{"id": "gen9randombattle-2631607530", "format": "[Gen 9] Random Battle", "players": ["Li_angle", "JayCroc"], "log": "|j|\u2606Li_angle\n|j|\u2606JayCroc\n|t:|1781408044\n|gametype|singles\n|player|p1|Li_angle|102|1934\n|player|p2|JayCroc|ivor|1932\n|gen|9\n|tier|[Gen 9] Random Battle\n|rated|\n|rule|Species Clause: Limit one of each Pok\u00e9mon\n|rule|HP Percentage Mod: HP is shown in percentages\n|rule|Sleep Clause Mod: Limit one foe put to sleep\n|rule|Illusion Level Mod: Illusion disguises the Pok\u00e9mon's true level\n|\n|t:|1781408044\n|teamsize|p1|6\n|teamsize|p2|6\n|start\n|switch|p1a: Vaporeon|Vaporeon, L86, M|364/364\n|switch|p2a: Araquanid|Araquanid, L82, F|246/246\n|turn|1\n|inactive|Battle timer is ON: inactive players will automatically lose when time's up. (requested by Li_angle)\n|\n|t:|1781408059\n|switch|p1a: Illumise|Illumise, L91, F|266/266\n|move|p2a: Araquanid|Sticky Web|p1a: Illumise\n|-sidestart|p1: Li_angle|move: Sticky Web\n|\n|upkeep\n|turn|2\n|inactive|JayCroc has 120 seconds left.\n|\n|t:|1781408099\n|switch|p2a: Piloswine|Piloswine, L85, F|309/309\n|move|p1a: Illumise|Encore||[still]\n|-fail|p1a: Illumise\n|\n|upkeep\n|turn|3\n|\n|t:|1781408107\n|move|p1a: Illumise|Bug Buzz|p2a: Piloswine\n|-damage|p2a: Piloswine|237/309\n|move|p2a: Piloswine|Roar|p1a: Illumise\n|drag|p1a: Jirachi|Jirachi, L80|291/291\n|-activate|p1a: Jirachi|move: Sticky Web\n|-unboost|p1a: Jirachi|spe|1\n|\n|upkeep\n|turn|4\n|inactive|JayCroc has 120 seconds left.\n|\n|t:|1781408116\n|move|p1a: Jirachi|Protect|p1a: Jirachi\n|-singleturn|p1a: Jirachi|Protect\n|move|p2a: Piloswine|Earthquake|p1a: Jirachi\n|-activate|p1a: Jirachi|move: Protect\n|\n|upkeep\n|turn|5\n|\n|t:|1781408123\n|switch|p1a: Illumise|Illumise, L91, F|266/266\n|move|p2a: Piloswine|Earthquake|p1a: Illumise\n|-resisted|p1a: Illumise\n|-damage|p1a: Illumise|212/266\n|\n|upkeep\n|turn|6\n|\n|t:|1781408136\n|move|p1a: Illumise|Bug Buzz|p2a: Piloswine\n|-damage|p2a: Piloswine|156/309\n|-unboost|p2a: Piloswine|spd|1\n|move|p2a: Piloswine|Icicle Crash|p1a: Illumise\n|-damage|p1a: Illumise|119/266\n|\n|upkeep\n|turn|7\n|\n|t:|1781408144\n|switch|p2a: Araquanid|Araquanid, L82, F|246/246\n|move|p1a: Illumise|Roost|p1a: Illumise\n|-heal|p1a: Illumise|252/266\n|-singleturn|p1a: Illumise|move: Roost\n|\n|upkeep\n|turn|8\n|\n|t:|1781408150\n|move|p1a: Illumise|Thunder Wave|p2a: Araquanid\n|-status|p2a: Araquanid|par\n|move|p2a: Araquanid|Leech Life|p1a: Illumise\n|-damage|p1a: Illumise|192/266\n|\n|upkeep\n|turn|9\n|\n|t:|1781408155\n|move|p1a: Illumise|Bug Buzz|p2a: Araquanid\n|-damage|p2a: Araquanid|179/246 par\n|move|p2a: Araquanid|Leech Life|p1a: Illumise\n|-damage|p1a: Illumise|132/266\n|-heal|p2a: Araquanid|209/246 par|[from] drain|[of] p1a: Illumise\n|\n|upkeep\n|turn|10\n|\n|t:|1781408162\n|move|p1a: Illumise|Roost|p1a: Illumise\n|-heal|p1a: Illumise|265/266\n|-singleturn|p1a: Illumise|move: Roost\n|move|p2a: Araquanid|Leech Life|p1a: Illumise\n|-damage|p1a: Illumise|204/266\n|-heal|p2a: Araquanid|240/246 par|[from] drain|[of] p1a: Illumise\n|\n|upkeep\n|turn|11\n|\n|t:|1781408169\n|move|p1a: Illumise|Bug Buzz|p2a: Araquanid\n|-damage|p2a: Araquanid|170/246 par\n|move|p2a: Araquanid|Leech Life|p1a: Illumise\n|-damage|p1a: Illumise|138/266\n|-heal|p2a: Araquanid|203/246 par|[from] drain|[of] p1a: Illumise\n|\n|upkeep\n|turn|12\n|\n|t:|1781408175\n|move|p1a: Illumise|Bug Buzz|p2a: Araquanid\n|-damage|p2a: Araquanid|136/246 par\n|move|p2a: Araquanid|Leech Life|p1a: Illumise\n|-damage|p1a: Illumise|78/266\n|-heal|p2a: Araquanid|166/246 par|[from] drain|[of] p1a: Illumise\n|\n|upkeep\n|turn|13\n|\n|t:|1781408182\n|move|p1a: Illumise|Roost|p1a: Illumise\n|-heal|p1a: Illumise|211/266\n|-singleturn|p1a: Illumise|move: Roost\n|move|p2a: Araquanid|Leech Life|p1a: Illumise\n|-damage|p1a: Illumise|147/266\n|-heal|p2a: Araquanid|198/246 par|[from] drain|[of] p1a: Illumise\n|\n|upkeep\n|turn|14\n|\n|t:|1781408189\n|move|p1a: Illumise|Bug Buzz|p2a: Araquanid\n|-damage|p2a: Araquanid|129/246 par\n|move|p2a: Araquanid|Liquidation|p1a: Illumise\n|-damage|p1a: Illumise|20/266\n|\n|upkeep\n|turn|15\n|\n|t:|1781408197\n|switch|p1a: Vaporeon|Vaporeon, L86, M|364/364\n|-activate|p1a: Vaporeon|move: Sticky Web\n|-unboost|p1a: Vaporeon|spe|1\n|move|p2a: Araquanid|Leech Life|p1a: Vaporeon\n|-damage|p1a: Vaporeon|285/364\n|-heal|p2a: Araquanid|169/246 par|[from] drain|[of] p1a: Vaporeon\n|\n|-heal|p1a: Vaporeon|307/364|[from] item: Leftovers\n|upkeep\n|turn|16\n|\n|t:|1781408206\n|switch|p2a: Cryogonal|Cryogonal, L89|287/287\n|move|p1a: Vaporeon|Wish|p1a: Vaporeon\n|\n|-heal|p1a: Vaporeon|329/364|[from] item: Leftovers\n|upkeep\n|turn|17\n|\n|t:|1781408212\n|switch|p1a: Jirachi|Jirachi, L80|291/291\n|-activate|p1a: Jirachi|move: Sticky Web\n|-unboost|p1a: Jirachi|spe|1\n|move|p2a: Cryogonal|Freeze-Dry|p1a: Jirachi\n|-resisted|p1a: Jirachi\n|-damage|p1a: Jirachi|255/291\n|\n|-heal|p1a: Jirachi|291/291|[from] move: Wish|[wisher] Vaporeon\n|upkeep\n|turn|18\n|\n|t:|1781408223\n|switch|p2a: Chandelure|Chandelure, L83, M|235/235\n|move|p1a: Jirachi|Body Slam|p2a: Chandelure\n|-immune|p2a: Chandelure\n|\n|upkeep\n|turn|19\n|\n|t:|1781408232\n|switch|p1a: Vaporeon|Vaporeon, L86, M|329/364\n|-activate|p1a: Vaporeon|move: Sticky Web\n|-unboost|p1a: Vaporeon|spe|1\n|move|p2a: Chandelure|Shadow Ball|p1a: Vaporeon\n|-damage|p1a: Vaporeon|217/364\n|\n|-heal|p1a: Vaporeon|239/364|[from] item: Leftovers\n|upkeep\n|turn|20\n|\n|t:|1781408241\n|switch|p2a: Cryogonal|Cryogonal, L89|287/287\n|move|p1a: Vaporeon|Protect||[still]\n|-fail|p1a: Vaporeon\n|\n|-heal|p1a: Vaporeon|261/364|[from] item: Leftovers\n|upkeep\n|turn|21\n|\n|t:|1781408248\n|move|p2a: Cryogonal|Freeze-Dry|p1a: Vaporeon\n|-supereffective|p1a: Vaporeon\n|-damage|p1a: Vaporeon|111/364\n|move|p1a: Vaporeon|Wish|p1a: Vaporeon\n|\n|-heal|p1a: Vaporeon|133/364|[from] item: Leftovers\n|upkeep\n|turn|22\n|\n|t:|1781408254\n|move|p1a: Vaporeon|Protect|p1a: Vaporeon\n|-singleturn|p1a: Vaporeon|Protect\n|move|p2a: Cryogonal|Freeze-Dry|p1a: Vaporeon\n|-activate|p1a: Vaporeon|move: Protect\n|\n|-heal|p1a: Vaporeon|315/364|[from] move: Wish|[wisher] Vaporeon\n|-heal|p1a: Vaporeon|337/364|[from] item: Leftovers\n|upkeep\n|turn|23\n|\n|t:|1781408262\n|move|p2a: Cryogonal|Freeze-Dry|p1a: Vaporeon\n|-supereffective|p1a: Vaporeon\n|-damage|p1a: Vaporeon|197/364\n|move|p1a: Vaporeon|Calm Mind|p1a: Vaporeon\n|-boost|p1a: Vaporeon|spa|1\n|-boost|p1a: Vaporeon|spd|1\n|\n|-heal|p1a: Vaporeon|219/364|[from] item: Leftovers\n|upkeep\n|turn|24\n|\n|t:|1781408271\n|move|p2a: Cryogonal|Freeze-Dry|p1a: Vaporeon\n|-supereffective|p1a: Vaporeon\n|-damage|p1a: Vaporeon|109/364\n|move|p1a: Vaporeon|Wish|p1a: Vaporeon\n|\n|-heal|p1a: Vaporeon|131/364|[from] item: Leftovers\n|upkeep\n|turn|25\n|\n|t:|1781408279\n|switch|p2a: Scream Tail|Scream Tail, L84|330/330\n|move|p1a: Vaporeon|Calm Mind|p1a: Vaporeon\n|-boost|p1a: Vaporeon|spa|1\n|-boost|p1a: Vaporeon|spd|1\n|\n|-heal|p1a: Vaporeon|313/364|[from] move: Wish|[wisher] Vaporeon\n|-heal|p1a: Vaporeon|335/364|[from] item: Leftovers\n|upkeep\n|turn|26\n|\n|t:|1781408291\n|-terastallize|p1a: Vaporeon|Ground\n|move|p2a: Scream Tail|Encore|p1a: Vaporeon\n|-start|p1a: Vaporeon|Encore\n|move|p1a: Vaporeon|Calm Mind|p1a: Vaporeon\n|-boost|p1a: Vaporeon|spa|1\n|-boost|p1a: Vaporeon|spd|1\n|\n|-heal|p1a: Vaporeon|357/364|[from] item: Leftovers\n|upkeep\n|turn|27\n|\n|t:|1781408299\n|-end|p2a: Scream Tail|Protosynthesis|[silent]\n|switch|p2a: Piloswine|Piloswine, L85, F|156/309\n|switch|p1a: Illumise|Illumise, L91, F|20/266\n|\n|upkeep\n|turn|28\n|\n|t:|1781408306\n|move|p1a: Illumise|Roost|p1a: Illumise\n|-heal|p1a: Illumise|153/266\n|-singleturn|p1a: Illumise|move: Roost\n|move|p2a: Piloswine|Icicle Crash|p1a: Illumise\n|-damage|p1a: Illumise|47/266\n|\n|upkeep\n|turn|29\n|\n|t:|1781408311\n|move|p1a: Illumise|Roost|p1a: Illumise\n|-heal|p1a: Illumise|180/266\n|-singleturn|p1a: Illumise|move: Roost\n|move|p2a: Piloswine|Icicle Crash|p1a: Illumise\n|-damage|p1a: Illumise|77/266\n|\n|upkeep\n|turn|30\n|\n|t:|1781408317\n|move|p1a: Illumise|Roost|p1a: Illumise\n|-heal|p1a: Illumise|210/266\n|-singleturn|p1a: Illumise|move: Roost\n|move|p2a: Piloswine|Icicle Crash|p1a: Illumise\n|-damage|p1a: Illumise|113/266\n|\n|upkeep\n|turn|31\n|\n|t:|1781408323\n|switch|p2a: Araquanid|Araquanid, L82, F|169/246 par\n|move|p1a: Illumise|Roost|p1a: Illumise\n|-heal|p1a: Illumise|246/266\n|-singleturn|p1a: Illumise|move: Roost\n|\n|upkeep\n|turn|32\n|\n|t:|1781408329\n|switch|p1a: Vaporeon|Vaporeon, L86, M, tera:Ground|357/364\n|-activate|p1a: Vaporeon|move: Sticky Web\n|-unboost|p1a: Vaporeon|spe|1\n|cant|p2a: Araquanid|par\n|\n|-heal|p1a: Vaporeon|364/364|[from] item: Leftovers\n|upkeep\n|turn|33\n|\n|t:|1781408337\n|switch|p2a: Scream Tail|Scream Tail, L84|330/330\n|move|p1a: Vaporeon|Scald|p2a: Scream Tail\n|-damage|p2a: Scream Tail|245/330\n|\n|-heal|p2a: Scream Tail|265/330|[from] item: Leftovers\n|upkeep\n|turn|34\n|\n|t:|1781408344\n|switch|p1a: Illumise|Illumise, L91, F|246/266\n|move|p2a: Scream Tail|Wish|p2a: Scream Tail\n|\n|-heal|p2a: Scream Tail|285/330|[from] item: Leftovers\n|upkeep\n|turn|35\n|\n|t:|1781408350\n|-end|p2a: Scream Tail|Protosynthesis|[silent]\n|switch|p2a: Piloswine|Piloswine, L85, F|156/309\n|move|p1a: Illumise|Encore||[still]\n|-fail|p1a: Illumise\n|\n|-heal|p2a: Piloswine|309/309|[from] move: Wish|[wisher] Scream Tail\n|upkeep\n|turn|36\n|\n|t:|1781408360\n|move|p1a: Illumise|Bug Buzz|p2a: Piloswine\n|-damage|p2a: Piloswine|237/309\n|move|p2a: Piloswine|Icicle Crash|p1a: Illumise\n|-damage|p1a: Illumise|152/266\n|\n|upkeep\n|turn|37\n|\n|t:|1781408366\n|switch|p2a: Araquanid|Araquanid, L82, F|169/246 par\n|move|p1a: Illumise|Bug Buzz|p2a: Araquanid\n|-damage|p2a: Araquanid|106/246 par\n|\n|upkeep\n|turn|38\n|\n|t:|1781408374\n|switch|p1a: Jirachi|Jirachi, L80|291/291\n|-activate|p1a: Jirachi|move: Sticky Web\n|-unboost|p1a: Jirachi|spe|1\n|move|p2a: Araquanid|Leech Life|p1a: Jirachi\n|-damage|p1a: Jirachi|234/291\n|-heal|p2a: Araquanid|135/246 par|[from] drain|[of] p1a: Jirachi\n|\n|-heal|p1a: Jirachi|252/291|[from] item: Leftovers\n|upkeep\n|turn|39\n|\n|t:|1781408383\n|switch|p2a: Chandelure|Chandelure, L83, M|235/235\n|move|p1a: Jirachi|Iron Head|p2a: Chandelure\n|-resisted|p2a: Chandelure\n|-damage|p2a: Chandelure|197/235\n|\n|-heal|p1a: Jirachi|270/291|[from] item: Leftovers\n|upkeep\n|turn|40\n|\n|t:|1781408394\n|move|p1a: Jirachi|Protect|p1a: Jirachi\n|-singleturn|p1a: Jirachi|Protect\n|move|p2a: Chandelure|Fire Blast|p1a: Jirachi\n|-activate|p1a: Jirachi|move: Protect\n|\n|-heal|p1a: Jirachi|288/291|[from] item: Leftovers\n|upkeep\n|turn|41\n|\n|t:|1781408401\n|switch|p1a: Basculegion|Basculegion-F, L83, F|335/335\n|-activate|p1a: Basculegion|move: Sticky Web\n|-unboost|p1a: Basculegion|spe|1\n|move|p2a: Chandelure|Fire Blast|p1a: Basculegion\n|-resisted|p1a: Basculegion\n|-damage|p1a: Basculegion|273/335\n|\n|upkeep\n|turn|42\n|\n|t:|1781408410\n|switch|p2a: Araquanid|Araquanid, L82, F|135/246 par\n|move|p1a: Basculegion|Wave Crash|p2a: Araquanid\n|-resisted|p2a: Araquanid\n|-damage|p2a: Araquanid|62/246 par\n|-damage|p1a: Basculegion|249/335|[from] Recoil\n|\n|upkeep\n|turn|43\n|\n|t:|1781408419\n|move|p1a: Basculegion|Wave Crash|p2a: Araquanid\n|-resisted|p2a: Araquanid\n|-damage|p2a: Araquanid|0 fnt\n|faint|p2a: Araquanid\n|-damage|p1a: Basculegion|229/335|[from] Recoil\n|\n|upkeep\n|\n|t:|1781408424\n|switch|p2a: Cryogonal|Cryogonal, L89|287/287\n|turn|44\n|\n|t:|1781408427\n|switch|p1a: Jirachi|Jirachi, L80|288/291\n|-activate|p1a: Jirachi|move: Sticky Web\n|-unboost|p1a: Jirachi|spe|1\n|move|p2a: Cryogonal|Freeze-Dry|p1a: Jirachi\n|-resisted|p1a: Jirachi\n|-damage|p1a: Jirachi|248/291\n|-status|p1a: Jirachi|frz\n|\n|-heal|p1a: Jirachi|266/291 frz|[from] item: Leftovers\n|upkeep\n|turn|45\n|\n|t:|1781408437\n|switch|p2a: Chandelure|Chandelure, L83, M|197/235\n|cant|p1a: Jirachi|frz\n|\n|-heal|p1a: Jirachi|284/291 frz|[from] item: Leftovers\n|upkeep\n|turn|46\n|\n|t:|1781408446\n|switch|p1a: Illumise|Illumise, L91, F|152/266\n|move|p2a: Chandelure|Shadow Ball|p1a: Illumise\n|-damage|p1a: Illumise|40/266\n|\n|upkeep\n|turn|47\n|\n|t:|1781408452\n|switch|p2a: Piloswine|Piloswine, L85, F|237/309\n|move|p1a: Illumise|Thunder Wave|p2a: Piloswine\n|-immune|p2a: Piloswine\n|\n|upkeep\n|turn|48\n|\n|t:|1781408459\n|move|p1a: Illumise|Bug Buzz|p2a: Piloswine\n|-damage|p2a: Piloswine|159/309\n|move|p2a: Piloswine|Icicle Crash|p1a: Illumise\n|-damage|p1a: Illumise|0 fnt\n|faint|p1a: Illumise\n|\n|upkeep\n|\n|t:|1781408461\n|switch|p1a: Basculegion|Basculegion-F, L83, F|229/335\n|-activate|p1a: Basculegion|move: Sticky Web\n|-unboost|p1a: Basculegion|spe|1\n|turn|49\n|\n|t:|1781408469\n|switch|p2a: Cryogonal|Cryogonal, L89|287/287\n|move|p1a: Basculegion|Wave Crash|p2a: Cryogonal\n|-damage|p2a: Cryogonal|63/287\n|-damage|p1a: Basculegion|155/335|[from] Recoil\n|\n|upkeep\n|turn|50\n|\n|t:|1781408476\n|switch|p1a: Jirachi|Jirachi, L80|284/291 frz\n|-activate|p1a: Jirachi|move: Sticky Web\n|-unboost|p1a: Jirachi|spe|1\n|move|p2a: Cryogonal|Recover|p2a: Cryogonal\n|-heal|p2a: Cryogonal|207/287\n|\n|-heal|p1a: Jirachi|291/291 frz|[from] item: Leftovers\n|upkeep\n|turn|51\n|\n|t:|1781408484\n|switch|p2a: Chandelure|Chandelure, L83, M|197/235\n|-curestatus|p1a: Jirachi|frz|[msg]\n|move|p1a: Jirachi|Body Slam|p2a: Chandelure\n|-immune|p2a: Chandelure\n|\n|upkeep\n|turn|52\n|\n|t:|1781408491\n|move|p1a: Jirachi|Protect|p1a: Jirachi\n|-singleturn|p1a: Jirachi|Protect\n|move|p2a: Chandelure|Shadow Ball|p1a: Jirachi\n|-activate|p1a: Jirachi|move: Protect\n|\n|upkeep\n|turn|53\n|\n|t:|1781408497\n|switch|p1a: Shiftry|Shiftry, L89, F|305/305\n|-activate|p1a: Shiftry|move: Sticky Web\n|-unboost|p1a: Shiftry|spe|1\n|move|p2a: Chandelure|Shadow Ball|p1a: Shiftry\n|-resisted|p1a: Shiftry\n|-damage|p1a: Shiftry|238/305\n|\n|upkeep\n|turn|54\n|\n|t:|1781408505\n|switch|p2a: Scream Tail|Scream Tail, L84|285/330\n|move|p1a: Shiftry|Knock Off|p2a: Scream Tail\n|-damage|p2a: Scream Tail|143/330\n|-enditem|p2a: Scream Tail|Leftovers|[from] move: Knock Off|[of] p1a: Shiftry\n|-damage|p1a: Shiftry|208/305|[from] item: Life Orb\n|\n|upkeep\n|turn|55\n|\n|t:|1781408515\n|switch|p1a: Jirachi|Jirachi, L80|291/291\n|-activate|p1a: Jirachi|move: Sticky Web\n|-unboost|p1a: Jirachi|spe|1\n|move|p2a: Scream Tail|Wish|p2a: Scream Tail\n|\n|upkeep\n|turn|56\n|\n|t:|1781408521\n|move|p2a: Scream Tail|Protect|p2a: Scream Tail\n|-singleturn|p2a: Scream Tail|Protect\n|move|p1a: Jirachi|Iron Head|p2a: Scream Tail\n|-activate|p2a: Scream Tail|move: Protect\n|\n|-heal|p2a: Scream Tail|308/330|[from] move: Wish|[wisher] Scream Tail\n|upkeep\n|turn|57\n|\n|t:|1781408529\n|-end|p2a: Scream Tail|Protosynthesis|[silent]\n|switch|p2a: Chandelure|Chandelure, L83, M|197/235\n|move|p1a: Jirachi|Body Slam|p2a: Chandelure\n|-immune|p2a: Chandelure\n|\n|upkeep\n|turn|58\n|\n|t:|1781408534\n|move|p1a: Jirachi|Protect|p1a: Jirachi\n|-singleturn|p1a: Jirachi|Protect\n|move|p2a: Chandelure|Fire Blast|p1a: Jirachi\n|-activate|p1a: Jirachi|move: Protect\n|\n|upkeep\n|turn|59\n|\n|t:|1781408543\n|switch|p1a: Vaporeon|Vaporeon, L86, M, tera:Ground|364/364\n|-activate|p1a: Vaporeon|move: Sticky Web\n|-unboost|p1a: Vaporeon|spe|1\n|move|p2a: Chandelure|Fire Blast|p1a: Vaporeon\n|-damage|p1a: Vaporeon|222/364\n|\n|-heal|p1a: Vaporeon|244/364|[from] item: Leftovers\n|upkeep\n|turn|60\n|\n|t:|1781408553\n|switch|p2a: Scream Tail|Scream Tail, L84|308/330\n|move|p1a: Vaporeon|Wish|p1a: Vaporeon\n|\n|-heal|p1a: Vaporeon|266/364|[from] item: Leftovers\n|upkeep\n|turn|61\n|\n|t:|1781408559\n|switch|p1a: Basculegion|Basculegion-F, L83, F|155/335\n|-activate|p1a: Basculegion|move: Sticky Web\n|-unboost|p1a: Basculegion|spe|1\n|move|p2a: Scream Tail|Wish|p2a: Scream Tail\n|\n|-heal|p1a: Basculegion|335/335|[from] move: Wish|[wisher] Vaporeon\n|upkeep\n|turn|62\n|\n|t:|1781408567\n|move|p2a: Scream Tail|Dazzling Gleam|p1a: Basculegion\n|-damage|p1a: Basculegion|289/335\n|move|p1a: Basculegion|Wave Crash|p2a: Scream Tail\n|-damage|p2a: Scream Tail|156/330\n|-damage|p1a: Basculegion|239/335|[from] Recoil\n|\n|-heal|p2a: Scream Tail|321/330|[from] move: Wish|[wisher] Scream Tail\n|upkeep\n|turn|63\n|\n|t:|1781408576\n|move|p2a: Scream Tail|Wish|p2a: Scream Tail\n|move|p1a: Basculegion|Hydro Pump|p2a: Scream Tail|[miss]\n|-miss|p1a: Basculegion|p2a: Scream Tail\n|\n|upkeep\n|turn|64\n|\n|t:|1781408580\n|switch|p1a: Vaporeon|Vaporeon, L86, M, tera:Ground|266/364\n|-activate|p1a: Vaporeon|move: Sticky Web\n|-unboost|p1a: Vaporeon|spe|1\n|move|p2a: Scream Tail|Dazzling Gleam|p1a: Vaporeon\n|-damage|p1a: Vaporeon|206/364\n|\n|-heal|p2a: Scream Tail|330/330|[from] move: Wish|[wisher] Scream Tail\n|-heal|p1a: Vaporeon|228/364|[from] item: Leftovers\n|upkeep\n|turn|65\n|\n|t:|1781408592\n|-end|p2a: Scream Tail|Protosynthesis|[silent]\n|switch|p2a: Hoopa|Hoopa, L85|275/275\n|move|p1a: Vaporeon|Wish|p1a: Vaporeon\n|\n|-heal|p1a: Vaporeon|250/364|[from] item: Leftovers\n|upkeep\n|turn|66\n|\n|t:|1781408600\n|move|p2a: Hoopa|Trick|p1a: Vaporeon\n|-activate|p2a: Hoopa|move: Trick|[of] p1a: Vaporeon\n|-item|p1a: Vaporeon|Choice Scarf|[from] move: Trick\n|-item|p2a: Hoopa|Leftovers|[from] move: Trick\n|move|p1a: Vaporeon|Calm Mind|p1a: Vaporeon\n|-boost|p1a: Vaporeon|spa|1\n|-boost|p1a: Vaporeon|spd|1\n|\n|-heal|p1a: Vaporeon|364/364|[from] move: Wish|[wisher] Vaporeon\n|upkeep\n|turn|67\n|\n|t:|1781408617\n|switch|p1a: Shiftry|Shiftry, L89, F|208/305\n|-activate|p1a: Shiftry|move: Sticky Web\n|-unboost|p1a: Shiftry|spe|1\n|move|p2a: Hoopa|Focus Blast|p1a: Shiftry|[miss]\n|-miss|p2a: Hoopa|p1a: Shiftry\n|\n|upkeep\n|turn|68\n|\n|t:|1781408624\n|switch|p2a: Scream Tail|Scream Tail, L84|330/330\n|move|p1a: Shiftry|Sucker Punch||[still]\n|-fail|p1a: Shiftry\n|\n|upkeep\n|turn|69\n|\n|t:|1781408634\n|switch|p1a: Vaporeon|Vaporeon, L86, M, tera:Ground|364/364\n|-activate|p1a: Vaporeon|move: Sticky Web\n|-unboost|p1a: Vaporeon|spe|1\n|move|p2a: Scream Tail|Wish|p2a: Scream Tail\n|\n|upkeep\n|turn|70\n|\n|t:|1781408646\n|-end|p2a: Scream Tail|Protosynthesis|[silent]\n|switch|p2a: Hoopa|Hoopa, L85|275/275\n|move|p1a: Vaporeon|Wish|p1a: Vaporeon\n|\n|upkeep\n|turn|71\n|\n|t:|1781408658\n|move|p2a: Hoopa|Shadow Ball|p1a: Vaporeon\n|-damage|p1a: Vaporeon|244/364\n|-unboost|p1a: Vaporeon|spd|1\n|move|p1a: Vaporeon|Wish||[still]\n|-fail|p1a: Vaporeon\n|\n|-heal|p1a: Vaporeon|364/364|[from] move: Wish|[wisher] Vaporeon\n|upkeep\n|turn|72\n|\n|t:|1781408667\n|switch|p1a: Shiftry|Shiftry, L89, F|208/305\n|-activate|p1a: Shiftry|move: Sticky Web\n|-unboost|p1a: Shiftry|spe|1\n|move|p2a: Hoopa|Shadow Ball|p1a: Shiftry\n|-resisted|p1a: Shiftry\n|-damage|p1a: Shiftry|129/305\n|\n|upkeep\n|turn|73\n|\n|t:|1781408677\n|switch|p2a: Scream Tail|Scream Tail, L84|330/330\n|move|p1a: Shiftry|Will-O-Wisp|p2a: Scream Tail\n|-status|p2a: Scream Tail|brn\n|\n|-damage|p2a: Scream Tail|310/330 brn|[from] brn\n|upkeep\n|turn|74\n|\n|t:|1781408687\n|-end|p2a: Scream Tail|Protosynthesis|[silent]\n|switch|p2a: Chandelure|Chandelure, L83, M|197/235\n|switch|p1a: Vaporeon|Vaporeon, L86, M, tera:Ground|364/364\n|-activate|p1a: Vaporeon|move: Sticky Web\n|-unboost|p1a: Vaporeon|spe|1\n|\n|upkeep\n|turn|75\n|\n|t:|1781408699\n|switch|p2a: Scream Tail|Scream Tail, L84|310/330 brn\n|move|p1a: Vaporeon|Wish|p1a: Vaporeon\n|\n|-damage|p2a: Scream Tail|290/330 brn|[from] brn\n|upkeep\n|turn|76\n|\n|t:|1781408705\n|switch|p1a: Basculegion|Basculegion-F, L83, F|239/335\n|-activate|p1a: Basculegion|move: Sticky Web\n|-unboost|p1a: Basculegion|spe|1\n|move|p2a: Scream Tail|Dazzling Gleam|p1a: Basculegion\n|-damage|p1a: Basculegion|187/335\n|\n|-heal|p1a: Basculegion|335/335|[from] move: Wish|[wisher] Vaporeon\n|-damage|p2a: Scream Tail|270/330 brn|[from] brn\n|upkeep\n|turn|77\n|\n|t:|1781408715\n|move|p2a: Scream Tail|Wish|p2a: Scream Tail\n|move|p1a: Basculegion|Wave Crash|p2a: Scream Tail\n|-damage|p2a: Scream Tail|118/330 brn\n|-damage|p1a: Basculegion|285/335|[from] Recoil\n|\n|-damage|p2a: Scream Tail|98/330 brn|[from] brn\n|upkeep\n|turn|78\n|\n|t:|1781408723\n|move|p2a: Scream Tail|Protect|p2a: Scream Tail\n|-singleturn|p2a: Scream Tail|Protect\n|move|p1a: Basculegion|Hydro Pump|p2a: Scream Tail\n|-activate|p2a: Scream Tail|move: Protect\n|\n|-heal|p2a: Scream Tail|263/330 brn|[from] move: Wish|[wisher] Scream Tail\n|-damage|p2a: Scream Tail|243/330 brn|[from] brn\n|upkeep\n|turn|79\n|\n|t:|1781408732\n|move|p2a: Scream Tail|Wish|p2a: Scream Tail\n|move|p1a: Basculegion|Hydro Pump|p2a: Scream Tail\n|-damage|p2a: Scream Tail|103/330 brn\n|\n|-damage|p2a: Scream Tail|83/330 brn|[from] brn\n|upkeep\n|turn|80\n|\n|t:|1781408740\n|move|p2a: Scream Tail|Protect|p2a: Scream Tail\n|-singleturn|p2a: Scream Tail|Protect\n|move|p1a: Basculegion|Shadow Ball|p2a: Scream Tail\n|-activate|p2a: Scream Tail|move: Protect\n|\n|-heal|p2a: Scream Tail|248/330 brn|[from] move: Wish|[wisher] Scream Tail\n|-damage|p2a: Scream Tail|228/330 brn|[from] brn\n|upkeep\n|turn|81\n|\n|t:|1781408749\n|-end|p2a: Scream Tail|Protosynthesis|[silent]\n|switch|p2a: Cryogonal|Cryogonal, L89|207/287\n|move|p1a: Basculegion|Shadow Ball|p2a: Cryogonal\n|-damage|p2a: Cryogonal|135/287\n|-unboost|p2a: Cryogonal|spd|1\n|\n|upkeep\n|turn|82\n|\n|t:|1781408756\n|switch|p1a: Jirachi|Jirachi, L80|291/291\n|-activate|p1a: Jirachi|move: Sticky Web\n|-unboost|p1a: Jirachi|spe|1\n|move|p2a: Cryogonal|Recover|p2a: Cryogonal\n|-heal|p2a: Cryogonal|279/287\n|\n|upkeep\n|turn|83\n|\n|t:|1781408763\n|switch|p2a: Hoopa|Hoopa, L85|275/275\n|move|p1a: Jirachi|Iron Head|p2a: Hoopa\n|-damage|p2a: Hoopa|173/275\n|\n|-heal|p2a: Hoopa|190/275|[from] item: Leftovers\n|upkeep\n|turn|84\n|\n|t:|1781408771\n|move|p1a: Jirachi|Protect|p1a: Jirachi\n|-singleturn|p1a: Jirachi|Protect\n|move|p2a: Hoopa|Shadow Ball|p1a: Jirachi\n|-activate|p1a: Jirachi|move: Protect\n|\n|-heal|p2a: Hoopa|207/275|[from] item: Leftovers\n|upkeep\n|turn|85\n|\n|t:|1781408777\n|move|p2a: Hoopa|Shadow Ball|p1a: Jirachi\n|-supereffective|p1a: Jirachi\n|-damage|p1a: Jirachi|51/291\n|move|p1a: Jirachi|Iron Head|p2a: Hoopa\n|-damage|p2a: Hoopa|108/275\n|\n|-heal|p2a: Hoopa|125/275|[from] item: Leftovers\n|-heal|p1a: Jirachi|69/291|[from] item: Leftovers\n|upkeep\n|turn|86\n|\n|t:|1781408785\n|move|p1a: Jirachi|Protect|p1a: Jirachi\n|-singleturn|p1a: Jirachi|Protect\n|move|p2a: Hoopa|Shadow Ball|p1a: Jirachi\n|-activate|p1a: Jirachi|move: Protect\n|\n|-heal|p2a: Hoopa|142/275|[from] item: Leftovers\n|-heal|p1a: Jirachi|87/291|[from] item: Leftovers\n|upkeep\n|turn|87\n|\n|t:|1781408792\n|switch|p1a: Vaporeon|Vaporeon, L86, M, tera:Ground|364/364\n|-activate|p1a: Vaporeon|move: Sticky Web\n|-unboost|p1a: Vaporeon|spe|1\n|move|p2a: Hoopa|Shadow Ball|p1a: Vaporeon\n|-crit|p1a: Vaporeon\n|-damage|p1a: Vaporeon|175/364\n|\n|-heal|p2a: Hoopa|159/275|[from] item: Leftovers\n|upkeep\n|turn|88\n|\n|t:|1781408801\n|move|p2a: Hoopa|Shadow Ball|p1a: Vaporeon\n|-damage|p1a: Vaporeon|63/364\n|move|p1a: Vaporeon|Wish|p1a: Vaporeon\n|\n|-heal|p2a: Hoopa|176/275|[from] item: Leftovers\n|upkeep\n|turn|89\n|\n|t:|1781408815\n|switch|p1a: Shiftry|Shiftry, L89, F|129/305\n|-activate|p1a: Shiftry|move: Sticky Web\n|-unboost|p1a: Shiftry|spe|1\n|move|p2a: Hoopa|Focus Blast|p1a: Shiftry|[miss]\n|-miss|p2a: Hoopa|p1a: Shiftry\n|\n|-heal|p1a: Shiftry|305/305|[from] move: Wish|[wisher] Vaporeon\n|-heal|p2a: Hoopa|193/275|[from] item: Leftovers\n|upkeep\n|turn|90\n|c|\u2606JayCroc|omfg\n|\n|t:|1781408826\n|switch|p2a: Scream Tail|Scream Tail, L84|228/330 brn\n|move|p1a: Shiftry|Knock Off|p2a: Scream Tail\n|-damage|p2a: Scream Tail|131/330 brn\n|-damage|p1a: Shiftry|275/305|[from] item: Life Orb\n|\n|-damage|p2a: Scream Tail|111/330 brn|[from] brn\n|upkeep\n|turn|91\n|\n|t:|1781408834\n|move|p2a: Scream Tail|Wish|p2a: Scream Tail\n|move|p1a: Shiftry|Leaf Storm|p2a: Scream Tail\n|-damage|p2a: Scream Tail|0 fnt\n|-unboost|p1a: Shiftry|spa|2\n|faint|p2a: Scream Tail\n|-end|p2a: Scream Tail|Protosynthesis|[silent]\n|-damage|p1a: Shiftry|245/305|[from] item: Life Orb\n|\n|upkeep\n|\n|t:|1781408841\n|switch|p2a: Chandelure|Chandelure, L83, M|197/235\n|turn|92\n|\n|t:|1781408845\n|-terastallize|p2a: Chandelure|Grass\n|move|p1a: Shiftry|Sucker Punch|p2a: Chandelure\n|-damage|p2a: Chandelure|84/235\n|-damage|p1a: Shiftry|215/305|[from] item: Life Orb\n|move|p2a: Chandelure|Fire Blast|p1a: Shiftry\n|-supereffective|p1a: Shiftry\n|-damage|p1a: Shiftry|0 fnt\n|faint|p1a: Shiftry\n|\n|-heal|p2a: Chandelure|235/235|[from] move: Wish|[wisher] Scream Tail\n|upkeep\n|\n|t:|1781408873\n|switch|p1a: Thundurus|Thundurus-Therian, L80, M|258/258\n|turn|93\n|\n|t:|1781408877\n|switch|p2a: Cryogonal|Cryogonal, L89|279/287\n|move|p1a: Thundurus|Sludge Wave|p2a: Cryogonal\n|-damage|p2a: Cryogonal|196/287\n|\n|upkeep\n|turn|94\n|\n|t:|1781408884\n|switch|p1a: Jirachi|Jirachi, L80|87/291\n|-activate|p1a: Jirachi|move: Sticky Web\n|-unboost|p1a: Jirachi|spe|1\n|move|p2a: Cryogonal|Freeze-Dry|p1a: Jirachi\n|-resisted|p1a: Jirachi\n|-damage|p1a: Jirachi|51/291\n|\n|-heal|p1a: Jirachi|69/291|[from] item: Leftovers\n|upkeep\n|turn|95\n|\n|t:|1781408893\n|switch|p2a: Hoopa|Hoopa, L85|193/275\n|move|p1a: Jirachi|Wish|p1a: Jirachi\n|\n|-heal|p2a: Hoopa|210/275|[from] item: Leftovers\n|-heal|p1a: Jirachi|87/291|[from] item: Leftovers\n|upkeep\n|turn|96\n|\n|t:|1781408899\n|move|p1a: Jirachi|Protect|p1a: Jirachi\n|-singleturn|p1a: Jirachi|Protect\n|move|p2a: Hoopa|Shadow Ball|p1a: Jirachi\n|-activate|p1a: Jirachi|move: Protect\n|\n|-heal|p1a: Jirachi|232/291|[from] move: Wish|[wisher] Jirachi\n|-heal|p2a: Hoopa|227/275|[from] item: Leftovers\n|-heal|p1a: Jirachi|250/291|[from] item: Leftovers\n|upkeep\n|turn|97\n|\n|t:|1781408907\n|switch|p1a: Vaporeon|Vaporeon, L86, M, tera:Ground|63/364\n|-activate|p1a: Vaporeon|move: Sticky Web\n|-unboost|p1a: Vaporeon|spe|1\n|move|p2a: Hoopa|Shadow Ball|p1a: Vaporeon\n|-damage|p1a: Vaporeon|0 fnt\n|faint|p1a: Vaporeon\n|\n|-heal|p2a: Hoopa|244/275|[from] item: Leftovers\n|upkeep\n|\n|t:|1781408912\n|switch|p1a: Thundurus|Thundurus-Therian, L80, M|258/258\n|turn|98\n|\n|t:|1781408927\n|move|p1a: Thundurus|Thunderbolt|p2a: Hoopa\n|-damage|p2a: Hoopa|103/275\n|move|p2a: Hoopa|Shadow Ball|p1a: Thundurus\n|-damage|p1a: Thundurus|126/258\n|-unboost|p1a: Thundurus|spd|1\n|\n|-heal|p2a: Hoopa|120/275|[from] item: Leftovers\n|upkeep\n|turn|99\n|\n|t:|1781408936\n|switch|p1a: Basculegion|Basculegion-F, L83, F|285/335\n|-activate|p1a: Basculegion|move: Sticky Web\n|-unboost|p1a: Basculegion|spe|1\n|switch|p2a: Cryogonal|Cryogonal, L89|196/287\n|\n|upkeep\n|turn|100\n|\n|t:|1781408946\n|switch|p1a: Jirachi|Jirachi, L80|250/291\n|-activate|p1a: Jirachi|move: Sticky Web\n|-unboost|p1a: Jirachi|spe|1\n|move|p2a: Cryogonal|Recover|p2a: Cryogonal\n|-heal|p2a: Cryogonal|287/287\n|\n|-heal|p1a: Jirachi|268/291|[from] item: Leftovers\n|upkeep\n|turn|101\n|\n|t:|1781408954\n|switch|p2a: Hoopa|Hoopa, L85|120/275\n|move|p1a: Jirachi|Wish|p1a: Jirachi\n|\n|-heal|p2a: Hoopa|137/275|[from] item: Leftovers\n|-heal|p1a: Jirachi|286/291|[from] item: Leftovers\n|upkeep\n|turn|102\n|\n|t:|1781408959\n|move|p2a: Hoopa|Shadow Ball|p1a: Jirachi\n|-supereffective|p1a: Jirachi\n|-damage|p1a: Jirachi|52/291\n|move|p1a: Jirachi|Iron Head|p2a: Hoopa\n|-damage|p2a: Hoopa|28/275\n|\n|-heal|p1a: Jirachi|197/291|[from] move: Wish|[wisher] Jirachi\n|-heal|p2a: Hoopa|45/275|[from] item: Leftovers\n|-heal|p1a: Jirachi|215/291|[from] item: Leftovers\n|upkeep\n|turn|103\n|\n|t:|1781408969\n|move|p1a: Jirachi|Protect|p1a: Jirachi\n|-singleturn|p1a: Jirachi|Protect\n|move|p2a: Hoopa|Shadow Ball|p1a: Jirachi\n|-activate|p1a: Jirachi|move: Protect\n|\n|-heal|p2a: Hoopa|62/275|[from] item: Leftovers\n|-heal|p1a: Jirachi|233/291|[from] item: Leftovers\n|upkeep\n|turn|104\n|\n|t:|1781408979\n|switch|p1a: Thundurus|Thundurus-Therian, L80, M|126/258\n|move|p2a: Hoopa|Shadow Ball|p1a: Thundurus\n|-damage|p1a: Thundurus|0 fnt\n|faint|p1a: Thundurus\n|\n|-heal|p2a: Hoopa|79/275|[from] item: Leftovers\n|upkeep\n|\n|t:|1781408981\n|switch|p1a: Jirachi|Jirachi, L80|233/291\n|-activate|p1a: Jirachi|move: Sticky Web\n|-unboost|p1a: Jirachi|spe|1\n|turn|105\n|\n|t:|1781408989\n|move|p1a: Jirachi|Protect|p1a: Jirachi\n|-singleturn|p1a: Jirachi|Protect\n|move|p2a: Hoopa|Shadow Ball|p1a: Jirachi\n|-activate|p1a: Jirachi|move: Protect\n|\n|-heal|p2a: Hoopa|96/275|[from] item: Leftovers\n|-heal|p1a: Jirachi|251/291|[from] item: Leftovers\n|upkeep\n|turn|106\n|\n|t:|1781408996\n|move|p2a: Hoopa|Shadow Ball|p1a: Jirachi\n|-supereffective|p1a: Jirachi\n|-damage|p1a: Jirachi|0 fnt\n|faint|p1a: Jirachi\n|\n|-heal|p2a: Hoopa|113/275|[from] item: Leftovers\n|upkeep\n|-message|Li_angle forfeited.\n|\n|win|JayCroc\n", "inputlog": ">version a8376a258c1d4662feba110a92103f3664a72141\n>start {\"formatid\":\"gen9randombattle\",\"seed\":\"sodium,59775ff4af51b3055d2773811ddab633\",\"rated\":\"Rated battle\"}\n>player p1 {\"name\":\"Li_angle\",\"avatar\":\"102\",\"rating\":1934,\"seed\":\"sodium,9656b576b2f35fd98e5835cb4adb70ec\"}\n>player p2 {\"name\":\"JayCroc\",\"avatar\":\"ivor\",\"rating\":1932,\"seed\":\"sodium,ed6d413233d581b93c9f6f34169b940f\"}\n>p1 switch 4\n>p2 move stickyweb\n>p1 move encore\n>p2 switch 4\n>p1 move bugbuzz\n>p2 move roar\n>p1 move protect\n>p2 move earthquake\n>p1 switch 6\n>p2 move earthquake\n>p1 move bugbuzz\n>p2 move iciclecrash\n>p1 move roost\n>p2 switch 4\n>p1 move thunderwave\n>p2 move leechlife\n>p1 move bugbuzz\n>p2 move leechlife\n>p1 move roost\n>p2 move leechlife\n>p1 move bugbuzz\n>p2 move leechlife\n>p1 move bugbuzz\n>p2 move leechlife\n>p1 move roost\n>p2 move leechlife\n>p1 move bugbuzz\n>p2 move liquidation\n>p1 switch 4\n>p2 move leechlife\n>p1 move wish\n>p2 switch 3\n>p1 switch 6\n>p2 move freezedry\n>p1 move bodyslam\n>p2 switch 5\n>p1 switch 6\n>p2 move shadowball\n>p1 move protect\n>p2 switch 5\n>p1 move wish\n>p2 move freezedry\n>p1 move protect\n>p2 move freezedry\n>p1 move calmmind\n>p2 move freezedry\n>p1 move wish\n>p2 move freezedry\n>p1 move calmmind\n>p2 switch 2\n>p1 move scald terastallize\n>p2 move encore\n>p1 switch 4\n>p2 switch 4\n>p1 move roost\n>p2 move iciclecrash\n>p1 move roost\n>p2 move iciclecrash\n>p1 move roost\n>p2 move iciclecrash\n>p1 move roost\n>p2 switch 3\n>p1 switch 4\n>p2 move leechlife\n>p1 move scald\n>p2 switch 4\n>p1 switch 4\n>p2 move wish\n>p1 move encore\n>p2 switch 3\n>p1 move bugbuzz\n>p2 move iciclecrash\n>p1 move bugbuzz\n>p2 switch 4\n>p1 switch 6\n>p2 move leechlife\n>p1 move ironhead\n>p2 switch 5\n>p1 move protect\n>p2 move fireblast\n>p1 switch 2\n>p2 move fireblast\n>p1 move wavecrash\n>p2 switch 5\n>p1 move wavecrash\n>p2 move stickyweb\n>p2 switch 2\n>p1 switch 2\n>p2 move freezedry\n>p1 move protect\n>p2 switch 5\n>p1 switch 6\n>p2 move shadowball\n>p1 move thunderwave\n>p2 switch 4\n>p1 move bugbuzz\n>p2 move iciclecrash\n>p1 switch 2\n>p1 move wavecrash\n>p2 switch 5\n>p1 switch 6\n>p2 move recover\n>p1 move bodyslam\n>p2 switch 4\n>p1 move protect\n>p2 move shadowball\n>p1 switch 3\n>p2 move shadowball\n>p1 move knockoff\n>p2 switch 3\n>p1 switch 3\n>p2 move wish\n>p1 move ironhead\n>p2 move protect\n>p1 move bodyslam\n>p2 switch 3\n>p1 move protect\n>p2 move fireblast\n>p1 switch 4\n>p2 move fireblast\n>p1 move wish\n>p2 switch 3\n>p1 switch 6\n>p2 move wish\n>p1 move wavecrash\n>p2 move dazzlinggleam\n>p1 move hydropump\n>p2 move wish\n>p1 switch 6\n>p2 move dazzlinggleam\n>p1 move wish\n>p2 switch 6\n>p1 move calmmind\n>p2 move trick\n>p1 switch 3\n>p2 move focusblast\n>p1 move suckerpunch\n>p2 switch 6\n>p1 switch 3\n>p2 move wish\n>p1 move wish\n>p2 switch 6\n>p1 move wish\n>p2 move shadowball\n>p1 switch 3\n>p2 move shadowball\n>p1 move willowisp\n>p2 switch 6\n>p1 switch 3\n>p2 switch 3\n>p1 move wish\n>p2 switch 3\n>p1 switch 6\n>p2 move dazzlinggleam\n>p1 move wavecrash\n>p2 move wish\n>p1 move hydropump\n>p2 move protect\n>p1 move hydropump\n>p2 move wish\n>p1 move shadowball\n>p2 move protect\n>p1 move shadowball\n>p2 switch 4\n>p1 switch 4\n>p2 move recover\n>p1 move ironhead\n>p2 switch 6\n>p1 move protect\n>p2 move shadowball\n>p1 move ironhead\n>p2 move shadowball\n>p1 move protect\n>p2 move shadowball\n>p1 switch 6\n>p2 move shadowball\n>p1 move wish\n>p2 move shadowball\n>p1 switch 3\n>p2 move focusblast\n>chat \u2606JayCroc|omfg\n>p1 move knockoff\n>p2 switch 4\n>p1 move leafstorm\n>p2 move wish\n>p2 switch 3\n>p1 move suckerpunch\n>p2 move fireblast terastallize\n>p1 switch 5\n>p1 move sludgewave\n>p2 switch 6\n>p1 switch 6\n>p2 move freezedry\n>p1 move wish\n>p2 switch 4\n>p1 move protect\n>p2 move shadowball\n>p1 switch 3\n>p2 move shadowball\n>p1 switch 6\n>p1 move thunderbolt\n>p2 move shadowball\n>p1 switch 4\n>p2 switch 4\n>p1 switch 3\n>p2 move recover\n>p1 move wish\n>p2 switch 4\n>p1 move ironhead\n>p2 move shadowball\n>p1 move protect\n>p2 move shadowball\n>p1 switch 4\n>p2 move shadowball\n>p1 switch 4\n>p1 move protect\n>p2 move shadowball\n>p1 move ironhead\n>p2 move shadowball\n>forcelose p1", "uploadtime": 1781408045, "views": 5, "formatid": "gen9randombattle", "rating": null, "private": 0, "password": null}