{"id": "gen9randombattle-2631533192", "format": "[Gen 9] Random Battle", "players": ["lalo's pollos", "WhadayatalkinAbout"], "log": "|j|\u2606lalo's pollos\n|j|\u2606WhadayatalkinAbout\n|t:|1781397641\n|gametype|singles\n|player|p1|lalo's pollos|266|1897\n|player|p2|WhadayatalkinAbout|2|1921\n|gen|9\n|tier|[Gen 9] Random Battle\n|rated|\n|rule|Species Clause: Limit one of each Pok\u00e9mon\n|rule|HP Percentage Mod: HP is shown in percentages\n|rule|Sleep Clause Mod: Limit one foe put to sleep\n|rule|Illusion Level Mod: Illusion disguises the Pok\u00e9mon's true level\n|\n|t:|1781397641\n|teamsize|p1|6\n|teamsize|p2|6\n|start\n|switch|p1a: Mienshao|Mienshao, L83, F|243/243\n|switch|p2a: Copperajah|Copperajah, L86, F|350/350\n|turn|1\n|\n|t:|1781397657\n|-terastallize|p2a: Copperajah|Fairy\n|move|p1a: Mienshao|Knock Off|p2a: Copperajah\n|-resisted|p2a: Copperajah\n|-damage|p2a: Copperajah|278/350\n|-enditem|p2a: Copperajah|Life Orb|[from] move: Knock Off|[of] p1a: Mienshao\n|move|p2a: Copperajah|Stealth Rock|p1a: Mienshao\n|-sidestart|p1: lalo's pollos|move: Stealth Rock\n|\n|upkeep\n|turn|2\n|inactive|Battle timer is ON: inactive players will automatically lose when time's up. (requested by WhadayatalkinAbout)\n|\n|t:|1781397668\n|switch|p1a: Araquanid|Araquanid, L82, M|246/246\n|move|p2a: Copperajah|Play Rough|p1a: Araquanid\n|-damage|p1a: Araquanid|81/246\n|\n|upkeep\n|turn|3\n|\n|t:|1781397682\n|move|p1a: Araquanid|Sticky Web|p2a: Copperajah\n|-sidestart|p2: WhadayatalkinAbout|move: Sticky Web\n|move|p2a: Copperajah|Play Rough|p1a: Araquanid\n|-damage|p1a: Araquanid|0 fnt\n|faint|p1a: Araquanid\n|\n|upkeep\n|\n|t:|1781397691\n|switch|p1a: Fezandipiti|Fezandipiti, L82, M|278/278\n|-damage|p1a: Fezandipiti|244/278|[from] Stealth Rock\n|turn|4\n|\n|t:|1781397700\n|switch|p2a: Magearna|Magearna, L77|250/250\n|-activate|p2a: Magearna|move: Sticky Web\n|-unboost|p2a: Magearna|spe|1\n|move|p1a: Fezandipiti|Gunk Shot|p2a: Magearna\n|-immune|p2a: Magearna\n|\n|-heal|p1a: Fezandipiti|261/278|[from] item: Leftovers\n|upkeep\n|turn|5\n|\n|t:|1781397721\n|switch|p1a: Espathra|Espathra, L80, F|283/283\n|-damage|p1a: Espathra|248/283|[from] Stealth Rock\n|move|p2a: Magearna|Thunder Wave|p1a: Espathra\n|-status|p1a: Espathra|par\n|\n|upkeep\n|turn|6\n|\n|t:|1781397729\n|cant|p1a: Espathra|par\n|move|p2a: Magearna|Flash Cannon|p1a: Espathra\n|-damage|p1a: Espathra|113/283 par\n|\n|-ability|p1a: Espathra|Speed Boost|boost\n|-boost|p1a: Espathra|spe|1\n|upkeep\n|turn|7\n|\n|t:|1781397734\n|cant|p1a: Espathra|par\n|move|p2a: Magearna|Flash Cannon|p1a: Espathra\n|-damage|p1a: Espathra|0 fnt\n|faint|p1a: Espathra\n|-ability|p2a: Magearna|Soul-Heart|boost\n|-boost|p2a: Magearna|spa|1\n|\n|upkeep\n|\n|t:|1781397740\n|switch|p1a: Mienshao|Mienshao, L83, F|243/243\n|-damage|p1a: Mienshao|228/243|[from] Stealth Rock\n|turn|8\n|c|\u2606WhadayatalkinAbout|sorry\n|\n|t:|1781397745\n|-terastallize|p1a: Mienshao|Fighting\n|move|p1a: Mienshao|High Jump Kick|p2a: Magearna\n|-damage|p2a: Magearna|0 fnt\n|faint|p2a: Magearna\n|\n|upkeep\n|\n|t:|1781397751\n|switch|p2a: Copperajah|Copperajah, L86, F, tera:Fairy|278/350\n|-activate|p2a: Copperajah|move: Sticky Web\n|-unboost|p2a: Copperajah|spe|1\n|turn|9\n|\n|t:|1781397758\n|switch|p1a: Fezandipiti|Fezandipiti, L82, M|261/278\n|-damage|p1a: Fezandipiti|227/278|[from] Stealth Rock\n|move|p2a: Copperajah|Play Rough|p1a: Fezandipiti\n|-resisted|p1a: Fezandipiti\n|-damage|p1a: Fezandipiti|133/278\n|\n|-heal|p1a: Fezandipiti|150/278|[from] item: Leftovers\n|upkeep\n|turn|10\n|\n|t:|1781397764\n|switch|p2a: Glimmora|Glimmora, L75, F|248/248\n|-item|p2a: Glimmora|Air Balloon\n|move|p1a: Fezandipiti|Gunk Shot|p2a: Glimmora\n|-resisted|p2a: Glimmora\n|-damage|p2a: Glimmora|215/248\n|-activate|p2a: Glimmora|ability: Toxic Debris\n|-sidestart|p1: lalo's pollos|move: Toxic Spikes\n|-enditem|p2a: Glimmora|Air Balloon\n|\n|-heal|p1a: Fezandipiti|167/278|[from] item: Leftovers\n|upkeep\n|turn|11\n|\n|t:|1781397777\n|switch|p1a: Stonjourner|Stonjourner, L91, F|330/330\n|-damage|p1a: Stonjourner|289/330|[from] Stealth Rock\n|-status|p1a: Stonjourner|psn\n|move|p2a: Glimmora|Earth Power|p1a: Stonjourner\n|-supereffective|p1a: Stonjourner\n|-damage|p1a: Stonjourner|0 fnt\n|faint|p1a: Stonjourner\n|\n|upkeep\n|\n|t:|1781397779\n|switch|p1a: Fezandipiti|Fezandipiti, L82, M|167/278\n|-damage|p1a: Fezandipiti|133/278|[from] Stealth Rock\n|-sideend|p1: lalo's pollos|move: Toxic Spikes|[of] p1a: Fezandipiti\n|turn|12\n|\n|t:|1781397789\n|switch|p1a: Mienshao|Mienshao, L83, F, tera:Fighting|228/243\n|-damage|p1a: Mienshao|213/243|[from] Stealth Rock\n|move|p2a: Glimmora|Earth Power|p1a: Mienshao\n|-damage|p1a: Mienshao|127/243\n|\n|upkeep\n|turn|13\n|\n|t:|1781397802\n|move|p1a: Mienshao|High Jump Kick|p2a: Glimmora\n|-damage|p2a: Glimmora|0 fnt\n|-activate|p2a: Glimmora|ability: Toxic Debris\n|-sidestart|p1: lalo's pollos|move: Toxic Spikes\n|faint|p2a: Glimmora\n|\n|upkeep\n|\n|t:|1781397810\n|switch|p2a: Copperajah|Copperajah, L86, F, tera:Fairy|278/350\n|-activate|p2a: Copperajah|move: Sticky Web\n|-unboost|p2a: Copperajah|spe|1\n|turn|14\n|\n|t:|1781397817\n|switch|p1a: Fezandipiti|Fezandipiti, L82, M|133/278\n|-damage|p1a: Fezandipiti|99/278|[from] Stealth Rock\n|-sideend|p1: lalo's pollos|move: Toxic Spikes|[of] p1a: Fezandipiti\n|move|p2a: Copperajah|Iron Head|p1a: Fezandipiti\n|-supereffective|p1a: Fezandipiti\n|-damage|p1a: Fezandipiti|0 fnt\n|faint|p1a: Fezandipiti\n|\n|upkeep\n|\n|t:|1781397823\n|switch|p1a: Regirock|Regirock, L83|268/268\n|-damage|p1a: Regirock|235/268|[from] Stealth Rock\n|turn|15\n|\n|t:|1781397833\n|switch|p2a: Koraidon|Koraidon, L64|235/235\n|-activate|p2a: Koraidon|move: Sticky Web\n|-unboost|p2a: Koraidon|spe|1\n|-weather|SunnyDay|[from] ability: Orichalcum Pulse|[of] p2a: Koraidon\n|-activate|p2a: Koraidon|Orichalcum Pulse|[source]\n|move|p1a: Regirock|Curse|p1a: Regirock\n|-unboost|p1a: Regirock|spe|1\n|-boost|p1a: Regirock|atk|1\n|-boost|p1a: Regirock|def|1\n|\n|-weather|SunnyDay|[upkeep]\n|upkeep\n|turn|16\n|\n|t:|1781397839\n|move|p2a: Koraidon|Close Combat|p1a: Regirock\n|-supereffective|p1a: Regirock\n|-crit|p1a: Regirock\n|-damage|p1a: Regirock|0 fnt\n|-unboost|p2a: Koraidon|def|1\n|-unboost|p2a: Koraidon|spd|1\n|faint|p1a: Regirock\n|\n|-weather|SunnyDay|[upkeep]\n|upkeep\n|\n|t:|1781397842\n|switch|p1a: Mienshao|Mienshao, L83, F, tera:Fighting|127/243\n|-damage|p1a: Mienshao|112/243|[from] Stealth Rock\n|turn|17\n|c|\u2606WhadayatalkinAbout|sorry\n|\n|t:|1781397847\n|move|p1a: Mienshao|High Jump Kick|p2a: Koraidon|[miss]\n|-miss|p1a: Mienshao|p2a: Koraidon\n|-damage|p1a: Mienshao|0 fnt|[from] highjumpkick\n|faint|p1a: Mienshao\n|\n|win|WhadayatalkinAbout\n|raw|lalo&apos;s pollos's rating: 1897 &rarr; <strong>1878</strong><br />(-19 for losing)\n|raw|WhadayatalkinAbout's rating: 1921 &rarr; <strong>1940</strong><br />(+19 for winning)\n|c|\u2606WhadayatalkinAbout|sorry\n|c|\u2606WhadayatalkinAbout|:(\n|c|\u2606WhadayatalkinAbout|gl nwxt\n|c|\u2606lalo's pollos|gg\n|c|\u2606WhadayatalkinAbout|next !\n|c|\u2606WhadayatalkinAbout|gg\n|l|\u2606WhadayatalkinAbout\n|player|p2|\n", "inputlog": ">version a8376a258c1d4662feba110a92103f3664a72141\n>start {\"formatid\":\"gen9randombattle\",\"seed\":\"sodium,772147a421986016ab30cf56af32da29\",\"rated\":\"Rated battle\"}\n>player p1 {\"name\":\"lalo's pollos\",\"avatar\":\"266\",\"rating\":1897,\"seed\":\"sodium,1dea0fab99cad0fb577742878cc63ea1\"}\n>player p2 {\"name\":\"WhadayatalkinAbout\",\"avatar\":\"2\",\"rating\":1921,\"seed\":\"sodium,d6f1decd6055e2bb33785b5711beda95\"}\n>p1 move knockoff\n>p2 move stealthrock terastallize\n>p1 switch 3\n>p2 move playrough\n>p1 move stickyweb\n>p2 move playrough\n>p1 switch 4\n>p1 move gunkshot\n>p2 switch 6\n>p1 switch 6\n>p2 move thunderwave\n>p1 move luminacrash\n>p2 move flashcannon\n>p1 move luminacrash\n>p2 move flashcannon\n>p1 switch 3\n>chat \u2606WhadayatalkinAbout|sorry\n>p1 move highjumpkick terastallize\n>p2 move fleurcannon\n>p2 switch 6\n>p1 switch 6\n>p2 move playrough\n>p1 move gunkshot\n>p2 switch 2\n>p1 switch 5\n>p2 move earthpower\n>p1 switch 5\n>p1 switch 6\n>p2 move earthpower\n>p1 move highjumpkick\n>p2 move earthpower\n>p2 switch 2\n>p1 switch 6\n>p2 move ironhead\n>p1 switch 2\n>p1 move curse\n>p2 switch 3\n>p1 move bodypress\n>p2 move closecombat\n>p1 switch 6\n>chat \u2606WhadayatalkinAbout|sorry\n>p1 move highjumpkick\n>p2 move closecombat", "uploadtime": 1781397860, "views": 8, "formatid": "gen9randombattle", "rating": 1878, "private": 0, "password": null}