{"id": "gen9randombattle-2631549291", "format": "[Gen 9] Random Battle", "players": ["RaynSSB", "Tyranox"], "log": "|j|\u2606RaynSSB\n|j|\u2606Tyranox\n|t:|1781399867\n|gametype|singles\n|player|p1|RaynSSB|elesa|1460\n|player|p2|Tyranox|shadowtriad|1490\n|gen|9\n|tier|[Gen 9] Random Battle\n|rated|\n|rule|Species Clause: Limit one of each Pok\u00e9mon\n|rule|HP Percentage Mod: HP is shown in percentages\n|rule|Sleep Clause Mod: Limit one foe put to sleep\n|rule|Illusion Level Mod: Illusion disguises the Pok\u00e9mon's true level\n|\n|t:|1781399867\n|teamsize|p1|6\n|teamsize|p2|6\n|start\n|switch|p1a: Whimsicott|Whimsicott, L84, F|238/238\n|switch|p2a: Lanturn|Lanturn, L89, M|367/367\n|turn|1\n|inactive|Battle timer is ON: inactive players will automatically lose when time's up. (requested by RaynSSB)\n|\n|t:|1781399887\n|switch|p2a: Regirock|Regirock, L83|268/268\n|move|p1a: Whimsicott|Substitute|p1a: Whimsicott\n|-start|p1a: Whimsicott|Substitute\n|-damage|p1a: Whimsicott|179/238\n|\n|-heal|p1a: Whimsicott|193/238|[from] item: Leftovers\n|upkeep\n|turn|2\n|\n|t:|1781399892\n|move|p1a: Whimsicott|Leech Seed|p2a: Regirock\n|-start|p2a: Regirock|move: Leech Seed\n|move|p2a: Regirock|Stone Edge|p1a: Whimsicott\n|-end|p1a: Whimsicott|Substitute\n|\n|-heal|p1a: Whimsicott|207/238|[from] item: Leftovers\n|-damage|p2a: Regirock|235/268|[from] Leech Seed|[of] p1a: Whimsicott\n|-heal|p1a: Whimsicott|238/238|[silent]\n|upkeep\n|turn|3\n|\n|t:|1781399899\n|switch|p1a: Conkeldurr|Conkeldurr, L80, F|299/299\n|switch|p2a: Toucannon|Toucannon, L88, M|284/284\n|\n|-status|p1a: Conkeldurr|brn|[from] item: Flame Orb\n|upkeep\n|turn|4\n|\n|t:|1781399916\n|-singleturn|p2a: Toucannon|move: Beak Blast\n|move|p1a: Conkeldurr|Knock Off|p2a: Toucannon\n|-damage|p2a: Toucannon|154/284\n|-enditem|p2a: Toucannon|Heavy-Duty Boots|[from] move: Knock Off|[of] p1a: Conkeldurr\n|move|p2a: Toucannon|Beak Blast|p1a: Conkeldurr\n|-supereffective|p1a: Conkeldurr\n|-damage|p1a: Conkeldurr|5/299 brn\n|\n|-damage|p1a: Conkeldurr|0 fnt|[from] brn\n|faint|p1a: Conkeldurr\n|upkeep\n|\n|t:|1781399926\n|switch|p1a: Gyarados|Gyarados, L79, M|280/280\n|turn|5\n|\n|t:|1781399931\n|move|p1a: Gyarados|Dragon Dance|p1a: Gyarados\n|-boost|p1a: Gyarados|atk|1\n|-boost|p1a: Gyarados|spe|1\n|move|p2a: Toucannon|Boomburst|p1a: Gyarados\n|-damage|p1a: Gyarados|154/280\n|\n|upkeep\n|turn|6\n|\n|t:|1781399940\n|move|p1a: Gyarados|Dragon Dance|p1a: Gyarados\n|-boost|p1a: Gyarados|atk|1\n|-boost|p1a: Gyarados|spe|1\n|move|p2a: Toucannon|Boomburst|p1a: Gyarados\n|-damage|p1a: Gyarados|36/280\n|\n|upkeep\n|turn|7\n|\n|t:|1781399954\n|move|p1a: Gyarados|Waterfall|p2a: Toucannon\n|-damage|p2a: Toucannon|0 fnt\n|faint|p2a: Toucannon\n|-ability|p1a: Gyarados|Moxie|boost\n|-boost|p1a: Gyarados|atk|1\n|\n|upkeep\n|\n|t:|1781399956\n|switch|p2a: Lanturn|Lanturn, L89, M|367/367\n|turn|8\n|\n|t:|1781399977\n|-terastallize|p2a: Lanturn|Flying\n|move|p1a: Gyarados|Waterfall|p2a: Lanturn\n|-damage|p2a: Lanturn|66/367\n|move|p2a: Lanturn|Thunderbolt|p1a: Gyarados\n|-supereffective|p1a: Gyarados\n|-crit|p1a: Gyarados\n|-damage|p1a: Gyarados|0 fnt\n|faint|p1a: Gyarados\n|\n|-heal|p2a: Lanturn|88/367|[from] item: Leftovers\n|upkeep\n|\n|t:|1781399987\n|switch|p1a: Azumarill|Azumarill, L82, M|298/298\n|turn|9\n|\n|t:|1781399990\n|move|p1a: Azumarill|Aqua Jet|p2a: Lanturn\n|-damage|p2a: Lanturn|0 fnt\n|faint|p2a: Lanturn\n|\n|upkeep\n|\n|t:|1781399999\n|switch|p2a: Greninja|Greninja, L80, M|246/246\n|turn|10\n|\n|t:|1781400003\n|switch|p1a: Whimsicott|Whimsicott, L84, F|238/238\n|move|p2a: Greninja|Gunk Shot|p1a: Whimsicott\n|-supereffective|p1a: Whimsicott\n|-damage|p1a: Whimsicott|0 fnt\n|faint|p1a: Whimsicott\n|-ability|p2a: Greninja|Battle Bond|boost\n|-boost|p2a: Greninja|atk|1\n|-boost|p2a: Greninja|spa|1\n|-boost|p2a: Greninja|spe|1\n|-activate|p2a: Greninja|ability: Battle Bond\n|-damage|p2a: Greninja|222/246|[from] item: Life Orb\n|\n|upkeep\n|\n|t:|1781400009\n|switch|p1a: Azumarill|Azumarill, L82, M|298/298\n|turn|11\n|\n|t:|1781400022\n|-terastallize|p1a: Azumarill|Water\n|move|p2a: Greninja|Gunk Shot|p1a: Azumarill|[miss]\n|-miss|p2a: Greninja|p1a: Azumarill\n|move|p1a: Azumarill|Play Rough|p2a: Greninja\n|-supereffective|p2a: Greninja\n|-damage|p2a: Greninja|0 fnt\n|faint|p2a: Greninja\n|\n|upkeep\n|\n|t:|1781400034\n|switch|p2a: Spectrier|Spectrier, L75|274/274\n|turn|12\n|\n|t:|1781400039\n|switch|p1a: Oricorio|Oricorio, L84, M|263/263\n|move|p2a: Spectrier|Substitute|p2a: Spectrier\n|-start|p2a: Spectrier|Substitute\n|-damage|p2a: Spectrier|206/274\n|\n|-heal|p2a: Spectrier|223/274|[from] item: Leftovers\n|upkeep\n|turn|13\n|\n|t:|1781400046\n|move|p2a: Spectrier|Nasty Plot|p2a: Spectrier\n|-boost|p2a: Spectrier|spa|2\n|move|p1a: Oricorio|Quiver Dance|p1a: Oricorio\n|-boost|p1a: Oricorio|spa|1\n|-boost|p1a: Oricorio|spd|1\n|-boost|p1a: Oricorio|spe|1\n|\n|-heal|p2a: Spectrier|240/274|[from] item: Leftovers\n|upkeep\n|turn|14\n|\n|t:|1781400048\n|move|p1a: Oricorio|Revelation Dance|p2a: Spectrier\n|-end|p2a: Spectrier|Substitute\n|move|p2a: Spectrier|Shadow Ball|p1a: Oricorio\n|-damage|p1a: Oricorio|118/263\n|\n|-heal|p2a: Spectrier|257/274|[from] item: Leftovers\n|upkeep\n|turn|15\n|\n|t:|1781400054\n|move|p1a: Oricorio|Revelation Dance|p2a: Spectrier\n|-damage|p2a: Spectrier|76/274\n|move|p2a: Spectrier|Shadow Ball|p1a: Oricorio\n|-damage|p1a: Oricorio|0 fnt\n|faint|p1a: Oricorio\n|-ability|p2a: Spectrier|Grim Neigh|boost\n|-boost|p2a: Spectrier|spa|1\n|\n|-heal|p2a: Spectrier|93/274|[from] item: Leftovers\n|upkeep\n|\n|t:|1781400059\n|switch|p1a: Azumarill|Azumarill, L82, M, tera:Water|298/298\n|turn|16\n|\n|t:|1781400069\n|move|p1a: Azumarill|Aqua Jet|p2a: Spectrier\n|-damage|p2a: Spectrier|0 fnt\n|faint|p2a: Spectrier\n|\n|upkeep\n|\n|t:|1781400075\n|switch|p2a: Regirock|Regirock, L83|235/268\n|turn|17\n|\n|t:|1781400096\n|switch|p1a: Chandelure|Chandelure, L83, M|235/235\n|move|p2a: Regirock|Iron Defense|p2a: Regirock\n|-boost|p2a: Regirock|def|2\n|\n|upkeep\n|turn|18\n|\n|t:|1781400105\n|move|p1a: Chandelure|Shadow Ball|p2a: Regirock\n|-crit|p2a: Regirock\n|-damage|p2a: Regirock|72/268\n|move|p2a: Regirock|Stone Edge|p1a: Chandelure|[miss]\n|-miss|p2a: Regirock|p1a: Chandelure\n|\n|upkeep\n|turn|19\n|\n|t:|1781400111\n|move|p1a: Chandelure|Shadow Ball|p2a: Regirock\n|-damage|p2a: Regirock|0 fnt\n|faint|p2a: Regirock\n|\n|upkeep\n|\n|t:|1781400112\n|switch|p2a: Roaring Moon|Roaring Moon, L72|270/270\n|-enditem|p2a: Roaring Moon|Booster Energy\n|-activate|p2a: Roaring Moon|ability: Protosynthesis|[fromitem]\n|-start|p2a: Roaring Moon|protosynthesisatk\n|turn|20\n|\n|t:|1781400119\n|move|p2a: Roaring Moon|Dragon Dance|p2a: Roaring Moon\n|-boost|p2a: Roaring Moon|atk|1\n|-boost|p2a: Roaring Moon|spe|1\n|move|p1a: Chandelure|Will-O-Wisp|p2a: Roaring Moon\n|-status|p2a: Roaring Moon|brn\n|\n|-damage|p2a: Roaring Moon|254/270 brn|[from] brn\n|upkeep\n|turn|21\n|\n|t:|1781400123\n|move|p2a: Roaring Moon|Knock Off|p1a: Chandelure\n|-supereffective|p1a: Chandelure\n|-damage|p1a: Chandelure|42/235\n|-enditem|p1a: Chandelure|Heavy-Duty Boots|[from] move: Knock Off|[of] p2a: Roaring Moon\n|move|p1a: Chandelure|Fire Blast|p2a: Roaring Moon\n|-resisted|p2a: Roaring Moon\n|-damage|p2a: Roaring Moon|166/270 brn\n|\n|-damage|p2a: Roaring Moon|150/270 brn|[from] brn\n|upkeep\n|turn|22\n|\n|t:|1781400128\n|move|p2a: Roaring Moon|Knock Off|p1a: Chandelure\n|-supereffective|p1a: Chandelure\n|-damage|p1a: Chandelure|0 fnt\n|faint|p1a: Chandelure\n|\n|-damage|p2a: Roaring Moon|134/270 brn|[from] brn\n|upkeep\n|\n|t:|1781400129\n|switch|p1a: Azumarill|Azumarill, L82, M, tera:Water|298/298\n|turn|23\n|\n|t:|1781400134\n|move|p2a: Roaring Moon|Outrage|p1a: Azumarill\n|-damage|p1a: Azumarill|176/298\n|move|p1a: Azumarill|Superpower|p2a: Roaring Moon\n|-supereffective|p2a: Roaring Moon\n|-crit|p2a: Roaring Moon\n|-damage|p2a: Roaring Moon|0 fnt\n|-unboost|p1a: Azumarill|atk|1\n|-unboost|p1a: Azumarill|def|1\n|faint|p2a: Roaring Moon\n|-end|p2a: Roaring Moon|Protosynthesis|[silent]\n|\n|win|RaynSSB\n|raw|RaynSSB's rating: 1460 &rarr; <strong>1482</strong><br />(+22 for winning)\n|raw|Tyranox's rating: 1490 &rarr; <strong>1468</strong><br />(-22 for losing)\n|l|\u2606Tyranox\n|player|p2|\n|c|\u2606RaynSSB|gg\n", "inputlog": ">version a8376a258c1d4662feba110a92103f3664a72141\n>start {\"formatid\":\"gen9randombattle\",\"seed\":\"sodium,6700254a7fabc6b77fb6e1f60f6c3c73\",\"rated\":\"Rated battle\"}\n>player p1 {\"name\":\"RaynSSB\",\"avatar\":\"elesa\",\"rating\":1460,\"seed\":\"sodium,a39b3e5f840f9e69c28375fc80365c27\"}\n>player p2 {\"name\":\"Tyranox\",\"avatar\":\"shadowtriad\",\"rating\":1490,\"seed\":\"sodium,8878cf4ba04185eb77bd455cdd4bf10b\"}\n>p1 move substitute\n>p2 switch 5\n>p1 move leechseed\n>p2 move stoneedge\n>p1 switch 6\n>p2 switch 2\n>p1 move knockoff\n>p2 move beakblast\n>p1 switch 4\n>p1 move dragondance\n>p2 move boomburst\n>p1 move dragondance\n>p2 move boomburst\n>p1 move waterfall\n>p2 move boomburst\n>p2 switch 5\n>p1 move waterfall\n>p2 move thunderbolt terastallize\n>p1 switch 3\n>p1 move aquajet\n>p2 move thunderwave\n>p2 switch 6\n>p1 switch 6\n>p2 move gunkshot\n>p1 switch 6\n>p1 move playrough terastallize\n>p2 move gunkshot\n>p2 switch 4\n>p1 switch 5\n>p2 move substitute\n>p1 move quiverdance\n>p2 move nastyplot\n>p1 move revelationdance\n>p2 move shadowball\n>p1 move revelationdance\n>p2 move shadowball\n>p1 switch 5\n>p1 move aquajet\n>p2 move drainingkiss\n>p2 switch 2\n>p1 switch 2\n>p2 move irondefense\n>p1 move shadowball\n>p2 move stoneedge\n>p1 move shadowball\n>p2 move stoneedge\n>p2 switch 3\n>p1 move willowisp\n>p2 move dragondance\n>p1 move fireblast\n>p2 move knockoff\n>p1 move fireblast\n>p2 move knockoff\n>p1 switch 2\n>p1 move superpower\n>p2 move outrage", "uploadtime": 1781400156, "views": 5, "formatid": "gen9randombattle", "rating": 1468, "private": 0, "password": null}