{"id": "gen9randombattle-2632017368", "format": "[Gen 9] Random Battle", "players": ["Profschnitzel", "chickenadoboy"], "log": "|j|\u2606Profschnitzel\n|j|\u2606chickenadoboy\n|t:|1781466392\n|gametype|singles\n|player|p1|Profschnitzel|steven|2069\n|player|p2|chickenadoboy|265|2127\n|gen|9\n|tier|[Gen 9] Random Battle\n|rated|\n|rule|Species Clause: Limit one of each Pok\u00e9mon\n|rule|HP Percentage Mod: HP is shown in percentages\n|rule|Sleep Clause Mod: Limit one foe put to sleep\n|rule|Illusion Level Mod: Illusion disguises the Pok\u00e9mon's true level\n|\n|t:|1781466392\n|teamsize|p1|6\n|teamsize|p2|6\n|start\n|switch|p1a: Tsareena|Tsareena, L87, F|267/267\n|switch|p2a: Solgaleo|Solgaleo, L74|325/325\n|turn|1\n|inactive|Battle timer is ON: inactive players will automatically lose when time's up. (requested by Profschnitzel)\n|inactive|Profschnitzel has 120 seconds left.\n|\n|t:|1781466445\n|move|p1a: Tsareena|Knock Off|p2a: Solgaleo\n|-supereffective|p2a: Solgaleo\n|-damage|p2a: Solgaleo|155/325\n|-enditem|p2a: Solgaleo|Leftovers|[from] move: Knock Off|[of] p1a: Tsareena\n|move|p2a: Solgaleo|Knock Off|p1a: Tsareena\n|-damage|p1a: Tsareena|203/267\n|-enditem|p1a: Tsareena|Choice Scarf|[from] move: Knock Off|[of] p2a: Solgaleo\n|\n|upkeep\n|turn|2\n|\n|t:|1781466474\n|switch|p1a: Persian|Persian-Alola, L86, M|252/252\n|move|p2a: Solgaleo|Morning Sun|p2a: Solgaleo\n|-heal|p2a: Solgaleo|317/325\n|\n|upkeep\n|turn|3\n|\n|t:|1781466480\n|switch|p2a: Poliwrath|Poliwrath, L88, M|302/302\n|move|p1a: Persian|Nasty Plot|p1a: Persian\n|-boost|p1a: Persian|spa|2\n|\n|upkeep\n|turn|4\n|\n|t:|1781466495\n|-terastallize|p1a: Persian|Electric\n|move|p1a: Persian|Nasty Plot|p1a: Persian\n|-boost|p1a: Persian|spa|2\n|move|p2a: Poliwrath|Circle Throw|p1a: Persian\n|-damage|p1a: Persian|204/252\n|drag|p1a: Glalie|Glalie, L96, F|309/309\n|\n|upkeep\n|turn|5\n|\n|t:|1781466509\n|move|p1a: Glalie|Spikes|p2a: Poliwrath\n|-sidestart|p2: chickenadoboy|Spikes\n|move|p2a: Poliwrath|Circle Throw|p1a: Glalie\n|-supereffective|p1a: Glalie\n|-damage|p1a: Glalie|169/309\n|drag|p1a: Clodsire|Clodsire, L81, M|343/343\n|\n|upkeep\n|turn|6\n|\n|t:|1781466518\n|move|p2a: Poliwrath|Liquidation|p1a: Clodsire\n|-immune|p1a: Clodsire|[from] ability: Water Absorb\n|move|p1a: Clodsire|Toxic Spikes|p2a: Poliwrath\n|-sidestart|p2: chickenadoboy|move: Toxic Spikes\n|\n|upkeep\n|turn|7\n|\n|t:|1781466524\n|switch|p2a: Kricketune|Kricketune, L99, F|312/312\n|move|p1a: Clodsire|Poison Jab|p2a: Kricketune\n|-damage|p2a: Kricketune|236/312\n|\n|upkeep\n|turn|8\n|\n|t:|1781466536\n|switch|p1a: Minior|Minior-Yellow, L79|224/224\n|-formechange|p1a: Minior|Minior-Meteor||[from] ability: Shields Down\n|move|p2a: Kricketune|Sticky Web|p1a: Minior\n|-sidestart|p1: Profschnitzel|move: Sticky Web\n|\n|upkeep\n|turn|9\n|\n|t:|1781466540\n|move|p2a: Kricketune|Taunt|p1a: Minior\n|-start|p1a: Minior|move: Taunt\n|cant|p1a: Minior|move: Taunt|Shell Smash\n|\n|upkeep\n|turn|10\n|\n|t:|1781466545\n|switch|p2a: Solgaleo|Solgaleo, L74|317/325\n|-damage|p2a: Solgaleo|277/325|[from] Spikes\n|switch|p1a: Clodsire|Clodsire, L81, M|343/343\n|-activate|p1a: Clodsire|move: Sticky Web\n|-unboost|p1a: Clodsire|spe|1\n|\n|upkeep\n|turn|11\n|\n|t:|1781466551\n|move|p2a: Solgaleo|Psychic Fangs|p1a: Clodsire\n|-supereffective|p1a: Clodsire\n|-damage|p1a: Clodsire|83/343\n|move|p1a: Clodsire|Earthquake|p2a: Solgaleo\n|-supereffective|p2a: Solgaleo\n|-damage|p2a: Solgaleo|109/325\n|\n|-heal|p1a: Clodsire|104/343|[from] item: Leftovers\n|upkeep\n|turn|12\n|\n|t:|1781466569\n|switch|p1a: Persian|Persian-Alola, L86, M, tera:Electric|204/252\n|-activate|p1a: Persian|move: Sticky Web\n|-unboost|p1a: Persian|spe|1\n|move|p2a: Solgaleo|Sunsteel Strike|p1a: Persian\n|-resisted|p1a: Persian\n|-damage|p1a: Persian|133/252\n|\n|-heal|p1a: Persian|148/252|[from] item: Leftovers\n|upkeep\n|turn|13\n|\n|t:|1781466591\n|switch|p2a: Kricketune|Kricketune, L99, F|236/312\n|move|p1a: Persian|Thunderbolt|p2a: Kricketune\n|-damage|p2a: Kricketune|137/312\n|\n|-heal|p1a: Persian|163/252|[from] item: Leftovers\n|upkeep\n|turn|14\n|\n|t:|1781466599\n|move|p2a: Kricketune|Knock Off|p1a: Persian\n|-damage|p1a: Persian|106/252\n|-enditem|p1a: Persian|Leftovers|[from] move: Knock Off|[of] p2a: Kricketune\n|move|p1a: Persian|Thunderbolt|p2a: Kricketune\n|-damage|p2a: Kricketune|34/312\n|\n|upkeep\n|turn|15\n|\n|t:|1781466614\n|switch|p1a: Glalie|Glalie, L96, F|169/309\n|move|p2a: Kricketune|Pounce|p1a: Glalie\n|-damage|p1a: Glalie|81/309\n|-unboost|p1a: Glalie|spe|1\n|\n|upkeep\n|turn|16\n|\n|t:|1781466622\n|switch|p1a: Persian|Persian-Alola, L86, M, tera:Electric|106/252\n|-activate|p1a: Persian|move: Sticky Web\n|-unboost|p1a: Persian|spe|1\n|move|p2a: Kricketune|Pounce|p1a: Persian\n|-damage|p1a: Persian|46/252\n|-unboost|p1a: Persian|spe|1\n|\n|upkeep\n|turn|17\n|\n|t:|1781466625\n|move|p2a: Kricketune|Pounce|p1a: Persian\n|-damage|p1a: Persian|0 fnt\n|faint|p1a: Persian\n|\n|upkeep\n|\n|t:|1781466629\n|switch|p1a: Glalie|Glalie, L96, F|81/309\n|turn|18\n|\n|t:|1781466648\n|switch|p2a: Farigiraf|Farigiraf, L90, M|362/362\n|-damage|p2a: Farigiraf|317/362|[from] Spikes\n|-status|p2a: Farigiraf|psn\n|move|p1a: Glalie|Earthquake|p2a: Farigiraf\n|-damage|p2a: Farigiraf|232/362 psn\n|\n|-heal|p2a: Farigiraf|254/362 psn|[from] item: Leftovers\n|-damage|p2a: Farigiraf|209/362 psn|[from] psn\n|upkeep\n|turn|19\n|\n|t:|1781466656\n|switch|p1a: Tsareena|Tsareena, L87, F|203/267\n|-activate|p1a: Tsareena|move: Sticky Web\n|-unboost|p1a: Tsareena|spe|1\n|move|p2a: Farigiraf|Psychic Noise|p1a: Tsareena\n|-damage|p1a: Tsareena|113/267\n|-start|p1a: Tsareena|move: Heal Block\n|\n|-heal|p2a: Farigiraf|231/362 psn|[from] item: Leftovers\n|-damage|p2a: Farigiraf|186/362 psn|[from] psn\n|upkeep\n|turn|20\n|\n|t:|1781466666\n|move|p2a: Farigiraf|Body Slam|p1a: Tsareena\n|-damage|p1a: Tsareena|22/267\n|-status|p1a: Tsareena|par\n|move|p1a: Tsareena|Knock Off|p2a: Farigiraf\n|-supereffective|p2a: Farigiraf\n|-crit|p2a: Farigiraf\n|-damage|p2a: Farigiraf|0 fnt\n|-enditem|p2a: Farigiraf|Leftovers|[from] move: Knock Off|[of] p1a: Tsareena\n|faint|p2a: Farigiraf\n|\n|-end|p1a: Tsareena|move: Heal Block\n|upkeep\n|\n|t:|1781466694\n|switch|p2a: Solgaleo|Solgaleo, L74|109/325\n|-damage|p2a: Solgaleo|69/325|[from] Spikes\n|turn|21\n|\n|t:|1781466702\n|switch|p1a: Reshiram|Reshiram, L76|277/277\n|-ability|p1a: Reshiram|Turboblaze\n|move|p2a: Solgaleo|Morning Sun|p2a: Solgaleo\n|-heal|p2a: Solgaleo|231/325\n|\n|upkeep\n|turn|22\n|\n|t:|1781466712\n|switch|p2a: Poliwrath|Poliwrath, L88, M|302/302\n|-damage|p2a: Poliwrath|265/302|[from] Spikes\n|-status|p2a: Poliwrath|psn\n|move|p1a: Reshiram|Dragon Tail|p2a: Poliwrath\n|-damage|p2a: Poliwrath|211/302 psn\n|drag|p2a: Wigglytuff|Wigglytuff, L96, F|424/424\n|-damage|p2a: Wigglytuff|371/424|[from] Spikes\n|-status|p2a: Wigglytuff|psn\n|\n|-heal|p2a: Wigglytuff|397/424 psn|[from] item: Leftovers\n|-damage|p2a: Wigglytuff|344/424 psn|[from] psn\n|upkeep\n|turn|23\n|\n|t:|1781466729\n|switch|p1a: Clodsire|Clodsire, L81, M|104/343\n|-activate|p1a: Clodsire|move: Sticky Web\n|-unboost|p1a: Clodsire|spe|1\n|move|p2a: Wigglytuff|Wish|p2a: Wigglytuff\n|\n|-heal|p2a: Wigglytuff|370/424 psn|[from] item: Leftovers\n|-heal|p1a: Clodsire|125/343|[from] item: Leftovers\n|-damage|p2a: Wigglytuff|317/424 psn|[from] psn\n|upkeep\n|turn|24\n|\n|t:|1781466752\n|switch|p2a: Solgaleo|Solgaleo, L74|231/325\n|-damage|p2a: Solgaleo|191/325|[from] Spikes\n|move|p1a: Clodsire|Earthquake|p2a: Solgaleo\n|-supereffective|p2a: Solgaleo\n|-damage|p2a: Solgaleo|27/325\n|\n|-heal|p2a: Solgaleo|239/325|[from] move: Wish|[wisher] Wigglytuff\n|-heal|p1a: Clodsire|146/343|[from] item: Leftovers\n|upkeep\n|turn|25\n|\n|t:|1781466765\n|switch|p1a: Tsareena|Tsareena, L87, F|22/267 par\n|-activate|p1a: Tsareena|move: Sticky Web\n|-unboost|p1a: Tsareena|spe|1\n|move|p2a: Solgaleo|Psychic Fangs|p1a: Tsareena\n|-damage|p1a: Tsareena|0 fnt\n|faint|p1a: Tsareena\n|\n|upkeep\n|\n|t:|1781466767\n|switch|p1a: Reshiram|Reshiram, L76|277/277\n|-ability|p1a: Reshiram|Turboblaze\n|turn|26\n|\n|t:|1781466785\n|switch|p2a: Poliwrath|Poliwrath, L88, M|211/302 psn\n|-damage|p2a: Poliwrath|174/302 psn|[from] Spikes\n|move|p1a: Reshiram|Blue Flare|p2a: Poliwrath|[miss]\n|-miss|p1a: Reshiram|p2a: Poliwrath\n|\n|-damage|p2a: Poliwrath|137/302 psn|[from] psn\n|upkeep\n|turn|27\n|\n|t:|1781466793\n|switch|p1a: Clodsire|Clodsire, L81, M|146/343\n|-activate|p1a: Clodsire|move: Sticky Web\n|-unboost|p1a: Clodsire|spe|1\n|move|p2a: Poliwrath|Knock Off|p1a: Clodsire\n|-damage|p1a: Clodsire|36/343\n|-enditem|p1a: Clodsire|Leftovers|[from] move: Knock Off|[of] p2a: Poliwrath\n|\n|-damage|p2a: Poliwrath|100/302 psn|[from] psn\n|upkeep\n|turn|28\n|\n|t:|1781466801\n|move|p2a: Poliwrath|Knock Off|p1a: Clodsire\n|-damage|p1a: Clodsire|0 fnt\n|faint|p1a: Clodsire\n|\n|-damage|p2a: Poliwrath|63/302 psn|[from] psn\n|upkeep\n|\n|t:|1781466805\n|switch|p1a: Glalie|Glalie, L96, F|81/309\n|turn|29\n|\n|t:|1781466812\n|move|p1a: Glalie|Freeze-Dry|p2a: Poliwrath\n|-supereffective|p2a: Poliwrath\n|-damage|p2a: Poliwrath|0 fnt\n|faint|p2a: Poliwrath\n|\n|upkeep\n|\n|t:|1781466816\n|switch|p2a: Solgaleo|Solgaleo, L74|239/325\n|-damage|p2a: Solgaleo|199/325|[from] Spikes\n|turn|30\n|\n|t:|1781466836\n|move|p1a: Glalie|Taunt|p2a: Solgaleo\n|-start|p2a: Solgaleo|move: Taunt\n|move|p2a: Solgaleo|Psychic Fangs|p1a: Glalie\n|-damage|p1a: Glalie|0 fnt\n|faint|p1a: Glalie\n|\n|upkeep\n|\n|t:|1781466849\n|switch|p1a: Reshiram|Reshiram, L76|277/277\n|-ability|p1a: Reshiram|Turboblaze\n|turn|31\n|\n|t:|1781466873\n|move|p2a: Solgaleo|Psychic Fangs|p1a: Reshiram\n|-crit|p1a: Reshiram\n|-damage|p1a: Reshiram|144/277\n|move|p1a: Reshiram|Blue Flare|p2a: Solgaleo\n|-supereffective|p2a: Solgaleo\n|-damage|p2a: Solgaleo|0 fnt\n|faint|p2a: Solgaleo\n|\n|upkeep\n|inactive|chickenadoboy has 120 seconds left.\n|\n|t:|1781466895\n|switch|p2a: Wigglytuff|Wigglytuff, L96, F|317/424 psn\n|-damage|p2a: Wigglytuff|264/424 psn|[from] Spikes\n|turn|32\n|inactive|chickenadoboy has 120 seconds left.\n|\n|t:|1781466901\n|switch|p1a: Minior|Minior-Yellow, L79|224/224\n|-formechange|p1a: Minior|Minior-Meteor||[from] ability: Shields Down\n|move|p2a: Wigglytuff|Dazzling Gleam|p1a: Minior\n|-damage|p1a: Minior|133/224\n|\n|-heal|p2a: Wigglytuff|290/424 psn|[from] item: Leftovers\n|-damage|p2a: Wigglytuff|237/424 psn|[from] psn\n|upkeep\n|turn|33\n|inactive|chickenadoboy has 120 seconds left.\n|\n|t:|1781466916\n|move|p2a: Wigglytuff|Dazzling Gleam|p1a: Minior\n|-damage|p1a: Minior|45/224\n|move|p1a: Minior|Shell Smash|p1a: Minior\n|-unboost|p1a: Minior|def|1\n|-unboost|p1a: Minior|spd|1\n|-boost|p1a: Minior|atk|2\n|-boost|p1a: Minior|spa|2\n|-boost|p1a: Minior|spe|2\n|-enditem|p1a: Minior|White Herb\n|-clearnegativeboost|p1a: Minior|[silent]\n|\n|-heal|p2a: Wigglytuff|263/424 psn|[from] item: Leftovers\n|-damage|p2a: Wigglytuff|210/424 psn|[from] psn\n|-formechange|p1a: Minior|Minior-Yellow||[from] ability: Shields Down\n|upkeep\n|turn|34\n|\n|t:|1781466928\n|move|p1a: Minior|Acrobatics|p2a: Wigglytuff\n|-damage|p2a: Wigglytuff|0 fnt\n|faint|p2a: Wigglytuff\n|\n|upkeep\n|\n|t:|1781466934\n|switch|p2a: Gogoat|Gogoat, L88, F|360/360\n|-damage|p2a: Gogoat|315/360|[from] Spikes\n|-status|p2a: Gogoat|psn\n|turn|35\n|\n|t:|1781466941\n|-terastallize|p2a: Gogoat|Water\n|move|p1a: Minior|Acrobatics|p2a: Gogoat\n|-damage|p2a: Gogoat|33/360 psn\n|move|p2a: Gogoat|Horn Leech|p1a: Minior\n|-damage|p1a: Minior|0 fnt\n|-heal|p2a: Gogoat|56/360 psn|[from] drain|[of] p1a: Minior\n|faint|p1a: Minior\n|\n|-heal|p2a: Gogoat|78/360 psn|[from] item: Leftovers\n|-damage|p2a: Gogoat|33/360 psn|[from] psn\n|upkeep\n|\n|t:|1781466948\n|switch|p1a: Reshiram|Reshiram, L76|144/277\n|-ability|p1a: Reshiram|Turboblaze\n|turn|36\n|c|\u2606chickenadoboy|gg\n|c|\u2606Profschnitzel|gg\n|c|\u2606Profschnitzel|wp\n|\n|t:|1781466959\n|move|p1a: Reshiram|Earth Power|p2a: Gogoat\n|-damage|p2a: Gogoat|0 fnt\n|faint|p2a: Gogoat\n|\n|upkeep\n|\n|t:|1781466960\n|switch|p2a: Kricketune|Kricketune, L99, F|34/312\n|turn|37\n|c|\u2606chickenadoboy|finish him\n|inactive|Profschnitzel has 120 seconds left.\n|\n|t:|1781466998\n|move|p2a: Kricketune|Knock Off|p1a: Reshiram\n|-damage|p1a: Reshiram|64/277\n|-enditem|p1a: Reshiram|Heavy-Duty Boots|[from] move: Knock Off|[of] p2a: Kricketune\n|move|p1a: Reshiram|Earth Power|p2a: Kricketune\n|-resisted|p2a: Kricketune\n|-damage|p2a: Kricketune|0 fnt\n|faint|p2a: Kricketune\n|\n|win|Profschnitzel\n", "inputlog": ">version a8376a258c1d4662feba110a92103f3664a72141\n>start {\"formatid\":\"gen9randombattle\",\"seed\":\"sodium,26eb3489c7ef2bc48399910e76963f79\",\"rated\":\"Rated battle\"}\n>player p1 {\"name\":\"Profschnitzel\",\"avatar\":\"steven\",\"rating\":2069,\"seed\":\"sodium,a04409598f8a00e914eb7be2a30d25a9\"}\n>player p2 {\"name\":\"chickenadoboy\",\"avatar\":\"265\",\"rating\":2127,\"seed\":\"sodium,0275f531a25a641992d6e0d9808ab9c0\"}\n>p1 move knockoff\n>p2 move knockoff\n>p1 switch 3\n>p2 move morningsun\n>p1 move nastyplot\n>p2 switch 3\n>p1 move nastyplot terastallize\n>p2 move circlethrow\n>p1 move spikes\n>p2 move circlethrow\n>p1 move toxicspikes\n>p2 move liquidation\n>p1 move poisonjab\n>p2 switch 2\n>p1 switch 2\n>p2 move stickyweb\n>p1 move shellsmash\n>p2 move taunt\n>p1 switch 2\n>p2 switch 3\n>p1 move earthquake\n>p2 move psychicfangs\n>p1 switch 4\n>p2 move sunsteelstrike\n>p1 move thunderbolt\n>p2 switch 3\n>p1 move thunderbolt\n>p2 move knockoff\n>p1 switch 6\n>p2 move pounce\n>p1 switch 6\n>p2 move pounce\n>p1 move thunderbolt\n>p2 move pounce\n>p1 switch 6\n>p1 move earthquake\n>p2 switch 4\n>p1 switch 3\n>p2 move psychicnoise\n>p1 move knockoff\n>p2 move bodyslam\n>p2 switch 3\n>p1 switch 5\n>p2 move morningsun\n>p1 move dragontail\n>p2 switch 2\n>p1 switch 4\n>p2 move wish\n>p1 move earthquake\n>p2 switch 2\n>p1 switch 5\n>p2 move psychicfangs\n>p1 switch 4\n>p1 move blueflare\n>p2 switch 6\n>p1 switch 5\n>p2 move knockoff\n>p1 move recover\n>p2 move knockoff\n>p1 switch 3\n>p1 move freezedry\n>p2 move liquidation\n>p2 switch 6\n>p1 move taunt\n>p2 move psychicfangs\n>p1 switch 5\n>p1 move blueflare\n>p2 move psychicfangs\n>p2 switch 2\n>p1 switch 2\n>p2 move dazzlinggleam\n>p1 move shellsmash\n>p2 move dazzlinggleam\n>p1 move acrobatics\n>p2 move dazzlinggleam\n>p2 switch 5\n>p1 move acrobatics\n>p2 move hornleech terastallize\n>p1 switch 2\n>chat \u2606chickenadoboy|gg\n>chat \u2606Profschnitzel|gg\n>chat \u2606Profschnitzel|wp\n>p1 move earthpower\n>p2 move rockslide\n>p2 switch 4\n>chat \u2606chickenadoboy|finish him\n>p1 move earthpower\n>p2 move knockoff", "uploadtime": 1781466394, "views": 5, "formatid": "gen9randombattle", "rating": null, "private": 0, "password": null}