{"id": "gen9randombattle-2631385575", "format": "[Gen 9] Random Battle", "players": ["ViPa", "3kzzzzzzzz"], "log": "|badge|p1|bronze|gen9randombattle|100-9\n|uhtml|medal-msg|<div class=\"broadcast-blue\">Curious what those medals under the avatar are? PS now has Ladder Seasons! For more information, check out the <a href=\"https://www.smogon.com/forums/threads/3740067/\">thread on Smogon.</a></div>\n|j|\u2606ViPa\n|j|\u26063kzzzzzzzz\n|t:|1781378436\n|gametype|singles\n|player|p1|ViPa|guitarist|2314\n|player|p2|3kzzzzzzzz|janitor|2204\n|gen|9\n|tier|[Gen 9] Random Battle\n|rated|\n|rule|Species Clause: Limit one of each Pok\u00e9mon\n|rule|HP Percentage Mod: HP is shown in percentages\n|rule|Sleep Clause Mod: Limit one foe put to sleep\n|rule|Illusion Level Mod: Illusion disguises the Pok\u00e9mon's true level\n|\n|t:|1781378436\n|teamsize|p1|6\n|teamsize|p2|6\n|start\n|switch|p1a: Ho-Oh|Ho-Oh, L71|268/268\n|switch|p2a: Annihilape|Annihilape, L76, F|292/292\n|turn|1\n|\n|t:|1781378447\n|switch|p2a: Glimmora|Glimmora, L75, M|248/248\n|move|p1a: Ho-Oh|Sacred Fire|p2a: Glimmora\n|-resisted|p2a: Glimmora\n|-damage|p2a: Glimmora|194/248\n|-activate|p2a: Glimmora|ability: Toxic Debris\n|-sidestart|p1: ViPa|move: Toxic Spikes\n|\n|upkeep\n|turn|2\n|inactive|Battle timer is ON: inactive players will automatically lose when time's up. (requested by 3kzzzzzzzz)\n|\n|t:|1781378463\n|move|p2a: Glimmora|Meteor Beam||[still]\n|-prepare|p2a: Glimmora|Meteor Beam\n|-boost|p2a: Glimmora|spa|1\n|-enditem|p2a: Glimmora|Power Herb\n|-anim|p2a: Glimmora|Meteor Beam|p1a: Ho-Oh\n|-supereffective|p1a: Ho-Oh\n|-damage|p1a: Ho-Oh|0 fnt\n|faint|p1a: Ho-Oh\n|\n|upkeep\n|\n|t:|1781378470\n|switch|p1a: Goodra|Goodra-Hisui, L82, F|265/265\n|turn|3\n|\n|t:|1781378478\n|move|p2a: Glimmora|Earth Power|p1a: Goodra\n|-supereffective|p1a: Goodra\n|-damage|p1a: Goodra|175/265\n|move|p1a: Goodra|Heavy Slam|p2a: Glimmora\n|-supereffective|p2a: Glimmora\n|-damage|p2a: Glimmora|0 fnt\n|-activate|p2a: Glimmora|ability: Toxic Debris\n|-sidestart|p1: ViPa|move: Toxic Spikes\n|faint|p2a: Glimmora\n|\n|upkeep\n|\n|t:|1781378487\n|switch|p2a: Wyrdeer|Wyrdeer, L87, F|321/321\n|-ability|p2a: Wyrdeer|Intimidate|boost\n|-unboost|p1a: Goodra|atk|1\n|turn|4\n|\n|t:|1781378494\n|move|p2a: Wyrdeer|Earthquake|p1a: Goodra\n|-supereffective|p1a: Goodra\n|-damage|p1a: Goodra|31/265\n|move|p1a: Goodra|Draco Meteor|p2a: Wyrdeer|[miss]\n|-miss|p1a: Goodra|p2a: Wyrdeer\n|\n|upkeep\n|turn|5\n|\n|t:|1781378500\n|move|p2a: Wyrdeer|Earthquake|p1a: Goodra\n|-supereffective|p1a: Goodra\n|-damage|p1a: Goodra|0 fnt\n|faint|p1a: Goodra\n|\n|upkeep\n|\n|t:|1781378517\n|switch|p1a: Mightyena|Mightyena, L96, F|290/290\n|-status|p1a: Mightyena|tox\n|-ability|p1a: Mightyena|Intimidate|boost\n|-unboost|p2a: Wyrdeer|atk|1\n|turn|6\n|\n|t:|1781378535\n|switch|p2a: Kingambit|Kingambit, L74, F|270/270\n|-activate|p2a: Kingambit|ability: Supreme Overlord\n|-start|p2a: Kingambit|fallen1|[silent]\n|-terastallize|p1a: Mightyena|Poison\n|move|p1a: Mightyena|Crunch|p2a: Kingambit\n|-resisted|p2a: Kingambit\n|-damage|p2a: Kingambit|223/270\n|\n|-heal|p2a: Kingambit|239/270|[from] item: Leftovers\n|-damage|p1a: Mightyena|272/290 tox|[from] psn\n|upkeep\n|turn|7\n|\n|t:|1781378547\n|move|p1a: Mightyena|Taunt|p2a: Kingambit\n|-start|p2a: Kingambit|move: Taunt\n|cant|p2a: Kingambit|move: Taunt|Swords Dance\n|\n|-heal|p1a: Mightyena|290/290 tox|[from] item: Leftovers\n|-heal|p2a: Kingambit|255/270|[from] item: Leftovers\n|-damage|p1a: Mightyena|254/290 tox|[from] psn\n|upkeep\n|turn|8\n|\n|t:|1781378558\n|switch|p1a: Virizion|Virizion, L82|283/283\n|-status|p1a: Virizion|tox\n|move|p2a: Kingambit|Iron Head|p1a: Virizion\n|-damage|p1a: Virizion|168/283 tox\n|\n|-heal|p2a: Kingambit|270/270|[from] item: Leftovers\n|-damage|p1a: Virizion|151/283 tox|[from] psn\n|upkeep\n|turn|9\n|\n|t:|1781378564\n|switch|p1a: Mightyena|Mightyena, L96, F, tera:Poison|254/290 tox\n|-sideend|p1: ViPa|move: Toxic Spikes|[of] p1a: Mightyena\n|-ability|p1a: Mightyena|Intimidate|boost\n|-unboost|p2a: Kingambit|atk|1\n|-end|p2a: Kingambit|fallen1|[silent]\n|switch|p2a: Wyrdeer|Wyrdeer, L87, F|321/321\n|-ability|p2a: Wyrdeer|Intimidate|boost\n|-unboost|p1a: Mightyena|atk|1\n|\n|-heal|p1a: Mightyena|272/290 tox|[from] item: Leftovers\n|-damage|p1a: Mightyena|254/290 tox|[from] psn\n|upkeep\n|turn|10\n|\n|t:|1781378571\n|move|p1a: Mightyena|Crunch|p2a: Wyrdeer\n|-supereffective|p2a: Wyrdeer\n|-damage|p2a: Wyrdeer|163/321\n|move|p2a: Wyrdeer|Psychic Noise|p1a: Mightyena\n|-supereffective|p1a: Mightyena\n|-damage|p1a: Mightyena|62/290 tox\n|-start|p1a: Mightyena|move: Heal Block\n|\n|-heal|p2a: Wyrdeer|183/321|[from] item: Leftovers\n|-damage|p1a: Mightyena|26/290 tox|[from] psn\n|upkeep\n|turn|11\n|\n|t:|1781378577\n|move|p1a: Mightyena|Crunch|p2a: Wyrdeer\n|-supereffective|p2a: Wyrdeer\n|-damage|p2a: Wyrdeer|19/321\n|move|p2a: Wyrdeer|Psychic Noise|p1a: Mightyena\n|-supereffective|p1a: Mightyena\n|-damage|p1a: Mightyena|0 fnt\n|faint|p1a: Mightyena\n|\n|-heal|p2a: Wyrdeer|39/321|[from] item: Leftovers\n|upkeep\n|\n|t:|1781378583\n|switch|p1a: Passimian|Passimian, L83, F|302/302\n|turn|12\n|\n|t:|1781378590\n|move|p1a: Passimian|Earthquake|p2a: Wyrdeer\n|-damage|p2a: Wyrdeer|0 fnt\n|faint|p2a: Wyrdeer\n|\n|upkeep\n|\n|t:|1781378600\n|switch|p2a: Annihilape|Annihilape, L76, F|292/292\n|turn|13\n|\n|t:|1781378607\n|switch|p1a: Minior|Minior-Green, L79|224/224\n|-formechange|p1a: Minior|Minior-Meteor||[from] ability: Shields Down\n|move|p2a: Annihilape|Bulk Up|p2a: Annihilape\n|-boost|p2a: Annihilape|atk|1\n|-boost|p2a: Annihilape|def|1\n|\n|upkeep\n|turn|14\n|\n|t:|1781378616\n|move|p2a: Annihilape|Taunt|p1a: Minior\n|-start|p1a: Minior|move: Taunt\n|cant|p1a: Minior|move: Taunt|Shell Smash\n|\n|upkeep\n|turn|15\n|\n|t:|1781378623\n|switch|p1a: Virizion|Virizion, L82|151/283 tox\n|move|p2a: Annihilape|Drain Punch|p1a: Virizion\n|-damage|p1a: Virizion|27/283 tox\n|\n|-damage|p1a: Virizion|10/283 tox|[from] psn\n|upkeep\n|turn|16\n|\n|t:|1781378633\n|move|p1a: Virizion|Leaf Blade|p2a: Annihilape\n|-damage|p2a: Annihilape|206/292\n|-damage|p1a: Virizion|0 fnt|[from] item: Life Orb\n|faint|p1a: Virizion\n|move|p2a: Annihilape|Bulk Up|p2a: Annihilape\n|-boost|p2a: Annihilape|atk|1\n|-boost|p2a: Annihilape|def|1\n|\n|-heal|p2a: Annihilape|224/292|[from] item: Leftovers\n|upkeep\n|\n|t:|1781378637\n|switch|p1a: Passimian|Passimian, L83, F|302/302\n|turn|17\n|\n|t:|1781378642\n|move|p1a: Passimian|Gunk Shot|p2a: Annihilape\n|-resisted|p2a: Annihilape\n|-damage|p2a: Annihilape|197/292\n|-status|p2a: Annihilape|psn\n|move|p2a: Annihilape|Drain Punch|p1a: Passimian\n|-damage|p1a: Passimian|157/302\n|-heal|p2a: Annihilape|270/292 psn|[from] drain|[of] p1a: Passimian\n|\n|-heal|p2a: Annihilape|288/292 psn|[from] item: Leftovers\n|-damage|p2a: Annihilape|252/292 psn|[from] psn\n|upkeep\n|turn|18\n|\n|t:|1781378649\n|move|p1a: Passimian|Gunk Shot|p2a: Annihilape|[miss]\n|-miss|p1a: Passimian|p2a: Annihilape\n|move|p2a: Annihilape|Rage Fist|p1a: Passimian\n|-damage|p1a: Passimian|0 fnt\n|faint|p1a: Passimian\n|\n|-heal|p2a: Annihilape|270/292 psn|[from] item: Leftovers\n|-damage|p2a: Annihilape|234/292 psn|[from] psn\n|upkeep\n|\n|t:|1781378651\n|switch|p1a: Minior|Minior-Green, L79|224/224\n|-formechange|p1a: Minior|Minior-Meteor||[from] ability: Shields Down\n|turn|19\n|\n|t:|1781378653\n|move|p2a: Annihilape|Taunt|p1a: Minior\n|-start|p1a: Minior|move: Taunt\n|move|p1a: Minior|Acrobatics|p2a: Annihilape\n|-supereffective|p2a: Annihilape\n|-damage|p2a: Annihilape|186/292 psn\n|\n|-heal|p2a: Annihilape|204/292 psn|[from] item: Leftovers\n|-damage|p2a: Annihilape|168/292 psn|[from] psn\n|upkeep\n|turn|20\n|\n|t:|1781378657\n|move|p2a: Annihilape|Rage Fist|p1a: Minior\n|-damage|p1a: Minior|0 fnt\n|faint|p1a: Minior\n|\n|win|3kzzzzzzzz\n", "inputlog": ">version a8376a258c1d4662feba110a92103f3664a72141\n>start {\"formatid\":\"gen9randombattle\",\"seed\":\"sodium,3afc2aff2907f8405b9ae4599ab059d7\",\"rated\":\"Rated battle\"}\n>player p1 {\"name\":\"ViPa\",\"avatar\":\"guitarist\",\"rating\":2314,\"seed\":\"sodium,1c96d88622e6b756c78ddd27ad86064e\"}\n>player p2 {\"name\":\"3kzzzzzzzz\",\"avatar\":\"janitor\",\"rating\":2204,\"seed\":\"sodium,4a843f94c9f183f755b5425ef6b66677\"}\n>p1 move sacredfire\n>p2 switch 3\n>p1 move earthquake\n>p2 move meteorbeam\n>p1 switch 4\n>p1 move heavyslam\n>p2 move earthpower\n>p2 switch 5\n>p1 move dracometeor\n>p2 move earthquake\n>p1 move dracometeor\n>p2 move earthquake\n>p1 switch 6\n>p1 move crunch terastallize\n>p2 switch 4\n>p1 move taunt\n>p2 move swordsdance\n>p1 switch 3\n>p2 move ironhead\n>p1 switch 3\n>p2 switch 4\n>p1 move crunch\n>p2 move psychicnoise\n>p1 move crunch\n>p2 move psychicnoise\n>p1 switch 2\n>p1 move earthquake\n>p2 move thunderwave\n>p2 switch 3\n>p1 switch 5\n>p2 move bulkup\n>p1 move shellsmash\n>p2 move taunt\n>p1 switch 3\n>p2 move drainpunch\n>p1 move leafblade\n>p2 move bulkup\n>p1 switch 5\n>p1 move gunkshot\n>p2 move drainpunch\n>p1 move gunkshot\n>p2 move ragefist\n>p1 switch 3\n>p1 move acrobatics\n>p2 move taunt\n>p1 move acrobatics\n>p2 move ragefist", "uploadtime": 1781378438, "views": 7, "formatid": "gen9randombattle", "rating": null, "private": 0, "password": null}