{"id": "gen9randombattle-2631818408", "format": "[Gen 9] Random Battle", "players": ["AdvancedWelfare", "pablovr"], "log": "|j|\u2606AdvancedWelfare\n|j|\u2606pablovr\n|t:|1781444054\n|gametype|singles\n|player|p1|AdvancedWelfare|ghetsis|1927\n|player|p2|pablovr|hiker-gen4|1932\n|gen|9\n|tier|[Gen 9] Random Battle\n|rated|\n|rule|Species Clause: Limit one of each Pok\u00e9mon\n|rule|HP Percentage Mod: HP is shown in percentages\n|rule|Sleep Clause Mod: Limit one foe put to sleep\n|rule|Illusion Level Mod: Illusion disguises the Pok\u00e9mon's true level\n|\n|t:|1781444054\n|teamsize|p1|6\n|teamsize|p2|6\n|start\n|switch|p1a: Garchomp|Garchomp, L74, M|282/282\n|switch|p2a: Breloom|Breloom, L83, M|235/235\n|turn|1\n|\n|t:|1781444064\n|switch|p1a: Arbok|Arbok, L87, F|246/246\n|-ability|p1a: Arbok|Intimidate|boost\n|-unboost|p2a: Breloom|atk|1\n|move|p2a: Breloom|Swords Dance|p2a: Breloom\n|-boost|p2a: Breloom|atk|2\n|\n|upkeep\n|turn|2\n|\n|t:|1781444075\n|move|p1a: Arbok|Gunk Shot|p2a: Breloom\n|-supereffective|p2a: Breloom\n|-damage|p2a: Breloom|0 fnt\n|faint|p2a: Breloom\n|\n|upkeep\n|\n|t:|1781444079\n|switch|p2a: Archaludon|Archaludon, L78, F|268/268\n|turn|3\n|\n|t:|1781444082\n|move|p1a: Arbok|Coil|p1a: Arbok\n|-boost|p1a: Arbok|atk|1\n|-boost|p1a: Arbok|def|1\n|-boost|p1a: Arbok|accuracy|1\n|move|p2a: Archaludon|Swords Dance|p2a: Archaludon\n|-boost|p2a: Archaludon|atk|2\n|\n|upkeep\n|turn|4\n|\n|t:|1781444090\n|move|p1a: Arbok|Coil|p1a: Arbok\n|-boost|p1a: Arbok|atk|1\n|-boost|p1a: Arbok|def|1\n|-boost|p1a: Arbok|accuracy|1\n|move|p2a: Archaludon|Earthquake|p1a: Arbok\n|-supereffective|p1a: Arbok\n|-damage|p1a: Arbok|88/246\n|\n|-heal|p1a: Arbok|103/246|[from] item: Leftovers\n|upkeep\n|turn|5\n|\n|t:|1781444097\n|switch|p2a: Yanmega|Yanmega, L82, F|275/275\n|move|p1a: Arbok|Earthquake|p2a: Yanmega\n|-immune|p2a: Yanmega\n|\n|-heal|p1a: Arbok|118/246|[from] item: Leftovers\n|upkeep\n|turn|6\n|\n|t:|1781444103\n|move|p2a: Yanmega|Air Slash|p1a: Arbok\n|-damage|p1a: Arbok|27/246\n|move|p1a: Arbok|Gunk Shot|p2a: Yanmega\n|-damage|p2a: Yanmega|0 fnt\n|faint|p2a: Yanmega\n|\n|-heal|p1a: Arbok|42/246|[from] item: Leftovers\n|upkeep\n|\n|t:|1781444110\n|switch|p2a: Electivire|Electivire, L84, F|263/263\n|turn|7\n|\n|t:|1781444115\n|move|p2a: Electivire|Earthquake|p1a: Arbok\n|-supereffective|p1a: Arbok\n|-damage|p1a: Arbok|0 fnt\n|faint|p1a: Arbok\n|-damage|p2a: Electivire|237/263|[from] item: Life Orb\n|\n|upkeep\n|\n|t:|1781444128\n|switch|p1a: Iron Boulder|Iron Boulder, L77|265/265\n|-enditem|p1a: Iron Boulder|Booster Energy\n|-activate|p1a: Iron Boulder|ability: Quark Drive|[fromitem]\n|-start|p1a: Iron Boulder|quarkdrivespe\n|turn|8\n|\n|t:|1781444136\n|move|p1a: Iron Boulder|Close Combat|p2a: Electivire\n|-damage|p2a: Electivire|131/263\n|-unboost|p1a: Iron Boulder|def|1\n|-unboost|p1a: Iron Boulder|spd|1\n|move|p2a: Electivire|Earthquake|p1a: Iron Boulder\n|-supereffective|p1a: Iron Boulder\n|-damage|p1a: Iron Boulder|0 fnt\n|faint|p1a: Iron Boulder\n|-end|p1a: Iron Boulder|Quark Drive|[silent]\n|-damage|p2a: Electivire|105/263|[from] item: Life Orb\n|\n|upkeep\n|\n|t:|1781444143\n|switch|p1a: Zebstrika|Zebstrika, L87, M|272/272\n|turn|9\n|\n|t:|1781444156\n|move|p1a: Zebstrika|Overheat|p2a: Electivire\n|-damage|p2a: Electivire|0 fnt\n|-unboost|p1a: Zebstrika|spa|2\n|faint|p2a: Electivire\n|-damage|p1a: Zebstrika|245/272|[from] item: Life Orb\n|\n|upkeep\n|\n|t:|1781444166\n|switch|p2a: Archaludon|Archaludon, L78, F|268/268\n|turn|10\n|\n|t:|1781444176\n|switch|p1a: Garchomp|Garchomp, L74, M|282/282\n|-terastallize|p2a: Archaludon|Ground\n|move|p2a: Archaludon|Swords Dance|p2a: Archaludon\n|-boost|p2a: Archaludon|atk|2\n|\n|upkeep\n|turn|11\n|\n|t:|1781444189\n|move|p1a: Garchomp|Outrage|p2a: Archaludon\n|-damage|p2a: Archaludon|162/268\n|-ability|p2a: Archaludon|Stamina|boost\n|-boost|p2a: Archaludon|def|1\n|move|p2a: Archaludon|Earthquake|p1a: Garchomp\n|-damage|p1a: Garchomp|71/282\n|\n|upkeep\n|turn|12\n|\n|t:|1781444197\n|move|p1a: Garchomp|Outrage|p2a: Archaludon|[from] lockedmove\n|-damage|p2a: Archaludon|90/268\n|-ability|p2a: Archaludon|Stamina|boost\n|-boost|p2a: Archaludon|def|1\n|move|p2a: Archaludon|Earthquake|p1a: Garchomp\n|-damage|p1a: Garchomp|0 fnt\n|faint|p1a: Garchomp\n|\n|upkeep\n|\n|t:|1781444201\n|switch|p1a: Zebstrika|Zebstrika, L87, M|245/272\n|turn|13\n|\n|t:|1781444205\n|move|p1a: Zebstrika|Overheat|p2a: Archaludon\n|-damage|p2a: Archaludon|0 fnt\n|-unboost|p1a: Zebstrika|spa|2\n|faint|p2a: Archaludon\n|-damage|p1a: Zebstrika|218/272|[from] item: Life Orb\n|\n|upkeep\n|\n|t:|1781444210\n|switch|p2a: Reuniclus|Reuniclus, L88, F|337/337\n|turn|14\n|\n|t:|1781444213\n|move|p1a: Zebstrika|Supercell Slam|p2a: Reuniclus|[miss]\n|-miss|p1a: Zebstrika|p2a: Reuniclus\n|-damage|p1a: Zebstrika|82/272|[from] supercellslam\n|move|p2a: Reuniclus|Psychic|p1a: Zebstrika\n|-damage|p1a: Zebstrika|0 fnt\n|faint|p1a: Zebstrika\n|\n|upkeep\n|\n|t:|1781444216\n|switch|p1a: Banette|Banette, L93, M|270/270\n|turn|15\n|\n|t:|1781444221\n|-terastallize|p1a: Banette|Ghost\n|move|p1a: Banette|Poltergeist|p2a: Reuniclus\n|-activate|p2a: Reuniclus|move: Poltergeist|Life Orb\n|-supereffective|p2a: Reuniclus\n|-crit|p2a: Reuniclus\n|-damage|p2a: Reuniclus|0 fnt\n|faint|p2a: Reuniclus\n|-damage|p1a: Banette|243/270|[from] item: Life Orb\n|\n|upkeep\n|\n|t:|1781444224\n|switch|p2a: Swalot|Swalot, L90, F|326/326\n|turn|16\n|\n|t:|1781444228\n|move|p1a: Banette|Poltergeist|p2a: Swalot\n|-activate|p2a: Swalot|move: Poltergeist|Leftovers\n|-damage|p2a: Swalot|71/326\n|-damage|p1a: Banette|216/270|[from] item: Life Orb\n|move|p2a: Swalot|Knock Off|p1a: Banette\n|-supereffective|p1a: Banette\n|-damage|p1a: Banette|64/270\n|-enditem|p1a: Banette|Life Orb|[from] move: Knock Off|[of] p2a: Swalot\n|\n|-heal|p2a: Swalot|91/326|[from] item: Leftovers\n|upkeep\n|turn|17\n|\n|t:|1781444233\n|move|p1a: Banette|Poltergeist|p2a: Swalot|[miss]\n|-miss|p1a: Banette|p2a: Swalot\n|move|p2a: Swalot|Knock Off|p1a: Banette\n|-supereffective|p1a: Banette\n|-damage|p1a: Banette|0 fnt\n|faint|p1a: Banette\n|\n|-heal|p2a: Swalot|111/326|[from] item: Leftovers\n|upkeep\n|\n|t:|1781444236\n|switch|p1a: Clefable|Clefable, L83, F|293/293\n|turn|18\n|\n|t:|1781444242\n|move|p2a: Swalot|Gunk Shot|p1a: Clefable\n|-supereffective|p1a: Clefable\n|-damage|p1a: Clefable|39/293\n|move|p1a: Clefable|Fire Blast|p2a: Swalot\n|-damage|p2a: Swalot|20/326\n|\n|-heal|p2a: Swalot|40/326|[from] item: Leftovers\n|upkeep\n|turn|19\n|\n|t:|1781444250\n|move|p2a: Swalot|Earthquake|p1a: Clefable\n|-damage|p1a: Clefable|0 fnt\n|faint|p1a: Clefable\n|\n|win|pablovr\n", "inputlog": ">version a8376a258c1d4662feba110a92103f3664a72141\n>start {\"formatid\":\"gen9randombattle\",\"seed\":\"sodium,a1e14eea5c396d012e9fa85c0b8ba9a2\",\"rated\":\"Rated battle\"}\n>player p1 {\"name\":\"AdvancedWelfare\",\"avatar\":\"ghetsis\",\"rating\":1927,\"seed\":\"sodium,d61cb1d2760f73788590695cf277b0c3\"}\n>player p2 {\"name\":\"pablovr\",\"avatar\":\"hiker-gen4\",\"rating\":1932,\"seed\":\"sodium,52b00f0c76ade5f220bdcd6a3e2c15fa\"}\n>p1 switch 5\n>p2 move swordsdance\n>p1 move gunkshot\n>p2 move rocktomb\n>p2 switch 4\n>p1 move coil\n>p2 move swordsdance\n>p1 move coil\n>p2 move earthquake\n>p1 move earthquake\n>p2 switch 2\n>p1 move gunkshot\n>p2 move airslash\n>p2 switch 5\n>p1 move earthquake\n>p2 move earthquake\n>p1 switch 4\n>p1 move closecombat\n>p2 move earthquake\n>p1 switch 2\n>p1 move overheat\n>p2 move earthquake\n>p2 switch 2\n>p1 switch 5\n>p2 move swordsdance terastallize\n>p1 move outrage\n>p2 move earthquake\n>p1 move outrage\n>p2 move earthquake\n>p1 switch 5\n>p1 move overheat\n>p2 move earthquake\n>p2 switch 6\n>p1 move supercellslam\n>p2 move psychic\n>p1 switch 6\n>p1 move poltergeist terastallize\n>p2 move psychic\n>p2 switch 3\n>p1 move poltergeist\n>p2 move knockoff\n>p1 move poltergeist\n>p2 move knockoff\n>p1 switch 3\n>p1 move fireblast\n>p2 move gunkshot\n>p1 move fireblast\n>p2 move earthquake", "uploadtime": 1781444056, "views": 5, "formatid": "gen9randombattle", "rating": null, "private": 0, "password": null}