{"id": "gen9randombattle-2631951307", "format": "[Gen 9] Random Battle", "players": ["lenee", "fatgamerpro"], "log": "|j|\u2606lenee\n|j|\u2606fatgamerpro\n|t:|1781459164\n|gametype|singles\n|player|p1|lenee|266|2027\n|player|p2|fatgamerpro|ruinmaniac|1943\n|gen|9\n|tier|[Gen 9] Random Battle\n|rated|\n|rule|Species Clause: Limit one of each Pok\u00e9mon\n|rule|HP Percentage Mod: HP is shown in percentages\n|rule|Sleep Clause Mod: Limit one foe put to sleep\n|rule|Illusion Level Mod: Illusion disguises the Pok\u00e9mon's true level\n|\n|t:|1781459164\n|teamsize|p1|6\n|teamsize|p2|6\n|start\n|switch|p1a: Dachsbun|Dachsbun, L92, M|254/254\n|switch|p2a: Duraludon|Duraludon, L82, M|249/249\n|turn|1\n|inactive|Battle timer is ON: inactive players will automatically lose when time's up. (requested by fatgamerpro)\n|\n|t:|1781459185\n|switch|p1a: Oricorio|Oricorio-Pom-Pom, L82, M|257/257\n|move|p2a: Duraludon|Flash Cannon|p1a: Oricorio\n|-resisted|p1a: Oricorio\n|-damage|p1a: Oricorio|203/257\n|\n|upkeep\n|turn|2\n|\n|t:|1781459192\n|switch|p2a: Diancie|Diancie, L82|216/216\n|move|p1a: Oricorio|Quiver Dance|p1a: Oricorio\n|-boost|p1a: Oricorio|spa|1\n|-boost|p1a: Oricorio|spd|1\n|-boost|p1a: Oricorio|spe|1\n|\n|upkeep\n|turn|3\n|\n|t:|1781459197\n|-terastallize|p1a: Oricorio|Ground\n|move|p1a: Oricorio|Revelation Dance|p2a: Diancie\n|-supereffective|p2a: Diancie\n|-damage|p2a: Diancie|102/216\n|move|p2a: Diancie|Diamond Storm|p1a: Oricorio\n|-resisted|p1a: Oricorio\n|-damage|p1a: Oricorio|146/257\n|\n|upkeep\n|turn|4\n|\n|t:|1781459205\n|move|p1a: Oricorio|Quiver Dance|p1a: Oricorio\n|-boost|p1a: Oricorio|spa|1\n|-boost|p1a: Oricorio|spd|1\n|-boost|p1a: Oricorio|spe|1\n|move|p2a: Diancie|Body Press|p1a: Oricorio\n|-damage|p1a: Oricorio|49/257\n|\n|upkeep\n|turn|5\n|\n|t:|1781459210\n|move|p1a: Oricorio|Roost|p1a: Oricorio\n|-heal|p1a: Oricorio|178/257\n|move|p2a: Diancie|Body Press|p1a: Oricorio\n|-damage|p1a: Oricorio|91/257\n|\n|upkeep\n|turn|6\n|\n|t:|1781459217\n|move|p1a: Oricorio|Roost|p1a: Oricorio\n|-heal|p1a: Oricorio|220/257\n|move|p2a: Diancie|Body Press|p1a: Oricorio\n|-damage|p1a: Oricorio|128/257\n|\n|upkeep\n|turn|7\n|\n|t:|1781459220\n|move|p1a: Oricorio|Revelation Dance|p2a: Diancie\n|-supereffective|p2a: Diancie\n|-damage|p2a: Diancie|0 fnt\n|faint|p2a: Diancie\n|\n|upkeep\n|\n|t:|1781459246\n|switch|p2a: Slither Wing|Slither Wing, L81|270/270\n|turn|8\n|\n|t:|1781459252\n|switch|p1a: Coalossal|Coalossal, L89, M|341/341\n|-terastallize|p2a: Slither Wing|Steel\n|move|p2a: Slither Wing|Close Combat|p1a: Coalossal\n|-supereffective|p1a: Coalossal\n|-damage|p1a: Coalossal|105/341\n|-unboost|p2a: Slither Wing|def|1\n|-unboost|p2a: Slither Wing|spd|1\n|\n|upkeep\n|turn|9\n|\n|t:|1781459265\n|-end|p2a: Slither Wing|Protosynthesis|[silent]\n|switch|p2a: Duraludon|Duraludon, L82, M|249/249\n|switch|p1a: Gengar|Gengar, L81, F|230/230\n|\n|upkeep\n|turn|10\n|\n|t:|1781459271\n|move|p1a: Gengar|Focus Blast|p2a: Duraludon\n|-supereffective|p2a: Duraludon\n|-crit|p2a: Duraludon\n|-damage|p2a: Duraludon|0 fnt\n|faint|p2a: Duraludon\n|\n|upkeep\n|\n|t:|1781459276\n|switch|p2a: Deoxys|Deoxys-Speed, L82|216/216\n|-ability|p2a: Deoxys|Pressure\n|turn|11\n|\n|t:|1781459287\n|switch|p1a: Dachsbun|Dachsbun, L92, M|254/254\n|move|p2a: Deoxys|Nasty Plot|p2a: Deoxys\n|-boost|p2a: Deoxys|spa|2\n|\n|upkeep\n|turn|12\n|\n|t:|1781459292\n|switch|p1a: Coalossal|Coalossal, L89, M|105/341\n|move|p2a: Deoxys|Psycho Boost|p1a: Coalossal\n|-damage|p1a: Coalossal|0 fnt\n|-unboost|p2a: Deoxys|spa|2\n|faint|p1a: Coalossal\n|-damage|p2a: Deoxys|195/216|[from] item: Life Orb\n|\n|upkeep\n|\n|t:|1781459298\n|switch|p1a: Porygon2|Porygon2, L81|270/270\n|-ability|p1a: Porygon2|Download|boost\n|-boost|p1a: Porygon2|spa|1\n|turn|13\n|\n|t:|1781459305\n|switch|p2a: Hitmonchan|Hitmonchan, L87, M|229/229\n|move|p1a: Porygon2|Tri Attack|p2a: Hitmonchan\n|-damage|p2a: Hitmonchan|132/229\n|\n|-heal|p2a: Hitmonchan|146/229|[from] item: Leftovers\n|upkeep\n|turn|14\n|\n|t:|1781459310\n|move|p2a: Hitmonchan|Drain Punch|p1a: Porygon2\n|-supereffective|p1a: Porygon2\n|-damage|p1a: Porygon2|112/270\n|-heal|p2a: Hitmonchan|225/229|[from] drain|[of] p1a: Porygon2\n|move|p1a: Porygon2|Tri Attack|p2a: Hitmonchan\n|-damage|p2a: Hitmonchan|114/229\n|\n|-heal|p2a: Hitmonchan|128/229|[from] item: Leftovers\n|upkeep\n|turn|15\n|\n|t:|1781459321\n|switch|p1a: Gengar|Gengar, L81, F|230/230\n|move|p2a: Hitmonchan|Knock Off|p1a: Gengar\n|-supereffective|p1a: Gengar\n|-damage|p1a: Gengar|34/230\n|-start|p2a: Hitmonchan|Disable|Knock Off|[from] ability: Cursed Body|[of] p1a: Gengar\n|-enditem|p1a: Gengar|Choice Specs|[from] move: Knock Off|[of] p2a: Hitmonchan\n|\n|-heal|p2a: Hitmonchan|142/229|[from] item: Leftovers\n|upkeep\n|turn|16\n|\n|t:|1781459329\n|switch|p2a: Regigigas|Regigigas, L84|322/322\n|-start|p2a: Regigigas|ability: Slow Start\n|move|p1a: Gengar|Sludge Wave|p2a: Regigigas\n|-damage|p2a: Regigigas|226/322\n|-status|p2a: Regigigas|psn\n|\n|-heal|p2a: Regigigas|246/322 psn|[from] item: Leftovers\n|-damage|p2a: Regigigas|206/322 psn|[from] psn\n|upkeep\n|turn|17\n|\n|t:|1781459332\n|switch|p2a: Slither Wing|Slither Wing, L81, tera:Steel|270/270\n|move|p1a: Gengar|Focus Blast|p2a: Slither Wing\n|-supereffective|p2a: Slither Wing\n|-damage|p2a: Slither Wing|84/270\n|\n|upkeep\n|turn|18\n|-message|fatgamerpro forfeited.\n|\n|win|lenee\n", "uploadtime": 1781459165, "views": 3, "formatid": "gen9randombattle", "rating": null, "private": 0, "password": null}