{"id": "gen9randombattle-2631641033", "format": "[Gen 9] Random Battle", "players": ["Andy_Galla", "mechroape"], "log": "|j|\u2606Andy_Galla\n|j|\u2606mechroape\n|t:|1781413342\n|gametype|singles\n|player|p1|Andy_Galla|bugcatcher-gen4dp|1926\n|player|p2|mechroape|brycen|1927\n|gen|9\n|tier|[Gen 9] Random Battle\n|rated|\n|rule|Species Clause: Limit one of each Pok\u00e9mon\n|rule|HP Percentage Mod: HP is shown in percentages\n|rule|Sleep Clause Mod: Limit one foe put to sleep\n|rule|Illusion Level Mod: Illusion disguises the Pok\u00e9mon's true level\n|\n|t:|1781413342\n|teamsize|p1|6\n|teamsize|p2|6\n|start\n|switch|p1a: Meowstic|Meowstic, L89, M|277/277\n|switch|p2a: Floatzel|Floatzel, L86, F|286/286\n|turn|1\n|inactive|Battle timer is ON: inactive players will automatically lose when time's up. (requested by mechroape)\n|\n|t:|1781413355\n|switch|p2a: Iron Treads|Iron Treads, L77|265/265\n|move|p1a: Meowstic|Reflect|p1a: Meowstic\n|-sidestart|p1: Andy_Galla|Reflect\n|\n|upkeep\n|turn|2\n|\n|t:|1781413361\n|switch|p1a: Quagsire|Quagsire, L84, F|297/297\n|move|p2a: Iron Treads|Earthquake|p1a: Quagsire\n|-damage|p1a: Quagsire|243/297\n|\n|-heal|p1a: Quagsire|261/297|[from] item: Leftovers\n|upkeep\n|turn|3\n|\n|t:|1781413371\n|-end|p2a: Iron Treads|Quark Drive|[silent]\n|switch|p2a: Reuniclus|Reuniclus, L88, F|337/337\n|move|p1a: Quagsire|Toxic|p2a: Reuniclus\n|-status|p2a: Reuniclus|tox\n|\n|-heal|p1a: Quagsire|279/297|[from] item: Leftovers\n|upkeep\n|turn|4\n|j| tyrantkingdad\n|\n|t:|1781413398\n|move|p1a: Quagsire|Earthquake|p2a: Reuniclus\n|-damage|p2a: Reuniclus|234/337 tox\n|move|p2a: Reuniclus|Psyshock|p1a: Quagsire\n|-damage|p1a: Quagsire|126/297\n|\n|-heal|p1a: Quagsire|144/297|[from] item: Leftovers\n|upkeep\n|turn|5\n|\n|t:|1781413407\n|switch|p1a: Meowstic|Meowstic, L89, M|277/277\n|move|p2a: Reuniclus|Psyshock|p1a: Meowstic\n|-resisted|p1a: Meowstic\n|-damage|p1a: Meowstic|199/277\n|\n|upkeep\n|turn|6\n|inactive|Andy_Galla has 120 seconds left.\n|\n|t:|1781413431\n|move|p1a: Meowstic|Psychic Noise|p2a: Reuniclus\n|-resisted|p2a: Reuniclus\n|-damage|p2a: Reuniclus|193/337 tox\n|-start|p2a: Reuniclus|move: Heal Block\n|move|p2a: Reuniclus|Psyshock|p1a: Meowstic\n|-resisted|p1a: Meowstic\n|-damage|p1a: Meowstic|115/277\n|\n|upkeep\n|turn|7\n|inactive|Andy_Galla has 120 seconds left.\n|\n|t:|1781413445\n|move|p1a: Meowstic|Psychic Noise|p2a: Reuniclus\n|-resisted|p2a: Reuniclus\n|-damage|p2a: Reuniclus|154/337 tox\n|move|p2a: Reuniclus|Psyshock|p1a: Meowstic\n|-resisted|p1a: Meowstic\n|-damage|p1a: Meowstic|37/277\n|\n|-end|p2a: Reuniclus|move: Heal Block\n|upkeep\n|turn|8\n|\n|t:|1781413455\n|move|p1a: Meowstic|Psychic Noise|p2a: Reuniclus\n|-resisted|p2a: Reuniclus\n|-damage|p2a: Reuniclus|114/337 tox\n|-start|p2a: Reuniclus|move: Heal Block\n|move|p2a: Reuniclus|Psyshock|p1a: Meowstic\n|-resisted|p1a: Meowstic\n|-damage|p1a: Meowstic|0 fnt\n|faint|p1a: Meowstic\n|\n|-sideend|p1: Andy_Galla|Reflect\n|upkeep\n|inactive|Andy_Galla has 120 seconds left.\n|\n|t:|1781413480\n|switch|p1a: Floatzel|Floatzel, L86, F|286/286\n|turn|9\n|\n|t:|1781413488\n|switch|p2a: Floatzel|Floatzel, L86, F|286/286\n|move|p1a: Floatzel|Wave Crash|p2a: Floatzel\n|-resisted|p2a: Floatzel\n|-damage|p2a: Floatzel|192/286\n|-damage|p1a: Floatzel|255/286|[from] Recoil\n|\n|-heal|p1a: Floatzel|272/286|[from] item: Leftovers\n|upkeep\n|turn|10\n|\n|t:|1781413502\n|switch|p1a: Dachsbun|Dachsbun, L92, M|254/254\n|move|p2a: Floatzel|Flip Turn|p1a: Dachsbun\n|-damage|p1a: Dachsbun|173/254\n|\n|t:|1781413512\n|switch|p2a: Iron Treads|Iron Treads, L77|265/265|[from] Flip Turn\n|\n|-heal|p1a: Dachsbun|188/254|[from] item: Leftovers\n|upkeep\n|turn|11\n|inactive|Andy_Galla has 120 seconds left.\n|\n|t:|1781413518\n|switch|p1a: Quagsire|Quagsire, L84, F|144/297\n|move|p2a: Iron Treads|Earthquake|p1a: Quagsire\n|-damage|p1a: Quagsire|47/297\n|\n|-heal|p1a: Quagsire|65/297|[from] item: Leftovers\n|upkeep\n|turn|12\n|inactive|Andy_Galla has 120 seconds left.\n|\n|t:|1781413528\n|move|p2a: Iron Treads|Earthquake|p1a: Quagsire\n|-damage|p1a: Quagsire|0 fnt\n|faint|p1a: Quagsire\n|\n|upkeep\n|inactive|Andy_Galla has 120 seconds left.\n|\n|t:|1781413546\n|switch|p1a: Floatzel|Floatzel, L86, F|272/286\n|turn|13\n|\n|t:|1781413550\n|move|p1a: Floatzel|Bulk Up|p1a: Floatzel\n|-boost|p1a: Floatzel|atk|1\n|-boost|p1a: Floatzel|def|1\n|move|p2a: Iron Treads|Volt Switch|p1a: Floatzel\n|-supereffective|p1a: Floatzel\n|-damage|p1a: Floatzel|170/286\n|inactive|mechroape has 120 seconds left.\n|\n|t:|1781413601\n|-end|p2a: Iron Treads|Quark Drive|[silent]\n|switch|p2a: Magnezone|Magnezone, L85|258/258|[from] Volt Switch\n|\n|-heal|p1a: Floatzel|187/286|[from] item: Leftovers\n|upkeep\n|turn|14\n|\n|t:|1781413614\n|move|p1a: Floatzel|Wave Crash|p2a: Magnezone\n|-damage|p2a: Magnezone|86/258\n|-damage|p1a: Floatzel|130/286|[from] Recoil\n|move|p2a: Magnezone|Thunderbolt|p1a: Floatzel\n|-supereffective|p1a: Floatzel\n|-damage|p1a: Floatzel|0 fnt\n|faint|p1a: Floatzel\n|\n|upkeep\n|inactive|Andy_Galla has 120 seconds left.\n|\n|t:|1781413637\n|switch|p1a: Garchomp|Garchomp, L74, M|282/282\n|turn|15\n|inactive|mechroape has 120 seconds left.\n|\n|t:|1781413651\n|move|p1a: Garchomp|Swords Dance|p1a: Garchomp\n|-boost|p1a: Garchomp|atk|2\n|move|p2a: Magnezone|Flash Cannon|p1a: Garchomp\n|-damage|p1a: Garchomp|158/282\n|\n|upkeep\n|turn|16\n|\n|t:|1781413660\n|move|p1a: Garchomp|Scale Shot|p2a: Magnezone\n|-resisted|p2a: Magnezone\n|-damage|p2a: Magnezone|67/258\n|-resisted|p2a: Magnezone\n|-damage|p2a: Magnezone|47/258\n|-resisted|p2a: Magnezone\n|-damage|p2a: Magnezone|26/258\n|-resisted|p2a: Magnezone\n|-damage|p2a: Magnezone|6/258\n|-hitcount|p2a: Magnezone|4\n|-unboost|p1a: Garchomp|def|1\n|-boost|p1a: Garchomp|spe|1\n|move|p2a: Magnezone|Flash Cannon|p1a: Garchomp\n|-damage|p1a: Garchomp|19/282\n|\n|upkeep\n|turn|17\n|inactive|Andy_Galla has 120 seconds left.\n|\n|t:|1781413674\n|move|p1a: Garchomp|Scale Shot|p2a: Magnezone\n|-resisted|p2a: Magnezone\n|-damage|p2a: Magnezone|0 fnt\n|faint|p2a: Magnezone\n|-hitcount|p2: Magnezone|1\n|-unboost|p1a: Garchomp|def|1\n|-boost|p1a: Garchomp|spe|1\n|\n|upkeep\n|\n|t:|1781413679\n|switch|p2a: Drifblim|Drifblim, L86, F|396/396\n|turn|18\n|inactive|Andy_Galla has 120 seconds left.\n|\n|t:|1781413708\n|move|p1a: Garchomp|Iron Head|p2a: Drifblim\n|-damage|p2a: Drifblim|214/396\n|move|p2a: Drifblim|Shadow Ball|p1a: Garchomp\n|-damage|p1a: Garchomp|0 fnt\n|faint|p1a: Garchomp\n|\n|upkeep\n|\n|t:|1781413720\n|switch|p1a: Alcremie|Alcremie-Rainbow-Swirl, L90, F|263/263\n|turn|19\n|\n|t:|1781413726\n|switch|p2a: Floatzel|Floatzel, L86, F|192/286\n|move|p1a: Alcremie|Calm Mind|p1a: Alcremie\n|-boost|p1a: Alcremie|spa|1\n|-boost|p1a: Alcremie|spd|1\n|\n|upkeep\n|turn|20\n|\n|t:|1781413733\n|move|p2a: Floatzel|Wave Crash|p1a: Alcremie\n|-damage|p1a: Alcremie|50/263\n|-damage|p2a: Floatzel|122/286|[from] Recoil\n|move|p1a: Alcremie|Recover|p1a: Alcremie\n|-heal|p1a: Alcremie|182/263\n|\n|-heal|p1a: Alcremie|198/263|[from] item: Leftovers\n|upkeep\n|turn|21\n|\n|t:|1781413742\n|switch|p1a: Dachsbun|Dachsbun, L92, M|188/254\n|move|p2a: Floatzel|Wave Crash|p1a: Dachsbun\n|-damage|p1a: Dachsbun|26/254\n|-damage|p2a: Floatzel|69/286|[from] Recoil\n|\n|-heal|p1a: Dachsbun|41/254|[from] item: Leftovers\n|upkeep\n|turn|22\n|inactive|Andy_Galla has 120 seconds left.\n|\n|t:|1781413752\n|move|p1a: Dachsbun|Protect|p1a: Dachsbun\n|-singleturn|p1a: Dachsbun|Protect\n|move|p2a: Floatzel|Wave Crash|p1a: Dachsbun\n|-activate|p1a: Dachsbun|move: Protect\n|\n|-heal|p1a: Dachsbun|56/254|[from] item: Leftovers\n|upkeep\n|turn|23\n|inactive|Andy_Galla has 120 seconds left.\n|\n|t:|1781413760\n|move|p2a: Floatzel|Wave Crash|p1a: Dachsbun\n|-damage|p1a: Dachsbun|0 fnt\n|faint|p1a: Dachsbun\n|-damage|p2a: Floatzel|51/286|[from] Recoil\n|\n|upkeep\n|inactive|Andy_Galla has 120 seconds left.\n|\n|t:|1781413766\n|switch|p1a: Alcremie|Alcremie-Rainbow-Swirl, L90, F|198/263\n|turn|24\n|\n|t:|1781413771\n|-terastallize|p2a: Floatzel|Water\n|move|p2a: Floatzel|Wave Crash|p1a: Alcremie\n|-damage|p1a: Alcremie|0 fnt\n|faint|p1a: Alcremie\n|-damage|p2a: Floatzel|0 fnt|[from] Recoil\n|faint|p2a: Floatzel\n|\n|win|mechroape\n", "inputlog": ">version a8376a258c1d4662feba110a92103f3664a72141\n>start {\"formatid\":\"gen9randombattle\",\"seed\":\"sodium,62f7938a72dc48529e0335776565f9cc\",\"rated\":\"Rated battle\"}\n>player p1 {\"name\":\"Andy_Galla\",\"avatar\":\"bugcatcher-gen4dp\",\"rating\":1926,\"seed\":\"sodium,0ce5b21b941d28601dfafc6512acd852\"}\n>player p2 {\"name\":\"mechroape\",\"avatar\":\"brycen\",\"rating\":1927,\"seed\":\"sodium,35e2a565c7eb623cbe41b9b56ace6239\"}\n>p1 move reflect\n>p2 switch 4\n>p1 switch 2\n>p2 move earthquake\n>p1 move toxic\n>p2 switch 3\n>p1 move earthquake\n>p2 move psyshock\n>p1 switch 2\n>p2 move psyshock\n>p1 move psychicnoise\n>p2 move psyshock\n>p1 move psychicnoise\n>p2 move psyshock\n>p1 move psychicnoise\n>p2 move psyshock\n>p1 switch 3\n>p1 move wavecrash\n>p2 switch 4\n>p1 switch 5\n>p2 move flipturn\n>p2 switch 3\n>p1 switch 2\n>p2 move earthquake\n>p1 move recover\n>p2 move earthquake\n>p1 switch 5\n>p1 move bulkup\n>p2 move voltswitch\n>p2 switch 2\n>p1 move wavecrash\n>p2 move thunderbolt\n>p1 switch 4\n>p1 move swordsdance\n>p2 move flashcannon\n>p1 move scaleshot\n>p2 move flashcannon\n>p1 move scaleshot\n>p2 move flashcannon\n>p2 switch 6\n>p1 move ironhead\n>p2 move shadowball\n>p1 switch 6\n>p1 move calmmind\n>p2 switch 3\n>p1 move recover\n>p2 move wavecrash\n>p1 switch 2\n>p2 move wavecrash\n>p1 move protect\n>p2 move wavecrash\n>p1 move yawn\n>p2 move wavecrash\n>p1 switch 2\n>p1 move alluringvoice\n>p2 move wavecrash terastallize", "uploadtime": 1781413344, "views": 5, "formatid": "gen9randombattle", "rating": null, "private": 0, "password": null}