{"id": "gen9randombattle-2631516749", "format": "[Gen 9] Random Battle", "players": ["crimdawgx2", "tom the genie"], "log": "|j|\u203dcrimdawgx2\n|j|\u2606tom the genie\n|t:|1781395325\n|gametype|singles\n|player|p1|crimdawgx2|102|1550\n|player|p2|tom the genie|harlequin|1502\n|gen|9\n|tier|[Gen 9] Random Battle\n|rated|\n|rule|Species Clause: Limit one of each Pok\u00e9mon\n|rule|HP Percentage Mod: HP is shown in percentages\n|rule|Sleep Clause Mod: Limit one foe put to sleep\n|rule|Illusion Level Mod: Illusion disguises the Pok\u00e9mon's true level\n|\n|t:|1781395325\n|teamsize|p1|6\n|teamsize|p2|6\n|start\n|switch|p1a: Skeledirge|Skeledirge, L79, F|294/294\n|switch|p2a: Golem|Golem-Alola, L93, F|300/300\n|turn|1\n|inactive|Battle timer is ON: inactive players will automatically lose when time's up. (requested by tom the genie)\n|inactive|crimdawgx2 also wants the timer to be on.\n|inactive|crimdawgx2 has 120 seconds left.\n|\n|t:|1781395370\n|switch|p1a: Furret|Furret, L94, F|312/312\n|-item|p2a: Golem|Life Orb|[from] ability: Frisk|[of] p1a: Furret\n|switch|p2a: Sableye|Sableye, L88, M|231/231\n|\n|upkeep\n|turn|2\n|\n|t:|1781395389\n|move|p2a: Sableye|Thunder Wave|p1a: Furret|[miss]\n|-miss|p2a: Sableye|p1a: Furret\n|move|p1a: Furret|Knock Off|p2a: Sableye\n|-damage|p2a: Sableye|130/231\n|-enditem|p2a: Sableye|Leftovers|[from] move: Knock Off|[of] p1a: Furret\n|-damage|p1a: Furret|281/312|[from] item: Life Orb\n|\n|upkeep\n|turn|3\n|\n|t:|1781395403\n|switch|p1a: Groudon|Groudon, L72|263/263\n|-weather|SunnyDay|[from] ability: Drought|[of] p1a: Groudon\n|move|p2a: Sableye|Thunder Wave|p1a: Groudon\n|-immune|p1a: Groudon\n|\n|-weather|SunnyDay|[upkeep]\n|upkeep\n|turn|4\n|\n|t:|1781395414\n|move|p2a: Sableye|Recover|p2a: Sableye\n|-heal|p2a: Sableye|231/231\n|move|p1a: Groudon|Stealth Rock|p2a: Sableye\n|-sidestart|p2: tom the genie|move: Stealth Rock\n|\n|-weather|SunnyDay|[upkeep]\n|upkeep\n|turn|5\n|\n|t:|1781395421\n|move|p2a: Sableye|Encore|p1a: Groudon\n|-start|p1a: Groudon|Encore\n|move|p1a: Groudon|Stealth Rock||[still]\n|-fail|p1a: Groudon\n|\n|-weather|SunnyDay|[upkeep]\n|upkeep\n|turn|6\n|\n|t:|1781395440\n|switch|p1a: Mimikyu|Mimikyu, L79, M|216/216\n|move|p2a: Sableye|Knock Off|p1a: Mimikyu\n|-activate|p1a: Mimikyu|ability: Disguise\n|-damage|p1a: Mimikyu|216/216\n|-enditem|p1a: Mimikyu|Life Orb|[from] move: Knock Off|[of] p2a: Sableye\n|detailschange|p1a: Mimikyu|Mimikyu-Busted, L79, M\n|-damage|p1a: Mimikyu|189/216|[from] pokemon: Mimikyu-Busted\n|\n|-weather|SunnyDay|[upkeep]\n|upkeep\n|turn|7\n|\n|t:|1781395452\n|move|p2a: Sableye|Thunder Wave|p1a: Mimikyu\n|-status|p1a: Mimikyu|par\n|move|p1a: Mimikyu|Play Rough|p2a: Sableye\n|-supereffective|p2a: Sableye\n|-damage|p2a: Sableye|61/231\n|\n|-weather|none\n|upkeep\n|turn|8\n|\n|t:|1781395470\n|switch|p2a: Arbok|Arbok, L87, M|246/246\n|-damage|p2a: Arbok|216/246|[from] Stealth Rock\n|-ability|p2a: Arbok|Intimidate|boost\n|-unboost|p1a: Mimikyu|atk|1\n|move|p1a: Mimikyu|Play Rough|p2a: Arbok\n|-resisted|p2a: Arbok\n|-damage|p2a: Arbok|186/246\n|\n|-heal|p2a: Arbok|201/246|[from] item: Leftovers\n|upkeep\n|turn|9\n|\n|t:|1781395484\n|switch|p1a: Groudon|Groudon, L72|263/263\n|-weather|SunnyDay|[from] ability: Drought|[of] p1a: Groudon\n|move|p2a: Arbok|Coil|p2a: Arbok\n|-boost|p2a: Arbok|atk|1\n|-boost|p2a: Arbok|def|1\n|-boost|p2a: Arbok|accuracy|1\n|\n|-weather|SunnyDay|[upkeep]\n|-heal|p2a: Arbok|216/246|[from] item: Leftovers\n|upkeep\n|turn|10\n|\n|t:|1781395498\n|-terastallize|p2a: Arbok|Dark\n|move|p2a: Arbok|Sucker Punch||[still]\n|-fail|p2a: Arbok\n|move|p1a: Groudon|Will-O-Wisp|p2a: Arbok\n|-status|p2a: Arbok|brn\n|\n|-weather|SunnyDay|[upkeep]\n|-heal|p2a: Arbok|231/246 brn|[from] item: Leftovers\n|-damage|p2a: Arbok|216/246 brn|[from] brn\n|upkeep\n|turn|11\n|\n|t:|1781395510\n|move|p2a: Arbok|Earthquake|p1a: Groudon\n|-damage|p1a: Groudon|219/263\n|move|p1a: Groudon|Heat Crash|p2a: Arbok\n|-damage|p2a: Arbok|121/246 brn\n|\n|-weather|SunnyDay|[upkeep]\n|-heal|p2a: Arbok|136/246 brn|[from] item: Leftovers\n|-heal|p1a: Groudon|235/263|[from] item: Leftovers\n|-damage|p2a: Arbok|121/246 brn|[from] brn\n|upkeep\n|turn|12\n|-message|tom the genie forfeited.\n|\n|win|crimdawgx2\n|raw|crimdawgx2's rating: 1550 &rarr; <strong>1567</strong><br />(+17 for winning)\n|raw|tom the genie's rating: 1502 &rarr; <strong>1485</strong><br />(-17 for losing)\n|l|\u2606tom the genie\n|player|p2|\n", "inputlog": ">version a8376a258c1d4662feba110a92103f3664a72141\n>start {\"formatid\":\"gen9randombattle\",\"seed\":\"sodium,6c0a41c2ba3e5097eead242553adfc36\",\"rated\":\"Rated battle\"}\n>player p1 {\"name\":\"crimdawgx2\",\"avatar\":\"102\",\"rating\":1550,\"seed\":\"sodium,e1877cab217d5ab3144fa45e7543db95\"}\n>player p2 {\"name\":\"tom the genie\",\"avatar\":\"harlequin\",\"rating\":1502,\"seed\":\"sodium,48743aa9bd90fd1d3b40131977a28188\"}\n>p1 switch 3\n>p2 switch 2\n>p1 move knockoff\n>p2 move thunderwave\n>p1 switch 6\n>p2 move thunderwave\n>p1 move stealthrock\n>p2 move recover\n>p1 move precipiceblades\n>p2 move encore\n>p1 switch 5\n>p2 move knockoff\n>p1 move playrough\n>p2 move thunderwave\n>p1 move playrough\n>p2 switch 5\n>p1 switch 5\n>p2 move coil\n>p1 move willowisp\n>p2 move suckerpunch terastallize\n>p1 move heatcrash\n>p2 move earthquake\n>forcelose p2", "uploadtime": 1781395519, "views": 7, "formatid": "gen9randombattle", "rating": 1485, "private": 0, "password": null}