{"id": "gen9randombattle-2631572183", "format": "[Gen 9] Random Battle", "players": ["latias999999999", "mayqueen nyannyan"], "log": "|j|\u2606latias999999999\n|j|\u2606mayqueen nyannyan\n|t:|1781403008\n|gametype|singles\n|player|p1|latias999999999|gardenia|2139\n|player|p2|mayqueen nyannyan|169|2324\n|gen|9\n|tier|[Gen 9] Random Battle\n|rated|\n|rule|Species Clause: Limit one of each Pok\u00e9mon\n|rule|HP Percentage Mod: HP is shown in percentages\n|rule|Sleep Clause Mod: Limit one foe put to sleep\n|rule|Illusion Level Mod: Illusion disguises the Pok\u00e9mon's true level\n|\n|t:|1781403008\n|teamsize|p1|6\n|teamsize|p2|6\n|start\n|switch|p1a: Tentacruel|Tentacruel, L84, M|272/272\n|switch|p2a: Muk|Muk, L86, M|321/321\n|turn|1\n|inactive|Battle timer is ON: inactive players will automatically lose when time's up. (requested by latias999999999)\n|\n|t:|1781403031\n|move|p1a: Tentacruel|Knock Off|p2a: Muk\n|-damage|p2a: Muk|266/321\n|-enditem|p2a: Muk|Assault Vest|[from] move: Knock Off|[of] p1a: Tentacruel\n|move|p2a: Muk|Knock Off|p1a: Tentacruel\n|-damage|p1a: Tentacruel|179/272\n|-enditem|p1a: Tentacruel|Assault Vest|[from] move: Knock Off|[of] p2a: Muk\n|\n|upkeep\n|turn|2\n|\n|t:|1781403037\n|move|p1a: Tentacruel|Surf|p2a: Muk\n|-damage|p2a: Muk|190/321\n|move|p2a: Muk|Knock Off|p1a: Tentacruel\n|-damage|p1a: Tentacruel|111/272\n|\n|upkeep\n|turn|3\n|\n|t:|1781403041\n|move|p1a: Tentacruel|Surf|p2a: Muk\n|-damage|p2a: Muk|109/321\n|move|p2a: Muk|Knock Off|p1a: Tentacruel\n|-damage|p1a: Tentacruel|52/272\n|\n|upkeep\n|turn|4\n|\n|t:|1781403044\n|move|p1a: Tentacruel|Surf|p2a: Muk\n|-damage|p2a: Muk|37/321\n|move|p2a: Muk|Knock Off|p1a: Tentacruel\n|-crit|p1a: Tentacruel\n|-damage|p1a: Tentacruel|0 fnt\n|faint|p1a: Tentacruel\n|\n|upkeep\n|\n|t:|1781403053\n|switch|p1a: Luxray|Luxray, L88, M|283/283\n|turn|5\n|\n|t:|1781403067\n|move|p2a: Muk|Shadow Sneak|p1a: Luxray\n|-damage|p1a: Luxray|251/283\n|-status|p1a: Luxray|psn|[from] ability: Poison Touch|[of] p2a: Muk\n|move|p1a: Luxray|Throat Chop|p2a: Muk\n|-damage|p2a: Muk|0 fnt\n|faint|p2a: Muk\n|\n|-damage|p1a: Luxray|216/283 psn|[from] psn\n|upkeep\n|\n|t:|1781403074\n|switch|p2a: Krookodile|Krookodile, L79, M|280/280\n|-ability|p2a: Krookodile|Intimidate|boost\n|-unboost|p1a: Luxray|atk|1\n|turn|6\n|\n|t:|1781403083\n|switch|p1a: Wo-Chien|Wo-Chien, L83|277/277\n|-ability|p1a: Wo-Chien|Tablets of Ruin\n|move|p2a: Krookodile|Bulk Up|p2a: Krookodile\n|-boost|p2a: Krookodile|atk|1\n|-boost|p2a: Krookodile|def|1\n|\n|upkeep\n|turn|7\n|\n|t:|1781403088\n|move|p2a: Krookodile|Gunk Shot|p1a: Wo-Chien\n|-supereffective|p1a: Wo-Chien\n|-damage|p1a: Wo-Chien|93/277\n|move|p1a: Wo-Chien|Giga Drain|p2a: Krookodile\n|-supereffective|p2a: Krookodile\n|-damage|p2a: Krookodile|88/280\n|-heal|p1a: Wo-Chien|189/277|[from] drain|[of] p2a: Krookodile\n|\n|-heal|p2a: Krookodile|105/280|[from] item: Leftovers\n|-heal|p1a: Wo-Chien|206/277|[from] item: Leftovers\n|upkeep\n|turn|8\n|\n|t:|1781403092\n|move|p2a: Krookodile|Gunk Shot|p1a: Wo-Chien\n|-supereffective|p1a: Wo-Chien\n|-damage|p1a: Wo-Chien|36/277\n|move|p1a: Wo-Chien|Giga Drain|p2a: Krookodile\n|-supereffective|p2a: Krookodile\n|-damage|p2a: Krookodile|0 fnt\n|-heal|p1a: Wo-Chien|89/277|[from] drain|[of] p2a: Krookodile\n|faint|p2a: Krookodile\n|\n|-heal|p1a: Wo-Chien|106/277|[from] item: Leftovers\n|upkeep\n|\n|t:|1781403106\n|switch|p2a: Ludicolo|Ludicolo, L90, F|290/290\n|turn|9\n|\n|t:|1781403112\n|move|p2a: Ludicolo|Ice Beam|p1a: Wo-Chien\n|-supereffective|p1a: Wo-Chien\n|-damage|p1a: Wo-Chien|0 fnt\n|faint|p1a: Wo-Chien\n|\n|upkeep\n|\n|t:|1781403121\n|switch|p1a: Gengar|Gengar, L81, M|230/230\n|turn|10\n|\n|t:|1781403125\n|move|p1a: Gengar|Toxic Spikes|p2a: Ludicolo\n|-sidestart|p2: mayqueen nyannyan|move: Toxic Spikes\n|move|p2a: Ludicolo|Ice Beam|p1a: Gengar\n|-damage|p1a: Gengar|106/230\n|-status|p1a: Gengar|frz\n|\n|upkeep\n|turn|11\n|\n|t:|1781403129\n|-curestatus|p1a: Gengar|frz|[msg]\n|move|p1a: Gengar|Sludge Wave|p2a: Ludicolo\n|-supereffective|p2a: Ludicolo\n|-damage|p2a: Ludicolo|40/290\n|-damage|p1a: Gengar|83/230|[from] item: Life Orb\n|move|p2a: Ludicolo|Ice Beam|p1a: Gengar\n|-damage|p1a: Gengar|0 fnt\n|-start|p2a: Ludicolo|Disable|Ice Beam|[from] ability: Cursed Body|[of] p1a: Gengar\n|faint|p1a: Gengar\n|\n|upkeep\n|\n|t:|1781403133\n|switch|p1a: Luxray|Luxray, L88, M|216/283 psn\n|turn|12\n|\n|t:|1781403143\n|-activate|p2a: Ludicolo|move: Struggle\n|move|p2a: Ludicolo|Struggle|p1a: Luxray\n|-damage|p1a: Luxray|189/283 psn\n|-damage|p2a: Ludicolo|0 fnt|[from] recoil\n|faint|p2a: Ludicolo\n|move|p1a: Luxray|Trailblaze|p2: Ludicolo|[notarget]\n|-fail|p1a: Luxray\n|\n|-damage|p1a: Luxray|154/283 psn|[from] psn\n|upkeep\n|\n|t:|1781403155\n|switch|p2a: Dachsbun|Dachsbun, L92, F|254/254\n|-status|p2a: Dachsbun|psn\n|turn|13\n|\n|t:|1781403160\n|move|p2a: Dachsbun|Play Rough|p1a: Luxray|[miss]\n|-miss|p2a: Dachsbun|p1a: Luxray\n|move|p1a: Luxray|Facade|p2a: Dachsbun\n|-damage|p2a: Dachsbun|106/254 psn\n|\n|-heal|p2a: Dachsbun|121/254 psn|[from] item: Leftovers\n|-damage|p2a: Dachsbun|90/254 psn|[from] psn\n|-damage|p1a: Luxray|119/283 psn|[from] psn\n|upkeep\n|turn|14\n|\n|t:|1781403162\n|move|p2a: Dachsbun|Play Rough|p1a: Luxray\n|-damage|p1a: Luxray|11/283 psn\n|move|p1a: Luxray|Facade|p2a: Dachsbun\n|-damage|p2a: Dachsbun|0 fnt\n|faint|p2a: Dachsbun\n|\n|-damage|p1a: Luxray|0 fnt|[from] psn\n|faint|p1a: Luxray\n|upkeep\n|\n|t:|1781403168\n|switch|p2a: Trevenant|Trevenant, L89, M|296/296\n|switch|p1a: Bruxish|Bruxish, L85, F|254/254\n|-status|p2a: Trevenant|psn\n|turn|15\n|\n|t:|1781403182\n|move|p2a: Trevenant|Protect|p2a: Trevenant\n|-singleturn|p2a: Trevenant|Protect\n|move|p1a: Bruxish|Flip Turn|p2a: Trevenant\n|-activate|p2a: Trevenant|move: Protect\n|\n|-damage|p2a: Trevenant|259/296 psn|[from] psn\n|upkeep\n|turn|16\n|\n|t:|1781403186\n|switch|p1a: Palossand|Palossand, L89, M|296/296\n|move|p2a: Trevenant|Toxic|p1a: Palossand\n|-status|p1a: Palossand|tox\n|\n|-damage|p2a: Trevenant|222/296 psn|[from] psn\n|-damage|p1a: Palossand|278/296 tox|[from] psn\n|upkeep\n|turn|17\n|\n|t:|1781403191\n|move|p2a: Trevenant|Protect|p2a: Trevenant\n|-singleturn|p2a: Trevenant|Protect\n|move|p1a: Palossand|Shadow Ball|p2a: Trevenant\n|-activate|p2a: Trevenant|move: Protect\n|\n|-heal|p1a: Palossand|296/296 tox|[from] item: Leftovers\n|-damage|p2a: Trevenant|185/296 psn|[from] psn\n|-damage|p1a: Palossand|260/296 tox|[from] psn\n|upkeep\n|turn|18\n|\n|t:|1781403198\n|-terastallize|p2a: Trevenant|Dark\n|move|p2a: Trevenant|Poltergeist|p1a: Palossand\n|-activate|p1a: Palossand|move: Poltergeist|Leftovers\n|-supereffective|p1a: Palossand\n|-damage|p1a: Palossand|38/296 tox\n|move|p1a: Palossand|Shadow Ball|p2a: Trevenant\n|-resisted|p2a: Trevenant\n|-damage|p2a: Trevenant|134/296 psn\n|-enditem|p2a: Trevenant|Sitrus Berry|[eat]\n|-heal|p2a: Trevenant|208/296 psn|[from] item: Sitrus Berry\n|\n|-heal|p1a: Palossand|56/296 tox|[from] item: Leftovers\n|-damage|p2a: Trevenant|171/296 psn|[from] psn\n|-damage|p1a: Palossand|2/296 tox|[from] psn\n|-item|p2a: Trevenant|Sitrus Berry|[from] ability: Harvest\n|upkeep\n|turn|19\n|\n|t:|1781403206\n|move|p2a: Trevenant|Poltergeist|p1a: Palossand\n|-activate|p1a: Palossand|move: Poltergeist|Leftovers\n|-supereffective|p1a: Palossand\n|-damage|p1a: Palossand|0 fnt\n|faint|p1a: Palossand\n|\n|-damage|p2a: Trevenant|134/296 psn|[from] psn\n|upkeep\n|-enditem|p2a: Trevenant|Sitrus Berry|[eat]\n|-heal|p2a: Trevenant|208/296 psn|[from] item: Sitrus Berry\n|\n|t:|1781403208\n|switch|p1a: Bruxish|Bruxish, L85, F|254/254\n|turn|20\n|\n|t:|1781403214\n|move|p1a: Bruxish|Wave Crash|p2a: Trevenant\n|-crit|p2a: Trevenant\n|-damage|p2a: Trevenant|0 fnt\n|faint|p2a: Trevenant\n|-damage|p1a: Bruxish|185/254|[from] Recoil\n|\n|upkeep\n|\n|t:|1781403216\n|switch|p2a: Basculegion|Basculegion, L80, M|323/323\n|-status|p2a: Basculegion|psn\n|turn|21\n|\n|t:|1781403226\n|move|p1a: Bruxish|Wave Crash|p2a: Basculegion\n|-resisted|p2a: Basculegion\n|-damage|p2a: Basculegion|177/323 psn\n|-damage|p1a: Bruxish|137/254|[from] Recoil\n|move|p2a: Basculegion|Shadow Ball|p1a: Bruxish\n|-supereffective|p1a: Bruxish\n|-damage|p1a: Bruxish|0 fnt\n|faint|p1a: Bruxish\n|\n|win|mayqueen nyannyan\n", "inputlog": ">version a8376a258c1d4662feba110a92103f3664a72141\n>start {\"formatid\":\"gen9randombattle\",\"seed\":\"sodium,fc687bf913c8b53f64a70aa05e33ac53\",\"rated\":\"Rated battle\"}\n>player p1 {\"name\":\"latias999999999\",\"avatar\":\"gardenia\",\"rating\":2139,\"seed\":\"sodium,5252cd3b2d5ec9e138e125d2597ed858\"}\n>player p2 {\"name\":\"mayqueen nyannyan\",\"avatar\":\"169\",\"rating\":2324,\"seed\":\"sodium,a318f7639574ea940bac511cf05d2fd4\"}\n>p1 move knockoff\n>p2 move knockoff\n>p1 move surf\n>p2 move knockoff\n>p1 move surf\n>p2 move knockoff\n>p1 move surf\n>p2 move knockoff\n>p1 switch 2\n>p1 move throatchop\n>p2 move shadowsneak\n>p2 switch 4\n>p1 switch 3\n>p2 move bulkup\n>p1 move gigadrain\n>p2 move gunkshot\n>p1 move gigadrain\n>p2 move gunkshot\n>p2 switch 5\n>p1 move knockoff\n>p2 move icebeam\n>p1 switch 5\n>p1 move toxicspikes\n>p2 move icebeam\n>p1 move sludgewave\n>p2 move icebeam\n>p1 switch 3\n>p1 move trailblaze\n>p2 move struggle\n>p2 switch 6\n>p1 move facade\n>p2 move playrough\n>p1 move facade\n>p2 move playrough\n>p1 switch 4\n>p2 switch 2\n>p1 move flipturn\n>p2 move protect\n>p1 switch 6\n>p2 move toxic\n>p1 move shadowball\n>p2 move protect\n>p1 move shadowball\n>p2 move poltergeist terastallize\n>p1 move shoreup\n>p2 move poltergeist\n>p1 switch 6\n>p1 move wavecrash\n>p2 move toxic\n>p2 switch 3\n>p1 move wavecrash\n>p2 move shadowball", "uploadtime": 1781403010, "views": 6, "formatid": "gen9randombattle", "rating": null, "private": 0, "password": null}