{"id": "gen9randombattle-2631895525", "format": "[Gen 9] Random Battle", "players": ["wout0706", "Battlingonthejob"], "log": "|j|\u2606wout0706\n|j|\u2606Battlingonthejob\n|t:|1781453070\n|gametype|singles\n|player|p1|wout0706|1|1942\n|player|p2|Battlingonthejob|wattson|1957\n|gen|9\n|tier|[Gen 9] Random Battle\n|rated|\n|rule|Species Clause: Limit one of each Pok\u00e9mon\n|rule|HP Percentage Mod: HP is shown in percentages\n|rule|Sleep Clause Mod: Limit one foe put to sleep\n|rule|Illusion Level Mod: Illusion disguises the Pok\u00e9mon's true level\n|\n|t:|1781453070\n|teamsize|p1|6\n|teamsize|p2|6\n|start\n|switch|p1a: Wugtrio|Wugtrio, L91, F|212/212\n|switch|p2a: Lunala|Lunala, L70|308/308\n|turn|1\n|\n|t:|1781453084\n|move|p1a: Wugtrio|Liquidation|p2a: Lunala\n|-damage|p2a: Lunala|220/308\n|-unboost|p2a: Lunala|def|1\n|move|p2a: Lunala|Moongeist Beam|p1a: Wugtrio\n|-damage|p1a: Wugtrio|110/212\n|\n|-heal|p2a: Lunala|239/308|[from] item: Leftovers\n|upkeep\n|turn|2\n|\n|t:|1781453096\n|switch|p2a: Lumineon|Lumineon, L93, F|279/279\n|move|p1a: Wugtrio|Liquidation|p2a: Lumineon\n|-ability|p2a: Lumineon|Storm Drain|boost\n|-boost|p2a: Lumineon|spa|1\n|\n|upkeep\n|turn|3\n|inactive|Battle timer is ON: inactive players will automatically lose when time's up. (requested by Battlingonthejob)\n|\n|t:|1781453110\n|switch|p1a: Dunsparce|Dunsparce, L86, F|312/312\n|move|p2a: Lumineon|Ice Beam|p1a: Dunsparce\n|-damage|p1a: Dunsparce|234/312\n|\n|upkeep\n|turn|4\n|\n|t:|1781453119\n|move|p2a: Lumineon|U-turn|p1a: Dunsparce\n|-damage|p1a: Dunsparce|195/312\n|\n|t:|1781453122\n|switch|p2a: Lunala|Lunala, L70|239/308|[from] U-turn\n|move|p1a: Dunsparce|Body Slam|p2a: Lunala\n|-immune|p2a: Lunala\n|\n|-heal|p2a: Lunala|258/308|[from] item: Leftovers\n|upkeep\n|turn|5\n|\n|t:|1781453129\n|switch|p1a: Camerupt|Camerupt, L91, M|275/275\n|move|p2a: Lunala|Calm Mind|p2a: Lunala\n|-boost|p2a: Lunala|spa|1\n|-boost|p2a: Lunala|spd|1\n|\n|-heal|p2a: Lunala|277/308|[from] item: Leftovers\n|upkeep\n|turn|6\n|\n|t:|1781453134\n|move|p2a: Lunala|Moongeist Beam|p1a: Camerupt\n|-damage|p1a: Camerupt|112/275\n|move|p1a: Camerupt|Stealth Rock|p2a: Lunala\n|-sidestart|p2: Battlingonthejob|move: Stealth Rock\n|\n|-heal|p2a: Lunala|296/308|[from] item: Leftovers\n|-heal|p1a: Camerupt|129/275|[from] item: Leftovers\n|upkeep\n|turn|7\n|\n|t:|1781453146\n|move|p2a: Lunala|Calm Mind|p2a: Lunala\n|-boost|p2a: Lunala|spa|1\n|-boost|p2a: Lunala|spd|1\n|move|p1a: Camerupt|Roar|p2a: Lunala\n|drag|p2a: Rampardos|Rampardos, L90, M|321/321\n|-damage|p2a: Rampardos|281/321|[from] Stealth Rock\n|\n|-heal|p1a: Camerupt|146/275|[from] item: Leftovers\n|upkeep\n|turn|8\n|\n|t:|1781453161\n|move|p2a: Rampardos|Earthquake|p1a: Camerupt\n|-supereffective|p1a: Camerupt\n|-damage|p1a: Camerupt|0 fnt\n|faint|p1a: Camerupt\n|\n|upkeep\n|\n|t:|1781453165\n|switch|p1a: Wugtrio|Wugtrio, L91, F|110/212\n|turn|9\n|\n|t:|1781453173\n|switch|p2a: Lumineon|Lumineon, L93, F|279/279\n|move|p1a: Wugtrio|Stomping Tantrum|p2a: Lumineon\n|-damage|p2a: Lumineon|189/279\n|\n|upkeep\n|turn|10\n|\n|t:|1781453179\n|move|p1a: Wugtrio|Stomping Tantrum|p2a: Lumineon\n|-damage|p2a: Lumineon|97/279\n|move|p2a: Lumineon|U-turn|p1a: Wugtrio\n|-damage|p1a: Wugtrio|43/212\n|-ability|p1a: Wugtrio|Gooey\n|-unboost|p2a: Lumineon|spe|1\n|\n|t:|1781453183\n|switch|p2a: Arboliva|Arboliva, L91, M|288/288|[from] U-turn\n|-damage|p2a: Arboliva|252/288|[from] Stealth Rock\n|\n|upkeep\n|turn|11\n|\n|t:|1781453189\n|switch|p1a: Reshiram|Reshiram, L76|277/277\n|-ability|p1a: Reshiram|Turboblaze\n|move|p2a: Arboliva|Leech Seed|p1a: Reshiram\n|-start|p1a: Reshiram|move: Leech Seed\n|\n|-damage|p1a: Reshiram|243/277|[from] Leech Seed|[of] p2a: Arboliva\n|-heal|p2a: Arboliva|286/288|[silent]\n|upkeep\n|turn|12\n|\n|t:|1781453200\n|switch|p1a: Dunsparce|Dunsparce, L86, F|195/312\n|move|p2a: Arboliva|Hyper Voice|p1a: Dunsparce\n|-damage|p1a: Dunsparce|90/312\n|\n|upkeep\n|turn|13\n|\n|t:|1781453212\n|move|p1a: Dunsparce|Body Slam|p2a: Arboliva\n|-damage|p2a: Arboliva|213/288\n|move|p2a: Arboliva|Hyper Voice|p1a: Dunsparce\n|-damage|p1a: Dunsparce|0 fnt\n|faint|p1a: Dunsparce\n|\n|upkeep\n|\n|t:|1781453220\n|switch|p1a: Reshiram|Reshiram, L76|243/277\n|-ability|p1a: Reshiram|Turboblaze\n|turn|14\n|\n|t:|1781453224\n|move|p1a: Reshiram|Blue Flare|p2a: Arboliva\n|-supereffective|p2a: Arboliva\n|-damage|p2a: Arboliva|0 fnt\n|faint|p2a: Arboliva\n|\n|upkeep\n|\n|t:|1781453231\n|switch|p2a: Rampardos|Rampardos, L90, M|281/321\n|-damage|p2a: Rampardos|241/321|[from] Stealth Rock\n|turn|15\n|\n|t:|1781453240\n|switch|p1a: Archaludon|Archaludon, L78, M|268/268\n|move|p2a: Rampardos|Head Smash|p1a: Archaludon\n|-resisted|p1a: Archaludon\n|-damage|p1a: Archaludon|151/268\n|-ability|p1a: Archaludon|Stamina|boost\n|-boost|p1a: Archaludon|def|1\n|-damage|p2a: Rampardos|182/321|[from] Recoil\n|\n|upkeep\n|turn|16\n|\n|t:|1781453252\n|move|p2a: Rampardos|Head Smash|p1a: Archaludon\n|-resisted|p1a: Archaludon\n|-crit|p1a: Archaludon\n|-damage|p1a: Archaludon|0 fnt\n|faint|p1a: Archaludon\n|-damage|p2a: Rampardos|106/321|[from] Recoil\n|\n|upkeep\n|\n|t:|1781453260\n|switch|p1a: Wugtrio|Wugtrio, L91, F|43/212\n|turn|17\n|\n|t:|1781453272\n|switch|p2a: Spidops|Spidops, L96, M|271/271\n|move|p1a: Wugtrio|Stomping Tantrum|p2a: Spidops\n|-resisted|p2a: Spidops\n|-damage|p2a: Spidops|227/271\n|\n|upkeep\n|turn|18\n|\n|t:|1781453280\n|switch|p1a: Reshiram|Reshiram, L76|243/277\n|-ability|p1a: Reshiram|Turboblaze\n|move|p2a: Spidops|Sticky Web|p1a: Reshiram\n|-sidestart|p1: wout0706|move: Sticky Web\n|\n|upkeep\n|turn|19\n|\n|t:|1781453284\n|move|p1a: Reshiram|Blue Flare|p2a: Spidops|[miss]\n|-miss|p1a: Reshiram|p2a: Spidops\n|move|p2a: Spidops|Circle Throw|p1a: Reshiram\n|-damage|p1a: Reshiram|195/277\n|drag|p1a: Wugtrio|Wugtrio, L91, F|43/212\n|-activate|p1a: Wugtrio|move: Sticky Web\n|-unboost|p1a: Wugtrio|spe|1\n|\n|upkeep\n|turn|20\n|\n|t:|1781453289\n|move|p1a: Wugtrio|Liquidation|p2a: Spidops\n|-damage|p2a: Spidops|94/271\n|move|p2a: Spidops|Spikes|p1a: Wugtrio\n|-sidestart|p1: wout0706|Spikes\n|\n|upkeep\n|turn|21\n|\n|t:|1781453296\n|switch|p1a: Dudunsparce|Dudunsparce-Three-Segment, L83, F|343/343\n|-activate|p1a: Dudunsparce|move: Sticky Web\n|-unboost|p1a: Dudunsparce|spe|1\n|-damage|p1a: Dudunsparce|301/343|[from] Spikes\n|switch|p2a: Lumineon|Lumineon, L93, F|97/279\n|\n|-heal|p1a: Dudunsparce|322/343|[from] item: Leftovers\n|upkeep\n|turn|22\n|\n|t:|1781453305\n|move|p2a: Lumineon|Hydro Pump|p1a: Dudunsparce\n|-damage|p1a: Dudunsparce|190/343\n|move|p1a: Dudunsparce|Boomburst|p2a: Lumineon\n|-damage|p2a: Lumineon|0 fnt\n|faint|p2a: Lumineon\n|\n|-heal|p1a: Dudunsparce|211/343|[from] item: Leftovers\n|upkeep\n|\n|t:|1781453310\n|switch|p2a: Rampardos|Rampardos, L90, M|106/321\n|-damage|p2a: Rampardos|66/321|[from] Stealth Rock\n|turn|23\n|\n|t:|1781453319\n|switch|p1a: Wugtrio|Wugtrio, L91, F|43/212\n|-activate|p1a: Wugtrio|move: Sticky Web\n|-unboost|p1a: Wugtrio|spe|1\n|-damage|p1a: Wugtrio|17/212|[from] Spikes\n|move|p2a: Rampardos|Head Smash|p1a: Wugtrio\n|-damage|p1a: Wugtrio|0 fnt\n|-ability|p1a: Wugtrio|Gooey\n|-unboost|p2a: Rampardos|spe|1\n|faint|p1a: Wugtrio\n|-damage|p2a: Rampardos|57/321|[from] Recoil\n|\n|upkeep\n|\n|t:|1781453321\n|switch|p1a: Reshiram|Reshiram, L76|195/277\n|-ability|p1a: Reshiram|Turboblaze\n|turn|24\n|\n|t:|1781453329\n|move|p1a: Reshiram|Earth Power|p2a: Rampardos\n|-supereffective|p2a: Rampardos\n|-damage|p2a: Rampardos|0 fnt\n|faint|p2a: Rampardos\n|\n|upkeep\n|\n|t:|1781453332\n|switch|p2a: Regigigas|Regigigas, L84|322/322\n|-damage|p2a: Regigigas|282/322|[from] Stealth Rock\n|-start|p2a: Regigigas|ability: Slow Start\n|turn|25\n|\n|t:|1781453338\n|move|p1a: Reshiram|Will-O-Wisp|p2a: Regigigas\n|-status|p2a: Regigigas|brn\n|move|p2a: Regigigas|Body Slam|p1a: Reshiram\n|-damage|p1a: Reshiram|161/277\n|\n|-heal|p2a: Regigigas|302/322 brn|[from] item: Leftovers\n|-damage|p2a: Regigigas|282/322 brn|[from] brn\n|upkeep\n|turn|26\n|\n|t:|1781453345\n|move|p1a: Reshiram|Blue Flare|p2a: Regigigas|[miss]\n|-miss|p1a: Reshiram|p2a: Regigigas\n|move|p2a: Regigigas|Body Slam|p1a: Reshiram\n|-damage|p1a: Reshiram|130/277\n|-status|p1a: Reshiram|par\n|\n|-heal|p2a: Regigigas|302/322 brn|[from] item: Leftovers\n|-damage|p2a: Regigigas|282/322 brn|[from] brn\n|upkeep\n|turn|27\n|\n|t:|1781453352\n|move|p2a: Regigigas|Knock Off|p1a: Reshiram\n|-damage|p1a: Reshiram|106/277 par\n|-enditem|p1a: Reshiram|Heavy-Duty Boots|[from] move: Knock Off|[of] p2a: Regigigas\n|move|p1a: Reshiram|Blue Flare|p2a: Regigigas\n|-damage|p2a: Regigigas|153/322 brn\n|\n|-heal|p2a: Regigigas|173/322 brn|[from] item: Leftovers\n|-damage|p2a: Regigigas|153/322 brn|[from] brn\n|upkeep\n|turn|28\n|\n|t:|1781453357\n|move|p2a: Regigigas|Rest|p2a: Regigigas\n|-status|p2a: Regigigas|slp|[from] move: Rest\n|-heal|p2a: Regigigas|322/322 slp|[silent]\n|cant|p1a: Reshiram|par\n|\n|upkeep\n|turn|29\n|\n|t:|1781453363\n|switch|p1a: Dudunsparce|Dudunsparce-Three-Segment, L83, F|211/343\n|-activate|p1a: Dudunsparce|move: Sticky Web\n|-unboost|p1a: Dudunsparce|spe|1\n|-damage|p1a: Dudunsparce|169/343|[from] Spikes\n|cant|p2a: Regigigas|slp\n|move|p2a: Regigigas|Sleep Talk|p2a: Regigigas\n|move|p2a: Regigigas|Body Slam|p1a: Dudunsparce|[from] move: Sleep Talk\n|-damage|p1a: Dudunsparce|91/343\n|-status|p1a: Dudunsparce|par\n|\n|-heal|p1a: Dudunsparce|112/343 par|[from] item: Leftovers\n|-end|p2a: Regigigas|Slow Start\n|upkeep\n|turn|30\n|\n|t:|1781453369\n|cant|p2a: Regigigas|slp\n|move|p2a: Regigigas|Sleep Talk|p2a: Regigigas\n|move|p2a: Regigigas|Rest||[from] move: Sleep Talk|[still]\n|-fail|p2a: Regigigas\n|move|p1a: Dudunsparce|Roost|p1a: Dudunsparce\n|-heal|p1a: Dudunsparce|284/343 par\n|-singleturn|p1a: Dudunsparce|move: Roost\n|\n|-heal|p1a: Dudunsparce|305/343 par|[from] item: Leftovers\n|upkeep\n|turn|31\n|\n|t:|1781453374\n|-curestatus|p2a: Regigigas|slp|[msg]\n|move|p2a: Regigigas|Knock Off|p1a: Dudunsparce\n|-damage|p1a: Dudunsparce|189/343 par\n|-ability|p1a: Dudunsparce|Rattled|boost\n|-boost|p1a: Dudunsparce|spe|1\n|-enditem|p1a: Dudunsparce|Leftovers|[from] move: Knock Off|[of] p2a: Regigigas\n|move|p1a: Dudunsparce|Calm Mind|p1a: Dudunsparce\n|-boost|p1a: Dudunsparce|spa|1\n|-boost|p1a: Dudunsparce|spd|1\n|\n|upkeep\n|turn|32\n|\n|t:|1781453382\n|move|p2a: Regigigas|Body Slam|p1a: Dudunsparce\n|-damage|p1a: Dudunsparce|54/343 par\n|move|p1a: Dudunsparce|Roost|p1a: Dudunsparce\n|-heal|p1a: Dudunsparce|226/343 par\n|-singleturn|p1a: Dudunsparce|move: Roost\n|\n|upkeep\n|turn|33\n|\n|t:|1781453388\n|move|p2a: Regigigas|Body Slam|p1a: Dudunsparce\n|-damage|p1a: Dudunsparce|85/343 par\n|cant|p1a: Dudunsparce|par\n|\n|upkeep\n|turn|34\n|-message|wout0706 forfeited.\n|\n|win|Battlingonthejob\n", "inputlog": ">version a8376a258c1d4662feba110a92103f3664a72141\n>start {\"formatid\":\"gen9randombattle\",\"seed\":\"sodium,4868cf4deb6f3495c2a6aabd878053f4\",\"rated\":\"Rated battle\"}\n>player p1 {\"name\":\"wout0706\",\"avatar\":\"1\",\"rating\":1942,\"seed\":\"sodium,7e099675d2b8164ed8eaa9c525861362\"}\n>player p2 {\"name\":\"Battlingonthejob\",\"avatar\":\"wattson\",\"rating\":1957,\"seed\":\"sodium,ee724457a45e34611cf50be6e9182e54\"}\n>p1 move liquidation\n>p2 move moongeistbeam\n>p1 move liquidation\n>p2 switch 5\n>p1 switch 6\n>p2 move icebeam\n>p1 move bodyslam\n>p2 move uturn\n>p2 switch 5\n>p1 switch 2\n>p2 move calmmind\n>p1 move stealthrock\n>p2 move moongeistbeam\n>p1 move roar\n>p2 move calmmind\n>p1 move earthquake\n>p2 move earthquake\n>p1 switch 6\n>p1 move stompingtantrum\n>p2 switch 5\n>p1 move stompingtantrum\n>p2 move uturn\n>p2 switch 3\n>p1 switch 5\n>p2 move leechseed\n>p1 switch 2\n>p2 move hypervoice\n>p1 move bodyslam\n>p2 move hypervoice\n>p1 switch 2\n>p1 move blueflare\n>p2 move leechseed\n>p2 switch 5\n>p1 switch 3\n>p2 move headsmash\n>p1 move earthquake\n>p2 move headsmash\n>p1 switch 5\n>p1 move stompingtantrum\n>p2 switch 4\n>p1 switch 3\n>p2 move stickyweb\n>p1 move blueflare\n>p2 move circlethrow\n>p1 move liquidation\n>p2 move spikes\n>p1 switch 4\n>p2 switch 3\n>p1 move boomburst\n>p2 move hydropump\n>p2 switch 4\n>p1 switch 4\n>p2 move headsmash\n>p1 switch 3\n>p1 move earthpower\n>p2 move headsmash\n>p2 switch 2\n>p1 move willowisp\n>p2 move bodyslam\n>p1 move blueflare\n>p2 move bodyslam\n>p1 move blueflare\n>p2 move knockoff\n>p1 move blueflare\n>p2 move rest\n>p1 switch 4\n>p2 move sleeptalk\n>p1 move roost\n>p2 move sleeptalk\n>p1 move calmmind\n>p2 move knockoff\n>p1 move roost\n>p2 move bodyslam\n>p1 move boomburst\n>p2 move bodyslam\n>forcelose p1", "uploadtime": 1781453071, "views": 9, "formatid": "gen9randombattle", "rating": null, "private": 0, "password": null}