{"id": "gen9randombattle-2631997137", "format": "[Gen 9] Random Battle", "players": ["Knayrus", "Chakraisgae"], "log": "|j|\u2606Knayrus\n|j|\u2606Chakraisgae\n|t:|1781464172\n|gametype|singles\n|player|p1|Knayrus|drayden|2165\n|player|p2|Chakraisgae|2|2127\n|gen|9\n|tier|[Gen 9] Random Battle\n|rated|\n|rule|Species Clause: Limit one of each Pok\u00e9mon\n|rule|HP Percentage Mod: HP is shown in percentages\n|rule|Sleep Clause Mod: Limit one foe put to sleep\n|rule|Illusion Level Mod: Illusion disguises the Pok\u00e9mon's true level\n|\n|t:|1781464172\n|teamsize|p1|6\n|teamsize|p2|6\n|start\n|switch|p1a: Snorlax|Snorlax, L82, F|397/397\n|switch|p2a: Blaziken|Blaziken, L76, M|247/247\n|turn|1\n|\n|t:|1781464186\n|move|p2a: Blaziken|Close Combat|p1a: Snorlax\n|-supereffective|p1a: Snorlax\n|-damage|p1a: Snorlax|0 fnt\n|-unboost|p2a: Blaziken|def|1\n|-unboost|p2a: Blaziken|spd|1\n|faint|p1a: Snorlax\n|-damage|p2a: Blaziken|223/247|[from] item: Life Orb\n|\n|-ability|p2a: Blaziken|Speed Boost|boost\n|-boost|p2a: Blaziken|spe|1\n|upkeep\n|\n|t:|1781464197\n|switch|p1a: Braviary|Braviary, L85, M|309/309\n|turn|2\n|\n|t:|1781464205\n|switch|p2a: Arceus|Arceus-Steel, L70|284/284\n|move|p1a: Braviary|Brave Bird|p2a: Arceus\n|-resisted|p2a: Arceus\n|-damage|p2a: Arceus|206/284\n|-damage|p1a: Braviary|283/309|[from] Recoil\n|\n|upkeep\n|turn|3\n|\n|t:|1781464212\n|switch|p1a: Bronzong|Bronzong, L88|261/261\n|move|p2a: Arceus|Will-O-Wisp|p1a: Bronzong\n|-status|p1a: Bronzong|brn\n|\n|-damage|p1a: Bronzong|245/261 brn|[from] brn\n|upkeep\n|turn|4\n|\n|t:|1781464217\n|switch|p2a: Blaziken|Blaziken, L76, M|223/247\n|move|p1a: Bronzong|Stealth Rock|p2a: Blaziken\n|-sidestart|p2: Chakraisgae|move: Stealth Rock\n|\n|-heal|p1a: Bronzong|261/261 brn|[from] item: Leftovers\n|-damage|p1a: Bronzong|245/261 brn|[from] brn\n|upkeep\n|turn|5\n|\n|t:|1781464223\n|-terastallize|p2a: Blaziken|Dark\n|move|p2a: Blaziken|Swords Dance|p2a: Blaziken\n|-boost|p2a: Blaziken|atk|2\n|move|p1a: Bronzong|Psychic Noise|p2a: Blaziken\n|-immune|p2a: Blaziken\n|\n|-heal|p1a: Bronzong|261/261 brn|[from] item: Leftovers\n|-damage|p1a: Bronzong|245/261 brn|[from] brn\n|-ability|p2a: Blaziken|Speed Boost|boost\n|-boost|p2a: Blaziken|spe|1\n|upkeep\n|turn|6\n|\n|t:|1781464236\n|-terastallize|p1a: Bronzong|Water\n|move|p2a: Blaziken|Swords Dance|p2a: Blaziken\n|-boost|p2a: Blaziken|atk|2\n|move|p1a: Bronzong|Hypnosis|p2a: Blaziken\n|-status|p2a: Blaziken|slp|[from] move: Hypnosis\n|\n|-heal|p1a: Bronzong|261/261 brn|[from] item: Leftovers\n|-damage|p1a: Bronzong|245/261 brn|[from] brn\n|-ability|p2a: Blaziken|Speed Boost|boost\n|-boost|p2a: Blaziken|spe|1\n|upkeep\n|turn|7\n|\n|t:|1781464244\n|switch|p1a: Braviary|Braviary, L85, M|283/309\n|cant|p2a: Blaziken|slp\n|\n|-ability|p2a: Blaziken|Speed Boost|boost\n|-boost|p2a: Blaziken|spe|1\n|upkeep\n|turn|8\n|\n|t:|1781464249\n|cant|p2a: Blaziken|slp\n|move|p1a: Braviary|Close Combat|p2a: Blaziken\n|-supereffective|p2a: Blaziken\n|-damage|p2a: Blaziken|0 fnt\n|-unboost|p1a: Braviary|def|1\n|-unboost|p1a: Braviary|spd|1\n|faint|p2a: Blaziken\n|\n|upkeep\n|\n|t:|1781464258\n|switch|p2a: Brambleghast|Brambleghast, L88, F|240/240\n|-damage|p2a: Brambleghast|210/240|[from] Stealth Rock\n|turn|9\n|\n|t:|1781464263\n|move|p2a: Brambleghast|Substitute|p2a: Brambleghast\n|-start|p2a: Brambleghast|Substitute\n|-damage|p2a: Brambleghast|150/240\n|move|p1a: Braviary|Brave Bird|p2a: Brambleghast\n|-supereffective|p2a: Brambleghast\n|-end|p2a: Brambleghast|Substitute\n|-damage|p1a: Braviary|263/309|[from] Recoil|[of] p2a: Brambleghast\n|\n|-heal|p2a: Brambleghast|165/240|[from] item: Leftovers\n|upkeep\n|turn|10\n|\n|t:|1781464273\n|switch|p2a: Arceus|Arceus-Steel, L70|206/284\n|-damage|p2a: Arceus|189/284|[from] Stealth Rock\n|move|p1a: Braviary|Brave Bird|p2a: Arceus\n|-resisted|p2a: Arceus\n|-damage|p2a: Arceus|120/284\n|-damage|p1a: Braviary|240/309|[from] Recoil\n|\n|upkeep\n|turn|11\n|\n|t:|1781464277\n|switch|p1a: Bronzong|Bronzong, L88, tera:Water|245/261 brn\n|move|p2a: Arceus|Recover|p2a: Arceus\n|-heal|p2a: Arceus|262/284\n|\n|-heal|p1a: Bronzong|261/261 brn|[from] item: Leftovers\n|-damage|p1a: Bronzong|245/261 brn|[from] brn\n|upkeep\n|turn|12\n|\n|t:|1781464284\n|switch|p2a: Komala|Komala, L88, M|258/258\n|-damage|p2a: Komala|226/258|[from] Stealth Rock\n|-ability|p2a: Komala|Comatose\n|move|p1a: Bronzong|Psychic Noise|p2a: Komala\n|-damage|p2a: Komala|175/258\n|-start|p2a: Komala|move: Heal Block\n|\n|-heal|p1a: Bronzong|261/261 brn|[from] item: Leftovers\n|-damage|p1a: Bronzong|245/261 brn|[from] brn\n|upkeep\n|turn|13\n|\n|t:|1781464299\n|switch|p1a: Tsareena|Tsareena, L87, F|267/267\n|move|p2a: Komala|Knock Off|p1a: Tsareena\n|-crit|p1a: Tsareena\n|-damage|p1a: Tsareena|150/267\n|-enditem|p1a: Tsareena|Heavy-Duty Boots|[from] move: Knock Off|[of] p2a: Komala\n|\n|-end|p2a: Komala|move: Heal Block\n|upkeep\n|turn|14\n|inactive|Battle timer is ON: inactive players will automatically lose when time's up. (requested by Knayrus)\n|\n|t:|1781464315\n|switch|p2a: Arceus|Arceus-Steel, L70|262/284\n|-damage|p2a: Arceus|245/284|[from] Stealth Rock\n|move|p1a: Tsareena|Power Whip|p2a: Arceus\n|-resisted|p2a: Arceus\n|-damage|p2a: Arceus|170/284\n|\n|upkeep\n|turn|15\n|\n|t:|1781464325\n|switch|p1a: Charizard|Charizard, L85, M|271/271\n|move|p2a: Arceus|Recover|p2a: Arceus\n|-heal|p2a: Arceus|284/284\n|\n|upkeep\n|turn|16\n|\n|t:|1781464335\n|switch|p2a: Iron Hands|Iron Hands, L79|373/373\n|-damage|p2a: Iron Hands|350/373|[from] Stealth Rock\n|move|p1a: Charizard|Swords Dance|p1a: Charizard\n|-boost|p1a: Charizard|atk|2\n|\n|-heal|p2a: Iron Hands|373/373|[from] item: Leftovers\n|upkeep\n|turn|17\n|\n|t:|1781464345\n|move|p1a: Charizard|Earthquake|p2a: Iron Hands\n|-supereffective|p2a: Iron Hands\n|-damage|p2a: Iron Hands|137/373\n|move|p2a: Iron Hands|Wild Charge|p1a: Charizard\n|-supereffective|p1a: Charizard\n|-damage|p1a: Charizard|31/271\n|-damage|p2a: Iron Hands|77/373|[from] Recoil\n|\n|-heal|p2a: Iron Hands|100/373|[from] item: Leftovers\n|upkeep\n|turn|18\n|\n|t:|1781464353\n|move|p1a: Charizard|Earthquake|p2a: Iron Hands\n|-supereffective|p2a: Iron Hands\n|-damage|p2a: Iron Hands|0 fnt\n|faint|p2a: Iron Hands\n|-end|p2a: Iron Hands|Quark Drive|[silent]\n|\n|upkeep\n|\n|t:|1781464357\n|switch|p2a: Shaymin|Shaymin, L82|298/298\n|-damage|p2a: Shaymin|261/298|[from] Stealth Rock\n|turn|19\n|\n|t:|1781464365\n|move|p1a: Charizard|Earthquake|p2a: Shaymin\n|-resisted|p2a: Shaymin\n|-damage|p2a: Shaymin|198/298\n|move|p2a: Shaymin|Air Slash|p1a: Charizard\n|-damage|p1a: Charizard|0 fnt\n|faint|p1a: Charizard\n|\n|-heal|p2a: Shaymin|216/298|[from] item: Leftovers\n|upkeep\n|\n|t:|1781464372\n|switch|p1a: Braviary|Braviary, L85, M|240/309\n|turn|20\n|\n|t:|1781464388\n|move|p2a: Shaymin|Leech Seed|p1a: Braviary\n|-start|p1a: Braviary|move: Leech Seed\n|move|p1a: Braviary|Brave Bird|p2a: Shaymin\n|-supereffective|p2a: Shaymin\n|-damage|p2a: Shaymin|0 fnt\n|faint|p2a: Shaymin\n|-damage|p1a: Braviary|169/309|[from] Recoil\n|\n|upkeep\n|\n|t:|1781464400\n|switch|p2a: Arceus|Arceus-Steel, L70|284/284\n|-damage|p2a: Arceus|267/284|[from] Stealth Rock\n|turn|21\n|\n|t:|1781464407\n|switch|p2a: Komala|Komala, L88, M|175/258\n|-damage|p2a: Komala|143/258|[from] Stealth Rock\n|-ability|p2a: Komala|Comatose\n|switch|p1a: Bronzong|Bronzong, L88, tera:Water|245/261 brn\n|\n|-heal|p1a: Bronzong|261/261 brn|[from] item: Leftovers\n|-damage|p1a: Bronzong|245/261 brn|[from] brn\n|upkeep\n|turn|22\n|\n|t:|1781464411\n|switch|p1a: Braviary|Braviary, L85, M|169/309\n|move|p2a: Komala|Rapid Spin|p1a: Braviary\n|-damage|p1a: Braviary|97/309\n|-boost|p2a: Komala|spe|1\n|-sideend|p2: Chakraisgae|Stealth Rock|[from] move: Rapid Spin|[of] p2a: Komala\n|\n|upkeep\n|turn|23\n|\n|t:|1781464418\n|switch|p1a: Bronzong|Bronzong, L88, tera:Water|245/261 brn\n|move|p2a: Komala|Body Slam|p1a: Bronzong\n|-damage|p1a: Bronzong|163/261 brn\n|\n|-heal|p1a: Bronzong|179/261 brn|[from] item: Leftovers\n|-damage|p1a: Bronzong|163/261 brn|[from] brn\n|upkeep\n|turn|24\n|\n|t:|1781464432\n|move|p2a: Komala|Body Slam|p1a: Bronzong\n|-damage|p1a: Bronzong|79/261 brn\n|move|p1a: Bronzong|Psychic Noise|p2a: Komala\n|-damage|p2a: Komala|100/258\n|-start|p2a: Komala|move: Heal Block\n|\n|-heal|p1a: Bronzong|95/261 brn|[from] item: Leftovers\n|-damage|p1a: Bronzong|79/261 brn|[from] brn\n|upkeep\n|turn|25\n|\n|t:|1781464441\n|move|p2a: Komala|Body Slam|p1a: Bronzong\n|-damage|p1a: Bronzong|0 fnt\n|faint|p1a: Bronzong\n|\n|-end|p2a: Komala|move: Heal Block\n|upkeep\n|\n|t:|1781464443\n|switch|p1a: Tsareena|Tsareena, L87, F|150/267\n|turn|26\n|\n|t:|1781464461\n|move|p2a: Komala|Body Slam|p1a: Tsareena\n|-damage|p1a: Tsareena|41/267\n|move|p1a: Tsareena|Synthesis|p1a: Tsareena\n|-heal|p1a: Tsareena|174/267\n|\n|upkeep\n|turn|27\n|\n|t:|1781464469\n|move|p2a: Komala|Body Slam|p1a: Tsareena\n|-damage|p1a: Tsareena|66/267\n|move|p1a: Tsareena|Synthesis|p1a: Tsareena\n|-heal|p1a: Tsareena|199/267\n|\n|upkeep\n|turn|28\n|\n|t:|1781464474\n|move|p2a: Komala|Body Slam|p1a: Tsareena\n|-damage|p1a: Tsareena|96/267\n|move|p1a: Tsareena|Synthesis|p1a: Tsareena\n|-heal|p1a: Tsareena|229/267\n|\n|upkeep\n|turn|29\n|\n|t:|1781464480\n|move|p2a: Komala|Body Slam|p1a: Tsareena\n|-crit|p1a: Tsareena\n|-damage|p1a: Tsareena|66/267\n|-status|p1a: Tsareena|par\n|cant|p1a: Tsareena|par\n|\n|upkeep\n|turn|30\n|\n|t:|1781464486\n|move|p2a: Komala|Body Slam|p1a: Tsareena\n|-damage|p1a: Tsareena|0 fnt\n|faint|p1a: Tsareena\n|\n|upkeep\n|\n|t:|1781464489\n|switch|p1a: Beartic|Beartic, L91, M|321/321\n|turn|31\n|\n|t:|1781464504\n|move|p2a: Komala|Body Slam|p1a: Beartic\n|-damage|p1a: Beartic|216/321\n|-status|p1a: Beartic|par\n|move|p1a: Beartic|Earthquake|p2a: Komala\n|-damage|p2a: Komala|0 fnt\n|faint|p2a: Komala\n|\n|upkeep\n|\n|t:|1781464510\n|switch|p2a: Arceus|Arceus-Steel, L70|267/284\n|turn|32\n|\n|t:|1781464512\n|move|p2a: Arceus|Judgment|p1a: Beartic\n|-supereffective|p1a: Beartic\n|-damage|p1a: Beartic|16/321 par\n|move|p1a: Beartic|Earthquake|p2a: Arceus\n|-supereffective|p2a: Arceus\n|-damage|p2a: Arceus|0 fnt\n|faint|p2a: Arceus\n|\n|upkeep\n|\n|t:|1781464519\n|switch|p2a: Brambleghast|Brambleghast, L88, F|165/240\n|turn|33\n|\n|t:|1781464524\n|move|p2a: Brambleghast|Poltergeist|p1a: Beartic\n|-activate|p1a: Beartic|move: Poltergeist|Choice Band\n|-damage|p1a: Beartic|0 fnt\n|faint|p1a: Beartic\n|\n|-heal|p2a: Brambleghast|180/240|[from] item: Leftovers\n|upkeep\n|\n|t:|1781464526\n|switch|p1a: Braviary|Braviary, L85, M|97/309\n|turn|34\n|\n|t:|1781464529\n|move|p2a: Brambleghast|Substitute|p2a: Brambleghast\n|-start|p2a: Brambleghast|Substitute\n|-damage|p2a: Brambleghast|120/240\n|move|p1a: Braviary|Roost|p1a: Braviary\n|-heal|p1a: Braviary|252/309\n|-singleturn|p1a: Braviary|move: Roost\n|\n|-heal|p2a: Brambleghast|135/240|[from] item: Leftovers\n|upkeep\n|turn|35\n|\n|t:|1781464532\n|move|p2a: Brambleghast|Leech Seed|p1a: Braviary\n|-start|p1a: Braviary|move: Leech Seed\n|move|p1a: Braviary|Bulk Up|p1a: Braviary\n|-boost|p1a: Braviary|atk|1\n|-boost|p1a: Braviary|def|1\n|\n|-heal|p2a: Brambleghast|150/240|[from] item: Leftovers\n|-damage|p1a: Braviary|214/309|[from] Leech Seed|[of] p2a: Brambleghast\n|-heal|p2a: Brambleghast|188/240|[silent]\n|upkeep\n|turn|36\n|\n|t:|1781464539\n|move|p2a: Brambleghast|Power Whip|p1a: Braviary|[miss]\n|-miss|p2a: Brambleghast|p1a: Braviary\n|move|p1a: Braviary|Bulk Up|p1a: Braviary\n|-boost|p1a: Braviary|atk|1\n|-boost|p1a: Braviary|def|1\n|\n|-heal|p2a: Brambleghast|203/240|[from] item: Leftovers\n|-damage|p1a: Braviary|176/309|[from] Leech Seed|[of] p2a: Brambleghast\n|-heal|p2a: Brambleghast|240/240|[silent]\n|upkeep\n|turn|37\n|\n|t:|1781464543\n|move|p2a: Brambleghast|Power Whip|p1a: Braviary\n|-resisted|p1a: Braviary\n|-damage|p1a: Braviary|135/309\n|move|p1a: Braviary|Bulk Up|p1a: Braviary\n|-boost|p1a: Braviary|atk|1\n|-boost|p1a: Braviary|def|1\n|\n|-damage|p1a: Braviary|97/309|[from] Leech Seed|[of] p2a: Brambleghast\n|upkeep\n|turn|38\n|\n|t:|1781464547\n|move|p2a: Brambleghast|Power Whip|p1a: Braviary|[miss]\n|-miss|p2a: Brambleghast|p1a: Braviary\n|move|p1a: Braviary|Roost|p1a: Braviary\n|-heal|p1a: Braviary|252/309\n|-singleturn|p1a: Braviary|move: Roost\n|\n|-damage|p1a: Braviary|214/309|[from] Leech Seed|[of] p2a: Brambleghast\n|upkeep\n|turn|39\n|\n|t:|1781464553\n|move|p2a: Brambleghast|Power Whip|p1a: Braviary\n|-resisted|p1a: Braviary\n|-damage|p1a: Braviary|175/309\n|move|p1a: Braviary|Brave Bird|p2a: Brambleghast\n|-supereffective|p2a: Brambleghast\n|-end|p2a: Brambleghast|Substitute\n|-damage|p1a: Braviary|155/309|[from] Recoil|[of] p2a: Brambleghast\n|\n|-damage|p1a: Braviary|117/309|[from] Leech Seed|[of] p2a: Brambleghast\n|upkeep\n|turn|40\n|\n|t:|1781464557\n|move|p2a: Brambleghast|Substitute|p2a: Brambleghast\n|-start|p2a: Brambleghast|Substitute\n|-damage|p2a: Brambleghast|180/240\n|move|p1a: Braviary|Roost|p1a: Braviary\n|-heal|p1a: Braviary|272/309\n|-singleturn|p1a: Braviary|move: Roost\n|\n|-heal|p2a: Brambleghast|195/240|[from] item: Leftovers\n|-damage|p1a: Braviary|234/309|[from] Leech Seed|[of] p2a: Brambleghast\n|-heal|p2a: Brambleghast|233/240|[silent]\n|upkeep\n|turn|41\n|\n|t:|1781464563\n|move|p2a: Brambleghast|Power Whip|p1a: Braviary|[miss]\n|-miss|p2a: Brambleghast|p1a: Braviary\n|move|p1a: Braviary|Bulk Up|p1a: Braviary\n|-boost|p1a: Braviary|atk|1\n|-boost|p1a: Braviary|def|1\n|\n|-heal|p2a: Brambleghast|240/240|[from] item: Leftovers\n|-damage|p1a: Braviary|196/309|[from] Leech Seed|[of] p2a: Brambleghast\n|upkeep\n|turn|42\n|\n|t:|1781464567\n|move|p2a: Brambleghast|Power Whip|p1a: Braviary\n|-resisted|p1a: Braviary\n|-damage|p1a: Braviary|163/309\n|move|p1a: Braviary|Bulk Up|p1a: Braviary\n|-boost|p1a: Braviary|atk|1\n|-boost|p1a: Braviary|def|1\n|\n|-damage|p1a: Braviary|125/309|[from] Leech Seed|[of] p2a: Brambleghast\n|upkeep\n|turn|43\n|\n|t:|1781464571\n|move|p2a: Brambleghast|Leech Seed||[still]\n|-fail|p2a: Brambleghast\n|move|p1a: Braviary|Roost|p1a: Braviary\n|-heal|p1a: Braviary|280/309\n|-singleturn|p1a: Braviary|move: Roost\n|\n|-damage|p1a: Braviary|242/309|[from] Leech Seed|[of] p2a: Brambleghast\n|upkeep\n|turn|44\n|\n|t:|1781464576\n|move|p2a: Brambleghast|Power Whip|p1a: Braviary\n|-resisted|p1a: Braviary\n|-damage|p1a: Braviary|214/309\n|move|p1a: Braviary|Brave Bird|p2a: Brambleghast\n|-supereffective|p2a: Brambleghast\n|-end|p2a: Brambleghast|Substitute\n|-damage|p1a: Braviary|194/309|[from] Recoil|[of] p2a: Brambleghast\n|\n|-damage|p1a: Braviary|156/309|[from] Leech Seed|[of] p2a: Brambleghast\n|upkeep\n|turn|45\n|\n|t:|1781464585\n|move|p2a: Brambleghast|Substitute|p2a: Brambleghast\n|-start|p2a: Brambleghast|Substitute\n|-damage|p2a: Brambleghast|180/240\n|move|p1a: Braviary|Brave Bird|p2a: Brambleghast\n|-supereffective|p2a: Brambleghast\n|-end|p2a: Brambleghast|Substitute\n|-damage|p1a: Braviary|136/309|[from] Recoil|[of] p2a: Brambleghast\n|\n|-heal|p2a: Brambleghast|195/240|[from] item: Leftovers\n|-damage|p1a: Braviary|98/309|[from] Leech Seed|[of] p2a: Brambleghast\n|-heal|p2a: Brambleghast|233/240|[silent]\n|upkeep\n|turn|46\n|\n|t:|1781464592\n|move|p2a: Brambleghast|Substitute|p2a: Brambleghast\n|-start|p2a: Brambleghast|Substitute\n|-damage|p2a: Brambleghast|173/240\n|move|p1a: Braviary|Roost|p1a: Braviary\n|-heal|p1a: Braviary|253/309\n|-singleturn|p1a: Braviary|move: Roost\n|\n|-heal|p2a: Brambleghast|188/240|[from] item: Leftovers\n|-damage|p1a: Braviary|215/309|[from] Leech Seed|[of] p2a: Brambleghast\n|-heal|p2a: Brambleghast|226/240|[silent]\n|upkeep\n|turn|47\n|\n|t:|1781464597\n|move|p2a: Brambleghast|Power Whip|p1a: Braviary\n|-resisted|p1a: Braviary\n|-damage|p1a: Braviary|191/309\n|move|p1a: Braviary|Brave Bird|p2a: Brambleghast\n|-supereffective|p2a: Brambleghast\n|-end|p2a: Brambleghast|Substitute\n|-damage|p1a: Braviary|171/309|[from] Recoil|[of] p2a: Brambleghast\n|\n|-heal|p2a: Brambleghast|240/240|[from] item: Leftovers\n|-damage|p1a: Braviary|133/309|[from] Leech Seed|[of] p2a: Brambleghast\n|upkeep\n|turn|48\n|\n|t:|1781464604\n|move|p2a: Brambleghast|Substitute|p2a: Brambleghast\n|-start|p2a: Brambleghast|Substitute\n|-damage|p2a: Brambleghast|180/240\n|move|p1a: Braviary|Brave Bird|p2a: Brambleghast\n|-supereffective|p2a: Brambleghast\n|-end|p2a: Brambleghast|Substitute\n|-damage|p1a: Braviary|113/309|[from] Recoil|[of] p2a: Brambleghast\n|\n|-heal|p2a: Brambleghast|195/240|[from] item: Leftovers\n|-damage|p1a: Braviary|75/309|[from] Leech Seed|[of] p2a: Brambleghast\n|-heal|p2a: Brambleghast|233/240|[silent]\n|upkeep\n|turn|49\n|\n|t:|1781464610\n|move|p2a: Brambleghast|Substitute|p2a: Brambleghast\n|-start|p2a: Brambleghast|Substitute\n|-damage|p2a: Brambleghast|173/240\n|move|p1a: Braviary|Roost|p1a: Braviary\n|-heal|p1a: Braviary|230/309\n|-singleturn|p1a: Braviary|move: Roost\n|\n|-heal|p2a: Brambleghast|188/240|[from] item: Leftovers\n|-damage|p1a: Braviary|192/309|[from] Leech Seed|[of] p2a: Brambleghast\n|-heal|p2a: Brambleghast|226/240|[silent]\n|upkeep\n|turn|50\n|\n|t:|1781464615\n|move|p2a: Brambleghast|Poltergeist|p1a: Braviary\n|-immune|p1a: Braviary\n|move|p1a: Braviary|Brave Bird|p2a: Brambleghast\n|-supereffective|p2a: Brambleghast\n|-end|p2a: Brambleghast|Substitute\n|-damage|p1a: Braviary|172/309|[from] Recoil|[of] p2a: Brambleghast\n|\n|-heal|p2a: Brambleghast|240/240|[from] item: Leftovers\n|-damage|p1a: Braviary|134/309|[from] Leech Seed|[of] p2a: Brambleghast\n|upkeep\n|turn|51\n|\n|t:|1781464622\n|move|p2a: Brambleghast|Substitute|p2a: Brambleghast\n|-start|p2a: Brambleghast|Substitute\n|-damage|p2a: Brambleghast|180/240\n|move|p1a: Braviary|Brave Bird|p2a: Brambleghast\n|-supereffective|p2a: Brambleghast\n|-end|p2a: Brambleghast|Substitute\n|-damage|p1a: Braviary|114/309|[from] Recoil|[of] p2a: Brambleghast\n|\n|-heal|p2a: Brambleghast|195/240|[from] item: Leftovers\n|-damage|p1a: Braviary|76/309|[from] Leech Seed|[of] p2a: Brambleghast\n|-heal|p2a: Brambleghast|233/240|[silent]\n|upkeep\n|turn|52\n|\n|t:|1781464628\n|move|p2a: Brambleghast|Substitute|p2a: Brambleghast\n|-start|p2a: Brambleghast|Substitute\n|-damage|p2a: Brambleghast|173/240\n|move|p1a: Braviary|Roost|p1a: Braviary\n|-heal|p1a: Braviary|231/309\n|-singleturn|p1a: Braviary|move: Roost\n|\n|-heal|p2a: Brambleghast|188/240|[from] item: Leftovers\n|-damage|p1a: Braviary|193/309|[from] Leech Seed|[of] p2a: Brambleghast\n|-heal|p2a: Brambleghast|226/240|[silent]\n|upkeep\n|turn|53\n|\n|t:|1781464635\n|move|p2a: Brambleghast|Power Whip|p1a: Braviary\n|-resisted|p1a: Braviary\n|-damage|p1a: Braviary|166/309\n|move|p1a: Braviary|Brave Bird|p2a: Brambleghast\n|-supereffective|p2a: Brambleghast\n|-end|p2a: Brambleghast|Substitute\n|-damage|p1a: Braviary|146/309|[from] Recoil|[of] p2a: Brambleghast\n|\n|-heal|p2a: Brambleghast|240/240|[from] item: Leftovers\n|-damage|p1a: Braviary|108/309|[from] Leech Seed|[of] p2a: Brambleghast\n|upkeep\n|turn|54\n|\n|t:|1781464641\n|move|p2a: Brambleghast|Substitute|p2a: Brambleghast\n|-start|p2a: Brambleghast|Substitute\n|-damage|p2a: Brambleghast|180/240\n|move|p1a: Braviary|Brave Bird|p2a: Brambleghast\n|-supereffective|p2a: Brambleghast\n|-end|p2a: Brambleghast|Substitute\n|-damage|p1a: Braviary|88/309|[from] Recoil|[of] p2a: Brambleghast\n|\n|-heal|p2a: Brambleghast|195/240|[from] item: Leftovers\n|-damage|p1a: Braviary|50/309|[from] Leech Seed|[of] p2a: Brambleghast\n|-heal|p2a: Brambleghast|233/240|[silent]\n|upkeep\n|turn|55\n|\n|t:|1781464648\n|move|p2a: Brambleghast|Substitute|p2a: Brambleghast\n|-start|p2a: Brambleghast|Substitute\n|-damage|p2a: Brambleghast|173/240\n|move|p1a: Braviary|Roost|p1a: Braviary\n|-heal|p1a: Braviary|205/309\n|-singleturn|p1a: Braviary|move: Roost\n|\n|-heal|p2a: Brambleghast|188/240|[from] item: Leftovers\n|-damage|p1a: Braviary|167/309|[from] Leech Seed|[of] p2a: Brambleghast\n|-heal|p2a: Brambleghast|226/240|[silent]\n|upkeep\n|turn|56\n|\n|t:|1781464654\n|move|p2a: Brambleghast|Power Whip|p1a: Braviary\n|-resisted|p1a: Braviary\n|-damage|p1a: Braviary|140/309\n|move|p1a: Braviary|Brave Bird|p2a: Brambleghast\n|-supereffective|p2a: Brambleghast\n|-end|p2a: Brambleghast|Substitute\n|-damage|p1a: Braviary|120/309|[from] Recoil|[of] p2a: Brambleghast\n|\n|-heal|p2a: Brambleghast|240/240|[from] item: Leftovers\n|-damage|p1a: Braviary|82/309|[from] Leech Seed|[of] p2a: Brambleghast\n|upkeep\n|turn|57\n|\n|t:|1781464661\n|move|p2a: Brambleghast|Substitute|p2a: Brambleghast\n|-start|p2a: Brambleghast|Substitute\n|-damage|p2a: Brambleghast|180/240\n|move|p1a: Braviary|Brave Bird|p2a: Brambleghast\n|-supereffective|p2a: Brambleghast\n|-end|p2a: Brambleghast|Substitute\n|-damage|p1a: Braviary|62/309|[from] Recoil|[of] p2a: Brambleghast\n|\n|-heal|p2a: Brambleghast|195/240|[from] item: Leftovers\n|-damage|p1a: Braviary|24/309|[from] Leech Seed|[of] p2a: Brambleghast\n|-heal|p2a: Brambleghast|233/240|[silent]\n|upkeep\n|turn|58\n|\n|t:|1781464664\n|move|p2a: Brambleghast|Substitute|p2a: Brambleghast\n|-start|p2a: Brambleghast|Substitute\n|-damage|p2a: Brambleghast|173/240\n|move|p1a: Braviary|Brave Bird|p2a: Brambleghast\n|-supereffective|p2a: Brambleghast\n|-end|p2a: Brambleghast|Substitute\n|-damage|p1a: Braviary|4/309|[from] Recoil|[of] p2a: Brambleghast\n|\n|-heal|p2a: Brambleghast|188/240|[from] item: Leftovers\n|-damage|p1a: Braviary|0 fnt|[from] Leech Seed|[of] p2a: Brambleghast\n|-heal|p2a: Brambleghast|192/240|[silent]\n|faint|p1a: Braviary\n|\n|win|Chakraisgae\n", "inputlog": ">version a8376a258c1d4662feba110a92103f3664a72141\n>start {\"formatid\":\"gen9randombattle\",\"seed\":\"sodium,c80f1d724be827a60ffcae212960d337\",\"rated\":\"Rated battle\"}\n>player p1 {\"name\":\"Knayrus\",\"avatar\":\"drayden\",\"rating\":2165,\"seed\":\"sodium,514b979fd28d7db2c399f259fd264fb6\"}\n>player p2 {\"name\":\"Chakraisgae\",\"avatar\":\"2\",\"rating\":2127,\"seed\":\"sodium,ca46e470572643806870f8583710ad35\"}\n>p1 move earthquake\n>p2 move closecombat\n>p1 switch 3\n>p1 move bravebird\n>p2 switch 6\n>p1 switch 4\n>p2 move willowisp\n>p1 move stealthrock\n>p2 switch 6\n>p1 move psychicnoise\n>p2 move swordsdance terastallize\n>p1 move hypnosis terastallize\n>p2 move swordsdance\n>p1 switch 4\n>p2 move closecombat\n>p1 move closecombat\n>p2 move knockoff\n>p2 switch 3\n>p1 move bravebird\n>p2 move substitute\n>p1 move bravebird\n>p2 switch 6\n>p1 switch 4\n>p2 move recover\n>p1 move psychicnoise\n>p2 switch 2\n>p1 switch 6\n>p2 move knockoff\n>p1 move powerwhip\n>p2 switch 2\n>p1 switch 2\n>p2 move recover\n>p1 move swordsdance\n>p2 switch 5\n>p1 move earthquake\n>p2 move wildcharge\n>p1 move earthquake\n>p2 move drainpunch\n>p2 switch 4\n>p1 move earthquake\n>p2 move airslash\n>p1 switch 4\n>p1 move bravebird\n>p2 move leechseed\n>p2 switch 5\n>p1 switch 6\n>p2 switch 2\n>p1 switch 6\n>p2 move rapidspin\n>p1 switch 6\n>p2 move bodyslam\n>p1 move psychicnoise\n>p2 move bodyslam\n>p1 move psychicnoise\n>p2 move bodyslam\n>p1 switch 2\n>p1 move synthesis\n>p2 move bodyslam\n>p1 move synthesis\n>p2 move bodyslam\n>p1 move synthesis\n>p2 move bodyslam\n>p1 move powerwhip\n>p2 move bodyslam\n>p1 move powerwhip\n>p2 move bodyslam\n>p1 switch 5\n>p1 move earthquake\n>p2 move bodyslam\n>p2 switch 2\n>p1 move earthquake\n>p2 move judgment\n>p2 switch 6\n>p1 move earthquake\n>p2 move poltergeist\n>p1 switch 6\n>p1 move roost\n>p2 move substitute\n>p1 move bulkup\n>p2 move leechseed\n>p1 move bulkup\n>p2 move powerwhip\n>p1 move bulkup\n>p2 move powerwhip\n>p1 move roost\n>p2 move powerwhip\n>p1 move bravebird\n>p2 move powerwhip\n>p1 move roost\n>p2 move substitute\n>p1 move bulkup\n>p2 move powerwhip\n>p1 move bulkup\n>p2 move powerwhip\n>p1 move roost\n>p2 move leechseed\n>p1 move bravebird\n>p2 move powerwhip\n>p1 move bravebird\n>p2 move substitute\n>p1 move roost\n>p2 move substitute\n>p1 move bravebird\n>p2 move powerwhip\n>p1 move bravebird\n>p2 move substitute\n>p1 move roost\n>p2 move substitute\n>p1 move bravebird\n>p2 move poltergeist\n>p1 move bravebird\n>p2 move substitute\n>p1 move roost\n>p2 move substitute\n>p1 move bravebird\n>p2 move powerwhip\n>p1 move bravebird\n>p2 move substitute\n>p1 move roost\n>p2 move substitute\n>p1 move bravebird\n>p2 move powerwhip\n>p1 move bravebird\n>p2 move substitute\n>p1 move bravebird\n>p2 move substitute", "uploadtime": 1781464173, "views": 5, "formatid": "gen9randombattle", "rating": null, "private": 0, "password": null, "player_dets": [{"name": "Knayrus", "avatar": "drayden", "rating": 2165, "seed": "sodium,514b979fd28d7db2c399f259fd264fb6"}, {"name": "Chakraisgae", "avatar": "2", "rating": 2127, "seed": "sodium,ca46e470572643806870f8583710ad35"}], "teams_full": [{"Snorlax": {"name": "Snorlax", "species": "Snorlax", "speciesId": "snorlax", "gender": "F", "shiny": false, "level": 82, "moves": ["rest", "earthquake", "bodyslam", "curse"], "ability": "Thick Fat", "evs": {"hp": 85, "atk": 85, "def": 85, "spa": 85, "spd": 85, "spe": 85}, "ivs": {"hp": 31, "atk": 31, "def": 31, "spa": 31, "spd": 31, "spe": 31}, "item": "Chesto Berry", "teraType": "Ground", "role": "Bulky Setup", "bvs": {"hp": 160, "atk": 110, "def": 65, "spa": 65, "spd": 110, "spe": 30}, "stats": {"hp": 397, "atk": 228, "def": 154, "spa": 154, "spd": 228, "spe": 96}}, "Charizard": {"name": "Charizard", "species": "Charizard", "speciesId": "charizard", "gender": "M", "shiny": false, "level": 85, "moves": ["flareblitz", "outrage", "swordsdance", "earthquake"], "ability": "Blaze", "evs": {"hp": 85, "atk": 85, "def": 85, "spa": 85, "spd": 85, "spe": 85}, "ivs": {"hp": 31, "atk": 31, "def": 31, "spa": 31, "spd": 31, "spe": 31}, "item": "Heavy-Duty Boots", "teraType": "Ground", "role": "Setup Sweeper", "bvs": {"hp": 78, "atk": 84, "def": 78, "spa": 109, "spd": 85, "spe": 100}, "stats": {"hp": 271, "atk": 192, "def": 181, "spa": 234, "spd": 193, "spe": 219}}, "Braviary": {"name": "Braviary", "species": "Braviary", "speciesId": "braviary", "gender": "M", "shiny": false, "level": 85, "moves": ["bulkup", "closecombat", "bravebird", "roost"], "ability": "Defiant", "evs": {"hp": 85, "atk": 85, "def": 85, "spa": 85, "spd": 85, "spe": 85}, "ivs": {"hp": 31, "atk": 31, "def": 31, "spa": 31, "spd": 31, "spe": 31}, "item": "Heavy-Duty Boots", "teraType": "Steel", "role": "Fast Bulky Setup", "bvs": {"hp": 100, "atk": 123, "def": 75, "spa": 57, "spd": 75, "spe": 80}, "stats": {"hp": 309, "atk": 258, "def": 176, "spa": 146, "spd": 176, "spe": 185}}, "Bronzong": {"name": "Bronzong", "species": "Bronzong", "speciesId": "bronzong", "gender": "N", "shiny": false, "level": 88, "moves": ["earthquake", "stealthrock", "hypnosis", "psychicnoise"], "ability": "Levitate", "evs": {"hp": 85, "atk": 85, "def": 85, "spa": 85, "spd": 85, "spe": 85}, "ivs": {"hp": 31, "atk": 31, "def": 31, "spa": 31, "spd": 31, "spe": 31}, "item": "Leftovers", "teraType": "Water", "role": "Bulky Support", "bvs": {"hp": 67, "atk": 89, "def": 116, "spa": 79, "spd": 116, "spe": 33}, "stats": {"hp": 261, "atk": 207, "def": 254, "spa": 189, "spd": 254, "spe": 108}}, "Beartic": {"name": "Beartic", "species": "Beartic", "speciesId": "beartic", "gender": "M", "shiny": false, "level": 91, "moves": ["earthquake", "aquajet", "closecombat", "iciclecrash"], "ability": "Slush Rush", "evs": {"hp": 85, "atk": 85, "def": 85, "spa": 85, "spd": 85, "spe": 85}, "ivs": {"hp": 31, "atk": 31, "def": 31, "spa": 31, "spd": 31, "spe": 31}, "item": "Choice Band", "teraType": "Ground", "role": "Wallbreaker", "bvs": {"hp": 95, "atk": 130, "def": 80, "spa": 70, "spd": 80, "spe": 50}, "stats": {"hp": 321, "atk": 288, "def": 197, "spa": 179, "spd": 197, "spe": 143}}, "Tsareena": {"name": "Tsareena", "species": "Tsareena", "speciesId": "tsareena", "gender": "F", "shiny": false, "level": 87, "moves": ["highjumpkick", "synthesis", "powerwhip", "rapidspin"], "ability": "Queenly Majesty", "evs": {"hp": 85, "atk": 85, "def": 85, "spa": 85, "spd": 85, "spe": 85}, "ivs": {"hp": 31, "atk": 31, "def": 31, "spa": 31, "spd": 31, "spe": 31}, "item": "Heavy-Duty Boots", "teraType": "Fighting", "role": "Fast Support", "bvs": {"hp": 72, "atk": 120, "def": 98, "spa": 50, "spd": 98, "spe": 72}, "stats": {"hp": 267, "atk": 259, "def": 220, "spa": 137, "spd": 220, "spe": 175}}}, {"Blaziken": {"name": "Blaziken", "species": "Blaziken", "speciesId": "blaziken", "gender": "M", "shiny": false, "level": 76, "moves": ["swordsdance", "flareblitz", "knockoff", "closecombat"], "ability": "Speed Boost", "evs": {"hp": 85, "atk": 85, "def": 85, "spa": 85, "spd": 85, "spe": 85}, "ivs": {"hp": 31, "atk": 31, "def": 31, "spa": 31, "spd": 31, "spe": 31}, "item": "Life Orb", "teraType": "Dark", "role": "Setup Sweeper", "bvs": {"hp": 80, "atk": 120, "def": 70, "spa": 110, "spd": 70, "spe": 80}, "stats": {"hp": 247, "atk": 226, "def": 150, "spa": 211, "spd": 150, "spe": 166}}, "Komala": {"name": "Komala", "species": "Komala", "speciesId": "komala", "gender": "M", "shiny": false, "level": 88, "moves": ["earthquake", "knockoff", "bodyslam", "rapidspin"], "ability": "Comatose", "evs": {"hp": 85, "atk": 85, "def": 85, "spa": 85, "spd": 85, "spe": 85}, "ivs": {"hp": 31, "atk": 31, "def": 31, "spa": 31, "spd": 31, "spe": 31}, "item": "Assault Vest", "teraType": "Ghost", "role": "Bulky Support", "bvs": {"hp": 65, "atk": 115, "def": 65, "spa": 75, "spd": 95, "spe": 65}, "stats": {"hp": 258, "atk": 253, "def": 165, "spa": 182, "spd": 217, "spe": 165}}, "Brambleghast": {"name": "Brambleghast", "species": "Brambleghast", "speciesId": "brambleghast", "gender": "F", "shiny": false, "level": 88, "moves": ["poltergeist", "powerwhip", "substitute", "leechseed"], "ability": "Wind Rider", "evs": {"hp": 85, "atk": 85, "def": 85, "spa": 85, "spd": 85, "spe": 85}, "ivs": {"hp": 31, "atk": 31, "def": 31, "spa": 31, "spd": 31, "spe": 31}, "item": "Leftovers", "teraType": "Fairy", "role": "Fast Support", "bvs": {"hp": 55, "atk": 115, "def": 70, "spa": 80, "spd": 70, "spe": 90}, "stats": {"hp": 240, "atk": 253, "def": 173, "spa": 191, "spd": 173, "spe": 209}}, "Shaymin": {"name": "Shaymin", "species": "Shaymin", "speciesId": "shaymin", "gender": "N", "shiny": false, "level": 82, "moves": ["seedflare", "airslash", "leechseed", "substitute"], "ability": "Natural Cure", "evs": {"hp": 85, "atk": 0, "def": 85, "spa": 85, "spd": 85, "spe": 85}, "ivs": {"hp": 31, "atk": 0, "def": 31, "spa": 31, "spd": 31, "spe": 31}, "item": "Leftovers", "teraType": "Steel", "role": "Bulky Support", "bvs": {"hp": 100, "atk": 100, "def": 100, "spa": 100, "spd": 100, "spe": 100}, "stats": {"hp": 298, "atk": 169, "def": 211, "spa": 211, "spd": 211, "spe": 211}}, "Iron Hands": {"name": "Iron Hands", "species": "Iron Hands", "speciesId": "ironhands", "gender": "N", "shiny": false, "level": 79, "moves": ["icepunch", "swordsdance", "drainpunch", "wildcharge"], "ability": "Quark Drive", "evs": {"hp": 85, "atk": 85, "def": 85, "spa": 85, "spd": 85, "spe": 85}, "ivs": {"hp": 31, "atk": 31, "def": 31, "spa": 31, "spd": 31, "spe": 31}, "item": "Leftovers", "teraType": "Steel", "role": "Bulky Attacker", "bvs": {"hp": 154, "atk": 140, "def": 108, "spa": 50, "spd": 68, "spe": 50}, "stats": {"hp": 373, "atk": 267, "def": 216, "spa": 125, "spd": 153, "spe": 125}}, "Arceus": {"name": "Arceus", "species": "Arceus-Steel", "speciesId": "arceussteel", "gender": "N", "shiny": false, "level": 70, "moves": ["judgment", "willowisp", "recover", "earthquake"], "ability": "Multitype", "evs": {"hp": 85, "atk": 85, "def": 85, "spa": 85, "spd": 85, "spe": 85}, "ivs": {"hp": 31, "atk": 31, "def": 31, "spa": 31, "spd": 31, "spe": 31}, "item": "Iron Plate", "teraType": "Ghost", "role": "Bulky Support", "bvs": {"hp": 120, "atk": 120, "def": 120, "spa": 120, "spd": 120, "spe": 120}, "stats": {"hp": 284, "atk": 209, "def": 209, "spa": 209, "spd": 209, "spe": 209}}}]}