{"id": "gen9randombattle-2631568743", "format": "[Gen 9] Random Battle", "players": ["DiamondIyes", "azztheddicaff"], "log": "|j|\u2606DiamondIyes\n|j|\u2606azztheddicaff\n|t:|1781402543\n|gametype|singles\n|player|p1|DiamondIyes|az|1942\n|player|p2|azztheddicaff|265|2061\n|gen|9\n|tier|[Gen 9] Random Battle\n|rated|\n|rule|Species Clause: Limit one of each Pok\u00e9mon\n|rule|HP Percentage Mod: HP is shown in percentages\n|rule|Sleep Clause Mod: Limit one foe put to sleep\n|rule|Illusion Level Mod: Illusion disguises the Pok\u00e9mon's true level\n|\n|t:|1781402543\n|teamsize|p1|6\n|teamsize|p2|6\n|start\n|switch|p1a: Altaria|Altaria, L89, F|278/278\n|switch|p2a: Jolteon|Jolteon, L84, M|246/246\n|turn|1\n|inactive|Battle timer is ON: inactive players will automatically lose when time's up. (requested by azztheddicaff)\n|\n|t:|1781402560\n|move|p2a: Jolteon|Substitute|p2a: Jolteon\n|-start|p2a: Jolteon|Substitute\n|-damage|p2a: Jolteon|185/246\n|move|p1a: Altaria|Dragon Dance|p1a: Altaria\n|-boost|p1a: Altaria|atk|1\n|-boost|p1a: Altaria|spe|1\n|\n|-heal|p2a: Jolteon|200/246|[from] item: Leftovers\n|upkeep\n|turn|2\n|\n|t:|1781402571\n|-terastallize|p2a: Jolteon|Ice\n|move|p1a: Altaria|Earthquake|p2a: Jolteon\n|-crit|p2a: Jolteon\n|-end|p2a: Jolteon|Substitute\n|move|p2a: Jolteon|Tera Blast|p1a: Altaria|[anim] Tera Blast Ice\n|-supereffective|p1a: Altaria\n|-damage|p1a: Altaria|0 fnt\n|faint|p1a: Altaria\n|\n|-heal|p2a: Jolteon|215/246|[from] item: Leftovers\n|upkeep\n|\n|t:|1781402580\n|switch|p1a: Urshifu|Urshifu, L74, F|270/270\n|turn|3\n|\n|t:|1781402589\n|move|p1a: Urshifu|Close Combat|p2a: Jolteon\n|-supereffective|p2a: Jolteon\n|-damage|p2a: Jolteon|0 fnt\n|-unboost|p1a: Urshifu|def|1\n|-unboost|p1a: Urshifu|spd|1\n|faint|p2a: Jolteon\n|\n|upkeep\n|\n|t:|1781402593\n|switch|p2a: Mismagius|Mismagius, L86, F|243/243\n|turn|4\n|\n|t:|1781402598\n|switch|p1a: Mabosstiff|Mabosstiff, L86, M|278/278\n|move|p2a: Mismagius|Substitute|p2a: Mismagius\n|-start|p2a: Mismagius|Substitute\n|-damage|p2a: Mismagius|183/243\n|\n|-heal|p2a: Mismagius|198/243|[from] item: Leftovers\n|upkeep\n|turn|5\n|\n|t:|1781402604\n|move|p1a: Mabosstiff|Crunch|p2a: Mismagius\n|-supereffective|p2a: Mismagius\n|-crit|p2a: Mismagius\n|-end|p2a: Mismagius|Substitute\n|move|p2a: Mismagius|Thunderbolt|p1a: Mabosstiff\n|-damage|p1a: Mabosstiff|190/278\n|-status|p1a: Mabosstiff|par\n|\n|-heal|p2a: Mismagius|213/243|[from] item: Leftovers\n|upkeep\n|turn|6\n|\n|t:|1781402610\n|switch|p2a: Terrakion|Terrakion, L79|273/273\n|move|p1a: Mabosstiff|Crunch|p2a: Terrakion\n|-resisted|p2a: Terrakion\n|-damage|p2a: Terrakion|164/273\n|-ability|p2a: Terrakion|Justified|boost\n|-boost|p2a: Terrakion|atk|1\n|\n|upkeep\n|turn|7\n|\n|t:|1781402620\n|switch|p1a: Vivillon|Vivillon-River, L83, M|268/268\n|move|p2a: Terrakion|Close Combat|p1a: Vivillon\n|-resisted|p1a: Vivillon\n|-damage|p1a: Vivillon|143/268\n|-unboost|p2a: Terrakion|def|1\n|-unboost|p2a: Terrakion|spd|1\n|\n|upkeep\n|turn|8\n|\n|t:|1781402629\n|switch|p1a: Urshifu|Urshifu, L74, F|270/270\n|move|p2a: Terrakion|Close Combat|p1a: Urshifu\n|-supereffective|p1a: Urshifu\n|-damage|p1a: Urshifu|0 fnt\n|-unboost|p2a: Terrakion|def|1\n|-unboost|p2a: Terrakion|spd|1\n|faint|p1a: Urshifu\n|\n|upkeep\n|\n|t:|1781402637\n|switch|p1a: Veluza|Veluza, L85, F|292/292\n|turn|9\n|\n|t:|1781402642\n|switch|p2a: Skuntank|Skuntank, L84, M|310/310\n|move|p1a: Veluza|Fillet Away|p1a: Veluza\n|-boost|p1a: Veluza|atk|2\n|-boost|p1a: Veluza|spa|2\n|-boost|p1a: Veluza|spe|2\n|-damage|p1a: Veluza|146/292\n|-enditem|p1a: Veluza|Sitrus Berry|[eat]\n|-heal|p1a: Veluza|219/292|[from] item: Sitrus Berry\n|\n|upkeep\n|turn|10\n|\n|t:|1781402650\n|-terastallize|p1a: Veluza|Water\n|move|p1a: Veluza|Aqua Cutter|p2a: Skuntank\n|-damage|p2a: Skuntank|0 fnt\n|faint|p2a: Skuntank\n|\n|upkeep\n|-message|azztheddicaff forfeited.\n|\n|win|DiamondIyes\n", "inputlog": ">version a8376a258c1d4662feba110a92103f3664a72141\n>start {\"formatid\":\"gen9randombattle\",\"seed\":\"sodium,b46eaf4c9a6725007a49328bb72aa96e\",\"rated\":\"Rated battle\"}\n>player p1 {\"name\":\"DiamondIyes\",\"avatar\":\"az\",\"rating\":1942,\"seed\":\"sodium,21b06f3bf57a145fad221dc5ae61d9f7\"}\n>player p2 {\"name\":\"azztheddicaff\",\"avatar\":\"265\",\"rating\":2061,\"seed\":\"sodium,2222cf77a43c782965563ee0cc85f97d\"}\n>p1 move dragondance\n>p2 move substitute\n>p1 move earthquake\n>p2 move terablast terastallize\n>p1 switch 3\n>p1 move closecombat\n>p2 move substitute\n>p2 switch 5\n>p1 switch 4\n>p2 move substitute\n>p1 move crunch\n>p2 move thunderbolt\n>p1 move crunch\n>p2 switch 2\n>p1 switch 2\n>p2 move closecombat\n>p1 switch 4\n>p2 move closecombat\n>p1 switch 5\n>p1 move filletaway\n>p2 switch 3\n>p1 move aquacutter terastallize\n>p2 move knockoff\n>forcelose p2", "uploadtime": 1781402545, "views": 4, "formatid": "gen9randombattle", "rating": null, "private": 0, "password": null}