{"id": "gen9randombattle-2631535191", "format": "[Gen 9] Random Battle", "players": ["orenado8", "phantasmiccat"], "log": "|badge|p2|bronze|gen9ru|100-9\n|uhtml|medal-msg|<div class=\"broadcast-blue\">Curious what those medals under the avatar are? PS now has Ladder Seasons! For more information, check out the <a href=\"https://www.smogon.com/forums/threads/3740067/\">thread on Smogon.</a></div>\n|j|\u2606orenado8\n|j|\u2606phantasmiccat\n|t:|1781397914\n|gametype|singles\n|player|p1|orenado8|palmer|2206\n|player|p2|phantasmiccat|miku-grass|2302\n|gen|9\n|tier|[Gen 9] Random Battle\n|rated|\n|rule|Species Clause: Limit one of each Pok\u00e9mon\n|rule|HP Percentage Mod: HP is shown in percentages\n|rule|Sleep Clause Mod: Limit one foe put to sleep\n|rule|Illusion Level Mod: Illusion disguises the Pok\u00e9mon's true level\n|\n|t:|1781397914\n|teamsize|p1|6\n|teamsize|p2|6\n|start\n|switch|p1a: Klawf|Klawf, L90, M|272/272\n|switch|p2a: Morpeko|Morpeko, L88, F|245/245\n|turn|1\n|inactive|Battle timer is ON: inactive players will automatically lose when time's up. (requested by orenado8)\n|\n|t:|1781397930\n|move|p2a: Morpeko|Knock Off|p1a: Klawf\n|-damage|p1a: Klawf|182/272\n|-enditem|p1a: Klawf|Life Orb|[from] move: Knock Off|[of] p2a: Morpeko\n|move|p1a: Klawf|Knock Off|p2a: Morpeko\n|-resisted|p2a: Morpeko\n|-damage|p2a: Morpeko|196/245\n|-enditem|p2a: Morpeko|Leftovers|[from] move: Knock Off|[of] p1a: Klawf\n|\n|-formechange|p2a: Morpeko|Morpeko-Hangry||[from] ability: Hunger Switch\n|upkeep\n|turn|2\n|\n|t:|1781397943\n|switch|p2a: Manaphy|Manaphy, L78|284/284\n|move|p1a: Klawf|High Horsepower|p2a: Manaphy\n|-damage|p2a: Manaphy|211/284\n|\n|-heal|p2a: Manaphy|228/284|[from] item: Leftovers\n|upkeep\n|turn|3\n|\n|t:|1781397955\n|switch|p1a: Shaymin|Shaymin, L82|298/298\n|move|p2a: Manaphy|Tail Glow|p2a: Manaphy\n|-boost|p2a: Manaphy|spa|3\n|\n|-heal|p2a: Manaphy|245/284|[from] item: Leftovers\n|upkeep\n|turn|4\n|\n|t:|1781397963\n|switch|p2a: Articuno|Articuno-Galar, L84|288/288\n|move|p1a: Shaymin|Seed Flare|p2a: Articuno\n|-resisted|p2a: Articuno\n|-damage|p2a: Articuno|237/288\n|-unboost|p2a: Articuno|spd|2\n|-ability|p2a: Articuno|Competitive|boost\n|-boost|p2a: Articuno|spa|2\n|\n|upkeep\n|turn|5\n|\n|t:|1781397991\n|switch|p1a: Jirachi|Jirachi, L80|291/291\n|move|p2a: Articuno|Hurricane|p1a: Jirachi\n|-resisted|p1a: Jirachi\n|-damage|p1a: Jirachi|150/291\n|-start|p1a: Jirachi|confusion\n|\n|-heal|p1a: Jirachi|168/291|[from] item: Leftovers\n|upkeep\n|turn|6\n|inactive|orenado8 has 120 seconds left.\n|\n|t:|1781398010\n|switch|p1a: Cetitan|Cetitan, L82, M|412/412\n|move|p2a: Articuno|Hurricane|p1a: Cetitan\n|-damage|p1a: Cetitan|6/412\n|-start|p1a: Cetitan|confusion\n|-enditem|p1a: Cetitan|Sitrus Berry|[eat]\n|-heal|p1a: Cetitan|109/412|[from] item: Sitrus Berry\n|\n|upkeep\n|turn|7\n|\n|t:|1781398018\n|-activate|p1a: Cetitan|confusion\n|-damage|p1a: Cetitan|71/412|[from] confusion\n|move|p2a: Articuno|Freezing Glare|p1a: Cetitan\n|-damage|p1a: Cetitan|0 fnt\n|faint|p1a: Cetitan\n|\n|upkeep\n|\n|t:|1781398028\n|switch|p1a: Klawf|Klawf, L90, M|272/272\n|turn|8\n|\n|t:|1781398034\n|move|p2a: Articuno|Freezing Glare|p1a: Klawf\n|-damage|p1a: Klawf|0 fnt\n|faint|p1a: Klawf\n|\n|upkeep\n|\n|t:|1781398044\n|switch|p1a: Oinkologne|Oinkologne, L92, M|352/352\n|turn|9\n|\n|t:|1781398050\n|move|p2a: Articuno|Freezing Glare|p1a: Oinkologne\n|-damage|p1a: Oinkologne|144/352\n|move|p1a: Oinkologne|Double-Edge|p2a: Articuno\n|-damage|p2a: Articuno|75/288\n|-damage|p1a: Oinkologne|91/352|[from] Recoil\n|\n|-heal|p1a: Oinkologne|113/352|[from] item: Leftovers\n|upkeep\n|turn|10\n|\n|t:|1781398058\n|move|p2a: Articuno|Freezing Glare|p1a: Oinkologne\n|-damage|p1a: Oinkologne|0 fnt\n|faint|p1a: Oinkologne\n|\n|upkeep\n|\n|t:|1781398060\n|switch|p1a: Shaymin|Shaymin, L82|298/298\n|turn|11\n|j| mcflurryo\n|\n|t:|1781398068\n|move|p1a: Shaymin|Air Slash|p2a: Articuno\n|-damage|p2a: Articuno|0 fnt\n|faint|p2a: Articuno\n|\n|upkeep\n|\n|t:|1781398076\n|switch|p2a: Magmortar|Magmortar, L88, M|275/275\n|turn|12\n|\n|t:|1781398082\n|switch|p1a: Okidogi|Okidogi, L77, M|262/262\n|move|p2a: Magmortar|Fire Blast|p1a: Okidogi\n|-damage|p1a: Okidogi|90/262\n|\n|-heal|p1a: Okidogi|106/262|[from] item: Leftovers\n|upkeep\n|turn|13\n|c| mcflurryo|k\n|\n|t:|1781398098\n|move|p2a: Magmortar|Fire Blast|p1a: Okidogi\n|-damage|p1a: Okidogi|0 fnt\n|faint|p1a: Okidogi\n|\n|upkeep\n|\n|t:|1781398100\n|switch|p1a: Jirachi|Jirachi, L80|168/291\n|turn|14\n|\n|t:|1781398107\n|-terastallize|p1a: Jirachi|Water\n|move|p1a: Jirachi|Wish|p1a: Jirachi\n|move|p2a: Magmortar|Fire Blast|p1a: Jirachi|[miss]\n|-miss|p2a: Magmortar|p1a: Jirachi\n|\n|-heal|p1a: Jirachi|186/291|[from] item: Leftovers\n|upkeep\n|turn|15\n|\n|t:|1781398124\n|switch|p2a: Morpeko|Morpeko, L88, F|196/245\n|move|p1a: Jirachi|Body Slam|p2a: Morpeko\n|-damage|p2a: Morpeko|125/245\n|\n|-heal|p1a: Jirachi|291/291|[from] move: Wish|[wisher] Jirachi\n|-formechange|p2a: Morpeko|Morpeko-Hangry||[from] ability: Hunger Switch\n|upkeep\n|turn|16\n|\n|t:|1781398135\n|move|p2a: Morpeko|Protect|p2a: Morpeko\n|-singleturn|p2a: Morpeko|Protect\n|move|p1a: Jirachi|Body Slam|p2a: Morpeko\n|-activate|p2a: Morpeko|move: Protect\n|\n|-formechange|p2a: Morpeko|Morpeko||[from] ability: Hunger Switch\n|upkeep\n|turn|17\n|\n|t:|1781398141\n|move|p1a: Jirachi|Protect|p1a: Jirachi\n|-singleturn|p1a: Jirachi|Protect\n|move|p2a: Morpeko|Aura Wheel|p1a: Jirachi\n|-activate|p1a: Jirachi|move: Protect\n|\n|-formechange|p2a: Morpeko|Morpeko-Hangry||[from] ability: Hunger Switch\n|upkeep\n|turn|18\n|\n|t:|1781398151\n|move|p2a: Morpeko|Protect|p2a: Morpeko\n|-singleturn|p2a: Morpeko|Protect\n|move|p1a: Jirachi|Body Slam|p2a: Morpeko\n|-activate|p2a: Morpeko|move: Protect\n|\n|-formechange|p2a: Morpeko|Morpeko||[from] ability: Hunger Switch\n|upkeep\n|turn|19\n|\n|t:|1781398155\n|move|p1a: Jirachi|Protect|p1a: Jirachi\n|-singleturn|p1a: Jirachi|Protect\n|move|p2a: Morpeko|Aura Wheel|p1a: Jirachi\n|-activate|p1a: Jirachi|move: Protect\n|\n|-formechange|p2a: Morpeko|Morpeko-Hangry||[from] ability: Hunger Switch\n|upkeep\n|turn|20\n|\n|t:|1781398157\n|move|p2a: Morpeko|Protect|p2a: Morpeko\n|-singleturn|p2a: Morpeko|Protect\n|move|p1a: Jirachi|Wish|p1a: Jirachi\n|\n|-formechange|p2a: Morpeko|Morpeko||[from] ability: Hunger Switch\n|upkeep\n|turn|21\n|\n|t:|1781398160\n|switch|p2a: Exeggutor|Exeggutor, L89, F|314/314\n|switch|p1a: Shaymin|Shaymin, L82|298/298\n|\n|upkeep\n|turn|22\n|\n|t:|1781398170\n|switch|p2a: Magmortar|Magmortar, L88, M|275/275\n|move|p1a: Shaymin|Air Slash|p2a: Magmortar\n|-damage|p2a: Magmortar|228/275\n|\n|upkeep\n|turn|23\n|\n|t:|1781398183\n|move|p1a: Shaymin|Earth Power|p2a: Magmortar\n|-supereffective|p2a: Magmortar\n|-damage|p2a: Magmortar|108/275\n|move|p2a: Magmortar|Thunderbolt|p1a: Shaymin\n|-resisted|p1a: Shaymin\n|-damage|p1a: Shaymin|258/298\n|\n|-heal|p1a: Shaymin|276/298|[from] item: Leftovers\n|upkeep\n|turn|24\n|\n|t:|1781398191\n|switch|p2a: Exeggutor|Exeggutor, L89, F|314/314\n|move|p1a: Shaymin|Earth Power|p2a: Exeggutor\n|-resisted|p2a: Exeggutor\n|-damage|p2a: Exeggutor|281/314\n|\n|-heal|p1a: Shaymin|294/298|[from] item: Leftovers\n|upkeep\n|turn|25\n|\n|t:|1781398200\n|move|p1a: Shaymin|Air Slash|p2a: Exeggutor\n|-supereffective|p2a: Exeggutor\n|-damage|p2a: Exeggutor|173/314\n|move|p2a: Exeggutor|Calm Mind|p2a: Exeggutor\n|-boost|p2a: Exeggutor|spa|1\n|-boost|p2a: Exeggutor|spd|1\n|\n|-heal|p1a: Shaymin|298/298|[from] item: Leftovers\n|upkeep\n|turn|26\n|\n|t:|1781398206\n|move|p1a: Shaymin|Air Slash|p2a: Exeggutor\n|-supereffective|p2a: Exeggutor\n|-damage|p2a: Exeggutor|95/314\n|-enditem|p2a: Exeggutor|Sitrus Berry|[eat]\n|-heal|p2a: Exeggutor|173/314|[from] item: Sitrus Berry\n|move|p2a: Exeggutor|Psyshock|p1a: Shaymin\n|-damage|p1a: Shaymin|124/298\n|\n|-heal|p1a: Shaymin|142/298|[from] item: Leftovers\n|-item|p2a: Exeggutor|Sitrus Berry|[from] ability: Harvest\n|upkeep\n|turn|27\n|\n|t:|1781398212\n|switch|p1a: Jirachi|Jirachi, L80, tera:Water|291/291\n|move|p2a: Exeggutor|Psyshock|p1a: Jirachi\n|-damage|p1a: Jirachi|117/291\n|\n|-heal|p1a: Jirachi|135/291|[from] item: Leftovers\n|upkeep\n|turn|28\n|\n|t:|1781398217\n|move|p1a: Jirachi|Iron Head|p2a: Exeggutor\n|-damage|p2a: Exeggutor|94/314\n|-enditem|p2a: Exeggutor|Sitrus Berry|[eat]\n|-heal|p2a: Exeggutor|172/314|[from] item: Sitrus Berry\n|move|p2a: Exeggutor|Giga Drain|p1a: Jirachi\n|-supereffective|p1a: Jirachi\n|-damage|p1a: Jirachi|0 fnt\n|-heal|p2a: Exeggutor|240/314|[from] drain|[of] p1a: Jirachi\n|faint|p1a: Jirachi\n|\n|upkeep\n|\n|t:|1781398222\n|switch|p1a: Shaymin|Shaymin, L82|142/298\n|turn|29\n|\n|t:|1781398225\n|move|p1a: Shaymin|Air Slash|p2a: Exeggutor\n|-supereffective|p2a: Exeggutor\n|-damage|p2a: Exeggutor|164/314\n|cant|p2a: Exeggutor|flinch\n|\n|-heal|p1a: Shaymin|160/298|[from] item: Leftovers\n|-item|p2a: Exeggutor|Sitrus Berry|[from] ability: Harvest\n|upkeep\n|turn|30\n|c|\u2606orenado8|gg\n|\n|t:|1781398228\n|move|p1a: Shaymin|Air Slash|p2a: Exeggutor\n|-supereffective|p2a: Exeggutor\n|-damage|p2a: Exeggutor|94/314\n|-enditem|p2a: Exeggutor|Sitrus Berry|[eat]\n|-heal|p2a: Exeggutor|172/314|[from] item: Sitrus Berry\n|cant|p2a: Exeggutor|flinch\n|\n|-heal|p1a: Shaymin|178/298|[from] item: Leftovers\n|-item|p2a: Exeggutor|Sitrus Berry|[from] ability: Harvest\n|upkeep\n|turn|31\n|\n|t:|1781398233\n|move|p1a: Shaymin|Air Slash|p2a: Exeggutor\n|-supereffective|p2a: Exeggutor\n|-damage|p2a: Exeggutor|94/314\n|-enditem|p2a: Exeggutor|Sitrus Berry|[eat]\n|-heal|p2a: Exeggutor|172/314|[from] item: Sitrus Berry\n|cant|p2a: Exeggutor|flinch\n|\n|-heal|p1a: Shaymin|196/298|[from] item: Leftovers\n|-item|p2a: Exeggutor|Sitrus Berry|[from] ability: Harvest\n|upkeep\n|turn|32\n|\n|t:|1781398238\n|move|p1a: Shaymin|Air Slash|p2a: Exeggutor\n|-supereffective|p2a: Exeggutor\n|-damage|p2a: Exeggutor|96/314\n|-enditem|p2a: Exeggutor|Sitrus Berry|[eat]\n|-heal|p2a: Exeggutor|174/314|[from] item: Sitrus Berry\n|cant|p2a: Exeggutor|flinch\n|\n|-heal|p1a: Shaymin|214/298|[from] item: Leftovers\n|-item|p2a: Exeggutor|Sitrus Berry|[from] ability: Harvest\n|upkeep\n|turn|33\n|\n|t:|1781398246\n|move|p1a: Shaymin|Seed Flare|p2a: Exeggutor\n|-resisted|p2a: Exeggutor\n|-damage|p2a: Exeggutor|128/314\n|-unboost|p2a: Exeggutor|spd|2\n|-enditem|p2a: Exeggutor|Sitrus Berry|[eat]\n|-heal|p2a: Exeggutor|206/314|[from] item: Sitrus Berry\n|move|p2a: Exeggutor|Psyshock|p1a: Shaymin\n|-damage|p1a: Shaymin|67/298\n|\n|-heal|p1a: Shaymin|85/298|[from] item: Leftovers\n|upkeep\n|turn|34\n|\n|t:|1781398252\n|move|p1a: Shaymin|Air Slash|p2a: Exeggutor\n|-supereffective|p2a: Exeggutor\n|-damage|p2a: Exeggutor|52/314\n|move|p2a: Exeggutor|Psyshock|p1a: Shaymin\n|-crit|p1a: Shaymin\n|-damage|p1a: Shaymin|0 fnt\n|faint|p1a: Shaymin\n|\n|win|phantasmiccat\n", "inputlog": ">version a8376a258c1d4662feba110a92103f3664a72141\n>start {\"formatid\":\"gen9randombattle\",\"seed\":\"sodium,d629c70a8247655b657b1e23d72c78e2\",\"rated\":\"Rated battle\"}\n>player p1 {\"name\":\"orenado8\",\"avatar\":\"palmer\",\"rating\":2206,\"seed\":\"sodium,b35d50439bcec80e8ffdbc878c52362a\"}\n>player p2 {\"name\":\"phantasmiccat\",\"avatar\":\"miku-grass\",\"rating\":2302,\"seed\":\"sodium,ccf800bce849145e259cddb369477a93\"}\n>p1 move knockoff\n>p2 move knockoff\n>p1 move highhorsepower\n>p2 switch 4\n>p1 switch 3\n>p2 move tailglow\n>p1 move seedflare\n>p2 switch 6\n>p1 switch 5\n>p2 move hurricane\n>p1 switch 6\n>p2 move hurricane\n>p1 move iceshard\n>p2 move freezingglare\n>p1 switch 3\n>p1 move knockoff\n>p2 move freezingglare\n>p1 switch 4\n>p1 move doubleedge\n>p2 move freezingglare\n>p1 move lashout\n>p2 move freezingglare\n>p1 switch 5\n>p1 move airslash\n>p2 move freezingglare\n>p2 switch 5\n>p1 switch 2\n>p2 move fireblast\n>chat  mcflurryo|k\n>p1 move gunkshot\n>p2 move fireblast\n>p1 switch 6\n>p1 move wish terastallize\n>p2 move fireblast\n>p1 move bodyslam\n>p2 switch 4\n>p1 move bodyslam\n>p2 move protect\n>p1 move protect\n>p2 move aurawheel\n>p1 move bodyslam\n>p2 move protect\n>p1 move protect\n>p2 move aurawheel\n>p1 move wish\n>p2 move protect\n>p1 switch 2\n>p2 switch 2\n>p1 move airslash\n>p2 switch 4\n>p1 move earthpower\n>p2 move thunderbolt\n>p1 move earthpower\n>p2 switch 4\n>p1 move airslash\n>p2 move calmmind\n>p1 move airslash\n>p2 move psyshock\n>p1 switch 2\n>p2 move psyshock\n>p1 move ironhead\n>p2 move gigadrain\n>p1 switch 2\n>p1 move airslash\n>p2 move psyshock\n>chat \u2606orenado8|gg\n>p1 move airslash\n>p2 move psyshock\n>p1 move airslash\n>p2 move psyshock\n>p1 move airslash\n>p2 move psyshock\n>p1 move seedflare\n>p2 move psyshock\n>p1 move airslash\n>p2 move psyshock", "uploadtime": 1781397916, "views": 4, "formatid": "gen9randombattle", "rating": null, "private": 0, "password": null}