{"id": "gen9randombattle-2631708614", "format": "[Gen 9] Random Battle", "players": ["metalhydra273", "latias999999999"], "log": "|j|\u2606metalhydra273\n|j|\u2606latias999999999\n|t:|1781426007\n|gametype|singles\n|player|p1|metalhydra273|kris-masters|2114\n|player|p2|latias999999999|gardenia|2079\n|gen|9\n|tier|[Gen 9] Random Battle\n|rated|\n|rule|Species Clause: Limit one of each Pok\u00e9mon\n|rule|HP Percentage Mod: HP is shown in percentages\n|rule|Sleep Clause Mod: Limit one foe put to sleep\n|rule|Illusion Level Mod: Illusion disguises the Pok\u00e9mon's true level\n|\n|t:|1781426007\n|teamsize|p1|6\n|teamsize|p2|6\n|start\n|switch|p1a: Kommo-o|Kommo-o, L78, F|245/245\n|switch|p2a: Pyroar|Pyroar, L88, F|295/295\n|-ability|p2a: Pyroar|Unnerve\n|turn|1\n|inactive|Battle timer is ON: inactive players will automatically lose when time's up. (requested by latias999999999)\n|\n|t:|1781426020\n|switch|p2a: Delphox|Delphox, L84, F|263/263\n|move|p1a: Kommo-o|Clangorous Soul|p1a: Kommo-o\n|-boost|p1a: Kommo-o|atk|1\n|-boost|p1a: Kommo-o|def|1\n|-boost|p1a: Kommo-o|spa|1\n|-boost|p1a: Kommo-o|spd|1\n|-boost|p1a: Kommo-o|spe|1\n|-damage|p1a: Kommo-o|165/245\n|-enditem|p1a: Kommo-o|Throat Spray\n|-boost|p1a: Kommo-o|spa|1|[from] item: Throat Spray\n|\n|upkeep\n|turn|2\n|\n|t:|1781426027\n|-terastallize|p1a: Kommo-o|Normal\n|move|p2a: Delphox|Psyshock|p1a: Kommo-o\n|-damage|p1a: Kommo-o|110/245\n|move|p1a: Kommo-o|Boomburst|p2a: Delphox\n|-damage|p2a: Delphox|13/263\n|\n|upkeep\n|turn|3\n|\n|t:|1781426039\n|switch|p2a: Wo-Chien|Wo-Chien, L83|277/277\n|-ability|p2a: Wo-Chien|Tablets of Ruin\n|move|p1a: Kommo-o|Boomburst|p2a: Wo-Chien\n|-damage|p2a: Wo-Chien|81/277\n|\n|-heal|p2a: Wo-Chien|98/277|[from] item: Leftovers\n|upkeep\n|turn|4\n|\n|t:|1781426043\n|move|p1a: Kommo-o|Boomburst|p2a: Wo-Chien\n|-damage|p2a: Wo-Chien|0 fnt\n|faint|p2a: Wo-Chien\n|\n|upkeep\n|\n|t:|1781426045\n|switch|p2a: Delphox|Delphox, L84, F|13/263\n|turn|5\n|\n|t:|1781426048\n|move|p2a: Delphox|Fire Blast|p1a: Kommo-o\n|-damage|p1a: Kommo-o|0 fnt\n|faint|p1a: Kommo-o\n|\n|upkeep\n|\n|t:|1781426056\n|switch|p1a: Oricorio|Oricorio, L84, F|263/263\n|turn|6\n|\n|t:|1781426062\n|switch|p2a: Komala|Komala, L88, F|258/258\n|-ability|p2a: Komala|Comatose\n|move|p1a: Oricorio|Quiver Dance|p1a: Oricorio\n|-boost|p1a: Oricorio|spa|1\n|-boost|p1a: Oricorio|spd|1\n|-boost|p1a: Oricorio|spe|1\n|\n|upkeep\n|turn|7\n|\n|t:|1781426068\n|move|p1a: Oricorio|Revelation Dance|p2a: Komala\n|-damage|p2a: Komala|165/258\n|move|p2a: Komala|Body Slam|p1a: Oricorio\n|-damage|p1a: Oricorio|125/263\n|-status|p1a: Oricorio|par\n|\n|upkeep\n|turn|8\n|\n|t:|1781426074\n|move|p2a: Komala|Body Slam|p1a: Oricorio\n|-damage|p1a: Oricorio|0 fnt\n|faint|p1a: Oricorio\n|\n|upkeep\n|\n|t:|1781426079\n|switch|p1a: Komala|Komala, L88, M|258/258\n|-ability|p1a: Komala|Comatose\n|turn|9\n|\n|t:|1781426081\n|move|p1a: Komala|Body Slam|p2a: Komala\n|-damage|p2a: Komala|20/258\n|move|p2a: Komala|Body Slam|p1a: Komala\n|-damage|p1a: Komala|113/258\n|\n|upkeep\n|turn|10\n|\n|t:|1781426084\n|move|p1a: Komala|Body Slam|p2a: Komala\n|-damage|p2a: Komala|0 fnt\n|faint|p2a: Komala\n|\n|upkeep\n|\n|t:|1781426090\n|switch|p2a: Delphox|Delphox, L84, F|13/263\n|turn|11\n|\n|t:|1781426095\n|switch|p1a: Swanna|Swanna, L89, M|278/278\n|move|p2a: Delphox|Fire Blast|p1a: Swanna|[miss]\n|-miss|p2a: Delphox|p1a: Swanna\n|\n|upkeep\n|turn|12\n|\n|t:|1781426102\n|move|p2a: Delphox|Fire Blast|p1a: Swanna\n|-resisted|p1a: Swanna\n|-damage|p1a: Swanna|149/278\n|move|p1a: Swanna|Brave Bird|p2a: Delphox\n|-crit|p2a: Delphox\n|-damage|p2a: Delphox|0 fnt\n|faint|p2a: Delphox\n|-damage|p1a: Swanna|145/278|[from] Recoil\n|\n|upkeep\n|\n|t:|1781426115\n|switch|p2a: Pyroar|Pyroar, L88, F|295/295\n|-ability|p2a: Pyroar|Unnerve\n|turn|13\n|\n|t:|1781426117\n|move|p2a: Pyroar|Hyper Voice|p1a: Swanna\n|-damage|p1a: Swanna|0 fnt\n|faint|p1a: Swanna\n|\n|upkeep\n|\n|t:|1781426121\n|switch|p1a: Komala|Komala, L88, M|113/258\n|-ability|p1a: Komala|Comatose\n|turn|14\n|\n|t:|1781426124\n|move|p1a: Komala|Earthquake|p2a: Pyroar\n|-supereffective|p2a: Pyroar\n|-damage|p2a: Pyroar|109/295\n|move|p2a: Pyroar|Hyper Voice|p1a: Komala\n|-crit|p1a: Komala\n|-damage|p1a: Komala|0 fnt\n|faint|p1a: Komala\n|\n|upkeep\n|\n|t:|1781426132\n|switch|p1a: Malamar|Malamar, L82, F|275/275\n|turn|15\n|\n|t:|1781426135\n|move|p2a: Pyroar|Hyper Voice|p1a: Malamar\n|-damage|p1a: Malamar|131/275\n|move|p1a: Malamar|Superpower|p2a: Pyroar\n|-supereffective|p2a: Pyroar\n|-damage|p2a: Pyroar|0 fnt\n|-boost|p1a: Malamar|atk|1\n|-boost|p1a: Malamar|def|1\n|faint|p2a: Pyroar\n|\n|upkeep\n|\n|t:|1781426140\n|switch|p2a: Mew|Mew, L82|298/298\n|turn|16\n|\n|t:|1781426144\n|move|p2a: Mew|Leech Life|p1a: Malamar\n|-supereffective|p1a: Malamar\n|-damage|p1a: Malamar|0 fnt\n|faint|p1a: Malamar\n|-damage|p2a: Mew|269/298|[from] item: Life Orb\n|\n|upkeep\n|\n|t:|1781426146\n|switch|p1a: Reshiram|Reshiram, L76|277/277\n|-ability|p1a: Reshiram|Turboblaze\n|turn|17\n|\n|t:|1781426151\n|move|p2a: Mew|Psychic Fangs|p1a: Reshiram\n|-damage|p1a: Reshiram|168/277\n|-damage|p2a: Mew|240/298|[from] item: Life Orb\n|move|p1a: Reshiram|Blue Flare|p2a: Mew\n|-damage|p2a: Mew|93/298\n|\n|upkeep\n|turn|18\n|\n|t:|1781426157\n|move|p2a: Mew|Swords Dance|p2a: Mew\n|-boost|p2a: Mew|atk|2\n|move|p1a: Reshiram|Earth Power|p2a: Mew\n|-damage|p2a: Mew|28/298\n|\n|upkeep\n|turn|19\n|\n|t:|1781426161\n|move|p2a: Mew|Psychic Fangs|p1a: Reshiram\n|-damage|p1a: Reshiram|0 fnt\n|faint|p1a: Reshiram\n|-damage|p2a: Mew|0 fnt|[from] item: Life Orb\n|faint|p2a: Mew\n|\n|win|latias999999999\n", "inputlog": ">version a8376a258c1d4662feba110a92103f3664a72141\n>start {\"formatid\":\"gen9randombattle\",\"seed\":\"sodium,37b133b749c2e43488eae76f1ced9609\",\"rated\":\"Rated battle\"}\n>player p1 {\"name\":\"metalhydra273\",\"avatar\":\"kris-masters\",\"rating\":2114,\"seed\":\"sodium,f52ecfd59b8cecddc28d610a000112a7\"}\n>player p2 {\"name\":\"latias999999999\",\"avatar\":\"gardenia\",\"rating\":2079,\"seed\":\"sodium,37de0d831dfec260318e4312eef2c193\"}\n>p1 move clangoroussoul\n>p2 switch 3\n>p1 move boomburst terastallize\n>p2 move psyshock\n>p1 move boomburst\n>p2 switch 2\n>p1 move boomburst\n>p2 move leechseed\n>p2 switch 2\n>p1 move boomburst\n>p2 move fireblast\n>p1 switch 3\n>p1 move quiverdance\n>p2 switch 4\n>p1 move revelationdance\n>p2 move bodyslam\n>p1 move hurricane\n>p2 move bodyslam\n>p1 switch 4\n>p1 move bodyslam\n>p2 move bodyslam\n>p1 move bodyslam\n>p2 move knockoff\n>p2 switch 4\n>p1 switch 2\n>p2 move fireblast\n>p1 move bravebird\n>p2 move fireblast\n>p2 switch 3\n>p1 move hydropump\n>p2 move hypervoice\n>p1 switch 2\n>p1 move earthquake\n>p2 move hypervoice\n>p1 switch 6\n>p1 move superpower\n>p2 move hypervoice\n>p2 switch 5\n>p1 move knockoff\n>p2 move leechlife\n>p1 switch 5\n>p1 move blueflare\n>p2 move psychicfangs\n>p1 move earthpower\n>p2 move swordsdance\n>p1 move earthpower\n>p2 move psychicfangs", "uploadtime": 1781426008, "views": 7, "formatid": "gen9randombattle", "rating": null, "private": 0, "password": null}