{"id": "gen9randombattle-2631835187", "format": "[Gen 9] Random Battle", "players": ["packSmoker27", "Jefejenaro"], "log": "|j|\u2606packSmoker27\n|j|\u2606Jefejenaro\n|t:|1781446164\n|gametype|singles\n|player|p1|packSmoker27|psychicf-gen4|1994\n|player|p2|Jefejenaro|wallace|1952\n|gen|9\n|tier|[Gen 9] Random Battle\n|rated|\n|rule|Species Clause: Limit one of each Pok\u00e9mon\n|rule|HP Percentage Mod: HP is shown in percentages\n|rule|Sleep Clause Mod: Limit one foe put to sleep\n|rule|Illusion Level Mod: Illusion disguises the Pok\u00e9mon's true level\n|\n|t:|1781446164\n|teamsize|p1|6\n|teamsize|p2|6\n|start\n|switch|p1a: Luxray|Luxray, L88, M|284/284\n|switch|p2a: Yanmega|Yanmega, L82, M|275/275\n|-ability|p1a: Luxray|Intimidate|boost\n|-unboost|p2a: Yanmega|atk|1\n|turn|1\n|inactive|Battle timer is ON: inactive players will automatically lose when time's up. (requested by packSmoker27)\n|\n|t:|1781446172\n|switch|p2a: Venusaur|Venusaur, L84, M|272/272\n|move|p1a: Luxray|Volt Switch|p2a: Venusaur\n|-resisted|p2a: Venusaur\n|-damage|p2a: Venusaur|239/272\n|\n|t:|1781446179\n|switch|p1a: Araquanid|Araquanid, L82, M|246/246|[from] Volt Switch\n|\n|-heal|p2a: Venusaur|256/272|[from] item: Leftovers\n|upkeep\n|turn|2\n|\n|t:|1781446189\n|move|p2a: Venusaur|Substitute|p2a: Venusaur\n|-start|p2a: Venusaur|Substitute\n|-damage|p2a: Venusaur|188/272\n|move|p1a: Araquanid|Sticky Web|p2a: Venusaur\n|-sidestart|p2: Jefejenaro|move: Sticky Web\n|\n|-heal|p2a: Venusaur|205/272|[from] item: Leftovers\n|upkeep\n|turn|3\n|\n|t:|1781446198\n|switch|p1a: Skuntank|Skuntank, L84, M|310/310\n|move|p2a: Venusaur|Leech Seed|p1a: Skuntank\n|-start|p1a: Skuntank|move: Leech Seed\n|\n|-heal|p2a: Venusaur|222/272|[from] item: Leftovers\n|-damage|p1a: Skuntank|272/310|[from] Leech Seed|[of] p2a: Venusaur\n|-heal|p2a: Venusaur|260/272|[silent]\n|upkeep\n|turn|4\n|\n|t:|1781446205\n|move|p1a: Skuntank|Knock Off|p2a: Venusaur\n|-end|p2a: Venusaur|Substitute\n|-damage|p1a: Skuntank|241/310|[from] item: Life Orb\n|move|p2a: Venusaur|Substitute|p2a: Venusaur\n|-start|p2a: Venusaur|Substitute\n|-damage|p2a: Venusaur|192/272\n|\n|-heal|p2a: Venusaur|209/272|[from] item: Leftovers\n|-damage|p1a: Skuntank|203/310|[from] Leech Seed|[of] p2a: Venusaur\n|-heal|p2a: Venusaur|247/272|[silent]\n|upkeep\n|turn|5\n|\n|t:|1781446218\n|move|p1a: Skuntank|Knock Off|p2a: Venusaur\n|-end|p2a: Venusaur|Substitute\n|-damage|p1a: Skuntank|172/310|[from] item: Life Orb\n|move|p2a: Venusaur|Substitute|p2a: Venusaur\n|-start|p2a: Venusaur|Substitute\n|-damage|p2a: Venusaur|179/272\n|\n|-heal|p2a: Venusaur|196/272|[from] item: Leftovers\n|-damage|p1a: Skuntank|134/310|[from] Leech Seed|[of] p2a: Venusaur\n|-heal|p2a: Venusaur|234/272|[silent]\n|upkeep\n|turn|6\n|\n|t:|1781446226\n|switch|p1a: Toxicroak|Toxicroak, L84, M|277/277\n|move|p2a: Venusaur|Substitute|p2a: Venusaur\n|-fail|p2a: Venusaur|move: Substitute\n|\n|-heal|p2a: Venusaur|251/272|[from] item: Leftovers\n|upkeep\n|turn|7\n|\n|t:|1781446235\n|move|p1a: Toxicroak|Knock Off|p2a: Venusaur\n|-end|p2a: Venusaur|Substitute\n|move|p2a: Venusaur|Leech Seed|p1a: Toxicroak\n|-start|p1a: Toxicroak|move: Leech Seed\n|\n|-heal|p2a: Venusaur|268/272|[from] item: Leftovers\n|-damage|p1a: Toxicroak|243/277|[from] Leech Seed|[of] p2a: Venusaur\n|-heal|p2a: Venusaur|272/272|[silent]\n|upkeep\n|turn|8\n|\n|t:|1781446249\n|switch|p1a: Skuntank|Skuntank, L84, M|134/310\n|switch|p2a: Hawlucha|Hawlucha, L80, F|256/256\n|\n|upkeep\n|turn|9\n|\n|t:|1781446258\n|move|p2a: Hawlucha|Swords Dance|p2a: Hawlucha\n|-boost|p2a: Hawlucha|atk|2\n|move|p1a: Skuntank|Gunk Shot|p2a: Hawlucha\n|-damage|p2a: Hawlucha|77/256\n|-damage|p1a: Skuntank|103/310|[from] item: Life Orb\n|\n|upkeep\n|turn|10\n|\n|t:|1781446264\n|move|p2a: Hawlucha|Close Combat|p1a: Skuntank\n|-damage|p1a: Skuntank|0 fnt\n|-unboost|p2a: Hawlucha|def|1\n|-unboost|p2a: Hawlucha|spd|1\n|-damage|p2a: Hawlucha|13/256|[from] ability: Aftermath|[of] p1a: Skuntank\n|faint|p1a: Skuntank\n|-enditem|p2a: Hawlucha|White Herb\n|-clearnegativeboost|p2a: Hawlucha|[silent]\n|\n|upkeep\n|\n|t:|1781446276\n|switch|p1a: Luxray|Luxray, L88, M|284/284\n|-ability|p1a: Luxray|Intimidate|boost\n|-unboost|p2a: Hawlucha|atk|1\n|turn|11\n|\n|t:|1781446297\n|move|p2a: Hawlucha|Close Combat|p1a: Luxray\n|-damage|p1a: Luxray|109/284\n|-unboost|p2a: Hawlucha|def|1\n|-unboost|p2a: Hawlucha|spd|1\n|move|p1a: Luxray|Volt Switch|p2a: Hawlucha\n|-supereffective|p2a: Hawlucha\n|-damage|p2a: Hawlucha|0 fnt\n|faint|p2a: Hawlucha\n|\n|t:|1781446302\n|switch|p1a: Toxicroak|Toxicroak, L84, M|243/277|[from] Volt Switch\n|\n|upkeep\n|inactive|Jefejenaro has 120 seconds left.\n|\n|t:|1781446328\n|switch|p2a: Yanmega|Yanmega, L82, M|275/275\n|turn|12\n|\n|t:|1781446337\n|switch|p1a: Luxray|Luxray, L88, M|109/284\n|-ability|p1a: Luxray|Intimidate|boost\n|-unboost|p2a: Yanmega|atk|1\n|move|p2a: Yanmega|Air Slash|p1a: Luxray\n|-resisted|p1a: Luxray\n|-damage|p1a: Luxray|79/284\n|\n|-ability|p2a: Yanmega|Speed Boost|boost\n|-boost|p2a: Yanmega|spe|1\n|upkeep\n|turn|13\n|\n|t:|1781446346\n|switch|p2a: Venusaur|Venusaur, L84, M|272/272\n|-activate|p2a: Venusaur|move: Sticky Web\n|-unboost|p2a: Venusaur|spe|1\n|move|p1a: Luxray|Wild Charge|p2a: Venusaur\n|-resisted|p2a: Venusaur\n|-damage|p2a: Venusaur|202/272\n|-damage|p1a: Luxray|61/284|[from] Recoil\n|\n|-heal|p2a: Venusaur|219/272|[from] item: Leftovers\n|upkeep\n|turn|14\n|\n|t:|1781446360\n|move|p1a: Luxray|Ice Fang|p2a: Venusaur\n|-supereffective|p2a: Venusaur\n|-damage|p2a: Venusaur|95/272\n|-status|p2a: Venusaur|frz\n|cant|p2a: Venusaur|frz\n|\n|-heal|p2a: Venusaur|112/272 frz|[from] item: Leftovers\n|upkeep\n|turn|15\n|\n|t:|1781446371\n|switch|p2a: Weavile|Weavile, L79, F|240/240\n|move|p1a: Luxray|Ice Fang|p2a: Weavile\n|-resisted|p2a: Weavile\n|-damage|p2a: Weavile|202/240\n|\n|upkeep\n|turn|16\n|\n|t:|1781446380\n|switch|p1a: Mightyena|Mightyena, L96, M|290/290\n|-ability|p1a: Mightyena|Intimidate|boost\n|-unboost|p2a: Weavile|atk|1\n|move|p2a: Weavile|Knock Off|p1a: Mightyena\n|-resisted|p1a: Mightyena\n|-damage|p1a: Mightyena|253/290\n|-enditem|p1a: Mightyena|Assault Vest|[from] move: Knock Off|[of] p2a: Weavile\n|\n|upkeep\n|turn|17\n|\n|t:|1781446393\n|switch|p2a: Venusaur|Venusaur, L84, M|112/272 frz\n|-activate|p2a: Venusaur|move: Sticky Web\n|-unboost|p2a: Venusaur|spe|1\n|move|p1a: Mightyena|Super Fang|p2a: Venusaur\n|-damage|p2a: Venusaur|56/272 frz\n|\n|-heal|p2a: Venusaur|73/272 frz|[from] item: Leftovers\n|upkeep\n|turn|18\n|\n|t:|1781446415\n|move|p1a: Mightyena|Throat Chop|p2a: Venusaur\n|-damage|p2a: Venusaur|0 fnt\n|faint|p2a: Venusaur\n|\n|upkeep\n|\n|t:|1781446422\n|switch|p2a: Yanmega|Yanmega, L82, M|275/275\n|turn|19\n|\n|t:|1781446441\n|switch|p1a: Sylveon|Sylveon, L85, F|300/300\n|move|p2a: Yanmega|Bug Buzz|p1a: Sylveon\n|-resisted|p1a: Sylveon\n|-damage|p1a: Sylveon|266/300\n|\n|-heal|p1a: Sylveon|284/300|[from] item: Leftovers\n|-ability|p2a: Yanmega|Speed Boost|boost\n|-boost|p2a: Yanmega|spe|1\n|upkeep\n|turn|20\n|\n|t:|1781446463\n|switch|p2a: Dudunsparce|Dudunsparce-Three-Segment, L83, M|343/343\n|-activate|p2a: Dudunsparce|move: Sticky Web\n|-unboost|p2a: Dudunsparce|spe|1\n|move|p1a: Sylveon|Hyper Voice|p2a: Dudunsparce\n|-damage|p2a: Dudunsparce|193/343\n|\n|-heal|p1a: Sylveon|300/300|[from] item: Leftovers\n|-heal|p2a: Dudunsparce|214/343|[from] item: Leftovers\n|upkeep\n|turn|21\n|\n|t:|1781446470\n|switch|p1a: Luxray|Luxray, L88, M|61/284\n|-ability|p1a: Luxray|Intimidate|boost\n|-unboost|p2a: Dudunsparce|atk|1\n|-ability|p2a: Dudunsparce|Rattled|boost\n|-boost|p2a: Dudunsparce|spe|1\n|move|p2a: Dudunsparce|Boomburst|p1a: Luxray\n|-damage|p1a: Luxray|0 fnt\n|faint|p1a: Luxray\n|\n|-heal|p2a: Dudunsparce|235/343|[from] item: Leftovers\n|upkeep\n|\n|t:|1781446473\n|switch|p1a: Mightyena|Mightyena, L96, M|253/290\n|-ability|p1a: Mightyena|Intimidate|boost\n|-unboost|p2a: Dudunsparce|atk|1\n|-ability|p2a: Dudunsparce|Rattled|boost\n|-boost|p2a: Dudunsparce|spe|1\n|turn|22\n|\n|t:|1781446488\n|move|p2a: Dudunsparce|Roost|p2a: Dudunsparce\n|-heal|p2a: Dudunsparce|343/343\n|-singleturn|p2a: Dudunsparce|move: Roost\n|move|p1a: Mightyena|Throat Chop|p2a: Dudunsparce\n|-damage|p2a: Dudunsparce|237/343\n|-start|p2a: Dudunsparce|Throat Chop|[silent]\n|-ability|p2a: Dudunsparce|Rattled|boost\n|-boost|p2a: Dudunsparce|spe|1\n|\n|-heal|p2a: Dudunsparce|258/343|[from] item: Leftovers\n|upkeep\n|turn|23\n|\n|t:|1781446497\n|move|p2a: Dudunsparce|Calm Mind|p2a: Dudunsparce\n|-boost|p2a: Dudunsparce|spa|1\n|-boost|p2a: Dudunsparce|spd|1\n|move|p1a: Mightyena|Poison Fang|p2a: Dudunsparce\n|-damage|p2a: Dudunsparce|210/343\n|-status|p2a: Dudunsparce|tox\n|\n|-heal|p2a: Dudunsparce|231/343 tox|[from] item: Leftovers\n|-damage|p2a: Dudunsparce|210/343 tox|[from] psn\n|-end|p2a: Dudunsparce|Throat Chop|[silent]\n|upkeep\n|turn|24\n|\n|t:|1781446513\n|move|p2a: Dudunsparce|Roost|p2a: Dudunsparce\n|-heal|p2a: Dudunsparce|343/343 tox\n|-singleturn|p2a: Dudunsparce|move: Roost\n|move|p1a: Mightyena|Throat Chop|p2a: Dudunsparce\n|-damage|p2a: Dudunsparce|237/343 tox\n|-start|p2a: Dudunsparce|Throat Chop|[silent]\n|-ability|p2a: Dudunsparce|Rattled|boost\n|-boost|p2a: Dudunsparce|spe|1\n|\n|-heal|p2a: Dudunsparce|258/343 tox|[from] item: Leftovers\n|-damage|p2a: Dudunsparce|216/343 tox|[from] psn\n|upkeep\n|turn|25\n|\n|t:|1781446521\n|move|p2a: Dudunsparce|Calm Mind|p2a: Dudunsparce\n|-boost|p2a: Dudunsparce|spa|1\n|-boost|p2a: Dudunsparce|spd|1\n|move|p1a: Mightyena|Super Fang|p2a: Dudunsparce|[miss]\n|-miss|p1a: Mightyena|p2a: Dudunsparce\n|\n|-heal|p2a: Dudunsparce|237/343 tox|[from] item: Leftovers\n|-damage|p2a: Dudunsparce|174/343 tox|[from] psn\n|-end|p2a: Dudunsparce|Throat Chop|[silent]\n|upkeep\n|turn|26\n|\n|t:|1781446524\n|move|p2a: Dudunsparce|Boomburst|p1a: Mightyena\n|-damage|p1a: Mightyena|0 fnt\n|faint|p1a: Mightyena\n|\n|-heal|p2a: Dudunsparce|195/343 tox|[from] item: Leftovers\n|-damage|p2a: Dudunsparce|111/343 tox|[from] psn\n|upkeep\n|\n|t:|1781446529\n|switch|p1a: Araquanid|Araquanid, L82, M|246/246\n|turn|27\n|\n|t:|1781446533\n|move|p2a: Dudunsparce|Boomburst|p1a: Araquanid\n|-damage|p1a: Araquanid|48/246\n|move|p1a: Araquanid|Liquidation|p2a: Dudunsparce\n|-damage|p2a: Dudunsparce|0 fnt\n|faint|p2a: Dudunsparce\n|\n|upkeep\n|\n|t:|1781446548\n|switch|p2a: Yanmega|Yanmega, L82, M|275/275\n|turn|28\n|\n|t:|1781446560\n|switch|p1a: Sylveon|Sylveon, L85, F|300/300\n|move|p2a: Yanmega|Air Slash|p1a: Sylveon|[miss]\n|-miss|p2a: Yanmega|p1a: Sylveon\n|\n|-ability|p2a: Yanmega|Speed Boost|boost\n|-boost|p2a: Yanmega|spe|1\n|upkeep\n|turn|29\n|\n|t:|1781446566\n|move|p2a: Yanmega|Air Slash|p1a: Sylveon\n|-damage|p1a: Sylveon|237/300\n|move|p1a: Sylveon|Hyper Voice|p2a: Yanmega\n|-damage|p2a: Yanmega|74/275\n|\n|-heal|p1a: Sylveon|255/300|[from] item: Leftovers\n|-ability|p2a: Yanmega|Speed Boost|boost\n|-boost|p2a: Yanmega|spe|1\n|upkeep\n|turn|30\n|\n|t:|1781446568\n|move|p1a: Sylveon|Protect|p1a: Sylveon\n|-singleturn|p1a: Sylveon|Protect\n|move|p2a: Yanmega|Air Slash|p1a: Sylveon\n|-activate|p1a: Sylveon|move: Protect\n|\n|-heal|p1a: Sylveon|273/300|[from] item: Leftovers\n|-ability|p2a: Yanmega|Speed Boost|boost\n|-boost|p2a: Yanmega|spe|1\n|upkeep\n|turn|31\n|\n|t:|1781446571\n|move|p2a: Yanmega|Air Slash|p1a: Sylveon\n|-damage|p1a: Sylveon|213/300\n|move|p1a: Sylveon|Calm Mind|p1a: Sylveon\n|-boost|p1a: Sylveon|spa|1\n|-boost|p1a: Sylveon|spd|1\n|\n|-heal|p1a: Sylveon|231/300|[from] item: Leftovers\n|-ability|p2a: Yanmega|Speed Boost|boost\n|-boost|p2a: Yanmega|spe|1\n|upkeep\n|turn|32\n|\n|t:|1781446573\n|move|p1a: Sylveon|Protect|p1a: Sylveon\n|-singleturn|p1a: Sylveon|Protect\n|move|p2a: Yanmega|Air Slash|p1a: Sylveon\n|-activate|p1a: Sylveon|move: Protect\n|\n|-heal|p1a: Sylveon|249/300|[from] item: Leftovers\n|-ability|p2a: Yanmega|Speed Boost|boost\n|-boost|p2a: Yanmega|spe|1\n|upkeep\n|turn|33\n|\n|t:|1781446575\n|move|p2a: Yanmega|Air Slash|p1a: Sylveon\n|-damage|p1a: Sylveon|204/300\n|move|p1a: Sylveon|Hyper Voice|p2a: Yanmega\n|-damage|p2a: Yanmega|0 fnt\n|faint|p2a: Yanmega\n|\n|-heal|p1a: Sylveon|222/300|[from] item: Leftovers\n|upkeep\n|\n|t:|1781446578\n|switch|p2a: Veluza|Veluza, L85, F|292/292\n|-activate|p2a: Veluza|move: Sticky Web\n|-unboost|p2a: Veluza|spe|1\n|turn|34\n|\n|t:|1781446590\n|-terastallize|p2a: Veluza|Water\n|move|p1a: Sylveon|Hyper Voice|p2a: Veluza\n|-damage|p2a: Veluza|54/292\n|move|p2a: Veluza|Aqua Cutter|p1a: Sylveon\n|-damage|p1a: Sylveon|0 fnt\n|faint|p1a: Sylveon\n|\n|upkeep\n|\n|t:|1781446598\n|switch|p1a: Toxicroak|Toxicroak, L84, M|243/277\n|turn|35\n|\n|t:|1781446607\n|move|p1a: Toxicroak|Close Combat|p2a: Veluza\n|-damage|p2a: Veluza|0 fnt\n|-unboost|p1a: Toxicroak|def|1\n|-unboost|p1a: Toxicroak|spd|1\n|faint|p2a: Veluza\n|\n|upkeep\n|\n|t:|1781446610\n|switch|p2a: Weavile|Weavile, L79, F|202/240\n|turn|36\n|\n|t:|1781446623\n|move|p1a: Toxicroak|Close Combat|p2a: Weavile\n|-supereffective|p2a: Weavile\n|-damage|p2a: Weavile|0 fnt\n|-unboost|p1a: Toxicroak|def|1\n|-unboost|p1a: Toxicroak|spd|1\n|faint|p2a: Weavile\n|\n|win|packSmoker27\n", "inputlog": ">version a8376a258c1d4662feba110a92103f3664a72141\n>start {\"formatid\":\"gen9randombattle\",\"seed\":\"sodium,f11e718ce6f7a2308cfa711b12c12071\",\"rated\":\"Rated battle\"}\n>player p1 {\"name\":\"packSmoker27\",\"avatar\":\"psychicf-gen4\",\"rating\":1994,\"seed\":\"sodium,c7a301680e7573466fc45787ff178a07\"}\n>player p2 {\"name\":\"Jefejenaro\",\"avatar\":\"wallace\",\"rating\":1952,\"seed\":\"sodium,0f5d9f23e42e46ea5dc76390187622c3\"}\n>p1 move voltswitch\n>p2 switch 4\n>p1 switch 6\n>p1 move stickyweb\n>p2 move substitute\n>p1 switch 5\n>p2 move leechseed\n>p1 move knockoff\n>p2 move substitute\n>p1 move knockoff\n>p2 move substitute\n>p1 switch 3\n>p2 move substitute\n>p1 move knockoff\n>p2 move leechseed\n>p1 switch 3\n>p2 switch 2\n>p1 move gunkshot\n>p2 move swordsdance\n>p1 move knockoff\n>p2 move closecombat\n>p1 switch 6\n>p1 move voltswitch\n>p2 move closecombat\n>p1 switch 3\n>p2 switch 4\n>p1 switch 3\n>p2 move airslash\n>p1 move wildcharge\n>p2 switch 2\n>p1 move icefang\n>p2 move substitute\n>p1 move icefang\n>p2 switch 6\n>p1 switch 2\n>p2 move knockoff\n>p1 move superfang\n>p2 switch 6\n>p1 move throatchop\n>p2 move leechseed\n>p2 switch 2\n>p1 switch 4\n>p2 move bugbuzz\n>p1 move hypervoice\n>p2 switch 5\n>p1 switch 2\n>p2 move boomburst\n>p1 switch 4\n>p1 move throatchop\n>p2 move roost\n>p1 move poisonfang\n>p2 move calmmind\n>p1 move throatchop\n>p2 move roost\n>p1 move superfang\n>p2 move calmmind\n>p1 move throatchop\n>p2 move boomburst\n>p1 switch 5\n>p1 move liquidation\n>p2 move boomburst\n>p2 switch 5\n>p1 switch 2\n>p2 move airslash\n>p1 move hypervoice\n>p2 move airslash\n>p1 move protect\n>p2 move airslash\n>p1 move calmmind\n>p2 move airslash\n>p1 move protect\n>p2 move airslash\n>p1 move hypervoice\n>p2 move airslash\n>p2 switch 3\n>p1 move hypervoice\n>p2 move aquacutter terastallize\n>p1 switch 3\n>p1 move closecombat\n>p2 move aquacutter\n>p2 switch 6\n>p1 move closecombat\n>p2 move swordsdance", "uploadtime": 1781446166, "views": 4, "formatid": "gen9randombattle", "rating": null, "private": 0, "password": null}