{"id": "gen9randombattle-2631427468", "format": "[Gen 9] Random Battle", "players": ["JayCroc", "good pork"], "log": "|j|\u2606JayCroc\n|j|\u2606good pork\n|t:|1781383347\n|gametype|singles\n|player|p1|JayCroc|ivor|2043\n|player|p2|good pork|266|2048\n|gen|9\n|tier|[Gen 9] Random Battle\n|rated|\n|rule|Species Clause: Limit one of each Pok\u00e9mon\n|rule|HP Percentage Mod: HP is shown in percentages\n|rule|Sleep Clause Mod: Limit one foe put to sleep\n|rule|Illusion Level Mod: Illusion disguises the Pok\u00e9mon's true level\n|\n|t:|1781383347\n|teamsize|p1|6\n|teamsize|p2|6\n|start\n|switch|p1a: Illumise|Illumise, L91, F|266/266\n|switch|p2a: Reshiram|Reshiram, L76|277/277\n|-ability|p2a: Reshiram|Turboblaze\n|turn|1\n|\n|t:|1781383357\n|switch|p1a: Dondozo|Dondozo, L78, F|362/362\n|switch|p2a: Electrode|Electrode-Hisui, L87|246/246\n|\n|upkeep\n|turn|2\n|\n|t:|1781383365\n|switch|p1a: Illumise|Illumise, L91, F|266/266\n|move|p2a: Electrode|Thunderbolt|p1a: Illumise\n|-damage|p1a: Illumise|167/266\n|-status|p1a: Illumise|par\n|-damage|p2a: Electrode|222/246|[from] item: Life Orb\n|\n|upkeep\n|turn|3\n|\n|t:|1781383373\n|switch|p2a: Reshiram|Reshiram, L76|277/277\n|-ability|p2a: Reshiram|Turboblaze\n|cant|p1a: Illumise|par\n|\n|upkeep\n|turn|4\n|\n|t:|1781383379\n|move|p1a: Illumise|Thunder Wave|p2a: Reshiram\n|-status|p2a: Reshiram|par\n|move|p2a: Reshiram|Flare Blitz|p1a: Illumise\n|-supereffective|p1a: Illumise\n|-damage|p1a: Illumise|0 fnt\n|faint|p1a: Illumise\n|-damage|p2a: Reshiram|222/277 par|[from] Recoil\n|\n|upkeep\n|\n|t:|1781383387\n|switch|p1a: Avalugg|Avalugg-Hisui, L90, M, shiny|317/317\n|turn|5\n|\n|t:|1781383394\n|move|p1a: Avalugg|Stone Edge|p2a: Reshiram\n|-supereffective|p2a: Reshiram\n|-damage|p2a: Reshiram|0 fnt\n|faint|p2a: Reshiram\n|\n|upkeep\n|\n|t:|1781383396\n|switch|p2a: Orthworm|Orthworm, L88, F|266/266\n|turn|6\n|\n|t:|1781383405\n|switch|p1a: Floatzel|Floatzel, L86, F|286/286\n|move|p2a: Orthworm|Body Press|p1a: Floatzel\n|-damage|p1a: Floatzel|161/286\n|\n|-heal|p1a: Floatzel|178/286|[from] item: Leftovers\n|upkeep\n|turn|7\n|\n|t:|1781383413\n|switch|p2a: Electrode|Electrode-Hisui, L87|222/246\n|move|p1a: Floatzel|Bulk Up|p1a: Floatzel\n|-boost|p1a: Floatzel|atk|1\n|-boost|p1a: Floatzel|def|1\n|\n|-heal|p1a: Floatzel|195/286|[from] item: Leftovers\n|upkeep\n|turn|8\n|\n|t:|1781383421\n|switch|p1a: Solgaleo|Solgaleo, L74|325/325\n|move|p2a: Electrode|Thunderbolt|p1a: Solgaleo\n|-damage|p1a: Solgaleo|203/325\n|-damage|p2a: Electrode|198/246|[from] item: Life Orb\n|\n|upkeep\n|turn|9\n|\n|t:|1781383428\n|switch|p2a: Orthworm|Orthworm, L88, F|266/266\n|move|p1a: Solgaleo|Morning Sun|p1a: Solgaleo\n|-heal|p1a: Solgaleo|325/325\n|\n|upkeep\n|turn|10\n|\n|t:|1781383434\n|switch|p1a: Dondozo|Dondozo, L78, F|362/362\n|move|p2a: Orthworm|Stealth Rock|p1a: Dondozo\n|-sidestart|p1: JayCroc|move: Stealth Rock\n|\n|upkeep\n|turn|11\n|\n|t:|1781383441\n|switch|p2a: Electrode|Electrode-Hisui, L87|198/246\n|move|p1a: Dondozo|Curse|p1a: Dondozo\n|-unboost|p1a: Dondozo|spe|1\n|-boost|p1a: Dondozo|atk|1\n|-boost|p1a: Dondozo|def|1\n|\n|upkeep\n|turn|12\n|\n|t:|1781383448\n|-terastallize|p1a: Dondozo|Fairy\n|move|p2a: Electrode|Giga Drain|p1a: Dondozo\n|-damage|p1a: Dondozo|244/362\n|-heal|p2a: Electrode|246/246|[from] drain|[of] p1a: Dondozo\n|-damage|p2a: Electrode|222/246|[from] item: Life Orb\n|move|p1a: Dondozo|Wave Crash|p2a: Electrode\n|-resisted|p2a: Electrode\n|-damage|p2a: Electrode|117/246\n|-damage|p1a: Dondozo|209/362|[from] Recoil\n|\n|-heal|p1a: Dondozo|231/362|[from] item: Leftovers\n|upkeep\n|turn|13\n|\n|t:|1781383459\n|move|p2a: Electrode|Giga Drain|p1a: Dondozo\n|-damage|p1a: Dondozo|113/362\n|-heal|p2a: Electrode|176/246|[from] drain|[of] p1a: Dondozo\n|-damage|p2a: Electrode|152/246|[from] item: Life Orb\n|move|p1a: Dondozo|Wave Crash|p2a: Electrode\n|-resisted|p2a: Electrode\n|-damage|p2a: Electrode|54/246\n|-damage|p1a: Dondozo|81/362|[from] Recoil\n|\n|-heal|p1a: Dondozo|103/362|[from] item: Leftovers\n|upkeep\n|turn|14\n|\n|t:|1781383470\n|switch|p1a: Solgaleo|Solgaleo, L74|325/325\n|-damage|p1a: Solgaleo|305/325|[from] Stealth Rock\n|move|p2a: Electrode|Giga Drain|p1a: Solgaleo\n|-resisted|p1a: Solgaleo\n|-damage|p1a: Solgaleo|254/325\n|-heal|p2a: Electrode|80/246|[from] drain|[of] p1a: Solgaleo\n|-damage|p2a: Electrode|56/246|[from] item: Life Orb\n|\n|upkeep\n|turn|15\n|\n|t:|1781383479\n|switch|p2a: Orthworm|Orthworm, L88, F|266/266\n|move|p1a: Solgaleo|Sunsteel Strike|p2a: Orthworm\n|-resisted|p2a: Orthworm\n|-damage|p2a: Orthworm|232/266\n|\n|-heal|p2a: Orthworm|248/266|[from] item: Leftovers\n|upkeep\n|turn|16\n|\n|t:|1781383498\n|move|p1a: Solgaleo|Sunsteel Strike|p2a: Orthworm\n|-resisted|p2a: Orthworm\n|-damage|p2a: Orthworm|212/266\n|move|p2a: Orthworm|Spikes|p1a: Solgaleo\n|-sidestart|p1: JayCroc|Spikes\n|\n|-heal|p2a: Orthworm|228/266|[from] item: Leftovers\n|upkeep\n|turn|17\n|\n|t:|1781383505\n|move|p1a: Solgaleo|Sunsteel Strike|p2a: Orthworm\n|-resisted|p2a: Orthworm\n|-damage|p2a: Orthworm|195/266\n|move|p2a: Orthworm|Spikes|p1a: Solgaleo\n|-sidestart|p1: JayCroc|Spikes\n|\n|-heal|p2a: Orthworm|211/266|[from] item: Leftovers\n|upkeep\n|turn|18\n|\n|t:|1781383513\n|switch|p1a: Dondozo|Dondozo, L78, F, tera:Fairy|103/362\n|-damage|p1a: Dondozo|58/362|[from] Stealth Rock\n|-damage|p1a: Dondozo|0 fnt|[from] Spikes\n|faint|p1a: Dondozo\n|move|p2a: Orthworm|Spikes|p1: Dondozo\n|-sidestart|p1: JayCroc|Spikes\n|\n|-heal|p2a: Orthworm|227/266|[from] item: Leftovers\n|upkeep\n|\n|t:|1781383521\n|switch|p1a: Avalugg|Avalugg-Hisui, L90, M, shiny|317/317\n|turn|19\n|\n|t:|1781383525\n|switch|p2a: Ceruledge|Ceruledge, L78, F|245/245\n|move|p1a: Avalugg|Rapid Spin|p2a: Ceruledge\n|-immune|p2a: Ceruledge\n|\n|upkeep\n|turn|20\n|\n|t:|1781383530\n|move|p2a: Ceruledge|Close Combat|p1a: Avalugg\n|-supereffective|p1a: Avalugg\n|-damage|p1a: Avalugg|141/317\n|-unboost|p2a: Ceruledge|def|1\n|-unboost|p2a: Ceruledge|spd|1\n|move|p1a: Avalugg|Stone Edge|p2a: Ceruledge\n|-supereffective|p2a: Ceruledge\n|-damage|p2a: Ceruledge|0 fnt\n|faint|p2a: Ceruledge\n|\n|upkeep\n|\n|t:|1781383534\n|switch|p2a: Electrode|Electrode-Hisui, L87|56/246\n|turn|21\n|\n|t:|1781383541\n|switch|p1a: Solgaleo|Solgaleo, L74|254/325\n|-damage|p1a: Solgaleo|234/325|[from] Stealth Rock\n|-damage|p1a: Solgaleo|153/325|[from] Spikes\n|move|p2a: Electrode|Thunderbolt|p1a: Solgaleo\n|-damage|p1a: Solgaleo|17/325\n|-status|p1a: Solgaleo|par\n|-damage|p2a: Electrode|32/246|[from] item: Life Orb\n|\n|upkeep\n|turn|22\n|\n|t:|1781383554\n|move|p2a: Electrode|Giga Drain|p1a: Solgaleo\n|-resisted|p1a: Solgaleo\n|-damage|p1a: Solgaleo|0 fnt\n|-heal|p2a: Electrode|41/246|[from] drain|[of] p1a: Solgaleo\n|faint|p1a: Solgaleo\n|-damage|p2a: Electrode|17/246|[from] item: Life Orb\n|\n|upkeep\n|\n|t:|1781383562\n|switch|p1a: Eiscue|Eiscue, L88, M|274/274\n|-damage|p1a: Eiscue|206/274|[from] Stealth Rock\n|-damage|p1a: Eiscue|138/274|[from] Spikes\n|turn|23\n|\n|t:|1781383581\n|move|p2a: Electrode|Thunderbolt|p1a: Eiscue\n|-damage|p1a: Eiscue|37/274\n|-enditem|p1a: Eiscue|Sitrus Berry|[eat]\n|-heal|p1a: Eiscue|105/274|[from] item: Sitrus Berry\n|-damage|p2a: Electrode|0 fnt|[from] item: Life Orb\n|faint|p2a: Electrode\n|move|p1a: Eiscue|Ice Spinner|p2: Electrode|[notarget]\n|-fail|p1a: Eiscue\n|\n|upkeep\n|\n|t:|1781383591\n|switch|p2a: Iron Valiant|Iron Valiant, L78|244/244\n|turn|24\n|\n|t:|1781383595\n|move|p2a: Iron Valiant|Moonblast|p1a: Eiscue\n|-damage|p1a: Eiscue|0 fnt\n|faint|p1a: Eiscue\n|-damage|p2a: Iron Valiant|220/244|[from] item: Life Orb\n|\n|upkeep\n|\n|t:|1781383600\n|switch|p1a: Avalugg|Avalugg-Hisui, L90, M, shiny|141/317\n|turn|25\n|\n|t:|1781383603\n|move|p2a: Iron Valiant|Close Combat|p1a: Avalugg\n|-supereffective|p1a: Avalugg\n|-damage|p1a: Avalugg|0 fnt\n|-unboost|p2a: Iron Valiant|def|1\n|-unboost|p2a: Iron Valiant|spd|1\n|faint|p1a: Avalugg\n|-damage|p2a: Iron Valiant|196/244|[from] item: Life Orb\n|\n|upkeep\n|\n|t:|1781383611\n|switch|p1a: Floatzel|Floatzel, L86, F|195/286\n|-damage|p1a: Floatzel|160/286|[from] Stealth Rock\n|-damage|p1a: Floatzel|89/286|[from] Spikes\n|turn|26\n|\n|t:|1781383616\n|move|p1a: Floatzel|Wave Crash|p2a: Iron Valiant\n|-damage|p2a: Iron Valiant|0 fnt\n|faint|p2a: Iron Valiant\n|-end|p2a: Iron Valiant|Quark Drive|[silent]\n|-damage|p1a: Floatzel|24/286|[from] Recoil\n|\n|-heal|p1a: Floatzel|41/286|[from] item: Leftovers\n|upkeep\n|\n|t:|1781383620\n|switch|p2a: Orthworm|Orthworm, L88, F|227/266\n|turn|27\n|\n|t:|1781383624\n|move|p1a: Floatzel|Bulk Up|p1a: Floatzel\n|-boost|p1a: Floatzel|atk|1\n|-boost|p1a: Floatzel|def|1\n|move|p2a: Orthworm|Body Press|p1a: Floatzel\n|-damage|p1a: Floatzel|0 fnt\n|faint|p1a: Floatzel\n|\n|win|good pork\n", "inputlog": ">version a8376a258c1d4662feba110a92103f3664a72141\n>start {\"formatid\":\"gen9randombattle\",\"seed\":\"sodium,72e74e395f589c6bbeb88772baf32bdc\",\"rated\":\"Rated battle\"}\n>player p1 {\"name\":\"JayCroc\",\"avatar\":\"ivor\",\"rating\":2043,\"seed\":\"sodium,6bbbaaff1f92c9e05cf8921a6bf37e9c\"}\n>player p2 {\"name\":\"good pork\",\"avatar\":\"266\",\"rating\":2048,\"seed\":\"sodium,a12a6987b18b354d500d73a6481ed074\"}\n>p1 switch 2\n>p2 switch 3\n>p1 switch 2\n>p2 move thunderbolt\n>p1 move roost\n>p2 switch 3\n>p1 move thunderwave\n>p2 move flareblitz\n>p1 switch 4\n>p1 move stoneedge\n>p2 move stoneedge\n>p2 switch 4\n>p1 switch 6\n>p2 move bodypress\n>p1 move bulkup\n>p2 switch 3\n>p1 switch 3\n>p2 move thunderbolt\n>p1 move morningsun\n>p2 switch 3\n>p1 switch 2\n>p2 move stealthrock\n>p1 move curse\n>p2 switch 3\n>p1 move wavecrash terastallize\n>p2 move gigadrain\n>p1 move wavecrash\n>p2 move gigadrain\n>p1 switch 2\n>p2 move gigadrain\n>p1 move sunsteelstrike\n>p2 switch 3\n>p1 move sunsteelstrike\n>p2 move spikes\n>p1 move sunsteelstrike\n>p2 move spikes\n>p1 switch 2\n>p2 move spikes\n>p1 switch 6\n>p1 move rapidspin\n>p2 switch 2\n>p1 move stoneedge\n>p2 move closecombat\n>p2 switch 3\n>p1 switch 2\n>p2 move thunderbolt\n>p1 move morningsun\n>p2 move gigadrain\n>p1 switch 5\n>p1 move icespinner\n>p2 move thunderbolt\n>p2 switch 6\n>p1 move zenheadbutt\n>p2 move moonblast\n>p1 switch 2\n>p1 move avalanche\n>p2 move closecombat\n>p1 switch 3\n>p1 move wavecrash\n>p2 move moonblast\n>p2 switch 2\n>p1 move bulkup\n>p2 move bodypress", "uploadtime": 1781383348, "views": 11, "formatid": "gen9randombattle", "rating": null, "private": 0, "password": null}