{"id": "gen9randombattle-2631444535", "format": "[Gen 9] Random Battle", "players": ["Goundas05", "nooks n grannies"], "log": "|j|\u2606Goundas05\n|j|\u2606nooks n grannies\n|t:|1781385449\n|gametype|singles\n|player|p1|Goundas05|cynthia|2197\n|player|p2|nooks n grannies|madame|2240\n|gen|9\n|tier|[Gen 9] Random Battle\n|rated|\n|rule|Species Clause: Limit one of each Pok\u00e9mon\n|rule|HP Percentage Mod: HP is shown in percentages\n|rule|Sleep Clause Mod: Limit one foe put to sleep\n|rule|Illusion Level Mod: Illusion disguises the Pok\u00e9mon's true level\n|\n|t:|1781385449\n|teamsize|p1|6\n|teamsize|p2|6\n|start\n|switch|p1a: Garchomp|Garchomp, L74, F|282/282\n|switch|p2a: Hitmontop|Hitmontop, L88, M|231/231\n|turn|1\n|inactive|Battle timer is ON: inactive players will automatically lose when time's up. (requested by nooks n grannies)\n|inactive|Goundas05 also wants the timer to be on.\n|inactive|nooks n grannies has 120 seconds left.\n|\n|t:|1781385483\n|move|p1a: Garchomp|Stealth Rock|p2a: Hitmontop\n|-sidestart|p2: nooks n grannies|move: Stealth Rock\n|move|p2a: Hitmontop|Triple Axel|p1a: Garchomp\n|-supereffective|p1a: Garchomp\n|-damage|p1a: Garchomp|174/282\n|-damage|p2a: Hitmontop|203/231|[from] ability: Rough Skin|[of] p1a: Garchomp\n|-damage|p2a: Hitmontop|165/231|[from] item: Rocky Helmet|[of] p1a: Garchomp\n|-supereffective|p1a: Garchomp\n|-damage|p1a: Garchomp|0 fnt\n|-damage|p2a: Hitmontop|137/231|[from] ability: Rough Skin|[of] p1a: Garchomp\n|-damage|p2a: Hitmontop|99/231|[from] item: Rocky Helmet|[of] p1a: Garchomp\n|faint|p1a: Garchomp\n|-hitcount|p1: Garchomp|2\n|\n|-heal|p2a: Hitmontop|113/231|[from] item: Leftovers\n|upkeep\n|\n|t:|1781385487\n|switch|p1a: Tauros|Tauros, L82, M|257/257\n|turn|2\n|\n|t:|1781385505\n|move|p1a: Tauros|Body Slam|p2a: Hitmontop\n|-damage|p2a: Hitmontop|0 fnt\n|faint|p2a: Hitmontop\n|\n|upkeep\n|\n|t:|1781385514\n|switch|p2a: Quagsire|Quagsire, L84, F|297/297\n|-damage|p2a: Quagsire|279/297|[from] Stealth Rock\n|turn|3\n|\n|t:|1781385520\n|move|p1a: Tauros|Body Slam|p2a: Quagsire\n|-damage|p2a: Quagsire|131/297\n|move|p2a: Quagsire|Toxic|p1a: Tauros\n|-status|p1a: Tauros|tox\n|\n|-heal|p2a: Quagsire|149/297|[from] item: Leftovers\n|-damage|p1a: Tauros|241/257 tox|[from] psn\n|upkeep\n|turn|4\n|\n|t:|1781385525\n|move|p1a: Tauros|Body Slam|p2a: Quagsire\n|-damage|p2a: Quagsire|9/297\n|move|p2a: Quagsire|Recover|p2a: Quagsire\n|-heal|p2a: Quagsire|158/297\n|\n|-heal|p2a: Quagsire|176/297|[from] item: Leftovers\n|-damage|p1a: Tauros|209/257 tox|[from] psn\n|upkeep\n|turn|5\n|\n|t:|1781385529\n|switch|p1a: Serperior|Serperior, L79, F|248/248\n|move|p2a: Quagsire|Recover|p2a: Quagsire\n|-heal|p2a: Quagsire|297/297\n|\n|upkeep\n|turn|6\n|\n|t:|1781385540\n|switch|p2a: Noivern|Noivern, L82, F|274/274\n|move|p1a: Serperior|Substitute|p1a: Serperior\n|-start|p1a: Serperior|Substitute\n|-damage|p1a: Serperior|186/248\n|\n|-heal|p1a: Serperior|201/248|[from] item: Leftovers\n|upkeep\n|turn|7\n|\n|t:|1781385553\n|switch|p1a: Reshiram|Reshiram, L76|277/277\n|-ability|p1a: Reshiram|Turboblaze\n|move|p2a: Noivern|Hurricane|p1a: Reshiram\n|-damage|p1a: Reshiram|178/277\n|\n|upkeep\n|turn|8\n|j| Kyoshi3\n|\n|t:|1781385569\n|switch|p2a: Primarina|Primarina, L83, F|268/268\n|-damage|p2a: Primarina|235/268|[from] Stealth Rock\n|move|p1a: Reshiram|Dragon Dance|p1a: Reshiram\n|-boost|p1a: Reshiram|atk|1\n|-boost|p1a: Reshiram|spe|1\n|\n|-heal|p2a: Primarina|251/268|[from] item: Leftovers\n|upkeep\n|turn|9\n|\n|t:|1781385582\n|switch|p1a: Serperior|Serperior, L79, F|201/248\n|move|p2a: Primarina|Moonblast|p1a: Serperior\n|-damage|p1a: Serperior|77/248\n|\n|-heal|p1a: Serperior|92/248|[from] item: Leftovers\n|-heal|p2a: Primarina|267/268|[from] item: Leftovers\n|upkeep\n|turn|10\n|\n|t:|1781385592\n|move|p1a: Serperior|Dragon Pulse|p2a: Primarina\n|-immune|p2a: Primarina\n|move|p2a: Primarina|Moonblast|p1a: Serperior\n|-damage|p1a: Serperior|0 fnt\n|faint|p1a: Serperior\n|\n|-heal|p2a: Primarina|268/268|[from] item: Leftovers\n|upkeep\n|\n|t:|1781385597\n|switch|p1a: Indeedee|Indeedee-F, L90, F|272/272\n|-fieldstart|move: Psychic Terrain|[from] ability: Psychic Surge|[of] p1a: Indeedee\n|turn|11\n|\n|t:|1781385620\n|move|p1a: Indeedee|Psyshock|p2a: Primarina\n|-damage|p2a: Primarina|64/268\n|move|p2a: Primarina|Moonblast|p1a: Indeedee\n|-damage|p1a: Indeedee|173/272\n|\n|-heal|p2a: Primarina|80/268|[from] item: Leftovers\n|upkeep\n|turn|12\n|\n|t:|1781385628\n|move|p1a: Indeedee|Psyshock|p2a: Primarina\n|-damage|p2a: Primarina|0 fnt\n|faint|p2a: Primarina\n|\n|upkeep\n|inactive|nooks n grannies has 120 seconds left.\n|\n|t:|1781385651\n|switch|p2a: Noivern|Noivern, L82, F|274/274\n|turn|13\n|\n|t:|1781385656\n|move|p2a: Noivern|Draco Meteor|p1a: Indeedee\n|-damage|p1a: Indeedee|58/272\n|-unboost|p2a: Noivern|spa|2\n|move|p1a: Indeedee|Psyshock|p2a: Noivern\n|-damage|p2a: Noivern|81/274\n|\n|upkeep\n|turn|14\n|\n|t:|1781385667\n|move|p2a: Noivern|Draco Meteor|p1a: Indeedee\n|-damage|p1a: Indeedee|4/272\n|-unboost|p2a: Noivern|spa|2\n|move|p1a: Indeedee|Psyshock|p2a: Noivern\n|-damage|p2a: Noivern|0 fnt\n|faint|p2a: Noivern\n|\n|upkeep\n|\n|t:|1781385678\n|switch|p2a: Electivire|Electivire, L84, F|263/263\n|-damage|p2a: Electivire|231/263|[from] Stealth Rock\n|turn|15\n|\n|t:|1781385687\n|switch|p1a: Tauros|Tauros, L82, M|209/257 tox\n|move|p2a: Electivire|Earthquake|p1a: Tauros\n|-damage|p1a: Tauros|97/257 tox\n|-damage|p2a: Electivire|205/263|[from] item: Life Orb\n|\n|-damage|p1a: Tauros|81/257 tox|[from] psn\n|-fieldend|move: Psychic Terrain\n|upkeep\n|turn|16\n|\n|t:|1781385702\n|switch|p2a: Slither Wing|Slither Wing, L81|270/270\n|-damage|p2a: Slither Wing|237/270|[from] Stealth Rock\n|move|p1a: Tauros|Body Slam|p2a: Slither Wing\n|-damage|p2a: Slither Wing|65/270\n|\n|-damage|p1a: Tauros|49/257 tox|[from] psn\n|upkeep\n|turn|17\n|\n|t:|1781385714\n|move|p2a: Slither Wing|First Impression|p1a: Tauros\n|-damage|p1a: Tauros|0 fnt\n|faint|p1a: Tauros\n|-damage|p2a: Slither Wing|38/270|[from] item: Life Orb\n|\n|upkeep\n|\n|t:|1781385727\n|switch|p1a: Indeedee|Indeedee-F, L90, F|4/272\n|-fieldstart|move: Psychic Terrain|[from] ability: Psychic Surge|[of] p1a: Indeedee\n|turn|18\n|\n|t:|1781385733\n|move|p1a: Indeedee|Psyshock|p2a: Slither Wing\n|-supereffective|p2a: Slither Wing\n|-crit|p2a: Slither Wing\n|-damage|p2a: Slither Wing|0 fnt\n|faint|p2a: Slither Wing\n|-end|p2a: Slither Wing|Protosynthesis|[silent]\n|\n|upkeep\n|\n|t:|1781385736\n|switch|p2a: Electivire|Electivire, L84, F|205/263\n|-damage|p2a: Electivire|173/263|[from] Stealth Rock\n|turn|19\n|\n|t:|1781385741\n|move|p2a: Electivire|Ice Punch|p1a: Indeedee\n|-damage|p1a: Indeedee|0 fnt\n|faint|p1a: Indeedee\n|-damage|p2a: Electivire|147/263|[from] item: Life Orb\n|\n|upkeep\n|\n|t:|1781385744\n|switch|p1a: Malamar|Malamar, L82, M|275/275\n|turn|20\n|\n|t:|1781385759\n|move|p2a: Electivire|Supercell Slam|p1a: Malamar\n|-damage|p1a: Malamar|110/275\n|-damage|p2a: Electivire|121/263|[from] item: Life Orb\n|move|p1a: Malamar|Superpower|p2a: Electivire\n|-damage|p2a: Electivire|27/263\n|-boost|p1a: Malamar|atk|1\n|-boost|p1a: Malamar|def|1\n|\n|-heal|p1a: Malamar|127/275|[from] item: Leftovers\n|upkeep\n|turn|21\n|\n|t:|1781385766\n|move|p2a: Electivire|Supercell Slam|p1a: Malamar\n|-damage|p1a: Malamar|18/275\n|-damage|p2a: Electivire|1/263|[from] item: Life Orb\n|move|p1a: Malamar|Superpower|p2a: Electivire\n|-damage|p2a: Electivire|0 fnt\n|-boost|p1a: Malamar|atk|1\n|-boost|p1a: Malamar|def|1\n|faint|p2a: Electivire\n|\n|-heal|p1a: Malamar|35/275|[from] item: Leftovers\n|upkeep\n|\n|t:|1781385770\n|switch|p2a: Quagsire|Quagsire, L84, F|297/297\n|-damage|p2a: Quagsire|279/297|[from] Stealth Rock\n|turn|22\n|\n|t:|1781385774\n|move|p1a: Malamar|Rest|p1a: Malamar\n|-status|p1a: Malamar|slp|[from] move: Rest\n|-heal|p1a: Malamar|275/275 slp|[silent]\n|move|p2a: Quagsire|Earthquake|p1a: Malamar\n|-crit|p1a: Malamar\n|-damage|p1a: Malamar|125/275 slp\n|\n|-heal|p1a: Malamar|142/275 slp|[from] item: Leftovers\n|-heal|p2a: Quagsire|297/297|[from] item: Leftovers\n|-fieldend|move: Psychic Terrain\n|upkeep\n|turn|23\n|\n|t:|1781385780\n|cant|p1a: Malamar|slp\n|move|p1a: Malamar|Sleep Talk|p1a: Malamar\n|move|p1a: Malamar|Superpower|p2a: Quagsire|[from] move: Sleep Talk\n|-damage|p2a: Quagsire|223/297\n|-boost|p1a: Malamar|atk|1\n|-boost|p1a: Malamar|def|1\n|move|p2a: Quagsire|Earthquake|p1a: Malamar\n|-damage|p1a: Malamar|51/275 slp\n|\n|-heal|p1a: Malamar|68/275 slp|[from] item: Leftovers\n|-heal|p2a: Quagsire|241/297|[from] item: Leftovers\n|upkeep\n|turn|24\n|\n|t:|1781385784\n|cant|p1a: Malamar|slp\n|move|p1a: Malamar|Sleep Talk|p1a: Malamar\n|move|p1a: Malamar|Rest||[from] move: Sleep Talk|[still]\n|-fail|p1a: Malamar\n|move|p2a: Quagsire|Earthquake|p1a: Malamar\n|-crit|p1a: Malamar\n|-damage|p1a: Malamar|0 fnt\n|faint|p1a: Malamar\n|\n|-heal|p2a: Quagsire|259/297|[from] item: Leftovers\n|upkeep\n|\n|t:|1781385790\n|switch|p1a: Reshiram|Reshiram, L76|178/277\n|-ability|p1a: Reshiram|Turboblaze\n|turn|25\n|\n|t:|1781385796\n|move|p1a: Reshiram|Outrage|p2a: Quagsire\n|-damage|p2a: Quagsire|142/297\n|move|p2a: Quagsire|Earthquake|p1a: Reshiram\n|-supereffective|p1a: Reshiram\n|-damage|p1a: Reshiram|0 fnt\n|faint|p1a: Reshiram\n|\n|win|nooks n grannies\n", "inputlog": ">version a8376a258c1d4662feba110a92103f3664a72141\n>start {\"formatid\":\"gen9randombattle\",\"seed\":\"sodium,c1a413b0de61bab376834b20bdde081d\",\"rated\":\"Rated battle\"}\n>player p1 {\"name\":\"Goundas05\",\"avatar\":\"cynthia\",\"rating\":2197,\"seed\":\"sodium,3880f7af9fadc6da59349cba0b9d259a\"}\n>player p2 {\"name\":\"nooks n grannies\",\"avatar\":\"madame\",\"rating\":2240,\"seed\":\"sodium,fa2aa69749a3159c28e7fa0320aedf1a\"}\n>p1 move stealthrock\n>p2 move tripleaxel\n>p1 switch 3\n>p1 move bodyslam\n>p2 move rapidspin\n>p2 switch 6\n>p1 move bodyslam\n>p2 move toxic\n>p1 move bodyslam\n>p2 move recover\n>p1 switch 6\n>p2 move recover\n>p1 move substitute\n>p2 switch 3\n>p1 switch 4\n>p2 move hurricane\n>p1 move dragondance\n>p2 switch 4\n>p1 switch 4\n>p2 move moonblast\n>p1 move dragonpulse\n>p2 move moonblast\n>p1 switch 5\n>p1 move psyshock\n>p2 move moonblast\n>p1 move psyshock\n>p2 move moonblast\n>p2 switch 4\n>p1 move psyshock\n>p2 move dracometeor\n>p1 move psyshock\n>p2 move dracometeor\n>p2 switch 5\n>p1 switch 6\n>p2 move earthquake\n>p1 move bodyslam\n>p2 switch 2\n>p1 move bodyslam\n>p2 move firstimpression\n>p1 switch 6\n>p1 move psyshock\n>p2 move uturn\n>p2 switch 2\n>p1 move psyshock\n>p2 move icepunch\n>p1 switch 2\n>p1 move superpower\n>p2 move supercellslam\n>p1 move superpower\n>p2 move supercellslam\n>p2 switch 3\n>p1 move rest\n>p2 move earthquake\n>p1 move sleeptalk\n>p2 move earthquake\n>p1 move sleeptalk\n>p2 move earthquake\n>p1 switch 4\n>p1 move outrage\n>p2 move earthquake", "uploadtime": 1781385451, "views": 8, "formatid": "gen9randombattle", "rating": null, "private": 0, "password": null}