{"id": "gen9randombattle-2631799780", "format": "[Gen 9] Random Battle", "players": ["jsjsiis", "masbahlilganteng"], "log": "|j|\u2606jsjsiis\n|j|\u2606masbahlilganteng\n|t:|1781441463\n|gametype|singles\n|player|p1|jsjsiis|1|1978\n|player|p2|masbahlilganteng|hoopster|2001\n|gen|9\n|tier|[Gen 9] Random Battle\n|rated|\n|rule|Species Clause: Limit one of each Pok\u00e9mon\n|rule|HP Percentage Mod: HP is shown in percentages\n|rule|Sleep Clause Mod: Limit one foe put to sleep\n|rule|Illusion Level Mod: Illusion disguises the Pok\u00e9mon's true level\n|\n|t:|1781441463\n|teamsize|p1|6\n|teamsize|p2|6\n|start\n|switch|p1a: Brambleghast|Brambleghast, L88, M|240/240\n|switch|p2a: Tsareena|Tsareena, L87, F|267/267\n|turn|1\n|inactive|Battle timer is ON: inactive players will automatically lose when time's up. (requested by masbahlilganteng)\n|\n|t:|1781441472\n|move|p1a: Brambleghast|Poltergeist|p2a: Tsareena\n|-activate|p2a: Tsareena|move: Poltergeist|Assault Vest\n|-damage|p2a: Tsareena|137/267\n|move|p2a: Tsareena|U-turn|p1a: Brambleghast\n|-damage|p1a: Brambleghast|171/240\n|\n|t:|1781441476\n|switch|p2a: Torkoal|Torkoal, L88, F|266/266|[from] U-turn\n|-weather|SunnyDay|[from] ability: Drought|[of] p2a: Torkoal\n|\n|-weather|SunnyDay|[upkeep]\n|upkeep\n|turn|2\n|\n|t:|1781441488\n|switch|p1a: Latias|Latias, L79, F|256/256\n|move|p2a: Torkoal|Stealth Rock|p1a: Latias\n|-sidestart|p1: jsjsiis|move: Stealth Rock\n|\n|-weather|SunnyDay|[upkeep]\n|upkeep\n|turn|3\n|\n|t:|1781441496\n|switch|p2a: Dunsparce|Dunsparce, L86, M|312/312\n|move|p1a: Latias|Draco Meteor|p2a: Dunsparce\n|-damage|p2a: Dunsparce|176/312\n|-unboost|p1a: Latias|spa|2\n|\n|-weather|SunnyDay|[upkeep]\n|upkeep\n|turn|4\n|\n|t:|1781441505\n|switch|p1a: Quagsire|Quagsire, L84, M|297/297\n|-damage|p1a: Quagsire|279/297|[from] Stealth Rock\n|move|p2a: Dunsparce|Roost|p2a: Dunsparce\n|-heal|p2a: Dunsparce|312/312\n|-singleturn|p2a: Dunsparce|move: Roost\n|\n|-weather|SunnyDay|[upkeep]\n|-heal|p1a: Quagsire|297/297|[from] item: Leftovers\n|upkeep\n|turn|5\n|\n|t:|1781441512\n|move|p2a: Dunsparce|Body Slam|p1a: Quagsire\n|-damage|p1a: Quagsire|218/297\n|-status|p1a: Quagsire|par\n|cant|p1a: Quagsire|par\n|\n|-weather|none\n|-heal|p1a: Quagsire|236/297 par|[from] item: Leftovers\n|upkeep\n|turn|6\n|\n|t:|1781441519\n|switch|p2a: Torkoal|Torkoal, L88, F|266/266\n|-weather|SunnyDay|[from] ability: Drought|[of] p2a: Torkoal\n|move|p1a: Quagsire|Toxic|p2a: Torkoal\n|-status|p2a: Torkoal|tox\n|\n|-weather|SunnyDay|[upkeep]\n|-heal|p1a: Quagsire|254/297 par|[from] item: Leftovers\n|-damage|p2a: Torkoal|250/266 tox|[from] psn\n|upkeep\n|turn|7\n|\n|t:|1781441523\n|switch|p1a: Latias|Latias, L79, F|256/256\n|-damage|p1a: Latias|224/256|[from] Stealth Rock\n|move|p2a: Torkoal|Solar Beam||[still]\n|-prepare|p2a: Torkoal|Solar Beam\n|-anim|p2a: Torkoal|Solar Beam|p1a: Latias\n|-resisted|p1a: Latias\n|-damage|p1a: Latias|190/256\n|\n|-weather|SunnyDay|[upkeep]\n|-damage|p2a: Torkoal|218/266 tox|[from] psn\n|upkeep\n|turn|8\n|\n|t:|1781441542\n|move|p1a: Latias|Calm Mind|p1a: Latias\n|-boost|p1a: Latias|spa|1\n|-boost|p1a: Latias|spd|1\n|move|p2a: Torkoal|Lava Plume|p1a: Latias\n|-resisted|p1a: Latias\n|-damage|p1a: Latias|157/256\n|-status|p1a: Latias|brn\n|\n|-weather|SunnyDay|[upkeep]\n|-damage|p2a: Torkoal|170/266 tox|[from] psn\n|-damage|p1a: Latias|141/256 brn|[from] brn\n|upkeep\n|turn|9\n|\n|t:|1781441559\n|switch|p2a: Ogerpon|Ogerpon, L80, F|259/259\n|move|p1a: Latias|Recover|p1a: Latias\n|-heal|p1a: Latias|256/256 brn\n|\n|-weather|SunnyDay|[upkeep]\n|-damage|p1a: Latias|240/256 brn|[from] brn\n|upkeep\n|turn|10\n|\n|t:|1781441568\n|move|p2a: Ogerpon|U-turn|p1a: Latias\n|-supereffective|p1a: Latias\n|-damage|p1a: Latias|132/256 brn\n|\n|t:|1781441571\n|switch|p2a: Torkoal|Torkoal, L88, F|170/266 tox|[from] U-turn\n|move|p1a: Latias|Draco Meteor|p2a: Torkoal\n|-damage|p2a: Torkoal|0 fnt\n|-unboost|p1a: Latias|spa|2\n|faint|p2a: Torkoal\n|\n|-weather|none\n|-damage|p1a: Latias|116/256 brn|[from] brn\n|upkeep\n|\n|t:|1781441594\n|switch|p2a: Dodrio|Dodrio, L85, M|241/241\n|turn|11\n|\n|t:|1781441600\n|switch|p1a: Terrakion|Terrakion, L79|273/273\n|-damage|p1a: Terrakion|256/273|[from] Stealth Rock\n|move|p2a: Dodrio|Knock Off|p1a: Terrakion\n|-resisted|p1a: Terrakion\n|-damage|p1a: Terrakion|212/273\n|-ability|p1a: Terrakion|Justified|boost\n|-boost|p1a: Terrakion|atk|1\n|-enditem|p1a: Terrakion|Choice Band|[from] move: Knock Off|[of] p2a: Dodrio\n|\n|upkeep\n|turn|12\n|\n|t:|1781441620\n|switch|p2a: Hitmonchan|Hitmonchan, L87, M|229/229\n|move|p1a: Terrakion|Stone Edge|p2a: Hitmonchan\n|-resisted|p2a: Hitmonchan\n|-damage|p2a: Hitmonchan|141/229\n|\n|-heal|p2a: Hitmonchan|155/229|[from] item: Leftovers\n|upkeep\n|turn|13\n|\n|t:|1781441627\n|move|p1a: Terrakion|Close Combat|p2a: Hitmonchan\n|-damage|p2a: Hitmonchan|0 fnt\n|-unboost|p1a: Terrakion|def|1\n|-unboost|p1a: Terrakion|spd|1\n|faint|p2a: Hitmonchan\n|\n|upkeep\n|\n|t:|1781441631\n|switch|p2a: Ogerpon|Ogerpon, L80, F|259/259\n|turn|14\n|\n|t:|1781441640\n|switch|p1a: Quagsire|Quagsire, L84, M|254/297 par\n|-damage|p1a: Quagsire|236/297 par|[from] Stealth Rock\n|move|p2a: Ogerpon|Ivy Cudgel|p1a: Quagsire\n|-supereffective|p1a: Quagsire\n|-damage|p1a: Quagsire|0 fnt\n|faint|p1a: Quagsire\n|\n|upkeep\n|\n|t:|1781441645\n|switch|p1a: Brambleghast|Brambleghast, L88, M|171/240\n|turn|15\n|\n|t:|1781441648\n|move|p2a: Ogerpon|U-turn|p1a: Brambleghast\n|-damage|p1a: Brambleghast|113/240\n|\n|t:|1781441653\n|switch|p2a: Dodrio|Dodrio, L85, M|241/241|[from] U-turn\n|move|p1a: Brambleghast|Rapid Spin|p2a: Dodrio\n|-damage|p2a: Dodrio|191/241\n|-boost|p1a: Brambleghast|spe|1\n|-sideend|p1: jsjsiis|Stealth Rock|[from] move: Rapid Spin|[of] p1a: Brambleghast\n|\n|upkeep\n|turn|16\n|\n|t:|1781441657\n|move|p1a: Brambleghast|Strength Sap|p2a: Dodrio\n|-unboost|p2a: Dodrio|atk|1\n|-heal|p1a: Brambleghast|240/240\n|move|p2a: Dodrio|Brave Bird|p1a: Brambleghast\n|-supereffective|p1a: Brambleghast\n|-damage|p1a: Brambleghast|28/240\n|-damage|p2a: Dodrio|121/241|[from] Recoil\n|\n|upkeep\n|turn|17\n|\n|t:|1781441664\n|move|p1a: Brambleghast|Strength Sap|p2a: Dodrio\n|-unboost|p2a: Dodrio|atk|1\n|-heal|p1a: Brambleghast|185/240\n|move|p2a: Dodrio|Brave Bird|p1a: Brambleghast\n|-supereffective|p1a: Brambleghast\n|-damage|p1a: Brambleghast|27/240\n|-damage|p2a: Dodrio|69/241|[from] Recoil\n|\n|upkeep\n|turn|18\n|\n|t:|1781441674\n|move|p1a: Brambleghast|Power Whip|p2a: Dodrio\n|-resisted|p2a: Dodrio\n|-damage|p2a: Dodrio|0 fnt\n|faint|p2a: Dodrio\n|\n|upkeep\n|inactive|masbahlilganteng has 120 seconds left.\n|\n|t:|1781441706\n|switch|p2a: Dunsparce|Dunsparce, L86, M|312/312\n|turn|19\n|\n|t:|1781441713\n|move|p1a: Brambleghast|Strength Sap|p2a: Dunsparce\n|-unboost|p2a: Dunsparce|atk|1\n|-heal|p1a: Brambleghast|197/240\n|move|p2a: Dunsparce|Coil|p2a: Dunsparce\n|-boost|p2a: Dunsparce|atk|1\n|-boost|p2a: Dunsparce|def|1\n|-boost|p2a: Dunsparce|accuracy|1\n|\n|upkeep\n|turn|20\n|\n|t:|1781441721\n|switch|p1a: Dodrio|Dodrio, L85, M|241/241\n|move|p2a: Dunsparce|Coil|p2a: Dunsparce\n|-boost|p2a: Dunsparce|atk|1\n|-boost|p2a: Dunsparce|def|1\n|-boost|p2a: Dunsparce|accuracy|1\n|\n|upkeep\n|turn|21\n|\n|t:|1781441724\n|move|p1a: Dodrio|Knock Off|p2a: Dunsparce\n|-damage|p2a: Dunsparce|283/312\n|-enditem|p2a: Dunsparce|Eviolite|[from] move: Knock Off|[of] p1a: Dodrio\n|move|p2a: Dunsparce|Body Slam|p1a: Dodrio\n|-damage|p1a: Dodrio|105/241\n|\n|upkeep\n|turn|22\n|\n|t:|1781441729\n|move|p1a: Dodrio|Brave Bird|p2a: Dunsparce\n|-damage|p2a: Dunsparce|195/312\n|-damage|p1a: Dodrio|76/241|[from] Recoil\n|move|p2a: Dunsparce|Coil|p2a: Dunsparce\n|-boost|p2a: Dunsparce|atk|1\n|-boost|p2a: Dunsparce|def|1\n|-boost|p2a: Dunsparce|accuracy|1\n|\n|upkeep\n|turn|23\n|\n|t:|1781441735\n|switch|p1a: Brambleghast|Brambleghast, L88, M|197/240\n|move|p2a: Dunsparce|Coil|p2a: Dunsparce\n|-boost|p2a: Dunsparce|atk|1\n|-boost|p2a: Dunsparce|def|1\n|-boost|p2a: Dunsparce|accuracy|1\n|\n|upkeep\n|turn|24\n|\n|t:|1781441739\n|move|p1a: Brambleghast|Power Whip|p2a: Dunsparce\n|-damage|p2a: Dunsparce|126/312\n|move|p2a: Dunsparce|Roost|p2a: Dunsparce\n|-heal|p2a: Dunsparce|282/312\n|-singleturn|p2a: Dunsparce|move: Roost\n|\n|upkeep\n|turn|25\n|\n|t:|1781441745\n|move|p1a: Brambleghast|Strength Sap|p2a: Dunsparce\n|-unboost|p2a: Dunsparce|atk|1\n|-heal|p1a: Brambleghast|240/240\n|move|p2a: Dunsparce|Coil|p2a: Dunsparce\n|-boost|p2a: Dunsparce|atk|1\n|-boost|p2a: Dunsparce|def|1\n|-boost|p2a: Dunsparce|accuracy|1\n|\n|upkeep\n|turn|26\n|\n|t:|1781441748\n|move|p1a: Brambleghast|Power Whip|p2a: Dunsparce\n|-damage|p2a: Dunsparce|233/312\n|move|p2a: Dunsparce|Coil|p2a: Dunsparce\n|-boost|p2a: Dunsparce|atk|1\n|-boost|p2a: Dunsparce|def|1\n|-boost|p2a: Dunsparce|accuracy|1\n|\n|upkeep\n|turn|27\n|\n|t:|1781441754\n|move|p1a: Brambleghast|Power Whip|p2a: Dunsparce\n|-damage|p2a: Dunsparce|187/312\n|move|p2a: Dunsparce|Earthquake|p1a: Brambleghast\n|-resisted|p1a: Brambleghast\n|-crit|p1a: Brambleghast\n|-damage|p1a: Brambleghast|88/240\n|\n|upkeep\n|turn|28\n|\n|t:|1781441763\n|move|p1a: Brambleghast|Strength Sap|p2a: Dunsparce\n|-unboost|p2a: Dunsparce|atk|1\n|-heal|p1a: Brambleghast|240/240\n|move|p2a: Dunsparce|Coil|p2a: Dunsparce\n|-boost|p2a: Dunsparce|atk|1\n|-boost|p2a: Dunsparce|def|0\n|-boost|p2a: Dunsparce|accuracy|0\n|\n|upkeep\n|turn|29\n|\n|t:|1781441772\n|move|p1a: Brambleghast|Power Whip|p2a: Dunsparce\n|-damage|p2a: Dunsparce|136/312\n|move|p2a: Dunsparce|Roost|p2a: Dunsparce\n|-heal|p2a: Dunsparce|292/312\n|-singleturn|p2a: Dunsparce|move: Roost\n|\n|upkeep\n|turn|30\n|\n|t:|1781441777\n|move|p1a: Brambleghast|Power Whip|p2a: Dunsparce\n|-damage|p2a: Dunsparce|243/312\n|move|p2a: Dunsparce|Coil|p2a: Dunsparce\n|-boost|p2a: Dunsparce|atk|1\n|-boost|p2a: Dunsparce|def|0\n|-boost|p2a: Dunsparce|accuracy|0\n|\n|upkeep\n|turn|31\n|\n|t:|1781441782\n|move|p1a: Brambleghast|Power Whip|p2a: Dunsparce\n|-damage|p2a: Dunsparce|195/312\n|move|p2a: Dunsparce|Earthquake|p1a: Brambleghast\n|-resisted|p1a: Brambleghast\n|-crit|p1a: Brambleghast\n|-damage|p1a: Brambleghast|76/240\n|\n|upkeep\n|turn|32\n|\n|t:|1781441788\n|move|p1a: Brambleghast|Strength Sap|p2a: Dunsparce\n|-unboost|p2a: Dunsparce|atk|1\n|-heal|p1a: Brambleghast|240/240\n|move|p2a: Dunsparce|Coil|p2a: Dunsparce\n|-boost|p2a: Dunsparce|atk|1\n|-boost|p2a: Dunsparce|def|0\n|-boost|p2a: Dunsparce|accuracy|0\n|\n|upkeep\n|turn|33\n|\n|t:|1781441793\n|move|p1a: Brambleghast|Power Whip|p2a: Dunsparce\n|-damage|p2a: Dunsparce|146/312\n|move|p2a: Dunsparce|Earthquake|p1a: Brambleghast\n|-resisted|p1a: Brambleghast\n|-damage|p1a: Brambleghast|125/240\n|\n|upkeep\n|turn|34\n|\n|t:|1781441804\n|move|p1a: Brambleghast|Power Whip|p2a: Dunsparce|[miss]\n|-miss|p1a: Brambleghast|p2a: Dunsparce\n|move|p2a: Dunsparce|Roost|p2a: Dunsparce\n|-heal|p2a: Dunsparce|302/312\n|-singleturn|p2a: Dunsparce|move: Roost\n|\n|upkeep\n|turn|35\n|\n|t:|1781441808\n|move|p1a: Brambleghast|Strength Sap|p2a: Dunsparce\n|-unboost|p2a: Dunsparce|atk|1\n|-heal|p1a: Brambleghast|240/240\n|move|p2a: Dunsparce|Earthquake|p1a: Brambleghast\n|-resisted|p1a: Brambleghast\n|-damage|p1a: Brambleghast|147/240\n|\n|upkeep\n|turn|36\n|\n|t:|1781441811\n|move|p1a: Brambleghast|Strength Sap|p2a: Dunsparce\n|-unboost|p2a: Dunsparce|atk|1\n|-heal|p1a: Brambleghast|240/240\n|move|p2a: Dunsparce|Coil|p2a: Dunsparce\n|-boost|p2a: Dunsparce|atk|1\n|-boost|p2a: Dunsparce|def|0\n|-boost|p2a: Dunsparce|accuracy|0\n|\n|upkeep\n|turn|37\n|\n|t:|1781441817\n|move|p1a: Brambleghast|Rapid Spin|p2a: Dunsparce\n|-damage|p2a: Dunsparce|288/312\n|-boost|p1a: Brambleghast|spe|1\n|move|p2a: Dunsparce|Coil|p2a: Dunsparce\n|-boost|p2a: Dunsparce|atk|1\n|-boost|p2a: Dunsparce|def|0\n|-boost|p2a: Dunsparce|accuracy|0\n|\n|upkeep\n|turn|38\n|\n|t:|1781441821\n|move|p1a: Brambleghast|Rapid Spin|p2a: Dunsparce\n|-damage|p2a: Dunsparce|276/312\n|-boost|p1a: Brambleghast|spe|1\n|move|p2a: Dunsparce|Earthquake|p1a: Brambleghast\n|-resisted|p1a: Brambleghast\n|-damage|p1a: Brambleghast|116/240\n|\n|upkeep\n|turn|39\n|\n|t:|1781441828\n|move|p1a: Brambleghast|Strength Sap|p2a: Dunsparce\n|-unboost|p2a: Dunsparce|atk|1\n|-heal|p1a: Brambleghast|240/240\n|move|p2a: Dunsparce|Coil|p2a: Dunsparce\n|-boost|p2a: Dunsparce|atk|1\n|-boost|p2a: Dunsparce|def|0\n|-boost|p2a: Dunsparce|accuracy|0\n|\n|upkeep\n|turn|40\n|\n|t:|1781441835\n|move|p1a: Brambleghast|Power Whip|p2a: Dunsparce\n|-damage|p2a: Dunsparce|231/312\n|move|p2a: Dunsparce|Earthquake|p1a: Brambleghast\n|-resisted|p1a: Brambleghast\n|-damage|p1a: Brambleghast|125/240\n|\n|upkeep\n|turn|41\n|\n|t:|1781441839\n|move|p1a: Brambleghast|Power Whip|p2a: Dunsparce|[miss]\n|-miss|p1a: Brambleghast|p2a: Dunsparce\n|move|p2a: Dunsparce|Coil|p2a: Dunsparce\n|-boost|p2a: Dunsparce|atk|1\n|-boost|p2a: Dunsparce|def|0\n|-boost|p2a: Dunsparce|accuracy|0\n|\n|upkeep\n|turn|42\n|\n|t:|1781441842\n|move|p1a: Brambleghast|Strength Sap|p2a: Dunsparce\n|-unboost|p2a: Dunsparce|atk|1\n|-heal|p1a: Brambleghast|240/240\n|move|p2a: Dunsparce|Earthquake|p1a: Brambleghast\n|-resisted|p1a: Brambleghast\n|-crit|p1a: Brambleghast\n|-damage|p1a: Brambleghast|71/240\n|\n|upkeep\n|turn|43\n|\n|t:|1781441869\n|move|p1a: Brambleghast|Strength Sap|p2a: Dunsparce\n|-unboost|p2a: Dunsparce|atk|1\n|-heal|p1a: Brambleghast|240/240\n|move|p2a: Dunsparce|Body Slam|p1a: Brambleghast\n|-immune|p1a: Brambleghast\n|\n|upkeep\n|turn|44\n|\n|t:|1781441879\n|move|p1a: Brambleghast|Power Whip|p2a: Dunsparce\n|-damage|p2a: Dunsparce|180/312\n|move|p2a: Dunsparce|Coil|p2a: Dunsparce\n|-boost|p2a: Dunsparce|atk|1\n|-boost|p2a: Dunsparce|def|0\n|-boost|p2a: Dunsparce|accuracy|0\n|\n|upkeep\n|turn|45\n|\n|t:|1781441883\n|move|p1a: Brambleghast|Power Whip|p2a: Dunsparce\n|-damage|p2a: Dunsparce|132/312\n|move|p2a: Dunsparce|Roost|p2a: Dunsparce\n|-heal|p2a: Dunsparce|288/312\n|-singleturn|p2a: Dunsparce|move: Roost\n|\n|upkeep\n|turn|46\n|\n|t:|1781441890\n|move|p1a: Brambleghast|Power Whip|p2a: Dunsparce\n|-damage|p2a: Dunsparce|240/312\n|move|p2a: Dunsparce|Earthquake|p1a: Brambleghast\n|-resisted|p1a: Brambleghast\n|-damage|p1a: Brambleghast|122/240\n|\n|upkeep\n|turn|47\n|\n|t:|1781441901\n|move|p1a: Brambleghast|Strength Sap|p2a: Dunsparce\n|-unboost|p2a: Dunsparce|atk|1\n|-heal|p1a: Brambleghast|240/240\n|move|p2a: Dunsparce|Earthquake|p1a: Brambleghast\n|-resisted|p1a: Brambleghast\n|-damage|p1a: Brambleghast|137/240\n|\n|upkeep\n|turn|48\n|\n|t:|1781441909\n|move|p1a: Brambleghast|Strength Sap|p2a: Dunsparce\n|-unboost|p2a: Dunsparce|atk|1\n|-heal|p1a: Brambleghast|240/240\n|move|p2a: Dunsparce|Coil|p2a: Dunsparce\n|-boost|p2a: Dunsparce|atk|1\n|-boost|p2a: Dunsparce|def|0\n|-boost|p2a: Dunsparce|accuracy|0\n|\n|upkeep\n|turn|49\n|\n|t:|1781441914\n|move|p1a: Brambleghast|Power Whip|p2a: Dunsparce\n|-damage|p2a: Dunsparce|195/312\n|move|p2a: Dunsparce|Coil|p2a: Dunsparce\n|-boost|p2a: Dunsparce|atk|1\n|-boost|p2a: Dunsparce|def|0\n|-boost|p2a: Dunsparce|accuracy|0\n|\n|upkeep\n|turn|50\n|\n|t:|1781441919\n|move|p1a: Brambleghast|Power Whip|p2a: Dunsparce\n|-damage|p2a: Dunsparce|149/312\n|move|p2a: Dunsparce|Roost|p2a: Dunsparce\n|-heal|p2a: Dunsparce|305/312\n|-singleturn|p2a: Dunsparce|move: Roost\n|\n|upkeep\n|turn|51\n|\n|t:|1781441927\n|move|p1a: Brambleghast|Rapid Spin|p2a: Dunsparce\n|-damage|p2a: Dunsparce|291/312\n|-boost|p1a: Brambleghast|spe|1\n|move|p2a: Dunsparce|Earthquake|p1a: Brambleghast\n|-resisted|p1a: Brambleghast\n|-damage|p1a: Brambleghast|132/240\n|\n|upkeep\n|turn|52\n|\n|t:|1781441936\n|move|p1a: Brambleghast|Strength Sap|p2a: Dunsparce\n|-unboost|p2a: Dunsparce|atk|1\n|-heal|p1a: Brambleghast|240/240\n|move|p2a: Dunsparce|Coil|p2a: Dunsparce\n|-boost|p2a: Dunsparce|atk|1\n|-boost|p2a: Dunsparce|def|0\n|-boost|p2a: Dunsparce|accuracy|0\n|\n|upkeep\n|turn|53\n|\n|t:|1781441942\n|move|p1a: Brambleghast|Rapid Spin|p2a: Dunsparce\n|-damage|p2a: Dunsparce|277/312\n|-boost|p1a: Brambleghast|spe|1\n|move|p2a: Dunsparce|Earthquake|p1a: Brambleghast\n|-resisted|p1a: Brambleghast\n|-damage|p1a: Brambleghast|127/240\n|\n|upkeep\n|turn|54\n|\n|t:|1781441945\n|move|p1a: Brambleghast|Strength Sap|p2a: Dunsparce\n|-unboost|p2a: Dunsparce|atk|1\n|-heal|p1a: Brambleghast|240/240\n|move|p2a: Dunsparce|Coil|p2a: Dunsparce\n|-boost|p2a: Dunsparce|atk|1\n|-boost|p2a: Dunsparce|def|0\n|-boost|p2a: Dunsparce|accuracy|0\n|\n|upkeep\n|turn|55\n|\n|t:|1781441948\n|move|p1a: Brambleghast|Rapid Spin|p2a: Dunsparce\n|-damage|p2a: Dunsparce|264/312\n|-boost|p1a: Brambleghast|spe|1\n|move|p2a: Dunsparce|Earthquake|p1a: Brambleghast\n|-resisted|p1a: Brambleghast\n|-damage|p1a: Brambleghast|131/240\n|\n|upkeep\n|turn|56\n|\n|t:|1781441956\n|move|p1a: Brambleghast|Rapid Spin|p2a: Dunsparce\n|-damage|p2a: Dunsparce|250/312\n|-boost|p1a: Brambleghast|spe|1\n|move|p2a: Dunsparce|Coil|p2a: Dunsparce\n|-boost|p2a: Dunsparce|atk|1\n|-boost|p2a: Dunsparce|def|0\n|-boost|p2a: Dunsparce|accuracy|0\n|\n|upkeep\n|turn|57\n|\n|t:|1781441964\n|move|p1a: Brambleghast|Strength Sap|p2a: Dunsparce\n|-unboost|p2a: Dunsparce|atk|1\n|-heal|p1a: Brambleghast|240/240\n|move|p2a: Dunsparce|Earthquake|p1a: Brambleghast\n|-resisted|p1a: Brambleghast\n|-damage|p1a: Brambleghast|135/240\n|\n|upkeep\n|turn|58\n|\n|t:|1781441966\n|move|p1a: Brambleghast|Rapid Spin|p2a: Dunsparce\n|-damage|p2a: Dunsparce|237/312\n|move|p2a: Dunsparce|Coil|p2a: Dunsparce\n|-boost|p2a: Dunsparce|atk|1\n|-boost|p2a: Dunsparce|def|0\n|-boost|p2a: Dunsparce|accuracy|0\n|\n|upkeep\n|turn|59\n|\n|t:|1781441970\n|move|p1a: Brambleghast|Rapid Spin|p2a: Dunsparce\n|-damage|p2a: Dunsparce|224/312\n|move|p2a: Dunsparce|Earthquake|p1a: Brambleghast\n|-resisted|p1a: Brambleghast\n|-damage|p1a: Brambleghast|0 fnt\n|faint|p1a: Brambleghast\n|\n|upkeep\n|\n|t:|1781441977\n|switch|p1a: Terrakion|Terrakion, L79|212/273\n|turn|60\n|\n|t:|1781441981\n|move|p1a: Terrakion|Close Combat|p2a: Dunsparce\n|-supereffective|p2a: Dunsparce\n|-damage|p2a: Dunsparce|134/312\n|-unboost|p1a: Terrakion|def|1\n|-unboost|p1a: Terrakion|spd|1\n|move|p2a: Dunsparce|Body Slam|p1a: Terrakion\n|-resisted|p1a: Terrakion\n|-damage|p1a: Terrakion|0 fnt\n|faint|p1a: Terrakion\n|\n|upkeep\n|\n|t:|1781441984\n|switch|p1a: Latias|Latias, L79, F|116/256 brn\n|turn|61\n|\n|t:|1781441987\n|move|p1a: Latias|Draco Meteor|p2a: Dunsparce\n|-damage|p2a: Dunsparce|0 fnt\n|-unboost|p1a: Latias|spa|2\n|faint|p2a: Dunsparce\n|\n|-damage|p1a: Latias|100/256 brn|[from] brn\n|upkeep\n|\n|t:|1781441993\n|switch|p2a: Ogerpon|Ogerpon, L80, F|259/259\n|turn|62\n|\n|t:|1781441997\n|move|p2a: Ogerpon|U-turn|p1a: Latias\n|-supereffective|p1a: Latias\n|-damage|p1a: Latias|0 fnt\n|faint|p1a: Latias\n|\n|t:|1781442000\n|switch|p2a: Tsareena|Tsareena, L87, F|137/267|[from] U-turn\n|\n|upkeep\n|\n|t:|1781442002\n|switch|p1a: Dodrio|Dodrio, L85, M|76/241\n|turn|63\n|\n|t:|1781442007\n|move|p1a: Dodrio|Brave Bird|p2a: Tsareena\n|-supereffective|p2a: Tsareena\n|-damage|p2a: Tsareena|0 fnt\n|faint|p2a: Tsareena\n|-damage|p1a: Dodrio|31/241|[from] Recoil\n|\n|upkeep\n|\n|t:|1781442011\n|switch|p2a: Ogerpon|Ogerpon, L80, F|259/259\n|turn|64\n|\n|t:|1781442013\n|-terastallize|p2a: Ogerpon|Grass\n|detailschange|p2a: Ogerpon|Ogerpon-Teal-Tera, L80, F, tera:Grass\n|-ability|p2a: Ogerpon|Embody Aspect (Teal)|boost\n|-boost|p2a: Ogerpon|spe|1\n|move|p2a: Ogerpon|Ivy Cudgel|p1a: Dodrio\n|-resisted|p1a: Dodrio\n|-damage|p1a: Dodrio|0 fnt\n|faint|p1a: Dodrio\n|\n|upkeep\n|\n|t:|1781442015\n|switch|p1a: Deoxys|Deoxys-Defense, L84|221/221\n|-ability|p1a: Deoxys|Pressure\n|turn|65\n|\n|t:|1781442023\n|-terastallize|p1a: Deoxys|Steel\n|move|p2a: Ogerpon|Ivy Cudgel|p1a: Deoxys\n|-resisted|p1a: Deoxys\n|-damage|p1a: Deoxys|170/221\n|move|p1a: Deoxys|Cosmic Power|p1a: Deoxys\n|-boost|p1a: Deoxys|def|1\n|-boost|p1a: Deoxys|spd|1\n|\n|-heal|p1a: Deoxys|183/221|[from] item: Leftovers\n|upkeep\n|turn|66\n|\n|t:|1781442027\n|move|p2a: Ogerpon|Superpower|p1a: Deoxys\n|-supereffective|p1a: Deoxys\n|-damage|p1a: Deoxys|99/221\n|-unboost|p2a: Ogerpon|atk|1\n|-unboost|p2a: Ogerpon|def|1\n|move|p1a: Deoxys|Cosmic Power|p1a: Deoxys\n|-boost|p1a: Deoxys|def|1\n|-boost|p1a: Deoxys|spd|1\n|\n|-heal|p1a: Deoxys|112/221|[from] item: Leftovers\n|upkeep\n|turn|67\n|-message|masbahlilganteng forfeited.\n|\n|win|jsjsiis\n", "inputlog": ">version a8376a258c1d4662feba110a92103f3664a72141\n>start {\"formatid\":\"gen9randombattle\",\"seed\":\"sodium,6cc7be556d49f5b5dbcaa7e6867c933a\",\"rated\":\"Rated battle\"}\n>player p1 {\"name\":\"jsjsiis\",\"avatar\":\"1\",\"rating\":1978,\"seed\":\"sodium,5bf2ac55df579d0a4492e9b3af6eb3dd\"}\n>player p2 {\"name\":\"masbahlilganteng\",\"avatar\":\"hoopster\",\"rating\":2001,\"seed\":\"sodium,63e4ca9c2510aa32fb8a5913d12c4d83\"}\n>p1 move poltergeist\n>p2 move uturn\n>p2 switch 5\n>p1 switch 2\n>p2 move stealthrock\n>p1 move dracometeor\n>p2 switch 2\n>p1 switch 6\n>p2 move roost\n>p1 move toxic\n>p2 move bodyslam\n>p1 move toxic\n>p2 switch 2\n>p1 switch 6\n>p2 move solarbeam\n>p1 move calmmind\n>p2 move lavaplume\n>p1 move recover\n>p2 switch 3\n>p1 move dracometeor\n>p2 move uturn\n>p2 switch 3\n>p2 switch 4\n>p1 switch 5\n>p2 move knockoff\n>p1 move stoneedge\n>p2 switch 6\n>p1 move closecombat\n>p2 move drainpunch\n>p2 switch 3\n>p1 switch 6\n>p2 move ivycudgel\n>p1 switch 2\n>p1 move rapidspin\n>p2 move uturn\n>p2 switch 6\n>p1 move strengthsap\n>p2 move bravebird\n>p1 move strengthsap\n>p2 move bravebird\n>p1 move powerwhip\n>p2 move swordsdance\n>p2 switch 2\n>p1 move strengthsap\n>p2 move coil\n>p1 switch 3\n>p2 move coil\n>p1 move knockoff\n>p2 move bodyslam\n>p1 move bravebird\n>p2 move coil\n>p1 switch 3\n>p2 move coil\n>p1 move powerwhip\n>p2 move roost\n>p1 move strengthsap\n>p2 move coil\n>p1 move powerwhip\n>p2 move coil\n>p1 move powerwhip\n>p2 move earthquake\n>p1 move strengthsap\n>p2 move coil\n>p1 move powerwhip\n>p2 move roost\n>p1 move powerwhip\n>p2 move coil\n>p1 move powerwhip\n>p2 move earthquake\n>p1 move strengthsap\n>p2 move coil\n>p1 move powerwhip\n>p2 move earthquake\n>p1 move powerwhip\n>p2 move roost\n>p1 move strengthsap\n>p2 move earthquake\n>p1 move strengthsap\n>p2 move coil\n>p1 move rapidspin\n>p2 move coil\n>p1 move rapidspin\n>p2 move earthquake\n>p1 move strengthsap\n>p2 move coil\n>p1 move powerwhip\n>p2 move earthquake\n>p1 move powerwhip\n>p2 move coil\n>p1 move strengthsap\n>p2 move earthquake\n>p1 move strengthsap\n>p2 move bodyslam\n>p1 move powerwhip\n>p2 move coil\n>p1 move powerwhip\n>p2 move roost\n>p1 move powerwhip\n>p2 move earthquake\n>p1 move strengthsap\n>p2 move earthquake\n>p1 move strengthsap\n>p2 move coil\n>p1 move powerwhip\n>p2 move coil\n>p1 move powerwhip\n>p2 move roost\n>p1 move rapidspin\n>p2 move earthquake\n>p1 move strengthsap\n>p2 move coil\n>p1 move rapidspin\n>p2 move earthquake\n>p1 move strengthsap\n>p2 move coil\n>p1 move rapidspin\n>p2 move earthquake\n>p1 move rapidspin\n>p2 move coil\n>p1 move strengthsap\n>p2 move earthquake\n>p1 move rapidspin\n>p2 move coil\n>p1 move rapidspin\n>p2 move earthquake\n>p1 switch 6\n>p1 move closecombat\n>p2 move bodyslam\n>p1 switch 5\n>p1 move dracometeor\n>p2 move roost\n>p2 switch 6\n>p1 move dracometeor\n>p2 move uturn\n>p2 switch 5\n>p1 switch 3\n>p1 move bravebird\n>p2 move rapidspin\n>p2 switch 5\n>p1 move bravebird\n>p2 move ivycudgel terastallize\n>p1 switch 4\n>p1 move cosmicpower terastallize\n>p2 move ivycudgel\n>p1 move cosmicpower\n>p2 move superpower\n>forcelose p2", "uploadtime": 1781441464, "views": 7, "formatid": "gen9randombattle", "rating": null, "private": 0, "password": null, "player_dets": [{"name": "jsjsiis", "avatar": "1", "rating": 1978, "seed": "sodium,5bf2ac55df579d0a4492e9b3af6eb3dd"}, {"name": "masbahlilganteng", "avatar": "hoopster", "rating": 2001, "seed": "sodium,63e4ca9c2510aa32fb8a5913d12c4d83"}], "teams_full": [{"Brambleghast": {"name": "Brambleghast", "species": "Brambleghast", "speciesId": "brambleghast", "gender": "M", "shiny": false, "level": 88, "moves": ["poltergeist", "strengthsap", "rapidspin", "powerwhip"], "ability": "Wind Rider", "evs": {"hp": 85, "atk": 85, "def": 85, "spa": 85, "spd": 85, "spe": 85}, "ivs": {"hp": 31, "atk": 31, "def": 31, "spa": 31, "spd": 31, "spe": 31}, "item": "Heavy-Duty Boots", "teraType": "Fairy", "role": "Fast Support", "bvs": {"hp": 55, "atk": 115, "def": 70, "spa": 80, "spd": 70, "spe": 90}, "stats": {"hp": 240, "atk": 253, "def": 173, "spa": 191, "spd": 173, "spe": 209}, "types": ["Grass", "Ghost"]}, "Latias": {"name": "Latias", "species": "Latias", "speciesId": "latias", "gender": "F", "shiny": false, "level": 79, "moves": ["psyshock", "dracometeor", "recover", "calmmind"], "ability": "Levitate", "evs": {"hp": 85, "atk": 0, "def": 85, "spa": 85, "spd": 85, "spe": 85}, "ivs": {"hp": 31, "atk": 0, "def": 31, "spa": 31, "spd": 31, "spe": 31}, "item": "Soul Dew", "teraType": "Steel", "role": "Fast Bulky Setup", "bvs": {"hp": 80, "atk": 80, "def": 90, "spa": 110, "spd": 130, "spe": 110}, "stats": {"hp": 256, "atk": 131, "def": 188, "spa": 219, "spd": 251, "spe": 219}, "types": ["Dragon", "Psychic"]}, "Dodrio": {"name": "Dodrio", "species": "Dodrio", "speciesId": "dodrio", "gender": "M", "shiny": false, "level": 85, "moves": ["doubleedge", "knockoff", "swordsdance", "bravebird"], "ability": "Early Bird", "evs": {"hp": 85, "atk": 85, "def": 85, "spa": 85, "spd": 85, "spe": 85}, "ivs": {"hp": 31, "atk": 31, "def": 31, "spa": 31, "spd": 31, "spe": 31}, "item": "Heavy-Duty Boots", "teraType": "Flying", "role": "Setup Sweeper", "bvs": {"hp": 60, "atk": 110, "def": 70, "spa": 60, "spd": 60, "spe": 110}, "stats": {"hp": 241, "atk": 236, "def": 168, "spa": 151, "spd": 151, "spe": 236}, "types": ["Normal", "Flying"]}, "Deoxys": {"name": "Deoxys", "species": "Deoxys-Defense", "speciesId": "deoxysdefense", "gender": "N", "shiny": false, "level": 84, "moves": ["cosmicpower", "recover", "nightshade", "storedpower"], "ability": "Pressure", "evs": {"hp": 85, "atk": 0, "def": 85, "spa": 85, "spd": 85, "spe": 85}, "ivs": {"hp": 31, "atk": 0, "def": 31, "spa": 31, "spd": 31, "spe": 31}, "item": "Leftovers", "teraType": "Steel", "role": "Bulky Setup", "bvs": {"hp": 50, "atk": 70, "def": 160, "spa": 70, "spd": 160, "spe": 90}, "stats": {"hp": 221, "atk": 122, "def": 317, "spa": 166, "spd": 317, "spe": 199}, "types": ["Psychic"]}, "Terrakion": {"name": "Terrakion", "species": "Terrakion", "speciesId": "terrakion", "gender": "N", "shiny": false, "level": 79, "moves": ["earthquake", "closecombat", "stoneedge", "quickattack"], "ability": "Justified", "evs": {"hp": 85, "atk": 85, "def": 85, "spa": 85, "spd": 85, "spe": 85}, "ivs": {"hp": 31, "atk": 31, "def": 31, "spa": 31, "spd": 31, "spe": 31}, "item": "Choice Band", "teraType": "Ground", "role": "Wallbreaker", "bvs": {"hp": 91, "atk": 129, "def": 90, "spa": 72, "spd": 90, "spe": 108}, "stats": {"hp": 273, "atk": 249, "def": 188, "spa": 159, "spd": 188, "spe": 216}, "types": ["Rock", "Fighting"]}, "Quagsire": {"name": "Quagsire", "species": "Quagsire", "speciesId": "quagsire", "gender": "M", "shiny": false, "level": 84, "moves": ["earthquake", "spikes", "toxic", "recover"], "ability": "Unaware", "evs": {"hp": 85, "atk": 85, "def": 85, "spa": 85, "spd": 85, "spe": 85}, "ivs": {"hp": 31, "atk": 31, "def": 31, "spa": 31, "spd": 31, "spe": 31}, "item": "Leftovers", "teraType": "Poison", "role": "Bulky Support", "bvs": {"hp": 95, "atk": 85, "def": 85, "spa": 65, "spd": 65, "spe": 35}, "stats": {"hp": 297, "atk": 191, "def": 191, "spa": 157, "spd": 157, "spe": 107}, "types": ["Water", "Ground"]}}, {"Tsareena": {"name": "Tsareena", "species": "Tsareena", "speciesId": "tsareena", "gender": "F", "shiny": false, "level": 87, "moves": ["rapidspin", "uturn", "highjumpkick", "powerwhip"], "ability": "Queenly Majesty", "evs": {"hp": 85, "atk": 85, "def": 85, "spa": 85, "spd": 85, "spe": 85}, "ivs": {"hp": 31, "atk": 31, "def": 31, "spa": 31, "spd": 31, "spe": 31}, "item": "Assault Vest", "teraType": "Fighting", "role": "Fast Support", "bvs": {"hp": 72, "atk": 120, "def": 98, "spa": 50, "spd": 98, "spe": 72}, "stats": {"hp": 267, "atk": 259, "def": 220, "spa": 137, "spd": 220, "spe": 175}, "types": ["Grass"]}, "Dunsparce": {"name": "Dunsparce", "species": "Dunsparce", "speciesId": "dunsparce", "gender": "M", "shiny": false, "level": 86, "moves": ["roost", "bodyslam", "coil", "earthquake"], "ability": "Serene Grace", "evs": {"hp": 85, "atk": 85, "def": 85, "spa": 85, "spd": 85, "spe": 85}, "ivs": {"hp": 31, "atk": 31, "def": 31, "spa": 31, "spd": 31, "spe": 31}, "item": "Eviolite", "teraType": "Ground", "role": "Bulky Setup", "bvs": {"hp": 100, "atk": 70, "def": 70, "spa": 65, "spd": 65, "spe": 45}, "stats": {"hp": 312, "atk": 170, "def": 170, "spa": 161, "spd": 161, "spe": 127}, "types": ["Normal"]}, "Ogerpon": {"name": "Ogerpon", "species": "Ogerpon", "speciesId": "ogerpon", "gender": "F", "shiny": false, "level": 80, "moves": ["ivycudgel", "superpower", "uturn", "synthesis"], "ability": "Defiant", "evs": {"hp": 85, "atk": 85, "def": 85, "spa": 85, "spd": 85, "spe": 85}, "ivs": {"hp": 31, "atk": 31, "def": 31, "spa": 31, "spd": 31, "spe": 31}, "item": "Heavy-Duty Boots", "teraType": "Grass", "role": "Fast Support", "bvs": {"hp": 80, "atk": 120, "def": 84, "spa": 60, "spd": 96, "spe": 110}, "stats": {"hp": 259, "atk": 238, "def": 181, "spa": 142, "spd": 200, "spe": 222}, "types": ["Grass"]}, "Dodrio": {"name": "Dodrio", "species": "Dodrio", "speciesId": "dodrio", "gender": "M", "shiny": false, "level": 85, "moves": ["bravebird", "knockoff", "doubleedge", "swordsdance"], "ability": "Early Bird", "evs": {"hp": 85, "atk": 85, "def": 85, "spa": 85, "spd": 85, "spe": 85}, "ivs": {"hp": 31, "atk": 31, "def": 31, "spa": 31, "spd": 31, "spe": 31}, "item": "Heavy-Duty Boots", "teraType": "Normal", "role": "Setup Sweeper", "bvs": {"hp": 60, "atk": 110, "def": 70, "spa": 60, "spd": 60, "spe": 110}, "stats": {"hp": 241, "atk": 236, "def": 168, "spa": 151, "spd": 151, "spe": 236}, "types": ["Normal", "Flying"]}, "Torkoal": {"name": "Torkoal", "species": "Torkoal", "speciesId": "torkoal", "gender": "F", "shiny": false, "level": 88, "moves": ["stealthrock", "solarbeam", "lavaplume", "earthquake"], "ability": "Drought", "evs": {"hp": 85, "atk": 85, "def": 85, "spa": 85, "spd": 85, "spe": 85}, "ivs": {"hp": 31, "atk": 31, "def": 31, "spa": 31, "spd": 31, "spe": 31}, "item": "Heavy-Duty Boots", "teraType": "Grass", "role": "Wallbreaker", "bvs": {"hp": 70, "atk": 85, "def": 140, "spa": 85, "spd": 70, "spe": 20}, "stats": {"hp": 266, "atk": 200, "def": 297, "spa": 200, "spd": 173, "spe": 85}, "types": ["Fire"]}, "Hitmonchan": {"name": "Hitmonchan", "species": "Hitmonchan", "speciesId": "hitmonchan", "gender": "M", "shiny": false, "level": 87, "moves": ["poisonjab", "drainpunch", "knockoff", "taunt"], "ability": "Iron Fist", "evs": {"hp": 85, "atk": 85, "def": 85, "spa": 85, "spd": 85, "spe": 85}, "ivs": {"hp": 31, "atk": 31, "def": 31, "spa": 31, "spd": 31, "spe": 31}, "item": "Leftovers", "teraType": "Steel", "role": "Bulky Support", "bvs": {"hp": 50, "atk": 105, "def": 79, "spa": 35, "spd": 110, "spe": 76}, "stats": {"hp": 229, "atk": 232, "def": 187, "spa": 111, "spd": 241, "spe": 182}, "types": ["Fighting"]}}]}