{"id": "gen9randombattle-2631923431", "format": "[Gen 9] Random Battle", "players": ["buddyops", "BlueCatWhiteHat"], "log": "|j|\u2606buddyops\n|j|\u2606BlueCatWhiteHat\n|t:|1781456072\n|gametype|singles\n|player|p1|buddyops|plasmagrunt|1660\n|player|p2|BlueCatWhiteHat|steven|1714\n|gen|9\n|tier|[Gen 9] Random Battle\n|rated|\n|rule|Species Clause: Limit one of each Pok\u00e9mon\n|rule|HP Percentage Mod: HP is shown in percentages\n|rule|Sleep Clause Mod: Limit one foe put to sleep\n|rule|Illusion Level Mod: Illusion disguises the Pok\u00e9mon's true level\n|\n|t:|1781456072\n|teamsize|p1|6\n|teamsize|p2|6\n|start\n|switch|p1a: Clawitzer|Clawitzer, L87, M|265/265\n|switch|p2a: Swalot|Swalot, L90, M|326/326\n|turn|1\n|inactive|Battle timer is ON: inactive players will automatically lose when time's up. (requested by BlueCatWhiteHat)\n|\n|t:|1781456083\n|move|p1a: Clawitzer|Water Pulse|p2a: Swalot\n|-damage|p2a: Swalot|214/326\n|move|p2a: Swalot|Gunk Shot|p1a: Clawitzer\n|-damage|p1a: Clawitzer|144/265\n|\n|-heal|p2a: Swalot|234/326|[from] item: Leftovers\n|upkeep\n|turn|2\n|\n|t:|1781456095\n|move|p1a: Clawitzer|Water Pulse|p2a: Swalot\n|-damage|p2a: Swalot|126/326\n|move|p2a: Swalot|Gunk Shot|p1a: Clawitzer\n|-damage|p1a: Clawitzer|33/265\n|\n|-heal|p2a: Swalot|146/326|[from] item: Leftovers\n|upkeep\n|turn|3\n|\n|t:|1781456102\n|move|p1a: Clawitzer|Water Pulse|p2a: Swalot\n|-damage|p2a: Swalot|20/326\n|move|p2a: Swalot|Knock Off|p1a: Clawitzer\n|-damage|p1a: Clawitzer|0 fnt\n|-enditem|p1a: Clawitzer|Assault Vest|[from] move: Knock Off|[of] p2a: Swalot\n|faint|p1a: Clawitzer\n|\n|-heal|p2a: Swalot|40/326|[from] item: Leftovers\n|upkeep\n|\n|t:|1781456111\n|switch|p1a: Overqwil|Overqwil, L82, F|274/274\n|-ability|p1a: Overqwil|Intimidate|boost\n|-unboost|p2a: Swalot|atk|1\n|turn|4\n|\n|t:|1781456122\n|move|p1a: Overqwil|Crunch|p2a: Swalot\n|-damage|p2a: Swalot|0 fnt\n|faint|p2a: Swalot\n|\n|upkeep\n|\n|t:|1781456126\n|switch|p2a: Ampharos|Ampharos, L88, M|302/302\n|turn|5\n|\n|t:|1781456132\n|switch|p1a: Hippowdon|Hippowdon, L82, F|311/311\n|-weather|Sandstorm|[from] ability: Sand Stream|[of] p1a: Hippowdon\n|move|p2a: Ampharos|Thunderbolt|p1a: Hippowdon\n|-immune|p1a: Hippowdon\n|\n|-weather|Sandstorm|[upkeep]\n|-damage|p2a: Ampharos|284/302|[from] Sandstorm\n|upkeep\n|turn|6\n|\n|t:|1781456149\n|switch|p2a: Meowscarada|Meowscarada, L78, M|247/247\n|move|p1a: Hippowdon|Earthquake|p2a: Meowscarada\n|-resisted|p2a: Meowscarada\n|-damage|p2a: Meowscarada|172/247\n|\n|-weather|Sandstorm|[upkeep]\n|-damage|p2a: Meowscarada|157/247|[from] Sandstorm\n|upkeep\n|turn|7\n|\n|t:|1781456157\n|switch|p1a: Qwilfish|Qwilfish, L86, M|252/252\n|-ability|p1a: Qwilfish|Intimidate|boost\n|-unboost|p2a: Meowscarada|atk|1\n|move|p2a: Meowscarada|Flower Trick|p1a: Qwilfish\n|-start|p2a: Meowscarada|typechange|Grass|[from] ability: Protean\n|-crit|p1a: Qwilfish\n|-damage|p1a: Qwilfish|78/252\n|\n|-weather|Sandstorm|[upkeep]\n|-damage|p2a: Meowscarada|142/247|[from] Sandstorm\n|-damage|p1a: Qwilfish|63/252|[from] Sandstorm\n|upkeep\n|turn|8\n|\n|t:|1781456167\n|switch|p1a: Overqwil|Overqwil, L82, F|274/274\n|-ability|p1a: Overqwil|Intimidate|boost\n|-unboost|p2a: Meowscarada|atk|1\n|move|p2a: Meowscarada|Flower Trick|p1a: Overqwil\n|-resisted|p1a: Overqwil\n|-crit|p1a: Overqwil\n|-damage|p1a: Overqwil|192/274\n|\n|-weather|Sandstorm|[upkeep]\n|-damage|p2a: Meowscarada|127/247|[from] Sandstorm\n|-damage|p1a: Overqwil|175/274|[from] Sandstorm\n|upkeep\n|turn|9\n|\n|t:|1781456186\n|switch|p2a: Ampharos|Ampharos, L88, M|284/302\n|move|p1a: Overqwil|Scale Shot|p2a: Ampharos\n|-damage|p2a: Ampharos|263/302\n|-damage|p2a: Ampharos|245/302\n|-damage|p2a: Ampharos|225/302\n|-damage|p2a: Ampharos|207/302\n|-damage|p2a: Ampharos|187/302\n|-hitcount|p2a: Ampharos|5\n|-unboost|p1a: Overqwil|def|1\n|-boost|p1a: Overqwil|spe|1\n|\n|-weather|none\n|upkeep\n|turn|10\n|\n|t:|1781456198\n|switch|p1a: Qwilfish|Qwilfish, L86, M|63/252\n|-ability|p1a: Qwilfish|Intimidate|boost\n|-unboost|p2a: Ampharos|atk|1\n|move|p2a: Ampharos|Dragon Tail|p1a: Qwilfish\n|-damage|p1a: Qwilfish|39/252\n|drag|p1a: Malamar|Malamar, L82, F|275/275\n|\n|upkeep\n|turn|11\n|\n|t:|1781456204\n|move|p1a: Malamar|Superpower|p2a: Ampharos\n|-damage|p2a: Ampharos|111/302\n|-boost|p1a: Malamar|atk|1\n|-boost|p1a: Malamar|def|1\n|move|p2a: Ampharos|Dazzling Gleam|p1a: Malamar\n|-supereffective|p1a: Malamar\n|-damage|p1a: Malamar|105/275\n|\n|-heal|p1a: Malamar|122/275|[from] item: Leftovers\n|upkeep\n|turn|12\n|\n|t:|1781456212\n|move|p1a: Malamar|Superpower|p2a: Ampharos\n|-crit|p2a: Ampharos\n|-damage|p2a: Ampharos|0 fnt\n|-boost|p1a: Malamar|atk|1\n|-boost|p1a: Malamar|def|1\n|-status|p1a: Malamar|par|[from] ability: Static|[of] p2a: Ampharos\n|faint|p2a: Ampharos\n|\n|-heal|p1a: Malamar|139/275 par|[from] item: Leftovers\n|upkeep\n|\n|t:|1781456217\n|switch|p2a: Ribombee|Ribombee, L83, M|235/235\n|turn|13\n|\n|t:|1781456224\n|move|p2a: Ribombee|Moonblast|p1a: Malamar\n|-supereffective|p1a: Malamar\n|-damage|p1a: Malamar|0 fnt\n|faint|p1a: Malamar\n|\n|upkeep\n|\n|t:|1781456231\n|switch|p1a: Hippowdon|Hippowdon, L82, F|311/311\n|-weather|Sandstorm|[from] ability: Sand Stream|[of] p1a: Hippowdon\n|turn|14\n|\n|t:|1781456254\n|switch|p2a: Vespiquen|Vespiquen, L99, F|299/299\n|-ability|p2a: Vespiquen|Pressure\n|move|p1a: Hippowdon|Curse|p1a: Hippowdon\n|-unboost|p1a: Hippowdon|spe|1\n|-boost|p1a: Hippowdon|atk|1\n|-boost|p1a: Hippowdon|def|1\n|\n|-weather|Sandstorm|[upkeep]\n|-damage|p2a: Vespiquen|281/299|[from] Sandstorm\n|upkeep\n|turn|15\n|\n|t:|1781456260\n|move|p2a: Vespiquen|Hurricane|p1a: Hippowdon\n|-damage|p1a: Hippowdon|157/311\n|move|p1a: Hippowdon|Curse|p1a: Hippowdon\n|-unboost|p1a: Hippowdon|spe|1\n|-boost|p1a: Hippowdon|atk|1\n|-boost|p1a: Hippowdon|def|1\n|\n|-weather|Sandstorm|[upkeep]\n|-damage|p2a: Vespiquen|263/299|[from] Sandstorm\n|-heal|p1a: Hippowdon|176/311|[from] item: Leftovers\n|upkeep\n|turn|16\n|\n|t:|1781456266\n|move|p2a: Vespiquen|Hurricane|p1a: Hippowdon\n|-damage|p1a: Hippowdon|0 fnt\n|faint|p1a: Hippowdon\n|\n|-weather|Sandstorm|[upkeep]\n|-damage|p2a: Vespiquen|245/299|[from] Sandstorm\n|upkeep\n|-message|buddyops forfeited.\n|\n|win|BlueCatWhiteHat\n|raw|buddyops's rating: 1678 &rarr; <strong>1660</strong><br />(-18 for losing)\n|raw|BlueCatWhiteHat's rating: 1714 &rarr; <strong>1732</strong><br />(+18 for winning)\n|l|\u2606buddyops\n|player|p1|\n", "uploadtime": 1781456277, "views": 2, "formatid": "gen9randombattle", "rating": 1660, "private": 0, "password": null}