{"id": "gen9randombattle-2631522725", "format": "[Gen 9] Random Battle", "players": ["Tatongamon00", "Versily"], "log": "|j|\u2606Tatongamon00\n|j|\u2606Versily\n|t:|1781396190\n|gametype|singles\n|player|p1|Tatongamon00|265|1465\n|player|p2|Versily|palmer|1480\n|gen|9\n|tier|[Gen 9] Random Battle\n|rated|\n|rule|Species Clause: Limit one of each Pok\u00e9mon\n|rule|HP Percentage Mod: HP is shown in percentages\n|rule|Sleep Clause Mod: Limit one foe put to sleep\n|rule|Illusion Level Mod: Illusion disguises the Pok\u00e9mon's true level\n|\n|t:|1781396190\n|teamsize|p1|6\n|teamsize|p2|6\n|start\n|switch|p1a: Reuniclus|Reuniclus, L88, M|235/235\n|switch|p2a: Hariyama|Hariyama, L87, F|392/392\n|turn|1\n|\n|t:|1781396204\n|move|p1a: Reuniclus|Psychic|p2a: Hariyama\n|-supereffective|p2a: Hariyama\n|-damage|p2a: Hariyama|158/392\n|-damage|p1a: Reuniclus|212/235|[from] item: Life Orb\n|move|p2a: Hariyama|Knock Off|p1a: Reuniclus\n|-resisted|p1a: Reuniclus\n|-damage|p1a: Reuniclus|150/235\n|replace|p1a: Zoroark|Zoroark, L83, F\n|-end|p1a: Zoroark|Illusion\n|-hint|Illusion Level Mod is active, so this Pok\u00e9mon's true level was hidden.\n|-enditem|p1a: Zoroark|Life Orb|[from] move: Knock Off|[of] p2a: Hariyama\n|\n|-status|p2a: Hariyama|brn|[from] item: Flame Orb\n|upkeep\n|turn|2\n|\n|t:|1781396219\n|move|p1a: Zoroark|Psychic|p2a: Hariyama\n|-supereffective|p2a: Hariyama\n|-damage|p2a: Hariyama|0 fnt\n|faint|p2a: Hariyama\n|\n|upkeep\n|\n|t:|1781396244\n|switch|p2a: Manaphy|Manaphy, L78|284/284\n|turn|3\n|\n|t:|1781396265\n|switch|p1a: Toxapex|Toxapex, L82, M|216/216\n|move|p2a: Manaphy|Tail Glow|p2a: Manaphy\n|-boost|p2a: Manaphy|spa|3\n|\n|upkeep\n|turn|4\n|\n|t:|1781396275\n|move|p2a: Manaphy|Energy Ball|p1a: Toxapex\n|-damage|p1a: Toxapex|110/216\n|-unboost|p1a: Toxapex|spd|1\n|move|p1a: Toxapex|Haze|p1a: Toxapex\n|-clearallboost\n|\n|-heal|p1a: Toxapex|123/216|[from] item: Leftovers\n|upkeep\n|turn|5\n|\n|t:|1781396286\n|move|p2a: Manaphy|Energy Ball|p1a: Toxapex\n|-damage|p1a: Toxapex|82/216\n|move|p1a: Toxapex|Recover|p1a: Toxapex\n|-heal|p1a: Toxapex|190/216\n|\n|-heal|p1a: Toxapex|203/216|[from] item: Leftovers\n|upkeep\n|turn|6\n|\n|t:|1781396311\n|switch|p2a: Vileplume|Vileplume, L85, M|266/266\n|move|p1a: Toxapex|Toxic|p2a: Vileplume\n|-immune|p2a: Vileplume\n|\n|-heal|p1a: Toxapex|216/216|[from] item: Leftovers\n|upkeep\n|turn|7\n|\n|t:|1781396338\n|switch|p1a: Ogerpon|Ogerpon-Cornerstone, L76, F|247/247\n|move|p2a: Vileplume|Leech Seed|p1a: Ogerpon\n|-immune|p1a: Ogerpon\n|\n|upkeep\n|turn|8\n|\n|t:|1781396355\n|move|p1a: Ogerpon|Ivy Cudgel|p2a: Vileplume|[anim] Ivy Cudgel Rock\n|-damage|p2a: Vileplume|130/266\n|move|p2a: Vileplume|Strength Sap|p1a: Ogerpon\n|-unboost|p1a: Ogerpon|atk|1\n|-heal|p2a: Vileplume|266/266\n|\n|upkeep\n|turn|9\n|\n|t:|1781396369\n|switch|p1a: Magcargo|Magcargo, L95, F|268/268\n|move|p2a: Vileplume|Sludge Bomb|p1a: Magcargo\n|-resisted|p1a: Magcargo\n|-damage|p1a: Magcargo|217/268\n|-status|p1a: Magcargo|psn\n|\n|-damage|p1a: Magcargo|184/268 psn|[from] psn\n|upkeep\n|turn|10\n|\n|t:|1781396382\n|move|p2a: Vileplume|Leech Seed|p1a: Magcargo\n|-start|p1a: Magcargo|move: Leech Seed\n|move|p1a: Magcargo|Lava Plume|p2a: Vileplume\n|-supereffective|p2a: Vileplume\n|-damage|p2a: Vileplume|56/266\n|\n|-heal|p2a: Vileplume|72/266|[from] item: Leftovers\n|-damage|p1a: Magcargo|151/268 psn|[from] Leech Seed|[of] p2a: Vileplume\n|-heal|p2a: Vileplume|105/266|[silent]\n|-damage|p1a: Magcargo|118/268 psn|[from] psn\n|upkeep\n|turn|11\n|\n|t:|1781396399\n|move|p2a: Vileplume|Strength Sap|p1a: Magcargo\n|-unboost|p1a: Magcargo|atk|1\n|-heal|p2a: Vileplume|205/266\n|move|p1a: Magcargo|Recover|p1a: Magcargo\n|-heal|p1a: Magcargo|252/268 psn\n|\n|-heal|p2a: Vileplume|221/266|[from] item: Leftovers\n|-damage|p1a: Magcargo|219/268 psn|[from] Leech Seed|[of] p2a: Vileplume\n|-heal|p2a: Vileplume|254/266|[silent]\n|-damage|p1a: Magcargo|186/268 psn|[from] psn\n|upkeep\n|turn|12\n|\n|t:|1781396425\n|switch|p2a: Palkia|Palkia, L75|259/259\n|-ability|p2a: Palkia|Pressure\n|move|p1a: Magcargo|Lava Plume|p2a: Palkia\n|-resisted|p2a: Palkia\n|-damage|p2a: Palkia|236/259\n|\n|-damage|p1a: Magcargo|153/268 psn|[from] Leech Seed|[of] p2a: Palkia\n|-heal|p2a: Palkia|259/259|[silent]\n|-damage|p1a: Magcargo|120/268 psn|[from] psn\n|upkeep\n|turn|13\n|\n|t:|1781396457\n|switch|p1a: Phione|Phione, L91|293/293\n|move|p2a: Palkia|Spacial Rend|p1a: Phione\n|-damage|p1a: Phione|155/293\n|\n|-heal|p1a: Phione|173/293|[from] item: Leftovers\n|upkeep\n|turn|14\n|\n|t:|1781396475\n|move|p1a: Phione|Ice Beam|p2a: Palkia\n|-damage|p2a: Palkia|203/259\n|move|p2a: Palkia|Spacial Rend|p1a: Phione|[miss]\n|-miss|p2a: Palkia|p1a: Phione\n|\n|-heal|p1a: Phione|191/293|[from] item: Leftovers\n|upkeep\n|turn|15\n|\n|t:|1781396483\n|move|p1a: Phione|Ice Beam|p2a: Palkia\n|-damage|p2a: Palkia|142/259\n|move|p2a: Palkia|Spacial Rend|p1a: Phione\n|-damage|p1a: Phione|53/293\n|\n|-heal|p1a: Phione|71/293|[from] item: Leftovers\n|upkeep\n|turn|16\n|\n|t:|1781396491\n|move|p1a: Phione|Ice Beam|p2a: Palkia\n|-damage|p2a: Palkia|89/259\n|move|p2a: Palkia|Spacial Rend|p1a: Phione\n|-damage|p1a: Phione|0 fnt\n|faint|p1a: Phione\n|\n|upkeep\n|\n|t:|1781396502\n|switch|p1a: Reuniclus|Reuniclus, L88, M|150/235\n|turn|17\n|\n|t:|1781396515\n|move|p1a: Reuniclus|Psychic|p2a: Palkia\n|-damage|p2a: Palkia|19/259\n|move|p2a: Palkia|Thunder Wave|p1a: Reuniclus\n|-status|p1a: Reuniclus|par\n|\n|upkeep\n|turn|18\n|\n|t:|1781396524\n|move|p2a: Palkia|Hydro Pump|p1a: Reuniclus\n|-damage|p1a: Reuniclus|0 fnt\n|replace|p1a: Zoroark|Zoroark, L83, F\n|-end|p1a: Zoroark|Illusion\n|faint|p1a: Zoroark\n|\n|upkeep\n|\n|t:|1781396530\n|switch|p1a: Reuniclus|Reuniclus, L88, M|337/337\n|turn|19\n|\n|t:|1781396536\n|move|p2a: Palkia|Thunder Wave|p1a: Reuniclus\n|-status|p1a: Reuniclus|par\n|move|p1a: Reuniclus|Calm Mind|p1a: Reuniclus\n|-boost|p1a: Reuniclus|spa|1\n|-boost|p1a: Reuniclus|spd|1\n|\n|upkeep\n|turn|20\n|\n|t:|1781396544\n|move|p2a: Palkia|Spacial Rend|p1a: Reuniclus\n|-damage|p1a: Reuniclus|237/337 par\n|cant|p1a: Reuniclus|par\n|\n|upkeep\n|turn|21\n|\n|t:|1781396550\n|move|p2a: Palkia|Spacial Rend|p1a: Reuniclus|[miss]\n|-miss|p2a: Palkia|p1a: Reuniclus\n|cant|p1a: Reuniclus|par\n|\n|upkeep\n|turn|22\n|\n|t:|1781396555\n|move|p2a: Palkia|Spacial Rend|p1a: Reuniclus\n|-damage|p1a: Reuniclus|137/337 par\n|move|p1a: Reuniclus|Recover|p1a: Reuniclus\n|-heal|p1a: Reuniclus|306/337 par\n|\n|upkeep\n|turn|23\n|\n|t:|1781396570\n|switch|p2a: Medicham|Medicham, L86, M|243/243\n|cant|p1a: Reuniclus|par\n|\n|upkeep\n|turn|24\n|\n|t:|1781396576\n|move|p2a: Medicham|Trick|p1a: Reuniclus\n|-activate|p2a: Medicham|move: Trick|[of] p1a: Reuniclus\n|-item|p1a: Reuniclus|Choice Scarf|[from] move: Trick\n|-item|p2a: Medicham|Life Orb|[from] move: Trick\n|move|p1a: Reuniclus|Psychic|p2a: Medicham\n|-damage|p2a: Medicham|21/243\n|\n|upkeep\n|turn|25\n|\n|t:|1781396592\n|switch|p1a: Magcargo|Magcargo, L95, F|120/268 psn\n|move|p2a: Medicham|Poison Jab|p1a: Magcargo\n|-resisted|p1a: Magcargo\n|-damage|p1a: Magcargo|82/268 psn\n|-damage|p2a: Medicham|0 fnt|[from] item: Life Orb\n|faint|p2a: Medicham\n|\n|-damage|p1a: Magcargo|49/268 psn|[from] psn\n|upkeep\n|\n|t:|1781396628\n|switch|p2a: Manaphy|Manaphy, L78|284/284\n|turn|26\n|\n|t:|1781396633\n|switch|p1a: Ogerpon|Ogerpon-Cornerstone, L76, F|247/247\n|move|p2a: Manaphy|Tail Glow|p2a: Manaphy\n|-boost|p2a: Manaphy|spa|3\n|\n|upkeep\n|turn|27\n|\n|t:|1781396648\n|move|p1a: Ogerpon|Power Whip|p2a: Manaphy\n|-supereffective|p2a: Manaphy\n|-damage|p2a: Manaphy|18/284\n|move|p2a: Manaphy|Ice Beam|p1a: Ogerpon\n|-supereffective|p1a: Ogerpon\n|-ability|p1a: Ogerpon|Sturdy\n|-damage|p1a: Ogerpon|1/247\n|\n|-heal|p2a: Manaphy|35/284|[from] item: Leftovers\n|upkeep\n|turn|28\n|\n|t:|1781396670\n|move|p1a: Ogerpon|Ivy Cudgel|p2a: Manaphy|[anim] Ivy Cudgel Rock\n|-damage|p2a: Manaphy|0 fnt\n|faint|p2a: Manaphy\n|\n|upkeep\n|\n|t:|1781396674\n|switch|p2a: Mimikyu|Mimikyu, L79, F|216/216\n|turn|29\n|\n|t:|1781396681\n|move|p2a: Mimikyu|Shadow Sneak|p1a: Ogerpon\n|-damage|p1a: Ogerpon|0 fnt\n|faint|p1a: Ogerpon\n|-damage|p2a: Mimikyu|195/216|[from] item: Life Orb\n|\n|upkeep\n|\n|t:|1781396686\n|switch|p1a: Toxapex|Toxapex, L82, M|216/216\n|turn|30\n|\n|t:|1781396701\n|switch|p2a: Vileplume|Vileplume, L85, M|254/266\n|move|p1a: Toxapex|Toxic|p2a: Vileplume\n|-immune|p2a: Vileplume\n|\n|-heal|p2a: Vileplume|266/266|[from] item: Leftovers\n|upkeep\n|turn|31\n|\n|t:|1781396711\n|move|p2a: Vileplume|Leech Seed|p1a: Toxapex\n|-start|p1a: Toxapex|move: Leech Seed\n|move|p1a: Toxapex|Liquidation|p2a: Vileplume\n|-resisted|p2a: Vileplume\n|-crit|p2a: Vileplume\n|-damage|p2a: Vileplume|221/266\n|-unboost|p2a: Vileplume|def|1\n|\n|-heal|p2a: Vileplume|237/266|[from] item: Leftovers\n|-damage|p1a: Toxapex|189/216|[from] Leech Seed|[of] p2a: Vileplume\n|-heal|p2a: Vileplume|264/266|[silent]\n|upkeep\n|turn|32\n|\n|t:|1781396730\n|-terastallize|p2a: Vileplume|Water\n|move|p2a: Vileplume|Giga Drain|p1a: Toxapex\n|-damage|p1a: Toxapex|126/216\n|-heal|p2a: Vileplume|266/266|[from] drain|[of] p1a: Toxapex\n|move|p1a: Toxapex|Liquidation|p2a: Vileplume\n|-resisted|p2a: Vileplume\n|-damage|p2a: Vileplume|218/266\n|\n|-heal|p2a: Vileplume|234/266|[from] item: Leftovers\n|-heal|p1a: Toxapex|139/216|[from] item: Leftovers\n|-damage|p1a: Toxapex|112/216|[from] Leech Seed|[of] p2a: Vileplume\n|-heal|p2a: Vileplume|261/266|[silent]\n|upkeep\n|turn|33\n|\n|t:|1781396758\n|switch|p1a: Magcargo|Magcargo, L95, F|49/268 psn\n|move|p2a: Vileplume|Strength Sap|p1a: Magcargo\n|-unboost|p1a: Magcargo|atk|1\n|-heal|p2a: Vileplume|266/266\n|\n|-damage|p1a: Magcargo|16/268 psn|[from] psn\n|upkeep\n|turn|34\n|inactive|Battle timer is ON: inactive players will automatically lose when time's up. (requested by Versily)\n|\n|t:|1781396796\n|switch|p1a: Toxapex|Toxapex, L82, M|184/216\n|move|p2a: Vileplume|Giga Drain|p1a: Toxapex\n|-damage|p1a: Toxapex|123/216\n|\n|-heal|p1a: Toxapex|136/216|[from] item: Leftovers\n|upkeep\n|turn|35\n|\n|t:|1781396806\n|move|p2a: Vileplume|Leech Seed|p1a: Toxapex\n|-start|p1a: Toxapex|move: Leech Seed\n|move|p1a: Toxapex|Toxic|p2a: Vileplume\n|-status|p2a: Vileplume|tox\n|\n|-heal|p1a: Toxapex|149/216|[from] item: Leftovers\n|-damage|p1a: Toxapex|122/216|[from] Leech Seed|[of] p2a: Vileplume\n|-damage|p2a: Vileplume|250/266 tox|[from] psn\n|upkeep\n|turn|36\n|\n|t:|1781396817\n|move|p2a: Vileplume|Giga Drain|p1a: Toxapex\n|-damage|p1a: Toxapex|55/216\n|-heal|p2a: Vileplume|266/266 tox|[from] drain|[of] p1a: Toxapex\n|move|p1a: Toxapex|Recover|p1a: Toxapex\n|-heal|p1a: Toxapex|163/216\n|\n|-heal|p1a: Toxapex|176/216|[from] item: Leftovers\n|-damage|p1a: Toxapex|149/216|[from] Leech Seed|[of] p2a: Vileplume\n|-damage|p2a: Vileplume|234/266 tox|[from] psn\n|upkeep\n|turn|37\n|\n|t:|1781396845\n|switch|p2a: Palkia|Palkia, L75|19/259\n|-ability|p2a: Palkia|Pressure\n|move|p1a: Toxapex|Liquidation|p2a: Palkia\n|-resisted|p2a: Palkia\n|-damage|p2a: Palkia|4/259\n|\n|-heal|p1a: Toxapex|162/216|[from] item: Leftovers\n|-damage|p1a: Toxapex|135/216|[from] Leech Seed|[of] p2a: Palkia\n|-heal|p2a: Palkia|31/259|[silent]\n|upkeep\n|turn|38\n|\n|t:|1781396862\n|move|p2a: Palkia|Thunder Wave|p1a: Toxapex\n|-status|p1a: Toxapex|par\n|move|p1a: Toxapex|Toxic|p2a: Palkia\n|-status|p2a: Palkia|tox\n|\n|-heal|p1a: Toxapex|148/216 par|[from] item: Leftovers\n|-damage|p1a: Toxapex|121/216 par|[from] Leech Seed|[of] p2a: Palkia\n|-heal|p2a: Palkia|58/259 tox|[silent]\n|-damage|p2a: Palkia|42/259 tox|[from] psn\n|upkeep\n|turn|39\n|\n|t:|1781396873\n|switch|p1a: Magcargo|Magcargo, L95, F|16/268 psn\n|move|p2a: Palkia|Spacial Rend|p1a: Magcargo\n|-damage|p1a: Magcargo|0 fnt\n|faint|p1a: Magcargo\n|\n|-damage|p2a: Palkia|10/259 tox|[from] psn\n|upkeep\n|\n|t:|1781396883\n|switch|p1a: Toxapex|Toxapex, L82, M|193/216 par\n|turn|40\n|\n|t:|1781396892\n|move|p2a: Palkia|Hydro Pump|p1a: Toxapex\n|-resisted|p1a: Toxapex\n|-damage|p1a: Toxapex|131/216 par\n|move|p1a: Toxapex|Recover|p1a: Toxapex\n|-heal|p1a: Toxapex|216/216 par\n|\n|-damage|p2a: Palkia|0 fnt|[from] psn\n|faint|p2a: Palkia\n|upkeep\n|\n|t:|1781396895\n|switch|p2a: Mimikyu|Mimikyu, L79, F|195/216\n|turn|41\n|\n|t:|1781396905\n|move|p2a: Mimikyu|Swords Dance|p2a: Mimikyu\n|-boost|p2a: Mimikyu|atk|2\n|cant|p1a: Toxapex|par\n|\n|upkeep\n|turn|42\n|\n|t:|1781396914\n|move|p2a: Mimikyu|Shadow Sneak|p1a: Toxapex\n|-damage|p1a: Toxapex|154/216 par\n|-damage|p2a: Mimikyu|174/216|[from] item: Life Orb\n|move|p1a: Toxapex|Haze|p1a: Toxapex\n|-clearallboost\n|\n|-heal|p1a: Toxapex|167/216 par|[from] item: Leftovers\n|upkeep\n|turn|43\n|\n|t:|1781396928\n|move|p2a: Mimikyu|Swords Dance|p2a: Mimikyu\n|-boost|p2a: Mimikyu|atk|2\n|move|p1a: Toxapex|Toxic|p2a: Mimikyu\n|-status|p2a: Mimikyu|tox\n|\n|-heal|p1a: Toxapex|180/216 par|[from] item: Leftovers\n|-damage|p2a: Mimikyu|161/216 tox|[from] psn\n|upkeep\n|turn|44\n|\n|t:|1781396938\n|move|p2a: Mimikyu|Play Rough|p1a: Toxapex\n|-resisted|p1a: Toxapex\n|-damage|p1a: Toxapex|110/216 par\n|-damage|p2a: Mimikyu|140/216 tox|[from] item: Life Orb\n|move|p1a: Toxapex|Haze|p1a: Toxapex\n|-clearallboost\n|\n|-heal|p1a: Toxapex|123/216 par|[from] item: Leftovers\n|-damage|p2a: Mimikyu|114/216 tox|[from] psn\n|upkeep\n|turn|45\n|\n|t:|1781396949\n|switch|p2a: Vileplume|Vileplume, L85, M, tera:Water|234/266 tox\n|move|p1a: Toxapex|Recover|p1a: Toxapex\n|-heal|p1a: Toxapex|216/216 par\n|\n|-heal|p2a: Vileplume|250/266 tox|[from] item: Leftovers\n|-damage|p2a: Vileplume|234/266 tox|[from] psn\n|upkeep\n|turn|46\n|\n|t:|1781396959\n|move|p2a: Vileplume|Leech Seed|p1a: Toxapex\n|-start|p1a: Toxapex|move: Leech Seed\n|move|p1a: Toxapex|Liquidation|p2a: Vileplume\n|-resisted|p2a: Vileplume\n|-damage|p2a: Vileplume|203/266 tox\n|\n|-heal|p2a: Vileplume|219/266 tox|[from] item: Leftovers\n|-damage|p1a: Toxapex|189/216 par|[from] Leech Seed|[of] p2a: Vileplume\n|-heal|p2a: Vileplume|246/266 tox|[silent]\n|-damage|p2a: Vileplume|214/266 tox|[from] psn\n|upkeep\n|turn|47\n|\n|t:|1781396969\n|switch|p2a: Mimikyu|Mimikyu, L79, F|114/216 tox\n|switch|p1a: Reuniclus|Reuniclus, L88, M|306/337 par\n|\n|-damage|p2a: Mimikyu|101/216 tox|[from] psn\n|upkeep\n|turn|48\n|\n|t:|1781396980\n|switch|p1a: Toxapex|Toxapex, L82, M|216/216 par\n|move|p2a: Mimikyu|Play Rough|p1a: Toxapex\n|-resisted|p1a: Toxapex\n|-damage|p1a: Toxapex|185/216 par\n|-damage|p2a: Mimikyu|80/216 tox|[from] item: Life Orb\n|\n|-heal|p1a: Toxapex|198/216 par|[from] item: Leftovers\n|-damage|p2a: Mimikyu|54/216 tox|[from] psn\n|upkeep\n|turn|49\n|c|\u2606Versily|holy hell what a loser\n|\n|t:|1781396995\n|move|p2a: Mimikyu|Shadow Sneak|p1a: Toxapex\n|-damage|p1a: Toxapex|167/216 par\n|-damage|p2a: Mimikyu|33/216 tox|[from] item: Life Orb\n|move|p1a: Toxapex|Recover|p1a: Toxapex\n|-heal|p1a: Toxapex|216/216 par\n|\n|-damage|p2a: Mimikyu|0 fnt|[from] psn\n|faint|p2a: Mimikyu\n|upkeep\n|c|\u2606Versily|youre the scum of the earth\n|\n|t:|1781397011\n|switch|p2a: Vileplume|Vileplume, L85, M, tera:Water|214/266 tox\n|turn|50\n|\n|t:|1781397027\n|switch|p1a: Reuniclus|Reuniclus, L88, M|306/337 par\n|move|p2a: Vileplume|Leech Seed|p1a: Reuniclus\n|-start|p1a: Reuniclus|move: Leech Seed\n|\n|-heal|p2a: Vileplume|230/266 tox|[from] item: Leftovers\n|-damage|p2a: Vileplume|214/266 tox|[from] psn\n|upkeep\n|turn|51\n|\n|t:|1781397039\n|move|p2a: Vileplume|Giga Drain|p1a: Reuniclus\n|-damage|p1a: Reuniclus|212/337 par\n|-heal|p2a: Vileplume|261/266 tox|[from] drain|[of] p1a: Reuniclus\n|move|p1a: Reuniclus|Calm Mind|p1a: Reuniclus\n|-boost|p1a: Reuniclus|spa|1\n|-boost|p1a: Reuniclus|spd|1\n|\n|-heal|p2a: Vileplume|266/266 tox|[from] item: Leftovers\n|-damage|p2a: Vileplume|234/266 tox|[from] psn\n|upkeep\n|turn|52\n|\n|t:|1781397057\n|switch|p1a: Toxapex|Toxapex, L82, M|216/216 par\n|move|p2a: Vileplume|Giga Drain|p1a: Toxapex\n|-damage|p1a: Toxapex|147/216 par\n|-heal|p2a: Vileplume|266/266 tox|[from] drain|[of] p1a: Toxapex\n|\n|-heal|p1a: Toxapex|160/216 par|[from] item: Leftovers\n|-damage|p2a: Vileplume|218/266 tox|[from] psn\n|upkeep\n|turn|53\n|c|\u2606Versily|i hope you stub your toe so hard on the side of the wall\n|\n|t:|1781397067\n|switch|p1a: Reuniclus|Reuniclus, L88, M|212/337 par\n|move|p2a: Vileplume|Giga Drain|p1a: Reuniclus\n|-damage|p1a: Reuniclus|119/337 par\n|-heal|p2a: Vileplume|265/266 tox|[from] drain|[of] p1a: Reuniclus\n|\n|-heal|p2a: Vileplume|266/266 tox|[from] item: Leftovers\n|-damage|p2a: Vileplume|202/266 tox|[from] psn\n|upkeep\n|turn|54\n|\n|t:|1781397078\n|move|p2a: Vileplume|Giga Drain|p1a: Reuniclus\n|-damage|p1a: Reuniclus|37/337 par\n|-heal|p2a: Vileplume|243/266 tox|[from] drain|[of] p1a: Reuniclus\n|move|p1a: Reuniclus|Recover|p1a: Reuniclus\n|-heal|p1a: Reuniclus|206/337 par\n|\n|-heal|p2a: Vileplume|259/266 tox|[from] item: Leftovers\n|-damage|p2a: Vileplume|179/266 tox|[from] psn\n|upkeep\n|turn|55\n|\n|t:|1781397088\n|move|p2a: Vileplume|Giga Drain|p1a: Reuniclus\n|-damage|p1a: Reuniclus|113/337 par\n|-heal|p2a: Vileplume|226/266 tox|[from] drain|[of] p1a: Reuniclus\n|cant|p1a: Reuniclus|par\n|\n|-heal|p2a: Vileplume|242/266 tox|[from] item: Leftovers\n|-damage|p2a: Vileplume|146/266 tox|[from] psn\n|upkeep\n|turn|56\n|\n|t:|1781397097\n|move|p2a: Vileplume|Giga Drain|p1a: Reuniclus\n|-damage|p1a: Reuniclus|28/337 par\n|-heal|p2a: Vileplume|189/266 tox|[from] drain|[of] p1a: Reuniclus\n|move|p1a: Reuniclus|Recover|p1a: Reuniclus\n|-heal|p1a: Reuniclus|197/337 par\n|\n|-heal|p2a: Vileplume|205/266 tox|[from] item: Leftovers\n|-damage|p2a: Vileplume|93/266 tox|[from] psn\n|upkeep\n|turn|57\n|c|\u2606Versily|bitchmade as fuck\n|\n|t:|1781397107\n|move|p2a: Vileplume|Giga Drain|p1a: Reuniclus\n|-damage|p1a: Reuniclus|113/337 par\n|-heal|p2a: Vileplume|135/266 tox|[from] drain|[of] p1a: Reuniclus\n|cant|p1a: Reuniclus|par\n|\n|-heal|p2a: Vileplume|151/266 tox|[from] item: Leftovers\n|-damage|p2a: Vileplume|23/266 tox|[from] psn\n|upkeep\n|turn|58\n|n|!Versily|versily\n|\n|t:|1781397117\n|switch|p1a: Toxapex|Toxapex, L82, M|216/216 par\n|move|p2a: Vileplume|Giga Drain|p1a: Toxapex\n|-damage|p1a: Toxapex|147/216 par\n|-heal|p2a: Vileplume|58/266 tox|[from] drain|[of] p1a: Toxapex\n|\n|-heal|p2a: Vileplume|74/266 tox|[from] item: Leftovers\n|-heal|p1a: Toxapex|160/216 par|[from] item: Leftovers\n|-damage|p2a: Vileplume|0 fnt|[from] psn\n|faint|p2a: Vileplume\n|\n|win|Tatongamon00\n", "inputlog": ">version a8376a258c1d4662feba110a92103f3664a72141\n>start {\"formatid\":\"gen9randombattle\",\"seed\":\"sodium,835681c978b6202a5a46d9cad578342c\",\"rated\":\"Rated battle\"}\n>player p1 {\"name\":\"Tatongamon00\",\"avatar\":\"265\",\"rating\":1465,\"seed\":\"sodium,a468f1bbabf005041f6de12a17174974\"}\n>player p2 {\"name\":\"Versily\",\"avatar\":\"palmer\",\"rating\":1480,\"seed\":\"sodium,0f4c10e7b6635c2eec5648386425c53f\"}\n>p1 move psychic\n>p2 move knockoff\n>p1 move psychic\n>p2 move facade\n>p2 switch 5\n>p1 switch 3\n>p2 move tailglow\n>p1 move haze\n>p2 move energyball\n>p1 move recover\n>p2 move energyball\n>p1 move toxic\n>p2 switch 4\n>p1 switch 4\n>p2 move leechseed\n>p1 move ivycudgel\n>p2 move strengthsap\n>p1 switch 5\n>p2 move sludgebomb\n>p1 move lavaplume\n>p2 move leechseed\n>p1 move recover\n>p2 move strengthsap\n>p1 move lavaplume\n>p2 switch 3\n>p1 switch 2\n>p2 move spacialrend\n>p1 move icebeam\n>p2 move spacialrend\n>p1 move icebeam\n>p2 move spacialrend\n>p1 move icebeam\n>p2 move spacialrend\n>p1 switch 3\n>p1 move psychic\n>p2 move thunderwave\n>p1 move psychic\n>p2 move hydropump\n>p1 switch 6\n>p1 move calmmind\n>p2 move thunderwave\n>p1 move calmmind\n>p2 move spacialrend\n>p1 move calmmind\n>p2 move spacialrend\n>p1 move recover\n>p2 move spacialrend\n>p1 move calmmind\n>p2 switch 2\n>p1 move psychic\n>p2 move trick\n>p1 switch 2\n>p2 move poisonjab\n>p2 switch 4\n>p1 switch 5\n>p2 move tailglow\n>p1 move powerwhip\n>p2 move icebeam\n>p1 move ivycudgel\n>p2 move surf\n>p2 switch 6\n>p1 move ivycudgel\n>p2 move shadowsneak\n>p1 switch 4\n>p1 move toxic\n>p2 switch 3\n>p1 move liquidation\n>p2 move leechseed\n>p1 move liquidation\n>p2 move gigadrain terastallize\n>p1 switch 5\n>p2 move strengthsap\n>p1 switch 5\n>p2 move gigadrain\n>p1 move toxic\n>p2 move leechseed\n>p1 move recover\n>p2 move gigadrain\n>p1 move liquidation\n>p2 switch 2\n>p1 move toxic\n>p2 move thunderwave\n>p1 switch 5\n>p2 move spacialrend\n>p1 switch 5\n>p1 move recover\n>p2 move hydropump\n>p2 switch 3\n>p1 move toxic\n>p2 move swordsdance\n>p1 move haze\n>p2 move shadowsneak\n>p1 move toxic\n>p2 move swordsdance\n>p1 move haze\n>p2 move playrough\n>p1 move recover\n>p2 switch 2\n>p1 move liquidation\n>p2 move leechseed\n>p1 switch 2\n>p2 switch 2\n>p1 switch 2\n>p2 move playrough\n>chat \u2606Versily|holy hell what a loser\n>p1 move recover\n>p2 move shadowsneak\n>chat \u2606Versily|youre the scum of the earth\n>p2 switch 2\n>p1 switch 2\n>p2 move leechseed\n>p1 move calmmind\n>p2 move gigadrain\n>p1 switch 2\n>p2 move gigadrain\n>chat \u2606Versily|i hope you stub your toe so hard on the side of the wall\n>p1 switch 2\n>p2 move gigadrain\n>p1 move recover\n>p2 move gigadrain\n>p1 move recover\n>p2 move gigadrain\n>p1 move recover\n>p2 move gigadrain\n>chat \u2606Versily|bitchmade as fuck\n>p1 move recover\n>p2 move gigadrain\n>chat \u2606Versily|pussy shit fr\n>p1 switch 2\n>p2 move gigadrain", "uploadtime": 1781397100, "views": 5, "formatid": "gen9randombattle", "rating": null, "private": 0, "password": null, "player_dets": [{"name": "Tatongamon00", "avatar": "265", "rating": 1465, "seed": "sodium,a468f1bbabf005041f6de12a17174974"}, {"name": "Versily", "avatar": "palmer", "rating": 1480, "seed": "sodium,0f4c10e7b6635c2eec5648386425c53f"}], "teams_full": [{"Zoroark": {"name": "Zoroark", "species": "Zoroark", "speciesId": "zoroark", "gender": "F", "shiny": false, "level": 83, "moves": ["sludgebomb", "psychic", "nastyplot", "darkpulse"], "ability": "Illusion", "evs": {"hp": 85, "atk": 0, "def": 85, "spa": 85, "spd": 85, "spe": 85}, "ivs": {"hp": 31, "atk": 0, "def": 31, "spa": 31, "spd": 31, "spe": 31}, "item": "Life Orb", "teraType": "Poison", "role": "Setup Sweeper", "bvs": {"hp": 60, "atk": 105, "def": 60, "spa": 120, "spd": 60, "spe": 105}, "stats": {"hp": 235, "atk": 179, "def": 147, "spa": 247, "spd": 147, "spe": 222}}, "Phione": {"name": "Phione", "species": "Phione", "speciesId": "phione", "gender": "N", "shiny": false, "level": 91, "moves": ["icebeam", "scald", "grassknot", "takeheart"], "ability": "Hydration", "evs": {"hp": 85, "atk": 0, "def": 85, "spa": 85, "spd": 85, "spe": 85}, "ivs": {"hp": 31, "atk": 0, "def": 31, "spa": 31, "spd": 31, "spe": 31}, "item": "Leftovers", "teraType": "Steel", "role": "Bulky Attacker", "bvs": {"hp": 80, "atk": 80, "def": 80, "spa": 80, "spd": 80, "spe": 80}, "stats": {"hp": 293, "atk": 150, "def": 197, "spa": 197, "spd": 197, "spe": 197}}, "Toxapex": {"name": "Toxapex", "species": "Toxapex", "speciesId": "toxapex", "gender": "M", "shiny": false, "level": 82, "moves": ["recover", "toxic", "liquidation", "haze"], "ability": "Regenerator", "evs": {"hp": 85, "atk": 85, "def": 85, "spa": 85, "spd": 85, "spe": 85}, "ivs": {"hp": 31, "atk": 31, "def": 31, "spa": 31, "spd": 31, "spe": 31}, "item": "Leftovers", "teraType": "Grass", "role": "Bulky Support", "bvs": {"hp": 50, "atk": 63, "def": 152, "spa": 53, "spd": 142, "spe": 35}, "stats": {"hp": 216, "atk": 150, "def": 296, "spa": 134, "spd": 280, "spe": 105}}, "Ogerpon": {"name": "Ogerpon", "species": "Ogerpon-Cornerstone", "speciesId": "ogerponcornerstone", "gender": "F", "shiny": false, "level": 76, "moves": ["ivycudgel", "powerwhip", "synthesis", "spikes"], "ability": "Sturdy", "evs": {"hp": 85, "atk": 85, "def": 85, "spa": 85, "spd": 85, "spe": 85}, "ivs": {"hp": 31, "atk": 31, "def": 31, "spa": 31, "spd": 31, "spe": 31}, "item": "Cornerstone Mask", "teraType": "Rock", "role": "Bulky Attacker", "bvs": {"hp": 80, "atk": 120, "def": 84, "spa": 60, "spd": 96, "spe": 110}, "stats": {"hp": 247, "atk": 226, "def": 172, "spa": 135, "spd": 190, "spe": 211}}, "Magcargo": {"name": "Magcargo", "species": "Magcargo", "speciesId": "magcargo", "gender": "F", "shiny": false, "level": 95, "moves": ["recover", "lavaplume", "powergem", "stealthrock"], "ability": "Flame Body", "evs": {"hp": 85, "atk": 0, "def": 85, "spa": 85, "spd": 85, "spe": 85}, "ivs": {"hp": 31, "atk": 0, "def": 31, "spa": 31, "spd": 31, "spe": 31}, "item": "Heavy-Duty Boots", "teraType": "Dragon", "role": "Bulky Support", "bvs": {"hp": 60, "atk": 50, "def": 120, "spa": 90, "spd": 80, "spe": 30}, "stats": {"hp": 268, "atk": 100, "def": 282, "spa": 225, "spd": 206, "spe": 111}}, "Reuniclus": {"name": "Reuniclus", "species": "Reuniclus", "speciesId": "reuniclus", "gender": "M", "shiny": false, "level": 88, "moves": ["psychic", "recover", "calmmind", "focusblast"], "ability": "Magic Guard", "evs": {"hp": 85, "atk": 0, "def": 85, "spa": 85, "spd": 85, "spe": 85}, "ivs": {"hp": 31, "atk": 0, "def": 31, "spa": 31, "spd": 31, "spe": 31}, "item": "Life Orb", "teraType": "Steel", "role": "Bulky Setup", "bvs": {"hp": 110, "atk": 65, "def": 75, "spa": 125, "spd": 85, "spe": 30}, "stats": {"hp": 337, "atk": 119, "def": 182, "spa": 270, "spd": 200, "spe": 103}}}, {"Hariyama": {"name": "Hariyama", "species": "Hariyama", "speciesId": "hariyama", "gender": "F", "shiny": false, "level": 87, "moves": ["closecombat", "facade", "knockoff", "bulletpunch"], "ability": "Guts", "evs": {"hp": 85, "atk": 85, "def": 85, "spa": 85, "spd": 85, "spe": 85}, "ivs": {"hp": 31, "atk": 31, "def": 31, "spa": 31, "spd": 31, "spe": 31}, "item": "Flame Orb", "teraType": "Normal", "role": "Wallbreaker", "bvs": {"hp": 144, "atk": 120, "def": 60, "spa": 40, "spd": 60, "spe": 50}, "stats": {"hp": 392, "atk": 259, "def": 154, "spa": 119, "spd": 154, "spe": 137}}, "Medicham": {"name": "Medicham", "species": "Medicham", "speciesId": "medicham", "gender": "M", "shiny": false, "level": 86, "moves": ["closecombat", "zenheadbutt", "poisonjab", "trick"], "ability": "Pure Power", "evs": {"hp": 85, "atk": 85, "def": 85, "spa": 85, "spd": 85, "spe": 85}, "ivs": {"hp": 31, "atk": 31, "def": 31, "spa": 31, "spd": 31, "spe": 31}, "item": "Choice Scarf", "teraType": "Fighting", "role": "Fast Attacker", "bvs": {"hp": 60, "atk": 60, "def": 75, "spa": 60, "spd": 75, "spe": 80}, "stats": {"hp": 243, "atk": 152, "def": 178, "spa": 152, "spd": 178, "spe": 187}}, "Palkia": {"name": "Palkia", "species": "Palkia", "speciesId": "palkia", "gender": "N", "shiny": false, "level": 75, "moves": ["hydropump", "spacialrend", "fireblast", "thunderwave"], "ability": "Pressure", "evs": {"hp": 85, "atk": 0, "def": 85, "spa": 85, "spd": 85, "spe": 85}, "ivs": {"hp": 31, "atk": 0, "def": 31, "spa": 31, "spd": 31, "spe": 31}, "item": "Lustrous Orb", "teraType": "Dragon", "role": "Bulky Attacker", "bvs": {"hp": 90, "atk": 120, "def": 100, "spa": 150, "spd": 120, "spe": 100}, "stats": {"hp": 259, "atk": 185, "def": 194, "spa": 269, "spd": 224, "spe": 194}}, "Vileplume": {"name": "Vileplume", "species": "Vileplume", "speciesId": "vileplume", "gender": "M", "shiny": false, "level": 85, "moves": ["strengthsap", "gigadrain", "sludgebomb", "leechseed"], "ability": "Effect Spore", "evs": {"hp": 85, "atk": 0, "def": 85, "spa": 85, "spd": 85, "spe": 85}, "ivs": {"hp": 31, "atk": 0, "def": 31, "spa": 31, "spd": 31, "spe": 31}, "item": "Leftovers", "teraType": "Water", "role": "Bulky Attacker", "bvs": {"hp": 75, "atk": 80, "def": 85, "spa": 110, "spd": 90, "spe": 50}, "stats": {"hp": 266, "atk": 141, "def": 193, "spa": 236, "spd": 202, "spe": 134}}, "Manaphy": {"name": "Manaphy", "species": "Manaphy", "speciesId": "manaphy", "gender": "N", "shiny": false, "level": 78, "moves": ["icebeam", "energyball", "surf", "tailglow"], "ability": "Hydration", "evs": {"hp": 85, "atk": 0, "def": 85, "spa": 85, "spd": 85, "spe": 85}, "ivs": {"hp": 31, "atk": 0, "def": 31, "spa": 31, "spd": 31, "spe": 31}, "item": "Leftovers", "teraType": "Water", "role": "Bulky Setup", "bvs": {"hp": 100, "atk": 100, "def": 100, "spa": 100, "spd": 100, "spe": 100}, "stats": {"hp": 284, "atk": 161, "def": 201, "spa": 201, "spd": 201, "spe": 201}}, "Mimikyu": {"name": "Mimikyu", "species": "Mimikyu", "speciesId": "mimikyu", "gender": "F", "shiny": false, "level": 79, "moves": ["drainpunch", "swordsdance", "playrough", "shadowsneak"], "ability": "Disguise", "evs": {"hp": 85, "atk": 85, "def": 85, "spa": 85, "spd": 85, "spe": 85}, "ivs": {"hp": 31, "atk": 31, "def": 31, "spa": 31, "spd": 31, "spe": 31}, "item": "Life Orb", "teraType": "Fairy", "role": "Setup Sweeper", "bvs": {"hp": 55, "atk": 90, "def": 80, "spa": 50, "spd": 105, "spe": 96}, "stats": {"hp": 216, "atk": 188, "def": 172, "spa": 125, "spd": 211, "spe": 197}}}]}