{"id": "gen9randombattle-2631911846", "format": "[Gen 9] Random Battle", "players": ["SyxthSence", "JaviC04"], "log": "|j|\u2606SyxthSence\n|j|\u2606JaviC04\n|t:|1781454824\n|gametype|singles\n|player|p1|SyxthSence|170|2125\n|player|p2|JaviC04|artist|2121\n|gen|9\n|tier|[Gen 9] Random Battle\n|rated|\n|rule|Species Clause: Limit one of each Pok\u00e9mon\n|rule|HP Percentage Mod: HP is shown in percentages\n|rule|Sleep Clause Mod: Limit one foe put to sleep\n|rule|Illusion Level Mod: Illusion disguises the Pok\u00e9mon's true level\n|\n|t:|1781454824\n|teamsize|p1|6\n|teamsize|p2|6\n|start\n|switch|p1a: Passimian|Passimian, L83, F|302/302\n|switch|p2a: Hypno|Hypno, L95, F|315/315\n|turn|1\n|inactive|Battle timer is ON: inactive players will automatically lose when time's up. (requested by JaviC04)\n|\n|t:|1781454833\n|move|p1a: Passimian|Knock Off|p2a: Hypno\n|-supereffective|p2a: Hypno\n|-damage|p2a: Hypno|157/315\n|-enditem|p2a: Hypno|Leftovers|[from] move: Knock Off|[of] p1a: Passimian\n|move|p2a: Hypno|Thunder Wave|p1a: Passimian\n|-status|p1a: Passimian|par\n|\n|upkeep\n|turn|2\n|\n|t:|1781454839\n|switch|p1a: Orthworm|Orthworm, L88, F|266/266\n|move|p2a: Hypno|Psychic Noise|p1a: Orthworm\n|-resisted|p1a: Orthworm\n|-damage|p1a: Orthworm|215/266\n|-start|p1a: Orthworm|move: Heal Block\n|\n|upkeep\n|turn|3\n|\n|t:|1781454843\n|move|p2a: Hypno|Knock Off|p1a: Orthworm\n|-damage|p1a: Orthworm|166/266\n|-enditem|p1a: Orthworm|Leftovers|[from] move: Knock Off|[of] p2a: Hypno\n|move|p1a: Orthworm|Shed Tail|p1a: Orthworm\n|-start|p1a: Orthworm|Substitute|[from] move: Shed Tail\n|-damage|p1a: Orthworm|33/266\n|\n|t:|1781454850\n|switch|p1a: Urshifu|Urshifu-Rapid-Strike, L75, F|274/274|[from] Shed Tail\n|\n|upkeep\n|turn|4\n|\n|t:|1781454858\n|move|p1a: Urshifu|Surging Strikes|p2a: Hypno\n|-crit|p2a: Hypno\n|-damage|p2a: Hypno|85/315\n|-crit|p2a: Hypno\n|-damage|p2a: Hypno|18/315\n|-crit|p2a: Hypno\n|-damage|p2a: Hypno|0 fnt\n|faint|p2a: Hypno\n|-hitcount|p2: Hypno|3\n|\n|upkeep\n|\n|t:|1781454864\n|switch|p2a: Bruxish|Bruxish, L85, F|254/254\n|turn|5\n|\n|t:|1781454867\n|move|p2a: Bruxish|Psychic Fangs|p1a: Urshifu\n|-supereffective|p1a: Urshifu\n|-end|p1a: Urshifu|Substitute\n|move|p1a: Urshifu|Surging Strikes|p2a: Bruxish\n|-resisted|p2a: Bruxish\n|-crit|p2a: Bruxish\n|-damage|p2a: Bruxish|218/254\n|-resisted|p2a: Bruxish\n|-crit|p2a: Bruxish\n|-damage|p2a: Bruxish|179/254\n|-resisted|p2a: Bruxish\n|-crit|p2a: Bruxish\n|-damage|p2a: Bruxish|142/254\n|-hitcount|p2a: Bruxish|3\n|\n|upkeep\n|turn|6\n|\n|t:|1781454873\n|switch|p2a: Luxray|Luxray, L88, M|283/283\n|switch|p1a: Wo-Chien|Wo-Chien, L83|277/277\n|-ability|p1a: Wo-Chien|Tablets of Ruin\n|\n|-status|p2a: Luxray|brn|[from] item: Flame Orb\n|upkeep\n|turn|7\n|\n|t:|1781454880\n|switch|p2a: Entei|Entei, L78|307/307\n|move|p1a: Wo-Chien|Protect||[still]\n|-fail|p1a: Wo-Chien\n|\n|upkeep\n|turn|8\n|\n|t:|1781454883\n|switch|p1a: Swanna|Swanna, L89, M|278/278\n|move|p2a: Entei|Sacred Fire|p1a: Swanna|[miss]\n|-miss|p2a: Entei|p1a: Swanna\n|\n|upkeep\n|turn|9\n|\n|t:|1781454889\n|switch|p2a: Blastoise|Blastoise, L80, F|258/258\n|move|p1a: Swanna|Brave Bird|p2a: Blastoise\n|-damage|p2a: Blastoise|132/258\n|-damage|p1a: Swanna|236/278|[from] Recoil\n|\n|upkeep\n|turn|10\n|\n|t:|1781454898\n|switch|p1a: Wo-Chien|Wo-Chien, L83|277/277\n|-ability|p1a: Wo-Chien|Tablets of Ruin\n|move|p2a: Blastoise|Shell Smash|p2a: Blastoise\n|-unboost|p2a: Blastoise|def|1\n|-unboost|p2a: Blastoise|spd|1\n|-boost|p2a: Blastoise|atk|2\n|-boost|p2a: Blastoise|spa|2\n|-boost|p2a: Blastoise|spe|2\n|-enditem|p2a: Blastoise|White Herb\n|-clearnegativeboost|p2a: Blastoise|[silent]\n|\n|upkeep\n|turn|11\n|\n|t:|1781454901\n|move|p1a: Wo-Chien|Protect|p1a: Wo-Chien\n|-singleturn|p1a: Wo-Chien|Protect\n|move|p2a: Blastoise|Ice Beam|p1a: Wo-Chien\n|-activate|p1a: Wo-Chien|move: Protect\n|\n|upkeep\n|turn|12\n|\n|t:|1781454905\n|move|p2a: Blastoise|Ice Beam|p1a: Wo-Chien\n|-supereffective|p1a: Wo-Chien\n|-damage|p1a: Wo-Chien|115/277\n|move|p1a: Wo-Chien|Leech Seed|p2a: Blastoise\n|-start|p2a: Blastoise|move: Leech Seed\n|\n|-heal|p1a: Wo-Chien|132/277|[from] item: Leftovers\n|-damage|p2a: Blastoise|100/258|[from] Leech Seed|[of] p1a: Wo-Chien\n|-heal|p1a: Wo-Chien|164/277|[silent]\n|upkeep\n|turn|13\n|\n|t:|1781454909\n|switch|p2a: Entei|Entei, L78|307/307\n|move|p1a: Wo-Chien|Protect||[still]\n|-fail|p1a: Wo-Chien\n|\n|-heal|p1a: Wo-Chien|181/277|[from] item: Leftovers\n|upkeep\n|turn|14\n|\n|t:|1781454912\n|switch|p1a: Orthworm|Orthworm, L88, F|33/266\n|move|p2a: Entei|Sacred Fire|p1a: Orthworm\n|-supereffective|p1a: Orthworm\n|-damage|p1a: Orthworm|0 fnt\n|faint|p1a: Orthworm\n|\n|upkeep\n|\n|t:|1781454914\n|switch|p1a: Swanna|Swanna, L89, M|236/278\n|turn|15\n|\n|t:|1781454917\n|move|p1a: Swanna|Brave Bird|p2a: Entei\n|-damage|p2a: Entei|151/307\n|-damage|p1a: Swanna|185/278|[from] Recoil\n|move|p2a: Entei|Sacred Fire|p1a: Swanna\n|-resisted|p1a: Swanna\n|-damage|p1a: Swanna|94/278\n|-status|p1a: Swanna|brn\n|\n|-damage|p1a: Swanna|77/278 brn|[from] brn\n|upkeep\n|turn|16\n|\n|t:|1781454924\n|switch|p2a: Bruxish|Bruxish, L85, F|142/254\n|move|p1a: Swanna|Hydro Pump|p2a: Bruxish\n|-resisted|p2a: Bruxish\n|-damage|p2a: Bruxish|76/254\n|\n|-damage|p1a: Swanna|60/278 brn|[from] brn\n|upkeep\n|turn|17\n|\n|t:|1781454927\n|move|p2a: Bruxish|Aqua Jet|p1a: Swanna\n|-resisted|p1a: Swanna\n|-crit|p1a: Swanna\n|-damage|p1a: Swanna|0 fnt\n|faint|p1a: Swanna\n|\n|upkeep\n|\n|t:|1781454931\n|switch|p1a: Urshifu|Urshifu-Rapid-Strike, L75, F|274/274\n|turn|18\n|\n|t:|1781454938\n|switch|p2a: Skarmory|Skarmory, L80, M|235/235\n|move|p1a: Urshifu|Surging Strikes|p2a: Skarmory\n|-crit|p2a: Skarmory\n|-damage|p2a: Skarmory|184/235\n|-crit|p2a: Skarmory\n|-damage|p2a: Skarmory|141/235\n|-crit|p2a: Skarmory\n|-damage|p2a: Skarmory|95/235\n|-hitcount|p2a: Skarmory|3\n|\n|-heal|p2a: Skarmory|109/235|[from] item: Leftovers\n|upkeep\n|turn|19\n|\n|t:|1781454941\n|move|p1a: Urshifu|Surging Strikes|p2a: Skarmory\n|-crit|p2a: Skarmory\n|-damage|p2a: Skarmory|64/235\n|-crit|p2a: Skarmory\n|-damage|p2a: Skarmory|13/235\n|-crit|p2a: Skarmory\n|-damage|p2a: Skarmory|0 fnt\n|faint|p2a: Skarmory\n|-hitcount|p2: Skarmory|3\n|\n|upkeep\n|\n|t:|1781454942\n|switch|p2a: Bruxish|Bruxish, L85, F|76/254\n|turn|20\n|\n|t:|1781454946\n|move|p2a: Bruxish|Ice Fang|p1a: Urshifu\n|-resisted|p1a: Urshifu\n|-damage|p1a: Urshifu|221/274\n|move|p1a: Urshifu|Surging Strikes|p2a: Bruxish\n|-resisted|p2a: Bruxish\n|-crit|p2a: Bruxish\n|-damage|p2a: Bruxish|40/254\n|-resisted|p2a: Bruxish\n|-crit|p2a: Bruxish\n|-damage|p2a: Bruxish|4/254\n|-resisted|p2a: Bruxish\n|-crit|p2a: Bruxish\n|-damage|p2a: Bruxish|0 fnt\n|faint|p2a: Bruxish\n|-hitcount|p2: Bruxish|3\n|\n|upkeep\n|\n|t:|1781454951\n|switch|p2a: Luxray|Luxray, L88, M|283/283 brn\n|turn|21\n|\n|t:|1781454973\n|switch|p1a: Revavroom|Revavroom, L79, M|256/256\n|move|p2a: Luxray|Trailblaze|p1a: Revavroom\n|-resisted|p1a: Revavroom\n|-damage|p1a: Revavroom|239/256\n|-boost|p2a: Luxray|spe|1\n|\n|-damage|p2a: Luxray|266/283 brn|[from] brn\n|upkeep\n|turn|22\n|\n|t:|1781454984\n|move|p2a: Luxray|Supercell Slam|p1a: Revavroom\n|-damage|p1a: Revavroom|34/256\n|move|p1a: Revavroom|Shift Gear|p1a: Revavroom\n|-boost|p1a: Revavroom|spe|2\n|-boost|p1a: Revavroom|atk|1\n|\n|-damage|p2a: Luxray|249/283 brn|[from] brn\n|upkeep\n|turn|23\n|\n|t:|1781454992\n|switch|p2a: Blastoise|Blastoise, L80, F|100/258\n|move|p1a: Revavroom|High Horsepower|p2a: Blastoise\n|-damage|p2a: Blastoise|0 fnt\n|faint|p2a: Blastoise\n|-damage|p1a: Revavroom|9/256|[from] item: Life Orb\n|\n|upkeep\n|\n|t:|1781454996\n|switch|p2a: Entei|Entei, L78|151/307\n|turn|24\n|\n|t:|1781455002\n|move|p1a: Revavroom|High Horsepower|p2a: Entei\n|-supereffective|p2a: Entei\n|-damage|p2a: Entei|0 fnt\n|faint|p2a: Entei\n|-damage|p1a: Revavroom|0 fnt|[from] item: Life Orb\n|faint|p1a: Revavroom\n|\n|upkeep\n|\n|t:|1781455004\n|switch|p2a: Luxray|Luxray, L88, M|249/283 brn\n|switch|p1a: Urshifu|Urshifu-Rapid-Strike, L75, F|221/274\n|turn|25\n|\n|t:|1781455008\n|-terastallize|p1a: Urshifu|Water\n|move|p1a: Urshifu|Surging Strikes|p2a: Luxray\n|-crit|p2a: Luxray\n|-damage|p2a: Luxray|159/283 brn\n|-crit|p2a: Luxray\n|-damage|p2a: Luxray|69/283 brn\n|-crit|p2a: Luxray\n|-damage|p2a: Luxray|0 fnt\n|faint|p2a: Luxray\n|-hitcount|p2: Luxray|3\n|\n|win|SyxthSence\n", "inputlog": ">version a8376a258c1d4662feba110a92103f3664a72141\n>start {\"formatid\":\"gen9randombattle\",\"seed\":\"sodium,2aec6f642e95f10b90064b1799ddce6d\",\"rated\":\"Rated battle\"}\n>player p1 {\"name\":\"SyxthSence\",\"avatar\":\"170\",\"rating\":2125,\"seed\":\"sodium,97a1aad8634e4cde491c5a178a9c57dc\"}\n>player p2 {\"name\":\"JaviC04\",\"avatar\":\"artist\",\"rating\":2121,\"seed\":\"sodium,0f010f18a15cd590dfc6854d8a3ea39d\"}\n>p1 move knockoff\n>p2 move thunderwave\n>p1 switch 4\n>p2 move psychicnoise\n>p1 move shedtail\n>p2 move knockoff\n>p1 switch 3\n>p1 move surgingstrikes\n>p2 move psychicnoise\n>p2 switch 2\n>p1 move surgingstrikes\n>p2 move psychicfangs\n>p1 switch 5\n>p2 switch 6\n>p1 move protect\n>p2 switch 3\n>p1 switch 2\n>p2 move sacredfire\n>p1 move bravebird\n>p2 switch 4\n>p1 switch 2\n>p2 move shellsmash\n>p1 move protect\n>p2 move icebeam\n>p1 move leechseed\n>p2 move icebeam\n>p1 move protect\n>p2 switch 4\n>p1 switch 3\n>p2 move sacredfire\n>p1 switch 2\n>p1 move bravebird\n>p2 move sacredfire\n>p1 move hydropump\n>p2 switch 6\n>p1 move bravebird\n>p2 move aquajet\n>p1 switch 5\n>p1 move surgingstrikes\n>p2 switch 5\n>p1 move surgingstrikes\n>p2 move bravebird\n>p2 switch 5\n>p1 move surgingstrikes\n>p2 move icefang\n>p2 switch 3\n>p1 switch 6\n>p2 move trailblaze\n>p1 move shiftgear\n>p2 move supercellslam\n>p1 move highhorsepower\n>p2 switch 4\n>p2 switch 6\n>p1 move highhorsepower\n>p2 move sacredfire\n>p1 switch 6\n>p2 switch 4\n>p1 move surgingstrikes terastallize\n>p2 move trailblaze", "uploadtime": 1781454828, "views": 4, "formatid": "gen9randombattle", "rating": null, "private": 0, "password": null}