{"id": "gen9randombattle-2631504880", "format": "[Gen 9] Random Battle", "players": ["greenfalcon81", "stone douchebag"], "log": "|j|\u2606greenfalcon81\n|j|\u2606stone douchebag\n|t:|1781393643\n|gametype|singles\n|player|p1|greenfalcon81|101|1982\n|player|p2|stone douchebag|266|1931\n|gen|9\n|tier|[Gen 9] Random Battle\n|rated|\n|rule|Species Clause: Limit one of each Pok\u00e9mon\n|rule|HP Percentage Mod: HP is shown in percentages\n|rule|Sleep Clause Mod: Limit one foe put to sleep\n|rule|Illusion Level Mod: Illusion disguises the Pok\u00e9mon's true level\n|\n|t:|1781393643\n|teamsize|p1|6\n|teamsize|p2|6\n|start\n|switch|p1a: Beartic|Beartic, L91, M|321/321\n|switch|p2a: Regieleki|Regieleki, L79|256/256\n|turn|1\n|\n|t:|1781393651\n|switch|p1a: Ting-Lu|Ting-Lu, L78|370/370\n|-ability|p1a: Ting-Lu|Vessel of Ruin\n|move|p2a: Regieleki|Volt Switch|p1a: Ting-Lu\n|-immune|p1a: Ting-Lu\n|\n|upkeep\n|turn|2\n|\n|t:|1781393656\n|switch|p2a: Kleavor|Kleavor, L78, F|237/237\n|move|p1a: Ting-Lu|Stealth Rock|p2a: Kleavor\n|-sidestart|p2: stone douchebag|move: Stealth Rock\n|\n|upkeep\n|turn|3\n|\n|t:|1781393668\n|move|p2a: Kleavor|Stone Axe|p1a: Ting-Lu\n|-resisted|p1a: Ting-Lu\n|-damage|p1a: Ting-Lu|295/370\n|-sidestart|p1: greenfalcon81|move: Stealth Rock\n|move|p1a: Ting-Lu|Payback|p2a: Kleavor\n|-damage|p2a: Kleavor|135/237\n|\n|-heal|p1a: Ting-Lu|318/370|[from] item: Leftovers\n|upkeep\n|turn|4\n|\n|t:|1781393689\n|switch|p2a: Whiscash|Whiscash, L88, M|337/337\n|-damage|p2a: Whiscash|316/337|[from] Stealth Rock\n|switch|p1a: Beartic|Beartic, L91, M|321/321\n|-damage|p1a: Beartic|241/321|[from] Stealth Rock\n|\n|-heal|p2a: Whiscash|337/337|[from] item: Leftovers\n|upkeep\n|turn|5\n|\n|t:|1781393703\n|move|p2a: Whiscash|Spikes|p1a: Beartic\n|-sidestart|p1: greenfalcon81|Spikes\n|move|p1a: Beartic|Icicle Crash|p2a: Whiscash\n|-damage|p2a: Whiscash|112/337\n|\n|-heal|p2a: Whiscash|133/337|[from] item: Leftovers\n|upkeep\n|turn|6\n|\n|t:|1781393712\n|move|p2a: Whiscash|Spikes|p1a: Beartic\n|-sidestart|p1: greenfalcon81|Spikes\n|move|p1a: Beartic|Icicle Crash|p2a: Whiscash\n|-damage|p2a: Whiscash|0 fnt\n|faint|p2a: Whiscash\n|\n|upkeep\n|\n|t:|1781393714\n|switch|p2a: Kleavor|Kleavor, L78, F|135/237\n|-damage|p2a: Kleavor|76/237|[from] Stealth Rock\n|turn|7\n|\n|t:|1781393720\n|move|p2a: Kleavor|Close Combat|p1a: Beartic\n|-supereffective|p1a: Beartic\n|-damage|p1a: Beartic|0 fnt\n|-unboost|p2a: Kleavor|def|1\n|-unboost|p2a: Kleavor|spd|1\n|faint|p1a: Beartic\n|\n|upkeep\n|\n|t:|1781393725\n|switch|p1a: Luvdisc|Luvdisc, M|247/247\n|turn|8\n|\n|t:|1781393749\n|switch|p2a: Regieleki|Regieleki, L79|256/256\n|-damage|p2a: Regieleki|224/256|[from] Stealth Rock\n|move|p1a: Luvdisc|Flip Turn|p2a: Regieleki\n|-damage|p2a: Regieleki|155/256\n|\n|t:|1781393755\n|switch|p1a: Ting-Lu|Ting-Lu, L78|318/370|[from] Flip Turn\n|-damage|p1a: Ting-Lu|295/370|[from] Stealth Rock\n|-damage|p1a: Ting-Lu|234/370|[from] Spikes\n|-ability|p1a: Ting-Lu|Vessel of Ruin\n|\n|-heal|p1a: Ting-Lu|257/370|[from] item: Leftovers\n|upkeep\n|turn|9\n|\n|t:|1781393764\n|switch|p2a: Drifblim|Drifblim, L86, M|396/396\n|-damage|p2a: Drifblim|297/396|[from] Stealth Rock\n|move|p1a: Ting-Lu|Earthquake|p2a: Drifblim\n|-immune|p2a: Drifblim\n|\n|-heal|p1a: Ting-Lu|280/370|[from] item: Leftovers\n|upkeep\n|turn|10\n|\n|t:|1781393768\n|move|p2a: Drifblim|Calm Mind|p2a: Drifblim\n|-boost|p2a: Drifblim|spa|1\n|-boost|p2a: Drifblim|spd|1\n|move|p1a: Ting-Lu|Payback|p2a: Drifblim\n|-supereffective|p2a: Drifblim\n|-damage|p2a: Drifblim|0 fnt\n|faint|p2a: Drifblim\n|\n|-heal|p1a: Ting-Lu|303/370|[from] item: Leftovers\n|upkeep\n|\n|t:|1781393771\n|switch|p2a: Kleavor|Kleavor, L78, F|76/237\n|-damage|p2a: Kleavor|17/237|[from] Stealth Rock\n|turn|11\n|\n|t:|1781393777\n|switch|p1a: Rampardos|Rampardos, L90, F|321/321\n|-damage|p1a: Rampardos|281/321|[from] Stealth Rock\n|-damage|p1a: Rampardos|228/321|[from] Spikes\n|move|p2a: Kleavor|X-Scissor|p1a: Rampardos\n|-damage|p1a: Rampardos|0 fnt\n|faint|p1a: Rampardos\n|\n|upkeep\n|\n|t:|1781393787\n|switch|p1a: Luvdisc|Luvdisc, M|247/247\n|turn|12\n|\n|t:|1781393791\n|move|p1a: Luvdisc|Surf|p2a: Kleavor\n|-supereffective|p2a: Kleavor\n|-damage|p2a: Kleavor|0 fnt\n|faint|p2a: Kleavor\n|\n|upkeep\n|\n|t:|1781393804\n|switch|p2a: Regieleki|Regieleki, L79|155/256\n|-damage|p2a: Regieleki|123/256|[from] Stealth Rock\n|turn|13\n|\n|t:|1781393809\n|switch|p1a: Ting-Lu|Ting-Lu, L78|303/370\n|-damage|p1a: Ting-Lu|280/370|[from] Stealth Rock\n|-damage|p1a: Ting-Lu|219/370|[from] Spikes\n|-ability|p1a: Ting-Lu|Vessel of Ruin\n|move|p2a: Regieleki|Rapid Spin|p1a: Ting-Lu\n|-damage|p1a: Ting-Lu|193/370\n|-boost|p2a: Regieleki|spe|1\n|-sideend|p2: stone douchebag|Stealth Rock|[from] move: Rapid Spin|[of] p2a: Regieleki\n|\n|-heal|p1a: Ting-Lu|216/370|[from] item: Leftovers\n|upkeep\n|turn|14\n|\n|t:|1781393826\n|-terastallize|p2a: Regieleki|Ice\n|move|p2a: Regieleki|Tera Blast|p1a: Ting-Lu|[anim] Tera Blast Ice\n|-supereffective|p1a: Ting-Lu\n|-damage|p1a: Ting-Lu|88/370\n|move|p1a: Ting-Lu|Payback|p2a: Regieleki\n|-damage|p2a: Regieleki|0 fnt\n|faint|p2a: Regieleki\n|\n|-heal|p1a: Ting-Lu|111/370|[from] item: Leftovers\n|upkeep\n|\n|t:|1781393836\n|switch|p2a: Girafarig|Girafarig, L89, F|269/269\n|turn|15\n|\n|t:|1781393840\n|move|p2a: Girafarig|Dazzling Gleam|p1a: Ting-Lu\n|-supereffective|p1a: Ting-Lu\n|-damage|p1a: Ting-Lu|13/370\n|move|p1a: Ting-Lu|Payback|p2a: Girafarig\n|-supereffective|p2a: Girafarig\n|-damage|p2a: Girafarig|101/269\n|\n|-heal|p1a: Ting-Lu|36/370|[from] item: Leftovers\n|upkeep\n|turn|16\n|\n|t:|1781393845\n|move|p2a: Girafarig|Dazzling Gleam|p1a: Ting-Lu\n|-supereffective|p1a: Ting-Lu\n|-damage|p1a: Ting-Lu|0 fnt\n|faint|p1a: Ting-Lu\n|\n|upkeep\n|\n|t:|1781393847\n|switch|p1a: Luvdisc|Luvdisc, M|247/247\n|turn|17\n|\n|t:|1781393850\n|move|p1a: Luvdisc|Surf|p2a: Girafarig\n|-damage|p2a: Girafarig|41/269\n|move|p2a: Girafarig|Thunderbolt|p1a: Luvdisc\n|-supereffective|p1a: Luvdisc\n|-damage|p1a: Luvdisc|95/247\n|-status|p1a: Luvdisc|par\n|\n|upkeep\n|turn|18\n|\n|t:|1781393855\n|move|p2a: Girafarig|Thunderbolt|p1a: Luvdisc\n|-supereffective|p1a: Luvdisc\n|-damage|p1a: Luvdisc|0 fnt\n|faint|p1a: Luvdisc\n|\n|upkeep\n|\n|t:|1781393857\n|switch|p1a: Rayquaza|Rayquaza, L72|270/270\n|-ability|p1a: Rayquaza|Air Lock\n|turn|19\n|\n|t:|1781393863\n|move|p1a: Rayquaza|Extreme Speed|p2a: Girafarig\n|-damage|p2a: Girafarig|0 fnt\n|faint|p2a: Girafarig\n|\n|upkeep\n|\n|t:|1781393865\n|switch|p2a: Sableye|Sableye, L88, F|231/231\n|turn|20\n|\n|t:|1781393878\n|switch|p1a: Reuniclus|Reuniclus, L88, F|337/337\n|move|p2a: Sableye|Encore||[still]\n|-fail|p2a: Sableye\n|\n|upkeep\n|turn|21\n|\n|t:|1781393890\n|move|p2a: Sableye|Thunder Wave|p1a: Reuniclus\n|-status|p1a: Reuniclus|par\n|move|p1a: Reuniclus|Calm Mind|p1a: Reuniclus\n|-boost|p1a: Reuniclus|spa|1\n|-boost|p1a: Reuniclus|spd|1\n|\n|upkeep\n|turn|22\n|\n|t:|1781393895\n|move|p2a: Sableye|Knock Off|p1a: Reuniclus\n|-supereffective|p1a: Reuniclus\n|-damage|p1a: Reuniclus|121/337 par\n|-enditem|p1a: Reuniclus|Life Orb|[from] move: Knock Off|[of] p2a: Sableye\n|cant|p1a: Reuniclus|par\n|\n|upkeep\n|turn|23\n|\n|t:|1781393899\n|move|p2a: Sableye|Knock Off|p1a: Reuniclus\n|-supereffective|p1a: Reuniclus\n|-damage|p1a: Reuniclus|0 fnt\n|faint|p1a: Reuniclus\n|\n|upkeep\n|\n|t:|1781393901\n|switch|p1a: Rayquaza|Rayquaza, L72|270/270\n|-ability|p1a: Rayquaza|Air Lock\n|turn|24\n|\n|t:|1781393906\n|move|p2a: Sableye|Thunder Wave|p1a: Rayquaza\n|-status|p1a: Rayquaza|par\n|move|p1a: Rayquaza|Dragon Ascent|p2a: Sableye\n|-damage|p2a: Sableye|84/231\n|-unboost|p1a: Rayquaza|def|1\n|-unboost|p1a: Rayquaza|spd|1\n|\n|-heal|p2a: Sableye|98/231|[from] item: Leftovers\n|upkeep\n|turn|25\n|\n|t:|1781393910\n|move|p2a: Sableye|Recover|p2a: Sableye\n|-heal|p2a: Sableye|214/231\n|move|p1a: Rayquaza|Dragon Ascent|p2a: Sableye\n|-damage|p2a: Sableye|66/231\n|-unboost|p1a: Rayquaza|def|1\n|-unboost|p1a: Rayquaza|spd|1\n|\n|-heal|p2a: Sableye|80/231|[from] item: Leftovers\n|upkeep\n|turn|26\n|\n|t:|1781393914\n|move|p2a: Sableye|Recover|p2a: Sableye\n|-heal|p2a: Sableye|196/231\n|move|p1a: Rayquaza|Dragon Ascent|p2a: Sableye\n|-damage|p2a: Sableye|48/231\n|-unboost|p1a: Rayquaza|def|1\n|-unboost|p1a: Rayquaza|spd|1\n|\n|-heal|p2a: Sableye|62/231|[from] item: Leftovers\n|upkeep\n|turn|27\n|\n|t:|1781393918\n|move|p2a: Sableye|Recover|p2a: Sableye\n|-heal|p2a: Sableye|178/231\n|move|p1a: Rayquaza|Earthquake|p2a: Sableye\n|-damage|p2a: Sableye|101/231\n|\n|-heal|p2a: Sableye|115/231|[from] item: Leftovers\n|upkeep\n|turn|28\n|\n|t:|1781393922\n|move|p2a: Sableye|Recover|p2a: Sableye\n|-heal|p2a: Sableye|231/231\n|move|p1a: Rayquaza|Dragon Ascent|p2a: Sableye\n|-damage|p2a: Sableye|86/231\n|-unboost|p1a: Rayquaza|def|1\n|-unboost|p1a: Rayquaza|spd|1\n|\n|-heal|p2a: Sableye|100/231|[from] item: Leftovers\n|upkeep\n|turn|29\n|\n|t:|1781393925\n|move|p2a: Sableye|Knock Off|p1a: Rayquaza\n|-damage|p1a: Rayquaza|0 fnt\n|-enditem|p1a: Rayquaza|Heavy-Duty Boots|[from] move: Knock Off|[of] p2a: Sableye\n|faint|p1a: Rayquaza\n|\n|win|stone douchebag\n|raw|greenfalcon81's rating: 1982 &rarr; <strong>1959</strong><br />(-23 for losing)\n|raw|stone douchebag's rating: 1931 &rarr; <strong>1954</strong><br />(+23 for winning)\n", "inputlog": ">version a8376a258c1d4662feba110a92103f3664a72141\n>start {\"formatid\":\"gen9randombattle\",\"seed\":\"sodium,cdb50d582026e50be0ed02aacd00191d\",\"rated\":\"Rated battle\"}\n>player p1 {\"name\":\"greenfalcon81\",\"avatar\":\"101\",\"rating\":1982,\"seed\":\"sodium,b1a83d524ea96f72fbcea5ebf0fb7e7c\"}\n>player p2 {\"name\":\"stone douchebag\",\"avatar\":\"266\",\"rating\":1931,\"seed\":\"sodium,d1b6d170aa989f3e851f0a4b0fd5541f\"}\n>p1 switch 5\n>p2 move voltswitch\n>p1 move stealthrock\n>p2 switch 2\n>p1 move payback\n>p2 move stoneaxe\n>p1 switch 5\n>p2 switch 3\n>p1 move iciclecrash\n>p2 move spikes\n>p1 move iciclecrash\n>p2 move spikes\n>p2 switch 3\n>p1 move iciclecrash\n>p2 move closecombat\n>p1 switch 2\n>p1 move flipturn\n>p2 switch 2\n>p1 switch 5\n>p1 move earthquake\n>p2 switch 6\n>p1 move payback\n>p2 move calmmind\n>p2 switch 2\n>p1 switch 4\n>p2 move xscissor\n>p1 switch 5\n>p1 move surf\n>p2 move xscissor\n>p2 switch 6\n>p1 switch 4\n>p2 move rapidspin\n>p1 move payback\n>p2 move terablast terastallize\n>p2 switch 4\n>p1 move payback\n>p2 move dazzlinggleam\n>p1 move payback\n>p2 move dazzlinggleam\n>p1 switch 4\n>p1 move surf\n>p2 move thunderbolt\n>p1 move flipturn\n>p2 move thunderbolt\n>p1 switch 3\n>p1 move extremespeed\n>p2 move dazzlinggleam\n>p2 switch 5\n>p1 switch 6\n>p2 move encore\n>p1 move calmmind\n>p2 move thunderwave\n>p1 move calmmind\n>p2 move knockoff\n>p1 move calmmind\n>p2 move knockoff\n>p1 switch 6\n>p1 move dragonascent\n>p2 move thunderwave\n>p1 move dragonascent\n>p2 move recover\n>p1 move dragonascent\n>p2 move recover\n>p1 move earthquake\n>p2 move recover\n>p1 move dragonascent\n>p2 move recover\n>p1 move dragonascent\n>p2 move knockoff", "uploadtime": 1781393646, "views": 5, "formatid": "gen9randombattle", "rating": 1954, "private": 0, "password": null}