{"id": "gen9randombattle-2631604718", "format": "[Gen 9] Random Battle", "players": ["LinkNinjaTC11", "sirsunnyyy"], "log": "|j|\u2606LinkNinjaTC11\n|j|\u2606sirsunnyyy\n|t:|1781407608\n|gametype|singles\n|player|p1|LinkNinjaTC11|veteran|1907\n|player|p2|sirsunnyyy|harlequin|1908\n|gen|9\n|tier|[Gen 9] Random Battle\n|rated|\n|rule|Species Clause: Limit one of each Pok\u00e9mon\n|rule|HP Percentage Mod: HP is shown in percentages\n|rule|Sleep Clause Mod: Limit one foe put to sleep\n|rule|Illusion Level Mod: Illusion disguises the Pok\u00e9mon's true level\n|\n|t:|1781407608\n|teamsize|p1|6\n|teamsize|p2|6\n|start\n|switch|p1a: Qwilfish|Qwilfish-Hisui, L83, M|244/244\n|switch|p2a: Flareon|Flareon, L90, F|263/263\n|-ability|p1a: Qwilfish|Intimidate|boost\n|-unboost|p2a: Flareon|atk|1\n|turn|1\n|inactive|Battle timer is ON: inactive players will automatically lose when time's up. (requested by sirsunnyyy)\n|inactive|LinkNinjaTC11 also wants the timer to be on.\n|inactive|sirsunnyyy has 120 seconds left.\n|\n|t:|1781407669\n|switch|p1a: Politoed|Politoed, L88, M|302/302\n|-weather|RainDance|[from] ability: Drizzle|[of] p1a: Politoed\n|move|p2a: Flareon|Flare Blitz|p1a: Politoed\n|-resisted|p1a: Politoed\n|-damage|p1a: Politoed|271/302\n|-damage|p2a: Flareon|253/263|[from] Recoil\n|\n|-weather|RainDance|[upkeep]\n|-status|p2a: Flareon|tox|[from] item: Toxic Orb\n|upkeep\n|turn|2\n|\n|t:|1781407679\n|switch|p2a: Floatzel|Floatzel, L86, F|286/286\n|move|p1a: Politoed|Ice Beam|p2a: Floatzel\n|-resisted|p2a: Floatzel\n|-damage|p2a: Floatzel|220/286\n|\n|-weather|RainDance|[upkeep]\n|-heal|p2a: Floatzel|237/286|[from] item: Leftovers\n|upkeep\n|turn|3\n|inactive|sirsunnyyy has 120 seconds left.\n|\n|t:|1781407722\n|switch|p1a: Qwilfish|Qwilfish-Hisui, L83, M|244/244\n|-ability|p1a: Qwilfish|Intimidate|boost\n|-unboost|p2a: Floatzel|atk|1\n|move|p2a: Floatzel|Bulk Up|p2a: Floatzel\n|-boost|p2a: Floatzel|atk|1\n|-boost|p2a: Floatzel|def|1\n|\n|-weather|RainDance|[upkeep]\n|-heal|p2a: Floatzel|254/286|[from] item: Leftovers\n|upkeep\n|turn|4\n|\n|t:|1781407738\n|move|p2a: Floatzel|Bulk Up|p2a: Floatzel\n|-boost|p2a: Floatzel|atk|1\n|-boost|p2a: Floatzel|def|1\n|move|p1a: Qwilfish|Gunk Shot|p2a: Floatzel\n|-damage|p2a: Floatzel|175/286\n|\n|-weather|RainDance|[upkeep]\n|-heal|p2a: Floatzel|192/286|[from] item: Leftovers\n|upkeep\n|turn|5\n|\n|t:|1781407747\n|move|p2a: Floatzel|Bulk Up|p2a: Floatzel\n|-boost|p2a: Floatzel|atk|1\n|-boost|p2a: Floatzel|def|1\n|move|p1a: Qwilfish|Gunk Shot|p2a: Floatzel|[miss]\n|-miss|p1a: Qwilfish|p2a: Floatzel\n|\n|-weather|none\n|-heal|p2a: Floatzel|209/286|[from] item: Leftovers\n|upkeep\n|turn|6\n|\n|t:|1781407752\n|move|p2a: Floatzel|Ice Spinner|p1a: Qwilfish\n|-crit|p1a: Qwilfish\n|-damage|p1a: Qwilfish|107/244\n|move|p1a: Qwilfish|Gunk Shot|p2a: Floatzel\n|-crit|p2a: Floatzel\n|-damage|p2a: Floatzel|0 fnt\n|faint|p2a: Floatzel\n|\n|upkeep\n|c|\u2606sirsunnyyy|WOW\n|c|\u2606LinkNinjaTC11|unlucky\n|inactive|sirsunnyyy has 120 seconds left.\n|c|\u2606sirsunnyyy|i always am sadly\n|c|\u2606LinkNinjaTC11|u got very greedy with rain up\n|c|\u2606sirsunnyyy|naw i 2 shot either way\n|c|\u2606LinkNinjaTC11|not if u crit lol\n|c|\u2606sirsunnyyy|naw even without crit\n|inactive|sirsunnyyy has 90 seconds left.\n|c|\u2606sirsunnyyy|pull up calc\n|\n|t:|1781407799\n|switch|p2a: Ambipom|Ambipom, L84, M|263/263\n|turn|7\n|\n|t:|1781407804\n|switch|p1a: Sudowoodo|Sudowoodo, L94, F|284/284\n|move|p2a: Ambipom|Double-Edge|p1a: Sudowoodo\n|-resisted|p1a: Sudowoodo\n|-damage|p1a: Sudowoodo|217/284\n|-damage|p2a: Ambipom|241/263|[from] Recoil\n|\n|-heal|p1a: Sudowoodo|234/284|[from] item: Leftovers\n|upkeep\n|turn|8\n|inactive|sirsunnyyy has 90 seconds left.\n|inactive|sirsunnyyy has 60 seconds left.\n|\n|t:|1781407850\n|switch|p2a: Iron Moth|Iron Moth, L78|253/253\n|move|p1a: Sudowoodo|Head Smash|p2a: Iron Moth\n|-supereffective|p2a: Iron Moth\n|-damage|p2a: Iron Moth|0 fnt\n|faint|p2a: Iron Moth\n|-end|p2a: Iron Moth|Quark Drive|[silent]\n|\n|-heal|p1a: Sudowoodo|251/284|[from] item: Leftovers\n|upkeep\n|inactive|sirsunnyyy has 60 seconds left.\n|c|\u2606sirsunnyyy|ggs\n|-message|sirsunnyyy forfeited.\n|\n|win|LinkNinjaTC11\n", "uploadtime": 1781407611, "views": 5, "formatid": "gen9randombattle", "rating": null, "private": 0, "password": null}