{"id": "gen9randombattle-2631731653", "format": "[Gen 9] Random Battle", "players": ["Oginotakashi", "duuhhao"], "log": "|j|\u2606Oginotakashi\n|j|\u2606duuhhao\n|t:|1781430285\n|gametype|singles\n|player|p1|Oginotakashi|1|2142\n|player|p2|duuhhao|clair|2178\n|gen|9\n|tier|[Gen 9] Random Battle\n|rated|\n|rule|Species Clause: Limit one of each Pok\u00e9mon\n|rule|HP Percentage Mod: HP is shown in percentages\n|rule|Sleep Clause Mod: Limit one foe put to sleep\n|rule|Illusion Level Mod: Illusion disguises the Pok\u00e9mon's true level\n|\n|t:|1781430285\n|teamsize|p1|6\n|teamsize|p2|6\n|start\n|switch|p1a: Calyrex|Calyrex-Ice, L72|263/263\n|switch|p2a: Iron Hands|Iron Hands, L79|373/373\n|-ability|p1a: Calyrex|As One\n|-ability|p1a: Calyrex|Unnerve\n|turn|1\n|\n|t:|1781430295\n|move|p2a: Iron Hands|Drain Punch|p1a: Calyrex\n|-damage|p1a: Calyrex|194/263\n|move|p1a: Calyrex|High Horsepower|p2a: Iron Hands\n|-supereffective|p2a: Iron Hands\n|-damage|p2a: Iron Hands|241/373\n|\n|-heal|p2a: Iron Hands|264/373|[from] item: Leftovers\n|upkeep\n|turn|2\n|\n|t:|1781430300\n|move|p2a: Iron Hands|Swords Dance|p2a: Iron Hands\n|-boost|p2a: Iron Hands|atk|2\n|move|p1a: Calyrex|High Horsepower|p2a: Iron Hands\n|-supereffective|p2a: Iron Hands\n|-damage|p2a: Iron Hands|114/373\n|\n|-heal|p2a: Iron Hands|137/373|[from] item: Leftovers\n|upkeep\n|turn|3\n|\n|t:|1781430307\n|switch|p1a: Alcremie|Alcremie-Ruby-Cream, L90, F|263/263\n|move|p2a: Iron Hands|Wild Charge|p1a: Alcremie\n|-damage|p1a: Alcremie|11/263\n|-damage|p2a: Iron Hands|74/373|[from] Recoil\n|\n|-heal|p1a: Alcremie|27/263|[from] item: Leftovers\n|-heal|p2a: Iron Hands|97/373|[from] item: Leftovers\n|upkeep\n|turn|4\n|\n|t:|1781430315\n|-end|p2a: Iron Hands|Quark Drive|[silent]\n|switch|p2a: Muk|Muk, L86, M|321/321\n|move|p1a: Alcremie|Alluring Voice|p2a: Muk\n|-resisted|p2a: Muk\n|-damage|p2a: Muk|287/321\n|\n|-heal|p1a: Alcremie|43/263|[from] item: Leftovers\n|upkeep\n|turn|5\n|\n|t:|1781430325\n|switch|p1a: Coalossal|Coalossal, L89, M|341/341\n|move|p2a: Muk|Shadow Sneak|p1a: Coalossal\n|-damage|p1a: Coalossal|317/341\n|-status|p1a: Coalossal|psn|[from] ability: Poison Touch|[of] p2a: Muk\n|\n|-damage|p1a: Coalossal|275/341 psn|[from] psn\n|upkeep\n|turn|6\n|\n|t:|1781430329\n|switch|p2a: Iron Hands|Iron Hands, L79|97/373\n|move|p1a: Coalossal|Spikes|p2a: Iron Hands\n|-sidestart|p2: duuhhao|Spikes\n|\n|-heal|p2a: Iron Hands|120/373|[from] item: Leftovers\n|-damage|p1a: Coalossal|233/341 psn|[from] psn\n|upkeep\n|turn|7\n|\n|t:|1781430341\n|switch|p1a: Electrode|Electrode-Hisui, L87|246/246\n|move|p2a: Iron Hands|Drain Punch|p1a: Electrode\n|-damage|p1a: Electrode|143/246\n|-heal|p2a: Iron Hands|172/373|[from] drain|[of] p1a: Electrode\n|\n|-heal|p1a: Electrode|158/246|[from] item: Leftovers\n|-heal|p2a: Iron Hands|195/373|[from] item: Leftovers\n|upkeep\n|turn|8\n|\n|t:|1781430348\n|move|p1a: Electrode|Leech Seed|p2a: Iron Hands\n|-start|p2a: Iron Hands|move: Leech Seed\n|move|p2a: Iron Hands|Drain Punch|p1a: Electrode\n|-damage|p1a: Electrode|41/246\n|-heal|p2a: Iron Hands|254/373|[from] drain|[of] p1a: Electrode\n|\n|-heal|p1a: Electrode|56/246|[from] item: Leftovers\n|-heal|p2a: Iron Hands|277/373|[from] item: Leftovers\n|-damage|p2a: Iron Hands|231/373|[from] Leech Seed|[of] p1a: Electrode\n|-heal|p1a: Electrode|102/246|[silent]\n|upkeep\n|turn|9\n|\n|t:|1781430356\n|-end|p2a: Iron Hands|Quark Drive|[silent]\n|switch|p2a: Muk|Muk, L86, M|287/321\n|-damage|p2a: Muk|247/321|[from] Spikes\n|move|p1a: Electrode|Substitute|p1a: Electrode\n|-start|p1a: Electrode|Substitute\n|-damage|p1a: Electrode|41/246\n|\n|-heal|p1a: Electrode|56/246|[from] item: Leftovers\n|upkeep\n|turn|10\n|\n|t:|1781430360\n|move|p1a: Electrode|Leech Seed|p2a: Muk\n|-start|p2a: Muk|move: Leech Seed\n|move|p2a: Muk|Knock Off|p1a: Electrode\n|-end|p1a: Electrode|Substitute\n|\n|-heal|p1a: Electrode|71/246|[from] item: Leftovers\n|-damage|p2a: Muk|207/321|[from] Leech Seed|[of] p1a: Electrode\n|-heal|p1a: Electrode|111/246|[silent]\n|upkeep\n|turn|11\n|\n|t:|1781430374\n|switch|p1a: Coalossal|Coalossal, L89, M|233/341 psn\n|move|p2a: Muk|Shadow Sneak|p1a: Coalossal\n|-damage|p1a: Coalossal|208/341 psn\n|\n|-damage|p2a: Muk|167/321|[from] Leech Seed|[of] p1a: Coalossal\n|-heal|p1a: Coalossal|248/341 psn|[silent]\n|-damage|p1a: Coalossal|206/341 psn|[from] psn\n|upkeep\n|turn|12\n|\n|t:|1781430380\n|switch|p2a: Iron Hands|Iron Hands, L79|231/373\n|-damage|p2a: Iron Hands|185/373|[from] Spikes\n|move|p1a: Coalossal|Stealth Rock|p2a: Iron Hands\n|-sidestart|p2: duuhhao|move: Stealth Rock\n|\n|-heal|p2a: Iron Hands|208/373|[from] item: Leftovers\n|-damage|p1a: Coalossal|164/341 psn|[from] psn\n|upkeep\n|turn|13\n|\n|t:|1781430391\n|switch|p1a: Gurdurr|Gurdurr, L85, F|283/283\n|move|p2a: Iron Hands|Drain Punch|p1a: Gurdurr\n|-damage|p1a: Gurdurr|223/283\n|-heal|p2a: Iron Hands|238/373|[from] drain|[of] p1a: Gurdurr\n|\n|-heal|p2a: Iron Hands|261/373|[from] item: Leftovers\n|upkeep\n|turn|14\n|\n|t:|1781430404\n|-end|p2a: Iron Hands|Quark Drive|[silent]\n|switch|p2a: Muk|Muk, L86, M|167/321\n|-damage|p2a: Muk|127/321|[from] Spikes\n|-damage|p2a: Muk|87/321|[from] Stealth Rock\n|move|p1a: Gurdurr|Knock Off|p2a: Muk\n|-crit|p2a: Muk\n|-damage|p2a: Muk|0 fnt\n|-enditem|p2a: Muk|Assault Vest|[from] move: Knock Off|[of] p1a: Gurdurr\n|faint|p2a: Muk\n|\n|upkeep\n|\n|t:|1781430415\n|switch|p2a: Pincurchin|Pincurchin, F|258/258\n|-damage|p2a: Pincurchin|226/258|[from] Spikes\n|-damage|p2a: Pincurchin|194/258|[from] Stealth Rock\n|-fieldstart|move: Electric Terrain|[from] ability: Electric Surge|[of] p2a: Pincurchin\n|turn|15\n|\n|t:|1781430423\n|switch|p1a: Electrode|Electrode-Hisui, L87|111/246\n|move|p2a: Pincurchin|Curse|p2a: Pincurchin\n|-unboost|p2a: Pincurchin|spe|1\n|-boost|p2a: Pincurchin|atk|1\n|-boost|p2a: Pincurchin|def|1\n|\n|-heal|p1a: Electrode|126/246|[from] item: Leftovers\n|-heal|p2a: Pincurchin|210/258|[from] item: Leftovers\n|upkeep\n|turn|16\n|\n|t:|1781430426\n|move|p1a: Electrode|Leech Seed|p2a: Pincurchin\n|-start|p2a: Pincurchin|move: Leech Seed\n|move|p2a: Pincurchin|Zing Zap|p1a: Electrode\n|-resisted|p1a: Electrode\n|-damage|p1a: Electrode|53/246\n|\n|-heal|p1a: Electrode|68/246|[from] item: Leftovers\n|-heal|p2a: Pincurchin|226/258|[from] item: Leftovers\n|-damage|p2a: Pincurchin|194/258|[from] Leech Seed|[of] p1a: Electrode\n|-heal|p1a: Electrode|100/246|[silent]\n|upkeep\n|turn|17\n|\n|t:|1781430431\n|switch|p2a: Hitmonlee|Hitmonlee, L85, M|224/224\n|-damage|p2a: Hitmonlee|196/224|[from] Spikes\n|-damage|p2a: Hitmonlee|182/224|[from] Stealth Rock\n|move|p1a: Electrode|Substitute|p1a: Electrode\n|-start|p1a: Electrode|Substitute\n|-damage|p1a: Electrode|39/246\n|\n|-heal|p1a: Electrode|54/246|[from] item: Leftovers\n|upkeep\n|turn|18\n|\n|t:|1781430434\n|move|p1a: Electrode|Thunderbolt|p2a: Hitmonlee\n|-damage|p2a: Hitmonlee|92/224\n|move|p2a: Hitmonlee|Close Combat|p1a: Electrode\n|-end|p1a: Electrode|Substitute\n|-unboost|p2a: Hitmonlee|def|1\n|-unboost|p2a: Hitmonlee|spd|1\n|-enditem|p2a: Hitmonlee|White Herb\n|-clearnegativeboost|p2a: Hitmonlee|[silent]\n|\n|-heal|p1a: Electrode|69/246|[from] item: Leftovers\n|upkeep\n|turn|19\n|\n|t:|1781430442\n|switch|p1a: Coalossal|Coalossal, L89, M|164/341 psn\n|move|p2a: Hitmonlee|Knock Off|p1a: Coalossal\n|-damage|p1a: Coalossal|103/341 psn\n|-status|p2a: Hitmonlee|brn|[from] ability: Flame Body|[of] p1a: Coalossal\n|-enditem|p1a: Coalossal|Heavy-Duty Boots|[from] move: Knock Off|[of] p2a: Hitmonlee\n|\n|-damage|p1a: Coalossal|61/341 psn|[from] psn\n|-damage|p2a: Hitmonlee|78/224 brn|[from] brn\n|-fieldend|move: Electric Terrain\n|upkeep\n|turn|20\n|\n|t:|1781430447\n|move|p2a: Hitmonlee|Swords Dance|p2a: Hitmonlee\n|-boost|p2a: Hitmonlee|atk|2\n|move|p1a: Coalossal|Flamethrower|p2a: Hitmonlee\n|-damage|p2a: Hitmonlee|3/224 brn\n|\n|-damage|p1a: Coalossal|19/341 psn|[from] psn\n|-damage|p2a: Hitmonlee|0 fnt|[from] brn\n|faint|p2a: Hitmonlee\n|upkeep\n|\n|t:|1781430453\n|switch|p2a: Iron Hands|Iron Hands, L79|261/373\n|-damage|p2a: Iron Hands|215/373|[from] Spikes\n|-damage|p2a: Iron Hands|192/373|[from] Stealth Rock\n|turn|21\n|\n|t:|1781430459\n|move|p2a: Iron Hands|Drain Punch|p1a: Coalossal\n|-supereffective|p1a: Coalossal\n|-damage|p1a: Coalossal|0 fnt\n|-heal|p2a: Iron Hands|202/373|[from] drain|[of] p1a: Coalossal\n|faint|p1a: Coalossal\n|\n|-heal|p2a: Iron Hands|225/373|[from] item: Leftovers\n|upkeep\n|\n|t:|1781430462\n|switch|p1a: Alcremie|Alcremie-Ruby-Cream, L90, F|43/263\n|turn|22\n|\n|t:|1781430464\n|move|p1a: Alcremie|Recover|p1a: Alcremie\n|-heal|p1a: Alcremie|175/263\n|move|p2a: Iron Hands|Swords Dance|p2a: Iron Hands\n|-boost|p2a: Iron Hands|atk|2\n|\n|-heal|p1a: Alcremie|191/263|[from] item: Leftovers\n|-heal|p2a: Iron Hands|248/373|[from] item: Leftovers\n|upkeep\n|turn|23\n|\n|t:|1781430468\n|-terastallize|p2a: Iron Hands|Flying\n|move|p1a: Alcremie|Alluring Voice|p2a: Iron Hands\n|-damage|p2a: Iron Hands|112/373\n|move|p2a: Iron Hands|Wild Charge|p1a: Alcremie\n|-damage|p1a: Alcremie|0 fnt\n|faint|p1a: Alcremie\n|-damage|p2a: Iron Hands|64/373|[from] Recoil\n|\n|-heal|p2a: Iron Hands|87/373|[from] item: Leftovers\n|upkeep\n|\n|t:|1781430474\n|switch|p1a: Electrode|Electrode-Hisui, L87|69/246\n|turn|24\n|\n|t:|1781430477\n|move|p1a: Electrode|Thunderbolt|p2a: Iron Hands\n|-supereffective|p2a: Iron Hands\n|-damage|p2a: Iron Hands|0 fnt\n|faint|p2a: Iron Hands\n|-end|p2a: Iron Hands|Quark Drive|[silent]\n|\n|-heal|p1a: Electrode|84/246|[from] item: Leftovers\n|upkeep\n|\n|t:|1781430479\n|switch|p2a: Dragapult|Dragapult, L77, M|262/262\n|-damage|p2a: Dragapult|230/262|[from] Spikes\n|-damage|p2a: Dragapult|198/262|[from] Stealth Rock\n|turn|25\n|\n|t:|1781430484\n|switch|p1a: Mandibuzz|Mandibuzz, L85, F|326/326\n|move|p2a: Dragapult|Dragon Dance|p2a: Dragapult\n|-boost|p2a: Dragapult|atk|1\n|-boost|p2a: Dragapult|spe|1\n|\n|upkeep\n|turn|26\n|\n|t:|1781430490\n|move|p2a: Dragapult|Dragon Darts|p1a: Mandibuzz\n|-damage|p1a: Mandibuzz|239/326\n|-anim|p2a: Dragapult|Dragon Darts|p1a: Mandibuzz\n|-damage|p1a: Mandibuzz|142/326\n|-damage|p2a: Dragapult|172/262|[from] item: Life Orb\n|move|p1a: Mandibuzz|Knock Off|p2a: Dragapult\n|-supereffective|p2a: Dragapult\n|-damage|p2a: Dragapult|0 fnt\n|-enditem|p2a: Dragapult|Life Orb|[from] move: Knock Off|[of] p1a: Mandibuzz\n|faint|p2a: Dragapult\n|\n|upkeep\n|\n|t:|1781430494\n|switch|p2a: Pincurchin|Pincurchin, F|194/258\n|-damage|p2a: Pincurchin|162/258|[from] Spikes\n|-damage|p2a: Pincurchin|130/258|[from] Stealth Rock\n|-fieldstart|move: Electric Terrain|[from] ability: Electric Surge|[of] p2a: Pincurchin\n|turn|27\n|\n|t:|1781430497\n|switch|p1a: Electrode|Electrode-Hisui, L87|84/246\n|move|p2a: Pincurchin|Zing Zap|p1a: Electrode\n|-resisted|p1a: Electrode\n|-damage|p1a: Electrode|40/246\n|\n|-heal|p1a: Electrode|55/246|[from] item: Leftovers\n|-heal|p2a: Pincurchin|146/258|[from] item: Leftovers\n|upkeep\n|turn|28\n|\n|t:|1781430505\n|move|p1a: Electrode|Leech Seed|p2a: Pincurchin\n|-start|p2a: Pincurchin|move: Leech Seed\n|move|p2a: Pincurchin|Zing Zap|p1a: Electrode\n|-resisted|p1a: Electrode\n|-damage|p1a: Electrode|9/246\n|\n|-heal|p1a: Electrode|24/246|[from] item: Leftovers\n|-heal|p2a: Pincurchin|162/258|[from] item: Leftovers\n|-damage|p2a: Pincurchin|130/258|[from] Leech Seed|[of] p1a: Electrode\n|-heal|p1a: Electrode|56/246|[silent]\n|upkeep\n|turn|29\n|-message|duuhhao forfeited.\n|\n|win|Oginotakashi\n", "inputlog": ">version a8376a258c1d4662feba110a92103f3664a72141\n>start {\"formatid\":\"gen9randombattle\",\"seed\":\"sodium,8065cd5e653b2530c6525be77fe019a9\",\"rated\":\"Rated battle\"}\n>player p1 {\"name\":\"Oginotakashi\",\"avatar\":\"1\",\"rating\":2142,\"seed\":\"sodium,de0bbcc683ad553667f1930b1fbb669c\"}\n>player p2 {\"name\":\"duuhhao\",\"avatar\":\"clair\",\"rating\":2178,\"seed\":\"sodium,57491ca854ff17b6fa2515e75c724290\"}\n>p1 move highhorsepower\n>p2 move drainpunch\n>p1 move highhorsepower\n>p2 move swordsdance\n>p1 switch 5\n>p2 move wildcharge\n>p1 move alluringvoice\n>p2 switch 2\n>p1 switch 3\n>p2 move shadowsneak\n>p1 move spikes\n>p2 switch 2\n>p1 switch 6\n>p2 move drainpunch\n>p1 move leechseed\n>p2 move drainpunch\n>p1 move substitute\n>p2 switch 2\n>p1 move leechseed\n>p2 move knockoff\n>p1 switch 6\n>p2 move shadowsneak\n>p1 move stealthrock\n>p2 switch 2\n>p1 switch 4\n>p2 move drainpunch\n>p1 move knockoff\n>p2 switch 2\n>p2 switch 4\n>p1 switch 6\n>p2 move curse\n>p1 move leechseed\n>p2 move zingzap\n>p1 move substitute\n>p2 switch 5\n>p1 move thunderbolt\n>p2 move closecombat\n>p1 switch 4\n>p2 move knockoff\n>p1 move flamethrower\n>p2 move swordsdance\n>p2 switch 2\n>p1 move flamethrower\n>p2 move drainpunch\n>p1 switch 3\n>p1 move recover\n>p2 move swordsdance\n>p1 move alluringvoice\n>p2 move wildcharge terastallize\n>p1 switch 4\n>p1 move thunderbolt\n>p2 move drainpunch\n>p2 switch 3\n>p1 switch 2\n>p2 move dragondance\n>p1 move knockoff\n>p2 move dragondarts\n>p2 switch 5\n>p1 switch 2\n>p2 move zingzap\n>p1 move leechseed\n>p2 move zingzap\n>forcelose p2", "uploadtime": 1781430287, "views": 8, "formatid": "gen9randombattle", "rating": null, "private": 0, "password": null}