{"id": "gen9randombattle-2631726005", "format": "[Gen 9] Random Battle", "players": ["pablovr", "arukanu"], "log": "|j|\u2606pablovr\n|j|\u2606arukanu\n|t:|1781429273\n|gametype|singles\n|player|p1|pablovr|hiker-gen4|1946\n|player|p2|arukanu|caitlin|1984\n|gen|9\n|tier|[Gen 9] Random Battle\n|rated|\n|rule|Species Clause: Limit one of each Pok\u00e9mon\n|rule|HP Percentage Mod: HP is shown in percentages\n|rule|Sleep Clause Mod: Limit one foe put to sleep\n|rule|Illusion Level Mod: Illusion disguises the Pok\u00e9mon's true level\n|\n|t:|1781429273\n|teamsize|p1|6\n|teamsize|p2|6\n|start\n|switch|p1a: Okidogi|Okidogi, L77, M|262/262\n|switch|p2a: Latios|Latios, L78, M|253/253\n|turn|1\n|inactive|Battle timer is ON: inactive players will automatically lose when time's up. (requested by arukanu)\n|\n|t:|1781429287\n|switch|p1a: Bombirdier|Bombirdier, L85, M|258/258\n|move|p2a: Latios|Luster Purge|p1a: Bombirdier\n|-immune|p1a: Bombirdier\n|\n|upkeep\n|turn|2\n|\n|t:|1781429294\n|switch|p2a: Revavroom|Revavroom, L79, M|256/256\n|move|p1a: Bombirdier|U-turn|p2a: Revavroom\n|-resisted|p2a: Revavroom\n|-damage|p2a: Revavroom|242/256\n|\n|t:|1781429306\n|switch|p1a: Volcarona|Volcarona, L77, F|257/257|[from] U-turn\n|\n|upkeep\n|turn|3\n|\n|t:|1781429312\n|move|p1a: Volcarona|Fire Blast|p2a: Revavroom\n|-supereffective|p2a: Revavroom\n|-damage|p2a: Revavroom|8/256\n|move|p2a: Revavroom|Shift Gear|p2a: Revavroom\n|-boost|p2a: Revavroom|spe|2\n|-boost|p2a: Revavroom|atk|1\n|\n|upkeep\n|turn|4\n|\n|t:|1781429335\n|switch|p1a: Okidogi|Okidogi, L77, M|262/262\n|move|p2a: Revavroom|High Horsepower|p1a: Okidogi\n|-supereffective|p1a: Okidogi\n|-damage|p1a: Okidogi|0 fnt\n|faint|p1a: Okidogi\n|-damage|p2a: Revavroom|0 fnt|[from] item: Life Orb\n|faint|p2a: Revavroom\n|\n|upkeep\n|\n|t:|1781429348\n|switch|p2a: Swanna|Swanna, L89, M|278/278\n|switch|p1a: Bombirdier|Bombirdier, L85, M|258/258\n|turn|5\n|l|\u2606pablovr\n|inactive|pablovr disconnected and has a minute to reconnect!\n|player|p1|\n|j|\u2606pablovr\n|inactive|pablovr reconnected and has 125 seconds left.\n|player|p1|pablovr|hiker-gen4|\n|inactive|pablovr has 120 seconds left.\n|\n|t:|1781429370\n|move|p2a: Swanna|Brave Bird|p1a: Bombirdier\n|-damage|p1a: Bombirdier|125/258\n|-damage|p2a: Swanna|234/278|[from] Recoil\n|move|p1a: Bombirdier|Knock Off|p2a: Swanna\n|-damage|p2a: Swanna|96/278\n|-enditem|p2a: Swanna|Heavy-Duty Boots|[from] move: Knock Off|[of] p1a: Bombirdier\n|\n|upkeep\n|turn|6\n|inactive|pablovr has 120 seconds left.\n|\n|t:|1781429386\n|move|p2a: Swanna|Roost|p2a: Swanna\n|-heal|p2a: Swanna|235/278\n|-singleturn|p2a: Swanna|move: Roost\n|move|p1a: Bombirdier|Roost|p1a: Bombirdier\n|-heal|p1a: Bombirdier|254/258\n|-singleturn|p1a: Bombirdier|move: Roost\n|\n|upkeep\n|turn|7\n|\n|t:|1781429394\n|move|p2a: Swanna|Brave Bird|p1a: Bombirdier\n|-damage|p1a: Bombirdier|130/258\n|-damage|p2a: Swanna|194/278|[from] Recoil\n|move|p1a: Bombirdier|U-turn|p2a: Swanna\n|-resisted|p2a: Swanna\n|-damage|p2a: Swanna|159/278\n|inactive|pablovr has 120 seconds left.\n|\n|t:|1781429424\n|switch|p1a: Gengar|Gengar, L81, F|230/230|[from] U-turn\n|\n|upkeep\n|turn|8\n|\n|t:|1781429436\n|switch|p2a: Ambipom|Ambipom, L84, F|263/263\n|move|p1a: Gengar|Sludge Wave|p2a: Ambipom\n|-damage|p2a: Ambipom|44/263\n|\n|upkeep\n|turn|9\n|\n|t:|1781429444\n|switch|p1a: Bombirdier|Bombirdier, L85, M|130/258\n|move|p2a: Ambipom|Knock Off|p1a: Bombirdier\n|-resisted|p1a: Bombirdier\n|-damage|p1a: Bombirdier|79/258\n|-enditem|p1a: Bombirdier|Heavy-Duty Boots|[from] move: Knock Off|[of] p2a: Ambipom\n|\n|upkeep\n|turn|10\n|inactive|pablovr has 120 seconds left.\n|\n|t:|1781429450\n|switch|p2a: Swanna|Swanna, L89, M|159/278\n|move|p1a: Bombirdier|Roost|p1a: Bombirdier\n|-heal|p1a: Bombirdier|208/258\n|-singleturn|p1a: Bombirdier|move: Roost\n|\n|upkeep\n|turn|11\n|\n|t:|1781429454\n|move|p2a: Swanna|Roost|p2a: Swanna\n|-heal|p2a: Swanna|278/278\n|-singleturn|p2a: Swanna|move: Roost\n|move|p1a: Bombirdier|Brave Bird|p2a: Swanna\n|-damage|p2a: Swanna|125/278\n|-damage|p1a: Bombirdier|158/258|[from] Recoil\n|\n|upkeep\n|turn|12\n|\n|t:|1781429464\n|move|p2a: Swanna|Roost|p2a: Swanna\n|-heal|p2a: Swanna|264/278\n|-singleturn|p2a: Swanna|move: Roost\n|move|p1a: Bombirdier|Brave Bird|p2a: Swanna\n|-damage|p2a: Swanna|110/278\n|-damage|p1a: Bombirdier|107/258|[from] Recoil\n|\n|upkeep\n|turn|13\n|\n|t:|1781429471\n|move|p2a: Swanna|Brave Bird|p1a: Bombirdier\n|-damage|p1a: Bombirdier|0 fnt\n|faint|p1a: Bombirdier\n|-damage|p2a: Swanna|75/278|[from] Recoil\n|\n|upkeep\n|\n|t:|1781429476\n|switch|p1a: Gengar|Gengar, L81, F|230/230\n|turn|14\n|\n|t:|1781429480\n|move|p1a: Gengar|Sludge Wave|p2a: Swanna\n|-damage|p2a: Swanna|0 fnt\n|faint|p2a: Swanna\n|\n|upkeep\n|\n|t:|1781429483\n|switch|p2a: Ambipom|Ambipom, L84, F|44/263\n|turn|15\n|\n|t:|1781429493\n|switch|p1a: Samurott|Samurott, L88, M|310/310\n|move|p2a: Ambipom|Knock Off|p1a: Samurott\n|-crit|p1a: Samurott\n|-damage|p1a: Samurott|161/310\n|-enditem|p1a: Samurott|Life Orb|[from] move: Knock Off|[of] p2a: Ambipom\n|\n|upkeep\n|turn|16\n|\n|t:|1781429500\n|switch|p2a: Appletun|Appletun, L92, F|352/352\n|move|p1a: Samurott|Knock Off|p2a: Appletun\n|-damage|p2a: Appletun|280/352\n|-enditem|p2a: Appletun|Leftovers|[from] move: Knock Off|[of] p1a: Samurott\n|\n|upkeep\n|turn|17\n|\n|t:|1781429510\n|move|p1a: Samurott|Sacred Sword|p2a: Appletun\n|-crit|p2a: Appletun\n|-damage|p2a: Appletun|169/352\n|move|p2a: Appletun|Apple Acid|p1a: Samurott\n|-supereffective|p1a: Samurott\n|-damage|p1a: Samurott|0 fnt\n|faint|p1a: Samurott\n|\n|upkeep\n|\n|t:|1781429516\n|switch|p1a: Gengar|Gengar, L81, F|230/230\n|turn|18\n|\n|t:|1781429523\n|-terastallize|p2a: Appletun|Steel\n|move|p1a: Gengar|Sludge Wave|p2a: Appletun\n|-immune|p2a: Appletun\n|move|p2a: Appletun|Recover|p2a: Appletun\n|-heal|p2a: Appletun|345/352\n|\n|upkeep\n|turn|19\n|\n|t:|1781429528\n|switch|p1a: Volcarona|Volcarona, L77, F|257/257\n|move|p2a: Appletun|Leech Seed|p1a: Volcarona\n|-start|p1a: Volcarona|move: Leech Seed\n|\n|-damage|p1a: Volcarona|225/257|[from] Leech Seed|[of] p2a: Appletun\n|-heal|p2a: Appletun|352/352|[silent]\n|upkeep\n|turn|20\n|\n|t:|1781429539\n|move|p1a: Volcarona|Fire Blast|p2a: Appletun\n|-supereffective|p2a: Appletun\n|-damage|p2a: Appletun|220/352\n|move|p2a: Appletun|Apple Acid|p1a: Volcarona\n|-resisted|p1a: Volcarona\n|-damage|p1a: Volcarona|199/257\n|-unboost|p1a: Volcarona|spd|1\n|\n|-damage|p1a: Volcarona|167/257|[from] Leech Seed|[of] p2a: Appletun\n|-heal|p2a: Appletun|252/352|[silent]\n|upkeep\n|turn|21\n|-message|pablovr forfeited.\n|\n|win|arukanu\n", "inputlog": ">version a8376a258c1d4662feba110a92103f3664a72141\n>start {\"formatid\":\"gen9randombattle\",\"seed\":\"sodium,c6bcaf31c87260724a827c5c26f55b1d\",\"rated\":\"Rated battle\"}\n>player p1 {\"name\":\"pablovr\",\"avatar\":\"hiker-gen4\",\"rating\":1946,\"seed\":\"sodium,657ce7d654e939b16d8a9b86b7492d5f\"}\n>player p2 {\"name\":\"arukanu\",\"avatar\":\"caitlin\",\"rating\":1984,\"seed\":\"sodium,1a814a18defd0a94a1054d129e4a100a\"}\n>p1 switch 6\n>p2 move lusterpurge\n>p1 move uturn\n>p2 switch 2\n>p1 switch 2\n>p1 move fireblast\n>p2 move shiftgear\n>p1 switch 6\n>p2 move highhorsepower\n>p1 switch 2\n>p2 switch 3\n>p1 move knockoff\n>p2 move bravebird\n>p1 move roost\n>p2 move roost\n>p1 move uturn\n>p2 move bravebird\n>p1 switch 3\n>p1 move sludgewave\n>p2 switch 4\n>p1 switch 3\n>p2 move knockoff\n>p1 move roost\n>p2 switch 4\n>p1 move bravebird\n>p2 move roost\n>p1 move bravebird\n>p2 move roost\n>p1 move roost\n>p2 move bravebird\n>p1 switch 3\n>p1 move sludgewave\n>p2 move bravebird\n>p2 switch 4\n>p1 switch 5\n>p2 move knockoff\n>p1 move knockoff\n>p2 switch 6\n>p1 move sacredsword\n>p2 move appleacid\n>p1 switch 5\n>p1 move sludgewave\n>p2 move recover terastallize\n>p1 switch 6\n>p2 move leechseed\n>p1 move fireblast\n>p2 move appleacid\n>forcelose p1", "uploadtime": 1781429275, "views": 7, "formatid": "gen9randombattle", "rating": null, "private": 0, "password": null}