{"id": "gen9randombattle-2631645857", "format": "[Gen 9] Random Battle", "players": ["Procrastinasian", "marper8"], "log": "|j|\u2606Procrastinasian\n|j|\u2606marper8\n|t:|1781414156\n|gametype|singles\n|player|p1|Procrastinasian|169|2096\n|player|p2|marper8|170|2166\n|gen|9\n|tier|[Gen 9] Random Battle\n|rated|\n|rule|Species Clause: Limit one of each Pok\u00e9mon\n|rule|HP Percentage Mod: HP is shown in percentages\n|rule|Sleep Clause Mod: Limit one foe put to sleep\n|rule|Illusion Level Mod: Illusion disguises the Pok\u00e9mon's true level\n|\n|t:|1781414156\n|teamsize|p1|6\n|teamsize|p2|6\n|start\n|switch|p1a: Arbok|Arbok, L87, M|246/246\n|switch|p2a: Charizard|Charizard, L85, F|271/271\n|-ability|p1a: Arbok|Intimidate|boost\n|-unboost|p2a: Charizard|atk|1\n|turn|1\n|inactive|Battle timer is ON: inactive players will automatically lose when time's up. (requested by marper8)\n|\n|t:|1781414177\n|move|p2a: Charizard|Will-O-Wisp|p1a: Arbok\n|-status|p1a: Arbok|brn\n|move|p1a: Arbok|Coil|p1a: Arbok\n|-boost|p1a: Arbok|atk|1\n|-boost|p1a: Arbok|def|1\n|-boost|p1a: Arbok|accuracy|1\n|\n|-damage|p1a: Arbok|231/246 brn|[from] brn\n|upkeep\n|turn|2\n|\n|t:|1781414181\n|move|p2a: Charizard|Flamethrower|p1a: Arbok\n|-damage|p1a: Arbok|123/246 brn\n|move|p1a: Arbok|Gunk Shot|p2a: Charizard\n|-damage|p2a: Charizard|160/271\n|\n|-heal|p1a: Arbok|138/246 brn|[from] item: Leftovers\n|-damage|p1a: Arbok|123/246 brn|[from] brn\n|upkeep\n|turn|3\n|\n|t:|1781414190\n|move|p2a: Charizard|Flamethrower|p1a: Arbok\n|-damage|p1a: Arbok|5/246 brn\n|move|p1a: Arbok|Gunk Shot|p2a: Charizard\n|-damage|p2a: Charizard|44/271\n|-status|p2a: Charizard|psn\n|\n|-heal|p1a: Arbok|20/246 brn|[from] item: Leftovers\n|-damage|p2a: Charizard|11/271 psn|[from] psn\n|-damage|p1a: Arbok|5/246 brn|[from] brn\n|upkeep\n|turn|4\n|\n|t:|1781414204\n|switch|p2a: Komala|Komala, L88, M|258/258\n|-ability|p2a: Komala|Comatose\n|move|p1a: Arbok|Sucker Punch||[still]\n|-fail|p1a: Arbok\n|\n|-heal|p1a: Arbok|20/246 brn|[from] item: Leftovers\n|-damage|p1a: Arbok|5/246 brn|[from] brn\n|upkeep\n|turn|5\n|\n|t:|1781414207\n|move|p1a: Arbok|Sucker Punch|p2a: Komala\n|-damage|p2a: Komala|213/258\n|move|p2a: Komala|Rapid Spin|p1a: Arbok\n|-damage|p1a: Arbok|0 fnt\n|-boost|p2a: Komala|spe|1\n|faint|p1a: Arbok\n|\n|upkeep\n|\n|t:|1781414231\n|switch|p1a: Wugtrio|Wugtrio, L91, M|212/212\n|turn|6\n|\n|t:|1781414236\n|move|p1a: Wugtrio|Liquidation|p2a: Komala\n|-damage|p2a: Komala|30/258\n|move|p2a: Komala|Body Slam|p1a: Wugtrio\n|-damage|p1a: Wugtrio|62/212\n|-ability|p1a: Wugtrio|Gooey\n|-unboost|p2a: Komala|spe|1\n|\n|upkeep\n|turn|7\n|\n|t:|1781414245\n|switch|p2a: Vaporeon|Vaporeon, L86, F|364/364\n|move|p1a: Wugtrio|Liquidation|p2a: Vaporeon\n|-immune|p2a: Vaporeon|[from] ability: Water Absorb\n|\n|upkeep\n|turn|8\n|\n|t:|1781414254\n|switch|p1a: Quagsire|Quagsire, L84, F|297/297\n|move|p2a: Vaporeon|Flip Turn|p1a: Quagsire\n|-damage|p1a: Quagsire|248/297\n|\n|t:|1781414260\n|switch|p2a: Komala|Komala, L88, M|30/258|[from] Flip Turn\n|-ability|p2a: Komala|Comatose\n|\n|-heal|p1a: Quagsire|266/297|[from] item: Leftovers\n|upkeep\n|turn|9\n|\n|t:|1781414271\n|move|p2a: Komala|Knock Off|p1a: Quagsire\n|-damage|p1a: Quagsire|182/297\n|-enditem|p1a: Quagsire|Leftovers|[from] move: Knock Off|[of] p2a: Komala\n|move|p1a: Quagsire|Earthquake|p2a: Komala\n|-damage|p2a: Komala|0 fnt\n|faint|p2a: Komala\n|\n|upkeep\n|\n|t:|1781414278\n|switch|p2a: Deoxys|Deoxys, L74|196/196\n|-ability|p2a: Deoxys|Pressure\n|turn|10\n|\n|t:|1781414291\n|move|p2a: Deoxys|Psycho Boost|p1a: Quagsire\n|-damage|p1a: Quagsire|0 fnt\n|-unboost|p2a: Deoxys|spa|2\n|faint|p1a: Quagsire\n|-damage|p2a: Deoxys|177/196|[from] item: Life Orb\n|\n|upkeep\n|\n|t:|1781414308\n|switch|p1a: Ninetales|Ninetales, L85, M|263/263\n|-weather|SunnyDay|[from] ability: Drought|[of] p1a: Ninetales\n|turn|11\n|\n|t:|1781414315\n|switch|p2a: Charizard|Charizard, L85, F|11/271 psn\n|move|p1a: Ninetales|Solar Beam||[still]\n|-prepare|p1a: Ninetales|Solar Beam\n|-anim|p1a: Ninetales|Solar Beam|p2a: Charizard\n|-resisted|p2a: Charizard\n|-damage|p2a: Charizard|0 fnt\n|faint|p2a: Charizard\n|\n|-weather|SunnyDay|[upkeep]\n|upkeep\n|\n|t:|1781414320\n|switch|p2a: Vaporeon|Vaporeon, L86, F|364/364\n|turn|12\n|\n|t:|1781414326\n|switch|p1a: Banette|Banette, L93, M|270/270\n|move|p2a: Vaporeon|Wish|p2a: Vaporeon\n|\n|-weather|SunnyDay|[upkeep]\n|upkeep\n|turn|13\n|\n|t:|1781414337\n|move|p1a: Banette|Swords Dance|p1a: Banette\n|-boost|p1a: Banette|atk|2\n|move|p2a: Vaporeon|Scald|p1a: Banette\n|-damage|p1a: Banette|210/270\n|-status|p1a: Banette|brn\n|\n|-weather|SunnyDay|[upkeep]\n|-damage|p1a: Banette|194/270 brn|[from] brn\n|upkeep\n|turn|14\n|\n|t:|1781414348\n|move|p1a: Banette|Poltergeist|p2a: Vaporeon\n|-activate|p2a: Vaporeon|move: Poltergeist|Leftovers\n|-damage|p2a: Vaporeon|87/364\n|-damage|p1a: Banette|167/270 brn|[from] item: Life Orb\n|move|p2a: Vaporeon|Scald|p1a: Banette\n|-damage|p1a: Banette|112/270 brn\n|\n|-weather|SunnyDay|[upkeep]\n|-heal|p2a: Vaporeon|109/364|[from] item: Leftovers\n|-damage|p1a: Banette|96/270 brn|[from] brn\n|upkeep\n|turn|15\n|\n|t:|1781414359\n|move|p1a: Banette|Poltergeist|p2a: Vaporeon\n|-activate|p2a: Vaporeon|move: Poltergeist|Leftovers\n|-damage|p2a: Vaporeon|0 fnt\n|faint|p2a: Vaporeon\n|-damage|p1a: Banette|69/270 brn|[from] item: Life Orb\n|\n|-weather|none\n|-damage|p1a: Banette|53/270 brn|[from] brn\n|upkeep\n|\n|t:|1781414364\n|switch|p2a: Braviary|Braviary, L85, M|309/309\n|turn|16\n|\n|t:|1781414371\n|move|p2a: Braviary|Bulk Up|p2a: Braviary\n|-boost|p2a: Braviary|atk|1\n|-boost|p2a: Braviary|def|1\n|move|p1a: Banette|Gunk Shot|p2a: Braviary\n|-damage|p2a: Braviary|191/309\n|-damage|p1a: Banette|26/270 brn|[from] item: Life Orb\n|\n|-damage|p1a: Banette|10/270 brn|[from] brn\n|upkeep\n|turn|17\n|\n|t:|1781414375\n|move|p2a: Braviary|Roost|p2a: Braviary\n|-heal|p2a: Braviary|309/309\n|-singleturn|p2a: Braviary|move: Roost\n|move|p1a: Banette|Gunk Shot|p2a: Braviary\n|-damage|p2a: Braviary|189/309\n|-status|p2a: Braviary|psn\n|-damage|p1a: Banette|0 fnt|[from] item: Life Orb\n|faint|p1a: Banette\n|\n|-damage|p2a: Braviary|151/309 psn|[from] psn\n|upkeep\n|\n|t:|1781414381\n|switch|p1a: Ninetales|Ninetales, L85, M|263/263\n|-weather|SunnyDay|[from] ability: Drought|[of] p1a: Ninetales\n|turn|18\n|\n|t:|1781414385\n|move|p1a: Ninetales|Fire Blast|p2a: Braviary\n|-damage|p2a: Braviary|0 fnt\n|faint|p2a: Braviary\n|\n|-weather|SunnyDay|[upkeep]\n|upkeep\n|\n|t:|1781414387\n|switch|p2a: Deoxys|Deoxys, L74|177/196\n|-ability|p2a: Deoxys|Pressure\n|turn|19\n|\n|t:|1781414395\n|move|p2a: Deoxys|Psycho Boost|p1a: Ninetales|[miss]\n|-miss|p2a: Deoxys|p1a: Ninetales\n|move|p1a: Ninetales|Solar Beam||[still]\n|-prepare|p1a: Ninetales|Solar Beam\n|-anim|p1a: Ninetales|Solar Beam|p2a: Deoxys\n|-damage|p2a: Deoxys|57/196\n|\n|-weather|SunnyDay|[upkeep]\n|upkeep\n|turn|20\n|\n|t:|1781414399\n|move|p2a: Deoxys|Psycho Boost|p1a: Ninetales\n|-damage|p1a: Ninetales|88/263\n|-unboost|p2a: Deoxys|spa|2\n|-damage|p2a: Deoxys|38/196|[from] item: Life Orb\n|move|p1a: Ninetales|Solar Beam||[still]\n|-prepare|p1a: Ninetales|Solar Beam\n|-anim|p1a: Ninetales|Solar Beam|p2a: Deoxys\n|-damage|p2a: Deoxys|0 fnt\n|faint|p2a: Deoxys\n|\n|-weather|SunnyDay|[upkeep]\n|upkeep\n|\n|t:|1781414402\n|switch|p2a: Eiscue|Eiscue, L88, M|274/274\n|turn|21\n|\n|t:|1781414412\n|-terastallize|p1a: Ninetales|Grass\n|-terastallize|p2a: Eiscue|Water\n|move|p1a: Ninetales|Solar Beam||[still]\n|-prepare|p1a: Ninetales|Solar Beam\n|-anim|p1a: Ninetales|Solar Beam|p2a: Eiscue\n|-supereffective|p2a: Eiscue\n|-damage|p2a: Eiscue|50/274\n|-enditem|p2a: Eiscue|Sitrus Berry|[eat]\n|-heal|p2a: Eiscue|118/274|[from] item: Sitrus Berry\n|move|p2a: Eiscue|Liquidation|p1a: Ninetales\n|-resisted|p1a: Ninetales\n|-damage|p1a: Ninetales|64/263\n|\n|-weather|SunnyDay|[upkeep]\n|upkeep\n|turn|22\n|\n|t:|1781414420\n|move|p1a: Ninetales|Solar Beam||[still]\n|-prepare|p1a: Ninetales|Solar Beam\n|-anim|p1a: Ninetales|Solar Beam|p2a: Eiscue\n|-supereffective|p2a: Eiscue\n|-damage|p2a: Eiscue|0 fnt\n|faint|p2a: Eiscue\n|\n|win|Procrastinasian\n", "inputlog": ">version a8376a258c1d4662feba110a92103f3664a72141\n>start {\"formatid\":\"gen9randombattle\",\"seed\":\"sodium,cab4a374d753e18847a8e1ee5853069b\",\"rated\":\"Rated battle\"}\n>player p1 {\"name\":\"Procrastinasian\",\"avatar\":\"169\",\"rating\":2096,\"seed\":\"sodium,85386169b6db7fc5068cb4a6ce8f6fa8\"}\n>player p2 {\"name\":\"marper8\",\"avatar\":\"170\",\"rating\":2166,\"seed\":\"sodium,871d72d092a382046e3383e13b7ba4d6\"}\n>p1 move coil\n>p2 move willowisp\n>p1 move gunkshot\n>p2 move flamethrower\n>p1 move gunkshot\n>p2 move flamethrower\n>p1 move suckerpunch\n>p2 switch 6\n>p1 move suckerpunch\n>p2 move rapidspin\n>p1 switch 4\n>p1 move liquidation\n>p2 move bodyslam\n>p1 move liquidation\n>p2 switch 5\n>p1 switch 5\n>p2 move flipturn\n>p2 switch 5\n>p1 move earthquake\n>p2 move knockoff\n>p2 switch 3\n>p1 move earthquake\n>p2 move psychoboost\n>p1 switch 6\n>p1 move solarbeam\n>p2 switch 6\n>p2 switch 5\n>p1 switch 3\n>p2 move wish\n>p1 move swordsdance\n>p2 move scald\n>p1 move poltergeist\n>p2 move scald\n>p1 move poltergeist\n>p2 move scald\n>p2 switch 4\n>p1 move gunkshot\n>p2 move bulkup\n>p1 move gunkshot\n>p2 move roost\n>p1 switch 3\n>p1 move fireblast\n>p2 move bravebird\n>p2 switch 6\n>p1 move solarbeam\n>p2 move psychoboost\n>p1 move solarbeam\n>p2 move psychoboost\n>p2 switch 2\n>p1 move solarbeam terastallize\n>p2 move liquidation terastallize\n>p1 move solarbeam\n>p2 move icespinner", "uploadtime": 1781414158, "views": 5, "formatid": "gen9randombattle", "rating": null, "private": 0, "password": null}