{"id": "gen9randombattle-2631369301", "format": "[Gen 9] Random Battle", "players": ["crustlemuscle", "horohorovasey"], "log": "|j|\u2606crustlemuscle\n|j|\u2606horohorovasey\n|t:|1781376553\n|gametype|singles\n|player|p1|crustlemuscle|102|1936\n|player|p2|horohorovasey|miku-ghost|1973\n|gen|9\n|tier|[Gen 9] Random Battle\n|rated|\n|rule|Species Clause: Limit one of each Pok\u00e9mon\n|rule|HP Percentage Mod: HP is shown in percentages\n|rule|Sleep Clause Mod: Limit one foe put to sleep\n|rule|Illusion Level Mod: Illusion disguises the Pok\u00e9mon's true level\n|\n|t:|1781376553\n|teamsize|p1|6\n|teamsize|p2|6\n|start\n|switch|p1a: Terapagos|Terapagos, L77, M|265/265\n|switch|p2a: Arcanine|Arcanine-Hisui, L79, F|279/279\n|-activate|p1a: Terapagos|ability: Tera Shift\n|detailschange|p1a: Terapagos|Terapagos-Terastal, L77, M\n|-heal|p1a: Terapagos|273/273|[silent]\n|turn|1\n|\n|t:|1781376570\n|switch|p2a: Gumshoos|Gumshoos, L95, M|321/321\n|move|p1a: Terapagos|Earth Power|p2a: Gumshoos\n|-damage|p2a: Gumshoos|251/321\n|\n|upkeep\n|turn|2\n|\n|t:|1781376576\n|move|p1a: Terapagos|Tera Starstorm|p2a: Gumshoos\n|-damage|p2a: Gumshoos|122/321\n|move|p2a: Gumshoos|U-turn|p1a: Terapagos\n|-activate|p1a: Terapagos|ability: Tera Shell\n|-resisted|p1a: Terapagos\n|-damage|p1a: Terapagos|226/273\n|\n|t:|1781376585\n|switch|p2a: Koraidon|Koraidon, L64|235/235|[from] U-turn\n|-weather|SunnyDay|[from] ability: Orichalcum Pulse|[of] p2a: Koraidon\n|-activate|p2a: Koraidon|Orichalcum Pulse|[source]\n|\n|-weather|SunnyDay|[upkeep]\n|upkeep\n|turn|3\n|\n|t:|1781376592\n|switch|p1a: Arbok|Arbok, L87, F|246/246\n|-ability|p1a: Arbok|Intimidate|boost\n|-unboost|p2a: Koraidon|atk|1\n|move|p2a: Koraidon|Scale Shot|p1a: Arbok|[miss]\n|-miss|p2a: Koraidon|p1a: Arbok\n|\n|-weather|SunnyDay|[upkeep]\n|upkeep\n|turn|4\n|\n|t:|1781376602\n|switch|p2a: Gholdengo|Gholdengo, L77|261/261\n|move|p1a: Arbok|Gunk Shot|p2a: Gholdengo\n|-immune|p2a: Gholdengo\n|\n|-weather|SunnyDay|[upkeep]\n|upkeep\n|turn|5\n|\n|t:|1781376610\n|move|p2a: Gholdengo|Make It Rain|p1a: Arbok\n|-damage|p1a: Arbok|113/246\n|-unboost|p2a: Gholdengo|spa|1\n|move|p1a: Arbok|Earthquake|p2a: Gholdengo\n|-supereffective|p2a: Gholdengo\n|-damage|p2a: Gholdengo|105/261\n|\n|-weather|SunnyDay|[upkeep]\n|-heal|p1a: Arbok|128/246|[from] item: Leftovers\n|upkeep\n|turn|6\n|\n|t:|1781376619\n|switch|p2a: Gumshoos|Gumshoos, L95, M|122/321\n|move|p1a: Arbok|Earthquake|p2a: Gumshoos\n|-damage|p2a: Gumshoos|36/321\n|\n|-weather|none\n|-heal|p1a: Arbok|143/246|[from] item: Leftovers\n|upkeep\n|turn|7\n|\n|t:|1781376626\n|move|p1a: Arbok|Trailblaze|p2a: Gumshoos\n|-damage|p2a: Gumshoos|0 fnt\n|-boost|p1a: Arbok|spe|1\n|faint|p2a: Gumshoos\n|\n|-heal|p1a: Arbok|158/246|[from] item: Leftovers\n|upkeep\n|\n|t:|1781376636\n|switch|p2a: Koraidon|Koraidon, L64|235/235\n|-weather|SunnyDay|[from] ability: Orichalcum Pulse|[of] p2a: Koraidon\n|-activate|p2a: Koraidon|Orichalcum Pulse|[source]\n|turn|8\n|\n|t:|1781376640\n|move|p1a: Arbok|Coil|p1a: Arbok\n|-boost|p1a: Arbok|atk|1\n|-boost|p1a: Arbok|def|1\n|-boost|p1a: Arbok|accuracy|1\n|move|p2a: Koraidon|Scale Shot|p1a: Arbok\n|-damage|p1a: Arbok|136/246\n|-damage|p1a: Arbok|117/246\n|-damage|p1a: Arbok|98/246\n|-damage|p1a: Arbok|77/246\n|-damage|p1a: Arbok|56/246\n|-hitcount|p1a: Arbok|5\n|-unboost|p2a: Koraidon|def|1\n|-boost|p2a: Koraidon|spe|1\n|\n|-weather|SunnyDay|[upkeep]\n|-heal|p1a: Arbok|71/246|[from] item: Leftovers\n|upkeep\n|turn|9\n|\n|t:|1781376658\n|move|p2a: Koraidon|Flare Blitz|p1a: Arbok\n|-crit|p1a: Arbok\n|-damage|p1a: Arbok|0 fnt\n|faint|p1a: Arbok\n|-damage|p2a: Koraidon|212/235|[from] Recoil\n|\n|-weather|SunnyDay|[upkeep]\n|upkeep\n|\n|t:|1781376671\n|switch|p1a: Zacian|Zacian-Crowned, L64|225/225\n|-ability|p1a: Zacian|Intrepid Sword|boost\n|-boost|p1a: Zacian|atk|1\n|turn|10\n|\n|t:|1781376677\n|switch|p2a: Azumarill|Azumarill, L82, F|298/298\n|move|p1a: Zacian|Play Rough|p2a: Azumarill\n|-damage|p2a: Azumarill|174/298\n|-unboost|p2a: Azumarill|atk|1\n|\n|-weather|SunnyDay|[upkeep]\n|upkeep\n|turn|11\n|\n|t:|1781376686\n|move|p1a: Zacian|Swords Dance|p1a: Zacian\n|-boost|p1a: Zacian|atk|2\n|move|p2a: Azumarill|Superpower|p1a: Zacian\n|-damage|p1a: Zacian|125/225\n|-unboost|p2a: Azumarill|atk|1\n|-unboost|p2a: Azumarill|def|1\n|\n|-weather|SunnyDay|[upkeep]\n|upkeep\n|turn|12\n|\n|t:|1781376694\n|move|p1a: Zacian|Behemoth Blade|p2a: Azumarill\n|-damage|p2a: Azumarill|0 fnt\n|faint|p2a: Azumarill\n|\n|-weather|none\n|upkeep\n|\n|t:|1781376706\n|switch|p2a: Gholdengo|Gholdengo, L77|105/261\n|turn|13\n|\n|t:|1781376710\n|move|p2a: Gholdengo|Make It Rain|p1a: Zacian\n|-damage|p1a: Zacian|0 fnt\n|-unboost|p2a: Gholdengo|spa|1\n|faint|p1a: Zacian\n|\n|upkeep\n|\n|t:|1781376718\n|switch|p1a: Phione|Phione, L91|293/293\n|turn|14\n|\n|t:|1781376724\n|switch|p2a: Regidrago|Regidrago, L77|435/435\n|move|p1a: Phione|Ice Beam|p2a: Regidrago\n|-supereffective|p2a: Regidrago\n|-damage|p2a: Regidrago|223/435\n|\n|upkeep\n|turn|15\n|\n|t:|1781376730\n|move|p1a: Phione|Ice Beam|p2a: Regidrago\n|-supereffective|p2a: Regidrago\n|-damage|p2a: Regidrago|25/435\n|move|p2a: Regidrago|Dragon Dance|p2a: Regidrago\n|-boost|p2a: Regidrago|atk|1\n|-boost|p2a: Regidrago|spe|1\n|\n|upkeep\n|turn|16\n|\n|t:|1781376736\n|move|p2a: Regidrago|Dragon Claw|p1a: Phione\n|-damage|p1a: Phione|97/293\n|-damage|p2a: Regidrago|0 fnt|[from] item: Life Orb\n|faint|p2a: Regidrago\n|move|p1a: Phione|Scald|p2: Regidrago|[notarget]\n|-fail|p1a: Phione\n|\n|-heal|p1a: Phione|115/293|[from] item: Leftovers\n|upkeep\n|\n|t:|1781376754\n|switch|p2a: Gholdengo|Gholdengo, L77|105/261\n|turn|17\n|\n|t:|1781376758\n|move|p2a: Gholdengo|Shadow Ball|p1a: Phione\n|-damage|p1a: Phione|19/293\n|move|p1a: Phione|Scald|p2a: Gholdengo\n|-damage|p2a: Gholdengo|12/261\n|\n|-heal|p1a: Phione|37/293|[from] item: Leftovers\n|upkeep\n|turn|18\n|\n|t:|1781376768\n|switch|p2a: Koraidon|Koraidon, L64|212/235\n|-weather|SunnyDay|[from] ability: Orichalcum Pulse|[of] p2a: Koraidon\n|-activate|p2a: Koraidon|Orichalcum Pulse|[source]\n|switch|p1a: Terapagos|Terapagos-Terastal, L77, M|226/273\n|\n|-weather|SunnyDay|[upkeep]\n|upkeep\n|turn|19\n|\n|t:|1781376776\n|move|p2a: Koraidon|Swords Dance|p2a: Koraidon\n|-boost|p2a: Koraidon|atk|2\n|move|p1a: Terapagos|Tera Starstorm|p2a: Koraidon\n|-damage|p2a: Koraidon|67/235\n|\n|-weather|SunnyDay|[upkeep]\n|upkeep\n|turn|20\n|\n|t:|1781376783\n|switch|p1a: Salamence|Salamence, L77, F|273/273\n|-ability|p1a: Salamence|Intimidate|boost\n|-unboost|p2a: Koraidon|atk|1\n|move|p2a: Koraidon|Collision Course|p1a: Salamence\n|-resisted|p1a: Salamence\n|-damage|p1a: Salamence|183/273\n|\n|-weather|SunnyDay|[upkeep]\n|upkeep\n|turn|21\n|\n|t:|1781376797\n|switch|p1a: Terapagos|Terapagos-Terastal, L77, M|226/273\n|move|p2a: Koraidon|Scale Shot|p1a: Terapagos\n|-crit|p1a: Terapagos\n|-damage|p1a: Terapagos|165/273\n|-damage|p1a: Terapagos|126/273\n|-damage|p1a: Terapagos|92/273\n|-damage|p1a: Terapagos|56/273\n|-damage|p1a: Terapagos|16/273\n|-hitcount|p1a: Terapagos|5\n|-unboost|p2a: Koraidon|def|1\n|-boost|p2a: Koraidon|spe|1\n|\n|-weather|SunnyDay|[upkeep]\n|upkeep\n|turn|22\n|\n|t:|1781376810\n|move|p2a: Koraidon|Collision Course|p1a: Terapagos\n|-supereffective|p1a: Terapagos\n|-damage|p1a: Terapagos|0 fnt\n|faint|p1a: Terapagos\n|\n|-weather|none\n|upkeep\n|\n|t:|1781376816\n|switch|p1a: Salamence|Salamence, L77, F|183/273\n|-ability|p1a: Salamence|Intimidate|boost\n|-unboost|p2a: Koraidon|atk|1\n|turn|23\n|\n|t:|1781376826\n|-terastallize|p1a: Salamence|Steel\n|move|p2a: Koraidon|Scale Shot|p1a: Salamence\n|-resisted|p1a: Salamence\n|-damage|p1a: Salamence|171/273\n|-resisted|p1a: Salamence\n|-damage|p1a: Salamence|160/273\n|-resisted|p1a: Salamence\n|-damage|p1a: Salamence|148/273\n|-resisted|p1a: Salamence\n|-damage|p1a: Salamence|136/273\n|-resisted|p1a: Salamence\n|-damage|p1a: Salamence|125/273\n|-hitcount|p1a: Salamence|5\n|-unboost|p2a: Koraidon|def|1\n|-boost|p2a: Koraidon|spe|1\n|move|p1a: Salamence|Outrage|p2a: Koraidon\n|-supereffective|p2a: Koraidon\n|-damage|p2a: Koraidon|0 fnt\n|faint|p2a: Koraidon\n|\n|upkeep\n|\n|t:|1781376830\n|switch|p2a: Gholdengo|Gholdengo, L77|12/261\n|turn|24\n|\n|t:|1781376857\n|move|p2a: Gholdengo|Focus Blast|p1a: Salamence\n|-supereffective|p1a: Salamence\n|-damage|p1a: Salamence|0 fnt\n|faint|p1a: Salamence\n|\n|upkeep\n|\n|t:|1781376862\n|switch|p1a: Sinistcha|Sinistcha-Masterpiece, L83|254/254\n|turn|25\n|\n|t:|1781376872\n|switch|p2a: Arcanine|Arcanine-Hisui, L79, F|279/279\n|move|p1a: Sinistcha|Strength Sap|p2a: Arcanine\n|-unboost|p2a: Arcanine|atk|1\n|\n|upkeep\n|turn|26\n|\n|t:|1781376879\n|move|p2a: Arcanine|Head Smash|p1a: Sinistcha\n|-damage|p1a: Sinistcha|124/254\n|move|p1a: Sinistcha|Shadow Ball|p2a: Arcanine\n|-damage|p2a: Arcanine|158/279\n|\n|-heal|p1a: Sinistcha|139/254|[from] item: Leftovers\n|upkeep\n|turn|27\n|\n|t:|1781376887\n|-terastallize|p2a: Arcanine|Rock\n|move|p2a: Arcanine|Head Smash|p1a: Sinistcha|[miss]\n|-miss|p2a: Arcanine|p1a: Sinistcha\n|move|p1a: Sinistcha|Strength Sap|p2a: Arcanine\n|-unboost|p2a: Arcanine|atk|1\n|-heal|p1a: Sinistcha|254/254\n|\n|upkeep\n|turn|28\n|\n|t:|1781376895\n|move|p2a: Arcanine|Head Smash|p1a: Sinistcha\n|-damage|p1a: Sinistcha|120/254\n|move|p1a: Sinistcha|Matcha Gotcha|p2a: Arcanine\n|-supereffective|p2a: Arcanine\n|-damage|p2a: Arcanine|0 fnt\n|-heal|p1a: Sinistcha|199/254|[from] drain|[of] p2a: Arcanine\n|faint|p2a: Arcanine\n|\n|-heal|p1a: Sinistcha|214/254|[from] item: Leftovers\n|upkeep\n|\n|t:|1781376897\n|switch|p2a: Gholdengo|Gholdengo, L77|12/261\n|turn|29\n|\n|t:|1781376907\n|move|p2a: Gholdengo|Shadow Ball|p1a: Sinistcha\n|-supereffective|p1a: Sinistcha\n|-damage|p1a: Sinistcha|22/254\n|-unboost|p1a: Sinistcha|spd|1\n|move|p1a: Sinistcha|Shadow Ball|p2a: Gholdengo\n|-supereffective|p2a: Gholdengo\n|-damage|p2a: Gholdengo|0 fnt\n|faint|p2a: Gholdengo\n|\n|win|crustlemuscle\n", "inputlog": ">version a8376a258c1d4662feba110a92103f3664a72141\n>start {\"formatid\":\"gen9randombattle\",\"seed\":\"sodium,fc0d1db7862e3b0f8fd1e800972f64bb\",\"rated\":\"Rated battle\"}\n>player p1 {\"name\":\"crustlemuscle\",\"avatar\":\"102\",\"rating\":1936,\"seed\":\"sodium,7ca4b2831f34b495e63395f576e454e0\"}\n>player p2 {\"name\":\"horohorovasey\",\"avatar\":\"miku-ghost\",\"rating\":1973,\"seed\":\"sodium,bafafd08b1104047a3406cd5a6accfb5\"}\n>p1 move earthpower\n>p2 switch 4\n>p1 move terastarstorm\n>p2 move uturn\n>p2 switch 2\n>p1 switch 2\n>p2 move scaleshot\n>p1 move gunkshot\n>p2 switch 6\n>p1 move earthquake\n>p2 move makeitrain\n>p1 move earthquake\n>p2 switch 2\n>p1 move trailblaze\n>p2 move doubleedge\n>p2 switch 6\n>p1 move coil\n>p2 move scaleshot\n>p1 move gunkshot\n>p2 move flareblitz\n>p1 switch 3\n>p1 move playrough\n>p2 switch 3\n>p1 move swordsdance\n>p2 move superpower\n>p1 move behemothblade\n>p2 move superpower\n>p2 switch 2\n>p1 move behemothblade\n>p2 move makeitrain\n>p1 switch 6\n>p1 move icebeam\n>p2 switch 5\n>p1 move icebeam\n>p2 move dragondance\n>p1 move scald\n>p2 move dragonclaw\n>p2 switch 5\n>p1 move scald\n>p2 move shadowball\n>p1 switch 2\n>p2 switch 3\n>p1 move terastarstorm\n>p2 move swordsdance\n>p1 switch 4\n>p2 move collisioncourse\n>p1 switch 4\n>p2 move scaleshot\n>p1 move terastarstorm\n>p2 move collisioncourse\n>p1 switch 4\n>p1 move outrage terastallize\n>p2 move scaleshot\n>p2 switch 3\n>p1 move outrage\n>p2 move focusblast\n>p1 switch 5\n>p1 move strengthsap\n>p2 switch 4\n>p1 move shadowball\n>p2 move headsmash\n>p1 move strengthsap\n>p2 move headsmash terastallize\n>p1 move matchagotcha\n>p2 move headsmash\n>p2 switch 4\n>p1 move shadowball\n>p2 move shadowball", "uploadtime": 1781376556, "views": 8, "formatid": "gen9randombattle", "rating": null, "private": 0, "password": null}