{"id": "gen9randombattle-2632021331", "format": "[Gen 9] Random Battle", "players": ["Techno3712", "Pokeoke"], "log": "|j|\u2606Techno3712\n|j|\u2606Pokeoke\n|t:|1781466827\n|gametype|singles\n|player|p1|Techno3712|101|1968\n|player|p2|Pokeoke|266|2008\n|gen|9\n|tier|[Gen 9] Random Battle\n|rated|\n|rule|Species Clause: Limit one of each Pok\u00e9mon\n|rule|HP Percentage Mod: HP is shown in percentages\n|rule|Sleep Clause Mod: Limit one foe put to sleep\n|rule|Illusion Level Mod: Illusion disguises the Pok\u00e9mon's true level\n|\n|t:|1781466827\n|teamsize|p1|6\n|teamsize|p2|6\n|start\n|switch|p1a: Iron Thorns|Iron Thorns, L83|302/302\n|switch|p2a: Grumpig|Grumpig, L92, M|297/297\n|turn|1\n|l|\u2606Techno3712\n|player|p1|\n|j|\u2606Techno3712\n|player|p1|Techno3712|101|\n|\n|t:|1781466872\n|-end|p1a: Iron Thorns|Quark Drive|[silent]\n|switch|p1a: Indeedee|Indeedee, L84, M|238/238\n|-fieldstart|move: Psychic Terrain|[from] ability: Psychic Surge|[of] p1a: Indeedee\n|move|p2a: Grumpig|Nasty Plot|p2a: Grumpig\n|-boost|p2a: Grumpig|spa|2\n|\n|upkeep\n|turn|2\n|inactive|Battle timer is ON: inactive players will automatically lose when time's up. (requested by Techno3712)\n|\n|t:|1781466891\n|move|p1a: Indeedee|Calm Mind|p1a: Indeedee\n|-boost|p1a: Indeedee|spa|1\n|-boost|p1a: Indeedee|spd|1\n|move|p2a: Grumpig|Dazzling Gleam|p1a: Indeedee\n|-damage|p1a: Indeedee|154/238\n|\n|upkeep\n|turn|3\n|\n|t:|1781466899\n|move|p1a: Indeedee|Calm Mind|p1a: Indeedee\n|-boost|p1a: Indeedee|spa|1\n|-boost|p1a: Indeedee|spd|1\n|move|p2a: Grumpig|Dazzling Gleam|p1a: Indeedee\n|-damage|p1a: Indeedee|96/238\n|\n|upkeep\n|turn|4\n|\n|t:|1781466903\n|switch|p2a: Kingambit|Kingambit, L74, F|270/270\n|move|p1a: Indeedee|Hyper Voice|p2a: Kingambit\n|-resisted|p2a: Kingambit\n|-damage|p2a: Kingambit|114/270\n|-damage|p1a: Indeedee|73/238|[from] item: Life Orb\n|\n|-heal|p2a: Kingambit|130/270|[from] item: Leftovers\n|upkeep\n|turn|5\n|\n|t:|1781466911\n|move|p1a: Indeedee|Dazzling Gleam|p2a: Kingambit\n|-damage|p2a: Kingambit|0 fnt\n|faint|p2a: Kingambit\n|-end|p2a: Kingambit|fallenundefined|[silent]\n|-damage|p1a: Indeedee|50/238|[from] item: Life Orb\n|\n|-fieldend|move: Psychic Terrain\n|upkeep\n|\n|t:|1781466916\n|switch|p2a: Conkeldurr|Conkeldurr, L80, F|299/299\n|turn|6\n|\n|t:|1781466923\n|switch|p1a: Iron Crown|Iron Crown, L78|268/268\n|move|p2a: Conkeldurr|Mach Punch|p1a: Iron Crown\n|-damage|p1a: Iron Crown|220/268\n|\n|-heal|p1a: Iron Crown|236/268|[from] item: Leftovers\n|-status|p2a: Conkeldurr|brn|[from] item: Flame Orb\n|upkeep\n|turn|7\n|\n|t:|1781466929\n|switch|p2a: Grumpig|Grumpig, L92, M|297/297\n|move|p1a: Iron Crown|Psyshock|p2a: Grumpig\n|-resisted|p2a: Grumpig\n|-damage|p2a: Grumpig|244/297\n|\n|-heal|p2a: Grumpig|262/297|[from] item: Leftovers\n|-heal|p1a: Iron Crown|252/268|[from] item: Leftovers\n|upkeep\n|turn|8\n|\n|t:|1781466933\n|move|p2a: Grumpig|Shadow Ball|p1a: Iron Crown\n|-supereffective|p1a: Iron Crown\n|-damage|p1a: Iron Crown|130/268\n|-unboost|p1a: Iron Crown|spd|1\n|move|p1a: Iron Crown|Calm Mind|p1a: Iron Crown\n|-boost|p1a: Iron Crown|spa|1\n|-boost|p1a: Iron Crown|spd|1\n|\n|-heal|p2a: Grumpig|280/297|[from] item: Leftovers\n|-heal|p1a: Iron Crown|146/268|[from] item: Leftovers\n|upkeep\n|turn|9\n|\n|t:|1781466936\n|move|p2a: Grumpig|Shadow Ball|p1a: Iron Crown\n|-supereffective|p1a: Iron Crown\n|-damage|p1a: Iron Crown|32/268\n|move|p1a: Iron Crown|Tachyon Cutter|p2a: Grumpig\n|-damage|p2a: Grumpig|210/297\n|-damage|p2a: Grumpig|149/297\n|-hitcount|p2a: Grumpig|2\n|\n|-heal|p2a: Grumpig|167/297|[from] item: Leftovers\n|-heal|p1a: Iron Crown|48/268|[from] item: Leftovers\n|upkeep\n|turn|10\n|\n|t:|1781466939\n|move|p2a: Grumpig|Shadow Ball|p1a: Iron Crown\n|-supereffective|p1a: Iron Crown\n|-damage|p1a: Iron Crown|0 fnt\n|faint|p1a: Iron Crown\n|-end|p1a: Iron Crown|Quark Drive|[silent]\n|\n|-heal|p2a: Grumpig|185/297|[from] item: Leftovers\n|upkeep\n|\n|t:|1781466940\n|switch|p1a: Indeedee|Indeedee, L84, M|50/238\n|-fieldstart|move: Psychic Terrain|[from] ability: Psychic Surge|[of] p1a: Indeedee\n|turn|11\n|\n|t:|1781466942\n|move|p1a: Indeedee|Hyper Voice|p2a: Grumpig\n|-damage|p2a: Grumpig|76/297\n|-damage|p1a: Indeedee|27/238|[from] item: Life Orb\n|move|p2a: Grumpig|Psychic|p1a: Indeedee\n|-resisted|p1a: Indeedee\n|-crit|p1a: Indeedee\n|-damage|p1a: Indeedee|0 fnt\n|faint|p1a: Indeedee\n|\n|-heal|p2a: Grumpig|94/297|[from] item: Leftovers\n|upkeep\n|\n|t:|1781466951\n|switch|p1a: Palafin|Palafin, L77, M|281/281\n|turn|12\n|\n|t:|1781466958\n|move|p2a: Grumpig|Psychic|p1a: Palafin\n|-damage|p1a: Palafin|76/281\n|move|p1a: Palafin|Flip Turn|p2a: Grumpig\n|-damage|p2a: Grumpig|16/297\n|\n|t:|1781466960\n|detailschange|p1a: Palafin|Palafin-Hero, L77, M\n|switch|p1a: Iron Thorns|Iron Thorns, L83|302/302|[from] Flip Turn\n|\n|-heal|p2a: Grumpig|34/297|[from] item: Leftovers\n|upkeep\n|turn|13\n|\n|t:|1781466965\n|move|p1a: Iron Thorns|Wild Charge|p2a: Grumpig\n|-damage|p2a: Grumpig|0 fnt\n|faint|p2a: Grumpig\n|-damage|p1a: Iron Thorns|293/302|[from] Recoil\n|\n|upkeep\n|\n|t:|1781466972\n|switch|p2a: Conkeldurr|Conkeldurr, L80, F|299/299 brn\n|turn|14\n|\n|t:|1781466974\n|move|p1a: Iron Thorns|Wild Charge|p2a: Conkeldurr\n|-damage|p2a: Conkeldurr|172/299 brn\n|-damage|p1a: Iron Thorns|261/302|[from] Recoil\n|move|p2a: Conkeldurr|Close Combat|p1a: Iron Thorns\n|-supereffective|p1a: Iron Thorns\n|-damage|p1a: Iron Thorns|0 fnt\n|-unboost|p2a: Conkeldurr|def|1\n|-unboost|p2a: Conkeldurr|spd|1\n|faint|p1a: Iron Thorns\n|-end|p1a: Iron Thorns|Quark Drive|[silent]\n|\n|-damage|p2a: Conkeldurr|154/299 brn|[from] brn\n|upkeep\n|\n|t:|1781466982\n|switch|p1a: Eiscue|Eiscue, L88, F|274/274\n|turn|15\n|\n|t:|1781466996\n|move|p1a: Eiscue|Belly Drum|p1a: Eiscue\n|-damage|p1a: Eiscue|137/274\n|-setboost|p1a: Eiscue|atk|6|[from] move: Belly Drum\n|-enditem|p1a: Eiscue|Sitrus Berry|[eat]\n|-heal|p1a: Eiscue|205/274|[from] item: Sitrus Berry\n|move|p2a: Conkeldurr|Close Combat|p1a: Eiscue\n|-activate|p1a: Eiscue|ability: Ice Face\n|-damage|p1a: Eiscue|205/274\n|-unboost|p2a: Conkeldurr|def|1\n|-unboost|p2a: Conkeldurr|spd|1\n|detailschange|p1a: Eiscue|Eiscue-Noice, L88, F\n|\n|-damage|p2a: Conkeldurr|136/299 brn|[from] brn\n|-fieldend|move: Psychic Terrain\n|upkeep\n|turn|16\n|\n|t:|1781467003\n|-terastallize|p1a: Eiscue|Water\n|move|p2a: Conkeldurr|Mach Punch|p1a: Eiscue\n|-damage|p1a: Eiscue|121/274\n|move|p1a: Eiscue|Liquidation|p2a: Conkeldurr\n|-damage|p2a: Conkeldurr|0 fnt\n|faint|p2a: Conkeldurr\n|\n|upkeep\n|\n|t:|1781467007\n|switch|p2a: Quaquaval|Quaquaval, L79, F|264/264\n|turn|17\n|\n|t:|1781467019\n|move|p1a: Eiscue|Liquidation|p2a: Quaquaval\n|-resisted|p2a: Quaquaval\n|-damage|p2a: Quaquaval|60/264\n|move|p2a: Quaquaval|Close Combat|p1a: Eiscue\n|-damage|p1a: Eiscue|0 fnt\n|-unboost|p2a: Quaquaval|def|1\n|-unboost|p2a: Quaquaval|spd|1\n|faint|p1a: Eiscue\n|-ability|p2a: Quaquaval|Moxie|boost\n|-boost|p2a: Quaquaval|atk|1\n|\n|-heal|p2a: Quaquaval|76/264|[from] item: Leftovers\n|upkeep\n|\n|t:|1781467025\n|switch|p1a: Palafin|Palafin-Hero, L77, M|76/281\n|-activate|p1a: Palafin|ability: Zero to Hero\n|turn|18\n|\n|t:|1781467028\n|switch|p2a: Altaria|Altaria, L89, F|278/278\n|move|p1a: Palafin|Jet Punch|p2a: Altaria\n|-resisted|p2a: Altaria\n|-damage|p2a: Altaria|225/278\n|\n|upkeep\n|turn|19\n|\n|t:|1781467031\n|switch|p1a: Carbink|Carbink, L90|236/236\n|move|p2a: Altaria|Dragon Dance|p2a: Altaria\n|-boost|p2a: Altaria|atk|1\n|-boost|p2a: Altaria|spe|1\n|\n|upkeep\n|turn|20\n|\n|t:|1781467034\n|-terastallize|p2a: Altaria|Ground\n|move|p2a: Altaria|Earthquake|p1a: Carbink\n|-supereffective|p1a: Carbink\n|-damage|p1a: Carbink|50/236\n|move|p1a: Carbink|Iron Defense|p1a: Carbink\n|-boost|p1a: Carbink|def|2\n|\n|upkeep\n|turn|21\n|l|\u2606Techno3712\n|inactive|Techno3712 disconnected and has a minute to reconnect!\n|player|p1|\n|inactive|Techno3712 has 30 seconds to reconnect!\n|inactive|Techno3712 has 20 seconds to reconnect!\n|inactive|Techno3712 has 15 seconds to reconnect!\n|inactive|Techno3712 has 10 seconds to reconnect!\n|inactive|Techno3712 has 5 seconds to reconnect!\n|-message|Techno3712 lost due to inactivity.\n|\n|win|Pokeoke\n|raw|Techno3712's rating: 1968 &rarr; <strong>1950</strong><br />(-18 for losing)\n|raw|Pokeoke's rating: 2008 &rarr; <strong>2026</strong><br />(+18 for winning)\n", "inputlog": ">version a8376a258c1d4662feba110a92103f3664a72141\n>start {\"formatid\":\"gen9randombattle\",\"seed\":\"sodium,164fb8e8a4a665f548ab6d6c4bde4915\",\"rated\":\"Rated battle\"}\n>player p1 {\"name\":\"Techno3712\",\"avatar\":\"101\",\"rating\":1968,\"seed\":\"sodium,84ffc07c17e0f8ba59e7e1e0d2fc2fbf\"}\n>player p2 {\"name\":\"Pokeoke\",\"avatar\":\"266\",\"rating\":2008,\"seed\":\"sodium,d867296124747b29e21dc086e69fd5f9\"}\n>p1 switch 5\n>p2 move nastyplot\n>p1 move calmmind\n>p2 move dazzlinggleam\n>p1 move calmmind\n>p2 move dazzlinggleam\n>p1 move hypervoice\n>p2 switch 6\n>p1 move dazzlinggleam\n>p2 move ironhead\n>p2 switch 4\n>p1 switch 4\n>p2 move machpunch\n>p1 move psyshock\n>p2 switch 6\n>p1 move calmmind\n>p2 move shadowball\n>p1 move tachyoncutter\n>p2 move shadowball\n>p1 move tachyoncutter\n>p2 move shadowball\n>p1 switch 4\n>p1 move hypervoice\n>p2 move psychic\n>p1 switch 6\n>p1 move flipturn\n>p2 move psychic\n>p1 switch 5\n>p1 move wildcharge\n>p2 move psychic\n>p2 switch 6\n>p1 move wildcharge\n>p2 move closecombat\n>p1 switch 2\n>p1 move bellydrum\n>p2 move closecombat\n>p1 move liquidation terastallize\n>p2 move machpunch\n>p2 switch 3\n>p1 move liquidation\n>p2 move closecombat\n>p1 switch 5\n>p1 move jetpunch\n>p2 switch 2\n>p1 switch 3\n>p2 move dragondance\n>p1 move irondefense\n>p2 move earthquake terastallize\n>forcelose p1", "uploadtime": 1781466829, "views": 4, "formatid": "gen9randombattle", "rating": 1950, "private": 0, "password": null}