{"id": "gen9randombattle-2631993661", "format": "[Gen 9] Random Battle", "players": ["newsock", "jokaire"], "log": "|j|\u2606newsock\n|j|\u2606jokaire\n|t:|1781463786\n|gametype|singles\n|player|p1|newsock|1|1945\n|player|p2|jokaire|clown|1924\n|gen|9\n|tier|[Gen 9] Random Battle\n|rated|\n|rule|Species Clause: Limit one of each Pok\u00e9mon\n|rule|HP Percentage Mod: HP is shown in percentages\n|rule|Sleep Clause Mod: Limit one foe put to sleep\n|rule|Illusion Level Mod: Illusion disguises the Pok\u00e9mon's true level\n|\n|t:|1781463786\n|teamsize|p1|6\n|teamsize|p2|6\n|start\n|switch|p1a: Comfey|Comfey, L85, M|225/225\n|switch|p2a: Pincurchin|Pincurchin, F|258/258\n|-fieldstart|move: Electric Terrain|[from] ability: Electric Surge|[of] p2a: Pincurchin\n|turn|1\n|inactive|Battle timer is ON: inactive players will automatically lose when time's up. (requested by newsock)\n|\n|t:|1781463800\n|switch|p1a: Krookodile|Krookodile, L79, F|280/280\n|-ability|p1a: Krookodile|Intimidate|boost\n|-unboost|p2a: Pincurchin|atk|1\n|move|p2a: Pincurchin|Zing Zap|p1a: Krookodile\n|-immune|p1a: Krookodile\n|\n|upkeep\n|turn|2\n|\n|t:|1781463809\n|switch|p2a: Corviknight|Corviknight, L80, M|288/288\n|-ability|p2a: Corviknight|Pressure\n|move|p1a: Krookodile|Bulk Up|p1a: Krookodile\n|-boost|p1a: Krookodile|atk|1\n|-boost|p1a: Krookodile|def|1\n|\n|upkeep\n|turn|3\n|\n|t:|1781463816\n|move|p1a: Krookodile|Knock Off|p2a: Corviknight\n|-damage|p2a: Corviknight|135/288\n|-enditem|p2a: Corviknight|Leftovers|[from] move: Knock Off|[of] p1a: Krookodile\n|move|p2a: Corviknight|Body Press|p1a: Krookodile\n|-supereffective|p1a: Krookodile\n|-damage|p1a: Krookodile|202/280\n|\n|-heal|p1a: Krookodile|219/280|[from] item: Leftovers\n|upkeep\n|turn|4\n|\n|t:|1781463821\n|move|p1a: Krookodile|Bulk Up|p1a: Krookodile\n|-boost|p1a: Krookodile|atk|1\n|-boost|p1a: Krookodile|def|1\n|move|p2a: Corviknight|Roost|p2a: Corviknight\n|-heal|p2a: Corviknight|279/288\n|-singleturn|p2a: Corviknight|move: Roost\n|\n|-heal|p1a: Krookodile|236/280|[from] item: Leftovers\n|upkeep\n|turn|5\n|\n|t:|1781463824\n|move|p1a: Krookodile|Bulk Up|p1a: Krookodile\n|-boost|p1a: Krookodile|atk|1\n|-boost|p1a: Krookodile|def|1\n|move|p2a: Corviknight|Body Press|p1a: Krookodile\n|-supereffective|p1a: Krookodile\n|-damage|p1a: Krookodile|178/280\n|\n|-heal|p1a: Krookodile|195/280|[from] item: Leftovers\n|-fieldend|move: Electric Terrain\n|upkeep\n|turn|6\n|\n|t:|1781463828\n|move|p1a: Krookodile|Knock Off|p2a: Corviknight\n|-crit|p2a: Corviknight\n|-damage|p2a: Corviknight|44/288\n|move|p2a: Corviknight|Body Press|p1a: Krookodile\n|-supereffective|p1a: Krookodile\n|-damage|p1a: Krookodile|145/280\n|\n|-heal|p1a: Krookodile|162/280|[from] item: Leftovers\n|upkeep\n|turn|7\n|\n|t:|1781463832\n|move|p1a: Krookodile|Knock Off|p2a: Corviknight\n|-damage|p2a: Corviknight|0 fnt\n|faint|p2a: Corviknight\n|\n|-heal|p1a: Krookodile|179/280|[from] item: Leftovers\n|upkeep\n|\n|t:|1781463834\n|switch|p2a: Greninja|Greninja, L80, M|246/246\n|turn|8\n|\n|t:|1781463840\n|switch|p1a: Goodra|Goodra, L85, M|292/292\n|move|p2a: Greninja|Hydro Pump|p1a: Goodra\n|-start|p2a: Greninja|typechange|Water|[from] ability: Protean\n|-resisted|p1a: Goodra\n|-damage|p1a: Goodra|257/292\n|\n|upkeep\n|turn|9\n|\n|t:|1781463845\n|switch|p2a: Pincurchin|Pincurchin, F|258/258\n|-fieldstart|move: Electric Terrain|[from] ability: Electric Surge|[of] p2a: Pincurchin\n|move|p1a: Goodra|Earthquake|p2a: Pincurchin\n|-supereffective|p2a: Pincurchin\n|-damage|p2a: Pincurchin|146/258\n|\n|-heal|p2a: Pincurchin|162/258|[from] item: Leftovers\n|upkeep\n|turn|10\n|\n|t:|1781463849\n|switch|p1a: Krookodile|Krookodile, L79, F|179/280\n|-ability|p1a: Krookodile|Intimidate|boost\n|-unboost|p2a: Pincurchin|atk|1\n|move|p2a: Pincurchin|Recover|p2a: Pincurchin\n|-heal|p2a: Pincurchin|258/258\n|\n|-heal|p1a: Krookodile|196/280|[from] item: Leftovers\n|upkeep\n|turn|11\n|\n|t:|1781463853\n|move|p1a: Krookodile|Earthquake|p2a: Pincurchin\n|-supereffective|p2a: Pincurchin\n|-damage|p2a: Pincurchin|82/258\n|move|p2a: Pincurchin|Curse|p2a: Pincurchin\n|-unboost|p2a: Pincurchin|spe|1\n|-boost|p2a: Pincurchin|atk|1\n|-boost|p2a: Pincurchin|def|1\n|\n|-heal|p1a: Krookodile|213/280|[from] item: Leftovers\n|-heal|p2a: Pincurchin|98/258|[from] item: Leftovers\n|upkeep\n|turn|12\n|\n|t:|1781463858\n|-terastallize|p2a: Pincurchin|Water\n|move|p1a: Krookodile|Earthquake|p2a: Pincurchin\n|-damage|p2a: Pincurchin|44/258\n|move|p2a: Pincurchin|Recover|p2a: Pincurchin\n|-heal|p2a: Pincurchin|173/258\n|\n|-heal|p1a: Krookodile|230/280|[from] item: Leftovers\n|-heal|p2a: Pincurchin|189/258|[from] item: Leftovers\n|upkeep\n|turn|13\n|\n|t:|1781463863\n|move|p1a: Krookodile|Bulk Up|p1a: Krookodile\n|-boost|p1a: Krookodile|atk|1\n|-boost|p1a: Krookodile|def|1\n|move|p2a: Pincurchin|Liquidation|p1a: Krookodile\n|-supereffective|p1a: Krookodile\n|-damage|p1a: Krookodile|42/280\n|-unboost|p1a: Krookodile|def|1\n|\n|-heal|p1a: Krookodile|59/280|[from] item: Leftovers\n|-heal|p2a: Pincurchin|205/258|[from] item: Leftovers\n|-fieldend|move: Electric Terrain\n|upkeep\n|turn|14\n|\n|t:|1781463867\n|move|p1a: Krookodile|Knock Off|p2a: Pincurchin\n|-damage|p2a: Pincurchin|115/258\n|-enditem|p2a: Pincurchin|Leftovers|[from] move: Knock Off|[of] p1a: Krookodile\n|move|p2a: Pincurchin|Curse|p2a: Pincurchin\n|-unboost|p2a: Pincurchin|spe|1\n|-boost|p2a: Pincurchin|atk|1\n|-boost|p2a: Pincurchin|def|1\n|\n|-heal|p1a: Krookodile|76/280|[from] item: Leftovers\n|upkeep\n|turn|15\n|\n|t:|1781463875\n|switch|p1a: Pecharunt|Pecharunt, L77|262/262\n|move|p2a: Pincurchin|Recover|p2a: Pincurchin\n|-heal|p2a: Pincurchin|244/258\n|\n|upkeep\n|turn|16\n|\n|t:|1781463884\n|move|p1a: Pecharunt|Malignant Chain|p2a: Pincurchin\n|-damage|p2a: Pincurchin|177/258\n|-status|p2a: Pincurchin|tox\n|-start|p2a: Pincurchin|confusion|[from] ability: Poison Puppeteer|[of] p1a: Pecharunt\n|-activate|p2a: Pincurchin|confusion\n|-damage|p2a: Pincurchin|150/258 tox|[from] confusion\n|\n|-damage|p2a: Pincurchin|134/258 tox|[from] psn\n|upkeep\n|turn|17\n|\n|t:|1781463892\n|move|p1a: Pecharunt|Nasty Plot|p1a: Pecharunt\n|-boost|p1a: Pecharunt|spa|2\n|-activate|p2a: Pincurchin|confusion\n|move|p2a: Pincurchin|Zing Zap|p1a: Pecharunt\n|-damage|p1a: Pecharunt|138/262\n|\n|-heal|p1a: Pecharunt|154/262|[from] item: Leftovers\n|-damage|p2a: Pincurchin|102/258 tox|[from] psn\n|upkeep\n|turn|18\n|\n|t:|1781463901\n|switch|p2a: Darkrai|Darkrai, L77|234/234\n|move|p1a: Pecharunt|Malignant Chain|p2a: Darkrai\n|-damage|p2a: Darkrai|47/234\n|-status|p2a: Darkrai|tox\n|-start|p2a: Darkrai|confusion|[from] ability: Poison Puppeteer|[of] p1a: Pecharunt\n|\n|-heal|p2a: Darkrai|61/234 tox|[from] item: Leftovers\n|-heal|p1a: Pecharunt|170/262|[from] item: Leftovers\n|-damage|p2a: Darkrai|47/234 tox|[from] psn\n|upkeep\n|turn|19\n|\n|t:|1781463908\n|switch|p1a: Krookodile|Krookodile, L79, F|76/280\n|-ability|p1a: Krookodile|Intimidate|boost\n|-unboost|p2a: Darkrai|atk|1\n|-activate|p2a: Darkrai|confusion\n|-damage|p2a: Darkrai|33/234 tox|[from] confusion\n|\n|-heal|p2a: Darkrai|47/234 tox|[from] item: Leftovers\n|-heal|p1a: Krookodile|93/280|[from] item: Leftovers\n|-damage|p2a: Darkrai|19/234 tox|[from] psn\n|upkeep\n|turn|20\n|\n|t:|1781463913\n|-activate|p2a: Darkrai|confusion\n|move|p2a: Darkrai|Sludge Bomb|p1a: Krookodile\n|-resisted|p1a: Krookodile\n|-damage|p1a: Krookodile|47/280\n|move|p1a: Krookodile|Bulk Up|p1a: Krookodile\n|-boost|p1a: Krookodile|atk|1\n|-boost|p1a: Krookodile|def|1\n|\n|-heal|p2a: Darkrai|33/234 tox|[from] item: Leftovers\n|-heal|p1a: Krookodile|64/280|[from] item: Leftovers\n|-damage|p2a: Darkrai|0 fnt|[from] psn\n|faint|p2a: Darkrai\n|upkeep\n|\n|t:|1781463916\n|switch|p2a: Greninja|Greninja, L80, M|246/246\n|turn|21\n|\n|t:|1781463920\n|switch|p1a: Goodra|Goodra, L85, M|257/292\n|move|p2a: Greninja|U-turn|p1a: Goodra\n|-start|p2a: Greninja|typechange|Bug|[from] ability: Protean\n|-damage|p1a: Goodra|181/292\n|\n|t:|1781463923\n|switch|p2a: Slither Wing|Slither Wing, L81|270/270|[from] U-turn\n|\n|upkeep\n|turn|22\n|\n|t:|1781463930\n|move|p1a: Goodra|Draco Meteor|p2a: Slither Wing\n|-damage|p2a: Slither Wing|122/270\n|-unboost|p1a: Goodra|spa|2\n|move|p2a: Slither Wing|U-turn|p1a: Goodra\n|-damage|p1a: Goodra|33/292\n|-damage|p2a: Slither Wing|95/270|[from] item: Life Orb\n|\n|t:|1781463933\n|-end|p2a: Slither Wing|Protosynthesis|[silent]\n|switch|p2a: Greninja|Greninja, L80, M|246/246|[from] U-turn\n|\n|upkeep\n|turn|23\n|\n|t:|1781463941\n|move|p2a: Greninja|U-turn|p1a: Goodra\n|-start|p2a: Greninja|typechange|Bug|[from] ability: Protean\n|-damage|p1a: Goodra|0 fnt\n|faint|p1a: Goodra\n|\n|t:|1781463943\n|switch|p2a: Pincurchin|Pincurchin, F, tera:Water|102/258 tox|[from] U-turn\n|-fieldstart|move: Electric Terrain|[from] ability: Electric Surge|[of] p2a: Pincurchin\n|\n|-damage|p2a: Pincurchin|86/258 tox|[from] psn\n|upkeep\n|\n|t:|1781463962\n|switch|p1a: Krookodile|Krookodile, L79, F|64/280\n|-ability|p1a: Krookodile|Intimidate|boost\n|-unboost|p2a: Pincurchin|atk|1\n|turn|24\n|\n|t:|1781463970\n|move|p1a: Krookodile|Earthquake|p2a: Pincurchin\n|-damage|p2a: Pincurchin|2/258 tox\n|move|p2a: Pincurchin|Liquidation|p1a: Krookodile\n|-supereffective|p1a: Krookodile\n|-damage|p1a: Krookodile|0 fnt\n|faint|p1a: Krookodile\n|\n|-damage|p2a: Pincurchin|0 fnt|[from] psn\n|faint|p2a: Pincurchin\n|upkeep\n|\n|t:|1781463980\n|switch|p1a: Iron Boulder|Iron Boulder, L77|265/265\n|switch|p2a: Greninja|Greninja, L80, M|246/246\n|-activate|p1a: Iron Boulder|ability: Quark Drive\n|-start|p1a: Iron Boulder|quarkdrivespe\n|turn|25\n|\n|t:|1781463989\n|-terastallize|p1a: Iron Boulder|Fighting\n|move|p1a: Iron Boulder|Close Combat|p2a: Greninja\n|-supereffective|p2a: Greninja\n|-damage|p2a: Greninja|0 fnt\n|-unboost|p1a: Iron Boulder|def|1\n|-unboost|p1a: Iron Boulder|spd|1\n|faint|p2a: Greninja\n|\n|upkeep\n|\n|t:|1781463993\n|switch|p2a: Milotic|Milotic, L83, F|293/293\n|turn|26\n|\n|t:|1781464000\n|-end|p1a: Iron Boulder|Quark Drive|[silent]\n|switch|p1a: Pecharunt|Pecharunt, L77|170/262\n|move|p2a: Milotic|Scald|p1a: Pecharunt\n|-damage|p1a: Pecharunt|70/262\n|\n|-heal|p1a: Pecharunt|86/262|[from] item: Leftovers\n|upkeep\n|turn|27\n|\n|t:|1781464006\n|move|p2a: Milotic|Scald|p1a: Pecharunt\n|-damage|p1a: Pecharunt|0 fnt\n|faint|p1a: Pecharunt\n|\n|-fieldend|move: Electric Terrain\n|upkeep\n|\n|t:|1781464011\n|switch|p1a: Comfey|Comfey, L85, M|225/225\n|turn|28\n|\n|t:|1781464015\n|move|p1a: Comfey|Calm Mind|p1a: Comfey\n|-boost|p1a: Comfey|spa|1\n|-boost|p1a: Comfey|spd|1\n|move|p2a: Milotic|Ice Beam|p1a: Comfey\n|-damage|p1a: Comfey|186/225\n|\n|-heal|p1a: Comfey|200/225|[from] item: Leftovers\n|upkeep\n|turn|29\n|\n|t:|1781464021\n|move|p1a: Comfey|Calm Mind|p1a: Comfey\n|-boost|p1a: Comfey|spa|1\n|-boost|p1a: Comfey|spd|1\n|move|p2a: Milotic|Haze|p2a: Milotic\n|-clearallboost\n|\n|-heal|p1a: Comfey|214/225|[from] item: Leftovers\n|upkeep\n|turn|30\n|\n|t:|1781464028\n|switch|p1a: Talonflame|Talonflame, L83, M|265/265\n|move|p2a: Milotic|Ice Beam|p1a: Talonflame\n|-damage|p1a: Talonflame|183/265\n|\n|upkeep\n|turn|31\n|\n|t:|1781464031\n|move|p1a: Talonflame|Brave Bird|p2a: Milotic\n|-damage|p2a: Milotic|173/293\n|-damage|p1a: Talonflame|143/265|[from] Recoil\n|move|p2a: Milotic|Scald|p1a: Talonflame\n|-supereffective|p1a: Talonflame\n|-damage|p1a: Talonflame|0 fnt\n|faint|p1a: Talonflame\n|\n|-heal|p2a: Milotic|191/293|[from] item: Leftovers\n|upkeep\n|\n|t:|1781464034\n|switch|p1a: Iron Boulder|Iron Boulder, L77, tera:Fighting|265/265\n|-enditem|p1a: Iron Boulder|Booster Energy\n|-activate|p1a: Iron Boulder|ability: Quark Drive|[fromitem]\n|-start|p1a: Iron Boulder|quarkdrivespe\n|turn|32\n|\n|t:|1781464039\n|move|p1a: Iron Boulder|Swords Dance|p1a: Iron Boulder\n|-boost|p1a: Iron Boulder|atk|2\n|move|p2a: Milotic|Recover|p2a: Milotic\n|-heal|p2a: Milotic|293/293\n|\n|upkeep\n|turn|33\n|\n|t:|1781464044\n|move|p1a: Iron Boulder|Mighty Cleave|p2a: Milotic\n|-damage|p2a: Milotic|85/293\n|move|p2a: Milotic|Scald|p1a: Iron Boulder\n|-damage|p1a: Iron Boulder|187/265\n|\n|-heal|p2a: Milotic|103/293|[from] item: Leftovers\n|upkeep\n|turn|34\n|\n|t:|1781464048\n|move|p1a: Iron Boulder|Mighty Cleave|p2a: Milotic\n|-damage|p2a: Milotic|0 fnt\n|faint|p2a: Milotic\n|\n|upkeep\n|\n|t:|1781464050\n|switch|p2a: Slither Wing|Slither Wing, L81|95/270\n|turn|35\n|\n|t:|1781464053\n|move|p2a: Slither Wing|First Impression|p1a: Iron Boulder\n|-resisted|p1a: Iron Boulder\n|-damage|p1a: Iron Boulder|93/265\n|-damage|p2a: Slither Wing|68/270|[from] item: Life Orb\n|move|p1a: Iron Boulder|Mighty Cleave|p2a: Slither Wing\n|-damage|p2a: Slither Wing|0 fnt\n|faint|p2a: Slither Wing\n|-end|p2a: Slither Wing|Protosynthesis|[silent]\n|\n|win|newsock\n", "inputlog": ">version a8376a258c1d4662feba110a92103f3664a72141\n>start {\"formatid\":\"gen9randombattle\",\"seed\":\"sodium,fdedd67e1e0bc66dd88c1883fdad706d\",\"rated\":\"Rated battle\"}\n>player p1 {\"name\":\"newsock\",\"avatar\":\"1\",\"rating\":1945,\"seed\":\"sodium,837f4e79b741f7774d4a94ed80fcb16e\"}\n>player p2 {\"name\":\"jokaire\",\"avatar\":\"clown\",\"rating\":1924,\"seed\":\"sodium,22f3cb4d9481dc5d18e5912a51615514\"}\n>p1 switch 6\n>p2 move zingzap\n>p1 move bulkup\n>p2 switch 6\n>p1 move knockoff\n>p2 move bodypress\n>p1 move bulkup\n>p2 move roost\n>p1 move bulkup\n>p2 move bodypress\n>p1 move knockoff\n>p2 move bodypress\n>p1 move knockoff\n>p2 move roost\n>p2 switch 5\n>p1 switch 4\n>p2 move hydropump\n>p1 move earthquake\n>p2 switch 6\n>p1 switch 4\n>p2 move recover\n>p1 move earthquake\n>p2 move curse\n>p1 move earthquake\n>p2 move recover terastallize\n>p1 move bulkup\n>p2 move liquidation\n>p1 move knockoff\n>p2 move curse\n>p1 switch 5\n>p2 move recover\n>p1 move malignantchain\n>p2 move zingzap\n>p1 move nastyplot\n>p2 move zingzap\n>p1 move malignantchain\n>p2 switch 2\n>p1 switch 5\n>p2 move sludgebomb\n>p1 move bulkup\n>p2 move sludgebomb\n>p2 switch 6\n>p1 switch 4\n>p2 move uturn\n>p2 switch 4\n>p1 move dracometeor\n>p2 move uturn\n>p2 switch 4\n>p1 move powerwhip\n>p2 move uturn\n>p2 switch 2\n>p1 switch 4\n>p1 move earthquake\n>p2 move liquidation\n>p1 switch 3\n>p2 switch 2\n>p1 move closecombat terastallize\n>p2 move hydropump\n>p2 switch 3\n>p1 switch 5\n>p2 move scald\n>p1 move recover\n>p2 move scald\n>p1 switch 6\n>p1 move calmmind\n>p2 move icebeam\n>p1 move calmmind\n>p2 move haze\n>p1 switch 2\n>p2 move icebeam\n>p1 move bravebird\n>p2 move scald\n>p1 switch 5\n>p1 move swordsdance\n>p2 move recover\n>p1 move mightycleave\n>p2 move scald\n>p1 move mightycleave\n>p2 move scald\n>p2 switch 4\n>p1 move mightycleave\n>p2 move firstimpression", "uploadtime": 1781463788, "views": 5, "formatid": "gen9randombattle", "rating": null, "private": 0, "password": null}