{"id": "gen9randombattle-2631635741", "format": "[Gen 9] Random Battle", "players": ["Marferno", "balotellibro"], "log": "|j|\u2606Marferno\n|j|\u2606balotellibro\n|t:|1781412461\n|gametype|singles\n|player|p1|Marferno|lucas-gen4pt|1979\n|player|p2|balotellibro|265|1913\n|gen|9\n|tier|[Gen 9] Random Battle\n|rated|\n|rule|Species Clause: Limit one of each Pok\u00e9mon\n|rule|HP Percentage Mod: HP is shown in percentages\n|rule|Sleep Clause Mod: Limit one foe put to sleep\n|rule|Illusion Level Mod: Illusion disguises the Pok\u00e9mon's true level\n|\n|t:|1781412461\n|teamsize|p1|6\n|teamsize|p2|6\n|start\n|switch|p1a: Florges|Florges, L85, F|271/271\n|switch|p2a: Reuniclus|Reuniclus, L88, M|337/337\n|turn|1\n|inactive|Battle timer is ON: inactive players will automatically lose when time's up. (requested by Marferno)\n|\n|t:|1781412488\n|switch|p1a: Chandelure|Chandelure, L83, M|235/235\n|move|p2a: Reuniclus|Calm Mind|p2a: Reuniclus\n|-boost|p2a: Reuniclus|spa|1\n|-boost|p2a: Reuniclus|spd|1\n|\n|upkeep\n|turn|2\n|\n|t:|1781412493\n|move|p1a: Chandelure|Trick|p2a: Reuniclus\n|-activate|p1a: Chandelure|move: Trick|[of] p2a: Reuniclus\n|-item|p2a: Reuniclus|Choice Scarf|[from] move: Trick\n|-item|p1a: Chandelure|Life Orb|[from] move: Trick\n|move|p2a: Reuniclus|Psychic|p1a: Chandelure\n|-damage|p1a: Chandelure|37/235\n|\n|upkeep\n|turn|3\n|\n|t:|1781412510\n|switch|p2a: Mightyena|Mightyena, L96, F|290/290\n|-ability|p2a: Mightyena|Intimidate|boost\n|-unboost|p1a: Chandelure|atk|1\n|move|p1a: Chandelure|Shadow Ball|p2a: Mightyena\n|-resisted|p2a: Mightyena\n|-damage|p2a: Mightyena|233/290\n|-damage|p1a: Chandelure|14/235|[from] item: Life Orb\n|\n|upkeep\n|turn|4\n|c|\u2606balotellibro|jokes on you i'm fast af boi\n|\n|t:|1781412519\n|move|p2a: Mightyena|Throat Chop|p1a: Chandelure\n|-supereffective|p1a: Chandelure\n|-damage|p1a: Chandelure|0 fnt\n|faint|p1a: Chandelure\n|\n|upkeep\n|\n|t:|1781412531\n|switch|p1a: Meganium|Meganium, L90, F|290/290\n|turn|5\n|\n|t:|1781412548\n|move|p1a: Meganium|Swords Dance|p1a: Meganium\n|-boost|p1a: Meganium|atk|2\n|move|p2a: Mightyena|Poison Fang|p1a: Meganium\n|-supereffective|p1a: Meganium\n|-damage|p1a: Meganium|212/290\n|-status|p1a: Meganium|tox\n|\n|-heal|p1a: Meganium|230/290 tox|[from] item: Leftovers\n|-damage|p1a: Meganium|212/290 tox|[from] psn\n|upkeep\n|turn|6\n|\n|t:|1781412552\n|switch|p2a: Bellossom|Bellossom, L84, F|263/263\n|move|p1a: Meganium|Petal Blizzard|p2a: Bellossom\n|-resisted|p2a: Bellossom\n|-damage|p2a: Bellossom|170/263\n|\n|-heal|p1a: Meganium|230/290 tox|[from] item: Leftovers\n|-heal|p2a: Bellossom|186/263|[from] item: Leftovers\n|-damage|p1a: Meganium|194/290 tox|[from] psn\n|upkeep\n|turn|7\n|\n|t:|1781412559\n|move|p1a: Meganium|Knock Off|p2a: Bellossom\n|-damage|p2a: Bellossom|62/263\n|-enditem|p2a: Bellossom|Leftovers|[from] move: Knock Off|[of] p1a: Meganium\n|move|p2a: Bellossom|Strength Sap|p1a: Meganium\n|-unboost|p1a: Meganium|atk|1\n|-heal|p2a: Bellossom|263/263\n|\n|-heal|p1a: Meganium|212/290 tox|[from] item: Leftovers\n|-damage|p1a: Meganium|158/290 tox|[from] psn\n|upkeep\n|turn|8\n|\n|t:|1781412563\n|move|p1a: Meganium|Swords Dance|p1a: Meganium\n|-boost|p1a: Meganium|atk|2\n|move|p2a: Bellossom|Quiver Dance|p2a: Bellossom\n|-boost|p2a: Bellossom|spa|1\n|-boost|p2a: Bellossom|spd|1\n|-boost|p2a: Bellossom|spe|1\n|\n|-heal|p1a: Meganium|176/290 tox|[from] item: Leftovers\n|-damage|p1a: Meganium|104/290 tox|[from] psn\n|upkeep\n|turn|9\n|\n|t:|1781412568\n|move|p2a: Bellossom|Strength Sap|p1a: Meganium\n|-unboost|p1a: Meganium|atk|1\n|move|p1a: Meganium|Petal Blizzard|p2a: Bellossom\n|-resisted|p2a: Bellossom\n|-damage|p2a: Bellossom|170/263\n|\n|-heal|p1a: Meganium|122/290 tox|[from] item: Leftovers\n|-damage|p1a: Meganium|32/290 tox|[from] psn\n|upkeep\n|turn|10\n|\n|t:|1781412573\n|move|p2a: Bellossom|Quiver Dance|p2a: Bellossom\n|-boost|p2a: Bellossom|spa|1\n|-boost|p2a: Bellossom|spd|1\n|-boost|p2a: Bellossom|spe|1\n|move|p1a: Meganium|Petal Blizzard|p2a: Bellossom\n|-resisted|p2a: Bellossom\n|-damage|p2a: Bellossom|34/263\n|\n|-heal|p1a: Meganium|50/290 tox|[from] item: Leftovers\n|-damage|p1a: Meganium|0 fnt|[from] psn\n|faint|p1a: Meganium\n|upkeep\n|\n|t:|1781412579\n|switch|p1a: Oricorio|Oricorio-Pom-Pom, L82, M|257/257\n|turn|11\n|\n|t:|1781412584\n|move|p2a: Bellossom|Strength Sap|p1a: Oricorio\n|-unboost|p1a: Oricorio|atk|1\n|-heal|p2a: Bellossom|153/263\n|move|p1a: Oricorio|Quiver Dance|p1a: Oricorio\n|-boost|p1a: Oricorio|spa|1\n|-boost|p1a: Oricorio|spd|1\n|-boost|p1a: Oricorio|spe|1\n|\n|upkeep\n|turn|12\n|\n|t:|1781412594\n|move|p1a: Oricorio|Quiver Dance|p1a: Oricorio\n|-boost|p1a: Oricorio|spa|1\n|-boost|p1a: Oricorio|spd|1\n|-boost|p1a: Oricorio|spe|1\n|move|p2a: Bellossom|Tera Blast|p1a: Oricorio\n|-crit|p1a: Oricorio\n|-damage|p1a: Oricorio|79/257\n|\n|upkeep\n|turn|13\n|\n|t:|1781412604\n|switch|p2a: Lanturn|Lanturn, L89, M|367/367\n|move|p1a: Oricorio|Roost|p1a: Oricorio\n|-heal|p1a: Oricorio|208/257\n|-singleturn|p1a: Oricorio|move: Roost\n|\n|upkeep\n|turn|14\n|\n|t:|1781412608\n|-terastallize|p1a: Oricorio|Ground\n|move|p1a: Oricorio|Revelation Dance|p2a: Lanturn\n|-supereffective|p2a: Lanturn\n|-damage|p2a: Lanturn|0 fnt\n|faint|p2a: Lanturn\n|\n|upkeep\n|\n|t:|1781412621\n|switch|p2a: Mightyena|Mightyena, L96, F|233/290\n|-ability|p2a: Mightyena|Intimidate|boost\n|-unboost|p1a: Oricorio|atk|1\n|turn|15\n|\n|t:|1781412627\n|move|p1a: Oricorio|Revelation Dance|p2a: Mightyena\n|-damage|p2a: Mightyena|98/290\n|move|p2a: Mightyena|Throat Chop|p1a: Oricorio\n|-damage|p1a: Oricorio|88/257\n|-start|p1a: Oricorio|Throat Chop|[silent]\n|\n|upkeep\n|turn|16\n|\n|t:|1781412636\n|move|p2a: Mightyena|Sucker Punch||[still]\n|-fail|p2a: Mightyena\n|move|p1a: Oricorio|Roost|p1a: Oricorio\n|-heal|p1a: Oricorio|217/257\n|\n|-end|p1a: Oricorio|Throat Chop|[silent]\n|upkeep\n|turn|17\n|\n|t:|1781412638\n|move|p1a: Oricorio|Revelation Dance|p2a: Mightyena\n|-damage|p2a: Mightyena|0 fnt\n|faint|p2a: Mightyena\n|\n|upkeep\n|-message|balotellibro forfeited.\n|\n|win|Marferno\n", "inputlog": ">version a8376a258c1d4662feba110a92103f3664a72141\n>start {\"formatid\":\"gen9randombattle\",\"seed\":\"sodium,3fc02e023593c3fcc53cc39ccea27ca7\",\"rated\":\"Rated battle\"}\n>player p1 {\"name\":\"Marferno\",\"avatar\":\"lucas-gen4pt\",\"rating\":1979,\"seed\":\"sodium,23b9405561461fbaed59644eb1664381\"}\n>player p2 {\"name\":\"balotellibro\",\"avatar\":\"265\",\"rating\":1913,\"seed\":\"sodium,4dfc283cef8234a871bf876ac20b654a\"}\n>p1 switch 5\n>p2 move calmmind\n>p1 move trick\n>p2 move psychic\n>p1 move shadowball\n>p2 switch 3\n>chat \u2606balotellibro|jokes on you i'm fast af boi\n>p1 move fireblast\n>p2 move throatchop\n>p1 switch 2\n>p1 move swordsdance\n>p2 move poisonfang\n>p1 move petalblizzard\n>p2 switch 2\n>p1 move knockoff\n>p2 move strengthsap\n>p1 move swordsdance\n>p2 move quiverdance\n>p1 move petalblizzard\n>p2 move strengthsap\n>p1 move petalblizzard\n>p2 move quiverdance\n>p1 switch 4\n>p1 move quiverdance\n>p2 move strengthsap\n>p1 move quiverdance\n>p2 move terablast\n>p1 move roost\n>p2 switch 6\n>p1 move revelationdance terastallize\n>p2 move icebeam\n>p2 switch 2\n>p1 move revelationdance\n>p2 move throatchop\n>p1 move roost\n>p2 move suckerpunch\n>p1 move revelationdance\n>p2 move throatchop\n>forcelose p2", "uploadtime": 1781412463, "views": 4, "formatid": "gen9randombattle", "rating": null, "private": 0, "password": null}