{"id": "gen9randombattle-2631465271", "format": "[Gen 9] Random Battle", "players": ["Astrokid11", "supercami"], "log": "|j|\u2606Astrokid11\n|j|\u2606supercami\n|t:|1781388060\n|gametype|singles\n|player|p1|Astrokid11|102|1960\n|player|p2|supercami|169|1909\n|gen|9\n|tier|[Gen 9] Random Battle\n|rated|\n|rule|Species Clause: Limit one of each Pok\u00e9mon\n|rule|HP Percentage Mod: HP is shown in percentages\n|rule|Sleep Clause Mod: Limit one foe put to sleep\n|rule|Illusion Level Mod: Illusion disguises the Pok\u00e9mon's true level\n|\n|t:|1781388060\n|teamsize|p1|6\n|teamsize|p2|6\n|start\n|switch|p1a: Lurantis|Lurantis, L87, M|264/264\n|switch|p2a: Torterra|Torterra, L78, M|276/276\n|turn|1\n|\n|t:|1781388072\n|switch|p2a: Volcarona|Volcarona, L77, F|257/257\n|move|p1a: Lurantis|Superpower|p2a: Volcarona\n|-resisted|p2a: Volcarona\n|-damage|p2a: Volcarona|187/257\n|-boost|p1a: Lurantis|atk|1\n|-boost|p1a: Lurantis|def|1\n|\n|upkeep\n|turn|2\n|\n|t:|1781388083\n|switch|p1a: Furret|Furret, L94, M|312/312\n|-item|p2a: Volcarona|Heavy-Duty Boots|[from] ability: Frisk|[of] p1a: Furret\n|move|p2a: Volcarona|Quiver Dance|p2a: Volcarona\n|-boost|p2a: Volcarona|spa|1\n|-boost|p2a: Volcarona|spd|1\n|-boost|p2a: Volcarona|spe|1\n|\n|upkeep\n|turn|3\n|\n|t:|1781388089\n|-terastallize|p2a: Volcarona|Fire\n|move|p2a: Volcarona|Fire Blast|p1a: Furret\n|-damage|p1a: Furret|0 fnt\n|faint|p1a: Furret\n|\n|upkeep\n|inactive|Battle timer is ON: inactive players will automatically lose when time's up. (requested by Astrokid11)\n|\n|t:|1781388119\n|switch|p1a: Iron Hands|Iron Hands, L79|373/373\n|turn|4\n|\n|t:|1781388132\n|switch|p2a: Volbeat|Volbeat, L90, M|263/263\n|move|p1a: Iron Hands|Drain Punch|p2a: Volbeat\n|-resisted|p2a: Volbeat\n|-damage|p2a: Volbeat|209/263\n|\n|upkeep\n|turn|5\n|\n|t:|1781388136\n|move|p2a: Volbeat|Encore|p1a: Iron Hands\n|-start|p1a: Iron Hands|Encore\n|move|p1a: Iron Hands|Drain Punch|p2a: Volbeat\n|-resisted|p2a: Volbeat\n|-damage|p2a: Volbeat|161/263\n|\n|upkeep\n|turn|6\n|\n|t:|1781388145\n|-end|p1a: Iron Hands|Quark Drive|[silent]\n|switch|p1a: Mismagius|Mismagius, L86, F|243/243\n|move|p2a: Volbeat|U-turn|p1a: Mismagius\n|-resisted|p1a: Mismagius\n|-damage|p1a: Mismagius|198/243\n|\n|t:|1781388162\n|switch|p2a: Cyclizar|Cyclizar, L83, M|252/252|[from] U-turn\n|\n|upkeep\n|turn|7\n|\n|t:|1781388173\n|switch|p1a: Iron Hands|Iron Hands, L79|373/373\n|move|p2a: Cyclizar|Shed Tail|p2a: Cyclizar\n|-start|p2a: Cyclizar|Substitute|[from] move: Shed Tail\n|-damage|p2a: Cyclizar|126/252\n|\n|t:|1781388177\n|switch|p2a: Torterra|Torterra, L78, M|276/276|[from] Shed Tail\n|\n|upkeep\n|turn|8\n|\n|t:|1781388185\n|move|p2a: Torterra|Shell Smash|p2a: Torterra\n|-unboost|p2a: Torterra|def|1\n|-unboost|p2a: Torterra|spd|1\n|-boost|p2a: Torterra|atk|2\n|-boost|p2a: Torterra|spa|2\n|-boost|p2a: Torterra|spe|2\n|move|p1a: Iron Hands|Drain Punch|p2a: Torterra\n|-end|p2a: Torterra|Substitute\n|\n|upkeep\n|turn|9\n|\n|t:|1781388197\n|move|p2a: Torterra|Headlong Rush|p1a: Iron Hands\n|-supereffective|p1a: Iron Hands\n|-damage|p1a: Iron Hands|0 fnt\n|-unboost|p2a: Torterra|def|1\n|-unboost|p2a: Torterra|spd|1\n|faint|p1a: Iron Hands\n|-end|p1a: Iron Hands|Quark Drive|[silent]\n|\n|upkeep\n|\n|t:|1781388216\n|switch|p1a: Latios|Latios, L78, M|253/253\n|turn|10\n|\n|t:|1781388223\n|switch|p2a: Bronzong|Bronzong, L88|261/261\n|move|p1a: Latios|Luster Purge|p2a: Bronzong\n|-resisted|p2a: Bronzong\n|-damage|p2a: Bronzong|234/261\n|\n|-heal|p2a: Bronzong|250/261|[from] item: Leftovers\n|upkeep\n|turn|11\n|\n|t:|1781388245\n|switch|p1a: Farigiraf|Farigiraf, L90, M|362/362\n|move|p2a: Bronzong|Stealth Rock|p1a: Farigiraf\n|-sidestart|p1: Astrokid11|move: Stealth Rock\n|\n|-heal|p2a: Bronzong|261/261|[from] item: Leftovers\n|upkeep\n|turn|12\n|\n|t:|1781388254\n|move|p1a: Farigiraf|Body Slam|p2a: Bronzong\n|-resisted|p2a: Bronzong\n|-damage|p2a: Bronzong|222/261\n|move|p2a: Bronzong|Hypnosis|p1a: Farigiraf\n|-status|p1a: Farigiraf|slp|[from] move: Hypnosis\n|\n|-heal|p2a: Bronzong|238/261|[from] item: Leftovers\n|upkeep\n|turn|13\n|\n|t:|1781388259\n|switch|p2a: Volbeat|Volbeat, L90, M|161/263\n|cant|p1a: Farigiraf|slp\n|\n|upkeep\n|turn|14\n|\n|t:|1781388271\n|move|p2a: Volbeat|U-turn|p1a: Farigiraf\n|-supereffective|p1a: Farigiraf\n|-damage|p1a: Farigiraf|206/362 slp\n|\n|t:|1781388274\n|switch|p2a: Golduck|Golduck, L90, F|290/290|[from] U-turn\n|-ability|p2a: Golduck|Cloud Nine\n|cant|p1a: Farigiraf|slp\n|\n|-heal|p1a: Farigiraf|228/362 slp|[from] item: Leftovers\n|upkeep\n|turn|15\n|\n|t:|1781388278\n|move|p2a: Golduck|Hydro Pump|p1a: Farigiraf\n|-damage|p1a: Farigiraf|12/362 slp\n|-curestatus|p1a: Farigiraf|slp|[msg]\n|move|p1a: Farigiraf|Body Slam|p2a: Golduck\n|-damage|p2a: Golduck|194/290\n|\n|-heal|p1a: Farigiraf|34/362|[from] item: Leftovers\n|upkeep\n|turn|16\n|\n|t:|1781388283\n|move|p1a: Farigiraf|Protect|p1a: Farigiraf\n|-singleturn|p1a: Farigiraf|Protect\n|move|p2a: Golduck|Hydro Pump|p1a: Farigiraf\n|-activate|p1a: Farigiraf|move: Protect\n|\n|-heal|p1a: Farigiraf|56/362|[from] item: Leftovers\n|upkeep\n|turn|17\n|\n|t:|1781388285\n|move|p2a: Golduck|Hydro Pump|p1a: Farigiraf\n|-damage|p1a: Farigiraf|0 fnt\n|faint|p1a: Farigiraf\n|\n|upkeep\n|\n|t:|1781388295\n|switch|p1a: Mismagius|Mismagius, L86, F|198/243\n|-damage|p1a: Mismagius|168/243|[from] Stealth Rock\n|turn|18\n|\n|t:|1781388302\n|switch|p2a: Cyclizar|Cyclizar, L83, M|210/252\n|move|p1a: Mismagius|Nasty Plot|p1a: Mismagius\n|-boost|p1a: Mismagius|spa|2\n|\n|upkeep\n|turn|19\n|\n|t:|1781388317\n|move|p2a: Cyclizar|Draco Meteor|p1a: Mismagius\n|-damage|p1a: Mismagius|69/243\n|-unboost|p2a: Cyclizar|spa|2\n|move|p1a: Mismagius|Mystical Fire|p2a: Cyclizar\n|-resisted|p2a: Cyclizar\n|-damage|p2a: Cyclizar|119/252\n|-unboost|p2a: Cyclizar|spa|1\n|-damage|p1a: Mismagius|45/243|[from] item: Life Orb\n|\n|upkeep\n|turn|20\n|\n|t:|1781388332\n|switch|p2a: Torterra|Torterra, L78, M|276/276\n|move|p1a: Mismagius|Thunderbolt|p2a: Torterra\n|-immune|p2a: Torterra\n|\n|upkeep\n|turn|21\n|\n|t:|1781388338\n|move|p1a: Mismagius|Mystical Fire|p2a: Torterra\n|-supereffective|p2a: Torterra\n|-damage|p2a: Torterra|0 fnt\n|faint|p2a: Torterra\n|-damage|p1a: Mismagius|21/243|[from] item: Life Orb\n|\n|upkeep\n|\n|t:|1781388341\n|switch|p2a: Cyclizar|Cyclizar, L83, M|203/252\n|turn|22\n|\n|t:|1781388350\n|move|p2a: Cyclizar|Draco Meteor|p1a: Mismagius\n|-damage|p1a: Mismagius|0 fnt\n|-unboost|p2a: Cyclizar|spa|2\n|faint|p1a: Mismagius\n|\n|upkeep\n|\n|t:|1781388357\n|switch|p1a: Lurantis|Lurantis, L87, M|264/264\n|-damage|p1a: Lurantis|231/264|[from] Stealth Rock\n|turn|23\n|\n|t:|1781388362\n|move|p2a: Cyclizar|Shed Tail|p2a: Cyclizar\n|-start|p2a: Cyclizar|Substitute|[from] move: Shed Tail\n|-damage|p2a: Cyclizar|77/252\n|\n|t:|1781388363\n|switch|p2a: Volbeat|Volbeat, L90, M|161/263|[from] Shed Tail\n|move|p1a: Lurantis|Superpower|p2a: Volbeat\n|-resisted|p2a: Volbeat\n|-activate|p2a: Volbeat|move: Substitute|[damage]\n|-boost|p1a: Lurantis|atk|1\n|-boost|p1a: Lurantis|def|1\n|\n|-heal|p1a: Lurantis|247/264|[from] item: Leftovers\n|upkeep\n|turn|24\n|\n|t:|1781388375\n|move|p2a: Volbeat|Thunder Wave|p1a: Lurantis|[miss]\n|-miss|p2a: Volbeat|p1a: Lurantis\n|move|p1a: Lurantis|Superpower|p2a: Volbeat\n|-resisted|p2a: Volbeat\n|-end|p2a: Volbeat|Substitute\n|-boost|p1a: Lurantis|atk|1\n|-boost|p1a: Lurantis|def|1\n|\n|-heal|p1a: Lurantis|263/264|[from] item: Leftovers\n|upkeep\n|turn|25\n|\n|t:|1781388383\n|move|p2a: Volbeat|Thunder Wave|p1a: Lurantis\n|-status|p1a: Lurantis|par\n|move|p1a: Lurantis|Superpower|p2a: Volbeat\n|-resisted|p2a: Volbeat\n|-damage|p2a: Volbeat|64/263\n|-boost|p1a: Lurantis|atk|1\n|-boost|p1a: Lurantis|def|1\n|\n|-heal|p1a: Lurantis|264/264 par|[from] item: Leftovers\n|upkeep\n|turn|26\n|\n|t:|1781388401\n|move|p2a: Volbeat|U-turn|p1a: Lurantis\n|-supereffective|p1a: Lurantis\n|-damage|p1a: Lurantis|208/264 par\n|\n|t:|1781388409\n|switch|p2a: Bronzong|Bronzong, L88|238/261|[from] U-turn\n|move|p1a: Lurantis|Superpower|p2a: Bronzong\n|-damage|p2a: Bronzong|45/261\n|-boost|p1a: Lurantis|atk|1\n|-boost|p1a: Lurantis|def|1\n|\n|-heal|p2a: Bronzong|61/261|[from] item: Leftovers\n|-heal|p1a: Lurantis|224/264 par|[from] item: Leftovers\n|upkeep\n|turn|27\n|\n|t:|1781388422\n|move|p2a: Bronzong|Psychic|p1a: Lurantis\n|-damage|p1a: Lurantis|131/264 par\n|move|p1a: Lurantis|Superpower|p2a: Bronzong\n|-damage|p2a: Bronzong|0 fnt\n|-boost|p1a: Lurantis|atk|1\n|-boost|p1a: Lurantis|def|1\n|faint|p2a: Bronzong\n|\n|-heal|p1a: Lurantis|147/264 par|[from] item: Leftovers\n|upkeep\n|\n|t:|1781388429\n|switch|p2a: Volcarona|Volcarona, L77, F, tera:Fire|187/257\n|turn|28\n|\n|t:|1781388434\n|-terastallize|p1a: Lurantis|Fighting\n|move|p2a: Volcarona|Fire Blast|p1a: Lurantis|[miss]\n|-miss|p2a: Volcarona|p1a: Lurantis\n|move|p1a: Lurantis|Superpower|p2a: Volcarona\n|-damage|p2a: Volcarona|0 fnt\n|-boost|p1a: Lurantis|atk|1\n|-boost|p1a: Lurantis|def|1\n|faint|p2a: Volcarona\n|\n|-heal|p1a: Lurantis|163/264 par|[from] item: Leftovers\n|upkeep\n|\n|t:|1781388442\n|switch|p2a: Golduck|Golduck, L90, F|194/290\n|-ability|p2a: Golduck|Cloud Nine\n|turn|29\n|\n|t:|1781388453\n|move|p2a: Golduck|Hydro Pump|p1a: Lurantis\n|-damage|p1a: Lurantis|0 fnt\n|faint|p1a: Lurantis\n|\n|upkeep\n|\n|t:|1781388456\n|switch|p1a: Latios|Latios, L78, M|253/253\n|-damage|p1a: Latios|222/253|[from] Stealth Rock\n|turn|30\n|\n|t:|1781388465\n|move|p1a: Latios|Luster Purge|p2a: Golduck\n|-damage|p2a: Golduck|49/290\n|move|p2a: Golduck|Hydro Pump|p1a: Latios\n|-resisted|p1a: Latios\n|-damage|p1a: Latios|134/253\n|\n|upkeep\n|turn|31\n|\n|t:|1781388471\n|move|p1a: Latios|Recover|p1a: Latios\n|-heal|p1a: Latios|253/253\n|move|p2a: Golduck|Hydro Pump|p1a: Latios|[miss]\n|-miss|p2a: Golduck|p1a: Latios\n|\n|upkeep\n|turn|32\n|\n|t:|1781388476\n|move|p1a: Latios|Luster Purge|p2a: Golduck\n|-damage|p2a: Golduck|0 fnt\n|faint|p2a: Golduck\n|\n|upkeep\n|\n|t:|1781388480\n|switch|p2a: Volbeat|Volbeat, L90, M|64/263\n|turn|33\n|\n|t:|1781388484\n|move|p2a: Volbeat|Thunder Wave|p1a: Latios|[miss]\n|-miss|p2a: Volbeat|p1a: Latios\n|move|p1a: Latios|Luster Purge|p2a: Volbeat\n|-damage|p2a: Volbeat|0 fnt\n|faint|p2a: Volbeat\n|\n|upkeep\n|\n|t:|1781388486\n|switch|p2a: Cyclizar|Cyclizar, L83, M|161/252\n|turn|34\n|\n|t:|1781388491\n|move|p2a: Cyclizar|Draco Meteor|p1a: Latios\n|-supereffective|p1a: Latios\n|-damage|p1a: Latios|37/253\n|-unboost|p2a: Cyclizar|spa|2\n|move|p1a: Latios|Draco Meteor|p2a: Cyclizar\n|-supereffective|p2a: Cyclizar\n|-damage|p2a: Cyclizar|0 fnt\n|-unboost|p1a: Latios|spa|2\n|faint|p2a: Cyclizar\n|\n|win|Astrokid11\n", "inputlog": ">version a8376a258c1d4662feba110a92103f3664a72141\n>start {\"formatid\":\"gen9randombattle\",\"seed\":\"sodium,d4b5ca36e0c46f413b4d1b19b2b37c4a\",\"rated\":\"Rated battle\"}\n>player p1 {\"name\":\"Astrokid11\",\"avatar\":\"102\",\"rating\":1960,\"seed\":\"sodium,dff07ed4f1ff052d4e6e22518fa3f4da\"}\n>player p2 {\"name\":\"supercami\",\"avatar\":\"169\",\"rating\":1909,\"seed\":\"sodium,a2339c6c7bfefe79d9fe8c7b7db7d524\"}\n>p1 move superpower\n>p2 switch 6\n>p1 switch 5\n>p2 move quiverdance\n>p1 move doubleedge\n>p2 move fireblast terastallize\n>p1 switch 6\n>p1 move drainpunch\n>p2 switch 3\n>p1 move thunderpunch\n>p2 move encore\n>p1 switch 2\n>p2 move uturn\n>p2 switch 2\n>p1 switch 2\n>p2 move shedtail\n>p2 switch 6\n>p1 move drainpunch\n>p2 move shellsmash\n>p1 move icepunch\n>p2 move headlongrush\n>p1 switch 3\n>p1 move lusterpurge\n>p2 switch 5\n>p1 switch 4\n>p2 move stealthrock\n>p1 move bodyslam\n>p2 move hypnosis\n>p1 move bodyslam\n>p2 switch 2\n>p1 move bodyslam\n>p2 move uturn\n>p2 switch 4\n>p1 move bodyslam\n>p2 move hydropump\n>p1 move protect\n>p2 move hydropump\n>p1 move bodyslam\n>p2 move hydropump\n>p1 switch 2\n>p1 move nastyplot\n>p2 switch 6\n>p1 move mysticalfire\n>p2 move dracometeor\n>p1 move thunderbolt\n>p2 switch 5\n>p1 move mysticalfire\n>p2 move bulletseed\n>p2 switch 5\n>p1 move thunderbolt\n>p2 move dracometeor\n>p1 switch 5\n>p1 move superpower\n>p2 move shedtail\n>p2 switch 4\n>p1 move superpower\n>p2 move thunderwave\n>p1 move superpower\n>p2 move thunderwave\n>p1 move superpower\n>p2 move uturn\n>p2 switch 2\n>p1 move superpower\n>p2 move psychic\n>p2 switch 3\n>p1 move superpower terastallize\n>p2 move fireblast\n>p2 switch 6\n>p1 move leafstorm\n>p2 move hydropump\n>p1 switch 4\n>p1 move lusterpurge\n>p2 move hydropump\n>p1 move recover\n>p2 move hydropump\n>p1 move lusterpurge\n>p2 move hydropump\n>p2 switch 2\n>p1 move lusterpurge\n>p2 move thunderwave\n>p2 switch 4\n>p1 move dracometeor\n>p2 move dracometeor", "uploadtime": 1781388061, "views": 7, "formatid": "gen9randombattle", "rating": null, "private": 0, "password": null}