{"id": "gen9randombattle-2631974411", "format": "[Gen 9] Random Battle", "players": ["GoldenNorc", "pusherGOD700"], "log": "|j|\u2606GoldenNorc\n|j|\u2606pusherGOD700\n|t:|1781461671\n|gametype|singles\n|player|p1|GoldenNorc|102|1323\n|player|p2|pusherGOD700|burglar|1302\n|gen|9\n|tier|[Gen 9] Random Battle\n|rated|\n|rule|Species Clause: Limit one of each Pok\u00e9mon\n|rule|HP Percentage Mod: HP is shown in percentages\n|rule|Sleep Clause Mod: Limit one foe put to sleep\n|rule|Illusion Level Mod: Illusion disguises the Pok\u00e9mon's true level\n|\n|t:|1781461671\n|teamsize|p1|6\n|teamsize|p2|6\n|start\n|switch|p1a: Regirock|Regirock, L83|268/268\n|switch|p2a: Zangoose|Zangoose, L85, M|263/263\n|turn|1\n|inactive|Battle timer is ON: inactive players will automatically lose when time's up. (requested by pusherGOD700)\n|\n|t:|1781461689\n|switch|p2a: Dipplin|Dipplin, L88, M|284/284\n|move|p1a: Regirock|Iron Defense|p1a: Regirock\n|-boost|p1a: Regirock|def|2\n|\n|upkeep\n|turn|2\n|\n|t:|1781461698\n|move|p1a: Regirock|Body Press|p2a: Dipplin\n|-crit|p2a: Dipplin\n|-damage|p2a: Dipplin|118/284\n|move|p2a: Dipplin|Dragon Tail|p1a: Regirock\n|-damage|p1a: Regirock|250/268\n|drag|p1a: Flamigo|Flamigo, L82, M|269/269\n|\n|upkeep\n|turn|3\n|\n|t:|1781461714\n|switch|p2a: Fezandipiti|Fezandipiti, L82, M|278/278\n|move|p1a: Flamigo|Brave Bird|p2a: Fezandipiti\n|-damage|p2a: Fezandipiti|91/278\n|-damage|p1a: Flamigo|207/269|[from] Recoil\n|-damage|p1a: Flamigo|181/269|[from] item: Life Orb\n|\n|-heal|p2a: Fezandipiti|108/278|[from] item: Leftovers\n|upkeep\n|turn|4\n|\n|t:|1781461726\n|switch|p1a: Slowbro|Slowbro, L85, F|300/300\n|move|p2a: Fezandipiti|Moonblast|p1a: Slowbro\n|-damage|p1a: Slowbro|225/300\n|\n|-heal|p2a: Fezandipiti|125/278|[from] item: Leftovers\n|-heal|p1a: Slowbro|243/300|[from] item: Leftovers\n|upkeep\n|turn|5\n|\n|t:|1781461735\n|-terastallize|p2a: Fezandipiti|Dark\n|move|p2a: Fezandipiti|Roost|p2a: Fezandipiti\n|-heal|p2a: Fezandipiti|264/278\n|move|p1a: Slowbro|Iron Defense|p1a: Slowbro\n|-boost|p1a: Slowbro|def|2\n|\n|-heal|p2a: Fezandipiti|278/278|[from] item: Leftovers\n|-heal|p1a: Slowbro|261/300|[from] item: Leftovers\n|upkeep\n|turn|6\n|\n|t:|1781461754\n|switch|p2a: Garganacl|Garganacl, L80, M|291/291\n|move|p1a: Slowbro|Body Press|p2a: Garganacl\n|-supereffective|p2a: Garganacl\n|-damage|p2a: Garganacl|97/291\n|\n|-heal|p2a: Garganacl|115/291|[from] item: Leftovers\n|-heal|p1a: Slowbro|279/300|[from] item: Leftovers\n|upkeep\n|turn|7\n|\n|t:|1781461760\n|move|p2a: Garganacl|Salt Cure|p1a: Slowbro\n|-damage|p1a: Slowbro|261/300\n|-start|p1a: Slowbro|Salt Cure\n|move|p1a: Slowbro|Body Press|p2a: Garganacl\n|-supereffective|p2a: Garganacl\n|-damage|p2a: Garganacl|0 fnt\n|faint|p2a: Garganacl\n|\n|-heal|p1a: Slowbro|279/300|[from] item: Leftovers\n|-damage|p1a: Slowbro|204/300|[from] Salt Cure\n|upkeep\n|\n|t:|1781461770\n|switch|p2a: Dipplin|Dipplin, L88, M|118/284\n|turn|8\n|\n|t:|1781461781\n|switch|p1a: Flamigo|Flamigo, L82, M|181/269\n|move|p2a: Dipplin|Giga Drain|p1a: Flamigo\n|-resisted|p1a: Flamigo\n|-damage|p1a: Flamigo|123/269\n|-heal|p2a: Dipplin|147/284|[from] drain|[of] p1a: Flamigo\n|\n|upkeep\n|turn|9\n|\n|t:|1781461796\n|switch|p2a: Zangoose|Zangoose, L85, M|263/263\n|move|p1a: Flamigo|Brave Bird|p2a: Zangoose\n|-damage|p2a: Zangoose|20/263\n|-damage|p1a: Flamigo|43/269|[from] Recoil\n|-damage|p1a: Flamigo|17/269|[from] item: Life Orb\n|\n|-status|p2a: Zangoose|tox|[from] item: Toxic Orb\n|upkeep\n|turn|10\n|\n|t:|1781461806\n|switch|p1a: Regirock|Regirock, L83|250/268\n|move|p2a: Zangoose|Facade|p1a: Regirock\n|-resisted|p1a: Regirock\n|-damage|p1a: Regirock|183/268\n|\n|-heal|p1a: Regirock|199/268|[from] item: Leftovers\n|-damage|p2a: Zangoose|4/263 tox|[from] psn\n|upkeep\n|turn|11\n|\n|t:|1781461810\n|move|p2a: Zangoose|Close Combat|p1a: Regirock\n|-supereffective|p1a: Regirock\n|-damage|p1a: Regirock|35/268\n|-unboost|p2a: Zangoose|def|1\n|-unboost|p2a: Zangoose|spd|1\n|move|p1a: Regirock|Iron Defense|p1a: Regirock\n|-boost|p1a: Regirock|def|2\n|\n|-heal|p1a: Regirock|51/268|[from] item: Leftovers\n|-damage|p2a: Zangoose|0 fnt|[from] psn\n|faint|p2a: Zangoose\n|upkeep\n|\n|t:|1781461819\n|switch|p2a: Chi-Yu|Chi-Yu, L77|211/211\n|-ability|p2a: Chi-Yu|Beads of Ruin\n|turn|12\n|\n|t:|1781461824\n|move|p2a: Chi-Yu|Dark Pulse|p1a: Regirock\n|-damage|p1a: Regirock|0 fnt\n|faint|p1a: Regirock\n|\n|upkeep\n|\n|t:|1781461838\n|switch|p1a: Slowbro|Slowbro, L85, F|300/300\n|turn|13\n|\n|t:|1781461849\n|-terastallize|p1a: Slowbro|Fighting\n|move|p2a: Chi-Yu|Nasty Plot|p2a: Chi-Yu\n|-boost|p2a: Chi-Yu|spa|2\n|move|p1a: Slowbro|Iron Defense|p1a: Slowbro\n|-boost|p1a: Slowbro|def|2\n|\n|upkeep\n|turn|14\n|\n|t:|1781461852\n|move|p2a: Chi-Yu|Psychic|p1a: Slowbro\n|-supereffective|p1a: Slowbro\n|-damage|p1a: Slowbro|0 fnt\n|faint|p1a: Slowbro\n|\n|upkeep\n|c|\u2606GoldenNorc|sure that thing learns psychic\n|c|\u2606GoldenNorc|why not\n|\n|t:|1781461865\n|switch|p1a: Miraidon|Miraidon, L65|238/238\n|-fieldstart|move: Electric Terrain|[from] ability: Hadron Engine|[of] p1a: Miraidon\n|turn|15\n|\n|t:|1781461870\n|move|p1a: Miraidon|Electro Drift|p2a: Chi-Yu\n|-damage|p2a: Chi-Yu|59/211\n|-damage|p1a: Miraidon|215/238|[from] item: Life Orb\n|move|p2a: Chi-Yu|Dark Pulse|p1a: Miraidon\n|-damage|p1a: Miraidon|0 fnt\n|faint|p1a: Miraidon\n|\n|upkeep\n|c|\u2606pusherGOD700|i love you chi-yu\n|c|\u2606GoldenNorc|im so glad my entire team loses to this one pokemon\n|inactive|GoldenNorc has 120 seconds left.\n|\n|t:|1781461901\n|switch|p1a: Flamigo|Flamigo, L82, M|17/269\n|turn|16\n|\n|t:|1781461906\n|move|p2a: Chi-Yu|Dark Pulse|p1a: Flamigo\n|-resisted|p1a: Flamigo\n|-damage|p1a: Flamigo|0 fnt\n|faint|p1a: Flamigo\n|\n|upkeep\n|c|\u2606GoldenNorc|literally nothing i can do\n|\n|t:|1781461912\n|switch|p1a: Lurantis|Lurantis, L87, M|264/264\n|turn|17\n|\n|t:|1781461916\n|move|p2a: Chi-Yu|Fire Blast|p1a: Lurantis\n|-supereffective|p1a: Lurantis\n|-damage|p1a: Lurantis|0 fnt\n|faint|p1a: Lurantis\n|\n|upkeep\n|\n|t:|1781461917\n|switch|p1a: Vikavolt|Vikavolt, L83, F|263/263\n|turn|18\n|\n|t:|1781461923\n|move|p2a: Chi-Yu|Fire Blast|p1a: Vikavolt\n|-supereffective|p1a: Vikavolt\n|-damage|p1a: Vikavolt|0 fnt\n|faint|p1a: Vikavolt\n|\n|win|pusherGOD700\n|raw|GoldenNorc's rating: 1323 &rarr; <strong>1302</strong><br />(-21 for losing)\n|raw|pusherGOD700's rating: 1302 &rarr; <strong>1323</strong><br />(+21 for winning)\n", "inputlog": ">version a8376a258c1d4662feba110a92103f3664a72141\n>start {\"formatid\":\"gen9randombattle\",\"seed\":\"sodium,aa7dc604bbf281386863ce631a197fb0\",\"rated\":\"Rated battle\"}\n>player p1 {\"name\":\"GoldenNorc\",\"avatar\":\"102\",\"rating\":1323,\"seed\":\"sodium,da8b6516ae38274545f590266223301a\"}\n>player p2 {\"name\":\"pusherGOD700\",\"avatar\":\"burglar\",\"rating\":1302,\"seed\":\"sodium,345f1c0b4382295a4ca96ca8b7858eb7\"}\n>p1 move irondefense\n>p2 switch 4\n>p1 move bodypress\n>p2 move dragontail\n>p1 move bravebird\n>p2 switch 6\n>p1 switch 3\n>p2 move moonblast\n>p1 move irondefense\n>p2 move roost terastallize\n>p1 move bodypress\n>p2 switch 2\n>p1 move bodypress\n>p2 move saltcure\n>p2 switch 6\n>p1 switch 3\n>p2 move gigadrain\n>p1 move bravebird\n>p2 switch 4\n>p1 switch 6\n>p2 move facade\n>p1 move irondefense\n>p2 move closecombat\n>p2 switch 3\n>p1 move bodypress\n>p2 move darkpulse\n>p1 switch 3\n>p1 move irondefense terastallize\n>p2 move nastyplot\n>p1 move bodypress\n>p2 move psychic\n>chat \u2606GoldenNorc|sure that thing learns psychic\n>chat \u2606GoldenNorc|why not\n>p1 switch 5\n>p1 move electrodrift\n>p2 move darkpulse\n>chat \u2606pusherGOD700|i love you chi-yu\n>chat \u2606GoldenNorc|im so glad my entire team loses to this one pokemon\n>p1 switch 6\n>p1 move closecombat\n>p2 move darkpulse\n>chat \u2606GoldenNorc|literally nothing i can do\n>p1 switch 4\n>p1 move superpower\n>p2 move fireblast\n>p1 switch 2\n>p1 move discharge\n>p2 move fireblast", "uploadtime": 1781461929, "views": 5, "formatid": "gen9randombattle", "rating": 1302, "private": 0, "password": null}