{"id": "gen9randombattle-2631695491", "format": "[Gen 9] Random Battle", "players": ["HawGren", "sayolo"], "log": "|j|\u2606HawGren\n|j|\u2606sayolo\n|t:|1781423480\n|gametype|singles\n|player|p1|HawGren|1|1248\n|player|p2|sayolo|1|1211\n|gen|9\n|tier|[Gen 9] Random Battle\n|rated|\n|rule|Species Clause: Limit one of each Pok\u00e9mon\n|rule|HP Percentage Mod: HP is shown in percentages\n|rule|Sleep Clause Mod: Limit one foe put to sleep\n|rule|Illusion Level Mod: Illusion disguises the Pok\u00e9mon's true level\n|\n|t:|1781423480\n|teamsize|p1|6\n|teamsize|p2|6\n|start\n|switch|p1a: Wigglytuff|Wigglytuff, L96, F|424/424\n|switch|p2a: Bronzong|Bronzong, L88|261/261\n|turn|1\n|\n|t:|1781423492\n|move|p1a: Wigglytuff|Fire Blast|p2a: Bronzong\n|-supereffective|p2a: Bronzong\n|-damage|p2a: Bronzong|109/261\n|move|p2a: Bronzong|Stealth Rock|p1a: Wigglytuff\n|-sidestart|p1: HawGren|move: Stealth Rock\n|\n|-heal|p2a: Bronzong|125/261|[from] item: Leftovers\n|upkeep\n|turn|2\n|\n|t:|1781423507\n|switch|p2a: Oranguru|Oranguru, L92, F|315/315\n|move|p1a: Wigglytuff|Fire Blast|p2a: Oranguru|[miss]\n|-miss|p1a: Wigglytuff|p2a: Oranguru\n|\n|upkeep\n|turn|3\n|inactive|Battle timer is ON: inactive players will automatically lose when time's up. (requested by HawGren)\n|\n|t:|1781423537\n|switch|p1a: Chi-Yu|Chi-Yu, L77|211/211\n|-damage|p1a: Chi-Yu|159/211|[from] Stealth Rock\n|-ability|p1a: Chi-Yu|Beads of Ruin\n|move|p2a: Oranguru|Nasty Plot|p2a: Oranguru\n|-boost|p2a: Oranguru|spa|2\n|\n|upkeep\n|turn|4\n|\n|t:|1781423549\n|move|p1a: Chi-Yu|Dark Pulse|p2a: Oranguru\n|-supereffective|p2a: Oranguru\n|-damage|p2a: Oranguru|39/315\n|move|p2a: Oranguru|Focus Blast|p1a: Chi-Yu\n|-supereffective|p1a: Chi-Yu\n|-damage|p1a: Chi-Yu|0 fnt\n|faint|p1a: Chi-Yu\n|\n|-heal|p2a: Oranguru|58/315|[from] item: Leftovers\n|upkeep\n|inactive|HawGren has 120 seconds left.\n|\n|t:|1781423574\n|switch|p1a: Bruxish|Bruxish, L85, F|254/254\n|-damage|p1a: Bruxish|223/254|[from] Stealth Rock\n|turn|5\n|\n|t:|1781423582\n|move|p1a: Bruxish|Crunch|p2a: Oranguru\n|-supereffective|p2a: Oranguru\n|-damage|p2a: Oranguru|0 fnt\n|faint|p2a: Oranguru\n|\n|upkeep\n|\n|t:|1781423587\n|switch|p2a: Volbeat|Volbeat, L90, M|263/263\n|turn|6\n|\n|t:|1781423592\n|move|p2a: Volbeat|Thunder Wave|p1a: Bruxish\n|-status|p1a: Bruxish|par\n|cant|p1a: Bruxish|par\n|\n|upkeep\n|turn|7\n|\n|t:|1781423599\n|move|p2a: Volbeat|Lunge|p1a: Bruxish\n|-supereffective|p1a: Bruxish\n|-damage|p1a: Bruxish|41/254 par\n|-unboost|p1a: Bruxish|atk|1\n|move|p1a: Bruxish|Crunch|p2a: Volbeat\n|-damage|p2a: Volbeat|171/263\n|\n|upkeep\n|turn|8\n|\n|t:|1781423608\n|move|p2a: Volbeat|Lunge|p1a: Bruxish\n|-supereffective|p1a: Bruxish\n|-damage|p1a: Bruxish|0 fnt\n|faint|p1a: Bruxish\n|\n|upkeep\n|\n|t:|1781423613\n|switch|p1a: Flygon|Flygon, L82, M|265/265\n|-damage|p1a: Flygon|249/265|[from] Stealth Rock\n|turn|9\n|\n|t:|1781423620\n|move|p1a: Flygon|Dragon Dance|p1a: Flygon\n|-boost|p1a: Flygon|atk|1\n|-boost|p1a: Flygon|spe|1\n|move|p2a: Volbeat|Lunge|p1a: Flygon\n|-damage|p1a: Flygon|159/265\n|-unboost|p1a: Flygon|atk|1\n|\n|upkeep\n|turn|10\n|\n|t:|1781423629\n|move|p1a: Flygon|Stone Edge|p2a: Volbeat\n|-supereffective|p2a: Volbeat\n|-damage|p2a: Volbeat|29/263\n|move|p2a: Volbeat|Lunge|p1a: Flygon\n|-damage|p1a: Flygon|72/265\n|-unboost|p1a: Flygon|atk|1\n|\n|upkeep\n|turn|11\n|\n|t:|1781423638\n|move|p1a: Flygon|Stone Edge|p2a: Volbeat|[miss]\n|-miss|p1a: Flygon|p2a: Volbeat\n|move|p2a: Volbeat|Lunge|p1a: Flygon\n|-damage|p1a: Flygon|0 fnt\n|faint|p1a: Flygon\n|\n|upkeep\n|\n|t:|1781423647\n|switch|p1a: Arcanine|Arcanine-Hisui, L79, F|280/280\n|turn|12\n|\n|t:|1781423653\n|move|p1a: Arcanine|Extreme Speed|p2a: Volbeat\n|-damage|p2a: Volbeat|0 fnt\n|faint|p2a: Volbeat\n|\n|upkeep\n|\n|t:|1781423663\n|switch|p2a: Flygon|Flygon, L82, F|265/265\n|turn|13\n|\n|t:|1781423674\n|move|p2a: Flygon|Earthquake|p1a: Arcanine\n|-supereffective|p1a: Arcanine\n|-damage|p1a: Arcanine|0 fnt\n|faint|p1a: Arcanine\n|\n|upkeep\n|\n|t:|1781423680\n|switch|p1a: Sceptile|Sceptile, L87, M|264/264\n|-damage|p1a: Sceptile|231/264|[from] Stealth Rock\n|turn|14\n|\n|t:|1781423694\n|switch|p2a: Bronzong|Bronzong, L88|125/261\n|move|p1a: Sceptile|Leaf Blade|p2a: Bronzong\n|-resisted|p2a: Bronzong\n|-crit|p2a: Bronzong\n|-damage|p2a: Bronzong|57/261\n|-damage|p1a: Sceptile|205/264|[from] item: Life Orb\n|\n|-heal|p2a: Bronzong|73/261|[from] item: Leftovers\n|upkeep\n|turn|15\n|\n|t:|1781423710\n|move|p1a: Sceptile|Earthquake|p2a: Bronzong\n|-immune|p2a: Bronzong|[from] ability: Levitate\n|move|p2a: Bronzong|Hypnosis|p1a: Sceptile\n|-status|p1a: Sceptile|slp|[from] move: Hypnosis\n|\n|-heal|p2a: Bronzong|89/261|[from] item: Leftovers\n|upkeep\n|turn|16\n|\n|t:|1781423720\n|switch|p1a: Wigglytuff|Wigglytuff, L96, F|424/424\n|-damage|p1a: Wigglytuff|371/424|[from] Stealth Rock\n|move|p2a: Bronzong|Psychic|p1a: Wigglytuff\n|-damage|p1a: Wigglytuff|253/424\n|\n|-heal|p1a: Wigglytuff|279/424|[from] item: Leftovers\n|-heal|p2a: Bronzong|105/261|[from] item: Leftovers\n|upkeep\n|turn|17\n|\n|t:|1781423732\n|move|p1a: Wigglytuff|Fire Blast|p2a: Bronzong\n|-supereffective|p2a: Bronzong\n|-damage|p2a: Bronzong|0 fnt\n|faint|p2a: Bronzong\n|\n|-heal|p1a: Wigglytuff|305/424|[from] item: Leftovers\n|upkeep\n|\n|t:|1781423741\n|switch|p2a: Enamorus|Enamorus, L79, F|247/247\n|turn|18\n|\n|t:|1781423748\n|move|p2a: Enamorus|Mystical Fire|p1a: Wigglytuff\n|-damage|p1a: Wigglytuff|225/424\n|-unboost|p1a: Wigglytuff|spa|1\n|-ability|p1a: Wigglytuff|Competitive|boost\n|-boost|p1a: Wigglytuff|spa|2\n|move|p1a: Wigglytuff|Fire Blast|p2a: Enamorus\n|-damage|p2a: Enamorus|80/247\n|\n|-heal|p1a: Wigglytuff|251/424|[from] item: Leftovers\n|upkeep\n|turn|19\n|\n|t:|1781423760\n|move|p2a: Enamorus|Moonblast|p1a: Wigglytuff\n|-damage|p1a: Wigglytuff|112/424\n|move|p1a: Wigglytuff|Wish|p1a: Wigglytuff\n|\n|-heal|p1a: Wigglytuff|138/424|[from] item: Leftovers\n|upkeep\n|turn|20\n|\n|t:|1781423770\n|move|p1a: Wigglytuff|Protect|p1a: Wigglytuff\n|-singleturn|p1a: Wigglytuff|Protect\n|move|p2a: Enamorus|Moonblast|p1a: Wigglytuff\n|-activate|p1a: Wigglytuff|move: Protect\n|\n|-heal|p1a: Wigglytuff|350/424|[from] move: Wish|[wisher] Wigglytuff\n|-heal|p1a: Wigglytuff|376/424|[from] item: Leftovers\n|upkeep\n|turn|21\n|\n|t:|1781423782\n|move|p2a: Enamorus|Calm Mind|p2a: Enamorus\n|-boost|p2a: Enamorus|spa|1\n|-boost|p2a: Enamorus|spd|1\n|move|p1a: Wigglytuff|Fire Blast|p2a: Enamorus\n|-damage|p2a: Enamorus|0 fnt\n|faint|p2a: Enamorus\n|\n|-heal|p1a: Wigglytuff|402/424|[from] item: Leftovers\n|upkeep\n|\n|t:|1781423792\n|switch|p2a: Giratina|Giratina, L75|349/349\n|-ability|p2a: Giratina|Pressure\n|turn|22\n|\n|t:|1781423798\n|-terastallize|p2a: Giratina|Fairy\n|move|p2a: Giratina|Calm Mind|p2a: Giratina\n|-boost|p2a: Giratina|spa|1\n|-boost|p2a: Giratina|spd|1\n|move|p1a: Wigglytuff|Dazzling Gleam|p2a: Giratina\n|-damage|p2a: Giratina|261/349\n|\n|-heal|p2a: Giratina|282/349|[from] item: Leftovers\n|-heal|p1a: Wigglytuff|424/424|[from] item: Leftovers\n|upkeep\n|turn|23\n|\n|t:|1781423820\n|move|p2a: Giratina|Calm Mind|p2a: Giratina\n|-boost|p2a: Giratina|spa|1\n|-boost|p2a: Giratina|spd|1\n|move|p1a: Wigglytuff|Fire Blast|p2a: Giratina|[miss]\n|-miss|p1a: Wigglytuff|p2a: Giratina\n|\n|-heal|p2a: Giratina|303/349|[from] item: Leftovers\n|upkeep\n|turn|24\n|\n|t:|1781423832\n|move|p2a: Giratina|Calm Mind|p2a: Giratina\n|-boost|p2a: Giratina|spa|1\n|-boost|p2a: Giratina|spd|1\n|move|p1a: Wigglytuff|Fire Blast|p2a: Giratina\n|-damage|p2a: Giratina|254/349\n|\n|-heal|p2a: Giratina|275/349|[from] item: Leftovers\n|upkeep\n|turn|25\n|\n|t:|1781423844\n|move|p2a: Giratina|Calm Mind|p2a: Giratina\n|-boost|p2a: Giratina|spa|1\n|-boost|p2a: Giratina|spd|1\n|move|p1a: Wigglytuff|Dazzling Gleam|p2a: Giratina\n|-damage|p2a: Giratina|233/349\n|\n|-heal|p2a: Giratina|254/349|[from] item: Leftovers\n|upkeep\n|turn|26\n|\n|t:|1781423854\n|switch|p1a: Sceptile|Sceptile, L87, M|205/264 slp\n|-damage|p1a: Sceptile|172/264 slp|[from] Stealth Rock\n|move|p2a: Giratina|Calm Mind|p2a: Giratina\n|-boost|p2a: Giratina|spa|1\n|-boost|p2a: Giratina|spd|1\n|\n|-heal|p2a: Giratina|275/349|[from] item: Leftovers\n|upkeep\n|turn|27\n|inactive|HawGren has 120 seconds left.\n|\n|t:|1781423890\n|cant|p1a: Sceptile|slp\n|move|p2a: Giratina|Dragon Pulse|p1a: Sceptile\n|-damage|p1a: Sceptile|0 fnt\n|faint|p1a: Sceptile\n|\n|-heal|p2a: Giratina|296/349|[from] item: Leftovers\n|upkeep\n|\n|t:|1781423899\n|switch|p1a: Wigglytuff|Wigglytuff, L96, F|424/424\n|-damage|p1a: Wigglytuff|371/424|[from] Stealth Rock\n|turn|28\n|\n|t:|1781423907\n|move|p2a: Giratina|Calm Mind|p2a: Giratina\n|-boost|p2a: Giratina|spa|1\n|-boost|p2a: Giratina|spd|1\n|move|p1a: Wigglytuff|Dazzling Gleam|p2a: Giratina\n|-damage|p2a: Giratina|274/349\n|\n|-heal|p2a: Giratina|295/349|[from] item: Leftovers\n|-heal|p1a: Wigglytuff|397/424|[from] item: Leftovers\n|upkeep\n|turn|29\n|inactive|HawGren has 120 seconds left.\n|\n|t:|1781423922\n|move|p1a: Wigglytuff|Protect|p1a: Wigglytuff\n|-singleturn|p1a: Wigglytuff|Protect\n|move|p2a: Giratina|Calm Mind|p2a: Giratina\n|-boost|p2a: Giratina|spa|0\n|-boost|p2a: Giratina|spd|0\n|\n|-heal|p2a: Giratina|316/349|[from] item: Leftovers\n|-heal|p1a: Wigglytuff|423/424|[from] item: Leftovers\n|upkeep\n|turn|30\n|inactive|HawGren has 120 seconds left.\n|\n|t:|1781423931\n|move|p2a: Giratina|Calm Mind|p2a: Giratina\n|-boost|p2a: Giratina|spa|0\n|-boost|p2a: Giratina|spd|0\n|move|p1a: Wigglytuff|Dazzling Gleam|p2a: Giratina\n|-damage|p2a: Giratina|292/349\n|\n|-heal|p2a: Giratina|313/349|[from] item: Leftovers\n|-heal|p1a: Wigglytuff|424/424|[from] item: Leftovers\n|upkeep\n|turn|31\n|inactive|HawGren has 120 seconds left.\n|\n|t:|1781423942\n|move|p2a: Giratina|Calm Mind|p2a: Giratina\n|-boost|p2a: Giratina|spa|0\n|-boost|p2a: Giratina|spd|0\n|move|p1a: Wigglytuff|Dazzling Gleam|p2a: Giratina\n|-damage|p2a: Giratina|291/349\n|\n|-heal|p2a: Giratina|312/349|[from] item: Leftovers\n|upkeep\n|turn|32\n|inactive|HawGren has 120 seconds left.\n|\n|t:|1781423955\n|move|p2a: Giratina|Calm Mind|p2a: Giratina\n|-boost|p2a: Giratina|spa|0\n|-boost|p2a: Giratina|spd|0\n|move|p1a: Wigglytuff|Dazzling Gleam|p2a: Giratina\n|-damage|p2a: Giratina|290/349\n|\n|-heal|p2a: Giratina|311/349|[from] item: Leftovers\n|upkeep\n|turn|33\n|\n|t:|1781423964\n|move|p2a: Giratina|Calm Mind|p2a: Giratina\n|-boost|p2a: Giratina|spa|0\n|-boost|p2a: Giratina|spd|0\n|move|p1a: Wigglytuff|Dazzling Gleam|p2a: Giratina\n|-damage|p2a: Giratina|289/349\n|\n|-heal|p2a: Giratina|310/349|[from] item: Leftovers\n|upkeep\n|turn|34\n|\n|t:|1781423974\n|move|p2a: Giratina|Calm Mind|p2a: Giratina\n|-boost|p2a: Giratina|spa|0\n|-boost|p2a: Giratina|spd|0\n|move|p1a: Wigglytuff|Dazzling Gleam|p2a: Giratina\n|-damage|p2a: Giratina|288/349\n|\n|-heal|p2a: Giratina|309/349|[from] item: Leftovers\n|upkeep\n|turn|35\n|\n|t:|1781423985\n|move|p1a: Wigglytuff|Protect|p1a: Wigglytuff\n|-singleturn|p1a: Wigglytuff|Protect\n|move|p2a: Giratina|Calm Mind|p2a: Giratina\n|-boost|p2a: Giratina|spa|0\n|-boost|p2a: Giratina|spd|0\n|\n|-heal|p2a: Giratina|330/349|[from] item: Leftovers\n|upkeep\n|turn|36\n|inactive|HawGren has 120 seconds left.\n|inactive|HawGren has 90 seconds left.\n|inactive|HawGren has 60 seconds left.\n|inactive|HawGren has 30 seconds left.\n|inactive|HawGren has 20 seconds left.\n|inactive|HawGren has 15 seconds left.\n|inactive|HawGren has 10 seconds left.\n|inactive|HawGren has 5 seconds left.\n|\n|t:|1781424124\n|move|p1a: Wigglytuff|Protect|p1a: Wigglytuff\n|-singleturn|p1a: Wigglytuff|Protect\n|move|p2a: Giratina|Calm Mind|p2a: Giratina\n|-boost|p2a: Giratina|spa|0\n|-boost|p2a: Giratina|spd|0\n|\n|-heal|p2a: Giratina|349/349|[from] item: Leftovers\n|upkeep\n|turn|37\n|inactive|HawGren has 15 seconds left this turn.\n|inactive|HawGren has 10 seconds left.\n|inactive|HawGren has 5 seconds left.\n|\n|t:|1781424138\n|move|p1a: Wigglytuff|Protect||[still]\n|-fail|p1a: Wigglytuff\n|move|p2a: Giratina|Calm Mind|p2a: Giratina\n|-boost|p2a: Giratina|spa|0\n|-boost|p2a: Giratina|spd|0\n|\n|upkeep\n|turn|38\n|inactive|HawGren has 15 seconds left this turn.\n|inactive|HawGren has 10 seconds left.\n|inactive|HawGren has 5 seconds left.\n|\n|t:|1781424152\n|move|p1a: Wigglytuff|Protect|p1a: Wigglytuff\n|-singleturn|p1a: Wigglytuff|Protect\n|move|p2a: Giratina|Calm Mind|p2a: Giratina\n|-boost|p2a: Giratina|spa|0\n|-boost|p2a: Giratina|spd|0\n|\n|upkeep\n|turn|39\n|inactive|HawGren has 15 seconds left this turn.\n|inactive|HawGren has 10 seconds left.\n|\n|t:|1781424159\n|move|p1a: Wigglytuff|Protect||[still]\n|-fail|p1a: Wigglytuff\n|move|p2a: Giratina|Calm Mind|p2a: Giratina\n|-boost|p2a: Giratina|spa|0\n|-boost|p2a: Giratina|spd|0\n|\n|upkeep\n|turn|40\n|inactive|HawGren has 20 seconds left this turn.\n|inactive|HawGren has 15 seconds left.\n|\n|t:|1781424165\n|move|p1a: Wigglytuff|Protect|p1a: Wigglytuff\n|-singleturn|p1a: Wigglytuff|Protect\n|move|p2a: Giratina|Calm Mind|p2a: Giratina\n|-boost|p2a: Giratina|spa|0\n|-boost|p2a: Giratina|spd|0\n|\n|upkeep\n|turn|41\n|inactive|HawGren has 25 seconds left this turn.\n|inactive|HawGren has 20 seconds left.\n|\n|t:|1781424172\n|move|p1a: Wigglytuff|Protect||[still]\n|-fail|p1a: Wigglytuff\n|move|p2a: Giratina|Calm Mind|p2a: Giratina\n|-boost|p2a: Giratina|spa|0\n|-boost|p2a: Giratina|spd|0\n|\n|upkeep\n|turn|42\n|inactive|HawGren has 30 seconds left this turn.\n|\n|t:|1781424178\n|move|p1a: Wigglytuff|Protect|p1a: Wigglytuff\n|-singleturn|p1a: Wigglytuff|Protect\n|move|p2a: Giratina|Calm Mind|p2a: Giratina\n|-boost|p2a: Giratina|spa|0\n|-boost|p2a: Giratina|spd|0\n|\n|upkeep\n|turn|43\n|inactive|HawGren has 30 seconds left.\n|\n|t:|1781424184\n|move|p1a: Wigglytuff|Protect||[still]\n|-fail|p1a: Wigglytuff\n|move|p2a: Giratina|Calm Mind|p2a: Giratina\n|-boost|p2a: Giratina|spa|0\n|-boost|p2a: Giratina|spd|0\n|\n|upkeep\n|turn|44\n|inactive|HawGren has 30 seconds left.\n|inactive|HawGren has 20 seconds left.\n|n|!sayolo|sayolo\n|inactive|HawGren has 15 seconds left.\n|inactive|HawGren has 10 seconds left.\n|inactive|HawGren has 5 seconds left.\n|\n|t:|1781424223\n|move|p2a: Giratina|Calm Mind|p2a: Giratina\n|-boost|p2a: Giratina|spa|0\n|-boost|p2a: Giratina|spd|0\n|move|p1a: Wigglytuff|Wish|p1a: Wigglytuff\n|\n|upkeep\n|turn|45\n|inactive|HawGren has 15 seconds left this turn.\n|inactive|HawGren has 10 seconds left.\n|\n|t:|1781424229\n|move|p2a: Giratina|Calm Mind|p2a: Giratina\n|-boost|p2a: Giratina|spa|0\n|-boost|p2a: Giratina|spd|0\n|move|p1a: Wigglytuff|Wish||[still]\n|-fail|p1a: Wigglytuff\n|\n|upkeep\n|turn|46\n|inactive|HawGren has 20 seconds left this turn.\n|inactive|HawGren has 15 seconds left.\n|\n|t:|1781424236\n|move|p2a: Giratina|Calm Mind|p2a: Giratina\n|-boost|p2a: Giratina|spa|0\n|-boost|p2a: Giratina|spd|0\n|move|p1a: Wigglytuff|Wish|p1a: Wigglytuff\n|\n|upkeep\n|turn|47\n|inactive|HawGren has 25 seconds left this turn.\n|inactive|HawGren has 20 seconds left.\n|\n|t:|1781424242\n|move|p2a: Giratina|Calm Mind|p2a: Giratina\n|-boost|p2a: Giratina|spa|0\n|-boost|p2a: Giratina|spd|0\n|move|p1a: Wigglytuff|Wish||[still]\n|-fail|p1a: Wigglytuff\n|\n|upkeep\n|turn|48\n|inactive|HawGren has 30 seconds left this turn.\n|\n|t:|1781424248\n|move|p2a: Giratina|Calm Mind|p2a: Giratina\n|-boost|p2a: Giratina|spa|0\n|-boost|p2a: Giratina|spd|0\n|move|p1a: Wigglytuff|Wish|p1a: Wigglytuff\n|\n|upkeep\n|turn|49\n|inactive|HawGren has 30 seconds left.\n|\n|t:|1781424256\n|move|p2a: Giratina|Rest|p2a: Giratina\n|-fail|p2a: Giratina|heal\n|move|p1a: Wigglytuff|Wish||[still]\n|-fail|p1a: Wigglytuff\n|\n|upkeep\n|turn|50\n|inactive|HawGren has 30 seconds left.\n|inactive|HawGren has 20 seconds left.\n|inactive|HawGren has 15 seconds left.\n|inactive|HawGren has 10 seconds left.\n|inactive|HawGren has 5 seconds left.\n|-message|HawGren lost due to inactivity.\n|\n|win|sayolo\n", "inputlog": ">version a8376a258c1d4662feba110a92103f3664a72141\n>start {\"formatid\":\"gen9randombattle\",\"seed\":\"sodium,762695afec3f76f1af04c69e0e03d68f\",\"rated\":\"Rated battle\"}\n>player p1 {\"name\":\"HawGren\",\"avatar\":\"1\",\"rating\":1248,\"seed\":\"sodium,147bffd41da42f9c744fafdcb7da0858\"}\n>player p2 {\"name\":\"sayolo\",\"avatar\":\"1\",\"rating\":1211,\"seed\":\"sodium,6f2cb15eb2a1405b1dbb93c921d18e4a\"}\n>p1 move fireblast\n>p2 move stealthrock\n>p1 move fireblast\n>p2 switch 2\n>p1 switch 6\n>p2 move nastyplot\n>p1 move darkpulse\n>p2 move focusblast\n>p1 switch 3\n>p1 move crunch\n>p2 move thunderbolt\n>p2 switch 4\n>p1 move crunch\n>p2 move thunderwave\n>p1 move crunch\n>p2 move lunge\n>p1 move crunch\n>p2 move lunge\n>p1 switch 2\n>p1 move dragondance\n>p2 move lunge\n>p1 move stoneedge\n>p2 move lunge\n>p1 move stoneedge\n>p2 move lunge\n>p1 switch 5\n>p1 move extremespeed\n>p2 move thunderwave\n>p2 switch 3\n>p1 move headsmash\n>p2 move earthquake\n>p1 switch 4\n>p1 move leafblade\n>p2 switch 2\n>p1 move earthquake\n>p2 move hypnosis\n>p1 switch 6\n>p2 move psychic\n>p1 move fireblast\n>p2 move hypnosis\n>p2 switch 6\n>p1 move fireblast\n>p2 move mysticalfire\n>p1 move wish\n>p2 move moonblast\n>p1 move protect\n>p2 move moonblast\n>p1 move fireblast\n>p2 move calmmind\n>p2 switch 5\n>p1 move dazzlinggleam\n>p2 move calmmind terastallize\n>p1 move fireblast\n>p2 move calmmind\n>p1 move fireblast\n>p2 move calmmind\n>p1 move dazzlinggleam\n>p2 move calmmind\n>p1 switch 6\n>p2 move calmmind\n>p1 move leafblade\n>p2 move dragonpulse\n>p1 switch 6\n>p1 move dazzlinggleam\n>p2 move calmmind\n>p1 move protect\n>p2 move calmmind\n>p1 move dazzlinggleam\n>p2 move calmmind\n>p1 move dazzlinggleam\n>p2 move calmmind\n>p1 move dazzlinggleam\n>p2 move calmmind\n>p1 move dazzlinggleam\n>p2 move calmmind\n>p1 move dazzlinggleam\n>p2 move calmmind\n>p1 move protect\n>p2 move calmmind\n>p1 move protect\n>p2 move calmmind\n>p1 move protect\n>p2 move calmmind\n>p1 move protect\n>p2 move calmmind\n>p1 move protect\n>p2 move calmmind\n>p1 move protect\n>p2 move calmmind\n>p1 move protect\n>p2 move calmmind\n>p1 move protect\n>p2 move calmmind\n>p1 move protect\n>p2 move calmmind\n>chat \u2606sayolo|Bro fuck off youve already lost\n>p1 move wish\n>p2 move calmmind\n>p1 move wish\n>p2 move calmmind\n>p1 move wish\n>p2 move calmmind\n>p1 move wish\n>p2 move calmmind\n>p1 move wish\n>p2 move calmmind\n>p1 move wish\n>p2 move rest\n>forcelose p1", "uploadtime": 1781424205, "views": 4, "formatid": "gen9randombattle", "rating": null, "private": 0, "password": null}