{"id": "gen9randombattle-2631800078", "format": "[Gen 9] Random Battle", "players": ["Jefejenaro", "vCreeze"], "log": "|j|\u2606Jefejenaro\n|j|\u2606vCreeze\n|t:|1781441504\n|gametype|singles\n|player|p1|Jefejenaro|wallace|1945\n|player|p2|vCreeze|marnie-masters|2028\n|gen|9\n|tier|[Gen 9] Random Battle\n|rated|\n|rule|Species Clause: Limit one of each Pok\u00e9mon\n|rule|HP Percentage Mod: HP is shown in percentages\n|rule|Sleep Clause Mod: Limit one foe put to sleep\n|rule|Illusion Level Mod: Illusion disguises the Pok\u00e9mon's true level\n|\n|t:|1781441504\n|teamsize|p1|6\n|teamsize|p2|6\n|start\n|switch|p1a: Ho-Oh|Ho-Oh, L71|268/268\n|switch|p2a: Araquanid|Araquanid, L82, M|246/246\n|turn|1\n|inactive|Battle timer is ON: inactive players will automatically lose when time's up. (requested by vCreeze)\n|\n|t:|1781441522\n|switch|p2a: Regigigas|Regigigas, L84|322/322\n|-start|p2a: Regigigas|ability: Slow Start\n|move|p1a: Ho-Oh|Brave Bird|p2a: Regigigas\n|-damage|p2a: Regigigas|228/322\n|-damage|p1a: Ho-Oh|237/268|[from] Recoil\n|\n|-heal|p2a: Regigigas|248/322|[from] item: Leftovers\n|upkeep\n|turn|2\n|\n|t:|1781441530\n|switch|p1a: Granbull|Granbull, L88, M|302/302\n|-ability|p1a: Granbull|Intimidate|boost\n|-unboost|p2a: Regigigas|atk|1\n|move|p2a: Regigigas|Body Slam|p1a: Granbull\n|-damage|p1a: Granbull|257/302\n|\n|-heal|p1a: Granbull|275/302|[from] item: Leftovers\n|-heal|p2a: Regigigas|268/322|[from] item: Leftovers\n|upkeep\n|turn|3\n|\n|t:|1781441538\n|move|p1a: Granbull|Thunder Wave|p2a: Regigigas|[miss]\n|-miss|p1a: Granbull|p2a: Regigigas\n|move|p2a: Regigigas|Body Slam|p1a: Granbull\n|-damage|p1a: Granbull|226/302\n|-status|p1a: Granbull|par\n|\n|-heal|p2a: Regigigas|288/322|[from] item: Leftovers\n|-heal|p1a: Granbull|244/302 par|[from] item: Leftovers\n|upkeep\n|turn|4\n|\n|t:|1781441544\n|move|p2a: Regigigas|Knock Off|p1a: Granbull\n|-resisted|p1a: Granbull\n|-damage|p1a: Granbull|225/302 par\n|-enditem|p1a: Granbull|Leftovers|[from] move: Knock Off|[of] p2a: Regigigas\n|move|p1a: Granbull|Thunder Wave|p2a: Regigigas\n|-status|p2a: Regigigas|par\n|\n|-heal|p2a: Regigigas|308/322 par|[from] item: Leftovers\n|upkeep\n|turn|5\n|\n|t:|1781441553\n|cant|p1a: Granbull|par\n|cant|p2a: Regigigas|par\n|\n|-heal|p2a: Regigigas|322/322 par|[from] item: Leftovers\n|upkeep\n|turn|6\n|\n|t:|1781441558\n|move|p2a: Regigigas|Body Slam|p1a: Granbull\n|-damage|p1a: Granbull|171/302 par\n|cant|p1a: Granbull|par\n|\n|-end|p2a: Regigigas|Slow Start\n|upkeep\n|turn|7\n|\n|t:|1781441563\n|move|p2a: Regigigas|Body Slam|p1a: Granbull\n|-damage|p1a: Granbull|75/302 par\n|cant|p1a: Granbull|par\n|\n|upkeep\n|turn|8\n|\n|t:|1781441574\n|move|p2a: Regigigas|Body Slam|p1a: Granbull\n|-damage|p1a: Granbull|0 fnt\n|faint|p1a: Granbull\n|\n|upkeep\n|\n|t:|1781441587\n|switch|p1a: Kommo-o|Kommo-o, L78, M|245/245\n|turn|9\n|\n|t:|1781441590\n|move|p1a: Kommo-o|Swords Dance|p1a: Kommo-o\n|-boost|p1a: Kommo-o|atk|2\n|move|p2a: Regigigas|Body Slam|p1a: Kommo-o\n|-damage|p1a: Kommo-o|172/245\n|\n|upkeep\n|turn|10\n|\n|t:|1781441616\n|switch|p2a: Moltres|Moltres, L81|278/278\n|move|p1a: Kommo-o|Close Combat|p2a: Moltres\n|-resisted|p2a: Moltres\n|-damage|p2a: Moltres|143/278\n|-unboost|p1a: Kommo-o|def|1\n|-unboost|p1a: Kommo-o|spd|1\n|-status|p1a: Kommo-o|brn|[from] ability: Flame Body|[of] p2a: Moltres\n|\n|-damage|p1a: Kommo-o|157/245 brn|[from] brn\n|upkeep\n|turn|11\n|\n|t:|1781441625\n|move|p2a: Moltres|Roost|p2a: Moltres\n|-heal|p2a: Moltres|278/278\n|-singleturn|p2a: Moltres|move: Roost\n|move|p1a: Kommo-o|Scale Shot|p2a: Moltres|[miss]\n|-miss|p1a: Kommo-o|p2a: Moltres\n|\n|-damage|p1a: Kommo-o|142/245 brn|[from] brn\n|upkeep\n|turn|12\n|\n|t:|1781441630\n|move|p2a: Moltres|Brave Bird|p1a: Kommo-o\n|-supereffective|p1a: Kommo-o\n|-damage|p1a: Kommo-o|0 fnt\n|faint|p1a: Kommo-o\n|-damage|p2a: Moltres|231/278|[from] Recoil\n|\n|upkeep\n|\n|t:|1781441647\n|switch|p1a: Volcanion|Volcanion, L79|255/255\n|turn|13\n|inactive|vCreeze has 120 seconds left.\n|\n|t:|1781441695\n|switch|p2a: Florges|Florges-Yellow, L85, F|271/271\n|move|p1a: Volcanion|Steam Eruption|p2a: Florges\n|-damage|p2a: Florges|138/271\n|-status|p2a: Florges|brn\n|\n|-heal|p2a: Florges|154/271 brn|[from] item: Leftovers\n|-damage|p2a: Florges|138/271 brn|[from] brn\n|upkeep\n|turn|14\n|inactive|Jefejenaro has 120 seconds left.\n|\n|t:|1781441740\n|move|p2a: Florges|Calm Mind|p2a: Florges\n|-boost|p2a: Florges|spa|1\n|-boost|p2a: Florges|spd|1\n|move|p1a: Volcanion|Steam Eruption|p2a: Florges\n|-damage|p2a: Florges|60/271 brn\n|\n|-heal|p2a: Florges|76/271 brn|[from] item: Leftovers\n|-damage|p2a: Florges|60/271 brn|[from] brn\n|upkeep\n|turn|15\n|\n|t:|1781441745\n|move|p2a: Florges|Synthesis|p2a: Florges\n|-heal|p2a: Florges|195/271 brn\n|move|p1a: Volcanion|Steam Eruption|p2a: Florges\n|-damage|p2a: Florges|111/271 brn\n|\n|-heal|p2a: Florges|127/271 brn|[from] item: Leftovers\n|-damage|p2a: Florges|111/271 brn|[from] brn\n|upkeep\n|turn|16\n|\n|t:|1781441749\n|switch|p1a: Meganium|Meganium, L90, M|290/290\n|move|p2a: Florges|Synthesis|p2a: Florges\n|-heal|p2a: Florges|246/271 brn\n|\n|-heal|p2a: Florges|262/271 brn|[from] item: Leftovers\n|-damage|p2a: Florges|246/271 brn|[from] brn\n|upkeep\n|turn|17\n|\n|t:|1781441753\n|move|p1a: Meganium|Knock Off|p2a: Florges\n|-resisted|p2a: Florges\n|-damage|p2a: Florges|207/271 brn\n|-enditem|p2a: Florges|Leftovers|[from] move: Knock Off|[of] p1a: Meganium\n|move|p2a: Florges|Moonblast|p1a: Meganium\n|-damage|p1a: Meganium|148/290\n|-unboost|p1a: Meganium|spa|1\n|\n|-heal|p1a: Meganium|166/290|[from] item: Leftovers\n|-damage|p2a: Florges|191/271 brn|[from] brn\n|upkeep\n|turn|18\n|\n|t:|1781441758\n|switch|p2a: Moltres|Moltres, L81|231/278\n|move|p1a: Meganium|Synthesis|p1a: Meganium\n|-heal|p1a: Meganium|290/290\n|\n|upkeep\n|turn|19\n|\n|t:|1781441769\n|switch|p1a: Volcanion|Volcanion, L79|255/255\n|move|p2a: Moltres|Brave Bird|p1a: Volcanion\n|-damage|p1a: Volcanion|155/255\n|-damage|p2a: Moltres|198/278|[from] Recoil\n|\n|upkeep\n|turn|20\n|\n|t:|1781441777\n|switch|p2a: Florges|Florges-Yellow, L85, F|191/271 brn\n|move|p1a: Volcanion|Steam Eruption|p2a: Florges\n|-damage|p2a: Florges|65/271 brn\n|\n|-damage|p2a: Florges|49/271 brn|[from] brn\n|upkeep\n|turn|21\n|\n|t:|1781441782\n|move|p2a: Florges|Synthesis|p2a: Florges\n|-heal|p2a: Florges|184/271 brn\n|move|p1a: Volcanion|Steam Eruption|p2a: Florges\n|-damage|p2a: Florges|70/271 brn\n|\n|-damage|p2a: Florges|54/271 brn|[from] brn\n|upkeep\n|turn|22\n|\n|t:|1781441793\n|switch|p1a: Ho-Oh|Ho-Oh, L71|268/268\n|move|p2a: Florges|Synthesis|p2a: Florges\n|-heal|p2a: Florges|189/271 brn\n|\n|-damage|p2a: Florges|173/271 brn|[from] brn\n|upkeep\n|turn|23\n|\n|t:|1781441812\n|switch|p2a: Regigigas|Regigigas, L84|322/322 par\n|-start|p2a: Regigigas|ability: Slow Start\n|move|p1a: Ho-Oh|Brave Bird|p2a: Regigigas\n|-damage|p2a: Regigigas|231/322 par\n|-damage|p1a: Ho-Oh|238/268|[from] Recoil\n|\n|-heal|p2a: Regigigas|251/322 par|[from] item: Leftovers\n|upkeep\n|turn|24\n|\n|t:|1781441842\n|move|p1a: Ho-Oh|Brave Bird|p2a: Regigigas\n|-damage|p2a: Regigigas|148/322 par\n|-damage|p1a: Ho-Oh|204/268|[from] Recoil\n|cant|p2a: Regigigas|par\n|\n|-heal|p2a: Regigigas|168/322 par|[from] item: Leftovers\n|upkeep\n|turn|25\n|\n|t:|1781441849\n|move|p1a: Ho-Oh|Brave Bird|p2a: Regigigas\n|-damage|p2a: Regigigas|72/322 par\n|-damage|p1a: Ho-Oh|172/268|[from] Recoil\n|move|p2a: Regigigas|Rest|p2a: Regigigas\n|-status|p2a: Regigigas|slp|[from] move: Rest\n|-heal|p2a: Regigigas|322/322 slp|[silent]\n|\n|upkeep\n|turn|26\n|\n|t:|1781441864\n|switch|p1a: Breloom|Breloom, L83, F|235/235\n|cant|p2a: Regigigas|slp\n|move|p2a: Regigigas|Sleep Talk|p2a: Regigigas\n|move|p2a: Regigigas|Rest||[from] move: Sleep Talk|[still]\n|-fail|p2a: Regigigas\n|\n|upkeep\n|turn|27\n|\n|t:|1781441887\n|-terastallize|p2a: Regigigas|Ghost\n|move|p1a: Breloom|Rock Tomb|p2a: Regigigas\n|-crit|p2a: Regigigas\n|-damage|p2a: Regigigas|186/322 slp\n|-unboost|p2a: Regigigas|spe|1\n|-damage|p1a: Breloom|212/235|[from] item: Life Orb\n|cant|p2a: Regigigas|slp\n|move|p2a: Regigigas|Sleep Talk|p2a: Regigigas\n|move|p2a: Regigigas|Body Slam|p1a: Breloom|[from] move: Sleep Talk\n|-damage|p1a: Breloom|143/235\n|-status|p1a: Breloom|par\n|\n|-heal|p2a: Regigigas|206/322 slp|[from] item: Leftovers\n|upkeep\n|turn|28\n|\n|t:|1781441909\n|move|p1a: Breloom|Bullet Seed|p2a: Regigigas\n|-damage|p2a: Regigigas|151/322 slp\n|-damage|p2a: Regigigas|96/322 slp\n|-damage|p2a: Regigigas|41/322 slp\n|-hitcount|p2a: Regigigas|3\n|-damage|p1a: Breloom|120/235 par|[from] item: Life Orb\n|-curestatus|p2a: Regigigas|slp|[msg]\n|move|p2a: Regigigas|Knock Off|p1a: Breloom\n|-resisted|p1a: Breloom\n|-damage|p1a: Breloom|92/235 par\n|-enditem|p1a: Breloom|Life Orb|[from] move: Knock Off|[of] p2a: Regigigas\n|\n|-heal|p2a: Regigigas|61/322|[from] item: Leftovers\n|-end|p2a: Regigigas|Slow Start\n|upkeep\n|turn|29\n|inactive|vCreeze has 120 seconds left.\n|\n|t:|1781441928\n|switch|p1a: Meganium|Meganium, L90, M|290/290\n|move|p2a: Regigigas|Rest|p2a: Regigigas\n|-status|p2a: Regigigas|slp|[from] move: Rest\n|-heal|p2a: Regigigas|322/322 slp|[silent]\n|\n|upkeep\n|turn|30\n|\n|t:|1781441935\n|move|p1a: Meganium|Encore|p2a: Regigigas\n|-start|p2a: Regigigas|Encore\n|cant|p2a: Regigigas|slp\n|\n|upkeep\n|turn|31\n|\n|t:|1781441941\n|move|p1a: Meganium|Knock Off|p2a: Regigigas\n|-supereffective|p2a: Regigigas\n|-damage|p2a: Regigigas|198/322 slp\n|-enditem|p2a: Regigigas|Leftovers|[from] move: Knock Off|[of] p1a: Meganium\n|cant|p2a: Regigigas|slp\n|\n|upkeep\n|turn|32\n|\n|t:|1781441945\n|move|p1a: Meganium|Energy Ball|p2a: Regigigas\n|-damage|p2a: Regigigas|114/322 slp\n|-unboost|p2a: Regigigas|spd|1\n|-curestatus|p2a: Regigigas|slp|[msg]\n|move|p2a: Regigigas|Rest|p2a: Regigigas\n|-status|p2a: Regigigas|slp|[from] move: Rest\n|-heal|p2a: Regigigas|322/322 slp|[silent]\n|\n|-end|p2a: Regigigas|Encore\n|upkeep\n|turn|33\n|\n|t:|1781441957\n|switch|p2a: Moltres|Moltres, L81|198/278\n|move|p1a: Meganium|Encore||[still]\n|-fail|p1a: Meganium\n|\n|upkeep\n|turn|34\n|\n|t:|1781441968\n|switch|p1a: Ho-Oh|Ho-Oh, L71|261/268\n|move|p2a: Moltres|Brave Bird|p1a: Ho-Oh\n|-damage|p1a: Ho-Oh|119/268\n|-damage|p2a: Moltres|151/278|[from] Recoil\n|\n|upkeep\n|turn|35\n|\n|t:|1781441990\n|-terastallize|p1a: Ho-Oh|Steel\n|move|p2a: Moltres|Brave Bird|p1a: Ho-Oh\n|-resisted|p1a: Ho-Oh\n|-damage|p1a: Ho-Oh|50/268\n|-damage|p2a: Moltres|128/278|[from] Recoil\n|move|p1a: Ho-Oh|Brave Bird|p2a: Moltres\n|-damage|p2a: Moltres|8/278\n|-damage|p1a: Ho-Oh|10/268|[from] Recoil\n|\n|upkeep\n|turn|36\n|\n|t:|1781442000\n|move|p2a: Moltres|Roost|p2a: Moltres\n|-heal|p2a: Moltres|147/278\n|-singleturn|p2a: Moltres|move: Roost\n|move|p1a: Ho-Oh|Brave Bird|p2a: Moltres\n|-damage|p2a: Moltres|29/278\n|-damage|p1a: Ho-Oh|0 fnt|[from] Recoil\n|faint|p1a: Ho-Oh\n|\n|upkeep\n|\n|t:|1781442003\n|switch|p1a: Breloom|Breloom, L83, F|92/235 par\n|turn|37\n|\n|t:|1781442009\n|switch|p2a: Regigigas|Regigigas, L84, tera:Ghost|322/322 slp\n|-start|p2a: Regigigas|ability: Slow Start\n|move|p1a: Breloom|Mach Punch|p2a: Regigigas\n|-immune|p2a: Regigigas\n|\n|upkeep\n|turn|38\n|\n|t:|1781442020\n|cant|p2a: Regigigas|slp\n|move|p2a: Regigigas|Sleep Talk|p2a: Regigigas\n|move|p2a: Regigigas|Knock Off|p1a: Breloom|[from] move: Sleep Talk\n|-resisted|p1a: Breloom\n|-damage|p1a: Breloom|72/235 par\n|cant|p1a: Breloom|par\n|\n|upkeep\n|turn|39\n|\n|t:|1781442025\n|cant|p2a: Regigigas|slp\n|move|p2a: Regigigas|Sleep Talk|p2a: Regigigas\n|move|p2a: Regigigas|Rest||[from] move: Sleep Talk|[still]\n|-fail|p2a: Regigigas\n|move|p1a: Breloom|Bullet Seed|p2a: Regigigas\n|-damage|p2a: Regigigas|279/322 slp\n|-damage|p2a: Regigigas|233/322 slp\n|-damage|p2a: Regigigas|188/322 slp\n|-damage|p2a: Regigigas|148/322 slp\n|-damage|p2a: Regigigas|109/322 slp\n|-hitcount|p2a: Regigigas|5\n|\n|upkeep\n|turn|40\n|\n|t:|1781442030\n|-curestatus|p2a: Regigigas|slp|[msg]\n|move|p2a: Regigigas|Rest|p2a: Regigigas\n|-status|p2a: Regigigas|slp|[from] move: Rest\n|-heal|p2a: Regigigas|322/322 slp|[silent]\n|move|p1a: Breloom|Spore|p2a: Regigigas\n|-fail|p2a: Regigigas|slp\n|\n|upkeep\n|turn|41\n|\n|t:|1781442036\n|cant|p2a: Regigigas|slp\n|move|p2a: Regigigas|Sleep Talk|p2a: Regigigas\n|move|p2a: Regigigas|Knock Off|p1a: Breloom|[from] move: Sleep Talk\n|-resisted|p1a: Breloom\n|-damage|p1a: Breloom|55/235 par\n|cant|p1a: Breloom|par\n|\n|upkeep\n|turn|42\n|\n|t:|1781442044\n|cant|p2a: Regigigas|slp\n|move|p2a: Regigigas|Sleep Talk|p2a: Regigigas\n|move|p2a: Regigigas|Body Slam|p1a: Breloom|[from] move: Sleep Talk\n|-damage|p1a: Breloom|0 fnt\n|faint|p1a: Breloom\n|\n|-end|p2a: Regigigas|Slow Start\n|upkeep\n|\n|t:|1781442052\n|switch|p1a: Meganium|Meganium, L90, M|290/290\n|turn|43\n|\n|t:|1781442055\n|-curestatus|p2a: Regigigas|slp|[msg]\n|move|p2a: Regigigas|Body Slam|p1a: Meganium\n|-damage|p1a: Meganium|173/290\n|-status|p1a: Meganium|par\n|move|p1a: Meganium|Encore|p2a: Regigigas\n|-start|p2a: Regigigas|Encore\n|\n|-heal|p1a: Meganium|191/290 par|[from] item: Leftovers\n|upkeep\n|turn|44\n|-message|Jefejenaro forfeited.\n|\n|win|vCreeze\n", "inputlog": ">version a8376a258c1d4662feba110a92103f3664a72141\n>start {\"formatid\":\"gen9randombattle\",\"seed\":\"sodium,1af28b366fa3dc983ffb0f110a069616\",\"rated\":\"Rated battle\"}\n>player p1 {\"name\":\"Jefejenaro\",\"avatar\":\"wallace\",\"rating\":1945,\"seed\":\"sodium,cbe5715ebbbd301e5b89d02953a0b30e\"}\n>player p2 {\"name\":\"vCreeze\",\"avatar\":\"marnie-masters\",\"rating\":2028,\"seed\":\"sodium,da355001c66d21bab04bb740ed80c4cd\"}\n>p1 move bravebird\n>p2 switch 5\n>p1 switch 6\n>p2 move bodyslam\n>p1 move thunderwave\n>p2 move bodyslam\n>p1 move thunderwave\n>p2 move knockoff\n>p1 move playrough\n>p2 move bodyslam\n>p1 move roar\n>p2 move bodyslam\n>p1 move roar\n>p2 move bodyslam\n>p1 move roar\n>p2 move bodyslam\n>p1 switch 3\n>p1 move swordsdance\n>p2 move bodyslam\n>p1 move closecombat\n>p2 switch 6\n>p1 move scaleshot\n>p2 move roost\n>p1 move scaleshot\n>p2 move bravebird\n>p1 switch 4\n>p1 move steameruption\n>p2 switch 2\n>p1 move steameruption\n>p2 move calmmind\n>p1 move steameruption\n>p2 move synthesis\n>p1 switch 5\n>p2 move synthesis\n>p1 move knockoff\n>p2 move moonblast\n>p1 move synthesis\n>p2 switch 2\n>p1 switch 5\n>p2 move bravebird\n>p1 move steameruption\n>p2 switch 2\n>p1 move steameruption\n>p2 move synthesis\n>p1 switch 6\n>p2 move synthesis\n>p1 move bravebird\n>p2 switch 6\n>p1 move bravebird\n>p2 move bodyslam\n>p1 move bravebird\n>p2 move rest\n>p1 switch 2\n>p2 move sleeptalk\n>p1 move rocktomb\n>p2 move sleeptalk terastallize\n>p1 move bulletseed\n>p2 move knockoff\n>p1 switch 5\n>p2 move rest\n>p1 move encore\n>p2 move sleeptalk\n>p1 move knockoff\n>p2 move rest\n>p1 move energyball\n>p2 move rest\n>p1 move encore\n>p2 switch 2\n>p1 switch 2\n>p2 move bravebird\n>p1 move bravebird terastallize\n>p2 move bravebird\n>p1 move bravebird\n>p2 move roost\n>p1 switch 5\n>p1 move machpunch\n>p2 switch 2\n>p1 move bulletseed\n>p2 move sleeptalk\n>p1 move bulletseed\n>p2 move sleeptalk\n>p1 move spore\n>p2 move rest\n>p1 move bulletseed\n>p2 move sleeptalk\n>p1 move bulletseed\n>p2 move sleeptalk\n>p1 switch 2\n>p1 move encore\n>p2 move bodyslam\n>forcelose p1", "uploadtime": 1781441505, "views": 9, "formatid": "gen9randombattle", "rating": null, "private": 0, "password": null}