{"id": "gen9randombattle-2632002667", "format": "[Gen 9] Random Battle", "players": ["metaltunder", "FrankiFtl"], "log": "|j|\u2606metaltunder\n|j|\u2606FrankiFtl\n|t:|1781464779\n|gametype|singles\n|player|p1|metaltunder|palmer|2058\n|player|p2|FrankiFtl|clerk|2067\n|gen|9\n|tier|[Gen 9] Random Battle\n|rated|\n|rule|Species Clause: Limit one of each Pok\u00e9mon\n|rule|HP Percentage Mod: HP is shown in percentages\n|rule|Sleep Clause Mod: Limit one foe put to sleep\n|rule|Illusion Level Mod: Illusion disguises the Pok\u00e9mon's true level\n|\n|t:|1781464779\n|teamsize|p1|6\n|teamsize|p2|6\n|start\n|switch|p1a: Plusle|Plusle, L95, F|268/268\n|switch|p2a: Kingambit|Kingambit, L74, M|270/270\n|turn|1\n|inactive|Battle timer is ON: inactive players will automatically lose when time's up. (requested by metaltunder)\n|\n|t:|1781464805\n|-end|p2a: Kingambit|fallenundefined|[silent]\n|switch|p2a: Fezandipiti|Fezandipiti, L82, M|278/278\n|move|p1a: Plusle|Nasty Plot|p1a: Plusle\n|-boost|p1a: Plusle|spa|2\n|\n|upkeep\n|turn|2\n|j| Keyroxxx\n|\n|t:|1781464824\n|move|p1a: Plusle|Thunderbolt|p2a: Fezandipiti\n|-damage|p2a: Fezandipiti|40/278\n|-damage|p1a: Plusle|242/268|[from] item: Life Orb\n|move|p2a: Fezandipiti|Gunk Shot|p1a: Plusle\n|-damage|p1a: Plusle|58/268\n|-status|p1a: Plusle|psn\n|\n|-heal|p2a: Fezandipiti|57/278|[from] item: Leftovers\n|-damage|p1a: Plusle|25/268 psn|[from] psn\n|upkeep\n|turn|3\n|\n|t:|1781464838\n|move|p1a: Plusle|Alluring Voice|p2a: Fezandipiti\n|-resisted|p2a: Fezandipiti\n|-damage|p2a: Fezandipiti|0 fnt\n|faint|p2a: Fezandipiti\n|-damage|p1a: Plusle|0 fnt|[from] item: Life Orb\n|faint|p1a: Plusle\n|\n|upkeep\n|\n|t:|1781464853\n|switch|p1a: Dugtrio|Dugtrio, L84, F|196/196\n|switch|p2a: Ariados|Ariados, L95, F|287/287\n|turn|4\n|l| Keyroxxx\n|\n|t:|1781464877\n|move|p1a: Dugtrio|Swords Dance|p1a: Dugtrio\n|-boost|p1a: Dugtrio|atk|2\n|move|p2a: Ariados|Megahorn|p1a: Dugtrio\n|-damage|p1a: Dugtrio|0 fnt\n|faint|p1a: Dugtrio\n|\n|upkeep\n|\n|t:|1781464889\n|switch|p1a: Hitmonchan|Hitmonchan, L87, M|229/229\n|turn|5\n|\n|t:|1781464896\n|move|p1a: Hitmonchan|Bulk Up|p1a: Hitmonchan\n|-boost|p1a: Hitmonchan|atk|1\n|-boost|p1a: Hitmonchan|def|1\n|move|p2a: Ariados|Poison Jab|p1a: Hitmonchan\n|-damage|p1a: Hitmonchan|162/229\n|\n|-heal|p1a: Hitmonchan|176/229|[from] item: Leftovers\n|upkeep\n|turn|6\n|\n|t:|1781464906\n|move|p1a: Hitmonchan|Bulk Up|p1a: Hitmonchan\n|-boost|p1a: Hitmonchan|atk|1\n|-boost|p1a: Hitmonchan|def|1\n|move|p2a: Ariados|Poison Jab|p1a: Hitmonchan\n|-damage|p1a: Hitmonchan|124/229\n|\n|-heal|p1a: Hitmonchan|138/229|[from] item: Leftovers\n|upkeep\n|turn|7\n|\n|t:|1781464910\n|move|p1a: Hitmonchan|Knock Off|p2a: Ariados\n|-damage|p2a: Ariados|119/287\n|-enditem|p2a: Ariados|Heavy-Duty Boots|[from] move: Knock Off|[of] p1a: Hitmonchan\n|move|p2a: Ariados|Poison Jab|p1a: Hitmonchan\n|-damage|p1a: Hitmonchan|80/229\n|\n|-heal|p1a: Hitmonchan|94/229|[from] item: Leftovers\n|upkeep\n|turn|8\n|\n|t:|1781464916\n|move|p1a: Hitmonchan|Drain Punch|p2a: Ariados\n|-resisted|p2a: Ariados\n|-damage|p2a: Ariados|59/287\n|-heal|p1a: Hitmonchan|124/229|[from] drain|[of] p2a: Ariados\n|move|p2a: Ariados|Poison Jab|p1a: Hitmonchan\n|-damage|p1a: Hitmonchan|73/229\n|-status|p1a: Hitmonchan|psn\n|\n|-heal|p1a: Hitmonchan|87/229 psn|[from] item: Leftovers\n|-damage|p1a: Hitmonchan|59/229 psn|[from] psn\n|upkeep\n|turn|9\n|\n|t:|1781464934\n|move|p1a: Hitmonchan|Drain Punch|p2a: Ariados\n|-resisted|p2a: Ariados\n|-damage|p2a: Ariados|2/287\n|-heal|p1a: Hitmonchan|88/229 psn|[from] drain|[of] p2a: Ariados\n|move|p2a: Ariados|Knock Off|p1a: Hitmonchan\n|-resisted|p1a: Hitmonchan\n|-damage|p1a: Hitmonchan|66/229 psn\n|-enditem|p1a: Hitmonchan|Leftovers|[from] move: Knock Off|[of] p2a: Ariados\n|\n|-damage|p1a: Hitmonchan|38/229 psn|[from] psn\n|upkeep\n|turn|10\n|\n|t:|1781464940\n|move|p1a: Hitmonchan|Drain Punch|p2a: Ariados\n|-resisted|p2a: Ariados\n|-damage|p2a: Ariados|0 fnt\n|-heal|p1a: Hitmonchan|39/229 psn|[from] drain|[of] p2a: Ariados\n|faint|p2a: Ariados\n|\n|-damage|p1a: Hitmonchan|11/229 psn|[from] psn\n|upkeep\n|\n|t:|1781464946\n|switch|p2a: Palkia|Palkia, L75|259/259\n|-ability|p2a: Palkia|Pressure\n|turn|11\n|\n|t:|1781464958\n|move|p2a: Palkia|Fire Blast|p1a: Hitmonchan\n|-damage|p1a: Hitmonchan|0 fnt\n|faint|p1a: Hitmonchan\n|\n|upkeep\n|\n|t:|1781464961\n|switch|p1a: Indeedee|Indeedee-F, L90, F|272/272\n|-fieldstart|move: Psychic Terrain|[from] ability: Psychic Surge|[of] p1a: Indeedee\n|turn|12\n|\n|t:|1781464968\n|move|p1a: Indeedee|Dazzling Gleam|p2a: Palkia\n|-supereffective|p2a: Palkia\n|-damage|p2a: Palkia|145/259\n|move|p2a: Palkia|Thunder Wave|p1a: Indeedee\n|-status|p1a: Indeedee|par\n|\n|upkeep\n|turn|13\n|\n|t:|1781464997\n|move|p2a: Palkia|Hydro Pump|p1a: Indeedee|[miss]\n|-miss|p2a: Palkia|p1a: Indeedee\n|move|p1a: Indeedee|Dazzling Gleam|p2a: Palkia\n|-supereffective|p2a: Palkia\n|-damage|p2a: Palkia|37/259\n|\n|upkeep\n|turn|14\n|inactive|metaltunder has 120 seconds left.\n|\n|t:|1781465028\n|move|p2a: Palkia|Draco Meteor|p1a: Indeedee\n|-crit|p1a: Indeedee\n|-damage|p1a: Indeedee|22/272 par\n|-unboost|p2a: Palkia|spa|2\n|move|p1a: Indeedee|Dazzling Gleam|p2a: Palkia\n|-supereffective|p2a: Palkia\n|-damage|p2a: Palkia|0 fnt\n|faint|p2a: Palkia\n|\n|upkeep\n|\n|t:|1781465039\n|switch|p2a: Terrakion|Terrakion, L79|273/273\n|turn|15\n|\n|t:|1781465053\n|move|p2a: Terrakion|Earthquake|p1a: Indeedee\n|-damage|p1a: Indeedee|0 fnt\n|faint|p1a: Indeedee\n|-damage|p2a: Terrakion|246/273|[from] item: Life Orb\n|\n|upkeep\n|\n|t:|1781465057\n|switch|p1a: Kingdra|Kingdra, L84, F|263/263\n|turn|16\n|\n|t:|1781465066\n|move|p2a: Terrakion|Close Combat|p1a: Kingdra\n|-damage|p1a: Kingdra|88/263\n|-unboost|p2a: Terrakion|def|1\n|-unboost|p2a: Terrakion|spd|1\n|-damage|p2a: Terrakion|219/273|[from] item: Life Orb\n|move|p1a: Kingdra|Rain Dance|p1a: Kingdra\n|-weather|RainDance\n|\n|-weather|RainDance|[upkeep]\n|-fieldend|move: Psychic Terrain\n|upkeep\n|turn|17\n|\n|t:|1781465076\n|move|p1a: Kingdra|Wave Crash|p2a: Terrakion\n|-supereffective|p2a: Terrakion\n|-damage|p2a: Terrakion|0 fnt\n|faint|p2a: Terrakion\n|-damage|p1a: Kingdra|16/263|[from] Recoil\n|-damage|p1a: Kingdra|0 fnt|[from] item: Life Orb\n|faint|p1a: Kingdra\n|\n|-weather|RainDance|[upkeep]\n|upkeep\n|\n|t:|1781465100\n|switch|p2a: Avalugg|Avalugg, L88, F|310/310\n|switch|p1a: Brambleghast|Brambleghast, L88, F|240/240\n|turn|18\n|-message|metaltunder forfeited.\n|\n|win|FrankiFtl\n", "uploadtime": 1781464781, "views": 2, "formatid": "gen9randombattle", "rating": null, "private": 0, "password": null}