{"id": "gen9randombattle-2631383762", "format": "[Gen 9] Random Battle", "players": ["Isitshine11", "3kzzzzzzzz"], "log": "|j|\u2606Isitshine11\n|j|\u26063kzzzzzzzz\n|t:|1781378223\n|gametype|singles\n|player|p1|Isitshine11|medium|2045\n|player|p2|3kzzzzzzzz|janitor|2234\n|gen|9\n|tier|[Gen 9] Random Battle\n|rated|\n|rule|Species Clause: Limit one of each Pok\u00e9mon\n|rule|HP Percentage Mod: HP is shown in percentages\n|rule|Sleep Clause Mod: Limit one foe put to sleep\n|rule|Illusion Level Mod: Illusion disguises the Pok\u00e9mon's true level\n|\n|t:|1781378223\n|teamsize|p1|6\n|teamsize|p2|6\n|start\n|switch|p1a: Bellossom|Bellossom, L84, F|263/263\n|switch|p2a: Clefable|Clefable, L83, F|293/293\n|turn|1\n|inactive|Battle timer is ON: inactive players will automatically lose when time's up. (requested by Isitshine11)\n|\n|t:|1781378236\n|switch|p2a: Hypno|Hypno, L95, M|315/315\n|switch|p1a: Camerupt|Camerupt, L91, F|275/275\n|\n|upkeep\n|turn|2\n|\n|t:|1781378240\n|move|p2a: Hypno|Toxic|p1a: Camerupt\n|-status|p1a: Camerupt|tox\n|move|p1a: Camerupt|Stealth Rock|p2a: Hypno\n|-sidestart|p2: 3kzzzzzzzz|move: Stealth Rock\n|\n|-damage|p1a: Camerupt|258/275 tox|[from] psn\n|upkeep\n|turn|3\n|\n|t:|1781378249\n|switch|p2a: Noivern|Noivern, L82, M|274/274\n|move|p1a: Camerupt|Will-O-Wisp|p2a: Noivern\n|-status|p2a: Noivern|brn\n|\n|-heal|p1a: Camerupt|275/275 tox|[from] item: Leftovers\n|-damage|p1a: Camerupt|241/275 tox|[from] psn\n|-damage|p2a: Noivern|257/274 brn|[from] brn\n|upkeep\n|turn|4\n|\n|t:|1781378257\n|switch|p1a: Golem|Golem-Alola, L93, F|300/300\n|move|p2a: Noivern|Hurricane|p1a: Golem\n|-resisted|p1a: Golem\n|-damage|p1a: Golem|270/300\n|\n|-damage|p2a: Noivern|240/274 brn|[from] brn\n|upkeep\n|turn|5\n|\n|t:|1781378269\n|move|p2a: Noivern|Draco Meteor|p1a: Golem\n|-damage|p1a: Golem|123/300\n|-unboost|p2a: Noivern|spa|2\n|move|p1a: Golem|Double-Edge|p2a: Noivern\n|-damage|p2a: Noivern|0 fnt\n|faint|p2a: Noivern\n|-damage|p1a: Golem|44/300|[from] Recoil\n|\n|upkeep\n|\n|t:|1781378279\n|switch|p2a: Pyroar|Pyroar, L88, F|295/295\n|-ability|p2a: Pyroar|Unnerve\n|turn|6\n|\n|t:|1781378286\n|move|p2a: Pyroar|Hyper Voice|p1a: Golem\n|-resisted|p1a: Golem\n|-damage|p1a: Golem|0 fnt\n|faint|p1a: Golem\n|\n|upkeep\n|\n|t:|1781378289\n|switch|p1a: Camerupt|Camerupt, L91, F|241/275 tox\n|turn|7\n|\n|t:|1781378298\n|move|p2a: Pyroar|Hyper Voice|p1a: Camerupt\n|-damage|p1a: Camerupt|117/275 tox\n|move|p1a: Camerupt|Earthquake|p2a: Pyroar\n|-supereffective|p2a: Pyroar\n|-damage|p2a: Pyroar|5/295\n|\n|-heal|p1a: Camerupt|134/275 tox|[from] item: Leftovers\n|-damage|p1a: Camerupt|117/275 tox|[from] psn\n|upkeep\n|turn|8\n|\n|t:|1781378306\n|move|p2a: Pyroar|Hyper Voice|p1a: Camerupt\n|-damage|p1a: Camerupt|0 fnt\n|faint|p1a: Camerupt\n|\n|upkeep\n|\n|t:|1781378309\n|switch|p1a: Barraskewda|Barraskewda, L81, M|231/231\n|turn|9\n|\n|t:|1781378314\n|move|p1a: Barraskewda|Flip Turn|p2a: Pyroar\n|-supereffective|p2a: Pyroar\n|-damage|p2a: Pyroar|0 fnt\n|faint|p2a: Pyroar\n|\n|t:|1781378319\n|switch|p1a: Rotom|Rotom-Wash, L82|216/216|[from] Flip Turn\n|\n|upkeep\n|\n|t:|1781378325\n|switch|p2a: Clefable|Clefable, L83, F|293/293\n|-damage|p2a: Clefable|257/293|[from] Stealth Rock\n|turn|10\n|\n|t:|1781378328\n|move|p1a: Rotom|Trick|p2a: Clefable\n|-activate|p1a: Rotom|move: Trick|[of] p2a: Clefable\n|-item|p2a: Clefable|Choice Scarf|[from] move: Trick\n|-item|p1a: Rotom|Leftovers|[from] move: Trick\n|move|p2a: Clefable|Moonblast|p1a: Rotom\n|-crit|p1a: Rotom\n|-damage|p1a: Rotom|77/216\n|\n|-heal|p1a: Rotom|90/216|[from] item: Leftovers\n|upkeep\n|turn|11\n|\n|t:|1781378335\n|move|p2a: Clefable|Moonblast|p1a: Rotom\n|-damage|p1a: Rotom|3/216\n|move|p1a: Rotom|Volt Switch|p2a: Clefable\n|-damage|p2a: Clefable|188/293\n|\n|t:|1781378342\n|switch|p1a: Barraskewda|Barraskewda, L81, M|231/231|[from] Volt Switch\n|\n|upkeep\n|turn|12\n|\n|t:|1781378346\n|move|p1a: Barraskewda|Waterfall|p2a: Clefable\n|-crit|p2a: Clefable\n|-damage|p2a: Clefable|0 fnt\n|faint|p2a: Clefable\n|\n|upkeep\n|\n|t:|1781378362\n|switch|p2a: Arcanine|Arcanine-Hisui, L79, F|279/279\n|-damage|p2a: Arcanine|210/279|[from] Stealth Rock\n|turn|13\n|\n|t:|1781378368\n|switch|p1a: Rotom|Rotom-Wash, L82|3/216\n|move|p2a: Arcanine|Head Smash|p1a: Rotom\n|-damage|p1a: Rotom|0 fnt\n|faint|p1a: Rotom\n|\n|upkeep\n|\n|t:|1781378373\n|switch|p1a: Barraskewda|Barraskewda, L81, M|231/231\n|turn|14\n|\n|t:|1781378375\n|move|p2a: Arcanine|Head Smash|p1a: Barraskewda\n|-damage|p1a: Barraskewda|23/231\n|move|p1a: Barraskewda|Flip Turn|p2a: Arcanine\n|-supereffective|p2a: Arcanine\n|-damage|p2a: Arcanine|0 fnt\n|faint|p2a: Arcanine\n|\n|t:|1781378379\n|switch|p1a: Brute Bonnet|Brute Bonnet, L80|309/309|[from] Flip Turn\n|\n|upkeep\n|\n|t:|1781378381\n|switch|p2a: Iron Valiant|Iron Valiant, L78|244/244\n|-damage|p2a: Iron Valiant|229/244|[from] Stealth Rock\n|turn|15\n|\n|t:|1781378388\n|move|p2a: Iron Valiant|Close Combat|p1a: Brute Bonnet\n|-supereffective|p1a: Brute Bonnet\n|-damage|p1a: Brute Bonnet|0 fnt\n|-unboost|p2a: Iron Valiant|def|1\n|-unboost|p2a: Iron Valiant|spd|1\n|faint|p1a: Brute Bonnet\n|-end|p1a: Brute Bonnet|Protosynthesis|[silent]\n|-damage|p2a: Iron Valiant|205/244|[from] item: Life Orb\n|\n|upkeep\n|\n|t:|1781378391\n|switch|p1a: Barraskewda|Barraskewda, L81, M|23/231\n|turn|16\n|\n|t:|1781378394\n|move|p1a: Barraskewda|Waterfall|p2a: Iron Valiant\n|-damage|p2a: Iron Valiant|0 fnt\n|faint|p2a: Iron Valiant\n|-end|p2a: Iron Valiant|Quark Drive|[silent]\n|\n|upkeep\n|\n|t:|1781378396\n|switch|p2a: Hypno|Hypno, L95, M|315/315\n|-damage|p2a: Hypno|276/315|[from] Stealth Rock\n|turn|17\n|\n|t:|1781378399\n|move|p1a: Barraskewda|Waterfall|p2a: Hypno\n|-damage|p2a: Hypno|134/315\n|cant|p2a: Hypno|flinch\n|\n|-heal|p2a: Hypno|153/315|[from] item: Leftovers\n|upkeep\n|turn|18\n|\n|t:|1781378403\n|move|p1a: Barraskewda|Waterfall|p2a: Hypno\n|-damage|p2a: Hypno|11/315\n|cant|p2a: Hypno|flinch\n|\n|-heal|p2a: Hypno|30/315|[from] item: Leftovers\n|upkeep\n|turn|19\n|\n|t:|1781378406\n|move|p1a: Barraskewda|Waterfall|p2a: Hypno\n|-damage|p2a: Hypno|0 fnt\n|faint|p2a: Hypno\n|\n|win|Isitshine11\n", "inputlog": ">version a8376a258c1d4662feba110a92103f3664a72141\n>start {\"formatid\":\"gen9randombattle\",\"seed\":\"sodium,0f1650ecd5847dd59a4a4e5804000235\",\"rated\":\"Rated battle\"}\n>player p1 {\"name\":\"Isitshine11\",\"avatar\":\"medium\",\"rating\":2045,\"seed\":\"sodium,b283ea38c122bcc95237135ac3475ab4\"}\n>player p2 {\"name\":\"3kzzzzzzzz\",\"avatar\":\"janitor\",\"rating\":2234,\"seed\":\"sodium,ab21ef163f936877cb84a2ab2173f3f9\"}\n>p1 switch 6\n>p2 switch 2\n>p1 move stealthrock\n>p2 move toxic\n>p1 move willowisp\n>p2 switch 4\n>p1 switch 3\n>p2 move hurricane\n>p1 move doubleedge\n>p2 move dracometeor\n>p2 switch 3\n>p1 move doubleedge\n>p2 move hypervoice\n>p1 switch 3\n>p1 move earthquake\n>p2 move hypervoice\n>p1 move earthquake\n>p2 move hypervoice\n>p1 switch 2\n>p1 move flipturn\n>p2 move hypervoice\n>p1 switch 5\n>p2 switch 2\n>p1 move trick\n>p2 move moonblast\n>p1 move voltswitch\n>p2 move moonblast\n>p1 switch 5\n>p1 move waterfall\n>p2 move moonblast\n>p2 switch 5\n>p1 switch 5\n>p2 move headsmash\n>p1 switch 5\n>p1 move flipturn\n>p2 move headsmash\n>p1 switch 4\n>p2 switch 6\n>p1 move spore\n>p2 move closecombat\n>p1 switch 4\n>p1 move waterfall\n>p2 move knockoff\n>p2 switch 4\n>p1 move waterfall\n>p2 move psychicnoise\n>p1 move waterfall\n>p2 move psychicnoise\n>p1 move waterfall\n>p2 move psychicnoise", "uploadtime": 1781378225, "views": 11, "formatid": "gen9randombattle", "rating": null, "private": 0, "password": null}