{"id": "gen9randombattle-2631872830", "format": "[Gen 9] Random Battle", "players": ["WhatEver2102", "Monimei"], "log": "|j|\u2606WhatEver2102\n|j|\u2606Monimei\n|t:|1781450562\n|gametype|singles\n|player|p1|WhatEver2102|juan|1998\n|player|p2|Monimei|hugh|2044\n|gen|9\n|tier|[Gen 9] Random Battle\n|rated|\n|rule|Species Clause: Limit one of each Pok\u00e9mon\n|rule|HP Percentage Mod: HP is shown in percentages\n|rule|Sleep Clause Mod: Limit one foe put to sleep\n|rule|Illusion Level Mod: Illusion disguises the Pok\u00e9mon's true level\n|\n|t:|1781450562\n|teamsize|p1|6\n|teamsize|p2|6\n|start\n|switch|p1a: Cetitan|Cetitan, L82, F|413/413\n|switch|p2a: Donphan|Donphan, L84, M|288/288\n|turn|1\n|inactive|Battle timer is ON: inactive players will automatically lose when time's up. (requested by Monimei)\n|inactive|WhatEver2102 has 120 seconds left.\n|inactive|WhatEver2102 has 90 seconds left.\n|inactive|WhatEver2102 has 60 seconds left.\n|inactive|WhatEver2102 has 30 seconds left.\n|\n|t:|1781450687\n|switch|p2a: Perrserker|Perrserker, L89, F|269/269\n|move|p1a: Cetitan|Icicle Crash|p2a: Perrserker\n|-resisted|p2a: Perrserker\n|-damage|p2a: Perrserker|199/269\n|\n|upkeep\n|turn|2\n|\n|t:|1781450692\n|switch|p1a: Eelektross|Eelektross, L87, M|290/290\n|move|p2a: Perrserker|Iron Head|p1a: Eelektross\n|-resisted|p1a: Eelektross\n|-damage|p1a: Eelektross|178/290\n|\n|-heal|p1a: Eelektross|196/290|[from] item: Leftovers\n|upkeep\n|turn|3\n|\n|t:|1781450699\n|switch|p2a: Gliscor|Gliscor, L76, F|239/239\n|move|p1a: Eelektross|Knock Off|p2a: Gliscor\n|-damage|p2a: Gliscor|165/239\n|-enditem|p2a: Gliscor|Toxic Orb|[from] move: Knock Off|[of] p1a: Eelektross\n|\n|-heal|p1a: Eelektross|214/290|[from] item: Leftovers\n|upkeep\n|turn|4\n|\n|t:|1781450713\n|move|p2a: Gliscor|Toxic|p1a: Eelektross\n|-status|p1a: Eelektross|tox\n|move|p1a: Eelektross|Coil|p1a: Eelektross\n|-boost|p1a: Eelektross|atk|1\n|-boost|p1a: Eelektross|def|1\n|-boost|p1a: Eelektross|accuracy|1\n|\n|-heal|p1a: Eelektross|232/290 tox|[from] item: Leftovers\n|-damage|p1a: Eelektross|214/290 tox|[from] psn\n|upkeep\n|turn|5\n|\n|t:|1781450721\n|move|p2a: Gliscor|Knock Off|p1a: Eelektross\n|-damage|p1a: Eelektross|171/290 tox\n|-enditem|p1a: Eelektross|Leftovers|[from] move: Knock Off|[of] p2a: Gliscor\n|move|p1a: Eelektross|Drain Punch|p2a: Gliscor\n|-resisted|p2a: Gliscor\n|-damage|p2a: Gliscor|126/239\n|-heal|p1a: Eelektross|191/290 tox|[from] drain|[of] p2a: Gliscor\n|\n|-damage|p1a: Eelektross|155/290 tox|[from] psn\n|upkeep\n|turn|6\n|\n|t:|1781450729\n|move|p2a: Gliscor|Protect|p2a: Gliscor\n|-singleturn|p2a: Gliscor|Protect\n|move|p1a: Eelektross|Drain Punch|p2a: Gliscor\n|-activate|p2a: Gliscor|move: Protect\n|\n|-damage|p1a: Eelektross|101/290 tox|[from] psn\n|upkeep\n|turn|7\n|\n|t:|1781450736\n|move|p2a: Gliscor|Knock Off|p1a: Eelektross\n|-damage|p1a: Eelektross|74/290 tox\n|move|p1a: Eelektross|Drain Punch|p2a: Gliscor\n|-resisted|p2a: Gliscor\n|-damage|p2a: Gliscor|83/239\n|-heal|p1a: Eelektross|96/290 tox|[from] drain|[of] p2a: Gliscor\n|\n|-damage|p1a: Eelektross|24/290 tox|[from] psn\n|upkeep\n|turn|8\n|\n|t:|1781450743\n|switch|p1a: Indeedee|Indeedee-F, L90, F|272/272\n|-fieldstart|move: Psychic Terrain|[from] ability: Psychic Surge|[of] p1a: Indeedee\n|move|p2a: Gliscor|Protect||[still]\n|-fail|p2a: Gliscor\n|\n|upkeep\n|turn|9\n|\n|t:|1781450754\n|move|p2a: Gliscor|Protect|p2a: Gliscor\n|-singleturn|p2a: Gliscor|Protect\n|move|p1a: Indeedee|Hyper Voice|p2a: Gliscor\n|-activate|p2a: Gliscor|move: Protect\n|\n|upkeep\n|turn|10\n|\n|t:|1781450760\n|switch|p2a: Perrserker|Perrserker, L89, F|199/269\n|move|p1a: Indeedee|Hyper Voice|p2a: Perrserker\n|-resisted|p2a: Perrserker\n|-damage|p2a: Perrserker|106/269\n|\n|upkeep\n|turn|11\n|\n|t:|1781450764\n|switch|p1a: Eelektross|Eelektross, L87, M|24/290 tox\n|move|p2a: Perrserker|U-turn|p1a: Eelektross\n|-damage|p1a: Eelektross|0 fnt\n|faint|p1a: Eelektross\n|\n|t:|1781450770\n|switch|p2a: Gliscor|Gliscor, L76, F|83/239|[from] U-turn\n|\n|upkeep\n|\n|t:|1781450779\n|switch|p1a: Basculin|Basculin, L86, M|261/261\n|turn|12\n|\n|t:|1781450787\n|move|p2a: Gliscor|Protect|p2a: Gliscor\n|-singleturn|p2a: Gliscor|Protect\n|move|p1a: Basculin|Flip Turn|p2a: Gliscor\n|-activate|p2a: Gliscor|move: Protect\n|\n|-fieldend|move: Psychic Terrain\n|upkeep\n|turn|13\n|\n|t:|1781450792\n|switch|p2a: Swanna|Swanna, L89, M|278/278\n|move|p1a: Basculin|Flip Turn|p2a: Swanna\n|-resisted|p2a: Swanna\n|-damage|p2a: Swanna|201/278\n|\n|t:|1781450795\n|switch|p1a: Indeedee|Indeedee-F, L90, F|272/272|[from] Flip Turn\n|-fieldstart|move: Psychic Terrain|[from] ability: Psychic Surge|[of] p1a: Indeedee\n|\n|upkeep\n|turn|14\n|\n|t:|1781450805\n|move|p2a: Swanna|Knock Off|p1a: Indeedee\n|-supereffective|p1a: Indeedee\n|-damage|p1a: Indeedee|118/272\n|-enditem|p1a: Indeedee|Choice Specs|[from] move: Knock Off|[of] p2a: Swanna\n|move|p1a: Indeedee|Psychic|p2a: Swanna\n|-damage|p2a: Swanna|21/278\n|\n|upkeep\n|turn|15\n|\n|t:|1781450812\n|move|p2a: Swanna|Brave Bird|p1a: Indeedee\n|-damage|p1a: Indeedee|0 fnt\n|faint|p1a: Indeedee\n|-damage|p2a: Swanna|0 fnt|[from] Recoil\n|faint|p2a: Swanna\n|\n|upkeep\n|\n|t:|1781450817\n|switch|p2a: Gliscor|Gliscor, L76, F|83/239\n|switch|p1a: Basculin|Basculin, L86, M|261/261\n|turn|16\n|\n|t:|1781450819\n|move|p2a: Gliscor|Protect|p2a: Gliscor\n|-singleturn|p2a: Gliscor|Protect\n|move|p1a: Basculin|Flip Turn|p2a: Gliscor\n|-activate|p2a: Gliscor|move: Protect\n|\n|upkeep\n|turn|17\n|\n|t:|1781450822\n|move|p1a: Basculin|Flip Turn|p2a: Gliscor\n|-supereffective|p2a: Gliscor\n|-damage|p2a: Gliscor|0 fnt\n|faint|p2a: Gliscor\n|\n|t:|1781450828\n|switch|p1a: Cetitan|Cetitan, L82, F|413/413|[from] Flip Turn\n|\n|-fieldend|move: Psychic Terrain\n|upkeep\n|\n|t:|1781450835\n|switch|p2a: Okidogi|Okidogi, L77, M|262/262\n|turn|18\n|\n|t:|1781450853\n|-terastallize|p1a: Cetitan|Water\n|move|p2a: Okidogi|Drain Punch|p1a: Cetitan\n|-damage|p1a: Cetitan|299/413\n|move|p1a: Cetitan|Liquidation|p2a: Okidogi\n|-damage|p2a: Okidogi|110/262\n|\n|upkeep\n|turn|19\n|\n|t:|1781450862\n|move|p2a: Okidogi|Gunk Shot|p1a: Cetitan\n|-damage|p1a: Cetitan|143/413\n|move|p1a: Cetitan|Liquidation|p2a: Okidogi\n|-damage|p2a: Okidogi|0 fnt\n|faint|p2a: Okidogi\n|\n|upkeep\n|\n|t:|1781450868\n|switch|p2a: Ambipom|Ambipom, L84, F|263/263\n|turn|20\n|\n|t:|1781450875\n|switch|p1a: Dachsbun|Dachsbun, L92, M|254/254\n|move|p2a: Ambipom|Fake Out|p1a: Dachsbun\n|-damage|p1a: Dachsbun|200/254\n|\n|-heal|p1a: Dachsbun|215/254|[from] item: Leftovers\n|upkeep\n|turn|21\n|\n|t:|1781450883\n|switch|p2a: Donphan|Donphan, L84, M|288/288\n|move|p1a: Dachsbun|Wish|p1a: Dachsbun\n|\n|-heal|p1a: Dachsbun|230/254|[from] item: Leftovers\n|upkeep\n|turn|22\n|\n|t:|1781450895\n|switch|p1a: Cetitan|Cetitan, L82, F, tera:Water|143/413\n|move|p2a: Donphan|Earthquake|p1a: Cetitan\n|-damage|p1a: Cetitan|0 fnt\n|faint|p1a: Cetitan\n|\n|upkeep\n|\n|t:|1781450899\n|switch|p1a: Basculin|Basculin, L86, M|261/261\n|turn|23\n|\n|t:|1781450903\n|-terastallize|p2a: Donphan|Water\n|move|p1a: Basculin|Flip Turn|p2a: Donphan\n|-resisted|p2a: Donphan\n|-damage|p2a: Donphan|238/288\n|\n|t:|1781450908\n|switch|p1a: Dachsbun|Dachsbun, L92, M|230/254|[from] Flip Turn\n|move|p2a: Donphan|Earthquake|p1a: Dachsbun\n|-damage|p1a: Dachsbun|133/254\n|\n|-heal|p1a: Dachsbun|148/254|[from] item: Leftovers\n|-heal|p2a: Donphan|256/288|[from] item: Leftovers\n|upkeep\n|turn|24\n|l|\u2606Monimei\n|inactive|Monimei disconnected and has a minute to reconnect!\n|player|p2|\n|j|\u2606Monimei\n|inactive|Monimei reconnected and has 140 seconds left.\n|player|p2|Monimei|hugh|\n|\n|t:|1781450923\n|move|p1a: Dachsbun|Yawn|p2a: Donphan\n|-start|p2a: Donphan|move: Yawn|[of] p1a: Dachsbun\n|move|p2a: Donphan|Stealth Rock|p1a: Dachsbun\n|-sidestart|p1: WhatEver2102|move: Stealth Rock\n|\n|-heal|p1a: Dachsbun|163/254|[from] item: Leftovers\n|-heal|p2a: Donphan|274/288|[from] item: Leftovers\n|upkeep\n|turn|25\n|\n|t:|1781450930\n|switch|p2a: Perrserker|Perrserker, L89, F|106/269\n|move|p1a: Dachsbun|Wish|p1a: Dachsbun\n|\n|-heal|p1a: Dachsbun|178/254|[from] item: Leftovers\n|upkeep\n|turn|26\n|\n|t:|1781450934\n|switch|p1a: Basculin|Basculin, L86, M|261/261\n|-damage|p1a: Basculin|229/261|[from] Stealth Rock\n|move|p2a: Perrserker|Iron Head|p1a: Basculin\n|-resisted|p1a: Basculin\n|-damage|p1a: Basculin|112/261\n|\n|-heal|p1a: Basculin|239/261|[from] move: Wish|[wisher] Dachsbun\n|upkeep\n|turn|27\n|\n|t:|1781450946\n|switch|p2a: Donphan|Donphan, L84, M, tera:Water|274/288\n|move|p1a: Basculin|Wave Crash|p2a: Donphan\n|-resisted|p2a: Donphan\n|-damage|p2a: Donphan|169/288\n|-damage|p1a: Basculin|204/261|[from] Recoil\n|\n|-heal|p2a: Donphan|187/288|[from] item: Leftovers\n|upkeep\n|turn|28\n|\n|t:|1781450954\n|switch|p1a: Dachsbun|Dachsbun, L92, M|178/254\n|-damage|p1a: Dachsbun|147/254|[from] Stealth Rock\n|move|p2a: Donphan|Earthquake|p1a: Dachsbun\n|-damage|p1a: Dachsbun|57/254\n|\n|-heal|p1a: Dachsbun|72/254|[from] item: Leftovers\n|-heal|p2a: Donphan|205/288|[from] item: Leftovers\n|upkeep\n|turn|29\n|\n|t:|1781450963\n|move|p1a: Dachsbun|Yawn|p2a: Donphan\n|-start|p2a: Donphan|move: Yawn|[of] p1a: Dachsbun\n|move|p2a: Donphan|Earthquake|p1a: Dachsbun\n|-damage|p1a: Dachsbun|0 fnt\n|faint|p1a: Dachsbun\n|\n|-heal|p2a: Donphan|223/288|[from] item: Leftovers\n|upkeep\n|\n|t:|1781450966\n|switch|p1a: Raikou|Raikou, L81|278/278\n|-damage|p1a: Raikou|244/278|[from] Stealth Rock\n|-ability|p1a: Raikou|Pressure\n|turn|30\n|\n|t:|1781450979\n|switch|p2a: Perrserker|Perrserker, L89, F|106/269\n|move|p1a: Raikou|Substitute|p1a: Raikou\n|-start|p1a: Raikou|Substitute\n|-damage|p1a: Raikou|175/278\n|\n|-heal|p1a: Raikou|192/278|[from] item: Leftovers\n|upkeep\n|turn|31\n|\n|t:|1781450985\n|move|p1a: Raikou|Thunderbolt|p2a: Perrserker\n|-damage|p2a: Perrserker|0 fnt\n|faint|p2a: Perrserker\n|\n|-heal|p1a: Raikou|209/278|[from] item: Leftovers\n|upkeep\n|\n|t:|1781450987\n|switch|p2a: Ambipom|Ambipom, L84, F|263/263\n|turn|32\n|\n|t:|1781450997\n|move|p2a: Ambipom|Fake Out|p1a: Raikou\n|-end|p1a: Raikou|Substitute\n|move|p1a: Raikou|Scald|p2a: Ambipom\n|-damage|p2a: Ambipom|186/263\n|\n|-heal|p1a: Raikou|226/278|[from] item: Leftovers\n|upkeep\n|turn|33\n|\n|t:|1781451004\n|move|p2a: Ambipom|Double-Edge|p1a: Raikou\n|-damage|p1a: Raikou|52/278\n|-damage|p2a: Ambipom|129/263|[from] Recoil\n|move|p1a: Raikou|Scald|p2a: Ambipom\n|-damage|p2a: Ambipom|53/263\n|\n|-heal|p1a: Raikou|69/278|[from] item: Leftovers\n|upkeep\n|turn|34\n|\n|t:|1781451017\n|switch|p1a: Basculin|Basculin, L86, M|204/261\n|-damage|p1a: Basculin|172/261|[from] Stealth Rock\n|move|p2a: Ambipom|Double-Edge|p1a: Basculin\n|-damage|p1a: Basculin|0 fnt\n|faint|p1a: Basculin\n|-damage|p2a: Ambipom|0 fnt|[from] Recoil\n|faint|p2a: Ambipom\n|\n|upkeep\n|\n|t:|1781451020\n|switch|p2a: Donphan|Donphan, L84, M, tera:Water|223/288\n|switch|p1a: Raikou|Raikou, L81|69/278\n|-damage|p1a: Raikou|35/278|[from] Stealth Rock\n|-ability|p1a: Raikou|Pressure\n|turn|35\n|\n|t:|1781451023\n|move|p1a: Raikou|Thunderbolt|p2a: Donphan\n|-supereffective|p2a: Donphan\n|-damage|p2a: Donphan|0 fnt\n|faint|p2a: Donphan\n|\n|win|WhatEver2102\n", "uploadtime": 1781450564, "views": 3, "formatid": "gen9randombattle", "rating": null, "private": 0, "password": null}