{"id": "gen9randombattle-2631537732", "format": "[Gen 9] Random Battle", "players": ["rainman512", "lkj47"], "log": "|j|\u2606rainman512\n|j|\u2606lkj47\n|t:|1781398272\n|gametype|singles\n|player|p1|rainman512|2|1926\n|player|p2|lkj47|hilbert|1902\n|gen|9\n|tier|[Gen 9] Random Battle\n|rated|\n|rule|Species Clause: Limit one of each Pok\u00e9mon\n|rule|HP Percentage Mod: HP is shown in percentages\n|rule|Sleep Clause Mod: Limit one foe put to sleep\n|rule|Illusion Level Mod: Illusion disguises the Pok\u00e9mon's true level\n|\n|t:|1781398272\n|teamsize|p1|6\n|teamsize|p2|6\n|start\n|switch|p1a: Breloom|Breloom, L83, M|235/235\n|switch|p2a: Hydreigon|Hydreigon, L79, F|275/275\n|turn|1\n|\n|t:|1781398280\n|move|p2a: Hydreigon|Fire Blast|p1a: Breloom\n|-supereffective|p1a: Breloom\n|-damage|p1a: Breloom|0 fnt\n|faint|p1a: Breloom\n|-damage|p2a: Hydreigon|248/275|[from] item: Life Orb\n|\n|upkeep\n|\n|t:|1781398288\n|switch|p1a: Espeon|Espeon, L84, F|246/246\n|turn|2\n|\n|t:|1781398292\n|switch|p2a: Excadrill|Excadrill, L79, F|303/303\n|-ability|p2a: Excadrill|Mold Breaker\n|move|p1a: Espeon|Alluring Voice|p2a: Excadrill\n|-resisted|p2a: Excadrill\n|-damage|p2a: Excadrill|253/303\n|\n|upkeep\n|turn|3\n|\n|t:|1781398298\n|switch|p1a: Qwilfish|Qwilfish, L86, M|252/252\n|-ability|p1a: Qwilfish|Intimidate|boost\n|-unboost|p2a: Excadrill|atk|1\n|move|p2a: Excadrill|Rock Slide|p1a: Qwilfish\n|-damage|p1a: Qwilfish|213/252\n|\n|upkeep\n|turn|4\n|\n|t:|1781398306\n|switch|p2a: Electrode|Electrode-Hisui, L87|246/246\n|move|p1a: Qwilfish|Flip Turn|p2a: Electrode\n|-resisted|p2a: Electrode\n|-damage|p2a: Electrode|212/246\n|\n|t:|1781398312\n|switch|p1a: Iron Thorns|Iron Thorns, L83|302/302|[from] Flip Turn\n|\n|upkeep\n|turn|5\n|\n|t:|1781398323\n|move|p2a: Electrode|Giga Drain|p1a: Iron Thorns\n|-supereffective|p1a: Iron Thorns\n|-damage|p1a: Iron Thorns|97/302\n|-heal|p2a: Electrode|246/246|[from] drain|[of] p1a: Iron Thorns\n|-damage|p2a: Electrode|222/246|[from] item: Life Orb\n|move|p1a: Iron Thorns|Volt Switch|p2a: Electrode\n|-resisted|p2a: Electrode\n|-damage|p2a: Electrode|207/246\n|\n|t:|1781398331\n|-end|p1a: Iron Thorns|Quark Drive|[silent]\n|switch|p1a: Espeon|Espeon, L84, F|246/246|[from] Volt Switch\n|\n|upkeep\n|turn|6\n|\n|t:|1781398338\n|move|p2a: Electrode|Volt Switch|p1a: Espeon\n|-damage|p1a: Espeon|164/246\n|-damage|p2a: Electrode|183/246|[from] item: Life Orb\n|\n|t:|1781398341\n|switch|p2a: Excadrill|Excadrill, L79, F|253/303|[from] Volt Switch\n|-ability|p2a: Excadrill|Mold Breaker\n|move|p1a: Espeon|Trick|p2a: Excadrill\n|-activate|p1a: Espeon|move: Trick|[of] p2a: Excadrill\n|-item|p2a: Excadrill|Choice Specs|[from] move: Trick\n|-item|p1a: Espeon|Assault Vest|[from] move: Trick\n|\n|upkeep\n|turn|7\n|\n|t:|1781398347\n|switch|p1a: Qwilfish|Qwilfish, L86, M|213/252\n|-ability|p1a: Qwilfish|Intimidate|boost\n|-unboost|p2a: Excadrill|atk|1\n|move|p2a: Excadrill|Earthquake|p1a: Qwilfish\n|-supereffective|p1a: Qwilfish\n|-damage|p1a: Qwilfish|51/252\n|\n|upkeep\n|turn|8\n|\n|t:|1781398351\n|switch|p1a: Charizard|Charizard, L85, M|271/271\n|switch|p2a: Hydreigon|Hydreigon, L79, F|248/275\n|\n|upkeep\n|turn|9\n|\n|t:|1781398356\n|move|p1a: Charizard|Swords Dance|p1a: Charizard\n|-boost|p1a: Charizard|atk|2\n|move|p2a: Hydreigon|Nasty Plot|p2a: Hydreigon\n|-boost|p2a: Hydreigon|spa|2\n|\n|upkeep\n|turn|10\n|\n|t:|1781398361\n|move|p1a: Charizard|Outrage|p2a: Hydreigon\n|-supereffective|p2a: Hydreigon\n|-damage|p2a: Hydreigon|0 fnt\n|faint|p2a: Hydreigon\n|\n|upkeep\n|\n|t:|1781398365\n|switch|p2a: Excadrill|Excadrill, L79, F|253/303\n|-ability|p2a: Excadrill|Mold Breaker\n|turn|11\n|\n|t:|1781398368\n|move|p1a: Charizard|Outrage|p2a: Excadrill|[from] lockedmove\n|-resisted|p2a: Excadrill\n|-damage|p2a: Excadrill|149/303\n|-start|p1a: Charizard|confusion|[fatigue]\n|move|p2a: Excadrill|Rock Slide|p1a: Charizard\n|-supereffective|p1a: Charizard\n|-damage|p1a: Charizard|15/271\n|\n|upkeep\n|turn|12\n|\n|t:|1781398374\n|switch|p1a: Qwilfish|Qwilfish, L86, M|51/252\n|-ability|p1a: Qwilfish|Intimidate|boost\n|-unboost|p2a: Excadrill|atk|1\n|switch|p2a: Blaziken|Blaziken, L76, M|247/247\n|\n|upkeep\n|turn|13\n|\n|t:|1781398379\n|move|p1a: Qwilfish|Pain Split|p2a: Blaziken\n|-sethp|p2a: Blaziken|149/247|[from] move: Pain Split|[silent]\n|-sethp|p1a: Qwilfish|149/252|[from] move: Pain Split\n|move|p2a: Blaziken|Swords Dance|p2a: Blaziken\n|-boost|p2a: Blaziken|atk|2\n|\n|-ability|p2a: Blaziken|Speed Boost|boost\n|-boost|p2a: Blaziken|spe|1\n|upkeep\n|turn|14\n|\n|t:|1781398384\n|move|p2a: Blaziken|Knock Off|p1a: Qwilfish\n|-damage|p1a: Qwilfish|0 fnt\n|-enditem|p1a: Qwilfish|Heavy-Duty Boots|[from] move: Knock Off|[of] p2a: Blaziken\n|faint|p1a: Qwilfish\n|-damage|p2a: Blaziken|125/247|[from] item: Life Orb\n|\n|-ability|p2a: Blaziken|Speed Boost|boost\n|-boost|p2a: Blaziken|spe|1\n|upkeep\n|\n|t:|1781398387\n|switch|p1a: Kingdra|Kingdra, L84, M|263/263\n|turn|15\n|\n|t:|1781398390\n|move|p2a: Blaziken|Close Combat|p1a: Kingdra\n|-damage|p1a: Kingdra|0 fnt\n|-unboost|p2a: Blaziken|def|1\n|-unboost|p2a: Blaziken|spd|1\n|faint|p1a: Kingdra\n|-damage|p2a: Blaziken|101/247|[from] item: Life Orb\n|\n|-ability|p2a: Blaziken|Speed Boost|boost\n|-boost|p2a: Blaziken|spe|1\n|upkeep\n|\n|t:|1781398396\n|switch|p1a: Espeon|Espeon, L84, F|164/246\n|turn|16\n|-message|rainman512 forfeited.\n|\n|win|lkj47\n", "inputlog": ">version a8376a258c1d4662feba110a92103f3664a72141\n>start {\"formatid\":\"gen9randombattle\",\"seed\":\"sodium,a57f95a2202523b5f3df6316c474d044\",\"rated\":\"Rated battle\"}\n>player p1 {\"name\":\"rainman512\",\"avatar\":\"2\",\"rating\":1926,\"seed\":\"sodium,048477f0ef41b9a7120ff316910ca8fe\"}\n>player p2 {\"name\":\"lkj47\",\"avatar\":\"hilbert\",\"rating\":1902,\"seed\":\"sodium,aa226466c39b610753b0631c73fe5df4\"}\n>p1 move rocktomb\n>p2 move fireblast\n>p1 switch 6\n>p1 move alluringvoice\n>p2 switch 2\n>p1 switch 3\n>p2 move rockslide\n>p1 move flipturn\n>p2 switch 3\n>p1 switch 5\n>p1 move voltswitch\n>p2 move gigadrain\n>p1 switch 3\n>p1 move trick\n>p2 move voltswitch\n>p2 switch 3\n>p1 switch 5\n>p2 move earthquake\n>p1 switch 2\n>p2 switch 2\n>p1 move swordsdance\n>p2 move nastyplot\n>p1 move outrage\n>p2 move dracometeor\n>p2 switch 2\n>p1 move outrage\n>p2 move rockslide\n>p1 switch 2\n>p2 switch 6\n>p1 move painsplit\n>p2 move swordsdance\n>p1 move flipturn\n>p2 move knockoff\n>p1 switch 4\n>p1 move wavecrash\n>p2 move closecombat\n>p1 switch 5\n>forcelose p1", "uploadtime": 1781398274, "views": 4, "formatid": "gen9randombattle", "rating": null, "private": 0, "password": null}