{"id": "gen9randombattle-2631404631", "format": "[Gen 9] Random Battle", "players": ["WhatEver2102", "Pederden5"], "log": "|j|\u2606WhatEver2102\n|j|\u2606Pederden5\n|t:|1781380621\n|gametype|singles\n|player|p1|WhatEver2102|juan|1977\n|player|p2|Pederden5|265|1939\n|gen|9\n|tier|[Gen 9] Random Battle\n|rated|\n|rule|Species Clause: Limit one of each Pok\u00e9mon\n|rule|HP Percentage Mod: HP is shown in percentages\n|rule|Sleep Clause Mod: Limit one foe put to sleep\n|rule|Illusion Level Mod: Illusion disguises the Pok\u00e9mon's true level\n|\n|t:|1781380621\n|teamsize|p1|6\n|teamsize|p2|6\n|start\n|switch|p1a: Haxorus|Haxorus, L77, M|244/244\n|switch|p2a: Beartic|Beartic, L91, F|321/321\n|-ability|p1a: Haxorus|Mold Breaker\n|turn|1\n|\n|t:|1781380629\n|switch|p1a: Sandslash|Sandslash-Alola, L88, M|275/275\n|move|p2a: Beartic|Snowscape|p2a: Beartic\n|-weather|Snowscape\n|\n|-weather|Snowscape|[upkeep]\n|upkeep\n|turn|2\n|inactive|Battle timer is ON: inactive players will automatically lose when time's up. (requested by Pederden5)\n|\n|t:|1781380641\n|move|p1a: Sandslash|Iron Head|p2a: Beartic\n|-supereffective|p2a: Beartic\n|-damage|p2a: Beartic|205/321\n|cant|p2a: Beartic|flinch\n|\n|-weather|Snowscape|[upkeep]\n|upkeep\n|turn|3\n|\n|t:|1781380662\n|-terastallize|p1a: Sandslash|Water\n|move|p1a: Sandslash|Iron Head|p2a: Beartic\n|-supereffective|p2a: Beartic\n|-damage|p2a: Beartic|65/321\n|cant|p2a: Beartic|flinch\n|\n|-weather|Snowscape|[upkeep]\n|upkeep\n|turn|4\n|\n|t:|1781380672\n|move|p1a: Sandslash|Iron Head|p2a: Beartic\n|-supereffective|p2a: Beartic\n|-crit|p2a: Beartic\n|-damage|p2a: Beartic|0 fnt\n|faint|p2a: Beartic\n|\n|-weather|Snowscape|[upkeep]\n|upkeep\n|\n|t:|1781380675\n|switch|p2a: Arcanine|Arcanine, L84, F|288/288\n|-ability|p2a: Arcanine|Intimidate|boost\n|-unboost|p1a: Sandslash|atk|1\n|turn|5\n|\n|t:|1781380688\n|switch|p1a: Gardevoir|Gardevoir, L83, M|249/249\n|-ability|p1a: Gardevoir|Intimidate|Trace|[from] ability: Trace|[of] p2a: Arcanine\n|-ability|p1a: Gardevoir|Intimidate|boost\n|-unboost|p2a: Arcanine|atk|1\n|move|p2a: Arcanine|Close Combat|p1a: Gardevoir\n|-resisted|p1a: Gardevoir\n|-crit|p1a: Gardevoir\n|-damage|p1a: Gardevoir|205/249\n|-unboost|p2a: Arcanine|def|1\n|-unboost|p2a: Arcanine|spd|1\n|\n|-weather|none\n|upkeep\n|turn|6\n|\n|t:|1781380698\n|switch|p2a: Frosmoth|Frosmoth, L82, M|249/249\n|move|p1a: Gardevoir|Trick|p2a: Frosmoth\n|-activate|p1a: Gardevoir|move: Trick|[of] p2a: Frosmoth\n|-item|p2a: Frosmoth|Choice Scarf|[from] move: Trick\n|-item|p1a: Gardevoir|Heavy-Duty Boots|[from] move: Trick\n|\n|upkeep\n|turn|7\n|\n|t:|1781380709\n|move|p2a: Frosmoth|Ice Beam|p1a: Gardevoir\n|-damage|p1a: Gardevoir|109/249\n|move|p1a: Gardevoir|Mystical Fire|p2a: Frosmoth\n|-supereffective|p2a: Frosmoth\n|-damage|p2a: Frosmoth|117/249\n|-unboost|p2a: Frosmoth|spa|1\n|\n|upkeep\n|turn|8\n|\n|t:|1781380720\n|switch|p1a: Sandslash|Sandslash-Alola, L88, M, tera:Water|275/275\n|move|p2a: Frosmoth|Ice Beam|p1a: Sandslash\n|-resisted|p1a: Sandslash\n|-damage|p1a: Sandslash|243/275\n|-status|p1a: Sandslash|frz\n|\n|upkeep\n|turn|9\n|\n|t:|1781380732\n|switch|p2a: Veluza|Veluza, L85, F|292/292\n|cant|p1a: Sandslash|frz\n|\n|upkeep\n|turn|10\n|\n|t:|1781380737\n|move|p2a: Veluza|Psycho Cut|p1a: Sandslash\n|-damage|p1a: Sandslash|102/275 frz\n|cant|p1a: Sandslash|frz\n|\n|upkeep\n|turn|11\n|\n|t:|1781380740\n|move|p2a: Veluza|Psycho Cut|p1a: Sandslash\n|-damage|p1a: Sandslash|0 fnt\n|faint|p1a: Sandslash\n|\n|upkeep\n|\n|t:|1781380756\n|switch|p1a: Zamazenta|Zamazenta-Crowned, L68|238/238\n|-ability|p1a: Zamazenta|Dauntless Shield|boost\n|-boost|p1a: Zamazenta|def|1\n|turn|12\n|\n|t:|1781380761\n|move|p1a: Zamazenta|Iron Defense|p1a: Zamazenta\n|-boost|p1a: Zamazenta|def|2\n|move|p2a: Veluza|Psycho Cut|p1a: Zamazenta\n|-damage|p1a: Zamazenta|175/238\n|\n|upkeep\n|turn|13\n|\n|t:|1781380766\n|move|p1a: Zamazenta|Iron Defense|p1a: Zamazenta\n|-boost|p1a: Zamazenta|def|2\n|move|p2a: Veluza|Psycho Cut|p1a: Zamazenta\n|-crit|p1a: Zamazenta\n|-damage|p1a: Zamazenta|0 fnt\n|faint|p1a: Zamazenta\n|\n|upkeep\n|\n|t:|1781380773\n|switch|p1a: Pawmot|Pawmot, L80, M|243/243\n|turn|14\n|\n|t:|1781380779\n|switch|p2a: Arcanine|Arcanine, L84, F|288/288\n|-ability|p2a: Arcanine|Intimidate|boost\n|-unboost|p1a: Pawmot|atk|1\n|move|p1a: Pawmot|Double Shock|p2a: Arcanine\n|-damage|p2a: Arcanine|200/288\n|-start|p1a: Pawmot|typechange|???/Fighting|[from] move: Double Shock\n|\n|upkeep\n|turn|15\n|\n|t:|1781380786\n|move|p1a: Pawmot|Revival Blessing|p1a: Pawmot\n|-enditem|p1a: Pawmot|Leppa Berry|[eat]\n|-activate|p1a: Pawmot|item: Leppa Berry|Revival Blessing|[consumed]\n|\n|t:|1781380793\n|-heal|p1: Zamazenta|119/238|[from] move: Revival Blessing\n|move|p2a: Arcanine|Flare Blitz|p1a: Pawmot\n|-damage|p1a: Pawmot|81/243\n|-damage|p2a: Arcanine|147/288|[from] Recoil\n|\n|upkeep\n|turn|16\n|inactive|WhatEver2102 has 120 seconds left.\n|\n|t:|1781380836\n|switch|p1a: Gardevoir|Gardevoir, L83, M|109/249\n|-ability|p1a: Gardevoir|Intimidate|Trace|[from] ability: Trace|[of] p2a: Arcanine\n|-ability|p1a: Gardevoir|Intimidate|boost\n|-unboost|p2a: Arcanine|atk|1\n|move|p2a: Arcanine|Extreme Speed|p1a: Gardevoir\n|-damage|p1a: Gardevoir|55/249\n|\n|upkeep\n|turn|17\n|inactive|WhatEver2102 has 120 seconds left.\n|\n|t:|1781380846\n|move|p2a: Arcanine|Flare Blitz|p1a: Gardevoir\n|-damage|p1a: Gardevoir|0 fnt\n|faint|p1a: Gardevoir\n|-damage|p2a: Arcanine|129/288|[from] Recoil\n|\n|upkeep\n|inactive|WhatEver2102 has 120 seconds left.\n|\n|t:|1781380859\n|switch|p1a: Haxorus|Haxorus, L77, M|244/244\n|-ability|p1a: Haxorus|Mold Breaker\n|turn|18\n|inactive|WhatEver2102 has 120 seconds left.\n|\n|t:|1781380865\n|switch|p2a: Frosmoth|Frosmoth, L82, M|117/249\n|move|p1a: Haxorus|Dragon Dance|p1a: Haxorus\n|-boost|p1a: Haxorus|atk|1\n|-boost|p1a: Haxorus|spe|1\n|\n|upkeep\n|turn|19\n|\n|t:|1781380870\n|move|p1a: Haxorus|Iron Head|p2a: Frosmoth\n|-supereffective|p2a: Frosmoth\n|-damage|p2a: Frosmoth|0 fnt\n|faint|p2a: Frosmoth\n|\n|upkeep\n|\n|t:|1781380875\n|switch|p2a: Arcanine|Arcanine, L84, F|129/288\n|-ability|p2a: Arcanine|Intimidate|boost\n|-unboost|p1a: Haxorus|atk|1\n|turn|20\n|\n|t:|1781380878\n|move|p1a: Haxorus|Dragon Dance|p1a: Haxorus\n|-boost|p1a: Haxorus|atk|1\n|-boost|p1a: Haxorus|spe|1\n|move|p2a: Arcanine|Close Combat|p1a: Haxorus\n|-damage|p1a: Haxorus|146/244\n|-unboost|p2a: Arcanine|def|1\n|-unboost|p2a: Arcanine|spd|1\n|\n|upkeep\n|turn|21\n|\n|t:|1781380882\n|move|p2a: Arcanine|Extreme Speed|p1a: Haxorus\n|-damage|p1a: Haxorus|74/244\n|move|p1a: Haxorus|Earthquake|p2a: Arcanine\n|-supereffective|p2a: Arcanine\n|-damage|p2a: Arcanine|0 fnt\n|faint|p2a: Arcanine\n|\n|upkeep\n|\n|t:|1781380891\n|switch|p2a: Comfey|Comfey, L85, M|225/225\n|turn|22\n|\n|t:|1781380900\n|move|p1a: Haxorus|Iron Head|p2a: Comfey\n|-supereffective|p2a: Comfey\n|-damage|p2a: Comfey|21/225\n|move|p2a: Comfey|Calm Mind|p2a: Comfey\n|-boost|p2a: Comfey|spa|1\n|-boost|p2a: Comfey|spd|1\n|\n|-heal|p2a: Comfey|35/225|[from] item: Leftovers\n|upkeep\n|turn|23\n|\n|t:|1781380905\n|move|p2a: Comfey|Draining Kiss|p1a: Haxorus\n|-supereffective|p1a: Haxorus\n|-damage|p1a: Haxorus|0 fnt\n|-heal|p2a: Comfey|91/225|[from] drain|[of] p1a: Haxorus\n|faint|p1a: Haxorus\n|\n|-heal|p2a: Comfey|105/225|[from] item: Leftovers\n|upkeep\n|\n|t:|1781380906\n|switch|p1a: Venomoth|Venomoth, L84, F|255/255\n|turn|24\n|\n|t:|1781380915\n|-terastallize|p2a: Comfey|Ground\n|move|p2a: Comfey|Calm Mind|p2a: Comfey\n|-boost|p2a: Comfey|spa|1\n|-boost|p2a: Comfey|spd|1\n|move|p1a: Venomoth|Quiver Dance|p1a: Venomoth\n|-boost|p1a: Venomoth|spa|1\n|-boost|p1a: Venomoth|spd|1\n|-boost|p1a: Venomoth|spe|1\n|\n|-heal|p2a: Comfey|119/225|[from] item: Leftovers\n|upkeep\n|turn|25\n|\n|t:|1781380920\n|move|p1a: Venomoth|Sleep Powder|p2a: Comfey\n|-status|p2a: Comfey|slp|[from] move: Sleep Powder\n|cant|p2a: Comfey|slp\n|\n|-heal|p2a: Comfey|133/225 slp|[from] item: Leftovers\n|upkeep\n|turn|26\n|\n|t:|1781380925\n|move|p1a: Venomoth|Quiver Dance|p1a: Venomoth\n|-boost|p1a: Venomoth|spa|1\n|-boost|p1a: Venomoth|spd|1\n|-boost|p1a: Venomoth|spe|1\n|cant|p2a: Comfey|slp\n|\n|-heal|p2a: Comfey|147/225 slp|[from] item: Leftovers\n|upkeep\n|turn|27\n|\n|t:|1781380930\n|move|p1a: Venomoth|Sludge Wave|p2a: Comfey\n|-resisted|p2a: Comfey\n|-damage|p2a: Comfey|69/225 slp\n|-curestatus|p2a: Comfey|slp|[msg]\n|move|p2a: Comfey|Encore|p1a: Venomoth\n|-start|p1a: Venomoth|Encore\n|\n|-heal|p2a: Comfey|83/225|[from] item: Leftovers\n|upkeep\n|turn|28\n|\n|t:|1781380938\n|move|p1a: Venomoth|Sludge Wave|p2a: Comfey\n|-resisted|p2a: Comfey\n|-damage|p2a: Comfey|5/225\n|move|p2a: Comfey|Tera Blast|p1a: Venomoth|[anim] Tera Blast Ground\n|-damage|p1a: Venomoth|162/255\n|\n|-heal|p2a: Comfey|19/225|[from] item: Leftovers\n|upkeep\n|turn|29\n|\n|t:|1781380944\n|move|p2a: Comfey|Draining Kiss|p1a: Venomoth\n|-resisted|p1a: Venomoth\n|-damage|p1a: Venomoth|135/255\n|-heal|p2a: Comfey|39/225|[from] drain|[of] p1a: Venomoth\n|move|p1a: Venomoth|Sludge Wave|p2a: Comfey\n|-resisted|p2a: Comfey\n|-damage|p2a: Comfey|0 fnt\n|faint|p2a: Comfey\n|\n|upkeep\n|\n|t:|1781380950\n|switch|p2a: Veluza|Veluza, L85, F|292/292\n|turn|30\n|\n|t:|1781380954\n|move|p1a: Venomoth|Sludge Wave|p2a: Veluza\n|-damage|p2a: Veluza|76/292\n|-status|p2a: Veluza|psn\n|move|p2a: Veluza|Psycho Cut|p1a: Venomoth\n|-supereffective|p1a: Venomoth\n|-damage|p1a: Venomoth|0 fnt\n|faint|p1a: Venomoth\n|\n|-damage|p2a: Veluza|40/292 psn|[from] psn\n|upkeep\n|\n|t:|1781380962\n|switch|p1a: Pawmot|Pawmot, L80, M|81/243\n|turn|31\n|\n|t:|1781380968\n|move|p1a: Pawmot|Double Shock|p2a: Veluza\n|-supereffective|p2a: Veluza\n|-damage|p2a: Veluza|0 fnt\n|-start|p1a: Pawmot|typechange|???/Fighting|[from] move: Double Shock\n|faint|p2a: Veluza\n|\n|upkeep\n|\n|t:|1781380970\n|switch|p2a: Wugtrio|Wugtrio, L91, F|212/212\n|turn|32\n|\n|t:|1781380984\n|move|p2a: Wugtrio|Stomping Tantrum|p1a: Pawmot\n|-damage|p1a: Pawmot|0 fnt\n|faint|p1a: Pawmot\n|\n|upkeep\n|\n|t:|1781380987\n|switch|p1a: Zamazenta|Zamazenta-Crowned, L68|119/238\n|turn|33\n|\n|t:|1781380991\n|move|p2a: Wugtrio|Stomping Tantrum|p1a: Zamazenta\n|-supereffective|p1a: Zamazenta\n|-damage|p1a: Zamazenta|0 fnt\n|faint|p1a: Zamazenta\n|\n|win|Pederden5\n", "inputlog": ">version a8376a258c1d4662feba110a92103f3664a72141\n>start {\"formatid\":\"gen9randombattle\",\"seed\":\"sodium,1f43990101b6a26c72773a2e7f8a39bd\",\"rated\":\"Rated battle\"}\n>player p1 {\"name\":\"WhatEver2102\",\"avatar\":\"juan\",\"rating\":1977,\"seed\":\"sodium,c898f1702446fc97fba3a9b39133c153\"}\n>player p2 {\"name\":\"Pederden5\",\"avatar\":\"265\",\"rating\":1939,\"seed\":\"sodium,d74fc492c45670b37284887e6b71a8e3\"}\n>p1 switch 5\n>p2 move snowscape\n>p1 move ironhead\n>p2 move swordsdance\n>p1 move ironhead terastallize\n>p2 move swordsdance\n>p1 move ironhead\n>p2 move earthquake\n>p2 switch 6\n>p1 switch 6\n>p2 move closecombat\n>p1 move trick\n>p2 switch 5\n>p1 move mysticalfire\n>p2 move icebeam\n>p1 switch 6\n>p2 move icebeam\n>p1 move knockoff\n>p2 switch 2\n>p1 move knockoff\n>p2 move psychocut\n>p1 move knockoff\n>p2 move psychocut\n>p1 switch 2\n>p1 move irondefense\n>p2 move psychocut\n>p1 move irondefense\n>p2 move psychocut\n>p1 switch 3\n>p1 move doubleshock\n>p2 switch 5\n>p1 move revivalblessing\n>p2 move flareblitz\n>p1 switch 3\n>p1 switch 6\n>p2 move extremespeed\n>p1 move psychic\n>p2 move flareblitz\n>p1 switch 5\n>p1 move dragondance\n>p2 switch 2\n>p1 move ironhead\n>p2 move icebeam\n>p2 switch 2\n>p1 move dragondance\n>p2 move closecombat\n>p1 move earthquake\n>p2 move extremespeed\n>p2 switch 3\n>p1 move ironhead\n>p2 move calmmind\n>p1 move ironhead\n>p2 move drainingkiss\n>p1 switch 4\n>p1 move quiverdance\n>p2 move calmmind terastallize\n>p1 move sleeppowder\n>p2 move terablast\n>p1 move quiverdance\n>p2 move encore\n>p1 move sludgewave\n>p2 move encore\n>p1 move sludgewave\n>p2 move terablast\n>p1 move sludgewave\n>p2 move drainingkiss\n>p2 switch 5\n>p1 move sludgewave\n>p2 move psychocut\n>p1 switch 6\n>p1 move doubleshock\n>p2 move psychocut\n>p2 switch 4\n>p1 move revivalblessing\n>p2 move stompingtantrum\n>p1 switch 3\n>p1 move bodypress\n>p2 move stompingtantrum", "uploadtime": 1781380623, "views": 11, "formatid": "gen9randombattle", "rating": null, "private": 0, "password": null}