{"id": "gen9randombattle-2631894160", "format": "[Gen 9] Random Battle", "players": ["randomdude8876", "Radiation Poison"], "log": "|j|\u2606randomdude8876\n|j|\u2606Radiation Poison\n|t:|1781452918\n|gametype|singles\n|player|p1|randomdude8876|hiker-gen4|1949\n|player|p2|Radiation Poison|bruno-gen3|1932\n|gen|9\n|tier|[Gen 9] Random Battle\n|rated|\n|rule|Species Clause: Limit one of each Pok\u00e9mon\n|rule|HP Percentage Mod: HP is shown in percentages\n|rule|Sleep Clause Mod: Limit one foe put to sleep\n|rule|Illusion Level Mod: Illusion disguises the Pok\u00e9mon's true level\n|\n|t:|1781452918\n|teamsize|p1|6\n|teamsize|p2|6\n|start\n|switch|p1a: Reuniclus|Reuniclus, L88, M|337/337\n|switch|p2a: Volcarona|Volcarona, L77, F|257/257\n|turn|1\n|inactive|Battle timer is ON: inactive players will automatically lose when time's up. (requested by randomdude8876)\n|inactive|randomdude8876 has 120 seconds left.\n|inactive|Radiation Poison has 120 seconds left.\n|inactive|Radiation Poison has 90 seconds left.\n|\n|t:|1781452981\n|switch|p2a: Brute Bonnet|Brute Bonnet, L80|309/309\n|switch|p1a: Iron Boulder|Iron Boulder, L77|265/265\n|-enditem|p1a: Iron Boulder|Booster Energy\n|-activate|p1a: Iron Boulder|ability: Quark Drive|[fromitem]\n|-start|p1a: Iron Boulder|quarkdrivespe\n|\n|upkeep\n|turn|2\n|\n|t:|1781453002\n|move|p1a: Iron Boulder|Close Combat|p2a: Brute Bonnet\n|-supereffective|p2a: Brute Bonnet\n|-damage|p2a: Brute Bonnet|135/309\n|-unboost|p1a: Iron Boulder|def|1\n|-unboost|p1a: Iron Boulder|spd|1\n|move|p2a: Brute Bonnet|Crunch|p1a: Iron Boulder\n|-supereffective|p1a: Iron Boulder\n|-damage|p1a: Iron Boulder|0 fnt\n|faint|p1a: Iron Boulder\n|-end|p1a: Iron Boulder|Quark Drive|[silent]\n|\n|-heal|p2a: Brute Bonnet|154/309|[from] item: Leftovers\n|upkeep\n|\n|t:|1781453009\n|switch|p1a: Spidops|Spidops, L96, F|271/271\n|turn|3\n|\n|t:|1781453022\n|move|p2a: Brute Bonnet|Spore|p1a: Spidops\n|-status|p1a: Spidops|slp|[from] move: Spore\n|cant|p1a: Spidops|slp\n|\n|-heal|p2a: Brute Bonnet|173/309|[from] item: Leftovers\n|upkeep\n|turn|4\n|\n|t:|1781453032\n|-end|p2a: Brute Bonnet|Protosynthesis|[silent]\n|switch|p2a: Volcarona|Volcarona, L77, F|257/257\n|cant|p1a: Spidops|slp\n|\n|upkeep\n|turn|5\n|\n|t:|1781453036\n|move|p2a: Volcarona|Fire Blast|p1a: Spidops\n|-supereffective|p1a: Spidops\n|-damage|p1a: Spidops|47/271 slp\n|cant|p1a: Spidops|slp\n|\n|upkeep\n|turn|6\n|\n|t:|1781453046\n|move|p2a: Volcarona|Fire Blast|p1a: Spidops\n|-supereffective|p1a: Spidops\n|-damage|p1a: Spidops|0 fnt\n|faint|p1a: Spidops\n|\n|upkeep\n|\n|t:|1781453069\n|switch|p1a: Volcarona|Volcarona, L77, M|257/257\n|turn|7\n|\n|t:|1781453085\n|switch|p2a: Camerupt|Camerupt, L91, M|275/275\n|move|p1a: Volcarona|Quiver Dance|p1a: Volcarona\n|-boost|p1a: Volcarona|spa|1\n|-boost|p1a: Volcarona|spd|1\n|-boost|p1a: Volcarona|spe|1\n|\n|upkeep\n|turn|8\n|\n|t:|1781453098\n|-terastallize|p1a: Volcarona|Water\n|move|p1a: Volcarona|Quiver Dance|p1a: Volcarona\n|-boost|p1a: Volcarona|spa|1\n|-boost|p1a: Volcarona|spd|1\n|-boost|p1a: Volcarona|spe|1\n|move|p2a: Camerupt|Earthquake|p1a: Volcarona\n|-damage|p1a: Volcarona|97/257\n|\n|upkeep\n|turn|9\n|\n|t:|1781453106\n|-terastallize|p2a: Camerupt|Grass\n|move|p1a: Volcarona|Tera Blast|p2a: Camerupt|[anim] Tera Blast Water\n|-resisted|p2a: Camerupt\n|-crit|p2a: Camerupt\n|-damage|p2a: Camerupt|128/275\n|move|p2a: Camerupt|Earthquake|p1a: Volcarona\n|-damage|p1a: Volcarona|0 fnt\n|faint|p1a: Volcarona\n|\n|-heal|p2a: Camerupt|145/275|[from] item: Leftovers\n|upkeep\n|\n|t:|1781453117\n|switch|p1a: Sinistcha|Sinistcha-Masterpiece, L83|254/254\n|turn|10\n|\n|t:|1781453124\n|move|p1a: Sinistcha|Calm Mind|p1a: Sinistcha\n|-boost|p1a: Sinistcha|spa|1\n|-boost|p1a: Sinistcha|spd|1\n|move|p2a: Camerupt|Stealth Rock|p1a: Sinistcha\n|-sidestart|p1: randomdude8876|move: Stealth Rock\n|\n|-heal|p2a: Camerupt|162/275|[from] item: Leftovers\n|upkeep\n|turn|11\n|\n|t:|1781453128\n|move|p1a: Sinistcha|Calm Mind|p1a: Sinistcha\n|-boost|p1a: Sinistcha|spa|1\n|-boost|p1a: Sinistcha|spd|1\n|move|p2a: Camerupt|Roar|p1a: Sinistcha\n|drag|p1a: Reuniclus|Reuniclus, L88, M|337/337\n|\n|-heal|p2a: Camerupt|179/275|[from] item: Leftovers\n|upkeep\n|turn|12\n|\n|t:|1781453135\n|move|p2a: Camerupt|Earthquake|p1a: Reuniclus\n|-damage|p1a: Reuniclus|198/337\n|move|p1a: Reuniclus|Psychic|p2a: Camerupt\n|-damage|p2a: Camerupt|0 fnt\n|faint|p2a: Camerupt\n|\n|upkeep\n|\n|t:|1781453145\n|switch|p2a: Brute Bonnet|Brute Bonnet, L80|173/309\n|turn|13\n|\n|t:|1781453152\n|switch|p1a: Cobalion|Cobalion, L80|277/277\n|-damage|p1a: Cobalion|269/277|[from] Stealth Rock\n|move|p2a: Brute Bonnet|Crunch|p1a: Cobalion\n|-resisted|p1a: Cobalion\n|-damage|p1a: Cobalion|230/277\n|-ability|p1a: Cobalion|Justified|boost\n|-boost|p1a: Cobalion|atk|1\n|\n|-heal|p2a: Brute Bonnet|192/309|[from] item: Leftovers\n|upkeep\n|turn|14\n|\n|t:|1781453165\n|-end|p2a: Brute Bonnet|Protosynthesis|[silent]\n|switch|p2a: Volcarona|Volcarona, L77, F|257/257\n|move|p1a: Cobalion|Close Combat|p2a: Volcarona\n|-resisted|p2a: Volcarona\n|-damage|p2a: Volcarona|121/257\n|-unboost|p1a: Cobalion|def|1\n|-unboost|p1a: Cobalion|spd|1\n|-damage|p1a: Cobalion|203/277|[from] item: Life Orb\n|\n|upkeep\n|turn|15\n|\n|t:|1781453173\n|move|p1a: Cobalion|Stone Edge|p2a: Volcarona\n|-supereffective|p2a: Volcarona\n|-damage|p2a: Volcarona|0 fnt\n|faint|p2a: Volcarona\n|-damage|p1a: Cobalion|176/277|[from] item: Life Orb\n|\n|upkeep\n|\n|t:|1781453183\n|switch|p2a: Dragapult|Dragapult, L77, F|262/262\n|turn|16\n|\n|t:|1781453192\n|move|p2a: Dragapult|Shadow Ball|p1a: Cobalion\n|-damage|p1a: Cobalion|0 fnt\n|faint|p1a: Cobalion\n|\n|upkeep\n|-message|randomdude8876 forfeited.\n|\n|win|Radiation Poison\n", "inputlog": ">version a8376a258c1d4662feba110a92103f3664a72141\n>start {\"formatid\":\"gen9randombattle\",\"seed\":\"sodium,b1e8b8c0fb5b59b0f647e9a53d2f703b\",\"rated\":\"Rated battle\"}\n>player p1 {\"name\":\"randomdude8876\",\"avatar\":\"hiker-gen4\",\"rating\":1949,\"seed\":\"sodium,c43dba4e1bdbf807aa95ab82ed63ca68\"}\n>player p2 {\"name\":\"Radiation Poison\",\"avatar\":\"bruno-gen3\",\"rating\":1932,\"seed\":\"sodium,c0543d9311f3622b140ac52169b31ade\"}\n>p1 switch 4\n>p2 switch 5\n>p1 move closecombat\n>p2 move crunch\n>p1 switch 2\n>p1 move stickyweb\n>p2 move spore\n>p1 move stickyweb\n>p2 switch 5\n>p1 move stickyweb\n>p2 move fireblast\n>p1 move stickyweb\n>p2 move fireblast\n>p1 switch 6\n>p1 move quiverdance\n>p2 switch 2\n>p1 move quiverdance terastallize\n>p2 move earthquake\n>p1 move terablast\n>p2 move earthquake terastallize\n>p1 switch 3\n>p1 move calmmind\n>p2 move stealthrock\n>p1 move calmmind\n>p2 move roar\n>p1 move psychic\n>p2 move earthquake\n>p2 switch 5\n>p1 switch 5\n>p2 move crunch\n>p1 move closecombat\n>p2 switch 2\n>p1 move stoneedge\n>p2 move quiverdance\n>p2 switch 4\n>p1 move stoneedge\n>p2 move shadowball\n>forcelose p1", "uploadtime": 1781452920, "views": 11, "formatid": "gen9randombattle", "rating": null, "private": 0, "password": null}