{"id": "gen9randombattle-2631921994", "format": "[Gen 9] Random Battle", "players": ["TransGirlFromHell", "Nursey 29"], "log": "|j|\u2606TransGirlFromHell\n|j|\u2606Nursey 29\n|t:|1781455918\n|gametype|singles\n|player|p1|TransGirlFromHell|candice|1910\n|player|p2|Nursey 29|lucas|1972\n|gen|9\n|tier|[Gen 9] Random Battle\n|rated|\n|rule|Species Clause: Limit one of each Pok\u00e9mon\n|rule|HP Percentage Mod: HP is shown in percentages\n|rule|Sleep Clause Mod: Limit one foe put to sleep\n|rule|Illusion Level Mod: Illusion disguises the Pok\u00e9mon's true level\n|\n|t:|1781455918\n|teamsize|p1|6\n|teamsize|p2|6\n|start\n|switch|p1a: Magearna|Magearna-Original, L77|250/250\n|switch|p2a: Toucannon|Toucannon, L88, M|284/284\n|turn|1\n|\n|t:|1781455934\n|switch|p2a: Gliscor|Gliscor, L76, F|239/239\n|move|p1a: Magearna|Shift Gear|p1a: Magearna\n|-boost|p1a: Magearna|spe|2\n|-boost|p1a: Magearna|atk|1\n|\n|-status|p2a: Gliscor|tox|[from] item: Toxic Orb\n|upkeep\n|turn|2\n|\n|t:|1781455942\n|move|p1a: Magearna|Calm Mind|p1a: Magearna\n|-boost|p1a: Magearna|spa|1\n|-boost|p1a: Magearna|spd|1\n|move|p2a: Gliscor|Earthquake|p1a: Magearna\n|-supereffective|p1a: Magearna\n|-damage|p1a: Magearna|92/250\n|\n|-heal|p1a: Magearna|107/250|[from] item: Leftovers\n|upkeep\n|turn|3\n|\n|t:|1781455949\n|move|p1a: Magearna|Fleur Cannon|p2a: Gliscor\n|-damage|p2a: Gliscor|0 fnt\n|-unboost|p1a: Magearna|spa|2\n|faint|p2a: Gliscor\n|-ability|p1a: Magearna|Soul-Heart|boost\n|-boost|p1a: Magearna|spa|1\n|\n|-heal|p1a: Magearna|122/250|[from] item: Leftovers\n|upkeep\n|\n|t:|1781455959\n|switch|p2a: Toxicroak|Toxicroak, L84, M|277/277\n|turn|4\n|\n|t:|1781455963\n|move|p1a: Magearna|Fleur Cannon|p2a: Toxicroak\n|-damage|p2a: Toxicroak|90/277\n|-unboost|p1a: Magearna|spa|2\n|move|p2a: Toxicroak|Close Combat|p1a: Magearna\n|-damage|p1a: Magearna|0 fnt\n|-unboost|p2a: Toxicroak|def|1\n|-unboost|p2a: Toxicroak|spd|1\n|faint|p1a: Magearna\n|-damage|p2a: Toxicroak|63/277|[from] item: Life Orb\n|\n|upkeep\n|\n|t:|1781455973\n|switch|p1a: Girafarig|Girafarig, L89, M|269/269\n|turn|5\n|\n|t:|1781455980\n|switch|p2a: Sandslash|Sandslash-Alola, L88, F|275/275\n|move|p1a: Girafarig|Hyper Voice|p2a: Sandslash\n|-resisted|p2a: Sandslash\n|-damage|p2a: Sandslash|216/275\n|\n|upkeep\n|turn|6\n|\n|t:|1781455987\n|move|p1a: Girafarig|Nasty Plot|p1a: Girafarig\n|-boost|p1a: Girafarig|spa|2\n|move|p2a: Sandslash|Triple Axel|p1a: Girafarig\n|-damage|p1a: Girafarig|242/269\n|-damage|p1a: Girafarig|190/269\n|-damage|p1a: Girafarig|119/269\n|-hitcount|p1a: Girafarig|3\n|-damage|p2a: Sandslash|189/275|[from] item: Life Orb\n|\n|upkeep\n|turn|7\n|\n|t:|1781455996\n|move|p1a: Girafarig|Thunderbolt|p2a: Sandslash\n|-damage|p2a: Sandslash|33/275\n|move|p2a: Sandslash|Triple Axel|p1a: Girafarig\n|-damage|p1a: Girafarig|92/269\n|-damage|p1a: Girafarig|40/269\n|-damage|p1a: Girafarig|0 fnt\n|faint|p1a: Girafarig\n|-hitcount|p1: Girafarig|3\n|-damage|p2a: Sandslash|6/275|[from] item: Life Orb\n|\n|upkeep\n|\n|t:|1781456001\n|switch|p1a: Espeon|Espeon, L84, M|246/246\n|turn|8\n|\n|t:|1781456007\n|move|p2a: Sandslash|Ice Shard|p1a: Espeon\n|-damage|p1a: Espeon|171/246\n|-damage|p2a: Sandslash|0 fnt|[from] item: Life Orb\n|faint|p2a: Sandslash\n|move|p1a: Espeon|Psychic|p2: Sandslash|[notarget]\n|-fail|p1a: Espeon\n|\n|upkeep\n|\n|t:|1781456015\n|switch|p2a: Kleavor|Kleavor, L78, F|237/237\n|turn|9\n|\n|t:|1781456021\n|move|p1a: Espeon|Calm Mind|p1a: Espeon\n|-boost|p1a: Espeon|spa|1\n|-boost|p1a: Espeon|spd|1\n|move|p2a: Kleavor|U-turn|p1a: Espeon\n|-supereffective|p1a: Espeon\n|-damage|p1a: Espeon|0 fnt\n|faint|p1a: Espeon\n|\n|t:|1781456031\n|switch|p2a: Toucannon|Toucannon, L88, M|284/284|[from] U-turn\n|\n|upkeep\n|\n|t:|1781456034\n|switch|p1a: Torkoal|Torkoal, L88, M|266/266\n|-weather|SunnyDay|[from] ability: Drought|[of] p1a: Torkoal\n|turn|10\n|\n|t:|1781456039\n|move|p2a: Toucannon|Boomburst|p1a: Torkoal\n|-damage|p1a: Torkoal|110/266\n|move|p1a: Torkoal|Yawn|p2a: Toucannon\n|-start|p2a: Toucannon|move: Yawn|[of] p1a: Torkoal\n|\n|-weather|SunnyDay|[upkeep]\n|upkeep\n|turn|11\n|\n|t:|1781456048\n|move|p2a: Toucannon|Boomburst|p1a: Torkoal\n|-damage|p1a: Torkoal|0 fnt\n|faint|p1a: Torkoal\n|\n|-weather|SunnyDay|[upkeep]\n|-end|p2a: Toucannon|move: Yawn|[silent]\n|-status|p2a: Toucannon|slp\n|upkeep\n|\n|t:|1781456053\n|switch|p1a: Comfey|Comfey, L85, M|225/225\n|turn|12\n|\n|t:|1781456057\n|switch|p2a: Glastrier|Glastrier, L86|311/311\n|move|p1a: Comfey|Calm Mind|p1a: Comfey\n|-boost|p1a: Comfey|spa|1\n|-boost|p1a: Comfey|spd|1\n|\n|-weather|SunnyDay|[upkeep]\n|upkeep\n|turn|13\n|\n|t:|1781456065\n|-terastallize|p1a: Comfey|Ground\n|move|p1a: Comfey|Calm Mind|p1a: Comfey\n|-boost|p1a: Comfey|spa|1\n|-boost|p1a: Comfey|spd|1\n|move|p2a: Glastrier|Icicle Crash|p1a: Comfey\n|-supereffective|p1a: Comfey\n|-damage|p1a: Comfey|0 fnt\n|faint|p1a: Comfey\n|-ability|p2a: Glastrier|Chilling Neigh|boost\n|-boost|p2a: Glastrier|atk|1\n|\n|-weather|SunnyDay|[upkeep]\n|upkeep\n|c|\u2606TransGirlFromHell|nice read\n|c|\u2606TransGirlFromHell|ggs wp\n|\n|t:|1781456072\n|switch|p1a: Koraidon|Koraidon, L64|235/235\n|-activate|p1a: Koraidon|ability: Orichalcum Pulse\n|turn|14\n|c|\u2606Nursey 29|gg\n|\n|t:|1781456079\n|-terastallize|p2a: Glastrier|Fighting\n|move|p1a: Koraidon|Collision Course|p2a: Glastrier\n|-damage|p2a: Glastrier|232/311\n|move|p2a: Glastrier|Icicle Crash|p1a: Koraidon\n|-supereffective|p1a: Koraidon\n|-damage|p1a: Koraidon|0 fnt\n|faint|p1a: Koraidon\n|\n|win|Nursey 29\n", "inputlog": ">version a8376a258c1d4662feba110a92103f3664a72141\n>start {\"formatid\":\"gen9randombattle\",\"seed\":\"sodium,c8dd93dc46cb027fa5de9914336f176a\",\"rated\":\"Rated battle\"}\n>player p1 {\"name\":\"TransGirlFromHell\",\"avatar\":\"candice\",\"rating\":1910,\"seed\":\"sodium,ffa757bce6f42a4c491939cdbc042128\"}\n>player p2 {\"name\":\"Nursey 29\",\"avatar\":\"lucas\",\"rating\":1972,\"seed\":\"sodium,ec5cc66f16fee5a8dac0a6138f431c5f\"}\n>p1 move shiftgear\n>p2 switch 6\n>p1 move calmmind\n>p2 move earthquake\n>p1 move fleurcannon\n>p2 move earthquake\n>p2 switch 2\n>p1 move fleurcannon\n>p2 move closecombat\n>p1 switch 4\n>p1 move hypervoice\n>p2 switch 5\n>p1 move nastyplot\n>p2 move tripleaxel\n>p1 move thunderbolt\n>p2 move tripleaxel\n>p1 switch 6\n>p1 move psychic\n>p2 move iceshard\n>p2 switch 3\n>p1 move calmmind\n>p2 move uturn\n>p2 switch 6\n>p1 switch 2\n>p1 move yawn\n>p2 move boomburst\n>p1 move lavaplume\n>p2 move boomburst\n>p1 switch 3\n>p1 move calmmind\n>p2 switch 4\n>p1 move calmmind terastallize\n>p2 move iciclecrash\n>chat \u2606TransGirlFromHell|nice read\n>chat \u2606TransGirlFromHell|ggs wp\n>p1 switch 5\n>chat \u2606Nursey 29|gg\n>p1 move collisioncourse\n>p2 move iciclecrash terastallize", "uploadtime": 1781455919, "views": 7, "formatid": "gen9randombattle", "rating": null, "private": 0, "password": null}