{"id": "gen9randombattle-2631631176", "format": "[Gen 9] Random Battle", "players": ["BenoliBenoli", "moomoo798"], "log": "|j|\u2606BenoliBenoli\n|j|\u2606moomoo798\n|t:|1781411717\n|gametype|singles\n|player|p1|BenoliBenoli|102|2008\n|player|p2|moomoo798|jasmine|1995\n|gen|9\n|tier|[Gen 9] Random Battle\n|rated|\n|rule|Species Clause: Limit one of each Pok\u00e9mon\n|rule|HP Percentage Mod: HP is shown in percentages\n|rule|Sleep Clause Mod: Limit one foe put to sleep\n|rule|Illusion Level Mod: Illusion disguises the Pok\u00e9mon's true level\n|\n|t:|1781411717\n|teamsize|p1|6\n|teamsize|p2|6\n|start\n|switch|p1a: Scizor|Scizor, L79, M|240/240\n|switch|p2a: Yanmega|Yanmega, L82, F|275/275\n|turn|1\n|inactive|Battle timer is ON: inactive players will automatically lose when time's up. (requested by moomoo798)\n|j| xiaozenguu\n|inactive|moomoo798 has 120 seconds left.\n|\n|t:|1781411753\n|switch|p1a: Dedenne|Dedenne, L88, F|261/261\n|move|p2a: Yanmega|Air Slash|p1a: Dedenne\n|-resisted|p1a: Dedenne\n|-damage|p1a: Dedenne|107/261\n|-enditem|p1a: Dedenne|Sitrus Berry|[eat]\n|-heal|p1a: Dedenne|172/261|[from] item: Sitrus Berry\n|-heal|p1a: Dedenne|259/261|[from] ability: Cheek Pouch\n|\n|upkeep\n|turn|2\n|\n|t:|1781411764\n|switch|p2a: Gogoat|Gogoat, L88, F|360/360\n|move|p1a: Dedenne|Thunderbolt|p2a: Gogoat\n|-resisted|p2a: Gogoat\n|-damage|p2a: Gogoat|312/360\n|\n|-heal|p2a: Gogoat|334/360|[from] item: Leftovers\n|upkeep\n|turn|3\n|\n|t:|1781411768\n|move|p1a: Dedenne|U-turn|p2a: Gogoat\n|-supereffective|p2a: Gogoat\n|-damage|p2a: Gogoat|236/360\n|\n|t:|1781411769\n|switch|p1a: Swalot|Swalot, L90, F|326/326|[from] U-turn\n|move|p2a: Gogoat|Earthquake|p1a: Swalot\n|-supereffective|p1a: Swalot\n|-damage|p1a: Swalot|174/326\n|\n|-heal|p2a: Gogoat|258/360|[from] item: Leftovers\n|-heal|p1a: Swalot|194/326|[from] item: Leftovers\n|upkeep\n|turn|4\n|\n|t:|1781411785\n|move|p2a: Gogoat|Bulk Up|p2a: Gogoat\n|-boost|p2a: Gogoat|atk|1\n|-boost|p2a: Gogoat|def|1\n|move|p1a: Swalot|Knock Off|p2a: Gogoat\n|-damage|p2a: Gogoat|201/360\n|-enditem|p2a: Gogoat|Leftovers|[from] move: Knock Off|[of] p1a: Swalot\n|\n|-heal|p1a: Swalot|214/326|[from] item: Leftovers\n|upkeep\n|turn|5\n|\n|t:|1781411788\n|move|p2a: Gogoat|Earthquake|p1a: Swalot\n|-supereffective|p1a: Swalot\n|-damage|p1a: Swalot|0 fnt\n|faint|p1a: Swalot\n|\n|upkeep\n|\n|t:|1781411797\n|switch|p1a: Lurantis|Lurantis, L87, M|264/264\n|turn|6\n|\n|t:|1781411824\n|switch|p2a: Swalot|Swalot, L90, F|326/326\n|move|p1a: Lurantis|Superpower|p2a: Swalot\n|-resisted|p2a: Swalot\n|-damage|p2a: Swalot|281/326\n|-boost|p1a: Lurantis|atk|1\n|-boost|p1a: Lurantis|def|1\n|\n|-heal|p2a: Swalot|301/326|[from] item: Leftovers\n|upkeep\n|turn|7\n|\n|t:|1781411831\n|switch|p1a: Swampert|Swampert, L83, F|302/302\n|move|p2a: Swalot|Sludge Bomb|p1a: Swampert\n|-resisted|p1a: Swampert\n|-damage|p1a: Swampert|257/302\n|\n|-heal|p2a: Swalot|321/326|[from] item: Leftovers\n|-heal|p1a: Swampert|275/302|[from] item: Leftovers\n|upkeep\n|turn|8\n|\n|t:|1781411837\n|switch|p2a: Gogoat|Gogoat, L88, F|201/360\n|move|p1a: Swampert|Stealth Rock|p2a: Gogoat\n|-sidestart|p2: moomoo798|move: Stealth Rock\n|\n|-heal|p1a: Swampert|293/302|[from] item: Leftovers\n|upkeep\n|turn|9\n|\n|t:|1781411843\n|switch|p1a: Lurantis|Lurantis, L87, M|264/264\n|move|p2a: Gogoat|Milk Drink|p2a: Gogoat\n|-heal|p2a: Gogoat|360/360\n|\n|upkeep\n|turn|10\n|\n|t:|1781411847\n|switch|p2a: Swalot|Swalot, L90, F|321/326\n|-damage|p2a: Swalot|281/326|[from] Stealth Rock\n|move|p1a: Lurantis|Superpower|p2a: Swalot\n|-resisted|p2a: Swalot\n|-damage|p2a: Swalot|237/326\n|-boost|p1a: Lurantis|atk|1\n|-boost|p1a: Lurantis|def|1\n|\n|-heal|p2a: Swalot|257/326|[from] item: Leftovers\n|upkeep\n|turn|11\n|\n|t:|1781411850\n|switch|p1a: Swampert|Swampert, L83, F|293/302\n|move|p2a: Swalot|Toxic|p1a: Swampert\n|-status|p1a: Swampert|tox\n|\n|-heal|p2a: Swalot|277/326|[from] item: Leftovers\n|-heal|p1a: Swampert|302/302 tox|[from] item: Leftovers\n|-damage|p1a: Swampert|284/302 tox|[from] psn\n|upkeep\n|turn|12\n|\n|t:|1781411853\n|move|p2a: Swalot|Protect|p2a: Swalot\n|-singleturn|p2a: Swalot|Protect\n|move|p1a: Swampert|Ice Beam|p2a: Swalot\n|-activate|p2a: Swalot|move: Protect\n|\n|-heal|p2a: Swalot|297/326|[from] item: Leftovers\n|-heal|p1a: Swampert|302/302 tox|[from] item: Leftovers\n|-damage|p1a: Swampert|266/302 tox|[from] psn\n|upkeep\n|turn|13\n|\n|t:|1781411859\n|switch|p2a: Dachsbun|Dachsbun, L92, F|254/254\n|-damage|p2a: Dachsbun|223/254|[from] Stealth Rock\n|move|p1a: Swampert|Earthquake|p2a: Dachsbun\n|-damage|p2a: Dachsbun|133/254\n|\n|-heal|p2a: Dachsbun|148/254|[from] item: Leftovers\n|-heal|p1a: Swampert|284/302 tox|[from] item: Leftovers\n|-damage|p1a: Swampert|230/302 tox|[from] psn\n|upkeep\n|turn|14\n|\n|t:|1781411865\n|switch|p1a: Scizor|Scizor, L79, M|240/240\n|move|p2a: Dachsbun|Wish|p2a: Dachsbun\n|\n|-heal|p2a: Dachsbun|163/254|[from] item: Leftovers\n|upkeep\n|turn|15\n|inactive|moomoo798 has 120 seconds left.\n|\n|t:|1781411908\n|switch|p2a: Swalot|Swalot, L90, F|297/326\n|-damage|p2a: Swalot|257/326|[from] Stealth Rock\n|move|p1a: Scizor|Swords Dance|p1a: Scizor\n|-boost|p1a: Scizor|atk|2\n|\n|-heal|p2a: Swalot|326/326|[from] move: Wish|[wisher] Dachsbun\n|upkeep\n|turn|16\n|\n|t:|1781411927\n|switch|p2a: Gogoat|Gogoat, L88, F|360/360\n|-damage|p2a: Gogoat|315/360|[from] Stealth Rock\n|move|p1a: Scizor|Knock Off|p2a: Gogoat\n|-damage|p2a: Gogoat|154/360\n|-damage|p1a: Scizor|216/240|[from] item: Life Orb\n|\n|upkeep\n|turn|17\n|\n|t:|1781411934\n|move|p2a: Gogoat|Earthquake|p1a: Scizor\n|-damage|p1a: Scizor|133/240\n|move|p1a: Scizor|Bug Bite|p2a: Gogoat\n|-supereffective|p2a: Gogoat\n|-damage|p2a: Gogoat|0 fnt\n|faint|p2a: Gogoat\n|-damage|p1a: Scizor|109/240|[from] item: Life Orb\n|\n|upkeep\n|\n|t:|1781411944\n|switch|p2a: Minun|Minun, L95, M|268/268\n|-damage|p2a: Minun|235/268|[from] Stealth Rock\n|turn|18\n|\n|t:|1781411949\n|switch|p1a: Swampert|Swampert, L83, F|230/302 tox\n|move|p2a: Minun|Thunderbolt|p1a: Swampert\n|-immune|p1a: Swampert\n|\n|-heal|p1a: Swampert|248/302 tox|[from] item: Leftovers\n|-damage|p1a: Swampert|230/302 tox|[from] psn\n|upkeep\n|turn|19\n|inactive|moomoo798 has 120 seconds left.\n|inactive|moomoo798 has 90 seconds left.\n|\n|t:|1781411984\n|switch|p2a: Dachsbun|Dachsbun, L92, F|163/254\n|-damage|p2a: Dachsbun|132/254|[from] Stealth Rock\n|move|p1a: Swampert|Ice Beam|p2a: Dachsbun\n|-damage|p2a: Dachsbun|78/254\n|\n|-heal|p2a: Dachsbun|93/254|[from] item: Leftovers\n|-heal|p1a: Swampert|248/302 tox|[from] item: Leftovers\n|-damage|p1a: Swampert|212/302 tox|[from] psn\n|upkeep\n|turn|20\n|\n|t:|1781411990\n|move|p2a: Dachsbun|Wish|p2a: Dachsbun\n|move|p1a: Swampert|Earthquake|p2a: Dachsbun\n|-damage|p2a: Dachsbun|11/254\n|\n|-heal|p2a: Dachsbun|26/254|[from] item: Leftovers\n|-heal|p1a: Swampert|230/302 tox|[from] item: Leftovers\n|-damage|p1a: Swampert|176/302 tox|[from] psn\n|upkeep\n|turn|21\n|\n|t:|1781411996\n|switch|p1a: Scizor|Scizor, L79, M|109/240\n|move|p2a: Dachsbun|Protect||[still]\n|-fail|p2a: Dachsbun\n|\n|-heal|p2a: Dachsbun|153/254|[from] move: Wish|[wisher] Dachsbun\n|-heal|p2a: Dachsbun|168/254|[from] item: Leftovers\n|upkeep\n|turn|22\n|\n|t:|1781412007\n|move|p2a: Dachsbun|Play Rough|p1a: Scizor\n|-resisted|p1a: Scizor\n|-damage|p1a: Scizor|64/240\n|move|p1a: Scizor|Knock Off|p2a: Dachsbun\n|-resisted|p2a: Dachsbun\n|-damage|p2a: Dachsbun|129/254\n|-enditem|p2a: Dachsbun|Leftovers|[from] move: Knock Off|[of] p1a: Scizor\n|-damage|p1a: Scizor|40/240|[from] item: Life Orb\n|\n|upkeep\n|turn|23\n|\n|t:|1781412022\n|switch|p2a: Minun|Minun, L95, M|235/268\n|-damage|p2a: Minun|202/268|[from] Stealth Rock\n|move|p1a: Scizor|Bullet Punch|p2a: Minun\n|-resisted|p2a: Minun\n|-damage|p2a: Minun|144/268\n|-damage|p1a: Scizor|16/240|[from] item: Life Orb\n|\n|upkeep\n|turn|24\n|\n|t:|1781412028\n|move|p1a: Scizor|Bullet Punch|p2a: Minun\n|-resisted|p2a: Minun\n|-damage|p2a: Minun|79/268\n|-damage|p1a: Scizor|0 fnt|[from] item: Life Orb\n|faint|p1a: Scizor\n|move|p2a: Minun|Alluring Voice|p1: Scizor|[notarget]\n|-fail|p2a: Minun\n|\n|upkeep\n|\n|t:|1781412034\n|switch|p1a: Barraskewda|Barraskewda, L81, F|231/231\n|turn|25\n|\n|t:|1781412037\n|move|p1a: Barraskewda|Flip Turn|p2a: Minun\n|-damage|p2a: Minun|0 fnt\n|faint|p2a: Minun\n|l|\u2606BenoliBenoli\n|inactive|BenoliBenoli disconnected and has a minute to reconnect!\n|player|p1|\n|inactive|BenoliBenoli has 30 seconds to reconnect!\n|j|\u2606BenoliBenoli\n|inactive|BenoliBenoli reconnected and has 115 seconds left.\n|player|p1|BenoliBenoli|102|\n|\n|t:|1781412076\n|switch|p1a: Dedenne|Dedenne, L88, F|259/261|[from] Flip Turn\n|\n|upkeep\n|inactive|moomoo798 has 120 seconds left.\n|\n|t:|1781412108\n|switch|p2a: Dachsbun|Dachsbun, L92, F|129/254\n|-damage|p2a: Dachsbun|98/254|[from] Stealth Rock\n|turn|26\n|\n|t:|1781412111\n|move|p1a: Dedenne|Thunderbolt|p2a: Dachsbun\n|-damage|p2a: Dachsbun|13/254\n|move|p2a: Dachsbun|Wish|p2a: Dachsbun\n|\n|upkeep\n|turn|27\n|\n|t:|1781412117\n|move|p2a: Dachsbun|Protect|p2a: Dachsbun\n|-singleturn|p2a: Dachsbun|Protect\n|move|p1a: Dedenne|U-turn|p2a: Dachsbun\n|-activate|p2a: Dachsbun|move: Protect\n|\n|-heal|p2a: Dachsbun|140/254|[from] move: Wish|[wisher] Dachsbun\n|upkeep\n|turn|28\n|\n|t:|1781412120\n|move|p1a: Dedenne|Thunderbolt|p2a: Dachsbun\n|-damage|p2a: Dachsbun|56/254\n|move|p2a: Dachsbun|Wish|p2a: Dachsbun\n|\n|upkeep\n|turn|29\n|\n|t:|1781412125\n|move|p2a: Dachsbun|Protect|p2a: Dachsbun\n|-singleturn|p2a: Dachsbun|Protect\n|move|p1a: Dedenne|Thunderbolt|p2a: Dachsbun\n|-activate|p2a: Dachsbun|move: Protect\n|\n|-heal|p2a: Dachsbun|183/254|[from] move: Wish|[wisher] Dachsbun\n|upkeep\n|turn|30\n|\n|t:|1781412128\n|move|p1a: Dedenne|Thunderbolt|p2a: Dachsbun\n|-damage|p2a: Dachsbun|87/254\n|move|p2a: Dachsbun|Wish|p2a: Dachsbun\n|\n|upkeep\n|turn|31\n|\n|t:|1781412132\n|move|p2a: Dachsbun|Protect|p2a: Dachsbun\n|-singleturn|p2a: Dachsbun|Protect\n|move|p1a: Dedenne|Thunderbolt|p2a: Dachsbun\n|-activate|p2a: Dachsbun|move: Protect\n|\n|-heal|p2a: Dachsbun|214/254|[from] move: Wish|[wisher] Dachsbun\n|upkeep\n|turn|32\n|inactive|moomoo798 has 120 seconds left.\n|\n|t:|1781412176\n|switch|p2a: Victreebel|Victreebel, L90, F|290/290\n|-damage|p2a: Victreebel|254/290|[from] Stealth Rock\n|move|p1a: Dedenne|Thunderbolt|p2a: Victreebel\n|-resisted|p2a: Victreebel\n|-damage|p2a: Victreebel|206/290\n|\n|upkeep\n|turn|33\n|\n|t:|1781412181\n|move|p1a: Dedenne|U-turn|p2a: Victreebel\n|-damage|p2a: Victreebel|159/290\n|\n|t:|1781412182\n|switch|p1a: Swampert|Swampert, L83, F|176/302 tox|[from] U-turn\n|move|p2a: Victreebel|Sunny Day|p2a: Victreebel\n|-weather|SunnyDay\n|\n|-weather|SunnyDay|[upkeep]\n|-heal|p1a: Swampert|194/302 tox|[from] item: Leftovers\n|-damage|p1a: Swampert|176/302 tox|[from] psn\n|upkeep\n|turn|34\n|\n|t:|1781412194\n|-terastallize|p1a: Swampert|Steel\n|move|p2a: Victreebel|Power Whip|p1a: Swampert\n|-resisted|p1a: Swampert\n|-damage|p1a: Swampert|80/302 tox\n|-damage|p2a: Victreebel|130/290|[from] item: Life Orb\n|move|p1a: Swampert|Ice Beam|p2a: Victreebel\n|-supereffective|p2a: Victreebel\n|-damage|p2a: Victreebel|6/290\n|\n|-weather|SunnyDay|[upkeep]\n|-heal|p1a: Swampert|98/302 tox|[from] item: Leftovers\n|-damage|p1a: Swampert|62/302 tox|[from] psn\n|upkeep\n|turn|35\n|\n|t:|1781412201\n|move|p2a: Victreebel|Sunny Day||[still]\n|-fail|p2a: Victreebel\n|move|p1a: Swampert|Earthquake|p2a: Victreebel\n|-damage|p2a: Victreebel|0 fnt\n|faint|p2a: Victreebel\n|\n|-weather|SunnyDay|[upkeep]\n|-heal|p1a: Swampert|80/302 tox|[from] item: Leftovers\n|-damage|p1a: Swampert|26/302 tox|[from] psn\n|upkeep\n|\n|t:|1781412214\n|switch|p2a: Swalot|Swalot, L90, F|326/326\n|-damage|p2a: Swalot|286/326|[from] Stealth Rock\n|turn|36\n|\n|t:|1781412218\n|move|p2a: Swalot|Earthquake|p1a: Swampert\n|-supereffective|p1a: Swampert\n|-damage|p1a: Swampert|0 fnt\n|faint|p1a: Swampert\n|\n|-weather|SunnyDay|[upkeep]\n|-heal|p2a: Swalot|306/326|[from] item: Leftovers\n|upkeep\n|\n|t:|1781412227\n|switch|p1a: Dedenne|Dedenne, L88, F|259/261\n|turn|37\n|l|\u2606BenoliBenoli\n|inactive|BenoliBenoli disconnected and has a minute to reconnect!\n|player|p1|\n|inactive|moomoo798 has 120 seconds left.\n|j|\u2606BenoliBenoli\n|inactive|BenoliBenoli reconnected.\n|player|p1|BenoliBenoli|102|\n|\n|t:|1781412260\n|move|p1a: Dedenne|Super Fang|p2a: Swalot\n|-damage|p2a: Swalot|153/326\n|move|p2a: Swalot|Sludge Bomb|p1a: Dedenne\n|-supereffective|p1a: Dedenne\n|-crit|p1a: Dedenne\n|-damage|p1a: Dedenne|0 fnt\n|faint|p1a: Dedenne\n|\n|-weather|none\n|-heal|p2a: Swalot|173/326|[from] item: Leftovers\n|upkeep\n|\n|t:|1781412266\n|switch|p1a: Barraskewda|Barraskewda, L81, F|231/231\n|turn|38\n|\n|t:|1781412273\n|move|p2a: Swalot|Protect|p2a: Swalot\n|-singleturn|p2a: Swalot|Protect\n|move|p1a: Barraskewda|Psychic Fangs|p2a: Swalot\n|-activate|p2a: Swalot|move: Protect\n|\n|-heal|p2a: Swalot|193/326|[from] item: Leftovers\n|upkeep\n|turn|39\n|\n|t:|1781412279\n|switch|p2a: Dachsbun|Dachsbun, L92, F|214/254\n|-damage|p2a: Dachsbun|183/254|[from] Stealth Rock\n|move|p1a: Barraskewda|Psychic Fangs|p2a: Dachsbun\n|-damage|p2a: Dachsbun|113/254\n|\n|upkeep\n|turn|40\n|\n|t:|1781412286\n|switch|p1a: Lurantis|Lurantis, L87, M|264/264\n|move|p2a: Dachsbun|Wish|p2a: Dachsbun\n|\n|upkeep\n|turn|41\n|\n|t:|1781412307\n|switch|p2a: Swalot|Swalot, L90, F|193/326\n|-damage|p2a: Swalot|153/326|[from] Stealth Rock\n|move|p1a: Lurantis|Leaf Storm|p2a: Swalot\n|-resisted|p2a: Swalot\n|-damage|p2a: Swalot|90/326\n|-boost|p1a: Lurantis|spa|2\n|\n|-heal|p2a: Swalot|217/326|[from] move: Wish|[wisher] Dachsbun\n|-heal|p2a: Swalot|237/326|[from] item: Leftovers\n|upkeep\n|turn|42\n|\n|t:|1781412314\n|move|p2a: Swalot|Sludge Bomb|p1a: Lurantis\n|-supereffective|p1a: Lurantis\n|-damage|p1a: Lurantis|96/264\n|move|p1a: Lurantis|Leaf Storm|p2a: Swalot\n|-resisted|p2a: Swalot\n|-damage|p2a: Swalot|107/326\n|-boost|p1a: Lurantis|spa|2\n|\n|-heal|p2a: Swalot|127/326|[from] item: Leftovers\n|-heal|p1a: Lurantis|112/264|[from] item: Leftovers\n|upkeep\n|turn|43\n|\n|t:|1781412321\n|move|p2a: Swalot|Sludge Bomb|p1a: Lurantis\n|-supereffective|p1a: Lurantis\n|-damage|p1a: Lurantis|0 fnt\n|faint|p1a: Lurantis\n|\n|-heal|p2a: Swalot|147/326|[from] item: Leftovers\n|upkeep\n|\n|t:|1781412323\n|switch|p1a: Barraskewda|Barraskewda, L81, F|231/231\n|turn|44\n|\n|t:|1781412327\n|move|p2a: Swalot|Protect|p2a: Swalot\n|-singleturn|p2a: Swalot|Protect\n|move|p1a: Barraskewda|Waterfall|p2a: Swalot\n|-activate|p2a: Swalot|move: Protect\n|\n|-heal|p2a: Swalot|167/326|[from] item: Leftovers\n|upkeep\n|turn|45\n|\n|t:|1781412334\n|move|p1a: Barraskewda|Waterfall|p2a: Swalot\n|-damage|p2a: Swalot|38/326\n|cant|p2a: Swalot|flinch\n|\n|-heal|p2a: Swalot|58/326|[from] item: Leftovers\n|upkeep\n|turn|46\n|\n|t:|1781412342\n|move|p2a: Swalot|Protect|p2a: Swalot\n|-singleturn|p2a: Swalot|Protect\n|move|p1a: Barraskewda|Waterfall|p2a: Swalot\n|-activate|p2a: Swalot|move: Protect\n|\n|-heal|p2a: Swalot|78/326|[from] item: Leftovers\n|upkeep\n|turn|47\n|\n|t:|1781412348\n|move|p1a: Barraskewda|Waterfall|p2a: Swalot\n|-damage|p2a: Swalot|0 fnt\n|faint|p2a: Swalot\n|\n|upkeep\n|\n|t:|1781412355\n|switch|p2a: Yanmega|Yanmega, L82, F|275/275\n|-damage|p2a: Yanmega|138/275|[from] Stealth Rock\n|turn|48\n|\n|t:|1781412359\n|move|p1a: Barraskewda|Waterfall|p2a: Yanmega\n|-damage|p2a: Yanmega|0 fnt\n|faint|p2a: Yanmega\n|\n|upkeep\n|\n|t:|1781412361\n|switch|p2a: Dachsbun|Dachsbun, L92, F|113/254\n|-damage|p2a: Dachsbun|82/254|[from] Stealth Rock\n|turn|49\n|-message|moomoo798 forfeited.\n|\n|win|BenoliBenoli\n", "inputlog": ">version a8376a258c1d4662feba110a92103f3664a72141\n>start {\"formatid\":\"gen9randombattle\",\"seed\":\"sodium,2589cb5486c5b35008dc9696437a427a\",\"rated\":\"Rated battle\"}\n>player p1 {\"name\":\"BenoliBenoli\",\"avatar\":\"102\",\"rating\":2008,\"seed\":\"sodium,d6ed71bb9d90ee4caba0641e4d897c24\"}\n>player p2 {\"name\":\"moomoo798\",\"avatar\":\"jasmine\",\"rating\":1995,\"seed\":\"sodium,8f6012a8082481ce07cd5bd4c667d0d0\"}\n>p1 switch 4\n>p2 move airslash\n>p1 move thunderbolt\n>p2 switch 3\n>p1 move uturn\n>p2 move earthquake\n>p1 switch 3\n>p1 move knockoff\n>p2 move bulkup\n>p1 move gunkshot\n>p2 move earthquake\n>p1 switch 5\n>p1 move superpower\n>p2 switch 6\n>p1 switch 6\n>p2 move sludgebomb\n>p1 move stealthrock\n>p2 switch 6\n>p1 switch 6\n>p2 move milkdrink\n>p1 move superpower\n>p2 switch 6\n>p1 switch 6\n>p2 move toxic\n>p1 move icebeam\n>p2 move protect\n>p1 move earthquake\n>p2 switch 2\n>p1 switch 4\n>p2 move wish\n>p1 move swordsdance\n>p2 switch 2\n>p1 move knockoff\n>p2 switch 6\n>p1 move bugbite\n>p2 move earthquake\n>p2 switch 5\n>p1 switch 4\n>p2 move thunderbolt\n>p1 move icebeam\n>p2 switch 2\n>p1 move earthquake\n>p2 move wish\n>p1 switch 4\n>p2 move protect\n>p1 move knockoff\n>p2 move playrough\n>p1 move bulletpunch\n>p2 switch 2\n>p1 move bulletpunch\n>p2 move alluringvoice\n>p1 switch 2\n>p1 move flipturn\n>p2 move thunderbolt\n>p1 switch 3\n>p2 switch 2\n>p1 move thunderbolt\n>p2 move wish\n>p1 move uturn\n>p2 move protect\n>p1 move thunderbolt\n>p2 move wish\n>p1 move thunderbolt\n>p2 move protect\n>p1 move thunderbolt\n>p2 move wish\n>p1 move thunderbolt\n>p2 move protect\n>p1 move thunderbolt\n>p2 switch 4\n>p1 move uturn\n>p2 move sunnyday\n>p1 switch 4\n>p1 move icebeam terastallize\n>p2 move powerwhip\n>p1 move earthquake\n>p2 move sunnyday\n>p2 switch 6\n>p1 move earthquake\n>p2 move earthquake\n>p1 switch 4\n>p1 move superfang\n>p2 move sludgebomb\n>p1 switch 3\n>p1 move psychicfangs\n>p2 move protect\n>p1 move psychicfangs\n>p2 switch 4\n>p1 switch 6\n>p2 move wish\n>p1 move leafstorm\n>p2 switch 4\n>p1 move leafstorm\n>p2 move sludgebomb\n>p1 move leafstorm\n>p2 move sludgebomb\n>p1 switch 6\n>p1 move waterfall\n>p2 move protect\n>p1 move waterfall\n>p2 move toxic\n>p1 move waterfall\n>p2 move protect\n>p1 move waterfall\n>p2 move toxic\n>p2 switch 3\n>p1 move waterfall\n>p2 move gigadrain\n>p2 switch 4\n>forcelose p2", "uploadtime": 1781411719, "views": 7, "formatid": "gen9randombattle", "rating": null, "private": 0, "password": null}