{"id": "gen9randombattle-2631448365", "format": "[Gen 9] Random Battle", "players": ["Knight_Galaxiess", "Vernoss"], "log": "|j|\u2606Knight_Galaxiess\n|j|\u2606Vernoss\n|t:|1781385918\n|gametype|singles\n|player|p1|Knight_Galaxiess|170|1479\n|player|p2|Vernoss|2|1458\n|gen|9\n|tier|[Gen 9] Random Battle\n|rated|\n|rule|Species Clause: Limit one of each Pok\u00e9mon\n|rule|HP Percentage Mod: HP is shown in percentages\n|rule|Sleep Clause Mod: Limit one foe put to sleep\n|rule|Illusion Level Mod: Illusion disguises the Pok\u00e9mon's true level\n|\n|t:|1781385918\n|teamsize|p1|6\n|teamsize|p2|6\n|start\n|switch|p1a: Iron Crown|Iron Crown, L78|268/268\n|switch|p2a: Terapagos|Terapagos, L77, F|265/265\n|-activate|p2a: Terapagos|ability: Tera Shift\n|detailschange|p2a: Terapagos|Terapagos-Terastal, L77, F\n|-heal|p2a: Terapagos|273/273|[silent]\n|turn|1\n|inactive|Battle timer is ON: inactive players will automatically lose when time's up. (requested by Vernoss)\n|\n|t:|1781385948\n|move|p1a: Iron Crown|Calm Mind|p1a: Iron Crown\n|-boost|p1a: Iron Crown|spa|1\n|-boost|p1a: Iron Crown|spd|1\n|move|p2a: Terapagos|Dark Pulse|p1a: Iron Crown\n|-supereffective|p1a: Iron Crown\n|-damage|p1a: Iron Crown|206/268\n|\n|-heal|p1a: Iron Crown|222/268|[from] item: Leftovers\n|upkeep\n|turn|2\n|\n|t:|1781385975\n|switch|p2a: Entei|Entei, L78|307/307\n|move|p1a: Iron Crown|Calm Mind|p1a: Iron Crown\n|-boost|p1a: Iron Crown|spa|1\n|-boost|p1a: Iron Crown|spd|1\n|\n|-heal|p1a: Iron Crown|238/268|[from] item: Leftovers\n|upkeep\n|turn|3\n|inactive|Vernoss has 120 seconds left.\n|\n|t:|1781386000\n|move|p2a: Entei|Flare Blitz|p1a: Iron Crown\n|-supereffective|p1a: Iron Crown\n|-crit|p1a: Iron Crown\n|-damage|p1a: Iron Crown|0 fnt\n|faint|p1a: Iron Crown\n|-end|p1a: Iron Crown|Quark Drive|[silent]\n|-damage|p2a: Entei|228/307|[from] Recoil\n|\n|upkeep\n|c|\u2606Vernoss|:)\n|\n|t:|1781386008\n|switch|p1a: Luvdisc|Luvdisc, M|247/247\n|turn|4\n|\n|t:|1781386014\n|switch|p2a: Politoed|Politoed, L88, F|302/302\n|-weather|RainDance|[from] ability: Drizzle|[of] p2a: Politoed\n|move|p1a: Luvdisc|Surf|p2a: Politoed\n|-resisted|p2a: Politoed\n|-damage|p2a: Politoed|254/302\n|\n|-weather|RainDance|[upkeep]\n|upkeep\n|turn|5\n|inactive|Vernoss has 120 seconds left.\n|\n|t:|1781386032\n|move|p1a: Luvdisc|Substitute|p1a: Luvdisc\n|-start|p1a: Luvdisc|Substitute\n|-damage|p1a: Luvdisc|186/247\n|move|p2a: Politoed|Encore|p1a: Luvdisc\n|-start|p1a: Luvdisc|Encore\n|\n|-weather|RainDance|[upkeep]\n|upkeep\n|turn|6\n|inactive|Vernoss has 120 seconds left.\n|\n|t:|1781386055\n|switch|p2a: Falinks|Falinks, L84|246/246\n|move|p1a: Luvdisc|Substitute|p1a: Luvdisc\n|-fail|p1a: Luvdisc|move: Substitute\n|\n|-weather|RainDance|[upkeep]\n|upkeep\n|turn|7\n|\n|t:|1781386066\n|move|p1a: Luvdisc|Substitute|p1a: Luvdisc\n|-fail|p1a: Luvdisc|move: Substitute\n|move|p2a: Falinks|No Retreat|p2a: Falinks\n|-boost|p2a: Falinks|atk|1\n|-boost|p2a: Falinks|def|1\n|-boost|p2a: Falinks|spa|1\n|-boost|p2a: Falinks|spd|1\n|-boost|p2a: Falinks|spe|1\n|-start|p2a: Falinks|move: No Retreat\n|\n|-weather|RainDance|[upkeep]\n|upkeep\n|turn|8\n|inactive|Vernoss has 120 seconds left.\n|\n|t:|1781386082\n|move|p1a: Luvdisc|Substitute|p1a: Luvdisc\n|-fail|p1a: Luvdisc|move: Substitute\n|move|p2a: Falinks|Knock Off|p1a: Luvdisc\n|-end|p1a: Luvdisc|Substitute\n|-damage|p2a: Falinks|222/246|[from] item: Life Orb\n|\n|-weather|none\n|-end|p1a: Luvdisc|Encore\n|upkeep\n|turn|9\n|\n|t:|1781386091\n|move|p2a: Falinks|Knock Off|p1a: Luvdisc\n|-damage|p1a: Luvdisc|26/247\n|-enditem|p1a: Luvdisc|Heavy-Duty Boots|[from] move: Knock Off|[of] p2a: Falinks\n|-damage|p2a: Falinks|198/246|[from] item: Life Orb\n|move|p1a: Luvdisc|Substitute|p1a: Luvdisc\n|-fail|p1a: Luvdisc|move: Substitute|[weak]\n|\n|upkeep\n|turn|10\n|inactive|Vernoss has 120 seconds left.\n|\n|t:|1781386100\n|switch|p1a: Komala|Komala, L88, F|258/258\n|-ability|p1a: Komala|Comatose\n|move|p2a: Falinks|Knock Off|p1a: Komala\n|-damage|p1a: Komala|89/258\n|-enditem|p1a: Komala|Assault Vest|[from] move: Knock Off|[of] p2a: Falinks\n|-damage|p2a: Falinks|174/246|[from] item: Life Orb\n|\n|upkeep\n|turn|11\n|inactive|Vernoss has 120 seconds left.\n|\n|t:|1781386111\n|move|p2a: Falinks|Iron Head|p1a: Komala\n|-damage|p1a: Komala|0 fnt\n|faint|p1a: Komala\n|-damage|p2a: Falinks|150/246|[from] item: Life Orb\n|\n|upkeep\n|\n|t:|1781386114\n|switch|p1a: Ditto|Ditto, L87|225/225\n|-transform|p1a: Ditto|p2a: Falinks|[from] ability: Imposter\n|turn|12\n|inactive|Vernoss has 120 seconds left.\n|\n|t:|1781386134\n|move|p1a: Ditto|Close Combat|p2a: Falinks\n|-damage|p2a: Falinks|29/246\n|-unboost|p1a: Ditto|def|1\n|-unboost|p1a: Ditto|spd|1\n|move|p2a: Falinks|Close Combat|p1a: Ditto\n|-damage|p1a: Ditto|14/225\n|-unboost|p2a: Falinks|def|1\n|-unboost|p2a: Falinks|spd|1\n|-damage|p2a: Falinks|5/246|[from] item: Life Orb\n|\n|upkeep\n|turn|13\n|inactive|Vernoss has 120 seconds left.\n|\n|t:|1781386145\n|move|p1a: Ditto|Close Combat|p2a: Falinks\n|-damage|p2a: Falinks|0 fnt\n|-unboost|p1a: Ditto|def|1\n|-unboost|p1a: Ditto|spd|1\n|faint|p2a: Falinks\n|\n|upkeep\n|\n|t:|1781386160\n|switch|p2a: Entei|Entei, L78|228/307\n|turn|14\n|\n|t:|1781386164\n|move|p2a: Entei|Extreme Speed|p1a: Ditto\n|-damage|p1a: Ditto|0 fnt\n|faint|p1a: Ditto\n|\n|upkeep\n|\n|t:|1781386168\n|switch|p1a: Okidogi|Okidogi, L77, M|262/262\n|turn|15\n|\n|t:|1781386175\n|switch|p2a: Clodsire|Clodsire, L81, F|343/343\n|move|p1a: Okidogi|Drain Punch|p2a: Clodsire\n|-resisted|p2a: Clodsire\n|-damage|p2a: Clodsire|286/343\n|\n|-heal|p2a: Clodsire|307/343|[from] item: Leftovers\n|upkeep\n|turn|16\n|\n|t:|1781386184\n|move|p1a: Okidogi|Psychic Fangs|p2a: Clodsire\n|-supereffective|p2a: Clodsire\n|-damage|p2a: Clodsire|147/343\n|move|p2a: Clodsire|Earthquake|p1a: Okidogi\n|-supereffective|p1a: Okidogi\n|-damage|p1a: Okidogi|128/262\n|\n|-heal|p2a: Clodsire|168/343|[from] item: Leftovers\n|upkeep\n|turn|17\n|\n|t:|1781386196\n|switch|p2a: Rampardos|Rampardos, L90, M|321/321\n|move|p1a: Okidogi|Psychic Fangs|p2a: Rampardos\n|-damage|p2a: Rampardos|245/321\n|\n|upkeep\n|turn|18\n|\n|t:|1781386205\n|move|p1a: Okidogi|Drain Punch|p2a: Rampardos\n|-supereffective|p2a: Rampardos\n|-damage|p2a: Rampardos|53/321\n|-heal|p1a: Okidogi|224/262|[from] drain|[of] p2a: Rampardos\n|-status|p2a: Rampardos|tox|[from] ability: Toxic Chain|[of] p1a: Okidogi\n|move|p2a: Rampardos|Zen Headbutt|p1a: Okidogi\n|-supereffective|p1a: Okidogi\n|-damage|p1a: Okidogi|0 fnt\n|faint|p1a: Okidogi\n|\n|-damage|p2a: Rampardos|33/321 tox|[from] psn\n|upkeep\n|\n|t:|1781386217\n|switch|p1a: Luvdisc|Luvdisc, M|26/247\n|turn|19\n|\n|t:|1781386221\n|move|p1a: Luvdisc|Surf|p2a: Rampardos\n|-supereffective|p2a: Rampardos\n|-damage|p2a: Rampardos|0 fnt\n|faint|p2a: Rampardos\n|\n|upkeep\n|\n|t:|1781386226\n|switch|p2a: Entei|Entei, L78|228/307\n|turn|20\n|\n|t:|1781386230\n|move|p2a: Entei|Extreme Speed|p1a: Luvdisc\n|-damage|p1a: Luvdisc|0 fnt\n|faint|p1a: Luvdisc\n|\n|upkeep\n|\n|t:|1781386232\n|switch|p1a: Gardevoir|Gardevoir, L83, M|249/249\n|-ability|p1a: Gardevoir|Inner Focus|Trace|[from] ability: Trace|[of] p2a: Entei\n|turn|21\n|\n|t:|1781386253\n|switch|p2a: Politoed|Politoed, L88, F|254/302\n|-weather|RainDance|[from] ability: Drizzle|[of] p2a: Politoed\n|-terastallize|p1a: Gardevoir|Fighting\n|move|p1a: Gardevoir|Trick|p2a: Politoed\n|-activate|p1a: Gardevoir|move: Trick|[of] p2a: Politoed\n|-item|p2a: Politoed|Choice Scarf|[from] move: Trick\n|-item|p1a: Gardevoir|Chesto Berry|[from] move: Trick\n|\n|-weather|RainDance|[upkeep]\n|upkeep\n|turn|22\n|\n|t:|1781386270\n|move|p2a: Politoed|Encore|p1a: Gardevoir\n|-start|p1a: Gardevoir|Encore\n|move|p1a: Gardevoir|Trick|p2a: Politoed\n|-activate|p1a: Gardevoir|move: Trick|[of] p2a: Politoed\n|-item|p2a: Politoed|Chesto Berry|[from] move: Trick\n|-item|p1a: Gardevoir|Choice Scarf|[from] move: Trick\n|\n|-weather|RainDance|[upkeep]\n|upkeep\n|turn|23\n|c|\u2606Vernoss|Lol\n|\n|t:|1781386280\n|move|p1a: Gardevoir|Trick|p2a: Politoed\n|-activate|p1a: Gardevoir|move: Trick|[of] p2a: Politoed\n|-item|p2a: Politoed|Choice Scarf|[from] move: Trick\n|-item|p1a: Gardevoir|Chesto Berry|[from] move: Trick\n|move|p2a: Politoed|Surf|p1a: Gardevoir\n|-damage|p1a: Gardevoir|128/249\n|\n|-weather|RainDance|[upkeep]\n|upkeep\n|turn|24\n|\n|t:|1781386289\n|move|p2a: Politoed|Surf|p1a: Gardevoir\n|-damage|p1a: Gardevoir|5/249\n|move|p1a: Gardevoir|Trick|p2a: Politoed\n|-activate|p1a: Gardevoir|move: Trick|[of] p2a: Politoed\n|-item|p2a: Politoed|Chesto Berry|[from] move: Trick\n|-item|p1a: Gardevoir|Choice Scarf|[from] move: Trick\n|\n|-weather|RainDance|[upkeep]\n|-end|p1a: Gardevoir|Encore\n|upkeep\n|turn|25\n|\n|t:|1781386299\n|move|p1a: Gardevoir|Moonblast|p2a: Politoed\n|-damage|p2a: Politoed|142/302\n|move|p2a: Politoed|Surf|p1a: Gardevoir\n|-damage|p1a: Gardevoir|0 fnt\n|faint|p1a: Gardevoir\n|\n|win|Vernoss\n|raw|Knight_Galaxiess's rating: 1479 &rarr; <strong>1458</strong><br />(-21 for losing)\n|raw|Vernoss's rating: 1458 &rarr; <strong>1479</strong><br />(+21 for winning)\n|c|\u2606Vernoss|gg chief\n|l|\u2606Knight_Galaxiess\n|player|p1|\n", "uploadtime": 1781386325, "views": 13, "formatid": "gen9randombattle", "rating": 1458, "private": 0, "password": null}