{"id": "gen9randombattle-2631861744", "format": "[Gen 9] Random Battle", "players": ["Aoyama0811", "faaskaas"], "log": "|j|\u2606Aoyama0811\n|j|\u2606faaskaas\n|t:|1781449323\n|gametype|singles\n|player|p1|Aoyama0811|acetrainerf|2218\n|player|p2|faaskaas|hiker-gen4|2085\n|gen|9\n|tier|[Gen 9] Random Battle\n|rated|\n|rule|Species Clause: Limit one of each Pok\u00e9mon\n|rule|HP Percentage Mod: HP is shown in percentages\n|rule|Sleep Clause Mod: Limit one foe put to sleep\n|rule|Illusion Level Mod: Illusion disguises the Pok\u00e9mon's true level\n|\n|t:|1781449323\n|teamsize|p1|6\n|teamsize|p2|6\n|start\n|switch|p1a: Sneasler|Sneasler, L74, M|240/240\n|switch|p2a: Raikou|Raikou, L81|278/278\n|-ability|p2a: Raikou|Pressure\n|turn|1\n|inactive|Battle timer is ON: inactive players will automatically lose when time's up. (requested by faaskaas)\n|\n|t:|1781449332\n|move|p2a: Raikou|Volt Switch|p1a: Sneasler\n|-damage|p1a: Sneasler|104/240\n|\n|t:|1781449344\n|switch|p2a: Delphox|Delphox, L84, M|263/263|[from] Volt Switch\n|move|p1a: Sneasler|Close Combat|p2a: Delphox\n|-resisted|p2a: Delphox\n|-damage|p2a: Delphox|187/263\n|-unboost|p1a: Sneasler|def|1\n|-unboost|p1a: Sneasler|spd|1\n|-enditem|p1a: Sneasler|White Herb\n|-clearnegativeboost|p1a: Sneasler|[silent]\n|\n|upkeep\n|turn|2\n|\n|t:|1781449352\n|move|p1a: Sneasler|Gunk Shot|p2a: Delphox|[miss]\n|-miss|p1a: Sneasler|p2a: Delphox\n|move|p2a: Delphox|Psyshock|p1a: Sneasler\n|-supereffective|p1a: Sneasler\n|-damage|p1a: Sneasler|0 fnt\n|faint|p1a: Sneasler\n|\n|upkeep\n|\n|t:|1781449355\n|switch|p1a: Blastoise|Blastoise, L80, M|235/235\n|turn|3\n|inactive|faaskaas has 120 seconds left.\n|\n|t:|1781449396\n|switch|p2a: Raikou|Raikou, L81|278/278\n|-ability|p2a: Raikou|Pressure\n|move|p1a: Blastoise|Dark Pulse|p2a: Raikou\n|-damage|p2a: Raikou|142/278\n|\n|upkeep\n|turn|4\n|\n|t:|1781449402\n|switch|p1a: Pikachu|Pikachu, L93, F|216/216\n|move|p2a: Raikou|Volt Switch|p1a: Pikachu\n|-ability|p1a: Pikachu|Lightning Rod|boost\n|-boost|p1a: Pikachu|spa|1\n|\n|upkeep\n|turn|5\n|\n|t:|1781449407\n|switch|p2a: Chimecho|Chimecho, L93, M|290/290\n|move|p1a: Pikachu|Surf|p2a: Chimecho\n|-damage|p2a: Chimecho|161/290\n|\n|-heal|p2a: Chimecho|179/290|[from] item: Leftovers\n|upkeep\n|turn|6\n|\n|t:|1781449415\n|move|p1a: Pikachu|Knock Off|p2a: Chimecho\n|-supereffective|p2a: Chimecho\n|-damage|p2a: Chimecho|0 fnt\n|-enditem|p2a: Chimecho|Leftovers|[from] move: Knock Off|[of] p1a: Pikachu\n|faint|p2a: Chimecho\n|\n|upkeep\n|\n|t:|1781449423\n|switch|p2a: Delphox|Delphox, L84, M|187/263\n|turn|7\n|\n|t:|1781449427\n|move|p2a: Delphox|Psyshock|p1a: Pikachu\n|-damage|p1a: Pikachu|0 fnt\n|faint|p1a: Pikachu\n|\n|upkeep\n|\n|t:|1781449430\n|switch|p1a: Blastoise|Blastoise, L80, M|235/235\n|turn|8\n|\n|t:|1781449437\n|switch|p2a: Kommo-o|Kommo-o, L78, M|245/245\n|move|p1a: Blastoise|Dark Pulse|p2a: Kommo-o\n|-resisted|p2a: Kommo-o\n|-damage|p2a: Kommo-o|178/245\n|\n|upkeep\n|turn|9\n|\n|t:|1781449450\n|switch|p1a: Oinkologne|Oinkologne-F, L92, F|361/361\n|move|p2a: Kommo-o|Boomburst|p1a: Oinkologne\n|-crit|p1a: Oinkologne\n|-damage|p1a: Oinkologne|242/361\n|-enditem|p2a: Kommo-o|Throat Spray\n|-boost|p2a: Kommo-o|spa|1|[from] item: Throat Spray\n|\n|-heal|p1a: Oinkologne|264/361|[from] item: Leftovers\n|upkeep\n|turn|10\n|\n|t:|1781449457\n|move|p2a: Kommo-o|Clangorous Soul|p2a: Kommo-o\n|-boost|p2a: Kommo-o|atk|1\n|-boost|p2a: Kommo-o|def|1\n|-boost|p2a: Kommo-o|spa|1\n|-boost|p2a: Kommo-o|spd|1\n|-boost|p2a: Kommo-o|spe|1\n|-damage|p2a: Kommo-o|98/245\n|move|p1a: Oinkologne|Body Slam|p2a: Kommo-o\n|-damage|p2a: Kommo-o|46/245\n|\n|-heal|p1a: Oinkologne|286/361|[from] item: Leftovers\n|upkeep\n|turn|11\n|\n|t:|1781449467\n|move|p2a: Kommo-o|Drain Punch|p1a: Oinkologne\n|-supereffective|p1a: Oinkologne\n|-damage|p1a: Oinkologne|50/361\n|-heal|p2a: Kommo-o|164/245|[from] drain|[of] p1a: Oinkologne\n|move|p1a: Oinkologne|Body Slam|p2a: Kommo-o\n|-damage|p2a: Kommo-o|110/245\n|\n|-heal|p1a: Oinkologne|72/361|[from] item: Leftovers\n|upkeep\n|turn|12\n|\n|t:|1781449475\n|move|p2a: Kommo-o|Drain Punch|p1a: Oinkologne\n|-supereffective|p1a: Oinkologne\n|-crit|p1a: Oinkologne\n|-damage|p1a: Oinkologne|0 fnt\n|-heal|p2a: Kommo-o|146/245|[from] drain|[of] p1a: Oinkologne\n|faint|p1a: Oinkologne\n|\n|upkeep\n|\n|t:|1781449483\n|switch|p1a: Blastoise|Blastoise, L80, M|258/258\n|turn|13\n|\n|t:|1781449506\n|move|p2a: Kommo-o|Clangorous Soul|p2a: Kommo-o\n|-boost|p2a: Kommo-o|atk|1\n|-boost|p2a: Kommo-o|def|1\n|-boost|p2a: Kommo-o|spa|1\n|-boost|p2a: Kommo-o|spd|1\n|-boost|p2a: Kommo-o|spe|1\n|-damage|p2a: Kommo-o|66/245\n|move|p1a: Blastoise|Shell Smash|p1a: Blastoise\n|-unboost|p1a: Blastoise|def|1\n|-unboost|p1a: Blastoise|spd|1\n|-boost|p1a: Blastoise|atk|2\n|-boost|p1a: Blastoise|spa|2\n|-boost|p1a: Blastoise|spe|2\n|-enditem|p1a: Blastoise|White Herb\n|-clearnegativeboost|p1a: Blastoise|[silent]\n|\n|upkeep\n|turn|14\n|\n|t:|1781449516\n|-terastallize|p2a: Kommo-o|Normal\n|move|p2a: Kommo-o|Boomburst|p1a: Blastoise\n|-damage|p1a: Blastoise|0 fnt\n|faint|p1a: Blastoise\n|\n|upkeep\n|\n|t:|1781449521\n|switch|p1a: Rayquaza|Rayquaza, L72|270/270\n|-ability|p1a: Rayquaza|Air Lock\n|turn|15\n|\n|t:|1781449524\n|move|p2a: Kommo-o|Boomburst|p1a: Rayquaza\n|-damage|p1a: Rayquaza|0 fnt\n|faint|p1a: Rayquaza\n|\n|upkeep\n|l|\u2606Aoyama0811\n|inactive|Aoyama0811 disconnected and has a minute to reconnect!\n|player|p1|\n|inactive|Aoyama0811 has 30 seconds to reconnect!\n|inactive|Aoyama0811 has 20 seconds to reconnect!\n|inactive|Aoyama0811 has 15 seconds to reconnect!\n|inactive|Aoyama0811 has 10 seconds to reconnect!\n|inactive|Aoyama0811 has 5 seconds to reconnect!\n|-message|Aoyama0811 lost due to inactivity.\n|\n|win|faaskaas\n", "uploadtime": 1781449325, "views": 3, "formatid": "gen9randombattle", "rating": null, "private": 0, "password": null}