{"id": "gen9randombattle-2631800742", "format": "[Gen 9] Random Battle", "players": ["MasterJ007", "motherlove"], "log": "|badge|p1|silver|gen9randombattle|30-9\n|uhtml|medal-msg|<div class=\"broadcast-blue\">Curious what those medals under the avatar are? PS now has Ladder Seasons! For more information, check out the <a href=\"https://www.smogon.com/forums/threads/3740067/\">thread on Smogon.</a></div>\n|j|\u2606MasterJ007\n|j|\u203dmotherlove\n|t:|1781441599\n|gametype|singles\n|player|p1|MasterJ007|#rbtt7teamsuicune|2324\n|player|p2|motherlove|preschooler|2192\n|gen|9\n|tier|[Gen 9] Random Battle\n|rated|\n|rule|Species Clause: Limit one of each Pok\u00e9mon\n|rule|HP Percentage Mod: HP is shown in percentages\n|rule|Sleep Clause Mod: Limit one foe put to sleep\n|rule|Illusion Level Mod: Illusion disguises the Pok\u00e9mon's true level\n|\n|t:|1781441599\n|teamsize|p1|6\n|teamsize|p2|6\n|start\n|switch|p1a: Qwilfish|Qwilfish-Hisui, L83, F|244/244\n|switch|p2a: Cobalion|Cobalion, L80|277/277\n|-ability|p1a: Qwilfish|Intimidate|boost\n|-unboost|p2a: Cobalion|atk|1\n|turn|1\n|inactive|Battle timer is ON: inactive players will automatically lose when time's up. (requested by MasterJ007)\n|\n|t:|1781441619\n|move|p2a: Cobalion|Taunt|p1a: Qwilfish\n|-start|p1a: Qwilfish|move: Taunt\n|cant|p1a: Qwilfish|move: Taunt|Spikes\n|\n|upkeep\n|turn|2\n|\n|t:|1781441630\n|switch|p1a: Gliscor|Gliscor, L76, M|239/239\n|move|p2a: Cobalion|Swords Dance|p2a: Cobalion\n|-boost|p2a: Cobalion|atk|2\n|\n|-status|p1a: Gliscor|tox|[from] item: Toxic Orb\n|upkeep\n|turn|3\n|\n|t:|1781441641\n|switch|p2a: Zarude|Zarude, L77|288/288\n|move|p1a: Gliscor|Substitute|p1a: Gliscor\n|-start|p1a: Gliscor|Substitute\n|-damage|p1a: Gliscor|180/239 tox\n|\n|-heal|p1a: Gliscor|209/239 tox|[from] ability: Poison Heal\n|upkeep\n|turn|4\n|\n|t:|1781441668\n|switch|p2a: Jirachi|Jirachi, L80|291/291\n|move|p1a: Gliscor|Toxic|p2a: Jirachi\n|-immune|p2a: Jirachi\n|\n|-heal|p1a: Gliscor|238/239 tox|[from] ability: Poison Heal\n|upkeep\n|turn|5\n|\n|t:|1781441672\n|move|p2a: Jirachi|U-turn|p1a: Gliscor\n|-resisted|p1a: Gliscor\n|-activate|p1a: Gliscor|move: Substitute|[damage]\n|\n|t:|1781441675\n|switch|p2a: Garchomp|Garchomp, L74, F|282/282|[from] U-turn\n|move|p1a: Gliscor|Earthquake|p2a: Garchomp\n|-damage|p2a: Garchomp|185/282\n|\n|-heal|p1a: Gliscor|239/239 tox|[from] ability: Poison Heal\n|upkeep\n|turn|6\n|\n|t:|1781441679\n|move|p2a: Garchomp|Swords Dance|p2a: Garchomp\n|-boost|p2a: Garchomp|atk|2\n|move|p1a: Gliscor|Earthquake|p2a: Garchomp\n|-damage|p2a: Garchomp|95/282\n|\n|upkeep\n|turn|7\n|\n|t:|1781441700\n|move|p2a: Garchomp|Scale Shot|p1a: Gliscor\n|-end|p1a: Gliscor|Substitute\n|-damage|p1a: Gliscor|190/239 tox\n|-damage|p1a: Gliscor|147/239 tox\n|-damage|p1a: Gliscor|102/239 tox\n|-hitcount|p1a: Gliscor|4\n|-unboost|p2a: Garchomp|def|1\n|-boost|p2a: Garchomp|spe|1\n|move|p1a: Gliscor|Earthquake|p2a: Garchomp\n|-damage|p2a: Garchomp|0 fnt\n|faint|p2a: Garchomp\n|\n|-heal|p1a: Gliscor|131/239 tox|[from] ability: Poison Heal\n|upkeep\n|\n|t:|1781441713\n|switch|p2a: Iron Bundle|Iron Bundle, L78|215/215\n|turn|8\n|inactive|motherlove has 120 seconds left.\n|\n|t:|1781441730\n|move|p1a: Gliscor|Protect|p1a: Gliscor\n|-singleturn|p1a: Gliscor|Protect\n|move|p2a: Iron Bundle|Freeze-Dry|p1a: Gliscor\n|-activate|p1a: Gliscor|move: Protect\n|\n|-heal|p1a: Gliscor|160/239 tox|[from] ability: Poison Heal\n|upkeep\n|turn|9\n|\n|t:|1781441734\n|switch|p1a: Dunsparce|Dunsparce, L86, F|312/312\n|move|p2a: Iron Bundle|Freeze-Dry|p1a: Dunsparce\n|-damage|p1a: Dunsparce|222/312\n|\n|upkeep\n|turn|10\n|\n|t:|1781441751\n|-end|p2a: Iron Bundle|Quark Drive|[silent]\n|switch|p2a: Jirachi|Jirachi, L80|291/291\n|move|p1a: Dunsparce|Body Slam|p2a: Jirachi\n|-resisted|p2a: Jirachi\n|-damage|p2a: Jirachi|257/291\n|\n|upkeep\n|turn|11\n|\n|t:|1781441762\n|move|p2a: Jirachi|Iron Head|p1a: Dunsparce\n|-damage|p1a: Dunsparce|155/312\n|move|p1a: Dunsparce|Roost|p1a: Dunsparce\n|-heal|p1a: Dunsparce|311/312\n|-singleturn|p1a: Dunsparce|move: Roost\n|\n|upkeep\n|turn|12\n|\n|t:|1781441774\n|switch|p1a: Qwilfish|Qwilfish-Hisui, L83, F|244/244\n|-ability|p1a: Qwilfish|Intimidate|boost\n|-unboost|p2a: Jirachi|atk|1\n|move|p2a: Jirachi|Iron Head|p1a: Qwilfish\n|-damage|p1a: Qwilfish|205/244\n|\n|upkeep\n|turn|13\n|\n|t:|1781441777\n|switch|p2a: Cobalion|Cobalion, L80|277/277\n|move|p1a: Qwilfish|Spikes|p2a: Cobalion\n|-sidestart|p2: motherlove|Spikes\n|\n|upkeep\n|turn|14\n|\n|t:|1781441787\n|switch|p1a: Azelf|Azelf, L82|257/257\n|move|p2a: Cobalion|Swords Dance|p2a: Cobalion\n|-boost|p2a: Cobalion|atk|2\n|\n|upkeep\n|turn|15\n|inactive|motherlove has 120 seconds left.\n|\n|t:|1781441840\n|move|p1a: Azelf|Fire Blast|p2a: Cobalion\n|-supereffective|p2a: Cobalion\n|-damage|p2a: Cobalion|0 fnt\n|faint|p2a: Cobalion\n|-damage|p1a: Azelf|232/257|[from] item: Life Orb\n|\n|upkeep\n|\n|t:|1781441852\n|switch|p2a: Jirachi|Jirachi, L80|257/291\n|-damage|p2a: Jirachi|221/291|[from] Spikes\n|turn|16\n|\n|t:|1781441858\n|move|p2a: Jirachi|U-turn|p1a: Azelf\n|-supereffective|p1a: Azelf\n|-damage|p1a: Azelf|118/257\n|\n|t:|1781441861\n|switch|p2a: Iron Bundle|Iron Bundle, L78|215/215|[from] U-turn\n|-damage|p2a: Iron Bundle|189/215|[from] Spikes\n|move|p1a: Azelf|Knock Off|p2a: Iron Bundle\n|-damage|p2a: Iron Bundle|90/215\n|-enditem|p2a: Iron Bundle|Choice Specs|[from] move: Knock Off|[of] p1a: Azelf\n|-damage|p1a: Azelf|93/257|[from] item: Life Orb\n|\n|upkeep\n|turn|17\n|\n|t:|1781441870\n|switch|p1a: Dunsparce|Dunsparce, L86, F|311/312\n|move|p2a: Iron Bundle|Hydro Pump|p1a: Dunsparce\n|-damage|p1a: Dunsparce|209/312\n|\n|upkeep\n|turn|18\n|\n|t:|1781441874\n|move|p2a: Iron Bundle|Flip Turn|p1a: Dunsparce\n|-damage|p1a: Dunsparce|169/312\n|\n|t:|1781441883\n|-end|p2a: Iron Bundle|Quark Drive|[silent]\n|switch|p2a: Hitmonlee|Hitmonlee, L85, M|223/223|[from] Flip Turn\n|-damage|p2a: Hitmonlee|196/223|[from] Spikes\n|move|p1a: Dunsparce|Body Slam|p2a: Hitmonlee\n|-damage|p2a: Hitmonlee|88/223\n|\n|upkeep\n|turn|19\n|\n|t:|1781441898\n|switch|p1a: Gliscor|Gliscor, L76, M|160/239 tox\n|move|p2a: Hitmonlee|High Jump Kick|p1a: Gliscor\n|-resisted|p1a: Gliscor\n|-damage|p1a: Gliscor|34/239 tox\n|\n|-heal|p1a: Gliscor|63/239 tox|[from] ability: Poison Heal\n|upkeep\n|turn|20\n|\n|t:|1781441914\n|switch|p2a: Zarude|Zarude, L77|288/288\n|-damage|p2a: Zarude|252/288|[from] Spikes\n|move|p1a: Gliscor|Protect||[still]\n|-fail|p1a: Gliscor\n|\n|-heal|p1a: Gliscor|92/239 tox|[from] ability: Poison Heal\n|upkeep\n|turn|21\n|inactive|motherlove has 120 seconds left.\n|\n|t:|1781441936\n|move|p1a: Gliscor|Protect|p1a: Gliscor\n|-singleturn|p1a: Gliscor|Protect\n|move|p2a: Zarude|Power Whip|p1a: Gliscor\n|-activate|p1a: Gliscor|move: Protect\n|\n|-heal|p1a: Gliscor|121/239 tox|[from] ability: Poison Heal\n|upkeep\n|turn|22\n|\n|t:|1781441942\n|switch|p1a: Qwilfish|Qwilfish-Hisui, L83, F|205/244\n|-ability|p1a: Qwilfish|Intimidate|boost\n|-unboost|p2a: Zarude|atk|1\n|move|p2a: Zarude|Swords Dance|p2a: Zarude\n|-boost|p2a: Zarude|atk|2\n|\n|upkeep\n|turn|23\n|inactive|motherlove has 120 seconds left.\n|\n|t:|1781441966\n|-terastallize|p2a: Zarude|Fighting\n|move|p2a: Zarude|Swords Dance|p2a: Zarude\n|-boost|p2a: Zarude|atk|2\n|move|p1a: Qwilfish|Gunk Shot|p2a: Zarude\n|-damage|p2a: Zarude|140/288\n|\n|upkeep\n|turn|24\n|\n|t:|1781441995\n|switch|p1a: Munkidori|Munkidori, L79, M|269/269\n|move|p2a: Zarude|Close Combat|p1a: Munkidori\n|-resisted|p1a: Munkidori\n|-damage|p1a: Munkidori|146/269\n|-unboost|p2a: Zarude|def|1\n|-unboost|p2a: Zarude|spd|1\n|-damage|p2a: Zarude|112/288|[from] item: Life Orb\n|\n|upkeep\n|turn|25\n|\n|t:|1781442004\n|switch|p2a: Jirachi|Jirachi, L80|221/291\n|-damage|p2a: Jirachi|185/291|[from] Spikes\n|move|p1a: Munkidori|Psyshock|p2a: Jirachi\n|-resisted|p2a: Jirachi\n|-damage|p2a: Jirachi|152/291\n|\n|upkeep\n|turn|26\n|\n|t:|1781442013\n|switch|p1a: Qwilfish|Qwilfish-Hisui, L83, F|205/244\n|-ability|p1a: Qwilfish|Intimidate|boost\n|-unboost|p2a: Jirachi|atk|1\n|move|p2a: Jirachi|Iron Head|p1a: Qwilfish\n|-crit|p1a: Qwilfish\n|-damage|p1a: Qwilfish|123/244\n|\n|upkeep\n|turn|27\n|l|\u2606MasterJ007\n|inactive|MasterJ007 disconnected and has a minute to reconnect!\n|player|p1|\n|j|\u2606MasterJ007\n|inactive|MasterJ007 reconnected and has 130 seconds left.\n|player|p1|MasterJ007|#rbtt7teamsuicune|\n|\n|t:|1781442035\n|switch|p2a: Hitmonlee|Hitmonlee, L85, M|88/223\n|-damage|p2a: Hitmonlee|61/223|[from] Spikes\n|move|p1a: Qwilfish|Spikes|p2a: Hitmonlee\n|-sidestart|p2: motherlove|Spikes\n|\n|upkeep\n|turn|28\n|inactive|motherlove has 120 seconds left.\n|inactive|MasterJ007 has 120 seconds left.\n|inactive|motherlove has 90 seconds left.\n|\n|t:|1781442102\n|switch|p1a: Gliscor|Gliscor, L76, M|121/239 tox\n|move|p2a: Hitmonlee|High Jump Kick|p1a: Gliscor\n|-resisted|p1a: Gliscor\n|-damage|p1a: Gliscor|0 fnt\n|faint|p1a: Gliscor\n|\n|upkeep\n|\n|t:|1781442111\n|switch|p1a: Dunsparce|Dunsparce, L86, F|169/312\n|turn|29\n|j| Olme786\n|inactive|motherlove has 90 seconds left.\n|inactive|motherlove has 60 seconds left.\n|\n|t:|1781442153\n|-terastallize|p1a: Dunsparce|Ghost\n|move|p2a: Hitmonlee|High Jump Kick|p1a: Dunsparce\n|-immune|p1a: Dunsparce\n|-damage|p2a: Hitmonlee|0 fnt|[from] highjumpkick\n|faint|p2a: Hitmonlee\n|move|p1a: Dunsparce|Roost|p1a: Dunsparce\n|-heal|p1a: Dunsparce|312/312\n|\n|upkeep\n|\n|t:|1781442158\n|switch|p2a: Zarude|Zarude, L77, tera:Fighting|112/288\n|-damage|p2a: Zarude|64/288|[from] Spikes\n|turn|30\n|\n|t:|1781442169\n|switch|p1a: Qwilfish|Qwilfish-Hisui, L83, F|123/244\n|-ability|p1a: Qwilfish|Intimidate|boost\n|-unboost|p2a: Zarude|atk|1\n|move|p2a: Zarude|Knock Off|p1a: Qwilfish\n|-resisted|p1a: Qwilfish\n|-damage|p1a: Qwilfish|92/244\n|-enditem|p1a: Qwilfish|Eviolite|[from] move: Knock Off|[of] p2a: Zarude\n|-damage|p2a: Zarude|36/288|[from] item: Life Orb\n|\n|upkeep\n|turn|31\n|l| Olme786\n|inactive|motherlove has 60 seconds left.\n|\n|t:|1781442201\n|move|p2a: Zarude|Close Combat|p1a: Qwilfish\n|-damage|p1a: Qwilfish|0 fnt\n|-unboost|p2a: Zarude|def|1\n|-unboost|p2a: Zarude|spd|1\n|faint|p1a: Qwilfish\n|-damage|p2a: Zarude|8/288|[from] item: Life Orb\n|\n|upkeep\n|\n|t:|1781442208\n|switch|p1a: Munkidori|Munkidori, L79, M|146/269\n|turn|32\n|inactive|motherlove has 60 seconds left.\n|\n|t:|1781442218\n|move|p1a: Munkidori|U-turn|p2a: Zarude\n|-resisted|p2a: Zarude\n|-damage|p2a: Zarude|0 fnt\n|faint|p2a: Zarude\n|\n|t:|1781442223\n|switch|p1a: Dunsparce|Dunsparce, L86, F, tera:Ghost|312/312|[from] U-turn\n|\n|upkeep\n|inactive|motherlove has 60 seconds left.\n|inactive|motherlove has 30 seconds left.\n|\n|t:|1781442262\n|switch|p2a: Iron Bundle|Iron Bundle, L78|90/215\n|-damage|p2a: Iron Bundle|55/215|[from] Spikes\n|turn|33\n|\n|t:|1781442266\n|move|p2a: Iron Bundle|Ice Beam|p1a: Dunsparce\n|-damage|p1a: Dunsparce|234/312\n|move|p1a: Dunsparce|Body Slam|p2a: Iron Bundle\n|-crit|p2a: Iron Bundle\n|-damage|p2a: Iron Bundle|0 fnt\n|faint|p2a: Iron Bundle\n|-end|p2a: Iron Bundle|Quark Drive|[silent]\n|\n|upkeep\n|\n|t:|1781442271\n|switch|p2a: Jirachi|Jirachi, L80|152/291\n|-damage|p2a: Jirachi|104/291|[from] Spikes\n|turn|34\n|\n|t:|1781442274\n|move|p2a: Jirachi|Iron Head|p1a: Dunsparce\n|-damage|p1a: Dunsparce|177/312\n|move|p1a: Dunsparce|Earthquake|p2a: Jirachi\n|-supereffective|p2a: Jirachi\n|-damage|p2a: Jirachi|0 fnt\n|faint|p2a: Jirachi\n|\n|win|MasterJ007\n|raw|MasterJ007's rating: 2324 &rarr; <strong>2337</strong><br />(+13 for winning)\n|raw|motherlove's rating: 2192 &rarr; <strong>2179</strong><br />(-13 for losing)\n", "inputlog": ">version a8376a258c1d4662feba110a92103f3664a72141\n>start {\"formatid\":\"gen9randombattle\",\"seed\":\"sodium,7b509fccf7492bcabd48632b0e036d23\",\"rated\":\"Rated battle\"}\n>player p1 {\"name\":\"MasterJ007\",\"avatar\":\"#rbtt7teamsuicune\",\"rating\":2324,\"seed\":\"sodium,231ad96cbc2183eeb88d181114445e5e\"}\n>player p2 {\"name\":\"motherlove\",\"avatar\":\"preschooler\",\"rating\":2192,\"seed\":\"sodium,63e8de4a6a7c4f935cf800bfa7867348\"}\n>p1 move spikes\n>p2 move taunt\n>p1 switch 4\n>p2 move swordsdance\n>p1 move substitute\n>p2 switch 4\n>p1 move toxic\n>p2 switch 3\n>p1 move earthquake\n>p2 move uturn\n>p2 switch 6\n>p1 move earthquake\n>p2 move swordsdance\n>p1 move earthquake\n>p2 move scaleshot\n>p2 switch 2\n>p1 move protect\n>p2 move freezedry\n>p1 switch 5\n>p2 move freezedry\n>p1 move bodyslam\n>p2 switch 6\n>p1 move roost\n>p2 move ironhead\n>p1 switch 4\n>p2 move ironhead\n>p1 move spikes\n>p2 switch 4\n>p1 switch 6\n>p2 move swordsdance\n>p1 move fireblast\n>p2 move ironhead\n>p2 switch 4\n>p1 move knockoff\n>p2 move uturn\n>p2 switch 6\n>p1 switch 4\n>p2 move hydropump\n>p1 move bodyslam\n>p2 move flipturn\n>p2 switch 5\n>p1 switch 5\n>p2 move highjumpkick\n>p1 move protect\n>p2 switch 3\n>p1 move protect\n>p2 move powerwhip\n>p1 switch 6\n>p2 move swordsdance\n>p1 move gunkshot\n>p2 move swordsdance terastallize\n>p1 switch 3\n>p2 move closecombat\n>p1 move psyshock\n>p2 switch 6\n>p1 switch 3\n>p2 move ironhead\n>p1 move spikes\n>p2 switch 3\n>p1 switch 6\n>p2 move highjumpkick\n>p1 switch 5\n>p1 move roost terastallize\n>p2 move highjumpkick\n>p2 switch 6\n>p1 switch 6\n>p2 move knockoff\n>p1 move crunch\n>p2 move closecombat\n>p1 switch 3\n>p1 move uturn\n>p2 move knockoff\n>p1 switch 6\n>p2 switch 5\n>p1 move bodyslam\n>p2 move icebeam\n>p2 switch 3\n>p1 move earthquake\n>p2 move ironhead", "uploadtime": 1781441601, "views": 8, "formatid": "gen9randombattle", "rating": 2179, "private": 0, "password": null}