{"id": "gen9randombattle-2631787903", "format": "[Gen 9] Random Battle", "players": ["PokeGlezpez", "kyroshero"], "log": "|j|\u2606PokeGlezpez\n|j|\u2606kyroshero\n|t:|1781439711\n|gametype|singles\n|player|p1|PokeGlezpez|ghetsis-gen5bw|1399\n|player|p2|kyroshero|drayden|1402\n|gen|9\n|tier|[Gen 9] Random Battle\n|rated|\n|rule|Species Clause: Limit one of each Pok\u00e9mon\n|rule|HP Percentage Mod: HP is shown in percentages\n|rule|Sleep Clause Mod: Limit one foe put to sleep\n|rule|Illusion Level Mod: Illusion disguises the Pok\u00e9mon's true level\n|\n|t:|1781439711\n|teamsize|p1|6\n|teamsize|p2|6\n|start\n|switch|p1a: Feraligatr|Feraligatr, L79, F|264/264\n|switch|p2a: Seviper|Seviper, L93, M|287/287\n|turn|1\n|inactive|Battle timer is ON: inactive players will automatically lose when time's up. (requested by PokeGlezpez)\n|inactive|kyroshero also wants the timer to be on.\n|\n|t:|1781439724\n|move|p2a: Seviper|Glare|p1a: Feraligatr\n|-status|p1a: Feraligatr|par\n|cant|p1a: Feraligatr|par\n|\n|upkeep\n|turn|2\n|\n|t:|1781439734\n|move|p2a: Seviper|Knock Off|p1a: Feraligatr\n|-damage|p1a: Feraligatr|150/264 par\n|-enditem|p1a: Feraligatr|Life Orb|[from] move: Knock Off|[of] p2a: Seviper\n|-damage|p2a: Seviper|259/287|[from] item: Life Orb\n|cant|p1a: Feraligatr|par\n|\n|upkeep\n|turn|3\n|\n|t:|1781439758\n|switch|p1a: Goodra|Goodra-Hisui, L82, F|265/265\n|move|p2a: Seviper|Gunk Shot|p1a: Goodra\n|-immune|p1a: Goodra\n|\n|upkeep\n|turn|4\n|\n|t:|1781439768\n|move|p2a: Seviper|Glare|p1a: Goodra\n|-status|p1a: Goodra|par\n|move|p1a: Goodra|Earthquake|p2a: Seviper\n|-supereffective|p2a: Seviper\n|-damage|p2a: Seviper|91/287\n|\n|upkeep\n|turn|5\n|\n|t:|1781439775\n|move|p2a: Seviper|Knock Off|p1a: Goodra\n|-damage|p1a: Goodra|158/265 par\n|-enditem|p1a: Goodra|Assault Vest|[from] move: Knock Off|[of] p2a: Seviper\n|-damage|p2a: Seviper|63/287|[from] item: Life Orb\n|cant|p1a: Goodra|par\n|\n|upkeep\n|turn|6\n|\n|t:|1781439785\n|switch|p2a: Araquanid|Araquanid, L82, F|246/246\n|move|p1a: Goodra|Knock Off|p2a: Araquanid\n|-damage|p2a: Araquanid|185/246\n|-enditem|p2a: Araquanid|Heavy-Duty Boots|[from] move: Knock Off|[of] p1a: Goodra\n|\n|upkeep\n|turn|7\n|\n|t:|1781439796\n|move|p2a: Araquanid|Sticky Web|p1a: Goodra\n|-sidestart|p1: PokeGlezpez|move: Sticky Web\n|move|p1a: Goodra|Heavy Slam|p2a: Araquanid\n|-resisted|p2a: Araquanid\n|-damage|p2a: Araquanid|132/246\n|\n|upkeep\n|turn|8\n|\n|t:|1781439813\n|switch|p2a: Gogoat|Gogoat, L88, F|360/360\n|move|p1a: Goodra|Draco Meteor|p2a: Gogoat|[miss]\n|-miss|p1a: Goodra|p2a: Gogoat\n|\n|upkeep\n|turn|9\n|\n|t:|1781439821\n|move|p2a: Gogoat|Bulk Up|p2a: Gogoat\n|-boost|p2a: Gogoat|atk|1\n|-boost|p2a: Gogoat|def|1\n|move|p1a: Goodra|Draco Meteor|p2a: Gogoat\n|-damage|p2a: Gogoat|221/360\n|-unboost|p1a: Goodra|spa|2\n|\n|-heal|p2a: Gogoat|243/360|[from] item: Leftovers\n|upkeep\n|turn|10\n|\n|t:|1781439829\n|move|p2a: Gogoat|Bulk Up|p2a: Gogoat\n|-boost|p2a: Gogoat|atk|1\n|-boost|p2a: Gogoat|def|1\n|move|p1a: Goodra|Knock Off|p2a: Gogoat\n|-damage|p2a: Gogoat|198/360\n|-enditem|p2a: Gogoat|Leftovers|[from] move: Knock Off|[of] p1a: Goodra\n|\n|upkeep\n|turn|11\n|\n|t:|1781439837\n|move|p2a: Gogoat|Milk Drink|p2a: Gogoat\n|-heal|p2a: Gogoat|360/360\n|move|p1a: Goodra|Draco Meteor|p2a: Gogoat\n|-damage|p2a: Gogoat|293/360\n|-unboost|p1a: Goodra|spa|2\n|\n|upkeep\n|turn|12\n|\n|t:|1781439843\n|move|p2a: Gogoat|Bulk Up|p2a: Gogoat\n|-boost|p2a: Gogoat|atk|1\n|-boost|p2a: Gogoat|def|1\n|cant|p1a: Goodra|par\n|\n|upkeep\n|turn|13\n|-message|PokeGlezpez forfeited.\n|\n|win|kyroshero\n|raw|PokeGlezpez's rating: 1399 &rarr; <strong>1379</strong><br />(-20 for losing)\n|raw|kyroshero's rating: 1402 &rarr; <strong>1422</strong><br />(+20 for winning)\n|l|\u2606PokeGlezpez\n|player|p1|\n", "uploadtime": 1781439861, "views": 2, "formatid": "gen9randombattle", "rating": 1379, "private": 0, "password": null}