{"id": "gen9randombattle-2631612836", "format": "[Gen 9] Random Battle", "players": ["gangsta spongebob", "ape-trebuchet"], "log": "|j|\u2606gangsta spongebob\n|j|\u2606ape-trebuchet\n|t:|1781408849\n|gametype|singles\n|player|p1|gangsta spongebob|170|1936\n|player|p2|ape-trebuchet|swimmer-gen4dp|1939\n|gen|9\n|tier|[Gen 9] Random Battle\n|rated|\n|rule|Species Clause: Limit one of each Pok\u00e9mon\n|rule|HP Percentage Mod: HP is shown in percentages\n|rule|Sleep Clause Mod: Limit one foe put to sleep\n|rule|Illusion Level Mod: Illusion disguises the Pok\u00e9mon's true level\n|\n|t:|1781408849\n|teamsize|p1|6\n|teamsize|p2|6\n|start\n|switch|p1a: Uxie|Uxie, L83|260/260\n|switch|p2a: Hariyama|Hariyama, L87, M|392/392\n|turn|1\n|inactive|Battle timer is ON: inactive players will automatically lose when time's up. (requested by ape-trebuchet)\n|c|\u2606gangsta spongebob|gl hf\n|\n|t:|1781408863\n|move|p1a: Uxie|Knock Off|p2a: Hariyama\n|-resisted|p2a: Hariyama\n|-damage|p2a: Hariyama|359/392\n|-enditem|p2a: Hariyama|Flame Orb|[from] move: Knock Off|[of] p1a: Uxie\n|move|p2a: Hariyama|Knock Off|p1a: Uxie\n|-supereffective|p1a: Uxie\n|-damage|p1a: Uxie|120/260\n|-enditem|p1a: Uxie|Leftovers|[from] move: Knock Off|[of] p2a: Hariyama\n|\n|upkeep\n|turn|2\n|\n|t:|1781408872\n|move|p1a: Uxie|Stealth Rock|p2a: Hariyama\n|-sidestart|p2: ape-trebuchet|move: Stealth Rock\n|move|p2a: Hariyama|Knock Off|p1a: Uxie\n|-supereffective|p1a: Uxie\n|-damage|p1a: Uxie|32/260\n|\n|upkeep\n|turn|3\n|\n|t:|1781408875\n|move|p1a: Uxie|Psychic Noise|p2a: Hariyama\n|-supereffective|p2a: Hariyama\n|-damage|p2a: Hariyama|179/392\n|-start|p2a: Hariyama|move: Heal Block\n|move|p2a: Hariyama|Knock Off|p1a: Uxie\n|-supereffective|p1a: Uxie\n|-damage|p1a: Uxie|0 fnt\n|faint|p1a: Uxie\n|\n|upkeep\n|\n|t:|1781408881\n|switch|p1a: Gallade|Gallade, L80, M|240/240\n|turn|4\n|\n|t:|1781408884\n|move|p1a: Gallade|Sacred Sword|p2a: Hariyama\n|-damage|p2a: Hariyama|0 fnt\n|faint|p2a: Hariyama\n|\n|upkeep\n|\n|t:|1781408888\n|switch|p2a: Plusle|Plusle, L95, M|268/268\n|-damage|p2a: Plusle|235/268|[from] Stealth Rock\n|turn|5\n|\n|t:|1781408893\n|move|p2a: Plusle|Alluring Voice|p1a: Gallade\n|-supereffective|p1a: Gallade\n|-damage|p1a: Gallade|87/240\n|-damage|p2a: Plusle|209/268|[from] item: Life Orb\n|move|p1a: Gallade|Sacred Sword|p2a: Plusle\n|-damage|p2a: Plusle|0 fnt\n|faint|p2a: Plusle\n|\n|upkeep\n|\n|t:|1781408896\n|switch|p2a: Lumineon|Lumineon, L93, M|279/279\n|turn|6\n|\n|t:|1781408913\n|switch|p1a: Okidogi|Okidogi, L77, M|262/262\n|move|p2a: Lumineon|Hydro Pump|p1a: Okidogi\n|-damage|p1a: Okidogi|181/262\n|\n|upkeep\n|turn|7\n|\n|t:|1781408919\n|move|p2a: Lumineon|Hydro Pump|p1a: Okidogi\n|-damage|p1a: Okidogi|100/262\n|move|p1a: Okidogi|Drain Punch|p2a: Lumineon\n|-damage|p2a: Lumineon|198/279\n|-heal|p1a: Okidogi|141/262|[from] drain|[of] p2a: Lumineon\n|\n|upkeep\n|turn|8\n|\n|t:|1781408928\n|switch|p2a: Noctowl|Noctowl, L95, F|344/344\n|move|p1a: Okidogi|Drain Punch|p2a: Noctowl\n|-damage|p2a: Noctowl|226/344\n|-heal|p1a: Okidogi|200/262|[from] drain|[of] p2a: Noctowl\n|\n|upkeep\n|turn|9\n|\n|t:|1781408931\n|switch|p1a: Zebstrika|Zebstrika, L87, M|272/272\n|move|p2a: Noctowl|Hurricane|p1a: Zebstrika\n|-resisted|p1a: Zebstrika\n|-damage|p1a: Zebstrika|104/272\n|\n|upkeep\n|turn|10\n|\n|t:|1781408940\n|switch|p2a: Lumineon|Lumineon, L93, M|198/279\n|move|p1a: Zebstrika|Supercell Slam|p2a: Lumineon\n|-supereffective|p2a: Lumineon\n|-damage|p2a: Lumineon|0 fnt\n|faint|p2a: Lumineon\n|-damage|p1a: Zebstrika|77/272|[from] item: Life Orb\n|\n|upkeep\n|\n|t:|1781408942\n|switch|p2a: Stonjourner|Stonjourner, L91, F|330/330\n|-damage|p2a: Stonjourner|289/330|[from] Stealth Rock\n|turn|11\n|\n|t:|1781408946\n|move|p1a: Zebstrika|Volt Switch|p2a: Stonjourner\n|-damage|p2a: Stonjourner|93/330\n|-damage|p1a: Zebstrika|50/272|[from] item: Life Orb\n|\n|t:|1781408950\n|switch|p1a: Regigigas|Regigigas, L84|322/322|[from] Volt Switch\n|-start|p1a: Regigigas|ability: Slow Start\n|move|p2a: Stonjourner|Earthquake|p1a: Regigigas\n|-damage|p1a: Regigigas|208/322\n|-damage|p2a: Stonjourner|60/330|[from] item: Life Orb\n|\n|-heal|p1a: Regigigas|228/322|[from] item: Leftovers\n|upkeep\n|turn|12\n|\n|t:|1781408957\n|switch|p2a: Noctowl|Noctowl, L95, F|226/344\n|move|p1a: Regigigas|Protect||[still]\n|-fail|p1a: Regigigas\n|\n|-heal|p1a: Regigigas|248/322|[from] item: Leftovers\n|upkeep\n|turn|13\n|\n|t:|1781408961\n|move|p1a: Regigigas|Protect|p1a: Regigigas\n|-singleturn|p1a: Regigigas|Protect\n|move|p2a: Noctowl|Nasty Plot|p2a: Noctowl\n|-boost|p2a: Noctowl|spa|2\n|\n|-heal|p1a: Regigigas|268/322|[from] item: Leftovers\n|upkeep\n|turn|14\n|\n|t:|1781408964\n|move|p2a: Noctowl|Hurricane|p1a: Regigigas|[miss]\n|-miss|p2a: Noctowl|p1a: Regigigas\n|move|p1a: Regigigas|Body Slam|p2a: Noctowl\n|-damage|p2a: Noctowl|132/344\n|-status|p2a: Noctowl|par\n|\n|-heal|p1a: Regigigas|288/322|[from] item: Leftovers\n|upkeep\n|turn|15\n|-message|ape-trebuchet forfeited.\n|\n|win|gangsta spongebob\n", "inputlog": ">version a8376a258c1d4662feba110a92103f3664a72141\n>start {\"formatid\":\"gen9randombattle\",\"seed\":\"sodium,fb6ad1fc52e3934e8f5a7d4577ea3164\",\"rated\":\"Rated battle\"}\n>player p1 {\"name\":\"gangsta spongebob\",\"avatar\":\"170\",\"rating\":1936,\"seed\":\"sodium,3de151caa13d7df15e18652837e7d990\"}\n>player p2 {\"name\":\"ape-trebuchet\",\"avatar\":\"swimmer-gen4dp\",\"rating\":1939,\"seed\":\"sodium,e5cf748d2d9625128237157a11bf1532\"}\n>chat \u2606gangsta spongebob|gl hf\n>p1 move knockoff\n>p2 move knockoff\n>p1 move stealthrock\n>p2 move knockoff\n>p1 move psychicnoise\n>p2 move knockoff\n>p1 switch 5\n>p1 move sacredsword\n>p2 move knockoff\n>p2 switch 6\n>p1 move sacredsword\n>p2 move alluringvoice\n>p2 switch 4\n>p1 switch 6\n>p2 move hydropump\n>p1 move drainpunch\n>p2 move hydropump\n>p1 move drainpunch\n>p2 switch 2\n>p1 switch 4\n>p2 move hurricane\n>p1 move supercellslam\n>p2 switch 2\n>p2 switch 5\n>p1 move voltswitch\n>p2 move earthquake\n>p1 switch 3\n>p1 move protect\n>p2 switch 2\n>p1 move protect\n>p2 move nastyplot\n>p1 move bodyslam\n>p2 move hurricane\n>forcelose p2", "uploadtime": 1781408851, "views": 5, "formatid": "gen9randombattle", "rating": null, "private": 0, "password": null}