{"id": "gen9randombattle-2631616260", "format": "[Gen 9] Random Battle", "players": ["rbarvqcqeqec", "wefwefrwerrrrr"], "log": "|j|\u2606rbarvqcqeqec\n|j|\u2606wefwefrwerrrrr\n|t:|1781409370\n|gametype|singles\n|player|p1|rbarvqcqeqec|102|1000\n|player|p2|wefwefrwerrrrr|265|1000\n|gen|9\n|tier|[Gen 9] Random Battle\n|rated|\n|rule|Species Clause: Limit one of each Pok\u00e9mon\n|rule|HP Percentage Mod: HP is shown in percentages\n|rule|Sleep Clause Mod: Limit one foe put to sleep\n|rule|Illusion Level Mod: Illusion disguises the Pok\u00e9mon's true level\n|\n|t:|1781409370\n|teamsize|p1|6\n|teamsize|p2|6\n|start\n|switch|p1a: Vespiquen|Vespiquen, L99, F|299/299\n|switch|p2a: Malamar|Malamar, L82, M|275/275\n|-ability|p1a: Vespiquen|Pressure\n|turn|1\n|inactive|Battle timer is ON: inactive players will automatically lose when time's up. (requested by wefwefrwerrrrr)\n|\n|t:|1781409379\n|switch|p2a: Pecharunt|Pecharunt, L77|262/262\n|move|p1a: Vespiquen|Toxic|p2a: Pecharunt\n|-immune|p2a: Pecharunt\n|\n|upkeep\n|turn|2\n|\n|t:|1781409398\n|switch|p1a: Meowstic|Meowstic, L89, M|277/277\n|move|p2a: Pecharunt|Malignant Chain|p1a: Meowstic\n|-damage|p1a: Meowstic|199/277\n|\n|upkeep\n|turn|3\n|\n|t:|1781409405\n|switch|p2a: Malamar|Malamar, L82, M|275/275\n|move|p1a: Meowstic|Psychic Noise|p2a: Malamar\n|-immune|p2a: Malamar\n|\n|upkeep\n|turn|4\n|\n|t:|1781409421\n|move|p1a: Meowstic|Reflect|p1a: Meowstic\n|-sidestart|p1: rbarvqcqeqec|Reflect\n|move|p2a: Malamar|Knock Off|p1a: Meowstic\n|-supereffective|p1a: Meowstic\n|-damage|p1a: Meowstic|100/277\n|-enditem|p1a: Meowstic|Light Clay|[from] move: Knock Off|[of] p2a: Malamar\n|\n|upkeep\n|turn|5\n|\n|t:|1781409429\n|switch|p1a: Tornadus|Tornadus-Therian, L79, M|254/254\n|move|p2a: Malamar|Superpower|p1a: Tornadus\n|-resisted|p1a: Tornadus\n|-damage|p1a: Tornadus|231/254\n|-boost|p2a: Malamar|atk|1\n|-boost|p2a: Malamar|def|1\n|\n|upkeep\n|turn|6\n|\n|t:|1781409437\n|move|p1a: Tornadus|U-turn|p2a: Malamar\n|-supereffective|p2a: Malamar\n|-damage|p2a: Malamar|155/275\n|\n|t:|1781409439\n|switch|p1a: Meowstic|Meowstic, L89, M|100/277|[from] U-turn\n|move|p2a: Malamar|Knock Off|p1a: Meowstic\n|-supereffective|p1a: Meowstic\n|-damage|p1a: Meowstic|4/277\n|\n|-heal|p2a: Malamar|172/275|[from] item: Leftovers\n|upkeep\n|turn|7\n|\n|t:|1781409445\n|move|p1a: Meowstic|Light Screen|p1a: Meowstic\n|-sidestart|p1: rbarvqcqeqec|move: Light Screen\n|move|p2a: Malamar|Superpower|p1a: Meowstic\n|-resisted|p1a: Meowstic\n|-damage|p1a: Meowstic|0 fnt\n|-boost|p2a: Malamar|atk|1\n|-boost|p2a: Malamar|def|1\n|faint|p1a: Meowstic\n|\n|-heal|p2a: Malamar|189/275|[from] item: Leftovers\n|upkeep\n|\n|t:|1781409454\n|switch|p1a: Tornadus|Tornadus-Therian, L79, M|254/254\n|turn|8\n|\n|t:|1781409461\n|move|p1a: Tornadus|Bleakwind Storm|p2a: Malamar\n|-damage|p2a: Malamar|0 fnt\n|faint|p2a: Malamar\n|\n|upkeep\n|\n|t:|1781409484\n|switch|p2a: Flygon|Flygon, L82, M|265/265\n|turn|9\n|\n|t:|1781409500\n|-terastallize|p2a: Flygon|Steel\n|move|p1a: Tornadus|Bleakwind Storm|p2a: Flygon|[miss]\n|-miss|p1a: Tornadus|p2a: Flygon\n|move|p2a: Flygon|Dragon Dance|p2a: Flygon\n|-boost|p2a: Flygon|atk|1\n|-boost|p2a: Flygon|spe|1\n|\n|upkeep\n|turn|10\n|\n|t:|1781409510\n|switch|p1a: Scovillain|Scovillain, L91, M|266/266\n|move|p2a: Flygon|Dragon Dance|p2a: Flygon\n|-boost|p2a: Flygon|atk|1\n|-boost|p2a: Flygon|spe|1\n|\n|upkeep\n|turn|11\n|\n|t:|1781409523\n|move|p2a: Flygon|Stone Edge|p1a: Scovillain\n|-supereffective|p1a: Scovillain\n|-damage|p1a: Scovillain|107/266\n|move|p1a: Scovillain|Flamethrower|p2a: Flygon\n|-supereffective|p2a: Flygon\n|-damage|p2a: Flygon|19/265\n|\n|-heal|p1a: Scovillain|123/266|[from] item: Leftovers\n|-sideend|p1: rbarvqcqeqec|Reflect\n|-sideend|p1: rbarvqcqeqec|move: Light Screen\n|upkeep\n|turn|12\n|\n|t:|1781409533\n|move|p1a: Scovillain|Protect|p1a: Scovillain\n|-singleturn|p1a: Scovillain|Protect\n|move|p2a: Flygon|Earthquake|p1a: Scovillain\n|-activate|p1a: Scovillain|move: Protect\n|\n|-heal|p1a: Scovillain|139/266|[from] item: Leftovers\n|upkeep\n|turn|13\n|\n|t:|1781409545\n|switch|p1a: Tornadus|Tornadus-Therian, L79, M|254/254\n|move|p2a: Flygon|Stone Edge|p1a: Tornadus\n|-supereffective|p1a: Tornadus\n|-crit|p1a: Tornadus\n|-damage|p1a: Tornadus|0 fnt\n|faint|p1a: Tornadus\n|\n|upkeep\n|\n|t:|1781409547\n|switch|p1a: Bruxish|Bruxish, L85, M|254/254\n|turn|14\n|\n|t:|1781409554\n|move|p1a: Bruxish|Aqua Jet|p2a: Flygon\n|-damage|p2a: Flygon|0 fnt\n|faint|p2a: Flygon\n|\n|upkeep\n|\n|t:|1781409557\n|switch|p2a: Latios|Latios, L78, M|253/253\n|turn|15\n|\n|t:|1781409561\n|switch|p1a: Vespiquen|Vespiquen, L99, F|299/299\n|-ability|p1a: Vespiquen|Pressure\n|move|p2a: Latios|Luster Purge|p1a: Vespiquen\n|-damage|p1a: Vespiquen|161/299\n|-unboost|p1a: Vespiquen|spd|1\n|\n|upkeep\n|turn|16\n|\n|t:|1781409574\n|-terastallize|p1a: Vespiquen|Steel\n|move|p2a: Latios|Luster Purge|p1a: Vespiquen\n|-resisted|p1a: Vespiquen\n|-damage|p1a: Vespiquen|68/299\n|-unboost|p1a: Vespiquen|spd|1\n|move|p1a: Vespiquen|Roost|p1a: Vespiquen\n|-heal|p1a: Vespiquen|218/299\n|\n|upkeep\n|turn|17\n|\n|t:|1781409580\n|switch|p1a: Bruxish|Bruxish, L85, M|254/254\n|move|p2a: Latios|Luster Purge|p1a: Bruxish\n|-resisted|p1a: Bruxish\n|-damage|p1a: Bruxish|164/254\n|-unboost|p1a: Bruxish|spd|1\n|\n|upkeep\n|turn|18\n|\n|t:|1781409584\n|move|p2a: Latios|Luster Purge|p1a: Bruxish\n|-resisted|p1a: Bruxish\n|-damage|p1a: Bruxish|17/254\n|move|p1a: Bruxish|Crunch|p2a: Latios\n|-supereffective|p2a: Latios\n|-damage|p2a: Latios|0 fnt\n|faint|p2a: Latios\n|\n|upkeep\n|\n|t:|1781409600\n|switch|p2a: Avalugg|Avalugg, L88, M|310/310\n|turn|19\n|\n|t:|1781409607\n|switch|p1a: Scovillain|Scovillain, L91, M|139/266\n|move|p2a: Avalugg|Rapid Spin|p1a: Scovillain\n|-damage|p1a: Scovillain|84/266\n|-boost|p2a: Avalugg|spe|1\n|\n|-heal|p1a: Scovillain|100/266|[from] item: Leftovers\n|upkeep\n|turn|20\n|\n|t:|1781409611\n|move|p1a: Scovillain|Leech Seed|p2a: Avalugg|[miss]\n|-miss|p1a: Scovillain|p2a: Avalugg\n|move|p2a: Avalugg|Rapid Spin|p1a: Scovillain\n|-damage|p1a: Scovillain|47/266\n|-boost|p2a: Avalugg|spe|1\n|\n|-heal|p1a: Scovillain|63/266|[from] item: Leftovers\n|upkeep\n|turn|21\n|\n|t:|1781409615\n|move|p2a: Avalugg|Body Press|p1a: Scovillain\n|-damage|p1a: Scovillain|0 fnt\n|faint|p1a: Scovillain\n|\n|upkeep\n|\n|t:|1781409619\n|switch|p1a: Vespiquen|Vespiquen, L99, F, tera:Steel|218/299\n|-ability|p1a: Vespiquen|Pressure\n|turn|22\n|\n|t:|1781409621\n|move|p2a: Avalugg|Body Press|p1a: Vespiquen\n|-supereffective|p1a: Vespiquen\n|-crit|p1a: Vespiquen\n|-damage|p1a: Vespiquen|0 fnt\n|faint|p1a: Vespiquen\n|\n|upkeep\n|inactive|rbarvqcqeqec has 120 seconds left.\n|inactive|rbarvqcqeqec has 90 seconds left.\n|inactive|rbarvqcqeqec has 60 seconds left.\n|inactive|rbarvqcqeqec has 30 seconds left.\n|inactive|rbarvqcqeqec has 20 seconds left.\n|inactive|rbarvqcqeqec has 15 seconds left.\n|inactive|rbarvqcqeqec has 10 seconds left.\n|inactive|rbarvqcqeqec has 5 seconds left.\n|-message|rbarvqcqeqec lost due to inactivity.\n|\n|win|wefwefrwerrrrr\n|raw|rbarvqcqeqec's rating: 1000 &rarr; <strong>1000</strong><br />(+0 for losing)\n|raw|wefwefrwerrrrr's rating: 1000 &rarr; <strong>1040</strong><br />(+40 for winning)\n", "inputlog": ">version a8376a258c1d4662feba110a92103f3664a72141\n>start {\"formatid\":\"gen9randombattle\",\"seed\":\"sodium,f376f3e7f2f7abd0fe2eccc2029ce8bb\",\"rated\":\"Rated battle\"}\n>player p1 {\"name\":\"rbarvqcqeqec\",\"avatar\":\"102\",\"rating\":1000,\"seed\":\"sodium,d4c421c67f74a93dba44bf2c3a17e4c3\"}\n>player p2 {\"name\":\"wefwefrwerrrrr\",\"avatar\":\"265\",\"rating\":1000,\"seed\":\"sodium,436eebd620c2890fab55b87f8e0fbb70\"}\n>p1 move toxic\n>p2 switch 4\n>p1 switch 4\n>p2 move malignantchain\n>p1 move psychicnoise\n>p2 switch 4\n>p1 move reflect\n>p2 move knockoff\n>p1 switch 3\n>p2 move superpower\n>p1 move uturn\n>p2 move knockoff\n>p1 switch 3\n>p1 move lightscreen\n>p2 move superpower\n>p1 switch 3\n>p1 move bleakwindstorm\n>p2 move rest\n>p2 switch 2\n>p1 move bleakwindstorm\n>p2 move dragondance terastallize\n>p1 switch 5\n>p2 move dragondance\n>p1 move flamethrower\n>p2 move stoneedge\n>p1 move protect\n>p2 move earthquake\n>p1 switch 5\n>p2 move stoneedge\n>p1 switch 6\n>p1 move aquajet\n>p2 move outrage\n>p2 switch 3\n>p1 switch 4\n>p2 move lusterpurge\n>p1 move roost terastallize\n>p2 move lusterpurge\n>p1 switch 4\n>p2 move lusterpurge\n>p1 move crunch\n>p2 move lusterpurge\n>p2 switch 6\n>p1 switch 5\n>p2 move rapidspin\n>p1 move leechseed\n>p2 move rapidspin\n>p1 move flamethrower\n>p2 move bodypress\n>p1 switch 4\n>p1 move toxic\n>p2 move bodypress\n>forcelose p1", "uploadtime": 1781409778, "views": 8, "formatid": "gen9randombattle", "rating": 1000, "private": 0, "password": null}