{"id": "gen9randombattle-2631632147", "format": "[Gen 9] Random Battle", "players": ["tttfy", "juanpaspace13"], "log": "|j|\u2606tttfy\n|j|\u2606juanpaspace13\n|t:|1781411876\n|gametype|singles\n|player|p1|tttfy|hiker-gen4|1096\n|player|p2|juanpaspace13|brawly|1106\n|gen|9\n|tier|[Gen 9] Random Battle\n|rated|\n|rule|Species Clause: Limit one of each Pok\u00e9mon\n|rule|HP Percentage Mod: HP is shown in percentages\n|rule|Sleep Clause Mod: Limit one foe put to sleep\n|rule|Illusion Level Mod: Illusion disguises the Pok\u00e9mon's true level\n|\n|t:|1781411876\n|teamsize|p1|6\n|teamsize|p2|6\n|start\n|switch|p1a: Tinkaton|Tinkaton, L82, F|274/274\n|switch|p2a: Inteleon|Inteleon, L81, M|246/246\n|-ability|p1a: Tinkaton|Mold Breaker\n|turn|1\n|inactive|Battle timer is ON: inactive players will automatically lose when time's up. (requested by tttfy)\n|\n|t:|1781411883\n|move|p2a: Inteleon|U-turn|p1a: Tinkaton\n|-resisted|p1a: Tinkaton\n|-damage|p1a: Tinkaton|261/274\n|\n|t:|1781411888\n|switch|p2a: Oinkologne|Oinkologne-F, L92, F|361/361|[from] U-turn\n|move|p1a: Tinkaton|Thunder Wave|p2a: Oinkologne\n|-status|p2a: Oinkologne|par\n|\n|-heal|p1a: Tinkaton|274/274|[from] item: Leftovers\n|upkeep\n|turn|2\n|\n|t:|1781411898\n|move|p1a: Tinkaton|Stealth Rock|p2a: Oinkologne\n|-sidestart|p2: juanpaspace13|move: Stealth Rock\n|move|p2a: Oinkologne|Curse|p2a: Oinkologne\n|-unboost|p2a: Oinkologne|spe|1\n|-boost|p2a: Oinkologne|atk|1\n|-boost|p2a: Oinkologne|def|1\n|\n|upkeep\n|turn|3\n|\n|t:|1781411904\n|move|p1a: Tinkaton|Gigaton Hammer|p2a: Oinkologne\n|-damage|p2a: Oinkologne|256/361 par\n|move|p2a: Oinkologne|Curse|p2a: Oinkologne\n|-unboost|p2a: Oinkologne|spe|1\n|-boost|p2a: Oinkologne|atk|1\n|-boost|p2a: Oinkologne|def|1\n|\n|-heal|p2a: Oinkologne|278/361 par|[from] item: Leftovers\n|upkeep\n|turn|4\n|\n|t:|1781411913\n|move|p1a: Tinkaton|Play Rough|p2a: Oinkologne\n|-damage|p2a: Oinkologne|238/361 par\n|move|p2a: Oinkologne|Curse|p2a: Oinkologne\n|-unboost|p2a: Oinkologne|spe|1\n|-boost|p2a: Oinkologne|atk|1\n|-boost|p2a: Oinkologne|def|1\n|\n|-heal|p2a: Oinkologne|260/361 par|[from] item: Leftovers\n|upkeep\n|turn|5\n|\n|t:|1781411928\n|move|p1a: Tinkaton|Play Rough|p2a: Oinkologne\n|-damage|p2a: Oinkologne|224/361 par\n|move|p2a: Oinkologne|Curse|p2a: Oinkologne\n|-unboost|p2a: Oinkologne|spe|1\n|-boost|p2a: Oinkologne|atk|1\n|-boost|p2a: Oinkologne|def|1\n|\n|-heal|p2a: Oinkologne|246/361 par|[from] item: Leftovers\n|upkeep\n|turn|6\n|\n|t:|1781411935\n|move|p1a: Tinkaton|Gigaton Hammer|p2a: Oinkologne\n|-damage|p2a: Oinkologne|195/361 par\n|move|p2a: Oinkologne|Curse|p2a: Oinkologne\n|-unboost|p2a: Oinkologne|spe|1\n|-boost|p2a: Oinkologne|atk|1\n|-boost|p2a: Oinkologne|def|1\n|\n|-heal|p2a: Oinkologne|217/361 par|[from] item: Leftovers\n|upkeep\n|turn|7\n|\n|t:|1781411944\n|move|p1a: Tinkaton|Play Rough|p2a: Oinkologne\n|-damage|p2a: Oinkologne|195/361 par\n|move|p2a: Oinkologne|Curse|p2a: Oinkologne\n|-unboost|p2a: Oinkologne|spe|1\n|-boost|p2a: Oinkologne|atk|1\n|-boost|p2a: Oinkologne|def|1\n|\n|-heal|p2a: Oinkologne|217/361 par|[from] item: Leftovers\n|upkeep\n|turn|8\n|\n|t:|1781411948\n|move|p1a: Tinkaton|Gigaton Hammer|p2a: Oinkologne\n|-damage|p2a: Oinkologne|183/361 par\n|move|p2a: Oinkologne|Body Slam|p1a: Tinkaton\n|-resisted|p1a: Tinkaton\n|-damage|p1a: Tinkaton|44/274\n|\n|-heal|p1a: Tinkaton|61/274|[from] item: Leftovers\n|-heal|p2a: Oinkologne|205/361 par|[from] item: Leftovers\n|upkeep\n|turn|9\n|\n|t:|1781411958\n|move|p1a: Tinkaton|Play Rough|p2a: Oinkologne\n|-damage|p2a: Oinkologne|184/361 par\n|move|p2a: Oinkologne|Body Slam|p1a: Tinkaton\n|-resisted|p1a: Tinkaton\n|-damage|p1a: Tinkaton|0 fnt\n|faint|p1a: Tinkaton\n|\n|-heal|p2a: Oinkologne|206/361 par|[from] item: Leftovers\n|upkeep\n|\n|t:|1781411963\n|switch|p1a: Froslass|Froslass, L87, F|263/263\n|turn|10\n|\n|t:|1781411974\n|switch|p2a: Ribombee|Ribombee, L83, M|235/235\n|move|p1a: Froslass|Destiny Bond|p1a: Froslass\n|-singlemove|p1a: Froslass|Destiny Bond\n|\n|upkeep\n|turn|11\n|\n|t:|1781411979\n|move|p2a: Ribombee|Quiver Dance|p2a: Ribombee\n|-boost|p2a: Ribombee|spa|1\n|-boost|p2a: Ribombee|spd|1\n|-boost|p2a: Ribombee|spe|1\n|move|p1a: Froslass|Poltergeist|p2a: Ribombee\n|-activate|p2a: Ribombee|move: Poltergeist|Heavy-Duty Boots\n|-damage|p2a: Ribombee|94/235\n|\n|upkeep\n|turn|12\n|\n|t:|1781411995\n|move|p2a: Ribombee|Bug Buzz|p1a: Froslass\n|-resisted|p1a: Froslass\n|-damage|p1a: Froslass|183/263\n|move|p1a: Froslass|Triple Axel|p2a: Ribombee\n|-damage|p2a: Ribombee|69/235\n|-damage|p2a: Ribombee|12/235\n|-damage|p2a: Ribombee|0 fnt\n|faint|p2a: Ribombee\n|-hitcount|p2: Ribombee|3\n|\n|upkeep\n|\n|t:|1781412003\n|switch|p2a: Ampharos|Ampharos, L88, F|302/302\n|-damage|p2a: Ampharos|265/302|[from] Stealth Rock\n|turn|13\n|\n|t:|1781412007\n|move|p1a: Froslass|Will-O-Wisp|p2a: Ampharos\n|-status|p2a: Ampharos|brn\n|move|p2a: Ampharos|Thunderbolt|p1a: Froslass\n|-damage|p1a: Froslass|0 fnt\n|faint|p1a: Froslass\n|\n|-damage|p2a: Ampharos|247/302 brn|[from] brn\n|upkeep\n|\n|t:|1781412013\n|switch|p1a: Dugtrio|Dugtrio, L84, M|196/196\n|turn|14\n|\n|t:|1781412022\n|move|p1a: Dugtrio|Earthquake|p2a: Ampharos\n|-supereffective|p2a: Ampharos\n|-damage|p2a: Ampharos|0 fnt\n|faint|p2a: Ampharos\n|\n|upkeep\n|\n|t:|1781412026\n|switch|p2a: Altaria|Altaria, L89, F|278/278\n|turn|15\n|\n|t:|1781412038\n|switch|p1a: Latios|Latios, L78, M|253/253\n|move|p2a: Altaria|Will-O-Wisp|p1a: Latios|[miss]\n|-miss|p2a: Altaria|p1a: Latios\n|\n|upkeep\n|turn|16\n|\n|t:|1781412047\n|move|p1a: Latios|Calm Mind|p1a: Latios\n|-boost|p1a: Latios|spa|1\n|-boost|p1a: Latios|spd|1\n|move|p2a: Altaria|Will-O-Wisp|p1a: Latios\n|-status|p1a: Latios|brn\n|\n|-damage|p1a: Latios|238/253 brn|[from] brn\n|upkeep\n|turn|17\n|\n|t:|1781412052\n|move|p1a: Latios|Calm Mind|p1a: Latios\n|-boost|p1a: Latios|spa|1\n|-boost|p1a: Latios|spd|1\n|move|p2a: Altaria|Defog|p1a: Latios\n|-unboost|p1a: Latios|evasion|1\n|-sideend|p2: juanpaspace13|Stealth Rock|[from] move: Defog|[of] p2a: Altaria\n|\n|-damage|p1a: Latios|223/253 brn|[from] brn\n|upkeep\n|turn|18\n|\n|t:|1781412065\n|-terastallize|p1a: Latios|Steel\n|move|p1a: Latios|Draco Meteor|p2a: Altaria|[miss]\n|-miss|p1a: Latios|p2a: Altaria\n|move|p2a: Altaria|Brave Bird|p1a: Latios\n|-resisted|p1a: Latios\n|-damage|p1a: Latios|154/253 brn\n|-damage|p2a: Altaria|255/278|[from] Recoil\n|\n|-damage|p1a: Latios|139/253 brn|[from] brn\n|upkeep\n|turn|19\n|\n|t:|1781412074\n|move|p1a: Latios|Draco Meteor|p2a: Altaria\n|-supereffective|p2a: Altaria\n|-damage|p2a: Altaria|0 fnt\n|-unboost|p1a: Latios|spa|2\n|faint|p2a: Altaria\n|\n|-damage|p1a: Latios|124/253 brn|[from] brn\n|upkeep\n|\n|t:|1781412079\n|switch|p2a: Oinkologne|Oinkologne-F, L92, F|206/361 par\n|turn|20\n|\n|t:|1781412082\n|move|p1a: Latios|Recover|p1a: Latios\n|-heal|p1a: Latios|251/253 brn\n|move|p2a: Oinkologne|Rest|p2a: Oinkologne\n|-status|p2a: Oinkologne|slp|[from] move: Rest\n|-heal|p2a: Oinkologne|361/361 slp|[silent]\n|\n|-damage|p1a: Latios|236/253 brn|[from] brn\n|upkeep\n|turn|21\n|\n|t:|1781412087\n|move|p1a: Latios|Calm Mind|p1a: Latios\n|-boost|p1a: Latios|spa|1\n|-boost|p1a: Latios|spd|1\n|cant|p2a: Oinkologne|slp\n|move|p2a: Oinkologne|Sleep Talk|p2a: Oinkologne\n|move|p2a: Oinkologne|Curse|p2a: Oinkologne|[from] move: Sleep Talk\n|-unboost|p2a: Oinkologne|spe|1\n|-boost|p2a: Oinkologne|atk|1\n|-boost|p2a: Oinkologne|def|1\n|\n|-damage|p1a: Latios|221/253 brn|[from] brn\n|upkeep\n|turn|22\n|\n|t:|1781412096\n|move|p1a: Latios|Draco Meteor|p2a: Oinkologne\n|-damage|p2a: Oinkologne|108/361 slp\n|-unboost|p1a: Latios|spa|2\n|cant|p2a: Oinkologne|slp\n|move|p2a: Oinkologne|Sleep Talk|p2a: Oinkologne\n|move|p2a: Oinkologne|Body Slam|p1a: Latios|[from] move: Sleep Talk\n|-resisted|p1a: Latios\n|-damage|p1a: Latios|130/253 brn\n|\n|-heal|p2a: Oinkologne|130/361 slp|[from] item: Leftovers\n|-damage|p1a: Latios|115/253 brn|[from] brn\n|upkeep\n|turn|23\n|\n|t:|1781412101\n|move|p1a: Latios|Draco Meteor|p2a: Oinkologne\n|-damage|p2a: Oinkologne|24/361 slp\n|-unboost|p1a: Latios|spa|2\n|-curestatus|p2a: Oinkologne|slp|[msg]\n|move|p2a: Oinkologne|Rest|p2a: Oinkologne\n|-status|p2a: Oinkologne|slp|[from] move: Rest\n|-heal|p2a: Oinkologne|361/361 slp|[silent]\n|\n|-damage|p1a: Latios|100/253 brn|[from] brn\n|upkeep\n|turn|24\n|\n|t:|1781412106\n|move|p1a: Latios|Recover|p1a: Latios\n|-heal|p1a: Latios|227/253 brn\n|cant|p2a: Oinkologne|slp\n|move|p2a: Oinkologne|Sleep Talk|p2a: Oinkologne\n|move|p2a: Oinkologne|Body Slam|p1a: Latios|[from] move: Sleep Talk\n|-resisted|p1a: Latios\n|-damage|p1a: Latios|134/253 brn\n|\n|-damage|p1a: Latios|119/253 brn|[from] brn\n|upkeep\n|turn|25\n|\n|t:|1781412116\n|move|p1a: Latios|Calm Mind|p1a: Latios\n|-boost|p1a: Latios|spa|1\n|-boost|p1a: Latios|spd|1\n|cant|p2a: Oinkologne|slp\n|move|p2a: Oinkologne|Sleep Talk|p2a: Oinkologne\n|move|p2a: Oinkologne|Rest||[from] move: Sleep Talk|[still]\n|-fail|p2a: Oinkologne\n|\n|-damage|p1a: Latios|104/253 brn|[from] brn\n|upkeep\n|turn|26\n|\n|t:|1781412128\n|move|p1a: Latios|Draco Meteor|p2a: Oinkologne\n|-damage|p2a: Oinkologne|283/361 slp\n|-unboost|p1a: Latios|spa|2\n|-curestatus|p2a: Oinkologne|slp|[msg]\n|move|p2a: Oinkologne|Body Slam|p1a: Latios\n|-resisted|p1a: Latios\n|-damage|p1a: Latios|23/253 brn\n|\n|-heal|p2a: Oinkologne|305/361|[from] item: Leftovers\n|-damage|p1a: Latios|8/253 brn|[from] brn\n|upkeep\n|turn|27\n|\n|t:|1781412138\n|move|p1a: Latios|Psyshock|p2a: Oinkologne\n|-damage|p2a: Oinkologne|278/361\n|move|p2a: Oinkologne|Body Slam|p1a: Latios\n|-resisted|p1a: Latios\n|-damage|p1a: Latios|0 fnt\n|faint|p1a: Latios\n|\n|-heal|p2a: Oinkologne|300/361|[from] item: Leftovers\n|upkeep\n|\n|t:|1781412146\n|switch|p1a: Arbok|Arbok, L87, F|246/246\n|-ability|p1a: Arbok|Intimidate|boost\n|-unboost|p2a: Oinkologne|atk|1\n|turn|28\n|\n|t:|1781412149\n|move|p1a: Arbok|Coil|p1a: Arbok\n|-boost|p1a: Arbok|atk|1\n|-boost|p1a: Arbok|def|1\n|-boost|p1a: Arbok|accuracy|1\n|move|p2a: Oinkologne|Curse|p2a: Oinkologne\n|-unboost|p2a: Oinkologne|spe|1\n|-boost|p2a: Oinkologne|atk|1\n|-boost|p2a: Oinkologne|def|1\n|\n|-heal|p2a: Oinkologne|322/361|[from] item: Leftovers\n|upkeep\n|turn|29\n|\n|t:|1781412160\n|move|p1a: Arbok|Gunk Shot|p2a: Oinkologne\n|-damage|p2a: Oinkologne|222/361\n|move|p2a: Oinkologne|Curse|p2a: Oinkologne\n|-unboost|p2a: Oinkologne|spe|1\n|-boost|p2a: Oinkologne|atk|1\n|-boost|p2a: Oinkologne|def|1\n|\n|-heal|p2a: Oinkologne|244/361|[from] item: Leftovers\n|upkeep\n|turn|30\n|\n|t:|1781412166\n|move|p1a: Arbok|Gunk Shot|p2a: Oinkologne\n|-damage|p2a: Oinkologne|153/361\n|-status|p2a: Oinkologne|psn\n|move|p2a: Oinkologne|Body Slam|p1a: Arbok\n|-damage|p1a: Arbok|102/246\n|\n|-heal|p1a: Arbok|117/246|[from] item: Leftovers\n|-heal|p2a: Oinkologne|175/361 psn|[from] item: Leftovers\n|-damage|p2a: Oinkologne|130/361 psn|[from] psn\n|upkeep\n|turn|31\n|\n|t:|1781412173\n|move|p1a: Arbok|Gunk Shot|p2a: Oinkologne\n|-damage|p2a: Oinkologne|43/361 psn\n|move|p2a: Oinkologne|Rest|p2a: Oinkologne\n|-status|p2a: Oinkologne|slp|[from] move: Rest\n|-heal|p2a: Oinkologne|361/361 slp|[silent]\n|\n|-heal|p1a: Arbok|132/246|[from] item: Leftovers\n|upkeep\n|turn|32\n|\n|t:|1781412178\n|move|p1a: Arbok|Coil|p1a: Arbok\n|-boost|p1a: Arbok|atk|1\n|-boost|p1a: Arbok|def|1\n|-boost|p1a: Arbok|accuracy|1\n|cant|p2a: Oinkologne|slp\n|move|p2a: Oinkologne|Sleep Talk|p2a: Oinkologne\n|move|p2a: Oinkologne|Rest||[from] move: Sleep Talk|[still]\n|-fail|p2a: Oinkologne\n|\n|-heal|p1a: Arbok|147/246|[from] item: Leftovers\n|upkeep\n|turn|33\n|\n|t:|1781412185\n|move|p1a: Arbok|Gunk Shot|p2a: Oinkologne\n|-damage|p2a: Oinkologne|250/361 slp\n|cant|p2a: Oinkologne|slp\n|move|p2a: Oinkologne|Sleep Talk|p2a: Oinkologne\n|move|p2a: Oinkologne|Curse|p2a: Oinkologne|[from] move: Sleep Talk\n|-unboost|p2a: Oinkologne|spe|1\n|-boost|p2a: Oinkologne|atk|1\n|-boost|p2a: Oinkologne|def|1\n|\n|-heal|p1a: Arbok|162/246|[from] item: Leftovers\n|-heal|p2a: Oinkologne|272/361 slp|[from] item: Leftovers\n|upkeep\n|turn|34\n|\n|t:|1781412195\n|move|p1a: Arbok|Coil|p1a: Arbok\n|-boost|p1a: Arbok|atk|1\n|-boost|p1a: Arbok|def|1\n|-boost|p1a: Arbok|accuracy|1\n|-curestatus|p2a: Oinkologne|slp|[msg]\n|move|p2a: Oinkologne|Body Slam|p1a: Arbok\n|-damage|p1a: Arbok|56/246\n|-status|p1a: Arbok|par\n|\n|-heal|p1a: Arbok|71/246 par|[from] item: Leftovers\n|-heal|p2a: Oinkologne|294/361|[from] item: Leftovers\n|upkeep\n|turn|35\n|\n|t:|1781412203\n|move|p1a: Arbok|Gunk Shot|p2a: Oinkologne\n|-damage|p2a: Oinkologne|165/361\n|-status|p2a: Oinkologne|psn\n|move|p2a: Oinkologne|Body Slam|p1a: Arbok\n|-crit|p1a: Arbok\n|-damage|p1a: Arbok|0 fnt\n|faint|p1a: Arbok\n|\n|-heal|p2a: Oinkologne|187/361 psn|[from] item: Leftovers\n|-damage|p2a: Oinkologne|142/361 psn|[from] psn\n|upkeep\n|\n|t:|1781412208\n|switch|p1a: Dugtrio|Dugtrio, L84, M|196/196\n|turn|36\n|\n|t:|1781412214\n|move|p1a: Dugtrio|Stone Edge|p2a: Oinkologne\n|-damage|p2a: Oinkologne|104/361 psn\n|move|p2a: Oinkologne|Rest|p2a: Oinkologne\n|-status|p2a: Oinkologne|slp|[from] move: Rest\n|-heal|p2a: Oinkologne|361/361 slp|[silent]\n|\n|upkeep\n|turn|37\n|-message|tttfy forfeited.\n|\n|win|juanpaspace13\n|raw|tttfy's rating: 1119 &rarr; <strong>1093</strong><br />(-26 for losing)\n|raw|juanpaspace13's rating: 1106 &rarr; <strong>1132</strong><br />(+26 for winning)\n|l|\u2606tttfy\n|player|p1|\n", "inputlog": ">version a8376a258c1d4662feba110a92103f3664a72141\n>start {\"formatid\":\"gen9randombattle\",\"seed\":\"sodium,70fe6e38e1a7ee38fe60c660ed5d1d5c\",\"rated\":\"Rated battle\"}\n>player p1 {\"name\":\"tttfy\",\"avatar\":\"hiker-gen4\",\"rating\":1096,\"seed\":\"sodium,b0b94048b3055cf5521421ae80c036c5\"}\n>player p2 {\"name\":\"juanpaspace13\",\"avatar\":\"brawly\",\"rating\":1106,\"seed\":\"sodium,8a96685e925349d99adbff65eca6193b\"}\n>p1 move thunderwave\n>p2 move uturn\n>p2 switch 2\n>p1 move stealthrock\n>p2 move curse\n>p1 move gigatonhammer\n>p2 move curse\n>p1 move playrough\n>p2 move curse\n>p1 move playrough\n>p2 move curse\n>p1 move gigatonhammer\n>p2 move curse\n>p1 move playrough\n>p2 move curse\n>p1 move gigatonhammer\n>p2 move bodyslam\n>p1 move playrough\n>p2 move bodyslam\n>p1 switch 2\n>p1 move destinybond\n>p2 switch 4\n>p1 move poltergeist\n>p2 move quiverdance\n>p1 move tripleaxel\n>p2 move bugbuzz\n>p2 switch 3\n>p1 move willowisp\n>p2 move thunderbolt\n>p1 switch 5\n>p1 move earthquake\n>p2 move thunderbolt\n>p2 switch 6\n>p1 switch 6\n>p2 move willowisp\n>p1 move calmmind\n>p2 move willowisp\n>p1 move calmmind\n>p2 move defog\n>p1 move dracometeor terastallize\n>p2 move bravebird\n>p1 move dracometeor\n>p2 move defog\n>p2 switch 4\n>p1 move recover\n>p2 move rest\n>p1 move calmmind\n>p2 move sleeptalk\n>p1 move dracometeor\n>p2 move sleeptalk\n>p1 move dracometeor\n>p2 move rest\n>p1 move recover\n>p2 move sleeptalk\n>p1 move calmmind\n>p2 move sleeptalk\n>p1 move dracometeor\n>p2 move bodyslam\n>p1 move psyshock\n>p2 move bodyslam\n>p1 switch 3\n>p1 move coil\n>p2 move curse\n>p1 move gunkshot\n>p2 move curse\n>p1 move gunkshot\n>p2 move bodyslam\n>p1 move gunkshot\n>p2 move rest\n>p1 move coil\n>p2 move sleeptalk\n>p1 move gunkshot\n>p2 move sleeptalk\n>p1 move coil\n>p2 move bodyslam\n>p1 move gunkshot\n>p2 move bodyslam\n>p1 switch 6\n>p1 move stoneedge\n>p2 move rest\n>forcelose p1", "uploadtime": 1781412222, "views": 7, "formatid": "gen9randombattle", "rating": 1093, "private": 0, "password": null, "player_dets": [{"name": "tttfy", "avatar": "hiker-gen4", "rating": 1096, "seed": "sodium,b0b94048b3055cf5521421ae80c036c5"}, {"name": "juanpaspace13", "avatar": "brawly", "rating": 1106, "seed": "sodium,8a96685e925349d99adbff65eca6193b"}], "teams_full": [{"Tinkaton": {"name": "Tinkaton", "species": "Tinkaton", "speciesId": "tinkaton", "gender": "F", "shiny": false, "level": 82, "moves": ["gigatonhammer", "playrough", "thunderwave", "stealthrock"], "ability": "Mold Breaker", "evs": {"hp": 85, "atk": 85, "def": 85, "spa": 85, "spd": 85, "spe": 85}, "ivs": {"hp": 31, "atk": 31, "def": 31, "spa": 31, "spd": 31, "spe": 31}, "item": "Leftovers", "teraType": "Water", "role": "Bulky Attacker", "bvs": {"hp": 85, "atk": 75, "def": 77, "spa": 70, "spd": 105, "spe": 94}, "stats": {"hp": 274, "atk": 170, "def": 173, "spa": 162, "spd": 219, "spe": 201}}, "Froslass": {"name": "Froslass", "species": "Froslass", "speciesId": "froslass", "gender": "F", "shiny": false, "level": 87, "moves": ["willowisp", "poltergeist", "destinybond", "tripleaxel"], "ability": "Cursed Body", "evs": {"hp": 81, "atk": 85, "def": 85, "spa": 85, "spd": 85, "spe": 85}, "ivs": {"hp": 31, "atk": 31, "def": 31, "spa": 31, "spd": 31, "spe": 31}, "item": "Wide Lens", "teraType": "Ghost", "role": "Fast Support", "bvs": {"hp": 70, "atk": 80, "def": 70, "spa": 80, "spd": 70, "spe": 110}, "stats": {"hp": 263, "atk": 189, "def": 172, "spa": 189, "spd": 172, "spe": 241}}, "Arbok": {"name": "Arbok", "species": "Arbok", "speciesId": "arbok", "gender": "F", "shiny": false, "level": 87, "moves": ["gunkshot", "earthquake", "coil", "trailblaze"], "ability": "Intimidate", "evs": {"hp": 85, "atk": 85, "def": 85, "spa": 85, "spd": 85, "spe": 85}, "ivs": {"hp": 31, "atk": 31, "def": 31, "spa": 31, "spd": 31, "spe": 31}, "item": "Leftovers", "teraType": "Ground", "role": "Bulky Setup", "bvs": {"hp": 60, "atk": 95, "def": 69, "spa": 65, "spd": 79, "spe": 80}, "stats": {"hp": 246, "atk": 215, "def": 170, "spa": 163, "spd": 187, "spe": 189}}, "Rillaboom": {"name": "Rillaboom", "species": "Rillaboom", "speciesId": "rillaboom", "gender": "M", "shiny": false, "level": 79, "moves": ["knockoff", "grassyglide", "woodhammer", "uturn"], "ability": "Grassy Surge", "evs": {"hp": 85, "atk": 85, "def": 85, "spa": 85, "spd": 85, "spe": 85}, "ivs": {"hp": 31, "atk": 31, "def": 31, "spa": 31, "spd": 31, "spe": 31}, "item": "Choice Band", "teraType": "Grass", "role": "Wallbreaker", "bvs": {"hp": 100, "atk": 125, "def": 90, "spa": 60, "spd": 70, "spe": 85}, "stats": {"hp": 288, "atk": 243, "def": 188, "spa": 140, "spd": 156, "spe": 180}}, "Dugtrio": {"name": "Dugtrio", "species": "Dugtrio", "speciesId": "dugtrio", "gender": "M", "shiny": false, "level": 84, "moves": ["suckerpunch", "throatchop", "stoneedge", "earthquake"], "ability": "Arena Trap", "evs": {"hp": 85, "atk": 85, "def": 85, "spa": 85, "spd": 85, "spe": 85}, "ivs": {"hp": 31, "atk": 31, "def": 31, "spa": 31, "spd": 31, "spe": 31}, "item": "Choice Band", "teraType": "Dark", "role": "Wallbreaker", "bvs": {"hp": 35, "atk": 100, "def": 50, "spa": 50, "spd": 70, "spe": 120}, "stats": {"hp": 196, "atk": 216, "def": 132, "spa": 132, "spd": 166, "spe": 250}}, "Latios": {"name": "Latios", "species": "Latios", "speciesId": "latios", "gender": "M", "shiny": false, "level": 78, "moves": ["psyshock", "calmmind", "dracometeor", "recover"], "ability": "Levitate", "evs": {"hp": 85, "atk": 0, "def": 85, "spa": 85, "spd": 85, "spe": 85}, "ivs": {"hp": 31, "atk": 0, "def": 31, "spa": 31, "spd": 31, "spe": 31}, "item": "Soul Dew", "teraType": "Steel", "role": "Bulky Setup", "bvs": {"hp": 80, "atk": 90, "def": 80, "spa": 130, "spd": 110, "spe": 110}, "stats": {"hp": 253, "atk": 145, "def": 170, "spa": 248, "spd": 217, "spe": 217}}}, {"Inteleon": {"name": "Inteleon", "species": "Inteleon", "speciesId": "inteleon", "gender": "M", "shiny": false, "level": 81, "moves": ["uturn", "icebeam", "scald", "hydropump"], "ability": "Torrent", "evs": {"hp": 85, "atk": 85, "def": 85, "spa": 85, "spd": 85, "spe": 85}, "ivs": {"hp": 31, "atk": 31, "def": 31, "spa": 31, "spd": 31, "spe": 31}, "item": "Choice Specs", "teraType": "Water", "role": "Wallbreaker", "bvs": {"hp": 70, "atk": 85, "def": 65, "spa": 125, "spd": 65, "spe": 120}, "stats": {"hp": 246, "atk": 184, "def": 152, "spa": 249, "spd": 152, "spe": 241}}, "Oinkologne": {"name": "Oinkologne", "species": "Oinkologne-F", "speciesId": "oinkolognef", "gender": "F", "shiny": false, "level": 92, "moves": ["sleeptalk", "bodyslam", "rest", "curse"], "ability": "Aroma Veil", "evs": {"hp": 85, "atk": 85, "def": 85, "spa": 85, "spd": 85, "spe": 85}, "ivs": {"hp": 31, "atk": 31, "def": 31, "spa": 31, "spd": 31, "spe": 31}, "item": "Leftovers", "teraType": "Fairy", "role": "Bulky Support", "bvs": {"hp": 115, "atk": 90, "def": 70, "spa": 59, "spd": 90, "spe": 65}, "stats": {"hp": 361, "atk": 218, "def": 181, "spa": 161, "spd": 218, "spe": 172}}, "Ampharos": {"name": "Ampharos", "species": "Ampharos", "speciesId": "ampharos", "gender": "F", "shiny": false, "level": 88, "moves": ["focusblast", "thunderbolt", "dazzlinggleam", "voltswitch"], "ability": "Static", "evs": {"hp": 85, "atk": 0, "def": 85, "spa": 85, "spd": 85, "spe": 85}, "ivs": {"hp": 31, "atk": 0, "def": 31, "spa": 31, "spd": 31, "spe": 31}, "item": "Choice Specs", "teraType": "Electric", "role": "Wallbreaker", "bvs": {"hp": 90, "atk": 75, "def": 85, "spa": 115, "spd": 90, "spe": 55}, "stats": {"hp": 302, "atk": 137, "def": 200, "spa": 253, "spd": 209, "spe": 147}}, "Ribombee": {"name": "Ribombee", "species": "Ribombee", "speciesId": "ribombee", "gender": "M", "shiny": false, "level": 83, "moves": ["moonblast", "quiverdance", "bugbuzz", "terablast"], "ability": "Shield Dust", "evs": {"hp": 85, "atk": 0, "def": 85, "spa": 85, "spd": 85, "spe": 85}, "ivs": {"hp": 31, "atk": 0, "def": 31, "spa": 31, "spd": 31, "spe": 31}, "item": "Heavy-Duty Boots", "teraType": "Ground", "role": "Tera Blast user", "bvs": {"hp": 60, "atk": 55, "def": 60, "spa": 95, "spd": 70, "spe": 124}, "stats": {"hp": 235, "atk": 96, "def": 147, "spa": 205, "spd": 164, "spe": 254}}, "Beartic": {"name": "Beartic", "species": "Beartic", "speciesId": "beartic", "gender": "M", "shiny": false, "level": 91, "moves": ["swordsdance", "iciclecrash", "earthquake", "closecombat"], "ability": "Swift Swim", "evs": {"hp": 85, "atk": 85, "def": 85, "spa": 85, "spd": 85, "spe": 85}, "ivs": {"hp": 31, "atk": 31, "def": 31, "spa": 31, "spd": 31, "spe": 31}, "item": "Heavy-Duty Boots", "teraType": "Fighting", "role": "Wallbreaker", "bvs": {"hp": 95, "atk": 130, "def": 80, "spa": 70, "spd": 80, "spe": 50}, "stats": {"hp": 321, "atk": 288, "def": 197, "spa": 179, "spd": 197, "spe": 143}}, "Altaria": {"name": "Altaria", "species": "Altaria", "speciesId": "altaria", "gender": "F", "shiny": false, "level": 89, "moves": ["roost", "bravebird", "defog", "willowisp"], "ability": "Natural Cure", "evs": {"hp": 85, "atk": 85, "def": 85, "spa": 85, "spd": 85, "spe": 85}, "ivs": {"hp": 31, "atk": 31, "def": 31, "spa": 31, "spd": 31, "spe": 31}, "item": "Heavy-Duty Boots", "teraType": "Steel", "role": "Bulky Support", "bvs": {"hp": 75, "atk": 70, "def": 90, "spa": 70, "spd": 105, "spe": 80}, "stats": {"hp": 278, "atk": 175, "def": 211, "spa": 175, "spd": 238, "spe": 193}}}]}