{"id": "gen9randombattle-2631534952", "format": "[Gen 9] Random Battle", "players": ["Thunderbird227", "chichbarca"], "log": "|j|\u2606Thunderbird227\n|j|\u2606chichbarca\n|t:|1781397881\n|gametype|singles\n|player|p1|Thunderbird227|n|2035\n|player|p2|chichbarca|101|1970\n|gen|9\n|tier|[Gen 9] Random Battle\n|rated|\n|rule|Species Clause: Limit one of each Pok\u00e9mon\n|rule|HP Percentage Mod: HP is shown in percentages\n|rule|Sleep Clause Mod: Limit one foe put to sleep\n|rule|Illusion Level Mod: Illusion disguises the Pok\u00e9mon's true level\n|\n|t:|1781397881\n|teamsize|p1|6\n|teamsize|p2|6\n|start\n|switch|p1a: Ho-Oh|Ho-Oh, L71|268/268\n|switch|p2a: Calyrex|Calyrex-Ice, L72|263/263\n|-ability|p2a: Calyrex|As One\n|-ability|p2a: Calyrex|Unnerve\n|turn|1\n|inactive|Battle timer is ON: inactive players will automatically lose when time's up. (requested by Thunderbird227)\n|inactive|chichbarca also wants the timer to be on.\n|\n|t:|1781397896\n|switch|p2a: Duraludon|Duraludon, L82, F|249/249\n|move|p1a: Ho-Oh|Sacred Fire|p2a: Duraludon\n|-damage|p2a: Duraludon|191/249\n|-status|p2a: Duraludon|brn\n|\n|-damage|p2a: Duraludon|176/249 brn|[from] brn\n|upkeep\n|turn|2\n|\n|t:|1781397908\n|move|p1a: Ho-Oh|Earthquake|p2a: Duraludon\n|-supereffective|p2a: Duraludon\n|-damage|p2a: Duraludon|96/249 brn\n|move|p2a: Duraludon|Dragon Tail|p1a: Ho-Oh\n|-damage|p1a: Ho-Oh|235/268\n|drag|p1a: Clefable|Clefable, L83, M|293/293\n|\n|-damage|p2a: Duraludon|81/249 brn|[from] brn\n|upkeep\n|turn|3\n|\n|t:|1781397919\n|switch|p1a: Ho-Oh|Ho-Oh, L71|268/268\n|move|p2a: Duraludon|Flash Cannon|p1a: Ho-Oh\n|-resisted|p1a: Ho-Oh\n|-damage|p1a: Ho-Oh|234/268\n|\n|-damage|p2a: Duraludon|66/249 brn|[from] brn\n|upkeep\n|turn|4\n|\n|t:|1781397926\n|switch|p2a: Volbeat|Volbeat, L90, M|263/263\n|move|p1a: Ho-Oh|Earthquake|p2a: Volbeat\n|-resisted|p2a: Volbeat\n|-damage|p2a: Volbeat|227/263\n|\n|upkeep\n|turn|5\n|\n|t:|1781397933\n|switch|p1a: Swampert|Swampert, L83, F|302/302\n|move|p2a: Volbeat|Encore||[still]\n|-fail|p2a: Volbeat\n|\n|upkeep\n|turn|6\n|\n|t:|1781397948\n|switch|p2a: Hawlucha|Hawlucha, L80, M|256/256\n|move|p1a: Swampert|Flip Turn|p2a: Hawlucha\n|-damage|p2a: Hawlucha|166/256\n|\n|t:|1781397960\n|switch|p1a: Ho-Oh|Ho-Oh, L71|268/268|[from] Flip Turn\n|\n|upkeep\n|turn|7\n|\n|t:|1781397965\n|switch|p2a: Duraludon|Duraludon, L82, F|66/249 brn\n|move|p1a: Ho-Oh|Brave Bird|p2a: Duraludon\n|-resisted|p2a: Duraludon\n|-damage|p2a: Duraludon|32/249 brn\n|-damage|p1a: Ho-Oh|257/268|[from] Recoil\n|\n|-damage|p2a: Duraludon|17/249 brn|[from] brn\n|upkeep\n|turn|8\n|\n|t:|1781397971\n|move|p2a: Duraludon|Draco Meteor|p1a: Ho-Oh\n|-damage|p1a: Ho-Oh|140/268\n|-unboost|p2a: Duraludon|spa|2\n|move|p1a: Ho-Oh|Brave Bird|p2a: Duraludon\n|-resisted|p2a: Duraludon\n|-damage|p2a: Duraludon|0 fnt\n|faint|p2a: Duraludon\n|-damage|p1a: Ho-Oh|134/268|[from] Recoil\n|\n|upkeep\n|\n|t:|1781397996\n|switch|p2a: Roaring Moon|Roaring Moon, L72|270/270\n|-enditem|p2a: Roaring Moon|Booster Energy\n|-activate|p2a: Roaring Moon|ability: Protosynthesis|[fromitem]\n|-start|p2a: Roaring Moon|protosynthesisatk\n|turn|9\n|\n|t:|1781398002\n|switch|p1a: Clefable|Clefable, L83, M|293/293\n|move|p2a: Roaring Moon|Dragon Dance|p2a: Roaring Moon\n|-boost|p2a: Roaring Moon|atk|1\n|-boost|p2a: Roaring Moon|spe|1\n|\n|upkeep\n|turn|10\n|\n|t:|1781398008\n|move|p2a: Roaring Moon|Iron Head|p1a: Clefable\n|-supereffective|p1a: Clefable\n|-damage|p1a: Clefable|47/293\n|cant|p1a: Clefable|flinch\n|\n|upkeep\n|turn|11\n|\n|t:|1781398021\n|move|p2a: Roaring Moon|Iron Head|p1a: Clefable\n|-supereffective|p1a: Clefable\n|-damage|p1a: Clefable|0 fnt\n|faint|p1a: Clefable\n|\n|upkeep\n|\n|t:|1781398031\n|switch|p1a: Swampert|Swampert, L83, F|302/302\n|turn|12\n|\n|t:|1781398036\n|move|p2a: Roaring Moon|Knock Off|p1a: Swampert\n|-damage|p1a: Swampert|98/302\n|-enditem|p1a: Swampert|Leftovers|[from] move: Knock Off|[of] p2a: Roaring Moon\n|move|p1a: Swampert|Roar|p2a: Roaring Moon\n|-end|p2a: Roaring Moon|Protosynthesis|[silent]\n|drag|p2a: Volbeat|Volbeat, L90, M|227/263\n|\n|upkeep\n|turn|13\n|\n|t:|1781398042\n|move|p2a: Volbeat|Encore|p1a: Swampert\n|-start|p1a: Swampert|Encore\n|move|p1a: Swampert|Roar|p2a: Volbeat\n|drag|p2a: Roaring Moon|Roaring Moon, L72|270/270\n|\n|upkeep\n|turn|14\n|\n|t:|1781398057\n|switch|p1a: Beartic|Beartic, L91, F|321/321\n|move|p2a: Roaring Moon|Knock Off|p1a: Beartic\n|-damage|p1a: Beartic|216/321\n|-enditem|p1a: Beartic|Heavy-Duty Boots|[from] move: Knock Off|[of] p2a: Roaring Moon\n|\n|upkeep\n|turn|15\n|\n|t:|1781398069\n|-end|p2a: Roaring Moon|Protosynthesis|[silent]\n|switch|p2a: Volbeat|Volbeat, L90, M|227/263\n|move|p1a: Beartic|Icicle Crash|p2a: Volbeat|[miss]\n|-miss|p1a: Beartic|p2a: Volbeat\n|\n|upkeep\n|turn|16\n|\n|t:|1781398075\n|switch|p1a: Swampert|Swampert, L83, F|98/302\n|move|p2a: Volbeat|Lunge|p1a: Swampert\n|-damage|p1a: Swampert|14/302\n|-unboost|p1a: Swampert|atk|1\n|\n|upkeep\n|turn|17\n|\n|t:|1781398080\n|move|p2a: Volbeat|Lunge|p1a: Swampert\n|-crit|p1a: Swampert\n|-damage|p1a: Swampert|0 fnt\n|faint|p1a: Swampert\n|\n|upkeep\n|\n|t:|1781398082\n|switch|p1a: Ho-Oh|Ho-Oh, L71|223/268\n|turn|18\n|\n|t:|1781398088\n|-terastallize|p2a: Volbeat|Water\n|move|p2a: Volbeat|Thunder Wave|p1a: Ho-Oh\n|-status|p1a: Ho-Oh|par\n|move|p1a: Ho-Oh|Brave Bird|p2a: Volbeat\n|-damage|p2a: Volbeat|100/263\n|-damage|p1a: Ho-Oh|181/268 par|[from] Recoil\n|\n|upkeep\n|turn|19\n|\n|t:|1781398096\n|move|p2a: Volbeat|Roost|p2a: Volbeat\n|-heal|p2a: Volbeat|232/263\n|move|p1a: Ho-Oh|Brave Bird|p2a: Volbeat\n|-damage|p2a: Volbeat|115/263\n|-damage|p1a: Ho-Oh|142/268 par|[from] Recoil\n|\n|upkeep\n|turn|20\n|\n|t:|1781398103\n|move|p2a: Volbeat|Lunge|p1a: Ho-Oh\n|-resisted|p1a: Ho-Oh\n|-damage|p1a: Ho-Oh|118/268 par\n|-unboost|p1a: Ho-Oh|atk|1\n|cant|p1a: Ho-Oh|par\n|\n|upkeep\n|turn|21\n|\n|t:|1781398113\n|switch|p1a: Beartic|Beartic, L91, F|216/321\n|move|p2a: Volbeat|Lunge|p1a: Beartic\n|-damage|p1a: Beartic|138/321\n|-unboost|p1a: Beartic|atk|1\n|\n|upkeep\n|turn|22\n|\n|t:|1781398117\n|move|p2a: Volbeat|Lunge|p1a: Beartic\n|-damage|p1a: Beartic|53/321\n|-unboost|p1a: Beartic|atk|1\n|move|p1a: Beartic|Icicle Crash|p2a: Volbeat\n|-resisted|p2a: Volbeat\n|-damage|p2a: Volbeat|80/263\n|\n|upkeep\n|turn|23\n|\n|t:|1781398124\n|move|p2a: Volbeat|Roost|p2a: Volbeat\n|-heal|p2a: Volbeat|212/263\n|move|p1a: Beartic|Close Combat|p2a: Volbeat\n|-damage|p2a: Volbeat|142/263\n|-unboost|p1a: Beartic|def|1\n|-unboost|p1a: Beartic|spd|1\n|\n|upkeep\n|turn|24\n|\n|t:|1781398128\n|move|p2a: Volbeat|Lunge|p1a: Beartic\n|-damage|p1a: Beartic|0 fnt\n|faint|p1a: Beartic\n|\n|upkeep\n|\n|t:|1781398130\n|switch|p1a: Staraptor|Staraptor, L79, F|263/263\n|turn|25\n|\n|t:|1781398139\n|move|p2a: Volbeat|Thunder Wave|p1a: Staraptor\n|-status|p1a: Staraptor|par\n|move|p1a: Staraptor|Brave Bird|p2a: Volbeat\n|-damage|p2a: Volbeat|0 fnt\n|faint|p2a: Volbeat\n|-damage|p1a: Staraptor|216/263 par|[from] Recoil\n|\n|upkeep\n|\n|t:|1781398144\n|switch|p2a: Calyrex|Calyrex-Ice, L72|263/263\n|-ability|p2a: Calyrex|As One\n|-ability|p2a: Calyrex|Unnerve\n|turn|26\n|\n|t:|1781398148\n|switch|p1a: Ho-Oh|Ho-Oh, L71|207/268 par\n|move|p2a: Calyrex|Glacial Lance|p1a: Ho-Oh\n|-damage|p1a: Ho-Oh|50/268 par\n|\n|upkeep\n|turn|27\n|\n|t:|1781398167\n|switch|p1a: Hitmonlee|Hitmonlee, L85, M|224/224\n|move|p2a: Calyrex|Glacial Lance|p1a: Hitmonlee\n|-damage|p1a: Hitmonlee|11/224\n|\n|upkeep\n|turn|28\n|\n|t:|1781398181\n|move|p1a: Hitmonlee|Close Combat|p2a: Calyrex\n|-damage|p2a: Calyrex|154/263\n|-unboost|p1a: Hitmonlee|def|1\n|-unboost|p1a: Hitmonlee|spd|1\n|-enditem|p1a: Hitmonlee|White Herb\n|-clearnegativeboost|p1a: Hitmonlee|[silent]\n|move|p2a: Calyrex|Agility|p2a: Calyrex\n|-boost|p2a: Calyrex|spe|2\n|\n|upkeep\n|turn|29\n|\n|t:|1781398195\n|move|p1a: Hitmonlee|Close Combat|p2a: Calyrex\n|-damage|p2a: Calyrex|45/263\n|-unboost|p1a: Hitmonlee|def|1\n|-unboost|p1a: Hitmonlee|spd|1\n|move|p2a: Calyrex|Glacial Lance|p1a: Hitmonlee\n|-damage|p1a: Hitmonlee|0 fnt\n|faint|p1a: Hitmonlee\n|-ability|p2a: Calyrex|Chilling Neigh|boost\n|-boost|p2a: Calyrex|atk|1\n|\n|upkeep\n|\n|t:|1781398201\n|switch|p1a: Staraptor|Staraptor, L79, F|216/263 par\n|turn|30\n|c|\u2606chichbarca|GG\n|\n|t:|1781398205\n|move|p1a: Staraptor|Quick Attack|p2a: Calyrex\n|-damage|p2a: Calyrex|0 fnt\n|faint|p2a: Calyrex\n|\n|upkeep\n|\n|t:|1781398213\n|switch|p2a: Hawlucha|Hawlucha, L80, M|166/256\n|turn|31\n|\n|t:|1781398216\n|switch|p1a: Ho-Oh|Ho-Oh, L71|139/268 par\n|move|p2a: Hawlucha|Close Combat|p1a: Ho-Oh\n|-resisted|p1a: Ho-Oh\n|-damage|p1a: Ho-Oh|76/268 par\n|-unboost|p2a: Hawlucha|def|1\n|-unboost|p2a: Hawlucha|spd|1\n|-enditem|p2a: Hawlucha|White Herb\n|-clearnegativeboost|p2a: Hawlucha|[silent]\n|\n|upkeep\n|turn|32\n|\n|t:|1781398225\n|switch|p1a: Staraptor|Staraptor, L79, F|216/263 par\n|move|p2a: Hawlucha|Acrobatics|p1a: Staraptor\n|-damage|p1a: Staraptor|83/263 par\n|\n|upkeep\n|turn|33\n|\n|t:|1781398232\n|move|p1a: Staraptor|Quick Attack|p2a: Hawlucha\n|-damage|p2a: Hawlucha|81/256\n|move|p2a: Hawlucha|Acrobatics|p1a: Staraptor\n|-damage|p1a: Staraptor|0 fnt\n|faint|p1a: Staraptor\n|\n|upkeep\n|\n|t:|1781398236\n|switch|p1a: Ho-Oh|Ho-Oh, L71|165/268 par\n|turn|34\n|\n|t:|1781398239\n|move|p2a: Hawlucha|Acrobatics|p1a: Ho-Oh\n|-damage|p1a: Ho-Oh|38/268 par\n|move|p1a: Ho-Oh|Sacred Fire|p2a: Hawlucha\n|-damage|p2a: Hawlucha|0 fnt\n|faint|p2a: Hawlucha\n|\n|upkeep\n|\n|t:|1781398242\n|switch|p2a: Roaring Moon|Roaring Moon, L72|270/270\n|turn|35\n|\n|t:|1781398245\n|-terastallize|p1a: Ho-Oh|Steel\n|move|p2a: Roaring Moon|Outrage|p1a: Ho-Oh\n|-resisted|p1a: Ho-Oh\n|-damage|p1a: Ho-Oh|0 fnt\n|faint|p1a: Ho-Oh\n|\n|win|chichbarca\n", "uploadtime": 1781397882, "views": 3, "formatid": "gen9randombattle", "rating": null, "private": 0, "password": null}