{"id": "gen9randombattle-2631597494", "format": "[Gen 9] Random Battle", "players": ["bluesun000", "Bigoleg"], "log": "|j|\u2606bluesun000\n|j|\u2606Bigoleg\n|t:|1781406515\n|gametype|singles\n|player|p1|bluesun000|palmer|1943\n|player|p2|Bigoleg|169|2028\n|gen|9\n|tier|[Gen 9] Random Battle\n|rated|\n|rule|Species Clause: Limit one of each Pok\u00e9mon\n|rule|HP Percentage Mod: HP is shown in percentages\n|rule|Sleep Clause Mod: Limit one foe put to sleep\n|rule|Illusion Level Mod: Illusion disguises the Pok\u00e9mon's true level\n|\n|t:|1781406515\n|teamsize|p1|6\n|teamsize|p2|6\n|start\n|switch|p1a: Hoopa|Hoopa-Unbound, L80|259/259\n|switch|p2a: Cinderace|Cinderace, L77, F|249/249\n|turn|1\n|inactive|Battle timer is ON: inactive players will automatically lose when time's up. (requested by Bigoleg)\n|inactive|bluesun000 also wants the timer to be on.\n|inactive|bluesun000 has 120 seconds left.\n|\n|t:|1781406562\n|switch|p1a: Alomomola|Alomomola, L87, F|429/429\n|move|p2a: Cinderace|U-turn|p1a: Alomomola\n|-start|p2a: Cinderace|typechange|Bug|[from] ability: Libero\n|-damage|p1a: Alomomola|348/429\n|\n|t:|1781406569\n|switch|p2a: Feraligatr|Feraligatr, L79, M|264/264|[from] U-turn\n|\n|upkeep\n|turn|2\n|inactive|bluesun000 has 120 seconds left.\n|\n|t:|1781406626\n|move|p2a: Feraligatr|Dragon Dance|p2a: Feraligatr\n|-boost|p2a: Feraligatr|atk|1\n|-boost|p2a: Feraligatr|spe|1\n|move|p1a: Alomomola|Scald|p2a: Feraligatr\n|-resisted|p2a: Feraligatr\n|-damage|p2a: Feraligatr|236/264\n|\n|upkeep\n|turn|3\n|\n|t:|1781406631\n|move|p2a: Feraligatr|Dragon Dance|p2a: Feraligatr\n|-boost|p2a: Feraligatr|atk|1\n|-boost|p2a: Feraligatr|spe|1\n|move|p1a: Alomomola|Wish|p1a: Alomomola\n|\n|upkeep\n|turn|4\n|\n|t:|1781406638\n|move|p2a: Feraligatr|Dragon Dance|p2a: Feraligatr\n|-boost|p2a: Feraligatr|atk|1\n|-boost|p2a: Feraligatr|spe|1\n|move|p1a: Alomomola|Scald|p2a: Feraligatr\n|-resisted|p2a: Feraligatr\n|-damage|p2a: Feraligatr|209/264\n|\n|-heal|p1a: Alomomola|429/429|[from] move: Wish|[wisher] Alomomola\n|upkeep\n|turn|5\n|\n|t:|1781406644\n|move|p2a: Feraligatr|Crunch|p1a: Alomomola\n|-damage|p1a: Alomomola|178/429\n|move|p1a: Alomomola|Wish|p1a: Alomomola\n|\n|upkeep\n|turn|6\n|\n|t:|1781406671\n|switch|p1a: Cramorant|Cramorant, L86, F|261/261\n|move|p2a: Feraligatr|Dragon Dance|p2a: Feraligatr\n|-boost|p2a: Feraligatr|atk|1\n|-boost|p2a: Feraligatr|spe|1\n|\n|upkeep\n|turn|7\n|inactive|bluesun000 has 90 seconds left.\n|\n|t:|1781406695\n|move|p2a: Feraligatr|Crunch|p1a: Cramorant\n|-damage|p1a: Cramorant|0 fnt\n|faint|p1a: Cramorant\n|\n|upkeep\n|\n|t:|1781406714\n|switch|p1a: Golem|Golem-Alola, L93, M|300/300\n|turn|8\n|\n|t:|1781406721\n|switch|p1a: Alomomola|Alomomola, L87, F|321/429\n|move|p2a: Feraligatr|Crunch|p1a: Alomomola\n|-damage|p1a: Alomomola|30/429\n|\n|upkeep\n|turn|9\n|\n|t:|1781406725\n|move|p2a: Feraligatr|Crunch|p1a: Alomomola\n|-damage|p1a: Alomomola|0 fnt\n|faint|p1a: Alomomola\n|\n|upkeep\n|\n|t:|1781406729\n|switch|p1a: Golem|Golem-Alola, L93, M|300/300\n|turn|10\n|\n|t:|1781406739\n|-terastallize|p2a: Feraligatr|Water\n|-terastallize|p1a: Golem|Grass\n|move|p2a: Feraligatr|Liquidation|p1a: Golem\n|-resisted|p1a: Golem\n|-damage|p1a: Golem|125/300\n|move|p1a: Golem|Double-Edge|p2a: Feraligatr\n|-supereffective|p2a: Feraligatr\n|-damage|p2a: Feraligatr|0 fnt\n|faint|p2a: Feraligatr\n|-damage|p1a: Golem|56/300|[from] Recoil\n|\n|upkeep\n|\n|t:|1781406744\n|switch|p2a: Cinderace|Cinderace, L77, F|249/249\n|turn|11\n|\n|t:|1781406751\n|switch|p1a: Garganacl|Garganacl, L80, F|291/291\n|move|p2a: Cinderace|Pyro Ball|p1a: Garganacl\n|-resisted|p1a: Garganacl\n|-damage|p1a: Garganacl|243/291\n|\n|-heal|p1a: Garganacl|261/291|[from] item: Leftovers\n|upkeep\n|turn|12\n|\n|t:|1781406764\n|move|p1a: Garganacl|Protect|p1a: Garganacl\n|-singleturn|p1a: Garganacl|Protect\n|move|p2a: Cinderace|U-turn|p1a: Garganacl\n|-start|p2a: Cinderace|typechange|Bug|[from] ability: Libero\n|-activate|p1a: Garganacl|move: Protect\n|\n|-heal|p1a: Garganacl|279/291|[from] item: Leftovers\n|upkeep\n|turn|13\n|\n|t:|1781406770\n|move|p2a: Cinderace|U-turn|p1a: Garganacl\n|-damage|p1a: Garganacl|221/291\n|\n|t:|1781406773\n|switch|p2a: Okidogi|Okidogi, L77, M|262/262|[from] U-turn\n|move|p1a: Garganacl|Stealth Rock|p2a: Okidogi\n|-sidestart|p2: Bigoleg|move: Stealth Rock\n|\n|-heal|p1a: Garganacl|239/291|[from] item: Leftovers\n|upkeep\n|turn|14\n|\n|t:|1781406782\n|move|p2a: Okidogi|Drain Punch|p1a: Garganacl\n|-supereffective|p1a: Garganacl\n|-damage|p1a: Garganacl|113/291\n|move|p1a: Garganacl|Salt Cure|p2a: Okidogi\n|-resisted|p2a: Okidogi\n|-damage|p2a: Okidogi|245/262\n|-start|p2a: Okidogi|Salt Cure\n|\n|-heal|p1a: Garganacl|131/291|[from] item: Leftovers\n|-damage|p2a: Okidogi|213/262|[from] Salt Cure\n|upkeep\n|turn|15\n|\n|t:|1781406791\n|switch|p2a: Cinderace|Cinderace, L77, F|249/249\n|switch|p1a: Hatterene|Hatterene, L85, F|236/236\n|\n|upkeep\n|turn|16\n|\n|t:|1781406802\n|move|p2a: Cinderace|Court Change|p2a: Cinderace\n|-start|p2a: Cinderace|typechange|Normal|[from] ability: Libero\n|-swapsideconditions\n|-activate|p2a: Cinderace|move: Court Change\n|move|p1a: Hatterene|Nuzzle|p2a: Cinderace\n|-damage|p2a: Cinderace|229/249\n|-status|p2a: Cinderace|par\n|\n|upkeep\n|turn|17\n|\n|t:|1781406815\n|cant|p2a: Cinderace|par\n|move|p1a: Hatterene|Psychic|p2a: Cinderace\n|-damage|p2a: Cinderace|57/249 par\n|\n|upkeep\n|turn|18\n|\n|t:|1781406827\n|switch|p1a: Garganacl|Garganacl, L80, F|131/291\n|-damage|p1a: Garganacl|95/291|[from] Stealth Rock\n|cant|p2a: Cinderace|par\n|\n|-heal|p1a: Garganacl|113/291|[from] item: Leftovers\n|upkeep\n|turn|19\n|\n|t:|1781406839\n|move|p2a: Cinderace|High Jump Kick|p1a: Garganacl\n|-supereffective|p1a: Garganacl\n|-damage|p1a: Garganacl|0 fnt\n|faint|p1a: Garganacl\n|\n|upkeep\n|\n|t:|1781406854\n|switch|p1a: Golem|Golem-Alola, L93, M, tera:Grass|56/300\n|-damage|p1a: Golem|19/300|[from] Stealth Rock\n|turn|20\n|\n|t:|1781406864\n|move|p1a: Golem|Explosion|p2a: Cinderace\n|-damage|p2a: Cinderace|0 fnt\n|faint|p1a: Golem\n|faint|p2a: Cinderace\n|\n|upkeep\n|c|\u2606Bigoleg|I mean you had eq\n|\n|t:|1781406887\n|switch|p2a: Tornadus|Tornadus-Therian, L79, M|254/254\n|switch|p1a: Hoopa|Hoopa-Unbound, L80|259/259\n|-damage|p1a: Hoopa|227/259|[from] Stealth Rock\n|turn|21\n|inactive|bluesun000 has 120 seconds left.\n|\n|t:|1781406913\n|move|p2a: Tornadus|Bleakwind Storm|p1a: Hoopa\n|-damage|p1a: Hoopa|176/259\n|-unboost|p1a: Hoopa|spe|1\n|move|p1a: Hoopa|Hyperspace Fury|p2a: Tornadus\n|-damage|p2a: Tornadus|79/254\n|-unboost|p1a: Hoopa|def|1\n|\n|upkeep\n|turn|22\n|inactive|bluesun000 has 120 seconds left.\n|\n|t:|1781406926\n|switch|p1a: Hatterene|Hatterene, L85, F|236/236\n|-damage|p1a: Hatterene|207/236|[from] Stealth Rock\n|move|p2a: Tornadus|Bleakwind Storm|p1a: Hatterene\n|-damage|p1a: Hatterene|147/236\n|\n|upkeep\n|turn|23\n|\n|t:|1781406933\n|move|p2a: Tornadus|Bleakwind Storm|p1a: Hatterene\n|-damage|p1a: Hatterene|81/236\n|move|p1a: Hatterene|Nuzzle|p2a: Tornadus\n|-supereffective|p2a: Tornadus\n|-damage|p2a: Tornadus|45/254\n|-status|p2a: Tornadus|par\n|\n|upkeep\n|turn|24\n|\n|t:|1781406940\n|move|p2a: Tornadus|Bleakwind Storm|p1a: Hatterene\n|-damage|p1a: Hatterene|21/236\n|move|p1a: Hatterene|Draining Kiss|p2a: Tornadus\n|-damage|p2a: Tornadus|0 fnt\n|-heal|p1a: Hatterene|55/236|[from] drain|[of] p2a: Tornadus\n|faint|p2a: Tornadus\n|\n|upkeep\n|\n|t:|1781406949\n|switch|p2a: Okidogi|Okidogi, L77, M|213/262\n|turn|25\n|\n|t:|1781406960\n|move|p2a: Okidogi|Gunk Shot|p1a: Hatterene\n|-supereffective|p1a: Hatterene\n|-damage|p1a: Hatterene|0 fnt\n|faint|p1a: Hatterene\n|\n|upkeep\n|\n|t:|1781406963\n|switch|p1a: Hoopa|Hoopa-Unbound, L80|176/259\n|-damage|p1a: Hoopa|144/259|[from] Stealth Rock\n|turn|26\n|\n|t:|1781406969\n|move|p1a: Hoopa|Psychic|p2a: Okidogi\n|-supereffective|p2a: Okidogi\n|-crit|p2a: Okidogi\n|-damage|p2a: Okidogi|0 fnt\n|faint|p2a: Okidogi\n|\n|upkeep\n|\n|t:|1781406979\n|switch|p2a: Regidrago|Regidrago, L77|435/435\n|turn|27\n|c|\u2606Bigoleg|Gg\n|\n|t:|1781406996\n|move|p1a: Hoopa|Gunk Shot|p2a: Regidrago\n|-damage|p2a: Regidrago|247/435\n|move|p2a: Regidrago|Dragon Dance|p2a: Regidrago\n|-boost|p2a: Regidrago|atk|1\n|-boost|p2a: Regidrago|spe|1\n|\n|upkeep\n|turn|28\n|\n|t:|1781407008\n|move|p2a: Regidrago|Dragon Claw|p1a: Hoopa\n|-damage|p1a: Hoopa|0 fnt\n|faint|p1a: Hoopa\n|-damage|p2a: Regidrago|204/435|[from] item: Life Orb\n|\n|win|Bigoleg\n", "inputlog": ">version a8376a258c1d4662feba110a92103f3664a72141\n>start {\"formatid\":\"gen9randombattle\",\"seed\":\"sodium,2898c15b8a0280e7532b498628edac06\",\"rated\":\"Rated battle\"}\n>player p1 {\"name\":\"bluesun000\",\"avatar\":\"palmer\",\"rating\":1943,\"seed\":\"sodium,8540c2d7333337a364b4c788a6ceffbb\"}\n>player p2 {\"name\":\"Bigoleg\",\"avatar\":\"169\",\"rating\":2028,\"seed\":\"sodium,2aece2093629c7da5c8a4086acaba7ff\"}\n>p1 switch 2\n>p2 move uturn\n>p2 switch 2\n>p1 move scald\n>p2 move dragondance\n>p1 move wish\n>p2 move dragondance\n>p1 move scald\n>p2 move dragondance\n>p1 move wish\n>p2 move crunch\n>p1 switch 3\n>p2 move dragondance\n>p1 move surf\n>p2 move crunch\n>p1 switch 6\n>p1 switch 3\n>p2 move crunch\n>p1 move wish\n>p2 move crunch\n>p1 switch 3\n>p1 move doubleedge terastallize\n>p2 move liquidation terastallize\n>p2 switch 2\n>p1 switch 5\n>p2 move pyroball\n>p1 move protect\n>p2 move uturn\n>p1 move stealthrock\n>p2 move uturn\n>p2 switch 6\n>p1 move saltcure\n>p2 move drainpunch\n>p1 switch 4\n>p2 switch 6\n>p1 move nuzzle\n>p2 move courtchange\n>p1 move psychic\n>p2 move pyroball\n>p1 switch 4\n>p2 move pyroball\n>p1 move stealthrock\n>p2 move highjumpkick\n>p1 switch 5\n>p1 move explosion\n>p2 move uturn\n>chat \u2606Bigoleg|I mean you had eq\n>p1 switch 2\n>p2 switch 3\n>p1 move hyperspacefury\n>p2 move bleakwindstorm\n>p1 switch 4\n>p2 move bleakwindstorm\n>p1 move nuzzle\n>p2 move bleakwindstorm\n>p1 move drainingkiss\n>p2 move bleakwindstorm\n>p2 switch 6\n>p1 move nuzzle\n>p2 move gunkshot\n>p1 switch 4\n>p1 move psychic\n>p2 move drainpunch\n>p2 switch 5\n>chat \u2606Bigoleg|Gg\n>p1 move gunkshot\n>p2 move dragondance\n>p1 move psychic\n>p2 move dragonclaw", "uploadtime": 1781406516, "views": 8, "formatid": "gen9randombattle", "rating": null, "private": 0, "password": null}