{"id": "gen9randombattle-2631387965", "format": "[Gen 9] Random Battle", "players": ["nano jump", "5star"], "log": "|badge|p2|bronze|gen9randombattle|100-9\n|uhtml|medal-msg|<div class=\"broadcast-blue\">Curious what those medals under the avatar are? PS now has Ladder Seasons! For more information, check out the <a href=\"https://www.smogon.com/forums/threads/3740067/\">thread on Smogon.</a></div>\n|j|\u2606nano jump\n|j|\u26065star\n|t:|1781378714\n|gametype|singles\n|player|p1|nano jump|steven-masters|2278\n|player|p2|5star|102|2308\n|gen|9\n|tier|[Gen 9] Random Battle\n|rated|\n|rule|Species Clause: Limit one of each Pok\u00e9mon\n|rule|HP Percentage Mod: HP is shown in percentages\n|rule|Sleep Clause Mod: Limit one foe put to sleep\n|rule|Illusion Level Mod: Illusion disguises the Pok\u00e9mon's true level\n|\n|t:|1781378714\n|teamsize|p1|6\n|teamsize|p2|6\n|start\n|switch|p1a: Serperior|Serperior, L79, M|248/248\n|switch|p2a: Primarina|Primarina, L83, F|268/268\n|turn|1\n|inactive|Battle timer is ON: inactive players will automatically lose when time's up. (requested by nano jump)\n|\n|t:|1781378729\n|switch|p2a: Illumise|Illumise, L91, F|266/266\n|move|p1a: Serperior|Substitute|p1a: Serperior\n|-start|p1a: Serperior|Substitute\n|-damage|p1a: Serperior|186/248\n|\n|-heal|p1a: Serperior|201/248|[from] item: Leftovers\n|upkeep\n|turn|2\n|\n|t:|1781378737\n|switch|p1a: Iron Thorns|Iron Thorns, L83|302/302\n|-enditem|p1a: Iron Thorns|Booster Energy\n|-activate|p1a: Iron Thorns|ability: Quark Drive|[fromitem]\n|-start|p1a: Iron Thorns|quarkdriveatk\n|move|p2a: Illumise|Encore||[still]\n|-fail|p2a: Illumise\n|\n|upkeep\n|turn|3\n|\n|t:|1781378752\n|switch|p2a: Registeel|Registeel, L81|262/262\n|move|p1a: Iron Thorns|Stone Edge|p2a: Registeel\n|-resisted|p2a: Registeel\n|-damage|p2a: Registeel|207/262\n|\n|-heal|p2a: Registeel|223/262|[from] item: Leftovers\n|upkeep\n|turn|4\n|\n|t:|1781378755\n|move|p1a: Iron Thorns|Earthquake|p2a: Registeel\n|-supereffective|p2a: Registeel\n|-damage|p2a: Registeel|73/262\n|move|p2a: Registeel|Body Press|p1a: Iron Thorns\n|-supereffective|p1a: Iron Thorns\n|-damage|p1a: Iron Thorns|176/302\n|\n|-heal|p2a: Registeel|89/262|[from] item: Leftovers\n|upkeep\n|turn|5\n|\n|t:|1781378761\n|move|p1a: Iron Thorns|Dragon Dance|p1a: Iron Thorns\n|-boost|p1a: Iron Thorns|atk|1\n|-boost|p1a: Iron Thorns|spe|1\n|move|p2a: Registeel|Body Press|p1a: Iron Thorns\n|-supereffective|p1a: Iron Thorns\n|-damage|p1a: Iron Thorns|42/302\n|\n|-heal|p2a: Registeel|105/262|[from] item: Leftovers\n|upkeep\n|turn|6\n|\n|t:|1781378765\n|move|p1a: Iron Thorns|Earthquake|p2a: Registeel\n|-supereffective|p2a: Registeel\n|-damage|p2a: Registeel|0 fnt\n|faint|p2a: Registeel\n|\n|upkeep\n|\n|t:|1781378767\n|switch|p2a: Breloom|Breloom, L83, F|235/235\n|turn|7\n|\n|t:|1781378769\n|-end|p1a: Iron Thorns|Quark Drive|[silent]\n|switch|p1a: Grumpig|Grumpig, L92, M|297/297\n|move|p2a: Breloom|Mach Punch|p1a: Grumpig\n|-resisted|p1a: Grumpig\n|-damage|p1a: Grumpig|239/297\n|-damage|p2a: Breloom|212/235|[from] item: Life Orb\n|\n|-heal|p1a: Grumpig|257/297|[from] item: Leftovers\n|upkeep\n|turn|8\n|\n|t:|1781378776\n|switch|p2a: Primarina|Primarina, L83, F|268/268\n|move|p1a: Grumpig|Psychic|p2a: Primarina\n|-damage|p2a: Primarina|186/268\n|\n|-heal|p1a: Grumpig|275/297|[from] item: Leftovers\n|upkeep\n|turn|9\n|\n|t:|1781378782\n|move|p1a: Grumpig|Nasty Plot|p1a: Grumpig\n|-boost|p1a: Grumpig|spa|2\n|move|p2a: Primarina|Flip Turn|p1a: Grumpig\n|-crit|p1a: Grumpig\n|-damage|p1a: Grumpig|185/297\n|\n|t:|1781378785\n|switch|p2a: Illumise|Illumise, L91, F|266/266|[from] Flip Turn\n|\n|-heal|p1a: Grumpig|203/297|[from] item: Leftovers\n|upkeep\n|turn|10\n|\n|t:|1781378789\n|move|p2a: Illumise|Encore|p1a: Grumpig\n|-start|p1a: Grumpig|Encore\n|move|p1a: Grumpig|Nasty Plot|p1a: Grumpig\n|-boost|p1a: Grumpig|spa|2\n|\n|-heal|p1a: Grumpig|221/297|[from] item: Leftovers\n|upkeep\n|turn|11\n|\n|t:|1781378791\n|switch|p1a: Iron Thorns|Iron Thorns, L83|42/302\n|move|p2a: Illumise|Bug Buzz|p1a: Iron Thorns\n|-damage|p1a: Iron Thorns|0 fnt\n|faint|p1a: Iron Thorns\n|-end|p1a: Iron Thorns|Quark Drive|[silent]\n|\n|upkeep\n|\n|t:|1781378800\n|switch|p1a: Iron Hands|Iron Hands, L79|373/373\n|turn|12\n|\n|t:|1781378817\n|switch|p2a: Primarina|Primarina, L83, F|186/268\n|move|p1a: Iron Hands|Wild Charge|p2a: Primarina\n|-supereffective|p2a: Primarina\n|-damage|p2a: Primarina|0 fnt\n|faint|p2a: Primarina\n|-damage|p1a: Iron Hands|326/373|[from] Recoil\n|\n|upkeep\n|\n|t:|1781378823\n|switch|p2a: Breloom|Breloom, L83, F|212/235\n|turn|13\n|\n|t:|1781378841\n|move|p2a: Breloom|Spore|p1a: Iron Hands\n|-status|p1a: Iron Hands|slp|[from] move: Spore\n|cant|p1a: Iron Hands|slp\n|\n|upkeep\n|turn|14\n|\n|t:|1781378845\n|-end|p1a: Iron Hands|Quark Drive|[silent]\n|switch|p1a: Grumpig|Grumpig, L92, M|221/297\n|move|p2a: Breloom|Swords Dance|p2a: Breloom\n|-boost|p2a: Breloom|atk|2\n|\n|-heal|p1a: Grumpig|239/297|[from] item: Leftovers\n|upkeep\n|turn|15\n|\n|t:|1781378849\n|switch|p2a: Blissey|Blissey, L85, F|572/572\n|move|p1a: Grumpig|Psychic|p2a: Blissey\n|-damage|p2a: Blissey|497/572\n|\n|-heal|p1a: Grumpig|257/297|[from] item: Leftovers\n|-heal|p2a: Blissey|532/572|[from] item: Leftovers\n|upkeep\n|turn|16\n|\n|t:|1781378853\n|switch|p1a: Iron Hands|Iron Hands, L79|326/373 slp\n|move|p2a: Blissey|Seismic Toss|p1a: Iron Hands\n|-damage|p1a: Iron Hands|241/373 slp\n|\n|-heal|p2a: Blissey|567/572|[from] item: Leftovers\n|upkeep\n|turn|17\n|\n|t:|1781378860\n|switch|p2a: Illumise|Illumise, L91, F|266/266\n|-curestatus|p1a: Iron Hands|slp|[msg]\n|move|p1a: Iron Hands|Close Combat|p2a: Illumise\n|-resisted|p2a: Illumise\n|-damage|p2a: Illumise|183/266\n|-unboost|p1a: Iron Hands|def|1\n|-unboost|p1a: Iron Hands|spd|1\n|\n|upkeep\n|turn|18\n|\n|t:|1781378863\n|-end|p1a: Iron Hands|Quark Drive|[silent]\n|switch|p1a: Ursaluna|Ursaluna-Bloodmoon, L79, M|308/308\n|move|p2a: Illumise|Encore||[still]\n|-fail|p2a: Illumise\n|\n|upkeep\n|turn|19\n|\n|t:|1781378872\n|switch|p2a: Blissey|Blissey, L85, F|567/572\n|move|p1a: Ursaluna|Blood Moon|p2a: Blissey\n|-damage|p2a: Blissey|437/572\n|\n|-heal|p2a: Blissey|472/572|[from] item: Leftovers\n|upkeep\n|turn|20\n|\n|t:|1781378878\n|move|p2a: Blissey|Seismic Toss|p1a: Ursaluna\n|-damage|p1a: Ursaluna|223/308\n|move|p1a: Ursaluna|Calm Mind|p1a: Ursaluna\n|-boost|p1a: Ursaluna|spa|1\n|-boost|p1a: Ursaluna|spd|1\n|\n|-heal|p2a: Blissey|507/572|[from] item: Leftovers\n|-heal|p1a: Ursaluna|242/308|[from] item: Leftovers\n|upkeep\n|turn|21\n|\n|t:|1781378882\n|move|p2a: Blissey|Seismic Toss|p1a: Ursaluna\n|-damage|p1a: Ursaluna|157/308\n|move|p1a: Ursaluna|Calm Mind|p1a: Ursaluna\n|-boost|p1a: Ursaluna|spa|1\n|-boost|p1a: Ursaluna|spd|1\n|\n|-heal|p2a: Blissey|542/572|[from] item: Leftovers\n|-heal|p1a: Ursaluna|176/308|[from] item: Leftovers\n|upkeep\n|turn|22\n|\n|t:|1781378886\n|move|p2a: Blissey|Seismic Toss|p1a: Ursaluna\n|-damage|p1a: Ursaluna|91/308\n|move|p1a: Ursaluna|Calm Mind|p1a: Ursaluna\n|-boost|p1a: Ursaluna|spa|1\n|-boost|p1a: Ursaluna|spd|1\n|\n|-heal|p2a: Blissey|572/572|[from] item: Leftovers\n|-heal|p1a: Ursaluna|110/308|[from] item: Leftovers\n|upkeep\n|turn|23\n|\n|t:|1781378888\n|move|p2a: Blissey|Seismic Toss|p1a: Ursaluna\n|-damage|p1a: Ursaluna|25/308\n|move|p1a: Ursaluna|Moonlight|p1a: Ursaluna\n|-heal|p1a: Ursaluna|179/308\n|\n|-heal|p1a: Ursaluna|198/308|[from] item: Leftovers\n|upkeep\n|turn|24\n|\n|t:|1781378892\n|move|p2a: Blissey|Seismic Toss|p1a: Ursaluna\n|-damage|p1a: Ursaluna|113/308\n|move|p1a: Ursaluna|Earth Power|p2a: Blissey\n|-damage|p2a: Blissey|391/572\n|\n|-heal|p2a: Blissey|426/572|[from] item: Leftovers\n|-heal|p1a: Ursaluna|132/308|[from] item: Leftovers\n|upkeep\n|turn|25\n|\n|t:|1781378894\n|move|p2a: Blissey|Seismic Toss|p1a: Ursaluna\n|-damage|p1a: Ursaluna|47/308\n|move|p1a: Ursaluna|Moonlight|p1a: Ursaluna\n|-heal|p1a: Ursaluna|201/308\n|\n|-heal|p2a: Blissey|461/572|[from] item: Leftovers\n|-heal|p1a: Ursaluna|220/308|[from] item: Leftovers\n|upkeep\n|turn|26\n|\n|t:|1781378896\n|move|p2a: Blissey|Seismic Toss|p1a: Ursaluna\n|-damage|p1a: Ursaluna|135/308\n|move|p1a: Ursaluna|Moonlight|p1a: Ursaluna\n|-heal|p1a: Ursaluna|289/308\n|\n|-heal|p2a: Blissey|496/572|[from] item: Leftovers\n|-heal|p1a: Ursaluna|308/308|[from] item: Leftovers\n|upkeep\n|turn|27\n|\n|t:|1781378898\n|move|p2a: Blissey|Seismic Toss|p1a: Ursaluna\n|-damage|p1a: Ursaluna|223/308\n|move|p1a: Ursaluna|Calm Mind|p1a: Ursaluna\n|-boost|p1a: Ursaluna|spa|1\n|-boost|p1a: Ursaluna|spd|1\n|\n|-heal|p2a: Blissey|531/572|[from] item: Leftovers\n|-heal|p1a: Ursaluna|242/308|[from] item: Leftovers\n|upkeep\n|turn|28\n|\n|t:|1781378901\n|move|p2a: Blissey|Seismic Toss|p1a: Ursaluna\n|-damage|p1a: Ursaluna|157/308\n|move|p1a: Ursaluna|Calm Mind|p1a: Ursaluna\n|-boost|p1a: Ursaluna|spa|1\n|-boost|p1a: Ursaluna|spd|1\n|\n|-heal|p2a: Blissey|566/572|[from] item: Leftovers\n|-heal|p1a: Ursaluna|176/308|[from] item: Leftovers\n|upkeep\n|turn|29\n|\n|t:|1781378904\n|move|p2a: Blissey|Seismic Toss|p1a: Ursaluna\n|-damage|p1a: Ursaluna|91/308\n|move|p1a: Ursaluna|Moonlight|p1a: Ursaluna\n|-heal|p1a: Ursaluna|245/308\n|\n|-heal|p2a: Blissey|572/572|[from] item: Leftovers\n|-heal|p1a: Ursaluna|264/308|[from] item: Leftovers\n|upkeep\n|turn|30\n|\n|t:|1781378907\n|move|p2a: Blissey|Seismic Toss|p1a: Ursaluna\n|-damage|p1a: Ursaluna|179/308\n|move|p1a: Ursaluna|Earth Power|p2a: Blissey\n|-damage|p2a: Blissey|307/572\n|\n|-heal|p2a: Blissey|342/572|[from] item: Leftovers\n|-heal|p1a: Ursaluna|198/308|[from] item: Leftovers\n|upkeep\n|turn|31\n|\n|t:|1781378910\n|move|p2a: Blissey|Seismic Toss|p1a: Ursaluna\n|-damage|p1a: Ursaluna|113/308\n|move|p1a: Ursaluna|Blood Moon|p2a: Blissey\n|-damage|p2a: Blissey|0 fnt\n|faint|p2a: Blissey\n|\n|-heal|p1a: Ursaluna|132/308|[from] item: Leftovers\n|upkeep\n|\n|t:|1781378920\n|switch|p2a: Breloom|Breloom, L83, F|212/235\n|turn|32\n|\n|t:|1781378924\n|move|p2a: Breloom|Bullet Seed|p1a: Ursaluna\n|-supereffective|p1a: Ursaluna\n|-damage|p1a: Ursaluna|31/308\n|-supereffective|p1a: Ursaluna\n|-damage|p1a: Ursaluna|0 fnt\n|faint|p1a: Ursaluna\n|-hitcount|p1: Ursaluna|2\n|-damage|p2a: Breloom|189/235|[from] item: Life Orb\n|\n|upkeep\n|\n|t:|1781378925\n|switch|p1a: Grumpig|Grumpig, L92, M|257/297\n|turn|33\n|\n|t:|1781378936\n|switch|p2a: Illumise|Illumise, L91, F|183/266\n|move|p1a: Grumpig|Psychic|p2a: Illumise\n|-damage|p2a: Illumise|78/266\n|\n|-heal|p1a: Grumpig|275/297|[from] item: Leftovers\n|upkeep\n|turn|34\n|\n|t:|1781378948\n|switch|p2a: Breloom|Breloom, L83, F|189/235\n|switch|p1a: Iron Hands|Iron Hands, L79|241/373\n|\n|upkeep\n|turn|35\n|\n|t:|1781378954\n|-end|p1a: Iron Hands|Quark Drive|[silent]\n|switch|p1a: Serperior|Serperior, L79, M|201/248\n|move|p2a: Breloom|Spore|p1a: Serperior\n|-immune|p1a: Serperior\n|\n|-heal|p1a: Serperior|216/248|[from] item: Leftovers\n|upkeep\n|turn|36\n|\n|t:|1781378959\n|move|p1a: Serperior|Leaf Storm|p2a: Breloom\n|-resisted|p2a: Breloom\n|-damage|p2a: Breloom|123/235\n|-boost|p1a: Serperior|spa|2\n|move|p2a: Breloom|Bullet Seed|p1a: Serperior\n|-resisted|p1a: Serperior\n|-damage|p1a: Serperior|182/248\n|-resisted|p1a: Serperior\n|-damage|p1a: Serperior|151/248\n|-resisted|p1a: Serperior\n|-damage|p1a: Serperior|121/248\n|-resisted|p1a: Serperior\n|-crit|p1a: Serperior\n|-damage|p1a: Serperior|72/248\n|-resisted|p1a: Serperior\n|-damage|p1a: Serperior|40/248\n|-hitcount|p1a: Serperior|5\n|-damage|p2a: Breloom|100/235|[from] item: Life Orb\n|\n|-heal|p1a: Serperior|55/248|[from] item: Leftovers\n|upkeep\n|turn|37\n|\n|t:|1781378963\n|switch|p1a: Grumpig|Grumpig, L92, M|275/297\n|move|p2a: Breloom|Mach Punch|p1a: Grumpig\n|-resisted|p1a: Grumpig\n|-damage|p1a: Grumpig|214/297\n|-damage|p2a: Breloom|77/235|[from] item: Life Orb\n|\n|-heal|p1a: Grumpig|232/297|[from] item: Leftovers\n|upkeep\n|turn|38\n|\n|t:|1781378978\n|switch|p2a: Illumise|Illumise, L91, F|78/266\n|move|p1a: Grumpig|Psychic|p2a: Illumise\n|-damage|p2a: Illumise|0 fnt\n|faint|p2a: Illumise\n|\n|-heal|p1a: Grumpig|250/297|[from] item: Leftovers\n|upkeep\n|\n|t:|1781378980\n|switch|p2a: Infernape|Infernape, L82, M|259/259\n|turn|39\n|\n|t:|1781378987\n|switch|p1a: Serperior|Serperior, L79, M|55/248\n|-terastallize|p2a: Infernape|Dark\n|move|p2a: Infernape|Knock Off|p1a: Serperior\n|-damage|p1a: Serperior|0 fnt\n|-enditem|p1a: Serperior|Leftovers|[from] move: Knock Off|[of] p2a: Infernape\n|faint|p1a: Serperior\n|-damage|p2a: Infernape|234/259|[from] item: Life Orb\n|\n|upkeep\n|\n|t:|1781378989\n|switch|p1a: Comfey|Comfey, L85, F|225/225\n|turn|40\n|-message|5star forfeited.\n|\n|win|nano jump\n", "inputlog": ">version a8376a258c1d4662feba110a92103f3664a72141\n>start {\"formatid\":\"gen9randombattle\",\"seed\":\"sodium,5ec275caab78a4df86841afb3fb9a0ee\",\"rated\":\"Rated battle\"}\n>player p1 {\"name\":\"nano jump\",\"avatar\":\"steven-masters\",\"rating\":2278,\"seed\":\"sodium,036fe1fac9b9da05ec91db65ec55affd\"}\n>player p2 {\"name\":\"5star\",\"avatar\":\"102\",\"rating\":2308,\"seed\":\"sodium,4734998a84fec30812e14a56f3e8c3ff\"}\n>p1 move substitute\n>p2 switch 5\n>p1 switch 4\n>p2 move encore\n>p1 move stoneedge\n>p2 switch 6\n>p1 move earthquake\n>p2 move bodypress\n>p1 move dragondance\n>p2 move bodypress\n>p1 move earthquake\n>p2 move bodypress\n>p2 switch 4\n>p1 switch 5\n>p2 move machpunch\n>p1 move psychic\n>p2 switch 5\n>p1 move nastyplot\n>p2 move flipturn\n>p2 switch 6\n>p1 move psychic\n>p2 move encore\n>p1 switch 5\n>p2 move bugbuzz\n>p1 switch 3\n>p1 move wildcharge\n>p2 switch 6\n>p2 switch 5\n>p1 move voltswitch\n>p2 move spore\n>p1 switch 5\n>p2 move swordsdance\n>p1 move psychic\n>p2 switch 2\n>p1 switch 5\n>p2 move seismictoss\n>p1 move closecombat\n>p2 switch 6\n>p1 switch 2\n>p2 move encore\n>p1 move bloodmoon\n>p2 switch 6\n>p1 move calmmind\n>p2 move seismictoss\n>p1 move calmmind\n>p2 move seismictoss\n>p1 move calmmind\n>p2 move seismictoss\n>p1 move moonlight\n>p2 move seismictoss\n>p1 move earthpower\n>p2 move seismictoss\n>p1 move moonlight\n>p2 move seismictoss\n>p1 move moonlight\n>p2 move seismictoss\n>p1 move calmmind\n>p2 move seismictoss\n>p1 move calmmind\n>p2 move seismictoss\n>p1 move moonlight\n>p2 move seismictoss\n>p1 move earthpower\n>p2 move seismictoss\n>p1 move bloodmoon\n>p2 move seismictoss\n>p2 switch 2\n>p1 move earthpower\n>p2 move bulletseed\n>p1 switch 5\n>p1 move psychic\n>p2 switch 6\n>p1 switch 2\n>p2 switch 6\n>p1 switch 4\n>p2 move spore\n>p1 move leafstorm\n>p2 move bulletseed\n>p1 switch 2\n>p2 move machpunch\n>p1 move psychic\n>p2 switch 6\n>p2 switch 3\n>p1 switch 2\n>p2 move knockoff terastallize\n>p1 switch 6\n>forcelose p2", "uploadtime": 1781378716, "views": 7, "formatid": "gen9randombattle", "rating": null, "private": 0, "password": null}