{"id": "gen9randombattle-2631786454", "format": "[Gen 9] Random Battle", "players": ["randopractician", "rosymo"], "log": "|j|\u2606randopractician\n|j|\u2606rosymo\n|t:|1781439489\n|gametype|singles\n|player|p1|randopractician|101|2023\n|player|p2|rosymo|dawn|2054\n|gen|9\n|tier|[Gen 9] Random Battle\n|rated|\n|rule|Species Clause: Limit one of each Pok\u00e9mon\n|rule|HP Percentage Mod: HP is shown in percentages\n|rule|Sleep Clause Mod: Limit one foe put to sleep\n|rule|Illusion Level Mod: Illusion disguises the Pok\u00e9mon's true level\n|\n|t:|1781439489\n|teamsize|p1|6\n|teamsize|p2|6\n|start\n|switch|p1a: Crawdaunt|Crawdaunt, L84, M|243/243\n|switch|p2a: Vivillon|Vivillon-Polar, L83, F|268/268\n|turn|1\n|\n|t:|1781439500\n|switch|p1a: Ogerpon|Ogerpon-Hearthflame, L74, F|239/239\n|-ability|p1a: Ogerpon|Mold Breaker\n|move|p2a: Vivillon|Sleep Powder|p1a: Ogerpon\n|-immune|p1a: Ogerpon\n|\n|upkeep\n|turn|2\n|\n|t:|1781439512\n|switch|p2a: Manaphy|Manaphy, L78|284/284\n|move|p1a: Ogerpon|Ivy Cudgel|p2a: Manaphy|[anim] Ivy Cudgel Fire\n|-resisted|p2a: Manaphy\n|-damage|p2a: Manaphy|231/284\n|\n|-heal|p2a: Manaphy|248/284|[from] item: Leftovers\n|upkeep\n|turn|3\n|\n|t:|1781439520\n|switch|p2a: Flapple|Flapple, L88, M|266/266\n|move|p1a: Ogerpon|Swords Dance|p1a: Ogerpon\n|-boost|p1a: Ogerpon|atk|2\n|\n|upkeep\n|turn|4\n|\n|t:|1781439524\n|move|p1a: Ogerpon|Ivy Cudgel|p2a: Flapple|[anim] Ivy Cudgel Fire\n|-damage|p2a: Flapple|43/266\n|move|p2a: Flapple|Dragon Dance|p2a: Flapple\n|-boost|p2a: Flapple|atk|1\n|-boost|p2a: Flapple|spe|1\n|\n|upkeep\n|turn|5\n|\n|t:|1781439529\n|move|p2a: Flapple|Outrage|p1a: Ogerpon\n|-damage|p1a: Ogerpon|0 fnt\n|faint|p1a: Ogerpon\n|\n|upkeep\n|\n|t:|1781439534\n|switch|p1a: Lokix|Lokix, L82, F|251/251\n|turn|6\n|\n|t:|1781439538\n|move|p1a: Lokix|First Impression|p2a: Flapple\n|-supereffective|p2a: Flapple\n|-damage|p2a: Flapple|0 fnt\n|faint|p2a: Flapple\n|\n|upkeep\n|\n|t:|1781439544\n|switch|p2a: Dugtrio|Dugtrio-Alola, L84, M|196/196\n|turn|7\n|\n|t:|1781439552\n|switch|p1a: Palossand|Palossand, L89, F|296/296\n|move|p2a: Dugtrio|Stone Edge|p1a: Palossand\n|-resisted|p1a: Palossand\n|-damage|p1a: Palossand|258/296\n|-damage|p2a: Dugtrio|177/196|[from] item: Life Orb\n|\n|-heal|p1a: Palossand|276/296|[from] item: Leftovers\n|upkeep\n|turn|8\n|\n|t:|1781439566\n|move|p2a: Dugtrio|Swords Dance|p2a: Dugtrio\n|-boost|p2a: Dugtrio|atk|2\n|move|p1a: Palossand|Shadow Ball|p2a: Dugtrio\n|-damage|p2a: Dugtrio|68/196\n|\n|-heal|p1a: Palossand|294/296|[from] item: Leftovers\n|upkeep\n|turn|9\n|\n|t:|1781439569\n|move|p2a: Dugtrio|Iron Head|p1a: Palossand\n|-damage|p1a: Palossand|125/296\n|-damage|p2a: Dugtrio|49/196|[from] item: Life Orb\n|cant|p1a: Palossand|flinch\n|\n|-heal|p1a: Palossand|143/296|[from] item: Leftovers\n|upkeep\n|turn|10\n|\n|t:|1781439574\n|move|p2a: Dugtrio|Iron Head|p1a: Palossand\n|-damage|p1a: Palossand|0 fnt\n|faint|p1a: Palossand\n|-damage|p2a: Dugtrio|30/196|[from] item: Life Orb\n|\n|upkeep\n|\n|t:|1781439581\n|switch|p1a: Lokix|Lokix, L82, F|251/251\n|turn|11\n|\n|t:|1781439587\n|move|p1a: Lokix|First Impression|p2a: Dugtrio\n|-resisted|p2a: Dugtrio\n|-damage|p2a: Dugtrio|0 fnt\n|-ability|p2a: Dugtrio|Tangling Hair\n|-unboost|p1a: Lokix|spe|1\n|faint|p2a: Dugtrio\n|\n|upkeep\n|\n|t:|1781439591\n|switch|p2a: Pincurchin|Pincurchin, F|258/258\n|-fieldstart|move: Electric Terrain|[from] ability: Electric Surge|[of] p2a: Pincurchin\n|turn|12\n|\n|t:|1781439595\n|move|p1a: Lokix|Knock Off|p2a: Pincurchin\n|-damage|p2a: Pincurchin|180/258\n|-enditem|p2a: Pincurchin|Leftovers|[from] move: Knock Off|[of] p1a: Lokix\n|move|p2a: Pincurchin|Thunderbolt|p1a: Lokix\n|-damage|p1a: Lokix|26/251\n|\n|upkeep\n|turn|13\n|\n|t:|1781439603\n|move|p1a: Lokix|Knock Off|p2a: Pincurchin\n|-damage|p2a: Pincurchin|122/258\n|move|p2a: Pincurchin|Spikes|p1a: Lokix\n|-sidestart|p1: randopractician|Spikes\n|\n|upkeep\n|turn|14\n|\n|t:|1781439610\n|move|p1a: Lokix|Knock Off|p2a: Pincurchin\n|-damage|p2a: Pincurchin|65/258\n|move|p2a: Pincurchin|Recover|p2a: Pincurchin\n|-heal|p2a: Pincurchin|194/258\n|\n|upkeep\n|turn|15\n|\n|t:|1781439617\n|move|p1a: Lokix|Knock Off|p2a: Pincurchin\n|-damage|p2a: Pincurchin|137/258\n|move|p2a: Pincurchin|Thunderbolt|p1a: Lokix\n|-damage|p1a: Lokix|0 fnt\n|faint|p1a: Lokix\n|\n|upkeep\n|\n|t:|1781439626\n|switch|p1a: Greedent|Greedent, L86, M|347/347\n|-damage|p1a: Greedent|304/347|[from] Spikes\n|turn|16\n|\n|t:|1781439644\n|move|p2a: Pincurchin|Scald|p1a: Greedent\n|-damage|p1a: Greedent|216/347\n|-status|p1a: Greedent|brn\n|move|p1a: Greedent|Earthquake|p2a: Pincurchin\n|-supereffective|p2a: Pincurchin\n|-damage|p2a: Pincurchin|74/258\n|\n|-damage|p1a: Greedent|195/347 brn|[from] brn\n|-fieldend|move: Electric Terrain\n|upkeep\n|turn|17\n|\n|t:|1781439654\n|move|p2a: Pincurchin|Spikes|p1a: Greedent\n|-sidestart|p1: randopractician|Spikes\n|move|p1a: Greedent|Swords Dance|p1a: Greedent\n|-boost|p1a: Greedent|atk|2\n|\n|-damage|p1a: Greedent|174/347 brn|[from] brn\n|upkeep\n|turn|18\n|\n|t:|1781439662\n|move|p2a: Pincurchin|Recover|p2a: Pincurchin\n|-heal|p2a: Pincurchin|203/258\n|move|p1a: Greedent|Earthquake|p2a: Pincurchin\n|-supereffective|p2a: Pincurchin\n|-damage|p2a: Pincurchin|83/258\n|\n|-damage|p1a: Greedent|153/347 brn|[from] brn\n|upkeep\n|-enditem|p1a: Greedent|Sitrus Berry|[eat]\n|-heal|p1a: Greedent|239/347 brn|[from] item: Sitrus Berry\n|-heal|p1a: Greedent|347/347 brn|[from] ability: Cheek Pouch\n|turn|19\n|\n|t:|1781439671\n|move|p2a: Pincurchin|Recover|p2a: Pincurchin\n|-heal|p2a: Pincurchin|212/258\n|move|p1a: Greedent|Swords Dance|p1a: Greedent\n|-boost|p1a: Greedent|atk|2\n|\n|-damage|p1a: Greedent|326/347 brn|[from] brn\n|upkeep\n|turn|20\n|\n|t:|1781439674\n|move|p2a: Pincurchin|Thunderbolt|p1a: Greedent\n|-damage|p1a: Greedent|193/347 brn\n|move|p1a: Greedent|Earthquake|p2a: Pincurchin\n|-supereffective|p2a: Pincurchin\n|-damage|p2a: Pincurchin|49/258\n|\n|-damage|p1a: Greedent|172/347 brn|[from] brn\n|upkeep\n|turn|21\n|\n|t:|1781439678\n|move|p2a: Pincurchin|Spikes|p1a: Greedent\n|-sidestart|p1: randopractician|Spikes\n|move|p1a: Greedent|Earthquake|p2a: Pincurchin\n|-supereffective|p2a: Pincurchin\n|-damage|p2a: Pincurchin|0 fnt\n|faint|p2a: Pincurchin\n|\n|-damage|p1a: Greedent|151/347 brn|[from] brn\n|upkeep\n|\n|t:|1781439679\n|switch|p2a: Great Tusk|Great Tusk, L77|304/304\n|turn|22\n|\n|t:|1781439682\n|move|p2a: Great Tusk|Close Combat|p1a: Greedent\n|-supereffective|p1a: Greedent\n|-damage|p1a: Greedent|0 fnt\n|-unboost|p2a: Great Tusk|def|1\n|-unboost|p2a: Great Tusk|spd|1\n|faint|p1a: Greedent\n|\n|upkeep\n|\n|t:|1781439685\n|switch|p1a: Quaquaval|Quaquaval, L79, M|264/264\n|-damage|p1a: Quaquaval|198/264|[from] Spikes\n|turn|23\n|\n|t:|1781439689\n|-end|p2a: Great Tusk|Protosynthesis|[silent]\n|switch|p2a: Manaphy|Manaphy, L78|248/284\n|move|p1a: Quaquaval|Aqua Step|p2a: Manaphy\n|-resisted|p2a: Manaphy\n|-damage|p2a: Manaphy|181/284\n|-boost|p1a: Quaquaval|spe|1\n|\n|-heal|p2a: Manaphy|198/284|[from] item: Leftovers\n|upkeep\n|turn|24\n|\n|t:|1781439696\n|switch|p1a: Crawdaunt|Crawdaunt, L84, M|243/243\n|-damage|p1a: Crawdaunt|183/243|[from] Spikes\n|move|p2a: Manaphy|Energy Ball|p1a: Crawdaunt\n|-supereffective|p1a: Crawdaunt\n|-damage|p1a: Crawdaunt|33/243\n|\n|-heal|p2a: Manaphy|215/284|[from] item: Leftovers\n|upkeep\n|turn|25\n|\n|t:|1781439704\n|move|p2a: Manaphy|Energy Ball|p1a: Crawdaunt\n|-supereffective|p1a: Crawdaunt\n|-damage|p1a: Crawdaunt|0 fnt\n|faint|p1a: Crawdaunt\n|\n|-heal|p2a: Manaphy|232/284|[from] item: Leftovers\n|upkeep\n|\n|t:|1781439706\n|switch|p1a: Quaquaval|Quaquaval, L79, M|198/264\n|-damage|p1a: Quaquaval|132/264|[from] Spikes\n|turn|26\n|\n|t:|1781439724\n|-terastallize|p2a: Manaphy|Water\n|-terastallize|p1a: Quaquaval|Fighting\n|move|p2a: Manaphy|Surf|p1a: Quaquaval\n|-damage|p1a: Quaquaval|8/264\n|move|p1a: Quaquaval|Aqua Step|p2a: Manaphy\n|-resisted|p2a: Manaphy\n|-damage|p2a: Manaphy|166/284\n|-boost|p1a: Quaquaval|spe|1\n|\n|-heal|p2a: Manaphy|183/284|[from] item: Leftovers\n|upkeep\n|turn|27\n|inactive|Battle timer is ON: inactive players will automatically lose when time's up. (requested by randopractician)\n|\n|t:|1781439752\n|move|p1a: Quaquaval|Aqua Step|p2a: Manaphy\n|-resisted|p2a: Manaphy\n|-damage|p2a: Manaphy|119/284\n|-boost|p1a: Quaquaval|spe|1\n|move|p2a: Manaphy|Surf|p1a: Quaquaval\n|-damage|p1a: Quaquaval|0 fnt\n|faint|p1a: Quaquaval\n|\n|win|rosymo\n", "inputlog": ">version a8376a258c1d4662feba110a92103f3664a72141\n>start {\"formatid\":\"gen9randombattle\",\"seed\":\"sodium,f54d0c450ee5055100a0c06bca1a3179\",\"rated\":\"Rated battle\"}\n>player p1 {\"name\":\"randopractician\",\"avatar\":\"101\",\"rating\":2023,\"seed\":\"sodium,911a16bfb947508ad8a08800c6a91628\"}\n>player p2 {\"name\":\"rosymo\",\"avatar\":\"dawn\",\"rating\":2054,\"seed\":\"sodium,1f187ccec3d9f5309424703a0d226eea\"}\n>p1 switch 4\n>p2 move sleeppowder\n>p1 move ivycudgel\n>p2 switch 5\n>p1 move swordsdance\n>p2 switch 4\n>p1 move ivycudgel\n>p2 move dragondance\n>p1 move ivycudgel\n>p2 move outrage\n>p1 switch 2\n>p1 move firstimpression\n>p2 move outrage\n>p2 switch 2\n>p1 switch 5\n>p2 move stoneedge\n>p1 move shadowball\n>p2 move swordsdance\n>p1 move earthpower\n>p2 move ironhead\n>p1 move earthpower\n>p2 move ironhead\n>p1 switch 5\n>p1 move firstimpression\n>p2 move ironhead\n>p2 switch 6\n>p1 move knockoff\n>p2 move thunderbolt\n>p1 move knockoff\n>p2 move spikes\n>p1 move knockoff\n>p2 move recover\n>p1 move knockoff\n>p2 move thunderbolt\n>p1 switch 3\n>p1 move earthquake\n>p2 move scald\n>p1 move swordsdance\n>p2 move spikes\n>p1 move earthquake\n>p2 move recover\n>p1 move swordsdance\n>p2 move recover\n>p1 move earthquake\n>p2 move thunderbolt\n>p1 move earthquake\n>p2 move spikes\n>p2 switch 3\n>p1 move earthquake\n>p2 move closecombat\n>p1 switch 6\n>p1 move aquastep\n>p2 switch 4\n>p1 switch 4\n>p2 move energyball\n>p1 move knockoff\n>p2 move energyball\n>p1 switch 4\n>p1 move aquastep terastallize\n>p2 move surf terastallize\n>p1 move aquastep\n>p2 move surf", "uploadtime": 1781439491, "views": 4, "formatid": "gen9randombattle", "rating": null, "private": 0, "password": null}