{"id": "gen9randombattle-2631538394", "format": "[Gen 9] Random Battle", "players": ["Meowerdoom", "bluffmepls"], "log": "|j|\u2606Meowerdoom\n|j|\u2606bluffmepls\n|t:|1781398364\n|gametype|singles\n|player|p1|Meowerdoom|burgh|2079\n|player|p2|bluffmepls|266|2151\n|gen|9\n|tier|[Gen 9] Random Battle\n|rated|\n|rule|Species Clause: Limit one of each Pok\u00e9mon\n|rule|HP Percentage Mod: HP is shown in percentages\n|rule|Sleep Clause Mod: Limit one foe put to sleep\n|rule|Illusion Level Mod: Illusion disguises the Pok\u00e9mon's true level\n|\n|t:|1781398364\n|teamsize|p1|6\n|teamsize|p2|6\n|start\n|switch|p1a: Decidueye|Decidueye, L88, M|281/281\n|switch|p2a: Entei|Entei, L78|307/307\n|turn|1\n|inactive|Battle timer is ON: inactive players will automatically lose when time's up. (requested by bluffmepls)\n|\n|t:|1781398375\n|switch|p1a: Slowbro|Slowbro, L85, F|300/300\n|move|p2a: Entei|Flare Blitz|p1a: Slowbro\n|-resisted|p1a: Slowbro\n|-damage|p1a: Slowbro|225/300\n|-damage|p2a: Entei|282/307|[from] Recoil\n|\n|-heal|p1a: Slowbro|243/300|[from] item: Leftovers\n|upkeep\n|turn|2\n|\n|t:|1781398386\n|switch|p2a: Glaceon|Glaceon, L94, F|275/275\n|move|p1a: Slowbro|Thunder Wave|p2a: Glaceon\n|-status|p2a: Glaceon|par\n|\n|-heal|p1a: Slowbro|261/300|[from] item: Leftovers\n|upkeep\n|turn|3\n|\n|t:|1781398392\n|switch|p1a: Beartic|Beartic, L91, M|321/321\n|cant|p2a: Glaceon|par\n|\n|upkeep\n|turn|4\n|\n|t:|1781398406\n|switch|p2a: Mewtwo|Mewtwo, L72|272/272\n|-ability|p2a: Mewtwo|Pressure\n|move|p1a: Beartic|Swords Dance|p1a: Beartic\n|-boost|p1a: Beartic|atk|2\n|\n|upkeep\n|turn|5\n|\n|t:|1781398413\n|move|p2a: Mewtwo|Fire Blast|p1a: Beartic\n|-supereffective|p1a: Beartic\n|-damage|p1a: Beartic|113/321\n|-damage|p2a: Mewtwo|245/272|[from] item: Life Orb\n|move|p1a: Beartic|Icicle Crash|p2a: Mewtwo\n|-damage|p2a: Mewtwo|0 fnt\n|faint|p2a: Mewtwo\n|\n|upkeep\n|\n|t:|1781398419\n|switch|p2a: Entei|Entei, L78|282/307\n|turn|6\n|\n|t:|1781398422\n|switch|p1a: Slowbro|Slowbro, L85, F|300/300\n|move|p2a: Entei|Sacred Fire|p1a: Slowbro\n|-resisted|p1a: Slowbro\n|-damage|p1a: Slowbro|234/300\n|\n|-heal|p1a: Slowbro|252/300|[from] item: Leftovers\n|upkeep\n|turn|7\n|\n|t:|1781398432\n|switch|p2a: Glaceon|Glaceon, L94, F|275/275 par\n|move|p1a: Slowbro|Scald|p2a: Glaceon\n|-damage|p2a: Glaceon|200/275 par\n|\n|-heal|p1a: Slowbro|270/300|[from] item: Leftovers\n|upkeep\n|turn|8\n|\n|t:|1781398435\n|switch|p1a: Beartic|Beartic, L91, M|113/321\n|move|p2a: Glaceon|Freeze-Dry|p1a: Beartic\n|-resisted|p1a: Beartic\n|-damage|p1a: Beartic|59/321\n|\n|upkeep\n|turn|9\n|\n|t:|1781398451\n|switch|p2a: Entei|Entei, L78|282/307\n|move|p1a: Beartic|Close Combat|p2a: Entei\n|-damage|p2a: Entei|150/307\n|-unboost|p1a: Beartic|def|1\n|-unboost|p1a: Beartic|spd|1\n|\n|upkeep\n|turn|10\n|\n|t:|1781398461\n|move|p2a: Entei|Sacred Fire|p1a: Beartic\n|-supereffective|p1a: Beartic\n|-damage|p1a: Beartic|0 fnt\n|faint|p1a: Beartic\n|\n|upkeep\n|\n|t:|1781398463\n|switch|p1a: Slowbro|Slowbro, L85, F|300/300\n|turn|11\n|\n|t:|1781398465\n|switch|p2a: Glaceon|Glaceon, L94, F|200/275 par\n|move|p1a: Slowbro|Scald|p2a: Glaceon\n|-damage|p2a: Glaceon|127/275 par\n|\n|upkeep\n|turn|12\n|\n|t:|1781398471\n|switch|p1a: Azelf|Azelf, L82|257/257\n|move|p2a: Glaceon|Wish|p2a: Glaceon\n|\n|upkeep\n|turn|13\n|\n|t:|1781398484\n|switch|p2a: Entei|Entei, L78|150/307\n|move|p1a: Azelf|Psychic|p2a: Entei\n|-damage|p2a: Entei|0 fnt\n|faint|p2a: Entei\n|-damage|p1a: Azelf|232/257|[from] item: Life Orb\n|\n|upkeep\n|\n|t:|1781398487\n|switch|p2a: Ursaring|Ursaring, L84, M|288/288\n|turn|14\n|\n|t:|1781398495\n|move|p1a: Azelf|U-turn|p2a: Ursaring\n|-damage|p2a: Ursaring|209/288\n|-damage|p1a: Azelf|207/257|[from] item: Life Orb\n|\n|t:|1781398500\n|switch|p1a: Skarmory|Skarmory, L80, F|235/235|[from] U-turn\n|move|p2a: Ursaring|Crunch|p1a: Skarmory\n|-damage|p1a: Skarmory|179/235\n|\n|-heal|p1a: Skarmory|193/235|[from] item: Leftovers\n|-status|p2a: Ursaring|tox|[from] item: Toxic Orb\n|upkeep\n|turn|15\n|\n|t:|1781398506\n|switch|p2a: Glaceon|Glaceon, L94, F|127/275 par\n|move|p1a: Skarmory|Iron Defense|p1a: Skarmory\n|-boost|p1a: Skarmory|def|2\n|\n|-heal|p1a: Skarmory|207/235|[from] item: Leftovers\n|upkeep\n|turn|16\n|\n|t:|1781398517\n|move|p1a: Skarmory|Body Press|p2a: Glaceon\n|-supereffective|p2a: Glaceon\n|-damage|p2a: Glaceon|0 fnt\n|faint|p2a: Glaceon\n|\n|-heal|p1a: Skarmory|221/235|[from] item: Leftovers\n|upkeep\n|\n|t:|1781398520\n|switch|p2a: Frosmoth|Frosmoth, L82, M|249/249\n|turn|17\n|\n|t:|1781398530\n|-terastallize|p1a: Skarmory|Fighting\n|move|p1a: Skarmory|Body Press|p2a: Frosmoth\n|-damage|p2a: Frosmoth|0 fnt\n|faint|p2a: Frosmoth\n|\n|-heal|p1a: Skarmory|235/235|[from] item: Leftovers\n|upkeep\n|-message|bluffmepls forfeited.\n|\n|win|Meowerdoom\n", "inputlog": ">version a8376a258c1d4662feba110a92103f3664a72141\n>start {\"formatid\":\"gen9randombattle\",\"seed\":\"sodium,18e814b67bfcbc78a17602195fd43caf\",\"rated\":\"Rated battle\"}\n>player p1 {\"name\":\"Meowerdoom\",\"avatar\":\"burgh\",\"rating\":2079,\"seed\":\"sodium,29e57c2ff64738b77adef7d848254905\"}\n>player p2 {\"name\":\"bluffmepls\",\"avatar\":\"266\",\"rating\":2151,\"seed\":\"sodium,5ff35e5d891072756e5bec31aeae8f35\"}\n>p1 switch 4\n>p2 move flareblitz\n>p1 move thunderwave\n>p2 switch 6\n>p1 switch 2\n>p2 move freezedry\n>p1 move swordsdance\n>p2 switch 3\n>p1 move iciclecrash\n>p2 move fireblast\n>p2 switch 6\n>p1 switch 2\n>p2 move sacredfire\n>p1 move scald\n>p2 switch 3\n>p1 switch 2\n>p2 move freezedry\n>p1 move closecombat\n>p2 switch 3\n>p1 move closecombat\n>p2 move sacredfire\n>p1 switch 2\n>p1 move scald\n>p2 switch 3\n>p1 switch 3\n>p2 move wish\n>p1 move psychic\n>p2 switch 3\n>p2 switch 5\n>p1 move uturn\n>p2 move crunch\n>p1 switch 5\n>p1 move irondefense\n>p2 switch 3\n>p1 move bodypress\n>p2 move wish\n>p2 switch 4\n>p1 move bodypress terastallize\n>p2 move quiverdance\n>forcelose p2", "uploadtime": 1781398366, "views": 5, "formatid": "gen9randombattle", "rating": null, "private": 0, "password": null}