{"id": "gen9randombattle-2631967372", "format": "[Gen 9] Random Battle", "players": ["ftaochaphet", "oddishlover4"], "log": "|badge|p2|bronze|gen9randombattle|100-9\n|badge|p2|bronze|gen9ou|100-9\n|uhtml|medal-msg|<div class=\"broadcast-blue\">Curious what those medals under the avatar are? PS now has Ladder Seasons! For more information, check out the <a href=\"https://www.smogon.com/forums/threads/3740067/\">thread on Smogon.</a></div>\n|j|\u2606ftaochaphet\n|j|\u2606oddishlover4\n|t:|1781460891\n|gametype|singles\n|player|p1|ftaochaphet|265|2298\n|player|p2|oddishlover4|266|2376\n|gen|9\n|tier|[Gen 9] Random Battle\n|rated|\n|rule|Species Clause: Limit one of each Pok\u00e9mon\n|rule|HP Percentage Mod: HP is shown in percentages\n|rule|Sleep Clause Mod: Limit one foe put to sleep\n|rule|Illusion Level Mod: Illusion disguises the Pok\u00e9mon's true level\n|\n|t:|1781460891\n|teamsize|p1|6\n|teamsize|p2|6\n|start\n|switch|p1a: Greedent|Greedent, L86, M|347/347\n|switch|p2a: Cacturne|Cacturne, L92, F|278/278\n|turn|1\n|inactive|Battle timer is ON: inactive players will automatically lose when time's up. (requested by ftaochaphet)\n|c|\u2606oddishlover4|gl/hf!\n|inactive|oddishlover4 also wants the timer to be on.\n|\n|t:|1781460915\n|move|p2a: Cacturne|Swords Dance|p2a: Cacturne\n|-boost|p2a: Cacturne|atk|2\n|move|p1a: Greedent|Double-Edge|p2a: Cacturne\n|-damage|p2a: Cacturne|124/278\n|-damage|p1a: Greedent|296/347|[from] Recoil\n|\n|upkeep\n|turn|2\n|\n|t:|1781460933\n|move|p2a: Cacturne|Knock Off|p1a: Greedent\n|-damage|p1a: Greedent|0 fnt\n|-enditem|p1a: Greedent|Sitrus Berry|[from] move: Knock Off|[of] p2a: Cacturne\n|faint|p1a: Greedent\n|-damage|p2a: Cacturne|97/278|[from] item: Life Orb\n|\n|upkeep\n|\n|t:|1781460941\n|switch|p1a: Terrakion|Terrakion, L79|273/273\n|turn|3\n|\n|t:|1781460959\n|move|p2a: Cacturne|Sucker Punch|p1a: Terrakion\n|-resisted|p1a: Terrakion\n|-damage|p1a: Terrakion|144/273\n|-ability|p1a: Terrakion|Justified|boost\n|-boost|p1a: Terrakion|atk|1\n|-damage|p2a: Cacturne|70/278|[from] item: Life Orb\n|move|p1a: Terrakion|Close Combat|p2a: Cacturne\n|-supereffective|p2a: Cacturne\n|-damage|p2a: Cacturne|0 fnt\n|-unboost|p1a: Terrakion|def|1\n|-unboost|p1a: Terrakion|spd|1\n|faint|p2a: Cacturne\n|\n|upkeep\n|\n|t:|1781460977\n|switch|p2a: Misdreavus|Misdreavus, L90, M|254/254\n|turn|4\n|inactive|oddishlover4 has 120 seconds left.\n|\n|t:|1781460995\n|switch|p1a: Swampert|Swampert, L83, F|302/302\n|move|p2a: Misdreavus|Calm Mind|p2a: Misdreavus\n|-boost|p2a: Misdreavus|spa|1\n|-boost|p2a: Misdreavus|spd|1\n|\n|upkeep\n|turn|5\n|inactive|oddishlover4 has 120 seconds left.\n|\n|t:|1781461013\n|move|p2a: Misdreavus|Will-O-Wisp|p1a: Swampert\n|-status|p1a: Swampert|brn\n|move|p1a: Swampert|Knock Off|p2a: Misdreavus\n|-supereffective|p2a: Misdreavus\n|-damage|p2a: Misdreavus|193/254\n|-enditem|p2a: Misdreavus|Eviolite|[from] move: Knock Off|[of] p1a: Swampert\n|\n|-damage|p1a: Swampert|284/302 brn|[from] brn\n|upkeep\n|turn|6\n|inactive|oddishlover4 has 120 seconds left.\n|\n|t:|1781461031\n|move|p2a: Misdreavus|Shadow Ball|p1a: Swampert\n|-damage|p1a: Swampert|146/302 brn\n|move|p1a: Swampert|Yawn|p2a: Misdreavus\n|-start|p2a: Misdreavus|move: Yawn|[of] p1a: Swampert\n|\n|-heal|p1a: Swampert|164/302 brn|[from] item: Leftovers\n|-damage|p1a: Swampert|146/302 brn|[from] brn\n|upkeep\n|turn|7\n|\n|t:|1781461049\n|switch|p2a: Jumpluff|Jumpluff, L87, F|271/271\n|move|p1a: Swampert|Knock Off|p2a: Jumpluff\n|-damage|p2a: Jumpluff|243/271\n|\n|-heal|p1a: Swampert|164/302 brn|[from] item: Leftovers\n|-damage|p1a: Swampert|146/302 brn|[from] brn\n|upkeep\n|turn|8\n|\n|t:|1781461066\n|move|p2a: Jumpluff|Substitute|p2a: Jumpluff\n|-start|p2a: Jumpluff|Substitute\n|-damage|p2a: Jumpluff|176/271\n|move|p1a: Swampert|Ice Beam|p2a: Jumpluff\n|-supereffective|p2a: Jumpluff\n|-end|p2a: Jumpluff|Substitute\n|\n|-heal|p1a: Swampert|164/302 brn|[from] item: Leftovers\n|-damage|p1a: Swampert|146/302 brn|[from] brn\n|upkeep\n|turn|9\n|\n|t:|1781461084\n|switch|p2a: Dewgong|Dewgong, L94, F|322/322\n|move|p1a: Swampert|Ice Beam|p2a: Dewgong\n|-resisted|p2a: Dewgong\n|-damage|p2a: Dewgong|316/322\n|\n|-heal|p1a: Swampert|164/302 brn|[from] item: Leftovers\n|-damage|p1a: Swampert|146/302 brn|[from] brn\n|upkeep\n|turn|10\n|inactive|oddishlover4 has 90 seconds left.\n|\n|t:|1781461102\n|move|p2a: Dewgong|Ice Beam|p1a: Swampert\n|-damage|p1a: Swampert|53/302 brn\n|move|p1a: Swampert|Yawn|p2a: Dewgong\n|-start|p2a: Dewgong|move: Yawn|[of] p1a: Swampert\n|\n|-heal|p1a: Swampert|71/302 brn|[from] item: Leftovers\n|-damage|p1a: Swampert|53/302 brn|[from] brn\n|upkeep\n|turn|11\n|inactive|oddishlover4 has 90 seconds left.\n|\n|t:|1781461120\n|move|p2a: Dewgong|Flip Turn|p1a: Swampert\n|-damage|p1a: Swampert|0 fnt\n|faint|p1a: Swampert\n|\n|t:|1781461138\n|switch|p2a: Carbink|Carbink, L90|236/236|[from] Flip Turn\n|\n|upkeep\n|\n|t:|1781461143\n|switch|p1a: Gliscor|Gliscor, L76, F|239/239\n|turn|12\n|\n|t:|1781461161\n|move|p1a: Gliscor|Toxic|p2a: Carbink\n|-status|p2a: Carbink|tox\n|move|p2a: Carbink|Moonblast|p1a: Gliscor\n|-damage|p1a: Gliscor|143/239\n|\n|-damage|p2a: Carbink|222/236 tox|[from] psn\n|-status|p1a: Gliscor|tox|[from] item: Toxic Orb\n|upkeep\n|turn|13\n|\n|t:|1781461178\n|move|p1a: Gliscor|Protect|p1a: Gliscor\n|-singleturn|p1a: Gliscor|Protect\n|move|p2a: Carbink|Moonblast|p1a: Gliscor\n|-activate|p1a: Gliscor|move: Protect\n|\n|-heal|p1a: Gliscor|172/239 tox|[from] ability: Poison Heal\n|-damage|p2a: Carbink|194/236 tox|[from] psn\n|upkeep\n|turn|14\n|\n|t:|1781461196\n|switch|p2a: Jumpluff|Jumpluff, L87, F|176/271\n|move|p1a: Gliscor|Substitute|p1a: Gliscor\n|-start|p1a: Gliscor|Substitute\n|-damage|p1a: Gliscor|113/239 tox\n|\n|-heal|p1a: Gliscor|142/239 tox|[from] ability: Poison Heal\n|upkeep\n|turn|15\n|inactive|oddishlover4 has 60 seconds left.\n|\n|t:|1781461213\n|move|p1a: Gliscor|Protect|p1a: Gliscor\n|-singleturn|p1a: Gliscor|Protect\n|move|p2a: Jumpluff|Substitute|p2a: Jumpluff\n|-start|p2a: Jumpluff|Substitute\n|-damage|p2a: Jumpluff|109/271\n|\n|-heal|p1a: Gliscor|171/239 tox|[from] ability: Poison Heal\n|upkeep\n|turn|16\n|inactive|oddishlover4 has 60 seconds left.\n|\n|t:|1781461231\n|switch|p1a: Zekrom|Zekrom, L71|259/259\n|-ability|p1a: Zekrom|Teravolt\n|move|p2a: Jumpluff|Strength Sap|p1a: Zekrom\n|-unboost|p1a: Zekrom|atk|1\n|-heal|p2a: Jumpluff|271/271\n|\n|upkeep\n|turn|17\n|l|\u2606ftaochaphet\n|inactive|ftaochaphet disconnected and has a minute to reconnect!\n|player|p1|\n|inactive|oddishlover4 has 60 seconds left.\n|j|\u2606ftaochaphet\n|inactive|ftaochaphet reconnected and has 140 seconds left.\n|player|p1|ftaochaphet|265|\n|\n|t:|1781461249\n|move|p2a: Jumpluff|Leech Seed|p1a: Zekrom|[miss]\n|-miss|p2a: Jumpluff|p1a: Zekrom\n|move|p1a: Zekrom|Dragon Dance|p1a: Zekrom\n|-boost|p1a: Zekrom|atk|1\n|-boost|p1a: Zekrom|spe|1\n|\n|upkeep\n|turn|18\n|\n|t:|1781461266\n|switch|p2a: Carbink|Carbink, L90|194/236 tox\n|move|p1a: Zekrom|Bolt Strike|p2a: Carbink\n|-damage|p2a: Carbink|113/236 tox\n|\n|-damage|p2a: Carbink|99/236 tox|[from] psn\n|upkeep\n|turn|19\n|\n|t:|1781461276\n|switch|p1a: Gliscor|Gliscor, L76, F|171/239 tox\n|move|p2a: Carbink|Rest|p2a: Carbink\n|-status|p2a: Carbink|slp|[from] move: Rest\n|-heal|p2a: Carbink|236/236 slp|[silent]\n|-enditem|p2a: Carbink|Chesto Berry|[eat]\n|-curestatus|p2a: Carbink|slp|[msg]\n|\n|-heal|p1a: Gliscor|200/239 tox|[from] ability: Poison Heal\n|upkeep\n|turn|20\n|\n|t:|1781461285\n|move|p1a: Gliscor|Toxic|p2a: Carbink\n|-status|p2a: Carbink|tox\n|move|p2a: Carbink|Moonblast|p1a: Gliscor\n|-damage|p1a: Gliscor|110/239 tox\n|\n|-heal|p1a: Gliscor|139/239 tox|[from] ability: Poison Heal\n|-damage|p2a: Carbink|222/236 tox|[from] psn\n|upkeep\n|turn|21\n|inactive|oddishlover4 has 60 seconds left.\n|\n|t:|1781461294\n|move|p1a: Gliscor|Protect|p1a: Gliscor\n|-singleturn|p1a: Gliscor|Protect\n|move|p2a: Carbink|Moonblast|p1a: Gliscor\n|-activate|p1a: Gliscor|move: Protect\n|\n|-heal|p1a: Gliscor|168/239 tox|[from] ability: Poison Heal\n|-damage|p2a: Carbink|194/236 tox|[from] psn\n|upkeep\n|turn|22\n|inactive|oddishlover4 has 60 seconds left.\n|\n|t:|1781461312\n|move|p1a: Gliscor|Toxic|p2a: Carbink\n|-fail|p2a: Carbink|tox\n|move|p2a: Carbink|Rest|p2a: Carbink\n|-status|p2a: Carbink|slp|[from] move: Rest\n|-heal|p2a: Carbink|236/236 slp|[silent]\n|\n|-heal|p1a: Gliscor|197/239 tox|[from] ability: Poison Heal\n|upkeep\n|turn|23\n|inactive|oddishlover4 has 60 seconds left.\n|\n|t:|1781461330\n|switch|p2a: Misdreavus|Misdreavus, L90, M|193/254\n|move|p1a: Gliscor|Toxic|p2a: Misdreavus\n|-status|p2a: Misdreavus|tox\n|\n|-damage|p2a: Misdreavus|178/254 tox|[from] psn\n|-heal|p1a: Gliscor|226/239 tox|[from] ability: Poison Heal\n|upkeep\n|turn|24\n|\n|t:|1781461347\n|move|p2a: Misdreavus|Shadow Ball|p1a: Gliscor\n|-damage|p1a: Gliscor|120/239 tox\n|move|p1a: Gliscor|Substitute|p1a: Gliscor\n|-start|p1a: Gliscor|Substitute\n|-damage|p1a: Gliscor|61/239 tox\n|\n|-damage|p2a: Misdreavus|148/254 tox|[from] psn\n|-heal|p1a: Gliscor|90/239 tox|[from] ability: Poison Heal\n|upkeep\n|turn|25\n|\n|t:|1781461356\n|switch|p2a: Jumpluff|Jumpluff, L87, F|271/271\n|move|p1a: Gliscor|Protect||[still]\n|-fail|p1a: Gliscor\n|\n|-heal|p1a: Gliscor|119/239 tox|[from] ability: Poison Heal\n|upkeep\n|turn|26\n|\n|t:|1781461365\n|switch|p1a: Zekrom|Zekrom, L71|259/259\n|-ability|p1a: Zekrom|Teravolt\n|move|p2a: Jumpluff|Substitute|p2a: Jumpluff\n|-start|p2a: Jumpluff|Substitute\n|-damage|p2a: Jumpluff|204/271\n|\n|upkeep\n|turn|27\n|inactive|oddishlover4 has 60 seconds left.\n|\n|t:|1781461374\n|move|p2a: Jumpluff|Leech Seed|p1a: Zekrom\n|-start|p1a: Zekrom|move: Leech Seed\n|move|p1a: Zekrom|Dragon Dance|p1a: Zekrom\n|-boost|p1a: Zekrom|atk|1\n|-boost|p1a: Zekrom|spe|1\n|\n|-damage|p1a: Zekrom|227/259|[from] Leech Seed|[of] p2a: Jumpluff\n|-heal|p2a: Jumpluff|236/271|[silent]\n|upkeep\n|turn|28\n|inactive|oddishlover4 has 60 seconds left.\n|\n|t:|1781461391\n|move|p1a: Zekrom|Bolt Strike|p2a: Jumpluff\n|-end|p2a: Jumpluff|Substitute\n|move|p2a: Jumpluff|Strength Sap|p1a: Zekrom\n|-unboost|p1a: Zekrom|atk|1\n|-heal|p2a: Jumpluff|271/271\n|\n|-heal|p1a: Zekrom|243/259|[from] item: Leftovers\n|-damage|p1a: Zekrom|211/259|[from] Leech Seed|[of] p2a: Jumpluff\n|upkeep\n|turn|29\n|inactive|oddishlover4 has 60 seconds left.\n|\n|t:|1781461408\n|switch|p1a: Terrakion|Terrakion, L79|144/273\n|move|p2a: Jumpluff|Strength Sap|p1a: Terrakion\n|-unboost|p1a: Terrakion|atk|1\n|\n|upkeep\n|turn|30\n|\n|t:|1781461426\n|move|p2a: Jumpluff|Acrobatics|p1a: Terrakion\n|-damage|p1a: Terrakion|57/273\n|move|p1a: Terrakion|Stone Edge|p2a: Jumpluff\n|-supereffective|p2a: Jumpluff\n|-crit|p2a: Jumpluff\n|-damage|p2a: Jumpluff|0 fnt\n|faint|p2a: Jumpluff\n|\n|upkeep\n|\n|t:|1781461435\n|switch|p2a: Misdreavus|Misdreavus, L90, M|148/254 tox\n|turn|31\n|\n|t:|1781461452\n|switch|p1a: Gliscor|Gliscor, L76, F|119/239 tox\n|move|p2a: Misdreavus|Draining Kiss|p1a: Gliscor\n|-damage|p1a: Gliscor|72/239 tox\n|-heal|p2a: Misdreavus|183/254 tox|[from] drain|[of] p1a: Gliscor\n|\n|-damage|p2a: Misdreavus|168/254 tox|[from] psn\n|-heal|p1a: Gliscor|101/239 tox|[from] ability: Poison Heal\n|upkeep\n|turn|32\n|\n|t:|1781461461\n|switch|p2a: Dewgong|Dewgong, L94, F|316/322\n|move|p1a: Gliscor|Protect||[still]\n|-fail|p1a: Gliscor\n|\n|-heal|p1a: Gliscor|130/239 tox|[from] ability: Poison Heal\n|upkeep\n|turn|33\n|inactive|oddishlover4 has 60 seconds left.\n|\n|t:|1781461475\n|move|p1a: Gliscor|Protect|p1a: Gliscor\n|-singleturn|p1a: Gliscor|Protect\n|move|p2a: Dewgong|Ice Beam|p1a: Gliscor\n|-activate|p1a: Gliscor|move: Protect\n|\n|-heal|p1a: Gliscor|159/239 tox|[from] ability: Poison Heal\n|upkeep\n|turn|34\n|inactive|oddishlover4 has 60 seconds left.\n|l|\u2606ftaochaphet\n|inactive|ftaochaphet disconnected and has a minute to reconnect!\n|player|p1|\n|inactive|ftaochaphet has 30 seconds to reconnect!\n|inactive|ftaochaphet has 20 seconds to reconnect!\n|inactive|ftaochaphet has 15 seconds to reconnect!\n|inactive|ftaochaphet has 10 seconds to reconnect!\n|j|\u2606ftaochaphet\n|inactive|ftaochaphet reconnected and has 80 seconds left.\n|player|p1|ftaochaphet|265|\n|\n|t:|1781461560\n|move|p1a: Gliscor|Toxic|p2a: Dewgong|[miss]\n|-miss|p1a: Gliscor|p2a: Dewgong\n|move|p2a: Dewgong|Ice Beam|p1a: Gliscor\n|-supereffective|p1a: Gliscor\n|-damage|p1a: Gliscor|0 fnt\n|faint|p1a: Gliscor\n|\n|upkeep\n|\n|t:|1781461563\n|switch|p1a: Feraligatr|Feraligatr, L79, F|264/264\n|turn|35\n|inactive|oddishlover4 has 60 seconds left.\n|\n|t:|1781461581\n|move|p2a: Dewgong|Ice Beam|p1a: Feraligatr\n|-resisted|p1a: Feraligatr\n|-damage|p1a: Feraligatr|213/264\n|move|p1a: Feraligatr|Dragon Dance|p1a: Feraligatr\n|-boost|p1a: Feraligatr|atk|1\n|-boost|p1a: Feraligatr|spe|1\n|\n|upkeep\n|turn|36\n|inactive|ftaochaphet has 90 seconds left.\n|inactive|oddishlover4 has 60 seconds left.\n|\n|t:|1781461602\n|move|p1a: Feraligatr|Dragon Dance|p1a: Feraligatr\n|-boost|p1a: Feraligatr|atk|1\n|-boost|p1a: Feraligatr|spe|1\n|move|p2a: Dewgong|Encore|p1a: Feraligatr\n|-start|p1a: Feraligatr|Encore\n|\n|upkeep\n|turn|37\n|\n|t:|1781461619\n|move|p1a: Feraligatr|Dragon Dance|p1a: Feraligatr\n|-boost|p1a: Feraligatr|atk|1\n|-boost|p1a: Feraligatr|spe|1\n|move|p2a: Dewgong|Flip Turn|p1a: Feraligatr\n|-resisted|p1a: Feraligatr\n|-damage|p1a: Feraligatr|183/264\n|\n|t:|1781461628\n|switch|p2a: Sandy Shocks|Sandy Shocks, L80|267/267|[from] Flip Turn\n|\n|upkeep\n|turn|38\n|inactive|ftaochaphet has 90 seconds left.\n|\n|t:|1781461639\n|switch|p1a: Zekrom|Zekrom, L71|211/259\n|-ability|p1a: Zekrom|Teravolt\n|move|p2a: Sandy Shocks|Earth Power|p1a: Zekrom\n|-supereffective|p1a: Zekrom\n|-damage|p1a: Zekrom|0 fnt\n|faint|p1a: Zekrom\n|\n|upkeep\n|\n|t:|1781461642\n|switch|p1a: Terrakion|Terrakion, L79|57/273\n|turn|39\n|inactive|oddishlover4 has 60 seconds left.\n|\n|t:|1781461650\n|-terastallize|p1a: Terrakion|Ground\n|-terastallize|p2a: Sandy Shocks|Ground\n|move|p1a: Terrakion|Earthquake|p2a: Sandy Shocks\n|-damage|p2a: Sandy Shocks|92/267\n|move|p2a: Sandy Shocks|Earth Power|p1a: Terrakion\n|-damage|p1a: Terrakion|0 fnt\n|faint|p1a: Terrakion\n|\n|-heal|p2a: Sandy Shocks|108/267|[from] item: Leftovers\n|upkeep\n|\n|t:|1781461654\n|switch|p1a: Feraligatr|Feraligatr, L79, F|183/264\n|turn|40\n|\n|t:|1781461660\n|move|p2a: Sandy Shocks|Thunderbolt|p1a: Feraligatr\n|-supereffective|p1a: Feraligatr\n|-damage|p1a: Feraligatr|0 fnt\n|faint|p1a: Feraligatr\n|\n|win|oddishlover4\n", "inputlog": ">version a8376a258c1d4662feba110a92103f3664a72141\n>start {\"formatid\":\"gen9randombattle\",\"seed\":\"sodium,9da552e05969ce8ffc787e14f97b779f\",\"rated\":\"Rated battle\"}\n>player p1 {\"name\":\"ftaochaphet\",\"avatar\":\"265\",\"rating\":2298,\"seed\":\"sodium,1801e5bc9241e14b6acdc2a49946293d\"}\n>player p2 {\"name\":\"oddishlover4\",\"avatar\":\"266\",\"rating\":2376,\"seed\":\"sodium,97de2cddb3e035ddec7fd5e4d7ec0abd\"}\n>chat \u2606oddishlover4|gl/hf!\n>p1 move doubleedge\n>p2 move swordsdance\n>p1 move doubleedge\n>p2 move knockoff\n>p1 switch 2\n>p1 move closecombat\n>p2 move suckerpunch\n>p2 switch 5\n>p1 switch 6\n>p2 move calmmind\n>p1 move knockoff\n>p2 move willowisp\n>p1 move yawn\n>p2 move shadowball\n>p1 move knockoff\n>p2 switch 2\n>p1 move icebeam\n>p2 move substitute\n>p1 move icebeam\n>p2 switch 3\n>p1 move yawn\n>p2 move icebeam\n>p1 move icebeam\n>p2 move flipturn\n>p2 switch 6\n>p1 switch 3\n>p1 move toxic\n>p2 move moonblast\n>p1 move protect\n>p2 move moonblast\n>p1 move substitute\n>p2 switch 3\n>p1 move protect\n>p2 move substitute\n>p1 switch 4\n>p2 move strengthsap\n>p1 move dragondance\n>p2 move leechseed\n>p1 move boltstrike\n>p2 switch 3\n>p1 switch 4\n>p2 move rest\n>p1 move toxic\n>p2 move moonblast\n>p1 move protect\n>p2 move moonblast\n>p1 move toxic\n>p2 move rest\n>p1 move toxic\n>p2 switch 2\n>p1 move substitute\n>p2 move shadowball\n>p1 move protect\n>p2 switch 3\n>p1 switch 4\n>p2 move substitute\n>p1 move dragondance\n>p2 move leechseed\n>p1 move boltstrike\n>p2 move strengthsap\n>p1 switch 6\n>p2 move strengthsap\n>p1 move stoneedge\n>p2 move acrobatics\n>p2 switch 3\n>p1 switch 4\n>p2 move drainingkiss\n>p1 move protect\n>p2 switch 6\n>p1 move protect\n>p2 move icebeam\n>p1 move toxic\n>p2 move icebeam\n>p1 switch 5\n>p1 move dragondance\n>p2 move icebeam\n>p1 move dragondance\n>p2 move encore\n>p1 move dragondance\n>p2 move flipturn\n>p2 switch 4\n>p1 switch 6\n>p2 move earthpower\n>p1 switch 4\n>p1 move earthquake terastallize\n>p2 move earthpower terastallize\n>p1 switch 6\n>p1 move dragondance\n>p2 move thunderbolt", "uploadtime": 1781460893, "views": 4, "formatid": "gen9randombattle", "rating": null, "private": 0, "password": null}