{"id": "gen9randombattle-2631703443", "format": "[Gen 9] Random Battle", "players": ["lecoopr", "Elysia_773"], "log": "|j|\u2606lecoopr\n|j|\u2606Elysia_773\n|t:|1781425029\n|gametype|singles\n|player|p1|lecoopr|tate|1934\n|player|p2|Elysia_773|miku-flying|2048\n|gen|9\n|tier|[Gen 9] Random Battle\n|rated|\n|rule|Species Clause: Limit one of each Pok\u00e9mon\n|rule|HP Percentage Mod: HP is shown in percentages\n|rule|Sleep Clause Mod: Limit one foe put to sleep\n|rule|Illusion Level Mod: Illusion disguises the Pok\u00e9mon's true level\n|\n|t:|1781425029\n|teamsize|p1|6\n|teamsize|p2|6\n|start\n|switch|p1a: Regirock|Regirock, L83|268/268\n|switch|p2a: Dewgong|Dewgong, L94, M|322/322\n|turn|1\n|inactive|Battle timer is ON: inactive players will automatically lose when time's up. (requested by Elysia_773)\n|\n|t:|1781425045\n|move|p2a: Dewgong|Knock Off|p1a: Regirock\n|-damage|p1a: Regirock|234/268\n|-enditem|p1a: Regirock|Leftovers|[from] move: Knock Off|[of] p2a: Dewgong\n|move|p1a: Regirock|Thunder Wave|p2a: Dewgong\n|-status|p2a: Dewgong|par\n|\n|upkeep\n|turn|2\n|\n|t:|1781425051\n|move|p1a: Regirock|Stone Edge|p2a: Dewgong\n|-supereffective|p2a: Dewgong\n|-damage|p2a: Dewgong|128/322 par\n|move|p2a: Dewgong|Surf|p1a: Regirock\n|-supereffective|p1a: Regirock\n|-damage|p1a: Regirock|78/268\n|\n|upkeep\n|turn|3\n|\n|t:|1781425062\n|switch|p2a: Annihilape|Annihilape, L76, M|292/292\n|move|p1a: Regirock|Body Press|p2a: Annihilape\n|-immune|p2a: Annihilape\n|\n|upkeep\n|turn|4\n|\n|t:|1781425072\n|switch|p1a: Volbeat|Volbeat, L90, M|263/263\n|move|p2a: Annihilape|Drain Punch|p1a: Volbeat\n|-resisted|p1a: Volbeat\n|-damage|p1a: Volbeat|221/263\n|\n|upkeep\n|turn|5\n|\n|t:|1781425076\n|switch|p2a: Dewgong|Dewgong, L94, M|128/322 par\n|move|p1a: Volbeat|Thunder Wave|p2a: Dewgong\n|-fail|p2a: Dewgong|par\n|\n|upkeep\n|turn|6\n|\n|t:|1781425080\n|move|p1a: Volbeat|U-turn|p2a: Dewgong\n|-crit|p2a: Dewgong\n|-damage|p2a: Dewgong|31/322 par\n|\n|t:|1781425095\n|switch|p1a: Regirock|Regirock, L83|78/268|[from] U-turn\n|move|p2a: Dewgong|Surf|p1a: Regirock\n|-supereffective|p1a: Regirock\n|-damage|p1a: Regirock|0 fnt\n|faint|p1a: Regirock\n|\n|upkeep\n|\n|t:|1781425106\n|switch|p1a: Gardevoir|Gardevoir, L83, M|249/249\n|-ability|p1a: Gardevoir|Thick Fat|Trace|[from] ability: Trace|[of] p2a: Dewgong\n|turn|7\n|\n|t:|1781425111\n|move|p1a: Gardevoir|Moonblast|p2a: Dewgong\n|-crit|p2a: Dewgong\n|-damage|p2a: Dewgong|0 fnt\n|faint|p2a: Dewgong\n|\n|upkeep\n|\n|t:|1781425115\n|switch|p2a: Fezandipiti|Fezandipiti, L82, M|278/278\n|turn|8\n|\n|t:|1781425124\n|switch|p1a: Volbeat|Volbeat, L90, M|221/263\n|move|p2a: Fezandipiti|Gunk Shot|p1a: Volbeat\n|-damage|p1a: Volbeat|104/263\n|\n|upkeep\n|turn|9\n|\n|t:|1781425130\n|move|p1a: Volbeat|Thunder Wave|p2a: Fezandipiti\n|-status|p2a: Fezandipiti|par\n|cant|p2a: Fezandipiti|par\n|\n|upkeep\n|turn|10\n|\n|t:|1781425141\n|move|p1a: Volbeat|U-turn|p2a: Fezandipiti\n|-resisted|p2a: Fezandipiti\n|-damage|p2a: Fezandipiti|259/278 par\n|\n|t:|1781425146\n|switch|p1a: Politoed|Politoed, L88, F|302/302|[from] U-turn\n|-weather|RainDance|[from] ability: Drizzle|[of] p1a: Politoed\n|cant|p2a: Fezandipiti|par\n|\n|-weather|RainDance|[upkeep]\n|-heal|p2a: Fezandipiti|276/278 par|[from] item: Leftovers\n|upkeep\n|turn|11\n|\n|t:|1781425152\n|move|p1a: Politoed|Weather Ball|p2a: Fezandipiti\n|-damage|p2a: Fezandipiti|75/278 par\n|move|p2a: Fezandipiti|Play Rough|p1a: Politoed\n|-damage|p1a: Politoed|209/302\n|\n|-weather|RainDance|[upkeep]\n|-heal|p2a: Fezandipiti|92/278 par|[from] item: Leftovers\n|upkeep\n|turn|12\n|\n|t:|1781425164\n|switch|p2a: Crabominable|Crabominable, L90, M|321/321\n|move|p1a: Politoed|Weather Ball|p2a: Crabominable\n|-damage|p2a: Crabominable|120/321\n|\n|-weather|RainDance|[upkeep]\n|upkeep\n|turn|13\n|\n|t:|1781425171\n|move|p1a: Politoed|Weather Ball|p2a: Crabominable\n|-damage|p2a: Crabominable|0 fnt\n|faint|p2a: Crabominable\n|\n|-weather|RainDance|[upkeep]\n|upkeep\n|\n|t:|1781425177\n|switch|p2a: Fezandipiti|Fezandipiti, L82, M|92/278 par\n|turn|14\n|\n|t:|1781425179\n|move|p1a: Politoed|Weather Ball|p2a: Fezandipiti\n|-damage|p2a: Fezandipiti|0 fnt\n|faint|p2a: Fezandipiti\n|\n|-weather|none\n|upkeep\n|\n|t:|1781425188\n|switch|p2a: Iron Leaves|Iron Leaves, L80|275/275\n|turn|15\n|\n|t:|1781425196\n|switch|p1a: Cacturne|Cacturne, L92, F|278/278\n|move|p2a: Iron Leaves|Psyblade|p1a: Cacturne\n|-immune|p1a: Cacturne\n|\n|upkeep\n|turn|16\n|\n|t:|1781425204\n|move|p2a: Iron Leaves|Psyblade|p1a: Cacturne\n|-immune|p1a: Cacturne\n|move|p1a: Cacturne|Knock Off|p2a: Iron Leaves\n|-supereffective|p2a: Iron Leaves\n|-damage|p2a: Iron Leaves|0 fnt\n|-enditem|p2a: Iron Leaves|Life Orb|[from] move: Knock Off|[of] p1a: Cacturne\n|faint|p2a: Iron Leaves\n|-end|p2a: Iron Leaves|Quark Drive|[silent]\n|-damage|p1a: Cacturne|251/278|[from] item: Life Orb\n|\n|upkeep\n|-message|Elysia_773 forfeited.\n|\n|win|lecoopr\n|raw|lecoopr's rating: 1934 &rarr; <strong>1960</strong><br />(+26 for winning)\n|raw|Elysia_773's rating: 2048 &rarr; <strong>2022</strong><br />(-26 for losing)\n", "inputlog": ">version a8376a258c1d4662feba110a92103f3664a72141\n>start {\"formatid\":\"gen9randombattle\",\"seed\":\"sodium,cb7430725df64826a93690764cb7c30b\",\"rated\":\"Rated battle\"}\n>player p1 {\"name\":\"lecoopr\",\"avatar\":\"tate\",\"rating\":1934,\"seed\":\"sodium,34945516d0fef8e9a893dc51a2602647\"}\n>player p2 {\"name\":\"Elysia_773\",\"avatar\":\"miku-flying\",\"rating\":2048,\"seed\":\"sodium,d0ddfa23fc19be15ce3c39768ecf2a7f\"}\n>p1 move thunderwave\n>p2 move knockoff\n>p1 move stoneedge\n>p2 move surf\n>p1 move bodypress\n>p2 switch 2\n>p1 switch 4\n>p2 move drainpunch\n>p1 move thunderwave\n>p2 switch 2\n>p1 move uturn\n>p2 move surf\n>p1 switch 4\n>p1 switch 5\n>p1 move moonblast\n>p2 move knockoff\n>p2 switch 3\n>p1 switch 4\n>p2 move gunkshot\n>p1 move thunderwave\n>p2 move gunkshot\n>p1 move uturn\n>p2 move playrough\n>p1 switch 3\n>p1 move weatherball\n>p2 move playrough\n>p1 move weatherball\n>p2 switch 4\n>p1 move weatherball\n>p2 move knockoff\n>p2 switch 4\n>p1 move weatherball\n>p2 move gunkshot\n>p2 switch 5\n>p1 switch 2\n>p2 move psyblade\n>p1 move knockoff\n>p2 move psyblade\n>forcelose p2", "uploadtime": 1781425207, "views": 4, "formatid": "gen9randombattle", "rating": 1960, "private": 0, "password": null}