{"id": "gen9randombattle-2631454244", "format": "[Gen 9] Random Battle", "players": ["A ninja kiwi", "moritzvb"], "log": "|j|\u2606A ninja kiwi\n|j|\u2606moritzvb\n|t:|1781386643\n|gametype|singles\n|player|p1|A ninja kiwi|koga|2148\n|player|p2|moritzvb|ariana|2191\n|gen|9\n|tier|[Gen 9] Random Battle\n|rated|\n|rule|Species Clause: Limit one of each Pok\u00e9mon\n|rule|HP Percentage Mod: HP is shown in percentages\n|rule|Sleep Clause Mod: Limit one foe put to sleep\n|rule|Illusion Level Mod: Illusion disguises the Pok\u00e9mon's true level\n|\n|t:|1781386643\n|teamsize|p1|6\n|teamsize|p2|6\n|start\n|switch|p1a: Ogerpon|Ogerpon-Hearthflame, L74, F|239/239\n|switch|p2a: Zarude|Zarude-Dada, L77|288/288\n|-ability|p1a: Ogerpon|Mold Breaker\n|turn|1\n|inactive|Battle timer is ON: inactive players will automatically lose when time's up. (requested by A ninja kiwi)\n|\n|t:|1781386658\n|switch|p2a: Infernape|Infernape, L82, F|259/259\n|move|p1a: Ogerpon|Ivy Cudgel|p2a: Infernape|[anim] Ivy Cudgel Fire\n|-resisted|p2a: Infernape\n|-damage|p2a: Infernape|190/259\n|\n|upkeep\n|turn|2\n|\n|t:|1781386667\n|move|p2a: Infernape|Close Combat|p1a: Ogerpon\n|-damage|p1a: Ogerpon|54/239\n|-unboost|p2a: Infernape|def|1\n|-unboost|p2a: Infernape|spd|1\n|-damage|p2a: Infernape|165/259|[from] item: Life Orb\n|move|p1a: Ogerpon|Stomping Tantrum|p2a: Infernape\n|-supereffective|p2a: Infernape\n|-damage|p2a: Infernape|0 fnt\n|faint|p2a: Infernape\n|\n|upkeep\n|\n|t:|1781386684\n|switch|p2a: Girafarig|Girafarig, L89, M|269/269\n|turn|3\n|\n|t:|1781386697\n|switch|p1a: Dachsbun|Dachsbun, L92, F|254/254\n|move|p2a: Girafarig|Hyper Voice|p1a: Dachsbun\n|-damage|p1a: Dachsbun|148/254\n|\n|-heal|p1a: Dachsbun|163/254|[from] item: Leftovers\n|upkeep\n|turn|4\n|\n|t:|1781386700\n|move|p1a: Dachsbun|Yawn|p2a: Girafarig\n|-start|p2a: Girafarig|move: Yawn|[of] p1a: Dachsbun\n|move|p2a: Girafarig|Nasty Plot|p2a: Girafarig\n|-boost|p2a: Girafarig|spa|2\n|\n|-heal|p1a: Dachsbun|178/254|[from] item: Leftovers\n|upkeep\n|turn|5\n|\n|t:|1781386715\n|switch|p2a: Copperajah|Copperajah, L86, M|350/350\n|move|p1a: Dachsbun|Protect||[still]\n|-fail|p1a: Dachsbun\n|\n|-heal|p1a: Dachsbun|193/254|[from] item: Leftovers\n|upkeep\n|turn|6\n|\n|t:|1781386719\n|switch|p1a: Weezing|Weezing, L88, M|258/258\n|move|p2a: Copperajah|Iron Head|p1a: Weezing\n|-damage|p1a: Weezing|102/258\n|\n|-heal|p1a: Weezing|118/258|[from] item: Leftovers\n|upkeep\n|turn|7\n|\n|t:|1781386735\n|switch|p2a: Plusle|Plusle, L95, M|268/268\n|move|p1a: Weezing|Will-O-Wisp|p2a: Plusle|[miss]\n|-miss|p1a: Weezing|p2a: Plusle\n|\n|-heal|p1a: Weezing|134/258|[from] item: Leftovers\n|upkeep\n|turn|8\n|\n|t:|1781386754\n|switch|p1a: Minun|Minun, L95, F|268/268\n|move|p2a: Plusle|Nasty Plot|p2a: Plusle\n|-boost|p2a: Plusle|spa|2\n|\n|upkeep\n|turn|9\n|\n|t:|1781386759\n|move|p2a: Plusle|Alluring Voice|p1a: Minun\n|-damage|p1a: Minun|107/268\n|-damage|p2a: Plusle|242/268|[from] item: Life Orb\n|move|p1a: Minun|Alluring Voice|p2a: Plusle\n|-damage|p2a: Plusle|156/268\n|-damage|p1a: Minun|81/268|[from] item: Life Orb\n|\n|upkeep\n|turn|10\n|\n|t:|1781386770\n|move|p2a: Plusle|Alluring Voice|p1a: Minun\n|-damage|p1a: Minun|0 fnt\n|faint|p1a: Minun\n|-damage|p2a: Plusle|130/268|[from] item: Life Orb\n|\n|upkeep\n|\n|t:|1781386774\n|switch|p1a: Cinccino|Cinccino, L83, M|260/260\n|turn|11\n|\n|t:|1781386777\n|switch|p2a: Copperajah|Copperajah, L86, M|350/350\n|move|p1a: Cinccino|Bullet Seed|p2a: Copperajah\n|-resisted|p2a: Copperajah\n|-damage|p2a: Copperajah|334/350\n|-resisted|p2a: Copperajah\n|-damage|p2a: Copperajah|320/350\n|-resisted|p2a: Copperajah\n|-damage|p2a: Copperajah|304/350\n|-resisted|p2a: Copperajah\n|-damage|p2a: Copperajah|289/350\n|-resisted|p2a: Copperajah\n|-damage|p2a: Copperajah|274/350\n|-hitcount|p2a: Copperajah|5\n|\n|upkeep\n|turn|12\n|\n|t:|1781386782\n|switch|p1a: Ogerpon|Ogerpon-Hearthflame, L74, F|54/239\n|-ability|p1a: Ogerpon|Mold Breaker\n|move|p2a: Copperajah|Iron Head|p1a: Ogerpon\n|-resisted|p1a: Ogerpon\n|-damage|p1a: Ogerpon|0 fnt\n|faint|p1a: Ogerpon\n|\n|upkeep\n|\n|t:|1781386784\n|switch|p1a: Weezing|Weezing, L88, M|134/258\n|turn|13\n|\n|t:|1781386790\n|switch|p2a: Girafarig|Girafarig, L89, M|269/269\n|move|p1a: Weezing|Will-O-Wisp|p2a: Girafarig\n|-status|p2a: Girafarig|brn\n|\n|-heal|p1a: Weezing|150/258|[from] item: Leftovers\n|-damage|p2a: Girafarig|253/269 brn|[from] brn\n|upkeep\n|turn|14\n|\n|t:|1781386804\n|move|p2a: Girafarig|Nasty Plot|p2a: Girafarig\n|-boost|p2a: Girafarig|spa|2\n|move|p1a: Weezing|Gunk Shot|p2a: Girafarig\n|-crit|p2a: Girafarig\n|-damage|p2a: Girafarig|97/269 brn\n|\n|-heal|p1a: Weezing|166/258|[from] item: Leftovers\n|-damage|p2a: Girafarig|81/269 brn|[from] brn\n|upkeep\n|turn|15\n|\n|t:|1781386809\n|move|p2a: Girafarig|Hyper Voice|p1a: Weezing\n|-damage|p1a: Weezing|0 fnt\n|faint|p1a: Weezing\n|\n|-damage|p2a: Girafarig|65/269 brn|[from] brn\n|upkeep\n|\n|t:|1781386813\n|switch|p1a: Cinccino|Cinccino, L83, M|260/260\n|turn|16\n|\n|t:|1781386816\n|move|p1a: Cinccino|Tail Slap|p2a: Girafarig\n|-damage|p2a: Girafarig|34/269 brn\n|-damage|p2a: Girafarig|0 fnt\n|faint|p2a: Girafarig\n|-hitcount|p2: Girafarig|2\n|\n|upkeep\n|\n|t:|1781386820\n|switch|p2a: Copperajah|Copperajah, L86, M|274/350\n|turn|17\n|\n|t:|1781386833\n|switch|p1a: Noctowl|Noctowl, L95, M|344/344\n|move|p2a: Copperajah|Iron Head|p1a: Noctowl\n|-damage|p1a: Noctowl|105/344\n|\n|upkeep\n|turn|18\n|\n|t:|1781386851\n|switch|p2a: Plusle|Plusle, L95, M|130/268\n|move|p1a: Noctowl|Hurricane|p2a: Plusle\n|-resisted|p2a: Plusle\n|-damage|p2a: Plusle|0 fnt\n|faint|p2a: Plusle\n|\n|upkeep\n|\n|t:|1781386859\n|switch|p2a: Zarude|Zarude-Dada, L77|288/288\n|turn|19\n|\n|t:|1781386866\n|switch|p1a: Dachsbun|Dachsbun, L92, F|193/254\n|move|p2a: Zarude|Power Whip|p1a: Dachsbun\n|-damage|p1a: Dachsbun|63/254\n|\n|-heal|p1a: Dachsbun|78/254|[from] item: Leftovers\n|upkeep\n|turn|20\n|\n|t:|1781386881\n|move|p1a: Dachsbun|Yawn|p2a: Zarude\n|-start|p2a: Zarude|move: Yawn|[of] p1a: Dachsbun\n|move|p2a: Zarude|Power Whip|p1a: Dachsbun\n|-damage|p1a: Dachsbun|0 fnt\n|faint|p1a: Dachsbun\n|\n|upkeep\n|\n|t:|1781386883\n|switch|p1a: Cinccino|Cinccino, L83, M|260/260\n|turn|21\n|\n|t:|1781386892\n|switch|p2a: Crawdaunt|Crawdaunt, L84, M|243/243\n|move|p1a: Cinccino|Tidy Up|p1a: Cinccino\n|-boost|p1a: Cinccino|atk|1\n|-boost|p1a: Cinccino|spe|1\n|\n|upkeep\n|turn|22\n|\n|t:|1781386898\n|-terastallize|p2a: Crawdaunt|Fighting\n|move|p1a: Cinccino|Bullet Seed|p2a: Crawdaunt\n|-damage|p2a: Crawdaunt|207/243\n|-damage|p2a: Crawdaunt|170/243\n|-damage|p2a: Crawdaunt|133/243\n|-damage|p2a: Crawdaunt|94/243\n|-damage|p2a: Crawdaunt|55/243\n|-hitcount|p2a: Crawdaunt|5\n|move|p2a: Crawdaunt|Close Combat|p1a: Cinccino\n|-supereffective|p1a: Cinccino\n|-damage|p1a: Cinccino|0 fnt\n|-unboost|p2a: Crawdaunt|def|1\n|-unboost|p2a: Crawdaunt|spd|1\n|faint|p1a: Cinccino\n|-damage|p2a: Crawdaunt|31/243|[from] item: Life Orb\n|\n|upkeep\n|-message|A ninja kiwi forfeited.\n|\n|win|moritzvb\n", "inputlog": ">version a8376a258c1d4662feba110a92103f3664a72141\n>start {\"formatid\":\"gen9randombattle\",\"seed\":\"sodium,73787eea331313c099b71523b51e1bfb\",\"rated\":\"Rated battle\"}\n>player p1 {\"name\":\"A ninja kiwi\",\"avatar\":\"koga\",\"rating\":2148,\"seed\":\"sodium,2888b26a720dcda66e652fcb0a58c3f1\"}\n>player p2 {\"name\":\"moritzvb\",\"avatar\":\"ariana\",\"rating\":2191,\"seed\":\"sodium,4737a9105ad5e4bc6ceac13deac644c0\"}\n>p1 move ivycudgel\n>p2 switch 4\n>p1 move stompingtantrum\n>p2 move closecombat\n>p2 switch 6\n>p1 switch 4\n>p2 move hypervoice\n>p1 move yawn\n>p2 move nastyplot\n>p1 move protect\n>p2 switch 2\n>p1 switch 5\n>p2 move ironhead\n>p1 move willowisp\n>p2 switch 3\n>p1 switch 6\n>p2 move nastyplot\n>p1 move alluringvoice\n>p2 move alluringvoice\n>p1 move alluringvoice\n>p2 move alluringvoice\n>p1 switch 3\n>p1 move bulletseed\n>p2 switch 3\n>p1 switch 4\n>p2 move ironhead\n>p1 switch 6\n>p1 move willowisp\n>p2 switch 2\n>p1 move gunkshot\n>p2 move nastyplot\n>p1 move gunkshot\n>p2 move hypervoice\n>p1 switch 4\n>p1 move tailslap\n>p2 move hypervoice\n>p2 switch 2\n>p1 switch 2\n>p2 move ironhead\n>p1 move hurricane\n>p2 switch 3\n>p2 switch 4\n>p1 switch 5\n>p2 move powerwhip\n>p1 move yawn\n>p2 move powerwhip\n>p1 switch 2\n>p1 move tidyup\n>p2 switch 5\n>p1 move bulletseed\n>p2 move closecombat terastallize\n>forcelose p1", "uploadtime": 1781386645, "views": 6, "formatid": "gen9randombattle", "rating": null, "private": 0, "password": null}