{"id": "gen9randombattle-2631942875", "format": "[Gen 9] Random Battle", "players": ["Shomsnack", "69latrikpelo69"], "log": "|j|\u203dShomsnack\n|j|\u260669latrikpelo69\n|t:|1781458240\n|gametype|singles\n|player|p1|Shomsnack|2|2033\n|player|p2|69latrikpelo69|pokemaniac|1966\n|gen|9\n|tier|[Gen 9] Random Battle\n|rated|\n|rule|Species Clause: Limit one of each Pok\u00e9mon\n|rule|HP Percentage Mod: HP is shown in percentages\n|rule|Sleep Clause Mod: Limit one foe put to sleep\n|rule|Illusion Level Mod: Illusion disguises the Pok\u00e9mon's true level\n|\n|t:|1781458240\n|teamsize|p1|6\n|teamsize|p2|6\n|start\n|switch|p1a: Seviper|Seviper, L93, F|287/287\n|switch|p2a: Avalugg|Avalugg-Hisui, L90, F|317/317\n|turn|1\n|inactive|Battle timer is ON: inactive players will automatically lose when time's up. (requested by Shomsnack)\n|\n|t:|1781458256\n|switch|p1a: Empoleon|Empoleon, L84, M|278/278\n|move|p2a: Avalugg|Avalanche|p1a: Empoleon\n|-resisted|p1a: Empoleon\n|-damage|p1a: Empoleon|255/278\n|\n|-heal|p1a: Empoleon|272/278|[from] item: Leftovers\n|upkeep\n|turn|2\n|\n|t:|1781458261\n|move|p1a: Empoleon|Surf|p2a: Avalugg\n|-supereffective|p2a: Avalugg\n|-ability|p2a: Avalugg|Sturdy\n|-damage|p2a: Avalugg|1/317\n|move|p2a: Avalugg|Body Press|p1a: Empoleon\n|-supereffective|p1a: Empoleon\n|-damage|p1a: Empoleon|40/278\n|\n|-heal|p1a: Empoleon|57/278|[from] item: Leftovers\n|upkeep\n|turn|3\n|\n|t:|1781458265\n|move|p1a: Empoleon|Knock Off|p2a: Avalugg\n|-damage|p2a: Avalugg|0 fnt\n|-enditem|p2a: Avalugg|Heavy-Duty Boots|[from] move: Knock Off|[of] p1a: Empoleon\n|faint|p2a: Avalugg\n|\n|-heal|p1a: Empoleon|74/278|[from] item: Leftovers\n|upkeep\n|\n|t:|1781458281\n|switch|p2a: Arceus|Arceus-Bug, L73|295/295\n|turn|4\n|\n|t:|1781458286\n|move|p2a: Arceus|Calm Mind|p2a: Arceus\n|-boost|p2a: Arceus|spa|1\n|-boost|p2a: Arceus|spd|1\n|move|p1a: Empoleon|Yawn|p2a: Arceus\n|-start|p2a: Arceus|move: Yawn|[of] p1a: Empoleon\n|\n|-heal|p1a: Empoleon|91/278|[from] item: Leftovers\n|upkeep\n|turn|5\n|\n|t:|1781458299\n|switch|p1a: Ceruledge|Ceruledge, L78, M|245/245\n|move|p2a: Arceus|Calm Mind|p2a: Arceus\n|-boost|p2a: Arceus|spa|1\n|-boost|p2a: Arceus|spd|1\n|\n|-end|p2a: Arceus|move: Yawn|[silent]\n|-status|p2a: Arceus|slp\n|upkeep\n|turn|6\n|\n|t:|1781458309\n|switch|p2a: Swampert|Swampert, L83, F|302/302\n|move|p1a: Ceruledge|Swords Dance|p1a: Ceruledge\n|-boost|p1a: Ceruledge|atk|2\n|\n|upkeep\n|turn|7\n|\n|t:|1781458315\n|-terastallize|p1a: Ceruledge|Ghost\n|move|p1a: Ceruledge|Poltergeist|p2a: Swampert\n|-activate|p2a: Swampert|move: Poltergeist|Leftovers\n|-damage|p2a: Swampert|0 fnt\n|faint|p2a: Swampert\n|\n|upkeep\n|\n|t:|1781458320\n|switch|p2a: Skarmory|Skarmory, L80, M|235/235\n|turn|8\n|\n|t:|1781458328\n|move|p1a: Ceruledge|Bitter Blade|p2a: Skarmory\n|-supereffective|p2a: Skarmory\n|-ability|p2a: Skarmory|Sturdy\n|-damage|p2a: Skarmory|1/235\n|move|p2a: Skarmory|Brave Bird|p1a: Ceruledge\n|-damage|p1a: Ceruledge|127/245\n|-ability|p1a: Ceruledge|Weak Armor|boost\n|-unboost|p1a: Ceruledge|def|1\n|-boost|p1a: Ceruledge|spe|2\n|-damage|p2a: Skarmory|0 fnt|[from] Recoil\n|faint|p2a: Skarmory\n|\n|upkeep\n|\n|t:|1781458337\n|switch|p2a: Dusknoir|Dusknoir, L89, F|225/225\n|-item|p1a: Ceruledge|Heavy-Duty Boots|[from] ability: Frisk|[of] p2a: Dusknoir\n|turn|9\n|\n|t:|1781458343\n|move|p1a: Ceruledge|Poltergeist|p2a: Dusknoir\n|-activate|p2a: Dusknoir|move: Poltergeist|Leftovers\n|-supereffective|p2a: Dusknoir\n|-damage|p2a: Dusknoir|0 fnt\n|faint|p2a: Dusknoir\n|\n|upkeep\n|-message|69latrikpelo69 forfeited.\n|\n|win|Shomsnack\n", "uploadtime": 1781458241, "views": 3, "formatid": "gen9randombattle", "rating": null, "private": 0, "password": null}