{"id": "gen9randombattle-2631430737", "format": "[Gen 9] Random Battle", "players": ["flq1312", "Docwidek"], "log": "|j|\u2606flq1312\n|j|\u2606Docwidek\n|t:|1781383752\n|gametype|singles\n|player|p1|flq1312|hiker-gen4|\n|player|p2|Docwidek|170|\n|gen|9\n|tier|[Gen 9] Random Battle\n|rule|Species Clause: Limit one of each Pok\u00e9mon\n|rule|HP Percentage Mod: HP is shown in percentages\n|rule|Sleep Clause Mod: Limit one foe put to sleep\n|rule|Illusion Level Mod: Illusion disguises the Pok\u00e9mon's true level\n|\n|t:|1781383752\n|teamsize|p1|6\n|teamsize|p2|6\n|start\n|switch|p1a: Breloom|Breloom, L83, M|235/235\n|switch|p2a: Spiritomb|Spiritomb, L89, M|234/234\n|turn|1\n|inactive|Battle timer is ON: inactive players will automatically lose when time's up. (requested by flq1312)\n|\n|t:|1781383787\n|move|p1a: Breloom|Spore|p2a: Spiritomb\n|-status|p2a: Spiritomb|slp|[from] move: Spore\n|cant|p2a: Spiritomb|slp\n|\n|upkeep\n|turn|2\n|\n|t:|1781383798\n|move|p1a: Breloom|Swords Dance|p1a: Breloom\n|-boost|p1a: Breloom|atk|2\n|cant|p2a: Spiritomb|slp\n|\n|upkeep\n|turn|3\n|\n|t:|1781383811\n|move|p1a: Breloom|Bullet Seed|p2a: Spiritomb\n|-damage|p2a: Spiritomb|131/234 slp\n|-damage|p2a: Spiritomb|32/234 slp\n|-hitcount|p2a: Spiritomb|2\n|-damage|p1a: Breloom|212/235|[from] item: Life Orb\n|-curestatus|p2a: Spiritomb|slp|[msg]\n|move|p2a: Spiritomb|Toxic|p1a: Breloom\n|-status|p1a: Breloom|tox\n|\n|-heal|p2a: Spiritomb|46/234|[from] item: Leftovers\n|-damage|p1a: Breloom|198/235 tox|[from] psn\n|upkeep\n|turn|4\n|\n|t:|1781383831\n|move|p1a: Breloom|Bullet Seed|p2a: Spiritomb\n|-damage|p2a: Spiritomb|0 fnt\n|faint|p2a: Spiritomb\n|-hitcount|p2: Spiritomb|1\n|-damage|p1a: Breloom|175/235 tox|[from] item: Life Orb\n|\n|-damage|p1a: Breloom|147/235 tox|[from] psn\n|upkeep\n|\n|t:|1781383840\n|switch|p2a: Talonflame|Talonflame, L83, F|265/265\n|turn|5\n|inactive|flq1312 has 270 seconds left.\n|\n|t:|1781383874\n|switch|p1a: Diancie|Diancie, L82|216/216\n|move|p2a: Talonflame|Flare Blitz|p1a: Diancie\n|-resisted|p1a: Diancie\n|-damage|p1a: Diancie|178/216\n|-damage|p2a: Talonflame|252/265|[from] Recoil\n|\n|upkeep\n|turn|6\n|\n|t:|1781383887\n|switch|p2a: Palafin|Palafin, L77, M|281/281\n|move|p1a: Diancie|Diamond Storm|p2a: Palafin\n|-damage|p2a: Palafin|146/281\n|\n|upkeep\n|turn|7\n|\n|t:|1781383906\n|move|p2a: Palafin|Flip Turn|p1a: Diancie\n|-supereffective|p1a: Diancie\n|-damage|p1a: Diancie|94/216\n|\n|t:|1781383916\n|detailschange|p2a: Palafin|Palafin-Hero, L77, M\n|switch|p2a: Volcanion|Volcanion, L79|256/256|[from] Flip Turn\n|move|p1a: Diancie|Moonblast|p2a: Volcanion\n|-resisted|p2a: Volcanion\n|-damage|p2a: Volcanion|206/256\n|\n|upkeep\n|turn|8\n|inactive|flq1312 has 270 seconds left.\n|\n|t:|1781383939\n|switch|p1a: Dunsparce|Dunsparce, L86, F|312/312\n|move|p2a: Volcanion|Steam Eruption|p1a: Dunsparce\n|-damage|p1a: Dunsparce|210/312\n|-status|p1a: Dunsparce|brn\n|\n|-damage|p1a: Dunsparce|191/312 brn|[from] brn\n|upkeep\n|turn|9\n|inactive|flq1312 has 270 seconds left.\n|inactive|Docwidek has 270 seconds left.\n|\n|t:|1781383970\n|switch|p2a: Greedent|Greedent, L86, F|347/347\n|move|p1a: Dunsparce|Coil|p1a: Dunsparce\n|-boost|p1a: Dunsparce|atk|1\n|-boost|p1a: Dunsparce|def|1\n|-boost|p1a: Dunsparce|accuracy|1\n|\n|-damage|p1a: Dunsparce|172/312 brn|[from] brn\n|upkeep\n|turn|10\n|inactive|Docwidek has 270 seconds left.\n|\n|t:|1781383989\n|-terastallize|p2a: Greedent|Ghost\n|move|p1a: Dunsparce|Coil|p1a: Dunsparce\n|-boost|p1a: Dunsparce|atk|1\n|-boost|p1a: Dunsparce|def|1\n|-boost|p1a: Dunsparce|accuracy|1\n|move|p2a: Greedent|Swords Dance|p2a: Greedent\n|-boost|p2a: Greedent|atk|2\n|\n|-damage|p1a: Dunsparce|153/312 brn|[from] brn\n|upkeep\n|turn|11\n|inactive|Docwidek has 270 seconds left.\n|\n|t:|1781384010\n|move|p1a: Dunsparce|Coil|p1a: Dunsparce\n|-boost|p1a: Dunsparce|atk|1\n|-boost|p1a: Dunsparce|def|1\n|-boost|p1a: Dunsparce|accuracy|1\n|move|p2a: Greedent|Double-Edge|p1a: Dunsparce\n|-damage|p1a: Dunsparce|71/312 brn\n|-damage|p2a: Greedent|320/347|[from] Recoil\n|\n|-damage|p1a: Dunsparce|52/312 brn|[from] brn\n|upkeep\n|turn|12\n|inactive|Docwidek has 270 seconds left.\n|\n|t:|1781384033\n|move|p1a: Dunsparce|Roost|p1a: Dunsparce\n|-heal|p1a: Dunsparce|208/312 brn\n|-singleturn|p1a: Dunsparce|move: Roost\n|move|p2a: Greedent|Double-Edge|p1a: Dunsparce\n|-damage|p1a: Dunsparce|129/312 brn\n|-damage|p2a: Greedent|294/347|[from] Recoil\n|\n|-damage|p1a: Dunsparce|110/312 brn|[from] brn\n|upkeep\n|turn|13\n|\n|t:|1781384045\n|move|p1a: Dunsparce|Roost|p1a: Dunsparce\n|-heal|p1a: Dunsparce|266/312 brn\n|-singleturn|p1a: Dunsparce|move: Roost\n|move|p2a: Greedent|Earthquake|p1a: Dunsparce\n|-damage|p1a: Dunsparce|222/312 brn\n|\n|-damage|p1a: Dunsparce|203/312 brn|[from] brn\n|upkeep\n|turn|14\n|\n|t:|1781384058\n|move|p1a: Dunsparce|Coil|p1a: Dunsparce\n|-boost|p1a: Dunsparce|atk|1\n|-boost|p1a: Dunsparce|def|1\n|-boost|p1a: Dunsparce|accuracy|1\n|move|p2a: Greedent|Knock Off|p1a: Dunsparce\n|-damage|p1a: Dunsparce|169/312 brn\n|-enditem|p1a: Dunsparce|Eviolite|[from] move: Knock Off|[of] p2a: Greedent\n|\n|-damage|p1a: Dunsparce|150/312 brn|[from] brn\n|upkeep\n|turn|15\n|\n|t:|1781384067\n|move|p1a: Dunsparce|Coil|p1a: Dunsparce\n|-boost|p1a: Dunsparce|atk|1\n|-boost|p1a: Dunsparce|def|1\n|-boost|p1a: Dunsparce|accuracy|1\n|move|p2a: Greedent|Double-Edge|p1a: Dunsparce\n|-damage|p1a: Dunsparce|63/312 brn\n|-damage|p2a: Greedent|265/347|[from] Recoil\n|\n|-damage|p1a: Dunsparce|44/312 brn|[from] brn\n|upkeep\n|turn|16\n|\n|t:|1781384082\n|switch|p2a: Diancie|Diancie, L82|216/216\n|move|p1a: Dunsparce|Roost|p1a: Dunsparce\n|-heal|p1a: Dunsparce|200/312 brn\n|-singleturn|p1a: Dunsparce|move: Roost\n|\n|-damage|p1a: Dunsparce|181/312 brn|[from] brn\n|upkeep\n|turn|17\n|\n|t:|1781384108\n|-terastallize|p1a: Dunsparce|Ground\n|move|p2a: Diancie|Body Press|p1a: Dunsparce\n|-damage|p1a: Dunsparce|158/312 brn\n|move|p1a: Dunsparce|Earthquake|p2a: Diancie\n|-supereffective|p2a: Diancie\n|-damage|p2a: Diancie|0 fnt\n|faint|p2a: Diancie\n|\n|-damage|p1a: Dunsparce|139/312 brn|[from] brn\n|upkeep\n|\n|t:|1781384118\n|switch|p2a: Talonflame|Talonflame, L83, F|252/265\n|turn|18\n|\n|t:|1781384125\n|move|p2a: Talonflame|Brave Bird|p1a: Dunsparce\n|-damage|p1a: Dunsparce|100/312 brn\n|-damage|p2a: Talonflame|239/265|[from] Recoil\n|move|p1a: Dunsparce|Roost|p1a: Dunsparce\n|-heal|p1a: Dunsparce|256/312 brn\n|\n|-damage|p1a: Dunsparce|237/312 brn|[from] brn\n|upkeep\n|turn|19\n|\n|t:|1781384141\n|move|p2a: Talonflame|Swords Dance|p2a: Talonflame\n|-boost|p2a: Talonflame|atk|2\n|move|p1a: Dunsparce|Body Slam|p2a: Talonflame\n|-damage|p2a: Talonflame|94/265\n|\n|-damage|p1a: Dunsparce|218/312 brn|[from] brn\n|upkeep\n|turn|20\n|\n|t:|1781384161\n|move|p2a: Talonflame|Brave Bird|p1a: Dunsparce\n|-damage|p1a: Dunsparce|146/312 brn\n|-damage|p2a: Talonflame|70/265|[from] Recoil\n|move|p1a: Dunsparce|Body Slam|p2a: Talonflame\n|-damage|p2a: Talonflame|0 fnt\n|faint|p2a: Talonflame\n|\n|-damage|p1a: Dunsparce|127/312 brn|[from] brn\n|upkeep\n|inactive|Docwidek has 240 seconds left.\n|\n|t:|1781384179\n|switch|p2a: Volcanion|Volcanion, L79|206/256\n|turn|21\n|inactive|Docwidek has 240 seconds left.\n|\n|t:|1781384186\n|move|p2a: Volcanion|Steam Eruption|p1a: Dunsparce\n|-supereffective|p1a: Dunsparce\n|-damage|p1a: Dunsparce|0 fnt\n|faint|p1a: Dunsparce\n|\n|upkeep\n|\n|t:|1781384204\n|switch|p1a: Dudunsparce|Dudunsparce-Three-Segment, L83, F|343/343\n|turn|22\n|inactive|Docwidek has 240 seconds left.\n|\n|t:|1781384225\n|move|p2a: Volcanion|Sludge Bomb|p1a: Dudunsparce\n|-damage|p1a: Dudunsparce|261/343\n|move|p1a: Dudunsparce|Toxic|p2a: Volcanion\n|-status|p2a: Volcanion|tox\n|\n|-heal|p1a: Dudunsparce|282/343|[from] item: Leftovers\n|-damage|p2a: Volcanion|190/256 tox|[from] psn\n|upkeep\n|turn|23\n|inactive|Docwidek has 240 seconds left.\n|\n|t:|1781384249\n|move|p2a: Volcanion|Steam Eruption|p1a: Dudunsparce\n|-damage|p1a: Dudunsparce|137/343\n|move|p1a: Dudunsparce|Roost|p1a: Dudunsparce\n|-heal|p1a: Dudunsparce|309/343\n|-singleturn|p1a: Dudunsparce|move: Roost\n|\n|-heal|p1a: Dudunsparce|330/343|[from] item: Leftovers\n|-damage|p2a: Volcanion|158/256 tox|[from] psn\n|upkeep\n|turn|24\n|\n|t:|1781384268\n|move|p2a: Volcanion|Steam Eruption|p1a: Dudunsparce\n|-damage|p1a: Dudunsparce|186/343\n|-status|p1a: Dudunsparce|brn\n|move|p1a: Dudunsparce|Boomburst|p2a: Volcanion\n|-damage|p2a: Volcanion|25/256 tox\n|\n|-heal|p1a: Dudunsparce|207/343 brn|[from] item: Leftovers\n|-damage|p2a: Volcanion|0 fnt|[from] psn\n|faint|p2a: Volcanion\n|-damage|p1a: Dudunsparce|186/343 brn|[from] brn\n|upkeep\n|\n|t:|1781384285\n|switch|p2a: Palafin|Palafin-Hero, L77, M|146/281\n|-activate|p2a: Palafin|ability: Zero to Hero\n|turn|25\n|\n|t:|1781384291\n|move|p2a: Palafin|Close Combat|p1a: Dudunsparce\n|-supereffective|p1a: Dudunsparce\n|-damage|p1a: Dudunsparce|0 fnt\n|-unboost|p2a: Palafin|def|1\n|-unboost|p2a: Palafin|spd|1\n|faint|p1a: Dudunsparce\n|\n|upkeep\n|\n|t:|1781384301\n|switch|p1a: Azelf|Azelf, L82|257/257\n|turn|26\n|\n|t:|1781384309\n|switch|p2a: Greedent|Greedent, L86, F, tera:Ghost|265/347\n|move|p1a: Azelf|Psychic|p2a: Greedent\n|-damage|p2a: Greedent|108/347\n|-enditem|p2a: Greedent|Sitrus Berry|[eat]\n|-heal|p2a: Greedent|194/347|[from] item: Sitrus Berry\n|-heal|p2a: Greedent|309/347|[from] ability: Cheek Pouch\n|-damage|p1a: Azelf|232/257|[from] item: Life Orb\n|\n|upkeep\n|turn|27\n|inactive|Docwidek has 240 seconds left.\n|\n|t:|1781384329\n|move|p1a: Azelf|Psychic|p2a: Greedent\n|-damage|p2a: Greedent|163/347\n|-damage|p1a: Azelf|207/257|[from] item: Life Orb\n|move|p2a: Greedent|Knock Off|p1a: Azelf\n|-supereffective|p1a: Azelf\n|-damage|p1a: Azelf|47/257\n|-enditem|p1a: Azelf|Life Orb|[from] move: Knock Off|[of] p2a: Greedent\n|\n|upkeep\n|turn|28\n|inactive|Docwidek has 240 seconds left.\n|\n|t:|1781384346\n|move|p1a: Azelf|Psychic|p2a: Greedent\n|-damage|p2a: Greedent|37/347\n|move|p2a: Greedent|Double-Edge|p1a: Azelf\n|-damage|p1a: Azelf|0 fnt\n|faint|p1a: Azelf\n|-damage|p2a: Greedent|21/347|[from] Recoil\n|\n|upkeep\n|\n|t:|1781384355\n|switch|p1a: Breloom|Breloom, L83, M|147/235 tox\n|turn|29\n|inactive|Docwidek has 240 seconds left.\n|\n|t:|1781384372\n|move|p1a: Breloom|Spore|p2a: Greedent\n|-status|p2a: Greedent|slp|[from] move: Spore\n|cant|p2a: Greedent|slp\n|\n|-damage|p1a: Breloom|133/235 tox|[from] psn\n|upkeep\n|turn|30\n|inactive|Docwidek has 240 seconds left.\n|\n|t:|1781384398\n|move|p1a: Breloom|Swords Dance|p1a: Breloom\n|-boost|p1a: Breloom|atk|2\n|-curestatus|p2a: Greedent|slp|[msg]\n|move|p2a: Greedent|Double-Edge|p1a: Breloom\n|-damage|p1a: Breloom|0 fnt\n|faint|p1a: Breloom\n|-damage|p2a: Greedent|0 fnt|[from] Recoil\n|faint|p2a: Greedent\n|\n|upkeep\n|\n|t:|1781384408\n|switch|p1a: Meowstic|Meowstic, L89, M|277/277\n|switch|p2a: Palafin|Palafin-Hero, L77, M|146/281\n|turn|31\n|\n|t:|1781384424\n|move|p1a: Meowstic|Yawn|p2a: Palafin\n|-start|p2a: Palafin|move: Yawn|[of] p1a: Meowstic\n|move|p2a: Palafin|Wave Crash|p1a: Meowstic\n|-damage|p1a: Meowstic|7/277\n|-damage|p2a: Palafin|57/281|[from] Recoil\n|\n|-heal|p1a: Meowstic|24/277|[from] item: Leftovers\n|upkeep\n|turn|32\n|\n|t:|1781384432\n|move|p1a: Meowstic|Psychic Noise|p2a: Palafin\n|-crit|p2a: Palafin\n|-damage|p2a: Palafin|0 fnt\n|faint|p2a: Palafin\n|\n|win|flq1312\n|l|\u2606flq1312\n|player|p1|\n|j|\u2606flq1312\n|player|p1|flq1312|hiker-gen4|\n", "inputlog": ">version a8376a258c1d4662feba110a92103f3664a72141\n>start {\"formatid\":\"gen9randombattle\",\"seed\":\"sodium,8899b6b4c14102441e8642a82bda1bc8\"}\n>player p1 {\"name\":\"flq1312\",\"avatar\":\"hiker-gen4\",\"rating\":0,\"seed\":\"sodium,ac0e08f7893b7eb94bb94f85ed11c3e7\"}\n>player p2 {\"name\":\"Docwidek\",\"avatar\":\"170\",\"rating\":0,\"seed\":\"sodium,fab389cc6b3b473f3ce0265342d863ea\"}\n>p1 move spore\n>p2 move toxic\n>p1 move swordsdance\n>p2 move toxic\n>p1 move bulletseed\n>p2 move toxic\n>p1 move bulletseed\n>p2 move poltergeist\n>p2 switch 4\n>p1 switch 2\n>p2 move flareblitz\n>p1 move diamondstorm\n>p2 switch 2\n>p1 move moonblast\n>p2 move flipturn\n>p2 switch 5\n>p1 switch 6\n>p2 move steameruption\n>p1 move coil\n>p2 switch 3\n>p1 move coil\n>p2 move swordsdance terastallize\n>p1 move coil\n>p2 move doubleedge\n>p1 move roost\n>p2 move doubleedge\n>p1 move roost\n>p2 move earthquake\n>p1 move coil\n>p2 move knockoff\n>p1 move coil\n>p2 move doubleedge\n>p1 move roost\n>p2 switch 6\n>p1 move earthquake terastallize\n>p2 move bodypress\n>p2 switch 2\n>p1 move roost\n>p2 move bravebird\n>p1 move bodyslam\n>p2 move swordsdance\n>p1 move bodyslam\n>p2 move bravebird\n>p2 switch 3\n>p1 move earthquake\n>p2 move steameruption\n>p1 switch 5\n>p1 move toxic\n>p2 move sludgebomb\n>p1 move roost\n>p2 move steameruption\n>p1 move boomburst\n>p2 move steameruption\n>p2 switch 5\n>p1 move boomburst\n>p2 move closecombat\n>p1 switch 4\n>p1 move psychic\n>p2 switch 6\n>p1 move psychic\n>p2 move knockoff\n>p1 move psychic\n>p2 move doubleedge\n>p1 switch 2\n>p1 move spore\n>p2 move doubleedge\n>p1 move swordsdance\n>p2 move doubleedge\n>p1 switch 3\n>p2 switch 6\n>p1 move yawn\n>p2 move wavecrash\n>p1 move psychicnoise\n>p2 move wavecrash", "uploadtime": 1781384449, "views": 10, "formatid": "gen9randombattle", "rating": null, "private": 0, "password": null}