{"id": "gen9randombattle-2631843363", "format": "[Gen 9] Random Battle", "players": ["SaberTB", "AcquiredWolf"], "log": "|j|\u2606SaberTB\n|j|\u2606AcquiredWolf\n|t:|1781447158\n|gametype|singles\n|player|p1|SaberTB|102|2165\n|player|p2|AcquiredWolf|diantha|2093\n|gen|9\n|tier|[Gen 9] Random Battle\n|rated|\n|rule|Species Clause: Limit one of each Pok\u00e9mon\n|rule|HP Percentage Mod: HP is shown in percentages\n|rule|Sleep Clause Mod: Limit one foe put to sleep\n|rule|Illusion Level Mod: Illusion disguises the Pok\u00e9mon's true level\n|\n|t:|1781447158\n|teamsize|p1|6\n|teamsize|p2|6\n|start\n|switch|p1a: Calyrex|Calyrex-Ice, L72|263/263\n|switch|p2a: Clefable|Clefable, L83, F|293/293\n|-ability|p1a: Calyrex|As One\n|-ability|p1a: Calyrex|Unnerve\n|turn|1\n|inactive|Battle timer is ON: inactive players will automatically lose when time's up. (requested by AcquiredWolf)\n|\n|t:|1781447169\n|move|p2a: Clefable|Calm Mind|p2a: Clefable\n|-boost|p2a: Clefable|spa|1\n|-boost|p2a: Clefable|spd|1\n|move|p1a: Calyrex|Glacial Lance|p2a: Clefable\n|-damage|p2a: Clefable|116/293\n|\n|-heal|p2a: Clefable|134/293|[from] item: Leftovers\n|upkeep\n|turn|2\n|\n|t:|1781447179\n|move|p2a: Clefable|Fire Blast|p1a: Calyrex\n|-supereffective|p1a: Calyrex\n|-damage|p1a: Calyrex|85/263\n|move|p1a: Calyrex|Glacial Lance|p2a: Clefable\n|-damage|p2a: Clefable|0 fnt\n|faint|p2a: Clefable\n|-ability|p1a: Calyrex|Chilling Neigh|boost\n|-boost|p1a: Calyrex|atk|1\n|\n|upkeep\n|\n|t:|1781447198\n|switch|p2a: Ariados|Ariados, L95, M|287/287\n|turn|3\n|\n|t:|1781447209\n|move|p2a: Ariados|Sticky Web|p1a: Calyrex\n|-sidestart|p1: SaberTB|move: Sticky Web\n|move|p1a: Calyrex|Trick Room|p1a: Calyrex\n|-fieldstart|move: Trick Room|[of] p1a: Calyrex\n|\n|upkeep\n|turn|4\n|\n|t:|1781447217\n|switch|p2a: Coalossal|Coalossal, L89, M|341/341\n|move|p1a: Calyrex|Glacial Lance|p2a: Coalossal\n|-resisted|p2a: Coalossal\n|-damage|p2a: Coalossal|257/341\n|\n|upkeep\n|turn|5\n|\n|t:|1781447227\n|move|p1a: Calyrex|High Horsepower|p2a: Coalossal\n|-supereffective|p2a: Coalossal\n|-damage|p2a: Coalossal|0 fnt\n|faint|p2a: Coalossal\n|-ability|p1a: Calyrex|Chilling Neigh|boost\n|-boost|p1a: Calyrex|atk|1\n|\n|upkeep\n|\n|t:|1781447236\n|switch|p2a: Alomomola|Alomomola, L87, M|429/429\n|turn|6\n|\n|t:|1781447245\n|move|p1a: Calyrex|High Horsepower|p2a: Alomomola\n|-damage|p2a: Alomomola|263/429\n|-damage|p1a: Calyrex|42/263|[from] item: Rocky Helmet|[of] p2a: Alomomola\n|move|p2a: Alomomola|Scald|p1a: Calyrex\n|-damage|p1a: Calyrex|2/263\n|\n|upkeep\n|turn|7\n|\n|t:|1781447254\n|move|p1a: Calyrex|Close Combat|p2a: Alomomola\n|-damage|p2a: Alomomola|48/429\n|-unboost|p1a: Calyrex|def|1\n|-unboost|p1a: Calyrex|spd|1\n|-damage|p1a: Calyrex|0 fnt|[from] item: Rocky Helmet|[of] p2a: Alomomola\n|faint|p1a: Calyrex\n|move|p2a: Alomomola|Wish|p2a: Alomomola\n|\n|-fieldend|move: Trick Room\n|upkeep\n|\n|t:|1781447262\n|switch|p1a: Pincurchin|Pincurchin, M|258/258\n|-activate|p1a: Pincurchin|move: Sticky Web\n|-unboost|p1a: Pincurchin|spe|1\n|-fieldstart|move: Electric Terrain|[from] ability: Electric Surge|[of] p1a: Pincurchin\n|turn|8\n|\n|t:|1781447272\n|move|p2a: Alomomola|Protect|p2a: Alomomola\n|-singleturn|p2a: Alomomola|Protect\n|move|p1a: Pincurchin|Discharge|p2a: Alomomola\n|-activate|p2a: Alomomola|move: Protect\n|\n|-heal|p2a: Alomomola|262/429|[from] move: Wish|[wisher] Alomomola\n|upkeep\n|turn|9\n|\n|t:|1781447281\n|move|p2a: Alomomola|Flip Turn|p1a: Pincurchin\n|-damage|p1a: Pincurchin|212/258\n|\n|t:|1781447284\n|switch|p2a: Ariados|Ariados, L95, M|287/287|[from] Flip Turn\n|move|p1a: Pincurchin|Discharge|p2a: Ariados\n|-crit|p2a: Ariados\n|-damage|p2a: Ariados|34/287\n|\n|-heal|p1a: Pincurchin|228/258|[from] item: Leftovers\n|upkeep\n|turn|10\n|\n|t:|1781447295\n|move|p2a: Ariados|Toxic Spikes|p1a: Pincurchin\n|-sidestart|p1: SaberTB|move: Toxic Spikes\n|move|p1a: Pincurchin|Discharge|p2a: Ariados\n|-damage|p2a: Ariados|0 fnt\n|faint|p2a: Ariados\n|\n|-heal|p1a: Pincurchin|244/258|[from] item: Leftovers\n|upkeep\n|\n|t:|1781447307\n|switch|p2a: Mewtwo|Mewtwo, L72|272/272\n|-ability|p2a: Mewtwo|Unnerve\n|turn|11\n|\n|t:|1781447313\n|move|p2a: Mewtwo|Nasty Plot|p2a: Mewtwo\n|-boost|p2a: Mewtwo|spa|2\n|move|p1a: Pincurchin|Discharge|p2a: Mewtwo\n|-damage|p2a: Mewtwo|101/272\n|-status|p2a: Mewtwo|par\n|\n|-heal|p1a: Pincurchin|258/258|[from] item: Leftovers\n|upkeep\n|turn|12\n|\n|t:|1781447323\n|move|p2a: Mewtwo|Psystrike|p1a: Pincurchin\n|-damage|p1a: Pincurchin|5/258\n|-damage|p2a: Mewtwo|74/272 par|[from] item: Life Orb\n|move|p1a: Pincurchin|Discharge|p2a: Mewtwo\n|-damage|p2a: Mewtwo|0 fnt\n|faint|p2a: Mewtwo\n|\n|-heal|p1a: Pincurchin|21/258|[from] item: Leftovers\n|-fieldend|move: Electric Terrain\n|upkeep\n|\n|t:|1781447335\n|switch|p2a: Alomomola|Alomomola, L87, M|405/429\n|turn|13\n|\n|t:|1781447339\n|move|p2a: Alomomola|Scald|p1a: Pincurchin\n|-damage|p1a: Pincurchin|0 fnt\n|faint|p1a: Pincurchin\n|\n|upkeep\n|\n|t:|1781447349\n|switch|p1a: Lanturn|Lanturn, L89, M|367/367\n|-activate|p1a: Lanturn|move: Sticky Web\n|-unboost|p1a: Lanturn|spe|1\n|-status|p1a: Lanturn|psn\n|turn|14\n|\n|t:|1781447356\n|move|p2a: Alomomola|Protect|p2a: Alomomola\n|-singleturn|p2a: Alomomola|Protect\n|move|p1a: Lanturn|Thunderbolt|p2a: Alomomola\n|-activate|p2a: Alomomola|move: Protect\n|\n|-damage|p1a: Lanturn|322/367 psn|[from] psn\n|upkeep\n|turn|15\n|\n|t:|1781447365\n|move|p2a: Alomomola|Flip Turn|p1a: Lanturn\n|-resisted|p1a: Lanturn\n|-damage|p1a: Lanturn|289/367 psn\n|\n|t:|1781447368\n|switch|p2a: Deoxys|Deoxys, L74|196/196|[from] Flip Turn\n|-ability|p2a: Deoxys|Pressure\n|move|p1a: Lanturn|Thunder Wave|p2a: Deoxys\n|-status|p2a: Deoxys|par\n|\n|-heal|p1a: Lanturn|311/367 psn|[from] item: Leftovers\n|-damage|p1a: Lanturn|266/367 psn|[from] psn\n|upkeep\n|turn|16\n|\n|t:|1781447380\n|switch|p1a: Granbull|Granbull, L88, F|302/302\n|-activate|p1a: Granbull|move: Sticky Web\n|-unboost|p1a: Granbull|spe|1\n|-status|p1a: Granbull|psn\n|-ability|p1a: Granbull|Intimidate|boost\n|-unboost|p2a: Deoxys|atk|1\n|move|p2a: Deoxys|Psycho Boost|p1a: Granbull\n|-damage|p1a: Granbull|51/302 psn\n|-unboost|p2a: Deoxys|spa|2\n|-damage|p2a: Deoxys|177/196 par|[from] item: Life Orb\n|\n|-heal|p1a: Granbull|69/302 psn|[from] item: Leftovers\n|-damage|p1a: Granbull|32/302 psn|[from] psn\n|upkeep\n|turn|17\n|\n|t:|1781447399\n|switch|p2a: Alomomola|Alomomola, L87, M|429/429\n|move|p1a: Granbull|Play Rough|p2a: Alomomola|[miss]\n|-miss|p1a: Granbull|p2a: Alomomola\n|\n|-heal|p1a: Granbull|50/302 psn|[from] item: Leftovers\n|-damage|p1a: Granbull|13/302 psn|[from] psn\n|upkeep\n|turn|18\n|\n|t:|1781447409\n|move|p2a: Alomomola|Flip Turn|p1a: Granbull\n|-damage|p1a: Granbull|0 fnt\n|faint|p1a: Granbull\n|\n|t:|1781447414\n|switch|p2a: Deoxys|Deoxys, L74|177/196 par|[from] Flip Turn\n|-ability|p2a: Deoxys|Pressure\n|\n|upkeep\n|\n|t:|1781447418\n|switch|p1a: Golurk|Golurk, L87|297/297\n|-activate|p1a: Golurk|move: Sticky Web\n|-unboost|p1a: Golurk|spe|1\n|-status|p1a: Golurk|psn\n|turn|19\n|\n|t:|1781447427\n|-terastallize|p2a: Deoxys|Dark\n|-terastallize|p1a: Golurk|Ground\n|cant|p2a: Deoxys|par\n|move|p1a: Golurk|Earthquake|p2a: Deoxys\n|-damage|p2a: Deoxys|0 fnt\n|faint|p2a: Deoxys\n|\n|-damage|p1a: Golurk|260/297 psn|[from] psn\n|upkeep\n|\n|t:|1781447439\n|switch|p2a: Alomomola|Alomomola, L87, M|429/429\n|turn|20\n|\n|t:|1781447443\n|move|p2a: Alomomola|Wish|p2a: Alomomola\n|move|p1a: Golurk|Earthquake|p2a: Alomomola\n|-damage|p2a: Alomomola|163/429\n|\n|-damage|p1a: Golurk|223/297 psn|[from] psn\n|upkeep\n|turn|21\n|\n|t:|1781447450\n|move|p2a: Alomomola|Scald|p1a: Golurk\n|-supereffective|p1a: Golurk\n|-damage|p1a: Golurk|113/297 psn\n|move|p1a: Golurk|Earthquake|p2a: Alomomola\n|-damage|p2a: Alomomola|0 fnt\n|faint|p2a: Alomomola\n|\n|win|SaberTB\n", "uploadtime": 1781447160, "views": 7, "formatid": "gen9randombattle", "rating": null, "private": 0, "password": null}