{"id": "gen9randombattle-2631837024", "format": "[Gen 9] Random Battle", "players": ["Micael Lopes", "Gardarof"], "log": "|j|\u2606Micael Lopes\n|j|\u2606Gardarof\n|t:|1781446386\n|gametype|singles\n|player|p1|Micael Lopes|benga|1600\n|player|p2|Gardarof|169|1640\n|gen|9\n|tier|[Gen 9] Random Battle\n|rated|\n|rule|Species Clause: Limit one of each Pok\u00e9mon\n|rule|HP Percentage Mod: HP is shown in percentages\n|rule|Sleep Clause Mod: Limit one foe put to sleep\n|rule|Illusion Level Mod: Illusion disguises the Pok\u00e9mon's true level\n|\n|t:|1781446386\n|teamsize|p1|6\n|teamsize|p2|6\n|start\n|switch|p1a: Lilligant|Lilligant-Hisui, L79, F|240/240\n|switch|p2a: Lunala|Lunala, L70|308/308\n|turn|1\n|inactive|Battle timer is ON: inactive players will automatically lose when time's up. (requested by Micael Lopes)\n|\n|t:|1781446399\n|switch|p2a: Swanna|Swanna, L89, M|278/278\n|move|p1a: Lilligant|Sleep Powder|p2a: Swanna\n|-status|p2a: Swanna|slp|[from] move: Sleep Powder\n|\n|upkeep\n|turn|2\n|inactive|Micael Lopes has 120 seconds left.\n|\n|t:|1781446431\n|switch|p2a: Altaria|Altaria, L89, F|278/278\n|switch|p1a: Glimmora|Glimmora, L75, F|248/248\n|\n|upkeep\n|turn|3\n|inactive|Gardarof has 120 seconds left.\n|\n|t:|1781446462\n|switch|p1a: Piloswine|Piloswine, L85, M|309/309\n|move|p2a: Altaria|Earthquake|p1a: Piloswine\n|-damage|p1a: Piloswine|265/309\n|\n|upkeep\n|turn|4\n|\n|t:|1781446475\n|switch|p2a: Swanna|Swanna, L89, M|278/278 slp\n|move|p1a: Piloswine|Icicle Crash|p2a: Swanna\n|-damage|p2a: Swanna|166/278 slp\n|\n|upkeep\n|turn|5\n|\n|t:|1781446480\n|switch|p1a: Glimmora|Glimmora, L75, F|248/248\n|cant|p2a: Swanna|slp\n|\n|upkeep\n|turn|6\n|\n|t:|1781446489\n|-curestatus|p2a: Swanna|slp|[msg]\n|move|p2a: Swanna|Roost|p2a: Swanna\n|-heal|p2a: Swanna|278/278\n|-singleturn|p2a: Swanna|move: Roost\n|move|p1a: Glimmora|Meteor Beam||[still]\n|-prepare|p1a: Glimmora|Meteor Beam\n|-boost|p1a: Glimmora|spa|1\n|-enditem|p1a: Glimmora|Power Herb\n|-anim|p1a: Glimmora|Meteor Beam|p2a: Swanna\n|-damage|p2a: Swanna|55/278\n|\n|upkeep\n|turn|7\n|\n|t:|1781446504\n|-terastallize|p1a: Glimmora|Grass\n|move|p2a: Swanna|Hydro Pump|p1a: Glimmora|[miss]\n|-miss|p2a: Swanna|p1a: Glimmora\n|move|p1a: Glimmora|Sludge Wave|p2a: Swanna\n|-damage|p2a: Swanna|0 fnt\n|faint|p2a: Swanna\n|\n|upkeep\n|inactive|Gardarof has 120 seconds left.\n|\n|t:|1781446564\n|switch|p2a: Lunala|Lunala, L70|308/308\n|turn|8\n|\n|t:|1781446573\n|switch|p1a: Quagsire|Quagsire, L84, M|297/297\n|move|p2a: Lunala|Calm Mind|p2a: Lunala\n|-boost|p2a: Lunala|spa|1\n|-boost|p2a: Lunala|spd|1\n|\n|upkeep\n|turn|9\n|\n|t:|1781446583\n|switch|p2a: Altaria|Altaria, L89, F|278/278\n|move|p1a: Quagsire|Toxic|p2a: Altaria\n|-status|p2a: Altaria|tox\n|\n|-damage|p2a: Altaria|261/278 tox|[from] psn\n|upkeep\n|turn|10\n|\n|t:|1781446593\n|switch|p1a: Glimmora|Glimmora, L75, F, tera:Grass|248/248\n|move|p2a: Altaria|Will-O-Wisp|p1a: Glimmora|[miss]\n|-miss|p2a: Altaria|p1a: Glimmora\n|\n|-damage|p2a: Altaria|227/278 tox|[from] psn\n|upkeep\n|turn|11\n|\n|t:|1781446601\n|move|p2a: Altaria|Brave Bird|p1a: Glimmora\n|-supereffective|p1a: Glimmora\n|-damage|p1a: Glimmora|8/248\n|-activate|p1a: Glimmora|ability: Toxic Debris\n|-sidestart|p2: Gardarof|move: Toxic Spikes\n|-damage|p2a: Altaria|148/278 tox|[from] Recoil\n|move|p1a: Glimmora|Meteor Beam||[still]\n|-prepare|p1a: Glimmora|Meteor Beam\n|-boost|p1a: Glimmora|spa|1\n|\n|-damage|p2a: Altaria|97/278 tox|[from] psn\n|upkeep\n|turn|12\n|\n|t:|1781446609\n|move|p2a: Altaria|Earthquake|p1a: Glimmora\n|-resisted|p1a: Glimmora\n|-damage|p1a: Glimmora|0 fnt\n|-activate|p1a: Glimmora|ability: Toxic Debris\n|-sidestart|p2: Gardarof|move: Toxic Spikes\n|faint|p1a: Glimmora\n|\n|-damage|p2a: Altaria|29/278 tox|[from] psn\n|upkeep\n|\n|t:|1781446620\n|switch|p1a: Piloswine|Piloswine, L85, M|265/309\n|turn|13\n|inactive|Gardarof has 120 seconds left.\n|\n|t:|1781446646\n|move|p1a: Piloswine|Ice Shard|p2a: Altaria\n|-supereffective|p2a: Altaria\n|-damage|p2a: Altaria|0 fnt\n|faint|p2a: Altaria\n|\n|upkeep\n|inactive|Gardarof has 120 seconds left.\n|\n|t:|1781446651\n|switch|p2a: Whiscash|Whiscash, L88, F|337/337\n|-status|p2a: Whiscash|tox\n|turn|14\n|\n|t:|1781446656\n|move|p2a: Whiscash|Dragon Dance|p2a: Whiscash\n|-boost|p2a: Whiscash|atk|1\n|-boost|p2a: Whiscash|spe|1\n|move|p1a: Piloswine|Roar|p2a: Whiscash\n|drag|p2a: Lunala|Lunala, L70|308/308\n|-status|p2a: Lunala|tox\n|\n|-damage|p2a: Lunala|289/308 tox|[from] psn\n|upkeep\n|turn|15\n|-message|Gardarof forfeited.\n|\n|win|Micael Lopes\n|raw|Micael Lopes's rating: 1600 &rarr; <strong>1622</strong><br />(+22 for winning)\n|raw|Gardarof's rating: 1640 &rarr; <strong>1618</strong><br />(-22 for losing)\n|l|\u2606Gardarof\n|player|p2|\n|c|\u2606Micael Lopes|**__Sexy game.__**\n", "inputlog": ">version a8376a258c1d4662feba110a92103f3664a72141\n>start {\"formatid\":\"gen9randombattle\",\"seed\":\"sodium,a2efbbb7f613e1a76bd1c083bac4339c\",\"rated\":\"Rated battle\"}\n>player p1 {\"name\":\"Micael Lopes\",\"avatar\":\"benga\",\"rating\":1600,\"seed\":\"sodium,d80b603a4c6bcfbb788bfc2908e80c33\"}\n>player p2 {\"name\":\"Gardarof\",\"avatar\":\"169\",\"rating\":1640,\"seed\":\"sodium,820af69db4496b49cd1d10e6eadf7bc3\"}\n>p1 move sleeppowder\n>p2 switch 2\n>p1 switch 2\n>p2 switch 3\n>p1 switch 4\n>p2 move earthquake\n>p1 move iciclecrash\n>p2 switch 3\n>p1 switch 4\n>p2 move roost\n>p1 move meteorbeam\n>p2 move roost\n>p1 move sludgewave terastallize\n>p2 move hydropump\n>p2 switch 2\n>p1 switch 3\n>p2 move calmmind\n>p1 move toxic\n>p2 switch 3\n>p1 switch 3\n>p2 move willowisp\n>p1 move meteorbeam\n>p2 move bravebird\n>p1 move meteorbeam\n>p2 move earthquake\n>p1 switch 4\n>p1 move iceshard\n>p2 move roost\n>p2 switch 6\n>p1 move roar\n>p2 move dragondance\n>forcelose p2", "uploadtime": 1781446675, "views": 3, "formatid": "gen9randombattle", "rating": 1618, "private": 0, "password": null}