{"id": "gen9randombattle-2631613320", "format": "[Gen 9] Random Battle", "players": ["NidKrosis", "Z10101"], "log": "|j|\u2606NidKrosis\n|j|\u2606Z10101\n|t:|1781408921\n|gametype|singles\n|player|p1|NidKrosis|karen|1966\n|player|p2|Z10101|102|2059\n|gen|9\n|tier|[Gen 9] Random Battle\n|rated|\n|rule|Species Clause: Limit one of each Pok\u00e9mon\n|rule|HP Percentage Mod: HP is shown in percentages\n|rule|Sleep Clause Mod: Limit one foe put to sleep\n|rule|Illusion Level Mod: Illusion disguises the Pok\u00e9mon's true level\n|\n|t:|1781408921\n|teamsize|p1|6\n|teamsize|p2|6\n|start\n|switch|p1a: Darkrai|Darkrai, L77|234/234\n|switch|p2a: Iron Thorns|Iron Thorns, L83|302/302\n|-item|p2a: Iron Thorns|Air Balloon\n|turn|1\n|inactive|Battle timer is ON: inactive players will automatically lose when time's up. (requested by NidKrosis)\n|\n|t:|1781408945\n|switch|p1a: Munkidori|Munkidori, L79, M|269/269\n|move|p2a: Iron Thorns|Stealth Rock|p1a: Munkidori\n|-sidestart|p1: NidKrosis|move: Stealth Rock\n|\n|upkeep\n|turn|2\n|\n|t:|1781408949\n|move|p1a: Munkidori|Fake Out|p2a: Iron Thorns\n|-resisted|p2a: Iron Thorns\n|-damage|p2a: Iron Thorns|294/302\n|-enditem|p2a: Iron Thorns|Air Balloon\n|cant|p2a: Iron Thorns|flinch\n|\n|upkeep\n|turn|3\n|\n|t:|1781408956\n|move|p1a: Munkidori|U-turn|p2a: Iron Thorns\n|-damage|p2a: Iron Thorns|262/302\n|-status|p2a: Iron Thorns|tox|[from] ability: Toxic Chain|[of] p1a: Munkidori\n|\n|t:|1781408961\n|switch|p1a: Leafeon|Leafeon, L88, M|258/258|[from] U-turn\n|-damage|p1a: Leafeon|226/258|[from] Stealth Rock\n|move|p2a: Iron Thorns|Earthquake|p1a: Leafeon\n|-resisted|p1a: Leafeon\n|-damage|p1a: Leafeon|195/258\n|\n|-damage|p2a: Iron Thorns|244/302 tox|[from] psn\n|upkeep\n|turn|4\n|\n|t:|1781408971\n|-end|p2a: Iron Thorns|Quark Drive|[silent]\n|switch|p2a: Honchkrow|Honchkrow, L86, M|312/312\n|move|p1a: Leafeon|Swords Dance|p1a: Leafeon\n|-boost|p1a: Leafeon|atk|2\n|\n|upkeep\n|turn|5\n|\n|t:|1781408980\n|move|p1a: Leafeon|Leaf Blade|p2a: Honchkrow\n|-resisted|p2a: Honchkrow\n|-damage|p2a: Honchkrow|95/312\n|-damage|p1a: Leafeon|170/258|[from] item: Life Orb\n|move|p2a: Honchkrow|Brave Bird|p1a: Leafeon\n|-supereffective|p1a: Leafeon\n|-damage|p1a: Leafeon|0 fnt\n|faint|p1a: Leafeon\n|-ability|p2a: Honchkrow|Moxie|boost\n|-boost|p2a: Honchkrow|atk|1\n|-damage|p2a: Honchkrow|39/312|[from] Recoil\n|\n|upkeep\n|\n|t:|1781408989\n|switch|p1a: Munkidori|Munkidori, L79, M|269/269\n|-damage|p1a: Munkidori|236/269|[from] Stealth Rock\n|turn|6\n|\n|t:|1781408993\n|move|p1a: Munkidori|Fake Out|p2a: Honchkrow\n|-crit|p2a: Honchkrow\n|-damage|p2a: Honchkrow|0 fnt\n|faint|p2a: Honchkrow\n|\n|upkeep\n|\n|t:|1781408997\n|switch|p2a: Iron Thorns|Iron Thorns, L83|244/302 tox\n|turn|7\n|\n|t:|1781409000\n|move|p1a: Munkidori|U-turn|p2a: Iron Thorns\n|-damage|p2a: Iron Thorns|210/302 tox\n|\n|t:|1781409003\n|switch|p1a: Mismagius|Mismagius, L86, F|243/243|[from] U-turn\n|-damage|p1a: Mismagius|213/243|[from] Stealth Rock\n|move|p2a: Iron Thorns|Earthquake|p1a: Mismagius\n|-immune|p1a: Mismagius|[from] ability: Levitate\n|\n|-damage|p2a: Iron Thorns|192/302 tox|[from] psn\n|upkeep\n|turn|8\n|\n|t:|1781409012\n|move|p1a: Mismagius|Shadow Ball|p2a: Iron Thorns\n|-crit|p2a: Iron Thorns\n|-damage|p2a: Iron Thorns|0 fnt\n|faint|p2a: Iron Thorns\n|-end|p2a: Iron Thorns|Quark Drive|[silent]\n|\n|upkeep\n|\n|t:|1781409020\n|switch|p2a: Glalie|Glalie, L96, F|309/309\n|turn|9\n|\n|t:|1781409024\n|switch|p1a: Munkidori|Munkidori, L79, M|236/269\n|-damage|p1a: Munkidori|203/269|[from] Stealth Rock\n|move|p2a: Glalie|Freeze-Dry|p1a: Munkidori\n|-damage|p1a: Munkidori|145/269\n|\n|upkeep\n|turn|10\n|\n|t:|1781409029\n|move|p1a: Munkidori|Fake Out|p2a: Glalie\n|-damage|p2a: Glalie|290/309\n|move|p2a: Glalie|Earthquake|p1a: Munkidori\n|-supereffective|p1a: Munkidori\n|-damage|p1a: Munkidori|0 fnt\n|faint|p1a: Munkidori\n|\n|upkeep\n|\n|t:|1781409035\n|switch|p1a: Dusknoir|Dusknoir, L89, F|225/225\n|-damage|p1a: Dusknoir|197/225|[from] Stealth Rock\n|-item|p2a: Glalie|Heavy-Duty Boots|[from] ability: Frisk|[of] p1a: Dusknoir\n|turn|11\n|\n|t:|1781409040\n|move|p2a: Glalie|Freeze-Dry|p1a: Dusknoir\n|-damage|p1a: Dusknoir|139/225\n|move|p1a: Dusknoir|Poltergeist|p2a: Glalie\n|-activate|p2a: Glalie|move: Poltergeist|Heavy-Duty Boots\n|-damage|p2a: Glalie|101/309\n|\n|upkeep\n|turn|12\n|\n|t:|1781409046\n|move|p2a: Glalie|Freeze-Dry|p1a: Dusknoir\n|-damage|p1a: Dusknoir|81/225\n|move|p1a: Dusknoir|Poltergeist|p2a: Glalie\n|-activate|p2a: Glalie|move: Poltergeist|Heavy-Duty Boots\n|-damage|p2a: Glalie|0 fnt\n|faint|p2a: Glalie\n|\n|upkeep\n|\n|t:|1781409055\n|switch|p2a: Mudsdale|Mudsdale, L83, M|302/302\n|turn|13\n|\n|t:|1781409063\n|move|p1a: Dusknoir|Poltergeist|p2a: Mudsdale\n|-activate|p2a: Mudsdale|move: Poltergeist|Leftovers\n|-damage|p2a: Mudsdale|113/302\n|-ability|p2a: Mudsdale|Stamina|boost\n|-boost|p2a: Mudsdale|def|1\n|move|p2a: Mudsdale|Heavy Slam|p1a: Dusknoir\n|-damage|p1a: Dusknoir|7/225\n|\n|-heal|p2a: Mudsdale|131/302|[from] item: Leftovers\n|upkeep\n|turn|14\n|\n|t:|1781409073\n|move|p1a: Dusknoir|Poltergeist|p2a: Mudsdale\n|-activate|p2a: Mudsdale|move: Poltergeist|Leftovers\n|-damage|p2a: Mudsdale|19/302\n|-ability|p2a: Mudsdale|Stamina|boost\n|-boost|p2a: Mudsdale|def|1\n|move|p2a: Mudsdale|Heavy Slam|p1a: Dusknoir\n|-damage|p1a: Dusknoir|0 fnt\n|faint|p1a: Dusknoir\n|\n|-heal|p2a: Mudsdale|37/302|[from] item: Leftovers\n|upkeep\n|\n|t:|1781409080\n|switch|p1a: Mismagius|Mismagius, L86, F|213/243\n|-damage|p1a: Mismagius|183/243|[from] Stealth Rock\n|turn|15\n|\n|t:|1781409083\n|move|p1a: Mismagius|Shadow Ball|p2a: Mudsdale\n|-damage|p2a: Mudsdale|0 fnt\n|faint|p2a: Mudsdale\n|\n|upkeep\n|\n|t:|1781409091\n|switch|p2a: Lugia|Lugia, L73|275/275\n|turn|16\n|\n|t:|1781409100\n|switch|p1a: Goodra|Goodra, L85, M|292/292\n|-damage|p1a: Goodra|256/292|[from] Stealth Rock\n|-terastallize|p2a: Lugia|Steel\n|move|p2a: Lugia|Calm Mind|p2a: Lugia\n|-boost|p2a: Lugia|spa|1\n|-boost|p2a: Lugia|spd|1\n|\n|upkeep\n|turn|17\n|\n|t:|1781409105\n|move|p2a: Lugia|Psychic Noise|p1a: Goodra\n|-damage|p1a: Goodra|217/292\n|-start|p1a: Goodra|move: Heal Block\n|move|p1a: Goodra|Knock Off|p2a: Lugia\n|-damage|p2a: Lugia|245/275\n|-enditem|p2a: Lugia|Heavy-Duty Boots|[from] move: Knock Off|[of] p1a: Goodra\n|\n|upkeep\n|turn|18\n|\n|t:|1781409113\n|switch|p1a: Mismagius|Mismagius, L86, F|183/243\n|-damage|p1a: Mismagius|153/243|[from] Stealth Rock\n|move|p2a: Lugia|Calm Mind|p2a: Lugia\n|-boost|p2a: Lugia|spa|1\n|-boost|p2a: Lugia|spd|1\n|\n|upkeep\n|turn|19\n|\n|t:|1781409117\n|move|p1a: Mismagius|Trick|p2a: Lugia\n|-activate|p1a: Mismagius|move: Trick|[of] p2a: Lugia\n|-item|p2a: Lugia|Choice Specs|[from] move: Trick\n|-enditem|p1a: Mismagius|Choice Specs|[silent]|[from] move: Trick\n|move|p2a: Lugia|Aeroblast|p1a: Mismagius\n|-damage|p1a: Mismagius|0 fnt\n|faint|p1a: Mismagius\n|\n|upkeep\n|\n|t:|1781409123\n|switch|p1a: Goodra|Goodra, L85, M|217/292\n|-damage|p1a: Goodra|181/292|[from] Stealth Rock\n|turn|20\n|\n|t:|1781409129\n|move|p2a: Lugia|Aeroblast|p1a: Goodra\n|-crit|p1a: Goodra\n|-damage|p1a: Goodra|33/292\n|move|p1a: Goodra|Fire Blast|p2a: Lugia\n|-supereffective|p2a: Lugia\n|-damage|p2a: Lugia|179/275\n|\n|upkeep\n|turn|21\n|\n|t:|1781409136\n|move|p2a: Lugia|Aeroblast|p1a: Goodra\n|-damage|p1a: Goodra|0 fnt\n|faint|p1a: Goodra\n|\n|upkeep\n|\n|t:|1781409139\n|switch|p1a: Darkrai|Darkrai, L77|234/234\n|-damage|p1a: Darkrai|205/234|[from] Stealth Rock\n|turn|22\n|\n|t:|1781409144\n|move|p1a: Darkrai|Substitute|p1a: Darkrai\n|-start|p1a: Darkrai|Substitute\n|-damage|p1a: Darkrai|147/234\n|move|p2a: Lugia|Aeroblast|p1a: Darkrai\n|-end|p1a: Darkrai|Substitute\n|\n|-heal|p1a: Darkrai|161/234|[from] item: Leftovers\n|upkeep\n|turn|23\n|\n|t:|1781409150\n|move|p1a: Darkrai|Substitute|p1a: Darkrai\n|-start|p1a: Darkrai|Substitute\n|-damage|p1a: Darkrai|103/234\n|move|p2a: Lugia|Aeroblast|p1a: Darkrai|[miss]\n|-miss|p2a: Lugia|p1a: Darkrai\n|\n|-heal|p1a: Darkrai|117/234|[from] item: Leftovers\n|upkeep\n|turn|24\n|\n|t:|1781409154\n|move|p1a: Darkrai|Nasty Plot|p1a: Darkrai\n|-boost|p1a: Darkrai|spa|2\n|move|p2a: Lugia|Aeroblast|p1a: Darkrai\n|-end|p1a: Darkrai|Substitute\n|\n|-heal|p1a: Darkrai|131/234|[from] item: Leftovers\n|upkeep\n|turn|25\n|\n|t:|1781409158\n|move|p1a: Darkrai|Substitute|p1a: Darkrai\n|-start|p1a: Darkrai|Substitute\n|-damage|p1a: Darkrai|73/234\n|move|p2a: Lugia|Aeroblast|p1a: Darkrai\n|-end|p1a: Darkrai|Substitute\n|\n|-heal|p1a: Darkrai|87/234|[from] item: Leftovers\n|upkeep\n|turn|26\n|\n|t:|1781409161\n|move|p1a: Darkrai|Substitute|p1a: Darkrai\n|-start|p1a: Darkrai|Substitute\n|-damage|p1a: Darkrai|29/234\n|move|p2a: Lugia|Aeroblast|p1a: Darkrai\n|-end|p1a: Darkrai|Substitute\n|\n|-heal|p1a: Darkrai|43/234|[from] item: Leftovers\n|upkeep\n|turn|27\n|\n|t:|1781409167\n|move|p1a: Darkrai|Dark Pulse|p2a: Lugia\n|-damage|p2a: Lugia|116/275\n|-activate|p2a: Lugia|move: Struggle\n|move|p2a: Lugia|Struggle|p1a: Darkrai\n|-damage|p1a: Darkrai|22/234\n|-damage|p2a: Lugia|47/275|[from] recoil\n|\n|-heal|p1a: Darkrai|36/234|[from] item: Leftovers\n|upkeep\n|turn|28\n|\n|t:|1781409174\n|move|p1a: Darkrai|Dark Pulse|p2a: Lugia\n|-damage|p2a: Lugia|0 fnt\n|faint|p2a: Lugia\n|\n|-heal|p1a: Darkrai|50/234|[from] item: Leftovers\n|upkeep\n|\n|t:|1781409177\n|switch|p2a: Kyogre|Kyogre, L71|259/259\n|-weather|RainDance|[from] ability: Drizzle|[of] p2a: Kyogre\n|turn|29\n|\n|t:|1781409185\n|move|p2a: Kyogre|Water Spout|p1a: Darkrai\n|-damage|p1a: Darkrai|0 fnt\n|faint|p1a: Darkrai\n|\n|win|Z10101\n", "inputlog": ">version a8376a258c1d4662feba110a92103f3664a72141\n>start {\"formatid\":\"gen9randombattle\",\"seed\":\"sodium,4df68695f63db18da68b04a7194e8c51\",\"rated\":\"Rated battle\"}\n>player p1 {\"name\":\"NidKrosis\",\"avatar\":\"karen\",\"rating\":1966,\"seed\":\"sodium,c1438ddf083a55a9a2f64e1f7e482d36\"}\n>player p2 {\"name\":\"Z10101\",\"avatar\":\"102\",\"rating\":2059,\"seed\":\"sodium,93055c45bcba4814cbf3b48d7b3fce18\"}\n>p1 switch 2\n>p2 move stealthrock\n>p1 move fakeout\n>p2 move earthquake\n>p1 move uturn\n>p2 move earthquake\n>p1 switch 6\n>p1 move swordsdance\n>p2 switch 2\n>p1 move leafblade\n>p2 move bravebird\n>p1 switch 6\n>p1 move fakeout\n>p2 move suckerpunch\n>p2 switch 2\n>p1 move uturn\n>p2 move earthquake\n>p1 switch 3\n>p1 move shadowball\n>p2 move wildcharge\n>p2 switch 6\n>p1 switch 3\n>p2 move freezedry\n>p1 move fakeout\n>p2 move earthquake\n>p1 switch 4\n>p1 move poltergeist\n>p2 move freezedry\n>p1 move poltergeist\n>p2 move freezedry\n>p2 switch 5\n>p1 move poltergeist\n>p2 move heavyslam\n>p1 move poltergeist\n>p2 move heavyslam\n>p1 switch 3\n>p1 move shadowball\n>p2 move heavyslam\n>p2 switch 3\n>p1 switch 5\n>p2 move calmmind terastallize\n>p1 move knockoff\n>p2 move psychicnoise\n>p1 switch 5\n>p2 move calmmind\n>p1 move trick\n>p2 move aeroblast\n>p1 switch 5\n>p1 move fireblast\n>p2 move aeroblast\n>p1 move fireblast\n>p2 move aeroblast\n>p1 switch 2\n>p1 move substitute\n>p2 move aeroblast\n>p1 move substitute\n>p2 move aeroblast\n>p1 move nastyplot\n>p2 move aeroblast\n>p1 move substitute\n>p2 move aeroblast\n>p1 move substitute\n>p2 move aeroblast\n>p1 move darkpulse\n>p2 move struggle\n>p1 move darkpulse\n>p2 move struggle\n>p2 switch 4\n>p1 move darkpulse\n>p2 move waterspout", "uploadtime": 1781408924, "views": 4, "formatid": "gen9randombattle", "rating": null, "private": 0, "password": null}