{"id": "gen9randombattle-2631974600", "format": "[Gen 9] Random Battle", "players": ["Saaskin", "titofer"], "log": "|j|\u2606Saaskin\n|j|\u2606titofer\n|t:|1781461694\n|gametype|singles\n|player|p1|Saaskin|169|1994\n|player|p2|titofer|169|2013\n|gen|9\n|tier|[Gen 9] Random Battle\n|rated|\n|rule|Species Clause: Limit one of each Pok\u00e9mon\n|rule|HP Percentage Mod: HP is shown in percentages\n|rule|Sleep Clause Mod: Limit one foe put to sleep\n|rule|Illusion Level Mod: Illusion disguises the Pok\u00e9mon's true level\n|\n|t:|1781461694\n|teamsize|p1|6\n|teamsize|p2|6\n|start\n|switch|p1a: Oricorio|Oricorio-Sensu, L85, M|266/266\n|switch|p2a: Lumineon|Lumineon, L93, M|279/279\n|turn|1\n|inactive|Battle timer is ON: inactive players will automatically lose when time's up. (requested by Saaskin)\n|\n|t:|1781461716\n|switch|p1a: Iron Hands|Iron Hands, L79|373/373\n|move|p2a: Lumineon|Ice Beam|p1a: Iron Hands\n|-damage|p1a: Iron Hands|324/373\n|\n|upkeep\n|turn|2\n|inactive|Saaskin has 120 seconds left.\n|\n|t:|1781461748\n|move|p2a: Lumineon|U-turn|p1a: Iron Hands\n|-resisted|p1a: Iron Hands\n|-damage|p1a: Iron Hands|302/373\n|\n|t:|1781461751\n|switch|p2a: Chesnaught|Chesnaught, L84, F|285/285|[from] U-turn\n|move|p1a: Iron Hands|Volt Switch|p2a: Chesnaught\n|-resisted|p2a: Chesnaught\n|-damage|p2a: Chesnaught|261/285\n|\n|t:|1781461759\n|-end|p1a: Iron Hands|Quark Drive|[silent]\n|switch|p1a: Oricorio|Oricorio-Sensu, L85, M|266/266|[from] Volt Switch\n|\n|upkeep\n|turn|3\n|\n|t:|1781461768\n|switch|p2a: Squawkabilly|Squawkabilly-White, L89, M|291/291\n|move|p1a: Oricorio|Quiver Dance|p1a: Oricorio\n|-boost|p1a: Oricorio|spa|1\n|-boost|p1a: Oricorio|spd|1\n|-boost|p1a: Oricorio|spe|1\n|\n|upkeep\n|turn|4\n|\n|t:|1781461778\n|switch|p1a: Orthworm|Orthworm, L88, M|266/266\n|move|p2a: Squawkabilly|Brave Bird|p1a: Orthworm\n|-resisted|p1a: Orthworm\n|-damage|p1a: Orthworm|197/266\n|-damage|p2a: Squawkabilly|268/291|[from] Recoil\n|\n|-heal|p1a: Orthworm|213/266|[from] item: Leftovers\n|upkeep\n|turn|5\n|\n|t:|1781461784\n|move|p2a: Squawkabilly|Parting Shot|p1a: Orthworm\n|-unboost|p1a: Orthworm|atk|1\n|-unboost|p1a: Orthworm|spa|1\n|\n|t:|1781461807\n|switch|p2a: Lumineon|Lumineon, L93, M|279/279|[from] Parting Shot\n|move|p1a: Orthworm|Stealth Rock|p2a: Lumineon\n|-sidestart|p2: titofer|move: Stealth Rock\n|\n|-heal|p1a: Orthworm|229/266|[from] item: Leftovers\n|upkeep\n|turn|6\n|\n|t:|1781461815\n|switch|p1a: Iron Hands|Iron Hands, L79|302/373\n|move|p2a: Lumineon|Hydro Pump|p1a: Iron Hands\n|-damage|p1a: Iron Hands|208/373\n|\n|upkeep\n|turn|7\n|\n|t:|1781461824\n|move|p2a: Lumineon|U-turn|p1a: Iron Hands\n|-resisted|p1a: Iron Hands\n|-damage|p1a: Iron Hands|186/373\n|\n|t:|1781461829\n|switch|p2a: Chesnaught|Chesnaught, L84, F|261/285|[from] U-turn\n|-damage|p2a: Chesnaught|244/285|[from] Stealth Rock\n|move|p1a: Iron Hands|Volt Switch|p2a: Chesnaught\n|-resisted|p2a: Chesnaught\n|-damage|p2a: Chesnaught|222/285\n|\n|t:|1781461831\n|-end|p1a: Iron Hands|Quark Drive|[silent]\n|switch|p1a: Oricorio|Oricorio-Sensu, L85, M|266/266|[from] Volt Switch\n|\n|upkeep\n|turn|8\n|\n|t:|1781461857\n|switch|p2a: Lumineon|Lumineon, L93, M|279/279\n|move|p1a: Oricorio|Hurricane|p2a: Lumineon|[miss]\n|-miss|p1a: Oricorio|p2a: Lumineon\n|\n|upkeep\n|turn|9\n|\n|t:|1781461864\n|move|p2a: Lumineon|Ice Beam|p1a: Oricorio\n|-supereffective|p1a: Oricorio\n|-damage|p1a: Oricorio|120/266\n|move|p1a: Oricorio|Quiver Dance|p1a: Oricorio\n|-boost|p1a: Oricorio|spa|1\n|-boost|p1a: Oricorio|spd|1\n|-boost|p1a: Oricorio|spe|1\n|\n|upkeep\n|turn|10\n|\n|t:|1781461870\n|move|p1a: Oricorio|Hurricane|p2a: Lumineon|[miss]\n|-miss|p1a: Oricorio|p2a: Lumineon\n|move|p2a: Lumineon|Encore|p1a: Oricorio\n|-start|p1a: Oricorio|Encore\n|\n|upkeep\n|turn|11\n|\n|t:|1781461874\n|move|p1a: Oricorio|Hurricane|p2a: Lumineon\n|-damage|p2a: Lumineon|110/279\n|-start|p2a: Lumineon|confusion\n|-activate|p2a: Lumineon|confusion\n|move|p2a: Lumineon|Ice Beam|p1a: Oricorio\n|-supereffective|p1a: Oricorio\n|-damage|p1a: Oricorio|28/266\n|\n|upkeep\n|turn|12\n|\n|t:|1781461883\n|move|p1a: Oricorio|Hurricane|p2a: Lumineon\n|-damage|p2a: Lumineon|0 fnt\n|faint|p2a: Lumineon\n|\n|upkeep\n|\n|t:|1781461885\n|switch|p2a: Iron Crown|Iron Crown, L78|268/268\n|-damage|p2a: Iron Crown|252/268|[from] Stealth Rock\n|turn|13\n|\n|t:|1781461892\n|switch|p1a: Indeedee|Indeedee, L84, M|238/238\n|-fieldstart|move: Psychic Terrain|[from] ability: Psychic Surge|[of] p1a: Indeedee\n|move|p2a: Iron Crown|Psyshock|p1a: Indeedee\n|-resisted|p1a: Indeedee\n|-damage|p1a: Indeedee|164/238\n|\n|-heal|p2a: Iron Crown|268/268|[from] item: Leftovers\n|upkeep\n|turn|14\n|\n|t:|1781461903\n|move|p1a: Indeedee|Shadow Ball|p2a: Iron Crown\n|-supereffective|p2a: Iron Crown\n|-damage|p2a: Iron Crown|96/268\n|move|p2a: Iron Crown|Tachyon Cutter|p1a: Indeedee\n|-damage|p1a: Indeedee|107/238\n|-crit|p1a: Indeedee\n|-damage|p1a: Indeedee|28/238\n|-hitcount|p1a: Indeedee|2\n|\n|-heal|p2a: Iron Crown|112/268|[from] item: Leftovers\n|upkeep\n|turn|15\n|\n|t:|1781461909\n|switch|p1a: Orthworm|Orthworm, L88, M|229/266\n|-end|p2a: Iron Crown|Quark Drive|[silent]\n|switch|p2a: Squawkabilly|Squawkabilly-White, L89, M|268/291\n|\n|-heal|p1a: Orthworm|245/266|[from] item: Leftovers\n|upkeep\n|turn|16\n|\n|t:|1781461915\n|move|p2a: Squawkabilly|Parting Shot|p1a: Orthworm\n|-unboost|p1a: Orthworm|atk|1\n|-unboost|p1a: Orthworm|spa|1\n|\n|t:|1781461929\n|switch|p2a: Ninetales|Ninetales, L85, M|263/263|[from] Parting Shot\n|-weather|SunnyDay|[from] ability: Drought|[of] p2a: Ninetales\n|move|p1a: Orthworm|Spikes|p2a: Ninetales\n|-sidestart|p2: titofer|Spikes\n|\n|-weather|SunnyDay|[upkeep]\n|-heal|p1a: Orthworm|261/266|[from] item: Leftovers\n|upkeep\n|turn|17\n|\n|t:|1781461951\n|move|p2a: Ninetales|Fire Blast|p1a: Orthworm\n|-supereffective|p1a: Orthworm\n|-damage|p1a: Orthworm|0 fnt\n|faint|p1a: Orthworm\n|\n|-weather|SunnyDay|[upkeep]\n|-fieldend|move: Psychic Terrain\n|upkeep\n|\n|t:|1781461953\n|switch|p1a: Flareon|Flareon, L90, M|263/263\n|turn|18\n|\n|t:|1781461975\n|-terastallize|p1a: Flareon|Normal\n|move|p2a: Ninetales|Scorching Sands|p1a: Flareon\n|-damage|p1a: Flareon|228/263\n|-status|p1a: Flareon|brn\n|move|p1a: Flareon|Trailblaze|p2a: Ninetales\n|-resisted|p2a: Ninetales\n|-damage|p2a: Ninetales|221/263\n|-boost|p1a: Flareon|spe|1\n|\n|-weather|SunnyDay|[upkeep]\n|-damage|p1a: Flareon|212/263 brn|[from] brn\n|upkeep\n|turn|19\n|\n|t:|1781461991\n|switch|p2a: Chesnaught|Chesnaught, L84, F|222/285\n|-damage|p2a: Chesnaught|205/285|[from] Stealth Rock\n|-damage|p2a: Chesnaught|170/285|[from] Spikes\n|move|p1a: Flareon|Facade|p2a: Chesnaught\n|-damage|p2a: Chesnaught|0 fnt\n|-damage|p1a: Flareon|169/263 brn|[from] item: Rocky Helmet|[of] p2a: Chesnaught\n|faint|p2a: Chesnaught\n|\n|-weather|SunnyDay|[upkeep]\n|-damage|p1a: Flareon|153/263 brn|[from] brn\n|upkeep\n|\n|t:|1781461998\n|switch|p2a: Squawkabilly|Squawkabilly-White, L89, M|268/291\n|turn|20\n|\n|t:|1781462017\n|-terastallize|p2a: Squawkabilly|Normal\n|move|p2a: Squawkabilly|Quick Attack|p1a: Flareon\n|-damage|p1a: Flareon|35/263 brn\n|move|p1a: Flareon|Facade|p2a: Squawkabilly\n|-damage|p2a: Squawkabilly|0 fnt\n|faint|p2a: Squawkabilly\n|\n|-weather|none\n|-damage|p1a: Flareon|19/263 brn|[from] brn\n|upkeep\n|\n|t:|1781462023\n|switch|p2a: Iron Crown|Iron Crown, L78|112/268\n|-damage|p2a: Iron Crown|96/268|[from] Stealth Rock\n|-damage|p2a: Iron Crown|63/268|[from] Spikes\n|turn|21\n|\n|t:|1781462027\n|move|p1a: Flareon|Facade|p2a: Iron Crown\n|-resisted|p2a: Iron Crown\n|-damage|p2a: Iron Crown|0 fnt\n|faint|p2a: Iron Crown\n|-end|p2a: Iron Crown|Quark Drive|[silent]\n|\n|-damage|p1a: Flareon|3/263 brn|[from] brn\n|upkeep\n|\n|t:|1781462031\n|switch|p2a: Ninetales|Ninetales, L85, M|221/263\n|-weather|SunnyDay|[from] ability: Drought|[of] p2a: Ninetales\n|turn|22\n|\n|t:|1781462033\n|move|p1a: Flareon|Facade|p2a: Ninetales\n|-damage|p2a: Ninetales|0 fnt\n|faint|p2a: Ninetales\n|\n|-weather|SunnyDay|[upkeep]\n|-damage|p1a: Flareon|0 fnt|[from] brn\n|faint|p1a: Flareon\n|upkeep\n|\n|t:|1781462041\n|switch|p2a: Cinderace|Cinderace, L77, F|249/249\n|switch|p1a: Indeedee|Indeedee, L84, M|28/238\n|-damage|p2a: Cinderace|187/249|[from] Stealth Rock\n|-damage|p2a: Cinderace|156/249|[from] Spikes\n|-fieldstart|move: Psychic Terrain|[from] ability: Psychic Surge|[of] p1a: Indeedee\n|turn|23\n|\n|t:|1781462048\n|move|p2a: Cinderace|Pyro Ball|p1a: Indeedee\n|-damage|p1a: Indeedee|0 fnt\n|faint|p1a: Indeedee\n|\n|-weather|SunnyDay|[upkeep]\n|upkeep\n|\n|t:|1781462056\n|switch|p1a: Oricorio|Oricorio-Sensu, L85, M|28/266\n|turn|24\n|\n|t:|1781462059\n|move|p2a: Cinderace|Pyro Ball|p1a: Oricorio\n|-damage|p1a: Oricorio|0 fnt\n|faint|p1a: Oricorio\n|\n|-weather|SunnyDay|[upkeep]\n|upkeep\n|\n|t:|1781462061\n|switch|p1a: Iron Hands|Iron Hands, L79|186/373\n|turn|25\n|\n|t:|1781462064\n|move|p2a: Cinderace|Pyro Ball|p1a: Iron Hands\n|-damage|p1a: Iron Hands|0 fnt\n|faint|p1a: Iron Hands\n|-end|p1a: Iron Hands|Quark Drive|[silent]\n|\n|-weather|SunnyDay|[upkeep]\n|upkeep\n|\n|t:|1781462067\n|switch|p1a: Rabsca|Rabsca, L91, M|284/284\n|turn|26\n|\n|t:|1781462069\n|move|p2a: Cinderace|Pyro Ball|p1a: Rabsca|[miss]\n|-miss|p2a: Cinderace|p1a: Rabsca\n|move|p1a: Rabsca|Psychic|p2a: Cinderace\n|-damage|p2a: Cinderace|0 fnt\n|faint|p2a: Cinderace\n|\n|win|Saaskin\n|raw|Saaskin's rating: 1994 &rarr; <strong>2015</strong><br />(+21 for winning)\n|raw|titofer's rating: 2013 &rarr; <strong>1992</strong><br />(-21 for losing)\n|l|\u2606titofer\n|player|p2|\n", "inputlog": ">version a8376a258c1d4662feba110a92103f3664a72141\n>start {\"formatid\":\"gen9randombattle\",\"seed\":\"sodium,50eace9043802a8923ba0c2428701e4a\",\"rated\":\"Rated battle\"}\n>player p1 {\"name\":\"Saaskin\",\"avatar\":\"169\",\"rating\":1994,\"seed\":\"sodium,2d96ec7b6ec11b074d598bdf0b9d2eb4\"}\n>player p2 {\"name\":\"titofer\",\"avatar\":\"169\",\"rating\":2013,\"seed\":\"sodium,f54af832d06c0055949d99e55e3642c0\"}\n>p1 switch 3\n>p2 move icebeam\n>p1 move voltswitch\n>p2 move uturn\n>p2 switch 2\n>p1 switch 3\n>p1 move quiverdance\n>p2 switch 5\n>p1 switch 2\n>p2 move bravebird\n>p1 move stealthrock\n>p2 move partingshot\n>p2 switch 2\n>p1 switch 3\n>p2 move hydropump\n>p1 move voltswitch\n>p2 move uturn\n>p2 switch 5\n>p1 switch 2\n>p1 move hurricane\n>p2 switch 5\n>p1 move quiverdance\n>p2 move icebeam\n>p1 move hurricane\n>p2 move encore\n>p1 move hurricane\n>p2 move icebeam\n>p1 move hurricane\n>p2 move icebeam\n>p2 switch 3\n>p1 switch 4\n>p2 move psyshock\n>p1 move shadowball\n>p2 move tachyoncutter\n>p1 switch 3\n>p2 switch 2\n>p1 move spikes\n>p2 move partingshot\n>p2 switch 4\n>p1 move bodypress\n>p2 move fireblast\n>p1 switch 5\n>p1 move trailblaze terastallize\n>p2 move scorchingsands\n>p1 move facade\n>p2 switch 5\n>p2 switch 4\n>p1 move facade\n>p2 move quickattack terastallize\n>p2 switch 2\n>p1 move facade\n>p2 move psyshock\n>p2 switch 5\n>p1 move facade\n>p2 move scorchingsands\n>p1 switch 3\n>p2 switch 6\n>p1 move expandingforce\n>p2 move pyroball\n>p1 switch 4\n>p1 move quiverdance\n>p2 move pyroball\n>p1 switch 2\n>p1 move drainpunch\n>p2 move pyroball\n>p1 switch 6\n>p1 move psychic\n>p2 move pyroball", "uploadtime": 1781461696, "views": 7, "formatid": "gen9randombattle", "rating": 1992, "private": 0, "password": null}