{"id": "gen9randombattle-2631432038", "format": "[Gen 9] Random Battle", "players": ["nocomment3", "BoboTheBobo"], "log": "|j|\u2606nocomment3\n|j|\u2606BoboTheBobo\n|t:|1781383915\n|gametype|singles\n|player|p1|nocomment3|2|2130\n|player|p2|BoboTheBobo|fantina|2119\n|gen|9\n|tier|[Gen 9] Random Battle\n|rated|\n|rule|Species Clause: Limit one of each Pok\u00e9mon\n|rule|HP Percentage Mod: HP is shown in percentages\n|rule|Sleep Clause Mod: Limit one foe put to sleep\n|rule|Illusion Level Mod: Illusion disguises the Pok\u00e9mon's true level\n|\n|t:|1781383915\n|teamsize|p1|6\n|teamsize|p2|6\n|start\n|switch|p1a: Pikachu|Pikachu-Sinnoh, L93, F|216/216\n|switch|p2a: Camerupt|Camerupt, L91, M|275/275\n|turn|1\n|\n|t:|1781383932\n|switch|p2a: Latias|Latias, L79, F|256/256\n|move|p1a: Pikachu|Volt Tackle|p2a: Latias\n|-resisted|p2a: Latias\n|-damage|p2a: Latias|153/256\n|-damage|p1a: Pikachu|182/216|[from] Recoil\n|\n|upkeep\n|turn|2\n|\n|t:|1781383939\n|move|p1a: Pikachu|Play Rough|p2a: Latias\n|-supereffective|p2a: Latias\n|-damage|p2a: Latias|0 fnt\n|faint|p2a: Latias\n|\n|upkeep\n|\n|t:|1781383946\n|switch|p2a: Tsareena|Tsareena, L87, F|267/267\n|turn|3\n|\n|t:|1781383955\n|switch|p1a: Seviper|Seviper, L93, F|287/287\n|move|p2a: Tsareena|U-turn|p1a: Seviper\n|-resisted|p1a: Seviper\n|-damage|p1a: Seviper|235/287\n|\n|t:|1781383957\n|switch|p2a: Camerupt|Camerupt, L91, M|275/275|[from] U-turn\n|\n|-heal|p1a: Seviper|252/287|[from] item: Leftovers\n|upkeep\n|turn|4\n|\n|t:|1781383961\n|move|p1a: Seviper|Swords Dance|p1a: Seviper\n|-boost|p1a: Seviper|atk|2\n|move|p2a: Camerupt|Stealth Rock|p1a: Seviper\n|-sidestart|p1: nocomment3|move: Stealth Rock\n|\n|-heal|p1a: Seviper|269/287|[from] item: Leftovers\n|upkeep\n|turn|5\n|\n|t:|1781383964\n|move|p1a: Seviper|Earthquake|p2a: Camerupt\n|-supereffective|p2a: Camerupt\n|-damage|p2a: Camerupt|0 fnt\n|faint|p2a: Camerupt\n|\n|-heal|p1a: Seviper|286/287|[from] item: Leftovers\n|upkeep\n|\n|t:|1781383976\n|switch|p2a: Klefki|Klefki, L84, F|233/233\n|turn|6\n|\n|t:|1781383980\n|move|p2a: Klefki|Magnet Rise|p2a: Klefki\n|-start|p2a: Klefki|Magnet Rise\n|move|p1a: Seviper|Earthquake|p2a: Klefki\n|-immune|p2a: Klefki\n|\n|-heal|p1a: Seviper|287/287|[from] item: Leftovers\n|upkeep\n|turn|7\n|\n|t:|1781383985\n|switch|p1a: Vikavolt|Vikavolt, L83, F|263/263\n|move|p2a: Klefki|Thunder Wave|p1a: Vikavolt\n|-immune|p1a: Vikavolt\n|\n|upkeep\n|turn|8\n|\n|t:|1781383987\n|move|p2a: Klefki|Spikes|p1a: Vikavolt\n|-sidestart|p1: nocomment3|Spikes\n|move|p1a: Vikavolt|Discharge|p2a: Klefki\n|-damage|p2a: Klefki|115/233\n|-status|p2a: Klefki|par\n|\n|-heal|p2a: Klefki|129/233 par|[from] item: Leftovers\n|upkeep\n|turn|9\n|\n|t:|1781383995\n|cant|p2a: Klefki|par\n|move|p1a: Vikavolt|Sticky Web|p2a: Klefki\n|-sidestart|p2: BoboTheBobo|move: Sticky Web\n|\n|-heal|p2a: Klefki|143/233 par|[from] item: Leftovers\n|upkeep\n|turn|10\n|\n|t:|1781383997\n|move|p2a: Klefki|Spikes|p1a: Vikavolt\n|-sidestart|p1: nocomment3|Spikes\n|move|p1a: Vikavolt|Discharge|p2a: Klefki\n|-damage|p2a: Klefki|22/233 par\n|\n|-heal|p2a: Klefki|36/233 par|[from] item: Leftovers\n|-end|p2a: Klefki|Magnet Rise\n|upkeep\n|turn|11\n|\n|t:|1781383999\n|move|p2a: Klefki|Spikes|p1a: Vikavolt\n|-sidestart|p1: nocomment3|Spikes\n|move|p1a: Vikavolt|Discharge|p2a: Klefki\n|-damage|p2a: Klefki|0 fnt\n|faint|p2a: Klefki\n|\n|upkeep\n|\n|t:|1781384007\n|switch|p2a: Kleavor|Kleavor, L78, F|237/237\n|-activate|p2a: Kleavor|move: Sticky Web\n|-unboost|p2a: Kleavor|spe|1\n|turn|12\n|\n|t:|1781384014\n|move|p1a: Vikavolt|Discharge|p2a: Kleavor\n|-damage|p2a: Kleavor|92/237\n|move|p2a: Kleavor|Stone Axe|p1a: Vikavolt\n|-supereffective|p1a: Vikavolt\n|-damage|p1a: Vikavolt|0 fnt\n|faint|p1a: Vikavolt\n|\n|upkeep\n|\n|t:|1781384028\n|switch|p1a: Garchomp|Garchomp, L74, F|282/282\n|-damage|p1a: Garchomp|265/282|[from] Stealth Rock\n|-damage|p1a: Garchomp|195/282|[from] Spikes\n|turn|13\n|\n|t:|1781384032\n|switch|p2a: Politoed|Politoed, L88, M|302/302\n|-activate|p2a: Politoed|move: Sticky Web\n|-unboost|p2a: Politoed|spe|1\n|-weather|RainDance|[from] ability: Drizzle|[of] p2a: Politoed\n|move|p1a: Garchomp|Swords Dance|p1a: Garchomp\n|-boost|p1a: Garchomp|atk|2\n|\n|-weather|RainDance|[upkeep]\n|upkeep\n|turn|14\n|\n|t:|1781384036\n|move|p1a: Garchomp|Earthquake|p2a: Politoed\n|-damage|p2a: Politoed|74/302\n|move|p2a: Politoed|Ice Beam|p1a: Garchomp\n|-supereffective|p1a: Garchomp\n|-damage|p1a: Garchomp|0 fnt\n|faint|p1a: Garchomp\n|\n|-weather|RainDance|[upkeep]\n|-heal|p2a: Politoed|92/302|[from] item: Leftovers\n|upkeep\n|\n|t:|1781384042\n|switch|p1a: Swanna|Swanna, L89, M|278/278\n|turn|15\n|\n|t:|1781384044\n|move|p1a: Swanna|Brave Bird|p2a: Politoed\n|-damage|p2a: Politoed|0 fnt\n|faint|p2a: Politoed\n|-damage|p1a: Swanna|248/278|[from] Recoil\n|\n|-weather|RainDance|[upkeep]\n|upkeep\n|\n|t:|1781384048\n|switch|p2a: Kleavor|Kleavor, L78, F|92/237\n|-activate|p2a: Kleavor|move: Sticky Web\n|-unboost|p2a: Kleavor|spe|1\n|turn|16\n|\n|t:|1781384050\n|move|p1a: Swanna|Brave Bird|p2a: Kleavor\n|-damage|p2a: Kleavor|0 fnt\n|faint|p2a: Kleavor\n|-damage|p1a: Swanna|218/278|[from] Recoil\n|\n|-weather|RainDance|[upkeep]\n|upkeep\n|\n|t:|1781384053\n|switch|p2a: Tsareena|Tsareena, L87, F|267/267\n|-activate|p2a: Tsareena|move: Sticky Web\n|-unboost|p2a: Tsareena|spe|1\n|turn|17\n|\n|t:|1781384056\n|-terastallize|p2a: Tsareena|Steel\n|move|p1a: Swanna|Brave Bird|p2a: Tsareena\n|-resisted|p2a: Tsareena\n|-damage|p2a: Tsareena|208/267\n|-damage|p1a: Swanna|199/278|[from] Recoil\n|move|p2a: Tsareena|Power Whip|p1a: Swanna\n|-damage|p1a: Swanna|0 fnt\n|faint|p1a: Swanna\n|\n|-weather|none\n|upkeep\n|\n|t:|1781384062\n|switch|p1a: Pikachu|Pikachu-Sinnoh, L93, F|182/216\n|-damage|p1a: Pikachu|155/216|[from] Stealth Rock\n|-damage|p1a: Pikachu|101/216|[from] Spikes\n|turn|18\n|\n|t:|1781384066\n|move|p1a: Pikachu|Volt Tackle|p2a: Tsareena\n|-damage|p2a: Tsareena|30/267\n|-damage|p1a: Pikachu|42/216|[from] Recoil\n|move|p2a: Tsareena|Power Whip|p1a: Pikachu\n|-damage|p1a: Pikachu|0 fnt\n|faint|p1a: Pikachu\n|\n|upkeep\n|\n|t:|1781384071\n|switch|p1a: Seviper|Seviper, L93, F|287/287\n|-damage|p1a: Seviper|252/287|[from] Stealth Rock\n|-damage|p1a: Seviper|181/287|[from] Spikes\n|turn|19\n|\n|t:|1781384077\n|move|p1a: Seviper|Earthquake|p2a: Tsareena\n|-supereffective|p2a: Tsareena\n|-damage|p2a: Tsareena|0 fnt\n|faint|p2a: Tsareena\n|\n|win|nocomment3\n", "inputlog": ">version a8376a258c1d4662feba110a92103f3664a72141\n>start {\"formatid\":\"gen9randombattle\",\"seed\":\"sodium,9372b92085633af632556cab93e3ddbe\",\"rated\":\"Rated battle\"}\n>player p1 {\"name\":\"nocomment3\",\"avatar\":\"2\",\"rating\":2130,\"seed\":\"sodium,b6fb813b9d1829ee7985da0f7461ea2b\"}\n>player p2 {\"name\":\"BoboTheBobo\",\"avatar\":\"fantina\",\"rating\":2119,\"seed\":\"sodium,4fada5bfa80497b496bca257613156f1\"}\n>p1 move volttackle\n>p2 switch 6\n>p1 move playrough\n>p2 move recover\n>p2 switch 4\n>p1 switch 6\n>p2 move uturn\n>p2 switch 6\n>p1 move swordsdance\n>p2 move stealthrock\n>p1 move earthquake\n>p2 move earthquake\n>p2 switch 2\n>p1 move earthquake\n>p2 move magnetrise\n>p1 switch 4\n>p2 move thunderwave\n>p1 move discharge\n>p2 move spikes\n>p1 move stickyweb\n>p2 move spikes\n>p1 move discharge\n>p2 move spikes\n>p1 move discharge\n>p2 move spikes\n>p2 switch 5\n>p1 move discharge\n>p2 move stoneaxe\n>p1 switch 2\n>p1 move swordsdance\n>p2 switch 3\n>p1 move earthquake\n>p2 move icebeam\n>p1 switch 3\n>p1 move bravebird\n>p2 move encore\n>p2 switch 3\n>p1 move bravebird\n>p2 move stoneaxe\n>p2 switch 6\n>p1 move bravebird\n>p2 move powerwhip terastallize\n>p1 switch 6\n>p1 move volttackle\n>p2 move powerwhip\n>p1 switch 4\n>p1 move earthquake\n>p2 move powerwhip", "uploadtime": 1781383917, "views": 10, "formatid": "gen9randombattle", "rating": null, "private": 0, "password": null}