{"id": "gen9randombattle-2631574100", "format": "[Gen 9] Random Battle", "players": ["Petilil37", "Arsenal0394"], "log": "|j|\u203dPetilil37\n|j|\u203dArsenal0394\n|t:|1781403275\n|gametype|singles\n|player|p1|Petilil37|266|2089\n|player|p2|Arsenal0394|2|2015\n|gen|9\n|tier|[Gen 9] Random Battle\n|rated|\n|rule|Species Clause: Limit one of each Pok\u00e9mon\n|rule|HP Percentage Mod: HP is shown in percentages\n|rule|Sleep Clause Mod: Limit one foe put to sleep\n|rule|Illusion Level Mod: Illusion disguises the Pok\u00e9mon's true level\n|\n|t:|1781403275\n|teamsize|p1|6\n|teamsize|p2|6\n|start\n|switch|p1a: Toucannon|Toucannon, L88, F|284/284\n|switch|p2a: Keldeo|Keldeo-Resolute, L79|273/273\n|turn|1\n|inactive|Battle timer is ON: inactive players will automatically lose when time's up. (requested by Petilil37)\n|\n|t:|1781403306\n|switch|p2a: Jirachi|Jirachi, L80|291/291\n|move|p1a: Toucannon|U-turn|p2a: Jirachi\n|-damage|p2a: Jirachi|231/291\n|\n|t:|1781403320\n|switch|p1a: Forretress|Forretress, L84, M|263/263|[from] U-turn\n|\n|-heal|p2a: Jirachi|249/291|[from] item: Leftovers\n|upkeep\n|turn|2\n|\n|t:|1781403340\n|move|p2a: Jirachi|U-turn|p1a: Forretress\n|-resisted|p1a: Forretress\n|-damage|p1a: Forretress|247/263\n|\n|t:|1781403342\n|switch|p2a: Decidueye|Decidueye-Hisui, L87, F|295/295|[from] U-turn\n|move|p1a: Forretress|Spikes|p2a: Decidueye\n|-sidestart|p2: Arsenal0394|Spikes\n|\n|-heal|p1a: Forretress|263/263|[from] item: Leftovers\n|upkeep\n|turn|3\n|\n|t:|1781403349\n|switch|p1a: Toucannon|Toucannon, L88, F|284/284\n|move|p2a: Decidueye|Knock Off|p1a: Toucannon\n|-damage|p1a: Toucannon|198/284\n|-enditem|p1a: Toucannon|Heavy-Duty Boots|[from] move: Knock Off|[of] p2a: Decidueye\n|\n|upkeep\n|turn|4\n|\n|t:|1781403355\n|switch|p2a: Jirachi|Jirachi, L80|249/291\n|-damage|p2a: Jirachi|213/291|[from] Spikes\n|-singleturn|p1a: Toucannon|move: Beak Blast\n|move|p1a: Toucannon|Beak Blast|p2a: Jirachi\n|-resisted|p2a: Jirachi\n|-damage|p2a: Jirachi|145/291\n|\n|-heal|p2a: Jirachi|163/291|[from] item: Leftovers\n|upkeep\n|turn|5\n|\n|t:|1781403361\n|move|p2a: Jirachi|Stealth Rock|p1a: Toucannon\n|-sidestart|p1: Petilil37|move: Stealth Rock\n|move|p1a: Toucannon|Roost|p1a: Toucannon\n|-heal|p1a: Toucannon|284/284\n|-singleturn|p1a: Toucannon|move: Roost\n|\n|-heal|p2a: Jirachi|181/291|[from] item: Leftovers\n|upkeep\n|turn|6\n|\n|t:|1781403367\n|-singleturn|p1a: Toucannon|move: Beak Blast\n|move|p2a: Jirachi|U-turn|p1a: Toucannon\n|-resisted|p1a: Toucannon\n|-damage|p1a: Toucannon|257/284\n|-status|p2a: Jirachi|brn\n|\n|t:|1781403375\n|switch|p2a: Regigigas|Regigigas, L84|322/322|[from] U-turn\n|-damage|p2a: Regigigas|282/322|[from] Spikes\n|-start|p2a: Regigigas|ability: Slow Start\n|move|p1a: Toucannon|Beak Blast|p2a: Regigigas\n|-damage|p2a: Regigigas|173/322\n|\n|-heal|p2a: Regigigas|193/322|[from] item: Leftovers\n|upkeep\n|turn|7\n|\n|t:|1781403381\n|-singleturn|p1a: Toucannon|move: Beak Blast\n|move|p2a: Regigigas|Body Slam|p1a: Toucannon\n|-crit|p1a: Toucannon\n|-damage|p1a: Toucannon|152/284\n|-status|p2a: Regigigas|brn\n|move|p1a: Toucannon|Beak Blast|p2a: Regigigas\n|-damage|p2a: Regigigas|76/322 brn\n|\n|-heal|p2a: Regigigas|96/322 brn|[from] item: Leftovers\n|-damage|p2a: Regigigas|76/322 brn|[from] brn\n|upkeep\n|turn|8\n|\n|t:|1781403386\n|move|p1a: Toucannon|Boomburst|p2a: Regigigas\n|-damage|p2a: Regigigas|0 fnt\n|faint|p2a: Regigigas\n|-end|p2a: Regigigas|Slow Start|[silent]\n|\n|upkeep\n|\n|t:|1781403393\n|switch|p2a: Keldeo|Keldeo-Resolute, L79|273/273\n|-damage|p2a: Keldeo|239/273|[from] Spikes\n|turn|9\n|\n|t:|1781403398\n|-singleturn|p1a: Toucannon|move: Beak Blast\n|move|p2a: Keldeo|Hydro Pump|p1a: Toucannon\n|-damage|p1a: Toucannon|0 fnt\n|faint|p1a: Toucannon\n|-damage|p2a: Keldeo|212/273|[from] item: Life Orb\n|\n|upkeep\n|\n|t:|1781403401\n|switch|p1a: Pikachu|Pikachu-World, L93, M|216/216\n|-damage|p1a: Pikachu|189/216|[from] Stealth Rock\n|turn|10\n|\n|t:|1781403408\n|switch|p2a: Jirachi|Jirachi, L80|181/291 brn\n|-damage|p2a: Jirachi|145/291 brn|[from] Spikes\n|move|p1a: Pikachu|Volt Switch|p2a: Jirachi\n|-damage|p2a: Jirachi|42/291 brn\n|\n|t:|1781403411\n|switch|p1a: Forretress|Forretress, L84, M|263/263|[from] Volt Switch\n|-damage|p1a: Forretress|231/263|[from] Stealth Rock\n|\n|-heal|p2a: Jirachi|60/291 brn|[from] item: Leftovers\n|-heal|p1a: Forretress|247/263|[from] item: Leftovers\n|-damage|p2a: Jirachi|42/291 brn|[from] brn\n|upkeep\n|turn|11\n|\n|t:|1781403418\n|switch|p2a: Decidueye|Decidueye-Hisui, L87, F|295/295\n|-damage|p2a: Decidueye|259/295|[from] Spikes\n|move|p1a: Forretress|Rapid Spin|p2a: Decidueye\n|-damage|p2a: Decidueye|226/295\n|-boost|p1a: Forretress|spe|1\n|-sideend|p1: Petilil37|Stealth Rock|[from] move: Rapid Spin|[of] p1a: Forretress\n|\n|-heal|p1a: Forretress|263/263|[from] item: Leftovers\n|-heal|p2a: Decidueye|244/295|[from] item: Leftovers\n|upkeep\n|turn|12\n|\n|t:|1781403428\n|move|p1a: Forretress|Body Press|p2a: Decidueye\n|-damage|p2a: Decidueye|163/295\n|move|p2a: Decidueye|Knock Off|p1a: Forretress\n|-damage|p1a: Forretress|208/263\n|-enditem|p1a: Forretress|Leftovers|[from] move: Knock Off|[of] p2a: Decidueye\n|\n|-heal|p2a: Decidueye|181/295|[from] item: Leftovers\n|upkeep\n|turn|13\n|\n|t:|1781403439\n|switch|p1a: Ursaluna|Ursaluna-Bloodmoon, L79, M|308/308\n|move|p2a: Decidueye|Triple Arrows|p1a: Ursaluna\n|-supereffective|p1a: Ursaluna\n|-damage|p1a: Ursaluna|120/308\n|-unboost|p1a: Ursaluna|def|1\n|\n|-heal|p2a: Decidueye|199/295|[from] item: Leftovers\n|-heal|p1a: Ursaluna|139/308|[from] item: Leftovers\n|upkeep\n|turn|14\n|\n|t:|1781403445\n|move|p2a: Decidueye|Triple Arrows|p1a: Ursaluna\n|-supereffective|p1a: Ursaluna\n|-crit|p1a: Ursaluna\n|-damage|p1a: Ursaluna|0 fnt\n|faint|p1a: Ursaluna\n|\n|-heal|p2a: Decidueye|217/295|[from] item: Leftovers\n|upkeep\n|\n|t:|1781403448\n|switch|p1a: Kleavor|Kleavor, L78, F|237/237\n|turn|15\n|\n|t:|1781403452\n|-terastallize|p1a: Kleavor|Bug\n|move|p1a: Kleavor|X-Scissor|p2a: Decidueye\n|-damage|p2a: Decidueye|27/295\n|move|p2a: Decidueye|Triple Arrows|p1a: Kleavor\n|-resisted|p1a: Kleavor\n|-crit|p1a: Kleavor\n|-damage|p1a: Kleavor|151/237\n|-unboost|p1a: Kleavor|def|1\n|\n|-heal|p2a: Decidueye|45/295|[from] item: Leftovers\n|upkeep\n|turn|16\n|\n|t:|1781403455\n|move|p1a: Kleavor|X-Scissor|p2a: Decidueye\n|-damage|p2a: Decidueye|0 fnt\n|faint|p2a: Decidueye\n|\n|upkeep\n|\n|t:|1781403463\n|switch|p2a: Jirachi|Jirachi, L80|42/291 brn\n|-damage|p2a: Jirachi|6/291 brn|[from] Spikes\n|turn|17\n|\n|t:|1781403466\n|move|p1a: Kleavor|X-Scissor|p2a: Jirachi\n|-damage|p2a: Jirachi|0 fnt\n|faint|p2a: Jirachi\n|\n|upkeep\n|\n|t:|1781403470\n|switch|p2a: Keldeo|Keldeo-Resolute, L79|212/273\n|-damage|p2a: Keldeo|178/273|[from] Spikes\n|turn|18\n|\n|t:|1781403474\n|switch|p1a: Forretress|Forretress, L84, M|208/263\n|move|p2a: Keldeo|Hydro Pump|p1a: Forretress\n|-damage|p1a: Forretress|5/263\n|-damage|p2a: Keldeo|151/273|[from] item: Life Orb\n|\n|upkeep\n|turn|19\n|\n|t:|1781403480\n|move|p2a: Keldeo|Secret Sword|p1a: Forretress\n|-damage|p1a: Forretress|0 fnt\n|faint|p1a: Forretress\n|-damage|p2a: Keldeo|124/273|[from] item: Life Orb\n|\n|upkeep\n|\n|t:|1781403482\n|switch|p1a: Pikachu|Pikachu-World, L93, M|189/216\n|turn|20\n|\n|t:|1781403490\n|switch|p2a: Bronzong|Bronzong, L88|261/261\n|move|p1a: Pikachu|Volt Switch|p2a: Bronzong\n|-damage|p2a: Bronzong|174/261\n|\n|t:|1781403495\n|switch|p1a: Kleavor|Kleavor, L78, F, tera:Bug|151/237|[from] Volt Switch\n|\n|upkeep\n|turn|21\n|\n|t:|1781403502\n|move|p1a: Kleavor|X-Scissor|p2a: Bronzong\n|-damage|p2a: Bronzong|24/261\n|move|p2a: Bronzong|Psychic Noise|p1a: Kleavor\n|-damage|p1a: Kleavor|54/237\n|-start|p1a: Kleavor|move: Heal Block\n|\n|upkeep\n|turn|22\n|\n|t:|1781403509\n|move|p1a: Kleavor|X-Scissor|p2a: Bronzong\n|-damage|p2a: Bronzong|0 fnt\n|faint|p2a: Bronzong\n|\n|-end|p1a: Kleavor|move: Heal Block\n|upkeep\n|\n|t:|1781403512\n|switch|p2a: Darkrai|Darkrai, L77|234/234\n|-damage|p2a: Darkrai|205/234|[from] Spikes\n|turn|23\n|\n|t:|1781403516\n|move|p1a: Kleavor|X-Scissor|p2a: Darkrai\n|-supereffective|p2a: Darkrai\n|-damage|p2a: Darkrai|0 fnt\n|faint|p2a: Darkrai\n|\n|upkeep\n|-message|Arsenal0394 forfeited.\n|\n|win|Petilil37\n", "inputlog": ">version a8376a258c1d4662feba110a92103f3664a72141\n>start {\"formatid\":\"gen9randombattle\",\"seed\":\"sodium,e60ca7da9c1b1d84766da774437907b8\",\"rated\":\"Rated battle\"}\n>player p1 {\"name\":\"Petilil37\",\"avatar\":\"266\",\"rating\":2089,\"seed\":\"sodium,c8d528c136169439451ed71902473a85\"}\n>player p2 {\"name\":\"Arsenal0394\",\"avatar\":\"2\",\"rating\":2015,\"seed\":\"sodium,24decef8afa28d4187b83efe1eb901cd\"}\n>p1 move uturn\n>p2 switch 2\n>p1 switch 6\n>p1 move spikes\n>p2 move uturn\n>p2 switch 4\n>p1 switch 6\n>p2 move knockoff\n>p1 move beakblast\n>p2 switch 4\n>p1 move roost\n>p2 move stealthrock\n>p1 move beakblast\n>p2 move uturn\n>p2 switch 6\n>p1 move beakblast\n>p2 move bodyslam\n>p1 move boomburst\n>p2 move rest\n>p2 switch 2\n>p1 move beakblast\n>p2 move hydropump\n>p1 switch 5\n>p1 move voltswitch\n>p2 switch 6\n>p1 switch 6\n>p1 move rapidspin\n>p2 switch 4\n>p1 move bodypress\n>p2 move knockoff\n>p1 switch 3\n>p2 move triplearrows\n>p1 move bloodmoon\n>p2 move triplearrows\n>p1 switch 4\n>p1 move xscissor terastallize\n>p2 move triplearrows\n>p1 move xscissor\n>p2 move leafblade\n>p2 switch 4\n>p1 move xscissor\n>p2 move stealthrock\n>p2 switch 6\n>p1 switch 3\n>p2 move hydropump\n>p1 move bodypress\n>p2 move secretsword\n>p1 switch 6\n>p1 move voltswitch\n>p2 switch 3\n>p1 switch 3\n>p1 move xscissor\n>p2 move psychicnoise\n>p1 move xscissor\n>p2 move psychicnoise\n>p2 switch 5\n>p1 move xscissor\n>p2 move darkpulse\n>forcelose p2", "uploadtime": 1781403276, "views": 5, "formatid": "gen9randombattle", "rating": null, "private": 0, "password": null}