{"id": "gen9randombattle-2631865742", "format": "[Gen 9] Random Battle", "players": ["PseudoHacks", "bzbzbsh"], "log": "|j|\u2606PseudoHacks\n|j|\u2606bzbzbsh\n|t:|1781449771\n|gametype|singles\n|player|p1|PseudoHacks|giovanni|1044\n|player|p2|bzbzbsh|2|1000\n|gen|9\n|tier|[Gen 9] Random Battle\n|rated|\n|rule|Species Clause: Limit one of each Pok\u00e9mon\n|rule|HP Percentage Mod: HP is shown in percentages\n|rule|Sleep Clause Mod: Limit one foe put to sleep\n|rule|Illusion Level Mod: Illusion disguises the Pok\u00e9mon's true level\n|\n|t:|1781449771\n|teamsize|p1|6\n|teamsize|p2|6\n|start\n|switch|p1a: Slowking|Slowking, L88, M|310/310\n|switch|p2a: Bastiodon|Bastiodon, L89, F|252/252\n|turn|1\n|\n|t:|1781449790\n|move|p2a: Bastiodon|Foul Play|p1a: Slowking\n|-supereffective|p1a: Slowking\n|-damage|p1a: Slowking|214/310\n|move|p1a: Slowking|Scald|p2a: Bastiodon\n|-supereffective|p2a: Bastiodon\n|-damage|p2a: Bastiodon|114/252\n|-status|p2a: Bastiodon|brn\n|\n|-damage|p2a: Bastiodon|99/252 brn|[from] brn\n|upkeep\n|turn|2\n|\n|t:|1781449802\n|switch|p2a: Clawitzer|Clawitzer, L87, M|265/265\n|move|p1a: Slowking|Scald|p2a: Clawitzer\n|-resisted|p2a: Clawitzer\n|-damage|p2a: Clawitzer|222/265\n|\n|upkeep\n|turn|3\n|\n|t:|1781449814\n|move|p2a: Clawitzer|Dark Pulse|p1a: Slowking\n|-supereffective|p1a: Slowking\n|-damage|p1a: Slowking|0 fnt\n|faint|p1a: Slowking\n|\n|upkeep\n|inactive|Battle timer is ON: inactive players will automatically lose when time's up. (requested by bzbzbsh)\n|\n|t:|1781449824\n|switch|p1a: Shiftry|Shiftry, L89, M|305/305\n|turn|4\n|\n|t:|1781449829\n|switch|p2a: Metagross|Metagross, L79|256/256\n|move|p1a: Shiftry|Leaf Blade|p2a: Metagross\n|-resisted|p2a: Metagross\n|-damage|p2a: Metagross|200/256\n|-damage|p1a: Shiftry|275/305|[from] item: Life Orb\n|\n|upkeep\n|turn|5\n|\n|t:|1781449847\n|move|p1a: Shiftry|Low Kick|p2a: Metagross\n|-damage|p2a: Metagross|96/256\n|-damage|p1a: Shiftry|245/305|[from] item: Life Orb\n|move|p2a: Metagross|Heavy Slam|p1a: Shiftry\n|-damage|p1a: Shiftry|58/305\n|\n|upkeep\n|turn|6\n|\n|t:|1781449856\n|move|p1a: Shiftry|Low Kick|p2a: Metagross\n|-damage|p2a: Metagross|0 fnt\n|faint|p2a: Metagross\n|-damage|p1a: Shiftry|28/305|[from] item: Life Orb\n|\n|upkeep\n|\n|t:|1781449869\n|switch|p2a: Azumarill|Azumarill, L82, F|298/298\n|turn|7\n|\n|t:|1781449875\n|move|p2a: Azumarill|Aqua Jet|p1a: Shiftry\n|-resisted|p1a: Shiftry\n|-damage|p1a: Shiftry|0 fnt\n|faint|p1a: Shiftry\n|\n|upkeep\n|\n|t:|1781449885\n|switch|p1a: Drednaw|Drednaw, L81, M|278/278\n|turn|8\n|\n|t:|1781449898\n|move|p2a: Azumarill|Aqua Jet|p1a: Drednaw\n|-damage|p1a: Drednaw|203/278\n|move|p1a: Drednaw|Shell Smash|p1a: Drednaw\n|-unboost|p1a: Drednaw|def|1\n|-unboost|p1a: Drednaw|spd|1\n|-boost|p1a: Drednaw|atk|2\n|-boost|p1a: Drednaw|spa|2\n|-boost|p1a: Drednaw|spe|2\n|-enditem|p1a: Drednaw|White Herb\n|-clearnegativeboost|p1a: Drednaw|[silent]\n|\n|upkeep\n|turn|9\n|\n|t:|1781449916\n|switch|p2a: Clawitzer|Clawitzer, L87, M|222/265\n|move|p1a: Drednaw|Earthquake|p2a: Clawitzer\n|-damage|p2a: Clawitzer|76/265\n|\n|upkeep\n|turn|10\n|\n|t:|1781449924\n|move|p1a: Drednaw|Earthquake|p2a: Clawitzer\n|-damage|p2a: Clawitzer|0 fnt\n|faint|p2a: Clawitzer\n|\n|upkeep\n|\n|t:|1781449930\n|switch|p2a: Articuno|Articuno, L86|295/295\n|-ability|p2a: Articuno|Pressure\n|turn|11\n|\n|t:|1781449940\n|move|p1a: Drednaw|Stone Edge|p2a: Articuno\n|-supereffective|p2a: Articuno\n|-crit|p2a: Articuno\n|-damage|p2a: Articuno|0 fnt\n|faint|p2a: Articuno\n|\n|upkeep\n|\n|t:|1781449947\n|switch|p2a: Alcremie|Alcremie-Rainbow-Swirl, L90, F|263/263\n|turn|12\n|\n|t:|1781449953\n|move|p1a: Drednaw|Liquidation|p2a: Alcremie\n|-damage|p2a: Alcremie|76/263\n|-unboost|p2a: Alcremie|def|1\n|move|p2a: Alcremie|Alluring Voice|p1a: Drednaw\n|-damage|p1a: Drednaw|77/278\n|\n|-heal|p2a: Alcremie|92/263|[from] item: Leftovers\n|upkeep\n|turn|13\n|\n|t:|1781449964\n|move|p1a: Drednaw|Liquidation|p2a: Alcremie\n|-damage|p2a: Alcremie|0 fnt\n|faint|p2a: Alcremie\n|\n|upkeep\n|\n|t:|1781449972\n|switch|p2a: Azumarill|Azumarill, L82, F|298/298\n|turn|14\n|\n|t:|1781449977\n|move|p1a: Drednaw|Earthquake|p2a: Azumarill\n|-crit|p2a: Azumarill\n|-damage|p2a: Azumarill|55/298\n|move|p2a: Azumarill|Ice Spinner|p1a: Drednaw\n|-resisted|p1a: Drednaw\n|-damage|p1a: Drednaw|29/278\n|\n|upkeep\n|turn|15\n|\n|t:|1781449987\n|switch|p2a: Bastiodon|Bastiodon, L89, F|99/252 brn\n|move|p1a: Drednaw|Liquidation|p2a: Bastiodon\n|-supereffective|p2a: Bastiodon\n|-damage|p2a: Bastiodon|0 fnt\n|faint|p2a: Bastiodon\n|\n|upkeep\n|\n|t:|1781449995\n|switch|p2a: Azumarill|Azumarill, L82, F|55/298\n|turn|16\n|\n|t:|1781450000\n|move|p2a: Azumarill|Aqua Jet|p1a: Drednaw\n|-damage|p1a: Drednaw|0 fnt\n|faint|p1a: Drednaw\n|\n|upkeep\n|\n|t:|1781450006\n|switch|p1a: Iron Hands|Iron Hands, L79|373/373\n|turn|17\n|\n|t:|1781450014\n|move|p2a: Azumarill|Aqua Jet|p1a: Iron Hands\n|-damage|p1a: Iron Hands|307/373\n|move|p1a: Iron Hands|Ice Punch|p2a: Azumarill\n|-resisted|p2a: Azumarill\n|-damage|p2a: Azumarill|22/298\n|\n|-heal|p1a: Iron Hands|330/373|[from] item: Leftovers\n|upkeep\n|turn|18\n|-message|bzbzbsh forfeited.\n|\n|win|PseudoHacks\n|raw|PseudoHacks's rating: 1044 &rarr; <strong>1073</strong><br />(+29 for winning)\n|raw|bzbzbsh's rating: 1000 &rarr; <strong>1000</strong><br />(+0 for losing)\n|l|\u2606bzbzbsh\n|player|p2|\n", "inputlog": ">version a8376a258c1d4662feba110a92103f3664a72141\n>start {\"formatid\":\"gen9randombattle\",\"seed\":\"sodium,6346847fabf4896d55ddbef20a3b447a\",\"rated\":\"Rated battle\"}\n>player p1 {\"name\":\"PseudoHacks\",\"avatar\":\"giovanni\",\"rating\":1044,\"seed\":\"sodium,a014522e8403deeaf3849a78465dc68b\"}\n>player p2 {\"name\":\"bzbzbsh\",\"avatar\":\"2\",\"rating\":1000,\"seed\":\"sodium,09d41f9e3930439f0c85785f5404646a\"}\n>p1 move scald\n>p2 move foulplay\n>p1 move scald\n>p2 switch 2\n>p1 move slackoff\n>p2 move darkpulse\n>p1 switch 4\n>p1 move leafblade\n>p2 switch 5\n>p1 move lowkick\n>p2 move heavyslam\n>p1 move lowkick\n>p2 move heavyslam\n>p2 switch 3\n>p1 move leafblade\n>p2 move aquajet\n>p1 switch 2\n>p1 move shellsmash\n>p2 move aquajet\n>p1 move earthquake\n>p2 switch 5\n>p1 move earthquake\n>p2 move uturn\n>p2 switch 4\n>p1 move stoneedge\n>p2 move freezedry\n>p2 switch 6\n>p1 move liquidation\n>p2 move alluringvoice\n>p1 move liquidation\n>p2 move alluringvoice\n>p2 switch 5\n>p1 move earthquake\n>p2 move icespinner\n>p1 move liquidation\n>p2 switch 2\n>p2 switch 2\n>p1 move earthquake\n>p2 move aquajet\n>p1 switch 6\n>p1 move icepunch\n>p2 move aquajet\n>forcelose p2", "uploadtime": 1781450042, "views": 10, "formatid": "gen9randombattle", "rating": 1000, "private": 0, "password": null}