{"id": "gen9randombattle-2631871279", "format": "[Gen 9] Random Battle", "players": ["joebidenfan1245", "coolbai"], "log": "|j|\u203djoebidenfan1245\n|j|\u2606coolbai\n|t:|1781450387\n|gametype|singles\n|player|p1|joebidenfan1245|265|1949\n|player|p2|coolbai|lucas|1983\n|gen|9\n|tier|[Gen 9] Random Battle\n|rated|\n|rule|Species Clause: Limit one of each Pok\u00e9mon\n|rule|HP Percentage Mod: HP is shown in percentages\n|rule|Sleep Clause Mod: Limit one foe put to sleep\n|rule|Illusion Level Mod: Illusion disguises the Pok\u00e9mon's true level\n|\n|t:|1781450387\n|teamsize|p1|6\n|teamsize|p2|6\n|start\n|switch|p1a: Vivillon|Vivillon-Ocean, L83, F|268/268\n|switch|p2a: Infernape|Infernape, L82, F|259/259\n|turn|1\n|inactive|Battle timer is ON: inactive players will automatically lose when time's up. (requested by joebidenfan1245)\n|\n|t:|1781450420\n|switch|p2a: Alcremie|Alcremie, L90, F|263/263\n|switch|p1a: Quagsire|Quagsire, L84, F|297/297\n|\n|upkeep\n|turn|2\n|\n|t:|1781450440\n|switch|p2a: Ursaluna|Ursaluna, L79, M|335/335\n|move|p1a: Quagsire|Toxic|p2a: Ursaluna\n|-status|p2a: Ursaluna|tox\n|\n|-damage|p2a: Ursaluna|315/335 tox|[from] psn\n|upkeep\n|turn|3\n|\n|t:|1781450451\n|move|p2a: Ursaluna|Facade|p1a: Quagsire\n|-damage|p1a: Quagsire|11/297\n|move|p1a: Quagsire|Ice Beam|p2a: Ursaluna\n|-supereffective|p2a: Ursaluna\n|-damage|p2a: Ursaluna|213/335 tox\n|\n|-heal|p1a: Quagsire|29/297|[from] item: Leftovers\n|-damage|p2a: Ursaluna|173/335 tox|[from] psn\n|upkeep\n|turn|4\n|\n|t:|1781450470\n|move|p2a: Ursaluna|Trailblaze|p1a: Quagsire\n|-supereffective|p1a: Quagsire\n|-damage|p1a: Quagsire|0 fnt\n|-boost|p2a: Ursaluna|spe|1\n|faint|p1a: Quagsire\n|\n|-damage|p2a: Ursaluna|113/335 tox|[from] psn\n|upkeep\n|inactive|joebidenfan1245 has 120 seconds left.\n|\n|t:|1781450495\n|switch|p1a: Krookodile|Krookodile, L79, M|280/280\n|-ability|p1a: Krookodile|Intimidate|boost\n|-unboost|p2a: Ursaluna|atk|1\n|turn|5\n|\n|t:|1781450505\n|move|p1a: Krookodile|Earthquake|p2a: Ursaluna\n|-damage|p2a: Ursaluna|0 fnt\n|faint|p2a: Ursaluna\n|\n|upkeep\n|\n|t:|1781450512\n|switch|p2a: Chien-Pao|Chien-Pao, L72|234/234\n|-ability|p2a: Chien-Pao|Sword of Ruin\n|turn|6\n|\n|t:|1781450523\n|switch|p1a: Illumise|Illumise, L91, F|266/266\n|move|p2a: Chien-Pao|Icicle Crash|p1a: Illumise\n|-damage|p1a: Illumise|155/266\n|\n|upkeep\n|turn|7\n|\n|t:|1781450529\n|switch|p2a: Infernape|Infernape, L82, F|259/259\n|move|p1a: Illumise|Bug Buzz|p2a: Infernape\n|-resisted|p2a: Infernape\n|-damage|p2a: Infernape|233/259\n|\n|upkeep\n|turn|8\n|\n|t:|1781450541\n|switch|p1a: Meowstic|Meowstic, L89, M|277/277\n|move|p2a: Infernape|Close Combat|p1a: Meowstic\n|-resisted|p1a: Meowstic\n|-damage|p1a: Meowstic|178/277\n|-unboost|p2a: Infernape|def|1\n|-unboost|p2a: Infernape|spd|1\n|\n|-heal|p1a: Meowstic|195/277|[from] item: Leftovers\n|upkeep\n|turn|9\n|\n|t:|1781450548\n|switch|p2a: Houndstone|Houndstone, L86, M|264/264\n|move|p1a: Meowstic|Thunder Wave|p2a: Houndstone\n|-status|p2a: Houndstone|par\n|\n|-heal|p1a: Meowstic|212/277|[from] item: Leftovers\n|upkeep\n|turn|10\n|\n|t:|1781450560\n|switch|p1a: Krookodile|Krookodile, L79, M|280/280\n|-ability|p1a: Krookodile|Intimidate|boost\n|-unboost|p2a: Houndstone|atk|1\n|cant|p2a: Houndstone|par\n|\n|upkeep\n|turn|11\n|\n|t:|1781450570\n|move|p1a: Krookodile|Earthquake|p2a: Houndstone\n|-damage|p2a: Houndstone|111/264 par\n|move|p2a: Houndstone|Will-O-Wisp|p1a: Krookodile\n|-status|p1a: Krookodile|brn\n|\n|-heal|p2a: Houndstone|127/264 par|[from] item: Leftovers\n|-damage|p1a: Krookodile|263/280 brn|[from] brn\n|upkeep\n|turn|12\n|\n|t:|1781450574\n|switch|p2a: Chien-Pao|Chien-Pao, L72|234/234\n|-ability|p2a: Chien-Pao|Sword of Ruin\n|move|p1a: Krookodile|Earthquake|p2a: Chien-Pao\n|-damage|p2a: Chien-Pao|133/234\n|\n|-damage|p1a: Krookodile|246/280 brn|[from] brn\n|upkeep\n|turn|13\n|\n|t:|1781450584\n|move|p2a: Chien-Pao|Icicle Crash|p1a: Krookodile\n|-supereffective|p1a: Krookodile\n|-damage|p1a: Krookodile|0 fnt\n|faint|p1a: Krookodile\n|\n|upkeep\n|\n|t:|1781450593\n|switch|p1a: Illumise|Illumise, L91, F|155/266\n|turn|14\n|\n|t:|1781450608\n|switch|p2a: Houndstone|Houndstone, L86, M|127/264 par\n|move|p1a: Illumise|Thunder Wave|p2a: Houndstone\n|-fail|p2a: Houndstone|par\n|\n|-heal|p2a: Houndstone|143/264 par|[from] item: Leftovers\n|upkeep\n|turn|15\n|\n|t:|1781450613\n|move|p1a: Illumise|Roost|p1a: Illumise\n|-heal|p1a: Illumise|266/266\n|-singleturn|p1a: Illumise|move: Roost\n|move|p2a: Houndstone|Will-O-Wisp|p1a: Illumise|[miss]\n|-miss|p2a: Houndstone|p1a: Illumise\n|\n|-heal|p2a: Houndstone|159/264 par|[from] item: Leftovers\n|upkeep\n|turn|16\n|\n|t:|1781450617\n|switch|p2a: Alcremie|Alcremie, L90, F|263/263\n|move|p1a: Illumise|Encore|p2a: Alcremie\n|-block|p2a: Alcremie|ability: Aroma Veil|[of] p2a: Alcremie\n|\n|upkeep\n|turn|17\n|\n|t:|1781450625\n|move|p1a: Illumise|Thunder Wave|p2a: Alcremie\n|-status|p2a: Alcremie|par\n|move|p2a: Alcremie|Calm Mind|p2a: Alcremie\n|-boost|p2a: Alcremie|spa|1\n|-boost|p2a: Alcremie|spd|1\n|\n|upkeep\n|turn|18\n|\n|t:|1781450628\n|move|p1a: Illumise|Encore|p2a: Alcremie\n|-block|p2a: Alcremie|ability: Aroma Veil|[of] p2a: Alcremie\n|cant|p2a: Alcremie|par\n|\n|upkeep\n|turn|19\n|\n|t:|1781450640\n|switch|p1a: Vivillon|Vivillon-Ocean, L83, F|268/268\n|move|p2a: Alcremie|Alluring Voice|p1a: Vivillon\n|-damage|p1a: Vivillon|33/268\n|\n|upkeep\n|turn|20\n|\n|t:|1781450644\n|move|p1a: Vivillon|Quiver Dance|p1a: Vivillon\n|-boost|p1a: Vivillon|spa|1\n|-boost|p1a: Vivillon|spd|1\n|-boost|p1a: Vivillon|spe|1\n|move|p2a: Alcremie|Alluring Voice|p1a: Vivillon\n|-damage|p1a: Vivillon|0 fnt\n|faint|p1a: Vivillon\n|\n|upkeep\n|\n|t:|1781450647\n|switch|p1a: Darkrai|Darkrai, L77|234/234\n|turn|21\n|\n|t:|1781450652\n|-terastallize|p1a: Darkrai|Poison\n|move|p1a: Darkrai|Nasty Plot|p1a: Darkrai\n|-boost|p1a: Darkrai|spa|2\n|move|p2a: Alcremie|Alluring Voice|p1a: Darkrai\n|-resisted|p1a: Darkrai\n|-damage|p1a: Darkrai|155/234\n|-start|p1a: Darkrai|confusion\n|\n|-heal|p1a: Darkrai|169/234|[from] item: Leftovers\n|upkeep\n|turn|22\n|\n|t:|1781450663\n|-terastallize|p2a: Alcremie|Ground\n|-activate|p1a: Darkrai|confusion\n|move|p1a: Darkrai|Sludge Bomb|p2a: Alcremie\n|-resisted|p2a: Alcremie\n|-damage|p2a: Alcremie|215/263 par\n|cant|p2a: Alcremie|par\n|\n|-heal|p1a: Darkrai|183/234|[from] item: Leftovers\n|-heal|p2a: Alcremie|231/263 par|[from] item: Leftovers\n|upkeep\n|turn|23\n|\n|t:|1781450670\n|-activate|p1a: Darkrai|confusion\n|move|p1a: Darkrai|Dark Pulse|p2a: Alcremie\n|-damage|p2a: Alcremie|134/263 par\n|move|p2a: Alcremie|Tera Blast|p1a: Darkrai|[anim] Tera Blast Ground\n|-supereffective|p1a: Darkrai\n|-damage|p1a: Darkrai|0 fnt\n|faint|p1a: Darkrai\n|\n|-heal|p2a: Alcremie|150/263 par|[from] item: Leftovers\n|upkeep\n|-message|joebidenfan1245 forfeited.\n|\n|win|coolbai\n", "inputlog": ">version a8376a258c1d4662feba110a92103f3664a72141\n>start {\"formatid\":\"gen9randombattle\",\"seed\":\"sodium,5c99219dd591f384c0ed5f9c0cdb8954\",\"rated\":\"Rated battle\"}\n>player p1 {\"name\":\"joebidenfan1245\",\"avatar\":\"265\",\"rating\":1949,\"seed\":\"sodium,29779af278b151fa7885c0522448f42e\"}\n>player p2 {\"name\":\"coolbai\",\"avatar\":\"lucas\",\"rating\":1983,\"seed\":\"sodium,0a34f336b0fb6835a07ee1ce354531a9\"}\n>p1 switch 3\n>p2 switch 3\n>p1 move toxic\n>p2 switch 5\n>p1 move icebeam\n>p2 move facade\n>p1 move recover\n>p2 move trailblaze\n>p1 switch 4\n>p1 move earthquake\n>p2 move facade\n>p2 switch 4\n>p1 switch 2\n>p2 move iciclecrash\n>p1 move bugbuzz\n>p2 switch 3\n>p1 switch 6\n>p2 move closecombat\n>p1 move thunderwave\n>p2 switch 2\n>p1 switch 2\n>p2 move willowisp\n>p1 move earthquake\n>p2 move willowisp\n>p1 move earthquake\n>p2 switch 3\n>p1 move earthquake\n>p2 move iciclecrash\n>p1 switch 6\n>p1 move thunderwave\n>p2 switch 3\n>p1 move roost\n>p2 move willowisp\n>p1 move encore\n>p2 switch 5\n>p1 move thunderwave\n>p2 move calmmind\n>p1 move encore\n>p2 move alluringvoice\n>p1 switch 3\n>p2 move alluringvoice\n>p1 move quiverdance\n>p2 move alluringvoice\n>p1 switch 5\n>p1 move nastyplot terastallize\n>p2 move alluringvoice\n>p1 move sludgebomb\n>p2 move terablast terastallize\n>p1 move darkpulse\n>p2 move terablast\n>forcelose p1", "uploadtime": 1781450389, "views": 4, "formatid": "gen9randombattle", "rating": null, "private": 0, "password": null}