{"id": "gen9randombattle-2631862284", "format": "[Gen 9] Random Battle", "players": ["exaltedpikablu", "Micael Lopes"], "log": "|j|\u2606exaltedpikablu\n|j|\u2606Micael Lopes\n|t:|1781449381\n|gametype|singles\n|player|p1|exaltedpikablu|1|1833\n|player|p2|Micael Lopes|benga|1781\n|gen|9\n|tier|[Gen 9] Random Battle\n|rated|\n|rule|Species Clause: Limit one of each Pok\u00e9mon\n|rule|HP Percentage Mod: HP is shown in percentages\n|rule|Sleep Clause Mod: Limit one foe put to sleep\n|rule|Illusion Level Mod: Illusion disguises the Pok\u00e9mon's true level\n|\n|t:|1781449381\n|teamsize|p1|6\n|teamsize|p2|6\n|start\n|switch|p1a: Dusknoir|Dusknoir, L89, F|225/225\n|switch|p2a: Ting-Lu|Ting-Lu, L78|370/370\n|-item|p2a: Ting-Lu|Leftovers|[from] ability: Frisk|[of] p1a: Dusknoir\n|-ability|p2a: Ting-Lu|Vessel of Ruin\n|turn|1\n|inactive|Battle timer is ON: inactive players will automatically lose when time's up. (requested by Micael Lopes)\n|\n|t:|1781449387\n|move|p1a: Dusknoir|Will-O-Wisp|p2a: Ting-Lu\n|-status|p2a: Ting-Lu|brn\n|move|p2a: Ting-Lu|Stealth Rock|p1a: Dusknoir\n|-sidestart|p1: exaltedpikablu|move: Stealth Rock\n|\n|-damage|p2a: Ting-Lu|347/370 brn|[from] brn\n|upkeep\n|turn|2\n|\n|t:|1781449392\n|switch|p1a: Tsareena|Tsareena, L87, F|267/267\n|-damage|p1a: Tsareena|234/267|[from] Stealth Rock\n|move|p2a: Ting-Lu|Spikes|p1a: Tsareena\n|-sidestart|p1: exaltedpikablu|Spikes\n|\n|-heal|p2a: Ting-Lu|370/370 brn|[from] item: Leftovers\n|-damage|p2a: Ting-Lu|347/370 brn|[from] brn\n|upkeep\n|turn|3\n|\n|t:|1781449413\n|switch|p2a: Articuno|Articuno-Galar, L84|288/288\n|move|p1a: Tsareena|Rapid Spin|p2a: Articuno\n|-damage|p2a: Articuno|242/288\n|-boost|p1a: Tsareena|spe|1\n|-sideend|p1: exaltedpikablu|Spikes|[from] move: Rapid Spin|[of] p1a: Tsareena\n|-sideend|p1: exaltedpikablu|Stealth Rock|[from] move: Rapid Spin|[of] p1a: Tsareena\n|\n|upkeep\n|turn|4\n|\n|t:|1781449421\n|move|p1a: Tsareena|Knock Off|p2a: Articuno\n|-supereffective|p2a: Articuno\n|-damage|p2a: Articuno|72/288\n|-enditem|p2a: Articuno|Heavy-Duty Boots|[from] move: Knock Off|[of] p1a: Tsareena\n|move|p2a: Articuno|Hurricane|p1a: Tsareena\n|-supereffective|p1a: Tsareena\n|-damage|p1a: Tsareena|52/267\n|\n|upkeep\n|turn|5\n|\n|t:|1781449429\n|switch|p2a: Flygon|Flygon, L82, M|265/265\n|move|p1a: Tsareena|Knock Off|p2a: Flygon\n|-damage|p2a: Flygon|175/265\n|-enditem|p2a: Flygon|Lum Berry|[from] move: Knock Off|[of] p1a: Tsareena\n|\n|upkeep\n|turn|6\n|\n|t:|1781449443\n|move|p1a: Tsareena|Power Whip|p2a: Flygon\n|-damage|p2a: Flygon|0 fnt\n|faint|p2a: Flygon\n|\n|upkeep\n|\n|t:|1781449453\n|switch|p2a: Slaking|Slaking, L84, F|389/389\n|turn|7\n|\n|t:|1781449465\n|move|p1a: Tsareena|High Jump Kick|p2a: Slaking\n|-supereffective|p2a: Slaking\n|-damage|p2a: Slaking|183/389\n|move|p2a: Slaking|Knock Off|p1a: Tsareena\n|-damage|p1a: Tsareena|0 fnt\n|-enditem|p1a: Tsareena|Assault Vest|[from] move: Knock Off|[of] p2a: Slaking\n|faint|p1a: Tsareena\n|\n|upkeep\n|\n|t:|1781449472\n|switch|p1a: Meloetta|Meloetta, L82|298/298\n|turn|8\n|\n|t:|1781449476\n|switch|p2a: Ting-Lu|Ting-Lu, L78|347/370 brn\n|-ability|p2a: Ting-Lu|Vessel of Ruin\n|move|p1a: Meloetta|Relic Song|p2a: Ting-Lu\n|-damage|p2a: Ting-Lu|233/370 brn\n|-formechange|p1a: Meloetta|Meloetta-Pirouette|[msg]\n|-damage|p1a: Meloetta|269/298|[from] item: Life Orb\n|\n|-heal|p2a: Ting-Lu|256/370 brn|[from] item: Leftovers\n|-damage|p2a: Ting-Lu|233/370 brn|[from] brn\n|upkeep\n|turn|9\n|\n|t:|1781449483\n|move|p1a: Meloetta|Close Combat|p2a: Ting-Lu\n|-supereffective|p2a: Ting-Lu\n|-damage|p2a: Ting-Lu|0 fnt\n|-unboost|p1a: Meloetta|def|1\n|-unboost|p1a: Meloetta|spd|1\n|faint|p2a: Ting-Lu\n|-damage|p1a: Meloetta|240/298|[from] item: Life Orb\n|\n|upkeep\n|\n|t:|1781449488\n|switch|p2a: Maushold|Maushold, L76|238/238\n|turn|10\n|\n|t:|1781449496\n|-terastallize|p2a: Maushold|Ghost\n|move|p1a: Meloetta|Knock Off|p2a: Maushold\n|-supereffective|p2a: Maushold\n|-damage|p2a: Maushold|0 fnt\n|-enditem|p2a: Maushold|Wide Lens|[from] move: Knock Off|[of] p1a: Meloetta\n|faint|p2a: Maushold\n|-damage|p1a: Meloetta|211/298|[from] item: Life Orb\n|\n|upkeep\n|\n|t:|1781449505\n|switch|p2a: Mienshao|Mienshao, L83, M|244/244\n|turn|11\n|\n|t:|1781449515\n|-terastallize|p1a: Meloetta|Fighting\n|move|p2a: Mienshao|Fake Out|p1a: Meloetta\n|-damage|p1a: Meloetta|164/298\n|cant|p1a: Meloetta|flinch\n|\n|upkeep\n|turn|12\n|\n|t:|1781449539\n|switch|p2a: Slaking|Slaking, L84, F|183/389\n|move|p1a: Meloetta|Close Combat|p2a: Slaking\n|-supereffective|p2a: Slaking\n|-damage|p2a: Slaking|0 fnt\n|-unboost|p1a: Meloetta|def|1\n|-unboost|p1a: Meloetta|spd|1\n|faint|p2a: Slaking\n|-damage|p1a: Meloetta|135/298|[from] item: Life Orb\n|\n|upkeep\n|\n|t:|1781449541\n|switch|p2a: Mienshao|Mienshao, L83, M|244/244\n|turn|13\n|\n|t:|1781449549\n|switch|p1a: Dusknoir|Dusknoir, L89, F|225/225\n|-item|p2a: Mienshao|Assault Vest|[from] ability: Frisk|[of] p1a: Dusknoir\n|move|p2a: Mienshao|Fake Out|p1a: Dusknoir\n|-immune|p1a: Dusknoir\n|\n|upkeep\n|turn|14\n|\n|t:|1781449553\n|move|p2a: Mienshao|Knock Off|p1a: Dusknoir\n|-supereffective|p1a: Dusknoir\n|-damage|p1a: Dusknoir|111/225\n|-enditem|p1a: Dusknoir|Leftovers|[from] move: Knock Off|[of] p2a: Mienshao\n|move|p1a: Dusknoir|Poltergeist|p2a: Mienshao\n|-activate|p2a: Mienshao|move: Poltergeist|Assault Vest\n|-damage|p2a: Mienshao|75/244\n|\n|upkeep\n|turn|15\n|\n|t:|1781449558\n|move|p2a: Mienshao|Knock Off|p1a: Dusknoir\n|-supereffective|p1a: Dusknoir\n|-damage|p1a: Dusknoir|35/225\n|move|p1a: Dusknoir|Poltergeist|p2a: Mienshao|[miss]\n|-miss|p1a: Dusknoir|p2a: Mienshao\n|\n|upkeep\n|turn|16\n|inactive|exaltedpikablu has 120 seconds left.\n|\n|t:|1781449590\n|move|p1a: Dusknoir|Shadow Sneak|p2a: Mienshao\n|-damage|p2a: Mienshao|11/244\n|move|p2a: Mienshao|Knock Off|p1a: Dusknoir\n|-supereffective|p1a: Dusknoir\n|-damage|p1a: Dusknoir|0 fnt\n|faint|p1a: Dusknoir\n|\n|upkeep\n|\n|t:|1781449593\n|switch|p1a: Scream Tail|Scream Tail, L84|330/330\n|turn|17\n|\n|t:|1781449601\n|move|p1a: Scream Tail|Dazzling Gleam|p2a: Mienshao\n|-supereffective|p2a: Mienshao\n|-damage|p2a: Mienshao|0 fnt\n|faint|p2a: Mienshao\n|\n|upkeep\n|\n|t:|1781449603\n|switch|p2a: Articuno|Articuno-Galar, L84|72/288\n|turn|18\n|\n|t:|1781449608\n|move|p1a: Scream Tail|Dazzling Gleam|p2a: Articuno\n|-damage|p2a: Articuno|12/288\n|move|p2a: Articuno|Recover|p2a: Articuno\n|-heal|p2a: Articuno|156/288\n|\n|upkeep\n|turn|19\n|\n|t:|1781449616\n|move|p1a: Scream Tail|Encore|p2a: Articuno\n|-start|p2a: Articuno|Encore\n|move|p2a: Articuno|Recover|p2a: Articuno\n|-heal|p2a: Articuno|288/288\n|\n|upkeep\n|turn|20\n|\n|t:|1781449619\n|-end|p1a: Scream Tail|Protosynthesis|[silent]\n|switch|p1a: Raging Bolt|Raging Bolt, L78|323/323\n|move|p2a: Articuno|Recover||[still]\n|-fail|p2a: Articuno|heal\n|\n|upkeep\n|turn|21\n|\n|t:|1781449634\n|move|p2a: Articuno|Recover||[still]\n|-fail|p2a: Articuno|heal\n|move|p1a: Raging Bolt|Calm Mind|p1a: Raging Bolt\n|-boost|p1a: Raging Bolt|spa|1\n|-boost|p1a: Raging Bolt|spd|1\n|\n|-end|p2a: Articuno|Encore\n|upkeep\n|turn|22\n|\n|t:|1781449643\n|move|p2a: Articuno|Calm Mind|p2a: Articuno\n|-boost|p2a: Articuno|spa|1\n|-boost|p2a: Articuno|spd|1\n|move|p1a: Raging Bolt|Thunderbolt|p2a: Articuno\n|-supereffective|p2a: Articuno\n|-crit|p2a: Articuno\n|-damage|p2a: Articuno|0 fnt\n|faint|p2a: Articuno\n|\n|win|exaltedpikablu\n|raw|exaltedpikablu's rating: 1833 &rarr; <strong>1851</strong><br />(+18 for winning)\n|raw|Micael Lopes's rating: 1797 &rarr; <strong>1779</strong><br />(-18 for losing)\n|l|\u2606exaltedpikablu\n|player|p1|\n|c|\u2606Micael Lopes|**__Sexy game.__**\n", "inputlog": ">version a8376a258c1d4662feba110a92103f3664a72141\n>start {\"formatid\":\"gen9randombattle\",\"seed\":\"sodium,6bf21cf9e060b02f3f9de2e1f5042e2a\",\"rated\":\"Rated battle\"}\n>player p1 {\"name\":\"exaltedpikablu\",\"avatar\":\"1\",\"rating\":1833,\"seed\":\"sodium,cac505a922a7559e727b57d2c4649719\"}\n>player p2 {\"name\":\"Micael Lopes\",\"avatar\":\"benga\",\"rating\":1781,\"seed\":\"sodium,c5d4d950ea7454149e5793b87f49c4de\"}\n>p1 move willowisp\n>p2 move stealthrock\n>p1 switch 3\n>p2 move spikes\n>p1 move rapidspin\n>p2 switch 3\n>p1 move knockoff\n>p2 move hurricane\n>p1 move knockoff\n>p2 switch 2\n>p1 move powerwhip\n>p2 move dragondance\n>p2 switch 5\n>p1 move highjumpkick\n>p2 move knockoff\n>p1 switch 5\n>p1 move relicsong\n>p2 switch 3\n>p1 move closecombat\n>p2 move stealthrock\n>p2 switch 4\n>p1 move knockoff\n>p2 move tidyup terastallize\n>p2 switch 6\n>p1 move closecombat terastallize\n>p2 move fakeout\n>p1 move closecombat\n>p2 switch 3\n>p2 switch 3\n>p1 switch 3\n>p2 move fakeout\n>p1 move poltergeist\n>p2 move knockoff\n>p1 move poltergeist\n>p2 move knockoff\n>p1 move shadowsneak\n>p2 move knockoff\n>p1 switch 2\n>p1 move dazzlinggleam\n>p2 move knockoff\n>p2 switch 2\n>p1 move dazzlinggleam\n>p2 move recover\n>p1 move encore\n>p2 move recover\n>p1 switch 4\n>p2 move recover\n>p1 move calmmind\n>p2 move recover\n>p1 move thunderbolt\n>p2 move calmmind", "uploadtime": 1781449656, "views": 3, "formatid": "gen9randombattle", "rating": 1779, "private": 0, "password": null}