{"id": "gen9randombattle-2631816963", "format": "[Gen 9] Random Battle", "players": ["Green Calf", "metaltunder"], "log": "|j|\u2606Green Calf\n|j|\u2606metaltunder\n|t:|1781443863\n|gametype|singles\n|player|p1|Green Calf|2|2057\n|player|p2|metaltunder|palmer|2025\n|gen|9\n|tier|[Gen 9] Random Battle\n|rated|\n|rule|Species Clause: Limit one of each Pok\u00e9mon\n|rule|HP Percentage Mod: HP is shown in percentages\n|rule|Sleep Clause Mod: Limit one foe put to sleep\n|rule|Illusion Level Mod: Illusion disguises the Pok\u00e9mon's true level\n|\n|t:|1781443863\n|teamsize|p1|6\n|teamsize|p2|6\n|start\n|switch|p1a: Cobalion|Cobalion, L80|277/277\n|switch|p2a: Gouging Fire|Gouging Fire, L74|277/277\n|turn|1\n|inactive|Battle timer is ON: inactive players will automatically lose when time's up. (requested by metaltunder)\n|\n|t:|1781443889\n|switch|p1a: Donphan|Donphan, L84, F|288/288\n|move|p2a: Gouging Fire|Dragon Dance|p2a: Gouging Fire\n|-boost|p2a: Gouging Fire|atk|1\n|-boost|p2a: Gouging Fire|spe|1\n|\n|upkeep\n|turn|2\n|\n|t:|1781443916\n|-end|p2a: Gouging Fire|Protosynthesis|[silent]\n|switch|p2a: Breloom|Breloom, L83, F|235/235\n|move|p1a: Donphan|Earthquake|p2a: Breloom\n|-resisted|p2a: Breloom\n|-damage|p2a: Breloom|169/235\n|\n|upkeep\n|turn|3\n|inactive|metaltunder has 120 seconds left.\n|\n|t:|1781443952\n|switch|p1a: Toxtricity|Toxtricity, L82, M|257/257\n|move|p2a: Breloom|Rock Tomb|p1a: Toxtricity\n|-damage|p1a: Toxtricity|140/257\n|-unboost|p1a: Toxtricity|spe|1\n|-damage|p2a: Breloom|146/235|[from] item: Life Orb\n|\n|upkeep\n|turn|4\n|\n|t:|1781443960\n|switch|p2a: Gouging Fire|Gouging Fire, L74|277/277\n|move|p1a: Toxtricity|Boomburst|p2a: Gouging Fire\n|-damage|p2a: Gouging Fire|125/277\n|-enditem|p1a: Toxtricity|Throat Spray\n|-boost|p1a: Toxtricity|spa|1|[from] item: Throat Spray\n|\n|upkeep\n|turn|5\n|inactive|metaltunder has 120 seconds left.\n|\n|t:|1781443971\n|switch|p1a: Donphan|Donphan, L84, F|288/288\n|move|p2a: Gouging Fire|Heat Crash|p1a: Donphan\n|-crit|p1a: Donphan\n|-damage|p1a: Donphan|180/288\n|\n|-heal|p1a: Donphan|198/288|[from] item: Leftovers\n|upkeep\n|turn|6\n|\n|t:|1781444000\n|move|p2a: Gouging Fire|Morning Sun|p2a: Gouging Fire\n|-heal|p2a: Gouging Fire|263/277\n|move|p1a: Donphan|Earthquake|p2a: Gouging Fire\n|-supereffective|p2a: Gouging Fire\n|-damage|p2a: Gouging Fire|29/277\n|\n|-heal|p1a: Donphan|216/288|[from] item: Leftovers\n|upkeep\n|turn|7\n|\n|t:|1781444010\n|-end|p2a: Gouging Fire|Protosynthesis|[silent]\n|switch|p2a: Breloom|Breloom, L83, F|146/235\n|move|p1a: Donphan|Earthquake|p2a: Breloom\n|-resisted|p2a: Breloom\n|-damage|p2a: Breloom|74/235\n|\n|-heal|p1a: Donphan|234/288|[from] item: Leftovers\n|upkeep\n|turn|8\n|\n|t:|1781444014\n|switch|p1a: Toxtricity|Toxtricity, L82, M|140/257\n|move|p2a: Breloom|Spore|p1a: Toxtricity\n|-status|p1a: Toxtricity|slp|[from] move: Spore\n|\n|upkeep\n|turn|9\n|\n|t:|1781444018\n|cant|p1a: Toxtricity|slp\n|move|p2a: Breloom|Rock Tomb|p1a: Toxtricity\n|-damage|p1a: Toxtricity|22/257 slp\n|-unboost|p1a: Toxtricity|spe|1\n|-damage|p2a: Breloom|51/235|[from] item: Life Orb\n|\n|upkeep\n|turn|10\n|\n|t:|1781444021\n|move|p2a: Breloom|Rock Tomb|p1a: Toxtricity\n|-damage|p1a: Toxtricity|0 fnt\n|faint|p1a: Toxtricity\n|-damage|p2a: Breloom|28/235|[from] item: Life Orb\n|\n|upkeep\n|inactive|Green Calf has 120 seconds left.\n|inactive|Green Calf has 90 seconds left.\n|\n|t:|1781444089\n|switch|p1a: Lanturn|Lanturn, L89, M|367/367\n|turn|11\n|\n|t:|1781444106\n|switch|p2a: Espeon|Espeon, L84, M|246/246\n|move|p1a: Lanturn|Scald|p2a: Espeon\n|-damage|p2a: Espeon|171/246\n|\n|upkeep\n|turn|12\n|\n|t:|1781444115\n|move|p2a: Espeon|Calm Mind|p2a: Espeon\n|-boost|p2a: Espeon|spa|1\n|-boost|p2a: Espeon|spd|1\n|move|p1a: Lanturn|Volt Switch|p2a: Espeon\n|-damage|p2a: Espeon|129/246\n|\n|t:|1781444124\n|switch|p1a: Donphan|Donphan, L84, F|234/288|[from] Volt Switch\n|\n|-heal|p1a: Donphan|252/288|[from] item: Leftovers\n|upkeep\n|turn|13\n|\n|t:|1781444128\n|move|p2a: Espeon|Psychic|p1a: Donphan\n|-damage|p1a: Donphan|0 fnt\n|faint|p1a: Donphan\n|-damage|p2a: Espeon|105/246|[from] item: Life Orb\n|\n|upkeep\n|inactive|Green Calf has 120 seconds left.\n|\n|t:|1781444133\n|switch|p1a: Porygon2|Porygon2, L81|270/270\n|-ability|p1a: Porygon2|Download|boost\n|-boost|p1a: Porygon2|atk|1\n|turn|14\n|\n|t:|1781444135\n|move|p2a: Espeon|Morning Sun|p2a: Espeon\n|-heal|p2a: Espeon|228/246\n|move|p1a: Porygon2|Shadow Ball|p2a: Espeon\n|-supereffective|p2a: Espeon\n|-damage|p2a: Espeon|158/246\n|\n|upkeep\n|turn|15\n|\n|t:|1781444145\n|move|p2a: Espeon|Calm Mind|p2a: Espeon\n|-boost|p2a: Espeon|spa|1\n|-boost|p2a: Espeon|spd|1\n|move|p1a: Porygon2|Shadow Ball|p2a: Espeon\n|-supereffective|p2a: Espeon\n|-crit|p2a: Espeon\n|-damage|p2a: Espeon|0 fnt\n|faint|p2a: Espeon\n|\n|upkeep\n|\n|t:|1781444151\n|switch|p2a: Breloom|Breloom, L83, F|28/235\n|turn|16\n|\n|t:|1781444156\n|move|p2a: Breloom|Spore|p1a: Porygon2\n|-status|p1a: Porygon2|slp|[from] move: Spore\n|cant|p1a: Porygon2|slp\n|\n|upkeep\n|turn|17\n|\n|t:|1781444159\n|move|p2a: Breloom|Mach Punch|p1a: Porygon2\n|-supereffective|p1a: Porygon2\n|-damage|p1a: Porygon2|119/270 slp\n|-damage|p2a: Breloom|5/235|[from] item: Life Orb\n|cant|p1a: Porygon2|slp\n|\n|upkeep\n|turn|18\n|\n|t:|1781444168\n|move|p2a: Breloom|Mach Punch|p1a: Porygon2\n|-supereffective|p1a: Porygon2\n|-damage|p1a: Porygon2|0 fnt\n|faint|p1a: Porygon2\n|-damage|p2a: Breloom|0 fnt|[from] item: Life Orb\n|faint|p2a: Breloom\n|\n|upkeep\n|\n|t:|1781444174\n|switch|p2a: Altaria|Altaria, L89, F|278/278\n|switch|p1a: Cobalion|Cobalion, L80|277/277\n|turn|19\n|\n|t:|1781444176\n|move|p1a: Cobalion|Swords Dance|p1a: Cobalion\n|-boost|p1a: Cobalion|atk|2\n|move|p2a: Altaria|Dragon Dance|p2a: Altaria\n|-boost|p2a: Altaria|atk|1\n|-boost|p2a: Altaria|spe|1\n|\n|upkeep\n|turn|20\n|\n|t:|1781444179\n|move|p2a: Altaria|Earthquake|p1a: Cobalion\n|-supereffective|p1a: Cobalion\n|-damage|p1a: Cobalion|129/277\n|move|p1a: Cobalion|Stone Edge|p2a: Altaria\n|-supereffective|p2a: Altaria\n|-damage|p2a: Altaria|0 fnt\n|faint|p2a: Altaria\n|-damage|p1a: Cobalion|102/277|[from] item: Life Orb\n|\n|upkeep\n|\n|t:|1781444183\n|switch|p2a: Salazzle|Salazzle, L83, F|249/249\n|turn|21\n|\n|t:|1781444188\n|move|p2a: Salazzle|Fire Blast|p1a: Cobalion\n|-supereffective|p1a: Cobalion\n|-damage|p1a: Cobalion|0 fnt\n|faint|p1a: Cobalion\n|\n|upkeep\n|\n|t:|1781444190\n|switch|p1a: Lapras|Lapras, L87, M|367/367\n|turn|22\n|\n|t:|1781444195\n|-terastallize|p2a: Salazzle|Grass\n|move|p2a: Salazzle|Nasty Plot|p2a: Salazzle\n|-boost|p2a: Salazzle|spa|2\n|move|p1a: Lapras|Sparkling Aria|p2a: Salazzle\n|-resisted|p2a: Salazzle\n|-damage|p2a: Salazzle|156/249\n|\n|upkeep\n|turn|23\n|\n|t:|1781444200\n|switch|p1a: Lanturn|Lanturn, L89, M|367/367\n|move|p2a: Salazzle|Tera Blast|p1a: Lanturn|[anim] Tera Blast Grass\n|-supereffective|p1a: Lanturn\n|-damage|p1a: Lanturn|0 fnt\n|faint|p1a: Lanturn\n|\n|upkeep\n|\n|t:|1781444202\n|switch|p1a: Lapras|Lapras, L87, M|367/367\n|turn|24\n|\n|t:|1781444205\n|-terastallize|p1a: Lapras|Ice\n|move|p2a: Salazzle|Fire Blast|p1a: Lapras|[miss]\n|-miss|p2a: Salazzle|p1a: Lapras\n|move|p1a: Lapras|Ice Beam|p2a: Salazzle\n|-supereffective|p2a: Salazzle\n|-damage|p2a: Salazzle|0 fnt\n|faint|p2a: Salazzle\n|\n|upkeep\n|\n|t:|1781444208\n|switch|p2a: Drednaw|Drednaw, L81, F|278/278\n|turn|25\n|\n|t:|1781444211\n|move|p2a: Drednaw|Shell Smash|p2a: Drednaw\n|-unboost|p2a: Drednaw|def|1\n|-unboost|p2a: Drednaw|spd|1\n|-boost|p2a: Drednaw|atk|2\n|-boost|p2a: Drednaw|spa|2\n|-boost|p2a: Drednaw|spe|2\n|-enditem|p2a: Drednaw|White Herb\n|-clearnegativeboost|p2a: Drednaw|[silent]\n|move|p1a: Lapras|Ice Beam|p2a: Drednaw\n|-resisted|p2a: Drednaw\n|-damage|p2a: Drednaw|168/278\n|\n|upkeep\n|turn|26\n|\n|t:|1781444213\n|move|p2a: Drednaw|Stone Edge|p1a: Lapras\n|-supereffective|p1a: Lapras\n|-damage|p1a: Lapras|0 fnt\n|faint|p1a: Lapras\n|\n|win|metaltunder\n", "inputlog": ">version a8376a258c1d4662feba110a92103f3664a72141\n>start {\"formatid\":\"gen9randombattle\",\"seed\":\"sodium,15e2eced069da11a843559bdd122fdfa\",\"rated\":\"Rated battle\"}\n>player p1 {\"name\":\"Green Calf\",\"avatar\":\"2\",\"rating\":2057,\"seed\":\"sodium,786d9a45e8ffd7326e6af5970c5ed79a\"}\n>player p2 {\"name\":\"metaltunder\",\"avatar\":\"palmer\",\"rating\":2025,\"seed\":\"sodium,bc39a44dbc942f3fa48c5948bdbff08b\"}\n>p1 switch 6\n>p2 move dragondance\n>p1 move earthquake\n>p2 switch 2\n>p1 switch 5\n>p2 move rocktomb\n>p1 move boomburst\n>p2 switch 2\n>p1 switch 5\n>p2 move heatcrash\n>p1 move earthquake\n>p2 move morningsun\n>p1 move earthquake\n>p2 switch 2\n>p1 switch 5\n>p2 move spore\n>p1 move boomburst\n>p2 move rocktomb\n>p1 move boomburst\n>p2 move rocktomb\n>p1 switch 2\n>p1 move scald\n>p2 switch 6\n>p1 move voltswitch\n>p2 move calmmind\n>p1 switch 5\n>p1 move knockoff\n>p2 move psychic\n>p1 switch 3\n>p1 move shadowball\n>p2 move morningsun\n>p1 move shadowball\n>p2 move calmmind\n>p2 switch 6\n>p1 move terablast\n>p2 move spore\n>p1 move terablast\n>p2 move machpunch\n>p1 move terablast\n>p2 move machpunch\n>p1 switch 6\n>p2 switch 3\n>p1 move swordsdance\n>p2 move dragondance\n>p1 move stoneedge\n>p2 move earthquake\n>p2 switch 4\n>p1 move stoneedge\n>p2 move fireblast\n>p1 switch 4\n>p1 move sparklingaria\n>p2 move nastyplot terastallize\n>p1 switch 5\n>p2 move terablast\n>p1 switch 5\n>p1 move icebeam terastallize\n>p2 move fireblast\n>p2 switch 5\n>p1 move icebeam\n>p2 move shellsmash\n>p1 move icebeam\n>p2 move stoneedge", "uploadtime": 1781443864, "views": 5, "formatid": "gen9randombattle", "rating": null, "private": 0, "password": null}