{"id": "gen9randombattle-2631853811", "format": "[Gen 9] Random Battle", "players": ["Mr Tpen", "cuerodeolancho"], "log": "|j|\u2606Mr Tpen\n|j|\u2606cuerodeolancho\n|t:|1781448398\n|gametype|singles\n|player|p1|Mr Tpen|1|2133\n|player|p2|cuerodeolancho|janitor|2161\n|gen|9\n|tier|[Gen 9] Random Battle\n|rated|\n|rule|Species Clause: Limit one of each Pok\u00e9mon\n|rule|HP Percentage Mod: HP is shown in percentages\n|rule|Sleep Clause Mod: Limit one foe put to sleep\n|rule|Illusion Level Mod: Illusion disguises the Pok\u00e9mon's true level\n|\n|t:|1781448398\n|teamsize|p1|6\n|teamsize|p2|6\n|start\n|switch|p1a: Bombirdier|Bombirdier, L85, M|258/258\n|switch|p2a: Perrserker|Perrserker, L89, M|269/269\n|turn|1\n|inactive|Battle timer is ON: inactive players will automatically lose when time's up. (requested by cuerodeolancho)\n|\n|t:|1781448407\n|move|p1a: Bombirdier|Knock Off|p2a: Perrserker\n|-damage|p2a: Perrserker|175/269\n|-enditem|p2a: Perrserker|Life Orb|[from] move: Knock Off|[of] p1a: Bombirdier\n|move|p2a: Perrserker|Stealth Rock|p1a: Bombirdier\n|-sidestart|p1: Mr Tpen|move: Stealth Rock\n|\n|upkeep\n|turn|2\n|\n|t:|1781448415\n|move|p1a: Bombirdier|Knock Off|p2a: Perrserker\n|-damage|p2a: Perrserker|108/269\n|move|p2a: Perrserker|Iron Head|p1a: Bombirdier\n|-damage|p1a: Bombirdier|117/258\n|\n|upkeep\n|turn|3\n|\n|t:|1781448424\n|move|p1a: Bombirdier|Knock Off|p2a: Perrserker\n|-damage|p2a: Perrserker|41/269\n|move|p2a: Perrserker|Iron Head|p1a: Bombirdier\n|-damage|p1a: Bombirdier|0 fnt\n|faint|p1a: Bombirdier\n|\n|upkeep\n|\n|t:|1781448428\n|switch|p1a: Regieleki|Regieleki, L79|256/256\n|-damage|p1a: Regieleki|224/256|[from] Stealth Rock\n|turn|4\n|\n|t:|1781448434\n|move|p1a: Regieleki|Thunderbolt|p2a: Perrserker\n|-damage|p2a: Perrserker|0 fnt\n|faint|p2a: Perrserker\n|\n|upkeep\n|\n|t:|1781448443\n|switch|p2a: Florges|Florges-White, L85, F|271/271\n|turn|5\n|\n|t:|1781448447\n|move|p1a: Regieleki|Rapid Spin|p2a: Florges\n|-damage|p2a: Florges|235/271\n|-boost|p1a: Regieleki|spe|1\n|-sideend|p1: Mr Tpen|Stealth Rock|[from] move: Rapid Spin|[of] p1a: Regieleki\n|move|p2a: Florges|Calm Mind|p2a: Florges\n|-boost|p2a: Florges|spa|1\n|-boost|p2a: Florges|spd|1\n|\n|-heal|p2a: Florges|251/271|[from] item: Leftovers\n|upkeep\n|turn|6\n|\n|t:|1781448452\n|move|p1a: Regieleki|Thunderbolt|p2a: Florges\n|-damage|p2a: Florges|191/271\n|move|p2a: Florges|Moonblast|p1a: Regieleki\n|-damage|p1a: Regieleki|0 fnt\n|faint|p1a: Regieleki\n|\n|-heal|p2a: Florges|207/271|[from] item: Leftovers\n|upkeep\n|\n|t:|1781448455\n|switch|p1a: Komala|Komala, L88, M|258/258\n|-ability|p1a: Komala|Comatose\n|turn|7\n|\n|t:|1781448463\n|switch|p2a: Carbink|Carbink, L90|236/236\n|move|p1a: Komala|Body Slam|p2a: Carbink\n|-resisted|p2a: Carbink\n|-damage|p2a: Carbink|200/236\n|\n|-heal|p2a: Carbink|214/236|[from] item: Leftovers\n|upkeep\n|turn|8\n|\n|t:|1781448468\n|move|p1a: Komala|Knock Off|p2a: Carbink\n|-resisted|p2a: Carbink\n|-crit|p2a: Carbink\n|-damage|p2a: Carbink|178/236\n|-enditem|p2a: Carbink|Leftovers|[from] move: Knock Off|[of] p1a: Komala\n|move|p2a: Carbink|Rock Polish|p2a: Carbink\n|-boost|p2a: Carbink|spe|2\n|\n|upkeep\n|turn|9\n|\n|t:|1781448473\n|move|p2a: Carbink|Iron Defense|p2a: Carbink\n|-boost|p2a: Carbink|def|2\n|move|p1a: Komala|Body Slam|p2a: Carbink\n|-resisted|p2a: Carbink\n|-damage|p2a: Carbink|160/236\n|\n|upkeep\n|turn|10\n|\n|t:|1781448476\n|-terastallize|p1a: Komala|Ghost\n|move|p2a: Carbink|Body Press|p1a: Komala\n|-immune|p1a: Komala\n|move|p1a: Komala|Body Slam|p2a: Carbink\n|-resisted|p2a: Carbink\n|-damage|p2a: Carbink|143/236\n|\n|upkeep\n|turn|11\n|\n|t:|1781448477\n|move|p2a: Carbink|Moonblast|p1a: Komala\n|-damage|p1a: Komala|216/258\n|move|p1a: Komala|Body Slam|p2a: Carbink\n|-resisted|p2a: Carbink\n|-damage|p2a: Carbink|127/236\n|-status|p2a: Carbink|par\n|\n|upkeep\n|turn|12\n|\n|t:|1781448480\n|move|p1a: Komala|Earthquake|p2a: Carbink\n|-supereffective|p2a: Carbink\n|-damage|p2a: Carbink|69/236 par\n|move|p2a: Carbink|Moonblast|p1a: Komala\n|-damage|p1a: Komala|174/258\n|-unboost|p1a: Komala|spa|1\n|\n|upkeep\n|turn|13\n|\n|t:|1781448483\n|move|p1a: Komala|Earthquake|p2a: Carbink\n|-supereffective|p2a: Carbink\n|-damage|p2a: Carbink|15/236 par\n|cant|p2a: Carbink|par\n|\n|upkeep\n|turn|14\n|\n|t:|1781448488\n|move|p1a: Komala|Earthquake|p2a: Carbink\n|-supereffective|p2a: Carbink\n|-damage|p2a: Carbink|0 fnt\n|faint|p2a: Carbink\n|\n|upkeep\n|\n|t:|1781448494\n|switch|p2a: Meowscarada|Meowscarada, L78, M|247/247\n|turn|15\n|inactive|Mr Tpen has 120 seconds left.\n|\n|t:|1781448525\n|switch|p1a: Empoleon|Empoleon, L84, F|278/278\n|move|p2a: Meowscarada|Knock Off|p1a: Empoleon\n|-start|p2a: Meowscarada|typechange|Dark|[from] ability: Protean\n|-damage|p1a: Empoleon|156/278\n|-enditem|p1a: Empoleon|Leftovers|[from] move: Knock Off|[of] p2a: Meowscarada\n|-damage|p2a: Meowscarada|223/247|[from] item: Life Orb\n|\n|upkeep\n|turn|16\n|\n|t:|1781448533\n|switch|p2a: Okidogi|Okidogi, L77, M|262/262\n|move|p1a: Empoleon|Roost|p1a: Empoleon\n|-heal|p1a: Empoleon|278/278\n|-singleturn|p1a: Empoleon|move: Roost\n|\n|upkeep\n|turn|17\n|\n|t:|1781448538\n|switch|p1a: Cramorant|Cramorant, L86, M|261/261\n|move|p2a: Okidogi|Bulk Up|p2a: Okidogi\n|-boost|p2a: Okidogi|atk|1\n|-boost|p2a: Okidogi|def|1\n|\n|upkeep\n|turn|18\n|\n|t:|1781448542\n|move|p1a: Cramorant|Surf|p2a: Okidogi\n|-formechange|p1a: Cramorant|Cramorant-Gulping|\n|-damage|p2a: Okidogi|159/262\n|move|p2a: Okidogi|Gunk Shot|p1a: Cramorant\n|-damage|p1a: Cramorant|8/261\n|-damage|p2a: Okidogi|94/262|[from] ability: Gulp Missile|[of] p1a: Cramorant\n|-unboost|p2a: Okidogi|def|1\n|-formechange|p1a: Cramorant|Cramorant|\n|\n|-heal|p2a: Okidogi|110/262|[from] item: Leftovers\n|upkeep\n|turn|19\n|\n|t:|1781448546\n|move|p1a: Cramorant|Surf|p2a: Okidogi\n|-formechange|p1a: Cramorant|Cramorant-Gorging|\n|-damage|p2a: Okidogi|17/262\n|move|p2a: Okidogi|Knock Off|p1a: Cramorant\n|-damage|p1a: Cramorant|0 fnt\n|-damage|p2a: Okidogi|0 fnt|[from] ability: Gulp Missile|[of] p1a: Cramorant\n|-formechange|p1a: Cramorant|Cramorant|\n|faint|p1a: Cramorant\n|faint|p2a: Okidogi\n|\n|upkeep\n|\n|t:|1781448563\n|switch|p1a: Armarouge|Armarouge, L80, F|267/267\n|switch|p2a: Meowscarada|Meowscarada, L78, M|223/247\n|turn|20\n|\n|t:|1781448568\n|-terastallize|p2a: Meowscarada|Dark\n|move|p2a: Meowscarada|Knock Off|p1a: Armarouge\n|-supereffective|p1a: Armarouge\n|-damage|p1a: Armarouge|0 fnt\n|-enditem|p1a: Armarouge|Power Herb|[from] move: Knock Off|[of] p2a: Meowscarada\n|faint|p1a: Armarouge\n|-damage|p2a: Meowscarada|199/247|[from] item: Life Orb\n|\n|upkeep\n|\n|t:|1781448569\n|switch|p1a: Empoleon|Empoleon, L84, F|278/278\n|turn|21\n|\n|t:|1781448581\n|switch|p2a: Florges|Florges-White, L85, F|207/271\n|move|p1a: Empoleon|Surf|p2a: Florges\n|-damage|p2a: Florges|135/271\n|\n|-heal|p2a: Florges|151/271|[from] item: Leftovers\n|upkeep\n|turn|22\n|\n|t:|1781448586\n|move|p2a: Florges|Calm Mind|p2a: Florges\n|-boost|p2a: Florges|spa|1\n|-boost|p2a: Florges|spd|1\n|move|p1a: Empoleon|Yawn|p2a: Florges\n|-start|p2a: Florges|move: Yawn|[of] p1a: Empoleon\n|\n|-heal|p2a: Florges|167/271|[from] item: Leftovers\n|upkeep\n|turn|23\n|\n|t:|1781448590\n|switch|p1a: Komala|Komala, L88, M, tera:Ghost|174/258\n|-ability|p1a: Komala|Comatose\n|move|p2a: Florges|Calm Mind|p2a: Florges\n|-boost|p2a: Florges|spa|1\n|-boost|p2a: Florges|spd|1\n|\n|-heal|p2a: Florges|183/271|[from] item: Leftovers\n|-end|p2a: Florges|move: Yawn|[silent]\n|-status|p2a: Florges|slp\n|upkeep\n|turn|24\n|\n|t:|1781448592\n|cant|p2a: Florges|slp\n|move|p1a: Komala|Rapid Spin|p2a: Florges\n|-damage|p2a: Florges|96/271 slp\n|-boost|p1a: Komala|spe|1\n|\n|-heal|p2a: Florges|112/271 slp|[from] item: Leftovers\n|upkeep\n|turn|25\n|\n|t:|1781448595\n|move|p1a: Komala|Body Slam|p2a: Florges\n|-damage|p2a: Florges|0 fnt\n|faint|p2a: Florges\n|\n|upkeep\n|\n|t:|1781448600\n|switch|p2a: Rabsca|Rabsca, L91, F|284/284\n|turn|26\n|\n|t:|1781448604\n|move|p1a: Komala|Knock Off|p2a: Rabsca\n|-supereffective|p2a: Rabsca\n|-damage|p2a: Rabsca|132/284\n|-enditem|p2a: Rabsca|Heavy-Duty Boots|[from] move: Knock Off|[of] p1a: Komala\n|move|p2a: Rabsca|Psychic|p1a: Komala\n|-crit|p1a: Komala\n|-damage|p1a: Komala|48/258\n|\n|upkeep\n|turn|27\n|\n|t:|1781448609\n|move|p1a: Komala|Body Slam|p2a: Rabsca\n|-damage|p2a: Rabsca|21/284\n|move|p2a: Rabsca|Psychic|p1a: Komala\n|-damage|p1a: Komala|0 fnt\n|faint|p1a: Komala\n|\n|upkeep\n|\n|t:|1781448612\n|switch|p1a: Empoleon|Empoleon, L84, F|278/278\n|turn|28\n|\n|t:|1781448617\n|move|p1a: Empoleon|Surf|p2a: Rabsca\n|-damage|p2a: Rabsca|0 fnt\n|faint|p2a: Rabsca\n|\n|upkeep\n|\n|t:|1781448618\n|switch|p2a: Meowscarada|Meowscarada, L78, M, tera:Dark|199/247\n|turn|29\n|\n|t:|1781448621\n|move|p2a: Meowscarada|Flower Trick|p1a: Empoleon\n|-crit|p1a: Empoleon\n|-damage|p1a: Empoleon|126/278\n|-damage|p2a: Meowscarada|175/247|[from] item: Life Orb\n|move|p1a: Empoleon|Yawn|p2a: Meowscarada\n|-start|p2a: Meowscarada|move: Yawn|[of] p1a: Empoleon\n|\n|upkeep\n|turn|30\n|\n|t:|1781448624\n|move|p2a: Meowscarada|Flower Trick|p1a: Empoleon\n|-crit|p1a: Empoleon\n|-damage|p1a: Empoleon|0 fnt\n|faint|p1a: Empoleon\n|-damage|p2a: Meowscarada|151/247|[from] item: Life Orb\n|\n|win|cuerodeolancho\n", "inputlog": ">version a8376a258c1d4662feba110a92103f3664a72141\n>start {\"formatid\":\"gen9randombattle\",\"seed\":\"sodium,2662aa212cbea4769efb98651382fe53\",\"rated\":\"Rated battle\"}\n>player p1 {\"name\":\"Mr Tpen\",\"avatar\":\"1\",\"rating\":2133,\"seed\":\"sodium,b4ae9d6f3f0953f76485507eee47d7b4\"}\n>player p2 {\"name\":\"cuerodeolancho\",\"avatar\":\"janitor\",\"rating\":2161,\"seed\":\"sodium,cbb5663c70878d5861e82c5cd469f067\"}\n>p1 move knockoff\n>p2 move stealthrock\n>p1 move knockoff\n>p2 move ironhead\n>p1 move knockoff\n>p2 move ironhead\n>p1 switch 6\n>p1 move thunderbolt\n>p2 move closecombat\n>p2 switch 6\n>p1 move rapidspin\n>p2 move calmmind\n>p1 move thunderbolt\n>p2 move moonblast\n>p1 switch 2\n>p1 move bodyslam\n>p2 switch 3\n>p1 move knockoff\n>p2 move rockpolish\n>p1 move bodyslam\n>p2 move irondefense\n>p1 move bodyslam terastallize\n>p2 move bodypress\n>p1 move bodyslam\n>p2 move moonblast\n>p1 move earthquake\n>p2 move moonblast\n>p1 move earthquake\n>p2 move moonblast\n>p1 move earthquake\n>p2 move moonblast\n>p2 switch 5\n>p1 switch 4\n>p2 move knockoff\n>p1 move roost\n>p2 switch 4\n>p1 switch 3\n>p2 move bulkup\n>p1 move surf\n>p2 move gunkshot\n>p1 move surf\n>p2 move knockoff\n>p1 switch 5\n>p2 switch 4\n>p1 move armorcannon\n>p2 move knockoff terastallize\n>p1 switch 3\n>p1 move surf\n>p2 switch 3\n>p1 move yawn\n>p2 move calmmind\n>p1 switch 4\n>p2 move calmmind\n>p1 move rapidspin\n>p2 move moonblast\n>p1 move bodyslam\n>p2 move moonblast\n>p2 switch 2\n>p1 move knockoff\n>p2 move psychic\n>p1 move bodyslam\n>p2 move psychic\n>p1 switch 4\n>p1 move surf\n>p2 move psychic\n>p2 switch 3\n>p1 move yawn\n>p2 move flowertrick\n>p1 move roost\n>p2 move flowertrick", "uploadtime": 1781448400, "views": 5, "formatid": "gen9randombattle", "rating": null, "private": 0, "password": null}