{"id": "gen9randombattle-2631910334", "format": "[Gen 9] Random Battle", "players": ["redemption48", "rissoz"], "log": "|j|\u2606redemption48\n|j|\u2606rissoz\n|t:|1781454665\n|gametype|singles\n|player|p1|redemption48|1|1977\n|player|p2|rissoz|101|2060\n|gen|9\n|tier|[Gen 9] Random Battle\n|rated|\n|rule|Species Clause: Limit one of each Pok\u00e9mon\n|rule|HP Percentage Mod: HP is shown in percentages\n|rule|Sleep Clause Mod: Limit one foe put to sleep\n|rule|Illusion Level Mod: Illusion disguises the Pok\u00e9mon's true level\n|\n|t:|1781454665\n|teamsize|p1|6\n|teamsize|p2|6\n|start\n|switch|p1a: Houndstone|Houndstone, L86, M|264/264\n|switch|p2a: Oricorio|Oricorio-Sensu, L85, M|266/266\n|turn|1\n|inactive|Battle timer is ON: inactive players will automatically lose when time's up. (requested by redemption48)\n|\n|t:|1781454679\n|switch|p2a: Cresselia|Cresselia, L80, F|235/235\n|move|p1a: Houndstone|Poltergeist|p2a: Cresselia\n|-activate|p2a: Cresselia|move: Poltergeist|Choice Specs\n|-resisted|p2a: Cresselia\n|-damage|p2a: Cresselia|152/235\n|replace|p2a: Zoroark|Zoroark, L83, F\n|-end|p2a: Zoroark|Illusion\n|-hint|Illusion Level Mod is active, so this Pok\u00e9mon's true level was hidden.\n|\n|upkeep\n|turn|2\n|\n|t:|1781454684\n|move|p2a: Zoroark|Dark Pulse|p1a: Houndstone\n|-supereffective|p1a: Houndstone\n|-damage|p1a: Houndstone|94/264\n|move|p1a: Houndstone|Play Rough|p2a: Zoroark\n|-supereffective|p2a: Zoroark\n|-damage|p2a: Zoroark|0 fnt\n|faint|p2a: Zoroark\n|\n|upkeep\n|\n|t:|1781454692\n|switch|p2a: Oricorio|Oricorio-Sensu, L85, M|266/266\n|turn|3\n|\n|t:|1781454696\n|move|p1a: Houndstone|Shadow Sneak|p2a: Oricorio\n|-supereffective|p2a: Oricorio\n|-damage|p2a: Oricorio|164/266\n|move|p2a: Oricorio|Revelation Dance|p1a: Houndstone\n|-supereffective|p1a: Houndstone\n|-damage|p1a: Houndstone|0 fnt\n|faint|p1a: Houndstone\n|\n|upkeep\n|\n|t:|1781454699\n|switch|p1a: Lycanroc|Lycanroc-Dusk, L81, F|254/254\n|turn|4\n|\n|t:|1781454707\n|switch|p2a: Stonjourner|Stonjourner, L91, F|330/330\n|move|p1a: Lycanroc|Swords Dance|p1a: Lycanroc\n|-boost|p1a: Lycanroc|atk|2\n|\n|upkeep\n|turn|5\n|\n|t:|1781454711\n|-terastallize|p1a: Lycanroc|Fighting\n|move|p1a: Lycanroc|Close Combat|p2a: Stonjourner\n|-supereffective|p2a: Stonjourner\n|-damage|p2a: Stonjourner|0 fnt\n|-unboost|p1a: Lycanroc|def|1\n|-unboost|p1a: Lycanroc|spd|1\n|faint|p2a: Stonjourner\n|-damage|p1a: Lycanroc|229/254|[from] item: Life Orb\n|\n|upkeep\n|\n|t:|1781454717\n|switch|p2a: Dodrio|Dodrio, L85, F|241/241\n|turn|6\n|\n|t:|1781454722\n|switch|p1a: Carbink|Carbink, L90|236/236\n|move|p2a: Dodrio|Brave Bird|p1a: Carbink\n|-resisted|p1a: Carbink\n|-damage|p1a: Carbink|173/236\n|-damage|p2a: Dodrio|220/241|[from] Recoil\n|\n|upkeep\n|turn|7\n|\n|t:|1781454733\n|switch|p2a: Oricorio|Oricorio-Sensu, L85, M|164/266\n|switch|p1a: Lycanroc|Lycanroc-Dusk, L81, F, tera:Fighting|229/254\n|\n|upkeep\n|turn|8\n|\n|t:|1781454746\n|move|p1a: Lycanroc|Psychic Fangs|p2a: Oricorio\n|-damage|p2a: Oricorio|24/266\n|-damage|p1a: Lycanroc|204/254|[from] item: Life Orb\n|move|p2a: Oricorio|Quiver Dance|p2a: Oricorio\n|-boost|p2a: Oricorio|spa|1\n|-boost|p2a: Oricorio|spd|1\n|-boost|p2a: Oricorio|spe|1\n|\n|upkeep\n|turn|9\n|\n|t:|1781454756\n|switch|p1a: Carbink|Carbink, L90|173/236\n|move|p2a: Oricorio|Hurricane|p1a: Carbink\n|-resisted|p1a: Carbink\n|-damage|p1a: Carbink|119/236\n|-start|p1a: Carbink|confusion\n|\n|upkeep\n|turn|10\n|\n|t:|1781454759\n|move|p2a: Oricorio|Roost|p2a: Oricorio\n|-heal|p2a: Oricorio|157/266\n|-singleturn|p2a: Oricorio|move: Roost\n|-activate|p1a: Carbink|confusion\n|move|p1a: Carbink|Moonblast|p2a: Oricorio\n|-damage|p2a: Oricorio|105/266\n|\n|upkeep\n|turn|11\n|\n|t:|1781454763\n|switch|p1a: Toxapex|Toxapex, L82, M|216/216\n|move|p2a: Oricorio|Roost|p2a: Oricorio\n|-heal|p2a: Oricorio|238/266\n|-singleturn|p2a: Oricorio|move: Roost\n|\n|upkeep\n|turn|12\n|\n|t:|1781454773\n|move|p2a: Oricorio|Hurricane|p1a: Toxapex\n|-damage|p1a: Toxapex|86/216\n|-start|p1a: Toxapex|confusion\n|-activate|p1a: Toxapex|confusion\n|-damage|p1a: Toxapex|73/216|[from] confusion\n|\n|upkeep\n|turn|13\n|\n|t:|1781454778\n|switch|p1a: Carbink|Carbink, L90|119/236\n|move|p2a: Oricorio|Revelation Dance|p1a: Carbink\n|-damage|p1a: Carbink|34/236\n|\n|upkeep\n|turn|14\n|\n|t:|1781454781\n|move|p2a: Oricorio|Revelation Dance|p1a: Carbink\n|-damage|p1a: Carbink|0 fnt\n|faint|p1a: Carbink\n|\n|upkeep\n|\n|t:|1781454784\n|switch|p1a: Toxapex|Toxapex, L82, M|145/216\n|turn|15\n|\n|t:|1781454792\n|move|p2a: Oricorio|Hurricane|p1a: Toxapex\n|-damage|p1a: Toxapex|10/216\n|-start|p1a: Toxapex|confusion\n|-activate|p1a: Toxapex|confusion\n|-damage|p1a: Toxapex|0 fnt|[from] confusion\n|faint|p1a: Toxapex\n|\n|upkeep\n|c|\u2606redemption48|'ol\n|\n|t:|1781454806\n|switch|p1a: Spidops|Spidops, L96, M|271/271\n|turn|16\n|\n|t:|1781454812\n|move|p2a: Oricorio|Hurricane|p1a: Spidops|[miss]\n|-miss|p2a: Oricorio|p1a: Spidops\n|move|p1a: Spidops|U-turn|p2a: Oricorio\n|-resisted|p2a: Oricorio\n|-crit|p2a: Oricorio\n|-damage|p2a: Oricorio|201/266\n|\n|t:|1781454814\n|switch|p1a: Espeon|Espeon, L84, M|246/246|[from] U-turn\n|\n|upkeep\n|turn|17\n|\n|t:|1781454822\n|move|p2a: Oricorio|Revelation Dance|p1a: Espeon\n|-supereffective|p1a: Espeon\n|-damage|p1a: Espeon|0 fnt\n|faint|p1a: Espeon\n|\n|upkeep\n|l|\u2606redemption48\n|inactive|redemption48 disconnected and has a minute to reconnect!\n|player|p1|\n|inactive|redemption48 has 30 seconds to reconnect!\n|inactive|redemption48 has 20 seconds to reconnect!\n|inactive|redemption48 has 15 seconds to reconnect!\n|inactive|redemption48 has 10 seconds to reconnect!\n|inactive|redemption48 has 5 seconds to reconnect!\n|-message|redemption48 lost due to inactivity.\n|\n|win|rissoz\n", "inputlog": ">version a8376a258c1d4662feba110a92103f3664a72141\n>start {\"formatid\":\"gen9randombattle\",\"seed\":\"sodium,c2774c08639112b40fdecac4bb461a7f\",\"rated\":\"Rated battle\"}\n>player p1 {\"name\":\"redemption48\",\"avatar\":\"1\",\"rating\":1977,\"seed\":\"sodium,8ed6df2175c7bb246117a102bb61ea7f\"}\n>player p2 {\"name\":\"rissoz\",\"avatar\":\"101\",\"rating\":2060,\"seed\":\"sodium,8bb00a4cc5000e323e28033b7c85eb6d\"}\n>p1 move poltergeist\n>p2 switch 2\n>p1 move playrough\n>p2 move darkpulse\n>p2 switch 2\n>p1 move shadowsneak\n>p2 move revelationdance\n>p1 switch 4\n>p1 move swordsdance\n>p2 switch 3\n>p1 move closecombat terastallize\n>p2 move earthquake\n>p2 switch 5\n>p1 switch 5\n>p2 move bravebird\n>p1 switch 5\n>p2 switch 3\n>p1 move psychicfangs\n>p2 move quiverdance\n>p1 switch 5\n>p2 move hurricane\n>p1 move moonblast\n>p2 move roost\n>p1 switch 2\n>p2 move roost\n>p1 move haze\n>p2 move hurricane\n>p1 switch 2\n>p2 move revelationdance\n>p1 move moonblast\n>p2 move revelationdance\n>p1 switch 2\n>p1 move haze\n>p2 move hurricane\n>chat \u2606redemption48|'ol\n>p1 switch 3\n>p1 move uturn\n>p2 move hurricane\n>p1 switch 6\n>p1 move psyshock\n>p2 move revelationdance\n>forcelose p1", "uploadtime": 1781454668, "views": 4, "formatid": "gen9randombattle", "rating": null, "private": 0, "password": null}