{"id": "gen9randombattle-2631743895", "format": "[Gen 9] Random Battle", "players": ["pokemon theori", "Crysys1"], "log": "|j|\u2606pokemon theori\n|j|\u2606Crysys1\n|t:|1781432479\n|gametype|singles\n|player|p1|pokemon theori|giovanni|2013\n|player|p2|Crysys1|265|2129\n|gen|9\n|tier|[Gen 9] Random Battle\n|rated|\n|rule|Species Clause: Limit one of each Pok\u00e9mon\n|rule|HP Percentage Mod: HP is shown in percentages\n|rule|Sleep Clause Mod: Limit one foe put to sleep\n|rule|Illusion Level Mod: Illusion disguises the Pok\u00e9mon's true level\n|\n|t:|1781432479\n|teamsize|p1|6\n|teamsize|p2|6\n|start\n|switch|p1a: Gurdurr|Gurdurr, L85, F|283/283\n|switch|p2a: Rotom|Rotom-Fan, L86|226/226\n|turn|1\n|inactive|Battle timer is ON: inactive players will automatically lose when time's up. (requested by pokemon theori)\n|\n|t:|1781432499\n|move|p2a: Rotom|Nasty Plot|p2a: Rotom\n|-boost|p2a: Rotom|spa|2\n|move|p1a: Gurdurr|Knock Off|p2a: Rotom\n|-damage|p2a: Rotom|166/226\n|-enditem|p2a: Rotom|Heavy-Duty Boots|[from] move: Knock Off|[of] p1a: Gurdurr\n|\n|upkeep\n|turn|2\n|inactive|pokemon theori has 120 seconds left.\n|\n|t:|1781432530\n|switch|p1a: Latias|Latias, L79, F|256/256\n|move|p2a: Rotom|Air Slash|p1a: Latias\n|-damage|p1a: Latias|129/256\n|\n|upkeep\n|turn|3\n|\n|t:|1781432537\n|move|p1a: Latias|Calm Mind|p1a: Latias\n|-boost|p1a: Latias|spa|1\n|-boost|p1a: Latias|spd|1\n|move|p2a: Rotom|Air Slash|p1a: Latias\n|-damage|p1a: Latias|41/256\n|\n|upkeep\n|turn|4\n|inactive|pokemon theori has 120 seconds left.\n|\n|t:|1781432554\n|switch|p2a: Basculegion|Basculegion, L80, M|323/323\n|move|p1a: Latias|Recover|p1a: Latias\n|-heal|p1a: Latias|169/256\n|\n|upkeep\n|turn|5\n|\n|t:|1781432559\n|switch|p1a: Milotic|Milotic, L83, M|293/293\n|move|p2a: Basculegion|Shadow Ball|p1a: Milotic\n|-damage|p1a: Milotic|215/293\n|\n|-heal|p1a: Milotic|233/293|[from] item: Leftovers\n|upkeep\n|turn|6\n|inactive|pokemon theori has 120 seconds left.\n|\n|t:|1781432585\n|switch|p2a: Swalot|Swalot, L90, M|326/326\n|move|p1a: Milotic|Dragon Tail|p2a: Swalot\n|-damage|p2a: Swalot|298/326\n|drag|p2a: Great Tusk|Great Tusk, L77|304/304\n|\n|-heal|p1a: Milotic|251/293|[from] item: Leftovers\n|upkeep\n|turn|7\n|\n|t:|1781432599\n|-end|p2a: Great Tusk|Protosynthesis|[silent]\n|switch|p2a: Swalot|Swalot, L90, M|298/326\n|move|p1a: Milotic|Scald|p2a: Swalot\n|-damage|p2a: Swalot|214/326\n|\n|-heal|p1a: Milotic|269/293|[from] item: Leftovers\n|-heal|p2a: Swalot|234/326|[from] item: Leftovers\n|upkeep\n|turn|8\n|\n|t:|1781432615\n|switch|p1a: Gurdurr|Gurdurr, L85, F|283/283\n|move|p2a: Swalot|Toxic Spikes|p1a: Gurdurr\n|-sidestart|p1: pokemon theori|move: Toxic Spikes\n|\n|-heal|p2a: Swalot|254/326|[from] item: Leftovers\n|upkeep\n|turn|9\n|\n|t:|1781432623\n|move|p2a: Swalot|Knock Off|p1a: Gurdurr\n|-resisted|p1a: Gurdurr\n|-damage|p1a: Gurdurr|260/283\n|-enditem|p1a: Gurdurr|Eviolite|[from] move: Knock Off|[of] p2a: Swalot\n|move|p1a: Gurdurr|Knock Off|p2a: Swalot\n|-damage|p2a: Swalot|178/326\n|-enditem|p2a: Swalot|Leftovers|[from] move: Knock Off|[of] p1a: Gurdurr\n|\n|upkeep\n|turn|10\n|\n|t:|1781432633\n|move|p2a: Swalot|Pain Split|p1a: Gurdurr\n|-sethp|p1a: Gurdurr|219/283|[from] move: Pain Split|[silent]\n|-sethp|p2a: Swalot|219/326|[from] move: Pain Split\n|move|p1a: Gurdurr|Defog|p2a: Swalot\n|-unboost|p2a: Swalot|evasion|1\n|-sideend|p1: pokemon theori|Toxic Spikes|[from] move: Defog|[of] p1a: Gurdurr\n|\n|upkeep\n|turn|11\n|\n|t:|1781432637\n|switch|p1a: Ursaluna|Ursaluna-Bloodmoon, L79, M|308/308\n|move|p2a: Swalot|Toxic Spikes|p1a: Ursaluna\n|-sidestart|p1: pokemon theori|move: Toxic Spikes\n|\n|upkeep\n|turn|12\n|\n|t:|1781432645\n|move|p2a: Swalot|Knock Off|p1a: Ursaluna\n|-damage|p1a: Ursaluna|252/308\n|-enditem|p1a: Ursaluna|Leftovers|[from] move: Knock Off|[of] p2a: Swalot\n|move|p1a: Ursaluna|Calm Mind|p1a: Ursaluna\n|-boost|p1a: Ursaluna|spa|1\n|-boost|p1a: Ursaluna|spd|1\n|\n|upkeep\n|turn|13\n|\n|t:|1781432664\n|switch|p2a: Basculegion|Basculegion, L80, M|323/323\n|move|p1a: Ursaluna|Blood Moon|p2a: Basculegion\n|-damage|p2a: Basculegion|127/323\n|\n|upkeep\n|turn|14\n|\n|t:|1781432670\n|switch|p1a: Milotic|Milotic, L83, M|269/293\n|-status|p1a: Milotic|psn\n|move|p2a: Basculegion|Wave Crash|p1a: Milotic\n|-resisted|p1a: Milotic\n|-damage|p1a: Milotic|175/293 psn\n|-damage|p2a: Basculegion|96/323|[from] Recoil\n|\n|-heal|p1a: Milotic|193/293 psn|[from] item: Leftovers\n|-damage|p1a: Milotic|157/293 psn|[from] psn\n|upkeep\n|turn|15\n|\n|t:|1781432681\n|switch|p1a: Gurdurr|Gurdurr, L85, F|219/283\n|-status|p1a: Gurdurr|psn\n|switch|p2a: Swalot|Swalot, L90, M|219/326\n|\n|-damage|p1a: Gurdurr|184/283 psn|[from] psn\n|upkeep\n|turn|16\n|inactive|pokemon theori has 120 seconds left.\n|\n|t:|1781432704\n|switch|p1a: Latias|Latias, L79, F|169/256\n|move|p2a: Swalot|Sludge Bomb|p1a: Latias\n|-damage|p1a: Latias|99/256\n|\n|upkeep\n|turn|17\n|\n|t:|1781432713\n|-terastallize|p1a: Latias|Steel\n|move|p1a: Latias|Recover|p1a: Latias\n|-heal|p1a: Latias|227/256\n|move|p2a: Swalot|Knock Off|p1a: Latias\n|-crit|p1a: Latias\n|-damage|p1a: Latias|132/256\n|-enditem|p1a: Latias|Soul Dew|[from] move: Knock Off|[of] p2a: Swalot\n|\n|upkeep\n|turn|18\n|\n|t:|1781432722\n|switch|p2a: Hitmonlee|Hitmonlee, L85, M|223/223\n|move|p1a: Latias|Calm Mind|p1a: Latias\n|-boost|p1a: Latias|spa|1\n|-boost|p1a: Latias|spd|1\n|\n|upkeep\n|turn|19\n|\n|t:|1781432728\n|move|p2a: Hitmonlee|Mach Punch|p1a: Latias\n|-supereffective|p1a: Latias\n|-crit|p1a: Latias\n|-damage|p1a: Latias|0 fnt\n|faint|p1a: Latias\n|\n|upkeep\n|\n|t:|1781432734\n|switch|p1a: Gurdurr|Gurdurr, L85, F|184/283 psn\n|turn|20\n|\n|t:|1781432738\n|switch|p2a: Swalot|Swalot, L90, M|219/326\n|switch|p1a: Mandibuzz|Mandibuzz, L85, F|326/326\n|\n|upkeep\n|turn|21\n|\n|t:|1781432745\n|move|p1a: Mandibuzz|U-turn|p2a: Swalot\n|-resisted|p2a: Swalot\n|-damage|p2a: Swalot|200/326\n|\n|t:|1781432747\n|switch|p1a: Milotic|Milotic, L83, M|157/293 psn|[from] U-turn\n|move|p2a: Swalot|Pain Split|p1a: Milotic\n|-sethp|p1a: Milotic|178/293 psn|[from] move: Pain Split|[silent]\n|-sethp|p2a: Swalot|178/326|[from] move: Pain Split\n|\n|-heal|p1a: Milotic|196/293 psn|[from] item: Leftovers\n|-damage|p1a: Milotic|160/293 psn|[from] psn\n|upkeep\n|turn|22\n|\n|t:|1781432753\n|move|p1a: Milotic|Scald|p2a: Swalot\n|-damage|p2a: Swalot|91/326\n|move|p2a: Swalot|Knock Off|p1a: Milotic\n|-damage|p1a: Milotic|91/293 psn\n|-enditem|p1a: Milotic|Leftovers|[from] move: Knock Off|[of] p2a: Swalot\n|\n|-damage|p1a: Milotic|55/293 psn|[from] psn\n|upkeep\n|turn|23\n|\n|t:|1781432761\n|move|p1a: Milotic|Recover|p1a: Milotic\n|-heal|p1a: Milotic|202/293 psn\n|move|p2a: Swalot|Sludge Bomb|p1a: Milotic\n|-damage|p1a: Milotic|132/293 psn\n|\n|-damage|p1a: Milotic|96/293 psn|[from] psn\n|upkeep\n|turn|24\n|\n|t:|1781432766\n|switch|p2a: Rotom|Rotom-Fan, L86|166/226\n|move|p1a: Milotic|Recover|p1a: Milotic\n|-heal|p1a: Milotic|243/293 psn\n|\n|-damage|p1a: Milotic|207/293 psn|[from] psn\n|upkeep\n|turn|25\n|\n|t:|1781432770\n|move|p2a: Rotom|Nasty Plot|p2a: Rotom\n|-boost|p2a: Rotom|spa|2\n|move|p1a: Milotic|Ice Beam|p2a: Rotom\n|-supereffective|p2a: Rotom\n|-damage|p2a: Rotom|54/226\n|\n|-damage|p1a: Milotic|171/293 psn|[from] psn\n|upkeep\n|turn|26\n|\n|t:|1781432775\n|switch|p1a: Ursaluna|Ursaluna-Bloodmoon, L79, M|252/308\n|-status|p1a: Ursaluna|psn\n|move|p2a: Rotom|Thunderbolt|p1a: Ursaluna\n|-immune|p1a: Ursaluna\n|\n|-damage|p1a: Ursaluna|214/308 psn|[from] psn\n|upkeep\n|turn|27\n|\n|t:|1781432783\n|move|p1a: Ursaluna|Vacuum Wave|p2a: Rotom\n|-resisted|p2a: Rotom\n|-damage|p2a: Rotom|40/226\n|move|p2a: Rotom|Air Slash|p1a: Ursaluna\n|-damage|p1a: Ursaluna|0 fnt\n|faint|p1a: Ursaluna\n|\n|upkeep\n|-message|pokemon theori forfeited.\n|\n|win|Crysys1\n", "inputlog": ">version a8376a258c1d4662feba110a92103f3664a72141\n>start {\"formatid\":\"gen9randombattle\",\"seed\":\"sodium,a0c874f09bda4620b0e68e727ba2cff0\",\"rated\":\"Rated battle\"}\n>player p1 {\"name\":\"pokemon theori\",\"avatar\":\"giovanni\",\"rating\":2013,\"seed\":\"sodium,4169e987497ccca97a764e90dc4cdf4e\"}\n>player p2 {\"name\":\"Crysys1\",\"avatar\":\"265\",\"rating\":2129,\"seed\":\"sodium,a8b55eac630f951cd0fc5d4ab00c83c6\"}\n>p1 move knockoff\n>p2 move nastyplot\n>p1 switch 3\n>p2 move airslash\n>p1 move calmmind\n>p2 move airslash\n>p1 move recover\n>p2 switch 4\n>p1 switch 5\n>p2 move shadowball\n>p1 move dragontail\n>p2 switch 6\n>p1 move scald\n>p2 switch 5\n>p1 switch 3\n>p2 move toxicspikes\n>p1 move knockoff\n>p2 move knockoff\n>p1 move defog\n>p2 move painsplit\n>p1 switch 4\n>p2 move toxicspikes\n>p1 move calmmind\n>p2 move knockoff\n>p1 move bloodmoon\n>p2 switch 6\n>p1 switch 3\n>p2 move wavecrash\n>p1 switch 4\n>p2 switch 6\n>p1 switch 5\n>p2 move sludgebomb\n>p1 move recover terastallize\n>p2 move knockoff\n>p1 move calmmind\n>p2 switch 3\n>p1 move psyshock\n>p2 move machpunch\n>p1 switch 5\n>p1 switch 2\n>p2 switch 3\n>p1 move uturn\n>p2 move painsplit\n>p1 switch 4\n>p1 move scald\n>p2 move knockoff\n>p1 move recover\n>p2 move sludgebomb\n>p1 move recover\n>p2 switch 4\n>p1 move icebeam\n>p2 move nastyplot\n>p1 switch 3\n>p2 move thunderbolt\n>p1 move vacuumwave\n>p2 move airslash\n>forcelose p1", "uploadtime": 1781432480, "views": 4, "formatid": "gen9randombattle", "rating": null, "private": 0, "password": null}