{"id": "gen9randombattle-2631466858", "format": "[Gen 9] Random Battle", "players": ["Miridon-shadow", "Thzeroo"], "log": "|j|\u2606Miridon-shadow\n|j|\u2606Thzeroo\n|t:|1781388266\n|gametype|singles\n|player|p1|Miridon-shadow|169|1046\n|player|p2|Thzeroo|102|1008\n|gen|9\n|tier|[Gen 9] Random Battle\n|rated|\n|rule|Species Clause: Limit one of each Pok\u00e9mon\n|rule|HP Percentage Mod: HP is shown in percentages\n|rule|Sleep Clause Mod: Limit one foe put to sleep\n|rule|Illusion Level Mod: Illusion disguises the Pok\u00e9mon's true level\n|\n|t:|1781388266\n|teamsize|p1|6\n|teamsize|p2|6\n|start\n|switch|p1a: Hatterene|Hatterene, L85, F|236/236\n|switch|p2a: Cramorant|Cramorant, L86, M|261/261\n|turn|1\n|\n|t:|1781388281\n|move|p2a: Cramorant|Surf|p1a: Hatterene\n|-formechange|p2a: Cramorant|Cramorant-Gulping|\n|-damage|p1a: Hatterene|182/236\n|move|p1a: Hatterene|Nuzzle|p2a: Cramorant\n|-supereffective|p2a: Cramorant\n|-damage|p2a: Cramorant|185/261\n|-status|p2a: Cramorant|par\n|-damage|p1a: Hatterene|123/236|[from] ability: Gulp Missile|[of] p2a: Cramorant\n|-unboost|p1a: Hatterene|def|1\n|-formechange|p2a: Cramorant|Cramorant|\n|\n|upkeep\n|turn|2\n|\n|t:|1781388295\n|move|p1a: Hatterene|Nuzzle|p2a: Cramorant\n|-supereffective|p2a: Cramorant\n|-damage|p2a: Cramorant|101/261 par\n|move|p2a: Cramorant|Brave Bird|p1a: Hatterene\n|-damage|p1a: Hatterene|0 fnt\n|faint|p1a: Hatterene\n|-damage|p2a: Cramorant|60/261 par|[from] Recoil\n|\n|upkeep\n|\n|t:|1781388323\n|switch|p1a: Dondozo|Dondozo, L78, F|362/362\n|turn|3\n|\n|t:|1781388340\n|move|p1a: Dondozo|Curse|p1a: Dondozo\n|-unboost|p1a: Dondozo|spe|1\n|-boost|p1a: Dondozo|atk|1\n|-boost|p1a: Dondozo|def|1\n|move|p2a: Cramorant|Brave Bird|p1a: Dondozo\n|-damage|p1a: Dondozo|286/362\n|-damage|p2a: Cramorant|35/261 par|[from] Recoil\n|\n|-heal|p1a: Dondozo|308/362|[from] item: Leftovers\n|upkeep\n|turn|4\n|\n|t:|1781388352\n|move|p2a: Cramorant|Defog|p1a: Dondozo\n|-unboost|p1a: Dondozo|evasion|1\n|move|p1a: Dondozo|Curse|p1a: Dondozo\n|-unboost|p1a: Dondozo|spe|1\n|-boost|p1a: Dondozo|atk|1\n|-boost|p1a: Dondozo|def|1\n|\n|-heal|p1a: Dondozo|330/362|[from] item: Leftovers\n|upkeep\n|turn|5\n|\n|t:|1781388363\n|move|p2a: Cramorant|Roost|p2a: Cramorant\n|-heal|p2a: Cramorant|166/261 par\n|-singleturn|p2a: Cramorant|move: Roost\n|move|p1a: Dondozo|Curse|p1a: Dondozo\n|-unboost|p1a: Dondozo|spe|1\n|-boost|p1a: Dondozo|atk|1\n|-boost|p1a: Dondozo|def|1\n|\n|-heal|p1a: Dondozo|352/362|[from] item: Leftovers\n|upkeep\n|turn|6\n|\n|t:|1781388374\n|cant|p2a: Cramorant|par\n|move|p1a: Dondozo|Curse|p1a: Dondozo\n|-unboost|p1a: Dondozo|spe|1\n|-boost|p1a: Dondozo|atk|1\n|-boost|p1a: Dondozo|def|1\n|\n|-heal|p1a: Dondozo|362/362|[from] item: Leftovers\n|upkeep\n|turn|7\n|\n|t:|1781388385\n|move|p2a: Cramorant|Defog|p1a: Dondozo\n|-unboost|p1a: Dondozo|evasion|1\n|move|p1a: Dondozo|Curse|p1a: Dondozo\n|-unboost|p1a: Dondozo|spe|1\n|-boost|p1a: Dondozo|atk|1\n|-boost|p1a: Dondozo|def|1\n|\n|upkeep\n|turn|8\n|\n|t:|1781388393\n|move|p2a: Cramorant|Brave Bird|p1a: Dondozo\n|-damage|p1a: Dondozo|334/362\n|-damage|p2a: Cramorant|157/261 par|[from] Recoil\n|move|p1a: Dondozo|Curse|p1a: Dondozo\n|-unboost|p1a: Dondozo|spe|1\n|-boost|p1a: Dondozo|atk|1\n|-boost|p1a: Dondozo|def|1\n|\n|-heal|p1a: Dondozo|356/362|[from] item: Leftovers\n|upkeep\n|turn|9\n|\n|t:|1781388406\n|move|p2a: Cramorant|Defog|p1a: Dondozo\n|-unboost|p1a: Dondozo|evasion|1\n|move|p1a: Dondozo|Wave Crash|p2a: Cramorant\n|-resisted|p2a: Cramorant\n|-damage|p2a: Cramorant|0 fnt\n|faint|p2a: Cramorant\n|-damage|p1a: Dondozo|304/362|[from] Recoil\n|\n|-heal|p1a: Dondozo|326/362|[from] item: Leftovers\n|upkeep\n|\n|t:|1781388420\n|switch|p2a: Koraidon|Koraidon, L64|235/235\n|-weather|SunnyDay|[from] ability: Orichalcum Pulse|[of] p2a: Koraidon\n|-activate|p2a: Koraidon|Orichalcum Pulse|[source]\n|turn|10\n|\n|t:|1781388430\n|switch|p2a: Vileplume|Vileplume, L85, F|266/266\n|move|p1a: Dondozo|Wave Crash|p2a: Vileplume\n|-resisted|p2a: Vileplume\n|-damage|p2a: Vileplume|154/266\n|-damage|p1a: Dondozo|289/362|[from] Recoil\n|\n|-weather|SunnyDay|[upkeep]\n|-heal|p2a: Vileplume|170/266|[from] item: Leftovers\n|-heal|p1a: Dondozo|311/362|[from] item: Leftovers\n|upkeep\n|turn|11\n|\n|t:|1781388445\n|-terastallize|p1a: Dondozo|Fairy\n|move|p2a: Vileplume|Giga Drain|p1a: Dondozo\n|-damage|p1a: Dondozo|181/362\n|-heal|p2a: Vileplume|235/266|[from] drain|[of] p1a: Dondozo\n|move|p1a: Dondozo|Wave Crash|p2a: Vileplume\n|-resisted|p2a: Vileplume\n|-damage|p2a: Vileplume|123/266\n|-damage|p1a: Dondozo|144/362|[from] Recoil\n|\n|-weather|SunnyDay|[upkeep]\n|-heal|p2a: Vileplume|139/266|[from] item: Leftovers\n|-heal|p1a: Dondozo|166/362|[from] item: Leftovers\n|upkeep\n|turn|12\n|\n|t:|1781388458\n|move|p2a: Vileplume|Giga Drain|p1a: Dondozo\n|-damage|p1a: Dondozo|46/362\n|-heal|p2a: Vileplume|199/266|[from] drain|[of] p1a: Dondozo\n|move|p1a: Dondozo|Rest|p1a: Dondozo\n|-status|p1a: Dondozo|slp|[from] move: Rest\n|-heal|p1a: Dondozo|362/362 slp|[silent]\n|\n|-weather|SunnyDay|[upkeep]\n|-heal|p2a: Vileplume|215/266|[from] item: Leftovers\n|upkeep\n|turn|13\n|\n|t:|1781388473\n|move|p2a: Vileplume|Giga Drain|p1a: Dondozo\n|-damage|p1a: Dondozo|245/362 slp\n|-heal|p2a: Vileplume|266/266|[from] drain|[of] p1a: Dondozo\n|cant|p1a: Dondozo|slp\n|move|p1a: Dondozo|Sleep Talk|p1a: Dondozo\n|move|p1a: Dondozo|Rest||[from] move: Sleep Talk|[still]\n|-fail|p1a: Dondozo\n|\n|-weather|SunnyDay|[upkeep]\n|-heal|p1a: Dondozo|267/362 slp|[from] item: Leftovers\n|upkeep\n|turn|14\n|\n|t:|1781388486\n|move|p2a: Vileplume|Strength Sap|p1a: Dondozo\n|-unboost|p1a: Dondozo|atk|1\n|cant|p1a: Dondozo|slp\n|move|p1a: Dondozo|Sleep Talk|p1a: Dondozo\n|move|p1a: Dondozo|Wave Crash|p2a: Vileplume|[from] move: Sleep Talk\n|-resisted|p2a: Vileplume\n|-damage|p2a: Vileplume|160/266\n|-damage|p1a: Dondozo|232/362 slp|[from] Recoil\n|\n|-weather|none\n|-heal|p2a: Vileplume|176/266|[from] item: Leftovers\n|-heal|p1a: Dondozo|254/362 slp|[from] item: Leftovers\n|upkeep\n|turn|15\n|\n|t:|1781388500\n|move|p2a: Vileplume|Giga Drain|p1a: Dondozo\n|-crit|p1a: Dondozo\n|-damage|p1a: Dondozo|71/362 slp\n|-heal|p2a: Vileplume|266/266|[from] drain|[of] p1a: Dondozo\n|-curestatus|p1a: Dondozo|slp|[msg]\n|move|p1a: Dondozo|Sleep Talk||[still]\n|-fail|p1a: Dondozo\n|\n|-heal|p1a: Dondozo|93/362|[from] item: Leftovers\n|upkeep\n|turn|16\n|\n|t:|1781388513\n|switch|p1a: Salamence|Salamence, L77, F|273/273\n|move|p2a: Vileplume|Giga Drain|p1a: Salamence\n|-resisted|p1a: Salamence\n|-damage|p1a: Salamence|248/273\n|\n|upkeep\n|turn|17\n|\n|t:|1781388527\n|switch|p2a: Magearna|Magearna, L77|250/250\n|move|p1a: Salamence|Dual Wingbeat|p2a: Magearna\n|-resisted|p2a: Magearna\n|-damage|p2a: Magearna|229/250\n|-resisted|p2a: Magearna\n|-damage|p2a: Magearna|208/250\n|-hitcount|p2a: Magearna|2\n|\n|-heal|p2a: Magearna|223/250|[from] item: Leftovers\n|upkeep\n|turn|18\n|\n|t:|1781388542\n|move|p1a: Salamence|Earthquake|p2a: Magearna\n|-supereffective|p2a: Magearna\n|-crit|p2a: Magearna\n|-damage|p2a: Magearna|5/250\n|move|p2a: Magearna|Fleur Cannon|p1a: Salamence\n|-supereffective|p1a: Salamence\n|-damage|p1a: Salamence|0 fnt\n|-unboost|p2a: Magearna|spa|2\n|faint|p1a: Salamence\n|-ability|p2a: Magearna|Soul-Heart|boost\n|-boost|p2a: Magearna|spa|1\n|\n|-heal|p2a: Magearna|20/250|[from] item: Leftovers\n|upkeep\n|\n|t:|1781388576\n|switch|p1a: Hitmontop|Hitmontop, L88, M|231/231\n|-ability|p1a: Hitmontop|Intimidate|boost\n|-unboost|p2a: Magearna|atk|1\n|turn|19\n|\n|t:|1781388595\n|switch|p2a: Dusknoir|Dusknoir, L89, M|225/225\n|-item|p1a: Hitmontop|Assault Vest|[from] ability: Frisk|[of] p2a: Dusknoir\n|move|p1a: Hitmontop|Earthquake|p2a: Dusknoir\n|-damage|p2a: Dusknoir|170/225\n|\n|-heal|p2a: Dusknoir|184/225|[from] item: Leftovers\n|upkeep\n|turn|20\n|\n|t:|1781388607\n|switch|p1a: Gogoat|Gogoat, L88, M|360/360\n|move|p2a: Dusknoir|Shadow Sneak|p1a: Gogoat\n|-damage|p1a: Gogoat|302/360\n|\n|-heal|p1a: Gogoat|324/360|[from] item: Leftovers\n|-heal|p2a: Dusknoir|198/225|[from] item: Leftovers\n|upkeep\n|turn|21\n|\n|t:|1781388621\n|switch|p2a: Koraidon|Koraidon, L64|235/235\n|-weather|SunnyDay|[from] ability: Orichalcum Pulse|[of] p2a: Koraidon\n|-activate|p2a: Koraidon|Orichalcum Pulse|[source]\n|move|p1a: Gogoat|Bulk Up|p1a: Gogoat\n|-boost|p1a: Gogoat|atk|1\n|-boost|p1a: Gogoat|def|1\n|\n|-weather|SunnyDay|[upkeep]\n|-heal|p1a: Gogoat|346/360|[from] item: Leftovers\n|upkeep\n|turn|22\n|\n|t:|1781388638\n|move|p2a: Koraidon|Flare Blitz|p1a: Gogoat\n|-supereffective|p1a: Gogoat\n|-damage|p1a: Gogoat|20/360\n|-damage|p2a: Koraidon|127/235|[from] Recoil\n|move|p1a: Gogoat|Horn Leech|p2a: Koraidon\n|-resisted|p2a: Koraidon\n|-damage|p2a: Koraidon|53/235\n|-heal|p1a: Gogoat|57/360|[from] drain|[of] p2a: Koraidon\n|\n|-weather|SunnyDay|[upkeep]\n|-heal|p1a: Gogoat|79/360|[from] item: Leftovers\n|upkeep\n|turn|23\n|\n|t:|1781388661\n|switch|p1a: Dondozo|Dondozo, L78, F, tera:Fairy|93/362\n|move|p2a: Koraidon|Flare Blitz|p1a: Dondozo\n|-damage|p1a: Dondozo|0 fnt\n|faint|p1a: Dondozo\n|-damage|p2a: Koraidon|22/235|[from] Recoil\n|\n|-weather|SunnyDay|[upkeep]\n|upkeep\n|\n|t:|1781388672\n|switch|p1a: Hitmontop|Hitmontop, L88, M|231/231\n|-ability|p1a: Hitmontop|Intimidate|boost\n|-unboost|p2a: Koraidon|atk|1\n|turn|24\n|\n|t:|1781388690\n|switch|p2a: Dusknoir|Dusknoir, L89, M|198/225\n|-item|p1a: Hitmontop|Assault Vest|[from] ability: Frisk|[of] p2a: Dusknoir\n|move|p1a: Hitmontop|Earthquake|p2a: Dusknoir\n|-damage|p2a: Dusknoir|143/225\n|\n|-weather|SunnyDay|[upkeep]\n|-heal|p2a: Dusknoir|157/225|[from] item: Leftovers\n|upkeep\n|turn|25\n|\n|t:|1781388704\n|switch|p1a: Qwilfish|Qwilfish-Hisui, L83, F|244/244\n|-ability|p1a: Qwilfish|Intimidate|boost\n|-unboost|p2a: Dusknoir|atk|1\n|move|p2a: Dusknoir|Shadow Sneak|p1a: Qwilfish\n|-resisted|p1a: Qwilfish\n|-damage|p1a: Qwilfish|234/244\n|\n|-weather|none\n|-heal|p2a: Dusknoir|171/225|[from] item: Leftovers\n|upkeep\n|turn|26\n|\n|t:|1781388716\n|switch|p2a: Vileplume|Vileplume, L85, F|266/266\n|move|p1a: Qwilfish|Toxic Spikes|p2a: Vileplume\n|-sidestart|p2: Thzeroo|move: Toxic Spikes\n|\n|upkeep\n|turn|27\n|\n|t:|1781388734\n|move|p1a: Qwilfish|Spikes|p2a: Vileplume\n|-sidestart|p2: Thzeroo|Spikes\n|move|p2a: Vileplume|Giga Drain|p1a: Qwilfish\n|-resisted|p1a: Qwilfish\n|-damage|p1a: Qwilfish|192/244\n|\n|upkeep\n|turn|28\n|\n|t:|1781388743\n|move|p1a: Qwilfish|Gunk Shot|p2a: Vileplume\n|-damage|p2a: Vileplume|146/266\n|move|p2a: Vileplume|Sludge Bomb|p1a: Qwilfish\n|-resisted|p1a: Qwilfish\n|-damage|p1a: Qwilfish|137/244\n|\n|-heal|p2a: Vileplume|162/266|[from] item: Leftovers\n|upkeep\n|turn|29\n|\n|t:|1781388752\n|move|p1a: Qwilfish|Gunk Shot|p2a: Vileplume\n|-damage|p2a: Vileplume|47/266\n|move|p2a: Vileplume|Giga Drain|p1a: Qwilfish\n|-resisted|p1a: Qwilfish\n|-crit|p1a: Qwilfish\n|-damage|p1a: Qwilfish|73/244\n|-heal|p2a: Vileplume|79/266|[from] drain|[of] p1a: Qwilfish\n|\n|-heal|p2a: Vileplume|95/266|[from] item: Leftovers\n|upkeep\n|turn|30\n|\n|t:|1781388764\n|move|p1a: Qwilfish|Gunk Shot|p2a: Vileplume\n|-damage|p2a: Vileplume|0 fnt\n|faint|p2a: Vileplume\n|\n|upkeep\n|\n|t:|1781388773\n|switch|p2a: Dusknoir|Dusknoir, L89, M|171/225\n|-status|p2a: Dusknoir|psn\n|-damage|p2a: Dusknoir|143/225 psn|[from] Spikes\n|-item|p1a: Qwilfish|Eviolite|[from] ability: Frisk|[of] p2a: Dusknoir\n|turn|31\n|\n|t:|1781388781\n|move|p1a: Qwilfish|Crunch|p2a: Dusknoir\n|-supereffective|p2a: Dusknoir\n|-damage|p2a: Dusknoir|33/225 psn\n|move|p2a: Dusknoir|Poltergeist|p1a: Qwilfish|[miss]\n|-miss|p2a: Dusknoir|p1a: Qwilfish\n|\n|-heal|p2a: Dusknoir|47/225 psn|[from] item: Leftovers\n|-damage|p2a: Dusknoir|19/225 psn|[from] psn\n|upkeep\n|turn|32\n|\n|t:|1781388799\n|move|p1a: Qwilfish|Crunch|p2a: Dusknoir\n|-supereffective|p2a: Dusknoir\n|-damage|p2a: Dusknoir|0 fnt\n|faint|p2a: Dusknoir\n|\n|upkeep\n|\n|t:|1781388806\n|switch|p2a: Eelektross|Eelektross, L87, M|290/290\n|turn|33\n|\n|t:|1781388827\n|move|p1a: Qwilfish|Gunk Shot|p2a: Eelektross\n|-damage|p2a: Eelektross|157/290\n|move|p2a: Eelektross|Drain Punch|p1a: Qwilfish\n|-crit|p1a: Qwilfish\n|-damage|p1a: Qwilfish|6/244\n|-heal|p2a: Eelektross|191/290|[from] drain|[of] p1a: Qwilfish\n|\n|-heal|p2a: Eelektross|209/290|[from] item: Leftovers\n|upkeep\n|turn|34\n|\n|t:|1781388840\n|move|p1a: Qwilfish|Gunk Shot|p2a: Eelektross\n|-damage|p2a: Eelektross|74/290\n|-status|p2a: Eelektross|psn\n|move|p2a: Eelektross|Fire Punch|p1a: Qwilfish\n|-damage|p1a: Qwilfish|0 fnt\n|faint|p1a: Qwilfish\n|\n|-heal|p2a: Eelektross|92/290 psn|[from] item: Leftovers\n|-damage|p2a: Eelektross|56/290 psn|[from] psn\n|upkeep\n|\n|t:|1781388858\n|switch|p1a: Gogoat|Gogoat, L88, M|79/360\n|turn|35\n|\n|t:|1781388866\n|move|p1a: Gogoat|Milk Drink|p1a: Gogoat\n|-heal|p1a: Gogoat|259/360\n|move|p2a: Eelektross|Supercell Slam|p1a: Gogoat\n|-resisted|p1a: Gogoat\n|-damage|p1a: Gogoat|181/360\n|\n|-heal|p1a: Gogoat|203/360|[from] item: Leftovers\n|-heal|p2a: Eelektross|74/290 psn|[from] item: Leftovers\n|-damage|p2a: Eelektross|38/290 psn|[from] psn\n|upkeep\n|turn|36\n|\n|t:|1781388879\n|move|p1a: Gogoat|Milk Drink|p1a: Gogoat\n|-heal|p1a: Gogoat|360/360\n|move|p2a: Eelektross|Fire Punch|p1a: Gogoat\n|-supereffective|p1a: Gogoat\n|-damage|p1a: Gogoat|206/360\n|\n|-heal|p1a: Gogoat|228/360|[from] item: Leftovers\n|-heal|p2a: Eelektross|56/290 psn|[from] item: Leftovers\n|-damage|p2a: Eelektross|20/290 psn|[from] psn\n|upkeep\n|turn|37\n|\n|t:|1781388893\n|move|p1a: Gogoat|Horn Leech|p2a: Eelektross\n|-damage|p2a: Eelektross|0 fnt\n|-heal|p1a: Gogoat|238/360|[from] drain|[of] p2a: Eelektross\n|faint|p2a: Eelektross\n|\n|-heal|p1a: Gogoat|260/360|[from] item: Leftovers\n|upkeep\n|\n|t:|1781388902\n|switch|p2a: Koraidon|Koraidon, L64|22/235\n|-status|p2a: Koraidon|psn\n|-damage|p2a: Koraidon|0 fnt|[from] Spikes\n|faint|p2a: Koraidon\n|\n|t:|1781388909\n|switch|p2a: Magearna|Magearna, L77|20/250\n|-damage|p2a: Magearna|0 fnt|[from] Spikes\n|faint|p2a: Magearna\n|\n|win|Miridon-shadow\n|raw|Miridon-shadow's rating: 1046 &rarr; <strong>1075</strong><br />(+29 for winning)\n|raw|Thzeroo's rating: 1008 &rarr; <strong>1000</strong><br />(-8 for losing)\n|l|\u2606Thzeroo\n|player|p2|\n", "inputlog": ">version a8376a258c1d4662feba110a92103f3664a72141\n>start {\"formatid\":\"gen9randombattle\",\"seed\":\"sodium,ece05b4b4b89b017fa7053922a0fd9e7\",\"rated\":\"Rated battle\"}\n>player p1 {\"name\":\"Miridon-shadow\",\"avatar\":\"169\",\"rating\":1046,\"seed\":\"sodium,8a057f9fdd2e1848f4535acd4a3c0ef5\"}\n>player p2 {\"name\":\"Thzeroo\",\"avatar\":\"102\",\"rating\":1008,\"seed\":\"sodium,8b8b97c53f4f94a2d38d63a3fd25f054\"}\n>p1 move nuzzle\n>p2 move surf\n>p1 move nuzzle\n>p2 move bravebird\n>p1 switch 3\n>p1 move curse\n>p2 move bravebird\n>p1 move curse\n>p2 move defog\n>p1 move curse\n>p2 move roost\n>p1 move curse\n>p2 move roost\n>p1 move curse\n>p2 move defog\n>p1 move curse\n>p2 move bravebird\n>p1 move wavecrash\n>p2 move defog\n>p2 switch 6\n>p1 move wavecrash\n>p2 switch 3\n>p1 move wavecrash terastallize\n>p2 move gigadrain\n>p1 move rest\n>p2 move gigadrain\n>p1 move sleeptalk\n>p2 move gigadrain\n>p1 move sleeptalk\n>p2 move strengthsap\n>p1 move sleeptalk\n>p2 move gigadrain\n>p1 switch 4\n>p2 move gigadrain\n>p1 move dualwingbeat\n>p2 switch 5\n>p1 move earthquake\n>p2 move fleurcannon\n>p1 switch 5\n>p1 move earthquake\n>p2 switch 2\n>p1 switch 6\n>p2 move shadowsneak\n>p1 move bulkup\n>p2 switch 3\n>p1 move hornleech\n>p2 move flareblitz\n>p1 switch 4\n>p2 move flareblitz\n>p1 switch 6\n>p1 move earthquake\n>p2 switch 3\n>p1 switch 2\n>p2 move shadowsneak\n>p1 move toxicspikes\n>p2 switch 5\n>p1 move spikes\n>p2 move gigadrain\n>p1 move gunkshot\n>p2 move sludgebomb\n>p1 move gunkshot\n>p2 move gigadrain\n>p1 move gunkshot\n>p2 move gigadrain\n>p2 switch 5\n>p1 move crunch\n>p2 move poltergeist\n>p1 move crunch\n>p2 move painsplit\n>p2 switch 4\n>p1 move gunkshot\n>p2 move drainpunch\n>p1 move gunkshot\n>p2 move firepunch\n>p1 switch 4\n>p1 move milkdrink\n>p2 move supercellslam\n>p1 move milkdrink\n>p2 move firepunch\n>p1 move hornleech\n>p2 move firepunch\n>p2 switch 3\n>p2 switch 2", "uploadtime": 1781388917, "views": 5, "formatid": "gen9randombattle", "rating": 1000, "private": 0, "password": null, "player_dets": [{"name": "Miridon-shadow", "avatar": "169", "rating": 1046, "seed": "sodium,8a057f9fdd2e1848f4535acd4a3c0ef5"}, {"name": "Thzeroo", "avatar": "102", "rating": 1008, "seed": "sodium,8b8b97c53f4f94a2d38d63a3fd25f054"}], "teams_full": [{"Hatterene": {"name": "Hatterene", "species": "Hatterene", "speciesId": "hatterene", "gender": "F", "shiny": false, "level": 85, "moves": ["drainingkiss", "psychicnoise", "nuzzle", "mysticalfire"], "ability": "Magic Bounce", "evs": {"hp": 85, "atk": 85, "def": 85, "spa": 85, "spd": 85, "spe": 85}, "ivs": {"hp": 31, "atk": 31, "def": 31, "spa": 31, "spd": 31, "spe": 31}, "item": "Assault Vest", "teraType": "Fairy", "role": "AV Pivot", "bvs": {"hp": 57, "atk": 90, "def": 95, "spa": 136, "spd": 103, "spe": 29}, "stats": {"hp": 236, "atk": 202, "def": 210, "spa": 280, "spd": 224, "spe": 98}, "types": ["Psychic", "Fairy"]}, "Qwilfish": {"name": "Qwilfish", "species": "Qwilfish-Hisui", "speciesId": "qwilfishhisui", "gender": "F", "shiny": false, "level": 83, "moves": ["spikes", "crunch", "toxicspikes", "gunkshot"], "ability": "Intimidate", "evs": {"hp": 85, "atk": 85, "def": 85, "spa": 85, "spd": 85, "spe": 85}, "ivs": {"hp": 31, "atk": 31, "def": 31, "spa": 31, "spd": 31, "spe": 31}, "item": "Eviolite", "teraType": "Poison", "role": "Bulky Support", "bvs": {"hp": 65, "atk": 95, "def": 85, "spa": 55, "spd": 55, "spe": 85}, "stats": {"hp": 244, "atk": 205, "def": 189, "spa": 139, "spd": 139, "spe": 189}, "types": ["Dark", "Poison"]}, "Dondozo": {"name": "Dondozo", "species": "Dondozo", "speciesId": "dondozo", "gender": "F", "shiny": false, "level": 78, "moves": ["rest", "curse", "wavecrash", "sleeptalk"], "ability": "Unaware", "evs": {"hp": 85, "atk": 85, "def": 85, "spa": 85, "spd": 85, "spe": 85}, "ivs": {"hp": 31, "atk": 31, "def": 31, "spa": 31, "spd": 31, "spe": 31}, "item": "Leftovers", "teraType": "Fairy", "role": "Bulky Setup", "bvs": {"hp": 150, "atk": 100, "def": 115, "spa": 65, "spd": 65, "spe": 35}, "stats": {"hp": 362, "atk": 201, "def": 224, "spa": 146, "spd": 146, "spe": 100}, "types": ["Water"]}, "Salamence": {"name": "Salamence", "species": "Salamence", "speciesId": "salamence", "gender": "F", "shiny": false, "level": 77, "moves": ["dragondance", "earthquake", "dualwingbeat", "outrage"], "ability": "Moxie", "evs": {"hp": 85, "atk": 85, "def": 85, "spa": 85, "spd": 85, "spe": 85}, "ivs": {"hp": 31, "atk": 31, "def": 31, "spa": 31, "spd": 31, "spe": 31}, "item": "Heavy-Duty Boots", "teraType": "Ground", "role": "Setup Sweeper", "bvs": {"hp": 95, "atk": 135, "def": 80, "spa": 110, "spd": 80, "spe": 100}, "stats": {"hp": 273, "atk": 252, "def": 168, "spa": 214, "spd": 168, "spe": 199}, "types": ["Dragon", "Flying"]}, "Hitmontop": {"name": "Hitmontop", "species": "Hitmontop", "speciesId": "hitmontop", "gender": "M", "shiny": false, "level": 88, "moves": ["closecombat", "stoneedge", "earthquake", "rapidspin"], "ability": "Intimidate", "evs": {"hp": 85, "atk": 85, "def": 85, "spa": 85, "spd": 85, "spe": 85}, "ivs": {"hp": 31, "atk": 31, "def": 31, "spa": 31, "spd": 31, "spe": 31}, "item": "Assault Vest", "teraType": "Steel", "role": "Bulky Support", "bvs": {"hp": 50, "atk": 95, "def": 95, "spa": 35, "spd": 110, "spe": 70}, "stats": {"hp": 231, "atk": 217, "def": 217, "spa": 112, "spd": 244, "spe": 173}, "types": ["Fighting"]}, "Gogoat": {"name": "Gogoat", "species": "Gogoat", "speciesId": "gogoat", "gender": "M", "shiny": false, "level": 88, "moves": ["bulkup", "rockslide", "hornleech", "milkdrink"], "ability": "Sap Sipper", "evs": {"hp": 85, "atk": 85, "def": 85, "spa": 85, "spd": 85, "spe": 85}, "ivs": {"hp": 31, "atk": 31, "def": 31, "spa": 31, "spd": 31, "spe": 31}, "item": "Leftovers", "teraType": "Water", "role": "Bulky Setup", "bvs": {"hp": 123, "atk": 100, "def": 62, "spa": 97, "spd": 81, "spe": 68}, "stats": {"hp": 360, "atk": 226, "def": 159, "spa": 221, "spd": 193, "spe": 170}, "types": ["Grass"]}}, {"Cramorant": {"name": "Cramorant", "species": "Cramorant", "speciesId": "cramorant", "gender": "M", "shiny": false, "level": 86, "moves": ["bravebird", "surf", "defog", "roost"], "ability": "Gulp Missile", "evs": {"hp": 85, "atk": 85, "def": 85, "spa": 85, "spd": 85, "spe": 85}, "ivs": {"hp": 31, "atk": 31, "def": 31, "spa": 31, "spd": 31, "spe": 31}, "item": "Heavy-Duty Boots", "teraType": "Ground", "role": "Bulky Support", "bvs": {"hp": 70, "atk": 85, "def": 55, "spa": 85, "spd": 95, "spe": 85}, "stats": {"hp": 261, "atk": 195, "def": 144, "spa": 195, "spd": 213, "spe": 195}, "types": ["Flying", "Water"]}, "Dusknoir": {"name": "Dusknoir", "species": "Dusknoir", "speciesId": "dusknoir", "gender": "M", "shiny": false, "level": 89, "moves": ["shadowsneak", "willowisp", "painsplit", "poltergeist"], "ability": "Frisk", "evs": {"hp": 85, "atk": 85, "def": 85, "spa": 85, "spd": 85, "spe": 85}, "ivs": {"hp": 31, "atk": 31, "def": 31, "spa": 31, "spd": 31, "spe": 31}, "item": "Leftovers", "teraType": "Dark", "role": "Bulky Support", "bvs": {"hp": 45, "atk": 100, "def": 135, "spa": 65, "spd": 135, "spe": 45}, "stats": {"hp": 225, "atk": 229, "def": 291, "spa": 166, "spd": 291, "spe": 131}, "types": ["Ghost"]}, "Vileplume": {"name": "Vileplume", "species": "Vileplume", "speciesId": "vileplume", "gender": "F", "shiny": false, "level": 85, "moves": ["gigadrain", "strengthsap", "sludgebomb", "leechseed"], "ability": "Effect Spore", "evs": {"hp": 85, "atk": 0, "def": 85, "spa": 85, "spd": 85, "spe": 85}, "ivs": {"hp": 31, "atk": 0, "def": 31, "spa": 31, "spd": 31, "spe": 31}, "item": "Leftovers", "teraType": "Water", "role": "Bulky Attacker", "bvs": {"hp": 75, "atk": 80, "def": 85, "spa": 110, "spd": 90, "spe": 50}, "stats": {"hp": 266, "atk": 141, "def": 193, "spa": 236, "spd": 202, "spe": 134}, "types": ["Grass", "Poison"]}, "Eelektross": {"name": "Eelektross", "species": "Eelektross", "speciesId": "eelektross", "gender": "M", "shiny": false, "level": 87, "moves": ["coil", "supercellslam", "firepunch", "drainpunch"], "ability": "Levitate", "evs": {"hp": 85, "atk": 85, "def": 85, "spa": 85, "spd": 85, "spe": 85}, "ivs": {"hp": 31, "atk": 31, "def": 31, "spa": 31, "spd": 31, "spe": 31}, "item": "Leftovers", "teraType": "Fighting", "role": "Bulky Setup", "bvs": {"hp": 85, "atk": 115, "def": 80, "spa": 105, "spd": 80, "spe": 50}, "stats": {"hp": 290, "atk": 250, "def": 189, "spa": 232, "spd": 189, "spe": 137}, "types": ["Electric"]}, "Magearna": {"name": "Magearna", "species": "Magearna", "speciesId": "magearna", "gender": "N", "shiny": false, "level": 77, "moves": ["painsplit", "fleurcannon", "voltswitch", "flashcannon"], "ability": "Soul-Heart", "evs": {"hp": 85, "atk": 0, "def": 85, "spa": 85, "spd": 85, "spe": 85}, "ivs": {"hp": 31, "atk": 0, "def": 31, "spa": 31, "spd": 31, "spe": 31}, "item": "Leftovers", "teraType": "Water", "role": "Bulky Attacker", "bvs": {"hp": 80, "atk": 95, "def": 115, "spa": 130, "spd": 115, "spe": 65}, "stats": {"hp": 250, "atk": 151, "def": 222, "spa": 245, "spd": 222, "spe": 145}, "types": ["Steel", "Fairy"]}, "Koraidon": {"name": "Koraidon", "species": "Koraidon", "speciesId": "koraidon", "gender": "N", "shiny": false, "level": 64, "moves": ["closecombat", "outrage", "flareblitz", "uturn"], "ability": "Orichalcum Pulse", "evs": {"hp": 85, "atk": 85, "def": 85, "spa": 85, "spd": 85, "spe": 85}, "ivs": {"hp": 31, "atk": 31, "def": 31, "spa": 31, "spd": 31, "spe": 31}, "item": "Choice Band", "teraType": "Fire", "role": "Fast Attacker", "bvs": {"hp": 100, "atk": 135, "def": 115, "spa": 85, "spd": 100, "spe": 135}, "stats": {"hp": 235, "atk": 211, "def": 185, "spa": 147, "spd": 166, "spe": 211}, "types": ["Fighting", "Dragon"]}}]}