{"id": "gen9randombattle-2631662714", "format": "[Gen 9] Random Battle", "players": ["st0n pat0n", "zimu12122"], "log": "|j|\u2606st0n pat0n\n|j|\u2606zimu12122\n|t:|1781417174\n|gametype|singles\n|player|p1|st0n pat0n|pokemonbreeder-gen4|1369\n|player|p2|zimu12122|caitlin|1403\n|gen|9\n|tier|[Gen 9] Random Battle\n|rated|\n|rule|Species Clause: Limit one of each Pok\u00e9mon\n|rule|HP Percentage Mod: HP is shown in percentages\n|rule|Sleep Clause Mod: Limit one foe put to sleep\n|rule|Illusion Level Mod: Illusion disguises the Pok\u00e9mon's true level\n|\n|t:|1781417174\n|teamsize|p1|6\n|teamsize|p2|6\n|start\n|switch|p1a: Arboliva|Arboliva, L91, M|290/290\n|switch|p2a: Rillaboom|Rillaboom, L79, F|288/288\n|-fieldstart|move: Grassy Terrain|[from] ability: Grassy Surge|[of] p2a: Rillaboom\n|turn|1\n|inactive|Battle timer is ON: inactive players will automatically lose when time's up. (requested by st0n pat0n)\n|inactive|zimu12122 also wants the timer to be on.\n|\n|t:|1781417193\n|move|p2a: Rillaboom|Swords Dance|p2a: Rillaboom\n|-boost|p2a: Rillaboom|atk|2\n|move|p1a: Arboliva|Strength Sap|p2a: Rillaboom\n|-unboost|p2a: Rillaboom|atk|1\n|\n|upkeep\n|turn|2\n|\n|t:|1781417199\n|move|p2a: Rillaboom|Knock Off|p1a: Arboliva\n|-damage|p1a: Arboliva|164/290\n|-enditem|p1a: Arboliva|Leftovers|[from] move: Knock Off|[of] p2a: Rillaboom\n|-damage|p2a: Rillaboom|260/288|[from] item: Life Orb\n|move|p1a: Arboliva|Hyper Voice|p2a: Rillaboom\n|-damage|p2a: Rillaboom|77/288\n|\n|-heal|p2a: Rillaboom|95/288|[from] Grassy Terrain\n|-heal|p1a: Arboliva|182/290|[from] Grassy Terrain\n|upkeep\n|turn|3\n|\n|t:|1781417208\n|switch|p2a: Slowking|Slowking-Galar, L85, M|300/300\n|move|p1a: Arboliva|Strength Sap|p2a: Slowking\n|-unboost|p2a: Slowking|atk|1\n|-heal|p1a: Arboliva|290/290\n|\n|upkeep\n|turn|4\n|\n|t:|1781417216\n|switch|p1a: Revavroom|Revavroom, L79, M|256/256\n|move|p2a: Slowking|Psychic Noise|p1a: Revavroom\n|-damage|p1a: Revavroom|127/256\n|-start|p1a: Revavroom|move: Heal Block\n|\n|upkeep\n|turn|5\n|inactive|st0n pat0n has 120 seconds left.\n|\n|t:|1781417250\n|move|p1a: Revavroom|High Horsepower|p2a: Slowking\n|-supereffective|p2a: Slowking\n|-damage|p2a: Slowking|108/300\n|-damage|p1a: Revavroom|102/256|[from] item: Life Orb\n|move|p2a: Slowking|Fire Blast|p1a: Revavroom\n|-supereffective|p1a: Revavroom\n|-damage|p1a: Revavroom|0 fnt\n|faint|p1a: Revavroom\n|\n|-heal|p2a: Slowking|126/300|[from] Grassy Terrain\n|-heal|p2a: Slowking|144/300|[from] item: Leftovers\n|-fieldend|move: Grassy Terrain\n|upkeep\n|inactive|st0n pat0n has 120 seconds left.\n|\n|t:|1781417273\n|switch|p1a: Minior|Minior-Orange, L79|224/224\n|-formechange|p1a: Minior|Minior-Meteor||[from] ability: Shields Down\n|turn|6\n|\n|t:|1781417296\n|switch|p2a: Arceus|Arceus-Steel, L70|284/284\n|move|p1a: Minior|Shell Smash|p1a: Minior\n|-unboost|p1a: Minior|def|1\n|-unboost|p1a: Minior|spd|1\n|-boost|p1a: Minior|atk|2\n|-boost|p1a: Minior|spa|2\n|-boost|p1a: Minior|spe|2\n|-enditem|p1a: Minior|White Herb\n|-clearnegativeboost|p1a: Minior|[silent]\n|\n|upkeep\n|turn|7\n|\n|t:|1781417306\n|move|p1a: Minior|Earthquake|p2a: Arceus\n|-supereffective|p2a: Arceus\n|-damage|p2a: Arceus|126/284\n|move|p2a: Arceus|Will-O-Wisp|p1a: Minior\n|-immune|p1a: Minior|[from] ability: Shields Down\n|\n|upkeep\n|turn|8\n|inactive|st0n pat0n has 120 seconds left.\n|\n|t:|1781417316\n|-terastallize|p2a: Arceus|Ghost\n|move|p1a: Minior|Earthquake|p2a: Arceus\n|-damage|p2a: Arceus|50/284\n|move|p2a: Arceus|Judgment|p1a: Minior\n|-supereffective|p1a: Minior\n|-damage|p1a: Minior|32/224\n|\n|-formechange|p1a: Minior|Minior-Orange||[from] ability: Shields Down\n|upkeep\n|turn|9\n|inactive|st0n pat0n has 120 seconds left.\n|\n|t:|1781417332\n|switch|p2a: Slowking|Slowking-Galar, L85, M|244/300\n|move|p1a: Minior|Acrobatics|p2a: Slowking\n|-damage|p2a: Slowking|28/300\n|\n|-heal|p2a: Slowking|46/300|[from] item: Leftovers\n|upkeep\n|turn|10\n|inactive|st0n pat0n has 120 seconds left.\n|\n|t:|1781417354\n|move|p1a: Minior|Earthquake|p2a: Slowking\n|-supereffective|p2a: Slowking\n|-damage|p2a: Slowking|0 fnt\n|faint|p2a: Slowking\n|\n|upkeep\n|\n|t:|1781417358\n|switch|p2a: Rillaboom|Rillaboom, L79, F|95/288\n|-fieldstart|move: Grassy Terrain|[from] ability: Grassy Surge|[of] p2a: Rillaboom\n|turn|11\n|\n|t:|1781417362\n|move|p2a: Rillaboom|Grassy Glide|p1a: Minior\n|-damage|p1a: Minior|0 fnt\n|faint|p1a: Minior\n|-damage|p2a: Rillaboom|67/288|[from] item: Life Orb\n|\n|-heal|p2a: Rillaboom|85/288|[from] Grassy Terrain\n|upkeep\n|inactive|st0n pat0n has 120 seconds left.\n|\n|t:|1781417368\n|switch|p1a: Honchkrow|Honchkrow, L86, M|312/312\n|turn|12\n|inactive|st0n pat0n has 120 seconds left.\n|\n|t:|1781417379\n|switch|p2a: Rotom|Rotom-Wash, L82|216/216\n|move|p1a: Honchkrow|Brave Bird|p2a: Rotom\n|-resisted|p2a: Rotom\n|-damage|p2a: Rotom|140/216\n|-damage|p1a: Honchkrow|287/312|[from] Recoil\n|\n|-heal|p2a: Rotom|153/216|[from] item: Leftovers\n|upkeep\n|turn|13\n|\n|t:|1781417389\n|switch|p1a: Arboliva|Arboliva, L91, M|290/290\n|move|p2a: Rotom|Will-O-Wisp|p1a: Arboliva\n|-status|p1a: Arboliva|brn\n|\n|-heal|p2a: Rotom|166/216|[from] item: Leftovers\n|-damage|p1a: Arboliva|272/290 brn|[from] brn\n|upkeep\n|turn|14\n|\n|t:|1781417401\n|switch|p2a: Rillaboom|Rillaboom, L79, F|85/288\n|move|p1a: Arboliva|Energy Ball|p2a: Rillaboom\n|-resisted|p2a: Rillaboom\n|-damage|p2a: Rillaboom|0 fnt\n|faint|p2a: Rillaboom\n|\n|-heal|p1a: Arboliva|290/290 brn|[from] Grassy Terrain\n|-damage|p1a: Arboliva|272/290 brn|[from] brn\n|upkeep\n|\n|t:|1781417408\n|switch|p2a: Mesprit|Mesprit, L85|275/275\n|turn|15\n|\n|t:|1781417415\n|move|p2a: Mesprit|Nasty Plot|p2a: Mesprit\n|-boost|p2a: Mesprit|spa|2\n|move|p1a: Arboliva|Hyper Voice|p2a: Mesprit\n|-damage|p2a: Mesprit|164/275\n|\n|-heal|p1a: Arboliva|290/290 brn|[from] Grassy Terrain\n|-damage|p1a: Arboliva|272/290 brn|[from] brn\n|-fieldend|move: Grassy Terrain\n|upkeep\n|turn|16\n|\n|t:|1781417430\n|move|p2a: Mesprit|Psychic|p1a: Arboliva\n|-damage|p1a: Arboliva|45/290 brn\n|-fieldstart|move: Grassy Terrain|[from] ability: Seed Sower|[of] p1a: Arboliva\n|-damage|p2a: Mesprit|137/275|[from] item: Life Orb\n|move|p1a: Arboliva|Energy Ball|p2a: Mesprit\n|-damage|p2a: Mesprit|0 fnt\n|faint|p2a: Mesprit\n|\n|-heal|p1a: Arboliva|63/290 brn|[from] Grassy Terrain\n|-damage|p1a: Arboliva|45/290 brn|[from] brn\n|upkeep\n|\n|t:|1781417434\n|switch|p2a: Arceus|Arceus-Steel, L70, tera:Ghost|50/284\n|turn|17\n|\n|t:|1781417440\n|move|p2a: Arceus|Judgment|p1a: Arboliva\n|-damage|p1a: Arboliva|0 fnt\n|faint|p1a: Arboliva\n|\n|-heal|p2a: Arceus|67/284|[from] Grassy Terrain\n|upkeep\n|\n|t:|1781417444\n|switch|p1a: Honchkrow|Honchkrow, L86, M|287/312\n|turn|18\n|\n|t:|1781417447\n|move|p1a: Honchkrow|Sucker Punch||[still]\n|-fail|p1a: Honchkrow\n|move|p2a: Arceus|Recover|p2a: Arceus\n|-heal|p2a: Arceus|209/284\n|\n|-heal|p2a: Arceus|226/284|[from] Grassy Terrain\n|upkeep\n|turn|19\n|\n|t:|1781417455\n|move|p1a: Honchkrow|Sucker Punch||[still]\n|-fail|p1a: Honchkrow\n|move|p2a: Arceus|Will-O-Wisp|p1a: Honchkrow\n|-status|p1a: Honchkrow|brn\n|\n|-heal|p2a: Arceus|243/284|[from] Grassy Terrain\n|-damage|p1a: Honchkrow|268/312 brn|[from] brn\n|upkeep\n|turn|20\n|\n|t:|1781417461\n|move|p2a: Arceus|Judgment|p1a: Honchkrow\n|-damage|p1a: Honchkrow|129/312 brn\n|move|p1a: Honchkrow|Thunder Wave|p2a: Arceus\n|-status|p2a: Arceus|par\n|\n|-heal|p2a: Arceus|260/284 par|[from] Grassy Terrain\n|-damage|p1a: Honchkrow|110/312 brn|[from] brn\n|-fieldend|move: Grassy Terrain\n|upkeep\n|turn|21\n|\n|t:|1781417466\n|move|p1a: Honchkrow|Sucker Punch|p2a: Arceus\n|-supereffective|p2a: Arceus\n|-damage|p2a: Arceus|169/284 par\n|move|p2a: Arceus|Judgment|p1a: Honchkrow\n|-damage|p1a: Honchkrow|0 fnt\n|faint|p1a: Honchkrow\n|\n|upkeep\n|\n|t:|1781417474\n|switch|p1a: Drednaw|Drednaw, L81, F|278/278\n|turn|22\n|\n|t:|1781417484\n|move|p1a: Drednaw|Crunch|p2a: Arceus\n|-supereffective|p2a: Arceus\n|-damage|p2a: Arceus|0 fnt\n|faint|p2a: Arceus\n|\n|upkeep\n|\n|t:|1781417489\n|switch|p2a: Mismagius|Mismagius, L86, F|243/243\n|turn|23\n|\n|t:|1781417499\n|move|p2a: Mismagius|Energy Ball|p1a: Drednaw\n|-supereffective|p1a: Drednaw\n|-damage|p1a: Drednaw|0 fnt\n|faint|p1a: Drednaw\n|\n|upkeep\n|\n|t:|1781417502\n|switch|p1a: Iron Valiant|Iron Valiant, L78|244/244\n|turn|24\n|\n|t:|1781417509\n|switch|p2a: Rotom|Rotom-Wash, L82|166/216\n|move|p1a: Iron Valiant|Swords Dance|p1a: Iron Valiant\n|-boost|p1a: Iron Valiant|atk|2\n|\n|-heal|p2a: Rotom|179/216|[from] item: Leftovers\n|upkeep\n|turn|25\n|\n|t:|1781417514\n|move|p1a: Iron Valiant|Spirit Break|p2a: Rotom\n|-crit|p2a: Rotom\n|-damage|p2a: Rotom|0 fnt\n|faint|p2a: Rotom\n|-damage|p1a: Iron Valiant|220/244|[from] item: Life Orb\n|\n|upkeep\n|\n|t:|1781417518\n|switch|p2a: Mismagius|Mismagius, L86, F|243/243\n|turn|26\n|\n|t:|1781417527\n|-terastallize|p1a: Iron Valiant|Dark\n|move|p2a: Mismagius|Dazzling Gleam|p1a: Iron Valiant\n|-supereffective|p1a: Iron Valiant\n|-damage|p1a: Iron Valiant|0 fnt\n|faint|p1a: Iron Valiant\n|-end|p1a: Iron Valiant|Quark Drive|[silent]\n|\n|win|zimu12122\n|raw|st0n pat0n's rating: 1369 &rarr; <strong>1351</strong><br />(-18 for losing)\n|raw|zimu12122's rating: 1403 &rarr; <strong>1421</strong><br />(+18 for winning)\n|l|\u2606zimu12122\n|player|p2|\n", "inputlog": ">version a8376a258c1d4662feba110a92103f3664a72141\n>start {\"formatid\":\"gen9randombattle\",\"seed\":\"sodium,e87cd8817f221652d5cbabc5daa167a3\",\"rated\":\"Rated battle\"}\n>player p1 {\"name\":\"st0n pat0n\",\"avatar\":\"pokemonbreeder-gen4\",\"rating\":1369,\"seed\":\"sodium,ef9c09989aa0400f1c1f88c8fda2c69f\"}\n>player p2 {\"name\":\"zimu12122\",\"avatar\":\"caitlin\",\"rating\":1403,\"seed\":\"sodium,3d5f661e8201745ae696facea31d8384\"}\n>p1 move strengthsap\n>p2 move swordsdance\n>p1 move hypervoice\n>p2 move knockoff\n>p1 move strengthsap\n>p2 switch 3\n>p1 switch 2\n>p2 move psychicnoise\n>p1 move highhorsepower\n>p2 move fireblast\n>p1 switch 3\n>p1 move shellsmash\n>p2 switch 6\n>p1 move earthquake\n>p2 move willowisp\n>p1 move earthquake\n>p2 move judgment terastallize\n>p1 move acrobatics\n>p2 switch 6\n>p1 move earthquake\n>p2 move fireblast\n>p2 switch 3\n>p1 move acrobatics\n>p2 move grassyglide\n>p1 switch 5\n>p1 move bravebird\n>p2 switch 4\n>p1 switch 2\n>p2 move willowisp\n>p1 move energyball\n>p2 switch 4\n>p2 switch 2\n>p1 move hypervoice\n>p2 move nastyplot\n>p1 move energyball\n>p2 move psychic\n>p2 switch 6\n>p1 move strengthsap\n>p2 move judgment\n>p1 switch 2\n>p1 move suckerpunch\n>p2 move recover\n>p1 move suckerpunch\n>p2 move willowisp\n>p1 move thunderwave\n>p2 move judgment\n>p1 move suckerpunch\n>p2 move judgment\n>p1 switch 4\n>p1 move crunch\n>p2 move willowisp\n>p2 switch 5\n>p1 move shellsmash\n>p2 move energyball\n>p1 switch 6\n>p1 move swordsdance\n>p2 switch 4\n>p1 move spiritbreak\n>p2 move willowisp\n>p2 switch 4\n>p1 move knockoff terastallize\n>p2 move dazzlinggleam", "uploadtime": 1781417534, "views": 6, "formatid": "gen9randombattle", "rating": 1351, "private": 0, "password": null}