{"id": "gen9randombattle-2631386340", "format": "[Gen 9] Random Battle", "players": ["cococem", "laloe281088"], "log": "|j|\u2606cococem\n|j|\u2606laloe281088\n|t:|1781378527\n|gametype|singles\n|player|p1|cococem|baker|2118\n|player|p2|laloe281088|265|2127\n|gen|9\n|tier|[Gen 9] Random Battle\n|rated|\n|rule|Species Clause: Limit one of each Pok\u00e9mon\n|rule|HP Percentage Mod: HP is shown in percentages\n|rule|Sleep Clause Mod: Limit one foe put to sleep\n|rule|Illusion Level Mod: Illusion disguises the Pok\u00e9mon's true level\n|\n|t:|1781378527\n|teamsize|p1|6\n|teamsize|p2|6\n|start\n|switch|p1a: Gardevoir|Gardevoir, L83, M|249/249\n|switch|p2a: Lumineon|Lumineon, L93, M|279/279\n|-ability|p1a: Gardevoir|Storm Drain|Trace|[from] ability: Trace|[of] p2a: Lumineon\n|turn|1\n|\n|t:|1781378547\n|move|p1a: Gardevoir|Moonblast|p2a: Lumineon\n|-damage|p2a: Lumineon|168/279\n|move|p2a: Lumineon|U-turn|p1a: Gardevoir\n|-damage|p1a: Gardevoir|188/249\n|\n|t:|1781378561\n|switch|p2a: Zacian|Zacian-Crowned, L64|225/225|[from] U-turn\n|-ability|p2a: Zacian|Intrepid Sword|boost\n|-boost|p2a: Zacian|atk|1\n|\n|upkeep\n|turn|2\n|\n|t:|1781378567\n|switch|p1a: Pachirisu|Pachirisu, L96, F|271/271\n|move|p2a: Zacian|Swords Dance|p2a: Zacian\n|-boost|p2a: Zacian|atk|2\n|\n|upkeep\n|turn|3\n|\n|t:|1781378575\n|switch|p2a: Quagsire|Quagsire, L84, M|297/297\n|move|p1a: Pachirisu|Encore||[still]\n|-fail|p1a: Pachirisu\n|\n|upkeep\n|turn|4\n|\n|t:|1781378582\n|move|p1a: Pachirisu|U-turn|p2a: Quagsire\n|-damage|p2a: Quagsire|257/297\n|inactive|Battle timer is ON: inactive players will automatically lose when time's up. (requested by laloe281088)\n|\n|t:|1781378602\n|switch|p1a: Sceptile|Sceptile, L87, F|264/264|[from] U-turn\n|move|p2a: Quagsire|Toxic|p1a: Sceptile\n|-status|p1a: Sceptile|tox\n|\n|-heal|p2a: Quagsire|275/297|[from] item: Leftovers\n|-damage|p1a: Sceptile|248/264 tox|[from] psn\n|upkeep\n|turn|5\n|\n|t:|1781378618\n|-terastallize|p2a: Quagsire|Fairy\n|move|p1a: Sceptile|Giga Drain|p2a: Quagsire\n|-damage|p2a: Quagsire|164/297\n|-heal|p1a: Sceptile|264/264 tox|[from] drain|[of] p2a: Quagsire\n|move|p2a: Quagsire|Spikes|p1a: Sceptile\n|-sidestart|p1: cococem|Spikes\n|\n|-heal|p2a: Quagsire|182/297|[from] item: Leftovers\n|-damage|p1a: Sceptile|232/264 tox|[from] psn\n|upkeep\n|turn|6\n|\n|t:|1781378630\n|move|p1a: Sceptile|Leech Seed|p2a: Quagsire\n|-start|p2a: Quagsire|move: Leech Seed\n|move|p2a: Quagsire|Recover|p2a: Quagsire\n|-heal|p2a: Quagsire|297/297\n|\n|-heal|p1a: Sceptile|248/264 tox|[from] item: Leftovers\n|-damage|p2a: Quagsire|260/297|[from] Leech Seed|[of] p1a: Sceptile\n|-heal|p1a: Sceptile|264/264 tox|[silent]\n|-damage|p1a: Sceptile|216/264 tox|[from] psn\n|upkeep\n|turn|7\n|\n|t:|1781378641\n|move|p1a: Sceptile|Giga Drain|p2a: Quagsire\n|-damage|p2a: Quagsire|157/297\n|-heal|p1a: Sceptile|264/264 tox|[from] drain|[of] p2a: Quagsire\n|move|p2a: Quagsire|Spikes|p1a: Sceptile\n|-sidestart|p1: cococem|Spikes\n|\n|-heal|p2a: Quagsire|175/297|[from] item: Leftovers\n|-damage|p2a: Quagsire|138/297|[from] Leech Seed|[of] p1a: Sceptile\n|-damage|p1a: Sceptile|200/264 tox|[from] psn\n|upkeep\n|turn|8\n|\n|t:|1781378652\n|switch|p1a: Swanna|Swanna, L89, M|278/278\n|move|p2a: Quagsire|Recover|p2a: Quagsire\n|-heal|p2a: Quagsire|287/297\n|\n|-heal|p2a: Quagsire|297/297|[from] item: Leftovers\n|-damage|p2a: Quagsire|260/297|[from] Leech Seed|[of] p1a: Swanna\n|upkeep\n|turn|9\n|\n|t:|1781378664\n|switch|p1a: Sceptile|Sceptile, L87, F|200/264 tox\n|-damage|p1a: Sceptile|156/264 tox|[from] Spikes\n|move|p2a: Quagsire|Toxic|p1a: Sceptile\n|-fail|p1a: Sceptile|tox\n|\n|-heal|p1a: Sceptile|172/264 tox|[from] item: Leftovers\n|-heal|p2a: Quagsire|278/297|[from] item: Leftovers\n|-damage|p2a: Quagsire|241/297|[from] Leech Seed|[of] p1a: Sceptile\n|-heal|p1a: Sceptile|209/264 tox|[silent]\n|-damage|p1a: Sceptile|193/264 tox|[from] psn\n|upkeep\n|turn|10\n|\n|t:|1781378676\n|switch|p2a: Cryogonal|Cryogonal, L89|287/287\n|move|p1a: Sceptile|Giga Drain|p2a: Cryogonal\n|-damage|p2a: Cryogonal|230/287\n|-heal|p1a: Sceptile|222/264 tox|[from] drain|[of] p2a: Cryogonal\n|\n|-heal|p1a: Sceptile|238/264 tox|[from] item: Leftovers\n|-damage|p1a: Sceptile|206/264 tox|[from] psn\n|upkeep\n|turn|11\n|\n|t:|1781378687\n|switch|p1a: Medicham|Medicham, L86, F|243/243\n|-damage|p1a: Medicham|203/243|[from] Spikes\n|move|p2a: Cryogonal|Freeze-Dry|p1a: Medicham\n|-damage|p1a: Medicham|119/243\n|-status|p1a: Medicham|frz\n|\n|upkeep\n|turn|12\n|\n|t:|1781378696\n|-curestatus|p1a: Medicham|frz|[msg]\n|move|p1a: Medicham|Close Combat|p2a: Cryogonal\n|-supereffective|p2a: Cryogonal\n|-damage|p2a: Cryogonal|0 fnt\n|-unboost|p1a: Medicham|def|1\n|-unboost|p1a: Medicham|spd|1\n|faint|p2a: Cryogonal\n|\n|upkeep\n|\n|t:|1781378710\n|switch|p2a: Deoxys|Deoxys-Speed, L82|216/216\n|-ability|p2a: Deoxys|Pressure\n|turn|13\n|\n|t:|1781378716\n|move|p2a: Deoxys|Psycho Boost|p1a: Medicham\n|-damage|p1a: Medicham|0 fnt\n|-unboost|p2a: Deoxys|spa|2\n|faint|p1a: Medicham\n|\n|upkeep\n|\n|t:|1781378718\n|switch|p1a: Magmortar|Magmortar, L88, F|275/275\n|turn|14\n|\n|t:|1781378727\n|switch|p2a: Lumineon|Lumineon, L93, M|168/279\n|move|p1a: Magmortar|Knock Off|p2a: Lumineon\n|-damage|p2a: Lumineon|94/279\n|-enditem|p2a: Lumineon|Heavy-Duty Boots|[from] move: Knock Off|[of] p1a: Magmortar\n|\n|upkeep\n|turn|15\n|\n|t:|1781378742\n|switch|p1a: Gardevoir|Gardevoir, L83, M|188/249\n|-damage|p1a: Gardevoir|147/249|[from] Spikes\n|-ability|p1a: Gardevoir|Storm Drain|Trace|[from] ability: Trace|[of] p2a: Lumineon\n|move|p2a: Lumineon|U-turn|p1a: Gardevoir\n|-damage|p1a: Gardevoir|87/249\n|\n|t:|1781378756\n|switch|p2a: Deoxys|Deoxys-Speed, L82|216/216|[from] U-turn\n|-ability|p2a: Deoxys|Pressure\n|\n|upkeep\n|turn|16\n|\n|t:|1781378765\n|move|p2a: Deoxys|Psycho Boost|p1a: Gardevoir\n|-resisted|p1a: Gardevoir\n|-damage|p1a: Gardevoir|34/249\n|-unboost|p2a: Deoxys|spa|2\n|move|p1a: Gardevoir|Moonblast|p2a: Deoxys\n|-damage|p2a: Deoxys|99/216\n|-unboost|p2a: Deoxys|spa|1\n|\n|-heal|p2a: Deoxys|112/216|[from] item: Leftovers\n|upkeep\n|turn|17\n|\n|t:|1781378783\n|switch|p2a: Zacian|Zacian-Crowned, L64|225/225\n|move|p1a: Gardevoir|Moonblast|p2a: Zacian\n|-resisted|p2a: Zacian\n|-damage|p2a: Zacian|162/225\n|\n|upkeep\n|turn|18\n|\n|t:|1781378795\n|switch|p1a: Magmortar|Magmortar, L88, F|275/275\n|move|p2a: Zacian|Behemoth Blade|p1a: Magmortar\n|-resisted|p1a: Magmortar\n|-damage|p1a: Magmortar|224/275\n|-status|p2a: Zacian|brn|[from] ability: Flame Body|[of] p1a: Magmortar\n|\n|-damage|p2a: Zacian|148/225 brn|[from] brn\n|upkeep\n|turn|19\n|\n|t:|1781378805\n|move|p2a: Zacian|Close Combat|p1a: Magmortar\n|-damage|p1a: Magmortar|184/275\n|-unboost|p2a: Zacian|def|1\n|-unboost|p2a: Zacian|spd|1\n|move|p1a: Magmortar|Knock Off|p2a: Zacian\n|-resisted|p2a: Zacian\n|-damage|p2a: Zacian|109/225 brn\n|\n|-damage|p2a: Zacian|95/225 brn|[from] brn\n|upkeep\n|turn|20\n|\n|t:|1781378816\n|move|p2a: Zacian|Play Rough|p1a: Magmortar\n|-resisted|p1a: Magmortar\n|-damage|p1a: Magmortar|162/275\n|move|p1a: Magmortar|Scorching Sands|p2a: Zacian\n|-supereffective|p2a: Zacian\n|-damage|p2a: Zacian|0 fnt\n|faint|p2a: Zacian\n|\n|upkeep\n|\n|t:|1781378825\n|switch|p2a: Lumineon|Lumineon, L93, M|94/279\n|turn|21\n|\n|t:|1781378831\n|switch|p1a: Gardevoir|Gardevoir, L83, M|34/249\n|-damage|p1a: Gardevoir|0 fnt|[from] Spikes\n|faint|p1a: Gardevoir\n|move|p2a: Lumineon|Hydro Pump|p1: Gardevoir|[notarget]\n|-fail|p2a: Lumineon\n|\n|upkeep\n|\n|t:|1781378832\n|switch|p1a: Swanna|Swanna, L89, M|278/278\n|turn|22\n|\n|t:|1781378843\n|move|p1a: Swanna|Defog|p2a: Lumineon\n|-unboost|p2a: Lumineon|evasion|1\n|-sideend|p1: cococem|Spikes|[from] move: Defog|[of] p1a: Swanna\n|move|p2a: Lumineon|U-turn|p1a: Swanna\n|-resisted|p1a: Swanna\n|-damage|p1a: Swanna|252/278\n|\n|t:|1781378852\n|switch|p2a: Deoxys|Deoxys-Speed, L82|112/216|[from] U-turn\n|-ability|p2a: Deoxys|Pressure\n|\n|-heal|p2a: Deoxys|125/216|[from] item: Leftovers\n|upkeep\n|turn|23\n|\n|t:|1781378860\n|move|p2a: Deoxys|Psycho Boost|p1a: Swanna\n|-damage|p1a: Swanna|89/278\n|-unboost|p2a: Deoxys|spa|2\n|move|p1a: Swanna|Brave Bird|p2a: Deoxys\n|-damage|p2a: Deoxys|0 fnt\n|faint|p2a: Deoxys\n|-damage|p1a: Swanna|48/278|[from] Recoil\n|\n|upkeep\n|\n|t:|1781378875\n|switch|p2a: Cresselia|Cresselia, L80, F|323/323\n|turn|24\n|\n|t:|1781378881\n|switch|p1a: Pachirisu|Pachirisu, L96, F|271/271\n|move|p2a: Cresselia|Psyshock|p1a: Pachirisu\n|-damage|p1a: Pachirisu|199/271\n|\n|upkeep\n|turn|25\n|\n|t:|1781378891\n|move|p1a: Pachirisu|Super Fang|p2a: Cresselia\n|-damage|p2a: Cresselia|162/323\n|move|p2a: Cresselia|Psyshock|p1a: Pachirisu\n|-damage|p1a: Pachirisu|133/271\n|\n|-heal|p2a: Cresselia|182/323|[from] item: Leftovers\n|upkeep\n|turn|26\n|\n|t:|1781378903\n|move|p1a: Pachirisu|Discharge|p2a: Cresselia\n|-damage|p2a: Cresselia|130/323\n|move|p2a: Cresselia|Moonlight|p2a: Cresselia\n|-heal|p2a: Cresselia|291/323\n|\n|-heal|p2a: Cresselia|311/323|[from] item: Leftovers\n|upkeep\n|turn|27\n|\n|t:|1781378912\n|switch|p2a: Lumineon|Lumineon, L93, M|94/279\n|move|p1a: Pachirisu|Encore||[still]\n|-fail|p1a: Pachirisu\n|\n|upkeep\n|turn|28\n|\n|t:|1781378920\n|switch|p2a: Cresselia|Cresselia, L80, F|311/323\n|move|p1a: Pachirisu|Discharge|p2a: Cresselia\n|-damage|p2a: Cresselia|259/323\n|\n|-heal|p2a: Cresselia|279/323|[from] item: Leftovers\n|upkeep\n|turn|29\n|\n|t:|1781378929\n|move|p1a: Pachirisu|Super Fang|p2a: Cresselia|[miss]\n|-miss|p1a: Pachirisu|p2a: Cresselia\n|move|p2a: Cresselia|Psyshock|p1a: Pachirisu\n|-damage|p1a: Pachirisu|64/271\n|\n|-heal|p2a: Cresselia|299/323|[from] item: Leftovers\n|upkeep\n|turn|30\n|\n|t:|1781378937\n|move|p1a: Pachirisu|U-turn|p2a: Cresselia\n|-supereffective|p2a: Cresselia\n|-damage|p2a: Cresselia|233/323\n|\n|t:|1781378942\n|switch|p1a: Magmortar|Magmortar, L88, F|162/275|[from] U-turn\n|move|p2a: Cresselia|Psyshock|p1a: Magmortar\n|-damage|p1a: Magmortar|87/275\n|\n|-heal|p2a: Cresselia|253/323|[from] item: Leftovers\n|upkeep\n|turn|31\n|\n|t:|1781378952\n|switch|p2a: Quagsire|Quagsire, L84, M, tera:Fairy|241/297\n|move|p1a: Magmortar|Focus Blast|p2a: Quagsire\n|-resisted|p2a: Quagsire\n|-damage|p2a: Quagsire|166/297\n|\n|-heal|p2a: Quagsire|184/297|[from] item: Leftovers\n|upkeep\n|turn|32\n|\n|t:|1781378961\n|switch|p2a: Cresselia|Cresselia, L80, F|253/323\n|move|p1a: Magmortar|Fire Blast|p2a: Cresselia\n|-damage|p2a: Cresselia|123/323\n|\n|-heal|p2a: Cresselia|143/323|[from] item: Leftovers\n|upkeep\n|turn|33\n|\n|t:|1781378970\n|switch|p2a: Lumineon|Lumineon, L93, M|94/279\n|move|p1a: Magmortar|Knock Off|p2a: Lumineon\n|-damage|p2a: Lumineon|40/279\n|\n|upkeep\n|turn|34\n|\n|t:|1781378979\n|switch|p1a: Sceptile|Sceptile, L87, F|206/264 tox\n|move|p2a: Lumineon|Hydro Pump|p1a: Sceptile|[miss]\n|-miss|p2a: Lumineon|p1a: Sceptile\n|\n|-heal|p1a: Sceptile|222/264 tox|[from] item: Leftovers\n|-damage|p1a: Sceptile|206/264 tox|[from] psn\n|upkeep\n|turn|35\n|\n|t:|1781378989\n|move|p1a: Sceptile|Giga Drain|p2a: Lumineon\n|-supereffective|p2a: Lumineon\n|-damage|p2a: Lumineon|0 fnt\n|-heal|p1a: Sceptile|226/264 tox|[from] drain|[of] p2a: Lumineon\n|faint|p2a: Lumineon\n|\n|-heal|p1a: Sceptile|242/264 tox|[from] item: Leftovers\n|-damage|p1a: Sceptile|210/264 tox|[from] psn\n|upkeep\n|\n|t:|1781378998\n|switch|p2a: Quagsire|Quagsire, L84, M, tera:Fairy|184/297\n|turn|36\n|\n|t:|1781379019\n|move|p1a: Sceptile|Leech Seed|p2a: Quagsire\n|-start|p2a: Quagsire|move: Leech Seed\n|move|p2a: Quagsire|Recover|p2a: Quagsire\n|-heal|p2a: Quagsire|297/297\n|\n|-heal|p1a: Sceptile|226/264 tox|[from] item: Leftovers\n|-damage|p2a: Quagsire|260/297|[from] Leech Seed|[of] p1a: Sceptile\n|-heal|p1a: Sceptile|263/264 tox|[silent]\n|-damage|p1a: Sceptile|215/264 tox|[from] psn\n|upkeep\n|turn|37\n|\n|t:|1781379029\n|move|p1a: Sceptile|Giga Drain|p2a: Quagsire\n|-damage|p2a: Quagsire|146/297\n|-heal|p1a: Sceptile|264/264 tox|[from] drain|[of] p2a: Quagsire\n|move|p2a: Quagsire|Toxic|p1a: Sceptile|[miss]\n|-miss|p2a: Quagsire|p1a: Sceptile\n|\n|-heal|p2a: Quagsire|164/297|[from] item: Leftovers\n|-damage|p2a: Quagsire|127/297|[from] Leech Seed|[of] p1a: Sceptile\n|-damage|p1a: Sceptile|200/264 tox|[from] psn\n|upkeep\n|turn|38\n|\n|t:|1781379041\n|move|p1a: Sceptile|Giga Drain|p2a: Quagsire\n|-damage|p2a: Quagsire|24/297\n|-heal|p1a: Sceptile|252/264 tox|[from] drain|[of] p2a: Quagsire\n|move|p2a: Quagsire|Recover|p2a: Quagsire\n|-heal|p2a: Quagsire|173/297\n|\n|-heal|p1a: Sceptile|264/264 tox|[from] item: Leftovers\n|-heal|p2a: Quagsire|191/297|[from] item: Leftovers\n|-damage|p2a: Quagsire|154/297|[from] Leech Seed|[of] p1a: Sceptile\n|-damage|p1a: Sceptile|184/264 tox|[from] psn\n|upkeep\n|turn|39\n|\n|t:|1781379052\n|switch|p1a: Swanna|Swanna, L89, M|48/278\n|switch|p2a: Cresselia|Cresselia, L80, F|143/323\n|\n|-heal|p2a: Cresselia|163/323|[from] item: Leftovers\n|upkeep\n|turn|40\n|\n|t:|1781379061\n|switch|p1a: Magmortar|Magmortar, L88, F|87/275\n|move|p2a: Cresselia|Moonlight|p2a: Cresselia\n|-heal|p2a: Cresselia|323/323\n|\n|upkeep\n|turn|41\n|\n|t:|1781379068\n|move|p1a: Magmortar|Knock Off|p2a: Cresselia\n|-supereffective|p2a: Cresselia\n|-damage|p2a: Cresselia|187/323\n|-enditem|p2a: Cresselia|Leftovers|[from] move: Knock Off|[of] p1a: Magmortar\n|move|p2a: Cresselia|Psyshock|p1a: Magmortar\n|-damage|p1a: Magmortar|9/275\n|\n|upkeep\n|turn|42\n|\n|t:|1781379079\n|move|p1a: Magmortar|Fire Blast|p2a: Cresselia\n|-damage|p2a: Cresselia|58/323\n|move|p2a: Cresselia|Moonlight|p2a: Cresselia\n|-heal|p2a: Cresselia|219/323\n|\n|upkeep\n|turn|43\n|\n|t:|1781379088\n|move|p1a: Magmortar|Fire Blast|p2a: Cresselia\n|-damage|p2a: Cresselia|84/323\n|move|p2a: Cresselia|Moonlight|p2a: Cresselia\n|-heal|p2a: Cresselia|245/323\n|\n|upkeep\n|turn|44\n|\n|t:|1781379101\n|move|p1a: Magmortar|Fire Blast|p2a: Cresselia\n|-damage|p2a: Cresselia|116/323\n|move|p2a: Cresselia|Calm Mind|p2a: Cresselia\n|-boost|p2a: Cresselia|spa|1\n|-boost|p2a: Cresselia|spd|1\n|\n|upkeep\n|turn|45\n|\n|t:|1781379108\n|switch|p1a: Swanna|Swanna, L89, M|48/278\n|move|p2a: Cresselia|Moonlight|p2a: Cresselia\n|-heal|p2a: Cresselia|277/323\n|\n|upkeep\n|turn|46\n|\n|t:|1781379114\n|move|p1a: Swanna|Brave Bird|p2a: Cresselia\n|-damage|p2a: Cresselia|169/323\n|-damage|p1a: Swanna|12/278|[from] Recoil\n|move|p2a: Cresselia|Psyshock|p1a: Swanna\n|-damage|p1a: Swanna|0 fnt\n|faint|p1a: Swanna\n|\n|upkeep\n|\n|t:|1781379117\n|switch|p1a: Sceptile|Sceptile, L87, F|184/264 tox\n|turn|47\n|\n|t:|1781379125\n|-terastallize|p1a: Sceptile|Steel\n|move|p1a: Sceptile|Leech Seed|p2a: Cresselia\n|-start|p2a: Cresselia|move: Leech Seed\n|move|p2a: Cresselia|Psyshock|p1a: Sceptile\n|-resisted|p1a: Sceptile\n|-damage|p1a: Sceptile|128/264 tox\n|\n|-heal|p1a: Sceptile|144/264 tox|[from] item: Leftovers\n|-damage|p2a: Cresselia|129/323|[from] Leech Seed|[of] p1a: Sceptile\n|-heal|p1a: Sceptile|184/264 tox|[silent]\n|-damage|p1a: Sceptile|168/264 tox|[from] psn\n|upkeep\n|turn|48\n|\n|t:|1781379138\n|move|p1a: Sceptile|Giga Drain|p2a: Cresselia\n|-damage|p2a: Cresselia|80/323\n|-heal|p1a: Sceptile|193/264 tox|[from] drain|[of] p2a: Cresselia\n|move|p2a: Cresselia|Moonlight|p2a: Cresselia\n|-heal|p2a: Cresselia|241/323\n|\n|-heal|p1a: Sceptile|209/264 tox|[from] item: Leftovers\n|-damage|p2a: Cresselia|201/323|[from] Leech Seed|[of] p1a: Sceptile\n|-heal|p1a: Sceptile|249/264 tox|[silent]\n|-damage|p1a: Sceptile|217/264 tox|[from] psn\n|upkeep\n|turn|49\n|\n|t:|1781379150\n|move|p1a: Sceptile|Giga Drain|p2a: Cresselia\n|-damage|p2a: Cresselia|153/323\n|-heal|p1a: Sceptile|241/264 tox|[from] drain|[of] p2a: Cresselia\n|move|p2a: Cresselia|Moonlight|p2a: Cresselia\n|-heal|p2a: Cresselia|314/323\n|\n|-heal|p1a: Sceptile|257/264 tox|[from] item: Leftovers\n|-damage|p2a: Cresselia|274/323|[from] Leech Seed|[of] p1a: Sceptile\n|-heal|p1a: Sceptile|264/264 tox|[silent]\n|-damage|p1a: Sceptile|216/264 tox|[from] psn\n|upkeep\n|turn|50\n|\n|t:|1781379162\n|move|p1a: Sceptile|Giga Drain|p2a: Cresselia\n|-damage|p2a: Cresselia|225/323\n|-heal|p1a: Sceptile|241/264 tox|[from] drain|[of] p2a: Cresselia\n|move|p2a: Cresselia|Thunderbolt|p1a: Sceptile\n|-damage|p1a: Sceptile|164/264 tox\n|\n|-heal|p1a: Sceptile|180/264 tox|[from] item: Leftovers\n|-damage|p2a: Cresselia|185/323|[from] Leech Seed|[of] p1a: Sceptile\n|-heal|p1a: Sceptile|220/264 tox|[silent]\n|-damage|p1a: Sceptile|156/264 tox|[from] psn\n|upkeep\n|turn|51\n|\n|t:|1781379174\n|move|p1a: Sceptile|Giga Drain|p2a: Cresselia\n|-damage|p2a: Cresselia|136/323\n|-heal|p1a: Sceptile|181/264 tox|[from] drain|[of] p2a: Cresselia\n|move|p2a: Cresselia|Psyshock|p1a: Sceptile\n|-resisted|p1a: Sceptile\n|-crit|p1a: Sceptile\n|-damage|p1a: Sceptile|86/264 tox\n|\n|-heal|p1a: Sceptile|102/264 tox|[from] item: Leftovers\n|-damage|p2a: Cresselia|96/323|[from] Leech Seed|[of] p1a: Sceptile\n|-heal|p1a: Sceptile|142/264 tox|[silent]\n|-damage|p1a: Sceptile|62/264 tox|[from] psn\n|upkeep\n|turn|52\n|\n|t:|1781379187\n|move|p1a: Sceptile|Giga Drain|p2a: Cresselia\n|-damage|p2a: Cresselia|18/323\n|-heal|p1a: Sceptile|101/264 tox|[from] drain|[of] p2a: Cresselia\n|move|p2a: Cresselia|Moonlight|p2a: Cresselia\n|-heal|p2a: Cresselia|179/323\n|\n|-heal|p1a: Sceptile|117/264 tox|[from] item: Leftovers\n|-damage|p2a: Cresselia|139/323|[from] Leech Seed|[of] p1a: Sceptile\n|-heal|p1a: Sceptile|157/264 tox|[silent]\n|-damage|p1a: Sceptile|61/264 tox|[from] psn\n|upkeep\n|turn|53\n|\n|t:|1781379202\n|move|p1a: Sceptile|Giga Drain|p2a: Cresselia\n|-damage|p2a: Cresselia|63/323\n|-heal|p1a: Sceptile|99/264 tox|[from] drain|[of] p2a: Cresselia\n|move|p2a: Cresselia|Psyshock|p1a: Sceptile\n|-resisted|p1a: Sceptile\n|-damage|p1a: Sceptile|39/264 tox\n|\n|-heal|p1a: Sceptile|55/264 tox|[from] item: Leftovers\n|-damage|p2a: Cresselia|23/323|[from] Leech Seed|[of] p1a: Sceptile\n|-heal|p1a: Sceptile|95/264 tox|[silent]\n|-damage|p1a: Sceptile|0 fnt|[from] psn\n|faint|p1a: Sceptile\n|upkeep\n|\n|t:|1781379207\n|switch|p1a: Magmortar|Magmortar, L88, F|9/275\n|turn|54\n|\n|t:|1781379219\n|move|p1a: Magmortar|Knock Off|p2a: Cresselia\n|-supereffective|p2a: Cresselia\n|-damage|p2a: Cresselia|0 fnt\n|faint|p2a: Cresselia\n|\n|upkeep\n|\n|t:|1781379227\n|switch|p2a: Quagsire|Quagsire, L84, M, tera:Fairy|154/297\n|turn|55\n|\n|t:|1781379254\n|move|p1a: Magmortar|Fire Blast|p2a: Quagsire\n|-damage|p2a: Quagsire|0 fnt\n|faint|p2a: Quagsire\n|\n|win|cococem\n", "inputlog": ">version a8376a258c1d4662feba110a92103f3664a72141\n>start {\"formatid\":\"gen9randombattle\",\"seed\":\"sodium,744c79558d822887441216f092c98444\",\"rated\":\"Rated battle\"}\n>player p1 {\"name\":\"cococem\",\"avatar\":\"baker\",\"rating\":2118,\"seed\":\"sodium,dfe52bf82b4b42ab57b910fc38caaa34\"}\n>player p2 {\"name\":\"laloe281088\",\"avatar\":\"265\",\"rating\":2127,\"seed\":\"sodium,51657ca7bf2499edaf9d842088691281\"}\n>p1 move moonblast\n>p2 move uturn\n>p2 switch 2\n>p1 switch 5\n>p2 move swordsdance\n>p1 move encore\n>p2 switch 4\n>p1 move uturn\n>p2 move toxic\n>p1 switch 2\n>p1 move gigadrain\n>p2 move spikes terastallize\n>p1 move leechseed\n>p2 move recover\n>p1 move gigadrain\n>p2 move spikes\n>p1 switch 3\n>p2 move recover\n>p1 switch 3\n>p2 move toxic\n>p1 move gigadrain\n>p2 switch 6\n>p1 switch 4\n>p2 move freezedry\n>p1 move closecombat\n>p2 move freezedry\n>p2 switch 3\n>p1 move closecombat\n>p2 move psychoboost\n>p1 switch 6\n>p1 move knockoff\n>p2 switch 2\n>p1 switch 5\n>p2 move uturn\n>p2 switch 2\n>p1 move moonblast\n>p2 move psychoboost\n>p1 move moonblast\n>p2 switch 4\n>p1 switch 5\n>p2 move behemothblade\n>p1 move knockoff\n>p2 move closecombat\n>p1 move scorchingsands\n>p2 move playrough\n>p2 switch 2\n>p1 switch 5\n>p2 move hydropump\n>p1 switch 3\n>p1 move defog\n>p2 move uturn\n>p2 switch 4\n>p1 move bravebird\n>p2 move psychoboost\n>p2 switch 5\n>p1 switch 2\n>p2 move psyshock\n>p1 move superfang\n>p2 move psyshock\n>p1 move discharge\n>p2 move moonlight\n>p1 move encore\n>p2 switch 4\n>p1 move discharge\n>p2 switch 4\n>p1 move superfang\n>p2 move psyshock\n>p1 move uturn\n>p2 move psyshock\n>p1 switch 5\n>p1 move focusblast\n>p2 switch 6\n>p1 move fireblast\n>p2 switch 6\n>p1 move knockoff\n>p2 switch 4\n>p1 switch 4\n>p2 move hydropump\n>p1 move gigadrain\n>p2 move icebeam\n>p2 switch 6\n>p1 move leechseed\n>p2 move recover\n>p1 move gigadrain\n>p2 move toxic\n>p1 move gigadrain\n>p2 move recover\n>p1 switch 2\n>p2 switch 4\n>p1 switch 4\n>p2 move moonlight\n>p1 move knockoff\n>p2 move psyshock\n>p1 move fireblast\n>p2 move moonlight\n>p1 move fireblast\n>p2 move moonlight\n>p1 move fireblast\n>p2 move calmmind\n>p1 switch 4\n>p2 move moonlight\n>p1 move bravebird\n>p2 move psyshock\n>p1 switch 2\n>p1 move leechseed terastallize\n>p2 move psyshock\n>p1 move gigadrain\n>p2 move moonlight\n>p1 move gigadrain\n>p2 move moonlight\n>p1 move gigadrain\n>p2 move thunderbolt\n>p1 move gigadrain\n>p2 move psyshock\n>p1 move gigadrain\n>p2 move moonlight\n>p1 move gigadrain\n>p2 move psyshock\n>p1 switch 4\n>p1 move knockoff\n>p2 move psyshock\n>p2 switch 4\n>p1 move fireblast\n>p2 move recover", "uploadtime": 1781378529, "views": 7, "formatid": "gen9randombattle", "rating": null, "private": 0, "password": null, "player_dets": [{"name": "cococem", "avatar": "baker", "rating": 2118, "seed": "sodium,dfe52bf82b4b42ab57b910fc38caaa34"}, {"name": "laloe281088", "avatar": "265", "rating": 2127, "seed": "sodium,51657ca7bf2499edaf9d842088691281"}], "teams_full": [{"Gardevoir": {"name": "Gardevoir", "species": "Gardevoir", "speciesId": "gardevoir", "gender": "M", "shiny": false, "level": 83, "moves": ["psychic", "mysticalfire", "moonblast", "focusblast"], "ability": "Trace", "evs": {"hp": 85, "atk": 0, "def": 85, "spa": 85, "spd": 85, "spe": 85}, "ivs": {"hp": 31, "atk": 0, "def": 31, "spa": 31, "spd": 31, "spe": 31}, "item": "Choice Scarf", "teraType": "Fighting", "role": "Fast Attacker", "bvs": {"hp": 68, "atk": 65, "def": 65, "spa": 125, "spd": 115, "spe": 80}, "stats": {"hp": 249, "atk": 112, "def": 156, "spa": 255, "spd": 239, "spe": 180}, "types": ["Psychic", "Fairy"]}, "Sceptile": {"name": "Sceptile", "species": "Sceptile", "speciesId": "sceptile", "gender": "F", "shiny": false, "level": 87, "moves": ["leechseed", "substitute", "focusblast", "gigadrain"], "ability": "Overgrow", "evs": {"hp": 85, "atk": 0, "def": 85, "spa": 85, "spd": 85, "spe": 85}, "ivs": {"hp": 31, "atk": 0, "def": 31, "spa": 31, "spd": 31, "spe": 31}, "item": "Leftovers", "teraType": "Steel", "role": "Fast Support", "bvs": {"hp": 70, "atk": 85, "def": 65, "spa": 105, "spd": 85, "spe": 120}, "stats": {"hp": 264, "atk": 152, "def": 163, "spa": 232, "spd": 198, "spe": 259}, "types": ["Grass"]}, "Swanna": {"name": "Swanna", "species": "Swanna", "speciesId": "swanna", "gender": "M", "shiny": false, "level": 89, "moves": ["defog", "roost", "bravebird", "hydropump"], "ability": "Hydration", "evs": {"hp": 85, "atk": 85, "def": 85, "spa": 85, "spd": 85, "spe": 85}, "ivs": {"hp": 31, "atk": 31, "def": 31, "spa": 31, "spd": 31, "spe": 31}, "item": "Heavy-Duty Boots", "teraType": "Ground", "role": "Bulky Support", "bvs": {"hp": 75, "atk": 87, "def": 63, "spa": 87, "spd": 63, "spe": 98}, "stats": {"hp": 278, "atk": 206, "def": 163, "spa": 206, "spd": 163, "spe": 225}, "types": ["Water", "Flying"]}, "Medicham": {"name": "Medicham", "species": "Medicham", "speciesId": "medicham", "gender": "F", "shiny": false, "level": 86, "moves": ["closecombat", "trick", "icepunch", "zenheadbutt"], "ability": "Pure Power", "evs": {"hp": 85, "atk": 85, "def": 85, "spa": 85, "spd": 85, "spe": 85}, "ivs": {"hp": 31, "atk": 31, "def": 31, "spa": 31, "spd": 31, "spe": 31}, "item": "Choice Scarf", "teraType": "Fighting", "role": "Fast Attacker", "bvs": {"hp": 60, "atk": 60, "def": 75, "spa": 60, "spd": 75, "spe": 80}, "stats": {"hp": 243, "atk": 152, "def": 178, "spa": 152, "spd": 178, "spe": 187}, "types": ["Fighting", "Psychic"]}, "Pachirisu": {"name": "Pachirisu", "species": "Pachirisu", "speciesId": "pachirisu", "gender": "F", "shiny": false, "level": 96, "moves": ["uturn", "encore", "superfang", "discharge"], "ability": "Volt Absorb", "evs": {"hp": 85, "atk": 85, "def": 85, "spa": 85, "spd": 85, "spe": 85}, "ivs": {"hp": 31, "atk": 31, "def": 31, "spa": 31, "spd": 31, "spe": 31}, "item": "Heavy-Duty Boots", "teraType": "Flying", "role": "Fast Support", "bvs": {"hp": 60, "atk": 45, "def": 70, "spa": 45, "spd": 90, "spe": 95}, "stats": {"hp": 271, "atk": 141, "def": 189, "spa": 141, "spd": 227, "spe": 237}, "types": ["Electric"]}, "Magmortar": {"name": "Magmortar", "species": "Magmortar", "speciesId": "magmortar", "gender": "F", "shiny": false, "level": 88, "moves": ["knockoff", "scorchingsands", "fireblast", "focusblast"], "ability": "Flame Body", "evs": {"hp": 85, "atk": 85, "def": 85, "spa": 85, "spd": 85, "spe": 85}, "ivs": {"hp": 31, "atk": 31, "def": 31, "spa": 31, "spd": 31, "spe": 31}, "item": "Heavy-Duty Boots", "teraType": "Water", "role": "Wallbreaker", "bvs": {"hp": 75, "atk": 95, "def": 67, "spa": 125, "spd": 95, "spe": 83}, "stats": {"hp": 275, "atk": 217, "def": 168, "spa": 270, "spd": 217, "spe": 196}, "types": ["Fire"]}}, {"Lumineon": {"name": "Lumineon", "species": "Lumineon", "speciesId": "lumineon", "gender": "M", "shiny": false, "level": 93, "moves": ["encore", "uturn", "hydropump", "icebeam"], "ability": "Storm Drain", "evs": {"hp": 85, "atk": 85, "def": 85, "spa": 85, "spd": 85, "spe": 85}, "ivs": {"hp": 31, "atk": 31, "def": 31, "spa": 31, "spd": 31, "spe": 31}, "item": "Heavy-Duty Boots", "teraType": "Dragon", "role": "Fast Support", "bvs": {"hp": 69, "atk": 69, "def": 76, "spa": 69, "spd": 86, "spe": 91}, "stats": {"hp": 279, "atk": 181, "def": 194, "spa": 181, "spd": 213, "spe": 222}, "types": ["Water"]}, "Zacian": {"name": "Zacian", "species": "Zacian", "speciesId": "zaciancrowned", "gender": "N", "shiny": false, "level": 64, "moves": ["swordsdance", "playrough", "behemothblade", "closecombat"], "ability": "Intrepid Sword", "evs": {"hp": 85, "atk": 85, "def": 85, "spa": 85, "spd": 85, "spe": 85}, "ivs": {"hp": 31, "atk": 31, "def": 31, "spa": 31, "spd": 31, "spe": 31}, "item": "Rusted Sword", "teraType": "Fighting", "role": "Setup Sweeper", "bvs": {"hp": 92, "atk": 120, "def": 115, "spa": 80, "spd": 115, "spe": 138}, "stats": {"hp": 225, "atk": 191, "def": 185, "spa": 140, "spd": 185, "spe": 214}, "types": ["Fairy"]}, "Deoxys": {"name": "Deoxys", "species": "Deoxys-Speed", "speciesId": "deoxysspeed", "gender": "N", "shiny": false, "level": 82, "moves": ["spikes", "superpower", "taunt", "psychoboost"], "ability": "Pressure", "evs": {"hp": 85, "atk": 85, "def": 85, "spa": 85, "spd": 85, "spe": 85}, "ivs": {"hp": 31, "atk": 31, "def": 31, "spa": 31, "spd": 31, "spe": 31}, "item": "Leftovers", "teraType": "Fighting", "role": "Fast Support", "bvs": {"hp": 50, "atk": 95, "def": 90, "spa": 95, "spd": 90, "spe": 180}, "stats": {"hp": 216, "atk": 203, "def": 195, "spa": 203, "spd": 195, "spe": 342}, "types": ["Psychic"]}, "Quagsire": {"name": "Quagsire", "species": "Quagsire", "speciesId": "quagsire", "gender": "M", "shiny": false, "level": 84, "moves": ["spikes", "earthquake", "toxic", "recover"], "ability": "Unaware", "evs": {"hp": 85, "atk": 85, "def": 85, "spa": 85, "spd": 85, "spe": 85}, "ivs": {"hp": 31, "atk": 31, "def": 31, "spa": 31, "spd": 31, "spe": 31}, "item": "Leftovers", "teraType": "Fairy", "role": "Bulky Support", "bvs": {"hp": 95, "atk": 85, "def": 85, "spa": 65, "spd": 65, "spe": 35}, "stats": {"hp": 297, "atk": 191, "def": 191, "spa": 157, "spd": 157, "spe": 107}, "types": ["Water", "Ground"]}, "Cresselia": {"name": "Cresselia", "species": "Cresselia", "speciesId": "cresselia", "gender": "F", "shiny": false, "level": 80, "moves": ["moonlight", "psyshock", "thunderbolt", "calmmind"], "ability": "Levitate", "evs": {"hp": 85, "atk": 0, "def": 85, "spa": 85, "spd": 85, "spe": 85}, "ivs": {"hp": 31, "atk": 0, "def": 31, "spa": 31, "spd": 31, "spe": 31}, "item": "Leftovers", "teraType": "Electric", "role": "Bulky Setup", "bvs": {"hp": 120, "atk": 70, "def": 110, "spa": 75, "spd": 120, "spe": 85}, "stats": {"hp": 323, "atk": 117, "def": 222, "spa": 166, "spd": 238, "spe": 182}, "types": ["Psychic"]}, "Cryogonal": {"name": "Cryogonal", "species": "Cryogonal", "speciesId": "cryogonal", "gender": "N", "shiny": false, "level": 89, "moves": ["rapidspin", "haze", "recover", "freezedry"], "ability": "Levitate", "evs": {"hp": 85, "atk": 85, "def": 85, "spa": 85, "spd": 85, "spe": 85}, "ivs": {"hp": 31, "atk": 31, "def": 31, "spa": 31, "spd": 31, "spe": 31}, "item": "Heavy-Duty Boots", "teraType": "Poison", "role": "Bulky Support", "bvs": {"hp": 80, "atk": 50, "def": 50, "spa": 95, "spd": 135, "spe": 105}, "stats": {"hp": 287, "atk": 140, "def": 140, "spa": 220, "spd": 291, "spe": 238}, "types": ["Ice"]}}]}