{"id": "gen9randombattle-2631657429", "format": "[Gen 9] Random Battle", "players": ["gen9randomye", "bustardkeith"], "log": "|j|\u2606gen9randomye\n|j|\u2606bustardkeith\n|t:|1781416209\n|gametype|singles\n|player|p1|gen9randomye|102|2000\n|player|p2|bustardkeith|1|1990\n|gen|9\n|tier|[Gen 9] Random Battle\n|rated|\n|rule|Species Clause: Limit one of each Pok\u00e9mon\n|rule|HP Percentage Mod: HP is shown in percentages\n|rule|Sleep Clause Mod: Limit one foe put to sleep\n|rule|Illusion Level Mod: Illusion disguises the Pok\u00e9mon's true level\n|\n|t:|1781416209\n|teamsize|p1|6\n|teamsize|p2|6\n|start\n|switch|p1a: Wigglytuff|Wigglytuff, L96, F|424/424\n|switch|p2a: Sandy Shocks|Sandy Shocks, L80|267/267\n|turn|1\n|inactive|Battle timer is ON: inactive players will automatically lose when time's up. (requested by gen9randomye)\n|\n|t:|1781416226\n|switch|p1a: Zarude|Zarude, L77|288/288\n|move|p2a: Sandy Shocks|Stealth Rock|p1a: Zarude\n|-sidestart|p1: gen9randomye|move: Stealth Rock\n|\n|upkeep\n|turn|2\n|\n|t:|1781416247\n|-end|p2a: Sandy Shocks|Protosynthesis|[silent]\n|switch|p2a: Zacian|Zacian-Crowned, L64|225/225\n|-ability|p2a: Zacian|Intrepid Sword|boost\n|-boost|p2a: Zacian|atk|1\n|move|p1a: Zarude|U-turn|p2a: Zacian\n|-resisted|p2a: Zacian\n|-damage|p2a: Zacian|206/225\n|\n|t:|1781416264\n|switch|p1a: Grafaiai|Grafaiai, L86, M|249/249|[from] U-turn\n|-damage|p1a: Grafaiai|218/249|[from] Stealth Rock\n|\n|upkeep\n|turn|3\n|\n|t:|1781416271\n|move|p1a: Grafaiai|Swords Dance|p1a: Grafaiai\n|-boost|p1a: Grafaiai|atk|2\n|move|p2a: Zacian|Behemoth Blade|p1a: Grafaiai\n|-damage|p1a: Grafaiai|43/249\n|\n|upkeep\n|turn|4\n|\n|t:|1781416277\n|switch|p2a: Ariados|Ariados, L95, M|287/287\n|move|p1a: Grafaiai|Low Kick|p2a: Ariados\n|-resisted|p2a: Ariados\n|-damage|p2a: Ariados|257/287\n|-damage|p1a: Grafaiai|19/249|[from] item: Life Orb\n|\n|upkeep\n|turn|5\n|\n|t:|1781416288\n|switch|p2a: Sandy Shocks|Sandy Shocks, L80|267/267\n|move|p1a: Grafaiai|Knock Off|p2a: Sandy Shocks\n|-damage|p2a: Sandy Shocks|82/267\n|-enditem|p2a: Sandy Shocks|Leftovers|[from] move: Knock Off|[of] p1a: Grafaiai\n|-damage|p1a: Grafaiai|0 fnt|[from] item: Life Orb\n|faint|p1a: Grafaiai\n|\n|upkeep\n|\n|t:|1781416296\n|switch|p1a: Electivire|Electivire, L84, M|263/263\n|-damage|p1a: Electivire|231/263|[from] Stealth Rock\n|turn|6\n|\n|t:|1781416300\n|move|p1a: Electivire|Earthquake|p2a: Sandy Shocks\n|-supereffective|p2a: Sandy Shocks\n|-damage|p2a: Sandy Shocks|0 fnt\n|faint|p2a: Sandy Shocks\n|-end|p2a: Sandy Shocks|Protosynthesis|[silent]\n|-damage|p1a: Electivire|205/263|[from] item: Life Orb\n|\n|upkeep\n|\n|t:|1781416306\n|switch|p2a: Sandslash|Sandslash, L89, M|278/278\n|turn|7\n|\n|t:|1781416311\n|switch|p1a: Zarude|Zarude, L77|288/288\n|-damage|p1a: Zarude|252/288|[from] Stealth Rock\n|move|p2a: Sandslash|Spikes|p1a: Zarude\n|-sidestart|p1: gen9randomye|Spikes\n|\n|upkeep\n|turn|8\n|\n|t:|1781416318\n|switch|p2a: Zacian|Zacian-Crowned, L64|206/225\n|move|p1a: Zarude|U-turn|p2a: Zacian\n|-resisted|p2a: Zacian\n|-damage|p2a: Zacian|186/225\n|\n|t:|1781416333\n|switch|p1a: Armarouge|Armarouge, L80, F|267/267|[from] U-turn\n|-damage|p1a: Armarouge|201/267|[from] Stealth Rock\n|-damage|p1a: Armarouge|168/267|[from] Spikes\n|\n|upkeep\n|turn|9\n|\n|t:|1781416348\n|switch|p2a: Zekrom|Zekrom, L71|259/259\n|-ability|p2a: Zekrom|Teravolt\n|move|p1a: Armarouge|Armor Cannon|p2a: Zekrom\n|-resisted|p2a: Zekrom\n|-damage|p2a: Zekrom|146/259\n|-unboost|p1a: Armarouge|def|1\n|-unboost|p1a: Armarouge|spd|1\n|\n|-heal|p2a: Zekrom|162/259|[from] item: Leftovers\n|upkeep\n|turn|10\n|\n|t:|1781416362\n|switch|p1a: Wigglytuff|Wigglytuff, L96, F|424/424\n|-damage|p1a: Wigglytuff|371/424|[from] Stealth Rock\n|-damage|p1a: Wigglytuff|318/424|[from] Spikes\n|move|p2a: Zekrom|Outrage|p1a: Wigglytuff\n|-immune|p1a: Wigglytuff\n|\n|-heal|p2a: Zekrom|178/259|[from] item: Leftovers\n|-heal|p1a: Wigglytuff|344/424|[from] item: Leftovers\n|upkeep\n|turn|11\n|\n|t:|1781416371\n|switch|p2a: Ariados|Ariados, L95, M|257/287\n|move|p1a: Wigglytuff|Dazzling Gleam|p2a: Ariados\n|-resisted|p2a: Ariados\n|-damage|p2a: Ariados|208/287\n|\n|-heal|p1a: Wigglytuff|370/424|[from] item: Leftovers\n|upkeep\n|turn|12\n|\n|t:|1781416377\n|move|p1a: Wigglytuff|Wish|p1a: Wigglytuff\n|move|p2a: Ariados|Sticky Web|p1a: Wigglytuff\n|-sidestart|p1: gen9randomye|move: Sticky Web\n|\n|-heal|p1a: Wigglytuff|396/424|[from] item: Leftovers\n|upkeep\n|turn|13\n|\n|t:|1781416385\n|switch|p1a: Dusknoir|Dusknoir, L89, M|225/225\n|-damage|p1a: Dusknoir|197/225|[from] Stealth Rock\n|-damage|p1a: Dusknoir|169/225|[from] Spikes\n|-activate|p1a: Dusknoir|move: Sticky Web\n|-unboost|p1a: Dusknoir|spe|1\n|-item|p2a: Ariados|Heavy-Duty Boots|[from] ability: Frisk|[of] p1a: Dusknoir\n|move|p2a: Ariados|Knock Off|p1a: Dusknoir\n|-supereffective|p1a: Dusknoir\n|-damage|p1a: Dusknoir|63/225\n|-enditem|p1a: Dusknoir|Choice Band|[from] move: Knock Off|[of] p2a: Ariados\n|\n|-heal|p1a: Dusknoir|225/225|[from] move: Wish|[wisher] Wigglytuff\n|upkeep\n|turn|14\n|\n|t:|1781416395\n|switch|p2a: Umbreon|Umbreon, L84, M|297/297\n|move|p1a: Dusknoir|Poltergeist|p2a: Umbreon|[miss]\n|-miss|p1a: Dusknoir|p2a: Umbreon\n|\n|upkeep\n|turn|15\n|\n|t:|1781416404\n|switch|p1a: Wigglytuff|Wigglytuff, L96, F|396/424\n|-damage|p1a: Wigglytuff|343/424|[from] Stealth Rock\n|-damage|p1a: Wigglytuff|290/424|[from] Spikes\n|-activate|p1a: Wigglytuff|move: Sticky Web\n|-unboost|p1a: Wigglytuff|spe|1\n|-ability|p1a: Wigglytuff|Competitive|boost\n|-boost|p1a: Wigglytuff|spa|2\n|move|p2a: Umbreon|Toxic|p1a: Wigglytuff|[miss]\n|-miss|p2a: Umbreon|p1a: Wigglytuff\n|\n|-heal|p1a: Wigglytuff|316/424|[from] item: Leftovers\n|upkeep\n|turn|16\n|\n|t:|1781416421\n|switch|p2a: Ariados|Ariados, L95, M|208/287\n|move|p1a: Wigglytuff|Thunder Wave|p2a: Ariados|[miss]\n|-miss|p1a: Wigglytuff|p2a: Ariados\n|\n|-heal|p1a: Wigglytuff|342/424|[from] item: Leftovers\n|upkeep\n|turn|17\n|\n|t:|1781416429\n|switch|p1a: Armarouge|Armarouge, L80, F|168/267\n|-damage|p1a: Armarouge|102/267|[from] Stealth Rock\n|-damage|p1a: Armarouge|69/267|[from] Spikes\n|-activate|p1a: Armarouge|move: Sticky Web\n|-unboost|p1a: Armarouge|spe|1\n|move|p2a: Ariados|Poison Jab|p1a: Armarouge\n|-damage|p1a: Armarouge|0 fnt\n|faint|p1a: Armarouge\n|\n|upkeep\n|-message|gen9randomye forfeited.\n|\n|win|bustardkeith\n", "inputlog": ">version a8376a258c1d4662feba110a92103f3664a72141\n>start {\"formatid\":\"gen9randombattle\",\"seed\":\"sodium,5f67940ed5b8c43597cdcc9034d79b2e\",\"rated\":\"Rated battle\"}\n>player p1 {\"name\":\"gen9randomye\",\"avatar\":\"102\",\"rating\":2000,\"seed\":\"sodium,df369aec129c434a60b65f710afe361d\"}\n>player p2 {\"name\":\"bustardkeith\",\"avatar\":\"1\",\"rating\":1990,\"seed\":\"sodium,f5592a6c9b561c2a4cd84c17143428ea\"}\n>p1 switch 4\n>p2 move stealthrock\n>p1 move uturn\n>p2 switch 2\n>p1 switch 3\n>p1 move swordsdance\n>p2 move behemothblade\n>p1 move lowkick\n>p2 switch 4\n>p1 move knockoff\n>p2 switch 2\n>p1 switch 5\n>p1 move earthquake\n>p2 move earthpower\n>p2 switch 3\n>p1 switch 3\n>p2 move spikes\n>p1 move uturn\n>p2 switch 4\n>p1 switch 2\n>p1 move armorcannon\n>p2 switch 5\n>p1 switch 4\n>p2 move outrage\n>p1 move dazzlinggleam\n>p2 switch 2\n>p1 move wish\n>p2 move stickyweb\n>p1 switch 6\n>p2 move knockoff\n>p1 move poltergeist\n>p2 switch 6\n>p1 switch 6\n>p2 move toxic\n>p1 move thunderwave\n>p2 switch 6\n>p1 switch 4\n>p2 move poisonjab\n>forcelose p1", "uploadtime": 1781416211, "views": 6, "formatid": "gen9randombattle", "rating": null, "private": 0, "password": null}