{"id": "gen9randombattle-2631710514", "format": "[Gen 9] Random Battle", "players": ["Eddygee123", "ftaochaphet"], "log": "|j|\u2606Eddygee123\n|j|\u2606ftaochaphet\n|t:|1781426368\n|gametype|singles\n|player|p1|Eddygee123|1|2087\n|player|p2|ftaochaphet|102|2099\n|gen|9\n|tier|[Gen 9] Random Battle\n|rated|\n|rule|Species Clause: Limit one of each Pok\u00e9mon\n|rule|HP Percentage Mod: HP is shown in percentages\n|rule|Sleep Clause Mod: Limit one foe put to sleep\n|rule|Illusion Level Mod: Illusion disguises the Pok\u00e9mon's true level\n|\n|t:|1781426368\n|teamsize|p1|6\n|teamsize|p2|6\n|start\n|switch|p1a: Salamence|Salamence, L77, F|273/273\n|switch|p2a: Ampharos|Ampharos, L88, F|302/302\n|turn|1\n|inactive|Battle timer is ON: inactive players will automatically lose when time's up. (requested by ftaochaphet)\n|\n|t:|1781426376\n|switch|p1a: Iron Treads|Iron Treads, L77|265/265\n|move|p2a: Ampharos|Dazzling Gleam|p1a: Iron Treads\n|-resisted|p1a: Iron Treads\n|-damage|p1a: Iron Treads|225/265\n|-damage|p2a: Ampharos|272/302|[from] item: Life Orb\n|\n|upkeep\n|turn|2\n|\n|t:|1781426383\n|switch|p2a: Landorus|Landorus-Therian, L76, M|260/260\n|-ability|p2a: Landorus|Intimidate|boost\n|-unboost|p1a: Iron Treads|atk|1\n|move|p1a: Iron Treads|Volt Switch|p2a: Landorus\n|-immune|p2a: Landorus\n|\n|upkeep\n|turn|3\n|\n|t:|1781426390\n|-end|p1a: Iron Treads|Quark Drive|[silent]\n|switch|p1a: Braviary|Braviary, L85, M|309/309\n|move|p2a: Landorus|Stealth Rock|p1a: Braviary\n|-sidestart|p1: Eddygee123|move: Stealth Rock\n|\n|upkeep\n|turn|4\n|\n|t:|1781426400\n|move|p1a: Braviary|Bulk Up|p1a: Braviary\n|-boost|p1a: Braviary|atk|1\n|-boost|p1a: Braviary|def|1\n|move|p2a: Landorus|U-turn|p1a: Braviary\n|-resisted|p1a: Braviary\n|-damage|p1a: Braviary|287/309\n|\n|t:|1781426403\n|switch|p2a: Ampharos|Ampharos, L88, F|272/302|[from] U-turn\n|\n|upkeep\n|turn|5\n|\n|t:|1781426410\n|switch|p1a: Iron Treads|Iron Treads, L77|225/265\n|-damage|p1a: Iron Treads|217/265|[from] Stealth Rock\n|move|p2a: Ampharos|Agility|p2a: Ampharos\n|-boost|p2a: Ampharos|spe|2\n|\n|upkeep\n|turn|6\n|\n|t:|1781426415\n|move|p2a: Ampharos|Focus Blast|p1a: Iron Treads\n|-supereffective|p1a: Iron Treads\n|-damage|p1a: Iron Treads|0 fnt\n|faint|p1a: Iron Treads\n|-end|p1a: Iron Treads|Quark Drive|[silent]\n|-damage|p2a: Ampharos|242/302|[from] item: Life Orb\n|\n|upkeep\n|\n|t:|1781426423\n|switch|p1a: Medicham|Medicham, L86, M|243/243\n|-damage|p1a: Medicham|228/243|[from] Stealth Rock\n|turn|7\n|\n|t:|1781426430\n|move|p2a: Ampharos|Dazzling Gleam|p1a: Medicham\n|-supereffective|p1a: Medicham\n|-damage|p1a: Medicham|23/243\n|-damage|p2a: Ampharos|212/302|[from] item: Life Orb\n|move|p1a: Medicham|Close Combat|p2a: Ampharos\n|-damage|p2a: Ampharos|0 fnt\n|-unboost|p1a: Medicham|def|1\n|-unboost|p1a: Medicham|spd|1\n|-status|p1a: Medicham|par|[from] ability: Static|[of] p2a: Ampharos\n|faint|p2a: Ampharos\n|\n|upkeep\n|\n|t:|1781426448\n|switch|p2a: Ninetales|Ninetales-Alola, L78, M|242/242\n|-weather|Snowscape|[from] ability: Snow Warning|[of] p2a: Ninetales\n|turn|8\n|\n|t:|1781426454\n|move|p2a: Ninetales|Moonblast|p1a: Medicham\n|-supereffective|p1a: Medicham\n|-crit|p1a: Medicham\n|-damage|p1a: Medicham|0 fnt\n|faint|p1a: Medicham\n|\n|-weather|Snowscape|[upkeep]\n|upkeep\n|\n|t:|1781426465\n|switch|p1a: Duraludon|Duraludon, L82, F|249/249\n|-damage|p1a: Duraludon|234/249|[from] Stealth Rock\n|turn|9\n|\n|t:|1781426471\n|switch|p2a: Primarina|Primarina, L83, M|268/268\n|move|p1a: Duraludon|Flash Cannon|p2a: Primarina\n|-damage|p2a: Primarina|192/268\n|\n|-weather|Snowscape|[upkeep]\n|upkeep\n|turn|10\n|\n|t:|1781426490\n|move|p1a: Duraludon|Flash Cannon|p2a: Primarina\n|-damage|p2a: Primarina|116/268\n|move|p2a: Primarina|Moonblast|p1a: Duraludon\n|-damage|p1a: Duraludon|53/249\n|-unboost|p1a: Duraludon|spa|1\n|\n|-weather|Snowscape|[upkeep]\n|upkeep\n|turn|11\n|\n|t:|1781426499\n|move|p1a: Duraludon|Flash Cannon|p2a: Primarina\n|-damage|p2a: Primarina|67/268\n|move|p2a: Primarina|Moonblast|p1a: Duraludon\n|-damage|p1a: Duraludon|0 fnt\n|faint|p1a: Duraludon\n|\n|-weather|Snowscape|[upkeep]\n|upkeep\n|\n|t:|1781426503\n|switch|p1a: Braviary|Braviary, L85, M|287/309\n|turn|12\n|\n|t:|1781426509\n|move|p1a: Braviary|Brave Bird|p2a: Primarina\n|-damage|p2a: Primarina|0 fnt\n|faint|p2a: Primarina\n|-damage|p1a: Braviary|265/309|[from] Recoil\n|\n|-weather|none\n|upkeep\n|\n|t:|1781426513\n|switch|p2a: Ninetales|Ninetales-Alola, L78, M|242/242\n|-weather|Snowscape|[from] ability: Snow Warning|[of] p2a: Ninetales\n|turn|13\n|\n|t:|1781426516\n|-terastallize|p1a: Braviary|Steel\n|move|p2a: Ninetales|Aurora Veil|p2a: Ninetales\n|-sidestart|p2: ftaochaphet|move: Aurora Veil\n|move|p1a: Braviary|Bulk Up|p1a: Braviary\n|-boost|p1a: Braviary|atk|1\n|-boost|p1a: Braviary|def|1\n|\n|-weather|Snowscape|[upkeep]\n|upkeep\n|turn|14\n|\n|t:|1781426526\n|switch|p2a: Tauros|Tauros-Paldea-Combat, L82, M|257/257\n|-ability|p2a: Tauros|Intimidate|boost\n|-unboost|p1a: Braviary|atk|1\n|-ability|p1a: Braviary|Defiant|boost\n|-boost|p1a: Braviary|atk|2\n|move|p1a: Braviary|Bulk Up|p1a: Braviary\n|-boost|p1a: Braviary|atk|1\n|-boost|p1a: Braviary|def|1\n|\n|-weather|Snowscape|[upkeep]\n|upkeep\n|turn|15\n|\n|t:|1781426548\n|-terastallize|p2a: Tauros|Fighting\n|move|p2a: Tauros|Close Combat|p1a: Braviary\n|-supereffective|p1a: Braviary\n|-damage|p1a: Braviary|0 fnt\n|-unboost|p2a: Tauros|def|1\n|-unboost|p2a: Tauros|spd|1\n|faint|p1a: Braviary\n|\n|-weather|Snowscape|[upkeep]\n|upkeep\n|\n|t:|1781426555\n|switch|p1a: Salamence|Salamence, L77, F|273/273\n|turn|16\n|\n|t:|1781426564\n|switch|p2a: Ninetales|Ninetales-Alola, L78, M|242/242\n|switch|p1a: Regirock|Regirock, L83|268/268\n|-damage|p1a: Regirock|235/268|[from] Stealth Rock\n|\n|-weather|Snowscape|[upkeep]\n|-heal|p1a: Regirock|251/268|[from] item: Leftovers\n|upkeep\n|turn|17\n|\n|t:|1781426577\n|switch|p2a: Tauros|Tauros-Paldea-Combat, L82, M, tera:Fighting|257/257\n|-ability|p2a: Tauros|Intimidate|boost\n|-fail|p1a: Regirock|unboost|[from] ability: Clear Body|[of] p1a: Regirock\n|move|p1a: Regirock|Iron Defense|p1a: Regirock\n|-boost|p1a: Regirock|def|2\n|\n|-weather|none\n|-heal|p1a: Regirock|267/268|[from] item: Leftovers\n|upkeep\n|turn|18\n|\n|t:|1781426589\n|move|p2a: Tauros|Close Combat|p1a: Regirock\n|-supereffective|p1a: Regirock\n|-damage|p1a: Regirock|123/268\n|-unboost|p2a: Tauros|def|1\n|-unboost|p2a: Tauros|spd|1\n|move|p1a: Regirock|Thunder Wave|p2a: Tauros|[miss]\n|-miss|p1a: Regirock|p2a: Tauros\n|\n|-heal|p1a: Regirock|139/268|[from] item: Leftovers\n|upkeep\n|turn|19\n|-message|Eddygee123 forfeited.\n|\n|win|ftaochaphet\n", "inputlog": ">version a8376a258c1d4662feba110a92103f3664a72141\n>start {\"formatid\":\"gen9randombattle\",\"seed\":\"sodium,394e4ee6532dfdd18a5db54aa29bf68c\",\"rated\":\"Rated battle\"}\n>player p1 {\"name\":\"Eddygee123\",\"avatar\":\"1\",\"rating\":2087,\"seed\":\"sodium,bade8f9d6e7eecfaa367581764b42b6e\"}\n>player p2 {\"name\":\"ftaochaphet\",\"avatar\":\"102\",\"rating\":2099,\"seed\":\"sodium,9e6420d4449ad9abf17c5d457de0e0c0\"}\n>p1 switch 5\n>p2 move dazzlinggleam\n>p1 move voltswitch\n>p2 switch 6\n>p1 switch 3\n>p2 move stealthrock\n>p1 move bulkup\n>p2 move uturn\n>p2 switch 6\n>p1 switch 3\n>p2 move agility\n>p1 move rapidspin\n>p2 move focusblast\n>p1 switch 6\n>p1 move closecombat\n>p2 move dazzlinggleam\n>p2 switch 4\n>p1 move closecombat\n>p2 move moonblast\n>p1 switch 2\n>p1 move flashcannon\n>p2 switch 3\n>p1 move flashcannon\n>p2 move moonblast\n>p1 move flashcannon\n>p2 move moonblast\n>p1 switch 3\n>p1 move bravebird\n>p2 move moonblast\n>p2 switch 3\n>p1 move bulkup terastallize\n>p2 move auroraveil\n>p1 move bulkup\n>p2 switch 5\n>p1 move bravebird\n>p2 move closecombat terastallize\n>p1 switch 5\n>p1 switch 4\n>p2 switch 5\n>p1 move irondefense\n>p2 switch 5\n>p1 move thunderwave\n>p2 move closecombat\n>forcelose p1", "uploadtime": 1781426370, "views": 4, "formatid": "gen9randombattle", "rating": null, "private": 0, "password": null}