{"id": "gen9randombattle-2631451197", "format": "[Gen 9] Random Battle", "players": ["gnostechnician", "Red Skies"], "log": "|j|\u2606gnostechnician\n|j|\u2606Red Skies\n|t:|1781386264\n|gametype|singles\n|player|p1|gnostechnician|burglar-gen1rb|2084\n|player|p2|Red Skies|n|2167\n|gen|9\n|tier|[Gen 9] Random Battle\n|rated|\n|rule|Species Clause: Limit one of each Pok\u00e9mon\n|rule|HP Percentage Mod: HP is shown in percentages\n|rule|Sleep Clause Mod: Limit one foe put to sleep\n|rule|Illusion Level Mod: Illusion disguises the Pok\u00e9mon's true level\n|\n|t:|1781386264\n|teamsize|p1|6\n|teamsize|p2|6\n|start\n|switch|p1a: Eternatus|Eternatus, L69|308/308\n|switch|p2a: Dodrio|Dodrio, L85, F|241/241\n|-ability|p1a: Eternatus|Pressure\n|turn|1\n|inactive|Battle timer is ON: inactive players will automatically lose when time's up. (requested by Red Skies)\n|\n|t:|1781386310\n|switch|p1a: Bronzong|Bronzong, L88|261/261\n|move|p2a: Dodrio|Swords Dance|p2a: Dodrio\n|-boost|p2a: Dodrio|atk|2\n|\n|upkeep\n|turn|2\n|\n|t:|1781386321\n|move|p2a: Dodrio|Brave Bird|p1a: Bronzong\n|-resisted|p1a: Bronzong\n|-crit|p1a: Bronzong\n|-damage|p1a: Bronzong|94/261\n|-damage|p2a: Dodrio|186/241|[from] Recoil\n|move|p1a: Bronzong|Stealth Rock|p2a: Dodrio\n|-sidestart|p2: Red Skies|move: Stealth Rock\n|\n|-heal|p1a: Bronzong|110/261|[from] item: Leftovers\n|upkeep\n|turn|3\n|\n|t:|1781386339\n|move|p2a: Dodrio|Swords Dance|p2a: Dodrio\n|-boost|p2a: Dodrio|atk|2\n|move|p1a: Bronzong|Iron Head|p2a: Dodrio\n|-damage|p2a: Dodrio|93/241\n|\n|-heal|p1a: Bronzong|126/261|[from] item: Leftovers\n|upkeep\n|turn|4\n|\n|t:|1781386345\n|move|p2a: Dodrio|Brave Bird|p1a: Bronzong\n|-resisted|p1a: Bronzong\n|-damage|p1a: Bronzong|0 fnt\n|faint|p1a: Bronzong\n|-damage|p2a: Dodrio|51/241|[from] Recoil\n|\n|upkeep\n|\n|t:|1781386351\n|switch|p1a: Persian|Persian-Alola, L86, F|252/252\n|turn|5\n|\n|t:|1781386361\n|move|p1a: Persian|Dark Pulse|p2a: Dodrio\n|-damage|p2a: Dodrio|0 fnt\n|faint|p2a: Dodrio\n|-damage|p1a: Persian|227/252|[from] item: Life Orb\n|\n|upkeep\n|\n|t:|1781386374\n|switch|p2a: Magnezone|Magnezone, L85|258/258\n|-damage|p2a: Magnezone|242/258|[from] Stealth Rock\n|turn|6\n|l|\u2606Red Skies\n|inactive|Red Skies disconnected and has a minute to reconnect!\n|player|p2|\n|\n|t:|1781386396\n|move|p1a: Persian|Nasty Plot|p1a: Persian\n|-boost|p1a: Persian|spa|2\n|move|p2a: Magnezone|Discharge|p1a: Persian\n|-crit|p1a: Persian\n|-damage|p1a: Persian|0 fnt\n|faint|p1a: Persian\n|\n|-heal|p2a: Magnezone|258/258|[from] item: Leftovers\n|upkeep\n|j|\u2606Red Skies\n|inactive|Red Skies reconnected.\n|player|p2|Red Skies|n|\n|\n|t:|1781386408\n|switch|p1a: Eternatus|Eternatus, L69|308/308\n|-ability|p1a: Eternatus|Pressure\n|turn|7\n|\n|t:|1781386415\n|switch|p2a: Vigoroth|Vigoroth, L85, F|275/275\n|-damage|p2a: Vigoroth|241/275|[from] Stealth Rock\n|move|p1a: Eternatus|Fire Blast|p2a: Vigoroth\n|-damage|p2a: Vigoroth|174/275\n|\n|upkeep\n|turn|8\n|\n|t:|1781386423\n|move|p1a: Eternatus|Meteor Beam||[still]\n|-prepare|p1a: Eternatus|Meteor Beam\n|-boost|p1a: Eternatus|spa|1\n|-enditem|p1a: Eternatus|Power Herb\n|-anim|p1a: Eternatus|Meteor Beam|p2a: Vigoroth\n|-damage|p2a: Vigoroth|73/275\n|move|p2a: Vigoroth|Body Slam|p1a: Eternatus\n|-damage|p1a: Eternatus|218/308\n|\n|upkeep\n|turn|9\n|\n|t:|1781386432\n|move|p1a: Eternatus|Dynamax Cannon|p2a: Vigoroth\n|-damage|p2a: Vigoroth|0 fnt\n|faint|p2a: Vigoroth\n|\n|upkeep\n|\n|t:|1781386434\n|switch|p2a: Mewtwo|Mewtwo, L72|272/272\n|-ability|p2a: Mewtwo|Unnerve\n|-damage|p2a: Mewtwo|238/272|[from] Stealth Rock\n|turn|10\n|\n|t:|1781386457\n|-terastallize|p1a: Eternatus|Fire\n|move|p2a: Mewtwo|Psystrike|p1a: Eternatus\n|-damage|p1a: Eternatus|54/308\n|-damage|p2a: Mewtwo|211/272|[from] item: Life Orb\n|move|p1a: Eternatus|Fire Blast|p2a: Mewtwo\n|-damage|p2a: Mewtwo|30/272\n|\n|upkeep\n|turn|11\n|\n|t:|1781386473\n|move|p2a: Mewtwo|Psystrike|p1a: Eternatus\n|-damage|p1a: Eternatus|0 fnt\n|faint|p1a: Eternatus\n|-damage|p2a: Mewtwo|3/272|[from] item: Life Orb\n|\n|upkeep\n|inactive|gnostechnician has 120 seconds left.\n|\n|t:|1781386486\n|switch|p1a: Lumineon|Lumineon, L93, M|279/279\n|turn|12\n|\n|t:|1781386494\n|move|p2a: Mewtwo|Recover|p2a: Mewtwo\n|-heal|p2a: Mewtwo|139/272\n|move|p1a: Lumineon|Hydro Pump|p2a: Mewtwo\n|-damage|p2a: Mewtwo|22/272\n|\n|upkeep\n|turn|13\n|\n|t:|1781386500\n|move|p2a: Mewtwo|Recover|p2a: Mewtwo\n|-heal|p2a: Mewtwo|158/272\n|move|p1a: Lumineon|Encore|p2a: Mewtwo\n|-start|p2a: Mewtwo|Encore\n|\n|upkeep\n|turn|14\n|\n|t:|1781386513\n|move|p2a: Mewtwo|Recover|p2a: Mewtwo\n|-heal|p2a: Mewtwo|272/272\n|move|p1a: Lumineon|U-turn|p2a: Mewtwo\n|-supereffective|p2a: Mewtwo\n|-damage|p2a: Mewtwo|168/272\n|l|\u2606Red Skies\n|inactive|Red Skies disconnected and has a minute to reconnect!\n|player|p2|\n|\n|t:|1781386528\n|switch|p1a: Toucannon|Toucannon, L88, M|284/284|[from] U-turn\n|\n|upkeep\n|turn|15\n|j|\u2606Red Skies\n|inactive|Red Skies reconnected and has 145 seconds left.\n|player|p2|Red Skies|n|\n|\n|t:|1781386536\n|switch|p2a: Magnezone|Magnezone, L85|258/258\n|-damage|p2a: Magnezone|242/258|[from] Stealth Rock\n|-singleturn|p1a: Toucannon|move: Beak Blast\n|move|p1a: Toucannon|Beak Blast|p2a: Magnezone\n|-resisted|p2a: Magnezone\n|-damage|p2a: Magnezone|214/258\n|\n|-heal|p2a: Magnezone|230/258|[from] item: Leftovers\n|upkeep\n|turn|16\n|inactive|gnostechnician has 120 seconds left.\n|\n|t:|1781386578\n|move|p1a: Toucannon|Boomburst|p2a: Magnezone\n|-resisted|p2a: Magnezone\n|-damage|p2a: Magnezone|168/258\n|move|p2a: Magnezone|Discharge|p1a: Toucannon\n|-supereffective|p1a: Toucannon\n|-damage|p1a: Toucannon|0 fnt\n|faint|p1a: Toucannon\n|\n|-heal|p2a: Magnezone|184/258|[from] item: Leftovers\n|upkeep\n|\n|t:|1781386584\n|switch|p1a: Lumineon|Lumineon, L93, M|279/279\n|turn|17\n|\n|t:|1781386589\n|move|p1a: Lumineon|Hydro Pump|p2a: Magnezone\n|-damage|p2a: Magnezone|84/258\n|move|p2a: Magnezone|Discharge|p1a: Lumineon\n|-supereffective|p1a: Lumineon\n|-damage|p1a: Lumineon|9/279\n|\n|-heal|p2a: Magnezone|100/258|[from] item: Leftovers\n|upkeep\n|turn|18\n|\n|t:|1781386593\n|move|p1a: Lumineon|Hydro Pump|p2a: Magnezone\n|-damage|p2a: Magnezone|0 fnt\n|faint|p2a: Magnezone\n|\n|upkeep\n|\n|t:|1781386596\n|switch|p2a: Mewtwo|Mewtwo, L72|168/272\n|-ability|p2a: Mewtwo|Unnerve\n|-damage|p2a: Mewtwo|134/272|[from] Stealth Rock\n|turn|19\n|\n|t:|1781386599\n|move|p2a: Mewtwo|Psystrike|p1a: Lumineon\n|-damage|p1a: Lumineon|0 fnt\n|faint|p1a: Lumineon\n|-damage|p2a: Mewtwo|107/272|[from] item: Life Orb\n|\n|upkeep\n|\n|t:|1781386600\n|switch|p1a: Fezandipiti|Fezandipiti, L82, M|278/278\n|turn|20\n|-message|gnostechnician forfeited.\n|\n|win|Red Skies\n", "inputlog": ">version a8376a258c1d4662feba110a92103f3664a72141\n>start {\"formatid\":\"gen9randombattle\",\"seed\":\"sodium,5457798b2401da9625e002c96664c65e\",\"rated\":\"Rated battle\"}\n>player p1 {\"name\":\"gnostechnician\",\"avatar\":\"burglar-gen1rb\",\"rating\":2084,\"seed\":\"sodium,cd6918364c69b16427de9cbbee01ecf6\"}\n>player p2 {\"name\":\"Red Skies\",\"avatar\":\"n\",\"rating\":2167,\"seed\":\"sodium,03eb30aeb759500812912dd42f01b4ea\"}\n>p1 switch 4\n>p2 move swordsdance\n>p1 move stealthrock\n>p2 move bravebird\n>p1 move ironhead\n>p2 move swordsdance\n>p1 move ironhead\n>p2 move bravebird\n>p1 switch 5\n>p1 move darkpulse\n>p2 move bravebird\n>p2 switch 2\n>p1 move nastyplot\n>p2 move discharge\n>p1 switch 4\n>p1 move fireblast\n>p2 switch 3\n>p1 move meteorbeam\n>p2 move bodyslam\n>p1 move dynamaxcannon\n>p2 move bodyslam\n>p2 switch 6\n>p1 move fireblast terastallize\n>p2 move psystrike\n>p1 move dynamaxcannon\n>p2 move psystrike\n>p1 switch 3\n>p1 move hydropump\n>p2 move recover\n>p1 move encore\n>p2 move recover\n>p1 move uturn\n>p2 move recover\n>p1 switch 6\n>p1 move beakblast\n>p2 switch 3\n>p1 move boomburst\n>p2 move discharge\n>p1 switch 6\n>p1 move hydropump\n>p2 move discharge\n>p1 move hydropump\n>p2 move discharge\n>p2 switch 3\n>p1 move hydropump\n>p2 move psystrike\n>p1 switch 2\n>forcelose p1", "uploadtime": 1781386267, "views": 9, "formatid": "gen9randombattle", "rating": null, "private": 0, "password": null}