{"id": "gen9randombattle-2631706831", "format": "[Gen 9] Random Battle", "players": ["hhhuuujjxx", "zzz ww en"], "log": "|j|\u2606hhhuuujjxx\n|j|\u2606zzz ww en\n|t:|1781425676\n|gametype|singles\n|player|p1|hhhuuujjxx|101|\n|player|p2|zzz ww en|101|\n|gen|9\n|tier|[Gen 9] Random Battle\n|rule|Species Clause: Limit one of each Pok\u00e9mon\n|rule|HP Percentage Mod: HP is shown in percentages\n|rule|Sleep Clause Mod: Limit one foe put to sleep\n|rule|Illusion Level Mod: Illusion disguises the Pok\u00e9mon's true level\n|\n|t:|1781425676\n|teamsize|p1|6\n|teamsize|p2|6\n|start\n|switch|p1a: Sceptile|Sceptile, L87, M|264/264\n|switch|p2a: Eiscue|Eiscue, L88, F|274/274\n|turn|1\n|\n|t:|1781425705\n|switch|p1a: Hitmonchan|Hitmonchan, L87, M|229/229\n|switch|p2a: Iron Hands|Iron Hands, L79|373/373\n|\n|upkeep\n|turn|2\n|\n|t:|1781425718\n|-terastallize|p2a: Iron Hands|Fighting\n|move|p1a: Hitmonchan|Knock Off|p2a: Iron Hands\n|-resisted|p2a: Iron Hands\n|-damage|p2a: Iron Hands|340/373\n|-enditem|p2a: Iron Hands|Assault Vest|[from] move: Knock Off|[of] p1a: Hitmonchan\n|move|p2a: Iron Hands|Heavy Slam|p1a: Hitmonchan\n|-damage|p1a: Hitmonchan|116/229\n|\n|-heal|p1a: Hitmonchan|130/229|[from] item: Leftovers\n|upkeep\n|turn|3\n|\n|t:|1781425743\n|switch|p1a: Slaking|Slaking, L84, F|389/389\n|move|p2a: Iron Hands|Heavy Slam|p1a: Slaking\n|-damage|p1a: Slaking|344/389\n|\n|upkeep\n|turn|4\n|\n|t:|1781425772\n|move|p1a: Slaking|Giga Impact|p2a: Iron Hands\n|-damage|p2a: Iron Hands|117/373\n|-mustrecharge|p1a: Slaking\n|move|p2a: Iron Hands|Wild Charge|p1a: Slaking\n|-damage|p1a: Slaking|242/389\n|-damage|p2a: Iron Hands|91/373|[from] Recoil\n|\n|upkeep\n|turn|5\n|\n|t:|1781425790\n|cant|p1a: Slaking|recharge\n|move|p2a: Iron Hands|Volt Switch|p1a: Slaking\n|-damage|p1a: Slaking|190/389\n|\n|t:|1781425799\n|-end|p2a: Iron Hands|Quark Drive|[silent]\n|switch|p2a: Gothitelle|Gothitelle, L90, M|272/272|[from] Volt Switch\n|\n|upkeep\n|turn|6\n|\n|t:|1781425815\n|move|p1a: Slaking|Giga Impact|p2a: Gothitelle\n|-damage|p2a: Gothitelle|79/272\n|-mustrecharge|p1a: Slaking\n|move|p2a: Gothitelle|Psychic|p1a: Slaking\n|-damage|p1a: Slaking|61/389\n|\n|upkeep\n|turn|7\n|\n|t:|1781425822\n|cant|p1a: Slaking|recharge\n|move|p2a: Gothitelle|Psychic|p1a: Slaking\n|-damage|p1a: Slaking|0 fnt\n|faint|p1a: Slaking\n|\n|upkeep\n|\n|t:|1781425838\n|switch|p1a: Pecharunt|Pecharunt, L77|262/262\n|turn|8\n|\n|t:|1781425848\n|move|p2a: Gothitelle|Psychic|p1a: Pecharunt\n|-supereffective|p1a: Pecharunt\n|-damage|p1a: Pecharunt|14/262\n|move|p1a: Pecharunt|Shadow Ball|p2a: Gothitelle\n|-supereffective|p2a: Gothitelle\n|-crit|p2a: Gothitelle\n|-damage|p2a: Gothitelle|0 fnt\n|faint|p2a: Gothitelle\n|\n|-heal|p1a: Pecharunt|30/262|[from] item: Leftovers\n|upkeep\n|\n|t:|1781425862\n|switch|p2a: Pachirisu|Pachirisu, L96, F|271/271\n|turn|9\n|\n|t:|1781425870\n|switch|p1a: Sceptile|Sceptile, L87, M|264/264\n|move|p2a: Pachirisu|U-turn|p1a: Sceptile\n|-supereffective|p1a: Sceptile\n|-damage|p1a: Sceptile|168/264\n|\n|t:|1781425888\n|switch|p2a: Stonjourner|Stonjourner, L91, F|330/330|[from] U-turn\n|\n|upkeep\n|turn|10\n|\n|t:|1781425895\n|move|p1a: Sceptile|Giga Drain|p2a: Stonjourner\n|-supereffective|p2a: Stonjourner\n|-damage|p2a: Stonjourner|0 fnt\n|-heal|p1a: Sceptile|264/264|[from] drain|[of] p2a: Stonjourner\n|faint|p2a: Stonjourner\n|-damage|p1a: Sceptile|238/264|[from] item: Life Orb\n|\n|upkeep\n|\n|t:|1781425904\n|switch|p2a: Iron Hands|Iron Hands, L79, tera:Fighting|91/373\n|turn|11\n|\n|t:|1781425914\n|-terastallize|p1a: Sceptile|Ground\n|move|p1a: Sceptile|Earthquake|p2a: Iron Hands\n|-damage|p2a: Iron Hands|0 fnt\n|faint|p2a: Iron Hands\n|-end|p2a: Iron Hands|Quark Drive|[silent]\n|-damage|p1a: Sceptile|212/264|[from] item: Life Orb\n|\n|upkeep\n|\n|t:|1781425925\n|switch|p2a: Pachirisu|Pachirisu, L96, F|271/271\n|turn|12\n|\n|t:|1781425932\n|move|p1a: Sceptile|Earthquake|p2a: Pachirisu\n|-supereffective|p2a: Pachirisu\n|-damage|p2a: Pachirisu|0 fnt\n|faint|p2a: Pachirisu\n|-damage|p1a: Sceptile|186/264|[from] item: Life Orb\n|\n|upkeep\n|\n|t:|1781425940\n|switch|p2a: Vaporeon|Vaporeon, L86, F|364/364\n|turn|13\n|\n|t:|1781425947\n|move|p1a: Sceptile|Giga Drain|p2a: Vaporeon\n|-supereffective|p2a: Vaporeon\n|-damage|p2a: Vaporeon|151/364\n|-heal|p1a: Sceptile|264/264|[from] drain|[of] p2a: Vaporeon\n|-damage|p1a: Sceptile|238/264|[from] item: Life Orb\n|move|p2a: Vaporeon|Scald|p1a: Sceptile\n|-supereffective|p1a: Sceptile\n|-damage|p1a: Sceptile|40/264\n|\n|-heal|p2a: Vaporeon|173/364|[from] item: Leftovers\n|upkeep\n|turn|14\n|\n|t:|1781425961\n|move|p1a: Sceptile|Giga Drain|p2a: Vaporeon\n|-supereffective|p2a: Vaporeon\n|-damage|p2a: Vaporeon|0 fnt\n|-heal|p1a: Sceptile|127/264|[from] drain|[of] p2a: Vaporeon\n|faint|p2a: Vaporeon\n|-damage|p1a: Sceptile|101/264|[from] item: Life Orb\n|\n|upkeep\n|\n|t:|1781425968\n|switch|p2a: Eiscue|Eiscue, L88, F|274/274\n|turn|15\n|\n|t:|1781425976\n|switch|p1a: Armarouge|Armarouge, L80, M|267/267\n|move|p2a: Eiscue|Iron Head|p1a: Armarouge\n|-resisted|p1a: Armarouge\n|-damage|p1a: Armarouge|242/267\n|-ability|p1a: Armarouge|Weak Armor|boost\n|-unboost|p1a: Armarouge|def|1\n|-boost|p1a: Armarouge|spe|2\n|\n|upkeep\n|turn|16\n|\n|t:|1781425987\n|move|p1a: Armarouge|Armor Cannon|p2a: Eiscue\n|-supereffective|p2a: Eiscue\n|-damage|p2a: Eiscue|0 fnt\n|-unboost|p1a: Armarouge|def|1\n|-unboost|p1a: Armarouge|spd|1\n|faint|p2a: Eiscue\n|\n|win|hhhuuujjxx\n", "uploadtime": 1781425988, "views": 4, "formatid": "gen9randombattle", "rating": null, "private": 0, "password": null}