{"id": "gen9randombattle-2631546448", "format": "[Gen 9] Random Battle", "players": ["hung fulcrum", "The_ZirR"], "log": "|j|\u2606hung fulcrum\n|j|\u2606The_ZirR\n|t:|1781399478\n|gametype|singles\n|player|p1|hung fulcrum|170|1434\n|player|p2|The_ZirR|marley|1431\n|gen|9\n|tier|[Gen 9] Random Battle\n|rated|\n|rule|Species Clause: Limit one of each Pok\u00e9mon\n|rule|HP Percentage Mod: HP is shown in percentages\n|rule|Sleep Clause Mod: Limit one foe put to sleep\n|rule|Illusion Level Mod: Illusion disguises the Pok\u00e9mon's true level\n|\n|t:|1781399478\n|teamsize|p1|6\n|teamsize|p2|6\n|start\n|switch|p1a: Pachirisu|Pachirisu, L96, M|271/271\n|switch|p2a: Politoed|Politoed, L88, F|302/302\n|-weather|RainDance|[from] ability: Drizzle|[of] p2a: Politoed\n|turn|1\n|\n|t:|1781399492\n|switch|p2a: Bellossom|Bellossom, L84, M|263/263\n|move|p1a: Pachirisu|Nuzzle|p2a: Bellossom\n|-resisted|p2a: Bellossom\n|-damage|p2a: Bellossom|254/263\n|-status|p2a: Bellossom|par\n|\n|-weather|RainDance|[upkeep]\n|-heal|p2a: Bellossom|263/263 par|[from] item: Leftovers\n|upkeep\n|turn|2\n|\n|t:|1781399500\n|move|p1a: Pachirisu|U-turn|p2a: Bellossom\n|-supereffective|p2a: Bellossom\n|-damage|p2a: Bellossom|191/263 par\n|\n|t:|1781399521\n|switch|p1a: Kingdra|Kingdra, L84, F|263/263|[from] U-turn\n|move|p2a: Bellossom|Quiver Dance|p2a: Bellossom\n|-boost|p2a: Bellossom|spa|1\n|-boost|p2a: Bellossom|spd|1\n|-boost|p2a: Bellossom|spe|1\n|\n|-weather|RainDance|[upkeep]\n|-heal|p2a: Bellossom|207/263 par|[from] item: Leftovers\n|upkeep\n|turn|3\n|\n|t:|1781399532\n|move|p1a: Kingdra|Hurricane|p2a: Bellossom\n|-supereffective|p2a: Bellossom\n|-damage|p2a: Bellossom|80/263 par\n|-damage|p1a: Kingdra|237/263|[from] item: Life Orb\n|move|p2a: Bellossom|Strength Sap|p1a: Kingdra\n|-unboost|p1a: Kingdra|atk|1\n|-heal|p2a: Bellossom|263/263 par\n|\n|-weather|RainDance|[upkeep]\n|upkeep\n|turn|4\n|\n|t:|1781399544\n|move|p1a: Kingdra|Hurricane|p2a: Bellossom\n|-supereffective|p2a: Bellossom\n|-damage|p2a: Bellossom|143/263 par\n|-start|p2a: Bellossom|confusion\n|-damage|p1a: Kingdra|211/263|[from] item: Life Orb\n|-activate|p2a: Bellossom|confusion\n|move|p2a: Bellossom|Giga Drain|p1a: Kingdra\n|-damage|p1a: Kingdra|97/263\n|-heal|p2a: Bellossom|200/263 par|[from] drain|[of] p1a: Kingdra\n|\n|-weather|RainDance|[upkeep]\n|-heal|p2a: Bellossom|216/263 par|[from] item: Leftovers\n|upkeep\n|turn|5\n|\n|t:|1781399558\n|move|p1a: Kingdra|Hurricane|p2a: Bellossom\n|-supereffective|p2a: Bellossom\n|-damage|p2a: Bellossom|99/263 par\n|-damage|p1a: Kingdra|71/263|[from] item: Life Orb\n|-activate|p2a: Bellossom|confusion\n|-damage|p2a: Bellossom|82/263 par|[from] confusion\n|\n|-weather|none\n|-heal|p2a: Bellossom|98/263 par|[from] item: Leftovers\n|upkeep\n|turn|6\n|\n|t:|1781399568\n|move|p1a: Kingdra|Hurricane|p2a: Bellossom\n|-supereffective|p2a: Bellossom\n|-damage|p2a: Bellossom|0 fnt\n|faint|p2a: Bellossom\n|-damage|p1a: Kingdra|45/263|[from] item: Life Orb\n|\n|upkeep\n|\n|t:|1781399578\n|switch|p2a: Tentacruel|Tentacruel, L84, M|272/272\n|turn|7\n|\n|t:|1781399592\n|switch|p1a: Scizor|Scizor, L79, F|240/240\n|move|p2a: Tentacruel|Sludge Bomb|p1a: Scizor\n|-immune|p1a: Scizor\n|\n|upkeep\n|turn|8\n|\n|t:|1781399601\n|switch|p2a: Volbeat|Volbeat, L90, M|263/263\n|move|p1a: Scizor|Swords Dance|p1a: Scizor\n|-boost|p1a: Scizor|atk|2\n|\n|upkeep\n|turn|9\n|\n|t:|1781399607\n|move|p2a: Volbeat|Encore|p1a: Scizor\n|-start|p1a: Scizor|Encore\n|move|p1a: Scizor|Swords Dance|p1a: Scizor\n|-boost|p1a: Scizor|atk|2\n|\n|upkeep\n|turn|10\n|\n|t:|1781399610\n|move|p2a: Volbeat|Thunder Wave|p1a: Scizor\n|-status|p1a: Scizor|par\n|move|p1a: Scizor|Swords Dance|p1a: Scizor\n|-boost|p1a: Scizor|atk|2\n|\n|upkeep\n|turn|11\n|\n|t:|1781399622\n|move|p2a: Volbeat|U-turn|p1a: Scizor\n|-resisted|p1a: Scizor\n|-damage|p1a: Scizor|204/240 par\n|\n|t:|1781399628\n|switch|p2a: Chandelure|Chandelure, L83, F|235/235|[from] U-turn\n|move|p1a: Scizor|Swords Dance|p1a: Scizor\n|-boost|p1a: Scizor|atk|0\n|\n|-end|p1a: Scizor|Encore\n|upkeep\n|turn|12\n|\n|t:|1781399634\n|move|p2a: Chandelure|Fire Blast|p1a: Scizor\n|-supereffective|p1a: Scizor\n|-crit|p1a: Scizor\n|-damage|p1a: Scizor|0 fnt\n|faint|p1a: Scizor\n|\n|upkeep\n|\n|t:|1781399642\n|switch|p1a: Persian|Persian-Alola, L86, M|252/252\n|turn|13\n|\n|t:|1781399649\n|switch|p2a: Delibird|Delibird, M|252/252\n|move|p1a: Persian|Dark Pulse|p2a: Delibird\n|-damage|p2a: Delibird|127/252\n|-damage|p1a: Persian|227/252|[from] item: Life Orb\n|\n|upkeep\n|turn|14\n|\n|t:|1781399657\n|move|p1a: Persian|Thunderbolt|p2a: Delibird\n|-supereffective|p2a: Delibird\n|-damage|p2a: Delibird|0 fnt\n|faint|p2a: Delibird\n|-damage|p1a: Persian|202/252|[from] item: Life Orb\n|\n|upkeep\n|\n|t:|1781399663\n|switch|p2a: Volbeat|Volbeat, L90, M|263/263\n|turn|15\n|\n|t:|1781399678\n|switch|p1a: Pachirisu|Pachirisu, L96, M|271/271\n|move|p2a: Volbeat|U-turn|p1a: Pachirisu\n|-damage|p1a: Pachirisu|196/271\n|\n|t:|1781399684\n|switch|p2a: Tentacruel|Tentacruel, L84, M|272/272|[from] U-turn\n|\n|upkeep\n|turn|16\n|\n|t:|1781399700\n|switch|p2a: Politoed|Politoed, L88, F|302/302\n|-weather|RainDance|[from] ability: Drizzle|[of] p2a: Politoed\n|move|p1a: Pachirisu|Nuzzle|p2a: Politoed\n|-supereffective|p2a: Politoed\n|-damage|p2a: Politoed|264/302\n|-status|p2a: Politoed|par\n|\n|-weather|RainDance|[upkeep]\n|upkeep\n|turn|17\n|\n|t:|1781399705\n|move|p1a: Pachirisu|Thunderbolt|p2a: Politoed\n|-supereffective|p2a: Politoed\n|-damage|p2a: Politoed|132/302 par\n|move|p2a: Politoed|Weather Ball|p1a: Pachirisu\n|-damage|p1a: Pachirisu|54/271\n|\n|-weather|RainDance|[upkeep]\n|upkeep\n|turn|18\n|\n|t:|1781399711\n|move|p1a: Pachirisu|Thunderbolt|p2a: Politoed\n|-supereffective|p2a: Politoed\n|-damage|p2a: Politoed|6/302 par\n|move|p2a: Politoed|Weather Ball|p1a: Pachirisu\n|-damage|p1a: Pachirisu|0 fnt\n|faint|p1a: Pachirisu\n|\n|-weather|RainDance|[upkeep]\n|upkeep\n|\n|t:|1781399715\n|switch|p1a: Kingdra|Kingdra, L84, F|45/263\n|turn|19\n|\n|t:|1781399721\n|move|p1a: Kingdra|Hurricane|p2a: Politoed\n|-damage|p2a: Politoed|0 fnt\n|faint|p2a: Politoed\n|-damage|p1a: Kingdra|19/263|[from] item: Life Orb\n|\n|-weather|RainDance|[upkeep]\n|upkeep\n|\n|t:|1781399728\n|switch|p2a: Tentacruel|Tentacruel, L84, M|272/272\n|turn|20\n|\n|t:|1781399736\n|switch|p1a: Chimecho|Chimecho, L93, M|290/290\n|move|p2a: Tentacruel|Surf|p1a: Chimecho\n|-damage|p1a: Chimecho|169/290\n|\n|-weather|none\n|-heal|p1a: Chimecho|187/290|[from] item: Leftovers\n|upkeep\n|turn|21\n|\n|t:|1781399744\n|move|p2a: Tentacruel|Toxic|p1a: Chimecho\n|-status|p1a: Chimecho|tox\n|move|p1a: Chimecho|Cosmic Power|p1a: Chimecho\n|-boost|p1a: Chimecho|def|1\n|-boost|p1a: Chimecho|spd|1\n|\n|-heal|p1a: Chimecho|205/290 tox|[from] item: Leftovers\n|-damage|p1a: Chimecho|187/290 tox|[from] psn\n|upkeep\n|turn|22\n|\n|t:|1781399751\n|switch|p2a: Volbeat|Volbeat, L90, M|263/263\n|move|p1a: Chimecho|Cosmic Power|p1a: Chimecho\n|-boost|p1a: Chimecho|def|1\n|-boost|p1a: Chimecho|spd|1\n|\n|-heal|p1a: Chimecho|205/290 tox|[from] item: Leftovers\n|-damage|p1a: Chimecho|169/290 tox|[from] psn\n|upkeep\n|turn|23\n|\n|t:|1781399761\n|-terastallize|p1a: Chimecho|Steel\n|move|p2a: Volbeat|Encore|p1a: Chimecho\n|-start|p1a: Chimecho|Encore\n|move|p1a: Chimecho|Cosmic Power|p1a: Chimecho\n|-boost|p1a: Chimecho|def|1\n|-boost|p1a: Chimecho|spd|1\n|\n|-heal|p1a: Chimecho|187/290 tox|[from] item: Leftovers\n|-damage|p1a: Chimecho|133/290 tox|[from] psn\n|upkeep\n|turn|24\n|\n|t:|1781399771\n|move|p2a: Volbeat|U-turn|p1a: Chimecho\n|-resisted|p1a: Chimecho\n|-damage|p1a: Chimecho|118/290 tox\n|\n|t:|1781399775\n|switch|p2a: Chandelure|Chandelure, L83, F|235/235|[from] U-turn\n|move|p1a: Chimecho|Cosmic Power|p1a: Chimecho\n|-boost|p1a: Chimecho|def|1\n|-boost|p1a: Chimecho|spd|1\n|\n|-heal|p1a: Chimecho|136/290 tox|[from] item: Leftovers\n|-damage|p1a: Chimecho|64/290 tox|[from] psn\n|upkeep\n|turn|25\n|\n|t:|1781399797\n|move|p2a: Chandelure|Substitute|p2a: Chandelure\n|-start|p2a: Chandelure|Substitute\n|-damage|p2a: Chandelure|177/235\n|move|p1a: Chimecho|Cosmic Power|p1a: Chimecho\n|-boost|p1a: Chimecho|def|1\n|-boost|p1a: Chimecho|spd|1\n|\n|-heal|p2a: Chandelure|191/235|[from] item: Leftovers\n|-heal|p1a: Chimecho|82/290 tox|[from] item: Leftovers\n|-damage|p1a: Chimecho|0 fnt|[from] psn\n|faint|p1a: Chimecho\n|upkeep\n|\n|t:|1781399804\n|switch|p1a: Kingdra|Kingdra, L84, F|19/263\n|turn|26\n|\n|t:|1781399808\n|move|p1a: Kingdra|Wave Crash|p2a: Chandelure\n|-supereffective|p2a: Chandelure\n|-end|p2a: Chandelure|Substitute\n|-damage|p1a: Kingdra|0 fnt|[from] Recoil|[of] p2a: Chandelure\n|faint|p1a: Kingdra\n|move|p2a: Chandelure|Shadow Ball|p1: Kingdra|[notarget]\n|-fail|p2a: Chandelure\n|\n|-heal|p2a: Chandelure|205/235|[from] item: Leftovers\n|upkeep\n|\n|t:|1781399811\n|switch|p1a: Persian|Persian-Alola, L86, M|202/252\n|turn|27\n|\n|t:|1781399817\n|-terastallize|p2a: Chandelure|Fire\n|move|p1a: Persian|Dark Pulse|p2a: Chandelure\n|-damage|p2a: Chandelure|110/235\n|-damage|p1a: Persian|177/252|[from] item: Life Orb\n|cant|p2a: Chandelure|flinch\n|\n|-heal|p2a: Chandelure|124/235|[from] item: Leftovers\n|upkeep\n|turn|28\n|\n|t:|1781399834\n|move|p1a: Persian|Dark Pulse|p2a: Chandelure\n|-damage|p2a: Chandelure|33/235\n|-damage|p1a: Persian|152/252|[from] item: Life Orb\n|move|p2a: Chandelure|Fire Blast|p1a: Persian\n|-damage|p1a: Persian|0 fnt\n|faint|p1a: Persian\n|\n|-heal|p2a: Chandelure|47/235|[from] item: Leftovers\n|upkeep\n|\n|t:|1781399839\n|switch|p1a: Whimsicott|Whimsicott, L84, F|238/238\n|turn|29\n|\n|t:|1781399843\n|move|p1a: Whimsicott|Substitute|p1a: Whimsicott\n|-start|p1a: Whimsicott|Substitute\n|-damage|p1a: Whimsicott|179/238\n|move|p2a: Chandelure|Fire Blast|p1a: Whimsicott\n|-supereffective|p1a: Whimsicott\n|-end|p1a: Whimsicott|Substitute\n|\n|-heal|p1a: Whimsicott|193/238|[from] item: Leftovers\n|-heal|p2a: Chandelure|61/235|[from] item: Leftovers\n|upkeep\n|turn|30\n|\n|t:|1781399855\n|move|p1a: Whimsicott|Substitute|p1a: Whimsicott\n|-start|p1a: Whimsicott|Substitute\n|-damage|p1a: Whimsicott|134/238\n|move|p2a: Chandelure|Fire Blast|p1a: Whimsicott\n|-supereffective|p1a: Whimsicott\n|-crit|p1a: Whimsicott\n|-end|p1a: Whimsicott|Substitute\n|\n|-heal|p1a: Whimsicott|148/238|[from] item: Leftovers\n|-heal|p2a: Chandelure|75/235|[from] item: Leftovers\n|upkeep\n|turn|31\n|\n|t:|1781399858\n|move|p1a: Whimsicott|Substitute|p1a: Whimsicott\n|-start|p1a: Whimsicott|Substitute\n|-damage|p1a: Whimsicott|89/238\n|move|p2a: Chandelure|Fire Blast|p1a: Whimsicott\n|-supereffective|p1a: Whimsicott\n|-end|p1a: Whimsicott|Substitute\n|\n|-heal|p1a: Whimsicott|103/238|[from] item: Leftovers\n|-heal|p2a: Chandelure|89/235|[from] item: Leftovers\n|upkeep\n|turn|32\n|\n|t:|1781399863\n|move|p1a: Whimsicott|Substitute|p1a: Whimsicott\n|-start|p1a: Whimsicott|Substitute\n|-damage|p1a: Whimsicott|44/238\n|move|p2a: Chandelure|Fire Blast|p1a: Whimsicott\n|-supereffective|p1a: Whimsicott\n|-end|p1a: Whimsicott|Substitute\n|\n|-heal|p1a: Whimsicott|58/238|[from] item: Leftovers\n|-heal|p2a: Chandelure|103/235|[from] item: Leftovers\n|upkeep\n|turn|33\n|\n|t:|1781399868\n|move|p1a: Whimsicott|Moonblast|p2a: Chandelure\n|-resisted|p2a: Chandelure\n|-damage|p2a: Chandelure|60/235\n|move|p2a: Chandelure|Fire Blast|p1a: Whimsicott\n|-supereffective|p1a: Whimsicott\n|-damage|p1a: Whimsicott|0 fnt\n|faint|p1a: Whimsicott\n|\n|win|The_ZirR\n|raw|hung fulcrum's rating: 1434 &rarr; <strong>1414</strong><br />(-20 for losing)\n|raw|The_ZirR's rating: 1431 &rarr; <strong>1451</strong><br />(+20 for winning)\n", "inputlog": ">version a8376a258c1d4662feba110a92103f3664a72141\n>start {\"formatid\":\"gen9randombattle\",\"seed\":\"sodium,d5706d2b63f4ae45c8c9c86e90d8ba7d\",\"rated\":\"Rated battle\"}\n>player p1 {\"name\":\"hung fulcrum\",\"avatar\":\"170\",\"rating\":1434,\"seed\":\"sodium,b19ce0dcf59df314c6fb7b44fb5c9255\"}\n>player p2 {\"name\":\"The_ZirR\",\"avatar\":\"marley\",\"rating\":1431,\"seed\":\"sodium,2631c83f354834f94cfcc41f1dd62432\"}\n>p1 move nuzzle\n>p2 switch 2\n>p1 move uturn\n>p2 move quiverdance\n>p1 switch 5\n>p1 move hurricane\n>p2 move strengthsap\n>p1 move hurricane\n>p2 move gigadrain\n>p1 move hurricane\n>p2 move gigadrain\n>p1 move hurricane\n>p2 move strengthsap\n>p2 switch 4\n>p1 switch 2\n>p2 move sludgebomb\n>p1 move swordsdance\n>p2 switch 3\n>p1 move bugbite\n>p2 move encore\n>p1 move swordsdance\n>p2 move thunderwave\n>p1 move swordsdance\n>p2 move uturn\n>p2 switch 5\n>p1 move knockoff\n>p2 move fireblast\n>p1 switch 3\n>p1 move darkpulse\n>p2 switch 6\n>p1 move thunderbolt\n>p2 move spikes\n>p2 switch 5\n>p1 switch 5\n>p2 move uturn\n>p2 switch 3\n>p1 move nuzzle\n>p2 switch 2\n>p1 move thunderbolt\n>p2 move weatherball\n>p1 move thunderbolt\n>p2 move weatherball\n>p1 switch 2\n>p1 move hurricane\n>p2 move weatherball\n>p2 switch 2\n>p1 switch 6\n>p2 move surf\n>p1 move cosmicpower\n>p2 move toxic\n>p1 move cosmicpower\n>p2 switch 3\n>p1 move recover terastallize\n>p2 move encore\n>p1 move cosmicpower\n>p2 move uturn\n>p2 switch 6\n>p1 move cosmicpower\n>p2 move substitute\n>p1 switch 6\n>p1 move wavecrash\n>p2 move shadowball\n>p1 switch 5\n>p1 move darkpulse\n>p2 move calmmind terastallize\n>p1 move darkpulse\n>p2 move fireblast\n>p1 switch 4\n>p1 move substitute\n>p2 move fireblast\n>p1 move substitute\n>p2 move fireblast\n>p1 move substitute\n>p2 move fireblast\n>p1 move substitute\n>p2 move fireblast\n>p1 move moonblast\n>p2 move fireblast", "uploadtime": 1781399877, "views": 3, "formatid": "gen9randombattle", "rating": 1414, "private": 0, "password": null}