{"id": "gen9randombattle-2631456288", "format": "[Gen 9] Random Battle", "players": ["Greedy Rapooh", "trevorstmcgoodbody"], "log": "|j|\u2606Greedy Rapooh\n|j|\u2606trevorstmcgoodbody\n|t:|1781386894\n|gametype|singles\n|player|p1|Greedy Rapooh|acerola-masters|2055\n|player|p2|trevorstmcgoodbody|170|2076\n|gen|9\n|tier|[Gen 9] Random Battle\n|rated|\n|rule|Species Clause: Limit one of each Pok\u00e9mon\n|rule|HP Percentage Mod: HP is shown in percentages\n|rule|Sleep Clause Mod: Limit one foe put to sleep\n|rule|Illusion Level Mod: Illusion disguises the Pok\u00e9mon's true level\n|\n|t:|1781386894\n|teamsize|p1|6\n|teamsize|p2|6\n|start\n|switch|p1a: Masquerain|Masquerain, L87, F|264/264\n|switch|p2a: Perrserker|Perrserker, L89, F|269/269\n|-ability|p1a: Masquerain|Intimidate|boost\n|-unboost|p2a: Perrserker|atk|1\n|turn|1\n|inactive|Battle timer is ON: inactive players will automatically lose when time's up. (requested by trevorstmcgoodbody)\n|\n|t:|1781386907\n|move|p1a: Masquerain|Quiver Dance|p1a: Masquerain\n|-boost|p1a: Masquerain|spa|1\n|-boost|p1a: Masquerain|spd|1\n|-boost|p1a: Masquerain|spe|1\n|move|p2a: Perrserker|Stealth Rock|p1a: Masquerain\n|-sidestart|p1: Greedy Rapooh|move: Stealth Rock\n|\n|upkeep\n|turn|2\n|\n|t:|1781386916\n|move|p1a: Masquerain|Hydro Pump|p2a: Perrserker\n|-damage|p2a: Perrserker|122/269\n|move|p2a: Perrserker|U-turn|p1a: Masquerain\n|-resisted|p1a: Masquerain\n|-damage|p1a: Masquerain|220/264\n|-damage|p2a: Perrserker|96/269|[from] item: Life Orb\n|\n|t:|1781386925\n|switch|p2a: Spiritomb|Spiritomb, L89, F|234/234|[from] U-turn\n|\n|upkeep\n|turn|3\n|\n|t:|1781386930\n|move|p1a: Masquerain|Hurricane|p2a: Spiritomb\n|-damage|p2a: Spiritomb|83/234\n|-start|p2a: Spiritomb|confusion\n|-activate|p2a: Spiritomb|confusion\n|move|p2a: Spiritomb|Poltergeist|p1a: Masquerain\n|-activate|p1a: Masquerain|move: Poltergeist|Heavy-Duty Boots\n|-damage|p1a: Masquerain|72/264\n|\n|-heal|p2a: Spiritomb|97/234|[from] item: Leftovers\n|upkeep\n|turn|4\n|\n|t:|1781386943\n|-activate|p2a: Spiritomb|confusion\n|move|p2a: Spiritomb|Shadow Sneak|p1a: Masquerain\n|-damage|p1a: Masquerain|18/264\n|move|p1a: Masquerain|Hurricane|p2a: Spiritomb|[miss]\n|-miss|p1a: Masquerain|p2a: Spiritomb\n|\n|-heal|p2a: Spiritomb|111/234|[from] item: Leftovers\n|upkeep\n|turn|5\n|\n|t:|1781386954\n|switch|p2a: Perrserker|Perrserker, L89, F|96/269\n|move|p1a: Masquerain|Hurricane|p2a: Perrserker\n|-resisted|p2a: Perrserker\n|-damage|p2a: Perrserker|0 fnt\n|faint|p2a: Perrserker\n|\n|upkeep\n|\n|t:|1781386957\n|switch|p2a: Spiritomb|Spiritomb, L89, F|111/234\n|turn|6\n|\n|t:|1781386963\n|switch|p1a: Toucannon|Toucannon, L88, M|284/284\n|move|p2a: Spiritomb|Shadow Sneak|p1a: Toucannon\n|-immune|p1a: Toucannon\n|\n|-heal|p2a: Spiritomb|125/234|[from] item: Leftovers\n|upkeep\n|turn|7\n|\n|t:|1781386980\n|-singleturn|p1a: Toucannon|move: Beak Blast\n|move|p2a: Spiritomb|Pain Split|p1a: Toucannon\n|-sethp|p1a: Toucannon|204/284|[from] move: Pain Split|[silent]\n|-sethp|p2a: Spiritomb|204/234|[from] move: Pain Split\n|move|p1a: Toucannon|Beak Blast|p2a: Spiritomb\n|-damage|p2a: Spiritomb|86/234\n|\n|-heal|p2a: Spiritomb|100/234|[from] item: Leftovers\n|upkeep\n|turn|8\n|\n|t:|1781386988\n|-singleturn|p1a: Toucannon|move: Beak Blast\n|move|p2a: Spiritomb|Pain Split|p1a: Toucannon\n|-sethp|p1a: Toucannon|152/284|[from] move: Pain Split|[silent]\n|-sethp|p2a: Spiritomb|152/234|[from] move: Pain Split\n|move|p1a: Toucannon|Beak Blast|p2a: Spiritomb\n|-damage|p2a: Spiritomb|44/234\n|\n|-heal|p2a: Spiritomb|58/234|[from] item: Leftovers\n|upkeep\n|turn|9\n|\n|t:|1781387002\n|switch|p2a: Indeedee|Indeedee-F, L90, F|272/272\n|-fieldstart|move: Psychic Terrain|[from] ability: Psychic Surge|[of] p2a: Indeedee\n|-singleturn|p1a: Toucannon|move: Beak Blast\n|move|p1a: Toucannon|Beak Blast|p2a: Indeedee\n|-damage|p2a: Indeedee|106/272\n|\n|upkeep\n|turn|10\n|inactive|Greedy Rapooh has 120 seconds left.\n|\n|t:|1781387038\n|-singleturn|p1a: Toucannon|move: Beak Blast\n|move|p2a: Indeedee|Psychic|p1a: Toucannon\n|-damage|p1a: Toucannon|2/284\n|move|p1a: Toucannon|Beak Blast|p2a: Indeedee\n|-crit|p2a: Indeedee\n|-damage|p2a: Indeedee|0 fnt\n|faint|p2a: Indeedee\n|\n|upkeep\n|\n|t:|1781387064\n|switch|p2a: Dugtrio|Dugtrio, L84, M|196/196\n|turn|11\n|\n|t:|1781387067\n|-singleturn|p1a: Toucannon|move: Beak Blast\n|move|p2a: Dugtrio|Stone Edge|p1a: Toucannon|[miss]\n|-miss|p2a: Dugtrio|p1a: Toucannon\n|move|p1a: Toucannon|Beak Blast|p2a: Dugtrio\n|-damage|p2a: Dugtrio|6/196\n|\n|upkeep\n|turn|12\n|\n|t:|1781387070\n|-singleturn|p1a: Toucannon|move: Beak Blast\n|move|p2a: Dugtrio|Stone Edge|p1a: Toucannon\n|-supereffective|p1a: Toucannon\n|-damage|p1a: Toucannon|0 fnt\n|faint|p1a: Toucannon\n|\n|upkeep\n|\n|t:|1781387075\n|switch|p1a: Hitmonlee|Hitmonlee, L85, M|224/224\n|-damage|p1a: Hitmonlee|210/224|[from] Stealth Rock\n|turn|13\n|\n|t:|1781387086\n|switch|p2a: Spiritomb|Spiritomb, L89, F|58/234\n|move|p1a: Hitmonlee|Swords Dance|p1a: Hitmonlee\n|-boost|p1a: Hitmonlee|atk|2\n|\n|-heal|p2a: Spiritomb|72/234|[from] item: Leftovers\n|-fieldend|move: Psychic Terrain\n|upkeep\n|turn|14\n|\n|t:|1781387092\n|move|p1a: Hitmonlee|Knock Off|p2a: Spiritomb\n|-damage|p2a: Spiritomb|0 fnt\n|-enditem|p2a: Spiritomb|Leftovers|[from] move: Knock Off|[of] p1a: Hitmonlee\n|faint|p2a: Spiritomb\n|\n|upkeep\n|\n|t:|1781387097\n|switch|p2a: Hitmonlee|Hitmonlee, L85, M|223/223\n|turn|15\n|\n|t:|1781387101\n|move|p2a: Hitmonlee|High Jump Kick|p1a: Hitmonlee\n|-damage|p1a: Hitmonlee|0 fnt\n|faint|p1a: Hitmonlee\n|\n|upkeep\n|\n|t:|1781387104\n|switch|p1a: Masquerain|Masquerain, L87, F|18/264\n|-ability|p1a: Masquerain|Intimidate|boost\n|-unboost|p2a: Hitmonlee|atk|1\n|turn|16\n|\n|t:|1781387108\n|move|p2a: Hitmonlee|High Jump Kick|p1a: Masquerain\n|-resisted|p1a: Masquerain\n|-damage|p1a: Masquerain|0 fnt\n|faint|p1a: Masquerain\n|\n|upkeep\n|\n|t:|1781387111\n|switch|p1a: Breloom|Breloom, L83, F|235/235\n|-damage|p1a: Breloom|221/235|[from] Stealth Rock\n|turn|17\n|\n|t:|1781387117\n|switch|p2a: Dugtrio|Dugtrio, L84, M|6/196\n|move|p1a: Breloom|Bullet Seed|p2a: Dugtrio\n|-supereffective|p2a: Dugtrio\n|-damage|p2a: Dugtrio|0 fnt\n|faint|p2a: Dugtrio\n|-hitcount|p2: Dugtrio|1\n|-damage|p1a: Breloom|198/235|[from] item: Life Orb\n|\n|upkeep\n|\n|t:|1781387121\n|switch|p2a: Hitmonlee|Hitmonlee, L85, M|223/223\n|turn|18\n|\n|t:|1781387124\n|move|p1a: Breloom|Mach Punch|p2a: Hitmonlee\n|-damage|p2a: Hitmonlee|90/223\n|-damage|p1a: Breloom|175/235|[from] item: Life Orb\n|move|p2a: Hitmonlee|High Jump Kick|p1a: Breloom\n|-damage|p1a: Breloom|0 fnt\n|faint|p1a: Breloom\n|\n|upkeep\n|\n|t:|1781387132\n|switch|p1a: Toxtricity|Toxtricity, L82, M|257/257\n|-damage|p1a: Toxtricity|225/257|[from] Stealth Rock\n|turn|19\n|\n|t:|1781387138\n|switch|p2a: Gumshoos|Gumshoos, L95, M|321/321\n|move|p1a: Toxtricity|Boomburst|p2a: Gumshoos\n|-damage|p2a: Gumshoos|72/321\n|\n|upkeep\n|turn|20\n|l|\u2606trevorstmcgoodbody\n|inactive|trevorstmcgoodbody disconnected and has a minute to reconnect!\n|player|p2|\n|inactive|trevorstmcgoodbody has 30 seconds to reconnect!\n|inactive|trevorstmcgoodbody has 20 seconds to reconnect!\n|inactive|trevorstmcgoodbody has 15 seconds to reconnect!\n|inactive|trevorstmcgoodbody has 10 seconds to reconnect!\n|inactive|trevorstmcgoodbody has 5 seconds to reconnect!\n|-message|trevorstmcgoodbody lost due to inactivity.\n|\n|win|Greedy Rapooh\n", "inputlog": ">version a8376a258c1d4662feba110a92103f3664a72141\n>start {\"formatid\":\"gen9randombattle\",\"seed\":\"sodium,3d43542d85abb9c3f0c316bedda114d4\",\"rated\":\"Rated battle\"}\n>player p1 {\"name\":\"Greedy Rapooh\",\"avatar\":\"acerola-masters\",\"rating\":2055,\"seed\":\"sodium,987cdd718345048b366c1d5a87e2cff0\"}\n>player p2 {\"name\":\"trevorstmcgoodbody\",\"avatar\":\"170\",\"rating\":2076,\"seed\":\"sodium,807d135cdbbcac894dda5267e0e358ac\"}\n>p1 move quiverdance\n>p2 move stealthrock\n>p1 move hydropump\n>p2 move uturn\n>p2 switch 5\n>p1 move hurricane\n>p2 move poltergeist\n>p1 move hurricane\n>p2 move shadowsneak\n>p1 move hurricane\n>p2 switch 5\n>p2 switch 5\n>p1 switch 4\n>p2 move shadowsneak\n>p1 move beakblast\n>p2 move painsplit\n>p1 move beakblast\n>p2 move painsplit\n>p1 move beakblast\n>p2 switch 4\n>p1 move beakblast\n>p2 move psychic\n>p2 switch 2\n>p1 move beakblast\n>p2 move stoneedge\n>p1 move beakblast\n>p2 move stoneedge\n>p1 switch 2\n>p1 move swordsdance\n>p2 switch 4\n>p1 move knockoff\n>p2 move painsplit\n>p2 switch 6\n>p1 move closecombat\n>p2 move highjumpkick\n>p1 switch 4\n>p1 move quiverdance\n>p2 move highjumpkick\n>p1 switch 3\n>p1 move bulletseed\n>p2 switch 4\n>p2 switch 4\n>p1 move machpunch\n>p2 move highjumpkick\n>p1 switch 6\n>p1 move boomburst\n>p2 switch 3\n>forcelose p2", "uploadtime": 1781386896, "views": 5, "formatid": "gen9randombattle", "rating": null, "private": 0, "password": null}