{"id": "gen9randombattle-2631877497", "format": "[Gen 9] Random Battle", "players": ["KlausUnbound", "cansermaro8"], "log": "|j|\u2606KlausUnbound\n|j|\u2606cansermaro8\n|t:|1781451088\n|gametype|singles\n|player|p1|KlausUnbound|heroine2-conquest|2279\n|player|p2|cansermaro8|266|2262\n|gen|9\n|tier|[Gen 9] Random Battle\n|rated|\n|rule|Species Clause: Limit one of each Pok\u00e9mon\n|rule|HP Percentage Mod: HP is shown in percentages\n|rule|Sleep Clause Mod: Limit one foe put to sleep\n|rule|Illusion Level Mod: Illusion disguises the Pok\u00e9mon's true level\n|\n|t:|1781451088\n|teamsize|p1|6\n|teamsize|p2|6\n|start\n|switch|p1a: Komala|Komala, L88, F|258/258\n|switch|p2a: Araquanid|Araquanid, L82, F|246/246\n|-ability|p1a: Komala|Comatose\n|turn|1\n|inactive|Battle timer is ON: inactive players will automatically lose when time's up. (requested by KlausUnbound)\n|\n|t:|1781451100\n|switch|p2a: Hippowdon|Hippowdon, L82, F|311/311\n|-weather|Sandstorm|[from] ability: Sand Stream|[of] p2a: Hippowdon\n|move|p1a: Komala|Body Slam|p2a: Hippowdon\n|-damage|p2a: Hippowdon|218/311\n|-status|p2a: Hippowdon|par\n|\n|-weather|Sandstorm|[upkeep]\n|-damage|p1a: Komala|242/258|[from] Sandstorm\n|-heal|p2a: Hippowdon|237/311 par|[from] item: Leftovers\n|upkeep\n|turn|2\n|\n|t:|1781451104\n|move|p1a: Komala|Knock Off|p2a: Hippowdon\n|-damage|p2a: Hippowdon|160/311 par\n|-enditem|p2a: Hippowdon|Leftovers|[from] move: Knock Off|[of] p1a: Komala\n|move|p2a: Hippowdon|Earthquake|p1a: Komala\n|-damage|p1a: Komala|100/258\n|\n|-weather|Sandstorm|[upkeep]\n|-damage|p1a: Komala|84/258|[from] Sandstorm\n|upkeep\n|turn|3\n|\n|t:|1781451109\n|move|p1a: Komala|Body Slam|p2a: Hippowdon\n|-damage|p2a: Hippowdon|70/311 par\n|move|p2a: Hippowdon|Slack Off|p2a: Hippowdon\n|-heal|p2a: Hippowdon|226/311 par\n|\n|-weather|Sandstorm|[upkeep]\n|-damage|p1a: Komala|68/258|[from] Sandstorm\n|upkeep\n|turn|4\n|\n|t:|1781451120\n|move|p1a: Komala|Body Slam|p2a: Hippowdon\n|-damage|p2a: Hippowdon|138/311 par\n|cant|p2a: Hippowdon|par\n|\n|-weather|Sandstorm|[upkeep]\n|-damage|p1a: Komala|52/258|[from] Sandstorm\n|upkeep\n|turn|5\n|\n|t:|1781451126\n|move|p1a: Komala|Body Slam|p2a: Hippowdon\n|-damage|p2a: Hippowdon|36/311 par\n|move|p2a: Hippowdon|Slack Off|p2a: Hippowdon\n|-heal|p2a: Hippowdon|192/311 par\n|\n|-weather|none\n|upkeep\n|turn|6\n|\n|t:|1781451132\n|switch|p1a: Flamigo|Flamigo, L82, F|269/269\n|cant|p2a: Hippowdon|par\n|\n|upkeep\n|turn|7\n|\n|t:|1781451146\n|move|p1a: Flamigo|Brave Bird|p2a: Hippowdon\n|-crit|p2a: Hippowdon\n|-damage|p2a: Hippowdon|0 fnt\n|faint|p2a: Hippowdon\n|-damage|p1a: Flamigo|206/269|[from] Recoil\n|\n|upkeep\n|\n|t:|1781451154\n|switch|p2a: Mightyena|Mightyena, L96, F|290/290\n|-ability|p2a: Mightyena|Intimidate|boost\n|-fail|p1a: Flamigo|unboost|Attack|[from] ability: Scrappy|[of] p1a: Flamigo\n|turn|8\n|\n|t:|1781451162\n|switch|p1a: Galvantula|Galvantula, L82, M|249/249\n|move|p2a: Mightyena|Play Rough|p1a: Galvantula\n|-crit|p1a: Galvantula\n|-damage|p1a: Galvantula|80/249\n|\n|upkeep\n|turn|9\n|\n|t:|1781451179\n|move|p1a: Galvantula|Bug Buzz|p2a: Mightyena\n|-supereffective|p2a: Mightyena\n|-damage|p2a: Mightyena|92/290\n|move|p2a: Mightyena|Crunch|p1a: Galvantula\n|-damage|p1a: Galvantula|0 fnt\n|faint|p1a: Galvantula\n|\n|-heal|p2a: Mightyena|110/290|[from] item: Leftovers\n|upkeep\n|\n|t:|1781451184\n|switch|p1a: Flamigo|Flamigo, L82, F|206/269\n|turn|10\n|\n|t:|1781451199\n|move|p1a: Flamigo|U-turn|p2a: Mightyena\n|-supereffective|p2a: Mightyena\n|-damage|p2a: Mightyena|0 fnt\n|faint|p2a: Mightyena\n|\n|t:|1781451204\n|switch|p1a: Komala|Komala, L88, F|52/258|[from] U-turn\n|-ability|p1a: Komala|Comatose\n|\n|upkeep\n|\n|t:|1781451210\n|switch|p2a: Terapagos|Terapagos, L77, F|265/265\n|-activate|p2a: Terapagos|ability: Tera Shift\n|detailschange|p2a: Terapagos|Terapagos-Terastal, L77, F\n|-heal|p2a: Terapagos|273/273|[silent]\n|turn|11\n|\n|t:|1781451214\n|move|p2a: Terapagos|Tera Starstorm|p1a: Komala\n|-damage|p1a: Komala|0 fnt\n|faint|p1a: Komala\n|\n|upkeep\n|\n|t:|1781451237\n|switch|p1a: Flamigo|Flamigo, L82, F|206/269\n|turn|12\n|\n|t:|1781451240\n|move|p1a: Flamigo|U-turn|p2a: Terapagos\n|-activate|p2a: Terapagos|ability: Tera Shell\n|-resisted|p2a: Terapagos\n|-damage|p2a: Terapagos|235/273\n|\n|t:|1781451243\n|switch|p1a: Kommo-o|Kommo-o, L78, M|245/245|[from] U-turn\n|move|p2a: Terapagos|Tera Starstorm|p1a: Kommo-o\n|-damage|p1a: Kommo-o|136/245\n|\n|upkeep\n|turn|13\n|\n|t:|1781451250\n|switch|p2a: Trevenant|Trevenant, L89, F|296/296\n|move|p1a: Kommo-o|Drain Punch|p2a: Trevenant\n|-immune|p2a: Trevenant\n|\n|upkeep\n|turn|14\n|\n|t:|1781451254\n|move|p1a: Kommo-o|Clanging Scales|p2a: Trevenant\n|-damage|p2a: Trevenant|185/296\n|-unboost|p1a: Kommo-o|def|1\n|-enditem|p1a: Kommo-o|Throat Spray\n|-boost|p1a: Kommo-o|spa|1|[from] item: Throat Spray\n|move|p2a: Trevenant|Poltergeist||[still]\n|-fail|p2a: Trevenant\n|\n|upkeep\n|turn|15\n|\n|t:|1781451265\n|move|p1a: Kommo-o|Iron Head|p2a: Trevenant\n|-damage|p2a: Trevenant|130/296\n|cant|p2a: Trevenant|flinch\n|\n|upkeep\n|turn|16\n|\n|t:|1781451269\n|move|p1a: Kommo-o|Clanging Scales|p2a: Trevenant\n|-damage|p2a: Trevenant|0 fnt\n|faint|p2a: Trevenant\n|-unboost|p1a: Kommo-o|def|1\n|\n|upkeep\n|\n|t:|1781451282\n|switch|p2a: Araquanid|Araquanid, L82, F|246/246\n|turn|17\n|\n|t:|1781451287\n|move|p1a: Kommo-o|Clanging Scales|p2a: Araquanid\n|-damage|p2a: Araquanid|131/246\n|-unboost|p1a: Kommo-o|def|1\n|move|p2a: Araquanid|Liquidation|p1a: Kommo-o\n|-resisted|p1a: Kommo-o\n|-damage|p1a: Kommo-o|0 fnt\n|faint|p1a: Kommo-o\n|\n|upkeep\n|\n|t:|1781451290\n|switch|p1a: Flamigo|Flamigo, L82, F|206/269\n|turn|18\n|\n|t:|1781451302\n|move|p1a: Flamigo|Brave Bird|p2a: Araquanid\n|-supereffective|p2a: Araquanid\n|-damage|p2a: Araquanid|0 fnt\n|faint|p2a: Araquanid\n|-damage|p1a: Flamigo|163/269|[from] Recoil\n|\n|upkeep\n|\n|t:|1781451304\n|switch|p2a: Terapagos|Terapagos-Terastal, L77, F|235/273\n|turn|19\n|\n|t:|1781451307\n|move|p1a: Flamigo|Brave Bird|p2a: Terapagos\n|-damage|p2a: Terapagos|46/273\n|-damage|p1a: Flamigo|101/269|[from] Recoil\n|move|p2a: Terapagos|Rapid Spin|p1a: Flamigo\n|-crit|p1a: Flamigo\n|-damage|p1a: Flamigo|28/269\n|-boost|p2a: Terapagos|spe|1\n|\n|upkeep\n|turn|20\n|\n|t:|1781451318\n|move|p2a: Terapagos|Tera Starstorm|p1a: Flamigo\n|-damage|p1a: Flamigo|0 fnt\n|faint|p1a: Flamigo\n|\n|upkeep\n|\n|t:|1781451323\n|switch|p1a: Espeon|Espeon, L84, F|246/246\n|turn|21\n|\n|t:|1781451332\n|move|p2a: Terapagos|Tera Starstorm|p1a: Espeon\n|-damage|p1a: Espeon|137/246\n|move|p1a: Espeon|Psyshock|p2a: Terapagos\n|-damage|p2a: Terapagos|0 fnt\n|faint|p2a: Terapagos\n|\n|upkeep\n|\n|t:|1781451335\n|switch|p2a: Sinistcha|Sinistcha, L83|254/254\n|turn|22\n|\n|t:|1781451341\n|-terastallize|p1a: Espeon|Psychic\n|-terastallize|p2a: Sinistcha|Steel\n|move|p1a: Espeon|Psyshock|p2a: Sinistcha\n|-resisted|p2a: Sinistcha\n|-damage|p2a: Sinistcha|161/254\n|move|p2a: Sinistcha|Calm Mind|p2a: Sinistcha\n|-boost|p2a: Sinistcha|spa|1\n|-boost|p2a: Sinistcha|spd|1\n|\n|-heal|p2a: Sinistcha|176/254|[from] item: Leftovers\n|upkeep\n|turn|23\n|\n|t:|1781451345\n|move|p1a: Espeon|Psyshock|p2a: Sinistcha\n|-resisted|p2a: Sinistcha\n|-damage|p2a: Sinistcha|83/254\n|move|p2a: Sinistcha|Matcha Gotcha|p1a: Espeon\n|-damage|p1a: Espeon|5/246\n|-heal|p2a: Sinistcha|149/254|[from] drain|[of] p1a: Espeon\n|\n|-heal|p2a: Sinistcha|164/254|[from] item: Leftovers\n|upkeep\n|turn|24\n|\n|t:|1781451350\n|move|p1a: Espeon|Psyshock|p2a: Sinistcha\n|-resisted|p2a: Sinistcha\n|-damage|p2a: Sinistcha|70/254\n|move|p2a: Sinistcha|Matcha Gotcha|p1a: Espeon\n|-damage|p1a: Espeon|0 fnt\n|-heal|p2a: Sinistcha|73/254|[from] drain|[of] p1a: Espeon\n|faint|p1a: Espeon\n|\n|-heal|p2a: Sinistcha|88/254|[from] item: Leftovers\n|upkeep\n|c|\u2606KlausUnbound|gg\n|\n|t:|1781451354\n|switch|p1a: Deoxys|Deoxys-Attack, L72|191/191\n|-ability|p1a: Deoxys|Pressure\n|turn|25\n|\n|t:|1781451365\n|move|p1a: Deoxys|Superpower|p2a: Sinistcha\n|-supereffective|p2a: Sinistcha\n|-damage|p2a: Sinistcha|0 fnt\n|-unboost|p1a: Deoxys|atk|1\n|-unboost|p1a: Deoxys|def|1\n|faint|p2a: Sinistcha\n|-damage|p1a: Deoxys|172/191|[from] item: Life Orb\n|\n|win|KlausUnbound\n", "inputlog": ">version a8376a258c1d4662feba110a92103f3664a72141\n>start {\"formatid\":\"gen9randombattle\",\"seed\":\"sodium,48ba942c41f924794eb70c0f875dafac\",\"rated\":\"Rated battle\"}\n>player p1 {\"name\":\"KlausUnbound\",\"avatar\":\"heroine2-conquest\",\"rating\":2279,\"seed\":\"sodium,24c1e2eb788183b7e38c6cf39ed7c8ab\"}\n>player p2 {\"name\":\"cansermaro8\",\"avatar\":\"266\",\"rating\":2262,\"seed\":\"sodium,117d8367fa52d0252bac62ec47a05e4f\"}\n>p1 move bodyslam\n>p2 switch 2\n>p1 move knockoff\n>p2 move earthquake\n>p1 move bodyslam\n>p2 move slackoff\n>p1 move bodyslam\n>p2 move earthquake\n>p1 move bodyslam\n>p2 move slackoff\n>p1 switch 2\n>p2 move slackoff\n>p1 move bravebird\n>p2 move slackoff\n>p2 switch 3\n>p1 switch 4\n>p2 move playrough\n>p1 move bugbuzz\n>p2 move crunch\n>p1 switch 4\n>p1 move uturn\n>p2 move playrough\n>p1 switch 2\n>p2 switch 6\n>p1 move bodyslam\n>p2 move terastarstorm\n>p1 switch 2\n>p1 move uturn\n>p2 move terastarstorm\n>p1 switch 6\n>p1 move drainpunch\n>p2 switch 5\n>p1 move clangingscales\n>p2 move poltergeist\n>p1 move ironhead\n>p2 move drainpunch\n>p1 move clangingscales\n>p2 move drainpunch\n>p2 switch 2\n>p1 move clangingscales\n>p2 move liquidation\n>p1 switch 6\n>p1 move bravebird\n>p2 move liquidation\n>p2 switch 5\n>p1 move bravebird\n>p2 move rapidspin\n>p1 move bravebird\n>p2 move terastarstorm\n>p1 switch 5\n>p1 move psyshock\n>p2 move terastarstorm\n>p2 switch 4\n>p1 move psyshock terastallize\n>p2 move calmmind terastallize\n>p1 move psyshock\n>p2 move matchagotcha\n>p1 move psyshock\n>p2 move matchagotcha\n>chat \u2606KlausUnbound|gg\n>p1 switch 3\n>p1 move superpower\n>p2 move matchagotcha", "uploadtime": 1781451090, "views": 4, "formatid": "gen9randombattle", "rating": null, "private": 0, "password": null}