{"id": "gen9randombattle-2631697970", "format": "[Gen 9] Random Battle", "players": ["regu2", "MakotoV7"], "log": "|j|\u2606regu2\n|j|\u2606MakotoV7\n|t:|1781423969\n|gametype|singles\n|player|p1|regu2|2|2013\n|player|p2|MakotoV7|steven|2029\n|gen|9\n|tier|[Gen 9] Random Battle\n|rated|\n|rule|Species Clause: Limit one of each Pok\u00e9mon\n|rule|HP Percentage Mod: HP is shown in percentages\n|rule|Sleep Clause Mod: Limit one foe put to sleep\n|rule|Illusion Level Mod: Illusion disguises the Pok\u00e9mon's true level\n|\n|t:|1781423969\n|teamsize|p1|6\n|teamsize|p2|6\n|start\n|switch|p1a: Cetitan|Cetitan, L82, F|412/412\n|switch|p2a: Gengar|Gengar, L81, F|230/230\n|turn|1\n|inactive|Battle timer is ON: inactive players will automatically lose when time's up. (requested by regu2)\n|\n|t:|1781423981\n|switch|p1a: Polteageist|Polteageist-Antique, L78|222/222\n|move|p2a: Gengar|Focus Blast|p1a: Polteageist\n|-immune|p1a: Polteageist\n|\n|upkeep\n|turn|2\n|\n|t:|1781423987\n|move|p2a: Gengar|Shadow Ball|p1a: Polteageist\n|-supereffective|p1a: Polteageist\n|-damage|p1a: Polteageist|0 fnt\n|-start|p2a: Gengar|Disable|Shadow Ball|[from] ability: Cursed Body|[of] p1a: Polteageist\n|faint|p1a: Polteageist\n|-damage|p2a: Gengar|207/230|[from] item: Life Orb\n|\n|upkeep\n|\n|t:|1781423994\n|switch|p1a: Toxtricity|Toxtricity, L82, M|257/257\n|turn|3\n|\n|t:|1781424003\n|move|p1a: Toxtricity|Volt Switch|p2a: Gengar\n|-damage|p2a: Gengar|110/230\n|\n|t:|1781424010\n|switch|p1a: Skarmory|Skarmory, L80, F|235/235|[from] Volt Switch\n|move|p2a: Gengar|Sludge Wave|p1a: Skarmory\n|-immune|p1a: Skarmory\n|\n|upkeep\n|turn|4\n|\n|t:|1781424014\n|move|p2a: Gengar|Focus Blast|p1a: Skarmory\n|-damage|p1a: Skarmory|75/235\n|-damage|p2a: Gengar|87/230|[from] item: Life Orb\n|move|p1a: Skarmory|Stealth Rock|p2a: Gengar\n|-sidestart|p2: MakotoV7|move: Stealth Rock\n|\n|-heal|p1a: Skarmory|89/235|[from] item: Leftovers\n|upkeep\n|turn|5\n|\n|t:|1781424019\n|move|p2a: Gengar|Focus Blast|p1a: Skarmory\n|-damage|p1a: Skarmory|0 fnt\n|faint|p1a: Skarmory\n|-damage|p2a: Gengar|64/230|[from] item: Life Orb\n|\n|-end|p2a: Gengar|Disable\n|upkeep\n|\n|t:|1781424023\n|switch|p1a: Toxtricity|Toxtricity, L82, M|257/257\n|turn|6\n|\n|t:|1781424027\n|move|p1a: Toxtricity|Volt Switch|p2a: Gengar\n|-damage|p2a: Gengar|0 fnt\n|-start|p1a: Toxtricity|Disable|Volt Switch|[from] ability: Cursed Body|[of] p2a: Gengar\n|faint|p2a: Gengar\n|\n|t:|1781424028\n|switch|p1a: Cetitan|Cetitan, L82, F|412/412|[from] Volt Switch\n|\n|upkeep\n|\n|t:|1781424031\n|switch|p2a: Arcanine|Arcanine-Hisui, L79, F|279/279\n|-damage|p2a: Arcanine|210/279|[from] Stealth Rock\n|turn|7\n|\n|t:|1781424036\n|switch|p1a: Copperajah|Copperajah, L86, M|350/350\n|move|p2a: Arcanine|Flare Blitz|p1a: Copperajah\n|-supereffective|p1a: Copperajah\n|-damage|p1a: Copperajah|0 fnt\n|faint|p1a: Copperajah\n|\n|upkeep\n|\n|t:|1781424042\n|switch|p1a: Flygon|Flygon, L82, M|265/265\n|turn|8\n|\n|t:|1781424050\n|switch|p2a: Spidops|Spidops, L96, M|271/271\n|move|p1a: Flygon|Dragon Dance|p1a: Flygon\n|-boost|p1a: Flygon|atk|1\n|-boost|p1a: Flygon|spe|1\n|\n|upkeep\n|turn|9\n|\n|t:|1781424055\n|move|p1a: Flygon|Stone Edge|p2a: Spidops|[miss]\n|-miss|p1a: Flygon|p2a: Spidops\n|move|p2a: Spidops|Circle Throw|p1a: Flygon\n|-damage|p1a: Flygon|215/265\n|drag|p1a: Toxtricity|Toxtricity, L82, M|257/257\n|\n|upkeep\n|turn|10\n|\n|t:|1781424057\n|move|p1a: Toxtricity|Boomburst|p2a: Spidops\n|-damage|p2a: Spidops|156/271\n|move|p2a: Spidops|Sticky Web|p1a: Toxtricity\n|-sidestart|p1: regu2|move: Sticky Web\n|\n|upkeep\n|turn|11\n|\n|t:|1781424060\n|move|p1a: Toxtricity|Boomburst|p2a: Spidops\n|-damage|p2a: Spidops|26/271\n|move|p2a: Spidops|Circle Throw|p1a: Toxtricity|[miss]\n|-miss|p2a: Spidops|p1a: Toxtricity\n|\n|upkeep\n|turn|12\n|\n|t:|1781424065\n|-terastallize|p2a: Spidops|Ghost\n|move|p1a: Toxtricity|Boomburst|p2a: Spidops\n|-immune|p2a: Spidops\n|move|p2a: Spidops|Circle Throw|p1a: Toxtricity\n|-resisted|p1a: Toxtricity\n|-damage|p1a: Toxtricity|228/257\n|drag|p1a: Flygon|Flygon, L82, M|215/265\n|\n|upkeep\n|turn|13\n|\n|t:|1781424069\n|move|p1a: Flygon|Earthquake|p2a: Spidops\n|-damage|p2a: Spidops|0 fnt\n|faint|p2a: Spidops\n|\n|upkeep\n|\n|t:|1781424077\n|switch|p2a: Mewtwo|Mewtwo, L72|272/272\n|-ability|p2a: Mewtwo|Unnerve\n|-damage|p2a: Mewtwo|238/272|[from] Stealth Rock\n|turn|14\n|\n|t:|1781424082\n|move|p2a: Mewtwo|Psystrike|p1a: Flygon\n|-damage|p1a: Flygon|58/265\n|-damage|p2a: Mewtwo|211/272|[from] item: Life Orb\n|move|p1a: Flygon|Dragon Dance|p1a: Flygon\n|-boost|p1a: Flygon|atk|1\n|-boost|p1a: Flygon|spe|1\n|\n|upkeep\n|turn|15\n|\n|t:|1781424101\n|move|p1a: Flygon|Outrage|p2a: Mewtwo\n|-damage|p2a: Mewtwo|4/272\n|move|p2a: Mewtwo|Psystrike|p1a: Flygon\n|-damage|p1a: Flygon|0 fnt\n|faint|p1a: Flygon\n|-damage|p2a: Mewtwo|0 fnt|[from] item: Life Orb\n|faint|p2a: Mewtwo\n|\n|upkeep\n|\n|t:|1781424107\n|switch|p2a: Koraidon|Koraidon, L64|235/235\n|switch|p1a: Toxtricity|Toxtricity, L82, M|228/257\n|-activate|p1a: Toxtricity|move: Sticky Web\n|-unboost|p1a: Toxtricity|spe|1\n|-damage|p2a: Koraidon|221/235|[from] Stealth Rock\n|-weather|SunnyDay|[from] ability: Orichalcum Pulse|[of] p2a: Koraidon\n|-activate|p2a: Koraidon|Orichalcum Pulse|[source]\n|turn|16\n|\n|t:|1781424113\n|move|p2a: Koraidon|Flare Blitz|p1a: Toxtricity\n|-damage|p1a: Toxtricity|0 fnt\n|faint|p1a: Toxtricity\n|-damage|p2a: Koraidon|146/235|[from] Recoil\n|\n|-weather|SunnyDay|[upkeep]\n|upkeep\n|\n|t:|1781424116\n|switch|p1a: Cetitan|Cetitan, L82, F|412/412\n|-activate|p1a: Cetitan|move: Sticky Web\n|-unboost|p1a: Cetitan|spe|1\n|turn|17\n|\n|t:|1781424118\n|move|p2a: Koraidon|Flare Blitz|p1a: Cetitan\n|-supereffective|p1a: Cetitan\n|-damage|p1a: Cetitan|148/412\n|-enditem|p1a: Cetitan|Sitrus Berry|[eat]\n|-heal|p1a: Cetitan|251/412|[from] item: Sitrus Berry\n|-damage|p2a: Koraidon|59/235|[from] Recoil\n|move|p1a: Cetitan|Belly Drum|p1a: Cetitan\n|-damage|p1a: Cetitan|45/412\n|-setboost|p1a: Cetitan|atk|6|[from] move: Belly Drum\n|\n|-weather|SunnyDay|[upkeep]\n|upkeep\n|turn|18\n|\n|t:|1781424123\n|move|p1a: Cetitan|Ice Shard|p2a: Koraidon\n|-supereffective|p2a: Koraidon\n|-damage|p2a: Koraidon|0 fnt\n|faint|p2a: Koraidon\n|\n|-weather|SunnyDay|[upkeep]\n|upkeep\n|\n|t:|1781424128\n|switch|p2a: Arcanine|Arcanine-Hisui, L79, F|210/279\n|-damage|p2a: Arcanine|141/279|[from] Stealth Rock\n|turn|19\n|\n|t:|1781424132\n|-terastallize|p1a: Cetitan|Ice\n|move|p2a: Arcanine|Extreme Speed|p1a: Cetitan\n|-damage|p1a: Cetitan|0 fnt\n|faint|p1a: Cetitan\n|\n|win|MakotoV7\n|raw|regu2's rating: 2013 &rarr; <strong>1995</strong><br />(-18 for losing)\n|raw|MakotoV7's rating: 2046 &rarr; <strong>2064</strong><br />(+18 for winning)\n", "inputlog": ">version a8376a258c1d4662feba110a92103f3664a72141\n>start {\"formatid\":\"gen9randombattle\",\"seed\":\"sodium,0a9d4ffb31ec96dab103994884826755\",\"rated\":\"Rated battle\"}\n>player p1 {\"name\":\"regu2\",\"avatar\":\"2\",\"rating\":2013,\"seed\":\"sodium,5ee02e556adf730b318551a4e225f753\"}\n>player p2 {\"name\":\"MakotoV7\",\"avatar\":\"steven\",\"rating\":2029,\"seed\":\"sodium,217ab4696e23df556f18dded185311a0\"}\n>p1 switch 5\n>p2 move focusblast\n>p1 move shellsmash\n>p2 move shadowball\n>p1 switch 3\n>p1 move voltswitch\n>p2 move sludgewave\n>p1 switch 2\n>p1 move stealthrock\n>p2 move focusblast\n>p1 move spikes\n>p2 move focusblast\n>p1 switch 2\n>p1 move voltswitch\n>p2 move shadowball\n>p1 switch 5\n>p2 switch 2\n>p1 switch 4\n>p2 move flareblitz\n>p1 switch 6\n>p1 move dragondance\n>p2 switch 5\n>p1 move stoneedge\n>p2 move circlethrow\n>p1 move boomburst\n>p2 move stickyweb\n>p1 move boomburst\n>p2 move circlethrow\n>p1 move boomburst\n>p2 move circlethrow terastallize\n>p1 move earthquake\n>p2 move uturn\n>p2 switch 6\n>p1 move dragondance\n>p2 move psystrike\n>p1 move outrage\n>p2 move psystrike\n>p1 switch 5\n>p2 switch 3\n>p1 move boomburst\n>p2 move flareblitz\n>p1 switch 4\n>p1 move bellydrum\n>p2 move flareblitz\n>p1 move iceshard\n>p2 move flareblitz\n>p2 switch 5\n>p1 move iceshard terastallize\n>p2 move extremespeed", "uploadtime": 1781424132, "views": 6, "formatid": "gen9randombattle", "rating": 1995, "private": 0, "password": null}