{"id": "gen9randombattle-2631804191", "format": "[Gen 9] Random Battle", "players": ["cynda49.50", "lizhixian"], "log": "|j|\u2606cynda49.50\n|j|\u2606lizhixian\n|t:|1781442083\n|gametype|singles\n|player|p1|cynda49.50|1|1045\n|player|p2|lizhixian|265|1058\n|gen|9\n|tier|[Gen 9] Random Battle\n|rated|\n|rule|Species Clause: Limit one of each Pok\u00e9mon\n|rule|HP Percentage Mod: HP is shown in percentages\n|rule|Sleep Clause Mod: Limit one foe put to sleep\n|rule|Illusion Level Mod: Illusion disguises the Pok\u00e9mon's true level\n|\n|t:|1781442083\n|teamsize|p1|6\n|teamsize|p2|6\n|start\n|switch|p1a: Rampardos|Rampardos, L90, M|321/321\n|switch|p2a: Mightyena|Mightyena, L96, F|290/290\n|-ability|p2a: Mightyena|Intimidate|boost\n|-unboost|p1a: Rampardos|atk|1\n|turn|1\n|\n|t:|1781442106\n|move|p1a: Rampardos|Head Smash|p2a: Mightyena|[miss]\n|-miss|p1a: Rampardos|p2a: Mightyena\n|move|p2a: Mightyena|Throat Chop|p1a: Rampardos\n|-crit|p1a: Rampardos\n|-damage|p1a: Rampardos|21/321\n|-start|p1a: Rampardos|Throat Chop|[silent]\n|\n|upkeep\n|turn|2\n|\n|t:|1781442121\n|switch|p2a: Registeel|Registeel, L81|262/262\n|move|p1a: Rampardos|Head Smash|p2a: Registeel\n|-resisted|p2a: Registeel\n|-crit|p2a: Registeel\n|-damage|p2a: Registeel|120/262\n|-damage|p1a: Rampardos|0 fnt|[from] Recoil\n|faint|p1a: Rampardos\n|\n|-heal|p2a: Registeel|136/262|[from] item: Leftovers\n|upkeep\n|\n|t:|1781442125\n|switch|p1a: Sandslash|Sandslash, L89, M|278/278\n|turn|3\n|\n|t:|1781442138\n|move|p1a: Sandslash|Swords Dance|p1a: Sandslash\n|-boost|p1a: Sandslash|atk|2\n|move|p2a: Registeel|Body Press|p1a: Sandslash\n|-damage|p1a: Sandslash|218/278\n|\n|-heal|p1a: Sandslash|235/278|[from] item: Leftovers\n|-heal|p2a: Registeel|152/262|[from] item: Leftovers\n|upkeep\n|turn|4\n|\n|t:|1781442152\n|move|p1a: Sandslash|Rapid Spin|p2a: Registeel\n|-resisted|p2a: Registeel\n|-damage|p2a: Registeel|123/262\n|-boost|p1a: Sandslash|spe|1\n|move|p2a: Registeel|Stealth Rock|p1a: Sandslash\n|-sidestart|p1: cynda49.50|move: Stealth Rock\n|\n|-heal|p1a: Sandslash|252/278|[from] item: Leftovers\n|-heal|p2a: Registeel|139/262|[from] item: Leftovers\n|upkeep\n|turn|5\n|\n|t:|1781442161\n|move|p1a: Sandslash|Earthquake|p2a: Registeel\n|-supereffective|p2a: Registeel\n|-damage|p2a: Registeel|0 fnt\n|faint|p2a: Registeel\n|\n|-heal|p1a: Sandslash|269/278|[from] item: Leftovers\n|upkeep\n|\n|t:|1781442181\n|switch|p2a: Flygon|Flygon, L82, F|265/265\n|turn|6\n|\n|t:|1781442193\n|move|p1a: Sandslash|Stone Edge|p2a: Flygon\n|-resisted|p2a: Flygon\n|-damage|p2a: Flygon|177/265\n|move|p2a: Flygon|Dragon Dance|p2a: Flygon\n|-boost|p2a: Flygon|atk|1\n|-boost|p2a: Flygon|spe|1\n|\n|-heal|p1a: Sandslash|278/278|[from] item: Leftovers\n|upkeep\n|turn|7\n|\n|t:|1781442204\n|move|p2a: Flygon|Earthquake|p1a: Sandslash\n|-damage|p1a: Sandslash|160/278\n|move|p1a: Sandslash|Swords Dance|p1a: Sandslash\n|-boost|p1a: Sandslash|atk|2\n|\n|-heal|p1a: Sandslash|177/278|[from] item: Leftovers\n|upkeep\n|turn|8\n|\n|t:|1781442214\n|move|p2a: Flygon|Outrage|p1a: Sandslash\n|-damage|p1a: Sandslash|33/278\n|move|p1a: Sandslash|Stone Edge|p2a: Flygon\n|-resisted|p2a: Flygon\n|-damage|p2a: Flygon|38/265\n|\n|-heal|p1a: Sandslash|50/278|[from] item: Leftovers\n|upkeep\n|turn|9\n|\n|t:|1781442233\n|switch|p1a: Iron Treads|Iron Treads, L77|265/265\n|-damage|p1a: Iron Treads|257/265|[from] Stealth Rock\n|move|p2a: Flygon|Outrage|p1a: Iron Treads|[from] lockedmove\n|-resisted|p1a: Iron Treads\n|-damage|p1a: Iron Treads|184/265\n|-start|p2a: Flygon|confusion|[fatigue]\n|-enditem|p2a: Flygon|Lum Berry|[eat]\n|-end|p2a: Flygon|confusion\n|\n|-heal|p1a: Iron Treads|200/265|[from] item: Leftovers\n|upkeep\n|turn|10\n|\n|t:|1781442250\n|move|p2a: Flygon|Earthquake|p1a: Iron Treads\n|-supereffective|p1a: Iron Treads\n|-damage|p1a: Iron Treads|0 fnt\n|faint|p1a: Iron Treads\n|-end|p1a: Iron Treads|Quark Drive|[silent]\n|\n|upkeep\n|\n|t:|1781442264\n|switch|p1a: Banette|Banette, L93, M|270/270\n|-damage|p1a: Banette|237/270|[from] Stealth Rock\n|turn|11\n|\n|t:|1781442281\n|move|p1a: Banette|Shadow Sneak|p2a: Flygon\n|-damage|p2a: Flygon|0 fnt\n|faint|p2a: Flygon\n|-damage|p1a: Banette|210/270|[from] item: Life Orb\n|\n|upkeep\n|\n|t:|1781442293\n|switch|p2a: Vivillon|Vivillon-Polar, L83, F|268/268\n|turn|12\n|\n|t:|1781442299\n|move|p1a: Banette|Shadow Sneak|p2a: Vivillon\n|-damage|p2a: Vivillon|150/268\n|-damage|p1a: Banette|183/270|[from] item: Life Orb\n|move|p2a: Vivillon|Quiver Dance|p2a: Vivillon\n|-boost|p2a: Vivillon|spa|1\n|-boost|p2a: Vivillon|spd|1\n|-boost|p2a: Vivillon|spe|1\n|\n|upkeep\n|turn|13\n|\n|t:|1781442318\n|-terastallize|p1a: Banette|Ghost\n|move|p1a: Banette|Shadow Sneak|p2a: Vivillon\n|-damage|p2a: Vivillon|0 fnt\n|faint|p2a: Vivillon\n|-damage|p1a: Banette|156/270|[from] item: Life Orb\n|\n|upkeep\n|\n|t:|1781442328\n|switch|p2a: Persian|Persian, L92, F|269/269\n|turn|14\n|\n|t:|1781442335\n|move|p2a: Persian|Knock Off|p1a: Banette\n|-supereffective|p1a: Banette\n|-damage|p1a: Banette|0 fnt\n|-enditem|p1a: Banette|Life Orb|[from] move: Knock Off|[of] p2a: Persian\n|faint|p1a: Banette\n|\n|upkeep\n|\n|t:|1781442348\n|switch|p1a: Arboliva|Arboliva, L91, F|288/288\n|-damage|p1a: Arboliva|252/288|[from] Stealth Rock\n|turn|15\n|\n|t:|1781442354\n|move|p2a: Persian|Knock Off|p1a: Arboliva\n|-damage|p1a: Arboliva|161/288\n|-enditem|p1a: Arboliva|Sitrus Berry|[from] move: Knock Off|[of] p2a: Persian\n|move|p1a: Arboliva|Leech Seed|p2a: Persian\n|-start|p2a: Persian|move: Leech Seed\n|\n|-damage|p2a: Persian|236/269|[from] Leech Seed|[of] p1a: Arboliva\n|-heal|p1a: Arboliva|194/288|[silent]\n|upkeep\n|turn|16\n|\n|t:|1781442377\n|switch|p2a: Tinkaton|Tinkaton, L82, F|274/274\n|-ability|p2a: Tinkaton|Mold Breaker\n|move|p1a: Arboliva|Protect||[still]\n|-fail|p1a: Arboliva\n|\n|upkeep\n|turn|17\n|\n|t:|1781442388\n|move|p2a: Tinkaton|Swords Dance|p2a: Tinkaton\n|-boost|p2a: Tinkaton|atk|2\n|move|p1a: Arboliva|Leech Seed|p2a: Tinkaton\n|-start|p2a: Tinkaton|move: Leech Seed\n|\n|-damage|p2a: Tinkaton|240/274|[from] Leech Seed|[of] p1a: Arboliva\n|-heal|p1a: Arboliva|228/288|[silent]\n|upkeep\n|turn|18\n|\n|t:|1781442408\n|move|p1a: Arboliva|Protect|p1a: Arboliva\n|-singleturn|p1a: Arboliva|Protect\n|move|p2a: Tinkaton|Gigaton Hammer|p1a: Arboliva\n|-activate|p1a: Arboliva|move: Protect\n|\n|-heal|p2a: Tinkaton|257/274|[from] item: Leftovers\n|-damage|p2a: Tinkaton|223/274|[from] Leech Seed|[of] p1a: Arboliva\n|-heal|p1a: Arboliva|262/288|[silent]\n|upkeep\n|turn|19\n|\n|t:|1781442423\n|move|p2a: Tinkaton|Swords Dance|p2a: Tinkaton\n|-boost|p2a: Tinkaton|atk|2\n|move|p1a: Arboliva|Substitute|p1a: Arboliva\n|-start|p1a: Arboliva|Substitute\n|-damage|p1a: Arboliva|190/288\n|\n|-heal|p2a: Tinkaton|240/274|[from] item: Leftovers\n|-damage|p2a: Tinkaton|206/274|[from] Leech Seed|[of] p1a: Arboliva\n|-heal|p1a: Arboliva|224/288|[silent]\n|upkeep\n|turn|20\n|\n|t:|1781442434\n|move|p1a: Arboliva|Protect|p1a: Arboliva\n|-singleturn|p1a: Arboliva|Protect\n|move|p2a: Tinkaton|Swords Dance|p2a: Tinkaton\n|-boost|p2a: Tinkaton|atk|2\n|\n|-heal|p2a: Tinkaton|223/274|[from] item: Leftovers\n|-damage|p2a: Tinkaton|189/274|[from] Leech Seed|[of] p1a: Arboliva\n|-heal|p1a: Arboliva|258/288|[silent]\n|upkeep\n|turn|21\n|\n|t:|1781442446\n|move|p2a: Tinkaton|Knock Off|p1a: Arboliva\n|-end|p1a: Arboliva|Substitute\n|move|p1a: Arboliva|Hyper Voice|p2a: Tinkaton\n|-resisted|p2a: Tinkaton\n|-damage|p2a: Tinkaton|124/274\n|\n|-heal|p2a: Tinkaton|141/274|[from] item: Leftovers\n|-damage|p2a: Tinkaton|107/274|[from] Leech Seed|[of] p1a: Arboliva\n|-heal|p1a: Arboliva|288/288|[silent]\n|upkeep\n|turn|22\n|\n|t:|1781442457\n|move|p1a: Arboliva|Protect|p1a: Arboliva\n|-singleturn|p1a: Arboliva|Protect\n|move|p2a: Tinkaton|Knock Off|p1a: Arboliva\n|-activate|p1a: Arboliva|move: Protect\n|\n|-heal|p2a: Tinkaton|124/274|[from] item: Leftovers\n|-damage|p2a: Tinkaton|90/274|[from] Leech Seed|[of] p1a: Arboliva\n|upkeep\n|turn|23\n|\n|t:|1781442467\n|move|p2a: Tinkaton|Gigaton Hammer|p1a: Arboliva\n|-damage|p1a: Arboliva|0 fnt\n|faint|p1a: Arboliva\n|\n|-heal|p2a: Tinkaton|107/274|[from] item: Leftovers\n|upkeep\n|\n|t:|1781442474\n|switch|p1a: Bellibolt|Bellibolt, L84, F|320/320\n|-damage|p1a: Bellibolt|280/320|[from] Stealth Rock\n|turn|24\n|\n|t:|1781442479\n|switch|p1a: Sandslash|Sandslash, L89, M|50/278\n|-damage|p1a: Sandslash|33/278|[from] Stealth Rock\n|move|p2a: Tinkaton|Knock Off|p1a: Sandslash\n|-damage|p1a: Sandslash|0 fnt\n|-enditem|p1a: Sandslash|Leftovers|[from] move: Knock Off|[of] p2a: Tinkaton\n|faint|p1a: Sandslash\n|\n|-heal|p2a: Tinkaton|124/274|[from] item: Leftovers\n|upkeep\n|\n|t:|1781442486\n|switch|p1a: Bellibolt|Bellibolt, L84, F|280/320\n|-damage|p1a: Bellibolt|240/320|[from] Stealth Rock\n|turn|25\n|\n|t:|1781442496\n|move|p2a: Tinkaton|Gigaton Hammer|p1a: Bellibolt\n|-resisted|p1a: Bellibolt\n|-damage|p1a: Bellibolt|0 fnt\n|faint|p1a: Bellibolt\n|\n|win|lizhixian\n|raw|cynda49.50's rating: 1045 &rarr; <strong>1029</strong><br />(-16 for losing)\n|raw|lizhixian's rating: 1058 &rarr; <strong>1088</strong><br />(+30 for winning)\n", "inputlog": ">version a8376a258c1d4662feba110a92103f3664a72141\n>start {\"formatid\":\"gen9randombattle\",\"seed\":\"sodium,e9ff75408f0285f98ee1e69872a5226a\",\"rated\":\"Rated battle\"}\n>player p1 {\"name\":\"cynda49.50\",\"avatar\":\"1\",\"rating\":1045,\"seed\":\"sodium,b503b31a6e7a87bcef5f0b62a6e4c6ce\"}\n>player p2 {\"name\":\"lizhixian\",\"avatar\":\"265\",\"rating\":1058,\"seed\":\"sodium,be3377b6d39c691602a9edd947614f1e\"}\n>p1 move headsmash\n>p2 move throatchop\n>p1 move headsmash\n>p2 switch 5\n>p1 switch 4\n>p1 move swordsdance\n>p2 move bodypress\n>p1 move rapidspin\n>p2 move stealthrock\n>p1 move earthquake\n>p2 move ironhead\n>p2 switch 4\n>p1 move stoneedge\n>p2 move dragondance\n>p1 move swordsdance\n>p2 move earthquake\n>p1 move stoneedge\n>p2 move outrage\n>p1 switch 5\n>p2 move outrage\n>p1 move ironhead\n>p2 move earthquake\n>p1 switch 6\n>p1 move shadowsneak\n>p2 move outrage\n>p2 switch 3\n>p1 move shadowsneak\n>p2 move quiverdance\n>p1 move shadowsneak terastallize\n>p2 move hurricane\n>p2 switch 2\n>p1 move swordsdance\n>p2 move knockoff\n>p1 switch 3\n>p1 move leechseed\n>p2 move knockoff\n>p1 move protect\n>p2 switch 6\n>p1 move leechseed\n>p2 move swordsdance\n>p1 move protect\n>p2 move gigatonhammer\n>p1 move substitute\n>p2 move swordsdance\n>p1 move protect\n>p2 move swordsdance\n>p1 move hypervoice\n>p2 move knockoff\n>p1 move protect\n>p2 move knockoff\n>p1 move substitute\n>p2 move gigatonhammer\n>p1 switch 2\n>p1 switch 5\n>p2 move knockoff\n>p1 switch 5\n>p1 move thunderbolt\n>p2 move gigatonhammer", "uploadtime": 1781442503, "views": 4, "formatid": "gen9randombattle", "rating": 1029, "private": 0, "password": null}