{"id": "gen9randombattle-2631862671", "format": "[Gen 9] Random Battle", "players": ["duuhhao", "Teres bahji"], "log": "|badge|p1|bronze|gen9randombattle|100-9\n|uhtml|medal-msg|<div class=\"broadcast-blue\">Curious what those medals under the avatar are? PS now has Ladder Seasons! For more information, check out the <a href=\"https://www.smogon.com/forums/threads/3740067/\">thread on Smogon.</a></div>\n|badge|p2|silver|gen9randombattle|30-9\n|uhtml|medal-msg|<div class=\"broadcast-blue\">Curious what those medals under the avatar are? PS now has Ladder Seasons! For more information, check out the <a href=\"https://www.smogon.com/forums/threads/3740067/\">thread on Smogon.</a></div>\n|j|\u2606duuhhao\n|j|\u2606Teres bahji\n|t:|1781449425\n|gametype|singles\n|player|p1|duuhhao|clair|2287\n|player|p2|Teres bahji|#rbtt6teamzarudef|2386\n|gen|9\n|tier|[Gen 9] Random Battle\n|rated|\n|rule|Species Clause: Limit one of each Pok\u00e9mon\n|rule|HP Percentage Mod: HP is shown in percentages\n|rule|Sleep Clause Mod: Limit one foe put to sleep\n|rule|Illusion Level Mod: Illusion disguises the Pok\u00e9mon's true level\n|\n|t:|1781449425\n|teamsize|p1|6\n|teamsize|p2|6\n|start\n|switch|p1a: Chesnaught|Chesnaught, L84, F|285/285\n|switch|p2a: Persian|Persian-Alola, L86, F|252/252\n|turn|1\n|inactive|Battle timer is ON: inactive players will automatically lose when time's up. (requested by Teres bahji)\n|j| Woodij55\n|\n|t:|1781449436\n|switch|p2a: Masquerain|Masquerain, L87, F|264/264\n|-ability|p2a: Masquerain|Intimidate|boost\n|-unboost|p1a: Chesnaught|atk|1\n|move|p1a: Chesnaught|Body Press|p2a: Masquerain\n|-resisted|p2a: Masquerain\n|-damage|p2a: Masquerain|234/264\n|\n|upkeep\n|turn|2\n|\n|t:|1781449443\n|switch|p1a: Lumineon|Lumineon, L93, F|279/279\n|move|p2a: Masquerain|Sticky Web|p1a: Lumineon\n|-sidestart|p1: duuhhao|move: Sticky Web\n|\n|upkeep\n|turn|3\n|\n|t:|1781449452\n|move|p1a: Lumineon|Encore|p2a: Masquerain\n|-start|p2a: Masquerain|Encore\n|move|p2a: Masquerain|Sticky Web||[still]\n|-fail|p2a: Masquerain\n|\n|upkeep\n|turn|4\n|\n|t:|1781449456\n|switch|p2a: Dachsbun|Dachsbun, L92, M|254/254\n|move|p1a: Lumineon|Hydro Pump|p2a: Dachsbun\n|-damage|p2a: Dachsbun|108/254\n|-damage|p1a: Lumineon|252/279|[from] item: Life Orb\n|\n|-heal|p2a: Dachsbun|123/254|[from] item: Leftovers\n|upkeep\n|turn|5\n|\n|t:|1781449466\n|move|p2a: Dachsbun|Protect|p2a: Dachsbun\n|-singleturn|p2a: Dachsbun|Protect\n|move|p1a: Lumineon|Hydro Pump|p2a: Dachsbun\n|-activate|p2a: Dachsbun|move: Protect\n|\n|-heal|p2a: Dachsbun|138/254|[from] item: Leftovers\n|upkeep\n|turn|6\n|\n|t:|1781449471\n|move|p2a: Dachsbun|Wish|p2a: Dachsbun\n|move|p1a: Lumineon|Hydro Pump|p2a: Dachsbun|[miss]\n|-miss|p1a: Lumineon|p2a: Dachsbun\n|\n|-heal|p2a: Dachsbun|153/254|[from] item: Leftovers\n|upkeep\n|turn|7\n|\n|t:|1781449476\n|move|p2a: Dachsbun|Protect|p2a: Dachsbun\n|-singleturn|p2a: Dachsbun|Protect\n|move|p1a: Lumineon|Encore|p2a: Dachsbun\n|-activate|p2a: Dachsbun|move: Protect\n|\n|-heal|p2a: Dachsbun|254/254|[from] move: Wish|[wisher] Dachsbun\n|upkeep\n|turn|8\n|\n|t:|1781449479\n|move|p2a: Dachsbun|Play Rough|p1a: Lumineon\n|-damage|p1a: Lumineon|147/279\n|move|p1a: Lumineon|Encore|p2a: Dachsbun\n|-start|p2a: Dachsbun|Encore\n|\n|upkeep\n|turn|9\n|\n|t:|1781449486\n|move|p2a: Dachsbun|Play Rough|p1a: Lumineon\n|-damage|p1a: Lumineon|51/279\n|move|p1a: Lumineon|Hydro Pump|p2a: Dachsbun\n|-damage|p2a: Dachsbun|101/254\n|-damage|p1a: Lumineon|24/279|[from] item: Life Orb\n|\n|-heal|p2a: Dachsbun|116/254|[from] item: Leftovers\n|upkeep\n|turn|10\n|\n|t:|1781449490\n|move|p2a: Dachsbun|Play Rough|p1a: Lumineon\n|-damage|p1a: Lumineon|0 fnt\n|faint|p1a: Lumineon\n|\n|-heal|p2a: Dachsbun|131/254|[from] item: Leftovers\n|upkeep\n|\n|t:|1781449492\n|switch|p1a: Serperior|Serperior, L79, M|248/248\n|-activate|p1a: Serperior|move: Sticky Web\n|-boost|p1a: Serperior|spe|1\n|turn|11\n|\n|t:|1781449498\n|switch|p2a: Corviknight|Corviknight, L80, F|288/288\n|-ability|p2a: Corviknight|Pressure\n|move|p1a: Serperior|Leaf Storm|p2a: Corviknight\n|-resisted|p2a: Corviknight\n|-damage|p2a: Corviknight|253/288\n|-boost|p1a: Serperior|spa|2\n|-damage|p1a: Serperior|224/248|[from] item: Life Orb\n|\n|-heal|p2a: Corviknight|271/288|[from] item: Leftovers\n|upkeep\n|turn|12\n|\n|t:|1781449504\n|move|p1a: Serperior|Glare|p2a: Corviknight\n|-status|p2a: Corviknight|par\n|move|p2a: Corviknight|Brave Bird|p1a: Serperior\n|-supereffective|p1a: Serperior\n|-damage|p1a: Serperior|0 fnt\n|faint|p1a: Serperior\n|-damage|p2a: Corviknight|197/288 par|[from] Recoil\n|\n|-heal|p2a: Corviknight|215/288 par|[from] item: Leftovers\n|upkeep\n|\n|t:|1781449511\n|switch|p1a: Polteageist|Polteageist, L78|222/222\n|-activate|p1a: Polteageist|move: Sticky Web\n|-unboost|p1a: Polteageist|spe|1\n|-enditem|p1a: Polteageist|White Herb\n|-clearnegativeboost|p1a: Polteageist|[silent]\n|turn|13\n|\n|t:|1781449517\n|move|p1a: Polteageist|Shell Smash|p1a: Polteageist\n|-unboost|p1a: Polteageist|def|1\n|-unboost|p1a: Polteageist|spd|1\n|-boost|p1a: Polteageist|atk|2\n|-boost|p1a: Polteageist|spa|2\n|-boost|p1a: Polteageist|spe|2\n|cant|p2a: Corviknight|par\n|\n|-heal|p2a: Corviknight|233/288 par|[from] item: Leftovers\n|upkeep\n|turn|14\n|\n|t:|1781449525\n|move|p1a: Polteageist|Shadow Ball|p2a: Corviknight\n|-damage|p2a: Corviknight|31/288 par\n|move|p2a: Corviknight|Brave Bird|p1a: Polteageist\n|-damage|p1a: Polteageist|23/222\n|-damage|p2a: Corviknight|0 fnt|[from] Recoil\n|faint|p2a: Corviknight\n|\n|upkeep\n|\n|t:|1781449535\n|switch|p2a: Persian|Persian-Alola, L86, F|252/252\n|turn|15\n|\n|t:|1781449540\n|-terastallize|p1a: Polteageist|Fighting\n|move|p1a: Polteageist|Tera Blast|p2a: Persian|[anim] Tera Blast Fighting\n|-supereffective|p2a: Persian\n|-damage|p2a: Persian|0 fnt\n|faint|p2a: Persian\n|\n|upkeep\n|\n|t:|1781449546\n|switch|p2a: Sandaconda|Sandaconda, L84, F|258/258\n|turn|16\n|\n|t:|1781449552\n|move|p1a: Polteageist|Strength Sap|p2a: Sandaconda\n|-unboost|p2a: Sandaconda|atk|1\n|-heal|p1a: Polteageist|222/222\n|move|p2a: Sandaconda|Earthquake|p1a: Polteageist\n|-damage|p1a: Polteageist|63/222\n|\n|upkeep\n|turn|17\n|\n|t:|1781449561\n|move|p1a: Polteageist|Strength Sap|p2a: Sandaconda\n|-unboost|p2a: Sandaconda|atk|1\n|-heal|p1a: Polteageist|215/222\n|move|p2a: Sandaconda|Earthquake|p1a: Polteageist\n|-damage|p1a: Polteageist|109/222\n|\n|upkeep\n|turn|18\n|\n|t:|1781449569\n|move|p1a: Polteageist|Shadow Ball|p2a: Sandaconda\n|-damage|p2a: Sandaconda|36/258\n|move|p2a: Sandaconda|Scale Shot|p1a: Polteageist\n|-damage|p1a: Polteageist|88/222\n|-damage|p1a: Polteageist|68/222\n|-damage|p1a: Polteageist|49/222\n|-damage|p1a: Polteageist|29/222\n|-start|p2a: Sandaconda|Disable|Scale Shot|[from] ability: Cursed Body|[of] p1a: Polteageist\n|-damage|p1a: Polteageist|9/222\n|-hitcount|p1a: Polteageist|5\n|-unboost|p2a: Sandaconda|def|1\n|-boost|p2a: Sandaconda|spe|1\n|\n|upkeep\n|turn|19\n|\n|t:|1781449580\n|move|p1a: Polteageist|Shadow Ball|p2a: Sandaconda\n|-damage|p2a: Sandaconda|0 fnt\n|faint|p2a: Sandaconda\n|\n|upkeep\n|\n|t:|1781449583\n|switch|p2a: Masquerain|Masquerain, L87, F|234/264\n|-ability|p2a: Masquerain|Intimidate|boost\n|-unboost|p1a: Polteageist|atk|1\n|turn|20\n|\n|t:|1781449586\n|move|p1a: Polteageist|Shadow Ball|p2a: Masquerain\n|-crit|p2a: Masquerain\n|-damage|p2a: Masquerain|0 fnt\n|faint|p2a: Masquerain\n|\n|upkeep\n|\n|t:|1781449590\n|switch|p2a: Inteleon|Inteleon, L81, F|246/246\n|turn|21\n|\n|t:|1781449592\n|move|p1a: Polteageist|Shadow Ball|p2a: Inteleon\n|-damage|p2a: Inteleon|0 fnt\n|faint|p2a: Inteleon\n|\n|upkeep\n|-message|Teres bahji forfeited.\n|\n|win|duuhhao\n|raw|duuhhao's rating: 2287 &rarr; <strong>2313</strong><br />(+26 for winning)\n|raw|Teres bahji's rating: 2386 &rarr; <strong>2360</strong><br />(-26 for losing)\n|l|\u2606Teres bahji\n|player|p2|\n|l|\u2606duuhhao\n|player|p1|\n", "inputlog": ">version a8376a258c1d4662feba110a92103f3664a72141\n>start {\"formatid\":\"gen9randombattle\",\"seed\":\"sodium,5cb3f65e21a385528e6303e8d4ae6223\",\"rated\":\"Rated battle\"}\n>player p1 {\"name\":\"duuhhao\",\"avatar\":\"clair\",\"rating\":2287,\"seed\":\"sodium,eba721a4908b93b185d24f9a1474cfaa\"}\n>player p2 {\"name\":\"Teres bahji\",\"avatar\":\"#rbtt6teamzarudef\",\"rating\":2386,\"seed\":\"sodium,21d17a646261fdab1f878d34821cf3dc\"}\n>p1 move bodypress\n>p2 switch 5\n>p1 switch 3\n>p2 move stickyweb\n>p1 move encore\n>p2 move stunspore\n>p1 move hydropump\n>p2 switch 2\n>p1 move hydropump\n>p2 move protect\n>p1 move hydropump\n>p2 move wish\n>p1 move encore\n>p2 move protect\n>p1 move encore\n>p2 move playrough\n>p1 move hydropump\n>p2 move playrough\n>p1 move hydropump\n>p2 move playrough\n>p1 switch 5\n>p1 move leafstorm\n>p2 switch 4\n>p1 move glare\n>p2 move bravebird\n>p1 switch 4\n>p1 move shellsmash\n>p2 move bravebird\n>p1 move shadowball\n>p2 move bravebird\n>p2 switch 5\n>p1 move terablast terastallize\n>p2 move darkpulse\n>p2 switch 6\n>p1 move strengthsap\n>p2 move earthquake\n>p1 move strengthsap\n>p2 move earthquake\n>p1 move shadowball\n>p2 move scaleshot\n>p1 move shadowball\n>p2 move earthquake\n>p2 switch 2\n>p1 move shadowball\n>p2 move uturn\n>p2 switch 3\n>p1 move shadowball\n>p2 move scald\n>forcelose p2", "uploadtime": 1781449426, "views": 6, "formatid": "gen9randombattle", "rating": 2313, "private": 0, "password": null}