{"id": "gen9randombattle-2631581435", "format": "[Gen 9] Random Battle", "players": ["Kool Kiddo", "TheFineMantine"], "log": "|j|\u2606Kool Kiddo\n|j|\u2606TheFineMantine\n|t:|1781404290\n|gametype|singles\n|player|p1|Kool Kiddo|hilbert|2049\n|player|p2|TheFineMantine|sordward|2194\n|gen|9\n|tier|[Gen 9] Random Battle\n|rated|\n|rule|Species Clause: Limit one of each Pok\u00e9mon\n|rule|HP Percentage Mod: HP is shown in percentages\n|rule|Sleep Clause Mod: Limit one foe put to sleep\n|rule|Illusion Level Mod: Illusion disguises the Pok\u00e9mon's true level\n|\n|t:|1781404290\n|teamsize|p1|6\n|teamsize|p2|6\n|start\n|switch|p1a: Virizion|Virizion, L82|283/283\n|switch|p2a: Araquanid|Araquanid, L82, M|246/246\n|turn|1\n|inactive|Battle timer is ON: inactive players will automatically lose when time's up. (requested by Kool Kiddo)\n|\n|t:|1781404305\n|move|p1a: Virizion|Swords Dance|p1a: Virizion\n|-boost|p1a: Virizion|atk|2\n|move|p2a: Araquanid|Sticky Web|p1a: Virizion\n|-sidestart|p1: Kool Kiddo|move: Sticky Web\n|\n|upkeep\n|turn|2\n|\n|t:|1781404310\n|switch|p2a: Rhydon|Rhydon, L85, F|317/317\n|move|p1a: Virizion|Stone Edge|p2a: Rhydon|[miss]\n|-miss|p1a: Virizion|p2a: Rhydon\n|\n|upkeep\n|turn|3\n|\n|t:|1781404316\n|switch|p2a: Electrode|Electrode-Hisui, L87|246/246\n|move|p1a: Virizion|Leaf Blade|p2a: Electrode\n|-resisted|p2a: Electrode\n|-damage|p2a: Electrode|110/246\n|-damage|p1a: Virizion|255/283|[from] item: Life Orb\n|\n|-heal|p2a: Electrode|125/246|[from] item: Leftovers\n|upkeep\n|turn|4\n|\n|t:|1781404321\n|move|p2a: Electrode|Substitute|p2a: Electrode\n|-start|p2a: Electrode|Substitute\n|-damage|p2a: Electrode|64/246\n|move|p1a: Virizion|Close Combat|p2a: Electrode\n|-crit|p2a: Electrode\n|-end|p2a: Electrode|Substitute\n|-unboost|p1a: Virizion|def|1\n|-unboost|p1a: Virizion|spd|1\n|-damage|p1a: Virizion|227/283|[from] item: Life Orb\n|\n|-heal|p2a: Electrode|79/246|[from] item: Leftovers\n|upkeep\n|turn|5\n|\n|t:|1781404327\n|move|p2a: Electrode|Substitute|p2a: Electrode\n|-start|p2a: Electrode|Substitute\n|-damage|p2a: Electrode|18/246\n|move|p1a: Virizion|Leaf Blade|p2a: Electrode\n|-resisted|p2a: Electrode\n|-end|p2a: Electrode|Substitute\n|-damage|p1a: Virizion|199/283|[from] item: Life Orb\n|\n|-heal|p2a: Electrode|33/246|[from] item: Leftovers\n|upkeep\n|turn|6\n|\n|t:|1781404334\n|move|p2a: Electrode|Thunderbolt|p1a: Virizion\n|-resisted|p1a: Virizion\n|-damage|p1a: Virizion|151/283\n|-status|p1a: Virizion|par\n|move|p1a: Virizion|Leaf Blade|p2a: Electrode\n|-resisted|p2a: Electrode\n|-damage|p2a: Electrode|0 fnt\n|faint|p2a: Electrode\n|-damage|p1a: Virizion|123/283 par|[from] item: Life Orb\n|\n|upkeep\n|\n|t:|1781404340\n|switch|p2a: Spectrier|Spectrier, L75|274/274\n|turn|7\n|\n|t:|1781404357\n|move|p2a: Spectrier|Shadow Ball|p1a: Virizion\n|-damage|p1a: Virizion|0 fnt\n|faint|p1a: Virizion\n|-ability|p2a: Spectrier|Grim Neigh|boost\n|-boost|p2a: Spectrier|spa|1\n|-damage|p2a: Spectrier|247/274|[from] item: Life Orb\n|\n|upkeep\n|\n|t:|1781404358\n|switch|p1a: Sableye|Sableye, L88, M|231/231\n|-activate|p1a: Sableye|move: Sticky Web\n|-unboost|p1a: Sableye|spe|1\n|turn|8\n|\n|t:|1781404374\n|move|p1a: Sableye|Thunder Wave|p2a: Spectrier\n|-status|p2a: Spectrier|par\n|cant|p2a: Spectrier|par\n|\n|upkeep\n|turn|9\n|\n|t:|1781404381\n|move|p2a: Spectrier|Shadow Ball|p1a: Sableye\n|-damage|p1a: Sableye|0 fnt\n|faint|p1a: Sableye\n|-ability|p2a: Spectrier|Grim Neigh|boost\n|-boost|p2a: Spectrier|spa|1\n|-damage|p2a: Spectrier|220/274 par|[from] item: Life Orb\n|\n|upkeep\n|\n|t:|1781404387\n|switch|p1a: Swanna|Swanna, L89, F|278/278\n|turn|10\n|\n|t:|1781404405\n|move|p1a: Swanna|Defog|p2a: Spectrier\n|-unboost|p2a: Spectrier|evasion|1\n|-sideend|p1: Kool Kiddo|Sticky Web|[from] move: Defog|[of] p1a: Swanna\n|move|p2a: Spectrier|Shadow Ball|p1a: Swanna\n|-damage|p1a: Swanna|0 fnt\n|faint|p1a: Swanna\n|-ability|p2a: Spectrier|Grim Neigh|boost\n|-boost|p2a: Spectrier|spa|1\n|-damage|p2a: Spectrier|193/274 par|[from] item: Life Orb\n|\n|upkeep\n|\n|t:|1781404412\n|switch|p1a: Crabominable|Crabominable, L90, F|321/321\n|turn|11\n|\n|t:|1781404418\n|move|p1a: Crabominable|Ice Hammer|p2a: Spectrier\n|-damage|p2a: Spectrier|0 fnt\n|-unboost|p1a: Crabominable|spe|1\n|faint|p2a: Spectrier\n|\n|upkeep\n|\n|t:|1781404423\n|switch|p2a: Araquanid|Araquanid, L82, M|246/246\n|turn|12\n|\n|t:|1781404440\n|move|p2a: Araquanid|Sticky Web|p1a: Crabominable\n|-sidestart|p1: Kool Kiddo|move: Sticky Web\n|move|p1a: Crabominable|Ice Hammer|p2a: Araquanid\n|-resisted|p2a: Araquanid\n|-damage|p2a: Araquanid|114/246\n|-unboost|p1a: Crabominable|spe|1\n|\n|upkeep\n|turn|13\n|\n|t:|1781404453\n|move|p2a: Araquanid|Liquidation|p1a: Crabominable\n|-damage|p1a: Crabominable|186/321\n|move|p1a: Crabominable|Ice Hammer|p2a: Araquanid\n|-resisted|p2a: Araquanid\n|-damage|p2a: Araquanid|0 fnt\n|-unboost|p1a: Crabominable|spe|1\n|faint|p2a: Araquanid\n|\n|upkeep\n|\n|t:|1781404464\n|switch|p2a: Rhydon|Rhydon, L85, F|317/317\n|turn|14\n|\n|t:|1781404467\n|move|p2a: Rhydon|Swords Dance|p2a: Rhydon\n|-boost|p2a: Rhydon|atk|2\n|move|p1a: Crabominable|Ice Hammer|p2a: Rhydon\n|-supereffective|p2a: Rhydon\n|-damage|p2a: Rhydon|33/317\n|-unboost|p1a: Crabominable|spe|1\n|\n|upkeep\n|turn|15\n|\n|t:|1781404470\n|move|p2a: Rhydon|Earthquake|p1a: Crabominable\n|-crit|p1a: Crabominable\n|-damage|p1a: Crabominable|0 fnt\n|faint|p1a: Crabominable\n|\n|upkeep\n|\n|t:|1781404475\n|switch|p1a: Rabsca|Rabsca, L91, F|284/284\n|turn|16\n|\n|t:|1781404480\n|move|p1a: Rabsca|Bug Buzz|p2a: Rhydon\n|-damage|p2a: Rhydon|0 fnt\n|faint|p2a: Rhydon\n|\n|upkeep\n|\n|t:|1781404483\n|switch|p2a: Polteageist|Polteageist-Antique, L78|222/222\n|turn|17\n|\n|t:|1781404486\n|move|p2a: Polteageist|Shell Smash|p2a: Polteageist\n|-unboost|p2a: Polteageist|def|1\n|-unboost|p2a: Polteageist|spd|1\n|-boost|p2a: Polteageist|atk|2\n|-boost|p2a: Polteageist|spa|2\n|-boost|p2a: Polteageist|spe|2\n|-enditem|p2a: Polteageist|White Herb\n|-clearnegativeboost|p2a: Polteageist|[silent]\n|move|p1a: Rabsca|Psychic|p2a: Polteageist\n|-damage|p2a: Polteageist|102/222\n|-start|p1a: Rabsca|Disable|Psychic|[from] ability: Cursed Body|[of] p2a: Polteageist\n|\n|upkeep\n|turn|18\n|\n|t:|1781404497\n|-terastallize|p1a: Rabsca|Steel\n|move|p2a: Polteageist|Shadow Ball|p1a: Rabsca\n|-damage|p1a: Rabsca|131/284\n|move|p1a: Rabsca|Revival Blessing|p1a: Rabsca\n|\n|t:|1781404500\n|-heal|p1: Sableye|115/231|[from] move: Revival Blessing\n|\n|upkeep\n|turn|19\n|\n|t:|1781404508\n|move|p2a: Polteageist|Shadow Ball|p1a: Rabsca\n|-damage|p1a: Rabsca|0 fnt\n|faint|p1a: Rabsca\n|\n|upkeep\n|\n|t:|1781404511\n|switch|p1a: Sableye|Sableye, L88, M|115/231\n|-activate|p1a: Sableye|move: Sticky Web\n|-unboost|p1a: Sableye|spe|1\n|turn|20\n|\n|t:|1781404514\n|move|p1a: Sableye|Thunder Wave|p2a: Polteageist\n|-status|p2a: Polteageist|par\n|move|p2a: Polteageist|Shadow Ball|p1a: Sableye\n|-damage|p1a: Sableye|0 fnt\n|faint|p1a: Sableye\n|\n|upkeep\n|\n|t:|1781404516\n|switch|p1a: Gothitelle|Gothitelle, L90, M|272/272\n|-activate|p1a: Gothitelle|move: Sticky Web\n|-unboost|p1a: Gothitelle|spe|1\n|turn|21\n|\n|t:|1781404519\n|cant|p2a: Polteageist|par\n|move|p1a: Gothitelle|Calm Mind|p1a: Gothitelle\n|-boost|p1a: Gothitelle|spa|1\n|-boost|p1a: Gothitelle|spd|1\n|\n|upkeep\n|turn|22\n|\n|t:|1781404523\n|move|p2a: Polteageist|Shadow Ball|p1a: Gothitelle\n|-supereffective|p1a: Gothitelle\n|-damage|p1a: Gothitelle|86/272\n|move|p1a: Gothitelle|Calm Mind|p1a: Gothitelle\n|-boost|p1a: Gothitelle|spa|1\n|-boost|p1a: Gothitelle|spd|1\n|\n|-heal|p1a: Gothitelle|103/272|[from] item: Leftovers\n|upkeep\n|turn|23\n|\n|t:|1781404526\n|move|p2a: Polteageist|Shadow Ball|p1a: Gothitelle\n|-supereffective|p1a: Gothitelle\n|-damage|p1a: Gothitelle|0 fnt\n|faint|p1a: Gothitelle\n|\n|win|TheFineMantine\n", "inputlog": ">version a8376a258c1d4662feba110a92103f3664a72141\n>start {\"formatid\":\"gen9randombattle\",\"seed\":\"sodium,49cde76b3046857860f38acf20b0948e\",\"rated\":\"Rated battle\"}\n>player p1 {\"name\":\"Kool Kiddo\",\"avatar\":\"hilbert\",\"rating\":2049,\"seed\":\"sodium,b3714d81bc383c117b9f51443b536f80\"}\n>player p2 {\"name\":\"TheFineMantine\",\"avatar\":\"sordward\",\"rating\":2194,\"seed\":\"sodium,ee775b10845fc660ab3e17cef4b35150\"}\n>p1 move swordsdance\n>p2 move stickyweb\n>p1 move stoneedge\n>p2 switch 6\n>p1 move leafblade\n>p2 switch 4\n>p1 move closecombat\n>p2 move substitute\n>p1 move leafblade\n>p2 move substitute\n>p1 move leafblade\n>p2 move thunderbolt\n>p2 switch 2\n>p1 move leafblade\n>p2 move shadowball\n>p1 switch 3\n>p1 move thunderwave\n>p2 move shadowball\n>p1 move knockoff\n>p2 move shadowball\n>p1 switch 5\n>p1 move defog\n>p2 move shadowball\n>p1 switch 2\n>p1 move icehammer\n>p2 move shadowball\n>p2 switch 6\n>p1 move icehammer\n>p2 move stickyweb\n>p1 move icehammer\n>p2 move liquidation\n>p2 switch 4\n>p1 move icehammer\n>p2 move swordsdance\n>p1 move icehammer\n>p2 move earthquake\n>p1 switch 4\n>p1 move bugbuzz\n>p2 move stoneedge\n>p2 switch 5\n>p1 move psychic\n>p2 move shellsmash\n>p1 move revivalblessing terastallize\n>p2 move shadowball\n>p1 switch 5\n>p1 move bugbuzz\n>p2 move shadowball\n>p1 switch 5\n>p1 move thunderwave\n>p2 move shadowball\n>p1 switch 6\n>p1 move calmmind\n>p2 move shadowball\n>p1 move calmmind\n>p2 move shadowball\n>p1 move psychicnoise\n>p2 move shadowball", "uploadtime": 1781404292, "views": 4, "formatid": "gen9randombattle", "rating": null, "private": 0, "password": null}