{"id": "gen9randombattle-2631865417", "format": "[Gen 9] Random Battle", "players": ["Davide070701", "tc technique"], "log": "|j|\u2606Davide070701\n|j|\u2606tc technique\n|t:|1781449734\n|gametype|singles\n|player|p1|Davide070701|102|1958\n|player|p2|tc technique|102|1975\n|gen|9\n|tier|[Gen 9] Random Battle\n|rated|\n|rule|Species Clause: Limit one of each Pok\u00e9mon\n|rule|HP Percentage Mod: HP is shown in percentages\n|rule|Sleep Clause Mod: Limit one foe put to sleep\n|rule|Illusion Level Mod: Illusion disguises the Pok\u00e9mon's true level\n|\n|t:|1781449734\n|teamsize|p1|6\n|teamsize|p2|6\n|start\n|switch|p1a: Arceus|Arceus-Rock, L74|300/300\n|switch|p2a: Ariados|Ariados, L95, F|287/287\n|turn|1\n|\n|t:|1781449758\n|move|p1a: Arceus|Swords Dance|p1a: Arceus\n|-boost|p1a: Arceus|atk|2\n|move|p2a: Ariados|Sticky Web|p1a: Arceus\n|-sidestart|p1: Davide070701|move: Sticky Web\n|\n|upkeep\n|turn|2\n|\n|t:|1781449760\n|move|p1a: Arceus|Stone Edge|p2a: Ariados\n|-supereffective|p2a: Ariados\n|-enditem|p2a: Ariados|Focus Sash\n|-damage|p2a: Ariados|1/287\n|move|p2a: Ariados|Megahorn|p1a: Arceus\n|-damage|p1a: Arceus|113/300\n|\n|upkeep\n|turn|3\n|inactive|Battle timer is ON: inactive players will automatically lose when time's up. (requested by Davide070701)\n|\n|t:|1781449765\n|move|p1a: Arceus|Earthquake|p2a: Ariados\n|-damage|p2a: Ariados|0 fnt\n|faint|p2a: Ariados\n|\n|upkeep\n|\n|t:|1781449767\n|switch|p2a: Iron Boulder|Iron Boulder, L77|265/265\n|-enditem|p2a: Iron Boulder|Booster Energy\n|-activate|p2a: Iron Boulder|ability: Quark Drive|[fromitem]\n|-start|p2a: Iron Boulder|quarkdrivespe\n|turn|4\n|\n|t:|1781449775\n|move|p2a: Iron Boulder|Close Combat|p1a: Arceus\n|-supereffective|p1a: Arceus\n|-damage|p1a: Arceus|0 fnt\n|-unboost|p2a: Iron Boulder|def|1\n|-unboost|p2a: Iron Boulder|spd|1\n|faint|p1a: Arceus\n|\n|upkeep\n|\n|t:|1781449783\n|switch|p1a: Mimikyu|Mimikyu, L79, F|216/216\n|-activate|p1a: Mimikyu|move: Sticky Web\n|-unboost|p1a: Mimikyu|spe|1\n|turn|5\n|\n|t:|1781449786\n|-end|p2a: Iron Boulder|Quark Drive|[silent]\n|switch|p2a: Wigglytuff|Wigglytuff, L96, F|424/424\n|move|p1a: Mimikyu|Swords Dance|p1a: Mimikyu\n|-boost|p1a: Mimikyu|atk|2\n|\n|upkeep\n|turn|6\n|\n|t:|1781449791\n|move|p2a: Wigglytuff|Alluring Voice|p1a: Mimikyu\n|-activate|p1a: Mimikyu|ability: Disguise\n|-damage|p1a: Mimikyu|216/216\n|detailschange|p1a: Mimikyu|Mimikyu-Busted, L79, F\n|-damage|p1a: Mimikyu|189/216|[from] pokemon: Mimikyu-Busted\n|move|p1a: Mimikyu|Play Rough|p2a: Wigglytuff\n|-damage|p2a: Wigglytuff|132/424\n|-damage|p1a: Mimikyu|168/216|[from] item: Life Orb\n|\n|-heal|p2a: Wigglytuff|158/424|[from] item: Leftovers\n|upkeep\n|turn|7\n|\n|t:|1781449799\n|move|p2a: Wigglytuff|Protect|p2a: Wigglytuff\n|-singleturn|p2a: Wigglytuff|Protect\n|move|p1a: Mimikyu|Play Rough|p2a: Wigglytuff\n|-activate|p2a: Wigglytuff|move: Protect\n|\n|-heal|p2a: Wigglytuff|184/424|[from] item: Leftovers\n|upkeep\n|turn|8\n|\n|t:|1781449802\n|move|p2a: Wigglytuff|Alluring Voice|p1a: Mimikyu\n|-damage|p1a: Mimikyu|69/216\n|move|p1a: Mimikyu|Play Rough|p2a: Wigglytuff\n|-damage|p2a: Wigglytuff|0 fnt\n|faint|p2a: Wigglytuff\n|-damage|p1a: Mimikyu|48/216|[from] item: Life Orb\n|\n|upkeep\n|\n|t:|1781449805\n|switch|p2a: Vigoroth|Vigoroth, L85, M|275/275\n|turn|9\n|\n|t:|1781449809\n|move|p2a: Vigoroth|Knock Off|p1a: Mimikyu\n|-damage|p1a: Mimikyu|0 fnt\n|-enditem|p1a: Mimikyu|Life Orb|[from] move: Knock Off|[of] p2a: Vigoroth\n|faint|p1a: Mimikyu\n|\n|upkeep\n|\n|t:|1781449814\n|switch|p1a: Komala|Komala, L88, M|258/258\n|-activate|p1a: Komala|move: Sticky Web\n|-unboost|p1a: Komala|spe|1\n|-ability|p1a: Komala|Comatose\n|turn|10\n|\n|t:|1781449819\n|switch|p2a: Sinistcha|Sinistcha-Masterpiece, L83|254/254\n|move|p1a: Komala|Rapid Spin|p2a: Sinistcha\n|-immune|p2a: Sinistcha\n|\n|upkeep\n|turn|11\n|\n|t:|1781449824\n|move|p2a: Sinistcha|Strength Sap|p1a: Komala\n|-unboost|p1a: Komala|atk|1\n|move|p1a: Komala|Knock Off|p2a: Sinistcha\n|-supereffective|p2a: Sinistcha\n|-damage|p2a: Sinistcha|150/254\n|-enditem|p2a: Sinistcha|Leftovers|[from] move: Knock Off|[of] p1a: Komala\n|\n|upkeep\n|turn|12\n|\n|t:|1781449826\n|move|p2a: Sinistcha|Strength Sap|p1a: Komala\n|-unboost|p1a: Komala|atk|1\n|-heal|p2a: Sinistcha|254/254\n|move|p1a: Komala|U-turn|p2a: Sinistcha\n|-damage|p2a: Sinistcha|227/254\n|\n|t:|1781449831\n|switch|p1a: Misdreavus|Misdreavus, L90, M|254/254|[from] U-turn\n|\n|upkeep\n|turn|13\n|\n|t:|1781449839\n|switch|p2a: Mamoswine|Mamoswine, L81, M|311/311\n|move|p1a: Misdreavus|Calm Mind|p1a: Misdreavus\n|-boost|p1a: Misdreavus|spa|1\n|-boost|p1a: Misdreavus|spd|1\n|\n|upkeep\n|turn|14\n|\n|t:|1781449842\n|move|p1a: Misdreavus|Will-O-Wisp|p2a: Mamoswine\n|-status|p2a: Mamoswine|brn\n|move|p2a: Mamoswine|Knock Off|p1a: Misdreavus\n|-supereffective|p1a: Misdreavus\n|-damage|p1a: Misdreavus|153/254\n|-enditem|p1a: Misdreavus|Eviolite|[from] move: Knock Off|[of] p2a: Mamoswine\n|\n|-damage|p2a: Mamoswine|292/311 brn|[from] brn\n|upkeep\n|turn|15\n|\n|t:|1781449846\n|move|p1a: Misdreavus|Calm Mind|p1a: Misdreavus\n|-boost|p1a: Misdreavus|spa|1\n|-boost|p1a: Misdreavus|spd|1\n|move|p2a: Mamoswine|Knock Off|p1a: Misdreavus\n|-supereffective|p1a: Misdreavus\n|-damage|p1a: Misdreavus|50/254\n|\n|-damage|p2a: Mamoswine|273/311 brn|[from] brn\n|upkeep\n|turn|16\n|\n|t:|1781449850\n|move|p1a: Misdreavus|Shadow Ball|p2a: Mamoswine\n|-damage|p2a: Mamoswine|32/311 brn\n|move|p2a: Mamoswine|Knock Off|p1a: Misdreavus\n|-supereffective|p1a: Misdreavus\n|-damage|p1a: Misdreavus|0 fnt\n|faint|p1a: Misdreavus\n|\n|-damage|p2a: Mamoswine|13/311 brn|[from] brn\n|upkeep\n|\n|t:|1781449855\n|switch|p1a: Komala|Komala, L88, M|258/258\n|-activate|p1a: Komala|move: Sticky Web\n|-unboost|p1a: Komala|spe|1\n|-ability|p1a: Komala|Comatose\n|turn|17\n|\n|t:|1781449857\n|switch|p2a: Sinistcha|Sinistcha-Masterpiece, L83|227/254\n|move|p1a: Komala|Rapid Spin|p2a: Sinistcha\n|-immune|p2a: Sinistcha\n|\n|upkeep\n|turn|18\n|\n|t:|1781449861\n|move|p2a: Sinistcha|Calm Mind|p2a: Sinistcha\n|-boost|p2a: Sinistcha|spa|1\n|-boost|p2a: Sinistcha|spd|1\n|move|p1a: Komala|U-turn|p2a: Sinistcha\n|-damage|p2a: Sinistcha|172/254\n|\n|t:|1781449868\n|switch|p1a: Regirock|Regirock, L83|268/268|[from] U-turn\n|-activate|p1a: Regirock|move: Sticky Web\n|-fail|p1a: Regirock|unboost|[from] ability: Clear Body|[of] p1a: Regirock\n|\n|upkeep\n|turn|19\n|\n|t:|1781449870\n|move|p2a: Sinistcha|Matcha Gotcha|p1a: Regirock\n|-supereffective|p1a: Regirock\n|-damage|p1a: Regirock|4/268\n|-heal|p2a: Sinistcha|254/254|[from] drain|[of] p1a: Regirock\n|move|p1a: Regirock|Thunder Wave|p2a: Sinistcha\n|-status|p2a: Sinistcha|par\n|\n|-heal|p1a: Regirock|20/268|[from] item: Leftovers\n|upkeep\n|turn|20\n|\n|t:|1781449875\n|move|p1a: Regirock|Stealth Rock|p2a: Sinistcha\n|-sidestart|p2: tc technique|move: Stealth Rock\n|move|p2a: Sinistcha|Matcha Gotcha|p1a: Regirock\n|-supereffective|p1a: Regirock\n|-damage|p1a: Regirock|0 fnt\n|faint|p1a: Regirock\n|\n|upkeep\n|\n|t:|1781449879\n|switch|p1a: Oranguru|Oranguru, L92, M|315/315\n|-activate|p1a: Oranguru|move: Sticky Web\n|-unboost|p1a: Oranguru|spe|1\n|turn|21\n|\n|t:|1781449883\n|move|p1a: Oranguru|Nasty Plot|p1a: Oranguru\n|-boost|p1a: Oranguru|spa|2\n|cant|p2a: Sinistcha|par\n|\n|upkeep\n|turn|22\n|\n|t:|1781449885\n|move|p1a: Oranguru|Psyshock|p2a: Sinistcha\n|-damage|p2a: Sinistcha|79/254 par\n|move|p2a: Sinistcha|Matcha Gotcha|p1a: Oranguru\n|-damage|p1a: Oranguru|198/315\n|-heal|p2a: Sinistcha|138/254 par|[from] drain|[of] p1a: Oranguru\n|\n|-heal|p1a: Oranguru|217/315|[from] item: Leftovers\n|upkeep\n|turn|23\n|\n|t:|1781449888\n|move|p1a: Oranguru|Psyshock|p2a: Sinistcha\n|-damage|p2a: Sinistcha|0 fnt\n|faint|p2a: Sinistcha\n|\n|-heal|p1a: Oranguru|236/315|[from] item: Leftovers\n|upkeep\n|\n|t:|1781449892\n|switch|p2a: Vigoroth|Vigoroth, L85, M|275/275\n|-damage|p2a: Vigoroth|241/275|[from] Stealth Rock\n|turn|24\n|\n|t:|1781449906\n|move|p2a: Vigoroth|Knock Off|p1a: Oranguru\n|-supereffective|p1a: Oranguru\n|-damage|p1a: Oranguru|104/315\n|-enditem|p1a: Oranguru|Leftovers|[from] move: Knock Off|[of] p2a: Vigoroth\n|move|p1a: Oranguru|Focus Blast|p2a: Vigoroth\n|-supereffective|p2a: Vigoroth\n|-damage|p2a: Vigoroth|0 fnt\n|faint|p2a: Vigoroth\n|\n|upkeep\n|\n|t:|1781449911\n|switch|p2a: Iron Boulder|Iron Boulder, L77|265/265\n|-damage|p2a: Iron Boulder|232/265|[from] Stealth Rock\n|turn|25\n|\n|t:|1781449918\n|move|p2a: Iron Boulder|Mighty Cleave|p1a: Oranguru\n|-damage|p1a: Oranguru|10/315\n|move|p1a: Oranguru|Psyshock|p2a: Iron Boulder\n|-resisted|p2a: Iron Boulder\n|-damage|p2a: Iron Boulder|127/265\n|\n|upkeep\n|turn|26\n|\n|t:|1781449924\n|move|p2a: Iron Boulder|Mighty Cleave|p1a: Oranguru\n|-damage|p1a: Oranguru|0 fnt\n|faint|p1a: Oranguru\n|\n|upkeep\n|\n|t:|1781449926\n|switch|p1a: Komala|Komala, L88, M|258/258\n|-activate|p1a: Komala|move: Sticky Web\n|-unboost|p1a: Komala|spe|1\n|-ability|p1a: Komala|Comatose\n|turn|27\n|\n|t:|1781449933\n|-end|p2a: Iron Boulder|Quark Drive|[silent]\n|switch|p2a: Mamoswine|Mamoswine, L81, M|13/311 brn\n|-damage|p2a: Mamoswine|0 fnt|[from] Stealth Rock\n|faint|p2a: Mamoswine\n|move|p1a: Komala|Knock Off|p2: Mamoswine|[notarget]\n|-fail|p1a: Komala\n|\n|upkeep\n|\n|t:|1781449939\n|switch|p2a: Iron Boulder|Iron Boulder, L77|127/265\n|-damage|p2a: Iron Boulder|94/265|[from] Stealth Rock\n|turn|28\n|\n|t:|1781449942\n|-terastallize|p2a: Iron Boulder|Fighting\n|-terastallize|p1a: Komala|Ghost\n|move|p2a: Iron Boulder|Close Combat|p1a: Komala\n|-immune|p1a: Komala\n|move|p1a: Komala|Knock Off|p2a: Iron Boulder\n|-resisted|p2a: Iron Boulder\n|-damage|p2a: Iron Boulder|59/265\n|\n|upkeep\n|turn|29\n|\n|t:|1781449948\n|move|p2a: Iron Boulder|Zen Headbutt|p1a: Komala\n|-crit|p1a: Komala\n|-damage|p1a: Komala|120/258\n|move|p1a: Komala|Body Slam|p2a: Iron Boulder\n|-damage|p2a: Iron Boulder|0 fnt\n|faint|p2a: Iron Boulder\n|-end|p2a: Iron Boulder|Quark Drive|[silent]\n|\n|win|Davide070701\n", "uploadtime": 1781449737, "views": 6, "formatid": "gen9randombattle", "rating": null, "private": 0, "password": null}