{"id": "gen9randombattle-2631540914", "format": "[Gen 9] Random Battle", "players": ["Testingtesting", "TriniPlayer"], "log": "|badge|p2|bronze|gen9randombattle|100-9\n|uhtml|medal-msg|<div class=\"broadcast-blue\">Curious what those medals under the avatar are? PS now has Ladder Seasons! For more information, check out the <a href=\"https://www.smogon.com/forums/threads/3740067/\">thread on Smogon.</a></div>\n|j|\u2606Testingtesting\n|j|\u2606TriniPlayer\n|t:|1781398707\n|gametype|singles\n|player|p1|Testingtesting|101|2162\n|player|p2|TriniPlayer|acetrainersnow|2287\n|gen|9\n|tier|[Gen 9] Random Battle\n|rated|\n|rule|Species Clause: Limit one of each Pok\u00e9mon\n|rule|HP Percentage Mod: HP is shown in percentages\n|rule|Sleep Clause Mod: Limit one foe put to sleep\n|rule|Illusion Level Mod: Illusion disguises the Pok\u00e9mon's true level\n|\n|t:|1781398707\n|teamsize|p1|6\n|teamsize|p2|6\n|start\n|switch|p1a: Camerupt|Camerupt, L91, F|275/275\n|switch|p2a: Phione|Phione, L91|293/293\n|turn|1\n|inactive|Battle timer is ON: inactive players will automatically lose when time's up. (requested by TriniPlayer)\n|\n|t:|1781398714\n|switch|p1a: Meowscarada|Meowscarada, L78, M|247/247\n|move|p2a: Phione|Scald|p1a: Meowscarada\n|-resisted|p1a: Meowscarada\n|-damage|p1a: Meowscarada|193/247\n|-status|p1a: Meowscarada|brn\n|\n|-damage|p1a: Meowscarada|178/247 brn|[from] brn\n|upkeep\n|turn|2\n|\n|t:|1781398723\n|switch|p2a: Brambleghast|Brambleghast, L88, M|240/240\n|move|p1a: Meowscarada|Flower Trick|p2a: Brambleghast\n|-start|p1a: Meowscarada|typechange|Grass|[from] ability: Protean\n|-resisted|p2a: Brambleghast\n|-crit|p2a: Brambleghast\n|-damage|p2a: Brambleghast|208/240\n|\n|-damage|p1a: Meowscarada|163/247 brn|[from] brn\n|upkeep\n|turn|3\n|\n|t:|1781398735\n|move|p1a: Meowscarada|Toxic Spikes|p2a: Brambleghast\n|-sidestart|p2: TriniPlayer|move: Toxic Spikes\n|move|p2a: Brambleghast|Spikes|p1a: Meowscarada\n|-sidestart|p1: Testingtesting|Spikes\n|\n|-damage|p1a: Meowscarada|148/247 brn|[from] brn\n|upkeep\n|turn|4\n|\n|t:|1781398740\n|move|p1a: Meowscarada|Knock Off|p2a: Brambleghast\n|-supereffective|p2a: Brambleghast\n|-crit|p2a: Brambleghast\n|-damage|p2a: Brambleghast|88/240\n|-enditem|p2a: Brambleghast|Heavy-Duty Boots|[from] move: Knock Off|[of] p1a: Meowscarada\n|move|p2a: Brambleghast|Rapid Spin|p1a: Meowscarada\n|-damage|p1a: Meowscarada|91/247 brn\n|-boost|p2a: Brambleghast|spe|1\n|-sideend|p2: TriniPlayer|Toxic Spikes|[from] move: Rapid Spin|[of] p2a: Brambleghast\n|\n|-damage|p1a: Meowscarada|76/247 brn|[from] brn\n|upkeep\n|turn|5\n|\n|t:|1781398750\n|switch|p1a: Charizard|Charizard, L85, F|271/271\n|move|p2a: Brambleghast|Poltergeist|p1a: Charizard\n|-activate|p1a: Charizard|move: Poltergeist|Heavy-Duty Boots\n|-damage|p1a: Charizard|120/271\n|\n|upkeep\n|turn|6\n|\n|t:|1781398757\n|move|p2a: Brambleghast|Poltergeist|p1a: Charizard\n|-activate|p1a: Charizard|move: Poltergeist|Heavy-Duty Boots\n|-damage|p1a: Charizard|0 fnt\n|faint|p1a: Charizard\n|\n|upkeep\n|\n|t:|1781398762\n|switch|p1a: Camerupt|Camerupt, L91, F|275/275\n|-damage|p1a: Camerupt|241/275|[from] Spikes\n|turn|7\n|\n|t:|1781398769\n|move|p2a: Brambleghast|Power Whip|p1a: Camerupt\n|-damage|p1a: Camerupt|61/275\n|move|p1a: Camerupt|Will-O-Wisp|p2a: Brambleghast|[miss]\n|-miss|p1a: Camerupt|p2a: Brambleghast\n|\n|-heal|p1a: Camerupt|78/275|[from] item: Leftovers\n|upkeep\n|turn|8\n|\n|t:|1781398774\n|move|p2a: Brambleghast|Poltergeist|p1a: Camerupt\n|-activate|p1a: Camerupt|move: Poltergeist|Leftovers\n|-damage|p1a: Camerupt|0 fnt\n|faint|p1a: Camerupt\n|\n|upkeep\n|\n|t:|1781398788\n|switch|p1a: Great Tusk|Great Tusk, L77|304/304\n|-damage|p1a: Great Tusk|266/304|[from] Spikes\n|turn|9\n|\n|t:|1781398794\n|-terastallize|p1a: Great Tusk|Steel\n|move|p2a: Brambleghast|Power Whip|p1a: Great Tusk\n|-resisted|p1a: Great Tusk\n|-damage|p1a: Great Tusk|197/304\n|move|p1a: Great Tusk|Bulk Up|p1a: Great Tusk\n|-boost|p1a: Great Tusk|atk|1\n|-boost|p1a: Great Tusk|def|1\n|\n|-heal|p1a: Great Tusk|216/304|[from] item: Leftovers\n|upkeep\n|turn|10\n|\n|t:|1781398813\n|move|p2a: Brambleghast|Poltergeist|p1a: Great Tusk\n|-activate|p1a: Great Tusk|move: Poltergeist|Leftovers\n|-damage|p1a: Great Tusk|141/304\n|move|p1a: Great Tusk|Stone Edge|p2a: Brambleghast\n|-damage|p2a: Brambleghast|0 fnt\n|faint|p2a: Brambleghast\n|\n|-heal|p1a: Great Tusk|160/304|[from] item: Leftovers\n|upkeep\n|\n|t:|1781398829\n|switch|p2a: Phione|Phione, L91|293/293\n|turn|11\n|\n|t:|1781398835\n|move|p2a: Phione|Scald|p1a: Great Tusk\n|-damage|p1a: Great Tusk|25/304\n|-status|p1a: Great Tusk|brn\n|move|p1a: Great Tusk|Close Combat|p2a: Phione\n|-crit|p2a: Phione\n|-damage|p2a: Phione|139/293\n|-unboost|p1a: Great Tusk|def|1\n|-unboost|p1a: Great Tusk|spd|1\n|\n|-heal|p2a: Phione|157/293|[from] item: Leftovers\n|-heal|p1a: Great Tusk|44/304 brn|[from] item: Leftovers\n|-damage|p1a: Great Tusk|25/304 brn|[from] brn\n|upkeep\n|turn|12\n|\n|t:|1781398841\n|move|p2a: Phione|Scald|p1a: Great Tusk\n|-damage|p1a: Great Tusk|0 fnt\n|faint|p1a: Great Tusk\n|-end|p1a: Great Tusk|Protosynthesis|[silent]\n|\n|-heal|p2a: Phione|175/293|[from] item: Leftovers\n|upkeep\n|\n|t:|1781398846\n|switch|p1a: Oricorio|Oricorio-Sensu, L85, M|266/266\n|turn|13\n|\n|t:|1781398859\n|switch|p2a: Krookodile|Krookodile, L79, M|280/280\n|-ability|p2a: Krookodile|Intimidate|boost\n|-unboost|p1a: Oricorio|atk|1\n|move|p1a: Oricorio|Quiver Dance|p1a: Oricorio\n|-boost|p1a: Oricorio|spa|1\n|-boost|p1a: Oricorio|spd|1\n|-boost|p1a: Oricorio|spe|1\n|\n|upkeep\n|turn|14\n|\n|t:|1781398889\n|move|p1a: Oricorio|Hurricane|p2a: Krookodile|[miss]\n|-miss|p1a: Oricorio|p2a: Krookodile\n|move|p2a: Krookodile|Knock Off|p1a: Oricorio\n|-supereffective|p1a: Oricorio\n|-damage|p1a: Oricorio|0 fnt\n|-enditem|p1a: Oricorio|Heavy-Duty Boots|[from] move: Knock Off|[of] p2a: Krookodile\n|faint|p1a: Oricorio\n|\n|upkeep\n|\n|t:|1781398893\n|switch|p1a: Meowscarada|Meowscarada, L78, M|76/247 brn\n|turn|15\n|\n|t:|1781398899\n|switch|p2a: Incineroar|Incineroar, L82, M|290/290\n|-ability|p2a: Incineroar|Intimidate|boost\n|-unboost|p1a: Meowscarada|atk|1\n|move|p1a: Meowscarada|Flower Trick|p2a: Incineroar\n|-start|p1a: Meowscarada|typechange|Grass|[from] ability: Protean\n|-resisted|p2a: Incineroar\n|-crit|p2a: Incineroar\n|-damage|p2a: Incineroar|264/290\n|\n|-damage|p1a: Meowscarada|61/247 brn|[from] brn\n|upkeep\n|turn|16\n|\n|t:|1781398903\n|move|p1a: Meowscarada|Toxic Spikes|p2a: Incineroar\n|-sidestart|p2: TriniPlayer|move: Toxic Spikes\n|move|p2a: Incineroar|Trailblaze|p1a: Meowscarada\n|-resisted|p1a: Meowscarada\n|-damage|p1a: Meowscarada|36/247 brn\n|-boost|p2a: Incineroar|spe|1\n|\n|-damage|p1a: Meowscarada|21/247 brn|[from] brn\n|upkeep\n|turn|17\n|\n|t:|1781398911\n|move|p1a: Meowscarada|Toxic Spikes|p2a: Incineroar\n|-sidestart|p2: TriniPlayer|move: Toxic Spikes\n|move|p2a: Incineroar|Swords Dance|p2a: Incineroar\n|-boost|p2a: Incineroar|atk|2\n|\n|-damage|p1a: Meowscarada|6/247 brn|[from] brn\n|upkeep\n|turn|18\n|\n|t:|1781398919\n|move|p1a: Meowscarada|Knock Off|p2a: Incineroar\n|-resisted|p2a: Incineroar\n|-damage|p2a: Incineroar|254/290\n|-enditem|p2a: Incineroar|Heavy-Duty Boots|[from] move: Knock Off|[of] p1a: Meowscarada\n|move|p2a: Incineroar|Trailblaze|p1a: Meowscarada\n|-resisted|p1a: Meowscarada\n|-damage|p1a: Meowscarada|0 fnt\n|-boost|p2a: Incineroar|spe|1\n|faint|p1a: Meowscarada\n|\n|upkeep\n|\n|t:|1781398922\n|switch|p1a: Chimecho|Chimecho, L93, M|290/290\n|turn|19\n|\n|t:|1781398927\n|move|p2a: Incineroar|Knock Off|p1a: Chimecho\n|-supereffective|p1a: Chimecho\n|-damage|p1a: Chimecho|0 fnt\n|-enditem|p1a: Chimecho|Leftovers|[from] move: Knock Off|[of] p2a: Incineroar\n|faint|p1a: Chimecho\n|\n|win|TriniPlayer\n", "inputlog": ">version a8376a258c1d4662feba110a92103f3664a72141\n>start {\"formatid\":\"gen9randombattle\",\"seed\":\"sodium,717ae8a29b012c10e8c80a8d98e7777f\",\"rated\":\"Rated battle\"}\n>player p1 {\"name\":\"Testingtesting\",\"avatar\":\"101\",\"rating\":2162,\"seed\":\"sodium,2df0249c9ff2e0f84cba2971c945d298\"}\n>player p2 {\"name\":\"TriniPlayer\",\"avatar\":\"acetrainersnow\",\"rating\":2287,\"seed\":\"sodium,d67b240940f1733f477b38125b692fb3\"}\n>p1 switch 4\n>p2 move scald\n>p1 move flowertrick\n>p2 switch 5\n>p1 move toxicspikes\n>p2 move spikes\n>p1 move knockoff\n>p2 move rapidspin\n>p1 switch 5\n>p2 move poltergeist\n>p1 move flamethrower\n>p2 move poltergeist\n>p1 switch 4\n>p1 move willowisp\n>p2 move powerwhip\n>p1 move overheat\n>p2 move poltergeist\n>p1 switch 2\n>p1 move bulkup terastallize\n>p2 move powerwhip\n>p1 move stoneedge\n>p2 move poltergeist\n>p2 switch 5\n>p1 move closecombat\n>p2 move scald\n>p1 move closecombat\n>p2 move scald\n>p1 switch 3\n>p1 move quiverdance\n>p2 switch 4\n>p1 move hurricane\n>p2 move knockoff\n>p1 switch 5\n>p1 move flowertrick\n>p2 switch 3\n>p1 move toxicspikes\n>p2 move trailblaze\n>p1 move toxicspikes\n>p2 move swordsdance\n>p1 move knockoff\n>p2 move trailblaze\n>p1 switch 6\n>p1 move dazzlinggleam\n>p2 move knockoff", "uploadtime": 1781398709, "views": 5, "formatid": "gen9randombattle", "rating": null, "private": 0, "password": null}