{"id": "gen9randombattle-2631780060", "format": "[Gen 9] Random Battle", "players": ["SmolVersion", "Ry7i"], "log": "|j|\u2606SmolVersion\n|j|\u2606Ry7i\n|t:|1781438509\n|gametype|singles\n|player|p1|SmolVersion|102|1960\n|player|p2|Ry7i|1|1933\n|gen|9\n|tier|[Gen 9] Random Battle\n|rated|\n|rule|Species Clause: Limit one of each Pok\u00e9mon\n|rule|HP Percentage Mod: HP is shown in percentages\n|rule|Sleep Clause Mod: Limit one foe put to sleep\n|rule|Illusion Level Mod: Illusion disguises the Pok\u00e9mon's true level\n|\n|t:|1781438509\n|teamsize|p1|6\n|teamsize|p2|6\n|start\n|switch|p1a: Eelektross|Eelektross, L87, M|290/290\n|switch|p2a: Meowstic|Meowstic, L89, M|277/277\n|turn|1\n|inactive|Battle timer is ON: inactive players will automatically lose when time's up. (requested by Ry7i)\n|\n|t:|1781438529\n|switch|p2a: Weezing|Weezing, L88, F|258/258\n|move|p1a: Eelektross|U-turn|p2a: Weezing\n|-resisted|p2a: Weezing\n|-damage|p2a: Weezing|237/258\n|\n|t:|1781438539\n|switch|p1a: Darkrai|Darkrai, L77|234/234|[from] U-turn\n|\n|-heal|p2a: Weezing|253/258|[from] item: Leftovers\n|upkeep\n|turn|2\n|\n|t:|1781438551\n|move|p1a: Darkrai|Substitute|p1a: Darkrai\n|-start|p1a: Darkrai|Substitute\n|-damage|p1a: Darkrai|176/234\n|move|p2a: Weezing|Toxic Spikes|p1a: Darkrai\n|-sidestart|p1: SmolVersion|move: Toxic Spikes\n|\n|-heal|p1a: Darkrai|190/234|[from] item: Leftovers\n|-heal|p2a: Weezing|258/258|[from] item: Leftovers\n|upkeep\n|turn|3\n|\n|t:|1781438553\n|move|p1a: Darkrai|Nasty Plot|p1a: Darkrai\n|-boost|p1a: Darkrai|spa|2\n|move|p2a: Weezing|Sludge Bomb|p1a: Darkrai\n|-end|p1a: Darkrai|Substitute\n|\n|-heal|p1a: Darkrai|204/234|[from] item: Leftovers\n|upkeep\n|turn|4\n|\n|t:|1781438555\n|move|p1a: Darkrai|Dark Pulse|p2a: Weezing\n|-damage|p2a: Weezing|62/258\n|move|p2a: Weezing|Sludge Bomb|p1a: Darkrai\n|-damage|p1a: Darkrai|96/234\n|-status|p1a: Darkrai|psn\n|\n|-heal|p1a: Darkrai|110/234 psn|[from] item: Leftovers\n|-heal|p2a: Weezing|78/258|[from] item: Leftovers\n|-damage|p1a: Darkrai|81/234 psn|[from] psn\n|upkeep\n|turn|5\n|\n|t:|1781438564\n|switch|p2a: Sylveon|Sylveon, L85, M|300/300\n|move|p1a: Darkrai|Dark Pulse|p2a: Sylveon\n|-resisted|p2a: Sylveon\n|-damage|p2a: Sylveon|234/300\n|\n|-heal|p1a: Darkrai|95/234 psn|[from] item: Leftovers\n|-heal|p2a: Sylveon|252/300|[from] item: Leftovers\n|-damage|p1a: Darkrai|66/234 psn|[from] psn\n|upkeep\n|turn|6\n|\n|t:|1781438574\n|move|p2a: Sylveon|Protect|p2a: Sylveon\n|-singleturn|p2a: Sylveon|Protect\n|move|p1a: Darkrai|Sludge Bomb|p2a: Sylveon\n|-activate|p2a: Sylveon|move: Protect\n|\n|-heal|p1a: Darkrai|80/234 psn|[from] item: Leftovers\n|-heal|p2a: Sylveon|270/300|[from] item: Leftovers\n|-damage|p1a: Darkrai|51/234 psn|[from] psn\n|upkeep\n|turn|7\n|\n|t:|1781438580\n|switch|p2a: Tyranitar|Tyranitar, L78, F|284/284\n|-weather|Sandstorm|[from] ability: Sand Stream|[of] p2a: Tyranitar\n|move|p1a: Darkrai|Dark Pulse|p2a: Tyranitar\n|-resisted|p2a: Tyranitar\n|-damage|p2a: Tyranitar|247/284\n|\n|-weather|Sandstorm|[upkeep]\n|-damage|p1a: Darkrai|37/234 psn|[from] Sandstorm\n|-heal|p1a: Darkrai|51/234 psn|[from] item: Leftovers\n|-damage|p1a: Darkrai|22/234 psn|[from] psn\n|upkeep\n|turn|8\n|\n|t:|1781438603\n|move|p1a: Darkrai|Sludge Bomb|p2a: Tyranitar\n|-resisted|p2a: Tyranitar\n|-damage|p2a: Tyranitar|215/284\n|move|p2a: Tyranitar|Dragon Tail|p1a: Darkrai\n|-damage|p1a: Darkrai|0 fnt\n|faint|p1a: Darkrai\n|\n|-weather|Sandstorm|[upkeep]\n|upkeep\n|\n|t:|1781438610\n|switch|p1a: Eelektross|Eelektross, L87, M|290/290\n|turn|9\n|\n|t:|1781438617\n|switch|p2a: Weezing|Weezing, L88, F|78/258\n|move|p1a: Eelektross|Close Combat|p2a: Weezing\n|-resisted|p2a: Weezing\n|-damage|p2a: Weezing|40/258\n|-unboost|p1a: Eelektross|def|1\n|-unboost|p1a: Eelektross|spd|1\n|\n|-weather|Sandstorm|[upkeep]\n|-damage|p2a: Weezing|24/258|[from] Sandstorm\n|-damage|p1a: Eelektross|272/290|[from] Sandstorm\n|-heal|p2a: Weezing|40/258|[from] item: Leftovers\n|upkeep\n|turn|10\n|\n|t:|1781438629\n|switch|p1a: Gastrodon|Gastrodon, L86, F|331/331\n|-status|p1a: Gastrodon|psn\n|move|p2a: Weezing|Pain Split|p1a: Gastrodon\n|-sethp|p1a: Gastrodon|185/331 psn|[from] move: Pain Split|[silent]\n|-sethp|p2a: Weezing|185/258|[from] move: Pain Split\n|\n|-weather|Sandstorm|[upkeep]\n|-damage|p2a: Weezing|169/258|[from] Sandstorm\n|-heal|p2a: Weezing|185/258|[from] item: Leftovers\n|-heal|p1a: Gastrodon|205/331 psn|[from] item: Leftovers\n|-damage|p1a: Gastrodon|164/331 psn|[from] psn\n|upkeep\n|turn|11\n|\n|t:|1781438637\n|move|p2a: Weezing|Toxic Spikes|p1a: Gastrodon\n|-sidestart|p1: SmolVersion|move: Toxic Spikes\n|move|p1a: Gastrodon|Surf|p2a: Weezing\n|-damage|p2a: Weezing|70/258\n|\n|-weather|none\n|-heal|p2a: Weezing|86/258|[from] item: Leftovers\n|-heal|p1a: Gastrodon|184/331 psn|[from] item: Leftovers\n|-damage|p1a: Gastrodon|143/331 psn|[from] psn\n|upkeep\n|turn|12\n|\n|t:|1781438649\n|switch|p2a: Toedscruel|Toedscruel, L87, M|281/281\n|move|p1a: Gastrodon|Surf|p2a: Toedscruel\n|-damage|p2a: Toedscruel|209/281\n|\n|-heal|p2a: Toedscruel|226/281|[from] item: Leftovers\n|-heal|p1a: Gastrodon|163/331 psn|[from] item: Leftovers\n|-damage|p1a: Gastrodon|122/331 psn|[from] psn\n|upkeep\n|turn|13\n|\n|t:|1781438655\n|move|p2a: Toedscruel|Giga Drain|p1a: Gastrodon\n|-supereffective|p1a: Gastrodon\n|-damage|p1a: Gastrodon|0 fnt\n|-heal|p2a: Toedscruel|281/281|[from] drain|[of] p1a: Gastrodon\n|faint|p1a: Gastrodon\n|\n|upkeep\n|\n|t:|1781438661\n|switch|p1a: Pelipper|Pelipper, L86, F|243/243\n|-weather|RainDance|[from] ability: Drizzle|[of] p1a: Pelipper\n|turn|14\n|\n|t:|1781438669\n|switch|p2a: Tyranitar|Tyranitar, L78, F|215/284\n|-weather|Sandstorm|[from] ability: Sand Stream|[of] p2a: Tyranitar\n|move|p1a: Pelipper|Surf|p2a: Tyranitar\n|-supereffective|p2a: Tyranitar\n|-damage|p2a: Tyranitar|125/284\n|\n|-weather|Sandstorm|[upkeep]\n|-damage|p1a: Pelipper|228/243|[from] Sandstorm\n|upkeep\n|turn|15\n|\n|t:|1781438678\n|switch|p1a: Eelektross|Eelektross, L87, M|272/290\n|move|p2a: Tyranitar|Dragon Tail|p1a: Eelektross\n|-damage|p1a: Eelektross|220/290\n|drag|p1a: Pelipper|Pelipper, L86, F|228/243\n|-weather|RainDance|[from] ability: Drizzle|[of] p1a: Pelipper\n|\n|-weather|RainDance|[upkeep]\n|upkeep\n|turn|16\n|\n|t:|1781438689\n|switch|p2a: Toedscruel|Toedscruel, L87, M|281/281\n|move|p1a: Pelipper|Surf|p2a: Toedscruel\n|-damage|p2a: Toedscruel|166/281\n|\n|-weather|RainDance|[upkeep]\n|-heal|p2a: Toedscruel|183/281|[from] item: Leftovers\n|upkeep\n|turn|17\n|\n|t:|1781438695\n|move|p2a: Toedscruel|Giga Drain|p1a: Pelipper\n|-damage|p1a: Pelipper|140/243\n|-heal|p2a: Toedscruel|227/281|[from] drain|[of] p1a: Pelipper\n|move|p1a: Pelipper|Hurricane|p2a: Toedscruel\n|-supereffective|p2a: Toedscruel\n|-damage|p2a: Toedscruel|47/281\n|\n|-weather|RainDance|[upkeep]\n|-heal|p2a: Toedscruel|64/281|[from] item: Leftovers\n|upkeep\n|turn|18\n|\n|t:|1781438701\n|move|p1a: Pelipper|Roost|p1a: Pelipper\n|-heal|p1a: Pelipper|243/243\n|-singleturn|p1a: Pelipper|move: Roost\n|move|p2a: Toedscruel|Spore|p1a: Pelipper\n|-status|p1a: Pelipper|slp|[from] move: Spore\n|\n|-weather|RainDance|[upkeep]\n|-heal|p2a: Toedscruel|81/281|[from] item: Leftovers\n|upkeep\n|turn|19\n|\n|t:|1781438710\n|switch|p2a: Weezing|Weezing, L88, F|86/258\n|switch|p1a: Ho-Oh|Ho-Oh, L71|268/268\n|\n|-weather|none\n|-heal|p2a: Weezing|102/258|[from] item: Leftovers\n|upkeep\n|turn|20\n|\n|t:|1781438716\n|move|p1a: Ho-Oh|Brave Bird|p2a: Weezing\n|-damage|p2a: Weezing|18/258\n|-damage|p1a: Ho-Oh|240/268|[from] Recoil\n|move|p2a: Weezing|Pain Split|p1a: Ho-Oh\n|-sethp|p1a: Ho-Oh|129/268|[from] move: Pain Split|[silent]\n|-sethp|p2a: Weezing|129/258|[from] move: Pain Split\n|\n|-heal|p2a: Weezing|145/258|[from] item: Leftovers\n|upkeep\n|turn|21\n|\n|t:|1781438723\n|move|p1a: Ho-Oh|Recover|p1a: Ho-Oh\n|-heal|p1a: Ho-Oh|263/268\n|move|p2a: Weezing|Sludge Bomb|p1a: Ho-Oh\n|-damage|p1a: Ho-Oh|188/268\n|-status|p1a: Ho-Oh|psn\n|\n|-heal|p2a: Weezing|161/258|[from] item: Leftovers\n|-damage|p1a: Ho-Oh|155/268 psn|[from] psn\n|upkeep\n|turn|22\n|-message|SmolVersion forfeited.\n|\n|win|Ry7i\n", "inputlog": ">version a8376a258c1d4662feba110a92103f3664a72141\n>start {\"formatid\":\"gen9randombattle\",\"seed\":\"sodium,a9746bbd5ec67bf6d5db8575efc15a29\",\"rated\":\"Rated battle\"}\n>player p1 {\"name\":\"SmolVersion\",\"avatar\":\"102\",\"rating\":1960,\"seed\":\"sodium,2bfe73870622282a84b306d8481c1424\"}\n>player p2 {\"name\":\"Ry7i\",\"avatar\":\"1\",\"rating\":1933,\"seed\":\"sodium,5f2166c75f3d2e5f1e3a33f1dfd8bdd3\"}\n>p1 move uturn\n>p2 switch 3\n>p1 switch 3\n>p1 move substitute\n>p2 move toxicspikes\n>p1 move nastyplot\n>p2 move sludgebomb\n>p1 move darkpulse\n>p2 move sludgebomb\n>p1 move darkpulse\n>p2 switch 2\n>p1 move sludgebomb\n>p2 move protect\n>p1 move darkpulse\n>p2 switch 4\n>p1 move sludgebomb\n>p2 move dragontail\n>p1 switch 3\n>p1 move closecombat\n>p2 switch 2\n>p1 switch 6\n>p2 move painsplit\n>p1 move surf\n>p2 move toxicspikes\n>p1 move surf\n>p2 switch 5\n>p1 move icebeam\n>p2 move gigadrain\n>p1 switch 4\n>p1 move surf\n>p2 switch 2\n>p1 switch 6\n>p2 move dragontail\n>p1 move surf\n>p2 switch 2\n>p1 move hurricane\n>p2 move gigadrain\n>p1 move roost\n>p2 move spore\n>p1 switch 2\n>p2 switch 5\n>p1 move bravebird\n>p2 move painsplit\n>p1 move recover\n>p2 move sludgebomb\n>forcelose p1", "uploadtime": 1781438512, "views": 5, "formatid": "gen9randombattle", "rating": null, "private": 0, "password": null}