{"id": "gen9randombattle-2631955926", "format": "[Gen 9] Random Battle", "players": ["pablovr", "Copernicusthe54th"], "log": "|j|\u2606pablovr\n|j|\u2606Copernicusthe54th\n|t:|1781459670\n|gametype|singles\n|player|p1|pablovr|hiker-gen4|1948\n|player|p2|Copernicusthe54th|101|1947\n|gen|9\n|tier|[Gen 9] Random Battle\n|rated|\n|rule|Species Clause: Limit one of each Pok\u00e9mon\n|rule|HP Percentage Mod: HP is shown in percentages\n|rule|Sleep Clause Mod: Limit one foe put to sleep\n|rule|Illusion Level Mod: Illusion disguises the Pok\u00e9mon's true level\n|\n|t:|1781459670\n|teamsize|p1|6\n|teamsize|p2|6\n|start\n|switch|p1a: Magearna|Magearna-Original, L77|250/250\n|switch|p2a: Lucario|Lucario, L84, M|255/255\n|turn|1\n|\n|t:|1781459685\n|move|p2a: Lucario|Swords Dance|p2a: Lucario\n|-boost|p2a: Lucario|atk|2\n|move|p1a: Magearna|Shift Gear|p1a: Magearna\n|-boost|p1a: Magearna|spe|2\n|-boost|p1a: Magearna|atk|1\n|\n|upkeep\n|turn|2\n|\n|t:|1781459730\n|move|p1a: Magearna|Fleur Cannon|p2a: Lucario\n|-damage|p2a: Lucario|95/255\n|-unboost|p1a: Magearna|spa|2\n|move|p2a: Lucario|Close Combat|p1a: Magearna\n|-damage|p1a: Magearna|0 fnt\n|-unboost|p2a: Lucario|def|1\n|-unboost|p2a: Lucario|spd|1\n|faint|p1a: Magearna\n|-damage|p2a: Lucario|70/255|[from] item: Life Orb\n|\n|upkeep\n|\n|t:|1781459748\n|switch|p1a: Slaking|Slaking, L84, M|389/389\n|turn|3\n|\n|t:|1781459764\n|switch|p2a: Mesprit|Mesprit, L85|275/275\n|move|p1a: Slaking|Earthquake|p2a: Mesprit\n|-immune|p2a: Mesprit|[from] ability: Levitate\n|\n|upkeep\n|turn|4\n|\n|t:|1781459775\n|switch|p1a: Cresselia|Cresselia, L80, F|323/323\n|move|p2a: Mesprit|Thunder Wave|p1a: Cresselia\n|-status|p1a: Cresselia|par\n|\n|upkeep\n|turn|5\n|\n|t:|1781459789\n|move|p2a: Mesprit|Stealth Rock|p1a: Cresselia\n|-sidestart|p1: pablovr|move: Stealth Rock\n|move|p1a: Cresselia|Moonblast|p2a: Mesprit\n|-damage|p2a: Mesprit|229/275\n|\n|-heal|p2a: Mesprit|246/275|[from] item: Leftovers\n|upkeep\n|turn|6\n|inactive|Battle timer is ON: inactive players will automatically lose when time's up. (requested by Copernicusthe54th)\n|inactive|pablovr has 120 seconds left.\n|\n|t:|1781459840\n|switch|p1a: Houndstone|Houndstone, L86, M|264/264\n|-damage|p1a: Houndstone|231/264|[from] Stealth Rock\n|move|p2a: Mesprit|U-turn|p1a: Houndstone\n|-resisted|p1a: Houndstone\n|-damage|p1a: Houndstone|218/264\n|\n|t:|1781459862\n|switch|p2a: Ludicolo|Ludicolo, L90, M|290/290|[from] U-turn\n|\n|upkeep\n|turn|7\n|\n|t:|1781459869\n|move|p2a: Ludicolo|Hydro Pump|p1a: Houndstone\n|-damage|p1a: Houndstone|112/264\n|move|p1a: Houndstone|Poltergeist|p2a: Ludicolo\n|-activate|p2a: Ludicolo|move: Poltergeist|Choice Specs\n|-damage|p2a: Ludicolo|143/290\n|\n|upkeep\n|turn|8\n|inactive|pablovr has 120 seconds left.\n|\n|t:|1781459910\n|switch|p1a: Ludicolo|Ludicolo, L90, M|290/290\n|-damage|p1a: Ludicolo|254/290|[from] Stealth Rock\n|move|p2a: Ludicolo|Hydro Pump|p1a: Ludicolo\n|-resisted|p1a: Ludicolo\n|-damage|p1a: Ludicolo|216/290\n|\n|upkeep\n|turn|9\n|\n|t:|1781459927\n|switch|p2a: Mesprit|Mesprit, L85|246/275\n|move|p1a: Ludicolo|Rain Dance|p1a: Ludicolo\n|-weather|RainDance\n|\n|-weather|RainDance|[upkeep]\n|-heal|p2a: Mesprit|263/275|[from] item: Leftovers\n|upkeep\n|turn|10\n|\n|t:|1781459931\n|move|p1a: Ludicolo|Hydro Pump|p2a: Mesprit\n|-damage|p2a: Mesprit|41/275\n|-damage|p1a: Ludicolo|187/290|[from] item: Life Orb\n|move|p2a: Mesprit|Thunder Wave|p1a: Ludicolo\n|-status|p1a: Ludicolo|par\n|\n|-weather|RainDance|[upkeep]\n|-heal|p2a: Mesprit|58/275|[from] item: Leftovers\n|upkeep\n|turn|11\n|\n|t:|1781459940\n|move|p2a: Mesprit|Psychic Noise|p1a: Ludicolo\n|-damage|p1a: Ludicolo|109/290 par\n|-start|p1a: Ludicolo|move: Heal Block\n|cant|p1a: Ludicolo|move: Heal Block|Giga Drain\n|\n|-weather|RainDance|[upkeep]\n|-heal|p2a: Mesprit|75/275|[from] item: Leftovers\n|upkeep\n|turn|12\n|\n|t:|1781459948\n|move|p2a: Mesprit|U-turn|p1a: Ludicolo\n|-supereffective|p1a: Ludicolo\n|-damage|p1a: Ludicolo|0 fnt\n|faint|p1a: Ludicolo\n|\n|t:|1781459952\n|switch|p2a: Ludicolo|Ludicolo, L90, M|143/290|[from] U-turn\n|\n|-weather|RainDance|[upkeep]\n|upkeep\n|\n|t:|1781459962\n|switch|p1a: Houndstone|Houndstone, L86, M|112/264\n|-damage|p1a: Houndstone|79/264|[from] Stealth Rock\n|turn|13\n|\n|t:|1781459967\n|move|p1a: Houndstone|Shadow Sneak|p2a: Ludicolo\n|-damage|p2a: Ludicolo|92/290\n|move|p2a: Ludicolo|Hydro Pump|p1a: Houndstone\n|-damage|p1a: Houndstone|0 fnt\n|faint|p1a: Houndstone\n|\n|-weather|none\n|upkeep\n|\n|t:|1781459978\n|switch|p1a: Slaking|Slaking, L84, M|389/389\n|-damage|p1a: Slaking|341/389|[from] Stealth Rock\n|turn|14\n|\n|t:|1781459987\n|move|p1a: Slaking|Double-Edge|p2a: Ludicolo\n|-damage|p2a: Ludicolo|0 fnt\n|faint|p2a: Ludicolo\n|-damage|p1a: Slaking|311/389|[from] Recoil\n|\n|upkeep\n|\n|t:|1781459990\n|switch|p2a: Mesprit|Mesprit, L85|75/275\n|turn|15\n|\n|t:|1781460005\n|switch|p1a: Cresselia|Cresselia, L80, F|323/323 par\n|-damage|p1a: Cresselia|283/323 par|[from] Stealth Rock\n|move|p2a: Mesprit|U-turn|p1a: Cresselia\n|-supereffective|p1a: Cresselia\n|-damage|p1a: Cresselia|193/323 par\n|\n|t:|1781460017\n|switch|p2a: Crabominable|Crabominable, L90, M|321/321|[from] U-turn\n|\n|-heal|p1a: Cresselia|213/323 par|[from] item: Leftovers\n|upkeep\n|turn|16\n|\n|t:|1781460040\n|move|p2a: Crabominable|Ice Hammer|p1a: Cresselia\n|-damage|p1a: Cresselia|0 fnt\n|-unboost|p2a: Crabominable|spe|1\n|faint|p1a: Cresselia\n|\n|upkeep\n|\n|t:|1781460046\n|switch|p1a: Slaking|Slaking, L84, M|311/389\n|-damage|p1a: Slaking|263/389|[from] Stealth Rock\n|turn|17\n|\n|t:|1781460057\n|move|p1a: Slaking|Double-Edge|p2a: Crabominable\n|-damage|p2a: Crabominable|23/321\n|-damage|p1a: Slaking|165/389|[from] Recoil\n|move|p2a: Crabominable|Ice Hammer|p1a: Slaking\n|-damage|p1a: Slaking|0 fnt\n|-unboost|p2a: Crabominable|spe|1\n|faint|p1a: Slaking\n|\n|upkeep\n|\n|t:|1781460060\n|switch|p1a: Registeel|Registeel, L81|262/262\n|-damage|p1a: Registeel|246/262|[from] Stealth Rock\n|turn|18\n|\n|t:|1781460072\n|switch|p2a: Lucario|Lucario, L84, M|70/255\n|-terastallize|p1a: Registeel|Fighting\n|move|p1a: Registeel|Iron Defense|p1a: Registeel\n|-boost|p1a: Registeel|def|2\n|\n|upkeep\n|turn|19\n|\n|t:|1781460082\n|move|p2a: Lucario|Close Combat|p1a: Registeel\n|-damage|p1a: Registeel|184/262\n|-unboost|p2a: Lucario|def|1\n|-unboost|p2a: Lucario|spd|1\n|-damage|p2a: Lucario|45/255|[from] item: Life Orb\n|move|p1a: Registeel|Iron Defense|p1a: Registeel\n|-boost|p1a: Registeel|def|2\n|\n|upkeep\n|turn|20\n|\n|t:|1781460085\n|move|p2a: Lucario|Extreme Speed|p1a: Registeel\n|-damage|p1a: Registeel|165/262\n|-damage|p2a: Lucario|20/255|[from] item: Life Orb\n|move|p1a: Registeel|Iron Defense|p1a: Registeel\n|-boost|p1a: Registeel|def|2\n|\n|upkeep\n|turn|21\n|\n|t:|1781460090\n|move|p2a: Lucario|Close Combat|p1a: Registeel\n|-damage|p1a: Registeel|134/262\n|-unboost|p2a: Lucario|def|1\n|-unboost|p2a: Lucario|spd|1\n|-damage|p2a: Lucario|0 fnt|[from] item: Life Orb\n|faint|p2a: Lucario\n|move|p1a: Registeel|Rest|p1a: Registeel\n|-status|p1a: Registeel|slp|[from] move: Rest\n|-heal|p1a: Registeel|262/262 slp|[silent]\n|-enditem|p1a: Registeel|Chesto Berry|[eat]\n|-curestatus|p1a: Registeel|slp|[msg]\n|\n|upkeep\n|\n|t:|1781460094\n|switch|p2a: Mesprit|Mesprit, L85|75/275\n|turn|22\n|\n|t:|1781460096\n|move|p2a: Mesprit|Psychic Noise|p1a: Registeel\n|-supereffective|p1a: Registeel\n|-damage|p1a: Registeel|134/262\n|-start|p1a: Registeel|move: Heal Block\n|move|p1a: Registeel|Body Press|p2a: Mesprit\n|-resisted|p2a: Mesprit\n|-damage|p2a: Mesprit|0 fnt\n|faint|p2a: Mesprit\n|\n|upkeep\n|\n|t:|1781460101\n|switch|p2a: Pikachu|Pikachu-Unova, L93, F|216/216\n|turn|23\n|\n|t:|1781460107\n|move|p2a: Pikachu|Volt Switch|p1a: Registeel\n|-damage|p1a: Registeel|61/262\n|\n|t:|1781460108\n|switch|p2a: Crabominable|Crabominable, L90, M|23/321|[from] Volt Switch\n|move|p1a: Registeel|Body Press|p2a: Crabominable\n|-supereffective|p2a: Crabominable\n|-damage|p2a: Crabominable|0 fnt\n|faint|p2a: Crabominable\n|\n|-end|p1a: Registeel|move: Heal Block\n|upkeep\n|\n|t:|1781460111\n|switch|p2a: Pikachu|Pikachu-Unova, L93, F|216/216\n|turn|24\n|\n|t:|1781460121\n|move|p2a: Pikachu|Volt Switch|p1a: Registeel\n|-damage|p1a: Registeel|0 fnt\n|faint|p1a: Registeel\n|\n|win|Copernicusthe54th\n", "inputlog": ">version a8376a258c1d4662feba110a92103f3664a72141\n>start {\"formatid\":\"gen9randombattle\",\"seed\":\"sodium,95dc14bf28bb9deebc490b6dc80396f1\",\"rated\":\"Rated battle\"}\n>player p1 {\"name\":\"pablovr\",\"avatar\":\"hiker-gen4\",\"rating\":1948,\"seed\":\"sodium,c49ffc2a5b76061677913db9dc21247b\"}\n>player p2 {\"name\":\"Copernicusthe54th\",\"avatar\":\"101\",\"rating\":1947,\"seed\":\"sodium,2274890c1cb2d630c3df9506acdb60ca\"}\n>p1 move shiftgear\n>p2 move swordsdance\n>p1 move fleurcannon\n>p2 move closecombat\n>p1 switch 2\n>p1 move earthquake\n>p2 switch 2\n>p1 switch 5\n>p2 move thunderwave\n>p1 move moonblast\n>p2 move stealthrock\n>p1 switch 6\n>p2 move uturn\n>p2 switch 3\n>p1 move poltergeist\n>p2 move hydropump\n>p1 switch 3\n>p2 move hydropump\n>p1 move raindance\n>p2 switch 3\n>p1 move hydropump\n>p2 move thunderwave\n>p1 move gigadrain\n>p2 move psychicnoise\n>p1 move icebeam\n>p2 move uturn\n>p2 switch 3\n>p1 switch 3\n>p1 move shadowsneak\n>p2 move hydropump\n>p1 switch 5\n>p1 move doubleedge\n>p2 move hydropump\n>p2 switch 3\n>p1 switch 6\n>p2 move uturn\n>p2 switch 4\n>p1 move moonblast\n>p2 move icehammer\n>p1 switch 6\n>p1 move doubleedge\n>p2 move icehammer\n>p1 switch 4\n>p1 move irondefense terastallize\n>p2 switch 2\n>p1 move irondefense\n>p2 move closecombat\n>p1 move irondefense\n>p2 move extremespeed\n>p1 move rest\n>p2 move closecombat\n>p2 switch 4\n>p1 move bodypress\n>p2 move psychicnoise\n>p2 switch 5\n>p1 move bodypress\n>p2 move voltswitch\n>p2 switch 2\n>p2 switch 2\n>p1 move bodypress\n>p2 move voltswitch", "uploadtime": 1781459672, "views": 5, "formatid": "gen9randombattle", "rating": null, "private": 0, "password": null}