{"id": "gen9randombattle-2631960158", "format": "[Gen 9] Random Battle", "players": ["mztmztmzt123", "SoCapable"], "log": "|j|\u2606mztmztmzt123\n|j|\u2606SoCapable\n|t:|1781460114\n|gametype|singles\n|player|p1|mztmztmzt123|2|2260\n|player|p2|SoCapable|silver|2289\n|gen|9\n|tier|[Gen 9] Random Battle\n|rated|\n|rule|Species Clause: Limit one of each Pok\u00e9mon\n|rule|HP Percentage Mod: HP is shown in percentages\n|rule|Sleep Clause Mod: Limit one foe put to sleep\n|rule|Illusion Level Mod: Illusion disguises the Pok\u00e9mon's true level\n|\n|t:|1781460114\n|teamsize|p1|6\n|teamsize|p2|6\n|start\n|switch|p1a: Meowscarada|Meowscarada, L78, M|247/247\n|switch|p2a: Iron Jugulis|Iron Jugulis, L77|271/271\n|turn|1\n|\n|t:|1781460123\n|move|p1a: Meowscarada|Triple Axel|p2a: Iron Jugulis\n|-start|p1a: Meowscarada|typechange|Ice|[from] ability: Protean\n|-supereffective|p2a: Iron Jugulis\n|-damage|p2a: Iron Jugulis|205/271\n|-supereffective|p2a: Iron Jugulis\n|-damage|p2a: Iron Jugulis|73/271\n|-hitcount|p2a: Iron Jugulis|2\n|move|p2a: Iron Jugulis|Hurricane|p1a: Meowscarada\n|-damage|p1a: Meowscarada|96/247\n|\n|upkeep\n|turn|2\n|inactive|Battle timer is ON: inactive players will automatically lose when time's up. (requested by mztmztmzt123)\n|\n|t:|1781460131\n|-end|p2a: Iron Jugulis|Quark Drive|[silent]\n|switch|p2a: Toxtricity|Toxtricity, L82, F|257/257\n|move|p1a: Meowscarada|Triple Axel|p2a: Toxtricity\n|-damage|p2a: Toxtricity|217/257\n|-damage|p2a: Toxtricity|150/257\n|-damage|p2a: Toxtricity|48/257\n|-hitcount|p2a: Toxtricity|3\n|\n|upkeep\n|turn|3\n|\n|t:|1781460137\n|switch|p2a: Lapras|Lapras, L87, F|367/367\n|move|p1a: Meowscarada|Triple Axel|p2a: Lapras\n|-resisted|p2a: Lapras\n|-damage|p2a: Lapras|359/367\n|-resisted|p2a: Lapras\n|-damage|p2a: Lapras|343/367\n|-resisted|p2a: Lapras\n|-damage|p2a: Lapras|320/367\n|-hitcount|p2a: Lapras|3\n|\n|upkeep\n|turn|4\n|\n|t:|1781460144\n|switch|p1a: Delibird|Delibird, M|252/252\n|move|p2a: Lapras|Dragon Dance|p2a: Lapras\n|-boost|p2a: Lapras|atk|1\n|-boost|p2a: Lapras|spe|1\n|\n|upkeep\n|turn|5\n|\n|t:|1781460149\n|move|p2a: Lapras|Dragon Dance|p2a: Lapras\n|-boost|p2a: Lapras|atk|1\n|-boost|p2a: Lapras|spe|1\n|move|p1a: Delibird|Brave Bird|p2a: Lapras\n|-damage|p2a: Lapras|190/367\n|-damage|p1a: Delibird|209/252|[from] Recoil\n|\n|upkeep\n|turn|6\n|\n|t:|1781460152\n|move|p2a: Lapras|Icicle Spear|p1a: Delibird\n|-damage|p1a: Delibird|137/252\n|-damage|p1a: Delibird|73/252\n|-damage|p1a: Delibird|0 fnt\n|faint|p1a: Delibird\n|-hitcount|p1: Delibird|3\n|\n|upkeep\n|\n|t:|1781460172\n|switch|p1a: Dudunsparce|Dudunsparce, L83, F|343/343\n|turn|7\n|\n|t:|1781460176\n|move|p2a: Lapras|Icicle Spear|p1a: Dudunsparce\n|-damage|p1a: Dudunsparce|291/343\n|-damage|p1a: Dudunsparce|234/343\n|-damage|p1a: Dudunsparce|180/343\n|-damage|p1a: Dudunsparce|122/343\n|-hitcount|p1a: Dudunsparce|4\n|move|p1a: Dudunsparce|Glare|p2a: Lapras\n|-status|p2a: Lapras|par\n|\n|-heal|p1a: Dudunsparce|143/343|[from] item: Leftovers\n|upkeep\n|turn|8\n|\n|t:|1781460191\n|switch|p1a: Chi-Yu|Chi-Yu, L77|211/211\n|-ability|p1a: Chi-Yu|Beads of Ruin\n|move|p2a: Lapras|Icicle Spear|p1a: Chi-Yu\n|-resisted|p1a: Chi-Yu\n|-damage|p1a: Chi-Yu|181/211\n|-resisted|p1a: Chi-Yu\n|-damage|p1a: Chi-Yu|154/211\n|-resisted|p1a: Chi-Yu\n|-damage|p1a: Chi-Yu|124/211\n|-resisted|p1a: Chi-Yu\n|-damage|p1a: Chi-Yu|96/211\n|-resisted|p1a: Chi-Yu\n|-damage|p1a: Chi-Yu|66/211\n|-hitcount|p1a: Chi-Yu|5\n|\n|upkeep\n|turn|9\n|\n|t:|1781460200\n|move|p1a: Chi-Yu|Overheat|p2a: Lapras\n|-damage|p2a: Lapras|0 fnt\n|-unboost|p1a: Chi-Yu|spa|2\n|faint|p2a: Lapras\n|\n|upkeep\n|\n|t:|1781460207\n|switch|p2a: Pawmot|Pawmot, L80, M|243/243\n|turn|10\n|\n|t:|1781460214\n|move|p1a: Chi-Yu|Overheat|p2a: Pawmot\n|-damage|p2a: Pawmot|111/243\n|-unboost|p1a: Chi-Yu|spa|2\n|move|p2a: Pawmot|Close Combat|p1a: Chi-Yu\n|-supereffective|p1a: Chi-Yu\n|-damage|p1a: Chi-Yu|0 fnt\n|-unboost|p2a: Pawmot|def|1\n|-unboost|p2a: Pawmot|spd|1\n|faint|p1a: Chi-Yu\n|-damage|p2a: Pawmot|87/243|[from] item: Life Orb\n|\n|upkeep\n|\n|t:|1781460223\n|switch|p1a: Meowscarada|Meowscarada, L78, M|96/247\n|turn|11\n|\n|t:|1781460229\n|switch|p2a: Toxtricity|Toxtricity, L82, F|48/257\n|move|p1a: Meowscarada|Knock Off|p2a: Toxtricity\n|-start|p1a: Meowscarada|typechange|Dark|[from] ability: Protean\n|-crit|p2a: Toxtricity\n|-damage|p2a: Toxtricity|0 fnt\n|-enditem|p2a: Toxtricity|Throat Spray|[from] move: Knock Off|[of] p1a: Meowscarada\n|faint|p2a: Toxtricity\n|\n|upkeep\n|\n|t:|1781460231\n|switch|p2a: Ariados|Ariados, L95, F|287/287\n|turn|12\n|\n|t:|1781460246\n|switch|p1a: Staraptor|Staraptor, L79, F|263/263\n|move|p2a: Ariados|Sticky Web|p1a: Staraptor\n|-sidestart|p1: mztmztmzt123|move: Sticky Web\n|\n|upkeep\n|turn|13\n|\n|t:|1781460256\n|move|p1a: Staraptor|Brave Bird|p2a: Ariados\n|-supereffective|p2a: Ariados\n|-damage|p2a: Ariados|0 fnt\n|faint|p2a: Ariados\n|-damage|p1a: Staraptor|168/263|[from] Recoil\n|\n|upkeep\n|\n|t:|1781460260\n|switch|p2a: Excadrill|Excadrill, L79, F|303/303\n|-ability|p2a: Excadrill|Mold Breaker\n|turn|14\n|\n|t:|1781460264\n|move|p1a: Staraptor|Brave Bird|p2a: Excadrill\n|-resisted|p2a: Excadrill\n|-damage|p2a: Excadrill|132/303\n|-damage|p1a: Staraptor|112/263|[from] Recoil\n|move|p2a: Excadrill|Rapid Spin|p1a: Staraptor\n|-damage|p1a: Staraptor|60/263\n|-boost|p2a: Excadrill|spe|1\n|\n|upkeep\n|turn|15\n|\n|t:|1781460275\n|move|p2a: Excadrill|Iron Head|p1a: Staraptor\n|-damage|p1a: Staraptor|0 fnt\n|faint|p1a: Staraptor\n|\n|upkeep\n|\n|t:|1781460285\n|switch|p1a: Dudunsparce|Dudunsparce, L83, F|143/343\n|-activate|p1a: Dudunsparce|move: Sticky Web\n|-unboost|p1a: Dudunsparce|spe|1\n|turn|16\n|\n|t:|1781460294\n|move|p2a: Excadrill|Iron Head|p1a: Dudunsparce\n|-damage|p1a: Dudunsparce|34/343\n|move|p1a: Dudunsparce|Earthquake|p2a: Excadrill\n|-supereffective|p2a: Excadrill\n|-damage|p2a: Excadrill|0 fnt\n|faint|p2a: Excadrill\n|\n|-heal|p1a: Dudunsparce|55/343|[from] item: Leftovers\n|upkeep\n|\n|t:|1781460303\n|switch|p2a: Iron Jugulis|Iron Jugulis, L77|73/271\n|turn|17\n|\n|t:|1781460305\n|move|p2a: Iron Jugulis|Dark Pulse|p1a: Dudunsparce\n|-damage|p1a: Dudunsparce|0 fnt\n|faint|p1a: Dudunsparce\n|\n|upkeep\n|\n|t:|1781460310\n|switch|p1a: Meowscarada|Meowscarada, L78, M|96/247\n|-activate|p1a: Meowscarada|move: Sticky Web\n|-unboost|p1a: Meowscarada|spe|1\n|turn|18\n|\n|t:|1781460317\n|move|p2a: Iron Jugulis|Meteor Beam||[still]\n|-prepare|p2a: Iron Jugulis|Meteor Beam\n|-boost|p2a: Iron Jugulis|spa|1\n|-enditem|p2a: Iron Jugulis|Power Herb\n|-anim|p2a: Iron Jugulis|Meteor Beam|p1a: Meowscarada\n|-damage|p1a: Meowscarada|0 fnt\n|faint|p1a: Meowscarada\n|\n|upkeep\n|\n|t:|1781460321\n|switch|p1a: Sandy Shocks|Sandy Shocks, L80|267/267\n|turn|19\n|\n|t:|1781460342\n|-terastallize|p2a: Iron Jugulis|Dark\n|move|p2a: Iron Jugulis|Dark Pulse|p1a: Sandy Shocks\n|-damage|p1a: Sandy Shocks|75/267\n|move|p1a: Sandy Shocks|Volt Switch|p2a: Iron Jugulis\n|-damage|p2a: Iron Jugulis|0 fnt\n|faint|p2a: Iron Jugulis\n|-end|p2a: Iron Jugulis|Quark Drive|[silent]\n|\n|upkeep\n|\n|t:|1781460348\n|switch|p2a: Pawmot|Pawmot, L80, M|87/243\n|turn|20\n|\n|t:|1781460366\n|-terastallize|p1a: Sandy Shocks|Electric\n|move|p2a: Pawmot|Close Combat|p1a: Sandy Shocks\n|-damage|p1a: Sandy Shocks|0 fnt\n|-unboost|p2a: Pawmot|def|1\n|-unboost|p2a: Pawmot|spd|1\n|faint|p1a: Sandy Shocks\n|-end|p1a: Sandy Shocks|Protosynthesis|[silent]\n|-damage|p2a: Pawmot|63/243|[from] item: Life Orb\n|\n|win|SoCapable\n", "inputlog": ">version a8376a258c1d4662feba110a92103f3664a72141\n>start {\"formatid\":\"gen9randombattle\",\"seed\":\"sodium,0fe7ed0197fc06a155a51eb01a057137\",\"rated\":\"Rated battle\"}\n>player p1 {\"name\":\"mztmztmzt123\",\"avatar\":\"2\",\"rating\":2260,\"seed\":\"sodium,2b6a10df102532b0c50714c4764bb4f1\"}\n>player p2 {\"name\":\"SoCapable\",\"avatar\":\"silver\",\"rating\":2289,\"seed\":\"sodium,a3508c61761fb23b097bf88383994144\"}\n>p1 move tripleaxel\n>p2 move hurricane\n>p1 move tripleaxel\n>p2 switch 6\n>p1 move tripleaxel\n>p2 switch 2\n>p1 switch 6\n>p2 move dragondance\n>p1 move bravebird\n>p2 move dragondance\n>p1 move rapidspin\n>p2 move iciclespear\n>p1 switch 5\n>p1 move glare\n>p2 move iciclespear\n>p1 switch 2\n>p2 move iciclespear\n>p1 move overheat\n>p2 move waterfall\n>p2 switch 5\n>p1 move overheat\n>p2 move closecombat\n>p1 switch 6\n>p1 move knockoff\n>p2 switch 2\n>p2 switch 3\n>p1 switch 3\n>p2 move stickyweb\n>p1 move bravebird\n>p2 move poisonjab\n>p2 switch 4\n>p1 move bravebird\n>p2 move rapidspin\n>p1 move bravebird\n>p2 move ironhead\n>p1 switch 2\n>p1 move earthquake\n>p2 move ironhead\n>p2 switch 6\n>p1 move glare\n>p2 move darkpulse\n>p1 switch 3\n>p1 move flowertrick\n>p2 move meteorbeam\n>p1 switch 4\n>p1 move voltswitch\n>p2 move darkpulse terastallize\n>p2 switch 2\n>p1 move earthpower terastallize\n>p2 move closecombat", "uploadtime": 1781460117, "views": 4, "formatid": "gen9randombattle", "rating": null, "private": 0, "password": null}