{"id": "gen9randombattle-2631682295", "format": "[Gen 9] Random Battle", "players": ["silent727", "mapachecojsjs"], "log": "|j|\u2606silent727\n|j|\u2606mapachecojsjs\n|t:|1781420861\n|gametype|singles\n|player|p1|silent727|101|1370\n|player|p2|mapachecojsjs|cilan|1402\n|gen|9\n|tier|[Gen 9] Random Battle\n|rated|\n|rule|Species Clause: Limit one of each Pok\u00e9mon\n|rule|HP Percentage Mod: HP is shown in percentages\n|rule|Sleep Clause Mod: Limit one foe put to sleep\n|rule|Illusion Level Mod: Illusion disguises the Pok\u00e9mon's true level\n|\n|t:|1781420861\n|teamsize|p1|6\n|teamsize|p2|6\n|start\n|switch|p1a: Florges|Florges-White, L85, F|271/271\n|switch|p2a: Tropius|Tropius, L91, F|328/328\n|turn|1\n|\n|t:|1781420870\n|move|p1a: Florges|Calm Mind|p1a: Florges\n|-boost|p1a: Florges|spa|1\n|-boost|p1a: Florges|spd|1\n|move|p2a: Tropius|Leech Seed|p1a: Florges\n|-start|p1a: Florges|move: Leech Seed\n|\n|-damage|p1a: Florges|238/271|[from] Leech Seed|[of] p2a: Tropius\n|upkeep\n|turn|2\n|\n|t:|1781420877\n|move|p1a: Florges|Calm Mind|p1a: Florges\n|-boost|p1a: Florges|spa|1\n|-boost|p1a: Florges|spd|1\n|move|p2a: Tropius|Air Slash|p1a: Florges\n|-damage|p1a: Florges|214/271\n|\n|-heal|p1a: Florges|230/271|[from] item: Leftovers\n|-damage|p1a: Florges|197/271|[from] Leech Seed|[of] p2a: Tropius\n|upkeep\n|turn|3\n|\n|t:|1781420889\n|switch|p2a: Bisharp|Bisharp, L79, M|232/232\n|move|p1a: Florges|Calm Mind|p1a: Florges\n|-boost|p1a: Florges|spa|1\n|-boost|p1a: Florges|spd|1\n|\n|-heal|p1a: Florges|213/271|[from] item: Leftovers\n|-damage|p1a: Florges|180/271|[from] Leech Seed|[of] p2a: Bisharp\n|upkeep\n|turn|4\n|\n|t:|1781420899\n|-terastallize|p1a: Florges|Ground\n|move|p1a: Florges|Tera Blast|p2a: Bisharp|[anim] Tera Blast Ground\n|-supereffective|p2a: Bisharp\n|-damage|p2a: Bisharp|0 fnt\n|faint|p2a: Bisharp\n|\n|-heal|p1a: Florges|196/271|[from] item: Leftovers\n|upkeep\n|\n|t:|1781420905\n|switch|p2a: Tropius|Tropius, L91, F|328/328\n|turn|5\n|\n|t:|1781420915\n|move|p1a: Florges|Moonblast|p2a: Tropius\n|-damage|p2a: Tropius|52/328\n|-enditem|p2a: Tropius|Sitrus Berry|[eat]\n|-heal|p2a: Tropius|134/328|[from] item: Sitrus Berry\n|move|p2a: Tropius|Substitute|p2a: Tropius\n|-start|p2a: Tropius|Substitute\n|-damage|p2a: Tropius|52/328\n|\n|-heal|p1a: Florges|212/271|[from] item: Leftovers\n|-damage|p1a: Florges|179/271|[from] Leech Seed|[of] p2a: Tropius\n|-heal|p2a: Tropius|85/328|[silent]\n|upkeep\n|turn|6\n|\n|t:|1781420926\n|move|p2a: Tropius|Protect|p2a: Tropius\n|-singleturn|p2a: Tropius|Protect\n|move|p1a: Florges|Moonblast|p2a: Tropius\n|-activate|p2a: Tropius|move: Protect\n|\n|-heal|p1a: Florges|195/271|[from] item: Leftovers\n|-damage|p1a: Florges|162/271|[from] Leech Seed|[of] p2a: Tropius\n|-heal|p2a: Tropius|118/328|[silent]\n|upkeep\n|turn|7\n|\n|t:|1781420934\n|move|p1a: Florges|Moonblast|p2a: Tropius\n|-end|p2a: Tropius|Substitute\n|move|p2a: Tropius|Air Slash|p1a: Florges\n|-damage|p1a: Florges|143/271\n|\n|-heal|p1a: Florges|159/271|[from] item: Leftovers\n|-damage|p1a: Florges|126/271|[from] Leech Seed|[of] p2a: Tropius\n|-heal|p2a: Tropius|151/328|[silent]\n|-item|p2a: Tropius|Sitrus Berry|[from] ability: Harvest\n|upkeep\n|-enditem|p2a: Tropius|Sitrus Berry|[eat]\n|-heal|p2a: Tropius|233/328|[from] item: Sitrus Berry\n|turn|8\n|\n|t:|1781420945\n|move|p2a: Tropius|Protect|p2a: Tropius\n|-singleturn|p2a: Tropius|Protect\n|move|p1a: Florges|Synthesis|p1a: Florges\n|-heal|p1a: Florges|261/271\n|\n|-heal|p1a: Florges|271/271|[from] item: Leftovers\n|-damage|p1a: Florges|238/271|[from] Leech Seed|[of] p2a: Tropius\n|-heal|p2a: Tropius|266/328|[silent]\n|-item|p2a: Tropius|Sitrus Berry|[from] ability: Harvest\n|upkeep\n|turn|9\n|\n|t:|1781420954\n|switch|p2a: Chi-Yu|Chi-Yu, L77|211/211\n|-ability|p2a: Chi-Yu|Beads of Ruin\n|move|p1a: Florges|Moonblast|p2a: Chi-Yu\n|-damage|p2a: Chi-Yu|0 fnt\n|faint|p2a: Chi-Yu\n|\n|-heal|p1a: Florges|254/271|[from] item: Leftovers\n|upkeep\n|-message|mapachecojsjs forfeited.\n|\n|win|silent727\n|raw|silent727's rating: 1370 &rarr; <strong>1392</strong><br />(+22 for winning)\n|raw|mapachecojsjs's rating: 1402 &rarr; <strong>1380</strong><br />(-22 for losing)\n|l|\u2606mapachecojsjs\n|player|p2|\n", "inputlog": ">version a8376a258c1d4662feba110a92103f3664a72141\n>start {\"formatid\":\"gen9randombattle\",\"seed\":\"sodium,9838d86c22e3aea2d3412017b19bcf77\",\"rated\":\"Rated battle\"}\n>player p1 {\"name\":\"silent727\",\"avatar\":\"101\",\"rating\":1370,\"seed\":\"sodium,af0c65e95f9b4435da3ceae9d63324de\"}\n>player p2 {\"name\":\"mapachecojsjs\",\"avatar\":\"cilan\",\"rating\":1402,\"seed\":\"sodium,6f93bf040a41aa37f1fb41a588147b0b\"}\n>p1 move calmmind\n>p2 move leechseed\n>p1 move calmmind\n>p2 move airslash\n>p1 move calmmind\n>p2 switch 3\n>p1 move terablast terastallize\n>p2 move ironhead\n>p2 switch 3\n>p1 move moonblast\n>p2 move substitute\n>p1 move moonblast\n>p2 move protect\n>p1 move moonblast\n>p2 move airslash\n>p1 move synthesis\n>p2 move protect\n>p1 move moonblast\n>p2 switch 4\n>forcelose p2", "uploadtime": 1781420991, "views": 3, "formatid": "gen9randombattle", "rating": 1380, "private": 0, "password": null}