{"id": "gen9randombattle-2631511901", "format": "[Gen 9] Random Battle", "players": ["TRedden", "Loresmen3"], "log": "|j|\u2606TRedden\n|j|\u2606Loresmen3\n|t:|1781394610\n|gametype|singles\n|player|p1|TRedden|blue|1741\n|player|p2|Loresmen3|guitarist|1725\n|gen|9\n|tier|[Gen 9] Random Battle\n|rated|\n|rule|Species Clause: Limit one of each Pok\u00e9mon\n|rule|HP Percentage Mod: HP is shown in percentages\n|rule|Sleep Clause Mod: Limit one foe put to sleep\n|rule|Illusion Level Mod: Illusion disguises the Pok\u00e9mon's true level\n|\n|t:|1781394610\n|teamsize|p1|6\n|teamsize|p2|6\n|start\n|switch|p1a: Dewgong|Dewgong, L94, M|322/322\n|switch|p2a: Sawsbuck|Sawsbuck-Summer, L88, F|284/284\n|turn|1\n|\n|t:|1781394641\n|switch|p2a: Manaphy|Manaphy, L78|284/284\n|move|p1a: Dewgong|Triple Axel|p2a: Manaphy\n|-resisted|p2a: Manaphy\n|-damage|p2a: Manaphy|274/284\n|-resisted|p2a: Manaphy\n|-damage|p2a: Manaphy|253/284\n|-resisted|p2a: Manaphy\n|-damage|p2a: Manaphy|224/284\n|-hitcount|p2a: Manaphy|3\n|\n|-heal|p2a: Manaphy|241/284|[from] item: Leftovers\n|upkeep\n|turn|2\n|\n|t:|1781394646\n|move|p2a: Manaphy|Tail Glow|p2a: Manaphy\n|-boost|p2a: Manaphy|spa|3\n|move|p1a: Dewgong|Encore|p2a: Manaphy\n|-start|p2a: Manaphy|Encore\n|\n|-heal|p2a: Manaphy|258/284|[from] item: Leftovers\n|upkeep\n|turn|3\n|\n|t:|1781394669\n|switch|p2a: Dudunsparce|Dudunsparce-Three-Segment, L83, M|343/343\n|move|p1a: Dewgong|Knock Off|p2a: Dudunsparce\n|-damage|p2a: Dudunsparce|265/343\n|-ability|p2a: Dudunsparce|Rattled|boost\n|-boost|p2a: Dudunsparce|spe|1\n|-enditem|p2a: Dudunsparce|Leftovers|[from] move: Knock Off|[of] p1a: Dewgong\n|\n|upkeep\n|turn|4\n|\n|t:|1781394680\n|move|p2a: Dudunsparce|Boomburst|p1a: Dewgong\n|-damage|p1a: Dewgong|201/322\n|move|p1a: Dewgong|Encore|p2a: Dudunsparce\n|-start|p2a: Dudunsparce|Encore\n|\n|upkeep\n|turn|5\n|\n|t:|1781394689\n|switch|p1a: Kingambit|Kingambit, L74, F|270/270\n|move|p2a: Dudunsparce|Boomburst|p1a: Kingambit\n|-resisted|p1a: Kingambit\n|-damage|p1a: Kingambit|194/270\n|\n|-heal|p1a: Kingambit|210/270|[from] item: Leftovers\n|upkeep\n|turn|6\n|\n|t:|1781394706\n|switch|p2a: Honchkrow|Honchkrow, L86, F|312/312\n|move|p1a: Kingambit|Swords Dance|p1a: Kingambit\n|-boost|p1a: Kingambit|atk|2\n|\n|-heal|p1a: Kingambit|226/270|[from] item: Leftovers\n|upkeep\n|turn|7\n|\n|t:|1781394711\n|move|p2a: Honchkrow|Heat Wave|p1a: Kingambit\n|-supereffective|p1a: Kingambit\n|-damage|p1a: Kingambit|40/270\n|move|p1a: Kingambit|Iron Head|p2a: Honchkrow\n|-damage|p2a: Honchkrow|71/312\n|\n|-heal|p1a: Kingambit|56/270|[from] item: Leftovers\n|upkeep\n|turn|8\n|\n|t:|1781394720\n|move|p1a: Kingambit|Sucker Punch|p2a: Honchkrow\n|-resisted|p2a: Honchkrow\n|-damage|p2a: Honchkrow|0 fnt\n|faint|p2a: Honchkrow\n|\n|-heal|p1a: Kingambit|72/270|[from] item: Leftovers\n|upkeep\n|\n|t:|1781394743\n|switch|p2a: Dudunsparce|Dudunsparce-Three-Segment, L83, M|265/343\n|turn|9\n|\n|t:|1781394746\n|move|p2a: Dudunsparce|Boomburst|p1a: Kingambit\n|-resisted|p1a: Kingambit\n|-damage|p1a: Kingambit|2/270\n|move|p1a: Kingambit|Swords Dance|p1a: Kingambit\n|-boost|p1a: Kingambit|atk|2\n|\n|-heal|p1a: Kingambit|18/270|[from] item: Leftovers\n|upkeep\n|turn|10\n|\n|t:|1781394750\n|move|p1a: Kingambit|Sucker Punch|p2a: Dudunsparce\n|-damage|p2a: Dudunsparce|0 fnt\n|faint|p2a: Dudunsparce\n|\n|-heal|p1a: Kingambit|34/270|[from] item: Leftovers\n|upkeep\n|\n|t:|1781394765\n|switch|p2a: Weezing|Weezing, L88, M|258/258\n|turn|11\n|\n|t:|1781394769\n|move|p1a: Kingambit|Sucker Punch|p2a: Weezing\n|-crit|p2a: Weezing\n|-damage|p2a: Weezing|0 fnt\n|faint|p2a: Weezing\n|\n|-heal|p1a: Kingambit|50/270|[from] item: Leftovers\n|upkeep\n|\n|t:|1781394774\n|switch|p2a: Manaphy|Manaphy, L78|258/284\n|turn|12\n|\n|t:|1781394778\n|move|p1a: Kingambit|Sucker Punch|p2a: Manaphy\n|-damage|p2a: Manaphy|35/284\n|move|p2a: Manaphy|Surf|p1a: Kingambit\n|-damage|p1a: Kingambit|0 fnt\n|faint|p1a: Kingambit\n|-end|p1a: Kingambit|fallenundefined|[silent]\n|\n|-heal|p2a: Manaphy|52/284|[from] item: Leftovers\n|upkeep\n|\n|t:|1781394784\n|switch|p1a: Electivire|Electivire, L84, M|263/263\n|turn|13\n|\n|t:|1781394793\n|move|p1a: Electivire|Knock Off|p2a: Manaphy\n|-damage|p2a: Manaphy|0 fnt\n|-enditem|p2a: Manaphy|Leftovers|[from] move: Knock Off|[of] p1a: Electivire\n|faint|p2a: Manaphy\n|-damage|p1a: Electivire|237/263|[from] item: Life Orb\n|\n|upkeep\n|\n|t:|1781394797\n|switch|p2a: Sawsbuck|Sawsbuck-Summer, L88, F|284/284\n|turn|14\n|\n|t:|1781394818\n|switch|p1a: Vigoroth|Vigoroth, L85, F|275/275\n|move|p2a: Sawsbuck|High Horsepower|p1a: Vigoroth\n|-crit|p1a: Vigoroth\n|-damage|p1a: Vigoroth|179/275\n|-damage|p2a: Sawsbuck|256/284|[from] item: Life Orb\n|\n|upkeep\n|turn|15\n|\n|t:|1781394828\n|move|p2a: Sawsbuck|Swords Dance|p2a: Sawsbuck\n|-boost|p2a: Sawsbuck|atk|2\n|move|p1a: Vigoroth|Slack Off|p1a: Vigoroth\n|-heal|p1a: Vigoroth|275/275\n|\n|upkeep\n|turn|16\n|\n|t:|1781394835\n|-terastallize|p1a: Vigoroth|Ghost\n|move|p2a: Sawsbuck|Double-Edge|p1a: Vigoroth\n|-immune|p1a: Vigoroth\n|move|p1a: Vigoroth|Body Slam|p2a: Sawsbuck\n|-damage|p2a: Sawsbuck|162/284\n|\n|upkeep\n|turn|17\n|\n|t:|1781394845\n|move|p2a: Sawsbuck|Horn Leech|p1a: Vigoroth\n|-damage|p1a: Vigoroth|114/275\n|-heal|p2a: Sawsbuck|243/284|[from] drain|[of] p1a: Vigoroth\n|-damage|p2a: Sawsbuck|215/284|[from] item: Life Orb\n|move|p1a: Vigoroth|Knock Off|p2a: Sawsbuck\n|-damage|p2a: Sawsbuck|143/284\n|-enditem|p2a: Sawsbuck|Life Orb|[from] move: Knock Off|[of] p1a: Vigoroth\n|\n|upkeep\n|turn|18\n|\n|t:|1781394856\n|move|p2a: Sawsbuck|Horn Leech|p1a: Vigoroth\n|-damage|p1a: Vigoroth|0 fnt\n|-heal|p2a: Sawsbuck|200/284|[from] drain|[of] p1a: Vigoroth\n|faint|p1a: Vigoroth\n|\n|upkeep\n|\n|t:|1781394861\n|switch|p1a: Rabsca|Rabsca, L91, F|284/284\n|turn|19\n|\n|t:|1781394866\n|-terastallize|p2a: Sawsbuck|Normal\n|move|p2a: Sawsbuck|Double-Edge|p1a: Rabsca\n|-damage|p1a: Rabsca|0 fnt\n|faint|p1a: Rabsca\n|-damage|p2a: Sawsbuck|106/284|[from] Recoil\n|\n|upkeep\n|\n|t:|1781394872\n|switch|p1a: Cresselia|Cresselia, L80, F|323/323\n|turn|20\n|\n|t:|1781394875\n|move|p2a: Sawsbuck|Double-Edge|p1a: Cresselia\n|-damage|p1a: Cresselia|0 fnt\n|faint|p1a: Cresselia\n|-damage|p2a: Sawsbuck|0 fnt|[from] Recoil\n|faint|p2a: Sawsbuck\n|\n|upkeep\n|\n|t:|1781394882\n|switch|p2a: Miraidon|Miraidon, L65|238/238\n|switch|p1a: Electivire|Electivire, L84, M|237/263\n|-fieldstart|move: Electric Terrain|[from] ability: Hadron Engine|[of] p2a: Miraidon\n|turn|21\n|\n|t:|1781394890\n|move|p2a: Miraidon|Dragon Pulse|p1a: Electivire\n|-damage|p1a: Electivire|103/263\n|-damage|p2a: Miraidon|215/238|[from] item: Life Orb\n|move|p1a: Electivire|Ice Punch|p2a: Miraidon\n|-supereffective|p2a: Miraidon\n|-damage|p2a: Miraidon|12/238\n|-damage|p1a: Electivire|77/263|[from] item: Life Orb\n|\n|upkeep\n|turn|22\n|\n|t:|1781394898\n|move|p2a: Miraidon|Dragon Pulse|p1a: Electivire\n|-damage|p1a: Electivire|0 fnt\n|faint|p1a: Electivire\n|-damage|p2a: Miraidon|0 fnt|[from] item: Life Orb\n|faint|p2a: Miraidon\n|\n|win|TRedden\n|raw|TRedden's rating: 1741 &rarr; <strong>1760</strong><br />(+19 for winning)\n|raw|Loresmen3's rating: 1725 &rarr; <strong>1706</strong><br />(-19 for losing)\n|l|\u2606Loresmen3\n|player|p2|\n", "inputlog": ">version a8376a258c1d4662feba110a92103f3664a72141\n>start {\"formatid\":\"gen9randombattle\",\"seed\":\"sodium,b1f74bc3dbf14fee21021a56e56493d5\",\"rated\":\"Rated battle\"}\n>player p1 {\"name\":\"TRedden\",\"avatar\":\"blue\",\"rating\":1741,\"seed\":\"sodium,bed22b3af115b32e683eb8db415313d1\"}\n>player p2 {\"name\":\"Loresmen3\",\"avatar\":\"guitarist\",\"rating\":1725,\"seed\":\"sodium,c3bde1f4ef9eeb1179a816b4d65655d0\"}\n>p1 move tripleaxel\n>p2 switch 2\n>p1 move encore\n>p2 move tailglow\n>p1 move knockoff\n>p2 switch 5\n>p1 move encore\n>p2 move boomburst\n>p1 switch 6\n>p2 move boomburst\n>p1 move swordsdance\n>p2 switch 6\n>p1 move ironhead\n>p2 move heatwave\n>p1 move suckerpunch\n>p2 move heatwave\n>p2 switch 6\n>p1 move swordsdance\n>p2 move boomburst\n>p1 move suckerpunch\n>p2 move boomburst\n>p2 switch 3\n>p1 move suckerpunch\n>p2 move fireblast\n>p2 switch 5\n>p1 move suckerpunch\n>p2 move surf\n>p1 switch 2\n>p1 move knockoff\n>p2 move surf\n>p2 switch 2\n>p1 switch 5\n>p2 move highhorsepower\n>p1 move slackoff\n>p2 move swordsdance\n>p1 move bodyslam terastallize\n>p2 move doubleedge\n>p1 move knockoff\n>p2 move hornleech\n>p1 move slackoff\n>p2 move hornleech\n>p1 switch 3\n>p1 move bugbuzz\n>p2 move doubleedge terastallize\n>p1 switch 4\n>p1 move moonlight\n>p2 move doubleedge\n>p1 switch 5\n>p2 switch 4\n>p1 move icepunch\n>p2 move dragonpulse\n>p1 move knockoff\n>p2 move dragonpulse", "uploadtime": 1781394900, "views": 6, "formatid": "gen9randombattle", "rating": 1706, "private": 0, "password": null}