{"id": "gen9randombattle-2631465553", "format": "[Gen 9] Random Battle", "players": ["balilou", "Stanford GSB 2027"], "log": "|j|\u2606balilou\n|j|\u2606Stanford GSB 2027\n|t:|1781388094\n|gametype|singles\n|player|p1|balilou|169|1935\n|player|p2|Stanford GSB 2027|102|1915\n|gen|9\n|tier|[Gen 9] Random Battle\n|rated|\n|rule|Species Clause: Limit one of each Pok\u00e9mon\n|rule|HP Percentage Mod: HP is shown in percentages\n|rule|Sleep Clause Mod: Limit one foe put to sleep\n|rule|Illusion Level Mod: Illusion disguises the Pok\u00e9mon's true level\n|\n|t:|1781388094\n|teamsize|p1|6\n|teamsize|p2|6\n|start\n|switch|p1a: Gothitelle|Gothitelle, L90, F|272/272\n|switch|p2a: Magcargo|Magcargo, L95, M|268/268\n|turn|1\n|\n|t:|1781388102\n|move|p1a: Gothitelle|Calm Mind|p1a: Gothitelle\n|-boost|p1a: Gothitelle|spa|1\n|-boost|p1a: Gothitelle|spd|1\n|move|p2a: Magcargo|Stealth Rock|p1a: Gothitelle\n|-sidestart|p1: balilou|move: Stealth Rock\n|\n|upkeep\n|turn|2\n|inactive|Battle timer is ON: inactive players will automatically lose when time's up. (requested by Stanford GSB 2027)\n|\n|t:|1781388117\n|move|p1a: Gothitelle|Calm Mind|p1a: Gothitelle\n|-boost|p1a: Gothitelle|spa|1\n|-boost|p1a: Gothitelle|spd|1\n|move|p2a: Magcargo|Lava Plume|p1a: Gothitelle\n|-damage|p1a: Gothitelle|232/272\n|-status|p1a: Gothitelle|brn\n|\n|-heal|p1a: Gothitelle|249/272 brn|[from] item: Leftovers\n|-damage|p1a: Gothitelle|232/272 brn|[from] brn\n|upkeep\n|turn|3\n|\n|t:|1781388128\n|move|p1a: Gothitelle|Calm Mind|p1a: Gothitelle\n|-boost|p1a: Gothitelle|spa|1\n|-boost|p1a: Gothitelle|spd|1\n|move|p2a: Magcargo|Lava Plume|p1a: Gothitelle\n|-damage|p1a: Gothitelle|198/272 brn\n|\n|-heal|p1a: Gothitelle|215/272 brn|[from] item: Leftovers\n|-damage|p1a: Gothitelle|198/272 brn|[from] brn\n|upkeep\n|turn|4\n|\n|t:|1781388134\n|move|p1a: Gothitelle|Focus Blast|p2a: Magcargo\n|-supereffective|p2a: Magcargo\n|-damage|p2a: Magcargo|0 fnt\n|faint|p2a: Magcargo\n|\n|-heal|p1a: Gothitelle|215/272 brn|[from] item: Leftovers\n|-damage|p1a: Gothitelle|198/272 brn|[from] brn\n|upkeep\n|\n|t:|1781388149\n|switch|p2a: Zebstrika|Zebstrika, L87, F|272/272\n|turn|5\n|\n|t:|1781388153\n|move|p2a: Zebstrika|Supercell Slam|p1a: Gothitelle\n|-damage|p1a: Gothitelle|69/272 brn\n|-damage|p2a: Zebstrika|245/272|[from] item: Life Orb\n|move|p1a: Gothitelle|Psychic Noise|p2a: Zebstrika\n|-damage|p2a: Zebstrika|0 fnt\n|faint|p2a: Zebstrika\n|\n|-heal|p1a: Gothitelle|86/272 brn|[from] item: Leftovers\n|-damage|p1a: Gothitelle|69/272 brn|[from] brn\n|upkeep\n|\n|t:|1781388160\n|switch|p2a: Jumpluff|Jumpluff, L87, M|271/271\n|turn|6\n|\n|t:|1781388179\n|move|p2a: Jumpluff|U-turn|p1a: Gothitelle\n|-supereffective|p1a: Gothitelle\n|-damage|p1a: Gothitelle|7/272 brn\n|\n|t:|1781388181\n|switch|p2a: Snorlax|Snorlax, L82, F|397/397|[from] U-turn\n|move|p1a: Gothitelle|Psychic Noise|p2a: Snorlax\n|-damage|p2a: Snorlax|207/397\n|-start|p2a: Snorlax|move: Heal Block\n|\n|-heal|p1a: Gothitelle|24/272 brn|[from] item: Leftovers\n|-damage|p1a: Gothitelle|7/272 brn|[from] brn\n|upkeep\n|turn|7\n|\n|t:|1781388187\n|move|p1a: Gothitelle|Psychic Noise|p2a: Snorlax\n|-damage|p2a: Snorlax|21/397\n|move|p2a: Snorlax|Body Slam|p1a: Gothitelle\n|-damage|p1a: Gothitelle|0 fnt\n|faint|p1a: Gothitelle\n|\n|-end|p2a: Snorlax|move: Heal Block\n|upkeep\n|\n|t:|1781388216\n|switch|p1a: Bombirdier|Bombirdier, L85, F|258/258\n|turn|8\n|\n|t:|1781388226\n|move|p1a: Bombirdier|Knock Off|p2a: Snorlax\n|-damage|p2a: Snorlax|0 fnt\n|-enditem|p2a: Snorlax|Leftovers|[from] move: Knock Off|[of] p1a: Bombirdier\n|faint|p2a: Snorlax\n|\n|upkeep\n|\n|t:|1781388232\n|switch|p2a: Metagross|Metagross, L79|256/256\n|turn|9\n|\n|t:|1781388245\n|move|p1a: Bombirdier|Knock Off|p2a: Metagross\n|-supereffective|p2a: Metagross\n|-damage|p2a: Metagross|92/256\n|-enditem|p2a: Metagross|Weakness Policy\n|-boost|p2a: Metagross|atk|2|[from] item: Weakness Policy\n|-boost|p2a: Metagross|spa|2|[from] item: Weakness Policy\n|move|p2a: Metagross|Agility|p2a: Metagross\n|-boost|p2a: Metagross|spe|2\n|\n|upkeep\n|turn|10\n|\n|t:|1781388251\n|move|p1a: Bombirdier|Sucker Punch|p2a: Metagross\n|-supereffective|p2a: Metagross\n|-damage|p2a: Metagross|0 fnt\n|faint|p2a: Metagross\n|\n|upkeep\n|-message|Stanford GSB 2027 forfeited.\n|\n|win|balilou\n", "inputlog": ">version a8376a258c1d4662feba110a92103f3664a72141\n>start {\"formatid\":\"gen9randombattle\",\"seed\":\"sodium,82411da4a0022d7508124ed9412aca64\",\"rated\":\"Rated battle\"}\n>player p1 {\"name\":\"balilou\",\"avatar\":\"169\",\"rating\":1935,\"seed\":\"sodium,f3a543436e6eecc321d79ba13729b79a\"}\n>player p2 {\"name\":\"Stanford GSB 2027\",\"avatar\":\"102\",\"rating\":1915,\"seed\":\"sodium,a57a45a0ea915881b79b80ca604cb861\"}\n>p1 move calmmind\n>p2 move stealthrock\n>p1 move calmmind\n>p2 move lavaplume\n>p1 move calmmind\n>p2 move lavaplume\n>p1 move focusblast\n>p2 move lavaplume\n>p2 switch 6\n>p1 move psychicnoise\n>p2 move supercellslam\n>p2 switch 3\n>p1 move psychicnoise\n>p2 move uturn\n>p2 switch 2\n>p1 move psychicnoise\n>p2 move bodyslam\n>p1 switch 5\n>p1 move knockoff\n>p2 move rest\n>p2 switch 5\n>p1 move knockoff\n>p2 move agility\n>p1 move suckerpunch\n>p2 move heavyslam\n>forcelose p2", "uploadtime": 1781388096, "views": 6, "formatid": "gen9randombattle", "rating": null, "private": 0, "password": null}