{"id": "gen9randombattle-2631479515", "format": "[Gen 9] Random Battle", "players": ["bed burglar", "fortnitekid1212"], "log": "|j|\u2606bed burglar\n|j|\u2606fortnitekid1212\n|t:|1781390105\n|gametype|singles\n|player|p1|bed burglar|1|1926\n|player|p2|fortnitekid1212|169|2003\n|gen|9\n|tier|[Gen 9] Random Battle\n|rated|\n|rule|Species Clause: Limit one of each Pok\u00e9mon\n|rule|HP Percentage Mod: HP is shown in percentages\n|rule|Sleep Clause Mod: Limit one foe put to sleep\n|rule|Illusion Level Mod: Illusion disguises the Pok\u00e9mon's true level\n|\n|t:|1781390105\n|teamsize|p1|6\n|teamsize|p2|6\n|start\n|switch|p1a: Regieleki|Regieleki, L79|256/256\n|switch|p2a: Mewtwo|Mewtwo, L72|272/272\n|-ability|p2a: Mewtwo|Pressure\n|turn|1\n|\n|t:|1781390112\n|move|p1a: Regieleki|Volt Switch|p2a: Mewtwo\n|-damage|p2a: Mewtwo|149/272\n|inactive|Battle timer is ON: inactive players will automatically lose when time's up. (requested by fortnitekid1212)\n|\n|t:|1781390117\n|switch|p1a: Araquanid|Araquanid, L82, F|246/246|[from] Volt Switch\n|move|p2a: Mewtwo|Psystrike|p1a: Araquanid\n|-damage|p1a: Araquanid|93/246\n|-damage|p2a: Mewtwo|122/272|[from] item: Life Orb\n|\n|upkeep\n|turn|2\n|\n|t:|1781390124\n|switch|p1a: Scizor|Scizor, L79, M|240/240\n|move|p2a: Mewtwo|Psystrike|p1a: Scizor\n|-resisted|p1a: Scizor\n|-damage|p1a: Scizor|170/240\n|-damage|p2a: Mewtwo|95/272|[from] item: Life Orb\n|\n|upkeep\n|turn|3\n|l|\u2606fortnitekid1212\n|inactive|fortnitekid1212 disconnected and has a minute to reconnect!\n|player|p2|\n|j|\u2606fortnitekid1212\n|inactive|fortnitekid1212 reconnected and has 140 seconds left.\n|player|p2|fortnitekid1212|169|\n|\n|t:|1781390139\n|switch|p2a: Keldeo|Keldeo-Resolute, L79|273/273\n|move|p1a: Scizor|Bullet Punch|p2a: Keldeo\n|-resisted|p2a: Keldeo\n|-damage|p2a: Keldeo|224/273\n|-damage|p1a: Scizor|146/240|[from] item: Life Orb\n|\n|upkeep\n|turn|4\n|\n|t:|1781390144\n|switch|p1a: Virizion|Virizion, L82|283/283\n|move|p2a: Keldeo|Air Slash|p1a: Virizion\n|-supereffective|p1a: Virizion\n|-damage|p1a: Virizion|7/283\n|\n|upkeep\n|turn|5\n|\n|t:|1781390150\n|switch|p2a: Zarude|Zarude, L77|288/288\n|move|p1a: Virizion|Leaf Blade|p2a: Zarude\n|-resisted|p2a: Zarude\n|-damage|p2a: Zarude|233/288\n|-damage|p1a: Virizion|0 fnt|[from] item: Life Orb\n|faint|p1a: Virizion\n|\n|upkeep\n|\n|t:|1781390152\n|switch|p1a: Scizor|Scizor, L79, M|146/240\n|turn|6\n|\n|t:|1781390162\n|move|p2a: Zarude|Close Combat|p1a: Scizor\n|-damage|p1a: Scizor|39/240\n|-unboost|p2a: Zarude|def|1\n|-unboost|p2a: Zarude|spd|1\n|-damage|p2a: Zarude|205/288|[from] item: Life Orb\n|move|p1a: Scizor|Bug Bite|p2a: Zarude\n|-supereffective|p2a: Zarude\n|-damage|p2a: Zarude|0 fnt\n|faint|p2a: Zarude\n|-damage|p1a: Scizor|15/240|[from] item: Life Orb\n|\n|upkeep\n|\n|t:|1781390166\n|switch|p2a: Keldeo|Keldeo-Resolute, L79|224/273\n|turn|7\n|\n|t:|1781390170\n|move|p1a: Scizor|Bullet Punch|p2a: Keldeo\n|-resisted|p2a: Keldeo\n|-damage|p2a: Keldeo|173/273\n|-damage|p1a: Scizor|0 fnt|[from] item: Life Orb\n|faint|p1a: Scizor\n|move|p2a: Keldeo|Air Slash|p1: Scizor|[notarget]\n|-fail|p2a: Keldeo\n|\n|upkeep\n|\n|t:|1781390174\n|switch|p1a: Regieleki|Regieleki, L79|256/256\n|turn|8\n|\n|t:|1781390177\n|switch|p2a: Hydrapple|Hydrapple, L83, F|312/312\n|move|p1a: Regieleki|Thunderbolt|p2a: Hydrapple\n|-resisted|p2a: Hydrapple\n|-damage|p2a: Hydrapple|290/312\n|-status|p2a: Hydrapple|par\n|\n|upkeep\n|turn|9\n|\n|t:|1781390181\n|-terastallize|p1a: Regieleki|Ice\n|move|p1a: Regieleki|Tera Blast|p2a: Hydrapple|[anim] Tera Blast Ice\n|-supereffective|p2a: Hydrapple\n|-damage|p2a: Hydrapple|62/312 par\n|move|p2a: Hydrapple|Fickle Beam|p1a: Regieleki\n|-damage|p1a: Regieleki|93/256\n|\n|upkeep\n|turn|10\n|\n|t:|1781390187\n|move|p1a: Regieleki|Tera Blast|p2a: Hydrapple|[anim] Tera Blast Ice\n|-supereffective|p2a: Hydrapple\n|-damage|p2a: Hydrapple|0 fnt\n|faint|p2a: Hydrapple\n|\n|upkeep\n|\n|t:|1781390193\n|switch|p2a: Entei|Entei, L78|307/307\n|turn|11\n|\n|t:|1781390199\n|switch|p1a: Araquanid|Araquanid, L82, F|93/246\n|move|p2a: Entei|Extreme Speed|p1a: Araquanid\n|-damage|p1a: Araquanid|15/246\n|\n|upkeep\n|turn|12\n|\n|t:|1781390202\n|move|p2a: Entei|Extreme Speed|p1a: Araquanid\n|-damage|p1a: Araquanid|0 fnt\n|faint|p1a: Araquanid\n|\n|upkeep\n|\n|t:|1781390204\n|switch|p1a: Skarmory|Skarmory, L80, M|235/235\n|turn|13\n|\n|t:|1781390214\n|switch|p2a: Smeargle|Smeargle, L95, F|258/258\n|move|p1a: Skarmory|Brave Bird|p2a: Smeargle\n|-damage|p2a: Smeargle|87/258\n|-damage|p1a: Skarmory|179/235|[from] Recoil\n|\n|upkeep\n|turn|14\n|\n|t:|1781390218\n|switch|p1a: Miraidon|Miraidon, L65|238/238\n|-fieldstart|move: Electric Terrain|[from] ability: Hadron Engine|[of] p1a: Miraidon\n|move|p2a: Smeargle|Spore|p1a: Miraidon\n|-activate|p1a: Miraidon|move: Electric Terrain\n|\n|upkeep\n|turn|15\n|\n|t:|1781390231\n|move|p1a: Miraidon|Electro Drift|p2a: Smeargle\n|-damage|p2a: Smeargle|0 fnt\n|faint|p2a: Smeargle\n|-damage|p1a: Miraidon|215/238|[from] item: Life Orb\n|\n|upkeep\n|\n|t:|1781390232\n|switch|p2a: Entei|Entei, L78|307/307\n|turn|16\n|\n|t:|1781390238\n|move|p2a: Entei|Extreme Speed|p1a: Miraidon\n|-damage|p1a: Miraidon|120/238\n|move|p1a: Miraidon|Electro Drift|p2a: Entei\n|-damage|p2a: Entei|93/307\n|-damage|p1a: Miraidon|97/238|[from] item: Life Orb\n|\n|upkeep\n|turn|17\n|\n|t:|1781390242\n|switch|p1a: Skarmory|Skarmory, L80, M|179/235\n|move|p2a: Entei|Extreme Speed|p1a: Skarmory\n|-resisted|p1a: Skarmory\n|-damage|p1a: Skarmory|148/235\n|-damage|p2a: Entei|42/307|[from] item: Rocky Helmet|[of] p1a: Skarmory\n|\n|upkeep\n|turn|18\n|\n|t:|1781390250\n|switch|p2a: Keldeo|Keldeo-Resolute, L79|173/273\n|move|p1a: Skarmory|Body Press|p2a: Keldeo\n|-damage|p2a: Keldeo|97/273\n|\n|-fieldend|move: Electric Terrain\n|upkeep\n|turn|19\n|\n|t:|1781390259\n|switch|p1a: Miraidon|Miraidon, L65|97/238\n|-fieldstart|move: Electric Terrain|[from] ability: Hadron Engine|[of] p1a: Miraidon\n|move|p2a: Keldeo|Hydro Pump|p1a: Miraidon\n|-resisted|p1a: Miraidon\n|-damage|p1a: Miraidon|4/238\n|\n|upkeep\n|turn|20\n|\n|t:|1781390262\n|move|p2a: Keldeo|Hydro Pump|p1a: Miraidon\n|-resisted|p1a: Miraidon\n|-damage|p1a: Miraidon|0 fnt\n|faint|p1a: Miraidon\n|\n|upkeep\n|\n|t:|1781390263\n|switch|p1a: Regieleki|Regieleki, L79, tera:Ice|93/256\n|turn|21\n|\n|t:|1781390267\n|switch|p2a: Mewtwo|Mewtwo, L72|95/272\n|-ability|p2a: Mewtwo|Pressure\n|move|p1a: Regieleki|Thunderbolt|p2a: Mewtwo\n|-damage|p2a: Mewtwo|0 fnt\n|faint|p2a: Mewtwo\n|\n|upkeep\n|\n|t:|1781390269\n|switch|p2a: Entei|Entei, L78|42/307\n|turn|22\n|\n|t:|1781390275\n|move|p1a: Regieleki|Thunderbolt|p2a: Entei\n|-damage|p2a: Entei|0 fnt\n|faint|p2a: Entei\n|\n|upkeep\n|l|\u2606fortnitekid1212\n|inactive|fortnitekid1212 disconnected and has a minute to reconnect!\n|player|p2|\n|inactive|fortnitekid1212 has 30 seconds to reconnect!\n|inactive|fortnitekid1212 has 20 seconds to reconnect!\n|inactive|fortnitekid1212 has 15 seconds to reconnect!\n|inactive|fortnitekid1212 has 10 seconds to reconnect!\n|inactive|fortnitekid1212 has 5 seconds to reconnect!\n|-message|fortnitekid1212 lost due to inactivity.\n|\n|win|bed burglar\n|raw|bed burglar's rating: 1926 &rarr; <strong>1950</strong><br />(+24 for winning)\n|raw|fortnitekid1212's rating: 2003 &rarr; <strong>1979</strong><br />(-24 for losing)\n", "uploadtime": 1781390107, "views": 8, "formatid": "gen9randombattle", "rating": 1950, "private": 0, "password": null}