{"id": "gen9randombattle-2631899873", "format": "[Gen 9] Random Battle", "players": ["Segahay", "LuxemBougie"], "log": "|j|\u2606Segahay\n|j|\u203dLuxemBougie\n|t:|1781453534\n|gametype|singles\n|player|p1|Segahay|2|1908\n|player|p2|LuxemBougie|cynthia|1925\n|gen|9\n|tier|[Gen 9] Random Battle\n|rated|\n|rule|Species Clause: Limit one of each Pok\u00e9mon\n|rule|HP Percentage Mod: HP is shown in percentages\n|rule|Sleep Clause Mod: Limit one foe put to sleep\n|rule|Illusion Level Mod: Illusion disguises the Pok\u00e9mon's true level\n|\n|t:|1781453534\n|teamsize|p1|6\n|teamsize|p2|6\n|start\n|switch|p1a: Entei|Entei, L78|307/307\n|switch|p2a: Ludicolo|Ludicolo, L90, F|290/290\n|turn|1\n|inactive|Battle timer is ON: inactive players will automatically lose when time's up. (requested by Segahay)\n|\n|t:|1781453546\n|move|p1a: Entei|Sacred Fire|p2a: Ludicolo\n|-damage|p2a: Ludicolo|109/290\n|move|p2a: Ludicolo|Hydro Pump|p1a: Entei\n|-supereffective|p1a: Entei\n|-damage|p1a: Entei|0 fnt\n|faint|p1a: Entei\n|\n|upkeep\n|\n|t:|1781453552\n|switch|p1a: Lurantis|Lurantis, L87, M|264/264\n|turn|2\n|\n|t:|1781453572\n|switch|p2a: Magmortar|Magmortar, L88, F|275/275\n|move|p1a: Lurantis|Leaf Storm|p2a: Magmortar\n|-resisted|p2a: Magmortar\n|-damage|p2a: Magmortar|213/275\n|-boost|p1a: Lurantis|spa|2\n|\n|upkeep\n|turn|3\n|\n|t:|1781453580\n|switch|p1a: Whiscash|Whiscash, L88, F|337/337\n|move|p2a: Magmortar|Fire Blast|p1a: Whiscash\n|-resisted|p1a: Whiscash\n|-damage|p1a: Whiscash|202/337\n|\n|-heal|p1a: Whiscash|223/337|[from] item: Leftovers\n|upkeep\n|turn|4\n|\n|t:|1781453586\n|switch|p2a: Ludicolo|Ludicolo, L90, F|109/290\n|move|p1a: Whiscash|Stealth Rock|p2a: Ludicolo\n|-sidestart|p2: LuxemBougie|move: Stealth Rock\n|\n|-heal|p1a: Whiscash|244/337|[from] item: Leftovers\n|upkeep\n|turn|5\n|\n|t:|1781453591\n|switch|p1a: Lurantis|Lurantis, L87, M|264/264\n|move|p2a: Ludicolo|Ice Beam|p1a: Lurantis\n|-supereffective|p1a: Lurantis\n|-damage|p1a: Lurantis|128/264\n|\n|upkeep\n|turn|6\n|\n|t:|1781453597\n|switch|p1a: Alcremie|Alcremie-Matcha-Cream, L90, F|263/263\n|move|p2a: Ludicolo|Ice Beam|p1a: Alcremie\n|-damage|p1a: Alcremie|188/263\n|\n|-heal|p1a: Alcremie|204/263|[from] item: Leftovers\n|upkeep\n|turn|7\n|\n|t:|1781453611\n|switch|p2a: Revavroom|Revavroom, L79, M|256/256\n|-damage|p2a: Revavroom|240/256|[from] Stealth Rock\n|move|p1a: Alcremie|Calm Mind|p1a: Alcremie\n|-boost|p1a: Alcremie|spa|1\n|-boost|p1a: Alcremie|spd|1\n|\n|-heal|p1a: Alcremie|220/263|[from] item: Leftovers\n|upkeep\n|turn|8\n|\n|t:|1781453616\n|move|p2a: Revavroom|Iron Head|p1a: Alcremie\n|-supereffective|p1a: Alcremie\n|-damage|p1a: Alcremie|0 fnt\n|faint|p1a: Alcremie\n|-damage|p2a: Revavroom|215/256|[from] item: Life Orb\n|\n|upkeep\n|\n|t:|1781453626\n|switch|p1a: Whiscash|Whiscash, L88, F|244/337\n|turn|9\n|\n|t:|1781453634\n|switch|p2a: Articuno|Articuno, L86|295/295\n|-ability|p2a: Articuno|Pressure\n|move|p1a: Whiscash|Earthquake|p2a: Articuno\n|-immune|p2a: Articuno\n|\n|-heal|p1a: Whiscash|265/337|[from] item: Leftovers\n|upkeep\n|turn|10\n|\n|t:|1781453640\n|move|p2a: Articuno|Substitute|p2a: Articuno\n|-start|p2a: Articuno|Substitute\n|-damage|p2a: Articuno|222/295\n|move|p1a: Whiscash|Spikes|p2a: Articuno\n|-sidestart|p2: LuxemBougie|Spikes\n|\n|-heal|p1a: Whiscash|286/337|[from] item: Leftovers\n|upkeep\n|turn|11\n|\n|t:|1781453646\n|move|p2a: Articuno|Freeze-Dry|p1a: Whiscash\n|-supereffective|p1a: Whiscash\n|-damage|p1a: Whiscash|0 fnt\n|faint|p1a: Whiscash\n|\n|upkeep\n|\n|t:|1781453654\n|switch|p1a: Beartic|Beartic, L91, M|321/321\n|turn|12\n|\n|t:|1781453658\n|move|p2a: Articuno|Brave Bird|p1a: Beartic\n|-damage|p1a: Beartic|200/321\n|-damage|p2a: Articuno|182/295|[from] Recoil\n|move|p1a: Beartic|Snowscape|p1a: Beartic\n|-weather|Snowscape\n|\n|-weather|Snowscape|[upkeep]\n|upkeep\n|turn|13\n|\n|t:|1781453668\n|move|p1a: Beartic|Icicle Crash|p2a: Articuno\n|-end|p2a: Articuno|Substitute\n|move|p2a: Articuno|Roost|p2a: Articuno\n|-heal|p2a: Articuno|295/295\n|-singleturn|p2a: Articuno|move: Roost\n|\n|-weather|Snowscape|[upkeep]\n|upkeep\n|turn|14\n|\n|t:|1781453676\n|switch|p2a: Ludicolo|Ludicolo, L90, F|109/290\n|-damage|p2a: Ludicolo|73/290|[from] Stealth Rock\n|-damage|p2a: Ludicolo|37/290|[from] Spikes\n|move|p1a: Beartic|Icicle Crash|p2a: Ludicolo\n|-damage|p2a: Ludicolo|0 fnt\n|faint|p2a: Ludicolo\n|\n|-weather|Snowscape|[upkeep]\n|upkeep\n|\n|t:|1781453682\n|switch|p2a: Magmortar|Magmortar, L88, F|213/275\n|-damage|p2a: Magmortar|145/275|[from] Stealth Rock\n|-damage|p2a: Magmortar|111/275|[from] Spikes\n|turn|15\n|\n|t:|1781453685\n|move|p1a: Beartic|Earthquake|p2a: Magmortar\n|-supereffective|p2a: Magmortar\n|-damage|p2a: Magmortar|0 fnt\n|faint|p2a: Magmortar\n|\n|-weather|Snowscape|[upkeep]\n|upkeep\n|\n|t:|1781453692\n|switch|p2a: Articuno|Articuno, L86|295/295\n|-ability|p2a: Articuno|Pressure\n|turn|16\n|\n|t:|1781453697\n|move|p1a: Beartic|Icicle Crash|p2a: Articuno|[miss]\n|-miss|p1a: Beartic|p2a: Articuno\n|move|p2a: Articuno|Brave Bird|p1a: Beartic\n|-damage|p1a: Beartic|121/321\n|-damage|p2a: Articuno|269/295|[from] Recoil\n|\n|-weather|none\n|upkeep\n|turn|17\n|\n|t:|1781453700\n|switch|p1a: Kilowattrel|Kilowattrel, L83, M|252/252\n|move|p2a: Articuno|Brave Bird|p1a: Kilowattrel\n|-resisted|p1a: Kilowattrel\n|-damage|p1a: Kilowattrel|165/252\n|-damage|p2a: Articuno|240/295|[from] Recoil\n|\n|upkeep\n|turn|18\n|\n|t:|1781453718\n|-terastallize|p2a: Articuno|Ground\n|move|p1a: Kilowattrel|Thunderbolt|p2a: Articuno\n|-immune|p2a: Articuno\n|move|p2a: Articuno|Freeze-Dry|p1a: Kilowattrel\n|-supereffective|p1a: Kilowattrel\n|-crit|p1a: Kilowattrel\n|-damage|p1a: Kilowattrel|0 fnt\n|faint|p1a: Kilowattrel\n|\n|upkeep\n|\n|t:|1781453728\n|switch|p1a: Beartic|Beartic, L91, M|121/321\n|turn|19\n|\n|t:|1781453731\n|move|p2a: Articuno|Brave Bird|p1a: Beartic\n|-damage|p1a: Beartic|0 fnt\n|faint|p1a: Beartic\n|-damage|p2a: Articuno|200/295|[from] Recoil\n|\n|upkeep\n|\n|t:|1781453734\n|switch|p1a: Lurantis|Lurantis, L87, M|128/264\n|turn|20\n|\n|t:|1781453737\n|move|p2a: Articuno|Brave Bird|p1a: Lurantis\n|-supereffective|p1a: Lurantis\n|-damage|p1a: Lurantis|0 fnt\n|faint|p1a: Lurantis\n|-damage|p2a: Articuno|158/295|[from] Recoil\n|\n|win|LuxemBougie\n", "inputlog": ">version a8376a258c1d4662feba110a92103f3664a72141\n>start {\"formatid\":\"gen9randombattle\",\"seed\":\"sodium,54453b5556e65fa7f02689f7fdae9615\",\"rated\":\"Rated battle\"}\n>player p1 {\"name\":\"Segahay\",\"avatar\":\"2\",\"rating\":1908,\"seed\":\"sodium,dee664b44dbab390f62be31ef559ac55\"}\n>player p2 {\"name\":\"LuxemBougie\",\"avatar\":\"cynthia\",\"rating\":1925,\"seed\":\"sodium,db43305a0ba7bdb4a3dfe952047553fe\"}\n>p1 move sacredfire\n>p2 move hydropump\n>p1 switch 4\n>p1 move leafstorm\n>p2 switch 2\n>p1 switch 3\n>p2 move fireblast\n>p1 move stealthrock\n>p2 switch 2\n>p1 switch 3\n>p2 move icebeam\n>p1 switch 6\n>p2 move icebeam\n>p1 move calmmind\n>p2 switch 6\n>p1 move alluringvoice\n>p2 move ironhead\n>p1 switch 3\n>p1 move earthquake\n>p2 switch 5\n>p1 move spikes\n>p2 move substitute\n>p1 move hydropump\n>p2 move freezedry\n>p1 switch 2\n>p1 move snowscape\n>p2 move bravebird\n>p1 move iciclecrash\n>p2 move roost\n>p1 move iciclecrash\n>p2 switch 6\n>p2 switch 2\n>p1 move earthquake\n>p2 move fireblast\n>p2 switch 6\n>p1 move iciclecrash\n>p2 move bravebird\n>p1 switch 5\n>p2 move bravebird\n>p1 move thunderbolt\n>p2 move freezedry terastallize\n>p1 switch 5\n>p1 move snowscape\n>p2 move bravebird\n>p1 switch 6\n>p1 move leafstorm\n>p2 move bravebird", "uploadtime": 1781453537, "views": 6, "formatid": "gen9randombattle", "rating": null, "private": 0, "password": null}