{"id": "gen9randombattle-2631392523", "format": "[Gen 9] Random Battle", "players": ["Saaskin", "DarkWight"], "log": "|j|\u2606Saaskin\n|j|\u2606DarkWight\n|t:|1781379240\n|gametype|singles\n|player|p1|Saaskin|102|2079\n|player|p2|DarkWight|170|1995\n|gen|9\n|tier|[Gen 9] Random Battle\n|rated|\n|rule|Species Clause: Limit one of each Pok\u00e9mon\n|rule|HP Percentage Mod: HP is shown in percentages\n|rule|Sleep Clause Mod: Limit one foe put to sleep\n|rule|Illusion Level Mod: Illusion disguises the Pok\u00e9mon's true level\n|\n|t:|1781379240\n|teamsize|p1|6\n|teamsize|p2|6\n|start\n|switch|p1a: Thundurus|Thundurus-Therian, L80, M|258/258\n|switch|p2a: Amoonguss|Amoonguss, L82, F|321/321\n|turn|1\n|inactive|Battle timer is ON: inactive players will automatically lose when time's up. (requested by Saaskin)\n|\n|t:|1781379255\n|switch|p2a: Golurk|Golurk, L87|297/297\n|move|p1a: Thundurus|Sludge Wave|p2a: Golurk\n|-resisted|p2a: Golurk\n|-damage|p2a: Golurk|266/297\n|\n|upkeep\n|turn|2\n|l|\u2606DarkWight\n|inactive|DarkWight disconnected and has a minute to reconnect!\n|player|p2|\n|j|\u2606DarkWight\n|inactive|DarkWight reconnected and has 145 seconds left.\n|player|p2|DarkWight|170|\n|\n|t:|1781379266\n|switch|p1a: Mudsdale|Mudsdale, L83, M|302/302\n|move|p2a: Golurk|Dynamic Punch|p1a: Mudsdale\n|-damage|p1a: Mudsdale|168/302\n|-start|p1a: Mudsdale|confusion\n|-ability|p1a: Mudsdale|Stamina|boost\n|-boost|p1a: Mudsdale|def|1\n|\n|-heal|p1a: Mudsdale|186/302|[from] item: Leftovers\n|upkeep\n|turn|3\n|\n|t:|1781379276\n|switch|p2a: Amoonguss|Amoonguss, L82, F|321/321\n|-activate|p1a: Mudsdale|confusion\n|move|p1a: Mudsdale|Stealth Rock|p2a: Amoonguss\n|-sidestart|p2: DarkWight|move: Stealth Rock\n|\n|-heal|p1a: Mudsdale|204/302|[from] item: Leftovers\n|upkeep\n|turn|4\n|\n|t:|1781379296\n|switch|p1a: Thundurus|Thundurus-Therian, L80, M|258/258\n|move|p2a: Amoonguss|Toxic|p1a: Thundurus\n|-status|p1a: Thundurus|tox\n|\n|-damage|p1a: Thundurus|242/258 tox|[from] psn\n|upkeep\n|turn|5\n|\n|t:|1781379309\n|switch|p2a: Golurk|Golurk, L87|266/297\n|-damage|p2a: Golurk|248/297|[from] Stealth Rock\n|move|p1a: Thundurus|Sludge Wave|p2a: Golurk\n|-resisted|p2a: Golurk\n|-damage|p2a: Golurk|215/297\n|\n|-damage|p1a: Thundurus|210/258 tox|[from] psn\n|upkeep\n|turn|6\n|\n|t:|1781379314\n|switch|p1a: Mudsdale|Mudsdale, L83, M|204/302\n|move|p2a: Golurk|Poltergeist|p1a: Mudsdale\n|-activate|p1a: Mudsdale|move: Poltergeist|Leftovers\n|-damage|p1a: Mudsdale|6/302\n|-ability|p1a: Mudsdale|Stamina|boost\n|-boost|p1a: Mudsdale|def|1\n|\n|-heal|p1a: Mudsdale|24/302|[from] item: Leftovers\n|upkeep\n|turn|7\n|\n|t:|1781379321\n|move|p2a: Golurk|Poltergeist|p1a: Mudsdale\n|-activate|p1a: Mudsdale|move: Poltergeist|Leftovers\n|-damage|p1a: Mudsdale|0 fnt\n|faint|p1a: Mudsdale\n|\n|upkeep\n|\n|t:|1781379330\n|switch|p1a: Heatran|Heatran, L79, F|273/273\n|turn|8\n|\n|t:|1781379334\n|move|p1a: Heatran|Magma Storm|p2a: Golurk\n|-damage|p2a: Golurk|100/297\n|-activate|p2a: Golurk|move: Magma Storm|[of] p1a: Heatran\n|move|p2a: Golurk|Poltergeist|p1a: Heatran\n|-activate|p1a: Heatran|move: Poltergeist|Assault Vest\n|-damage|p1a: Heatran|71/273\n|\n|-damage|p2a: Golurk|63/297|[from] move: Magma Storm|[partiallytrapped]\n|upkeep\n|turn|9\n|\n|t:|1781379338\n|move|p1a: Heatran|Lava Plume|p2a: Golurk\n|-damage|p2a: Golurk|0 fnt\n|faint|p2a: Golurk\n|\n|upkeep\n|\n|t:|1781379347\n|switch|p2a: Flutter Mane|Flutter Mane, L74|203/203\n|-damage|p2a: Flutter Mane|178/203|[from] Stealth Rock\n|turn|10\n|\n|t:|1781379354\n|move|p2a: Flutter Mane|Shadow Ball|p1a: Heatran\n|-damage|p1a: Heatran|0 fnt\n|faint|p1a: Heatran\n|\n|upkeep\n|\n|t:|1781379362\n|switch|p1a: Lycanroc|Lycanroc, L86, F|269/269\n|turn|11\n|\n|t:|1781379367\n|-end|p2a: Flutter Mane|Protosynthesis|[silent]\n|switch|p2a: Swampert|Swampert, L83, F|302/302\n|-damage|p2a: Swampert|284/302|[from] Stealth Rock\n|move|p1a: Lycanroc|Stone Edge|p2a: Swampert\n|-resisted|p2a: Swampert\n|-damage|p2a: Swampert|198/302\n|-damage|p1a: Lycanroc|243/269|[from] item: Life Orb\n|\n|-heal|p2a: Swampert|216/302|[from] item: Leftovers\n|upkeep\n|turn|12\n|\n|t:|1781379376\n|switch|p1a: Thundurus|Thundurus-Therian, L80, M|210/258 tox\n|move|p2a: Swampert|Stealth Rock|p1a: Thundurus\n|-sidestart|p1: Saaskin|move: Stealth Rock\n|\n|-heal|p2a: Swampert|234/302|[from] item: Leftovers\n|-damage|p1a: Thundurus|194/258 tox|[from] psn\n|upkeep\n|turn|13\n|\n|t:|1781379384\n|switch|p2a: Amoonguss|Amoonguss, L82, F|321/321\n|-damage|p2a: Amoonguss|281/321|[from] Stealth Rock\n|move|p1a: Thundurus|Sludge Wave|p2a: Amoonguss\n|-damage|p2a: Amoonguss|135/321\n|\n|-damage|p1a: Thundurus|162/258 tox|[from] psn\n|upkeep\n|turn|14\n|\n|t:|1781379390\n|switch|p2a: Weezing|Weezing, L88, F|258/258\n|-damage|p2a: Weezing|226/258|[from] Stealth Rock\n|move|p1a: Thundurus|Sludge Wave|p2a: Weezing\n|-resisted|p2a: Weezing\n|-damage|p2a: Weezing|150/258\n|\n|-heal|p2a: Weezing|166/258|[from] item: Leftovers\n|-damage|p1a: Thundurus|114/258 tox|[from] psn\n|upkeep\n|turn|15\n|\n|t:|1781379395\n|move|p1a: Thundurus|Sludge Wave|p2a: Weezing\n|-resisted|p2a: Weezing\n|-damage|p2a: Weezing|93/258\n|move|p2a: Weezing|Toxic Spikes|p1a: Thundurus\n|-sidestart|p1: Saaskin|move: Toxic Spikes\n|\n|-heal|p2a: Weezing|109/258|[from] item: Leftovers\n|-damage|p1a: Thundurus|50/258 tox|[from] psn\n|upkeep\n|turn|16\n|\n|t:|1781379399\n|move|p1a: Thundurus|Sludge Wave|p2a: Weezing\n|-resisted|p2a: Weezing\n|-damage|p2a: Weezing|37/258\n|move|p2a: Weezing|Toxic Spikes|p1a: Thundurus\n|-sidestart|p1: Saaskin|move: Toxic Spikes\n|\n|-heal|p2a: Weezing|53/258|[from] item: Leftovers\n|-damage|p1a: Thundurus|0 fnt|[from] psn\n|faint|p1a: Thundurus\n|upkeep\n|\n|t:|1781379406\n|switch|p1a: Azelf|Azelf, L82|257/257\n|-damage|p1a: Azelf|225/257|[from] Stealth Rock\n|turn|17\n|\n|t:|1781379413\n|move|p1a: Azelf|Psychic|p2a: Weezing\n|-supereffective|p2a: Weezing\n|-damage|p2a: Weezing|0 fnt\n|faint|p2a: Weezing\n|\n|upkeep\n|\n|t:|1781379417\n|switch|p2a: Flutter Mane|Flutter Mane, L74|178/203\n|-damage|p2a: Flutter Mane|153/203|[from] Stealth Rock\n|turn|18\n|\n|t:|1781379430\n|-terastallize|p1a: Azelf|Fire\n|move|p2a: Flutter Mane|Shadow Ball|p1a: Azelf\n|-damage|p1a: Azelf|119/257\n|move|p1a: Azelf|Psychic|p2a: Flutter Mane\n|-crit|p2a: Flutter Mane\n|-damage|p2a: Flutter Mane|24/203\n|\n|upkeep\n|turn|19\n|\n|t:|1781379448\n|move|p2a: Flutter Mane|Shadow Ball|p1a: Azelf\n|-damage|p1a: Azelf|20/257\n|move|p1a: Azelf|Psychic|p2a: Flutter Mane\n|-damage|p2a: Flutter Mane|0 fnt\n|faint|p2a: Flutter Mane\n|-end|p2a: Flutter Mane|Protosynthesis|[silent]\n|\n|upkeep\n|\n|t:|1781379451\n|switch|p2a: Tropius|Tropius, L91, F|328/328\n|-damage|p2a: Tropius|246/328|[from] Stealth Rock\n|turn|20\n|\n|t:|1781379460\n|move|p1a: Azelf|Fire Blast|p2a: Tropius\n|-supereffective|p2a: Tropius\n|-damage|p2a: Tropius|12/328\n|-enditem|p2a: Tropius|Sitrus Berry|[eat]\n|-heal|p2a: Tropius|94/328|[from] item: Sitrus Berry\n|move|p2a: Tropius|Air Slash|p1a: Azelf\n|-damage|p1a: Azelf|0 fnt\n|faint|p1a: Azelf\n|\n|upkeep\n|\n|t:|1781379469\n|switch|p1a: Lycanroc|Lycanroc, L86, F|243/269\n|-damage|p1a: Lycanroc|210/269|[from] Stealth Rock\n|-status|p1a: Lycanroc|tox\n|turn|21\n|\n|t:|1781379476\n|move|p2a: Tropius|Protect|p2a: Tropius\n|-singleturn|p2a: Tropius|Protect\n|move|p1a: Lycanroc|Stone Edge|p2a: Tropius\n|-activate|p2a: Tropius|move: Protect\n|\n|-damage|p1a: Lycanroc|194/269 tox|[from] psn\n|upkeep\n|turn|22\n|\n|t:|1781379488\n|switch|p2a: Swampert|Swampert, L83, F|234/302\n|-damage|p2a: Swampert|216/302|[from] Stealth Rock\n|move|p1a: Lycanroc|Stone Edge|p2a: Swampert|[miss]\n|-miss|p1a: Lycanroc|p2a: Swampert\n|\n|-heal|p2a: Swampert|234/302|[from] item: Leftovers\n|-damage|p1a: Lycanroc|162/269 tox|[from] psn\n|upkeep\n|turn|23\n|\n|t:|1781379494\n|move|p1a: Lycanroc|Close Combat|p2a: Swampert\n|-damage|p2a: Swampert|91/302\n|-unboost|p1a: Lycanroc|def|1\n|-unboost|p1a: Lycanroc|spd|1\n|-damage|p1a: Lycanroc|136/269 tox|[from] item: Life Orb\n|move|p2a: Swampert|Flip Turn|p1a: Lycanroc\n|-supereffective|p1a: Lycanroc\n|-damage|p1a: Lycanroc|0 fnt\n|faint|p1a: Lycanroc\n|\n|t:|1781379501\n|switch|p2a: Amoonguss|Amoonguss, L82, F|242/321|[from] Flip Turn\n|-damage|p2a: Amoonguss|202/321|[from] Stealth Rock\n|\n|upkeep\n|\n|t:|1781379504\n|switch|p1a: Articuno|Articuno-Galar, L84|288/288\n|turn|24\n|\n|t:|1781379511\n|-terastallize|p2a: Amoonguss|Steel\n|move|p1a: Articuno|Freezing Glare|p2a: Amoonguss\n|-resisted|p2a: Amoonguss\n|-damage|p2a: Amoonguss|135/321\n|move|p2a: Amoonguss|Toxic|p1a: Articuno\n|-status|p1a: Articuno|tox\n|\n|-damage|p1a: Articuno|270/288 tox|[from] psn\n|upkeep\n|turn|25\n|-message|Saaskin forfeited.\n|\n|win|DarkWight\n", "inputlog": ">version a8376a258c1d4662feba110a92103f3664a72141\n>start {\"formatid\":\"gen9randombattle\",\"seed\":\"sodium,a6836c81d89d615da5dc33179a477670\",\"rated\":\"Rated battle\"}\n>player p1 {\"name\":\"Saaskin\",\"avatar\":\"102\",\"rating\":2079,\"seed\":\"sodium,0404340f5119f1139d6316ca3604d354\"}\n>player p2 {\"name\":\"DarkWight\",\"avatar\":\"170\",\"rating\":1995,\"seed\":\"sodium,e08ffd996319d613c8ee5c771de8b73f\"}\n>p1 move sludgewave\n>p2 switch 4\n>p1 switch 2\n>p2 move dynamicpunch\n>p1 move stealthrock\n>p2 switch 4\n>p1 switch 2\n>p2 move toxic\n>p1 move sludgewave\n>p2 switch 4\n>p1 switch 2\n>p2 move poltergeist\n>p1 move earthquake\n>p2 move poltergeist\n>p1 switch 5\n>p1 move magmastorm\n>p2 move poltergeist\n>p1 move lavaplume\n>p2 move poltergeist\n>p2 switch 6\n>p1 move heavyslam\n>p2 move shadowball\n>p1 switch 6\n>p1 move stoneedge\n>p2 switch 5\n>p1 switch 2\n>p2 move stealthrock\n>p1 move sludgewave\n>p2 switch 4\n>p1 move sludgewave\n>p2 switch 3\n>p1 move sludgewave\n>p2 move toxicspikes\n>p1 move sludgewave\n>p2 move toxicspikes\n>p1 switch 4\n>p1 move psychic\n>p2 move painsplit\n>p2 switch 5\n>p1 move psychic terastallize\n>p2 move shadowball\n>p1 move psychic\n>p2 move shadowball\n>p2 switch 2\n>p1 move fireblast\n>p2 move airslash\n>p1 switch 2\n>p1 move stoneedge\n>p2 move protect\n>p1 move stoneedge\n>p2 switch 4\n>p1 move closecombat\n>p2 move flipturn\n>p2 switch 3\n>p1 switch 3\n>p1 move freezingglare\n>p2 move toxic terastallize\n>forcelose p1", "uploadtime": 1781379242, "views": 9, "formatid": "gen9randombattle", "rating": null, "private": 0, "password": null}