{"id": "gen9randombattle-2631882483", "format": "[Gen 9] Random Battle", "players": ["4g3nc domviii", "DikkeBende"], "log": "|j|\u26064g3nc domviii\n|j|\u2606DikkeBende\n|t:|1781451646\n|gametype|singles\n|player|p1|4g3nc domviii|170|2103\n|player|p2|DikkeBende|biker-gen4|2191\n|gen|9\n|tier|[Gen 9] Random Battle\n|rated|\n|rule|Species Clause: Limit one of each Pok\u00e9mon\n|rule|HP Percentage Mod: HP is shown in percentages\n|rule|Sleep Clause Mod: Limit one foe put to sleep\n|rule|Illusion Level Mod: Illusion disguises the Pok\u00e9mon's true level\n|\n|t:|1781451646\n|teamsize|p1|6\n|teamsize|p2|6\n|start\n|switch|p1a: Masquerain|Masquerain, L87, M|264/264\n|switch|p2a: Tropius|Tropius, L91, F|328/328\n|-ability|p1a: Masquerain|Intimidate|boost\n|-unboost|p2a: Tropius|atk|1\n|turn|1\n|inactive|Battle timer is ON: inactive players will automatically lose when time's up. (requested by DikkeBende)\n|\n|t:|1781451665\n|switch|p2a: Goodra|Goodra-Hisui, L82, M|265/265\n|move|p1a: Masquerain|Hurricane|p2a: Goodra\n|-resisted|p2a: Goodra\n|-damage|p2a: Goodra|238/265\n|-start|p2a: Goodra|confusion\n|\n|upkeep\n|turn|2\n|\n|t:|1781451674\n|switch|p1a: Luvdisc|Luvdisc, F|247/247\n|switch|p2a: Qwilfish|Qwilfish-Hisui, L83, F|244/244\n|-ability|p2a: Qwilfish|Intimidate|boost\n|-unboost|p1a: Luvdisc|atk|1\n|\n|upkeep\n|turn|3\n|\n|t:|1781451704\n|switch|p1a: Metagross|Metagross, L79|256/256\n|move|p2a: Qwilfish|Spikes|p1a: Metagross\n|-sidestart|p1: 4g3nc domviii|Spikes\n|\n|upkeep\n|turn|4\n|\n|t:|1781451729\n|switch|p2a: Toucannon|Toucannon, L88, M|284/284\n|move|p1a: Metagross|Agility|p1a: Metagross\n|-boost|p1a: Metagross|spe|2\n|\n|upkeep\n|turn|5\n|\n|t:|1781451741\n|switch|p1a: Luvdisc|Luvdisc, F|247/247\n|-singleturn|p2a: Toucannon|move: Beak Blast\n|move|p2a: Toucannon|Beak Blast|p1a: Luvdisc\n|-damage|p1a: Luvdisc|78/247\n|\n|upkeep\n|turn|6\n|\n|t:|1781451757\n|move|p1a: Luvdisc|Substitute|p1a: Luvdisc\n|-start|p1a: Luvdisc|Substitute\n|-damage|p1a: Luvdisc|17/247\n|move|p2a: Toucannon|Boomburst|p1a: Luvdisc\n|-damage|p1a: Luvdisc|0 fnt\n|faint|p1a: Luvdisc\n|\n|upkeep\n|\n|t:|1781451764\n|switch|p1a: Sableye|Sableye, L88, M|231/231\n|-damage|p1a: Sableye|203/231|[from] Spikes\n|turn|7\n|\n|t:|1781451769\n|switch|p2a: Qwilfish|Qwilfish-Hisui, L83, F|244/244\n|-ability|p2a: Qwilfish|Intimidate|boost\n|-unboost|p1a: Sableye|atk|1\n|move|p1a: Sableye|Will-O-Wisp|p2a: Qwilfish\n|-hint|Since gen 7, Dark is immune to Prankster moves.\n|-immune|p2a: Qwilfish\n|\n|-heal|p1a: Sableye|217/231|[from] item: Leftovers\n|upkeep\n|turn|8\n|\n|t:|1781451775\n|switch|p1a: Metagross|Metagross, L79|256/256\n|-damage|p1a: Metagross|224/256|[from] Spikes\n|move|p2a: Qwilfish|Spikes|p1a: Metagross\n|-sidestart|p1: 4g3nc domviii|Spikes\n|\n|upkeep\n|turn|9\n|\n|t:|1781451783\n|move|p2a: Qwilfish|Spikes|p1a: Metagross\n|-sidestart|p1: 4g3nc domviii|Spikes\n|move|p1a: Metagross|Heavy Slam|p2a: Qwilfish\n|-damage|p2a: Qwilfish|142/244\n|\n|upkeep\n|turn|10\n|\n|t:|1781451788\n|switch|p2a: Araquanid|Araquanid, L82, F|246/246\n|move|p1a: Metagross|Heavy Slam|p2a: Araquanid\n|-resisted|p2a: Araquanid\n|-damage|p2a: Araquanid|179/246\n|\n|upkeep\n|turn|11\n|\n|t:|1781451796\n|switch|p1a: Masquerain|Masquerain, L87, M|264/264\n|-ability|p1a: Masquerain|Intimidate|boost\n|-unboost|p2a: Araquanid|atk|1\n|move|p2a: Araquanid|Hydro Pump|p1a: Masquerain\n|-damage|p1a: Masquerain|123/264\n|\n|upkeep\n|turn|12\n|\n|t:|1781451804\n|switch|p1a: Heracross|Heracross, L80, M|259/259\n|-damage|p1a: Heracross|195/259|[from] Spikes\n|switch|p2a: Goodra|Goodra-Hisui, L82, M|238/265\n|\n|upkeep\n|turn|13\n|\n|t:|1781451820\n|switch|p2a: Qwilfish|Qwilfish-Hisui, L83, F|142/244\n|-ability|p2a: Qwilfish|Intimidate|boost\n|-unboost|p1a: Heracross|atk|1\n|move|p1a: Heracross|Close Combat|p2a: Qwilfish\n|-damage|p2a: Qwilfish|73/244\n|-unboost|p1a: Heracross|def|1\n|-unboost|p1a: Heracross|spd|1\n|\n|upkeep\n|turn|14\n|\n|t:|1781451831\n|move|p1a: Heracross|Close Combat|p2a: Qwilfish\n|-damage|p2a: Qwilfish|1/244\n|-unboost|p1a: Heracross|def|1\n|-unboost|p1a: Heracross|spd|1\n|move|p2a: Qwilfish|Crunch|p1a: Heracross\n|-resisted|p1a: Heracross\n|-damage|p1a: Heracross|99/259\n|\n|upkeep\n|turn|15\n|\n|t:|1781451842\n|switch|p2a: Tropius|Tropius, L91, F|328/328\n|move|p1a: Heracross|Close Combat|p2a: Tropius\n|-resisted|p2a: Tropius\n|-damage|p2a: Tropius|283/328\n|-unboost|p1a: Heracross|def|1\n|-unboost|p1a: Heracross|spd|1\n|\n|upkeep\n|turn|16\n|\n|t:|1781451853\n|switch|p1a: Sableye|Sableye, L88, M|217/231\n|-damage|p1a: Sableye|160/231|[from] Spikes\n|move|p2a: Tropius|Substitute|p2a: Tropius\n|-start|p2a: Tropius|Substitute\n|-damage|p2a: Tropius|201/328\n|\n|-heal|p1a: Sableye|174/231|[from] item: Leftovers\n|upkeep\n|turn|17\n|\n|t:|1781451862\n|move|p2a: Tropius|Air Slash|p1a: Sableye\n|-damage|p1a: Sableye|77/231\n|move|p1a: Sableye|Knock Off|p2a: Tropius\n|-end|p2a: Tropius|Substitute\n|\n|-heal|p1a: Sableye|91/231|[from] item: Leftovers\n|upkeep\n|turn|18\n|\n|t:|1781451871\n|switch|p2a: Qwilfish|Qwilfish-Hisui, L83, F|1/244\n|-ability|p2a: Qwilfish|Intimidate|boost\n|-unboost|p1a: Sableye|atk|1\n|move|p1a: Sableye|Recover|p1a: Sableye\n|-heal|p1a: Sableye|207/231\n|\n|-heal|p1a: Sableye|221/231|[from] item: Leftovers\n|upkeep\n|turn|19\n|\n|t:|1781451878\n|move|p2a: Qwilfish|Taunt|p1a: Sableye\n|-start|p1a: Sableye|move: Taunt\n|move|p1a: Sableye|Knock Off|p2a: Qwilfish\n|-resisted|p2a: Qwilfish\n|-damage|p2a: Qwilfish|0 fnt\n|-enditem|p2a: Qwilfish|Eviolite|[from] move: Knock Off|[of] p1a: Sableye\n|faint|p2a: Qwilfish\n|\n|-heal|p1a: Sableye|231/231|[from] item: Leftovers\n|upkeep\n|\n|t:|1781451893\n|switch|p2a: Toucannon|Toucannon, L88, M|284/284\n|turn|20\n|inactive|4g3nc domviii has 120 seconds left.\n|\n|t:|1781451935\n|switch|p1a: Masquerain|Masquerain, L87, M|123/264\n|-ability|p1a: Masquerain|Intimidate|boost\n|-unboost|p2a: Toucannon|atk|1\n|-singleturn|p2a: Toucannon|move: Beak Blast\n|move|p2a: Toucannon|Beak Blast|p1a: Masquerain\n|-supereffective|p1a: Masquerain\n|-damage|p1a: Masquerain|0 fnt\n|faint|p1a: Masquerain\n|\n|upkeep\n|\n|t:|1781451944\n|switch|p1a: Sableye|Sableye, L88, M|231/231\n|-damage|p1a: Sableye|174/231|[from] Spikes\n|turn|21\n|\n|t:|1781451961\n|-singleturn|p2a: Toucannon|move: Beak Blast\n|move|p1a: Sableye|Knock Off|p2a: Toucannon\n|-damage|p2a: Toucannon|190/284\n|-status|p1a: Sableye|brn\n|-enditem|p2a: Toucannon|Heavy-Duty Boots|[from] move: Knock Off|[of] p1a: Sableye\n|move|p2a: Toucannon|Beak Blast|p1a: Sableye\n|-damage|p1a: Sableye|71/231 brn\n|\n|-heal|p1a: Sableye|85/231 brn|[from] item: Leftovers\n|-damage|p1a: Sableye|71/231 brn|[from] brn\n|upkeep\n|turn|22\n|inactive|4g3nc domviii has 120 seconds left.\n|\n|t:|1781451968\n|-singleturn|p2a: Toucannon|move: Beak Blast\n|move|p1a: Sableye|Recover|p1a: Sableye\n|-heal|p1a: Sableye|187/231 brn\n|move|p2a: Toucannon|Beak Blast|p1a: Sableye\n|-damage|p1a: Sableye|96/231 brn\n|\n|-heal|p1a: Sableye|110/231 brn|[from] item: Leftovers\n|-damage|p1a: Sableye|96/231 brn|[from] brn\n|upkeep\n|turn|23\n|\n|t:|1781451973\n|-singleturn|p2a: Toucannon|move: Beak Blast\n|move|p1a: Sableye|Will-O-Wisp|p2a: Toucannon\n|-status|p2a: Toucannon|brn\n|move|p2a: Toucannon|Beak Blast|p1a: Sableye\n|-damage|p1a: Sableye|43/231 brn\n|\n|-heal|p1a: Sableye|57/231 brn|[from] item: Leftovers\n|-damage|p2a: Toucannon|173/284 brn|[from] brn\n|-damage|p1a: Sableye|43/231 brn|[from] brn\n|upkeep\n|turn|24\n|\n|t:|1781451981\n|move|p1a: Sableye|Recover|p1a: Sableye\n|-heal|p1a: Sableye|159/231 brn\n|move|p2a: Toucannon|U-turn|p1a: Sableye\n|-damage|p1a: Sableye|138/231 brn\n|\n|t:|1781451984\n|switch|p2a: Araquanid|Araquanid, L82, F|179/246|[from] U-turn\n|\n|-heal|p1a: Sableye|152/231 brn|[from] item: Leftovers\n|-damage|p1a: Sableye|138/231 brn|[from] brn\n|upkeep\n|turn|25\n|\n|t:|1781451998\n|move|p1a: Sableye|Recover|p1a: Sableye\n|-heal|p1a: Sableye|231/231 brn\n|move|p2a: Araquanid|Hydro Pump|p1a: Sableye\n|-damage|p1a: Sableye|60/231 brn\n|\n|-heal|p1a: Sableye|74/231 brn|[from] item: Leftovers\n|-damage|p1a: Sableye|60/231 brn|[from] brn\n|upkeep\n|turn|26\n|\n|t:|1781452013\n|move|p1a: Sableye|Knock Off|p2a: Araquanid\n|-damage|p2a: Araquanid|134/246\n|-enditem|p2a: Araquanid|Heavy-Duty Boots|[from] move: Knock Off|[of] p1a: Sableye\n|move|p2a: Araquanid|Sticky Web|p1a: Sableye\n|-sidestart|p1: 4g3nc domviii|move: Sticky Web\n|\n|-heal|p1a: Sableye|74/231 brn|[from] item: Leftovers\n|-damage|p1a: Sableye|60/231 brn|[from] brn\n|upkeep\n|turn|27\n|\n|t:|1781452019\n|switch|p2a: Toucannon|Toucannon, L88, M|173/284 brn\n|move|p1a: Sableye|Encore||[still]\n|-fail|p1a: Sableye\n|\n|-heal|p1a: Sableye|74/231 brn|[from] item: Leftovers\n|-damage|p2a: Toucannon|156/284 brn|[from] brn\n|-damage|p1a: Sableye|60/231 brn|[from] brn\n|upkeep\n|turn|28\n|\n|t:|1781452023\n|move|p1a: Sableye|Recover|p1a: Sableye\n|-heal|p1a: Sableye|176/231 brn\n|move|p2a: Toucannon|U-turn|p1a: Sableye\n|-damage|p1a: Sableye|140/231 brn\n|\n|t:|1781452026\n|switch|p2a: Araquanid|Araquanid, L82, F|134/246|[from] U-turn\n|\n|-heal|p1a: Sableye|154/231 brn|[from] item: Leftovers\n|-damage|p1a: Sableye|140/231 brn|[from] brn\n|upkeep\n|turn|29\n|\n|t:|1781452030\n|move|p1a: Sableye|Recover|p1a: Sableye\n|-heal|p1a: Sableye|231/231 brn\n|move|p2a: Araquanid|Hydro Pump|p1a: Sableye\n|-damage|p1a: Sableye|62/231 brn\n|\n|-heal|p1a: Sableye|76/231 brn|[from] item: Leftovers\n|-damage|p1a: Sableye|62/231 brn|[from] brn\n|upkeep\n|turn|30\n|\n|t:|1781452040\n|move|p1a: Sableye|Recover|p1a: Sableye\n|-heal|p1a: Sableye|178/231 brn\n|move|p2a: Araquanid|Liquidation|p1a: Sableye\n|-damage|p1a: Sableye|45/231 brn\n|\n|-heal|p1a: Sableye|59/231 brn|[from] item: Leftovers\n|-damage|p1a: Sableye|45/231 brn|[from] brn\n|upkeep\n|turn|31\n|\n|t:|1781452047\n|move|p1a: Sableye|Knock Off|p2a: Araquanid\n|-damage|p2a: Araquanid|104/246\n|move|p2a: Araquanid|Liquidation|p1a: Sableye\n|-damage|p1a: Sableye|0 fnt\n|faint|p1a: Sableye\n|\n|upkeep\n|\n|t:|1781452053\n|switch|p1a: Heracross|Heracross, L80, M|99/259\n|-damage|p1a: Heracross|35/259|[from] Spikes\n|-activate|p1a: Heracross|move: Sticky Web\n|-unboost|p1a: Heracross|spe|1\n|turn|32\n|\n|t:|1781452066\n|move|p1a: Heracross|Megahorn|p2a: Araquanid\n|-damage|p2a: Araquanid|0 fnt\n|faint|p2a: Araquanid\n|-ability|p1a: Heracross|Moxie|boost\n|-boost|p1a: Heracross|atk|1\n|\n|upkeep\n|\n|t:|1781452074\n|switch|p2a: Goodra|Goodra-Hisui, L82, M|238/265\n|turn|33\n|\n|t:|1781452082\n|move|p1a: Heracross|Megahorn|p2a: Goodra|[miss]\n|-miss|p1a: Heracross|p2a: Goodra\n|move|p2a: Goodra|Heavy Slam|p1a: Heracross\n|-damage|p1a: Heracross|0 fnt\n|faint|p1a: Heracross\n|\n|upkeep\n|\n|t:|1781452087\n|switch|p1a: Metagross|Metagross, L79|224/256\n|-damage|p1a: Metagross|160/256|[from] Spikes\n|-activate|p1a: Metagross|move: Sticky Web\n|-fail|p1a: Metagross|unboost|[from] ability: Clear Body|[of] p1a: Metagross\n|turn|34\n|\n|t:|1781452109\n|-terastallize|p2a: Goodra|Ground\n|move|p1a: Metagross|Agility|p1a: Metagross\n|-boost|p1a: Metagross|spe|2\n|move|p2a: Goodra|Earthquake|p1a: Metagross\n|-supereffective|p1a: Metagross\n|-damage|p1a: Metagross|0 fnt\n|faint|p1a: Metagross\n|\n|upkeep\n|\n|t:|1781452112\n|switch|p1a: Polteageist|Polteageist-Antique, L78|222/222\n|-damage|p1a: Polteageist|167/222|[from] Spikes\n|-activate|p1a: Polteageist|move: Sticky Web\n|-unboost|p1a: Polteageist|spe|1\n|-enditem|p1a: Polteageist|White Herb\n|-clearnegativeboost|p1a: Polteageist|[silent]\n|turn|35\n|\n|t:|1781452129\n|move|p1a: Polteageist|Strength Sap|p2a: Goodra\n|-ability|p2a: Goodra|Sap Sipper|boost\n|-boost|p2a: Goodra|atk|1\n|move|p2a: Goodra|Heavy Slam|p1a: Polteageist\n|-damage|p1a: Polteageist|0 fnt\n|faint|p1a: Polteageist\n|\n|win|DikkeBende\n", "inputlog": ">version a8376a258c1d4662feba110a92103f3664a72141\n>start {\"formatid\":\"gen9randombattle\",\"seed\":\"sodium,50fe14d5afa81ea889842cc7d05de64b\",\"rated\":\"Rated battle\"}\n>player p1 {\"name\":\"4g3nc domviii\",\"avatar\":\"170\",\"rating\":2103,\"seed\":\"sodium,060b4fa22f4ae057eb18af4287faf9ca\"}\n>player p2 {\"name\":\"DikkeBende\",\"avatar\":\"biker-gen4\",\"rating\":2191,\"seed\":\"sodium,85df66e17681a504088e06be1d7b5f25\"}\n>p1 move hurricane\n>p2 switch 3\n>p1 switch 3\n>p2 switch 6\n>p1 switch 2\n>p2 move spikes\n>p1 move agility\n>p2 switch 5\n>p1 switch 2\n>p2 move beakblast\n>p1 move substitute\n>p2 move boomburst\n>p1 switch 5\n>p1 move willowisp\n>p2 switch 5\n>p1 switch 2\n>p2 move spikes\n>p1 move heavyslam\n>p2 move spikes\n>p1 move heavyslam\n>p2 switch 2\n>p1 switch 3\n>p2 move hydropump\n>p1 switch 4\n>p2 switch 6\n>p1 move closecombat\n>p2 switch 2\n>p1 move closecombat\n>p2 move crunch\n>p1 move closecombat\n>p2 switch 3\n>p1 switch 2\n>p2 move substitute\n>p1 move knockoff\n>p2 move airslash\n>p1 move recover\n>p2 switch 3\n>p1 move knockoff\n>p2 move taunt\n>p2 switch 5\n>p1 switch 4\n>p2 move beakblast\n>p1 switch 4\n>p1 move knockoff\n>p2 move beakblast\n>p1 move recover\n>p2 move beakblast\n>p1 move willowisp\n>p2 move beakblast\n>p1 move recover\n>p2 move uturn\n>p2 switch 6\n>p1 move recover\n>p2 move hydropump\n>p1 move knockoff\n>p2 move stickyweb\n>p1 move encore\n>p2 switch 6\n>p1 move recover\n>p2 move uturn\n>p2 switch 6\n>p1 move recover\n>p2 move hydropump\n>p1 move recover\n>p2 move liquidation\n>p1 move knockoff\n>p2 move liquidation\n>p1 switch 2\n>p1 move megahorn\n>p2 move liquidation\n>p2 switch 2\n>p1 move megahorn\n>p2 move heavyslam\n>p1 switch 3\n>p1 move agility\n>p2 move earthquake terastallize\n>p1 switch 6\n>p1 move strengthsap\n>p2 move heavyslam", "uploadtime": 1781451648, "views": 8, "formatid": "gen9randombattle", "rating": null, "private": 0, "password": null}