{"id": "gen9randombattle-2631476793", "format": "[Gen 9] Random Battle", "players": ["Rex 2099", "lionbark"], "log": "|j|\u2606Rex 2099\n|j|\u2606lionbark\n|t:|1781389709\n|gametype|singles\n|player|p1|Rex 2099|miku-ghost|2047\n|player|p2|lionbark|102|2092\n|gen|9\n|tier|[Gen 9] Random Battle\n|rated|\n|rule|Species Clause: Limit one of each Pok\u00e9mon\n|rule|HP Percentage Mod: HP is shown in percentages\n|rule|Sleep Clause Mod: Limit one foe put to sleep\n|rule|Illusion Level Mod: Illusion disguises the Pok\u00e9mon's true level\n|\n|t:|1781389709\n|teamsize|p1|6\n|teamsize|p2|6\n|start\n|switch|p1a: Mabosstiff|Mabosstiff, L86, M|278/278\n|switch|p2a: Luxray|Luxray, L88, M|284/284\n|-ability|p2a: Luxray|Intimidate|boost\n|-unboost|p1a: Mabosstiff|atk|1\n|turn|1\n|inactive|Battle timer is ON: inactive players will automatically lose when time's up. (requested by lionbark)\n|\n|t:|1781389740\n|switch|p1a: Sunflora|Sunflora, M|312/312\n|move|p2a: Luxray|Volt Switch|p1a: Sunflora\n|-resisted|p1a: Sunflora\n|-damage|p1a: Sunflora|279/312\n|inactive|lionbark has 120 seconds left.\n|\n|t:|1781389770\n|switch|p2a: Urshifu|Urshifu-Rapid-Strike, L75, M|274/274|[from] Volt Switch\n|\n|upkeep\n|turn|2\n|\n|t:|1781389778\n|move|p2a: Urshifu|U-turn|p1a: Sunflora\n|-supereffective|p1a: Sunflora\n|-damage|p1a: Sunflora|155/312\n|\n|t:|1781389780\n|switch|p2a: Luxray|Luxray, L88, M|284/284|[from] U-turn\n|-ability|p2a: Luxray|Intimidate|boost\n|-unboost|p1a: Sunflora|atk|1\n|move|p1a: Sunflora|Sunny Day|p1a: Sunflora\n|-weather|SunnyDay\n|\n|-weather|SunnyDay|[upkeep]\n|upkeep\n|turn|3\n|\n|t:|1781389789\n|move|p1a: Sunflora|Earth Power|p2a: Luxray\n|-supereffective|p2a: Luxray\n|-damage|p2a: Luxray|102/284\n|-damage|p1a: Sunflora|124/312|[from] item: Life Orb\n|move|p2a: Luxray|Volt Switch|p1a: Sunflora\n|-resisted|p1a: Sunflora\n|-damage|p1a: Sunflora|88/312\n|\n|t:|1781389800\n|switch|p2a: Urshifu|Urshifu-Rapid-Strike, L75, M|274/274|[from] Volt Switch\n|\n|-weather|SunnyDay|[upkeep]\n|upkeep\n|turn|4\n|\n|t:|1781389804\n|move|p2a: Urshifu|U-turn|p1a: Sunflora\n|-supereffective|p1a: Sunflora\n|-damage|p1a: Sunflora|0 fnt\n|faint|p1a: Sunflora\n|\n|t:|1781389813\n|switch|p2a: Sunflora|Sunflora, F|312/312|[from] U-turn\n|\n|-weather|SunnyDay|[upkeep]\n|upkeep\n|\n|t:|1781389816\n|switch|p1a: Ho-Oh|Ho-Oh, L71|268/268\n|turn|5\n|inactive|lionbark has 120 seconds left.\n|\n|t:|1781389849\n|switch|p2a: Miraidon|Miraidon, L65|238/238\n|-fieldstart|move: Electric Terrain|[from] ability: Hadron Engine|[of] p2a: Miraidon\n|move|p1a: Ho-Oh|Sacred Fire|p2a: Miraidon\n|-resisted|p2a: Miraidon\n|-damage|p2a: Miraidon|149/238\n|-status|p2a: Miraidon|brn\n|\n|-weather|SunnyDay|[upkeep]\n|-damage|p2a: Miraidon|135/238 brn|[from] brn\n|upkeep\n|turn|6\n|\n|t:|1781389865\n|switch|p1a: Magearna|Magearna, L77|250/250\n|move|p2a: Miraidon|Electro Drift|p1a: Magearna\n|-damage|p1a: Magearna|55/250\n|\n|-weather|none\n|-heal|p1a: Magearna|70/250|[from] item: Leftovers\n|-damage|p2a: Miraidon|121/238 brn|[from] brn\n|upkeep\n|turn|7\n|\n|t:|1781389872\n|move|p2a: Miraidon|Electro Drift|p1a: Magearna\n|-damage|p1a: Magearna|0 fnt\n|faint|p1a: Magearna\n|\n|-damage|p2a: Miraidon|107/238 brn|[from] brn\n|upkeep\n|\n|t:|1781389876\n|switch|p1a: Mabosstiff|Mabosstiff, L86, M|278/278\n|turn|8\n|\n|t:|1781389900\n|switch|p2a: Bronzong|Bronzong, L88|261/261\n|move|p1a: Mabosstiff|Play Rough|p2a: Bronzong\n|-resisted|p2a: Bronzong\n|-damage|p2a: Bronzong|199/261\n|\n|upkeep\n|turn|9\n|inactive|lionbark has 120 seconds left.\n|\n|t:|1781389943\n|switch|p1a: Ho-Oh|Ho-Oh, L71|268/268\n|move|p2a: Bronzong|Iron Defense|p2a: Bronzong\n|-boost|p2a: Bronzong|def|2\n|\n|-fieldend|move: Electric Terrain\n|upkeep\n|turn|10\n|\n|t:|1781389950\n|move|p1a: Ho-Oh|Sacred Fire|p2a: Bronzong\n|-supereffective|p2a: Bronzong\n|-damage|p2a: Bronzong|127/261\n|move|p2a: Bronzong|Iron Defense|p2a: Bronzong\n|-boost|p2a: Bronzong|def|2\n|\n|upkeep\n|turn|11\n|\n|t:|1781389953\n|move|p1a: Ho-Oh|Sacred Fire|p2a: Bronzong\n|-supereffective|p2a: Bronzong\n|-damage|p2a: Bronzong|73/261\n|-status|p2a: Bronzong|brn\n|move|p2a: Bronzong|Iron Defense|p2a: Bronzong\n|-boost|p2a: Bronzong|def|2\n|\n|-damage|p2a: Bronzong|57/261 brn|[from] brn\n|upkeep\n|turn|12\n|\n|t:|1781389961\n|switch|p1a: Oricorio|Oricorio-Sensu, L85, F|266/266\n|move|p2a: Bronzong|Rest|p2a: Bronzong\n|-status|p2a: Bronzong|slp|[from] move: Rest\n|-heal|p2a: Bronzong|261/261 slp|[silent]\n|-enditem|p2a: Bronzong|Chesto Berry|[eat]\n|-curestatus|p2a: Bronzong|slp|[msg]\n|\n|upkeep\n|turn|13\n|inactive|lionbark has 120 seconds left.\n|\n|t:|1781389985\n|switch|p2a: Luxray|Luxray, L88, M|102/284\n|-ability|p2a: Luxray|Intimidate|boost\n|-unboost|p1a: Oricorio|atk|1\n|move|p1a: Oricorio|Quiver Dance|p1a: Oricorio\n|-boost|p1a: Oricorio|spa|1\n|-boost|p1a: Oricorio|spd|1\n|-boost|p1a: Oricorio|spe|1\n|\n|upkeep\n|turn|14\n|inactive|lionbark has 120 seconds left.\n|\n|t:|1781389992\n|move|p1a: Oricorio|Revelation Dance|p2a: Luxray\n|-damage|p2a: Luxray|3/284\n|move|p2a: Luxray|Wild Charge|p1a: Oricorio\n|-supereffective|p1a: Oricorio\n|-crit|p1a: Oricorio\n|-damage|p1a: Oricorio|0 fnt\n|faint|p1a: Oricorio\n|-damage|p2a: Luxray|0 fnt|[from] Recoil\n|faint|p2a: Luxray\n|\n|upkeep\n|inactive|lionbark has 120 seconds left.\n|\n|t:|1781390007\n|switch|p1a: Ho-Oh|Ho-Oh, L71|268/268\n|switch|p2a: Urshifu|Urshifu-Rapid-Strike, L75, M|274/274\n|turn|15\n|\n|t:|1781390013\n|switch|p1a: Bisharp|Bisharp, L79, M|232/232\n|move|p2a: Urshifu|Surging Strikes|p1a: Bisharp\n|-crit|p1a: Bisharp\n|-damage|p1a: Bisharp|205/232\n|-crit|p1a: Bisharp\n|-damage|p1a: Bisharp|180/232\n|-crit|p1a: Bisharp\n|-damage|p1a: Bisharp|152/232\n|-hitcount|p1a: Bisharp|3\n|\n|upkeep\n|turn|16\n|\n|t:|1781390026\n|move|p2a: Urshifu|Surging Strikes|p1a: Bisharp\n|-crit|p1a: Bisharp\n|-damage|p1a: Bisharp|122/232\n|-crit|p1a: Bisharp\n|-damage|p1a: Bisharp|94/232\n|-crit|p1a: Bisharp\n|-damage|p1a: Bisharp|67/232\n|-hitcount|p1a: Bisharp|3\n|move|p1a: Bisharp|Throat Chop|p2a: Urshifu\n|-resisted|p2a: Urshifu\n|-damage|p2a: Urshifu|226/274\n|-start|p2a: Urshifu|Throat Chop|[silent]\n|\n|upkeep\n|turn|17\n|\n|t:|1781390034\n|move|p1a: Bisharp|Sucker Punch|p2a: Urshifu\n|-resisted|p2a: Urshifu\n|-damage|p2a: Urshifu|188/274\n|move|p2a: Urshifu|Surging Strikes|p1a: Bisharp\n|-crit|p1a: Bisharp\n|-damage|p1a: Bisharp|37/232\n|-crit|p1a: Bisharp\n|-damage|p1a: Bisharp|10/232\n|-crit|p1a: Bisharp\n|-damage|p1a: Bisharp|0 fnt\n|faint|p1a: Bisharp\n|-hitcount|p1: Bisharp|3\n|\n|-end|p2a: Urshifu|Throat Chop|[silent]\n|upkeep\n|\n|t:|1781390037\n|switch|p1a: Mabosstiff|Mabosstiff, L86, M|278/278\n|turn|18\n|\n|t:|1781390061\n|-terastallize|p2a: Urshifu|Water\n|move|p1a: Mabosstiff|Crunch|p2a: Urshifu\n|-damage|p2a: Urshifu|89/274\n|move|p2a: Urshifu|Surging Strikes|p1a: Mabosstiff\n|-crit|p1a: Mabosstiff\n|-damage|p1a: Mabosstiff|220/278\n|-crit|p1a: Mabosstiff\n|-damage|p1a: Mabosstiff|168/278\n|-crit|p1a: Mabosstiff\n|-damage|p1a: Mabosstiff|112/278\n|-hitcount|p1a: Mabosstiff|3\n|\n|upkeep\n|turn|19\n|\n|t:|1781390070\n|move|p1a: Mabosstiff|Crunch|p2a: Urshifu\n|-damage|p2a: Urshifu|0 fnt\n|faint|p2a: Urshifu\n|\n|upkeep\n|\n|t:|1781390073\n|switch|p2a: Crawdaunt|Crawdaunt, L84, M|243/243\n|turn|20\n|\n|t:|1781390076\n|move|p1a: Mabosstiff|Crunch|p2a: Crawdaunt\n|-resisted|p2a: Crawdaunt\n|-damage|p2a: Crawdaunt|190/243\n|-unboost|p2a: Crawdaunt|def|1\n|move|p2a: Crawdaunt|Dragon Dance|p2a: Crawdaunt\n|-boost|p2a: Crawdaunt|atk|1\n|-boost|p2a: Crawdaunt|spe|1\n|\n|upkeep\n|turn|21\n|\n|t:|1781390084\n|move|p1a: Mabosstiff|Crunch|p2a: Crawdaunt\n|-resisted|p2a: Crawdaunt\n|-damage|p2a: Crawdaunt|109/243\n|move|p2a: Crawdaunt|Dragon Dance|p2a: Crawdaunt\n|-boost|p2a: Crawdaunt|atk|1\n|-boost|p2a: Crawdaunt|spe|1\n|\n|upkeep\n|turn|22\n|\n|t:|1781390089\n|move|p2a: Crawdaunt|Aqua Jet|p1a: Mabosstiff\n|-damage|p1a: Mabosstiff|0 fnt\n|faint|p1a: Mabosstiff\n|-damage|p2a: Crawdaunt|85/243|[from] item: Life Orb\n|\n|upkeep\n|\n|t:|1781390091\n|switch|p1a: Ho-Oh|Ho-Oh, L71|268/268\n|turn|23\n|\n|t:|1781390095\n|-terastallize|p1a: Ho-Oh|Ground\n|move|p2a: Crawdaunt|Knock Off|p1a: Ho-Oh\n|-damage|p1a: Ho-Oh|0 fnt\n|-enditem|p1a: Ho-Oh|Heavy-Duty Boots|[from] move: Knock Off|[of] p2a: Crawdaunt\n|faint|p1a: Ho-Oh\n|-damage|p2a: Crawdaunt|61/243|[from] item: Life Orb\n|\n|win|lionbark\n", "inputlog": ">version a8376a258c1d4662feba110a92103f3664a72141\n>start {\"formatid\":\"gen9randombattle\",\"seed\":\"sodium,db1ea3f65a8ec56f2711515341ffcc67\",\"rated\":\"Rated battle\"}\n>player p1 {\"name\":\"Rex 2099\",\"avatar\":\"miku-ghost\",\"rating\":2047,\"seed\":\"sodium,67f3af3b138ca6cfd07e99da93194f5c\"}\n>player p2 {\"name\":\"lionbark\",\"avatar\":\"102\",\"rating\":2092,\"seed\":\"sodium,5fb1abfca43e96ca624ecd254620272d\"}\n>p1 switch 2\n>p2 move voltswitch\n>p2 switch 2\n>p1 move sunnyday\n>p2 move uturn\n>p2 switch 2\n>p1 move earthpower\n>p2 move voltswitch\n>p2 switch 2\n>p1 move solarbeam\n>p2 move uturn\n>p2 switch 5\n>p1 switch 4\n>p1 move sacredfire\n>p2 switch 6\n>p1 switch 6\n>p2 move electrodrift\n>p1 move spikes\n>p2 move electrodrift\n>p1 switch 2\n>p1 move playrough\n>p2 switch 4\n>p1 switch 6\n>p2 move irondefense\n>p1 move sacredfire\n>p2 move irondefense\n>p1 move sacredfire\n>p2 move irondefense\n>p1 switch 5\n>p2 move rest\n>p1 move quiverdance\n>p2 switch 2\n>p1 move revelationdance\n>p2 move wildcharge\n>p1 switch 5\n>p2 switch 5\n>p1 switch 3\n>p2 move surgingstrikes\n>p1 move throatchop\n>p2 move surgingstrikes\n>p1 move suckerpunch\n>p2 move surgingstrikes\n>p1 switch 6\n>p1 move crunch\n>p2 move surgingstrikes terastallize\n>p1 move crunch\n>p2 move surgingstrikes\n>p2 switch 3\n>p1 move crunch\n>p2 move dragondance\n>p1 move crunch\n>p2 move dragondance\n>p1 move crunch\n>p2 move aquajet\n>p1 switch 3\n>p1 move earthquake terastallize\n>p2 move knockoff", "uploadtime": 1781389710, "views": 4, "formatid": "gen9randombattle", "rating": null, "private": 0, "password": null}