{"id": "gen9randombattle-2631631887", "format": "[Gen 9] Random Battle", "players": ["fangji", "dalmaler"], "log": "|j|\u2606fangji\n|j|\u2606dalmaler\n|t:|1781411838\n|gametype|singles\n|player|p1|fangji|2|1045\n|player|p2|dalmaler|lucas|1026\n|gen|9\n|tier|[Gen 9] Random Battle\n|rated|\n|rule|Species Clause: Limit one of each Pok\u00e9mon\n|rule|HP Percentage Mod: HP is shown in percentages\n|rule|Sleep Clause Mod: Limit one foe put to sleep\n|rule|Illusion Level Mod: Illusion disguises the Pok\u00e9mon's true level\n|\n|t:|1781411838\n|teamsize|p1|6\n|teamsize|p2|6\n|start\n|switch|p1a: Electivire|Electivire, L84, F|263/263\n|switch|p2a: Salazzle|Salazzle, L83, F|249/249\n|turn|1\n|\n|t:|1781411865\n|move|p2a: Salazzle|Nasty Plot|p2a: Salazzle\n|-boost|p2a: Salazzle|spa|2\n|move|p1a: Electivire|Earthquake|p2a: Salazzle\n|-supereffective|p2a: Salazzle\n|-damage|p2a: Salazzle|0 fnt\n|faint|p2a: Salazzle\n|-damage|p1a: Electivire|237/263|[from] item: Life Orb\n|\n|upkeep\n|\n|t:|1781411880\n|switch|p2a: Vivillon|Vivillon-Ocean, L83, M|268/268\n|turn|2\n|\n|t:|1781411890\n|move|p1a: Electivire|Supercell Slam|p2a: Vivillon\n|-supereffective|p2a: Vivillon\n|-damage|p2a: Vivillon|0 fnt\n|faint|p2a: Vivillon\n|-damage|p1a: Electivire|211/263|[from] item: Life Orb\n|\n|upkeep\n|\n|t:|1781411897\n|switch|p2a: Swampert|Swampert, L83, F|302/302\n|turn|3\n|\n|t:|1781411907\n|move|p1a: Electivire|Ice Punch|p2a: Swampert\n|-damage|p2a: Swampert|221/302\n|-damage|p1a: Electivire|185/263|[from] item: Life Orb\n|move|p2a: Swampert|Stealth Rock|p1a: Electivire\n|-sidestart|p1: fangji|move: Stealth Rock\n|\n|-heal|p2a: Swampert|239/302|[from] item: Leftovers\n|upkeep\n|turn|4\n|\n|t:|1781411916\n|move|p1a: Electivire|Bulk Up|p1a: Electivire\n|-boost|p1a: Electivire|atk|1\n|-boost|p1a: Electivire|def|1\n|move|p2a: Swampert|Earthquake|p1a: Electivire\n|-supereffective|p1a: Electivire\n|-damage|p1a: Electivire|9/263\n|\n|-heal|p2a: Swampert|257/302|[from] item: Leftovers\n|upkeep\n|turn|5\n|\n|t:|1781411926\n|move|p1a: Electivire|Ice Punch|p2a: Swampert\n|-damage|p2a: Swampert|137/302\n|-damage|p1a: Electivire|0 fnt|[from] item: Life Orb\n|faint|p1a: Electivire\n|move|p2a: Swampert|Ice Beam|p1: Electivire|[notarget]\n|-fail|p2a: Swampert\n|\n|-heal|p2a: Swampert|155/302|[from] item: Leftovers\n|upkeep\n|\n|t:|1781411977\n|switch|p1a: Porygon2|Porygon2, L81|270/270\n|-damage|p1a: Porygon2|237/270|[from] Stealth Rock\n|-ability|p1a: Porygon2|Download|boost\n|-boost|p1a: Porygon2|spa|1\n|turn|6\n|\n|t:|1781411993\n|move|p2a: Swampert|Knock Off|p1a: Porygon2\n|-damage|p1a: Porygon2|189/270\n|-enditem|p1a: Porygon2|Eviolite|[from] move: Knock Off|[of] p2a: Swampert\n|move|p1a: Porygon2|Recover|p1a: Porygon2\n|-heal|p1a: Porygon2|270/270\n|\n|-heal|p2a: Swampert|173/302|[from] item: Leftovers\n|upkeep\n|turn|7\n|\n|t:|1781412006\n|move|p2a: Swampert|Earthquake|p1a: Porygon2\n|-damage|p1a: Porygon2|149/270\n|move|p1a: Porygon2|Ice Beam|p2a: Swampert\n|-damage|p2a: Swampert|75/302\n|\n|-heal|p2a: Swampert|93/302|[from] item: Leftovers\n|upkeep\n|turn|8\n|\n|t:|1781412016\n|move|p2a: Swampert|Earthquake|p1a: Porygon2\n|-damage|p1a: Porygon2|40/270\n|move|p1a: Porygon2|Ice Beam|p2a: Swampert\n|-damage|p2a: Swampert|0 fnt\n|faint|p2a: Swampert\n|\n|upkeep\n|\n|t:|1781412026\n|switch|p2a: Registeel|Registeel, L81|262/262\n|turn|9\n|\n|t:|1781412037\n|move|p1a: Porygon2|Recover|p1a: Porygon2\n|-heal|p1a: Porygon2|175/270\n|move|p2a: Registeel|Iron Defense|p2a: Registeel\n|-boost|p2a: Registeel|def|2\n|\n|upkeep\n|turn|10\n|\n|t:|1781412052\n|move|p1a: Porygon2|Discharge|p2a: Registeel\n|-damage|p2a: Registeel|204/262\n|move|p2a: Registeel|Body Press|p1a: Porygon2\n|-supereffective|p1a: Porygon2\n|-damage|p1a: Porygon2|0 fnt\n|faint|p1a: Porygon2\n|\n|-heal|p2a: Registeel|220/262|[from] item: Leftovers\n|upkeep\n|\n|t:|1781412076\n|switch|p1a: Polteageist|Polteageist, L78|222/222\n|-damage|p1a: Polteageist|195/222|[from] Stealth Rock\n|turn|11\n|\n|t:|1781412088\n|move|p1a: Polteageist|Strength Sap|p2a: Registeel\n|-fail|p2a: Registeel|unboost|[from] ability: Clear Body|[of] p2a: Registeel\n|-heal|p1a: Polteageist|222/222\n|move|p2a: Registeel|Thunder Wave|p1a: Polteageist\n|-status|p1a: Polteageist|par\n|\n|-heal|p2a: Registeel|236/262|[from] item: Leftovers\n|upkeep\n|turn|12\n|\n|t:|1781412105\n|move|p2a: Registeel|Iron Head|p1a: Polteageist\n|-damage|p1a: Polteageist|140/222 par\n|move|p1a: Polteageist|Shadow Ball|p2a: Registeel\n|-damage|p2a: Registeel|169/262\n|\n|-heal|p2a: Registeel|185/262|[from] item: Leftovers\n|upkeep\n|turn|13\n|\n|t:|1781412122\n|move|p2a: Registeel|Iron Head|p1a: Polteageist\n|-damage|p1a: Polteageist|50/222 par\n|cant|p1a: Polteageist|flinch\n|\n|-heal|p2a: Registeel|201/262|[from] item: Leftovers\n|upkeep\n|turn|14\n|\n|t:|1781412133\n|move|p2a: Registeel|Iron Defense|p2a: Registeel\n|-boost|p2a: Registeel|def|2\n|move|p1a: Polteageist|Shadow Ball|p2a: Registeel\n|-damage|p2a: Registeel|132/262\n|\n|-heal|p2a: Registeel|148/262|[from] item: Leftovers\n|upkeep\n|turn|15\n|\n|t:|1781412142\n|move|p2a: Registeel|Iron Head|p1a: Polteageist\n|-damage|p1a: Polteageist|0 fnt\n|faint|p1a: Polteageist\n|\n|-heal|p2a: Registeel|164/262|[from] item: Leftovers\n|upkeep\n|\n|t:|1781412163\n|switch|p1a: Thundurus|Thundurus-Therian, L80, M|258/258\n|turn|16\n|\n|t:|1781412182\n|move|p1a: Thundurus|Thunderbolt|p2a: Registeel\n|-damage|p2a: Registeel|88/262\n|move|p2a: Registeel|Body Press|p1a: Thundurus\n|-resisted|p1a: Thundurus\n|-damage|p1a: Thundurus|126/258\n|\n|-heal|p2a: Registeel|104/262|[from] item: Leftovers\n|upkeep\n|turn|17\n|\n|t:|1781412203\n|move|p1a: Thundurus|Thunderbolt|p2a: Registeel\n|-damage|p2a: Registeel|23/262\n|move|p2a: Registeel|Body Press|p1a: Thundurus\n|-resisted|p1a: Thundurus\n|-damage|p1a: Thundurus|0 fnt\n|faint|p1a: Thundurus\n|\n|-heal|p2a: Registeel|39/262|[from] item: Leftovers\n|upkeep\n|\n|t:|1781412224\n|switch|p1a: Azelf|Azelf, L82|257/257\n|-damage|p1a: Azelf|225/257|[from] Stealth Rock\n|turn|18\n|\n|t:|1781412234\n|move|p1a: Azelf|Psychic|p2a: Registeel\n|-resisted|p2a: Registeel\n|-damage|p2a: Registeel|0 fnt\n|faint|p2a: Registeel\n|-damage|p1a: Azelf|200/257|[from] item: Life Orb\n|\n|upkeep\n|\n|t:|1781412245\n|switch|p2a: Espeon|Espeon, L84, F|246/246\n|turn|19\n|\n|t:|1781412270\n|move|p1a: Azelf|Psychic|p2a: Espeon\n|-resisted|p2a: Espeon\n|-damage|p2a: Espeon|182/246\n|-damage|p1a: Azelf|175/257|[from] item: Life Orb\n|move|p2a: Espeon|Shadow Ball|p1a: Azelf\n|-supereffective|p1a: Azelf\n|-damage|p1a: Azelf|0 fnt\n|faint|p1a: Azelf\n|\n|upkeep\n|\n|t:|1781412280\n|switch|p1a: Blissey|Blissey, L85, F|572/572\n|-damage|p1a: Blissey|501/572|[from] Stealth Rock\n|turn|20\n|\n|t:|1781412296\n|switch|p2a: Misdreavus|Misdreavus, L90, M|254/254\n|move|p1a: Blissey|Thunder Wave|p2a: Misdreavus\n|-status|p2a: Misdreavus|par\n|\n|-heal|p1a: Blissey|536/572|[from] item: Leftovers\n|upkeep\n|turn|21\n|\n|t:|1781412306\n|move|p1a: Blissey|Seismic Toss|p2a: Misdreavus\n|-immune|p2a: Misdreavus\n|move|p2a: Misdreavus|Will-O-Wisp|p1a: Blissey|[miss]\n|-miss|p2a: Misdreavus|p1a: Blissey\n|\n|-heal|p1a: Blissey|571/572|[from] item: Leftovers\n|upkeep\n|turn|22\n|\n|t:|1781412320\n|move|p1a: Blissey|Seismic Toss|p2a: Misdreavus\n|-immune|p2a: Misdreavus\n|cant|p2a: Misdreavus|par\n|\n|-heal|p1a: Blissey|572/572|[from] item: Leftovers\n|upkeep\n|turn|23\n|\n|t:|1781412328\n|move|p1a: Blissey|Seismic Toss|p2a: Misdreavus\n|-immune|p2a: Misdreavus\n|move|p2a: Misdreavus|Will-O-Wisp|p1a: Blissey|[miss]\n|-miss|p2a: Misdreavus|p1a: Blissey\n|\n|upkeep\n|turn|24\n|\n|t:|1781412338\n|move|p1a: Blissey|Seismic Toss|p2a: Misdreavus\n|-immune|p2a: Misdreavus\n|move|p2a: Misdreavus|Will-O-Wisp|p1a: Blissey\n|-status|p1a: Blissey|brn\n|\n|-damage|p1a: Blissey|537/572 brn|[from] brn\n|upkeep\n|turn|25\n|\n|t:|1781412348\n|move|p1a: Blissey|Heal Bell|p1a: Blissey\n|-activate|p1a: Blissey|move: Heal Bell\n|-curestatus|p1a: Blissey|brn|[msg]\n|move|p2a: Misdreavus|Calm Mind|p2a: Misdreavus\n|-boost|p2a: Misdreavus|spa|1\n|-boost|p2a: Misdreavus|spd|1\n|\n|-heal|p1a: Blissey|572/572|[from] item: Leftovers\n|upkeep\n|turn|26\n|\n|t:|1781412358\n|move|p1a: Blissey|Seismic Toss|p2a: Misdreavus\n|-immune|p2a: Misdreavus\n|move|p2a: Misdreavus|Will-O-Wisp|p1a: Blissey|[miss]\n|-miss|p2a: Misdreavus|p1a: Blissey\n|\n|upkeep\n|turn|27\n|\n|t:|1781412366\n|move|p1a: Blissey|Seismic Toss|p2a: Misdreavus\n|-immune|p2a: Misdreavus\n|move|p2a: Misdreavus|Will-O-Wisp|p1a: Blissey\n|-status|p1a: Blissey|brn\n|\n|-damage|p1a: Blissey|537/572 brn|[from] brn\n|upkeep\n|turn|28\n|\n|t:|1781412376\n|move|p1a: Blissey|Heal Bell|p1a: Blissey\n|-activate|p1a: Blissey|move: Heal Bell\n|-curestatus|p1a: Blissey|brn|[msg]\n|move|p2a: Misdreavus|Calm Mind|p2a: Misdreavus\n|-boost|p2a: Misdreavus|spa|1\n|-boost|p2a: Misdreavus|spd|1\n|\n|-heal|p1a: Blissey|572/572|[from] item: Leftovers\n|upkeep\n|turn|29\n|\n|t:|1781412393\n|move|p1a: Blissey|Soft-Boiled||[still]\n|-fail|p1a: Blissey|heal\n|move|p2a: Misdreavus|Will-O-Wisp|p1a: Blissey\n|-status|p1a: Blissey|brn\n|\n|-damage|p1a: Blissey|537/572 brn|[from] brn\n|upkeep\n|turn|30\n|\n|t:|1781412402\n|move|p1a: Blissey|Heal Bell|p1a: Blissey\n|-activate|p1a: Blissey|move: Heal Bell\n|-curestatus|p1a: Blissey|brn|[msg]\n|move|p2a: Misdreavus|Draining Kiss|p1a: Blissey\n|-damage|p1a: Blissey|487/572\n|\n|-heal|p1a: Blissey|522/572|[from] item: Leftovers\n|upkeep\n|turn|31\n|\n|t:|1781412413\n|move|p1a: Blissey|Thunder Wave|p2a: Misdreavus\n|-fail|p2a: Misdreavus|par\n|cant|p2a: Misdreavus|par\n|\n|-heal|p1a: Blissey|557/572|[from] item: Leftovers\n|upkeep\n|turn|32\n|\n|t:|1781412427\n|move|p1a: Blissey|Seismic Toss|p2a: Misdreavus\n|-immune|p2a: Misdreavus\n|move|p2a: Misdreavus|Calm Mind|p2a: Misdreavus\n|-boost|p2a: Misdreavus|spa|1\n|-boost|p2a: Misdreavus|spd|1\n|\n|-heal|p1a: Blissey|572/572|[from] item: Leftovers\n|upkeep\n|turn|33\n|\n|t:|1781412437\n|move|p1a: Blissey|Seismic Toss|p2a: Misdreavus\n|-immune|p2a: Misdreavus\n|move|p2a: Misdreavus|Calm Mind|p2a: Misdreavus\n|-boost|p2a: Misdreavus|spa|1\n|-boost|p2a: Misdreavus|spd|1\n|\n|upkeep\n|turn|34\n|\n|t:|1781412444\n|move|p1a: Blissey|Thunder Wave|p2a: Misdreavus\n|-fail|p2a: Misdreavus|par\n|move|p2a: Misdreavus|Calm Mind|p2a: Misdreavus\n|-boost|p2a: Misdreavus|spa|1\n|-boost|p2a: Misdreavus|spd|1\n|\n|upkeep\n|turn|35\n|\n|t:|1781412454\n|move|p1a: Blissey|Thunder Wave|p2a: Misdreavus\n|-fail|p2a: Misdreavus|par\n|move|p2a: Misdreavus|Calm Mind|p2a: Misdreavus\n|-boost|p2a: Misdreavus|spa|1\n|-boost|p2a: Misdreavus|spd|1\n|\n|upkeep\n|turn|36\n|\n|t:|1781412463\n|move|p1a: Blissey|Seismic Toss|p2a: Misdreavus\n|-immune|p2a: Misdreavus\n|cant|p2a: Misdreavus|par\n|\n|upkeep\n|turn|37\n|\n|t:|1781412473\n|move|p1a: Blissey|Seismic Toss|p2a: Misdreavus\n|-immune|p2a: Misdreavus\n|move|p2a: Misdreavus|Calm Mind|p2a: Misdreavus\n|-boost|p2a: Misdreavus|spa|0\n|-boost|p2a: Misdreavus|spd|0\n|\n|upkeep\n|turn|38\n|\n|t:|1781412485\n|move|p1a: Blissey|Thunder Wave|p2a: Misdreavus\n|-fail|p2a: Misdreavus|par\n|move|p2a: Misdreavus|Will-O-Wisp|p1a: Blissey\n|-status|p1a: Blissey|brn\n|\n|-damage|p1a: Blissey|537/572 brn|[from] brn\n|upkeep\n|turn|39\n|\n|t:|1781412495\n|move|p1a: Blissey|Heal Bell|p1a: Blissey\n|-activate|p1a: Blissey|move: Heal Bell\n|-curestatus|p1a: Blissey|brn|[msg]\n|move|p2a: Misdreavus|Draining Kiss|p1a: Blissey\n|-damage|p1a: Blissey|429/572\n|\n|-heal|p1a: Blissey|464/572|[from] item: Leftovers\n|upkeep\n|turn|40\n|\n|t:|1781412505\n|move|p1a: Blissey|Thunder Wave|p2a: Misdreavus\n|-fail|p2a: Misdreavus|par\n|move|p2a: Misdreavus|Draining Kiss|p1a: Blissey\n|-damage|p1a: Blissey|364/572\n|\n|-heal|p1a: Blissey|399/572|[from] item: Leftovers\n|upkeep\n|turn|41\n|\n|t:|1781412514\n|move|p1a: Blissey|Thunder Wave|p2a: Misdreavus\n|-fail|p2a: Misdreavus|par\n|cant|p2a: Misdreavus|par\n|\n|-heal|p1a: Blissey|434/572|[from] item: Leftovers\n|upkeep\n|turn|42\n|\n|t:|1781412523\n|move|p1a: Blissey|Thunder Wave|p2a: Misdreavus\n|-fail|p2a: Misdreavus|par\n|move|p2a: Misdreavus|Draining Kiss|p1a: Blissey\n|-damage|p1a: Blissey|329/572\n|\n|-heal|p1a: Blissey|364/572|[from] item: Leftovers\n|upkeep\n|turn|43\n|\n|t:|1781412534\n|move|p1a: Blissey|Thunder Wave|p2a: Misdreavus|[miss]\n|-miss|p1a: Blissey|p2a: Misdreavus\n|move|p2a: Misdreavus|Draining Kiss|p1a: Blissey\n|-damage|p1a: Blissey|267/572\n|\n|-heal|p1a: Blissey|302/572|[from] item: Leftovers\n|upkeep\n|turn|44\n|\n|t:|1781412543\n|move|p1a: Blissey|Thunder Wave|p2a: Misdreavus\n|-fail|p2a: Misdreavus|par\n|move|p2a: Misdreavus|Draining Kiss|p1a: Blissey\n|-damage|p1a: Blissey|189/572\n|\n|-heal|p1a: Blissey|224/572|[from] item: Leftovers\n|upkeep\n|turn|45\n|\n|t:|1781412552\n|move|p1a: Blissey|Soft-Boiled|p1a: Blissey\n|-heal|p1a: Blissey|510/572\n|cant|p2a: Misdreavus|par\n|\n|-heal|p1a: Blissey|545/572|[from] item: Leftovers\n|upkeep\n|turn|46\n|\n|t:|1781412560\n|-terastallize|p2a: Misdreavus|Fairy\n|move|p1a: Blissey|Thunder Wave|p2a: Misdreavus\n|-fail|p2a: Misdreavus|par\n|move|p2a: Misdreavus|Draining Kiss|p1a: Blissey\n|-damage|p1a: Blissey|353/572\n|\n|-heal|p1a: Blissey|388/572|[from] item: Leftovers\n|upkeep\n|turn|47\n|\n|t:|1781412570\n|move|p1a: Blissey|Seismic Toss|p2a: Misdreavus\n|-damage|p2a: Misdreavus|169/254 par\n|move|p2a: Misdreavus|Draining Kiss|p1a: Blissey\n|-damage|p1a: Blissey|189/572\n|-heal|p2a: Misdreavus|254/254 par|[from] drain|[of] p1a: Blissey\n|\n|-heal|p1a: Blissey|224/572|[from] item: Leftovers\n|upkeep\n|turn|48\n|\n|t:|1781412580\n|move|p1a: Blissey|Soft-Boiled|p1a: Blissey\n|-heal|p1a: Blissey|510/572\n|move|p2a: Misdreavus|Draining Kiss|p1a: Blissey\n|-damage|p1a: Blissey|318/572\n|\n|-heal|p1a: Blissey|353/572|[from] item: Leftovers\n|upkeep\n|turn|49\n|\n|t:|1781412589\n|move|p1a: Blissey|Seismic Toss|p2a: Misdreavus\n|-damage|p2a: Misdreavus|169/254 par\n|move|p2a: Misdreavus|Draining Kiss|p1a: Blissey\n|-damage|p1a: Blissey|160/572\n|-heal|p2a: Misdreavus|254/254 par|[from] drain|[of] p1a: Blissey\n|\n|-heal|p1a: Blissey|195/572|[from] item: Leftovers\n|upkeep\n|turn|50\n|\n|t:|1781412600\n|move|p1a: Blissey|Soft-Boiled|p1a: Blissey\n|-heal|p1a: Blissey|481/572\n|move|p2a: Misdreavus|Will-O-Wisp|p1a: Blissey|[miss]\n|-miss|p2a: Misdreavus|p1a: Blissey\n|\n|-heal|p1a: Blissey|516/572|[from] item: Leftovers\n|upkeep\n|turn|51\n|\n|t:|1781412609\n|move|p1a: Blissey|Seismic Toss|p2a: Misdreavus\n|-damage|p2a: Misdreavus|169/254 par\n|move|p2a: Misdreavus|Will-O-Wisp|p1a: Blissey\n|-status|p1a: Blissey|brn\n|\n|-heal|p1a: Blissey|551/572 brn|[from] item: Leftovers\n|-damage|p1a: Blissey|516/572 brn|[from] brn\n|upkeep\n|turn|52\n|\n|t:|1781412619\n|move|p1a: Blissey|Heal Bell|p1a: Blissey\n|-activate|p1a: Blissey|move: Heal Bell\n|-curestatus|p1a: Blissey|brn|[msg]\n|move|p2a: Misdreavus|Draining Kiss|p1a: Blissey\n|-damage|p1a: Blissey|336/572\n|-heal|p2a: Misdreavus|254/254 par|[from] drain|[of] p1a: Blissey\n|\n|-heal|p1a: Blissey|371/572|[from] item: Leftovers\n|upkeep\n|turn|53\n|\n|t:|1781412635\n|move|p1a: Blissey|Thunder Wave|p2a: Misdreavus\n|-fail|p2a: Misdreavus|par\n|move|p2a: Misdreavus|Will-O-Wisp|p1a: Blissey\n|-status|p1a: Blissey|brn\n|\n|-heal|p1a: Blissey|406/572 brn|[from] item: Leftovers\n|-damage|p1a: Blissey|371/572 brn|[from] brn\n|upkeep\n|turn|54\n|\n|t:|1781412645\n|move|p1a: Blissey|Heal Bell|p1a: Blissey\n|-activate|p1a: Blissey|move: Heal Bell\n|-curestatus|p1a: Blissey|brn|[msg]\n|move|p2a: Misdreavus|Will-O-Wisp|p1a: Blissey\n|-status|p1a: Blissey|brn\n|\n|-heal|p1a: Blissey|406/572 brn|[from] item: Leftovers\n|-damage|p1a: Blissey|371/572 brn|[from] brn\n|upkeep\n|turn|55\n|\n|t:|1781412656\n|move|p1a: Blissey|Heal Bell|p1a: Blissey\n|-activate|p1a: Blissey|move: Heal Bell\n|-curestatus|p1a: Blissey|brn|[msg]\n|move|p2a: Misdreavus|Will-O-Wisp|p1a: Blissey\n|-status|p1a: Blissey|brn\n|\n|-heal|p1a: Blissey|406/572 brn|[from] item: Leftovers\n|-damage|p1a: Blissey|371/572 brn|[from] brn\n|upkeep\n|turn|56\n|\n|t:|1781412667\n|move|p1a: Blissey|Heal Bell|p1a: Blissey\n|-activate|p1a: Blissey|move: Heal Bell\n|-curestatus|p1a: Blissey|brn|[msg]\n|cant|p2a: Misdreavus|par\n|\n|-heal|p1a: Blissey|406/572|[from] item: Leftovers\n|upkeep\n|turn|57\n|\n|t:|1781412678\n|move|p1a: Blissey|Seismic Toss|p2a: Misdreavus\n|-damage|p2a: Misdreavus|169/254 par\n|move|p2a: Misdreavus|Will-O-Wisp|p1a: Blissey\n|-status|p1a: Blissey|brn\n|\n|-heal|p1a: Blissey|441/572 brn|[from] item: Leftovers\n|-damage|p1a: Blissey|406/572 brn|[from] brn\n|upkeep\n|turn|58\n|\n|t:|1781412689\n|move|p1a: Blissey|Seismic Toss|p2a: Misdreavus\n|-damage|p2a: Misdreavus|84/254 par\n|move|p2a: Misdreavus|Draining Kiss|p1a: Blissey\n|-damage|p1a: Blissey|231/572 brn\n|-heal|p2a: Misdreavus|215/254 par|[from] drain|[of] p1a: Blissey\n|\n|-heal|p1a: Blissey|266/572 brn|[from] item: Leftovers\n|-damage|p1a: Blissey|231/572 brn|[from] brn\n|upkeep\n|turn|59\n|\n|t:|1781412700\n|move|p1a: Blissey|Soft-Boiled|p1a: Blissey\n|-heal|p1a: Blissey|517/572 brn\n|cant|p2a: Misdreavus|par\n|\n|-heal|p1a: Blissey|552/572 brn|[from] item: Leftovers\n|-damage|p1a: Blissey|517/572 brn|[from] brn\n|upkeep\n|turn|60\n|\n|t:|1781412709\n|move|p1a: Blissey|Seismic Toss|p2a: Misdreavus\n|-damage|p2a: Misdreavus|130/254 par\n|move|p2a: Misdreavus|Draining Kiss|p1a: Blissey\n|-damage|p1a: Blissey|346/572 brn\n|-heal|p2a: Misdreavus|254/254 par|[from] drain|[of] p1a: Blissey\n|\n|-heal|p1a: Blissey|381/572 brn|[from] item: Leftovers\n|-damage|p1a: Blissey|346/572 brn|[from] brn\n|upkeep\n|turn|61\n|\n|t:|1781412722\n|move|p1a: Blissey|Thunder Wave|p2a: Misdreavus\n|-fail|p2a: Misdreavus|par\n|move|p2a: Misdreavus|Draining Kiss|p1a: Blissey\n|-damage|p1a: Blissey|171/572 brn\n|\n|-heal|p1a: Blissey|206/572 brn|[from] item: Leftovers\n|-damage|p1a: Blissey|171/572 brn|[from] brn\n|upkeep\n|turn|62\n|\n|t:|1781412732\n|move|p1a: Blissey|Soft-Boiled|p1a: Blissey\n|-heal|p1a: Blissey|457/572 brn\n|move|p2a: Misdreavus|Draining Kiss|p1a: Blissey\n|-damage|p1a: Blissey|264/572 brn\n|\n|-heal|p1a: Blissey|299/572 brn|[from] item: Leftovers\n|-damage|p1a: Blissey|264/572 brn|[from] brn\n|upkeep\n|turn|63\n|\n|t:|1781412741\n|move|p1a: Blissey|Soft-Boiled|p1a: Blissey\n|-heal|p1a: Blissey|550/572 brn\n|move|p2a: Misdreavus|Draining Kiss|p1a: Blissey\n|-damage|p1a: Blissey|358/572 brn\n|\n|-heal|p1a: Blissey|393/572 brn|[from] item: Leftovers\n|-damage|p1a: Blissey|358/572 brn|[from] brn\n|upkeep\n|turn|64\n|\n|t:|1781412751\n|move|p1a: Blissey|Seismic Toss|p2a: Misdreavus\n|-damage|p2a: Misdreavus|169/254 par\n|move|p2a: Misdreavus|Shadow Ball|p1a: Blissey\n|-immune|p1a: Blissey\n|\n|-heal|p1a: Blissey|393/572 brn|[from] item: Leftovers\n|-damage|p1a: Blissey|358/572 brn|[from] brn\n|upkeep\n|turn|65\n|\n|t:|1781412761\n|move|p1a: Blissey|Seismic Toss|p2a: Misdreavus\n|-damage|p2a: Misdreavus|84/254 par\n|cant|p2a: Misdreavus|par\n|\n|-heal|p1a: Blissey|393/572 brn|[from] item: Leftovers\n|-damage|p1a: Blissey|358/572 brn|[from] brn\n|upkeep\n|turn|66\n|\n|t:|1781412776\n|move|p1a: Blissey|Seismic Toss|p2a: Misdreavus\n|-damage|p2a: Misdreavus|0 fnt\n|faint|p2a: Misdreavus\n|\n|-heal|p1a: Blissey|393/572 brn|[from] item: Leftovers\n|-damage|p1a: Blissey|358/572 brn|[from] brn\n|upkeep\n|\n|t:|1781412785\n|switch|p2a: Espeon|Espeon, L84, F|182/246\n|turn|67\n|\n|t:|1781412797\n|move|p2a: Espeon|Psychic|p1a: Blissey\n|-damage|p1a: Blissey|237/572 brn\n|move|p1a: Blissey|Thunder Wave|p2a: Espeon\n|move|p2a: Espeon|Thunder Wave|p1a: Blissey|[from] ability: Magic Bounce|[miss]\n|-miss|p2a: Espeon|p1a: Blissey\n|\n|-heal|p1a: Blissey|272/572 brn|[from] item: Leftovers\n|-damage|p1a: Blissey|237/572 brn|[from] brn\n|upkeep\n|turn|68\n|\n|t:|1781412811\n|move|p2a: Espeon|Psychic|p1a: Blissey\n|-damage|p1a: Blissey|119/572 brn\n|move|p1a: Blissey|Soft-Boiled|p1a: Blissey\n|-heal|p1a: Blissey|405/572 brn\n|\n|-heal|p1a: Blissey|440/572 brn|[from] item: Leftovers\n|-damage|p1a: Blissey|405/572 brn|[from] brn\n|upkeep\n|turn|69\n|\n|t:|1781412820\n|move|p2a: Espeon|Psychic|p1a: Blissey\n|-damage|p1a: Blissey|288/572 brn\n|move|p1a: Blissey|Seismic Toss|p2a: Espeon\n|-damage|p2a: Espeon|97/246\n|\n|-heal|p1a: Blissey|323/572 brn|[from] item: Leftovers\n|-damage|p1a: Blissey|288/572 brn|[from] brn\n|upkeep\n|turn|70\n|\n|t:|1781412830\n|move|p2a: Espeon|Psychic|p1a: Blissey\n|-damage|p1a: Blissey|167/572 brn\n|move|p1a: Blissey|Seismic Toss|p2a: Espeon\n|-damage|p2a: Espeon|12/246\n|\n|-heal|p1a: Blissey|202/572 brn|[from] item: Leftovers\n|-damage|p1a: Blissey|167/572 brn|[from] brn\n|upkeep\n|turn|71\n|\n|t:|1781412840\n|move|p2a: Espeon|Psychic|p1a: Blissey\n|-crit|p1a: Blissey\n|-damage|p1a: Blissey|0 fnt\n|faint|p1a: Blissey\n|\n|win|dalmaler\n|raw|fangji's rating: 1045 &rarr; <strong>1027</strong><br />(-18 for losing)\n|raw|dalmaler's rating: 1026 &rarr; <strong>1064</strong><br />(+38 for winning)\n|l|\u2606dalmaler\n|player|p2|\n", "inputlog": ">version a8376a258c1d4662feba110a92103f3664a72141\n>start {\"formatid\":\"gen9randombattle\",\"seed\":\"sodium,7088ffa80fffd2566a0b44ecd2c65947\",\"rated\":\"Rated battle\"}\n>player p1 {\"name\":\"fangji\",\"avatar\":\"2\",\"rating\":1045,\"seed\":\"sodium,a6a4e67d216d103de54ed2a4a1d31026\"}\n>player p2 {\"name\":\"dalmaler\",\"avatar\":\"lucas\",\"rating\":1026,\"seed\":\"sodium,bc77dae71b2a69024e1f9fc1756b649e\"}\n>p1 move earthquake\n>p2 move nastyplot\n>p2 switch 6\n>p1 move supercellslam\n>p2 move sleeppowder\n>p2 switch 2\n>p1 move icepunch\n>p2 move stealthrock\n>p1 move bulkup\n>p2 move earthquake\n>p1 move icepunch\n>p2 move icebeam\n>p1 switch 4\n>p1 move recover\n>p2 move knockoff\n>p1 move icebeam\n>p2 move earthquake\n>p1 move icebeam\n>p2 move earthquake\n>p2 switch 5\n>p1 move recover\n>p2 move irondefense\n>p1 move discharge\n>p2 move bodypress\n>p1 switch 6\n>p1 move strengthsap\n>p2 move thunderwave\n>p1 move shadowball\n>p2 move ironhead\n>p1 move strengthsap\n>p2 move ironhead\n>p1 move shadowball\n>p2 move irondefense\n>p1 move shadowball\n>p2 move ironhead\n>p1 switch 3\n>p1 move thunderbolt\n>p2 move bodypress\n>p1 move thunderbolt\n>p2 move bodypress\n>p1 switch 2\n>p1 move psychic\n>p2 move thunderwave\n>p2 switch 4\n>p1 move psychic\n>p2 move shadowball\n>p1 switch 5\n>p1 move thunderwave\n>p2 switch 3\n>p1 move seismictoss\n>p2 move willowisp\n>p1 move seismictoss\n>p2 move willowisp\n>p1 move seismictoss\n>p2 move willowisp\n>p1 move seismictoss\n>p2 move willowisp\n>p1 move healbell\n>p2 move calmmind\n>p1 move seismictoss\n>p2 move willowisp\n>p1 move seismictoss\n>p2 move willowisp\n>p1 move healbell\n>p2 move calmmind\n>p1 move softboiled\n>p2 move willowisp\n>p1 move healbell\n>p2 move drainingkiss\n>p1 move thunderwave\n>p2 move calmmind\n>p1 move seismictoss\n>p2 move calmmind\n>p1 move seismictoss\n>p2 move calmmind\n>p1 move thunderwave\n>p2 move calmmind\n>p1 move thunderwave\n>p2 move calmmind\n>p1 move seismictoss\n>p2 move calmmind\n>p1 move seismictoss\n>p2 move calmmind\n>p1 move thunderwave\n>p2 move willowisp\n>p1 move healbell\n>p2 move drainingkiss\n>p1 move thunderwave\n>p2 move drainingkiss\n>p1 move thunderwave\n>p2 move drainingkiss\n>p1 move thunderwave\n>p2 move drainingkiss\n>p1 move thunderwave\n>p2 move drainingkiss\n>p1 move thunderwave\n>p2 move drainingkiss\n>p1 move softboiled\n>p2 move drainingkiss\n>p1 move thunderwave\n>p2 move drainingkiss terastallize\n>p1 move seismictoss\n>p2 move drainingkiss\n>p1 move softboiled\n>p2 move drainingkiss\n>p1 move seismictoss\n>p2 move drainingkiss\n>p1 move softboiled\n>p2 move willowisp\n>p1 move seismictoss\n>p2 move willowisp\n>p1 move healbell\n>p2 move drainingkiss\n>p1 move thunderwave\n>p2 move willowisp\n>p1 move healbell\n>p2 move willowisp\n>p1 move healbell\n>p2 move willowisp\n>p1 move healbell\n>p2 move willowisp\n>p1 move seismictoss\n>p2 move willowisp\n>p1 move seismictoss\n>p2 move drainingkiss\n>p1 move softboiled\n>p2 move drainingkiss\n>p1 move seismictoss\n>p2 move drainingkiss\n>p1 move thunderwave\n>p2 move drainingkiss\n>p1 move softboiled\n>p2 move drainingkiss\n>p1 move softboiled\n>p2 move drainingkiss\n>p1 move seismictoss\n>p2 move shadowball\n>p1 move seismictoss\n>p2 move shadowball\n>p1 move seismictoss\n>p2 move shadowball\n>p2 switch 3\n>p1 move thunderwave\n>p2 move psychic\n>p1 move softboiled\n>p2 move psychic\n>p1 move seismictoss\n>p2 move psychic\n>p1 move seismictoss\n>p2 move psychic\n>p1 move seismictoss\n>p2 move psychic", "uploadtime": 1781412858, "views": 9, "formatid": "gen9randombattle", "rating": 1027, "private": 0, "password": null}