{"id": "gen9randombattle-2631482843", "format": "[Gen 9] Random Battle", "players": ["bed burglar", "catlib"], "log": "|j|\u2606bed burglar\n|j|\u2606catlib\n|t:|1781390609\n|gametype|singles\n|player|p1|bed burglar|1|1950\n|player|p2|catlib|birdkeeper|1959\n|gen|9\n|tier|[Gen 9] Random Battle\n|rated|\n|rule|Species Clause: Limit one of each Pok\u00e9mon\n|rule|HP Percentage Mod: HP is shown in percentages\n|rule|Sleep Clause Mod: Limit one foe put to sleep\n|rule|Illusion Level Mod: Illusion disguises the Pok\u00e9mon's true level\n|\n|t:|1781390609\n|teamsize|p1|6\n|teamsize|p2|6\n|start\n|switch|p1a: Mienshao|Mienshao, L83, M|244/244\n|switch|p2a: Inteleon|Inteleon, L81, M|246/246\n|turn|1\n|inactive|Battle timer is ON: inactive players will automatically lose when time's up. (requested by bed burglar)\n|\n|t:|1781390618\n|move|p1a: Mienshao|Fake Out|p2a: Inteleon\n|-damage|p2a: Inteleon|202/246\n|cant|p2a: Inteleon|flinch\n|\n|upkeep\n|turn|2\n|\n|t:|1781390623\n|move|p2a: Inteleon|U-turn|p1a: Mienshao\n|-resisted|p1a: Mienshao\n|-damage|p1a: Mienshao|218/244\n|\n|t:|1781390638\n|switch|p2a: Gothitelle|Gothitelle, L90, F|272/272|[from] U-turn\n|move|p1a: Mienshao|Close Combat|p2a: Gothitelle\n|-resisted|p2a: Gothitelle\n|-damage|p2a: Gothitelle|203/272\n|-unboost|p1a: Mienshao|def|1\n|-unboost|p1a: Mienshao|spd|1\n|\n|upkeep\n|turn|3\n|\n|t:|1781390643\n|move|p2a: Gothitelle|Psychic|p1a: Mienshao\n|-supereffective|p1a: Mienshao\n|-damage|p1a: Mienshao|0 fnt\n|faint|p1a: Mienshao\n|\n|upkeep\n|\n|t:|1781390649\n|switch|p1a: Rhydon|Rhydon, L85, F|317/317\n|turn|4\n|\n|t:|1781390669\n|switch|p2a: Keldeo|Keldeo-Resolute, L79|273/273\n|move|p1a: Rhydon|Stealth Rock|p2a: Keldeo\n|-sidestart|p2: catlib|move: Stealth Rock\n|\n|upkeep\n|turn|5\n|\n|t:|1781390679\n|switch|p1a: Lumineon|Lumineon, L93, M|279/279\n|move|p2a: Keldeo|Hydro Pump|p1a: Lumineon\n|-ability|p1a: Lumineon|Storm Drain|boost\n|-boost|p1a: Lumineon|spa|1\n|\n|upkeep\n|turn|6\n|\n|t:|1781390699\n|switch|p2a: Farigiraf|Farigiraf, L90, M|362/362\n|-damage|p2a: Farigiraf|317/362|[from] Stealth Rock\n|move|p1a: Lumineon|U-turn|p2a: Farigiraf\n|-supereffective|p2a: Farigiraf\n|-damage|p2a: Farigiraf|213/362\n|\n|t:|1781390706\n|switch|p1a: Rhydon|Rhydon, L85, F|317/317|[from] U-turn\n|\n|-heal|p2a: Farigiraf|235/362|[from] item: Leftovers\n|upkeep\n|turn|7\n|\n|t:|1781390717\n|move|p2a: Farigiraf|Protect|p2a: Farigiraf\n|-singleturn|p2a: Farigiraf|Protect\n|move|p1a: Rhydon|Megahorn|p2a: Farigiraf\n|-activate|p2a: Farigiraf|move: Protect\n|\n|-heal|p2a: Farigiraf|257/362|[from] item: Leftovers\n|upkeep\n|turn|8\n|\n|t:|1781390728\n|switch|p2a: Keldeo|Keldeo-Resolute, L79|273/273\n|-damage|p2a: Keldeo|256/273|[from] Stealth Rock\n|move|p1a: Rhydon|Megahorn|p2a: Keldeo\n|-resisted|p2a: Keldeo\n|-damage|p2a: Keldeo|197/273\n|\n|upkeep\n|turn|9\n|\n|t:|1781390733\n|switch|p1a: Granbull|Granbull, L88, F|302/302\n|-ability|p1a: Granbull|Intimidate|boost\n|-unboost|p2a: Keldeo|atk|1\n|move|p2a: Keldeo|Secret Sword|p1a: Granbull\n|-resisted|p1a: Granbull\n|-damage|p1a: Granbull|217/302\n|\n|-heal|p1a: Granbull|235/302|[from] item: Leftovers\n|upkeep\n|turn|10\n|\n|t:|1781390751\n|switch|p2a: Farigiraf|Farigiraf, L90, M|257/362\n|-damage|p2a: Farigiraf|212/362|[from] Stealth Rock\n|move|p1a: Granbull|Thunder Wave|p2a: Farigiraf\n|-status|p2a: Farigiraf|par\n|\n|-heal|p1a: Granbull|253/302|[from] item: Leftovers\n|-heal|p2a: Farigiraf|234/362 par|[from] item: Leftovers\n|upkeep\n|turn|11\n|\n|t:|1781390756\n|switch|p1a: Rhydon|Rhydon, L85, F|317/317\n|move|p2a: Farigiraf|Wish|p2a: Farigiraf\n|\n|-heal|p2a: Farigiraf|256/362 par|[from] item: Leftovers\n|upkeep\n|turn|12\n|\n|t:|1781390761\n|switch|p2a: Keldeo|Keldeo-Resolute, L79|197/273\n|-damage|p2a: Keldeo|180/273|[from] Stealth Rock\n|move|p1a: Rhydon|Earthquake|p2a: Keldeo\n|-damage|p2a: Keldeo|44/273\n|\n|-heal|p2a: Keldeo|225/273|[from] move: Wish|[wisher] Farigiraf\n|upkeep\n|turn|13\n|\n|t:|1781390769\n|switch|p1a: Lumineon|Lumineon, L93, M|279/279\n|move|p2a: Keldeo|Hydro Pump|p1a: Lumineon\n|-ability|p1a: Lumineon|Storm Drain|boost\n|-boost|p1a: Lumineon|spa|1\n|\n|upkeep\n|turn|14\n|\n|t:|1781390772\n|switch|p2a: Farigiraf|Farigiraf, L90, M|256/362 par\n|-damage|p2a: Farigiraf|211/362 par|[from] Stealth Rock\n|move|p1a: Lumineon|Hydro Pump|p2a: Farigiraf\n|-damage|p2a: Farigiraf|15/362 par\n|\n|-heal|p2a: Farigiraf|37/362 par|[from] item: Leftovers\n|upkeep\n|turn|15\n|\n|t:|1781390775\n|move|p1a: Lumineon|U-turn|p2a: Farigiraf\n|-supereffective|p2a: Farigiraf\n|-damage|p2a: Farigiraf|0 fnt\n|faint|p2a: Farigiraf\n|\n|t:|1781390778\n|switch|p1a: Granbull|Granbull, L88, F|253/302|[from] U-turn\n|\n|-heal|p1a: Granbull|271/302|[from] item: Leftovers\n|upkeep\n|\n|t:|1781390808\n|switch|p2a: Inteleon|Inteleon, L81, M|202/246\n|-damage|p2a: Inteleon|172/246|[from] Stealth Rock\n|turn|16\n|\n|t:|1781390812\n|move|p2a: Inteleon|Scald|p1a: Granbull\n|-damage|p1a: Granbull|91/302\n|move|p1a: Granbull|Thunder Wave|p2a: Inteleon|[miss]\n|-miss|p1a: Granbull|p2a: Inteleon\n|\n|-heal|p1a: Granbull|109/302|[from] item: Leftovers\n|upkeep\n|turn|17\n|\n|t:|1781390817\n|switch|p1a: Lumineon|Lumineon, L93, M|279/279\n|move|p2a: Inteleon|Scald|p1a: Lumineon\n|-ability|p1a: Lumineon|Storm Drain|boost\n|-boost|p1a: Lumineon|spa|1\n|\n|upkeep\n|turn|18\n|\n|t:|1781390822\n|switch|p2a: Volbeat|Volbeat, L90, M|263/263\n|move|p1a: Lumineon|U-turn|p2a: Volbeat\n|-damage|p2a: Volbeat|216/263\n|\n|t:|1781390825\n|switch|p1a: Rhydon|Rhydon, L85, F|317/317|[from] U-turn\n|\n|upkeep\n|turn|19\n|\n|t:|1781390829\n|move|p2a: Volbeat|U-turn|p1a: Rhydon\n|-damage|p1a: Rhydon|281/317\n|\n|t:|1781390845\n|switch|p2a: Keldeo|Keldeo-Resolute, L79|225/273|[from] U-turn\n|-damage|p2a: Keldeo|208/273|[from] Stealth Rock\n|move|p1a: Rhydon|Stone Edge|p2a: Keldeo\n|-resisted|p2a: Keldeo\n|-damage|p2a: Keldeo|137/273\n|\n|upkeep\n|turn|20\n|\n|t:|1781390855\n|switch|p1a: Lumineon|Lumineon, L93, M|279/279\n|move|p2a: Keldeo|Secret Sword|p1a: Lumineon\n|-damage|p1a: Lumineon|116/279\n|\n|upkeep\n|turn|21\n|\n|t:|1781390864\n|switch|p1a: Trevenant|Trevenant, L89, F|296/296\n|move|p2a: Keldeo|Secret Sword|p1a: Trevenant\n|-immune|p1a: Trevenant\n|\n|upkeep\n|turn|22\n|\n|t:|1781390872\n|switch|p2a: Wo-Chien|Wo-Chien, L83|277/277\n|-damage|p2a: Wo-Chien|243/277|[from] Stealth Rock\n|-ability|p2a: Wo-Chien|Tablets of Ruin\n|move|p1a: Trevenant|Poltergeist|p2a: Wo-Chien\n|-activate|p2a: Wo-Chien|move: Poltergeist|Leftovers\n|-resisted|p2a: Wo-Chien\n|-damage|p2a: Wo-Chien|177/277\n|-damage|p1a: Trevenant|267/296|[from] item: Life Orb\n|\n|-heal|p2a: Wo-Chien|194/277|[from] item: Leftovers\n|upkeep\n|turn|23\n|\n|t:|1781390878\n|move|p2a: Wo-Chien|Knock Off|p1a: Trevenant\n|-supereffective|p1a: Trevenant\n|-crit|p1a: Trevenant\n|-damage|p1a: Trevenant|0 fnt\n|-enditem|p1a: Trevenant|Life Orb|[from] move: Knock Off|[of] p2a: Wo-Chien\n|faint|p1a: Trevenant\n|\n|-heal|p2a: Wo-Chien|211/277|[from] item: Leftovers\n|upkeep\n|\n|t:|1781390885\n|switch|p1a: Granbull|Granbull, L88, F|109/302\n|-ability|p1a: Granbull|Intimidate|boost\n|-unboost|p2a: Wo-Chien|atk|1\n|turn|24\n|\n|t:|1781390896\n|-terastallize|p2a: Wo-Chien|Poison\n|move|p2a: Wo-Chien|Leech Seed|p1a: Granbull\n|-start|p1a: Granbull|move: Leech Seed\n|move|p1a: Granbull|Thunder Wave|p2a: Wo-Chien\n|-status|p2a: Wo-Chien|par\n|\n|-heal|p1a: Granbull|127/302|[from] item: Leftovers\n|-heal|p2a: Wo-Chien|228/277 par|[from] item: Leftovers\n|-damage|p1a: Granbull|90/302|[from] Leech Seed|[of] p2a: Wo-Chien\n|-heal|p2a: Wo-Chien|265/277 par|[silent]\n|upkeep\n|turn|25\n|\n|t:|1781390901\n|switch|p1a: Rhydon|Rhydon, L85, F|281/317\n|move|p2a: Wo-Chien|Protect||[still]\n|-fail|p2a: Wo-Chien\n|\n|-heal|p2a: Wo-Chien|277/277 par|[from] item: Leftovers\n|upkeep\n|turn|26\n|\n|t:|1781390905\n|move|p1a: Rhydon|Earthquake|p2a: Wo-Chien\n|-supereffective|p2a: Wo-Chien\n|-damage|p2a: Wo-Chien|89/277 par\n|cant|p2a: Wo-Chien|par\n|\n|-heal|p2a: Wo-Chien|106/277 par|[from] item: Leftovers\n|upkeep\n|turn|27\n|\n|t:|1781390909\n|move|p1a: Rhydon|Earthquake|p2a: Wo-Chien\n|-supereffective|p2a: Wo-Chien\n|-damage|p2a: Wo-Chien|0 fnt\n|faint|p2a: Wo-Chien\n|\n|upkeep\n|\n|t:|1781390929\n|switch|p2a: Inteleon|Inteleon, L81, M|172/246\n|-damage|p2a: Inteleon|142/246|[from] Stealth Rock\n|turn|28\n|\n|t:|1781390934\n|switch|p1a: Lumineon|Lumineon, L93, M|116/279\n|move|p2a: Inteleon|U-turn|p1a: Lumineon\n|-damage|p1a: Lumineon|77/279\n|\n|t:|1781390940\n|switch|p2a: Gothitelle|Gothitelle, L90, F|203/272|[from] U-turn\n|-damage|p2a: Gothitelle|169/272|[from] Stealth Rock\n|\n|upkeep\n|turn|29\n|\n|t:|1781390944\n|move|p2a: Gothitelle|Psychic|p1a: Lumineon\n|-damage|p1a: Lumineon|0 fnt\n|faint|p1a: Lumineon\n|\n|upkeep\n|\n|t:|1781390951\n|switch|p1a: Rhydon|Rhydon, L85, F|281/317\n|turn|30\n|\n|t:|1781390957\n|switch|p2a: Volbeat|Volbeat, L90, M|216/263\n|move|p1a: Rhydon|Earthquake|p2a: Volbeat\n|-resisted|p2a: Volbeat\n|-damage|p2a: Volbeat|144/263\n|\n|upkeep\n|turn|31\n|\n|t:|1781390961\n|switch|p1a: Granbull|Granbull, L88, F|90/302\n|-ability|p1a: Granbull|Intimidate|boost\n|-unboost|p2a: Volbeat|atk|1\n|move|p2a: Volbeat|Encore||[still]\n|-fail|p2a: Volbeat\n|\n|-heal|p1a: Granbull|108/302|[from] item: Leftovers\n|upkeep\n|turn|32\n|\n|t:|1781390964\n|move|p2a: Volbeat|Roost|p2a: Volbeat\n|-heal|p2a: Volbeat|263/263\n|-singleturn|p2a: Volbeat|move: Roost\n|move|p1a: Granbull|Thunder Wave|p2a: Volbeat|[miss]\n|-miss|p1a: Granbull|p2a: Volbeat\n|\n|-heal|p1a: Granbull|126/302|[from] item: Leftovers\n|upkeep\n|turn|33\n|\n|t:|1781390973\n|move|p2a: Volbeat|Encore|p1a: Granbull\n|-start|p1a: Granbull|Encore\n|move|p1a: Granbull|Thunder Wave|p2a: Volbeat\n|-status|p2a: Volbeat|par\n|\n|-heal|p1a: Granbull|144/302|[from] item: Leftovers\n|upkeep\n|turn|34\n|\n|t:|1781390976\n|switch|p1a: Rhydon|Rhydon, L85, F|281/317\n|switch|p2a: Gothitelle|Gothitelle, L90, F|169/272\n|-damage|p2a: Gothitelle|135/272|[from] Stealth Rock\n|\n|upkeep\n|turn|35\n|\n|t:|1781390980\n|move|p2a: Gothitelle|Focus Blast|p1a: Rhydon\n|-supereffective|p1a: Rhydon\n|-damage|p1a: Rhydon|73/317\n|-unboost|p1a: Rhydon|spd|1\n|move|p1a: Rhydon|Earthquake|p2a: Gothitelle\n|-damage|p2a: Gothitelle|3/272\n|\n|upkeep\n|turn|36\n|\n|t:|1781390986\n|move|p2a: Gothitelle|Focus Blast|p1a: Rhydon\n|-supereffective|p1a: Rhydon\n|-damage|p1a: Rhydon|0 fnt\n|faint|p1a: Rhydon\n|\n|upkeep\n|\n|t:|1781390997\n|switch|p1a: Granbull|Granbull, L88, F|144/302\n|-ability|p1a: Granbull|Intimidate|boost\n|-unboost|p2a: Gothitelle|atk|1\n|turn|37\n|\n|t:|1781391000\n|move|p2a: Gothitelle|Focus Blast|p1a: Granbull|[miss]\n|-miss|p2a: Gothitelle|p1a: Granbull\n|move|p1a: Granbull|Play Rough|p2a: Gothitelle\n|-damage|p2a: Gothitelle|0 fnt\n|faint|p2a: Gothitelle\n|\n|-heal|p1a: Granbull|162/302|[from] item: Leftovers\n|upkeep\n|\n|t:|1781391009\n|switch|p2a: Inteleon|Inteleon, L81, M|142/246\n|-damage|p2a: Inteleon|112/246|[from] Stealth Rock\n|turn|38\n|\n|t:|1781391015\n|move|p2a: Inteleon|Scald|p1a: Granbull\n|-damage|p1a: Granbull|0 fnt\n|faint|p1a: Granbull\n|\n|upkeep\n|\n|t:|1781391017\n|switch|p1a: Gouging Fire|Gouging Fire, L74|277/277\n|turn|39\n|\n|t:|1781391022\n|move|p2a: Inteleon|Scald|p1a: Gouging Fire\n|-damage|p1a: Gouging Fire|117/277\n|move|p1a: Gouging Fire|Heat Crash|p2a: Inteleon\n|-resisted|p2a: Inteleon\n|-damage|p2a: Inteleon|43/246\n|\n|upkeep\n|turn|40\n|\n|t:|1781391026\n|move|p2a: Inteleon|Scald|p1a: Gouging Fire\n|-damage|p1a: Gouging Fire|0 fnt\n|faint|p1a: Gouging Fire\n|-end|p1a: Gouging Fire|Protosynthesis|[silent]\n|\n|win|catlib\n", "inputlog": ">version a8376a258c1d4662feba110a92103f3664a72141\n>start {\"formatid\":\"gen9randombattle\",\"seed\":\"sodium,3711b0685dd387c9371db007716f0127\",\"rated\":\"Rated battle\"}\n>player p1 {\"name\":\"bed burglar\",\"avatar\":\"1\",\"rating\":1950,\"seed\":\"sodium,7466bf7659b54731ba7508ca65448032\"}\n>player p2 {\"name\":\"catlib\",\"avatar\":\"birdkeeper\",\"rating\":1959,\"seed\":\"sodium,db51692c91cef72781a6675b88e520ee\"}\n>p1 move fakeout\n>p2 move hydropump\n>p1 move closecombat\n>p2 move uturn\n>p2 switch 6\n>p1 move uturn\n>p2 move psychic\n>p1 switch 3\n>p1 move stealthrock\n>p2 switch 5\n>p1 switch 4\n>p2 move hydropump\n>p1 move uturn\n>p2 switch 4\n>p1 switch 4\n>p1 move megahorn\n>p2 move protect\n>p1 move megahorn\n>p2 switch 4\n>p1 switch 5\n>p2 move secretsword\n>p1 move thunderwave\n>p2 switch 4\n>p1 switch 5\n>p2 move wish\n>p1 move earthquake\n>p2 switch 4\n>p1 switch 4\n>p2 move hydropump\n>p1 move hydropump\n>p2 switch 4\n>p1 move uturn\n>p2 move bodyslam\n>p1 switch 5\n>p2 switch 6\n>p1 move thunderwave\n>p2 move scald\n>p1 switch 5\n>p2 move scald\n>p1 move uturn\n>p2 switch 2\n>p1 switch 4\n>p1 move stoneedge\n>p2 move uturn\n>p2 switch 4\n>p1 switch 4\n>p2 move secretsword\n>p1 switch 2\n>p2 move secretsword\n>p1 move poltergeist\n>p2 switch 3\n>p1 move willowisp\n>p2 move knockoff\n>p1 switch 5\n>p1 move thunderwave\n>p2 move leechseed terastallize\n>p1 switch 4\n>p2 move protect\n>p1 move earthquake\n>p2 move leechseed\n>p1 move earthquake\n>p2 move leechseed\n>p2 switch 2\n>p1 switch 2\n>p2 move uturn\n>p2 switch 5\n>p1 move uturn\n>p2 move psychic\n>p1 switch 2\n>p1 move earthquake\n>p2 switch 4\n>p1 switch 4\n>p2 move encore\n>p1 move thunderwave\n>p2 move roost\n>p1 move thunderwave\n>p2 move encore\n>p1 switch 4\n>p2 switch 4\n>p1 move earthquake\n>p2 move focusblast\n>p1 move earthquake\n>p2 move focusblast\n>p1 switch 4\n>p1 move playrough\n>p2 move focusblast\n>p2 switch 5\n>p1 move thunderwave\n>p2 move scald\n>p1 switch 6\n>p1 move heatcrash\n>p2 move scald\n>p1 move heatcrash\n>p2 move scald", "uploadtime": 1781390612, "views": 4, "formatid": "gen9randombattle", "rating": null, "private": 0, "password": null}