{"id": "gen9randombattle-2631425136", "format": "[Gen 9] Random Battle", "players": ["ReyRai", "gom1t4"], "log": "|j|\u2606ReyRai\n|j|\u2606gom1t4\n|t:|1781383068\n|gametype|singles\n|player|p1|ReyRai|102|\n|player|p2|gom1t4|102|\n|gen|9\n|tier|[Gen 9] Random Battle\n|rule|Species Clause: Limit one of each Pok\u00e9mon\n|rule|HP Percentage Mod: HP is shown in percentages\n|rule|Sleep Clause Mod: Limit one foe put to sleep\n|rule|Illusion Level Mod: Illusion disguises the Pok\u00e9mon's true level\n|\n|t:|1781383068\n|teamsize|p1|6\n|teamsize|p2|6\n|start\n|switch|p1a: Slowking|Slowking, L88, F|310/310\n|switch|p2a: Polteageist|Polteageist, L78|222/222\n|turn|1\n|\n|t:|1781383119\n|switch|p1a: Dragapult|Dragapult, L77, M|262/262\n|move|p2a: Polteageist|Strength Sap|p1a: Dragapult\n|-unboost|p1a: Dragapult|atk|1\n|\n|upkeep\n|turn|2\n|\n|t:|1781383148\n|move|p1a: Dragapult|Hex|p2a: Polteageist\n|-supereffective|p2a: Polteageist\n|-damage|p2a: Polteageist|108/222\n|move|p2a: Polteageist|Stored Power|p1a: Dragapult\n|-damage|p1a: Dragapult|243/262\n|\n|upkeep\n|turn|3\n|\n|t:|1781383164\n|switch|p2a: Kingdra|Kingdra, L84, M|263/263\n|move|p1a: Dragapult|Hex|p2a: Kingdra\n|-damage|p2a: Kingdra|211/263\n|\n|upkeep\n|turn|4\n|\n|t:|1781383180\n|move|p1a: Dragapult|Dragon Darts|p2a: Kingdra\n|-supereffective|p2a: Kingdra\n|-damage|p2a: Kingdra|145/263\n|-anim|p1a: Dragapult|Dragon Darts|p2a: Kingdra\n|-supereffective|p2a: Kingdra\n|-damage|p2a: Kingdra|73/263\n|move|p2a: Kingdra|Dragon Dance|p2a: Kingdra\n|-boost|p2a: Kingdra|atk|1\n|-boost|p2a: Kingdra|spe|1\n|\n|upkeep\n|turn|5\n|\n|t:|1781383194\n|move|p2a: Kingdra|Outrage|p1a: Dragapult\n|-supereffective|p1a: Dragapult\n|-damage|p1a: Dragapult|0 fnt\n|faint|p1a: Dragapult\n|\n|upkeep\n|\n|t:|1781383202\n|switch|p1a: Pachirisu|Pachirisu, L96, M|271/271\n|turn|6\n|\n|t:|1781383232\n|move|p2a: Kingdra|Outrage|p1a: Pachirisu|[from] lockedmove\n|-damage|p1a: Pachirisu|61/271\n|move|p1a: Pachirisu|Super Fang|p2a: Kingdra\n|-damage|p2a: Kingdra|37/263\n|\n|upkeep\n|turn|7\n|\n|t:|1781383260\n|move|p2a: Kingdra|Outrage|p1a: Pachirisu|[from] lockedmove\n|-damage|p1a: Pachirisu|0 fnt\n|faint|p1a: Pachirisu\n|-start|p2a: Kingdra|confusion|[fatigue]\n|-enditem|p2a: Kingdra|Lum Berry|[eat]\n|-end|p2a: Kingdra|confusion\n|\n|upkeep\n|\n|t:|1781383282\n|switch|p1a: Suicune|Suicune, L82|298/298\n|-ability|p1a: Suicune|Pressure\n|turn|8\n|\n|t:|1781383300\n|switch|p2a: Leavanny|Leavanny, L86, M|269/269\n|move|p1a: Suicune|Calm Mind|p1a: Suicune\n|-boost|p1a: Suicune|spa|1\n|-boost|p1a: Suicune|spd|1\n|\n|upkeep\n|turn|9\n|\n|t:|1781383311\n|move|p1a: Suicune|Protect|p1a: Suicune\n|-singleturn|p1a: Suicune|Protect\n|move|p2a: Leavanny|Bullet Seed|p1a: Suicune\n|-activate|p1a: Suicune|move: Protect\n|\n|upkeep\n|turn|10\n|\n|t:|1781383319\n|switch|p1a: Houndoom|Houndoom, L87, F|272/272\n|move|p2a: Leavanny|Bullet Seed|p1a: Houndoom\n|-resisted|p1a: Houndoom\n|-damage|p1a: Houndoom|251/272\n|-resisted|p1a: Houndoom\n|-damage|p1a: Houndoom|230/272\n|-resisted|p1a: Houndoom\n|-damage|p1a: Houndoom|209/272\n|-resisted|p1a: Houndoom\n|-damage|p1a: Houndoom|188/272\n|-resisted|p1a: Houndoom\n|-damage|p1a: Houndoom|168/272\n|-hitcount|p1a: Houndoom|5\n|\n|upkeep\n|turn|11\n|\n|t:|1781383349\n|switch|p2a: Kingdra|Kingdra, L84, M|37/263\n|move|p1a: Houndoom|Fire Blast|p2a: Kingdra\n|-resisted|p2a: Kingdra\n|-damage|p2a: Kingdra|4/263\n|-status|p2a: Kingdra|brn\n|\n|-damage|p2a: Kingdra|0 fnt|[from] brn\n|faint|p2a: Kingdra\n|upkeep\n|\n|t:|1781383372\n|switch|p2a: Leavanny|Leavanny, L86, M|269/269\n|turn|12\n|\n|t:|1781383382\n|-terastallize|p1a: Houndoom|Fire\n|move|p1a: Houndoom|Fire Blast|p2a: Leavanny\n|-supereffective|p2a: Leavanny\n|-damage|p2a: Leavanny|0 fnt\n|faint|p2a: Leavanny\n|\n|upkeep\n|\n|t:|1781383401\n|switch|p2a: Regigigas|Regigigas, L84|322/322\n|-start|p2a: Regigigas|ability: Slow Start\n|turn|13\n|\n|t:|1781383438\n|move|p1a: Houndoom|Fire Blast|p2a: Regigigas\n|-damage|p2a: Regigigas|180/322\n|move|p2a: Regigigas|Body Slam|p1a: Houndoom\n|-damage|p1a: Houndoom|74/272\n|\n|-heal|p2a: Regigigas|200/322|[from] item: Leftovers\n|upkeep\n|turn|14\n|\n|t:|1781383448\n|move|p1a: Houndoom|Fire Blast|p2a: Regigigas\n|-damage|p2a: Regigigas|56/322\n|move|p2a: Regigigas|Body Slam|p1a: Houndoom\n|-damage|p1a: Houndoom|0 fnt\n|faint|p1a: Houndoom\n|\n|-heal|p2a: Regigigas|76/322|[from] item: Leftovers\n|upkeep\n|\n|t:|1781383459\n|switch|p1a: Suicune|Suicune, L82|298/298\n|-ability|p1a: Suicune|Pressure\n|turn|15\n|\n|t:|1781383503\n|move|p1a: Suicune|Scald|p2a: Regigigas\n|-damage|p2a: Regigigas|12/322\n|move|p2a: Regigigas|Body Slam|p1a: Suicune\n|-damage|p1a: Suicune|244/298\n|-status|p1a: Suicune|par\n|\n|-heal|p2a: Regigigas|32/322|[from] item: Leftovers\n|-heal|p1a: Suicune|262/298 par|[from] item: Leftovers\n|upkeep\n|turn|16\n|\n|t:|1781383518\n|move|p2a: Regigigas|Rest|p2a: Regigigas\n|-status|p2a: Regigigas|slp|[from] move: Rest\n|-heal|p2a: Regigigas|322/322 slp|[silent]\n|move|p1a: Suicune|Scald|p2a: Regigigas\n|-damage|p2a: Regigigas|262/322 slp\n|\n|-heal|p2a: Regigigas|282/322 slp|[from] item: Leftovers\n|-heal|p1a: Suicune|280/298 par|[from] item: Leftovers\n|upkeep\n|turn|17\n|\n|t:|1781383533\n|cant|p2a: Regigigas|slp\n|move|p1a: Suicune|Calm Mind|p1a: Suicune\n|-boost|p1a: Suicune|spa|1\n|-boost|p1a: Suicune|spd|1\n|\n|-heal|p2a: Regigigas|302/322 slp|[from] item: Leftovers\n|-heal|p1a: Suicune|298/298 par|[from] item: Leftovers\n|-end|p2a: Regigigas|Slow Start\n|upkeep\n|turn|18\n|\n|t:|1781383543\n|cant|p2a: Regigigas|slp\n|move|p1a: Suicune|Calm Mind|p1a: Suicune\n|-boost|p1a: Suicune|spa|1\n|-boost|p1a: Suicune|spd|1\n|\n|-heal|p2a: Regigigas|322/322 slp|[from] item: Leftovers\n|upkeep\n|turn|19\n|\n|t:|1781383550\n|-curestatus|p2a: Regigigas|slp|[msg]\n|move|p2a: Regigigas|Body Slam|p1a: Suicune\n|-damage|p1a: Suicune|187/298 par\n|move|p1a: Suicune|Calm Mind|p1a: Suicune\n|-boost|p1a: Suicune|spa|1\n|-boost|p1a: Suicune|spd|1\n|\n|-heal|p1a: Suicune|205/298 par|[from] item: Leftovers\n|upkeep\n|turn|20\n|\n|t:|1781383562\n|move|p2a: Regigigas|Body Slam|p1a: Suicune\n|-damage|p1a: Suicune|90/298 par\n|move|p1a: Suicune|Scald|p2a: Regigigas\n|-damage|p2a: Regigigas|156/322\n|\n|-heal|p2a: Regigigas|176/322|[from] item: Leftovers\n|-heal|p1a: Suicune|108/298 par|[from] item: Leftovers\n|upkeep\n|turn|21\n|\n|t:|1781383580\n|move|p2a: Regigigas|Body Slam|p1a: Suicune\n|-damage|p1a: Suicune|3/298 par\n|move|p1a: Suicune|Scald|p2a: Regigigas\n|-damage|p2a: Regigigas|22/322\n|-status|p2a: Regigigas|brn\n|\n|-heal|p2a: Regigigas|42/322 brn|[from] item: Leftovers\n|-heal|p1a: Suicune|21/298 par|[from] item: Leftovers\n|-damage|p2a: Regigigas|22/322 brn|[from] brn\n|upkeep\n|turn|22\n|\n|t:|1781383591\n|move|p1a: Suicune|Protect|p1a: Suicune\n|-singleturn|p1a: Suicune|Protect\n|move|p2a: Regigigas|Body Slam|p1a: Suicune\n|-activate|p1a: Suicune|move: Protect\n|\n|-heal|p2a: Regigigas|42/322 brn|[from] item: Leftovers\n|-heal|p1a: Suicune|39/298 par|[from] item: Leftovers\n|-damage|p2a: Regigigas|22/322 brn|[from] brn\n|upkeep\n|turn|23\n|\n|t:|1781383600\n|move|p2a: Regigigas|Body Slam|p1a: Suicune\n|-damage|p1a: Suicune|0 fnt\n|faint|p1a: Suicune\n|\n|-heal|p2a: Regigigas|42/322 brn|[from] item: Leftovers\n|-damage|p2a: Regigigas|22/322 brn|[from] brn\n|upkeep\n|\n|t:|1781383608\n|switch|p1a: Slowking|Slowking, L88, F|310/310\n|turn|24\n|\n|t:|1781383613\n|move|p2a: Regigigas|Rest|p2a: Regigigas\n|-status|p2a: Regigigas|slp|[from] move: Rest\n|-heal|p2a: Regigigas|322/322 slp|[silent]\n|move|p1a: Slowking|Scald|p2a: Regigigas\n|-damage|p2a: Regigigas|240/322 slp\n|\n|-heal|p2a: Regigigas|260/322 slp|[from] item: Leftovers\n|upkeep\n|turn|25\n|\n|t:|1781383663\n|switch|p2a: Polteageist|Polteageist, L78|108/222\n|move|p1a: Slowking|Future Sight|p2a: Polteageist\n|-start|p1a: Slowking|move: Future Sight\n|\n|upkeep\n|turn|26\n|\n|t:|1781383680\n|move|p2a: Polteageist|Strength Sap|p1a: Slowking\n|-unboost|p1a: Slowking|atk|1\n|-heal|p2a: Polteageist|222/222\n|move|p1a: Slowking|Scald|p2a: Polteageist\n|-damage|p2a: Polteageist|132/222\n|\n|upkeep\n|turn|27\n|\n|t:|1781383691\n|move|p2a: Polteageist|Shadow Ball|p1a: Slowking\n|-supereffective|p1a: Slowking\n|-damage|p1a: Slowking|170/310\n|-unboost|p1a: Slowking|spd|1\n|move|p1a: Slowking|Scald|p2a: Polteageist\n|-damage|p2a: Polteageist|47/222\n|\n|-end|p2a: Polteageist|move: Future Sight\n|-damage|p2a: Polteageist|0 fnt\n|faint|p2a: Polteageist\n|upkeep\n|\n|t:|1781383721\n|switch|p2a: Staraptor|Staraptor, L79, F|263/263\n|turn|28\n|\n|t:|1781383738\n|switch|p1a: Garganacl|Garganacl, L80, F|291/291\n|move|p2a: Staraptor|Double-Edge|p1a: Garganacl\n|-resisted|p1a: Garganacl\n|-crit|p1a: Garganacl\n|-damage|p1a: Garganacl|150/291\n|-damage|p2a: Staraptor|216/263|[from] Recoil\n|\n|-heal|p1a: Garganacl|168/291|[from] item: Leftovers\n|upkeep\n|turn|29\n|\n|t:|1781383754\n|move|p2a: Staraptor|Double-Edge|p1a: Garganacl\n|-resisted|p1a: Garganacl\n|-damage|p1a: Garganacl|82/291\n|-damage|p2a: Staraptor|188/263|[from] Recoil\n|move|p1a: Garganacl|Salt Cure|p2a: Staraptor\n|-supereffective|p2a: Staraptor\n|-damage|p2a: Staraptor|86/263\n|-start|p2a: Staraptor|Salt Cure\n|\n|-heal|p1a: Garganacl|100/291|[from] item: Leftovers\n|-damage|p2a: Staraptor|54/263|[from] Salt Cure\n|upkeep\n|turn|30\n|\n|t:|1781383799\n|move|p2a: Staraptor|Double-Edge|p1a: Garganacl\n|-resisted|p1a: Garganacl\n|-damage|p1a: Garganacl|11/291\n|-damage|p2a: Staraptor|25/263|[from] Recoil\n|move|p1a: Garganacl|Recover|p1a: Garganacl\n|-heal|p1a: Garganacl|157/291\n|\n|-heal|p1a: Garganacl|175/291|[from] item: Leftovers\n|-damage|p2a: Staraptor|0 fnt|[from] Salt Cure\n|faint|p2a: Staraptor\n|upkeep\n|\n|t:|1781383810\n|switch|p2a: Vivillon|Vivillon-Archipelago, L83, F|268/268\n|turn|31\n|\n|t:|1781383821\n|move|p2a: Vivillon|Sleep Powder|p1a: Garganacl\n|-immune|p1a: Garganacl|[from] ability: Purifying Salt\n|move|p1a: Garganacl|Recover|p1a: Garganacl\n|-heal|p1a: Garganacl|291/291\n|\n|upkeep\n|turn|32\n|\n|t:|1781383836\n|move|p2a: Vivillon|Quiver Dance|p2a: Vivillon\n|-boost|p2a: Vivillon|spa|1\n|-boost|p2a: Vivillon|spd|1\n|-boost|p2a: Vivillon|spe|1\n|move|p1a: Garganacl|Salt Cure|p2a: Vivillon\n|-supereffective|p2a: Vivillon\n|-damage|p2a: Vivillon|28/268\n|-start|p2a: Vivillon|Salt Cure\n|\n|-damage|p2a: Vivillon|0 fnt|[from] Salt Cure\n|faint|p2a: Vivillon\n|upkeep\n|\n|t:|1781383847\n|switch|p2a: Regigigas|Regigigas, L84|260/322 slp\n|-start|p2a: Regigigas|ability: Slow Start\n|turn|33\n|\n|t:|1781383862\n|-terastallize|p2a: Regigigas|Ghost\n|cant|p2a: Regigigas|slp\n|move|p1a: Garganacl|Body Press|p2a: Regigigas\n|-immune|p2a: Regigigas\n|\n|-heal|p2a: Regigigas|280/322 slp|[from] item: Leftovers\n|upkeep\n|turn|34\n|\n|t:|1781383882\n|cant|p2a: Regigigas|slp\n|move|p1a: Garganacl|Salt Cure|p2a: Regigigas\n|-damage|p2a: Regigigas|244/322 slp\n|-start|p2a: Regigigas|Salt Cure\n|\n|-heal|p2a: Regigigas|264/322 slp|[from] item: Leftovers\n|-damage|p2a: Regigigas|224/322 slp|[from] Salt Cure\n|upkeep\n|turn|35\n|\n|t:|1781383900\n|-curestatus|p2a: Regigigas|slp|[msg]\n|move|p2a: Regigigas|Knock Off|p1a: Garganacl\n|-damage|p1a: Garganacl|249/291\n|-enditem|p1a: Garganacl|Leftovers|[from] move: Knock Off|[of] p2a: Regigigas\n|move|p1a: Garganacl|Salt Cure|p2a: Regigigas\n|-damage|p2a: Regigigas|190/322\n|\n|-heal|p2a: Regigigas|210/322|[from] item: Leftovers\n|-damage|p2a: Regigigas|170/322|[from] Salt Cure\n|upkeep\n|turn|36\n|\n|t:|1781383913\n|move|p2a: Regigigas|Rest|p2a: Regigigas\n|-status|p2a: Regigigas|slp|[from] move: Rest\n|-heal|p2a: Regigigas|322/322 slp|[silent]\n|move|p1a: Garganacl|Salt Cure|p2a: Regigigas\n|-damage|p2a: Regigigas|288/322 slp\n|\n|-heal|p2a: Regigigas|308/322 slp|[from] item: Leftovers\n|-damage|p2a: Regigigas|268/322 slp|[from] Salt Cure\n|upkeep\n|turn|37\n|\n|t:|1781383925\n|cant|p2a: Regigigas|slp\n|move|p2a: Regigigas|Sleep Talk|p2a: Regigigas\n|move|p2a: Regigigas|Rest||[from] move: Sleep Talk|[still]\n|-fail|p2a: Regigigas\n|move|p1a: Garganacl|Salt Cure|p2a: Regigigas\n|-damage|p2a: Regigigas|232/322 slp\n|\n|-heal|p2a: Regigigas|252/322 slp|[from] item: Leftovers\n|-damage|p2a: Regigigas|212/322 slp|[from] Salt Cure\n|-end|p2a: Regigigas|Slow Start\n|upkeep\n|turn|38\n|\n|t:|1781383944\n|cant|p2a: Regigigas|slp\n|move|p2a: Regigigas|Sleep Talk|p2a: Regigigas\n|move|p2a: Regigigas|Rest||[from] move: Sleep Talk|[still]\n|-fail|p2a: Regigigas\n|move|p1a: Garganacl|Salt Cure|p2a: Regigigas\n|-damage|p2a: Regigigas|179/322 slp\n|\n|-heal|p2a: Regigigas|199/322 slp|[from] item: Leftovers\n|-damage|p2a: Regigigas|159/322 slp|[from] Salt Cure\n|upkeep\n|turn|39\n|\n|t:|1781383957\n|-curestatus|p2a: Regigigas|slp|[msg]\n|move|p2a: Regigigas|Body Slam|p1a: Garganacl\n|-resisted|p1a: Garganacl\n|-damage|p1a: Garganacl|194/291\n|move|p1a: Garganacl|Salt Cure|p2a: Regigigas\n|-damage|p2a: Regigigas|126/322\n|\n|-heal|p2a: Regigigas|146/322|[from] item: Leftovers\n|-damage|p2a: Regigigas|106/322|[from] Salt Cure\n|upkeep\n|turn|40\n|\n|t:|1781383970\n|move|p2a: Regigigas|Rest|p2a: Regigigas\n|-status|p2a: Regigigas|slp|[from] move: Rest\n|-heal|p2a: Regigigas|322/322 slp|[silent]\n|move|p1a: Garganacl|Salt Cure|p2a: Regigigas\n|-damage|p2a: Regigigas|288/322 slp\n|\n|-heal|p2a: Regigigas|308/322 slp|[from] item: Leftovers\n|-damage|p2a: Regigigas|268/322 slp|[from] Salt Cure\n|upkeep\n|turn|41\n|\n|t:|1781383982\n|switch|p1a: Slowking|Slowking, L88, F|273/310\n|cant|p2a: Regigigas|slp\n|move|p2a: Regigigas|Sleep Talk|p2a: Regigigas\n|move|p2a: Regigigas|Body Slam|p1a: Slowking|[from] move: Sleep Talk\n|-damage|p1a: Slowking|129/310\n|-status|p1a: Slowking|par\n|\n|-heal|p2a: Regigigas|288/322 slp|[from] item: Leftovers\n|-damage|p2a: Regigigas|248/322 slp|[from] Salt Cure\n|upkeep\n|turn|42\n|\n|t:|1781384000\n|cant|p2a: Regigigas|slp\n|move|p2a: Regigigas|Sleep Talk|p2a: Regigigas\n|move|p2a: Regigigas|Rest||[from] move: Sleep Talk|[still]\n|-fail|p2a: Regigigas\n|move|p1a: Slowking|Future Sight|p2a: Regigigas\n|-start|p1a: Slowking|move: Future Sight\n|\n|-heal|p2a: Regigigas|268/322 slp|[from] item: Leftovers\n|-damage|p2a: Regigigas|228/322 slp|[from] Salt Cure\n|upkeep\n|turn|43\n|\n|t:|1781384010\n|-curestatus|p2a: Regigigas|slp|[msg]\n|move|p2a: Regigigas|Sleep Talk||[still]\n|-fail|p2a: Regigigas\n|move|p1a: Slowking|Slack Off|p1a: Slowking\n|-heal|p1a: Slowking|284/310 par\n|\n|-heal|p2a: Regigigas|248/322|[from] item: Leftovers\n|-damage|p2a: Regigigas|208/322|[from] Salt Cure\n|upkeep\n|turn|44\n|\n|t:|1781384020\n|move|p2a: Regigigas|Body Slam|p1a: Slowking\n|-damage|p1a: Slowking|134/310 par\n|move|p1a: Slowking|Scald|p2a: Regigigas\n|-damage|p2a: Regigigas|123/322\n|-status|p2a: Regigigas|brn\n|\n|-end|p2a: Regigigas|move: Future Sight\n|-damage|p2a: Regigigas|0 fnt\n|faint|p2a: Regigigas\n|-end|p2a: Regigigas|Slow Start|[silent]\n|\n|win|ReyRai\n", "inputlog": ">version a8376a258c1d4662feba110a92103f3664a72141\n>start {\"formatid\":\"gen9randombattle\",\"seed\":\"sodium,c702e7a62aca2bf3d8bcf581869252cc\"}\n>player p1 {\"name\":\"ReyRai\",\"avatar\":\"102\",\"rating\":0,\"seed\":\"sodium,3dfe408b6bae1db042957492e736c8f4\"}\n>player p2 {\"name\":\"gom1t4\",\"avatar\":\"102\",\"rating\":0,\"seed\":\"sodium,de70de210caafe7cbe55eba8d0e5fbb6\"}\n>p1 switch 2\n>p2 move strengthsap\n>p1 move hex\n>p2 move storedpower\n>p1 move hex\n>p2 switch 2\n>p1 move dragondarts\n>p2 move dragondance\n>p1 move dragondarts\n>p2 move outrage\n>p1 switch 6\n>p1 move superfang\n>p2 move outrage\n>p1 move discharge\n>p2 move outrage\n>p1 switch 4\n>p1 move calmmind\n>p2 switch 4\n>p1 move protect\n>p2 move bulletseed\n>p1 switch 5\n>p2 move bulletseed\n>p1 move fireblast\n>p2 switch 4\n>p2 switch 4\n>p1 move fireblast terastallize\n>p2 move stickyweb\n>p2 switch 5\n>p1 move fireblast\n>p2 move bodyslam\n>p1 move fireblast\n>p2 move bodyslam\n>p1 switch 5\n>p1 move scald\n>p2 move bodyslam\n>p1 move scald\n>p2 move rest\n>p1 move calmmind\n>p2 move knockoff\n>p1 move calmmind\n>p2 move bodyslam\n>p1 move calmmind\n>p2 move bodyslam\n>p1 move scald\n>p2 move bodyslam\n>p1 move scald\n>p2 move bodyslam\n>p1 move protect\n>p2 move bodyslam\n>p1 move substitute\n>p2 move bodyslam\n>p1 switch 2\n>p1 move scald\n>p2 move rest\n>p1 move futuresight\n>p2 switch 2\n>p1 move scald\n>p2 move strengthsap\n>p1 move scald\n>p2 move shadowball\n>p2 switch 3\n>p1 switch 3\n>p2 move doubleedge\n>p1 move saltcure\n>p2 move doubleedge\n>p1 move recover\n>p2 move doubleedge\n>p2 switch 6\n>p1 move recover\n>p2 move sleeppowder\n>p1 move saltcure\n>p2 move quiverdance\n>p2 switch 2\n>p1 move bodypress\n>p2 move knockoff terastallize\n>p1 move saltcure\n>p2 move knockoff\n>p1 move saltcure\n>p2 move knockoff\n>p1 move saltcure\n>p2 move rest\n>p1 move saltcure\n>p2 move sleeptalk\n>p1 move saltcure\n>p2 move sleeptalk\n>p1 move saltcure\n>p2 move bodyslam\n>p1 move saltcure\n>p2 move rest\n>p1 switch 3\n>p2 move sleeptalk\n>p1 move futuresight\n>p2 move sleeptalk\n>p1 move slackoff\n>p2 move sleeptalk\n>p1 move scald\n>p2 move bodyslam", "uploadtime": 1781384050, "views": 10, "formatid": "gen9randombattle", "rating": null, "private": 0, "password": null}