{"id": "gen9randombattle-2631883582", "format": "[Gen 9] Random Battle", "players": ["Bromeomeo", "barretjd"], "log": "|j|\u2606Bromeomeo\n|j|\u2606barretjd\n|t:|1781451765\n|gametype|singles\n|player|p1|Bromeomeo|acetrainersnow|2188\n|player|p2|barretjd|101|2258\n|gen|9\n|tier|[Gen 9] Random Battle\n|rated|\n|rule|Species Clause: Limit one of each Pok\u00e9mon\n|rule|HP Percentage Mod: HP is shown in percentages\n|rule|Sleep Clause Mod: Limit one foe put to sleep\n|rule|Illusion Level Mod: Illusion disguises the Pok\u00e9mon's true level\n|\n|t:|1781451765\n|teamsize|p1|6\n|teamsize|p2|6\n|start\n|switch|p1a: Misdreavus|Misdreavus, L90, F|254/254\n|switch|p2a: Lokix|Lokix, L82, F|251/251\n|turn|1\n|inactive|Battle timer is ON: inactive players will automatically lose when time's up. (requested by Bromeomeo)\n|j| Pauliet456\n|\n|t:|1781451798\n|switch|p2a: Araquanid|Araquanid, L82, F|246/246\n|move|p1a: Misdreavus|Will-O-Wisp|p2a: Araquanid\n|-immune|p2a: Araquanid|[from] ability: Water Bubble\n|\n|upkeep\n|turn|2\n|\n|t:|1781451821\n|switch|p1a: Lokix|Lokix, L82, F|251/251\n|move|p2a: Araquanid|Sticky Web|p1a: Lokix\n|-sidestart|p1: Bromeomeo|move: Sticky Web\n|\n|upkeep\n|turn|3\n|\n|t:|1781451831\n|move|p1a: Lokix|Knock Off|p2a: Araquanid\n|-damage|p2a: Araquanid|110/246\n|-enditem|p2a: Araquanid|Heavy-Duty Boots|[from] move: Knock Off|[of] p1a: Lokix\n|-damage|p1a: Lokix|226/251|[from] item: Life Orb\n|move|p2a: Araquanid|Liquidation|p1a: Lokix\n|-damage|p1a: Lokix|69/251\n|\n|upkeep\n|turn|4\n|\n|t:|1781451839\n|move|p1a: Lokix|Leech Life|p2a: Araquanid\n|-crit|p2a: Araquanid\n|-damage|p2a: Araquanid|0 fnt\n|-heal|p1a: Lokix|124/251|[from] drain|[of] p2a: Araquanid\n|faint|p2a: Araquanid\n|-damage|p1a: Lokix|99/251|[from] item: Life Orb\n|\n|upkeep\n|\n|t:|1781451860\n|switch|p2a: Iron Valiant|Iron Valiant, L78|244/244\n|turn|5\n|\n|t:|1781451872\n|switch|p1a: Basculegion|Basculegion-F, L83, F|335/335\n|-activate|p1a: Basculegion|move: Sticky Web\n|-unboost|p1a: Basculegion|spe|1\n|move|p2a: Iron Valiant|Moonblast|p1a: Basculegion\n|-crit|p1a: Basculegion\n|-damage|p1a: Basculegion|109/335\n|-unboost|p1a: Basculegion|spa|1\n|-damage|p2a: Iron Valiant|220/244|[from] item: Life Orb\n|\n|upkeep\n|turn|6\n|\n|t:|1781451882\n|move|p2a: Iron Valiant|Moonblast|p1a: Basculegion\n|-damage|p1a: Basculegion|0 fnt\n|faint|p1a: Basculegion\n|-damage|p2a: Iron Valiant|196/244|[from] item: Life Orb\n|\n|upkeep\n|\n|t:|1781451901\n|switch|p1a: Misdreavus|Misdreavus, L90, F|254/254\n|turn|7\n|\n|t:|1781451904\n|move|p2a: Iron Valiant|Knock Off|p1a: Misdreavus\n|-supereffective|p1a: Misdreavus\n|-damage|p1a: Misdreavus|101/254\n|-enditem|p1a: Misdreavus|Eviolite|[from] move: Knock Off|[of] p2a: Iron Valiant\n|-damage|p2a: Iron Valiant|172/244|[from] item: Life Orb\n|move|p1a: Misdreavus|Will-O-Wisp|p2a: Iron Valiant\n|-status|p2a: Iron Valiant|brn\n|\n|-damage|p2a: Iron Valiant|157/244 brn|[from] brn\n|upkeep\n|turn|8\n|\n|t:|1781451912\n|move|p2a: Iron Valiant|Moonblast|p1a: Misdreavus\n|-damage|p1a: Misdreavus|0 fnt\n|faint|p1a: Misdreavus\n|-damage|p2a: Iron Valiant|133/244 brn|[from] item: Life Orb\n|\n|-damage|p2a: Iron Valiant|118/244 brn|[from] brn\n|upkeep\n|\n|t:|1781451922\n|switch|p1a: Furret|Furret, L94, F|312/312\n|-activate|p1a: Furret|move: Sticky Web\n|-unboost|p1a: Furret|spe|1\n|-item|p2a: Iron Valiant|Life Orb|[from] ability: Frisk|[of] p1a: Furret\n|turn|9\n|\n|t:|1781451941\n|-end|p2a: Iron Valiant|Quark Drive|[silent]\n|switch|p2a: Archaludon|Archaludon, L78, M|268/268\n|move|p1a: Furret|Tidy Up|p1a: Furret\n|-sideend|p1: Bromeomeo|Sticky Web\n|-activate|p1a: Furret|move: Tidy Up\n|-boost|p1a: Furret|atk|1\n|-boost|p1a: Furret|spe|1\n|\n|upkeep\n|turn|10\n|\n|t:|1781451958\n|move|p1a: Furret|Tidy Up|p1a: Furret\n|-boost|p1a: Furret|atk|1\n|-boost|p1a: Furret|spe|1\n|move|p2a: Archaludon|Outrage|p1a: Furret\n|-damage|p1a: Furret|185/312\n|\n|upkeep\n|turn|11\n|\n|t:|1781451963\n|move|p1a: Furret|Tidy Up|p1a: Furret\n|-boost|p1a: Furret|atk|1\n|-boost|p1a: Furret|spe|1\n|move|p2a: Archaludon|Outrage|p1a: Furret|[from] lockedmove\n|-damage|p1a: Furret|62/312\n|-start|p2a: Archaludon|confusion|[fatigue]\n|-enditem|p2a: Archaludon|Lum Berry|[eat]\n|-end|p2a: Archaludon|confusion\n|\n|upkeep\n|turn|12\n|\n|t:|1781451977\n|move|p1a: Furret|Brick Break|p2a: Archaludon\n|-supereffective|p2a: Archaludon\n|-damage|p2a: Archaludon|0 fnt\n|faint|p2a: Archaludon\n|-damage|p1a: Furret|31/312|[from] item: Life Orb\n|\n|upkeep\n|\n|t:|1781451982\n|switch|p2a: Lokix|Lokix, L82, F|251/251\n|turn|13\n|\n|t:|1781451986\n|move|p2a: Lokix|First Impression|p1a: Furret\n|-damage|p1a: Furret|0 fnt\n|faint|p1a: Furret\n|\n|upkeep\n|\n|t:|1781451991\n|switch|p1a: Probopass|Probopass, L91, M|257/257\n|turn|14\n|\n|t:|1781452010\n|move|p2a: Lokix|U-turn|p1a: Probopass\n|-resisted|p1a: Probopass\n|-damage|p1a: Probopass|199/257\n|\n|t:|1781452013\n|switch|p2a: Lycanroc|Lycanroc-Dusk, L81, F|254/254|[from] U-turn\n|move|p1a: Probopass|Flash Cannon|p2a: Lycanroc\n|-supereffective|p2a: Lycanroc\n|-damage|p2a: Lycanroc|44/254\n|\n|-heal|p1a: Probopass|215/257|[from] item: Leftovers\n|upkeep\n|turn|15\n|inactive|Bromeomeo has 120 seconds left.\n|\n|t:|1781452047\n|switch|p1a: Lokix|Lokix, L82, F|99/251\n|move|p2a: Lycanroc|Close Combat|p1a: Lokix\n|-damage|p1a: Lokix|0 fnt\n|-unboost|p2a: Lycanroc|def|1\n|-unboost|p2a: Lycanroc|spd|1\n|faint|p1a: Lokix\n|\n|upkeep\n|inactive|Bromeomeo has 120 seconds left.\n|\n|t:|1781452052\n|switch|p1a: Gallade|Gallade, L80, M|240/240\n|turn|16\n|\n|t:|1781452059\n|switch|p2a: Jirachi|Jirachi, L80|291/291\n|move|p1a: Gallade|Sacred Sword|p2a: Jirachi\n|-crit|p2a: Jirachi\n|-damage|p2a: Jirachi|0 fnt\n|faint|p2a: Jirachi\n|-damage|p1a: Gallade|216/240|[from] item: Life Orb\n|\n|upkeep\n|\n|t:|1781452071\n|switch|p2a: Iron Valiant|Iron Valiant, L78|118/244 brn\n|turn|17\n|\n|t:|1781452083\n|move|p2a: Iron Valiant|Moonblast|p1a: Gallade\n|-supereffective|p1a: Gallade\n|-crit|p1a: Gallade\n|-damage|p1a: Gallade|0 fnt\n|faint|p1a: Gallade\n|-damage|p2a: Iron Valiant|94/244 brn|[from] item: Life Orb\n|\n|-damage|p2a: Iron Valiant|79/244 brn|[from] brn\n|upkeep\n|\n|t:|1781452085\n|switch|p1a: Probopass|Probopass, L91, M|215/257\n|turn|18\n|\n|t:|1781452097\n|move|p2a: Iron Valiant|Moonblast|p1a: Probopass\n|-resisted|p1a: Probopass\n|-damage|p1a: Probopass|176/257\n|-damage|p2a: Iron Valiant|55/244 brn|[from] item: Life Orb\n|move|p1a: Probopass|Flash Cannon|p2a: Iron Valiant\n|-supereffective|p2a: Iron Valiant\n|-damage|p2a: Iron Valiant|0 fnt\n|faint|p2a: Iron Valiant\n|-end|p2a: Iron Valiant|Quark Drive|[silent]\n|\n|-heal|p1a: Probopass|192/257|[from] item: Leftovers\n|upkeep\n|\n|t:|1781452103\n|switch|p2a: Lycanroc|Lycanroc-Dusk, L81, F|44/254\n|turn|19\n|\n|t:|1781452111\n|-terastallize|p1a: Probopass|Fighting\n|move|p2a: Lycanroc|Close Combat|p1a: Probopass\n|-damage|p1a: Probopass|74/257\n|-unboost|p2a: Lycanroc|def|1\n|-unboost|p2a: Lycanroc|spd|1\n|move|p1a: Probopass|Thunder Wave|p2a: Lycanroc\n|-status|p2a: Lycanroc|par\n|\n|-heal|p1a: Probopass|90/257|[from] item: Leftovers\n|upkeep\n|turn|20\n|\n|t:|1781452117\n|move|p1a: Probopass|Body Press|p2a: Lycanroc\n|-supereffective|p2a: Lycanroc\n|-damage|p2a: Lycanroc|0 fnt\n|faint|p2a: Lycanroc\n|\n|-heal|p1a: Probopass|106/257|[from] item: Leftovers\n|upkeep\n|\n|t:|1781452119\n|switch|p2a: Lokix|Lokix, L82, F|251/251\n|turn|21\n|\n|t:|1781452124\n|-terastallize|p2a: Lokix|Bug\n|move|p2a: Lokix|First Impression|p1a: Probopass\n|-resisted|p1a: Probopass\n|-damage|p1a: Probopass|14/257\n|move|p1a: Probopass|Thunder Wave|p2a: Lokix|[miss]\n|-miss|p1a: Probopass|p2a: Lokix\n|\n|-heal|p1a: Probopass|30/257|[from] item: Leftovers\n|upkeep\n|turn|22\n|\n|t:|1781452134\n|move|p2a: Lokix|Knock Off|p1a: Probopass\n|-resisted|p1a: Probopass\n|-crit|p1a: Probopass\n|-damage|p1a: Probopass|0 fnt\n|-enditem|p1a: Probopass|Leftovers|[from] move: Knock Off|[of] p2a: Lokix\n|faint|p1a: Probopass\n|\n|win|barretjd\n", "inputlog": ">version a8376a258c1d4662feba110a92103f3664a72141\n>start {\"formatid\":\"gen9randombattle\",\"seed\":\"sodium,a567c278c226794265686866cabaeb88\",\"rated\":\"Rated battle\"}\n>player p1 {\"name\":\"Bromeomeo\",\"avatar\":\"acetrainersnow\",\"rating\":2188,\"seed\":\"sodium,9474caead53c9cddc47b82cd39a4efd8\"}\n>player p2 {\"name\":\"barretjd\",\"avatar\":\"101\",\"rating\":2258,\"seed\":\"sodium,9d4a3178c7a312252f2d85190ecae504\"}\n>p1 move willowisp\n>p2 switch 3\n>p1 switch 5\n>p2 move stickyweb\n>p1 move knockoff\n>p2 move liquidation\n>p1 move leechlife\n>p2 move liquidation\n>p2 switch 2\n>p1 switch 3\n>p2 move moonblast\n>p1 move shadowball\n>p2 move moonblast\n>p1 switch 5\n>p1 move willowisp\n>p2 move knockoff\n>p1 move drainingkiss\n>p2 move moonblast\n>p1 switch 4\n>p1 move tidyup\n>p2 switch 5\n>p1 move tidyup\n>p2 move outrage\n>p1 move tidyup\n>p2 move outrage\n>p1 move brickbreak\n>p2 move ironhead\n>p2 switch 3\n>p1 move doubleedge\n>p2 move firstimpression\n>p1 switch 6\n>p1 move flashcannon\n>p2 move uturn\n>p2 switch 6\n>p1 switch 3\n>p2 move closecombat\n>p1 switch 2\n>p1 move sacredsword\n>p2 switch 4\n>p2 switch 5\n>p1 move sacredsword\n>p2 move moonblast\n>p1 switch 3\n>p1 move flashcannon\n>p2 move moonblast\n>p2 switch 4\n>p1 move thunderwave terastallize\n>p2 move closecombat\n>p1 move bodypress\n>p2 move closecombat\n>p2 switch 6\n>p1 move thunderwave\n>p2 move firstimpression terastallize\n>p1 move irondefense\n>p2 move knockoff", "uploadtime": 1781451767, "views": 7, "formatid": "gen9randombattle", "rating": null, "private": 0, "password": null}