{"id": "gen9randombattle-2631527170", "format": "[Gen 9] Random Battle", "players": ["JayClaw", "46455i"], "log": "|j|\u2606JayClaw\n|j|\u260646455i\n|t:|1781396805\n|gametype|singles\n|player|p1|JayClaw|red|2102\n|player|p2|46455i|fisherman-gen4|2124\n|gen|9\n|tier|[Gen 9] Random Battle\n|rated|\n|rule|Species Clause: Limit one of each Pok\u00e9mon\n|rule|HP Percentage Mod: HP is shown in percentages\n|rule|Sleep Clause Mod: Limit one foe put to sleep\n|rule|Illusion Level Mod: Illusion disguises the Pok\u00e9mon's true level\n|\n|t:|1781396805\n|teamsize|p1|6\n|teamsize|p2|6\n|start\n|switch|p1a: Weavile|Weavile, L79, F|239/239\n|switch|p2a: Heatran|Heatran, L79, F|273/273\n|-item|p2a: Heatran|Air Balloon\n|turn|1\n|\n|t:|1781396820\n|switch|p1a: Blissey|Blissey, L85, F|572/572\n|move|p2a: Heatran|Stealth Rock|p1a: Blissey\n|-sidestart|p1: JayClaw|move: Stealth Rock\n|\n|upkeep\n|turn|2\n|\n|t:|1781396829\n|switch|p2a: Luxray|Luxray, L88, M|284/284\n|-ability|p2a: Luxray|Intimidate|boost\n|-unboost|p1a: Blissey|atk|1\n|move|p1a: Blissey|Thunder Wave|p2a: Luxray\n|-immune|p2a: Luxray\n|\n|upkeep\n|turn|3\n|\n|t:|1781396839\n|switch|p1a: Duraludon|Duraludon, L82, M|249/249\n|-damage|p1a: Duraludon|234/249|[from] Stealth Rock\n|move|p2a: Luxray|Wild Charge|p1a: Duraludon\n|-resisted|p1a: Duraludon\n|-damage|p1a: Duraludon|201/249\n|-damage|p2a: Luxray|276/284|[from] Recoil\n|\n|upkeep\n|turn|4\n|\n|t:|1781396848\n|move|p1a: Duraludon|Body Press|p2a: Luxray\n|-damage|p2a: Luxray|218/284\n|move|p2a: Luxray|Volt Switch|p1a: Duraludon\n|-resisted|p1a: Duraludon\n|-damage|p1a: Duraludon|161/249\n|\n|t:|1781396851\n|switch|p2a: Tentacruel|Tentacruel, L84, M|272/272|[from] Volt Switch\n|\n|upkeep\n|turn|5\n|\n|t:|1781396860\n|move|p2a: Tentacruel|Knock Off|p1a: Duraludon\n|-damage|p1a: Duraludon|133/249\n|-enditem|p1a: Duraludon|Eviolite|[from] move: Knock Off|[of] p2a: Tentacruel\n|move|p1a: Duraludon|Thunder Wave|p2a: Tentacruel\n|-status|p2a: Tentacruel|par\n|\n|upkeep\n|turn|6\n|\n|t:|1781396879\n|switch|p1a: Weavile|Weavile, L79, F|239/239\n|-damage|p1a: Weavile|180/239|[from] Stealth Rock\n|move|p2a: Tentacruel|Surf|p1a: Weavile\n|-damage|p1a: Weavile|96/239\n|\n|upkeep\n|turn|7\n|\n|t:|1781396887\n|move|p1a: Weavile|Knock Off|p2a: Tentacruel\n|-damage|p2a: Tentacruel|71/272 par\n|-enditem|p2a: Tentacruel|Assault Vest|[from] move: Knock Off|[of] p1a: Weavile\n|move|p2a: Tentacruel|Surf|p1a: Weavile\n|-damage|p1a: Weavile|3/239\n|\n|upkeep\n|turn|8\n|\n|t:|1781396894\n|move|p1a: Weavile|Knock Off|p2a: Tentacruel\n|-damage|p2a: Tentacruel|0 fnt\n|faint|p2a: Tentacruel\n|\n|upkeep\n|\n|t:|1781396896\n|switch|p2a: Luxray|Luxray, L88, M|218/284\n|-ability|p2a: Luxray|Intimidate|boost\n|-unboost|p1a: Weavile|atk|1\n|turn|9\n|\n|t:|1781396904\n|move|p1a: Weavile|Knock Off|p2a: Luxray\n|-damage|p2a: Luxray|115/284\n|-enditem|p2a: Luxray|Assault Vest|[from] move: Knock Off|[of] p1a: Weavile\n|move|p2a: Luxray|Volt Switch|p1a: Weavile\n|-damage|p1a: Weavile|0 fnt\n|faint|p1a: Weavile\n|\n|t:|1781396917\n|switch|p2a: Eiscue|Eiscue, L88, F|274/274|[from] Volt Switch\n|\n|upkeep\n|\n|t:|1781396942\n|switch|p1a: Iron Moth|Iron Moth, L78|253/253\n|turn|10\n|\n|t:|1781396947\n|switch|p2a: Heatran|Heatran, L79, F|273/273\n|-item|p2a: Heatran|Air Balloon\n|move|p1a: Iron Moth|Energy Ball|p2a: Heatran\n|-resisted|p2a: Heatran\n|-crit|p2a: Heatran\n|-damage|p2a: Heatran|247/273\n|-enditem|p2a: Heatran|Air Balloon\n|\n|upkeep\n|turn|11\n|\n|t:|1781396955\n|-end|p1a: Iron Moth|Quark Drive|[silent]\n|switch|p1a: Blissey|Blissey, L85, F|572/572\n|-damage|p1a: Blissey|501/572|[from] Stealth Rock\n|move|p2a: Heatran|Earth Power|p1a: Blissey\n|-damage|p1a: Blissey|446/572\n|-unboost|p1a: Blissey|spd|1\n|\n|-heal|p1a: Blissey|481/572|[from] item: Leftovers\n|upkeep\n|turn|12\n|\n|t:|1781396961\n|move|p2a: Heatran|Heavy Slam|p1a: Blissey\n|-damage|p1a: Blissey|172/572\n|move|p1a: Blissey|Stealth Rock|p2a: Heatran\n|-sidestart|p2: 46455i|move: Stealth Rock\n|\n|-heal|p1a: Blissey|207/572|[from] item: Leftovers\n|upkeep\n|turn|13\n|\n|t:|1781396977\n|move|p2a: Heatran|Heavy Slam|p1a: Blissey\n|-damage|p1a: Blissey|0 fnt\n|faint|p1a: Blissey\n|\n|upkeep\n|\n|t:|1781396980\n|switch|p1a: Duraludon|Duraludon, L82, M|133/249\n|-damage|p1a: Duraludon|118/249|[from] Stealth Rock\n|turn|14\n|\n|t:|1781396989\n|switch|p2a: Luxray|Luxray, L88, M|115/284\n|-damage|p2a: Luxray|80/284|[from] Stealth Rock\n|-ability|p2a: Luxray|Intimidate|boost\n|-unboost|p1a: Duraludon|atk|1\n|move|p1a: Duraludon|Body Press|p2a: Luxray\n|-damage|p2a: Luxray|15/284\n|\n|upkeep\n|turn|15\n|\n|t:|1781396996\n|move|p1a: Duraludon|Body Press|p2a: Luxray\n|-damage|p2a: Luxray|0 fnt\n|faint|p2a: Luxray\n|\n|upkeep\n|\n|t:|1781396998\n|switch|p2a: Heatran|Heatran, L79, F|247/273\n|-damage|p2a: Heatran|213/273|[from] Stealth Rock\n|turn|16\n|\n|t:|1781397005\n|move|p1a: Duraludon|Body Press|p2a: Heatran\n|-supereffective|p2a: Heatran\n|-damage|p2a: Heatran|99/273\n|move|p2a: Heatran|Earth Power|p1a: Duraludon\n|-supereffective|p1a: Duraludon\n|-damage|p1a: Duraludon|0 fnt\n|faint|p1a: Duraludon\n|\n|upkeep\n|\n|t:|1781397015\n|switch|p1a: Misdreavus|Misdreavus, L90, F|254/254\n|-damage|p1a: Misdreavus|223/254|[from] Stealth Rock\n|turn|17\n|\n|t:|1781397022\n|switch|p2a: Maushold|Maushold, L76|238/238\n|-damage|p2a: Maushold|209/238|[from] Stealth Rock\n|move|p1a: Misdreavus|Calm Mind|p1a: Misdreavus\n|-boost|p1a: Misdreavus|spa|1\n|-boost|p1a: Misdreavus|spd|1\n|\n|upkeep\n|turn|18\n|\n|t:|1781397033\n|switch|p1a: Thundurus|Thundurus, L80, M|258/258\n|-damage|p1a: Thundurus|194/258|[from] Stealth Rock\n|move|p2a: Maushold|Encore||[still]\n|-fail|p2a: Maushold\n|\n|upkeep\n|turn|19\n|\n|t:|1781397050\n|move|p1a: Thundurus|Thunder Wave|p2a: Maushold\n|-status|p2a: Maushold|par\n|move|p2a: Maushold|Tidy Up|p2a: Maushold\n|-sideend|p2: 46455i|Stealth Rock\n|-sideend|p1: JayClaw|Stealth Rock\n|-activate|p2a: Maushold|move: Tidy Up\n|-boost|p2a: Maushold|atk|1\n|-boost|p2a: Maushold|spe|1\n|\n|upkeep\n|turn|20\n|\n|t:|1781397057\n|move|p1a: Thundurus|Thunderbolt|p2a: Maushold\n|-damage|p2a: Maushold|85/238 par\n|move|p2a: Maushold|Tidy Up|p2a: Maushold\n|-boost|p2a: Maushold|atk|1\n|-boost|p2a: Maushold|spe|1\n|\n|upkeep\n|turn|21\n|\n|t:|1781397064\n|move|p1a: Thundurus|Thunderbolt|p2a: Maushold\n|-damage|p2a: Maushold|0 fnt\n|faint|p2a: Maushold\n|\n|upkeep\n|\n|t:|1781397068\n|switch|p2a: Eiscue|Eiscue, L88, F|274/274\n|turn|22\n|\n|t:|1781397082\n|-terastallize|p2a: Eiscue|Ground\n|move|p1a: Thundurus|Thunderbolt|p2a: Eiscue\n|-immune|p2a: Eiscue\n|move|p2a: Eiscue|Ice Spinner|p1a: Thundurus\n|-supereffective|p1a: Thundurus\n|-damage|p1a: Thundurus|8/258\n|\n|upkeep\n|turn|23\n|\n|t:|1781397102\n|switch|p1a: Misdreavus|Misdreavus, L90, F|223/254\n|move|p2a: Eiscue|Ice Spinner|p1a: Misdreavus\n|-damage|p1a: Misdreavus|157/254\n|\n|upkeep\n|turn|24\n|\n|t:|1781397108\n|move|p1a: Misdreavus|Will-O-Wisp|p2a: Eiscue\n|-status|p2a: Eiscue|brn\n|move|p2a: Eiscue|Belly Drum|p2a: Eiscue\n|-damage|p2a: Eiscue|137/274 brn\n|-setboost|p2a: Eiscue|atk|6|[from] move: Belly Drum\n|-enditem|p2a: Eiscue|Sitrus Berry|[eat]\n|-heal|p2a: Eiscue|205/274 brn|[from] item: Sitrus Berry\n|\n|-damage|p2a: Eiscue|188/274 brn|[from] brn\n|upkeep\n|turn|25\n|\n|t:|1781397135\n|move|p1a: Misdreavus|Shadow Ball|p2a: Eiscue\n|-damage|p2a: Eiscue|100/274 brn\n|-unboost|p2a: Eiscue|spd|1\n|move|p2a: Eiscue|Ice Spinner|p1a: Misdreavus\n|-damage|p1a: Misdreavus|15/254\n|\n|-damage|p2a: Eiscue|83/274 brn|[from] brn\n|upkeep\n|turn|26\n|\n|t:|1781397143\n|move|p1a: Misdreavus|Shadow Ball|p2a: Eiscue\n|-damage|p2a: Eiscue|0 fnt\n|faint|p2a: Eiscue\n|\n|upkeep\n|\n|t:|1781397144\n|switch|p2a: Blastoise|Blastoise, L80, M|258/258\n|turn|27\n|\n|t:|1781397156\n|switch|p1a: Iron Moth|Iron Moth, L78|253/253\n|move|p2a: Blastoise|Shell Smash|p2a: Blastoise\n|-unboost|p2a: Blastoise|def|1\n|-unboost|p2a: Blastoise|spd|1\n|-boost|p2a: Blastoise|atk|2\n|-boost|p2a: Blastoise|spa|2\n|-boost|p2a: Blastoise|spe|2\n|-enditem|p2a: Blastoise|White Herb\n|-clearnegativeboost|p2a: Blastoise|[silent]\n|\n|upkeep\n|turn|28\n|\n|t:|1781397183\n|-terastallize|p1a: Iron Moth|Grass\n|move|p2a: Blastoise|Hydro Pump|p1a: Iron Moth\n|-resisted|p1a: Iron Moth\n|-damage|p1a: Iron Moth|168/253\n|move|p1a: Iron Moth|Energy Ball|p2a: Blastoise\n|-supereffective|p2a: Blastoise\n|-damage|p2a: Blastoise|66/258\n|\n|upkeep\n|turn|29\n|\n|t:|1781397199\n|move|p2a: Blastoise|Ice Beam|p1a: Iron Moth\n|-supereffective|p1a: Iron Moth\n|-damage|p1a: Iron Moth|0 fnt\n|faint|p1a: Iron Moth\n|-end|p1a: Iron Moth|Quark Drive|[silent]\n|\n|upkeep\n|\n|t:|1781397202\n|switch|p1a: Thundurus|Thundurus, L80, M|8/258\n|turn|30\n|\n|t:|1781397207\n|move|p1a: Thundurus|Thunder Wave|p2a: Blastoise\n|-status|p2a: Blastoise|par\n|move|p2a: Blastoise|Ice Beam|p1a: Thundurus\n|-supereffective|p1a: Thundurus\n|-damage|p1a: Thundurus|0 fnt\n|faint|p1a: Thundurus\n|\n|upkeep\n|\n|t:|1781397212\n|switch|p1a: Misdreavus|Misdreavus, L90, F|15/254\n|turn|31\n|\n|t:|1781397221\n|move|p1a: Misdreavus|Calm Mind|p1a: Misdreavus\n|-boost|p1a: Misdreavus|spa|1\n|-boost|p1a: Misdreavus|spd|1\n|move|p2a: Blastoise|Ice Beam|p1a: Misdreavus\n|-damage|p1a: Misdreavus|0 fnt\n|faint|p1a: Misdreavus\n|\n|win|46455i\n", "inputlog": ">version a8376a258c1d4662feba110a92103f3664a72141\n>start {\"formatid\":\"gen9randombattle\",\"seed\":\"sodium,997924bc9668bec3e45419f7e5804171\",\"rated\":\"Rated battle\"}\n>player p1 {\"name\":\"JayClaw\",\"avatar\":\"red\",\"rating\":2102,\"seed\":\"sodium,2331145a70f085b45863ec06e3f07cd5\"}\n>player p2 {\"name\":\"46455i\",\"avatar\":\"fisherman-gen4\",\"rating\":2124,\"seed\":\"sodium,9d1e1d5d256f7a7b736be951608db925\"}\n>p1 switch 4\n>p2 move stealthrock\n>p1 move thunderwave\n>p2 switch 6\n>p1 switch 5\n>p2 move wildcharge\n>p1 move bodypress\n>p2 move voltswitch\n>p2 switch 4\n>p1 move thunderwave\n>p2 move knockoff\n>p1 switch 4\n>p2 move surf\n>p1 move knockoff\n>p2 move surf\n>p1 move knockoff\n>p2 move rapidspin\n>p2 switch 4\n>p1 move knockoff\n>p2 move voltswitch\n>p2 switch 2\n>p1 switch 2\n>p1 move energyball\n>p2 switch 6\n>p1 switch 5\n>p2 move earthpower\n>p1 move stealthrock\n>p2 move heavyslam\n>p1 move thunderwave\n>p2 move heavyslam\n>p1 switch 4\n>p1 move bodypress\n>p2 switch 2\n>p1 move bodypress\n>p2 move voltswitch\n>p2 switch 2\n>p1 move bodypress\n>p2 move earthpower\n>p1 switch 6\n>p1 move calmmind\n>p2 switch 5\n>p1 switch 3\n>p2 move encore\n>p1 move thunderwave\n>p2 move tidyup\n>p1 move thunderbolt\n>p2 move tidyup\n>p1 move thunderbolt\n>p2 move populationbomb\n>p2 switch 6\n>p1 move thunderbolt\n>p2 move icespinner terastallize\n>p1 switch 3\n>p2 move icespinner\n>p1 move willowisp\n>p2 move bellydrum\n>p1 move shadowball\n>p2 move icespinner\n>p1 move shadowball\n>p2 move icespinner\n>p2 switch 3\n>p1 switch 5\n>p2 move shellsmash\n>p1 move energyball terastallize\n>p2 move hydropump\n>p1 move energyball\n>p2 move icebeam\n>p1 switch 3\n>p1 move thunderwave\n>p2 move icebeam\n>p1 switch 5\n>p1 move calmmind\n>p2 move icebeam", "uploadtime": 1781396807, "views": 6, "formatid": "gen9randombattle", "rating": null, "private": 0, "password": null}