{"id": "gen9randombattle-2631713712", "format": "[Gen 9] Random Battle", "players": ["cat3039", "Unslain_Dragon"], "log": "|j|\u2606cat3039\n|j|\u2606Unslain_Dragon\n|t:|1781426981\n|gametype|singles\n|player|p1|cat3039|265|1647\n|player|p2|Unslain_Dragon|lance-gen3|1635\n|gen|9\n|tier|[Gen 9] Random Battle\n|rated|\n|rule|Species Clause: Limit one of each Pok\u00e9mon\n|rule|HP Percentage Mod: HP is shown in percentages\n|rule|Sleep Clause Mod: Limit one foe put to sleep\n|rule|Illusion Level Mod: Illusion disguises the Pok\u00e9mon's true level\n|\n|t:|1781426981\n|teamsize|p1|6\n|teamsize|p2|6\n|start\n|switch|p1a: Uxie|Uxie, L83|260/260\n|switch|p2a: Meloetta|Meloetta, L82|298/298\n|turn|1\n|inactive|Battle timer is ON: inactive players will automatically lose when time's up. (requested by Unslain_Dragon)\n|\n|t:|1781426996\n|move|p1a: Uxie|Knock Off|p2a: Meloetta\n|-supereffective|p2a: Meloetta\n|-damage|p2a: Meloetta|180/298\n|-enditem|p2a: Meloetta|Life Orb|[from] move: Knock Off|[of] p1a: Uxie\n|move|p2a: Meloetta|Relic Song|p1a: Uxie\n|-damage|p1a: Uxie|196/260\n|-formechange|p2a: Meloetta|Meloetta-Pirouette|[msg]\n|\n|-heal|p1a: Uxie|212/260|[from] item: Leftovers\n|upkeep\n|turn|2\n|\n|t:|1781427014\n|move|p2a: Meloetta|Knock Off|p1a: Uxie\n|-supereffective|p1a: Uxie\n|-damage|p1a: Uxie|84/260\n|-enditem|p1a: Uxie|Leftovers|[from] move: Knock Off|[of] p2a: Meloetta\n|move|p1a: Uxie|Thunder Wave|p2a: Meloetta\n|-status|p2a: Meloetta|par\n|\n|upkeep\n|turn|3\n|\n|t:|1781427026\n|move|p1a: Uxie|Encore|p2a: Meloetta\n|-start|p2a: Meloetta|Encore\n|move|p2a: Meloetta|Knock Off|p1a: Uxie\n|-supereffective|p1a: Uxie\n|-damage|p1a: Uxie|4/260\n|\n|upkeep\n|turn|4\n|inactive|cat3039 has 120 seconds left.\n|\n|t:|1781427054\n|move|p1a: Uxie|Knock Off|p2a: Meloetta\n|-resisted|p2a: Meloetta\n|-damage|p2a: Meloetta|162/298 par\n|cant|p2a: Meloetta|par\n|\n|upkeep\n|turn|5\n|\n|t:|1781427068\n|switch|p1a: Magearna|Magearna, L77|250/250\n|move|p2a: Meloetta|Knock Off|p1a: Magearna\n|-resisted|p1a: Magearna\n|-damage|p1a: Magearna|217/250\n|-enditem|p1a: Magearna|Leftovers|[from] move: Knock Off|[of] p2a: Meloetta\n|\n|-end|p2a: Meloetta|Encore\n|upkeep\n|turn|6\n|inactive|cat3039 has 120 seconds left.\n|\n|t:|1781427085\n|switch|p2a: Primarina|Primarina, L83, F|268/268\n|move|p1a: Magearna|Aura Sphere|p2a: Primarina\n|-resisted|p2a: Primarina\n|-damage|p2a: Primarina|243/268\n|\n|-heal|p2a: Primarina|259/268|[from] item: Leftovers\n|upkeep\n|turn|7\n|inactive|cat3039 has 120 seconds left.\n|\n|t:|1781427096\n|move|p2a: Primarina|Calm Mind|p2a: Primarina\n|-boost|p2a: Primarina|spa|1\n|-boost|p2a: Primarina|spd|1\n|move|p1a: Magearna|Flash Cannon|p2a: Primarina\n|-damage|p2a: Primarina|207/268\n|\n|-heal|p2a: Primarina|223/268|[from] item: Leftovers\n|upkeep\n|turn|8\n|\n|t:|1781427104\n|switch|p1a: Uxie|Uxie, L83|4/260\n|move|p2a: Primarina|Sparkling Aria|p1a: Uxie\n|-damage|p1a: Uxie|0 fnt\n|faint|p1a: Uxie\n|\n|-heal|p2a: Primarina|239/268|[from] item: Leftovers\n|upkeep\n|\n|t:|1781427114\n|switch|p1a: Haxorus|Haxorus, L77, F|235/235\n|turn|9\n|inactive|cat3039 has 120 seconds left.\n|\n|t:|1781427145\n|move|p1a: Haxorus|Nasty Plot|p1a: Haxorus\n|-boost|p1a: Haxorus|spa|2\n|move|p2a: Primarina|Sparkling Aria|p1a: Haxorus\n|-damage|p1a: Haxorus|0 fnt\n|replace|p1a: Zoroark|Zoroark, L83, M\n|-end|p1a: Zoroark|Illusion\n|-hint|Illusion Level Mod is active, so this Pok\u00e9mon's true level was hidden.\n|faint|p1a: Zoroark\n|\n|-heal|p2a: Primarina|255/268|[from] item: Leftovers\n|upkeep\n|\n|t:|1781427164\n|switch|p1a: Magmortar|Magmortar, L88, M|275/275\n|turn|10\n|\n|t:|1781427173\n|-terastallize|p1a: Magmortar|Electric\n|move|p1a: Magmortar|Thunderbolt|p2a: Primarina\n|-supereffective|p2a: Primarina\n|-crit|p2a: Primarina\n|-damage|p2a: Primarina|0 fnt\n|faint|p2a: Primarina\n|\n|upkeep\n|\n|t:|1781427186\n|switch|p2a: Baxcalibur|Baxcalibur, L75, M|295/295\n|turn|11\n|inactive|cat3039 has 90 seconds left.\n|\n|t:|1781427216\n|move|p1a: Magmortar|Knock Off|p2a: Baxcalibur\n|-damage|p2a: Baxcalibur|221/295\n|-enditem|p2a: Baxcalibur|Choice Band|[from] move: Knock Off|[of] p1a: Magmortar\n|move|p2a: Baxcalibur|Earthquake|p1a: Magmortar\n|-supereffective|p1a: Magmortar\n|-damage|p1a: Magmortar|73/275\n|\n|upkeep\n|turn|12\n|inactive|cat3039 has 90 seconds left.\n|\n|t:|1781427238\n|move|p1a: Magmortar|Thunderbolt|p2a: Baxcalibur\n|-resisted|p2a: Baxcalibur\n|-damage|p2a: Baxcalibur|149/295\n|move|p2a: Baxcalibur|Earthquake|p1a: Magmortar\n|-supereffective|p1a: Magmortar\n|-damage|p1a: Magmortar|0 fnt\n|faint|p1a: Magmortar\n|\n|upkeep\n|\n|t:|1781427255\n|switch|p1a: Carbink|Carbink, L90|236/236\n|turn|13\n|\n|t:|1781427268\n|move|p2a: Baxcalibur|Earthquake|p1a: Carbink\n|-supereffective|p1a: Carbink\n|-damage|p1a: Carbink|134/236\n|move|p1a: Carbink|Moonblast|p2a: Baxcalibur\n|-supereffective|p2a: Baxcalibur\n|-damage|p2a: Baxcalibur|0 fnt\n|faint|p2a: Baxcalibur\n|\n|-heal|p1a: Carbink|148/236|[from] item: Leftovers\n|upkeep\n|\n|t:|1781427286\n|switch|p2a: Meloetta|Meloetta, L82|162/298 par\n|turn|14\n|inactive|cat3039 has 60 seconds left.\n|\n|t:|1781427317\n|move|p1a: Carbink|Iron Defense|p1a: Carbink\n|-boost|p1a: Carbink|def|2\n|move|p2a: Meloetta|Relic Song|p1a: Carbink\n|-resisted|p1a: Carbink\n|-damage|p1a: Carbink|121/236\n|-formechange|p2a: Meloetta|Meloetta-Pirouette|[msg]\n|\n|-heal|p1a: Carbink|135/236|[from] item: Leftovers\n|upkeep\n|turn|15\n|\n|t:|1781427338\n|move|p1a: Carbink|Body Press|p2a: Meloetta\n|-supereffective|p2a: Meloetta\n|-damage|p2a: Meloetta|0 fnt\n|faint|p2a: Meloetta\n|\n|-heal|p1a: Carbink|149/236|[from] item: Leftovers\n|upkeep\n|\n|t:|1781427351\n|switch|p2a: Volcarona|Volcarona, L77, F|257/257\n|turn|16\n|\n|t:|1781427358\n|-terastallize|p2a: Volcarona|Water\n|move|p2a: Volcarona|Quiver Dance|p2a: Volcarona\n|-boost|p2a: Volcarona|spa|1\n|-boost|p2a: Volcarona|spd|1\n|-boost|p2a: Volcarona|spe|1\n|move|p1a: Carbink|Rock Polish|p1a: Carbink\n|-boost|p1a: Carbink|spe|2\n|\n|-heal|p1a: Carbink|163/236|[from] item: Leftovers\n|upkeep\n|turn|17\n|inactive|cat3039 has 60 seconds left.\n|\n|t:|1781427374\n|move|p2a: Volcarona|Quiver Dance|p2a: Volcarona\n|-boost|p2a: Volcarona|spa|1\n|-boost|p2a: Volcarona|spd|1\n|-boost|p2a: Volcarona|spe|1\n|move|p1a: Carbink|Body Press|p2a: Volcarona\n|-crit|p2a: Volcarona\n|-damage|p2a: Volcarona|0 fnt\n|-status|p1a: Carbink|brn|[from] ability: Flame Body|[of] p2a: Volcarona\n|faint|p2a: Volcarona\n|\n|-heal|p1a: Carbink|177/236 brn|[from] item: Leftovers\n|-damage|p1a: Carbink|163/236 brn|[from] brn\n|upkeep\n|\n|t:|1781427376\n|switch|p2a: Mewtwo|Mewtwo, L72|272/272\n|-ability|p2a: Mewtwo|Unnerve\n|turn|18\n|inactive|cat3039 has 60 seconds left.\n|\n|t:|1781427400\n|move|p1a: Carbink|Moonblast|p2a: Mewtwo\n|-damage|p2a: Mewtwo|185/272\n|move|p2a: Mewtwo|Nasty Plot|p2a: Mewtwo\n|-boost|p2a: Mewtwo|spa|2\n|\n|-heal|p1a: Carbink|177/236 brn|[from] item: Leftovers\n|-damage|p1a: Carbink|163/236 brn|[from] brn\n|upkeep\n|turn|19\n|inactive|cat3039 has 60 seconds left.\n|\n|t:|1781427432\n|move|p1a: Carbink|Moonblast|p2a: Mewtwo\n|-damage|p2a: Mewtwo|98/272\n|-unboost|p2a: Mewtwo|spa|1\n|move|p2a: Mewtwo|Aura Sphere|p1a: Carbink\n|-damage|p1a: Carbink|86/236 brn\n|-damage|p2a: Mewtwo|71/272|[from] item: Life Orb\n|\n|-heal|p1a: Carbink|100/236 brn|[from] item: Leftovers\n|-damage|p1a: Carbink|86/236 brn|[from] brn\n|upkeep\n|turn|20\n|\n|t:|1781427439\n|move|p1a: Carbink|Moonblast|p2a: Mewtwo\n|-damage|p2a: Mewtwo|0 fnt\n|faint|p2a: Mewtwo\n|\n|-heal|p1a: Carbink|100/236 brn|[from] item: Leftovers\n|-damage|p1a: Carbink|86/236 brn|[from] brn\n|upkeep\n|\n|t:|1781427443\n|switch|p2a: Glastrier|Glastrier, L86|312/312\n|turn|21\n|\n|t:|1781427447\n|move|p1a: Carbink|Body Press|p2a: Glastrier\n|-supereffective|p2a: Glastrier\n|-damage|p2a: Glastrier|180/312\n|move|p2a: Glastrier|Heavy Slam|p1a: Carbink\n|-supereffective|p1a: Carbink\n|-damage|p1a: Carbink|0 fnt\n|faint|p1a: Carbink\n|-ability|p2a: Glastrier|Chilling Neigh|boost\n|-boost|p2a: Glastrier|atk|1\n|\n|upkeep\n|inactive|cat3039 has 60 seconds left.\n|\n|t:|1781427463\n|switch|p1a: Haxorus|Haxorus, L77, F|244/244\n|-ability|p1a: Haxorus|Mold Breaker\n|turn|22\n|\n|t:|1781427477\n|move|p1a: Haxorus|Iron Head|p2a: Glastrier\n|-supereffective|p2a: Glastrier\n|-damage|p2a: Glastrier|84/312\n|cant|p2a: Glastrier|flinch\n|\n|upkeep\n|turn|23\n|\n|t:|1781427482\n|move|p1a: Haxorus|Iron Head|p2a: Glastrier\n|-supereffective|p2a: Glastrier\n|-damage|p2a: Glastrier|0 fnt\n|faint|p2a: Glastrier\n|\n|win|cat3039\n|raw|cat3039's rating: 1647 &rarr; <strong>1666</strong><br />(+19 for winning)\n|raw|Unslain_Dragon's rating: 1635 &rarr; <strong>1616</strong><br />(-19 for losing)\n|l|\u2606Unslain_Dragon\n|player|p2|\n", "inputlog": ">version a8376a258c1d4662feba110a92103f3664a72141\n>start {\"formatid\":\"gen9randombattle\",\"seed\":\"sodium,6e3134f4107d0ca679dec233a98a7191\",\"rated\":\"Rated battle\"}\n>player p1 {\"name\":\"cat3039\",\"avatar\":\"265\",\"rating\":1647,\"seed\":\"sodium,df9a13dff70c665f9db7d67fc369493f\"}\n>player p2 {\"name\":\"Unslain_Dragon\",\"avatar\":\"lance-gen3\",\"rating\":1635,\"seed\":\"sodium,b0a9471eeebd509eb9e1e7687c11dc3a\"}\n>p1 move knockoff\n>p2 move relicsong\n>p1 move thunderwave\n>p2 move knockoff\n>p1 move encore\n>p2 move knockoff\n>p1 move knockoff\n>p2 move knockoff\n>p1 switch 5\n>p2 move knockoff\n>p1 move aurasphere\n>p2 switch 6\n>p1 move flashcannon\n>p2 move calmmind\n>p1 switch 5\n>p2 move sparklingaria\n>p1 switch 4\n>p1 move nastyplot\n>p2 move sparklingaria\n>p1 switch 3\n>p1 move thunderbolt terastallize\n>p2 move sparklingaria\n>p2 switch 5\n>p1 move knockoff\n>p2 move earthquake\n>p1 move thunderbolt\n>p2 move earthquake\n>p1 switch 2\n>p1 move moonblast\n>p2 move earthquake\n>p2 switch 6\n>p1 move irondefense\n>p2 move relicsong\n>p1 move bodypress\n>p2 move knockoff\n>p2 switch 2\n>p1 move rockpolish\n>p2 move quiverdance terastallize\n>p1 move bodypress\n>p2 move quiverdance\n>p2 switch 3\n>p1 move moonblast\n>p2 move nastyplot\n>p1 move moonblast\n>p2 move aurasphere\n>p1 move moonblast\n>p2 move aurasphere\n>p2 switch 4\n>p1 move bodypress\n>p2 move heavyslam\n>p1 switch 6\n>p1 move ironhead\n>p2 move iciclecrash\n>p1 move ironhead\n>p2 move iciclecrash", "uploadtime": 1781427491, "views": 4, "formatid": "gen9randombattle", "rating": 1616, "private": 0, "password": null}