{"id": "gen9randombattle-2631903080", "format": "[Gen 9] Random Battle", "players": ["cansermaro8", "cuerodeolancho"], "log": "|j|\u2606cansermaro8\n|j|\u2606cuerodeolancho\n|t:|1781453877\n|gametype|singles\n|player|p1|cansermaro8|266|2219\n|player|p2|cuerodeolancho|janitor|2146\n|gen|9\n|tier|[Gen 9] Random Battle\n|rated|\n|rule|Species Clause: Limit one of each Pok\u00e9mon\n|rule|HP Percentage Mod: HP is shown in percentages\n|rule|Sleep Clause Mod: Limit one foe put to sleep\n|rule|Illusion Level Mod: Illusion disguises the Pok\u00e9mon's true level\n|\n|t:|1781453877\n|teamsize|p1|6\n|teamsize|p2|6\n|start\n|switch|p1a: Garchomp|Garchomp, L74, M|282/282\n|switch|p2a: Raging Bolt|Raging Bolt, L78|323/323\n|turn|1\n|inactive|Battle timer is ON: inactive players will automatically lose when time's up. (requested by cuerodeolancho)\n|\n|t:|1781453895\n|-end|p2a: Raging Bolt|Protosynthesis|[silent]\n|switch|p2a: Leavanny|Leavanny, L86, F|269/269\n|move|p1a: Garchomp|Earthquake|p2a: Leavanny\n|-resisted|p2a: Leavanny\n|-damage|p2a: Leavanny|241/269\n|\n|upkeep\n|turn|2\n|\n|t:|1781453904\n|move|p2a: Leavanny|Sticky Web|p1a: Garchomp\n|-sidestart|p1: cansermaro8|move: Sticky Web\n|move|p1a: Garchomp|Stealth Rock|p2a: Leavanny\n|-sidestart|p2: cuerodeolancho|move: Stealth Rock\n|\n|upkeep\n|turn|3\n|\n|t:|1781453923\n|move|p2a: Leavanny|Lunge|p1a: Garchomp\n|-damage|p1a: Garchomp|174/282\n|-unboost|p1a: Garchomp|atk|1\n|-damage|p2a: Leavanny|208/269|[from] ability: Rough Skin|[of] p1a: Garchomp\n|-damage|p2a: Leavanny|164/269|[from] item: Rocky Helmet|[of] p1a: Garchomp\n|move|p1a: Garchomp|Dragon Tail|p2a: Leavanny\n|-damage|p2a: Leavanny|118/269\n|drag|p2a: Raging Bolt|Raging Bolt, L78|323/323\n|-damage|p2a: Raging Bolt|283/323|[from] Stealth Rock\n|\n|-heal|p2a: Raging Bolt|303/323|[from] item: Leftovers\n|upkeep\n|turn|4\n|\n|t:|1781453934\n|-end|p2a: Raging Bolt|Protosynthesis|[silent]\n|switch|p2a: Leavanny|Leavanny, L86, F|118/269\n|move|p1a: Garchomp|Earthquake|p2a: Leavanny\n|-resisted|p2a: Leavanny\n|-damage|p2a: Leavanny|101/269\n|\n|upkeep\n|turn|5\n|\n|t:|1781453939\n|move|p2a: Leavanny|Lunge|p1a: Garchomp\n|-damage|p1a: Garchomp|78/282\n|-unboost|p1a: Garchomp|atk|1\n|-damage|p2a: Leavanny|68/269|[from] ability: Rough Skin|[of] p1a: Garchomp\n|-damage|p2a: Leavanny|24/269|[from] item: Rocky Helmet|[of] p1a: Garchomp\n|move|p1a: Garchomp|Dragon Tail|p2a: Leavanny\n|-damage|p2a: Leavanny|0 fnt\n|faint|p2a: Leavanny\n|\n|upkeep\n|\n|t:|1781453947\n|switch|p2a: Spectrier|Spectrier, L75|274/274\n|-damage|p2a: Spectrier|240/274|[from] Stealth Rock\n|turn|6\n|\n|t:|1781453955\n|switch|p1a: Tentacruel|Tentacruel, L84, F|272/272\n|-activate|p1a: Tentacruel|move: Sticky Web\n|-unboost|p1a: Tentacruel|spe|1\n|move|p2a: Spectrier|Shadow Ball|p1a: Tentacruel\n|-damage|p1a: Tentacruel|210/272\n|-damage|p2a: Spectrier|213/274|[from] item: Life Orb\n|\n|upkeep\n|turn|7\n|\n|t:|1781453963\n|move|p2a: Spectrier|Nasty Plot|p2a: Spectrier\n|-boost|p2a: Spectrier|spa|2\n|move|p1a: Tentacruel|Knock Off|p2a: Spectrier\n|-supereffective|p2a: Spectrier\n|-damage|p2a: Spectrier|63/274\n|-enditem|p2a: Spectrier|Life Orb|[from] move: Knock Off|[of] p1a: Tentacruel\n|\n|upkeep\n|turn|8\n|\n|t:|1781453969\n|move|p2a: Spectrier|Shadow Ball|p1a: Tentacruel\n|-damage|p1a: Tentacruel|108/272\n|move|p1a: Tentacruel|Surf|p2a: Spectrier\n|-damage|p2a: Spectrier|0 fnt\n|faint|p2a: Spectrier\n|\n|upkeep\n|\n|t:|1781453975\n|switch|p2a: Raging Bolt|Raging Bolt, L78|303/323\n|-damage|p2a: Raging Bolt|263/323|[from] Stealth Rock\n|turn|9\n|\n|t:|1781453982\n|switch|p1a: Garchomp|Garchomp, L74, M|78/282\n|-activate|p1a: Garchomp|move: Sticky Web\n|-unboost|p1a: Garchomp|spe|1\n|move|p2a: Raging Bolt|Thunderbolt|p1a: Garchomp\n|-immune|p1a: Garchomp\n|\n|-heal|p2a: Raging Bolt|283/323|[from] item: Leftovers\n|upkeep\n|turn|10\n|\n|t:|1781453992\n|move|p2a: Raging Bolt|Draco Meteor|p1a: Garchomp\n|-supereffective|p1a: Garchomp\n|-damage|p1a: Garchomp|0 fnt\n|-unboost|p2a: Raging Bolt|spa|2\n|faint|p1a: Garchomp\n|\n|-heal|p2a: Raging Bolt|303/323|[from] item: Leftovers\n|upkeep\n|\n|t:|1781453999\n|switch|p1a: Vikavolt|Vikavolt, L83, M|263/263\n|turn|11\n|\n|t:|1781454008\n|-end|p2a: Raging Bolt|Protosynthesis|[silent]\n|switch|p2a: Iron Crown|Iron Crown, L78|268/268\n|-damage|p2a: Iron Crown|252/268|[from] Stealth Rock\n|move|p1a: Vikavolt|Sticky Web|p2a: Iron Crown\n|-sidestart|p2: cuerodeolancho|move: Sticky Web\n|\n|-heal|p2a: Iron Crown|268/268|[from] item: Leftovers\n|upkeep\n|turn|12\n|\n|t:|1781454024\n|move|p2a: Iron Crown|Calm Mind|p2a: Iron Crown\n|-boost|p2a: Iron Crown|spa|1\n|-boost|p2a: Iron Crown|spd|1\n|move|p1a: Vikavolt|Bug Buzz|p2a: Iron Crown\n|-damage|p2a: Iron Crown|190/268\n|\n|-heal|p2a: Iron Crown|206/268|[from] item: Leftovers\n|upkeep\n|turn|13\n|\n|t:|1781454029\n|switch|p1a: Empoleon|Empoleon, L84, M|278/278\n|-activate|p1a: Empoleon|move: Sticky Web\n|-unboost|p1a: Empoleon|spe|1\n|-ability|p1a: Empoleon|Competitive|boost\n|-boost|p1a: Empoleon|spa|2\n|move|p2a: Iron Crown|Psyshock|p1a: Empoleon\n|-resisted|p1a: Empoleon\n|-damage|p1a: Empoleon|214/278\n|\n|-heal|p2a: Iron Crown|222/268|[from] item: Leftovers\n|-heal|p1a: Empoleon|231/278|[from] item: Leftovers\n|upkeep\n|turn|14\n|\n|t:|1781454032\n|move|p2a: Iron Crown|Focus Blast|p1a: Empoleon\n|-supereffective|p1a: Empoleon\n|-damage|p1a: Empoleon|0 fnt\n|faint|p1a: Empoleon\n|\n|-heal|p2a: Iron Crown|238/268|[from] item: Leftovers\n|upkeep\n|\n|t:|1781454062\n|switch|p1a: Tentacruel|Tentacruel, L84, F|108/272\n|-activate|p1a: Tentacruel|move: Sticky Web\n|-unboost|p1a: Tentacruel|spe|1\n|turn|15\n|inactive|cuerodeolancho has 120 seconds left.\n|\n|t:|1781454093\n|move|p2a: Iron Crown|Psyshock|p1a: Tentacruel\n|-supereffective|p1a: Tentacruel\n|-damage|p1a: Tentacruel|0 fnt\n|faint|p1a: Tentacruel\n|\n|-heal|p2a: Iron Crown|254/268|[from] item: Leftovers\n|upkeep\n|inactive|cansermaro8 has 120 seconds left.\n|\n|t:|1781454123\n|switch|p1a: Hitmonchan|Hitmonchan, L87, M|229/229\n|-activate|p1a: Hitmonchan|move: Sticky Web\n|-unboost|p1a: Hitmonchan|spe|1\n|turn|16\n|\n|t:|1781454127\n|move|p2a: Iron Crown|Psyshock|p1a: Hitmonchan\n|-supereffective|p1a: Hitmonchan\n|-damage|p1a: Hitmonchan|0 fnt\n|faint|p1a: Hitmonchan\n|\n|-heal|p2a: Iron Crown|268/268|[from] item: Leftovers\n|upkeep\n|\n|t:|1781454133\n|switch|p1a: Spectrier|Spectrier, L75|274/274\n|-activate|p1a: Spectrier|move: Sticky Web\n|-unboost|p1a: Spectrier|spe|1\n|turn|17\n|\n|t:|1781454141\n|-terastallize|p1a: Spectrier|Dark\n|move|p2a: Iron Crown|Tachyon Cutter|p1a: Spectrier\n|-damage|p1a: Spectrier|168/274\n|-damage|p1a: Spectrier|65/274\n|-hitcount|p1a: Spectrier|2\n|move|p1a: Spectrier|Dark Pulse|p2a: Iron Crown\n|-supereffective|p2a: Iron Crown\n|-damage|p2a: Iron Crown|158/268\n|\n|-heal|p2a: Iron Crown|174/268|[from] item: Leftovers\n|-heal|p1a: Spectrier|82/274|[from] item: Leftovers\n|upkeep\n|turn|18\n|-message|cansermaro8 forfeited.\n|\n|win|cuerodeolancho\n", "inputlog": ">version a8376a258c1d4662feba110a92103f3664a72141\n>start {\"formatid\":\"gen9randombattle\",\"seed\":\"sodium,1b112a7f398f92684bb80ae7da001a76\",\"rated\":\"Rated battle\"}\n>player p1 {\"name\":\"cansermaro8\",\"avatar\":\"266\",\"rating\":2219,\"seed\":\"sodium,bac15c6ada8728ff99a2a302dbbd37dd\"}\n>player p2 {\"name\":\"cuerodeolancho\",\"avatar\":\"janitor\",\"rating\":2146,\"seed\":\"sodium,140b178b32c96ddd581a72d2e000e269\"}\n>p1 move earthquake\n>p2 switch 4\n>p1 move stealthrock\n>p2 move stickyweb\n>p1 move dragontail\n>p2 move lunge\n>p1 move earthquake\n>p2 switch 4\n>p1 move dragontail\n>p2 move lunge\n>p2 switch 6\n>p1 switch 2\n>p2 move shadowball\n>p1 move knockoff\n>p2 move nastyplot\n>p1 move surf\n>p2 move shadowball\n>p2 switch 4\n>p1 switch 2\n>p2 move thunderbolt\n>p1 move earthquake\n>p2 move dracometeor\n>p1 switch 6\n>p1 move stickyweb\n>p2 switch 5\n>p1 move bugbuzz\n>p2 move calmmind\n>p1 switch 4\n>p2 move psyshock\n>p1 move yawn\n>p2 move focusblast\n>p1 switch 2\n>p1 move rapidspin\n>p2 move psyshock\n>p1 switch 5\n>p1 move knockoff\n>p2 move psyshock\n>p1 switch 3\n>p1 move darkpulse terastallize\n>p2 move tachyoncutter\n>forcelose p1", "uploadtime": 1781453880, "views": 5, "formatid": "gen9randombattle", "rating": null, "private": 0, "password": null}