{"id": "gen9randombattle-2631788494", "format": "[Gen 9] Random Battle", "players": ["woxihuanni", "goooze"], "log": "|j|\u2606woxihuanni\n|j|\u2606goooze\n|t:|1781439805\n|gametype|singles\n|player|p1|woxihuanni|169|2079\n|player|p2|goooze|li|2214\n|gen|9\n|tier|[Gen 9] Random Battle\n|rated|\n|rule|Species Clause: Limit one of each Pok\u00e9mon\n|rule|HP Percentage Mod: HP is shown in percentages\n|rule|Sleep Clause Mod: Limit one foe put to sleep\n|rule|Illusion Level Mod: Illusion disguises the Pok\u00e9mon's true level\n|\n|t:|1781439805\n|teamsize|p1|6\n|teamsize|p2|6\n|start\n|switch|p1a: Zekrom|Zekrom, L71|259/259\n|switch|p2a: Shiftry|Shiftry, L89, M|305/305\n|-ability|p1a: Zekrom|Teravolt\n|turn|1\n|\n|t:|1781439813\n|switch|p1a: Glalie|Glalie, L96, M|309/309\n|move|p2a: Shiftry|Will-O-Wisp|p1a: Glalie|[miss]\n|-miss|p2a: Shiftry|p1a: Glalie\n|\n|upkeep\n|turn|2\n|inactive|Battle timer is ON: inactive players will automatically lose when time's up. (requested by woxihuanni)\n|\n|t:|1781439822\n|switch|p2a: Heatran|Heatran, L79, F|273/273\n|-item|p2a: Heatran|Air Balloon\n|move|p1a: Glalie|Spikes|p2a: Heatran\n|-sidestart|p2: goooze|Spikes\n|\n|upkeep\n|turn|3\n|\n|t:|1781439828\n|move|p1a: Glalie|Freeze-Dry|p2a: Heatran\n|-resisted|p2a: Heatran\n|-damage|p2a: Heatran|254/273\n|-status|p2a: Heatran|frz\n|-enditem|p2a: Heatran|Air Balloon\n|cant|p2a: Heatran|frz\n|\n|upkeep\n|turn|4\n|\n|t:|1781439841\n|move|p1a: Glalie|Spikes|p2a: Heatran\n|-sidestart|p2: goooze|Spikes\n|cant|p2a: Heatran|frz\n|\n|upkeep\n|turn|5\n|\n|t:|1781439843\n|move|p1a: Glalie|Earthquake|p2a: Heatran\n|-supereffective|p2a: Heatran\n|-damage|p2a: Heatran|0 fnt\n|faint|p2a: Heatran\n|\n|upkeep\n|\n|t:|1781439855\n|switch|p2a: Beartic|Beartic, L91, F|321/321\n|turn|6\n|\n|t:|1781439865\n|move|p1a: Glalie|Taunt|p2a: Beartic\n|-start|p2a: Beartic|move: Taunt\n|cant|p2a: Beartic|move: Taunt|Snowscape\n|\n|upkeep\n|turn|7\n|\n|t:|1781439870\n|switch|p1a: Milotic|Milotic, L83, M|293/293\n|move|p2a: Beartic|Earthquake|p1a: Milotic\n|-damage|p1a: Milotic|183/293\n|\n|-heal|p1a: Milotic|201/293|[from] item: Leftovers\n|upkeep\n|turn|8\n|\n|t:|1781439878\n|move|p1a: Milotic|Scald|p2a: Beartic\n|-damage|p2a: Beartic|236/321\n|move|p2a: Beartic|Earthquake|p1a: Milotic\n|-damage|p1a: Milotic|84/293\n|\n|-heal|p1a: Milotic|102/293|[from] item: Leftovers\n|-end|p2a: Beartic|move: Taunt\n|upkeep\n|turn|9\n|\n|t:|1781439881\n|move|p1a: Milotic|Recover|p1a: Milotic\n|-heal|p1a: Milotic|249/293\n|move|p2a: Beartic|Earthquake|p1a: Milotic\n|-damage|p1a: Milotic|132/293\n|\n|-heal|p1a: Milotic|150/293|[from] item: Leftovers\n|upkeep\n|turn|10\n|\n|t:|1781439889\n|move|p1a: Milotic|Scald|p2a: Beartic\n|-damage|p2a: Beartic|146/321\n|-status|p2a: Beartic|brn\n|move|p2a: Beartic|Snowscape|p2a: Beartic\n|-weather|Snowscape\n|\n|-weather|Snowscape|[upkeep]\n|-heal|p1a: Milotic|168/293|[from] item: Leftovers\n|-damage|p2a: Beartic|126/321 brn|[from] brn\n|upkeep\n|turn|11\n|\n|t:|1781439902\n|switch|p2a: Raging Bolt|Raging Bolt, L78|323/323\n|-damage|p2a: Raging Bolt|270/323|[from] Spikes\n|move|p1a: Milotic|Recover|p1a: Milotic\n|-heal|p1a: Milotic|293/293\n|\n|-weather|Snowscape|[upkeep]\n|upkeep\n|turn|12\n|\n|t:|1781439905\n|switch|p1a: Glalie|Glalie, L96, M|309/309\n|move|p2a: Raging Bolt|Volt Switch|p1a: Glalie\n|-damage|p1a: Glalie|234/309\n|\n|t:|1781439909\n|-end|p2a: Raging Bolt|Protosynthesis|[silent]\n|switch|p2a: Beartic|Beartic, L91, F|126/321 brn|[from] Volt Switch\n|\n|-weather|Snowscape|[upkeep]\n|-damage|p2a: Beartic|106/321 brn|[from] brn\n|upkeep\n|turn|13\n|\n|t:|1781439912\n|move|p2a: Beartic|Close Combat|p1a: Glalie\n|-supereffective|p1a: Glalie\n|-damage|p1a: Glalie|148/309\n|-unboost|p2a: Beartic|def|1\n|-unboost|p2a: Beartic|spd|1\n|move|p1a: Glalie|Spikes|p2a: Beartic\n|-sidestart|p2: goooze|Spikes\n|\n|-weather|Snowscape|[upkeep]\n|-damage|p2a: Beartic|86/321 brn|[from] brn\n|upkeep\n|turn|14\n|\n|t:|1781439915\n|move|p2a: Beartic|Close Combat|p1a: Glalie\n|-supereffective|p1a: Glalie\n|-damage|p1a: Glalie|74/309\n|-unboost|p2a: Beartic|def|1\n|-unboost|p2a: Beartic|spd|1\n|move|p1a: Glalie|Earthquake|p2a: Beartic\n|-damage|p2a: Beartic|0 fnt\n|faint|p2a: Beartic\n|\n|-weather|none\n|upkeep\n|inactive|goooze has 120 seconds left.\n|\n|t:|1781439955\n|switch|p2a: Raging Bolt|Raging Bolt, L78|270/323\n|-damage|p2a: Raging Bolt|190/323|[from] Spikes\n|turn|15\n|\n|t:|1781439964\n|move|p2a: Raging Bolt|Thunderclap|p1a: Glalie\n|-damage|p1a: Glalie|0 fnt\n|faint|p1a: Glalie\n|\n|upkeep\n|\n|t:|1781439968\n|switch|p1a: Garchomp|Garchomp, L74, M|282/282\n|turn|16\n|\n|t:|1781439986\n|move|p1a: Garchomp|Earthquake|p2a: Raging Bolt\n|-supereffective|p2a: Raging Bolt\n|-damage|p2a: Raging Bolt|0 fnt\n|faint|p2a: Raging Bolt\n|-end|p2a: Raging Bolt|Protosynthesis|[silent]\n|\n|upkeep\n|\n|t:|1781439989\n|switch|p2a: Shiftry|Shiftry, L89, M|305/305\n|-damage|p2a: Shiftry|229/305|[from] Spikes\n|turn|17\n|\n|t:|1781439991\n|move|p1a: Garchomp|Stealth Rock|p2a: Shiftry\n|-sidestart|p2: goooze|move: Stealth Rock\n|move|p2a: Shiftry|Will-O-Wisp|p1a: Garchomp|[miss]\n|-miss|p2a: Shiftry|p1a: Garchomp\n|\n|upkeep\n|turn|18\n|\n|t:|1781439998\n|move|p2a: Shiftry|Will-O-Wisp|p1a: Garchomp\n|-status|p1a: Garchomp|brn\n|move|p1a: Garchomp|Dragon Tail|p2a: Shiftry\n|-damage|p2a: Shiftry|188/305\n|drag|p2a: Girafarig|Girafarig, L89, F|269/269\n|-damage|p2a: Girafarig|202/269|[from] Spikes\n|-damage|p2a: Girafarig|169/269|[from] Stealth Rock\n|\n|-damage|p1a: Garchomp|265/282 brn|[from] brn\n|upkeep\n|turn|19\n|\n|t:|1781440005\n|move|p2a: Girafarig|Psyshock|p1a: Garchomp\n|-damage|p1a: Garchomp|169/282 brn\n|move|p1a: Garchomp|Dragon Tail|p2a: Girafarig\n|-damage|p2a: Girafarig|145/269\n|drag|p2a: Skarmory|Skarmory, L80, M|235/235\n|-damage|p2a: Skarmory|206/235|[from] Stealth Rock\n|\n|-heal|p2a: Skarmory|220/235|[from] item: Leftovers\n|-damage|p1a: Garchomp|152/282 brn|[from] brn\n|upkeep\n|turn|20\n|\n|t:|1781440011\n|move|p2a: Skarmory|Brave Bird|p1a: Garchomp\n|-damage|p1a: Garchomp|37/282 brn\n|-damage|p2a: Skarmory|191/235|[from] ability: Rough Skin|[of] p1a: Garchomp\n|-damage|p2a: Skarmory|152/235|[from] item: Rocky Helmet|[of] p1a: Garchomp\n|-damage|p2a: Skarmory|114/235|[from] Recoil\n|move|p1a: Garchomp|Dragon Tail|p2a: Skarmory\n|-resisted|p2a: Skarmory\n|-damage|p2a: Skarmory|103/235\n|drag|p2a: Girafarig|Girafarig, L89, F|145/269\n|-damage|p2a: Girafarig|78/269|[from] Spikes\n|-damage|p2a: Girafarig|45/269|[from] Stealth Rock\n|\n|-damage|p1a: Garchomp|20/282 brn|[from] brn\n|upkeep\n|turn|21\n|\n|t:|1781440020\n|move|p2a: Girafarig|Shadow Ball|p1a: Garchomp\n|-damage|p1a: Garchomp|0 fnt\n|faint|p1a: Garchomp\n|\n|upkeep\n|\n|t:|1781440028\n|switch|p1a: Zekrom|Zekrom, L71|259/259\n|-ability|p1a: Zekrom|Teravolt\n|turn|22\n|\n|t:|1781440034\n|move|p2a: Girafarig|Psyshock|p1a: Zekrom\n|-damage|p1a: Zekrom|169/259\n|move|p1a: Zekrom|Dragon Dance|p1a: Zekrom\n|-boost|p1a: Zekrom|atk|1\n|-boost|p1a: Zekrom|spe|1\n|\n|-heal|p1a: Zekrom|185/259|[from] item: Leftovers\n|upkeep\n|turn|23\n|\n|t:|1781440036\n|move|p1a: Zekrom|Bolt Strike|p2a: Girafarig\n|-damage|p2a: Girafarig|0 fnt\n|faint|p2a: Girafarig\n|\n|-heal|p1a: Zekrom|201/259|[from] item: Leftovers\n|upkeep\n|-message|goooze forfeited.\n|\n|win|woxihuanni\n", "inputlog": ">version a8376a258c1d4662feba110a92103f3664a72141\n>start {\"formatid\":\"gen9randombattle\",\"seed\":\"sodium,34fc6165347bbda29a307252a86f912b\",\"rated\":\"Rated battle\"}\n>player p1 {\"name\":\"woxihuanni\",\"avatar\":\"169\",\"rating\":2079,\"seed\":\"sodium,0a1630b4ef79eee78bc2548345654047\"}\n>player p2 {\"name\":\"goooze\",\"avatar\":\"li\",\"rating\":2214,\"seed\":\"sodium,ac7e539e3700e55ec8f99e17b4637ed8\"}\n>p1 switch 6\n>p2 move willowisp\n>p1 move spikes\n>p2 switch 3\n>p1 move freezedry\n>p2 move stealthrock\n>p1 move spikes\n>p2 move lavaplume\n>p1 move earthquake\n>p2 move lavaplume\n>p2 switch 5\n>p1 move taunt\n>p2 move snowscape\n>p1 switch 5\n>p2 move earthquake\n>p1 move scald\n>p2 move earthquake\n>p1 move recover\n>p2 move earthquake\n>p1 move scald\n>p2 move snowscape\n>p1 move recover\n>p2 switch 2\n>p1 switch 5\n>p2 move voltswitch\n>p2 switch 2\n>p1 move spikes\n>p2 move closecombat\n>p1 move earthquake\n>p2 move closecombat\n>p2 switch 2\n>p1 move earthquake\n>p2 move thunderclap\n>p1 switch 2\n>p1 move earthquake\n>p2 move dracometeor\n>p2 switch 3\n>p1 move stealthrock\n>p2 move willowisp\n>p1 move dragontail\n>p2 move willowisp\n>p1 move dragontail\n>p2 move psyshock\n>p1 move dragontail\n>p2 move bravebird\n>p1 move earthquake\n>p2 move shadowball\n>p1 switch 6\n>p1 move dragondance\n>p2 move psyshock\n>p1 move boltstrike\n>p2 move psyshock\n>forcelose p2", "uploadtime": 1781439807, "views": 5, "formatid": "gen9randombattle", "rating": null, "private": 0, "password": null}