{"id": "gen9randombattle-2631823784", "format": "[Gen 9] Random Battle", "players": ["blufferfish2009", "tobititz"], "log": "|j|\u2606blufferfish2009\n|j|\u2606tobititz\n|t:|1781444751\n|gametype|singles\n|player|p1|blufferfish2009|iris-gen5bw2|1954\n|player|p2|tobititz|2|1978\n|gen|9\n|tier|[Gen 9] Random Battle\n|rated|\n|rule|Species Clause: Limit one of each Pok\u00e9mon\n|rule|HP Percentage Mod: HP is shown in percentages\n|rule|Sleep Clause Mod: Limit one foe put to sleep\n|rule|Illusion Level Mod: Illusion disguises the Pok\u00e9mon's true level\n|\n|t:|1781444751\n|teamsize|p1|6\n|teamsize|p2|6\n|start\n|switch|p1a: Farigiraf|Farigiraf, L90, F|362/362\n|switch|p2a: Whiscash|Whiscash, L88, F|337/337\n|turn|1\n|\n|t:|1781444757\n|switch|p2a: Bisharp|Bisharp, L79, M|232/232\n|move|p1a: Farigiraf|Psychic Noise|p2a: Bisharp\n|-immune|p2a: Bisharp\n|\n|upkeep\n|turn|2\n|\n|t:|1781444762\n|switch|p1a: Swampert|Swampert, L83, M|302/302\n|move|p2a: Bisharp|Stealth Rock|p1a: Swampert\n|-sidestart|p1: blufferfish2009|move: Stealth Rock\n|\n|upkeep\n|turn|3\n|\n|t:|1781444778\n|switch|p2a: Whiscash|Whiscash, L88, F|337/337\n|move|p1a: Swampert|Stealth Rock|p2a: Whiscash\n|-sidestart|p2: tobititz|move: Stealth Rock\n|\n|upkeep\n|turn|4\n|\n|t:|1781444780\n|move|p2a: Whiscash|Dragon Dance|p2a: Whiscash\n|-boost|p2a: Whiscash|atk|1\n|-boost|p2a: Whiscash|spe|1\n|move|p1a: Swampert|Roar|p2a: Whiscash\n|drag|p2a: Regidrago|Regidrago, L77|435/435\n|-damage|p2a: Regidrago|381/435|[from] Stealth Rock\n|\n|upkeep\n|turn|5\n|\n|t:|1781444784\n|move|p2a: Regidrago|Dragon Claw|p1a: Swampert\n|-damage|p1a: Swampert|160/302\n|-damage|p2a: Regidrago|338/435|[from] item: Life Orb\n|move|p1a: Swampert|Ice Beam|p2a: Regidrago\n|-supereffective|p2a: Regidrago\n|-damage|p2a: Regidrago|144/435\n|\n|-heal|p1a: Swampert|178/302|[from] item: Leftovers\n|upkeep\n|turn|6\n|\n|t:|1781444793\n|move|p2a: Regidrago|Dragon Claw|p1a: Swampert\n|-damage|p1a: Swampert|38/302\n|-damage|p2a: Regidrago|101/435|[from] item: Life Orb\n|move|p1a: Swampert|Earthquake|p2a: Regidrago\n|-damage|p2a: Regidrago|0 fnt\n|faint|p2a: Regidrago\n|\n|-heal|p1a: Swampert|56/302|[from] item: Leftovers\n|upkeep\n|\n|t:|1781444802\n|switch|p2a: Whiscash|Whiscash, L88, F|337/337\n|-damage|p2a: Whiscash|316/337|[from] Stealth Rock\n|turn|7\n|\n|t:|1781444810\n|move|p2a: Whiscash|Earthquake|p1a: Swampert\n|-damage|p1a: Swampert|0 fnt\n|faint|p1a: Swampert\n|-damage|p2a: Whiscash|283/337|[from] item: Life Orb\n|\n|upkeep\n|\n|t:|1781444812\n|switch|p1a: Glimmora|Glimmora, L75, M|248/248\n|-damage|p1a: Glimmora|217/248|[from] Stealth Rock\n|turn|8\n|\n|t:|1781444836\n|move|p1a: Glimmora|Energy Ball|p2a: Whiscash\n|-supereffective|p2a: Whiscash\n|-damage|p2a: Whiscash|0 fnt\n|faint|p2a: Whiscash\n|\n|upkeep\n|\n|t:|1781444839\n|switch|p2a: Mesprit|Mesprit, L85|275/275\n|-damage|p2a: Mesprit|241/275|[from] Stealth Rock\n|turn|9\n|\n|t:|1781444843\n|move|p2a: Mesprit|Nasty Plot|p2a: Mesprit\n|-boost|p2a: Mesprit|spa|2\n|move|p1a: Glimmora|Meteor Beam||[still]\n|-prepare|p1a: Glimmora|Meteor Beam\n|-boost|p1a: Glimmora|spa|1\n|-enditem|p1a: Glimmora|Power Herb\n|-anim|p1a: Glimmora|Meteor Beam|p2a: Mesprit\n|-damage|p2a: Mesprit|63/275\n|\n|upkeep\n|turn|10\n|\n|t:|1781444847\n|switch|p1a: Farigiraf|Farigiraf, L90, F|362/362\n|-damage|p1a: Farigiraf|317/362|[from] Stealth Rock\n|move|p2a: Mesprit|Psychic|p1a: Farigiraf\n|-resisted|p1a: Farigiraf\n|-damage|p1a: Farigiraf|157/362\n|-damage|p2a: Mesprit|36/275|[from] item: Life Orb\n|\n|-heal|p1a: Farigiraf|179/362|[from] item: Leftovers\n|upkeep\n|turn|11\n|\n|t:|1781444854\n|move|p1a: Farigiraf|Protect|p1a: Farigiraf\n|-singleturn|p1a: Farigiraf|Protect\n|move|p2a: Mesprit|Thunderbolt|p1a: Farigiraf\n|-activate|p1a: Farigiraf|move: Protect\n|\n|-heal|p1a: Farigiraf|201/362|[from] item: Leftovers\n|upkeep\n|turn|12\n|\n|t:|1781444858\n|switch|p1a: Galvantula|Galvantula, L82, M|249/249\n|move|p2a: Mesprit|Thunderbolt|p1a: Galvantula\n|-resisted|p1a: Galvantula\n|-damage|p1a: Galvantula|131/249\n|-damage|p2a: Mesprit|9/275|[from] item: Life Orb\n|\n|upkeep\n|turn|13\n|\n|t:|1781444862\n|move|p1a: Galvantula|Bug Buzz|p2a: Mesprit\n|-supereffective|p2a: Mesprit\n|-damage|p2a: Mesprit|0 fnt\n|faint|p2a: Mesprit\n|\n|upkeep\n|\n|t:|1781444867\n|switch|p2a: Bisharp|Bisharp, L79, M|232/232\n|-damage|p2a: Bisharp|218/232|[from] Stealth Rock\n|turn|14\n|\n|t:|1781444872\n|move|p1a: Galvantula|Thunder|p2a: Bisharp\n|-damage|p2a: Bisharp|128/232\n|move|p2a: Bisharp|Throat Chop|p1a: Galvantula\n|-damage|p1a: Galvantula|11/249\n|-start|p1a: Galvantula|Throat Chop|[silent]\n|\n|upkeep\n|turn|15\n|\n|t:|1781444878\n|move|p1a: Galvantula|Sticky Web|p2a: Bisharp\n|-sidestart|p2: tobititz|move: Sticky Web\n|move|p2a: Bisharp|Throat Chop|p1a: Galvantula\n|-damage|p1a: Galvantula|0 fnt\n|faint|p1a: Galvantula\n|\n|upkeep\n|\n|t:|1781444884\n|switch|p1a: Rayquaza|Rayquaza, L72|270/270\n|-ability|p1a: Rayquaza|Air Lock\n|turn|16\n|\n|t:|1781444889\n|move|p1a: Rayquaza|Swords Dance|p1a: Rayquaza\n|-boost|p1a: Rayquaza|atk|2\n|move|p2a: Bisharp|Iron Head|p1a: Rayquaza\n|-damage|p1a: Rayquaza|159/270\n|\n|upkeep\n|turn|17\n|\n|t:|1781444893\n|move|p2a: Bisharp|Sucker Punch|p1a: Rayquaza\n|-damage|p1a: Rayquaza|63/270\n|move|p1a: Rayquaza|Earthquake|p2a: Bisharp\n|-supereffective|p2a: Bisharp\n|-damage|p2a: Bisharp|0 fnt\n|faint|p2a: Bisharp\n|\n|upkeep\n|\n|t:|1781444900\n|switch|p2a: Beartic|Beartic, L91, F|321/321\n|turn|18\n|\n|t:|1781444927\n|move|p1a: Rayquaza|Dragon Ascent|p2a: Beartic\n|-damage|p2a: Beartic|51/321\n|-unboost|p1a: Rayquaza|def|1\n|-unboost|p1a: Rayquaza|spd|1\n|move|p2a: Beartic|Icicle Crash|p1a: Rayquaza\n|-supereffective|p1a: Rayquaza\n|-damage|p1a: Rayquaza|0 fnt\n|faint|p1a: Rayquaza\n|\n|upkeep\n|\n|t:|1781444932\n|switch|p1a: Glimmora|Glimmora, L75, M|217/248\n|-damage|p1a: Glimmora|186/248|[from] Stealth Rock\n|turn|19\n|\n|t:|1781444934\n|move|p1a: Glimmora|Sludge Wave|p2a: Beartic\n|-damage|p2a: Beartic|0 fnt\n|faint|p2a: Beartic\n|\n|upkeep\n|\n|t:|1781444936\n|switch|p2a: Roaring Moon|Roaring Moon, L72|270/270\n|-damage|p2a: Roaring Moon|237/270|[from] Stealth Rock\n|-activate|p2a: Roaring Moon|move: Sticky Web\n|-unboost|p2a: Roaring Moon|spe|1\n|turn|20\n|\n|t:|1781444943\n|move|p1a: Glimmora|Sludge Wave|p2a: Roaring Moon\n|-damage|p2a: Roaring Moon|131/270\n|move|p2a: Roaring Moon|Dragon Dance|p2a: Roaring Moon\n|-boost|p2a: Roaring Moon|atk|1\n|-boost|p2a: Roaring Moon|spe|1\n|\n|upkeep\n|turn|21\n|\n|t:|1781444952\n|move|p2a: Roaring Moon|Iron Head|p1a: Glimmora\n|-supereffective|p1a: Glimmora\n|-damage|p1a: Glimmora|0 fnt\n|-activate|p1a: Glimmora|ability: Toxic Debris\n|-sidestart|p2: tobititz|move: Toxic Spikes\n|faint|p1a: Glimmora\n|\n|upkeep\n|\n|t:|1781444958\n|switch|p1a: Milotic|Milotic, L83, F|293/293\n|-damage|p1a: Milotic|257/293|[from] Stealth Rock\n|turn|22\n|\n|t:|1781444962\n|-terastallize|p2a: Roaring Moon|Dark\n|-terastallize|p1a: Milotic|Steel\n|move|p2a: Roaring Moon|Knock Off|p1a: Milotic\n|-damage|p1a: Milotic|25/293\n|-enditem|p1a: Milotic|Leftovers|[from] move: Knock Off|[of] p2a: Roaring Moon\n|move|p1a: Milotic|Ice Beam|p2a: Roaring Moon\n|-damage|p2a: Roaring Moon|60/270\n|\n|upkeep\n|turn|23\n|\n|t:|1781444969\n|move|p2a: Roaring Moon|Knock Off|p1a: Milotic\n|-damage|p1a: Milotic|0 fnt\n|faint|p1a: Milotic\n|\n|upkeep\n|\n|t:|1781444970\n|switch|p1a: Farigiraf|Farigiraf, L90, F|201/362\n|-damage|p1a: Farigiraf|156/362|[from] Stealth Rock\n|turn|24\n|c|\u2606tobititz|GG\n|c|\u2606blufferfish2009|gg\n|\n|t:|1781444976\n|move|p2a: Roaring Moon|Knock Off|p1a: Farigiraf\n|-supereffective|p1a: Farigiraf\n|-damage|p1a: Farigiraf|0 fnt\n|-enditem|p1a: Farigiraf|Leftovers|[from] move: Knock Off|[of] p2a: Roaring Moon\n|faint|p1a: Farigiraf\n|\n|win|tobititz\n", "inputlog": ">version a8376a258c1d4662feba110a92103f3664a72141\n>start {\"formatid\":\"gen9randombattle\",\"seed\":\"sodium,cbfaa69998749f3e546ab43b08ee1c4b\",\"rated\":\"Rated battle\"}\n>player p1 {\"name\":\"blufferfish2009\",\"avatar\":\"iris-gen5bw2\",\"rating\":1954,\"seed\":\"sodium,2c1264409adf8d965fbf4a8756b06359\"}\n>player p2 {\"name\":\"tobititz\",\"avatar\":\"2\",\"rating\":1978,\"seed\":\"sodium,4c33c9f80d1e266670a59b855062fd23\"}\n>p1 move psychicnoise\n>p2 switch 2\n>p1 switch 6\n>p2 move stealthrock\n>p1 move stealthrock\n>p2 switch 2\n>p1 move roar\n>p2 move dragondance\n>p1 move icebeam\n>p2 move dragonclaw\n>p1 move earthquake\n>p2 move dragonclaw\n>p2 switch 3\n>p1 move roar\n>p2 move earthquake\n>p1 switch 3\n>p1 move energyball\n>p2 move dragondance\n>p2 switch 5\n>p1 move meteorbeam\n>p2 move nastyplot\n>p1 switch 6\n>p2 move psychic\n>p1 move protect\n>p2 move thunderbolt\n>p1 switch 5\n>p2 move thunderbolt\n>p1 move bugbuzz\n>p2 move psychic\n>p2 switch 2\n>p1 move thunder\n>p2 move throatchop\n>p1 move stickyweb\n>p2 move throatchop\n>p1 switch 4\n>p1 move swordsdance\n>p2 move ironhead\n>p1 move earthquake\n>p2 move suckerpunch\n>p2 switch 4\n>p1 move dragonascent\n>p2 move iciclecrash\n>p1 switch 6\n>p1 move sludgewave\n>p2 move earthquake\n>p2 switch 6\n>p1 move sludgewave\n>p2 move dragondance\n>p1 move sludgewave\n>p2 move ironhead\n>p1 switch 2\n>p1 move icebeam terastallize\n>p2 move knockoff terastallize\n>p1 move scald\n>p2 move knockoff\n>p1 switch 5\n>chat \u2606tobititz|GG\n>chat \u2606blufferfish2009|gg\n>p1 move bodyslam\n>p2 move knockoff", "uploadtime": 1781444754, "views": 7, "formatid": "gen9randombattle", "rating": null, "private": 0, "password": null}