{"id": "gen9randombattle-2631770887", "format": "[Gen 9] Random Battle", "players": ["Crysys1", "RedDudeN64"], "log": "|j|\u2606Crysys1\n|j|\u2606RedDudeN64\n|t:|1781437042\n|gametype|singles\n|player|p1|Crysys1|265|2167\n|player|p2|RedDudeN64|red|2204\n|gen|9\n|tier|[Gen 9] Random Battle\n|rated|\n|rule|Species Clause: Limit one of each Pok\u00e9mon\n|rule|HP Percentage Mod: HP is shown in percentages\n|rule|Sleep Clause Mod: Limit one foe put to sleep\n|rule|Illusion Level Mod: Illusion disguises the Pok\u00e9mon's true level\n|\n|t:|1781437042\n|teamsize|p1|6\n|teamsize|p2|6\n|start\n|switch|p1a: Minun|Minun, L95, F|268/268\n|switch|p2a: Zebstrika|Zebstrika, L87, M|272/272\n|turn|1\n|inactive|Battle timer is ON: inactive players will automatically lose when time's up. (requested by RedDudeN64)\n|inactive|Crysys1 has 120 seconds left.\n|\n|t:|1781437091\n|switch|p1a: Sandslash|Sandslash, L89, F|278/278\n|move|p2a: Zebstrika|High Horsepower|p1a: Sandslash\n|-damage|p1a: Sandslash|207/278\n|-damage|p2a: Zebstrika|245/272|[from] item: Life Orb\n|\n|-heal|p1a: Sandslash|224/278|[from] item: Leftovers\n|upkeep\n|turn|2\n|inactive|RedDudeN64 has 120 seconds left.\n|\n|t:|1781437138\n|switch|p2a: Mandibuzz|Mandibuzz, L85, F|326/326\n|move|p1a: Sandslash|Spikes|p2a: Mandibuzz\n|-sidestart|p2: RedDudeN64|Spikes\n|\n|-heal|p1a: Sandslash|241/278|[from] item: Leftovers\n|upkeep\n|turn|3\n|\n|t:|1781437162\n|switch|p1a: Kilowattrel|Kilowattrel, L83, F|252/252\n|move|p2a: Mandibuzz|Toxic|p1a: Kilowattrel\n|-status|p1a: Kilowattrel|tox\n|\n|-damage|p1a: Kilowattrel|237/252 tox|[from] psn\n|upkeep\n|turn|4\n|inactive|RedDudeN64 has 120 seconds left.\n|\n|t:|1781437179\n|switch|p2a: Gastrodon|Gastrodon, L86, M|331/331\n|-damage|p2a: Gastrodon|290/331|[from] Spikes\n|move|p1a: Kilowattrel|U-turn|p2a: Gastrodon\n|-crit|p2a: Gastrodon\n|-damage|p2a: Gastrodon|227/331\n|\n|t:|1781437189\n|switch|p1a: Hypno|Hypno, L95, F|315/315|[from] U-turn\n|\n|-heal|p2a: Gastrodon|247/331|[from] item: Leftovers\n|upkeep\n|turn|5\n|inactive|RedDudeN64 has 120 seconds left.\n|\n|t:|1781437201\n|switch|p2a: Torkoal|Torkoal, L88, F|266/266\n|-weather|SunnyDay|[from] ability: Drought|[of] p2a: Torkoal\n|move|p1a: Hypno|Toxic|p2a: Torkoal|[miss]\n|-miss|p1a: Hypno|p2a: Torkoal\n|\n|-weather|SunnyDay|[upkeep]\n|upkeep\n|turn|6\n|inactive|RedDudeN64 has 120 seconds left.\n|\n|t:|1781437207\n|move|p1a: Hypno|Toxic|p2a: Torkoal\n|-status|p2a: Torkoal|tox\n|move|p2a: Torkoal|Yawn|p1a: Hypno\n|-immune|p1a: Hypno|[from] ability: Insomnia\n|\n|-weather|SunnyDay|[upkeep]\n|-damage|p2a: Torkoal|250/266 tox|[from] psn\n|upkeep\n|turn|7\n|\n|t:|1781437214\n|move|p1a: Hypno|Psychic Noise|p2a: Torkoal\n|-damage|p2a: Torkoal|148/266 tox\n|-start|p2a: Torkoal|move: Heal Block\n|move|p2a: Torkoal|Stealth Rock|p1a: Hypno\n|-sidestart|p1: Crysys1|move: Stealth Rock\n|\n|-weather|SunnyDay|[upkeep]\n|-damage|p2a: Torkoal|116/266 tox|[from] psn\n|upkeep\n|turn|8\n|\n|t:|1781437221\n|move|p1a: Hypno|Psychic Noise|p2a: Torkoal\n|-damage|p2a: Torkoal|25/266 tox\n|move|p2a: Torkoal|Lava Plume|p1a: Hypno\n|-damage|p1a: Hypno|224/315\n|-status|p1a: Hypno|brn\n|\n|-weather|SunnyDay|[upkeep]\n|-heal|p1a: Hypno|243/315 brn|[from] item: Leftovers\n|-damage|p2a: Torkoal|0 fnt|[from] psn\n|faint|p2a: Torkoal\n|-damage|p1a: Hypno|224/315 brn|[from] brn\n|upkeep\n|\n|t:|1781437235\n|switch|p2a: Zebstrika|Zebstrika, L87, M|245/272\n|-damage|p2a: Zebstrika|211/272|[from] Spikes\n|turn|9\n|\n|t:|1781437241\n|move|p1a: Hypno|Protect|p1a: Hypno\n|-singleturn|p1a: Hypno|Protect\n|move|p2a: Zebstrika|Overheat|p1a: Hypno\n|-activate|p1a: Hypno|move: Protect\n|\n|-weather|none\n|-heal|p1a: Hypno|243/315 brn|[from] item: Leftovers\n|-damage|p1a: Hypno|224/315 brn|[from] brn\n|upkeep\n|turn|10\n|\n|t:|1781437252\n|move|p2a: Zebstrika|Supercell Slam|p1a: Hypno\n|-damage|p1a: Hypno|60/315 brn\n|-damage|p2a: Zebstrika|184/272|[from] item: Life Orb\n|move|p1a: Hypno|Psychic Noise|p2a: Zebstrika\n|-damage|p2a: Zebstrika|78/272\n|-start|p2a: Zebstrika|move: Heal Block\n|\n|-heal|p1a: Hypno|79/315 brn|[from] item: Leftovers\n|-damage|p1a: Hypno|60/315 brn|[from] brn\n|upkeep\n|turn|11\n|\n|t:|1781437258\n|move|p1a: Hypno|Protect|p1a: Hypno\n|-singleturn|p1a: Hypno|Protect\n|move|p2a: Zebstrika|High Horsepower|p1a: Hypno\n|-activate|p1a: Hypno|move: Protect\n|\n|-heal|p1a: Hypno|79/315 brn|[from] item: Leftovers\n|-damage|p1a: Hypno|60/315 brn|[from] brn\n|-end|p2a: Zebstrika|move: Heal Block\n|upkeep\n|turn|12\n|\n|t:|1781437262\n|switch|p1a: Sandslash|Sandslash, L89, F|241/278\n|-damage|p1a: Sandslash|224/278|[from] Stealth Rock\n|move|p2a: Zebstrika|Overheat|p1a: Sandslash\n|-damage|p1a: Sandslash|91/278\n|-unboost|p2a: Zebstrika|spa|2\n|-damage|p2a: Zebstrika|51/272|[from] item: Life Orb\n|\n|-heal|p1a: Sandslash|108/278|[from] item: Leftovers\n|upkeep\n|turn|13\n|\n|t:|1781437270\n|move|p2a: Zebstrika|Overheat|p1a: Sandslash|[miss]\n|-miss|p2a: Zebstrika|p1a: Sandslash\n|move|p1a: Sandslash|Rapid Spin|p2a: Zebstrika\n|-damage|p2a: Zebstrika|1/272\n|-boost|p1a: Sandslash|spe|1\n|-sideend|p1: Crysys1|Stealth Rock|[from] move: Rapid Spin|[of] p1a: Sandslash\n|\n|-heal|p1a: Sandslash|125/278|[from] item: Leftovers\n|upkeep\n|turn|14\n|\n|t:|1781437283\n|move|p2a: Zebstrika|Overheat|p1a: Sandslash\n|-damage|p1a: Sandslash|47/278\n|-unboost|p2a: Zebstrika|spa|2\n|-damage|p2a: Zebstrika|0 fnt|[from] item: Life Orb\n|faint|p2a: Zebstrika\n|move|p1a: Sandslash|Spikes|p2: Zebstrika\n|-sidestart|p2: RedDudeN64|Spikes\n|\n|-heal|p1a: Sandslash|64/278|[from] item: Leftovers\n|upkeep\n|\n|t:|1781437286\n|switch|p2a: Mandibuzz|Mandibuzz, L85, F|326/326\n|turn|15\n|\n|t:|1781437291\n|switch|p1a: Kilowattrel|Kilowattrel, L83, F|237/252 tox\n|move|p2a: Mandibuzz|Foul Play|p1a: Kilowattrel\n|-damage|p1a: Kilowattrel|132/252 tox\n|\n|-damage|p1a: Kilowattrel|117/252 tox|[from] psn\n|upkeep\n|turn|16\n|\n|t:|1781437296\n|move|p1a: Kilowattrel|U-turn|p2a: Mandibuzz\n|-damage|p2a: Mandibuzz|295/326\n|\n|t:|1781437304\n|switch|p1a: Sandslash|Sandslash, L89, F|64/278|[from] U-turn\n|move|p2a: Mandibuzz|Foul Play|p1a: Sandslash\n|-damage|p1a: Sandslash|0 fnt\n|faint|p1a: Sandslash\n|\n|upkeep\n|\n|t:|1781437308\n|switch|p1a: Minun|Minun, L95, F|268/268\n|turn|17\n|\n|t:|1781437310\n|move|p1a: Minun|Nasty Plot|p1a: Minun\n|-boost|p1a: Minun|spa|2\n|move|p2a: Mandibuzz|Toxic|p1a: Minun\n|-status|p1a: Minun|tox\n|\n|-damage|p1a: Minun|252/268 tox|[from] psn\n|upkeep\n|turn|18\n|\n|t:|1781437315\n|switch|p2a: Gastrodon|Gastrodon, L86, M|247/331\n|-damage|p2a: Gastrodon|192/331|[from] Spikes\n|move|p1a: Minun|Alluring Voice|p2a: Gastrodon\n|-crit|p2a: Gastrodon\n|-damage|p2a: Gastrodon|0 fnt\n|faint|p2a: Gastrodon\n|-damage|p1a: Minun|226/268 tox|[from] item: Life Orb\n|\n|-damage|p1a: Minun|194/268 tox|[from] psn\n|upkeep\n|\n|t:|1781437320\n|switch|p2a: Magcargo|Magcargo, L95, F|268/268\n|turn|19\n|\n|t:|1781437327\n|move|p1a: Minun|Thunderbolt|p2a: Magcargo\n|-damage|p2a: Magcargo|9/268\n|-damage|p1a: Minun|168/268 tox|[from] item: Life Orb\n|move|p2a: Magcargo|Earth Power|p1a: Minun\n|-supereffective|p1a: Minun\n|-damage|p1a: Minun|22/268 tox\n|\n|-damage|p1a: Minun|0 fnt|[from] psn\n|faint|p1a: Minun\n|upkeep\n|\n|t:|1781437332\n|switch|p1a: Palafin|Palafin, L77, M|281/281\n|turn|20\n|\n|t:|1781437343\n|detailschange|p1a: Palafin|Palafin-Hero, L77, M\n|switch|p1a: Hypno|Hypno, L95, F|60/315 brn\n|move|p2a: Magcargo|Power Gem|p1a: Hypno\n|-damage|p1a: Hypno|0 fnt\n|faint|p1a: Hypno\n|\n|upkeep\n|\n|t:|1781437347\n|switch|p1a: Kilowattrel|Kilowattrel, L83, F|117/252 tox\n|turn|21\n|\n|t:|1781437350\n|move|p1a: Kilowattrel|Discharge|p2a: Magcargo\n|-damage|p2a: Magcargo|0 fnt\n|faint|p2a: Magcargo\n|\n|-damage|p1a: Kilowattrel|102/252 tox|[from] psn\n|upkeep\n|\n|t:|1781437353\n|switch|p2a: Comfey|Comfey, L85, M|225/225\n|-damage|p2a: Comfey|188/225|[from] Spikes\n|turn|22\n|\n|t:|1781437364\n|move|p1a: Kilowattrel|U-turn|p2a: Comfey\n|-resisted|p2a: Comfey\n|-damage|p2a: Comfey|170/225\n|\n|t:|1781437366\n|switch|p1a: Kingambit|Kingambit, L74, F|270/270|[from] U-turn\n|-activate|p1a: Kingambit|ability: Supreme Overlord\n|-start|p1a: Kingambit|fallen3|[silent]\n|move|p2a: Comfey|Calm Mind|p2a: Comfey\n|-boost|p2a: Comfey|spa|1\n|-boost|p2a: Comfey|spd|1\n|\n|-heal|p2a: Comfey|184/225|[from] item: Leftovers\n|upkeep\n|turn|23\n|\n|t:|1781437383\n|-terastallize|p1a: Kingambit|Flying\n|move|p2a: Comfey|Draining Kiss|p1a: Kingambit\n|-damage|p1a: Kingambit|180/270\n|-heal|p2a: Comfey|225/225|[from] drain|[of] p1a: Kingambit\n|move|p1a: Kingambit|Swords Dance|p1a: Kingambit\n|-boost|p1a: Kingambit|atk|2\n|\n|-heal|p1a: Kingambit|196/270|[from] item: Leftovers\n|upkeep\n|turn|24\n|\n|t:|1781437389\n|move|p2a: Comfey|Draining Kiss|p1a: Kingambit\n|-damage|p1a: Kingambit|117/270\n|move|p1a: Kingambit|Iron Head|p2a: Comfey\n|-supereffective|p2a: Comfey\n|-damage|p2a: Comfey|0 fnt\n|faint|p2a: Comfey\n|\n|-heal|p1a: Kingambit|133/270|[from] item: Leftovers\n|upkeep\n|\n|t:|1781437391\n|switch|p2a: Mandibuzz|Mandibuzz, L85, F|295/326\n|turn|25\n|\n|t:|1781437401\n|move|p1a: Kingambit|Sucker Punch|p2a: Mandibuzz\n|-resisted|p2a: Mandibuzz\n|-damage|p2a: Mandibuzz|208/326\n|move|p2a: Mandibuzz|Foul Play|p1a: Kingambit\n|-damage|p1a: Kingambit|0 fnt\n|faint|p1a: Kingambit\n|-end|p1a: Kingambit|fallen3|[silent]\n|\n|upkeep\n|\n|t:|1781437404\n|switch|p1a: Kilowattrel|Kilowattrel, L83, F|102/252 tox\n|turn|26\n|\n|t:|1781437409\n|move|p1a: Kilowattrel|Discharge|p2a: Mandibuzz\n|-supereffective|p2a: Mandibuzz\n|-damage|p2a: Mandibuzz|44/326\n|move|p2a: Mandibuzz|Roost|p2a: Mandibuzz\n|-heal|p2a: Mandibuzz|207/326\n|-singleturn|p2a: Mandibuzz|move: Roost\n|\n|-damage|p1a: Kilowattrel|87/252 tox|[from] psn\n|upkeep\n|turn|27\n|\n|t:|1781437412\n|-terastallize|p2a: Mandibuzz|Steel\n|move|p1a: Kilowattrel|Discharge|p2a: Mandibuzz\n|-damage|p2a: Mandibuzz|119/326\n|move|p2a: Mandibuzz|Roost|p2a: Mandibuzz\n|-heal|p2a: Mandibuzz|282/326\n|\n|-damage|p1a: Kilowattrel|57/252 tox|[from] psn\n|upkeep\n|turn|28\n|\n|t:|1781437417\n|move|p1a: Kilowattrel|Discharge|p2a: Mandibuzz\n|-damage|p2a: Mandibuzz|192/326\n|move|p2a: Mandibuzz|Roost|p2a: Mandibuzz\n|-heal|p2a: Mandibuzz|326/326\n|\n|-damage|p1a: Kilowattrel|12/252 tox|[from] psn\n|upkeep\n|turn|29\n|\n|t:|1781437421\n|move|p1a: Kilowattrel|Discharge|p2a: Mandibuzz\n|-damage|p2a: Mandibuzz|250/326\n|-status|p2a: Mandibuzz|par\n|cant|p2a: Mandibuzz|par\n|\n|-damage|p1a: Kilowattrel|0 fnt|[from] psn\n|faint|p1a: Kilowattrel\n|upkeep\n|\n|t:|1781437424\n|switch|p1a: Palafin|Palafin-Hero, L77, M|281/281\n|-activate|p1a: Palafin|ability: Zero to Hero\n|turn|30\n|\n|t:|1781437428\n|move|p1a: Palafin|Bulk Up|p1a: Palafin\n|-boost|p1a: Palafin|atk|1\n|-boost|p1a: Palafin|def|1\n|move|p2a: Mandibuzz|Toxic|p1a: Palafin\n|-status|p1a: Palafin|tox\n|\n|-damage|p1a: Palafin|264/281 tox|[from] psn\n|upkeep\n|turn|31\n|\n|t:|1781437435\n|move|p1a: Palafin|Bulk Up|p1a: Palafin\n|-boost|p1a: Palafin|atk|1\n|-boost|p1a: Palafin|def|1\n|cant|p2a: Mandibuzz|par\n|\n|-heal|p1a: Palafin|281/281 tox|[from] item: Leftovers\n|-damage|p1a: Palafin|247/281 tox|[from] psn\n|upkeep\n|turn|32\n|\n|t:|1781437439\n|move|p1a: Palafin|Bulk Up|p1a: Palafin\n|-boost|p1a: Palafin|atk|1\n|-boost|p1a: Palafin|def|1\n|move|p2a: Mandibuzz|Foul Play|p1a: Palafin\n|-damage|p1a: Palafin|111/281 tox\n|\n|-heal|p1a: Palafin|128/281 tox|[from] item: Leftovers\n|-damage|p1a: Palafin|77/281 tox|[from] psn\n|upkeep\n|turn|33\n|\n|t:|1781437442\n|move|p1a: Palafin|Drain Punch|p2a: Mandibuzz\n|-supereffective|p2a: Mandibuzz\n|-damage|p2a: Mandibuzz|0 fnt\n|-heal|p1a: Palafin|202/281 tox|[from] drain|[of] p2a: Mandibuzz\n|faint|p2a: Mandibuzz\n|\n|win|Crysys1\n", "inputlog": ">version a8376a258c1d4662feba110a92103f3664a72141\n>start {\"formatid\":\"gen9randombattle\",\"seed\":\"sodium,7efc764f8b428f0d363231b9f8cb1ff1\",\"rated\":\"Rated battle\"}\n>player p1 {\"name\":\"Crysys1\",\"avatar\":\"265\",\"rating\":2167,\"seed\":\"sodium,f33baa79f40d1065eea97fc151efaf77\"}\n>player p2 {\"name\":\"RedDudeN64\",\"avatar\":\"red\",\"rating\":2204,\"seed\":\"sodium,bd15fa524a725e47e0f70e58ef26475a\"}\n>p1 switch 6\n>p2 move highhorsepower\n>p1 move spikes\n>p2 switch 6\n>p1 switch 4\n>p2 move toxic\n>p1 move uturn\n>p2 switch 3\n>p1 switch 3\n>p1 move toxic\n>p2 switch 4\n>p1 move toxic\n>p2 move yawn\n>p1 move psychicnoise\n>p2 move stealthrock\n>p1 move psychicnoise\n>p2 move lavaplume\n>p2 switch 6\n>p1 move protect\n>p2 move overheat\n>p1 move psychicnoise\n>p2 move supercellslam\n>p1 move protect\n>p2 move highhorsepower\n>p1 switch 4\n>p2 move overheat\n>p1 move rapidspin\n>p2 move overheat\n>p1 move spikes\n>p2 move overheat\n>p2 switch 3\n>p1 switch 3\n>p2 move foulplay\n>p1 move uturn\n>p2 move foulplay\n>p1 switch 3\n>p1 switch 6\n>p1 move nastyplot\n>p2 move toxic\n>p1 move alluringvoice\n>p2 switch 4\n>p2 switch 5\n>p1 move thunderbolt\n>p2 move earthpower\n>p1 switch 5\n>p1 switch 4\n>p2 move powergem\n>p1 switch 3\n>p1 move discharge\n>p2 move powergem\n>p2 switch 2\n>p1 move uturn\n>p2 move calmmind\n>p1 switch 2\n>p1 move swordsdance terastallize\n>p2 move drainingkiss\n>p1 move ironhead\n>p2 move drainingkiss\n>p2 switch 4\n>p1 move suckerpunch\n>p2 move foulplay\n>p1 switch 2\n>p1 move discharge\n>p2 move roost\n>p1 move discharge\n>p2 move roost terastallize\n>p1 move discharge\n>p2 move roost\n>p1 move discharge\n>p2 move roost\n>p1 switch 4\n>p1 move bulkup\n>p2 move toxic\n>p1 move bulkup\n>p2 move foulplay\n>p1 move bulkup\n>p2 move foulplay\n>p1 move drainpunch\n>p2 move foulplay", "uploadtime": 1781437043, "views": 5, "formatid": "gen9randombattle", "rating": null, "private": 0, "password": null}