{"id": "gen9randombattle-2631994416", "format": "[Gen 9] Random Battle", "players": ["titofer", "PTSree"], "log": "|j|\u2606titofer\n|j|\u2606PTSree\n|t:|1781463869\n|gametype|singles\n|player|p1|titofer|169|1951\n|player|p2|PTSree|169|1935\n|gen|9\n|tier|[Gen 9] Random Battle\n|rated|\n|rule|Species Clause: Limit one of each Pok\u00e9mon\n|rule|HP Percentage Mod: HP is shown in percentages\n|rule|Sleep Clause Mod: Limit one foe put to sleep\n|rule|Illusion Level Mod: Illusion disguises the Pok\u00e9mon's true level\n|\n|t:|1781463869\n|teamsize|p1|6\n|teamsize|p2|6\n|start\n|switch|p1a: Slaking|Slaking, L84, F|389/389\n|switch|p2a: Leavanny|Leavanny, L86, F|269/269\n|turn|1\n|inactive|Battle timer is ON: inactive players will automatically lose when time's up. (requested by PTSree)\n|\n|t:|1781463883\n|switch|p2a: Archaludon|Archaludon, L78, M|268/268\n|move|p1a: Slaking|Double-Edge|p2a: Archaludon\n|-resisted|p2a: Archaludon\n|-damage|p2a: Archaludon|190/268\n|-ability|p2a: Archaludon|Stamina|boost\n|-boost|p2a: Archaludon|def|1\n|-damage|p1a: Slaking|363/389|[from] Recoil\n|\n|upkeep\n|turn|2\n|\n|t:|1781463895\n|switch|p1a: Noctowl|Noctowl, L95, F|344/344\n|move|p2a: Archaludon|Swords Dance|p2a: Archaludon\n|-boost|p2a: Archaludon|atk|2\n|\n|upkeep\n|turn|3\n|\n|t:|1781463902\n|move|p1a: Noctowl|Hurricane|p2a: Archaludon\n|-resisted|p2a: Archaludon\n|-damage|p2a: Archaludon|22/268\n|-ability|p2a: Archaludon|Stamina|boost\n|-boost|p2a: Archaludon|def|1\n|move|p2a: Archaludon|Outrage|p1a: Noctowl\n|-damage|p1a: Noctowl|8/344\n|\n|upkeep\n|turn|4\n|\n|t:|1781463910\n|move|p1a: Noctowl|Hyper Voice|p2a: Archaludon\n|-resisted|p2a: Archaludon\n|-damage|p2a: Archaludon|0 fnt\n|faint|p2a: Archaludon\n|\n|upkeep\n|\n|t:|1781463919\n|switch|p2a: Leavanny|Leavanny, L86, F|269/269\n|turn|5\n|\n|t:|1781463925\n|move|p2a: Leavanny|Knock Off|p1a: Noctowl\n|-damage|p1a: Noctowl|0 fnt\n|-enditem|p1a: Noctowl|Heavy-Duty Boots|[from] move: Knock Off|[of] p2a: Leavanny\n|faint|p1a: Noctowl\n|\n|upkeep\n|\n|t:|1781463929\n|switch|p1a: Incineroar|Incineroar, L82, F|290/290\n|-ability|p1a: Incineroar|Intimidate|boost\n|-unboost|p2a: Leavanny|atk|1\n|turn|6\n|\n|t:|1781463939\n|switch|p2a: Garchomp|Garchomp, L74, M|282/282\n|move|p1a: Incineroar|Swords Dance|p1a: Incineroar\n|-boost|p1a: Incineroar|atk|2\n|\n|upkeep\n|turn|7\n|\n|t:|1781463947\n|-terastallize|p1a: Incineroar|Grass\n|move|p2a: Garchomp|Earthquake|p1a: Incineroar\n|-resisted|p1a: Incineroar\n|-damage|p1a: Incineroar|241/290\n|move|p1a: Incineroar|Trailblaze|p2a: Garchomp\n|-damage|p2a: Garchomp|134/282\n|-boost|p1a: Incineroar|spe|1\n|-damage|p1a: Incineroar|205/290|[from] ability: Rough Skin|[of] p2a: Garchomp\n|-damage|p1a: Incineroar|157/290|[from] item: Rocky Helmet|[of] p2a: Garchomp\n|\n|upkeep\n|turn|8\n|\n|t:|1781463971\n|move|p1a: Incineroar|Knock Off|p2a: Garchomp\n|-damage|p2a: Garchomp|0 fnt\n|-damage|p1a: Incineroar|121/290|[from] ability: Rough Skin|[of] p2a: Garchomp\n|-damage|p1a: Incineroar|73/290|[from] item: Rocky Helmet|[of] p2a: Garchomp\n|-enditem|p2a: Garchomp|Rocky Helmet|[from] move: Knock Off|[of] p1a: Incineroar\n|faint|p2a: Garchomp\n|\n|upkeep\n|\n|t:|1781463978\n|switch|p2a: Mamoswine|Mamoswine, L81, M|311/311\n|turn|9\n|\n|t:|1781463993\n|switch|p1a: Slaking|Slaking, L84, F|363/389\n|move|p2a: Mamoswine|Ice Shard|p1a: Slaking\n|-damage|p1a: Slaking|291/389\n|\n|upkeep\n|turn|10\n|\n|t:|1781464008\n|switch|p2a: Passimian|Passimian, L83, F|302/302\n|move|p1a: Slaking|Double-Edge|p2a: Passimian\n|-crit|p2a: Passimian\n|-damage|p2a: Passimian|11/302\n|-damage|p1a: Slaking|195/389|[from] Recoil\n|\n|-heal|p2a: Passimian|29/302|[from] item: Leftovers\n|upkeep\n|turn|11\n|\n|t:|1781464018\n|switch|p1a: Calyrex|Calyrex, L93|337/337\n|-ability|p1a: Calyrex|Unnerve\n|move|p2a: Passimian|Drain Punch|p1a: Calyrex\n|-resisted|p1a: Calyrex\n|-damage|p1a: Calyrex|292/337\n|-heal|p2a: Passimian|52/302|[from] drain|[of] p1a: Calyrex\n|\n|-heal|p1a: Calyrex|313/337|[from] item: Leftovers\n|-heal|p2a: Passimian|70/302|[from] item: Leftovers\n|upkeep\n|turn|12\n|\n|t:|1781464031\n|switch|p2a: Leavanny|Leavanny, L86, F|269/269\n|move|p1a: Calyrex|Psychic|p2a: Leavanny\n|-damage|p2a: Leavanny|164/269\n|\n|-heal|p1a: Calyrex|334/337|[from] item: Leftovers\n|upkeep\n|turn|13\n|\n|t:|1781464036\n|switch|p1a: Slaking|Slaking, L84, F|195/389\n|move|p2a: Leavanny|Sticky Web|p1a: Slaking\n|-sidestart|p1: titofer|move: Sticky Web\n|\n|upkeep\n|turn|14\n|\n|t:|1781464060\n|-terastallize|p2a: Leavanny|Ghost\n|move|p1a: Slaking|Double-Edge|p2a: Leavanny\n|-immune|p2a: Leavanny\n|move|p2a: Leavanny|Bullet Seed|p1a: Slaking\n|-damage|p1a: Slaking|168/389\n|-damage|p1a: Slaking|141/389\n|-damage|p1a: Slaking|114/389\n|-damage|p1a: Slaking|86/389\n|-damage|p1a: Slaking|56/389\n|-hitcount|p1a: Slaking|5\n|\n|upkeep\n|turn|15\n|\n|t:|1781464075\n|switch|p1a: Incineroar|Incineroar, L82, F, tera:Grass|73/290\n|-ability|p1a: Incineroar|Intimidate|boost\n|-unboost|p2a: Leavanny|atk|1\n|move|p2a: Leavanny|Knock Off|p1a: Incineroar\n|-damage|p1a: Incineroar|22/290\n|-enditem|p1a: Incineroar|Heavy-Duty Boots|[from] move: Knock Off|[of] p2a: Leavanny\n|\n|upkeep\n|turn|16\n|inactive|titofer has 120 seconds left.\n|\n|t:|1781464106\n|move|p2a: Leavanny|Bullet Seed|p1a: Incineroar\n|-resisted|p1a: Incineroar\n|-damage|p1a: Incineroar|13/290\n|-resisted|p1a: Incineroar\n|-damage|p1a: Incineroar|4/290\n|-resisted|p1a: Incineroar\n|-crit|p1a: Incineroar\n|-damage|p1a: Incineroar|0 fnt\n|faint|p1a: Incineroar\n|-hitcount|p1: Incineroar|3\n|\n|upkeep\n|inactive|titofer has 120 seconds left.\n|\n|t:|1781464115\n|switch|p1a: Chesnaught|Chesnaught, L84, F|285/285\n|-activate|p1a: Chesnaught|move: Sticky Web\n|-unboost|p1a: Chesnaught|spe|1\n|turn|17\n|\n|t:|1781464123\n|switch|p2a: Enamorus|Enamorus, L79, F|247/247\n|move|p1a: Chesnaught|Trailblaze|p2a: Enamorus\n|-resisted|p2a: Enamorus\n|-damage|p2a: Enamorus|212/247\n|-boost|p1a: Chesnaught|spe|1\n|\n|upkeep\n|turn|18\n|inactive|PTSree has 120 seconds left.\n|\n|t:|1781464155\n|switch|p1a: Calyrex|Calyrex, L93|334/337\n|-ability|p1a: Calyrex|Unnerve\n|-activate|p1a: Calyrex|move: Sticky Web\n|-unboost|p1a: Calyrex|spe|1\n|move|p2a: Enamorus|Moonblast|p1a: Calyrex\n|-damage|p1a: Calyrex|223/337\n|\n|-heal|p1a: Calyrex|244/337|[from] item: Leftovers\n|upkeep\n|turn|19\n|\n|t:|1781464164\n|move|p2a: Enamorus|Mystical Fire|p1a: Calyrex\n|-supereffective|p1a: Calyrex\n|-damage|p1a: Calyrex|132/337\n|-unboost|p1a: Calyrex|spa|1\n|move|p1a: Calyrex|Leech Seed|p2a: Enamorus\n|-start|p2a: Enamorus|move: Leech Seed\n|\n|-heal|p1a: Calyrex|153/337|[from] item: Leftovers\n|-damage|p2a: Enamorus|182/247|[from] Leech Seed|[of] p1a: Calyrex\n|-heal|p1a: Calyrex|183/337|[silent]\n|upkeep\n|turn|20\n|\n|t:|1781464176\n|switch|p2a: Mamoswine|Mamoswine, L81, M|311/311\n|move|p1a: Calyrex|Psychic|p2a: Mamoswine\n|-damage|p2a: Mamoswine|214/311\n|\n|-heal|p1a: Calyrex|204/337|[from] item: Leftovers\n|upkeep\n|turn|21\n|\n|t:|1781464189\n|move|p2a: Mamoswine|Icicle Crash|p1a: Calyrex\n|-supereffective|p1a: Calyrex\n|-damage|p1a: Calyrex|0 fnt\n|faint|p1a: Calyrex\n|\n|upkeep\n|\n|t:|1781464193\n|switch|p1a: Slaking|Slaking, L84, F|56/389\n|-activate|p1a: Slaking|move: Sticky Web\n|-unboost|p1a: Slaking|spe|1\n|turn|22\n|\n|t:|1781464201\n|switch|p2a: Passimian|Passimian, L83, F|70/302\n|move|p1a: Slaking|Giga Impact|p2a: Passimian|[miss]\n|-miss|p1a: Slaking|p2a: Passimian\n|\n|-heal|p2a: Passimian|88/302|[from] item: Leftovers\n|upkeep\n|turn|23\n|-message|titofer forfeited.\n|\n|win|PTSree\n", "inputlog": ">version a8376a258c1d4662feba110a92103f3664a72141\n>start {\"formatid\":\"gen9randombattle\",\"seed\":\"sodium,73038cea9e6e572b0900d04818f09c5c\",\"rated\":\"Rated battle\"}\n>player p1 {\"name\":\"titofer\",\"avatar\":\"169\",\"rating\":1951,\"seed\":\"sodium,2c70c4600ccf8d70b01ef8863ced2b06\"}\n>player p2 {\"name\":\"PTSree\",\"avatar\":\"169\",\"rating\":1935,\"seed\":\"sodium,7795024c3896774343df9b157e23fbbe\"}\n>p1 move doubleedge\n>p2 switch 2\n>p1 switch 5\n>p2 move swordsdance\n>p1 move hurricane\n>p2 move outrage\n>p1 move hypervoice\n>p2 move outrage\n>p2 switch 2\n>p1 move hurricane\n>p2 move knockoff\n>p1 switch 6\n>p1 move swordsdance\n>p2 switch 5\n>p1 move trailblaze terastallize\n>p2 move earthquake\n>p1 move knockoff\n>p2 move spikes\n>p2 switch 3\n>p1 switch 5\n>p2 move iceshard\n>p1 move doubleedge\n>p2 switch 6\n>p1 switch 4\n>p2 move drainpunch\n>p1 move psychic\n>p2 switch 5\n>p1 switch 4\n>p2 move stickyweb\n>p1 move doubleedge\n>p2 move bulletseed terastallize\n>p1 switch 5\n>p2 move knockoff\n>p1 move flareblitz\n>p2 move bulletseed\n>p1 switch 3\n>p1 move trailblaze\n>p2 switch 4\n>p1 switch 4\n>p2 move moonblast\n>p1 move leechseed\n>p2 move mysticalfire\n>p1 move psychic\n>p2 switch 6\n>p1 move bodypress\n>p2 move iciclecrash\n>p1 switch 5\n>p1 move gigaimpact\n>p2 switch 5\n>forcelose p1", "uploadtime": 1781463870, "views": 8, "formatid": "gen9randombattle", "rating": null, "private": 0, "password": null}