{"id": "gen9randombattle-2631868694", "format": "[Gen 9] Random Battle", "players": ["LewisBavin", "Bruhcloud"], "log": "|j|\u2606LewisBavin\n|j|\u2606Bruhcloud\n|t:|1781450096\n|gametype|singles\n|player|p1|LewisBavin|102|2205\n|player|p2|Bruhcloud|n|2152\n|gen|9\n|tier|[Gen 9] Random Battle\n|rated|\n|rule|Species Clause: Limit one of each Pok\u00e9mon\n|rule|HP Percentage Mod: HP is shown in percentages\n|rule|Sleep Clause Mod: Limit one foe put to sleep\n|rule|Illusion Level Mod: Illusion disguises the Pok\u00e9mon's true level\n|\n|t:|1781450096\n|teamsize|p1|6\n|teamsize|p2|6\n|start\n|switch|p1a: Yanmega|Yanmega, L82, M|275/275\n|switch|p2a: Emboar|Emboar, L84, M|322/322\n|turn|1\n|inactive|Battle timer is ON: inactive players will automatically lose when time's up. (requested by Bruhcloud)\n|inactive|LewisBavin also wants the timer to be on.\n|\n|t:|1781450113\n|move|p1a: Yanmega|U-turn|p2a: Emboar\n|-resisted|p2a: Emboar\n|-damage|p2a: Emboar|282/322\n|\n|t:|1781450115\n|switch|p1a: Sudowoodo|Sudowoodo, L94, M|284/284|[from] U-turn\n|move|p2a: Emboar|Flare Blitz|p1a: Sudowoodo\n|-resisted|p1a: Sudowoodo\n|-damage|p1a: Sudowoodo|220/284\n|-damage|p2a: Emboar|261/322|[from] Recoil\n|\n|upkeep\n|turn|2\n|\n|t:|1781450124\n|move|p2a: Emboar|Close Combat|p1a: Sudowoodo\n|-supereffective|p1a: Sudowoodo\n|-damage|p1a: Sudowoodo|14/284\n|-unboost|p2a: Emboar|def|1\n|-unboost|p2a: Emboar|spd|1\n|move|p1a: Sudowoodo|Head Smash|p2a: Emboar\n|-damage|p2a: Emboar|0 fnt\n|faint|p2a: Emboar\n|\n|upkeep\n|\n|t:|1781450129\n|switch|p2a: Cramorant|Cramorant, L86, M|261/261\n|turn|3\n|\n|t:|1781450133\n|switch|p1a: Iron Bundle|Iron Bundle, L78|215/215\n|move|p2a: Cramorant|Surf|p1a: Iron Bundle\n|-formechange|p2a: Cramorant|Cramorant-Gulping|\n|-resisted|p1a: Iron Bundle\n|-damage|p1a: Iron Bundle|149/215\n|\n|upkeep\n|turn|4\n|\n|t:|1781450139\n|-end|p1a: Iron Bundle|Quark Drive|[silent]\n|switch|p1a: Yanmega|Yanmega, L82, M|275/275\n|switch|p2a: Blissey|Blissey, L85, F|572/572\n|\n|upkeep\n|turn|5\n|\n|t:|1781450145\n|move|p1a: Yanmega|U-turn|p2a: Blissey\n|-damage|p2a: Blissey|404/572\n|\n|t:|1781450151\n|switch|p1a: Froslass|Froslass, L87, F|263/263|[from] U-turn\n|move|p2a: Blissey|Thunder Wave|p1a: Froslass\n|-status|p1a: Froslass|par\n|\n|-heal|p2a: Blissey|439/572|[from] item: Leftovers\n|upkeep\n|turn|6\n|\n|t:|1781450178\n|switch|p2a: Gumshoos|Gumshoos, L95, M|321/321\n|move|p1a: Froslass|Spikes|p2a: Gumshoos\n|-sidestart|p2: Bruhcloud|Spikes\n|\n|upkeep\n|turn|7\n|\n|t:|1781450182\n|switch|p1a: Sudowoodo|Sudowoodo, L94, M|14/284\n|move|p2a: Gumshoos|Knock Off|p1a: Sudowoodo\n|-damage|p1a: Sudowoodo|0 fnt\n|-enditem|p1a: Sudowoodo|Choice Band|[from] move: Knock Off|[of] p2a: Gumshoos\n|faint|p1a: Sudowoodo\n|\n|upkeep\n|\n|t:|1781450191\n|switch|p1a: Tsareena|Tsareena, L87, F|267/267\n|turn|8\n|\n|t:|1781450194\n|switch|p2a: Masquerain|Masquerain, L87, F|264/264\n|-ability|p2a: Masquerain|Intimidate|boost\n|-unboost|p1a: Tsareena|atk|1\n|move|p1a: Tsareena|Power Whip|p2a: Masquerain\n|-resisted|p2a: Masquerain\n|-damage|p2a: Masquerain|230/264\n|\n|upkeep\n|turn|9\n|\n|t:|1781450197\n|move|p2a: Masquerain|Sticky Web|p1a: Tsareena\n|-sidestart|p1: LewisBavin|move: Sticky Web\n|move|p1a: Tsareena|U-turn|p2a: Masquerain\n|-resisted|p2a: Masquerain\n|-damage|p2a: Masquerain|202/264\n|\n|t:|1781450203\n|switch|p1a: Yanmega|Yanmega, L82, M|275/275|[from] U-turn\n|\n|upkeep\n|turn|10\n|\n|t:|1781450208\n|move|p1a: Yanmega|Air Slash|p2a: Masquerain\n|-supereffective|p2a: Masquerain\n|-crit|p2a: Masquerain\n|-damage|p2a: Masquerain|0 fnt\n|faint|p2a: Masquerain\n|\n|upkeep\n|\n|t:|1781450215\n|switch|p2a: Gumshoos|Gumshoos, L95, M|321/321\n|-damage|p2a: Gumshoos|281/321|[from] Spikes\n|turn|11\n|\n|t:|1781450221\n|move|p1a: Yanmega|Air Slash|p2a: Gumshoos\n|-damage|p2a: Gumshoos|142/321\n|move|p2a: Gumshoos|Double-Edge|p1a: Yanmega\n|-damage|p1a: Yanmega|11/275\n|-damage|p2a: Gumshoos|55/321|[from] Recoil\n|\n|upkeep\n|turn|12\n|\n|t:|1781450226\n|move|p1a: Yanmega|Air Slash|p2a: Gumshoos\n|-damage|p2a: Gumshoos|0 fnt\n|faint|p2a: Gumshoos\n|\n|upkeep\n|\n|t:|1781450228\n|switch|p2a: Blissey|Blissey, L85, F|439/572\n|-damage|p2a: Blissey|368/572|[from] Spikes\n|turn|13\n|\n|t:|1781450233\n|switch|p1a: Froslass|Froslass, L87, F|263/263 par\n|-activate|p1a: Froslass|move: Sticky Web\n|-unboost|p1a: Froslass|spe|1\n|move|p2a: Blissey|Soft-Boiled|p2a: Blissey\n|-heal|p2a: Blissey|572/572\n|\n|upkeep\n|turn|14\n|\n|t:|1781450239\n|switch|p2a: Rabsca|Rabsca, L91, F|284/284\n|move|p1a: Froslass|Spikes|p2a: Rabsca\n|-sidestart|p2: Bruhcloud|Spikes\n|\n|upkeep\n|turn|15\n|\n|t:|1781450244\n|move|p2a: Rabsca|Revival Blessing|p2a: Rabsca\n|\n|t:|1781450247\n|-heal|p2: Emboar|161/322|[from] move: Revival Blessing\n|move|p1a: Froslass|Spikes|p2a: Rabsca\n|-sidestart|p2: Bruhcloud|Spikes\n|\n|upkeep\n|turn|16\n|\n|t:|1781450254\n|move|p2a: Rabsca|Psychic|p1a: Froslass\n|-damage|p1a: Froslass|127/263 par\n|move|p1a: Froslass|Poltergeist|p2a: Rabsca\n|-activate|p2a: Rabsca|move: Poltergeist|Heavy-Duty Boots\n|-supereffective|p2a: Rabsca\n|-damage|p2a: Rabsca|90/284\n|\n|upkeep\n|turn|17\n|\n|t:|1781450267\n|switch|p1a: Farigiraf|Farigiraf, L90, F|362/362\n|-activate|p1a: Farigiraf|move: Sticky Web\n|-unboost|p1a: Farigiraf|spe|1\n|move|p2a: Rabsca|Psychic|p1a: Farigiraf\n|-resisted|p1a: Farigiraf\n|-damage|p1a: Farigiraf|294/362\n|\n|-heal|p1a: Farigiraf|316/362|[from] item: Leftovers\n|upkeep\n|turn|18\n|\n|t:|1781450272\n|move|p1a: Farigiraf|Protect|p1a: Farigiraf\n|-singleturn|p1a: Farigiraf|Protect\n|move|p2a: Rabsca|Bug Buzz|p1a: Farigiraf\n|-activate|p1a: Farigiraf|move: Protect\n|\n|-heal|p1a: Farigiraf|338/362|[from] item: Leftovers\n|upkeep\n|turn|19\n|\n|t:|1781450276\n|move|p1a: Farigiraf|Body Slam|p2a: Rabsca\n|-damage|p2a: Rabsca|0 fnt\n|faint|p2a: Rabsca\n|\n|-heal|p1a: Farigiraf|360/362|[from] item: Leftovers\n|upkeep\n|\n|t:|1781450285\n|switch|p2a: Blissey|Blissey, L85, F|572/572\n|-damage|p2a: Blissey|429/572|[from] Spikes\n|turn|20\n|\n|t:|1781450291\n|switch|p1a: Froslass|Froslass, L87, F|127/263 par\n|-activate|p1a: Froslass|move: Sticky Web\n|-unboost|p1a: Froslass|spe|1\n|move|p2a: Blissey|Thunder Wave|p1a: Froslass|[miss]\n|-miss|p2a: Blissey|p1a: Froslass\n|\n|-heal|p2a: Blissey|464/572|[from] item: Leftovers\n|upkeep\n|turn|21\n|\n|t:|1781450296\n|switch|p2a: Cramorant|Cramorant, L86, M|261/261\n|move|p1a: Froslass|Poltergeist|p2a: Cramorant\n|-activate|p2a: Cramorant|move: Poltergeist|Heavy-Duty Boots\n|-damage|p2a: Cramorant|126/261\n|\n|upkeep\n|turn|22\n|\n|t:|1781450304\n|move|p2a: Cramorant|Surf|p1a: Froslass\n|-formechange|p2a: Cramorant|Cramorant-Gorging|\n|-damage|p1a: Froslass|28/263 par\n|move|p1a: Froslass|Poltergeist|p2a: Cramorant\n|-activate|p2a: Cramorant|move: Poltergeist|Heavy-Duty Boots\n|-crit|p2a: Cramorant\n|-damage|p2a: Cramorant|0 fnt\n|-damage|p1a: Froslass|0 fnt|[from] ability: Gulp Missile|[of] p2a: Cramorant\n|-formechange|p2a: Cramorant|Cramorant|\n|faint|p2a: Cramorant\n|faint|p1a: Froslass\n|\n|upkeep\n|\n|t:|1781450312\n|switch|p1a: Farigiraf|Farigiraf, L90, F|360/362\n|switch|p2a: Blissey|Blissey, L85, F|464/572\n|-activate|p1a: Farigiraf|move: Sticky Web\n|-unboost|p1a: Farigiraf|spe|1\n|-damage|p2a: Blissey|321/572|[from] Spikes\n|turn|23\n|\n|t:|1781450315\n|move|p2a: Blissey|Thunder Wave|p1a: Farigiraf\n|-status|p1a: Farigiraf|par\n|move|p1a: Farigiraf|Body Slam|p2a: Blissey\n|-damage|p2a: Blissey|11/572\n|-status|p2a: Blissey|par\n|\n|-heal|p2a: Blissey|46/572 par|[from] item: Leftovers\n|-heal|p1a: Farigiraf|362/362 par|[from] item: Leftovers\n|upkeep\n|turn|24\n|\n|t:|1781450319\n|move|p2a: Blissey|Soft-Boiled|p2a: Blissey\n|-heal|p2a: Blissey|332/572 par\n|move|p1a: Farigiraf|Body Slam|p2a: Blissey\n|-damage|p2a: Blissey|37/572 par\n|\n|-heal|p2a: Blissey|72/572 par|[from] item: Leftovers\n|upkeep\n|turn|25\n|\n|t:|1781450321\n|cant|p2a: Blissey|par\n|move|p1a: Farigiraf|Psychic Noise|p2a: Blissey\n|-damage|p2a: Blissey|3/572 par\n|-start|p2a: Blissey|move: Heal Block\n|\n|upkeep\n|turn|26\n|\n|t:|1781450324\n|move|p2a: Blissey|Seismic Toss|p1a: Farigiraf\n|-damage|p1a: Farigiraf|277/362 par\n|move|p1a: Farigiraf|Body Slam|p2a: Blissey\n|-damage|p2a: Blissey|0 fnt\n|faint|p2a: Blissey\n|\n|-heal|p1a: Farigiraf|299/362 par|[from] item: Leftovers\n|upkeep\n|\n|t:|1781450325\n|switch|p2a: Emboar|Emboar, L84, M|161/322\n|-damage|p2a: Emboar|81/322|[from] Spikes\n|turn|27\n|\n|t:|1781450331\n|move|p2a: Emboar|Close Combat|p1a: Farigiraf\n|-damage|p1a: Farigiraf|128/362 par\n|-unboost|p2a: Emboar|def|1\n|-unboost|p2a: Emboar|spd|1\n|move|p1a: Farigiraf|Body Slam|p2a: Emboar\n|-damage|p2a: Emboar|0 fnt\n|faint|p2a: Emboar\n|\n|win|LewisBavin\n", "uploadtime": 1781450098, "views": 4, "formatid": "gen9randombattle", "rating": null, "private": 0, "password": null}