{"id": "gen9randombattle-2631763570", "format": "[Gen 9] Random Battle", "players": ["PineappleCats", "L4V"], "log": "|j|\u2606PineappleCats\n|j|\u2606L4V\n|t:|1781435847\n|gametype|singles\n|player|p1|PineappleCats|giovanni|1959\n|player|p2|L4V|psychic-gen6|1949\n|gen|9\n|tier|[Gen 9] Random Battle\n|rated|\n|rule|Species Clause: Limit one of each Pok\u00e9mon\n|rule|HP Percentage Mod: HP is shown in percentages\n|rule|Sleep Clause Mod: Limit one foe put to sleep\n|rule|Illusion Level Mod: Illusion disguises the Pok\u00e9mon's true level\n|\n|t:|1781435847\n|teamsize|p1|6\n|teamsize|p2|6\n|start\n|switch|p1a: Greninja|Greninja, L80, M|246/246\n|switch|p2a: Clefable|Clefable, L83, M|293/293\n|turn|1\n|inactive|Battle timer is ON: inactive players will automatically lose when time's up. (requested by L4V)\n|inactive|PineappleCats also wants the timer to be on.\n|\n|t:|1781435855\n|move|p1a: Greninja|U-turn|p2a: Clefable\n|-start|p1a: Greninja|typechange|Bug|[from] ability: Protean\n|-resisted|p2a: Clefable\n|-damage|p2a: Clefable|253/293\n|\n|t:|1781435858\n|switch|p1a: Gouging Fire|Gouging Fire, L74|277/277|[from] U-turn\n|move|p2a: Clefable|Stealth Rock|p1a: Gouging Fire\n|-sidestart|p1: PineappleCats|move: Stealth Rock\n|\n|-heal|p2a: Clefable|271/293|[from] item: Leftovers\n|upkeep\n|turn|2\n|\n|t:|1781435870\n|move|p1a: Gouging Fire|Dragon Dance|p1a: Gouging Fire\n|-boost|p1a: Gouging Fire|atk|1\n|-boost|p1a: Gouging Fire|spe|1\n|move|p2a: Clefable|Moonblast|p1a: Gouging Fire\n|-damage|p1a: Gouging Fire|175/277\n|\n|-heal|p2a: Clefable|289/293|[from] item: Leftovers\n|upkeep\n|turn|3\n|\n|t:|1781435872\n|move|p1a: Gouging Fire|Heat Crash|p2a: Clefable\n|-damage|p2a: Clefable|153/293\n|move|p2a: Clefable|Moonblast|p1a: Gouging Fire\n|-damage|p1a: Gouging Fire|78/277\n|\n|-heal|p2a: Clefable|171/293|[from] item: Leftovers\n|upkeep\n|turn|4\n|\n|t:|1781435875\n|move|p1a: Gouging Fire|Heat Crash|p2a: Clefable\n|-crit|p2a: Clefable\n|-damage|p2a: Clefable|0 fnt\n|faint|p2a: Clefable\n|\n|upkeep\n|\n|t:|1781435887\n|switch|p2a: Regigigas|Regigigas, L84|322/322\n|-start|p2a: Regigigas|ability: Slow Start\n|turn|5\n|\n|t:|1781435892\n|move|p1a: Gouging Fire|Outrage|p2a: Regigigas\n|-damage|p2a: Regigigas|189/322\n|move|p2a: Regigigas|Body Slam|p1a: Gouging Fire\n|-damage|p1a: Gouging Fire|15/277\n|\n|-heal|p2a: Regigigas|209/322|[from] item: Leftovers\n|upkeep\n|turn|6\n|\n|t:|1781435897\n|move|p2a: Regigigas|Protect|p2a: Regigigas\n|-singleturn|p2a: Regigigas|Protect\n|move|p1a: Gouging Fire|Outrage|p2a: Regigigas|[from] lockedmove\n|-activate|p2a: Regigigas|move: Protect\n|\n|-heal|p2a: Regigigas|229/322|[from] item: Leftovers\n|upkeep\n|turn|7\n|\n|t:|1781435901\n|move|p1a: Gouging Fire|Outrage|p2a: Regigigas\n|-crit|p2a: Regigigas\n|-damage|p2a: Regigigas|31/322\n|move|p2a: Regigigas|Knock Off|p1a: Gouging Fire\n|-damage|p1a: Gouging Fire|0 fnt\n|-enditem|p1a: Gouging Fire|Heavy-Duty Boots|[from] move: Knock Off|[of] p2a: Regigigas\n|faint|p1a: Gouging Fire\n|-end|p1a: Gouging Fire|Protosynthesis|[silent]\n|\n|-heal|p2a: Regigigas|51/322|[from] item: Leftovers\n|upkeep\n|\n|t:|1781435904\n|switch|p1a: Zamazenta|Zamazenta-Crowned, L68|238/238\n|-damage|p1a: Zamazenta|231/238|[from] Stealth Rock\n|-ability|p1a: Zamazenta|Dauntless Shield|boost\n|-boost|p1a: Zamazenta|def|1\n|turn|8\n|\n|t:|1781435910\n|move|p1a: Zamazenta|Iron Defense|p1a: Zamazenta\n|-boost|p1a: Zamazenta|def|2\n|move|p2a: Regigigas|Body Slam|p1a: Zamazenta\n|-resisted|p1a: Zamazenta\n|-damage|p1a: Zamazenta|219/238\n|\n|-heal|p2a: Regigigas|71/322|[from] item: Leftovers\n|upkeep\n|turn|9\n|j| GoPlayCatch\n|\n|t:|1781435915\n|move|p1a: Zamazenta|Body Press|p2a: Regigigas\n|-supereffective|p2a: Regigigas\n|-damage|p2a: Regigigas|0 fnt\n|faint|p2a: Regigigas\n|-end|p2a: Regigigas|Slow Start|[silent]\n|\n|upkeep\n|\n|t:|1781435919\n|switch|p2a: Kyogre|Kyogre, L71|259/259\n|-weather|RainDance|[from] ability: Drizzle|[of] p2a: Kyogre\n|turn|10\n|\n|t:|1781435927\n|-terastallize|p2a: Kyogre|Water\n|move|p2a: Kyogre|Water Spout|p1a: Zamazenta\n|-damage|p1a: Zamazenta|0 fnt\n|faint|p1a: Zamazenta\n|\n|-weather|RainDance|[upkeep]\n|upkeep\n|j| afdasfafafdsaf\n|\n|t:|1781435936\n|switch|p1a: Lanturn|Lanturn, L89, F|367/367\n|-damage|p1a: Lanturn|322/367|[from] Stealth Rock\n|turn|11\n|\n|t:|1781435940\n|switch|p2a: Ampharos|Ampharos, L88, F|302/302\n|move|p1a: Lanturn|Thunder Wave|p2a: Ampharos\n|-immune|p2a: Ampharos\n|\n|-weather|RainDance|[upkeep]\n|-heal|p1a: Lanturn|344/367|[from] item: Leftovers\n|upkeep\n|turn|12\n|\n|t:|1781435946\n|switch|p1a: Hoopa|Hoopa-Unbound, L80|259/259\n|-damage|p1a: Hoopa|227/259|[from] Stealth Rock\n|move|p2a: Ampharos|Dazzling Gleam|p1a: Hoopa\n|-supereffective|p1a: Hoopa\n|-damage|p1a: Hoopa|117/259\n|\n|-weather|RainDance|[upkeep]\n|upkeep\n|turn|13\n|\n|t:|1781435952\n|move|p1a: Hoopa|Hyperspace Fury|p2a: Ampharos\n|-damage|p2a: Ampharos|155/302\n|-unboost|p1a: Hoopa|def|1\n|move|p2a: Ampharos|Dazzling Gleam|p1a: Hoopa\n|-supereffective|p1a: Hoopa\n|-damage|p1a: Hoopa|7/259\n|\n|-weather|RainDance|[upkeep]\n|upkeep\n|turn|14\n|\n|t:|1781435961\n|move|p1a: Hoopa|Hyperspace Fury|p2a: Ampharos\n|-damage|p2a: Ampharos|22/302\n|-unboost|p1a: Hoopa|def|1\n|move|p2a: Ampharos|Dazzling Gleam|p1a: Hoopa\n|-supereffective|p1a: Hoopa\n|-damage|p1a: Hoopa|0 fnt\n|faint|p1a: Hoopa\n|\n|-weather|none\n|upkeep\n|\n|t:|1781435968\n|switch|p1a: Greninja|Greninja, L80, M|246/246\n|-damage|p1a: Greninja|216/246|[from] Stealth Rock\n|turn|15\n|\n|t:|1781435971\n|move|p1a: Greninja|Dark Pulse|p2a: Ampharos\n|-start|p1a: Greninja|typechange|Dark|[from] ability: Protean\n|-damage|p2a: Ampharos|0 fnt\n|faint|p2a: Ampharos\n|\n|upkeep\n|\n|t:|1781435975\n|switch|p2a: Kyogre|Kyogre, L71, tera:Water|259/259\n|-weather|RainDance|[from] ability: Drizzle|[of] p2a: Kyogre\n|turn|16\n|\n|t:|1781435977\n|-terastallize|p1a: Greninja|Water\n|move|p2a: Kyogre|Water Spout|p1a: Greninja\n|-resisted|p1a: Greninja\n|-damage|p1a: Greninja|22/246\n|move|p1a: Greninja|Dark Pulse|p2a: Kyogre\n|-damage|p2a: Kyogre|154/259\n|\n|-weather|RainDance|[upkeep]\n|upkeep\n|turn|17\n|\n|t:|1781435981\n|move|p2a: Kyogre|Water Spout|p1a: Greninja\n|-resisted|p1a: Greninja\n|-damage|p1a: Greninja|0 fnt\n|faint|p1a: Greninja\n|\n|-weather|RainDance|[upkeep]\n|upkeep\n|\n|t:|1781435983\n|switch|p1a: Lanturn|Lanturn, L89, F|344/367\n|-damage|p1a: Lanturn|299/367|[from] Stealth Rock\n|turn|18\n|\n|t:|1781435989\n|switch|p2a: Toxtricity|Toxtricity, L82, M|257/257\n|move|p1a: Lanturn|Scald|p2a: Toxtricity\n|-damage|p2a: Toxtricity|118/257\n|\n|-weather|RainDance|[upkeep]\n|-heal|p1a: Lanturn|321/367|[from] item: Leftovers\n|upkeep\n|turn|19\n|\n|t:|1781435993\n|move|p2a: Toxtricity|Boomburst|p1a: Lanturn\n|-damage|p1a: Lanturn|174/367\n|move|p1a: Lanturn|Scald|p2a: Toxtricity\n|-damage|p2a: Toxtricity|0 fnt\n|faint|p2a: Toxtricity\n|\n|-weather|RainDance|[upkeep]\n|-heal|p1a: Lanturn|196/367|[from] item: Leftovers\n|upkeep\n|\n|t:|1781435996\n|switch|p2a: Falinks|Falinks, L84|246/246\n|turn|20\n|\n|t:|1781436001\n|move|p2a: Falinks|Close Combat|p1a: Lanturn\n|-damage|p1a: Lanturn|0 fnt\n|-unboost|p2a: Falinks|def|1\n|-unboost|p2a: Falinks|spd|1\n|faint|p1a: Lanturn\n|-damage|p2a: Falinks|222/246|[from] item: Life Orb\n|\n|-weather|none\n|upkeep\n|\n|t:|1781436004\n|switch|p1a: Espeon|Espeon, L84, M|246/246\n|-damage|p1a: Espeon|216/246|[from] Stealth Rock\n|turn|21\n|\n|t:|1781436009\n|move|p1a: Espeon|Psyshock|p2a: Falinks\n|-supereffective|p2a: Falinks\n|-damage|p2a: Falinks|0 fnt\n|faint|p2a: Falinks\n|\n|upkeep\n|\n|t:|1781436011\n|switch|p2a: Kyogre|Kyogre, L71, tera:Water|154/259\n|-weather|RainDance|[from] ability: Drizzle|[of] p2a: Kyogre\n|turn|22\n|\n|t:|1781436014\n|move|p2a: Kyogre|Origin Pulse|p1a: Espeon\n|-damage|p1a: Espeon|0 fnt\n|faint|p1a: Espeon\n|\n|win|L4V\n", "inputlog": ">version a8376a258c1d4662feba110a92103f3664a72141\n>start {\"formatid\":\"gen9randombattle\",\"seed\":\"sodium,5f3f90db24044308a499cc0f6f4745b9\",\"rated\":\"Rated battle\"}\n>player p1 {\"name\":\"PineappleCats\",\"avatar\":\"giovanni\",\"rating\":1959,\"seed\":\"sodium,bd096bbca29dcb4aa4631ae71c51bfd0\"}\n>player p2 {\"name\":\"L4V\",\"avatar\":\"psychic-gen6\",\"rating\":1949,\"seed\":\"sodium,f97802689b282833080a3686d3f4c965\"}\n>p1 move uturn\n>p2 move stealthrock\n>p1 switch 3\n>p1 move dragondance\n>p2 move moonblast\n>p1 move heatcrash\n>p2 move moonblast\n>p1 move heatcrash\n>p2 move moonblast\n>p2 switch 2\n>p1 move outrage\n>p2 move bodyslam\n>p1 move outrage\n>p2 move protect\n>p1 move outrage\n>p2 move knockoff\n>p1 switch 5\n>p1 move irondefense\n>p2 move bodyslam\n>p1 move bodypress\n>p2 move bodyslam\n>p2 switch 4\n>p1 move bodypress\n>p2 move waterspout terastallize\n>p1 switch 4\n>p1 move thunderwave\n>p2 switch 3\n>p1 switch 2\n>p2 move dazzlinggleam\n>p1 move hyperspacefury\n>p2 move dazzlinggleam\n>p1 move hyperspacefury\n>p2 move dazzlinggleam\n>p1 switch 3\n>p1 move darkpulse\n>p2 move dazzlinggleam\n>p2 switch 3\n>p1 move darkpulse terastallize\n>p2 move waterspout\n>p1 move darkpulse\n>p2 move waterspout\n>p1 switch 2\n>p1 move scald\n>p2 switch 6\n>p1 move scald\n>p2 move boomburst\n>p2 switch 5\n>p1 move thunderwave\n>p2 move closecombat\n>p1 switch 6\n>p1 move psyshock\n>p2 move knockoff\n>p2 switch 6\n>p1 move psyshock\n>p2 move originpulse", "uploadtime": 1781435849, "views": 8, "formatid": "gen9randombattle", "rating": null, "private": 0, "password": null}