{"id": "gen9randombattle-2631727680", "format": "[Gen 9] Random Battle", "players": ["Crinjal", "arukanu"], "log": "|j|\u2606Crinjal\n|j|\u2606arukanu\n|t:|1781429573\n|gametype|singles\n|player|p1|Crinjal|veteran|1987\n|player|p2|arukanu|caitlin|2002\n|gen|9\n|tier|[Gen 9] Random Battle\n|rated|\n|rule|Species Clause: Limit one of each Pok\u00e9mon\n|rule|HP Percentage Mod: HP is shown in percentages\n|rule|Sleep Clause Mod: Limit one foe put to sleep\n|rule|Illusion Level Mod: Illusion disguises the Pok\u00e9mon's true level\n|\n|t:|1781429573\n|teamsize|p1|6\n|teamsize|p2|6\n|start\n|switch|p1a: Kingdra|Kingdra, L84, F|263/263\n|switch|p2a: Banette|Banette, L93, F|270/270\n|turn|1\n|\n|t:|1781429592\n|move|p1a: Kingdra|Dragon Dance|p1a: Kingdra\n|-boost|p1a: Kingdra|atk|1\n|-boost|p1a: Kingdra|spe|1\n|move|p2a: Banette|Poltergeist|p1a: Kingdra\n|-activate|p1a: Kingdra|move: Poltergeist|Lum Berry\n|-damage|p1a: Kingdra|76/263\n|-damage|p2a: Banette|243/270|[from] item: Life Orb\n|\n|upkeep\n|turn|2\n|inactive|Battle timer is ON: inactive players will automatically lose when time's up. (requested by Crinjal)\n|\n|t:|1781429616\n|move|p2a: Banette|Shadow Sneak|p1a: Kingdra\n|-damage|p1a: Kingdra|0 fnt\n|faint|p1a: Kingdra\n|-damage|p2a: Banette|216/270|[from] item: Life Orb\n|\n|upkeep\n|\n|t:|1781429640\n|switch|p1a: Dedenne|Dedenne, L88, F|261/261\n|turn|3\n|\n|t:|1781429644\n|move|p1a: Dedenne|Nuzzle|p2a: Banette\n|-damage|p2a: Banette|198/270\n|-status|p2a: Banette|par\n|cant|p2a: Banette|par\n|\n|upkeep\n|turn|4\n|\n|t:|1781429659\n|move|p1a: Dedenne|Thunderbolt|p2a: Banette\n|-damage|p2a: Banette|96/270 par\n|cant|p2a: Banette|par\n|\n|upkeep\n|turn|5\n|inactive|arukanu has 120 seconds left.\n|\n|t:|1781429705\n|move|p1a: Dedenne|Thunderbolt|p2a: Banette\n|-damage|p2a: Banette|0 fnt\n|faint|p2a: Banette\n|\n|upkeep\n|inactive|arukanu has 90 seconds left.\n|\n|t:|1781429728\n|switch|p2a: Toedscruel|Toedscruel, L87, F|281/281\n|turn|6\n|\n|t:|1781429738\n|switch|p1a: Dipplin|Dipplin, L88, F|284/284\n|move|p2a: Toedscruel|Knock Off|p1a: Dipplin\n|-damage|p1a: Dipplin|255/284\n|-activate|p1a: Dipplin|ability: Sticky Hold\n|\n|upkeep\n|turn|7\n|\n|t:|1781429746\n|move|p2a: Toedscruel|Toxic|p1a: Dipplin\n|-status|p1a: Dipplin|tox\n|move|p1a: Dipplin|Dragon Tail|p2a: Toedscruel\n|-damage|p2a: Toedscruel|205/281\n|drag|p2a: Klawf|Klawf, L90, M|272/272\n|\n|-damage|p1a: Dipplin|238/284 tox|[from] psn\n|upkeep\n|turn|8\n|\n|t:|1781429761\n|switch|p2a: Incineroar|Incineroar, L82, M|290/290\n|-ability|p2a: Incineroar|Intimidate|boost\n|-unboost|p1a: Dipplin|atk|1\n|move|p1a: Dipplin|Giga Drain|p2a: Incineroar\n|-resisted|p2a: Incineroar\n|-damage|p2a: Incineroar|263/290\n|-heal|p1a: Dipplin|252/284 tox|[from] drain|[of] p2a: Incineroar\n|\n|-damage|p1a: Dipplin|218/284 tox|[from] psn\n|upkeep\n|turn|9\n|\n|t:|1781429781\n|switch|p1a: Talonflame|Talonflame, L83, F|265/265\n|move|p2a: Incineroar|U-turn|p1a: Talonflame\n|-resisted|p1a: Talonflame\n|-damage|p1a: Talonflame|249/265\n|\n|t:|1781429790\n|switch|p2a: Gyarados|Gyarados, L79, M|280/280|[from] U-turn\n|-ability|p2a: Gyarados|Intimidate|boost\n|-unboost|p1a: Talonflame|atk|1\n|\n|upkeep\n|turn|10\n|inactive|arukanu has 120 seconds left.\n|inactive|Crinjal has 120 seconds left.\n|\n|t:|1781429835\n|switch|p2a: Toedscruel|Toedscruel, L87, F|205/281\n|move|p1a: Talonflame|U-turn|p2a: Toedscruel\n|-supereffective|p2a: Toedscruel\n|-damage|p2a: Toedscruel|137/281\n|inactive|Crinjal has 90 seconds left.\n|\n|t:|1781429851\n|switch|p1a: Dipplin|Dipplin, L88, F|218/284 tox|[from] U-turn\n|\n|-heal|p2a: Toedscruel|154/281|[from] item: Leftovers\n|-damage|p1a: Dipplin|201/284 tox|[from] psn\n|upkeep\n|turn|11\n|\n|t:|1781429860\n|move|p2a: Toedscruel|Knock Off|p1a: Dipplin\n|-damage|p1a: Dipplin|172/284 tox\n|-activate|p1a: Dipplin|ability: Sticky Hold\n|move|p1a: Dipplin|Giga Drain|p2a: Toedscruel\n|-damage|p2a: Toedscruel|94/281\n|-heal|p1a: Dipplin|202/284 tox|[from] drain|[of] p2a: Toedscruel\n|\n|-heal|p2a: Toedscruel|111/281|[from] item: Leftovers\n|-damage|p1a: Dipplin|168/284 tox|[from] psn\n|upkeep\n|turn|12\n|inactive|arukanu has 120 seconds left.\n|\n|t:|1781429877\n|switch|p1a: Talonflame|Talonflame, L83, F|249/265\n|move|p2a: Toedscruel|Knock Off|p1a: Talonflame\n|-damage|p1a: Talonflame|183/265\n|-status|p2a: Toedscruel|brn|[from] ability: Flame Body|[of] p1a: Talonflame\n|-enditem|p1a: Talonflame|Heavy-Duty Boots|[from] move: Knock Off|[of] p2a: Toedscruel\n|\n|-heal|p2a: Toedscruel|128/281 brn|[from] item: Leftovers\n|-damage|p2a: Toedscruel|111/281 brn|[from] brn\n|upkeep\n|turn|13\n|inactive|arukanu has 120 seconds left.\n|inactive|Crinjal has 90 seconds left.\n|\n|t:|1781429918\n|switch|p2a: Incineroar|Incineroar, L82, M|263/290\n|-ability|p2a: Incineroar|Intimidate|boost\n|-unboost|p1a: Talonflame|atk|1\n|move|p1a: Talonflame|U-turn|p2a: Incineroar\n|-damage|p2a: Incineroar|231/290\n|\n|t:|1781429928\n|switch|p1a: Blastoise|Blastoise, L80, F|258/258|[from] U-turn\n|\n|upkeep\n|turn|14\n|\n|t:|1781429937\n|switch|p2a: Gyarados|Gyarados, L79, M|280/280\n|-ability|p2a: Gyarados|Intimidate|boost\n|-unboost|p1a: Blastoise|atk|1\n|-enditem|p1a: Blastoise|White Herb\n|-clearnegativeboost|p1a: Blastoise|[silent]\n|move|p1a: Blastoise|Shell Smash|p1a: Blastoise\n|-unboost|p1a: Blastoise|def|1\n|-unboost|p1a: Blastoise|spd|1\n|-boost|p1a: Blastoise|atk|2\n|-boost|p1a: Blastoise|spa|2\n|-boost|p1a: Blastoise|spe|2\n|\n|upkeep\n|turn|15\n|\n|t:|1781429956\n|move|p1a: Blastoise|Ice Beam|p2a: Gyarados\n|-damage|p2a: Gyarados|176/280\n|move|p2a: Gyarados|Dragon Dance|p2a: Gyarados\n|-boost|p2a: Gyarados|atk|1\n|-boost|p2a: Gyarados|spe|1\n|\n|upkeep\n|turn|16\n|\n|t:|1781429966\n|move|p1a: Blastoise|Shell Smash|p1a: Blastoise\n|-unboost|p1a: Blastoise|def|1\n|-unboost|p1a: Blastoise|spd|1\n|-boost|p1a: Blastoise|atk|2\n|-boost|p1a: Blastoise|spa|2\n|-boost|p1a: Blastoise|spe|2\n|move|p2a: Gyarados|Dragon Dance|p2a: Gyarados\n|-boost|p2a: Gyarados|atk|1\n|-boost|p2a: Gyarados|spe|1\n|\n|upkeep\n|turn|17\n|\n|t:|1781429978\n|-terastallize|p1a: Blastoise|Water\n|move|p1a: Blastoise|Hydro Pump|p2a: Gyarados\n|-resisted|p2a: Gyarados\n|-damage|p2a: Gyarados|0 fnt\n|faint|p2a: Gyarados\n|\n|upkeep\n|\n|t:|1781429991\n|switch|p2a: Komala|Komala, L88, M|258/258\n|-ability|p2a: Komala|Comatose\n|turn|18\n|\n|t:|1781429998\n|move|p1a: Blastoise|Earthquake|p2a: Komala\n|-damage|p2a: Komala|53/258\n|move|p2a: Komala|Rapid Spin|p1a: Blastoise\n|-crit|p1a: Blastoise\n|-damage|p1a: Blastoise|62/258\n|-boost|p2a: Komala|spe|1\n|\n|upkeep\n|turn|19\n|\n|t:|1781430010\n|move|p1a: Blastoise|Earthquake|p2a: Komala\n|-damage|p2a: Komala|0 fnt\n|faint|p2a: Komala\n|\n|upkeep\n|\n|t:|1781430012\n|switch|p2a: Klawf|Klawf, L90, M|272/272\n|turn|20\n|inactive|Crinjal has 90 seconds left.\n|\n|t:|1781430020\n|-terastallize|p2a: Klawf|Water\n|move|p1a: Blastoise|Hydro Pump|p2a: Klawf\n|-resisted|p2a: Klawf\n|-damage|p2a: Klawf|0 fnt\n|faint|p2a: Klawf\n|\n|upkeep\n|-message|arukanu forfeited.\n|\n|win|Crinjal\n", "inputlog": ">version a8376a258c1d4662feba110a92103f3664a72141\n>start {\"formatid\":\"gen9randombattle\",\"seed\":\"sodium,77173fe7aca8a9df158f4ad1429a5ec4\",\"rated\":\"Rated battle\"}\n>player p1 {\"name\":\"Crinjal\",\"avatar\":\"veteran\",\"rating\":1987,\"seed\":\"sodium,99d9f378ac4b8c0b5fc1cab2973d64ae\"}\n>player p2 {\"name\":\"arukanu\",\"avatar\":\"caitlin\",\"rating\":2002,\"seed\":\"sodium,e444767326d3847d5f735d8676695151\"}\n>p1 move dragondance\n>p2 move poltergeist\n>p1 move wavecrash\n>p2 move shadowsneak\n>p1 switch 6\n>p1 move nuzzle\n>p2 move gunkshot\n>p1 move thunderbolt\n>p2 move gunkshot\n>p1 move thunderbolt\n>p2 move gunkshot\n>p2 switch 6\n>p1 switch 4\n>p2 move knockoff\n>p1 move dragontail\n>p2 move toxic\n>p1 move gigadrain\n>p2 switch 4\n>p1 switch 3\n>p2 move uturn\n>p2 switch 2\n>p1 move uturn\n>p2 switch 3\n>p1 switch 3\n>p1 move gigadrain\n>p2 move knockoff\n>p1 switch 3\n>p2 move knockoff\n>p1 move uturn\n>p2 switch 2\n>p1 switch 5\n>p1 move shellsmash\n>p2 switch 3\n>p1 move icebeam\n>p2 move dragondance\n>p1 move shellsmash\n>p2 move dragondance\n>p1 move hydropump terastallize\n>p2 move earthquake\n>p2 switch 5\n>p1 move earthquake\n>p2 move rapidspin\n>p1 move earthquake\n>p2 move bodyslam\n>p2 switch 4\n>p1 move hydropump\n>p2 move highhorsepower terastallize\n>forcelose p2", "uploadtime": 1781429575, "views": 4, "formatid": "gen9randombattle", "rating": null, "private": 0, "password": null}