{"id": "gen9randombattle-2631789173", "format": "[Gen 9] Random Battle", "players": ["kormorano", "jsjsiis"], "log": "|j|\u2606kormorano\n|j|\u2606jsjsiis\n|t:|1781439899\n|gametype|singles\n|player|p1|kormorano|102|2052\n|player|p2|jsjsiis|1|2051\n|gen|9\n|tier|[Gen 9] Random Battle\n|rated|\n|rule|Species Clause: Limit one of each Pok\u00e9mon\n|rule|HP Percentage Mod: HP is shown in percentages\n|rule|Sleep Clause Mod: Limit one foe put to sleep\n|rule|Illusion Level Mod: Illusion disguises the Pok\u00e9mon's true level\n|\n|t:|1781439899\n|teamsize|p1|6\n|teamsize|p2|6\n|start\n|switch|p1a: Plusle|Plusle, L95, F|235/235\n|switch|p2a: Charizard|Charizard, L85, F|271/271\n|turn|1\n|inactive|Battle timer is ON: inactive players will automatically lose when time's up. (requested by kormorano)\n|\n|t:|1781439912\n|switch|p2a: Rillaboom|Rillaboom, L79, M|288/288\n|-fieldstart|move: Grassy Terrain|[from] ability: Grassy Surge|[of] p2a: Rillaboom\n|move|p1a: Plusle|Nasty Plot|p1a: Plusle\n|-boost|p1a: Plusle|spa|2\n|\n|upkeep\n|turn|2\n|\n|t:|1781439933\n|move|p2a: Rillaboom|Grassy Glide|p1a: Plusle\n|-damage|p1a: Plusle|72/235\n|replace|p1a: Zoroark|Zoroark, L83, M\n|-end|p1a: Zoroark|Illusion\n|-hint|Illusion Level Mod is active, so this Pok\u00e9mon's true level was hidden.\n|move|p1a: Zoroark|Sludge Bomb|p2a: Rillaboom\n|-supereffective|p2a: Rillaboom\n|-damage|p2a: Rillaboom|0 fnt\n|faint|p2a: Rillaboom\n|-damage|p1a: Zoroark|49/235|[from] item: Life Orb\n|\n|-heal|p1a: Zoroark|63/235|[from] Grassy Terrain\n|upkeep\n|\n|t:|1781439944\n|switch|p2a: Minun|Minun, L95, F|268/268\n|turn|3\n|\n|t:|1781439960\n|switch|p1a: Sylveon|Sylveon, L85, F|300/300\n|move|p2a: Minun|Alluring Voice|p1a: Sylveon\n|-damage|p1a: Sylveon|247/300\n|-damage|p2a: Minun|242/268|[from] item: Life Orb\n|\n|-heal|p2a: Minun|258/268|[from] Grassy Terrain\n|-heal|p1a: Sylveon|265/300|[from] Grassy Terrain\n|-heal|p1a: Sylveon|283/300|[from] item: Leftovers\n|upkeep\n|turn|4\n|\n|t:|1781439971\n|move|p2a: Minun|Nasty Plot|p2a: Minun\n|-boost|p2a: Minun|spa|2\n|move|p1a: Sylveon|Calm Mind|p1a: Sylveon\n|-boost|p1a: Sylveon|spa|1\n|-boost|p1a: Sylveon|spd|1\n|\n|-heal|p2a: Minun|268/268|[from] Grassy Terrain\n|-heal|p1a: Sylveon|300/300|[from] Grassy Terrain\n|upkeep\n|turn|5\n|\n|t:|1781439976\n|move|p1a: Sylveon|Protect|p1a: Sylveon\n|-singleturn|p1a: Sylveon|Protect\n|move|p2a: Minun|Encore|p1a: Sylveon\n|-activate|p1a: Sylveon|move: Protect\n|\n|-fieldend|move: Grassy Terrain\n|upkeep\n|turn|6\n|\n|t:|1781439978\n|move|p2a: Minun|Encore|p1a: Sylveon\n|-start|p1a: Sylveon|Encore\n|move|p1a: Sylveon|Protect||[still]\n|-fail|p1a: Sylveon\n|\n|upkeep\n|turn|7\n|\n|t:|1781439984\n|switch|p1a: Plusle|Plusle, L95, F|63/235\n|move|p2a: Minun|Alluring Voice|p1a: Plusle\n|-supereffective|p1a: Plusle\n|-damage|p1a: Plusle|0 fnt\n|replace|p1a: Zoroark|Zoroark, L83, M\n|-end|p1a: Zoroark|Illusion\n|faint|p1a: Zoroark\n|-damage|p2a: Minun|242/268|[from] item: Life Orb\n|\n|upkeep\n|\n|t:|1781439986\n|switch|p1a: Cinccino|Cinccino, L83, M|260/260\n|turn|8\n|\n|t:|1781439994\n|-terastallize|p1a: Cinccino|Normal\n|move|p1a: Cinccino|Tail Slap|p2a: Minun\n|-damage|p2a: Minun|178/268\n|-damage|p2a: Minun|114/268\n|-damage|p2a: Minun|46/268\n|-damage|p2a: Minun|0 fnt\n|faint|p2a: Minun\n|-hitcount|p2: Minun|4\n|\n|upkeep\n|\n|t:|1781439999\n|switch|p2a: Keldeo|Keldeo-Resolute, L79|273/273\n|turn|9\n|\n|t:|1781440004\n|switch|p1a: Sylveon|Sylveon, L85, F|300/300\n|move|p2a: Keldeo|Secret Sword|p1a: Sylveon\n|-resisted|p1a: Sylveon\n|-damage|p1a: Sylveon|237/300\n|\n|-heal|p1a: Sylveon|255/300|[from] item: Leftovers\n|upkeep\n|turn|10\n|\n|t:|1781440009\n|switch|p2a: Charizard|Charizard, L85, F|271/271\n|move|p1a: Sylveon|Wish|p1a: Sylveon\n|\n|-heal|p1a: Sylveon|273/300|[from] item: Leftovers\n|upkeep\n|turn|11\n|\n|t:|1781440013\n|switch|p1a: Plusle|Plusle, L95, F|268/268\n|move|p2a: Charizard|Swords Dance|p2a: Charizard\n|-boost|p2a: Charizard|atk|2\n|\n|upkeep\n|turn|12\n|\n|t:|1781440018\n|switch|p2a: Grimmsnarl|Grimmsnarl, L83, M|293/293\n|move|p1a: Plusle|Thunderbolt|p2a: Grimmsnarl\n|-damage|p2a: Grimmsnarl|118/293\n|-damage|p1a: Plusle|242/268|[from] item: Life Orb\n|\n|-heal|p2a: Grimmsnarl|136/293|[from] item: Leftovers\n|upkeep\n|turn|13\n|\n|t:|1781440026\n|switch|p1a: Sylveon|Sylveon, L85, F|273/300\n|move|p2a: Grimmsnarl|Taunt|p1a: Sylveon\n|-start|p1a: Sylveon|move: Taunt\n|\n|-heal|p1a: Sylveon|291/300|[from] item: Leftovers\n|-heal|p2a: Grimmsnarl|154/293|[from] item: Leftovers\n|upkeep\n|turn|14\n|\n|t:|1781440031\n|switch|p2a: Charizard|Charizard, L85, F|271/271\n|move|p1a: Sylveon|Hyper Voice|p2a: Charizard\n|-resisted|p2a: Charizard\n|-damage|p2a: Charizard|201/271\n|\n|-heal|p1a: Sylveon|300/300|[from] item: Leftovers\n|upkeep\n|turn|15\n|\n|t:|1781440038\n|switch|p1a: Cinccino|Cinccino, L83, M, tera:Normal|260/260\n|move|p2a: Charizard|Swords Dance|p2a: Charizard\n|-boost|p2a: Charizard|atk|2\n|\n|upkeep\n|turn|16\n|\n|t:|1781440040\n|move|p1a: Cinccino|Tail Slap|p2a: Charizard\n|-damage|p2a: Charizard|143/271\n|-damage|p2a: Charizard|83/271\n|-damage|p2a: Charizard|29/271\n|-damage|p2a: Charizard|0 fnt\n|faint|p2a: Charizard\n|-hitcount|p2: Charizard|4\n|\n|upkeep\n|\n|t:|1781440046\n|switch|p2a: Grimmsnarl|Grimmsnarl, L83, M|154/293\n|turn|17\n|\n|t:|1781440050\n|switch|p1a: Plusle|Plusle, L95, F|242/268\n|move|p2a: Grimmsnarl|Spirit Break|p1a: Plusle\n|-damage|p1a: Plusle|107/268\n|-unboost|p1a: Plusle|spa|1\n|\n|-heal|p2a: Grimmsnarl|172/293|[from] item: Leftovers\n|upkeep\n|turn|18\n|\n|t:|1781440053\n|move|p2a: Grimmsnarl|Sucker Punch|p1a: Plusle\n|-crit|p1a: Plusle\n|-damage|p1a: Plusle|0 fnt\n|faint|p1a: Plusle\n|\n|-heal|p2a: Grimmsnarl|190/293|[from] item: Leftovers\n|upkeep\n|\n|t:|1781440056\n|switch|p1a: Sylveon|Sylveon, L85, F|300/300\n|turn|19\n|\n|t:|1781440064\n|move|p2a: Grimmsnarl|Thunder Wave|p1a: Sylveon\n|-status|p1a: Sylveon|par\n|move|p1a: Sylveon|Hyper Voice|p2a: Grimmsnarl\n|-supereffective|p2a: Grimmsnarl\n|-damage|p2a: Grimmsnarl|0 fnt\n|faint|p2a: Grimmsnarl\n|\n|upkeep\n|\n|t:|1781440071\n|switch|p2a: Keldeo|Keldeo-Resolute, L79|273/273\n|turn|20\n|\n|t:|1781440075\n|switch|p1a: Medicham|Medicham, L86, M|243/243\n|-terastallize|p2a: Keldeo|Steel\n|move|p2a: Keldeo|Calm Mind|p2a: Keldeo\n|-boost|p2a: Keldeo|spa|1\n|-boost|p2a: Keldeo|spd|1\n|\n|upkeep\n|turn|21\n|\n|t:|1781440078\n|move|p2a: Keldeo|Hydro Pump|p1a: Medicham\n|-damage|p1a: Medicham|32/243\n|move|p1a: Medicham|Close Combat|p2a: Keldeo\n|-supereffective|p2a: Keldeo\n|-damage|p2a: Keldeo|0 fnt\n|-unboost|p1a: Medicham|def|1\n|-unboost|p1a: Medicham|spd|1\n|faint|p2a: Keldeo\n|\n|upkeep\n|\n|t:|1781440081\n|switch|p2a: Zangoose|Zangoose, L85, M|263/263\n|turn|22\n|\n|t:|1781440084\n|move|p2a: Zangoose|Knock Off|p1a: Medicham\n|-damage|p1a: Medicham|0 fnt\n|-enditem|p1a: Medicham|Choice Band|[from] move: Knock Off|[of] p2a: Zangoose\n|faint|p1a: Medicham\n|\n|-status|p2a: Zangoose|tox|[from] item: Toxic Orb\n|upkeep\n|\n|t:|1781440092\n|switch|p1a: Cinccino|Cinccino, L83, M, tera:Normal|260/260\n|turn|23\n|\n|t:|1781440099\n|move|p1a: Cinccino|U-turn|p2a: Zangoose\n|-damage|p2a: Zangoose|200/263 tox\n|\n|t:|1781440100\n|switch|p1a: Scrafty|Scrafty, L83, F|244/244|[from] U-turn\n|-ability|p1a: Scrafty|Intimidate|boost\n|-unboost|p2a: Zangoose|atk|1\n|move|p2a: Zangoose|Facade|p1a: Scrafty\n|-damage|p1a: Scrafty|108/244\n|\n|-heal|p1a: Scrafty|123/244|[from] item: Leftovers\n|-damage|p2a: Zangoose|184/263 tox|[from] psn\n|upkeep\n|turn|24\n|\n|t:|1781440104\n|move|p2a: Zangoose|Close Combat|p1a: Scrafty\n|-supereffective|p1a: Scrafty\n|-damage|p1a: Scrafty|0 fnt\n|-unboost|p2a: Zangoose|def|1\n|-unboost|p2a: Zangoose|spd|1\n|faint|p1a: Scrafty\n|\n|-damage|p2a: Zangoose|152/263 tox|[from] psn\n|upkeep\n|\n|t:|1781440110\n|switch|p1a: Cinccino|Cinccino, L83, M, tera:Normal|260/260\n|turn|25\n|\n|t:|1781440112\n|move|p1a: Cinccino|Bullet Seed|p2a: Zangoose\n|-damage|p2a: Zangoose|97/263 tox\n|-damage|p2a: Zangoose|45/263 tox\n|-damage|p2a: Zangoose|0 fnt\n|faint|p2a: Zangoose\n|-hitcount|p2: Zangoose|3\n|\n|win|kormorano\n", "inputlog": ">version a8376a258c1d4662feba110a92103f3664a72141\n>start {\"formatid\":\"gen9randombattle\",\"seed\":\"sodium,ff00ae1a32c13f525c4c415aaf019ed6\",\"rated\":\"Rated battle\"}\n>player p1 {\"name\":\"kormorano\",\"avatar\":\"102\",\"rating\":2052,\"seed\":\"sodium,02129d0ff76727f221cbc5305b8f17ef\"}\n>player p2 {\"name\":\"jsjsiis\",\"avatar\":\"1\",\"rating\":2051,\"seed\":\"sodium,0415163ca8487df2d7dd2430bc8d7ff3\"}\n>p1 move nastyplot\n>p2 switch 3\n>p1 move sludgebomb\n>p2 move grassyglide\n>p2 switch 4\n>p1 switch 5\n>p2 move alluringvoice\n>p1 move calmmind\n>p2 move nastyplot\n>p1 move protect\n>p2 move encore\n>p1 move hypervoice\n>p2 move encore\n>p1 switch 5\n>p2 move alluringvoice\n>p1 switch 4\n>p1 move tailslap terastallize\n>p2 move thunderbolt\n>p2 switch 6\n>p1 switch 5\n>p2 move secretsword\n>p1 move wish\n>p2 switch 3\n>p1 switch 6\n>p2 move swordsdance\n>p1 move thunderbolt\n>p2 switch 5\n>p1 switch 6\n>p2 move taunt\n>p1 move hypervoice\n>p2 switch 5\n>p1 switch 5\n>p2 move swordsdance\n>p1 move tailslap\n>p2 move flareblitz\n>p2 switch 5\n>p1 switch 6\n>p2 move spiritbreak\n>p1 move alluringvoice\n>p2 move suckerpunch\n>p1 switch 5\n>p1 move hypervoice\n>p2 move thunderwave\n>p2 switch 3\n>p1 switch 3\n>p2 move calmmind terastallize\n>p1 move closecombat\n>p2 move hydropump\n>p2 switch 2\n>p1 move closecombat\n>p2 move knockoff\n>p1 switch 6\n>p1 move uturn\n>p2 move facade\n>p1 switch 2\n>p1 move drainpunch\n>p2 move closecombat\n>p1 switch 2\n>p1 move bulletseed\n>p2 move facade", "uploadtime": 1781439901, "views": 4, "formatid": "gen9randombattle", "rating": null, "private": 0, "password": null}