{"id": "gen9randombattle-2631923522", "format": "[Gen 9] Random Battle", "players": ["TheBoy83", "i'm_new_so_be_cool"], "log": "|badge|p2|bronze|gen9ubers|100-9\n|uhtml|medal-msg|<div class=\"broadcast-blue\">Curious what those medals under the avatar are? PS now has Ladder Seasons! For more information, check out the <a href=\"https://www.smogon.com/forums/threads/3740067/\">thread on Smogon.</a></div>\n|j|\u2606TheBoy83\n|j|\u2606i'm_new_so_be_cool\n|t:|1781456082\n|gametype|singles\n|player|p1|TheBoy83|miku-ghost|2229\n|player|p2|i'm_new_so_be_cool|ninjaboy|2148\n|gen|9\n|tier|[Gen 9] Random Battle\n|rated|\n|rule|Species Clause: Limit one of each Pok\u00e9mon\n|rule|HP Percentage Mod: HP is shown in percentages\n|rule|Sleep Clause Mod: Limit one foe put to sleep\n|rule|Illusion Level Mod: Illusion disguises the Pok\u00e9mon's true level\n|\n|t:|1781456082\n|teamsize|p1|6\n|teamsize|p2|6\n|start\n|switch|p1a: Sandy Shocks|Sandy Shocks, L80|267/267\n|switch|p2a: Azumarill|Azumarill, L82, M|298/298\n|turn|1\n|c|\u2606i'm_new_so_be_cool|cool avatar\n|c|\u2606i'm_new_so_be_cool|glhf\n|j| boutiqswitch\n|c|\u2606TheBoy83|ty gl 22\n|c|\u2606i'm_new_so_be_cool|wait is that miku !\n|j| yyyjajsuuuyya\n|c|\u2606TheBoy83|yeah its free anyone can have\n|c|\u2606i'm_new_so_be_cool|fr ?\n|c|\u2606TheBoy83|do /avatar miku-ice\n|c|\u2606TheBoy83|i think\n|c|\u2606TheBoy83|oh mine is miku-ghost\n|c|\u2606TheBoy83|but theres a lot of types\n|c|\u2606i'm_new_so_be_cool|no way\n|c|\u2606i'm_new_so_be_cool|ty\n|c|\u2606TheBoy83|ye\n|\n|t:|1781456145\n|switch|p2a: Raikou|Raikou, L81|278/278\n|-ability|p2a: Raikou|Pressure\n|move|p1a: Sandy Shocks|Volt Switch|p2a: Raikou\n|-resisted|p2a: Raikou\n|-crit|p2a: Raikou\n|-damage|p2a: Raikou|215/278\n|\n|t:|1781456157\n|-end|p1a: Sandy Shocks|Protosynthesis|[silent]\n|switch|p1a: Oinkologne|Oinkologne-F, L92, F|361/361|[from] Volt Switch\n|\n|upkeep\n|turn|2\n|l|\u2606i'm_new_so_be_cool\n|player|p2|\n|j|\u2606i'm_new_so_be_cool\n|player|p2|i'm_new_so_be_cool|miku-ice|\n|l| boutiqswitch\n|l| yyyjajsuuuyya\n|\n|t:|1781456218\n|switch|p2a: Leavanny|Leavanny, L86, F|269/269\n|move|p1a: Oinkologne|High Horsepower|p2a: Leavanny\n|-resisted|p2a: Leavanny\n|-damage|p2a: Leavanny|249/269\n|\n|upkeep\n|turn|3\n|\n|t:|1781456248\n|switch|p1a: Solgaleo|Solgaleo, L74|325/325\n|move|p2a: Leavanny|Sticky Web|p1a: Solgaleo\n|-sidestart|p1: TheBoy83|move: Sticky Web\n|\n|upkeep\n|turn|4\n|\n|t:|1781456260\n|switch|p2a: Ho-Oh|Ho-Oh, L71|268/268\n|move|p1a: Solgaleo|Flame Charge|p2a: Ho-Oh\n|-resisted|p2a: Ho-Oh\n|-damage|p2a: Ho-Oh|247/268\n|-boost|p1a: Solgaleo|spe|1\n|\n|upkeep\n|turn|5\n|\n|t:|1781456271\n|switch|p1a: Sandy Shocks|Sandy Shocks, L80|267/267\n|move|p2a: Ho-Oh|Sacred Fire|p1a: Sandy Shocks\n|-damage|p1a: Sandy Shocks|170/267\n|-status|p1a: Sandy Shocks|brn\n|\n|-damage|p1a: Sandy Shocks|154/267 brn|[from] brn\n|upkeep\n|turn|6\n|\n|t:|1781456281\n|move|p1a: Sandy Shocks|Volt Switch|p2a: Ho-Oh\n|-supereffective|p2a: Ho-Oh\n|-damage|p2a: Ho-Oh|115/268\n|\n|t:|1781456291\n|-end|p1a: Sandy Shocks|Protosynthesis|[silent]\n|switch|p1a: Drifblim|Drifblim, L86, F|398/398|[from] Volt Switch\n|move|p2a: Ho-Oh|Earthquake|p1a: Drifblim\n|-immune|p1a: Drifblim\n|\n|upkeep\n|turn|7\n|\n|t:|1781456361\n|switch|p2a: Flamigo|Flamigo, L82, M|269/269\n|move|p1a: Drifblim|Defog|p2a: Flamigo\n|-unboost|p2a: Flamigo|evasion|1\n|-sideend|p1: TheBoy83|Sticky Web|[from] move: Defog|[of] p1a: Drifblim\n|\n|upkeep\n|turn|8\n|\n|t:|1781456375\n|move|p2a: Flamigo|U-turn|p1a: Drifblim\n|-resisted|p1a: Drifblim\n|-damage|p1a: Drifblim|378/398\n|\n|t:|1781456388\n|switch|p2a: Raikou|Raikou, L81|215/278|[from] U-turn\n|-ability|p2a: Raikou|Pressure\n|move|p1a: Drifblim|Air Slash|p2a: Raikou\n|-resisted|p2a: Raikou\n|-damage|p2a: Raikou|179/278\n|\n|upkeep\n|turn|9\n|\n|t:|1781456401\n|switch|p1a: Oinkologne|Oinkologne-F, L92, F|361/361\n|move|p2a: Raikou|Shadow Ball|p1a: Oinkologne\n|-immune|p1a: Oinkologne\n|\n|upkeep\n|turn|10\n|\n|t:|1781456415\n|switch|p2a: Ho-Oh|Ho-Oh, L71|204/268\n|move|p1a: Oinkologne|Curse|p1a: Oinkologne\n|-unboost|p1a: Oinkologne|spe|1\n|-boost|p1a: Oinkologne|atk|1\n|-boost|p1a: Oinkologne|def|1\n|\n|upkeep\n|turn|11\n|\n|t:|1781456418\n|move|p2a: Ho-Oh|Sacred Fire|p1a: Oinkologne\n|-damage|p1a: Oinkologne|327/361\n|move|p1a: Oinkologne|Body Slam|p2a: Ho-Oh\n|-damage|p2a: Ho-Oh|42/268\n|\n|-heal|p1a: Oinkologne|349/361|[from] item: Leftovers\n|upkeep\n|turn|12\n|\n|t:|1781456426\n|move|p2a: Ho-Oh|Sacred Fire|p1a: Oinkologne\n|-damage|p1a: Oinkologne|316/361\n|move|p1a: Oinkologne|Body Slam|p2a: Ho-Oh\n|-damage|p2a: Ho-Oh|0 fnt\n|faint|p2a: Ho-Oh\n|\n|-heal|p1a: Oinkologne|338/361|[from] item: Leftovers\n|upkeep\n|\n|t:|1781456442\n|switch|p2a: Flamigo|Flamigo, L82, M|269/269\n|turn|13\n|\n|t:|1781456448\n|switch|p1a: Articuno|Articuno-Galar, L84|288/288\n|move|p2a: Flamigo|Close Combat|p1a: Articuno\n|-resisted|p1a: Articuno\n|-damage|p1a: Articuno|254/288\n|-unboost|p2a: Flamigo|def|1\n|-unboost|p2a: Flamigo|spd|1\n|\n|upkeep\n|turn|14\n|c|\u2606i'm_new_so_be_cool|gg\n|c|\u2606TheBoy83|gg\n|\n|t:|1781456491\n|switch|p2a: Raikou|Raikou, L81|179/278\n|-ability|p2a: Raikou|Pressure\n|move|p1a: Articuno|Freezing Glare|p2a: Raikou\n|-damage|p2a: Raikou|79/278\n|\n|upkeep\n|turn|15\n|\n|t:|1781456500\n|switch|p1a: Sandy Shocks|Sandy Shocks, L80|154/267 brn\n|move|p2a: Raikou|Scald|p1a: Sandy Shocks\n|-supereffective|p1a: Sandy Shocks\n|-damage|p1a: Sandy Shocks|0 fnt\n|faint|p1a: Sandy Shocks\n|-end|p1a: Sandy Shocks|Protosynthesis|[silent]\n|\n|upkeep\n|\n|t:|1781456513\n|switch|p1a: Drifblim|Drifblim, L86, F|378/398\n|turn|16\n|\n|t:|1781456527\n|switch|p2a: Azumarill|Azumarill, L82, M|298/298\n|move|p1a: Drifblim|Shadow Ball|p2a: Azumarill\n|-damage|p2a: Azumarill|204/298\n|\n|upkeep\n|turn|17\n|\n|t:|1781456553\n|move|p1a: Drifblim|Air Slash|p2a: Azumarill\n|-damage|p2a: Azumarill|119/298\n|-enditem|p2a: Azumarill|Sitrus Berry|[eat]\n|-heal|p2a: Azumarill|193/298|[from] item: Sitrus Berry\n|move|p2a: Azumarill|Belly Drum|p2a: Azumarill\n|-damage|p2a: Azumarill|44/298\n|-setboost|p2a: Azumarill|atk|6|[from] move: Belly Drum\n|\n|upkeep\n|turn|18\n|\n|t:|1781456581\n|-terastallize|p2a: Azumarill|Water\n|move|p2a: Azumarill|Aqua Jet|p1a: Drifblim\n|-damage|p1a: Drifblim|0 fnt\n|-damage|p2a: Azumarill|0 fnt|[from] ability: Aftermath|[of] p1a: Drifblim\n|faint|p1a: Drifblim\n|faint|p2a: Azumarill\n|\n|upkeep\n|\n|t:|1781456598\n|switch|p1a: Solgaleo|Solgaleo, L74|325/325\n|switch|p2a: Leavanny|Leavanny, L86, F|249/269\n|turn|19\n|\n|t:|1781456612\n|switch|p2a: Flamigo|Flamigo, L82, M|269/269\n|move|p1a: Solgaleo|Flame Charge|p2a: Flamigo\n|-damage|p2a: Flamigo|230/269\n|-boost|p1a: Solgaleo|spe|1\n|\n|upkeep\n|turn|20\n|\n|t:|1781456637\n|move|p2a: Flamigo|Close Combat|p1a: Solgaleo\n|-damage|p1a: Solgaleo|181/325\n|-unboost|p2a: Flamigo|def|1\n|-unboost|p2a: Flamigo|spd|1\n|move|p1a: Solgaleo|Flame Charge|p2a: Flamigo\n|-damage|p2a: Flamigo|160/269\n|-boost|p1a: Solgaleo|spe|1\n|\n|upkeep\n|turn|21\n|\n|t:|1781456693\n|switch|p2a: Leavanny|Leavanny, L86, F|249/269\n|move|p1a: Solgaleo|Sunsteel Strike|p2a: Leavanny\n|-damage|p2a: Leavanny|128/269\n|\n|upkeep\n|turn|22\n|\n|t:|1781456704\n|move|p1a: Solgaleo|Flame Charge|p2a: Leavanny\n|-supereffective|p2a: Leavanny\n|-damage|p2a: Leavanny|0 fnt\n|-boost|p1a: Solgaleo|spe|1\n|faint|p2a: Leavanny\n|\n|upkeep\n|\n|t:|1781456714\n|switch|p2a: Flamigo|Flamigo, L82, M|160/269\n|turn|23\n|\n|t:|1781456734\n|move|p1a: Solgaleo|Sunsteel Strike|p2a: Flamigo\n|-damage|p2a: Flamigo|37/269\n|move|p2a: Flamigo|Close Combat|p1a: Solgaleo\n|-damage|p1a: Solgaleo|48/325\n|-unboost|p2a: Flamigo|def|1\n|-unboost|p2a: Flamigo|spd|1\n|\n|upkeep\n|turn|24\n|\n|t:|1781456754\n|move|p1a: Solgaleo|Sunsteel Strike|p2a: Flamigo\n|-damage|p2a: Flamigo|0 fnt\n|faint|p2a: Flamigo\n|\n|upkeep\n|\n|t:|1781456756\n|switch|p2a: Kommo-o|Kommo-o, L78, F|245/245\n|turn|25\n|\n|t:|1781456788\n|move|p1a: Solgaleo|Close Combat|p2a: Kommo-o\n|-damage|p2a: Kommo-o|175/245\n|-unboost|p1a: Solgaleo|def|1\n|-unboost|p1a: Solgaleo|spd|1\n|move|p2a: Kommo-o|Scale Shot|p1a: Solgaleo\n|-resisted|p1a: Solgaleo\n|-damage|p1a: Solgaleo|29/325\n|-resisted|p1a: Solgaleo\n|-damage|p1a: Solgaleo|11/325\n|-resisted|p1a: Solgaleo\n|-damage|p1a: Solgaleo|0 fnt\n|faint|p1a: Solgaleo\n|-hitcount|p1: Solgaleo|3\n|-unboost|p2a: Kommo-o|def|1\n|-boost|p2a: Kommo-o|spe|1\n|\n|upkeep\n|\n|t:|1781456824\n|switch|p1a: Oinkologne|Oinkologne-F, L92, F|338/361\n|turn|26\n|\n|t:|1781456868\n|-terastallize|p1a: Oinkologne|Ground\n|move|p2a: Kommo-o|Iron Head|p1a: Oinkologne\n|-damage|p1a: Oinkologne|278/361\n|move|p1a: Oinkologne|High Horsepower|p2a: Kommo-o\n|-damage|p2a: Kommo-o|46/245\n|\n|-heal|p1a: Oinkologne|300/361|[from] item: Leftovers\n|upkeep\n|turn|27\n|\n|t:|1781456877\n|move|p2a: Kommo-o|Iron Head|p1a: Oinkologne\n|-damage|p1a: Oinkologne|240/361\n|move|p1a: Oinkologne|Body Slam|p2a: Kommo-o\n|-damage|p2a: Kommo-o|0 fnt\n|faint|p2a: Kommo-o\n|\n|-heal|p1a: Oinkologne|262/361|[from] item: Leftovers\n|upkeep\n|\n|t:|1781456880\n|switch|p2a: Raikou|Raikou, L81|79/278\n|-ability|p2a: Raikou|Pressure\n|turn|28\n|\n|t:|1781456893\n|move|p2a: Raikou|Scald|p1a: Oinkologne\n|-supereffective|p1a: Oinkologne\n|-damage|p1a: Oinkologne|108/361\n|-status|p1a: Oinkologne|brn\n|move|p1a: Oinkologne|Body Slam|p2a: Raikou\n|-damage|p2a: Raikou|24/278\n|\n|-heal|p1a: Oinkologne|130/361 brn|[from] item: Leftovers\n|-damage|p1a: Oinkologne|108/361 brn|[from] brn\n|upkeep\n|turn|29\n|\n|t:|1781456909\n|move|p2a: Raikou|Scald|p1a: Oinkologne\n|-supereffective|p1a: Oinkologne\n|-damage|p1a: Oinkologne|0 fnt\n|faint|p1a: Oinkologne\n|\n|upkeep\n|\n|t:|1781456916\n|switch|p1a: Articuno|Articuno-Galar, L84|235/235\n|turn|30\n|c|\u2606i'm_new_so_be_cool|gg\n|\n|t:|1781456955\n|move|p2a: Raikou|Scald|p1a: Articuno\n|-damage|p1a: Articuno|110/235\n|-status|p1a: Articuno|brn\n|replace|p1a: Zoroark|Zoroark, L83, F\n|-end|p1a: Zoroark|Illusion\n|-hint|Illusion Level Mod is active, so this Pok\u00e9mon's true level was hidden.\n|move|p1a: Zoroark|Dark Pulse|p2a: Raikou\n|-damage|p2a: Raikou|0 fnt\n|faint|p2a: Raikou\n|\n|win|TheBoy83\n", "inputlog": ">version a8376a258c1d4662feba110a92103f3664a72141\n>start {\"formatid\":\"gen9randombattle\",\"seed\":\"sodium,4ec6eb6c923863c870027e4e2d51b788\",\"rated\":\"Rated battle\"}\n>player p1 {\"name\":\"TheBoy83\",\"avatar\":\"miku-ghost\",\"rating\":2229,\"seed\":\"sodium,ddad319659114c2ffcc24a5c4054933a\"}\n>player p2 {\"name\":\"i'm_new_so_be_cool\",\"avatar\":\"ninjaboy\",\"rating\":2148,\"seed\":\"sodium,5612ae0d991f7b993dbc97a1562d851d\"}\n>chat \u2606i'm_new_so_be_cool|cool avatar\n>chat \u2606i'm_new_so_be_cool|glhf\n>chat \u2606TheBoy83|ty gl 22\n>chat \u2606i'm_new_so_be_cool|wait is that miku !\n>chat \u2606TheBoy83|yeah its free anyone can have\n>chat \u2606i'm_new_so_be_cool|fr ?\n>chat \u2606TheBoy83|do /avatar miku-ice\n>chat \u2606TheBoy83|i think\n>chat \u2606TheBoy83|oh mine is miku-ghost\n>chat \u2606TheBoy83|but theres a lot of types\n>chat \u2606i'm_new_so_be_cool|no way\n>chat \u2606i'm_new_so_be_cool|ty\n>chat \u2606TheBoy83|ye\n>p1 move voltswitch\n>p2 switch 2\n>p1 switch 2\n>p1 move highhorsepower\n>p2 switch 6\n>p1 switch 5\n>p2 move stickyweb\n>p1 move flamecharge\n>p2 switch 4\n>p1 switch 2\n>p2 move sacredfire\n>p1 move voltswitch\n>p2 move earthquake\n>p1 switch 3\n>p1 move defog\n>p2 switch 5\n>p1 move airslash\n>p2 move uturn\n>p2 switch 6\n>p1 switch 5\n>p2 move shadowball\n>p1 move curse\n>p2 switch 5\n>p1 move bodyslam\n>p2 move sacredfire\n>p1 move bodyslam\n>p2 move sacredfire\n>p2 switch 6\n>p1 switch 6\n>p2 move closecombat\n>chat \u2606i'm_new_so_be_cool|gg\n>chat \u2606TheBoy83|gg\n>p1 move freezingglare\n>p2 switch 5\n>p1 switch 3\n>p2 move scald\n>p1 switch 5\n>p1 move shadowball\n>p2 switch 2\n>p1 move airslash\n>p2 move bellydrum\n>p1 move shadowball\n>p2 move aquajet terastallize\n>p1 switch 2\n>p2 switch 4\n>p1 move flamecharge\n>p2 switch 5\n>p1 move flamecharge\n>p2 move closecombat\n>p1 move sunsteelstrike\n>p2 switch 5\n>p1 move flamecharge\n>p2 move stickyweb\n>p2 switch 5\n>p1 move sunsteelstrike\n>p2 move closecombat\n>p1 move sunsteelstrike\n>p2 move closecombat\n>p2 switch 3\n>p1 move closecombat\n>p2 move scaleshot\n>p1 switch 6\n>p1 move highhorsepower terastallize\n>p2 move ironhead\n>p1 move bodyslam\n>p2 move ironhead\n>p2 switch 2\n>p1 move bodyslam\n>p2 move scald\n>p1 move bodyslam\n>p2 move scald\n>p1 switch 4\n>chat \u2606i'm_new_so_be_cool|gg\n>p1 move darkpulse\n>p2 move scald", "uploadtime": 1781456084, "views": 5, "formatid": "gen9randombattle", "rating": null, "private": 0, "password": null}