{"id": "gen9randombattle-2631595421", "format": "[Gen 9] Random Battle", "players": ["Ponclex", "Strokefish"], "log": "|j|\u2606Ponclex\n|j|\u2606Strokefish\n|t:|1781406221\n|gametype|singles\n|player|p1|Ponclex|169|2144\n|player|p2|Strokefish|170|1993\n|gen|9\n|tier|[Gen 9] Random Battle\n|rated|\n|rule|Species Clause: Limit one of each Pok\u00e9mon\n|rule|HP Percentage Mod: HP is shown in percentages\n|rule|Sleep Clause Mod: Limit one foe put to sleep\n|rule|Illusion Level Mod: Illusion disguises the Pok\u00e9mon's true level\n|\n|t:|1781406221\n|teamsize|p1|6\n|teamsize|p2|6\n|start\n|switch|p1a: Cramorant|Cramorant, L86, F|261/261\n|switch|p2a: Brambleghast|Brambleghast, L88, M|240/240\n|turn|1\n|inactive|Battle timer is ON: inactive players will automatically lose when time's up. (requested by Ponclex)\n|inactive|Strokefish has 120 seconds left.\n|\n|t:|1781406273\n|move|p2a: Brambleghast|Power Whip|p1a: Cramorant\n|-damage|p1a: Cramorant|47/261\n|move|p1a: Cramorant|Brave Bird|p2a: Brambleghast\n|-supereffective|p2a: Brambleghast\n|-damage|p2a: Brambleghast|0 fnt\n|faint|p2a: Brambleghast\n|-damage|p1a: Cramorant|0 fnt|[from] Recoil\n|faint|p1a: Cramorant\n|\n|upkeep\n|inactive|Strokefish has 120 seconds left.\n|\n|t:|1781406304\n|switch|p2a: Grafaiai|Grafaiai, L86, F|249/249\n|switch|p1a: Zebstrika|Zebstrika, L87, M|272/272\n|turn|2\n|\n|t:|1781406314\n|switch|p2a: Pachirisu|Pachirisu, L96, F|271/271\n|move|p1a: Zebstrika|High Horsepower|p2a: Pachirisu\n|-supereffective|p2a: Pachirisu\n|-damage|p2a: Pachirisu|58/271\n|-damage|p1a: Zebstrika|245/272|[from] item: Life Orb\n|\n|upkeep\n|turn|3\n|\n|t:|1781406328\n|move|p1a: Zebstrika|High Horsepower|p2a: Pachirisu\n|-supereffective|p2a: Pachirisu\n|-damage|p2a: Pachirisu|0 fnt\n|faint|p2a: Pachirisu\n|-damage|p1a: Zebstrika|218/272|[from] item: Life Orb\n|\n|upkeep\n|\n|t:|1781406331\n|switch|p2a: Slaking|Slaking, L84, M|389/389\n|turn|4\n|\n|t:|1781406355\n|switch|p1a: Cetitan|Cetitan, L82, M|412/412\n|move|p2a: Slaking|Earthquake|p1a: Cetitan\n|-damage|p1a: Cetitan|211/412\n|\n|upkeep\n|turn|5\n|\n|t:|1781406365\n|switch|p2a: Cobalion|Cobalion, L80|277/277\n|move|p1a: Cetitan|Ice Spinner|p2a: Cobalion\n|-resisted|p2a: Cobalion\n|-damage|p2a: Cobalion|241/277\n|\n|-heal|p2a: Cobalion|258/277|[from] item: Leftovers\n|upkeep\n|turn|6\n|\n|t:|1781406371\n|switch|p1a: Infernape|Infernape, L82, F|259/259\n|move|p2a: Cobalion|Stealth Rock|p1a: Infernape\n|-sidestart|p1: Ponclex|move: Stealth Rock\n|\n|-heal|p2a: Cobalion|275/277|[from] item: Leftovers\n|upkeep\n|turn|7\n|\n|t:|1781406386\n|switch|p2a: Comfey|Comfey, L85, M|225/225\n|move|p1a: Infernape|Overheat|p2a: Comfey\n|-crit|p2a: Comfey\n|-damage|p2a: Comfey|21/225\n|-unboost|p1a: Infernape|spa|2\n|-damage|p1a: Infernape|234/259|[from] item: Life Orb\n|\n|-heal|p2a: Comfey|35/225|[from] item: Leftovers\n|upkeep\n|turn|8\n|\n|t:|1781406405\n|move|p2a: Comfey|Draining Kiss|p1a: Infernape\n|-damage|p1a: Infernape|176/259\n|-heal|p2a: Comfey|79/225|[from] drain|[of] p1a: Infernape\n|move|p1a: Infernape|Overheat|p2a: Comfey\n|-damage|p2a: Comfey|4/225\n|-unboost|p1a: Infernape|spa|2\n|-damage|p1a: Infernape|151/259|[from] item: Life Orb\n|\n|-heal|p2a: Comfey|18/225|[from] item: Leftovers\n|upkeep\n|turn|9\n|\n|t:|1781406429\n|switch|p1a: Whimsicott|Whimsicott, L84, M|238/238\n|move|p2a: Comfey|Draining Kiss|p1a: Whimsicott\n|-damage|p1a: Whimsicott|178/238\n|-heal|p2a: Comfey|63/225|[from] drain|[of] p1a: Whimsicott\n|\n|-heal|p2a: Comfey|77/225|[from] item: Leftovers\n|upkeep\n|turn|10\n|\n|t:|1781406435\n|switch|p2a: Grafaiai|Grafaiai, L86, F|249/249\n|move|p1a: Whimsicott|Moonblast|p2a: Grafaiai\n|-resisted|p2a: Grafaiai\n|-damage|p2a: Grafaiai|216/249\n|\n|upkeep\n|turn|11\n|c|\u2606Ponclex|soz bro i gotta watch this game 5\n|c|\u2606Ponclex|gg\n|-message|Ponclex forfeited.\n|\n|win|Strokefish\n", "inputlog": ">version a8376a258c1d4662feba110a92103f3664a72141\n>start {\"formatid\":\"gen9randombattle\",\"seed\":\"sodium,30bf18e02e50e206270630a9f2d5023b\",\"rated\":\"Rated battle\"}\n>player p1 {\"name\":\"Ponclex\",\"avatar\":\"169\",\"rating\":2144,\"seed\":\"sodium,506755e274c829388745cad2a622f2d4\"}\n>player p2 {\"name\":\"Strokefish\",\"avatar\":\"170\",\"rating\":1993,\"seed\":\"sodium,a025c2f746beb6b82bf2f7582f2d75ea\"}\n>p1 move bravebird\n>p2 move powerwhip\n>p1 switch 5\n>p2 switch 2\n>p1 move highhorsepower\n>p2 switch 5\n>p1 move highhorsepower\n>p2 move discharge\n>p2 switch 6\n>p1 switch 2\n>p2 move earthquake\n>p1 move icespinner\n>p2 switch 4\n>p1 switch 3\n>p2 move stealthrock\n>p1 move overheat\n>p2 switch 3\n>p1 move overheat\n>p2 move drainingkiss\n>p1 switch 6\n>p2 move drainingkiss\n>p1 move moonblast\n>p2 switch 5\n>chat \u2606Ponclex|soz bro i gotta watch this game 5\n>chat \u2606Ponclex|gg\n>forcelose p1", "uploadtime": 1781406223, "views": 5, "formatid": "gen9randombattle", "rating": null, "private": 0, "password": null}