{"id": "gen9randombattle-2631771691", "format": "[Gen 9] Random Battle", "players": ["BlazeSilva", "frequenty"], "log": "|j|\u2606BlazeSilva\n|j|\u2606frequenty\n|t:|1781437171\n|gametype|singles\n|player|p1|BlazeSilva|jacinthe|\n|player|p2|frequenty|170|\n|gen|9\n|tier|[Gen 9] Random Battle\n|rule|Species Clause: Limit one of each Pok\u00e9mon\n|rule|HP Percentage Mod: HP is shown in percentages\n|rule|Sleep Clause Mod: Limit one foe put to sleep\n|rule|Illusion Level Mod: Illusion disguises the Pok\u00e9mon's true level\n|\n|t:|1781437171\n|teamsize|p1|6\n|teamsize|p2|6\n|start\n|switch|p1a: Mesprit|Mesprit, L85|275/275\n|switch|p2a: Skuntank|Skuntank, L84, M|310/310\n|turn|1\n|inactive|Battle timer is ON: inactive players will automatically lose when time's up. (requested by BlazeSilva)\n|\n|t:|1781437199\n|move|p2a: Skuntank|Sucker Punch||[still]\n|-fail|p2a: Skuntank\n|move|p1a: Mesprit|Stealth Rock|p2a: Skuntank\n|-sidestart|p2: frequenty|move: Stealth Rock\n|\n|upkeep\n|turn|2\n|\n|t:|1781437208\n|move|p2a: Skuntank|Toxic Spikes|p1a: Mesprit\n|-sidestart|p1: BlazeSilva|move: Toxic Spikes\n|move|p1a: Mesprit|Drain Punch|p2a: Skuntank\n|-damage|p2a: Skuntank|241/310\n|\n|upkeep\n|turn|3\n|\n|t:|1781437215\n|move|p2a: Skuntank|Sucker Punch|p1a: Mesprit\n|-supereffective|p1a: Mesprit\n|-damage|p1a: Mesprit|147/275\n|move|p1a: Mesprit|Knock Off|p2a: Skuntank\n|-resisted|p2a: Skuntank\n|-damage|p2a: Skuntank|198/310\n|-enditem|p2a: Skuntank|Focus Sash|[from] move: Knock Off|[of] p1a: Mesprit\n|\n|-heal|p1a: Mesprit|164/275|[from] item: Leftovers\n|upkeep\n|turn|4\n|\n|t:|1781437226\n|move|p2a: Skuntank|Knock Off|p1a: Mesprit\n|-supereffective|p1a: Mesprit\n|-damage|p1a: Mesprit|0 fnt\n|-enditem|p1a: Mesprit|Leftovers|[from] move: Knock Off|[of] p2a: Skuntank\n|faint|p1a: Mesprit\n|\n|upkeep\n|\n|t:|1781437236\n|switch|p1a: Iron Treads|Iron Treads, L77|265/265\n|turn|5\n|\n|t:|1781437243\n|move|p1a: Iron Treads|Rapid Spin|p2a: Skuntank\n|-damage|p2a: Skuntank|157/310\n|-boost|p1a: Iron Treads|spe|1\n|-sideend|p1: BlazeSilva|Toxic Spikes|[from] move: Rapid Spin|[of] p1a: Iron Treads\n|move|p2a: Skuntank|Toxic Spikes|p1a: Iron Treads\n|-sidestart|p1: BlazeSilva|move: Toxic Spikes\n|\n|upkeep\n|turn|6\n|inactive|frequenty has 270 seconds left.\n|\n|t:|1781437283\n|move|p1a: Iron Treads|Earthquake|p2a: Skuntank\n|-supereffective|p2a: Skuntank\n|-damage|p2a: Skuntank|0 fnt\n|faint|p2a: Skuntank\n|\n|upkeep\n|\n|t:|1781437289\n|switch|p2a: Mewtwo|Mewtwo, L72|272/272\n|-damage|p2a: Mewtwo|238/272|[from] Stealth Rock\n|-ability|p2a: Mewtwo|Pressure\n|turn|7\n|\n|t:|1781437301\n|move|p1a: Iron Treads|Rapid Spin|p2a: Mewtwo\n|-damage|p2a: Mewtwo|199/272\n|-boost|p1a: Iron Treads|spe|1\n|-sideend|p1: BlazeSilva|Toxic Spikes|[from] move: Rapid Spin|[of] p1a: Iron Treads\n|move|p2a: Mewtwo|Dark Pulse|p1a: Iron Treads\n|-damage|p1a: Iron Treads|200/265\n|-damage|p2a: Mewtwo|172/272|[from] item: Life Orb\n|\n|upkeep\n|turn|8\n|\n|t:|1781437317\n|switch|p2a: Skarmory|Skarmory, L80, M|235/235\n|-damage|p2a: Skarmory|206/235|[from] Stealth Rock\n|move|p1a: Iron Treads|Volt Switch|p2a: Skarmory\n|-supereffective|p2a: Skarmory\n|-damage|p2a: Skarmory|128/235\n|\n|t:|1781437336\n|-end|p1a: Iron Treads|Quark Drive|[silent]\n|switch|p1a: Scream Tail|Scream Tail, L84|330/330|[from] Volt Switch\n|\n|upkeep\n|turn|9\n|\n|t:|1781437350\n|move|p1a: Scream Tail|Protect|p1a: Scream Tail\n|-singleturn|p1a: Scream Tail|Protect\n|move|p2a: Skarmory|Spikes|p1a: Scream Tail\n|-sidestart|p1: BlazeSilva|Spikes\n|\n|upkeep\n|turn|10\n|\n|t:|1781437361\n|switch|p2a: Mewtwo|Mewtwo, L72|172/272\n|-damage|p2a: Mewtwo|138/272|[from] Stealth Rock\n|-ability|p2a: Mewtwo|Pressure\n|move|p1a: Scream Tail|Dazzling Gleam|p2a: Mewtwo\n|-damage|p2a: Mewtwo|63/272\n|\n|upkeep\n|turn|11\n|\n|t:|1781437386\n|-end|p1a: Scream Tail|Protosynthesis|[silent]\n|switch|p1a: Baxcalibur|Baxcalibur, L75, F|296/296\n|switch|p2a: Qwilfish|Qwilfish, L86, F|252/252\n|-damage|p2a: Qwilfish|221/252|[from] Stealth Rock\n|-ability|p2a: Qwilfish|Intimidate|boost\n|-unboost|p1a: Baxcalibur|atk|1\n|\n|-heal|p2a: Qwilfish|236/252|[from] item: Leftovers\n|upkeep\n|turn|12\n|\n|t:|1781437406\n|move|p2a: Qwilfish|Gunk Shot|p1a: Baxcalibur\n|-damage|p1a: Baxcalibur|151/296\n|move|p1a: Baxcalibur|Glaive Rush|p2a: Qwilfish\n|-damage|p2a: Qwilfish|139/252\n|-singlemove|p1a: Baxcalibur|Glaive Rush|[silent]\n|\n|-heal|p2a: Qwilfish|154/252|[from] item: Leftovers\n|upkeep\n|turn|13\n|\n|t:|1781437417\n|move|p2a: Qwilfish|Gunk Shot|p1a: Baxcalibur\n|-damage|p1a: Baxcalibur|0 fnt\n|faint|p1a: Baxcalibur\n|\n|-heal|p2a: Qwilfish|169/252|[from] item: Leftovers\n|upkeep\n|\n|t:|1781437439\n|switch|p1a: Iron Treads|Iron Treads, L77|200/265\n|-damage|p1a: Iron Treads|167/265|[from] Spikes\n|turn|14\n|\n|t:|1781437457\n|switch|p2a: Ribombee|Ribombee, L83, M|235/235\n|move|p1a: Iron Treads|Earthquake|p2a: Ribombee\n|-resisted|p2a: Ribombee\n|-damage|p2a: Ribombee|163/235\n|\n|upkeep\n|turn|15\n|\n|t:|1781437473\n|-end|p1a: Iron Treads|Quark Drive|[silent]\n|switch|p1a: Scream Tail|Scream Tail, L84|330/330\n|-damage|p1a: Scream Tail|289/330|[from] Spikes\n|move|p2a: Ribombee|Sticky Web|p1a: Scream Tail\n|-sidestart|p1: BlazeSilva|move: Sticky Web\n|\n|-heal|p1a: Scream Tail|309/330|[from] item: Leftovers\n|upkeep\n|turn|16\n|inactive|frequenty has 240 seconds left.\n|\n|t:|1781437497\n|switch|p2a: Qwilfish|Qwilfish, L86, F|169/252\n|-damage|p2a: Qwilfish|138/252|[from] Stealth Rock\n|-ability|p2a: Qwilfish|Intimidate|boost\n|-unboost|p1a: Scream Tail|atk|1\n|move|p1a: Scream Tail|Wish|p1a: Scream Tail\n|\n|-heal|p1a: Scream Tail|329/330|[from] item: Leftovers\n|-heal|p2a: Qwilfish|153/252|[from] item: Leftovers\n|upkeep\n|turn|17\n|inactive|frequenty has 240 seconds left.\n|\n|t:|1781437513\n|move|p1a: Scream Tail|Dazzling Gleam|p2a: Qwilfish\n|-resisted|p2a: Qwilfish\n|-damage|p2a: Qwilfish|113/252\n|move|p2a: Qwilfish|Thunder Wave|p1a: Scream Tail\n|-status|p1a: Scream Tail|par\n|\n|-heal|p1a: Scream Tail|330/330 par|[from] move: Wish|[wisher] Scream Tail\n|-heal|p2a: Qwilfish|128/252|[from] item: Leftovers\n|upkeep\n|turn|18\n|\n|t:|1781437527\n|move|p2a: Qwilfish|Gunk Shot|p1a: Scream Tail\n|-supereffective|p1a: Scream Tail\n|-damage|p1a: Scream Tail|84/330 par\n|move|p1a: Scream Tail|Dazzling Gleam|p2a: Qwilfish\n|-resisted|p2a: Qwilfish\n|-damage|p2a: Qwilfish|86/252\n|\n|-heal|p2a: Qwilfish|101/252|[from] item: Leftovers\n|-heal|p1a: Scream Tail|104/330 par|[from] item: Leftovers\n|upkeep\n|turn|19\n|\n|t:|1781437537\n|move|p2a: Qwilfish|Gunk Shot|p1a: Scream Tail|[miss]\n|-miss|p2a: Qwilfish|p1a: Scream Tail\n|move|p1a: Scream Tail|Dazzling Gleam|p2a: Qwilfish\n|-resisted|p2a: Qwilfish\n|-damage|p2a: Qwilfish|56/252\n|\n|-heal|p2a: Qwilfish|71/252|[from] item: Leftovers\n|-heal|p1a: Scream Tail|124/330 par|[from] item: Leftovers\n|upkeep\n|turn|20\n|inactive|frequenty has 240 seconds left.\n|\n|t:|1781437547\n|move|p2a: Qwilfish|Gunk Shot|p1a: Scream Tail|[miss]\n|-miss|p2a: Qwilfish|p1a: Scream Tail\n|cant|p1a: Scream Tail|par\n|\n|-heal|p2a: Qwilfish|86/252|[from] item: Leftovers\n|-heal|p1a: Scream Tail|144/330 par|[from] item: Leftovers\n|upkeep\n|turn|21\n|\n|t:|1781437556\n|move|p2a: Qwilfish|Gunk Shot|p1a: Scream Tail|[miss]\n|-miss|p2a: Qwilfish|p1a: Scream Tail\n|move|p1a: Scream Tail|Dazzling Gleam|p2a: Qwilfish\n|-resisted|p2a: Qwilfish\n|-damage|p2a: Qwilfish|44/252\n|\n|-heal|p2a: Qwilfish|59/252|[from] item: Leftovers\n|-heal|p1a: Scream Tail|164/330 par|[from] item: Leftovers\n|upkeep\n|turn|22\n|\n|t:|1781437565\n|move|p2a: Qwilfish|Gunk Shot|p1a: Scream Tail\n|-supereffective|p1a: Scream Tail\n|-damage|p1a: Scream Tail|0 fnt\n|faint|p1a: Scream Tail\n|-end|p1a: Scream Tail|Protosynthesis|[silent]\n|\n|-heal|p2a: Qwilfish|74/252|[from] item: Leftovers\n|upkeep\n|\n|t:|1781437576\n|switch|p1a: Iron Treads|Iron Treads, L77|167/265\n|-damage|p1a: Iron Treads|134/265|[from] Spikes\n|-activate|p1a: Iron Treads|move: Sticky Web\n|-unboost|p1a: Iron Treads|spe|1\n|turn|23\n|\n|t:|1781437585\n|move|p2a: Qwilfish|Waterfall|p1a: Iron Treads\n|-supereffective|p1a: Iron Treads\n|-damage|p1a: Iron Treads|0 fnt\n|faint|p1a: Iron Treads\n|-end|p1a: Iron Treads|Quark Drive|[silent]\n|\n|-heal|p2a: Qwilfish|89/252|[from] item: Leftovers\n|upkeep\n|\n|t:|1781437600\n|switch|p1a: Palkia|Palkia, L75|259/259\n|-damage|p1a: Palkia|227/259|[from] Spikes\n|-activate|p1a: Palkia|move: Sticky Web\n|-unboost|p1a: Palkia|spe|1\n|-ability|p1a: Palkia|Pressure\n|turn|24\n|inactive|frequenty has 270 seconds left.\n|\n|t:|1781437620\n|move|p2a: Qwilfish|Thunder Wave|p1a: Palkia\n|-status|p1a: Palkia|par\n|move|p1a: Palkia|Spacial Rend|p2a: Qwilfish\n|-crit|p2a: Qwilfish\n|-damage|p2a: Qwilfish|0 fnt\n|faint|p2a: Qwilfish\n|\n|upkeep\n|\n|t:|1781437632\n|switch|p2a: Skarmory|Skarmory, L80, M|128/235\n|-damage|p2a: Skarmory|99/235|[from] Stealth Rock\n|turn|25\n|\n|t:|1781437655\n|move|p2a: Skarmory|Brave Bird|p1a: Palkia\n|-damage|p1a: Palkia|119/259 par\n|-damage|p2a: Skarmory|63/235|[from] Recoil\n|move|p1a: Palkia|Fire Blast|p2a: Skarmory\n|-supereffective|p2a: Skarmory\n|-damage|p2a: Skarmory|0 fnt\n|faint|p2a: Skarmory\n|\n|upkeep\n|inactive|frequenty has 240 seconds left.\n|\n|t:|1781437670\n|switch|p2a: Mewtwo|Mewtwo, L72|63/272\n|-damage|p2a: Mewtwo|29/272|[from] Stealth Rock\n|-ability|p2a: Mewtwo|Pressure\n|turn|26\n|inactive|frequenty has 240 seconds left.\n|\n|t:|1781437689\n|move|p2a: Mewtwo|Psystrike|p1a: Palkia\n|-damage|p1a: Palkia|0 fnt\n|faint|p1a: Palkia\n|-damage|p2a: Mewtwo|2/272|[from] item: Life Orb\n|\n|upkeep\n|\n|t:|1781437695\n|switch|p1a: Masquerain|Masquerain, L87, M|264/264\n|-ability|p1a: Masquerain|Intimidate|boost\n|-unboost|p2a: Mewtwo|atk|1\n|turn|27\n|inactive|frequenty has 240 seconds left.\n|\n|t:|1781437717\n|move|p2a: Mewtwo|Recover|p2a: Mewtwo\n|-heal|p2a: Mewtwo|138/272\n|move|p1a: Masquerain|Quiver Dance|p1a: Masquerain\n|-boost|p1a: Masquerain|spa|1\n|-boost|p1a: Masquerain|spd|1\n|-boost|p1a: Masquerain|spe|1\n|\n|upkeep\n|turn|28\n|\n|t:|1781437727\n|move|p1a: Masquerain|Bug Buzz|p2a: Mewtwo\n|-supereffective|p2a: Mewtwo\n|-damage|p2a: Mewtwo|0 fnt\n|faint|p2a: Mewtwo\n|\n|upkeep\n|\n|t:|1781437737\n|switch|p2a: Ribombee|Ribombee, L83, M|163/235\n|turn|29\n|\n|t:|1781437744\n|move|p1a: Masquerain|Bug Buzz|p2a: Ribombee\n|-resisted|p2a: Ribombee\n|-damage|p2a: Ribombee|63/235\n|move|p2a: Ribombee|Moonblast|p1a: Masquerain\n|-crit|p1a: Masquerain\n|-damage|p1a: Masquerain|126/264\n|\n|upkeep\n|turn|30\n|\n|t:|1781437753\n|move|p1a: Masquerain|Bug Buzz|p2a: Ribombee\n|-resisted|p2a: Ribombee\n|-damage|p2a: Ribombee|0 fnt\n|faint|p2a: Ribombee\n|\n|upkeep\n|\n|t:|1781437759\n|switch|p2a: Mienshao|Mienshao, L83, F|243/243\n|-damage|p2a: Mienshao|228/243|[from] Stealth Rock\n|turn|31\n|inactive|frequenty has 240 seconds left.\n|\n|t:|1781437769\n|move|p1a: Masquerain|Bug Buzz|p2a: Mienshao\n|-resisted|p2a: Mienshao\n|-damage|p2a: Mienshao|125/243\n|move|p2a: Mienshao|Stone Edge|p1a: Masquerain\n|-supereffective|p1a: Masquerain\n|-damage|p1a: Masquerain|0 fnt\n|faint|p1a: Masquerain\n|\n|win|frequenty\n|l|\u2606BlazeSilva\n|player|p1|\n", "inputlog": ">version a8376a258c1d4662feba110a92103f3664a72141\n>start {\"formatid\":\"gen9randombattle\",\"seed\":\"sodium,f8f10f4f163aba3e06a1bcfde709a53a\"}\n>player p1 {\"name\":\"BlazeSilva\",\"avatar\":\"jacinthe\",\"rating\":0,\"seed\":\"sodium,e444054363558eb22d2b52671c3b6582\"}\n>player p2 {\"name\":\"frequenty\",\"avatar\":\"170\",\"rating\":0,\"seed\":\"sodium,78b3642c6b896b8160ba4e27c399f944\"}\n>p1 move stealthrock\n>p2 move suckerpunch\n>p1 move drainpunch\n>p2 move toxicspikes\n>p1 move knockoff\n>p2 move suckerpunch\n>p1 move drainpunch\n>p2 move knockoff\n>p1 switch 6\n>p1 move rapidspin\n>p2 move toxicspikes\n>p1 move earthquake\n>p2 move knockoff\n>p2 switch 6\n>p1 move rapidspin\n>p2 move darkpulse\n>p1 move voltswitch\n>p2 switch 2\n>p1 switch 2\n>p1 move protect\n>p2 move spikes\n>p1 move dazzlinggleam\n>p2 switch 2\n>p1 switch 5\n>p2 switch 5\n>p1 move glaiverush\n>p2 move gunkshot\n>p1 move glaiverush\n>p2 move gunkshot\n>p1 switch 2\n>p1 move earthquake\n>p2 switch 3\n>p1 switch 5\n>p2 move stickyweb\n>p1 move wish\n>p2 switch 3\n>p1 move dazzlinggleam\n>p2 move thunderwave\n>p1 move dazzlinggleam\n>p2 move gunkshot\n>p1 move dazzlinggleam\n>p2 move gunkshot\n>p1 move dazzlinggleam\n>p2 move gunkshot\n>p1 move dazzlinggleam\n>p2 move gunkshot\n>p1 move dazzlinggleam\n>p2 move gunkshot\n>p1 switch 5\n>p1 move earthquake\n>p2 move waterfall\n>p1 switch 4\n>p1 move spacialrend\n>p2 move thunderwave\n>p2 switch 2\n>p1 move fireblast\n>p2 move bravebird\n>p2 switch 5\n>p1 move spacialrend\n>p2 move psystrike\n>p1 switch 3\n>p1 move quiverdance\n>p2 move recover\n>p1 move bugbuzz\n>p2 move psystrike\n>p2 switch 3\n>p1 move bugbuzz\n>p2 move moonblast\n>p1 move bugbuzz\n>p2 move moonblast\n>p2 switch 4\n>p1 move bugbuzz\n>p2 move stoneedge", "uploadtime": 1781437782, "views": 7, "formatid": "gen9randombattle", "rating": null, "private": 0, "password": null}