{"id": "gen9randombattle-2631448403", "format": "[Gen 9] Random Battle", "players": ["LewisBavin", "cococem"], "log": "|j|\u2606LewisBavin\n|j|\u2606cococem\n|t:|1781385922\n|gametype|singles\n|player|p1|LewisBavin|2|2267\n|player|p2|cococem|2|2179\n|gen|9\n|tier|[Gen 9] Random Battle\n|rated|\n|rule|Species Clause: Limit one of each Pok\u00e9mon\n|rule|HP Percentage Mod: HP is shown in percentages\n|rule|Sleep Clause Mod: Limit one foe put to sleep\n|rule|Illusion Level Mod: Illusion disguises the Pok\u00e9mon's true level\n|\n|t:|1781385922\n|teamsize|p1|6\n|teamsize|p2|6\n|start\n|switch|p1a: Weavile|Weavile, L79, M|240/240\n|switch|p2a: Beartic|Beartic, L91, F|321/321\n|turn|1\n|inactive|Battle timer is ON: inactive players will automatically lose when time's up. (requested by LewisBavin)\n|\n|t:|1781385934\n|switch|p1a: Misdreavus|Misdreavus, L90, F|254/254\n|move|p2a: Beartic|Swords Dance|p2a: Beartic\n|-boost|p2a: Beartic|atk|2\n|\n|upkeep\n|turn|2\n|\n|t:|1781385940\n|switch|p2a: Magmortar|Magmortar, L88, F|275/275\n|move|p1a: Misdreavus|Will-O-Wisp|p2a: Magmortar\n|-immune|p2a: Magmortar\n|\n|upkeep\n|turn|3\n|\n|t:|1781385944\n|switch|p1a: Camerupt|Camerupt, L91, F|275/275\n|move|p2a: Magmortar|Fire Blast|p1a: Camerupt\n|-resisted|p1a: Camerupt\n|-damage|p1a: Camerupt|188/275\n|\n|-heal|p1a: Camerupt|205/275|[from] item: Leftovers\n|upkeep\n|turn|4\n|\n|t:|1781385951\n|switch|p2a: Vespiquen|Vespiquen, L99, F|299/299\n|-ability|p2a: Vespiquen|Pressure\n|move|p1a: Camerupt|Earthquake|p2a: Vespiquen\n|-immune|p2a: Vespiquen\n|\n|-heal|p1a: Camerupt|222/275|[from] item: Leftovers\n|upkeep\n|turn|5\n|\n|t:|1781385973\n|move|p2a: Vespiquen|Toxic Spikes|p1a: Camerupt\n|-sidestart|p1: LewisBavin|move: Toxic Spikes\n|move|p1a: Camerupt|Will-O-Wisp|p2a: Vespiquen|[miss]\n|-miss|p1a: Camerupt|p2a: Vespiquen\n|\n|-heal|p1a: Camerupt|239/275|[from] item: Leftovers\n|upkeep\n|turn|6\n|\n|t:|1781385976\n|move|p2a: Vespiquen|Hurricane|p1a: Camerupt\n|-damage|p1a: Camerupt|83/275\n|move|p1a: Camerupt|Stealth Rock|p2a: Vespiquen\n|-sidestart|p2: cococem|move: Stealth Rock\n|\n|-heal|p1a: Camerupt|100/275|[from] item: Leftovers\n|upkeep\n|turn|7\n|\n|t:|1781385980\n|switch|p1a: Pecharunt|Pecharunt, L77|262/262\n|-sideend|p1: LewisBavin|move: Toxic Spikes|[of] p1a: Pecharunt\n|move|p2a: Vespiquen|Hurricane|p1a: Pecharunt\n|-damage|p1a: Pecharunt|103/262\n|\n|-heal|p1a: Pecharunt|119/262|[from] item: Leftovers\n|upkeep\n|turn|8\n|\n|t:|1781385984\n|move|p1a: Pecharunt|Recover|p1a: Pecharunt\n|-heal|p1a: Pecharunt|250/262\n|move|p2a: Vespiquen|Hurricane|p1a: Pecharunt\n|-damage|p1a: Pecharunt|100/262\n|\n|-heal|p1a: Pecharunt|116/262|[from] item: Leftovers\n|upkeep\n|turn|9\n|\n|t:|1781385993\n|move|p1a: Pecharunt|Recover|p1a: Pecharunt\n|-heal|p1a: Pecharunt|247/262\n|move|p2a: Vespiquen|Hurricane|p1a: Pecharunt|[miss]\n|-miss|p2a: Vespiquen|p1a: Pecharunt\n|\n|-heal|p1a: Pecharunt|262/262|[from] item: Leftovers\n|upkeep\n|turn|10\n|\n|t:|1781385997\n|switch|p1a: Florges|Florges-Blue, L85, F|271/271\n|switch|p2a: Bisharp|Bisharp, L79, F|232/232\n|-damage|p2a: Bisharp|218/232|[from] Stealth Rock\n|\n|upkeep\n|turn|11\n|\n|t:|1781386005\n|switch|p1a: Scizor|Scizor, L79, M|240/240\n|move|p2a: Bisharp|Stealth Rock|p1a: Scizor\n|-sidestart|p1: LewisBavin|move: Stealth Rock\n|\n|upkeep\n|turn|12\n|\n|t:|1781386029\n|switch|p2a: Magmortar|Magmortar, L88, F|275/275\n|move|p1a: Scizor|Knock Off|p2a: Magmortar\n|-damage|p2a: Magmortar|145/275\n|-enditem|p2a: Magmortar|Heavy-Duty Boots|[from] move: Knock Off|[of] p1a: Scizor\n|\n|upkeep\n|turn|13\n|\n|t:|1781386034\n|switch|p1a: Florges|Florges-Blue, L85, F|271/271\n|-damage|p1a: Florges|238/271|[from] Stealth Rock\n|move|p2a: Magmortar|Fire Blast|p1a: Florges\n|-damage|p1a: Florges|138/271\n|\n|-heal|p1a: Florges|154/271|[from] item: Leftovers\n|upkeep\n|turn|14\n|\n|t:|1781386038\n|move|p2a: Magmortar|Taunt|p1a: Florges\n|-start|p1a: Florges|move: Taunt\n|cant|p1a: Florges|move: Taunt|Wish\n|\n|-heal|p1a: Florges|170/271|[from] item: Leftovers\n|upkeep\n|turn|15\n|\n|t:|1781386045\n|move|p2a: Magmortar|Fire Blast|p1a: Florges\n|-damage|p1a: Florges|65/271\n|move|p1a: Florges|Moonblast|p2a: Magmortar\n|-resisted|p2a: Magmortar\n|-damage|p2a: Magmortar|96/275\n|\n|-heal|p1a: Florges|81/271|[from] item: Leftovers\n|upkeep\n|turn|16\n|\n|t:|1781386051\n|move|p2a: Magmortar|Fire Blast|p1a: Florges\n|-damage|p1a: Florges|0 fnt\n|faint|p1a: Florges\n|\n|upkeep\n|\n|t:|1781386054\n|switch|p1a: Weavile|Weavile, L79, M|240/240\n|turn|17\n|\n|t:|1781386068\n|move|p1a: Weavile|Swords Dance|p1a: Weavile\n|-boost|p1a: Weavile|atk|2\n|move|p2a: Magmortar|Fire Blast|p1a: Weavile\n|-supereffective|p1a: Weavile\n|-damage|p1a: Weavile|0 fnt\n|faint|p1a: Weavile\n|\n|upkeep\n|-message|LewisBavin forfeited.\n|\n|win|cococem\n", "inputlog": ">version a8376a258c1d4662feba110a92103f3664a72141\n>start {\"formatid\":\"gen9randombattle\",\"seed\":\"sodium,f4e5c1a17cfe68a396668385bda21a24\",\"rated\":\"Rated battle\"}\n>player p1 {\"name\":\"LewisBavin\",\"avatar\":\"2\",\"rating\":2267,\"seed\":\"sodium,4bc954a0a525367ce38a6cd2b4439429\"}\n>player p2 {\"name\":\"cococem\",\"avatar\":\"2\",\"rating\":2179,\"seed\":\"sodium,ddfee364fe1bc18aad29047b838e6324\"}\n>p1 switch 6\n>p2 move swordsdance\n>p1 move willowisp\n>p2 switch 5\n>p1 switch 5\n>p2 move fireblast\n>p1 move earthquake\n>p2 switch 3\n>p1 move willowisp\n>p2 move toxicspikes\n>p1 move stealthrock\n>p2 move hurricane\n>p1 switch 3\n>p2 move hurricane\n>p1 move recover\n>p2 move hurricane\n>p1 move recover\n>p2 move hurricane\n>p1 switch 4\n>p2 switch 4\n>p1 switch 2\n>p2 move stealthrock\n>p1 move knockoff\n>p2 switch 3\n>p1 switch 2\n>p2 move fireblast\n>p1 move wish\n>p2 move taunt\n>p1 move moonblast\n>p2 move fireblast\n>p1 move moonblast\n>p2 move fireblast\n>p1 switch 6\n>p1 move swordsdance\n>p2 move fireblast\n>forcelose p1", "uploadtime": 1781385925, "views": 5, "formatid": "gen9randombattle", "rating": null, "private": 0, "password": null}