{"id": "gen9randombattle-2631752321", "format": "[Gen 9] Random Battle", "players": ["crustlemuscle", "DaMoistAvocado"], "log": "|j|\u2606crustlemuscle\n|j|\u2606DaMoistAvocado\n|t:|1781433938\n|gametype|singles\n|player|p1|crustlemuscle|101|1938\n|player|p2|DaMoistAvocado|steven|1980\n|gen|9\n|tier|[Gen 9] Random Battle\n|rated|\n|rule|Species Clause: Limit one of each Pok\u00e9mon\n|rule|HP Percentage Mod: HP is shown in percentages\n|rule|Sleep Clause Mod: Limit one foe put to sleep\n|rule|Illusion Level Mod: Illusion disguises the Pok\u00e9mon's true level\n|\n|t:|1781433938\n|teamsize|p1|6\n|teamsize|p2|6\n|start\n|switch|p1a: Torterra|Torterra, L78, M|276/276\n|switch|p2a: Landorus|Landorus-Therian, L76, M|260/260\n|-ability|p2a: Landorus|Intimidate|boost\n|-unboost|p1a: Torterra|atk|1\n|turn|1\n|\n|t:|1781433961\n|move|p2a: Landorus|Taunt|p1a: Torterra\n|-start|p1a: Torterra|move: Taunt\n|move|p1a: Torterra|Bullet Seed|p2a: Landorus\n|-damage|p2a: Landorus|241/260\n|-damage|p2a: Landorus|220/260\n|-damage|p2a: Landorus|201/260\n|-damage|p2a: Landorus|182/260\n|-hitcount|p2a: Landorus|4\n|\n|-heal|p2a: Landorus|198/260|[from] item: Leftovers\n|upkeep\n|turn|2\n|\n|t:|1781433980\n|move|p2a: Landorus|U-turn|p1a: Torterra\n|-supereffective|p1a: Torterra\n|-damage|p1a: Torterra|172/276\n|\n|t:|1781434012\n|switch|p2a: Weavile|Weavile, L79, M|240/240|[from] U-turn\n|move|p1a: Torterra|Bullet Seed|p2a: Weavile\n|-damage|p2a: Weavile|219/240\n|-damage|p2a: Weavile|197/240\n|-damage|p2a: Weavile|176/240\n|-damage|p2a: Weavile|154/240\n|-hitcount|p2a: Weavile|4\n|\n|upkeep\n|turn|3\n|\n|t:|1781434025\n|switch|p1a: Wigglytuff|Wigglytuff, L96, F|424/424\n|move|p2a: Weavile|Triple Axel|p1a: Wigglytuff\n|-damage|p1a: Wigglytuff|393/424\n|-damage|p1a: Wigglytuff|324/424\n|-damage|p1a: Wigglytuff|224/424\n|-hitcount|p1a: Wigglytuff|3\n|\n|-heal|p1a: Wigglytuff|250/424|[from] item: Leftovers\n|upkeep\n|turn|4\n|\n|t:|1781434060\n|move|p2a: Weavile|Triple Axel|p1a: Wigglytuff\n|-damage|p1a: Wigglytuff|220/424\n|-damage|p1a: Wigglytuff|160/424\n|-hitcount|p1a: Wigglytuff|2\n|move|p1a: Wigglytuff|Alluring Voice|p2a: Weavile\n|-supereffective|p2a: Weavile\n|-damage|p2a: Weavile|0 fnt\n|faint|p2a: Weavile\n|\n|-heal|p1a: Wigglytuff|186/424|[from] item: Leftovers\n|upkeep\n|\n|t:|1781434069\n|switch|p2a: Feraligatr|Feraligatr, L79, F|264/264\n|turn|5\n|\n|t:|1781434071\n|move|p2a: Feraligatr|Liquidation|p1a: Wigglytuff\n|-damage|p1a: Wigglytuff|0 fnt\n|faint|p1a: Wigglytuff\n|\n|upkeep\n|\n|t:|1781434085\n|switch|p1a: Kricketune|Kricketune, L99, M|312/312\n|turn|6\n|\n|t:|1781434091\n|switch|p2a: Donphan|Donphan, L84, M|288/288\n|move|p1a: Kricketune|Pounce|p2a: Donphan\n|-damage|p2a: Donphan|209/288\n|-unboost|p2a: Donphan|spe|1\n|\n|upkeep\n|turn|7\n|\n|t:|1781434098\n|move|p1a: Kricketune|Knock Off|p2a: Donphan\n|-damage|p2a: Donphan|147/288\n|-enditem|p2a: Donphan|Assault Vest|[from] move: Knock Off|[of] p1a: Kricketune\n|move|p2a: Donphan|Knock Off|p1a: Kricketune\n|-damage|p1a: Kricketune|216/312\n|-enditem|p1a: Kricketune|Heavy-Duty Boots|[from] move: Knock Off|[of] p2a: Donphan\n|\n|upkeep\n|turn|8\n|\n|t:|1781434123\n|move|p1a: Kricketune|Pounce|p2a: Donphan\n|-damage|p2a: Donphan|75/288\n|-unboost|p2a: Donphan|spe|1\n|move|p2a: Donphan|Ice Spinner|p1a: Kricketune\n|-damage|p1a: Kricketune|125/312\n|\n|upkeep\n|turn|9\n|\n|t:|1781434131\n|switch|p2a: Landorus|Landorus-Therian, L76, M|198/260\n|-ability|p2a: Landorus|Intimidate|boost\n|-unboost|p1a: Kricketune|atk|1\n|move|p1a: Kricketune|Pounce|p2a: Landorus\n|-resisted|p2a: Landorus\n|-damage|p2a: Landorus|165/260\n|-unboost|p2a: Landorus|spe|1\n|\n|-heal|p2a: Landorus|181/260|[from] item: Leftovers\n|upkeep\n|turn|10\n|\n|t:|1781434172\n|switch|p1a: Amoonguss|Amoonguss, L82, M|321/321\n|move|p2a: Landorus|U-turn|p1a: Amoonguss\n|-damage|p1a: Amoonguss|246/321\n|-damage|p2a: Landorus|138/260|[from] item: Rocky Helmet|[of] p1a: Amoonguss\n|\n|t:|1781434180\n|switch|p2a: Feraligatr|Feraligatr, L79, F|264/264|[from] U-turn\n|\n|upkeep\n|turn|11\n|\n|t:|1781434184\n|move|p2a: Feraligatr|Ice Punch|p1a: Amoonguss\n|-supereffective|p1a: Amoonguss\n|-damage|p1a: Amoonguss|35/321\n|-damage|p2a: Feraligatr|220/264|[from] item: Rocky Helmet|[of] p1a: Amoonguss\n|move|p1a: Amoonguss|Spore|p2a: Feraligatr\n|-status|p2a: Feraligatr|slp|[from] move: Spore\n|\n|upkeep\n|turn|12\n|inactive|Battle timer is ON: inactive players will automatically lose when time's up. (requested by crustlemuscle)\n|\n|t:|1781434282\n|switch|p2a: Zamazenta|Zamazenta, L71|248/248\n|-ability|p2a: Zamazenta|Dauntless Shield|boost\n|-boost|p2a: Zamazenta|def|1\n|move|p1a: Amoonguss|Giga Drain|p2a: Zamazenta\n|-damage|p2a: Zamazenta|182/248\n|-heal|p1a: Amoonguss|68/321|[from] drain|[of] p2a: Zamazenta\n|\n|upkeep\n|turn|13\n|\n|t:|1781434308\n|switch|p1a: Kricketune|Kricketune, L99, M|125/312\n|move|p2a: Zamazenta|Stone Edge|p1a: Kricketune\n|-supereffective|p1a: Kricketune\n|-damage|p1a: Kricketune|0 fnt\n|faint|p1a: Kricketune\n|\n|upkeep\n|\n|t:|1781434314\n|switch|p1a: Mewtwo|Mewtwo, L72|272/272\n|-ability|p1a: Mewtwo|Unnerve\n|turn|14\n|\n|t:|1781434326\n|switch|p2a: Vaporeon|Vaporeon, L86, M|364/364\n|move|p1a: Mewtwo|Psystrike|p2a: Vaporeon\n|-damage|p2a: Vaporeon|187/364\n|-damage|p1a: Mewtwo|245/272|[from] item: Life Orb\n|\n|-heal|p2a: Vaporeon|209/364|[from] item: Leftovers\n|upkeep\n|turn|15\n|\n|t:|1781434334\n|move|p1a: Mewtwo|Nasty Plot|p1a: Mewtwo\n|-boost|p1a: Mewtwo|spa|2\n|move|p2a: Vaporeon|Scald|p1a: Mewtwo\n|-damage|p1a: Mewtwo|128/272\n|\n|-heal|p2a: Vaporeon|231/364|[from] item: Leftovers\n|upkeep\n|turn|16\n|\n|t:|1781434345\n|move|p1a: Mewtwo|Psystrike|p2a: Vaporeon\n|-damage|p2a: Vaporeon|0 fnt\n|faint|p2a: Vaporeon\n|-damage|p1a: Mewtwo|101/272|[from] item: Life Orb\n|\n|upkeep\n|\n|t:|1781434348\n|switch|p2a: Zamazenta|Zamazenta, L71|182/248\n|turn|17\n|\n|t:|1781434352\n|move|p2a: Zamazenta|Crunch|p1a: Mewtwo\n|-supereffective|p1a: Mewtwo\n|-damage|p1a: Mewtwo|0 fnt\n|faint|p1a: Mewtwo\n|\n|upkeep\n|\n|t:|1781434359\n|switch|p1a: Torterra|Torterra, L78, M|172/276\n|turn|18\n|inactive|DaMoistAvocado has 120 seconds left.\n|\n|t:|1781434398\n|move|p2a: Zamazenta|Crunch|p1a: Torterra\n|-damage|p1a: Torterra|100/276\n|move|p1a: Torterra|Shell Smash|p1a: Torterra\n|-unboost|p1a: Torterra|def|1\n|-unboost|p1a: Torterra|spd|1\n|-boost|p1a: Torterra|atk|2\n|-boost|p1a: Torterra|spa|2\n|-boost|p1a: Torterra|spe|2\n|\n|upkeep\n|turn|19\n|\n|t:|1781434409\n|move|p1a: Torterra|Bullet Seed|p2a: Zamazenta\n|-damage|p2a: Zamazenta|134/248\n|-damage|p2a: Zamazenta|86/248\n|-damage|p2a: Zamazenta|41/248\n|-damage|p2a: Zamazenta|0 fnt\n|faint|p2a: Zamazenta\n|-hitcount|p2: Zamazenta|4\n|\n|upkeep\n|inactive|DaMoistAvocado has 120 seconds left.\n|\n|t:|1781434423\n|switch|p2a: Landorus|Landorus-Therian, L76, M|138/260\n|-ability|p2a: Landorus|Intimidate|boost\n|-unboost|p1a: Torterra|atk|1\n|turn|20\n|\n|t:|1781434427\n|move|p1a: Torterra|Bullet Seed|p2a: Landorus\n|-damage|p2a: Landorus|98/260\n|-damage|p2a: Landorus|59/260\n|-crit|p2a: Landorus\n|-damage|p2a: Landorus|0 fnt\n|faint|p2a: Landorus\n|-hitcount|p2: Landorus|3\n|\n|upkeep\n|\n|t:|1781434434\n|switch|p2a: Feraligatr|Feraligatr, L79, F|220/264 slp\n|turn|21\n|\n|t:|1781434447\n|move|p1a: Torterra|Bullet Seed|p2a: Feraligatr\n|-supereffective|p2a: Feraligatr\n|-damage|p2a: Feraligatr|142/264 slp\n|-supereffective|p2a: Feraligatr\n|-damage|p2a: Feraligatr|70/264 slp\n|-supereffective|p2a: Feraligatr\n|-damage|p2a: Feraligatr|0 fnt\n|faint|p2a: Feraligatr\n|-hitcount|p2: Feraligatr|3\n|\n|upkeep\n|\n|t:|1781434449\n|switch|p2a: Donphan|Donphan, L84, M|75/288\n|turn|22\n|\n|t:|1781434456\n|-terastallize|p2a: Donphan|Dragon\n|move|p1a: Torterra|Bullet Seed|p2a: Donphan\n|-resisted|p2a: Donphan\n|-damage|p2a: Donphan|59/288\n|-resisted|p2a: Donphan\n|-damage|p2a: Donphan|44/288\n|-resisted|p2a: Donphan\n|-damage|p2a: Donphan|29/288\n|-resisted|p2a: Donphan\n|-damage|p2a: Donphan|14/288\n|-resisted|p2a: Donphan\n|-damage|p2a: Donphan|0 fnt\n|faint|p2a: Donphan\n|-hitcount|p2: Donphan|5\n|\n|win|crustlemuscle\n|raw|crustlemuscle's rating: 1938 &rarr; <strong>1960</strong><br />(+22 for winning)\n|raw|DaMoistAvocado's rating: 1980 &rarr; <strong>1958</strong><br />(-22 for losing)\n", "inputlog": ">version a8376a258c1d4662feba110a92103f3664a72141\n>start {\"formatid\":\"gen9randombattle\",\"seed\":\"sodium,aeeb439d280bbc3bcb6b1bb20442bffd\",\"rated\":\"Rated battle\"}\n>player p1 {\"name\":\"crustlemuscle\",\"avatar\":\"101\",\"rating\":1938,\"seed\":\"sodium,8b2c08ce630a9fc880f0079deca629f1\"}\n>player p2 {\"name\":\"DaMoistAvocado\",\"avatar\":\"steven\",\"rating\":1980,\"seed\":\"sodium,c5d2f5f737ffea6063b148961cbb3606\"}\n>p1 move bulletseed\n>p2 move taunt\n>p1 move bulletseed\n>p2 move uturn\n>p2 switch 6\n>p1 switch 2\n>p2 move tripleaxel\n>p1 move alluringvoice\n>p2 move tripleaxel\n>p2 switch 3\n>p1 move thunderwave\n>p2 move liquidation\n>p1 switch 6\n>p1 move pounce\n>p2 switch 4\n>p1 move knockoff\n>p2 move knockoff\n>p1 move pounce\n>p2 move icespinner\n>p1 move pounce\n>p2 switch 6\n>p1 switch 4\n>p2 move uturn\n>p2 switch 4\n>p1 move spore\n>p2 move icepunch\n>p1 move gigadrain\n>p2 switch 5\n>p1 switch 4\n>p2 move stoneedge\n>p1 switch 3\n>p1 move psystrike\n>p2 switch 2\n>p1 move nastyplot\n>p2 move scald\n>p1 move psystrike\n>p2 move scald\n>p2 switch 2\n>p1 move psystrike\n>p2 move crunch\n>p1 switch 2\n>p1 move shellsmash\n>p2 move crunch\n>p1 move bulletseed\n>p2 move crunch\n>p2 switch 4\n>p1 move bulletseed\n>p2 move uturn\n>p2 switch 5\n>p1 move bulletseed\n>p2 move icepunch\n>p2 switch 6\n>p1 move bulletseed\n>p2 move icespinner terastallize", "uploadtime": 1781433940, "views": 9, "formatid": "gen9randombattle", "rating": 1958, "private": 0, "password": null}