{"id": "gen9randombattle-2631578911", "format": "[Gen 9] Random Battle", "players": ["UU Fent Dealer", "bcpike44"], "log": "|j|\u2606UU Fent Dealer\n|j|\u2606bcpike44\n|t:|1781403930\n|gametype|singles\n|player|p1|UU Fent Dealer|170|1346\n|player|p2|bcpike44|101|1422\n|gen|9\n|tier|[Gen 9] Random Battle\n|rated|\n|rule|Species Clause: Limit one of each Pok\u00e9mon\n|rule|HP Percentage Mod: HP is shown in percentages\n|rule|Sleep Clause Mod: Limit one foe put to sleep\n|rule|Illusion Level Mod: Illusion disguises the Pok\u00e9mon's true level\n|\n|t:|1781403930\n|teamsize|p1|6\n|teamsize|p2|6\n|start\n|switch|p1a: Camerupt|Camerupt, L91, M|275/275\n|switch|p2a: Beartic|Beartic, L91, M|321/321\n|turn|1\n|\n|t:|1781403944\n|switch|p2a: Whiscash|Whiscash, L88, M|337/337\n|switch|p1a: Ludicolo|Ludicolo, L90, M|290/290\n|\n|upkeep\n|turn|2\n|inactive|Battle timer is ON: inactive players will automatically lose when time's up. (requested by UU Fent Dealer)\n|\n|t:|1781403951\n|switch|p2a: Beartic|Beartic, L91, M|321/321\n|move|p1a: Ludicolo|Rain Dance|p1a: Ludicolo\n|-weather|RainDance\n|\n|-weather|RainDance|[upkeep]\n|upkeep\n|turn|3\n|\n|t:|1781403958\n|move|p1a: Ludicolo|Hydro Pump|p2a: Beartic|[miss]\n|-miss|p1a: Ludicolo|p2a: Beartic\n|move|p2a: Beartic|Swords Dance|p2a: Beartic\n|-boost|p2a: Beartic|atk|2\n|\n|-weather|RainDance|[upkeep]\n|upkeep\n|turn|4\n|\n|t:|1781403965\n|move|p1a: Ludicolo|Hydro Pump|p2a: Beartic\n|-damage|p2a: Beartic|87/321\n|-damage|p1a: Ludicolo|261/290|[from] item: Life Orb\n|move|p2a: Beartic|Icicle Crash|p1a: Ludicolo\n|-crit|p1a: Ludicolo\n|-damage|p1a: Ludicolo|0 fnt\n|faint|p1a: Ludicolo\n|\n|-weather|RainDance|[upkeep]\n|upkeep\n|\n|t:|1781403980\n|switch|p1a: Porygon2|Porygon2, L81|270/270\n|-ability|p1a: Porygon2|Download|boost\n|-boost|p1a: Porygon2|spa|1\n|turn|5\n|\n|t:|1781403985\n|move|p1a: Porygon2|Recover||[still]\n|-fail|p1a: Porygon2|heal\n|move|p2a: Beartic|Close Combat|p1a: Porygon2\n|-supereffective|p1a: Porygon2\n|-damage|p1a: Porygon2|0 fnt\n|-unboost|p2a: Beartic|def|1\n|-unboost|p2a: Beartic|spd|1\n|faint|p1a: Porygon2\n|\n|-weather|RainDance|[upkeep]\n|upkeep\n|\n|t:|1781403988\n|switch|p1a: Eiscue|Eiscue, L88, F|274/274\n|turn|6\n|c|\u2606bcpike44|?\n|\n|t:|1781404011\n|move|p2a: Beartic|Close Combat|p1a: Eiscue\n|-activate|p1a: Eiscue|ability: Ice Face\n|-damage|p1a: Eiscue|274/274\n|-unboost|p2a: Beartic|def|1\n|-unboost|p2a: Beartic|spd|1\n|detailschange|p1a: Eiscue|Eiscue-Noice, L88, F\n|move|p1a: Eiscue|Belly Drum|p1a: Eiscue\n|-damage|p1a: Eiscue|137/274\n|-setboost|p1a: Eiscue|atk|6|[from] move: Belly Drum\n|-enditem|p1a: Eiscue|Sitrus Berry|[eat]\n|-heal|p1a: Eiscue|205/274|[from] item: Sitrus Berry\n|\n|-weather|none\n|upkeep\n|turn|7\n|\n|t:|1781404023\n|move|p1a: Eiscue|Iron Head|p2a: Beartic\n|-supereffective|p2a: Beartic\n|-damage|p2a: Beartic|0 fnt\n|faint|p2a: Beartic\n|\n|upkeep\n|\n|t:|1781404038\n|switch|p2a: Ting-Lu|Ting-Lu, L78|370/370\n|-ability|p2a: Ting-Lu|Vessel of Ruin\n|turn|8\n|\n|t:|1781404045\n|move|p1a: Eiscue|Ice Spinner|p2a: Ting-Lu\n|-supereffective|p2a: Ting-Lu\n|-damage|p2a: Ting-Lu|0 fnt\n|faint|p2a: Ting-Lu\n|\n|upkeep\n|\n|t:|1781404055\n|switch|p2a: Mismagius|Mismagius, L86, M|243/243\n|turn|9\n|\n|t:|1781404059\n|move|p1a: Eiscue|Ice Spinner|p2a: Mismagius\n|-damage|p2a: Mismagius|0 fnt\n|faint|p2a: Mismagius\n|\n|upkeep\n|\n|t:|1781404063\n|switch|p2a: Furret|Furret, L94, F|312/312\n|turn|10\n|\n|t:|1781404069\n|move|p1a: Eiscue|Ice Spinner|p2a: Furret\n|-damage|p2a: Furret|0 fnt\n|faint|p2a: Furret\n|\n|upkeep\n|\n|t:|1781404074\n|switch|p2a: Urshifu|Urshifu-Rapid-Strike, L75, M|274/274\n|turn|11\n|\n|t:|1781404078\n|-terastallize|p1a: Eiscue|Water\n|move|p1a: Eiscue|Liquidation|p2a: Urshifu\n|-resisted|p2a: Urshifu\n|-damage|p2a: Urshifu|114/274\n|move|p2a: Urshifu|Close Combat|p1a: Eiscue\n|-damage|p1a: Eiscue|5/274\n|-unboost|p2a: Urshifu|def|1\n|-unboost|p2a: Urshifu|spd|1\n|-damage|p2a: Urshifu|87/274|[from] item: Life Orb\n|\n|upkeep\n|turn|12\n|\n|t:|1781404088\n|move|p1a: Eiscue|Liquidation|p2a: Urshifu\n|-resisted|p2a: Urshifu\n|-damage|p2a: Urshifu|0 fnt\n|faint|p2a: Urshifu\n|\n|upkeep\n|\n|t:|1781404093\n|switch|p2a: Whiscash|Whiscash, L88, M|337/337\n|turn|13\n|\n|t:|1781404097\n|move|p1a: Eiscue|Liquidation|p2a: Whiscash\n|-damage|p2a: Whiscash|0 fnt\n|faint|p2a: Whiscash\n|\n|win|UU Fent Dealer\n|raw|UU Fent Dealer's rating: 1346 &rarr; <strong>1370</strong><br />(+24 for winning)\n|raw|bcpike44's rating: 1422 &rarr; <strong>1398</strong><br />(-24 for losing)\n|l|\u2606bcpike44\n|player|p2|\n", "inputlog": ">version a8376a258c1d4662feba110a92103f3664a72141\n>start {\"formatid\":\"gen9randombattle\",\"seed\":\"sodium,3c41d93fbbb5b89f2496c4cec7a4bbf9\",\"rated\":\"Rated battle\"}\n>player p1 {\"name\":\"UU Fent Dealer\",\"avatar\":\"170\",\"rating\":1346,\"seed\":\"sodium,80902825f75e61f45d4e812e50e5daf8\"}\n>player p2 {\"name\":\"bcpike44\",\"avatar\":\"101\",\"rating\":1422,\"seed\":\"sodium,797e1150d860f1718c81c4dd1e820bab\"}\n>p1 switch 3\n>p2 switch 3\n>p1 move raindance\n>p2 switch 3\n>p1 move hydropump\n>p2 move swordsdance\n>p1 move hydropump\n>p2 move iciclecrash\n>p1 switch 5\n>p1 move recover\n>p2 move closecombat\n>p1 switch 6\n>chat \u2606bcpike44|?\n>p1 move bellydrum\n>p2 move closecombat\n>p1 move ironhead\n>p2 move closecombat\n>p2 switch 4\n>p1 move icespinner\n>p2 move whirlwind\n>p2 switch 6\n>p1 move icespinner\n>p2 move shadowball\n>p2 switch 5\n>p1 move icespinner\n>p2 move doubleedge\n>p2 switch 2\n>p1 move liquidation terastallize\n>p2 move closecombat\n>p1 move liquidation\n>p2 move surgingstrikes\n>p2 switch 3\n>p1 move liquidation\n>p2 move earthquake", "uploadtime": 1781404099, "views": 4, "formatid": "gen9randombattle", "rating": 1370, "private": 0, "password": null}