{"id": "gen9randombattle-2631498410", "format": "[Gen 9] Random Battle", "players": ["whatisnexthuh", "MasterRumba"], "log": "|j|\u2606whatisnexthuh\n|j|\u2606MasterRumba\n|t:|1781392723\n|gametype|singles\n|player|p1|whatisnexthuh|aromalady|2194\n|player|p2|MasterRumba|266|2133\n|gen|9\n|tier|[Gen 9] Random Battle\n|rated|\n|rule|Species Clause: Limit one of each Pok\u00e9mon\n|rule|HP Percentage Mod: HP is shown in percentages\n|rule|Sleep Clause Mod: Limit one foe put to sleep\n|rule|Illusion Level Mod: Illusion disguises the Pok\u00e9mon's true level\n|\n|t:|1781392723\n|teamsize|p1|6\n|teamsize|p2|6\n|start\n|switch|p1a: Bellibolt|Bellibolt, L84, F|320/320\n|switch|p2a: Uxie|Uxie, L83|260/260\n|turn|1\n|inactive|Battle timer is ON: inactive players will automatically lose when time's up. (requested by MasterRumba)\n|\n|t:|1781392734\n|move|p2a: Uxie|Yawn|p1a: Bellibolt\n|-start|p1a: Bellibolt|move: Yawn|[of] p2a: Uxie\n|move|p1a: Bellibolt|Toxic|p2a: Uxie\n|-status|p2a: Uxie|tox\n|\n|-damage|p2a: Uxie|244/260 tox|[from] psn\n|upkeep\n|turn|2\n|inactive|whatisnexthuh has 120 seconds left.\n|inactive|whatisnexthuh has 90 seconds left.\n|\n|t:|1781392804\n|switch|p1a: Scyther|Scyther, L82, M|249/249\n|move|p2a: Uxie|Knock Off|p1a: Scyther\n|-damage|p1a: Scyther|184/249\n|-enditem|p1a: Scyther|Heavy-Duty Boots|[from] move: Knock Off|[of] p2a: Uxie\n|\n|-heal|p2a: Uxie|260/260 tox|[from] item: Leftovers\n|-damage|p2a: Uxie|228/260 tox|[from] psn\n|upkeep\n|turn|3\n|inactive|whatisnexthuh has 90 seconds left.\n|\n|t:|1781392826\n|move|p1a: Scyther|U-turn|p2a: Uxie\n|-supereffective|p2a: Uxie\n|-damage|p2a: Uxie|120/260 tox\n|\n|t:|1781392829\n|switch|p1a: Bellibolt|Bellibolt, L84, F|320/320|[from] U-turn\n|move|p2a: Uxie|U-turn|p1a: Bellibolt\n|-damage|p1a: Bellibolt|281/320\n|-start|p1a: Bellibolt|Charge|U-turn|[from] ability: Electromorphosis\n|inactive|MasterRumba has 120 seconds left.\n|\n|t:|1781392862\n|switch|p2a: Revavroom|Revavroom, L79, F|256/256|[from] U-turn\n|\n|-heal|p1a: Bellibolt|301/320|[from] item: Leftovers\n|upkeep\n|turn|4\n|inactive|whatisnexthuh has 90 seconds left.\n|\n|t:|1781392891\n|-terastallize|p2a: Revavroom|Ground\n|move|p2a: Revavroom|Shift Gear|p2a: Revavroom\n|-boost|p2a: Revavroom|spe|2\n|-boost|p2a: Revavroom|atk|1\n|move|p1a: Bellibolt|Thunderbolt|p2a: Revavroom\n|-immune|p2a: Revavroom\n|-end|p1a: Bellibolt|Charge|[silent]\n|\n|-heal|p1a: Bellibolt|320/320|[from] item: Leftovers\n|upkeep\n|turn|5\n|\n|t:|1781392900\n|switch|p1a: Rotom|Rotom, L88|231/231\n|move|p2a: Revavroom|High Horsepower|p1a: Rotom\n|-immune|p1a: Rotom|[from] ability: Levitate\n|\n|upkeep\n|turn|6\n|\n|t:|1781392907\n|switch|p2a: Uxie|Uxie, L83|120/260 tox\n|move|p1a: Rotom|Will-O-Wisp|p2a: Uxie|[miss]\n|-miss|p1a: Rotom|p2a: Uxie\n|\n|-heal|p2a: Uxie|136/260 tox|[from] item: Leftovers\n|-damage|p2a: Uxie|120/260 tox|[from] psn\n|upkeep\n|turn|7\n|inactive|MasterRumba has 120 seconds left.\n|\n|t:|1781392915\n|switch|p2a: Pyroar|Pyroar, L88, F|295/295\n|-ability|p2a: Pyroar|Unnerve\n|move|p1a: Rotom|Shadow Ball|p2a: Pyroar\n|-immune|p2a: Pyroar\n|\n|upkeep\n|turn|8\n|inactive|whatisnexthuh has 90 seconds left.\n|\n|t:|1781392949\n|switch|p1a: Bellibolt|Bellibolt, L84, F|320/320\n|move|p2a: Pyroar|Fire Blast|p1a: Bellibolt\n|-damage|p1a: Bellibolt|179/320\n|-start|p1a: Bellibolt|Charge|Fire Blast|[from] ability: Electromorphosis\n|\n|-heal|p1a: Bellibolt|199/320|[from] item: Leftovers\n|upkeep\n|turn|9\n|\n|t:|1781392956\n|move|p2a: Pyroar|Fire Blast|p1a: Bellibolt\n|-damage|p1a: Bellibolt|61/320\n|-start|p1a: Bellibolt|Charge|Fire Blast|[from] ability: Electromorphosis\n|move|p1a: Bellibolt|Thunderbolt|p2a: Pyroar\n|-damage|p2a: Pyroar|48/295\n|-end|p1a: Bellibolt|Charge|[silent]\n|\n|-heal|p1a: Bellibolt|81/320|[from] item: Leftovers\n|upkeep\n|turn|10\n|inactive|whatisnexthuh has 60 seconds left.\n|inactive|whatisnexthuh has 30 seconds left.\n|\n|t:|1781393015\n|switch|p1a: Rotom|Rotom, L88|231/231\n|move|p2a: Pyroar|Hyper Voice|p1a: Rotom\n|-immune|p1a: Rotom\n|\n|upkeep\n|turn|11\n|\n|t:|1781393020\n|move|p2a: Pyroar|Fire Blast|p1a: Rotom\n|-damage|p1a: Rotom|84/231\n|move|p1a: Rotom|Thunderbolt|p2a: Pyroar\n|-damage|p2a: Pyroar|0 fnt\n|faint|p2a: Pyroar\n|-damage|p1a: Rotom|61/231|[from] item: Life Orb\n|\n|upkeep\n|\n|t:|1781393031\n|switch|p2a: Froslass|Froslass, L87, F|263/263\n|turn|12\n|inactive|whatisnexthuh has 30 seconds left.\n|\n|t:|1781393051\n|switch|p1a: Bellibolt|Bellibolt, L84, F|81/320\n|move|p2a: Froslass|Triple Axel|p1a: Bellibolt\n|-damage|p1a: Bellibolt|60/320\n|-start|p1a: Bellibolt|Charge|Triple Axel|[from] ability: Electromorphosis\n|-damage|p1a: Bellibolt|24/320\n|-start|p1a: Bellibolt|Charge|Triple Axel|[from] ability: Electromorphosis\n|-damage|p1a: Bellibolt|0 fnt\n|faint|p1a: Bellibolt\n|-hitcount|p1: Bellibolt|3\n|\n|upkeep\n|inactive|whatisnexthuh has 30 seconds left.\n|\n|t:|1781393057\n|switch|p1a: Arbok|Arbok, L87, M|246/246\n|-ability|p1a: Arbok|Intimidate|boost\n|-unboost|p2a: Froslass|atk|1\n|turn|13\n|\n|t:|1781393060\n|move|p2a: Froslass|Taunt|p1a: Arbok\n|-start|p1a: Arbok|move: Taunt\n|cant|p1a: Arbok|move: Taunt|Coil\n|\n|upkeep\n|turn|14\n|\n|t:|1781393069\n|switch|p2a: Uxie|Uxie, L83|120/260 tox\n|move|p1a: Arbok|Gunk Shot|p2a: Uxie\n|-damage|p2a: Uxie|18/260 tox\n|\n|-heal|p2a: Uxie|34/260 tox|[from] item: Leftovers\n|-damage|p2a: Uxie|18/260 tox|[from] psn\n|upkeep\n|turn|15\n|\n|t:|1781393076\n|switch|p1a: Scyther|Scyther, L82, M|184/249\n|move|p2a: Uxie|Psychic Noise|p1a: Scyther\n|-damage|p1a: Scyther|114/249\n|-start|p1a: Scyther|move: Heal Block\n|\n|-heal|p2a: Uxie|34/260 tox|[from] item: Leftovers\n|-damage|p2a: Uxie|2/260 tox|[from] psn\n|upkeep\n|turn|16\n|\n|t:|1781393097\n|move|p1a: Scyther|U-turn|p2a: Uxie\n|-supereffective|p2a: Uxie\n|-damage|p2a: Uxie|0 fnt\n|faint|p2a: Uxie\n|\n|t:|1781393098\n|switch|p1a: Arbok|Arbok, L87, M|246/246|[from] U-turn\n|\n|upkeep\n|\n|t:|1781393115\n|switch|p2a: Revavroom|Revavroom, L79, F, tera:Ground|256/256\n|turn|17\n|\n|t:|1781393130\n|move|p1a: Arbok|Coil|p1a: Arbok\n|-boost|p1a: Arbok|atk|1\n|-boost|p1a: Arbok|def|1\n|-boost|p1a: Arbok|accuracy|1\n|move|p2a: Revavroom|Shift Gear|p2a: Revavroom\n|-boost|p2a: Revavroom|spe|2\n|-boost|p2a: Revavroom|atk|1\n|\n|upkeep\n|turn|18\n|inactive|whatisnexthuh has 30 seconds left.\n|inactive|whatisnexthuh has 20 seconds left.\n|inactive|whatisnexthuh has 15 seconds left.\n|inactive|whatisnexthuh has 10 seconds left.\n|inactive|whatisnexthuh has 5 seconds left.\n|\n|t:|1781393186\n|-terastallize|p1a: Arbok|Ground\n|move|p2a: Revavroom|High Horsepower|p1a: Arbok\n|-damage|p1a: Arbok|93/246\n|-damage|p2a: Revavroom|231/256|[from] item: Life Orb\n|move|p1a: Arbok|Earthquake|p2a: Revavroom\n|-damage|p2a: Revavroom|54/256\n|\n|-heal|p1a: Arbok|108/246|[from] item: Leftovers\n|upkeep\n|turn|19\n|inactive|whatisnexthuh has 15 seconds left this turn.\n|inactive|whatisnexthuh has 10 seconds left.\n|\n|t:|1781393194\n|move|p1a: Arbok|Sucker Punch|p2a: Revavroom\n|-damage|p2a: Revavroom|0 fnt\n|faint|p2a: Revavroom\n|\n|-heal|p1a: Arbok|123/246|[from] item: Leftovers\n|upkeep\n|\n|t:|1781393198\n|switch|p2a: Cetitan|Cetitan, L82, M|413/413\n|turn|20\n|inactive|whatisnexthuh has 25 seconds left this turn.\n|inactive|whatisnexthuh has 20 seconds left.\n|inactive|whatisnexthuh has 15 seconds left.\n|\n|t:|1781393211\n|move|p1a: Arbok|Gunk Shot|p2a: Cetitan\n|-damage|p2a: Cetitan|140/413\n|move|p2a: Cetitan|Liquidation|p1a: Arbok\n|-supereffective|p1a: Arbok\n|-damage|p1a: Arbok|0 fnt\n|faint|p1a: Arbok\n|\n|upkeep\n|inactive|whatisnexthuh has 20 seconds left this turn.\n|inactive|whatisnexthuh has 15 seconds left.\n|inactive|whatisnexthuh has 10 seconds left.\n|\n|t:|1781393225\n|switch|p1a: Zamazenta|Zamazenta, L71|248/248\n|-ability|p1a: Zamazenta|Dauntless Shield|boost\n|-boost|p1a: Zamazenta|def|1\n|turn|21\n|inactive|whatisnexthuh has 20 seconds left this turn.\n|\n|t:|1781393240\n|move|p1a: Zamazenta|Stone Edge|p2a: Cetitan\n|-supereffective|p2a: Cetitan\n|-damage|p2a: Cetitan|0 fnt\n|faint|p2a: Cetitan\n|\n|upkeep\n|\n|t:|1781393243\n|switch|p2a: Alcremie|Alcremie-Rainbow-Swirl, L90, F|263/263\n|turn|22\n|inactive|whatisnexthuh has 30 seconds left.\n|\n|t:|1781393250\n|switch|p1a: Serperior|Serperior, L79, F|248/248\n|move|p2a: Alcremie|Alluring Voice|p1a: Serperior\n|-damage|p1a: Serperior|134/248\n|\n|upkeep\n|turn|23\n|\n|t:|1781393255\n|move|p1a: Serperior|Glare|p2a: Alcremie\n|-status|p2a: Alcremie|par\n|move|p2a: Alcremie|Alluring Voice|p1a: Serperior\n|-damage|p1a: Serperior|34/248\n|\n|upkeep\n|turn|24\n|\n|t:|1781393262\n|switch|p2a: Froslass|Froslass, L87, F|263/263\n|move|p1a: Serperior|Synthesis|p1a: Serperior\n|-heal|p1a: Serperior|158/248\n|\n|upkeep\n|turn|25\n|\n|t:|1781393281\n|switch|p1a: Scyther|Scyther, L82, M|114/249\n|move|p2a: Froslass|Triple Axel|p1a: Scyther\n|-supereffective|p1a: Scyther\n|-damage|p1a: Scyther|72/249\n|-supereffective|p1a: Scyther\n|-damage|p1a: Scyther|0 fnt\n|faint|p1a: Scyther\n|-hitcount|p1: Scyther|2\n|\n|upkeep\n|\n|t:|1781393283\n|switch|p1a: Zamazenta|Zamazenta, L71|248/248\n|turn|26\n|\n|t:|1781393302\n|move|p2a: Froslass|Poltergeist|p1a: Zamazenta\n|-activate|p1a: Zamazenta|move: Poltergeist|Choice Band\n|-damage|p1a: Zamazenta|149/248\n|move|p1a: Zamazenta|Stone Edge|p2a: Froslass|[miss]\n|-miss|p1a: Zamazenta|p2a: Froslass\n|\n|upkeep\n|turn|27\n|\n|t:|1781393312\n|move|p2a: Froslass|Poltergeist|p1a: Zamazenta\n|-activate|p1a: Zamazenta|move: Poltergeist|Choice Band\n|-damage|p1a: Zamazenta|43/248\n|move|p1a: Zamazenta|Stone Edge|p2a: Froslass\n|-supereffective|p2a: Froslass\n|-damage|p2a: Froslass|45/263\n|\n|upkeep\n|turn|28\n|\n|t:|1781393318\n|move|p2a: Froslass|Poltergeist|p1a: Zamazenta\n|-activate|p1a: Zamazenta|move: Poltergeist|Choice Band\n|-damage|p1a: Zamazenta|0 fnt\n|faint|p1a: Zamazenta\n|\n|upkeep\n|\n|t:|1781393321\n|switch|p1a: Serperior|Serperior, L79, F|158/248\n|turn|29\n|\n|t:|1781393324\n|move|p2a: Froslass|Triple Axel|p1a: Serperior\n|-supereffective|p1a: Serperior\n|-damage|p1a: Serperior|116/248\n|-supereffective|p1a: Serperior\n|-damage|p1a: Serperior|36/248\n|-supereffective|p1a: Serperior\n|-damage|p1a: Serperior|0 fnt\n|faint|p1a: Serperior\n|-hitcount|p1: Serperior|3\n|\n|upkeep\n|-message|whatisnexthuh forfeited.\n|\n|win|MasterRumba\n", "inputlog": ">version a8376a258c1d4662feba110a92103f3664a72141\n>start {\"formatid\":\"gen9randombattle\",\"seed\":\"sodium,62756a5e1ee03f3966394517c03ba794\",\"rated\":\"Rated battle\"}\n>player p1 {\"name\":\"whatisnexthuh\",\"avatar\":\"aromalady\",\"rating\":2194,\"seed\":\"sodium,2efb7929167918ffbbc8e26be0e2dfda\"}\n>player p2 {\"name\":\"MasterRumba\",\"avatar\":\"266\",\"rating\":2133,\"seed\":\"sodium,afe0c3a98299846d0cfa3c3aac7127a5\"}\n>p1 move toxic\n>p2 move yawn\n>p1 switch 5\n>p2 move knockoff\n>p1 move uturn\n>p2 move uturn\n>p1 switch 5\n>p2 switch 3\n>p1 move thunderbolt\n>p2 move shiftgear terastallize\n>p1 switch 4\n>p2 move highhorsepower\n>p1 move willowisp\n>p2 switch 3\n>p1 move shadowball\n>p2 switch 2\n>p1 switch 4\n>p2 move fireblast\n>p1 move thunderbolt\n>p2 move fireblast\n>p1 switch 4\n>p2 move hypervoice\n>p1 move thunderbolt\n>p2 move fireblast\n>p2 switch 5\n>p1 switch 4\n>p2 move tripleaxel\n>p1 switch 6\n>p1 move coil\n>p2 move taunt\n>p1 move gunkshot\n>p2 switch 2\n>p1 switch 5\n>p2 move psychicnoise\n>p1 move uturn\n>p2 move uturn\n>p1 switch 5\n>p2 switch 3\n>p1 move coil\n>p2 move shiftgear\n>p1 move earthquake terastallize\n>p2 move highhorsepower\n>p1 move suckerpunch\n>p2 move ironhead\n>p2 switch 4\n>p1 move gunkshot\n>p2 move liquidation\n>p1 switch 2\n>p1 move stoneedge\n>p2 move iciclecrash\n>p2 switch 6\n>p1 switch 3\n>p2 move alluringvoice\n>p1 move glare\n>p2 move alluringvoice\n>p1 move synthesis\n>p2 switch 2\n>p1 switch 5\n>p2 move tripleaxel\n>p1 switch 3\n>p1 move stoneedge\n>p2 move poltergeist\n>p1 move stoneedge\n>p2 move poltergeist\n>p1 move stoneedge\n>p2 move poltergeist\n>p1 switch 5\n>p1 move leafstorm\n>p2 move tripleaxel\n>forcelose p1", "uploadtime": 1781392724, "views": 5, "formatid": "gen9randombattle", "rating": null, "private": 0, "password": null}