{"id": "gen9randombattle-2631746076", "format": "[Gen 9] Random Battle", "players": ["makkereel", "Galaxy Zodiac 24"], "log": "|j|\u2606makkereel\n|j|\u2606Galaxy Zodiac 24\n|t:|1781432858\n|gametype|singles\n|player|p1|makkereel|170|2181\n|player|p2|Galaxy Zodiac 24|265|2132\n|gen|9\n|tier|[Gen 9] Random Battle\n|rated|\n|rule|Species Clause: Limit one of each Pok\u00e9mon\n|rule|HP Percentage Mod: HP is shown in percentages\n|rule|Sleep Clause Mod: Limit one foe put to sleep\n|rule|Illusion Level Mod: Illusion disguises the Pok\u00e9mon's true level\n|\n|t:|1781432858\n|teamsize|p1|6\n|teamsize|p2|6\n|start\n|switch|p1a: Tauros|Tauros-Paldea-Blaze, L81, M|252/252\n|switch|p2a: Leafeon|Leafeon, L88, M|258/258\n|turn|1\n|inactive|Battle timer is ON: inactive players will automatically lose when time's up. (requested by Galaxy Zodiac 24)\n|j| 1v1.exe\n|l| 1v1.exe\n|\n|t:|1781432867\n|switch|p2a: Kilowattrel|Kilowattrel, L83, F|252/252\n|move|p1a: Tauros|Bulk Up|p1a: Tauros\n|-boost|p1a: Tauros|atk|1\n|-boost|p1a: Tauros|def|1\n|\n|upkeep\n|turn|2\n|\n|t:|1781432891\n|switch|p1a: Metagross|Metagross, L79|256/256\n|move|p2a: Kilowattrel|Hurricane|p1a: Metagross|[miss]\n|-miss|p2a: Kilowattrel|p1a: Metagross\n|\n|upkeep\n|turn|3\n|\n|t:|1781432904\n|move|p2a: Kilowattrel|Thunderbolt|p1a: Metagross\n|-damage|p1a: Metagross|157/256\n|move|p1a: Metagross|Knock Off|p2a: Kilowattrel\n|-damage|p2a: Kilowattrel|150/252\n|-enditem|p2a: Kilowattrel|Heavy-Duty Boots|[from] move: Knock Off|[of] p1a: Metagross\n|\n|upkeep\n|turn|4\n|\n|t:|1781432911\n|move|p2a: Kilowattrel|Thunderbolt|p1a: Metagross\n|-damage|p1a: Metagross|61/256\n|move|p1a: Metagross|Knock Off|p2a: Kilowattrel\n|-crit|p2a: Kilowattrel\n|-damage|p2a: Kilowattrel|49/252\n|\n|upkeep\n|turn|5\n|\n|t:|1781432917\n|move|p2a: Kilowattrel|Roost|p2a: Kilowattrel\n|-heal|p2a: Kilowattrel|175/252\n|-singleturn|p2a: Kilowattrel|move: Roost\n|move|p1a: Metagross|Earthquake|p2a: Kilowattrel\n|-supereffective|p2a: Kilowattrel\n|-damage|p2a: Kilowattrel|0 fnt\n|faint|p2a: Kilowattrel\n|\n|upkeep\n|\n|t:|1781432936\n|switch|p2a: Quaquaval|Quaquaval, L79, M|264/264\n|turn|6\n|\n|t:|1781432942\n|switch|p1a: Dragapult|Dragapult, L77, F|262/262\n|move|p2a: Quaquaval|Aqua Step|p1a: Dragapult\n|-resisted|p1a: Dragapult\n|-damage|p1a: Dragapult|209/262\n|-boost|p2a: Quaquaval|spe|1\n|\n|upkeep\n|turn|7\n|\n|t:|1781432949\n|switch|p2a: Reshiram|Reshiram, L76|277/277\n|-ability|p2a: Reshiram|Turboblaze\n|move|p1a: Dragapult|Will-O-Wisp|p2a: Reshiram|[miss]\n|-miss|p1a: Dragapult|p2a: Reshiram\n|\n|upkeep\n|turn|8\n|\n|t:|1781432955\n|move|p1a: Dragapult|U-turn|p2a: Reshiram\n|-resisted|p2a: Reshiram\n|-damage|p2a: Reshiram|252/277\n|\n|t:|1781432960\n|switch|p1a: Enamorus|Enamorus, L79, F|247/247|[from] U-turn\n|move|p2a: Reshiram|Draco Meteor|p1a: Enamorus\n|-immune|p1a: Enamorus\n|\n|upkeep\n|turn|9\n|\n|t:|1781432968\n|switch|p2a: Raikou|Raikou, L81|278/278\n|-ability|p2a: Raikou|Pressure\n|move|p1a: Enamorus|Moonblast|p2a: Raikou\n|-damage|p2a: Raikou|175/278\n|-unboost|p2a: Raikou|spa|1\n|\n|-heal|p2a: Raikou|192/278|[from] item: Leftovers\n|upkeep\n|turn|10\n|\n|t:|1781432979\n|move|p2a: Raikou|Calm Mind|p2a: Raikou\n|-boost|p2a: Raikou|spa|1\n|-boost|p2a: Raikou|spd|1\n|move|p1a: Enamorus|Calm Mind|p1a: Enamorus\n|-boost|p1a: Enamorus|spa|1\n|-boost|p1a: Enamorus|spd|1\n|\n|-heal|p2a: Raikou|209/278|[from] item: Leftovers\n|upkeep\n|turn|11\n|\n|t:|1781432984\n|move|p2a: Raikou|Substitute|p2a: Raikou\n|-start|p2a: Raikou|Substitute\n|-damage|p2a: Raikou|140/278\n|move|p1a: Enamorus|Earth Power|p2a: Raikou\n|-supereffective|p2a: Raikou\n|-end|p2a: Raikou|Substitute\n|\n|-heal|p2a: Raikou|157/278|[from] item: Leftovers\n|upkeep\n|turn|12\n|\n|t:|1781432989\n|-terastallize|p2a: Raikou|Grass\n|move|p2a: Raikou|Calm Mind|p2a: Raikou\n|-boost|p2a: Raikou|spa|1\n|-boost|p2a: Raikou|spd|1\n|move|p1a: Enamorus|Earth Power|p2a: Raikou\n|-resisted|p2a: Raikou\n|-damage|p2a: Raikou|132/278\n|\n|-heal|p2a: Raikou|149/278|[from] item: Leftovers\n|upkeep\n|turn|13\n|\n|t:|1781432999\n|switch|p1a: Dragapult|Dragapult, L77, F|209/262\n|move|p2a: Raikou|Thunderbolt|p1a: Dragapult\n|-resisted|p1a: Dragapult\n|-damage|p1a: Dragapult|119/262\n|\n|-heal|p2a: Raikou|166/278|[from] item: Leftovers\n|upkeep\n|turn|14\n|\n|t:|1781433004\n|move|p1a: Dragapult|U-turn|p2a: Raikou\n|-supereffective|p2a: Raikou\n|-damage|p2a: Raikou|52/278\n|\n|t:|1781433007\n|switch|p1a: Metagross|Metagross, L79|61/256|[from] U-turn\n|move|p2a: Raikou|Thunderbolt|p1a: Metagross\n|-damage|p1a: Metagross|0 fnt\n|faint|p1a: Metagross\n|\n|-heal|p2a: Raikou|69/278|[from] item: Leftovers\n|upkeep\n|\n|t:|1781433011\n|switch|p1a: Dragapult|Dragapult, L77, F|119/262\n|turn|15\n|\n|t:|1781433022\n|switch|p2a: Gyarados|Gyarados, L79, F|280/280\n|-ability|p2a: Gyarados|Intimidate|boost\n|-unboost|p1a: Dragapult|atk|1\n|move|p1a: Dragapult|U-turn|p2a: Gyarados\n|-resisted|p2a: Gyarados\n|-damage|p2a: Gyarados|262/280\n|\n|t:|1781433033\n|switch|p1a: Tinkaton|Tinkaton, L82, F|274/274|[from] U-turn\n|-ability|p1a: Tinkaton|Mold Breaker\n|\n|upkeep\n|turn|16\n|\n|t:|1781433040\n|move|p1a: Tinkaton|Thunder Wave|p2a: Gyarados\n|-status|p2a: Gyarados|par\n|move|p2a: Gyarados|Dragon Dance|p2a: Gyarados\n|-boost|p2a: Gyarados|atk|1\n|-boost|p2a: Gyarados|spe|1\n|\n|upkeep\n|turn|17\n|\n|t:|1781433044\n|move|p1a: Tinkaton|Encore|p2a: Gyarados\n|-start|p2a: Gyarados|Encore\n|move|p2a: Gyarados|Dragon Dance|p2a: Gyarados\n|-boost|p2a: Gyarados|atk|1\n|-boost|p2a: Gyarados|spe|1\n|\n|upkeep\n|turn|18\n|inactive|makkereel has 120 seconds left.\n|\n|t:|1781433080\n|switch|p1a: Dragapult|Dragapult, L77, F|119/262\n|move|p2a: Gyarados|Dragon Dance|p2a: Gyarados\n|-boost|p2a: Gyarados|atk|1\n|-boost|p2a: Gyarados|spe|1\n|\n|upkeep\n|turn|19\n|\n|t:|1781433084\n|move|p1a: Dragapult|Hex|p2a: Gyarados\n|-damage|p2a: Gyarados|145/280 par\n|move|p2a: Gyarados|Dragon Dance|p2a: Gyarados\n|-boost|p2a: Gyarados|atk|1\n|-boost|p2a: Gyarados|spe|1\n|\n|-end|p2a: Gyarados|Encore\n|upkeep\n|turn|20\n|\n|t:|1781433096\n|move|p1a: Dragapult|Hex|p2a: Gyarados\n|-damage|p2a: Gyarados|39/280 par\n|move|p2a: Gyarados|Waterfall|p1a: Dragapult\n|-resisted|p1a: Dragapult\n|-damage|p1a: Dragapult|0 fnt\n|faint|p1a: Dragapult\n|\n|upkeep\n|\n|t:|1781433102\n|switch|p1a: Greedent|Greedent, L86, F|347/347\n|turn|21\n|l|\u2606Galaxy Zodiac 24\n|inactive|Galaxy Zodiac 24 disconnected and has a minute to reconnect!\n|player|p2|\n|inactive|Galaxy Zodiac 24 has 30 seconds to reconnect!\n|j|\u2606Galaxy Zodiac 24\n|inactive|Galaxy Zodiac 24 reconnected and has 95 seconds left.\n|player|p2|Galaxy Zodiac 24|265|\n|inactive|Galaxy Zodiac 24 has 90 seconds left.\n|\n|t:|1781433182\n|move|p2a: Gyarados|Waterfall|p1a: Greedent\n|-crit|p1a: Greedent\n|-damage|p1a: Greedent|0 fnt\n|faint|p1a: Greedent\n|\n|upkeep\n|c|\u2606makkereel|ofc\n|c|\u2606makkereel|what is para anyways\n|c|\u2606Galaxy Zodiac 24|Yep\n|inactive|makkereel has 120 seconds left.\n|\n|t:|1781433223\n|switch|p1a: Tauros|Tauros-Paldea-Blaze, L81, M|252/252\n|turn|22\n|\n|t:|1781433229\n|move|p2a: Gyarados|Waterfall|p1a: Tauros\n|-supereffective|p1a: Tauros\n|-damage|p1a: Tauros|0 fnt\n|faint|p1a: Tauros\n|\n|upkeep\n|\n|t:|1781433233\n|switch|p1a: Tinkaton|Tinkaton, L82, F|274/274\n|-ability|p1a: Tinkaton|Mold Breaker\n|turn|23\n|\n|t:|1781433235\n|cant|p2a: Gyarados|par\n|move|p1a: Tinkaton|Play Rough|p2a: Gyarados\n|-damage|p2a: Gyarados|0 fnt\n|faint|p2a: Gyarados\n|\n|upkeep\n|c|\u2606Galaxy Zodiac 24|Got the para\n|inactive|Galaxy Zodiac 24 has 90 seconds left.\n|\n|t:|1781433253\n|switch|p2a: Reshiram|Reshiram, L76|252/277\n|-ability|p2a: Reshiram|Turboblaze\n|turn|24\n|c|\u2606makkereel|too little too late\n|inactive|makkereel has 120 seconds left.\n|\n|t:|1781433274\n|move|p1a: Tinkaton|Thunder Wave|p2a: Reshiram\n|-status|p2a: Reshiram|par\n|move|p2a: Reshiram|Will-O-Wisp|p1a: Tinkaton\n|-status|p1a: Tinkaton|brn\n|\n|-damage|p1a: Tinkaton|257/274 brn|[from] brn\n|upkeep\n|turn|25\n|inactive|makkereel has 120 seconds left.\n|\n|t:|1781433279\n|move|p1a: Tinkaton|Encore|p2a: Reshiram\n|-start|p2a: Reshiram|Encore\n|move|p2a: Reshiram|Will-O-Wisp|p1a: Tinkaton|[miss]\n|-miss|p2a: Reshiram|p1a: Tinkaton\n|\n|-heal|p1a: Tinkaton|274/274 brn|[from] item: Leftovers\n|-damage|p1a: Tinkaton|257/274 brn|[from] brn\n|upkeep\n|turn|26\n|\n|t:|1781433284\n|move|p1a: Tinkaton|Play Rough|p2a: Reshiram\n|-damage|p2a: Reshiram|213/277 par\n|move|p2a: Reshiram|Will-O-Wisp|p1a: Tinkaton\n|-fail|p1a: Tinkaton|brn\n|\n|-heal|p1a: Tinkaton|274/274 brn|[from] item: Leftovers\n|-damage|p1a: Tinkaton|257/274 brn|[from] brn\n|upkeep\n|turn|27\n|\n|t:|1781433289\n|switch|p2a: Leafeon|Leafeon, L88, M|258/258\n|move|p1a: Tinkaton|Play Rough|p2a: Leafeon|[miss]\n|-miss|p1a: Tinkaton|p2a: Leafeon\n|\n|-heal|p1a: Tinkaton|274/274 brn|[from] item: Leftovers\n|-damage|p1a: Tinkaton|257/274 brn|[from] brn\n|upkeep\n|turn|28\n|\n|t:|1781433292\n|switch|p2a: Reshiram|Reshiram, L76|213/277 par\n|-ability|p2a: Reshiram|Turboblaze\n|move|p1a: Tinkaton|Thunder Wave|p2a: Reshiram\n|-fail|p2a: Reshiram|par\n|\n|-heal|p1a: Tinkaton|274/274 brn|[from] item: Leftovers\n|-damage|p1a: Tinkaton|257/274 brn|[from] brn\n|upkeep\n|turn|29\n|\n|t:|1781433300\n|move|p1a: Tinkaton|Play Rough|p2a: Reshiram\n|-damage|p2a: Reshiram|172/277 par\n|cant|p2a: Reshiram|par\n|\n|-heal|p1a: Tinkaton|274/274 brn|[from] item: Leftovers\n|-damage|p1a: Tinkaton|257/274 brn|[from] brn\n|upkeep\n|turn|30\n|\n|t:|1781433313\n|move|p1a: Tinkaton|Play Rough|p2a: Reshiram|[miss]\n|-miss|p1a: Tinkaton|p2a: Reshiram\n|move|p2a: Reshiram|Blue Flare|p1a: Tinkaton\n|-supereffective|p1a: Tinkaton\n|-damage|p1a: Tinkaton|0 fnt\n|faint|p1a: Tinkaton\n|\n|upkeep\n|\n|t:|1781433316\n|switch|p1a: Enamorus|Enamorus, L79, F|247/247\n|turn|31\n|\n|t:|1781433320\n|move|p1a: Enamorus|Calm Mind|p1a: Enamorus\n|-boost|p1a: Enamorus|spa|1\n|-boost|p1a: Enamorus|spd|1\n|cant|p2a: Reshiram|par\n|\n|upkeep\n|turn|32\n|\n|t:|1781433332\n|move|p1a: Enamorus|Earth Power|p2a: Reshiram\n|-supereffective|p2a: Reshiram\n|-damage|p2a: Reshiram|0 fnt\n|faint|p2a: Reshiram\n|\n|upkeep\n|\n|t:|1781433351\n|switch|p2a: Raikou|Raikou, L81, tera:Grass|69/278\n|-ability|p2a: Raikou|Pressure\n|turn|33\n|c|\u2606makkereel|they took pity on me i guess\n|c|\u2606Galaxy Zodiac 24|And that's gonna win you the game\n|inactive|makkereel has 120 seconds left.\n|\n|t:|1781433388\n|move|p2a: Raikou|Thunderbolt|p1a: Enamorus\n|-supereffective|p1a: Enamorus\n|-damage|p1a: Enamorus|77/247\n|move|p1a: Enamorus|Moonblast|p2a: Raikou\n|-damage|p2a: Raikou|0 fnt\n|faint|p2a: Raikou\n|\n|-heal|p1a: Enamorus|92/247|[from] item: Leftovers\n|upkeep\n|c|\u2606makkereel|nah\n|\n|t:|1781433397\n|switch|p2a: Leafeon|Leafeon, L88, M|258/258\n|turn|34\n|c|\u2606makkereel|leafeon smokes my pack\n|\n|t:|1781433403\n|move|p2a: Leafeon|Double-Edge|p1a: Enamorus\n|-damage|p1a: Enamorus|0 fnt\n|-start|p2a: Leafeon|Attract|[from] ability: Cute Charm|[of] p1a: Enamorus\n|faint|p1a: Enamorus\n|-damage|p2a: Leafeon|228/258|[from] Recoil\n|-end|p2a: Leafeon|Attract|[silent]\n|-damage|p2a: Leafeon|203/258|[from] item: Life Orb\n|\n|win|Galaxy Zodiac 24\n", "inputlog": ">version a8376a258c1d4662feba110a92103f3664a72141\n>start {\"formatid\":\"gen9randombattle\",\"seed\":\"sodium,163ceb5597bd791c15aa368332f7a7f9\",\"rated\":\"Rated battle\"}\n>player p1 {\"name\":\"makkereel\",\"avatar\":\"170\",\"rating\":2181,\"seed\":\"sodium,7ff78d0ab72576ad97781c269341a06c\"}\n>player p2 {\"name\":\"Galaxy Zodiac 24\",\"avatar\":\"265\",\"rating\":2132,\"seed\":\"sodium,4d77d61f884854b69edd7840628992b0\"}\n>p1 move bulkup\n>p2 switch 3\n>p1 switch 3\n>p2 move hurricane\n>p1 move knockoff\n>p2 move thunderbolt\n>p1 move knockoff\n>p2 move thunderbolt\n>p1 move earthquake\n>p2 move roost\n>p2 switch 5\n>p1 switch 4\n>p2 move aquastep\n>p1 move willowisp\n>p2 switch 4\n>p1 move uturn\n>p2 move dracometeor\n>p1 switch 5\n>p1 move moonblast\n>p2 switch 2\n>p1 move calmmind\n>p2 move calmmind\n>p1 move earthpower\n>p2 move substitute\n>p1 move earthpower\n>p2 move calmmind terastallize\n>p1 switch 5\n>p2 move thunderbolt\n>p1 move uturn\n>p2 move thunderbolt\n>p1 switch 4\n>p1 switch 4\n>p1 move uturn\n>p2 switch 6\n>p1 switch 2\n>p1 move thunderwave\n>p2 move dragondance\n>p1 move encore\n>p2 move dragondance\n>p1 switch 2\n>p2 move dragondance\n>p1 move hex\n>p2 move dragondance\n>p1 move hex\n>p2 move waterfall\n>p1 switch 6\n>p1 move bodyslam\n>p2 move waterfall\n>chat \u2606makkereel|ofc\n>chat \u2606makkereel|what is para anyways\n>chat \u2606Galaxy Zodiac 24|Yep\n>p1 switch 3\n>p1 move closecombat\n>p2 move waterfall\n>p1 switch 2\n>p1 move playrough\n>p2 move waterfall\n>chat \u2606Galaxy Zodiac 24|Got the para\n>p2 switch 2\n>chat \u2606makkereel|too little too late\n>p1 move thunderwave\n>p2 move willowisp\n>p1 move encore\n>p2 move blueflare\n>p1 move playrough\n>p2 move willowisp\n>p1 move playrough\n>p2 switch 3\n>p1 move thunderwave\n>p2 switch 3\n>p1 move playrough\n>p2 move blueflare\n>p1 move playrough\n>p2 move blueflare\n>p1 switch 5\n>p1 move calmmind\n>p2 move blueflare\n>p1 move earthpower\n>p2 move blueflare\n>p2 switch 6\n>chat \u2606makkereel|they took pity on me i guess\n>chat \u2606Galaxy Zodiac 24|And that's gonna win you the game \n>p1 move moonblast\n>p2 move thunderbolt\n>chat \u2606makkereel|nah\n>p2 switch 3\n>chat \u2606makkereel|leafeon smokes my pack\n>p1 move moonblast\n>p2 move doubleedge", "uploadtime": 1781432860, "views": 5, "formatid": "gen9randombattle", "rating": null, "private": 0, "password": null}