{"id": "gen9randombattle-2631836371", "format": "[Gen 9] Random Battle", "players": ["Mcnoodle", "Reconforce"], "log": "|j|\u2606Mcnoodle\n|j|\u2606Reconforce\n|t:|1781446308\n|gametype|singles\n|player|p1|Mcnoodle|backpacker|2099\n|player|p2|Reconforce|1|2223\n|gen|9\n|tier|[Gen 9] Random Battle\n|rated|\n|rule|Species Clause: Limit one of each Pok\u00e9mon\n|rule|HP Percentage Mod: HP is shown in percentages\n|rule|Sleep Clause Mod: Limit one foe put to sleep\n|rule|Illusion Level Mod: Illusion disguises the Pok\u00e9mon's true level\n|\n|t:|1781446308\n|teamsize|p1|6\n|teamsize|p2|6\n|start\n|switch|p1a: Garchomp|Garchomp, L74, M|282/282\n|switch|p2a: Iron Bundle|Iron Bundle, L78|215/215\n|turn|1\n|inactive|Battle timer is ON: inactive players will automatically lose when time's up. (requested by Mcnoodle)\n|inactive|Mcnoodle has 120 seconds left.\n|\n|t:|1781446346\n|switch|p1a: Crabominable|Crabominable, L90, M|321/321\n|move|p2a: Iron Bundle|Freeze-Dry|p1a: Crabominable\n|-resisted|p1a: Crabominable\n|-damage|p1a: Crabominable|279/321\n|\n|upkeep\n|turn|2\n|\n|t:|1781446353\n|-end|p2a: Iron Bundle|Quark Drive|[silent]\n|switch|p2a: Samurott|Samurott, L88, M|310/310\n|move|p1a: Crabominable|Ice Hammer|p2a: Samurott\n|-resisted|p2a: Samurott\n|-damage|p2a: Samurott|167/310\n|-unboost|p1a: Crabominable|spe|1\n|\n|upkeep\n|turn|3\n|\n|t:|1781446366\n|switch|p1a: Sinistcha|Sinistcha-Masterpiece, L83|254/254\n|move|p2a: Samurott|Knock Off|p1a: Sinistcha\n|-supereffective|p1a: Sinistcha\n|-damage|p1a: Sinistcha|72/254\n|-enditem|p1a: Sinistcha|Leftovers|[from] move: Knock Off|[of] p2a: Samurott\n|-damage|p2a: Samurott|136/310|[from] item: Life Orb\n|\n|upkeep\n|turn|4\n|\n|t:|1781446384\n|switch|p1a: Alcremie|Alcremie-Matcha-Cream, L90, F|263/263\n|move|p2a: Samurott|Knock Off|p1a: Alcremie\n|-resisted|p1a: Alcremie\n|-damage|p1a: Alcremie|212/263\n|-enditem|p1a: Alcremie|Leftovers|[from] move: Knock Off|[of] p2a: Samurott\n|-damage|p2a: Samurott|105/310|[from] item: Life Orb\n|\n|upkeep\n|turn|5\n|\n|t:|1781446388\n|move|p2a: Samurott|Liquidation|p1a: Alcremie\n|-damage|p1a: Alcremie|76/263\n|-damage|p2a: Samurott|74/310|[from] item: Life Orb\n|move|p1a: Alcremie|Alluring Voice|p2a: Samurott\n|-damage|p2a: Samurott|0 fnt\n|faint|p2a: Samurott\n|\n|upkeep\n|\n|t:|1781446390\n|switch|p2a: Dugtrio|Dugtrio, L84, M|196/196\n|turn|6\n|\n|t:|1781446395\n|move|p2a: Dugtrio|Earthquake|p1a: Alcremie\n|-damage|p1a: Alcremie|0 fnt\n|faint|p1a: Alcremie\n|-damage|p2a: Dugtrio|177/196|[from] item: Life Orb\n|\n|upkeep\n|\n|t:|1781446403\n|switch|p1a: Sinistcha|Sinistcha-Masterpiece, L83|72/254\n|turn|7\n|\n|t:|1781446407\n|move|p2a: Dugtrio|Sucker Punch||[still]\n|-fail|p2a: Dugtrio\n|move|p1a: Sinistcha|Strength Sap|p2a: Dugtrio\n|-unboost|p2a: Dugtrio|atk|1\n|-heal|p1a: Sinistcha|254/254\n|\n|upkeep\n|turn|8\n|\n|t:|1781446409\n|switch|p2a: Cryogonal|Cryogonal, L89|287/287\n|move|p1a: Sinistcha|Matcha Gotcha|p2a: Cryogonal\n|-damage|p2a: Cryogonal|217/287\n|-status|p2a: Cryogonal|brn\n|\n|-damage|p2a: Cryogonal|200/287 brn|[from] brn\n|upkeep\n|turn|9\n|\n|t:|1781446430\n|switch|p1a: Crabominable|Crabominable, L90, M|279/321\n|move|p2a: Cryogonal|Ice Beam|p1a: Crabominable\n|-resisted|p1a: Crabominable\n|-damage|p1a: Crabominable|215/321\n|\n|-damage|p2a: Cryogonal|183/287 brn|[from] brn\n|upkeep\n|turn|10\n|\n|t:|1781446435\n|move|p2a: Cryogonal|Tera Blast|p1a: Crabominable\n|-damage|p1a: Crabominable|142/321\n|move|p1a: Crabominable|Drain Punch|p2a: Cryogonal\n|-supereffective|p2a: Cryogonal\n|-damage|p2a: Cryogonal|0 fnt\n|-heal|p1a: Crabominable|234/321|[from] drain|[of] p2a: Cryogonal\n|faint|p2a: Cryogonal\n|\n|upkeep\n|\n|t:|1781446438\n|switch|p2a: Deoxys|Deoxys-Speed, L82|216/216\n|-ability|p2a: Deoxys|Pressure\n|turn|11\n|inactive|Mcnoodle has 120 seconds left.\n|inactive|Mcnoodle has 90 seconds left.\n|inactive|Mcnoodle has 60 seconds left.\n|\n|t:|1781446532\n|move|p2a: Deoxys|Knock Off|p1a: Crabominable\n|-resisted|p1a: Crabominable\n|-damage|p1a: Crabominable|201/321\n|-enditem|p1a: Crabominable|Choice Band|[from] move: Knock Off|[of] p2a: Deoxys\n|move|p1a: Crabominable|Drain Punch|p2a: Deoxys\n|-resisted|p2a: Deoxys\n|-damage|p2a: Deoxys|145/216\n|-heal|p1a: Crabominable|237/321|[from] drain|[of] p2a: Deoxys\n|\n|-heal|p2a: Deoxys|158/216|[from] item: Leftovers\n|upkeep\n|turn|12\n|inactive|Mcnoodle has 60 seconds left.\n|\n|t:|1781446552\n|switch|p1a: Gyarados|Gyarados, L79, F|280/280\n|move|p2a: Deoxys|Psycho Boost|p1a: Gyarados\n|-damage|p1a: Gyarados|156/280\n|-unboost|p2a: Deoxys|spa|2\n|\n|-heal|p2a: Deoxys|171/216|[from] item: Leftovers\n|upkeep\n|turn|13\n|\n|t:|1781446556\n|move|p2a: Deoxys|Taunt|p1a: Gyarados\n|-start|p1a: Gyarados|move: Taunt\n|move|p1a: Gyarados|Waterfall|p2a: Deoxys\n|-damage|p2a: Deoxys|83/216\n|\n|-heal|p2a: Deoxys|96/216|[from] item: Leftovers\n|upkeep\n|turn|14\n|\n|t:|1781446560\n|move|p2a: Deoxys|Stealth Rock|p1a: Gyarados\n|-sidestart|p1: Mcnoodle|move: Stealth Rock\n|move|p1a: Gyarados|Earthquake|p2a: Deoxys\n|-damage|p2a: Deoxys|18/216\n|\n|-heal|p2a: Deoxys|31/216|[from] item: Leftovers\n|upkeep\n|turn|15\n|\n|t:|1781446564\n|switch|p2a: Iron Bundle|Iron Bundle, L78|215/215\n|move|p1a: Gyarados|Earthquake|p2a: Iron Bundle\n|-damage|p2a: Iron Bundle|142/215\n|\n|-end|p1a: Gyarados|move: Taunt\n|upkeep\n|turn|16\n|\n|t:|1781446571\n|switch|p1a: Crabominable|Crabominable, L90, M|237/321\n|-damage|p1a: Crabominable|197/321|[from] Stealth Rock\n|move|p2a: Iron Bundle|Hydro Pump|p1a: Crabominable\n|-damage|p1a: Crabominable|64/321\n|\n|upkeep\n|turn|17\n|\n|t:|1781446575\n|move|p2a: Iron Bundle|Hydro Pump|p1a: Crabominable\n|-damage|p1a: Crabominable|0 fnt\n|faint|p1a: Crabominable\n|\n|upkeep\n|\n|t:|1781446577\n|switch|p1a: Sinistcha|Sinistcha-Masterpiece, L83|254/254\n|-damage|p1a: Sinistcha|223/254|[from] Stealth Rock\n|turn|18\n|\n|t:|1781446582\n|move|p2a: Iron Bundle|Ice Beam|p1a: Sinistcha\n|-supereffective|p1a: Sinistcha\n|-damage|p1a: Sinistcha|1/254\n|move|p1a: Sinistcha|Calm Mind|p1a: Sinistcha\n|-boost|p1a: Sinistcha|spa|1\n|-boost|p1a: Sinistcha|spd|1\n|\n|upkeep\n|turn|19\n|\n|t:|1781446585\n|move|p2a: Iron Bundle|Freeze-Dry|p1a: Sinistcha\n|-supereffective|p1a: Sinistcha\n|-damage|p1a: Sinistcha|0 fnt\n|faint|p1a: Sinistcha\n|\n|upkeep\n|\n|t:|1781446588\n|switch|p1a: Comfey|Comfey, L85, F|225/225\n|-damage|p1a: Comfey|197/225|[from] Stealth Rock\n|turn|20\n|\n|t:|1781446591\n|move|p2a: Iron Bundle|Encore||[still]\n|-fail|p2a: Iron Bundle\n|move|p1a: Comfey|Calm Mind|p1a: Comfey\n|-boost|p1a: Comfey|spa|1\n|-boost|p1a: Comfey|spd|1\n|\n|-heal|p1a: Comfey|211/225|[from] item: Leftovers\n|upkeep\n|turn|21\n|\n|t:|1781446599\n|-end|p2a: Iron Bundle|Quark Drive|[silent]\n|switch|p2a: Tsareena|Tsareena, L87, F|267/267\n|move|p1a: Comfey|Giga Drain||[still]\n|cant|p2a: Tsareena|ability: Queenly Majesty|Giga Drain|[of] p1a: Comfey\n|\n|-heal|p1a: Comfey|225/225|[from] item: Leftovers\n|upkeep\n|turn|22\n|\n|t:|1781446614\n|move|p1a: Comfey|Calm Mind|p1a: Comfey\n|-boost|p1a: Comfey|spa|1\n|-boost|p1a: Comfey|spd|1\n|move|p2a: Tsareena|Power Whip|p1a: Comfey\n|-damage|p1a: Comfey|62/225\n|\n|-heal|p1a: Comfey|76/225|[from] item: Leftovers\n|upkeep\n|turn|23\n|\n|t:|1781446621\n|-terastallize|p1a: Comfey|Steel\n|move|p1a: Comfey|Draining Kiss||[still]\n|cant|p2a: Tsareena|ability: Queenly Majesty|Draining Kiss|[of] p1a: Comfey\n|move|p2a: Tsareena|Power Whip|p1a: Comfey\n|-resisted|p1a: Comfey\n|-damage|p1a: Comfey|0 fnt\n|faint|p1a: Comfey\n|\n|upkeep\n|-message|Mcnoodle forfeited.\n|\n|win|Reconforce\n", "inputlog": ">version a8376a258c1d4662feba110a92103f3664a72141\n>start {\"formatid\":\"gen9randombattle\",\"seed\":\"sodium,5f3088c39fd1ad7503ea6a6ff2871b88\",\"rated\":\"Rated battle\"}\n>player p1 {\"name\":\"Mcnoodle\",\"avatar\":\"backpacker\",\"rating\":2099,\"seed\":\"sodium,71ee490f07aa666375af9fd1fa4ae5dc\"}\n>player p2 {\"name\":\"Reconforce\",\"avatar\":\"1\",\"rating\":2223,\"seed\":\"sodium,d775fab71aeb2680e6b8033c62ba4821\"}\n>p1 switch 5\n>p2 move freezedry\n>p1 move icehammer\n>p2 switch 5\n>p1 switch 2\n>p2 move knockoff\n>p1 switch 3\n>p2 move knockoff\n>p1 move alluringvoice\n>p2 move liquidation\n>p2 switch 6\n>p1 move alluringvoice\n>p2 move earthquake\n>p1 switch 3\n>p1 move strengthsap\n>p2 move suckerpunch\n>p1 move matchagotcha\n>p2 switch 3\n>p1 switch 2\n>p2 move icebeam\n>p1 move drainpunch\n>p2 move terablast\n>p2 switch 2\n>p1 move drainpunch\n>p2 move knockoff\n>p1 switch 6\n>p2 move psychoboost\n>p1 move waterfall\n>p2 move taunt\n>p1 move earthquake\n>p2 move stealthrock\n>p1 move earthquake\n>p2 switch 5\n>p1 switch 6\n>p2 move hydropump\n>p1 move drainpunch\n>p2 move hydropump\n>p1 switch 2\n>p1 move calmmind\n>p2 move icebeam\n>p1 move matchagotcha\n>p2 move freezedry\n>p1 switch 4\n>p1 move calmmind\n>p2 move encore\n>p1 move gigadrain\n>p2 switch 4\n>p1 move calmmind\n>p2 move powerwhip\n>p1 move drainingkiss terastallize\n>p2 move powerwhip\n>forcelose p1", "uploadtime": 1781446309, "views": 5, "formatid": "gen9randombattle", "rating": null, "private": 0, "password": null}