{"id": "gen9randombattle-2631500424", "format": "[Gen 9] Random Battle", "players": ["moritzvb", "f91swdg"], "log": "|j|\u2606moritzvb\n|j|\u2606f91swdg\n|t:|1781393010\n|gametype|singles\n|player|p1|moritzvb|ariana|2128\n|player|p2|f91swdg|biker-gen4|2172\n|gen|9\n|tier|[Gen 9] Random Battle\n|rated|\n|rule|Species Clause: Limit one of each Pok\u00e9mon\n|rule|HP Percentage Mod: HP is shown in percentages\n|rule|Sleep Clause Mod: Limit one foe put to sleep\n|rule|Illusion Level Mod: Illusion disguises the Pok\u00e9mon's true level\n|\n|t:|1781393010\n|teamsize|p1|6\n|teamsize|p2|6\n|start\n|switch|p1a: Emboar|Emboar, L84, F|322/322\n|switch|p2a: Arceus|Arceus-Fighting, L70|284/284\n|turn|1\n|inactive|Battle timer is ON: inactive players will automatically lose when time's up. (requested by f91swdg)\n|\n|t:|1781393030\n|move|p2a: Arceus|Cosmic Power|p2a: Arceus\n|-boost|p2a: Arceus|def|1\n|-boost|p2a: Arceus|spd|1\n|move|p1a: Emboar|Flare Blitz|p2a: Arceus\n|-damage|p2a: Arceus|116/284\n|-damage|p1a: Emboar|267/322|[from] Recoil\n|\n|upkeep\n|turn|2\n|inactive|f91swdg has 120 seconds left.\n|\n|t:|1781393070\n|switch|p1a: Bruxish|Bruxish, L85, M|254/254\n|move|p2a: Arceus|Recover|p2a: Arceus\n|-heal|p2a: Arceus|258/284\n|\n|upkeep\n|turn|3\n|\n|t:|1781393074\n|-terastallize|p2a: Arceus|Steel\n|move|p2a: Arceus|Cosmic Power|p2a: Arceus\n|-boost|p2a: Arceus|def|1\n|-boost|p2a: Arceus|spd|1\n|move|p1a: Bruxish|Psychic Fangs|p2a: Arceus\n|-resisted|p2a: Arceus\n|-damage|p2a: Arceus|210/284\n|\n|upkeep\n|turn|4\n|\n|t:|1781393084\n|switch|p1a: Wo-Chien|Wo-Chien, L83|277/277\n|-ability|p1a: Wo-Chien|Tablets of Ruin\n|move|p2a: Arceus|Cosmic Power|p2a: Arceus\n|-boost|p2a: Arceus|def|1\n|-boost|p2a: Arceus|spd|1\n|\n|upkeep\n|turn|5\n|\n|t:|1781393089\n|move|p2a: Arceus|Body Press|p1a: Wo-Chien\n|-supereffective|p1a: Wo-Chien\n|-damage|p1a: Wo-Chien|0 fnt\n|faint|p1a: Wo-Chien\n|\n|upkeep\n|\n|t:|1781393093\n|switch|p1a: Emboar|Emboar, L84, F|267/322\n|turn|6\n|\n|t:|1781393097\n|-terastallize|p1a: Emboar|Fire\n|move|p2a: Arceus|Stored Power|p1a: Emboar\n|-damage|p1a: Emboar|165/322\n|move|p1a: Emboar|Flare Blitz|p2a: Arceus\n|-supereffective|p2a: Arceus\n|-crit|p2a: Arceus\n|-damage|p2a: Arceus|0 fnt\n|faint|p2a: Arceus\n|-damage|p1a: Emboar|96/322|[from] Recoil\n|\n|upkeep\n|\n|t:|1781393121\n|switch|p2a: Manaphy|Manaphy, L78|284/284\n|turn|7\n|\n|t:|1781393130\n|switch|p1a: Bruxish|Bruxish, L85, M|254/254\n|move|p2a: Manaphy|Hydro Pump|p1a: Bruxish\n|-resisted|p1a: Bruxish\n|-crit|p1a: Bruxish\n|-damage|p1a: Bruxish|161/254\n|\n|upkeep\n|turn|8\n|\n|t:|1781393136\n|move|p1a: Bruxish|Psychic Fangs|p2a: Manaphy\n|-damage|p2a: Manaphy|86/284\n|move|p2a: Manaphy|Tail Glow|p2a: Manaphy\n|-boost|p2a: Manaphy|spa|3\n|\n|-heal|p2a: Manaphy|103/284|[from] item: Leftovers\n|upkeep\n|turn|9\n|\n|t:|1781393138\n|move|p1a: Bruxish|Psychic Fangs|p2a: Manaphy\n|-damage|p2a: Manaphy|0 fnt\n|faint|p2a: Manaphy\n|\n|upkeep\n|\n|t:|1781393143\n|switch|p2a: Gengar|Gengar, L81, F|230/230\n|turn|10\n|\n|t:|1781393147\n|switch|p1a: Dugtrio|Dugtrio, L84, M|196/196\n|move|p2a: Gengar|Shadow Ball|p1a: Dugtrio\n|-damage|p1a: Dugtrio|28/196\n|-damage|p2a: Gengar|207/230|[from] item: Life Orb\n|\n|upkeep\n|turn|11\n|\n|t:|1781393156\n|move|p1a: Dugtrio|Earthquake|p2a: Gengar\n|-supereffective|p2a: Gengar\n|-damage|p2a: Gengar|0 fnt\n|faint|p2a: Gengar\n|\n|upkeep\n|\n|t:|1781393159\n|switch|p2a: Espathra|Espathra, L80, M|283/283\n|turn|12\n|\n|t:|1781393165\n|move|p1a: Dugtrio|Earthquake|p2a: Espathra\n|-damage|p2a: Espathra|49/283\n|move|p2a: Espathra|Lumina Crash|p1a: Dugtrio\n|-damage|p1a: Dugtrio|0 fnt\n|faint|p1a: Dugtrio\n|\n|-ability|p2a: Espathra|Speed Boost|boost\n|-boost|p2a: Espathra|spe|1\n|upkeep\n|j| rufoush\n|\n|t:|1781393169\n|switch|p1a: Bruxish|Bruxish, L85, M|161/254\n|turn|13\n|\n|t:|1781393173\n|move|p2a: Espathra|Lumina Crash|p1a: Bruxish\n|-resisted|p1a: Bruxish\n|-damage|p1a: Bruxish|91/254\n|-unboost|p1a: Bruxish|spd|2\n|move|p1a: Bruxish|Wave Crash|p2a: Espathra\n|-damage|p2a: Espathra|0 fnt\n|faint|p2a: Espathra\n|-damage|p1a: Bruxish|75/254|[from] Recoil\n|\n|upkeep\n|l| rufoush\n|\n|t:|1781393178\n|switch|p2a: Golduck|Golduck, L90, M|290/290\n|-ability|p2a: Golduck|Cloud Nine\n|turn|14\n|\n|t:|1781393187\n|switch|p1a: Emboar|Emboar, L84, F, tera:Fire|96/322\n|move|p2a: Golduck|Hydro Pump|p1a: Emboar\n|-supereffective|p1a: Emboar\n|-damage|p1a: Emboar|0 fnt\n|faint|p1a: Emboar\n|\n|upkeep\n|\n|t:|1781393195\n|switch|p1a: Annihilape|Annihilape, L76, F|292/292\n|turn|15\n|\n|t:|1781393200\n|move|p2a: Golduck|Nasty Plot|p2a: Golduck\n|-boost|p2a: Golduck|spa|2\n|move|p1a: Annihilape|Drain Punch|p2a: Golduck\n|-damage|p2a: Golduck|215/290\n|\n|-heal|p2a: Golduck|233/290|[from] item: Leftovers\n|upkeep\n|turn|16\n|\n|t:|1781393206\n|move|p2a: Golduck|Nasty Plot|p2a: Golduck\n|-boost|p2a: Golduck|spa|2\n|move|p1a: Annihilape|Rage Fist|p2a: Golduck\n|-damage|p2a: Golduck|184/290\n|\n|-heal|p2a: Golduck|202/290|[from] item: Leftovers\n|upkeep\n|turn|17\n|\n|t:|1781393208\n|move|p2a: Golduck|Hydro Pump|p1a: Annihilape\n|-damage|p1a: Annihilape|0 fnt\n|faint|p1a: Annihilape\n|\n|-heal|p2a: Golduck|220/290|[from] item: Leftovers\n|upkeep\n|\n|t:|1781393210\n|switch|p1a: Bruxish|Bruxish, L85, M|75/254\n|turn|18\n|\n|t:|1781393213\n|move|p1a: Bruxish|Psychic Fangs|p2a: Golduck\n|-damage|p2a: Golduck|10/290\n|move|p2a: Golduck|Ice Beam|p1a: Bruxish\n|-resisted|p1a: Bruxish\n|-damage|p1a: Bruxish|0 fnt\n|faint|p1a: Bruxish\n|\n|-heal|p2a: Golduck|28/290|[from] item: Leftovers\n|upkeep\n|\n|t:|1781393215\n|switch|p1a: Cinderace|Cinderace, L77, M|249/249\n|turn|19\n|\n|t:|1781393220\n|move|p1a: Cinderace|Pyro Ball|p2a: Golduck\n|-resisted|p2a: Golduck\n|-damage|p2a: Golduck|0 fnt\n|faint|p2a: Golduck\n|\n|upkeep\n|\n|t:|1781393222\n|switch|p2a: Klawf|Klawf, L90, F|272/272\n|turn|20\n|\n|t:|1781393225\n|move|p1a: Cinderace|Pyro Ball|p2a: Klawf\n|-resisted|p2a: Klawf\n|-damage|p2a: Klawf|206/272\n|move|p2a: Klawf|Stone Edge|p1a: Cinderace\n|-supereffective|p1a: Cinderace\n|-damage|p1a: Cinderace|0 fnt\n|faint|p1a: Cinderace\n|-damage|p2a: Klawf|179/272|[from] item: Life Orb\n|\n|win|f91swdg\n", "inputlog": ">version a8376a258c1d4662feba110a92103f3664a72141\n>start {\"formatid\":\"gen9randombattle\",\"seed\":\"sodium,0ee55fcecde6f270af9661ed82f49e40\",\"rated\":\"Rated battle\"}\n>player p1 {\"name\":\"moritzvb\",\"avatar\":\"ariana\",\"rating\":2128,\"seed\":\"sodium,1eb4c673b1301c122e4a5d5f5b904e73\"}\n>player p2 {\"name\":\"f91swdg\",\"avatar\":\"biker-gen4\",\"rating\":2172,\"seed\":\"sodium,a9a24b99205ccab565ed44eaea40a82a\"}\n>p1 move flareblitz\n>p2 move cosmicpower\n>p1 switch 6\n>p2 move recover\n>p1 move psychicfangs\n>p2 move cosmicpower terastallize\n>p1 switch 2\n>p2 move cosmicpower\n>p1 move stunspore\n>p2 move bodypress\n>p1 switch 6\n>p1 move flareblitz terastallize\n>p2 move storedpower\n>p2 switch 3\n>p1 switch 2\n>p2 move hydropump\n>p1 move psychicfangs\n>p2 move tailglow\n>p1 move psychicfangs\n>p2 move energyball\n>p2 switch 2\n>p1 switch 5\n>p2 move shadowball\n>p1 move earthquake\n>p2 move shadowball\n>p2 switch 4\n>p1 move earthquake\n>p2 move luminacrash\n>p1 switch 5\n>p1 move wavecrash\n>p2 move luminacrash\n>p2 switch 5\n>p1 switch 2\n>p2 move hydropump\n>p1 switch 4\n>p1 move drainpunch\n>p2 move nastyplot\n>p1 move ragefist\n>p2 move nastyplot\n>p1 move drainpunch\n>p2 move hydropump\n>p1 switch 2\n>p1 move psychicfangs\n>p2 move icebeam\n>p1 switch 3\n>p1 move pyroball\n>p2 move hydropump\n>p2 switch 6\n>p1 move pyroball\n>p2 move stoneedge", "uploadtime": 1781393011, "views": 7, "formatid": "gen9randombattle", "rating": null, "private": 0, "password": null}