{"id": "gen9randombattle-2631429046", "format": "[Gen 9] Random Battle", "players": ["dawn505", "Just-Wuff"], "log": "|j|\u2606dawn505\n|j|\u2606Just-Wuff\n|t:|1781383550\n|gametype|singles\n|player|p1|dawn505|dawn|1963\n|player|p2|Just-Wuff|veteran|1919\n|gen|9\n|tier|[Gen 9] Random Battle\n|rated|\n|rule|Species Clause: Limit one of each Pok\u00e9mon\n|rule|HP Percentage Mod: HP is shown in percentages\n|rule|Sleep Clause Mod: Limit one foe put to sleep\n|rule|Illusion Level Mod: Illusion disguises the Pok\u00e9mon's true level\n|\n|t:|1781383550\n|teamsize|p1|6\n|teamsize|p2|6\n|start\n|switch|p1a: Pelipper|Pelipper, L86, F|243/243\n|switch|p2a: Scream Tail|Scream Tail, L84|330/330\n|-weather|RainDance|[from] ability: Drizzle|[of] p1a: Pelipper\n|turn|1\n|inactive|Battle timer is ON: inactive players will automatically lose when time's up. (requested by Just-Wuff)\n|\n|t:|1781383560\n|move|p2a: Scream Tail|Thunder Wave|p1a: Pelipper\n|-status|p1a: Pelipper|par\n|move|p1a: Pelipper|Knock Off|p2a: Scream Tail\n|-damage|p2a: Scream Tail|286/330\n|-enditem|p2a: Scream Tail|Leftovers|[from] move: Knock Off|[of] p1a: Pelipper\n|\n|-weather|RainDance|[upkeep]\n|upkeep\n|turn|2\n|\n|t:|1781383573\n|-end|p2a: Scream Tail|Protosynthesis|[silent]\n|switch|p2a: Dialga|Dialga-Origin, L73|266/266\n|-ability|p2a: Dialga|Pressure\n|switch|p1a: Ursaring|Ursaring, L84, M|288/288\n|\n|-weather|RainDance|[upkeep]\n|upkeep\n|turn|3\n|\n|t:|1781383584\n|switch|p2a: Basculegion|Basculegion, L80, M|323/323\n|move|p1a: Ursaring|Body Slam|p2a: Basculegion\n|-immune|p2a: Basculegion\n|\n|-weather|RainDance|[upkeep]\n|upkeep\n|turn|4\n|\n|t:|1781383592\n|move|p2a: Basculegion|Flip Turn|p1a: Ursaring\n|-damage|p1a: Ursaring|180/288\n|\n|t:|1781383602\n|switch|p2a: Scream Tail|Scream Tail, L84|286/330|[from] Flip Turn\n|move|p1a: Ursaring|Earthquake|p2a: Scream Tail\n|-damage|p2a: Scream Tail|199/330\n|\n|-weather|RainDance|[upkeep]\n|upkeep\n|turn|5\n|\n|t:|1781383609\n|move|p2a: Scream Tail|Wish|p2a: Scream Tail\n|move|p1a: Ursaring|Body Slam|p2a: Scream Tail\n|-damage|p2a: Scream Tail|100/330\n|\n|-weather|none\n|upkeep\n|turn|6\n|\n|t:|1781383623\n|move|p2a: Scream Tail|Protect|p2a: Scream Tail\n|-singleturn|p2a: Scream Tail|Protect\n|move|p1a: Ursaring|Body Slam|p2a: Scream Tail\n|-activate|p2a: Scream Tail|move: Protect\n|\n|-heal|p2a: Scream Tail|265/330|[from] move: Wish|[wisher] Scream Tail\n|upkeep\n|turn|7\n|\n|t:|1781383630\n|-end|p2a: Scream Tail|Protosynthesis|[silent]\n|switch|p2a: Basculegion|Basculegion, L80, M|323/323\n|move|p1a: Ursaring|Body Slam|p2a: Basculegion\n|-immune|p2a: Basculegion\n|\n|upkeep\n|turn|8\n|\n|t:|1781383638\n|move|p2a: Basculegion|Wave Crash|p1a: Ursaring\n|-damage|p1a: Ursaring|48/288\n|-damage|p2a: Basculegion|279/323|[from] Recoil\n|move|p1a: Ursaring|Rest|p1a: Ursaring\n|-status|p1a: Ursaring|slp|[from] move: Rest\n|-heal|p1a: Ursaring|288/288 slp|[silent]\n|\n|upkeep\n|turn|9\n|\n|t:|1781383651\n|switch|p1a: Pecharunt|Pecharunt, L77|262/262\n|move|p2a: Basculegion|Flip Turn|p1a: Pecharunt\n|-damage|p1a: Pecharunt|206/262\n|\n|t:|1781383655\n|switch|p2a: Bisharp|Bisharp, L79, M|232/232|[from] Flip Turn\n|\n|-heal|p1a: Pecharunt|222/262|[from] item: Leftovers\n|upkeep\n|turn|10\n|\n|t:|1781383665\n|switch|p1a: Conkeldurr|Conkeldurr, L80, F|299/299\n|move|p2a: Bisharp|Swords Dance|p2a: Bisharp\n|-boost|p2a: Bisharp|atk|2\n|\n|-status|p1a: Conkeldurr|brn|[from] item: Flame Orb\n|upkeep\n|turn|11\n|\n|t:|1781383673\n|move|p1a: Conkeldurr|Mach Punch|p2a: Bisharp\n|-supereffective|p2a: Bisharp\n|-damage|p2a: Bisharp|36/232\n|move|p2a: Bisharp|Iron Head|p1a: Conkeldurr\n|-damage|p1a: Conkeldurr|107/299 brn\n|\n|-damage|p1a: Conkeldurr|89/299 brn|[from] brn\n|upkeep\n|turn|12\n|\n|t:|1781383681\n|move|p2a: Bisharp|Sucker Punch|p1a: Conkeldurr\n|-resisted|p1a: Conkeldurr\n|-damage|p1a: Conkeldurr|5/299 brn\n|move|p1a: Conkeldurr|Knock Off|p2a: Bisharp\n|-resisted|p2a: Bisharp\n|-damage|p2a: Bisharp|0 fnt\n|-enditem|p2a: Bisharp|Eviolite|[from] move: Knock Off|[of] p1a: Conkeldurr\n|faint|p2a: Bisharp\n|\n|-damage|p1a: Conkeldurr|0 fnt|[from] brn\n|faint|p1a: Conkeldurr\n|upkeep\n|\n|t:|1781383701\n|switch|p2a: Dialga|Dialga-Origin, L73|266/266\n|switch|p1a: Pecharunt|Pecharunt, L77|222/262\n|-ability|p2a: Dialga|Pressure\n|turn|13\n|\n|t:|1781383720\n|move|p1a: Pecharunt|Parting Shot|p2a: Dialga\n|-unboost|p2a: Dialga|atk|1\n|-unboost|p2a: Dialga|spa|1\n|\n|t:|1781383725\n|switch|p1a: Pelipper|Pelipper, L86, F|243/243 par|[from] Parting Shot\n|-weather|RainDance|[from] ability: Drizzle|[of] p1a: Pelipper\n|move|p2a: Dialga|Draco Meteor|p1a: Pelipper\n|-damage|p1a: Pelipper|101/243 par\n|-unboost|p2a: Dialga|spa|2\n|\n|-weather|RainDance|[upkeep]\n|upkeep\n|turn|14\n|\n|t:|1781383736\n|move|p2a: Dialga|Stealth Rock|p1a: Pelipper\n|-sidestart|p1: dawn505|move: Stealth Rock\n|move|p1a: Pelipper|Hurricane|p2a: Dialga\n|-resisted|p2a: Dialga\n|-damage|p2a: Dialga|216/266\n|\n|-weather|RainDance|[upkeep]\n|upkeep\n|turn|15\n|\n|t:|1781383745\n|switch|p2a: Skuntank|Skuntank, L84, M|310/310\n|move|p1a: Pelipper|Hydro Pump|p2a: Skuntank\n|-damage|p2a: Skuntank|151/310\n|\n|-weather|RainDance|[upkeep]\n|upkeep\n|turn|16\n|\n|t:|1781383751\n|move|p2a: Skuntank|Knock Off|p1a: Pelipper\n|-damage|p1a: Pelipper|19/243 par\n|-enditem|p1a: Pelipper|Heavy-Duty Boots|[from] move: Knock Off|[of] p2a: Skuntank\n|move|p1a: Pelipper|Hydro Pump|p2a: Skuntank\n|-damage|p2a: Skuntank|0 fnt\n|faint|p2a: Skuntank\n|\n|-weather|RainDance|[upkeep]\n|upkeep\n|\n|t:|1781383758\n|switch|p2a: Spectrier|Spectrier, L75|274/274\n|turn|17\n|\n|t:|1781383762\n|move|p2a: Spectrier|Substitute|p2a: Spectrier\n|-start|p2a: Spectrier|Substitute\n|-damage|p2a: Spectrier|206/274\n|move|p1a: Pelipper|Knock Off|p2a: Spectrier\n|-supereffective|p2a: Spectrier\n|-end|p2a: Spectrier|Substitute\n|\n|-weather|none\n|-heal|p2a: Spectrier|223/274|[from] item: Leftovers\n|upkeep\n|turn|18\n|\n|t:|1781383770\n|move|p2a: Spectrier|Shadow Ball|p1a: Pelipper\n|-damage|p1a: Pelipper|0 fnt\n|faint|p1a: Pelipper\n|-ability|p2a: Spectrier|Grim Neigh|boost\n|-boost|p2a: Spectrier|spa|1\n|\n|-heal|p2a: Spectrier|240/274|[from] item: Leftovers\n|upkeep\n|\n|t:|1781383783\n|switch|p1a: Clawitzer|Clawitzer, L87, F|265/265\n|-damage|p1a: Clawitzer|232/265|[from] Stealth Rock\n|turn|19\n|\n|t:|1781383797\n|-terastallize|p2a: Spectrier|Fighting\n|move|p2a: Spectrier|Tera Blast|p1a: Clawitzer|[anim] Tera Blast Fighting\n|-damage|p1a: Clawitzer|136/265\n|move|p1a: Clawitzer|Water Pulse|p2a: Spectrier\n|-damage|p2a: Spectrier|93/274\n|\n|-heal|p2a: Spectrier|110/274|[from] item: Leftovers\n|upkeep\n|turn|20\n|\n|t:|1781383808\n|move|p2a: Spectrier|Tera Blast|p1a: Clawitzer|[anim] Tera Blast Fighting\n|-crit|p1a: Clawitzer\n|-damage|p1a: Clawitzer|0 fnt\n|faint|p1a: Clawitzer\n|-ability|p2a: Spectrier|Grim Neigh|boost\n|-boost|p2a: Spectrier|spa|1\n|\n|-heal|p2a: Spectrier|127/274|[from] item: Leftovers\n|upkeep\n|\n|t:|1781383818\n|switch|p1a: Porygon-Z|Porygon-Z, L83|277/277\n|-damage|p1a: Porygon-Z|243/277|[from] Stealth Rock\n|-ability|p1a: Porygon-Z|Download|boost\n|-boost|p1a: Porygon-Z|atk|1\n|turn|21\n|\n|t:|1781383824\n|-terastallize|p1a: Porygon-Z|Ghost\n|move|p1a: Porygon-Z|Shadow Ball|p2a: Spectrier\n|-damage|p2a: Spectrier|0 fnt\n|faint|p2a: Spectrier\n|\n|upkeep\n|\n|t:|1781383837\n|switch|p2a: Dialga|Dialga-Origin, L73|216/266\n|-ability|p2a: Dialga|Pressure\n|turn|22\n|\n|t:|1781383848\n|switch|p1a: Ursaring|Ursaring, L84, M|288/288 slp\n|-damage|p1a: Ursaring|252/288 slp|[from] Stealth Rock\n|move|p2a: Dialga|Draco Meteor|p1a: Ursaring\n|-crit|p1a: Ursaring\n|-damage|p1a: Ursaring|66/288 slp\n|-unboost|p2a: Dialga|spa|2\n|\n|upkeep\n|turn|23\n|\n|t:|1781383857\n|switch|p2a: Scream Tail|Scream Tail, L84|265/330\n|cant|p1a: Ursaring|slp\n|move|p1a: Ursaring|Sleep Talk|p1a: Ursaring\n|move|p1a: Ursaring|Earthquake|p2a: Scream Tail|[from] move: Sleep Talk\n|-damage|p2a: Scream Tail|152/330\n|\n|upkeep\n|turn|24\n|\n|t:|1781383865\n|move|p2a: Scream Tail|Dazzling Gleam|p1a: Ursaring\n|-damage|p1a: Ursaring|21/288 slp\n|cant|p1a: Ursaring|slp\n|move|p1a: Ursaring|Sleep Talk|p1a: Ursaring\n|move|p1a: Ursaring|Body Slam|p2a: Scream Tail|[from] move: Sleep Talk\n|-damage|p2a: Scream Tail|7/330\n|-status|p2a: Scream Tail|par\n|\n|upkeep\n|turn|25\n|\n|t:|1781383879\n|-end|p2a: Scream Tail|Protosynthesis|[silent]\n|switch|p2a: Dialga|Dialga-Origin, L73|216/266\n|-ability|p2a: Dialga|Pressure\n|-curestatus|p1a: Ursaring|slp|[msg]\n|move|p1a: Ursaring|Earthquake|p2a: Dialga\n|-supereffective|p2a: Dialga\n|-damage|p2a: Dialga|42/266\n|\n|upkeep\n|turn|26\n|\n|t:|1781383888\n|move|p2a: Dialga|Flash Cannon|p1a: Ursaring\n|-damage|p1a: Ursaring|0 fnt\n|faint|p1a: Ursaring\n|\n|upkeep\n|\n|t:|1781383895\n|switch|p1a: Porygon-Z|Porygon-Z, L83, tera:Ghost|243/277\n|-damage|p1a: Porygon-Z|209/277|[from] Stealth Rock\n|-ability|p1a: Porygon-Z|Download|boost\n|-boost|p1a: Porygon-Z|spa|1\n|turn|27\n|-message|Just-Wuff forfeited.\n|\n|win|dawn505\n", "uploadtime": 1781383553, "views": 8, "formatid": "gen9randombattle", "rating": null, "private": 0, "password": null}