{"id": "gen9randombattle-2631838267", "format": "[Gen 9] Random Battle", "players": ["Jrekjje", "Aminator3000"], "log": "|j|\u2606Jrekjje\n|j|\u2606Aminator3000\n|t:|1781446542\n|gametype|singles\n|player|p1|Jrekjje|102|1914\n|player|p2|Aminator3000|266|1903\n|gen|9\n|tier|[Gen 9] Random Battle\n|rated|\n|rule|Species Clause: Limit one of each Pok\u00e9mon\n|rule|HP Percentage Mod: HP is shown in percentages\n|rule|Sleep Clause Mod: Limit one foe put to sleep\n|rule|Illusion Level Mod: Illusion disguises the Pok\u00e9mon's true level\n|\n|t:|1781446542\n|teamsize|p1|6\n|teamsize|p2|6\n|start\n|switch|p1a: Ludicolo|Ludicolo, L90, M|290/290\n|switch|p2a: Wigglytuff|Wigglytuff, L96, F|424/424\n|turn|1\n|inactive|Battle timer is ON: inactive players will automatically lose when time's up. (requested by Jrekjje)\n|\n|t:|1781446553\n|move|p1a: Ludicolo|Rain Dance|p1a: Ludicolo\n|-weather|RainDance\n|move|p2a: Wigglytuff|Thunder Wave|p1a: Ludicolo\n|-status|p1a: Ludicolo|par\n|\n|-weather|RainDance|[upkeep]\n|upkeep\n|turn|2\n|\n|t:|1781446559\n|move|p2a: Wigglytuff|Protect|p2a: Wigglytuff\n|-singleturn|p2a: Wigglytuff|Protect\n|cant|p1a: Ludicolo|par\n|\n|-weather|RainDance|[upkeep]\n|upkeep\n|turn|3\n|\n|t:|1781446564\n|move|p1a: Ludicolo|Hydro Pump|p2a: Wigglytuff\n|-damage|p2a: Wigglytuff|81/424\n|-damage|p1a: Ludicolo|261/290 par|[from] item: Life Orb\n|move|p2a: Wigglytuff|Wish|p2a: Wigglytuff\n|\n|-weather|RainDance|[upkeep]\n|-heal|p2a: Wigglytuff|107/424|[from] item: Leftovers\n|upkeep\n|turn|4\n|\n|t:|1781446572\n|move|p2a: Wigglytuff|Protect|p2a: Wigglytuff\n|-singleturn|p2a: Wigglytuff|Protect\n|move|p1a: Ludicolo|Giga Drain|p2a: Wigglytuff\n|-activate|p2a: Wigglytuff|move: Protect\n|\n|-weather|RainDance|[upkeep]\n|-heal|p2a: Wigglytuff|319/424|[from] move: Wish|[wisher] Wigglytuff\n|-heal|p2a: Wigglytuff|345/424|[from] item: Leftovers\n|upkeep\n|turn|5\n|\n|t:|1781446584\n|move|p1a: Ludicolo|Hydro Pump|p2a: Wigglytuff\n|-damage|p2a: Wigglytuff|0 fnt\n|faint|p2a: Wigglytuff\n|-damage|p1a: Ludicolo|232/290 par|[from] item: Life Orb\n|\n|-weather|none\n|upkeep\n|\n|t:|1781446598\n|switch|p2a: Meloetta|Meloetta, L82|298/298\n|turn|6\n|\n|t:|1781446608\n|switch|p1a: Solgaleo|Solgaleo, L74|325/325\n|move|p2a: Meloetta|Relic Song|p1a: Solgaleo\n|-resisted|p1a: Solgaleo\n|-damage|p1a: Solgaleo|255/325\n|-formechange|p2a: Meloetta|Meloetta-Pirouette|[msg]\n|-damage|p2a: Meloetta|269/298|[from] item: Life Orb\n|\n|-heal|p1a: Solgaleo|275/325|[from] item: Leftovers\n|upkeep\n|turn|7\n|\n|t:|1781446617\n|move|p2a: Meloetta|Knock Off|p1a: Solgaleo\n|-supereffective|p1a: Solgaleo\n|-damage|p1a: Solgaleo|75/325\n|-enditem|p1a: Solgaleo|Leftovers|[from] move: Knock Off|[of] p2a: Meloetta\n|-damage|p2a: Meloetta|240/298|[from] item: Life Orb\n|move|p1a: Solgaleo|Sunsteel Strike|p2a: Meloetta\n|-damage|p2a: Meloetta|129/298\n|\n|upkeep\n|turn|8\n|\n|t:|1781446627\n|move|p2a: Meloetta|Knock Off|p1a: Solgaleo\n|-supereffective|p1a: Solgaleo\n|-damage|p1a: Solgaleo|0 fnt\n|faint|p1a: Solgaleo\n|-damage|p2a: Meloetta|100/298|[from] item: Life Orb\n|\n|upkeep\n|\n|t:|1781446645\n|switch|p1a: Mamoswine|Mamoswine, L81, F|311/311\n|turn|9\n|\n|t:|1781446654\n|-terastallize|p1a: Mamoswine|Ice\n|move|p1a: Mamoswine|Ice Shard|p2a: Meloetta\n|-damage|p2a: Meloetta|12/298\n|-damage|p1a: Mamoswine|280/311|[from] item: Life Orb\n|move|p2a: Meloetta|Close Combat|p1a: Mamoswine\n|-supereffective|p1a: Mamoswine\n|-damage|p1a: Mamoswine|0 fnt\n|-unboost|p2a: Meloetta|def|1\n|-unboost|p2a: Meloetta|spd|1\n|faint|p1a: Mamoswine\n|-damage|p2a: Meloetta|0 fnt|[from] item: Life Orb\n|faint|p2a: Meloetta\n|\n|upkeep\n|\n|t:|1781446675\n|switch|p2a: Zacian|Zacian-Crowned, L64|225/225\n|switch|p1a: Sudowoodo|Sudowoodo, L94, M|284/284\n|-ability|p2a: Zacian|Intrepid Sword|boost\n|-boost|p2a: Zacian|atk|1\n|turn|10\n|\n|t:|1781446682\n|switch|p1a: Ludicolo|Ludicolo, L90, M|232/290 par\n|move|p2a: Zacian|Behemoth Blade|p1a: Ludicolo\n|-resisted|p1a: Ludicolo\n|-damage|p1a: Ludicolo|162/290 par\n|\n|upkeep\n|turn|11\n|\n|t:|1781446693\n|move|p2a: Zacian|Close Combat|p1a: Ludicolo\n|-damage|p1a: Ludicolo|54/290 par\n|-unboost|p2a: Zacian|def|1\n|-unboost|p2a: Zacian|spd|1\n|move|p1a: Ludicolo|Hydro Pump|p2a: Zacian|[miss]\n|-miss|p1a: Ludicolo|p2a: Zacian\n|\n|upkeep\n|turn|12\n|\n|t:|1781446701\n|move|p2a: Zacian|Close Combat|p1a: Ludicolo\n|-damage|p1a: Ludicolo|0 fnt\n|-unboost|p2a: Zacian|def|1\n|-unboost|p2a: Zacian|spd|1\n|faint|p1a: Ludicolo\n|\n|upkeep\n|\n|t:|1781446708\n|switch|p1a: Kleavor|Kleavor, L78, F|237/237\n|turn|13\n|\n|t:|1781446714\n|move|p2a: Zacian|Behemoth Blade|p1a: Kleavor\n|-supereffective|p1a: Kleavor\n|-damage|p1a: Kleavor|0 fnt\n|faint|p1a: Kleavor\n|\n|upkeep\n|\n|t:|1781446718\n|switch|p1a: Cyclizar|Cyclizar, L83, F|252/252\n|turn|14\n|\n|t:|1781446726\n|move|p1a: Cyclizar|Shed Tail|p1a: Cyclizar\n|-start|p1a: Cyclizar|Substitute|[from] move: Shed Tail\n|-damage|p1a: Cyclizar|126/252\n|\n|t:|1781446728\n|switch|p1a: Sudowoodo|Sudowoodo, L94, M|284/284|[from] Shed Tail\n|move|p2a: Zacian|Play Rough|p1a: Sudowoodo\n|-end|p1a: Sudowoodo|Substitute\n|\n|upkeep\n|turn|15\n|\n|t:|1781446734\n|move|p1a: Sudowoodo|Sucker Punch|p2a: Zacian\n|-resisted|p2a: Zacian\n|-damage|p2a: Zacian|124/225\n|move|p2a: Zacian|Behemoth Blade|p1a: Sudowoodo\n|-supereffective|p1a: Sudowoodo\n|-damage|p1a: Sudowoodo|98/284\n|\n|upkeep\n|turn|16\n|\n|t:|1781446741\n|move|p1a: Sudowoodo|Sucker Punch|p2a: Zacian\n|-resisted|p2a: Zacian\n|-damage|p2a: Zacian|31/225\n|move|p2a: Zacian|Behemoth Blade|p1a: Sudowoodo\n|-supereffective|p1a: Sudowoodo\n|-damage|p1a: Sudowoodo|0 fnt\n|faint|p1a: Sudowoodo\n|\n|upkeep\n|\n|t:|1781446745\n|switch|p1a: Cyclizar|Cyclizar, L83, F|210/252\n|turn|17\n|\n|t:|1781446750\n|move|p1a: Cyclizar|Knock Off|p2a: Zacian\n|-resisted|p2a: Zacian\n|-crit|p2a: Zacian\n|-damage|p2a: Zacian|0 fnt\n|faint|p2a: Zacian\n|\n|upkeep\n|\n|t:|1781446757\n|switch|p2a: Hitmontop|Hitmontop, L88, M|231/231\n|turn|18\n|\n|t:|1781446764\n|move|p1a: Cyclizar|Draco Meteor|p2a: Hitmontop\n|-damage|p2a: Hitmontop|128/231\n|-unboost|p1a: Cyclizar|spa|2\n|move|p2a: Hitmontop|Triple Axel|p1a: Cyclizar|[miss]\n|-miss|p2a: Hitmontop|p1a: Cyclizar\n|\n|-heal|p2a: Hitmontop|142/231|[from] item: Leftovers\n|upkeep\n|turn|19\n|\n|t:|1781446778\n|move|p1a: Cyclizar|Knock Off|p2a: Hitmontop\n|-resisted|p2a: Hitmontop\n|-damage|p2a: Hitmontop|113/231\n|-enditem|p2a: Hitmontop|Leftovers|[from] move: Knock Off|[of] p1a: Cyclizar\n|move|p2a: Hitmontop|Triple Axel|p1a: Cyclizar\n|-supereffective|p1a: Cyclizar\n|-damage|p1a: Cyclizar|154/252\n|-supereffective|p1a: Cyclizar\n|-damage|p1a: Cyclizar|32/252\n|-supereffective|p1a: Cyclizar\n|-damage|p1a: Cyclizar|0 fnt\n|faint|p1a: Cyclizar\n|-hitcount|p1: Cyclizar|3\n|\n|win|Aminator3000\n", "uploadtime": 1781446543, "views": 5, "formatid": "gen9randombattle", "rating": null, "private": 0, "password": null}