{"id": "gen9randombattle-2631646930", "format": "[Gen 9] Random Battle", "players": ["Sushi4928", "xxzfn"], "log": "|j|\u2606Sushi4928\n|j|\u2606xxzfn\n|t:|1781414345\n|gametype|singles\n|player|p1|Sushi4928|266|2077\n|player|p2|xxzfn|2|2187\n|gen|9\n|tier|[Gen 9] Random Battle\n|rated|\n|rule|Species Clause: Limit one of each Pok\u00e9mon\n|rule|HP Percentage Mod: HP is shown in percentages\n|rule|Sleep Clause Mod: Limit one foe put to sleep\n|rule|Illusion Level Mod: Illusion disguises the Pok\u00e9mon's true level\n|\n|t:|1781414345\n|teamsize|p1|6\n|teamsize|p2|6\n|start\n|switch|p1a: Regigigas|Regigigas, L84|322/322\n|switch|p2a: Oinkologne|Oinkologne-F, L92, F|361/361\n|-start|p1a: Regigigas|ability: Slow Start\n|turn|1\n|inactive|Battle timer is ON: inactive players will automatically lose when time's up. (requested by Sushi4928)\n|inactive|xxzfn also wants the timer to be on.\n|\n|t:|1781414354\n|switch|p1a: Virizion|Virizion, L82|283/283\n|move|p2a: Oinkologne|Curse|p2a: Oinkologne\n|-unboost|p2a: Oinkologne|spe|1\n|-boost|p2a: Oinkologne|atk|1\n|-boost|p2a: Oinkologne|def|1\n|\n|upkeep\n|turn|2\n|\n|t:|1781414357\n|move|p1a: Virizion|Swords Dance|p1a: Virizion\n|-boost|p1a: Virizion|atk|2\n|move|p2a: Oinkologne|Body Slam|p1a: Virizion\n|-damage|p1a: Virizion|114/283\n|\n|upkeep\n|turn|3\n|\n|t:|1781414359\n|move|p1a: Virizion|Close Combat|p2a: Oinkologne\n|-supereffective|p2a: Oinkologne\n|-damage|p2a: Oinkologne|0 fnt\n|-unboost|p1a: Virizion|def|1\n|-unboost|p1a: Virizion|spd|1\n|faint|p2a: Oinkologne\n|-damage|p1a: Virizion|86/283|[from] item: Life Orb\n|\n|upkeep\n|\n|t:|1781414363\n|switch|p2a: Ditto|Ditto, L87|225/225\n|-transform|p2a: Ditto|p1a: Virizion|[from] ability: Imposter\n|turn|4\n|\n|t:|1781414374\n|move|p2a: Ditto|Leaf Blade|p1a: Virizion\n|-resisted|p1a: Virizion\n|-crit|p1a: Virizion\n|-damage|p1a: Virizion|0 fnt\n|faint|p1a: Virizion\n|\n|upkeep\n|\n|t:|1781414377\n|switch|p1a: Salazzle|Salazzle, L83, F|249/249\n|turn|5\n|\n|t:|1781414382\n|switch|p2a: Gothitelle|Gothitelle, L90, M|272/272\n|move|p1a: Salazzle|Substitute|p1a: Salazzle\n|-start|p1a: Salazzle|Substitute\n|-damage|p1a: Salazzle|187/249\n|\n|-heal|p1a: Salazzle|202/249|[from] item: Leftovers\n|upkeep\n|turn|6\n|\n|t:|1781414385\n|move|p1a: Salazzle|Protect|p1a: Salazzle\n|-singleturn|p1a: Salazzle|Protect\n|move|p2a: Gothitelle|Psychic|p1a: Salazzle\n|-activate|p1a: Salazzle|move: Protect\n|\n|-heal|p1a: Salazzle|217/249|[from] item: Leftovers\n|upkeep\n|turn|7\n|\n|t:|1781414387\n|move|p2a: Gothitelle|Psychic|p1a: Salazzle\n|-supereffective|p1a: Salazzle\n|-end|p1a: Salazzle|Substitute\n|move|p1a: Salazzle|Toxic|p2a: Gothitelle\n|-status|p2a: Gothitelle|tox\n|\n|-heal|p1a: Salazzle|232/249|[from] item: Leftovers\n|-damage|p2a: Gothitelle|255/272 tox|[from] psn\n|upkeep\n|turn|8\n|\n|t:|1781414390\n|move|p1a: Salazzle|Protect|p1a: Salazzle\n|-singleturn|p1a: Salazzle|Protect\n|move|p2a: Gothitelle|Psychic|p1a: Salazzle\n|-activate|p1a: Salazzle|move: Protect\n|\n|-heal|p1a: Salazzle|247/249|[from] item: Leftovers\n|-damage|p2a: Gothitelle|221/272 tox|[from] psn\n|upkeep\n|turn|9\n|\n|t:|1781414395\n|move|p2a: Gothitelle|Psychic|p1a: Salazzle\n|-supereffective|p1a: Salazzle\n|-damage|p1a: Salazzle|0 fnt\n|faint|p1a: Salazzle\n|\n|-damage|p2a: Gothitelle|170/272 tox|[from] psn\n|upkeep\n|\n|t:|1781414398\n|switch|p1a: Lokix|Lokix, L82, F|251/251\n|turn|10\n|\n|t:|1781414404\n|switch|p2a: Donphan|Donphan, L84, F|288/288\n|move|p1a: Lokix|U-turn|p2a: Donphan\n|-damage|p2a: Donphan|222/288\n|\n|t:|1781414407\n|switch|p1a: Regigigas|Regigigas, L84|322/322|[from] U-turn\n|-start|p1a: Regigigas|ability: Slow Start\n|\n|-heal|p2a: Donphan|240/288|[from] item: Leftovers\n|upkeep\n|turn|11\n|\n|t:|1781414410\n|move|p2a: Donphan|Stealth Rock|p1a: Regigigas\n|-sidestart|p1: Sushi4928|move: Stealth Rock\n|move|p1a: Regigigas|Substitute|p1a: Regigigas\n|-start|p1a: Regigigas|Substitute\n|-damage|p1a: Regigigas|242/322\n|\n|-heal|p2a: Donphan|258/288|[from] item: Leftovers\n|-heal|p1a: Regigigas|262/322|[from] item: Leftovers\n|upkeep\n|turn|12\n|\n|t:|1781414412\n|move|p1a: Regigigas|Protect|p1a: Regigigas\n|-singleturn|p1a: Regigigas|Protect\n|move|p2a: Donphan|Knock Off|p1a: Regigigas\n|-activate|p1a: Regigigas|move: Protect\n|\n|-heal|p2a: Donphan|276/288|[from] item: Leftovers\n|-heal|p1a: Regigigas|282/322|[from] item: Leftovers\n|upkeep\n|turn|13\n|\n|t:|1781414414\n|move|p2a: Donphan|Knock Off|p1a: Regigigas\n|-activate|p1a: Regigigas|move: Substitute|[damage]\n|move|p1a: Regigigas|Knock Off|p2a: Donphan\n|-damage|p2a: Donphan|236/288\n|-enditem|p2a: Donphan|Leftovers|[from] move: Knock Off|[of] p1a: Regigigas\n|\n|-heal|p1a: Regigigas|302/322|[from] item: Leftovers\n|upkeep\n|turn|14\n|\n|t:|1781414417\n|move|p1a: Regigigas|Protect|p1a: Regigigas\n|-singleturn|p1a: Regigigas|Protect\n|move|p2a: Donphan|Earthquake|p1a: Regigigas\n|-activate|p1a: Regigigas|move: Protect\n|\n|-heal|p1a: Regigigas|322/322|[from] item: Leftovers\n|upkeep\n|turn|15\n|\n|t:|1781414418\n|move|p2a: Donphan|Earthquake|p1a: Regigigas\n|-end|p1a: Regigigas|Substitute\n|move|p1a: Regigigas|Substitute|p1a: Regigigas\n|-start|p1a: Regigigas|Substitute\n|-damage|p1a: Regigigas|242/322\n|\n|-heal|p1a: Regigigas|262/322|[from] item: Leftovers\n|-end|p1a: Regigigas|Slow Start\n|upkeep\n|turn|16\n|\n|t:|1781414424\n|move|p1a: Regigigas|Protect|p1a: Regigigas\n|-singleturn|p1a: Regigigas|Protect\n|move|p2a: Donphan|Earthquake|p1a: Regigigas\n|-activate|p1a: Regigigas|move: Protect\n|\n|-heal|p1a: Regigigas|282/322|[from] item: Leftovers\n|upkeep\n|turn|17\n|\n|t:|1781414427\n|move|p1a: Regigigas|Body Slam|p2a: Donphan\n|-damage|p2a: Donphan|134/288\n|-status|p2a: Donphan|par\n|move|p2a: Donphan|Earthquake|p1a: Regigigas\n|-end|p1a: Regigigas|Substitute\n|\n|-heal|p1a: Regigigas|302/322|[from] item: Leftovers\n|upkeep\n|turn|18\n|\n|t:|1781414432\n|move|p1a: Regigigas|Substitute|p1a: Regigigas\n|-start|p1a: Regigigas|Substitute\n|-damage|p1a: Regigigas|222/322\n|move|p2a: Donphan|Earthquake|p1a: Regigigas\n|-end|p1a: Regigigas|Substitute\n|\n|-heal|p1a: Regigigas|242/322|[from] item: Leftovers\n|upkeep\n|turn|19\n|\n|t:|1781414434\n|move|p1a: Regigigas|Protect|p1a: Regigigas\n|-singleturn|p1a: Regigigas|Protect\n|cant|p2a: Donphan|par\n|\n|-heal|p1a: Regigigas|262/322|[from] item: Leftovers\n|upkeep\n|turn|20\n|\n|t:|1781414435\n|move|p1a: Regigigas|Substitute|p1a: Regigigas\n|-start|p1a: Regigigas|Substitute\n|-damage|p1a: Regigigas|182/322\n|move|p2a: Donphan|Earthquake|p1a: Regigigas\n|-end|p1a: Regigigas|Substitute\n|\n|-heal|p1a: Regigigas|202/322|[from] item: Leftovers\n|upkeep\n|turn|21\n|\n|t:|1781414439\n|move|p1a: Regigigas|Protect|p1a: Regigigas\n|-singleturn|p1a: Regigigas|Protect\n|move|p2a: Donphan|Earthquake|p1a: Regigigas\n|-activate|p1a: Regigigas|move: Protect\n|\n|-heal|p1a: Regigigas|222/322|[from] item: Leftovers\n|upkeep\n|turn|22\n|\n|t:|1781414441\n|move|p1a: Regigigas|Body Slam|p2a: Donphan\n|-damage|p2a: Donphan|23/288 par\n|move|p2a: Donphan|Earthquake|p1a: Regigigas\n|-damage|p1a: Regigigas|108/322\n|\n|-heal|p1a: Regigigas|128/322|[from] item: Leftovers\n|upkeep\n|turn|23\n|\n|t:|1781414443\n|move|p1a: Regigigas|Protect|p1a: Regigigas\n|-singleturn|p1a: Regigigas|Protect\n|move|p2a: Donphan|Knock Off|p1a: Regigigas\n|-activate|p1a: Regigigas|move: Protect\n|\n|-heal|p1a: Regigigas|148/322|[from] item: Leftovers\n|upkeep\n|turn|24\n|\n|t:|1781414445\n|move|p1a: Regigigas|Body Slam|p2a: Donphan\n|-damage|p2a: Donphan|0 fnt\n|faint|p2a: Donphan\n|\n|-heal|p1a: Regigigas|168/322|[from] item: Leftovers\n|upkeep\n|\n|t:|1781414455\n|switch|p2a: Gothitelle|Gothitelle, L90, M|170/272 tox\n|turn|25\n|\n|t:|1781414458\n|move|p1a: Regigigas|Protect|p1a: Regigigas\n|-singleturn|p1a: Regigigas|Protect\n|move|p2a: Gothitelle|Trick|p1a: Regigigas\n|-activate|p1a: Regigigas|move: Protect\n|\n|-heal|p1a: Regigigas|188/322|[from] item: Leftovers\n|-damage|p2a: Gothitelle|153/272 tox|[from] psn\n|upkeep\n|turn|26\n|\n|t:|1781414463\n|move|p2a: Gothitelle|Trick|p1a: Regigigas\n|-activate|p2a: Gothitelle|move: Trick|[of] p1a: Regigigas\n|-item|p1a: Regigigas|Choice Scarf|[from] move: Trick\n|-item|p2a: Gothitelle|Leftovers|[from] move: Trick\n|move|p1a: Regigigas|Body Slam|p2a: Gothitelle\n|-damage|p2a: Gothitelle|35/272 tox\n|\n|-heal|p2a: Gothitelle|52/272 tox|[from] item: Leftovers\n|-damage|p2a: Gothitelle|18/272 tox|[from] psn\n|upkeep\n|turn|27\n|\n|t:|1781414468\n|move|p1a: Regigigas|Body Slam|p2a: Gothitelle\n|-crit|p2a: Gothitelle\n|-damage|p2a: Gothitelle|0 fnt\n|faint|p2a: Gothitelle\n|\n|upkeep\n|\n|t:|1781414470\n|switch|p2a: Registeel|Registeel, L81|262/262\n|turn|28\n|\n|t:|1781414475\n|move|p1a: Regigigas|Body Slam|p2a: Registeel\n|-resisted|p2a: Registeel\n|-damage|p2a: Registeel|214/262\n|move|p2a: Registeel|Iron Defense|p2a: Registeel\n|-boost|p2a: Registeel|def|2\n|\n|upkeep\n|turn|29\n|\n|t:|1781414478\n|switch|p1a: Maushold|Maushold, L76|238/238\n|-damage|p1a: Maushold|209/238|[from] Stealth Rock\n|move|p2a: Registeel|Iron Defense|p2a: Registeel\n|-boost|p2a: Registeel|def|2\n|\n|upkeep\n|turn|30\n|\n|t:|1781414487\n|switch|p2a: Ditto|Ditto, L87|225/225\n|-transform|p2a: Ditto|p1a: Maushold|[from] ability: Imposter\n|move|p1a: Maushold|Population Bomb|p2a: Ditto\n|-damage|p2a: Ditto|197/225\n|-damage|p2a: Ditto|170/225\n|-damage|p2a: Ditto|140/225\n|-damage|p2a: Ditto|112/225\n|-damage|p2a: Ditto|81/225\n|-damage|p2a: Ditto|50/225\n|-damage|p2a: Ditto|22/225\n|-damage|p2a: Ditto|0 fnt\n|faint|p2a: Ditto\n|-hitcount|p2: Ditto|8\n|\n|upkeep\n|\n|t:|1781414491\n|switch|p2a: Gouging Fire|Gouging Fire, L74|277/277\n|turn|31\n|\n|t:|1781414494\n|move|p1a: Maushold|Tidy Up|p1a: Maushold\n|-sideend|p1: Sushi4928|Stealth Rock\n|-activate|p1a: Maushold|move: Tidy Up\n|-boost|p1a: Maushold|atk|1\n|-boost|p1a: Maushold|spe|1\n|move|p2a: Gouging Fire|Heat Crash|p1a: Maushold\n|-damage|p1a: Maushold|62/238\n|\n|upkeep\n|turn|32\n|\n|t:|1781414498\n|move|p1a: Maushold|Population Bomb|p2a: Gouging Fire\n|-crit|p2a: Gouging Fire\n|-damage|p2a: Gouging Fire|231/277\n|-damage|p2a: Gouging Fire|204/277\n|-damage|p2a: Gouging Fire|177/277\n|-damage|p2a: Gouging Fire|146/277\n|-damage|p2a: Gouging Fire|115/277\n|-damage|p2a: Gouging Fire|82/277\n|-damage|p2a: Gouging Fire|51/277\n|-damage|p2a: Gouging Fire|20/277\n|-damage|p2a: Gouging Fire|0 fnt\n|faint|p2a: Gouging Fire\n|-end|p2a: Gouging Fire|Protosynthesis|[silent]\n|-hitcount|p2: Gouging Fire|9\n|\n|upkeep\n|\n|t:|1781414500\n|switch|p2a: Registeel|Registeel, L81|214/262\n|turn|33\n|\n|t:|1781414502\n|-terastallize|p1a: Maushold|Normal\n|move|p1a: Maushold|Population Bomb|p2a: Registeel\n|-resisted|p2a: Registeel\n|-damage|p2a: Registeel|199/262\n|-resisted|p2a: Registeel\n|-damage|p2a: Registeel|185/262\n|-resisted|p2a: Registeel\n|-damage|p2a: Registeel|171/262\n|-resisted|p2a: Registeel\n|-damage|p2a: Registeel|155/262\n|-resisted|p2a: Registeel\n|-damage|p2a: Registeel|139/262\n|-resisted|p2a: Registeel\n|-damage|p2a: Registeel|125/262\n|-resisted|p2a: Registeel\n|-damage|p2a: Registeel|109/262\n|-resisted|p2a: Registeel\n|-damage|p2a: Registeel|94/262\n|-resisted|p2a: Registeel\n|-damage|p2a: Registeel|80/262\n|-resisted|p2a: Registeel\n|-damage|p2a: Registeel|66/262\n|-hitcount|p2a: Registeel|10\n|move|p2a: Registeel|Iron Head|p1a: Maushold\n|-damage|p1a: Maushold|0 fnt\n|faint|p1a: Maushold\n|\n|upkeep\n|\n|t:|1781414508\n|switch|p1a: Kommo-o|Kommo-o, L78, M|245/245\n|turn|34\n|\n|t:|1781414511\n|-terastallize|p2a: Registeel|Fighting\n|move|p1a: Kommo-o|Drain Punch|p2a: Registeel\n|-damage|p2a: Registeel|17/262\n|move|p2a: Registeel|Rest|p2a: Registeel\n|-status|p2a: Registeel|slp|[from] move: Rest\n|-heal|p2a: Registeel|262/262 slp|[silent]\n|-enditem|p2a: Registeel|Chesto Berry|[eat]\n|-curestatus|p2a: Registeel|slp|[msg]\n|\n|upkeep\n|turn|35\n|\n|t:|1781414515\n|move|p1a: Kommo-o|Clangorous Soul|p1a: Kommo-o\n|-boost|p1a: Kommo-o|atk|1\n|-boost|p1a: Kommo-o|def|1\n|-boost|p1a: Kommo-o|spa|1\n|-boost|p1a: Kommo-o|spd|1\n|-boost|p1a: Kommo-o|spe|1\n|-damage|p1a: Kommo-o|165/245\n|-enditem|p1a: Kommo-o|Throat Spray\n|-boost|p1a: Kommo-o|spa|1|[from] item: Throat Spray\n|move|p2a: Registeel|Iron Defense|p2a: Registeel\n|-boost|p2a: Registeel|def|2\n|\n|upkeep\n|turn|36\n|\n|t:|1781414519\n|move|p1a: Kommo-o|Clanging Scales|p2a: Registeel\n|-damage|p2a: Registeel|132/262\n|-unboost|p1a: Kommo-o|def|1\n|move|p2a: Registeel|Body Press|p1a: Kommo-o\n|-crit|p1a: Kommo-o\n|-damage|p1a: Kommo-o|0 fnt\n|faint|p1a: Kommo-o\n|\n|upkeep\n|\n|t:|1781414523\n|switch|p1a: Lokix|Lokix, L82, F|251/251\n|turn|37\n|\n|t:|1781414526\n|move|p1a: Lokix|Knock Off|p2a: Registeel\n|-resisted|p2a: Registeel\n|-damage|p2a: Registeel|108/262\n|move|p2a: Registeel|Body Press|p1a: Lokix\n|-damage|p1a: Lokix|0 fnt\n|faint|p1a: Lokix\n|\n|upkeep\n|\n|t:|1781414529\n|switch|p1a: Regigigas|Regigigas, L84|188/322\n|-start|p1a: Regigigas|ability: Slow Start\n|turn|38\n|\n|t:|1781414531\n|move|p1a: Regigigas|Body Slam|p2a: Registeel\n|-damage|p2a: Registeel|84/262\n|-status|p2a: Registeel|par\n|move|p2a: Registeel|Body Press|p1a: Regigigas\n|-supereffective|p1a: Regigigas\n|-damage|p1a: Regigigas|0 fnt\n|faint|p1a: Regigigas\n|-end|p1a: Regigigas|Slow Start|[silent]\n|\n|win|xxzfn\n", "inputlog": ">version a8376a258c1d4662feba110a92103f3664a72141\n>start {\"formatid\":\"gen9randombattle\",\"seed\":\"sodium,5e8dcd13d97fb45dc07abaa4f39f5121\",\"rated\":\"Rated battle\"}\n>player p1 {\"name\":\"Sushi4928\",\"avatar\":\"266\",\"rating\":2077,\"seed\":\"sodium,388921a4f58ce1abb27629e8ddf52861\"}\n>player p2 {\"name\":\"xxzfn\",\"avatar\":\"2\",\"rating\":2187,\"seed\":\"sodium,fa1dbff2e7c82667e30d272dc3d252ae\"}\n>p1 switch 3\n>p2 move curse\n>p1 move swordsdance\n>p2 move bodyslam\n>p1 move closecombat\n>p2 move bodyslam\n>p2 switch 3\n>p1 move closecombat\n>p2 move leafblade\n>p1 switch 2\n>p1 move substitute\n>p2 switch 6\n>p1 move protect\n>p2 move psychic\n>p1 move toxic\n>p2 move psychic\n>p1 move protect\n>p2 move psychic\n>p1 move flamethrower\n>p2 move psychic\n>p1 switch 6\n>p1 move uturn\n>p2 switch 5\n>p1 switch 3\n>p1 move substitute\n>p2 move stealthrock\n>p1 move protect\n>p2 move knockoff\n>p1 move knockoff\n>p2 move knockoff\n>p1 move protect\n>p2 move earthquake\n>p1 move substitute\n>p2 move earthquake\n>p1 move protect\n>p2 move earthquake\n>p1 move bodyslam\n>p2 move earthquake\n>p1 move substitute\n>p2 move earthquake\n>p1 move protect\n>p2 move earthquake\n>p1 move substitute\n>p2 move earthquake\n>p1 move protect\n>p2 move earthquake\n>p1 move bodyslam\n>p2 move earthquake\n>p1 move protect\n>p2 move knockoff\n>p1 move bodyslam\n>p2 move earthquake\n>p2 switch 5\n>p1 move protect\n>p2 move trick\n>p1 move bodyslam\n>p2 move trick\n>p1 move bodyslam\n>p2 move focusblast\n>p2 switch 2\n>p1 move bodyslam\n>p2 move irondefense\n>p1 switch 4\n>p2 move irondefense\n>p1 move populationbomb\n>p2 switch 6\n>p2 switch 4\n>p1 move tidyup\n>p2 move heatcrash\n>p1 move populationbomb\n>p2 move heatcrash\n>p2 switch 6\n>p1 move populationbomb terastallize\n>p2 move ironhead\n>p1 switch 5\n>p1 move drainpunch\n>p2 move rest terastallize\n>p1 move clangoroussoul\n>p2 move irondefense\n>p1 move clangingscales\n>p2 move bodypress\n>p1 switch 3\n>p1 move knockoff\n>p2 move bodypress\n>p1 switch 4\n>p1 move bodyslam\n>p2 move bodypress", "uploadtime": 1781414348, "views": 4, "formatid": "gen9randombattle", "rating": null, "private": 0, "password": null, "player_dets": [{"name": "Sushi4928", "avatar": "266", "rating": 2077, "seed": "sodium,388921a4f58ce1abb27629e8ddf52861"}, {"name": "xxzfn", "avatar": "2", "rating": 2187, "seed": "sodium,fa1dbff2e7c82667e30d272dc3d252ae"}], "teams_full": [{"Regigigas": {"name": "Regigigas", "species": "Regigigas", "speciesId": "regigigas", "gender": "N", "shiny": false, "level": 84, "moves": ["protect", "substitute", "knockoff", "bodyslam"], "ability": "Slow Start", "evs": {"hp": 85, "atk": 85, "def": 85, "spa": 85, "spd": 85, "spe": 85}, "ivs": {"hp": 31, "atk": 31, "def": 31, "spa": 31, "spd": 31, "spe": 31}, "item": "Leftovers", "teraType": "Poison", "role": "Bulky Attacker", "bvs": {"hp": 110, "atk": 160, "def": 110, "spa": 80, "spd": 110, "spe": 100}, "stats": {"hp": 322, "atk": 317, "def": 233, "spa": 183, "spd": 233, "spe": 216}}, "Salazzle": {"name": "Salazzle", "species": "Salazzle", "speciesId": "salazzle", "gender": "F", "shiny": false, "level": 83, "moves": ["protect", "toxic", "flamethrower", "substitute"], "ability": "Corrosion", "evs": {"hp": 85, "atk": 0, "def": 85, "spa": 85, "spd": 85, "spe": 85}, "ivs": {"hp": 31, "atk": 0, "def": 31, "spa": 31, "spd": 31, "spe": 31}, "item": "Leftovers", "teraType": "Flying", "role": "Fast Support", "bvs": {"hp": 68, "atk": 64, "def": 60, "spa": 111, "spd": 60, "spe": 117}, "stats": {"hp": 249, "atk": 111, "def": 147, "spa": 232, "spd": 147, "spe": 242}}, "Virizion": {"name": "Virizion", "species": "Virizion", "speciesId": "virizion", "gender": "N", "shiny": false, "level": 82, "moves": ["leafblade", "swordsdance", "closecombat", "stoneedge"], "ability": "Justified", "evs": {"hp": 85, "atk": 85, "def": 85, "spa": 85, "spd": 85, "spe": 85}, "ivs": {"hp": 31, "atk": 31, "def": 31, "spa": 31, "spd": 31, "spe": 31}, "item": "Life Orb", "teraType": "Rock", "role": "Setup Sweeper", "bvs": {"hp": 91, "atk": 90, "def": 72, "spa": 90, "spd": 129, "spe": 108}, "stats": {"hp": 283, "atk": 195, "def": 165, "spa": 195, "spd": 259, "spe": 224}}, "Maushold": {"name": "Maushold", "species": "Maushold", "speciesId": "maushold", "gender": "N", "shiny": false, "level": 76, "moves": ["bite", "encore", "tidyup", "populationbomb"], "ability": "Technician", "evs": {"hp": 85, "atk": 85, "def": 85, "spa": 85, "spd": 85, "spe": 85}, "ivs": {"hp": 31, "atk": 31, "def": 31, "spa": 31, "spd": 31, "spe": 31}, "item": "Wide Lens", "teraType": "Normal", "role": "Setup Sweeper", "bvs": {"hp": 74, "atk": 75, "def": 70, "spa": 65, "spd": 75, "spe": 111}, "stats": {"hp": 238, "atk": 158, "def": 150, "spa": 143, "spd": 158, "spe": 213}}, "Kommo-o": {"name": "Kommo-o", "species": "Kommo-o", "speciesId": "kommoo", "gender": "M", "shiny": false, "level": 78, "moves": ["clangingscales", "ironhead", "drainpunch", "clangoroussoul"], "ability": "Soundproof", "evs": {"hp": 85, "atk": 85, "def": 85, "spa": 85, "spd": 85, "spe": 85}, "ivs": {"hp": 31, "atk": 31, "def": 31, "spa": 31, "spd": 31, "spe": 31}, "item": "Throat Spray", "teraType": "Steel", "role": "Fast Bulky Setup", "bvs": {"hp": 75, "atk": 110, "def": 125, "spa": 100, "spd": 105, "spe": 85}, "stats": {"hp": 245, "atk": 217, "def": 240, "spa": 201, "spd": 209, "spe": 178}}, "Lokix": {"name": "Lokix", "species": "Lokix", "speciesId": "lokix", "gender": "F", "shiny": false, "level": 82, "moves": ["knockoff", "uturn", "suckerpunch", "firstimpression"], "ability": "Tinted Lens", "evs": {"hp": 85, "atk": 85, "def": 85, "spa": 85, "spd": 85, "spe": 85}, "ivs": {"hp": 31, "atk": 31, "def": 31, "spa": 31, "spd": 31, "spe": 31}, "item": "Silver Powder", "teraType": "Bug", "role": "Fast Attacker", "bvs": {"hp": 71, "atk": 102, "def": 78, "spa": 52, "spd": 55, "spe": 92}, "stats": {"hp": 251, "atk": 214, "def": 175, "spa": 132, "spd": 137, "spe": 198}}}, {"Oinkologne": {"name": "Oinkologne", "species": "Oinkologne-F", "speciesId": "oinkolognef", "gender": "F", "shiny": false, "level": 92, "moves": ["sleeptalk", "curse", "rest", "bodyslam"], "ability": "Aroma Veil", "evs": {"hp": 85, "atk": 85, "def": 85, "spa": 85, "spd": 85, "spe": 85}, "ivs": {"hp": 31, "atk": 31, "def": 31, "spa": 31, "spd": 31, "spe": 31}, "item": "Leftovers", "teraType": "Poison", "role": "Bulky Support", "bvs": {"hp": 115, "atk": 90, "def": 70, "spa": 59, "spd": 90, "spe": 65}, "stats": {"hp": 361, "atk": 218, "def": 181, "spa": 161, "spd": 218, "spe": 172}}, "Registeel": {"name": "Registeel", "species": "Registeel", "speciesId": "registeel", "gender": "N", "shiny": false, "level": 81, "moves": ["irondefense", "rest", "ironhead", "bodypress"], "ability": "Clear Body", "evs": {"hp": 85, "atk": 85, "def": 85, "spa": 85, "spd": 85, "spe": 85}, "ivs": {"hp": 31, "atk": 31, "def": 31, "spa": 31, "spd": 31, "spe": 31}, "item": "Chesto Berry", "teraType": "Fighting", "role": "Bulky Setup", "bvs": {"hp": 80, "atk": 75, "def": 150, "spa": 75, "spd": 150, "spe": 50}, "stats": {"hp": 262, "atk": 168, "def": 290, "spa": 168, "spd": 290, "spe": 128}}, "Ditto": {"name": "Ditto", "species": "Ditto", "speciesId": "ditto", "gender": "N", "shiny": false, "level": 87, "moves": ["transform"], "ability": "Imposter", "evs": {"hp": 85, "atk": 85, "def": 85, "spa": 85, "spd": 85, "spe": 85}, "ivs": {"hp": 31, "atk": 31, "def": 31, "spa": 31, "spd": 31, "spe": 31}, "item": "Choice Scarf", "teraType": "Steel", "role": "Fast Support", "bvs": {"hp": 48, "atk": 48, "def": 48, "spa": 48, "spd": 48, "spe": 48}, "stats": {"hp": 225, "atk": 133, "def": 133, "spa": 133, "spd": 133, "spe": 133}}, "Gouging Fire": {"name": "Gouging Fire", "species": "Gouging Fire", "speciesId": "gougingfire", "gender": "N", "shiny": false, "level": 74, "moves": ["dragondance", "earthquake", "outrage", "heatcrash"], "ability": "Protosynthesis", "evs": {"hp": 85, "atk": 85, "def": 85, "spa": 85, "spd": 85, "spe": 85}, "ivs": {"hp": 31, "atk": 31, "def": 31, "spa": 31, "spd": 31, "spe": 31}, "item": "Heavy-Duty Boots", "teraType": "Ground", "role": "Setup Sweeper", "bvs": {"hp": 105, "atk": 115, "def": 121, "spa": 65, "spd": 93, "spe": 91}, "stats": {"hp": 277, "atk": 213, "def": 222, "spa": 139, "spd": 181, "spe": 178}}, "Donphan": {"name": "Donphan", "species": "Donphan", "speciesId": "donphan", "gender": "F", "shiny": false, "level": 84, "moves": ["earthquake", "knockoff", "rapidspin", "stealthrock"], "ability": "Sturdy", "evs": {"hp": 85, "atk": 85, "def": 85, "spa": 85, "spd": 85, "spe": 85}, "ivs": {"hp": 31, "atk": 31, "def": 31, "spa": 31, "spd": 31, "spe": 31}, "item": "Leftovers", "teraType": "Water", "role": "Bulky Support", "bvs": {"hp": 90, "atk": 120, "def": 120, "spa": 60, "spd": 60, "spe": 50}, "stats": {"hp": 288, "atk": 250, "def": 250, "spa": 149, "spd": 149, "spe": 132}}, "Gothitelle": {"name": "Gothitelle", "species": "Gothitelle", "speciesId": "gothitelle", "gender": "M", "shiny": false, "level": 90, "moves": ["trick", "darkpulse", "focusblast", "psychic"], "ability": "Shadow Tag", "evs": {"hp": 85, "atk": 0, "def": 85, "spa": 85, "spd": 85, "spe": 85}, "ivs": {"hp": 31, "atk": 0, "def": 31, "spa": 31, "spd": 31, "spe": 31}, "item": "Choice Scarf", "teraType": "Ghost", "role": "Fast Attacker", "bvs": {"hp": 70, "atk": 55, "def": 95, "spa": 95, "spd": 110, "spe": 65}, "stats": {"hp": 272, "atk": 104, "def": 222, "spa": 222, "spd": 249, "spe": 168}}}]}