{"id": "gen9randombattle-2631508267", "format": "[Gen 9] Random Battle", "players": ["JhuniorCq", "greenfalcon81"], "log": "|j|\u2606JhuniorCq\n|j|\u2606greenfalcon81\n|t:|1781394106\n|gametype|singles\n|player|p1|JhuniorCq|2|1973\n|player|p2|greenfalcon81|101|1977\n|gen|9\n|tier|[Gen 9] Random Battle\n|rated|\n|rule|Species Clause: Limit one of each Pok\u00e9mon\n|rule|HP Percentage Mod: HP is shown in percentages\n|rule|Sleep Clause Mod: Limit one foe put to sleep\n|rule|Illusion Level Mod: Illusion disguises the Pok\u00e9mon's true level\n|\n|t:|1781394106\n|teamsize|p1|6\n|teamsize|p2|6\n|start\n|switch|p1a: Cryogonal|Cryogonal, L89|287/287\n|switch|p2a: Conkeldurr|Conkeldurr, L80, M|299/299\n|turn|1\n|\n|t:|1781394156\n|switch|p1a: Pelipper|Pelipper, L86, F|243/243\n|-weather|RainDance|[from] ability: Drizzle|[of] p1a: Pelipper\n|move|p2a: Conkeldurr|Close Combat|p1a: Pelipper\n|-resisted|p1a: Pelipper\n|-damage|p1a: Pelipper|177/243\n|-unboost|p2a: Conkeldurr|def|1\n|-unboost|p2a: Conkeldurr|spd|1\n|\n|-weather|RainDance|[upkeep]\n|-status|p2a: Conkeldurr|brn|[from] item: Flame Orb\n|upkeep\n|turn|2\n|\n|t:|1781394162\n|switch|p2a: Oinkologne|Oinkologne-F, L92, F|361/361\n|move|p1a: Pelipper|Weather Ball|p2a: Oinkologne\n|-damage|p2a: Oinkologne|144/361\n|\n|-weather|RainDance|[upkeep]\n|-heal|p2a: Oinkologne|166/361|[from] item: Leftovers\n|upkeep\n|turn|3\n|\n|t:|1781394169\n|move|p2a: Oinkologne|Double-Edge|p1a: Pelipper\n|-damage|p1a: Pelipper|54/243\n|-damage|p2a: Oinkologne|125/361|[from] Recoil\n|move|p1a: Pelipper|Weather Ball|p2a: Oinkologne\n|-damage|p2a: Oinkologne|0 fnt\n|faint|p2a: Oinkologne\n|\n|-weather|RainDance|[upkeep]\n|upkeep\n|\n|t:|1781394177\n|switch|p2a: Squawkabilly|Squawkabilly, L85, M|278/278\n|turn|4\n|\n|t:|1781394187\n|move|p2a: Squawkabilly|Facade|p1a: Pelipper\n|-damage|p1a: Pelipper|0 fnt\n|faint|p1a: Pelipper\n|\n|-weather|RainDance|[upkeep]\n|-status|p2a: Squawkabilly|brn|[from] item: Flame Orb\n|upkeep\n|inactive|Battle timer is ON: inactive players will automatically lose when time's up. (requested by greenfalcon81)\n|\n|t:|1781394217\n|switch|p1a: Electrode|Electrode, L92|260/260\n|turn|5\n|\n|t:|1781394221\n|switch|p2a: Raikou|Raikou, L81|278/278\n|-ability|p2a: Raikou|Pressure\n|move|p1a: Electrode|Thunderbolt|p2a: Raikou\n|-resisted|p2a: Raikou\n|-damage|p2a: Raikou|220/278\n|-damage|p1a: Electrode|234/260|[from] item: Life Orb\n|\n|-weather|none\n|-heal|p2a: Raikou|237/278|[from] item: Leftovers\n|upkeep\n|turn|6\n|\n|t:|1781394231\n|switch|p1a: Cryogonal|Cryogonal, L89|287/287\n|move|p2a: Raikou|Scald|p1a: Cryogonal\n|-damage|p1a: Cryogonal|244/287\n|-status|p1a: Cryogonal|brn\n|\n|-heal|p2a: Raikou|254/278|[from] item: Leftovers\n|-damage|p1a: Cryogonal|227/287 brn|[from] brn\n|upkeep\n|turn|7\n|\n|t:|1781394243\n|switch|p1a: Rampardos|Rampardos, L90, M|321/321\n|switch|p2a: Infernape|Infernape, L82, M|259/259\n|\n|upkeep\n|turn|8\n|\n|t:|1781394249\n|switch|p1a: Golurk|Golurk, L87|297/297\n|move|p2a: Infernape|Close Combat|p1a: Golurk\n|-immune|p1a: Golurk\n|\n|upkeep\n|turn|9\n|\n|t:|1781394260\n|switch|p2a: Persian|Persian-Alola, L86, M|252/252\n|move|p1a: Golurk|Dynamic Punch|p2a: Persian\n|-supereffective|p2a: Persian\n|-damage|p2a: Persian|70/252\n|-start|p2a: Persian|confusion\n|\n|-heal|p2a: Persian|85/252|[from] item: Leftovers\n|upkeep\n|turn|10\n|\n|t:|1781394283\n|switch|p1a: Cryogonal|Cryogonal, L89|227/287 brn\n|-activate|p2a: Persian|confusion\n|-damage|p2a: Persian|64/252|[from] confusion\n|\n|-heal|p2a: Persian|79/252|[from] item: Leftovers\n|-damage|p1a: Cryogonal|210/287 brn|[from] brn\n|upkeep\n|turn|11\n|\n|t:|1781394288\n|switch|p2a: Raikou|Raikou, L81|254/278\n|-ability|p2a: Raikou|Pressure\n|move|p1a: Cryogonal|Ice Beam|p2a: Raikou\n|-damage|p2a: Raikou|160/278\n|\n|-heal|p2a: Raikou|177/278|[from] item: Leftovers\n|-damage|p1a: Cryogonal|193/287 brn|[from] brn\n|upkeep\n|turn|12\n|\n|t:|1781394294\n|move|p1a: Cryogonal|Ice Beam|p2a: Raikou\n|-damage|p2a: Raikou|83/278\n|move|p2a: Raikou|Thunderbolt|p1a: Cryogonal\n|-damage|p1a: Cryogonal|121/287 brn\n|\n|-heal|p2a: Raikou|100/278|[from] item: Leftovers\n|-damage|p1a: Cryogonal|104/287 brn|[from] brn\n|upkeep\n|turn|13\n|\n|t:|1781394298\n|move|p1a: Cryogonal|Recover|p1a: Cryogonal\n|-heal|p1a: Cryogonal|248/287 brn\n|move|p2a: Raikou|Calm Mind|p2a: Raikou\n|-boost|p2a: Raikou|spa|1\n|-boost|p2a: Raikou|spd|1\n|\n|-heal|p2a: Raikou|117/278|[from] item: Leftovers\n|-damage|p1a: Cryogonal|231/287 brn|[from] brn\n|upkeep\n|turn|14\n|\n|t:|1781394302\n|move|p1a: Cryogonal|Ice Beam|p2a: Raikou\n|-damage|p2a: Raikou|53/278\n|move|p2a: Raikou|Thunderbolt|p1a: Cryogonal\n|-damage|p1a: Cryogonal|131/287 brn\n|\n|-heal|p2a: Raikou|70/278|[from] item: Leftovers\n|-damage|p1a: Cryogonal|114/287 brn|[from] brn\n|upkeep\n|turn|15\n|\n|t:|1781394314\n|switch|p2a: Infernape|Infernape, L82, M|259/259\n|move|p1a: Cryogonal|Ice Beam|p2a: Infernape\n|-resisted|p2a: Infernape\n|-damage|p2a: Infernape|195/259\n|\n|-damage|p1a: Cryogonal|97/287 brn|[from] brn\n|upkeep\n|turn|16\n|\n|t:|1781394321\n|move|p1a: Cryogonal|Tera Blast|p2a: Infernape\n|-damage|p2a: Infernape|126/259\n|move|p2a: Infernape|Flare Blitz|p1a: Cryogonal\n|-supereffective|p1a: Cryogonal\n|-damage|p1a: Cryogonal|0 fnt\n|faint|p1a: Cryogonal\n|-damage|p2a: Infernape|94/259|[from] Recoil\n|\n|upkeep\n|\n|t:|1781394330\n|switch|p1a: Drednaw|Drednaw, L81, F|278/278\n|turn|17\n|\n|t:|1781394334\n|switch|p2a: Persian|Persian-Alola, L86, M|79/252\n|move|p1a: Drednaw|Shell Smash|p1a: Drednaw\n|-unboost|p1a: Drednaw|def|1\n|-unboost|p1a: Drednaw|spd|1\n|-boost|p1a: Drednaw|atk|2\n|-boost|p1a: Drednaw|spa|2\n|-boost|p1a: Drednaw|spe|2\n|-enditem|p1a: Drednaw|White Herb\n|-clearnegativeboost|p1a: Drednaw|[silent]\n|\n|-heal|p2a: Persian|94/252|[from] item: Leftovers\n|upkeep\n|turn|18\n|\n|t:|1781394344\n|move|p1a: Drednaw|Liquidation|p2a: Persian\n|-damage|p2a: Persian|0 fnt\n|faint|p2a: Persian\n|\n|upkeep\n|\n|t:|1781394348\n|switch|p2a: Conkeldurr|Conkeldurr, L80, M|299/299 brn\n|turn|19\n|\n|t:|1781394377\n|move|p1a: Drednaw|Liquidation|p2a: Conkeldurr\n|-damage|p2a: Conkeldurr|106/299 brn\n|-unboost|p2a: Conkeldurr|def|1\n|move|p2a: Conkeldurr|Knock Off|p1a: Drednaw\n|-damage|p1a: Drednaw|189/278\n|\n|-damage|p2a: Conkeldurr|88/299 brn|[from] brn\n|upkeep\n|turn|20\n|\n|t:|1781394381\n|move|p2a: Conkeldurr|Mach Punch|p1a: Drednaw\n|-supereffective|p1a: Drednaw\n|-damage|p1a: Drednaw|21/278\n|move|p1a: Drednaw|Liquidation|p2a: Conkeldurr\n|-damage|p2a: Conkeldurr|0 fnt\n|faint|p2a: Conkeldurr\n|\n|upkeep\n|\n|t:|1781394385\n|switch|p2a: Squawkabilly|Squawkabilly, L85, M|278/278 brn\n|turn|21\n|\n|t:|1781394401\n|move|p2a: Squawkabilly|Quick Attack|p1a: Drednaw\n|-resisted|p1a: Drednaw\n|-damage|p1a: Drednaw|0 fnt\n|faint|p1a: Drednaw\n|\n|-damage|p2a: Squawkabilly|261/278 brn|[from] brn\n|upkeep\n|\n|t:|1781394403\n|switch|p1a: Electrode|Electrode, L92|234/260\n|turn|22\n|\n|t:|1781394415\n|-terastallize|p2a: Squawkabilly|Normal\n|move|p1a: Electrode|Thunderbolt|p2a: Squawkabilly\n|-damage|p2a: Squawkabilly|86/278 brn\n|-damage|p1a: Electrode|208/260|[from] item: Life Orb\n|move|p2a: Squawkabilly|Facade|p1a: Electrode\n|-damage|p1a: Electrode|0 fnt\n|faint|p1a: Electrode\n|\n|-damage|p2a: Squawkabilly|69/278 brn|[from] brn\n|upkeep\n|\n|t:|1781394425\n|switch|p1a: Rampardos|Rampardos, L90, M|321/321\n|turn|23\n|\n|t:|1781394432\n|move|p2a: Squawkabilly|U-turn|p1a: Rampardos\n|-damage|p1a: Rampardos|224/321\n|\n|t:|1781394436\n|switch|p2a: Raikou|Raikou, L81|70/278|[from] U-turn\n|-ability|p2a: Raikou|Pressure\n|move|p1a: Rampardos|Fire Punch|p2a: Raikou\n|-damage|p2a: Raikou|0 fnt\n|faint|p2a: Raikou\n|\n|upkeep\n|\n|t:|1781394438\n|switch|p2a: Infernape|Infernape, L82, M|94/259\n|turn|24\n|\n|t:|1781394452\n|move|p2a: Infernape|Flare Blitz|p1a: Rampardos\n|-resisted|p1a: Rampardos\n|-damage|p1a: Rampardos|114/321\n|-damage|p2a: Infernape|58/259|[from] Recoil\n|move|p1a: Rampardos|Rock Slide|p2a: Infernape\n|-damage|p2a: Infernape|0 fnt\n|faint|p2a: Infernape\n|\n|upkeep\n|\n|t:|1781394454\n|switch|p2a: Squawkabilly|Squawkabilly, L85, M, tera:Normal|69/278 brn\n|turn|25\n|\n|t:|1781394461\n|move|p2a: Squawkabilly|Brave Bird|p1a: Rampardos\n|-resisted|p1a: Rampardos\n|-damage|p1a: Rampardos|0 fnt\n|faint|p1a: Rampardos\n|-damage|p2a: Squawkabilly|31/278 brn|[from] Recoil\n|\n|-damage|p2a: Squawkabilly|14/278 brn|[from] brn\n|upkeep\n|\n|t:|1781394463\n|switch|p1a: Golurk|Golurk, L87|297/297\n|turn|26\n|\n|t:|1781394467\n|-terastallize|p1a: Golurk|Ghost\n|move|p2a: Squawkabilly|Brave Bird|p1a: Golurk\n|-damage|p1a: Golurk|77/297\n|-damage|p2a: Squawkabilly|0 fnt|[from] Recoil\n|faint|p2a: Squawkabilly\n|\n|win|JhuniorCq\n", "inputlog": ">version a8376a258c1d4662feba110a92103f3664a72141\n>start {\"formatid\":\"gen9randombattle\",\"seed\":\"sodium,e3ba8bd57dfe77929bcd8a3690f2d509\",\"rated\":\"Rated battle\"}\n>player p1 {\"name\":\"JhuniorCq\",\"avatar\":\"2\",\"rating\":1973,\"seed\":\"sodium,2d1bdf3c60148c8b58a1120403cb40c4\"}\n>player p2 {\"name\":\"greenfalcon81\",\"avatar\":\"101\",\"rating\":1977,\"seed\":\"sodium,cf80b0a6cdf7d6aa784226691e900751\"}\n>p1 switch 2\n>p2 move closecombat\n>p1 move weatherball\n>p2 switch 5\n>p1 move weatherball\n>p2 move doubleedge\n>p2 switch 3\n>p1 move weatherball\n>p2 move facade\n>p1 switch 4\n>p1 move thunderbolt\n>p2 switch 2\n>p1 switch 2\n>p2 move scald\n>p1 switch 3\n>p2 switch 4\n>p1 switch 6\n>p2 move closecombat\n>p1 move dynamicpunch\n>p2 switch 6\n>p1 switch 3\n>p2 move darkpulse\n>p1 move icebeam\n>p2 switch 4\n>p1 move icebeam\n>p2 move thunderbolt\n>p1 move recover\n>p2 move calmmind\n>p1 move icebeam\n>p2 move thunderbolt\n>p1 move icebeam\n>p2 switch 6\n>p1 move terablast\n>p2 move flareblitz\n>p1 switch 5\n>p1 move shellsmash\n>p2 switch 4\n>p1 move liquidation\n>p2 move hypnosis\n>p2 switch 5\n>p1 move liquidation\n>p2 move knockoff\n>p1 move liquidation\n>p2 move machpunch\n>p2 switch 2\n>p1 move liquidation\n>p2 move quickattack\n>p1 switch 2\n>p1 move thunderbolt\n>p2 move facade terastallize\n>p1 switch 6\n>p1 move firepunch\n>p2 move uturn\n>p2 switch 6\n>p2 switch 4\n>p1 move rockslide\n>p2 move flareblitz\n>p2 switch 6\n>p1 move firepunch\n>p2 move bravebird\n>p1 switch 3\n>p1 move dynamicpunch terastallize\n>p2 move bravebird", "uploadtime": 1781394108, "views": 5, "formatid": "gen9randombattle", "rating": null, "private": 0, "password": null}