{"id": "gen9randombattle-2632000519", "format": "[Gen 9] Random Battle", "players": ["NitroFire", "Sango North"], "log": "|j|\u2606NitroFire\n|j|\u2606Sango North\n|t:|1781464542\n|gametype|singles\n|player|p1|NitroFire|170|1984\n|player|p2|Sango North|1|1960\n|gen|9\n|tier|[Gen 9] Random Battle\n|rated|\n|rule|Species Clause: Limit one of each Pok\u00e9mon\n|rule|HP Percentage Mod: HP is shown in percentages\n|rule|Sleep Clause Mod: Limit one foe put to sleep\n|rule|Illusion Level Mod: Illusion disguises the Pok\u00e9mon's true level\n|\n|t:|1781464542\n|teamsize|p1|6\n|teamsize|p2|6\n|start\n|switch|p1a: Venusaur|Venusaur, L84, M|272/272\n|switch|p2a: Hatterene|Hatterene, L85, F|236/236\n|turn|1\n|\n|t:|1781464558\n|move|p1a: Venusaur|Knock Off|p2a: Hatterene\n|-damage|p2a: Hatterene|178/236\n|-enditem|p2a: Hatterene|Assault Vest|[from] move: Knock Off|[of] p1a: Venusaur\n|move|p2a: Hatterene|Nuzzle|p1a: Venusaur\n|-resisted|p1a: Venusaur\n|-damage|p1a: Venusaur|265/272\n|-status|p1a: Venusaur|par\n|\n|-heal|p1a: Venusaur|272/272 par|[from] item: Leftovers\n|upkeep\n|turn|2\n|\n|t:|1781464565\n|move|p2a: Hatterene|Psychic Noise|p1a: Venusaur\n|-supereffective|p1a: Venusaur\n|-damage|p1a: Venusaur|66/272 par\n|-start|p1a: Venusaur|move: Heal Block\n|move|p1a: Venusaur|Sludge Bomb|p2a: Hatterene\n|-supereffective|p2a: Hatterene\n|-damage|p2a: Hatterene|0 fnt\n|faint|p2a: Hatterene\n|\n|upkeep\n|\n|t:|1781464577\n|switch|p2a: Rhydon|Rhydon, L85, F|317/317\n|turn|3\n|\n|t:|1781464582\n|move|p2a: Rhydon|Stealth Rock|p1a: Venusaur\n|-sidestart|p1: NitroFire|move: Stealth Rock\n|move|p1a: Venusaur|Earth Power|p2a: Rhydon\n|-supereffective|p2a: Rhydon\n|-damage|p2a: Rhydon|179/317\n|\n|-end|p1a: Venusaur|move: Heal Block\n|upkeep\n|turn|4\n|\n|t:|1781464588\n|move|p2a: Rhydon|Earthquake|p1a: Venusaur\n|-damage|p1a: Venusaur|0 fnt\n|faint|p1a: Venusaur\n|\n|upkeep\n|\n|t:|1781464591\n|switch|p1a: Hitmonchan|Hitmonchan, L87, M|229/229\n|-damage|p1a: Hitmonchan|215/229|[from] Stealth Rock\n|turn|5\n|inactive|Battle timer is ON: inactive players will automatically lose when time's up. (requested by NitroFire)\n|\n|t:|1781464605\n|switch|p2a: Appletun|Appletun, L92, F|352/352\n|move|p1a: Hitmonchan|Knock Off|p2a: Appletun\n|-damage|p2a: Appletun|280/352\n|-enditem|p2a: Appletun|Leftovers|[from] move: Knock Off|[of] p1a: Hitmonchan\n|\n|-heal|p1a: Hitmonchan|229/229|[from] item: Leftovers\n|upkeep\n|turn|6\n|\n|t:|1781464612\n|move|p1a: Hitmonchan|Rapid Spin|p2a: Appletun\n|-damage|p2a: Appletun|242/352\n|-boost|p1a: Hitmonchan|spe|1\n|-sideend|p1: NitroFire|Stealth Rock|[from] move: Rapid Spin|[of] p1a: Hitmonchan\n|move|p2a: Appletun|Leech Seed|p1a: Hitmonchan\n|-start|p1a: Hitmonchan|move: Leech Seed\n|\n|-damage|p1a: Hitmonchan|201/229|[from] Leech Seed|[of] p2a: Appletun\n|-heal|p2a: Appletun|270/352|[silent]\n|upkeep\n|turn|7\n|\n|t:|1781464618\n|switch|p1a: Ariados|Ariados, L95, M|287/287\n|move|p2a: Appletun|Apple Acid|p1a: Ariados\n|-resisted|p1a: Ariados\n|-damage|p1a: Ariados|262/287\n|-unboost|p1a: Ariados|spd|1\n|\n|upkeep\n|turn|8\n|\n|t:|1781464629\n|switch|p2a: Revavroom|Revavroom, L79, F|256/256\n|move|p1a: Ariados|Sticky Web|p2a: Revavroom\n|-sidestart|p2: Sango North|move: Sticky Web\n|\n|upkeep\n|turn|9\n|\n|t:|1781464634\n|switch|p1a: Hypno|Hypno, L95, M|315/315\n|move|p2a: Revavroom|Shift Gear|p2a: Revavroom\n|-boost|p2a: Revavroom|spe|2\n|-boost|p2a: Revavroom|atk|1\n|\n|upkeep\n|turn|10\n|\n|t:|1781464648\n|-terastallize|p2a: Revavroom|Ground\n|move|p2a: Revavroom|Iron Head|p1a: Hypno\n|-damage|p1a: Hypno|124/315\n|-damage|p2a: Revavroom|231/256|[from] item: Life Orb\n|move|p1a: Hypno|Psychic Noise|p2a: Revavroom\n|-damage|p2a: Revavroom|116/256\n|-start|p2a: Revavroom|move: Heal Block\n|\n|-heal|p1a: Hypno|143/315|[from] item: Leftovers\n|upkeep\n|turn|11\n|\n|t:|1781464659\n|move|p2a: Revavroom|Iron Head|p1a: Hypno\n|-damage|p1a: Hypno|0 fnt\n|faint|p1a: Hypno\n|-damage|p2a: Revavroom|91/256|[from] item: Life Orb\n|\n|-end|p2a: Revavroom|move: Heal Block\n|upkeep\n|\n|t:|1781464677\n|switch|p1a: Ariados|Ariados, L95, M|262/287\n|turn|12\n|\n|t:|1781464680\n|move|p1a: Ariados|Sucker Punch|p2a: Revavroom\n|-damage|p2a: Revavroom|29/256\n|move|p2a: Revavroom|Iron Head|p1a: Ariados\n|-damage|p1a: Ariados|85/287\n|-damage|p2a: Revavroom|4/256|[from] item: Life Orb\n|\n|upkeep\n|turn|13\n|\n|t:|1781464686\n|move|p1a: Ariados|Sucker Punch||[still]\n|-fail|p1a: Ariados\n|move|p2a: Revavroom|Shift Gear|p2a: Revavroom\n|-boost|p2a: Revavroom|spe|2\n|-boost|p2a: Revavroom|atk|1\n|\n|upkeep\n|turn|14\n|\n|t:|1781464693\n|move|p1a: Ariados|Sucker Punch|p2a: Revavroom\n|-damage|p2a: Revavroom|0 fnt\n|faint|p2a: Revavroom\n|\n|upkeep\n|\n|t:|1781464703\n|switch|p2a: Tsareena|Tsareena, L87, F|267/267\n|-activate|p2a: Tsareena|move: Sticky Web\n|-unboost|p2a: Tsareena|spe|1\n|turn|15\n|\n|t:|1781464707\n|move|p1a: Ariados|Megahorn|p2a: Tsareena\n|-supereffective|p2a: Tsareena\n|-damage|p2a: Tsareena|0 fnt\n|faint|p2a: Tsareena\n|\n|upkeep\n|\n|t:|1781464715\n|switch|p2a: Rhydon|Rhydon, L85, F|179/317\n|-activate|p2a: Rhydon|move: Sticky Web\n|-unboost|p2a: Rhydon|spe|1\n|turn|16\n|\n|t:|1781464719\n|switch|p1a: Hitmonchan|Hitmonchan, L87, M|201/229\n|move|p2a: Rhydon|Earthquake|p1a: Hitmonchan\n|-crit|p1a: Hitmonchan\n|-damage|p1a: Hitmonchan|0 fnt\n|faint|p1a: Hitmonchan\n|\n|upkeep\n|\n|t:|1781464725\n|switch|p1a: Blastoise|Blastoise, L80, M|258/258\n|turn|17\n|\n|t:|1781464733\n|move|p1a: Blastoise|Shell Smash|p1a: Blastoise\n|-unboost|p1a: Blastoise|def|1\n|-unboost|p1a: Blastoise|spd|1\n|-boost|p1a: Blastoise|atk|2\n|-boost|p1a: Blastoise|spa|2\n|-boost|p1a: Blastoise|spe|2\n|-enditem|p1a: Blastoise|White Herb\n|-clearnegativeboost|p1a: Blastoise|[silent]\n|move|p2a: Rhydon|Earthquake|p1a: Blastoise\n|-damage|p1a: Blastoise|126/258\n|\n|upkeep\n|turn|18\n|\n|t:|1781464743\n|move|p1a: Blastoise|Ice Beam|p2a: Rhydon\n|-supereffective|p2a: Rhydon\n|-damage|p2a: Rhydon|0 fnt\n|faint|p2a: Rhydon\n|\n|upkeep\n|\n|t:|1781464746\n|switch|p2a: Suicune|Suicune, L82|298/298\n|-activate|p2a: Suicune|move: Sticky Web\n|-unboost|p2a: Suicune|spe|1\n|-ability|p2a: Suicune|Pressure\n|turn|19\n|\n|t:|1781464752\n|move|p1a: Blastoise|Earthquake|p2a: Suicune\n|-damage|p2a: Suicune|206/298\n|move|p2a: Suicune|Calm Mind|p2a: Suicune\n|-boost|p2a: Suicune|spa|1\n|-boost|p2a: Suicune|spd|1\n|\n|-heal|p2a: Suicune|224/298|[from] item: Leftovers\n|upkeep\n|turn|20\n|\n|t:|1781464756\n|move|p1a: Blastoise|Earthquake|p2a: Suicune\n|-crit|p2a: Suicune\n|-damage|p2a: Suicune|80/298\n|move|p2a: Suicune|Scald|p1a: Blastoise\n|-resisted|p1a: Blastoise\n|-damage|p1a: Blastoise|70/258\n|-status|p1a: Blastoise|brn\n|\n|-heal|p2a: Suicune|98/298|[from] item: Leftovers\n|-damage|p1a: Blastoise|54/258 brn|[from] brn\n|upkeep\n|turn|21\n|\n|t:|1781464761\n|move|p1a: Blastoise|Shell Smash|p1a: Blastoise\n|-unboost|p1a: Blastoise|def|1\n|-unboost|p1a: Blastoise|spd|1\n|-boost|p1a: Blastoise|atk|2\n|-boost|p1a: Blastoise|spa|2\n|-boost|p1a: Blastoise|spe|2\n|move|p2a: Suicune|Scald|p1a: Blastoise\n|-resisted|p1a: Blastoise\n|-damage|p1a: Blastoise|0 fnt\n|faint|p1a: Blastoise\n|\n|-heal|p2a: Suicune|116/298|[from] item: Leftovers\n|upkeep\n|\n|t:|1781464765\n|switch|p1a: Ariados|Ariados, L95, M|85/287\n|turn|22\n|\n|t:|1781464769\n|move|p1a: Ariados|Megahorn|p2a: Suicune\n|-damage|p2a: Suicune|0 fnt\n|faint|p2a: Suicune\n|\n|upkeep\n|\n|t:|1781464771\n|switch|p2a: Appletun|Appletun, L92, F|270/352\n|-activate|p2a: Appletun|move: Sticky Web\n|-unboost|p2a: Appletun|spe|1\n|turn|23\n|\n|t:|1781464778\n|move|p1a: Ariados|Poison Jab|p2a: Appletun\n|-supereffective|p2a: Appletun\n|-damage|p2a: Appletun|48/352\n|move|p2a: Appletun|Dragon Pulse|p1a: Ariados\n|-damage|p1a: Ariados|0 fnt\n|faint|p1a: Ariados\n|\n|upkeep\n|\n|t:|1781464782\n|switch|p1a: Minior|Minior, L79|224/224\n|-formechange|p1a: Minior|Minior-Meteor||[from] ability: Shields Down\n|turn|24\n|\n|t:|1781464787\n|-terastallize|p1a: Minior|Steel\n|move|p1a: Minior|Acrobatics|p2a: Appletun\n|-supereffective|p2a: Appletun\n|-damage|p2a: Appletun|0 fnt\n|faint|p2a: Appletun\n|\n|win|NitroFire\n", "uploadtime": 1781464544, "views": 2, "formatid": "gen9randombattle", "rating": null, "private": 0, "password": null}