{"id": "gen9randombattle-2631951465", "format": "[Gen 9] Random Battle", "players": ["hello779", "Failtacular3245"], "log": "|j|\u2606hello779\n|j|\u2606Failtacular3245\n|t:|1781459180\n|gametype|singles\n|player|p1|hello779|170|2002\n|player|p2|Failtacular3245|youngster-gen4dp|1991\n|gen|9\n|tier|[Gen 9] Random Battle\n|rated|\n|rule|Species Clause: Limit one of each Pok\u00e9mon\n|rule|HP Percentage Mod: HP is shown in percentages\n|rule|Sleep Clause Mod: Limit one foe put to sleep\n|rule|Illusion Level Mod: Illusion disguises the Pok\u00e9mon's true level\n|\n|t:|1781459180\n|teamsize|p1|6\n|teamsize|p2|6\n|start\n|switch|p1a: Vikavolt|Vikavolt, L83, M|263/263\n|switch|p2a: Milotic|Milotic, L83, M|293/293\n|turn|1\n|inactive|Battle timer is ON: inactive players will automatically lose when time's up. (requested by hello779)\n|\n|t:|1781459190\n|move|p2a: Milotic|Scald|p1a: Vikavolt\n|-damage|p1a: Vikavolt|166/263\n|move|p1a: Vikavolt|Sticky Web|p2a: Milotic\n|-sidestart|p2: Failtacular3245|move: Sticky Web\n|\n|upkeep\n|turn|2\n|\n|t:|1781459194\n|move|p2a: Milotic|Scald|p1a: Vikavolt\n|-damage|p1a: Vikavolt|75/263\n|move|p1a: Vikavolt|Discharge|p2a: Milotic\n|-supereffective|p2a: Milotic\n|-damage|p2a: Milotic|119/293\n|\n|-heal|p2a: Milotic|137/293|[from] item: Leftovers\n|upkeep\n|turn|3\n|\n|t:|1781459198\n|switch|p1a: Wo-Chien|Wo-Chien, L83|277/277\n|-ability|p1a: Wo-Chien|Tablets of Ruin\n|move|p2a: Milotic|Scald|p1a: Wo-Chien\n|-resisted|p1a: Wo-Chien\n|-damage|p1a: Wo-Chien|248/277\n|\n|-heal|p2a: Milotic|155/293|[from] item: Leftovers\n|-heal|p1a: Wo-Chien|265/277|[from] item: Leftovers\n|upkeep\n|turn|4\n|\n|t:|1781459204\n|switch|p2a: Hariyama|Hariyama, L87, F|392/392\n|-activate|p2a: Hariyama|move: Sticky Web\n|-unboost|p2a: Hariyama|spe|1\n|move|p1a: Wo-Chien|Knock Off|p2a: Hariyama\n|-resisted|p2a: Hariyama\n|-crit|p2a: Hariyama\n|-damage|p2a: Hariyama|307/392\n|-enditem|p2a: Hariyama|Flame Orb|[from] move: Knock Off|[of] p1a: Wo-Chien\n|\n|-heal|p1a: Wo-Chien|277/277|[from] item: Leftovers\n|upkeep\n|turn|5\n|\n|t:|1781459224\n|move|p2a: Hariyama|Fake Out|p1a: Wo-Chien\n|-damage|p1a: Wo-Chien|251/277\n|cant|p1a: Wo-Chien|flinch\n|\n|-heal|p1a: Wo-Chien|268/277|[from] item: Leftovers\n|upkeep\n|turn|6\n|\n|t:|1781459227\n|move|p1a: Wo-Chien|Leech Seed|p2a: Hariyama\n|-start|p2a: Hariyama|move: Leech Seed\n|move|p2a: Hariyama|Knock Off|p1a: Wo-Chien\n|-resisted|p1a: Wo-Chien\n|-crit|p1a: Wo-Chien\n|-damage|p1a: Wo-Chien|220/277\n|-enditem|p1a: Wo-Chien|Leftovers|[from] move: Knock Off|[of] p2a: Hariyama\n|\n|-damage|p2a: Hariyama|258/392|[from] Leech Seed|[of] p1a: Wo-Chien\n|-heal|p1a: Wo-Chien|269/277|[silent]\n|upkeep\n|turn|7\n|\n|t:|1781459240\n|switch|p2a: Vivillon|Vivillon-Jungle, L83, F|268/268\n|move|p1a: Wo-Chien|Giga Drain|p2a: Vivillon\n|-resisted|p2a: Vivillon\n|-damage|p2a: Vivillon|242/268\n|-heal|p1a: Wo-Chien|277/277|[from] drain|[of] p2a: Vivillon\n|\n|upkeep\n|turn|8\n|\n|t:|1781459245\n|switch|p1a: Vikavolt|Vikavolt, L83, M|75/263\n|move|p2a: Vivillon|Hurricane|p1a: Vikavolt\n|-damage|p1a: Vikavolt|0 fnt\n|faint|p1a: Vikavolt\n|\n|upkeep\n|inactive|hello779 has 120 seconds left.\n|\n|t:|1781459277\n|switch|p1a: Rhydon|Rhydon, L85, M|317/317\n|turn|9\n|\n|t:|1781459280\n|move|p2a: Vivillon|Sleep Powder|p1a: Rhydon\n|-status|p1a: Rhydon|slp|[from] move: Sleep Powder\n|cant|p1a: Rhydon|slp\n|\n|upkeep\n|turn|10\n|inactive|hello779 has 120 seconds left.\n|\n|t:|1781459306\n|switch|p2a: Milotic|Milotic, L83, M|155/293\n|-activate|p2a: Milotic|move: Sticky Web\n|-unboost|p2a: Milotic|spe|1\n|-ability|p2a: Milotic|Competitive|boost\n|-boost|p2a: Milotic|spa|2\n|switch|p1a: Archaludon|Archaludon, L78, M|268/268\n|\n|-heal|p2a: Milotic|173/293|[from] item: Leftovers\n|upkeep\n|turn|11\n|\n|t:|1781459311\n|move|p1a: Archaludon|Thunderbolt|p2a: Milotic\n|-supereffective|p2a: Milotic\n|-damage|p2a: Milotic|71/293\n|move|p2a: Milotic|Recover|p2a: Milotic\n|-heal|p2a: Milotic|218/293\n|\n|-heal|p2a: Milotic|236/293|[from] item: Leftovers\n|upkeep\n|turn|12\n|\n|t:|1781459315\n|move|p1a: Archaludon|Thunderbolt|p2a: Milotic\n|-supereffective|p2a: Milotic\n|-damage|p2a: Milotic|128/293\n|move|p2a: Milotic|Ice Beam|p1a: Archaludon\n|-damage|p1a: Archaludon|146/268\n|-status|p1a: Archaludon|frz\n|-ability|p1a: Archaludon|Stamina|boost\n|-boost|p1a: Archaludon|def|1\n|\n|-heal|p2a: Milotic|146/293|[from] item: Leftovers\n|upkeep\n|turn|13\n|\n|t:|1781459320\n|switch|p1a: Wo-Chien|Wo-Chien, L83|277/277\n|-ability|p1a: Wo-Chien|Tablets of Ruin\n|move|p2a: Milotic|Recover|p2a: Milotic\n|-heal|p2a: Milotic|293/293\n|\n|upkeep\n|turn|14\n|\n|t:|1781459323\n|move|p1a: Wo-Chien|Knock Off|p2a: Milotic\n|-crit|p2a: Milotic\n|-damage|p2a: Milotic|136/293\n|-enditem|p2a: Milotic|Leftovers|[from] move: Knock Off|[of] p1a: Wo-Chien\n|move|p2a: Milotic|Ice Beam|p1a: Wo-Chien\n|-supereffective|p1a: Wo-Chien\n|-damage|p1a: Wo-Chien|95/277\n|\n|upkeep\n|turn|15\n|\n|t:|1781459326\n|move|p1a: Wo-Chien|Giga Drain|p2a: Milotic\n|-supereffective|p2a: Milotic\n|-damage|p2a: Milotic|20/293\n|-heal|p1a: Wo-Chien|153/277|[from] drain|[of] p2a: Milotic\n|move|p2a: Milotic|Recover|p2a: Milotic\n|-heal|p2a: Milotic|167/293\n|\n|upkeep\n|turn|16\n|\n|t:|1781459328\n|move|p1a: Wo-Chien|Giga Drain|p2a: Milotic\n|-supereffective|p2a: Milotic\n|-damage|p2a: Milotic|53/293\n|-heal|p1a: Wo-Chien|210/277|[from] drain|[of] p2a: Milotic\n|move|p2a: Milotic|Recover|p2a: Milotic\n|-heal|p2a: Milotic|200/293\n|\n|upkeep\n|turn|17\n|\n|t:|1781459330\n|move|p1a: Wo-Chien|Giga Drain|p2a: Milotic\n|-supereffective|p2a: Milotic\n|-damage|p2a: Milotic|72/293\n|-heal|p1a: Wo-Chien|274/277|[from] drain|[of] p2a: Milotic\n|move|p2a: Milotic|Ice Beam|p1a: Wo-Chien\n|-supereffective|p1a: Wo-Chien\n|-damage|p1a: Wo-Chien|84/277\n|\n|upkeep\n|turn|18\n|\n|t:|1781459333\n|-terastallize|p2a: Milotic|Dragon\n|move|p1a: Wo-Chien|Giga Drain|p2a: Milotic\n|-resisted|p2a: Milotic\n|-damage|p2a: Milotic|45/293\n|-heal|p1a: Wo-Chien|98/277|[from] drain|[of] p2a: Milotic\n|move|p2a: Milotic|Ice Beam|p1a: Wo-Chien\n|-supereffective|p1a: Wo-Chien\n|-damage|p1a: Wo-Chien|0 fnt\n|faint|p1a: Wo-Chien\n|\n|upkeep\n|\n|t:|1781459336\n|switch|p1a: Garchomp|Garchomp, L74, M|282/282\n|turn|19\n|\n|t:|1781459340\n|switch|p2a: Hariyama|Hariyama, L87, F|258/392\n|-activate|p2a: Hariyama|move: Sticky Web\n|-unboost|p2a: Hariyama|spe|1\n|move|p1a: Garchomp|Earthquake|p2a: Hariyama\n|-damage|p2a: Hariyama|114/392\n|\n|upkeep\n|turn|20\n|\n|t:|1781459344\n|move|p1a: Garchomp|Spikes|p2a: Hariyama\n|-sidestart|p2: Failtacular3245|Spikes\n|move|p2a: Hariyama|Knock Off|p1a: Garchomp\n|-damage|p1a: Garchomp|182/282\n|-damage|p2a: Hariyama|65/392|[from] ability: Rough Skin|[of] p1a: Garchomp\n|-damage|p2a: Hariyama|0 fnt|[from] item: Rocky Helmet|[of] p1a: Garchomp\n|faint|p2a: Hariyama\n|\n|upkeep\n|\n|t:|1781459351\n|switch|p2a: Vivillon|Vivillon-Jungle, L83, F|242/268\n|turn|21\n|\n|t:|1781459359\n|move|p2a: Vivillon|Hurricane|p1a: Garchomp\n|-damage|p1a: Garchomp|47/282\n|move|p1a: Garchomp|Outrage|p2a: Vivillon\n|-damage|p2a: Vivillon|68/268\n|\n|upkeep\n|turn|22\n|\n|t:|1781459363\n|move|p2a: Vivillon|Hurricane|p1a: Garchomp|[miss]\n|-miss|p2a: Vivillon|p1a: Garchomp\n|move|p1a: Garchomp|Outrage|p2a: Vivillon|[from] lockedmove\n|-damage|p2a: Vivillon|0 fnt\n|faint|p2a: Vivillon\n|\n|upkeep\n|\n|t:|1781459367\n|switch|p2a: Scizor|Scizor, L79, M|240/240\n|-activate|p2a: Scizor|move: Sticky Web\n|-unboost|p2a: Scizor|spe|1\n|-damage|p2a: Scizor|210/240|[from] Spikes\n|turn|23\n|\n|t:|1781459370\n|move|p2a: Scizor|Bullet Punch|p1a: Garchomp\n|-damage|p1a: Garchomp|0 fnt\n|-damage|p2a: Scizor|180/240|[from] ability: Rough Skin|[of] p1a: Garchomp\n|-damage|p2a: Scizor|140/240|[from] item: Rocky Helmet|[of] p1a: Garchomp\n|faint|p1a: Garchomp\n|-damage|p2a: Scizor|116/240|[from] item: Life Orb\n|\n|upkeep\n|\n|t:|1781459375\n|switch|p1a: Dondozo|Dondozo, L78, M|362/362\n|turn|24\n|\n|t:|1781459389\n|switch|p2a: Milotic|Milotic, L83, M, tera:Dragon|45/293\n|-activate|p2a: Milotic|move: Sticky Web\n|-unboost|p2a: Milotic|spe|1\n|-ability|p2a: Milotic|Competitive|boost\n|-boost|p2a: Milotic|spa|2\n|-damage|p2a: Milotic|9/293|[from] Spikes\n|move|p1a: Dondozo|Wave Crash|p2a: Milotic\n|-resisted|p2a: Milotic\n|-damage|p2a: Milotic|0 fnt\n|faint|p2a: Milotic\n|-damage|p1a: Dondozo|359/362|[from] Recoil\n|\n|-heal|p1a: Dondozo|362/362|[from] item: Leftovers\n|upkeep\n|\n|t:|1781459392\n|switch|p2a: Kingdra|Kingdra, L84, M|263/263\n|-activate|p2a: Kingdra|move: Sticky Web\n|-unboost|p2a: Kingdra|spe|1\n|-damage|p2a: Kingdra|231/263|[from] Spikes\n|turn|25\n|\n|t:|1781459395\n|move|p2a: Kingdra|Rain Dance|p2a: Kingdra\n|-weather|RainDance\n|move|p1a: Dondozo|Curse|p1a: Dondozo\n|-unboost|p1a: Dondozo|spe|1\n|-boost|p1a: Dondozo|atk|1\n|-boost|p1a: Dondozo|def|1\n|\n|-weather|RainDance|[upkeep]\n|upkeep\n|turn|26\n|\n|t:|1781459398\n|move|p2a: Kingdra|Hurricane|p1a: Dondozo\n|-crit|p1a: Dondozo\n|-damage|p1a: Dondozo|175/362\n|-damage|p2a: Kingdra|205/263|[from] item: Life Orb\n|move|p1a: Dondozo|Curse|p1a: Dondozo\n|-unboost|p1a: Dondozo|spe|1\n|-boost|p1a: Dondozo|atk|1\n|-boost|p1a: Dondozo|def|1\n|\n|-weather|RainDance|[upkeep]\n|-heal|p1a: Dondozo|197/362|[from] item: Leftovers\n|upkeep\n|turn|27\n|\n|t:|1781459406\n|move|p2a: Kingdra|Hurricane|p1a: Dondozo\n|-damage|p1a: Dondozo|62/362\n|-damage|p2a: Kingdra|179/263|[from] item: Life Orb\n|move|p1a: Dondozo|Rest|p1a: Dondozo\n|-status|p1a: Dondozo|slp|[from] move: Rest\n|-heal|p1a: Dondozo|362/362 slp|[silent]\n|\n|-weather|RainDance|[upkeep]\n|upkeep\n|turn|28\n|\n|t:|1781459409\n|move|p2a: Kingdra|Hurricane|p1a: Dondozo\n|-damage|p1a: Dondozo|236/362 slp\n|-damage|p2a: Kingdra|153/263|[from] item: Life Orb\n|cant|p1a: Dondozo|slp\n|move|p1a: Dondozo|Sleep Talk|p1a: Dondozo\n|move|p1a: Dondozo|Wave Crash|p2a: Kingdra|[from] move: Sleep Talk\n|-resisted|p2a: Kingdra\n|-crit|p2a: Kingdra\n|-damage|p2a: Kingdra|43/263\n|-damage|p1a: Dondozo|200/362 slp|[from] Recoil\n|\n|-weather|RainDance|[upkeep]\n|-heal|p1a: Dondozo|222/362 slp|[from] item: Leftovers\n|upkeep\n|turn|29\n|\n|t:|1781459412\n|move|p2a: Kingdra|Draco Meteor|p1a: Dondozo\n|-damage|p1a: Dondozo|0 fnt\n|-unboost|p2a: Kingdra|spa|2\n|faint|p1a: Dondozo\n|-damage|p2a: Kingdra|17/263|[from] item: Life Orb\n|\n|-weather|none\n|upkeep\n|\n|t:|1781459416\n|switch|p1a: Archaludon|Archaludon, L78, M|146/268 frz\n|turn|30\n|\n|t:|1781459420\n|switch|p2a: Ceruledge|Ceruledge, L78, M|245/245\n|-curestatus|p1a: Archaludon|frz|[msg]\n|move|p1a: Archaludon|Thunderbolt|p2a: Ceruledge\n|-damage|p2a: Ceruledge|177/245\n|\n|upkeep\n|turn|31\n|\n|t:|1781459426\n|move|p1a: Archaludon|Draco Meteor|p2a: Ceruledge\n|-damage|p2a: Ceruledge|45/245\n|-unboost|p1a: Archaludon|spa|2\n|move|p2a: Ceruledge|Swords Dance|p2a: Ceruledge\n|-boost|p2a: Ceruledge|atk|2\n|\n|upkeep\n|turn|32\n|\n|t:|1781459431\n|move|p1a: Archaludon|Draco Meteor|p2a: Ceruledge\n|-damage|p2a: Ceruledge|0 fnt\n|-unboost|p1a: Archaludon|spa|2\n|faint|p2a: Ceruledge\n|\n|upkeep\n|\n|t:|1781459434\n|switch|p2a: Scizor|Scizor, L79, M|116/240\n|-activate|p2a: Scizor|move: Sticky Web\n|-unboost|p2a: Scizor|spe|1\n|-damage|p2a: Scizor|86/240|[from] Spikes\n|turn|33\n|\n|t:|1781459446\n|-terastallize|p1a: Archaludon|Fighting\n|move|p1a: Archaludon|Body Press|p2a: Scizor\n|-damage|p2a: Scizor|0 fnt\n|faint|p2a: Scizor\n|\n|upkeep\n|\n|t:|1781459448\n|switch|p2a: Kingdra|Kingdra, L84, M|17/263\n|-activate|p2a: Kingdra|move: Sticky Web\n|-unboost|p2a: Kingdra|spe|1\n|-damage|p2a: Kingdra|0 fnt|[from] Spikes\n|faint|p2a: Kingdra\n|\n|win|hello779\n", "inputlog": ">version a8376a258c1d4662feba110a92103f3664a72141\n>start {\"formatid\":\"gen9randombattle\",\"seed\":\"sodium,8137d7a0926fdc1d8c2ad8ce47c4a6d9\",\"rated\":\"Rated battle\"}\n>player p1 {\"name\":\"hello779\",\"avatar\":\"170\",\"rating\":2002,\"seed\":\"sodium,909afae01f598d941a7eee2a83b4968c\"}\n>player p2 {\"name\":\"Failtacular3245\",\"avatar\":\"youngster-gen4dp\",\"rating\":1991,\"seed\":\"sodium,ea467533b3a60d3cd61a3eb86a249349\"}\n>p1 move stickyweb\n>p2 move scald\n>p1 move discharge\n>p2 move scald\n>p1 switch 5\n>p2 move scald\n>p1 move knockoff\n>p2 switch 4\n>p1 move leechseed\n>p2 move fakeout\n>p1 move leechseed\n>p2 move knockoff\n>p1 move gigadrain\n>p2 switch 3\n>p1 switch 5\n>p2 move hurricane\n>p1 switch 2\n>p1 move stoneedge\n>p2 move sleeppowder\n>p1 switch 3\n>p2 switch 4\n>p1 move thunderbolt\n>p2 move recover\n>p1 move thunderbolt\n>p2 move icebeam\n>p1 switch 5\n>p2 move recover\n>p1 move knockoff\n>p2 move icebeam\n>p1 move gigadrain\n>p2 move recover\n>p1 move gigadrain\n>p2 move recover\n>p1 move gigadrain\n>p2 move icebeam\n>p1 move gigadrain\n>p2 move icebeam terastallize\n>p1 switch 4\n>p1 move earthquake\n>p2 switch 3\n>p1 move spikes\n>p2 move knockoff\n>p2 switch 4\n>p1 move outrage\n>p2 move hurricane\n>p1 move outrage\n>p2 move hurricane\n>p2 switch 5\n>p1 move outrage\n>p2 move bulletpunch\n>p1 switch 6\n>p1 move wavecrash\n>p2 switch 3\n>p2 switch 2\n>p1 move curse\n>p2 move raindance\n>p1 move curse\n>p2 move hurricane\n>p1 move rest\n>p2 move hurricane\n>p1 move sleeptalk\n>p2 move hurricane\n>p1 move sleeptalk\n>p2 move dracometeor\n>p1 switch 5\n>p1 move thunderbolt\n>p2 switch 6\n>p1 move dracometeor\n>p2 move swordsdance\n>p1 move dracometeor\n>p2 move bitterblade\n>p2 switch 3\n>p1 move bodypress terastallize\n>p2 move closecombat\n>p2 switch 6", "uploadtime": 1781459181, "views": 4, "formatid": "gen9randombattle", "rating": null, "private": 0, "password": null}