{"id": "gen9randombattle-2631824848", "format": "[Gen 9] Random Battle", "players": ["duuhhao", "bimiuchiratnhieu"], "log": "|j|\u2606duuhhao\n|j|\u2606bimiuchiratnhieu\n|t:|1781444890\n|gametype|singles\n|player|p1|duuhhao|clair|2228\n|player|p2|bimiuchiratnhieu|hilda|2157\n|gen|9\n|tier|[Gen 9] Random Battle\n|rated|\n|rule|Species Clause: Limit one of each Pok\u00e9mon\n|rule|HP Percentage Mod: HP is shown in percentages\n|rule|Sleep Clause Mod: Limit one foe put to sleep\n|rule|Illusion Level Mod: Illusion disguises the Pok\u00e9mon's true level\n|\n|t:|1781444890\n|teamsize|p1|6\n|teamsize|p2|6\n|start\n|switch|p1a: Cinccino|Cinccino, L83, F|260/260\n|switch|p2a: Hitmonlee|Hitmonlee, L85, M|224/224\n|turn|1\n|inactive|Battle timer is ON: inactive players will automatically lose when time's up. (requested by bimiuchiratnhieu)\n|\n|t:|1781444901\n|switch|p2a: Spiritomb|Spiritomb, L89, F|234/234\n|move|p1a: Cinccino|Tail Slap|p2a: Spiritomb\n|-immune|p2a: Spiritomb\n|\n|upkeep\n|turn|2\n|\n|t:|1781444910\n|switch|p1a: Ho-Oh|Ho-Oh, L71|268/268\n|move|p2a: Spiritomb|Toxic|p1a: Ho-Oh\n|-status|p1a: Ho-Oh|tox\n|\n|-damage|p1a: Ho-Oh|252/268 tox|[from] psn\n|upkeep\n|turn|3\n|\n|t:|1781444924\n|switch|p2a: Tornadus|Tornadus-Therian, L79, M|254/254\n|move|p1a: Ho-Oh|Recover|p1a: Ho-Oh\n|-heal|p1a: Ho-Oh|268/268 tox\n|\n|-damage|p1a: Ho-Oh|236/268 tox|[from] psn\n|upkeep\n|turn|4\n|\n|t:|1781444933\n|move|p2a: Tornadus|Nasty Plot|p2a: Tornadus\n|-boost|p2a: Tornadus|spa|2\n|move|p1a: Ho-Oh|Sacred Fire|p2a: Tornadus\n|-damage|p2a: Tornadus|152/254\n|\n|-damage|p1a: Ho-Oh|188/268 tox|[from] psn\n|upkeep\n|turn|5\n|\n|t:|1781444944\n|move|p2a: Tornadus|Bleakwind Storm|p1a: Ho-Oh\n|-damage|p1a: Ho-Oh|44/268 tox\n|-unboost|p1a: Ho-Oh|spe|1\n|move|p1a: Ho-Oh|Brave Bird|p2a: Tornadus\n|-damage|p2a: Tornadus|8/254\n|-damage|p1a: Ho-Oh|0 fnt|[from] Recoil\n|faint|p1a: Ho-Oh\n|\n|upkeep\n|\n|t:|1781444951\n|switch|p1a: Cinccino|Cinccino, L83, F|260/260\n|turn|6\n|\n|t:|1781444955\n|switch|p2a: Spiritomb|Spiritomb, L89, F|234/234\n|move|p1a: Cinccino|Triple Axel|p2a: Spiritomb\n|-damage|p2a: Spiritomb|215/234\n|-damage|p2a: Spiritomb|180/234\n|-damage|p2a: Spiritomb|131/234\n|-hitcount|p2a: Spiritomb|3\n|\n|-heal|p2a: Spiritomb|145/234|[from] item: Leftovers\n|upkeep\n|turn|7\n|\n|t:|1781444964\n|-terastallize|p1a: Cinccino|Ice\n|move|p1a: Cinccino|Triple Axel|p2a: Spiritomb|[miss]\n|-miss|p1a: Cinccino|p2a: Spiritomb\n|move|p2a: Spiritomb|Toxic|p1a: Cinccino|[miss]\n|-miss|p2a: Spiritomb|p1a: Cinccino\n|\n|-heal|p2a: Spiritomb|159/234|[from] item: Leftovers\n|upkeep\n|turn|8\n|\n|t:|1781444972\n|move|p1a: Cinccino|Tidy Up|p1a: Cinccino\n|-boost|p1a: Cinccino|atk|1\n|-boost|p1a: Cinccino|spe|1\n|move|p2a: Spiritomb|Toxic|p1a: Cinccino\n|-status|p1a: Cinccino|tox\n|\n|-heal|p2a: Spiritomb|173/234|[from] item: Leftovers\n|-damage|p1a: Cinccino|244/260 tox|[from] psn\n|upkeep\n|turn|9\n|\n|t:|1781444988\n|move|p2a: Spiritomb|Shadow Sneak|p1a: Cinccino\n|-damage|p1a: Cinccino|187/260 tox\n|move|p1a: Cinccino|Triple Axel|p2a: Spiritomb\n|-damage|p2a: Spiritomb|137/234\n|-damage|p2a: Spiritomb|59/234\n|-damage|p2a: Spiritomb|0 fnt\n|faint|p2a: Spiritomb\n|-hitcount|p2: Spiritomb|3\n|\n|-damage|p1a: Cinccino|155/260 tox|[from] psn\n|upkeep\n|inactive|bimiuchiratnhieu has 120 seconds left.\n|\n|t:|1781445012\n|switch|p2a: Tornadus|Tornadus-Therian, L79, M|92/254\n|turn|10\n|\n|t:|1781445016\n|switch|p2a: Ludicolo|Ludicolo, L90, M|290/290\n|move|p1a: Cinccino|Tail Slap|p2a: Ludicolo\n|-damage|p2a: Ludicolo|227/290\n|-damage|p2a: Ludicolo|169/290\n|-damage|p2a: Ludicolo|100/290\n|-damage|p2a: Ludicolo|31/290\n|-hitcount|p2a: Ludicolo|4\n|\n|-damage|p1a: Cinccino|107/260 tox|[from] psn\n|upkeep\n|turn|11\n|\n|t:|1781445025\n|move|p1a: Cinccino|Tail Slap|p2a: Ludicolo\n|-damage|p2a: Ludicolo|0 fnt\n|faint|p2a: Ludicolo\n|-hitcount|p2: Ludicolo|1\n|\n|-damage|p1a: Cinccino|43/260 tox|[from] psn\n|upkeep\n|\n|t:|1781445039\n|switch|p2a: Tornadus|Tornadus-Therian, L79, M|176/254\n|turn|12\n|\n|t:|1781445045\n|switch|p2a: Lugia|Lugia, L73|275/275\n|move|p1a: Cinccino|Triple Axel|p2a: Lugia\n|-supereffective|p2a: Lugia\n|-damage|p2a: Lugia|238/275\n|-supereffective|p2a: Lugia\n|-damage|p2a: Lugia|74/275\n|-supereffective|p2a: Lugia\n|-damage|p2a: Lugia|0 fnt\n|faint|p2a: Lugia\n|-hitcount|p2: Lugia|3\n|\n|-damage|p1a: Cinccino|0 fnt|[from] psn\n|faint|p1a: Cinccino\n|upkeep\n|\n|t:|1781445063\n|switch|p1a: Azelf|Azelf, L82|257/257\n|switch|p2a: Hitmonlee|Hitmonlee, L85, M|224/224\n|turn|13\n|\n|t:|1781445077\n|switch|p2a: Tornadus|Tornadus-Therian, L79, M|254/254\n|move|p1a: Azelf|Explosion|p2a: Tornadus\n|-damage|p2a: Tornadus|41/254\n|faint|p1a: Azelf\n|\n|upkeep\n|\n|t:|1781445080\n|switch|p1a: Whimsicott|Whimsicott, L84, M, shiny|238/238\n|turn|14\n|\n|t:|1781445088\n|switch|p2a: Hitmonlee|Hitmonlee, L85, M|224/224\n|move|p1a: Whimsicott|Substitute|p1a: Whimsicott\n|-start|p1a: Whimsicott|Substitute\n|-damage|p1a: Whimsicott|179/238\n|\n|-heal|p1a: Whimsicott|193/238|[from] item: Leftovers\n|upkeep\n|turn|15\n|\n|t:|1781445105\n|switch|p2a: Tornadus|Tornadus-Therian, L79, M|125/254\n|move|p1a: Whimsicott|Moonblast|p2a: Tornadus\n|-damage|p2a: Tornadus|37/254\n|\n|-heal|p1a: Whimsicott|207/238|[from] item: Leftovers\n|upkeep\n|turn|16\n|\n|t:|1781445107\n|switch|p2a: Hitmonlee|Hitmonlee, L85, M|224/224\n|move|p1a: Whimsicott|Moonblast|p2a: Hitmonlee\n|-supereffective|p2a: Hitmonlee\n|-damage|p2a: Hitmonlee|80/224\n|\n|-heal|p1a: Whimsicott|221/238|[from] item: Leftovers\n|upkeep\n|turn|17\n|\n|t:|1781445118\n|move|p1a: Whimsicott|Moonblast|p2a: Hitmonlee\n|-supereffective|p2a: Hitmonlee\n|-damage|p2a: Hitmonlee|0 fnt\n|faint|p2a: Hitmonlee\n|\n|-heal|p1a: Whimsicott|235/238|[from] item: Leftovers\n|upkeep\n|\n|t:|1781445120\n|switch|p2a: Tornadus|Tornadus-Therian, L79, M|121/254\n|turn|18\n|\n|t:|1781445123\n|move|p1a: Whimsicott|Moonblast|p2a: Tornadus\n|-damage|p2a: Tornadus|34/254\n|move|p2a: Tornadus|Heat Wave|p1a: Whimsicott|[miss]\n|-miss|p2a: Tornadus|p1a: Whimsicott\n|\n|-heal|p1a: Whimsicott|238/238|[from] item: Leftovers\n|upkeep\n|turn|19\n|\n|t:|1781445129\n|move|p1a: Whimsicott|Moonblast|p2a: Tornadus\n|-damage|p2a: Tornadus|0 fnt\n|faint|p2a: Tornadus\n|\n|upkeep\n|\n|t:|1781445130\n|switch|p2a: Torterra|Torterra, L78, F|276/276\n|turn|20\n|\n|t:|1781445137\n|-terastallize|p2a: Torterra|Grass\n|move|p1a: Whimsicott|Moonblast|p2a: Torterra\n|-damage|p2a: Torterra|183/276\n|-unboost|p2a: Torterra|spa|1\n|move|p2a: Torterra|Rock Blast|p1a: Whimsicott\n|-activate|p1a: Whimsicott|move: Substitute|[damage]\n|-activate|p1a: Whimsicott|move: Substitute|[damage]\n|-activate|p1a: Whimsicott|move: Substitute|[damage]\n|-end|p1a: Whimsicott|Substitute\n|-hitcount|p1a: Whimsicott|4\n|\n|upkeep\n|turn|21\n|\n|t:|1781445144\n|move|p1a: Whimsicott|Moonblast|p2a: Torterra\n|-damage|p2a: Torterra|83/276\n|move|p2a: Torterra|Rock Blast|p1a: Whimsicott\n|-damage|p1a: Whimsicott|221/238\n|-damage|p1a: Whimsicott|204/238\n|-damage|p1a: Whimsicott|187/238\n|-damage|p1a: Whimsicott|169/238\n|-hitcount|p1a: Whimsicott|4\n|\n|-heal|p1a: Whimsicott|183/238|[from] item: Leftovers\n|upkeep\n|turn|22\n|\n|t:|1781445148\n|move|p1a: Whimsicott|Moonblast|p2a: Torterra\n|-crit|p2a: Torterra\n|-damage|p2a: Torterra|0 fnt\n|faint|p2a: Torterra\n|\n|win|duuhhao\n", "inputlog": ">version a8376a258c1d4662feba110a92103f3664a72141\n>start {\"formatid\":\"gen9randombattle\",\"seed\":\"sodium,1e6511225b9301b324ca5c53de4df7a4\",\"rated\":\"Rated battle\"}\n>player p1 {\"name\":\"duuhhao\",\"avatar\":\"clair\",\"rating\":2228,\"seed\":\"sodium,667c4478b695530e6325fd3b2cba8d5f\"}\n>player p2 {\"name\":\"bimiuchiratnhieu\",\"avatar\":\"hilda\",\"rating\":2157,\"seed\":\"sodium,6876589b9025001aad117ee0d1db5fd8\"}\n>p1 move tailslap\n>p2 switch 5\n>p1 switch 6\n>p2 move toxic\n>p1 move recover\n>p2 switch 6\n>p1 move sacredfire\n>p2 move nastyplot\n>p1 move bravebird\n>p2 move bleakwindstorm\n>p1 switch 6\n>p1 move tripleaxel\n>p2 switch 6\n>p1 move tripleaxel terastallize\n>p2 move toxic\n>p1 move tidyup\n>p2 move toxic\n>p1 move tripleaxel\n>p2 move shadowsneak\n>p2 switch 6\n>p1 move tailslap\n>p2 switch 3\n>p1 move tailslap\n>p2 move gigadrain\n>p2 switch 3\n>p1 move tripleaxel\n>p2 switch 4\n>p1 switch 5\n>p2 switch 5\n>p1 move explosion\n>p2 switch 4\n>p1 switch 4\n>p1 move substitute\n>p2 switch 4\n>p1 move moonblast\n>p2 switch 4\n>p1 move moonblast\n>p2 switch 4\n>p1 move moonblast\n>p2 move stoneedge\n>p2 switch 4\n>p1 move moonblast\n>p2 move heatwave\n>p1 move moonblast\n>p2 move heatwave\n>p2 switch 2\n>p1 move moonblast\n>p2 move rockblast terastallize\n>p1 move moonblast\n>p2 move rockblast\n>p1 move moonblast\n>p2 move shellsmash", "uploadtime": 1781444891, "views": 7, "formatid": "gen9randombattle", "rating": null, "private": 0, "password": null}