{"id": "gen9randombattle-2631895501", "format": "[Gen 9] Random Battle", "players": ["1001001sos", "DEVILICEMIN"], "log": "|j|\u26061001001sos\n|j|\u2606DEVILICEMIN\n|t:|1781453066\n|gametype|singles\n|player|p1|1001001sos|pokemonranger|2099\n|player|p2|DEVILICEMIN|265|2094\n|gen|9\n|tier|[Gen 9] Random Battle\n|rated|\n|rule|Species Clause: Limit one of each Pok\u00e9mon\n|rule|HP Percentage Mod: HP is shown in percentages\n|rule|Sleep Clause Mod: Limit one foe put to sleep\n|rule|Illusion Level Mod: Illusion disguises the Pok\u00e9mon's true level\n|\n|t:|1781453066\n|teamsize|p1|6\n|teamsize|p2|6\n|start\n|switch|p1a: Salamence|Salamence, L77, M|273/273\n|switch|p2a: Tornadus|Tornadus, L82, M|263/263\n|-ability|p1a: Salamence|Intimidate|boost\n|-unboost|p2a: Tornadus|atk|1\n|-ability|p2a: Tornadus|Defiant|boost\n|-boost|p2a: Tornadus|atk|2\n|turn|1\n|\n|t:|1781453139\n|move|p2a: Tornadus|Bleakwind Storm|p1a: Salamence\n|-damage|p1a: Salamence|60/273\n|move|p1a: Salamence|Dragon Dance|p1a: Salamence\n|-boost|p1a: Salamence|atk|1\n|-boost|p1a: Salamence|spe|1\n|\n|upkeep\n|turn|2\n|\n|t:|1781453143\n|move|p1a: Salamence|Outrage|p2a: Tornadus\n|-damage|p2a: Tornadus|7/263\n|move|p2a: Tornadus|Bleakwind Storm|p1a: Salamence\n|-damage|p1a: Salamence|0 fnt\n|faint|p1a: Salamence\n|\n|upkeep\n|inactive|Battle timer is ON: inactive players will automatically lose when time's up. (requested by 1001001sos)\n|\n|t:|1781453150\n|switch|p1a: Azumarill|Azumarill, L82, F|298/298\n|turn|3\n|\n|t:|1781453153\n|switch|p2a: Milotic|Milotic, L83, M|293/293\n|move|p1a: Azumarill|Aqua Jet|p2a: Milotic\n|-resisted|p2a: Milotic\n|-damage|p2a: Milotic|255/293\n|\n|-heal|p2a: Milotic|273/293|[from] item: Leftovers\n|upkeep\n|turn|4\n|\n|t:|1781453157\n|switch|p1a: Venusaur|Venusaur, L84, M|272/272\n|move|p2a: Milotic|Scald|p1a: Venusaur\n|-resisted|p1a: Venusaur\n|-damage|p1a: Venusaur|236/272\n|\n|-heal|p1a: Venusaur|253/272|[from] item: Leftovers\n|-heal|p2a: Milotic|291/293|[from] item: Leftovers\n|upkeep\n|turn|5\n|\n|t:|1781453163\n|switch|p2a: Scizor|Scizor, L79, M|240/240\n|move|p1a: Venusaur|Sludge Bomb|p2a: Scizor\n|-immune|p2a: Scizor\n|\n|-heal|p1a: Venusaur|270/272|[from] item: Leftovers\n|upkeep\n|turn|6\n|\n|t:|1781453169\n|move|p1a: Venusaur|Substitute|p1a: Venusaur\n|-start|p1a: Venusaur|Substitute\n|-damage|p1a: Venusaur|202/272\n|move|p2a: Scizor|Knock Off|p1a: Venusaur\n|-end|p1a: Venusaur|Substitute\n|-damage|p2a: Scizor|216/240|[from] item: Life Orb\n|\n|-heal|p1a: Venusaur|219/272|[from] item: Leftovers\n|upkeep\n|turn|7\n|\n|t:|1781453175\n|switch|p1a: Ho-Oh|Ho-Oh, L71|268/268\n|move|p2a: Scizor|Knock Off|p1a: Ho-Oh\n|-damage|p1a: Ho-Oh|155/268\n|-enditem|p1a: Ho-Oh|Heavy-Duty Boots|[from] move: Knock Off|[of] p2a: Scizor\n|-damage|p2a: Scizor|192/240|[from] item: Life Orb\n|\n|upkeep\n|turn|8\n|\n|t:|1781453183\n|switch|p2a: Milotic|Milotic, L83, M|291/293\n|move|p1a: Ho-Oh|Sacred Fire|p2a: Milotic\n|-resisted|p2a: Milotic\n|-damage|p2a: Milotic|243/293\n|\n|-heal|p2a: Milotic|261/293|[from] item: Leftovers\n|upkeep\n|turn|9\n|\n|t:|1781453186\n|switch|p1a: Venusaur|Venusaur, L84, M|219/272\n|move|p2a: Milotic|Ice Beam|p1a: Venusaur\n|-supereffective|p1a: Venusaur\n|-damage|p1a: Venusaur|103/272\n|\n|-heal|p1a: Venusaur|120/272|[from] item: Leftovers\n|-heal|p2a: Milotic|279/293|[from] item: Leftovers\n|upkeep\n|turn|10\n|\n|t:|1781453197\n|switch|p2a: Scizor|Scizor, L79, M|192/240\n|move|p1a: Venusaur|Giga Drain|p2a: Scizor\n|-resisted|p2a: Scizor\n|-damage|p2a: Scizor|168/240\n|-heal|p1a: Venusaur|132/272|[from] drain|[of] p2a: Scizor\n|\n|-heal|p1a: Venusaur|149/272|[from] item: Leftovers\n|upkeep\n|turn|11\n|\n|t:|1781453203\n|switch|p1a: Ho-Oh|Ho-Oh, L71|244/268\n|move|p2a: Scizor|Knock Off|p1a: Ho-Oh\n|-damage|p1a: Ho-Oh|165/268\n|-damage|p2a: Scizor|144/240|[from] item: Life Orb\n|\n|upkeep\n|turn|12\n|\n|t:|1781453207\n|switch|p2a: Milotic|Milotic, L83, M|279/293\n|move|p1a: Ho-Oh|Sacred Fire|p2a: Milotic\n|-resisted|p2a: Milotic\n|-damage|p2a: Milotic|224/293\n|-status|p2a: Milotic|brn\n|\n|-heal|p2a: Milotic|242/293 brn|[from] item: Leftovers\n|-damage|p2a: Milotic|224/293 brn|[from] brn\n|upkeep\n|turn|13\n|\n|t:|1781453212\n|switch|p1a: Venusaur|Venusaur, L84, M|149/272\n|move|p2a: Milotic|Scald|p1a: Venusaur\n|-resisted|p1a: Venusaur\n|-damage|p1a: Venusaur|107/272\n|\n|-heal|p1a: Venusaur|124/272|[from] item: Leftovers\n|-heal|p2a: Milotic|242/293 brn|[from] item: Leftovers\n|-damage|p2a: Milotic|224/293 brn|[from] brn\n|upkeep\n|turn|14\n|\n|t:|1781453217\n|move|p1a: Venusaur|Giga Drain|p2a: Milotic\n|-supereffective|p2a: Milotic\n|-damage|p2a: Milotic|104/293 brn\n|-heal|p1a: Venusaur|184/272|[from] drain|[of] p2a: Milotic\n|move|p2a: Milotic|Ice Beam|p1a: Venusaur\n|-supereffective|p1a: Venusaur\n|-damage|p1a: Venusaur|60/272\n|\n|-heal|p1a: Venusaur|77/272|[from] item: Leftovers\n|-heal|p2a: Milotic|122/293 brn|[from] item: Leftovers\n|-damage|p2a: Milotic|104/293 brn|[from] brn\n|upkeep\n|turn|15\n|\n|t:|1781453227\n|switch|p2a: Scizor|Scizor, L79, M|144/240\n|move|p1a: Venusaur|Giga Drain|p2a: Scizor\n|-resisted|p2a: Scizor\n|-damage|p2a: Scizor|108/240\n|-heal|p1a: Venusaur|95/272|[from] drain|[of] p2a: Scizor\n|\n|-heal|p1a: Venusaur|112/272|[from] item: Leftovers\n|upkeep\n|turn|16\n|\n|t:|1781453232\n|switch|p1a: Ho-Oh|Ho-Oh, L71|254/268\n|move|p2a: Scizor|Bug Bite|p1a: Ho-Oh\n|-resisted|p1a: Ho-Oh\n|-damage|p1a: Ho-Oh|218/268\n|-damage|p2a: Scizor|84/240|[from] item: Life Orb\n|\n|upkeep\n|turn|17\n|\n|t:|1781453240\n|switch|p2a: Milotic|Milotic, L83, M|104/293 brn\n|move|p1a: Ho-Oh|Brave Bird|p2a: Milotic\n|-damage|p2a: Milotic|0 fnt\n|faint|p2a: Milotic\n|-damage|p1a: Ho-Oh|184/268|[from] Recoil\n|\n|upkeep\n|\n|t:|1781453244\n|switch|p2a: Tornadus|Tornadus, L82, M|7/263\n|turn|18\n|\n|t:|1781453249\n|move|p2a: Tornadus|Bleakwind Storm|p1a: Ho-Oh\n|-crit|p1a: Ho-Oh\n|-damage|p1a: Ho-Oh|0 fnt\n|faint|p1a: Ho-Oh\n|\n|upkeep\n|\n|t:|1781453254\n|switch|p1a: Azumarill|Azumarill, L82, F|298/298\n|turn|19\n|\n|t:|1781453257\n|switch|p2a: Serperior|Serperior, L79, F|248/248\n|move|p1a: Azumarill|Aqua Jet|p2a: Serperior\n|-resisted|p2a: Serperior\n|-damage|p2a: Serperior|213/248\n|\n|-heal|p2a: Serperior|228/248|[from] item: Leftovers\n|upkeep\n|turn|20\n|\n|t:|1781453263\n|switch|p1a: Toxtricity|Toxtricity, L82, F|257/257\n|move|p2a: Serperior|Leaf Storm|p1a: Toxtricity\n|-resisted|p1a: Toxtricity\n|-damage|p1a: Toxtricity|197/257\n|-boost|p2a: Serperior|spa|2\n|\n|-heal|p2a: Serperior|243/248|[from] item: Leftovers\n|upkeep\n|turn|21\n|\n|t:|1781453285\n|switch|p2a: Scizor|Scizor, L79, M|84/240\n|move|p1a: Toxtricity|Shift Gear|p1a: Toxtricity\n|-boost|p1a: Toxtricity|spe|2\n|-boost|p1a: Toxtricity|atk|1\n|\n|upkeep\n|turn|22\n|\n|t:|1781453291\n|move|p2a: Scizor|Bullet Punch|p1a: Toxtricity\n|-resisted|p1a: Toxtricity\n|-damage|p1a: Toxtricity|140/257\n|-damage|p2a: Scizor|60/240|[from] item: Life Orb\n|move|p1a: Toxtricity|Overdrive|p2a: Scizor\n|-damage|p2a: Scizor|0 fnt\n|faint|p2a: Scizor\n|-enditem|p1a: Toxtricity|Throat Spray\n|-boost|p1a: Toxtricity|spa|1|[from] item: Throat Spray\n|\n|upkeep\n|\n|t:|1781453294\n|switch|p2a: Gumshoos|Gumshoos, L95, F|321/321\n|turn|23\n|\n|t:|1781453303\n|-terastallize|p1a: Toxtricity|Normal\n|move|p1a: Toxtricity|Boomburst|p2a: Gumshoos\n|-damage|p2a: Gumshoos|0 fnt\n|faint|p2a: Gumshoos\n|\n|upkeep\n|\n|t:|1781453308\n|switch|p2a: Uxie|Uxie, L83|260/260\n|turn|24\n|\n|t:|1781453318\n|move|p1a: Toxtricity|Boomburst|p2a: Uxie\n|-damage|p2a: Uxie|23/260\n|move|p2a: Uxie|Thunder Wave|p1a: Toxtricity\n|-status|p1a: Toxtricity|par\n|\n|-heal|p2a: Uxie|39/260|[from] item: Leftovers\n|upkeep\n|turn|25\n|\n|t:|1781453325\n|move|p2a: Uxie|Psychic Noise|p1a: Toxtricity\n|-damage|p1a: Toxtricity|101/257 par\n|-start|p1a: Toxtricity|move: Heal Block\n|move|p1a: Toxtricity|Shift Gear|p1a: Toxtricity\n|-boost|p1a: Toxtricity|spe|2\n|-boost|p1a: Toxtricity|atk|1\n|\n|-heal|p2a: Uxie|55/260|[from] item: Leftovers\n|upkeep\n|turn|26\n|\n|t:|1781453333\n|move|p1a: Toxtricity|Boomburst|p2a: Uxie\n|-damage|p2a: Uxie|0 fnt\n|faint|p2a: Uxie\n|\n|-end|p1a: Toxtricity|move: Heal Block\n|upkeep\n|\n|t:|1781453338\n|switch|p2a: Serperior|Serperior, L79, F|243/248\n|turn|27\n|\n|t:|1781453340\n|move|p1a: Toxtricity|Boomburst|p2a: Serperior\n|-damage|p2a: Serperior|0 fnt\n|faint|p2a: Serperior\n|\n|upkeep\n|-message|DEVILICEMIN forfeited.\n|\n|win|1001001sos\n", "inputlog": ">version a8376a258c1d4662feba110a92103f3664a72141\n>start {\"formatid\":\"gen9randombattle\",\"seed\":\"sodium,8b9a02f3cbda6d93441a6f4a2240d2e6\",\"rated\":\"Rated battle\"}\n>player p1 {\"name\":\"1001001sos\",\"avatar\":\"pokemonranger\",\"rating\":2099,\"seed\":\"sodium,2ffc5d44beff4bbd3017fb81ecc5d856\"}\n>player p2 {\"name\":\"DEVILICEMIN\",\"avatar\":\"265\",\"rating\":2094,\"seed\":\"sodium,931650648745d08a9620848163e807c9\"}\n>p1 move dragondance\n>p2 move bleakwindstorm\n>p1 move outrage\n>p2 move bleakwindstorm\n>p1 switch 2\n>p1 move aquajet\n>p2 switch 3\n>p1 switch 4\n>p2 move scald\n>p1 move sludgebomb\n>p2 switch 5\n>p1 move substitute\n>p2 move knockoff\n>p1 switch 5\n>p2 move knockoff\n>p1 move sacredfire\n>p2 switch 5\n>p1 switch 5\n>p2 move icebeam\n>p1 move gigadrain\n>p2 switch 5\n>p1 switch 5\n>p2 move knockoff\n>p1 move sacredfire\n>p2 switch 5\n>p1 switch 5\n>p2 move scald\n>p1 move gigadrain\n>p2 move icebeam\n>p1 move gigadrain\n>p2 switch 5\n>p1 switch 5\n>p2 move bugbite\n>p1 move bravebird\n>p2 switch 5\n>p2 switch 3\n>p1 move bravebird\n>p2 move bleakwindstorm\n>p1 switch 4\n>p1 move aquajet\n>p2 switch 2\n>p1 switch 6\n>p2 move leafstorm\n>p1 move shiftgear\n>p2 switch 5\n>p1 move overdrive\n>p2 move bulletpunch\n>p2 switch 4\n>p1 move boomburst terastallize\n>p2 move doubleedge\n>p2 switch 6\n>p1 move boomburst\n>p2 move thunderwave\n>p1 move shiftgear\n>p2 move psychicnoise\n>p1 move boomburst\n>p2 move psychicnoise\n>p2 switch 5\n>p1 move boomburst\n>p2 move leafstorm\n>forcelose p2", "uploadtime": 1781453068, "views": 7, "formatid": "gen9randombattle", "rating": null, "private": 0, "password": null}