{"id": "gen9randombattle-2631565193", "format": "[Gen 9] Random Battle", "players": ["yurties", "tuk101"], "log": "|j|\u2606yurties\n|j|\u2606tuk101\n|t:|1781402073\n|gametype|singles\n|player|p1|yurties|265|\n|player|p2|tuk101|101|\n|gen|9\n|tier|[Gen 9] Random Battle\n|rule|Species Clause: Limit one of each Pok\u00e9mon\n|rule|HP Percentage Mod: HP is shown in percentages\n|rule|Sleep Clause Mod: Limit one foe put to sleep\n|rule|Illusion Level Mod: Illusion disguises the Pok\u00e9mon's true level\n|\n|t:|1781402073\n|teamsize|p1|6\n|teamsize|p2|6\n|start\n|switch|p1a: Barraskewda|Barraskewda, L81, F|231/231\n|switch|p2a: Floatzel|Floatzel, L86, M|286/286\n|turn|1\n|\n|t:|1781402096\n|move|p1a: Barraskewda|Psychic Fangs|p2a: Floatzel\n|-damage|p2a: Floatzel|141/286\n|move|p2a: Floatzel|Crunch|p1a: Barraskewda\n|-damage|p1a: Barraskewda|107/231\n|\n|upkeep\n|turn|2\n|\n|t:|1781402110\n|move|p1a: Barraskewda|Psychic Fangs|p2a: Floatzel\n|-damage|p2a: Floatzel|0 fnt\n|faint|p2a: Floatzel\n|\n|upkeep\n|\n|t:|1781402126\n|switch|p2a: Sinistcha|Sinistcha, L83|254/254\n|turn|3\n|\n|t:|1781402139\n|switch|p1a: Sawsbuck|Sawsbuck, L88, M|284/284\n|move|p2a: Sinistcha|Matcha Gotcha|p1a: Sawsbuck\n|-ability|p1a: Sawsbuck|Sap Sipper|boost\n|-boost|p1a: Sawsbuck|atk|1\n|\n|upkeep\n|turn|4\n|\n|t:|1781402157\n|switch|p2a: Pecharunt|Pecharunt, L77|262/262\n|move|p1a: Sawsbuck|Swords Dance|p1a: Sawsbuck\n|-boost|p1a: Sawsbuck|atk|2\n|\n|upkeep\n|turn|5\n|\n|t:|1781402167\n|move|p1a: Sawsbuck|High Horsepower|p2a: Pecharunt\n|-supereffective|p2a: Pecharunt\n|-damage|p2a: Pecharunt|0 fnt\n|-damage|p1a: Sawsbuck|237/284|[from] item: Rocky Helmet|[of] p2a: Pecharunt\n|faint|p2a: Pecharunt\n|-damage|p1a: Sawsbuck|209/284|[from] item: Life Orb\n|\n|upkeep\n|\n|t:|1781402175\n|switch|p2a: Mudsdale|Mudsdale, L83, F|302/302\n|turn|6\n|\n|t:|1781402184\n|move|p1a: Sawsbuck|Horn Leech|p2a: Mudsdale\n|-supereffective|p2a: Mudsdale\n|-damage|p2a: Mudsdale|0 fnt\n|-heal|p1a: Sawsbuck|284/284|[from] drain|[of] p2a: Mudsdale\n|faint|p2a: Mudsdale\n|-damage|p1a: Sawsbuck|256/284|[from] item: Life Orb\n|\n|upkeep\n|\n|t:|1781402189\n|switch|p2a: Tropius|Tropius, L91, M|328/328\n|turn|7\n|\n|t:|1781402193\n|-terastallize|p1a: Sawsbuck|Normal\n|move|p1a: Sawsbuck|Double-Edge|p2a: Tropius\n|-damage|p2a: Tropius|0 fnt\n|faint|p2a: Tropius\n|-damage|p1a: Sawsbuck|148/284|[from] Recoil\n|-damage|p1a: Sawsbuck|120/284|[from] item: Life Orb\n|\n|upkeep\n|\n|t:|1781402200\n|switch|p2a: Lycanroc|Lycanroc-Dusk, L81, M|254/254\n|turn|8\n|\n|t:|1781402205\n|-terastallize|p2a: Lycanroc|Fighting\n|move|p2a: Lycanroc|Throat Chop|p1a: Sawsbuck\n|-damage|p1a: Sawsbuck|0 fnt\n|faint|p1a: Sawsbuck\n|\n|upkeep\n|\n|t:|1781402211\n|switch|p1a: Barraskewda|Barraskewda, L81, F|107/231\n|turn|9\n|\n|t:|1781402218\n|switch|p2a: Sinistcha|Sinistcha, L83|254/254\n|move|p1a: Barraskewda|Psychic Fangs|p2a: Sinistcha\n|-crit|p2a: Sinistcha\n|-damage|p2a: Sinistcha|112/254\n|\n|-heal|p2a: Sinistcha|127/254|[from] item: Leftovers\n|upkeep\n|turn|10\n|\n|t:|1781402223\n|move|p1a: Barraskewda|Psychic Fangs|p2a: Sinistcha\n|-damage|p2a: Sinistcha|45/254\n|move|p2a: Sinistcha|Matcha Gotcha|p1a: Barraskewda\n|-supereffective|p1a: Barraskewda\n|-damage|p1a: Barraskewda|0 fnt\n|-heal|p2a: Sinistcha|99/254|[from] drain|[of] p1a: Barraskewda\n|faint|p1a: Barraskewda\n|\n|-heal|p2a: Sinistcha|114/254|[from] item: Leftovers\n|upkeep\n|\n|t:|1781402233\n|switch|p1a: Illumise|Illumise, L91, F|266/266\n|turn|11\n|\n|t:|1781402245\n|move|p1a: Illumise|Encore|p2a: Sinistcha\n|-start|p2a: Sinistcha|Encore\n|move|p2a: Sinistcha|Matcha Gotcha|p1a: Illumise\n|-resisted|p1a: Illumise\n|-damage|p1a: Illumise|220/266\n|-heal|p2a: Sinistcha|137/254|[from] drain|[of] p1a: Illumise\n|-status|p1a: Illumise|brn\n|\n|-heal|p2a: Sinistcha|152/254|[from] item: Leftovers\n|-damage|p1a: Illumise|204/266 brn|[from] brn\n|upkeep\n|turn|12\n|\n|t:|1781402276\n|move|p1a: Illumise|Bug Buzz|p2a: Sinistcha\n|-damage|p2a: Sinistcha|44/254\n|move|p2a: Sinistcha|Matcha Gotcha|p1a: Illumise|[miss]\n|-miss|p2a: Sinistcha|p1a: Illumise\n|\n|-heal|p2a: Sinistcha|59/254|[from] item: Leftovers\n|-damage|p1a: Illumise|188/266 brn|[from] brn\n|upkeep\n|turn|13\n|\n|t:|1781402284\n|switch|p2a: Lycanroc|Lycanroc-Dusk, L81, M, tera:Fighting|254/254\n|move|p1a: Illumise|Bug Buzz|p2a: Lycanroc\n|-resisted|p2a: Lycanroc\n|-damage|p2a: Lycanroc|191/254\n|\n|-damage|p1a: Illumise|172/266 brn|[from] brn\n|upkeep\n|turn|14\n|\n|t:|1781402293\n|move|p2a: Lycanroc|Accelerock|p1a: Illumise\n|-supereffective|p1a: Illumise\n|-damage|p1a: Illumise|0 fnt\n|faint|p1a: Illumise\n|\n|upkeep\n|\n|t:|1781402307\n|switch|p1a: Roaring Moon|Roaring Moon, L72|270/270\n|turn|15\n|\n|t:|1781402319\n|switch|p2a: Sinistcha|Sinistcha, L83|59/254\n|move|p1a: Roaring Moon|Outrage|p2a: Sinistcha\n|-damage|p2a: Sinistcha|0 fnt\n|faint|p2a: Sinistcha\n|\n|upkeep\n|\n|t:|1781402326\n|switch|p2a: Lycanroc|Lycanroc-Dusk, L81, M, tera:Fighting|191/254\n|turn|16\n|\n|t:|1781402329\n|move|p2a: Lycanroc|Close Combat|p1a: Roaring Moon\n|-supereffective|p1a: Roaring Moon\n|-damage|p1a: Roaring Moon|0 fnt\n|-unboost|p2a: Lycanroc|def|1\n|-unboost|p2a: Lycanroc|spd|1\n|faint|p1a: Roaring Moon\n|-end|p1a: Roaring Moon|Protosynthesis|[silent]\n|\n|upkeep\n|\n|t:|1781402338\n|switch|p1a: Lumineon|Lumineon, L93, F|279/279\n|turn|17\n|\n|t:|1781402344\n|move|p2a: Lycanroc|Close Combat|p1a: Lumineon\n|-damage|p1a: Lumineon|0 fnt\n|-unboost|p2a: Lycanroc|def|1\n|-unboost|p2a: Lycanroc|spd|1\n|faint|p1a: Lumineon\n|\n|upkeep\n|\n|t:|1781402347\n|switch|p1a: Registeel|Registeel, L81|262/262\n|turn|18\n|\n|t:|1781402361\n|move|p2a: Lycanroc|Close Combat|p1a: Registeel\n|-supereffective|p1a: Registeel\n|-damage|p1a: Registeel|0 fnt\n|-unboost|p2a: Lycanroc|def|1\n|-unboost|p2a: Lycanroc|spd|1\n|faint|p1a: Registeel\n|\n|win|tuk101\n|l|\u2606tuk101\n|player|p2|\n|l|\u2606yurties\n|player|p1|\n|j|\u2606yurties\n|player|p1|yurties|265|\n|l|\u2606yurties\n|player|p1|\n|j|\u2606tuk101\n|player|p2|tuk101|101|\n", "inputlog": ">version a8376a258c1d4662feba110a92103f3664a72141\n>start {\"formatid\":\"gen9randombattle\",\"seed\":\"sodium,a753de4733b1b0b9b04fc2e4cad72f4b\"}\n>player p1 {\"name\":\"yurties\",\"avatar\":\"265\",\"rating\":0,\"seed\":\"sodium,749e9ead19f8787b0174d9a1b0c03b35\"}\n>player p2 {\"name\":\"tuk101\",\"avatar\":\"101\",\"rating\":0,\"seed\":\"sodium,56f0dcb50f9080d961b2ddb29384ca41\"}\n>p1 move psychicfangs\n>p2 move crunch\n>p1 move psychicfangs\n>p2 move crunch\n>p2 switch 3\n>p1 switch 2\n>p2 move matchagotcha\n>p1 move swordsdance\n>p2 switch 4\n>p1 move highhorsepower\n>p2 move malignantchain\n>p2 switch 2\n>p1 move hornleech\n>p2 move heavyslam\n>p2 switch 5\n>p1 move doubleedge terastallize\n>p2 move dualwingbeat\n>p2 switch 6\n>p1 move hornleech\n>p2 move throatchop terastallize\n>p1 switch 2\n>p1 move psychicfangs\n>p2 switch 4\n>p1 move psychicfangs\n>p2 move matchagotcha\n>p1 switch 6\n>p1 move encore\n>p2 move strengthsap\n>p1 move bugbuzz\n>p2 move matchagotcha\n>p1 move bugbuzz\n>p2 switch 4\n>p1 move thunderwave\n>p2 move accelerock\n>p1 switch 5\n>p1 move outrage\n>p2 switch 4\n>p2 switch 4\n>p1 move outrage\n>p2 move closecombat\n>p1 switch 3\n>p1 move alluringvoice\n>p2 move closecombat\n>p1 switch 4\n>p1 move bodypress\n>p2 move closecombat", "uploadtime": 1781402627, "views": 23, "formatid": "gen9randombattle", "rating": null, "private": 0, "password": null}