{"id": "gen9randombattle-2631902362", "format": "[Gen 9] Random Battle", "players": ["coolrip", "DAZHULAN"], "log": "|j|\u2606coolrip\n|j|\u2606DAZHULAN\n|t:|1781453801\n|gametype|singles\n|player|p1|coolrip|266|1754\n|player|p2|DAZHULAN|cynthia|1749\n|gen|9\n|tier|[Gen 9] Random Battle\n|rated|\n|rule|Species Clause: Limit one of each Pok\u00e9mon\n|rule|HP Percentage Mod: HP is shown in percentages\n|rule|Sleep Clause Mod: Limit one foe put to sleep\n|rule|Illusion Level Mod: Illusion disguises the Pok\u00e9mon's true level\n|\n|t:|1781453801\n|teamsize|p1|6\n|teamsize|p2|6\n|start\n|switch|p1a: Pelipper|Pelipper, L86, F|243/243\n|switch|p2a: Great Tusk|Great Tusk, L77|304/304\n|-weather|RainDance|[from] ability: Drizzle|[of] p1a: Pelipper\n|turn|1\n|inactive|Battle timer is ON: inactive players will automatically lose when time's up. (requested by coolrip)\n|\n|t:|1781453832\n|-end|p2a: Great Tusk|Protosynthesis|[silent]\n|switch|p2a: Sableye|Sableye, L88, M|231/231\n|move|p1a: Pelipper|Hurricane|p2a: Sableye\n|-crit|p2a: Sableye\n|-damage|p2a: Sableye|0 fnt\n|faint|p2a: Sableye\n|\n|-weather|RainDance|[upkeep]\n|upkeep\n|\n|t:|1781453838\n|switch|p2a: Gumshoos|Gumshoos, L95, M|321/321\n|turn|2\n|\n|t:|1781453853\n|move|p1a: Pelipper|Hurricane|p2a: Gumshoos\n|-damage|p2a: Gumshoos|117/321\n|move|p2a: Gumshoos|Double-Edge|p1a: Pelipper\n|-damage|p1a: Pelipper|14/243\n|-damage|p2a: Gumshoos|41/321|[from] Recoil\n|\n|-weather|RainDance|[upkeep]\n|upkeep\n|turn|3\n|\n|t:|1781453875\n|move|p1a: Pelipper|Hurricane|p2a: Gumshoos\n|-crit|p2a: Gumshoos\n|-damage|p2a: Gumshoos|0 fnt\n|faint|p2a: Gumshoos\n|\n|-weather|RainDance|[upkeep]\n|upkeep\n|\n|t:|1781453877\n|switch|p2a: Great Tusk|Great Tusk, L77|304/304\n|turn|4\n|\n|t:|1781453882\n|move|p2a: Great Tusk|Rapid Spin|p1a: Pelipper\n|-damage|p1a: Pelipper|0 fnt\n|-boost|p2a: Great Tusk|spe|1\n|faint|p1a: Pelipper\n|\n|-weather|RainDance|[upkeep]\n|upkeep\n|\n|t:|1781453894\n|switch|p1a: Toedscruel|Toedscruel, L87, F|281/281\n|turn|5\n|\n|t:|1781453921\n|-end|p2a: Great Tusk|Protosynthesis|[silent]\n|switch|p2a: Hariyama|Hariyama, L87, M|392/392\n|move|p1a: Toedscruel|Leaf Storm|p2a: Hariyama|[miss]\n|-miss|p1a: Toedscruel|p2a: Hariyama\n|\n|-weather|none\n|upkeep\n|turn|6\n|\n|t:|1781453930\n|switch|p1a: Cresselia|Cresselia, L80, F|323/323\n|move|p2a: Hariyama|Knock Off|p1a: Cresselia\n|-supereffective|p1a: Cresselia\n|-damage|p1a: Cresselia|179/323\n|-enditem|p1a: Cresselia|Leftovers|[from] move: Knock Off|[of] p2a: Hariyama\n|\n|upkeep\n|turn|7\n|\n|t:|1781453943\n|switch|p2a: Mudsdale|Mudsdale, L83, M|302/302\n|move|p1a: Cresselia|Psyshock|p2a: Mudsdale\n|-damage|p2a: Mudsdale|242/302\n|-ability|p2a: Mudsdale|Stamina|boost\n|-boost|p2a: Mudsdale|def|1\n|\n|-heal|p2a: Mudsdale|260/302|[from] item: Leftovers\n|upkeep\n|turn|8\n|\n|t:|1781453964\n|switch|p1a: Toedscruel|Toedscruel, L87, F|281/281\n|move|p2a: Mudsdale|Stealth Rock|p1a: Toedscruel\n|-sidestart|p1: coolrip|move: Stealth Rock\n|\n|-heal|p2a: Mudsdale|278/302|[from] item: Leftovers\n|upkeep\n|turn|9\n|inactive|DAZHULAN has 120 seconds left.\n|\n|t:|1781453988\n|switch|p2a: Hariyama|Hariyama, L87, M|392/392\n|move|p1a: Toedscruel|Leaf Storm|p2a: Hariyama\n|-damage|p2a: Hariyama|277/392\n|-unboost|p1a: Toedscruel|spa|2\n|\n|upkeep\n|turn|10\n|inactive|DAZHULAN has 120 seconds left.\n|\n|t:|1781453998\n|switch|p1a: Cresselia|Cresselia, L80, F|179/323\n|-damage|p1a: Cresselia|139/323|[from] Stealth Rock\n|move|p2a: Hariyama|Knock Off|p1a: Cresselia\n|-supereffective|p1a: Cresselia\n|-damage|p1a: Cresselia|27/323\n|\n|upkeep\n|turn|11\n|inactive|DAZHULAN has 120 seconds left.\n|\n|t:|1781454024\n|switch|p2a: Diancie|Diancie, L82|216/216\n|move|p1a: Cresselia|Moonlight|p1a: Cresselia\n|-heal|p1a: Cresselia|188/323\n|\n|upkeep\n|turn|12\n|\n|t:|1781454031\n|switch|p1a: Cobalion|Cobalion, L80|277/277\n|-damage|p1a: Cobalion|269/277|[from] Stealth Rock\n|move|p2a: Diancie|Diamond Storm|p1a: Cobalion\n|-resisted|p1a: Cobalion\n|-damage|p1a: Cobalion|250/277\n|-boost|p2a: Diancie|def|2\n|\n|upkeep\n|turn|13\n|\n|t:|1781454049\n|-terastallize|p2a: Diancie|Fighting\n|move|p1a: Cobalion|Iron Head|p2a: Diancie\n|-damage|p2a: Diancie|180/216\n|-damage|p1a: Cobalion|223/277|[from] item: Life Orb\n|move|p2a: Diancie|Rock Polish|p2a: Diancie\n|-boost|p2a: Diancie|spe|2\n|\n|-heal|p2a: Diancie|193/216|[from] item: Leftovers\n|upkeep\n|turn|14\n|inactive|coolrip has 120 seconds left.\n|\n|t:|1781454080\n|switch|p1a: Cresselia|Cresselia, L80, F|188/323\n|-damage|p1a: Cresselia|148/323|[from] Stealth Rock\n|move|p2a: Diancie|Body Press|p1a: Cresselia\n|-resisted|p1a: Cresselia\n|-damage|p1a: Cresselia|40/323\n|\n|-heal|p2a: Diancie|206/216|[from] item: Leftovers\n|upkeep\n|turn|15\n|\n|t:|1781454095\n|move|p2a: Diancie|Body Press|p1a: Cresselia\n|-resisted|p1a: Cresselia\n|-damage|p1a: Cresselia|0 fnt\n|faint|p1a: Cresselia\n|\n|-heal|p2a: Diancie|216/216|[from] item: Leftovers\n|upkeep\n|inactive|coolrip has 120 seconds left.\n|\n|t:|1781454113\n|switch|p1a: Minior|Minior-Blue, L79|224/224\n|-damage|p1a: Minior|168/224|[from] Stealth Rock\n|-formechange|p1a: Minior|Minior-Meteor||[from] ability: Shields Down\n|turn|16\n|inactive|DAZHULAN has 90 seconds left.\n|\n|t:|1781454143\n|-terastallize|p1a: Minior|Steel\n|move|p2a: Diancie|Body Press|p1a: Minior\n|-supereffective|p1a: Minior\n|-damage|p1a: Minior|0 fnt\n|faint|p1a: Minior\n|\n|upkeep\n|\n|t:|1781454153\n|switch|p1a: Bastiodon|Bastiodon, L89, F|252/252\n|-damage|p1a: Bastiodon|237/252|[from] Stealth Rock\n|turn|17\n|-message|coolrip forfeited.\n|\n|win|DAZHULAN\n|raw|coolrip's rating: 1754 &rarr; <strong>1734</strong><br />(-20 for losing)\n|raw|DAZHULAN's rating: 1749 &rarr; <strong>1769</strong><br />(+20 for winning)\n|l|\u2606coolrip\n|player|p1|\n", "inputlog": ">version a8376a258c1d4662feba110a92103f3664a72141\n>start {\"formatid\":\"gen9randombattle\",\"seed\":\"sodium,0d66d6f0e97c20023c909b58c364facd\",\"rated\":\"Rated battle\"}\n>player p1 {\"name\":\"coolrip\",\"avatar\":\"266\",\"rating\":1754,\"seed\":\"sodium,0e2fc7f130778e15993ae164de1d5963\"}\n>player p2 {\"name\":\"DAZHULAN\",\"avatar\":\"cynthia\",\"rating\":1749,\"seed\":\"sodium,2bd4a7760c369a3ca5473be409e305b2\"}\n>p1 move hurricane\n>p2 switch 3\n>p2 switch 6\n>p1 move hurricane\n>p2 move doubleedge\n>p1 move hurricane\n>p2 move doubleedge\n>p2 switch 3\n>p1 move hurricane\n>p2 move rapidspin\n>p1 switch 5\n>p1 move leafstorm\n>p2 switch 5\n>p1 switch 6\n>p2 move knockoff\n>p1 move psyshock\n>p2 switch 4\n>p1 switch 6\n>p2 move stealthrock\n>p1 move leafstorm\n>p2 switch 4\n>p1 switch 6\n>p2 move knockoff\n>p1 move moonlight\n>p2 switch 2\n>p1 switch 4\n>p2 move diamondstorm\n>p1 move ironhead\n>p2 move rockpolish terastallize\n>p1 switch 4\n>p2 move bodypress\n>p1 move thunderbolt\n>p2 move bodypress\n>p1 switch 3\n>p1 move shellsmash terastallize\n>p2 move bodypress\n>p1 switch 2\n>forcelose p1", "uploadtime": 1781454165, "views": 3, "formatid": "gen9randombattle", "rating": 1734, "private": 0, "password": null}