{"id": "gen9randombattle-2631579299", "format": "[Gen 9] Random Battle", "players": ["Mess la rue", "yexel"], "log": "|j|\u2606Mess la rue\n|j|\u2606yexel\n|t:|1781403986\n|gametype|singles\n|player|p1|Mess la rue|lance|\n|player|p2|yexel|n|\n|gen|9\n|tier|[Gen 9] Random Battle\n|rule|Species Clause: Limit one of each Pok\u00e9mon\n|rule|HP Percentage Mod: HP is shown in percentages\n|rule|Sleep Clause Mod: Limit one foe put to sleep\n|rule|Illusion Level Mod: Illusion disguises the Pok\u00e9mon's true level\n|\n|t:|1781403986\n|teamsize|p1|6\n|teamsize|p2|6\n|start\n|switch|p1a: Shaymin|Shaymin-Sky, L73|266/266\n|switch|p2a: Wugtrio|Wugtrio, L91, M|212/212\n|turn|1\n|\n|t:|1781404019\n|move|p2a: Wugtrio|Throat Chop|p1a: Shaymin\n|-crit|p1a: Shaymin\n|-damage|p1a: Shaymin|83/266\n|-start|p1a: Shaymin|Throat Chop|[silent]\n|move|p1a: Shaymin|Seed Flare|p2a: Wugtrio\n|-supereffective|p2a: Wugtrio\n|-damage|p2a: Wugtrio|0 fnt\n|faint|p2a: Wugtrio\n|\n|upkeep\n|\n|t:|1781404032\n|switch|p2a: Braviary|Braviary, L85, M|309/309\n|turn|2\n|\n|t:|1781404045\n|switch|p1a: Toxtricity|Toxtricity, L82, M|257/257\n|move|p2a: Braviary|Bulk Up|p2a: Braviary\n|-boost|p2a: Braviary|atk|1\n|-boost|p2a: Braviary|def|1\n|\n|upkeep\n|turn|3\n|\n|t:|1781404102\n|move|p2a: Braviary|Brave Bird|p1a: Toxtricity\n|-resisted|p1a: Toxtricity\n|-damage|p1a: Toxtricity|108/257\n|-damage|p2a: Braviary|260/309|[from] Recoil\n|move|p1a: Toxtricity|Overdrive|p2a: Braviary\n|-supereffective|p2a: Braviary\n|-damage|p2a: Braviary|0 fnt\n|faint|p2a: Braviary\n|-enditem|p1a: Toxtricity|Throat Spray\n|-boost|p1a: Toxtricity|spa|1|[from] item: Throat Spray\n|\n|upkeep\n|\n|t:|1781404115\n|switch|p2a: Zamazenta|Zamazenta, L71|248/248\n|-ability|p2a: Zamazenta|Dauntless Shield|boost\n|-boost|p2a: Zamazenta|def|1\n|turn|4\n|\n|t:|1781404144\n|switch|p1a: Heracross|Heracross, L80, M|259/259\n|move|p2a: Zamazenta|Psychic Fangs|p1a: Heracross\n|-supereffective|p1a: Heracross\n|-damage|p1a: Heracross|79/259\n|\n|upkeep\n|turn|5\n|\n|t:|1781404161\n|move|p2a: Zamazenta|Psychic Fangs|p1a: Heracross\n|-supereffective|p1a: Heracross\n|-damage|p1a: Heracross|0 fnt\n|faint|p1a: Heracross\n|\n|upkeep\n|\n|t:|1781404164\n|switch|p1a: Carbink|Carbink, L90|236/236\n|turn|6\n|\n|t:|1781404173\n|move|p2a: Zamazenta|Psychic Fangs|p1a: Carbink\n|-damage|p1a: Carbink|191/236\n|move|p1a: Carbink|Moonblast|p2a: Zamazenta\n|-supereffective|p2a: Zamazenta\n|-damage|p2a: Zamazenta|116/248\n|\n|upkeep\n|turn|7\n|\n|t:|1781404192\n|switch|p2a: Mimikyu|Mimikyu, L79, F|216/216\n|switch|p1a: Shaymin|Shaymin-Sky, L73|83/266\n|\n|upkeep\n|turn|8\n|\n|t:|1781404218\n|move|p1a: Shaymin|Seed Flare|p2a: Mimikyu\n|-activate|p2a: Mimikyu|ability: Disguise\n|-damage|p2a: Mimikyu|216/216\n|-unboost|p2a: Mimikyu|spd|2\n|detailschange|p2a: Mimikyu|Mimikyu-Busted, L79, F\n|-damage|p2a: Mimikyu|189/216|[from] pokemon: Mimikyu-Busted\n|move|p2a: Mimikyu|Swords Dance|p2a: Mimikyu\n|-boost|p2a: Mimikyu|atk|2\n|\n|upkeep\n|turn|9\n|\n|t:|1781404232\n|move|p2a: Mimikyu|Shadow Sneak|p1a: Shaymin\n|-damage|p1a: Shaymin|0 fnt\n|faint|p1a: Shaymin\n|-damage|p2a: Mimikyu|168/216|[from] item: Life Orb\n|\n|upkeep\n|\n|t:|1781404236\n|switch|p1a: Toxtricity|Toxtricity, L82, M|108/257\n|turn|10\n|\n|t:|1781404250\n|move|p2a: Mimikyu|Shadow Sneak|p1a: Toxtricity\n|-damage|p1a: Toxtricity|5/257\n|-damage|p2a: Mimikyu|147/216|[from] item: Life Orb\n|move|p1a: Toxtricity|Gunk Shot|p2a: Mimikyu\n|-damage|p2a: Mimikyu|11/216\n|\n|upkeep\n|turn|11\n|\n|t:|1781404272\n|switch|p1a: Hippowdon|Hippowdon, L82, F|311/311\n|-weather|Sandstorm|[from] ability: Sand Stream|[of] p1a: Hippowdon\n|move|p2a: Mimikyu|Shadow Sneak|p1a: Hippowdon\n|-damage|p1a: Hippowdon|229/311\n|-damage|p2a: Mimikyu|0 fnt|[from] item: Life Orb\n|faint|p2a: Mimikyu\n|\n|-weather|Sandstorm|[upkeep]\n|-heal|p1a: Hippowdon|248/311|[from] item: Leftovers\n|upkeep\n|\n|t:|1781404285\n|switch|p2a: Salamence|Salamence, L77, F|273/273\n|-ability|p2a: Salamence|Intimidate|boost\n|-unboost|p1a: Hippowdon|atk|1\n|turn|12\n|\n|t:|1781404293\n|move|p2a: Salamence|Dragon Dance|p2a: Salamence\n|-boost|p2a: Salamence|atk|1\n|-boost|p2a: Salamence|spe|1\n|move|p1a: Hippowdon|Stone Edge|p2a: Salamence\n|-supereffective|p2a: Salamence\n|-damage|p2a: Salamence|151/273\n|\n|-weather|Sandstorm|[upkeep]\n|-damage|p2a: Salamence|134/273|[from] Sandstorm\n|-heal|p1a: Hippowdon|267/311|[from] item: Leftovers\n|upkeep\n|turn|13\n|\n|t:|1781404309\n|move|p2a: Salamence|Outrage|p1a: Hippowdon\n|-damage|p1a: Hippowdon|98/311\n|move|p1a: Hippowdon|Stone Edge|p2a: Salamence|[miss]\n|-miss|p1a: Hippowdon|p2a: Salamence\n|\n|-weather|Sandstorm|[upkeep]\n|-damage|p2a: Salamence|117/273|[from] Sandstorm\n|-heal|p1a: Hippowdon|117/311|[from] item: Leftovers\n|upkeep\n|turn|14\n|\n|t:|1781404318\n|move|p2a: Salamence|Outrage|p1a: Hippowdon|[from] lockedmove\n|-damage|p1a: Hippowdon|0 fnt\n|faint|p1a: Hippowdon\n|-start|p2a: Salamence|confusion|[fatigue]\n|\n|-weather|Sandstorm|[upkeep]\n|-damage|p2a: Salamence|100/273|[from] Sandstorm\n|upkeep\n|\n|t:|1781404322\n|switch|p1a: Carbink|Carbink, L90|191/236\n|turn|15\n|\n|t:|1781404331\n|-activate|p2a: Salamence|confusion\n|move|p2a: Salamence|Roost|p2a: Salamence\n|-heal|p2a: Salamence|237/273\n|-singleturn|p2a: Salamence|move: Roost\n|move|p1a: Carbink|Moonblast|p2a: Salamence\n|-supereffective|p2a: Salamence\n|-damage|p2a: Salamence|57/273\n|-unboost|p2a: Salamence|spa|1\n|\n|-weather|none\n|upkeep\n|turn|16\n|\n|t:|1781404341\n|-end|p2a: Salamence|confusion\n|move|p2a: Salamence|Dual Wingbeat|p1a: Carbink|[miss]\n|-miss|p2a: Salamence|p1a: Carbink\n|move|p1a: Carbink|Moonblast|p2a: Salamence\n|-supereffective|p2a: Salamence\n|-damage|p2a: Salamence|0 fnt\n|faint|p2a: Salamence\n|\n|upkeep\n|\n|t:|1781404354\n|switch|p2a: Zamazenta|Zamazenta, L71|116/248\n|turn|17\n|\n|t:|1781404360\n|move|p2a: Zamazenta|Close Combat|p1a: Carbink\n|-damage|p1a: Carbink|85/236\n|-unboost|p2a: Zamazenta|def|1\n|-unboost|p2a: Zamazenta|spd|1\n|move|p1a: Carbink|Moonblast|p2a: Zamazenta\n|-supereffective|p2a: Zamazenta\n|-damage|p2a: Zamazenta|0 fnt\n|faint|p2a: Zamazenta\n|\n|upkeep\n|\n|t:|1781404367\n|switch|p2a: Jolteon|Jolteon, L84, M|246/246\n|turn|18\n|\n|t:|1781404384\n|move|p2a: Jolteon|Alluring Voice|p1a: Carbink\n|-damage|p1a: Carbink|26/236\n|move|p1a: Carbink|Rest|p1a: Carbink\n|-status|p1a: Carbink|slp|[from] move: Rest\n|-heal|p1a: Carbink|236/236 slp|[silent]\n|-enditem|p1a: Carbink|Chesto Berry|[eat]\n|-curestatus|p1a: Carbink|slp|[msg]\n|\n|upkeep\n|turn|19\n|\n|t:|1781404395\n|move|p2a: Jolteon|Alluring Voice|p1a: Carbink\n|-damage|p1a: Carbink|181/236\n|move|p1a: Carbink|Moonblast|p2a: Jolteon\n|-damage|p2a: Jolteon|177/246\n|\n|upkeep\n|turn|20\n|\n|t:|1781404406\n|switch|p1a: Masquerain|Masquerain, L87, M|264/264\n|-ability|p1a: Masquerain|Intimidate|boost\n|-unboost|p2a: Jolteon|atk|1\n|move|p2a: Jolteon|Alluring Voice|p1a: Masquerain\n|-damage|p1a: Masquerain|166/264\n|\n|upkeep\n|turn|21\n|\n|t:|1781404417\n|move|p2a: Jolteon|Alluring Voice|p1a: Masquerain\n|-damage|p1a: Masquerain|74/264\n|move|p1a: Masquerain|Hydro Pump|p2a: Jolteon\n|-damage|p2a: Jolteon|102/246\n|\n|upkeep\n|turn|22\n|\n|t:|1781404427\n|-terastallize|p1a: Masquerain|Water\n|move|p2a: Jolteon|Alluring Voice|p1a: Masquerain\n|-damage|p1a: Masquerain|0 fnt\n|faint|p1a: Masquerain\n|\n|upkeep\n|\n|t:|1781404431\n|switch|p1a: Toxtricity|Toxtricity, L82, M|5/257\n|turn|23\n|\n|t:|1781404442\n|move|p2a: Jolteon|Alluring Voice|p1a: Toxtricity\n|-resisted|p1a: Toxtricity\n|-damage|p1a: Toxtricity|0 fnt\n|faint|p1a: Toxtricity\n|\n|upkeep\n|\n|t:|1781404447\n|switch|p1a: Carbink|Carbink, L90|181/236\n|turn|24\n|\n|t:|1781404462\n|-terastallize|p2a: Jolteon|Fairy\n|move|p2a: Jolteon|Alluring Voice|p1a: Carbink\n|-damage|p1a: Carbink|103/236\n|move|p1a: Carbink|Body Press|p2a: Jolteon\n|-resisted|p2a: Jolteon\n|-damage|p2a: Jolteon|40/246\n|\n|upkeep\n|turn|25\n|\n|t:|1781404472\n|move|p2a: Jolteon|Alluring Voice|p1a: Carbink\n|-damage|p1a: Carbink|24/236\n|move|p1a: Carbink|Rest|p1a: Carbink\n|-status|p1a: Carbink|slp|[from] move: Rest\n|-heal|p1a: Carbink|236/236 slp|[silent]\n|\n|upkeep\n|turn|26\n|\n|t:|1781404476\n|move|p2a: Jolteon|Alluring Voice|p1a: Carbink\n|-damage|p1a: Carbink|149/236 slp\n|cant|p1a: Carbink|slp\n|\n|upkeep\n|turn|27\n|\n|t:|1781404483\n|move|p2a: Jolteon|Alluring Voice|p1a: Carbink\n|-damage|p1a: Carbink|59/236 slp\n|cant|p1a: Carbink|slp\n|\n|upkeep\n|turn|28\n|\n|t:|1781404486\n|move|p2a: Jolteon|Alluring Voice|p1a: Carbink\n|-damage|p1a: Carbink|0 fnt\n|faint|p1a: Carbink\n|\n|win|yexel\n|l|\u2606Mess la rue\n|player|p1|\n|j|\u2606Mess la rue\n|player|p1|Mess la rue|lance|\n", "uploadtime": 1781404510, "views": 4, "formatid": "gen9randombattle", "rating": null, "private": 0, "password": null}