{"id": "gen9randombattle-2631794847", "format": "[Gen 9] Random Battle", "players": ["ColdWaterSteam", "memebraker"], "log": "|j|\u2606ColdWaterSteam\n|j|\u2606memebraker\n|t:|1781440748\n|gametype|singles\n|player|p1|ColdWaterSteam|2|2099\n|player|p2|memebraker|bugcatcher-gen4dp|2172\n|gen|9\n|tier|[Gen 9] Random Battle\n|rated|\n|rule|Species Clause: Limit one of each Pok\u00e9mon\n|rule|HP Percentage Mod: HP is shown in percentages\n|rule|Sleep Clause Mod: Limit one foe put to sleep\n|rule|Illusion Level Mod: Illusion disguises the Pok\u00e9mon's true level\n|\n|t:|1781440748\n|teamsize|p1|6\n|teamsize|p2|6\n|start\n|switch|p1a: Cresselia|Cresselia, L80, F|323/323\n|switch|p2a: Vivillon|Vivillon-River, L83, F|268/268\n|turn|1\n|inactive|Battle timer is ON: inactive players will automatically lose when time's up. (requested by ColdWaterSteam)\n|\n|t:|1781440759\n|move|p2a: Vivillon|Sleep Powder|p1a: Cresselia\n|-status|p1a: Cresselia|slp|[from] move: Sleep Powder\n|cant|p1a: Cresselia|slp\n|\n|upkeep\n|turn|2\n|\n|t:|1781440768\n|switch|p2a: Clefable|Clefable, L83, M|293/293\n|cant|p1a: Cresselia|slp\n|\n|upkeep\n|turn|3\n|\n|t:|1781440786\n|switch|p1a: Metagross|Metagross, L79|256/256\n|move|p2a: Clefable|Stealth Rock|p1a: Metagross\n|-sidestart|p1: ColdWaterSteam|move: Stealth Rock\n|\n|upkeep\n|turn|4\n|\n|t:|1781440794\n|switch|p2a: Archaludon|Archaludon, L78, F|268/268\n|move|p1a: Metagross|Heavy Slam|p2a: Archaludon\n|-resisted|p2a: Archaludon\n|-damage|p2a: Archaludon|208/268\n|-ability|p2a: Archaludon|Stamina|boost\n|-boost|p2a: Archaludon|def|1\n|\n|upkeep\n|turn|5\n|\n|t:|1781440821\n|switch|p1a: Dondozo|Dondozo, L78, M|362/362\n|-damage|p1a: Dondozo|317/362|[from] Stealth Rock\n|move|p2a: Archaludon|Swords Dance|p2a: Archaludon\n|-boost|p2a: Archaludon|atk|2\n|\n|-heal|p1a: Dondozo|339/362|[from] item: Leftovers\n|upkeep\n|turn|6\n|\n|t:|1781440834\n|switch|p2a: Wyrdeer|Wyrdeer, L87, F|321/321\n|-ability|p2a: Wyrdeer|Intimidate|boost\n|-unboost|p1a: Dondozo|atk|1\n|move|p1a: Dondozo|Curse|p1a: Dondozo\n|-unboost|p1a: Dondozo|spe|1\n|-boost|p1a: Dondozo|atk|1\n|-boost|p1a: Dondozo|def|1\n|\n|-heal|p1a: Dondozo|361/362|[from] item: Leftovers\n|upkeep\n|turn|7\n|\n|t:|1781440842\n|switch|p1a: Umbreon|Umbreon, L84, F|297/297\n|-damage|p1a: Umbreon|260/297|[from] Stealth Rock\n|move|p2a: Wyrdeer|Psychic Noise|p1a: Umbreon\n|-immune|p1a: Umbreon\n|\n|-heal|p1a: Umbreon|278/297|[from] item: Leftovers\n|upkeep\n|turn|8\n|\n|t:|1781440853\n|switch|p2a: Archaludon|Archaludon, L78, F|208/268\n|move|p1a: Umbreon|Toxic|p2a: Archaludon\n|-immune|p2a: Archaludon\n|\n|-heal|p1a: Umbreon|296/297|[from] item: Leftovers\n|upkeep\n|turn|9\n|\n|t:|1781440862\n|switch|p1a: Dondozo|Dondozo, L78, M|361/362\n|-damage|p1a: Dondozo|316/362|[from] Stealth Rock\n|move|p2a: Archaludon|Iron Head|p1a: Dondozo\n|-resisted|p1a: Dondozo\n|-damage|p1a: Dondozo|282/362\n|\n|-heal|p1a: Dondozo|304/362|[from] item: Leftovers\n|upkeep\n|turn|10\n|\n|t:|1781440869\n|switch|p2a: Wyrdeer|Wyrdeer, L87, F|321/321\n|-ability|p2a: Wyrdeer|Intimidate|boost\n|-unboost|p1a: Dondozo|atk|1\n|move|p1a: Dondozo|Wave Crash|p2a: Wyrdeer\n|-damage|p2a: Wyrdeer|231/321\n|-damage|p1a: Dondozo|274/362|[from] Recoil\n|\n|-heal|p2a: Wyrdeer|251/321|[from] item: Leftovers\n|-heal|p1a: Dondozo|296/362|[from] item: Leftovers\n|upkeep\n|turn|11\n|\n|t:|1781440887\n|switch|p1a: Metagross|Metagross, L79|256/256\n|-damage|p1a: Metagross|240/256|[from] Stealth Rock\n|move|p2a: Wyrdeer|Body Slam|p1a: Metagross\n|-resisted|p1a: Metagross\n|-damage|p1a: Metagross|201/256\n|\n|-heal|p2a: Wyrdeer|271/321|[from] item: Leftovers\n|upkeep\n|turn|12\n|\n|t:|1781440898\n|move|p1a: Metagross|Knock Off|p2a: Wyrdeer\n|-supereffective|p2a: Wyrdeer\n|-damage|p2a: Wyrdeer|93/321\n|-enditem|p2a: Wyrdeer|Leftovers|[from] move: Knock Off|[of] p1a: Metagross\n|move|p2a: Wyrdeer|Thunder Wave|p1a: Metagross\n|-status|p1a: Metagross|par\n|\n|upkeep\n|turn|13\n|\n|t:|1781440908\n|move|p2a: Wyrdeer|Earthquake|p1a: Metagross\n|-supereffective|p1a: Metagross\n|-damage|p1a: Metagross|83/256 par\n|move|p1a: Metagross|Knock Off|p2a: Wyrdeer\n|-supereffective|p2a: Wyrdeer\n|-damage|p2a: Wyrdeer|0 fnt\n|faint|p2a: Wyrdeer\n|\n|upkeep\n|\n|t:|1781440928\n|switch|p2a: Archaludon|Archaludon, L78, F|208/268\n|turn|14\n|\n|t:|1781440943\n|move|p2a: Archaludon|Earthquake|p1a: Metagross\n|-supereffective|p1a: Metagross\n|-damage|p1a: Metagross|0 fnt\n|faint|p1a: Metagross\n|\n|upkeep\n|\n|t:|1781440945\n|switch|p1a: Dondozo|Dondozo, L78, M|296/362\n|-damage|p1a: Dondozo|251/362|[from] Stealth Rock\n|turn|15\n|\n|t:|1781440951\n|switch|p2a: Clefable|Clefable, L83, M|293/293\n|move|p1a: Dondozo|Curse|p1a: Dondozo\n|-unboost|p1a: Dondozo|spe|1\n|-boost|p1a: Dondozo|atk|1\n|-boost|p1a: Dondozo|def|1\n|\n|-heal|p1a: Dondozo|273/362|[from] item: Leftovers\n|upkeep\n|turn|16\n|\n|t:|1781440955\n|move|p2a: Clefable|Knock Off|p1a: Dondozo\n|-damage|p1a: Dondozo|225/362\n|-enditem|p1a: Dondozo|Leftovers|[from] move: Knock Off|[of] p2a: Clefable\n|move|p1a: Dondozo|Wave Crash|p2a: Clefable\n|-damage|p2a: Clefable|169/293\n|-damage|p1a: Dondozo|184/362|[from] Recoil\n|\n|-heal|p2a: Clefable|187/293|[from] item: Leftovers\n|upkeep\n|turn|17\n|\n|t:|1781440962\n|move|p2a: Clefable|Moonblast|p1a: Dondozo\n|-damage|p1a: Dondozo|46/362\n|move|p1a: Dondozo|Rest|p1a: Dondozo\n|-status|p1a: Dondozo|slp|[from] move: Rest\n|-heal|p1a: Dondozo|362/362 slp|[silent]\n|\n|-heal|p2a: Clefable|205/293|[from] item: Leftovers\n|upkeep\n|turn|18\n|\n|t:|1781440967\n|move|p2a: Clefable|Moonblast|p1a: Dondozo\n|-damage|p1a: Dondozo|223/362 slp\n|cant|p1a: Dondozo|slp\n|move|p1a: Dondozo|Sleep Talk|p1a: Dondozo\n|move|p1a: Dondozo|Rest||[from] move: Sleep Talk|[still]\n|-fail|p1a: Dondozo\n|\n|-heal|p2a: Clefable|223/293|[from] item: Leftovers\n|upkeep\n|turn|19\n|\n|t:|1781440972\n|move|p2a: Clefable|Moonblast|p1a: Dondozo\n|-damage|p1a: Dondozo|90/362 slp\n|cant|p1a: Dondozo|slp\n|move|p1a: Dondozo|Sleep Talk|p1a: Dondozo\n|move|p1a: Dondozo|Rest||[from] move: Sleep Talk|[still]\n|-fail|p1a: Dondozo\n|\n|-heal|p2a: Clefable|241/293|[from] item: Leftovers\n|upkeep\n|turn|20\n|\n|t:|1781440992\n|switch|p1a: Politoed|Politoed, L88, F|302/302\n|-damage|p1a: Politoed|265/302|[from] Stealth Rock\n|-weather|RainDance|[from] ability: Drizzle|[of] p1a: Politoed\n|move|p2a: Clefable|Moonblast|p1a: Politoed\n|-damage|p1a: Politoed|183/302\n|\n|-weather|RainDance|[upkeep]\n|-heal|p2a: Clefable|259/293|[from] item: Leftovers\n|upkeep\n|turn|21\n|\n|t:|1781441006\n|switch|p2a: Archaludon|Archaludon, L78, F|208/268\n|move|p1a: Politoed|Hydro Pump|p2a: Archaludon|[miss]\n|-miss|p1a: Politoed|p2a: Archaludon\n|\n|-weather|RainDance|[upkeep]\n|upkeep\n|turn|22\n|\n|t:|1781441020\n|move|p2a: Archaludon|Outrage|p1a: Politoed\n|-damage|p1a: Politoed|51/302\n|move|p1a: Politoed|Hypnosis|p2a: Archaludon|[miss]\n|-miss|p1a: Politoed|p2a: Archaludon\n|\n|-weather|RainDance|[upkeep]\n|upkeep\n|turn|23\n|\n|t:|1781441026\n|move|p2a: Archaludon|Outrage|p1a: Politoed|[from] lockedmove\n|-damage|p1a: Politoed|0 fnt\n|faint|p1a: Politoed\n|\n|-weather|RainDance|[upkeep]\n|upkeep\n|inactive|ColdWaterSteam has 120 seconds left.\n|\n|t:|1781441058\n|switch|p1a: Cresselia|Cresselia, L80, F|323/323 slp\n|-damage|p1a: Cresselia|283/323 slp|[from] Stealth Rock\n|turn|24\n|\n|t:|1781441062\n|-curestatus|p1a: Cresselia|slp|[msg]\n|move|p1a: Cresselia|Calm Mind|p1a: Cresselia\n|-boost|p1a: Cresselia|spa|1\n|-boost|p1a: Cresselia|spd|1\n|move|p2a: Archaludon|Outrage|p1a: Cresselia|[from] lockedmove\n|-crit|p1a: Cresselia\n|-damage|p1a: Cresselia|117/323\n|-start|p2a: Archaludon|confusion|[fatigue]\n|-enditem|p2a: Archaludon|Lum Berry|[eat]\n|-end|p2a: Archaludon|confusion\n|\n|-weather|none\n|-heal|p1a: Cresselia|137/323|[from] item: Leftovers\n|upkeep\n|turn|25\n|\n|t:|1781441075\n|move|p1a: Cresselia|Moonlight|p1a: Cresselia\n|-heal|p1a: Cresselia|298/323\n|move|p2a: Archaludon|Swords Dance|p2a: Archaludon\n|-boost|p2a: Archaludon|atk|2\n|\n|-heal|p1a: Cresselia|318/323|[from] item: Leftovers\n|upkeep\n|turn|26\n|\n|t:|1781441084\n|move|p1a: Cresselia|Moonblast|p2a: Archaludon\n|-damage|p2a: Archaludon|98/268\n|-ability|p2a: Archaludon|Stamina|boost\n|-boost|p2a: Archaludon|def|1\n|move|p2a: Archaludon|Outrage|p1a: Cresselia\n|-damage|p1a: Cresselia|122/323\n|\n|-heal|p1a: Cresselia|142/323|[from] item: Leftovers\n|upkeep\n|turn|27\n|\n|t:|1781441105\n|-terastallize|p1a: Cresselia|Fairy\n|move|p1a: Cresselia|Calm Mind|p1a: Cresselia\n|-boost|p1a: Cresselia|spa|1\n|-boost|p1a: Cresselia|spd|1\n|move|p2a: Archaludon|Outrage|p1a: Cresselia|[from] lockedmove\n|-immune|p1a: Cresselia\n|\n|-heal|p1a: Cresselia|162/323|[from] item: Leftovers\n|upkeep\n|turn|28\n|\n|t:|1781441123\n|switch|p2a: Clefable|Clefable, L83, M|259/293\n|move|p1a: Cresselia|Moonblast|p2a: Clefable\n|-damage|p2a: Clefable|181/293\n|\n|-heal|p1a: Cresselia|182/323|[from] item: Leftovers\n|-heal|p2a: Clefable|199/293|[from] item: Leftovers\n|upkeep\n|turn|29\n|\n|t:|1781441132\n|move|p1a: Cresselia|Calm Mind|p1a: Cresselia\n|-boost|p1a: Cresselia|spa|1\n|-boost|p1a: Cresselia|spd|1\n|move|p2a: Clefable|Knock Off|p1a: Cresselia\n|-resisted|p1a: Cresselia\n|-damage|p1a: Cresselia|157/323\n|-enditem|p1a: Cresselia|Leftovers|[from] move: Knock Off|[of] p2a: Clefable\n|\n|-heal|p2a: Clefable|217/293|[from] item: Leftovers\n|upkeep\n|turn|30\n|\n|t:|1781441141\n|move|p1a: Cresselia|Moonblast|p2a: Clefable\n|-damage|p2a: Clefable|136/293\n|move|p2a: Clefable|Moonblast|p1a: Cresselia\n|-damage|p1a: Cresselia|76/323\n|\n|-heal|p2a: Clefable|154/293|[from] item: Leftovers\n|upkeep\n|turn|31\n|\n|t:|1781441151\n|move|p1a: Cresselia|Moonblast|p2a: Clefable\n|-damage|p2a: Clefable|82/293\n|move|p2a: Clefable|Moonblast|p1a: Cresselia\n|-damage|p1a: Cresselia|0 fnt\n|faint|p1a: Cresselia\n|\n|-heal|p2a: Clefable|100/293|[from] item: Leftovers\n|upkeep\n|\n|t:|1781441160\n|switch|p1a: Koraidon|Koraidon, L64|235/235\n|-damage|p1a: Koraidon|221/235|[from] Stealth Rock\n|-weather|SunnyDay|[from] ability: Orichalcum Pulse|[of] p1a: Koraidon\n|-activate|p1a: Koraidon|Orichalcum Pulse|[source]\n|turn|32\n|\n|t:|1781441174\n|switch|p2a: Archaludon|Archaludon, L78, F|98/268\n|move|p1a: Koraidon|Flare Blitz|p2a: Archaludon\n|-damage|p2a: Archaludon|2/268\n|-ability|p2a: Archaludon|Stamina|boost\n|-boost|p2a: Archaludon|def|1\n|-damage|p1a: Koraidon|189/235|[from] Recoil\n|\n|-weather|SunnyDay|[upkeep]\n|upkeep\n|turn|33\n|\n|t:|1781441183\n|move|p1a: Koraidon|Scale Shot|p2a: Archaludon\n|-damage|p2a: Archaludon|0 fnt\n|faint|p2a: Archaludon\n|-hitcount|p2: Archaludon|1\n|-unboost|p1a: Koraidon|def|1\n|-boost|p1a: Koraidon|spe|1\n|\n|-weather|SunnyDay|[upkeep]\n|upkeep\n|\n|t:|1781441191\n|switch|p2a: Minior|Minior-Blue, L79|224/224\n|-formechange|p2a: Minior|Minior-Meteor||[from] ability: Shields Down\n|turn|34\n|\n|t:|1781441210\n|switch|p1a: Umbreon|Umbreon, L84, F|296/297\n|-damage|p1a: Umbreon|259/297|[from] Stealth Rock\n|move|p2a: Minior|Shell Smash|p2a: Minior\n|-unboost|p2a: Minior|def|1\n|-unboost|p2a: Minior|spd|1\n|-boost|p2a: Minior|atk|2\n|-boost|p2a: Minior|spa|2\n|-boost|p2a: Minior|spe|2\n|-enditem|p2a: Minior|White Herb\n|-clearnegativeboost|p2a: Minior|[silent]\n|\n|-weather|SunnyDay|[upkeep]\n|-heal|p1a: Umbreon|277/297|[from] item: Leftovers\n|upkeep\n|turn|35\n|\n|t:|1781441224\n|move|p2a: Minior|Acrobatics|p1a: Umbreon\n|-damage|p1a: Umbreon|160/297\n|move|p1a: Umbreon|Wish|p1a: Umbreon\n|\n|-weather|SunnyDay|[upkeep]\n|-heal|p1a: Umbreon|178/297|[from] item: Leftovers\n|upkeep\n|turn|36\n|inactive|memebraker has 120 seconds left.\n|\n|t:|1781441250\n|move|p1a: Umbreon|Protect|p1a: Umbreon\n|-singleturn|p1a: Umbreon|Protect\n|move|p2a: Minior|Power Gem|p1a: Umbreon\n|-activate|p1a: Umbreon|move: Protect\n|\n|-weather|none\n|-heal|p1a: Umbreon|297/297|[from] move: Wish|[wisher] Umbreon\n|upkeep\n|turn|37\n|\n|t:|1781441254\n|-terastallize|p2a: Minior|Flying\n|move|p2a: Minior|Acrobatics|p1a: Umbreon\n|-damage|p1a: Umbreon|121/297\n|move|p1a: Umbreon|Wish|p1a: Umbreon\n|\n|-heal|p1a: Umbreon|139/297|[from] item: Leftovers\n|upkeep\n|turn|38\n|\n|t:|1781441263\n|move|p1a: Umbreon|Protect|p1a: Umbreon\n|-singleturn|p1a: Umbreon|Protect\n|move|p2a: Minior|Acrobatics|p1a: Umbreon\n|-activate|p1a: Umbreon|move: Protect\n|\n|-heal|p1a: Umbreon|287/297|[from] move: Wish|[wisher] Umbreon\n|-heal|p1a: Umbreon|297/297|[from] item: Leftovers\n|upkeep\n|turn|39\n|\n|t:|1781441266\n|move|p2a: Minior|Acrobatics|p1a: Umbreon\n|-damage|p1a: Umbreon|125/297\n|move|p1a: Umbreon|Foul Play|p2a: Minior\n|-damage|p2a: Minior|91/224\n|\n|-heal|p1a: Umbreon|143/297|[from] item: Leftovers\n|-formechange|p2a: Minior|Minior-Blue||[from] ability: Shields Down\n|upkeep\n|turn|40\n|\n|t:|1781441275\n|move|p2a: Minior|Acrobatics|p1a: Umbreon\n|-damage|p1a: Umbreon|0 fnt\n|faint|p1a: Umbreon\n|\n|upkeep\n|-message|ColdWaterSteam forfeited.\n|\n|win|memebraker\n", "uploadtime": 1781440750, "views": 4, "formatid": "gen9randombattle", "rating": null, "private": 0, "password": null}