{"id": "gen9randombattle-2631922637", "format": "[Gen 9] Random Battle", "players": ["Tuabuelo06", "haibaraa"], "log": "|j|\u2606Tuabuelo06\n|j|\u2606haibaraa\n|t:|1781455989\n|gametype|singles\n|player|p1|Tuabuelo06|gentleman|1933\n|player|p2|haibaraa|unknownf|1981\n|gen|9\n|tier|[Gen 9] Random Battle\n|rated|\n|rule|Species Clause: Limit one of each Pok\u00e9mon\n|rule|HP Percentage Mod: HP is shown in percentages\n|rule|Sleep Clause Mod: Limit one foe put to sleep\n|rule|Illusion Level Mod: Illusion disguises the Pok\u00e9mon's true level\n|\n|t:|1781455989\n|teamsize|p1|6\n|teamsize|p2|6\n|start\n|switch|p1a: Hoopa|Hoopa, L85|275/275\n|switch|p2a: Breloom|Breloom, L83, F|235/235\n|turn|1\n|\n|t:|1781456006\n|switch|p2a: Scyther|Scyther, L82, M|249/249\n|move|p1a: Hoopa|Psychic|p2a: Scyther\n|-damage|p2a: Scyther|107/249\n|\n|upkeep\n|turn|2\n|\n|t:|1781456011\n|move|p1a: Hoopa|Psychic|p2a: Scyther\n|-damage|p2a: Scyther|0 fnt\n|faint|p2a: Scyther\n|\n|upkeep\n|inactive|Battle timer is ON: inactive players will automatically lose when time's up. (requested by Tuabuelo06)\n|\n|t:|1781456035\n|switch|p2a: Vikavolt|Vikavolt, L83, F|263/263\n|turn|3\n|\n|t:|1781456040\n|move|p1a: Hoopa|Psychic|p2a: Vikavolt\n|-damage|p2a: Vikavolt|100/263\n|move|p2a: Vikavolt|Sticky Web|p1a: Hoopa\n|-sidestart|p1: Tuabuelo06|move: Sticky Web\n|\n|upkeep\n|turn|4\n|\n|t:|1781456055\n|move|p1a: Hoopa|Psychic|p2a: Vikavolt\n|-damage|p2a: Vikavolt|0 fnt\n|faint|p2a: Vikavolt\n|\n|upkeep\n|\n|t:|1781456060\n|switch|p2a: Tauros|Tauros, L82, M|257/257\n|turn|5\n|\n|t:|1781456064\n|switch|p1a: Azumarill|Azumarill, L82, M|298/298\n|-activate|p1a: Azumarill|move: Sticky Web\n|-unboost|p1a: Azumarill|spe|1\n|move|p2a: Tauros|Throat Chop|p1a: Azumarill\n|-resisted|p1a: Azumarill\n|-damage|p1a: Azumarill|245/298\n|\n|upkeep\n|turn|6\n|\n|t:|1781456074\n|move|p2a: Tauros|Body Slam|p1a: Azumarill\n|-damage|p1a: Azumarill|96/298\n|move|p1a: Azumarill|Play Rough|p2a: Tauros\n|-damage|p2a: Tauros|106/257\n|\n|upkeep\n|turn|7\n|\n|t:|1781456081\n|move|p2a: Tauros|Body Slam|p1a: Azumarill\n|-damage|p1a: Azumarill|0 fnt\n|faint|p1a: Azumarill\n|\n|upkeep\n|\n|t:|1781456091\n|switch|p1a: Hoopa|Hoopa, L85|275/275\n|-activate|p1a: Hoopa|move: Sticky Web\n|-unboost|p1a: Hoopa|spe|1\n|turn|8\n|\n|t:|1781456110\n|switch|p1a: Conkeldurr|Conkeldurr, L80, M|299/299\n|-activate|p1a: Conkeldurr|move: Sticky Web\n|-unboost|p1a: Conkeldurr|spe|1\n|move|p2a: Tauros|Throat Chop|p1a: Conkeldurr\n|-resisted|p1a: Conkeldurr\n|-damage|p1a: Conkeldurr|254/299\n|\n|-status|p1a: Conkeldurr|brn|[from] item: Flame Orb\n|upkeep\n|turn|9\n|\n|t:|1781456118\n|move|p1a: Conkeldurr|Mach Punch|p2a: Tauros\n|-supereffective|p2a: Tauros\n|-damage|p2a: Tauros|0 fnt\n|faint|p2a: Tauros\n|\n|-damage|p1a: Conkeldurr|236/299 brn|[from] brn\n|upkeep\n|\n|t:|1781456123\n|switch|p2a: Breloom|Breloom, L83, F|235/235\n|turn|10\n|\n|t:|1781456126\n|move|p2a: Breloom|Bullet Seed|p1a: Conkeldurr\n|-damage|p1a: Conkeldurr|172/299 brn\n|-damage|p1a: Conkeldurr|112/299 brn\n|-damage|p1a: Conkeldurr|50/299 brn\n|-hitcount|p1a: Conkeldurr|3\n|-damage|p2a: Breloom|212/235|[from] item: Life Orb\n|move|p1a: Conkeldurr|Facade|p2a: Breloom\n|-damage|p2a: Breloom|25/235\n|\n|-damage|p1a: Conkeldurr|32/299 brn|[from] brn\n|upkeep\n|turn|11\n|\n|t:|1781456136\n|move|p2a: Breloom|Mach Punch|p1a: Conkeldurr\n|-damage|p1a: Conkeldurr|0 fnt\n|faint|p1a: Conkeldurr\n|-damage|p2a: Breloom|2/235|[from] item: Life Orb\n|\n|upkeep\n|\n|t:|1781456147\n|switch|p1a: Hoopa|Hoopa, L85|275/275\n|-activate|p1a: Hoopa|move: Sticky Web\n|-unboost|p1a: Hoopa|spe|1\n|turn|12\n|\n|t:|1781456152\n|move|p1a: Hoopa|Psychic|p2a: Breloom\n|-supereffective|p2a: Breloom\n|-crit|p2a: Breloom\n|-damage|p2a: Breloom|0 fnt\n|faint|p2a: Breloom\n|\n|upkeep\n|\n|t:|1781456155\n|switch|p2a: Zangoose|Zangoose, L85, M|263/263\n|turn|13\n|\n|t:|1781456162\n|move|p2a: Zangoose|Knock Off|p1a: Hoopa\n|-supereffective|p1a: Hoopa\n|-damage|p1a: Hoopa|0 fnt\n|-enditem|p1a: Hoopa|Choice Scarf|[from] move: Knock Off|[of] p2a: Zangoose\n|faint|p1a: Hoopa\n|\n|-status|p2a: Zangoose|tox|[from] item: Toxic Orb\n|upkeep\n|\n|t:|1781456175\n|switch|p1a: Clodsire|Clodsire, L81, F|343/343\n|-activate|p1a: Clodsire|move: Sticky Web\n|-unboost|p1a: Clodsire|spe|1\n|turn|14\n|\n|t:|1781456189\n|-terastallize|p1a: Clodsire|Steel\n|move|p2a: Zangoose|Facade|p1a: Clodsire\n|-resisted|p1a: Clodsire\n|-damage|p1a: Clodsire|162/343\n|move|p1a: Clodsire|Earthquake|p2a: Zangoose\n|-damage|p2a: Zangoose|166/263 tox\n|\n|-heal|p1a: Clodsire|183/343|[from] item: Leftovers\n|-damage|p2a: Zangoose|150/263 tox|[from] psn\n|upkeep\n|turn|15\n|\n|t:|1781456200\n|-terastallize|p2a: Zangoose|Normal\n|move|p2a: Zangoose|Facade|p1a: Clodsire\n|-resisted|p1a: Clodsire\n|-damage|p1a: Clodsire|0 fnt\n|faint|p1a: Clodsire\n|\n|-damage|p2a: Zangoose|118/263 tox|[from] psn\n|upkeep\n|\n|t:|1781456218\n|switch|p1a: Quagsire|Quagsire, L84, F|297/297\n|-activate|p1a: Quagsire|move: Sticky Web\n|-unboost|p1a: Quagsire|spe|1\n|turn|16\n|\n|t:|1781456223\n|move|p2a: Zangoose|Facade|p1a: Quagsire\n|-damage|p1a: Quagsire|0 fnt\n|faint|p1a: Quagsire\n|\n|-damage|p2a: Zangoose|70/263 tox|[from] psn\n|upkeep\n|\n|t:|1781456228\n|switch|p1a: Cyclizar|Cyclizar, L83, M|252/252\n|turn|17\n|\n|t:|1781456235\n|move|p2a: Zangoose|Quick Attack|p1a: Cyclizar\n|-damage|p1a: Cyclizar|130/252\n|move|p1a: Cyclizar|Knock Off|p2a: Zangoose\n|-damage|p2a: Zangoose|0 fnt\n|-enditem|p2a: Zangoose|Toxic Orb|[from] move: Knock Off|[of] p1a: Cyclizar\n|faint|p2a: Zangoose\n|\n|upkeep\n|\n|t:|1781456239\n|switch|p2a: Terrakion|Terrakion, L79|273/273\n|turn|18\n|\n|t:|1781456244\n|move|p1a: Cyclizar|Draco Meteor|p2a: Terrakion\n|-damage|p2a: Terrakion|153/273\n|-unboost|p1a: Cyclizar|spa|2\n|move|p2a: Terrakion|Close Combat|p1a: Cyclizar\n|-supereffective|p1a: Cyclizar\n|-damage|p1a: Cyclizar|0 fnt\n|-unboost|p2a: Terrakion|def|1\n|-unboost|p2a: Terrakion|spd|1\n|faint|p1a: Cyclizar\n|\n|win|haibaraa\n", "inputlog": ">version a8376a258c1d4662feba110a92103f3664a72141\n>start {\"formatid\":\"gen9randombattle\",\"seed\":\"sodium,258c1b891b53e53398c55c426b71ba17\",\"rated\":\"Rated battle\"}\n>player p1 {\"name\":\"Tuabuelo06\",\"avatar\":\"gentleman\",\"rating\":1933,\"seed\":\"sodium,919025d2e65cff3a40af25c1972a60b5\"}\n>player p2 {\"name\":\"haibaraa\",\"avatar\":\"unknownf\",\"rating\":1981,\"seed\":\"sodium,d64ae3d856e256ab5412075bd15c1a6e\"}\n>p1 move psychic\n>p2 switch 2\n>p1 move psychic\n>p2 move dualwingbeat\n>p2 switch 5\n>p1 move psychic\n>p2 move stickyweb\n>p1 move psychic\n>p2 move thunderbolt\n>p2 switch 6\n>p1 switch 4\n>p2 move throatchop\n>p1 move playrough\n>p2 move bodyslam\n>p1 move playrough\n>p2 move bodyslam\n>p1 switch 4\n>p1 switch 5\n>p2 move throatchop\n>p1 move machpunch\n>p2 move bodyslam\n>p2 switch 2\n>p1 move facade\n>p2 move bulletseed\n>p1 move machpunch\n>p2 move machpunch\n>p1 switch 5\n>p1 move psychic\n>p2 move spore\n>p2 switch 4\n>p1 move psychic\n>p2 move knockoff\n>p1 switch 6\n>p1 move earthquake terastallize\n>p2 move facade\n>p1 move recover\n>p2 move facade terastallize\n>p1 switch 3\n>p1 move earthquake\n>p2 move facade\n>p1 switch 2\n>p1 move knockoff\n>p2 move quickattack\n>p2 switch 3\n>p1 move dracometeor\n>p2 move closecombat", "uploadtime": 1781455992, "views": 7, "formatid": "gen9randombattle", "rating": null, "private": 0, "password": null}