{"id": "gen9randombattle-2631810050", "format": "[Gen 9] Random Battle", "players": ["ccardinals5", "eliasmo"], "log": "|j|\u2606ccardinals5\n|j|\u2606eliasmo\n|t:|1781442927\n|gametype|singles\n|player|p1|ccardinals5|169|2029\n|player|p2|eliasmo|2|2074\n|gen|9\n|tier|[Gen 9] Random Battle\n|rated|\n|rule|Species Clause: Limit one of each Pok\u00e9mon\n|rule|HP Percentage Mod: HP is shown in percentages\n|rule|Sleep Clause Mod: Limit one foe put to sleep\n|rule|Illusion Level Mod: Illusion disguises the Pok\u00e9mon's true level\n|\n|t:|1781442927\n|teamsize|p1|6\n|teamsize|p2|6\n|start\n|switch|p1a: Mightyena|Mightyena, L96, M|290/290\n|switch|p2a: Serperior|Serperior, L79, F|248/248\n|-ability|p1a: Mightyena|Intimidate|boost\n|-boost|p2a: Serperior|atk|1\n|turn|1\n|inactive|Battle timer is ON: inactive players will automatically lose when time's up. (requested by eliasmo)\n|\n|t:|1781442938\n|move|p2a: Serperior|Substitute|p2a: Serperior\n|-start|p2a: Serperior|Substitute\n|-damage|p2a: Serperior|186/248\n|move|p1a: Mightyena|Crunch|p2a: Serperior\n|-end|p2a: Serperior|Substitute\n|\n|-heal|p2a: Serperior|201/248|[from] item: Leftovers\n|upkeep\n|turn|2\n|\n|t:|1781442952\n|move|p2a: Serperior|Leech Seed|p1a: Mightyena\n|-start|p1a: Mightyena|move: Leech Seed\n|move|p1a: Mightyena|Crunch|p2a: Serperior\n|-damage|p2a: Serperior|104/248\n|\n|-heal|p2a: Serperior|119/248|[from] item: Leftovers\n|-damage|p1a: Mightyena|254/290|[from] Leech Seed|[of] p2a: Serperior\n|-heal|p2a: Serperior|155/248|[silent]\n|upkeep\n|turn|3\n|\n|t:|1781442958\n|switch|p1a: Scizor|Scizor, L79, M|240/240\n|move|p2a: Serperior|Substitute|p2a: Serperior\n|-start|p2a: Serperior|Substitute\n|-damage|p2a: Serperior|93/248\n|\n|-heal|p2a: Serperior|108/248|[from] item: Leftovers\n|upkeep\n|turn|4\n|\n|t:|1781442969\n|move|p2a: Serperior|Leech Seed|p1a: Scizor|[miss]\n|-miss|p2a: Serperior|p1a: Scizor\n|move|p1a: Scizor|Knock Off|p2a: Serperior\n|-end|p2a: Serperior|Substitute\n|\n|-heal|p2a: Serperior|123/248|[from] item: Leftovers\n|upkeep\n|turn|5\n|\n|t:|1781442983\n|switch|p2a: Lapras|Lapras, L87, F|368/368\n|move|p1a: Scizor|Bullet Punch|p2a: Lapras\n|-damage|p2a: Lapras|296/368\n|\n|upkeep\n|turn|6\n|\n|t:|1781442994\n|move|p2a: Lapras|Sparkling Aria|p1a: Scizor\n|-crit|p1a: Scizor\n|-damage|p1a: Scizor|75/240\n|move|p1a: Scizor|U-turn|p2a: Lapras\n|-damage|p2a: Lapras|208/368\n|\n|t:|1781443003\n|switch|p1a: Mightyena|Mightyena, L96, M|254/290|[from] U-turn\n|-ability|p1a: Mightyena|Intimidate|boost\n|-unboost|p2a: Lapras|atk|1\n|\n|-heal|p1a: Mightyena|272/290|[from] item: Leftovers\n|upkeep\n|turn|7\n|\n|t:|1781443024\n|move|p1a: Mightyena|Crunch|p2a: Lapras\n|-damage|p2a: Lapras|100/368\n|-unboost|p2a: Lapras|def|1\n|move|p2a: Lapras|Rest|p2a: Lapras\n|-status|p2a: Lapras|slp|[from] move: Rest\n|-heal|p2a: Lapras|368/368 slp|[silent]\n|\n|-heal|p1a: Mightyena|290/290|[from] item: Leftovers\n|upkeep\n|turn|8\n|\n|t:|1781443028\n|move|p1a: Mightyena|Crunch|p2a: Lapras\n|-damage|p2a: Lapras|197/368 slp\n|cant|p2a: Lapras|slp\n|move|p2a: Lapras|Sleep Talk|p2a: Lapras\n|move|p2a: Lapras|Sparkling Aria|p1a: Mightyena|[from] move: Sleep Talk\n|-damage|p1a: Mightyena|191/290\n|\n|-heal|p1a: Mightyena|209/290|[from] item: Leftovers\n|upkeep\n|turn|9\n|\n|t:|1781443055\n|move|p1a: Mightyena|Crunch|p2a: Lapras\n|-damage|p2a: Lapras|37/368 slp\n|cant|p2a: Lapras|slp\n|move|p2a: Lapras|Sleep Talk|p2a: Lapras\n|move|p2a: Lapras|Sparkling Aria|p1a: Mightyena|[from] move: Sleep Talk\n|-damage|p1a: Mightyena|97/290\n|\n|-heal|p1a: Mightyena|115/290|[from] item: Leftovers\n|upkeep\n|turn|10\n|\n|t:|1781443066\n|move|p1a: Mightyena|Crunch|p2a: Lapras\n|-damage|p2a: Lapras|0 fnt\n|faint|p2a: Lapras\n|\n|-heal|p1a: Mightyena|133/290|[from] item: Leftovers\n|upkeep\n|\n|t:|1781443070\n|switch|p2a: Persian|Persian, L92, F|269/269\n|turn|11\n|\n|t:|1781443076\n|switch|p1a: Wyrdeer|Wyrdeer, L87, M|321/321\n|-ability|p1a: Wyrdeer|Intimidate|boost\n|-unboost|p2a: Persian|atk|1\n|move|p2a: Persian|Fake Out|p1a: Wyrdeer\n|-damage|p1a: Wyrdeer|270/321\n|\n|-heal|p1a: Wyrdeer|290/321|[from] item: Leftovers\n|upkeep\n|turn|12\n|\n|t:|1781443082\n|switch|p1a: Mightyena|Mightyena, L96, M|133/290\n|-ability|p1a: Mightyena|Intimidate|boost\n|-unboost|p2a: Persian|atk|1\n|move|p2a: Persian|Knock Off|p1a: Mightyena\n|-resisted|p1a: Mightyena\n|-damage|p1a: Mightyena|116/290\n|-enditem|p1a: Mightyena|Leftovers|[from] move: Knock Off|[of] p2a: Persian\n|\n|upkeep\n|turn|13\n|\n|t:|1781443086\n|move|p2a: Persian|U-turn|p1a: Mightyena\n|-supereffective|p1a: Mightyena\n|-damage|p1a: Mightyena|68/290\n|\n|t:|1781443090\n|switch|p2a: Serperior|Serperior, L79, F|123/248|[from] U-turn\n|move|p1a: Mightyena|Crunch|p2a: Serperior\n|-damage|p2a: Serperior|27/248\n|\n|-heal|p2a: Serperior|42/248|[from] item: Leftovers\n|upkeep\n|turn|14\n|\n|t:|1781443096\n|move|p1a: Mightyena|Sucker Punch|p2a: Serperior\n|-damage|p2a: Serperior|0 fnt\n|faint|p2a: Serperior\n|\n|upkeep\n|\n|t:|1781443101\n|switch|p2a: Persian|Persian, L92, F|269/269\n|turn|15\n|\n|t:|1781443104\n|move|p2a: Persian|Fake Out|p1a: Mightyena\n|-damage|p1a: Mightyena|0 fnt\n|faint|p1a: Mightyena\n|\n|upkeep\n|\n|t:|1781443107\n|switch|p1a: Wyrdeer|Wyrdeer, L87, M|290/321\n|-ability|p1a: Wyrdeer|Intimidate|boost\n|-unboost|p2a: Persian|atk|1\n|turn|16\n|\n|t:|1781443116\n|move|p2a: Persian|Knock Off|p1a: Wyrdeer\n|-supereffective|p1a: Wyrdeer\n|-damage|p1a: Wyrdeer|202/321\n|-enditem|p1a: Wyrdeer|Leftovers|[from] move: Knock Off|[of] p2a: Persian\n|move|p1a: Wyrdeer|Body Slam|p2a: Persian\n|-crit|p2a: Persian\n|-damage|p2a: Persian|85/269\n|\n|upkeep\n|turn|17\n|\n|t:|1781443122\n|move|p2a: Persian|U-turn|p1a: Wyrdeer\n|-supereffective|p1a: Wyrdeer\n|-damage|p1a: Wyrdeer|136/321\n|\n|t:|1781443132\n|switch|p2a: Solgaleo|Solgaleo, L74|325/325|[from] U-turn\n|move|p1a: Wyrdeer|Body Slam|p2a: Solgaleo\n|-resisted|p2a: Solgaleo\n|-damage|p2a: Solgaleo|280/325\n|\n|upkeep\n|turn|18\n|\n|t:|1781443139\n|move|p2a: Solgaleo|Flame Charge|p1a: Wyrdeer\n|-crit|p1a: Wyrdeer\n|-damage|p1a: Wyrdeer|73/321\n|-boost|p2a: Solgaleo|spe|1\n|move|p1a: Wyrdeer|Thunder Wave|p2a: Solgaleo\n|-status|p2a: Solgaleo|par\n|\n|upkeep\n|turn|19\n|\n|t:|1781443146\n|move|p1a: Wyrdeer|Earthquake|p2a: Solgaleo\n|-supereffective|p2a: Solgaleo\n|-damage|p2a: Solgaleo|118/325 par\n|-enditem|p2a: Solgaleo|Weakness Policy\n|-boost|p2a: Solgaleo|atk|2|[from] item: Weakness Policy\n|-boost|p2a: Solgaleo|spa|2|[from] item: Weakness Policy\n|move|p2a: Solgaleo|Flame Charge|p1a: Wyrdeer\n|-damage|p1a: Wyrdeer|0 fnt\n|-boost|p2a: Solgaleo|spe|1\n|faint|p1a: Wyrdeer\n|\n|upkeep\n|\n|t:|1781443153\n|switch|p1a: Landorus|Landorus, L75, M|257/257\n|turn|20\n|\n|t:|1781443162\n|move|p1a: Landorus|Earth Power|p2a: Solgaleo\n|-supereffective|p2a: Solgaleo\n|-damage|p2a: Solgaleo|0 fnt\n|faint|p2a: Solgaleo\n|\n|upkeep\n|\n|t:|1781443168\n|switch|p2a: Persian|Persian, L92, F|85/269\n|turn|21\n|\n|t:|1781443170\n|switch|p1a: Scizor|Scizor, L79, M|75/240\n|move|p2a: Persian|Fake Out|p1a: Scizor\n|-resisted|p1a: Scizor\n|-damage|p1a: Scizor|42/240\n|\n|-heal|p1a: Scizor|57/240|[from] item: Leftovers\n|upkeep\n|turn|22\n|\n|t:|1781443174\n|move|p1a: Scizor|Bullet Punch|p2a: Persian\n|-damage|p2a: Persian|0 fnt\n|faint|p2a: Persian\n|\n|-heal|p1a: Scizor|72/240|[from] item: Leftovers\n|upkeep\n|\n|t:|1781443178\n|switch|p2a: Torterra|Torterra, L78, F|276/276\n|turn|23\n|\n|t:|1781443183\n|move|p1a: Scizor|U-turn|p2a: Torterra\n|-supereffective|p2a: Torterra\n|-crit|p2a: Torterra\n|-damage|p2a: Torterra|48/276\n|\n|t:|1781443186\n|switch|p1a: Landorus|Landorus, L75, M|257/257|[from] U-turn\n|move|p2a: Torterra|Shell Smash|p2a: Torterra\n|-unboost|p2a: Torterra|def|1\n|-unboost|p2a: Torterra|spd|1\n|-boost|p2a: Torterra|atk|2\n|-boost|p2a: Torterra|spa|2\n|-boost|p2a: Torterra|spe|2\n|\n|upkeep\n|turn|24\n|\n|t:|1781443191\n|move|p2a: Torterra|Bullet Seed|p1a: Landorus\n|-damage|p1a: Landorus|166/257\n|-crit|p1a: Landorus\n|-damage|p1a: Landorus|45/257\n|-damage|p1a: Landorus|0 fnt\n|faint|p1a: Landorus\n|-hitcount|p1: Landorus|3\n|\n|upkeep\n|\n|t:|1781443193\n|switch|p1a: Scizor|Scizor, L79, M|72/240\n|turn|25\n|\n|t:|1781443210\n|switch|p2a: Gouging Fire|Gouging Fire, L74|277/277\n|move|p1a: Scizor|Bullet Punch|p2a: Gouging Fire\n|-resisted|p2a: Gouging Fire\n|-damage|p2a: Gouging Fire|247/277\n|\n|-heal|p1a: Scizor|87/240|[from] item: Leftovers\n|upkeep\n|turn|26\n|\n|t:|1781443219\n|move|p2a: Gouging Fire|Heat Crash|p1a: Scizor\n|-supereffective|p1a: Scizor\n|-damage|p1a: Scizor|0 fnt\n|faint|p1a: Scizor\n|\n|upkeep\n|\n|t:|1781443224\n|switch|p1a: Magmortar|Magmortar, L88, F|275/275\n|turn|27\n|\n|t:|1781443229\n|move|p1a: Magmortar|Focus Blast|p2a: Gouging Fire|[miss]\n|-miss|p1a: Magmortar|p2a: Gouging Fire\n|move|p2a: Gouging Fire|Dragon Dance|p2a: Gouging Fire\n|-boost|p2a: Gouging Fire|atk|1\n|-boost|p2a: Gouging Fire|spe|1\n|\n|upkeep\n|turn|28\n|\n|t:|1781443233\n|-terastallize|p2a: Gouging Fire|Ground\n|move|p2a: Gouging Fire|Earthquake|p1a: Magmortar\n|-supereffective|p1a: Magmortar\n|-damage|p1a: Magmortar|0 fnt\n|faint|p1a: Magmortar\n|\n|upkeep\n|\n|t:|1781443236\n|switch|p1a: Calyrex|Calyrex, L93|337/337\n|-ability|p1a: Calyrex|Unnerve\n|turn|29\n|\n|t:|1781443255\n|-terastallize|p1a: Calyrex|Fighting\n|move|p2a: Gouging Fire|Heat Crash|p1a: Calyrex\n|-damage|p1a: Calyrex|162/337\n|move|p1a: Calyrex|Giga Drain|p2a: Gouging Fire\n|-supereffective|p2a: Gouging Fire\n|-damage|p2a: Gouging Fire|61/277\n|-heal|p1a: Calyrex|255/337|[from] drain|[of] p2a: Gouging Fire\n|\n|-heal|p1a: Calyrex|276/337|[from] item: Leftovers\n|upkeep\n|turn|30\n|\n|t:|1781443267\n|move|p2a: Gouging Fire|Earthquake|p1a: Calyrex\n|-crit|p1a: Calyrex\n|-damage|p1a: Calyrex|72/337\n|move|p1a: Calyrex|Giga Drain|p2a: Gouging Fire\n|-supereffective|p2a: Gouging Fire\n|-damage|p2a: Gouging Fire|0 fnt\n|-heal|p1a: Calyrex|103/337|[from] drain|[of] p2a: Gouging Fire\n|faint|p2a: Gouging Fire\n|-end|p2a: Gouging Fire|Protosynthesis|[silent]\n|\n|-heal|p1a: Calyrex|124/337|[from] item: Leftovers\n|upkeep\n|\n|t:|1781443272\n|switch|p2a: Torterra|Torterra, L78, F|48/276\n|turn|31\n|\n|t:|1781443278\n|move|p1a: Calyrex|Psyshock|p2a: Torterra\n|-crit|p2a: Torterra\n|-damage|p2a: Torterra|0 fnt\n|faint|p2a: Torterra\n|\n|win|ccardinals5\n", "inputlog": ">version a8376a258c1d4662feba110a92103f3664a72141\n>start {\"formatid\":\"gen9randombattle\",\"seed\":\"sodium,01d52473480ea61ab4bcda7a241b115c\",\"rated\":\"Rated battle\"}\n>player p1 {\"name\":\"ccardinals5\",\"avatar\":\"169\",\"rating\":2029,\"seed\":\"sodium,a666bedbbcb09dde52c658b6e60b1b66\"}\n>player p2 {\"name\":\"eliasmo\",\"avatar\":\"2\",\"rating\":2074,\"seed\":\"sodium,f3dd53186c2cc51aa8c54fd30eac9305\"}\n>p1 move crunch\n>p2 move substitute\n>p1 move crunch\n>p2 move leechseed\n>p1 switch 6\n>p2 move substitute\n>p1 move knockoff\n>p2 move leechseed\n>p1 move bulletpunch\n>p2 switch 3\n>p1 move uturn\n>p2 move sparklingaria\n>p1 switch 6\n>p1 move crunch\n>p2 move rest\n>p1 move crunch\n>p2 move sleeptalk\n>p1 move crunch\n>p2 move sleeptalk\n>p1 move crunch\n>p2 move sparklingaria\n>p2 switch 6\n>p1 switch 3\n>p2 move fakeout\n>p1 switch 3\n>p2 move knockoff\n>p1 move crunch\n>p2 move uturn\n>p2 switch 3\n>p1 move suckerpunch\n>p2 move leafstorm\n>p2 switch 3\n>p1 move crunch\n>p2 move fakeout\n>p1 switch 3\n>p1 move bodyslam\n>p2 move knockoff\n>p1 move bodyslam\n>p2 move uturn\n>p2 switch 4\n>p1 move thunderwave\n>p2 move flamecharge\n>p1 move earthquake\n>p2 move flamecharge\n>p1 switch 4\n>p1 move earthpower\n>p2 move sunsteelstrike\n>p2 switch 4\n>p1 switch 6\n>p2 move fakeout\n>p1 move bulletpunch\n>p2 move knockoff\n>p2 switch 2\n>p1 move uturn\n>p2 move shellsmash\n>p1 switch 6\n>p1 move earthpower\n>p2 move bulletseed\n>p1 switch 6\n>p1 move bulletpunch\n>p2 switch 5\n>p1 move uturn\n>p2 move heatcrash\n>p1 switch 5\n>p1 move focusblast\n>p2 move dragondance\n>p1 move focusblast\n>p2 move earthquake terastallize\n>p1 switch 2\n>p1 move gigadrain terastallize\n>p2 move heatcrash\n>p1 move gigadrain\n>p2 move earthquake\n>p2 switch 5\n>p1 move psyshock\n>p2 move shellsmash", "uploadtime": 1781442929, "views": 4, "formatid": "gen9randombattle", "rating": null, "private": 0, "password": null}