{"id": "gen9randombattle-2631592942", "format": "[Gen 9] Random Battle", "players": ["Wigglystuff", "Jardenat"], "log": "|j|\u2606Wigglystuff\n|j|\u2606Jardenat\n|t:|1781405865\n|gametype|singles\n|player|p1|Wigglystuff|265|2023\n|player|p2|Jardenat|marlon|2022\n|gen|9\n|tier|[Gen 9] Random Battle\n|rated|\n|rule|Species Clause: Limit one of each Pok\u00e9mon\n|rule|HP Percentage Mod: HP is shown in percentages\n|rule|Sleep Clause Mod: Limit one foe put to sleep\n|rule|Illusion Level Mod: Illusion disguises the Pok\u00e9mon's true level\n|\n|t:|1781405865\n|teamsize|p1|6\n|teamsize|p2|6\n|start\n|switch|p1a: Vileplume|Vileplume, L85, F|266/266\n|switch|p2a: Lycanroc|Lycanroc, L86, M|269/269\n|turn|1\n|\n|t:|1781405891\n|switch|p2a: Vikavolt|Vikavolt, L83, M|263/263\n|move|p1a: Vileplume|Sleep Powder|p2a: Vikavolt\n|-status|p2a: Vikavolt|slp|[from] move: Sleep Powder\n|\n|upkeep\n|turn|2\n|inactive|Battle timer is ON: inactive players will automatically lose when time's up. (requested by Jardenat)\n|\n|t:|1781405918\n|switch|p1a: Whiscash|Whiscash, L88, M|337/337\n|cant|p2a: Vikavolt|slp\n|\n|upkeep\n|turn|3\n|\n|t:|1781405928\n|switch|p2a: Zarude|Zarude-Dada, L77|288/288\n|move|p1a: Whiscash|Spikes|p2a: Zarude\n|-sidestart|p2: Jardenat|Spikes\n|\n|upkeep\n|turn|4\n|\n|t:|1781405945\n|switch|p1a: Comfey|Comfey, L85, F|225/225\n|move|p2a: Zarude|Swords Dance|p2a: Zarude\n|-boost|p2a: Zarude|atk|2\n|\n|upkeep\n|turn|5\n|\n|t:|1781405953\n|move|p1a: Comfey|Draining Kiss|p2a: Zarude\n|-supereffective|p2a: Zarude\n|-damage|p2a: Zarude|184/288\n|move|p2a: Zarude|Power Whip|p1a: Comfey\n|-damage|p1a: Comfey|0 fnt\n|faint|p1a: Comfey\n|-damage|p2a: Zarude|156/288|[from] item: Life Orb\n|\n|upkeep\n|\n|t:|1781405971\n|switch|p1a: Electrode|Electrode-Hisui, L87|246/246\n|turn|6\n|\n|t:|1781405981\n|switch|p2a: Vikavolt|Vikavolt, L83, M|263/263 slp\n|move|p1a: Electrode|Substitute|p1a: Electrode\n|-start|p1a: Electrode|Substitute\n|-damage|p1a: Electrode|185/246\n|\n|-heal|p1a: Electrode|200/246|[from] item: Leftovers\n|upkeep\n|turn|7\n|\n|t:|1781405986\n|move|p1a: Electrode|Leech Seed|p2a: Vikavolt\n|-start|p2a: Vikavolt|move: Leech Seed\n|-curestatus|p2a: Vikavolt|slp|[msg]\n|move|p2a: Vikavolt|Sticky Web|p1a: Electrode\n|-sidestart|p1: Wigglystuff|move: Sticky Web\n|\n|-heal|p1a: Electrode|215/246|[from] item: Leftovers\n|-damage|p2a: Vikavolt|231/263|[from] Leech Seed|[of] p1a: Electrode\n|-heal|p1a: Electrode|246/246|[silent]\n|upkeep\n|turn|8\n|\n|t:|1781405996\n|switch|p1a: Whiscash|Whiscash, L88, M|337/337\n|-activate|p1a: Whiscash|move: Sticky Web\n|-unboost|p1a: Whiscash|spe|1\n|move|p2a: Vikavolt|Volt Switch|p1a: Whiscash\n|-immune|p1a: Whiscash\n|\n|-damage|p2a: Vikavolt|199/263|[from] Leech Seed|[of] p1a: Whiscash\n|upkeep\n|turn|9\n|\n|t:|1781406007\n|switch|p2a: Zarude|Zarude-Dada, L77|156/288\n|-damage|p2a: Zarude|120/288|[from] Spikes\n|move|p1a: Whiscash|Ice Beam|p2a: Zarude\n|-supereffective|p2a: Zarude\n|-damage|p2a: Zarude|0 fnt\n|faint|p2a: Zarude\n|\n|upkeep\n|\n|t:|1781406025\n|switch|p2a: Bruxish|Bruxish, L85, M|254/254\n|-damage|p2a: Bruxish|223/254|[from] Spikes\n|turn|10\n|\n|t:|1781406035\n|move|p2a: Bruxish|Psychic Fangs|p1a: Whiscash\n|-damage|p1a: Whiscash|109/337\n|move|p1a: Whiscash|Earthquake|p2a: Bruxish\n|-damage|p2a: Bruxish|108/254\n|\n|-heal|p1a: Whiscash|130/337|[from] item: Leftovers\n|upkeep\n|turn|11\n|\n|t:|1781406045\n|move|p2a: Bruxish|Psychic Fangs|p1a: Whiscash\n|-damage|p1a: Whiscash|0 fnt\n|faint|p1a: Whiscash\n|\n|upkeep\n|\n|t:|1781406054\n|switch|p1a: Piloswine|Piloswine, L85, M|309/309\n|-activate|p1a: Piloswine|move: Sticky Web\n|-unboost|p1a: Piloswine|spe|1\n|turn|12\n|\n|t:|1781406062\n|switch|p2a: Vikavolt|Vikavolt, L83, M|199/263\n|move|p1a: Piloswine|Stealth Rock|p2a: Vikavolt\n|-sidestart|p2: Jardenat|move: Stealth Rock\n|\n|upkeep\n|turn|13\n|\n|t:|1781406074\n|move|p2a: Vikavolt|Bug Buzz|p1a: Piloswine\n|-damage|p1a: Piloswine|204/309\n|move|p1a: Piloswine|Icicle Crash|p2a: Vikavolt\n|-damage|p2a: Vikavolt|109/263\n|\n|upkeep\n|turn|14\n|\n|t:|1781406082\n|move|p2a: Vikavolt|Bug Buzz|p1a: Piloswine\n|-damage|p1a: Piloswine|96/309\n|move|p1a: Piloswine|Icicle Crash|p2a: Vikavolt\n|-damage|p2a: Vikavolt|10/263\n|\n|upkeep\n|turn|15\n|\n|t:|1781406089\n|move|p1a: Piloswine|Ice Shard|p2a: Vikavolt\n|-damage|p2a: Vikavolt|0 fnt\n|faint|p2a: Vikavolt\n|\n|upkeep\n|\n|t:|1781406096\n|switch|p2a: Regigigas|Regigigas, L84|322/322\n|-damage|p2a: Regigigas|282/322|[from] Spikes\n|-damage|p2a: Regigigas|242/322|[from] Stealth Rock\n|-start|p2a: Regigigas|ability: Slow Start\n|turn|16\n|\n|t:|1781406110\n|move|p2a: Regigigas|Knock Off|p1a: Piloswine\n|-damage|p1a: Piloswine|56/309\n|-enditem|p1a: Piloswine|Eviolite|[from] move: Knock Off|[of] p2a: Regigigas\n|move|p1a: Piloswine|Earthquake|p2a: Regigigas\n|-damage|p2a: Regigigas|142/322\n|\n|-heal|p2a: Regigigas|162/322|[from] item: Leftovers\n|upkeep\n|turn|17\n|\n|t:|1781406121\n|move|p2a: Regigigas|Rest|p2a: Regigigas\n|-status|p2a: Regigigas|slp|[from] move: Rest\n|-heal|p2a: Regigigas|322/322 slp|[silent]\n|move|p1a: Piloswine|Earthquake|p2a: Regigigas\n|-crit|p2a: Regigigas\n|-damage|p2a: Regigigas|177/322 slp\n|\n|-heal|p2a: Regigigas|197/322 slp|[from] item: Leftovers\n|upkeep\n|turn|18\n|\n|t:|1781406133\n|cant|p2a: Regigigas|slp\n|move|p2a: Regigigas|Sleep Talk|p2a: Regigigas\n|move|p2a: Regigigas|Knock Off|p1a: Piloswine|[from] move: Sleep Talk\n|-damage|p1a: Piloswine|19/309\n|move|p1a: Piloswine|Earthquake|p2a: Regigigas\n|-damage|p2a: Regigigas|109/322 slp\n|\n|-heal|p2a: Regigigas|129/322 slp|[from] item: Leftovers\n|upkeep\n|turn|19\n|\n|t:|1781406145\n|cant|p2a: Regigigas|slp\n|move|p2a: Regigigas|Sleep Talk|p2a: Regigigas\n|move|p2a: Regigigas|Body Slam|p1a: Piloswine|[from] move: Sleep Talk\n|-damage|p1a: Piloswine|0 fnt\n|faint|p1a: Piloswine\n|\n|-heal|p2a: Regigigas|149/322 slp|[from] item: Leftovers\n|upkeep\n|\n|t:|1781406157\n|switch|p1a: Electrode|Electrode-Hisui, L87|246/246\n|-activate|p1a: Electrode|move: Sticky Web\n|-unboost|p1a: Electrode|spe|1\n|turn|20\n|\n|t:|1781406163\n|move|p1a: Electrode|Leech Seed|p2a: Regigigas\n|-start|p2a: Regigigas|move: Leech Seed\n|-curestatus|p2a: Regigigas|slp|[msg]\n|move|p2a: Regigigas|Rest|p2a: Regigigas\n|-status|p2a: Regigigas|slp|[from] move: Rest\n|-heal|p2a: Regigigas|322/322 slp|[silent]\n|\n|-damage|p2a: Regigigas|282/322 slp|[from] Leech Seed|[of] p1a: Electrode\n|-end|p2a: Regigigas|Slow Start\n|upkeep\n|turn|21\n|\n|t:|1781406180\n|switch|p1a: Vileplume|Vileplume, L85, F|266/266\n|-activate|p1a: Vileplume|move: Sticky Web\n|-unboost|p1a: Vileplume|spe|1\n|cant|p2a: Regigigas|slp\n|move|p2a: Regigigas|Sleep Talk|p2a: Regigigas\n|move|p2a: Regigigas|Body Slam|p1a: Vileplume|[from] move: Sleep Talk\n|-damage|p1a: Vileplume|131/266\n|-status|p1a: Vileplume|par\n|\n|-heal|p2a: Regigigas|302/322 slp|[from] item: Leftovers\n|-heal|p1a: Vileplume|147/266 par|[from] item: Leftovers\n|-damage|p2a: Regigigas|262/322 slp|[from] Leech Seed|[of] p1a: Vileplume\n|-heal|p1a: Vileplume|187/266 par|[silent]\n|upkeep\n|turn|22\n|\n|t:|1781406195\n|cant|p2a: Regigigas|slp\n|move|p2a: Regigigas|Sleep Talk|p2a: Regigigas\n|move|p2a: Regigigas|Rest||[from] move: Sleep Talk|[still]\n|-fail|p2a: Regigigas\n|move|p1a: Vileplume|Strength Sap|p2a: Regigigas\n|-unboost|p2a: Regigigas|atk|1\n|-heal|p1a: Vileplume|266/266 par\n|\n|-heal|p2a: Regigigas|282/322 slp|[from] item: Leftovers\n|-damage|p2a: Regigigas|242/322 slp|[from] Leech Seed|[of] p1a: Vileplume\n|upkeep\n|turn|23\n|\n|t:|1781406209\n|-curestatus|p2a: Regigigas|slp|[msg]\n|move|p2a: Regigigas|Knock Off|p1a: Vileplume\n|-damage|p1a: Vileplume|201/266 par\n|-status|p2a: Regigigas|psn|[from] ability: Effect Spore|[of] p1a: Vileplume\n|-enditem|p1a: Vileplume|Leftovers|[from] move: Knock Off|[of] p2a: Regigigas\n|move|p1a: Vileplume|Sludge Bomb|p2a: Regigigas\n|-damage|p2a: Regigigas|152/322 psn\n|\n|-heal|p2a: Regigigas|172/322 psn|[from] item: Leftovers\n|-damage|p2a: Regigigas|132/322 psn|[from] Leech Seed|[of] p1a: Vileplume\n|-heal|p1a: Vileplume|241/266 par|[silent]\n|-damage|p2a: Regigigas|92/322 psn|[from] psn\n|upkeep\n|turn|24\n|\n|t:|1781406224\n|move|p2a: Regigigas|Rest|p2a: Regigigas\n|-status|p2a: Regigigas|slp|[from] move: Rest\n|-heal|p2a: Regigigas|322/322 slp|[silent]\n|move|p1a: Vileplume|Giga Drain|p2a: Regigigas\n|-damage|p2a: Regigigas|247/322 slp\n|-heal|p1a: Vileplume|266/266 par|[from] drain|[of] p2a: Regigigas\n|\n|-heal|p2a: Regigigas|267/322 slp|[from] item: Leftovers\n|-damage|p2a: Regigigas|227/322 slp|[from] Leech Seed|[of] p1a: Vileplume\n|upkeep\n|turn|25\n|\n|t:|1781406241\n|cant|p2a: Regigigas|slp\n|move|p2a: Regigigas|Sleep Talk|p2a: Regigigas\n|move|p2a: Regigigas|Rest||[from] move: Sleep Talk|[still]\n|-fail|p2a: Regigigas\n|move|p1a: Vileplume|Giga Drain|p2a: Regigigas\n|-damage|p2a: Regigigas|146/322 slp\n|\n|-heal|p2a: Regigigas|166/322 slp|[from] item: Leftovers\n|-damage|p2a: Regigigas|126/322 slp|[from] Leech Seed|[of] p1a: Vileplume\n|upkeep\n|turn|26\n|\n|t:|1781406252\n|cant|p2a: Regigigas|slp\n|move|p2a: Regigigas|Sleep Talk|p2a: Regigigas\n|move|p2a: Regigigas|Body Slam|p1a: Vileplume|[from] move: Sleep Talk\n|-damage|p1a: Vileplume|173/266 par\n|move|p1a: Vileplume|Sludge Bomb|p2a: Regigigas\n|-damage|p2a: Regigigas|30/322 slp\n|\n|-heal|p2a: Regigigas|50/322 slp|[from] item: Leftovers\n|-damage|p2a: Regigigas|10/322 slp|[from] Leech Seed|[of] p1a: Vileplume\n|-heal|p1a: Vileplume|213/266 par|[silent]\n|upkeep\n|turn|27\n|\n|t:|1781406266\n|-curestatus|p2a: Regigigas|slp|[msg]\n|move|p2a: Regigigas|Body Slam|p1a: Vileplume\n|-damage|p1a: Vileplume|122/266 par\n|move|p1a: Vileplume|Sludge Bomb|p2a: Regigigas\n|-damage|p2a: Regigigas|0 fnt\n|faint|p2a: Regigigas\n|-end|p2a: Regigigas|Slow Start|[silent]\n|\n|upkeep\n|\n|t:|1781406279\n|switch|p2a: Bruxish|Bruxish, L85, M|108/254\n|-damage|p2a: Bruxish|77/254|[from] Spikes\n|-damage|p2a: Bruxish|46/254|[from] Stealth Rock\n|turn|28\n|\n|t:|1781406285\n|move|p2a: Bruxish|Psychic Fangs|p1a: Vileplume\n|-supereffective|p1a: Vileplume\n|-damage|p1a: Vileplume|0 fnt\n|faint|p1a: Vileplume\n|\n|upkeep\n|\n|t:|1781406291\n|switch|p1a: Meloetta|Meloetta, L82|298/298\n|-activate|p1a: Meloetta|move: Sticky Web\n|-unboost|p1a: Meloetta|spe|1\n|turn|29\n|\n|t:|1781406299\n|move|p2a: Bruxish|Psychic Fangs|p1a: Meloetta\n|-resisted|p1a: Meloetta\n|-damage|p1a: Meloetta|182/298\n|move|p1a: Meloetta|Relic Song|p2a: Bruxish\n|-damage|p2a: Bruxish|0 fnt\n|faint|p2a: Bruxish\n|-formechange|p1a: Meloetta|Meloetta-Pirouette|[msg]\n|-damage|p1a: Meloetta|153/298|[from] item: Life Orb\n|\n|upkeep\n|\n|t:|1781406306\n|switch|p2a: Lycanroc|Lycanroc, L86, M|269/269\n|-damage|p2a: Lycanroc|236/269|[from] Spikes\n|-damage|p2a: Lycanroc|203/269|[from] Stealth Rock\n|turn|30\n|\n|t:|1781406313\n|move|p2a: Lycanroc|Close Combat|p1a: Meloetta\n|-supereffective|p1a: Meloetta\n|-damage|p1a: Meloetta|0 fnt\n|-unboost|p2a: Lycanroc|def|1\n|-unboost|p2a: Lycanroc|spd|1\n|faint|p1a: Meloetta\n|-damage|p2a: Lycanroc|177/269|[from] item: Life Orb\n|\n|upkeep\n|\n|t:|1781406317\n|switch|p1a: Electrode|Electrode-Hisui, L87|246/246\n|-activate|p1a: Electrode|move: Sticky Web\n|-unboost|p1a: Electrode|spe|1\n|turn|31\n|\n|t:|1781406324\n|move|p2a: Lycanroc|Close Combat|p1a: Electrode\n|-damage|p1a: Electrode|97/246\n|-unboost|p2a: Lycanroc|def|1\n|-unboost|p2a: Lycanroc|spd|1\n|-damage|p2a: Lycanroc|151/269|[from] item: Life Orb\n|move|p1a: Electrode|Giga Drain|p2a: Lycanroc\n|-supereffective|p2a: Lycanroc\n|-damage|p2a: Lycanroc|0 fnt\n|-heal|p1a: Electrode|173/246|[from] drain|[of] p2a: Lycanroc\n|faint|p2a: Lycanroc\n|\n|-heal|p1a: Electrode|188/246|[from] item: Leftovers\n|upkeep\n|\n|t:|1781406328\n|switch|p2a: Arceus|Arceus-Water, L71|288/288\n|-damage|p2a: Arceus|252/288|[from] Spikes\n|-damage|p2a: Arceus|216/288|[from] Stealth Rock\n|turn|32\n|\n|t:|1781406343\n|-terastallize|p2a: Arceus|Steel\n|move|p2a: Arceus|Ice Beam|p1a: Electrode\n|-supereffective|p1a: Electrode\n|-damage|p1a: Electrode|72/246\n|move|p1a: Electrode|Leech Seed|p2a: Arceus\n|-start|p2a: Arceus|move: Leech Seed\n|\n|-heal|p1a: Electrode|87/246|[from] item: Leftovers\n|-damage|p2a: Arceus|180/288|[from] Leech Seed|[of] p1a: Electrode\n|-heal|p1a: Electrode|123/246|[silent]\n|upkeep\n|turn|33\n|\n|t:|1781406356\n|-terastallize|p1a: Electrode|Poison\n|move|p2a: Arceus|Ice Beam|p1a: Electrode\n|-damage|p1a: Electrode|61/246\n|move|p1a: Electrode|Giga Drain|p2a: Arceus\n|-resisted|p2a: Arceus\n|-damage|p2a: Arceus|145/288\n|-heal|p1a: Electrode|79/246|[from] drain|[of] p2a: Arceus\n|\n|-heal|p1a: Electrode|94/246|[from] item: Leftovers\n|-damage|p2a: Arceus|109/288|[from] Leech Seed|[of] p1a: Electrode\n|-heal|p1a: Electrode|130/246|[silent]\n|upkeep\n|turn|34\n|\n|t:|1781406368\n|move|p2a: Arceus|Recover|p2a: Arceus\n|-heal|p2a: Arceus|253/288\n|move|p1a: Electrode|Thunderbolt|p2a: Arceus\n|-damage|p2a: Arceus|175/288\n|\n|-heal|p1a: Electrode|145/246|[from] item: Leftovers\n|-damage|p2a: Arceus|139/288|[from] Leech Seed|[of] p1a: Electrode\n|-heal|p1a: Electrode|181/246|[silent]\n|upkeep\n|turn|35\n|-message|Jardenat forfeited.\n|\n|win|Wigglystuff\n", "inputlog": ">version a8376a258c1d4662feba110a92103f3664a72141\n>start {\"formatid\":\"gen9randombattle\",\"seed\":\"sodium,fcc6757c82f3cc07de4cfee6e517305b\",\"rated\":\"Rated battle\"}\n>player p1 {\"name\":\"Wigglystuff\",\"avatar\":\"265\",\"rating\":2023,\"seed\":\"sodium,49e67ca2f56d4560d7d03929a86685aa\"}\n>player p2 {\"name\":\"Jardenat\",\"avatar\":\"marlon\",\"rating\":2022,\"seed\":\"sodium,d56465965bcb78f7f3dd1db985884779\"}\n>p1 move sleeppowder\n>p2 switch 6\n>p1 switch 5\n>p2 move stickyweb\n>p1 move spikes\n>p2 switch 5\n>p1 switch 2\n>p2 move swordsdance\n>p1 move drainingkiss\n>p2 move powerwhip\n>p1 switch 6\n>p1 move substitute\n>p2 switch 5\n>p1 move leechseed\n>p2 move stickyweb\n>p1 switch 2\n>p2 move voltswitch\n>p1 move icebeam\n>p2 switch 5\n>p2 switch 3\n>p1 move earthquake\n>p2 move psychicfangs\n>p1 move earthquake\n>p2 move psychicfangs\n>p1 switch 4\n>p1 move stealthrock\n>p2 switch 5\n>p1 move iciclecrash\n>p2 move bugbuzz\n>p1 move iciclecrash\n>p2 move bugbuzz\n>p1 move iceshard\n>p2 move bugbuzz\n>p2 switch 4\n>p1 move earthquake\n>p2 move knockoff\n>p1 move earthquake\n>p2 move rest\n>p1 move earthquake\n>p2 move sleeptalk\n>p1 move earthquake\n>p2 move sleeptalk\n>p1 switch 2\n>p1 move leechseed\n>p2 move rest\n>p1 switch 5\n>p2 move sleeptalk\n>p1 move strengthsap\n>p2 move sleeptalk\n>p1 move sludgebomb\n>p2 move knockoff\n>p1 move gigadrain\n>p2 move rest\n>p1 move gigadrain\n>p2 move sleeptalk\n>p1 move sludgebomb\n>p2 move sleeptalk\n>p1 move sludgebomb\n>p2 move bodyslam\n>p2 switch 5\n>p1 move gigadrain\n>p2 move psychicfangs\n>p1 switch 3\n>p1 move relicsong\n>p2 move psychicfangs\n>p2 switch 6\n>p1 move closecombat\n>p2 move closecombat\n>p1 switch 5\n>p1 move gigadrain\n>p2 move closecombat\n>p2 switch 2\n>p1 move leechseed\n>p2 move icebeam terastallize\n>p1 move gigadrain terastallize\n>p2 move icebeam\n>p1 move thunderbolt\n>p2 move recover\n>forcelose p2", "uploadtime": 1781405867, "views": 5, "formatid": "gen9randombattle", "rating": null, "private": 0, "password": null}