{"id": "gen9randombattle-2631750005", "format": "[Gen 9] Random Battle", "players": ["crustlemuscle", "KoffeeArchive"], "log": "|j|\u2606crustlemuscle\n|j|\u2606KoffeeArchive\n|t:|1781433541\n|gametype|singles\n|player|p1|crustlemuscle|101|1918\n|player|p2|KoffeeArchive|clair|1923\n|gen|9\n|tier|[Gen 9] Random Battle\n|rated|\n|rule|Species Clause: Limit one of each Pok\u00e9mon\n|rule|HP Percentage Mod: HP is shown in percentages\n|rule|Sleep Clause Mod: Limit one foe put to sleep\n|rule|Illusion Level Mod: Illusion disguises the Pok\u00e9mon's true level\n|\n|t:|1781433541\n|teamsize|p1|6\n|teamsize|p2|6\n|start\n|switch|p1a: Swalot|Swalot, L90, M|326/326\n|switch|p2a: Haxorus|Haxorus, L77, F|244/244\n|-ability|p2a: Haxorus|Mold Breaker\n|turn|1\n|inactive|Battle timer is ON: inactive players will automatically lose when time's up. (requested by KoffeeArchive)\n|\n|t:|1781433553\n|move|p2a: Haxorus|Swords Dance|p2a: Haxorus\n|-boost|p2a: Haxorus|atk|2\n|move|p1a: Swalot|Sludge Bomb|p2a: Haxorus\n|-damage|p2a: Haxorus|120/244\n|\n|upkeep\n|turn|2\n|\n|t:|1781433558\n|move|p2a: Haxorus|Earthquake|p1a: Swalot\n|-supereffective|p1a: Swalot\n|-damage|p1a: Swalot|28/326\n|move|p1a: Swalot|Sludge Bomb|p2a: Haxorus\n|-damage|p2a: Haxorus|11/244\n|\n|-heal|p1a: Swalot|48/326|[from] item: Leftovers\n|upkeep\n|turn|3\n|\n|t:|1781433568\n|switch|p1a: Clefable|Clefable, L83, F|293/293\n|move|p2a: Haxorus|Scale Shot|p1a: Clefable\n|-immune|p1a: Clefable\n|\n|upkeep\n|turn|4\n|\n|t:|1781433576\n|move|p2a: Haxorus|Iron Head|p1a: Clefable\n|-supereffective|p1a: Clefable\n|-damage|p1a: Clefable|11/293\n|move|p1a: Clefable|Moonblast|p2a: Haxorus\n|-supereffective|p2a: Haxorus\n|-damage|p2a: Haxorus|0 fnt\n|faint|p2a: Haxorus\n|\n|-heal|p1a: Clefable|29/293|[from] item: Leftovers\n|upkeep\n|\n|t:|1781433584\n|switch|p2a: Armarouge|Armarouge, L80, M|267/267\n|turn|5\n|\n|t:|1781433588\n|move|p2a: Armarouge|Armor Cannon|p1a: Clefable\n|-damage|p1a: Clefable|0 fnt\n|-unboost|p2a: Armarouge|def|1\n|-unboost|p2a: Armarouge|spd|1\n|faint|p1a: Clefable\n|\n|upkeep\n|\n|t:|1781433598\n|switch|p1a: Glimmora|Glimmora, L75, F|248/248\n|turn|6\n|\n|t:|1781433611\n|switch|p2a: Minun|Minun, L95, F|268/268\n|move|p1a: Glimmora|Meteor Beam||[still]\n|-prepare|p1a: Glimmora|Meteor Beam\n|-boost|p1a: Glimmora|spa|1\n|-enditem|p1a: Glimmora|Power Herb\n|-anim|p1a: Glimmora|Meteor Beam|p2a: Minun\n|-damage|p2a: Minun|91/268\n|\n|upkeep\n|turn|7\n|\n|t:|1781433620\n|move|p2a: Minun|Thunderbolt|p1a: Glimmora\n|-damage|p1a: Glimmora|79/248\n|-damage|p2a: Minun|65/268|[from] item: Life Orb\n|move|p1a: Glimmora|Sludge Wave|p2a: Minun\n|-damage|p2a: Minun|0 fnt\n|faint|p2a: Minun\n|\n|upkeep\n|\n|t:|1781433630\n|switch|p2a: Darkrai|Darkrai, L77|234/234\n|turn|8\n|\n|t:|1781433633\n|move|p2a: Darkrai|Dark Pulse|p1a: Glimmora\n|-damage|p1a: Glimmora|0 fnt\n|faint|p1a: Glimmora\n|-damage|p2a: Darkrai|211/234|[from] item: Life Orb\n|\n|upkeep\n|\n|t:|1781433640\n|switch|p1a: Piloswine|Piloswine, L85, F|309/309\n|turn|9\n|\n|t:|1781433644\n|switch|p2a: Avalugg|Avalugg, L88, M|310/310\n|move|p1a: Piloswine|Earthquake|p2a: Avalugg\n|-damage|p2a: Avalugg|247/310\n|\n|upkeep\n|turn|10\n|\n|t:|1781433651\n|switch|p1a: Kyogre|Kyogre, L71|259/259\n|-weather|RainDance|[from] ability: Drizzle|[of] p1a: Kyogre\n|move|p2a: Avalugg|Body Press|p1a: Kyogre\n|-damage|p1a: Kyogre|140/259\n|\n|-weather|RainDance|[upkeep]\n|-heal|p1a: Kyogre|156/259|[from] item: Leftovers\n|upkeep\n|turn|11\n|\n|t:|1781433659\n|move|p1a: Kyogre|Origin Pulse|p2a: Avalugg|[miss]\n|-miss|p1a: Kyogre|p2a: Avalugg\n|move|p2a: Avalugg|Rapid Spin|p1a: Kyogre\n|-damage|p1a: Kyogre|101/259\n|-boost|p2a: Avalugg|spe|1\n|\n|-weather|RainDance|[upkeep]\n|-heal|p1a: Kyogre|117/259|[from] item: Leftovers\n|upkeep\n|turn|12\n|\n|t:|1781433672\n|switch|p1a: Houndstone|Houndstone, L86, M|264/264\n|move|p2a: Avalugg|Rapid Spin|p1a: Houndstone\n|-immune|p1a: Houndstone\n|\n|-weather|RainDance|[upkeep]\n|upkeep\n|turn|13\n|\n|t:|1781433678\n|move|p1a: Houndstone|Body Press|p2a: Avalugg\n|-supereffective|p2a: Avalugg\n|-damage|p2a: Avalugg|181/310\n|move|p2a: Avalugg|Avalanche|p1a: Houndstone\n|-damage|p1a: Houndstone|192/264\n|\n|-weather|RainDance|[upkeep]\n|-heal|p1a: Houndstone|208/264|[from] item: Leftovers\n|upkeep\n|turn|14\n|\n|t:|1781433686\n|move|p1a: Houndstone|Body Press|p2a: Avalugg\n|-supereffective|p2a: Avalugg\n|-damage|p2a: Avalugg|113/310\n|move|p2a: Avalugg|Recover|p2a: Avalugg\n|-heal|p2a: Avalugg|268/310\n|\n|-weather|none\n|-heal|p1a: Houndstone|224/264|[from] item: Leftovers\n|upkeep\n|turn|15\n|\n|t:|1781433695\n|move|p1a: Houndstone|Body Press|p2a: Avalugg\n|-supereffective|p2a: Avalugg\n|-damage|p2a: Avalugg|204/310\n|move|p2a: Avalugg|Avalanche|p1a: Houndstone\n|-damage|p1a: Houndstone|152/264\n|\n|-heal|p1a: Houndstone|168/264|[from] item: Leftovers\n|upkeep\n|turn|16\n|\n|t:|1781433703\n|move|p1a: Houndstone|Poltergeist|p2a: Avalugg\n|-activate|p2a: Avalugg|move: Poltergeist|Heavy-Duty Boots\n|-damage|p2a: Avalugg|135/310\n|move|p2a: Avalugg|Recover|p2a: Avalugg\n|-heal|p2a: Avalugg|290/310\n|\n|-heal|p1a: Houndstone|184/264|[from] item: Leftovers\n|upkeep\n|turn|17\n|\n|t:|1781433712\n|move|p1a: Houndstone|Poltergeist|p2a: Avalugg|[miss]\n|-miss|p1a: Houndstone|p2a: Avalugg\n|move|p2a: Avalugg|Avalanche|p1a: Houndstone\n|-damage|p1a: Houndstone|150/264\n|\n|-heal|p1a: Houndstone|166/264|[from] item: Leftovers\n|upkeep\n|turn|18\n|\n|t:|1781433720\n|move|p1a: Houndstone|Body Press|p2a: Avalugg\n|-supereffective|p2a: Avalugg\n|-damage|p2a: Avalugg|218/310\n|move|p2a: Avalugg|Avalanche|p1a: Houndstone\n|-damage|p1a: Houndstone|94/264\n|\n|-heal|p1a: Houndstone|110/264|[from] item: Leftovers\n|upkeep\n|turn|19\n|\n|t:|1781433728\n|move|p1a: Houndstone|Rest|p1a: Houndstone\n|-status|p1a: Houndstone|slp|[from] move: Rest\n|-heal|p1a: Houndstone|264/264 slp|[silent]\n|move|p2a: Avalugg|Avalanche|p1a: Houndstone\n|-damage|p1a: Houndstone|228/264 slp\n|\n|-heal|p1a: Houndstone|244/264 slp|[from] item: Leftovers\n|upkeep\n|turn|20\n|\n|t:|1781433736\n|cant|p1a: Houndstone|slp\n|move|p1a: Houndstone|Sleep Talk|p1a: Houndstone\n|move|p1a: Houndstone|Poltergeist|p2a: Avalugg|[from] move: Sleep Talk\n|-activate|p2a: Avalugg|move: Poltergeist|Heavy-Duty Boots\n|-damage|p2a: Avalugg|146/310\n|move|p2a: Avalugg|Recover|p2a: Avalugg\n|-heal|p2a: Avalugg|301/310\n|\n|-heal|p1a: Houndstone|260/264 slp|[from] item: Leftovers\n|upkeep\n|turn|21\n|\n|t:|1781433745\n|cant|p1a: Houndstone|slp\n|move|p1a: Houndstone|Sleep Talk|p1a: Houndstone\n|move|p1a: Houndstone|Rest||[from] move: Sleep Talk|[still]\n|-fail|p1a: Houndstone\n|move|p2a: Avalugg|Avalanche|p1a: Houndstone\n|-damage|p1a: Houndstone|226/264 slp\n|\n|-heal|p1a: Houndstone|242/264 slp|[from] item: Leftovers\n|upkeep\n|turn|22\n|\n|t:|1781433754\n|-curestatus|p1a: Houndstone|slp|[msg]\n|move|p1a: Houndstone|Rest|p1a: Houndstone\n|-status|p1a: Houndstone|slp|[from] move: Rest\n|-heal|p1a: Houndstone|264/264 slp|[silent]\n|move|p2a: Avalugg|Avalanche|p1a: Houndstone\n|-damage|p1a: Houndstone|229/264 slp\n|\n|-heal|p1a: Houndstone|245/264 slp|[from] item: Leftovers\n|upkeep\n|turn|23\n|\n|t:|1781433763\n|switch|p2a: Darkrai|Darkrai, L77|211/234\n|cant|p1a: Houndstone|slp\n|move|p1a: Houndstone|Sleep Talk|p1a: Houndstone\n|move|p1a: Houndstone|Poltergeist|p2a: Darkrai|[from] move: Sleep Talk\n|-activate|p2a: Darkrai|move: Poltergeist|Life Orb\n|-resisted|p2a: Darkrai\n|-damage|p2a: Darkrai|149/234\n|\n|-heal|p1a: Houndstone|261/264 slp|[from] item: Leftovers\n|-damage|p1a: Houndstone|228/264 slp|[from] ability: Bad Dreams|[of] p2a: Darkrai\n|upkeep\n|turn|24\n|\n|t:|1781433781\n|-terastallize|p1a: Houndstone|Fighting\n|move|p2a: Darkrai|Dark Pulse|p1a: Houndstone\n|-resisted|p1a: Houndstone\n|-damage|p1a: Houndstone|173/264 slp\n|-damage|p2a: Darkrai|126/234|[from] item: Life Orb\n|cant|p1a: Houndstone|slp\n|move|p1a: Houndstone|Sleep Talk|p1a: Houndstone\n|move|p1a: Houndstone|Body Press|p2a: Darkrai|[from] move: Sleep Talk\n|-supereffective|p2a: Darkrai\n|-damage|p2a: Darkrai|0 fnt\n|faint|p2a: Darkrai\n|\n|-heal|p1a: Houndstone|189/264 slp|[from] item: Leftovers\n|upkeep\n|\n|t:|1781433798\n|switch|p2a: Armarouge|Armarouge, L80, M|267/267\n|turn|25\n|\n|t:|1781433805\n|switch|p1a: Swalot|Swalot, L90, M|48/326\n|move|p2a: Armarouge|Armor Cannon|p1a: Swalot\n|-damage|p1a: Swalot|0 fnt\n|-unboost|p2a: Armarouge|def|1\n|-unboost|p2a: Armarouge|spd|1\n|faint|p1a: Swalot\n|\n|upkeep\n|\n|t:|1781433812\n|switch|p1a: Kyogre|Kyogre, L71|117/259\n|-weather|RainDance|[from] ability: Drizzle|[of] p1a: Kyogre\n|turn|26\n|\n|t:|1781433817\n|move|p1a: Kyogre|Origin Pulse|p2a: Armarouge|[miss]\n|-miss|p1a: Kyogre|p2a: Armarouge\n|move|p2a: Armarouge|Armor Cannon|p1a: Kyogre\n|-resisted|p1a: Kyogre\n|-damage|p1a: Kyogre|72/259\n|-unboost|p2a: Armarouge|def|1\n|-unboost|p2a: Armarouge|spd|1\n|\n|-weather|RainDance|[upkeep]\n|-heal|p1a: Kyogre|88/259|[from] item: Leftovers\n|upkeep\n|turn|27\n|\n|t:|1781433826\n|switch|p2a: Avalugg|Avalugg, L88, M|301/310\n|move|p1a: Kyogre|Origin Pulse|p2a: Avalugg\n|-damage|p2a: Avalugg|51/310\n|\n|-weather|RainDance|[upkeep]\n|-heal|p1a: Kyogre|104/259|[from] item: Leftovers\n|upkeep\n|turn|28\n|\n|t:|1781433833\n|move|p1a: Kyogre|Thunder|p2a: Avalugg\n|-damage|p2a: Avalugg|0 fnt\n|faint|p2a: Avalugg\n|\n|-weather|RainDance|[upkeep]\n|-heal|p1a: Kyogre|120/259|[from] item: Leftovers\n|upkeep\n|\n|t:|1781433835\n|switch|p2a: Armarouge|Armarouge, L80, M|267/267\n|turn|29\n|\n|t:|1781433842\n|switch|p1a: Houndstone|Houndstone, L86, M, tera:Fighting|189/264 slp\n|-terastallize|p2a: Armarouge|Grass\n|move|p2a: Armarouge|Energy Ball|p1a: Houndstone\n|-damage|p1a: Houndstone|39/264 slp\n|\n|-weather|RainDance|[upkeep]\n|-heal|p1a: Houndstone|55/264 slp|[from] item: Leftovers\n|upkeep\n|turn|30\n|\n|t:|1781433856\n|switch|p2a: Minior|Minior-Orange, L79|224/224\n|-formechange|p2a: Minior|Minior-Meteor||[from] ability: Shields Down\n|-curestatus|p1a: Houndstone|slp|[msg]\n|move|p1a: Houndstone|Body Press|p2a: Minior\n|-damage|p2a: Minior|137/224\n|\n|-weather|none\n|-heal|p1a: Houndstone|71/264|[from] item: Leftovers\n|upkeep\n|turn|31\n|\n|t:|1781433867\n|move|p1a: Houndstone|Poltergeist|p2a: Minior|[miss]\n|-miss|p1a: Houndstone|p2a: Minior\n|move|p2a: Minior|Shell Smash|p2a: Minior\n|-unboost|p2a: Minior|def|1\n|-unboost|p2a: Minior|spd|1\n|-boost|p2a: Minior|atk|2\n|-boost|p2a: Minior|spa|2\n|-boost|p2a: Minior|spe|2\n|-enditem|p2a: Minior|White Herb\n|-clearnegativeboost|p2a: Minior|[silent]\n|\n|-heal|p1a: Houndstone|87/264|[from] item: Leftovers\n|upkeep\n|turn|32\n|\n|t:|1781433884\n|move|p2a: Minior|Acrobatics|p1a: Houndstone\n|-supereffective|p1a: Houndstone\n|-damage|p1a: Houndstone|0 fnt\n|faint|p1a: Houndstone\n|\n|upkeep\n|\n|t:|1781433888\n|switch|p1a: Piloswine|Piloswine, L85, F|309/309\n|turn|33\n|\n|t:|1781433897\n|move|p2a: Minior|Acrobatics|p1a: Piloswine\n|-damage|p1a: Piloswine|213/309\n|move|p1a: Piloswine|Icicle Crash|p2a: Minior\n|-supereffective|p2a: Minior\n|-damage|p2a: Minior|0 fnt\n|faint|p2a: Minior\n|\n|upkeep\n|\n|t:|1781433899\n|switch|p2a: Armarouge|Armarouge, L80, M, tera:Grass|267/267\n|turn|34\n|\n|t:|1781433907\n|move|p2a: Armarouge|Energy Ball|p1a: Piloswine\n|-supereffective|p1a: Piloswine\n|-damage|p1a: Piloswine|0 fnt\n|faint|p1a: Piloswine\n|\n|upkeep\n|\n|t:|1781433911\n|switch|p1a: Kyogre|Kyogre, L71|120/259\n|-weather|RainDance|[from] ability: Drizzle|[of] p1a: Kyogre\n|turn|35\n|\n|t:|1781433916\n|move|p1a: Kyogre|Ice Beam|p2a: Armarouge\n|-supereffective|p2a: Armarouge\n|-damage|p2a: Armarouge|117/267\n|-status|p2a: Armarouge|frz\n|cant|p2a: Armarouge|frz\n|\n|-weather|RainDance|[upkeep]\n|-heal|p1a: Kyogre|136/259|[from] item: Leftovers\n|upkeep\n|turn|36\n|\n|t:|1781433923\n|move|p1a: Kyogre|Ice Beam|p2a: Armarouge\n|-supereffective|p2a: Armarouge\n|-damage|p2a: Armarouge|0 fnt\n|faint|p2a: Armarouge\n|\n|win|crustlemuscle\n|raw|crustlemuscle's rating: 1918 &rarr; <strong>1938</strong><br />(+20 for winning)\n|raw|KoffeeArchive's rating: 1923 &rarr; <strong>1903</strong><br />(-20 for losing)\n", "inputlog": ">version a8376a258c1d4662feba110a92103f3664a72141\n>start {\"formatid\":\"gen9randombattle\",\"seed\":\"sodium,aa809c19faefef7e04a312be61282c1e\",\"rated\":\"Rated battle\"}\n>player p1 {\"name\":\"crustlemuscle\",\"avatar\":\"101\",\"rating\":1918,\"seed\":\"sodium,e7b40e3140003c49d266f49194b88246\"}\n>player p2 {\"name\":\"KoffeeArchive\",\"avatar\":\"clair\",\"rating\":1923,\"seed\":\"sodium,6c8a2538eefc56cc08fd2d1c61faca60\"}\n>p1 move sludgebomb\n>p2 move swordsdance\n>p1 move sludgebomb\n>p2 move earthquake\n>p1 switch 3\n>p2 move scaleshot\n>p1 move moonblast\n>p2 move ironhead\n>p2 switch 5\n>p1 move stealthrock\n>p2 move armorcannon\n>p1 switch 2\n>p1 move meteorbeam\n>p2 switch 2\n>p1 move sludgewave\n>p2 move thunderbolt\n>p2 switch 3\n>p1 move sludgewave\n>p2 move darkpulse\n>p1 switch 5\n>p1 move earthquake\n>p2 switch 6\n>p1 switch 4\n>p2 move bodypress\n>p1 move originpulse\n>p2 move rapidspin\n>p1 switch 6\n>p2 move rapidspin\n>p1 move bodypress\n>p2 move avalanche\n>p1 move bodypress\n>p2 move recover\n>p1 move bodypress\n>p2 move avalanche\n>p1 move poltergeist\n>p2 move recover\n>p1 move poltergeist\n>p2 move avalanche\n>p1 move bodypress\n>p2 move avalanche\n>p1 move rest\n>p2 move avalanche\n>p1 move sleeptalk\n>p2 move recover\n>p1 move sleeptalk\n>p2 move avalanche\n>p1 move rest\n>p2 move avalanche\n>p1 move sleeptalk\n>p2 switch 6\n>p1 move sleeptalk terastallize\n>p2 move darkpulse\n>p2 switch 2\n>p1 switch 3\n>p2 move armorcannon\n>p1 switch 6\n>p1 move originpulse\n>p2 move armorcannon\n>p1 move originpulse\n>p2 switch 6\n>p1 move thunder\n>p2 move bodypress\n>p2 switch 6\n>p1 switch 3\n>p2 move energyball terastallize\n>p1 move bodypress\n>p2 switch 4\n>p1 move poltergeist\n>p2 move shellsmash\n>p1 move poltergeist\n>p2 move acrobatics\n>p1 switch 4\n>p1 move iciclecrash\n>p2 move acrobatics\n>p2 switch 4\n>p1 move iciclecrash\n>p2 move energyball\n>p1 switch 3\n>p1 move icebeam\n>p2 move energyball\n>p1 move icebeam\n>p2 move energyball", "uploadtime": 1781433543, "views": 7, "formatid": "gen9randombattle", "rating": 1903, "private": 0, "password": null}