{"id": "gen9randombattle-2631988917", "format": "[Gen 9] Random Battle", "players": ["SteelixPrismGX", "pagenfranskane"], "log": "|j|\u2606SteelixPrismGX\n|j|\u2606pagenfranskane\n|t:|1781463263\n|gametype|singles\n|player|p1|SteelixPrismGX|siebold|2035\n|player|p2|pagenfranskane|battlegirl|1987\n|gen|9\n|tier|[Gen 9] Random Battle\n|rated|\n|rule|Species Clause: Limit one of each Pok\u00e9mon\n|rule|HP Percentage Mod: HP is shown in percentages\n|rule|Sleep Clause Mod: Limit one foe put to sleep\n|rule|Illusion Level Mod: Illusion disguises the Pok\u00e9mon's true level\n|\n|t:|1781463263\n|teamsize|p1|6\n|teamsize|p2|6\n|start\n|switch|p1a: Appletun|Appletun, L92, M|352/352\n|switch|p2a: Muk|Muk, L86, F|321/321\n|turn|1\n|\n|t:|1781463267\n|switch|p1a: Sandslash|Sandslash-Alola, L88, M|275/275\n|move|p2a: Muk|Knock Off|p1a: Sandslash\n|-damage|p1a: Sandslash|213/275\n|-enditem|p1a: Sandslash|Assault Vest|[from] move: Knock Off|[of] p2a: Muk\n|\n|upkeep\n|turn|2\n|\n|t:|1781463274\n|move|p1a: Sandslash|Triple Axel|p2a: Muk\n|-damage|p2a: Muk|293/321\n|-damage|p2a: Muk|236/321\n|-damage|p2a: Muk|151/321\n|-hitcount|p2a: Muk|3\n|move|p2a: Muk|Drain Punch|p1a: Sandslash\n|-supereffective|p1a: Sandslash\n|-damage|p1a: Sandslash|37/275\n|-heal|p2a: Muk|239/321|[from] drain|[of] p1a: Sandslash\n|\n|upkeep\n|turn|3\n|inactive|Battle timer is ON: inactive players will automatically lose when time's up. (requested by pagenfranskane)\n|\n|t:|1781463278\n|move|p1a: Sandslash|Earthquake|p2a: Muk\n|-supereffective|p2a: Muk\n|-damage|p2a: Muk|69/321\n|move|p2a: Muk|Drain Punch|p1a: Sandslash\n|-supereffective|p1a: Sandslash\n|-damage|p1a: Sandslash|0 fnt\n|-heal|p2a: Muk|88/321|[from] drain|[of] p1a: Sandslash\n|faint|p1a: Sandslash\n|\n|upkeep\n|\n|t:|1781463286\n|switch|p1a: Smeargle|Smeargle, L95, F|258/258\n|turn|4\n|\n|t:|1781463295\n|move|p1a: Smeargle|Population Bomb|p2a: Muk\n|-damage|p2a: Muk|69/321\n|-damage|p2a: Muk|51/321\n|-damage|p2a: Muk|33/321\n|-damage|p2a: Muk|15/321\n|-damage|p2a: Muk|0 fnt\n|faint|p2a: Muk\n|-hitcount|p2: Muk|5\n|\n|upkeep\n|\n|t:|1781463298\n|switch|p2a: Pikachu|Pikachu-Sinnoh, L93, M|216/216\n|turn|5\n|\n|t:|1781463302\n|switch|p1a: Appletun|Appletun, L92, M|352/352\n|move|p2a: Pikachu|Fake Out|p1a: Appletun\n|-damage|p1a: Appletun|305/352\n|\n|-heal|p1a: Appletun|327/352|[from] item: Leftovers\n|upkeep\n|turn|6\n|\n|t:|1781463309\n|switch|p2a: Staraptor|Staraptor, L79, F|263/263\n|move|p1a: Appletun|Apple Acid|p2a: Staraptor\n|-resisted|p2a: Staraptor\n|-damage|p2a: Staraptor|196/263\n|-unboost|p2a: Staraptor|spd|1\n|\n|-heal|p1a: Appletun|349/352|[from] item: Leftovers\n|upkeep\n|turn|7\n|\n|t:|1781463315\n|-terastallize|p1a: Appletun|Steel\n|move|p2a: Staraptor|Brave Bird|p1a: Appletun\n|-resisted|p1a: Appletun\n|-damage|p1a: Appletun|235/352\n|-damage|p2a: Staraptor|158/263|[from] Recoil\n|move|p1a: Appletun|Dragon Pulse|p2a: Staraptor\n|-damage|p2a: Staraptor|0 fnt\n|faint|p2a: Staraptor\n|\n|-heal|p1a: Appletun|257/352|[from] item: Leftovers\n|upkeep\n|\n|t:|1781463325\n|switch|p2a: Lunala|Lunala, L70|308/308\n|turn|8\n|\n|t:|1781463332\n|switch|p1a: Virizion|Virizion, L82|283/283\n|move|p2a: Lunala|Calm Mind|p2a: Lunala\n|-boost|p2a: Lunala|spa|1\n|-boost|p2a: Lunala|spd|1\n|\n|upkeep\n|turn|9\n|\n|t:|1781463339\n|move|p1a: Virizion|Leaf Blade|p2a: Lunala\n|-damage|p2a: Lunala|248/308\n|-damage|p1a: Virizion|255/283|[from] item: Life Orb\n|move|p2a: Lunala|Moonblast|p1a: Virizion\n|-supereffective|p1a: Virizion\n|-damage|p1a: Virizion|99/283\n|\n|-heal|p2a: Lunala|267/308|[from] item: Leftovers\n|upkeep\n|turn|10\n|\n|t:|1781463344\n|move|p1a: Virizion|Leaf Blade|p2a: Lunala\n|-damage|p2a: Lunala|131/308\n|-damage|p1a: Virizion|71/283|[from] item: Life Orb\n|move|p2a: Lunala|Moonlight|p2a: Lunala\n|-heal|p2a: Lunala|285/308\n|\n|-heal|p2a: Lunala|304/308|[from] item: Leftovers\n|upkeep\n|turn|11\n|\n|t:|1781463350\n|move|p1a: Virizion|Leaf Blade|p2a: Lunala\n|-damage|p2a: Lunala|164/308\n|-damage|p1a: Virizion|43/283|[from] item: Life Orb\n|move|p2a: Lunala|Moonblast|p1a: Virizion\n|-supereffective|p1a: Virizion\n|-damage|p1a: Virizion|0 fnt\n|faint|p1a: Virizion\n|\n|-heal|p2a: Lunala|183/308|[from] item: Leftovers\n|upkeep\n|\n|t:|1781463354\n|switch|p1a: Smeargle|Smeargle, L95, F|258/258\n|turn|12\n|\n|t:|1781463366\n|move|p1a: Smeargle|Shell Smash|p1a: Smeargle\n|-unboost|p1a: Smeargle|def|1\n|-unboost|p1a: Smeargle|spd|1\n|-boost|p1a: Smeargle|atk|2\n|-boost|p1a: Smeargle|spa|2\n|-boost|p1a: Smeargle|spe|2\n|move|p2a: Lunala|Moonblast|p1a: Smeargle\n|-damage|p1a: Smeargle|71/258\n|\n|-heal|p2a: Lunala|202/308|[from] item: Leftovers\n|upkeep\n|turn|13\n|\n|t:|1781463374\n|move|p1a: Smeargle|Power Trip|p2a: Lunala\n|-supereffective|p2a: Lunala\n|-damage|p2a: Lunala|0 fnt\n|faint|p2a: Lunala\n|\n|upkeep\n|\n|t:|1781463383\n|switch|p2a: Pikachu|Pikachu-Sinnoh, L93, M|216/216\n|turn|14\n|\n|t:|1781463386\n|switch|p1a: Appletun|Appletun, L92, M, tera:Steel|257/352\n|move|p2a: Pikachu|Fake Out|p1a: Appletun\n|-resisted|p1a: Appletun\n|-damage|p1a: Appletun|233/352\n|\n|-heal|p1a: Appletun|255/352|[from] item: Leftovers\n|upkeep\n|turn|15\n|\n|t:|1781463394\n|switch|p2a: Registeel|Registeel, L81|262/262\n|move|p1a: Appletun|Apple Acid|p2a: Registeel\n|-resisted|p2a: Registeel\n|-damage|p2a: Registeel|226/262\n|\n|-heal|p1a: Appletun|277/352|[from] item: Leftovers\n|upkeep\n|turn|16\n|\n|t:|1781463402\n|switch|p1a: Lunala|Lunala, L70|308/308\n|move|p2a: Registeel|Iron Defense|p2a: Registeel\n|-boost|p2a: Registeel|def|2\n|\n|upkeep\n|turn|17\n|\n|t:|1781463411\n|move|p1a: Lunala|Calm Mind|p1a: Lunala\n|-boost|p1a: Lunala|spa|1\n|-boost|p1a: Lunala|spd|1\n|move|p2a: Registeel|Iron Head|p1a: Lunala\n|-damage|p1a: Lunala|268/308\n|\n|-heal|p1a: Lunala|287/308|[from] item: Leftovers\n|upkeep\n|turn|18\n|\n|t:|1781463417\n|move|p1a: Lunala|Calm Mind|p1a: Lunala\n|-boost|p1a: Lunala|spa|1\n|-boost|p1a: Lunala|spd|1\n|move|p2a: Registeel|Iron Head|p1a: Lunala\n|-damage|p1a: Lunala|214/308\n|\n|-heal|p1a: Lunala|233/308|[from] item: Leftovers\n|upkeep\n|turn|19\n|\n|t:|1781463424\n|move|p1a: Lunala|Focus Blast|p2a: Registeel|[miss]\n|-miss|p1a: Lunala|p2a: Registeel\n|move|p2a: Registeel|Iron Head|p1a: Lunala\n|-damage|p1a: Lunala|161/308\n|\n|-heal|p1a: Lunala|180/308|[from] item: Leftovers\n|upkeep\n|turn|20\n|\n|t:|1781463428\n|move|p1a: Lunala|Focus Blast|p2a: Registeel|[miss]\n|-miss|p1a: Lunala|p2a: Registeel\n|move|p2a: Registeel|Iron Head|p1a: Lunala\n|-damage|p1a: Lunala|96/308\n|\n|-heal|p1a: Lunala|115/308|[from] item: Leftovers\n|upkeep\n|turn|21\n|\n|t:|1781463432\n|move|p1a: Lunala|Moonlight|p1a: Lunala\n|-heal|p1a: Lunala|269/308\n|move|p2a: Registeel|Iron Head|p1a: Lunala\n|-damage|p1a: Lunala|191/308\n|\n|-heal|p1a: Lunala|210/308|[from] item: Leftovers\n|upkeep\n|turn|22\n|\n|t:|1781463436\n|move|p1a: Lunala|Moongeist Beam|p2a: Registeel\n|-damage|p2a: Registeel|100/262\n|move|p2a: Registeel|Iron Head|p1a: Lunala\n|-damage|p1a: Lunala|134/308\n|\n|-heal|p1a: Lunala|153/308|[from] item: Leftovers\n|upkeep\n|turn|23\n|\n|t:|1781463442\n|move|p1a: Lunala|Moongeist Beam|p2a: Registeel\n|-damage|p2a: Registeel|0 fnt\n|faint|p2a: Registeel\n|\n|-heal|p1a: Lunala|172/308|[from] item: Leftovers\n|upkeep\n|\n|t:|1781463444\n|switch|p2a: Pikachu|Pikachu-Sinnoh, L93, M|216/216\n|turn|24\n|\n|t:|1781463452\n|switch|p1a: Appletun|Appletun, L92, M, tera:Steel|277/352\n|move|p2a: Pikachu|Volt Tackle|p1a: Appletun\n|-damage|p1a: Appletun|70/352\n|-damage|p2a: Pikachu|148/216|[from] Recoil\n|\n|-heal|p1a: Appletun|92/352|[from] item: Leftovers\n|upkeep\n|turn|25\n|\n|t:|1781463457\n|move|p2a: Pikachu|Volt Tackle|p1a: Appletun\n|-damage|p1a: Appletun|0 fnt\n|faint|p1a: Appletun\n|-damage|p2a: Pikachu|118/216|[from] Recoil\n|\n|upkeep\n|\n|t:|1781463458\n|switch|p1a: Eiscue|Eiscue, L88, M|274/274\n|turn|26\n|\n|t:|1781463466\n|move|p2a: Pikachu|Surf|p1a: Eiscue\n|-damage|p1a: Eiscue|186/274\n|move|p1a: Eiscue|Belly Drum|p1a: Eiscue\n|-damage|p1a: Eiscue|49/274\n|-setboost|p1a: Eiscue|atk|6|[from] move: Belly Drum\n|-enditem|p1a: Eiscue|Sitrus Berry|[eat]\n|-heal|p1a: Eiscue|117/274|[from] item: Sitrus Berry\n|\n|upkeep\n|turn|27\n|\n|t:|1781463473\n|move|p2a: Pikachu|Surf|p1a: Eiscue\n|-damage|p1a: Eiscue|20/274\n|move|p1a: Eiscue|Liquidation|p2a: Pikachu\n|-damage|p2a: Pikachu|0 fnt\n|faint|p2a: Pikachu\n|\n|upkeep\n|\n|t:|1781463474\n|switch|p2a: Avalugg|Avalugg, L88, F|310/310\n|turn|28\n|\n|t:|1781463483\n|move|p1a: Eiscue|Liquidation|p2a: Avalugg\n|-damage|p2a: Avalugg|184/310\n|move|p2a: Avalugg|Recover|p2a: Avalugg\n|-heal|p2a: Avalugg|310/310\n|\n|upkeep\n|turn|29\n|\n|t:|1781463489\n|move|p1a: Eiscue|Liquidation|p2a: Avalugg\n|-damage|p2a: Avalugg|193/310\n|move|p2a: Avalugg|Rapid Spin|p1a: Eiscue\n|-activate|p1a: Eiscue|ability: Ice Face\n|-damage|p1a: Eiscue|20/274\n|-boost|p2a: Avalugg|spe|1\n|detailschange|p1a: Eiscue|Eiscue-Noice, L88, M\n|\n|upkeep\n|turn|30\n|\n|t:|1781463495\n|move|p1a: Eiscue|Liquidation|p2a: Avalugg\n|-damage|p2a: Avalugg|83/310\n|move|p2a: Avalugg|Recover|p2a: Avalugg\n|-heal|p2a: Avalugg|238/310\n|\n|upkeep\n|turn|31\n|\n|t:|1781463500\n|move|p1a: Eiscue|Liquidation|p2a: Avalugg\n|-damage|p2a: Avalugg|128/310\n|-unboost|p2a: Avalugg|def|1\n|move|p2a: Avalugg|Rapid Spin|p1a: Eiscue\n|-damage|p1a: Eiscue|0 fnt\n|-boost|p2a: Avalugg|spe|1\n|faint|p1a: Eiscue\n|\n|upkeep\n|\n|t:|1781463505\n|switch|p1a: Lunala|Lunala, L70|172/308\n|turn|32\n|\n|t:|1781463512\n|move|p1a: Lunala|Calm Mind|p1a: Lunala\n|-boost|p1a: Lunala|spa|1\n|-boost|p1a: Lunala|spd|1\n|move|p2a: Avalugg|Avalanche|p1a: Lunala\n|-damage|p1a: Lunala|78/308\n|\n|-heal|p1a: Lunala|97/308|[from] item: Leftovers\n|upkeep\n|turn|33\n|\n|t:|1781463519\n|move|p1a: Lunala|Moongeist Beam|p2a: Avalugg\n|-damage|p2a: Avalugg|0 fnt\n|faint|p2a: Avalugg\n|\n|win|SteelixPrismGX\n|raw|SteelixPrismGX's rating: 2035 &rarr; <strong>2052</strong><br />(+17 for winning)\n|raw|pagenfranskane's rating: 1987 &rarr; <strong>1970</strong><br />(-17 for losing)\n|l|\u2606pagenfranskane\n|player|p2|\n|c|\u2606SteelixPrismGX|gg\n", "inputlog": ">version a8376a258c1d4662feba110a92103f3664a72141\n>start {\"formatid\":\"gen9randombattle\",\"seed\":\"sodium,ce9e0d3db80215270fccf53a228edcf3\",\"rated\":\"Rated battle\"}\n>player p1 {\"name\":\"SteelixPrismGX\",\"avatar\":\"siebold\",\"rating\":2035,\"seed\":\"sodium,465d3326e399192bf2cb05ef94c1be73\"}\n>player p2 {\"name\":\"pagenfranskane\",\"avatar\":\"battlegirl\",\"rating\":1987,\"seed\":\"sodium,b5bb8106109ca83533113502bdddb175\"}\n>p1 switch 6\n>p2 move knockoff\n>p1 move tripleaxel\n>p2 move drainpunch\n>p1 move earthquake\n>p2 move drainpunch\n>p1 switch 3\n>p1 move populationbomb\n>p2 move drainpunch\n>p2 switch 5\n>p1 switch 6\n>p2 move fakeout\n>p1 move appleacid\n>p2 switch 3\n>p1 move dragonpulse terastallize\n>p2 move bravebird\n>p2 switch 6\n>p1 switch 4\n>p2 move calmmind\n>p1 move leafblade\n>p2 move moonblast\n>p1 move leafblade\n>p2 move moonlight\n>p1 move leafblade\n>p2 move moonblast\n>p1 switch 6\n>p1 move shellsmash\n>p2 move moonblast\n>p1 move powertrip\n>p2 move moonblast\n>p2 switch 3\n>p1 switch 4\n>p2 move fakeout\n>p1 move appleacid\n>p2 switch 2\n>p1 switch 2\n>p2 move irondefense\n>p1 move calmmind\n>p2 move ironhead\n>p1 move calmmind\n>p2 move ironhead\n>p1 move focusblast\n>p2 move ironhead\n>p1 move focusblast\n>p2 move ironhead\n>p1 move moonlight\n>p2 move ironhead\n>p1 move moongeistbeam\n>p2 move ironhead\n>p1 move moongeistbeam\n>p2 move ironhead\n>p2 switch 2\n>p1 switch 2\n>p2 move volttackle\n>p1 move recover\n>p2 move volttackle\n>p1 switch 5\n>p1 move bellydrum\n>p2 move surf\n>p1 move liquidation\n>p2 move surf\n>p2 switch 4\n>p1 move liquidation\n>p2 move recover\n>p1 move liquidation\n>p2 move rapidspin\n>p1 move liquidation\n>p2 move recover\n>p1 move liquidation\n>p2 move rapidspin\n>p1 switch 2\n>p1 move calmmind\n>p2 move avalanche\n>p1 move moongeistbeam\n>p2 move avalanche", "uploadtime": 1781463264, "views": 7, "formatid": "gen9randombattle", "rating": 1970, "private": 0, "password": null}