{"id": "gen9randombattle-2631419769", "format": "[Gen 9] Random Battle", "players": ["Pachequitos", "b3npaii"], "log": "|j|\u2606Pachequitos\n|j|\u2606b3npaii\n|t:|1781382427\n|gametype|singles\n|player|p1|Pachequitos|fantina|2116\n|player|p2|b3npaii|elesa|2116\n|gen|9\n|tier|[Gen 9] Random Battle\n|rated|\n|rule|Species Clause: Limit one of each Pok\u00e9mon\n|rule|HP Percentage Mod: HP is shown in percentages\n|rule|Sleep Clause Mod: Limit one foe put to sleep\n|rule|Illusion Level Mod: Illusion disguises the Pok\u00e9mon's true level\n|\n|t:|1781382427\n|teamsize|p1|6\n|teamsize|p2|6\n|start\n|switch|p1a: Seviper|Seviper, L93, M|287/287\n|switch|p2a: Golurk|Golurk, L87|297/297\n|turn|1\n|inactive|Battle timer is ON: inactive players will automatically lose when time's up. (requested by b3npaii)\n|inactive|Pachequitos also wants the timer to be on.\n|\n|t:|1781382445\n|move|p1a: Seviper|Giga Drain|p2a: Golurk\n|-supereffective|p2a: Golurk\n|-damage|p2a: Golurk|118/297\n|-damage|p1a: Seviper|259/287|[from] item: Life Orb\n|move|p2a: Golurk|Stealth Rock|p1a: Seviper\n|-sidestart|p1: Pachequitos|move: Stealth Rock\n|\n|upkeep\n|turn|2\n|\n|t:|1781382464\n|switch|p2a: Porygon2|Porygon2, L81|270/270\n|-ability|p2a: Porygon2|Download|boost\n|-boost|p2a: Porygon2|spa|1\n|move|p1a: Seviper|Giga Drain|p2a: Porygon2\n|-damage|p2a: Porygon2|209/270\n|-heal|p1a: Seviper|287/287|[from] drain|[of] p2a: Porygon2\n|-damage|p1a: Seviper|259/287|[from] item: Life Orb\n|\n|upkeep\n|turn|3\n|inactive|Pachequitos has 120 seconds left.\n|\n|t:|1781382494\n|switch|p1a: Donphan|Donphan, L84, F|288/288\n|-damage|p1a: Donphan|270/288|[from] Stealth Rock\n|move|p2a: Porygon2|Thunder Wave|p1a: Donphan\n|-immune|p1a: Donphan\n|\n|upkeep\n|turn|4\n|\n|t:|1781382504\n|move|p2a: Porygon2|Tera Blast|p1a: Donphan\n|-damage|p1a: Donphan|156/288\n|move|p1a: Donphan|Knock Off|p2a: Porygon2\n|-damage|p2a: Porygon2|150/270\n|-enditem|p2a: Porygon2|Eviolite|[from] move: Knock Off|[of] p1a: Donphan\n|\n|upkeep\n|turn|5\n|\n|t:|1781382509\n|move|p2a: Porygon2|Recover|p2a: Porygon2\n|-heal|p2a: Porygon2|270/270\n|move|p1a: Donphan|Rapid Spin|p2a: Porygon2\n|-damage|p2a: Porygon2|230/270\n|-boost|p1a: Donphan|spe|1\n|-sideend|p1: Pachequitos|Stealth Rock|[from] move: Rapid Spin|[of] p1a: Donphan\n|\n|upkeep\n|turn|6\n|\n|t:|1781382512\n|move|p1a: Donphan|Earthquake|p2a: Porygon2\n|-damage|p2a: Porygon2|100/270\n|move|p2a: Porygon2|Tera Blast|p1a: Donphan\n|-damage|p1a: Donphan|45/288\n|\n|upkeep\n|turn|7\n|j| rufoush\n|\n|t:|1781382516\n|switch|p2a: Eelektross|Eelektross, L87, F|290/290\n|move|p1a: Donphan|Earthquake|p2a: Eelektross\n|-immune|p2a: Eelektross|[from] ability: Levitate\n|\n|upkeep\n|turn|8\n|\n|t:|1781382519\n|move|p1a: Donphan|Knock Off|p2a: Eelektross\n|-damage|p2a: Eelektross|207/290\n|-enditem|p2a: Eelektross|Leftovers|[from] move: Knock Off|[of] p1a: Donphan\n|move|p2a: Eelektross|Coil|p2a: Eelektross\n|-boost|p2a: Eelektross|atk|1\n|-boost|p2a: Eelektross|def|1\n|-boost|p2a: Eelektross|accuracy|1\n|\n|upkeep\n|turn|9\n|\n|t:|1781382523\n|switch|p1a: Vileplume|Vileplume, L85, F|266/266\n|move|p2a: Eelektross|Drain Punch|p1a: Vileplume\n|-resisted|p1a: Vileplume\n|-damage|p1a: Vileplume|215/266\n|-heal|p2a: Eelektross|233/290|[from] drain|[of] p1a: Vileplume\n|\n|-heal|p1a: Vileplume|231/266|[from] item: Leftovers\n|upkeep\n|turn|10\n|\n|t:|1781382526\n|move|p2a: Eelektross|Fire Punch|p1a: Vileplume\n|-supereffective|p1a: Vileplume\n|-damage|p1a: Vileplume|33/266\n|-status|p2a: Eelektross|psn|[from] ability: Effect Spore|[of] p1a: Vileplume\n|move|p1a: Vileplume|Strength Sap|p2a: Eelektross\n|-unboost|p2a: Eelektross|atk|1\n|-heal|p1a: Vileplume|266/266\n|\n|-damage|p2a: Eelektross|197/290 psn|[from] psn\n|upkeep\n|turn|11\n|\n|t:|1781382533\n|move|p2a: Eelektross|Coil|p2a: Eelektross\n|-boost|p2a: Eelektross|atk|1\n|-boost|p2a: Eelektross|def|1\n|-boost|p2a: Eelektross|accuracy|1\n|move|p1a: Vileplume|Leech Seed|p2a: Eelektross\n|-start|p2a: Eelektross|move: Leech Seed\n|\n|-damage|p2a: Eelektross|161/290 psn|[from] Leech Seed|[of] p1a: Vileplume\n|-damage|p2a: Eelektross|125/290 psn|[from] psn\n|upkeep\n|turn|12\n|\n|t:|1781382535\n|move|p2a: Eelektross|Fire Punch|p1a: Vileplume\n|-supereffective|p1a: Vileplume\n|-damage|p1a: Vileplume|64/266\n|move|p1a: Vileplume|Strength Sap|p2a: Eelektross\n|-unboost|p2a: Eelektross|atk|1\n|-heal|p1a: Vileplume|266/266\n|\n|-damage|p2a: Eelektross|89/290 psn|[from] Leech Seed|[of] p1a: Vileplume\n|-damage|p2a: Eelektross|53/290 psn|[from] psn\n|upkeep\n|turn|13\n|\n|t:|1781382539\n|move|p2a: Eelektross|Fire Punch|p1a: Vileplume\n|-supereffective|p1a: Vileplume\n|-damage|p1a: Vileplume|142/266\n|move|p1a: Vileplume|Strength Sap|p2a: Eelektross\n|-unboost|p2a: Eelektross|atk|1\n|-heal|p1a: Vileplume|266/266\n|\n|-damage|p2a: Eelektross|17/290 psn|[from] Leech Seed|[of] p1a: Vileplume\n|-damage|p2a: Eelektross|0 fnt|[from] psn\n|faint|p2a: Eelektross\n|upkeep\n|\n|t:|1781382544\n|switch|p2a: Trevenant|Trevenant, L89, F|296/296\n|turn|14\n|\n|t:|1781382547\n|move|p2a: Trevenant|Poltergeist|p1a: Vileplume\n|-activate|p1a: Vileplume|move: Poltergeist|Leftovers\n|-crit|p1a: Vileplume\n|-damage|p1a: Vileplume|59/266\n|move|p1a: Vileplume|Sludge Bomb|p2a: Trevenant\n|-damage|p2a: Trevenant|184/296\n|-status|p2a: Trevenant|psn\n|\n|-heal|p1a: Vileplume|75/266|[from] item: Leftovers\n|-damage|p2a: Trevenant|147/296 psn|[from] psn\n|upkeep\n|-enditem|p2a: Trevenant|Sitrus Berry|[eat]\n|-heal|p2a: Trevenant|221/296 psn|[from] item: Sitrus Berry\n|turn|15\n|\n|t:|1781382554\n|switch|p1a: Donphan|Donphan, L84, F|45/288\n|move|p2a: Trevenant|Poltergeist|p1a: Donphan\n|-activate|p1a: Donphan|move: Poltergeist|Assault Vest\n|-damage|p1a: Donphan|0 fnt\n|faint|p1a: Donphan\n|\n|-damage|p2a: Trevenant|184/296 psn|[from] psn\n|upkeep\n|\n|t:|1781382557\n|switch|p1a: Seviper|Seviper, L93, M|259/287\n|turn|16\n|\n|t:|1781382562\n|move|p1a: Seviper|Flamethrower|p2a: Trevenant\n|-supereffective|p2a: Trevenant\n|-damage|p2a: Trevenant|0 fnt\n|faint|p2a: Trevenant\n|-damage|p1a: Seviper|231/287|[from] item: Life Orb\n|\n|upkeep\n|\n|t:|1781382571\n|switch|p2a: Iron Leaves|Iron Leaves, L80|275/275\n|turn|17\n|\n|t:|1781382574\n|switch|p1a: Latias|Latias, L79, F|256/256\n|move|p2a: Iron Leaves|Psyblade|p1a: Latias\n|-resisted|p1a: Latias\n|-damage|p1a: Latias|178/256\n|\n|upkeep\n|turn|18\n|\n|t:|1781382583\n|-end|p2a: Iron Leaves|Quark Drive|[silent]\n|switch|p2a: Pachirisu|Pachirisu, L96, F|271/271\n|move|p1a: Latias|Calm Mind|p1a: Latias\n|-boost|p1a: Latias|spa|1\n|-boost|p1a: Latias|spd|1\n|\n|upkeep\n|turn|19\n|\n|t:|1781382587\n|switch|p1a: Vileplume|Vileplume, L85, F|75/266\n|move|p2a: Pachirisu|Encore||[still]\n|-fail|p2a: Pachirisu\n|\n|-heal|p1a: Vileplume|91/266|[from] item: Leftovers\n|upkeep\n|turn|20\n|\n|t:|1781382589\n|move|p2a: Pachirisu|U-turn|p1a: Vileplume\n|-damage|p1a: Vileplume|55/266\n|\n|t:|1781382594\n|switch|p2a: Golurk|Golurk, L87|118/297|[from] U-turn\n|move|p1a: Vileplume|Strength Sap|p2a: Golurk\n|-unboost|p2a: Golurk|atk|1\n|-heal|p1a: Vileplume|266/266\n|\n|upkeep\n|turn|21\n|\n|t:|1781382596\n|move|p2a: Golurk|Stealth Rock|p1a: Vileplume\n|-sidestart|p1: Pachequitos|move: Stealth Rock\n|move|p1a: Vileplume|Giga Drain|p2a: Golurk\n|-supereffective|p2a: Golurk\n|-damage|p2a: Golurk|0 fnt\n|faint|p2a: Golurk\n|\n|upkeep\n|\n|t:|1781382599\n|switch|p2a: Iron Leaves|Iron Leaves, L80|275/275\n|turn|22\n|\n|t:|1781382607\n|switch|p1a: Latias|Latias, L79, F|178/256\n|-damage|p1a: Latias|146/256|[from] Stealth Rock\n|move|p2a: Iron Leaves|Psyblade|p1a: Latias\n|-resisted|p1a: Latias\n|-damage|p1a: Latias|71/256\n|\n|upkeep\n|turn|23\n|\n|t:|1781382611\n|move|p1a: Latias|Recover|p1a: Latias\n|-heal|p1a: Latias|199/256\n|move|p2a: Iron Leaves|Psyblade|p1a: Latias\n|-resisted|p1a: Latias\n|-damage|p1a: Latias|115/256\n|\n|upkeep\n|turn|24\n|\n|t:|1781382613\n|-end|p2a: Iron Leaves|Quark Drive|[silent]\n|switch|p2a: Pachirisu|Pachirisu, L96, F|271/271\n|move|p1a: Latias|Recover|p1a: Latias\n|-heal|p1a: Latias|243/256\n|\n|upkeep\n|turn|25\n|\n|t:|1781382617\n|switch|p1a: Vileplume|Vileplume, L85, F|266/266\n|-damage|p1a: Vileplume|233/266|[from] Stealth Rock\n|move|p2a: Pachirisu|U-turn|p1a: Vileplume\n|-damage|p1a: Vileplume|197/266\n|\n|t:|1781382619\n|switch|p2a: Iron Leaves|Iron Leaves, L80|275/275|[from] U-turn\n|\n|-heal|p1a: Vileplume|213/266|[from] item: Leftovers\n|upkeep\n|turn|26\n|\n|t:|1781382622\n|switch|p1a: Latias|Latias, L79, F|243/256\n|-damage|p1a: Latias|211/256|[from] Stealth Rock\n|move|p2a: Iron Leaves|Psyblade|p1a: Latias\n|-resisted|p1a: Latias\n|-damage|p1a: Latias|139/256\n|\n|upkeep\n|turn|27\n|\n|t:|1781382627\n|-end|p2a: Iron Leaves|Quark Drive|[silent]\n|switch|p2a: Pachirisu|Pachirisu, L96, F|271/271\n|move|p1a: Latias|Draco Meteor|p2a: Pachirisu\n|-damage|p2a: Pachirisu|135/271\n|-unboost|p1a: Latias|spa|2\n|\n|upkeep\n|turn|28\n|\n|t:|1781382630\n|switch|p1a: Vileplume|Vileplume, L85, F|213/266\n|-damage|p1a: Vileplume|180/266|[from] Stealth Rock\n|move|p2a: Pachirisu|U-turn|p1a: Vileplume\n|-damage|p1a: Vileplume|139/266\n|\n|t:|1781382632\n|switch|p2a: Iron Leaves|Iron Leaves, L80|275/275|[from] U-turn\n|\n|-heal|p1a: Vileplume|155/266|[from] item: Leftovers\n|upkeep\n|turn|29\n|\n|t:|1781382635\n|switch|p1a: Latias|Latias, L79, F|139/256\n|-damage|p1a: Latias|107/256|[from] Stealth Rock\n|move|p2a: Iron Leaves|Psyblade|p1a: Latias\n|-resisted|p1a: Latias\n|-damage|p1a: Latias|34/256\n|\n|upkeep\n|turn|30\n|\n|t:|1781382640\n|move|p1a: Latias|Recover|p1a: Latias\n|-heal|p1a: Latias|162/256\n|move|p2a: Iron Leaves|Psyblade|p1a: Latias\n|-resisted|p1a: Latias\n|-damage|p1a: Latias|85/256\n|\n|upkeep\n|turn|31\n|\n|t:|1781382642\n|-end|p2a: Iron Leaves|Quark Drive|[silent]\n|switch|p2a: Pachirisu|Pachirisu, L96, F|135/271\n|move|p1a: Latias|Recover|p1a: Latias\n|-heal|p1a: Latias|213/256\n|\n|upkeep\n|turn|32\n|\n|t:|1781382644\n|switch|p1a: Vileplume|Vileplume, L85, F|155/266\n|-damage|p1a: Vileplume|122/266|[from] Stealth Rock\n|move|p2a: Pachirisu|U-turn|p1a: Vileplume\n|-damage|p1a: Vileplume|81/266\n|\n|t:|1781382646\n|switch|p2a: Iron Leaves|Iron Leaves, L80|275/275|[from] U-turn\n|\n|-heal|p1a: Vileplume|97/266|[from] item: Leftovers\n|upkeep\n|turn|33\n|\n|t:|1781382650\n|switch|p1a: Latias|Latias, L79, F|213/256\n|-damage|p1a: Latias|181/256|[from] Stealth Rock\n|move|p2a: Iron Leaves|Megahorn|p1a: Latias\n|-supereffective|p1a: Latias\n|-damage|p1a: Latias|0 fnt\n|faint|p1a: Latias\n|\n|upkeep\n|\n|t:|1781382654\n|switch|p1a: Seviper|Seviper, L93, M|231/287\n|-damage|p1a: Seviper|196/287|[from] Stealth Rock\n|turn|34\n|\n|t:|1781382658\n|-end|p2a: Iron Leaves|Quark Drive|[silent]\n|switch|p2a: Porygon2|Porygon2, L81|100/270\n|-ability|p2a: Porygon2|Download|boost\n|-boost|p2a: Porygon2|spa|1\n|move|p1a: Seviper|Gunk Shot|p2a: Porygon2|[miss]\n|-miss|p1a: Seviper|p2a: Porygon2\n|\n|upkeep\n|turn|35\n|\n|t:|1781382679\n|move|p1a: Seviper|Earthquake|p2a: Porygon2\n|-damage|p2a: Porygon2|0 fnt\n|faint|p2a: Porygon2\n|-damage|p1a: Seviper|168/287|[from] item: Life Orb\n|\n|upkeep\n|\n|t:|1781382681\n|switch|p2a: Iron Leaves|Iron Leaves, L80|275/275\n|turn|36\n|\n|t:|1781382696\n|move|p2a: Iron Leaves|Psyblade|p1a: Seviper\n|-supereffective|p1a: Seviper\n|-damage|p1a: Seviper|0 fnt\n|faint|p1a: Seviper\n|\n|upkeep\n|\n|t:|1781382698\n|switch|p1a: Komala|Komala, L88, F|258/258\n|-damage|p1a: Komala|226/258|[from] Stealth Rock\n|-ability|p1a: Komala|Comatose\n|turn|37\n|\n|t:|1781382701\n|move|p1a: Komala|U-turn|p2a: Iron Leaves\n|-supereffective|p2a: Iron Leaves\n|-damage|p2a: Iron Leaves|19/275\n|\n|t:|1781382704\n|switch|p1a: Kingdra|Kingdra, L84, F|263/263|[from] U-turn\n|-damage|p1a: Kingdra|231/263|[from] Stealth Rock\n|move|p2a: Iron Leaves|Psyblade|p1a: Kingdra\n|-damage|p1a: Kingdra|96/263\n|\n|upkeep\n|turn|38\n|\n|t:|1781382719\n|move|p2a: Iron Leaves|Psyblade|p1a: Kingdra\n|-damage|p1a: Kingdra|0 fnt\n|faint|p1a: Kingdra\n|\n|upkeep\n|-message|b3npaii forfeited.\n|\n|win|Pachequitos\n", "inputlog": ">version a8376a258c1d4662feba110a92103f3664a72141\n>start {\"formatid\":\"gen9randombattle\",\"seed\":\"sodium,773be9cde253db44f556c44457853b28\",\"rated\":\"Rated battle\"}\n>player p1 {\"name\":\"Pachequitos\",\"avatar\":\"fantina\",\"rating\":2116,\"seed\":\"sodium,7bceac684774745196091acb0abdf9be\"}\n>player p2 {\"name\":\"b3npaii\",\"avatar\":\"elesa\",\"rating\":2116,\"seed\":\"sodium,443ff2de90f90c92a1cd006238ebf24c\"}\n>p1 move gigadrain\n>p2 move stealthrock\n>p1 move gigadrain\n>p2 switch 5\n>p1 switch 3\n>p2 move thunderwave\n>p1 move knockoff\n>p2 move terablast\n>p1 move rapidspin\n>p2 move recover\n>p1 move earthquake\n>p2 move terablast\n>p1 move earthquake\n>p2 switch 4\n>p1 move knockoff\n>p2 move coil\n>p1 switch 2\n>p2 move drainpunch\n>p1 move strengthsap\n>p2 move firepunch\n>p1 move leechseed\n>p2 move coil\n>p1 move strengthsap\n>p2 move firepunch\n>p1 move strengthsap\n>p2 move firepunch\n>p2 switch 3\n>p1 move sludgebomb\n>p2 move poltergeist\n>p1 switch 2\n>p2 move poltergeist\n>p1 switch 3\n>p1 move flamethrower\n>p2 move poltergeist\n>p2 switch 6\n>p1 switch 4\n>p2 move psyblade\n>p1 move calmmind\n>p2 switch 2\n>p1 switch 2\n>p2 move encore\n>p1 move strengthsap\n>p2 move uturn\n>p2 switch 5\n>p1 move gigadrain\n>p2 move stealthrock\n>p2 switch 2\n>p1 switch 2\n>p2 move psyblade\n>p1 move recover\n>p2 move psyblade\n>p1 move recover\n>p2 switch 5\n>p1 switch 2\n>p2 move uturn\n>p2 switch 5\n>p1 switch 2\n>p2 move psyblade\n>p1 move dracometeor\n>p2 switch 5\n>p1 switch 2\n>p2 move uturn\n>p2 switch 5\n>p1 switch 2\n>p2 move psyblade\n>p1 move recover\n>p2 move psyblade\n>p1 move recover\n>p2 switch 5\n>p1 switch 2\n>p2 move uturn\n>p2 switch 5\n>p1 switch 2\n>p2 move megahorn\n>p1 switch 4\n>p1 move gunkshot\n>p2 switch 4\n>p1 move earthquake\n>p2 move terablast\n>p2 switch 4\n>p1 move gunkshot\n>p2 move psyblade\n>p1 switch 6\n>p1 move uturn\n>p2 move psyblade\n>p1 switch 5\n>p1 move waterfall\n>p2 move psyblade\n>forcelose p2", "uploadtime": 1781382429, "views": 9, "formatid": "gen9randombattle", "rating": null, "private": 0, "password": null}