{"id": "gen9randombattle-2631601149", "format": "[Gen 9] Random Battle", "players": ["nickolassbomfim", "shallowdream20"], "log": "|j|\u2606nickolassbomfim\n|j|\u2606shallowdream20\n|t:|1781407059\n|gametype|singles\n|player|p1|nickolassbomfim|red-masters|2007\n|player|p2|shallowdream20|lady-gen4|2054\n|gen|9\n|tier|[Gen 9] Random Battle\n|rated|\n|rule|Species Clause: Limit one of each Pok\u00e9mon\n|rule|HP Percentage Mod: HP is shown in percentages\n|rule|Sleep Clause Mod: Limit one foe put to sleep\n|rule|Illusion Level Mod: Illusion disguises the Pok\u00e9mon's true level\n|\n|t:|1781407059\n|teamsize|p1|6\n|teamsize|p2|6\n|start\n|switch|p1a: Lugia|Lugia, L73|275/275\n|switch|p2a: Barraskewda|Barraskewda, L81, M|231/231\n|turn|1\n|inactive|Battle timer is ON: inactive players will automatically lose when time's up. (requested by nickolassbomfim)\n|\n|t:|1781407067\n|switch|p1a: Whiscash|Whiscash, L88, F|337/337\n|move|p2a: Barraskewda|Flip Turn|p1a: Whiscash\n|-damage|p1a: Whiscash|228/337\n|\n|t:|1781407081\n|switch|p2a: Archaludon|Archaludon, L78, F|268/268|[from] Flip Turn\n|\n|-heal|p1a: Whiscash|249/337|[from] item: Leftovers\n|upkeep\n|turn|2\n|\n|t:|1781407085\n|move|p2a: Archaludon|Swords Dance|p2a: Archaludon\n|-boost|p2a: Archaludon|atk|2\n|move|p1a: Whiscash|Spikes|p2a: Archaludon\n|-sidestart|p2: shallowdream20|Spikes\n|\n|-heal|p1a: Whiscash|270/337|[from] item: Leftovers\n|upkeep\n|turn|3\n|\n|t:|1781407095\n|move|p2a: Archaludon|Outrage|p1a: Whiscash\n|-damage|p1a: Whiscash|32/337\n|move|p1a: Whiscash|Earthquake|p2a: Archaludon\n|-supereffective|p2a: Archaludon\n|-crit|p2a: Archaludon\n|-damage|p2a: Archaludon|28/268\n|-ability|p2a: Archaludon|Stamina|boost\n|-boost|p2a: Archaludon|def|1\n|\n|-heal|p1a: Whiscash|53/337|[from] item: Leftovers\n|upkeep\n|turn|4\n|\n|t:|1781407099\n|move|p2a: Archaludon|Outrage|p1a: Whiscash|[from] lockedmove\n|-damage|p1a: Whiscash|0 fnt\n|faint|p1a: Whiscash\n|\n|upkeep\n|\n|t:|1781407105\n|switch|p1a: Delphox|Delphox, L84, F|263/263\n|turn|5\n|\n|t:|1781407109\n|move|p1a: Delphox|Fire Blast|p2a: Archaludon\n|-damage|p2a: Archaludon|0 fnt\n|faint|p2a: Archaludon\n|\n|upkeep\n|\n|t:|1781407111\n|switch|p2a: Barraskewda|Barraskewda, L81, M|231/231\n|-damage|p2a: Barraskewda|203/231|[from] Spikes\n|turn|6\n|\n|t:|1781407117\n|switch|p1a: Lugia|Lugia, L73|275/275\n|move|p2a: Barraskewda|Flip Turn|p1a: Lugia\n|-damage|p1a: Lugia|233/275\n|\n|t:|1781407137\n|switch|p2a: Gliscor|Gliscor, L76, M|239/239|[from] Flip Turn\n|\n|-status|p2a: Gliscor|tox|[from] item: Toxic Orb\n|upkeep\n|turn|7\n|\n|t:|1781407145\n|move|p1a: Lugia|Psychic Noise|p2a: Gliscor\n|-damage|p2a: Gliscor|166/239 tox\n|-start|p2a: Gliscor|move: Heal Block\n|move|p2a: Gliscor|Toxic|p1a: Lugia\n|-status|p1a: Lugia|tox\n|\n|-damage|p1a: Lugia|216/275 tox|[from] psn\n|upkeep\n|turn|8\n|\n|t:|1781407154\n|move|p2a: Gliscor|Protect|p2a: Gliscor\n|-singleturn|p2a: Gliscor|Protect\n|move|p1a: Lugia|Calm Mind|p1a: Lugia\n|-boost|p1a: Lugia|spa|1\n|-boost|p1a: Lugia|spd|1\n|\n|-damage|p1a: Lugia|182/275 tox|[from] psn\n|-end|p2a: Gliscor|move: Heal Block\n|upkeep\n|turn|9\n|\n|t:|1781407157\n|switch|p2a: Bombirdier|Bombirdier, L85, M|258/258\n|move|p1a: Lugia|Psychic Noise|p2a: Bombirdier\n|-immune|p2a: Bombirdier\n|\n|-damage|p1a: Lugia|131/275 tox|[from] psn\n|upkeep\n|turn|10\n|\n|t:|1781407163\n|switch|p1a: Donphan|Donphan, L84, F|288/288\n|move|p2a: Bombirdier|Knock Off|p1a: Donphan\n|-damage|p1a: Donphan|206/288\n|-enditem|p1a: Donphan|Assault Vest|[from] move: Knock Off|[of] p2a: Bombirdier\n|\n|upkeep\n|turn|11\n|\n|t:|1781407170\n|move|p2a: Bombirdier|Brave Bird|p1a: Donphan\n|-damage|p1a: Donphan|91/288\n|-damage|p2a: Bombirdier|220/258|[from] Recoil\n|move|p1a: Donphan|Knock Off|p2a: Bombirdier\n|-resisted|p2a: Bombirdier\n|-damage|p2a: Bombirdier|179/258\n|-enditem|p2a: Bombirdier|Heavy-Duty Boots|[from] move: Knock Off|[of] p1a: Donphan\n|\n|upkeep\n|turn|12\n|\n|t:|1781407174\n|move|p1a: Donphan|Ice Shard|p2a: Bombirdier\n|-supereffective|p2a: Bombirdier\n|-damage|p2a: Bombirdier|105/258\n|move|p2a: Bombirdier|Brave Bird|p1a: Donphan\n|-damage|p1a: Donphan|0 fnt\n|faint|p1a: Donphan\n|-damage|p2a: Bombirdier|75/258|[from] Recoil\n|\n|upkeep\n|\n|t:|1781407182\n|switch|p1a: Lycanroc|Lycanroc-Dusk, L81, F|254/254\n|turn|13\n|\n|t:|1781407191\n|move|p1a: Lycanroc|Stone Edge|p2a: Bombirdier\n|-supereffective|p2a: Bombirdier\n|-damage|p2a: Bombirdier|0 fnt\n|faint|p2a: Bombirdier\n|-damage|p1a: Lycanroc|229/254|[from] item: Life Orb\n|\n|upkeep\n|\n|t:|1781407195\n|switch|p2a: Barraskewda|Barraskewda, L81, M|203/231\n|-damage|p2a: Barraskewda|175/231|[from] Spikes\n|turn|14\n|\n|t:|1781407204\n|-terastallize|p1a: Lycanroc|Fighting\n|move|p2a: Barraskewda|Flip Turn|p1a: Lycanroc\n|-crit|p1a: Lycanroc\n|-damage|p1a: Lycanroc|28/254\n|\n|t:|1781407208\n|switch|p2a: Gliscor|Gliscor, L76, M|166/239 tox|[from] Flip Turn\n|move|p1a: Lycanroc|Swords Dance|p1a: Lycanroc\n|-boost|p1a: Lycanroc|atk|2\n|\n|-heal|p2a: Gliscor|195/239 tox|[from] ability: Poison Heal\n|upkeep\n|turn|15\n|\n|t:|1781407214\n|move|p1a: Lycanroc|Stone Edge|p2a: Gliscor|[miss]\n|-miss|p1a: Lycanroc|p2a: Gliscor\n|move|p2a: Gliscor|Earthquake|p1a: Lycanroc\n|-damage|p1a: Lycanroc|0 fnt\n|faint|p1a: Lycanroc\n|\n|-heal|p2a: Gliscor|224/239 tox|[from] ability: Poison Heal\n|upkeep\n|-message|nickolassbomfim forfeited.\n|\n|win|shallowdream20\n", "inputlog": ">version a8376a258c1d4662feba110a92103f3664a72141\n>start {\"formatid\":\"gen9randombattle\",\"seed\":\"sodium,f6ff29ef9c81d1f4a96d09006f6d7abe\",\"rated\":\"Rated battle\"}\n>player p1 {\"name\":\"nickolassbomfim\",\"avatar\":\"red-masters\",\"rating\":2007,\"seed\":\"sodium,5b427f96f01c616b267befa20ffe8630\"}\n>player p2 {\"name\":\"shallowdream20\",\"avatar\":\"lady-gen4\",\"rating\":2054,\"seed\":\"sodium,7aa63362ed90dd0991f976f18ebd93d8\"}\n>p1 switch 6\n>p2 move flipturn\n>p2 switch 2\n>p1 move spikes\n>p2 move swordsdance\n>p1 move earthquake\n>p2 move outrage\n>p1 move spikes\n>p2 move outrage\n>p1 switch 5\n>p1 move fireblast\n>p2 move outrage\n>p2 switch 2\n>p1 switch 6\n>p2 move flipturn\n>p2 switch 3\n>p1 move psychicnoise\n>p2 move toxic\n>p1 move calmmind\n>p2 move protect\n>p1 move psychicnoise\n>p2 switch 6\n>p1 switch 3\n>p2 move knockoff\n>p1 move knockoff\n>p2 move bravebird\n>p1 move iceshard\n>p2 move bravebird\n>p1 switch 4\n>p1 move stoneedge\n>p2 move knockoff\n>p2 switch 3\n>p1 move swordsdance terastallize\n>p2 move flipturn\n>p2 switch 6\n>p1 move stoneedge\n>p2 move earthquake\n>forcelose p1", "uploadtime": 1781407061, "views": 8, "formatid": "gen9randombattle", "rating": null, "private": 0, "password": null}