{"id": "gen9randombattle-2631797070", "format": "[Gen 9] Random Battle", "players": ["jsjsiis", "huh blue"], "log": "|j|\u2606jsjsiis\n|j|\u2606huh blue\n|t:|1781441070\n|gametype|singles\n|player|p1|jsjsiis|1|1958\n|player|p2|huh blue|steven|1957\n|gen|9\n|tier|[Gen 9] Random Battle\n|rated|\n|rule|Species Clause: Limit one of each Pok\u00e9mon\n|rule|HP Percentage Mod: HP is shown in percentages\n|rule|Sleep Clause Mod: Limit one foe put to sleep\n|rule|Illusion Level Mod: Illusion disguises the Pok\u00e9mon's true level\n|\n|t:|1781441070\n|teamsize|p1|6\n|teamsize|p2|6\n|start\n|switch|p1a: Crabominable|Crabominable, L90, F|321/321\n|switch|p2a: Reuniclus|Reuniclus, L88, F|337/337\n|turn|1\n|inactive|Battle timer is ON: inactive players will automatically lose when time's up. (requested by huh blue)\n|\n|t:|1781441096\n|switch|p1a: Gholdengo|Gholdengo, L77|261/261\n|move|p2a: Reuniclus|Psychic|p1a: Gholdengo\n|-resisted|p1a: Gholdengo\n|-damage|p1a: Gholdengo|179/261\n|\n|-heal|p1a: Gholdengo|195/261|[from] item: Leftovers\n|upkeep\n|turn|2\n|\n|t:|1781441113\n|switch|p2a: Galvantula|Galvantula, L82, M|249/249\n|move|p1a: Gholdengo|Nasty Plot|p1a: Gholdengo\n|-boost|p1a: Gholdengo|spa|2\n|\n|-heal|p1a: Gholdengo|211/261|[from] item: Leftovers\n|upkeep\n|turn|3\n|\n|t:|1781441121\n|move|p2a: Galvantula|Sticky Web|p1a: Gholdengo\n|-sidestart|p1: jsjsiis|move: Sticky Web\n|move|p1a: Gholdengo|Shadow Ball|p2a: Galvantula\n|-damage|p2a: Galvantula|20/249\n|\n|-heal|p1a: Gholdengo|227/261|[from] item: Leftovers\n|upkeep\n|turn|4\n|\n|t:|1781441131\n|move|p2a: Galvantula|Thunder|p1a: Gholdengo\n|-damage|p1a: Gholdengo|113/261\n|move|p1a: Gholdengo|Make It Rain|p2a: Galvantula\n|-resisted|p2a: Galvantula\n|-damage|p2a: Galvantula|0 fnt\n|-unboost|p1a: Gholdengo|spa|1\n|faint|p2a: Galvantula\n|\n|-heal|p1a: Gholdengo|129/261|[from] item: Leftovers\n|upkeep\n|\n|t:|1781441145\n|switch|p2a: Tropius|Tropius, L91, F|328/328\n|turn|5\n|\n|t:|1781441149\n|move|p1a: Gholdengo|Make It Rain|p2a: Tropius\n|-damage|p2a: Tropius|135/328\n|-unboost|p1a: Gholdengo|spa|1\n|-enditem|p2a: Tropius|Sitrus Berry|[eat]\n|-heal|p2a: Tropius|217/328|[from] item: Sitrus Berry\n|move|p2a: Tropius|Dragon Dance|p2a: Tropius\n|-boost|p2a: Tropius|atk|1\n|-boost|p2a: Tropius|spe|1\n|\n|-heal|p1a: Gholdengo|145/261|[from] item: Leftovers\n|-item|p2a: Tropius|Sitrus Berry|[from] ability: Harvest\n|upkeep\n|turn|6\n|\n|t:|1781441161\n|switch|p1a: Grimmsnarl|Grimmsnarl, L83, M|293/293\n|-activate|p1a: Grimmsnarl|move: Sticky Web\n|-unboost|p1a: Grimmsnarl|spe|1\n|move|p2a: Tropius|Dragon Dance|p2a: Tropius\n|-boost|p2a: Tropius|atk|1\n|-boost|p2a: Tropius|spe|1\n|\n|upkeep\n|turn|7\n|\n|t:|1781441174\n|switch|p2a: Reuniclus|Reuniclus, L88, F|337/337\n|move|p1a: Grimmsnarl|Reflect|p1a: Grimmsnarl\n|-sidestart|p1: jsjsiis|Reflect\n|\n|upkeep\n|turn|8\n|\n|t:|1781441178\n|switch|p2a: Luxray|Luxray, L88, F|284/284\n|-ability|p2a: Luxray|Intimidate|boost\n|-unboost|p1a: Grimmsnarl|atk|1\n|move|p1a: Grimmsnarl|Light Screen|p1a: Grimmsnarl\n|-sidestart|p1: jsjsiis|move: Light Screen\n|\n|upkeep\n|turn|9\n|\n|t:|1781441201\n|move|p2a: Luxray|Play Rough|p1a: Grimmsnarl\n|-supereffective|p1a: Grimmsnarl\n|-damage|p1a: Grimmsnarl|194/293\n|move|p1a: Grimmsnarl|Spirit Break|p2a: Luxray\n|-damage|p2a: Luxray|217/284\n|-unboost|p2a: Luxray|spa|1\n|\n|upkeep\n|turn|10\n|\n|t:|1781441209\n|switch|p1a: Gholdengo|Gholdengo, L77|145/261\n|-activate|p1a: Gholdengo|move: Sticky Web\n|-unboost|p1a: Gholdengo|spe|1\n|move|p2a: Luxray|Play Rough|p1a: Gholdengo\n|-resisted|p1a: Gholdengo\n|-damage|p1a: Gholdengo|125/261\n|\n|-heal|p1a: Gholdengo|141/261|[from] item: Leftovers\n|upkeep\n|turn|11\n|\n|t:|1781441211\n|move|p2a: Luxray|Throat Chop|p1a: Gholdengo\n|-supereffective|p1a: Gholdengo\n|-damage|p1a: Gholdengo|61/261\n|-start|p1a: Gholdengo|Throat Chop|[silent]\n|move|p1a: Gholdengo|Nasty Plot|p1a: Gholdengo\n|-boost|p1a: Gholdengo|spa|2\n|\n|-heal|p1a: Gholdengo|77/261|[from] item: Leftovers\n|upkeep\n|turn|12\n|\n|t:|1781441217\n|move|p2a: Luxray|Throat Chop|p1a: Gholdengo\n|-supereffective|p1a: Gholdengo\n|-damage|p1a: Gholdengo|7/261\n|move|p1a: Gholdengo|Shadow Ball|p2a: Luxray\n|-damage|p2a: Luxray|99/284\n|\n|-heal|p1a: Gholdengo|23/261|[from] item: Leftovers\n|-end|p1a: Gholdengo|Throat Chop|[silent]\n|upkeep\n|turn|13\n|\n|t:|1781441221\n|move|p2a: Luxray|Volt Switch|p1a: Gholdengo\n|-crit|p1a: Gholdengo\n|-damage|p1a: Gholdengo|0 fnt\n|faint|p1a: Gholdengo\n|\n|t:|1781441229\n|switch|p2a: Reuniclus|Reuniclus, L88, F|337/337|[from] Volt Switch\n|\n|upkeep\n|\n|t:|1781441235\n|switch|p1a: Crabominable|Crabominable, L90, F|321/321\n|-activate|p1a: Crabominable|move: Sticky Web\n|-unboost|p1a: Crabominable|spe|1\n|turn|14\n|inactive|huh blue has 120 seconds left.\n|\n|t:|1781441280\n|switch|p2a: Cresselia|Cresselia, L80, F|323/323\n|move|p1a: Crabominable|Knock Off|p2a: Cresselia\n|-supereffective|p2a: Cresselia\n|-damage|p2a: Cresselia|139/323\n|-enditem|p2a: Cresselia|Leftovers|[from] move: Knock Off|[of] p1a: Crabominable\n|\n|-sideend|p1: jsjsiis|Reflect\n|upkeep\n|turn|15\n|\n|t:|1781441294\n|move|p2a: Cresselia|Moonlight|p2a: Cresselia\n|-heal|p2a: Cresselia|300/323\n|move|p1a: Crabominable|Knock Off|p2a: Cresselia\n|-supereffective|p2a: Cresselia\n|-damage|p2a: Cresselia|188/323\n|\n|-sideend|p1: jsjsiis|move: Light Screen\n|upkeep\n|turn|16\n|inactive|huh blue has 120 seconds left.\n|\n|t:|1781441322\n|switch|p1a: Grimmsnarl|Grimmsnarl, L83, M|194/293\n|-activate|p1a: Grimmsnarl|move: Sticky Web\n|-unboost|p1a: Grimmsnarl|spe|1\n|move|p2a: Cresselia|Moonblast|p1a: Grimmsnarl\n|-supereffective|p1a: Grimmsnarl\n|-damage|p1a: Grimmsnarl|82/293\n|-unboost|p1a: Grimmsnarl|spa|1\n|\n|upkeep\n|turn|17\n|\n|t:|1781441330\n|move|p1a: Grimmsnarl|Light Screen|p1a: Grimmsnarl\n|-sidestart|p1: jsjsiis|move: Light Screen\n|move|p2a: Cresselia|Moonblast|p1a: Grimmsnarl\n|-supereffective|p1a: Grimmsnarl\n|-damage|p1a: Grimmsnarl|26/293\n|-unboost|p1a: Grimmsnarl|spa|1\n|\n|upkeep\n|turn|18\n|\n|t:|1781441337\n|move|p1a: Grimmsnarl|Thunder Wave|p2a: Cresselia\n|-status|p2a: Cresselia|par\n|move|p2a: Cresselia|Moonblast|p1a: Grimmsnarl\n|-supereffective|p1a: Grimmsnarl\n|-damage|p1a: Grimmsnarl|0 fnt\n|faint|p1a: Grimmsnarl\n|\n|upkeep\n|\n|t:|1781441345\n|switch|p1a: Gothitelle|Gothitelle, L90, F|272/272\n|-activate|p1a: Gothitelle|move: Sticky Web\n|-unboost|p1a: Gothitelle|spe|1\n|turn|19\n|inactive|huh blue has 120 seconds left.\n|\n|t:|1781441351\n|move|p1a: Gothitelle|Calm Mind|p1a: Gothitelle\n|-boost|p1a: Gothitelle|spa|1\n|-boost|p1a: Gothitelle|spd|1\n|move|p2a: Cresselia|Calm Mind|p2a: Cresselia\n|-boost|p2a: Cresselia|spa|1\n|-boost|p2a: Cresselia|spd|1\n|\n|upkeep\n|turn|20\n|\n|t:|1781441353\n|move|p1a: Gothitelle|Calm Mind|p1a: Gothitelle\n|-boost|p1a: Gothitelle|spa|1\n|-boost|p1a: Gothitelle|spd|1\n|move|p2a: Cresselia|Calm Mind|p2a: Cresselia\n|-boost|p2a: Cresselia|spa|1\n|-boost|p2a: Cresselia|spd|1\n|\n|upkeep\n|turn|21\n|\n|t:|1781441357\n|move|p1a: Gothitelle|Calm Mind|p1a: Gothitelle\n|-boost|p1a: Gothitelle|spa|1\n|-boost|p1a: Gothitelle|spd|1\n|cant|p2a: Cresselia|par\n|\n|upkeep\n|turn|22\n|\n|t:|1781441362\n|move|p1a: Gothitelle|Calm Mind|p1a: Gothitelle\n|-boost|p1a: Gothitelle|spa|1\n|-boost|p1a: Gothitelle|spd|1\n|move|p2a: Cresselia|Calm Mind|p2a: Cresselia\n|-boost|p2a: Cresselia|spa|1\n|-boost|p2a: Cresselia|spd|1\n|\n|upkeep\n|turn|23\n|\n|t:|1781441366\n|move|p1a: Gothitelle|Calm Mind|p1a: Gothitelle\n|-boost|p1a: Gothitelle|spa|1\n|-boost|p1a: Gothitelle|spd|1\n|move|p2a: Cresselia|Moonlight|p2a: Cresselia\n|-heal|p2a: Cresselia|323/323 par\n|\n|upkeep\n|turn|24\n|\n|t:|1781441368\n|move|p1a: Gothitelle|Calm Mind|p1a: Gothitelle\n|-boost|p1a: Gothitelle|spa|1\n|-boost|p1a: Gothitelle|spd|1\n|move|p2a: Cresselia|Calm Mind|p2a: Cresselia\n|-boost|p2a: Cresselia|spa|1\n|-boost|p2a: Cresselia|spd|1\n|\n|-sideend|p1: jsjsiis|move: Light Screen\n|upkeep\n|turn|25\n|\n|t:|1781441371\n|move|p1a: Gothitelle|Dark Pulse|p2a: Cresselia\n|-supereffective|p2a: Cresselia\n|-damage|p2a: Cresselia|191/323 par\n|cant|p2a: Cresselia|flinch\n|\n|upkeep\n|turn|26\n|\n|t:|1781441377\n|move|p1a: Gothitelle|Psychic Noise|p2a: Cresselia\n|-resisted|p2a: Cresselia\n|-damage|p2a: Cresselia|145/323 par\n|-start|p2a: Cresselia|move: Heal Block\n|move|p2a: Cresselia|Psyshock|p1a: Gothitelle\n|-resisted|p1a: Gothitelle\n|-damage|p1a: Gothitelle|179/272\n|\n|-heal|p1a: Gothitelle|196/272|[from] item: Leftovers\n|upkeep\n|turn|27\n|\n|t:|1781441384\n|move|p1a: Gothitelle|Dark Pulse|p2a: Cresselia\n|-supereffective|p2a: Cresselia\n|-damage|p2a: Cresselia|0 fnt\n|faint|p2a: Cresselia\n|\n|-heal|p1a: Gothitelle|213/272|[from] item: Leftovers\n|upkeep\n|\n|t:|1781441390\n|switch|p2a: Luxray|Luxray, L88, F|99/284\n|-ability|p2a: Luxray|Intimidate|boost\n|-unboost|p1a: Gothitelle|atk|1\n|turn|28\n|\n|t:|1781441401\n|move|p2a: Luxray|Throat Chop|p1a: Gothitelle\n|-supereffective|p1a: Gothitelle\n|-damage|p1a: Gothitelle|73/272\n|-start|p1a: Gothitelle|Throat Chop|[silent]\n|move|p1a: Gothitelle|Dark Pulse|p2a: Luxray\n|-damage|p2a: Luxray|0 fnt\n|faint|p2a: Luxray\n|\n|-heal|p1a: Gothitelle|90/272|[from] item: Leftovers\n|upkeep\n|\n|t:|1781441416\n|switch|p2a: Shaymin|Shaymin, L82|298/298\n|turn|29\n|\n|t:|1781441419\n|move|p2a: Shaymin|Leech Seed|p1a: Gothitelle\n|-start|p1a: Gothitelle|move: Leech Seed\n|move|p1a: Gothitelle|Dark Pulse|p2a: Shaymin\n|-damage|p2a: Shaymin|65/298\n|\n|-heal|p2a: Shaymin|83/298|[from] item: Leftovers\n|-heal|p1a: Gothitelle|107/272|[from] item: Leftovers\n|-damage|p1a: Gothitelle|73/272|[from] Leech Seed|[of] p2a: Shaymin\n|-heal|p2a: Shaymin|117/298|[silent]\n|-end|p1a: Gothitelle|Throat Chop|[silent]\n|upkeep\n|turn|30\n|\n|t:|1781441423\n|move|p2a: Shaymin|Air Slash|p1a: Gothitelle|[miss]\n|-miss|p2a: Shaymin|p1a: Gothitelle\n|move|p1a: Gothitelle|Psychic Noise|p2a: Shaymin\n|-damage|p2a: Shaymin|0 fnt\n|faint|p2a: Shaymin\n|\n|-heal|p1a: Gothitelle|90/272|[from] item: Leftovers\n|upkeep\n|\n|t:|1781441429\n|switch|p2a: Tropius|Tropius, L91, F|217/328\n|turn|31\n|\n|t:|1781441436\n|move|p2a: Tropius|Dual Wingbeat|p1a: Gothitelle\n|-damage|p1a: Gothitelle|54/272\n|-damage|p1a: Gothitelle|20/272\n|-hitcount|p1a: Gothitelle|2\n|move|p1a: Gothitelle|Psychic Noise|p2a: Tropius\n|-damage|p2a: Tropius|0 fnt\n|faint|p2a: Tropius\n|\n|-heal|p1a: Gothitelle|37/272|[from] item: Leftovers\n|upkeep\n|\n|t:|1781441443\n|switch|p2a: Reuniclus|Reuniclus, L88, F|337/337\n|turn|32\n|\n|t:|1781441450\n|-terastallize|p2a: Reuniclus|Fighting\n|move|p1a: Gothitelle|Dark Pulse|p2a: Reuniclus\n|-resisted|p2a: Reuniclus\n|-damage|p2a: Reuniclus|211/337\n|cant|p2a: Reuniclus|flinch\n|\n|-heal|p1a: Gothitelle|54/272|[from] item: Leftovers\n|-damage|p1a: Gothitelle|20/272|[from] Leech Seed|[of] p2a: Reuniclus\n|-heal|p2a: Reuniclus|245/337|[silent]\n|upkeep\n|turn|33\n|\n|t:|1781441454\n|move|p1a: Gothitelle|Psychic Noise|p2a: Reuniclus\n|-supereffective|p2a: Reuniclus\n|-damage|p2a: Reuniclus|0 fnt\n|faint|p2a: Reuniclus\n|\n|win|jsjsiis\n", "inputlog": ">version a8376a258c1d4662feba110a92103f3664a72141\n>start {\"formatid\":\"gen9randombattle\",\"seed\":\"sodium,4ca14b1adf81261f8f0efb2b3933b094\",\"rated\":\"Rated battle\"}\n>player p1 {\"name\":\"jsjsiis\",\"avatar\":\"1\",\"rating\":1958,\"seed\":\"sodium,4d81135a555efe5dd24063125b940072\"}\n>player p2 {\"name\":\"huh blue\",\"avatar\":\"steven\",\"rating\":1957,\"seed\":\"sodium,bd04d2f075438a1e8974dab85bd5f918\"}\n>p1 switch 5\n>p2 move psychic\n>p1 move nastyplot\n>p2 switch 3\n>p1 move shadowball\n>p2 move stickyweb\n>p1 move makeitrain\n>p2 move thunder\n>p2 switch 5\n>p1 move makeitrain\n>p2 move dragondance\n>p1 switch 2\n>p2 move dragondance\n>p1 move reflect\n>p2 switch 3\n>p1 move lightscreen\n>p2 switch 6\n>p1 move spiritbreak\n>p2 move playrough\n>p1 switch 2\n>p2 move playrough\n>p1 move nastyplot\n>p2 move throatchop\n>p1 move shadowball\n>p2 move throatchop\n>p1 move shadowball\n>p2 move voltswitch\n>p2 switch 6\n>p1 switch 5\n>p1 move knockoff\n>p2 switch 2\n>p1 move knockoff\n>p2 move moonlight\n>p1 switch 2\n>p2 move moonblast\n>p1 move lightscreen\n>p2 move moonblast\n>p1 move thunderwave\n>p2 move moonblast\n>p1 switch 6\n>p1 move calmmind\n>p2 move calmmind\n>p1 move calmmind\n>p2 move calmmind\n>p1 move calmmind\n>p2 move calmmind\n>p1 move calmmind\n>p2 move calmmind\n>p1 move calmmind\n>p2 move moonlight\n>p1 move calmmind\n>p2 move calmmind\n>p1 move darkpulse\n>p2 move calmmind\n>p1 move psychicnoise\n>p2 move psyshock\n>p1 move darkpulse\n>p2 move psyshock\n>p2 switch 6\n>p1 move darkpulse\n>p2 move throatchop\n>p2 switch 4\n>p1 move darkpulse\n>p2 move leechseed\n>p1 move psychicnoise\n>p2 move airslash\n>p2 switch 3\n>p1 move psychicnoise\n>p2 move dualwingbeat\n>p2 switch 2\n>p1 move darkpulse\n>p2 move calmmind terastallize\n>p1 move psychicnoise\n>p2 move psychic", "uploadtime": 1781441072, "views": 5, "formatid": "gen9randombattle", "rating": null, "private": 0, "password": null}