{"id": "gen9randombattle-2632018578", "format": "[Gen 9] Random Battle", "players": ["nickolassbomfim", "Shomsnack"], "log": "|j|\u2606nickolassbomfim\n|j|\u203dShomsnack\n|t:|1781466529\n|gametype|singles\n|player|p1|nickolassbomfim|red-masters|2029\n|player|p2|Shomsnack|2|2060\n|gen|9\n|tier|[Gen 9] Random Battle\n|rated|\n|rule|Species Clause: Limit one of each Pok\u00e9mon\n|rule|HP Percentage Mod: HP is shown in percentages\n|rule|Sleep Clause Mod: Limit one foe put to sleep\n|rule|Illusion Level Mod: Illusion disguises the Pok\u00e9mon's true level\n|\n|t:|1781466529\n|teamsize|p1|6\n|teamsize|p2|6\n|start\n|switch|p1a: Chimecho|Chimecho, L93, M|290/290\n|switch|p2a: Samurott|Samurott-Hisui, L77, M|265/265\n|turn|1\n|inactive|Battle timer is ON: inactive players will automatically lose when time's up. (requested by Shomsnack)\n|\n|t:|1781466541\n|switch|p1a: Yanmega|Yanmega, L82, M|275/275\n|move|p2a: Samurott|Ceaseless Edge|p1a: Yanmega\n|-damage|p1a: Yanmega|182/275\n|-sidestart|p1: nickolassbomfim|Spikes\n|\n|upkeep\n|turn|2\n|\n|t:|1781466554\n|switch|p2a: Luxray|Luxray, L88, F|283/283\n|move|p1a: Yanmega|Bug Buzz|p2a: Luxray\n|-damage|p2a: Luxray|174/283\n|\n|-ability|p1a: Yanmega|Speed Boost|boost\n|-boost|p1a: Yanmega|spe|1\n|-status|p2a: Luxray|brn|[from] item: Flame Orb\n|upkeep\n|turn|3\n|\n|t:|1781466558\n|move|p1a: Yanmega|Protect|p1a: Yanmega\n|-singleturn|p1a: Yanmega|Protect\n|move|p2a: Luxray|Facade|p1a: Yanmega\n|-activate|p1a: Yanmega|move: Protect\n|\n|-damage|p2a: Luxray|157/283 brn|[from] brn\n|-ability|p1a: Yanmega|Speed Boost|boost\n|-boost|p1a: Yanmega|spe|1\n|upkeep\n|turn|4\n|\n|t:|1781466563\n|-terastallize|p1a: Yanmega|Ground\n|move|p1a: Yanmega|Tera Blast|p2a: Luxray|[anim] Tera Blast Ground\n|-supereffective|p2a: Luxray\n|-damage|p2a: Luxray|0 fnt\n|faint|p2a: Luxray\n|\n|-ability|p1a: Yanmega|Speed Boost|boost\n|-boost|p1a: Yanmega|spe|1\n|upkeep\n|\n|t:|1781466566\n|switch|p2a: Sableye|Sableye, L88, F|231/231\n|turn|5\n|\n|t:|1781466571\n|move|p1a: Yanmega|Protect|p1a: Yanmega\n|-singleturn|p1a: Yanmega|Protect\n|move|p2a: Sableye|Knock Off|p1a: Yanmega\n|-activate|p1a: Yanmega|move: Protect\n|\n|-ability|p1a: Yanmega|Speed Boost|boost\n|-boost|p1a: Yanmega|spe|1\n|upkeep\n|turn|6\n|\n|t:|1781466579\n|switch|p1a: Gliscor|Gliscor, L76, M|239/239\n|move|p2a: Sableye|Encore||[still]\n|-fail|p2a: Sableye\n|\n|-status|p1a: Gliscor|tox|[from] item: Toxic Orb\n|upkeep\n|turn|7\n|\n|t:|1781466585\n|move|p1a: Gliscor|Toxic|p2a: Sableye\n|-status|p2a: Sableye|tox\n|move|p2a: Sableye|Knock Off|p1a: Gliscor\n|-damage|p1a: Gliscor|155/239 tox\n|-enditem|p1a: Gliscor|Toxic Orb|[from] move: Knock Off|[of] p2a: Sableye\n|\n|-heal|p1a: Gliscor|184/239 tox|[from] ability: Poison Heal\n|-damage|p2a: Sableye|217/231 tox|[from] psn\n|upkeep\n|turn|8\n|\n|t:|1781466592\n|switch|p2a: Samurott|Samurott-Hisui, L77, M|265/265\n|move|p1a: Gliscor|Protect||[still]\n|-fail|p1a: Gliscor\n|\n|-heal|p1a: Gliscor|213/239 tox|[from] ability: Poison Heal\n|upkeep\n|turn|9\n|\n|t:|1781466599\n|move|p2a: Samurott|Razor Shell|p1a: Gliscor\n|-supereffective|p1a: Gliscor\n|-damage|p1a: Gliscor|37/239 tox\n|-unboost|p1a: Gliscor|def|1\n|move|p1a: Gliscor|Substitute|p1a: Gliscor\n|-fail|p1a: Gliscor|move: Substitute|[weak]\n|\n|-heal|p1a: Gliscor|66/239 tox|[from] ability: Poison Heal\n|upkeep\n|turn|10\n|\n|t:|1781466604\n|switch|p1a: Serperior|Serperior, L79, F|248/248\n|-damage|p1a: Serperior|217/248|[from] Spikes\n|move|p2a: Samurott|Razor Shell|p1a: Serperior|[miss]\n|-miss|p2a: Samurott|p1a: Serperior\n|\n|upkeep\n|turn|11\n|\n|t:|1781466609\n|switch|p2a: Zamazenta|Zamazenta, L71|248/248\n|-ability|p2a: Zamazenta|Dauntless Shield|boost\n|-boost|p2a: Zamazenta|def|1\n|move|p1a: Serperior|Leaf Storm|p2a: Zamazenta|[miss]\n|-miss|p1a: Serperior|p2a: Zamazenta\n|\n|upkeep\n|turn|12\n|\n|t:|1781466613\n|move|p2a: Zamazenta|Close Combat|p1a: Serperior\n|-damage|p1a: Serperior|46/248\n|-unboost|p2a: Zamazenta|def|1\n|-unboost|p2a: Zamazenta|spd|1\n|move|p1a: Serperior|Glare|p2a: Zamazenta\n|-status|p2a: Zamazenta|par\n|\n|upkeep\n|turn|13\n|\n|t:|1781466625\n|switch|p1a: Swalot|Swalot, L90, M|326/326\n|-damage|p1a: Swalot|286/326|[from] Spikes\n|switch|p2a: Samurott|Samurott-Hisui, L77, M|265/265\n|\n|-heal|p1a: Swalot|306/326|[from] item: Leftovers\n|upkeep\n|turn|14\n|\n|t:|1781466630\n|move|p2a: Samurott|Flip Turn|p1a: Swalot\n|-damage|p1a: Swalot|246/326\n|\n|t:|1781466631\n|switch|p2a: Sableye|Sableye, L88, F|217/231 tox|[from] Flip Turn\n|move|p1a: Swalot|Knock Off|p2a: Sableye\n|-damage|p2a: Sableye|143/231 tox\n|-enditem|p2a: Sableye|Leftovers|[from] move: Knock Off|[of] p1a: Swalot\n|\n|-heal|p1a: Swalot|266/326|[from] item: Leftovers\n|-damage|p2a: Sableye|129/231 tox|[from] psn\n|upkeep\n|turn|15\n|\n|t:|1781466636\n|switch|p1a: Gliscor|Gliscor, L76, M|66/239 tox\n|move|p2a: Sableye|Knock Off|p1a: Gliscor\n|-damage|p1a: Gliscor|8/239 tox\n|\n|-heal|p1a: Gliscor|37/239 tox|[from] ability: Poison Heal\n|-damage|p2a: Sableye|101/231 tox|[from] psn\n|upkeep\n|turn|16\n|\n|t:|1781466641\n|switch|p2a: Samurott|Samurott-Hisui, L77, M|265/265\n|move|p1a: Gliscor|Earthquake|p2a: Samurott\n|-crit|p2a: Samurott\n|-damage|p2a: Samurott|120/265\n|\n|-heal|p1a: Gliscor|66/239 tox|[from] ability: Poison Heal\n|upkeep\n|turn|17\n|\n|t:|1781466644\n|move|p1a: Gliscor|Protect|p1a: Gliscor\n|-singleturn|p1a: Gliscor|Protect\n|move|p2a: Samurott|Razor Shell|p1a: Gliscor\n|-activate|p1a: Gliscor|move: Protect\n|\n|-heal|p1a: Gliscor|95/239 tox|[from] ability: Poison Heal\n|upkeep\n|turn|18\n|\n|t:|1781466656\n|switch|p1a: Chimecho|Chimecho, L93, M|290/290\n|move|p2a: Samurott|Razor Shell|p1a: Chimecho\n|-damage|p1a: Chimecho|188/290\n|-unboost|p1a: Chimecho|def|1\n|\n|-heal|p1a: Chimecho|206/290|[from] item: Leftovers\n|upkeep\n|turn|19\n|\n|t:|1781466677\n|move|p2a: Samurott|Razor Shell|p1a: Chimecho\n|-damage|p1a: Chimecho|56/290\n|move|p1a: Chimecho|Knock Off|p2a: Samurott\n|-resisted|p2a: Samurott\n|-damage|p2a: Samurott|92/265\n|-enditem|p2a: Samurott|Choice Scarf|[from] move: Knock Off|[of] p1a: Chimecho\n|\n|-heal|p1a: Chimecho|74/290|[from] item: Leftovers\n|upkeep\n|turn|20\n|\n|t:|1781466684\n|switch|p1a: Gliscor|Gliscor, L76, M|95/239 tox\n|move|p2a: Samurott|Ceaseless Edge|p1a: Gliscor\n|-damage|p1a: Gliscor|11/239 tox\n|-sidestart|p1: nickolassbomfim|Spikes\n|\n|-heal|p1a: Gliscor|40/239 tox|[from] ability: Poison Heal\n|upkeep\n|turn|21\n|\n|t:|1781466689\n|move|p1a: Gliscor|Protect|p1a: Gliscor\n|-singleturn|p1a: Gliscor|Protect\n|move|p2a: Samurott|Ceaseless Edge|p1a: Gliscor\n|-activate|p1a: Gliscor|move: Protect\n|\n|-heal|p1a: Gliscor|69/239 tox|[from] ability: Poison Heal\n|upkeep\n|turn|22\n|\n|t:|1781466692\n|move|p1a: Gliscor|Earthquake|p2a: Samurott\n|-damage|p2a: Samurott|0 fnt\n|faint|p2a: Samurott\n|\n|-heal|p1a: Gliscor|98/239 tox|[from] ability: Poison Heal\n|upkeep\n|\n|t:|1781466695\n|switch|p2a: Minun|Minun, L95, F|268/268\n|turn|23\n|\n|t:|1781466709\n|-terastallize|p2a: Minun|Fairy\n|move|p2a: Minun|Alluring Voice|p1a: Gliscor\n|-damage|p1a: Gliscor|0 fnt\n|faint|p1a: Gliscor\n|-damage|p2a: Minun|242/268|[from] item: Life Orb\n|\n|upkeep\n|\n|t:|1781466716\n|switch|p1a: Swalot|Swalot, L90, M|266/326\n|-damage|p1a: Swalot|212/326|[from] Spikes\n|turn|24\n|\n|t:|1781466718\n|switch|p2a: Sableye|Sableye, L88, F|101/231 tox\n|move|p1a: Swalot|Gunk Shot|p2a: Sableye\n|-resisted|p2a: Sableye\n|-damage|p2a: Sableye|33/231 tox\n|\n|-heal|p1a: Swalot|232/326|[from] item: Leftovers\n|-damage|p2a: Sableye|19/231 tox|[from] psn\n|upkeep\n|turn|25\n|\n|t:|1781466725\n|switch|p1a: Yanmega|Yanmega, L82, M, tera:Ground|182/275\n|move|p2a: Sableye|Encore||[still]\n|-fail|p2a: Sableye\n|\n|-damage|p2a: Sableye|0 fnt|[from] psn\n|faint|p2a: Sableye\n|upkeep\n|\n|t:|1781466729\n|switch|p2a: Necrozma|Necrozma-Dawn-Wings, L76|272/272\n|turn|26\n|\n|t:|1781466742\n|move|p1a: Yanmega|Bug Buzz|p2a: Necrozma\n|-damage|p2a: Necrozma|184/272\n|move|p2a: Necrozma|Calm Mind|p2a: Necrozma\n|-boost|p2a: Necrozma|spa|1\n|-boost|p2a: Necrozma|spd|1\n|\n|-heal|p2a: Necrozma|201/272|[from] item: Leftovers\n|-ability|p1a: Yanmega|Speed Boost|boost\n|-boost|p1a: Yanmega|spe|1\n|upkeep\n|turn|27\n|\n|t:|1781466750\n|switch|p1a: Chimecho|Chimecho, L93, M|74/290\n|move|p2a: Necrozma|Calm Mind|p2a: Necrozma\n|-boost|p2a: Necrozma|spa|1\n|-boost|p2a: Necrozma|spd|1\n|\n|-heal|p1a: Chimecho|92/290|[from] item: Leftovers\n|-heal|p2a: Necrozma|218/272|[from] item: Leftovers\n|upkeep\n|turn|28\n|\n|t:|1781466754\n|move|p1a: Chimecho|Knock Off|p2a: Necrozma\n|-supereffective|p2a: Necrozma\n|-damage|p2a: Necrozma|71/272\n|-enditem|p2a: Necrozma|Leftovers|[from] move: Knock Off|[of] p1a: Chimecho\n|move|p2a: Necrozma|Moonlight|p2a: Necrozma\n|-heal|p2a: Necrozma|207/272\n|\n|-heal|p1a: Chimecho|110/290|[from] item: Leftovers\n|upkeep\n|turn|29\n|\n|t:|1781466759\n|move|p1a: Chimecho|Knock Off|p2a: Necrozma\n|-supereffective|p2a: Necrozma\n|-damage|p2a: Necrozma|108/272\n|move|p2a: Necrozma|Moongeist Beam|p1a: Chimecho\n|-supereffective|p1a: Chimecho\n|-damage|p1a: Chimecho|0 fnt\n|faint|p1a: Chimecho\n|\n|upkeep\n|\n|t:|1781466762\n|switch|p1a: Kleavor|Kleavor, L78, F|237/237\n|turn|30\n|\n|t:|1781466766\n|move|p1a: Kleavor|X-Scissor|p2a: Necrozma\n|-damage|p2a: Necrozma|0 fnt\n|faint|p2a: Necrozma\n|\n|upkeep\n|-message|Shomsnack forfeited.\n|\n|win|nickolassbomfim\n", "inputlog": ">version a8376a258c1d4662feba110a92103f3664a72141\n>start {\"formatid\":\"gen9randombattle\",\"seed\":\"sodium,851858f219a69f8deb7e7ea5d76d935f\",\"rated\":\"Rated battle\"}\n>player p1 {\"name\":\"nickolassbomfim\",\"avatar\":\"red-masters\",\"rating\":2029,\"seed\":\"sodium,322b562335288fa88971bdec52aa635b\"}\n>player p2 {\"name\":\"Shomsnack\",\"avatar\":\"2\",\"rating\":2060,\"seed\":\"sodium,426f56df02203a48a6e78e35754c14ab\"}\n>p1 switch 6\n>p2 move ceaselessedge\n>p1 move bugbuzz\n>p2 switch 3\n>p1 move protect\n>p2 move facade\n>p1 move terablast terastallize\n>p2 move supercellslam\n>p2 switch 4\n>p1 move protect\n>p2 move knockoff\n>p1 switch 3\n>p2 move encore\n>p1 move toxic\n>p2 move knockoff\n>p1 move protect\n>p2 switch 3\n>p1 move substitute\n>p2 move razorshell\n>p1 switch 5\n>p2 move razorshell\n>p1 move leafstorm\n>p2 switch 6\n>p1 move glare\n>p2 move closecombat\n>p1 switch 4\n>p2 switch 6\n>p1 move knockoff\n>p2 move flipturn\n>p2 switch 3\n>p1 switch 5\n>p2 move knockoff\n>p1 move earthquake\n>p2 switch 3\n>p1 move protect\n>p2 move razorshell\n>p1 switch 6\n>p2 move razorshell\n>p1 move knockoff\n>p2 move razorshell\n>p1 switch 6\n>p2 move ceaselessedge\n>p1 move protect\n>p2 move ceaselessedge\n>p1 move earthquake\n>p2 move ceaselessedge\n>p2 switch 2\n>p1 move earthquake\n>p2 move alluringvoice terastallize\n>p1 switch 5\n>p1 move gunkshot\n>p2 switch 3\n>p1 switch 3\n>p2 move encore\n>p2 switch 5\n>p1 move bugbuzz\n>p2 move calmmind\n>p1 switch 6\n>p2 move calmmind\n>p1 move knockoff\n>p2 move moonlight\n>p1 move knockoff\n>p2 move moongeistbeam\n>p1 switch 2\n>p1 move xscissor\n>p2 move moongeistbeam\n>forcelose p2", "uploadtime": 1781466532, "views": 3, "formatid": "gen9randombattle", "rating": null, "private": 0, "password": null}