{"id": "gen9randombattle-2631485088", "format": "[Gen 9] Random Battle", "players": ["shootermcgavin3700", "cewki"], "log": "|j|\u2606shootermcgavin3700\n|j|\u2606cewki\n|t:|1781390941\n|gametype|singles\n|player|p1|shootermcgavin3700|1|1901\n|player|p2|cewki|iono|1923\n|gen|9\n|tier|[Gen 9] Random Battle\n|rated|\n|rule|Species Clause: Limit one of each Pok\u00e9mon\n|rule|HP Percentage Mod: HP is shown in percentages\n|rule|Sleep Clause Mod: Limit one foe put to sleep\n|rule|Illusion Level Mod: Illusion disguises the Pok\u00e9mon's true level\n|\n|t:|1781390941\n|teamsize|p1|6\n|teamsize|p2|6\n|start\n|switch|p1a: Whiscash|Whiscash, L88, M|337/337\n|switch|p2a: Dragonite|Dragonite, L74, M|257/257\n|turn|1\n|inactive|Battle timer is ON: inactive players will automatically lose when time's up. (requested by shootermcgavin3700)\n|\n|t:|1781390965\n|move|p2a: Dragonite|Dragon Dance|p2a: Dragonite\n|-boost|p2a: Dragonite|atk|1\n|-boost|p2a: Dragonite|spe|1\n|move|p1a: Whiscash|Stone Edge|p2a: Dragonite\n|-supereffective|p2a: Dragonite\n|-damage|p2a: Dragonite|166/257\n|-damage|p1a: Whiscash|304/337|[from] item: Life Orb\n|\n|upkeep\n|turn|2\n|\n|t:|1781390977\n|move|p2a: Dragonite|Outrage|p1a: Whiscash\n|-damage|p1a: Whiscash|102/337\n|move|p1a: Whiscash|Stone Edge|p2a: Dragonite\n|-supereffective|p2a: Dragonite\n|-damage|p2a: Dragonite|0 fnt\n|faint|p2a: Dragonite\n|-damage|p1a: Whiscash|69/337|[from] item: Life Orb\n|\n|upkeep\n|\n|t:|1781390985\n|switch|p2a: Veluza|Veluza, L85, F|292/292\n|turn|3\n|\n|t:|1781390991\n|move|p2a: Veluza|Night Slash|p1a: Whiscash\n|-damage|p1a: Whiscash|0 fnt\n|faint|p1a: Whiscash\n|\n|upkeep\n|\n|t:|1781390995\n|switch|p1a: Iron Bundle|Iron Bundle, L78|215/215\n|turn|4\n|\n|t:|1781391012\n|switch|p2a: Glastrier|Glastrier, L86|312/312\n|move|p1a: Iron Bundle|Freeze-Dry|p2a: Glastrier\n|-resisted|p2a: Glastrier\n|-damage|p2a: Glastrier|282/312\n|\n|upkeep\n|turn|5\n|\n|t:|1781391022\n|-end|p1a: Iron Bundle|Quark Drive|[silent]\n|switch|p1a: Gholdengo|Gholdengo, L77|261/261\n|move|p2a: Glastrier|Swords Dance|p2a: Glastrier\n|-boost|p2a: Glastrier|atk|2\n|\n|upkeep\n|turn|6\n|\n|t:|1781391031\n|move|p1a: Gholdengo|Make It Rain|p2a: Glastrier\n|-supereffective|p2a: Glastrier\n|-damage|p2a: Glastrier|70/312\n|-unboost|p1a: Gholdengo|spa|1\n|move|p2a: Glastrier|Icicle Crash|p1a: Gholdengo\n|-resisted|p1a: Gholdengo\n|-damage|p1a: Gholdengo|117/261\n|\n|-heal|p1a: Gholdengo|133/261|[from] item: Leftovers\n|upkeep\n|turn|7\n|\n|t:|1781391055\n|move|p1a: Gholdengo|Make It Rain|p2a: Glastrier\n|-supereffective|p2a: Glastrier\n|-damage|p2a: Glastrier|0 fnt\n|-unboost|p1a: Gholdengo|spa|1\n|faint|p2a: Glastrier\n|\n|-heal|p1a: Gholdengo|149/261|[from] item: Leftovers\n|upkeep\n|\n|t:|1781391057\n|switch|p2a: Charizard|Charizard, L85, F|271/271\n|turn|8\n|\n|t:|1781391061\n|switch|p1a: Iron Bundle|Iron Bundle, L78|215/215\n|move|p2a: Charizard|Swords Dance|p2a: Charizard\n|-boost|p2a: Charizard|atk|2\n|\n|upkeep\n|turn|9\n|\n|t:|1781391068\n|-terastallize|p2a: Charizard|Dragon\n|move|p1a: Iron Bundle|Hydro Pump|p2a: Charizard\n|-resisted|p2a: Charizard\n|-damage|p2a: Charizard|214/271\n|move|p2a: Charizard|Outrage|p1a: Iron Bundle\n|-damage|p1a: Iron Bundle|22/215\n|\n|upkeep\n|turn|10\n|\n|t:|1781391074\n|move|p1a: Iron Bundle|Ice Beam|p2a: Charizard\n|-supereffective|p2a: Charizard\n|-damage|p2a: Charizard|2/271\n|move|p2a: Charizard|Outrage|p1a: Iron Bundle|[from] lockedmove\n|-damage|p1a: Iron Bundle|0 fnt\n|faint|p1a: Iron Bundle\n|-end|p1a: Iron Bundle|Quark Drive|[silent]\n|\n|upkeep\n|\n|t:|1781391076\n|switch|p1a: Bastiodon|Bastiodon, L89, M|252/252\n|turn|11\n|\n|t:|1781391083\n|move|p2a: Charizard|Outrage|p1a: Bastiodon|[from] lockedmove\n|-resisted|p1a: Bastiodon\n|-damage|p1a: Bastiodon|189/252\n|-start|p2a: Charizard|confusion|[fatigue]\n|move|p1a: Bastiodon|Body Press|p2a: Charizard\n|-damage|p2a: Charizard|0 fnt\n|faint|p2a: Charizard\n|\n|upkeep\n|\n|t:|1781391089\n|switch|p2a: Veluza|Veluza, L85, F|292/292\n|turn|12\n|\n|t:|1781391092\n|move|p2a: Veluza|Aqua Cutter|p1a: Bastiodon\n|-supereffective|p1a: Bastiodon\n|-damage|p1a: Bastiodon|0 fnt\n|faint|p1a: Bastiodon\n|\n|upkeep\n|\n|t:|1781391094\n|switch|p1a: Exeggutor|Exeggutor-Alola, L89, F|314/314\n|turn|13\n|\n|t:|1781391102\n|switch|p2a: Pawmot|Pawmot, L80, M|243/243\n|move|p1a: Exeggutor|Calm Mind|p1a: Exeggutor\n|-boost|p1a: Exeggutor|spa|1\n|-boost|p1a: Exeggutor|spd|1\n|\n|upkeep\n|turn|14\n|\n|t:|1781391107\n|move|p2a: Pawmot|Ice Punch|p1a: Exeggutor\n|-supereffective|p1a: Exeggutor\n|-damage|p1a: Exeggutor|0 fnt\n|faint|p1a: Exeggutor\n|-damage|p2a: Pawmot|219/243|[from] item: Life Orb\n|\n|upkeep\n|\n|t:|1781391112\n|switch|p1a: Annihilape|Annihilape, L76, M|292/292\n|turn|15\n|\n|t:|1781391122\n|move|p2a: Pawmot|Revival Blessing|p2a: Pawmot\n|\n|t:|1781391137\n|-heal|p2: Charizard|135/271|[from] move: Revival Blessing\n|move|p1a: Annihilape|Bulk Up|p1a: Annihilape\n|-boost|p1a: Annihilape|atk|1\n|-boost|p1a: Annihilape|def|1\n|\n|upkeep\n|turn|16\n|\n|t:|1781391144\n|move|p2a: Pawmot|Double Shock|p1a: Annihilape\n|-damage|p1a: Annihilape|159/292\n|-start|p2a: Pawmot|typechange|???/Fighting|[from] move: Double Shock\n|-damage|p2a: Pawmot|195/243|[from] item: Life Orb\n|move|p1a: Annihilape|Bulk Up|p1a: Annihilape\n|-boost|p1a: Annihilape|atk|1\n|-boost|p1a: Annihilape|def|1\n|\n|-heal|p1a: Annihilape|177/292|[from] item: Leftovers\n|upkeep\n|turn|17\n|\n|t:|1781391153\n|move|p2a: Pawmot|Ice Punch|p1a: Annihilape\n|-damage|p1a: Annihilape|128/292\n|-damage|p2a: Pawmot|171/243|[from] item: Life Orb\n|move|p1a: Annihilape|Drain Punch|p2a: Pawmot\n|-damage|p2a: Pawmot|0 fnt\n|-heal|p1a: Annihilape|214/292|[from] drain|[of] p2a: Pawmot\n|faint|p2a: Pawmot\n|\n|-heal|p1a: Annihilape|232/292|[from] item: Leftovers\n|upkeep\n|\n|t:|1781391161\n|switch|p2a: Iron Boulder|Iron Boulder, L77|265/265\n|-enditem|p2a: Iron Boulder|Booster Energy\n|-activate|p2a: Iron Boulder|ability: Quark Drive|[fromitem]\n|-start|p2a: Iron Boulder|quarkdrivespe\n|turn|18\n|\n|t:|1781391168\n|-terastallize|p1a: Annihilape|Ghost\n|move|p2a: Iron Boulder|Zen Headbutt|p1a: Annihilape\n|-damage|p1a: Annihilape|181/292\n|move|p1a: Annihilape|Drain Punch|p2a: Iron Boulder\n|-damage|p2a: Iron Boulder|81/265\n|-heal|p1a: Annihilape|273/292|[from] drain|[of] p2a: Iron Boulder\n|\n|-heal|p1a: Annihilape|291/292|[from] item: Leftovers\n|upkeep\n|turn|19\n|\n|t:|1781391175\n|move|p2a: Iron Boulder|Mighty Cleave|p1a: Annihilape\n|-damage|p1a: Annihilape|233/292\n|move|p1a: Annihilape|Drain Punch|p2a: Iron Boulder\n|-damage|p2a: Iron Boulder|0 fnt\n|-heal|p1a: Annihilape|274/292|[from] drain|[of] p2a: Iron Boulder\n|faint|p2a: Iron Boulder\n|-end|p2a: Iron Boulder|Quark Drive|[silent]\n|\n|-heal|p1a: Annihilape|292/292|[from] item: Leftovers\n|upkeep\n|\n|t:|1781391178\n|switch|p2a: Veluza|Veluza, L85, F|292/292\n|turn|20\n|\n|t:|1781391181\n|move|p1a: Annihilape|Rage Fist|p2a: Veluza\n|-supereffective|p2a: Veluza\n|-damage|p2a: Veluza|0 fnt\n|faint|p2a: Veluza\n|\n|upkeep\n|-message|cewki forfeited.\n|\n|win|shootermcgavin3700\n|raw|shootermcgavin3700's rating: 1901 &rarr; <strong>1922</strong><br />(+21 for winning)\n|raw|cewki's rating: 1923 &rarr; <strong>1902</strong><br />(-21 for losing)\n", "inputlog": ">version a8376a258c1d4662feba110a92103f3664a72141\n>start {\"formatid\":\"gen9randombattle\",\"seed\":\"sodium,b22a7beeaca5f2cab2768c7a6f76c5fa\",\"rated\":\"Rated battle\"}\n>player p1 {\"name\":\"shootermcgavin3700\",\"avatar\":\"1\",\"rating\":1901,\"seed\":\"sodium,5b21e08ff471bca5abf879f5d54aa6c7\"}\n>player p2 {\"name\":\"cewki\",\"avatar\":\"iono\",\"rating\":1923,\"seed\":\"sodium,e642ada488630214725c7affe58174cc\"}\n>p1 move stoneedge\n>p2 move dragondance\n>p1 move stoneedge\n>p2 move outrage\n>p2 switch 3\n>p1 move earthquake\n>p2 move nightslash\n>p1 switch 3\n>p1 move freezedry\n>p2 switch 5\n>p1 switch 4\n>p2 move swordsdance\n>p1 move makeitrain\n>p2 move iciclecrash\n>p1 move makeitrain\n>p2 move iciclecrash\n>p2 switch 4\n>p1 switch 4\n>p2 move swordsdance\n>p1 move hydropump\n>p2 move outrage terastallize\n>p1 move icebeam\n>p2 move outrage\n>p1 switch 2\n>p1 move bodypress\n>p2 move outrage\n>p2 switch 5\n>p1 move foulplay\n>p2 move aquacutter\n>p1 switch 6\n>p1 move calmmind\n>p2 switch 6\n>p1 move dragonpulse\n>p2 move icepunch\n>p1 switch 5\n>p1 move bulkup\n>p2 move revivalblessing\n>p2 switch 5\n>p1 move bulkup\n>p2 move doubleshock\n>p1 move drainpunch\n>p2 move icepunch\n>p2 switch 2\n>p1 move drainpunch terastallize\n>p2 move zenheadbutt\n>p1 move drainpunch\n>p2 move mightycleave\n>p2 switch 6\n>p1 move ragefist\n>p2 move nightslash\n>forcelose p2", "uploadtime": 1781390943, "views": 7, "formatid": "gen9randombattle", "rating": 1902, "private": 0, "password": null}