{"id": "gen9randombattle-2631395792", "format": "[Gen 9] Random Battle", "players": ["TY SM MY GUY", "Impeetee"], "log": "|j|\u2606TY SM MY GUY\n|j|\u203dImpeetee\n|t:|1781379606\n|gametype|singles\n|player|p1|TY SM MY GUY|hoopster|2239\n|player|p2|Impeetee|169|2241\n|gen|9\n|tier|[Gen 9] Random Battle\n|rated|\n|rule|Species Clause: Limit one of each Pok\u00e9mon\n|rule|HP Percentage Mod: HP is shown in percentages\n|rule|Sleep Clause Mod: Limit one foe put to sleep\n|rule|Illusion Level Mod: Illusion disguises the Pok\u00e9mon's true level\n|\n|t:|1781379606\n|teamsize|p1|6\n|teamsize|p2|6\n|start\n|switch|p1a: Lumineon|Lumineon, L93, F|279/279\n|switch|p2a: Meloetta|Meloetta, L82|298/298\n|turn|1\n|\n|t:|1781379619\n|switch|p2a: Granbull|Granbull, L88, F|302/302\n|-ability|p2a: Granbull|Intimidate|boost\n|-unboost|p1a: Lumineon|atk|1\n|move|p1a: Lumineon|U-turn|p2a: Granbull\n|-resisted|p2a: Granbull\n|-damage|p2a: Granbull|284/302\n|inactive|Battle timer is ON: inactive players will automatically lose when time's up. (requested by Impeetee)\n|\n|t:|1781379632\n|switch|p1a: Spidops|Spidops, L96, M|271/271|[from] U-turn\n|\n|-heal|p2a: Granbull|302/302|[from] item: Leftovers\n|upkeep\n|turn|2\n|\n|t:|1781379646\n|move|p2a: Granbull|Thunder Wave|p1a: Spidops\n|-status|p1a: Spidops|par\n|move|p1a: Spidops|Sticky Web|p2a: Granbull\n|-sidestart|p2: Impeetee|move: Sticky Web\n|\n|upkeep\n|turn|3\n|\n|t:|1781379657\n|switch|p1a: Lumineon|Lumineon, L93, F|279/279\n|move|p2a: Granbull|Play Rough|p1a: Lumineon\n|-damage|p1a: Lumineon|149/279\n|-unboost|p1a: Lumineon|atk|1\n|\n|upkeep\n|turn|4\n|\n|t:|1781379666\n|switch|p2a: Regice|Regice, L88|284/284\n|move|p1a: Lumineon|Hydro Pump|p2a: Regice\n|-damage|p2a: Regice|233/284\n|\n|upkeep\n|turn|5\n|\n|t:|1781379672\n|move|p1a: Lumineon|U-turn|p2a: Regice\n|-damage|p2a: Regice|206/284\n|\n|t:|1781379673\n|switch|p1a: Kilowattrel|Kilowattrel, L83, M|252/252|[from] U-turn\n|move|p2a: Regice|Ice Beam|p1a: Kilowattrel\n|-supereffective|p1a: Kilowattrel\n|-damage|p1a: Kilowattrel|0 fnt\n|faint|p1a: Kilowattrel\n|\n|upkeep\n|\n|t:|1781379677\n|switch|p1a: Spidops|Spidops, L96, M|271/271 par\n|turn|6\n|\n|t:|1781379682\n|switch|p2a: Granbull|Granbull, L88, F|302/302\n|-activate|p2a: Granbull|move: Sticky Web\n|-unboost|p2a: Granbull|spe|1\n|-ability|p2a: Granbull|Intimidate|boost\n|-unboost|p1a: Spidops|atk|1\n|cant|p1a: Spidops|par\n|\n|upkeep\n|turn|7\n|\n|t:|1781379686\n|move|p2a: Granbull|Play Rough|p1a: Spidops\n|-damage|p1a: Spidops|156/271 par\n|move|p1a: Spidops|Spikes|p2a: Granbull\n|-sidestart|p2: Impeetee|Spikes\n|\n|upkeep\n|turn|8\n|\n|t:|1781379691\n|move|p2a: Granbull|Play Rough|p1a: Spidops|[miss]\n|-miss|p2a: Granbull|p1a: Spidops\n|move|p1a: Spidops|Spikes|p2a: Granbull\n|-sidestart|p2: Impeetee|Spikes\n|\n|upkeep\n|turn|9\n|\n|t:|1781379695\n|move|p2a: Granbull|Play Rough|p1a: Spidops|[miss]\n|-miss|p2a: Granbull|p1a: Spidops\n|move|p1a: Spidops|Spikes|p2a: Granbull\n|-sidestart|p2: Impeetee|Spikes\n|\n|upkeep\n|turn|10\n|\n|t:|1781379697\n|move|p2a: Granbull|Play Rough|p1a: Spidops\n|-damage|p1a: Spidops|56/271 par\n|move|p1a: Spidops|Circle Throw|p2a: Granbull\n|-resisted|p2a: Granbull\n|-damage|p2a: Granbull|286/302\n|drag|p2a: Regice|Regice, L88|206/284\n|\n|upkeep\n|turn|11\n|\n|t:|1781379702\n|move|p2a: Regice|Ice Beam|p1a: Spidops\n|-damage|p1a: Spidops|0 fnt\n|faint|p1a: Spidops\n|\n|upkeep\n|\n|t:|1781379708\n|switch|p1a: Regirock|Regirock, L83|268/268\n|turn|12\n|\n|t:|1781379715\n|switch|p2a: Granbull|Granbull, L88, F|286/302\n|-activate|p2a: Granbull|move: Sticky Web\n|-unboost|p2a: Granbull|spe|1\n|-damage|p2a: Granbull|211/302|[from] Spikes\n|-ability|p2a: Granbull|Intimidate|boost\n|-fail|p1a: Regirock|unboost|[from] ability: Clear Body|[of] p1a: Regirock\n|move|p1a: Regirock|Iron Defense|p1a: Regirock\n|-boost|p1a: Regirock|def|2\n|\n|-heal|p2a: Granbull|229/302|[from] item: Leftovers\n|upkeep\n|turn|13\n|\n|t:|1781379722\n|move|p1a: Regirock|Stone Edge|p2a: Granbull\n|-damage|p2a: Granbull|109/302\n|move|p2a: Granbull|Thunder Wave|p1a: Regirock\n|-status|p1a: Regirock|par\n|\n|-heal|p2a: Granbull|127/302|[from] item: Leftovers\n|upkeep\n|turn|14\n|\n|t:|1781379728\n|move|p1a: Regirock|Stone Edge|p2a: Granbull\n|-damage|p2a: Granbull|9/302\n|move|p2a: Granbull|Roar|p1a: Regirock\n|drag|p1a: Reuniclus|Reuniclus, L88, F|337/337\n|\n|-heal|p2a: Granbull|27/302|[from] item: Leftovers\n|upkeep\n|turn|15\n|j| Manxas\n|\n|t:|1781379735\n|move|p1a: Reuniclus|Psyshock|p2a: Granbull\n|-damage|p2a: Granbull|0 fnt\n|faint|p2a: Granbull\n|\n|upkeep\n|\n|t:|1781379744\n|switch|p2a: Trevenant|Trevenant, L89, M|296/296\n|-activate|p2a: Trevenant|move: Sticky Web\n|-unboost|p2a: Trevenant|spe|1\n|-damage|p2a: Trevenant|222/296|[from] Spikes\n|turn|16\n|\n|t:|1781379748\n|switch|p1a: Mabosstiff|Mabosstiff, L86, M|278/278\n|move|p2a: Trevenant|Poltergeist|p1a: Mabosstiff\n|-activate|p1a: Mabosstiff|move: Poltergeist|Choice Scarf\n|-resisted|p1a: Mabosstiff\n|-damage|p1a: Mabosstiff|210/278\n|\n|upkeep\n|turn|17\n|\n|t:|1781379752\n|move|p2a: Trevenant|Protect|p2a: Trevenant\n|-singleturn|p2a: Trevenant|Protect\n|move|p1a: Mabosstiff|Crunch|p2a: Trevenant\n|-activate|p2a: Trevenant|move: Protect\n|\n|upkeep\n|turn|18\n|\n|t:|1781379760\n|switch|p1a: Lumineon|Lumineon, L93, F|149/279\n|-terastallize|p2a: Trevenant|Fairy\n|move|p2a: Trevenant|Drain Punch|p1a: Lumineon\n|-damage|p1a: Lumineon|82/279\n|-heal|p2a: Trevenant|256/296|[from] drain|[of] p1a: Lumineon\n|\n|upkeep\n|turn|19\n|\n|t:|1781379767\n|move|p1a: Lumineon|Hydro Pump|p2a: Trevenant\n|-damage|p2a: Trevenant|141/296\n|-enditem|p2a: Trevenant|Sitrus Berry|[eat]\n|-heal|p2a: Trevenant|215/296|[from] item: Sitrus Berry\n|move|p2a: Trevenant|Drain Punch|p1a: Lumineon\n|-damage|p1a: Lumineon|15/279\n|-heal|p2a: Trevenant|249/296|[from] drain|[of] p1a: Lumineon\n|\n|upkeep\n|turn|20\n|\n|t:|1781379773\n|move|p2a: Trevenant|Protect|p2a: Trevenant\n|-singleturn|p2a: Trevenant|Protect\n|move|p1a: Lumineon|Encore|p2a: Trevenant\n|-activate|p2a: Trevenant|move: Protect\n|\n|upkeep\n|turn|21\n|\n|t:|1781379776\n|switch|p2a: Regice|Regice, L88|206/284\n|move|p1a: Lumineon|Encore||[still]\n|-fail|p1a: Lumineon\n|\n|upkeep\n|turn|22\n|\n|t:|1781379782\n|move|p1a: Lumineon|Hydro Pump|p2a: Regice\n|-damage|p2a: Regice|146/284\n|move|p2a: Regice|Ice Beam|p1a: Lumineon\n|-resisted|p1a: Lumineon\n|-damage|p1a: Lumineon|0 fnt\n|faint|p1a: Lumineon\n|\n|upkeep\n|\n|t:|1781379788\n|switch|p1a: Reuniclus|Reuniclus, L88, F|337/337\n|turn|23\n|\n|t:|1781379790\n|move|p2a: Regice|Thunder Wave|p1a: Reuniclus\n|-status|p1a: Reuniclus|par\n|cant|p1a: Reuniclus|par\n|\n|upkeep\n|turn|24\n|\n|t:|1781379801\n|switch|p2a: Mabosstiff|Mabosstiff, L86, M|278/278\n|-activate|p2a: Mabosstiff|move: Sticky Web\n|-unboost|p2a: Mabosstiff|spe|1\n|-damage|p2a: Mabosstiff|209/278|[from] Spikes\n|move|p1a: Reuniclus|Calm Mind|p1a: Reuniclus\n|-boost|p1a: Reuniclus|spa|1\n|-boost|p1a: Reuniclus|spd|1\n|\n|upkeep\n|turn|25\n|\n|t:|1781379808\n|-terastallize|p1a: Reuniclus|Fighting\n|move|p2a: Mabosstiff|Play Rough|p1a: Reuniclus\n|-supereffective|p1a: Reuniclus\n|-damage|p1a: Reuniclus|71/337 par\n|move|p1a: Reuniclus|Focus Blast|p2a: Mabosstiff\n|-supereffective|p2a: Mabosstiff\n|-damage|p2a: Mabosstiff|0 fnt\n|faint|p2a: Mabosstiff\n|\n|upkeep\n|\n|t:|1781379827\n|switch|p2a: Sawsbuck|Sawsbuck, L88, F|284/284\n|-activate|p2a: Sawsbuck|move: Sticky Web\n|-unboost|p2a: Sawsbuck|spe|1\n|-damage|p2a: Sawsbuck|213/284|[from] Spikes\n|turn|26\n|\n|t:|1781379832\n|move|p2a: Sawsbuck|Horn Leech|p1a: Reuniclus\n|-damage|p1a: Reuniclus|0 fnt\n|-heal|p2a: Sawsbuck|249/284|[from] drain|[of] p1a: Reuniclus\n|faint|p1a: Reuniclus\n|-damage|p2a: Sawsbuck|221/284|[from] item: Life Orb\n|\n|upkeep\n|\n|t:|1781379834\n|switch|p1a: Mabosstiff|Mabosstiff, L86, M|210/278\n|turn|27\n|\n|t:|1781379843\n|move|p1a: Mabosstiff|Play Rough|p2a: Sawsbuck\n|-damage|p2a: Sawsbuck|132/284\n|move|p2a: Sawsbuck|Double-Edge|p1a: Mabosstiff\n|-damage|p1a: Mabosstiff|27/278\n|-damage|p2a: Sawsbuck|72/284|[from] Recoil\n|-damage|p2a: Sawsbuck|44/284|[from] item: Life Orb\n|\n|upkeep\n|turn|28\n|\n|t:|1781379852\n|move|p1a: Mabosstiff|Play Rough|p2a: Sawsbuck\n|-damage|p2a: Sawsbuck|0 fnt\n|faint|p2a: Sawsbuck\n|\n|upkeep\n|\n|t:|1781379867\n|switch|p2a: Trevenant|Trevenant, L89, M, tera:Fairy|249/296\n|-activate|p2a: Trevenant|move: Sticky Web\n|-unboost|p2a: Trevenant|spe|1\n|-damage|p2a: Trevenant|175/296|[from] Spikes\n|turn|29\n|\n|t:|1781379872\n|move|p2a: Trevenant|Protect|p2a: Trevenant\n|-singleturn|p2a: Trevenant|Protect\n|move|p1a: Mabosstiff|Play Rough|p2a: Trevenant\n|-activate|p2a: Trevenant|move: Protect\n|\n|upkeep\n|turn|30\n|\n|t:|1781379875\n|move|p1a: Mabosstiff|Play Rough|p2a: Trevenant\n|-damage|p2a: Trevenant|94/296\n|-unboost|p2a: Trevenant|atk|1\n|move|p2a: Trevenant|Drain Punch|p1a: Mabosstiff\n|-supereffective|p1a: Mabosstiff\n|-damage|p1a: Mabosstiff|0 fnt\n|-heal|p2a: Trevenant|108/296|[from] drain|[of] p1a: Mabosstiff\n|faint|p1a: Mabosstiff\n|\n|-item|p2a: Trevenant|Sitrus Berry|[from] ability: Harvest\n|upkeep\n|-enditem|p2a: Trevenant|Sitrus Berry|[eat]\n|-heal|p2a: Trevenant|182/296|[from] item: Sitrus Berry\n|\n|t:|1781379878\n|switch|p1a: Regirock|Regirock, L83|268/268 par\n|turn|31\n|\n|t:|1781379881\n|move|p2a: Trevenant|Poltergeist|p1a: Regirock|[miss]\n|-miss|p2a: Trevenant|p1a: Regirock\n|move|p1a: Regirock|Iron Defense|p1a: Regirock\n|-boost|p1a: Regirock|def|2\n|\n|-item|p2a: Trevenant|Sitrus Berry|[from] ability: Harvest\n|upkeep\n|turn|32\n|\n|t:|1781379885\n|move|p2a: Trevenant|Poltergeist|p1a: Regirock\n|-activate|p1a: Regirock|move: Poltergeist|Chesto Berry\n|-damage|p1a: Regirock|241/268 par\n|move|p1a: Regirock|Iron Defense|p1a: Regirock\n|-boost|p1a: Regirock|def|2\n|\n|upkeep\n|turn|33\n|\n|t:|1781379896\n|switch|p2a: Meloetta|Meloetta, L82|298/298\n|-activate|p2a: Meloetta|move: Sticky Web\n|-unboost|p2a: Meloetta|spe|1\n|-damage|p2a: Meloetta|224/298|[from] Spikes\n|move|p1a: Regirock|Rest|p1a: Regirock\n|-status|p1a: Regirock|slp|[from] move: Rest\n|-heal|p1a: Regirock|268/268 slp|[silent]\n|-enditem|p1a: Regirock|Chesto Berry|[eat]\n|-curestatus|p1a: Regirock|slp|[msg]\n|\n|-heal|p2a: Meloetta|242/298|[from] item: Leftovers\n|upkeep\n|turn|34\n|\n|t:|1781379902\n|move|p1a: Regirock|Body Press|p2a: Meloetta\n|-damage|p2a: Meloetta|0 fnt\n|faint|p2a: Meloetta\n|\n|upkeep\n|c|\u2606TY SM MY GUY|Sheesh that play\n|c|\u2606TY SM MY GUY|Wp\n|inactive|Impeetee has 120 seconds left.\n|j| Ultra7998\n|c|\u2606TY SM MY GUY|I think i win unless you get supreme hacks\n|c| Ultra7998|So this is pro gameplay\n|inactive|Impeetee has 90 seconds left.\n|\n|t:|1781379974\n|switch|p2a: Regice|Regice, L88|146/284\n|turn|35\n|c|\u2606TY SM MY GUY|Is this considered pro?\n|c|\u2606TY SM MY GUY|not even top 100\n|\n|t:|1781379992\n|move|p2a: Regice|Ice Beam|p1a: Regirock\n|-damage|p1a: Regirock|177/268\n|move|p1a: Regirock|Body Press|p2a: Regice\n|-supereffective|p2a: Regice\n|-damage|p2a: Regice|0 fnt\n|faint|p2a: Regice\n|\n|upkeep\n|c| Ultra7998|Idk Im new to this\n|inactive|Impeetee has 90 seconds left.\n|c|\u2606TY SM MY GUY|Oh, not pro, but linda high level\n|c| Ultra7998|just said it was 2.2k rated so I was assuming it was\u2026\n|c|\u2606TY SM MY GUY|kinda*\n|c| Ultra7998|oh\n|c|\u2606TY SM MY GUY|not top 100 but is on ladder\n|inactive|Impeetee has 60 seconds left.\n|c| Ultra7998|Alright\n|c|\u2606TY SM MY GUY|i think im around 150 ish or lower\n|c| Ultra7998|That\u2019s still good\n|inactive|Impeetee has 30 seconds left.\n|inactive|Impeetee has 20 seconds left.\n|inactive|Impeetee has 15 seconds left.\n|l| Ultra7998\n|inactive|Impeetee has 10 seconds left.\n|c|\u2606TY SM MY GUY|I made this crap team work\n|inactive|Impeetee has 5 seconds left.\n|j| Ultra7998\n|-message|Impeetee lost due to inactivity.\n|\n|win|TY SM MY GUY\n", "inputlog": ">version a8376a258c1d4662feba110a92103f3664a72141\n>start {\"formatid\":\"gen9randombattle\",\"seed\":\"sodium,635cf7175ee68b36530b0879ddd135d8\",\"rated\":\"Rated battle\"}\n>player p1 {\"name\":\"TY SM MY GUY\",\"avatar\":\"hoopster\",\"rating\":2239,\"seed\":\"sodium,594f5bbc9e6dba5b1858c53dfc58e1b5\"}\n>player p2 {\"name\":\"Impeetee\",\"avatar\":\"169\",\"rating\":2241,\"seed\":\"sodium,8d914c9d78b74d8b4903211fbd48e63d\"}\n>p1 move uturn\n>p2 switch 6\n>p1 switch 3\n>p1 move stickyweb\n>p2 move thunderwave\n>p1 switch 3\n>p2 move playrough\n>p1 move hydropump\n>p2 switch 2\n>p1 move uturn\n>p2 move icebeam\n>p1 switch 5\n>p1 switch 3\n>p1 move spikes\n>p2 switch 2\n>p1 move spikes\n>p2 move playrough\n>p1 move spikes\n>p2 move playrough\n>p1 move spikes\n>p2 move playrough\n>p1 move circlethrow\n>p2 move playrough\n>p1 move knockoff\n>p2 move icebeam\n>p1 switch 6\n>p1 move irondefense\n>p2 switch 2\n>p1 move stoneedge\n>p2 move thunderwave\n>p1 move stoneedge\n>p2 move roar\n>p1 move psyshock\n>p2 move thunderwave\n>p2 switch 5\n>p1 switch 2\n>p2 move poltergeist\n>p1 move crunch\n>p2 move protect\n>p1 switch 5\n>p2 move drainpunch terastallize\n>p1 move hydropump\n>p2 move drainpunch\n>p1 move encore\n>p2 move protect\n>p1 move encore\n>p2 switch 2\n>p1 move hydropump\n>p2 move icebeam\n>p1 switch 2\n>p1 move calmmind\n>p2 move thunderwave\n>p1 move calmmind\n>p2 switch 3\n>p1 move focusblast terastallize\n>p2 move playrough\n>p2 switch 4\n>p1 move focusblast\n>p2 move hornleech\n>p1 switch 5\n>p1 move playrough\n>p2 move doubleedge\n>p1 move playrough\n>p2 move doubleedge\n>p2 switch 2\n>p1 move playrough\n>p2 move protect\n>p1 move playrough\n>p2 move drainpunch\n>p1 switch 4\n>p1 move irondefense\n>p2 move poltergeist\n>p1 move irondefense\n>p2 move poltergeist\n>p1 move rest\n>p2 switch 6\n>p1 move bodypress\n>p2 move focusblast\n>chat \u2606TY SM MY GUY|Sheesh that play\n>chat \u2606TY SM MY GUY|Wp\n>chat \u2606TY SM MY GUY|I think i win unless you get supreme hacks\n>chat  Ultra7998|So this is pro gameplay\n>p2 switch 3\n>chat \u2606TY SM MY GUY|Is this considered pro?\n>chat \u2606TY SM MY GUY|not even top 100\n>p1 move bodypress\n>p2 move icebeam\n>chat  Ultra7998|Idk Im new to this\n>chat \u2606TY SM MY GUY|Oh, not pro, but linda high level\n>chat  Ultra7998|just said it was 2.2k rated so I was assuming it was\u2026\n>chat \u2606TY SM MY GUY|kinda*\n>chat  Ultra7998|oh\n>chat \u2606TY SM MY GUY|not top 100 but is on ladder\n>chat  Ultra7998|Alright\n>chat \u2606TY SM MY GUY|i think im around 150 ish or lower\n>chat  Ultra7998|That\u2019s still good\n>chat \u2606TY SM MY GUY|I made this crap team work\n>forcelose p2", "uploadtime": 1781379610, "views": 9, "formatid": "gen9randombattle", "rating": null, "private": 0, "password": null}