{"id": "gen9randombattle-2631783482", "format": "[Gen 9] Random Battle", "players": ["woxihuanni", "duuhhao"], "log": "|j|\u2606woxihuanni\n|j|\u2606duuhhao\n|t:|1781439031\n|gametype|singles\n|player|p1|woxihuanni|169|2115\n|player|p2|duuhhao|clair|2238\n|gen|9\n|tier|[Gen 9] Random Battle\n|rated|\n|rule|Species Clause: Limit one of each Pok\u00e9mon\n|rule|HP Percentage Mod: HP is shown in percentages\n|rule|Sleep Clause Mod: Limit one foe put to sleep\n|rule|Illusion Level Mod: Illusion disguises the Pok\u00e9mon's true level\n|\n|t:|1781439031\n|teamsize|p1|6\n|teamsize|p2|6\n|start\n|switch|p1a: Whiscash|Whiscash, L88, F|337/337\n|switch|p2a: Cacturne|Cacturne, L92, M|278/278\n|turn|1\n|\n|t:|1781439044\n|switch|p1a: Appletun|Appletun, L92, F|352/352\n|move|p2a: Cacturne|Leaf Storm|p1a: Appletun\n|-resisted|p1a: Appletun\n|-crit|p1a: Appletun\n|-damage|p1a: Appletun|261/352\n|-unboost|p2a: Cacturne|spa|2\n|-damage|p2a: Cacturne|251/278|[from] item: Life Orb\n|\n|-heal|p1a: Appletun|283/352|[from] item: Leftovers\n|upkeep\n|turn|2\n|\n|t:|1781439051\n|switch|p1a: Magcargo|Magcargo, L95, M|268/268\n|move|p2a: Cacturne|Toxic Spikes|p1a: Magcargo\n|-sidestart|p1: woxihuanni|move: Toxic Spikes\n|\n|upkeep\n|turn|3\n|\n|t:|1781439059\n|switch|p2a: Falinks|Falinks, L84|246/246\n|move|p1a: Magcargo|Stealth Rock|p2a: Falinks\n|-sidestart|p2: duuhhao|move: Stealth Rock\n|\n|upkeep\n|turn|4\n|\n|t:|1781439063\n|move|p2a: Falinks|Close Combat|p1a: Magcargo\n|-supereffective|p1a: Magcargo\n|-damage|p1a: Magcargo|26/268\n|-unboost|p2a: Falinks|def|1\n|-unboost|p2a: Falinks|spd|1\n|-status|p2a: Falinks|brn|[from] ability: Flame Body|[of] p1a: Magcargo\n|-damage|p2a: Falinks|222/246 brn|[from] item: Life Orb\n|move|p1a: Magcargo|Lava Plume|p2a: Falinks\n|-damage|p2a: Falinks|18/246 brn\n|\n|-damage|p2a: Falinks|3/246 brn|[from] brn\n|upkeep\n|turn|5\n|\n|t:|1781439069\n|switch|p1a: Gholdengo|Gholdengo, L77|261/261\n|move|p2a: Falinks|Knock Off|p1a: Gholdengo\n|-supereffective|p1a: Gholdengo\n|-damage|p1a: Gholdengo|174/261\n|-enditem|p1a: Gholdengo|Leftovers|[from] move: Knock Off|[of] p2a: Falinks\n|-damage|p2a: Falinks|0 fnt|[from] item: Life Orb\n|faint|p2a: Falinks\n|\n|upkeep\n|\n|t:|1781439077\n|switch|p2a: Mismagius|Mismagius, L86, F|243/243\n|-damage|p2a: Mismagius|213/243|[from] Stealth Rock\n|turn|6\n|inactive|Battle timer is ON: inactive players will automatically lose when time's up. (requested by woxihuanni)\n|\n|t:|1781439081\n|move|p2a: Mismagius|Trick|p1a: Gholdengo\n|-immune|p1a: Gholdengo|[from] ability: Good as Gold\n|move|p1a: Gholdengo|Make It Rain|p2a: Mismagius\n|-damage|p2a: Mismagius|99/243\n|-unboost|p1a: Gholdengo|spa|1\n|\n|upkeep\n|turn|7\n|\n|t:|1781439096\n|switch|p2a: Coalossal|Coalossal, L89, M|341/341\n|switch|p1a: Appletun|Appletun, L92, F|283/352\n|-status|p1a: Appletun|psn\n|\n|-heal|p1a: Appletun|305/352 psn|[from] item: Leftovers\n|-damage|p1a: Appletun|261/352 psn|[from] psn\n|upkeep\n|turn|8\n|\n|t:|1781439106\n|move|p1a: Appletun|Apple Acid|p2a: Coalossal\n|-damage|p2a: Coalossal|253/341\n|-unboost|p2a: Coalossal|spd|1\n|move|p2a: Coalossal|Stone Edge|p1a: Appletun\n|-damage|p1a: Appletun|155/352 psn\n|\n|-heal|p1a: Appletun|177/352 psn|[from] item: Leftovers\n|-damage|p1a: Appletun|133/352 psn|[from] psn\n|upkeep\n|turn|9\n|\n|t:|1781439112\n|move|p1a: Appletun|Recover|p1a: Appletun\n|-heal|p1a: Appletun|309/352 psn\n|move|p2a: Coalossal|Rapid Spin|p1a: Appletun\n|-damage|p1a: Appletun|277/352 psn\n|-boost|p2a: Coalossal|spe|1\n|-sideend|p2: duuhhao|Stealth Rock|[from] move: Rapid Spin|[of] p2a: Coalossal\n|\n|-heal|p1a: Appletun|299/352 psn|[from] item: Leftovers\n|-damage|p1a: Appletun|255/352 psn|[from] psn\n|upkeep\n|turn|10\n|\n|t:|1781439117\n|switch|p2a: Girafarig|Girafarig, L89, F|269/269\n|move|p1a: Appletun|Dragon Pulse|p2a: Girafarig\n|-damage|p2a: Girafarig|190/269\n|\n|-heal|p1a: Appletun|277/352 psn|[from] item: Leftovers\n|-damage|p1a: Appletun|233/352 psn|[from] psn\n|upkeep\n|turn|11\n|\n|t:|1781439123\n|move|p2a: Girafarig|Psyshock|p1a: Appletun\n|-damage|p1a: Appletun|143/352 psn\n|move|p1a: Appletun|Dragon Tail|p2a: Girafarig\n|-damage|p2a: Girafarig|133/269\n|drag|p2a: Mismagius|Mismagius, L86, F|99/243\n|\n|-heal|p1a: Appletun|165/352 psn|[from] item: Leftovers\n|-damage|p1a: Appletun|121/352 psn|[from] psn\n|upkeep\n|turn|12\n|\n|t:|1781439126\n|move|p2a: Mismagius|Shadow Ball|p1a: Appletun\n|-damage|p1a: Appletun|0 fnt\n|faint|p1a: Appletun\n|\n|upkeep\n|\n|t:|1781439134\n|switch|p1a: Gholdengo|Gholdengo, L77|174/261\n|turn|13\n|\n|t:|1781439137\n|move|p2a: Mismagius|Shadow Ball|p1a: Gholdengo\n|-supereffective|p1a: Gholdengo\n|-damage|p1a: Gholdengo|0 fnt\n|faint|p1a: Gholdengo\n|\n|upkeep\n|\n|t:|1781439143\n|switch|p1a: Hawlucha|Hawlucha, L80, M|256/256\n|turn|14\n|\n|t:|1781439148\n|move|p1a: Hawlucha|Swords Dance|p1a: Hawlucha\n|-boost|p1a: Hawlucha|atk|2\n|move|p2a: Mismagius|Shadow Ball|p1a: Hawlucha\n|-damage|p1a: Hawlucha|61/256\n|\n|upkeep\n|turn|15\n|\n|t:|1781439154\n|move|p1a: Hawlucha|Throat Chop|p2a: Mismagius\n|-supereffective|p2a: Mismagius\n|-damage|p2a: Mismagius|0 fnt\n|faint|p2a: Mismagius\n|\n|upkeep\n|\n|t:|1781439156\n|switch|p2a: Granbull|Granbull, L88, M|302/302\n|-ability|p2a: Granbull|Intimidate|boost\n|-unboost|p1a: Hawlucha|atk|1\n|turn|16\n|\n|t:|1781439163\n|move|p1a: Hawlucha|Brave Bird|p2a: Granbull\n|-damage|p2a: Granbull|133/302\n|-damage|p1a: Hawlucha|5/256|[from] Recoil\n|move|p2a: Granbull|Play Rough|p1a: Hawlucha\n|-supereffective|p1a: Hawlucha\n|-damage|p1a: Hawlucha|0 fnt\n|faint|p1a: Hawlucha\n|\n|-heal|p2a: Granbull|151/302|[from] item: Leftovers\n|upkeep\n|\n|t:|1781439166\n|switch|p1a: Whiscash|Whiscash, L88, F|337/337\n|-status|p1a: Whiscash|psn\n|turn|17\n|\n|t:|1781439174\n|move|p1a: Whiscash|Dragon Dance|p1a: Whiscash\n|-boost|p1a: Whiscash|atk|1\n|-boost|p1a: Whiscash|spe|1\n|move|p2a: Granbull|Play Rough|p1a: Whiscash\n|-damage|p1a: Whiscash|189/337 psn\n|\n|-heal|p2a: Granbull|169/302|[from] item: Leftovers\n|-damage|p1a: Whiscash|147/337 psn|[from] psn\n|upkeep\n|turn|18\n|\n|t:|1781439181\n|switch|p2a: Coalossal|Coalossal, L89, M|253/341\n|move|p1a: Whiscash|Earthquake|p2a: Coalossal\n|-supereffective|p2a: Coalossal\n|-damage|p2a: Coalossal|0 fnt\n|faint|p2a: Coalossal\n|-damage|p1a: Whiscash|114/337 psn|[from] item: Life Orb\n|\n|-damage|p1a: Whiscash|72/337 psn|[from] psn\n|upkeep\n|\n|t:|1781439184\n|switch|p2a: Granbull|Granbull, L88, M|169/302\n|-ability|p2a: Granbull|Intimidate|boost\n|-fail|p1a: Whiscash|unboost|Attack|[from] ability: Oblivious|[of] p1a: Whiscash\n|turn|19\n|\n|t:|1781439200\n|switch|p2a: Cacturne|Cacturne, L92, M|251/278\n|move|p1a: Whiscash|Earthquake|p2a: Cacturne\n|-resisted|p2a: Cacturne\n|-damage|p2a: Cacturne|137/278\n|-damage|p1a: Whiscash|39/337 psn|[from] item: Life Orb\n|\n|-damage|p1a: Whiscash|0 fnt|[from] psn\n|faint|p1a: Whiscash\n|upkeep\n|\n|t:|1781439203\n|switch|p1a: Magcargo|Magcargo, L95, M|26/268\n|turn|20\n|\n|t:|1781439211\n|move|p2a: Cacturne|Knock Off|p1a: Magcargo\n|-damage|p1a: Magcargo|0 fnt\n|-enditem|p1a: Magcargo|Heavy-Duty Boots|[from] move: Knock Off|[of] p2a: Cacturne\n|faint|p1a: Magcargo\n|-damage|p2a: Cacturne|110/278|[from] item: Life Orb\n|\n|upkeep\n|\n|t:|1781439213\n|switch|p1a: Lanturn|Lanturn, L89, M|367/367\n|-status|p1a: Lanturn|psn\n|turn|21\n|-message|woxihuanni forfeited.\n|\n|win|duuhhao\n", "inputlog": ">version a8376a258c1d4662feba110a92103f3664a72141\n>start {\"formatid\":\"gen9randombattle\",\"seed\":\"sodium,2ae729a25a8702096285b9fddf885f01\",\"rated\":\"Rated battle\"}\n>player p1 {\"name\":\"woxihuanni\",\"avatar\":\"169\",\"rating\":2115,\"seed\":\"sodium,e06797d1a0bbf0119d6accb9888e7fd8\"}\n>player p2 {\"name\":\"duuhhao\",\"avatar\":\"clair\",\"rating\":2238,\"seed\":\"sodium,0ff4b807faeca00a89079df324409864\"}\n>p1 switch 5\n>p2 move leafstorm\n>p1 switch 3\n>p2 move toxicspikes\n>p1 move stealthrock\n>p2 switch 5\n>p1 move lavaplume\n>p2 move closecombat\n>p1 switch 6\n>p2 move knockoff\n>p2 switch 3\n>p1 move makeitrain\n>p2 move trick\n>p1 switch 3\n>p2 switch 6\n>p1 move appleacid\n>p2 move stoneedge\n>p1 move recover\n>p2 move rapidspin\n>p1 move dragonpulse\n>p2 switch 4\n>p1 move dragontail\n>p2 move psyshock\n>p1 move recover\n>p2 move shadowball\n>p1 switch 3\n>p1 move makeitrain\n>p2 move shadowball\n>p1 switch 4\n>p1 move swordsdance\n>p2 move shadowball\n>p1 move throatchop\n>p2 move shadowball\n>p2 switch 2\n>p1 move bravebird\n>p2 move playrough\n>p1 switch 5\n>p1 move dragondance\n>p2 move playrough\n>p1 move earthquake\n>p2 switch 4\n>p2 switch 4\n>p1 move earthquake\n>p2 switch 5\n>p1 switch 6\n>p1 move lavaplume\n>p2 move knockoff\n>p1 switch 2\n>forcelose p1", "uploadtime": 1781439033, "views": 4, "formatid": "gen9randombattle", "rating": null, "private": 0, "password": null}