{"id": "gen9randombattle-2631550159", "format": "[Gen 9] Random Battle", "players": ["bluesun000", "Aquapower"], "log": "|j|\u2606bluesun000\n|j|\u203dAquapower\n|t:|1781399993\n|gametype|singles\n|player|p1|bluesun000|palmer|1963\n|player|p2|Aquapower|102|1927\n|gen|9\n|tier|[Gen 9] Random Battle\n|rated|\n|rule|Species Clause: Limit one of each Pok\u00e9mon\n|rule|HP Percentage Mod: HP is shown in percentages\n|rule|Sleep Clause Mod: Limit one foe put to sleep\n|rule|Illusion Level Mod: Illusion disguises the Pok\u00e9mon's true level\n|\n|t:|1781399993\n|teamsize|p1|6\n|teamsize|p2|6\n|start\n|switch|p1a: Chien-Pao|Chien-Pao, L72|234/234\n|switch|p2a: Honchkrow|Honchkrow, L86, M|312/312\n|-ability|p1a: Chien-Pao|Sword of Ruin\n|turn|1\n|inactive|Battle timer is ON: inactive players will automatically lose when time's up. (requested by bluesun000)\n|inactive|bluesun000 has 120 seconds left.\n|\n|t:|1781400044\n|switch|p2a: Camerupt|Camerupt, L91, F|275/275\n|move|p1a: Chien-Pao|Icicle Crash|p2a: Camerupt\n|-damage|p2a: Camerupt|100/275\n|\n|-heal|p2a: Camerupt|117/275|[from] item: Leftovers\n|upkeep\n|turn|2\n|\n|t:|1781400052\n|move|p1a: Chien-Pao|Icicle Crash|p2a: Camerupt\n|-damage|p2a: Camerupt|0 fnt\n|faint|p2a: Camerupt\n|\n|upkeep\n|\n|t:|1781400056\n|switch|p2a: Vikavolt|Vikavolt, L83, F|263/263\n|turn|3\n|\n|t:|1781400073\n|move|p1a: Chien-Pao|Icicle Crash|p2a: Vikavolt\n|-damage|p2a: Vikavolt|103/263\n|move|p2a: Vikavolt|Bug Buzz|p1a: Chien-Pao\n|-supereffective|p1a: Chien-Pao\n|-damage|p1a: Chien-Pao|0 fnt\n|faint|p1a: Chien-Pao\n|\n|upkeep\n|inactive|bluesun000 has 120 seconds left.\n|\n|t:|1781400105\n|switch|p1a: Leafeon|Leafeon, L88, F|258/258\n|turn|4\n|\n|t:|1781400113\n|move|p1a: Leafeon|Double-Edge|p2a: Vikavolt\n|-damage|p2a: Vikavolt|0 fnt\n|faint|p2a: Vikavolt\n|-damage|p1a: Leafeon|224/258|[from] Recoil\n|-damage|p1a: Leafeon|199/258|[from] item: Life Orb\n|\n|upkeep\n|\n|t:|1781400119\n|switch|p2a: Honchkrow|Honchkrow, L86, M|312/312\n|turn|5\n|inactive|bluesun000 has 120 seconds left.\n|inactive|bluesun000 has 90 seconds left.\n|\n|t:|1781400170\n|switch|p1a: Armarouge|Armarouge, L80, F|267/267\n|move|p2a: Honchkrow|Brave Bird|p1a: Armarouge\n|-damage|p1a: Armarouge|119/267\n|-ability|p1a: Armarouge|Weak Armor|boost\n|-unboost|p1a: Armarouge|def|1\n|-boost|p1a: Armarouge|spe|2\n|-damage|p2a: Honchkrow|263/312|[from] Recoil\n|\n|upkeep\n|turn|6\n|\n|t:|1781400175\n|move|p2a: Honchkrow|Sucker Punch|p1a: Armarouge\n|-supereffective|p1a: Armarouge\n|-damage|p1a: Armarouge|0 fnt\n|faint|p1a: Armarouge\n|-ability|p2a: Honchkrow|Moxie|boost\n|-boost|p2a: Honchkrow|atk|1\n|\n|upkeep\n|\n|t:|1781400178\n|switch|p1a: Klawf|Klawf, L90, M|272/272\n|turn|7\n|inactive|Aquapower has 120 seconds left.\n|\n|t:|1781400224\n|-terastallize|p2a: Honchkrow|Dark\n|move|p1a: Klawf|Swords Dance|p1a: Klawf\n|-boost|p1a: Klawf|atk|2\n|move|p2a: Honchkrow|Lash Out|p1a: Klawf\n|-damage|p1a: Klawf|124/272\n|-ability|p1a: Klawf|Anger Shell|boost\n|-boost|p1a: Klawf|atk|1\n|-boost|p1a: Klawf|spa|1\n|-boost|p1a: Klawf|spe|1\n|-unboost|p1a: Klawf|def|1\n|-unboost|p1a: Klawf|spd|1\n|\n|upkeep\n|turn|8\n|inactive|bluesun000 has 90 seconds left.\n|\n|t:|1781400263\n|move|p2a: Honchkrow|Sucker Punch||[still]\n|-fail|p2a: Honchkrow\n|move|p1a: Klawf|Swords Dance|p1a: Klawf\n|-boost|p1a: Klawf|atk|2\n|\n|upkeep\n|turn|9\n|inactive|bluesun000 has 60 seconds left.\n|\n|t:|1781400286\n|move|p2a: Honchkrow|Sucker Punch||[still]\n|-fail|p2a: Honchkrow\n|move|p1a: Klawf|Swords Dance|p1a: Klawf\n|-boost|p1a: Klawf|atk|1\n|\n|upkeep\n|turn|10\n|inactive|bluesun000 has 60 seconds left.\n|\n|t:|1781400296\n|move|p1a: Klawf|Swords Dance|p1a: Klawf\n|-boost|p1a: Klawf|atk|0\n|move|p2a: Honchkrow|Lash Out|p1a: Klawf\n|-damage|p1a: Klawf|0 fnt\n|faint|p1a: Klawf\n|-ability|p2a: Honchkrow|Moxie|boost\n|-boost|p2a: Honchkrow|atk|1\n|\n|upkeep\n|inactive|bluesun000 has 60 seconds left.\n|\n|t:|1781400304\n|switch|p1a: Whimsicott|Whimsicott, L84, F|238/238\n|turn|11\n|\n|t:|1781400311\n|move|p1a: Whimsicott|U-turn|p2a: Honchkrow\n|-supereffective|p2a: Honchkrow\n|-damage|p2a: Honchkrow|163/312\n|\n|t:|1781400313\n|switch|p1a: Scrafty|Scrafty, L83, M|244/244|[from] U-turn\n|-ability|p1a: Scrafty|Intimidate|boost\n|-unboost|p2a: Honchkrow|atk|1\n|move|p2a: Honchkrow|Brave Bird|p1a: Scrafty\n|-supereffective|p1a: Scrafty\n|-damage|p1a: Scrafty|0 fnt\n|faint|p1a: Scrafty\n|-ability|p2a: Honchkrow|Moxie|boost\n|-boost|p2a: Honchkrow|atk|1\n|-damage|p2a: Honchkrow|82/312|[from] Recoil\n|\n|upkeep\n|\n|t:|1781400315\n|switch|p1a: Whimsicott|Whimsicott, L84, F|238/238\n|turn|12\n|\n|t:|1781400318\n|move|p2a: Honchkrow|Sucker Punch|p1a: Whimsicott\n|-resisted|p1a: Whimsicott\n|-damage|p1a: Whimsicott|117/238\n|move|p1a: Whimsicott|Moonblast|p2a: Honchkrow\n|-supereffective|p2a: Honchkrow\n|-damage|p2a: Honchkrow|0 fnt\n|faint|p2a: Honchkrow\n|\n|upkeep\n|\n|t:|1781400323\n|switch|p2a: Bruxish|Bruxish, L85, F|254/254\n|turn|13\n|\n|t:|1781400333\n|move|p1a: Whimsicott|Stun Spore|p2a: Bruxish\n|-status|p2a: Bruxish|par\n|move|p2a: Bruxish|Psychic Fangs|p1a: Whimsicott\n|-damage|p1a: Whimsicott|0 fnt\n|faint|p1a: Whimsicott\n|\n|upkeep\n|\n|t:|1781400336\n|switch|p1a: Leafeon|Leafeon, L88, F|199/258\n|turn|14\n|\n|t:|1781400343\n|-terastallize|p1a: Leafeon|Dark\n|move|p1a: Leafeon|Swords Dance|p1a: Leafeon\n|-boost|p1a: Leafeon|atk|2\n|move|p2a: Bruxish|Psychic Fangs|p1a: Leafeon\n|-immune|p1a: Leafeon\n|\n|upkeep\n|turn|15\n|\n|t:|1781400350\n|switch|p2a: Landorus|Landorus-Therian, L76, M|260/260\n|-ability|p2a: Landorus|Intimidate|boost\n|-unboost|p1a: Leafeon|atk|1\n|move|p1a: Leafeon|Swords Dance|p1a: Leafeon\n|-boost|p1a: Leafeon|atk|2\n|\n|upkeep\n|turn|16\n|\n|t:|1781400363\n|switch|p2a: Bruxish|Bruxish, L85, F|254/254 par\n|move|p1a: Leafeon|Knock Off|p2a: Bruxish\n|-supereffective|p2a: Bruxish\n|-damage|p2a: Bruxish|0 fnt\n|-enditem|p2a: Bruxish|Choice Scarf|[from] move: Knock Off|[of] p1a: Leafeon\n|faint|p2a: Bruxish\n|-damage|p1a: Leafeon|174/258|[from] item: Life Orb\n|\n|upkeep\n|\n|t:|1781400365\n|switch|p2a: Landorus|Landorus-Therian, L76, M|260/260\n|-ability|p2a: Landorus|Intimidate|boost\n|-unboost|p1a: Leafeon|atk|1\n|turn|17\n|inactive|bluesun000 has 120 seconds left.\n|\n|t:|1781400374\n|switch|p2a: Blissey|Blissey, L85, F|572/572\n|move|p1a: Leafeon|Swords Dance|p1a: Leafeon\n|-boost|p1a: Leafeon|atk|2\n|\n|upkeep\n|turn|18\n|\n|t:|1781400380\n|move|p1a: Leafeon|Knock Off|p2a: Blissey\n|-damage|p2a: Blissey|0 fnt\n|-enditem|p2a: Blissey|Leftovers|[from] move: Knock Off|[of] p1a: Leafeon\n|faint|p2a: Blissey\n|-damage|p1a: Leafeon|149/258|[from] item: Life Orb\n|\n|upkeep\n|\n|t:|1781400382\n|switch|p2a: Landorus|Landorus-Therian, L76, M|260/260\n|-ability|p2a: Landorus|Intimidate|boost\n|-unboost|p1a: Leafeon|atk|1\n|turn|19\n|\n|t:|1781400389\n|move|p1a: Leafeon|Knock Off|p2a: Landorus\n|-damage|p2a: Landorus|0 fnt\n|-enditem|p2a: Landorus|Leftovers|[from] move: Knock Off|[of] p1a: Leafeon\n|faint|p2a: Landorus\n|-damage|p1a: Leafeon|124/258|[from] item: Life Orb\n|\n|win|bluesun000\n", "inputlog": ">version a8376a258c1d4662feba110a92103f3664a72141\n>start {\"formatid\":\"gen9randombattle\",\"seed\":\"sodium,51253cf8af98653da6fb955940982020\",\"rated\":\"Rated battle\"}\n>player p1 {\"name\":\"bluesun000\",\"avatar\":\"palmer\",\"rating\":1963,\"seed\":\"sodium,1e0eeceafb2018390b1db10a600d2adf\"}\n>player p2 {\"name\":\"Aquapower\",\"avatar\":\"102\",\"rating\":1927,\"seed\":\"sodium,07d68212d6042277fa19330dd93af47f\"}\n>p1 move iciclecrash\n>p2 switch 3\n>p1 move iciclecrash\n>p2 move overheat\n>p2 switch 5\n>p1 move iciclecrash\n>p2 move bugbuzz\n>p1 switch 4\n>p1 move doubleedge\n>p2 move bugbuzz\n>p2 switch 3\n>p1 switch 5\n>p2 move bravebird\n>p1 move armorcannon\n>p2 move suckerpunch\n>p1 switch 6\n>p1 move swordsdance\n>p2 move lashout terastallize\n>p1 move swordsdance\n>p2 move suckerpunch\n>p1 move swordsdance\n>p2 move suckerpunch\n>p1 move swordsdance\n>p2 move lashout\n>p1 switch 2\n>p1 move uturn\n>p2 move bravebird\n>p1 switch 3\n>p1 switch 3\n>p1 move moonblast\n>p2 move suckerpunch\n>p2 switch 6\n>p1 move stunspore\n>p2 move psychicfangs\n>p1 switch 5\n>p1 move swordsdance terastallize\n>p2 move psychicfangs\n>p1 move swordsdance\n>p2 switch 2\n>p1 move knockoff\n>p2 switch 2\n>p2 switch 2\n>p1 move swordsdance\n>p2 switch 4\n>p1 move knockoff\n>p2 move thunderwave\n>p2 switch 4\n>p1 move knockoff\n>p2 move earthquake", "uploadtime": 1781399995, "views": 5, "formatid": "gen9randombattle", "rating": null, "private": 0, "password": null}