{"id": "gen9randombattle-2631846983", "format": "[Gen 9] Random Battle", "players": ["inversify", "duuhhao"], "log": "|badge|p1|bronze|gen9randombattle|100-9\n|uhtml|medal-msg|<div class=\"broadcast-blue\">Curious what those medals under the avatar are? PS now has Ladder Seasons! For more information, check out the <a href=\"https://www.smogon.com/forums/threads/3740067/\">thread on Smogon.</a></div>\n|j|\u2606inversify\n|j|\u2606duuhhao\n|t:|1781447606\n|gametype|singles\n|player|p1|inversify|lana|2328\n|player|p2|duuhhao|clair|2313\n|gen|9\n|tier|[Gen 9] Random Battle\n|rated|\n|rule|Species Clause: Limit one of each Pok\u00e9mon\n|rule|HP Percentage Mod: HP is shown in percentages\n|rule|Sleep Clause Mod: Limit one foe put to sleep\n|rule|Illusion Level Mod: Illusion disguises the Pok\u00e9mon's true level\n|\n|t:|1781447606\n|teamsize|p1|6\n|teamsize|p2|6\n|start\n|switch|p1a: Dedenne|Dedenne, L88, F|261/261\n|switch|p2a: Forretress|Forretress, L84, F|263/263\n|turn|1\n|\n|t:|1781447620\n|move|p1a: Dedenne|Nuzzle|p2a: Forretress\n|-damage|p2a: Forretress|253/263\n|-status|p2a: Forretress|par\n|move|p2a: Forretress|Stealth Rock|p1a: Dedenne\n|-sidestart|p1: inversify|move: Stealth Rock\n|\n|-heal|p2a: Forretress|263/263 par|[from] item: Leftovers\n|upkeep\n|turn|2\n|\n|t:|1781447629\n|switch|p2a: Regigigas|Regigigas, L84|322/322\n|-start|p2a: Regigigas|ability: Slow Start\n|move|p1a: Dedenne|U-turn|p2a: Regigigas\n|-damage|p2a: Regigigas|289/322\n|\n|t:|1781447632\n|switch|p1a: Quagsire|Quagsire, L84, M|297/297|[from] U-turn\n|-damage|p1a: Quagsire|279/297|[from] Stealth Rock\n|\n|-heal|p2a: Regigigas|309/322|[from] item: Leftovers\n|-heal|p1a: Quagsire|297/297|[from] item: Leftovers\n|upkeep\n|turn|3\n|\n|t:|1781447641\n|move|p2a: Regigigas|Knock Off|p1a: Quagsire\n|-crit|p1a: Quagsire\n|-damage|p1a: Quagsire|221/297\n|-enditem|p1a: Quagsire|Leftovers|[from] move: Knock Off|[of] p2a: Regigigas\n|move|p1a: Quagsire|Spikes|p2a: Regigigas\n|-sidestart|p2: duuhhao|Spikes\n|\n|-heal|p2a: Regigigas|322/322|[from] item: Leftovers\n|upkeep\n|turn|4\n|\n|t:|1781447652\n|move|p2a: Regigigas|Body Slam|p1a: Quagsire\n|-damage|p1a: Quagsire|148/297\n|move|p1a: Quagsire|Toxic|p2a: Regigigas\n|-status|p2a: Regigigas|tox\n|\n|-damage|p2a: Regigigas|302/322 tox|[from] psn\n|upkeep\n|turn|5\n|\n|t:|1781447660\n|move|p2a: Regigigas|Body Slam|p1a: Quagsire\n|-damage|p1a: Quagsire|73/297\n|move|p1a: Quagsire|Recover|p1a: Quagsire\n|-heal|p1a: Quagsire|222/297\n|\n|-heal|p2a: Regigigas|322/322 tox|[from] item: Leftovers\n|-damage|p2a: Regigigas|282/322 tox|[from] psn\n|upkeep\n|turn|6\n|\n|t:|1781447669\n|switch|p1a: Arbok|Arbok, L87, F|246/246\n|-damage|p1a: Arbok|216/246|[from] Stealth Rock\n|-ability|p1a: Arbok|Intimidate|boost\n|-unboost|p2a: Regigigas|atk|1\n|move|p2a: Regigigas|Body Slam|p1a: Arbok\n|-damage|p1a: Arbok|165/246\n|-status|p1a: Arbok|par\n|\n|-heal|p2a: Regigigas|302/322 tox|[from] item: Leftovers\n|-heal|p1a: Arbok|180/246 par|[from] item: Leftovers\n|-damage|p2a: Regigigas|242/322 tox|[from] psn\n|upkeep\n|turn|7\n|\n|t:|1781447676\n|move|p2a: Regigigas|Knock Off|p1a: Arbok\n|-damage|p1a: Arbok|142/246 par\n|-enditem|p1a: Arbok|Leftovers|[from] move: Knock Off|[of] p2a: Regigigas\n|move|p1a: Arbok|Coil|p1a: Arbok\n|-boost|p1a: Arbok|atk|1\n|-boost|p1a: Arbok|def|1\n|-boost|p1a: Arbok|accuracy|1\n|\n|-heal|p2a: Regigigas|262/322 tox|[from] item: Leftovers\n|-damage|p2a: Regigigas|182/322 tox|[from] psn\n|-end|p2a: Regigigas|Slow Start\n|upkeep\n|turn|8\n|\n|t:|1781447683\n|switch|p2a: Forretress|Forretress, L84, F|263/263 par\n|-damage|p2a: Forretress|231/263 par|[from] Spikes\n|move|p1a: Arbok|Gunk Shot|p2a: Forretress\n|-immune|p2a: Forretress\n|\n|-heal|p2a: Forretress|247/263 par|[from] item: Leftovers\n|upkeep\n|turn|9\n|\n|t:|1781447687\n|move|p1a: Arbok|Earthquake|p2a: Forretress\n|-damage|p2a: Forretress|174/263 par\n|move|p2a: Forretress|Iron Head|p1a: Arbok\n|-damage|p1a: Arbok|79/246 par\n|\n|-heal|p2a: Forretress|190/263 par|[from] item: Leftovers\n|upkeep\n|turn|10\n|\n|t:|1781447693\n|move|p1a: Arbok|Earthquake|p2a: Forretress\n|-damage|p2a: Forretress|117/263 par\n|move|p2a: Forretress|Iron Head|p1a: Arbok\n|-damage|p1a: Arbok|15/246 par\n|\n|-heal|p2a: Forretress|133/263 par|[from] item: Leftovers\n|upkeep\n|turn|11\n|\n|t:|1781447700\n|move|p1a: Arbok|Earthquake|p2a: Forretress\n|-damage|p2a: Forretress|57/263 par\n|move|p2a: Forretress|Iron Head|p1a: Arbok\n|-damage|p1a: Arbok|0 fnt\n|faint|p1a: Arbok\n|\n|-heal|p2a: Forretress|73/263 par|[from] item: Leftovers\n|upkeep\n|\n|t:|1781447709\n|switch|p1a: Dedenne|Dedenne, L88, F|261/261\n|-damage|p1a: Dedenne|229/261|[from] Stealth Rock\n|turn|12\n|\n|t:|1781447716\n|move|p1a: Dedenne|Thunderbolt|p2a: Forretress\n|-damage|p2a: Forretress|0 fnt\n|faint|p2a: Forretress\n|\n|upkeep\n|\n|t:|1781447718\n|switch|p2a: Regigigas|Regigigas, L84|182/322 tox\n|-damage|p2a: Regigigas|142/322 tox|[from] Spikes\n|-start|p2a: Regigigas|ability: Slow Start\n|turn|13\n|\n|t:|1781447725\n|move|p1a: Dedenne|U-turn|p2a: Regigigas\n|-damage|p2a: Regigigas|109/322 tox\n|\n|t:|1781447730\n|switch|p1a: Lokix|Lokix, L82, F|251/251|[from] U-turn\n|-damage|p1a: Lokix|189/251|[from] Stealth Rock\n|move|p2a: Regigigas|Rest|p2a: Regigigas\n|-status|p2a: Regigigas|slp|[from] move: Rest\n|-heal|p2a: Regigigas|322/322 slp|[silent]\n|\n|upkeep\n|turn|14\n|\n|t:|1781447736\n|switch|p2a: Alomomola|Alomomola, L87, M|429/429\n|move|p1a: Lokix|Swords Dance|p1a: Lokix\n|-boost|p1a: Lokix|atk|2\n|\n|upkeep\n|turn|15\n|\n|t:|1781447747\n|move|p1a: Lokix|Knock Off|p2a: Alomomola\n|-damage|p2a: Alomomola|151/429\n|-enditem|p2a: Alomomola|Heavy-Duty Boots|[from] move: Knock Off|[of] p1a: Lokix\n|-damage|p1a: Lokix|164/251|[from] item: Life Orb\n|move|p2a: Alomomola|Scald|p1a: Lokix\n|-damage|p1a: Lokix|91/251\n|-status|p1a: Lokix|brn\n|\n|-damage|p1a: Lokix|76/251 brn|[from] brn\n|upkeep\n|turn|16\n|\n|t:|1781447758\n|switch|p2a: Rayquaza|Rayquaza, L72|270/270\n|-ability|p2a: Rayquaza|Air Lock\n|move|p1a: Lokix|Leech Life|p2a: Rayquaza\n|-resisted|p2a: Rayquaza\n|-damage|p2a: Rayquaza|148/270\n|-heal|p1a: Lokix|137/251 brn|[from] drain|[of] p2a: Rayquaza\n|-damage|p1a: Lokix|112/251 brn|[from] item: Life Orb\n|\n|-damage|p1a: Lokix|97/251 brn|[from] brn\n|upkeep\n|turn|17\n|\n|t:|1781447769\n|move|p1a: Lokix|Knock Off|p2a: Rayquaza\n|-damage|p2a: Rayquaza|4/270\n|-enditem|p2a: Rayquaza|Heavy-Duty Boots|[from] move: Knock Off|[of] p1a: Lokix\n|-damage|p1a: Lokix|72/251 brn|[from] item: Life Orb\n|move|p2a: Rayquaza|Dragon Ascent|p1a: Lokix\n|-supereffective|p1a: Lokix\n|-damage|p1a: Lokix|0 fnt\n|-unboost|p2a: Rayquaza|def|1\n|-unboost|p2a: Rayquaza|spd|1\n|faint|p1a: Lokix\n|\n|upkeep\n|\n|t:|1781447774\n|switch|p1a: Dedenne|Dedenne, L88, F|229/261\n|-damage|p1a: Dedenne|197/261|[from] Stealth Rock\n|turn|18\n|\n|t:|1781447779\n|switch|p2a: Regigigas|Regigigas, L84|322/322 slp\n|-damage|p2a: Regigigas|282/322 slp|[from] Spikes\n|-start|p2a: Regigigas|ability: Slow Start\n|move|p1a: Dedenne|Thunderbolt|p2a: Regigigas\n|-damage|p2a: Regigigas|206/322 slp\n|\n|-heal|p2a: Regigigas|226/322 slp|[from] item: Leftovers\n|upkeep\n|turn|19\n|\n|t:|1781447786\n|move|p1a: Dedenne|U-turn|p2a: Regigigas\n|-damage|p2a: Regigigas|194/322 slp\n|\n|t:|1781447799\n|switch|p1a: Ting-Lu|Ting-Lu, L78|370/370|[from] U-turn\n|-damage|p1a: Ting-Lu|347/370|[from] Stealth Rock\n|-ability|p1a: Ting-Lu|Vessel of Ruin\n|cant|p2a: Regigigas|slp\n|move|p2a: Regigigas|Sleep Talk|p2a: Regigigas\n|move|p2a: Regigigas|Body Slam|p1a: Ting-Lu|[from] move: Sleep Talk\n|-crit|p1a: Ting-Lu\n|-damage|p1a: Ting-Lu|256/370\n|\n|-heal|p1a: Ting-Lu|279/370|[from] item: Leftovers\n|-heal|p2a: Regigigas|214/322 slp|[from] item: Leftovers\n|upkeep\n|turn|20\n|\n|t:|1781447813\n|move|p1a: Ting-Lu|Earthquake|p2a: Regigigas\n|-damage|p2a: Regigigas|132/322 slp\n|cant|p2a: Regigigas|slp\n|move|p2a: Regigigas|Sleep Talk|p2a: Regigigas\n|move|p2a: Regigigas|Knock Off|p1a: Ting-Lu|[from] move: Sleep Talk\n|-resisted|p1a: Ting-Lu\n|-damage|p1a: Ting-Lu|259/370\n|-enditem|p1a: Ting-Lu|Leftovers|[from] move: Knock Off|[of] p2a: Regigigas\n|\n|-heal|p2a: Regigigas|152/322 slp|[from] item: Leftovers\n|upkeep\n|turn|21\n|\n|t:|1781447824\n|move|p1a: Ting-Lu|Spikes|p2a: Regigigas\n|-sidestart|p2: duuhhao|Spikes\n|-curestatus|p2a: Regigigas|slp|[msg]\n|move|p2a: Regigigas|Rest|p2a: Regigigas\n|-status|p2a: Regigigas|slp|[from] move: Rest\n|-heal|p2a: Regigigas|322/322 slp|[silent]\n|\n|upkeep\n|turn|22\n|\n|t:|1781447829\n|switch|p1a: Talonflame|Talonflame, L83, F|265/265\n|cant|p2a: Regigigas|slp\n|move|p2a: Regigigas|Sleep Talk|p2a: Regigigas\n|move|p2a: Regigigas|Knock Off|p1a: Talonflame|[from] move: Sleep Talk\n|-damage|p1a: Talonflame|203/265\n|-enditem|p1a: Talonflame|Heavy-Duty Boots|[from] move: Knock Off|[of] p2a: Regigigas\n|\n|upkeep\n|turn|23\n|\n|t:|1781447838\n|move|p1a: Talonflame|Swords Dance|p1a: Talonflame\n|-boost|p1a: Talonflame|atk|2\n|cant|p2a: Regigigas|slp\n|move|p2a: Regigigas|Sleep Talk|p2a: Regigigas\n|move|p2a: Regigigas|Body Slam|p1a: Talonflame|[from] move: Sleep Talk\n|-damage|p1a: Talonflame|119/265\n|-status|p1a: Talonflame|par\n|\n|-end|p2a: Regigigas|Slow Start\n|upkeep\n|turn|24\n|\n|t:|1781447851\n|-curestatus|p2a: Regigigas|slp|[msg]\n|move|p2a: Regigigas|Body Slam|p1a: Talonflame\n|-damage|p1a: Talonflame|0 fnt\n|faint|p1a: Talonflame\n|\n|upkeep\n|-message|inversify forfeited.\n|\n|win|duuhhao\n", "inputlog": ">version a8376a258c1d4662feba110a92103f3664a72141\n>start {\"formatid\":\"gen9randombattle\",\"seed\":\"sodium,b0e12162f6d5b5608eeb093696990757\",\"rated\":\"Rated battle\"}\n>player p1 {\"name\":\"inversify\",\"avatar\":\"lana\",\"rating\":2328,\"seed\":\"sodium,673edc7632925489d6cb0e178d1c4638\"}\n>player p2 {\"name\":\"duuhhao\",\"avatar\":\"clair\",\"rating\":2313,\"seed\":\"sodium,e46253b03988e37a9aff5413b5efda04\"}\n>p1 move nuzzle\n>p2 move stealthrock\n>p1 move uturn\n>p2 switch 3\n>p1 switch 4\n>p1 move spikes\n>p2 move knockoff\n>p1 move toxic\n>p2 move bodyslam\n>p1 move recover\n>p2 move bodyslam\n>p1 switch 3\n>p2 move bodyslam\n>p1 move coil\n>p2 move knockoff\n>p1 move gunkshot\n>p2 switch 3\n>p1 move earthquake\n>p2 move ironhead\n>p1 move earthquake\n>p2 move ironhead\n>p1 move earthquake\n>p2 move ironhead\n>p1 switch 4\n>p1 move thunderbolt\n>p2 move ironhead\n>p2 switch 3\n>p1 move uturn\n>p2 move rest\n>p1 switch 5\n>p1 move swordsdance\n>p2 switch 4\n>p1 move knockoff\n>p2 move scald\n>p1 move leechlife\n>p2 switch 6\n>p1 move knockoff\n>p2 move dragonascent\n>p1 switch 5\n>p1 move thunderbolt\n>p2 switch 4\n>p1 move uturn\n>p2 move sleeptalk\n>p1 switch 2\n>p1 move earthquake\n>p2 move sleeptalk\n>p1 move spikes\n>p2 move rest\n>p1 switch 6\n>p2 move sleeptalk\n>p1 move swordsdance\n>p2 move sleeptalk\n>p1 move flareblitz\n>p2 move bodyslam\n>forcelose p1", "uploadtime": 1781447608, "views": 8, "formatid": "gen9randombattle", "rating": null, "private": 0, "password": null}