{"id": "gen9randombattle-2631872439", "format": "[Gen 9] Random Battle", "players": ["basidio", "metaltunder"], "log": "|j|\u2606basidio\n|j|\u2606metaltunder\n|t:|1781450518\n|gametype|singles\n|player|p1|basidio|266|2042\n|player|p2|metaltunder|palmer|2063\n|gen|9\n|tier|[Gen 9] Random Battle\n|rated|\n|rule|Species Clause: Limit one of each Pok\u00e9mon\n|rule|HP Percentage Mod: HP is shown in percentages\n|rule|Sleep Clause Mod: Limit one foe put to sleep\n|rule|Illusion Level Mod: Illusion disguises the Pok\u00e9mon's true level\n|\n|t:|1781450518\n|teamsize|p1|6\n|teamsize|p2|6\n|start\n|switch|p1a: Froslass|Froslass, L87, F|263/263\n|switch|p2a: Crabominable|Crabominable, L90, F|321/321\n|turn|1\n|inactive|Battle timer is ON: inactive players will automatically lose when time's up. (requested by basidio)\n|inactive|metaltunder has 120 seconds left.\n|inactive|metaltunder has 90 seconds left.\n|inactive|metaltunder has 60 seconds left.\n|\n|t:|1781450640\n|move|p1a: Froslass|Will-O-Wisp|p2a: Crabominable\n|-status|p2a: Crabominable|brn\n|move|p2a: Crabominable|Knock Off|p1a: Froslass\n|-supereffective|p1a: Froslass\n|-damage|p1a: Froslass|145/263\n|-enditem|p1a: Froslass|Wide Lens|[from] move: Knock Off|[of] p2a: Crabominable\n|\n|-damage|p2a: Crabominable|301/321 brn|[from] brn\n|upkeep\n|turn|2\n|\n|t:|1781450658\n|move|p1a: Froslass|Poltergeist|p2a: Crabominable\n|-activate|p2a: Crabominable|move: Poltergeist|Assault Vest\n|-damage|p2a: Crabominable|192/321 brn\n|move|p2a: Crabominable|Knock Off|p1a: Froslass\n|-supereffective|p1a: Froslass\n|-damage|p1a: Froslass|60/263\n|-start|p2a: Crabominable|Disable|Knock Off|[from] ability: Cursed Body|[of] p1a: Froslass\n|\n|-damage|p2a: Crabominable|172/321 brn|[from] brn\n|upkeep\n|turn|3\n|\n|t:|1781450667\n|move|p1a: Froslass|Poltergeist|p2a: Crabominable\n|-activate|p2a: Crabominable|move: Poltergeist|Assault Vest\n|-damage|p2a: Crabominable|60/321 brn\n|move|p2a: Crabominable|Earthquake|p1a: Froslass\n|-damage|p1a: Froslass|0 fnt\n|faint|p1a: Froslass\n|\n|-damage|p2a: Crabominable|40/321 brn|[from] brn\n|upkeep\n|inactive|basidio has 120 seconds left.\n|\n|t:|1781450693\n|switch|p1a: Masquerain|Masquerain, L87, F|264/264\n|-ability|p1a: Masquerain|Intimidate|boost\n|-unboost|p2a: Crabominable|atk|1\n|turn|4\n|\n|t:|1781450700\n|move|p1a: Masquerain|Sticky Web|p2a: Crabominable\n|-sidestart|p2: metaltunder|move: Sticky Web\n|move|p2a: Crabominable|Ice Hammer|p1a: Masquerain\n|-supereffective|p1a: Masquerain\n|-damage|p1a: Masquerain|120/264\n|-unboost|p2a: Crabominable|spe|1\n|\n|-damage|p2a: Crabominable|20/321 brn|[from] brn\n|upkeep\n|turn|5\n|\n|t:|1781450706\n|move|p1a: Masquerain|U-turn|p2a: Crabominable\n|-resisted|p2a: Crabominable\n|-damage|p2a: Crabominable|0 fnt\n|faint|p2a: Crabominable\n|\n|t:|1781450711\n|switch|p1a: Tentacruel|Tentacruel, L84, F|272/272|[from] U-turn\n|\n|upkeep\n|\n|t:|1781450722\n|switch|p2a: Sandaconda|Sandaconda, L84, M|258/258\n|-activate|p2a: Sandaconda|move: Sticky Web\n|-unboost|p2a: Sandaconda|spe|1\n|turn|6\n|\n|t:|1781450735\n|move|p1a: Tentacruel|Surf|p2a: Sandaconda\n|-supereffective|p2a: Sandaconda\n|-damage|p2a: Sandaconda|76/258\n|move|p2a: Sandaconda|Coil|p2a: Sandaconda\n|-boost|p2a: Sandaconda|atk|1\n|-boost|p2a: Sandaconda|def|1\n|-boost|p2a: Sandaconda|accuracy|1\n|\n|upkeep\n|turn|7\n|\n|t:|1781450741\n|switch|p2a: Cacturne|Cacturne, L92, M|278/278\n|-activate|p2a: Cacturne|move: Sticky Web\n|-unboost|p2a: Cacturne|spe|1\n|move|p1a: Tentacruel|Surf|p2a: Cacturne\n|-immune|p2a: Cacturne|[from] ability: Water Absorb\n|\n|upkeep\n|turn|8\n|\n|t:|1781450764\n|move|p1a: Tentacruel|Sludge Bomb|p2a: Cacturne\n|-supereffective|p2a: Cacturne\n|-damage|p2a: Cacturne|78/278\n|move|p2a: Cacturne|Leaf Storm|p1a: Tentacruel\n|-damage|p1a: Tentacruel|139/272\n|-unboost|p2a: Cacturne|spa|2\n|-damage|p2a: Cacturne|51/278|[from] item: Life Orb\n|\n|upkeep\n|turn|9\n|\n|t:|1781450768\n|move|p2a: Cacturne|Sucker Punch|p1a: Tentacruel\n|-damage|p1a: Tentacruel|0 fnt\n|faint|p1a: Tentacruel\n|-damage|p2a: Cacturne|24/278|[from] item: Life Orb\n|\n|upkeep\n|\n|t:|1781450776\n|switch|p1a: Masquerain|Masquerain, L87, F|120/264\n|-ability|p1a: Masquerain|Intimidate|boost\n|-unboost|p2a: Cacturne|atk|1\n|turn|10\n|\n|t:|1781450804\n|move|p2a: Cacturne|Sucker Punch|p1a: Masquerain\n|-damage|p1a: Masquerain|17/264\n|-damage|p2a: Cacturne|0 fnt|[from] item: Life Orb\n|faint|p2a: Cacturne\n|move|p1a: Masquerain|U-turn|p2: Cacturne|[notarget]\n|-fail|p1a: Masquerain\n|\n|upkeep\n|\n|t:|1781450807\n|switch|p2a: Sudowoodo|Sudowoodo, L94, F|284/284\n|-activate|p2a: Sudowoodo|move: Sticky Web\n|-unboost|p2a: Sudowoodo|spe|1\n|turn|11\n|\n|t:|1781450812\n|move|p1a: Masquerain|Hydro Pump|p2a: Sudowoodo\n|-supereffective|p2a: Sudowoodo\n|-damage|p2a: Sudowoodo|108/284\n|move|p2a: Sudowoodo|Stealth Rock|p1a: Masquerain\n|-sidestart|p1: basidio|move: Stealth Rock\n|\n|-heal|p2a: Sudowoodo|125/284|[from] item: Leftovers\n|upkeep\n|turn|12\n|\n|t:|1781450823\n|move|p1a: Masquerain|Hydro Pump|p2a: Sudowoodo\n|-supereffective|p2a: Sudowoodo\n|-damage|p2a: Sudowoodo|0 fnt\n|faint|p2a: Sudowoodo\n|\n|upkeep\n|\n|t:|1781450827\n|switch|p2a: Ninetales|Ninetales, L85, M|263/263\n|-weather|SunnyDay|[from] ability: Drought|[of] p2a: Ninetales\n|turn|13\n|\n|t:|1781450841\n|move|p2a: Ninetales|Nasty Plot|p2a: Ninetales\n|-boost|p2a: Ninetales|spa|2\n|move|p1a: Masquerain|Hydro Pump|p2a: Ninetales\n|-supereffective|p2a: Ninetales\n|-damage|p2a: Ninetales|189/263\n|\n|-weather|SunnyDay|[upkeep]\n|upkeep\n|turn|14\n|\n|t:|1781450852\n|move|p2a: Ninetales|Solar Beam||[still]\n|-prepare|p2a: Ninetales|Solar Beam\n|-anim|p2a: Ninetales|Solar Beam|p1a: Masquerain\n|-resisted|p1a: Masquerain\n|-damage|p1a: Masquerain|0 fnt\n|faint|p1a: Masquerain\n|\n|-weather|SunnyDay|[upkeep]\n|upkeep\n|\n|t:|1781450876\n|switch|p1a: Cinccino|Cinccino, L83, F|260/260\n|-damage|p1a: Cinccino|228/260|[from] Stealth Rock\n|turn|15\n|\n|t:|1781450899\n|move|p1a: Cinccino|Tail Slap|p2a: Ninetales\n|-damage|p2a: Ninetales|147/263\n|-damage|p2a: Ninetales|104/263\n|-damage|p2a: Ninetales|61/263\n|-damage|p2a: Ninetales|21/263\n|-hitcount|p2a: Ninetales|4\n|move|p2a: Ninetales|Fire Blast|p1a: Cinccino\n|-damage|p1a: Cinccino|0 fnt\n|faint|p1a: Cinccino\n|\n|-weather|SunnyDay|[upkeep]\n|upkeep\n|\n|t:|1781450909\n|switch|p1a: Krookodile|Krookodile, L79, F|280/280\n|-damage|p1a: Krookodile|263/280|[from] Stealth Rock\n|-ability|p1a: Krookodile|Intimidate|boost\n|-unboost|p2a: Ninetales|atk|1\n|turn|16\n|\n|t:|1781450913\n|move|p2a: Ninetales|Solar Beam||[still]\n|-prepare|p2a: Ninetales|Solar Beam\n|-anim|p2a: Ninetales|Solar Beam|p1a: Krookodile\n|-supereffective|p1a: Krookodile\n|-damage|p1a: Krookodile|0 fnt\n|faint|p1a: Krookodile\n|\n|-weather|SunnyDay|[upkeep]\n|upkeep\n|\n|t:|1781450920\n|switch|p1a: Gogoat|Gogoat, L88, M|360/360\n|-damage|p1a: Gogoat|315/360|[from] Stealth Rock\n|turn|17\n|\n|t:|1781450928\n|-terastallize|p1a: Gogoat|Ground\n|move|p2a: Ninetales|Fire Blast|p1a: Gogoat\n|-damage|p1a: Gogoat|0 fnt\n|faint|p1a: Gogoat\n|\n|win|metaltunder\n", "inputlog": ">version a8376a258c1d4662feba110a92103f3664a72141\n>start {\"formatid\":\"gen9randombattle\",\"seed\":\"sodium,f6fe1783737a601bd8661dd3e4d74472\",\"rated\":\"Rated battle\"}\n>player p1 {\"name\":\"basidio\",\"avatar\":\"266\",\"rating\":2042,\"seed\":\"sodium,085858a6ffc632b7de23ed19f86152e3\"}\n>player p2 {\"name\":\"metaltunder\",\"avatar\":\"palmer\",\"rating\":2063,\"seed\":\"sodium,52ab1ffb04ba93b5a1beae2f06952724\"}\n>p1 move willowisp\n>p2 move knockoff\n>p1 move poltergeist\n>p2 move knockoff\n>p1 move poltergeist\n>p2 move earthquake\n>p1 switch 5\n>p1 move stickyweb\n>p2 move icehammer\n>p1 move uturn\n>p2 move icehammer\n>p1 switch 3\n>p2 switch 4\n>p1 move surf\n>p2 move coil\n>p1 move surf\n>p2 switch 3\n>p1 move sludgebomb\n>p2 move leafstorm\n>p1 move sludgebomb\n>p2 move suckerpunch\n>p1 switch 3\n>p1 move uturn\n>p2 move suckerpunch\n>p2 switch 6\n>p1 move hydropump\n>p2 move stealthrock\n>p1 move hydropump\n>p2 move headsmash\n>p2 switch 5\n>p1 move hydropump\n>p2 move nastyplot\n>p1 move hydropump\n>p2 move solarbeam\n>p1 switch 4\n>p1 move tailslap\n>p2 move fireblast\n>p1 switch 2\n>p1 move knockoff\n>p2 move solarbeam\n>p1 switch 6\n>p1 move milkdrink terastallize\n>p2 move fireblast", "uploadtime": 1781450520, "views": 5, "formatid": "gen9randombattle", "rating": null, "private": 0, "password": null}