{"id": "gen9randombattle-2631716489", "format": "[Gen 9] Random Battle", "players": ["demoivrestheorem", "Davide070701"], "log": "|j|\u2606demoivrestheorem\n|j|\u2606Davide070701\n|t:|1781427502\n|gametype|singles\n|player|p1|demoivrestheorem|richboy|1939\n|player|p2|Davide070701|170|2000\n|gen|9\n|tier|[Gen 9] Random Battle\n|rated|\n|rule|Species Clause: Limit one of each Pok\u00e9mon\n|rule|HP Percentage Mod: HP is shown in percentages\n|rule|Sleep Clause Mod: Limit one foe put to sleep\n|rule|Illusion Level Mod: Illusion disguises the Pok\u00e9mon's true level\n|\n|t:|1781427502\n|teamsize|p1|6\n|teamsize|p2|6\n|start\n|switch|p1a: Espathra|Espathra, L80, F|283/283\n|switch|p2a: Roaring Moon|Roaring Moon, L72|270/270\n|turn|1\n|inactive|Battle timer is ON: inactive players will automatically lose when time's up. (requested by Davide070701)\n|inactive|demoivrestheorem has 120 seconds left.\n|inactive|demoivrestheorem has 90 seconds left.\n|\n|t:|1781427569\n|-end|p2a: Roaring Moon|Protosynthesis|[silent]\n|switch|p2a: Scyther|Scyther, L82, M|249/249\n|move|p1a: Espathra|Dazzling Gleam|p2a: Scyther\n|-crit|p2a: Scyther\n|-damage|p2a: Scyther|157/249\n|\n|-ability|p1a: Espathra|Speed Boost|boost\n|-boost|p1a: Espathra|spe|1\n|upkeep\n|turn|2\n|\n|t:|1781427577\n|switch|p1a: Iron Treads|Iron Treads, L77|265/265\n|move|p2a: Scyther|Bug Bite|p1a: Iron Treads\n|-resisted|p1a: Iron Treads\n|-damage|p1a: Iron Treads|220/265\n|\n|-heal|p1a: Iron Treads|236/265|[from] item: Leftovers\n|upkeep\n|turn|3\n|\n|t:|1781427583\n|move|p2a: Scyther|Close Combat|p1a: Iron Treads\n|-supereffective|p1a: Iron Treads\n|-damage|p1a: Iron Treads|76/265\n|-unboost|p2a: Scyther|def|1\n|-unboost|p2a: Scyther|spd|1\n|move|p1a: Iron Treads|Stealth Rock|p2a: Scyther\n|-sidestart|p2: Davide070701|move: Stealth Rock\n|\n|-heal|p1a: Iron Treads|92/265|[from] item: Leftovers\n|upkeep\n|turn|4\n|\n|t:|1781427591\n|-end|p1a: Iron Treads|Quark Drive|[silent]\n|switch|p1a: Regirock|Regirock, L83|268/268\n|move|p2a: Scyther|Close Combat|p1a: Regirock\n|-supereffective|p1a: Regirock\n|-damage|p1a: Regirock|174/268\n|-unboost|p2a: Scyther|def|1\n|-unboost|p2a: Scyther|spd|1\n|\n|-heal|p1a: Regirock|190/268|[from] item: Leftovers\n|upkeep\n|turn|5\n|\n|t:|1781427596\n|switch|p2a: Garganacl|Garganacl, L80, F|291/291\n|-damage|p2a: Garganacl|255/291|[from] Stealth Rock\n|move|p1a: Regirock|Thunder Wave|p2a: Garganacl|[miss]\n|-miss|p1a: Regirock|p2a: Garganacl\n|\n|-heal|p1a: Regirock|206/268|[from] item: Leftovers\n|-heal|p2a: Garganacl|273/291|[from] item: Leftovers\n|upkeep\n|turn|6\n|\n|t:|1781427601\n|move|p1a: Regirock|Iron Defense|p1a: Regirock\n|-boost|p1a: Regirock|def|2\n|move|p2a: Garganacl|Iron Defense|p2a: Garganacl\n|-boost|p2a: Garganacl|def|2\n|\n|-heal|p1a: Regirock|222/268|[from] item: Leftovers\n|-heal|p2a: Garganacl|291/291|[from] item: Leftovers\n|upkeep\n|turn|7\n|\n|t:|1781427614\n|-terastallize|p2a: Garganacl|Ghost\n|move|p1a: Regirock|Body Press|p2a: Garganacl\n|-immune|p2a: Garganacl\n|move|p2a: Garganacl|Iron Defense|p2a: Garganacl\n|-boost|p2a: Garganacl|def|2\n|\n|-heal|p1a: Regirock|238/268|[from] item: Leftovers\n|upkeep\n|turn|8\n|\n|t:|1781427630\n|switch|p1a: Iron Treads|Iron Treads, L77|92/265\n|move|p2a: Garganacl|Body Press|p1a: Iron Treads\n|-supereffective|p1a: Iron Treads\n|-damage|p1a: Iron Treads|0 fnt\n|faint|p1a: Iron Treads\n|-end|p1a: Iron Treads|Quark Drive|[silent]\n|\n|upkeep\n|\n|t:|1781427638\n|switch|p1a: Clawitzer|Clawitzer, L87, F|265/265\n|turn|9\n|\n|t:|1781427648\n|move|p1a: Clawitzer|Water Pulse|p2a: Garganacl\n|-crit|p2a: Garganacl\n|-damage|p2a: Garganacl|15/291\n|-start|p2a: Garganacl|confusion\n|-activate|p2a: Garganacl|confusion\n|move|p2a: Garganacl|Body Press|p1a: Clawitzer\n|-damage|p1a: Clawitzer|80/265\n|\n|-heal|p2a: Garganacl|33/291|[from] item: Leftovers\n|upkeep\n|turn|10\n|\n|t:|1781427660\n|move|p1a: Clawitzer|Water Pulse|p2a: Garganacl\n|-damage|p2a: Garganacl|0 fnt\n|faint|p2a: Garganacl\n|\n|upkeep\n|\n|t:|1781427662\n|switch|p2a: Gliscor|Gliscor, L76, F|239/239\n|-damage|p2a: Gliscor|210/239|[from] Stealth Rock\n|turn|11\n|\n|t:|1781427667\n|move|p2a: Gliscor|Substitute|p2a: Gliscor\n|-start|p2a: Gliscor|Substitute\n|-damage|p2a: Gliscor|151/239\n|move|p1a: Clawitzer|Water Pulse|p2a: Gliscor\n|-supereffective|p2a: Gliscor\n|-end|p2a: Gliscor|Substitute\n|\n|-status|p2a: Gliscor|tox|[from] item: Toxic Orb\n|upkeep\n|turn|12\n|\n|t:|1781427670\n|move|p2a: Gliscor|Earthquake|p1a: Clawitzer\n|-damage|p1a: Clawitzer|0 fnt\n|faint|p1a: Clawitzer\n|\n|-heal|p2a: Gliscor|180/239 tox|[from] ability: Poison Heal\n|upkeep\n|\n|t:|1781427678\n|switch|p1a: Sceptile|Sceptile, L87, M|264/264\n|turn|13\n|\n|t:|1781427684\n|move|p1a: Sceptile|Shed Tail|p1a: Sceptile\n|-start|p1a: Sceptile|Substitute|[from] move: Shed Tail\n|-damage|p1a: Sceptile|132/264\n|\n|t:|1781427687\n|switch|p1a: Espathra|Espathra, L80, F|283/283|[from] Shed Tail\n|move|p2a: Gliscor|Substitute|p2a: Gliscor\n|-start|p2a: Gliscor|Substitute\n|-damage|p2a: Gliscor|121/239 tox\n|\n|-heal|p2a: Gliscor|150/239 tox|[from] ability: Poison Heal\n|upkeep\n|turn|14\n|\n|t:|1781427694\n|move|p1a: Espathra|Calm Mind|p1a: Espathra\n|-boost|p1a: Espathra|spa|1\n|-boost|p1a: Espathra|spd|1\n|move|p2a: Gliscor|Earthquake|p1a: Espathra\n|-end|p1a: Espathra|Substitute\n|\n|-heal|p2a: Gliscor|179/239 tox|[from] ability: Poison Heal\n|-ability|p1a: Espathra|Speed Boost|boost\n|-boost|p1a: Espathra|spe|1\n|upkeep\n|turn|15\n|\n|t:|1781427702\n|move|p1a: Espathra|Stored Power|p2a: Gliscor\n|-end|p2a: Gliscor|Substitute\n|move|p2a: Gliscor|Toxic|p1a: Espathra\n|-status|p1a: Espathra|tox\n|\n|-damage|p1a: Espathra|266/283 tox|[from] psn\n|-heal|p2a: Gliscor|208/239 tox|[from] ability: Poison Heal\n|-ability|p1a: Espathra|Speed Boost|boost\n|-boost|p1a: Espathra|spe|1\n|upkeep\n|turn|16\n|\n|t:|1781427708\n|move|p1a: Espathra|Stored Power|p2a: Gliscor\n|-damage|p2a: Gliscor|13/239 tox\n|move|p2a: Gliscor|Substitute|p2a: Gliscor\n|-fail|p2a: Gliscor|move: Substitute|[weak]\n|\n|-heal|p1a: Espathra|283/283 tox|[from] item: Leftovers\n|-damage|p1a: Espathra|249/283 tox|[from] psn\n|-heal|p2a: Gliscor|42/239 tox|[from] ability: Poison Heal\n|-ability|p1a: Espathra|Speed Boost|boost\n|-boost|p1a: Espathra|spe|1\n|upkeep\n|turn|17\n|\n|t:|1781427712\n|move|p2a: Gliscor|Protect|p2a: Gliscor\n|-singleturn|p2a: Gliscor|Protect\n|move|p1a: Espathra|Calm Mind|p1a: Espathra\n|-boost|p1a: Espathra|spa|1\n|-boost|p1a: Espathra|spd|1\n|\n|-heal|p1a: Espathra|266/283 tox|[from] item: Leftovers\n|-damage|p1a: Espathra|215/283 tox|[from] psn\n|-heal|p2a: Gliscor|71/239 tox|[from] ability: Poison Heal\n|-ability|p1a: Espathra|Speed Boost|boost\n|-boost|p1a: Espathra|spe|1\n|upkeep\n|turn|18\n|\n|t:|1781427715\n|move|p2a: Gliscor|Protect||[still]\n|-fail|p2a: Gliscor\n|move|p1a: Espathra|Dazzling Gleam|p2a: Gliscor\n|-damage|p2a: Gliscor|0 fnt\n|faint|p2a: Gliscor\n|\n|-heal|p1a: Espathra|232/283 tox|[from] item: Leftovers\n|-damage|p1a: Espathra|164/283 tox|[from] psn\n|-ability|p1a: Espathra|Speed Boost|boost\n|-boost|p1a: Espathra|spe|1\n|upkeep\n|\n|t:|1781427718\n|switch|p2a: Scyther|Scyther, L82, M|157/249\n|turn|19\n|\n|t:|1781427720\n|switch|p2a: Roaring Moon|Roaring Moon, L72|270/270\n|-damage|p2a: Roaring Moon|237/270|[from] Stealth Rock\n|move|p1a: Espathra|Dazzling Gleam|p2a: Roaring Moon\n|-supereffective|p2a: Roaring Moon\n|-damage|p2a: Roaring Moon|0 fnt\n|faint|p2a: Roaring Moon\n|-end|p2a: Roaring Moon|Protosynthesis|[silent]\n|\n|-heal|p1a: Espathra|181/283 tox|[from] item: Leftovers\n|-damage|p1a: Espathra|96/283 tox|[from] psn\n|-ability|p1a: Espathra|Speed Boost|boost\n|-boost|p1a: Espathra|spe|1\n|upkeep\n|\n|t:|1781427726\n|switch|p2a: Scyther|Scyther, L82, M|157/249\n|turn|20\n|\n|t:|1781427729\n|move|p1a: Espathra|Stored Power|p2a: Scyther\n|-damage|p2a: Scyther|0 fnt\n|faint|p2a: Scyther\n|\n|-heal|p1a: Espathra|113/283 tox|[from] item: Leftovers\n|-damage|p1a: Espathra|11/283 tox|[from] psn\n|upkeep\n|\n|t:|1781427734\n|switch|p2a: Froslass|Froslass, L87, F|263/263\n|-damage|p2a: Froslass|198/263|[from] Stealth Rock\n|turn|21\n|\n|t:|1781427737\n|move|p1a: Espathra|Stored Power|p2a: Froslass\n|-damage|p2a: Froslass|0 fnt\n|faint|p2a: Froslass\n|\n|-heal|p1a: Espathra|28/283 tox|[from] item: Leftovers\n|-damage|p1a: Espathra|0 fnt|[from] psn\n|faint|p1a: Espathra\n|upkeep\n|\n|t:|1781427742\n|switch|p2a: Plusle|Plusle, L95, M|268/268\n|switch|p1a: Floatzel|Floatzel, L86, M|286/286\n|-damage|p2a: Plusle|235/268|[from] Stealth Rock\n|turn|22\n|-message|Davide070701 forfeited.\n|\n|win|demoivrestheorem\n|raw|demoivrestheorem's rating: 1939 &rarr; <strong>1962</strong><br />(+23 for winning)\n|raw|Davide070701's rating: 2000 &rarr; <strong>1977</strong><br />(-23 for losing)\n", "inputlog": ">version a8376a258c1d4662feba110a92103f3664a72141\n>start {\"formatid\":\"gen9randombattle\",\"seed\":\"sodium,dcbbbdaca53d97f9b9fea97a4be94cd7\",\"rated\":\"Rated battle\"}\n>player p1 {\"name\":\"demoivrestheorem\",\"avatar\":\"richboy\",\"rating\":1939,\"seed\":\"sodium,6bb3e10f8f50006c0e34bc5f5e135503\"}\n>player p2 {\"name\":\"Davide070701\",\"avatar\":\"170\",\"rating\":2000,\"seed\":\"sodium,8f0036c297edbabdc796f2f871f05451\"}\n>p1 move dazzlinggleam\n>p2 switch 2\n>p1 switch 4\n>p2 move bugbite\n>p1 move stealthrock\n>p2 move closecombat\n>p1 switch 2\n>p2 move closecombat\n>p1 move thunderwave\n>p2 switch 5\n>p1 move irondefense\n>p2 move irondefense\n>p1 move bodypress\n>p2 move irondefense terastallize\n>p1 switch 2\n>p2 move bodypress\n>p1 switch 5\n>p1 move waterpulse\n>p2 move bodypress\n>p1 move waterpulse\n>p2 move bodypress\n>p2 switch 4\n>p1 move waterpulse\n>p2 move substitute\n>p1 move waterpulse\n>p2 move earthquake\n>p1 switch 6\n>p1 move shedtail\n>p2 move substitute\n>p1 switch 4\n>p1 move calmmind\n>p2 move earthquake\n>p1 move storedpower\n>p2 move toxic\n>p1 move storedpower\n>p2 move substitute\n>p1 move calmmind\n>p2 move protect\n>p1 move dazzlinggleam\n>p2 move protect\n>p2 switch 5\n>p1 move dazzlinggleam\n>p2 switch 2\n>p2 switch 2\n>p1 move storedpower\n>p2 move bugbite\n>p2 switch 6\n>p1 move storedpower\n>p2 move destinybond\n>p1 switch 3\n>p2 switch 3\n>forcelose p2", "uploadtime": 1781427505, "views": 5, "formatid": "gen9randombattle", "rating": 1962, "private": 0, "password": null}