{"id": "gen9randombattle-2631753979", "format": "[Gen 9] Random Battle", "players": ["Dizay976", "repains"], "log": "|j|\u2606Dizay976\n|j|\u2606repains\n|t:|1781434217\n|gametype|singles\n|player|p1|Dizay976|sabrina-masters|2299\n|player|p2|repains|benga|2136\n|gen|9\n|tier|[Gen 9] Random Battle\n|rated|\n|rule|Species Clause: Limit one of each Pok\u00e9mon\n|rule|HP Percentage Mod: HP is shown in percentages\n|rule|Sleep Clause Mod: Limit one foe put to sleep\n|rule|Illusion Level Mod: Illusion disguises the Pok\u00e9mon's true level\n|\n|t:|1781434217\n|teamsize|p1|6\n|teamsize|p2|6\n|start\n|switch|p1a: Iron Moth|Iron Moth, L78|253/253\n|switch|p2a: Poliwrath|Poliwrath, L88, F|302/302\n|turn|1\n|inactive|Battle timer is ON: inactive players will automatically lose when time's up. (requested by repains)\n|\n|t:|1781434243\n|-end|p1a: Iron Moth|Quark Drive|[silent]\n|switch|p1a: Palkia|Palkia, L75|259/259\n|-ability|p1a: Palkia|Pressure\n|move|p2a: Poliwrath|Liquidation|p1a: Palkia\n|-resisted|p1a: Palkia\n|-damage|p1a: Palkia|236/259\n|\n|upkeep\n|turn|2\n|\n|t:|1781434260\n|switch|p2a: Zebstrika|Zebstrika, L87, F|272/272\n|move|p1a: Palkia|Thunder Wave|p2a: Zebstrika|[miss]\n|-miss|p1a: Palkia|p2a: Zebstrika\n|\n|upkeep\n|turn|3\n|\n|t:|1781434278\n|switch|p1a: Excadrill|Excadrill, L79, M|303/303\n|-ability|p1a: Excadrill|Mold Breaker\n|move|p2a: Zebstrika|Volt Switch|p1a: Excadrill\n|-immune|p1a: Excadrill\n|\n|upkeep\n|turn|4\n|inactive|repains has 120 seconds left.\n|\n|t:|1781434312\n|switch|p2a: Drifblim|Drifblim, L86, F|398/398\n|switch|p1a: Palkia|Palkia, L75|236/259\n|-ability|p1a: Palkia|Pressure\n|\n|upkeep\n|turn|5\n|\n|t:|1781434326\n|move|p1a: Palkia|Spacial Rend|p2a: Drifblim\n|-crit|p2a: Drifblim\n|-damage|p2a: Drifblim|106/398\n|move|p2a: Drifblim|Shadow Ball|p1a: Palkia\n|-crit|p1a: Palkia\n|-damage|p1a: Palkia|133/259\n|-unboost|p1a: Palkia|spd|1\n|\n|upkeep\n|turn|6\n|\n|t:|1781434349\n|move|p1a: Palkia|Spacial Rend|p2a: Drifblim\n|-damage|p2a: Drifblim|0 fnt\n|faint|p2a: Drifblim\n|\n|upkeep\n|\n|t:|1781434360\n|switch|p2a: Eternatus|Eternatus, L69|308/308\n|-ability|p2a: Eternatus|Pressure\n|turn|7\n|\n|t:|1781434371\n|switch|p1a: Excadrill|Excadrill, L79, M|303/303\n|-ability|p1a: Excadrill|Mold Breaker\n|move|p2a: Eternatus|Meteor Beam||[still]\n|-prepare|p2a: Eternatus|Meteor Beam\n|-boost|p2a: Eternatus|spa|1\n|-enditem|p2a: Eternatus|Power Herb\n|-anim|p2a: Eternatus|Meteor Beam|p1a: Excadrill|[miss]\n|-miss|p2a: Eternatus|p1a: Excadrill\n|\n|upkeep\n|turn|8\n|\n|t:|1781434387\n|-terastallize|p1a: Excadrill|Water\n|move|p2a: Eternatus|Fire Blast|p1a: Excadrill\n|-resisted|p1a: Excadrill\n|-damage|p1a: Excadrill|230/303\n|move|p1a: Excadrill|Earthquake|p2a: Eternatus\n|-supereffective|p2a: Eternatus\n|-damage|p2a: Eternatus|36/308\n|\n|-heal|p1a: Excadrill|248/303|[from] item: Leftovers\n|upkeep\n|turn|9\n|inactive|repains has 90 seconds left.\n|\n|t:|1781434420\n|move|p2a: Eternatus|Dynamax Cannon|p1a: Excadrill\n|-damage|p1a: Excadrill|56/303\n|move|p1a: Excadrill|Rapid Spin|p2a: Eternatus\n|-crit|p2a: Eternatus\n|-damage|p2a: Eternatus|0 fnt\n|-boost|p1a: Excadrill|spe|1\n|faint|p2a: Eternatus\n|\n|-heal|p1a: Excadrill|74/303|[from] item: Leftovers\n|upkeep\n|inactive|repains has 60 seconds left.\n|l|\u2606repains\n|inactive|repains disconnected and has a minute to reconnect!\n|player|p2|\n|j|\u2606repains\n|inactive|repains reconnected and has 50 seconds left.\n|player|p2|repains|benga|\n|\n|t:|1781434457\n|switch|p2a: Poliwrath|Poliwrath, L88, F|302/302\n|turn|10\n|\n|t:|1781434466\n|move|p1a: Excadrill|Earthquake|p2a: Poliwrath\n|-damage|p2a: Poliwrath|188/302\n|move|p2a: Poliwrath|Bulk Up|p2a: Poliwrath\n|-boost|p2a: Poliwrath|atk|1\n|-boost|p2a: Poliwrath|def|1\n|\n|-heal|p1a: Excadrill|92/303|[from] item: Leftovers\n|-heal|p2a: Poliwrath|206/302|[from] item: Leftovers\n|upkeep\n|turn|11\n|\n|t:|1781434480\n|move|p1a: Excadrill|Earthquake|p2a: Poliwrath\n|-damage|p2a: Poliwrath|130/302\n|move|p2a: Poliwrath|Drain Punch|p1a: Excadrill\n|-damage|p1a: Excadrill|0 fnt\n|-heal|p2a: Poliwrath|176/302|[from] drain|[of] p1a: Excadrill\n|faint|p1a: Excadrill\n|\n|-heal|p2a: Poliwrath|194/302|[from] item: Leftovers\n|upkeep\n|\n|t:|1781434494\n|switch|p1a: Palkia|Palkia, L75|133/259\n|-ability|p1a: Palkia|Pressure\n|turn|12\n|inactive|repains has 60 seconds left.\n|l|\u2606Dizay976\n|inactive|Dizay976 disconnected and has a minute to reconnect!\n|player|p1|\n|\n|t:|1781434520\n|move|p1a: Palkia|Spacial Rend|p2a: Poliwrath\n|-damage|p2a: Poliwrath|44/302\n|move|p2a: Poliwrath|Drain Punch|p1a: Palkia\n|-damage|p1a: Palkia|1/259\n|-heal|p2a: Poliwrath|110/302|[from] drain|[of] p1a: Palkia\n|\n|-heal|p2a: Poliwrath|128/302|[from] item: Leftovers\n|upkeep\n|turn|13\n|j|\u2606Dizay976\n|inactive|Dizay976 reconnected and has 145 seconds left.\n|player|p1|Dizay976|sabrina-masters|\n|\n|t:|1781434544\n|move|p1a: Palkia|Spacial Rend|p2a: Poliwrath\n|-damage|p2a: Poliwrath|0 fnt\n|faint|p2a: Poliwrath\n|\n|upkeep\n|\n|t:|1781434553\n|switch|p2a: Zebstrika|Zebstrika, L87, F|272/272\n|turn|14\n|\n|t:|1781434571\n|move|p2a: Zebstrika|Supercell Slam|p1a: Palkia\n|-damage|p1a: Palkia|0 fnt\n|faint|p1a: Palkia\n|-damage|p2a: Zebstrika|245/272|[from] item: Life Orb\n|\n|upkeep\n|\n|t:|1781434574\n|switch|p1a: Conkeldurr|Conkeldurr, L80, F|299/299\n|turn|15\n|inactive|repains has 60 seconds left.\n|\n|t:|1781434594\n|move|p2a: Zebstrika|Supercell Slam|p1a: Conkeldurr\n|-damage|p1a: Conkeldurr|147/299\n|-damage|p2a: Zebstrika|218/272|[from] item: Life Orb\n|move|p1a: Conkeldurr|Close Combat|p2a: Zebstrika\n|-damage|p2a: Zebstrika|29/272\n|-unboost|p1a: Conkeldurr|def|1\n|-unboost|p1a: Conkeldurr|spd|1\n|\n|-status|p1a: Conkeldurr|brn|[from] item: Flame Orb\n|upkeep\n|turn|16\n|inactive|repains has 60 seconds left.\n|\n|t:|1781434625\n|move|p1a: Conkeldurr|Mach Punch|p2a: Zebstrika\n|-damage|p2a: Zebstrika|0 fnt\n|faint|p2a: Zebstrika\n|\n|-damage|p1a: Conkeldurr|129/299 brn|[from] brn\n|upkeep\n|\n|t:|1781434629\n|switch|p2a: Inteleon|Inteleon, L81, M|246/246\n|turn|17\n|\n|t:|1781434634\n|move|p1a: Conkeldurr|Mach Punch|p2a: Inteleon\n|-damage|p2a: Inteleon|135/246\n|move|p2a: Inteleon|Scald|p1a: Conkeldurr\n|-damage|p1a: Conkeldurr|0 fnt\n|faint|p1a: Conkeldurr\n|\n|upkeep\n|\n|t:|1781434641\n|switch|p1a: Ogerpon|Ogerpon-Cornerstone, L76, F|247/247\n|turn|18\n|inactive|repains has 30 seconds left.\n|\n|t:|1781434672\n|move|p2a: Inteleon|Scald|p1a: Ogerpon\n|-damage|p1a: Ogerpon|85/247\n|-status|p1a: Ogerpon|brn\n|move|p1a: Ogerpon|Horn Leech|p2a: Inteleon\n|-supereffective|p2a: Inteleon\n|-damage|p2a: Inteleon|6/246\n|-heal|p1a: Ogerpon|150/247 brn|[from] drain|[of] p2a: Inteleon\n|\n|-damage|p1a: Ogerpon|135/247 brn|[from] brn\n|upkeep\n|turn|19\n|\n|t:|1781434680\n|move|p2a: Inteleon|Scald|p1a: Ogerpon\n|-damage|p1a: Ogerpon|0 fnt\n|faint|p1a: Ogerpon\n|\n|upkeep\n|\n|t:|1781434683\n|switch|p1a: Latias|Latias, L79, F|256/256\n|turn|20\n|inactive|repains has 30 seconds left.\n|\n|t:|1781434707\n|move|p2a: Inteleon|Scald|p1a: Latias\n|-resisted|p1a: Latias\n|-damage|p1a: Latias|178/256\n|-status|p1a: Latias|brn\n|move|p1a: Latias|Calm Mind|p1a: Latias\n|-boost|p1a: Latias|spa|1\n|-boost|p1a: Latias|spd|1\n|\n|-damage|p1a: Latias|162/256 brn|[from] brn\n|upkeep\n|turn|21\n|\n|t:|1781434715\n|move|p2a: Inteleon|Scald|p1a: Latias\n|-resisted|p1a: Latias\n|-damage|p1a: Latias|110/256 brn\n|move|p1a: Latias|Recover|p1a: Latias\n|-heal|p1a: Latias|238/256 brn\n|\n|-damage|p1a: Latias|222/256 brn|[from] brn\n|upkeep\n|turn|22\n|\n|t:|1781434727\n|move|p2a: Inteleon|Scald|p1a: Latias\n|-resisted|p1a: Latias\n|-damage|p1a: Latias|162/256 brn\n|move|p1a: Latias|Calm Mind|p1a: Latias\n|-boost|p1a: Latias|spa|1\n|-boost|p1a: Latias|spd|1\n|\n|-damage|p1a: Latias|146/256 brn|[from] brn\n|upkeep\n|turn|23\n|\n|t:|1781434738\n|switch|p2a: Terrakion|Terrakion, L79|273/273\n|move|p1a: Latias|Recover|p1a: Latias\n|-heal|p1a: Latias|256/256 brn\n|\n|-damage|p1a: Latias|240/256 brn|[from] brn\n|upkeep\n|turn|24\n|inactive|repains has 30 seconds left.\n|inactive|repains has 20 seconds left.\n|\n|t:|1781434765\n|-terastallize|p2a: Terrakion|Ground\n|move|p1a: Latias|Draco Meteor|p2a: Terrakion\n|-damage|p2a: Terrakion|0 fnt\n|-unboost|p1a: Latias|spa|2\n|faint|p2a: Terrakion\n|\n|-damage|p1a: Latias|224/256 brn|[from] brn\n|upkeep\n|inactive|repains has 25 seconds left this turn.\n|inactive|repains has 20 seconds left.\n|\n|t:|1781434770\n|switch|p2a: Inteleon|Inteleon, L81, M|6/246\n|turn|25\n|inactive|repains has 30 seconds left this turn.\n|l|\u2606repains\n|inactive|repains disconnected and has a minute to reconnect!\n|player|p2|\n|inactive|repains has 20 seconds left.\n|inactive|repains has 15 seconds left.\n|inactive|repains has 10 seconds left.\n|inactive|repains has 5 seconds left.\n|-message|repains lost due to inactivity.\n|\n|win|Dizay976\n", "inputlog": ">version a8376a258c1d4662feba110a92103f3664a72141\n>start {\"formatid\":\"gen9randombattle\",\"seed\":\"sodium,4ca50a42e9035d087011391c652e1d2b\",\"rated\":\"Rated battle\"}\n>player p1 {\"name\":\"Dizay976\",\"avatar\":\"sabrina-masters\",\"rating\":2299,\"seed\":\"sodium,f1d0f5a1e6308cf9a4f15ba141a49a98\"}\n>player p2 {\"name\":\"repains\",\"avatar\":\"benga\",\"rating\":2136,\"seed\":\"sodium,3ffe11e3dc4fb3cbbc0a6c704255f54b\"}\n>p1 switch 5\n>p2 move liquidation\n>p1 move thunderwave\n>p2 switch 3\n>p1 switch 2\n>p2 move voltswitch\n>p1 switch 2\n>p2 switch 5\n>p1 move spacialrend\n>p2 move shadowball\n>p1 move spacialrend\n>p2 move strengthsap\n>p2 switch 6\n>p1 switch 2\n>p2 move meteorbeam\n>p1 move earthquake terastallize\n>p2 move fireblast\n>p1 move rapidspin\n>p2 move dynamaxcannon\n>p2 switch 3\n>p1 move earthquake\n>p2 move bulkup\n>p1 move earthquake\n>p2 move drainpunch\n>p1 switch 2\n>p1 move spacialrend\n>p2 move drainpunch\n>p1 move spacialrend\n>p2 move drainpunch\n>p2 switch 5\n>p1 move spacialrend\n>p2 move supercellslam\n>p1 switch 3\n>p1 move closecombat\n>p2 move supercellslam\n>p1 move machpunch\n>p2 move voltswitch\n>p2 switch 2\n>p1 move machpunch\n>p2 move scald\n>p1 switch 4\n>p1 move hornleech\n>p2 move scald\n>p1 move hornleech\n>p2 move scald\n>p1 switch 6\n>p1 move calmmind\n>p2 move scald\n>p1 move recover\n>p2 move scald\n>p1 move calmmind\n>p2 move scald\n>p1 move recover\n>p2 switch 4\n>p1 move dracometeor\n>p2 move stoneedge terastallize\n>p2 switch 4\n>forcelose p2", "uploadtime": 1781434219, "views": 4, "formatid": "gen9randombattle", "rating": null, "private": 0, "password": null}