{"id": "gen9randombattle-2631388197", "format": "[Gen 9] Random Battle", "players": ["qiuescent", "jimothy cool yt"], "log": "|badge|p2|silver|gen9randombattle|30-9\n|uhtml|medal-msg|<div class=\"broadcast-blue\">Curious what those medals under the avatar are? PS now has Ladder Seasons! For more information, check out the <a href=\"https://www.smogon.com/forums/threads/3740067/\">thread on Smogon.</a></div>\n|j|\u203dqiuescent\n|j|\u2606jimothy cool yt\n|t:|1781378739\n|gametype|singles\n|player|p1|qiuescent|265|2245\n|player|p2|jimothy cool yt|lucas|2421\n|gen|9\n|tier|[Gen 9] Random Battle\n|rated|\n|rule|Species Clause: Limit one of each Pok\u00e9mon\n|rule|HP Percentage Mod: HP is shown in percentages\n|rule|Sleep Clause Mod: Limit one foe put to sleep\n|rule|Illusion Level Mod: Illusion disguises the Pok\u00e9mon's true level\n|\n|t:|1781378739\n|teamsize|p1|6\n|teamsize|p2|6\n|start\n|switch|p1a: Sudowoodo|Sudowoodo, L94, M|284/284\n|switch|p2a: Solgaleo|Solgaleo, L74|325/325\n|turn|1\n|inactive|Battle timer is ON: inactive players will automatically lose when time's up. (requested by jimothy cool yt)\n|\n|t:|1781378750\n|move|p2a: Solgaleo|Knock Off|p1a: Sudowoodo\n|-damage|p1a: Sudowoodo|235/284\n|-enditem|p1a: Sudowoodo|Choice Band|[from] move: Knock Off|[of] p2a: Solgaleo\n|move|p1a: Sudowoodo|Earthquake|p2a: Solgaleo\n|-supereffective|p2a: Solgaleo\n|-damage|p2a: Solgaleo|151/325\n|\n|upkeep\n|turn|2\n|\n|t:|1781378764\n|switch|p2a: Keldeo|Keldeo-Resolute, L79|273/273\n|move|p1a: Sudowoodo|Earthquake|p2a: Keldeo\n|-damage|p2a: Keldeo|186/273\n|\n|-heal|p2a: Keldeo|203/273|[from] item: Leftovers\n|upkeep\n|turn|3\n|\n|t:|1781378779\n|switch|p1a: Araquanid|Araquanid, L82, M|246/246\n|move|p2a: Keldeo|Substitute|p2a: Keldeo\n|-start|p2a: Keldeo|Substitute\n|-damage|p2a: Keldeo|135/273\n|\n|-heal|p2a: Keldeo|152/273|[from] item: Leftovers\n|upkeep\n|turn|4\n|inactive|qiuescent has 120 seconds left.\n|\n|t:|1781378828\n|switch|p1a: Chimecho|Chimecho, L93, M|290/290\n|move|p2a: Keldeo|Calm Mind|p2a: Keldeo\n|-boost|p2a: Keldeo|spa|1\n|-boost|p2a: Keldeo|spd|1\n|\n|-heal|p2a: Keldeo|169/273|[from] item: Leftovers\n|upkeep\n|turn|5\n|inactive|jimothy cool yt has 120 seconds left.\n|\n|t:|1781378853\n|move|p2a: Keldeo|Calm Mind|p2a: Keldeo\n|-boost|p2a: Keldeo|spa|1\n|-boost|p2a: Keldeo|spd|1\n|move|p1a: Chimecho|Calm Mind|p1a: Chimecho\n|-boost|p1a: Chimecho|spa|1\n|-boost|p1a: Chimecho|spd|1\n|\n|-heal|p2a: Keldeo|186/273|[from] item: Leftovers\n|upkeep\n|turn|6\n|inactive|jimothy cool yt has 120 seconds left.\n|\n|t:|1781378868\n|-terastallize|p2a: Keldeo|Steel\n|move|p2a: Keldeo|Calm Mind|p2a: Keldeo\n|-boost|p2a: Keldeo|spa|1\n|-boost|p2a: Keldeo|spd|1\n|move|p1a: Chimecho|Psychic Noise|p2a: Keldeo\n|-resisted|p2a: Keldeo\n|-damage|p2a: Keldeo|156/273\n|-start|p2a: Keldeo|move: Heal Block\n|\n|upkeep\n|turn|7\n|inactive|jimothy cool yt has 120 seconds left.\n|\n|t:|1781378878\n|switch|p1a: Araquanid|Araquanid, L82, M|246/246\n|move|p2a: Keldeo|Calm Mind|p2a: Keldeo\n|-boost|p2a: Keldeo|spa|1\n|-boost|p2a: Keldeo|spd|1\n|\n|-end|p2a: Keldeo|move: Heal Block\n|upkeep\n|turn|8\n|inactive|jimothy cool yt has 120 seconds left.\n|\n|t:|1781378897\n|move|p2a: Keldeo|Secret Sword|p1a: Araquanid\n|-resisted|p1a: Araquanid\n|-crit|p1a: Araquanid\n|-damage|p1a: Araquanid|22/246\n|move|p1a: Araquanid|Liquidation|p2a: Keldeo\n|-end|p2a: Keldeo|Substitute\n|\n|-heal|p2a: Keldeo|173/273|[from] item: Leftovers\n|upkeep\n|turn|9\n|inactive|jimothy cool yt has 120 seconds left.\n|\n|t:|1781378903\n|move|p2a: Keldeo|Surf|p1a: Araquanid\n|-resisted|p1a: Araquanid\n|-damage|p1a: Araquanid|0 fnt\n|faint|p1a: Araquanid\n|\n|-heal|p2a: Keldeo|190/273|[from] item: Leftovers\n|upkeep\n|j| Yog Rahang...\n|\n|t:|1781378909\n|switch|p1a: Zacian|Zacian, L69|241/241\n|-ability|p1a: Zacian|Intrepid Sword|boost\n|-boost|p1a: Zacian|atk|1\n|turn|10\n|\n|t:|1781378915\n|switch|p2a: Banette|Banette, L93, M|270/270\n|-terastallize|p1a: Zacian|Fighting\n|move|p1a: Zacian|Close Combat|p2a: Banette\n|-immune|p2a: Banette\n|\n|upkeep\n|turn|11\n|\n|t:|1781378933\n|switch|p1a: Sudowoodo|Sudowoodo, L94, M|235/284\n|switch|p2a: Keldeo|Keldeo-Resolute, L79, tera:Steel|190/273\n|\n|-heal|p2a: Keldeo|207/273|[from] item: Leftovers\n|upkeep\n|turn|12\n|\n|t:|1781378942\n|switch|p1a: Zacian|Zacian, L69, tera:Fighting|241/241\n|move|p2a: Keldeo|Surf|p1a: Zacian\n|-damage|p1a: Zacian|142/241\n|\n|-heal|p2a: Keldeo|224/273|[from] item: Leftovers\n|upkeep\n|turn|13\n|l| Yog Rahang...\n|\n|t:|1781378955\n|switch|p2a: Banette|Banette, L93, M|270/270\n|move|p1a: Zacian|Close Combat|p2a: Banette\n|-immune|p2a: Banette\n|\n|upkeep\n|turn|14\n|\n|t:|1781378967\n|switch|p1a: Sudowoodo|Sudowoodo, L94, M|235/284\n|switch|p2a: Solgaleo|Solgaleo, L74|151/325\n|\n|upkeep\n|turn|15\n|\n|t:|1781378973\n|switch|p1a: Excadrill|Excadrill, L79, F|303/303\n|-ability|p1a: Excadrill|Mold Breaker\n|move|p2a: Solgaleo|Sunsteel Strike|p1a: Excadrill\n|-resisted|p1a: Excadrill\n|-damage|p1a: Excadrill|223/303\n|\n|-heal|p1a: Excadrill|241/303|[from] item: Leftovers\n|upkeep\n|turn|16\n|\n|t:|1781378982\n|move|p2a: Solgaleo|Earthquake|p1a: Excadrill\n|-supereffective|p1a: Excadrill\n|-damage|p1a: Excadrill|25/303\n|move|p1a: Excadrill|Rapid Spin|p2a: Solgaleo\n|-resisted|p2a: Solgaleo\n|-damage|p2a: Solgaleo|132/325\n|-boost|p1a: Excadrill|spe|1\n|-damage|p1a: Excadrill|0 fnt|[from] item: Rocky Helmet|[of] p2a: Solgaleo\n|faint|p1a: Excadrill\n|\n|upkeep\n|\n|t:|1781378988\n|switch|p1a: Sudowoodo|Sudowoodo, L94, M|235/284\n|turn|17\n|\n|t:|1781378999\n|move|p2a: Solgaleo|Sunsteel Strike|p1a: Sudowoodo\n|-supereffective|p1a: Sudowoodo\n|-damage|p1a: Sudowoodo|85/284\n|move|p1a: Sudowoodo|Earthquake|p2a: Solgaleo\n|-supereffective|p2a: Solgaleo\n|-damage|p2a: Solgaleo|0 fnt\n|faint|p2a: Solgaleo\n|\n|upkeep\n|\n|t:|1781379011\n|switch|p2a: Keldeo|Keldeo-Resolute, L79, tera:Steel|224/273\n|turn|18\n|\n|t:|1781379017\n|move|p2a: Keldeo|Surf|p1a: Sudowoodo\n|-supereffective|p1a: Sudowoodo\n|-damage|p1a: Sudowoodo|0 fnt\n|faint|p1a: Sudowoodo\n|\n|-heal|p2a: Keldeo|241/273|[from] item: Leftovers\n|upkeep\n|\n|t:|1781379027\n|switch|p1a: Zacian|Zacian, L69, tera:Fighting|142/241\n|turn|19\n|\n|t:|1781379035\n|switch|p2a: Magnezone|Magnezone, L85|258/258\n|move|p1a: Zacian|Swords Dance|p1a: Zacian\n|-boost|p1a: Zacian|atk|2\n|\n|upkeep\n|turn|20\n|\n|t:|1781379043\n|move|p1a: Zacian|Close Combat|p2a: Magnezone\n|-supereffective|p2a: Magnezone\n|-damage|p2a: Magnezone|0 fnt\n|-unboost|p1a: Zacian|def|1\n|-unboost|p1a: Zacian|spd|1\n|faint|p2a: Magnezone\n|-damage|p1a: Zacian|118/241|[from] item: Life Orb\n|\n|upkeep\n|\n|t:|1781379051\n|switch|p2a: Weavile|Weavile, L79, F|240/240\n|turn|21\n|\n|t:|1781379056\n|move|p2a: Weavile|Triple Axel|p1a: Zacian\n|-damage|p1a: Zacian|85/241\n|-damage|p1a: Zacian|24/241\n|-damage|p1a: Zacian|0 fnt\n|faint|p1a: Zacian\n|-hitcount|p1: Zacian|3\n|\n|upkeep\n|\n|t:|1781379060\n|switch|p1a: Sandslash|Sandslash, L89, M|278/278\n|turn|22\n|\n|t:|1781379069\n|switch|p2a: Banette|Banette, L93, M|270/270\n|move|p1a: Sandslash|Rapid Spin|p2a: Banette\n|-immune|p2a: Banette\n|\n|upkeep\n|turn|23\n|-message|qiuescent forfeited.\n|\n|win|jimothy cool yt\n", "inputlog": ">version a8376a258c1d4662feba110a92103f3664a72141\n>start {\"formatid\":\"gen9randombattle\",\"seed\":\"sodium,8450d9a2e0b049232cf736f84d856877\",\"rated\":\"Rated battle\"}\n>player p1 {\"name\":\"qiuescent\",\"avatar\":\"265\",\"rating\":2245,\"seed\":\"sodium,b47264b535b920590a6c85a449de7960\"}\n>player p2 {\"name\":\"jimothy cool yt\",\"avatar\":\"lucas\",\"rating\":2421,\"seed\":\"sodium,ab9b635339548b7bf3a1313e52dc9366\"}\n>p1 move earthquake\n>p2 move knockoff\n>p1 move earthquake\n>p2 switch 5\n>p1 switch 3\n>p2 move substitute\n>p1 switch 4\n>p2 move calmmind\n>p1 move calmmind\n>p2 move calmmind\n>p1 move psychicnoise\n>p2 move calmmind terastallize\n>p1 switch 4\n>p2 move calmmind\n>p1 move liquidation\n>p2 move secretsword\n>p1 move liquidation\n>p2 move surf\n>p1 switch 2\n>p1 move closecombat terastallize\n>p2 switch 6\n>p1 switch 3\n>p2 switch 6\n>p1 switch 3\n>p2 move surf\n>p1 move closecombat\n>p2 switch 6\n>p1 switch 3\n>p2 switch 5\n>p1 switch 6\n>p2 move sunsteelstrike\n>p1 move rapidspin\n>p2 move earthquake\n>p1 switch 6\n>p1 move earthquake\n>p2 move sunsteelstrike\n>p2 switch 6\n>p1 move earthquake\n>p2 move surf\n>p1 switch 3\n>p1 move swordsdance\n>p2 switch 2\n>p1 move closecombat\n>p2 move voltswitch\n>p2 switch 3\n>p1 move closecombat\n>p2 move tripleaxel\n>p1 switch 5\n>p1 move rapidspin\n>p2 switch 5\n>forcelose p1", "uploadtime": 1781378741, "views": 11, "formatid": "gen9randombattle", "rating": null, "private": 0, "password": null}