{"id": "gen9randombattle-2631879094", "format": "[Gen 9] Random Battle", "players": ["nextlevelcolors", "Hogrider2000"], "log": "|j|\u2606nextlevelcolors\n|j|\u203dHogrider2000\n|t:|1781451266\n|gametype|singles\n|player|p1|nextlevelcolors|169|1999\n|player|p2|Hogrider2000|1|2099\n|gen|9\n|tier|[Gen 9] Random Battle\n|rated|\n|rule|Species Clause: Limit one of each Pok\u00e9mon\n|rule|HP Percentage Mod: HP is shown in percentages\n|rule|Sleep Clause Mod: Limit one foe put to sleep\n|rule|Illusion Level Mod: Illusion disguises the Pok\u00e9mon's true level\n|\n|t:|1781451266\n|teamsize|p1|6\n|teamsize|p2|6\n|start\n|switch|p1a: Dewgong|Dewgong, L94, F|322/322\n|switch|p2a: Pelipper|Pelipper, L86, M|243/243\n|-weather|RainDance|[from] ability: Drizzle|[of] p2a: Pelipper\n|turn|1\n|inactive|Battle timer is ON: inactive players will automatically lose when time's up. (requested by Hogrider2000)\n|c|\u2606nextlevelcolors|glhf\n|\n|t:|1781451282\n|move|p1a: Dewgong|Ice Beam|p2a: Pelipper\n|-damage|p2a: Pelipper|135/243\n|-status|p2a: Pelipper|frz\n|cant|p2a: Pelipper|frz\n|\n|-weather|RainDance|[upkeep]\n|upkeep\n|turn|2\n|\n|t:|1781451285\n|switch|p2a: Orthworm|Orthworm, L88, F|266/266\n|move|p1a: Dewgong|Ice Beam|p2a: Orthworm\n|-resisted|p2a: Orthworm\n|-damage|p2a: Orthworm|203/266\n|\n|-weather|RainDance|[upkeep]\n|-heal|p2a: Orthworm|219/266|[from] item: Leftovers\n|upkeep\n|turn|3\n|\n|t:|1781451289\n|move|p1a: Dewgong|Surf|p2a: Orthworm\n|-damage|p2a: Orthworm|39/266\n|move|p2a: Orthworm|Body Press|p1a: Dewgong\n|-supereffective|p1a: Dewgong\n|-damage|p1a: Dewgong|168/322\n|\n|-weather|RainDance|[upkeep]\n|-heal|p2a: Orthworm|55/266|[from] item: Leftovers\n|upkeep\n|turn|4\n|\n|t:|1781451295\n|move|p1a: Dewgong|Ice Beam|p2a: Orthworm\n|-resisted|p2a: Orthworm\n|-damage|p2a: Orthworm|0 fnt\n|faint|p2a: Orthworm\n|\n|-weather|RainDance|[upkeep]\n|upkeep\n|\n|t:|1781451296\n|switch|p2a: Zarude|Zarude-Dada, L77|288/288\n|turn|5\n|\n|t:|1781451308\n|switch|p1a: Honchkrow|Honchkrow, L86, M|312/312\n|move|p2a: Zarude|Knock Off|p1a: Honchkrow\n|-resisted|p1a: Honchkrow\n|-damage|p1a: Honchkrow|201/312\n|-enditem|p1a: Honchkrow|Heavy-Duty Boots|[from] move: Knock Off|[of] p2a: Zarude\n|\n|-weather|none\n|upkeep\n|turn|6\n|\n|t:|1781451315\n|switch|p2a: Sandslash|Sandslash-Alola, L88, F|275/275\n|move|p1a: Honchkrow|U-turn|p2a: Sandslash\n|-resisted|p2a: Sandslash\n|-damage|p2a: Sandslash|253/275\n|\n|t:|1781451319\n|switch|p1a: Ho-Oh|Ho-Oh, L71|268/268|[from] U-turn\n|\n|-heal|p2a: Sandslash|270/275|[from] item: Leftovers\n|upkeep\n|turn|7\n|\n|t:|1781451322\n|switch|p2a: Pelipper|Pelipper, L86, M|135/243 frz\n|-weather|RainDance|[from] ability: Drizzle|[of] p2a: Pelipper\n|move|p1a: Ho-Oh|Sacred Fire|p2a: Pelipper\n|-resisted|p2a: Pelipper\n|-damage|p2a: Pelipper|116/243 frz\n|-curestatus|p2a: Pelipper|frz|[msg]\n|\n|-weather|RainDance|[upkeep]\n|upkeep\n|turn|8\n|\n|t:|1781451333\n|switch|p1a: Dewgong|Dewgong, L94, F|168/322\n|move|p2a: Pelipper|Roost|p2a: Pelipper\n|-heal|p2a: Pelipper|238/243\n|-singleturn|p2a: Pelipper|move: Roost\n|\n|-weather|RainDance|[upkeep]\n|upkeep\n|turn|9\n|\n|t:|1781451337\n|move|p1a: Dewgong|Encore|p2a: Pelipper\n|-start|p2a: Pelipper|Encore\n|move|p2a: Pelipper|Roost|p2a: Pelipper\n|-heal|p2a: Pelipper|243/243\n|-singleturn|p2a: Pelipper|move: Roost\n|\n|-weather|RainDance|[upkeep]\n|upkeep\n|turn|10\n|\n|t:|1781451343\n|move|p1a: Dewgong|Surf|p2a: Pelipper\n|-resisted|p2a: Pelipper\n|-damage|p2a: Pelipper|156/243\n|move|p2a: Pelipper|Roost|p2a: Pelipper\n|-heal|p2a: Pelipper|243/243\n|-singleturn|p2a: Pelipper|move: Roost\n|\n|-weather|RainDance|[upkeep]\n|upkeep\n|turn|11\n|\n|t:|1781451348\n|switch|p2a: Zarude|Zarude-Dada, L77|288/288\n|move|p1a: Dewgong|Surf|p2a: Zarude\n|-resisted|p2a: Zarude\n|-damage|p2a: Zarude|213/288\n|\n|-weather|none\n|upkeep\n|turn|12\n|\n|t:|1781451355\n|switch|p1a: Honchkrow|Honchkrow, L86, M|201/312\n|move|p2a: Zarude|Close Combat|p1a: Honchkrow\n|-damage|p1a: Honchkrow|37/312\n|-unboost|p2a: Zarude|def|1\n|-unboost|p2a: Zarude|spd|1\n|\n|upkeep\n|turn|13\n|\n|t:|1781451364\n|switch|p1a: Dragapult|Dragapult, L77, M|262/262\n|move|p2a: Zarude|Close Combat|p1a: Dragapult\n|-immune|p1a: Dragapult\n|\n|upkeep\n|turn|14\n|\n|t:|1781451369\n|switch|p2a: Meloetta|Meloetta, L82|298/298\n|move|p1a: Dragapult|Fire Blast|p2a: Meloetta\n|-damage|p2a: Meloetta|236/298\n|-damage|p1a: Dragapult|236/262|[from] item: Life Orb\n|\n|-heal|p2a: Meloetta|254/298|[from] item: Leftovers\n|upkeep\n|turn|15\n|\n|t:|1781451375\n|move|p1a: Dragapult|Dragon Dance|p1a: Dragapult\n|-boost|p1a: Dragapult|atk|1\n|-boost|p1a: Dragapult|spe|1\n|move|p2a: Meloetta|Psyshock|p1a: Dragapult\n|-damage|p1a: Dragapult|122/262\n|\n|-heal|p2a: Meloetta|272/298|[from] item: Leftovers\n|upkeep\n|turn|16\n|\n|t:|1781451386\n|move|p1a: Dragapult|Dragon Dance|p1a: Dragapult\n|-boost|p1a: Dragapult|atk|1\n|-boost|p1a: Dragapult|spe|1\n|move|p2a: Meloetta|Psyshock|p1a: Dragapult\n|-damage|p1a: Dragapult|1/262\n|\n|-heal|p2a: Meloetta|290/298|[from] item: Leftovers\n|upkeep\n|turn|17\n|\n|t:|1781451390\n|switch|p2a: Sandslash|Sandslash-Alola, L88, F|270/275\n|move|p1a: Dragapult|Dragon Darts|p2a: Sandslash\n|-resisted|p2a: Sandslash\n|-damage|p2a: Sandslash|215/275\n|-anim|p1a: Dragapult|Dragon Darts|p2a: Sandslash\n|-resisted|p2a: Sandslash\n|-damage|p2a: Sandslash|164/275\n|-damage|p1a: Dragapult|0 fnt|[from] item: Life Orb\n|faint|p1a: Dragapult\n|\n|-heal|p2a: Sandslash|181/275|[from] item: Leftovers\n|upkeep\n|\n|t:|1781451393\n|switch|p1a: Honchkrow|Honchkrow, L86, M|37/312\n|turn|18\n|\n|t:|1781451400\n|move|p1a: Honchkrow|Heat Wave|p2a: Sandslash\n|-supereffective|p2a: Sandslash\n|-damage|p2a: Sandslash|0 fnt\n|faint|p2a: Sandslash\n|-ability|p1a: Honchkrow|Moxie|boost\n|-boost|p1a: Honchkrow|atk|1\n|\n|upkeep\n|\n|t:|1781451404\n|switch|p2a: Zarude|Zarude-Dada, L77|213/288\n|turn|19\n|\n|t:|1781451410\n|move|p1a: Honchkrow|Sucker Punch|p2a: Zarude\n|-resisted|p2a: Zarude\n|-damage|p2a: Zarude|141/288\n|move|p2a: Zarude|U-turn|p1a: Honchkrow\n|-damage|p1a: Honchkrow|0 fnt\n|faint|p1a: Honchkrow\n|\n|t:|1781451414\n|switch|p2a: Pelipper|Pelipper, L86, M|243/243|[from] U-turn\n|-weather|RainDance|[from] ability: Drizzle|[of] p2a: Pelipper\n|\n|-weather|RainDance|[upkeep]\n|upkeep\n|\n|t:|1781451417\n|switch|p1a: Dewgong|Dewgong, L94, F|168/322\n|turn|20\n|\n|t:|1781451419\n|move|p1a: Dewgong|Ice Beam|p2a: Pelipper\n|-damage|p2a: Pelipper|128/243\n|move|p2a: Pelipper|Hurricane|p1a: Dewgong\n|-damage|p1a: Dewgong|66/322\n|\n|-weather|RainDance|[upkeep]\n|upkeep\n|turn|21\n|\n|t:|1781451422\n|move|p1a: Dewgong|Ice Beam|p2a: Pelipper\n|-damage|p2a: Pelipper|26/243\n|move|p2a: Pelipper|Hurricane|p1a: Dewgong\n|-damage|p1a: Dewgong|0 fnt\n|faint|p1a: Dewgong\n|\n|-weather|RainDance|[upkeep]\n|upkeep\n|\n|t:|1781451426\n|switch|p1a: Ho-Oh|Ho-Oh, L71|268/268\n|turn|22\n|\n|t:|1781451429\n|move|p1a: Ho-Oh|Brave Bird|p2a: Pelipper\n|-damage|p2a: Pelipper|0 fnt\n|faint|p2a: Pelipper\n|-damage|p1a: Ho-Oh|259/268|[from] Recoil\n|\n|-weather|RainDance|[upkeep]\n|upkeep\n|\n|t:|1781451432\n|switch|p2a: Meloetta|Meloetta, L82|290/298\n|turn|23\n|\n|t:|1781451434\n|move|p2a: Meloetta|Calm Mind|p2a: Meloetta\n|-boost|p2a: Meloetta|spa|1\n|-boost|p2a: Meloetta|spd|1\n|move|p1a: Ho-Oh|Brave Bird|p2a: Meloetta\n|-damage|p2a: Meloetta|167/298\n|-damage|p1a: Ho-Oh|218/268|[from] Recoil\n|\n|-weather|none\n|-heal|p2a: Meloetta|185/298|[from] item: Leftovers\n|upkeep\n|turn|24\n|\n|t:|1781451437\n|move|p2a: Meloetta|Psyshock|p1a: Ho-Oh\n|-damage|p1a: Ho-Oh|41/268\n|move|p1a: Ho-Oh|Sacred Fire|p2a: Meloetta\n|-damage|p2a: Meloetta|80/298\n|-status|p2a: Meloetta|brn\n|\n|-heal|p2a: Meloetta|98/298 brn|[from] item: Leftovers\n|-damage|p2a: Meloetta|80/298 brn|[from] brn\n|upkeep\n|turn|25\n|\n|t:|1781451451\n|move|p2a: Meloetta|Psyshock|p1a: Ho-Oh\n|-damage|p1a: Ho-Oh|0 fnt\n|faint|p1a: Ho-Oh\n|\n|-heal|p2a: Meloetta|98/298 brn|[from] item: Leftovers\n|-damage|p2a: Meloetta|80/298 brn|[from] brn\n|upkeep\n|\n|t:|1781451453\n|switch|p1a: Ampharos|Ampharos, L88, M|219/219\n|turn|26\n|\n|t:|1781451457\n|move|p1a: Ampharos|Hyper Voice|p2a: Meloetta\n|-damage|p2a: Meloetta|1/298 brn\n|-damage|p1a: Ampharos|198/219|[from] item: Life Orb\n|move|p2a: Meloetta|Hyper Voice|p1a: Ampharos\n|-immune|p1a: Ampharos\n|\n|-heal|p2a: Meloetta|19/298 brn|[from] item: Leftovers\n|-damage|p2a: Meloetta|1/298 brn|[from] brn\n|upkeep\n|turn|27\n|\n|t:|1781451462\n|move|p1a: Ampharos|Hyper Voice|p2a: Meloetta\n|-damage|p2a: Meloetta|0 fnt\n|faint|p2a: Meloetta\n|-damage|p1a: Ampharos|177/219|[from] item: Life Orb\n|\n|upkeep\n|\n|t:|1781451464\n|switch|p2a: Espathra|Espathra, L80, M|283/283\n|turn|28\n|\n|t:|1781451469\n|move|p1a: Ampharos|Poltergeist|p2a: Espathra\n|-activate|p2a: Espathra|move: Poltergeist|Leftovers\n|-supereffective|p2a: Espathra\n|-damage|p2a: Espathra|0 fnt\n|faint|p2a: Espathra\n|-damage|p1a: Ampharos|156/219|[from] item: Life Orb\n|\n|upkeep\n|\n|t:|1781451471\n|switch|p2a: Zarude|Zarude-Dada, L77|141/288\n|turn|29\n|\n|t:|1781451478\n|-terastallize|p1a: Ampharos|Fighting\n|-terastallize|p2a: Zarude|Fighting\n|move|p1a: Ampharos|Focus Blast|p2a: Zarude\n|-damage|p2a: Zarude|0 fnt\n|faint|p2a: Zarude\n|-damage|p1a: Ampharos|135/219|[from] item: Life Orb\n|\n|win|nextlevelcolors\n", "inputlog": ">version a8376a258c1d4662feba110a92103f3664a72141\n>start {\"formatid\":\"gen9randombattle\",\"seed\":\"sodium,023c48b67ae17ca75aa0512740c60534\",\"rated\":\"Rated battle\"}\n>player p1 {\"name\":\"nextlevelcolors\",\"avatar\":\"169\",\"rating\":1999,\"seed\":\"sodium,6126d68763ce470fecebb8db6f8585c1\"}\n>player p2 {\"name\":\"Hogrider2000\",\"avatar\":\"1\",\"rating\":2099,\"seed\":\"sodium,1dc2b7998943768dcdf4f4d29f430879\"}\n>chat \u2606nextlevelcolors|glhf\n>p1 move icebeam\n>p2 move uturn\n>p1 move icebeam\n>p2 switch 5\n>p1 move surf\n>p2 move bodypress\n>p1 move icebeam\n>p2 move bodypress\n>p2 switch 2\n>p1 switch 3\n>p2 move knockoff\n>p1 move uturn\n>p2 switch 4\n>p1 switch 4\n>p1 move sacredfire\n>p2 switch 5\n>p1 switch 3\n>p2 move roost\n>p1 move encore\n>p2 move hurricane\n>p1 move surf\n>p2 move roost\n>p1 move surf\n>p2 switch 4\n>p1 switch 4\n>p2 move closecombat\n>p1 switch 6\n>p2 move closecombat\n>p1 move fireblast\n>p2 switch 3\n>p1 move dragondance\n>p2 move psyshock\n>p1 move dragondance\n>p2 move psyshock\n>p1 move dragondarts\n>p2 switch 5\n>p1 switch 6\n>p1 move heatwave\n>p2 move ironhead\n>p2 switch 3\n>p1 move suckerpunch\n>p2 move uturn\n>p2 switch 4\n>p1 switch 4\n>p1 move icebeam\n>p2 move hurricane\n>p1 move icebeam\n>p2 move hurricane\n>p1 switch 3\n>p1 move bravebird\n>p2 move hurricane\n>p2 switch 5\n>p1 move bravebird\n>p2 move calmmind\n>p1 move sacredfire\n>p2 move psyshock\n>p1 move bravebird\n>p2 move psyshock\n>p1 switch 2\n>p1 move hypervoice\n>p2 move hypervoice\n>p1 move hypervoice\n>p2 move psyshock\n>p2 switch 6\n>p1 move poltergeist\n>p2 move calmmind\n>p2 switch 4\n>p1 move focusblast terastallize\n>p2 move knockoff terastallize", "uploadtime": 1781451267, "views": 4, "formatid": "gen9randombattle", "rating": null, "private": 0, "password": null}