{"id": "gen9randombattle-2631764539", "format": "[Gen 9] Random Battle", "players": ["IJustWorkHereMan", "nutbustas"], "log": "|j|\u203dIJustWorkHereMan\n|j|\u203dnutbustas\n|t:|1781436007\n|gametype|singles\n|player|p1|IJustWorkHereMan|2|1946\n|player|p2|nutbustas|plumeria|1991\n|gen|9\n|tier|[Gen 9] Random Battle\n|rated|\n|rule|Species Clause: Limit one of each Pok\u00e9mon\n|rule|HP Percentage Mod: HP is shown in percentages\n|rule|Sleep Clause Mod: Limit one foe put to sleep\n|rule|Illusion Level Mod: Illusion disguises the Pok\u00e9mon's true level\n|\n|t:|1781436007\n|teamsize|p1|6\n|teamsize|p2|6\n|start\n|switch|p1a: Sandslash|Sandslash, L89, M|278/278\n|switch|p2a: Ambipom|Ambipom, L84, F|263/263\n|turn|1\n|\n|t:|1781436017\n|move|p2a: Ambipom|Fake Out|p1a: Sandslash\n|-damage|p1a: Sandslash|209/278\n|cant|p1a: Sandslash|flinch\n|\n|upkeep\n|turn|2\n|\n|t:|1781436029\n|move|p2a: Ambipom|U-turn|p1a: Sandslash\n|-damage|p1a: Sandslash|169/278\n|\n|t:|1781436033\n|switch|p2a: Tatsugiri|Tatsugiri, L87, M|260/260|[from] U-turn\n|move|p1a: Sandslash|Knock Off|p2a: Tatsugiri\n|-damage|p2a: Tatsugiri|162/260\n|-enditem|p2a: Tatsugiri|Heavy-Duty Boots|[from] move: Knock Off|[of] p1a: Sandslash\n|\n|upkeep\n|turn|3\n|\n|t:|1781436051\n|move|p2a: Tatsugiri|Hydro Pump|p1a: Sandslash\n|-supereffective|p1a: Sandslash\n|-damage|p1a: Sandslash|0 fnt\n|faint|p1a: Sandslash\n|\n|upkeep\n|\n|t:|1781436068\n|switch|p1a: Luxray|Luxray, L88, F|284/284\n|-ability|p1a: Luxray|Intimidate|boost\n|-unboost|p2a: Tatsugiri|atk|1\n|turn|4\n|\n|t:|1781436073\n|move|p2a: Tatsugiri|Hydro Pump|p1a: Luxray\n|-damage|p1a: Luxray|175/284\n|move|p1a: Luxray|Volt Switch|p2a: Tatsugiri\n|-damage|p2a: Tatsugiri|81/260\n|\n|t:|1781436088\n|switch|p1a: Spectrier|Spectrier, L75|274/274|[from] Volt Switch\n|\n|upkeep\n|turn|5\n|\n|t:|1781436099\n|switch|p2a: Ambipom|Ambipom, L84, F|263/263\n|move|p1a: Spectrier|Shadow Ball|p2a: Ambipom\n|-immune|p2a: Ambipom\n|\n|upkeep\n|turn|6\n|\n|t:|1781436102\n|switch|p1a: Luxray|Luxray, L88, F|175/284\n|-ability|p1a: Luxray|Intimidate|boost\n|-unboost|p2a: Ambipom|atk|1\n|move|p2a: Ambipom|Knock Off|p1a: Luxray\n|-damage|p1a: Luxray|130/284\n|-enditem|p1a: Luxray|Assault Vest|[from] move: Knock Off|[of] p2a: Ambipom\n|\n|upkeep\n|turn|7\n|\n|t:|1781436106\n|move|p2a: Ambipom|U-turn|p1a: Luxray\n|-damage|p1a: Luxray|91/284\n|\n|t:|1781436110\n|switch|p2a: Registeel|Registeel, L81|262/262|[from] U-turn\n|move|p1a: Luxray|Volt Switch|p2a: Registeel\n|-damage|p2a: Registeel|211/262\n|\n|t:|1781436127\n|switch|p1a: Spectrier|Spectrier, L75|274/274|[from] Volt Switch\n|\n|-heal|p2a: Registeel|227/262|[from] item: Leftovers\n|upkeep\n|turn|8\n|\n|t:|1781436141\n|switch|p2a: Brute Bonnet|Brute Bonnet, L80|309/309\n|move|p1a: Spectrier|Substitute|p1a: Spectrier\n|-start|p1a: Spectrier|Substitute\n|-damage|p1a: Spectrier|206/274\n|\n|-heal|p1a: Spectrier|223/274|[from] item: Leftovers\n|upkeep\n|turn|9\n|\n|t:|1781436174\n|switch|p1a: Luxray|Luxray, L88, F|91/284\n|-ability|p1a: Luxray|Intimidate|boost\n|-unboost|p2a: Brute Bonnet|atk|1\n|move|p2a: Brute Bonnet|Seed Bomb|p1a: Luxray\n|-damage|p1a: Luxray|19/284\n|\n|upkeep\n|turn|10\n|\n|t:|1781436182\n|move|p2a: Brute Bonnet|Sucker Punch|p1a: Luxray\n|-damage|p1a: Luxray|0 fnt\n|faint|p1a: Luxray\n|\n|upkeep\n|\n|t:|1781436225\n|switch|p1a: Dragapult|Dragapult, L77, F|262/262\n|turn|11\n|\n|t:|1781436234\n|move|p1a: Dragapult|U-turn|p2a: Brute Bonnet\n|-supereffective|p2a: Brute Bonnet\n|-damage|p2a: Brute Bonnet|129/309\n|-message|IJustWorkHereMan forfeited.\n|\n|win|nutbustas\n", "inputlog": ">version a8376a258c1d4662feba110a92103f3664a72141\n>start {\"formatid\":\"gen9randombattle\",\"seed\":\"sodium,c3375922bb4d2655e90b89b05d959903\",\"rated\":\"Rated battle\"}\n>player p1 {\"name\":\"IJustWorkHereMan\",\"avatar\":\"2\",\"rating\":1946,\"seed\":\"sodium,c57ae119c9fcee9bf6dbd0d09b4dc6f5\"}\n>player p2 {\"name\":\"nutbustas\",\"avatar\":\"plumeria\",\"rating\":1991,\"seed\":\"sodium,c7243badfdb96f2bb82dc5decc0fbd66\"}\n>p1 move rapidspin\n>p2 move fakeout\n>p1 move knockoff\n>p2 move uturn\n>p2 switch 3\n>p1 move rapidspin\n>p2 move hydropump\n>p1 switch 4\n>p1 move voltswitch\n>p2 move hydropump\n>p1 switch 2\n>p1 move shadowball\n>p2 switch 3\n>p1 switch 2\n>p2 move knockoff\n>p1 move voltswitch\n>p2 move uturn\n>p2 switch 4\n>p1 switch 2\n>p1 move substitute\n>p2 switch 2\n>p1 switch 2\n>p2 move seedbomb\n>p1 move icefang\n>p2 move suckerpunch\n>p1 switch 3\n>p1 move uturn\n>p2 move crunch\n>forcelose p1", "uploadtime": 1781436009, "views": 4, "formatid": "gen9randombattle", "rating": null, "private": 0, "password": null}