{"id": "gen9randombattle-2631908027", "format": "[Gen 9] Random Battle", "players": ["Atelophobia", "soap_trusted_you"], "log": "|j|\u2606Atelophobia\n|j|\u2606soap_trusted_you\n|t:|1781454418\n|gametype|singles\n|player|p1|Atelophobia|1|1942\n|player|p2|soap_trusted_you|roughneck|1939\n|gen|9\n|tier|[Gen 9] Random Battle\n|rated|\n|rule|Species Clause: Limit one of each Pok\u00e9mon\n|rule|HP Percentage Mod: HP is shown in percentages\n|rule|Sleep Clause Mod: Limit one foe put to sleep\n|rule|Illusion Level Mod: Illusion disguises the Pok\u00e9mon's true level\n|\n|t:|1781454418\n|teamsize|p1|6\n|teamsize|p2|6\n|start\n|switch|p1a: Electrode|Electrode, L92|260/260\n|switch|p2a: Braviary|Braviary, L85, M|309/309\n|turn|1\n|inactive|Battle timer is ON: inactive players will automatically lose when time's up. (requested by soap_trusted_you)\n|inactive|soap_trusted_you has 120 seconds left.\n|inactive|soap_trusted_you has 90 seconds left.\n|inactive|soap_trusted_you has 60 seconds left.\n|inactive|soap_trusted_you has 30 seconds left.\n|inactive|soap_trusted_you has 20 seconds left.\n|\n|t:|1781454553\n|switch|p2a: Glalie|Glalie, L96, M|309/309\n|move|p1a: Electrode|Taunt|p2a: Glalie\n|-start|p2a: Glalie|move: Taunt\n|\n|upkeep\n|turn|2\n|\n|t:|1781454577\n|move|p1a: Electrode|Thunderbolt|p2a: Glalie\n|-damage|p2a: Glalie|187/309\n|-damage|p1a: Electrode|234/260|[from] item: Life Orb\n|move|p2a: Glalie|Earthquake|p1a: Electrode\n|-supereffective|p1a: Electrode\n|-damage|p1a: Electrode|62/260\n|\n|upkeep\n|turn|3\n|inactive|soap_trusted_you has 90 seconds left.\n|\n|t:|1781454594\n|switch|p2a: Regigigas|Regigigas, L84|322/322\n|-start|p2a: Regigigas|ability: Slow Start\n|move|p1a: Electrode|Explosion|p2a: Regigigas\n|-damage|p2a: Regigigas|186/322\n|faint|p1a: Electrode\n|\n|-heal|p2a: Regigigas|206/322|[from] item: Leftovers\n|upkeep\n|\n|t:|1781454598\n|switch|p1a: Lurantis|Lurantis, L87, M|264/264\n|turn|4\n|inactive|soap_trusted_you has 90 seconds left.\n|\n|t:|1781454612\n|switch|p2a: Corviknight|Corviknight, L80, F|288/288\n|-ability|p2a: Corviknight|Pressure\n|move|p1a: Lurantis|Superpower|p2a: Corviknight\n|-damage|p2a: Corviknight|205/288\n|-boost|p1a: Lurantis|atk|1\n|-boost|p1a: Lurantis|def|1\n|-damage|p1a: Lurantis|220/264|[from] item: Rocky Helmet|[of] p2a: Corviknight\n|\n|upkeep\n|turn|5\n|\n|t:|1781454625\n|-terastallize|p1a: Lurantis|Water\n|move|p2a: Corviknight|Brave Bird|p1a: Lurantis\n|-damage|p1a: Lurantis|151/264\n|-damage|p2a: Corviknight|182/288|[from] Recoil\n|move|p1a: Lurantis|Superpower|p2a: Corviknight\n|-damage|p2a: Corviknight|56/288\n|-boost|p1a: Lurantis|atk|1\n|-boost|p1a: Lurantis|def|1\n|-damage|p1a: Lurantis|107/264|[from] item: Rocky Helmet|[of] p2a: Corviknight\n|\n|upkeep\n|turn|6\n|\n|t:|1781454634\n|move|p2a: Corviknight|U-turn|p1a: Lurantis\n|-damage|p1a: Lurantis|85/264\n|\n|t:|1781454647\n|switch|p2a: Frosmoth|Frosmoth, L82, M|249/249|[from] U-turn\n|move|p1a: Lurantis|Superpower|p2a: Frosmoth\n|-damage|p2a: Frosmoth|15/249\n|-boost|p1a: Lurantis|atk|1\n|-boost|p1a: Lurantis|def|1\n|\n|upkeep\n|turn|7\n|\n|t:|1781454657\n|move|p2a: Frosmoth|Giga Drain|p1a: Lurantis\n|-supereffective|p1a: Lurantis\n|-damage|p1a: Lurantis|7/264\n|-heal|p2a: Frosmoth|54/249|[from] drain|[of] p1a: Lurantis\n|move|p1a: Lurantis|Superpower|p2a: Frosmoth\n|-damage|p2a: Frosmoth|0 fnt\n|-boost|p1a: Lurantis|atk|1\n|-boost|p1a: Lurantis|def|1\n|faint|p2a: Frosmoth\n|\n|upkeep\n|\n|t:|1781454664\n|switch|p2a: Glalie|Glalie, L96, M|187/309\n|turn|8\n|\n|t:|1781454666\n|move|p2a: Glalie|Freeze-Dry|p1a: Lurantis\n|-supereffective|p1a: Lurantis\n|-damage|p1a: Lurantis|0 fnt\n|faint|p1a: Lurantis\n|\n|upkeep\n|\n|t:|1781454670\n|switch|p1a: Ursaring|Ursaring, L84, M|288/288\n|turn|9\n|inactive|soap_trusted_you has 120 seconds left.\n|\n|t:|1781454681\n|move|p2a: Glalie|Taunt|p1a: Ursaring\n|-start|p1a: Ursaring|move: Taunt\n|cant|p1a: Ursaring|move: Taunt|Swords Dance\n|\n|-status|p1a: Ursaring|tox|[from] item: Toxic Orb\n|upkeep\n|turn|10\n|inactive|soap_trusted_you has 120 seconds left.\n|\n|t:|1781454690\n|switch|p2a: Corviknight|Corviknight, L80, F|56/288\n|-ability|p2a: Corviknight|Pressure\n|move|p1a: Ursaring|Close Combat|p2a: Corviknight\n|-damage|p2a: Corviknight|0 fnt\n|-unboost|p1a: Ursaring|def|1\n|-unboost|p1a: Ursaring|spd|1\n|-damage|p1a: Ursaring|240/288 tox|[from] item: Rocky Helmet|[of] p2a: Corviknight\n|faint|p2a: Corviknight\n|\n|-damage|p1a: Ursaring|222/288 tox|[from] psn\n|upkeep\n|inactive|soap_trusted_you has 120 seconds left.\n|\n|t:|1781454706\n|switch|p2a: Veluza|Veluza, L85, M|292/292\n|turn|11\n|\n|t:|1781454719\n|move|p1a: Ursaring|Facade|p2a: Veluza\n|-damage|p2a: Veluza|91/292\n|move|p2a: Veluza|Aqua Cutter|p1a: Ursaring\n|-damage|p1a: Ursaring|0 fnt\n|faint|p1a: Ursaring\n|\n|upkeep\n|\n|t:|1781454723\n|switch|p1a: Lokix|Lokix, L82, F|251/251\n|turn|12\n|\n|t:|1781454730\n|move|p1a: Lokix|Sucker Punch|p2a: Veluza\n|-supereffective|p2a: Veluza\n|-damage|p2a: Veluza|0 fnt\n|faint|p2a: Veluza\n|-damage|p1a: Lokix|226/251|[from] item: Life Orb\n|\n|upkeep\n|\n|t:|1781454736\n|switch|p2a: Braviary|Braviary, L85, M|309/309\n|turn|13\n|\n|t:|1781454741\n|switch|p1a: Zapdos|Zapdos, L78|268/268\n|move|p2a: Braviary|Brave Bird|p1a: Zapdos\n|-resisted|p1a: Zapdos\n|-damage|p1a: Zapdos|183/268\n|-damage|p2a: Braviary|281/309|[from] Recoil\n|\n|upkeep\n|turn|14\n|\n|t:|1781454746\n|switch|p2a: Glalie|Glalie, L96, M|187/309\n|move|p1a: Zapdos|Discharge|p2a: Glalie\n|-damage|p2a: Glalie|105/309\n|-status|p2a: Glalie|par\n|\n|upkeep\n|turn|15\n|\n|t:|1781454756\n|move|p1a: Zapdos|U-turn|p2a: Glalie\n|-damage|p2a: Glalie|65/309 par\n|\n|t:|1781454757\n|switch|p1a: Muk|Muk-Alola, L82, M|306/306|[from] U-turn\n|move|p2a: Glalie|Freeze-Dry|p1a: Muk\n|-damage|p1a: Muk|258/306\n|\n|upkeep\n|turn|16\n|\n|t:|1781454764\n|move|p1a: Muk|Knock Off|p2a: Glalie\n|-damage|p2a: Glalie|0 fnt\n|-enditem|p2a: Glalie|Heavy-Duty Boots|[from] move: Knock Off|[of] p1a: Muk\n|faint|p2a: Glalie\n|\n|upkeep\n|\n|t:|1781454767\n|switch|p2a: Braviary|Braviary, L85, M|281/309\n|turn|17\n|\n|t:|1781454772\n|move|p2a: Braviary|Bulk Up|p2a: Braviary\n|-boost|p2a: Braviary|atk|1\n|-boost|p2a: Braviary|def|1\n|move|p1a: Muk|Gunk Shot|p2a: Braviary\n|-damage|p2a: Braviary|182/309\n|\n|upkeep\n|turn|18\n|\n|t:|1781454781\n|switch|p1a: Zapdos|Zapdos, L78|183/268\n|move|p2a: Braviary|Roost|p2a: Braviary\n|-heal|p2a: Braviary|309/309\n|-singleturn|p2a: Braviary|move: Roost\n|\n|upkeep\n|turn|19\n|\n|t:|1781454796\n|switch|p2a: Regigigas|Regigigas, L84|206/322\n|-start|p2a: Regigigas|ability: Slow Start\n|move|p1a: Zapdos|Discharge|p2a: Regigigas\n|-damage|p2a: Regigigas|128/322\n|-status|p2a: Regigigas|par\n|\n|-heal|p2a: Regigigas|148/322 par|[from] item: Leftovers\n|upkeep\n|turn|20\n|\n|t:|1781454803\n|move|p1a: Zapdos|U-turn|p2a: Regigigas\n|-damage|p2a: Regigigas|112/322 par\n|\n|t:|1781454805\n|switch|p1a: Muk|Muk-Alola, L82, M|258/306|[from] U-turn\n|move|p2a: Regigigas|Rest|p2a: Regigigas\n|-status|p2a: Regigigas|slp|[from] move: Rest\n|-heal|p2a: Regigigas|322/322 slp|[silent]\n|\n|upkeep\n|turn|21\n|\n|t:|1781454809\n|move|p1a: Muk|Knock Off|p2a: Regigigas\n|-damage|p2a: Regigigas|237/322 slp\n|-enditem|p2a: Regigigas|Leftovers|[from] move: Knock Off|[of] p1a: Muk\n|cant|p2a: Regigigas|slp\n|move|p2a: Regigigas|Sleep Talk|p2a: Regigigas\n|move|p2a: Regigigas|Rest||[from] move: Sleep Talk|[still]\n|-fail|p2a: Regigigas\n|\n|upkeep\n|turn|22\n|\n|t:|1781454812\n|move|p1a: Muk|Drain Punch|p2a: Regigigas\n|-supereffective|p2a: Regigigas\n|-damage|p2a: Regigigas|151/322 slp\n|-heal|p1a: Muk|301/306|[from] drain|[of] p2a: Regigigas\n|cant|p2a: Regigigas|slp\n|move|p2a: Regigigas|Sleep Talk|p2a: Regigigas\n|move|p2a: Regigigas|Knock Off|p1a: Muk|[from] move: Sleep Talk\n|-resisted|p1a: Muk\n|-damage|p1a: Muk|270/306\n|-enditem|p1a: Muk|Assault Vest|[from] move: Knock Off|[of] p2a: Regigigas\n|\n|upkeep\n|turn|23\n|\n|t:|1781454818\n|move|p1a: Muk|Drain Punch|p2a: Regigigas\n|-supereffective|p2a: Regigigas\n|-damage|p2a: Regigigas|53/322 slp\n|-heal|p1a: Muk|306/306|[from] drain|[of] p2a: Regigigas\n|-curestatus|p2a: Regigigas|slp|[msg]\n|move|p2a: Regigigas|Rest|p2a: Regigigas\n|-status|p2a: Regigigas|slp|[from] move: Rest\n|-heal|p2a: Regigigas|322/322 slp|[silent]\n|\n|upkeep\n|turn|24\n|\n|t:|1781454824\n|move|p1a: Muk|Gunk Shot|p2a: Regigigas\n|-damage|p2a: Regigigas|222/322 slp\n|cant|p2a: Regigigas|slp\n|move|p2a: Regigigas|Sleep Talk|p2a: Regigigas\n|move|p2a: Regigigas|Rest||[from] move: Sleep Talk|[still]\n|-fail|p2a: Regigigas\n|\n|-end|p2a: Regigigas|Slow Start\n|upkeep\n|turn|25\n|\n|t:|1781454829\n|cant|p2a: Regigigas|slp\n|move|p2a: Regigigas|Sleep Talk|p2a: Regigigas\n|move|p2a: Regigigas|Body Slam|p1a: Muk|[from] move: Sleep Talk\n|-damage|p1a: Muk|162/306\n|move|p1a: Muk|Gunk Shot|p2a: Regigigas\n|-damage|p2a: Regigigas|108/322 slp\n|\n|upkeep\n|turn|26\n|\n|t:|1781454835\n|switch|p1a: Lokix|Lokix, L82, F|226/251\n|-curestatus|p2a: Regigigas|slp|[msg]\n|move|p2a: Regigigas|Rest|p2a: Regigigas\n|-status|p2a: Regigigas|slp|[from] move: Rest\n|-heal|p2a: Regigigas|322/322 slp|[silent]\n|\n|upkeep\n|turn|27\n|\n|t:|1781454839\n|cant|p2a: Regigigas|slp\n|move|p2a: Regigigas|Sleep Talk|p2a: Regigigas\n|move|p2a: Regigigas|Body Slam|p1a: Lokix|[from] move: Sleep Talk\n|-damage|p1a: Lokix|78/251\n|-status|p1a: Lokix|par\n|move|p1a: Lokix|Swords Dance|p1a: Lokix\n|-boost|p1a: Lokix|atk|2\n|\n|upkeep\n|turn|28\n|\n|t:|1781454848\n|cant|p2a: Regigigas|slp\n|move|p2a: Regigigas|Sleep Talk|p2a: Regigigas\n|move|p2a: Regigigas|Body Slam|p1a: Lokix|[from] move: Sleep Talk\n|-crit|p1a: Lokix\n|-damage|p1a: Lokix|0 fnt\n|faint|p1a: Lokix\n|\n|upkeep\n|\n|t:|1781454854\n|switch|p1a: Zapdos|Zapdos, L78|183/268\n|turn|29\n|\n|t:|1781454857\n|-curestatus|p2a: Regigigas|slp|[msg]\n|move|p2a: Regigigas|Body Slam|p1a: Zapdos\n|-damage|p1a: Zapdos|32/268\n|-status|p2a: Regigigas|par|[from] ability: Static|[of] p1a: Zapdos\n|move|p1a: Zapdos|Hurricane|p2a: Regigigas|[miss]\n|-miss|p1a: Zapdos|p2a: Regigigas\n|\n|upkeep\n|turn|30\n|\n|t:|1781454865\n|move|p1a: Zapdos|Roost|p1a: Zapdos\n|-heal|p1a: Zapdos|166/268\n|-singleturn|p1a: Zapdos|move: Roost\n|move|p2a: Regigigas|Knock Off|p1a: Zapdos\n|-damage|p1a: Zapdos|57/268\n|-enditem|p1a: Zapdos|Heavy-Duty Boots|[from] move: Knock Off|[of] p2a: Regigigas\n|\n|upkeep\n|turn|31\n|\n|t:|1781454869\n|move|p1a: Zapdos|Roost|p1a: Zapdos\n|-heal|p1a: Zapdos|191/268\n|-singleturn|p1a: Zapdos|move: Roost\n|move|p2a: Regigigas|Body Slam|p1a: Zapdos\n|-damage|p1a: Zapdos|44/268\n|\n|upkeep\n|turn|32\n|\n|t:|1781454872\n|move|p1a: Zapdos|Roost|p1a: Zapdos\n|-heal|p1a: Zapdos|178/268\n|-singleturn|p1a: Zapdos|move: Roost\n|cant|p2a: Regigigas|par\n|\n|upkeep\n|turn|33\n|\n|t:|1781454876\n|move|p1a: Zapdos|Hurricane|p2a: Regigigas|[miss]\n|-miss|p1a: Zapdos|p2a: Regigigas\n|move|p2a: Regigigas|Body Slam|p1a: Zapdos\n|-damage|p1a: Zapdos|24/268\n|\n|upkeep\n|turn|34\n|\n|t:|1781454880\n|move|p1a: Zapdos|Roost|p1a: Zapdos\n|-heal|p1a: Zapdos|158/268\n|-singleturn|p1a: Zapdos|move: Roost\n|move|p2a: Regigigas|Body Slam|p1a: Zapdos\n|-damage|p1a: Zapdos|14/268\n|\n|upkeep\n|turn|35\n|\n|t:|1781454887\n|move|p1a: Zapdos|Roost|p1a: Zapdos\n|-heal|p1a: Zapdos|148/268\n|-singleturn|p1a: Zapdos|move: Roost\n|move|p2a: Regigigas|Body Slam|p1a: Zapdos\n|-damage|p1a: Zapdos|0 fnt\n|faint|p1a: Zapdos\n|\n|upkeep\n|\n|t:|1781454891\n|switch|p1a: Muk|Muk-Alola, L82, M|162/306\n|turn|36\n|\n|t:|1781454894\n|move|p1a: Muk|Drain Punch|p2a: Regigigas\n|-supereffective|p2a: Regigigas\n|-damage|p2a: Regigigas|230/322 par\n|-heal|p1a: Muk|208/306|[from] drain|[of] p2a: Regigigas\n|move|p2a: Regigigas|Rest|p2a: Regigigas\n|-status|p2a: Regigigas|slp|[from] move: Rest\n|-heal|p2a: Regigigas|322/322 slp|[silent]\n|\n|upkeep\n|turn|37\n|\n|t:|1781454897\n|cant|p2a: Regigigas|slp\n|move|p2a: Regigigas|Sleep Talk|p2a: Regigigas\n|move|p2a: Regigigas|Body Slam|p1a: Muk|[from] move: Sleep Talk\n|-damage|p1a: Muk|58/306\n|move|p1a: Muk|Drain Punch|p2a: Regigigas\n|-supereffective|p2a: Regigigas\n|-damage|p2a: Regigigas|238/322 slp\n|-heal|p1a: Muk|100/306|[from] drain|[of] p2a: Regigigas\n|\n|upkeep\n|turn|38\n|\n|t:|1781454902\n|cant|p2a: Regigigas|slp\n|move|p2a: Regigigas|Sleep Talk|p2a: Regigigas\n|move|p2a: Regigigas|Body Slam|p1a: Muk|[from] move: Sleep Talk\n|-damage|p1a: Muk|0 fnt\n|faint|p1a: Muk\n|\n|win|soap_trusted_you\n", "inputlog": ">version a8376a258c1d4662feba110a92103f3664a72141\n>start {\"formatid\":\"gen9randombattle\",\"seed\":\"sodium,62bb584f2921146a355be5552178f1ff\",\"rated\":\"Rated battle\"}\n>player p1 {\"name\":\"Atelophobia\",\"avatar\":\"1\",\"rating\":1942,\"seed\":\"sodium,7308df741a00ad546a73b23fe6ffbe28\"}\n>player p2 {\"name\":\"soap_trusted_you\",\"avatar\":\"roughneck\",\"rating\":1939,\"seed\":\"sodium,18893ff26fe358f7e7ff2aa5a9c2d59b\"}\n>p1 move taunt\n>p2 switch 4\n>p1 move thunderbolt\n>p2 move earthquake\n>p1 move explosion\n>p2 switch 6\n>p1 switch 5\n>p1 move superpower\n>p2 switch 3\n>p1 move superpower terastallize\n>p2 move bravebird\n>p1 move superpower\n>p2 move uturn\n>p2 switch 2\n>p1 move superpower\n>p2 move gigadrain\n>p2 switch 6\n>p1 move superpower\n>p2 move freezedry\n>p1 switch 4\n>p1 move swordsdance\n>p2 move taunt\n>p1 move closecombat\n>p2 switch 2\n>p2 switch 5\n>p1 move facade\n>p2 move aquacutter\n>p1 switch 6\n>p1 move suckerpunch\n>p2 move aquacutter\n>p2 switch 4\n>p1 switch 3\n>p2 move bravebird\n>p1 move discharge\n>p2 switch 2\n>p1 move uturn\n>p2 move freezedry\n>p1 switch 2\n>p1 move knockoff\n>p2 move spikes\n>p2 switch 2\n>p1 move gunkshot\n>p2 move bulkup\n>p1 switch 2\n>p2 move roost\n>p1 move discharge\n>p2 switch 3\n>p1 move uturn\n>p2 move rest\n>p1 switch 2\n>p1 move knockoff\n>p2 move sleeptalk\n>p1 move drainpunch\n>p2 move sleeptalk\n>p1 move drainpunch\n>p2 move rest\n>p1 move gunkshot\n>p2 move sleeptalk\n>p1 move gunkshot\n>p2 move sleeptalk\n>p1 switch 3\n>p2 move rest\n>p1 move swordsdance\n>p2 move sleeptalk\n>p1 move leechlife\n>p2 move sleeptalk\n>p1 switch 2\n>p1 move hurricane\n>p2 move bodyslam\n>p1 move roost\n>p2 move knockoff\n>p1 move roost\n>p2 move bodyslam\n>p1 move roost\n>p2 move bodyslam\n>p1 move hurricane\n>p2 move bodyslam\n>p1 move roost\n>p2 move bodyslam\n>p1 move roost\n>p2 move bodyslam\n>p1 switch 3\n>p1 move drainpunch\n>p2 move rest\n>p1 move drainpunch\n>p2 move sleeptalk\n>p1 move drainpunch\n>p2 move sleeptalk", "uploadtime": 1781454419, "views": 5, "formatid": "gen9randombattle", "rating": null, "private": 0, "password": null}