{"id": "gen9randombattle-2631780626", "format": "[Gen 9] Random Battle", "players": ["jsjsiis", "FantasyWind"], "log": "|j|\u2606jsjsiis\n|j|\u203dFantasyWind\n|t:|1781438595\n|gametype|singles\n|player|p1|jsjsiis|1|1949\n|player|p2|FantasyWind|rosa|1926\n|gen|9\n|tier|[Gen 9] Random Battle\n|rated|\n|rule|Species Clause: Limit one of each Pok\u00e9mon\n|rule|HP Percentage Mod: HP is shown in percentages\n|rule|Sleep Clause Mod: Limit one foe put to sleep\n|rule|Illusion Level Mod: Illusion disguises the Pok\u00e9mon's true level\n|\n|t:|1781438595\n|teamsize|p1|6\n|teamsize|p2|6\n|start\n|switch|p1a: Lurantis|Lurantis, L87, F|264/264\n|switch|p2a: Kyurem|Kyurem-Black, L71|295/295\n|-ability|p2a: Kyurem|Teravolt\n|turn|1\n|inactive|Battle timer is ON: inactive players will automatically lose when time's up. (requested by FantasyWind)\n|inactive|jsjsiis also wants the timer to be on.\n|\n|t:|1781438614\n|switch|p1a: Quaquaval|Quaquaval, L79, F|264/264\n|move|p2a: Kyurem|Icicle Spear|p1a: Quaquaval\n|-resisted|p1a: Quaquaval\n|-damage|p1a: Quaquaval|246/264\n|-resisted|p1a: Quaquaval\n|-damage|p1a: Quaquaval|228/264\n|-resisted|p1a: Quaquaval\n|-damage|p1a: Quaquaval|209/264\n|-resisted|p1a: Quaquaval\n|-damage|p1a: Quaquaval|191/264\n|-hitcount|p1a: Quaquaval|4\n|\n|upkeep\n|turn|2\n|\n|t:|1781438628\n|switch|p2a: Garchomp|Garchomp, L74, M|282/282\n|move|p1a: Quaquaval|Knock Off|p2a: Garchomp\n|-damage|p2a: Garchomp|172/282\n|-damage|p1a: Quaquaval|158/264|[from] ability: Rough Skin|[of] p2a: Garchomp\n|-damage|p1a: Quaquaval|114/264|[from] item: Rocky Helmet|[of] p2a: Garchomp\n|-enditem|p2a: Garchomp|Rocky Helmet|[from] move: Knock Off|[of] p1a: Quaquaval\n|\n|upkeep\n|turn|3\n|\n|t:|1781438641\n|switch|p1a: Persian|Persian, L92, M|269/269\n|move|p2a: Garchomp|Spikes|p1a: Persian\n|-sidestart|p1: jsjsiis|Spikes\n|\n|upkeep\n|turn|4\n|\n|t:|1781438647\n|move|p1a: Persian|Switcheroo|p2a: Garchomp\n|-activate|p1a: Persian|move: Trick|[of] p2a: Garchomp\n|-item|p2a: Garchomp|Choice Band|[from] move: Switcheroo\n|-enditem|p1a: Persian|Choice Band|[silent]|[from] move: Switcheroo\n|move|p2a: Garchomp|Spikes|p1a: Persian\n|-sidestart|p1: jsjsiis|Spikes\n|\n|upkeep\n|turn|5\n|\n|t:|1781438653\n|move|p1a: Persian|U-turn|p2a: Garchomp\n|-damage|p2a: Garchomp|123/282\n|-damage|p1a: Persian|236/269|[from] ability: Rough Skin|[of] p2a: Garchomp\n|\n|t:|1781438658\n|switch|p1a: Garchomp|Garchomp, L74, M|282/282|[from] U-turn\n|-damage|p1a: Garchomp|235/282|[from] Spikes\n|move|p2a: Garchomp|Spikes|p1a: Garchomp\n|-sidestart|p1: jsjsiis|Spikes\n|\n|upkeep\n|turn|6\n|\n|t:|1781438668\n|switch|p2a: Glastrier|Glastrier, L86|312/312\n|move|p1a: Garchomp|Swords Dance|p1a: Garchomp\n|-boost|p1a: Garchomp|atk|2\n|\n|upkeep\n|turn|7\n|\n|t:|1781438684\n|move|p1a: Garchomp|Stone Edge|p2a: Glastrier\n|-supereffective|p2a: Glastrier\n|-damage|p2a: Glastrier|108/312\n|move|p2a: Glastrier|High Horsepower|p1a: Garchomp\n|-damage|p1a: Garchomp|133/282\n|-damage|p2a: Glastrier|69/312|[from] ability: Rough Skin|[of] p1a: Garchomp\n|\n|upkeep\n|turn|8\n|\n|t:|1781438689\n|move|p1a: Garchomp|Scale Shot|p2a: Glastrier\n|-damage|p2a: Glastrier|33/312\n|-damage|p2a: Glastrier|0 fnt\n|faint|p2a: Glastrier\n|-hitcount|p2: Glastrier|2\n|-unboost|p1a: Garchomp|def|1\n|-boost|p1a: Garchomp|spe|1\n|\n|upkeep\n|\n|t:|1781438700\n|switch|p2a: Dodrio|Dodrio, L85, F|241/241\n|turn|9\n|\n|t:|1781438705\n|move|p1a: Garchomp|Scale Shot|p2a: Dodrio\n|-damage|p2a: Dodrio|184/241\n|-damage|p2a: Dodrio|126/241\n|-damage|p2a: Dodrio|65/241\n|-damage|p2a: Dodrio|1/241\n|-hitcount|p2a: Dodrio|4\n|-unboost|p1a: Garchomp|def|1\n|-boost|p1a: Garchomp|spe|1\n|move|p2a: Dodrio|Brave Bird|p1a: Garchomp\n|-damage|p1a: Garchomp|0 fnt\n|-damage|p2a: Dodrio|0 fnt|[from] ability: Rough Skin|[of] p1a: Garchomp\n|faint|p1a: Garchomp\n|faint|p2a: Dodrio\n|\n|upkeep\n|\n|t:|1781438714\n|switch|p2a: Kyurem|Kyurem-Black, L71|295/295\n|switch|p1a: Dugtrio|Dugtrio-Alola, L84, F|196/196\n|-damage|p1a: Dugtrio|147/196|[from] Spikes\n|-ability|p2a: Kyurem|Teravolt\n|turn|10\n|\n|t:|1781438721\n|-terastallize|p1a: Dugtrio|Steel\n|-terastallize|p2a: Kyurem|Electric\n|move|p1a: Dugtrio|Iron Head|p2a: Kyurem\n|-resisted|p2a: Kyurem\n|-damage|p2a: Kyurem|218/295\n|-damage|p1a: Dugtrio|128/196|[from] item: Life Orb\n|move|p2a: Kyurem|Dragon Dance|p2a: Kyurem\n|-boost|p2a: Kyurem|atk|1\n|-boost|p2a: Kyurem|spe|1\n|\n|upkeep\n|turn|11\n|\n|t:|1781438730\n|move|p1a: Dugtrio|Sucker Punch|p2a: Kyurem\n|-damage|p2a: Kyurem|148/295\n|-damage|p1a: Dugtrio|109/196|[from] item: Life Orb\n|move|p2a: Kyurem|Fusion Bolt|p1a: Dugtrio\n|-damage|p1a: Dugtrio|0 fnt\n|faint|p1a: Dugtrio\n|\n|upkeep\n|\n|t:|1781438734\n|switch|p1a: Lurantis|Lurantis, L87, F|264/264\n|-damage|p1a: Lurantis|198/264|[from] Spikes\n|turn|12\n|\n|t:|1781438736\n|move|p2a: Kyurem|Icicle Spear|p1a: Lurantis\n|-supereffective|p1a: Lurantis\n|-damage|p1a: Lurantis|114/264\n|-supereffective|p1a: Lurantis\n|-damage|p1a: Lurantis|24/264\n|-supereffective|p1a: Lurantis\n|-damage|p1a: Lurantis|0 fnt\n|faint|p1a: Lurantis\n|-hitcount|p1: Lurantis|3\n|\n|upkeep\n|\n|t:|1781438742\n|switch|p1a: Persian|Persian, L92, M|236/269\n|-damage|p1a: Persian|169/269|[from] Spikes\n|turn|13\n|\n|t:|1781438746\n|move|p1a: Persian|Double-Edge|p2a: Kyurem\n|-damage|p2a: Kyurem|31/295\n|-damage|p1a: Persian|130/269|[from] Recoil\n|move|p2a: Kyurem|Icicle Spear|p1a: Persian\n|-damage|p1a: Persian|78/269\n|-damage|p1a: Persian|21/269\n|-damage|p1a: Persian|0 fnt\n|faint|p1a: Persian\n|-hitcount|p1: Persian|3\n|\n|upkeep\n|\n|t:|1781438750\n|switch|p1a: Ogerpon|Ogerpon-Cornerstone, L76, F|247/247\n|-damage|p1a: Ogerpon|186/247|[from] Spikes\n|turn|14\n|\n|t:|1781438752\n|move|p2a: Kyurem|Icicle Spear|p1a: Ogerpon\n|-supereffective|p1a: Ogerpon\n|-damage|p1a: Ogerpon|88/247\n|-supereffective|p1a: Ogerpon\n|-damage|p1a: Ogerpon|0 fnt\n|faint|p1a: Ogerpon\n|-hitcount|p1: Ogerpon|2\n|\n|upkeep\n|-message|jsjsiis forfeited.\n|\n|win|FantasyWind\n|raw|jsjsiis's rating: 1949 &rarr; <strong>1928</strong><br />(-21 for losing)\n|raw|FantasyWind's rating: 1926 &rarr; <strong>1947</strong><br />(+21 for winning)\n|l|\u2606jsjsiis\n|player|p1|\n", "uploadtime": 1781438597, "views": 5, "formatid": "gen9randombattle", "rating": 1928, "private": 0, "password": null}