{"id": "gen9randombattle-2631915982", "format": "[Gen 9] Random Battle", "players": ["KlausUnbound", "nocomment3"], "log": "|badge|p2|bronze|gen9randombattle|100-9\n|uhtml|medal-msg|<div class=\"broadcast-blue\">Curious what those medals under the avatar are? PS now has Ladder Seasons! For more information, check out the <a href=\"https://www.smogon.com/forums/threads/3740067/\">thread on Smogon.</a></div>\n|j|\u2606KlausUnbound\n|j|\u2606nocomment3\n|t:|1781455260\n|gametype|singles\n|player|p1|KlausUnbound|heroine2-conquest|2260\n|player|p2|nocomment3|101|2362\n|gen|9\n|tier|[Gen 9] Random Battle\n|rated|\n|rule|Species Clause: Limit one of each Pok\u00e9mon\n|rule|HP Percentage Mod: HP is shown in percentages\n|rule|Sleep Clause Mod: Limit one foe put to sleep\n|rule|Illusion Level Mod: Illusion disguises the Pok\u00e9mon's true level\n|\n|t:|1781455260\n|teamsize|p1|6\n|teamsize|p2|6\n|start\n|switch|p1a: Copperajah|Copperajah, L86, F|350/350\n|switch|p2a: Pikachu|Pikachu-Partner, L93, F|216/216\n|turn|1\n|inactive|Battle timer is ON: inactive players will automatically lose when time's up. (requested by KlausUnbound)\n|inactive|KlausUnbound has 120 seconds left.\n|\n|t:|1781455292\n|move|p2a: Pikachu|Volt Tackle|p1a: Copperajah\n|-damage|p1a: Copperajah|89/350\n|-damage|p2a: Pikachu|130/216|[from] Recoil\n|move|p1a: Copperajah|Play Rough|p2a: Pikachu|[miss]\n|-miss|p1a: Copperajah|p2a: Pikachu\n|\n|upkeep\n|turn|2\n|\n|t:|1781455298\n|switch|p1a: Donphan|Donphan, L84, M|288/288\n|move|p2a: Pikachu|Surf|p1a: Donphan\n|-supereffective|p1a: Donphan\n|-damage|p1a: Donphan|122/288\n|\n|upkeep\n|turn|3\n|c|\u2606KlausUnbound|kkkkkkkkkkkkkkkkkkkkkkkkkkkkkkkk\n|c|\u2606KlausUnbound|nice\n|\n|t:|1781455305\n|move|p2a: Pikachu|Surf|p1a: Donphan\n|-supereffective|p1a: Donphan\n|-damage|p1a: Donphan|0 fnt\n|faint|p1a: Donphan\n|\n|upkeep\n|\n|t:|1781455308\n|switch|p1a: Lurantis|Lurantis, L87, F|264/264\n|turn|4\n|\n|t:|1781455320\n|switch|p2a: Dragalge|Dragalge, L88, M|258/258\n|move|p1a: Lurantis|Leaf Storm|p2a: Dragalge|[miss]\n|-miss|p1a: Lurantis|p2a: Dragalge\n|\n|upkeep\n|turn|5\n|c|\u2606KlausUnbound|a\n|c|\u2606KlausUnbound|nice\n|\n|t:|1781455328\n|switch|p1a: Copperajah|Copperajah, L86, F|89/350\n|move|p2a: Dragalge|Focus Blast|p1a: Copperajah|[miss]\n|-miss|p2a: Dragalge|p1a: Copperajah\n|\n|upkeep\n|turn|6\n|\n|t:|1781455332\n|move|p2a: Dragalge|Focus Blast|p1a: Copperajah|[miss]\n|-miss|p2a: Dragalge|p1a: Copperajah\n|move|p1a: Copperajah|Stealth Rock|p2a: Dragalge\n|-sidestart|p2: nocomment3|move: Stealth Rock\n|\n|upkeep\n|turn|7\n|\n|t:|1781455335\n|move|p2a: Dragalge|Focus Blast|p1a: Copperajah\n|-supereffective|p1a: Copperajah\n|-damage|p1a: Copperajah|0 fnt\n|faint|p1a: Copperajah\n|\n|upkeep\n|\n|t:|1781455339\n|switch|p1a: Abomasnow|Abomasnow, L84, M|287/287\n|-weather|Snowscape|[from] ability: Snow Warning|[of] p1a: Abomasnow\n|turn|8\n|\n|t:|1781455345\n|move|p1a: Abomasnow|Aurora Veil|p1a: Abomasnow\n|-sidestart|p1: KlausUnbound|move: Aurora Veil\n|move|p2a: Dragalge|Sludge Wave|p1a: Abomasnow\n|-supereffective|p1a: Abomasnow\n|-damage|p1a: Abomasnow|141/287\n|-status|p1a: Abomasnow|psn\n|\n|-weather|Snowscape|[upkeep]\n|-damage|p1a: Abomasnow|106/287 psn|[from] psn\n|upkeep\n|turn|9\n|\n|t:|1781455357\n|switch|p2a: Araquanid|Araquanid, L82, F|246/246\n|move|p1a: Abomasnow|Blizzard|p2a: Araquanid\n|-resisted|p2a: Araquanid\n|-damage|p2a: Araquanid|208/246\n|\n|-weather|Snowscape|[upkeep]\n|-damage|p1a: Abomasnow|71/287 psn|[from] psn\n|upkeep\n|turn|10\n|\n|t:|1781455369\n|move|p1a: Abomasnow|Wood Hammer|p2a: Araquanid\n|-damage|p2a: Araquanid|79/246\n|-damage|p1a: Abomasnow|28/287 psn|[from] Recoil\n|move|p2a: Araquanid|Sticky Web|p1a: Abomasnow\n|-sidestart|p1: KlausUnbound|move: Sticky Web\n|\n|-weather|Snowscape|[upkeep]\n|-damage|p1a: Abomasnow|0 fnt|[from] psn\n|faint|p1a: Abomasnow\n|upkeep\n|\n|t:|1781455376\n|switch|p1a: Lurantis|Lurantis, L87, F|264/264\n|-activate|p1a: Lurantis|move: Sticky Web\n|-boost|p1a: Lurantis|spe|1\n|turn|11\n|\n|t:|1781455381\n|move|p1a: Lurantis|Superpower|p2a: Araquanid\n|-resisted|p2a: Araquanid\n|-damage|p2a: Araquanid|32/246\n|-boost|p1a: Lurantis|atk|1\n|-boost|p1a: Lurantis|def|1\n|move|p2a: Araquanid|Leech Life|p1a: Lurantis\n|-supereffective|p1a: Lurantis\n|-damage|p1a: Lurantis|224/264\n|-heal|p2a: Araquanid|52/246|[from] drain|[of] p1a: Lurantis\n|\n|-weather|Snowscape|[upkeep]\n|upkeep\n|turn|12\n|\n|t:|1781455384\n|move|p1a: Lurantis|Superpower|p2a: Araquanid\n|-resisted|p2a: Araquanid\n|-damage|p2a: Araquanid|0 fnt\n|-boost|p1a: Lurantis|atk|1\n|-boost|p1a: Lurantis|def|1\n|faint|p2a: Araquanid\n|\n|-weather|none\n|upkeep\n|\n|t:|1781455395\n|switch|p2a: Dragalge|Dragalge, L88, M|258/258\n|-damage|p2a: Dragalge|226/258|[from] Stealth Rock\n|turn|13\n|\n|t:|1781455397\n|-terastallize|p1a: Lurantis|Steel\n|move|p1a: Lurantis|Superpower|p2a: Dragalge\n|-resisted|p2a: Dragalge\n|-damage|p2a: Dragalge|144/258\n|-boost|p1a: Lurantis|atk|1\n|-boost|p1a: Lurantis|def|1\n|move|p2a: Dragalge|Toxic|p1a: Lurantis\n|-immune|p1a: Lurantis\n|\n|-heal|p2a: Dragalge|160/258|[from] item: Leftovers\n|upkeep\n|turn|14\n|\n|t:|1781455411\n|move|p1a: Lurantis|Knock Off|p2a: Dragalge\n|-damage|p2a: Dragalge|0 fnt\n|-enditem|p2a: Dragalge|Leftovers|[from] move: Knock Off|[of] p1a: Lurantis\n|faint|p2a: Dragalge\n|\n|upkeep\n|inactive|nocomment3 has 120 seconds left.\n|\n|t:|1781455443\n|switch|p2a: Skarmory|Skarmory, L80, M|235/235\n|-damage|p2a: Skarmory|206/235|[from] Stealth Rock\n|turn|15\n|\n|t:|1781455449\n|move|p1a: Lurantis|Superpower|p2a: Skarmory\n|-damage|p2a: Skarmory|48/235\n|-boost|p1a: Lurantis|atk|1\n|-boost|p1a: Lurantis|def|1\n|-damage|p1a: Lurantis|180/264|[from] item: Rocky Helmet|[of] p2a: Skarmory\n|move|p2a: Skarmory|Body Press|p1a: Lurantis\n|-supereffective|p1a: Lurantis\n|-crit|p1a: Lurantis\n|-damage|p1a: Lurantis|0 fnt\n|faint|p1a: Lurantis\n|\n|-sideend|p1: KlausUnbound|move: Aurora Veil\n|upkeep\n|\n|t:|1781455454\n|switch|p1a: Arceus|Arceus-Water, L71|288/288\n|-activate|p1a: Arceus|move: Sticky Web\n|-unboost|p1a: Arceus|spe|1\n|turn|16\n|c|\u2606KlausUnbound|nice hax\n|c|\u2606KlausUnbound|trash\n|\n|t:|1781455467\n|move|p2a: Skarmory|Body Press|p1a: Arceus\n|-damage|p1a: Arceus|217/288\n|move|p1a: Arceus|Calm Mind|p1a: Arceus\n|-boost|p1a: Arceus|spa|1\n|-boost|p1a: Arceus|spd|1\n|\n|upkeep\n|turn|17\n|\n|t:|1781455475\n|move|p2a: Skarmory|Brave Bird|p1a: Arceus\n|-damage|p1a: Arceus|115/288\n|-damage|p2a: Skarmory|14/235|[from] Recoil\n|move|p1a: Arceus|Judgment|p2a: Skarmory\n|-damage|p2a: Skarmory|0 fnt\n|faint|p2a: Skarmory\n|\n|upkeep\n|\n|t:|1781455479\n|switch|p2a: Pikachu|Pikachu-Partner, L93, F|130/216\n|-damage|p2a: Pikachu|103/216|[from] Stealth Rock\n|turn|18\n|\n|t:|1781455481\n|move|p2a: Pikachu|Volt Tackle|p1a: Arceus\n|-supereffective|p1a: Arceus\n|-damage|p1a: Arceus|0 fnt\n|faint|p1a: Arceus\n|-damage|p2a: Pikachu|65/216|[from] Recoil\n|\n|upkeep\n|\n|t:|1781455482\n|switch|p1a: Sudowoodo|Sudowoodo, L94, F|284/284\n|-activate|p1a: Sudowoodo|move: Sticky Web\n|-unboost|p1a: Sudowoodo|spe|1\n|turn|19\n|\n|t:|1781455487\n|move|p2a: Pikachu|Surf|p1a: Sudowoodo\n|-supereffective|p1a: Sudowoodo\n|-damage|p1a: Sudowoodo|60/284\n|move|p1a: Sudowoodo|Head Smash|p2a: Pikachu\n|-damage|p2a: Pikachu|0 fnt\n|faint|p2a: Pikachu\n|\n|upkeep\n|\n|t:|1781455490\n|switch|p2a: Ogerpon|Ogerpon-Hearthflame, L74, F|239/239\n|-damage|p2a: Ogerpon|180/239|[from] Stealth Rock\n|-ability|p2a: Ogerpon|Mold Breaker\n|turn|20\n|c|\u2606KlausUnbound|trash\n|c|\u2606KlausUnbound|hax\n|\n|t:|1781455495\n|move|p2a: Ogerpon|Knock Off|p1a: Sudowoodo\n|-damage|p1a: Sudowoodo|7/284\n|-enditem|p1a: Sudowoodo|Choice Band|[from] move: Knock Off|[of] p2a: Ogerpon\n|move|p1a: Sudowoodo|Head Smash|p2a: Ogerpon\n|-supereffective|p2a: Ogerpon\n|-damage|p2a: Ogerpon|0 fnt\n|faint|p2a: Ogerpon\n|\n|upkeep\n|\n|t:|1781455498\n|switch|p2a: Slaking|Slaking, L84, F|389/389\n|-damage|p2a: Slaking|341/389|[from] Stealth Rock\n|turn|21\n|\n|t:|1781455500\n|move|p2a: Slaking|Knock Off|p1a: Sudowoodo\n|-damage|p1a: Sudowoodo|0 fnt\n|faint|p1a: Sudowoodo\n|\n|win|nocomment3\n", "inputlog": ">version a8376a258c1d4662feba110a92103f3664a72141\n>start {\"formatid\":\"gen9randombattle\",\"seed\":\"sodium,0f23d8dec50acdb26342a3646de38a5e\",\"rated\":\"Rated battle\"}\n>player p1 {\"name\":\"KlausUnbound\",\"avatar\":\"heroine2-conquest\",\"rating\":2260,\"seed\":\"sodium,5c3a072db8915b074aab7e99e17fa1db\"}\n>player p2 {\"name\":\"nocomment3\",\"avatar\":\"101\",\"rating\":2362,\"seed\":\"sodium,0ec921da043c7edec300588e6a7ef0ae\"}\n>p1 move playrough\n>p2 move volttackle\n>p1 switch 3\n>p2 move surf\n>chat \u2606KlausUnbound|kkkkkkkkkkkkkkkkkkkkkkkkkkkkkkkk\n>chat \u2606KlausUnbound|nice\n>p1 move earthquake\n>p2 move surf\n>p1 switch 5\n>p1 move leafstorm\n>p2 switch 5\n>chat \u2606KlausUnbound|a\n>chat \u2606KlausUnbound|nice\n>p1 switch 3\n>p2 move focusblast\n>p1 move stealthrock\n>p2 move focusblast\n>p1 move ironhead\n>p2 move focusblast\n>p1 switch 4\n>p1 move auroraveil\n>p2 move sludgewave\n>p1 move blizzard\n>p2 switch 6\n>p1 move woodhammer\n>p2 move stickyweb\n>p1 switch 3\n>p1 move superpower\n>p2 move leechlife\n>p1 move superpower\n>p2 move leechlife\n>p2 switch 6\n>p1 move superpower terastallize\n>p2 move toxic\n>p1 move knockoff\n>p2 move focusblast\n>p2 switch 3\n>p1 move superpower\n>p2 move bodypress\n>p1 switch 2\n>chat \u2606KlausUnbound|nice hax\n>chat \u2606KlausUnbound|trash\n>p1 move calmmind\n>p2 move bodypress\n>p1 move judgment\n>p2 move bravebird\n>p2 switch 5\n>p1 move judgment\n>p2 move volttackle\n>p1 switch 6\n>p1 move headsmash\n>p2 move surf\n>p2 switch 4\n>chat \u2606KlausUnbound|trash\n>chat \u2606KlausUnbound|hax\n>p1 move headsmash\n>p2 move knockoff\n>p2 switch 2\n>p1 move headsmash\n>p2 move knockoff", "uploadtime": 1781455262, "views": 4, "formatid": "gen9randombattle", "rating": null, "private": 0, "password": null}