{"id": "gen9randombattle-2631909889", "format": "[Gen 9] Random Battle", "players": ["chichi732", "Elite 4 Anubis"], "log": "|j|\u2606chichi732\n|j|\u2606Elite 4 Anubis\n|t:|1781454614\n|gametype|singles\n|player|p1|chichi732|169|2192\n|player|p2|Elite 4 Anubis|265|2252\n|gen|9\n|tier|[Gen 9] Random Battle\n|rated|\n|rule|Species Clause: Limit one of each Pok\u00e9mon\n|rule|HP Percentage Mod: HP is shown in percentages\n|rule|Sleep Clause Mod: Limit one foe put to sleep\n|rule|Illusion Level Mod: Illusion disguises the Pok\u00e9mon's true level\n|\n|t:|1781454614\n|teamsize|p1|6\n|teamsize|p2|6\n|start\n|switch|p1a: Gurdurr|Gurdurr, L85, F|283/283\n|switch|p2a: Volcanion|Volcanion, L79|256/256\n|turn|1\n|\n|t:|1781454624\n|move|p2a: Volcanion|Flamethrower|p1a: Gurdurr\n|-damage|p1a: Gurdurr|174/283\n|move|p1a: Gurdurr|Drain Punch|p2a: Volcanion\n|-damage|p2a: Volcanion|187/256\n|-heal|p1a: Gurdurr|209/283|[from] drain|[of] p2a: Volcanion\n|\n|upkeep\n|turn|2\n|\n|t:|1781454638\n|move|p2a: Volcanion|Flamethrower|p1a: Gurdurr\n|-damage|p1a: Gurdurr|113/283\n|move|p1a: Gurdurr|Drain Punch|p2a: Volcanion\n|-damage|p2a: Volcanion|111/256\n|-heal|p1a: Gurdurr|151/283|[from] drain|[of] p2a: Volcanion\n|\n|upkeep\n|turn|3\n|\n|t:|1781454645\n|move|p2a: Volcanion|Steam Eruption|p1a: Gurdurr\n|-damage|p1a: Gurdurr|33/283\n|move|p1a: Gurdurr|Drain Punch|p2a: Volcanion\n|-damage|p2a: Volcanion|36/256\n|-heal|p1a: Gurdurr|71/283|[from] drain|[of] p2a: Volcanion\n|\n|upkeep\n|turn|4\n|\n|t:|1781454655\n|switch|p2a: Munkidori|Munkidori, L79, M|269/269\n|move|p1a: Gurdurr|Mach Punch|p2a: Munkidori\n|-resisted|p2a: Munkidori\n|-damage|p2a: Munkidori|254/269\n|\n|upkeep\n|turn|5\n|\n|t:|1781454667\n|move|p2a: Munkidori|Psyshock|p1a: Gurdurr\n|-supereffective|p1a: Gurdurr\n|-damage|p1a: Gurdurr|0 fnt\n|faint|p1a: Gurdurr\n|-damage|p2a: Munkidori|228/269|[from] item: Life Orb\n|\n|upkeep\n|\n|t:|1781454671\n|switch|p1a: Mightyena|Mightyena, L96, M|290/290\n|-ability|p1a: Mightyena|Intimidate|boost\n|-unboost|p2a: Munkidori|atk|1\n|turn|6\n|\n|t:|1781454679\n|switch|p2a: Volcanion|Volcanion, L79|36/256\n|move|p1a: Mightyena|Throat Chop|p2a: Volcanion\n|-damage|p2a: Volcanion|0 fnt\n|faint|p2a: Volcanion\n|\n|upkeep\n|\n|t:|1781454702\n|switch|p2a: Haxorus|Haxorus, L77, F|244/244\n|-ability|p2a: Haxorus|Mold Breaker\n|turn|7\n|\n|t:|1781454722\n|move|p2a: Haxorus|Dragon Dance|p2a: Haxorus\n|-boost|p2a: Haxorus|atk|1\n|-boost|p2a: Haxorus|spe|1\n|move|p1a: Mightyena|Throat Chop|p2a: Haxorus\n|-damage|p2a: Haxorus|73/244\n|-start|p2a: Haxorus|Throat Chop|[silent]\n|\n|upkeep\n|turn|8\n|\n|t:|1781454727\n|move|p2a: Haxorus|Outrage|p1a: Mightyena\n|-damage|p1a: Mightyena|59/290\n|move|p1a: Mightyena|Throat Chop|p2a: Haxorus\n|-crit|p2a: Haxorus\n|-damage|p2a: Haxorus|0 fnt\n|faint|p2a: Haxorus\n|\n|upkeep\n|\n|t:|1781454745\n|switch|p2a: Jirachi|Jirachi, L80|291/291\n|turn|9\n|\n|t:|1781454778\n|move|p2a: Jirachi|Iron Head|p1a: Mightyena\n|-damage|p1a: Mightyena|0 fnt\n|faint|p1a: Mightyena\n|\n|upkeep\n|\n|t:|1781454785\n|switch|p1a: Scovillain|Scovillain, L91, F|266/266\n|turn|10\n|\n|t:|1781454798\n|move|p2a: Jirachi|Body Slam|p1a: Scovillain\n|-damage|p1a: Scovillain|195/266\n|-status|p1a: Scovillain|par\n|move|p1a: Scovillain|Sunny Day|p1a: Scovillain\n|-weather|SunnyDay\n|\n|-weather|SunnyDay|[upkeep]\n|upkeep\n|turn|11\n|\n|t:|1781454810\n|move|p2a: Jirachi|Iron Head|p1a: Scovillain\n|-resisted|p1a: Scovillain\n|-damage|p1a: Scovillain|147/266 par\n|cant|p1a: Scovillain|flinch\n|\n|-weather|SunnyDay|[upkeep]\n|upkeep\n|turn|12\n|\n|t:|1781454815\n|move|p2a: Jirachi|Iron Head|p1a: Scovillain\n|-resisted|p1a: Scovillain\n|-damage|p1a: Scovillain|98/266 par\n|cant|p1a: Scovillain|flinch\n|\n|-weather|SunnyDay|[upkeep]\n|upkeep\n|turn|13\n|\n|t:|1781454828\n|move|p2a: Jirachi|Iron Head|p1a: Scovillain\n|-resisted|p1a: Scovillain\n|-damage|p1a: Scovillain|56/266 par\n|move|p1a: Scovillain|Fire Blast|p2a: Jirachi\n|-supereffective|p2a: Jirachi\n|-damage|p2a: Jirachi|0 fnt\n|faint|p2a: Jirachi\n|\n|-weather|SunnyDay|[upkeep]\n|upkeep\n|inactive|Battle timer is ON: inactive players will automatically lose when time's up. (requested by chichi732)\n|\n|t:|1781454861\n|switch|p2a: Noctowl|Noctowl, L95, F|344/344\n|turn|14\n|\n|t:|1781454872\n|move|p1a: Scovillain|Fire Blast|p2a: Noctowl\n|-damage|p2a: Noctowl|167/344\n|move|p2a: Noctowl|Hyper Voice|p1a: Scovillain\n|-damage|p1a: Scovillain|0 fnt\n|faint|p1a: Scovillain\n|\n|-weather|none\n|upkeep\n|\n|t:|1781454884\n|switch|p1a: Ogerpon|Ogerpon-Wellspring, L76, F|247/247\n|turn|15\n|\n|t:|1781454903\n|-terastallize|p1a: Ogerpon|Water\n|detailschange|p1a: Ogerpon|Ogerpon-Wellspring-Tera, L76, F, tera:Water\n|-ability|p1a: Ogerpon|Embody Aspect (Wellspring)|boost\n|-boost|p1a: Ogerpon|spd|1\n|move|p1a: Ogerpon|Ivy Cudgel|p2a: Noctowl|[anim] Ivy Cudgel Water\n|-damage|p2a: Noctowl|0 fnt\n|faint|p2a: Noctowl\n|\n|upkeep\n|\n|t:|1781454915\n|switch|p2a: Munkidori|Munkidori, L79, M|228/269\n|turn|16\n|\n|t:|1781454936\n|move|p2a: Munkidori|Psyshock|p1a: Ogerpon\n|-damage|p1a: Ogerpon|95/247\n|-damage|p2a: Munkidori|202/269|[from] item: Life Orb\n|move|p1a: Ogerpon|Ivy Cudgel|p2a: Munkidori|[anim] Ivy Cudgel Water\n|-crit|p2a: Munkidori\n|-damage|p2a: Munkidori|0 fnt\n|faint|p2a: Munkidori\n|\n|upkeep\n|\n|t:|1781454944\n|switch|p2a: Palossand|Palossand, L89, F|296/296\n|turn|17\n|\n|t:|1781454951\n|-terastallize|p2a: Palossand|Poison\n|move|p1a: Ogerpon|Synthesis|p1a: Ogerpon\n|-heal|p1a: Ogerpon|218/247\n|move|p2a: Palossand|Shore Up|p2a: Palossand\n|-fail|p2a: Palossand|heal\n|\n|upkeep\n|turn|18\n|\n|t:|1781454956\n|move|p1a: Ogerpon|Encore|p2a: Palossand\n|-start|p2a: Palossand|Encore\n|move|p2a: Palossand|Shore Up|p2a: Palossand\n|-fail|p2a: Palossand|heal\n|\n|upkeep\n|turn|19\n|\n|t:|1781454964\n|switch|p1a: Indeedee|Indeedee, L84, M|238/238\n|-fieldstart|move: Psychic Terrain|[from] ability: Psychic Surge|[of] p1a: Indeedee\n|move|p2a: Palossand|Shore Up|p2a: Palossand\n|-fail|p2a: Palossand|heal\n|\n|upkeep\n|turn|20\n|-message|Elite 4 Anubis forfeited.\n|\n|win|chichi732\n|raw|chichi732's rating: 2192 &rarr; <strong>2215</strong><br />(+23 for winning)\n|raw|Elite 4 Anubis's rating: 2252 &rarr; <strong>2229</strong><br />(-23 for losing)\n", "uploadtime": 1781454617, "views": 3, "formatid": "gen9randombattle", "rating": 2215, "private": 0, "password": null}