{"id": "gen9randombattle-2631450894", "format": "[Gen 9] Random Battle", "players": ["Dannymcq", "YOYILANG2"], "log": "|j|\u2606Dannymcq\n|j|\u2606YOYILANG2\n|t:|1781386225\n|gametype|singles\n|player|p1|Dannymcq|266|1971\n|player|p2|YOYILANG2|1|2028\n|gen|9\n|tier|[Gen 9] Random Battle\n|rated|\n|rule|Species Clause: Limit one of each Pok\u00e9mon\n|rule|HP Percentage Mod: HP is shown in percentages\n|rule|Sleep Clause Mod: Limit one foe put to sleep\n|rule|Illusion Level Mod: Illusion disguises the Pok\u00e9mon's true level\n|\n|t:|1781386225\n|teamsize|p1|6\n|teamsize|p2|6\n|start\n|switch|p1a: Excadrill|Excadrill, L79, M|303/303\n|switch|p2a: Dragapult|Dragapult, L77, F|262/262\n|-ability|p1a: Excadrill|Mold Breaker\n|turn|1\n|inactive|Battle timer is ON: inactive players will automatically lose when time's up. (requested by YOYILANG2)\n|\n|t:|1781386237\n|move|p2a: Dragapult|Fire Blast|p1a: Excadrill|[miss]\n|-miss|p2a: Dragapult|p1a: Excadrill\n|move|p1a: Excadrill|Earthquake|p2a: Dragapult\n|-damage|p2a: Dragapult|109/262\n|\n|upkeep\n|turn|2\n|\n|t:|1781386252\n|move|p2a: Dragapult|Fire Blast|p1a: Excadrill\n|-supereffective|p1a: Excadrill\n|-crit|p1a: Excadrill\n|-damage|p1a: Excadrill|51/303\n|-status|p1a: Excadrill|brn\n|-damage|p2a: Dragapult|83/262|[from] item: Life Orb\n|move|p1a: Excadrill|Earthquake|p2a: Dragapult\n|-damage|p2a: Dragapult|14/262\n|\n|-damage|p1a: Excadrill|33/303 brn|[from] brn\n|upkeep\n|turn|3\n|\n|t:|1781386258\n|move|p2a: Dragapult|Dragon Darts|p1a: Excadrill\n|-resisted|p1a: Excadrill\n|-damage|p1a: Excadrill|0 fnt\n|faint|p1a: Excadrill\n|-damage|p2a: Dragapult|0 fnt|[from] item: Life Orb\n|faint|p2a: Dragapult\n|\n|upkeep\n|\n|t:|1781386270\n|switch|p2a: Lanturn|Lanturn, L89, F|367/367\n|switch|p1a: Amoonguss|Amoonguss, L82, M|321/321\n|turn|4\n|\n|t:|1781386276\n|move|p2a: Lanturn|Thunder Wave|p1a: Amoonguss|[miss]\n|-miss|p2a: Lanturn|p1a: Amoonguss\n|move|p1a: Amoonguss|Spore|p2a: Lanturn\n|-status|p2a: Lanturn|slp|[from] move: Spore\n|\n|upkeep\n|turn|5\n|\n|t:|1781386287\n|switch|p2a: Sawsbuck|Sawsbuck-Autumn, L88, F|284/284\n|move|p1a: Amoonguss|Sludge Bomb|p2a: Sawsbuck\n|-supereffective|p2a: Sawsbuck\n|-damage|p2a: Sawsbuck|96/284\n|\n|upkeep\n|turn|6\n|\n|t:|1781386294\n|move|p2a: Sawsbuck|Headbutt|p1a: Amoonguss\n|-damage|p1a: Amoonguss|200/321\n|-damage|p2a: Sawsbuck|49/284|[from] item: Rocky Helmet|[of] p1a: Amoonguss\n|-damage|p2a: Sawsbuck|21/284|[from] item: Life Orb\n|move|p1a: Amoonguss|Sludge Bomb|p2a: Sawsbuck\n|-supereffective|p2a: Sawsbuck\n|-damage|p2a: Sawsbuck|0 fnt\n|faint|p2a: Sawsbuck\n|\n|upkeep\n|-message|YOYILANG2 forfeited.\n|\n|win|Dannymcq\n", "inputlog": ">version a8376a258c1d4662feba110a92103f3664a72141\n>start {\"formatid\":\"gen9randombattle\",\"seed\":\"sodium,c771cf13f1c6e0a1000a600ae8a66e84\",\"rated\":\"Rated battle\"}\n>player p1 {\"name\":\"Dannymcq\",\"avatar\":\"266\",\"rating\":1971,\"seed\":\"sodium,685b174488868d415e81ff37f1d6f74f\"}\n>player p2 {\"name\":\"YOYILANG2\",\"avatar\":\"1\",\"rating\":2028,\"seed\":\"sodium,fd3b4d728bbab4bfbd435661bee6bf8c\"}\n>p1 move earthquake\n>p2 move fireblast\n>p1 move earthquake\n>p2 move fireblast\n>p1 move earthquake\n>p2 move dragondarts\n>p1 switch 5\n>p2 switch 4\n>p1 move spore\n>p2 move thunderwave\n>p1 move sludgebomb\n>p2 switch 5\n>p1 move sludgebomb\n>p2 move headbutt\n>forcelose p2", "uploadtime": 1781386227, "views": 8, "formatid": "gen9randombattle", "rating": null, "private": 0, "password": null}