{"id": "gen9randombattle-2631882295", "format": "[Gen 9] Random Battle", "players": ["Chickamunga", "emandab"], "log": "|j|\u2606Chickamunga\n|j|\u2606emandab\n|t:|1781451626\n|gametype|singles\n|player|p1|Chickamunga|101|1346\n|player|p2|emandab|swimmer-gen4dp|1322\n|gen|9\n|tier|[Gen 9] Random Battle\n|rated|\n|rule|Species Clause: Limit one of each Pok\u00e9mon\n|rule|HP Percentage Mod: HP is shown in percentages\n|rule|Sleep Clause Mod: Limit one foe put to sleep\n|rule|Illusion Level Mod: Illusion disguises the Pok\u00e9mon's true level\n|\n|t:|1781451626\n|teamsize|p1|6\n|teamsize|p2|6\n|start\n|switch|p1a: Pyroar|Pyroar, L88, F|295/295\n|switch|p2a: Umbreon|Umbreon, L84, M|297/297\n|-ability|p1a: Pyroar|Unnerve\n|turn|1\n|inactive|Battle timer is ON: inactive players will automatically lose when time's up. (requested by emandab)\n|\n|t:|1781451636\n|move|p1a: Pyroar|Taunt|p2a: Umbreon\n|-start|p2a: Umbreon|move: Taunt\n|cant|p2a: Umbreon|move: Taunt|Toxic\n|\n|upkeep\n|turn|2\n|\n|t:|1781451645\n|switch|p2a: Milotic|Milotic, L83, F|293/293\n|move|p1a: Pyroar|Hyper Voice|p2a: Milotic\n|-damage|p2a: Milotic|197/293\n|\n|-heal|p2a: Milotic|215/293|[from] item: Leftovers\n|upkeep\n|turn|3\n|\n|t:|1781451656\n|switch|p1a: Skarmory|Skarmory, L80, M|235/235\n|move|p2a: Milotic|Scald|p1a: Skarmory\n|-damage|p1a: Skarmory|126/235\n|\n|-heal|p2a: Milotic|233/293|[from] item: Leftovers\n|upkeep\n|turn|4\n|\n|t:|1781451670\n|move|p2a: Milotic|Scald|p1a: Skarmory\n|-damage|p1a: Skarmory|27/235\n|move|p1a: Skarmory|Spikes|p2a: Milotic\n|-sidestart|p2: emandab|Spikes\n|\n|-heal|p2a: Milotic|251/293|[from] item: Leftovers\n|upkeep\n|turn|5\n|\n|t:|1781451681\n|move|p2a: Milotic|Ice Beam|p1a: Skarmory\n|-damage|p1a: Skarmory|0 fnt\n|faint|p1a: Skarmory\n|\n|-heal|p2a: Milotic|269/293|[from] item: Leftovers\n|upkeep\n|\n|t:|1781451692\n|switch|p1a: Cresselia|Cresselia, L80, F|323/323\n|turn|6\n|\n|t:|1781451710\n|move|p2a: Milotic|Scald|p1a: Cresselia\n|-damage|p1a: Cresselia|248/323\n|move|p1a: Cresselia|Calm Mind|p1a: Cresselia\n|-boost|p1a: Cresselia|spa|1\n|-boost|p1a: Cresselia|spd|1\n|\n|-heal|p1a: Cresselia|268/323|[from] item: Leftovers\n|-heal|p2a: Milotic|287/293|[from] item: Leftovers\n|upkeep\n|turn|7\n|\n|t:|1781451721\n|move|p2a: Milotic|Haze|p2a: Milotic\n|-clearallboost\n|move|p1a: Cresselia|Calm Mind|p1a: Cresselia\n|-boost|p1a: Cresselia|spa|1\n|-boost|p1a: Cresselia|spd|1\n|\n|-heal|p1a: Cresselia|288/323|[from] item: Leftovers\n|-heal|p2a: Milotic|293/293|[from] item: Leftovers\n|upkeep\n|turn|8\n|\n|t:|1781451733\n|switch|p2a: Skeledirge|Skeledirge, L79, F|294/294\n|move|p1a: Cresselia|Psyshock|p2a: Skeledirge\n|-crit|p2a: Skeledirge\n|-damage|p2a: Skeledirge|197/294\n|\n|-heal|p1a: Cresselia|308/323|[from] item: Leftovers\n|upkeep\n|turn|9\n|\n|t:|1781451744\n|move|p1a: Cresselia|Psyshock|p2a: Skeledirge\n|-damage|p2a: Skeledirge|139/294\n|move|p2a: Skeledirge|Flame Charge|p1a: Cresselia\n|-damage|p1a: Cresselia|271/323\n|-boost|p2a: Skeledirge|spe|1\n|\n|-heal|p1a: Cresselia|291/323|[from] item: Leftovers\n|upkeep\n|turn|10\n|\n|t:|1781451754\n|move|p2a: Skeledirge|Slack Off|p2a: Skeledirge\n|-heal|p2a: Skeledirge|286/294\n|move|p1a: Cresselia|Psyshock|p2a: Skeledirge\n|-damage|p2a: Skeledirge|220/294\n|\n|-heal|p1a: Cresselia|311/323|[from] item: Leftovers\n|upkeep\n|turn|11\n|\n|t:|1781451772\n|switch|p1a: Pyroar|Pyroar, L88, F|295/295\n|-ability|p1a: Pyroar|Unnerve\n|move|p2a: Skeledirge|Torch Song|p1a: Pyroar\n|-resisted|p1a: Pyroar\n|-damage|p1a: Pyroar|244/295\n|-boost|p2a: Skeledirge|spa|1\n|\n|upkeep\n|turn|12\n|\n|t:|1781451795\n|switch|p2a: Umbreon|Umbreon, L84, M|297/297\n|-damage|p2a: Umbreon|260/297|[from] Spikes\n|move|p1a: Pyroar|Dark Pulse|p2a: Umbreon\n|-resisted|p2a: Umbreon\n|-damage|p2a: Umbreon|235/297\n|\n|-heal|p2a: Umbreon|253/297|[from] item: Leftovers\n|upkeep\n|turn|13\n|\n|t:|1781451805\n|move|p1a: Pyroar|Taunt|p2a: Umbreon\n|-start|p2a: Umbreon|move: Taunt\n|move|p2a: Umbreon|Foul Play|p1a: Pyroar\n|-damage|p1a: Pyroar|177/295\n|\n|-heal|p2a: Umbreon|271/297|[from] item: Leftovers\n|upkeep\n|turn|14\n|\n|t:|1781451817\n|switch|p2a: Milotic|Milotic, L83, F|293/293\n|-damage|p2a: Milotic|257/293|[from] Spikes\n|move|p1a: Pyroar|Hyper Voice|p2a: Milotic\n|-damage|p2a: Milotic|173/293\n|\n|-heal|p2a: Milotic|191/293|[from] item: Leftovers\n|upkeep\n|turn|15\n|inactive|Chickamunga has 120 seconds left.\n|\n|t:|1781451833\n|switch|p1a: Gothitelle|Gothitelle, L90, F|272/272\n|move|p2a: Milotic|Scald|p1a: Gothitelle\n|-damage|p1a: Gothitelle|206/272\n|\n|-heal|p2a: Milotic|209/293|[from] item: Leftovers\n|-heal|p1a: Gothitelle|223/272|[from] item: Leftovers\n|upkeep\n|turn|16\n|inactive|Chickamunga has 120 seconds left.\n|\n|t:|1781451846\n|move|p2a: Milotic|Scald|p1a: Gothitelle\n|-damage|p1a: Gothitelle|154/272\n|move|p1a: Gothitelle|Calm Mind|p1a: Gothitelle\n|-boost|p1a: Gothitelle|spa|1\n|-boost|p1a: Gothitelle|spd|1\n|\n|-heal|p2a: Milotic|227/293|[from] item: Leftovers\n|-heal|p1a: Gothitelle|171/272|[from] item: Leftovers\n|upkeep\n|turn|17\n|inactive|Chickamunga has 120 seconds left.\n|\n|t:|1781451859\n|move|p2a: Milotic|Haze|p2a: Milotic\n|-clearallboost\n|move|p1a: Gothitelle|Thunderbolt|p2a: Milotic\n|-supereffective|p2a: Milotic\n|-damage|p2a: Milotic|113/293\n|\n|-heal|p2a: Milotic|131/293|[from] item: Leftovers\n|-heal|p1a: Gothitelle|188/272|[from] item: Leftovers\n|upkeep\n|turn|18\n|inactive|Chickamunga has 120 seconds left.\n|\n|t:|1781451891\n|move|p2a: Milotic|Scald|p1a: Gothitelle\n|-damage|p1a: Gothitelle|121/272\n|move|p1a: Gothitelle|Thunderbolt|p2a: Milotic\n|-supereffective|p2a: Milotic\n|-damage|p2a: Milotic|17/293\n|\n|-heal|p2a: Milotic|35/293|[from] item: Leftovers\n|-heal|p1a: Gothitelle|138/272|[from] item: Leftovers\n|upkeep\n|turn|19\n|\n|t:|1781451901\n|move|p2a: Milotic|Scald|p1a: Gothitelle\n|-damage|p1a: Gothitelle|68/272\n|move|p1a: Gothitelle|Calm Mind|p1a: Gothitelle\n|-boost|p1a: Gothitelle|spa|1\n|-boost|p1a: Gothitelle|spd|1\n|\n|-heal|p2a: Milotic|53/293|[from] item: Leftovers\n|-heal|p1a: Gothitelle|85/272|[from] item: Leftovers\n|upkeep\n|turn|20\n|\n|t:|1781451910\n|move|p2a: Milotic|Scald|p1a: Gothitelle\n|-damage|p1a: Gothitelle|37/272\n|move|p1a: Gothitelle|Thunderbolt|p2a: Milotic\n|-supereffective|p2a: Milotic\n|-damage|p2a: Milotic|0 fnt\n|faint|p2a: Milotic\n|\n|-heal|p1a: Gothitelle|54/272|[from] item: Leftovers\n|upkeep\n|\n|t:|1781451920\n|switch|p2a: Morpeko|Morpeko, L88, M|245/245\n|turn|21\n|inactive|Chickamunga has 120 seconds left.\n|\n|t:|1781451944\n|move|p2a: Morpeko|Aura Wheel|p1a: Gothitelle\n|-damage|p1a: Gothitelle|0 fnt\n|-boost|p2a: Morpeko|spe|1\n|faint|p1a: Gothitelle\n|\n|-formechange|p2a: Morpeko|Morpeko-Hangry||[from] ability: Hunger Switch\n|upkeep\n|\n|t:|1781451959\n|switch|p1a: Sandaconda|Sandaconda, L84, M|258/258\n|turn|22\n|\n|t:|1781451974\n|move|p2a: Morpeko|Parting Shot|p1a: Sandaconda\n|-unboost|p1a: Sandaconda|atk|1\n|-unboost|p1a: Sandaconda|spa|1\n|\n|t:|1781451978\n|switch|p2a: Espathra|Espathra, L80, M|283/283|[from] Parting Shot\n|-damage|p2a: Espathra|248/283|[from] Spikes\n|move|p1a: Sandaconda|Stealth Rock|p2a: Espathra\n|-sidestart|p2: emandab|move: Stealth Rock\n|\n|upkeep\n|turn|23\n|\n|t:|1781451996\n|move|p2a: Espathra|Lumina Crash|p1a: Sandaconda\n|-damage|p1a: Sandaconda|114/258\n|-unboost|p1a: Sandaconda|spd|2\n|move|p1a: Sandaconda|Glare|p2a: Espathra\n|-status|p2a: Espathra|par\n|\n|-heal|p1a: Sandaconda|130/258|[from] item: Leftovers\n|-ability|p2a: Espathra|Speed Boost|boost\n|-boost|p2a: Espathra|spe|1\n|upkeep\n|turn|24\n|\n|t:|1781452012\n|move|p1a: Sandaconda|Stone Edge|p2a: Espathra|[miss]\n|-miss|p1a: Sandaconda|p2a: Espathra\n|move|p2a: Espathra|Lumina Crash|p1a: Sandaconda\n|-damage|p1a: Sandaconda|0 fnt\n|faint|p1a: Sandaconda\n|\n|-ability|p2a: Espathra|Speed Boost|boost\n|-boost|p2a: Espathra|spe|1\n|upkeep\n|inactive|Chickamunga has 90 seconds left.\n|\n|t:|1781452036\n|switch|p1a: Cresselia|Cresselia, L80, F|311/323\n|turn|25\n|\n|t:|1781452050\n|switch|p2a: Skeledirge|Skeledirge, L79, F|220/294\n|move|p1a: Cresselia|Calm Mind|p1a: Cresselia\n|-boost|p1a: Cresselia|spa|1\n|-boost|p1a: Cresselia|spd|1\n|\n|-heal|p1a: Cresselia|323/323|[from] item: Leftovers\n|upkeep\n|turn|26\n|inactive|Chickamunga has 90 seconds left.\n|\n|t:|1781452078\n|move|p1a: Cresselia|Calm Mind|p1a: Cresselia\n|-boost|p1a: Cresselia|spa|1\n|-boost|p1a: Cresselia|spd|1\n|move|p2a: Skeledirge|Flame Charge|p1a: Cresselia\n|-damage|p1a: Cresselia|286/323\n|-boost|p2a: Skeledirge|spe|1\n|\n|-heal|p1a: Cresselia|306/323|[from] item: Leftovers\n|upkeep\n|turn|27\n|\n|t:|1781452088\n|move|p2a: Skeledirge|Flame Charge|p1a: Cresselia\n|-damage|p1a: Cresselia|270/323\n|-boost|p2a: Skeledirge|spe|1\n|move|p1a: Cresselia|Psyshock|p2a: Skeledirge\n|-damage|p2a: Skeledirge|160/294\n|\n|-heal|p1a: Cresselia|290/323|[from] item: Leftovers\n|upkeep\n|turn|28\n|\n|t:|1781452097\n|move|p2a: Skeledirge|Slack Off|p2a: Skeledirge\n|-heal|p2a: Skeledirge|294/294\n|move|p1a: Cresselia|Psyshock|p2a: Skeledirge\n|-damage|p2a: Skeledirge|233/294\n|\n|-heal|p1a: Cresselia|310/323|[from] item: Leftovers\n|upkeep\n|turn|29\n|\n|t:|1781452112\n|switch|p1a: Ogerpon|Ogerpon-Hearthflame, L74, F|239/239\n|-ability|p1a: Ogerpon|Mold Breaker\n|move|p2a: Skeledirge|Torch Song|p1a: Ogerpon\n|-damage|p1a: Ogerpon|152/239\n|-boost|p2a: Skeledirge|spa|1\n|\n|upkeep\n|turn|30\n|\n|t:|1781452131\n|move|p2a: Skeledirge|Torch Song|p1a: Ogerpon\n|-damage|p1a: Ogerpon|16/239\n|-boost|p2a: Skeledirge|spa|1\n|move|p1a: Ogerpon|Stomping Tantrum|p2a: Skeledirge\n|-supereffective|p2a: Skeledirge\n|-damage|p2a: Skeledirge|129/294\n|\n|upkeep\n|turn|31\n|\n|t:|1781452143\n|move|p2a: Skeledirge|Torch Song|p1a: Ogerpon\n|-damage|p1a: Ogerpon|0 fnt\n|-boost|p2a: Skeledirge|spa|1\n|faint|p1a: Ogerpon\n|\n|upkeep\n|\n|t:|1781452151\n|switch|p1a: Pyroar|Pyroar, L88, F|177/295\n|-ability|p1a: Pyroar|Unnerve\n|turn|32\n|\n|t:|1781452160\n|-terastallize|p2a: Skeledirge|Fairy\n|move|p2a: Skeledirge|Slack Off|p2a: Skeledirge\n|-heal|p2a: Skeledirge|276/294\n|move|p1a: Pyroar|Taunt|p2a: Skeledirge\n|-start|p2a: Skeledirge|move: Taunt\n|\n|upkeep\n|turn|33\n|inactive|Chickamunga has 90 seconds left.\n|n|!Chickamunga|chickamunga\n|inactive|Chickamunga has 60 seconds left.\n|l|!Chickamunga\n|inactive|Chickamunga disconnected and has a minute to reconnect!\n|player|p1|\n|inactive|Chickamunga has 30 seconds left.\n|inactive|Chickamunga has 20 seconds left.\n|inactive|Chickamunga has 15 seconds left.\n|inactive|Chickamunga has 10 seconds left.\n|inactive|Chickamunga has 5 seconds left.\n|-message|Chickamunga lost due to inactivity.\n|\n|win|emandab\n", "inputlog": ">version a8376a258c1d4662feba110a92103f3664a72141\n>start {\"formatid\":\"gen9randombattle\",\"seed\":\"sodium,06829bc4034c9efb1ce795e9c9a8c39a\",\"rated\":\"Rated battle\"}\n>player p1 {\"name\":\"Chickamunga\",\"avatar\":\"101\",\"rating\":1346,\"seed\":\"sodium,d0125ab6ca816c9be936e8428dd62c1e\"}\n>player p2 {\"name\":\"emandab\",\"avatar\":\"swimmer-gen4dp\",\"rating\":1322,\"seed\":\"sodium,66a449a8d979a2b53066f76d2c144f1e\"}\n>p1 move taunt\n>p2 move toxic\n>p1 move hypervoice\n>p2 switch 6\n>p1 switch 4\n>p2 move scald\n>p1 move spikes\n>p2 move scald\n>p1 move spikes\n>p2 move icebeam\n>p1 switch 5\n>p1 move calmmind\n>p2 move scald\n>p1 move calmmind\n>p2 move haze\n>p1 move psyshock\n>p2 switch 3\n>p1 move psyshock\n>p2 move flamecharge\n>p1 move psyshock\n>p2 move slackoff\n>p1 switch 4\n>p2 move torchsong\n>p1 move darkpulse\n>p2 switch 6\n>p1 move taunt\n>p2 move foulplay\n>p1 move hypervoice\n>p2 switch 3\n>p1 switch 6\n>p2 move scald\n>p1 move calmmind\n>p2 move scald\n>p1 move thunderbolt\n>p2 move haze\n>p1 move thunderbolt\n>p2 move scald\n>p1 move calmmind\n>p2 move scald\n>p1 move thunderbolt\n>p2 move scald\n>p2 switch 2\n>p1 move focusblast\n>p2 move aurawheel\n>p1 switch 2\n>p1 move stealthrock\n>p2 move partingshot\n>p2 switch 4\n>p1 move glare\n>p2 move luminacrash\n>p1 move stoneedge\n>p2 move luminacrash\n>p1 switch 4\n>p1 move calmmind\n>p2 switch 6\n>p1 move calmmind\n>p2 move flamecharge\n>p1 move psyshock\n>p2 move flamecharge\n>p1 move psyshock\n>p2 move slackoff\n>p1 switch 3\n>p2 move torchsong\n>p1 move stompingtantrum\n>p2 move torchsong\n>p1 move stompingtantrum\n>p2 move torchsong\n>p1 switch 6\n>p1 move taunt\n>p2 move slackoff terastallize\n>chat \u2606Chickamunga|Fuck u\n>forcelose p1", "uploadtime": 1781452174, "views": 10, "formatid": "gen9randombattle", "rating": null, "private": 0, "password": null}