{"id": "gen9randombattle-2631467393", "format": "[Gen 9] Random Battle", "players": ["slightlyartistic", "fingerfonger"], "log": "|j|\u2606slightlyartistic\n|j|\u2606fingerfonger\n|t:|1781388335\n|gametype|singles\n|player|p1|slightlyartistic|2|2038\n|player|p2|fingerfonger|clerkf|2070\n|gen|9\n|tier|[Gen 9] Random Battle\n|rated|\n|rule|Species Clause: Limit one of each Pok\u00e9mon\n|rule|HP Percentage Mod: HP is shown in percentages\n|rule|Sleep Clause Mod: Limit one foe put to sleep\n|rule|Illusion Level Mod: Illusion disguises the Pok\u00e9mon's true level\n|\n|t:|1781388335\n|teamsize|p1|6\n|teamsize|p2|6\n|start\n|switch|p1a: Pincurchin|Pincurchin, F|258/258\n|switch|p2a: Wugtrio|Wugtrio, L91, M|212/212\n|-fieldstart|move: Electric Terrain|[from] ability: Electric Surge|[of] p1a: Pincurchin\n|turn|1\n|\n|t:|1781388344\n|switch|p2a: Whiscash|Whiscash, L88, M|337/337\n|move|p1a: Pincurchin|Liquidation|p2a: Whiscash\n|-damage|p2a: Whiscash|242/337\n|\n|upkeep\n|turn|2\n|inactive|Battle timer is ON: inactive players will automatically lose when time's up. (requested by fingerfonger)\n|\n|t:|1781388353\n|switch|p1a: Espeon|Espeon, L84, M|246/246\n|move|p2a: Whiscash|Liquidation|p1a: Espeon\n|-damage|p1a: Espeon|89/246\n|-damage|p2a: Whiscash|209/337|[from] item: Life Orb\n|\n|upkeep\n|turn|3\n|\n|t:|1781388360\n|switch|p1a: Giratina|Giratina-Origin, L72|335/335\n|move|p2a: Whiscash|Earthquake|p1a: Giratina\n|-immune|p1a: Giratina|[from] ability: Levitate\n|\n|upkeep\n|turn|4\n|\n|t:|1781388380\n|switch|p2a: Qwilfish|Qwilfish-Hisui, L83, F|244/244\n|-ability|p2a: Qwilfish|Intimidate|boost\n|-unboost|p1a: Giratina|atk|1\n|move|p1a: Giratina|Will-O-Wisp|p2a: Qwilfish\n|-status|p2a: Qwilfish|brn\n|\n|-damage|p2a: Qwilfish|229/244 brn|[from] brn\n|upkeep\n|turn|5\n|\n|t:|1781388392\n|switch|p1a: Skuntank|Skuntank, L84, F|310/310\n|move|p2a: Qwilfish|Crunch|p1a: Skuntank\n|-resisted|p1a: Skuntank\n|-damage|p1a: Skuntank|283/310\n|-unboost|p1a: Skuntank|def|1\n|\n|-heal|p1a: Skuntank|302/310|[from] item: Leftovers\n|-damage|p2a: Qwilfish|214/244 brn|[from] brn\n|-fieldend|move: Electric Terrain\n|upkeep\n|turn|6\n|\n|t:|1781388405\n|switch|p2a: Ho-Oh|Ho-Oh, L71|268/268\n|move|p1a: Skuntank|Knock Off|p2a: Ho-Oh\n|-damage|p2a: Ho-Oh|145/268\n|-enditem|p2a: Ho-Oh|Heavy-Duty Boots|[from] move: Knock Off|[of] p1a: Skuntank\n|\n|-heal|p1a: Skuntank|310/310|[from] item: Leftovers\n|upkeep\n|turn|7\n|\n|t:|1781388410\n|move|p1a: Skuntank|Gunk Shot|p2a: Ho-Oh\n|-damage|p2a: Ho-Oh|7/268\n|-status|p2a: Ho-Oh|psn\n|move|p2a: Ho-Oh|Recover|p2a: Ho-Oh\n|-heal|p2a: Ho-Oh|141/268 psn\n|\n|-damage|p2a: Ho-Oh|108/268 psn|[from] psn\n|upkeep\n|turn|8\n|\n|t:|1781388416\n|move|p1a: Skuntank|Toxic Spikes|p2a: Ho-Oh\n|-sidestart|p2: fingerfonger|move: Toxic Spikes\n|move|p2a: Ho-Oh|Sacred Fire|p1a: Skuntank\n|-damage|p1a: Skuntank|121/310\n|\n|-heal|p1a: Skuntank|140/310|[from] item: Leftovers\n|-damage|p2a: Ho-Oh|75/268 psn|[from] psn\n|upkeep\n|turn|9\n|\n|t:|1781388423\n|move|p1a: Skuntank|Knock Off|p2a: Ho-Oh\n|-damage|p2a: Ho-Oh|2/268 psn\n|move|p2a: Ho-Oh|Sacred Fire|p1a: Skuntank\n|-damage|p1a: Skuntank|0 fnt\n|faint|p1a: Skuntank\n|\n|-damage|p2a: Ho-Oh|0 fnt|[from] psn\n|faint|p2a: Ho-Oh\n|upkeep\n|\n|t:|1781388437\n|switch|p1a: Giratina|Giratina-Origin, L72|335/335\n|switch|p2a: Qwilfish|Qwilfish-Hisui, L83, F|214/244 brn\n|-sideend|p2: fingerfonger|move: Toxic Spikes|[of] p2a: Qwilfish\n|-ability|p2a: Qwilfish|Intimidate|boost\n|-unboost|p1a: Giratina|atk|1\n|turn|10\n|\n|t:|1781388447\n|move|p2a: Qwilfish|Toxic Spikes|p1a: Giratina\n|-sidestart|p1: slightlyartistic|move: Toxic Spikes\n|move|p1a: Giratina|Draco Meteor|p2a: Qwilfish\n|-damage|p2a: Qwilfish|90/244 brn\n|-unboost|p1a: Giratina|spa|2\n|\n|-damage|p2a: Qwilfish|75/244 brn|[from] brn\n|upkeep\n|turn|11\n|\n|t:|1781388473\n|switch|p1a: Tatsugiri|Tatsugiri, L87, F|260/260\n|move|p2a: Qwilfish|Crunch|p1a: Tatsugiri\n|-damage|p1a: Tatsugiri|208/260\n|-unboost|p1a: Tatsugiri|def|1\n|\n|-damage|p2a: Qwilfish|60/244 brn|[from] brn\n|upkeep\n|turn|12\n|\n|t:|1781388503\n|move|p1a: Tatsugiri|Rapid Spin|p2a: Qwilfish\n|-damage|p2a: Qwilfish|42/244 brn\n|-boost|p1a: Tatsugiri|spe|1\n|-sideend|p1: slightlyartistic|Toxic Spikes|[from] move: Rapid Spin|[of] p1a: Tatsugiri\n|move|p2a: Qwilfish|Gunk Shot|p1a: Tatsugiri\n|-damage|p1a: Tatsugiri|85/260\n|\n|-damage|p2a: Qwilfish|27/244 brn|[from] brn\n|upkeep\n|turn|13\n|\n|t:|1781388511\n|move|p1a: Tatsugiri|Surf|p2a: Qwilfish\n|-damage|p2a: Qwilfish|0 fnt\n|faint|p2a: Qwilfish\n|\n|upkeep\n|inactive|fingerfonger has 120 seconds left.\n|\n|t:|1781388534\n|switch|p2a: Delphox|Delphox, L84, F|263/263\n|turn|14\n|\n|t:|1781388546\n|move|p2a: Delphox|Psyshock|p1a: Tatsugiri\n|-damage|p1a: Tatsugiri|0 fnt\n|faint|p1a: Tatsugiri\n|\n|upkeep\n|\n|t:|1781388552\n|switch|p1a: Espeon|Espeon, L84, M|89/246\n|turn|15\n|\n|t:|1781388560\n|move|p2a: Delphox|Psyshock|p1a: Espeon\n|-resisted|p1a: Espeon\n|-damage|p1a: Espeon|24/246\n|move|p1a: Espeon|Morning Sun|p1a: Espeon\n|-heal|p1a: Espeon|147/246\n|\n|upkeep\n|turn|16\n|\n|t:|1781388567\n|switch|p2a: Wugtrio|Wugtrio, L91, M|212/212\n|move|p1a: Espeon|Morning Sun|p1a: Espeon\n|-heal|p1a: Espeon|246/246\n|\n|upkeep\n|turn|17\n|\n|t:|1781388571\n|switch|p1a: Giratina|Giratina-Origin, L72|335/335\n|move|p2a: Wugtrio|Throat Chop|p1a: Giratina\n|-supereffective|p1a: Giratina\n|-damage|p1a: Giratina|107/335\n|-start|p1a: Giratina|Throat Chop|[silent]\n|\n|upkeep\n|turn|18\n|\n|t:|1781388575\n|switch|p1a: Regirock|Regirock, L83|268/268\n|move|p2a: Wugtrio|Throat Chop|p1a: Regirock\n|-crit|p1a: Regirock\n|-damage|p1a: Regirock|187/268\n|-start|p1a: Regirock|Throat Chop|[silent]\n|\n|upkeep\n|turn|19\n|\n|t:|1781388587\n|switch|p2a: Shaymin|Shaymin-Sky, L73|266/266\n|switch|p1a: Giratina|Giratina-Origin, L72|107/335\n|\n|upkeep\n|turn|20\n|\n|t:|1781388593\n|move|p1a: Giratina|Shadow Sneak|p2a: Shaymin\n|-crit|p2a: Shaymin\n|-damage|p2a: Shaymin|178/266\n|move|p2a: Shaymin|Air Slash|p1a: Giratina\n|-damage|p1a: Giratina|32/335\n|\n|upkeep\n|turn|21\n|\n|t:|1781388596\n|move|p1a: Giratina|Shadow Sneak|p2a: Shaymin\n|-damage|p2a: Shaymin|126/266\n|move|p2a: Shaymin|Air Slash|p1a: Giratina\n|-damage|p1a: Giratina|0 fnt\n|faint|p1a: Giratina\n|\n|upkeep\n|\n|t:|1781388605\n|switch|p1a: Espeon|Espeon, L84, M|246/246\n|turn|22\n|\n|t:|1781388619\n|switch|p2a: Delphox|Delphox, L84, F|263/263\n|move|p1a: Espeon|Psychic|p2a: Delphox\n|-resisted|p2a: Delphox\n|-crit|p2a: Delphox\n|-damage|p2a: Delphox|160/263\n|-unboost|p2a: Delphox|spd|1\n|-damage|p1a: Espeon|222/246|[from] item: Life Orb\n|\n|upkeep\n|turn|23\n|\n|t:|1781388629\n|move|p2a: Delphox|Grass Knot|p1a: Espeon\n|-damage|p1a: Espeon|177/246\n|move|p1a: Espeon|Morning Sun|p1a: Espeon\n|-heal|p1a: Espeon|246/246\n|\n|upkeep\n|turn|24\n|\n|t:|1781388638\n|switch|p2a: Wugtrio|Wugtrio, L91, M|212/212\n|move|p1a: Espeon|Calm Mind|p1a: Espeon\n|-boost|p1a: Espeon|spa|1\n|-boost|p1a: Espeon|spd|1\n|\n|upkeep\n|turn|25\n|\n|t:|1781388641\n|switch|p1a: Pincurchin|Pincurchin, F|258/258\n|-fieldstart|move: Electric Terrain|[from] ability: Electric Surge|[of] p1a: Pincurchin\n|move|p2a: Wugtrio|Throat Chop|p1a: Pincurchin\n|-damage|p1a: Pincurchin|180/258\n|-start|p1a: Pincurchin|Throat Chop|[silent]\n|\n|-heal|p1a: Pincurchin|196/258|[from] item: Leftovers\n|upkeep\n|turn|26\n|\n|t:|1781388651\n|switch|p2a: Whiscash|Whiscash, L88, M|209/337\n|move|p1a: Pincurchin|Liquidation|p2a: Whiscash\n|-damage|p2a: Whiscash|119/337\n|\n|-heal|p1a: Pincurchin|212/258|[from] item: Leftovers\n|-end|p1a: Pincurchin|Throat Chop|[silent]\n|upkeep\n|turn|27\n|\n|t:|1781388664\n|switch|p1a: Espeon|Espeon, L84, M|246/246\n|move|p2a: Whiscash|Dragon Dance|p2a: Whiscash\n|-boost|p2a: Whiscash|atk|1\n|-boost|p2a: Whiscash|spe|1\n|\n|upkeep\n|turn|28\n|\n|t:|1781388676\n|-terastallize|p2a: Whiscash|Ground\n|move|p2a: Whiscash|Earthquake|p1a: Espeon\n|-damage|p1a: Espeon|0 fnt\n|faint|p1a: Espeon\n|-damage|p2a: Whiscash|86/337|[from] item: Life Orb\n|\n|upkeep\n|-message|slightlyartistic forfeited.\n|\n|win|fingerfonger\n", "inputlog": ">version a8376a258c1d4662feba110a92103f3664a72141\n>start {\"formatid\":\"gen9randombattle\",\"seed\":\"sodium,330cf1556a36b1dd1e9c29ef8a7d8a7f\",\"rated\":\"Rated battle\"}\n>player p1 {\"name\":\"slightlyartistic\",\"avatar\":\"2\",\"rating\":2038,\"seed\":\"sodium,baea530665d5169be780321dd8d440c2\"}\n>player p2 {\"name\":\"fingerfonger\",\"avatar\":\"clerkf\",\"rating\":2070,\"seed\":\"sodium,cbdbbc564c657da5c60ba181a0cca8d8\"}\n>p1 move liquidation\n>p2 switch 5\n>p1 switch 2\n>p2 move liquidation\n>p1 switch 5\n>p2 move earthquake\n>p1 move willowisp\n>p2 switch 2\n>p1 switch 6\n>p2 move crunch\n>p1 move knockoff\n>p2 switch 6\n>p1 move gunkshot\n>p2 move recover\n>p1 move toxicspikes\n>p2 move sacredfire\n>p1 move knockoff\n>p2 move sacredfire\n>p1 switch 6\n>p2 switch 6\n>p1 move dracometeor\n>p2 move toxicspikes\n>p1 switch 3\n>p2 move crunch\n>p1 move rapidspin\n>p2 move gunkshot\n>p1 move surf\n>p2 move crunch\n>p2 switch 3\n>p1 move dracometeor\n>p2 move psyshock\n>p1 switch 5\n>p1 move morningsun\n>p2 move psyshock\n>p1 move morningsun\n>p2 switch 5\n>p1 switch 3\n>p2 move throatchop\n>p1 switch 4\n>p2 move throatchop\n>p1 switch 4\n>p2 switch 4\n>p1 move shadowsneak\n>p2 move airslash\n>p1 move shadowsneak\n>p2 move airslash\n>p1 switch 3\n>p1 move psychic\n>p2 switch 5\n>p1 move morningsun\n>p2 move grassknot\n>p1 move calmmind\n>p2 switch 4\n>p1 switch 2\n>p2 move throatchop\n>p1 move liquidation\n>p2 switch 2\n>p1 switch 2\n>p2 move dragondance\n>p1 move psychic\n>p2 move earthquake terastallize\n>forcelose p1", "uploadtime": 1781388337, "views": 7, "formatid": "gen9randombattle", "rating": null, "private": 0, "password": null}