{"id": "gen9randombattle-2631840046", "format": "[Gen 9] Random Battle", "players": ["saltypear12", "hdjci"], "log": "|j|\u2606saltypear12\n|j|\u2606hdjci\n|t:|1781446754\n|gametype|singles\n|player|p1|saltypear12|steven|1914\n|player|p2|hdjci|265|1954\n|gen|9\n|tier|[Gen 9] Random Battle\n|rated|\n|rule|Species Clause: Limit one of each Pok\u00e9mon\n|rule|HP Percentage Mod: HP is shown in percentages\n|rule|Sleep Clause Mod: Limit one foe put to sleep\n|rule|Illusion Level Mod: Illusion disguises the Pok\u00e9mon's true level\n|\n|t:|1781446754\n|teamsize|p1|6\n|teamsize|p2|6\n|start\n|switch|p1a: Tauros|Tauros-Paldea-Combat, L82, M|257/257\n|switch|p2a: Forretress|Forretress, L84, F|263/263\n|-ability|p1a: Tauros|Intimidate|boost\n|-unboost|p2a: Forretress|atk|1\n|turn|1\n|inactive|Battle timer is ON: inactive players will automatically lose when time's up. (requested by saltypear12)\n|\n|t:|1781446770\n|switch|p2a: Charizard|Charizard, L85, M|271/271\n|move|p1a: Tauros|Close Combat|p2a: Charizard\n|-resisted|p2a: Charizard\n|-damage|p2a: Charizard|171/271\n|-unboost|p1a: Tauros|def|1\n|-unboost|p1a: Tauros|spd|1\n|\n|upkeep\n|turn|2\n|\n|t:|1781446780\n|switch|p1a: Umbreon|Umbreon, L84, M|297/297\n|move|p2a: Charizard|Hurricane|p1a: Umbreon|[miss]\n|-miss|p2a: Charizard|p1a: Umbreon\n|\n|upkeep\n|turn|3\n|\n|t:|1781446791\n|switch|p2a: Forretress|Forretress, L84, F|263/263\n|move|p1a: Umbreon|Toxic|p2a: Forretress\n|-immune|p2a: Forretress\n|\n|upkeep\n|turn|4\n|\n|t:|1781446799\n|switch|p1a: Tauros|Tauros-Paldea-Combat, L82, M|257/257\n|-ability|p1a: Tauros|Intimidate|boost\n|-unboost|p2a: Forretress|atk|1\n|move|p2a: Forretress|Stealth Rock|p1a: Tauros\n|-sidestart|p1: saltypear12|move: Stealth Rock\n|\n|upkeep\n|turn|5\n|\n|t:|1781446808\n|switch|p2a: Charizard|Charizard, L85, M|171/271\n|move|p1a: Tauros|Close Combat|p2a: Charizard\n|-resisted|p2a: Charizard\n|-damage|p2a: Charizard|64/271\n|-unboost|p1a: Tauros|def|1\n|-unboost|p1a: Tauros|spd|1\n|\n|upkeep\n|turn|6\n|\n|t:|1781446824\n|switch|p1a: Umbreon|Umbreon, L84, M|297/297\n|-damage|p1a: Umbreon|260/297|[from] Stealth Rock\n|move|p2a: Charizard|Flamethrower|p1a: Umbreon\n|-damage|p1a: Umbreon|145/297\n|\n|-heal|p1a: Umbreon|163/297|[from] item: Leftovers\n|upkeep\n|turn|7\n|\n|t:|1781446848\n|move|p2a: Charizard|Will-O-Wisp|p1a: Umbreon\n|-status|p1a: Umbreon|brn\n|-activate|p1a: Umbreon|ability: Synchronize\n|-immune|p2a: Charizard\n|move|p1a: Umbreon|Foul Play|p2a: Charizard\n|-damage|p2a: Charizard|13/271\n|\n|-heal|p1a: Umbreon|181/297 brn|[from] item: Leftovers\n|-damage|p1a: Umbreon|163/297 brn|[from] brn\n|upkeep\n|turn|8\n|\n|t:|1781446858\n|move|p2a: Charizard|Flamethrower|p1a: Umbreon\n|-damage|p1a: Umbreon|48/297 brn\n|move|p1a: Umbreon|Foul Play|p2a: Charizard\n|-damage|p2a: Charizard|0 fnt\n|faint|p2a: Charizard\n|\n|-heal|p1a: Umbreon|66/297 brn|[from] item: Leftovers\n|-damage|p1a: Umbreon|48/297 brn|[from] brn\n|upkeep\n|inactive|hdjci has 120 seconds left.\n|inactive|hdjci has 90 seconds left.\n|\n|t:|1781446899\n|switch|p2a: Maushold|Maushold, L76|238/238\n|turn|9\n|\n|t:|1781446906\n|move|p2a: Maushold|Population Bomb|p1a: Umbreon\n|-damage|p1a: Umbreon|27/297 brn\n|-crit|p1a: Umbreon\n|-damage|p1a: Umbreon|0 fnt\n|faint|p1a: Umbreon\n|-hitcount|p1: Umbreon|2\n|\n|upkeep\n|\n|t:|1781446910\n|switch|p1a: Dusknoir|Dusknoir, L89, F|225/225\n|-damage|p1a: Dusknoir|197/225|[from] Stealth Rock\n|-item|p2a: Maushold|Wide Lens|[from] ability: Frisk|[of] p1a: Dusknoir\n|turn|10\n|\n|t:|1781446924\n|move|p2a: Maushold|Bite|p1a: Dusknoir\n|-supereffective|p1a: Dusknoir\n|-damage|p1a: Dusknoir|139/225\n|cant|p1a: Dusknoir|flinch\n|\n|-heal|p1a: Dusknoir|153/225|[from] item: Leftovers\n|upkeep\n|turn|11\n|\n|t:|1781446939\n|move|p2a: Maushold|Bite|p1a: Dusknoir\n|-supereffective|p1a: Dusknoir\n|-damage|p1a: Dusknoir|89/225\n|move|p1a: Dusknoir|Will-O-Wisp|p2a: Maushold\n|-status|p2a: Maushold|brn\n|\n|-heal|p1a: Dusknoir|103/225|[from] item: Leftovers\n|-damage|p2a: Maushold|224/238 brn|[from] brn\n|upkeep\n|turn|12\n|\n|t:|1781446946\n|move|p2a: Maushold|Encore|p1a: Dusknoir\n|-start|p1a: Dusknoir|Encore\n|move|p1a: Dusknoir|Will-O-Wisp|p2a: Maushold\n|-fail|p2a: Maushold|brn\n|\n|-heal|p1a: Dusknoir|117/225|[from] item: Leftovers\n|-damage|p2a: Maushold|210/238 brn|[from] brn\n|upkeep\n|turn|13\n|\n|t:|1781446954\n|switch|p1a: Tauros|Tauros-Paldea-Combat, L82, M|257/257\n|-damage|p1a: Tauros|241/257|[from] Stealth Rock\n|-ability|p1a: Tauros|Intimidate|boost\n|-unboost|p2a: Maushold|atk|1\n|move|p2a: Maushold|Bite|p1a: Tauros\n|-resisted|p1a: Tauros\n|-damage|p1a: Tauros|234/257\n|\n|-damage|p2a: Maushold|196/238 brn|[from] brn\n|upkeep\n|turn|14\n|\n|t:|1781446961\n|move|p2a: Maushold|Population Bomb|p1a: Tauros\n|-damage|p1a: Tauros|228/257\n|-damage|p1a: Tauros|222/257\n|-damage|p1a: Tauros|216/257\n|-damage|p1a: Tauros|208/257\n|-hitcount|p1a: Tauros|4\n|move|p1a: Tauros|Close Combat|p2a: Maushold\n|-supereffective|p2a: Maushold\n|-damage|p2a: Maushold|0 fnt\n|-unboost|p1a: Tauros|def|1\n|-unboost|p1a: Tauros|spd|1\n|faint|p2a: Maushold\n|\n|upkeep\n|\n|t:|1781446968\n|switch|p2a: Lunala|Lunala, L70|308/308\n|turn|15\n|inactive|hdjci has 120 seconds left.\n|\n|t:|1781446980\n|switch|p1a: Blissey|Blissey, L85, F|572/572\n|-damage|p1a: Blissey|501/572|[from] Stealth Rock\n|move|p2a: Lunala|Calm Mind|p2a: Lunala\n|-boost|p2a: Lunala|spa|1\n|-boost|p2a: Lunala|spd|1\n|\n|-heal|p1a: Blissey|536/572|[from] item: Leftovers\n|upkeep\n|turn|16\n|inactive|hdjci has 120 seconds left.\n|\n|t:|1781446993\n|switch|p2a: Forretress|Forretress, L84, F|263/263\n|move|p1a: Blissey|Thunder Wave|p2a: Forretress\n|-status|p2a: Forretress|par\n|\n|-heal|p1a: Blissey|571/572|[from] item: Leftovers\n|upkeep\n|turn|17\n|inactive|hdjci has 120 seconds left.\n|\n|t:|1781447000\n|move|p1a: Blissey|Stealth Rock|p2a: Forretress\n|-sidestart|p2: hdjci|move: Stealth Rock\n|cant|p2a: Forretress|par\n|\n|-heal|p1a: Blissey|572/572|[from] item: Leftovers\n|upkeep\n|turn|18\n|\n|t:|1781447007\n|switch|p1a: Dusknoir|Dusknoir, L89, F|117/225\n|-damage|p1a: Dusknoir|89/225|[from] Stealth Rock\n|-item|p2a: Forretress|Leftovers|[from] ability: Frisk|[of] p1a: Dusknoir\n|cant|p2a: Forretress|par\n|\n|-heal|p1a: Dusknoir|103/225|[from] item: Leftovers\n|upkeep\n|turn|19\n|\n|t:|1781447016\n|move|p1a: Dusknoir|Pain Split|p2a: Forretress\n|-sethp|p2a: Forretress|183/263 par|[from] move: Pain Split|[silent]\n|-sethp|p1a: Dusknoir|183/225|[from] move: Pain Split\n|cant|p2a: Forretress|par\n|\n|-heal|p1a: Dusknoir|197/225|[from] item: Leftovers\n|-heal|p2a: Forretress|199/263 par|[from] item: Leftovers\n|upkeep\n|turn|20\n|\n|t:|1781447022\n|switch|p2a: Cacturne|Cacturne, L92, F|278/278\n|-damage|p2a: Cacturne|244/278|[from] Stealth Rock\n|move|p1a: Dusknoir|Poltergeist|p2a: Cacturne\n|-activate|p2a: Cacturne|move: Poltergeist|Life Orb\n|-resisted|p2a: Cacturne\n|-damage|p2a: Cacturne|169/278\n|\n|-heal|p1a: Dusknoir|211/225|[from] item: Leftovers\n|upkeep\n|turn|21\n|\n|t:|1781447037\n|switch|p1a: Tauros|Tauros-Paldea-Combat, L82, M|208/257\n|-damage|p1a: Tauros|192/257|[from] Stealth Rock\n|-ability|p1a: Tauros|Intimidate|boost\n|-unboost|p2a: Cacturne|atk|1\n|move|p2a: Cacturne|Knock Off|p1a: Tauros\n|-resisted|p1a: Tauros\n|-damage|p1a: Tauros|141/257\n|-enditem|p1a: Tauros|Choice Band|[from] move: Knock Off|[of] p2a: Cacturne\n|-damage|p2a: Cacturne|142/278|[from] item: Life Orb\n|\n|upkeep\n|turn|22\n|inactive|hdjci has 120 seconds left.\n|\n|t:|1781447072\n|move|p1a: Tauros|Close Combat|p2a: Cacturne\n|-supereffective|p2a: Cacturne\n|-damage|p2a: Cacturne|0 fnt\n|-unboost|p1a: Tauros|def|1\n|-unboost|p1a: Tauros|spd|1\n|faint|p2a: Cacturne\n|\n|upkeep\n|\n|t:|1781447075\n|switch|p2a: Forretress|Forretress, L84, F|199/263 par\n|-damage|p2a: Forretress|167/263 par|[from] Stealth Rock\n|turn|23\n|\n|t:|1781447080\n|move|p1a: Tauros|Close Combat|p2a: Forretress\n|-damage|p2a: Forretress|74/263 par\n|-unboost|p1a: Tauros|def|1\n|-unboost|p1a: Tauros|spd|1\n|move|p2a: Forretress|Iron Head|p1a: Tauros\n|-damage|p1a: Tauros|0 fnt\n|faint|p1a: Tauros\n|\n|-heal|p2a: Forretress|90/263 par|[from] item: Leftovers\n|upkeep\n|\n|t:|1781447088\n|switch|p1a: Floatzel|Floatzel, L86, M|286/286\n|-damage|p1a: Floatzel|251/286|[from] Stealth Rock\n|turn|24\n|\n|t:|1781447093\n|move|p1a: Floatzel|Wave Crash|p2a: Forretress\n|-damage|p2a: Forretress|0 fnt\n|faint|p2a: Forretress\n|-damage|p1a: Floatzel|221/286|[from] Recoil\n|\n|upkeep\n|\n|t:|1781447098\n|switch|p2a: Glalie|Glalie, L96, F|309/309\n|turn|25\n|\n|t:|1781447119\n|switch|p1a: Dusknoir|Dusknoir, L89, F|211/225\n|-damage|p1a: Dusknoir|183/225|[from] Stealth Rock\n|-item|p2a: Glalie|Heavy-Duty Boots|[from] ability: Frisk|[of] p1a: Dusknoir\n|move|p2a: Glalie|Freeze-Dry|p1a: Dusknoir\n|-damage|p1a: Dusknoir|128/225\n|\n|-heal|p1a: Dusknoir|142/225|[from] item: Leftovers\n|upkeep\n|turn|26\n|\n|t:|1781447129\n|move|p2a: Glalie|Taunt|p1a: Dusknoir\n|-start|p1a: Dusknoir|move: Taunt\n|move|p1a: Dusknoir|Poltergeist|p2a: Glalie\n|-activate|p2a: Glalie|move: Poltergeist|Heavy-Duty Boots\n|-damage|p2a: Glalie|182/309\n|\n|-heal|p1a: Dusknoir|156/225|[from] item: Leftovers\n|upkeep\n|turn|27\n|-message|hdjci forfeited.\n|\n|win|saltypear12\n|raw|saltypear12's rating: 1914 &rarr; <strong>1936</strong><br />(+22 for winning)\n|raw|hdjci's rating: 1954 &rarr; <strong>1932</strong><br />(-22 for losing)\n", "inputlog": ">version a8376a258c1d4662feba110a92103f3664a72141\n>start {\"formatid\":\"gen9randombattle\",\"seed\":\"sodium,d12f00c0c7450ff3020b0bbee76e605b\",\"rated\":\"Rated battle\"}\n>player p1 {\"name\":\"saltypear12\",\"avatar\":\"steven\",\"rating\":1914,\"seed\":\"sodium,8422680b9491777f062f07288dcac7ba\"}\n>player p2 {\"name\":\"hdjci\",\"avatar\":\"265\",\"rating\":1954,\"seed\":\"sodium,c10dfa3a9029cd50ceb16a98c08b6d8b\"}\n>p1 move closecombat\n>p2 switch 2\n>p1 switch 3\n>p2 move hurricane\n>p1 move toxic\n>p2 switch 2\n>p1 switch 3\n>p2 move stealthrock\n>p1 move closecombat\n>p2 switch 2\n>p1 switch 3\n>p2 move flamethrower\n>p1 move foulplay\n>p2 move willowisp\n>p1 move foulplay\n>p2 move flamethrower\n>p2 switch 4\n>p1 move toxic\n>p2 move populationbomb\n>p1 switch 2\n>p1 move willowisp\n>p2 move bite\n>p1 move willowisp\n>p2 move bite\n>p1 move painsplit\n>p2 move encore\n>p1 switch 3\n>p2 move bite\n>p1 move closecombat\n>p2 move populationbomb\n>p2 switch 6\n>p1 switch 4\n>p2 move calmmind\n>p1 move thunderwave\n>p2 switch 2\n>p1 move stealthrock\n>p2 move bodypress\n>p1 switch 3\n>p2 move ironhead\n>p1 move painsplit\n>p2 move ironhead\n>p1 move poltergeist\n>p2 switch 5\n>p1 switch 4\n>p2 move knockoff\n>p1 move closecombat\n>p2 move seedbomb\n>p2 switch 5\n>p1 move closecombat\n>p2 move ironhead\n>p1 switch 6\n>p1 move wavecrash\n>p2 move rapidspin\n>p2 switch 3\n>p1 switch 4\n>p2 move freezedry\n>p1 move poltergeist\n>p2 move taunt\n>forcelose p2", "uploadtime": 1781446755, "views": 5, "formatid": "gen9randombattle", "rating": 1932, "private": 0, "password": null}