{"id": "gen9randombattle-2631861325", "format": "[Gen 9] Random Battle", "players": ["xdx42", "smasher04"], "log": "|j|\u2606xdx42\n|j|\u2606smasher04\n|t:|1781449277\n|gametype|singles\n|player|p1|xdx42|cyrus|2012\n|player|p2|smasher04|twins-gen4|2051\n|gen|9\n|tier|[Gen 9] Random Battle\n|rated|\n|rule|Species Clause: Limit one of each Pok\u00e9mon\n|rule|HP Percentage Mod: HP is shown in percentages\n|rule|Sleep Clause Mod: Limit one foe put to sleep\n|rule|Illusion Level Mod: Illusion disguises the Pok\u00e9mon's true level\n|\n|t:|1781449277\n|teamsize|p1|6\n|teamsize|p2|6\n|start\n|switch|p1a: Coalossal|Coalossal, L89, M|341/341\n|switch|p2a: Granbull|Granbull, L88, F|302/302\n|-ability|p2a: Granbull|Intimidate|boost\n|-unboost|p1a: Coalossal|atk|1\n|turn|1\n|inactive|Battle timer is ON: inactive players will automatically lose when time's up. (requested by xdx42)\n|\n|t:|1781449291\n|move|p2a: Granbull|Earthquake|p1a: Coalossal\n|-supereffective|p1a: Coalossal\n|-damage|p1a: Coalossal|41/341\n|move|p1a: Coalossal|Will-O-Wisp|p2a: Granbull\n|-status|p2a: Granbull|brn\n|\n|-damage|p2a: Granbull|284/302 brn|[from] brn\n|upkeep\n|turn|2\n|\n|t:|1781449299\n|switch|p1a: Abomasnow|Abomasnow, L84, F|287/287\n|-weather|Snowscape|[from] ability: Snow Warning|[of] p1a: Abomasnow\n|move|p2a: Granbull|Earthquake|p1a: Abomasnow\n|-resisted|p1a: Abomasnow\n|-damage|p1a: Abomasnow|271/287\n|\n|-weather|Snowscape|[upkeep]\n|-heal|p2a: Granbull|302/302 brn|[from] item: Leftovers\n|-damage|p2a: Granbull|284/302 brn|[from] brn\n|upkeep\n|turn|3\n|\n|t:|1781449302\n|move|p1a: Abomasnow|Aurora Veil|p1a: Abomasnow\n|-sidestart|p1: xdx42|move: Aurora Veil\n|move|p2a: Granbull|Thunder Wave|p1a: Abomasnow\n|-status|p1a: Abomasnow|par\n|\n|-weather|Snowscape|[upkeep]\n|-heal|p2a: Granbull|302/302 brn|[from] item: Leftovers\n|-damage|p2a: Granbull|284/302 brn|[from] brn\n|upkeep\n|turn|4\n|\n|t:|1781449305\n|move|p1a: Abomasnow|Blizzard|p2a: Granbull\n|-damage|p2a: Granbull|139/302 brn\n|move|p2a: Granbull|Roar|p1a: Abomasnow\n|drag|p1a: Lanturn|Lanturn, L89, F|367/367\n|\n|-weather|Snowscape|[upkeep]\n|-heal|p2a: Granbull|157/302 brn|[from] item: Leftovers\n|-damage|p2a: Granbull|139/302 brn|[from] brn\n|upkeep\n|turn|5\n|\n|t:|1781449311\n|move|p1a: Lanturn|Volt Switch|p2a: Granbull\n|-damage|p2a: Granbull|57/302 brn\n|\n|t:|1781449313\n|switch|p1a: Abomasnow|Abomasnow, L84, F|271/287 par|[from] Volt Switch\n|move|p2a: Granbull|Earthquake|p1a: Abomasnow\n|-resisted|p1a: Abomasnow\n|-damage|p1a: Abomasnow|262/287 par\n|\n|-weather|Snowscape|[upkeep]\n|-heal|p2a: Granbull|75/302 brn|[from] item: Leftovers\n|-damage|p2a: Granbull|57/302 brn|[from] brn\n|upkeep\n|turn|6\n|\n|t:|1781449319\n|switch|p2a: Emboar|Emboar, L84, M|322/322\n|move|p1a: Abomasnow|Blizzard|p2a: Emboar\n|-resisted|p2a: Emboar\n|-damage|p2a: Emboar|277/322\n|\n|-weather|none\n|upkeep\n|turn|7\n|\n|t:|1781449323\n|switch|p1a: Lanturn|Lanturn, L89, F|367/367\n|move|p2a: Emboar|Knock Off|p1a: Lanturn\n|-damage|p1a: Lanturn|315/367\n|-enditem|p1a: Lanturn|Heavy-Duty Boots|[from] move: Knock Off|[of] p2a: Emboar\n|\n|upkeep\n|turn|8\n|\n|t:|1781449330\n|switch|p2a: Cyclizar|Cyclizar, L83, F|252/252\n|move|p1a: Lanturn|Scald|p2a: Cyclizar\n|-resisted|p2a: Cyclizar\n|-damage|p2a: Cyclizar|203/252\n|\n|upkeep\n|turn|9\n|\n|t:|1781449334\n|move|p2a: Cyclizar|Shed Tail|p2a: Cyclizar\n|-start|p2a: Cyclizar|Substitute|[from] move: Shed Tail\n|-damage|p2a: Cyclizar|77/252\n|\n|t:|1781449342\n|switch|p2a: Gouging Fire|Gouging Fire, L74|277/277|[from] Shed Tail\n|move|p1a: Lanturn|Volt Switch|p2a: Gouging Fire\n|-resisted|p2a: Gouging Fire\n|-activate|p2a: Gouging Fire|move: Substitute|[damage]\n|\n|t:|1781449346\n|switch|p1a: Gastrodon|Gastrodon, L86, M|331/331|[from] Volt Switch\n|\n|upkeep\n|turn|10\n|\n|t:|1781449356\n|move|p2a: Gouging Fire|Dragon Dance|p2a: Gouging Fire\n|-boost|p2a: Gouging Fire|atk|1\n|-boost|p2a: Gouging Fire|spe|1\n|move|p1a: Gastrodon|Earthquake|p2a: Gouging Fire\n|-supereffective|p2a: Gouging Fire\n|-end|p2a: Gouging Fire|Substitute\n|\n|-sideend|p1: xdx42|move: Aurora Veil\n|upkeep\n|turn|11\n|\n|t:|1781449367\n|move|p2a: Gouging Fire|Outrage|p1a: Gastrodon\n|-damage|p1a: Gastrodon|124/331\n|move|p1a: Gastrodon|Clear Smog|p2a: Gouging Fire\n|-damage|p2a: Gouging Fire|235/277\n|-clearboost|p2a: Gouging Fire\n|\n|-heal|p1a: Gastrodon|144/331|[from] item: Leftovers\n|upkeep\n|turn|12\n|\n|t:|1781449373\n|move|p2a: Gouging Fire|Outrage|p1a: Gastrodon|[from] lockedmove\n|-damage|p1a: Gastrodon|8/331\n|move|p1a: Gastrodon|Recover|p1a: Gastrodon\n|-heal|p1a: Gastrodon|174/331\n|\n|-heal|p1a: Gastrodon|194/331|[from] item: Leftovers\n|upkeep\n|turn|13\n|\n|t:|1781449376\n|move|p2a: Gouging Fire|Outrage|p1a: Gastrodon|[from] lockedmove\n|-damage|p1a: Gastrodon|68/331\n|-start|p2a: Gouging Fire|confusion|[fatigue]\n|move|p1a: Gastrodon|Recover|p1a: Gastrodon\n|-heal|p1a: Gastrodon|234/331\n|\n|-heal|p1a: Gastrodon|254/331|[from] item: Leftovers\n|upkeep\n|turn|14\n|\n|t:|1781449390\n|-end|p2a: Gouging Fire|Protosynthesis|[silent]\n|switch|p2a: Granbull|Granbull, L88, F|57/302 brn\n|-ability|p2a: Granbull|Intimidate|boost\n|-unboost|p1a: Gastrodon|atk|1\n|move|p1a: Gastrodon|Earthquake|p2a: Granbull\n|-damage|p2a: Granbull|0 fnt\n|faint|p2a: Granbull\n|\n|-heal|p1a: Gastrodon|274/331|[from] item: Leftovers\n|upkeep\n|\n|t:|1781449393\n|switch|p2a: Cyclizar|Cyclizar, L83, F|161/252\n|turn|15\n|\n|t:|1781449399\n|move|p2a: Cyclizar|Knock Off|p1a: Gastrodon\n|-damage|p1a: Gastrodon|195/331\n|-enditem|p1a: Gastrodon|Leftovers|[from] move: Knock Off|[of] p2a: Cyclizar\n|move|p1a: Gastrodon|Earthquake|p2a: Cyclizar\n|-damage|p2a: Cyclizar|76/252\n|\n|upkeep\n|turn|16\n|\n|t:|1781449408\n|switch|p2a: Emboar|Emboar, L84, M|277/322\n|move|p1a: Gastrodon|Earthquake|p2a: Emboar\n|-supereffective|p2a: Emboar\n|-damage|p2a: Emboar|121/322\n|\n|upkeep\n|turn|17\n|\n|t:|1781449412\n|switch|p1a: Coalossal|Coalossal, L89, M|41/341\n|move|p2a: Emboar|Close Combat|p1a: Coalossal\n|-supereffective|p1a: Coalossal\n|-damage|p1a: Coalossal|0 fnt\n|-unboost|p2a: Emboar|def|1\n|-unboost|p2a: Emboar|spd|1\n|faint|p1a: Coalossal\n|\n|upkeep\n|\n|t:|1781449416\n|switch|p1a: Lanturn|Lanturn, L89, F|315/367\n|turn|18\n|\n|t:|1781449421\n|move|p1a: Lanturn|Scald|p2a: Emboar\n|-supereffective|p2a: Emboar\n|-damage|p2a: Emboar|0 fnt\n|faint|p2a: Emboar\n|\n|upkeep\n|\n|t:|1781449430\n|switch|p2a: Glimmora|Glimmora, L75, M|248/248\n|-item|p2a: Glimmora|Air Balloon\n|turn|19\n|\n|t:|1781449434\n|move|p2a: Glimmora|Stealth Rock|p1a: Lanturn\n|-sidestart|p1: xdx42|move: Stealth Rock\n|move|p1a: Lanturn|Scald|p2a: Glimmora\n|-supereffective|p2a: Glimmora\n|-damage|p2a: Glimmora|54/248\n|-enditem|p2a: Glimmora|Air Balloon\n|\n|upkeep\n|turn|20\n|\n|t:|1781449441\n|move|p2a: Glimmora|Earth Power|p1a: Lanturn\n|-supereffective|p1a: Lanturn\n|-damage|p1a: Lanturn|177/367\n|-unboost|p1a: Lanturn|spd|1\n|move|p1a: Lanturn|Scald|p2a: Glimmora\n|-supereffective|p2a: Glimmora\n|-damage|p2a: Glimmora|0 fnt\n|faint|p2a: Glimmora\n|\n|upkeep\n|\n|t:|1781449449\n|switch|p2a: Cyclizar|Cyclizar, L83, F|160/252\n|turn|21\n|\n|t:|1781449453\n|move|p2a: Cyclizar|Shed Tail|p2a: Cyclizar\n|-start|p2a: Cyclizar|Substitute|[from] move: Shed Tail\n|-damage|p2a: Cyclizar|34/252\n|\n|t:|1781449456\n|switch|p2a: Spectrier|Spectrier, L75|274/274|[from] Shed Tail\n|move|p1a: Lanturn|Scald|p2a: Spectrier\n|-end|p2a: Spectrier|Substitute\n|\n|upkeep\n|turn|22\n|\n|t:|1781449463\n|switch|p1a: Sawsbuck|Sawsbuck-Winter, L88, M|284/284\n|-damage|p1a: Sawsbuck|249/284|[from] Stealth Rock\n|move|p2a: Spectrier|Shadow Ball|p1a: Sawsbuck\n|-immune|p1a: Sawsbuck\n|\n|upkeep\n|turn|23\n|\n|t:|1781449473\n|switch|p2a: Gouging Fire|Gouging Fire, L74|235/277\n|move|p1a: Sawsbuck|Swords Dance|p1a: Sawsbuck\n|-boost|p1a: Sawsbuck|atk|2\n|\n|upkeep\n|turn|24\n|\n|t:|1781449478\n|move|p1a: Sawsbuck|High Horsepower|p2a: Gouging Fire\n|-supereffective|p2a: Gouging Fire\n|-damage|p2a: Gouging Fire|0 fnt\n|faint|p2a: Gouging Fire\n|-end|p2a: Gouging Fire|Protosynthesis|[silent]\n|-damage|p1a: Sawsbuck|221/284|[from] item: Life Orb\n|\n|upkeep\n|\n|t:|1781449482\n|switch|p2a: Cyclizar|Cyclizar, L83, F|118/252\n|turn|25\n|\n|t:|1781449483\n|move|p2a: Cyclizar|Draco Meteor|p1a: Sawsbuck\n|-crit|p1a: Sawsbuck\n|-damage|p1a: Sawsbuck|16/284\n|-unboost|p2a: Cyclizar|spa|2\n|move|p1a: Sawsbuck|Horn Leech|p2a: Cyclizar\n|-resisted|p2a: Cyclizar\n|-damage|p2a: Cyclizar|0 fnt\n|-heal|p1a: Sawsbuck|75/284|[from] drain|[of] p2a: Cyclizar\n|faint|p2a: Cyclizar\n|-damage|p1a: Sawsbuck|47/284|[from] item: Life Orb\n|\n|upkeep\n|\n|t:|1781449486\n|switch|p2a: Spectrier|Spectrier, L75|274/274\n|turn|26\n|\n|t:|1781449494\n|move|p2a: Spectrier|Nasty Plot|p2a: Spectrier\n|-boost|p2a: Spectrier|spa|2\n|move|p1a: Sawsbuck|Horn Leech|p2a: Spectrier\n|-damage|p2a: Spectrier|0 fnt\n|-heal|p1a: Sawsbuck|184/284|[from] drain|[of] p2a: Spectrier\n|faint|p2a: Spectrier\n|-damage|p1a: Sawsbuck|156/284|[from] item: Life Orb\n|\n|win|xdx42\n", "uploadtime": 1781449280, "views": 3, "formatid": "gen9randombattle", "rating": null, "private": 0, "password": null}