{"id": "gen9randombattle-2631818161", "format": "[Gen 9] Random Battle", "players": ["Aoyama0811", "Higgelhiggel"], "log": "|j|\u2606Aoyama0811\n|j|\u2606Higgelhiggel\n|t:|1781444023\n|gametype|singles\n|player|p1|Aoyama0811|acetrainerf|2129\n|player|p2|Higgelhiggel|1|2161\n|gen|9\n|tier|[Gen 9] Random Battle\n|rated|\n|rule|Species Clause: Limit one of each Pok\u00e9mon\n|rule|HP Percentage Mod: HP is shown in percentages\n|rule|Sleep Clause Mod: Limit one foe put to sleep\n|rule|Illusion Level Mod: Illusion disguises the Pok\u00e9mon's true level\n|\n|t:|1781444023\n|teamsize|p1|6\n|teamsize|p2|6\n|start\n|switch|p1a: Iron Crown|Iron Crown, L78|268/268\n|switch|p2a: Bruxish|Bruxish, L85, M|254/254\n|turn|1\n|inactive|Battle timer is ON: inactive players will automatically lose when time's up. (requested by Higgelhiggel)\n|\n|t:|1781444049\n|-end|p1a: Iron Crown|Quark Drive|[silent]\n|switch|p1a: Tatsugiri|Tatsugiri, L87, M|260/260\n|move|p2a: Bruxish|Swords Dance|p2a: Bruxish\n|-boost|p2a: Bruxish|atk|2\n|\n|upkeep\n|turn|2\n|\n|t:|1781444057\n|switch|p1a: Mabosstiff|Mabosstiff, L86, F|278/278\n|move|p2a: Bruxish|Psychic Fangs|p1a: Mabosstiff\n|-immune|p1a: Mabosstiff\n|\n|upkeep\n|turn|3\n|\n|t:|1781444065\n|move|p2a: Bruxish|Wave Crash|p1a: Mabosstiff\n|-damage|p1a: Mabosstiff|0 fnt\n|faint|p1a: Mabosstiff\n|-damage|p2a: Bruxish|162/254|[from] Recoil\n|-damage|p2a: Bruxish|137/254|[from] item: Life Orb\n|\n|upkeep\n|\n|t:|1781444068\n|switch|p1a: Hoopa|Hoopa-Unbound, L80|259/259\n|turn|4\n|\n|t:|1781444072\n|move|p1a: Hoopa|Hyperspace Fury|p2a: Bruxish\n|-supereffective|p2a: Bruxish\n|-damage|p2a: Bruxish|0 fnt\n|-unboost|p1a: Hoopa|def|1\n|faint|p2a: Bruxish\n|\n|upkeep\n|\n|t:|1781444078\n|switch|p2a: Diancie|Diancie, L82|216/216\n|turn|5\n|\n|t:|1781444102\n|switch|p1a: Sandslash|Sandslash, L89, F|278/278\n|move|p2a: Diancie|Rock Polish|p2a: Diancie\n|-boost|p2a: Diancie|spe|2\n|\n|upkeep\n|turn|6\n|\n|t:|1781444113\n|switch|p2a: Azelf|Azelf, L82|257/257\n|move|p1a: Sandslash|Swords Dance|p1a: Sandslash\n|-boost|p1a: Sandslash|atk|2\n|\n|upkeep\n|turn|7\n|\n|t:|1781444135\n|move|p2a: Azelf|Psychic|p1a: Sandslash\n|-damage|p1a: Sandslash|103/278\n|-damage|p2a: Azelf|232/257|[from] item: Life Orb\n|move|p1a: Sandslash|Knock Off|p2a: Azelf\n|-supereffective|p2a: Azelf\n|-damage|p2a: Azelf|0 fnt\n|-enditem|p2a: Azelf|Life Orb|[from] move: Knock Off|[of] p1a: Sandslash\n|faint|p2a: Azelf\n|\n|-heal|p1a: Sandslash|120/278|[from] item: Leftovers\n|upkeep\n|\n|t:|1781444141\n|switch|p2a: Phione|Phione, L91|293/293\n|turn|8\n|\n|t:|1781444151\n|move|p2a: Phione|Scald|p1a: Sandslash\n|-supereffective|p1a: Sandslash\n|-damage|p1a: Sandslash|0 fnt\n|faint|p1a: Sandslash\n|\n|upkeep\n|\n|t:|1781444154\n|switch|p1a: Hoopa|Hoopa-Unbound, L80|259/259\n|turn|9\n|\n|t:|1781444165\n|move|p1a: Hoopa|Trick|p2a: Phione\n|-activate|p1a: Hoopa|move: Trick|[of] p2a: Phione\n|-item|p2a: Phione|Choice Scarf|[from] move: Trick\n|-item|p1a: Hoopa|Leftovers|[from] move: Trick\n|move|p2a: Phione|Take Heart|p2a: Phione\n|-boost|p2a: Phione|spa|1\n|-boost|p2a: Phione|spd|1\n|\n|upkeep\n|turn|10\n|\n|t:|1781444170\n|switch|p2a: Diancie|Diancie, L82|216/216\n|move|p1a: Hoopa|Psychic|p2a: Diancie\n|-damage|p2a: Diancie|131/216\n|\n|-heal|p2a: Diancie|144/216|[from] item: Leftovers\n|upkeep\n|turn|11\n|\n|t:|1781444178\n|move|p1a: Hoopa|Psychic|p2a: Diancie\n|-damage|p2a: Diancie|57/216\n|move|p2a: Diancie|Rock Polish|p2a: Diancie\n|-boost|p2a: Diancie|spe|2\n|\n|-heal|p2a: Diancie|70/216|[from] item: Leftovers\n|upkeep\n|turn|12\n|\n|t:|1781444181\n|move|p2a: Diancie|Diamond Storm|p1a: Hoopa\n|-damage|p1a: Hoopa|111/259\n|move|p1a: Hoopa|Psychic|p2a: Diancie\n|-damage|p2a: Diancie|0 fnt\n|faint|p2a: Diancie\n|\n|-heal|p1a: Hoopa|127/259|[from] item: Leftovers\n|upkeep\n|\n|t:|1781444189\n|switch|p2a: Venomoth|Venomoth, L84, F|255/255\n|turn|13\n|\n|t:|1781444195\n|move|p2a: Venomoth|Sleep Powder|p1a: Hoopa\n|-status|p1a: Hoopa|slp|[from] move: Sleep Powder\n|cant|p1a: Hoopa|slp\n|\n|-heal|p1a: Hoopa|143/259 slp|[from] item: Leftovers\n|upkeep\n|turn|14\n|\n|t:|1781444201\n|switch|p1a: Iron Crown|Iron Crown, L78|268/268\n|move|p2a: Venomoth|Quiver Dance|p2a: Venomoth\n|-boost|p2a: Venomoth|spa|1\n|-boost|p2a: Venomoth|spd|1\n|-boost|p2a: Venomoth|spe|1\n|\n|upkeep\n|turn|15\n|\n|t:|1781444207\n|move|p2a: Venomoth|Bug Buzz|p1a: Iron Crown\n|-damage|p1a: Iron Crown|141/268\n|move|p1a: Iron Crown|Psyshock|p2a: Venomoth\n|-supereffective|p2a: Venomoth\n|-damage|p2a: Venomoth|31/255\n|\n|-heal|p1a: Iron Crown|157/268|[from] item: Leftovers\n|upkeep\n|turn|16\n|\n|t:|1781444213\n|move|p2a: Venomoth|Bug Buzz|p1a: Iron Crown\n|-damage|p1a: Iron Crown|37/268\n|move|p1a: Iron Crown|Tachyon Cutter|p2a: Venomoth\n|-damage|p2a: Venomoth|0 fnt\n|faint|p2a: Venomoth\n|-hitcount|p2: Venomoth|1\n|\n|-heal|p1a: Iron Crown|53/268|[from] item: Leftovers\n|upkeep\n|\n|t:|1781444216\n|switch|p2a: Phione|Phione, L91|293/293\n|turn|17\n|\n|t:|1781444222\n|-end|p1a: Iron Crown|Quark Drive|[silent]\n|switch|p1a: Tatsugiri|Tatsugiri, L87, M|260/260\n|move|p2a: Phione|Grass Knot|p1a: Tatsugiri\n|-damage|p1a: Tatsugiri|246/260\n|\n|upkeep\n|turn|18\n|\n|t:|1781444228\n|switch|p2a: Revavroom|Revavroom, L79, F|256/256\n|move|p1a: Tatsugiri|Nasty Plot|p1a: Tatsugiri\n|-boost|p1a: Tatsugiri|spa|2\n|\n|upkeep\n|turn|19\n|\n|t:|1781444231\n|move|p1a: Tatsugiri|Hydro Pump|p2a: Revavroom\n|-damage|p2a: Revavroom|0 fnt\n|faint|p2a: Revavroom\n|\n|upkeep\n|-message|Higgelhiggel forfeited.\n|\n|win|Aoyama0811\n", "inputlog": ">version a8376a258c1d4662feba110a92103f3664a72141\n>start {\"formatid\":\"gen9randombattle\",\"seed\":\"sodium,5a326e54330a03096eecc1840182bbf2\",\"rated\":\"Rated battle\"}\n>player p1 {\"name\":\"Aoyama0811\",\"avatar\":\"acetrainerf\",\"rating\":2129,\"seed\":\"sodium,1957562b38e5fb5c5e93eff9ebd89435\"}\n>player p2 {\"name\":\"Higgelhiggel\",\"avatar\":\"1\",\"rating\":2161,\"seed\":\"sodium,716803a31b053cd4043a38103cce1095\"}\n>p1 switch 2\n>p2 move swordsdance\n>p1 switch 6\n>p2 move psychicfangs\n>p1 move crunch\n>p2 move wavecrash\n>p1 switch 4\n>p1 move hyperspacefury\n>p2 move wavecrash\n>p2 switch 2\n>p1 switch 3\n>p2 move rockpolish\n>p1 move swordsdance\n>p2 switch 6\n>p1 move knockoff\n>p2 move psychic\n>p2 switch 5\n>p1 move earthquake\n>p2 move scald\n>p1 switch 3\n>p1 move trick\n>p2 move takeheart\n>p1 move psychic\n>p2 switch 6\n>p1 move psychic\n>p2 move rockpolish\n>p1 move psychic\n>p2 move diamondstorm\n>p2 switch 4\n>p1 move hyperspacefury\n>p2 move sleeppowder\n>p1 switch 2\n>p2 move quiverdance\n>p1 move psyshock\n>p2 move bugbuzz\n>p1 move tachyoncutter\n>p2 move bugbuzz\n>p2 switch 6\n>p1 switch 6\n>p2 move grassknot\n>p1 move nastyplot\n>p2 switch 3\n>p1 move hydropump\n>p2 move shiftgear\n>forcelose p2", "uploadtime": 1781444025, "views": 4, "formatid": "gen9randombattle", "rating": null, "private": 0, "password": null}