{"id": "gen9randombattle-2631944906", "format": "[Gen 9] Random Battle", "players": ["Kids_ghost13", "YouShallNotPas"], "log": "|j|\u2606Kids_ghost13\n|j|\u2606YouShallNotPas\n|t:|1781458463\n|gametype|singles\n|player|p1|Kids_ghost13|169|1928\n|player|p2|YouShallNotPas|101|1918\n|gen|9\n|tier|[Gen 9] Random Battle\n|rated|\n|rule|Species Clause: Limit one of each Pok\u00e9mon\n|rule|HP Percentage Mod: HP is shown in percentages\n|rule|Sleep Clause Mod: Limit one foe put to sleep\n|rule|Illusion Level Mod: Illusion disguises the Pok\u00e9mon's true level\n|\n|t:|1781458463\n|teamsize|p1|6\n|teamsize|p2|6\n|start\n|switch|p1a: Talonflame|Talonflame, L83, M|265/265\n|switch|p2a: Wyrdeer|Wyrdeer, L87, M|321/321\n|-ability|p2a: Wyrdeer|Intimidate|boost\n|-unboost|p1a: Talonflame|atk|1\n|turn|1\n|\n|t:|1781458477\n|switch|p1a: Abomasnow|Abomasnow, L84, M|287/287\n|-weather|Snowscape|[from] ability: Snow Warning|[of] p1a: Abomasnow\n|move|p2a: Wyrdeer|Earthquake|p1a: Abomasnow\n|-resisted|p1a: Abomasnow\n|-crit|p1a: Abomasnow\n|-damage|p1a: Abomasnow|239/287\n|\n|-weather|Snowscape|[upkeep]\n|upkeep\n|turn|2\n|\n|t:|1781458485\n|move|p2a: Wyrdeer|Thunder Wave|p1a: Abomasnow\n|-status|p1a: Abomasnow|par\n|move|p1a: Abomasnow|Aurora Veil|p1a: Abomasnow\n|-sidestart|p1: Kids_ghost13|move: Aurora Veil\n|\n|-weather|Snowscape|[upkeep]\n|upkeep\n|turn|3\n|\n|t:|1781458495\n|move|p2a: Wyrdeer|Thunder Wave|p1a: Abomasnow\n|-fail|p1a: Abomasnow|par\n|move|p1a: Abomasnow|Blizzard|p2a: Wyrdeer\n|-damage|p2a: Wyrdeer|209/321\n|\n|-weather|Snowscape|[upkeep]\n|-heal|p2a: Wyrdeer|229/321|[from] item: Leftovers\n|upkeep\n|turn|4\n|\n|t:|1781458504\n|switch|p2a: Regice|Regice, L88|284/284\n|cant|p1a: Abomasnow|par\n|\n|-weather|Snowscape|[upkeep]\n|upkeep\n|turn|5\n|\n|t:|1781458520\n|switch|p1a: Glaceon|Glaceon, L94, M|275/275\n|move|p2a: Regice|Thunderbolt|p1a: Glaceon\n|-damage|p1a: Glaceon|244/275\n|\n|-weather|none\n|upkeep\n|turn|6\n|\n|t:|1781458529\n|move|p1a: Glaceon|Freeze-Dry|p2a: Regice\n|-resisted|p2a: Regice\n|-damage|p2a: Regice|257/284\n|move|p2a: Regice|Thunderbolt|p1a: Glaceon\n|-damage|p1a: Glaceon|213/275\n|\n|upkeep\n|turn|7\n|\n|t:|1781458538\n|move|p1a: Glaceon|Wish|p1a: Glaceon\n|move|p2a: Regice|Thunderbolt|p1a: Glaceon\n|-damage|p1a: Glaceon|184/275\n|\n|upkeep\n|turn|8\n|\n|t:|1781458543\n|switch|p1a: Abomasnow|Abomasnow, L84, M|239/287 par\n|-weather|Snowscape|[from] ability: Snow Warning|[of] p1a: Abomasnow\n|move|p2a: Regice|Thunderbolt|p1a: Abomasnow\n|-resisted|p1a: Abomasnow\n|-damage|p1a: Abomasnow|222/287 par\n|\n|-weather|Snowscape|[upkeep]\n|-heal|p1a: Abomasnow|287/287 par|[from] move: Wish|[wisher] Glaceon\n|upkeep\n|turn|9\n|\n|t:|1781458571\n|switch|p2a: Cinderace|Cinderace, L77, F|249/249\n|move|p1a: Abomasnow|Earthquake|p2a: Cinderace\n|-supereffective|p2a: Cinderace\n|-damage|p2a: Cinderace|87/249\n|\n|-weather|Snowscape|[upkeep]\n|-sideend|p1: Kids_ghost13|move: Aurora Veil\n|upkeep\n|turn|10\n|\n|t:|1781458584\n|switch|p1a: Talonflame|Talonflame, L83, M|265/265\n|move|p2a: Cinderace|Pyro Ball|p1a: Talonflame\n|-resisted|p1a: Talonflame\n|-damage|p1a: Talonflame|154/265\n|\n|-weather|Snowscape|[upkeep]\n|upkeep\n|turn|11\n|\n|t:|1781458595\n|switch|p2a: Wyrdeer|Wyrdeer, L87, M|229/321\n|-ability|p2a: Wyrdeer|Intimidate|boost\n|-unboost|p1a: Talonflame|atk|1\n|move|p1a: Talonflame|Brave Bird|p2a: Wyrdeer\n|-damage|p2a: Wyrdeer|139/321\n|-damage|p1a: Talonflame|124/265|[from] Recoil\n|\n|-weather|Snowscape|[upkeep]\n|-heal|p2a: Wyrdeer|159/321|[from] item: Leftovers\n|upkeep\n|turn|12\n|\n|t:|1781458609\n|switch|p1a: Abomasnow|Abomasnow, L84, M|287/287 par\n|move|p2a: Wyrdeer|Megahorn|p1a: Abomasnow\n|-supereffective|p1a: Abomasnow\n|-damage|p1a: Abomasnow|131/287 par\n|\n|-weather|none\n|-heal|p2a: Wyrdeer|179/321|[from] item: Leftovers\n|upkeep\n|turn|13\n|\n|t:|1781458617\n|switch|p1a: Talonflame|Talonflame, L83, M|124/265\n|move|p2a: Wyrdeer|Megahorn|p1a: Talonflame\n|-resisted|p1a: Talonflame\n|-damage|p1a: Talonflame|96/265\n|-status|p2a: Wyrdeer|brn|[from] ability: Flame Body|[of] p1a: Talonflame\n|\n|-heal|p2a: Wyrdeer|199/321 brn|[from] item: Leftovers\n|-damage|p2a: Wyrdeer|179/321 brn|[from] brn\n|upkeep\n|turn|14\n|\n|t:|1781458630\n|move|p1a: Talonflame|Flare Blitz|p2a: Wyrdeer\n|-damage|p2a: Wyrdeer|62/321 brn\n|-damage|p1a: Talonflame|57/265|[from] Recoil\n|move|p2a: Wyrdeer|Thunder Wave|p1a: Talonflame\n|-status|p1a: Talonflame|par\n|\n|-heal|p2a: Wyrdeer|82/321 brn|[from] item: Leftovers\n|-damage|p2a: Wyrdeer|62/321 brn|[from] brn\n|upkeep\n|turn|15\n|\n|t:|1781458639\n|move|p2a: Wyrdeer|Psychic Noise|p1a: Talonflame\n|-damage|p1a: Talonflame|0 fnt\n|faint|p1a: Talonflame\n|\n|-heal|p2a: Wyrdeer|82/321 brn|[from] item: Leftovers\n|-damage|p2a: Wyrdeer|62/321 brn|[from] brn\n|upkeep\n|\n|t:|1781458649\n|switch|p1a: Glaceon|Glaceon, L94, M|184/275\n|turn|16\n|\n|t:|1781458656\n|switch|p2a: Regice|Regice, L88|257/284\n|move|p1a: Glaceon|Protect||[still]\n|-fail|p1a: Glaceon\n|\n|upkeep\n|turn|17\n|\n|t:|1781458662\n|move|p1a: Glaceon|Wish|p1a: Glaceon\n|move|p2a: Regice|Thunderbolt|p1a: Glaceon\n|-damage|p1a: Glaceon|126/275\n|\n|upkeep\n|turn|18\n|\n|t:|1781458683\n|switch|p2a: Drifblim|Drifblim, L86, F|396/396\n|move|p1a: Glaceon|Freeze-Dry|p2a: Drifblim\n|-supereffective|p2a: Drifblim\n|-damage|p2a: Drifblim|100/396\n|-enditem|p2a: Drifblim|Sitrus Berry|[eat]\n|-heal|p2a: Drifblim|199/396|[from] item: Sitrus Berry\n|\n|-heal|p1a: Glaceon|263/275|[from] move: Wish|[wisher] Glaceon\n|upkeep\n|turn|19\n|\n|t:|1781458700\n|-terastallize|p2a: Drifblim|Steel\n|move|p2a: Drifblim|Calm Mind|p2a: Drifblim\n|-boost|p2a: Drifblim|spa|1\n|-boost|p2a: Drifblim|spd|1\n|move|p1a: Glaceon|Freeze-Dry|p2a: Drifblim\n|-resisted|p2a: Drifblim\n|-damage|p2a: Drifblim|141/396\n|\n|upkeep\n|turn|20\n|\n|t:|1781458712\n|switch|p1a: Keldeo|Keldeo-Resolute, L79|273/273\n|move|p2a: Drifblim|Strength Sap|p1a: Keldeo\n|-unboost|p1a: Keldeo|atk|1\n|-heal|p2a: Drifblim|300/396\n|\n|upkeep\n|turn|21\n|\n|t:|1781458731\n|-terastallize|p1a: Keldeo|Fighting\n|move|p2a: Drifblim|Calm Mind|p2a: Drifblim\n|-boost|p2a: Drifblim|spa|1\n|-boost|p2a: Drifblim|spd|1\n|move|p1a: Keldeo|Secret Sword|p2a: Drifblim\n|-supereffective|p2a: Drifblim\n|-damage|p2a: Drifblim|0 fnt\n|faint|p2a: Drifblim\n|\n|upkeep\n|\n|t:|1781458745\n|switch|p2a: Cinderace|Cinderace, L77, F|87/249\n|turn|22\n|\n|t:|1781458766\n|move|p1a: Keldeo|Secret Sword|p2a: Cinderace\n|-damage|p2a: Cinderace|0 fnt\n|faint|p2a: Cinderace\n|\n|upkeep\n|\n|t:|1781458776\n|switch|p2a: Komala|Komala, L88, M|258/258\n|-ability|p2a: Komala|Comatose\n|turn|23\n|-message|YouShallNotPas forfeited.\n|\n|win|Kids_ghost13\n", "inputlog": ">version a8376a258c1d4662feba110a92103f3664a72141\n>start {\"formatid\":\"gen9randombattle\",\"seed\":\"sodium,5e7569bae9ecc186f4301b372e248418\",\"rated\":\"Rated battle\"}\n>player p1 {\"name\":\"Kids_ghost13\",\"avatar\":\"169\",\"rating\":1928,\"seed\":\"sodium,85c1d0ce9418f098356bec5459968712\"}\n>player p2 {\"name\":\"YouShallNotPas\",\"avatar\":\"101\",\"rating\":1918,\"seed\":\"sodium,243a173d391ff8c621dcde4a9ce5c70d\"}\n>p1 switch 6\n>p2 move earthquake\n>p1 move auroraveil\n>p2 move thunderwave\n>p1 move blizzard\n>p2 move thunderwave\n>p1 move earthquake\n>p2 switch 2\n>p1 switch 3\n>p2 move thunderbolt\n>p1 move freezedry\n>p2 move thunderbolt\n>p1 move wish\n>p2 move thunderbolt\n>p1 switch 3\n>p2 move thunderbolt\n>p1 move earthquake\n>p2 switch 6\n>p1 switch 6\n>p2 move pyroball\n>p1 move bravebird\n>p2 switch 2\n>p1 switch 6\n>p2 move megahorn\n>p1 switch 6\n>p2 move megahorn\n>p1 move flareblitz\n>p2 move thunderwave\n>p1 move bravebird\n>p2 move psychicnoise\n>p1 switch 3\n>p1 move protect\n>p2 switch 6\n>p1 move wish\n>p2 move thunderbolt\n>p1 move freezedry\n>p2 switch 5\n>p1 move freezedry\n>p2 move calmmind terastallize\n>p1 switch 4\n>p2 move strengthsap\n>p1 move secretsword terastallize\n>p2 move calmmind\n>p2 switch 2\n>p1 move secretsword\n>p2 move gunkshot\n>p2 switch 3\n>forcelose p2", "uploadtime": 1781458465, "views": 5, "formatid": "gen9randombattle", "rating": null, "private": 0, "password": null}