{"id": "gen9randombattle-2632000699", "format": "[Gen 9] Random Battle", "players": ["Shomsnack", "geb gamer"], "log": "|j|\u203dShomsnack\n|j|\u2606geb gamer\n|t:|1781464562\n|gametype|singles\n|player|p1|Shomsnack|2|2040\n|player|p2|geb gamer|101|1997\n|gen|9\n|tier|[Gen 9] Random Battle\n|rated|\n|rule|Species Clause: Limit one of each Pok\u00e9mon\n|rule|HP Percentage Mod: HP is shown in percentages\n|rule|Sleep Clause Mod: Limit one foe put to sleep\n|rule|Illusion Level Mod: Illusion disguises the Pok\u00e9mon's true level\n|\n|t:|1781464562\n|teamsize|p1|6\n|teamsize|p2|6\n|start\n|switch|p1a: Tinkaton|Tinkaton, L82, F|274/274\n|switch|p2a: Pecharunt|Pecharunt, L77|262/262\n|-ability|p1a: Tinkaton|Mold Breaker\n|turn|1\n|inactive|Battle timer is ON: inactive players will automatically lose when time's up. (requested by Shomsnack)\n|inactive|geb gamer has 120 seconds left.\n|\n|t:|1781464603\n|switch|p2a: Mudsdale|Mudsdale, L83, F|302/302\n|move|p1a: Tinkaton|Thunder Wave|p2a: Mudsdale\n|-immune|p2a: Mudsdale\n|\n|upkeep\n|turn|2\n|\n|t:|1781464617\n|switch|p1a: Porygon2|Porygon2, L81|270/270\n|-ability|p1a: Porygon2|Download|boost\n|-boost|p1a: Porygon2|spa|1\n|move|p2a: Mudsdale|Earthquake|p1a: Porygon2\n|-damage|p1a: Porygon2|182/270\n|\n|upkeep\n|turn|3\n|inactive|geb gamer has 120 seconds left.\n|inactive|geb gamer has 90 seconds left.\n|\n|t:|1781464687\n|switch|p2a: Meganium|Meganium, L90, F|290/290\n|move|p1a: Porygon2|Ice Beam|p2a: Meganium\n|-supereffective|p2a: Meganium\n|-damage|p2a: Meganium|114/290\n|\n|-heal|p2a: Meganium|132/290|[from] item: Leftovers\n|upkeep\n|turn|4\n|\n|t:|1781464695\n|move|p2a: Meganium|Knock Off|p1a: Porygon2\n|-damage|p1a: Porygon2|138/270\n|-enditem|p1a: Porygon2|Eviolite|[from] move: Knock Off|[of] p2a: Meganium\n|move|p1a: Porygon2|Tri Attack|p2a: Meganium\n|-damage|p2a: Meganium|30/290\n|\n|-heal|p2a: Meganium|48/290|[from] item: Leftovers\n|upkeep\n|turn|5\n|\n|t:|1781464700\n|move|p2a: Meganium|Petal Blizzard|p1a: Porygon2\n|-damage|p1a: Porygon2|0 fnt\n|faint|p1a: Porygon2\n|\n|-heal|p2a: Meganium|66/290|[from] item: Leftovers\n|upkeep\n|\n|t:|1781464705\n|switch|p1a: Eiscue|Eiscue, L88, M|274/274\n|turn|6\n|\n|t:|1781464710\n|move|p2a: Meganium|Knock Off|p1a: Eiscue\n|-activate|p1a: Eiscue|ability: Ice Face\n|-damage|p1a: Eiscue|274/274\n|-enditem|p1a: Eiscue|Sitrus Berry|[from] move: Knock Off|[of] p2a: Meganium\n|detailschange|p1a: Eiscue|Eiscue-Noice, L88, M\n|move|p1a: Eiscue|Ice Spinner|p2a: Meganium\n|-supereffective|p2a: Meganium\n|-damage|p2a: Meganium|0 fnt\n|faint|p2a: Meganium\n|\n|upkeep\n|\n|t:|1781464724\n|switch|p2a: Pecharunt|Pecharunt, L77|262/262\n|turn|7\n|\n|t:|1781464729\n|move|p1a: Eiscue|Belly Drum|p1a: Eiscue\n|-damage|p1a: Eiscue|137/274\n|-setboost|p1a: Eiscue|atk|6|[from] move: Belly Drum\n|move|p2a: Pecharunt|Shadow Ball|p1a: Eiscue\n|-damage|p1a: Eiscue|50/274\n|-unboost|p1a: Eiscue|spd|1\n|\n|upkeep\n|turn|8\n|inactive|geb gamer has 120 seconds left.\n|\n|t:|1781464740\n|switch|p2a: Magmortar|Magmortar, L88, M|275/275\n|move|p1a: Eiscue|Zen Headbutt|p2a: Magmortar\n|-damage|p2a: Magmortar|32/275\n|\n|upkeep\n|turn|9\n|\n|t:|1781464744\n|move|p1a: Eiscue|Ice Spinner|p2a: Magmortar\n|-resisted|p2a: Magmortar\n|-damage|p2a: Magmortar|0 fnt\n|faint|p2a: Magmortar\n|\n|upkeep\n|\n|t:|1781464746\n|switch|p2a: Pecharunt|Pecharunt, L77|262/262\n|turn|10\n|\n|t:|1781464749\n|-terastallize|p2a: Pecharunt|Dark\n|move|p1a: Eiscue|Zen Headbutt|p2a: Pecharunt\n|-immune|p2a: Pecharunt\n|move|p2a: Pecharunt|Shadow Ball|p1a: Eiscue\n|-damage|p1a: Eiscue|0 fnt\n|faint|p1a: Eiscue\n|\n|upkeep\n|\n|t:|1781464752\n|switch|p1a: Tinkaton|Tinkaton, L82, F|274/274\n|-ability|p1a: Tinkaton|Mold Breaker\n|turn|11\n|\n|t:|1781464756\n|switch|p1a: Torterra|Torterra, L78, M|276/276\n|switch|p2a: Dugtrio|Dugtrio-Alola, L84, F|196/196\n|\n|upkeep\n|turn|12\n|\n|t:|1781464760\n|move|p2a: Dugtrio|Iron Head|p1a: Torterra\n|-damage|p1a: Torterra|169/276\n|-damage|p2a: Dugtrio|177/196|[from] item: Life Orb\n|move|p1a: Torterra|Shell Smash|p1a: Torterra\n|-unboost|p1a: Torterra|def|1\n|-unboost|p1a: Torterra|spd|1\n|-boost|p1a: Torterra|atk|2\n|-boost|p1a: Torterra|spa|2\n|-boost|p1a: Torterra|spe|2\n|\n|upkeep\n|turn|13\n|\n|t:|1781464766\n|switch|p2a: Mudsdale|Mudsdale, L83, F|302/302\n|move|p1a: Torterra|Bullet Seed|p2a: Mudsdale\n|-supereffective|p2a: Mudsdale\n|-damage|p2a: Mudsdale|212/302\n|-ability|p2a: Mudsdale|Stamina|boost\n|-boost|p2a: Mudsdale|def|1\n|-supereffective|p2a: Mudsdale\n|-damage|p2a: Mudsdale|144/302\n|-ability|p2a: Mudsdale|Stamina|boost\n|-boost|p2a: Mudsdale|def|1\n|-supereffective|p2a: Mudsdale\n|-damage|p2a: Mudsdale|94/302\n|-ability|p2a: Mudsdale|Stamina|boost\n|-boost|p2a: Mudsdale|def|1\n|-supereffective|p2a: Mudsdale\n|-damage|p2a: Mudsdale|56/302\n|-ability|p2a: Mudsdale|Stamina|boost\n|-boost|p2a: Mudsdale|def|1\n|-supereffective|p2a: Mudsdale\n|-damage|p2a: Mudsdale|20/302\n|-ability|p2a: Mudsdale|Stamina|boost\n|-boost|p2a: Mudsdale|def|1\n|-hitcount|p2a: Mudsdale|5\n|\n|-heal|p2a: Mudsdale|38/302|[from] item: Leftovers\n|upkeep\n|turn|14\n|\n|t:|1781464770\n|move|p1a: Torterra|Bullet Seed|p2a: Mudsdale\n|-supereffective|p2a: Mudsdale\n|-damage|p2a: Mudsdale|12/302\n|-ability|p2a: Mudsdale|Stamina|boost\n|-boost|p2a: Mudsdale|def|1\n|-supereffective|p2a: Mudsdale\n|-damage|p2a: Mudsdale|0 fnt\n|faint|p2a: Mudsdale\n|-hitcount|p2: Mudsdale|2\n|\n|upkeep\n|\n|t:|1781464774\n|switch|p2a: Ogerpon|Ogerpon, L80, F|259/259\n|turn|15\n|\n|t:|1781464803\n|move|p1a: Torterra|Rock Blast|p2a: Ogerpon\n|-damage|p2a: Ogerpon|219/259\n|-damage|p2a: Ogerpon|181/259\n|-damage|p2a: Ogerpon|145/259\n|-damage|p2a: Ogerpon|109/259\n|-damage|p2a: Ogerpon|73/259\n|-hitcount|p2a: Ogerpon|5\n|move|p2a: Ogerpon|Ivy Cudgel|p1a: Torterra\n|-damage|p1a: Torterra|0 fnt\n|faint|p1a: Torterra\n|-damage|p2a: Ogerpon|48/259|[from] item: Life Orb\n|\n|upkeep\n|\n|t:|1781464810\n|switch|p1a: Iron Thorns|Iron Thorns, L83|302/302\n|-enditem|p1a: Iron Thorns|Booster Energy\n|-activate|p1a: Iron Thorns|ability: Quark Drive|[fromitem]\n|-start|p1a: Iron Thorns|quarkdriveatk\n|turn|16\n|\n|t:|1781464827\n|-terastallize|p1a: Iron Thorns|Flying\n|move|p2a: Ogerpon|Superpower|p1a: Iron Thorns\n|-resisted|p1a: Iron Thorns\n|-damage|p1a: Iron Thorns|251/302\n|-unboost|p2a: Ogerpon|atk|1\n|-unboost|p2a: Ogerpon|def|1\n|-damage|p2a: Ogerpon|23/259|[from] item: Life Orb\n|move|p1a: Iron Thorns|Dragon Dance|p1a: Iron Thorns\n|-boost|p1a: Iron Thorns|atk|1\n|-boost|p1a: Iron Thorns|spe|1\n|\n|upkeep\n|turn|17\n|\n|t:|1781464832\n|move|p1a: Iron Thorns|Ice Punch|p2a: Ogerpon\n|-supereffective|p2a: Ogerpon\n|-damage|p2a: Ogerpon|0 fnt\n|faint|p2a: Ogerpon\n|\n|upkeep\n|\n|t:|1781464834\n|switch|p2a: Pecharunt|Pecharunt, L77, tera:Dark|262/262\n|turn|18\n|\n|t:|1781464837\n|move|p1a: Iron Thorns|Stone Edge|p2a: Pecharunt\n|-damage|p2a: Pecharunt|93/262\n|move|p2a: Pecharunt|Malignant Chain|p1a: Iron Thorns\n|-damage|p1a: Iron Thorns|157/302\n|\n|-heal|p2a: Pecharunt|109/262|[from] item: Leftovers\n|upkeep\n|turn|19\n|\n|t:|1781464840\n|move|p1a: Iron Thorns|Wild Charge|p2a: Pecharunt\n|-damage|p2a: Pecharunt|0 fnt\n|faint|p2a: Pecharunt\n|-damage|p1a: Iron Thorns|130/302|[from] Recoil\n|\n|upkeep\n|\n|t:|1781464843\n|switch|p2a: Dugtrio|Dugtrio-Alola, L84, F|177/196\n|turn|20\n|\n|t:|1781464847\n|move|p1a: Iron Thorns|Ice Punch|p2a: Dugtrio\n|-damage|p2a: Dugtrio|15/196\n|-ability|p2a: Dugtrio|Tangling Hair\n|-unboost|p1a: Iron Thorns|spe|1\n|move|p2a: Dugtrio|Stone Edge|p1a: Iron Thorns\n|-supereffective|p1a: Iron Thorns\n|-damage|p1a: Iron Thorns|0 fnt\n|faint|p1a: Iron Thorns\n|-end|p1a: Iron Thorns|Quark Drive|[silent]\n|-damage|p2a: Dugtrio|0 fnt|[from] item: Life Orb\n|faint|p2a: Dugtrio\n|\n|win|Shomsnack\n", "uploadtime": 1781464564, "views": 4, "formatid": "gen9randombattle", "rating": null, "private": 0, "password": null}