{"id": "gen9randombattle-2631626446", "format": "[Gen 9] Random Battle", "players": ["steppatrick", "smegmitaaa"], "log": "|j|\u2606steppatrick\n|j|\u2606smegmitaaa\n|t:|1781410967\n|gametype|singles\n|player|p1|steppatrick|169|1572\n|player|p2|smegmitaaa|170|1585\n|gen|9\n|tier|[Gen 9] Random Battle\n|rated|\n|rule|Species Clause: Limit one of each Pok\u00e9mon\n|rule|HP Percentage Mod: HP is shown in percentages\n|rule|Sleep Clause Mod: Limit one foe put to sleep\n|rule|Illusion Level Mod: Illusion disguises the Pok\u00e9mon's true level\n|\n|t:|1781410967\n|teamsize|p1|6\n|teamsize|p2|6\n|start\n|switch|p1a: Talonflame|Talonflame, L83, F|265/265\n|switch|p2a: Iron Thorns|Iron Thorns, L83|302/302\n|-item|p2a: Iron Thorns|Air Balloon\n|turn|1\n|inactive|Battle timer is ON: inactive players will automatically lose when time's up. (requested by steppatrick)\n|\n|t:|1781410985\n|move|p1a: Talonflame|Flare Blitz|p2a: Iron Thorns\n|-resisted|p2a: Iron Thorns\n|-damage|p2a: Iron Thorns|258/302\n|-status|p2a: Iron Thorns|brn\n|-enditem|p2a: Iron Thorns|Air Balloon\n|-damage|p1a: Talonflame|250/265|[from] Recoil\n|move|p2a: Iron Thorns|Stealth Rock|p1a: Talonflame\n|-sidestart|p1: steppatrick|move: Stealth Rock\n|\n|-damage|p2a: Iron Thorns|240/302 brn|[from] brn\n|upkeep\n|turn|2\n|\n|t:|1781411002\n|-terastallize|p1a: Talonflame|Ground\n|move|p1a: Talonflame|Swords Dance|p1a: Talonflame\n|-boost|p1a: Talonflame|atk|2\n|move|p2a: Iron Thorns|Spikes|p1a: Talonflame\n|-sidestart|p1: steppatrick|Spikes\n|\n|-damage|p2a: Iron Thorns|222/302 brn|[from] brn\n|upkeep\n|turn|3\n|\n|t:|1781411012\n|-end|p2a: Iron Thorns|Quark Drive|[silent]\n|switch|p2a: Uxie|Uxie, L83|260/260\n|move|p1a: Talonflame|Tera Blast|p2a: Uxie|[anim] Tera Blast Ground\n|-immune|p2a: Uxie|[from] ability: Levitate\n|\n|upkeep\n|turn|4\n|\n|t:|1781411022\n|move|p1a: Talonflame|Swords Dance|p1a: Talonflame\n|-boost|p1a: Talonflame|atk|2\n|move|p2a: Uxie|Yawn|p1a: Talonflame\n|-start|p1a: Talonflame|move: Yawn|[of] p2a: Uxie\n|\n|upkeep\n|turn|5\n|\n|t:|1781411029\n|move|p1a: Talonflame|Flare Blitz|p2a: Uxie\n|-damage|p2a: Uxie|26/260\n|-damage|p1a: Talonflame|173/265|[from] Recoil\n|move|p2a: Uxie|U-turn|p1a: Talonflame\n|-damage|p1a: Talonflame|129/265\n|-status|p2a: Uxie|brn|[from] ability: Flame Body|[of] p1a: Talonflame\n|\n|t:|1781411045\n|switch|p2a: Altaria|Altaria, L89, M|278/278|[from] U-turn\n|\n|-end|p1a: Talonflame|move: Yawn|[silent]\n|-status|p1a: Talonflame|slp\n|upkeep\n|turn|6\n|\n|t:|1781411068\n|switch|p1a: Froslass|Froslass, L87, F|263/263\n|-damage|p1a: Froslass|198/263|[from] Stealth Rock\n|-damage|p1a: Froslass|166/263|[from] Spikes\n|move|p2a: Altaria|Dragon Dance|p2a: Altaria\n|-boost|p2a: Altaria|atk|1\n|-boost|p2a: Altaria|spe|1\n|\n|upkeep\n|turn|7\n|\n|t:|1781411084\n|move|p2a: Altaria|Brave Bird|p1a: Froslass\n|-damage|p1a: Froslass|0 fnt\n|faint|p1a: Froslass\n|-damage|p2a: Altaria|223/278|[from] Recoil\n|\n|upkeep\n|inactive|steppatrick has 120 seconds left.\n|\n|t:|1781411096\n|switch|p1a: Swalot|Swalot, L90, M|326/326\n|-damage|p1a: Swalot|286/326|[from] Stealth Rock\n|-damage|p1a: Swalot|246/326|[from] Spikes\n|turn|8\n|\n|t:|1781411106\n|-terastallize|p2a: Altaria|Steel\n|move|p2a: Altaria|Dragon Dance|p2a: Altaria\n|-boost|p2a: Altaria|atk|1\n|-boost|p2a: Altaria|spe|1\n|move|p1a: Swalot|Toxic|p2a: Altaria\n|-immune|p2a: Altaria\n|\n|-heal|p1a: Swalot|266/326|[from] item: Leftovers\n|upkeep\n|turn|9\n|\n|t:|1781411118\n|move|p2a: Altaria|Earthquake|p1a: Swalot\n|-supereffective|p1a: Swalot\n|-damage|p1a: Swalot|30/326\n|move|p1a: Swalot|Earthquake|p2a: Altaria\n|-supereffective|p2a: Altaria\n|-damage|p2a: Altaria|89/278\n|\n|-heal|p1a: Swalot|50/326|[from] item: Leftovers\n|upkeep\n|turn|10\n|\n|t:|1781411132\n|move|p1a: Swalot|Protect|p1a: Swalot\n|-singleturn|p1a: Swalot|Protect\n|move|p2a: Altaria|Earthquake|p1a: Swalot\n|-activate|p1a: Swalot|move: Protect\n|\n|-heal|p1a: Swalot|70/326|[from] item: Leftovers\n|upkeep\n|turn|11\n|\n|t:|1781411143\n|switch|p1a: Talonflame|Talonflame, L83, F, tera:Ground|129/265 slp\n|move|p2a: Altaria|Earthquake|p1a: Talonflame\n|-damage|p1a: Talonflame|0 fnt\n|faint|p1a: Talonflame\n|\n|upkeep\n|\n|t:|1781411151\n|switch|p1a: Palafin|Palafin, L77, M|281/281\n|-damage|p1a: Palafin|246/281|[from] Stealth Rock\n|-damage|p1a: Palafin|211/281|[from] Spikes\n|turn|12\n|\n|t:|1781411158\n|move|p1a: Palafin|Jet Punch|p2a: Altaria\n|-damage|p2a: Altaria|31/278\n|move|p2a: Altaria|Roost|p2a: Altaria\n|-heal|p2a: Altaria|170/278\n|\n|upkeep\n|turn|13\n|\n|t:|1781411167\n|detailschange|p1a: Palafin|Palafin-Hero, L77, M\n|switch|p1a: Swalot|Swalot, L90, M|70/326\n|-damage|p1a: Swalot|30/326|[from] Stealth Rock\n|-damage|p1a: Swalot|0 fnt|[from] Spikes\n|faint|p1a: Swalot\n|move|p2a: Altaria|Roost|p2a: Altaria\n|-heal|p2a: Altaria|278/278\n|\n|upkeep\n|\n|t:|1781411178\n|switch|p1a: Palafin|Palafin-Hero, L77, M|211/281\n|-damage|p1a: Palafin|176/281|[from] Stealth Rock\n|-damage|p1a: Palafin|141/281|[from] Spikes\n|-activate|p1a: Palafin|ability: Zero to Hero\n|turn|14\n|\n|t:|1781411186\n|move|p2a: Altaria|Brave Bird|p1a: Palafin\n|-damage|p1a: Palafin|0 fnt\n|faint|p1a: Palafin\n|-damage|p2a: Altaria|231/278|[from] Recoil\n|\n|upkeep\n|\n|t:|1781411200\n|switch|p1a: Crabominable|Crabominable, L90, F|321/321\n|-damage|p1a: Crabominable|281/321|[from] Stealth Rock\n|-damage|p1a: Crabominable|241/321|[from] Spikes\n|turn|15\n|\n|t:|1781411208\n|move|p2a: Altaria|Brave Bird|p1a: Crabominable\n|-supereffective|p1a: Crabominable\n|-damage|p1a: Crabominable|0 fnt\n|faint|p1a: Crabominable\n|-damage|p2a: Altaria|151/278|[from] Recoil\n|\n|upkeep\n|-message|steppatrick forfeited.\n|\n|win|smegmitaaa\n|raw|steppatrick's rating: 1572 &rarr; <strong>1553</strong><br />(-19 for losing)\n|raw|smegmitaaa's rating: 1585 &rarr; <strong>1604</strong><br />(+19 for winning)\n|l|\u2606steppatrick\n|player|p1|\n", "inputlog": ">version a8376a258c1d4662feba110a92103f3664a72141\n>start {\"formatid\":\"gen9randombattle\",\"seed\":\"sodium,b60c0e8eba5ba6747f9e2b9291bb7d81\",\"rated\":\"Rated battle\"}\n>player p1 {\"name\":\"steppatrick\",\"avatar\":\"169\",\"rating\":1572,\"seed\":\"sodium,6d7a948a3715b2ce3b190da1c0683f89\"}\n>player p2 {\"name\":\"smegmitaaa\",\"avatar\":\"170\",\"rating\":1585,\"seed\":\"sodium,c7f593734e1e90cc1d4988f7f249f463\"}\n>p1 move flareblitz\n>p2 move stealthrock\n>p1 move swordsdance terastallize\n>p2 move spikes\n>p1 move terablast\n>p2 switch 5\n>p1 move swordsdance\n>p2 move yawn\n>p1 move flareblitz\n>p2 move uturn\n>p2 switch 4\n>p1 switch 3\n>p2 move dragondance\n>p1 move destinybond\n>p2 move bravebird\n>p1 switch 6\n>p1 move toxic\n>p2 move dragondance terastallize\n>p1 move earthquake\n>p2 move earthquake\n>p1 move protect\n>p2 move earthquake\n>p1 switch 3\n>p2 move earthquake\n>p1 switch 5\n>p1 move jetpunch\n>p2 move roost\n>p1 switch 3\n>p2 move roost\n>p1 switch 3\n>p1 move closecombat\n>p2 move bravebird\n>p1 switch 4\n>p1 move drainpunch\n>p2 move bravebird\n>forcelose p1", "uploadtime": 1781411230, "views": 4, "formatid": "gen9randombattle", "rating": 1553, "private": 0, "password": null}