{"id": "gen9randombattle-2631591672", "format": "[Gen 9] Random Battle", "players": ["dpcd1214", "Purson_The_Witch"], "log": "|j|\u2606dpcd1214\n|j|\u2606Purson_The_Witch\n|t:|1781405686\n|gametype|singles\n|player|p1|dpcd1214|lady-gen4|1130\n|player|p2|Purson_The_Witch|ghetsis|1087\n|gen|9\n|tier|[Gen 9] Random Battle\n|rated|\n|rule|Species Clause: Limit one of each Pok\u00e9mon\n|rule|HP Percentage Mod: HP is shown in percentages\n|rule|Sleep Clause Mod: Limit one foe put to sleep\n|rule|Illusion Level Mod: Illusion disguises the Pok\u00e9mon's true level\n|\n|t:|1781405686\n|teamsize|p1|6\n|teamsize|p2|6\n|start\n|switch|p1a: Mamoswine|Mamoswine, L81, M|311/311\n|switch|p2a: Florges|Florges-Blue, L85, F|271/271\n|turn|1\n|\n|t:|1781405702\n|switch|p1a: Excadrill|Excadrill, L79, M|303/303\n|-ability|p1a: Excadrill|Mold Breaker\n|move|p2a: Florges|Calm Mind|p2a: Florges\n|-boost|p2a: Florges|spa|1\n|-boost|p2a: Florges|spd|1\n|\n|upkeep\n|turn|2\n|\n|t:|1781405718\n|move|p1a: Excadrill|Iron Head|p2a: Florges\n|-supereffective|p2a: Florges\n|-damage|p2a: Florges|53/271\n|move|p2a: Florges|Calm Mind|p2a: Florges\n|-boost|p2a: Florges|spa|1\n|-boost|p2a: Florges|spd|1\n|\n|-heal|p2a: Florges|69/271|[from] item: Leftovers\n|upkeep\n|turn|3\n|\n|t:|1781405729\n|move|p1a: Excadrill|Iron Head|p2a: Florges\n|-supereffective|p2a: Florges\n|-damage|p2a: Florges|0 fnt\n|faint|p2a: Florges\n|\n|upkeep\n|\n|t:|1781405738\n|switch|p2a: Ditto|Ditto, L87|225/225\n|-transform|p2a: Ditto|p1a: Excadrill|[from] ability: Imposter\n|-ability|p2a: Ditto|Mold Breaker\n|turn|4\n|\n|t:|1781405748\n|move|p2a: Ditto|Earthquake|p1a: Excadrill\n|-supereffective|p1a: Excadrill\n|-crit|p1a: Excadrill\n|-damage|p1a: Excadrill|0 fnt\n|faint|p1a: Excadrill\n|\n|upkeep\n|\n|t:|1781405758\n|switch|p1a: Kleavor|Kleavor, L78, M|237/237\n|turn|5\n|\n|t:|1781405766\n|switch|p2a: Coalossal|Coalossal, L89, F|341/341\n|move|p1a: Kleavor|Close Combat|p2a: Coalossal\n|-supereffective|p2a: Coalossal\n|-damage|p2a: Coalossal|193/341\n|-unboost|p1a: Kleavor|def|1\n|-unboost|p1a: Kleavor|spd|1\n|\n|upkeep\n|turn|6\n|\n|t:|1781405790\n|move|p1a: Kleavor|Stone Axe|p2a: Coalossal\n|-supereffective|p2a: Coalossal\n|-damage|p2a: Coalossal|1/341\n|-status|p1a: Kleavor|brn|[from] ability: Flame Body|[of] p2a: Coalossal\n|-sidestart|p2: Purson_The_Witch|move: Stealth Rock\n|move|p2a: Coalossal|Spikes|p1a: Kleavor\n|-sidestart|p1: dpcd1214|Spikes\n|\n|-damage|p1a: Kleavor|223/237 brn|[from] brn\n|upkeep\n|turn|7\n|\n|t:|1781405801\n|move|p1a: Kleavor|Stone Axe|p2a: Coalossal\n|-supereffective|p2a: Coalossal\n|-damage|p2a: Coalossal|0 fnt\n|faint|p2a: Coalossal\n|\n|-damage|p1a: Kleavor|209/237 brn|[from] brn\n|upkeep\n|\n|t:|1781405817\n|switch|p2a: Ditto|Ditto, L87|225/225\n|-damage|p2a: Ditto|197/225|[from] Stealth Rock\n|-transform|p2a: Ditto|p1a: Kleavor|[from] ability: Imposter\n|turn|8\n|\n|t:|1781405828\n|switch|p1a: Revavroom|Revavroom, L79, M|256/256\n|-damage|p1a: Revavroom|224/256|[from] Spikes\n|move|p2a: Ditto|Stone Axe|p1a: Revavroom\n|-resisted|p1a: Revavroom\n|-damage|p1a: Revavroom|152/256\n|-sidestart|p1: dpcd1214|move: Stealth Rock\n|\n|upkeep\n|turn|9\n|\n|t:|1781405840\n|switch|p2a: Golduck|Golduck, L90, M|290/290\n|-damage|p2a: Golduck|254/290|[from] Stealth Rock\n|-ability|p2a: Golduck|Cloud Nine\n|move|p1a: Revavroom|Shift Gear|p1a: Revavroom\n|-boost|p1a: Revavroom|spe|2\n|-boost|p1a: Revavroom|atk|1\n|\n|-heal|p2a: Golduck|272/290|[from] item: Leftovers\n|upkeep\n|turn|10\n|\n|t:|1781405855\n|move|p1a: Revavroom|Gunk Shot|p2a: Golduck\n|-damage|p2a: Golduck|3/290\n|-damage|p1a: Revavroom|127/256|[from] item: Life Orb\n|move|p2a: Golduck|Hydro Pump|p1a: Revavroom\n|-damage|p1a: Revavroom|0 fnt\n|faint|p1a: Revavroom\n|\n|-heal|p2a: Golduck|21/290|[from] item: Leftovers\n|upkeep\n|\n|t:|1781405867\n|switch|p1a: Zebstrika|Zebstrika, L87, F|272/272\n|-damage|p1a: Zebstrika|238/272|[from] Spikes\n|-damage|p1a: Zebstrika|204/272|[from] Stealth Rock\n|turn|11\n|\n|t:|1781405876\n|move|p1a: Zebstrika|Volt Switch|p2a: Golduck\n|-supereffective|p2a: Golduck\n|-damage|p2a: Golduck|0 fnt\n|faint|p2a: Golduck\n|-damage|p1a: Zebstrika|177/272|[from] item: Life Orb\n|\n|t:|1781405879\n|switch|p1a: Mamoswine|Mamoswine, L81, M|311/311|[from] Volt Switch\n|-damage|p1a: Mamoswine|273/311|[from] Spikes\n|-damage|p1a: Mamoswine|235/311|[from] Stealth Rock\n|\n|upkeep\n|\n|t:|1781405890\n|switch|p2a: Cryogonal|Cryogonal, L89|287/287\n|turn|12\n|\n|t:|1781405902\n|switch|p1a: Kleavor|Kleavor, L78, M|209/237 brn\n|move|p2a: Cryogonal|Flash Cannon|p1a: Kleavor\n|-supereffective|p1a: Kleavor\n|-damage|p1a: Kleavor|57/237 brn\n|\n|-damage|p1a: Kleavor|43/237 brn|[from] brn\n|upkeep\n|turn|13\n|\n|t:|1781405910\n|move|p2a: Cryogonal|Flash Cannon|p1a: Kleavor\n|-supereffective|p1a: Kleavor\n|-damage|p1a: Kleavor|0 fnt\n|faint|p1a: Kleavor\n|\n|upkeep\n|\n|t:|1781405917\n|switch|p1a: Zebstrika|Zebstrika, L87, F|177/272\n|-damage|p1a: Zebstrika|143/272|[from] Spikes\n|-damage|p1a: Zebstrika|109/272|[from] Stealth Rock\n|turn|14\n|\n|t:|1781405930\n|move|p1a: Zebstrika|Overheat|p2a: Cryogonal\n|-supereffective|p2a: Cryogonal\n|-damage|p2a: Cryogonal|128/287\n|-unboost|p1a: Zebstrika|spa|2\n|-damage|p1a: Zebstrika|82/272|[from] item: Life Orb\n|move|p2a: Cryogonal|Freeze-Dry|p1a: Zebstrika\n|-damage|p1a: Zebstrika|0 fnt\n|faint|p1a: Zebstrika\n|\n|upkeep\n|\n|t:|1781405938\n|switch|p1a: Scovillain|Scovillain, L91, F|266/266\n|-damage|p1a: Scovillain|233/266|[from] Spikes\n|-damage|p1a: Scovillain|167/266|[from] Stealth Rock\n|turn|15\n|\n|t:|1781405953\n|-terastallize|p2a: Cryogonal|Poison\n|move|p2a: Cryogonal|Freeze-Dry|p1a: Scovillain\n|-damage|p1a: Scovillain|77/266\n|move|p1a: Scovillain|Leech Seed|p2a: Cryogonal\n|-start|p2a: Cryogonal|move: Leech Seed\n|\n|-heal|p1a: Scovillain|93/266|[from] item: Leftovers\n|-damage|p2a: Cryogonal|93/287|[from] Leech Seed|[of] p1a: Scovillain\n|-heal|p1a: Scovillain|128/266|[silent]\n|upkeep\n|turn|16\n|\n|t:|1781405971\n|move|p1a: Scovillain|Protect|p1a: Scovillain\n|-singleturn|p1a: Scovillain|Protect\n|move|p2a: Cryogonal|Freeze-Dry|p1a: Scovillain\n|-activate|p1a: Scovillain|move: Protect\n|\n|-heal|p1a: Scovillain|144/266|[from] item: Leftovers\n|-damage|p2a: Cryogonal|58/287|[from] Leech Seed|[of] p1a: Scovillain\n|-heal|p1a: Scovillain|179/266|[silent]\n|upkeep\n|turn|17\n|\n|t:|1781405980\n|move|p2a: Cryogonal|Recover|p2a: Cryogonal\n|-heal|p2a: Cryogonal|202/287\n|move|p1a: Scovillain|Substitute|p1a: Scovillain\n|-start|p1a: Scovillain|Substitute\n|-damage|p1a: Scovillain|113/266\n|\n|-heal|p1a: Scovillain|129/266|[from] item: Leftovers\n|-damage|p2a: Cryogonal|167/287|[from] Leech Seed|[of] p1a: Scovillain\n|-heal|p1a: Scovillain|164/266|[silent]\n|upkeep\n|turn|18\n|\n|t:|1781405993\n|move|p2a: Cryogonal|Freeze-Dry|p1a: Scovillain\n|-end|p1a: Scovillain|Substitute\n|move|p1a: Scovillain|Flamethrower|p2a: Cryogonal\n|-damage|p2a: Cryogonal|80/287\n|-status|p2a: Cryogonal|brn\n|\n|-heal|p1a: Scovillain|180/266|[from] item: Leftovers\n|-damage|p2a: Cryogonal|45/287 brn|[from] Leech Seed|[of] p1a: Scovillain\n|-heal|p1a: Scovillain|215/266|[silent]\n|-damage|p2a: Cryogonal|28/287 brn|[from] brn\n|upkeep\n|turn|19\n|\n|t:|1781406006\n|move|p1a: Scovillain|Protect|p1a: Scovillain\n|-singleturn|p1a: Scovillain|Protect\n|move|p2a: Cryogonal|Freeze-Dry|p1a: Scovillain\n|-activate|p1a: Scovillain|move: Protect\n|\n|-heal|p1a: Scovillain|231/266|[from] item: Leftovers\n|-damage|p2a: Cryogonal|0 fnt|[from] Leech Seed|[of] p1a: Scovillain\n|-heal|p1a: Scovillain|259/266|[silent]\n|faint|p2a: Cryogonal\n|upkeep\n|\n|t:|1781406017\n|switch|p2a: Ditto|Ditto, L87|197/225\n|-damage|p2a: Ditto|169/225|[from] Stealth Rock\n|-transform|p2a: Ditto|p1a: Scovillain|[from] ability: Imposter\n|turn|20\n|\n|t:|1781406035\n|move|p2a: Ditto|Leech Seed|p1a: Scovillain\n|-immune|p1a: Scovillain\n|move|p1a: Scovillain|Substitute|p1a: Scovillain\n|-start|p1a: Scovillain|Substitute\n|-damage|p1a: Scovillain|193/266\n|\n|-heal|p1a: Scovillain|209/266|[from] item: Leftovers\n|upkeep\n|turn|21\n|\n|t:|1781406045\n|switch|p2a: Vaporeon|Vaporeon, L86, M|364/364\n|-damage|p2a: Vaporeon|319/364|[from] Stealth Rock\n|move|p1a: Scovillain|Flamethrower|p2a: Vaporeon\n|-resisted|p2a: Vaporeon\n|-damage|p2a: Vaporeon|265/364\n|-status|p2a: Vaporeon|brn\n|\n|-heal|p1a: Scovillain|225/266|[from] item: Leftovers\n|-heal|p2a: Vaporeon|287/364 brn|[from] item: Leftovers\n|-damage|p2a: Vaporeon|265/364 brn|[from] brn\n|upkeep\n|turn|22\n|\n|t:|1781406061\n|move|p1a: Scovillain|Leech Seed|p2a: Vaporeon\n|-start|p2a: Vaporeon|move: Leech Seed\n|move|p2a: Vaporeon|Wish|p2a: Vaporeon\n|\n|-heal|p1a: Scovillain|241/266|[from] item: Leftovers\n|-heal|p2a: Vaporeon|287/364 brn|[from] item: Leftovers\n|-damage|p2a: Vaporeon|242/364 brn|[from] Leech Seed|[of] p1a: Scovillain\n|-heal|p1a: Scovillain|266/266|[silent]\n|-damage|p2a: Vaporeon|220/364 brn|[from] brn\n|upkeep\n|turn|23\n|\n|t:|1781406071\n|switch|p2a: Ditto|Ditto, L87|169/225\n|-damage|p2a: Ditto|141/225|[from] Stealth Rock\n|move|p1a: Scovillain|Protect||[still]\n|-fail|p1a: Scovillain\n|\n|-heal|p2a: Ditto|225/225|[from] move: Wish|[wisher] Vaporeon\n|upkeep\n|turn|24\n|\n|t:|1781406082\n|move|p2a: Ditto|Transform||[still]\n|-fail|p2a: Ditto\n|move|p1a: Scovillain|Leech Seed|p2a: Ditto\n|-start|p2a: Ditto|move: Leech Seed\n|\n|-damage|p2a: Ditto|197/225|[from] Leech Seed|[of] p1a: Scovillain\n|upkeep\n|turn|25\n|\n|t:|1781406091\n|move|p2a: Ditto|Transform||[still]\n|-fail|p2a: Ditto\n|move|p1a: Scovillain|Flamethrower|p2a: Ditto\n|-damage|p2a: Ditto|28/225\n|\n|-damage|p2a: Ditto|0 fnt|[from] Leech Seed|[of] p1a: Scovillain\n|faint|p2a: Ditto\n|upkeep\n|\n|t:|1781406099\n|switch|p2a: Vaporeon|Vaporeon, L86, M|220/364 brn\n|-damage|p2a: Vaporeon|175/364 brn|[from] Stealth Rock\n|turn|26\n|\n|t:|1781406105\n|move|p1a: Scovillain|Leech Seed|p2a: Vaporeon\n|-start|p2a: Vaporeon|move: Leech Seed\n|move|p2a: Vaporeon|Wish|p2a: Vaporeon\n|\n|-heal|p2a: Vaporeon|197/364 brn|[from] item: Leftovers\n|-damage|p2a: Vaporeon|152/364 brn|[from] Leech Seed|[of] p1a: Scovillain\n|-damage|p2a: Vaporeon|130/364 brn|[from] brn\n|upkeep\n|turn|27\n|\n|t:|1781406114\n|move|p2a: Vaporeon|Protect|p2a: Vaporeon\n|-singleturn|p2a: Vaporeon|Protect\n|move|p1a: Scovillain|Flamethrower|p2a: Vaporeon\n|-activate|p2a: Vaporeon|move: Protect\n|\n|-heal|p2a: Vaporeon|312/364 brn|[from] move: Wish|[wisher] Vaporeon\n|-heal|p2a: Vaporeon|334/364 brn|[from] item: Leftovers\n|-damage|p2a: Vaporeon|289/364 brn|[from] Leech Seed|[of] p1a: Scovillain\n|-damage|p2a: Vaporeon|267/364 brn|[from] brn\n|upkeep\n|turn|28\n|\n|t:|1781406126\n|move|p1a: Scovillain|Flamethrower|p2a: Vaporeon\n|-resisted|p2a: Vaporeon\n|-damage|p2a: Vaporeon|216/364 brn\n|move|p2a: Vaporeon|Scald|p1a: Scovillain\n|-end|p1a: Scovillain|Substitute\n|\n|-heal|p2a: Vaporeon|238/364 brn|[from] item: Leftovers\n|-damage|p2a: Vaporeon|193/364 brn|[from] Leech Seed|[of] p1a: Scovillain\n|-damage|p2a: Vaporeon|171/364 brn|[from] brn\n|upkeep\n|turn|29\n|\n|t:|1781406138\n|move|p1a: Scovillain|Protect|p1a: Scovillain\n|-singleturn|p1a: Scovillain|Protect\n|move|p2a: Vaporeon|Wish|p2a: Vaporeon\n|\n|-heal|p2a: Vaporeon|193/364 brn|[from] item: Leftovers\n|-damage|p2a: Vaporeon|148/364 brn|[from] Leech Seed|[of] p1a: Scovillain\n|-damage|p2a: Vaporeon|126/364 brn|[from] brn\n|upkeep\n|turn|30\n|\n|t:|1781406148\n|move|p1a: Scovillain|Substitute|p1a: Scovillain\n|-start|p1a: Scovillain|Substitute\n|-damage|p1a: Scovillain|200/266\n|move|p2a: Vaporeon|Calm Mind|p2a: Vaporeon\n|-boost|p2a: Vaporeon|spa|1\n|-boost|p2a: Vaporeon|spd|1\n|\n|-heal|p2a: Vaporeon|308/364 brn|[from] move: Wish|[wisher] Vaporeon\n|-heal|p1a: Scovillain|216/266|[from] item: Leftovers\n|-heal|p2a: Vaporeon|330/364 brn|[from] item: Leftovers\n|-damage|p2a: Vaporeon|285/364 brn|[from] Leech Seed|[of] p1a: Scovillain\n|-heal|p1a: Scovillain|261/266|[silent]\n|-damage|p2a: Vaporeon|263/364 brn|[from] brn\n|upkeep\n|turn|31\n|\n|t:|1781406167\n|move|p1a: Scovillain|Flamethrower|p2a: Vaporeon\n|-resisted|p2a: Vaporeon\n|-damage|p2a: Vaporeon|228/364 brn\n|move|p2a: Vaporeon|Scald|p1a: Scovillain\n|-end|p1a: Scovillain|Substitute\n|\n|-heal|p1a: Scovillain|266/266|[from] item: Leftovers\n|-heal|p2a: Vaporeon|250/364 brn|[from] item: Leftovers\n|-damage|p2a: Vaporeon|205/364 brn|[from] Leech Seed|[of] p1a: Scovillain\n|-damage|p2a: Vaporeon|183/364 brn|[from] brn\n|upkeep\n|turn|32\n|\n|t:|1781406179\n|move|p1a: Scovillain|Protect|p1a: Scovillain\n|-singleturn|p1a: Scovillain|Protect\n|move|p2a: Vaporeon|Calm Mind|p2a: Vaporeon\n|-boost|p2a: Vaporeon|spa|1\n|-boost|p2a: Vaporeon|spd|1\n|\n|-heal|p2a: Vaporeon|205/364 brn|[from] item: Leftovers\n|-damage|p2a: Vaporeon|160/364 brn|[from] Leech Seed|[of] p1a: Scovillain\n|-damage|p2a: Vaporeon|138/364 brn|[from] brn\n|upkeep\n|turn|33\n|\n|t:|1781406190\n|move|p1a: Scovillain|Substitute|p1a: Scovillain\n|-start|p1a: Scovillain|Substitute\n|-damage|p1a: Scovillain|200/266\n|move|p2a: Vaporeon|Wish|p2a: Vaporeon\n|\n|-heal|p1a: Scovillain|216/266|[from] item: Leftovers\n|-heal|p2a: Vaporeon|160/364 brn|[from] item: Leftovers\n|-damage|p2a: Vaporeon|115/364 brn|[from] Leech Seed|[of] p1a: Scovillain\n|-heal|p1a: Scovillain|261/266|[silent]\n|-damage|p2a: Vaporeon|93/364 brn|[from] brn\n|upkeep\n|turn|34\n|\n|t:|1781406201\n|move|p1a: Scovillain|Flamethrower|p2a: Vaporeon\n|-resisted|p2a: Vaporeon\n|-damage|p2a: Vaporeon|65/364 brn\n|move|p2a: Vaporeon|Scald|p1a: Scovillain\n|-end|p1a: Scovillain|Substitute\n|\n|-heal|p2a: Vaporeon|247/364 brn|[from] move: Wish|[wisher] Vaporeon\n|-heal|p1a: Scovillain|266/266|[from] item: Leftovers\n|-heal|p2a: Vaporeon|269/364 brn|[from] item: Leftovers\n|-damage|p2a: Vaporeon|224/364 brn|[from] Leech Seed|[of] p1a: Scovillain\n|-damage|p2a: Vaporeon|202/364 brn|[from] brn\n|upkeep\n|turn|35\n|\n|t:|1781406217\n|move|p1a: Scovillain|Substitute|p1a: Scovillain\n|-start|p1a: Scovillain|Substitute\n|-damage|p1a: Scovillain|200/266\n|move|p2a: Vaporeon|Scald|p1a: Scovillain\n|-end|p1a: Scovillain|Substitute\n|\n|-heal|p1a: Scovillain|216/266|[from] item: Leftovers\n|-heal|p2a: Vaporeon|224/364 brn|[from] item: Leftovers\n|-damage|p2a: Vaporeon|179/364 brn|[from] Leech Seed|[of] p1a: Scovillain\n|-heal|p1a: Scovillain|261/266|[silent]\n|-damage|p2a: Vaporeon|157/364 brn|[from] brn\n|upkeep\n|turn|36\n|\n|t:|1781406229\n|move|p1a: Scovillain|Substitute|p1a: Scovillain\n|-start|p1a: Scovillain|Substitute\n|-damage|p1a: Scovillain|195/266\n|move|p2a: Vaporeon|Scald|p1a: Scovillain\n|-end|p1a: Scovillain|Substitute\n|\n|-heal|p1a: Scovillain|211/266|[from] item: Leftovers\n|-heal|p2a: Vaporeon|179/364 brn|[from] item: Leftovers\n|-damage|p2a: Vaporeon|134/364 brn|[from] Leech Seed|[of] p1a: Scovillain\n|-heal|p1a: Scovillain|256/266|[silent]\n|-damage|p2a: Vaporeon|112/364 brn|[from] brn\n|upkeep\n|turn|37\n|\n|t:|1781406244\n|move|p1a: Scovillain|Protect|p1a: Scovillain\n|-singleturn|p1a: Scovillain|Protect\n|move|p2a: Vaporeon|Wish|p2a: Vaporeon\n|\n|-heal|p1a: Scovillain|266/266|[from] item: Leftovers\n|-heal|p2a: Vaporeon|134/364 brn|[from] item: Leftovers\n|-damage|p2a: Vaporeon|89/364 brn|[from] Leech Seed|[of] p1a: Scovillain\n|-damage|p2a: Vaporeon|67/364 brn|[from] brn\n|upkeep\n|turn|38\n|\n|t:|1781406254\n|move|p2a: Vaporeon|Protect|p2a: Vaporeon\n|-singleturn|p2a: Vaporeon|Protect\n|move|p1a: Scovillain|Substitute|p1a: Scovillain\n|-start|p1a: Scovillain|Substitute\n|-damage|p1a: Scovillain|200/266\n|\n|-heal|p2a: Vaporeon|249/364 brn|[from] move: Wish|[wisher] Vaporeon\n|-heal|p1a: Scovillain|216/266|[from] item: Leftovers\n|-heal|p2a: Vaporeon|271/364 brn|[from] item: Leftovers\n|-damage|p2a: Vaporeon|226/364 brn|[from] Leech Seed|[of] p1a: Scovillain\n|-heal|p1a: Scovillain|261/266|[silent]\n|-damage|p2a: Vaporeon|204/364 brn|[from] brn\n|upkeep\n|turn|39\n|\n|t:|1781406269\n|move|p1a: Scovillain|Flamethrower|p2a: Vaporeon\n|-resisted|p2a: Vaporeon\n|-damage|p2a: Vaporeon|176/364 brn\n|move|p2a: Vaporeon|Wish|p2a: Vaporeon\n|\n|-heal|p1a: Scovillain|266/266|[from] item: Leftovers\n|-heal|p2a: Vaporeon|198/364 brn|[from] item: Leftovers\n|-damage|p2a: Vaporeon|153/364 brn|[from] Leech Seed|[of] p1a: Scovillain\n|-damage|p2a: Vaporeon|131/364 brn|[from] brn\n|upkeep\n|turn|40\n|\n|t:|1781406279\n|move|p1a: Scovillain|Flamethrower|p2a: Vaporeon\n|-resisted|p2a: Vaporeon\n|-damage|p2a: Vaporeon|101/364 brn\n|move|p2a: Vaporeon|Calm Mind|p2a: Vaporeon\n|-boost|p2a: Vaporeon|spa|1\n|-boost|p2a: Vaporeon|spd|1\n|\n|-heal|p2a: Vaporeon|283/364 brn|[from] move: Wish|[wisher] Vaporeon\n|-heal|p2a: Vaporeon|305/364 brn|[from] item: Leftovers\n|-damage|p2a: Vaporeon|260/364 brn|[from] Leech Seed|[of] p1a: Scovillain\n|-damage|p2a: Vaporeon|238/364 brn|[from] brn\n|upkeep\n|turn|41\n|\n|t:|1781406293\n|move|p1a: Scovillain|Flamethrower|p2a: Vaporeon\n|-resisted|p2a: Vaporeon\n|-damage|p2a: Vaporeon|216/364 brn\n|move|p2a: Vaporeon|Calm Mind|p2a: Vaporeon\n|-boost|p2a: Vaporeon|spa|1\n|-boost|p2a: Vaporeon|spd|1\n|\n|-heal|p2a: Vaporeon|238/364 brn|[from] item: Leftovers\n|-damage|p2a: Vaporeon|193/364 brn|[from] Leech Seed|[of] p1a: Scovillain\n|-damage|p2a: Vaporeon|171/364 brn|[from] brn\n|upkeep\n|turn|42\n|\n|t:|1781406306\n|move|p1a: Scovillain|Flamethrower|p2a: Vaporeon\n|-resisted|p2a: Vaporeon\n|-damage|p2a: Vaporeon|153/364 brn\n|move|p2a: Vaporeon|Wish|p2a: Vaporeon\n|\n|-heal|p2a: Vaporeon|175/364 brn|[from] item: Leftovers\n|-damage|p2a: Vaporeon|130/364 brn|[from] Leech Seed|[of] p1a: Scovillain\n|-damage|p2a: Vaporeon|108/364 brn|[from] brn\n|upkeep\n|turn|43\n|\n|t:|1781406316\n|move|p1a: Scovillain|Flamethrower|p2a: Vaporeon\n|-resisted|p2a: Vaporeon\n|-damage|p2a: Vaporeon|90/364 brn\n|move|p2a: Vaporeon|Scald|p1a: Scovillain\n|-end|p1a: Scovillain|Substitute\n|\n|-heal|p2a: Vaporeon|272/364 brn|[from] move: Wish|[wisher] Vaporeon\n|-heal|p2a: Vaporeon|294/364 brn|[from] item: Leftovers\n|-damage|p2a: Vaporeon|249/364 brn|[from] Leech Seed|[of] p1a: Scovillain\n|-damage|p2a: Vaporeon|227/364 brn|[from] brn\n|upkeep\n|turn|44\n|\n|t:|1781406330\n|move|p1a: Scovillain|Substitute|p1a: Scovillain\n|-start|p1a: Scovillain|Substitute\n|-damage|p1a: Scovillain|200/266\n|move|p2a: Vaporeon|Scald|p1a: Scovillain\n|-end|p1a: Scovillain|Substitute\n|\n|-heal|p1a: Scovillain|216/266|[from] item: Leftovers\n|-heal|p2a: Vaporeon|249/364 brn|[from] item: Leftovers\n|-damage|p2a: Vaporeon|204/364 brn|[from] Leech Seed|[of] p1a: Scovillain\n|-heal|p1a: Scovillain|261/266|[silent]\n|-damage|p2a: Vaporeon|182/364 brn|[from] brn\n|upkeep\n|turn|45\n|\n|t:|1781406346\n|move|p1a: Scovillain|Protect|p1a: Scovillain\n|-singleturn|p1a: Scovillain|Protect\n|move|p2a: Vaporeon|Wish|p2a: Vaporeon\n|\n|-heal|p1a: Scovillain|266/266|[from] item: Leftovers\n|-heal|p2a: Vaporeon|204/364 brn|[from] item: Leftovers\n|-damage|p2a: Vaporeon|159/364 brn|[from] Leech Seed|[of] p1a: Scovillain\n|-damage|p2a: Vaporeon|137/364 brn|[from] brn\n|upkeep\n|turn|46\n|\n|t:|1781406356\n|move|p1a: Scovillain|Substitute|p1a: Scovillain\n|-start|p1a: Scovillain|Substitute\n|-damage|p1a: Scovillain|200/266\n|move|p2a: Vaporeon|Calm Mind|p2a: Vaporeon\n|-boost|p2a: Vaporeon|spa|1\n|-boost|p2a: Vaporeon|spd|1\n|\n|-heal|p2a: Vaporeon|319/364 brn|[from] move: Wish|[wisher] Vaporeon\n|-heal|p1a: Scovillain|216/266|[from] item: Leftovers\n|-heal|p2a: Vaporeon|341/364 brn|[from] item: Leftovers\n|-damage|p2a: Vaporeon|296/364 brn|[from] Leech Seed|[of] p1a: Scovillain\n|-heal|p1a: Scovillain|261/266|[silent]\n|-damage|p2a: Vaporeon|274/364 brn|[from] brn\n|upkeep\n|turn|47\n|c|\u2606Purson_The_Witch|Ur gonna run out of pp first\n|\n|t:|1781406377\n|move|p1a: Scovillain|Flamethrower|p2a: Vaporeon\n|-resisted|p2a: Vaporeon\n|-damage|p2a: Vaporeon|258/364 brn\n|move|p2a: Vaporeon|Scald|p1a: Scovillain\n|-end|p1a: Scovillain|Substitute\n|\n|-heal|p1a: Scovillain|266/266|[from] item: Leftovers\n|-heal|p2a: Vaporeon|280/364 brn|[from] item: Leftovers\n|-damage|p2a: Vaporeon|235/364 brn|[from] Leech Seed|[of] p1a: Scovillain\n|-damage|p2a: Vaporeon|213/364 brn|[from] brn\n|upkeep\n|turn|48\n|\n|t:|1781406393\n|move|p1a: Scovillain|Protect|p1a: Scovillain\n|-singleturn|p1a: Scovillain|Protect\n|move|p2a: Vaporeon|Calm Mind|p2a: Vaporeon\n|-boost|p2a: Vaporeon|spa|1\n|-boost|p2a: Vaporeon|spd|1\n|\n|-heal|p2a: Vaporeon|235/364 brn|[from] item: Leftovers\n|-damage|p2a: Vaporeon|190/364 brn|[from] Leech Seed|[of] p1a: Scovillain\n|-damage|p2a: Vaporeon|168/364 brn|[from] brn\n|upkeep\n|turn|49\n|\n|t:|1781406404\n|move|p1a: Scovillain|Substitute|p1a: Scovillain\n|-start|p1a: Scovillain|Substitute\n|-damage|p1a: Scovillain|200/266\n|move|p2a: Vaporeon|Scald|p1a: Scovillain\n|-end|p1a: Scovillain|Substitute\n|\n|-heal|p1a: Scovillain|216/266|[from] item: Leftovers\n|-heal|p2a: Vaporeon|190/364 brn|[from] item: Leftovers\n|-damage|p2a: Vaporeon|145/364 brn|[from] Leech Seed|[of] p1a: Scovillain\n|-heal|p1a: Scovillain|261/266|[silent]\n|-damage|p2a: Vaporeon|123/364 brn|[from] brn\n|upkeep\n|turn|50\n|\n|t:|1781406422\n|move|p1a: Scovillain|Substitute|p1a: Scovillain\n|-start|p1a: Scovillain|Substitute\n|-damage|p1a: Scovillain|195/266\n|move|p2a: Vaporeon|Wish|p2a: Vaporeon\n|\n|-heal|p1a: Scovillain|211/266|[from] item: Leftovers\n|-heal|p2a: Vaporeon|145/364 brn|[from] item: Leftovers\n|-damage|p2a: Vaporeon|100/364 brn|[from] Leech Seed|[of] p1a: Scovillain\n|-heal|p1a: Scovillain|256/266|[silent]\n|-damage|p2a: Vaporeon|78/364 brn|[from] brn\n|upkeep\n|turn|51\n|\n|t:|1781406432\n|move|p1a: Scovillain|Flamethrower|p2a: Vaporeon\n|-resisted|p2a: Vaporeon\n|-damage|p2a: Vaporeon|65/364 brn\n|move|p2a: Vaporeon|Scald|p1a: Scovillain\n|-end|p1a: Scovillain|Substitute\n|\n|-heal|p2a: Vaporeon|247/364 brn|[from] move: Wish|[wisher] Vaporeon\n|-heal|p1a: Scovillain|266/266|[from] item: Leftovers\n|-heal|p2a: Vaporeon|269/364 brn|[from] item: Leftovers\n|-damage|p2a: Vaporeon|224/364 brn|[from] Leech Seed|[of] p1a: Scovillain\n|-damage|p2a: Vaporeon|202/364 brn|[from] brn\n|upkeep\n|turn|52\n|\n|t:|1781406450\n|move|p1a: Scovillain|Protect|p1a: Scovillain\n|-singleturn|p1a: Scovillain|Protect\n|move|p2a: Vaporeon|Wish|p2a: Vaporeon\n|\n|-heal|p2a: Vaporeon|224/364 brn|[from] item: Leftovers\n|-damage|p2a: Vaporeon|179/364 brn|[from] Leech Seed|[of] p1a: Scovillain\n|-damage|p2a: Vaporeon|157/364 brn|[from] brn\n|upkeep\n|turn|53\n|\n|t:|1781406460\n|move|p1a: Scovillain|Substitute|p1a: Scovillain\n|-start|p1a: Scovillain|Substitute\n|-damage|p1a: Scovillain|200/266\n|move|p2a: Vaporeon|Scald|p1a: Scovillain\n|-end|p1a: Scovillain|Substitute\n|\n|-heal|p2a: Vaporeon|339/364 brn|[from] move: Wish|[wisher] Vaporeon\n|-heal|p1a: Scovillain|216/266|[from] item: Leftovers\n|-heal|p2a: Vaporeon|361/364 brn|[from] item: Leftovers\n|-damage|p2a: Vaporeon|316/364 brn|[from] Leech Seed|[of] p1a: Scovillain\n|-heal|p1a: Scovillain|261/266|[silent]\n|-damage|p2a: Vaporeon|294/364 brn|[from] brn\n|upkeep\n|turn|54\n|\n|t:|1781406474\n|move|p1a: Scovillain|Protect|p1a: Scovillain\n|-singleturn|p1a: Scovillain|Protect\n|move|p2a: Vaporeon|Calm Mind|p2a: Vaporeon\n|-boost|p2a: Vaporeon|spa|0\n|-boost|p2a: Vaporeon|spd|0\n|\n|-heal|p1a: Scovillain|266/266|[from] item: Leftovers\n|-heal|p2a: Vaporeon|316/364 brn|[from] item: Leftovers\n|-damage|p2a: Vaporeon|271/364 brn|[from] Leech Seed|[of] p1a: Scovillain\n|-damage|p2a: Vaporeon|249/364 brn|[from] brn\n|upkeep\n|turn|55\n|\n|t:|1781406486\n|switch|p1a: Mamoswine|Mamoswine, L81, M|235/311\n|-damage|p1a: Mamoswine|197/311|[from] Spikes\n|-damage|p1a: Mamoswine|159/311|[from] Stealth Rock\n|move|p2a: Vaporeon|Scald|p1a: Mamoswine\n|-supereffective|p1a: Mamoswine\n|-damage|p1a: Mamoswine|0 fnt\n|faint|p1a: Mamoswine\n|\n|-heal|p2a: Vaporeon|271/364 brn|[from] item: Leftovers\n|-damage|p2a: Vaporeon|249/364 brn|[from] brn\n|upkeep\n|\n|t:|1781406494\n|switch|p1a: Scovillain|Scovillain, L91, F|266/266\n|-damage|p1a: Scovillain|233/266|[from] Spikes\n|-damage|p1a: Scovillain|167/266|[from] Stealth Rock\n|turn|56\n|\n|t:|1781406504\n|-terastallize|p1a: Scovillain|Steel\n|move|p1a: Scovillain|Protect|p1a: Scovillain\n|-singleturn|p1a: Scovillain|Protect\n|move|p2a: Vaporeon|Scald|p1a: Scovillain\n|-activate|p1a: Scovillain|move: Protect\n|\n|-heal|p1a: Scovillain|183/266|[from] item: Leftovers\n|-heal|p2a: Vaporeon|271/364 brn|[from] item: Leftovers\n|-damage|p2a: Vaporeon|226/364 brn|[from] Leech Seed|[of] p1a: Scovillain\n|-heal|p1a: Scovillain|228/266|[silent]\n|-damage|p2a: Vaporeon|204/364 brn|[from] brn\n|upkeep\n|turn|57\n|\n|t:|1781406517\n|move|p1a: Scovillain|Substitute|p1a: Scovillain\n|-start|p1a: Scovillain|Substitute\n|-damage|p1a: Scovillain|162/266\n|move|p2a: Vaporeon|Wish|p2a: Vaporeon\n|\n|-heal|p1a: Scovillain|178/266|[from] item: Leftovers\n|-heal|p2a: Vaporeon|226/364 brn|[from] item: Leftovers\n|-damage|p2a: Vaporeon|181/364 brn|[from] Leech Seed|[of] p1a: Scovillain\n|-heal|p1a: Scovillain|223/266|[silent]\n|-damage|p2a: Vaporeon|159/364 brn|[from] brn\n|upkeep\n|turn|58\n|\n|t:|1781406527\n|move|p1a: Scovillain|Flamethrower|p2a: Vaporeon\n|-resisted|p2a: Vaporeon\n|-damage|p2a: Vaporeon|146/364 brn\n|move|p2a: Vaporeon|Scald|p1a: Scovillain\n|-end|p1a: Scovillain|Substitute\n|\n|-heal|p2a: Vaporeon|328/364 brn|[from] move: Wish|[wisher] Vaporeon\n|-heal|p1a: Scovillain|239/266|[from] item: Leftovers\n|-heal|p2a: Vaporeon|350/364 brn|[from] item: Leftovers\n|-damage|p2a: Vaporeon|305/364 brn|[from] Leech Seed|[of] p1a: Scovillain\n|-heal|p1a: Scovillain|266/266|[silent]\n|-damage|p2a: Vaporeon|283/364 brn|[from] brn\n|upkeep\n|turn|59\n|\n|t:|1781406547\n|move|p1a: Scovillain|Protect|p1a: Scovillain\n|-singleturn|p1a: Scovillain|Protect\n|move|p2a: Vaporeon|Wish|p2a: Vaporeon\n|\n|-heal|p2a: Vaporeon|305/364 brn|[from] item: Leftovers\n|-damage|p2a: Vaporeon|260/364 brn|[from] Leech Seed|[of] p1a: Scovillain\n|-damage|p2a: Vaporeon|238/364 brn|[from] brn\n|upkeep\n|turn|60\n|\n|t:|1781406558\n|move|p1a: Scovillain|Substitute|p1a: Scovillain\n|-start|p1a: Scovillain|Substitute\n|-damage|p1a: Scovillain|200/266\n|move|p2a: Vaporeon|Scald|p1a: Scovillain\n|-end|p1a: Scovillain|Substitute\n|\n|-heal|p2a: Vaporeon|364/364 brn|[from] move: Wish|[wisher] Vaporeon\n|-heal|p1a: Scovillain|216/266|[from] item: Leftovers\n|-damage|p2a: Vaporeon|319/364 brn|[from] Leech Seed|[of] p1a: Scovillain\n|-heal|p1a: Scovillain|261/266|[silent]\n|-damage|p2a: Vaporeon|297/364 brn|[from] brn\n|upkeep\n|turn|61\n|\n|t:|1781406572\n|move|p1a: Scovillain|Protect|p1a: Scovillain\n|-singleturn|p1a: Scovillain|Protect\n|move|p2a: Vaporeon|Protect||[still]\n|-fail|p2a: Vaporeon\n|\n|-heal|p1a: Scovillain|266/266|[from] item: Leftovers\n|-heal|p2a: Vaporeon|319/364 brn|[from] item: Leftovers\n|-damage|p2a: Vaporeon|274/364 brn|[from] Leech Seed|[of] p1a: Scovillain\n|-damage|p2a: Vaporeon|252/364 brn|[from] brn\n|upkeep\n|turn|62\n|\n|t:|1781406588\n|move|p1a: Scovillain|Flamethrower|p2a: Vaporeon\n|-resisted|p2a: Vaporeon\n|-damage|p2a: Vaporeon|238/364 brn\n|move|p2a: Vaporeon|Scald|p1a: Scovillain\n|-damage|p1a: Scovillain|0 fnt\n|faint|p1a: Scovillain\n|\n|win|Purson_The_Witch\n|raw|dpcd1214's rating: 1130 &rarr; <strong>1102</strong><br />(-28 for losing)\n|raw|Purson_The_Witch's rating: 1087 &rarr; <strong>1117</strong><br />(+30 for winning)\n|l|\u2606dpcd1214\n|player|p1|\n", "inputlog": ">version a8376a258c1d4662feba110a92103f3664a72141\n>start {\"formatid\":\"gen9randombattle\",\"seed\":\"sodium,8a0295b6b3a31c34dad60eb9c5c8ceb5\",\"rated\":\"Rated battle\"}\n>player p1 {\"name\":\"dpcd1214\",\"avatar\":\"lady-gen4\",\"rating\":1130,\"seed\":\"sodium,0a845dcf0ae5470f13a733d4f6cff986\"}\n>player p2 {\"name\":\"Purson_The_Witch\",\"avatar\":\"ghetsis\",\"rating\":1087,\"seed\":\"sodium,6550d8cdf7e157f6d502b3d9147d7e40\"}\n>p1 switch 6\n>p2 move calmmind\n>p1 move ironhead\n>p2 move calmmind\n>p1 move ironhead\n>p2 move moonblast\n>p2 switch 6\n>p1 move earthquake\n>p2 move earthquake\n>p1 switch 4\n>p1 move closecombat\n>p2 switch 2\n>p1 move stoneaxe\n>p2 move spikes\n>p1 move stoneaxe\n>p2 move stoneedge\n>p2 switch 2\n>p1 switch 5\n>p2 move stoneaxe\n>p1 move shiftgear\n>p2 switch 3\n>p1 move gunkshot\n>p2 move hydropump\n>p1 switch 2\n>p1 move voltswitch\n>p2 move hydropump\n>p1 switch 6\n>p2 switch 5\n>p1 switch 5\n>p2 move flashcannon\n>p1 move stoneaxe\n>p2 move flashcannon\n>p1 switch 6\n>p1 move overheat\n>p2 move freezedry\n>p1 switch 3\n>p1 move leechseed\n>p2 move freezedry terastallize\n>p1 move protect\n>p2 move freezedry\n>p1 move substitute\n>p2 move recover\n>p1 move flamethrower\n>p2 move freezedry\n>p1 move protect\n>p2 move freezedry\n>p2 switch 3\n>p1 move substitute\n>p2 move leechseed\n>p1 move flamethrower\n>p2 switch 4\n>p1 move leechseed\n>p2 move wish\n>p1 move protect\n>p2 switch 4\n>p1 move leechseed\n>p2 move transform\n>p1 move flamethrower\n>p2 move transform\n>p2 switch 4\n>p1 move leechseed\n>p2 move wish\n>p1 move flamethrower\n>p2 move protect\n>p1 move flamethrower\n>p2 move scald\n>p1 move protect\n>p2 move wish\n>p1 move substitute\n>p2 move calmmind\n>p1 move flamethrower\n>p2 move scald\n>p1 move protect\n>p2 move calmmind\n>p1 move substitute\n>p2 move wish\n>p1 move flamethrower\n>p2 move scald\n>p1 move substitute\n>p2 move scald\n>p1 move substitute\n>p2 move scald\n>p1 move protect\n>p2 move wish\n>p1 move substitute\n>p2 move protect\n>p1 move flamethrower\n>p2 move wish\n>p1 move flamethrower\n>p2 move calmmind\n>p1 move flamethrower\n>p2 move calmmind\n>p1 move flamethrower\n>p2 move wish\n>p1 move flamethrower\n>p2 move scald\n>p1 move substitute\n>p2 move scald\n>p1 move protect\n>p2 move wish\n>p1 move substitute\n>p2 move calmmind\n>chat \u2606Purson_The_Witch|Ur gonna run out of pp first \n>p1 move flamethrower\n>p2 move scald\n>p1 move protect\n>p2 move calmmind\n>p1 move substitute\n>p2 move scald\n>p1 move substitute\n>p2 move wish\n>p1 move flamethrower\n>p2 move scald\n>p1 move protect\n>p2 move wish\n>p1 move substitute\n>p2 move scald\n>p1 move protect\n>p2 move calmmind\n>p1 switch 5\n>p2 move scald\n>p1 switch 5\n>p1 move protect terastallize\n>p2 move scald\n>p1 move substitute\n>p2 move wish\n>p1 move flamethrower\n>p2 move scald\n>p1 move protect\n>p2 move wish\n>p1 move substitute\n>p2 move scald\n>p1 move protect\n>p2 move protect\n>p1 move flamethrower\n>p2 move scald", "uploadtime": 1781406608, "views": 8, "formatid": "gen9randombattle", "rating": 1102, "private": 0, "password": null}