{"id": "gen9randombattle-2631856902", "format": "[Gen 9] Random Battle", "players": ["YouShallNotPas", "Med_tex"], "log": "|j|\u2606YouShallNotPas\n|j|\u2606Med_tex\n|t:|1781448762\n|gametype|singles\n|player|p1|YouShallNotPas|101|1913\n|player|p2|Med_tex|2|1944\n|gen|9\n|tier|[Gen 9] Random Battle\n|rated|\n|rule|Species Clause: Limit one of each Pok\u00e9mon\n|rule|HP Percentage Mod: HP is shown in percentages\n|rule|Sleep Clause Mod: Limit one foe put to sleep\n|rule|Illusion Level Mod: Illusion disguises the Pok\u00e9mon's true level\n|\n|t:|1781448762\n|teamsize|p1|6\n|teamsize|p2|6\n|start\n|switch|p1a: Kyogre|Kyogre, L71|259/259\n|switch|p2a: Porygon2|Porygon2, L81|270/270\n|-weather|RainDance|[from] ability: Drizzle|[of] p1a: Kyogre\n|-ability|p2a: Porygon2|Download|boost\n|-boost|p2a: Porygon2|atk|1\n|turn|1\n|inactive|Battle timer is ON: inactive players will automatically lose when time's up. (requested by Med_tex)\n|\n|t:|1781448785\n|-terastallize|p1a: Kyogre|Electric\n|move|p1a: Kyogre|Calm Mind|p1a: Kyogre\n|-boost|p1a: Kyogre|spa|1\n|-boost|p1a: Kyogre|spd|1\n|move|p2a: Porygon2|Thunder Wave|p1a: Kyogre\n|-immune|p1a: Kyogre\n|\n|-weather|RainDance|[upkeep]\n|upkeep\n|turn|2\n|\n|t:|1781448794\n|switch|p2a: Quagsire|Quagsire, L84, M|297/297\n|move|p1a: Kyogre|Calm Mind|p1a: Kyogre\n|-boost|p1a: Kyogre|spa|1\n|-boost|p1a: Kyogre|spd|1\n|\n|-weather|RainDance|[upkeep]\n|upkeep\n|turn|3\n|\n|t:|1781448801\n|move|p1a: Kyogre|Origin Pulse|p2a: Quagsire\n|-damage|p2a: Quagsire|54/297\n|move|p2a: Quagsire|Toxic|p1a: Kyogre\n|-status|p1a: Kyogre|tox\n|\n|-weather|RainDance|[upkeep]\n|-heal|p2a: Quagsire|72/297|[from] item: Leftovers\n|-damage|p1a: Kyogre|243/259 tox|[from] psn\n|upkeep\n|turn|4\n|\n|t:|1781448811\n|move|p1a: Kyogre|Origin Pulse|p2a: Quagsire\n|-damage|p2a: Quagsire|0 fnt\n|faint|p2a: Quagsire\n|\n|-weather|RainDance|[upkeep]\n|-heal|p1a: Kyogre|259/259 tox|[from] item: Leftovers\n|-damage|p1a: Kyogre|227/259 tox|[from] psn\n|upkeep\n|\n|t:|1781448815\n|switch|p2a: Salazzle|Salazzle, L83, F|249/249\n|turn|5\n|\n|t:|1781448822\n|move|p2a: Salazzle|Protect|p2a: Salazzle\n|-singleturn|p2a: Salazzle|Protect\n|move|p1a: Kyogre|Thunder|p2a: Salazzle\n|-activate|p2a: Salazzle|move: Protect\n|\n|-weather|none\n|-heal|p1a: Kyogre|243/259 tox|[from] item: Leftovers\n|-damage|p1a: Kyogre|195/259 tox|[from] psn\n|upkeep\n|turn|6\n|\n|t:|1781448832\n|move|p2a: Salazzle|Substitute|p2a: Salazzle\n|-start|p2a: Salazzle|Substitute\n|-damage|p2a: Salazzle|187/249\n|move|p1a: Kyogre|Origin Pulse|p2a: Salazzle\n|-supereffective|p2a: Salazzle\n|-end|p2a: Salazzle|Substitute\n|\n|-heal|p2a: Salazzle|202/249|[from] item: Leftovers\n|-heal|p1a: Kyogre|211/259 tox|[from] item: Leftovers\n|-damage|p1a: Kyogre|147/259 tox|[from] psn\n|upkeep\n|turn|7\n|\n|t:|1781448844\n|move|p2a: Salazzle|Protect|p2a: Salazzle\n|-singleturn|p2a: Salazzle|Protect\n|move|p1a: Kyogre|Origin Pulse|p2a: Salazzle\n|-activate|p2a: Salazzle|move: Protect\n|\n|-heal|p2a: Salazzle|217/249|[from] item: Leftovers\n|-heal|p1a: Kyogre|163/259 tox|[from] item: Leftovers\n|-damage|p1a: Kyogre|83/259 tox|[from] psn\n|upkeep\n|turn|8\n|\n|t:|1781448852\n|move|p2a: Salazzle|Substitute|p2a: Salazzle\n|-start|p2a: Salazzle|Substitute\n|-damage|p2a: Salazzle|155/249\n|move|p1a: Kyogre|Origin Pulse|p2a: Salazzle\n|-supereffective|p2a: Salazzle\n|-end|p2a: Salazzle|Substitute\n|\n|-heal|p2a: Salazzle|170/249|[from] item: Leftovers\n|-heal|p1a: Kyogre|99/259 tox|[from] item: Leftovers\n|-damage|p1a: Kyogre|3/259 tox|[from] psn\n|upkeep\n|turn|9\n|\n|t:|1781448868\n|switch|p1a: Goodra|Goodra-Hisui, L82, M|265/265\n|move|p2a: Salazzle|Substitute|p2a: Salazzle\n|-start|p2a: Salazzle|Substitute\n|-damage|p2a: Salazzle|108/249\n|\n|-heal|p2a: Salazzle|123/249|[from] item: Leftovers\n|upkeep\n|turn|10\n|\n|t:|1781448880\n|move|p2a: Salazzle|Toxic|p1a: Goodra\n|-status|p1a: Goodra|tox\n|move|p1a: Goodra|Knock Off|p2a: Salazzle\n|-end|p2a: Salazzle|Substitute\n|\n|-heal|p2a: Salazzle|138/249|[from] item: Leftovers\n|-damage|p1a: Goodra|249/265 tox|[from] psn\n|upkeep\n|turn|11\n|\n|t:|1781448893\n|switch|p1a: Kyogre|Kyogre, L71, tera:Electric|3/259 tox\n|-weather|RainDance|[from] ability: Drizzle|[of] p1a: Kyogre\n|move|p2a: Salazzle|Protect||[still]\n|-fail|p2a: Salazzle\n|\n|-weather|RainDance|[upkeep]\n|-heal|p2a: Salazzle|153/249|[from] item: Leftovers\n|-heal|p1a: Kyogre|19/259 tox|[from] item: Leftovers\n|-damage|p1a: Kyogre|3/259 tox|[from] psn\n|upkeep\n|turn|12\n|\n|t:|1781448908\n|move|p2a: Salazzle|Flamethrower|p1a: Kyogre\n|-damage|p1a: Kyogre|0 fnt\n|faint|p1a: Kyogre\n|\n|-weather|RainDance|[upkeep]\n|-heal|p2a: Salazzle|168/249|[from] item: Leftovers\n|upkeep\n|inactive|YouShallNotPas has 120 seconds left.\n|\n|t:|1781448942\n|switch|p1a: Suicune|Suicune, L82|298/298\n|-ability|p1a: Suicune|Pressure\n|turn|13\n|\n|t:|1781448951\n|switch|p2a: Gothitelle|Gothitelle, L90, F|272/272\n|move|p1a: Suicune|Calm Mind|p1a: Suicune\n|-boost|p1a: Suicune|spa|1\n|-boost|p1a: Suicune|spd|1\n|\n|-weather|RainDance|[upkeep]\n|upkeep\n|turn|14\n|inactive|YouShallNotPas has 120 seconds left.\n|\n|t:|1781448958\n|move|p2a: Gothitelle|Trick|p1a: Suicune\n|-activate|p2a: Gothitelle|move: Trick|[of] p1a: Suicune\n|-item|p1a: Suicune|Choice Scarf|[from] move: Trick\n|-item|p2a: Gothitelle|Leftovers|[from] move: Trick\n|move|p1a: Suicune|Scald|p2a: Gothitelle\n|-damage|p2a: Gothitelle|134/272\n|\n|-weather|RainDance|[upkeep]\n|-heal|p2a: Gothitelle|151/272|[from] item: Leftovers\n|upkeep\n|turn|15\n|\n|t:|1781448970\n|move|p1a: Suicune|Scald|p2a: Gothitelle\n|-damage|p2a: Gothitelle|24/272\n|move|p2a: Gothitelle|Psychic|p1a: Suicune\n|-damage|p1a: Suicune|241/298\n|\n|-weather|none\n|-heal|p2a: Gothitelle|41/272|[from] item: Leftovers\n|upkeep\n|turn|16\n|\n|t:|1781448978\n|move|p1a: Suicune|Scald|p2a: Gothitelle\n|-damage|p2a: Gothitelle|0 fnt\n|faint|p2a: Gothitelle\n|\n|upkeep\n|\n|t:|1781448997\n|switch|p2a: Duraludon|Duraludon, L82, M|249/249\n|turn|17\n|\n|t:|1781449007\n|move|p1a: Suicune|Scald|p2a: Duraludon\n|-resisted|p2a: Duraludon\n|-damage|p2a: Duraludon|190/249\n|move|p2a: Duraludon|Body Press|p1a: Suicune\n|-damage|p1a: Suicune|192/298\n|\n|upkeep\n|turn|18\n|\n|t:|1781449014\n|move|p1a: Suicune|Scald|p2a: Duraludon\n|-resisted|p2a: Duraludon\n|-damage|p2a: Duraludon|132/249\n|move|p2a: Duraludon|Body Press|p1a: Suicune\n|-damage|p1a: Suicune|140/298\n|\n|upkeep\n|turn|19\n|\n|t:|1781449020\n|move|p1a: Suicune|Scald|p2a: Duraludon\n|-resisted|p2a: Duraludon\n|-damage|p2a: Duraludon|78/249\n|move|p2a: Duraludon|Body Press|p1a: Suicune\n|-damage|p1a: Suicune|86/298\n|\n|upkeep\n|turn|20\n|\n|t:|1781449026\n|move|p1a: Suicune|Scald|p2a: Duraludon\n|-resisted|p2a: Duraludon\n|-damage|p2a: Duraludon|20/249\n|move|p2a: Duraludon|Body Press|p1a: Suicune\n|-damage|p1a: Suicune|38/298\n|\n|upkeep\n|turn|21\n|\n|t:|1781449032\n|move|p1a: Suicune|Scald|p2a: Duraludon\n|-resisted|p2a: Duraludon\n|-damage|p2a: Duraludon|0 fnt\n|faint|p2a: Duraludon\n|\n|upkeep\n|\n|t:|1781449035\n|switch|p2a: Reshiram|Reshiram, L76|277/277\n|-ability|p2a: Reshiram|Turboblaze\n|turn|22\n|\n|t:|1781449045\n|move|p1a: Suicune|Scald|p2a: Reshiram\n|-damage|p2a: Reshiram|172/277\n|move|p2a: Reshiram|Dragon Dance|p2a: Reshiram\n|-boost|p2a: Reshiram|atk|1\n|-boost|p2a: Reshiram|spe|1\n|\n|upkeep\n|turn|23\n|\n|t:|1781449053\n|move|p1a: Suicune|Scald|p2a: Reshiram\n|-damage|p2a: Reshiram|66/277\n|move|p2a: Reshiram|Flare Blitz|p1a: Suicune\n|-resisted|p1a: Suicune\n|-damage|p1a: Suicune|0 fnt\n|faint|p1a: Suicune\n|-damage|p2a: Reshiram|53/277|[from] Recoil\n|\n|upkeep\n|\n|t:|1781449070\n|switch|p1a: Raikou|Raikou, L81|278/278\n|-ability|p1a: Raikou|Pressure\n|turn|24\n|\n|t:|1781449080\n|-terastallize|p2a: Reshiram|Dragon\n|move|p2a: Reshiram|Outrage|p1a: Raikou\n|-damage|p1a: Raikou|2/278\n|move|p1a: Raikou|Scald|p2a: Reshiram\n|-resisted|p2a: Reshiram\n|-damage|p2a: Reshiram|27/277\n|\n|-heal|p1a: Raikou|19/278|[from] item: Leftovers\n|upkeep\n|turn|25\n|\n|t:|1781449094\n|move|p2a: Reshiram|Outrage|p1a: Raikou|[from] lockedmove\n|-damage|p1a: Raikou|0 fnt\n|faint|p1a: Raikou\n|\n|upkeep\n|\n|t:|1781449103\n|switch|p1a: Masquerain|Masquerain, L87, M|264/264\n|-ability|p1a: Masquerain|Intimidate|boost\n|-unboost|p2a: Reshiram|atk|1\n|turn|26\n|\n|t:|1781449119\n|move|p2a: Reshiram|Outrage|p1a: Masquerain|[from] lockedmove\n|-damage|p1a: Masquerain|48/264\n|-start|p2a: Reshiram|confusion|[fatigue]\n|move|p1a: Masquerain|Stun Spore|p2a: Reshiram\n|-status|p2a: Reshiram|par\n|\n|upkeep\n|turn|27\n|\n|t:|1781449127\n|move|p1a: Masquerain|Sticky Web|p2a: Reshiram\n|-sidestart|p2: Med_tex|move: Sticky Web\n|-activate|p2a: Reshiram|confusion\n|move|p2a: Reshiram|Flare Blitz|p1a: Masquerain\n|-supereffective|p1a: Masquerain\n|-damage|p1a: Masquerain|0 fnt\n|faint|p1a: Masquerain\n|-damage|p2a: Reshiram|11/277 par|[from] Recoil\n|\n|upkeep\n|inactive|YouShallNotPas has 120 seconds left.\n|\n|t:|1781449154\n|switch|p1a: Oricorio|Oricorio-Pom-Pom, L82, M|257/257\n|turn|28\n|\n|t:|1781449162\n|move|p1a: Oricorio|Quiver Dance|p1a: Oricorio\n|-boost|p1a: Oricorio|spa|1\n|-boost|p1a: Oricorio|spd|1\n|-boost|p1a: Oricorio|spe|1\n|-activate|p2a: Reshiram|confusion\n|move|p2a: Reshiram|Stone Edge|p1a: Oricorio|[miss]\n|-miss|p2a: Reshiram|p1a: Oricorio\n|\n|upkeep\n|turn|29\n|\n|t:|1781449170\n|move|p1a: Oricorio|Revelation Dance|p2a: Reshiram\n|-resisted|p2a: Reshiram\n|-damage|p2a: Reshiram|0 fnt\n|faint|p2a: Reshiram\n|\n|upkeep\n|\n|t:|1781449174\n|switch|p2a: Porygon2|Porygon2, L81|270/270\n|-activate|p2a: Porygon2|move: Sticky Web\n|-unboost|p2a: Porygon2|spe|1\n|-ability|p2a: Porygon2|Download|boost\n|-boost|p2a: Porygon2|atk|1\n|turn|30\n|\n|t:|1781449190\n|move|p1a: Oricorio|Quiver Dance|p1a: Oricorio\n|-boost|p1a: Oricorio|spa|1\n|-boost|p1a: Oricorio|spd|1\n|-boost|p1a: Oricorio|spe|1\n|move|p2a: Porygon2|Shadow Ball|p1a: Oricorio\n|-damage|p1a: Oricorio|224/257\n|\n|upkeep\n|turn|31\n|\n|t:|1781449197\n|switch|p2a: Salazzle|Salazzle, L83, F|168/249\n|-activate|p2a: Salazzle|move: Sticky Web\n|-unboost|p2a: Salazzle|spe|1\n|move|p1a: Oricorio|Quiver Dance|p1a: Oricorio\n|-boost|p1a: Oricorio|spa|1\n|-boost|p1a: Oricorio|spd|1\n|-boost|p1a: Oricorio|spe|1\n|\n|-heal|p2a: Salazzle|183/249|[from] item: Leftovers\n|upkeep\n|turn|32\n|\n|t:|1781449206\n|move|p2a: Salazzle|Protect|p2a: Salazzle\n|-singleturn|p2a: Salazzle|Protect\n|move|p1a: Oricorio|Revelation Dance|p2a: Salazzle\n|-activate|p2a: Salazzle|move: Protect\n|\n|-heal|p2a: Salazzle|198/249|[from] item: Leftovers\n|upkeep\n|turn|33\n|\n|t:|1781449214\n|move|p1a: Oricorio|Revelation Dance|p2a: Salazzle\n|-damage|p2a: Salazzle|0 fnt\n|faint|p2a: Salazzle\n|\n|upkeep\n|-message|Med_tex forfeited.\n|\n|win|YouShallNotPas\n", "inputlog": ">version a8376a258c1d4662feba110a92103f3664a72141\n>start {\"formatid\":\"gen9randombattle\",\"seed\":\"sodium,9dadc3c5ae3b1016f7ad5c3206b7885b\",\"rated\":\"Rated battle\"}\n>player p1 {\"name\":\"YouShallNotPas\",\"avatar\":\"101\",\"rating\":1913,\"seed\":\"sodium,12703f5b8e8287db9fdbd3b00d9f58e3\"}\n>player p2 {\"name\":\"Med_tex\",\"avatar\":\"2\",\"rating\":1944,\"seed\":\"sodium,f53f4a10b36bde9ec46322e8d79f4491\"}\n>p1 move calmmind terastallize\n>p2 move thunderwave\n>p1 move calmmind\n>p2 switch 6\n>p1 move originpulse\n>p2 move toxic\n>p1 move originpulse\n>p2 move recover\n>p2 switch 5\n>p1 move thunder\n>p2 move protect\n>p1 move originpulse\n>p2 move substitute\n>p1 move originpulse\n>p2 move protect\n>p1 move originpulse\n>p2 move substitute\n>p1 switch 2\n>p2 move substitute\n>p1 move knockoff\n>p2 move toxic\n>p1 switch 2\n>p2 move protect\n>p1 move originpulse\n>p2 move flamethrower\n>p1 switch 3\n>p1 move calmmind\n>p2 switch 4\n>p1 move scald\n>p2 move trick\n>p1 move scald\n>p2 move psychic\n>p1 move scald\n>p2 move psychic\n>p2 switch 3\n>p1 move scald\n>p2 move bodypress\n>p1 move scald\n>p2 move bodypress\n>p1 move scald\n>p2 move bodypress\n>p1 move scald\n>p2 move bodypress\n>p1 move scald\n>p2 move bodypress\n>p2 switch 2\n>p1 move scald\n>p2 move dragondance\n>p1 move scald\n>p2 move flareblitz\n>p1 switch 4\n>p1 move scald\n>p2 move outrage terastallize\n>p1 move scald\n>p2 move outrage\n>p1 switch 6\n>p1 move stunspore\n>p2 move outrage\n>p1 move stickyweb\n>p2 move flareblitz\n>p1 switch 5\n>p1 move quiverdance\n>p2 move stoneedge\n>p1 move revelationdance\n>p2 move stoneedge\n>p2 switch 6\n>p1 move quiverdance\n>p2 move shadowball\n>p1 move quiverdance\n>p2 switch 4\n>p1 move revelationdance\n>p2 move protect\n>p1 move revelationdance\n>p2 move toxic\n>forcelose p2", "uploadtime": 1781448764, "views": 5, "formatid": "gen9randombattle", "rating": null, "private": 0, "password": null}