{"id": "gen9randombattle-2631504746", "format": "[Gen 9] Random Battle", "players": ["Undertaker67", "philschmil"], "log": "|j|\u2606Undertaker67\n|j|\u2606philschmil\n|t:|1781393626\n|gametype|singles\n|player|p1|Undertaker67|n|2006\n|player|p2|philschmil|alder|1960\n|gen|9\n|tier|[Gen 9] Random Battle\n|rated|\n|rule|Species Clause: Limit one of each Pok\u00e9mon\n|rule|HP Percentage Mod: HP is shown in percentages\n|rule|Sleep Clause Mod: Limit one foe put to sleep\n|rule|Illusion Level Mod: Illusion disguises the Pok\u00e9mon's true level\n|\n|t:|1781393626\n|teamsize|p1|6\n|teamsize|p2|6\n|start\n|switch|p1a: Klawf|Klawf, L90, M|272/272\n|switch|p2a: Tatsugiri|Tatsugiri, L87, M|260/260\n|turn|1\n|inactive|Battle timer is ON: inactive players will automatically lose when time's up. (requested by philschmil)\n|\n|t:|1781393647\n|switch|p1a: Misdreavus|Misdreavus, L90, M|254/254\n|move|p2a: Tatsugiri|Nasty Plot|p2a: Tatsugiri\n|-boost|p2a: Tatsugiri|spa|2\n|\n|upkeep\n|turn|2\n|\n|t:|1781393657\n|move|p1a: Misdreavus|Calm Mind|p1a: Misdreavus\n|-boost|p1a: Misdreavus|spa|1\n|-boost|p1a: Misdreavus|spd|1\n|move|p2a: Tatsugiri|Surf|p1a: Misdreavus\n|-damage|p1a: Misdreavus|148/254\n|\n|upkeep\n|turn|3\n|\n|t:|1781393667\n|move|p1a: Misdreavus|Calm Mind|p1a: Misdreavus\n|-boost|p1a: Misdreavus|spa|1\n|-boost|p1a: Misdreavus|spd|1\n|move|p2a: Tatsugiri|Nasty Plot|p2a: Tatsugiri\n|-boost|p2a: Tatsugiri|spa|2\n|\n|upkeep\n|turn|4\n|\n|t:|1781393676\n|move|p1a: Misdreavus|Draining Kiss|p2a: Tatsugiri\n|-supereffective|p2a: Tatsugiri\n|-damage|p2a: Tatsugiri|112/260\n|-heal|p1a: Misdreavus|254/254|[from] drain|[of] p2a: Tatsugiri\n|move|p2a: Tatsugiri|Draco Meteor|p1a: Misdreavus|[miss]\n|-miss|p2a: Tatsugiri|p1a: Misdreavus\n|\n|upkeep\n|turn|5\n|\n|t:|1781393683\n|move|p1a: Misdreavus|Shadow Ball|p2a: Tatsugiri\n|-damage|p2a: Tatsugiri|0 fnt\n|faint|p2a: Tatsugiri\n|\n|upkeep\n|\n|t:|1781393692\n|switch|p2a: Klefki|Klefki, L84, M|233/233\n|turn|6\n|\n|t:|1781393700\n|move|p2a: Klefki|Thunder Wave|p1a: Misdreavus|[miss]\n|-miss|p2a: Klefki|p1a: Misdreavus\n|move|p1a: Misdreavus|Shadow Ball|p2a: Klefki\n|-damage|p2a: Klefki|70/233\n|\n|-heal|p2a: Klefki|84/233|[from] item: Leftovers\n|upkeep\n|turn|7\n|\n|t:|1781393708\n|switch|p1a: Sandy Shocks|Sandy Shocks, L80|267/267\n|move|p2a: Klefki|Thunder Wave|p1a: Sandy Shocks\n|-immune|p1a: Sandy Shocks\n|\n|-heal|p2a: Klefki|98/233|[from] item: Leftovers\n|upkeep\n|turn|8\n|\n|t:|1781393712\n|move|p2a: Klefki|Spikes|p1a: Sandy Shocks\n|-sidestart|p1: Undertaker67|Spikes\n|move|p1a: Sandy Shocks|Earth Power|p2a: Klefki\n|-supereffective|p2a: Klefki\n|-crit|p2a: Klefki\n|-damage|p2a: Klefki|0 fnt\n|faint|p2a: Klefki\n|\n|upkeep\n|\n|t:|1781393718\n|switch|p2a: Abomasnow|Abomasnow, L84, F|287/287\n|-weather|Snowscape|[from] ability: Snow Warning|[of] p2a: Abomasnow\n|turn|9\n|\n|t:|1781393724\n|move|p1a: Sandy Shocks|Thunder Wave|p2a: Abomasnow\n|-status|p2a: Abomasnow|par\n|move|p2a: Abomasnow|Aurora Veil|p2a: Abomasnow\n|-sidestart|p2: philschmil|move: Aurora Veil\n|\n|-weather|Snowscape|[upkeep]\n|upkeep\n|turn|10\n|\n|t:|1781393752\n|-end|p1a: Sandy Shocks|Protosynthesis|[silent]\n|switch|p1a: Klawf|Klawf, L90, M|272/272\n|-damage|p1a: Klawf|238/272|[from] Spikes\n|move|p2a: Abomasnow|Blizzard|p1a: Klawf\n|-damage|p1a: Klawf|99/272\n|\n|-weather|Snowscape|[upkeep]\n|upkeep\n|turn|11\n|inactive|Undertaker67 has 120 seconds left.\n|\n|t:|1781393770\n|switch|p1a: Quagsire|Quagsire, L84, F|297/297\n|-damage|p1a: Quagsire|260/297|[from] Spikes\n|move|p2a: Abomasnow|Blizzard|p1a: Quagsire\n|-damage|p1a: Quagsire|130/297\n|\n|-weather|Snowscape|[upkeep]\n|-heal|p1a: Quagsire|148/297|[from] item: Leftovers\n|upkeep\n|turn|12\n|inactive|Undertaker67 has 120 seconds left.\n|\n|t:|1781393782\n|switch|p2a: Iron Leaves|Iron Leaves, L80|275/275\n|move|p1a: Quagsire|Recover|p1a: Quagsire\n|-heal|p1a: Quagsire|297/297\n|\n|-weather|Snowscape|[upkeep]\n|upkeep\n|turn|13\n|inactive|Undertaker67 has 120 seconds left.\n|\n|t:|1781393802\n|switch|p1a: Dusknoir|Dusknoir, L89, F|225/225\n|-damage|p1a: Dusknoir|197/225|[from] Spikes\n|-item|p2a: Iron Leaves|Life Orb|[from] ability: Frisk|[of] p1a: Dusknoir\n|move|p2a: Iron Leaves|Leaf Blade|p1a: Dusknoir\n|-damage|p1a: Dusknoir|94/225\n|-damage|p2a: Iron Leaves|248/275|[from] item: Life Orb\n|\n|-weather|none\n|upkeep\n|turn|14\n|inactive|Undertaker67 has 120 seconds left.\n|inactive|Undertaker67 has 90 seconds left.\n|\n|t:|1781393851\n|move|p1a: Dusknoir|Shadow Sneak|p2a: Iron Leaves\n|-supereffective|p2a: Iron Leaves\n|-damage|p2a: Iron Leaves|167/275\n|move|p2a: Iron Leaves|Leaf Blade|p1a: Dusknoir\n|-damage|p1a: Dusknoir|0 fnt\n|faint|p1a: Dusknoir\n|-damage|p2a: Iron Leaves|140/275|[from] item: Life Orb\n|\n|upkeep\n|\n|t:|1781393861\n|switch|p1a: Misdreavus|Misdreavus, L90, M|254/254\n|turn|15\n|\n|t:|1781393865\n|-end|p2a: Iron Leaves|Quark Drive|[silent]\n|switch|p2a: Abomasnow|Abomasnow, L84, F|287/287 par\n|-weather|Snowscape|[from] ability: Snow Warning|[of] p2a: Abomasnow\n|move|p1a: Misdreavus|Will-O-Wisp||[still]\n|-fail|p1a: Misdreavus\n|\n|-weather|Snowscape|[upkeep]\n|upkeep\n|turn|16\n|inactive|Undertaker67 has 90 seconds left.\n|\n|t:|1781393882\n|switch|p1a: Klawf|Klawf, L90, M|189/272\n|-damage|p1a: Klawf|155/272|[from] Spikes\n|move|p2a: Abomasnow|Blizzard|p1a: Klawf\n|-damage|p1a: Klawf|20/272\n|\n|-weather|Snowscape|[upkeep]\n|-sideend|p2: philschmil|move: Aurora Veil\n|upkeep\n|turn|17\n|\n|t:|1781393890\n|move|p1a: Klawf|Stone Edge|p2a: Abomasnow\n|-supereffective|p2a: Abomasnow\n|-damage|p2a: Abomasnow|37/287 par\n|-damage|p1a: Klawf|0 fnt|[from] item: Life Orb\n|faint|p1a: Klawf\n|move|p2a: Abomasnow|Aurora Veil|p2a: Abomasnow\n|-sidestart|p2: philschmil|move: Aurora Veil\n|\n|-weather|Snowscape|[upkeep]\n|upkeep\n|inactive|Undertaker67 has 90 seconds left.\n|\n|t:|1781393904\n|switch|p1a: Misdreavus|Misdreavus, L90, M|254/254\n|turn|18\n|\n|t:|1781393907\n|move|p1a: Misdreavus|Shadow Ball|p2a: Abomasnow\n|-damage|p2a: Abomasnow|0 fnt\n|faint|p2a: Abomasnow\n|\n|-weather|Snowscape|[upkeep]\n|upkeep\n|\n|t:|1781393910\n|switch|p2a: Lapras|Lapras, L87, M|367/367\n|turn|19\n|\n|t:|1781393925\n|move|p1a: Misdreavus|Will-O-Wisp|p2a: Lapras\n|-status|p2a: Lapras|brn\n|move|p2a: Lapras|Dragon Dance|p2a: Lapras\n|-boost|p2a: Lapras|atk|1\n|-boost|p2a: Lapras|spe|1\n|\n|-weather|none\n|-damage|p2a: Lapras|345/367 brn|[from] brn\n|upkeep\n|turn|20\n|\n|t:|1781393948\n|switch|p1a: Porygon-Z|Porygon-Z, L83|277/277\n|-damage|p1a: Porygon-Z|243/277|[from] Spikes\n|move|p2a: Lapras|Dragon Dance|p2a: Lapras\n|-boost|p2a: Lapras|atk|1\n|-boost|p2a: Lapras|spe|1\n|\n|-damage|p2a: Lapras|323/367 brn|[from] brn\n|upkeep\n|turn|21\n|inactive|Undertaker67 has 90 seconds left.\n|\n|t:|1781393972\n|-terastallize|p1a: Porygon-Z|Fighting\n|move|p2a: Lapras|Icicle Spear|p1a: Porygon-Z\n|-damage|p1a: Porygon-Z|215/277\n|-damage|p1a: Porygon-Z|187/277\n|-damage|p1a: Porygon-Z|157/277\n|-damage|p1a: Porygon-Z|124/277\n|-damage|p1a: Porygon-Z|91/277\n|-hitcount|p1a: Porygon-Z|5\n|move|p1a: Porygon-Z|Tera Blast|p2a: Lapras|[anim] Tera Blast Fighting\n|-supereffective|p2a: Lapras\n|-damage|p2a: Lapras|138/367 brn\n|-damage|p1a: Porygon-Z|64/277|[from] item: Life Orb\n|\n|-damage|p2a: Lapras|116/367 brn|[from] brn\n|upkeep\n|turn|22\n|inactive|Undertaker67 has 90 seconds left.\n|\n|t:|1781393988\n|move|p2a: Lapras|Icicle Spear|p1a: Porygon-Z\n|-damage|p1a: Porygon-Z|31/277\n|-damage|p1a: Porygon-Z|1/277\n|-damage|p1a: Porygon-Z|0 fnt\n|faint|p1a: Porygon-Z\n|-hitcount|p1: Porygon-Z|3\n|\n|-damage|p2a: Lapras|94/367 brn|[from] brn\n|upkeep\n|\n|t:|1781393995\n|switch|p1a: Quagsire|Quagsire, L84, F|297/297\n|-damage|p1a: Quagsire|260/297|[from] Spikes\n|turn|23\n|\n|t:|1781394001\n|switch|p2a: Iron Leaves|Iron Leaves, L80|140/275\n|move|p1a: Quagsire|Earthquake|p2a: Iron Leaves\n|-resisted|p2a: Iron Leaves\n|-damage|p2a: Iron Leaves|117/275\n|\n|-heal|p1a: Quagsire|278/297|[from] item: Leftovers\n|upkeep\n|turn|24\n|inactive|Undertaker67 has 90 seconds left.\n|\n|t:|1781394011\n|move|p2a: Iron Leaves|Leaf Blade|p1a: Quagsire\n|-supereffective|p1a: Quagsire\n|-damage|p1a: Quagsire|0 fnt\n|faint|p1a: Quagsire\n|-damage|p2a: Iron Leaves|90/275|[from] item: Life Orb\n|\n|-sideend|p2: philschmil|move: Aurora Veil\n|upkeep\n|\n|t:|1781394013\n|switch|p1a: Misdreavus|Misdreavus, L90, M|254/254\n|turn|25\n|\n|t:|1781394023\n|move|p2a: Iron Leaves|Leaf Blade|p1a: Misdreavus\n|-damage|p1a: Misdreavus|129/254\n|-damage|p2a: Iron Leaves|63/275|[from] item: Life Orb\n|move|p1a: Misdreavus|Shadow Ball|p2a: Iron Leaves\n|-supereffective|p2a: Iron Leaves\n|-damage|p2a: Iron Leaves|0 fnt\n|faint|p2a: Iron Leaves\n|-end|p2a: Iron Leaves|Quark Drive|[silent]\n|\n|upkeep\n|\n|t:|1781394027\n|switch|p2a: Fezandipiti|Fezandipiti, L82, M|278/278\n|turn|26\n|\n|t:|1781394039\n|move|p2a: Fezandipiti|Gunk Shot|p1a: Misdreavus\n|-resisted|p1a: Misdreavus\n|-damage|p1a: Misdreavus|81/254\n|move|p1a: Misdreavus|Will-O-Wisp|p2a: Fezandipiti|[miss]\n|-miss|p1a: Misdreavus|p2a: Fezandipiti\n|\n|upkeep\n|turn|27\n|\n|t:|1781394048\n|move|p2a: Fezandipiti|Moonblast|p1a: Misdreavus\n|-damage|p1a: Misdreavus|30/254\n|-status|p1a: Misdreavus|tox|[from] ability: Toxic Chain|[of] p2a: Fezandipiti\n|move|p1a: Misdreavus|Will-O-Wisp|p2a: Fezandipiti\n|-status|p2a: Fezandipiti|brn\n|\n|-damage|p1a: Misdreavus|15/254 tox|[from] psn\n|-damage|p2a: Fezandipiti|261/278 brn|[from] brn\n|upkeep\n|turn|28\n|\n|t:|1781394054\n|move|p2a: Fezandipiti|Moonblast|p1a: Misdreavus\n|-damage|p1a: Misdreavus|0 fnt\n|faint|p1a: Misdreavus\n|\n|-heal|p2a: Fezandipiti|278/278 brn|[from] item: Leftovers\n|-damage|p2a: Fezandipiti|261/278 brn|[from] brn\n|upkeep\n|\n|t:|1781394056\n|switch|p1a: Sandy Shocks|Sandy Shocks, L80|267/267\n|-damage|p1a: Sandy Shocks|234/267|[from] Spikes\n|turn|29\n|\n|t:|1781394072\n|move|p2a: Fezandipiti|Moonblast|p1a: Sandy Shocks\n|-damage|p1a: Sandy Shocks|150/267\n|move|p1a: Sandy Shocks|Earth Power|p2a: Fezandipiti\n|-supereffective|p2a: Fezandipiti\n|-damage|p2a: Fezandipiti|103/278 brn\n|\n|-heal|p2a: Fezandipiti|120/278 brn|[from] item: Leftovers\n|-heal|p1a: Sandy Shocks|166/267|[from] item: Leftovers\n|-damage|p2a: Fezandipiti|103/278 brn|[from] brn\n|upkeep\n|turn|30\n|\n|t:|1781394079\n|move|p2a: Fezandipiti|U-turn|p1a: Sandy Shocks\n|-damage|p1a: Sandy Shocks|143/267\n|\n|t:|1781394081\n|switch|p2a: Lapras|Lapras, L87, M|94/367 brn|[from] U-turn\n|move|p1a: Sandy Shocks|Earth Power|p2a: Lapras\n|-damage|p2a: Lapras|0 fnt\n|faint|p2a: Lapras\n|\n|-heal|p1a: Sandy Shocks|159/267|[from] item: Leftovers\n|upkeep\n|\n|t:|1781394083\n|switch|p2a: Fezandipiti|Fezandipiti, L82, M|103/278 brn\n|turn|31\n|\n|t:|1781394089\n|-terastallize|p2a: Fezandipiti|Water\n|move|p2a: Fezandipiti|Moonblast|p1a: Sandy Shocks\n|-damage|p1a: Sandy Shocks|83/267\n|-unboost|p1a: Sandy Shocks|spa|1\n|move|p1a: Sandy Shocks|Earth Power|p2a: Fezandipiti\n|-damage|p2a: Fezandipiti|51/278 brn\n|\n|-heal|p2a: Fezandipiti|68/278 brn|[from] item: Leftovers\n|-heal|p1a: Sandy Shocks|99/267|[from] item: Leftovers\n|-damage|p2a: Fezandipiti|51/278 brn|[from] brn\n|upkeep\n|turn|32\n|\n|t:|1781394097\n|move|p2a: Fezandipiti|Roost|p2a: Fezandipiti\n|-heal|p2a: Fezandipiti|190/278 brn\n|move|p1a: Sandy Shocks|Thunderbolt|p2a: Fezandipiti\n|-supereffective|p2a: Fezandipiti\n|-damage|p2a: Fezandipiti|88/278 brn\n|\n|-heal|p2a: Fezandipiti|105/278 brn|[from] item: Leftovers\n|-heal|p1a: Sandy Shocks|115/267|[from] item: Leftovers\n|-damage|p2a: Fezandipiti|88/278 brn|[from] brn\n|upkeep\n|turn|33\n|\n|t:|1781394099\n|move|p2a: Fezandipiti|Roost|p2a: Fezandipiti\n|-heal|p2a: Fezandipiti|227/278 brn\n|move|p1a: Sandy Shocks|Thunderbolt|p2a: Fezandipiti\n|-supereffective|p2a: Fezandipiti\n|-damage|p2a: Fezandipiti|125/278 brn\n|\n|-heal|p2a: Fezandipiti|142/278 brn|[from] item: Leftovers\n|-heal|p1a: Sandy Shocks|131/267|[from] item: Leftovers\n|-damage|p2a: Fezandipiti|125/278 brn|[from] brn\n|upkeep\n|turn|34\n|\n|t:|1781394102\n|move|p2a: Fezandipiti|Moonblast|p1a: Sandy Shocks\n|-damage|p1a: Sandy Shocks|55/267\n|move|p1a: Sandy Shocks|Thunderbolt|p2a: Fezandipiti\n|-supereffective|p2a: Fezandipiti\n|-damage|p2a: Fezandipiti|11/278 brn\n|\n|-heal|p2a: Fezandipiti|28/278 brn|[from] item: Leftovers\n|-heal|p1a: Sandy Shocks|71/267|[from] item: Leftovers\n|-damage|p2a: Fezandipiti|11/278 brn|[from] brn\n|upkeep\n|turn|35\n|\n|t:|1781394106\n|move|p2a: Fezandipiti|Moonblast|p1a: Sandy Shocks\n|-damage|p1a: Sandy Shocks|0 fnt\n|faint|p1a: Sandy Shocks\n|-end|p1a: Sandy Shocks|Protosynthesis|[silent]\n|\n|win|philschmil\n", "inputlog": ">version a8376a258c1d4662feba110a92103f3664a72141\n>start {\"formatid\":\"gen9randombattle\",\"seed\":\"sodium,3acf7fe6c1751611fc8413ccddd50468\",\"rated\":\"Rated battle\"}\n>player p1 {\"name\":\"Undertaker67\",\"avatar\":\"n\",\"rating\":2006,\"seed\":\"sodium,a2b2decbb1d11429910e4e063a10f13d\"}\n>player p2 {\"name\":\"philschmil\",\"avatar\":\"alder\",\"rating\":1960,\"seed\":\"sodium,e8e227edad0990b53437e441a333ddcc\"}\n>p1 switch 2\n>p2 move nastyplot\n>p1 move calmmind\n>p2 move surf\n>p1 move calmmind\n>p2 move nastyplot\n>p1 move drainingkiss\n>p2 move dracometeor\n>p1 move shadowball\n>p2 move dracometeor\n>p2 switch 6\n>p1 move shadowball\n>p2 move thunderwave\n>p1 switch 5\n>p2 move thunderwave\n>p1 move earthpower\n>p2 move spikes\n>p2 switch 5\n>p1 move thunderwave\n>p2 move auroraveil\n>p1 switch 2\n>p2 move blizzard\n>p1 switch 3\n>p2 move blizzard\n>p1 move recover\n>p2 switch 3\n>p1 switch 4\n>p2 move leafblade\n>p1 move shadowsneak\n>p2 move leafblade\n>p1 switch 5\n>p1 move willowisp\n>p2 switch 3\n>p1 switch 3\n>p2 move blizzard\n>p1 move stoneedge\n>p2 move auroraveil\n>p1 switch 3\n>p1 move shadowball\n>p2 move blizzard\n>p2 switch 2\n>p1 move willowisp\n>p2 move dragondance\n>p1 switch 6\n>p2 move dragondance\n>p1 move terablast terastallize\n>p2 move iciclespear\n>p1 move terablast\n>p2 move iciclespear\n>p1 switch 4\n>p1 move earthquake\n>p2 switch 3\n>p1 move icebeam\n>p2 move leafblade\n>p1 switch 6\n>p1 move shadowball\n>p2 move leafblade\n>p2 switch 4\n>p1 move willowisp\n>p2 move gunkshot\n>p1 move willowisp\n>p2 move moonblast\n>p1 move shadowball\n>p2 move moonblast\n>p1 switch 2\n>p1 move earthpower\n>p2 move moonblast\n>p1 move earthpower\n>p2 move uturn\n>p2 switch 3\n>p2 switch 3\n>p1 move earthpower\n>p2 move moonblast terastallize\n>p1 move thunderbolt\n>p2 move roost\n>p1 move thunderbolt\n>p2 move roost\n>p1 move thunderbolt\n>p2 move moonblast\n>p1 move thunderbolt\n>p2 move moonblast", "uploadtime": 1781393628, "views": 4, "formatid": "gen9randombattle", "rating": null, "private": 0, "password": null}