{"id": "gen9randombattle-2631852768", "format": "[Gen 9] Random Battle", "players": ["cansermaro8", "Ivar57"], "log": "|badge|p1|bronze|gen9randombattle|100-9\n|uhtml|medal-msg|<div class=\"broadcast-blue\">Curious what those medals under the avatar are? PS now has Ladder Seasons! For more information, check out the <a href=\"https://www.smogon.com/forums/threads/3740067/\">thread on Smogon.</a></div>\n|j|\u2606cansermaro8\n|j|\u2606Ivar57\n|t:|1781448278\n|gametype|singles\n|player|p1|cansermaro8|266|2303\n|player|p2|Ivar57|#omclihearttakers|2303\n|gen|9\n|tier|[Gen 9] Random Battle\n|rated|\n|rule|Species Clause: Limit one of each Pok\u00e9mon\n|rule|HP Percentage Mod: HP is shown in percentages\n|rule|Sleep Clause Mod: Limit one foe put to sleep\n|rule|Illusion Level Mod: Illusion disguises the Pok\u00e9mon's true level\n|\n|t:|1781448278\n|teamsize|p1|6\n|teamsize|p2|6\n|start\n|switch|p1a: Arboliva|Arboliva, L91, M|290/290\n|switch|p2a: Bellibolt|Bellibolt, L84, F|320/320\n|turn|1\n|\n|t:|1781448298\n|switch|p2a: Scizor|Scizor, L79, F|240/240\n|move|p1a: Arboliva|Energy Ball|p2a: Scizor\n|-resisted|p2a: Scizor\n|-damage|p2a: Scizor|200/240\n|\n|upkeep\n|turn|2\n|\n|t:|1781448305\n|switch|p1a: Skarmory|Skarmory, L80, F|235/235\n|move|p2a: Scizor|Knock Off|p1a: Skarmory\n|-damage|p1a: Skarmory|162/235\n|-enditem|p1a: Skarmory|Leftovers|[from] move: Knock Off|[of] p2a: Scizor\n|-damage|p2a: Scizor|176/240|[from] item: Life Orb\n|\n|upkeep\n|turn|3\n|\n|t:|1781448325\n|switch|p2a: Bellibolt|Bellibolt, L84, F|320/320\n|move|p1a: Skarmory|Iron Defense|p1a: Skarmory\n|-boost|p1a: Skarmory|def|2\n|\n|upkeep\n|turn|4\n|j| chenyiyiyiyiyi\n|\n|t:|1781448366\n|switch|p1a: Arboliva|Arboliva, L91, M|290/290\n|move|p2a: Bellibolt|Volt Switch|p1a: Arboliva\n|-resisted|p1a: Arboliva\n|-damage|p1a: Arboliva|261/290\n|-fieldstart|move: Grassy Terrain|[from] ability: Seed Sower|[of] p1a: Arboliva\n|\n|t:|1781448377\n|switch|p2a: Flamigo|Flamigo, L82, F|269/269|[from] Volt Switch\n|\n|-heal|p1a: Arboliva|279/290|[from] Grassy Terrain\n|-heal|p1a: Arboliva|290/290|[from] item: Leftovers\n|upkeep\n|turn|5\n|\n|t:|1781448382\n|switch|p1a: Slowking|Slowking, L88, F|310/310\n|move|p2a: Flamigo|Close Combat|p1a: Slowking\n|-resisted|p1a: Slowking\n|-damage|p1a: Slowking|196/310\n|-unboost|p2a: Flamigo|def|1\n|-unboost|p2a: Flamigo|spd|1\n|\n|-heal|p1a: Slowking|215/310|[from] Grassy Terrain\n|upkeep\n|turn|6\n|\n|t:|1781448391\n|switch|p2a: Bellibolt|Bellibolt, L84, F|320/320\n|move|p1a: Slowking|Future Sight|p2a: Bellibolt\n|-start|p1a: Slowking|move: Future Sight\n|\n|-heal|p1a: Slowking|234/310|[from] Grassy Terrain\n|upkeep\n|turn|7\n|\n|t:|1781448399\n|switch|p1a: Arboliva|Arboliva, L91, M|290/290\n|move|p2a: Bellibolt|Volt Switch|p1a: Arboliva\n|-resisted|p1a: Arboliva\n|-damage|p1a: Arboliva|259/290\n|\n|t:|1781448405\n|switch|p2a: Scizor|Scizor, L79, F|176/240|[from] Volt Switch\n|\n|-heal|p2a: Scizor|191/240|[from] Grassy Terrain\n|-heal|p1a: Arboliva|277/290|[from] Grassy Terrain\n|-heal|p1a: Arboliva|290/290|[from] item: Leftovers\n|upkeep\n|turn|8\n|\n|t:|1781448411\n|switch|p2a: Iron Crown|Iron Crown, L78|268/268\n|switch|p1a: Skarmory|Skarmory, L80, F|162/235\n|\n|-end|p2a: Iron Crown|move: Future Sight\n|-resisted|p2a: Iron Crown\n|-damage|p2a: Iron Crown|235/268\n|-heal|p2a: Iron Crown|251/268|[from] Grassy Terrain\n|-fieldend|move: Grassy Terrain\n|upkeep\n|turn|9\n|\n|t:|1781448421\n|switch|p1a: Misdreavus|Misdreavus, L90, F|254/254\n|move|p2a: Iron Crown|Volt Switch|p1a: Misdreavus\n|-damage|p1a: Misdreavus|206/254\n|\n|t:|1781448458\n|-end|p2a: Iron Crown|Quark Drive|[silent]\n|switch|p2a: Scizor|Scizor, L79, F|191/240|[from] Volt Switch\n|\n|upkeep\n|turn|10\n|\n|t:|1781448463\n|move|p1a: Misdreavus|Will-O-Wisp|p2a: Scizor\n|-status|p2a: Scizor|brn\n|move|p2a: Scizor|Knock Off|p1a: Misdreavus\n|-supereffective|p1a: Misdreavus\n|-damage|p1a: Misdreavus|129/254\n|-enditem|p1a: Misdreavus|Eviolite|[from] move: Knock Off|[of] p2a: Scizor\n|-damage|p2a: Scizor|167/240 brn|[from] item: Life Orb\n|\n|-damage|p2a: Scizor|152/240 brn|[from] brn\n|upkeep\n|turn|11\n|\n|t:|1781448469\n|move|p1a: Misdreavus|Calm Mind|p1a: Misdreavus\n|-boost|p1a: Misdreavus|spa|1\n|-boost|p1a: Misdreavus|spd|1\n|move|p2a: Scizor|Swords Dance|p2a: Scizor\n|-boost|p2a: Scizor|atk|2\n|\n|-damage|p2a: Scizor|137/240 brn|[from] brn\n|upkeep\n|turn|12\n|\n|t:|1781448473\n|move|p1a: Misdreavus|Shadow Ball|p2a: Scizor\n|-damage|p2a: Scizor|0 fnt\n|faint|p2a: Scizor\n|\n|upkeep\n|\n|t:|1781448478\n|switch|p2a: Inteleon|Inteleon, L81, F|246/246\n|turn|13\n|\n|t:|1781448485\n|move|p2a: Inteleon|Scald|p1a: Misdreavus\n|-damage|p1a: Misdreavus|39/254\n|move|p1a: Misdreavus|Draining Kiss|p2a: Inteleon\n|-damage|p2a: Inteleon|179/246\n|-heal|p1a: Misdreavus|89/254|[from] drain|[of] p2a: Inteleon\n|\n|upkeep\n|turn|14\n|\n|t:|1781448491\n|switch|p1a: Arboliva|Arboliva, L91, M|290/290\n|move|p2a: Inteleon|Scald|p1a: Arboliva\n|-resisted|p1a: Arboliva\n|-damage|p1a: Arboliva|233/290\n|-fieldstart|move: Grassy Terrain|[from] ability: Seed Sower|[of] p1a: Arboliva\n|\n|-heal|p2a: Inteleon|194/246|[from] Grassy Terrain\n|-heal|p1a: Arboliva|251/290|[from] Grassy Terrain\n|-heal|p1a: Arboliva|269/290|[from] item: Leftovers\n|upkeep\n|turn|15\n|\n|t:|1781448502\n|switch|p2a: Iron Crown|Iron Crown, L78|251/268\n|move|p1a: Arboliva|Hyper Voice|p2a: Iron Crown\n|-resisted|p2a: Iron Crown\n|-damage|p2a: Iron Crown|183/268\n|\n|-heal|p2a: Iron Crown|199/268|[from] Grassy Terrain\n|-heal|p1a: Arboliva|287/290|[from] Grassy Terrain\n|-heal|p1a: Arboliva|290/290|[from] item: Leftovers\n|upkeep\n|turn|16\n|\n|t:|1781448515\n|move|p2a: Iron Crown|Volt Switch|p1a: Arboliva\n|-resisted|p1a: Arboliva\n|-damage|p1a: Arboliva|259/290\n|\n|t:|1781448517\n|-end|p2a: Iron Crown|Quark Drive|[silent]\n|switch|p2a: Flamigo|Flamigo, L82, F|269/269|[from] Volt Switch\n|move|p1a: Arboliva|Hyper Voice|p2a: Flamigo\n|-damage|p2a: Flamigo|98/269\n|\n|-heal|p1a: Arboliva|277/290|[from] Grassy Terrain\n|-heal|p1a: Arboliva|290/290|[from] item: Leftovers\n|upkeep\n|turn|17\n|\n|t:|1781448522\n|switch|p1a: Misdreavus|Misdreavus, L90, F|89/254\n|move|p2a: Flamigo|Close Combat|p1a: Misdreavus\n|-damage|p1a: Misdreavus|0 fnt\n|-unboost|p2a: Flamigo|def|1\n|-unboost|p2a: Flamigo|spd|1\n|faint|p1a: Misdreavus\n|\n|upkeep\n|\n|t:|1781448528\n|switch|p1a: Slowking|Slowking, L88, F|310/310\n|turn|18\n|\n|t:|1781448534\n|switch|p2a: Bellibolt|Bellibolt, L84, F|320/320\n|-prepare|p1a: Slowking|Chilly Reception|[premajor]\n|move|p1a: Slowking|Chilly Reception|p1a: Slowking\n|-weather|Snowscape\n|\n|t:|1781448538\n|switch|p1a: Arboliva|Arboliva, L91, M|290/290|[from] Chilly Reception\n|\n|-weather|Snowscape|[upkeep]\n|-fieldend|move: Grassy Terrain\n|upkeep\n|turn|19\n|\n|t:|1781448546\n|switch|p2a: Iron Crown|Iron Crown, L78|199/268\n|move|p1a: Arboliva|Hyper Voice|p2a: Iron Crown\n|-resisted|p2a: Iron Crown\n|-damage|p2a: Iron Crown|131/268\n|\n|-weather|Snowscape|[upkeep]\n|upkeep\n|turn|20\n|\n|t:|1781448555\n|move|p2a: Iron Crown|Focus Blast|p1a: Arboliva\n|-supereffective|p1a: Arboliva\n|-damage|p1a: Arboliva|94/290\n|-fieldstart|move: Grassy Terrain|[from] ability: Seed Sower|[of] p1a: Arboliva\n|move|p1a: Arboliva|Hyper Voice|p2a: Iron Crown\n|-resisted|p2a: Iron Crown\n|-damage|p2a: Iron Crown|65/268\n|\n|-weather|Snowscape|[upkeep]\n|-heal|p2a: Iron Crown|81/268|[from] Grassy Terrain\n|-heal|p1a: Arboliva|112/290|[from] Grassy Terrain\n|-heal|p1a: Arboliva|130/290|[from] item: Leftovers\n|upkeep\n|turn|21\n|\n|t:|1781448564\n|-end|p2a: Iron Crown|Quark Drive|[silent]\n|switch|p2a: Flamigo|Flamigo, L82, F|98/269\n|switch|p1a: Slowking|Slowking, L88, F|310/310\n|\n|-weather|Snowscape|[upkeep]\n|upkeep\n|turn|22\n|\n|t:|1781448569\n|move|p2a: Flamigo|U-turn|p1a: Slowking\n|-supereffective|p1a: Slowking\n|-damage|p1a: Slowking|130/310\n|\n|t:|1781448572\n|switch|p2a: Bellibolt|Bellibolt, L84, F|320/320|[from] U-turn\n|move|p1a: Slowking|Scald|p2a: Bellibolt\n|-damage|p2a: Bellibolt|224/320\n|-start|p2a: Bellibolt|Charge|Scald|[from] ability: Electromorphosis\n|\n|-weather|none\n|-heal|p2a: Bellibolt|244/320|[from] Grassy Terrain\n|-heal|p2a: Bellibolt|264/320|[from] item: Leftovers\n|-heal|p1a: Slowking|149/310|[from] Grassy Terrain\n|upkeep\n|turn|23\n|\n|t:|1781448577\n|switch|p1a: Arboliva|Arboliva, L91, M|130/290\n|move|p2a: Bellibolt|Volt Switch|p1a: Arboliva\n|-resisted|p1a: Arboliva\n|-damage|p1a: Arboliva|72/290\n|-end|p2a: Bellibolt|Charge|[silent]\n|\n|t:|1781448586\n|switch|p2a: Flamigo|Flamigo, L82, F|98/269|[from] Volt Switch\n|\n|-heal|p1a: Arboliva|90/290|[from] Grassy Terrain\n|-heal|p1a: Arboliva|108/290|[from] item: Leftovers\n|upkeep\n|turn|24\n|\n|t:|1781448595\n|switch|p1a: Skarmory|Skarmory, L80, F|162/235\n|move|p2a: Flamigo|Close Combat|p1a: Skarmory\n|-damage|p1a: Skarmory|20/235\n|-unboost|p2a: Flamigo|def|1\n|-unboost|p2a: Flamigo|spd|1\n|\n|-fieldend|move: Grassy Terrain\n|upkeep\n|turn|25\n|\n|t:|1781448599\n|move|p2a: Flamigo|Close Combat|p1a: Skarmory\n|-damage|p1a: Skarmory|0 fnt\n|-unboost|p2a: Flamigo|def|1\n|-unboost|p2a: Flamigo|spd|1\n|faint|p1a: Skarmory\n|\n|upkeep\n|\n|t:|1781448611\n|switch|p1a: Wigglytuff|Wigglytuff, L96, F|424/424\n|turn|26\n|\n|t:|1781448625\n|switch|p2a: Iron Crown|Iron Crown, L78|81/268\n|move|p1a: Wigglytuff|Wish|p1a: Wigglytuff\n|\n|upkeep\n|turn|27\n|\n|t:|1781448663\n|switch|p1a: Arboliva|Arboliva, L91, M|108/290\n|move|p2a: Iron Crown|Tachyon Cutter|p1a: Arboliva\n|-damage|p1a: Arboliva|45/290\n|-fieldstart|move: Grassy Terrain|[from] ability: Seed Sower|[of] p1a: Arboliva\n|-damage|p1a: Arboliva|0 fnt\n|faint|p1a: Arboliva\n|-hitcount|p1: Arboliva|2\n|\n|-heal|p2a: Iron Crown|97/268|[from] Grassy Terrain\n|upkeep\n|\n|t:|1781448669\n|switch|p1a: Slowking|Slowking, L88, F|252/310\n|turn|28\n|\n|t:|1781448679\n|-end|p2a: Iron Crown|Quark Drive|[silent]\n|switch|p2a: Bellibolt|Bellibolt, L84, F|264/320\n|move|p1a: Slowking|Future Sight|p2a: Bellibolt\n|-start|p1a: Slowking|move: Future Sight\n|\n|-heal|p2a: Bellibolt|284/320|[from] Grassy Terrain\n|-heal|p2a: Bellibolt|304/320|[from] item: Leftovers\n|-heal|p1a: Slowking|271/310|[from] Grassy Terrain\n|upkeep\n|turn|29\n|\n|t:|1781448729\n|switch|p1a: Zapdos|Zapdos, L78|268/268\n|move|p2a: Bellibolt|Thunderbolt|p1a: Zapdos\n|-damage|p1a: Zapdos|160/268\n|\n|-heal|p2a: Bellibolt|320/320|[from] Grassy Terrain\n|upkeep\n|turn|30\n|\n|t:|1781448753\n|move|p1a: Zapdos|Roost|p1a: Zapdos\n|-heal|p1a: Zapdos|268/268\n|-singleturn|p1a: Zapdos|move: Roost\n|move|p2a: Bellibolt|Muddy Water|p1a: Zapdos\n|-damage|p1a: Zapdos|198/268\n|-unboost|p1a: Zapdos|accuracy|1\n|\n|-end|p2a: Bellibolt|move: Future Sight\n|-damage|p2a: Bellibolt|170/320\n|-start|p2a: Bellibolt|Charge|Future Sight|[from] ability: Electromorphosis\n|-heal|p1a: Zapdos|214/268|[from] Grassy Terrain\n|-heal|p2a: Bellibolt|190/320|[from] Grassy Terrain\n|-heal|p2a: Bellibolt|210/320|[from] item: Leftovers\n|upkeep\n|turn|31\n|l| chenyiyiyiyiyi\n|\n|t:|1781448820\n|move|p1a: Zapdos|Heat Wave|p2a: Bellibolt|[miss]\n|-miss|p1a: Zapdos|p2a: Bellibolt\n|move|p2a: Bellibolt|Slack Off|p2a: Bellibolt\n|-heal|p2a: Bellibolt|320/320\n|\n|-fieldend|move: Grassy Terrain\n|upkeep\n|turn|32\n|\n|t:|1781448833\n|switch|p1a: Wigglytuff|Wigglytuff, L96, F|424/424\n|move|p2a: Bellibolt|Thunderbolt|p1a: Wigglytuff\n|-damage|p1a: Wigglytuff|175/424\n|-end|p2a: Bellibolt|Charge|[silent]\n|\n|-heal|p1a: Wigglytuff|201/424|[from] item: Leftovers\n|upkeep\n|turn|33\n|\n|t:|1781448843\n|move|p1a: Wigglytuff|Wish|p1a: Wigglytuff\n|move|p2a: Bellibolt|Volt Switch|p1a: Wigglytuff\n|-damage|p1a: Wigglytuff|99/424\n|\n|t:|1781448847\n|switch|p2a: Iron Crown|Iron Crown, L78|97/268|[from] Volt Switch\n|\n|-heal|p1a: Wigglytuff|125/424|[from] item: Leftovers\n|upkeep\n|turn|34\n|\n|t:|1781448852\n|move|p1a: Wigglytuff|Protect|p1a: Wigglytuff\n|-singleturn|p1a: Wigglytuff|Protect\n|move|p2a: Iron Crown|Volt Switch|p1a: Wigglytuff\n|-activate|p1a: Wigglytuff|move: Protect\n|\n|-heal|p1a: Wigglytuff|337/424|[from] move: Wish|[wisher] Wigglytuff\n|-heal|p1a: Wigglytuff|363/424|[from] item: Leftovers\n|upkeep\n|turn|35\n|\n|t:|1781448856\n|move|p2a: Iron Crown|Volt Switch|p1a: Wigglytuff\n|-damage|p1a: Wigglytuff|262/424\n|\n|t:|1781448859\n|-end|p2a: Iron Crown|Quark Drive|[silent]\n|switch|p2a: Bellibolt|Bellibolt, L84, F|320/320|[from] Volt Switch\n|move|p1a: Wigglytuff|Wish|p1a: Wigglytuff\n|\n|-heal|p1a: Wigglytuff|288/424|[from] item: Leftovers\n|upkeep\n|turn|36\n|\n|t:|1781448866\n|move|p1a: Wigglytuff|Protect|p1a: Wigglytuff\n|-singleturn|p1a: Wigglytuff|Protect\n|move|p2a: Bellibolt|Volt Switch|p1a: Wigglytuff\n|-activate|p1a: Wigglytuff|move: Protect\n|\n|-heal|p1a: Wigglytuff|424/424|[from] move: Wish|[wisher] Wigglytuff\n|upkeep\n|turn|37\n|\n|t:|1781448871\n|move|p1a: Wigglytuff|Wish|p1a: Wigglytuff\n|move|p2a: Bellibolt|Volt Switch|p1a: Wigglytuff\n|-damage|p1a: Wigglytuff|331/424\n|\n|t:|1781448875\n|switch|p2a: Iron Crown|Iron Crown, L78|97/268|[from] Volt Switch\n|\n|-heal|p1a: Wigglytuff|357/424|[from] item: Leftovers\n|upkeep\n|turn|38\n|\n|t:|1781448877\n|move|p1a: Wigglytuff|Protect|p1a: Wigglytuff\n|-singleturn|p1a: Wigglytuff|Protect\n|move|p2a: Iron Crown|Tachyon Cutter|p1a: Wigglytuff\n|-activate|p1a: Wigglytuff|move: Protect\n|\n|-heal|p1a: Wigglytuff|424/424|[from] move: Wish|[wisher] Wigglytuff\n|upkeep\n|turn|39\n|\n|t:|1781448881\n|-end|p2a: Iron Crown|Quark Drive|[silent]\n|switch|p2a: Bellibolt|Bellibolt, L84, F|320/320\n|switch|p1a: Zapdos|Zapdos, L78|214/268\n|\n|upkeep\n|turn|40\n|\n|t:|1781448892\n|switch|p1a: Wigglytuff|Wigglytuff, L96, F|424/424\n|move|p2a: Bellibolt|Volt Switch|p1a: Wigglytuff\n|-damage|p1a: Wigglytuff|324/424\n|\n|t:|1781448910\n|switch|p2a: Iron Crown|Iron Crown, L78|97/268|[from] Volt Switch\n|\n|-heal|p1a: Wigglytuff|350/424|[from] item: Leftovers\n|upkeep\n|turn|41\n|\n|t:|1781448921\n|move|p1a: Wigglytuff|Protect|p1a: Wigglytuff\n|-singleturn|p1a: Wigglytuff|Protect\n|move|p2a: Iron Crown|Tachyon Cutter|p1a: Wigglytuff\n|-activate|p1a: Wigglytuff|move: Protect\n|\n|-heal|p1a: Wigglytuff|376/424|[from] item: Leftovers\n|upkeep\n|turn|42\n|\n|t:|1781448934\n|-end|p2a: Iron Crown|Quark Drive|[silent]\n|switch|p2a: Bellibolt|Bellibolt, L84, F|320/320\n|switch|p1a: Slowking|Slowking, L88, F|310/310\n|\n|upkeep\n|turn|43\n|\n|t:|1781448941\n|-terastallize|p1a: Slowking|Dragon\n|move|p2a: Bellibolt|Thunderbolt|p1a: Slowking\n|-resisted|p1a: Slowking\n|-damage|p1a: Slowking|272/310\n|move|p1a: Slowking|Future Sight|p2a: Bellibolt\n|-start|p1a: Slowking|move: Future Sight\n|\n|upkeep\n|turn|44\n|\n|t:|1781448953\n|move|p2a: Bellibolt|Muddy Water|p1a: Slowking\n|-resisted|p1a: Slowking\n|-damage|p1a: Slowking|246/310\n|-unboost|p1a: Slowking|accuracy|1\n|move|p1a: Slowking|Scald|p2a: Bellibolt|[miss]\n|-miss|p1a: Slowking|p2a: Bellibolt\n|\n|upkeep\n|turn|45\n|\n|t:|1781448964\n|move|p2a: Bellibolt|Muddy Water|p1a: Slowking\n|-resisted|p1a: Slowking\n|-damage|p1a: Slowking|218/310\n|-unboost|p1a: Slowking|accuracy|1\n|-prepare|p1a: Slowking|Chilly Reception|[premajor]\n|move|p1a: Slowking|Chilly Reception|p1a: Slowking\n|-weather|Snowscape\n|\n|t:|1781448968\n|switch|p1a: Wigglytuff|Wigglytuff, L96, F|376/424|[from] Chilly Reception\n|\n|-weather|Snowscape|[upkeep]\n|-end|p2a: Bellibolt|move: Future Sight\n|-damage|p2a: Bellibolt|166/320\n|-start|p2a: Bellibolt|Charge|Future Sight|[from] ability: Electromorphosis\n|-heal|p1a: Wigglytuff|402/424|[from] item: Leftovers\n|-heal|p2a: Bellibolt|186/320|[from] item: Leftovers\n|upkeep\n|turn|46\n|\n|t:|1781448976\n|switch|p1a: Slowking|Slowking, L88, F, tera:Dragon|310/310\n|move|p2a: Bellibolt|Slack Off|p2a: Bellibolt\n|-heal|p2a: Bellibolt|320/320\n|\n|-weather|Snowscape|[upkeep]\n|upkeep\n|turn|47\n|\n|t:|1781448983\n|move|p2a: Bellibolt|Volt Switch|p1a: Slowking\n|-resisted|p1a: Slowking\n|-damage|p1a: Slowking|253/310\n|-end|p2a: Bellibolt|Charge|[silent]\n|\n|t:|1781448992\n|switch|p2a: Inteleon|Inteleon, L81, F|194/246|[from] Volt Switch\n|move|p1a: Slowking|Future Sight|p2a: Inteleon\n|-start|p1a: Slowking|move: Future Sight\n|\n|-weather|Snowscape|[upkeep]\n|upkeep\n|turn|48\n|\n|t:|1781449000\n|switch|p1a: Wigglytuff|Wigglytuff, L96, F|402/424\n|move|p2a: Inteleon|Ice Beam|p1a: Wigglytuff\n|-damage|p1a: Wigglytuff|253/424\n|\n|-weather|Snowscape|[upkeep]\n|-heal|p1a: Wigglytuff|279/424|[from] item: Leftovers\n|upkeep\n|turn|49\n|\n|t:|1781449006\n|switch|p2a: Iron Crown|Iron Crown, L78|97/268\n|move|p1a: Wigglytuff|Dazzling Gleam|p2a: Iron Crown\n|-resisted|p2a: Iron Crown\n|-damage|p2a: Iron Crown|52/268\n|\n|-weather|none\n|-end|p2a: Iron Crown|move: Future Sight\n|-resisted|p2a: Iron Crown\n|-damage|p2a: Iron Crown|19/268\n|-heal|p1a: Wigglytuff|305/424|[from] item: Leftovers\n|upkeep\n|turn|50\n|\n|t:|1781449015\n|move|p1a: Wigglytuff|Protect|p1a: Wigglytuff\n|-singleturn|p1a: Wigglytuff|Protect\n|move|p2a: Iron Crown|Tachyon Cutter|p1a: Wigglytuff\n|-activate|p1a: Wigglytuff|move: Protect\n|\n|-heal|p1a: Wigglytuff|331/424|[from] item: Leftovers\n|upkeep\n|turn|51\n|\n|t:|1781449031\n|-end|p2a: Iron Crown|Quark Drive|[silent]\n|switch|p2a: Inteleon|Inteleon, L81, F|194/246\n|switch|p1a: Zapdos|Zapdos, L78|214/268\n|\n|upkeep\n|turn|52\n|\n|t:|1781449044\n|move|p2a: Inteleon|Ice Beam|p1a: Zapdos\n|-supereffective|p1a: Zapdos\n|-damage|p1a: Zapdos|0 fnt\n|faint|p1a: Zapdos\n|\n|upkeep\n|\n|t:|1781449048\n|switch|p1a: Wigglytuff|Wigglytuff, L96, F|331/424\n|turn|53\n|\n|t:|1781449052\n|switch|p2a: Bellibolt|Bellibolt, L84, F|320/320\n|move|p1a: Wigglytuff|Dazzling Gleam|p2a: Bellibolt\n|-damage|p2a: Bellibolt|214/320\n|-start|p2a: Bellibolt|Charge|Dazzling Gleam|[from] ability: Electromorphosis\n|\n|-heal|p1a: Wigglytuff|357/424|[from] item: Leftovers\n|-heal|p2a: Bellibolt|234/320|[from] item: Leftovers\n|upkeep\n|turn|54\n|\n|t:|1781449057\n|move|p1a: Wigglytuff|Wish|p1a: Wigglytuff\n|move|p2a: Bellibolt|Volt Switch|p1a: Wigglytuff\n|-damage|p1a: Wigglytuff|167/424\n|-end|p2a: Bellibolt|Charge|[silent]\n|\n|t:|1781449061\n|switch|p2a: Iron Crown|Iron Crown, L78|19/268|[from] Volt Switch\n|\n|-heal|p1a: Wigglytuff|193/424|[from] item: Leftovers\n|upkeep\n|turn|55\n|\n|t:|1781449067\n|move|p1a: Wigglytuff|Protect|p1a: Wigglytuff\n|-singleturn|p1a: Wigglytuff|Protect\n|move|p2a: Iron Crown|Volt Switch|p1a: Wigglytuff\n|-activate|p1a: Wigglytuff|move: Protect\n|\n|-heal|p1a: Wigglytuff|405/424|[from] move: Wish|[wisher] Wigglytuff\n|-heal|p1a: Wigglytuff|424/424|[from] item: Leftovers\n|upkeep\n|turn|56\n|\n|t:|1781449073\n|move|p2a: Iron Crown|Volt Switch|p1a: Wigglytuff\n|-damage|p1a: Wigglytuff|329/424\n|\n|t:|1781449078\n|-end|p2a: Iron Crown|Quark Drive|[silent]\n|switch|p2a: Bellibolt|Bellibolt, L84, F|234/320|[from] Volt Switch\n|move|p1a: Wigglytuff|Wish|p1a: Wigglytuff\n|\n|-heal|p1a: Wigglytuff|355/424|[from] item: Leftovers\n|-heal|p2a: Bellibolt|254/320|[from] item: Leftovers\n|upkeep\n|turn|57\n|\n|t:|1781449105\n|move|p1a: Wigglytuff|Dazzling Gleam|p2a: Bellibolt\n|-damage|p2a: Bellibolt|151/320\n|-start|p2a: Bellibolt|Charge|Dazzling Gleam|[from] ability: Electromorphosis\n|move|p2a: Bellibolt|Thunderbolt|p1a: Wigglytuff\n|-damage|p1a: Wigglytuff|78/424\n|-end|p2a: Bellibolt|Charge|[silent]\n|\n|-heal|p1a: Wigglytuff|290/424|[from] move: Wish|[wisher] Wigglytuff\n|-heal|p1a: Wigglytuff|316/424|[from] item: Leftovers\n|-heal|p2a: Bellibolt|171/320|[from] item: Leftovers\n|upkeep\n|turn|58\n|\n|t:|1781449113\n|move|p1a: Wigglytuff|Wish|p1a: Wigglytuff\n|move|p2a: Bellibolt|Slack Off|p2a: Bellibolt\n|-heal|p2a: Bellibolt|320/320\n|\n|-heal|p1a: Wigglytuff|342/424|[from] item: Leftovers\n|upkeep\n|turn|59\n|\n|t:|1781449121\n|move|p1a: Wigglytuff|Dazzling Gleam|p2a: Bellibolt\n|-damage|p2a: Bellibolt|221/320\n|-start|p2a: Bellibolt|Charge|Dazzling Gleam|[from] ability: Electromorphosis\n|move|p2a: Bellibolt|Thunderbolt|p1a: Wigglytuff\n|-damage|p1a: Wigglytuff|77/424\n|-end|p2a: Bellibolt|Charge|[silent]\n|\n|-heal|p1a: Wigglytuff|289/424|[from] move: Wish|[wisher] Wigglytuff\n|-heal|p1a: Wigglytuff|315/424|[from] item: Leftovers\n|-heal|p2a: Bellibolt|241/320|[from] item: Leftovers\n|upkeep\n|turn|60\n|\n|t:|1781449129\n|move|p1a: Wigglytuff|Wish|p1a: Wigglytuff\n|move|p2a: Bellibolt|Volt Switch|p1a: Wigglytuff\n|-damage|p1a: Wigglytuff|213/424\n|\n|t:|1781449132\n|switch|p2a: Iron Crown|Iron Crown, L78|19/268|[from] Volt Switch\n|\n|-heal|p1a: Wigglytuff|239/424|[from] item: Leftovers\n|upkeep\n|turn|61\n|\n|t:|1781449139\n|move|p1a: Wigglytuff|Protect|p1a: Wigglytuff\n|-singleturn|p1a: Wigglytuff|Protect\n|move|p2a: Iron Crown|Tachyon Cutter|p1a: Wigglytuff\n|-activate|p1a: Wigglytuff|move: Protect\n|\n|-heal|p1a: Wigglytuff|424/424|[from] move: Wish|[wisher] Wigglytuff\n|upkeep\n|turn|62\n|\n|t:|1781449142\n|move|p2a: Iron Crown|Tachyon Cutter|p1a: Wigglytuff\n|-supereffective|p1a: Wigglytuff\n|-damage|p1a: Wigglytuff|218/424\n|-supereffective|p1a: Wigglytuff\n|-damage|p1a: Wigglytuff|0 fnt\n|faint|p1a: Wigglytuff\n|-hitcount|p1: Wigglytuff|2\n|\n|upkeep\n|\n|t:|1781449146\n|switch|p1a: Slowking|Slowking, L88, F, tera:Dragon|310/310\n|turn|63\n|\n|t:|1781449150\n|move|p2a: Iron Crown|Tachyon Cutter|p1a: Slowking\n|-damage|p1a: Slowking|241/310\n|-damage|p1a: Slowking|172/310\n|-hitcount|p1a: Slowking|2\n|move|p1a: Slowking|Scald|p2a: Iron Crown\n|-damage|p2a: Iron Crown|0 fnt\n|faint|p2a: Iron Crown\n|-end|p2a: Iron Crown|Quark Drive|[silent]\n|\n|upkeep\n|\n|t:|1781449154\n|switch|p2a: Flamigo|Flamigo, L82, F|98/269\n|turn|64\n|\n|t:|1781449161\n|move|p2a: Flamigo|Close Combat|p1a: Slowking\n|-damage|p1a: Slowking|0 fnt\n|-unboost|p2a: Flamigo|def|1\n|-unboost|p2a: Flamigo|spd|1\n|faint|p1a: Slowking\n|\n|win|Ivar57\n", "inputlog": ">version a8376a258c1d4662feba110a92103f3664a72141\n>start {\"formatid\":\"gen9randombattle\",\"seed\":\"sodium,fa2a75f433156a61b77ae141bdb69cc0\",\"rated\":\"Rated battle\"}\n>player p1 {\"name\":\"cansermaro8\",\"avatar\":\"266\",\"rating\":2303,\"seed\":\"sodium,d9927df1482d46657bc9ad8ef03fb0ff\"}\n>player p2 {\"name\":\"Ivar57\",\"avatar\":\"#omclihearttakers\",\"rating\":2303,\"seed\":\"sodium,95e86b560a5981746d4e120d3218f74f\"}\n>p1 move energyball\n>p2 switch 4\n>p1 switch 4\n>p2 move knockoff\n>p1 move irondefense\n>p2 switch 4\n>p1 switch 4\n>p2 move voltswitch\n>p2 switch 2\n>p1 switch 3\n>p2 move closecombat\n>p1 move futuresight\n>p2 switch 2\n>p1 switch 3\n>p2 move voltswitch\n>p2 switch 4\n>p1 switch 4\n>p2 switch 5\n>p1 switch 5\n>p2 move voltswitch\n>p2 switch 5\n>p1 move willowisp\n>p2 move knockoff\n>p1 move calmmind\n>p2 move swordsdance\n>p1 move shadowball\n>p2 move knockoff\n>p2 switch 6\n>p1 move drainingkiss\n>p2 move scald\n>p1 switch 4\n>p2 move scald\n>p1 move hypervoice\n>p2 switch 5\n>p1 move hypervoice\n>p2 move voltswitch\n>p2 switch 2\n>p1 switch 4\n>p2 move closecombat\n>p1 switch 3\n>p1 move chillyreception\n>p2 switch 4\n>p1 switch 4\n>p1 move hypervoice\n>p2 switch 2\n>p1 move hypervoice\n>p2 move focusblast\n>p1 switch 4\n>p2 switch 4\n>p1 move scald\n>p2 move uturn\n>p2 switch 2\n>p1 switch 4\n>p2 move voltswitch\n>p2 switch 2\n>p1 switch 5\n>p2 move closecombat\n>p1 move bravebird\n>p2 move closecombat\n>p1 switch 2\n>p1 move wish\n>p2 switch 4\n>p1 switch 5\n>p2 move tachyoncutter\n>p1 switch 4\n>p1 move futuresight\n>p2 switch 2\n>p1 switch 6\n>p2 move thunderbolt\n>p1 move roost\n>p2 move muddywater\n>p1 move heatwave\n>p2 move slackoff\n>p1 switch 5\n>p2 move thunderbolt\n>p1 move wish\n>p2 move voltswitch\n>p2 switch 2\n>p1 move protect\n>p2 move voltswitch\n>p1 move wish\n>p2 move voltswitch\n>p2 switch 2\n>p1 move protect\n>p2 move voltswitch\n>p1 move wish\n>p2 move voltswitch\n>p2 switch 2\n>p1 move protect\n>p2 move tachyoncutter\n>p1 switch 5\n>p2 switch 2\n>p1 switch 5\n>p2 move voltswitch\n>p2 switch 2\n>p1 move protect\n>p2 move tachyoncutter\n>p1 switch 6\n>p2 switch 2\n>p1 move futuresight terastallize\n>p2 move thunderbolt\n>p1 move scald\n>p2 move muddywater\n>p1 move chillyreception\n>p2 move muddywater\n>p1 switch 6\n>p1 switch 6\n>p2 move slackoff\n>p1 move futuresight\n>p2 move voltswitch\n>p2 switch 5\n>p1 switch 6\n>p2 move icebeam\n>p1 move dazzlinggleam\n>p2 switch 2\n>p1 move protect\n>p2 move tachyoncutter\n>p1 switch 5\n>p2 switch 2\n>p1 move discharge\n>p2 move icebeam\n>p1 switch 5\n>p1 move dazzlinggleam\n>p2 switch 5\n>p1 move wish\n>p2 move voltswitch\n>p2 switch 2\n>p1 move protect\n>p2 move voltswitch\n>p1 move wish\n>p2 move voltswitch\n>p2 switch 2\n>p1 move dazzlinggleam\n>p2 move thunderbolt\n>p1 move wish\n>p2 move slackoff\n>p1 move dazzlinggleam\n>p2 move thunderbolt\n>p1 move wish\n>p2 move voltswitch\n>p2 switch 2\n>p1 move protect\n>p2 move tachyoncutter\n>p1 move dazzlinggleam\n>p2 move tachyoncutter\n>p1 switch 6\n>p1 move scald\n>p2 move tachyoncutter\n>p2 switch 4\n>p1 move slackoff\n>p2 move closecombat", "uploadtime": 1781448281, "views": 5, "formatid": "gen9randombattle", "rating": null, "private": 0, "password": null, "player_dets": [{"name": "cansermaro8", "avatar": "266", "rating": 2303, "seed": "sodium,d9927df1482d46657bc9ad8ef03fb0ff"}, {"name": "Ivar57", "avatar": "#omclihearttakers", "rating": 2303, "seed": "sodium,95e86b560a5981746d4e120d3218f74f"}], "teams_full": [{"Arboliva": {"name": "Arboliva", "species": "Arboliva", "speciesId": "arboliva", "gender": "M", "shiny": false, "level": 91, "moves": ["energyball", "earthpower", "strengthsap", "hypervoice"], "ability": "Seed Sower", "evs": {"hp": 85, "atk": 0, "def": 85, "spa": 85, "spd": 85, "spe": 85}, "ivs": {"hp": 31, "atk": 0, "def": 31, "spa": 31, "spd": 31, "spe": 31}, "item": "Leftovers", "teraType": "Grass", "role": "Bulky Attacker", "bvs": {"hp": 78, "atk": 69, "def": 90, "spa": 125, "spd": 109, "spe": 39}, "stats": {"hp": 290, "atk": 130, "def": 216, "spa": 279, "spd": 250, "spe": 123}, "types": ["Grass", "Normal"]}, "Wigglytuff": {"name": "Wigglytuff", "species": "Wigglytuff", "speciesId": "wigglytuff", "gender": "F", "shiny": false, "level": 96, "moves": ["thunderwave", "protect", "wish", "dazzlinggleam"], "ability": "Competitive", "evs": {"hp": 85, "atk": 0, "def": 85, "spa": 85, "spd": 85, "spe": 85}, "ivs": {"hp": 31, "atk": 0, "def": 31, "spa": 31, "spd": 31, "spe": 31}, "item": "Leftovers", "teraType": "Poison", "role": "Bulky Support", "bvs": {"hp": 140, "atk": 70, "def": 45, "spa": 85, "spd": 50, "spe": 45}, "stats": {"hp": 424, "atk": 139, "def": 141, "spa": 218, "spd": 150, "spe": 141}, "types": ["Normal", "Fairy"]}, "Slowking": {"name": "Slowking", "species": "Slowking", "speciesId": "slowking", "gender": "F", "shiny": false, "level": 88, "moves": ["slackoff", "scald", "chillyreception", "futuresight"], "ability": "Regenerator", "evs": {"hp": 85, "atk": 0, "def": 85, "spa": 85, "spd": 85, "spe": 85}, "ivs": {"hp": 31, "atk": 0, "def": 31, "spa": 31, "spd": 31, "spe": 31}, "item": "Heavy-Duty Boots", "teraType": "Dragon", "role": "Fast Support", "bvs": {"hp": 95, "atk": 75, "def": 80, "spa": 100, "spd": 110, "spe": 30}, "stats": {"hp": 310, "atk": 137, "def": 191, "spa": 226, "spd": 244, "spe": 103}, "types": ["Water", "Psychic"]}, "Skarmory": {"name": "Skarmory", "species": "Skarmory", "speciesId": "skarmory", "gender": "F", "shiny": false, "level": 80, "moves": ["roost", "bravebird", "bodypress", "irondefense"], "ability": "Sturdy", "evs": {"hp": 85, "atk": 85, "def": 85, "spa": 85, "spd": 85, "spe": 85}, "ivs": {"hp": 31, "atk": 31, "def": 31, "spa": 31, "spd": 31, "spe": 31}, "item": "Leftovers", "teraType": "Fighting", "role": "Bulky Setup", "bvs": {"hp": 65, "atk": 80, "def": 140, "spa": 40, "spd": 70, "spe": 70}, "stats": {"hp": 235, "atk": 174, "def": 270, "spa": 110, "spd": 158, "spe": 158}, "types": ["Steel", "Flying"]}, "Misdreavus": {"name": "Misdreavus", "species": "Misdreavus", "speciesId": "misdreavus", "gender": "F", "shiny": false, "level": 90, "moves": ["willowisp", "shadowball", "calmmind", "drainingkiss"], "ability": "Levitate", "evs": {"hp": 85, "atk": 0, "def": 85, "spa": 85, "spd": 85, "spe": 85}, "ivs": {"hp": 31, "atk": 0, "def": 31, "spa": 31, "spd": 31, "spe": 31}, "item": "Eviolite", "teraType": "Fairy", "role": "Bulky Setup", "bvs": {"hp": 60, "atk": 60, "def": 60, "spa": 85, "spd": 85, "spe": 85}, "stats": {"hp": 254, "atk": 113, "def": 159, "spa": 204, "spd": 204, "spe": 204}, "types": ["Ghost"]}, "Zapdos": {"name": "Zapdos", "species": "Zapdos", "speciesId": "zapdos", "gender": "N", "shiny": false, "level": 78, "moves": ["discharge", "hurricane", "heatwave", "roost"], "ability": "Static", "evs": {"hp": 85, "atk": 0, "def": 85, "spa": 85, "spd": 85, "spe": 85}, "ivs": {"hp": 31, "atk": 0, "def": 31, "spa": 31, "spd": 31, "spe": 31}, "item": "Heavy-Duty Boots", "teraType": "Steel", "role": "Bulky Attacker", "bvs": {"hp": 90, "atk": 90, "def": 85, "spa": 125, "spd": 90, "spe": 100}, "stats": {"hp": 268, "atk": 145, "def": 178, "spa": 240, "spd": 185, "spe": 201}, "types": ["Electric", "Flying"]}}, {"Bellibolt": {"name": "Bellibolt", "species": "Bellibolt", "speciesId": "bellibolt", "gender": "F", "shiny": false, "level": 84, "moves": ["thunderbolt", "muddywater", "voltswitch", "slackoff"], "ability": "Electromorphosis", "evs": {"hp": 85, "atk": 0, "def": 85, "spa": 85, "spd": 85, "spe": 85}, "ivs": {"hp": 31, "atk": 0, "def": 31, "spa": 31, "spd": 31, "spe": 31}, "item": "Leftovers", "teraType": "Water", "role": "Bulky Attacker", "bvs": {"hp": 109, "atk": 64, "def": 91, "spa": 103, "spd": 83, "spe": 45}, "stats": {"hp": 320, "atk": 112, "def": 201, "spa": 221, "spd": 188, "spe": 124}, "types": ["Electric"]}, "Flamigo": {"name": "Flamigo", "species": "Flamigo", "speciesId": "flamigo", "gender": "F", "shiny": false, "level": 82, "moves": ["closecombat", "bravebird", "throatchop", "uturn"], "ability": "Scrappy", "evs": {"hp": 85, "atk": 85, "def": 85, "spa": 85, "spd": 85, "spe": 85}, "ivs": {"hp": 31, "atk": 31, "def": 31, "spa": 31, "spd": 31, "spe": 31}, "item": "Choice Band", "teraType": "Fighting", "role": "Fast Attacker", "bvs": {"hp": 82, "atk": 115, "def": 74, "spa": 75, "spd": 64, "spe": 90}, "stats": {"hp": 269, "atk": 236, "def": 169, "spa": 170, "spd": 152, "spe": 195}, "types": ["Flying", "Fighting"]}, "Hitmonlee": {"name": "Hitmonlee", "species": "Hitmonlee", "speciesId": "hitmonlee", "gender": "M", "shiny": false, "level": 85, "moves": ["knockoff", "poisonjab", "closecombat", "swordsdance"], "ability": "Unburden", "evs": {"hp": 85, "atk": 85, "def": 85, "spa": 85, "spd": 85, "spe": 85}, "ivs": {"hp": 31, "atk": 31, "def": 31, "spa": 31, "spd": 31, "spe": 31}, "item": "White Herb", "teraType": "Poison", "role": "Setup Sweeper", "bvs": {"hp": 50, "atk": 120, "def": 53, "spa": 35, "spd": 110, "spe": 87}, "stats": {"hp": 224, "atk": 253, "def": 139, "spa": 108, "spd": 236, "spe": 197}, "types": ["Fighting"]}, "Scizor": {"name": "Scizor", "species": "Scizor", "speciesId": "scizor", "gender": "F", "shiny": false, "level": 79, "moves": ["swordsdance", "knockoff", "closecombat", "bulletpunch"], "ability": "Technician", "evs": {"hp": 85, "atk": 85, "def": 85, "spa": 85, "spd": 85, "spe": 85}, "ivs": {"hp": 31, "atk": 31, "def": 31, "spa": 31, "spd": 31, "spe": 31}, "item": "Life Orb", "teraType": "Steel", "role": "Setup Sweeper", "bvs": {"hp": 70, "atk": 130, "def": 100, "spa": 55, "spd": 80, "spe": 65}, "stats": {"hp": 240, "atk": 251, "def": 204, "spa": 132, "spd": 172, "spe": 148}, "types": ["Bug", "Steel"]}, "Iron Crown": {"name": "Iron Crown", "species": "Iron Crown", "speciesId": "ironcrown", "gender": "N", "shiny": false, "level": 78, "moves": ["focusblast", "voltswitch", "psyshock", "tachyoncutter"], "ability": "Quark Drive", "evs": {"hp": 85, "atk": 0, "def": 85, "spa": 85, "spd": 85, "spe": 85}, "ivs": {"hp": 31, "atk": 0, "def": 31, "spa": 31, "spd": 31, "spe": 31}, "item": "Choice Specs", "teraType": "Fighting", "role": "Wallbreaker", "bvs": {"hp": 90, "atk": 72, "def": 100, "spa": 122, "spd": 108, "spe": 98}, "stats": {"hp": 268, "atk": 117, "def": 201, "spa": 235, "spd": 214, "spe": 198}, "types": ["Steel", "Psychic"]}, "Inteleon": {"name": "Inteleon", "species": "Inteleon", "speciesId": "inteleon", "gender": "F", "shiny": false, "level": 81, "moves": ["icebeam", "uturn", "scald", "hydropump"], "ability": "Torrent", "evs": {"hp": 85, "atk": 85, "def": 85, "spa": 85, "spd": 85, "spe": 85}, "ivs": {"hp": 31, "atk": 31, "def": 31, "spa": 31, "spd": 31, "spe": 31}, "item": "Choice Specs", "teraType": "Water", "role": "Wallbreaker", "bvs": {"hp": 70, "atk": 85, "def": 65, "spa": 125, "spd": 65, "spe": 120}, "stats": {"hp": 246, "atk": 184, "def": 152, "spa": 249, "spd": 152, "spe": 241}, "types": ["Water"]}}]}