{"id": "gen9randombattle-2631503167", "format": "[Gen 9] Random Battle", "players": ["jlgr123", "bluesun000"], "log": "|j|\u2606jlgr123\n|j|\u2606bluesun000\n|t:|1781393402\n|gametype|singles\n|player|p1|jlgr123|102|1922\n|player|p2|bluesun000|palmer|1928\n|gen|9\n|tier|[Gen 9] Random Battle\n|rated|\n|rule|Species Clause: Limit one of each Pok\u00e9mon\n|rule|HP Percentage Mod: HP is shown in percentages\n|rule|Sleep Clause Mod: Limit one foe put to sleep\n|rule|Illusion Level Mod: Illusion disguises the Pok\u00e9mon's true level\n|\n|t:|1781393402\n|teamsize|p1|6\n|teamsize|p2|6\n|start\n|switch|p1a: Dudunsparce|Dudunsparce-Three-Segment, L83, F|343/343\n|switch|p2a: Glastrier|Glastrier, L86|311/311\n|turn|1\n|inactive|Battle timer is ON: inactive players will automatically lose when time's up. (requested by jlgr123)\n|inactive|bluesun000 also wants the timer to be on.\n|\n|t:|1781393419\n|switch|p1a: Weezing|Weezing-Galar, L86, M|252/252\n|move|p2a: Glastrier|Close Combat|p1a: Weezing\n|-resisted|p1a: Weezing\n|-damage|p1a: Weezing|217/252\n|-unboost|p2a: Glastrier|def|1\n|-unboost|p2a: Glastrier|spd|1\n|\n|-heal|p1a: Weezing|232/252|[from] item: Leftovers\n|upkeep\n|turn|2\n|\n|t:|1781393431\n|switch|p2a: Coalossal|Coalossal, L89, M|341/341\n|move|p1a: Weezing|Will-O-Wisp|p2a: Coalossal|[miss]\n|-miss|p1a: Weezing|p2a: Coalossal\n|\n|-heal|p1a: Weezing|247/252|[from] item: Leftovers\n|upkeep\n|turn|3\n|\n|t:|1781393446\n|move|p1a: Weezing|Gunk Shot|p2a: Coalossal\n|-resisted|p2a: Coalossal\n|-damage|p2a: Coalossal|299/341\n|move|p2a: Coalossal|Rapid Spin|p1a: Weezing\n|-damage|p1a: Weezing|223/252\n|-boost|p2a: Coalossal|spe|1\n|\n|-heal|p1a: Weezing|238/252|[from] item: Leftovers\n|upkeep\n|turn|4\n|\n|t:|1781393466\n|switch|p1a: Kleavor|Kleavor, L78, F|237/237\n|move|p2a: Coalossal|Will-O-Wisp|p1a: Kleavor|[miss]\n|-miss|p2a: Coalossal|p1a: Kleavor\n|\n|upkeep\n|turn|5\n|\n|t:|1781393484\n|move|p1a: Kleavor|Stone Axe|p2a: Coalossal\n|-supereffective|p2a: Coalossal\n|-damage|p2a: Coalossal|131/341\n|-sidestart|p2: bluesun000|move: Stealth Rock\n|move|p2a: Coalossal|Rapid Spin|p1a: Kleavor\n|-resisted|p1a: Kleavor\n|-damage|p1a: Kleavor|220/237\n|-boost|p2a: Coalossal|spe|1\n|-sideend|p2: bluesun000|Stealth Rock|[from] move: Rapid Spin|[of] p2a: Coalossal\n|\n|upkeep\n|turn|6\n|\n|t:|1781393501\n|move|p1a: Kleavor|Stone Axe|p2a: Coalossal\n|-supereffective|p2a: Coalossal\n|-damage|p2a: Coalossal|0 fnt\n|-sidestart|p2: bluesun000|move: Stealth Rock\n|faint|p2a: Coalossal\n|\n|upkeep\n|\n|t:|1781393511\n|switch|p2a: Wyrdeer|Wyrdeer, L87, F|321/321\n|-damage|p2a: Wyrdeer|281/321|[from] Stealth Rock\n|-ability|p2a: Wyrdeer|Intimidate|boost\n|-unboost|p1a: Kleavor|atk|1\n|turn|7\n|\n|t:|1781393520\n|move|p1a: Kleavor|Stone Axe|p2a: Wyrdeer\n|-damage|p2a: Wyrdeer|187/321\n|move|p2a: Wyrdeer|Thunder Wave|p1a: Kleavor\n|-status|p1a: Kleavor|par\n|\n|-heal|p2a: Wyrdeer|207/321|[from] item: Leftovers\n|upkeep\n|turn|8\n|\n|t:|1781393532\n|move|p2a: Wyrdeer|Psychic Noise|p1a: Kleavor\n|-damage|p1a: Kleavor|105/237 par\n|-start|p1a: Kleavor|move: Heal Block\n|cant|p1a: Kleavor|par\n|\n|-heal|p2a: Wyrdeer|227/321|[from] item: Leftovers\n|upkeep\n|turn|9\n|\n|t:|1781393542\n|move|p2a: Wyrdeer|Psychic Noise|p1a: Kleavor\n|-damage|p1a: Kleavor|0 fnt\n|faint|p1a: Kleavor\n|\n|-heal|p2a: Wyrdeer|247/321|[from] item: Leftovers\n|upkeep\n|\n|t:|1781393550\n|switch|p1a: Cyclizar|Cyclizar, L83, M|252/252\n|turn|10\n|\n|t:|1781393560\n|move|p1a: Cyclizar|Knock Off|p2a: Wyrdeer\n|-supereffective|p2a: Wyrdeer\n|-damage|p2a: Wyrdeer|95/321\n|-enditem|p2a: Wyrdeer|Leftovers|[from] move: Knock Off|[of] p1a: Cyclizar\n|move|p2a: Wyrdeer|Body Slam|p1a: Cyclizar\n|-damage|p1a: Cyclizar|114/252\n|\n|upkeep\n|turn|11\n|\n|t:|1781393576\n|move|p1a: Cyclizar|Draco Meteor|p2a: Wyrdeer\n|-damage|p2a: Wyrdeer|0 fnt\n|-unboost|p1a: Cyclizar|spa|2\n|faint|p2a: Wyrdeer\n|\n|upkeep\n|\n|t:|1781393590\n|switch|p2a: Glastrier|Glastrier, L86|311/311\n|-damage|p2a: Glastrier|234/311|[from] Stealth Rock\n|turn|12\n|\n|t:|1781393601\n|switch|p1a: Weezing|Weezing-Galar, L86, M|238/252\n|move|p2a: Glastrier|Heavy Slam|p1a: Weezing\n|-supereffective|p1a: Weezing\n|-damage|p1a: Weezing|0 fnt\n|faint|p1a: Weezing\n|-ability|p2a: Glastrier|Chilling Neigh|boost\n|-boost|p2a: Glastrier|atk|1\n|\n|upkeep\n|\n|t:|1781393612\n|switch|p1a: Cyclizar|Cyclizar, L83, M|198/252\n|turn|13\n|\n|t:|1781393631\n|move|p1a: Cyclizar|Shed Tail|p1a: Cyclizar\n|-start|p1a: Cyclizar|Substitute|[from] move: Shed Tail\n|-damage|p1a: Cyclizar|72/252\n|\n|t:|1781393635\n|switch|p1a: Seviper|Seviper, L93, F|287/287|[from] Shed Tail\n|move|p2a: Glastrier|Heavy Slam|p1a: Seviper\n|-end|p1a: Seviper|Substitute\n|\n|upkeep\n|turn|14\n|inactive|bluesun000 has 120 seconds left.\n|inactive|bluesun000 has 90 seconds left.\n|\n|t:|1781393708\n|move|p1a: Seviper|Flamethrower|p2a: Glastrier\n|-supereffective|p2a: Glastrier\n|-damage|p2a: Glastrier|49/311\n|-damage|p1a: Seviper|259/287|[from] item: Life Orb\n|move|p2a: Glastrier|Heavy Slam|p1a: Seviper\n|-damage|p1a: Seviper|0 fnt\n|faint|p1a: Seviper\n|-ability|p2a: Glastrier|Chilling Neigh|boost\n|-boost|p2a: Glastrier|atk|1\n|\n|upkeep\n|\n|t:|1781393719\n|switch|p1a: Cyclizar|Cyclizar, L83, M|156/252\n|turn|15\n|inactive|bluesun000 has 90 seconds left.\n|\n|t:|1781393730\n|move|p1a: Cyclizar|Knock Off|p2a: Glastrier\n|-crit|p2a: Glastrier\n|-damage|p2a: Glastrier|0 fnt\n|-enditem|p2a: Glastrier|Choice Band|[from] move: Knock Off|[of] p1a: Cyclizar\n|faint|p2a: Glastrier\n|\n|upkeep\n|inactive|bluesun000 has 90 seconds left.\n|\n|t:|1781393748\n|switch|p2a: Hypno|Hypno, L95, F|315/315\n|-damage|p2a: Hypno|276/315|[from] Stealth Rock\n|turn|16\n|\n|t:|1781393758\n|move|p1a: Cyclizar|Knock Off|p2a: Hypno\n|-supereffective|p2a: Hypno\n|-damage|p2a: Hypno|140/315\n|-enditem|p2a: Hypno|Leftovers|[from] move: Knock Off|[of] p1a: Cyclizar\n|move|p2a: Hypno|Psychic Noise|p1a: Cyclizar\n|-damage|p1a: Cyclizar|54/252\n|-start|p1a: Cyclizar|move: Heal Block\n|\n|upkeep\n|turn|17\n|inactive|bluesun000 has 90 seconds left.\n|inactive|bluesun000 has 60 seconds left.\n|\n|t:|1781393819\n|move|p1a: Cyclizar|Knock Off|p2a: Hypno\n|-supereffective|p2a: Hypno\n|-damage|p2a: Hypno|42/315\n|move|p2a: Hypno|Knock Off|p1a: Cyclizar\n|-damage|p1a: Cyclizar|0 fnt\n|-enditem|p1a: Cyclizar|Heavy-Duty Boots|[from] move: Knock Off|[of] p2a: Hypno\n|faint|p1a: Cyclizar\n|\n|upkeep\n|\n|t:|1781393830\n|switch|p1a: Drednaw|Drednaw, L81, F|278/278\n|turn|18\n|\n|t:|1781393850\n|move|p2a: Hypno|Thunder Wave|p1a: Drednaw\n|-status|p1a: Drednaw|par\n|cant|p1a: Drednaw|par\n|\n|upkeep\n|turn|19\n|\n|t:|1781393861\n|move|p2a: Hypno|Knock Off|p1a: Drednaw\n|-damage|p1a: Drednaw|202/278 par\n|-enditem|p1a: Drednaw|White Herb|[from] move: Knock Off|[of] p2a: Hypno\n|move|p1a: Drednaw|Shell Smash|p1a: Drednaw\n|-unboost|p1a: Drednaw|def|1\n|-unboost|p1a: Drednaw|spd|1\n|-boost|p1a: Drednaw|atk|2\n|-boost|p1a: Drednaw|spa|2\n|-boost|p1a: Drednaw|spe|2\n|\n|upkeep\n|turn|20\n|\n|t:|1781393872\n|-terastallize|p1a: Drednaw|Dark\n|move|p2a: Hypno|Encore|p1a: Drednaw\n|-start|p1a: Drednaw|Encore\n|move|p1a: Drednaw|Shell Smash|p1a: Drednaw\n|-unboost|p1a: Drednaw|def|1\n|-unboost|p1a: Drednaw|spd|1\n|-boost|p1a: Drednaw|atk|2\n|-boost|p1a: Drednaw|spa|2\n|-boost|p1a: Drednaw|spe|2\n|\n|upkeep\n|turn|21\n|inactive|bluesun000 has 60 seconds left.\n|\n|t:|1781393898\n|move|p1a: Drednaw|Shell Smash|p1a: Drednaw\n|-unboost|p1a: Drednaw|def|1\n|-unboost|p1a: Drednaw|spd|1\n|-boost|p1a: Drednaw|atk|2\n|-boost|p1a: Drednaw|spa|2\n|-boost|p1a: Drednaw|spe|2\n|move|p2a: Hypno|Knock Off|p1a: Drednaw\n|-resisted|p1a: Drednaw\n|-damage|p1a: Drednaw|144/278 par\n|\n|upkeep\n|turn|22\n|inactive|bluesun000 has 30 seconds left.\n|\n|t:|1781393919\n|move|p1a: Drednaw|Shell Smash|p1a: Drednaw\n|-unboost|p1a: Drednaw|def|1\n|-unboost|p1a: Drednaw|spd|1\n|-boost|p1a: Drednaw|atk|0\n|-boost|p1a: Drednaw|spa|0\n|-boost|p1a: Drednaw|spe|0\n|move|p2a: Hypno|Knock Off|p1a: Drednaw\n|-resisted|p1a: Drednaw\n|-damage|p1a: Drednaw|68/278 par\n|\n|-end|p1a: Drednaw|Encore\n|upkeep\n|turn|23\n|\n|t:|1781393930\n|move|p1a: Drednaw|Crunch|p2a: Hypno\n|-supereffective|p2a: Hypno\n|-damage|p2a: Hypno|0 fnt\n|faint|p2a: Hypno\n|\n|upkeep\n|\n|t:|1781393936\n|switch|p2a: Spidops|Spidops, L96, M|271/271\n|turn|24\n|\n|t:|1781393944\n|move|p1a: Drednaw|Crunch|p2a: Spidops\n|-damage|p2a: Spidops|0 fnt\n|faint|p2a: Spidops\n|\n|upkeep\n|\n|t:|1781393946\n|switch|p2a: Phione|Phione, L91|293/293\n|-damage|p2a: Phione|257/293|[from] Stealth Rock\n|turn|25\n|\n|t:|1781393952\n|move|p1a: Drednaw|Crunch|p2a: Phione\n|-damage|p2a: Phione|0 fnt\n|faint|p2a: Phione\n|\n|win|jlgr123\n|raw|jlgr123's rating: 1922 &rarr; <strong>1942</strong><br />(+20 for winning)\n|raw|bluesun000's rating: 1928 &rarr; <strong>1908</strong><br />(-20 for losing)\n|l|\u2606bluesun000\n|player|p2|\n", "inputlog": ">version a8376a258c1d4662feba110a92103f3664a72141\n>start {\"formatid\":\"gen9randombattle\",\"seed\":\"sodium,4132ef7002e6cbe5ad892e5edfb9e65f\",\"rated\":\"Rated battle\"}\n>player p1 {\"name\":\"jlgr123\",\"avatar\":\"102\",\"rating\":1922,\"seed\":\"sodium,c687eae43dda3580745ed151c9028d1d\"}\n>player p2 {\"name\":\"bluesun000\",\"avatar\":\"palmer\",\"rating\":1928,\"seed\":\"sodium,b17b8d992aa6fd3b4f50a194177107bd\"}\n>p1 switch 4\n>p2 move closecombat\n>p1 move willowisp\n>p2 switch 6\n>p1 move gunkshot\n>p2 move rapidspin\n>p1 switch 5\n>p2 move willowisp\n>p1 move stoneaxe\n>p2 move rapidspin\n>p1 move stoneaxe\n>p2 move stoneedge\n>p2 switch 5\n>p1 move stoneaxe\n>p2 move thunderwave\n>p1 move stoneaxe\n>p2 move psychicnoise\n>p1 move stoneaxe\n>p2 move psychicnoise\n>p1 switch 6\n>p1 move knockoff\n>p2 move bodyslam\n>p1 move dracometeor\n>p2 move thunderwave\n>p2 switch 6\n>p1 switch 5\n>p2 move heavyslam\n>p1 switch 5\n>p1 move shedtail\n>p2 move heavyslam\n>p1 switch 3\n>p1 move flamethrower\n>p2 move heavyslam\n>p1 switch 3\n>p1 move knockoff\n>p2 move heavyslam\n>p2 switch 2\n>p1 move knockoff\n>p2 move psychicnoise\n>p1 move knockoff\n>p2 move knockoff\n>p1 switch 2\n>p1 move shellsmash\n>p2 move thunderwave\n>p1 move shellsmash\n>p2 move knockoff\n>p1 move shellsmash terastallize\n>p2 move encore\n>p1 move shellsmash\n>p2 move knockoff\n>p1 move shellsmash\n>p2 move knockoff\n>p1 move crunch\n>p2 move encore\n>p2 switch 3\n>p1 move crunch\n>p2 move circlethrow\n>p2 switch 4\n>p1 move crunch\n>p2 move scald", "uploadtime": 1781393405, "views": 7, "formatid": "gen9randombattle", "rating": 1908, "private": 0, "password": null}