{"id": "gen9randombattle-2631947037", "format": "[Gen 9] Random Battle", "players": ["Mr. BrickaBracka", "Ara Ara Armin"], "log": "|j|\u2606Mr. BrickaBracka\n|j|\u2606Ara Ara Armin\n|t:|1781458699\n|gametype|singles\n|player|p1|Mr. BrickaBracka|102|2012\n|player|p2|Ara Ara Armin|102|2045\n|gen|9\n|tier|[Gen 9] Random Battle\n|rated|\n|rule|Species Clause: Limit one of each Pok\u00e9mon\n|rule|HP Percentage Mod: HP is shown in percentages\n|rule|Sleep Clause Mod: Limit one foe put to sleep\n|rule|Illusion Level Mod: Illusion disguises the Pok\u00e9mon's true level\n|\n|t:|1781458699\n|teamsize|p1|6\n|teamsize|p2|6\n|start\n|switch|p1a: Armarouge|Armarouge, L80, M|267/267\n|switch|p2a: Quagsire|Quagsire, L84, F|297/297\n|turn|1\n|inactive|Battle timer is ON: inactive players will automatically lose when time's up. (requested by Ara Ara Armin)\n|\n|t:|1781458717\n|switch|p2a: Noctowl|Noctowl, L95, F|344/344\n|move|p1a: Armarouge|Energy Ball|p2a: Noctowl\n|-resisted|p2a: Noctowl\n|-damage|p2a: Noctowl|316/344\n|\n|upkeep\n|turn|2\n|\n|t:|1781458730\n|move|p2a: Noctowl|Hurricane|p1a: Armarouge|[miss]\n|-miss|p2a: Noctowl|p1a: Armarouge\n|move|p1a: Armarouge|Meteor Beam||[still]\n|-prepare|p1a: Armarouge|Meteor Beam\n|-boost|p1a: Armarouge|spa|1\n|-enditem|p1a: Armarouge|Power Herb\n|-anim|p1a: Armarouge|Meteor Beam|p2a: Noctowl\n|-supereffective|p2a: Noctowl\n|-damage|p2a: Noctowl|88/344\n|\n|upkeep\n|turn|3\n|\n|t:|1781458743\n|move|p2a: Noctowl|Hurricane|p1a: Armarouge\n|-damage|p1a: Armarouge|107/267\n|move|p1a: Armarouge|Psyshock|p2a: Noctowl\n|-damage|p2a: Noctowl|0 fnt\n|faint|p2a: Noctowl\n|\n|upkeep\n|\n|t:|1781458749\n|switch|p2a: Seviper|Seviper, L93, F|287/287\n|turn|4\n|\n|t:|1781458755\n|move|p2a: Seviper|Earthquake|p1a: Armarouge\n|-supereffective|p1a: Armarouge\n|-damage|p1a: Armarouge|0 fnt\n|faint|p1a: Armarouge\n|\n|upkeep\n|\n|t:|1781458762\n|switch|p1a: Hydreigon|Hydreigon, L79, M|275/275\n|turn|5\n|\n|t:|1781458769\n|move|p1a: Hydreigon|Draco Meteor|p2a: Seviper\n|-damage|p2a: Seviper|17/287\n|-unboost|p1a: Hydreigon|spa|2\n|move|p2a: Seviper|Gunk Shot|p1a: Hydreigon\n|-damage|p1a: Hydreigon|110/275\n|\n|-heal|p2a: Seviper|34/287|[from] item: Leftovers\n|upkeep\n|turn|6\n|\n|t:|1781458774\n|move|p1a: Hydreigon|Draco Meteor|p2a: Seviper\n|-damage|p2a: Seviper|0 fnt\n|-unboost|p1a: Hydreigon|spa|2\n|faint|p2a: Seviper\n|\n|upkeep\n|\n|t:|1781458781\n|switch|p2a: Cetitan|Cetitan, L82, F|412/412\n|turn|7\n|\n|t:|1781458785\n|switch|p1a: Alomomola|Alomomola, L87, M|429/429\n|move|p2a: Cetitan|Belly Drum|p2a: Cetitan\n|-damage|p2a: Cetitan|206/412\n|-setboost|p2a: Cetitan|atk|6|[from] move: Belly Drum\n|-enditem|p2a: Cetitan|Sitrus Berry|[eat]\n|-heal|p2a: Cetitan|309/412|[from] item: Sitrus Berry\n|\n|upkeep\n|turn|8\n|\n|t:|1781458792\n|move|p2a: Cetitan|Earthquake|p1a: Alomomola\n|-damage|p1a: Alomomola|138/429\n|move|p1a: Alomomola|Scald|p2a: Cetitan\n|-damage|p2a: Cetitan|231/412\n|\n|upkeep\n|turn|9\n|\n|t:|1781458801\n|switch|p1a: Hydreigon|Hydreigon, L79, M|110/275\n|move|p2a: Cetitan|Earthquake|p1a: Hydreigon\n|-immune|p1a: Hydreigon|[from] ability: Levitate\n|\n|upkeep\n|turn|10\n|\n|t:|1781458811\n|move|p2a: Cetitan|Ice Shard|p1a: Hydreigon\n|-supereffective|p1a: Hydreigon\n|-damage|p1a: Hydreigon|0 fnt\n|faint|p1a: Hydreigon\n|\n|upkeep\n|\n|t:|1781458813\n|switch|p1a: Alomomola|Alomomola, L87, M|281/429\n|turn|11\n|\n|t:|1781458819\n|switch|p1a: Shiftry|Shiftry, L89, F|305/305\n|move|p2a: Cetitan|Earthquake|p1a: Shiftry\n|-resisted|p1a: Shiftry\n|-damage|p1a: Shiftry|107/305\n|\n|upkeep\n|turn|12\n|\n|t:|1781458826\n|move|p1a: Shiftry|Sucker Punch|p2a: Cetitan\n|-damage|p2a: Cetitan|128/412\n|move|p2a: Cetitan|Ice Shard|p1a: Shiftry\n|-supereffective|p1a: Shiftry\n|-crit|p1a: Shiftry\n|-damage|p1a: Shiftry|0 fnt\n|faint|p1a: Shiftry\n|\n|upkeep\n|\n|t:|1781458834\n|switch|p1a: Alomomola|Alomomola, L87, M|424/429\n|turn|13\n|\n|t:|1781458836\n|move|p2a: Cetitan|Earthquake|p1a: Alomomola\n|-damage|p1a: Alomomola|93/429\n|move|p1a: Alomomola|Scald|p2a: Cetitan\n|-damage|p2a: Cetitan|56/412\n|\n|upkeep\n|turn|14\n|-message|Mr. BrickaBracka forfeited.\n|\n|win|Ara Ara Armin\n", "inputlog": ">version a8376a258c1d4662feba110a92103f3664a72141\n>start {\"formatid\":\"gen9randombattle\",\"seed\":\"sodium,05fe0987c7787cd9747316097114bf50\",\"rated\":\"Rated battle\"}\n>player p1 {\"name\":\"Mr. BrickaBracka\",\"avatar\":\"102\",\"rating\":2012,\"seed\":\"sodium,5ec60e8d0f825fc87a0a977e371fd046\"}\n>player p2 {\"name\":\"Ara Ara Armin\",\"avatar\":\"102\",\"rating\":2045,\"seed\":\"sodium,9148fda78ccf91c085fb990427e9baaa\"}\n>p1 move energyball\n>p2 switch 3\n>p1 move meteorbeam\n>p2 move hurricane\n>p1 move psyshock\n>p2 move hurricane\n>p2 switch 6\n>p1 move psyshock\n>p2 move earthquake\n>p1 switch 5\n>p1 move dracometeor\n>p2 move gunkshot\n>p1 move dracometeor\n>p2 move gunkshot\n>p2 switch 4\n>p1 switch 6\n>p2 move bellydrum\n>p1 move scald\n>p2 move earthquake\n>p1 switch 6\n>p2 move earthquake\n>p1 move darkpulse\n>p2 move iceshard\n>p1 switch 6\n>p1 switch 4\n>p2 move earthquake\n>p1 move suckerpunch\n>p2 move iceshard\n>p1 switch 4\n>p1 move scald\n>p2 move earthquake\n>forcelose p1", "uploadtime": 1781458701, "views": 7, "formatid": "gen9randombattle", "rating": null, "private": 0, "password": null}