{"id": "gen9randombattle-2631675940", "format": "[Gen 9] Random Battle", "players": ["TRedden", "comtiemv2"], "log": "|j|\u2606TRedden\n|j|\u2606comtiemv2\n|t:|1781419641\n|gametype|singles\n|player|p1|TRedden|blue|1676\n|player|p2|comtiemv2|169|1729\n|gen|9\n|tier|[Gen 9] Random Battle\n|rated|\n|rule|Species Clause: Limit one of each Pok\u00e9mon\n|rule|HP Percentage Mod: HP is shown in percentages\n|rule|Sleep Clause Mod: Limit one foe put to sleep\n|rule|Illusion Level Mod: Illusion disguises the Pok\u00e9mon's true level\n|\n|t:|1781419641\n|teamsize|p1|6\n|teamsize|p2|6\n|start\n|switch|p1a: Mightyena|Mightyena, L96, F|290/290\n|switch|p2a: Dachsbun|Dachsbun, L92, F|254/254\n|-ability|p1a: Mightyena|Intimidate|boost\n|-unboost|p2a: Dachsbun|atk|1\n|turn|1\n|\n|t:|1781419646\n|move|p2a: Dachsbun|Yawn|p1a: Mightyena\n|-start|p1a: Mightyena|move: Yawn|[of] p2a: Dachsbun\n|move|p1a: Mightyena|Poison Fang|p2a: Dachsbun\n|-supereffective|p2a: Dachsbun\n|-crit|p2a: Dachsbun\n|-damage|p2a: Dachsbun|112/254\n|-status|p2a: Dachsbun|tox\n|\n|-heal|p2a: Dachsbun|127/254 tox|[from] item: Leftovers\n|-damage|p2a: Dachsbun|112/254 tox|[from] psn\n|upkeep\n|turn|2\n|inactive|Battle timer is ON: inactive players will automatically lose when time's up. (requested by comtiemv2)\n|\n|t:|1781419658\n|switch|p2a: Perrserker|Perrserker, L89, M|269/269\n|switch|p1a: Swalot|Swalot, L90, M|326/326\n|\n|upkeep\n|turn|3\n|\n|t:|1781419662\n|move|p1a: Swalot|Earthquake|p2a: Perrserker\n|-supereffective|p2a: Perrserker\n|-damage|p2a: Perrserker|151/269\n|move|p2a: Perrserker|Stealth Rock|p1a: Swalot\n|-sidestart|p1: TRedden|move: Stealth Rock\n|\n|upkeep\n|turn|4\n|\n|t:|1781419671\n|switch|p2a: Amoonguss|Amoonguss, L82, M|321/321\n|move|p1a: Swalot|Earthquake|p2a: Amoonguss\n|-damage|p2a: Amoonguss|244/321\n|\n|upkeep\n|turn|5\n|\n|t:|1781419679\n|move|p1a: Swalot|Sludge Bomb|p2a: Amoonguss\n|-damage|p2a: Amoonguss|139/321\n|move|p2a: Amoonguss|Spore|p1a: Swalot\n|-status|p1a: Swalot|slp|[from] move: Spore\n|\n|upkeep\n|turn|6\n|\n|t:|1781419688\n|switch|p1a: Tentacruel|Tentacruel, L84, M|272/272\n|-damage|p1a: Tentacruel|238/272|[from] Stealth Rock\n|switch|p2a: Maushold|Maushold-Four, L76|238/238\n|\n|-heal|p1a: Tentacruel|255/272|[from] item: Leftovers\n|upkeep\n|turn|7\n|\n|t:|1781419698\n|switch|p2a: Amoonguss|Amoonguss, L82, M|246/321\n|move|p1a: Tentacruel|Toxic|p2a: Amoonguss\n|-immune|p2a: Amoonguss\n|\n|-heal|p1a: Tentacruel|272/272|[from] item: Leftovers\n|upkeep\n|turn|8\n|\n|t:|1781419711\n|switch|p2a: Greedent|Greedent, L86, M, shiny|347/347\n|move|p1a: Tentacruel|Rapid Spin|p2a: Greedent\n|-damage|p2a: Greedent|323/347\n|-boost|p1a: Tentacruel|spe|1\n|-sideend|p1: TRedden|Stealth Rock|[from] move: Rapid Spin|[of] p1a: Tentacruel\n|\n|upkeep\n|turn|9\n|\n|t:|1781419716\n|move|p1a: Tentacruel|Toxic|p2a: Greedent\n|-status|p2a: Greedent|tox\n|move|p2a: Greedent|Earthquake|p1a: Tentacruel\n|-supereffective|p1a: Tentacruel\n|-damage|p1a: Tentacruel|78/272\n|\n|-heal|p1a: Tentacruel|95/272|[from] item: Leftovers\n|-damage|p2a: Greedent|302/347 tox|[from] psn\n|upkeep\n|turn|10\n|\n|t:|1781419721\n|switch|p1a: Mightyena|Mightyena, L96, F|290/290\n|-ability|p1a: Mightyena|Intimidate|boost\n|-unboost|p2a: Greedent|atk|1\n|move|p2a: Greedent|Earthquake|p1a: Mightyena\n|-crit|p1a: Mightyena\n|-damage|p1a: Mightyena|173/290\n|\n|-damage|p2a: Greedent|260/347 tox|[from] psn\n|upkeep\n|turn|11\n|\n|t:|1781419727\n|switch|p2a: Amoonguss|Amoonguss, L82, M|321/321\n|move|p1a: Mightyena|Crunch|p2a: Amoonguss\n|-damage|p2a: Amoonguss|144/321\n|-unboost|p2a: Amoonguss|def|1\n|-damage|p1a: Mightyena|125/290|[from] item: Rocky Helmet|[of] p2a: Amoonguss\n|\n|upkeep\n|turn|12\n|\n|t:|1781419739\n|switch|p2a: Greedent|Greedent, L86, M, shiny|260/347 tox\n|move|p1a: Mightyena|Crunch|p2a: Greedent\n|-damage|p2a: Greedent|122/347 tox\n|-enditem|p2a: Greedent|Sitrus Berry|[eat]\n|-heal|p2a: Greedent|208/347 tox|[from] item: Sitrus Berry\n|-heal|p2a: Greedent|323/347 tox|[from] ability: Cheek Pouch\n|\n|-damage|p2a: Greedent|302/347 tox|[from] psn\n|upkeep\n|turn|13\n|\n|t:|1781419744\n|move|p1a: Mightyena|Crunch|p2a: Greedent\n|-damage|p2a: Greedent|154/347 tox\n|move|p2a: Greedent|Double-Edge|p1a: Mightyena\n|-damage|p1a: Mightyena|0 fnt\n|faint|p1a: Mightyena\n|-damage|p2a: Greedent|113/347 tox|[from] Recoil\n|\n|-damage|p2a: Greedent|71/347 tox|[from] psn\n|upkeep\n|\n|t:|1781419761\n|switch|p1a: Flygon|Flygon, L82, F|265/265\n|turn|14\n|\n|t:|1781419765\n|move|p1a: Flygon|Dragon Dance|p1a: Flygon\n|-boost|p1a: Flygon|atk|1\n|-boost|p1a: Flygon|spe|1\n|move|p2a: Greedent|Double-Edge|p1a: Flygon\n|-damage|p1a: Flygon|115/265\n|-damage|p2a: Greedent|21/347 tox|[from] Recoil\n|\n|-damage|p2a: Greedent|0 fnt|[from] psn\n|faint|p2a: Greedent\n|upkeep\n|\n|t:|1781419778\n|switch|p2a: Galvantula|Galvantula, L82, M|249/249\n|turn|15\n|\n|t:|1781419782\n|move|p1a: Flygon|Stone Edge|p2a: Galvantula\n|-supereffective|p2a: Galvantula\n|-damage|p2a: Galvantula|0 fnt\n|faint|p2a: Galvantula\n|\n|upkeep\n|\n|t:|1781419787\n|switch|p2a: Amoonguss|Amoonguss, L82, M|251/321\n|turn|16\n|\n|t:|1781419794\n|move|p1a: Flygon|Outrage|p2a: Amoonguss\n|-damage|p2a: Amoonguss|35/321\n|-damage|p1a: Flygon|71/265|[from] item: Rocky Helmet|[of] p2a: Amoonguss\n|move|p2a: Amoonguss|Giga Drain|p1a: Flygon\n|-damage|p1a: Flygon|1/265\n|-heal|p2a: Amoonguss|70/321|[from] drain|[of] p1a: Flygon\n|\n|upkeep\n|turn|17\n|\n|t:|1781419802\n|switch|p2a: Dachsbun|Dachsbun, L92, F|112/254 tox\n|move|p1a: Flygon|Outrage|p2a: Dachsbun|[from] lockedmove\n|-immune|p2a: Dachsbun\n|\n|-heal|p2a: Dachsbun|127/254 tox|[from] item: Leftovers\n|-damage|p2a: Dachsbun|112/254 tox|[from] psn\n|upkeep\n|turn|18\n|\n|t:|1781419806\n|move|p1a: Flygon|Earthquake|p2a: Dachsbun\n|-damage|p2a: Dachsbun|6/254 tox\n|move|p2a: Dachsbun|Play Rough|p1a: Flygon\n|-supereffective|p1a: Flygon\n|-damage|p1a: Flygon|0 fnt\n|faint|p1a: Flygon\n|\n|-heal|p2a: Dachsbun|21/254 tox|[from] item: Leftovers\n|-damage|p2a: Dachsbun|0 fnt|[from] psn\n|faint|p2a: Dachsbun\n|upkeep\n|\n|t:|1781419828\n|switch|p2a: Maushold|Maushold-Four, L76|238/238\n|switch|p1a: Rampardos|Rampardos, L90, F|321/321\n|turn|19\n|\n|t:|1781419839\n|switch|p2a: Amoonguss|Amoonguss, L82, M|177/321\n|-terastallize|p1a: Rampardos|Fire\n|move|p1a: Rampardos|Fire Punch|p2a: Amoonguss\n|-supereffective|p2a: Amoonguss\n|-damage|p2a: Amoonguss|0 fnt\n|-damage|p1a: Rampardos|268/321|[from] item: Rocky Helmet|[of] p2a: Amoonguss\n|faint|p2a: Amoonguss\n|\n|upkeep\n|\n|t:|1781419845\n|switch|p2a: Maushold|Maushold-Four, L76|238/238\n|turn|20\n|\n|t:|1781419865\n|move|p2a: Maushold|Tidy Up|p2a: Maushold\n|-boost|p2a: Maushold|atk|1\n|-boost|p2a: Maushold|spe|1\n|move|p1a: Rampardos|Fire Punch|p2a: Maushold\n|-damage|p2a: Maushold|0 fnt\n|faint|p2a: Maushold\n|\n|upkeep\n|-message|comtiemv2 forfeited.\n|\n|win|TRedden\n|raw|TRedden's rating: 1676 &rarr; <strong>1699</strong><br />(+23 for winning)\n|raw|comtiemv2's rating: 1729 &rarr; <strong>1706</strong><br />(-23 for losing)\n|l|\u2606comtiemv2\n|player|p2|\n|l|\u2606TRedden\n|player|p1|\n|j|\u2606TRedden\n|player|p1|TRedden|blue|\n", "inputlog": ">version a8376a258c1d4662feba110a92103f3664a72141\n>start {\"formatid\":\"gen9randombattle\",\"seed\":\"sodium,7834f38586099c4de9f0da1bd0426111\",\"rated\":\"Rated battle\"}\n>player p1 {\"name\":\"TRedden\",\"avatar\":\"blue\",\"rating\":1676,\"seed\":\"sodium,338208824f00ee6a64dfe8d7e9ba3b7a\"}\n>player p2 {\"name\":\"comtiemv2\",\"avatar\":\"169\",\"rating\":1729,\"seed\":\"sodium,be81c5f4a65d84525c691dbfa0401d91\"}\n>p1 move poisonfang\n>p2 move yawn\n>p1 switch 2\n>p2 switch 3\n>p1 move earthquake\n>p2 move stealthrock\n>p1 move earthquake\n>p2 switch 6\n>p1 move sludgebomb\n>p2 move spore\n>p1 switch 4\n>p2 switch 5\n>p1 move toxic\n>p2 switch 5\n>p1 move rapidspin\n>p2 switch 2\n>p1 move toxic\n>p2 move earthquake\n>p1 switch 2\n>p2 move earthquake\n>p1 move crunch\n>p2 switch 2\n>p1 move crunch\n>p2 switch 2\n>p1 move crunch\n>p2 move doubleedge\n>p1 switch 5\n>p1 move dragondance\n>p2 move doubleedge\n>p2 switch 4\n>p1 move stoneedge\n>p2 move bugbuzz\n>p2 switch 2\n>p1 move outrage\n>p2 move gigadrain\n>p1 move outrage\n>p2 switch 3\n>p1 move earthquake\n>p2 move playrough\n>p1 switch 3\n>p2 switch 5\n>p1 move firepunch terastallize\n>p2 switch 3\n>p2 switch 3\n>p1 move firepunch\n>p2 move tidyup\n>forcelose p2", "uploadtime": 1781419873, "views": 8, "formatid": "gen9randombattle", "rating": 1699, "private": 0, "password": null}