{"id": "gen9randombattle-2631393557", "format": "[Gen 9] Random Battle", "players": ["Picchiamper", "the real wombats"], "log": "|j|\u2606Picchiamper\n|j|\u2606the real wombats\n|t:|1781379351\n|gametype|singles\n|player|p1|Picchiamper|silver|1391\n|player|p2|the real wombats|265|1394\n|gen|9\n|tier|[Gen 9] Random Battle\n|rated|\n|rule|Species Clause: Limit one of each Pok\u00e9mon\n|rule|HP Percentage Mod: HP is shown in percentages\n|rule|Sleep Clause Mod: Limit one foe put to sleep\n|rule|Illusion Level Mod: Illusion disguises the Pok\u00e9mon's true level\n|\n|t:|1781379351\n|teamsize|p1|6\n|teamsize|p2|6\n|start\n|switch|p1a: Mabosstiff|Mabosstiff, L86, F|278/278\n|switch|p2a: Solgaleo|Solgaleo, L74|325/325\n|turn|1\n|inactive|Battle timer is ON: inactive players will automatically lose when time's up. (requested by Picchiamper)\n|\n|t:|1781379360\n|switch|p2a: Landorus|Landorus-Therian, L76, M|260/260\n|-ability|p2a: Landorus|Intimidate|boost\n|-unboost|p1a: Mabosstiff|atk|1\n|move|p1a: Mabosstiff|Crunch|p2a: Landorus\n|-crit|p2a: Landorus\n|-damage|p2a: Landorus|0 fnt\n|faint|p2a: Landorus\n|\n|upkeep\n|\n|t:|1781379365\n|switch|p2a: Gallade|Gallade, L80, M|240/240\n|turn|2\n|\n|t:|1781379371\n|switch|p1a: Ninetales|Ninetales-Alola, L78, F|242/242\n|-weather|Snowscape|[from] ability: Snow Warning|[of] p1a: Ninetales\n|move|p2a: Gallade|Sacred Sword|p1a: Ninetales\n|-damage|p1a: Ninetales|61/242\n|-damage|p2a: Gallade|216/240|[from] item: Life Orb\n|\n|-weather|Snowscape|[upkeep]\n|upkeep\n|turn|3\n|\n|t:|1781379378\n|move|p1a: Ninetales|Aurora Veil|p1a: Ninetales\n|-sidestart|p1: Picchiamper|move: Aurora Veil\n|move|p2a: Gallade|Sacred Sword|p1a: Ninetales\n|-damage|p1a: Ninetales|0 fnt\n|faint|p1a: Ninetales\n|-damage|p2a: Gallade|192/240|[from] item: Life Orb\n|\n|-weather|Snowscape|[upkeep]\n|upkeep\n|\n|t:|1781379383\n|switch|p1a: Mabosstiff|Mabosstiff, L86, F|278/278\n|turn|4\n|\n|t:|1781379397\n|move|p1a: Mabosstiff|Crunch|p2a: Gallade\n|-damage|p2a: Gallade|50/240\n|move|p2a: Gallade|Sacred Sword|p1a: Mabosstiff\n|-supereffective|p1a: Mabosstiff\n|-damage|p1a: Mabosstiff|87/278\n|-damage|p2a: Gallade|26/240|[from] item: Life Orb\n|\n|-weather|Snowscape|[upkeep]\n|upkeep\n|turn|5\n|\n|t:|1781379403\n|move|p1a: Mabosstiff|Crunch|p2a: Gallade\n|-damage|p2a: Gallade|0 fnt\n|faint|p2a: Gallade\n|\n|-weather|Snowscape|[upkeep]\n|upkeep\n|\n|t:|1781379412\n|switch|p2a: Orthworm|Orthworm, L88, M|266/266\n|turn|6\n|\n|t:|1781379423\n|move|p1a: Mabosstiff|Crunch|p2a: Orthworm\n|-damage|p2a: Orthworm|193/266\n|-unboost|p2a: Orthworm|def|1\n|move|p2a: Orthworm|Spikes|p1a: Mabosstiff\n|-sidestart|p1: Picchiamper|Spikes\n|\n|-weather|none\n|-heal|p2a: Orthworm|209/266|[from] item: Leftovers\n|upkeep\n|turn|7\n|\n|t:|1781379429\n|move|p1a: Mabosstiff|Crunch|p2a: Orthworm\n|-damage|p2a: Orthworm|113/266\n|move|p2a: Orthworm|Body Press|p1a: Mabosstiff\n|-supereffective|p1a: Mabosstiff\n|-damage|p1a: Mabosstiff|29/278\n|\n|-heal|p2a: Orthworm|129/266|[from] item: Leftovers\n|upkeep\n|turn|8\n|\n|t:|1781379435\n|move|p1a: Mabosstiff|Crunch|p2a: Orthworm\n|-damage|p2a: Orthworm|27/266\n|move|p2a: Orthworm|Body Press|p1a: Mabosstiff\n|-supereffective|p1a: Mabosstiff\n|-damage|p1a: Mabosstiff|0 fnt\n|faint|p1a: Mabosstiff\n|\n|-heal|p2a: Orthworm|43/266|[from] item: Leftovers\n|upkeep\n|\n|t:|1781379443\n|switch|p1a: Wo-Chien|Wo-Chien, L83|277/277\n|-damage|p1a: Wo-Chien|243/277|[from] Spikes\n|-ability|p1a: Wo-Chien|Tablets of Ruin\n|turn|9\n|\n|t:|1781379447\n|move|p2a: Orthworm|Body Press|p1a: Wo-Chien\n|-supereffective|p1a: Wo-Chien\n|-damage|p1a: Wo-Chien|203/277\n|move|p1a: Wo-Chien|Leech Seed|p2a: Orthworm|[miss]\n|-miss|p1a: Wo-Chien|p2a: Orthworm\n|\n|-heal|p2a: Orthworm|59/266|[from] item: Leftovers\n|-heal|p1a: Wo-Chien|220/277|[from] item: Leftovers\n|upkeep\n|turn|10\n|\n|t:|1781379451\n|move|p2a: Orthworm|Spikes|p1a: Wo-Chien\n|-sidestart|p1: Picchiamper|Spikes\n|move|p1a: Wo-Chien|Knock Off|p2a: Orthworm\n|-damage|p2a: Orthworm|0 fnt\n|-enditem|p2a: Orthworm|Leftovers|[from] move: Knock Off|[of] p1a: Wo-Chien\n|faint|p2a: Orthworm\n|\n|-heal|p1a: Wo-Chien|237/277|[from] item: Leftovers\n|-sideend|p1: Picchiamper|move: Aurora Veil\n|upkeep\n|\n|t:|1781379456\n|switch|p2a: Lycanroc|Lycanroc-Midnight, L89, F|296/296\n|turn|11\n|\n|t:|1781379458\n|move|p2a: Lycanroc|Swords Dance|p2a: Lycanroc\n|-boost|p2a: Lycanroc|atk|2\n|move|p1a: Wo-Chien|Leech Seed|p2a: Lycanroc\n|-start|p2a: Lycanroc|move: Leech Seed\n|\n|-heal|p1a: Wo-Chien|254/277|[from] item: Leftovers\n|-damage|p2a: Lycanroc|259/296|[from] Leech Seed|[of] p1a: Wo-Chien\n|-heal|p1a: Wo-Chien|277/277|[silent]\n|upkeep\n|turn|12\n|\n|t:|1781379461\n|move|p1a: Wo-Chien|Protect|p1a: Wo-Chien\n|-singleturn|p1a: Wo-Chien|Protect\n|move|p2a: Lycanroc|Close Combat|p1a: Wo-Chien\n|-activate|p1a: Wo-Chien|move: Protect\n|\n|-damage|p2a: Lycanroc|222/296|[from] Leech Seed|[of] p1a: Wo-Chien\n|upkeep\n|turn|13\n|\n|t:|1781379469\n|-terastallize|p1a: Wo-Chien|Poison\n|move|p2a: Lycanroc|Close Combat|p1a: Wo-Chien\n|-resisted|p1a: Wo-Chien\n|-damage|p1a: Wo-Chien|178/277\n|-unboost|p2a: Lycanroc|def|1\n|-unboost|p2a: Lycanroc|spd|1\n|-damage|p2a: Lycanroc|193/296|[from] item: Life Orb\n|move|p1a: Wo-Chien|Knock Off|p2a: Lycanroc\n|-damage|p2a: Lycanroc|33/296\n|-enditem|p2a: Lycanroc|Life Orb|[from] move: Knock Off|[of] p1a: Wo-Chien\n|\n|-heal|p1a: Wo-Chien|195/277|[from] item: Leftovers\n|-damage|p2a: Lycanroc|0 fnt|[from] Leech Seed|[of] p1a: Wo-Chien\n|-heal|p1a: Wo-Chien|228/277|[silent]\n|faint|p2a: Lycanroc\n|upkeep\n|-message|the real wombats forfeited.\n|\n|win|Picchiamper\n|raw|Picchiamper's rating: 1391 &rarr; <strong>1411</strong><br />(+20 for winning)\n|raw|the real wombats's rating: 1394 &rarr; <strong>1374</strong><br />(-20 for losing)\n|l|\u2606the real wombats\n|player|p2|\n", "inputlog": ">version a8376a258c1d4662feba110a92103f3664a72141\n>start {\"formatid\":\"gen9randombattle\",\"seed\":\"sodium,240cffa029b6506d635ad9d1254928dc\",\"rated\":\"Rated battle\"}\n>player p1 {\"name\":\"Picchiamper\",\"avatar\":\"silver\",\"rating\":1391,\"seed\":\"sodium,027d9ee10011514dbace65126ca93d32\"}\n>player p2 {\"name\":\"the real wombats\",\"avatar\":\"265\",\"rating\":1394,\"seed\":\"sodium,13e8a04c99936e93bf932ab9cb3016b6\"}\n>p1 move crunch\n>p2 switch 6\n>p2 switch 4\n>p1 switch 5\n>p2 move sacredsword\n>p1 move auroraveil\n>p2 move sacredsword\n>p1 switch 5\n>p1 move crunch\n>p2 move sacredsword\n>p1 move crunch\n>p2 move sacredsword\n>p2 switch 2\n>p1 move crunch\n>p2 move spikes\n>p1 move crunch\n>p2 move bodypress\n>p1 move crunch\n>p2 move bodypress\n>p1 switch 2\n>p1 move leechseed\n>p2 move bodypress\n>p1 move knockoff\n>p2 move spikes\n>p2 switch 3\n>p1 move leechseed\n>p2 move swordsdance\n>p1 move protect\n>p2 move closecombat\n>p1 move knockoff terastallize\n>p2 move closecombat\n>forcelose p2", "uploadtime": 1781379482, "views": 6, "formatid": "gen9randombattle", "rating": 1374, "private": 0, "password": null}