{"id": "gen9randombattle-2631496316", "format": "[Gen 9] Random Battle", "players": ["Manwerrrr", "I is Drakon"], "log": "|j|\u2606Manwerrrr\n|j|\u2606I is Drakon\n|t:|1781392427\n|gametype|singles\n|player|p1|Manwerrrr|102|1368\n|player|p2|I is Drakon|lance|1366\n|gen|9\n|tier|[Gen 9] Random Battle\n|rated|\n|rule|Species Clause: Limit one of each Pok\u00e9mon\n|rule|HP Percentage Mod: HP is shown in percentages\n|rule|Sleep Clause Mod: Limit one foe put to sleep\n|rule|Illusion Level Mod: Illusion disguises the Pok\u00e9mon's true level\n|\n|t:|1781392427\n|teamsize|p1|6\n|teamsize|p2|6\n|start\n|switch|p1a: Ribombee|Ribombee, L83, M|235/235\n|switch|p2a: Typhlosion|Typhlosion, L84, M|267/267\n|turn|1\n|\n|t:|1781392445\n|switch|p1a: Kyogre|Kyogre, L71|259/259\n|-weather|RainDance|[from] ability: Drizzle|[of] p1a: Kyogre\n|move|p2a: Typhlosion|Eruption|p1a: Kyogre\n|-resisted|p1a: Kyogre\n|-damage|p1a: Kyogre|221/259\n|\n|-weather|RainDance|[upkeep]\n|upkeep\n|turn|2\n|\n|t:|1781392449\n|switch|p2a: Eelektross|Eelektross, L87, F|290/290\n|move|p1a: Kyogre|Water Spout|p2a: Eelektross\n|-damage|p2a: Eelektross|148/290\n|\n|-weather|RainDance|[upkeep]\n|upkeep\n|turn|3\n|\n|t:|1781392462\n|switch|p1a: Deoxys|Deoxys-Defense, L84|221/221\n|-ability|p1a: Deoxys|Pressure\n|move|p2a: Eelektross|Discharge|p1a: Deoxys\n|-damage|p1a: Deoxys|157/221\n|\n|-weather|RainDance|[upkeep]\n|-heal|p1a: Deoxys|170/221|[from] item: Leftovers\n|upkeep\n|turn|4\n|\n|t:|1781392480\n|move|p1a: Deoxys|Cosmic Power|p1a: Deoxys\n|-boost|p1a: Deoxys|def|1\n|-boost|p1a: Deoxys|spd|1\n|move|p2a: Eelektross|U-turn|p1a: Deoxys\n|-supereffective|p1a: Deoxys\n|-damage|p1a: Deoxys|124/221\n|\n|t:|1781392487\n|switch|p2a: Araquanid|Araquanid, L82, M|246/246|[from] U-turn\n|\n|-weather|RainDance|[upkeep]\n|-heal|p1a: Deoxys|137/221|[from] item: Leftovers\n|upkeep\n|turn|5\n|\n|t:|1781392493\n|move|p1a: Deoxys|Cosmic Power|p1a: Deoxys\n|-boost|p1a: Deoxys|def|1\n|-boost|p1a: Deoxys|spd|1\n|move|p2a: Araquanid|Sticky Web|p1a: Deoxys\n|-sidestart|p1: Manwerrrr|move: Sticky Web\n|\n|-weather|none\n|-heal|p1a: Deoxys|150/221|[from] item: Leftovers\n|upkeep\n|turn|6\n|\n|t:|1781392497\n|move|p1a: Deoxys|Cosmic Power|p1a: Deoxys\n|-boost|p1a: Deoxys|def|1\n|-boost|p1a: Deoxys|spd|1\n|move|p2a: Araquanid|Leech Life|p1a: Deoxys\n|-supereffective|p1a: Deoxys\n|-damage|p1a: Deoxys|118/221\n|\n|-heal|p1a: Deoxys|131/221|[from] item: Leftovers\n|upkeep\n|turn|7\n|inactive|Battle timer is ON: inactive players will automatically lose when time's up. (requested by I is Drakon)\n|\n|t:|1781392505\n|switch|p2a: Eelektross|Eelektross, L87, F|148/290\n|move|p1a: Deoxys|Recover|p1a: Deoxys\n|-heal|p1a: Deoxys|221/221\n|\n|upkeep\n|turn|8\n|\n|t:|1781392508\n|move|p1a: Deoxys|Cosmic Power|p1a: Deoxys\n|-boost|p1a: Deoxys|def|1\n|-boost|p1a: Deoxys|spd|1\n|move|p2a: Eelektross|Dragon Tail|p1a: Deoxys\n|-damage|p1a: Deoxys|210/221\n|drag|p1a: Inteleon|Inteleon, L81, M|246/246\n|-activate|p1a: Inteleon|move: Sticky Web\n|-unboost|p1a: Inteleon|spe|1\n|\n|upkeep\n|turn|9\n|\n|t:|1781392515\n|move|p1a: Inteleon|Hydro Pump|p2a: Eelektross|[miss]\n|-miss|p1a: Inteleon|p2a: Eelektross\n|move|p2a: Eelektross|Discharge|p1a: Inteleon\n|-supereffective|p1a: Inteleon\n|-damage|p1a: Inteleon|0 fnt\n|faint|p1a: Inteleon\n|\n|upkeep\n|\n|t:|1781392523\n|switch|p1a: Ribombee|Ribombee, L83, M|235/235\n|-activate|p1a: Ribombee|move: Sticky Web\n|-unboost|p1a: Ribombee|spe|1\n|turn|10\n|\n|t:|1781392542\n|move|p1a: Ribombee|Sticky Web|p2a: Eelektross\n|-sidestart|p2: I is Drakon|move: Sticky Web\n|move|p2a: Eelektross|Flamethrower|p1a: Ribombee\n|-supereffective|p1a: Ribombee\n|-damage|p1a: Ribombee|69/235\n|\n|upkeep\n|turn|11\n|\n|t:|1781392565\n|move|p1a: Ribombee|Moonblast|p2a: Eelektross\n|-damage|p2a: Eelektross|82/290\n|-unboost|p2a: Eelektross|spa|1\n|move|p2a: Eelektross|Flamethrower|p1a: Ribombee\n|-supereffective|p1a: Ribombee\n|-damage|p1a: Ribombee|0 fnt\n|faint|p1a: Ribombee\n|\n|upkeep\n|\n|t:|1781392574\n|switch|p1a: Deoxys|Deoxys-Defense, L84|210/221\n|-activate|p1a: Deoxys|move: Sticky Web\n|-unboost|p1a: Deoxys|spe|1\n|-ability|p1a: Deoxys|Pressure\n|turn|12\n|\n|t:|1781392586\n|move|p1a: Deoxys|Night Shade|p2a: Eelektross\n|-damage|p2a: Eelektross|0 fnt\n|faint|p2a: Eelektross\n|\n|-heal|p1a: Deoxys|221/221|[from] item: Leftovers\n|upkeep\n|\n|t:|1781392601\n|switch|p2a: Blaziken|Blaziken, L76, F|247/247\n|-activate|p2a: Blaziken|move: Sticky Web\n|-unboost|p2a: Blaziken|spe|1\n|turn|13\n|\n|t:|1781392613\n|move|p1a: Deoxys|Cosmic Power|p1a: Deoxys\n|-boost|p1a: Deoxys|def|1\n|-boost|p1a: Deoxys|spd|1\n|move|p2a: Blaziken|Knock Off|p1a: Deoxys\n|-supereffective|p1a: Deoxys\n|-damage|p1a: Deoxys|140/221\n|-enditem|p1a: Deoxys|Leftovers|[from] move: Knock Off|[of] p2a: Blaziken\n|-damage|p2a: Blaziken|223/247|[from] item: Life Orb\n|\n|-ability|p2a: Blaziken|Speed Boost|boost\n|-boost|p2a: Blaziken|spe|1\n|upkeep\n|turn|14\n|inactive|I is Drakon has 120 seconds left.\n|l|\u2606I is Drakon\n|inactive|I is Drakon disconnected and has a minute to reconnect!\n|player|p2|\n|inactive|I is Drakon has 30 seconds to reconnect!\n|j|\u2606I is Drakon\n|inactive|I is Drakon reconnected and has 65 seconds left.\n|player|p2|I is Drakon|lance|\n|inactive|I is Drakon has 60 seconds left.\n|\n|t:|1781392719\n|-terastallize|p2a: Blaziken|Dark\n|move|p2a: Blaziken|Swords Dance|p2a: Blaziken\n|-boost|p2a: Blaziken|atk|2\n|move|p1a: Deoxys|Cosmic Power|p1a: Deoxys\n|-boost|p1a: Deoxys|def|1\n|-boost|p1a: Deoxys|spd|1\n|\n|-ability|p2a: Blaziken|Speed Boost|boost\n|-boost|p2a: Blaziken|spe|1\n|upkeep\n|turn|15\n|inactive|Manwerrrr has 120 seconds left.\n|\n|t:|1781392749\n|move|p2a: Blaziken|Knock Off|p1a: Deoxys\n|-supereffective|p1a: Deoxys\n|-damage|p1a: Deoxys|23/221\n|-damage|p2a: Blaziken|199/247|[from] item: Life Orb\n|move|p1a: Deoxys|Cosmic Power|p1a: Deoxys\n|-boost|p1a: Deoxys|def|1\n|-boost|p1a: Deoxys|spd|1\n|\n|-ability|p2a: Blaziken|Speed Boost|boost\n|-boost|p2a: Blaziken|spe|1\n|upkeep\n|turn|16\n|inactive|I is Drakon has 60 seconds left.\n|\n|t:|1781392754\n|move|p2a: Blaziken|Knock Off|p1a: Deoxys\n|-supereffective|p1a: Deoxys\n|-damage|p1a: Deoxys|0 fnt\n|faint|p1a: Deoxys\n|-damage|p2a: Blaziken|175/247|[from] item: Life Orb\n|\n|-ability|p2a: Blaziken|Speed Boost|boost\n|-boost|p2a: Blaziken|spe|1\n|upkeep\n|\n|t:|1781392767\n|switch|p1a: Kyogre|Kyogre, L71|221/259\n|-activate|p1a: Kyogre|move: Sticky Web\n|-unboost|p1a: Kyogre|spe|1\n|-weather|RainDance|[from] ability: Drizzle|[of] p1a: Kyogre\n|turn|17\n|\n|t:|1781392772\n|move|p2a: Blaziken|Knock Off|p1a: Kyogre\n|-damage|p1a: Kyogre|0 fnt\n|-enditem|p1a: Kyogre|Choice Scarf|[from] move: Knock Off|[of] p2a: Blaziken\n|faint|p1a: Kyogre\n|-damage|p2a: Blaziken|151/247|[from] item: Life Orb\n|\n|-weather|RainDance|[upkeep]\n|-ability|p2a: Blaziken|Speed Boost|boost\n|-boost|p2a: Blaziken|spe|1\n|upkeep\n|\n|t:|1781392776\n|switch|p1a: Magnezone|Magnezone, L85|258/258\n|-activate|p1a: Magnezone|move: Sticky Web\n|-unboost|p1a: Magnezone|spe|1\n|turn|18\n|\n|t:|1781392781\n|move|p2a: Blaziken|Close Combat|p1a: Magnezone\n|-supereffective|p1a: Magnezone\n|-damage|p1a: Magnezone|0 fnt\n|-unboost|p2a: Blaziken|def|1\n|-unboost|p2a: Blaziken|spd|1\n|faint|p1a: Magnezone\n|-damage|p2a: Blaziken|127/247|[from] item: Life Orb\n|\n|-weather|RainDance|[upkeep]\n|-ability|p2a: Blaziken|Speed Boost|boost\n|-boost|p2a: Blaziken|spe|1\n|upkeep\n|\n|t:|1781392784\n|switch|p1a: Shaymin|Shaymin, L82|298/298\n|-activate|p1a: Shaymin|move: Sticky Web\n|-unboost|p1a: Shaymin|spe|1\n|turn|19\n|\n|t:|1781392789\n|move|p2a: Blaziken|Flare Blitz|p1a: Shaymin\n|-supereffective|p1a: Shaymin\n|-damage|p1a: Shaymin|0 fnt\n|faint|p1a: Shaymin\n|-damage|p2a: Blaziken|29/247|[from] Recoil\n|-damage|p2a: Blaziken|5/247|[from] item: Life Orb\n|\n|win|I is Drakon\n|raw|Manwerrrr's rating: 1368 &rarr; <strong>1348</strong><br />(-20 for losing)\n|raw|I is Drakon's rating: 1366 &rarr; <strong>1386</strong><br />(+20 for winning)\n", "inputlog": ">version a8376a258c1d4662feba110a92103f3664a72141\n>start {\"formatid\":\"gen9randombattle\",\"seed\":\"sodium,03525e0e1d6207bc845bf9f6fa3d0f03\",\"rated\":\"Rated battle\"}\n>player p1 {\"name\":\"Manwerrrr\",\"avatar\":\"102\",\"rating\":1368,\"seed\":\"sodium,86e898de65d03c3f766d9d8c373b0622\"}\n>player p2 {\"name\":\"I is Drakon\",\"avatar\":\"lance\",\"rating\":1366,\"seed\":\"sodium,63566bdef2115faedee60f427fec6343\"}\n>p1 switch 5\n>p2 move eruption\n>p1 move waterspout\n>p2 switch 2\n>p1 switch 6\n>p2 move discharge\n>p1 move cosmicpower\n>p2 move uturn\n>p2 switch 3\n>p1 move cosmicpower\n>p2 move stickyweb\n>p1 move cosmicpower\n>p2 move leechlife\n>p1 move recover\n>p2 switch 3\n>p1 move cosmicpower\n>p2 move dragontail\n>p1 move hydropump\n>p2 move discharge\n>p1 switch 5\n>p1 move stickyweb\n>p2 move flamethrower\n>p1 move moonblast\n>p2 move flamethrower\n>p1 switch 2\n>p1 move nightshade\n>p2 move dragontail\n>p2 switch 5\n>p1 move cosmicpower\n>p2 move knockoff\n>p1 move cosmicpower\n>p2 move swordsdance terastallize\n>p1 move cosmicpower\n>p2 move knockoff\n>p1 move recover\n>p2 move knockoff\n>p1 switch 6\n>p1 move originpulse\n>p2 move knockoff\n>p1 switch 3\n>p1 move thunderbolt\n>p2 move closecombat\n>p1 switch 4\n>p1 move seedflare\n>p2 move flareblitz", "uploadtime": 1781392791, "views": 5, "formatid": "gen9randombattle", "rating": 1348, "private": 0, "password": null}