{"id": "gen9randombattle-2631894998", "format": "[Gen 9] Random Battle", "players": ["symitry", "Rheny"], "log": "|j|\u2606symitry\n|j|\u2606Rheny\n|t:|1781453014\n|gametype|singles\n|player|p1|symitry|102|1926\n|player|p2|Rheny|miku-ghost|1969\n|gen|9\n|tier|[Gen 9] Random Battle\n|rated|\n|rule|Species Clause: Limit one of each Pok\u00e9mon\n|rule|HP Percentage Mod: HP is shown in percentages\n|rule|Sleep Clause Mod: Limit one foe put to sleep\n|rule|Illusion Level Mod: Illusion disguises the Pok\u00e9mon's true level\n|\n|t:|1781453014\n|teamsize|p1|6\n|teamsize|p2|6\n|start\n|switch|p1a: Krookodile|Krookodile, L79, F|280/280\n|switch|p2a: Bisharp|Bisharp, L79, F|232/232\n|-ability|p1a: Krookodile|Intimidate|boost\n|-unboost|p2a: Bisharp|atk|1\n|-ability|p2a: Bisharp|Defiant|boost\n|-boost|p2a: Bisharp|atk|2\n|turn|1\n|inactive|Battle timer is ON: inactive players will automatically lose when time's up. (requested by symitry)\n|\n|t:|1781453031\n|switch|p2a: Mandibuzz|Mandibuzz, L85, F|326/326\n|move|p1a: Krookodile|Bulk Up|p1a: Krookodile\n|-boost|p1a: Krookodile|atk|1\n|-boost|p1a: Krookodile|def|1\n|\n|upkeep\n|turn|2\n|\n|t:|1781453039\n|-terastallize|p1a: Krookodile|Poison\n|move|p1a: Krookodile|Bulk Up|p1a: Krookodile\n|-boost|p1a: Krookodile|atk|1\n|-boost|p1a: Krookodile|def|1\n|move|p2a: Mandibuzz|Toxic|p1a: Krookodile\n|-immune|p1a: Krookodile\n|\n|upkeep\n|turn|3\n|\n|t:|1781453048\n|switch|p2a: Uxie|Uxie, L83|260/260\n|move|p1a: Krookodile|Bulk Up|p1a: Krookodile\n|-boost|p1a: Krookodile|atk|1\n|-boost|p1a: Krookodile|def|1\n|\n|upkeep\n|turn|4\n|\n|t:|1781453050\n|move|p2a: Uxie|Encore|p1a: Krookodile\n|-start|p1a: Krookodile|Encore\n|move|p1a: Krookodile|Bulk Up|p1a: Krookodile\n|-boost|p1a: Krookodile|atk|1\n|-boost|p1a: Krookodile|def|1\n|\n|upkeep\n|turn|5\n|\n|t:|1781453054\n|switch|p1a: Klefki|Klefki, L84, M|233/233\n|move|p2a: Uxie|Thunder Wave|p1a: Klefki\n|-status|p1a: Klefki|par\n|\n|upkeep\n|turn|6\n|\n|t:|1781453059\n|switch|p2a: Mandibuzz|Mandibuzz, L85, F|326/326\n|move|p1a: Klefki|Spikes|p2a: Mandibuzz\n|-sidestart|p2: Rheny|Spikes\n|\n|upkeep\n|turn|7\n|\n|t:|1781453070\n|switch|p2a: Drednaw|Drednaw, L81, M|278/278\n|-damage|p2a: Drednaw|244/278|[from] Spikes\n|move|p1a: Klefki|Dazzling Gleam|p2a: Drednaw\n|-damage|p2a: Drednaw|151/278\n|\n|upkeep\n|turn|8\n|\n|t:|1781453076\n|-terastallize|p2a: Drednaw|Ground\n|move|p1a: Klefki|Thunder Wave|p2a: Drednaw\n|-immune|p2a: Drednaw\n|move|p2a: Drednaw|Shell Smash|p2a: Drednaw\n|-unboost|p2a: Drednaw|def|1\n|-unboost|p2a: Drednaw|spd|1\n|-boost|p2a: Drednaw|atk|2\n|-boost|p2a: Drednaw|spa|2\n|-boost|p2a: Drednaw|spe|2\n|-enditem|p2a: Drednaw|White Herb\n|-clearnegativeboost|p2a: Drednaw|[silent]\n|\n|upkeep\n|turn|9\n|\n|t:|1781453081\n|switch|p1a: Krookodile|Krookodile, L79, F, tera:Poison|280/280\n|-ability|p1a: Krookodile|Intimidate|boost\n|-unboost|p2a: Drednaw|atk|1\n|move|p2a: Drednaw|Earthquake|p1a: Krookodile\n|-supereffective|p1a: Krookodile\n|-crit|p1a: Krookodile\n|-damage|p1a: Krookodile|0 fnt\n|faint|p1a: Krookodile\n|\n|upkeep\n|\n|t:|1781453085\n|switch|p1a: Toucannon|Toucannon, L88, F|284/284\n|turn|10\n|\n|t:|1781453091\n|-singleturn|p1a: Toucannon|move: Beak Blast\n|move|p2a: Drednaw|Stone Edge|p1a: Toucannon|[miss]\n|-miss|p2a: Drednaw|p1a: Toucannon\n|move|p1a: Toucannon|Beak Blast|p2a: Drednaw\n|-damage|p2a: Drednaw|6/278\n|\n|upkeep\n|turn|11\n|\n|t:|1781453098\n|move|p2a: Drednaw|Stone Edge|p1a: Toucannon|[miss]\n|-miss|p2a: Drednaw|p1a: Toucannon\n|move|p1a: Toucannon|Boomburst|p2a: Drednaw\n|-damage|p2a: Drednaw|0 fnt\n|faint|p2a: Drednaw\n|\n|upkeep\n|c|\u2606Rheny|LOL\n|\n|t:|1781453113\n|switch|p2a: Bisharp|Bisharp, L79, F|232/232\n|-damage|p2a: Bisharp|203/232|[from] Spikes\n|turn|12\n|\n|t:|1781453124\n|move|p2a: Bisharp|Stealth Rock|p1a: Toucannon\n|-sidestart|p1: symitry|move: Stealth Rock\n|move|p1a: Toucannon|Knock Off|p2a: Bisharp\n|-resisted|p2a: Bisharp\n|-damage|p2a: Bisharp|175/232\n|-enditem|p2a: Bisharp|Eviolite|[from] move: Knock Off|[of] p1a: Toucannon\n|\n|upkeep\n|turn|13\n|\n|t:|1781453132\n|-singleturn|p1a: Toucannon|move: Beak Blast\n|move|p2a: Bisharp|Iron Head|p1a: Toucannon\n|-damage|p1a: Toucannon|193/284\n|-status|p2a: Bisharp|brn\n|move|p1a: Toucannon|Beak Blast|p2a: Bisharp\n|-resisted|p2a: Bisharp\n|-damage|p2a: Bisharp|113/232 brn\n|\n|-damage|p2a: Bisharp|99/232 brn|[from] brn\n|upkeep\n|turn|14\n|\n|t:|1781453148\n|switch|p1a: Rabsca|Rabsca, L91, M|284/284\n|switch|p2a: Mandibuzz|Mandibuzz, L85, F|326/326\n|\n|upkeep\n|turn|15\n|\n|t:|1781453156\n|move|p2a: Mandibuzz|Brave Bird|p1a: Rabsca\n|-supereffective|p1a: Rabsca\n|-damage|p1a: Rabsca|90/284\n|-damage|p2a: Mandibuzz|262/326|[from] Recoil\n|move|p1a: Rabsca|Revival Blessing|p1a: Rabsca\n|\n|t:|1781453160\n|-heal|p1: Krookodile|140/280|[from] move: Revival Blessing\n|\n|upkeep\n|turn|16\n|\n|t:|1781453166\n|move|p2a: Mandibuzz|Foul Play|p1a: Rabsca\n|-supereffective|p1a: Rabsca\n|-damage|p1a: Rabsca|4/284\n|move|p1a: Rabsca|Recover|p1a: Rabsca\n|-heal|p1a: Rabsca|146/284\n|\n|upkeep\n|turn|17\n|\n|t:|1781453173\n|switch|p1a: Klefki|Klefki, L84, M|233/233 par\n|-damage|p1a: Klefki|219/233 par|[from] Stealth Rock\n|move|p2a: Mandibuzz|Brave Bird|p1a: Klefki\n|-resisted|p1a: Klefki\n|-damage|p1a: Klefki|172/233 par\n|-damage|p2a: Mandibuzz|246/326|[from] Recoil\n|\n|-heal|p1a: Klefki|186/233 par|[from] item: Leftovers\n|upkeep\n|turn|18\n|\n|t:|1781453179\n|move|p2a: Mandibuzz|Brave Bird|p1a: Klefki\n|-resisted|p1a: Klefki\n|-crit|p1a: Klefki\n|-damage|p1a: Klefki|113/233 par\n|-damage|p2a: Mandibuzz|222/326|[from] Recoil\n|move|p1a: Klefki|Dazzling Gleam|p2a: Mandibuzz\n|-supereffective|p2a: Mandibuzz\n|-damage|p2a: Mandibuzz|78/326\n|\n|-heal|p1a: Klefki|127/233 par|[from] item: Leftovers\n|upkeep\n|turn|19\n|\n|t:|1781453183\n|move|p1a: Klefki|Spikes|p2a: Mandibuzz\n|-sidestart|p2: Rheny|Spikes\n|move|p2a: Mandibuzz|Roost|p2a: Mandibuzz\n|-heal|p2a: Mandibuzz|241/326\n|-singleturn|p2a: Mandibuzz|move: Roost\n|\n|-heal|p1a: Klefki|141/233 par|[from] item: Leftovers\n|upkeep\n|turn|20\n|\n|t:|1781453187\n|move|p1a: Klefki|Spikes|p2a: Mandibuzz\n|-sidestart|p2: Rheny|Spikes\n|move|p2a: Mandibuzz|Brave Bird|p1a: Klefki\n|-resisted|p1a: Klefki\n|-damage|p1a: Klefki|96/233 par\n|-damage|p2a: Mandibuzz|226/326|[from] Recoil\n|\n|-heal|p1a: Klefki|110/233 par|[from] item: Leftovers\n|upkeep\n|turn|21\n|\n|t:|1781453192\n|move|p2a: Mandibuzz|Brave Bird|p1a: Klefki\n|-resisted|p1a: Klefki\n|-damage|p1a: Klefki|62/233 par\n|-damage|p2a: Mandibuzz|210/326|[from] Recoil\n|move|p1a: Klefki|Dazzling Gleam|p2a: Mandibuzz\n|-supereffective|p2a: Mandibuzz\n|-damage|p2a: Mandibuzz|76/326\n|\n|-heal|p1a: Klefki|76/233 par|[from] item: Leftovers\n|upkeep\n|turn|22\n|\n|t:|1781453195\n|move|p2a: Mandibuzz|Roost|p2a: Mandibuzz\n|-heal|p2a: Mandibuzz|239/326\n|-singleturn|p2a: Mandibuzz|move: Roost\n|move|p1a: Klefki|Dazzling Gleam|p2a: Mandibuzz\n|-supereffective|p2a: Mandibuzz\n|-damage|p2a: Mandibuzz|111/326\n|\n|-heal|p1a: Klefki|90/233 par|[from] item: Leftovers\n|upkeep\n|turn|23\n|\n|t:|1781453216\n|move|p2a: Mandibuzz|Roost|p2a: Mandibuzz\n|-heal|p2a: Mandibuzz|274/326\n|-singleturn|p2a: Mandibuzz|move: Roost\n|cant|p1a: Klefki|par\n|\n|-heal|p1a: Klefki|104/233 par|[from] item: Leftovers\n|upkeep\n|turn|24\n|\n|t:|1781453221\n|move|p2a: Mandibuzz|Brave Bird|p1a: Klefki\n|-resisted|p1a: Klefki\n|-damage|p1a: Klefki|57/233 par\n|-damage|p2a: Mandibuzz|258/326|[from] Recoil\n|cant|p1a: Klefki|par\n|\n|-heal|p1a: Klefki|71/233 par|[from] item: Leftovers\n|upkeep\n|turn|25\n|\n|t:|1781453235\n|move|p2a: Mandibuzz|Brave Bird|p1a: Klefki\n|-resisted|p1a: Klefki\n|-damage|p1a: Klefki|23/233 par\n|-damage|p2a: Mandibuzz|242/326|[from] Recoil\n|move|p1a: Klefki|Dazzling Gleam|p2a: Mandibuzz\n|-supereffective|p2a: Mandibuzz\n|-damage|p2a: Mandibuzz|102/326\n|\n|-heal|p1a: Klefki|37/233 par|[from] item: Leftovers\n|upkeep\n|turn|26\n|\n|t:|1781453237\n|move|p2a: Mandibuzz|Roost|p2a: Mandibuzz\n|-heal|p2a: Mandibuzz|265/326\n|-singleturn|p2a: Mandibuzz|move: Roost\n|move|p1a: Klefki|Dazzling Gleam|p2a: Mandibuzz\n|-supereffective|p2a: Mandibuzz\n|-damage|p2a: Mandibuzz|125/326\n|\n|-heal|p1a: Klefki|51/233 par|[from] item: Leftovers\n|upkeep\n|turn|27\n|\n|t:|1781453242\n|move|p2a: Mandibuzz|Roost|p2a: Mandibuzz\n|-heal|p2a: Mandibuzz|288/326\n|-singleturn|p2a: Mandibuzz|move: Roost\n|move|p1a: Klefki|Dazzling Gleam|p2a: Mandibuzz\n|-supereffective|p2a: Mandibuzz\n|-damage|p2a: Mandibuzz|154/326\n|\n|-heal|p1a: Klefki|65/233 par|[from] item: Leftovers\n|upkeep\n|turn|28\n|\n|t:|1781453249\n|move|p2a: Mandibuzz|Roost|p2a: Mandibuzz\n|-heal|p2a: Mandibuzz|317/326\n|-singleturn|p2a: Mandibuzz|move: Roost\n|cant|p1a: Klefki|par\n|\n|-heal|p1a: Klefki|79/233 par|[from] item: Leftovers\n|upkeep\n|turn|29\n|\n|t:|1781453252\n|move|p2a: Mandibuzz|Brave Bird|p1a: Klefki\n|-resisted|p1a: Klefki\n|-damage|p1a: Klefki|32/233 par\n|-damage|p2a: Mandibuzz|301/326|[from] Recoil\n|cant|p1a: Klefki|par\n|\n|-heal|p1a: Klefki|46/233 par|[from] item: Leftovers\n|upkeep\n|turn|30\n|\n|t:|1781453254\n|move|p2a: Mandibuzz|Brave Bird|p1a: Klefki\n|-resisted|p1a: Klefki\n|-crit|p1a: Klefki\n|-damage|p1a: Klefki|0 fnt\n|faint|p1a: Klefki\n|-damage|p2a: Mandibuzz|286/326|[from] Recoil\n|\n|upkeep\n|inactive|symitry has 120 seconds left.\n|\n|t:|1781453290\n|switch|p1a: Krookodile|Krookodile, L79, F|140/280\n|-damage|p1a: Krookodile|123/280|[from] Stealth Rock\n|-ability|p1a: Krookodile|Intimidate|boost\n|-unboost|p2a: Mandibuzz|atk|1\n|turn|31\n|\n|t:|1781453298\n|move|p1a: Krookodile|Knock Off|p2a: Mandibuzz\n|-resisted|p2a: Mandibuzz\n|-damage|p2a: Mandibuzz|241/326\n|-enditem|p2a: Mandibuzz|Heavy-Duty Boots|[from] move: Knock Off|[of] p1a: Krookodile\n|move|p2a: Mandibuzz|Toxic|p1a: Krookodile\n|-status|p1a: Krookodile|tox\n|\n|-heal|p1a: Krookodile|140/280 tox|[from] item: Leftovers\n|-damage|p1a: Krookodile|123/280 tox|[from] psn\n|upkeep\n|turn|32\n|\n|t:|1781453311\n|switch|p1a: Rabsca|Rabsca, L91, M|146/284\n|move|p2a: Mandibuzz|Foul Play|p1a: Rabsca\n|-supereffective|p1a: Rabsca\n|-damage|p1a: Rabsca|54/284\n|\n|upkeep\n|turn|33\n|\n|t:|1781453314\n|move|p2a: Mandibuzz|Foul Play|p1a: Rabsca\n|-supereffective|p1a: Rabsca\n|-damage|p1a: Rabsca|0 fnt\n|faint|p1a: Rabsca\n|\n|upkeep\n|\n|t:|1781453316\n|switch|p1a: Kyurem|Kyurem-Black, L71|295/295\n|-damage|p1a: Kyurem|222/295|[from] Stealth Rock\n|-ability|p1a: Kyurem|Teravolt\n|turn|34\n|\n|t:|1781453333\n|move|p2a: Mandibuzz|Foul Play|p1a: Kyurem\n|-damage|p1a: Kyurem|80/295\n|move|p1a: Kyurem|Dragon Dance|p1a: Kyurem\n|-boost|p1a: Kyurem|atk|1\n|-boost|p1a: Kyurem|spe|1\n|\n|upkeep\n|turn|35\n|\n|t:|1781453348\n|switch|p2a: Uxie|Uxie, L83|260/260\n|move|p1a: Kyurem|Icicle Spear|p2a: Uxie\n|-damage|p2a: Uxie|223/260\n|-damage|p2a: Uxie|187/260\n|-damage|p2a: Uxie|151/260\n|-crit|p2a: Uxie\n|-damage|p2a: Uxie|94/260\n|-damage|p2a: Uxie|60/260\n|-hitcount|p2a: Uxie|5\n|\n|-heal|p2a: Uxie|76/260|[from] item: Leftovers\n|upkeep\n|turn|36\n|\n|t:|1781453365\n|move|p1a: Kyurem|Icicle Spear|p2a: Uxie\n|-damage|p2a: Uxie|42/260\n|-damage|p2a: Uxie|9/260\n|-damage|p2a: Uxie|0 fnt\n|faint|p2a: Uxie\n|-hitcount|p2: Uxie|3\n|\n|upkeep\n|\n|t:|1781453368\n|switch|p2a: Bisharp|Bisharp, L79, F|99/232 brn\n|-damage|p2a: Bisharp|41/232 brn|[from] Spikes\n|turn|37\n|\n|t:|1781453376\n|move|p1a: Kyurem|Dragon Dance|p1a: Kyurem\n|-boost|p1a: Kyurem|atk|1\n|-boost|p1a: Kyurem|spe|1\n|move|p2a: Bisharp|Iron Head|p1a: Kyurem\n|-supereffective|p1a: Kyurem\n|-damage|p1a: Kyurem|0 fnt\n|faint|p1a: Kyurem\n|\n|-damage|p2a: Bisharp|27/232 brn|[from] brn\n|upkeep\n|\n|t:|1781453380\n|switch|p1a: Toucannon|Toucannon, L88, F|193/284\n|turn|38\n|c|\u2606Rheny|sucker doesnt kill there\n|\n|t:|1781453387\n|move|p2a: Bisharp|Sucker Punch||[still]\n|-fail|p2a: Bisharp\n|move|p1a: Toucannon|Roost|p1a: Toucannon\n|-heal|p1a: Toucannon|284/284\n|-singleturn|p1a: Toucannon|move: Roost\n|\n|-damage|p2a: Bisharp|13/232 brn|[from] brn\n|upkeep\n|turn|39\n|\n|t:|1781453390\n|move|p2a: Bisharp|Sucker Punch|p1a: Toucannon\n|-crit|p1a: Toucannon\n|-damage|p1a: Toucannon|222/284\n|move|p1a: Toucannon|Boomburst|p2a: Bisharp\n|-resisted|p2a: Bisharp\n|-damage|p2a: Bisharp|0 fnt\n|faint|p2a: Bisharp\n|\n|upkeep\n|\n|t:|1781453396\n|switch|p2a: Mandibuzz|Mandibuzz, L85, F|241/326\n|turn|40\n|\n|t:|1781453401\n|switch|p1a: Krookodile|Krookodile, L79, F|123/280 tox\n|-damage|p1a: Krookodile|106/280 tox|[from] Stealth Rock\n|-ability|p1a: Krookodile|Intimidate|boost\n|-unboost|p2a: Mandibuzz|atk|1\n|move|p2a: Mandibuzz|Roost|p2a: Mandibuzz\n|-heal|p2a: Mandibuzz|326/326\n|-singleturn|p2a: Mandibuzz|move: Roost\n|\n|-heal|p1a: Krookodile|123/280 tox|[from] item: Leftovers\n|-damage|p1a: Krookodile|106/280 tox|[from] psn\n|upkeep\n|turn|41\n|\n|t:|1781453406\n|move|p1a: Krookodile|Bulk Up|p1a: Krookodile\n|-boost|p1a: Krookodile|atk|1\n|-boost|p1a: Krookodile|def|1\n|move|p2a: Mandibuzz|Foul Play|p1a: Krookodile\n|-resisted|p1a: Krookodile\n|-damage|p1a: Krookodile|37/280 tox\n|\n|-heal|p1a: Krookodile|54/280 tox|[from] item: Leftovers\n|-damage|p1a: Krookodile|20/280 tox|[from] psn\n|upkeep\n|turn|42\n|\n|t:|1781453408\n|move|p1a: Krookodile|Gunk Shot|p2a: Mandibuzz\n|-damage|p2a: Mandibuzz|222/326\n|move|p2a: Mandibuzz|Foul Play|p1a: Krookodile\n|-resisted|p1a: Krookodile\n|-damage|p1a: Krookodile|0 fnt\n|faint|p1a: Krookodile\n|\n|upkeep\n|\n|t:|1781453415\n|switch|p1a: Toucannon|Toucannon, L88, F|222/284\n|turn|43\n|\n|t:|1781453417\n|move|p2a: Mandibuzz|Toxic|p1a: Toucannon\n|-status|p1a: Toucannon|tox\n|move|p1a: Toucannon|Boomburst|p2a: Mandibuzz\n|-damage|p2a: Mandibuzz|93/326\n|\n|-damage|p1a: Toucannon|205/284 tox|[from] psn\n|upkeep\n|turn|44\n|\n|t:|1781453424\n|move|p2a: Mandibuzz|Roost|p2a: Mandibuzz\n|-heal|p2a: Mandibuzz|256/326\n|-singleturn|p2a: Mandibuzz|move: Roost\n|move|p1a: Toucannon|Boomburst|p2a: Mandibuzz\n|-damage|p2a: Mandibuzz|127/326\n|\n|-damage|p1a: Toucannon|171/284 tox|[from] psn\n|upkeep\n|turn|45\n|\n|t:|1781453432\n|switch|p2a: Cobalion|Cobalion, L80|277/277\n|-damage|p2a: Cobalion|208/277|[from] Spikes\n|move|p1a: Toucannon|Boomburst|p2a: Cobalion\n|-resisted|p2a: Cobalion\n|-damage|p2a: Cobalion|121/277\n|\n|-heal|p2a: Cobalion|138/277|[from] item: Leftovers\n|-damage|p1a: Toucannon|120/284 tox|[from] psn\n|upkeep\n|turn|46\n|\n|t:|1781453442\n|switch|p2a: Mandibuzz|Mandibuzz, L85, F|127/326\n|-singleturn|p1a: Toucannon|move: Beak Blast\n|move|p1a: Toucannon|Beak Blast|p2a: Mandibuzz\n|-damage|p2a: Mandibuzz|13/326\n|\n|-damage|p1a: Toucannon|52/284 tox|[from] psn\n|upkeep\n|turn|47\n|\n|t:|1781453453\n|-singleturn|p1a: Toucannon|move: Beak Blast\n|move|p2a: Mandibuzz|Foul Play|p1a: Toucannon\n|-damage|p1a: Toucannon|0 fnt\n|-status|p2a: Mandibuzz|brn\n|faint|p1a: Toucannon\n|\n|-damage|p2a: Mandibuzz|0 fnt|[from] brn\n|faint|p2a: Mandibuzz\n|upkeep\n|\n|t:|1781453456\n|switch|p2a: Lurantis|Lurantis, L87, M|264/264\n|switch|p1a: Latios|Latios, L78, M|253/253\n|-damage|p1a: Latios|222/253|[from] Stealth Rock\n|-damage|p2a: Lurantis|198/264|[from] Spikes\n|turn|48\n|\n|t:|1781453470\n|move|p1a: Latios|Luster Purge|p2a: Lurantis\n|-damage|p2a: Lurantis|116/264\n|-boost|p2a: Lurantis|spd|1\n|move|p2a: Lurantis|Knock Off|p1a: Latios\n|-supereffective|p1a: Latios\n|-damage|p1a: Latios|42/253\n|-enditem|p1a: Latios|Soul Dew|[from] move: Knock Off|[of] p2a: Lurantis\n|\n|upkeep\n|turn|49\n|\n|t:|1781453477\n|move|p1a: Latios|Draco Meteor|p2a: Lurantis\n|-damage|p2a: Lurantis|47/264\n|-unboost|p1a: Latios|spa|2\n|move|p2a: Lurantis|Leech Life|p1a: Latios\n|-supereffective|p1a: Latios\n|-damage|p1a: Latios|0 fnt\n|-heal|p2a: Lurantis|68/264|[from] drain|[of] p1a: Latios\n|faint|p1a: Latios\n|\n|win|Rheny\n", "inputlog": ">version a8376a258c1d4662feba110a92103f3664a72141\n>start {\"formatid\":\"gen9randombattle\",\"seed\":\"sodium,2c32cf8bb25da442a7433c4edb8acfd8\",\"rated\":\"Rated battle\"}\n>player p1 {\"name\":\"symitry\",\"avatar\":\"102\",\"rating\":1926,\"seed\":\"sodium,8af86963bb339b41d0eb867dcb7458d3\"}\n>player p2 {\"name\":\"Rheny\",\"avatar\":\"miku-ghost\",\"rating\":1969,\"seed\":\"sodium,ac4071e28ad96a325791261d3147c7a4\"}\n>p1 move bulkup\n>p2 switch 3\n>p1 move bulkup terastallize\n>p2 move toxic\n>p1 move bulkup\n>p2 switch 6\n>p1 move knockoff\n>p2 move encore\n>p1 switch 5\n>p2 move thunderwave\n>p1 move spikes\n>p2 switch 6\n>p1 move dazzlinggleam\n>p2 switch 4\n>p1 move thunderwave\n>p2 move shellsmash terastallize\n>p1 switch 5\n>p2 move earthquake\n>p1 switch 6\n>p1 move beakblast\n>p2 move stoneedge\n>p1 move boomburst\n>p2 move stoneedge\n>chat \u2606Rheny|LOL \n>p2 switch 3\n>p1 move knockoff\n>p2 move stealthrock\n>p1 move beakblast\n>p2 move ironhead\n>p1 switch 2\n>p2 switch 4\n>p1 move revivalblessing\n>p2 move bravebird\n>p1 switch 6\n>p1 move recover\n>p2 move foulplay\n>p1 switch 5\n>p2 move bravebird\n>p1 move dazzlinggleam\n>p2 move bravebird\n>p1 move spikes\n>p2 move roost\n>p1 move spikes\n>p2 move bravebird\n>p1 move dazzlinggleam\n>p2 move bravebird\n>p1 move dazzlinggleam\n>p2 move roost\n>p1 move dazzlinggleam\n>p2 move roost\n>p1 move dazzlinggleam\n>p2 move bravebird\n>p1 move dazzlinggleam\n>p2 move bravebird\n>p1 move dazzlinggleam\n>p2 move roost\n>p1 move dazzlinggleam\n>p2 move roost\n>p1 move dazzlinggleam\n>p2 move roost\n>p1 move dazzlinggleam\n>p2 move bravebird\n>p1 move dazzlinggleam\n>p2 move bravebird\n>p1 switch 6\n>p1 move knockoff\n>p2 move toxic\n>p1 switch 5\n>p2 move foulplay\n>p1 move bugbuzz\n>p2 move foulplay\n>p1 switch 4\n>p1 move dragondance\n>p2 move foulplay\n>p1 move iciclespear\n>p2 switch 6\n>p1 move iciclespear\n>p2 move uturn\n>p2 switch 4\n>p1 move dragondance\n>p2 move ironhead\n>p1 switch 2\n>chat \u2606Rheny|sucker doesnt kill there\n>p1 move roost\n>p2 move suckerpunch\n>p1 move boomburst\n>p2 move suckerpunch\n>p2 switch 6\n>p1 switch 5\n>p2 move roost\n>p1 move bulkup\n>p2 move foulplay\n>p1 move gunkshot\n>p2 move foulplay\n>p1 switch 5\n>p1 move boomburst\n>p2 move toxic\n>p1 move boomburst\n>p2 move roost\n>p1 move boomburst\n>p2 switch 2\n>p1 move beakblast\n>p2 switch 2\n>p1 move beakblast\n>p2 move foulplay\n>p1 switch 3\n>p2 switch 5\n>p1 move lusterpurge\n>p2 move knockoff\n>p1 move dracometeor\n>p2 move leechlife", "uploadtime": 1781453016, "views": 7, "formatid": "gen9randombattle", "rating": null, "private": 0, "password": null, "player_dets": [{"name": "symitry", "avatar": "102", "rating": 1926, "seed": "sodium,8af86963bb339b41d0eb867dcb7458d3"}, {"name": "Rheny", "avatar": "miku-ghost", "rating": 1969, "seed": "sodium,ac4071e28ad96a325791261d3147c7a4"}], "teams_full": [{"Krookodile": {"name": "Krookodile", "species": "Krookodile", "speciesId": "krookodile", "gender": "F", "shiny": false, "level": 79, "moves": ["gunkshot", "earthquake", "bulkup", "knockoff"], "ability": "Intimidate", "evs": {"hp": 85, "atk": 85, "def": 85, "spa": 85, "spd": 85, "spe": 85}, "ivs": {"hp": 31, "atk": 31, "def": 31, "spa": 31, "spd": 31, "spe": 31}, "item": "Leftovers", "teraType": "Poison", "role": "Bulky Setup", "bvs": {"hp": 95, "atk": 117, "def": 80, "spa": 65, "spd": 70, "spe": 92}, "stats": {"hp": 280, "atk": 230, "def": 172, "spa": 148, "spd": 156, "spe": 191}}, "Rabsca": {"name": "Rabsca", "species": "Rabsca", "speciesId": "rabsca", "gender": "M", "shiny": false, "level": 91, "moves": ["recover", "bugbuzz", "psychic", "revivalblessing"], "ability": "Synchronize", "evs": {"hp": 85, "atk": 0, "def": 85, "spa": 85, "spd": 85, "spe": 85}, "ivs": {"hp": 31, "atk": 0, "def": 31, "spa": 31, "spd": 31, "spe": 31}, "item": "Heavy-Duty Boots", "teraType": "Steel", "role": "Wallbreaker", "bvs": {"hp": 75, "atk": 50, "def": 85, "spa": 115, "spd": 100, "spe": 45}, "stats": {"hp": 284, "atk": 96, "def": 207, "spa": 261, "spd": 234, "spe": 134}}, "Latios": {"name": "Latios", "species": "Latios", "speciesId": "latios", "gender": "M", "shiny": false, "level": 78, "moves": ["recover", "lusterpurge", "aurasphere", "dracometeor"], "ability": "Levitate", "evs": {"hp": 85, "atk": 0, "def": 85, "spa": 85, "spd": 85, "spe": 85}, "ivs": {"hp": 31, "atk": 0, "def": 31, "spa": 31, "spd": 31, "spe": 31}, "item": "Soul Dew", "teraType": "Fighting", "role": "Bulky Attacker", "bvs": {"hp": 80, "atk": 90, "def": 80, "spa": 130, "spd": 110, "spe": 110}, "stats": {"hp": 253, "atk": 145, "def": 170, "spa": 248, "spd": 217, "spe": 217}}, "Kyurem": {"name": "Kyurem", "species": "Kyurem-Black", "speciesId": "kyuremblack", "gender": "N", "shiny": false, "level": 71, "moves": ["dragondance", "iciclespear", "fusionbolt", "scaleshot"], "ability": "Teravolt", "evs": {"hp": 85, "atk": 85, "def": 85, "spa": 85, "spd": 85, "spe": 85}, "ivs": {"hp": 31, "atk": 31, "def": 31, "spa": 31, "spd": 31, "spe": 31}, "item": "Loaded Dice", "teraType": "Electric", "role": "Setup Sweeper", "bvs": {"hp": 125, "atk": 170, "def": 100, "spa": 120, "spd": 90, "spe": 95}, "stats": {"hp": 295, "atk": 283, "def": 183, "spa": 212, "spd": 169, "spe": 176}}, "Klefki": {"name": "Klefki", "species": "Klefki", "speciesId": "klefki", "gender": "M", "shiny": false, "level": 84, "moves": ["foulplay", "spikes", "thunderwave", "dazzlinggleam"], "ability": "Prankster", "evs": {"hp": 85, "atk": 0, "def": 85, "spa": 85, "spd": 85, "spe": 85}, "ivs": {"hp": 31, "atk": 0, "def": 31, "spa": 31, "spd": 31, "spe": 31}, "item": "Leftovers", "teraType": "Water", "role": "Bulky Attacker", "bvs": {"hp": 57, "atk": 80, "def": 91, "spa": 80, "spd": 87, "spe": 75}, "stats": {"hp": 233, "atk": 139, "def": 201, "spa": 183, "spd": 194, "spe": 174}}, "Toucannon": {"name": "Toucannon", "species": "Toucannon", "speciesId": "toucannon", "gender": "F", "shiny": false, "level": 88, "moves": ["boomburst", "roost", "beakblast", "knockoff"], "ability": "Keen Eye", "evs": {"hp": 85, "atk": 85, "def": 85, "spa": 85, "spd": 85, "spe": 85}, "ivs": {"hp": 31, "atk": 31, "def": 31, "spa": 31, "spd": 31, "spe": 31}, "item": "Heavy-Duty Boots", "teraType": "Steel", "role": "Bulky Support", "bvs": {"hp": 80, "atk": 120, "def": 75, "spa": 75, "spd": 75, "spe": 60}, "stats": {"hp": 284, "atk": 261, "def": 182, "spa": 182, "spd": 182, "spe": 156}}}, {"Bisharp": {"name": "Bisharp", "species": "Bisharp", "speciesId": "bisharp", "gender": "F", "shiny": false, "level": 79, "moves": ["throatchop", "stealthrock", "suckerpunch", "ironhead"], "ability": "Defiant", "evs": {"hp": 85, "atk": 85, "def": 85, "spa": 85, "spd": 85, "spe": 85}, "ivs": {"hp": 31, "atk": 31, "def": 31, "spa": 31, "spd": 31, "spe": 31}, "item": "Eviolite", "teraType": "Ghost", "role": "Bulky Attacker", "bvs": {"hp": 65, "atk": 125, "def": 100, "spa": 60, "spd": 70, "spe": 70}, "stats": {"hp": 232, "atk": 243, "def": 204, "spa": 140, "spd": 156, "spe": 156}}, "Cobalion": {"name": "Cobalion", "species": "Cobalion", "speciesId": "cobalion", "gender": "N", "shiny": false, "level": 80, "moves": ["ironhead", "taunt", "swordsdance", "closecombat"], "ability": "Justified", "evs": {"hp": 85, "atk": 85, "def": 85, "spa": 85, "spd": 85, "spe": 85}, "ivs": {"hp": 31, "atk": 31, "def": 31, "spa": 31, "spd": 31, "spe": 31}, "item": "Leftovers", "teraType": "Fighting", "role": "Fast Bulky Setup", "bvs": {"hp": 91, "atk": 90, "def": 129, "spa": 90, "spd": 72, "spe": 108}, "stats": {"hp": 277, "atk": 190, "def": 253, "spa": 190, "spd": 161, "spe": 219}}, "Mandibuzz": {"name": "Mandibuzz", "species": "Mandibuzz", "speciesId": "mandibuzz", "gender": "F", "shiny": false, "level": 85, "moves": ["roost", "foulplay", "bravebird", "toxic"], "ability": "Overcoat", "evs": {"hp": 85, "atk": 85, "def": 85, "spa": 85, "spd": 85, "spe": 85}, "ivs": {"hp": 31, "atk": 31, "def": 31, "spa": 31, "spd": 31, "spe": 31}, "item": "Heavy-Duty Boots", "teraType": "Steel", "role": "Bulky Attacker", "bvs": {"hp": 110, "atk": 65, "def": 105, "spa": 55, "spd": 95, "spe": 80}, "stats": {"hp": 326, "atk": 159, "def": 227, "spa": 142, "spd": 210, "spe": 185}}, "Drednaw": {"name": "Drednaw", "species": "Drednaw", "speciesId": "drednaw", "gender": "M", "shiny": false, "level": 81, "moves": ["earthquake", "stoneedge", "shellsmash", "liquidation"], "ability": "Shell Armor", "evs": {"hp": 85, "atk": 85, "def": 85, "spa": 85, "spd": 85, "spe": 85}, "ivs": {"hp": 31, "atk": 31, "def": 31, "spa": 31, "spd": 31, "spe": 31}, "item": "White Herb", "teraType": "Ground", "role": "Fast Bulky Setup", "bvs": {"hp": 90, "atk": 115, "def": 90, "spa": 48, "spd": 68, "spe": 74}, "stats": {"hp": 278, "atk": 233, "def": 192, "spa": 124, "spd": 157, "spe": 167}}, "Lurantis": {"name": "Lurantis", "species": "Lurantis", "speciesId": "lurantis", "gender": "M", "shiny": false, "level": 87, "moves": ["superpower", "leechlife", "leafstorm", "knockoff"], "ability": "Contrary", "evs": {"hp": 85, "atk": 85, "def": 85, "spa": 85, "spd": 85, "spe": 85}, "ivs": {"hp": 31, "atk": 31, "def": 31, "spa": 31, "spd": 31, "spe": 31}, "item": "Assault Vest", "teraType": "Fighting", "role": "AV Pivot", "bvs": {"hp": 70, "atk": 105, "def": 90, "spa": 80, "spd": 90, "spe": 45}, "stats": {"hp": 264, "atk": 232, "def": 206, "spa": 189, "spd": 206, "spe": 128}}, "Uxie": {"name": "Uxie", "species": "Uxie", "speciesId": "uxie", "gender": "N", "shiny": false, "level": 83, "moves": ["psychicnoise", "thunderwave", "encore", "uturn"], "ability": "Levitate", "evs": {"hp": 85, "atk": 85, "def": 85, "spa": 85, "spd": 85, "spe": 85}, "ivs": {"hp": 31, "atk": 31, "def": 31, "spa": 31, "spd": 31, "spe": 31}, "item": "Leftovers", "teraType": "Steel", "role": "Bulky Support", "bvs": {"hp": 75, "atk": 75, "def": 130, "spa": 75, "spd": 130, "spe": 95}, "stats": {"hp": 260, "atk": 172, "def": 263, "spa": 172, "spd": 263, "spe": 205}}}]}