{"id": "gen9randombattle-2631712801", "format": "[Gen 9] Random Battle", "players": ["Green Calf", "sanchez347"], "log": "|j|\u2606Green Calf\n|j|\u2606sanchez347\n|t:|1781426809\n|gametype|singles\n|player|p1|Green Calf|266|1913\n|player|p2|sanchez347|n|1898\n|gen|9\n|tier|[Gen 9] Random Battle\n|rated|\n|rule|Species Clause: Limit one of each Pok\u00e9mon\n|rule|HP Percentage Mod: HP is shown in percentages\n|rule|Sleep Clause Mod: Limit one foe put to sleep\n|rule|Illusion Level Mod: Illusion disguises the Pok\u00e9mon's true level\n|\n|t:|1781426809\n|teamsize|p1|6\n|teamsize|p2|6\n|start\n|switch|p1a: Meowstic|Meowstic-F, L89, F|277/277\n|switch|p2a: Duraludon|Duraludon, L82, F|249/249\n|turn|1\n|\n|t:|1781426850\n|move|p1a: Meowstic|Nasty Plot|p1a: Meowstic\n|-boost|p1a: Meowstic|spa|2\n|move|p2a: Duraludon|Draco Meteor|p1a: Meowstic\n|-damage|p1a: Meowstic|135/277\n|-unboost|p2a: Duraludon|spa|2\n|\n|upkeep\n|turn|2\n|\n|t:|1781426862\n|move|p1a: Meowstic|Alluring Voice|p2a: Duraludon\n|-damage|p2a: Duraludon|98/249\n|-damage|p1a: Meowstic|108/277|[from] item: Life Orb\n|move|p2a: Duraludon|Flash Cannon|p1a: Meowstic\n|-damage|p1a: Meowstic|54/277\n|\n|upkeep\n|turn|3\n|\n|t:|1781426865\n|move|p1a: Meowstic|Dark Pulse|p2a: Duraludon\n|-damage|p2a: Duraludon|0 fnt\n|faint|p2a: Duraludon\n|-damage|p1a: Meowstic|27/277|[from] item: Life Orb\n|\n|upkeep\n|\n|t:|1781426872\n|switch|p2a: Weavile|Weavile, L79, F|240/240\n|turn|4\n|inactive|Battle timer is ON: inactive players will automatically lose when time's up. (requested by sanchez347)\n|inactive|Green Calf has 120 seconds left.\n|\n|t:|1781426938\n|move|p2a: Weavile|Knock Off|p1a: Meowstic\n|-supereffective|p1a: Meowstic\n|-damage|p1a: Meowstic|0 fnt\n|-enditem|p1a: Meowstic|Life Orb|[from] move: Knock Off|[of] p2a: Weavile\n|faint|p1a: Meowstic\n|\n|upkeep\n|\n|t:|1781426940\n|switch|p1a: Clefable|Clefable, L83, M|293/293\n|turn|5\n|\n|t:|1781426944\n|switch|p2a: Magearna|Magearna, L77|250/250\n|move|p1a: Clefable|Moonblast|p2a: Magearna\n|-resisted|p2a: Magearna\n|-damage|p2a: Magearna|208/250\n|-unboost|p2a: Magearna|spa|1\n|\n|-heal|p2a: Magearna|223/250|[from] item: Leftovers\n|upkeep\n|turn|6\n|\n|t:|1781426961\n|switch|p1a: Luvdisc|Luvdisc, M|247/247\n|move|p2a: Magearna|Flash Cannon|p1a: Luvdisc\n|-resisted|p1a: Luvdisc\n|-damage|p1a: Luvdisc|213/247\n|\n|-heal|p2a: Magearna|238/250|[from] item: Leftovers\n|upkeep\n|turn|7\n|\n|t:|1781426969\n|switch|p2a: Arboliva|Arboliva, L91, F|290/290\n|move|p1a: Luvdisc|Substitute|p1a: Luvdisc\n|-start|p1a: Luvdisc|Substitute\n|-damage|p1a: Luvdisc|152/247\n|\n|upkeep\n|turn|8\n|\n|t:|1781426975\n|move|p1a: Luvdisc|Surf|p2a: Arboliva\n|-resisted|p2a: Arboliva\n|-damage|p2a: Arboliva|261/290\n|-fieldstart|move: Grassy Terrain|[from] ability: Seed Sower|[of] p2a: Arboliva\n|move|p2a: Arboliva|Energy Ball|p1a: Luvdisc\n|-supereffective|p1a: Luvdisc\n|-end|p1a: Luvdisc|Substitute\n|\n|-heal|p1a: Luvdisc|167/247|[from] Grassy Terrain\n|-heal|p2a: Arboliva|279/290|[from] Grassy Terrain\n|-heal|p2a: Arboliva|290/290|[from] item: Leftovers\n|upkeep\n|turn|9\n|\n|t:|1781426979\n|move|p1a: Luvdisc|Flip Turn|p2a: Arboliva\n|-resisted|p2a: Arboliva\n|-damage|p2a: Arboliva|272/290\n|\n|t:|1781426982\n|switch|p1a: Sinistcha|Sinistcha, L83|254/254|[from] Flip Turn\n|move|p2a: Arboliva|Hyper Voice|p1a: Sinistcha\n|-immune|p1a: Sinistcha\n|\n|-heal|p2a: Arboliva|290/290|[from] Grassy Terrain\n|upkeep\n|turn|10\n|\n|t:|1781426988\n|switch|p2a: Weavile|Weavile, L79, F|240/240\n|move|p1a: Sinistcha|Matcha Gotcha|p2a: Weavile|[miss]\n|-miss|p1a: Sinistcha|p2a: Weavile\n|\n|upkeep\n|turn|11\n|\n|t:|1781426995\n|switch|p1a: Luvdisc|Luvdisc, M|167/247\n|move|p2a: Weavile|Swords Dance|p2a: Weavile\n|-boost|p2a: Weavile|atk|2\n|\n|-heal|p1a: Luvdisc|182/247|[from] Grassy Terrain\n|upkeep\n|turn|12\n|\n|t:|1781427000\n|move|p1a: Luvdisc|Surf|p2a: Weavile\n|-damage|p2a: Weavile|158/240\n|move|p2a: Weavile|Triple Axel|p1a: Luvdisc\n|-resisted|p1a: Luvdisc\n|-damage|p1a: Luvdisc|155/247\n|-resisted|p1a: Luvdisc\n|-damage|p1a: Luvdisc|106/247\n|-resisted|p1a: Luvdisc\n|-damage|p1a: Luvdisc|32/247\n|-hitcount|p1a: Luvdisc|3\n|\n|-heal|p1a: Luvdisc|47/247|[from] Grassy Terrain\n|-heal|p2a: Weavile|173/240|[from] Grassy Terrain\n|-fieldend|move: Grassy Terrain\n|upkeep\n|turn|13\n|\n|t:|1781427006\n|switch|p2a: Arboliva|Arboliva, L91, F|290/290\n|move|p1a: Luvdisc|Endeavor|p2a: Arboliva\n|-damage|p2a: Arboliva|47/290\n|-fieldstart|move: Grassy Terrain|[from] ability: Seed Sower|[of] p2a: Arboliva\n|\n|-heal|p1a: Luvdisc|62/247|[from] Grassy Terrain\n|-heal|p2a: Arboliva|65/290|[from] Grassy Terrain\n|-heal|p2a: Arboliva|83/290|[from] item: Leftovers\n|upkeep\n|turn|14\n|\n|t:|1781427013\n|move|p1a: Luvdisc|Flip Turn|p2a: Arboliva\n|-resisted|p2a: Arboliva\n|-damage|p2a: Arboliva|64/290\n|\n|t:|1781427014\n|switch|p1a: Sinistcha|Sinistcha, L83|254/254|[from] Flip Turn\n|move|p2a: Arboliva|Strength Sap|p1a: Sinistcha\n|-unboost|p1a: Sinistcha|atk|1\n|-heal|p2a: Arboliva|168/290\n|\n|-heal|p2a: Arboliva|186/290|[from] Grassy Terrain\n|-heal|p2a: Arboliva|204/290|[from] item: Leftovers\n|upkeep\n|turn|15\n|\n|t:|1781427024\n|move|p1a: Sinistcha|Matcha Gotcha|p2a: Arboliva\n|-resisted|p2a: Arboliva\n|-damage|p2a: Arboliva|154/290\n|move|p2a: Arboliva|Energy Ball|p1a: Sinistcha\n|-resisted|p1a: Sinistcha\n|-damage|p1a: Sinistcha|155/254\n|\n|-heal|p1a: Sinistcha|170/254|[from] Grassy Terrain\n|-heal|p1a: Sinistcha|185/254|[from] item: Leftovers\n|-heal|p2a: Arboliva|172/290|[from] Grassy Terrain\n|-heal|p2a: Arboliva|190/290|[from] item: Leftovers\n|upkeep\n|turn|16\n|\n|t:|1781427034\n|switch|p2a: Weavile|Weavile, L79, F|173/240\n|move|p1a: Sinistcha|Calm Mind|p1a: Sinistcha\n|-boost|p1a: Sinistcha|spa|1\n|-boost|p1a: Sinistcha|spd|1\n|\n|-heal|p2a: Weavile|188/240|[from] Grassy Terrain\n|-heal|p1a: Sinistcha|200/254|[from] Grassy Terrain\n|-heal|p1a: Sinistcha|215/254|[from] item: Leftovers\n|upkeep\n|turn|17\n|\n|t:|1781427056\n|switch|p1a: Clefable|Clefable, L83, M|293/293\n|move|p2a: Weavile|Triple Axel|p1a: Clefable|[miss]\n|-miss|p2a: Weavile|p1a: Clefable\n|\n|-heal|p2a: Weavile|203/240|[from] Grassy Terrain\n|-fieldend|move: Grassy Terrain\n|upkeep\n|turn|18\n|\n|t:|1781427062\n|switch|p2a: Magearna|Magearna, L77|238/250\n|move|p1a: Clefable|Moonblast|p2a: Magearna\n|-resisted|p2a: Magearna\n|-damage|p2a: Magearna|197/250\n|-unboost|p2a: Magearna|spa|1\n|\n|-heal|p2a: Magearna|212/250|[from] item: Leftovers\n|upkeep\n|turn|19\n|inactive|Green Calf has 120 seconds left.\n|\n|t:|1781427116\n|switch|p1a: Gouging Fire|Gouging Fire, L74|277/277\n|move|p2a: Magearna|Shift Gear|p2a: Magearna\n|-boost|p2a: Magearna|spe|2\n|-boost|p2a: Magearna|atk|1\n|\n|-heal|p2a: Magearna|227/250|[from] item: Leftovers\n|upkeep\n|turn|20\n|\n|t:|1781427124\n|switch|p2a: Mudsdale|Mudsdale, L83, M|302/302\n|move|p1a: Gouging Fire|Heat Crash|p2a: Mudsdale\n|-damage|p2a: Mudsdale|265/302\n|-ability|p2a: Mudsdale|Stamina|boost\n|-boost|p2a: Mudsdale|def|1\n|\n|-heal|p2a: Mudsdale|283/302|[from] item: Leftovers\n|upkeep\n|turn|21\n|\n|t:|1781427152\n|-end|p1a: Gouging Fire|Protosynthesis|[silent]\n|switch|p1a: Sinistcha|Sinistcha, L83|215/254\n|move|p2a: Mudsdale|Stealth Rock|p1a: Sinistcha\n|-sidestart|p1: Green Calf|move: Stealth Rock\n|\n|-heal|p1a: Sinistcha|230/254|[from] item: Leftovers\n|-heal|p2a: Mudsdale|301/302|[from] item: Leftovers\n|upkeep\n|turn|22\n|\n|t:|1781427158\n|move|p1a: Sinistcha|Matcha Gotcha|p2a: Mudsdale\n|-supereffective|p2a: Mudsdale\n|-damage|p2a: Mudsdale|101/302\n|-heal|p1a: Sinistcha|254/254|[from] drain|[of] p2a: Mudsdale\n|-ability|p2a: Mudsdale|Stamina|boost\n|-boost|p2a: Mudsdale|def|1\n|move|p2a: Mudsdale|Roar|p1a: Sinistcha\n|drag|p1a: Luvdisc|Luvdisc, M|62/247\n|\n|-heal|p2a: Mudsdale|119/302|[from] item: Leftovers\n|upkeep\n|turn|23\n|inactive|Green Calf has 90 seconds left.\n|\n|t:|1781427196\n|move|p1a: Luvdisc|Surf|p2a: Mudsdale\n|-supereffective|p2a: Mudsdale\n|-damage|p2a: Mudsdale|0 fnt\n|faint|p2a: Mudsdale\n|\n|upkeep\n|\n|t:|1781427207\n|switch|p2a: Inteleon|Inteleon, L81, M|246/246\n|turn|24\n|inactive|Green Calf has 90 seconds left.\n|inactive|Green Calf has 60 seconds left.\n|inactive|Green Calf has 30 seconds left.\n|\n|t:|1781427275\n|move|p1a: Luvdisc|Endeavor|p2a: Inteleon\n|-damage|p2a: Inteleon|62/246\n|move|p2a: Inteleon|Scald|p1a: Luvdisc\n|-resisted|p1a: Luvdisc\n|-damage|p1a: Luvdisc|0 fnt\n|faint|p1a: Luvdisc\n|\n|upkeep\n|\n|t:|1781427279\n|switch|p1a: Glaceon|Glaceon, L94, F|275/275\n|turn|25\n|\n|t:|1781427287\n|move|p2a: Inteleon|Scald|p1a: Glaceon\n|-damage|p1a: Glaceon|85/275\n|move|p1a: Glaceon|Mud Shot|p2a: Inteleon\n|-crit|p2a: Inteleon\n|-damage|p2a: Inteleon|0 fnt\n|faint|p2a: Inteleon\n|\n|upkeep\n|\n|t:|1781427298\n|switch|p2a: Magearna|Magearna, L77|227/250\n|turn|26\n|\n|t:|1781427305\n|-terastallize|p2a: Magearna|Fairy\n|move|p1a: Glaceon|Mud Shot|p2a: Magearna\n|-damage|p2a: Magearna|176/250\n|-unboost|p2a: Magearna|spe|1\n|move|p2a: Magearna|Shift Gear|p2a: Magearna\n|-boost|p2a: Magearna|spe|2\n|-boost|p2a: Magearna|atk|1\n|\n|-heal|p2a: Magearna|191/250|[from] item: Leftovers\n|upkeep\n|turn|27\n|inactive|Green Calf has 60 seconds left.\n|\n|t:|1781427315\n|move|p2a: Magearna|Calm Mind|p2a: Magearna\n|-boost|p2a: Magearna|spa|1\n|-boost|p2a: Magearna|spd|1\n|move|p1a: Glaceon|Freeze-Dry|p2a: Magearna\n|-damage|p2a: Magearna|122/250\n|\n|-heal|p2a: Magearna|137/250|[from] item: Leftovers\n|upkeep\n|turn|28\n|\n|t:|1781427322\n|move|p2a: Magearna|Flash Cannon|p1a: Glaceon\n|-supereffective|p1a: Glaceon\n|-damage|p1a: Glaceon|0 fnt\n|faint|p1a: Glaceon\n|-ability|p2a: Magearna|Soul-Heart|boost\n|-boost|p2a: Magearna|spa|1\n|\n|-heal|p2a: Magearna|152/250|[from] item: Leftovers\n|upkeep\n|\n|t:|1781427327\n|switch|p1a: Clefable|Clefable, L83, M|293/293\n|-damage|p1a: Clefable|257/293|[from] Stealth Rock\n|turn|29\n|\n|t:|1781427330\n|-terastallize|p1a: Clefable|Poison\n|move|p2a: Magearna|Flash Cannon|p1a: Clefable\n|-damage|p1a: Clefable|166/293\n|move|p1a: Clefable|Thunder Wave|p2a: Magearna\n|-status|p2a: Magearna|par\n|\n|-heal|p1a: Clefable|184/293|[from] item: Leftovers\n|-heal|p2a: Magearna|167/250 par|[from] item: Leftovers\n|upkeep\n|turn|30\n|\n|t:|1781427345\n|switch|p2a: Arboliva|Arboliva, L91, F|190/290\n|move|p1a: Clefable|Moonblast|p2a: Arboliva\n|-damage|p2a: Arboliva|108/290\n|-fieldstart|move: Grassy Terrain|[from] ability: Seed Sower|[of] p2a: Arboliva\n|\n|-heal|p1a: Clefable|202/293|[from] Grassy Terrain\n|-heal|p1a: Clefable|220/293|[from] item: Leftovers\n|-heal|p2a: Arboliva|126/290|[from] Grassy Terrain\n|-heal|p2a: Arboliva|144/290|[from] item: Leftovers\n|upkeep\n|turn|31\n|\n|t:|1781427350\n|move|p1a: Clefable|Fire Blast|p2a: Arboliva\n|-supereffective|p2a: Arboliva\n|-damage|p2a: Arboliva|24/290\n|move|p2a: Arboliva|Earth Power|p1a: Clefable\n|-supereffective|p1a: Clefable\n|-damage|p1a: Clefable|42/293\n|\n|-heal|p1a: Clefable|60/293|[from] Grassy Terrain\n|-heal|p1a: Clefable|78/293|[from] item: Leftovers\n|-heal|p2a: Arboliva|42/290|[from] Grassy Terrain\n|-heal|p2a: Arboliva|60/290|[from] item: Leftovers\n|upkeep\n|turn|32\n|\n|t:|1781427355\n|move|p1a: Clefable|Moonblast|p2a: Arboliva\n|-damage|p2a: Arboliva|0 fnt\n|faint|p2a: Arboliva\n|\n|-heal|p1a: Clefable|96/293|[from] Grassy Terrain\n|-heal|p1a: Clefable|114/293|[from] item: Leftovers\n|upkeep\n|\n|t:|1781427357\n|switch|p2a: Weavile|Weavile, L79, F|203/240\n|turn|33\n|\n|t:|1781427364\n|move|p2a: Weavile|Triple Axel|p1a: Clefable\n|-damage|p1a: Clefable|84/293\n|-damage|p1a: Clefable|29/293\n|-damage|p1a: Clefable|0 fnt\n|faint|p1a: Clefable\n|-hitcount|p1: Clefable|3\n|\n|-heal|p2a: Weavile|218/240|[from] Grassy Terrain\n|upkeep\n|\n|t:|1781427367\n|switch|p1a: Gouging Fire|Gouging Fire, L74|277/277\n|turn|34\n|\n|t:|1781427372\n|switch|p2a: Magearna|Magearna, L77, tera:Fairy|167/250 par\n|move|p1a: Gouging Fire|Heat Crash|p2a: Magearna\n|-damage|p2a: Magearna|62/250 par\n|\n|-heal|p2a: Magearna|77/250 par|[from] Grassy Terrain\n|-heal|p2a: Magearna|92/250 par|[from] item: Leftovers\n|-fieldend|move: Grassy Terrain\n|upkeep\n|turn|35\n|\n|t:|1781427377\n|move|p1a: Gouging Fire|Heat Crash|p2a: Magearna\n|-damage|p2a: Magearna|0 fnt\n|faint|p2a: Magearna\n|\n|upkeep\n|-message|sanchez347 forfeited.\n|\n|win|Green Calf\n|raw|Green Calf's rating: 1913 &rarr; <strong>1932</strong><br />(+19 for winning)\n|raw|sanchez347's rating: 1898 &rarr; <strong>1879</strong><br />(-19 for losing)\n", "inputlog": ">version a8376a258c1d4662feba110a92103f3664a72141\n>start {\"formatid\":\"gen9randombattle\",\"seed\":\"sodium,1e6c8ea3afcd4c5309a83f504bd25921\",\"rated\":\"Rated battle\"}\n>player p1 {\"name\":\"Green Calf\",\"avatar\":\"266\",\"rating\":1913,\"seed\":\"sodium,d03a59e49db8a915ca2363158d71bfde\"}\n>player p2 {\"name\":\"sanchez347\",\"avatar\":\"n\",\"rating\":1898,\"seed\":\"sodium,e3eb57a633f51d9aab4504f07d9b3192\"}\n>p1 move nastyplot\n>p2 move dracometeor\n>p1 move alluringvoice\n>p2 move flashcannon\n>p1 move darkpulse\n>p2 move flashcannon\n>p2 switch 6\n>p1 move alluringvoice\n>p2 move knockoff\n>p1 switch 3\n>p1 move moonblast\n>p2 switch 5\n>p1 switch 2\n>p2 move flashcannon\n>p1 move substitute\n>p2 switch 4\n>p1 move surf\n>p2 move energyball\n>p1 move flipturn\n>p2 move hypervoice\n>p1 switch 4\n>p1 move matchagotcha\n>p2 switch 5\n>p1 switch 4\n>p2 move swordsdance\n>p1 move surf\n>p2 move tripleaxel\n>p1 move endeavor\n>p2 switch 5\n>p1 move flipturn\n>p2 move strengthsap\n>p1 switch 4\n>p1 move matchagotcha\n>p2 move energyball\n>p1 move calmmind\n>p2 switch 5\n>p1 switch 2\n>p2 move tripleaxel\n>p1 move moonblast\n>p2 switch 4\n>p1 switch 5\n>p2 move shiftgear\n>p1 move heatcrash\n>p2 switch 2\n>p1 switch 2\n>p2 move stealthrock\n>p1 move matchagotcha\n>p2 move roar\n>p1 move surf\n>p2 move earthquake\n>p2 switch 3\n>p1 move endeavor\n>p2 move scald\n>p1 switch 6\n>p1 move mudshot\n>p2 move scald\n>p2 switch 2\n>p1 move mudshot\n>p2 move shiftgear terastallize\n>p1 move freezedry\n>p2 move calmmind\n>p1 move freezedry\n>p2 move flashcannon\n>p1 switch 5\n>p1 move thunderwave terastallize\n>p2 move flashcannon\n>p1 move moonblast\n>p2 switch 5\n>p1 move fireblast\n>p2 move earthpower\n>p1 move moonblast\n>p2 move hypervoice\n>p2 switch 4\n>p1 move fireblast\n>p2 move tripleaxel\n>p1 switch 2\n>p1 move heatcrash\n>p2 switch 5\n>p1 move heatcrash\n>p2 move fleurcannon\n>forcelose p2", "uploadtime": 1781427379, "views": 4, "formatid": "gen9randombattle", "rating": 1879, "private": 0, "password": null}