{"id": "gen9randombattle-2631917114", "format": "[Gen 9] Random Battle", "players": ["SyxthSence", "cuerodeolancho"], "log": "|j|\u2606SyxthSence\n|j|\u2606cuerodeolancho\n|t:|1781455387\n|gametype|singles\n|player|p1|SyxthSence|170|2163\n|player|p2|cuerodeolancho|janitor|2154\n|gen|9\n|tier|[Gen 9] Random Battle\n|rated|\n|rule|Species Clause: Limit one of each Pok\u00e9mon\n|rule|HP Percentage Mod: HP is shown in percentages\n|rule|Sleep Clause Mod: Limit one foe put to sleep\n|rule|Illusion Level Mod: Illusion disguises the Pok\u00e9mon's true level\n|\n|t:|1781455387\n|teamsize|p1|6\n|teamsize|p2|6\n|start\n|switch|p1a: Trevenant|Trevenant, L89, M|296/296\n|switch|p2a: Maushold|Maushold-Four, L76|238/238\n|turn|1\n|inactive|Battle timer is ON: inactive players will automatically lose when time's up. (requested by cuerodeolancho)\n|inactive|cuerodeolancho has 120 seconds left.\n|inactive|cuerodeolancho has 90 seconds left.\n|\n|t:|1781455455\n|switch|p2a: Ho-Oh|Ho-Oh, L71|268/268\n|move|p1a: Trevenant|Wood Hammer|p2a: Ho-Oh\n|-resisted|p2a: Ho-Oh\n|-damage|p2a: Ho-Oh|213/268\n|-damage|p1a: Trevenant|278/296|[from] Recoil\n|-damage|p1a: Trevenant|249/296|[from] item: Life Orb\n|\n|upkeep\n|turn|2\n|\n|t:|1781455462\n|switch|p1a: Entei|Entei, L78|307/307\n|move|p2a: Ho-Oh|Sacred Fire|p1a: Entei\n|-resisted|p1a: Entei\n|-damage|p1a: Entei|256/307\n|\n|upkeep\n|turn|3\n|\n|t:|1781455476\n|switch|p2a: Cobalion|Cobalion, L80|277/277\n|move|p1a: Entei|Stone Edge|p2a: Cobalion\n|-resisted|p2a: Cobalion\n|-damage|p2a: Cobalion|256/277\n|\n|-heal|p2a: Cobalion|273/277|[from] item: Leftovers\n|upkeep\n|turn|4\n|\n|t:|1781455485\n|move|p2a: Cobalion|Thunder Wave|p1a: Entei\n|-status|p1a: Entei|par\n|cant|p1a: Entei|par\n|\n|-heal|p2a: Cobalion|277/277|[from] item: Leftovers\n|upkeep\n|turn|5\n|\n|t:|1781455493\n|switch|p1a: Trevenant|Trevenant, L89, M|249/296\n|move|p2a: Cobalion|Volt Switch|p1a: Trevenant\n|-resisted|p1a: Trevenant\n|-damage|p1a: Trevenant|226/296\n|\n|t:|1781455498\n|switch|p2a: Ho-Oh|Ho-Oh, L71|268/268|[from] Volt Switch\n|\n|upkeep\n|turn|6\n|\n|t:|1781455518\n|move|p2a: Ho-Oh|Sacred Fire|p1a: Trevenant\n|-supereffective|p1a: Trevenant\n|-damage|p1a: Trevenant|38/296\n|-status|p1a: Trevenant|brn\n|move|p1a: Trevenant|Poltergeist|p2a: Ho-Oh\n|-activate|p2a: Ho-Oh|move: Poltergeist|Heavy-Duty Boots\n|-damage|p2a: Ho-Oh|167/268\n|-damage|p1a: Trevenant|9/296 brn|[from] item: Life Orb\n|\n|-damage|p1a: Trevenant|0 fnt|[from] brn\n|faint|p1a: Trevenant\n|upkeep\n|-message|SyxthSence forfeited.\n|\n|win|cuerodeolancho\n", "uploadtime": 1781455389, "views": 3, "formatid": "gen9randombattle", "rating": null, "private": 0, "password": null}