{"id": "gen9randombattle-2631999963", "format": "[Gen 9] Random Battle", "players": ["Geljolt67", "zail95"], "log": "|j|\u2606Geljolt67\n|j|\u2606zail95\n|t:|1781464481\n|gametype|singles\n|player|p1|Geljolt67|dawn|1190\n|player|p2|zail95|170|1216\n|gen|9\n|tier|[Gen 9] Random Battle\n|rated|\n|rule|Species Clause: Limit one of each Pok\u00e9mon\n|rule|HP Percentage Mod: HP is shown in percentages\n|rule|Sleep Clause Mod: Limit one foe put to sleep\n|rule|Illusion Level Mod: Illusion disguises the Pok\u00e9mon's true level\n|\n|t:|1781464481\n|teamsize|p1|6\n|teamsize|p2|6\n|start\n|switch|p1a: Gallade|Gallade, L80, M|240/240\n|switch|p2a: Cobalion|Cobalion, L80|277/277\n|turn|1\n|c|\u2606Geljolt67|glhf\n|\n|t:|1781464495\n|-terastallize|p2a: Cobalion|Water\n|move|p2a: Cobalion|Thunder Wave|p1a: Gallade\n|-status|p1a: Gallade|par\n|move|p1a: Gallade|Agility|p1a: Gallade\n|-boost|p1a: Gallade|spe|2\n|\n|upkeep\n|turn|2\n|\n|t:|1781464503\n|move|p2a: Cobalion|Iron Defense|p2a: Cobalion\n|-boost|p2a: Cobalion|def|2\n|move|p1a: Gallade|Agility|p1a: Gallade\n|-boost|p1a: Gallade|spe|2\n|\n|upkeep\n|turn|3\n|\n|t:|1781464509\n|move|p1a: Gallade|Psycho Cut|p2a: Cobalion\n|-damage|p2a: Cobalion|209/277\n|-damage|p1a: Gallade|216/240 par|[from] item: Life Orb\n|move|p2a: Cobalion|Iron Defense|p2a: Cobalion\n|-boost|p2a: Cobalion|def|2\n|\n|-heal|p2a: Cobalion|226/277|[from] item: Leftovers\n|upkeep\n|turn|4\n|\n|t:|1781464513\n|move|p1a: Gallade|Psycho Cut|p2a: Cobalion\n|-damage|p2a: Cobalion|182/277\n|-damage|p1a: Gallade|192/240 par|[from] item: Life Orb\n|move|p2a: Cobalion|Iron Defense|p2a: Cobalion\n|-boost|p2a: Cobalion|def|2\n|\n|-heal|p2a: Cobalion|199/277|[from] item: Leftovers\n|upkeep\n|turn|5\n|\n|t:|1781464516\n|cant|p1a: Gallade|par\n|move|p2a: Cobalion|Body Press|p1a: Gallade\n|-resisted|p1a: Gallade\n|-damage|p1a: Gallade|0 fnt\n|faint|p1a: Gallade\n|\n|-heal|p2a: Cobalion|216/277|[from] item: Leftovers\n|upkeep\n|\n|t:|1781464523\n|switch|p1a: Seviper|Seviper, L93, F|287/287\n|turn|6\n|\n|t:|1781464531\n|move|p2a: Cobalion|Body Press|p1a: Seviper\n|-resisted|p1a: Seviper\n|-damage|p1a: Seviper|65/287\n|move|p1a: Seviper|Gunk Shot|p2a: Cobalion\n|-crit|p2a: Cobalion\n|-damage|p2a: Cobalion|0 fnt\n|faint|p2a: Cobalion\n|-damage|p1a: Seviper|37/287|[from] item: Life Orb\n|\n|upkeep\n|\n|t:|1781464542\n|switch|p2a: Oricorio|Oricorio-Pa'u, L87, F|272/272\n|turn|7\n|\n|t:|1781464545\n|move|p2a: Oricorio|Revelation Dance|p1a: Seviper\n|-supereffective|p1a: Seviper\n|-damage|p1a: Seviper|0 fnt\n|faint|p1a: Seviper\n|\n|upkeep\n|\n|t:|1781464549\n|switch|p1a: Hydreigon|Hydreigon, L79, M|275/275\n|turn|8\n|\n|t:|1781464563\n|switch|p2a: Milotic|Milotic, L83, F|293/293\n|move|p1a: Hydreigon|Nasty Plot|p1a: Hydreigon\n|-boost|p1a: Hydreigon|spa|2\n|\n|upkeep\n|turn|9\n|\n|t:|1781464568\n|move|p1a: Hydreigon|Dark Pulse|p2a: Milotic\n|-damage|p2a: Milotic|118/293\n|-damage|p1a: Hydreigon|248/275|[from] item: Life Orb\n|cant|p2a: Milotic|flinch\n|\n|-heal|p2a: Milotic|136/293|[from] item: Leftovers\n|upkeep\n|turn|10\n|inactive|Battle timer is ON: inactive players will automatically lose when time's up. (requested by zail95)\n|\n|t:|1781464576\n|move|p1a: Hydreigon|Dark Pulse|p2a: Milotic\n|-damage|p2a: Milotic|0 fnt\n|faint|p2a: Milotic\n|-damage|p1a: Hydreigon|221/275|[from] item: Life Orb\n|\n|upkeep\n|\n|t:|1781464579\n|switch|p2a: Sableye|Sableye, L88, M|231/231\n|turn|11\n|\n|t:|1781464583\n|move|p2a: Sableye|Thunder Wave|p1a: Hydreigon\n|-hint|Since gen 7, Dark is immune to Prankster moves.\n|-immune|p1a: Hydreigon\n|move|p1a: Hydreigon|Dark Pulse|p2a: Sableye\n|-damage|p2a: Sableye|0 fnt\n|faint|p2a: Sableye\n|-damage|p1a: Hydreigon|194/275|[from] item: Life Orb\n|\n|upkeep\n|\n|t:|1781464588\n|switch|p2a: Spidops|Spidops, L96, M|271/271\n|turn|12\n|\n|t:|1781464593\n|move|p1a: Hydreigon|Dark Pulse|p2a: Spidops\n|-damage|p2a: Spidops|47/271\n|-damage|p1a: Hydreigon|167/275|[from] item: Life Orb\n|move|p2a: Spidops|Circle Throw|p1a: Hydreigon|[miss]\n|-miss|p2a: Spidops|p1a: Hydreigon\n|\n|upkeep\n|turn|13\n|\n|t:|1781464600\n|move|p1a: Hydreigon|Dark Pulse|p2a: Spidops\n|-damage|p2a: Spidops|0 fnt\n|faint|p2a: Spidops\n|-damage|p1a: Hydreigon|140/275|[from] item: Life Orb\n|\n|upkeep\n|\n|t:|1781464602\n|switch|p2a: Oricorio|Oricorio-Pa'u, L87, F|272/272\n|turn|14\n|\n|t:|1781464609\n|move|p2a: Oricorio|Hurricane|p1a: Hydreigon|[miss]\n|-miss|p2a: Oricorio|p1a: Hydreigon\n|move|p1a: Hydreigon|Dark Pulse|p2a: Oricorio\n|-supereffective|p2a: Oricorio\n|-damage|p2a: Oricorio|0 fnt\n|faint|p2a: Oricorio\n|-damage|p1a: Hydreigon|113/275|[from] item: Life Orb\n|\n|upkeep\n|\n|t:|1781464611\n|switch|p2a: Torkoal|Torkoal, L88, F|266/266\n|-weather|SunnyDay|[from] ability: Drought|[of] p2a: Torkoal\n|turn|15\n|\n|t:|1781464619\n|-terastallize|p1a: Hydreigon|Dragon\n|move|p1a: Hydreigon|Draco Meteor|p2a: Torkoal\n|-damage|p2a: Torkoal|0 fnt\n|-unboost|p1a: Hydreigon|spa|2\n|faint|p2a: Torkoal\n|-damage|p1a: Hydreigon|86/275|[from] item: Life Orb\n|\n|win|Geljolt67\n|raw|Geljolt67's rating: 1190 &rarr; <strong>1217</strong><br />(+27 for winning)\n|raw|zail95's rating: 1216 &rarr; <strong>1189</strong><br />(-27 for losing)\n|l|\u2606zail95\n|player|p2|\n|c|\u2606Geljolt67|gg\n", "uploadtime": 1781464634, "views": 3, "formatid": "gen9randombattle", "rating": 1189, "private": 0, "password": null}