{"id": "gen9randombattle-2631998422", "format": "[Gen 9] Random Battle", "players": ["Boogey", "Vic_15"], "log": "|j|\u2606Boogey\n|j|\u2606Vic_15\n|t:|1781464319\n|gametype|singles\n|player|p1|Boogey|265|1906\n|player|p2|Vic_15|pryce|1915\n|gen|9\n|tier|[Gen 9] Random Battle\n|rated|\n|rule|Species Clause: Limit one of each Pok\u00e9mon\n|rule|HP Percentage Mod: HP is shown in percentages\n|rule|Sleep Clause Mod: Limit one foe put to sleep\n|rule|Illusion Level Mod: Illusion disguises the Pok\u00e9mon's true level\n|\n|t:|1781464319\n|teamsize|p1|6\n|teamsize|p2|6\n|start\n|switch|p1a: Shaymin|Shaymin, L82|298/298\n|switch|p2a: Toxtricity|Toxtricity, L82, M|257/257\n|turn|1\n|inactive|Battle timer is ON: inactive players will automatically lose when time's up. (requested by Vic_15)\n|\n|t:|1781464329\n|switch|p1a: Hitmontop|Hitmontop, L88, M|231/231\n|switch|p2a: Staraptor|Staraptor, L79, F|263/263\n|\n|upkeep\n|turn|2\n|\n|t:|1781464334\n|switch|p1a: Regice|Regice, L88|284/284\n|move|p2a: Staraptor|U-turn|p1a: Regice\n|-damage|p1a: Regice|214/284\n|\n|t:|1781464340\n|switch|p2a: Okidogi|Okidogi, L77, M|262/262|[from] U-turn\n|\n|upkeep\n|turn|3\n|\n|t:|1781464344\n|switch|p1a: Hitmontop|Hitmontop, L88, M|231/231\n|move|p2a: Okidogi|Knock Off|p1a: Hitmontop\n|-resisted|p1a: Hitmontop\n|-damage|p1a: Hitmontop|198/231\n|-enditem|p1a: Hitmontop|Leftovers|[from] move: Knock Off|[of] p2a: Okidogi\n|\n|upkeep\n|turn|4\n|\n|t:|1781464352\n|move|p1a: Hitmontop|Bulk Up|p1a: Hitmontop\n|-boost|p1a: Hitmontop|atk|1\n|-boost|p1a: Hitmontop|def|1\n|move|p2a: Okidogi|Psychic Fangs|p1a: Hitmontop\n|-supereffective|p1a: Hitmontop\n|-damage|p1a: Hitmontop|116/231\n|\n|upkeep\n|turn|5\n|\n|t:|1781464359\n|switch|p2a: Oricorio|Oricorio-Sensu, L85, M|266/266\n|move|p1a: Hitmontop|Triple Axel|p2a: Oricorio\n|-supereffective|p2a: Oricorio\n|-damage|p2a: Oricorio|184/266\n|-supereffective|p2a: Oricorio\n|-damage|p2a: Oricorio|30/266\n|-supereffective|p2a: Oricorio\n|-crit|p2a: Oricorio\n|-damage|p2a: Oricorio|0 fnt\n|faint|p2a: Oricorio\n|-hitcount|p2: Oricorio|3\n|\n|upkeep\n|\n|t:|1781464370\n|switch|p2a: Staraptor|Staraptor, L79, F|263/263\n|turn|6\n|\n|t:|1781464375\n|-terastallize|p1a: Hitmontop|Ice\n|move|p2a: Staraptor|Brave Bird|p1a: Hitmontop\n|-damage|p1a: Hitmontop|0 fnt\n|faint|p1a: Hitmontop\n|-damage|p2a: Staraptor|225/263|[from] Recoil\n|\n|upkeep\n|c|\u2606Vic_15|lol\n|\n|t:|1781464388\n|switch|p1a: Regice|Regice, L88|214/284\n|turn|7\n|\n|t:|1781464390\n|switch|p2a: Okidogi|Okidogi, L77, M|262/262\n|move|p1a: Regice|Ice Beam|p2a: Okidogi\n|-damage|p2a: Okidogi|181/262\n|\n|upkeep\n|turn|8\n|\n|t:|1781464403\n|switch|p1a: Tatsugiri|Tatsugiri, L87, F|260/260\n|move|p2a: Okidogi|Drain Punch|p1a: Tatsugiri\n|-damage|p1a: Tatsugiri|155/260\n|-heal|p2a: Okidogi|234/262|[from] drain|[of] p1a: Tatsugiri\n|\n|upkeep\n|turn|9\n|\n|t:|1781464411\n|move|p1a: Tatsugiri|Hydro Pump|p2a: Okidogi|[miss]\n|-miss|p1a: Tatsugiri|p2a: Okidogi\n|move|p2a: Okidogi|Gunk Shot|p1a: Tatsugiri\n|-damage|p1a: Tatsugiri|0 fnt\n|faint|p1a: Tatsugiri\n|\n|upkeep\n|\n|t:|1781464423\n|switch|p1a: Dragapult|Dragapult, L77, M|262/262\n|turn|10\n|\n|t:|1781464429\n|move|p1a: Dragapult|Will-O-Wisp|p2a: Okidogi|[miss]\n|-miss|p1a: Dragapult|p2a: Okidogi\n|move|p2a: Okidogi|Knock Off|p1a: Dragapult\n|-supereffective|p1a: Dragapult\n|-damage|p1a: Dragapult|96/262\n|-enditem|p1a: Dragapult|Heavy-Duty Boots|[from] move: Knock Off|[of] p2a: Okidogi\n|\n|upkeep\n|turn|11\n|\n|t:|1781464438\n|switch|p2a: Toxtricity|Toxtricity, L82, M|257/257\n|move|p1a: Dragapult|Will-O-Wisp|p2a: Toxtricity\n|-status|p2a: Toxtricity|brn\n|\n|-damage|p2a: Toxtricity|241/257 brn|[from] brn\n|upkeep\n|turn|12\n|\n|t:|1781464446\n|move|p1a: Dragapult|Hex|p2a: Toxtricity\n|-damage|p2a: Toxtricity|106/257 brn\n|move|p2a: Toxtricity|Shift Gear|p2a: Toxtricity\n|-boost|p2a: Toxtricity|spe|2\n|-boost|p2a: Toxtricity|atk|1\n|\n|-damage|p2a: Toxtricity|90/257 brn|[from] brn\n|upkeep\n|turn|13\n|\n|t:|1781464454\n|switch|p1a: Regice|Regice, L88|214/284\n|move|p2a: Toxtricity|Overdrive|p1a: Regice\n|-damage|p1a: Regice|150/284\n|-enditem|p2a: Toxtricity|Throat Spray\n|-boost|p2a: Toxtricity|spa|1|[from] item: Throat Spray\n|\n|-damage|p2a: Toxtricity|74/257 brn|[from] brn\n|upkeep\n|turn|14\n|\n|t:|1781464463\n|-terastallize|p2a: Toxtricity|Normal\n|move|p2a: Toxtricity|Boomburst|p1a: Regice\n|-damage|p1a: Regice|5/284\n|move|p1a: Regice|Rest|p1a: Regice\n|-status|p1a: Regice|slp|[from] move: Rest\n|-heal|p1a: Regice|284/284 slp|[silent]\n|\n|-damage|p2a: Toxtricity|58/257 brn|[from] brn\n|upkeep\n|turn|15\n|\n|t:|1781464472\n|move|p2a: Toxtricity|Boomburst|p1a: Regice\n|-damage|p1a: Regice|128/284 slp\n|cant|p1a: Regice|slp\n|move|p1a: Regice|Sleep Talk|p1a: Regice\n|move|p1a: Regice|Rest||[from] move: Sleep Talk|[still]\n|-fail|p1a: Regice\n|\n|-damage|p2a: Toxtricity|42/257 brn|[from] brn\n|upkeep\n|turn|16\n|-message|Boogey forfeited.\n|\n|win|Vic_15\n", "inputlog": ">version a8376a258c1d4662feba110a92103f3664a72141\n>start {\"formatid\":\"gen9randombattle\",\"seed\":\"sodium,689b5d1b84b66260d4cfb33e3e2f0d45\",\"rated\":\"Rated battle\"}\n>player p1 {\"name\":\"Boogey\",\"avatar\":\"265\",\"rating\":1906,\"seed\":\"sodium,e1e1c8c550508e482f305d7fcd51b055\"}\n>player p2 {\"name\":\"Vic_15\",\"avatar\":\"pryce\",\"rating\":1915,\"seed\":\"sodium,bd3db65ec70ca4dc1019619b597efb98\"}\n>p1 switch 6\n>p2 switch 2\n>p1 switch 3\n>p2 move uturn\n>p2 switch 3\n>p1 switch 3\n>p2 move knockoff\n>p1 move bulkup\n>p2 move psychicfangs\n>p1 move tripleaxel\n>p2 switch 4\n>p2 switch 3\n>p1 move tripleaxel terastallize\n>p2 move bravebird\n>chat \u2606Vic_15|lol\n>p1 switch 3\n>p1 move icebeam\n>p2 switch 4\n>p1 switch 5\n>p2 move drainpunch\n>p1 move hydropump\n>p2 move gunkshot\n>p1 switch 4\n>p1 move willowisp\n>p2 move knockoff\n>p1 move willowisp\n>p2 switch 2\n>p1 move hex\n>p2 move shiftgear\n>p1 switch 5\n>p2 move overdrive\n>p1 move rest\n>p2 move boomburst terastallize\n>p1 move sleeptalk\n>p2 move boomburst\n>forcelose p1", "uploadtime": 1781464321, "views": 4, "formatid": "gen9randombattle", "rating": null, "private": 0, "password": null}