{"id": "gen9randombattle-2631456803", "format": "[Gen 9] Random Battle", "players": ["Gliese 484", "Fortre"], "log": "|j|\u2606Gliese 484\n|j|\u2606Fortre\n|t:|1781386958\n|gametype|singles\n|player|p1|Gliese 484|170|1921\n|player|p2|Fortre|1|1994\n|gen|9\n|tier|[Gen 9] Random Battle\n|rated|\n|rule|Species Clause: Limit one of each Pok\u00e9mon\n|rule|HP Percentage Mod: HP is shown in percentages\n|rule|Sleep Clause Mod: Limit one foe put to sleep\n|rule|Illusion Level Mod: Illusion disguises the Pok\u00e9mon's true level\n|\n|t:|1781386958\n|teamsize|p1|6\n|teamsize|p2|6\n|start\n|switch|p1a: Grafaiai|Grafaiai, L86, F|249/249\n|switch|p2a: Giratina|Giratina-Origin, L72|335/335\n|turn|1\n|inactive|Battle timer is ON: inactive players will automatically lose when time's up. (requested by Gliese 484)\n|inactive|Fortre has 120 seconds left.\n|\n|t:|1781387000\n|move|p1a: Grafaiai|U-turn|p2a: Giratina\n|-resisted|p2a: Giratina\n|-damage|p2a: Giratina|306/335\n|\n|t:|1781387007\n|switch|p1a: Ho-Oh|Ho-Oh, L71|268/268|[from] U-turn\n|move|p2a: Giratina|Will-O-Wisp|p1a: Ho-Oh\n|-immune|p1a: Ho-Oh\n|\n|upkeep\n|turn|2\n|\n|t:|1781387017\n|move|p2a: Giratina|Poltergeist|p1a: Ho-Oh\n|-activate|p1a: Ho-Oh|move: Poltergeist|Heavy-Duty Boots\n|-damage|p1a: Ho-Oh|118/268\n|move|p1a: Ho-Oh|Sacred Fire|p2a: Giratina\n|-resisted|p2a: Giratina\n|-damage|p2a: Giratina|258/335\n|-status|p2a: Giratina|brn\n|\n|-damage|p2a: Giratina|238/335 brn|[from] brn\n|upkeep\n|turn|3\n|\n|t:|1781387021\n|move|p2a: Giratina|Draco Meteor|p1a: Ho-Oh\n|-damage|p1a: Ho-Oh|3/268\n|-unboost|p2a: Giratina|spa|2\n|move|p1a: Ho-Oh|Recover|p1a: Ho-Oh\n|-heal|p1a: Ho-Oh|137/268\n|\n|-damage|p2a: Giratina|218/335 brn|[from] brn\n|upkeep\n|turn|4\n|\n|t:|1781387031\n|switch|p2a: Keldeo|Keldeo-Resolute, L79|273/273\n|switch|p1a: Ribombee|Ribombee, L83, M|235/235\n|\n|upkeep\n|turn|5\n|\n|t:|1781387037\n|move|p1a: Ribombee|Sticky Web|p2a: Keldeo\n|-sidestart|p2: Fortre|move: Sticky Web\n|move|p2a: Keldeo|Flip Turn|p1a: Ribombee\n|-damage|p1a: Ribombee|171/235\n|\n|t:|1781387044\n|switch|p2a: Gumshoos|Gumshoos, L95, M|321/321|[from] Flip Turn\n|-activate|p2a: Gumshoos|move: Sticky Web\n|-unboost|p2a: Gumshoos|spe|1\n|\n|upkeep\n|turn|6\n|\n|t:|1781387063\n|move|p1a: Ribombee|U-turn|p2a: Gumshoos\n|-damage|p2a: Gumshoos|258/321\n|\n|t:|1781387065\n|switch|p1a: Spectrier|Spectrier, L75|274/274|[from] U-turn\n|move|p2a: Gumshoos|Double-Edge|p1a: Spectrier\n|-immune|p1a: Spectrier\n|\n|upkeep\n|turn|7\n|c|\u2606Gliese 484|Bro you\u2019re gonna hate this\n|\n|t:|1781387083\n|switch|p2a: Whiscash|Whiscash, L88, F|337/337\n|-activate|p2a: Whiscash|move: Sticky Web\n|-unboost|p2a: Whiscash|spe|1\n|move|p1a: Spectrier|Nasty Plot|p1a: Spectrier\n|-boost|p1a: Spectrier|spa|2\n|\n|upkeep\n|turn|8\n|c|\u2606Gliese 484|I got shadow rider calyrex too\n|\n|t:|1781387094\n|move|p1a: Spectrier|Shadow Ball|p2a: Whiscash\n|-damage|p2a: Whiscash|63/337\n|-damage|p1a: Spectrier|247/274|[from] item: Life Orb\n|move|p2a: Whiscash|Earthquake|p1a: Spectrier\n|-damage|p1a: Spectrier|52/274\n|-damage|p2a: Whiscash|30/337|[from] item: Life Orb\n|\n|upkeep\n|turn|9\n|\n|t:|1781387103\n|move|p1a: Spectrier|Draining Kiss|p2a: Whiscash\n|-damage|p2a: Whiscash|0 fnt\n|-heal|p1a: Spectrier|75/274|[from] drain|[of] p2a: Whiscash\n|faint|p2a: Whiscash\n|-ability|p1a: Spectrier|Grim Neigh|boost\n|-boost|p1a: Spectrier|spa|1\n|-damage|p1a: Spectrier|48/274|[from] item: Life Orb\n|\n|upkeep\n|\n|t:|1781387110\n|switch|p2a: Gumshoos|Gumshoos, L95, M|258/321\n|-activate|p2a: Gumshoos|move: Sticky Web\n|-unboost|p2a: Gumshoos|spe|1\n|turn|10\n|c|\u2606Gliese 484|I thought maybe it\u2019s against some species clause but yea\n|\n|t:|1781387119\n|move|p1a: Spectrier|Draining Kiss|p2a: Gumshoos\n|-damage|p2a: Gumshoos|97/321\n|-heal|p1a: Spectrier|169/274|[from] drain|[of] p2a: Gumshoos\n|-damage|p1a: Spectrier|142/274|[from] item: Life Orb\n|move|p2a: Gumshoos|Earthquake|p1a: Spectrier\n|-damage|p1a: Spectrier|0 fnt\n|faint|p1a: Spectrier\n|\n|upkeep\n|\n|t:|1781387128\n|switch|p1a: Ho-Oh|Ho-Oh, L71|226/268\n|turn|11\n|\n|t:|1781387145\n|move|p1a: Ho-Oh|Brave Bird|p2a: Gumshoos\n|-damage|p2a: Gumshoos|0 fnt\n|faint|p2a: Gumshoos\n|-damage|p1a: Ho-Oh|194/268|[from] Recoil\n|\n|upkeep\n|\n|t:|1781387156\n|switch|p2a: Giratina|Giratina-Origin, L72|218/335 brn\n|turn|12\n|\n|t:|1781387172\n|move|p2a: Giratina|Defog|p1a: Ho-Oh\n|-unboost|p1a: Ho-Oh|evasion|1\n|-sideend|p2: Fortre|Sticky Web|[from] move: Defog|[of] p2a: Giratina\n|move|p1a: Ho-Oh|Recover|p1a: Ho-Oh\n|-heal|p1a: Ho-Oh|268/268\n|\n|-damage|p2a: Giratina|198/335 brn|[from] brn\n|upkeep\n|turn|13\n|\n|t:|1781387180\n|switch|p2a: Miraidon|Miraidon, L65|238/238\n|-fieldstart|move: Electric Terrain|[from] ability: Hadron Engine|[of] p2a: Miraidon\n|move|p1a: Ho-Oh|Brave Bird|p2a: Miraidon\n|-resisted|p2a: Miraidon\n|-damage|p2a: Miraidon|167/238\n|-damage|p1a: Ho-Oh|245/268|[from] Recoil\n|\n|upkeep\n|turn|14\n|\n|t:|1781387187\n|switch|p1a: Grafaiai|Grafaiai, L86, F|249/249\n|move|p2a: Miraidon|Electro Drift|p1a: Grafaiai\n|-damage|p1a: Grafaiai|80/249\n|\n|upkeep\n|turn|15\n|\n|t:|1781387192\n|move|p1a: Grafaiai|Knock Off|p2a: Miraidon\n|-damage|p2a: Miraidon|77/238\n|-status|p2a: Miraidon|psn|[from] ability: Poison Touch|[of] p1a: Grafaiai\n|-enditem|p2a: Miraidon|Choice Specs|[from] move: Knock Off|[of] p1a: Grafaiai\n|move|p2a: Miraidon|Electro Drift|p1a: Grafaiai\n|-damage|p1a: Grafaiai|0 fnt\n|faint|p1a: Grafaiai\n|\n|-damage|p2a: Miraidon|48/238 psn|[from] psn\n|upkeep\n|\n|t:|1781387194\n|switch|p1a: Ribombee|Ribombee, L83, M|171/235\n|turn|16\n|\n|t:|1781387198\n|move|p1a: Ribombee|Moonblast|p2a: Miraidon\n|-supereffective|p2a: Miraidon\n|-damage|p2a: Miraidon|0 fnt\n|faint|p2a: Miraidon\n|\n|upkeep\n|\n|t:|1781387201\n|switch|p2a: Gardevoir|Gardevoir, L83, M|249/249\n|-ability|p2a: Gardevoir|Shield Dust|Trace|[from] ability: Trace|[of] p1a: Ribombee\n|turn|17\n|\n|t:|1781387208\n|switch|p1a: Ho-Oh|Ho-Oh, L71|268/268\n|move|p2a: Gardevoir|Psyshock|p1a: Ho-Oh\n|-damage|p1a: Ho-Oh|159/268\n|\n|-fieldend|move: Electric Terrain\n|upkeep\n|turn|18\n|\n|t:|1781387212\n|switch|p1a: Magearna|Magearna-Original, L77|250/250\n|move|p2a: Gardevoir|Psyshock|p1a: Magearna\n|-resisted|p1a: Magearna\n|-damage|p1a: Magearna|206/250\n|\n|-heal|p1a: Magearna|221/250|[from] item: Leftovers\n|upkeep\n|turn|19\n|\n|t:|1781387216\n|switch|p2a: Keldeo|Keldeo-Resolute, L79|273/273\n|move|p1a: Magearna|Thunder Wave|p2a: Keldeo\n|-status|p2a: Keldeo|par\n|\n|-heal|p1a: Magearna|236/250|[from] item: Leftovers\n|upkeep\n|turn|20\n|inactive|Gliese 484 has 120 seconds left.\n|\n|t:|1781387249\n|move|p1a: Magearna|Fleur Cannon|p2a: Keldeo\n|-supereffective|p2a: Keldeo\n|-damage|p2a: Keldeo|0 fnt\n|-unboost|p1a: Magearna|spa|2\n|faint|p2a: Keldeo\n|-ability|p1a: Magearna|Soul-Heart|boost\n|-boost|p1a: Magearna|spa|1\n|\n|-heal|p1a: Magearna|250/250|[from] item: Leftovers\n|upkeep\n|\n|t:|1781387256\n|switch|p2a: Giratina|Giratina-Origin, L72|198/335 brn\n|turn|21\n|-message|Fortre forfeited.\n|\n|win|Gliese 484\n", "inputlog": ">version a8376a258c1d4662feba110a92103f3664a72141\n>start {\"formatid\":\"gen9randombattle\",\"seed\":\"sodium,c6591c92064d226c32e1f1a603a7fc7f\",\"rated\":\"Rated battle\"}\n>player p1 {\"name\":\"Gliese 484\",\"avatar\":\"170\",\"rating\":1921,\"seed\":\"sodium,1f8ec58d84fbbd091f2d049fa3a888d7\"}\n>player p2 {\"name\":\"Fortre\",\"avatar\":\"1\",\"rating\":1994,\"seed\":\"sodium,4790d039d1d7555a15891dcc69132817\"}\n>p1 move uturn\n>p2 move willowisp\n>p1 switch 3\n>p1 move sacredfire\n>p2 move poltergeist\n>p1 move recover\n>p2 move dracometeor\n>p1 switch 2\n>p2 switch 4\n>p1 move stickyweb\n>p2 move flipturn\n>p2 switch 6\n>p1 move uturn\n>p2 move doubleedge\n>p1 switch 4\n>chat \u2606Gliese 484|Bro you\u2019re gonna hate this\n>p1 move nastyplot\n>p2 switch 2\n>chat \u2606Gliese 484|I got shadow rider calyrex too\n>p1 move shadowball\n>p2 move earthquake\n>p1 move drainingkiss\n>p2 move liquidation\n>p2 switch 2\n>chat \u2606Gliese 484|I thought maybe it\u2019s against some species clause but yea\n>p1 move drainingkiss\n>p2 move earthquake\n>p1 switch 2\n>p1 move bravebird\n>p2 move earthquake\n>p2 switch 4\n>p1 move recover\n>p2 move defog\n>p1 move bravebird\n>p2 switch 5\n>p1 switch 3\n>p2 move electrodrift\n>p1 move knockoff\n>p2 move electrodrift\n>p1 switch 4\n>p1 move moonblast\n>p2 move electrodrift\n>p2 switch 3\n>p1 switch 3\n>p2 move psyshock\n>p1 switch 5\n>p2 move psyshock\n>p1 move thunderwave\n>p2 switch 6\n>p1 move fleurcannon\n>p2 move hydropump\n>p2 switch 5\n>forcelose p2", "uploadtime": 1781386959, "views": 6, "formatid": "gen9randombattle", "rating": null, "private": 0, "password": null}