{"id": "gen9randombattle-2631630035", "format": "[Gen 9] Random Battle", "players": ["rosymo", "MakotoV7"], "log": "|j|\u2606rosymo\n|j|\u2606MakotoV7\n|t:|1781411535\n|gametype|singles\n|player|p1|rosymo|dawn|2182\n|player|p2|MakotoV7|steven|2160\n|gen|9\n|tier|[Gen 9] Random Battle\n|rated|\n|rule|Species Clause: Limit one of each Pok\u00e9mon\n|rule|HP Percentage Mod: HP is shown in percentages\n|rule|Sleep Clause Mod: Limit one foe put to sleep\n|rule|Illusion Level Mod: Illusion disguises the Pok\u00e9mon's true level\n|\n|t:|1781411535\n|teamsize|p1|6\n|teamsize|p2|6\n|start\n|switch|p1a: Raikou|Raikou, L81|278/278\n|switch|p2a: Medicham|Medicham, L86, F|243/243\n|-ability|p1a: Raikou|Pressure\n|turn|1\n|inactive|Battle timer is ON: inactive players will automatically lose when time's up. (requested by MakotoV7)\n|\n|t:|1781411551\n|move|p1a: Raikou|Substitute|p1a: Raikou\n|-start|p1a: Raikou|Substitute\n|-damage|p1a: Raikou|209/278\n|move|p2a: Medicham|Close Combat|p1a: Raikou\n|-end|p1a: Raikou|Substitute\n|-unboost|p2a: Medicham|def|1\n|-unboost|p2a: Medicham|spd|1\n|\n|-heal|p1a: Raikou|226/278|[from] item: Leftovers\n|upkeep\n|turn|2\n|\n|t:|1781411555\n|switch|p2a: Farigiraf|Farigiraf, L90, F|362/362\n|move|p1a: Raikou|Substitute|p1a: Raikou\n|-start|p1a: Raikou|Substitute\n|-damage|p1a: Raikou|157/278\n|\n|-heal|p1a: Raikou|174/278|[from] item: Leftovers\n|upkeep\n|turn|3\n|\n|t:|1781411561\n|move|p1a: Raikou|Calm Mind|p1a: Raikou\n|-boost|p1a: Raikou|spa|1\n|-boost|p1a: Raikou|spd|1\n|move|p2a: Farigiraf|Psychic Noise|p1a: Raikou\n|-damage|p1a: Raikou|113/278\n|-start|p1a: Raikou|move: Heal Block\n|\n|upkeep\n|turn|4\n|\n|t:|1781411566\n|move|p1a: Raikou|Thunderbolt|p2a: Farigiraf\n|-crit|p2a: Farigiraf\n|-damage|p2a: Farigiraf|113/362\n|move|p2a: Farigiraf|Psychic Noise|p1a: Raikou\n|-damage|p1a: Raikou|47/278\n|\n|-heal|p2a: Farigiraf|135/362|[from] item: Leftovers\n|-end|p1a: Raikou|move: Heal Block\n|upkeep\n|turn|5\n|\n|t:|1781411572\n|move|p2a: Farigiraf|Protect|p2a: Farigiraf\n|-singleturn|p2a: Farigiraf|Protect\n|move|p1a: Raikou|Thunderbolt|p2a: Farigiraf\n|-activate|p2a: Farigiraf|move: Protect\n|\n|-heal|p1a: Raikou|64/278|[from] item: Leftovers\n|-heal|p2a: Farigiraf|157/362|[from] item: Leftovers\n|upkeep\n|turn|6\n|\n|t:|1781411574\n|move|p1a: Raikou|Thunderbolt|p2a: Farigiraf\n|-damage|p2a: Farigiraf|0 fnt\n|faint|p2a: Farigiraf\n|\n|-heal|p1a: Raikou|81/278|[from] item: Leftovers\n|upkeep\n|\n|t:|1781411586\n|switch|p2a: Spidops|Spidops, L96, M|271/271\n|turn|7\n|\n|t:|1781411597\n|move|p1a: Raikou|Thunderbolt|p2a: Spidops\n|-damage|p2a: Spidops|144/271\n|move|p2a: Spidops|Sticky Web|p1a: Raikou\n|-sidestart|p1: rosymo|move: Sticky Web\n|\n|-heal|p1a: Raikou|98/278|[from] item: Leftovers\n|upkeep\n|turn|8\n|\n|t:|1781411600\n|move|p1a: Raikou|Scald|p2a: Spidops\n|-damage|p2a: Spidops|58/271\n|move|p2a: Spidops|Circle Throw|p1a: Raikou\n|-activate|p1a: Raikou|move: Substitute|[damage]\n|\n|-heal|p1a: Raikou|115/278|[from] item: Leftovers\n|upkeep\n|turn|9\n|\n|t:|1781411604\n|move|p1a: Raikou|Thunderbolt|p2a: Spidops\n|-damage|p2a: Spidops|0 fnt\n|faint|p2a: Spidops\n|\n|-heal|p1a: Raikou|132/278|[from] item: Leftovers\n|upkeep\n|\n|t:|1781411617\n|switch|p2a: Medicham|Medicham, L86, F|243/243\n|turn|10\n|\n|t:|1781411623\n|move|p1a: Raikou|Thunderbolt|p2a: Medicham\n|-damage|p2a: Medicham|74/243\n|move|p2a: Medicham|Close Combat|p1a: Raikou\n|-end|p1a: Raikou|Substitute\n|-unboost|p2a: Medicham|def|1\n|-unboost|p2a: Medicham|spd|1\n|\n|-heal|p1a: Raikou|149/278|[from] item: Leftovers\n|upkeep\n|turn|11\n|\n|t:|1781411629\n|switch|p2a: Moltres|Moltres, L81|278/278\n|move|p1a: Raikou|Scald|p2a: Moltres\n|-supereffective|p2a: Moltres\n|-damage|p2a: Moltres|98/278\n|\n|-heal|p1a: Raikou|166/278|[from] item: Leftovers\n|upkeep\n|turn|12\n|\n|t:|1781411634\n|move|p1a: Raikou|Scald|p2a: Moltres\n|-supereffective|p2a: Moltres\n|-damage|p2a: Moltres|0 fnt\n|faint|p2a: Moltres\n|\n|-heal|p1a: Raikou|183/278|[from] item: Leftovers\n|upkeep\n|\n|t:|1781411636\n|switch|p2a: Skuntank|Skuntank, L84, F|310/310\n|turn|13\n|\n|t:|1781411661\n|move|p1a: Raikou|Scald|p2a: Skuntank\n|-damage|p2a: Skuntank|190/310\n|move|p2a: Skuntank|Knock Off|p1a: Raikou\n|-damage|p1a: Raikou|26/278\n|-enditem|p1a: Raikou|Leftovers|[from] move: Knock Off|[of] p2a: Skuntank\n|-damage|p2a: Skuntank|159/310|[from] item: Life Orb\n|\n|upkeep\n|turn|14\n|\n|t:|1781411666\n|move|p1a: Raikou|Thunderbolt|p2a: Skuntank\n|-damage|p2a: Skuntank|0 fnt\n|faint|p2a: Skuntank\n|\n|upkeep\n|\n|t:|1781411669\n|switch|p2a: Medicham|Medicham, L86, F|74/243\n|turn|15\n|\n|t:|1781411680\n|move|p2a: Medicham|Bullet Punch|p1a: Raikou\n|-resisted|p1a: Raikou\n|-damage|p1a: Raikou|0 fnt\n|faint|p1a: Raikou\n|\n|upkeep\n|\n|t:|1781411683\n|switch|p1a: Skeledirge|Skeledirge, L79, M|294/294\n|turn|16\n|\n|t:|1781411685\n|switch|p2a: Politoed|Politoed, L88, M|302/302\n|-weather|RainDance|[from] ability: Drizzle|[of] p2a: Politoed\n|move|p1a: Skeledirge|Flame Charge|p2a: Politoed\n|-resisted|p2a: Politoed\n|-crit|p2a: Politoed\n|-damage|p2a: Politoed|289/302\n|-boost|p1a: Skeledirge|spe|1\n|\n|-weather|RainDance|[upkeep]\n|upkeep\n|turn|17\n|\n|t:|1781411692\n|switch|p1a: Iron Leaves|Iron Leaves, L80|275/275\n|-activate|p1a: Iron Leaves|move: Sticky Web\n|-unboost|p1a: Iron Leaves|spe|1\n|move|p2a: Politoed|Weather Ball|p1a: Iron Leaves\n|-resisted|p1a: Iron Leaves\n|-damage|p1a: Iron Leaves|170/275\n|\n|-weather|RainDance|[upkeep]\n|upkeep\n|turn|18\n|\n|t:|1781411698\n|move|p2a: Politoed|Weather Ball|p1a: Iron Leaves\n|-resisted|p1a: Iron Leaves\n|-crit|p1a: Iron Leaves\n|-damage|p1a: Iron Leaves|11/275\n|move|p1a: Iron Leaves|Leaf Blade|p2a: Politoed\n|-supereffective|p2a: Politoed\n|-crit|p2a: Politoed\n|-damage|p2a: Politoed|0 fnt\n|faint|p2a: Politoed\n|-damage|p1a: Iron Leaves|0 fnt|[from] item: Life Orb\n|faint|p1a: Iron Leaves\n|-end|p1a: Iron Leaves|Quark Drive|[silent]\n|\n|-weather|RainDance|[upkeep]\n|upkeep\n|\n|t:|1781411712\n|switch|p1a: Zapdos|Zapdos-Galar, L77|265/265\n|switch|p2a: Medicham|Medicham, L86, F|74/243\n|turn|19\n|\n|t:|1781411718\n|move|p1a: Zapdos|Brave Bird|p2a: Medicham\n|-supereffective|p2a: Medicham\n|-damage|p2a: Medicham|0 fnt\n|faint|p2a: Medicham\n|-damage|p1a: Zapdos|241/265|[from] Recoil\n|\n|win|rosymo\n", "inputlog": ">version a8376a258c1d4662feba110a92103f3664a72141\n>start {\"formatid\":\"gen9randombattle\",\"seed\":\"sodium,f5f6f7fdfeebbfb94a22fa8a5ea363ee\",\"rated\":\"Rated battle\"}\n>player p1 {\"name\":\"rosymo\",\"avatar\":\"dawn\",\"rating\":2182,\"seed\":\"sodium,182d00b802483152c27e35b9af95b97d\"}\n>player p2 {\"name\":\"MakotoV7\",\"avatar\":\"steven\",\"rating\":2160,\"seed\":\"sodium,31d3481bdc24fa9d9d55cb044c70414f\"}\n>p1 move substitute\n>p2 move closecombat\n>p1 move substitute\n>p2 switch 2\n>p1 move calmmind\n>p2 move psychicnoise\n>p1 move thunderbolt\n>p2 move psychicnoise\n>p1 move thunderbolt\n>p2 move protect\n>p1 move thunderbolt\n>p2 move wish\n>p2 switch 6\n>p1 move thunderbolt\n>p2 move stickyweb\n>p1 move scald\n>p2 move circlethrow\n>p1 move thunderbolt\n>p2 move uturn\n>p2 switch 2\n>p1 move thunderbolt\n>p2 move closecombat\n>p1 move scald\n>p2 switch 4\n>p1 move scald\n>p2 move fireblast\n>p2 switch 5\n>p1 move scald\n>p2 move knockoff\n>p1 move thunderbolt\n>p2 move knockoff\n>p2 switch 4\n>p1 move thunderbolt\n>p2 move bulletpunch\n>p1 switch 6\n>p1 move flamecharge\n>p2 switch 3\n>p1 switch 4\n>p2 move weatherball\n>p1 move leafblade\n>p2 move weatherball\n>p1 switch 3\n>p2 switch 3\n>p1 move bravebird\n>p2 move zenheadbutt", "uploadtime": 1781411537, "views": 5, "formatid": "gen9randombattle", "rating": null, "private": 0, "password": null}