{"id": "gen9randombattle-2631380313", "format": "[Gen 9] Random Battle", "players": ["novashiii", "Woopes"], "log": "|j|\u2606novashiii\n|j|\u2606Woopes\n|t:|1781377824\n|gametype|singles\n|player|p1|novashiii|waitress|2009\n|player|p2|Woopes|fantina|1967\n|gen|9\n|tier|[Gen 9] Random Battle\n|rated|\n|rule|Species Clause: Limit one of each Pok\u00e9mon\n|rule|HP Percentage Mod: HP is shown in percentages\n|rule|Sleep Clause Mod: Limit one foe put to sleep\n|rule|Illusion Level Mod: Illusion disguises the Pok\u00e9mon's true level\n|\n|t:|1781377824\n|teamsize|p1|6\n|teamsize|p2|6\n|start\n|switch|p1a: Toxtricity|Toxtricity, L82, F|257/257\n|switch|p2a: Roaring Moon|Roaring Moon, L72|270/270\n|turn|1\n|inactive|Battle timer is ON: inactive players will automatically lose when time's up. (requested by Woopes)\n|\n|t:|1781377834\n|switch|p1a: Honchkrow|Honchkrow, L86, F|312/312\n|move|p2a: Roaring Moon|Dragon Dance|p2a: Roaring Moon\n|-boost|p2a: Roaring Moon|atk|1\n|-boost|p2a: Roaring Moon|spe|1\n|\n|upkeep\n|turn|2\n|\n|t:|1781377838\n|move|p2a: Roaring Moon|Outrage|p1a: Honchkrow\n|-damage|p1a: Honchkrow|45/312\n|move|p1a: Honchkrow|Brave Bird|p2a: Roaring Moon\n|-damage|p2a: Roaring Moon|53/270\n|-damage|p1a: Honchkrow|0 fnt|[from] Recoil\n|faint|p1a: Honchkrow\n|\n|upkeep\n|\n|t:|1781377855\n|switch|p1a: Ambipom|Ambipom, L84, F|263/263\n|turn|3\n|\n|t:|1781377858\n|move|p2a: Roaring Moon|Outrage|p1a: Ambipom|[from] lockedmove\n|-damage|p1a: Ambipom|25/263\n|move|p1a: Ambipom|U-turn|p2a: Roaring Moon\n|-supereffective|p2a: Roaring Moon\n|-damage|p2a: Roaring Moon|0 fnt\n|faint|p2a: Roaring Moon\n|-end|p2a: Roaring Moon|Protosynthesis|[silent]\n|\n|t:|1781377862\n|switch|p1a: Leavanny|Leavanny, L86, F|269/269|[from] U-turn\n|\n|upkeep\n|inactive|Woopes has 120 seconds left.\n|\n|t:|1781377903\n|switch|p2a: Victreebel|Victreebel, L90, F|290/290\n|turn|4\n|\n|t:|1781377908\n|switch|p1a: Arceus|Arceus-Poison, L70|284/284\n|move|p2a: Victreebel|Sludge Wave|p1a: Arceus\n|-resisted|p1a: Arceus\n|-damage|p1a: Arceus|214/284\n|-damage|p2a: Victreebel|261/290|[from] item: Life Orb\n|\n|upkeep\n|turn|5\n|\n|t:|1781377912\n|move|p1a: Arceus|Swords Dance|p1a: Arceus\n|-boost|p1a: Arceus|atk|2\n|move|p2a: Victreebel|Sleep Powder|p1a: Arceus\n|-status|p1a: Arceus|slp|[from] move: Sleep Powder\n|\n|upkeep\n|turn|6\n|\n|t:|1781377922\n|switch|p2a: Metagross|Metagross, L79|256/256\n|cant|p1a: Arceus|slp\n|\n|upkeep\n|turn|7\n|\n|t:|1781377927\n|cant|p1a: Arceus|slp\n|move|p2a: Metagross|Stealth Rock|p1a: Arceus\n|-sidestart|p1: novashiii|move: Stealth Rock\n|\n|upkeep\n|turn|8\n|\n|t:|1781377930\n|-curestatus|p1a: Arceus|slp|[msg]\n|move|p1a: Arceus|Swords Dance|p1a: Arceus\n|-boost|p1a: Arceus|atk|2\n|move|p2a: Metagross|Psychic Fangs|p1a: Arceus\n|-supereffective|p1a: Arceus\n|-damage|p1a: Arceus|32/284\n|\n|upkeep\n|turn|9\n|\n|t:|1781377937\n|switch|p2a: Zamazenta|Zamazenta, L71|248/248\n|-ability|p2a: Zamazenta|Dauntless Shield|boost\n|-boost|p2a: Zamazenta|def|1\n|move|p1a: Arceus|Earthquake|p2a: Zamazenta\n|-damage|p2a: Zamazenta|133/248\n|\n|upkeep\n|turn|10\n|\n|t:|1781377946\n|switch|p1a: Ambipom|Ambipom, L84, F|25/263\n|-damage|p1a: Ambipom|0 fnt|[from] Stealth Rock\n|faint|p1a: Ambipom\n|move|p2a: Zamazenta|Psychic Fangs|p1: Ambipom|[notarget]\n|-fail|p2a: Zamazenta\n|\n|upkeep\n|\n|t:|1781377949\n|switch|p1a: Toxtricity|Toxtricity, L82, F|257/257\n|-damage|p1a: Toxtricity|225/257|[from] Stealth Rock\n|turn|11\n|\n|t:|1781377952\n|move|p2a: Zamazenta|Psychic Fangs|p1a: Toxtricity\n|-supereffective|p1a: Toxtricity\n|-damage|p1a: Toxtricity|31/257\n|move|p1a: Toxtricity|Shift Gear|p1a: Toxtricity\n|-boost|p1a: Toxtricity|spe|2\n|-boost|p1a: Toxtricity|atk|1\n|\n|upkeep\n|turn|12\n|\n|t:|1781377956\n|move|p1a: Toxtricity|Boomburst|p2a: Zamazenta\n|-damage|p2a: Zamazenta|0 fnt\n|faint|p2a: Zamazenta\n|-enditem|p1a: Toxtricity|Throat Spray\n|-boost|p1a: Toxtricity|spa|1|[from] item: Throat Spray\n|\n|upkeep\n|\n|t:|1781377964\n|switch|p2a: Victreebel|Victreebel, L90, F|261/290\n|turn|13\n|\n|t:|1781377967\n|move|p2a: Victreebel|Sucker Punch|p1a: Toxtricity\n|-crit|p1a: Toxtricity\n|-damage|p1a: Toxtricity|0 fnt\n|faint|p1a: Toxtricity\n|-damage|p2a: Victreebel|232/290|[from] item: Life Orb\n|\n|upkeep\n|\n|t:|1781377969\n|switch|p1a: Plusle|Plusle, L95, M|268/268\n|-damage|p1a: Plusle|235/268|[from] Stealth Rock\n|turn|14\n|\n|t:|1781377977\n|switch|p2a: Flapple|Flapple, L88, F|266/266\n|move|p1a: Plusle|Nasty Plot|p1a: Plusle\n|-boost|p1a: Plusle|spa|2\n|\n|upkeep\n|turn|15\n|\n|t:|1781377983\n|move|p2a: Flapple|Sucker Punch|p1a: Plusle\n|-damage|p1a: Plusle|26/268\n|move|p1a: Plusle|Alluring Voice|p2a: Flapple\n|-supereffective|p2a: Flapple\n|-damage|p2a: Flapple|0 fnt\n|faint|p2a: Flapple\n|-damage|p1a: Plusle|0 fnt|[from] item: Life Orb\n|faint|p1a: Plusle\n|\n|upkeep\n|\n|t:|1781377987\n|switch|p1a: Leavanny|Leavanny, L86, F|269/269\n|switch|p2a: Metagross|Metagross, L79|256/256\n|turn|16\n|\n|t:|1781377993\n|move|p1a: Leavanny|Knock Off|p2a: Metagross\n|-supereffective|p2a: Metagross\n|-damage|p2a: Metagross|132/256\n|-enditem|p2a: Metagross|Leftovers|[from] move: Knock Off|[of] p1a: Leavanny\n|move|p2a: Metagross|Heavy Slam|p1a: Leavanny\n|-damage|p1a: Leavanny|112/269\n|\n|upkeep\n|turn|17\n|\n|t:|1781377996\n|move|p1a: Leavanny|Knock Off|p2a: Metagross\n|-supereffective|p2a: Metagross\n|-damage|p2a: Metagross|58/256\n|move|p2a: Metagross|Heavy Slam|p1a: Leavanny\n|-damage|p1a: Leavanny|0 fnt\n|faint|p1a: Leavanny\n|\n|upkeep\n|-message|novashiii forfeited.\n|\n|win|Woopes\n|raw|novashiii's rating: 2009 &rarr; <strong>1987</strong><br />(-22 for losing)\n|raw|Woopes's rating: 1967 &rarr; <strong>1989</strong><br />(+22 for winning)\n", "inputlog": ">version a8376a258c1d4662feba110a92103f3664a72141\n>start {\"formatid\":\"gen9randombattle\",\"seed\":\"sodium,4c7a00401ad58df3748f193b539c94b5\",\"rated\":\"Rated battle\"}\n>player p1 {\"name\":\"novashiii\",\"avatar\":\"waitress\",\"rating\":2009,\"seed\":\"sodium,46f1e5c989b2976ce13dc3e83295544b\"}\n>player p2 {\"name\":\"Woopes\",\"avatar\":\"fantina\",\"rating\":1967,\"seed\":\"sodium,aa86535e54135576157a203ca1aade53\"}\n>p1 switch 3\n>p2 move dragondance\n>p1 move bravebird\n>p2 move outrage\n>p1 switch 6\n>p1 move uturn\n>p2 move outrage\n>p1 switch 4\n>p2 switch 5\n>p1 switch 2\n>p2 move sludgewave\n>p1 move swordsdance\n>p2 move sleeppowder\n>p1 move gunkshot\n>p2 switch 6\n>p1 move earthquake\n>p2 move stealthrock\n>p1 move swordsdance\n>p2 move psychicfangs\n>p1 move earthquake\n>p2 switch 2\n>p1 switch 4\n>p2 move psychicfangs\n>p1 switch 3\n>p1 move shiftgear\n>p2 move psychicfangs\n>p1 move boomburst\n>p2 move psychicfangs\n>p2 switch 6\n>p1 move boomburst\n>p2 move suckerpunch\n>p1 switch 5\n>p1 move nastyplot\n>p2 switch 4\n>p1 move alluringvoice\n>p2 move suckerpunch\n>p1 switch 2\n>p2 switch 2\n>p1 move knockoff\n>p2 move heavyslam\n>p1 move knockoff\n>p2 move heavyslam\n>forcelose p1", "uploadtime": 1781377828, "views": 13, "formatid": "gen9randombattle", "rating": 1987, "private": 0, "password": null}