{"id": "gen9randombattle-2631506978", "format": "[Gen 9] Random Battle", "players": ["BigBatzen", "MMF6G"], "log": "|j|\u2606BigBatzen\n|j|\u2606MMF6G\n|t:|1781393926\n|gametype|singles\n|player|p1|BigBatzen|102|2085\n|player|p2|MMF6G|veteran|2066\n|gen|9\n|tier|[Gen 9] Random Battle\n|rated|\n|rule|Species Clause: Limit one of each Pok\u00e9mon\n|rule|HP Percentage Mod: HP is shown in percentages\n|rule|Sleep Clause Mod: Limit one foe put to sleep\n|rule|Illusion Level Mod: Illusion disguises the Pok\u00e9mon's true level\n|\n|t:|1781393926\n|teamsize|p1|6\n|teamsize|p2|6\n|start\n|switch|p1a: Iron Boulder|Iron Boulder, L77|265/265\n|switch|p2a: Magmortar|Magmortar, L88, M|275/275\n|turn|1\n|inactive|Battle timer is ON: inactive players will automatically lose when time's up. (requested by MMF6G)\n|\n|t:|1781393940\n|move|p1a: Iron Boulder|Mighty Cleave|p2a: Magmortar\n|-supereffective|p2a: Magmortar\n|-damage|p2a: Magmortar|0 fnt\n|faint|p2a: Magmortar\n|-damage|p1a: Iron Boulder|239/265|[from] item: Life Orb\n|\n|upkeep\n|\n|t:|1781393943\n|switch|p2a: Tentacruel|Tentacruel, L84, F|272/272\n|turn|2\n|\n|t:|1781393952\n|move|p1a: Iron Boulder|Zen Headbutt|p2a: Tentacruel\n|-supereffective|p2a: Tentacruel\n|-damage|p2a: Tentacruel|20/272\n|-damage|p1a: Iron Boulder|213/265|[from] item: Life Orb\n|move|p2a: Tentacruel|Surf|p1a: Iron Boulder\n|-supereffective|p1a: Iron Boulder\n|-damage|p1a: Iron Boulder|45/265\n|\n|upkeep\n|turn|3\n|\n|t:|1781393958\n|move|p1a: Iron Boulder|Mighty Cleave|p2a: Tentacruel\n|-damage|p2a: Tentacruel|0 fnt\n|faint|p2a: Tentacruel\n|-damage|p1a: Iron Boulder|19/265|[from] item: Life Orb\n|\n|upkeep\n|\n|t:|1781393968\n|switch|p2a: Diancie|Diancie, L82|216/216\n|turn|4\n|\n|t:|1781393976\n|-end|p1a: Iron Boulder|Quark Drive|[silent]\n|switch|p1a: Golurk|Golurk, L87|297/297\n|move|p2a: Diancie|Diamond Storm|p1a: Golurk\n|-resisted|p1a: Golurk\n|-damage|p1a: Golurk|246/297\n|-boost|p2a: Diancie|def|2\n|\n|upkeep\n|turn|5\n|\n|t:|1781393993\n|switch|p2a: Bombirdier|Bombirdier, L85, M|258/258\n|move|p1a: Golurk|Earthquake|p2a: Bombirdier\n|-immune|p2a: Bombirdier\n|\n|upkeep\n|turn|6\n|\n|t:|1781393998\n|switch|p1a: Persian|Persian-Alola, L86, M|252/252\n|move|p2a: Bombirdier|Knock Off|p1a: Persian\n|-resisted|p1a: Persian\n|-damage|p1a: Persian|219/252\n|-enditem|p1a: Persian|Leftovers|[from] move: Knock Off|[of] p2a: Bombirdier\n|\n|upkeep\n|turn|7\n|\n|t:|1781394004\n|switch|p2a: Diancie|Diancie, L82|216/216\n|move|p1a: Persian|Nasty Plot|p1a: Persian\n|-boost|p1a: Persian|spa|2\n|\n|upkeep\n|turn|8\n|\n|t:|1781394011\n|switch|p1a: Golurk|Golurk, L87|246/297\n|move|p2a: Diancie|Moonblast|p1a: Golurk\n|-damage|p1a: Golurk|140/297\n|\n|upkeep\n|turn|9\n|\n|t:|1781394015\n|move|p1a: Golurk|Stone Edge|p2a: Diancie\n|-damage|p2a: Diancie|131/216\n|move|p2a: Diancie|Moonblast|p1a: Golurk\n|-damage|p1a: Golurk|47/297\n|\n|-heal|p2a: Diancie|144/216|[from] item: Leftovers\n|upkeep\n|turn|10\n|\n|t:|1781394018\n|move|p1a: Golurk|Stone Edge|p2a: Diancie\n|-damage|p2a: Diancie|47/216\n|move|p2a: Diancie|Moonblast|p1a: Golurk\n|-damage|p1a: Golurk|0 fnt\n|faint|p1a: Golurk\n|\n|-heal|p2a: Diancie|60/216|[from] item: Leftovers\n|upkeep\n|\n|t:|1781394022\n|switch|p1a: Iron Boulder|Iron Boulder, L77|19/265\n|turn|11\n|\n|t:|1781394025\n|move|p1a: Iron Boulder|Mighty Cleave|p2a: Diancie\n|-damage|p2a: Diancie|0 fnt\n|faint|p2a: Diancie\n|-damage|p1a: Iron Boulder|0 fnt|[from] item: Life Orb\n|faint|p1a: Iron Boulder\n|-end|p1a: Iron Boulder|Quark Drive|[silent]\n|\n|upkeep\n|\n|t:|1781394030\n|switch|p1a: Staraptor|Staraptor, L79, F|263/263\n|switch|p2a: Moltres|Moltres-Galar, L79|271/271\n|turn|12\n|\n|t:|1781394037\n|move|p1a: Staraptor|Brave Bird|p2a: Moltres\n|-damage|p2a: Moltres|19/271\n|-damage|p1a: Staraptor|180/263|[from] Recoil\n|-ability|p2a: Moltres|Berserk|boost\n|-boost|p2a: Moltres|spa|1\n|move|p2a: Moltres|Agility|p2a: Moltres\n|-boost|p2a: Moltres|spe|2\n|\n|upkeep\n|turn|13\n|\n|t:|1781394044\n|move|p2a: Moltres|Fiery Wrath|p1a: Staraptor\n|-damage|p1a: Staraptor|14/263\n|move|p1a: Staraptor|Brave Bird|p2a: Moltres\n|-damage|p2a: Moltres|0 fnt\n|faint|p2a: Moltres\n|-damage|p1a: Staraptor|8/263|[from] Recoil\n|\n|upkeep\n|\n|t:|1781394047\n|switch|p2a: Bombirdier|Bombirdier, L85, M|258/258\n|turn|14\n|\n|t:|1781394050\n|switch|p1a: Persian|Persian-Alola, L86, M|219/252\n|move|p2a: Bombirdier|Knock Off|p1a: Persian\n|-resisted|p1a: Persian\n|-damage|p1a: Persian|195/252\n|\n|upkeep\n|turn|15\n|\n|t:|1781394054\n|move|p1a: Persian|Nasty Plot|p1a: Persian\n|-boost|p1a: Persian|spa|2\n|move|p2a: Bombirdier|U-turn|p1a: Persian\n|-supereffective|p1a: Persian\n|-damage|p1a: Persian|125/252\n|\n|t:|1781394057\n|switch|p2a: Espathra|Espathra, L80, F|283/283|[from] U-turn\n|\n|upkeep\n|turn|16\n|\n|t:|1781394061\n|-terastallize|p2a: Espathra|Fairy\n|move|p1a: Persian|Dark Pulse|p2a: Espathra\n|-resisted|p2a: Espathra\n|-damage|p2a: Espathra|184/283\n|cant|p2a: Espathra|flinch\n|\n|-heal|p2a: Espathra|201/283|[from] item: Leftovers\n|-ability|p2a: Espathra|Speed Boost|boost\n|-boost|p2a: Espathra|spe|1\n|upkeep\n|turn|17\n|\n|t:|1781394068\n|move|p2a: Espathra|Calm Mind|p2a: Espathra\n|-boost|p2a: Espathra|spa|1\n|-boost|p2a: Espathra|spd|1\n|move|p1a: Persian|Thunderbolt|p2a: Espathra\n|-damage|p2a: Espathra|97/283\n|\n|-heal|p2a: Espathra|114/283|[from] item: Leftovers\n|-ability|p2a: Espathra|Speed Boost|boost\n|-boost|p2a: Espathra|spe|1\n|upkeep\n|turn|18\n|\n|t:|1781394071\n|move|p2a: Espathra|Dazzling Gleam|p1a: Persian\n|-supereffective|p1a: Persian\n|-damage|p1a: Persian|0 fnt\n|faint|p1a: Persian\n|\n|-heal|p2a: Espathra|131/283|[from] item: Leftovers\n|-ability|p2a: Espathra|Speed Boost|boost\n|-boost|p2a: Espathra|spe|1\n|upkeep\n|\n|t:|1781394078\n|switch|p1a: Lapras|Lapras, L87, M|367/367\n|turn|19\n|\n|t:|1781394083\n|move|p2a: Espathra|Calm Mind|p2a: Espathra\n|-boost|p2a: Espathra|spa|1\n|-boost|p2a: Espathra|spd|1\n|move|p1a: Lapras|Ice Beam|p2a: Espathra\n|-damage|p2a: Espathra|34/283\n|\n|-heal|p2a: Espathra|51/283|[from] item: Leftovers\n|-ability|p2a: Espathra|Speed Boost|boost\n|-boost|p2a: Espathra|spe|1\n|upkeep\n|turn|20\n|\n|t:|1781394094\n|move|p2a: Espathra|Stored Power|p1a: Lapras\n|-damage|p1a: Lapras|40/367\n|move|p1a: Lapras|Ice Beam|p2a: Espathra\n|-damage|p2a: Espathra|0 fnt\n|faint|p2a: Espathra\n|\n|upkeep\n|\n|t:|1781394096\n|switch|p2a: Bombirdier|Bombirdier, L85, M|258/258\n|turn|21\n|\n|t:|1781394099\n|move|p2a: Bombirdier|Knock Off|p1a: Lapras\n|-damage|p1a: Lapras|0 fnt\n|-enditem|p1a: Lapras|Choice Specs|[from] move: Knock Off|[of] p2a: Bombirdier\n|faint|p1a: Lapras\n|\n|upkeep\n|\n|t:|1781394101\n|switch|p1a: Giratina|Giratina, L75|349/349\n|-ability|p1a: Giratina|Pressure\n|turn|22\n|\n|t:|1781394104\n|-terastallize|p1a: Giratina|Fairy\n|move|p2a: Bombirdier|Knock Off|p1a: Giratina\n|-resisted|p1a: Giratina\n|-damage|p1a: Giratina|297/349\n|-enditem|p1a: Giratina|Leftovers|[from] move: Knock Off|[of] p2a: Bombirdier\n|move|p1a: Giratina|Dragon Pulse|p2a: Bombirdier\n|-damage|p2a: Bombirdier|182/258\n|\n|upkeep\n|turn|23\n|\n|t:|1781394108\n|move|p2a: Bombirdier|Brave Bird|p1a: Giratina\n|-damage|p1a: Giratina|173/349\n|-damage|p2a: Bombirdier|141/258|[from] Recoil\n|move|p1a: Giratina|Dragon Pulse|p2a: Bombirdier\n|-damage|p2a: Bombirdier|62/258\n|\n|upkeep\n|turn|24\n|\n|t:|1781394111\n|move|p2a: Bombirdier|Roost|p2a: Bombirdier\n|-heal|p2a: Bombirdier|191/258\n|-singleturn|p2a: Bombirdier|move: Roost\n|move|p1a: Giratina|Dragon Pulse|p2a: Bombirdier\n|-damage|p2a: Bombirdier|113/258\n|\n|upkeep\n|turn|25\n|\n|t:|1781394115\n|move|p2a: Bombirdier|Roost|p2a: Bombirdier\n|-heal|p2a: Bombirdier|242/258\n|-singleturn|p2a: Bombirdier|move: Roost\n|move|p1a: Giratina|Dragon Pulse|p2a: Bombirdier\n|-damage|p2a: Bombirdier|161/258\n|\n|upkeep\n|turn|26\n|\n|t:|1781394120\n|move|p2a: Bombirdier|Brave Bird|p1a: Giratina\n|-damage|p1a: Giratina|44/349\n|-damage|p2a: Bombirdier|118/258|[from] Recoil\n|move|p1a: Giratina|Dragon Pulse|p2a: Bombirdier\n|-damage|p2a: Bombirdier|40/258\n|\n|upkeep\n|turn|27\n|\n|t:|1781394125\n|move|p2a: Bombirdier|Roost|p2a: Bombirdier\n|-heal|p2a: Bombirdier|169/258\n|-singleturn|p2a: Bombirdier|move: Roost\n|move|p1a: Giratina|Dragon Pulse|p2a: Bombirdier\n|-damage|p2a: Bombirdier|97/258\n|\n|upkeep\n|turn|28\n|\n|t:|1781394128\n|move|p2a: Bombirdier|Roost|p2a: Bombirdier\n|-heal|p2a: Bombirdier|226/258\n|-singleturn|p2a: Bombirdier|move: Roost\n|move|p1a: Giratina|Dragon Pulse|p2a: Bombirdier\n|-damage|p2a: Bombirdier|148/258\n|\n|upkeep\n|turn|29\n|\n|t:|1781394130\n|move|p2a: Bombirdier|Roost|p2a: Bombirdier\n|-heal|p2a: Bombirdier|258/258\n|-singleturn|p2a: Bombirdier|move: Roost\n|move|p1a: Giratina|Dragon Pulse|p2a: Bombirdier\n|-damage|p2a: Bombirdier|186/258\n|\n|upkeep\n|turn|30\n|\n|t:|1781394134\n|move|p2a: Bombirdier|Roost|p2a: Bombirdier\n|-heal|p2a: Bombirdier|258/258\n|-singleturn|p2a: Bombirdier|move: Roost\n|move|p1a: Giratina|Dragon Pulse|p2a: Bombirdier\n|-damage|p2a: Bombirdier|185/258\n|\n|upkeep\n|turn|31\n|\n|t:|1781394137\n|move|p2a: Bombirdier|Brave Bird|p1a: Giratina\n|-damage|p1a: Giratina|0 fnt\n|faint|p1a: Giratina\n|-damage|p2a: Bombirdier|170/258|[from] Recoil\n|\n|upkeep\n|\n|t:|1781394140\n|switch|p1a: Staraptor|Staraptor, L79, F|8/263\n|turn|32\n|\n|t:|1781394143\n|move|p1a: Staraptor|Brave Bird|p2a: Bombirdier\n|-damage|p2a: Bombirdier|0 fnt\n|faint|p2a: Bombirdier\n|-damage|p1a: Staraptor|0 fnt|[from] Recoil\n|faint|p1a: Staraptor\n|\n|win|BigBatzen\n", "inputlog": ">version a8376a258c1d4662feba110a92103f3664a72141\n>start {\"formatid\":\"gen9randombattle\",\"seed\":\"sodium,ece8a629c7227624aa75c884a2f8af9c\",\"rated\":\"Rated battle\"}\n>player p1 {\"name\":\"BigBatzen\",\"avatar\":\"102\",\"rating\":2085,\"seed\":\"sodium,1006db26e805b51504d2ba9ce6c3533c\"}\n>player p2 {\"name\":\"MMF6G\",\"avatar\":\"veteran\",\"rating\":2066,\"seed\":\"sodium,29defa64aff36853de94d3100f8a2b69\"}\n>p1 move mightycleave\n>p2 move willowisp\n>p2 switch 2\n>p1 move zenheadbutt\n>p2 move surf\n>p1 move mightycleave\n>p2 move flipturn\n>p2 switch 5\n>p1 switch 4\n>p2 move diamondstorm\n>p1 move earthquake\n>p2 switch 6\n>p1 switch 6\n>p2 move knockoff\n>p1 move nastyplot\n>p2 switch 6\n>p1 switch 6\n>p2 move moonblast\n>p1 move stoneedge\n>p2 move moonblast\n>p1 move stoneedge\n>p2 move moonblast\n>p1 switch 4\n>p1 move mightycleave\n>p2 move moonblast\n>p1 switch 5\n>p2 switch 3\n>p1 move bravebird\n>p2 move agility\n>p1 move bravebird\n>p2 move fierywrath\n>p2 switch 6\n>p1 switch 6\n>p2 move knockoff\n>p1 move nastyplot\n>p2 move uturn\n>p2 switch 4\n>p1 move darkpulse\n>p2 move substitute terastallize\n>p1 move thunderbolt\n>p2 move calmmind\n>p1 move hypnosis\n>p2 move dazzlinggleam\n>p1 switch 2\n>p1 move icebeam\n>p2 move calmmind\n>p1 move icebeam\n>p2 move storedpower\n>p2 switch 4\n>p1 move icebeam\n>p2 move knockoff\n>p1 switch 3\n>p1 move dragonpulse terastallize\n>p2 move knockoff\n>p1 move dragonpulse\n>p2 move bravebird\n>p1 move dragonpulse\n>p2 move roost\n>p1 move dragonpulse\n>p2 move roost\n>p1 move dragonpulse\n>p2 move bravebird\n>p1 move dragonpulse\n>p2 move roost\n>p1 move dragonpulse\n>p2 move roost\n>p1 move dragonpulse\n>p2 move roost\n>p1 move dragonpulse\n>p2 move roost\n>p1 move dragonpulse\n>p2 move bravebird\n>p1 switch 6\n>p1 move bravebird\n>p2 move roost", "uploadtime": 1781393927, "views": 5, "formatid": "gen9randombattle", "rating": null, "private": 0, "password": null}