{"id": "gen9randombattle-2631875469", "format": "[Gen 9] Random Battle", "players": ["katsuge5", "julfersi1"], "log": "|j|\u2606katsuge5\n|j|\u2606julfersi1\n|t:|1781450859\n|gametype|singles\n|player|p1|katsuge5|101|2282\n|player|p2|julfersi1|169|2230\n|gen|9\n|tier|[Gen 9] Random Battle\n|rated|\n|rule|Species Clause: Limit one of each Pok\u00e9mon\n|rule|HP Percentage Mod: HP is shown in percentages\n|rule|Sleep Clause Mod: Limit one foe put to sleep\n|rule|Illusion Level Mod: Illusion disguises the Pok\u00e9mon's true level\n|\n|t:|1781450859\n|teamsize|p1|6\n|teamsize|p2|6\n|start\n|switch|p1a: Zarude|Zarude, L77|288/288\n|switch|p2a: Virizion|Virizion, L82|283/283\n|turn|1\n|inactive|Battle timer is ON: inactive players will automatically lose when time's up. (requested by katsuge5)\n|\n|t:|1781450875\n|switch|p1a: Zapdos|Zapdos, L78|268/268\n|move|p2a: Virizion|Stone Edge|p1a: Zapdos\n|-supereffective|p1a: Zapdos\n|-damage|p1a: Zapdos|96/268\n|-damage|p2a: Virizion|255/283|[from] item: Life Orb\n|\n|upkeep\n|turn|2\n|\n|t:|1781450881\n|switch|p1a: Overqwil|Overqwil, L82, F|274/274\n|-ability|p1a: Overqwil|Intimidate|boost\n|-unboost|p2a: Virizion|atk|1\n|move|p2a: Virizion|Stone Edge|p1a: Overqwil\n|-damage|p1a: Overqwil|218/274\n|-damage|p2a: Virizion|227/283|[from] item: Life Orb\n|\n|upkeep\n|turn|3\n|\n|t:|1781450886\n|switch|p2a: Annihilape|Annihilape, L76, F|292/292\n|move|p1a: Overqwil|Swords Dance|p1a: Overqwil\n|-boost|p1a: Overqwil|atk|2\n|\n|upkeep\n|turn|4\n|\n|t:|1781450910\n|switch|p2a: Virizion|Virizion, L82|227/283\n|move|p1a: Overqwil|Swords Dance|p1a: Overqwil\n|-boost|p1a: Overqwil|atk|2\n|\n|upkeep\n|turn|5\n|\n|t:|1781450919\n|move|p2a: Virizion|Close Combat|p1a: Overqwil\n|-damage|p1a: Overqwil|80/274\n|-unboost|p2a: Virizion|def|1\n|-unboost|p2a: Virizion|spd|1\n|-damage|p2a: Virizion|199/283|[from] item: Life Orb\n|move|p1a: Overqwil|Scale Shot|p2a: Virizion\n|-damage|p2a: Virizion|92/283\n|-damage|p2a: Virizion|0 fnt\n|faint|p2a: Virizion\n|-hitcount|p2: Virizion|2\n|-unboost|p1a: Overqwil|def|1\n|-boost|p1a: Overqwil|spe|1\n|\n|upkeep\n|\n|t:|1781450933\n|switch|p2a: Lugia|Lugia, L73|275/275\n|turn|6\n|\n|t:|1781450953\n|-terastallize|p2a: Lugia|Ground\n|move|p1a: Overqwil|Crunch|p2a: Lugia\n|-damage|p2a: Lugia|155/275\n|move|p2a: Lugia|Earth Power|p1a: Overqwil\n|-supereffective|p1a: Overqwil\n|-damage|p1a: Overqwil|0 fnt\n|faint|p1a: Overqwil\n|\n|upkeep\n|\n|t:|1781450963\n|switch|p1a: Bruxish|Bruxish, L85, F|254/254\n|turn|7\n|\n|t:|1781450974\n|switch|p2a: Annihilape|Annihilape, L76, F|292/292\n|move|p1a: Bruxish|Wave Crash|p2a: Annihilape\n|-damage|p2a: Annihilape|42/292\n|-damage|p1a: Bruxish|171/254|[from] Recoil\n|\n|upkeep\n|turn|8\n|\n|t:|1781450978\n|move|p1a: Bruxish|Wave Crash|p2a: Annihilape\n|-damage|p2a: Annihilape|0 fnt\n|faint|p2a: Annihilape\n|-damage|p1a: Bruxish|157/254|[from] Recoil\n|\n|upkeep\n|\n|t:|1781450981\n|switch|p2a: Zebstrika|Zebstrika, L87, F|272/272\n|turn|9\n|\n|t:|1781450990\n|switch|p1a: Dunsparce|Dunsparce, L86, M|312/312\n|move|p2a: Zebstrika|Volt Switch|p1a: Dunsparce\n|-damage|p1a: Dunsparce|238/312\n|-damage|p2a: Zebstrika|245/272|[from] item: Life Orb\n|\n|t:|1781450995\n|switch|p2a: Golurk|Golurk, L87|297/297|[from] Volt Switch\n|\n|upkeep\n|turn|10\n|\n|t:|1781451008\n|switch|p1a: Zapdos|Zapdos, L78|96/268\n|move|p2a: Golurk|Dynamic Punch|p1a: Zapdos\n|-resisted|p1a: Zapdos\n|-damage|p1a: Zapdos|27/268\n|-start|p1a: Zapdos|confusion\n|\n|upkeep\n|turn|11\n|\n|t:|1781451022\n|switch|p2a: Lugia|Lugia, L73, tera:Ground|155/275\n|-activate|p1a: Zapdos|confusion\n|-damage|p1a: Zapdos|3/268|[from] confusion\n|\n|upkeep\n|turn|12\n|\n|t:|1781451040\n|switch|p2a: Zebstrika|Zebstrika, L87, F|245/272\n|-activate|p1a: Zapdos|confusion\n|move|p1a: Zapdos|U-turn|p2a: Zebstrika\n|-damage|p2a: Zebstrika|197/272\n|\n|t:|1781451049\n|switch|p1a: Pincurchin|Pincurchin, F|258/258|[from] U-turn\n|-fieldstart|move: Electric Terrain|[from] ability: Electric Surge|[of] p1a: Pincurchin\n|\n|upkeep\n|turn|13\n|\n|t:|1781451053\n|move|p2a: Zebstrika|High Horsepower|p1a: Pincurchin|[miss]\n|-miss|p2a: Zebstrika|p1a: Pincurchin\n|move|p1a: Pincurchin|Liquidation|p2a: Zebstrika\n|-damage|p2a: Zebstrika|92/272\n|-unboost|p2a: Zebstrika|def|1\n|\n|upkeep\n|turn|14\n|\n|t:|1781451066\n|move|p2a: Zebstrika|High Horsepower|p1a: Pincurchin\n|-supereffective|p1a: Pincurchin\n|-damage|p1a: Pincurchin|115/258\n|-damage|p2a: Zebstrika|65/272|[from] item: Life Orb\n|move|p1a: Pincurchin|Liquidation|p2a: Zebstrika\n|-damage|p2a: Zebstrika|0 fnt\n|faint|p2a: Zebstrika\n|\n|-heal|p1a: Pincurchin|131/258|[from] item: Leftovers\n|upkeep\n|l|\u2606julfersi1\n|inactive|julfersi1 disconnected and has a minute to reconnect!\n|player|p2|\n|j|\u2606julfersi1\n|inactive|julfersi1 reconnected and has 135 seconds left.\n|player|p2|julfersi1|169|\n|\n|t:|1781451089\n|switch|p2a: Lugia|Lugia, L73, tera:Ground|155/275\n|turn|15\n|\n|t:|1781451097\n|move|p2a: Lugia|Earth Power|p1a: Pincurchin\n|-supereffective|p1a: Pincurchin\n|-damage|p1a: Pincurchin|15/258\n|move|p1a: Pincurchin|Liquidation|p2a: Lugia\n|-supereffective|p2a: Lugia\n|-damage|p2a: Lugia|3/275\n|\n|-heal|p1a: Pincurchin|31/258|[from] item: Leftovers\n|upkeep\n|turn|16\n|\n|t:|1781451101\n|move|p2a: Lugia|Earth Power|p1a: Pincurchin\n|-supereffective|p1a: Pincurchin\n|-damage|p1a: Pincurchin|0 fnt\n|faint|p1a: Pincurchin\n|\n|-fieldend|move: Electric Terrain\n|upkeep\n|\n|t:|1781451106\n|switch|p1a: Bruxish|Bruxish, L85, F|157/254\n|turn|17\n|\n|t:|1781451110\n|move|p1a: Bruxish|Wave Crash|p2a: Lugia\n|-supereffective|p2a: Lugia\n|-damage|p2a: Lugia|0 fnt\n|faint|p2a: Lugia\n|-damage|p1a: Bruxish|156/254|[from] Recoil\n|\n|upkeep\n|\n|t:|1781451112\n|switch|p2a: Galvantula|Galvantula, L82, M|249/249\n|turn|18\n|\n|t:|1781451131\n|move|p2a: Galvantula|Thunder|p1a: Bruxish\n|-supereffective|p1a: Bruxish\n|-damage|p1a: Bruxish|0 fnt\n|faint|p1a: Bruxish\n|\n|upkeep\n|\n|t:|1781451142\n|switch|p1a: Dunsparce|Dunsparce, L86, M|238/312\n|turn|19\n|\n|t:|1781451150\n|move|p2a: Galvantula|Thunder|p1a: Dunsparce\n|-damage|p1a: Dunsparce|156/312\n|-status|p1a: Dunsparce|par\n|move|p1a: Dunsparce|Coil|p1a: Dunsparce\n|-boost|p1a: Dunsparce|atk|1\n|-boost|p1a: Dunsparce|def|1\n|-boost|p1a: Dunsparce|accuracy|1\n|\n|upkeep\n|turn|20\n|\n|t:|1781451158\n|switch|p2a: Golurk|Golurk, L87|297/297\n|cant|p1a: Dunsparce|par\n|\n|upkeep\n|turn|21\n|\n|t:|1781451184\n|-terastallize|p1a: Dunsparce|Ghost\n|move|p2a: Golurk|Dynamic Punch|p1a: Dunsparce\n|-immune|p1a: Dunsparce\n|move|p1a: Dunsparce|Roost|p1a: Dunsparce\n|-heal|p1a: Dunsparce|312/312 par\n|\n|upkeep\n|turn|22\n|\n|t:|1781451197\n|switch|p2a: Galvantula|Galvantula, L82, M|249/249\n|move|p1a: Dunsparce|Body Slam|p2a: Galvantula\n|-damage|p2a: Galvantula|105/249\n|\n|upkeep\n|turn|23\n|\n|t:|1781451207\n|switch|p2a: Golurk|Golurk, L87|297/297\n|move|p1a: Dunsparce|Earthquake|p2a: Golurk\n|-crit|p2a: Golurk\n|-damage|p2a: Golurk|166/297\n|\n|upkeep\n|turn|24\n|\n|t:|1781451216\n|switch|p1a: Zapdos|Zapdos, L78|3/268\n|move|p2a: Golurk|Poltergeist|p1a: Zapdos\n|-activate|p1a: Zapdos|move: Poltergeist|Heavy-Duty Boots\n|-damage|p1a: Zapdos|0 fnt\n|faint|p1a: Zapdos\n|\n|upkeep\n|\n|t:|1781451219\n|switch|p1a: Zarude|Zarude, L77|288/288\n|turn|25\n|\n|t:|1781451224\n|switch|p2a: Galvantula|Galvantula, L82, M|105/249\n|move|p1a: Zarude|Knock Off|p2a: Galvantula\n|-damage|p2a: Galvantula|0 fnt\n|-enditem|p2a: Galvantula|Heavy-Duty Boots|[from] move: Knock Off|[of] p1a: Zarude\n|faint|p2a: Galvantula\n|\n|upkeep\n|\n|t:|1781451225\n|switch|p2a: Golurk|Golurk, L87|166/297\n|turn|26\n|\n|t:|1781451235\n|move|p1a: Zarude|Knock Off|p2a: Golurk\n|-supereffective|p2a: Golurk\n|-damage|p2a: Golurk|0 fnt\n|-enditem|p2a: Golurk|Choice Band|[from] move: Knock Off|[of] p1a: Zarude\n|faint|p2a: Golurk\n|\n|win|katsuge5\n", "inputlog": ">version a8376a258c1d4662feba110a92103f3664a72141\n>start {\"formatid\":\"gen9randombattle\",\"seed\":\"sodium,63f414d639d66935bf50da937bc797f6\",\"rated\":\"Rated battle\"}\n>player p1 {\"name\":\"katsuge5\",\"avatar\":\"101\",\"rating\":2282,\"seed\":\"sodium,554c6f9d0501dc12584442ddddb50b8f\"}\n>player p2 {\"name\":\"julfersi1\",\"avatar\":\"169\",\"rating\":2230,\"seed\":\"sodium,e907254498a11eaee46b1070d5daa650\"}\n>p1 switch 4\n>p2 move stoneedge\n>p1 switch 2\n>p2 move stoneedge\n>p1 move swordsdance\n>p2 switch 4\n>p1 move swordsdance\n>p2 switch 4\n>p1 move scaleshot\n>p2 move closecombat\n>p2 switch 6\n>p1 move crunch\n>p2 move earthpower terastallize\n>p1 switch 5\n>p1 move wavecrash\n>p2 switch 4\n>p1 move wavecrash\n>p2 move ragefist\n>p2 switch 3\n>p1 switch 6\n>p2 move voltswitch\n>p2 switch 2\n>p1 switch 2\n>p2 move dynamicpunch\n>p1 move hurricane\n>p2 switch 4\n>p1 move uturn\n>p2 switch 2\n>p1 switch 3\n>p1 move liquidation\n>p2 move highhorsepower\n>p1 move liquidation\n>p2 move highhorsepower\n>p2 switch 2\n>p1 move liquidation\n>p2 move earthpower\n>p1 move liquidation\n>p2 move earthpower\n>p1 switch 6\n>p1 move wavecrash\n>p2 move aeroblast\n>p2 switch 5\n>p1 move wavecrash\n>p2 move thunder\n>p1 switch 2\n>p1 move coil\n>p2 move thunder\n>p1 move roost\n>p2 switch 4\n>p1 move roost terastallize\n>p2 move dynamicpunch\n>p1 move bodyslam\n>p2 switch 4\n>p1 move earthquake\n>p2 switch 4\n>p1 switch 3\n>p2 move poltergeist\n>p1 switch 4\n>p1 move knockoff\n>p2 switch 4\n>p2 switch 4\n>p1 move knockoff\n>p2 move poltergeist", "uploadtime": 1781450861, "views": 6, "formatid": "gen9randombattle", "rating": null, "private": 0, "password": null}