{"id": "gen9randombattle-2631473795", "format": "[Gen 9] Random Battle", "players": ["gvdfhfd", "BlueTrane313"], "log": "|j|\u2606gvdfhfd\n|j|\u2606BlueTrane313\n|t:|1781389275\n|gametype|singles\n|player|p1|gvdfhfd|1|1080\n|player|p2|BlueTrane313|emmet|1079\n|gen|9\n|tier|[Gen 9] Random Battle\n|rated|\n|rule|Species Clause: Limit one of each Pok\u00e9mon\n|rule|HP Percentage Mod: HP is shown in percentages\n|rule|Sleep Clause Mod: Limit one foe put to sleep\n|rule|Illusion Level Mod: Illusion disguises the Pok\u00e9mon's true level\n|\n|t:|1781389275\n|teamsize|p1|6\n|teamsize|p2|6\n|start\n|switch|p1a: Gogoat|Gogoat, L88, M|360/360\n|switch|p2a: Iron Bundle|Iron Bundle, L78|215/215\n|turn|1\n|inactive|Battle timer is ON: inactive players will automatically lose when time's up. (requested by gvdfhfd)\n|\n|t:|1781389289\n|switch|p1a: Infernape|Infernape, L82, M|259/259\n|move|p2a: Iron Bundle|Freeze-Dry|p1a: Infernape\n|-resisted|p1a: Infernape\n|-damage|p1a: Infernape|183/259\n|\n|upkeep\n|turn|2\n|\n|t:|1781389304\n|-end|p2a: Iron Bundle|Quark Drive|[silent]\n|switch|p2a: Annihilape|Annihilape, L76, M|292/292\n|move|p1a: Infernape|Close Combat|p2a: Annihilape\n|-immune|p2a: Annihilape\n|\n|upkeep\n|turn|3\n|\n|t:|1781389313\n|switch|p1a: Shaymin|Shaymin, L82|298/298\n|move|p2a: Annihilape|Bulk Up|p2a: Annihilape\n|-boost|p2a: Annihilape|atk|1\n|-boost|p2a: Annihilape|def|1\n|\n|upkeep\n|turn|4\n|\n|t:|1781389333\n|move|p1a: Shaymin|Air Slash|p2a: Annihilape\n|-supereffective|p2a: Annihilape\n|-damage|p2a: Annihilape|184/292\n|move|p2a: Annihilape|Drain Punch|p1a: Shaymin\n|-damage|p1a: Shaymin|201/298\n|-heal|p2a: Annihilape|233/292|[from] drain|[of] p1a: Shaymin\n|\n|-heal|p1a: Shaymin|219/298|[from] item: Leftovers\n|upkeep\n|turn|5\n|\n|t:|1781389343\n|move|p1a: Shaymin|Seed Flare|p2a: Annihilape\n|-damage|p2a: Annihilape|101/292\n|-unboost|p2a: Annihilape|spd|2\n|-ability|p2a: Annihilape|Defiant|boost\n|-boost|p2a: Annihilape|atk|2\n|move|p2a: Annihilape|Rage Fist|p1a: Shaymin\n|-damage|p1a: Shaymin|0 fnt\n|faint|p1a: Shaymin\n|\n|upkeep\n|\n|t:|1781389359\n|switch|p1a: Infernape|Infernape, L82, M|183/259\n|turn|6\n|\n|t:|1781389368\n|-terastallize|p2a: Annihilape|Steel\n|move|p1a: Infernape|Flare Blitz|p2a: Annihilape\n|-supereffective|p2a: Annihilape\n|-damage|p2a: Annihilape|0 fnt\n|faint|p2a: Annihilape\n|-damage|p1a: Infernape|150/259|[from] Recoil\n|\n|upkeep\n|\n|t:|1781389380\n|switch|p2a: Iron Bundle|Iron Bundle, L78|215/215\n|turn|7\n|\n|t:|1781389387\n|switch|p1a: Gogoat|Gogoat, L88, M|360/360\n|move|p2a: Iron Bundle|Hydro Pump|p1a: Gogoat\n|-resisted|p1a: Gogoat\n|-damage|p1a: Gogoat|258/360\n|\n|-heal|p1a: Gogoat|280/360|[from] item: Leftovers\n|upkeep\n|turn|8\n|\n|t:|1781389400\n|-end|p2a: Iron Bundle|Quark Drive|[silent]\n|switch|p2a: Amoonguss|Amoonguss, L82, F|321/321\n|move|p1a: Gogoat|Bulk Up|p1a: Gogoat\n|-boost|p1a: Gogoat|atk|1\n|-boost|p1a: Gogoat|def|1\n|\n|-heal|p1a: Gogoat|302/360|[from] item: Leftovers\n|upkeep\n|turn|9\n|\n|t:|1781389419\n|move|p1a: Gogoat|Bulk Up|p1a: Gogoat\n|-boost|p1a: Gogoat|atk|1\n|-boost|p1a: Gogoat|def|1\n|move|p2a: Amoonguss|Sludge Bomb|p1a: Gogoat\n|-supereffective|p1a: Gogoat\n|-damage|p1a: Gogoat|134/360\n|-status|p1a: Gogoat|psn\n|\n|-heal|p1a: Gogoat|156/360 psn|[from] item: Leftovers\n|-damage|p1a: Gogoat|111/360 psn|[from] psn\n|upkeep\n|turn|10\n|\n|t:|1781389443\n|-terastallize|p1a: Gogoat|Ground\n|move|p1a: Gogoat|Milk Drink|p1a: Gogoat\n|-heal|p1a: Gogoat|291/360 psn\n|move|p2a: Amoonguss|Sludge Bomb|p1a: Gogoat\n|-resisted|p1a: Gogoat\n|-damage|p1a: Gogoat|253/360 psn\n|\n|-heal|p1a: Gogoat|275/360 psn|[from] item: Leftovers\n|-damage|p1a: Gogoat|230/360 psn|[from] psn\n|upkeep\n|turn|11\n|\n|t:|1781389461\n|move|p1a: Gogoat|Milk Drink|p1a: Gogoat\n|-heal|p1a: Gogoat|360/360 psn\n|move|p2a: Amoonguss|Giga Drain|p1a: Gogoat\n|-ability|p1a: Gogoat|Sap Sipper|boost\n|-boost|p1a: Gogoat|atk|1\n|\n|-damage|p1a: Gogoat|315/360 psn|[from] psn\n|upkeep\n|turn|12\n|\n|t:|1781389476\n|switch|p2a: Iron Bundle|Iron Bundle, L78|215/215\n|move|p1a: Gogoat|Earthquake|p2a: Iron Bundle\n|-damage|p2a: Iron Bundle|0 fnt\n|faint|p2a: Iron Bundle\n|-end|p2a: Iron Bundle|Quark Drive|[silent]\n|\n|-heal|p1a: Gogoat|337/360 psn|[from] item: Leftovers\n|-damage|p1a: Gogoat|292/360 psn|[from] psn\n|upkeep\n|\n|t:|1781389488\n|switch|p2a: Cresselia|Cresselia, L80, F|323/323\n|turn|13\n|\n|t:|1781389498\n|move|p2a: Cresselia|Calm Mind|p2a: Cresselia\n|-boost|p2a: Cresselia|spa|1\n|-boost|p2a: Cresselia|spd|1\n|move|p1a: Gogoat|Horn Leech|p2a: Cresselia\n|-damage|p2a: Cresselia|125/323\n|-heal|p1a: Gogoat|360/360 psn|[from] drain|[of] p2a: Cresselia\n|\n|-heal|p2a: Cresselia|145/323|[from] item: Leftovers\n|-damage|p1a: Gogoat|315/360 psn|[from] psn\n|upkeep\n|turn|14\n|\n|t:|1781389511\n|move|p2a: Cresselia|Psyshock|p1a: Gogoat\n|-damage|p1a: Gogoat|257/360 psn\n|move|p1a: Gogoat|Horn Leech|p2a: Cresselia\n|-crit|p2a: Cresselia\n|-damage|p2a: Cresselia|0 fnt\n|-heal|p1a: Gogoat|330/360 psn|[from] drain|[of] p2a: Cresselia\n|faint|p2a: Cresselia\n|\n|-heal|p1a: Gogoat|352/360 psn|[from] item: Leftovers\n|-damage|p1a: Gogoat|307/360 psn|[from] psn\n|upkeep\n|inactive|BlueTrane313 has 120 seconds left.\n|\n|t:|1781389528\n|switch|p2a: Noivern|Noivern, L82, M|274/274\n|turn|15\n|inactive|BlueTrane313 has 120 seconds left.\n|\n|t:|1781389550\n|switch|p1a: Greedent|Greedent, L86, F|347/347\n|move|p2a: Noivern|Hurricane|p1a: Greedent\n|-damage|p1a: Greedent|229/347\n|\n|upkeep\n|turn|16\n|inactive|BlueTrane313 has 120 seconds left.\n|\n|t:|1781389561\n|move|p2a: Noivern|Hurricane|p1a: Greedent|[miss]\n|-miss|p2a: Noivern|p1a: Greedent\n|move|p1a: Greedent|Double-Edge|p2a: Noivern\n|-damage|p2a: Noivern|138/274\n|-damage|p1a: Greedent|184/347|[from] Recoil\n|\n|upkeep\n|turn|17\n|inactive|BlueTrane313 has 120 seconds left.\n|\n|t:|1781389572\n|move|p2a: Noivern|Draco Meteor|p1a: Greedent\n|-damage|p1a: Greedent|52/347\n|-unboost|p2a: Noivern|spa|2\n|-enditem|p1a: Greedent|Sitrus Berry|[eat]\n|-heal|p1a: Greedent|138/347|[from] item: Sitrus Berry\n|-heal|p1a: Greedent|253/347|[from] ability: Cheek Pouch\n|move|p1a: Greedent|Double-Edge|p2a: Noivern\n|-damage|p2a: Noivern|2/274\n|-damage|p1a: Greedent|208/347|[from] Recoil\n|\n|upkeep\n|turn|18\n|inactive|BlueTrane313 has 120 seconds left.\n|\n|t:|1781389587\n|switch|p2a: Amoonguss|Amoonguss, L82, F|321/321\n|move|p1a: Greedent|Swords Dance|p1a: Greedent\n|-boost|p1a: Greedent|atk|2\n|\n|upkeep\n|turn|19\n|inactive|BlueTrane313 has 120 seconds left.\n|\n|t:|1781389596\n|move|p2a: Amoonguss|Spore|p1a: Greedent\n|-status|p1a: Greedent|slp|[from] move: Spore\n|cant|p1a: Greedent|slp\n|\n|upkeep\n|turn|20\n|\n|t:|1781389605\n|move|p2a: Amoonguss|Sludge Bomb|p1a: Greedent\n|-damage|p1a: Greedent|120/347 slp\n|cant|p1a: Greedent|slp\n|\n|upkeep\n|turn|21\n|\n|t:|1781389611\n|move|p2a: Amoonguss|Sludge Bomb|p1a: Greedent\n|-damage|p1a: Greedent|32/347 slp\n|cant|p1a: Greedent|slp\n|\n|upkeep\n|turn|22\n|\n|t:|1781389624\n|move|p2a: Amoonguss|Sludge Bomb|p1a: Greedent\n|-damage|p1a: Greedent|0 fnt\n|faint|p1a: Greedent\n|\n|upkeep\n|\n|t:|1781389627\n|switch|p1a: Infernape|Infernape, L82, M|150/259\n|turn|23\n|\n|t:|1781389636\n|move|p1a: Infernape|Flare Blitz|p2a: Amoonguss\n|-supereffective|p2a: Amoonguss\n|-damage|p2a: Amoonguss|0 fnt\n|-damage|p1a: Infernape|107/259|[from] item: Rocky Helmet|[of] p2a: Amoonguss\n|faint|p2a: Amoonguss\n|-damage|p1a: Infernape|1/259|[from] Recoil\n|\n|upkeep\n|\n|t:|1781389650\n|switch|p2a: Noivern|Noivern, L82, M|2/274\n|turn|24\n|\n|t:|1781389655\n|move|p2a: Noivern|Flamethrower|p1a: Infernape\n|-resisted|p1a: Infernape\n|-damage|p1a: Infernape|0 fnt\n|faint|p1a: Infernape\n|\n|upkeep\n|\n|t:|1781389659\n|switch|p1a: Terrakion|Terrakion, L79|273/273\n|turn|25\n|\n|t:|1781389669\n|move|p1a: Terrakion|Quick Attack|p2a: Noivern\n|-damage|p2a: Noivern|0 fnt\n|faint|p2a: Noivern\n|\n|upkeep\n|\n|t:|1781389674\n|switch|p2a: Meganium|Meganium, L90, F|290/290\n|turn|26\n|\n|t:|1781389681\n|switch|p1a: Gogoat|Gogoat, L88, M, tera:Ground|307/360 psn\n|move|p2a: Meganium|Encore||[still]\n|-fail|p2a: Meganium\n|\n|-heal|p1a: Gogoat|329/360 psn|[from] item: Leftovers\n|-damage|p1a: Gogoat|284/360 psn|[from] psn\n|upkeep\n|turn|27\n|\n|t:|1781389690\n|move|p2a: Meganium|Knock Off|p1a: Gogoat\n|-damage|p1a: Gogoat|199/360 psn\n|-enditem|p1a: Gogoat|Leftovers|[from] move: Knock Off|[of] p2a: Meganium\n|move|p1a: Gogoat|Bulk Up|p1a: Gogoat\n|-boost|p1a: Gogoat|atk|1\n|-boost|p1a: Gogoat|def|1\n|\n|-damage|p1a: Gogoat|154/360 psn|[from] psn\n|upkeep\n|turn|28\n|\n|t:|1781389701\n|move|p2a: Meganium|Knock Off|p1a: Gogoat\n|-crit|p1a: Gogoat\n|-damage|p1a: Gogoat|69/360 psn\n|move|p1a: Gogoat|Milk Drink|p1a: Gogoat\n|-heal|p1a: Gogoat|249/360 psn\n|\n|-damage|p1a: Gogoat|204/360 psn|[from] psn\n|upkeep\n|turn|29\n|\n|t:|1781389709\n|move|p2a: Meganium|Knock Off|p1a: Gogoat\n|-damage|p1a: Gogoat|161/360 psn\n|move|p1a: Gogoat|Milk Drink|p1a: Gogoat\n|-heal|p1a: Gogoat|341/360 psn\n|\n|-damage|p1a: Gogoat|296/360 psn|[from] psn\n|upkeep\n|turn|30\n|\n|t:|1781389718\n|move|p2a: Meganium|Knock Off|p1a: Gogoat\n|-damage|p1a: Gogoat|257/360 psn\n|move|p1a: Gogoat|Bulk Up|p1a: Gogoat\n|-boost|p1a: Gogoat|atk|1\n|-boost|p1a: Gogoat|def|1\n|\n|-damage|p1a: Gogoat|212/360 psn|[from] psn\n|upkeep\n|turn|31\n|\n|t:|1781389734\n|move|p2a: Meganium|Knock Off|p1a: Gogoat\n|-damage|p1a: Gogoat|185/360 psn\n|move|p1a: Gogoat|Milk Drink|p1a: Gogoat\n|-heal|p1a: Gogoat|360/360 psn\n|\n|-damage|p1a: Gogoat|315/360 psn|[from] psn\n|upkeep\n|turn|32\n|\n|t:|1781389744\n|move|p2a: Meganium|Knock Off|p1a: Gogoat\n|-damage|p1a: Gogoat|288/360 psn\n|move|p1a: Gogoat|Earthquake|p2a: Meganium\n|-resisted|p2a: Meganium\n|-damage|p2a: Meganium|195/290\n|\n|-heal|p2a: Meganium|213/290|[from] item: Leftovers\n|-damage|p1a: Gogoat|243/360 psn|[from] psn\n|upkeep\n|turn|33\n|\n|t:|1781389756\n|move|p2a: Meganium|Encore|p1a: Gogoat\n|-start|p1a: Gogoat|Encore\n|move|p1a: Gogoat|Earthquake|p2a: Meganium\n|-resisted|p2a: Meganium\n|-damage|p2a: Meganium|112/290\n|\n|-heal|p2a: Meganium|130/290|[from] item: Leftovers\n|-damage|p1a: Gogoat|198/360 psn|[from] psn\n|upkeep\n|turn|34\n|\n|t:|1781389766\n|move|p2a: Meganium|Knock Off|p1a: Gogoat\n|-damage|p1a: Gogoat|167/360 psn\n|move|p1a: Gogoat|Earthquake|p2a: Meganium\n|-resisted|p2a: Meganium\n|-damage|p2a: Meganium|34/290\n|\n|-heal|p2a: Meganium|52/290|[from] item: Leftovers\n|-damage|p1a: Gogoat|122/360 psn|[from] psn\n|upkeep\n|turn|35\n|\n|t:|1781389778\n|move|p2a: Meganium|Synthesis|p2a: Meganium\n|-heal|p2a: Meganium|197/290\n|move|p1a: Gogoat|Earthquake|p2a: Meganium\n|-resisted|p2a: Meganium\n|-damage|p2a: Meganium|88/290\n|\n|-heal|p2a: Meganium|106/290|[from] item: Leftovers\n|-damage|p1a: Gogoat|77/360 psn|[from] psn\n|-end|p1a: Gogoat|Encore\n|upkeep\n|turn|36\n|\n|t:|1781389790\n|move|p2a: Meganium|Synthesis|p2a: Meganium\n|-heal|p2a: Meganium|251/290\n|move|p1a: Gogoat|Earthquake|p2a: Meganium\n|-resisted|p2a: Meganium\n|-damage|p2a: Meganium|149/290\n|\n|-heal|p2a: Meganium|167/290|[from] item: Leftovers\n|-damage|p1a: Gogoat|32/360 psn|[from] psn\n|upkeep\n|turn|37\n|\n|t:|1781389800\n|move|p2a: Meganium|Encore|p1a: Gogoat\n|-start|p1a: Gogoat|Encore\n|move|p1a: Gogoat|Earthquake|p2a: Meganium\n|-resisted|p2a: Meganium\n|-damage|p2a: Meganium|62/290\n|\n|-heal|p2a: Meganium|80/290|[from] item: Leftovers\n|-damage|p1a: Gogoat|0 fnt|[from] psn\n|faint|p1a: Gogoat\n|upkeep\n|\n|t:|1781389804\n|switch|p1a: Terrakion|Terrakion, L79|273/273\n|turn|38\n|\n|t:|1781389813\n|move|p1a: Terrakion|Close Combat|p2a: Meganium\n|-damage|p2a: Meganium|0 fnt\n|-unboost|p1a: Terrakion|def|1\n|-unboost|p1a: Terrakion|spd|1\n|faint|p2a: Meganium\n|\n|win|gvdfhfd\n|raw|gvdfhfd's rating: 1080 &rarr; <strong>1108</strong><br />(+28 for winning)\n|raw|BlueTrane313's rating: 1079 &rarr; <strong>1057</strong><br />(-22 for losing)\n|l|\u2606BlueTrane313\n|player|p2|\n", "inputlog": ">version a8376a258c1d4662feba110a92103f3664a72141\n>start {\"formatid\":\"gen9randombattle\",\"seed\":\"sodium,c4cbb6bc4ac9315cee2a59b15064e953\",\"rated\":\"Rated battle\"}\n>player p1 {\"name\":\"gvdfhfd\",\"avatar\":\"1\",\"rating\":1080,\"seed\":\"sodium,368e2772f99f1cd9885d46f3316ff449\"}\n>player p2 {\"name\":\"BlueTrane313\",\"avatar\":\"emmet\",\"rating\":1079,\"seed\":\"sodium,56b4b4ca270acc68981518aff7a63edb\"}\n>p1 switch 3\n>p2 move freezedry\n>p1 move closecombat\n>p2 switch 4\n>p1 switch 6\n>p2 move bulkup\n>p1 move airslash\n>p2 move drainpunch\n>p1 move seedflare\n>p2 move ragefist\n>p1 switch 6\n>p1 move flareblitz\n>p2 move rest terastallize\n>p2 switch 4\n>p1 switch 3\n>p2 move hydropump\n>p1 move bulkup\n>p2 switch 6\n>p1 move bulkup\n>p2 move sludgebomb\n>p1 move milkdrink terastallize\n>p2 move sludgebomb\n>p1 move milkdrink\n>p2 move gigadrain\n>p1 move earthquake\n>p2 switch 6\n>p2 switch 3\n>p1 move hornleech\n>p2 move calmmind\n>p1 move hornleech\n>p2 move psyshock\n>p2 switch 5\n>p1 switch 5\n>p2 move hurricane\n>p1 move doubleedge\n>p2 move hurricane\n>p1 move doubleedge\n>p2 move dracometeor\n>p1 move swordsdance\n>p2 switch 6\n>p1 move doubleedge\n>p2 move spore\n>p1 move doubleedge\n>p2 move sludgebomb\n>p1 move doubleedge\n>p2 move sludgebomb\n>p1 move doubleedge\n>p2 move sludgebomb\n>p1 switch 3\n>p1 move flareblitz\n>p2 move spore\n>p2 switch 6\n>p1 move flareblitz\n>p2 move flamethrower\n>p1 switch 2\n>p1 move quickattack\n>p2 move dracometeor\n>p2 switch 2\n>p1 switch 5\n>p2 move encore\n>p1 move bulkup\n>p2 move knockoff\n>p1 move milkdrink\n>p2 move knockoff\n>p1 move milkdrink\n>p2 move knockoff\n>p1 move bulkup\n>p2 move knockoff\n>p1 move milkdrink\n>p2 move knockoff\n>p1 move earthquake\n>p2 move knockoff\n>p1 move earthquake\n>p2 move encore\n>p1 move earthquake\n>p2 move knockoff\n>p1 move earthquake\n>p2 move synthesis\n>p1 move earthquake\n>p2 move synthesis\n>p1 move earthquake\n>p2 move encore\n>p1 switch 5\n>p1 move closecombat\n>p2 move synthesis", "uploadtime": 1781389820, "views": 4, "formatid": "gen9randombattle", "rating": 1057, "private": 0, "password": null}