{"id": "gen9randombattle-2631709283", "format": "[Gen 9] Random Battle", "players": ["Green Calf", "junghoking"], "log": "|j|\u2606Green Calf\n|j|\u2606junghoking\n|t:|1781426130\n|gametype|singles\n|player|p1|Green Calf|266|1908\n|player|p2|junghoking|nate|1928\n|gen|9\n|tier|[Gen 9] Random Battle\n|rated|\n|rule|Species Clause: Limit one of each Pok\u00e9mon\n|rule|HP Percentage Mod: HP is shown in percentages\n|rule|Sleep Clause Mod: Limit one foe put to sleep\n|rule|Illusion Level Mod: Illusion disguises the Pok\u00e9mon's true level\n|\n|t:|1781426130\n|teamsize|p1|6\n|teamsize|p2|6\n|start\n|switch|p1a: Regigigas|Regigigas, L84|322/322\n|switch|p2a: Revavroom|Revavroom, L79, F|256/256\n|-start|p1a: Regigigas|ability: Slow Start\n|turn|1\n|inactive|Battle timer is ON: inactive players will automatically lose when time's up. (requested by junghoking)\n|\n|t:|1781426157\n|switch|p1a: Bronzong|Bronzong, L88|261/261\n|move|p2a: Revavroom|Shift Gear|p2a: Revavroom\n|-boost|p2a: Revavroom|spe|2\n|-boost|p2a: Revavroom|atk|1\n|\n|upkeep\n|turn|2\n|\n|t:|1781426185\n|switch|p2a: Volcarona|Volcarona, L77, M|257/257\n|move|p1a: Bronzong|Earthquake|p2a: Volcarona\n|-damage|p2a: Volcarona|165/257\n|\n|upkeep\n|turn|3\n|\n|t:|1781426190\n|move|p2a: Volcarona|Quiver Dance|p2a: Volcarona\n|-boost|p2a: Volcarona|spa|1\n|-boost|p2a: Volcarona|spd|1\n|-boost|p2a: Volcarona|spe|1\n|move|p1a: Bronzong|Hypnosis|p2a: Volcarona\n|-status|p2a: Volcarona|slp|[from] move: Hypnosis\n|\n|upkeep\n|turn|4\n|\n|t:|1781426194\n|cant|p2a: Volcarona|slp\n|move|p1a: Bronzong|Earthquake|p2a: Volcarona\n|-damage|p2a: Volcarona|69/257 slp\n|\n|upkeep\n|turn|5\n|\n|t:|1781426196\n|cant|p2a: Volcarona|slp\n|move|p1a: Bronzong|Earthquake|p2a: Volcarona\n|-damage|p2a: Volcarona|0 fnt\n|faint|p2a: Volcarona\n|\n|upkeep\n|\n|t:|1781426199\n|switch|p2a: Incineroar|Incineroar, L82, F|290/290\n|-ability|p2a: Incineroar|Intimidate|boost\n|-unboost|p1a: Bronzong|atk|1\n|turn|6\n|\n|t:|1781426204\n|switch|p1a: Torkoal|Torkoal, L88, F|266/266\n|-weather|SunnyDay|[from] ability: Drought|[of] p1a: Torkoal\n|move|p2a: Incineroar|Trailblaze|p1a: Torkoal\n|-resisted|p1a: Torkoal\n|-damage|p1a: Torkoal|253/266\n|-boost|p2a: Incineroar|spe|1\n|\n|-weather|SunnyDay|[upkeep]\n|upkeep\n|turn|7\n|\n|t:|1781426209\n|move|p2a: Incineroar|Swords Dance|p2a: Incineroar\n|-boost|p2a: Incineroar|atk|2\n|move|p1a: Torkoal|Yawn|p2a: Incineroar\n|-start|p2a: Incineroar|move: Yawn|[of] p1a: Torkoal\n|\n|-weather|SunnyDay|[upkeep]\n|upkeep\n|turn|8\n|\n|t:|1781426211\n|move|p2a: Incineroar|Knock Off|p1a: Torkoal\n|-damage|p1a: Torkoal|94/266\n|-enditem|p1a: Torkoal|Heavy-Duty Boots|[from] move: Knock Off|[of] p2a: Incineroar\n|move|p1a: Torkoal|Earthquake|p2a: Incineroar\n|-supereffective|p2a: Incineroar\n|-damage|p2a: Incineroar|146/290\n|\n|-weather|SunnyDay|[upkeep]\n|-end|p2a: Incineroar|move: Yawn|[silent]\n|-status|p2a: Incineroar|slp\n|upkeep\n|turn|9\n|\n|t:|1781426224\n|cant|p2a: Incineroar|slp\n|move|p1a: Torkoal|Earthquake|p2a: Incineroar\n|-supereffective|p2a: Incineroar\n|-damage|p2a: Incineroar|0 fnt\n|faint|p2a: Incineroar\n|\n|-weather|SunnyDay|[upkeep]\n|upkeep\n|\n|t:|1781426227\n|switch|p2a: Toedscruel|Toedscruel, L87, F|281/281\n|turn|10\n|\n|t:|1781426244\n|switch|p1a: Tropius|Tropius, L91, F|328/328\n|move|p2a: Toedscruel|Earth Power|p1a: Tropius\n|-immune|p1a: Tropius\n|\n|-weather|none\n|upkeep\n|turn|11\n|\n|t:|1781426246\n|move|p1a: Tropius|Air Slash|p2a: Toedscruel\n|-supereffective|p2a: Toedscruel\n|-damage|p2a: Toedscruel|159/281\n|cant|p2a: Toedscruel|flinch\n|\n|-heal|p2a: Toedscruel|176/281|[from] item: Leftovers\n|upkeep\n|turn|12\n|\n|t:|1781426253\n|move|p1a: Tropius|Air Slash|p2a: Toedscruel\n|-supereffective|p2a: Toedscruel\n|-damage|p2a: Toedscruel|68/281\n|cant|p2a: Toedscruel|flinch\n|\n|-heal|p2a: Toedscruel|85/281|[from] item: Leftovers\n|upkeep\n|turn|13\n|\n|t:|1781426259\n|move|p1a: Tropius|Air Slash|p2a: Toedscruel\n|-supereffective|p2a: Toedscruel\n|-damage|p2a: Toedscruel|0 fnt\n|faint|p2a: Toedscruel\n|\n|upkeep\n|\n|t:|1781426266\n|switch|p2a: Revavroom|Revavroom, L79, F|256/256\n|turn|14\n|\n|t:|1781426285\n|move|p2a: Revavroom|Shift Gear|p2a: Revavroom\n|-boost|p2a: Revavroom|spe|2\n|-boost|p2a: Revavroom|atk|1\n|move|p1a: Tropius|Leech Seed|p2a: Revavroom\n|-start|p2a: Revavroom|move: Leech Seed\n|\n|-damage|p2a: Revavroom|224/256|[from] Leech Seed|[of] p1a: Tropius\n|upkeep\n|turn|15\n|\n|t:|1781426290\n|move|p1a: Tropius|Protect|p1a: Tropius\n|-singleturn|p1a: Tropius|Protect\n|move|p2a: Revavroom|Gunk Shot|p1a: Tropius\n|-activate|p1a: Tropius|move: Protect\n|\n|-damage|p2a: Revavroom|192/256|[from] Leech Seed|[of] p1a: Tropius\n|upkeep\n|turn|16\n|\n|t:|1781426308\n|switch|p1a: Bronzong|Bronzong, L88|261/261\n|move|p2a: Revavroom|Gunk Shot|p1a: Bronzong\n|-immune|p1a: Bronzong\n|\n|-damage|p2a: Revavroom|160/256|[from] Leech Seed|[of] p1a: Bronzong\n|upkeep\n|turn|17\n|\n|t:|1781426313\n|switch|p2a: Gardevoir|Gardevoir, L83, M|249/249\n|-ability|p2a: Gardevoir|Levitate|Trace|[from] ability: Trace|[of] p1a: Bronzong\n|move|p1a: Bronzong|Earthquake|p2a: Gardevoir\n|-immune|p2a: Gardevoir|[from] ability: Levitate\n|\n|upkeep\n|turn|18\n|\n|t:|1781426338\n|move|p2a: Gardevoir|Focus Blast|p1a: Bronzong\n|-damage|p1a: Bronzong|182/261\n|move|p1a: Bronzong|Iron Head|p2a: Gardevoir\n|-supereffective|p2a: Gardevoir\n|-damage|p2a: Gardevoir|25/249\n|\n|-heal|p1a: Bronzong|198/261|[from] item: Leftovers\n|upkeep\n|turn|19\n|\n|t:|1781426347\n|move|p2a: Gardevoir|Focus Blast|p1a: Bronzong\n|-damage|p1a: Bronzong|118/261\n|move|p1a: Bronzong|Iron Head|p2a: Gardevoir\n|-supereffective|p2a: Gardevoir\n|-damage|p2a: Gardevoir|0 fnt\n|faint|p2a: Gardevoir\n|\n|-heal|p1a: Bronzong|134/261|[from] item: Leftovers\n|upkeep\n|\n|t:|1781426349\n|switch|p2a: Arceus|Arceus-Bug, L73|295/295\n|turn|20\n|\n|t:|1781426360\n|move|p2a: Arceus|Calm Mind|p2a: Arceus\n|-boost|p2a: Arceus|spa|1\n|-boost|p2a: Arceus|spd|1\n|move|p1a: Bronzong|Hypnosis|p2a: Arceus\n|-status|p2a: Arceus|slp|[from] move: Hypnosis\n|\n|-heal|p1a: Bronzong|150/261|[from] item: Leftovers\n|upkeep\n|turn|21\n|\n|t:|1781426365\n|switch|p1a: Torkoal|Torkoal, L88, F|94/266\n|-weather|SunnyDay|[from] ability: Drought|[of] p1a: Torkoal\n|cant|p2a: Arceus|slp\n|\n|-weather|SunnyDay|[upkeep]\n|upkeep\n|turn|22\n|\n|t:|1781426369\n|-terastallize|p2a: Arceus|Fire\n|cant|p2a: Arceus|slp\n|move|p1a: Torkoal|Fire Blast|p2a: Arceus\n|-resisted|p2a: Arceus\n|-damage|p2a: Arceus|246/295 slp\n|\n|-weather|SunnyDay|[upkeep]\n|upkeep\n|turn|23\n|\n|t:|1781426374\n|-curestatus|p2a: Arceus|slp|[msg]\n|move|p2a: Arceus|Calm Mind|p2a: Arceus\n|-boost|p2a: Arceus|spa|1\n|-boost|p2a: Arceus|spd|1\n|move|p1a: Torkoal|Earthquake|p2a: Arceus\n|-supereffective|p2a: Arceus\n|-damage|p2a: Arceus|128/295\n|\n|-weather|SunnyDay|[upkeep]\n|upkeep\n|turn|24\n|\n|t:|1781426377\n|move|p2a: Arceus|Fire Blast|p1a: Torkoal|[miss]\n|-miss|p2a: Arceus|p1a: Torkoal\n|move|p1a: Torkoal|Earthquake|p2a: Arceus\n|-supereffective|p2a: Arceus\n|-damage|p2a: Arceus|12/295\n|\n|-weather|SunnyDay|[upkeep]\n|upkeep\n|turn|25\n|\n|t:|1781426381\n|move|p2a: Arceus|Recover|p2a: Arceus\n|-heal|p2a: Arceus|160/295\n|move|p1a: Torkoal|Earthquake|p2a: Arceus\n|-supereffective|p2a: Arceus\n|-damage|p2a: Arceus|28/295\n|\n|-weather|none\n|upkeep\n|turn|26\n|\n|t:|1781426384\n|move|p2a: Arceus|Fire Blast|p1a: Torkoal\n|-resisted|p1a: Torkoal\n|-damage|p1a: Torkoal|0 fnt\n|faint|p1a: Torkoal\n|\n|upkeep\n|\n|t:|1781426389\n|switch|p1a: Regigigas|Regigigas, L84|322/322\n|-start|p1a: Regigigas|ability: Slow Start\n|turn|27\n|\n|t:|1781426394\n|move|p2a: Arceus|Fire Blast|p1a: Regigigas\n|-damage|p1a: Regigigas|141/322\n|move|p1a: Regigigas|Body Slam|p2a: Arceus\n|-damage|p2a: Arceus|0 fnt\n|faint|p2a: Arceus\n|\n|-heal|p1a: Regigigas|161/322|[from] item: Leftovers\n|upkeep\n|\n|t:|1781426397\n|switch|p2a: Revavroom|Revavroom, L79, F|160/256\n|turn|28\n|\n|t:|1781426405\n|move|p2a: Revavroom|Shift Gear|p2a: Revavroom\n|-boost|p2a: Revavroom|spe|2\n|-boost|p2a: Revavroom|atk|1\n|move|p1a: Regigigas|Knock Off|p2a: Revavroom\n|-damage|p2a: Revavroom|107/256\n|-enditem|p2a: Revavroom|Life Orb|[from] move: Knock Off|[of] p1a: Regigigas\n|\n|-heal|p1a: Regigigas|181/322|[from] item: Leftovers\n|upkeep\n|turn|29\n|\n|t:|1781426412\n|move|p2a: Revavroom|Gunk Shot|p1a: Regigigas\n|-damage|p1a: Regigigas|25/322\n|move|p1a: Regigigas|Body Slam|p2a: Revavroom\n|-resisted|p2a: Revavroom\n|-damage|p2a: Revavroom|71/256\n|-status|p2a: Revavroom|par\n|\n|-heal|p1a: Regigigas|45/322|[from] item: Leftovers\n|upkeep\n|turn|30\n|\n|t:|1781426415\n|move|p2a: Revavroom|Gunk Shot|p1a: Regigigas\n|-damage|p1a: Regigigas|0 fnt\n|faint|p1a: Regigigas\n|-end|p1a: Regigigas|Slow Start|[silent]\n|\n|upkeep\n|-message|junghoking forfeited.\n|\n|win|Green Calf\n", "inputlog": ">version a8376a258c1d4662feba110a92103f3664a72141\n>start {\"formatid\":\"gen9randombattle\",\"seed\":\"sodium,18882676e4ccc818bec87ca9a36666ee\",\"rated\":\"Rated battle\"}\n>player p1 {\"name\":\"Green Calf\",\"avatar\":\"266\",\"rating\":1908,\"seed\":\"sodium,53c2a52ff2937cedd208967cf2b1bed6\"}\n>player p2 {\"name\":\"junghoking\",\"avatar\":\"nate\",\"rating\":1928,\"seed\":\"sodium,a7e07d6caa8953c4ad72e3b3600a6752\"}\n>p1 switch 5\n>p2 move shiftgear\n>p1 move earthquake\n>p2 switch 6\n>p1 move hypnosis\n>p2 move quiverdance\n>p1 move earthquake\n>p2 move fierydance\n>p1 move earthquake\n>p2 move fierydance\n>p2 switch 2\n>p1 switch 6\n>p2 move trailblaze\n>p1 move yawn\n>p2 move swordsdance\n>p1 move earthquake\n>p2 move knockoff\n>p1 move earthquake\n>p2 move trailblaze\n>p2 switch 5\n>p1 switch 4\n>p2 move earthpower\n>p1 move airslash\n>p2 move toxic\n>p1 move airslash\n>p2 move toxic\n>p1 move airslash\n>p2 move toxic\n>p2 switch 6\n>p1 move leechseed\n>p2 move shiftgear\n>p1 move protect\n>p2 move gunkshot\n>p1 switch 6\n>p2 move gunkshot\n>p1 move earthquake\n>p2 switch 3\n>p1 move ironhead\n>p2 move focusblast\n>p1 move ironhead\n>p2 move focusblast\n>p2 switch 4\n>p1 move hypnosis\n>p2 move calmmind\n>p1 switch 4\n>p2 move fireblast\n>p1 move fireblast\n>p2 move calmmind terastallize\n>p1 move earthquake\n>p2 move calmmind\n>p1 move earthquake\n>p2 move fireblast\n>p1 move earthquake\n>p2 move recover\n>p1 move earthquake\n>p2 move fireblast\n>p1 switch 5\n>p1 move bodyslam\n>p2 move fireblast\n>p2 switch 3\n>p1 move knockoff\n>p2 move shiftgear\n>p1 move bodyslam\n>p2 move gunkshot\n>p1 move bodyslam\n>p2 move gunkshot\n>forcelose p2", "uploadtime": 1781426132, "views": 5, "formatid": "gen9randombattle", "rating": null, "private": 0, "password": null}