{"id": "gen9randombattle-2631657115", "format": "[Gen 9] Random Battle", "players": ["wuxiant", "duuhhao"], "log": "|j|\u2606wuxiant\n|j|\u2606duuhhao\n|t:|1781416148\n|gametype|singles\n|player|p1|wuxiant|265|2098\n|player|p2|duuhhao|clair|2191\n|gen|9\n|tier|[Gen 9] Random Battle\n|rated|\n|rule|Species Clause: Limit one of each Pok\u00e9mon\n|rule|HP Percentage Mod: HP is shown in percentages\n|rule|Sleep Clause Mod: Limit one foe put to sleep\n|rule|Illusion Level Mod: Illusion disguises the Pok\u00e9mon's true level\n|\n|t:|1781416148\n|teamsize|p1|6\n|teamsize|p2|6\n|start\n|switch|p1a: Banette|Banette, L93, F|270/270\n|switch|p2a: Jirachi|Jirachi, L80|291/291\n|turn|1\n|inactive|Battle timer is ON: inactive players will automatically lose when time's up. (requested by wuxiant)\n|\n|t:|1781416173\n|move|p2a: Jirachi|Iron Head|p1a: Banette\n|-damage|p1a: Banette|171/270\n|move|p1a: Banette|Swords Dance|p1a: Banette\n|-boost|p1a: Banette|atk|2\n|\n|upkeep\n|turn|2\n|\n|t:|1781416182\n|move|p1a: Banette|Shadow Sneak|p2a: Jirachi\n|-supereffective|p2a: Jirachi\n|-damage|p2a: Jirachi|10/291\n|-damage|p1a: Banette|144/270|[from] item: Life Orb\n|move|p2a: Jirachi|Iron Head|p1a: Banette\n|-damage|p1a: Banette|45/270\n|\n|-heal|p2a: Jirachi|28/291|[from] item: Leftovers\n|upkeep\n|turn|3\n|\n|t:|1781416191\n|move|p1a: Banette|Shadow Sneak|p2a: Jirachi\n|-supereffective|p2a: Jirachi\n|-damage|p2a: Jirachi|0 fnt\n|faint|p2a: Jirachi\n|-damage|p1a: Banette|18/270|[from] item: Life Orb\n|\n|upkeep\n|\n|t:|1781416194\n|switch|p2a: Great Tusk|Great Tusk, L77|304/304\n|turn|4\n|\n|t:|1781416211\n|switch|p1a: Quagsire|Quagsire, L84, M|297/297\n|move|p2a: Great Tusk|Earthquake|p1a: Quagsire\n|-damage|p1a: Quagsire|180/297\n|\n|-heal|p1a: Quagsire|198/297|[from] item: Leftovers\n|upkeep\n|turn|5\n|\n|t:|1781416220\n|-end|p2a: Great Tusk|Protosynthesis|[silent]\n|switch|p2a: Grumpig|Grumpig, L92, F|297/297\n|move|p1a: Quagsire|Recover|p1a: Quagsire\n|-heal|p1a: Quagsire|297/297\n|\n|upkeep\n|turn|6\n|inactive|wuxiant has 120 seconds left.\n|\n|t:|1781416260\n|move|p2a: Grumpig|Trick|p1a: Quagsire\n|-activate|p2a: Grumpig|move: Trick|[of] p1a: Quagsire\n|-item|p1a: Quagsire|Choice Scarf|[from] move: Trick\n|-item|p2a: Grumpig|Leftovers|[from] move: Trick\n|move|p1a: Quagsire|Toxic|p2a: Grumpig\n|-status|p2a: Grumpig|tox\n|\n|-damage|p2a: Grumpig|279/297 tox|[from] psn\n|upkeep\n|turn|7\n|\n|t:|1781416281\n|switch|p1a: Scream Tail|Scream Tail, L84|330/330\n|move|p2a: Grumpig|Earth Power|p1a: Scream Tail\n|-damage|p1a: Scream Tail|276/330\n|-unboost|p1a: Scream Tail|spd|1\n|\n|-heal|p1a: Scream Tail|296/330|[from] item: Leftovers\n|-heal|p2a: Grumpig|297/297 tox|[from] item: Leftovers\n|-damage|p2a: Grumpig|261/297 tox|[from] psn\n|upkeep\n|turn|8\n|\n|t:|1781416292\n|move|p1a: Scream Tail|Protect|p1a: Scream Tail\n|-singleturn|p1a: Scream Tail|Protect\n|move|p2a: Grumpig|Shadow Ball|p1a: Scream Tail\n|-activate|p1a: Scream Tail|move: Protect\n|\n|-heal|p1a: Scream Tail|316/330|[from] item: Leftovers\n|-heal|p2a: Grumpig|279/297 tox|[from] item: Leftovers\n|-damage|p2a: Grumpig|225/297 tox|[from] psn\n|upkeep\n|turn|9\n|\n|t:|1781416315\n|-end|p1a: Scream Tail|Protosynthesis|[silent]\n|switch|p1a: Slowbro|Slowbro-Galar, L87, F|307/307\n|move|p2a: Grumpig|Shadow Ball|p1a: Slowbro\n|-supereffective|p1a: Slowbro\n|-damage|p1a: Slowbro|157/307\n|-unboost|p1a: Slowbro|spd|1\n|\n|-heal|p2a: Grumpig|243/297 tox|[from] item: Leftovers\n|-damage|p2a: Grumpig|171/297 tox|[from] psn\n|upkeep\n|turn|10\n|\n|t:|1781416326\n|switch|p1a: Scream Tail|Scream Tail, L84|316/330\n|move|p2a: Grumpig|Shadow Ball|p1a: Scream Tail\n|-supereffective|p1a: Scream Tail\n|-damage|p1a: Scream Tail|212/330\n|\n|-heal|p1a: Scream Tail|232/330|[from] item: Leftovers\n|-heal|p2a: Grumpig|189/297 tox|[from] item: Leftovers\n|-damage|p2a: Grumpig|99/297 tox|[from] psn\n|upkeep\n|turn|11\n|\n|t:|1781416334\n|move|p1a: Scream Tail|Protect|p1a: Scream Tail\n|-singleturn|p1a: Scream Tail|Protect\n|move|p2a: Grumpig|Shadow Ball|p1a: Scream Tail\n|-activate|p1a: Scream Tail|move: Protect\n|\n|-heal|p1a: Scream Tail|252/330|[from] item: Leftovers\n|-heal|p2a: Grumpig|117/297 tox|[from] item: Leftovers\n|-damage|p2a: Grumpig|9/297 tox|[from] psn\n|upkeep\n|turn|12\n|\n|t:|1781416346\n|move|p1a: Scream Tail|Wish|p1a: Scream Tail\n|move|p2a: Grumpig|Shadow Ball|p1a: Scream Tail\n|-supereffective|p1a: Scream Tail\n|-damage|p1a: Scream Tail|152/330\n|\n|-heal|p1a: Scream Tail|172/330|[from] item: Leftovers\n|-heal|p2a: Grumpig|27/297 tox|[from] item: Leftovers\n|-damage|p2a: Grumpig|0 fnt|[from] psn\n|faint|p2a: Grumpig\n|upkeep\n|\n|t:|1781416350\n|switch|p2a: Kyogre|Kyogre, L71|259/259\n|-weather|RainDance|[from] ability: Drizzle|[of] p2a: Kyogre\n|turn|13\n|\n|t:|1781416355\n|move|p1a: Scream Tail|Protect|p1a: Scream Tail\n|-singleturn|p1a: Scream Tail|Protect\n|move|p2a: Kyogre|Water Spout|p1a: Scream Tail\n|-activate|p1a: Scream Tail|move: Protect\n|\n|-weather|RainDance|[upkeep]\n|-heal|p1a: Scream Tail|330/330|[from] move: Wish|[wisher] Scream Tail\n|upkeep\n|turn|14\n|\n|t:|1781416374\n|switch|p2a: Great Tusk|Great Tusk, L77|304/304\n|move|p1a: Scream Tail|Wish|p1a: Scream Tail\n|\n|-weather|RainDance|[upkeep]\n|upkeep\n|turn|15\n|\n|t:|1781416381\n|-terastallize|p2a: Great Tusk|Ground\n|move|p1a: Scream Tail|Dazzling Gleam|p2a: Great Tusk\n|-damage|p2a: Great Tusk|205/304\n|move|p2a: Great Tusk|Bulk Up|p2a: Great Tusk\n|-boost|p2a: Great Tusk|atk|1\n|-boost|p2a: Great Tusk|def|1\n|\n|-weather|RainDance|[upkeep]\n|-heal|p2a: Great Tusk|224/304|[from] item: Leftovers\n|upkeep\n|turn|16\n|inactive|wuxiant has 120 seconds left.\n|\n|t:|1781416394\n|move|p1a: Scream Tail|Encore|p2a: Great Tusk\n|-start|p2a: Great Tusk|Encore\n|move|p2a: Great Tusk|Bulk Up|p2a: Great Tusk\n|-boost|p2a: Great Tusk|atk|1\n|-boost|p2a: Great Tusk|def|1\n|\n|-weather|RainDance|[upkeep]\n|-heal|p2a: Great Tusk|243/304|[from] item: Leftovers\n|upkeep\n|turn|17\n|\n|t:|1781416399\n|-end|p2a: Great Tusk|Protosynthesis|[silent]\n|switch|p2a: Raging Bolt|Raging Bolt, L78|323/323\n|move|p1a: Scream Tail|Dazzling Gleam|p2a: Raging Bolt\n|-supereffective|p2a: Raging Bolt\n|-damage|p2a: Raging Bolt|227/323\n|\n|-weather|none\n|upkeep\n|turn|18\n|\n|t:|1781416407\n|move|p1a: Scream Tail|Dazzling Gleam|p2a: Raging Bolt\n|-supereffective|p2a: Raging Bolt\n|-damage|p2a: Raging Bolt|137/323\n|move|p2a: Raging Bolt|Discharge|p1a: Scream Tail\n|-damage|p1a: Scream Tail|248/330\n|\n|-heal|p1a: Scream Tail|268/330|[from] item: Leftovers\n|upkeep\n|turn|19\n|\n|t:|1781416413\n|move|p1a: Scream Tail|Protect|p1a: Scream Tail\n|-singleturn|p1a: Scream Tail|Protect\n|move|p2a: Raging Bolt|Discharge|p1a: Scream Tail\n|-activate|p1a: Scream Tail|move: Protect\n|\n|-heal|p1a: Scream Tail|288/330|[from] item: Leftovers\n|upkeep\n|turn|20\n|\n|t:|1781416415\n|move|p1a: Scream Tail|Dazzling Gleam|p2a: Raging Bolt\n|-supereffective|p2a: Raging Bolt\n|-damage|p2a: Raging Bolt|51/323\n|move|p2a: Raging Bolt|Discharge|p1a: Scream Tail\n|-damage|p1a: Scream Tail|213/330\n|\n|-heal|p1a: Scream Tail|233/330|[from] item: Leftovers\n|upkeep\n|turn|21\n|\n|t:|1781416419\n|move|p1a: Scream Tail|Dazzling Gleam|p2a: Raging Bolt\n|-supereffective|p2a: Raging Bolt\n|-damage|p2a: Raging Bolt|0 fnt\n|faint|p2a: Raging Bolt\n|-end|p2a: Raging Bolt|Protosynthesis|[silent]\n|\n|-heal|p1a: Scream Tail|253/330|[from] item: Leftovers\n|upkeep\n|\n|t:|1781416421\n|switch|p2a: Great Tusk|Great Tusk, L77, tera:Ground|243/304\n|turn|22\n|\n|t:|1781416425\n|move|p1a: Scream Tail|Protect|p1a: Scream Tail\n|-singleturn|p1a: Scream Tail|Protect\n|move|p2a: Great Tusk|Rapid Spin|p1a: Scream Tail\n|-activate|p1a: Scream Tail|move: Protect\n|\n|-heal|p1a: Scream Tail|273/330|[from] item: Leftovers\n|-heal|p2a: Great Tusk|262/304|[from] item: Leftovers\n|upkeep\n|turn|23\n|\n|t:|1781416437\n|move|p1a: Scream Tail|Encore|p2a: Great Tusk\n|-start|p2a: Great Tusk|Encore\n|move|p2a: Great Tusk|Rapid Spin|p1a: Scream Tail\n|-damage|p1a: Scream Tail|236/330\n|-boost|p2a: Great Tusk|spe|1\n|\n|-heal|p2a: Great Tusk|281/304|[from] item: Leftovers\n|-heal|p1a: Scream Tail|256/330|[from] item: Leftovers\n|upkeep\n|turn|24\n|\n|t:|1781416441\n|move|p2a: Great Tusk|Rapid Spin|p1a: Scream Tail\n|-damage|p1a: Scream Tail|222/330\n|-boost|p2a: Great Tusk|spe|1\n|move|p1a: Scream Tail|Dazzling Gleam|p2a: Great Tusk\n|-damage|p2a: Great Tusk|182/304\n|\n|-heal|p2a: Great Tusk|201/304|[from] item: Leftovers\n|-heal|p1a: Scream Tail|242/330|[from] item: Leftovers\n|upkeep\n|turn|25\n|\n|t:|1781416470\n|-end|p1a: Scream Tail|Protosynthesis|[silent]\n|switch|p1a: Quagsire|Quagsire, L84, M|297/297\n|move|p2a: Great Tusk|Rapid Spin|p1a: Quagsire\n|-damage|p1a: Quagsire|261/297\n|-boost|p2a: Great Tusk|spe|1\n|\n|-heal|p2a: Great Tusk|220/304|[from] item: Leftovers\n|-end|p2a: Great Tusk|Encore\n|upkeep\n|turn|26\n|\n|t:|1781416475\n|move|p2a: Great Tusk|Earthquake|p1a: Quagsire\n|-damage|p1a: Quagsire|107/297\n|move|p1a: Quagsire|Ice Beam|p2a: Great Tusk\n|-supereffective|p2a: Great Tusk\n|-damage|p2a: Great Tusk|84/304\n|\n|-heal|p2a: Great Tusk|103/304|[from] item: Leftovers\n|upkeep\n|turn|27\n|\n|t:|1781416483\n|move|p2a: Great Tusk|Earthquake|p1a: Quagsire\n|-damage|p1a: Quagsire|0 fnt\n|faint|p1a: Quagsire\n|\n|-heal|p2a: Great Tusk|122/304|[from] item: Leftovers\n|upkeep\n|\n|t:|1781416497\n|switch|p1a: Great Tusk|Great Tusk, L77|304/304\n|turn|28\n|\n|t:|1781416501\n|move|p2a: Great Tusk|Earthquake|p1a: Great Tusk\n|-damage|p1a: Great Tusk|172/304\n|move|p1a: Great Tusk|Ice Spinner|p2a: Great Tusk\n|-supereffective|p2a: Great Tusk\n|-damage|p2a: Great Tusk|26/304\n|\n|-heal|p2a: Great Tusk|45/304|[from] item: Leftovers\n|upkeep\n|turn|29\n|\n|t:|1781416512\n|move|p2a: Great Tusk|Close Combat|p1a: Great Tusk\n|-damage|p1a: Great Tusk|64/304\n|-unboost|p2a: Great Tusk|def|1\n|-unboost|p2a: Great Tusk|spd|1\n|move|p1a: Great Tusk|Headlong Rush|p2a: Great Tusk\n|-damage|p2a: Great Tusk|0 fnt\n|-unboost|p1a: Great Tusk|def|1\n|-unboost|p1a: Great Tusk|spd|1\n|faint|p2a: Great Tusk\n|-end|p2a: Great Tusk|Protosynthesis|[silent]\n|\n|upkeep\n|\n|t:|1781416514\n|switch|p2a: Kyogre|Kyogre, L71|259/259\n|-weather|RainDance|[from] ability: Drizzle|[of] p2a: Kyogre\n|turn|30\n|\n|t:|1781416529\n|move|p2a: Kyogre|Origin Pulse|p1a: Great Tusk\n|-supereffective|p1a: Great Tusk\n|-damage|p1a: Great Tusk|0 fnt\n|faint|p1a: Great Tusk\n|-end|p1a: Great Tusk|Protosynthesis|[silent]\n|\n|-weather|RainDance|[upkeep]\n|upkeep\n|\n|t:|1781416533\n|switch|p1a: Scream Tail|Scream Tail, L84|242/330\n|turn|31\n|\n|t:|1781416536\n|move|p1a: Scream Tail|Protect|p1a: Scream Tail\n|-singleturn|p1a: Scream Tail|Protect\n|move|p2a: Kyogre|Origin Pulse|p1a: Scream Tail\n|-activate|p1a: Scream Tail|move: Protect\n|\n|-weather|RainDance|[upkeep]\n|-heal|p1a: Scream Tail|262/330|[from] item: Leftovers\n|upkeep\n|turn|32\n|\n|t:|1781416539\n|move|p2a: Kyogre|Origin Pulse|p1a: Scream Tail\n|-damage|p1a: Scream Tail|115/330\n|move|p1a: Scream Tail|Wish|p1a: Scream Tail\n|\n|-weather|RainDance|[upkeep]\n|-heal|p1a: Scream Tail|135/330|[from] item: Leftovers\n|upkeep\n|turn|33\n|\n|t:|1781416542\n|switch|p2a: Spectrier|Spectrier, L75|274/274\n|move|p1a: Scream Tail|Protect||[still]\n|-fail|p1a: Scream Tail\n|\n|-weather|RainDance|[upkeep]\n|-heal|p1a: Scream Tail|300/330|[from] move: Wish|[wisher] Scream Tail\n|-heal|p1a: Scream Tail|320/330|[from] item: Leftovers\n|upkeep\n|turn|34\n|\n|t:|1781416555\n|move|p2a: Spectrier|Will-O-Wisp|p1a: Scream Tail|[miss]\n|-miss|p2a: Spectrier|p1a: Scream Tail\n|move|p1a: Scream Tail|Encore|p2a: Spectrier\n|-start|p2a: Spectrier|Encore\n|\n|-weather|none\n|-heal|p1a: Scream Tail|330/330|[from] item: Leftovers\n|upkeep\n|turn|35\n|\n|t:|1781416576\n|-end|p1a: Scream Tail|Protosynthesis|[silent]\n|switch|p1a: Slowbro|Slowbro-Galar, L87, F|259/307\n|move|p2a: Spectrier|Will-O-Wisp|p1a: Slowbro\n|-status|p1a: Slowbro|brn\n|\n|-damage|p1a: Slowbro|240/307 brn|[from] brn\n|upkeep\n|turn|36\n|\n|t:|1781416581\n|switch|p2a: Kyogre|Kyogre, L71|259/259\n|-weather|RainDance|[from] ability: Drizzle|[of] p2a: Kyogre\n|move|p1a: Slowbro|Trick Room|p1a: Slowbro\n|-fieldstart|move: Trick Room|[of] p1a: Slowbro\n|\n|-weather|RainDance|[upkeep]\n|-damage|p1a: Slowbro|221/307 brn|[from] brn\n|upkeep\n|turn|37\n|\n|t:|1781416597\n|-terastallize|p1a: Slowbro|Psychic\n|move|p1a: Slowbro|Psychic|p2a: Kyogre\n|-damage|p2a: Kyogre|106/259\n|-unboost|p2a: Kyogre|spd|1\n|-damage|p1a: Slowbro|191/307 brn|[from] item: Life Orb\n|move|p2a: Kyogre|Origin Pulse|p1a: Slowbro\n|-damage|p1a: Slowbro|0 fnt\n|faint|p1a: Slowbro\n|\n|-weather|RainDance|[upkeep]\n|upkeep\n|\n|t:|1781416610\n|switch|p1a: Plusle|Plusle, L95, M|268/268\n|turn|38\n|\n|t:|1781416620\n|move|p1a: Plusle|Thunderbolt|p2a: Kyogre\n|-supereffective|p2a: Kyogre\n|-damage|p2a: Kyogre|0 fnt\n|faint|p2a: Kyogre\n|-damage|p1a: Plusle|242/268|[from] item: Life Orb\n|\n|-weather|RainDance|[upkeep]\n|upkeep\n|\n|t:|1781416622\n|switch|p2a: Spectrier|Spectrier, L75|274/274\n|turn|39\n|\n|t:|1781416626\n|move|p1a: Plusle|Thunderbolt|p2a: Spectrier\n|-damage|p2a: Spectrier|97/274\n|-damage|p1a: Plusle|216/268|[from] item: Life Orb\n|move|p2a: Spectrier|Shadow Ball|p1a: Plusle\n|-damage|p1a: Plusle|99/268\n|-damage|p2a: Spectrier|70/274|[from] item: Life Orb\n|\n|-weather|RainDance|[upkeep]\n|upkeep\n|turn|40\n|\n|t:|1781416630\n|move|p1a: Plusle|Thunderbolt|p2a: Spectrier\n|-damage|p2a: Spectrier|0 fnt\n|faint|p2a: Spectrier\n|-damage|p1a: Plusle|73/268|[from] item: Life Orb\n|\n|win|wuxiant\n", "inputlog": ">version a8376a258c1d4662feba110a92103f3664a72141\n>start {\"formatid\":\"gen9randombattle\",\"seed\":\"sodium,781a0c76c7f0d825b0d104163295d4d8\",\"rated\":\"Rated battle\"}\n>player p1 {\"name\":\"wuxiant\",\"avatar\":\"265\",\"rating\":2098,\"seed\":\"sodium,b2cb9994281950373276dc1af6e46ca6\"}\n>player p2 {\"name\":\"duuhhao\",\"avatar\":\"clair\",\"rating\":2191,\"seed\":\"sodium,c2917bbd0684d97833ee277b7a71d5b6\"}\n>p1 move swordsdance\n>p2 move ironhead\n>p1 move shadowsneak\n>p2 move ironhead\n>p1 move shadowsneak\n>p2 move ironhead\n>p2 switch 4\n>p1 switch 3\n>p2 move earthquake\n>p1 move recover\n>p2 switch 2\n>p1 move toxic\n>p2 move trick\n>p1 switch 6\n>p2 move earthpower\n>p1 move protect\n>p2 move shadowball\n>p1 switch 4\n>p2 move shadowball\n>p1 switch 4\n>p2 move shadowball\n>p1 move protect\n>p2 move shadowball\n>p1 move wish\n>p2 move shadowball\n>p2 switch 6\n>p1 move protect\n>p2 move waterspout\n>p1 move wish\n>p2 switch 2\n>p1 move dazzlinggleam\n>p2 move bulkup terastallize\n>p1 move encore\n>p2 move rapidspin\n>p1 move dazzlinggleam\n>p2 switch 3\n>p1 move dazzlinggleam\n>p2 move discharge\n>p1 move protect\n>p2 move discharge\n>p1 move dazzlinggleam\n>p2 move discharge\n>p1 move dazzlinggleam\n>p2 move discharge\n>p2 switch 3\n>p1 move protect\n>p2 move rapidspin\n>p1 move encore\n>p2 move earthquake\n>p1 move dazzlinggleam\n>p2 move rapidspin\n>p1 switch 6\n>p2 move rapidspin\n>p1 move icebeam\n>p2 move earthquake\n>p1 move icebeam\n>p2 move earthquake\n>p1 switch 2\n>p1 move icespinner\n>p2 move earthquake\n>p1 move headlongrush\n>p2 move closecombat\n>p2 switch 2\n>p1 move headlongrush\n>p2 move originpulse\n>p1 switch 6\n>p1 move protect\n>p2 move originpulse\n>p1 move wish\n>p2 move originpulse\n>p1 move protect\n>p2 switch 5\n>p1 move encore\n>p2 move willowisp\n>p1 switch 4\n>p2 move willowisp\n>p1 move trickroom\n>p2 switch 5\n>p1 move psychic terastallize\n>p2 move originpulse\n>p1 switch 5\n>p1 move thunderbolt\n>p2 move originpulse\n>p2 switch 5\n>p1 move thunderbolt\n>p2 move shadowball\n>p1 move thunderbolt\n>p2 move shadowball", "uploadtime": 1781416149, "views": 8, "formatid": "gen9randombattle", "rating": null, "private": 0, "password": null}