{"id": "gen9randombattle-2631368887", "format": "[Gen 9] Random Battle", "players": ["Froydd", "indias last hope"], "log": "|j|\u2606Froydd\n|j|\u2606indias last hope\n|t:|1781376506\n|gametype|singles\n|player|p1|Froydd|pokekid|2248\n|player|p2|indias last hope|policeman-gen4|2254\n|gen|9\n|tier|[Gen 9] Random Battle\n|rated|\n|rule|Species Clause: Limit one of each Pok\u00e9mon\n|rule|HP Percentage Mod: HP is shown in percentages\n|rule|Sleep Clause Mod: Limit one foe put to sleep\n|rule|Illusion Level Mod: Illusion disguises the Pok\u00e9mon's true level\n|\n|t:|1781376506\n|teamsize|p1|6\n|teamsize|p2|6\n|start\n|switch|p1a: Noivern|Noivern, L82, F|274/274\n|switch|p2a: Orthworm|Orthworm, L88, M|266/266\n|turn|1\n|l|\u2606Froydd\n|player|p1|\n|j|\u2606Froydd\n|player|p1|Froydd|pokekid|\n|\n|t:|1781376538\n|switch|p2a: Slowbro|Slowbro-Galar, L87, M|307/307\n|move|p1a: Noivern|Flamethrower|p2a: Slowbro\n|-damage|p2a: Slowbro|235/307\n|\n|upkeep\n|turn|2\n|\n|t:|1781376546\n|switch|p1a: Heatran|Heatran, L79, F|273/273\n|-item|p1a: Heatran|Air Balloon\n|move|p2a: Slowbro|Shell Side Arm|p1a: Heatran|[anim] Shell Side Arm Special\n|-immune|p1a: Heatran\n|\n|upkeep\n|turn|3\n|\n|t:|1781376555\n|move|p1a: Heatran|Stealth Rock|p2a: Slowbro\n|-sidestart|p2: indias last hope|move: Stealth Rock\n|move|p2a: Slowbro|Psychic|p1a: Heatran\n|-resisted|p1a: Heatran\n|-damage|p1a: Heatran|222/273\n|-enditem|p1a: Heatran|Air Balloon\n|\n|upkeep\n|turn|4\n|inactive|Battle timer is ON: inactive players will automatically lose when time's up. (requested by Froydd)\n|\n|t:|1781376571\n|move|p1a: Heatran|Magma Storm|p2a: Slowbro|[miss]\n|-miss|p1a: Heatran|p2a: Slowbro\n|move|p2a: Slowbro|Psychic|p1a: Heatran\n|-resisted|p1a: Heatran\n|-crit|p1a: Heatran\n|-damage|p1a: Heatran|152/273\n|\n|upkeep\n|turn|5\n|\n|t:|1781376574\n|move|p1a: Heatran|Earth Power|p2a: Slowbro\n|-supereffective|p2a: Slowbro\n|-damage|p2a: Slowbro|133/307\n|move|p2a: Slowbro|Psychic|p1a: Heatran\n|-resisted|p1a: Heatran\n|-damage|p1a: Heatran|107/273\n|\n|upkeep\n|turn|6\n|\n|t:|1781376584\n|move|p1a: Heatran|Magma Storm|p2a: Slowbro|[miss]\n|-miss|p1a: Heatran|p2a: Slowbro\n|move|p2a: Slowbro|Foul Play|p1a: Heatran\n|-damage|p1a: Heatran|50/273\n|\n|upkeep\n|turn|7\n|\n|t:|1781376587\n|move|p1a: Heatran|Magma Storm|p2a: Slowbro\n|-damage|p2a: Slowbro|49/307\n|-activate|p2a: Slowbro|move: Magma Storm|[of] p1a: Heatran\n|move|p2a: Slowbro|Foul Play|p1a: Heatran\n|-damage|p1a: Heatran|0 fnt\n|faint|p1a: Heatran\n|\n|-end|p2a: Slowbro|Magma Storm|[partiallytrapped]|[silent]\n|upkeep\n|\n|t:|1781376603\n|switch|p1a: Hitmonchan|Hitmonchan, L87, M|229/229\n|turn|8\n|\n|t:|1781376611\n|switch|p2a: Ariados|Ariados, L95, F|287/287\n|move|p1a: Hitmonchan|Knock Off|p2a: Ariados\n|-damage|p2a: Ariados|212/287\n|-enditem|p2a: Ariados|Heavy-Duty Boots|[from] move: Knock Off|[of] p1a: Hitmonchan\n|\n|upkeep\n|turn|9\n|\n|t:|1781376616\n|move|p1a: Hitmonchan|Bulk Up|p1a: Hitmonchan\n|-boost|p1a: Hitmonchan|atk|1\n|-boost|p1a: Hitmonchan|def|1\n|move|p2a: Ariados|Poison Jab|p1a: Hitmonchan\n|-damage|p1a: Hitmonchan|156/229\n|\n|-heal|p1a: Hitmonchan|170/229|[from] item: Leftovers\n|upkeep\n|turn|10\n|\n|t:|1781376628\n|-terastallize|p1a: Hitmonchan|Poison\n|move|p1a: Hitmonchan|Bulk Up|p1a: Hitmonchan\n|-boost|p1a: Hitmonchan|atk|1\n|-boost|p1a: Hitmonchan|def|1\n|move|p2a: Ariados|Poison Jab|p1a: Hitmonchan\n|-resisted|p1a: Hitmonchan\n|-damage|p1a: Hitmonchan|141/229\n|\n|-heal|p1a: Hitmonchan|155/229|[from] item: Leftovers\n|upkeep\n|turn|11\n|\n|t:|1781376641\n|-terastallize|p2a: Ariados|Ghost\n|move|p1a: Hitmonchan|Knock Off|p2a: Ariados\n|-supereffective|p2a: Ariados\n|-damage|p2a: Ariados|0 fnt\n|faint|p2a: Ariados\n|\n|-heal|p1a: Hitmonchan|169/229|[from] item: Leftovers\n|upkeep\n|\n|t:|1781376645\n|switch|p2a: Oricorio|Oricorio-Pa'u, L87, M|272/272\n|turn|12\n|\n|t:|1781376652\n|move|p2a: Oricorio|Revelation Dance|p1a: Hitmonchan\n|-supereffective|p1a: Hitmonchan\n|-damage|p1a: Hitmonchan|0 fnt\n|faint|p1a: Hitmonchan\n|\n|upkeep\n|\n|t:|1781376664\n|switch|p1a: Primarina|Primarina, L83, M|268/268\n|turn|13\n|\n|t:|1781376683\n|switch|p2a: Orthworm|Orthworm, L88, M|266/266\n|-damage|p2a: Orthworm|250/266|[from] Stealth Rock\n|move|p1a: Primarina|Moonblast|p2a: Orthworm\n|-resisted|p2a: Orthworm\n|-damage|p2a: Orthworm|136/266\n|\n|upkeep\n|turn|14\n|\n|t:|1781376690\n|move|p2a: Orthworm|Iron Tail|p1a: Primarina|[miss]\n|-miss|p2a: Orthworm|p1a: Primarina\n|move|p1a: Primarina|Moonblast|p2a: Orthworm\n|-resisted|p2a: Orthworm\n|-damage|p2a: Orthworm|7/266\n|\n|upkeep\n|turn|15\n|\n|t:|1781376697\n|move|p2a: Orthworm|Rest|p2a: Orthworm\n|-status|p2a: Orthworm|slp|[from] move: Rest\n|-heal|p2a: Orthworm|266/266 slp|[silent]\n|-enditem|p2a: Orthworm|Chesto Berry|[eat]\n|-curestatus|p2a: Orthworm|slp|[msg]\n|move|p1a: Primarina|Moonblast|p2a: Orthworm\n|-resisted|p2a: Orthworm\n|-damage|p2a: Orthworm|141/266\n|\n|upkeep\n|turn|16\n|\n|t:|1781376700\n|move|p2a: Orthworm|Iron Tail|p1a: Primarina\n|-damage|p1a: Primarina|153/268\n|move|p1a: Primarina|Moonblast|p2a: Orthworm\n|-resisted|p2a: Orthworm\n|-damage|p2a: Orthworm|21/266\n|-unboost|p2a: Orthworm|spa|1\n|\n|upkeep\n|turn|17\n|\n|t:|1781376708\n|move|p2a: Orthworm|Iron Tail|p1a: Primarina\n|-damage|p1a: Primarina|33/268\n|-unboost|p1a: Primarina|def|1\n|move|p1a: Primarina|Moonblast|p2a: Orthworm\n|-resisted|p2a: Orthworm\n|-damage|p2a: Orthworm|0 fnt\n|faint|p2a: Orthworm\n|\n|upkeep\n|\n|t:|1781376735\n|switch|p2a: Wo-Chien|Wo-Chien, L83|277/277\n|-damage|p2a: Wo-Chien|243/277|[from] Stealth Rock\n|-ability|p2a: Wo-Chien|Tablets of Ruin\n|turn|18\n|\n|t:|1781376741\n|switch|p1a: Noivern|Noivern, L82, F|274/274\n|move|p2a: Wo-Chien|Knock Off|p1a: Noivern\n|-damage|p1a: Noivern|168/274\n|-enditem|p1a: Noivern|Choice Specs|[from] move: Knock Off|[of] p2a: Wo-Chien\n|\n|-heal|p2a: Wo-Chien|260/277|[from] item: Leftovers\n|upkeep\n|turn|19\n|\n|t:|1781376748\n|move|p1a: Noivern|Hurricane|p2a: Wo-Chien|[miss]\n|-miss|p1a: Noivern|p2a: Wo-Chien\n|move|p2a: Wo-Chien|Leech Seed|p1a: Noivern\n|-start|p1a: Noivern|move: Leech Seed\n|\n|-heal|p2a: Wo-Chien|277/277|[from] item: Leftovers\n|-damage|p1a: Noivern|134/274|[from] Leech Seed|[of] p2a: Wo-Chien\n|upkeep\n|turn|20\n|\n|t:|1781376752\n|switch|p1a: Sylveon|Sylveon, L85, M|300/300\n|move|p2a: Wo-Chien|Knock Off|p1a: Sylveon\n|-resisted|p1a: Sylveon\n|-damage|p1a: Sylveon|241/300\n|-enditem|p1a: Sylveon|Leftovers|[from] move: Knock Off|[of] p2a: Wo-Chien\n|\n|upkeep\n|turn|21\n|\n|t:|1781376760\n|move|p2a: Wo-Chien|Leech Seed|p1a: Sylveon\n|-start|p1a: Sylveon|move: Leech Seed\n|move|p1a: Sylveon|Calm Mind|p1a: Sylveon\n|-boost|p1a: Sylveon|spa|1\n|-boost|p1a: Sylveon|spd|1\n|\n|-damage|p1a: Sylveon|204/300|[from] Leech Seed|[of] p2a: Wo-Chien\n|upkeep\n|turn|22\n|\n|t:|1781376787\n|move|p2a: Wo-Chien|Knock Off|p1a: Sylveon\n|-resisted|p1a: Sylveon\n|-damage|p1a: Sylveon|165/300\n|move|p1a: Sylveon|Wish|p1a: Sylveon\n|\n|-damage|p1a: Sylveon|128/300|[from] Leech Seed|[of] p2a: Wo-Chien\n|upkeep\n|turn|23\n|\n|t:|1781376792\n|move|p2a: Wo-Chien|Protect|p2a: Wo-Chien\n|-singleturn|p2a: Wo-Chien|Protect\n|move|p1a: Sylveon|Calm Mind|p1a: Sylveon\n|-boost|p1a: Sylveon|spa|1\n|-boost|p1a: Sylveon|spd|1\n|\n|-heal|p1a: Sylveon|278/300|[from] move: Wish|[wisher] Sylveon\n|-damage|p1a: Sylveon|241/300|[from] Leech Seed|[of] p2a: Wo-Chien\n|upkeep\n|turn|24\n|\n|t:|1781376795\n|move|p2a: Wo-Chien|Ruination|p1a: Sylveon|[miss]\n|-miss|p2a: Wo-Chien|p1a: Sylveon\n|move|p1a: Sylveon|Wish|p1a: Sylveon\n|\n|-damage|p1a: Sylveon|204/300|[from] Leech Seed|[of] p2a: Wo-Chien\n|upkeep\n|turn|25\n|\n|t:|1781376799\n|move|p2a: Wo-Chien|Ruination|p1a: Sylveon\n|-damage|p1a: Sylveon|102/300\n|move|p1a: Sylveon|Hyper Voice|p2a: Wo-Chien\n|-supereffective|p2a: Wo-Chien\n|-crit|p2a: Wo-Chien\n|-damage|p2a: Wo-Chien|0 fnt\n|faint|p2a: Wo-Chien\n|\n|-heal|p1a: Sylveon|252/300|[from] move: Wish|[wisher] Sylveon\n|upkeep\n|\n|t:|1781376805\n|switch|p2a: Slowbro|Slowbro-Galar, L87, M|151/307\n|-damage|p2a: Slowbro|113/307|[from] Stealth Rock\n|turn|26\n|\n|t:|1781376809\n|move|p1a: Sylveon|Hyper Voice|p2a: Slowbro\n|-resisted|p2a: Slowbro\n|-damage|p2a: Slowbro|11/307\n|move|p2a: Slowbro|Shell Side Arm|p1a: Sylveon|[anim] Shell Side Arm Physical\n|-supereffective|p1a: Sylveon\n|-damage|p1a: Sylveon|0 fnt\n|-hint|Physical Shell Side Arm\n|faint|p1a: Sylveon\n|\n|upkeep\n|\n|t:|1781376816\n|switch|p1a: Primarina|Primarina, L83, M|33/268\n|turn|27\n|\n|t:|1781376818\n|move|p1a: Primarina|Flip Turn|p2a: Slowbro\n|-damage|p2a: Slowbro|0 fnt\n|faint|p2a: Slowbro\n|\n|t:|1781376825\n|switch|p1a: Noivern|Noivern, L82, F|134/274|[from] Flip Turn\n|\n|upkeep\n|\n|t:|1781376827\n|switch|p2a: Oricorio|Oricorio-Pa'u, L87, M|272/272\n|turn|28\n|\n|t:|1781376836\n|move|p1a: Noivern|Hurricane|p2a: Oricorio\n|-damage|p2a: Oricorio|157/272\n|-start|p2a: Oricorio|confusion\n|-activate|p2a: Oricorio|confusion\n|-damage|p2a: Oricorio|137/272|[from] confusion\n|\n|upkeep\n|turn|29\n|\n|t:|1781376842\n|move|p1a: Noivern|Draco Meteor|p2a: Oricorio\n|-damage|p2a: Oricorio|0 fnt\n|-unboost|p1a: Noivern|spa|2\n|faint|p2a: Oricorio\n|\n|upkeep\n|\n|t:|1781376844\n|switch|p2a: Drednaw|Drednaw, L81, M|278/278\n|-damage|p2a: Drednaw|244/278|[from] Stealth Rock\n|turn|30\n|\n|t:|1781376849\n|move|p1a: Noivern|Draco Meteor|p2a: Drednaw\n|-damage|p2a: Drednaw|165/278\n|-unboost|p1a: Noivern|spa|2\n|move|p2a: Drednaw|Shell Smash|p2a: Drednaw\n|-unboost|p2a: Drednaw|def|1\n|-unboost|p2a: Drednaw|spd|1\n|-boost|p2a: Drednaw|atk|2\n|-boost|p2a: Drednaw|spa|2\n|-boost|p2a: Drednaw|spe|2\n|-enditem|p2a: Drednaw|White Herb\n|-clearnegativeboost|p2a: Drednaw|[silent]\n|\n|upkeep\n|turn|31\n|\n|t:|1781376854\n|move|p2a: Drednaw|Stone Edge|p1a: Noivern\n|-supereffective|p1a: Noivern\n|-damage|p1a: Noivern|0 fnt\n|faint|p1a: Noivern\n|\n|upkeep\n|\n|t:|1781376858\n|switch|p1a: Exeggutor|Exeggutor, L89, M|312/312\n|turn|32\n|\n|t:|1781376862\n|move|p2a: Drednaw|Shell Smash|p2a: Drednaw\n|-unboost|p2a: Drednaw|def|1\n|-unboost|p2a: Drednaw|spd|1\n|-boost|p2a: Drednaw|atk|2\n|-boost|p2a: Drednaw|spa|2\n|-boost|p2a: Drednaw|spe|2\n|move|p1a: Exeggutor|Giga Drain|p2a: Drednaw\n|-supereffective|p2a: Drednaw\n|-damage|p2a: Drednaw|0 fnt\n|faint|p2a: Drednaw\n|\n|win|Froydd\n", "inputlog": ">version a8376a258c1d4662feba110a92103f3664a72141\n>start {\"formatid\":\"gen9randombattle\",\"seed\":\"sodium,74183726d41a66aa271e88160b2ff6d6\",\"rated\":\"Rated battle\"}\n>player p1 {\"name\":\"Froydd\",\"avatar\":\"pokekid\",\"rating\":2248,\"seed\":\"sodium,d443965f1fa5211606ba1a8d8c856e86\"}\n>player p2 {\"name\":\"indias last hope\",\"avatar\":\"policeman-gen4\",\"rating\":2254,\"seed\":\"sodium,e2ea75b3da07b9f3ea6e79a3a71f480c\"}\n>p1 move flamethrower\n>p2 switch 6\n>p1 switch 5\n>p2 move shellsidearm\n>p1 move stealthrock\n>p2 move psychic\n>p1 move magmastorm\n>p2 move psychic\n>p1 move earthpower\n>p2 move psychic\n>p1 move magmastorm\n>p2 move foulplay\n>p1 move magmastorm\n>p2 move foulplay\n>p1 switch 6\n>p1 move knockoff\n>p2 switch 4\n>p1 move bulkup\n>p2 move poisonjab\n>p1 move bulkup terastallize\n>p2 move poisonjab\n>p1 move knockoff\n>p2 move stickyweb terastallize\n>p2 switch 2\n>p1 move knockoff\n>p2 move revelationdance\n>p1 switch 3\n>p1 move moonblast\n>p2 switch 6\n>p1 move moonblast\n>p2 move irontail\n>p1 move moonblast\n>p2 move rest\n>p1 move moonblast\n>p2 move irontail\n>p1 move moonblast\n>p2 move irontail\n>p2 switch 5\n>p1 switch 5\n>p2 move knockoff\n>p1 move hurricane\n>p2 move leechseed\n>p1 switch 2\n>p2 move knockoff\n>p1 move calmmind\n>p2 move leechseed\n>p1 move wish\n>p2 move knockoff\n>p1 move calmmind\n>p2 move protect\n>p1 move wish\n>p2 move ruination\n>p1 move hypervoice\n>p2 move ruination\n>p2 switch 4\n>p1 move hypervoice\n>p2 move shellsidearm\n>p1 switch 5\n>p1 move flipturn\n>p2 move shellsidearm\n>p1 switch 2\n>p2 switch 6\n>p1 move hurricane\n>p2 move quiverdance\n>p1 move dracometeor\n>p2 move quiverdance\n>p2 switch 3\n>p1 move dracometeor\n>p2 move shellsmash\n>p1 move dracometeor\n>p2 move stoneedge\n>p1 switch 4\n>p1 move gigadrain\n>p2 move shellsmash", "uploadtime": 1781376509, "views": 9, "formatid": "gen9randombattle", "rating": null, "private": 0, "password": null}