{"id": "gen9randombattle-2631794495", "format": "[Gen 9] Random Battle", "players": ["Monkey", "rivertoaster290"], "log": "|j|\u2606Monkey\n|j|\u2606rivertoaster290\n|t:|1781440696\n|gametype|singles\n|player|p1|Monkey|#monkey|2064\n|player|p2|rivertoaster290|musician|2016\n|gen|9\n|tier|[Gen 9] Random Battle\n|rated|\n|rule|Species Clause: Limit one of each Pok\u00e9mon\n|rule|HP Percentage Mod: HP is shown in percentages\n|rule|Sleep Clause Mod: Limit one foe put to sleep\n|rule|Illusion Level Mod: Illusion disguises the Pok\u00e9mon's true level\n|\n|t:|1781440696\n|teamsize|p1|6\n|teamsize|p2|6\n|start\n|switch|p1a: Articuno|Articuno-Galar, L84|288/288\n|switch|p2a: Tauros|Tauros, L82, M|257/257\n|turn|1\n|inactive|Battle timer is ON: inactive players will automatically lose when time's up. (requested by Monkey)\n|inactive|Monkey has 120 seconds left.\n|\n|t:|1781440736\n|switch|p2a: Metagross|Metagross, L79|256/256\n|switch|p1a: Terrakion|Terrakion, L79|273/273\n|\n|upkeep\n|turn|2\n|\n|t:|1781440760\n|move|p1a: Terrakion|Close Combat|p2a: Metagross\n|-damage|p2a: Metagross|93/256\n|-unboost|p1a: Terrakion|def|1\n|-unboost|p1a: Terrakion|spd|1\n|move|p2a: Metagross|Heavy Slam|p1a: Terrakion\n|-supereffective|p1a: Terrakion\n|-damage|p1a: Terrakion|0 fnt\n|faint|p1a: Terrakion\n|\n|upkeep\n|\n|t:|1781440769\n|switch|p1a: Calyrex|Calyrex-Ice, L72|263/263\n|-ability|p1a: Calyrex|As One\n|-ability|p1a: Calyrex|Unnerve\n|turn|3\n|inactive|rivertoaster290 has 120 seconds left.\n|inactive|rivertoaster290 has 90 seconds left.\n|\n|t:|1781440838\n|move|p2a: Metagross|Heavy Slam|p1a: Calyrex\n|-supereffective|p1a: Calyrex\n|-damage|p1a: Calyrex|143/263\n|move|p1a: Calyrex|Trick Room|p1a: Calyrex\n|-fieldstart|move: Trick Room|[of] p1a: Calyrex\n|\n|upkeep\n|turn|4\n|\n|t:|1781440853\n|switch|p2a: Sylveon|Sylveon, L85, M|300/300\n|move|p1a: Calyrex|Glacial Lance|p2a: Sylveon\n|-damage|p2a: Sylveon|135/300\n|\n|-heal|p2a: Sylveon|153/300|[from] item: Leftovers\n|upkeep\n|turn|5\n|\n|t:|1781440859\n|move|p2a: Sylveon|Protect|p2a: Sylveon\n|-singleturn|p2a: Sylveon|Protect\n|move|p1a: Calyrex|Glacial Lance|p2a: Sylveon\n|-activate|p2a: Sylveon|move: Protect\n|\n|-heal|p2a: Sylveon|171/300|[from] item: Leftovers\n|upkeep\n|turn|6\n|\n|t:|1781440863\n|switch|p2a: Metagross|Metagross, L79|93/256\n|move|p1a: Calyrex|Glacial Lance|p2a: Metagross\n|-resisted|p2a: Metagross\n|-damage|p2a: Metagross|36/256\n|\n|upkeep\n|turn|7\n|\n|t:|1781440870\n|move|p2a: Metagross|Bullet Punch|p1a: Calyrex\n|-supereffective|p1a: Calyrex\n|-damage|p1a: Calyrex|29/263\n|move|p1a: Calyrex|Glacial Lance|p2a: Metagross\n|-resisted|p2a: Metagross\n|-damage|p2a: Metagross|0 fnt\n|faint|p2a: Metagross\n|-ability|p1a: Calyrex|Chilling Neigh|boost\n|-boost|p1a: Calyrex|atk|1\n|\n|-fieldend|move: Trick Room\n|upkeep\n|inactive|rivertoaster290 has 90 seconds left.\n|\n|t:|1781440893\n|switch|p2a: Sylveon|Sylveon, L85, M|171/300\n|turn|8\n|\n|t:|1781440896\n|move|p2a: Sylveon|Hyper Voice|p1a: Calyrex\n|-damage|p1a: Calyrex|0 fnt\n|faint|p1a: Calyrex\n|\n|-heal|p2a: Sylveon|189/300|[from] item: Leftovers\n|upkeep\n|\n|t:|1781440904\n|switch|p1a: Landorus|Landorus, L75, M|257/257\n|turn|9\n|inactive|rivertoaster290 has 90 seconds left.\n|\n|t:|1781440928\n|move|p1a: Landorus|Sludge Wave|p2a: Sylveon\n|-supereffective|p2a: Sylveon\n|-damage|p2a: Sylveon|36/300\n|move|p2a: Sylveon|Hyper Voice|p1a: Landorus\n|-damage|p1a: Landorus|92/257\n|\n|-heal|p2a: Sylveon|54/300|[from] item: Leftovers\n|upkeep\n|turn|10\n|\n|t:|1781440933\n|move|p2a: Sylveon|Protect|p2a: Sylveon\n|-singleturn|p2a: Sylveon|Protect\n|move|p1a: Landorus|Earth Power|p2a: Sylveon\n|-activate|p2a: Sylveon|move: Protect\n|\n|-heal|p2a: Sylveon|72/300|[from] item: Leftovers\n|upkeep\n|turn|11\n|inactive|rivertoaster290 has 90 seconds left.\n|\n|t:|1781440959\n|move|p1a: Landorus|Stealth Rock|p2a: Sylveon\n|-sidestart|p2: rivertoaster290|move: Stealth Rock\n|move|p2a: Sylveon|Wish|p2a: Sylveon\n|\n|-heal|p2a: Sylveon|90/300|[from] item: Leftovers\n|upkeep\n|turn|12\n|\n|t:|1781440964\n|move|p2a: Sylveon|Protect|p2a: Sylveon\n|-singleturn|p2a: Sylveon|Protect\n|move|p1a: Landorus|Sludge Wave|p2a: Sylveon\n|-activate|p2a: Sylveon|move: Protect\n|\n|-heal|p2a: Sylveon|240/300|[from] move: Wish|[wisher] Sylveon\n|-heal|p2a: Sylveon|258/300|[from] item: Leftovers\n|upkeep\n|turn|13\n|inactive|rivertoaster290 has 90 seconds left.\n|\n|t:|1781440993\n|switch|p2a: Iron Moth|Iron Moth, L78|253/253\n|move|p1a: Landorus|Sludge Wave|p2a: Iron Moth\n|-resisted|p2a: Iron Moth\n|-damage|p2a: Iron Moth|204/253\n|\n|upkeep\n|turn|14\n|\n|t:|1781441010\n|move|p2a: Iron Moth|Fiery Dance|p1a: Landorus\n|-damage|p1a: Landorus|0 fnt\n|-boost|p2a: Iron Moth|spa|1\n|faint|p1a: Landorus\n|\n|upkeep\n|\n|t:|1781441017\n|switch|p1a: Gumshoos|Gumshoos, L95, M|321/321\n|turn|15\n|\n|t:|1781441024\n|move|p2a: Iron Moth|Sludge Wave|p1a: Gumshoos\n|-damage|p1a: Gumshoos|132/321\n|move|p1a: Gumshoos|Double-Edge|p2a: Iron Moth\n|-damage|p2a: Iron Moth|0 fnt\n|faint|p2a: Iron Moth\n|-end|p2a: Iron Moth|Quark Drive|[silent]\n|-damage|p1a: Gumshoos|65/321|[from] Recoil\n|\n|upkeep\n|inactive|rivertoaster290 has 90 seconds left.\n|\n|t:|1781441055\n|switch|p2a: Tauros|Tauros, L82, M|257/257\n|-damage|p2a: Tauros|225/257|[from] Stealth Rock\n|turn|16\n|\n|t:|1781441061\n|move|p2a: Tauros|Body Slam|p1a: Gumshoos\n|-damage|p1a: Gumshoos|0 fnt\n|faint|p1a: Gumshoos\n|\n|upkeep\n|\n|t:|1781441071\n|switch|p1a: Chien-Pao|Chien-Pao, L72|234/234\n|-ability|p1a: Chien-Pao|Sword of Ruin\n|turn|17\n|\n|t:|1781441079\n|move|p1a: Chien-Pao|Swords Dance|p1a: Chien-Pao\n|-boost|p1a: Chien-Pao|atk|2\n|move|p2a: Tauros|Close Combat|p1a: Chien-Pao\n|-supereffective|p1a: Chien-Pao\n|-damage|p1a: Chien-Pao|0 fnt\n|-unboost|p2a: Tauros|def|1\n|-unboost|p2a: Tauros|spd|1\n|faint|p1a: Chien-Pao\n|-damage|p2a: Tauros|200/257|[from] item: Life Orb\n|\n|upkeep\n|-message|Monkey forfeited.\n|\n|win|rivertoaster290\n", "inputlog": ">version a8376a258c1d4662feba110a92103f3664a72141\n>start {\"formatid\":\"gen9randombattle\",\"seed\":\"sodium,dd8160c350fd888e09e2294aca96d811\",\"rated\":\"Rated battle\"}\n>player p1 {\"name\":\"Monkey\",\"avatar\":\"#monkey\",\"rating\":2064,\"seed\":\"sodium,319221761e130429dd59c35cb1ebf78c\"}\n>player p2 {\"name\":\"rivertoaster290\",\"avatar\":\"musician\",\"rating\":2016,\"seed\":\"sodium,bc58c07aa22a3ae428317f760d12d9ce\"}\n>p1 switch 4\n>p2 switch 6\n>p1 move closecombat\n>p2 move heavyslam\n>p1 switch 6\n>p1 move trickroom\n>p2 move heavyslam\n>p1 move glaciallance\n>p2 switch 2\n>p1 move glaciallance\n>p2 move protect\n>p1 move glaciallance\n>p2 switch 2\n>p1 move glaciallance\n>p2 move bulletpunch\n>p2 switch 2\n>p1 move glaciallance\n>p2 move hypervoice\n>p1 switch 2\n>p1 move sludgewave\n>p2 move hypervoice\n>p1 move earthpower\n>p2 move protect\n>p1 move stealthrock\n>p2 move wish\n>p1 move sludgewave\n>p2 move protect\n>p1 move sludgewave\n>p2 switch 5\n>p1 move rockslide\n>p2 move fierydance\n>p1 switch 5\n>p1 move doubleedge\n>p2 move sludgewave\n>p2 switch 6\n>p1 move doubleedge\n>p2 move bodyslam\n>p1 switch 3\n>p1 move swordsdance\n>p2 move closecombat\n>forcelose p1", "uploadtime": 1781440698, "views": 4, "formatid": "gen9randombattle", "rating": null, "private": 0, "password": null}