{"id": "gen9randombattle-2631959693", "format": "[Gen 9] Random Battle", "players": ["renz3554", "fungusphil"], "log": "|j|\u2606renz3554\n|j|\u2606fungusphil\n|t:|1781460066\n|gametype|singles\n|player|p1|renz3554|169|2074\n|player|p2|fungusphil|pokemaniac|2026\n|gen|9\n|tier|[Gen 9] Random Battle\n|rated|\n|rule|Species Clause: Limit one of each Pok\u00e9mon\n|rule|HP Percentage Mod: HP is shown in percentages\n|rule|Sleep Clause Mod: Limit one foe put to sleep\n|rule|Illusion Level Mod: Illusion disguises the Pok\u00e9mon's true level\n|\n|t:|1781460066\n|teamsize|p1|6\n|teamsize|p2|6\n|start\n|switch|p1a: Ursaluna|Ursaluna, L79, M|335/335\n|switch|p2a: Gengar|Gengar, L81, M|230/230\n|turn|1\n|inactive|Battle timer is ON: inactive players will automatically lose when time's up. (requested by fungusphil)\n|inactive|fungusphil has 120 seconds left.\n|\n|t:|1781460102\n|switch|p2a: Noivern|Noivern, L82, M|274/274\n|move|p1a: Ursaluna|Headlong Rush|p2a: Noivern\n|-immune|p2a: Noivern\n|\n|-status|p1a: Ursaluna|brn|[from] item: Flame Orb\n|upkeep\n|turn|2\n|\n|t:|1781460109\n|move|p2a: Noivern|U-turn|p1a: Ursaluna\n|-damage|p1a: Ursaluna|302/335 brn\n|\n|t:|1781460111\n|switch|p2a: Gengar|Gengar, L81, M|230/230|[from] U-turn\n|move|p1a: Ursaluna|Facade|p2a: Gengar\n|-immune|p2a: Gengar\n|\n|-damage|p1a: Ursaluna|282/335 brn|[from] brn\n|upkeep\n|turn|3\n|\n|t:|1781460114\n|move|p2a: Gengar|Focus Blast|p1a: Ursaluna|[miss]\n|-miss|p2a: Gengar|p1a: Ursaluna\n|move|p1a: Ursaluna|Crunch|p2a: Gengar\n|-supereffective|p2a: Gengar\n|-damage|p2a: Gengar|0 fnt\n|faint|p2a: Gengar\n|\n|-damage|p1a: Ursaluna|262/335 brn|[from] brn\n|upkeep\n|\n|t:|1781460127\n|switch|p2a: Conkeldurr|Conkeldurr, L80, M|299/299\n|turn|4\n|\n|t:|1781460131\n|move|p1a: Ursaluna|Facade|p2a: Conkeldurr\n|-damage|p2a: Conkeldurr|35/299\n|move|p2a: Conkeldurr|Close Combat|p1a: Ursaluna\n|-supereffective|p1a: Ursaluna\n|-damage|p1a: Ursaluna|0 fnt\n|-unboost|p2a: Conkeldurr|def|1\n|-unboost|p2a: Conkeldurr|spd|1\n|faint|p1a: Ursaluna\n|\n|-status|p2a: Conkeldurr|brn|[from] item: Flame Orb\n|upkeep\n|\n|t:|1781460138\n|switch|p1a: Venusaur|Venusaur, L84, F|272/272\n|turn|5\n|\n|t:|1781460163\n|switch|p2a: Copperajah|Copperajah, L86, M|350/350\n|move|p1a: Venusaur|Sludge Bomb|p2a: Copperajah\n|-immune|p2a: Copperajah\n|\n|upkeep\n|turn|6\n|\n|t:|1781460178\n|move|p1a: Venusaur|Sleep Powder|p2a: Copperajah|[miss]\n|-miss|p1a: Venusaur|p2a: Copperajah\n|move|p2a: Copperajah|Stealth Rock|p1a: Venusaur\n|-sidestart|p1: renz3554|move: Stealth Rock\n|\n|upkeep\n|turn|7\n|\n|t:|1781460182\n|move|p1a: Venusaur|Leech Seed|p2a: Copperajah\n|-start|p2a: Copperajah|move: Leech Seed\n|move|p2a: Copperajah|Iron Head|p1a: Venusaur\n|-damage|p1a: Venusaur|87/272\n|\n|-heal|p1a: Venusaur|104/272|[from] item: Leftovers\n|-damage|p2a: Copperajah|307/350|[from] Leech Seed|[of] p1a: Venusaur\n|-heal|p1a: Venusaur|147/272|[silent]\n|upkeep\n|turn|8\n|\n|t:|1781460187\n|move|p1a: Venusaur|Sleep Powder|p2a: Copperajah\n|-status|p2a: Copperajah|slp|[from] move: Sleep Powder\n|cant|p2a: Copperajah|slp\n|\n|-heal|p1a: Venusaur|164/272|[from] item: Leftovers\n|-damage|p2a: Copperajah|264/350 slp|[from] Leech Seed|[of] p1a: Venusaur\n|-heal|p1a: Venusaur|207/272|[silent]\n|upkeep\n|turn|9\n|\n|t:|1781460192\n|switch|p2a: Noivern|Noivern, L82, M|274/274\n|move|p1a: Venusaur|Sludge Bomb|p2a: Noivern\n|-damage|p2a: Noivern|163/274\n|\n|-heal|p1a: Venusaur|224/272|[from] item: Leftovers\n|upkeep\n|turn|10\n|\n|t:|1781460199\n|-terastallize|p1a: Venusaur|Steel\n|move|p2a: Noivern|U-turn|p1a: Venusaur\n|-resisted|p1a: Venusaur\n|-crit|p1a: Venusaur\n|-damage|p1a: Venusaur|193/272\n|\n|t:|1781460207\n|switch|p2a: Conkeldurr|Conkeldurr, L80, M|35/299 brn|[from] U-turn\n|move|p1a: Venusaur|Sludge Bomb|p2a: Conkeldurr\n|-damage|p2a: Conkeldurr|0 fnt\n|faint|p2a: Conkeldurr\n|\n|-heal|p1a: Venusaur|210/272|[from] item: Leftovers\n|upkeep\n|\n|t:|1781460211\n|switch|p2a: Sandslash|Sandslash, L89, F|278/278\n|turn|11\n|\n|t:|1781460219\n|switch|p1a: Volcarona|Volcarona, L77, F|257/257\n|move|p2a: Sandslash|Rapid Spin|p1a: Volcarona\n|-damage|p1a: Volcarona|199/257\n|-boost|p2a: Sandslash|spe|1\n|\n|upkeep\n|turn|12\n|\n|t:|1781460230\n|move|p2a: Sandslash|Swords Dance|p2a: Sandslash\n|-boost|p2a: Sandslash|atk|2\n|move|p1a: Volcarona|Quiver Dance|p1a: Volcarona\n|-boost|p1a: Volcarona|spa|1\n|-boost|p1a: Volcarona|spd|1\n|-boost|p1a: Volcarona|spe|1\n|\n|upkeep\n|turn|13\n|\n|t:|1781460233\n|move|p1a: Volcarona|Fiery Dance|p2a: Sandslash\n|-damage|p2a: Sandslash|86/278\n|move|p2a: Sandslash|Earthquake|p1a: Volcarona\n|-damage|p1a: Volcarona|0 fnt\n|faint|p1a: Volcarona\n|\n|-heal|p2a: Sandslash|103/278|[from] item: Leftovers\n|upkeep\n|\n|t:|1781460238\n|switch|p1a: Cacturne|Cacturne, L92, M|278/278\n|-damage|p1a: Cacturne|244/278|[from] Stealth Rock\n|turn|14\n|\n|t:|1781460242\n|move|p2a: Sandslash|Swords Dance|p2a: Sandslash\n|-boost|p2a: Sandslash|atk|2\n|move|p1a: Cacturne|Seed Bomb|p2a: Sandslash\n|-supereffective|p2a: Sandslash\n|-damage|p2a: Sandslash|0 fnt\n|faint|p2a: Sandslash\n|-damage|p1a: Cacturne|217/278|[from] item: Life Orb\n|\n|upkeep\n|\n|t:|1781460244\n|switch|p2a: Noivern|Noivern, L82, M|163/274\n|turn|15\n|\n|t:|1781460247\n|switch|p2a: Copperajah|Copperajah, L86, M|264/350 slp\n|move|p1a: Cacturne|Knock Off|p2a: Copperajah\n|-damage|p2a: Copperajah|72/350 slp\n|-enditem|p2a: Copperajah|Life Orb|[from] move: Knock Off|[of] p1a: Cacturne\n|-damage|p1a: Cacturne|190/278|[from] item: Life Orb\n|\n|upkeep\n|turn|16\n|\n|t:|1781460250\n|move|p1a: Cacturne|Knock Off|p2a: Copperajah\n|-damage|p2a: Copperajah|0 fnt\n|faint|p2a: Copperajah\n|-damage|p1a: Cacturne|163/278|[from] item: Life Orb\n|\n|upkeep\n|\n|t:|1781460258\n|switch|p2a: Noivern|Noivern, L82, M|163/274\n|turn|17\n|\n|t:|1781460261\n|move|p1a: Cacturne|Sucker Punch|p2a: Noivern\n|-damage|p2a: Noivern|25/274\n|-damage|p1a: Cacturne|136/278|[from] item: Life Orb\n|move|p2a: Noivern|U-turn|p1a: Cacturne\n|-supereffective|p1a: Cacturne\n|-damage|p1a: Cacturne|0 fnt\n|faint|p1a: Cacturne\n|\n|t:|1781460263\n|switch|p2a: Gumshoos|Gumshoos, L95, M|321/321|[from] U-turn\n|\n|upkeep\n|-message|fungusphil forfeited.\n|\n|win|renz3554\n", "inputlog": ">version a8376a258c1d4662feba110a92103f3664a72141\n>start {\"formatid\":\"gen9randombattle\",\"seed\":\"sodium,1a67ca1bd6b356bc2156719917319560\",\"rated\":\"Rated battle\"}\n>player p1 {\"name\":\"renz3554\",\"avatar\":\"169\",\"rating\":2074,\"seed\":\"sodium,8ba537c553e4176d5d5e831900706265\"}\n>player p2 {\"name\":\"fungusphil\",\"avatar\":\"pokemaniac\",\"rating\":2026,\"seed\":\"sodium,ae7cfa34b57f1e8472d3aa2e81e1b89f\"}\n>p1 move headlongrush\n>p2 switch 4\n>p1 move facade\n>p2 move uturn\n>p2 switch 4\n>p1 move crunch\n>p2 move focusblast\n>p2 switch 3\n>p1 move facade\n>p2 move closecombat\n>p1 switch 2\n>p1 move sludgebomb\n>p2 switch 5\n>p1 move sleeppowder\n>p2 move stealthrock\n>p1 move leechseed\n>p2 move ironhead\n>p1 move sleeppowder\n>p2 move ironhead\n>p1 move sludgebomb\n>p2 switch 4\n>p1 move sludgebomb terastallize\n>p2 move uturn\n>p2 switch 5\n>p2 switch 6\n>p1 switch 4\n>p2 move rapidspin\n>p1 move quiverdance\n>p2 move swordsdance\n>p1 move fierydance\n>p2 move earthquake\n>p1 switch 3\n>p1 move seedbomb\n>p2 move swordsdance\n>p2 switch 5\n>p1 move knockoff\n>p2 switch 4\n>p1 move knockoff\n>p2 move ironhead\n>p2 switch 4\n>p1 move suckerpunch\n>p2 move uturn\n>p2 switch 2\n>forcelose p2", "uploadtime": 1781460069, "views": 4, "formatid": "gen9randombattle", "rating": null, "private": 0, "password": null}