{"id": "gen9randombattle-2631507816", "format": "[Gen 9] Random Battle", "players": ["Youknowit123", "endallbeallball"], "log": "|j|\u2606Youknowit123\n|j|\u2606endallbeallball\n|t:|1781394046\n|gametype|singles\n|player|p1|Youknowit123|169|2047\n|player|p2|endallbeallball|medium|2004\n|gen|9\n|tier|[Gen 9] Random Battle\n|rated|\n|rule|Species Clause: Limit one of each Pok\u00e9mon\n|rule|HP Percentage Mod: HP is shown in percentages\n|rule|Sleep Clause Mod: Limit one foe put to sleep\n|rule|Illusion Level Mod: Illusion disguises the Pok\u00e9mon's true level\n|\n|t:|1781394046\n|teamsize|p1|6\n|teamsize|p2|6\n|start\n|switch|p1a: Grumpig|Grumpig, L92, M|297/297\n|switch|p2a: Palafin|Palafin, L77, M|281/281\n|turn|1\n|\n|t:|1781394058\n|detailschange|p2a: Palafin|Palafin-Hero, L77, M\n|switch|p2a: Magearna|Magearna-Original, L77|250/250\n|move|p1a: Grumpig|Nasty Plot|p1a: Grumpig\n|-boost|p1a: Grumpig|spa|2\n|\n|upkeep\n|turn|2\n|\n|t:|1781394061\n|move|p1a: Grumpig|Shadow Ball|p2a: Magearna\n|-damage|p2a: Magearna|145/250\n|-unboost|p2a: Magearna|spd|1\n|move|p2a: Magearna|Thunder Wave|p1a: Grumpig\n|-status|p1a: Grumpig|par\n|\n|-heal|p2a: Magearna|160/250|[from] item: Leftovers\n|upkeep\n|turn|3\n|\n|t:|1781394068\n|move|p2a: Magearna|Pain Split|p1a: Grumpig\n|-sethp|p1a: Grumpig|228/297 par|[from] move: Pain Split|[silent]\n|-sethp|p2a: Magearna|228/250|[from] move: Pain Split\n|move|p1a: Grumpig|Psyshock|p2a: Magearna\n|-resisted|p2a: Magearna\n|-damage|p2a: Magearna|144/250\n|\n|-heal|p2a: Magearna|159/250|[from] item: Leftovers\n|-heal|p1a: Grumpig|246/297 par|[from] item: Leftovers\n|upkeep\n|turn|4\n|\n|t:|1781394079\n|move|p2a: Magearna|Fleur Cannon|p1a: Grumpig\n|-crit|p1a: Grumpig\n|-damage|p1a: Grumpig|75/297 par\n|-unboost|p2a: Magearna|spa|2\n|cant|p1a: Grumpig|par\n|\n|-heal|p2a: Magearna|174/250|[from] item: Leftovers\n|-heal|p1a: Grumpig|93/297 par|[from] item: Leftovers\n|upkeep\n|turn|5\n|\n|t:|1781394086\n|switch|p2a: Wyrdeer|Wyrdeer, L87, M|321/321\n|-ability|p2a: Wyrdeer|Intimidate|boost\n|-unboost|p1a: Grumpig|atk|1\n|move|p1a: Grumpig|Shadow Ball|p2a: Wyrdeer\n|-immune|p2a: Wyrdeer\n|\n|-heal|p1a: Grumpig|111/297 par|[from] item: Leftovers\n|upkeep\n|turn|6\n|\n|t:|1781394092\n|move|p2a: Wyrdeer|Megahorn|p1a: Grumpig\n|-supereffective|p1a: Grumpig\n|-damage|p1a: Grumpig|0 fnt\n|faint|p1a: Grumpig\n|\n|upkeep\n|\n|t:|1781394098\n|switch|p1a: Stonjourner|Stonjourner, L91, F|330/330\n|turn|7\n|\n|t:|1781394101\n|move|p1a: Stonjourner|Stealth Rock|p2a: Wyrdeer\n|-sidestart|p2: endallbeallball|move: Stealth Rock\n|move|p2a: Wyrdeer|Thunder Wave|p1a: Stonjourner\n|-status|p1a: Stonjourner|par\n|\n|upkeep\n|turn|8\n|\n|t:|1781394104\n|move|p2a: Wyrdeer|Psychic Noise|p1a: Stonjourner\n|-damage|p1a: Stonjourner|137/330 par\n|-start|p1a: Stonjourner|move: Heal Block\n|cant|p1a: Stonjourner|par\n|\n|upkeep\n|turn|9\n|\n|t:|1781394112\n|switch|p1a: Houndoom|Houndoom, L87, M|272/272\n|move|p2a: Wyrdeer|Psychic Noise|p1a: Houndoom\n|-immune|p1a: Houndoom\n|\n|upkeep\n|turn|10\n|\n|t:|1781394115\n|switch|p1a: Raichu|Raichu, L88, M|249/249\n|move|p2a: Wyrdeer|Thunder Wave|p1a: Raichu\n|-ability|p1a: Raichu|Lightning Rod|boost\n|-boost|p1a: Raichu|spa|1\n|\n|upkeep\n|turn|11\n|\n|t:|1781394125\n|move|p1a: Raichu|Nuzzle|p2a: Wyrdeer\n|-damage|p2a: Wyrdeer|296/321\n|-status|p2a: Wyrdeer|par\n|move|p2a: Wyrdeer|Earthquake|p1a: Raichu\n|-supereffective|p1a: Raichu\n|-damage|p1a: Raichu|53/249\n|\n|-heal|p2a: Wyrdeer|316/321 par|[from] item: Leftovers\n|upkeep\n|turn|12\n|\n|t:|1781394133\n|switch|p1a: Stonjourner|Stonjourner, L91, F|137/330 par\n|switch|p2a: Magearna|Magearna-Original, L77|174/250\n|-damage|p2a: Magearna|159/250|[from] Stealth Rock\n|\n|-heal|p2a: Magearna|174/250|[from] item: Leftovers\n|upkeep\n|turn|13\n|\n|t:|1781394136\n|switch|p1a: Cramorant|Cramorant, L86, M|261/261\n|move|p2a: Magearna|Flash Cannon|p1a: Cramorant\n|-resisted|p1a: Cramorant\n|-damage|p1a: Cramorant|218/261\n|\n|-heal|p2a: Magearna|189/250|[from] item: Leftovers\n|upkeep\n|turn|14\n|\n|t:|1781394138\n|move|p1a: Cramorant|Surf|p2a: Magearna\n|-formechange|p1a: Cramorant|Cramorant-Gulping|\n|-damage|p2a: Magearna|104/250\n|move|p2a: Magearna|Thunder Wave|p1a: Cramorant\n|-status|p1a: Cramorant|par\n|\n|-heal|p2a: Magearna|119/250|[from] item: Leftovers\n|upkeep\n|turn|15\n|\n|t:|1781394141\n|move|p2a: Magearna|Pain Split|p1a: Cramorant\n|-sethp|p1a: Cramorant|168/261 par|[from] move: Pain Split|[silent]\n|-sethp|p2a: Magearna|168/250|[from] move: Pain Split\n|cant|p1a: Cramorant|par\n|\n|-heal|p2a: Magearna|183/250|[from] item: Leftovers\n|upkeep\n|turn|16\n|\n|t:|1781394143\n|move|p2a: Magearna|Fleur Cannon|p1a: Cramorant\n|-damage|p1a: Cramorant|44/261 par\n|-unboost|p2a: Magearna|spa|2\n|-damage|p2a: Magearna|121/250|[from] ability: Gulp Missile|[of] p1a: Cramorant\n|-unboost|p2a: Magearna|def|1\n|-formechange|p1a: Cramorant|Cramorant|\n|move|p1a: Cramorant|Surf|p2a: Magearna\n|-formechange|p1a: Cramorant|Cramorant-Gorging|\n|-damage|p2a: Magearna|39/250\n|\n|-heal|p2a: Magearna|54/250|[from] item: Leftovers\n|upkeep\n|turn|17\n|\n|t:|1781394148\n|move|p2a: Magearna|Fleur Cannon|p1a: Cramorant|[miss]\n|-miss|p2a: Magearna|p1a: Cramorant\n|cant|p1a: Cramorant|par\n|\n|-heal|p2a: Magearna|69/250|[from] item: Leftovers\n|upkeep\n|turn|18\n|\n|t:|1781394154\n|move|p2a: Magearna|Fleur Cannon|p1a: Cramorant\n|-damage|p1a: Cramorant|0 fnt\n|-unboost|p2a: Magearna|spa|2\n|-damage|p2a: Magearna|7/250|[from] ability: Gulp Missile|[of] p1a: Cramorant\n|-status|p2a: Magearna|par\n|-formechange|p1a: Cramorant|Cramorant|\n|faint|p1a: Cramorant\n|-ability|p2a: Magearna|Soul-Heart|boost\n|-boost|p2a: Magearna|spa|1\n|\n|-heal|p2a: Magearna|22/250 par|[from] item: Leftovers\n|upkeep\n|\n|t:|1781394163\n|switch|p1a: Raichu|Raichu, L88, M|53/249\n|turn|19\n|\n|t:|1781394167\n|move|p1a: Raichu|Thunderbolt|p2a: Magearna\n|-damage|p2a: Magearna|0 fnt\n|faint|p2a: Magearna\n|\n|upkeep\n|\n|t:|1781394171\n|switch|p2a: Palafin|Palafin-Hero, L77, M|281/281\n|-damage|p2a: Palafin|246/281|[from] Stealth Rock\n|-activate|p2a: Palafin|ability: Zero to Hero\n|turn|20\n|\n|t:|1781394177\n|switch|p1a: Stonjourner|Stonjourner, L91, F|137/330 par\n|move|p2a: Palafin|Jet Punch|p1a: Stonjourner\n|-supereffective|p1a: Stonjourner\n|-damage|p1a: Stonjourner|0 fnt\n|faint|p1a: Stonjourner\n|\n|upkeep\n|\n|t:|1781394179\n|switch|p1a: Lugia|Lugia, L73|275/275\n|turn|21\n|\n|t:|1781394187\n|switch|p2a: Regieleki|Regieleki, L79|256/256\n|-damage|p2a: Regieleki|224/256|[from] Stealth Rock\n|move|p1a: Lugia|Calm Mind|p1a: Lugia\n|-boost|p1a: Lugia|spa|1\n|-boost|p1a: Lugia|spd|1\n|\n|upkeep\n|turn|22\n|\n|t:|1781394195\n|move|p2a: Regieleki|Rapid Spin|p1a: Lugia\n|-damage|p1a: Lugia|262/275\n|-boost|p2a: Regieleki|spe|1\n|-sideend|p2: endallbeallball|Stealth Rock|[from] move: Rapid Spin|[of] p2a: Regieleki\n|move|p1a: Lugia|Earth Power|p2a: Regieleki\n|-supereffective|p2a: Regieleki\n|-damage|p2a: Regieleki|0 fnt\n|faint|p2a: Regieleki\n|\n|upkeep\n|\n|t:|1781394210\n|switch|p2a: Wyrdeer|Wyrdeer, L87, M|316/321 par\n|-ability|p2a: Wyrdeer|Intimidate|boost\n|-unboost|p1a: Lugia|atk|1\n|turn|23\n|\n|t:|1781394219\n|-terastallize|p1a: Lugia|Ground\n|move|p1a: Lugia|Calm Mind|p1a: Lugia\n|-boost|p1a: Lugia|spa|1\n|-boost|p1a: Lugia|spd|1\n|move|p2a: Wyrdeer|Thunder Wave|p1a: Lugia\n|-immune|p1a: Lugia\n|\n|-heal|p2a: Wyrdeer|321/321 par|[from] item: Leftovers\n|upkeep\n|turn|24\n|\n|t:|1781394228\n|move|p1a: Lugia|Calm Mind|p1a: Lugia\n|-boost|p1a: Lugia|spa|1\n|-boost|p1a: Lugia|spd|1\n|cant|p2a: Wyrdeer|par\n|\n|upkeep\n|turn|25\n|\n|t:|1781394235\n|move|p1a: Lugia|Calm Mind|p1a: Lugia\n|-boost|p1a: Lugia|spa|1\n|-boost|p1a: Lugia|spd|1\n|move|p2a: Wyrdeer|Psychic Noise|p1a: Lugia\n|-damage|p1a: Lugia|240/275\n|-start|p1a: Lugia|move: Heal Block\n|\n|upkeep\n|turn|26\n|\n|t:|1781394239\n|switch|p2a: Palafin|Palafin-Hero, L77, M|246/281\n|move|p1a: Lugia|Calm Mind|p1a: Lugia\n|-boost|p1a: Lugia|spa|1\n|-boost|p1a: Lugia|spd|1\n|\n|-end|p1a: Lugia|move: Heal Block\n|upkeep\n|turn|27\n|\n|t:|1781394243\n|move|p2a: Palafin|Jet Punch|p1a: Lugia\n|-supereffective|p1a: Lugia\n|-damage|p1a: Lugia|34/275\n|move|p1a: Lugia|Aeroblast|p2a: Palafin\n|-crit|p2a: Palafin\n|-damage|p2a: Palafin|0 fnt\n|faint|p2a: Palafin\n|\n|upkeep\n|\n|t:|1781394244\n|switch|p2a: Infernape|Infernape, L82, F|259/259\n|turn|28\n|\n|t:|1781394252\n|switch|p1a: Raichu|Raichu, L88, M|53/249\n|move|p2a: Infernape|Flare Blitz|p1a: Raichu\n|-damage|p1a: Raichu|0 fnt\n|faint|p1a: Raichu\n|-damage|p2a: Infernape|242/259|[from] Recoil\n|-damage|p2a: Infernape|217/259|[from] item: Life Orb\n|\n|upkeep\n|\n|t:|1781394256\n|switch|p1a: Houndoom|Houndoom, L87, M|272/272\n|turn|29\n|\n|t:|1781394258\n|move|p2a: Infernape|Close Combat|p1a: Houndoom\n|-supereffective|p1a: Houndoom\n|-damage|p1a: Houndoom|0 fnt\n|-unboost|p2a: Infernape|def|1\n|-unboost|p2a: Infernape|spd|1\n|faint|p1a: Houndoom\n|-damage|p2a: Infernape|192/259|[from] item: Life Orb\n|\n|upkeep\n|l|\u2606Youknowit123\n|player|p1|\n|c|\u2606endallbeallball|gg\n|inactive|Battle timer is ON: inactive players will automatically lose when time's up. (requested by endallbeallball)\n|inactive|Youknowit123 has 30 seconds to reconnect!\n|inactive|Youknowit123 has 20 seconds to reconnect!\n|inactive|Youknowit123 has 15 seconds to reconnect!\n|inactive|Youknowit123 has 10 seconds to reconnect!\n|inactive|Youknowit123 has 5 seconds to reconnect!\n|-message|Youknowit123 lost due to inactivity.\n|\n|win|endallbeallball\n", "inputlog": ">version a8376a258c1d4662feba110a92103f3664a72141\n>start {\"formatid\":\"gen9randombattle\",\"seed\":\"sodium,743c02caab7036220f2765c9449fc5f7\",\"rated\":\"Rated battle\"}\n>player p1 {\"name\":\"Youknowit123\",\"avatar\":\"169\",\"rating\":2047,\"seed\":\"sodium,5d9c21a651093cc1e214f66c9ff5678b\"}\n>player p2 {\"name\":\"endallbeallball\",\"avatar\":\"medium\",\"rating\":2004,\"seed\":\"sodium,0eefb5199d1db599c4f5dbd5b4e18ff6\"}\n>p1 move nastyplot\n>p2 switch 5\n>p1 move shadowball\n>p2 move thunderwave\n>p1 move psyshock\n>p2 move painsplit\n>p1 move shadowball\n>p2 move fleurcannon\n>p1 move shadowball\n>p2 switch 6\n>p1 move psyshock\n>p2 move megahorn\n>p1 switch 5\n>p1 move stealthrock\n>p2 move thunderwave\n>p1 move stoneedge\n>p2 move psychicnoise\n>p1 switch 3\n>p2 move psychicnoise\n>p1 switch 4\n>p2 move thunderwave\n>p1 move nuzzle\n>p2 move earthquake\n>p1 switch 3\n>p2 switch 6\n>p1 switch 6\n>p2 move flashcannon\n>p1 move surf\n>p2 move thunderwave\n>p1 move surf\n>p2 move painsplit\n>p1 move surf\n>p2 move fleurcannon\n>p1 move bravebird\n>p2 move fleurcannon\n>p1 move surf\n>p2 move fleurcannon\n>p1 switch 3\n>p1 move thunderbolt\n>p2 move painsplit\n>p2 switch 5\n>p1 switch 6\n>p2 move jetpunch\n>p1 switch 2\n>p1 move calmmind\n>p2 switch 3\n>p1 move earthpower\n>p2 move rapidspin\n>p2 switch 6\n>p1 move calmmind terastallize\n>p2 move thunderwave\n>p1 move calmmind\n>p2 move psychicnoise\n>p1 move calmmind\n>p2 move psychicnoise\n>p1 move calmmind\n>p2 switch 3\n>p1 move aeroblast\n>p2 move jetpunch\n>p2 switch 2\n>p1 switch 6\n>p2 move flareblitz\n>p1 switch 4\n>p1 move sludgebomb\n>p2 move closecombat\n>chat \u2606endallbeallball|gg\n>forcelose p1", "uploadtime": 1781394048, "views": 5, "formatid": "gen9randombattle", "rating": null, "private": 0, "password": null}