{"id": "gen9randombattle-2631701787", "format": "[Gen 9] Random Battle", "players": ["bimiuchiratnhieu", "bitconnnect"], "log": "|j|\u2606bimiuchiratnhieu\n|j|\u2606bitconnnect\n|t:|1781424708\n|gametype|singles\n|player|p1|bimiuchiratnhieu|hilda|2043\n|player|p2|bitconnnect|gentleman-gen4|2025\n|gen|9\n|tier|[Gen 9] Random Battle\n|rated|\n|rule|Species Clause: Limit one of each Pok\u00e9mon\n|rule|HP Percentage Mod: HP is shown in percentages\n|rule|Sleep Clause Mod: Limit one foe put to sleep\n|rule|Illusion Level Mod: Illusion disguises the Pok\u00e9mon's true level\n|\n|t:|1781424708\n|teamsize|p1|6\n|teamsize|p2|6\n|start\n|switch|p1a: Wugtrio|Wugtrio, L91, F|212/212\n|switch|p2a: Chi-Yu|Chi-Yu, L77|211/211\n|-ability|p2a: Chi-Yu|Beads of Ruin\n|turn|1\n|inactive|Battle timer is ON: inactive players will automatically lose when time's up. (requested by bimiuchiratnhieu)\n|\n|t:|1781424714\n|switch|p2a: Cloyster|Cloyster, L80, M|211/211\n|move|p1a: Wugtrio|Liquidation|p2a: Cloyster\n|-resisted|p2a: Cloyster\n|-damage|p2a: Cloyster|160/211\n|\n|upkeep\n|turn|2\n|\n|t:|1781424723\n|switch|p1a: Bronzong|Bronzong, L88|261/261\n|move|p2a: Cloyster|Shell Smash|p2a: Cloyster\n|-unboost|p2a: Cloyster|def|1\n|-unboost|p2a: Cloyster|spd|1\n|-boost|p2a: Cloyster|atk|2\n|-boost|p2a: Cloyster|spa|2\n|-boost|p2a: Cloyster|spe|2\n|-enditem|p2a: Cloyster|White Herb\n|-clearnegativeboost|p2a: Cloyster|[silent]\n|\n|upkeep\n|turn|3\n|\n|t:|1781424730\n|move|p2a: Cloyster|Shell Smash|p2a: Cloyster\n|-unboost|p2a: Cloyster|def|1\n|-unboost|p2a: Cloyster|spd|1\n|-boost|p2a: Cloyster|atk|2\n|-boost|p2a: Cloyster|spa|2\n|-boost|p2a: Cloyster|spe|2\n|move|p1a: Bronzong|Body Press|p2a: Cloyster\n|-supereffective|p2a: Cloyster\n|-damage|p2a: Cloyster|24/211\n|\n|upkeep\n|turn|4\n|\n|t:|1781424752\n|move|p2a: Cloyster|Icicle Spear|p1a: Bronzong\n|-resisted|p1a: Bronzong\n|-damage|p1a: Bronzong|235/261\n|-resisted|p1a: Bronzong\n|-damage|p1a: Bronzong|209/261\n|-resisted|p1a: Bronzong\n|-damage|p1a: Bronzong|184/261\n|-resisted|p1a: Bronzong\n|-damage|p1a: Bronzong|157/261\n|-resisted|p1a: Bronzong\n|-damage|p1a: Bronzong|129/261\n|-hitcount|p1a: Bronzong|5\n|move|p1a: Bronzong|Body Press|p2a: Cloyster\n|-supereffective|p2a: Cloyster\n|-damage|p2a: Cloyster|0 fnt\n|faint|p2a: Cloyster\n|\n|upkeep\n|\n|t:|1781424757\n|switch|p2a: Regieleki|Regieleki, L79|256/256\n|turn|5\n|\n|t:|1781424765\n|move|p2a: Regieleki|Volt Switch|p1a: Bronzong\n|-damage|p1a: Bronzong|48/261\n|\n|t:|1781424770\n|switch|p2a: Dusknoir|Dusknoir, L89, M|225/225|[from] Volt Switch\n|-item|p1a: Bronzong|Chesto Berry|[from] ability: Frisk|[of] p2a: Dusknoir\n|move|p1a: Bronzong|Rest|p1a: Bronzong\n|-status|p1a: Bronzong|slp|[from] move: Rest\n|-heal|p1a: Bronzong|261/261 slp|[silent]\n|-enditem|p1a: Bronzong|Chesto Berry|[eat]\n|-curestatus|p1a: Bronzong|slp|[msg]\n|\n|upkeep\n|turn|6\n|\n|t:|1781424780\n|switch|p1a: Hippowdon|Hippowdon, L82, M|311/311\n|-weather|Sandstorm|[from] ability: Sand Stream|[of] p1a: Hippowdon\n|move|p2a: Dusknoir|Trick|p1a: Hippowdon\n|-activate|p2a: Dusknoir|move: Trick|[of] p1a: Hippowdon\n|-item|p1a: Hippowdon|Choice Band|[from] move: Trick\n|-item|p2a: Dusknoir|Leftovers|[from] move: Trick\n|\n|-weather|Sandstorm|[upkeep]\n|-damage|p2a: Dusknoir|211/225|[from] Sandstorm\n|-heal|p2a: Dusknoir|225/225|[from] item: Leftovers\n|upkeep\n|turn|7\n|\n|t:|1781424796\n|move|p2a: Dusknoir|Poltergeist|p1a: Hippowdon\n|-activate|p1a: Hippowdon|move: Poltergeist|Choice Band\n|-damage|p1a: Hippowdon|203/311\n|move|p1a: Hippowdon|Earthquake|p2a: Dusknoir\n|-damage|p2a: Dusknoir|116/225\n|\n|-weather|Sandstorm|[upkeep]\n|-damage|p2a: Dusknoir|102/225|[from] Sandstorm\n|-heal|p2a: Dusknoir|116/225|[from] item: Leftovers\n|upkeep\n|turn|8\n|inactive|bimiuchiratnhieu has 120 seconds left.\n|\n|t:|1781424827\n|move|p2a: Dusknoir|Poltergeist|p1a: Hippowdon\n|-activate|p1a: Hippowdon|move: Poltergeist|Choice Band\n|-damage|p1a: Hippowdon|95/311\n|move|p1a: Hippowdon|Earthquake|p2a: Dusknoir\n|-damage|p2a: Dusknoir|0 fnt\n|faint|p2a: Dusknoir\n|\n|-weather|Sandstorm|[upkeep]\n|upkeep\n|\n|t:|1781424839\n|switch|p2a: Regieleki|Regieleki, L79|256/256\n|turn|9\n|inactive|bimiuchiratnhieu has 120 seconds left.\n|\n|t:|1781424854\n|-terastallize|p2a: Regieleki|Ice\n|move|p2a: Regieleki|Tera Blast|p1a: Hippowdon|[anim] Tera Blast Ice\n|-supereffective|p1a: Hippowdon\n|-damage|p1a: Hippowdon|0 fnt\n|faint|p1a: Hippowdon\n|\n|-weather|Sandstorm|[upkeep]\n|-damage|p2a: Regieleki|240/256|[from] Sandstorm\n|upkeep\n|inactive|bimiuchiratnhieu has 120 seconds left.\n|\n|t:|1781424863\n|switch|p1a: Bronzong|Bronzong, L88|261/261\n|turn|10\n|\n|t:|1781424866\n|move|p2a: Regieleki|Volt Switch|p1a: Bronzong\n|-crit|p1a: Bronzong\n|-damage|p1a: Bronzong|135/261\n|\n|t:|1781424871\n|switch|p2a: Walking Wake|Walking Wake, L79|286/286|[from] Volt Switch\n|move|p1a: Bronzong|Body Press|p2a: Walking Wake\n|-damage|p2a: Walking Wake|209/286\n|\n|-weather|none\n|upkeep\n|turn|11\n|\n|t:|1781424893\n|move|p2a: Walking Wake|Sunny Day|p2a: Walking Wake\n|-weather|SunnyDay\n|-activate|p2a: Walking Wake|ability: Protosynthesis\n|-start|p2a: Walking Wake|protosynthesisspa\n|move|p1a: Bronzong|Body Press|p2a: Walking Wake\n|-damage|p2a: Walking Wake|133/286\n|\n|-weather|SunnyDay|[upkeep]\n|upkeep\n|turn|12\n|\n|t:|1781424901\n|move|p2a: Walking Wake|Flamethrower|p1a: Bronzong\n|-supereffective|p1a: Bronzong\n|-damage|p1a: Bronzong|0 fnt\n|faint|p1a: Bronzong\n|-damage|p2a: Walking Wake|105/286|[from] item: Life Orb\n|\n|-weather|SunnyDay|[upkeep]\n|upkeep\n|inactive|bimiuchiratnhieu has 120 seconds left.\n|\n|t:|1781424933\n|switch|p1a: Iron Boulder|Iron Boulder, L77|265/265\n|turn|13\n|\n|t:|1781424938\n|move|p1a: Iron Boulder|Mighty Cleave|p2a: Walking Wake\n|-damage|p2a: Walking Wake|0 fnt\n|faint|p2a: Walking Wake\n|-end|p2a: Walking Wake|Protosynthesis|[silent]\n|-damage|p1a: Iron Boulder|239/265|[from] item: Life Orb\n|\n|-weather|SunnyDay|[upkeep]\n|upkeep\n|\n|t:|1781424941\n|switch|p2a: Iron Treads|Iron Treads, L77|265/265\n|turn|14\n|\n|t:|1781424949\n|-end|p1a: Iron Boulder|Quark Drive|[silent]\n|switch|p1a: Thundurus|Thundurus, L80, M|258/258\n|move|p2a: Iron Treads|Earthquake|p1a: Thundurus\n|-immune|p1a: Thundurus\n|\n|-weather|SunnyDay|[upkeep]\n|upkeep\n|turn|15\n|\n|t:|1781424956\n|move|p1a: Thundurus|Focus Blast|p2a: Iron Treads\n|-supereffective|p2a: Iron Treads\n|-damage|p2a: Iron Treads|15/265\n|move|p2a: Iron Treads|Stealth Rock|p1a: Thundurus\n|-sidestart|p1: bimiuchiratnhieu|move: Stealth Rock\n|\n|-weather|none\n|-heal|p2a: Iron Treads|31/265|[from] item: Leftovers\n|upkeep\n|turn|16\n|\n|t:|1781424975\n|move|p1a: Thundurus|Tera Blast|p2a: Iron Treads\n|-resisted|p2a: Iron Treads\n|-damage|p2a: Iron Treads|0 fnt\n|faint|p2a: Iron Treads\n|-end|p2a: Iron Treads|Quark Drive|[silent]\n|\n|upkeep\n|\n|t:|1781424977\n|switch|p2a: Chi-Yu|Chi-Yu, L77|211/211\n|-ability|p2a: Chi-Yu|Beads of Ruin\n|turn|17\n|\n|t:|1781425001\n|move|p2a: Chi-Yu|Dark Pulse|p1a: Thundurus\n|-damage|p1a: Thundurus|125/258\n|move|p1a: Thundurus|Focus Blast|p2a: Chi-Yu\n|-supereffective|p2a: Chi-Yu\n|-damage|p2a: Chi-Yu|53/211\n|\n|upkeep\n|turn|18\n|inactive|bitconnnect has 120 seconds left.\n|\n|t:|1781425055\n|move|p2a: Chi-Yu|Dark Pulse|p1a: Thundurus\n|-damage|p1a: Thundurus|0 fnt\n|faint|p1a: Thundurus\n|\n|upkeep\n|\n|t:|1781425061\n|switch|p1a: Wugtrio|Wugtrio, L91, F|212/212\n|-damage|p1a: Wugtrio|186/212|[from] Stealth Rock\n|turn|19\n|\n|t:|1781425063\n|move|p1a: Wugtrio|Aqua Jet|p2a: Chi-Yu\n|-supereffective|p2a: Chi-Yu\n|-damage|p2a: Chi-Yu|0 fnt\n|faint|p2a: Chi-Yu\n|\n|upkeep\n|\n|t:|1781425065\n|switch|p2a: Regieleki|Regieleki, L79, tera:Ice|240/256\n|turn|20\n|\n|t:|1781425094\n|move|p1a: Wugtrio|Aqua Jet|p2a: Regieleki\n|-damage|p2a: Regieleki|122/256\n|move|p2a: Regieleki|Thunderbolt|p1a: Wugtrio\n|-supereffective|p1a: Wugtrio\n|-damage|p1a: Wugtrio|0 fnt\n|faint|p1a: Wugtrio\n|\n|upkeep\n|\n|t:|1781425097\n|switch|p1a: Leafeon|Leafeon, L88, M|258/258\n|-damage|p1a: Leafeon|226/258|[from] Stealth Rock\n|turn|21\n|\n|t:|1781425101\n|-terastallize|p1a: Leafeon|Dark\n|move|p2a: Regieleki|Tera Blast|p1a: Leafeon|[anim] Tera Blast Ice\n|-damage|p1a: Leafeon|126/258\n|move|p1a: Leafeon|Knock Off|p2a: Regieleki\n|-damage|p2a: Regieleki|0 fnt\n|-enditem|p2a: Regieleki|Magnet|[from] move: Knock Off|[of] p1a: Leafeon\n|faint|p2a: Regieleki\n|\n|win|bimiuchiratnhieu\n|raw|bimiuchiratnhieu's rating: 2064 &rarr; <strong>2082</strong><br />(+18 for winning)\n|raw|bitconnnect's rating: 2025 &rarr; <strong>2007</strong><br />(-18 for losing)\n", "inputlog": ">version a8376a258c1d4662feba110a92103f3664a72141\n>start {\"formatid\":\"gen9randombattle\",\"seed\":\"sodium,4c3efa5a0cee712fe14349ead9f55046\",\"rated\":\"Rated battle\"}\n>player p1 {\"name\":\"bimiuchiratnhieu\",\"avatar\":\"hilda\",\"rating\":2043,\"seed\":\"sodium,2face316b573aab007910f50ec4663ca\"}\n>player p2 {\"name\":\"bitconnnect\",\"avatar\":\"gentleman-gen4\",\"rating\":2025,\"seed\":\"sodium,4b6827a81b757ffccba91dece339df7d\"}\n>p1 move liquidation\n>p2 switch 5\n>p1 switch 6\n>p2 move shellsmash\n>p1 move bodypress\n>p2 move shellsmash\n>p1 move bodypress\n>p2 move iciclespear\n>p2 switch 4\n>p1 move rest\n>p2 move voltswitch\n>p2 switch 2\n>p1 switch 5\n>p2 move trick\n>p1 move earthquake\n>p2 move poltergeist\n>p1 move earthquake\n>p2 move poltergeist\n>p2 switch 2\n>p1 move earthquake\n>p2 move terablast terastallize\n>p1 switch 5\n>p1 move bodypress\n>p2 move voltswitch\n>p2 switch 6\n>p1 move bodypress\n>p2 move sunnyday\n>p1 move bodypress\n>p2 move flamethrower\n>p1 switch 4\n>p1 move mightycleave\n>p2 move hydrosteam\n>p2 switch 3\n>p1 switch 2\n>p2 move earthquake\n>p1 move focusblast\n>p2 move stealthrock\n>p1 move terablast\n>p2 move ironhead\n>p2 switch 5\n>p1 move focusblast\n>p2 move darkpulse\n>p1 move thunderbolt\n>p2 move darkpulse\n>p1 switch 6\n>p1 move aquajet\n>p2 move darkpulse\n>p2 switch 6\n>p1 move aquajet\n>p2 move thunderbolt\n>p1 switch 3\n>p1 move knockoff terastallize\n>p2 move terablast", "uploadtime": 1781425102, "views": 5, "formatid": "gen9randombattle", "rating": 2007, "private": 0, "password": null}