{"id": "gen9randombattle-2631557858", "format": "[Gen 9] Random Battle", "players": ["shuckletheshuckle", "hotdragon20"], "log": "|j|\u2606shuckletheshuckle\n|j|\u2606hotdragon20\n|t:|1781401056\n|gametype|singles\n|player|p1|shuckletheshuckle|266|2031\n|player|p2|hotdragon20|170|2093\n|gen|9\n|tier|[Gen 9] Random Battle\n|rated|\n|rule|Species Clause: Limit one of each Pok\u00e9mon\n|rule|HP Percentage Mod: HP is shown in percentages\n|rule|Sleep Clause Mod: Limit one foe put to sleep\n|rule|Illusion Level Mod: Illusion disguises the Pok\u00e9mon's true level\n|\n|t:|1781401056\n|teamsize|p1|6\n|teamsize|p2|6\n|start\n|switch|p1a: Overqwil|Overqwil, L82, M|274/274\n|switch|p2a: Blastoise|Blastoise, L80, F|258/258\n|-ability|p1a: Overqwil|Intimidate|boost\n|-unboost|p2a: Blastoise|atk|1\n|-enditem|p2a: Blastoise|White Herb\n|-clearnegativeboost|p2a: Blastoise|[silent]\n|turn|1\n|\n|t:|1781401078\n|switch|p1a: Kilowattrel|Kilowattrel, L83, F|252/252\n|switch|p2a: Mudsdale|Mudsdale, L83, M|302/302\n|\n|upkeep\n|turn|2\n|\n|t:|1781401082\n|move|p1a: Kilowattrel|U-turn|p2a: Mudsdale\n|-damage|p2a: Mudsdale|269/302\n|-ability|p2a: Mudsdale|Stamina|boost\n|-boost|p2a: Mudsdale|def|1\n|\n|t:|1781401085\n|switch|p1a: Dipplin|Dipplin, L88, F|284/284|[from] U-turn\n|move|p2a: Mudsdale|Stealth Rock|p1a: Dipplin\n|-sidestart|p1: shuckletheshuckle|move: Stealth Rock\n|\n|-heal|p2a: Mudsdale|287/302|[from] item: Leftovers\n|upkeep\n|turn|3\n|\n|t:|1781401102\n|switch|p2a: Annihilape|Annihilape, L76, M|292/292\n|move|p1a: Dipplin|Giga Drain|p2a: Annihilape\n|-damage|p2a: Annihilape|192/292\n|\n|upkeep\n|turn|4\n|inactive|Battle timer is ON: inactive players will automatically lose when time's up. (requested by hotdragon20)\n|\n|t:|1781401150\n|switch|p1a: Magearna|Magearna-Original, L77|250/250\n|-damage|p1a: Magearna|235/250|[from] Stealth Rock\n|move|p2a: Annihilape|Drain Punch|p1a: Magearna\n|-damage|p1a: Magearna|172/250\n|-heal|p2a: Annihilape|224/292|[from] drain|[of] p1a: Magearna\n|\n|-heal|p1a: Magearna|187/250|[from] item: Leftovers\n|upkeep\n|turn|5\n|\n|t:|1781401165\n|switch|p2a: Mudsdale|Mudsdale, L83, M|287/302\n|move|p1a: Magearna|Fleur Cannon|p2a: Mudsdale\n|-damage|p2a: Mudsdale|130/302\n|-unboost|p1a: Magearna|spa|2\n|-ability|p2a: Mudsdale|Stamina|boost\n|-boost|p2a: Mudsdale|def|1\n|\n|-heal|p1a: Magearna|202/250|[from] item: Leftovers\n|-heal|p2a: Mudsdale|148/302|[from] item: Leftovers\n|upkeep\n|turn|6\n|\n|t:|1781401175\n|switch|p1a: Dipplin|Dipplin, L88, F|284/284\n|-damage|p1a: Dipplin|249/284|[from] Stealth Rock\n|switch|p2a: Annihilape|Annihilape, L76, M|224/292\n|\n|upkeep\n|turn|7\n|\n|t:|1781401184\n|switch|p1a: Kilowattrel|Kilowattrel, L83, F|252/252\n|move|p2a: Annihilape|Bulk Up|p2a: Annihilape\n|-boost|p2a: Annihilape|atk|1\n|-boost|p2a: Annihilape|def|1\n|\n|upkeep\n|turn|8\n|\n|t:|1781401194\n|switch|p2a: Groudon|Groudon, L72|263/263\n|-weather|SunnyDay|[from] ability: Drought|[of] p2a: Groudon\n|move|p1a: Kilowattrel|Hurricane|p2a: Groudon|[miss]\n|-miss|p1a: Kilowattrel|p2a: Groudon\n|\n|-weather|SunnyDay|[upkeep]\n|upkeep\n|turn|9\n|\n|t:|1781401200\n|move|p1a: Kilowattrel|U-turn|p2a: Groudon\n|-damage|p2a: Groudon|233/263\n|\n|t:|1781401208\n|switch|p1a: Overqwil|Overqwil, L82, M|274/274|[from] U-turn\n|-damage|p1a: Overqwil|240/274|[from] Stealth Rock\n|-ability|p1a: Overqwil|Intimidate|boost\n|-unboost|p2a: Groudon|atk|1\n|move|p2a: Groudon|Roar|p1a: Overqwil\n|drag|p1a: Magearna|Magearna-Original, L77|202/250\n|-damage|p1a: Magearna|187/250|[from] Stealth Rock\n|\n|-weather|SunnyDay|[upkeep]\n|-heal|p2a: Groudon|249/263|[from] item: Leftovers\n|-heal|p1a: Magearna|202/250|[from] item: Leftovers\n|upkeep\n|turn|10\n|\n|t:|1781401219\n|move|p2a: Groudon|Heat Crash|p1a: Magearna\n|-supereffective|p1a: Magearna\n|-damage|p1a: Magearna|44/250\n|move|p1a: Magearna|Spikes|p2a: Groudon\n|-sidestart|p2: hotdragon20|Spikes\n|\n|-weather|SunnyDay|[upkeep]\n|-heal|p2a: Groudon|263/263|[from] item: Leftovers\n|-heal|p1a: Magearna|59/250|[from] item: Leftovers\n|upkeep\n|turn|11\n|\n|t:|1781401243\n|switch|p1a: Overqwil|Overqwil, L82, M|240/274\n|-damage|p1a: Overqwil|206/274|[from] Stealth Rock\n|-ability|p1a: Overqwil|Intimidate|boost\n|-unboost|p2a: Groudon|atk|1\n|move|p2a: Groudon|Heat Crash|p1a: Overqwil\n|-damage|p1a: Overqwil|147/274\n|\n|-weather|SunnyDay|[upkeep]\n|upkeep\n|turn|12\n|\n|t:|1781401255\n|switch|p1a: Dipplin|Dipplin, L88, F|249/284\n|-damage|p1a: Dipplin|214/284|[from] Stealth Rock\n|move|p2a: Groudon|Roar|p1a: Dipplin\n|drag|p1a: Kilowattrel|Kilowattrel, L83, F|252/252\n|\n|-weather|none\n|upkeep\n|turn|13\n|\n|t:|1781401264\n|switch|p2a: Mudsdale|Mudsdale, L83, M|148/302\n|-damage|p2a: Mudsdale|111/302|[from] Spikes\n|move|p1a: Kilowattrel|U-turn|p2a: Mudsdale\n|-damage|p2a: Mudsdale|78/302\n|-ability|p2a: Mudsdale|Stamina|boost\n|-boost|p2a: Mudsdale|def|1\n|inactive|shuckletheshuckle has 120 seconds left.\n|\n|t:|1781401312\n|switch|p1a: Dipplin|Dipplin, L88, F|214/284|[from] U-turn\n|-damage|p1a: Dipplin|179/284|[from] Stealth Rock\n|\n|-heal|p2a: Mudsdale|96/302|[from] item: Leftovers\n|upkeep\n|turn|14\n|\n|t:|1781401334\n|switch|p2a: Annihilape|Annihilape, L76, M|224/292\n|-damage|p2a: Annihilape|188/292|[from] Spikes\n|move|p1a: Dipplin|Giga Drain|p2a: Annihilape\n|-damage|p2a: Annihilape|100/292\n|-heal|p1a: Dipplin|223/284|[from] drain|[of] p2a: Annihilape\n|\n|upkeep\n|turn|15\n|\n|t:|1781401345\n|switch|p1a: Kilowattrel|Kilowattrel, L83, F|252/252\n|move|p2a: Annihilape|Rest|p2a: Annihilape\n|-status|p2a: Annihilape|slp|[from] move: Rest\n|-heal|p2a: Annihilape|292/292 slp|[silent]\n|-enditem|p2a: Annihilape|Chesto Berry|[eat]\n|-curestatus|p2a: Annihilape|slp|[msg]\n|\n|upkeep\n|turn|16\n|\n|t:|1781401348\n|switch|p2a: Groudon|Groudon, L72|263/263\n|-damage|p2a: Groudon|231/263|[from] Spikes\n|-weather|SunnyDay|[from] ability: Drought|[of] p2a: Groudon\n|move|p1a: Kilowattrel|Hurricane|p2a: Groudon\n|-damage|p2a: Groudon|83/263\n|\n|-weather|SunnyDay|[upkeep]\n|-heal|p2a: Groudon|99/263|[from] item: Leftovers\n|upkeep\n|turn|17\n|inactive|shuckletheshuckle has 120 seconds left.\n|\n|t:|1781401367\n|move|p1a: Kilowattrel|Hurricane|p2a: Groudon\n|-damage|p2a: Groudon|0 fnt\n|faint|p2a: Groudon\n|\n|-weather|SunnyDay|[upkeep]\n|upkeep\n|\n|t:|1781401383\n|switch|p2a: Mimikyu|Mimikyu, L79, F|216/216\n|-damage|p2a: Mimikyu|189/216|[from] Spikes\n|turn|18\n|inactive|shuckletheshuckle has 120 seconds left.\n|\n|t:|1781401407\n|move|p1a: Kilowattrel|U-turn|p2a: Mimikyu\n|-activate|p2a: Mimikyu|ability: Disguise\n|-damage|p2a: Mimikyu|189/216\n|detailschange|p2a: Mimikyu|Mimikyu-Busted, L79, F\n|-damage|p2a: Mimikyu|162/216|[from] pokemon: Mimikyu-Busted\n|inactive|shuckletheshuckle has 90 seconds left.\n|\n|t:|1781401433\n|switch|p1a: Overqwil|Overqwil, L82, M|147/274|[from] U-turn\n|-damage|p1a: Overqwil|113/274|[from] Stealth Rock\n|-ability|p1a: Overqwil|Intimidate|boost\n|-unboost|p2a: Mimikyu|atk|1\n|move|p2a: Mimikyu|Swords Dance|p2a: Mimikyu\n|-boost|p2a: Mimikyu|atk|2\n|\n|-weather|SunnyDay|[upkeep]\n|upkeep\n|turn|19\n|\n|t:|1781401437\n|move|p2a: Mimikyu|Play Rough|p1a: Overqwil\n|-damage|p1a: Overqwil|0 fnt\n|faint|p1a: Overqwil\n|-damage|p2a: Mimikyu|141/216|[from] item: Life Orb\n|\n|-weather|SunnyDay|[upkeep]\n|upkeep\n|\n|t:|1781401446\n|switch|p1a: Araquanid|Araquanid, L82, M|246/246\n|turn|20\n|\n|t:|1781401454\n|move|p2a: Mimikyu|Swords Dance|p2a: Mimikyu\n|-boost|p2a: Mimikyu|atk|2\n|move|p1a: Araquanid|Sticky Web|p2a: Mimikyu\n|-sidestart|p2: hotdragon20|move: Sticky Web\n|\n|-weather|none\n|upkeep\n|turn|21\n|\n|t:|1781401458\n|move|p2a: Mimikyu|Play Rough|p1a: Araquanid\n|-damage|p1a: Araquanid|0 fnt\n|faint|p1a: Araquanid\n|-damage|p2a: Mimikyu|120/216|[from] item: Life Orb\n|\n|upkeep\n|inactive|shuckletheshuckle has 120 seconds left.\n|\n|t:|1781401465\n|switch|p1a: Kilowattrel|Kilowattrel, L83, F|252/252\n|turn|22\n|\n|t:|1781401469\n|move|p1a: Kilowattrel|Thunderbolt|p2a: Mimikyu\n|-damage|p2a: Mimikyu|29/216\n|move|p2a: Mimikyu|Play Rough|p1a: Kilowattrel\n|-damage|p1a: Kilowattrel|0 fnt\n|faint|p1a: Kilowattrel\n|-damage|p2a: Mimikyu|8/216|[from] item: Life Orb\n|\n|upkeep\n|\n|t:|1781401474\n|switch|p1a: Crawdaunt|Crawdaunt, L84, M|243/243\n|-damage|p1a: Crawdaunt|213/243|[from] Stealth Rock\n|turn|23\n|\n|t:|1781401478\n|move|p2a: Mimikyu|Shadow Sneak|p1a: Crawdaunt\n|-resisted|p1a: Crawdaunt\n|-damage|p1a: Crawdaunt|157/243\n|-damage|p2a: Mimikyu|0 fnt|[from] item: Life Orb\n|faint|p2a: Mimikyu\n|move|p1a: Crawdaunt|Aqua Jet|p2: Mimikyu|[notarget]\n|-fail|p1a: Crawdaunt\n|\n|upkeep\n|\n|t:|1781401498\n|switch|p2a: Annihilape|Annihilape, L76, M|292/292\n|-damage|p2a: Annihilape|256/292|[from] Spikes\n|-activate|p2a: Annihilape|move: Sticky Web\n|-unboost|p2a: Annihilape|spe|1\n|-ability|p2a: Annihilape|Defiant|boost\n|-boost|p2a: Annihilape|atk|2\n|turn|24\n|\n|t:|1781401514\n|-terastallize|p1a: Crawdaunt|Water\n|move|p1a: Crawdaunt|Dragon Dance|p1a: Crawdaunt\n|-boost|p1a: Crawdaunt|atk|1\n|-boost|p1a: Crawdaunt|spe|1\n|move|p2a: Annihilape|Drain Punch|p1a: Crawdaunt\n|-damage|p1a: Crawdaunt|13/243\n|-heal|p2a: Annihilape|292/292|[from] drain|[of] p1a: Crawdaunt\n|\n|upkeep\n|turn|25\n|\n|t:|1781401521\n|switch|p2a: Mudsdale|Mudsdale, L83, M|96/302\n|-damage|p2a: Mudsdale|59/302|[from] Spikes\n|-activate|p2a: Mudsdale|move: Sticky Web\n|-unboost|p2a: Mudsdale|spe|1\n|move|p1a: Crawdaunt|Crabhammer|p2a: Mudsdale\n|-supereffective|p2a: Mudsdale\n|-damage|p2a: Mudsdale|0 fnt\n|faint|p2a: Mudsdale\n|-damage|p1a: Crawdaunt|0 fnt|[from] item: Life Orb\n|faint|p1a: Crawdaunt\n|\n|upkeep\n|\n|t:|1781401540\n|switch|p1a: Dipplin|Dipplin, L88, F|223/284\n|switch|p2a: Annihilape|Annihilape, L76, M|292/292\n|-damage|p2a: Annihilape|256/292|[from] Spikes\n|-activate|p2a: Annihilape|move: Sticky Web\n|-unboost|p2a: Annihilape|spe|1\n|-ability|p2a: Annihilape|Defiant|boost\n|-boost|p2a: Annihilape|atk|2\n|-damage|p1a: Dipplin|188/284|[from] Stealth Rock\n|turn|26\n|\n|t:|1781401557\n|move|p1a: Dipplin|Giga Drain|p2a: Annihilape\n|-damage|p2a: Annihilape|162/292\n|-heal|p1a: Dipplin|235/284|[from] drain|[of] p2a: Annihilape\n|move|p2a: Annihilape|Drain Punch|p1a: Dipplin\n|-damage|p1a: Dipplin|153/284\n|-heal|p2a: Annihilape|203/292|[from] drain|[of] p1a: Dipplin\n|\n|upkeep\n|turn|27\n|\n|t:|1781401564\n|move|p1a: Dipplin|Giga Drain|p2a: Annihilape\n|-crit|p2a: Annihilape\n|-damage|p2a: Annihilape|70/292\n|-heal|p1a: Dipplin|220/284|[from] drain|[of] p2a: Annihilape\n|move|p2a: Annihilape|Drain Punch|p1a: Dipplin\n|-damage|p1a: Dipplin|145/284\n|-heal|p2a: Annihilape|108/292|[from] drain|[of] p1a: Dipplin\n|\n|upkeep\n|turn|28\n|\n|t:|1781401572\n|move|p1a: Dipplin|Dragon Pulse|p2a: Annihilape\n|-damage|p2a: Annihilape|8/292\n|move|p2a: Annihilape|Drain Punch|p1a: Dipplin\n|-damage|p1a: Dipplin|63/284\n|-heal|p2a: Annihilape|49/292|[from] drain|[of] p1a: Dipplin\n|\n|upkeep\n|turn|29\n|\n|t:|1781401576\n|move|p1a: Dipplin|Giga Drain|p2a: Annihilape\n|-damage|p2a: Annihilape|0 fnt\n|-heal|p1a: Dipplin|88/284|[from] drain|[of] p2a: Annihilape\n|faint|p2a: Annihilape\n|\n|upkeep\n|\n|t:|1781401586\n|switch|p2a: Persian|Persian-Alola, L86, F|252/252\n|-damage|p2a: Persian|221/252|[from] Spikes\n|-activate|p2a: Persian|move: Sticky Web\n|-unboost|p2a: Persian|spe|1\n|turn|30\n|\n|t:|1781401591\n|move|p2a: Persian|Dark Pulse|p1a: Dipplin\n|-damage|p1a: Dipplin|17/284\n|-damage|p2a: Persian|196/252|[from] item: Life Orb\n|cant|p1a: Dipplin|flinch\n|\n|upkeep\n|turn|31\n|\n|t:|1781401596\n|move|p2a: Persian|Dark Pulse|p1a: Dipplin\n|-damage|p1a: Dipplin|0 fnt\n|faint|p1a: Dipplin\n|-damage|p2a: Persian|171/252|[from] item: Life Orb\n|\n|upkeep\n|\n|t:|1781401600\n|switch|p1a: Magearna|Magearna-Original, L77|59/250\n|-damage|p1a: Magearna|44/250|[from] Stealth Rock\n|turn|32\n|\n|t:|1781401605\n|move|p2a: Persian|Burning Jealousy|p1a: Magearna\n|-supereffective|p1a: Magearna\n|-damage|p1a: Magearna|0 fnt\n|faint|p1a: Magearna\n|-damage|p2a: Persian|146/252|[from] item: Life Orb\n|\n|win|hotdragon20\n", "inputlog": ">version a8376a258c1d4662feba110a92103f3664a72141\n>start {\"formatid\":\"gen9randombattle\",\"seed\":\"sodium,2ec0e1f6ccf1fdd1a6b131a82cce39bd\",\"rated\":\"Rated battle\"}\n>player p1 {\"name\":\"shuckletheshuckle\",\"avatar\":\"266\",\"rating\":2031,\"seed\":\"sodium,0a3278ae05eb91c16c4d398a3ffcc8fe\"}\n>player p2 {\"name\":\"hotdragon20\",\"avatar\":\"170\",\"rating\":2093,\"seed\":\"sodium,1f5ec146d467e9eee52b729e60be0fc4\"}\n>p1 switch 5\n>p2 switch 2\n>p1 move uturn\n>p2 move stealthrock\n>p1 switch 4\n>p1 move gigadrain\n>p2 switch 5\n>p1 switch 3\n>p2 move drainpunch\n>p1 move fleurcannon\n>p2 switch 5\n>p1 switch 3\n>p2 switch 5\n>p1 switch 4\n>p2 move bulkup\n>p1 move hurricane\n>p2 switch 4\n>p1 move uturn\n>p2 move roar\n>p1 switch 5\n>p1 move spikes\n>p2 move heatcrash\n>p1 switch 3\n>p2 move heatcrash\n>p1 switch 4\n>p2 move roar\n>p1 move uturn\n>p2 switch 5\n>p1 switch 5\n>p1 move gigadrain\n>p2 switch 4\n>p1 switch 5\n>p2 move rest\n>p1 move hurricane\n>p2 switch 5\n>p1 move hurricane\n>p2 move heatcrash\n>p2 switch 6\n>p1 move uturn\n>p2 move swordsdance\n>p1 switch 4\n>p1 move gunkshot\n>p2 move playrough\n>p1 switch 2\n>p1 move stickyweb\n>p2 move swordsdance\n>p1 move liquidation\n>p2 move playrough\n>p1 switch 4\n>p1 move thunderbolt\n>p2 move playrough\n>p1 switch 6\n>p1 move aquajet\n>p2 move shadowsneak\n>p2 switch 5\n>p1 move dragondance terastallize\n>p2 move drainpunch\n>p1 move crabhammer\n>p2 switch 4\n>p1 switch 5\n>p2 switch 4\n>p1 move gigadrain\n>p2 move drainpunch\n>p1 move gigadrain\n>p2 move drainpunch\n>p1 move dragonpulse\n>p2 move drainpunch\n>p1 move gigadrain\n>p2 move ragefist\n>p2 switch 3\n>p1 move recover\n>p2 move darkpulse\n>p1 move recover\n>p2 move darkpulse\n>p1 switch 3\n>p1 move aurasphere\n>p2 move burningjealousy", "uploadtime": 1781401058, "views": 5, "formatid": "gen9randombattle", "rating": null, "private": 0, "password": null}