{"id": "gen9randombattle-2631492181", "format": "[Gen 9] Random Battle", "players": ["ifishboi", "Estrace"], "log": "|j|\u203difishboi\n|j|\u2606Estrace\n|t:|1781391889\n|gametype|singles\n|player|p1|ifishboi|roxie-masters|1969\n|player|p2|Estrace|clair|1965\n|gen|9\n|tier|[Gen 9] Random Battle\n|rated|\n|rule|Species Clause: Limit one of each Pok\u00e9mon\n|rule|HP Percentage Mod: HP is shown in percentages\n|rule|Sleep Clause Mod: Limit one foe put to sleep\n|rule|Illusion Level Mod: Illusion disguises the Pok\u00e9mon's true level\n|\n|t:|1781391889\n|teamsize|p1|6\n|teamsize|p2|6\n|start\n|switch|p1a: Okidogi|Okidogi, L77, M|262/262\n|switch|p2a: Kleavor|Kleavor, L78, M|237/237\n|turn|1\n|\n|t:|1781391933\n|switch|p2a: Hippowdon|Hippowdon, L82, M|311/311\n|-weather|Sandstorm|[from] ability: Sand Stream|[of] p2a: Hippowdon\n|move|p1a: Okidogi|Bulk Up|p1a: Okidogi\n|-boost|p1a: Okidogi|atk|1\n|-boost|p1a: Okidogi|def|1\n|\n|-weather|Sandstorm|[upkeep]\n|-damage|p1a: Okidogi|246/262|[from] Sandstorm\n|-heal|p1a: Okidogi|262/262|[from] item: Leftovers\n|upkeep\n|turn|2\n|\n|t:|1781391945\n|move|p1a: Okidogi|Knock Off|p2a: Hippowdon\n|-damage|p2a: Hippowdon|229/311\n|-enditem|p2a: Hippowdon|Leftovers|[from] move: Knock Off|[of] p1a: Okidogi\n|move|p2a: Hippowdon|Curse|p2a: Hippowdon\n|-unboost|p2a: Hippowdon|spe|1\n|-boost|p2a: Hippowdon|atk|1\n|-boost|p2a: Hippowdon|def|1\n|\n|-weather|Sandstorm|[upkeep]\n|-damage|p1a: Okidogi|246/262|[from] Sandstorm\n|-heal|p1a: Okidogi|262/262|[from] item: Leftovers\n|upkeep\n|turn|3\n|inactive|Battle timer is ON: inactive players will automatically lose when time's up. (requested by Estrace)\n|\n|t:|1781391997\n|switch|p1a: Alcremie|Alcremie-Caramel-Swirl, L90, F|263/263\n|move|p2a: Hippowdon|Curse|p2a: Hippowdon\n|-unboost|p2a: Hippowdon|spe|1\n|-boost|p2a: Hippowdon|atk|1\n|-boost|p2a: Hippowdon|def|1\n|\n|-weather|Sandstorm|[upkeep]\n|-damage|p1a: Alcremie|247/263|[from] Sandstorm\n|-heal|p1a: Alcremie|263/263|[from] item: Leftovers\n|upkeep\n|turn|4\n|\n|t:|1781392002\n|move|p1a: Alcremie|Alluring Voice|p2a: Hippowdon\n|-damage|p2a: Hippowdon|96/311\n|move|p2a: Hippowdon|Earthquake|p1a: Alcremie\n|-damage|p1a: Alcremie|47/263\n|\n|-weather|Sandstorm|[upkeep]\n|-damage|p1a: Alcremie|31/263|[from] Sandstorm\n|-heal|p1a: Alcremie|47/263|[from] item: Leftovers\n|upkeep\n|turn|5\n|\n|t:|1781392030\n|switch|p2a: Iron Moth|Iron Moth, L78|253/253\n|move|p1a: Alcremie|Alluring Voice|p2a: Iron Moth\n|-resisted|p2a: Iron Moth\n|-damage|p2a: Iron Moth|230/253\n|\n|-weather|none\n|-heal|p1a: Alcremie|63/263|[from] item: Leftovers\n|upkeep\n|turn|6\n|\n|t:|1781392057\n|switch|p1a: Mabosstiff|Mabosstiff, L86, F|278/278\n|move|p2a: Iron Moth|Fire Blast|p1a: Mabosstiff\n|-damage|p1a: Mabosstiff|41/278\n|\n|upkeep\n|turn|7\n|inactive|Estrace has 120 seconds left.\n|\n|t:|1781392086\n|move|p1a: Mabosstiff|Psychic Fangs|p2a: Iron Moth\n|-supereffective|p2a: Iron Moth\n|-damage|p2a: Iron Moth|18/253\n|move|p2a: Iron Moth|Fire Blast|p1a: Mabosstiff\n|-damage|p1a: Mabosstiff|0 fnt\n|faint|p1a: Mabosstiff\n|\n|upkeep\n|\n|t:|1781392097\n|switch|p1a: Lugia|Lugia, L73|275/275\n|turn|8\n|inactive|Estrace has 120 seconds left.\n|\n|t:|1781392112\n|-end|p2a: Iron Moth|Quark Drive|[silent]\n|switch|p2a: Hippowdon|Hippowdon, L82, M|96/311\n|-weather|Sandstorm|[from] ability: Sand Stream|[of] p2a: Hippowdon\n|move|p1a: Lugia|Calm Mind|p1a: Lugia\n|-boost|p1a: Lugia|spa|1\n|-boost|p1a: Lugia|spd|1\n|\n|-weather|Sandstorm|[upkeep]\n|-damage|p1a: Lugia|258/275|[from] Sandstorm\n|upkeep\n|turn|9\n|inactive|Estrace has 120 seconds left.\n|\n|t:|1781392133\n|move|p1a: Lugia|Earth Power|p2a: Hippowdon\n|-damage|p2a: Hippowdon|14/311\n|move|p2a: Hippowdon|Stone Edge|p1a: Lugia\n|-supereffective|p1a: Lugia\n|-damage|p1a: Lugia|138/275\n|\n|-weather|Sandstorm|[upkeep]\n|-damage|p1a: Lugia|121/275|[from] Sandstorm\n|upkeep\n|turn|10\n|\n|t:|1781392146\n|move|p1a: Lugia|Earth Power|p2a: Hippowdon\n|-damage|p2a: Hippowdon|0 fnt\n|faint|p2a: Hippowdon\n|\n|-weather|Sandstorm|[upkeep]\n|-damage|p1a: Lugia|104/275|[from] Sandstorm\n|upkeep\n|\n|t:|1781392149\n|switch|p2a: Kleavor|Kleavor, L78, M|237/237\n|turn|11\n|\n|t:|1781392153\n|switch|p1a: Alcremie|Alcremie-Caramel-Swirl, L90, F|63/263\n|move|p2a: Kleavor|Stone Axe|p1a: Alcremie|[miss]\n|-miss|p2a: Kleavor|p1a: Alcremie\n|\n|-weather|Sandstorm|[upkeep]\n|-damage|p1a: Alcremie|47/263|[from] Sandstorm\n|-heal|p1a: Alcremie|63/263|[from] item: Leftovers\n|upkeep\n|turn|12\n|\n|t:|1781392159\n|switch|p1a: Okidogi|Okidogi, L77, M|262/262\n|move|p2a: Kleavor|Stone Axe|p1a: Okidogi\n|-resisted|p1a: Okidogi\n|-damage|p1a: Okidogi|211/262\n|-sidestart|p1: ifishboi|move: Stealth Rock\n|\n|-weather|none\n|-heal|p1a: Okidogi|227/262|[from] item: Leftovers\n|upkeep\n|turn|13\n|\n|t:|1781392164\n|switch|p2a: Iron Moth|Iron Moth, L78|18/253\n|move|p1a: Okidogi|Knock Off|p2a: Iron Moth\n|-crit|p2a: Iron Moth\n|-damage|p2a: Iron Moth|0 fnt\n|-enditem|p2a: Iron Moth|Choice Specs|[from] move: Knock Off|[of] p1a: Okidogi\n|faint|p2a: Iron Moth\n|-end|p2a: Iron Moth|Quark Drive|[silent]\n|\n|-heal|p1a: Okidogi|243/262|[from] item: Leftovers\n|upkeep\n|\n|t:|1781392176\n|switch|p2a: Galvantula|Galvantula, L82, M|249/249\n|turn|14\n|\n|t:|1781392185\n|move|p2a: Galvantula|Thunder|p1a: Okidogi\n|-damage|p1a: Okidogi|113/262\n|-status|p1a: Okidogi|par\n|move|p1a: Okidogi|Gunk Shot|p2a: Galvantula\n|-damage|p2a: Galvantula|78/249\n|-status|p2a: Galvantula|psn\n|\n|-heal|p1a: Okidogi|129/262 par|[from] item: Leftovers\n|-damage|p2a: Galvantula|47/249 psn|[from] psn\n|upkeep\n|turn|15\n|\n|t:|1781392206\n|move|p2a: Galvantula|Thunder|p1a: Okidogi\n|-damage|p1a: Okidogi|15/262 par\n|move|p1a: Okidogi|Drain Punch|p2a: Galvantula\n|-resisted|p2a: Galvantula\n|-damage|p2a: Galvantula|0 fnt\n|-heal|p1a: Okidogi|39/262 par|[from] drain|[of] p2a: Galvantula\n|faint|p2a: Galvantula\n|\n|-heal|p1a: Okidogi|55/262 par|[from] item: Leftovers\n|upkeep\n|\n|t:|1781392212\n|switch|p2a: Zangoose|Zangoose, L85, M|263/263\n|turn|16\n|\n|t:|1781392216\n|move|p2a: Zangoose|Facade|p1a: Okidogi\n|-crit|p1a: Okidogi\n|-damage|p1a: Okidogi|0 fnt\n|faint|p1a: Okidogi\n|\n|-status|p2a: Zangoose|tox|[from] item: Toxic Orb\n|upkeep\n|\n|t:|1781392224\n|switch|p1a: Lugia|Lugia, L73|104/275\n|turn|17\n|\n|t:|1781392230\n|move|p1a: Lugia|Aeroblast|p2a: Zangoose\n|-damage|p2a: Zangoose|154/263 tox\n|move|p2a: Zangoose|Knock Off|p1a: Lugia\n|-supereffective|p1a: Lugia\n|-damage|p1a: Lugia|0 fnt\n|-enditem|p1a: Lugia|Heavy-Duty Boots|[from] move: Knock Off|[of] p2a: Zangoose\n|faint|p1a: Lugia\n|\n|-damage|p2a: Zangoose|138/263 tox|[from] psn\n|upkeep\n|\n|t:|1781392235\n|switch|p1a: Alcremie|Alcremie-Caramel-Swirl, L90, F|63/263\n|-damage|p1a: Alcremie|31/263|[from] Stealth Rock\n|turn|18\n|\n|t:|1781392243\n|move|p2a: Zangoose|Facade|p1a: Alcremie\n|-damage|p1a: Alcremie|0 fnt\n|faint|p1a: Alcremie\n|\n|-damage|p2a: Zangoose|106/263 tox|[from] psn\n|upkeep\n|\n|t:|1781392250\n|switch|p1a: Rabsca|Rabsca, L91, F|284/284\n|turn|19\n|\n|t:|1781392260\n|-terastallize|p2a: Zangoose|Normal\n|-terastallize|p1a: Rabsca|Steel\n|move|p2a: Zangoose|Facade|p1a: Rabsca\n|-resisted|p1a: Rabsca\n|-damage|p1a: Rabsca|119/284\n|move|p1a: Rabsca|Revival Blessing|p1a: Rabsca\n|\n|t:|1781392274\n|-heal|p1: Okidogi|131/262|[from] move: Revival Blessing\n|\n|-damage|p2a: Zangoose|58/263 tox|[from] psn\n|upkeep\n|turn|20\n|\n|t:|1781392287\n|switch|p2a: Kleavor|Kleavor, L78, M|237/237\n|move|p1a: Rabsca|Psychic|p2a: Kleavor\n|-damage|p2a: Kleavor|87/237\n|\n|upkeep\n|turn|21\n|\n|t:|1781392292\n|move|p2a: Kleavor|Close Combat|p1a: Rabsca\n|-supereffective|p1a: Rabsca\n|-damage|p1a: Rabsca|0 fnt\n|-unboost|p2a: Kleavor|def|1\n|-unboost|p2a: Kleavor|spd|1\n|faint|p1a: Rabsca\n|\n|upkeep\n|\n|t:|1781392300\n|switch|p1a: Vivillon|Vivillon-Polar, L83, F|268/268\n|turn|22\n|\n|t:|1781392305\n|move|p1a: Vivillon|Quiver Dance|p1a: Vivillon\n|-boost|p1a: Vivillon|spa|1\n|-boost|p1a: Vivillon|spd|1\n|-boost|p1a: Vivillon|spe|1\n|move|p2a: Kleavor|Stone Axe|p1a: Vivillon\n|-supereffective|p1a: Vivillon\n|-crit|p1a: Vivillon\n|-damage|p1a: Vivillon|0 fnt\n|faint|p1a: Vivillon\n|\n|upkeep\n|-message|ifishboi forfeited.\n|\n|win|Estrace\n", "inputlog": ">version a8376a258c1d4662feba110a92103f3664a72141\n>start {\"formatid\":\"gen9randombattle\",\"seed\":\"sodium,658b5a87edfd5fce3d7b83f7dc5ce2a2\",\"rated\":\"Rated battle\"}\n>player p1 {\"name\":\"ifishboi\",\"avatar\":\"roxie-masters\",\"rating\":1969,\"seed\":\"sodium,abea04d6d2b7b908efdbe82895fd35ad\"}\n>player p2 {\"name\":\"Estrace\",\"avatar\":\"clair\",\"rating\":1965,\"seed\":\"sodium,343949fc623aa0f59b991dab5cab9cd6\"}\n>p1 move bulkup\n>p2 switch 6\n>p1 move knockoff\n>p2 move curse\n>p1 switch 6\n>p2 move curse\n>p1 move alluringvoice\n>p2 move earthquake\n>p1 move alluringvoice\n>p2 switch 2\n>p1 switch 5\n>p2 move fireblast\n>p1 move psychicfangs\n>p2 move fireblast\n>p1 switch 2\n>p1 move calmmind\n>p2 switch 2\n>p1 move earthpower\n>p2 move stoneedge\n>p1 move earthpower\n>p2 move stoneedge\n>p2 switch 6\n>p1 switch 5\n>p2 move stoneaxe\n>p1 switch 6\n>p2 move stoneaxe\n>p1 move knockoff\n>p2 switch 2\n>p2 switch 4\n>p1 move gunkshot\n>p2 move thunder\n>p1 move drainpunch\n>p2 move thunder\n>p2 switch 5\n>p1 move knockoff\n>p2 move facade\n>p1 switch 5\n>p1 move aeroblast\n>p2 move knockoff\n>p1 switch 6\n>p1 move alluringvoice\n>p2 move facade\n>p1 switch 4\n>p1 move revivalblessing terastallize\n>p2 move facade terastallize\n>p1 switch 5\n>p1 move psychic\n>p2 switch 2\n>p1 move psychic\n>p2 move closecombat\n>p1 switch 3\n>p1 move quiverdance\n>p2 move stoneaxe\n>forcelose p1", "uploadtime": 1781391891, "views": 5, "formatid": "gen9randombattle", "rating": null, "private": 0, "password": null}