{"id": "gen9randombattle-2631522097", "format": "[Gen 9] Random Battle", "players": ["Dooopsdiiips", "nocomment3"], "log": "|j|\u2606Dooopsdiiips\n|j|\u2606nocomment3\n|t:|1781396105\n|gametype|singles\n|player|p1|Dooopsdiiips|265|2104\n|player|p2|nocomment3|2|2138\n|gen|9\n|tier|[Gen 9] Random Battle\n|rated|\n|rule|Species Clause: Limit one of each Pok\u00e9mon\n|rule|HP Percentage Mod: HP is shown in percentages\n|rule|Sleep Clause Mod: Limit one foe put to sleep\n|rule|Illusion Level Mod: Illusion disguises the Pok\u00e9mon's true level\n|\n|t:|1781396106\n|teamsize|p1|6\n|teamsize|p2|6\n|start\n|switch|p1a: Iron Hands|Iron Hands, L79|373/373\n|switch|p2a: Magmortar|Magmortar, L88, F|275/275\n|turn|1\n|\n|t:|1781396119\n|move|p2a: Magmortar|Will-O-Wisp|p1a: Iron Hands\n|-status|p1a: Iron Hands|brn\n|move|p1a: Iron Hands|Volt Switch|p2a: Magmortar\n|-damage|p2a: Magmortar|236/275\n|\n|t:|1781396140\n|-end|p1a: Iron Hands|Quark Drive|[silent]\n|switch|p1a: Manaphy|Manaphy, L78|284/284|[from] Volt Switch\n|\n|upkeep\n|turn|2\n|\n|t:|1781396153\n|move|p1a: Manaphy|Tail Glow|p1a: Manaphy\n|-boost|p1a: Manaphy|spa|3\n|move|p2a: Magmortar|Knock Off|p1a: Manaphy\n|-crit|p1a: Manaphy\n|-damage|p1a: Manaphy|176/284\n|-enditem|p1a: Manaphy|Leftovers|[from] move: Knock Off|[of] p2a: Magmortar\n|\n|upkeep\n|turn|3\n|\n|t:|1781396166\n|move|p1a: Manaphy|Surf|p2a: Magmortar\n|-supereffective|p2a: Magmortar\n|-damage|p2a: Magmortar|0 fnt\n|faint|p2a: Magmortar\n|\n|upkeep\n|\n|t:|1781396168\n|switch|p2a: Ambipom|Ambipom, L84, F|263/263\n|turn|4\n|\n|t:|1781396182\n|move|p2a: Ambipom|Fake Out|p1a: Manaphy\n|-damage|p1a: Manaphy|94/284\n|cant|p1a: Manaphy|flinch\n|\n|upkeep\n|turn|5\n|\n|t:|1781396196\n|move|p2a: Ambipom|Double-Edge|p1a: Manaphy\n|-damage|p1a: Manaphy|0 fnt\n|faint|p1a: Manaphy\n|-damage|p2a: Ambipom|232/263|[from] Recoil\n|\n|upkeep\n|\n|t:|1781396207\n|switch|p1a: Malamar|Malamar, L82, M|275/275\n|turn|6\n|\n|t:|1781396213\n|move|p2a: Ambipom|U-turn|p1a: Malamar\n|-supereffective|p1a: Malamar\n|-damage|p1a: Malamar|63/275\n|\n|t:|1781396216\n|switch|p2a: Garchomp|Garchomp, L74, M|282/282|[from] U-turn\n|move|p1a: Malamar|Superpower|p2a: Garchomp\n|-damage|p2a: Garchomp|196/282\n|-boost|p1a: Malamar|atk|1\n|-boost|p1a: Malamar|def|1\n|-damage|p1a: Malamar|29/275|[from] ability: Rough Skin|[of] p2a: Garchomp\n|-damage|p1a: Malamar|0 fnt|[from] item: Rocky Helmet|[of] p2a: Garchomp\n|faint|p1a: Malamar\n|\n|upkeep\n|\n|t:|1781396229\n|switch|p1a: Articuno|Articuno, L86|295/295\n|-ability|p1a: Articuno|Pressure\n|turn|7\n|\n|t:|1781396243\n|switch|p2a: Chi-Yu|Chi-Yu, L77|211/211\n|-ability|p2a: Chi-Yu|Beads of Ruin\n|move|p1a: Articuno|Freeze-Dry|p2a: Chi-Yu\n|-resisted|p2a: Chi-Yu\n|-damage|p2a: Chi-Yu|177/211\n|\n|upkeep\n|turn|8\n|\n|t:|1781396252\n|switch|p1a: Iron Hands|Iron Hands, L79|373/373 brn\n|move|p2a: Chi-Yu|Nasty Plot|p2a: Chi-Yu\n|-boost|p2a: Chi-Yu|spa|2\n|\n|-damage|p1a: Iron Hands|350/373 brn|[from] brn\n|upkeep\n|turn|9\n|\n|t:|1781396256\n|move|p2a: Chi-Yu|Fire Blast|p1a: Iron Hands|[miss]\n|-miss|p2a: Chi-Yu|p1a: Iron Hands\n|move|p1a: Iron Hands|Drain Punch|p2a: Chi-Yu\n|-supereffective|p2a: Chi-Yu\n|-damage|p2a: Chi-Yu|60/211\n|-heal|p1a: Iron Hands|373/373 brn|[from] drain|[of] p2a: Chi-Yu\n|\n|-damage|p1a: Iron Hands|350/373 brn|[from] brn\n|upkeep\n|turn|10\n|\n|t:|1781396260\n|move|p2a: Chi-Yu|Fire Blast|p1a: Iron Hands\n|-damage|p1a: Iron Hands|73/373 brn\n|move|p1a: Iron Hands|Drain Punch|p2a: Chi-Yu\n|-supereffective|p2a: Chi-Yu\n|-damage|p2a: Chi-Yu|0 fnt\n|-heal|p1a: Iron Hands|103/373 brn|[from] drain|[of] p2a: Chi-Yu\n|faint|p2a: Chi-Yu\n|\n|-damage|p1a: Iron Hands|80/373 brn|[from] brn\n|upkeep\n|\n|t:|1781396268\n|switch|p2a: Garchomp|Garchomp, L74, M|196/282\n|turn|11\n|\n|t:|1781396277\n|move|p2a: Garchomp|Stealth Rock|p1a: Iron Hands\n|-sidestart|p1: Dooopsdiiips|move: Stealth Rock\n|move|p1a: Iron Hands|Ice Punch|p2a: Garchomp\n|-supereffective|p2a: Garchomp\n|-damage|p2a: Garchomp|54/282\n|-damage|p1a: Iron Hands|34/373 brn|[from] ability: Rough Skin|[of] p2a: Garchomp\n|-damage|p1a: Iron Hands|0 fnt|[from] item: Rocky Helmet|[of] p2a: Garchomp\n|faint|p1a: Iron Hands\n|-end|p1a: Iron Hands|Quark Drive|[silent]\n|\n|upkeep\n|\n|t:|1781396281\n|switch|p1a: Articuno|Articuno, L86|295/295\n|-ability|p1a: Articuno|Pressure\n|turn|12\n|\n|t:|1781396287\n|move|p1a: Articuno|Freeze-Dry|p2a: Garchomp\n|-supereffective|p2a: Garchomp\n|-damage|p2a: Garchomp|0 fnt\n|faint|p2a: Garchomp\n|\n|upkeep\n|\n|t:|1781396289\n|switch|p2a: Ambipom|Ambipom, L84, F|232/263\n|turn|13\n|\n|t:|1781396299\n|switch|p1a: Dipplin|Dipplin, L88, F|284/284\n|-damage|p1a: Dipplin|249/284|[from] Stealth Rock\n|-terastallize|p2a: Ambipom|Normal\n|move|p2a: Ambipom|Fake Out|p1a: Dipplin\n|-damage|p1a: Dipplin|191/284\n|\n|upkeep\n|turn|14\n|\n|t:|1781396316\n|-terastallize|p1a: Dipplin|Steel\n|move|p2a: Ambipom|U-turn|p1a: Dipplin\n|-resisted|p1a: Dipplin\n|-damage|p1a: Dipplin|179/284\n|\n|t:|1781396318\n|switch|p2a: Zamazenta|Zamazenta, L71|248/248|[from] U-turn\n|-ability|p2a: Zamazenta|Dauntless Shield|boost\n|-boost|p2a: Zamazenta|def|1\n|move|p1a: Dipplin|Giga Drain|p2a: Zamazenta\n|-damage|p2a: Zamazenta|169/248\n|-heal|p1a: Dipplin|219/284|[from] drain|[of] p2a: Zamazenta\n|\n|upkeep\n|turn|15\n|\n|t:|1781396330\n|move|p2a: Zamazenta|Close Combat|p1a: Dipplin\n|-supereffective|p1a: Dipplin\n|-damage|p1a: Dipplin|45/284\n|-unboost|p2a: Zamazenta|def|1\n|-unboost|p2a: Zamazenta|spd|1\n|move|p1a: Dipplin|Giga Drain|p2a: Zamazenta\n|-damage|p2a: Zamazenta|40/248\n|-heal|p1a: Dipplin|110/284|[from] drain|[of] p2a: Zamazenta\n|\n|upkeep\n|turn|16\n|\n|t:|1781396339\n|move|p2a: Zamazenta|Close Combat|p1a: Dipplin\n|-supereffective|p1a: Dipplin\n|-damage|p1a: Dipplin|0 fnt\n|-unboost|p2a: Zamazenta|def|1\n|-unboost|p2a: Zamazenta|spd|1\n|faint|p1a: Dipplin\n|\n|upkeep\n|\n|t:|1781396349\n|switch|p1a: Squawkabilly|Squawkabilly, L85, F|278/278\n|-damage|p1a: Squawkabilly|209/278|[from] Stealth Rock\n|turn|17\n|\n|t:|1781396363\n|move|p1a: Squawkabilly|Quick Attack|p2a: Zamazenta\n|-damage|p2a: Zamazenta|0 fnt\n|faint|p2a: Zamazenta\n|\n|-status|p1a: Squawkabilly|brn|[from] item: Flame Orb\n|upkeep\n|\n|t:|1781396365\n|switch|p2a: Ambipom|Ambipom, L84, F, tera:Normal|232/263\n|turn|18\n|\n|t:|1781396382\n|move|p1a: Squawkabilly|Protect|p1a: Squawkabilly\n|-singleturn|p1a: Squawkabilly|Protect\n|move|p2a: Ambipom|Fake Out|p1a: Squawkabilly\n|-activate|p1a: Squawkabilly|move: Protect\n|\n|-damage|p1a: Squawkabilly|192/278 brn|[from] brn\n|upkeep\n|turn|19\n|\n|t:|1781396393\n|move|p1a: Squawkabilly|Quick Attack|p2a: Ambipom\n|-damage|p2a: Ambipom|147/263\n|move|p2a: Ambipom|Double-Edge|p1a: Squawkabilly\n|-damage|p1a: Squawkabilly|0 fnt\n|faint|p1a: Squawkabilly\n|-damage|p2a: Ambipom|84/263|[from] Recoil\n|\n|upkeep\n|\n|t:|1781396396\n|switch|p1a: Articuno|Articuno, L86|295/295\n|-ability|p1a: Articuno|Pressure\n|turn|20\n|\n|t:|1781396424\n|move|p2a: Ambipom|Double-Edge|p1a: Articuno\n|-damage|p1a: Articuno|95/295\n|-damage|p2a: Ambipom|18/263|[from] Recoil\n|move|p1a: Articuno|Freeze-Dry|p2a: Ambipom\n|-damage|p2a: Ambipom|0 fnt\n|faint|p2a: Ambipom\n|\n|upkeep\n|\n|t:|1781396430\n|switch|p2a: Ditto|Ditto, L87|225/225\n|-transform|p2a: Ditto|p1a: Articuno|[from] ability: Imposter\n|-ability|p2a: Ditto|Pressure\n|turn|21\n|\n|t:|1781396433\n|move|p2a: Ditto|Brave Bird|p1a: Articuno\n|-damage|p1a: Articuno|0 fnt\n|faint|p1a: Articuno\n|-damage|p2a: Ditto|194/225|[from] Recoil\n|\n|win|nocomment3\n", "inputlog": ">version a8376a258c1d4662feba110a92103f3664a72141\n>start {\"formatid\":\"gen9randombattle\",\"seed\":\"sodium,05770bba9c3d36a7028df687848d7a55\",\"rated\":\"Rated battle\"}\n>player p1 {\"name\":\"Dooopsdiiips\",\"avatar\":\"265\",\"rating\":2104,\"seed\":\"sodium,b0f33ecab9c0dfcc189ccdccdbaec4d7\"}\n>player p2 {\"name\":\"nocomment3\",\"avatar\":\"2\",\"rating\":2138,\"seed\":\"sodium,f7ccd8e2b213ef4c7607710f73fc1b23\"}\n>p1 move voltswitch\n>p2 move willowisp\n>p1 switch 3\n>p1 move tailglow\n>p2 move knockoff\n>p1 move surf\n>p2 move focusblast\n>p2 switch 5\n>p1 move surf\n>p2 move fakeout\n>p1 move surf\n>p2 move doubleedge\n>p1 switch 6\n>p1 move superpower\n>p2 move uturn\n>p2 switch 3\n>p1 switch 2\n>p1 move freezedry\n>p2 switch 6\n>p1 switch 3\n>p2 move nastyplot\n>p1 move drainpunch\n>p2 move fireblast\n>p1 move drainpunch\n>p2 move fireblast\n>p2 switch 6\n>p1 move icepunch\n>p2 move stealthrock\n>p1 switch 3\n>p1 move freezedry\n>p2 move dragontail\n>p2 switch 3\n>p1 switch 5\n>p2 move fakeout terastallize\n>p1 move gigadrain terastallize\n>p2 move uturn\n>p2 switch 2\n>p1 move gigadrain\n>p2 move closecombat\n>p1 move gigadrain\n>p2 move closecombat\n>p1 switch 4\n>p1 move quickattack\n>p2 move closecombat\n>p2 switch 2\n>p1 move protect\n>p2 move fakeout\n>p1 move quickattack\n>p2 move doubleedge\n>p1 switch 5\n>p1 move freezedry\n>p2 move doubleedge\n>p2 switch 4\n>p1 move roost\n>p2 move bravebird", "uploadtime": 1781396107, "views": 6, "formatid": "gen9randombattle", "rating": null, "private": 0, "password": null}