{"id": "gen9randombattle-2631865453", "format": "[Gen 9] Random Battle", "players": ["basidio", "kevinnopants"], "log": "|j|\u2606basidio\n|j|\u2606kevinnopants\n|t:|1781449739\n|gametype|singles\n|player|p1|basidio|266|2024\n|player|p2|kevinnopants|2|1982\n|gen|9\n|tier|[Gen 9] Random Battle\n|rated|\n|rule|Species Clause: Limit one of each Pok\u00e9mon\n|rule|HP Percentage Mod: HP is shown in percentages\n|rule|Sleep Clause Mod: Limit one foe put to sleep\n|rule|Illusion Level Mod: Illusion disguises the Pok\u00e9mon's true level\n|\n|t:|1781449739\n|teamsize|p1|6\n|teamsize|p2|6\n|start\n|switch|p1a: Quaquaval|Quaquaval, L79, F|264/264\n|switch|p2a: Vaporeon|Vaporeon, L86, M|364/364\n|turn|1\n|\n|t:|1781449747\n|move|p1a: Quaquaval|Swords Dance|p1a: Quaquaval\n|-boost|p1a: Quaquaval|atk|2\n|move|p2a: Vaporeon|Scald|p1a: Quaquaval\n|-resisted|p1a: Quaquaval\n|-damage|p1a: Quaquaval|210/264\n|\n|upkeep\n|turn|2\n|\n|t:|1781449754\n|switch|p2a: Trevenant|Trevenant, L89, F|296/296\n|move|p1a: Quaquaval|Close Combat|p2a: Trevenant\n|-immune|p2a: Trevenant\n|\n|upkeep\n|turn|3\n|\n|t:|1781449763\n|switch|p2a: Vaporeon|Vaporeon, L86, M|364/364\n|move|p1a: Quaquaval|Triple Axel|p2a: Vaporeon\n|-resisted|p2a: Vaporeon\n|-crit|p2a: Vaporeon\n|-damage|p2a: Vaporeon|324/364\n|-resisted|p2a: Vaporeon\n|-damage|p2a: Vaporeon|271/364\n|-resisted|p2a: Vaporeon\n|-damage|p2a: Vaporeon|197/364\n|-hitcount|p2a: Vaporeon|3\n|-damage|p1a: Quaquaval|184/264|[from] item: Life Orb\n|\n|-heal|p2a: Vaporeon|219/364|[from] item: Leftovers\n|upkeep\n|turn|4\n|\n|t:|1781449771\n|move|p2a: Vaporeon|Protect|p2a: Vaporeon\n|-singleturn|p2a: Vaporeon|Protect\n|move|p1a: Quaquaval|Swords Dance|p1a: Quaquaval\n|-boost|p1a: Quaquaval|atk|2\n|\n|-heal|p2a: Vaporeon|241/364|[from] item: Leftovers\n|upkeep\n|turn|5\n|\n|t:|1781449780\n|-terastallize|p2a: Vaporeon|Poison\n|move|p1a: Quaquaval|Close Combat|p2a: Vaporeon\n|-resisted|p2a: Vaporeon\n|-damage|p2a: Vaporeon|0 fnt\n|-unboost|p1a: Quaquaval|def|1\n|-unboost|p1a: Quaquaval|spd|1\n|faint|p2a: Vaporeon\n|-ability|p1a: Quaquaval|Moxie|boost\n|-boost|p1a: Quaquaval|atk|1\n|-damage|p1a: Quaquaval|158/264|[from] item: Life Orb\n|\n|upkeep\n|\n|t:|1781449787\n|switch|p2a: Alomomola|Alomomola, L87, M|429/429\n|turn|6\n|\n|t:|1781449792\n|move|p1a: Quaquaval|Close Combat|p2a: Alomomola\n|-damage|p2a: Alomomola|0 fnt\n|-unboost|p1a: Quaquaval|def|1\n|-unboost|p1a: Quaquaval|spd|1\n|faint|p2a: Alomomola\n|-ability|p1a: Quaquaval|Moxie|boost\n|-boost|p1a: Quaquaval|atk|1\n|-damage|p1a: Quaquaval|132/264|[from] item: Life Orb\n|\n|upkeep\n|-message|kevinnopants forfeited.\n|\n|win|basidio\n", "inputlog": ">version a8376a258c1d4662feba110a92103f3664a72141\n>start {\"formatid\":\"gen9randombattle\",\"seed\":\"sodium,3219a03d23c67f9eb5cfc2ae8928f974\",\"rated\":\"Rated battle\"}\n>player p1 {\"name\":\"basidio\",\"avatar\":\"266\",\"rating\":2024,\"seed\":\"sodium,8030d84e5522fe5349ef1f7ed8220744\"}\n>player p2 {\"name\":\"kevinnopants\",\"avatar\":\"2\",\"rating\":1982,\"seed\":\"sodium,980162986755d4f385584669d998951c\"}\n>p1 move swordsdance\n>p2 move scald\n>p1 move closecombat\n>p2 switch 5\n>p1 move tripleaxel\n>p2 switch 5\n>p1 move swordsdance\n>p2 move protect\n>p1 move closecombat\n>p2 move scald terastallize\n>p2 switch 2\n>p1 move closecombat\n>p2 move wish\n>forcelose p2", "uploadtime": 1781449741, "views": 5, "formatid": "gen9randombattle", "rating": null, "private": 0, "password": null}