{"id": "gen9randombattle-2631873747", "format": "[Gen 9] Random Battle", "players": ["Hari2025", "pomodoropj"], "log": "|j|\u2606Hari2025\n|j|\u2606pomodoropj\n|t:|1781450666\n|gametype|singles\n|player|p1|Hari2025|266|1169\n|player|p2|pomodoropj|ingo|1192\n|gen|9\n|tier|[Gen 9] Random Battle\n|rated|\n|rule|Species Clause: Limit one of each Pok\u00e9mon\n|rule|HP Percentage Mod: HP is shown in percentages\n|rule|Sleep Clause Mod: Limit one foe put to sleep\n|rule|Illusion Level Mod: Illusion disguises the Pok\u00e9mon's true level\n|\n|t:|1781450666\n|teamsize|p1|6\n|teamsize|p2|6\n|start\n|switch|p1a: Komala|Komala, L88, F|258/258\n|switch|p2a: Haxorus|Haxorus, L77, M|244/244\n|-ability|p2a: Haxorus|Mold Breaker\n|-ability|p1a: Komala|Comatose\n|turn|1\n|inactive|Battle timer is ON: inactive players will automatically lose when time's up. (requested by Hari2025)\n|\n|t:|1781450678\n|move|p2a: Haxorus|Dragon Dance|p2a: Haxorus\n|-boost|p2a: Haxorus|atk|1\n|-boost|p2a: Haxorus|spe|1\n|move|p1a: Komala|Knock Off|p2a: Haxorus\n|-damage|p2a: Haxorus|150/244\n|-enditem|p2a: Haxorus|Lum Berry|[from] move: Knock Off|[of] p1a: Komala\n|\n|upkeep\n|turn|2\n|\n|t:|1781450704\n|move|p2a: Haxorus|Dragon Dance|p2a: Haxorus\n|-boost|p2a: Haxorus|atk|1\n|-boost|p2a: Haxorus|spe|1\n|move|p1a: Komala|Body Slam|p2a: Haxorus\n|-damage|p2a: Haxorus|27/244\n|-status|p2a: Haxorus|par\n|\n|upkeep\n|turn|3\n|\n|t:|1781450713\n|move|p2a: Haxorus|Close Combat|p1a: Komala\n|-supereffective|p1a: Komala\n|-damage|p1a: Komala|0 fnt\n|-unboost|p2a: Haxorus|def|1\n|-unboost|p2a: Haxorus|spd|1\n|faint|p1a: Komala\n|\n|upkeep\n|inactive|Hari2025 has 120 seconds left.\n|\n|t:|1781450733\n|switch|p1a: Dedenne|Dedenne, L88, M|261/261\n|turn|4\n|\n|t:|1781450741\n|move|p1a: Dedenne|Dazzling Gleam|p2a: Haxorus\n|-supereffective|p2a: Haxorus\n|-damage|p2a: Haxorus|0 fnt\n|faint|p2a: Haxorus\n|\n|upkeep\n|inactive|pomodoropj has 120 seconds left.\n|\n|t:|1781450783\n|switch|p2a: Copperajah|Copperajah, L86, F|350/350\n|turn|5\n|inactive|Hari2025 has 120 seconds left.\n|\n|t:|1781450827\n|switch|p1a: Kilowattrel|Kilowattrel, L83, M|252/252\n|move|p2a: Copperajah|Heat Crash|p1a: Kilowattrel\n|-damage|p1a: Kilowattrel|27/252\n|\n|upkeep\n|turn|6\n|\n|t:|1781450847\n|move|p1a: Kilowattrel|Discharge|p2a: Copperajah\n|-damage|p2a: Copperajah|251/350\n|move|p2a: Copperajah|Heat Crash|p1a: Kilowattrel\n|-damage|p1a: Kilowattrel|0 fnt\n|faint|p1a: Kilowattrel\n|\n|upkeep\n|\n|t:|1781450859\n|switch|p1a: Snorlax|Snorlax, L82, F|397/397\n|turn|7\n|\n|t:|1781450870\n|switch|p2a: Kommo-o|Kommo-o, L78, M|245/245\n|move|p1a: Snorlax|Curse|p1a: Snorlax\n|-unboost|p1a: Snorlax|spe|1\n|-boost|p1a: Snorlax|atk|1\n|-boost|p1a: Snorlax|def|1\n|\n|upkeep\n|turn|8\n|\n|t:|1781450880\n|move|p2a: Kommo-o|Swords Dance|p2a: Kommo-o\n|-boost|p2a: Kommo-o|atk|2\n|move|p1a: Snorlax|Curse|p1a: Snorlax\n|-unboost|p1a: Snorlax|spe|1\n|-boost|p1a: Snorlax|atk|1\n|-boost|p1a: Snorlax|def|1\n|\n|upkeep\n|turn|9\n|\n|t:|1781450902\n|move|p2a: Kommo-o|Iron Head|p1a: Snorlax\n|-damage|p1a: Snorlax|331/397\n|move|p1a: Snorlax|Body Slam|p2a: Kommo-o\n|-damage|p2a: Kommo-o|79/245\n|\n|upkeep\n|turn|10\n|\n|t:|1781450912\n|move|p2a: Kommo-o|Close Combat|p1a: Snorlax\n|-supereffective|p1a: Snorlax\n|-damage|p1a: Snorlax|11/397\n|-unboost|p2a: Kommo-o|def|1\n|-unboost|p2a: Kommo-o|spd|1\n|move|p1a: Snorlax|Body Slam|p2a: Kommo-o\n|-damage|p2a: Kommo-o|0 fnt\n|faint|p2a: Kommo-o\n|\n|upkeep\n|inactive|pomodoropj has 90 seconds left.\n|\n|t:|1781450933\n|switch|p2a: Cramorant|Cramorant, L86, M|261/261\n|turn|11\n|inactive|Hari2025 has 120 seconds left.\n|\n|t:|1781450942\n|move|p2a: Cramorant|Surf|p1a: Snorlax\n|-formechange|p2a: Cramorant|Cramorant-Gulping|\n|-damage|p1a: Snorlax|0 fnt\n|faint|p1a: Snorlax\n|\n|upkeep\n|inactive|Hari2025 has 120 seconds left.\n|\n|t:|1781450955\n|switch|p1a: Glaceon|Glaceon, L94, F|275/275\n|turn|12\n|\n|t:|1781450964\n|-terastallize|p2a: Cramorant|Ground\n|move|p1a: Glaceon|Protect|p1a: Glaceon\n|-singleturn|p1a: Glaceon|Protect\n|move|p2a: Cramorant|Brave Bird|p1a: Glaceon\n|-activate|p1a: Glaceon|move: Protect\n|\n|upkeep\n|turn|13\n|\n|t:|1781450978\n|move|p2a: Cramorant|Brave Bird|p1a: Glaceon\n|-damage|p1a: Glaceon|181/275\n|-damage|p2a: Cramorant|230/261|[from] Recoil\n|move|p1a: Glaceon|Freeze-Dry|p2a: Cramorant\n|-supereffective|p2a: Cramorant\n|-damage|p2a: Cramorant|8/261\n|-damage|p1a: Glaceon|113/275|[from] ability: Gulp Missile|[of] p2a: Cramorant\n|-unboost|p1a: Glaceon|def|1\n|-formechange|p2a: Cramorant|Cramorant|\n|\n|upkeep\n|turn|14\n|\n|t:|1781450998\n|move|p2a: Cramorant|Surf|p1a: Glaceon\n|-formechange|p2a: Cramorant|Cramorant-Gorging|\n|-damage|p1a: Glaceon|29/275\n|move|p1a: Glaceon|Wish|p1a: Glaceon\n|\n|upkeep\n|turn|15\n|\n|t:|1781451005\n|move|p1a: Glaceon|Protect|p1a: Glaceon\n|-singleturn|p1a: Glaceon|Protect\n|move|p2a: Cramorant|Brave Bird|p1a: Glaceon\n|-activate|p1a: Glaceon|move: Protect\n|\n|-heal|p1a: Glaceon|166/275|[from] move: Wish|[wisher] Glaceon\n|upkeep\n|turn|16\n|\n|t:|1781451017\n|move|p2a: Cramorant|Brave Bird|p1a: Glaceon\n|-damage|p1a: Glaceon|27/275\n|-damage|p2a: Cramorant|0 fnt|[from] Recoil\n|faint|p2a: Cramorant\n|move|p1a: Glaceon|Wish|p1a: Glaceon\n|\n|upkeep\n|\n|t:|1781451033\n|switch|p2a: Copperajah|Copperajah, L86, F|251/350\n|turn|17\n|\n|t:|1781451039\n|move|p1a: Glaceon|Protect|p1a: Glaceon\n|-singleturn|p1a: Glaceon|Protect\n|move|p2a: Copperajah|Heavy Slam|p1a: Glaceon\n|-activate|p1a: Glaceon|move: Protect\n|\n|-heal|p1a: Glaceon|164/275|[from] move: Wish|[wisher] Glaceon\n|upkeep\n|turn|18\n|\n|t:|1781451049\n|switch|p1a: Slowking|Slowking, L88, M|310/310\n|move|p2a: Copperajah|Heavy Slam|p1a: Slowking\n|-resisted|p1a: Slowking\n|-damage|p1a: Slowking|178/310\n|\n|upkeep\n|turn|19\n|inactive|pomodoropj has 120 seconds left.\n|\n|t:|1781451069\n|switch|p2a: Illumise|Illumise, L91, F|266/266\n|move|p1a: Slowking|Scald|p2a: Illumise\n|-damage|p2a: Illumise|178/266\n|\n|upkeep\n|turn|20\n|\n|t:|1781451080\n|switch|p1a: Dedenne|Dedenne, L88, M|261/261\n|move|p2a: Illumise|Bug Buzz|p1a: Dedenne\n|-resisted|p1a: Dedenne\n|-damage|p1a: Dedenne|208/261\n|\n|upkeep\n|turn|21\n|\n|t:|1781451094\n|switch|p2a: Copperajah|Copperajah, L86, F|251/350\n|move|p1a: Dedenne|Thunderbolt|p2a: Copperajah\n|-damage|p2a: Copperajah|140/350\n|\n|upkeep\n|turn|22\n|\n|t:|1781451105\n|switch|p1a: Slowking|Slowking, L88, M|281/310\n|move|p2a: Copperajah|Heat Crash|p1a: Slowking\n|-resisted|p1a: Slowking\n|-damage|p1a: Slowking|202/310\n|\n|upkeep\n|turn|23\n|inactive|pomodoropj has 120 seconds left.\n|\n|t:|1781451116\n|switch|p2a: Illumise|Illumise, L91, F|178/266\n|move|p1a: Slowking|Scald|p2a: Illumise\n|-damage|p2a: Illumise|93/266\n|\n|upkeep\n|turn|24\n|inactive|pomodoropj has 120 seconds left.\n|\n|t:|1781451124\n|switch|p1a: Dedenne|Dedenne, L88, M|208/261\n|move|p2a: Illumise|Roost|p2a: Illumise\n|-heal|p2a: Illumise|226/266\n|-singleturn|p2a: Illumise|move: Roost\n|\n|upkeep\n|turn|25\n|inactive|pomodoropj has 120 seconds left.\n|\n|t:|1781451146\n|move|p2a: Illumise|Encore||[still]\n|-fail|p2a: Illumise\n|move|p1a: Dedenne|Thunderbolt|p2a: Illumise\n|-damage|p2a: Illumise|133/266\n|\n|upkeep\n|turn|26\n|\n|t:|1781451152\n|move|p2a: Illumise|Roost|p2a: Illumise\n|-heal|p2a: Illumise|266/266\n|-singleturn|p2a: Illumise|move: Roost\n|move|p1a: Dedenne|Thunderbolt|p2a: Illumise\n|-damage|p2a: Illumise|173/266\n|-status|p2a: Illumise|par\n|\n|upkeep\n|turn|27\n|\n|t:|1781451160\n|switch|p2a: Raikou|Raikou, L81|278/278\n|-ability|p2a: Raikou|Pressure\n|move|p1a: Dedenne|Thunderbolt|p2a: Raikou\n|-resisted|p2a: Raikou\n|-damage|p2a: Raikou|236/278\n|\n|-heal|p2a: Raikou|253/278|[from] item: Leftovers\n|upkeep\n|turn|28\n|inactive|pomodoropj has 120 seconds left.\n|inactive|Hari2025 has 120 seconds left.\n|\n|t:|1781451195\n|move|p2a: Raikou|Calm Mind|p2a: Raikou\n|-boost|p2a: Raikou|spa|1\n|-boost|p2a: Raikou|spd|1\n|move|p1a: Dedenne|Super Fang|p2a: Raikou\n|-damage|p2a: Raikou|127/278\n|\n|-heal|p2a: Raikou|144/278|[from] item: Leftovers\n|upkeep\n|turn|29\n|inactive|pomodoropj has 120 seconds left.\n|\n|t:|1781451214\n|move|p2a: Raikou|Shadow Ball|p1a: Dedenne\n|-damage|p1a: Dedenne|97/261\n|-enditem|p1a: Dedenne|Sitrus Berry|[eat]\n|-heal|p1a: Dedenne|162/261|[from] item: Sitrus Berry\n|-heal|p1a: Dedenne|249/261|[from] ability: Cheek Pouch\n|move|p1a: Dedenne|Super Fang|p2a: Raikou\n|-damage|p2a: Raikou|72/278\n|\n|-heal|p2a: Raikou|89/278|[from] item: Leftovers\n|upkeep\n|turn|30\n|inactive|pomodoropj has 120 seconds left.\n|\n|t:|1781451227\n|move|p2a: Raikou|Scald|p1a: Dedenne\n|-damage|p1a: Dedenne|143/261\n|move|p1a: Dedenne|Super Fang|p2a: Raikou\n|-damage|p2a: Raikou|45/278\n|\n|-heal|p2a: Raikou|62/278|[from] item: Leftovers\n|upkeep\n|turn|31\n|inactive|pomodoropj has 120 seconds left.\n|\n|t:|1781451238\n|move|p2a: Raikou|Shadow Ball|p1a: Dedenne\n|-damage|p1a: Dedenne|32/261\n|-unboost|p1a: Dedenne|spd|1\n|move|p1a: Dedenne|Super Fang|p2a: Raikou\n|-damage|p2a: Raikou|31/278\n|\n|-heal|p2a: Raikou|48/278|[from] item: Leftovers\n|upkeep\n|turn|32\n|\n|t:|1781451248\n|move|p2a: Raikou|Shadow Ball|p1a: Dedenne\n|-damage|p1a: Dedenne|0 fnt\n|faint|p1a: Dedenne\n|\n|-heal|p2a: Raikou|65/278|[from] item: Leftovers\n|upkeep\n|\n|t:|1781451256\n|switch|p1a: Glaceon|Glaceon, L94, F|164/275\n|turn|33\n|\n|t:|1781451265\n|-terastallize|p1a: Glaceon|Ground\n|move|p2a: Raikou|Shadow Ball|p1a: Glaceon\n|-damage|p1a: Glaceon|86/275\n|move|p1a: Glaceon|Mud Shot|p2a: Raikou\n|-supereffective|p2a: Raikou\n|-damage|p2a: Raikou|0 fnt\n|faint|p2a: Raikou\n|\n|upkeep\n|\n|t:|1781451278\n|switch|p2a: Illumise|Illumise, L91, F|173/266 par\n|turn|34\n|\n|t:|1781451286\n|move|p1a: Glaceon|Wish|p1a: Glaceon\n|move|p2a: Illumise|Bug Buzz|p1a: Glaceon\n|-damage|p1a: Glaceon|10/275\n|\n|upkeep\n|turn|35\n|\n|t:|1781451293\n|move|p1a: Glaceon|Protect|p1a: Glaceon\n|-singleturn|p1a: Glaceon|Protect\n|move|p2a: Illumise|Encore|p1a: Glaceon\n|-activate|p1a: Glaceon|move: Protect\n|\n|-heal|p1a: Glaceon|147/275|[from] move: Wish|[wisher] Glaceon\n|upkeep\n|turn|36\n|\n|t:|1781451301\n|move|p1a: Glaceon|Wish|p1a: Glaceon\n|move|p2a: Illumise|Bug Buzz|p1a: Glaceon\n|-damage|p1a: Glaceon|75/275\n|\n|upkeep\n|turn|37\n|\n|t:|1781451309\n|move|p1a: Glaceon|Protect|p1a: Glaceon\n|-singleturn|p1a: Glaceon|Protect\n|move|p2a: Illumise|Roost|p2a: Illumise\n|-heal|p2a: Illumise|266/266 par\n|-singleturn|p2a: Illumise|move: Roost\n|\n|-heal|p1a: Glaceon|212/275|[from] move: Wish|[wisher] Glaceon\n|upkeep\n|turn|38\n|\n|t:|1781451319\n|move|p2a: Illumise|Encore|p1a: Glaceon\n|-start|p1a: Glaceon|Encore\n|move|p1a: Glaceon|Protect||[still]\n|-fail|p1a: Glaceon\n|\n|upkeep\n|turn|39\n|\n|t:|1781451325\n|switch|p1a: Slowking|Slowking, L88, M|305/310\n|cant|p2a: Illumise|par\n|\n|upkeep\n|turn|40\n|\n|t:|1781451334\n|move|p2a: Illumise|Bug Buzz|p1a: Slowking\n|-supereffective|p1a: Slowking\n|-damage|p1a: Slowking|147/310\n|move|p1a: Slowking|Psychic Noise|p2a: Illumise\n|-damage|p2a: Illumise|179/266 par\n|-start|p2a: Illumise|move: Heal Block\n|\n|upkeep\n|turn|41\n|\n|t:|1781451346\n|switch|p1a: Glaceon|Glaceon, L94, F, tera:Ground|212/275\n|cant|p2a: Illumise|par\n|\n|-end|p2a: Illumise|move: Heal Block\n|upkeep\n|turn|42\n|\n|t:|1781451357\n|move|p2a: Illumise|Roost|p2a: Illumise\n|-heal|p2a: Illumise|266/266 par\n|-singleturn|p2a: Illumise|move: Roost\n|move|p1a: Glaceon|Freeze-Dry|p2a: Illumise\n|-damage|p2a: Illumise|163/266 par\n|\n|upkeep\n|turn|43\n|\n|t:|1781451369\n|move|p2a: Illumise|Roost|p2a: Illumise\n|-heal|p2a: Illumise|266/266 par\n|-singleturn|p2a: Illumise|move: Roost\n|move|p1a: Glaceon|Wish|p1a: Glaceon\n|\n|upkeep\n|turn|44\n|\n|t:|1781451376\n|move|p1a: Glaceon|Protect|p1a: Glaceon\n|-singleturn|p1a: Glaceon|Protect\n|cant|p2a: Illumise|par\n|\n|-heal|p1a: Glaceon|275/275|[from] move: Wish|[wisher] Glaceon\n|upkeep\n|turn|45\n|\n|t:|1781451384\n|switch|p1a: Slowking|Slowking, L88, M|250/310\n|move|p2a: Illumise|Bug Buzz|p1a: Slowking\n|-supereffective|p1a: Slowking\n|-damage|p1a: Slowking|106/310\n|\n|upkeep\n|turn|46\n|\n|t:|1781451393\n|switch|p1a: Glaceon|Glaceon, L94, F, tera:Ground|275/275\n|move|p2a: Illumise|Bug Buzz|p1a: Glaceon\n|-damage|p1a: Glaceon|197/275\n|\n|upkeep\n|turn|47\n|\n|t:|1781451404\n|move|p2a: Illumise|Encore||[still]\n|-fail|p2a: Illumise\n|move|p1a: Glaceon|Wish|p1a: Glaceon\n|\n|upkeep\n|turn|48\n|\n|t:|1781451410\n|switch|p1a: Slowking|Slowking, L88, M|209/310\n|move|p2a: Illumise|Bug Buzz|p1a: Slowking\n|-supereffective|p1a: Slowking\n|-damage|p1a: Slowking|63/310\n|\n|-heal|p1a: Slowking|200/310|[from] move: Wish|[wisher] Glaceon\n|upkeep\n|turn|49\n|\n|t:|1781451419\n|-prepare|p1a: Slowking|Chilly Reception|[premajor]\n|move|p1a: Slowking|Chilly Reception|p1a: Slowking\n|-weather|Snowscape\n|\n|t:|1781451422\n|switch|p1a: Glaceon|Glaceon, L94, F, tera:Ground|197/275|[from] Chilly Reception\n|move|p2a: Illumise|Bug Buzz|p1a: Glaceon\n|-damage|p1a: Glaceon|119/275\n|\n|-weather|Snowscape|[upkeep]\n|-heal|p1a: Glaceon|136/275|[from] ability: Ice Body\n|upkeep\n|turn|50\n|\n|t:|1781451437\n|move|p1a: Glaceon|Wish|p1a: Glaceon\n|move|p2a: Illumise|Bug Buzz|p1a: Glaceon\n|-damage|p1a: Glaceon|63/275\n|-unboost|p1a: Glaceon|spd|1\n|\n|-weather|Snowscape|[upkeep]\n|-heal|p1a: Glaceon|80/275|[from] ability: Ice Body\n|upkeep\n|turn|51\n|\n|t:|1781451446\n|move|p1a: Glaceon|Protect|p1a: Glaceon\n|-singleturn|p1a: Glaceon|Protect\n|move|p2a: Illumise|Bug Buzz|p1a: Glaceon\n|-activate|p1a: Glaceon|move: Protect\n|\n|-weather|Snowscape|[upkeep]\n|-heal|p1a: Glaceon|97/275|[from] ability: Ice Body\n|-heal|p1a: Glaceon|234/275|[from] move: Wish|[wisher] Glaceon\n|upkeep\n|turn|52\n|\n|t:|1781451457\n|switch|p1a: Slowking|Slowking, L88, M|303/310\n|cant|p2a: Illumise|par\n|\n|-weather|Snowscape|[upkeep]\n|upkeep\n|turn|53\n|\n|t:|1781451463\n|move|p2a: Illumise|Bug Buzz|p1a: Slowking\n|-supereffective|p1a: Slowking\n|-damage|p1a: Slowking|159/310\n|move|p1a: Slowking|Psychic Noise|p2a: Illumise\n|-damage|p2a: Illumise|184/266 par\n|-start|p2a: Illumise|move: Heal Block\n|\n|-weather|none\n|upkeep\n|turn|54\n|\n|t:|1781451477\n|-prepare|p1a: Slowking|Chilly Reception|[premajor]\n|move|p1a: Slowking|Chilly Reception|p1a: Slowking\n|-weather|Snowscape\n|\n|t:|1781451481\n|switch|p1a: Glaceon|Glaceon, L94, F, tera:Ground|234/275|[from] Chilly Reception\n|move|p2a: Illumise|Bug Buzz|p1a: Glaceon\n|-damage|p1a: Glaceon|153/275\n|\n|-weather|Snowscape|[upkeep]\n|-heal|p1a: Glaceon|170/275|[from] ability: Ice Body\n|-end|p2a: Illumise|move: Heal Block\n|upkeep\n|turn|55\n|\n|t:|1781451498\n|move|p2a: Illumise|Roost|p2a: Illumise\n|-heal|p2a: Illumise|266/266 par\n|-singleturn|p2a: Illumise|move: Roost\n|move|p1a: Glaceon|Mud Shot|p2a: Illumise\n|-resisted|p2a: Illumise\n|-damage|p2a: Illumise|215/266 par\n|-unboost|p2a: Illumise|spe|1\n|\n|-weather|Snowscape|[upkeep]\n|-heal|p1a: Glaceon|187/275|[from] ability: Ice Body\n|upkeep\n|turn|56\n|\n|t:|1781451518\n|cant|p2a: Illumise|par\n|move|p1a: Glaceon|Mud Shot|p2a: Illumise\n|-resisted|p2a: Illumise\n|-damage|p2a: Illumise|166/266 par\n|-unboost|p2a: Illumise|spe|1\n|\n|-weather|Snowscape|[upkeep]\n|-heal|p1a: Glaceon|204/275|[from] ability: Ice Body\n|upkeep\n|turn|57\n|\n|t:|1781451529\n|move|p2a: Illumise|Encore|p1a: Glaceon\n|-start|p1a: Glaceon|Encore\n|move|p1a: Glaceon|Mud Shot|p2a: Illumise\n|-resisted|p2a: Illumise\n|-damage|p2a: Illumise|121/266 par\n|-unboost|p2a: Illumise|spe|1\n|\n|-weather|Snowscape|[upkeep]\n|-heal|p1a: Glaceon|221/275|[from] ability: Ice Body\n|upkeep\n|turn|58\n|\n|t:|1781451539\n|move|p2a: Illumise|Roost|p2a: Illumise\n|-heal|p2a: Illumise|254/266 par\n|-singleturn|p2a: Illumise|move: Roost\n|move|p1a: Glaceon|Mud Shot|p2a: Illumise\n|-resisted|p2a: Illumise\n|-damage|p2a: Illumise|208/266 par\n|-unboost|p2a: Illumise|spe|1\n|\n|-weather|none\n|upkeep\n|turn|59\n|\n|t:|1781451555\n|move|p1a: Glaceon|Mud Shot|p2a: Illumise\n|-resisted|p2a: Illumise\n|-damage|p2a: Illumise|165/266 par\n|-unboost|p2a: Illumise|spe|1\n|cant|p2a: Illumise|par\n|\n|-end|p1a: Glaceon|Encore\n|upkeep\n|turn|60\n|\n|t:|1781451568\n|move|p1a: Glaceon|Mud Shot|p2a: Illumise|[miss]\n|-miss|p1a: Glaceon|p2a: Illumise\n|move|p2a: Illumise|Bug Buzz|p1a: Glaceon\n|-damage|p1a: Glaceon|146/275\n|\n|upkeep\n|turn|61\n|\n|t:|1781451577\n|move|p1a: Glaceon|Wish|p1a: Glaceon\n|move|p2a: Illumise|Bug Buzz|p1a: Glaceon\n|-damage|p1a: Glaceon|73/275\n|\n|upkeep\n|turn|62\n|\n|t:|1781451596\n|move|p1a: Glaceon|Protect|p1a: Glaceon\n|-singleturn|p1a: Glaceon|Protect\n|move|p2a: Illumise|Bug Buzz|p1a: Glaceon\n|-activate|p1a: Glaceon|move: Protect\n|\n|-heal|p1a: Glaceon|210/275|[from] move: Wish|[wisher] Glaceon\n|upkeep\n|turn|63\n|\n|t:|1781451614\n|move|p2a: Illumise|Encore|p1a: Glaceon\n|-start|p1a: Glaceon|Encore\n|move|p1a: Glaceon|Protect||[still]\n|-fail|p1a: Glaceon\n|\n|upkeep\n|turn|64\n|inactive|Hari2025 has 120 seconds left.\n|\n|t:|1781451634\n|switch|p1a: Slowking|Slowking, L88, M|262/310\n|move|p2a: Illumise|Encore||[still]\n|-fail|p2a: Illumise\n|\n|upkeep\n|turn|65\n|\n|t:|1781451651\n|move|p2a: Illumise|Thunder Wave|p1a: Slowking\n|-status|p1a: Slowking|par\n|-prepare|p1a: Slowking|Chilly Reception|[premajor]\n|move|p1a: Slowking|Chilly Reception|p1a: Slowking\n|-weather|Snowscape\n|c|\u2606Hari2025|Come on man\n|inactive|Hari2025 has 120 seconds left.\n|\n|t:|1781451663\n|switch|p1a: Glaceon|Glaceon, L94, F, tera:Ground|210/275|[from] Chilly Reception\n|\n|-weather|Snowscape|[upkeep]\n|-heal|p1a: Glaceon|227/275|[from] ability: Ice Body\n|upkeep\n|turn|66\n|\n|t:|1781451672\n|move|p2a: Illumise|Roost|p2a: Illumise\n|-heal|p2a: Illumise|266/266 par\n|-singleturn|p2a: Illumise|move: Roost\n|move|p1a: Glaceon|Freeze-Dry|p2a: Illumise\n|-damage|p2a: Illumise|161/266 par\n|\n|-weather|Snowscape|[upkeep]\n|-heal|p1a: Glaceon|244/275|[from] ability: Ice Body\n|upkeep\n|turn|67\n|inactive|pomodoropj has 120 seconds left.\n|inactive|pomodoropj has 90 seconds left.\n|inactive|pomodoropj has 60 seconds left.\n|\n|t:|1781451763\n|cant|p2a: Illumise|par\n|move|p1a: Glaceon|Freeze-Dry|p2a: Illumise\n|-damage|p2a: Illumise|53/266 par\n|\n|-weather|Snowscape|[upkeep]\n|-heal|p1a: Glaceon|261/275|[from] ability: Ice Body\n|upkeep\n|turn|68\n|inactive|pomodoropj has 60 seconds left.\n|\n|t:|1781451786\n|move|p2a: Illumise|Encore|p1a: Glaceon\n|-start|p1a: Glaceon|Encore\n|move|p1a: Glaceon|Freeze-Dry|p2a: Illumise\n|-damage|p2a: Illumise|0 fnt\n|faint|p2a: Illumise\n|\n|-weather|Snowscape|[upkeep]\n|-heal|p1a: Glaceon|275/275|[from] ability: Ice Body\n|upkeep\n|\n|t:|1781451796\n|switch|p2a: Copperajah|Copperajah, L86, F|140/350\n|turn|69\n|\n|t:|1781451821\n|switch|p1a: Slowking|Slowking, L88, M|310/310 par\n|move|p2a: Copperajah|Heat Crash|p1a: Slowking\n|-resisted|p1a: Slowking\n|-damage|p1a: Slowking|225/310 par\n|\n|-weather|none\n|upkeep\n|turn|70\n|-message|pomodoropj forfeited.\n|\n|win|Hari2025\n|raw|Hari2025's rating: 1169 &rarr; <strong>1196</strong><br />(+27 for winning)\n|raw|pomodoropj's rating: 1192 &rarr; <strong>1165</strong><br />(-27 for losing)\n|l|\u2606pomodoropj\n|player|p2|\n", "inputlog": ">version a8376a258c1d4662feba110a92103f3664a72141\n>start {\"formatid\":\"gen9randombattle\",\"seed\":\"sodium,1c25101e76292d3bdd4f0eb241411cde\",\"rated\":\"Rated battle\"}\n>player p1 {\"name\":\"Hari2025\",\"avatar\":\"266\",\"rating\":1169,\"seed\":\"sodium,2dcf9aed4450a906f53705cca8fa433b\"}\n>player p2 {\"name\":\"pomodoropj\",\"avatar\":\"ingo\",\"rating\":1192,\"seed\":\"sodium,e4c169cb4d235310b3d10113d61dc796\"}\n>p1 move knockoff\n>p2 move dragondance\n>p1 move bodyslam\n>p2 move dragondance\n>p1 move rapidspin\n>p2 move closecombat\n>p1 switch 6\n>p1 move dazzlinggleam\n>p2 move ironhead\n>p2 switch 2\n>p1 switch 4\n>p2 move heatcrash\n>p1 move discharge\n>p2 move heatcrash\n>p1 switch 2\n>p1 move curse\n>p2 switch 6\n>p1 move curse\n>p2 move swordsdance\n>p1 move bodyslam\n>p2 move ironhead\n>p1 move bodyslam\n>p2 move closecombat\n>p2 switch 5\n>p1 move rest\n>p2 move surf\n>p1 switch 3\n>p1 move protect\n>p2 move bravebird terastallize\n>p1 move freezedry\n>p2 move bravebird\n>p1 move wish\n>p2 move surf\n>p1 move protect\n>p2 move bravebird\n>p1 move wish\n>p2 move bravebird\n>p2 switch 6\n>p1 move protect\n>p2 move heavyslam\n>p1 switch 5\n>p2 move heavyslam\n>p1 move scald\n>p2 switch 4\n>p1 switch 4\n>p2 move bugbuzz\n>p1 move thunderbolt\n>p2 switch 4\n>p1 switch 4\n>p2 move heatcrash\n>p1 move scald\n>p2 switch 4\n>p1 switch 4\n>p2 move roost\n>p1 move thunderbolt\n>p2 move encore\n>p1 move thunderbolt\n>p2 move roost\n>p1 move thunderbolt\n>p2 switch 3\n>p1 move superfang\n>p2 move calmmind\n>p1 move superfang\n>p2 move shadowball\n>p1 move superfang\n>p2 move scald\n>p1 move superfang\n>p2 move shadowball\n>p1 move uturn\n>p2 move shadowball\n>p1 switch 5\n>p1 move mudshot terastallize\n>p2 move shadowball\n>p2 switch 3\n>p1 move wish\n>p2 move bugbuzz\n>p1 move protect\n>p2 move encore\n>p1 move wish\n>p2 move bugbuzz\n>p1 move protect\n>p2 move roost\n>p1 move freezedry\n>p2 move encore\n>p1 switch 4\n>p2 move bugbuzz\n>p1 move psychicnoise\n>p2 move bugbuzz\n>p1 switch 4\n>p2 move bugbuzz\n>p1 move freezedry\n>p2 move roost\n>p1 move wish\n>p2 move roost\n>p1 move protect\n>p2 move encore\n>p1 switch 4\n>p2 move bugbuzz\n>p1 switch 4\n>p2 move bugbuzz\n>p1 move wish\n>p2 move encore\n>p1 switch 4\n>p2 move bugbuzz\n>p1 move chillyreception\n>p2 move bugbuzz\n>p1 switch 4\n>p1 move wish\n>p2 move bugbuzz\n>p1 move protect\n>p2 move bugbuzz\n>p1 switch 4\n>p2 move encore\n>p1 move psychicnoise\n>p2 move bugbuzz\n>p1 move chillyreception\n>p2 move bugbuzz\n>p1 switch 4\n>p1 move mudshot\n>p2 move roost\n>p1 move mudshot\n>p2 move encore\n>p1 move freezedry\n>p2 move encore\n>p1 move mudshot\n>p2 move roost\n>p1 move mudshot\n>p2 move bugbuzz\n>p1 move mudshot\n>p2 move bugbuzz\n>p1 move wish\n>p2 move bugbuzz\n>p1 move protect\n>p2 move bugbuzz\n>p1 move mudshot\n>p2 move encore\n>p1 switch 4\n>p2 move encore\n>p1 move chillyreception\n>p2 move thunderwave\n>chat \u2606Hari2025|Come on man \n>p1 switch 4\n>p1 move freezedry\n>p2 move roost\n>p1 move freezedry\n>p2 move encore\n>p1 move freezedry\n>p2 move encore\n>p2 switch 4\n>p1 switch 4\n>p2 move heatcrash\n>forcelose p2", "uploadtime": 1781451868, "views": 7, "formatid": "gen9randombattle", "rating": 1165, "private": 0, "password": null, "player_dets": [{"name": "Hari2025", "avatar": "266", "rating": 1169, "seed": "sodium,2dcf9aed4450a906f53705cca8fa433b"}, {"name": "pomodoropj", "avatar": "ingo", "rating": 1192, "seed": "sodium,e4c169cb4d235310b3d10113d61dc796"}], "teams_full": [{"Komala": {"name": "Komala", "species": "Komala", "speciesId": "komala", "gender": "F", "shiny": false, "level": 88, "moves": ["knockoff", "uturn", "bodyslam", "rapidspin"], "ability": "Comatose", "evs": {"hp": 85, "atk": 85, "def": 85, "spa": 85, "spd": 85, "spe": 85}, "ivs": {"hp": 31, "atk": 31, "def": 31, "spa": 31, "spd": 31, "spe": 31}, "item": "Assault Vest", "teraType": "Ghost", "role": "Bulky Support", "bvs": {"hp": 65, "atk": 115, "def": 65, "spa": 75, "spd": 95, "spe": 65}, "stats": {"hp": 258, "atk": 253, "def": 165, "spa": 182, "spd": 217, "spe": 165}}, "Snorlax": {"name": "Snorlax", "species": "Snorlax", "speciesId": "snorlax", "gender": "F", "shiny": false, "level": 82, "moves": ["curse", "rest", "bodyslam", "earthquake"], "ability": "Thick Fat", "evs": {"hp": 85, "atk": 85, "def": 85, "spa": 85, "spd": 85, "spe": 85}, "ivs": {"hp": 31, "atk": 31, "def": 31, "spa": 31, "spd": 31, "spe": 31}, "item": "Chesto Berry", "teraType": "Poison", "role": "Bulky Setup", "bvs": {"hp": 160, "atk": 110, "def": 65, "spa": 65, "spd": 110, "spe": 30}, "stats": {"hp": 397, "atk": 228, "def": 154, "spa": 154, "spd": 228, "spe": 96}}, "Glaceon": {"name": "Glaceon", "species": "Glaceon", "speciesId": "glaceon", "gender": "F", "shiny": false, "level": 94, "moves": ["protect", "wish", "freezedry", "mudshot"], "ability": "Ice Body", "evs": {"hp": 85, "atk": 0, "def": 85, "spa": 85, "spd": 85, "spe": 85}, "ivs": {"hp": 31, "atk": 0, "def": 31, "spa": 31, "spd": 31, "spe": 31}, "item": "Heavy-Duty Boots", "teraType": "Ground", "role": "Bulky Attacker", "bvs": {"hp": 65, "atk": 60, "def": 110, "spa": 130, "spd": 95, "spe": 65}, "stats": {"hp": 275, "atk": 117, "def": 260, "spa": 298, "spd": 232, "spe": 176}}, "Kilowattrel": {"name": "Kilowattrel", "species": "Kilowattrel", "speciesId": "kilowattrel", "gender": "M", "shiny": false, "level": 83, "moves": ["hurricane", "uturn", "discharge", "roost"], "ability": "Volt Absorb", "evs": {"hp": 85, "atk": 85, "def": 85, "spa": 85, "spd": 85, "spe": 85}, "ivs": {"hp": 31, "atk": 31, "def": 31, "spa": 31, "spd": 31, "spe": 31}, "item": "Heavy-Duty Boots", "teraType": "Water", "role": "Bulky Attacker", "bvs": {"hp": 70, "atk": 70, "def": 60, "spa": 105, "spd": 60, "spe": 125}, "stats": {"hp": 252, "atk": 164, "def": 147, "spa": 222, "spd": 147, "spe": 255}}, "Slowking": {"name": "Slowking", "species": "Slowking", "speciesId": "slowking", "gender": "M", "shiny": false, "level": 88, "moves": ["slackoff", "psychicnoise", "chillyreception", "scald"], "ability": "Regenerator", "evs": {"hp": 85, "atk": 0, "def": 85, "spa": 85, "spd": 85, "spe": 85}, "ivs": {"hp": 31, "atk": 0, "def": 31, "spa": 31, "spd": 31, "spe": 31}, "item": "Heavy-Duty Boots", "teraType": "Fairy", "role": "Bulky Attacker", "bvs": {"hp": 95, "atk": 75, "def": 80, "spa": 100, "spd": 110, "spe": 30}, "stats": {"hp": 310, "atk": 137, "def": 191, "spa": 226, "spd": 244, "spe": 103}}, "Dedenne": {"name": "Dedenne", "species": "Dedenne", "speciesId": "dedenne", "gender": "M", "shiny": false, "level": 88, "moves": ["dazzlinggleam", "thunderbolt", "superfang", "uturn"], "ability": "Cheek Pouch", "evs": {"hp": 85, "atk": 85, "def": 85, "spa": 85, "spd": 85, "spe": 85}, "ivs": {"hp": 31, "atk": 31, "def": 31, "spa": 31, "spd": 31, "spe": 31}, "item": "Sitrus Berry", "teraType": "Flying", "role": "Fast Support", "bvs": {"hp": 67, "atk": 58, "def": 57, "spa": 81, "spd": 67, "spe": 101}, "stats": {"hp": 261, "atk": 152, "def": 151, "spa": 193, "spd": 168, "spe": 228}}}, {"Haxorus": {"name": "Haxorus", "species": "Haxorus", "speciesId": "haxorus", "gender": "M", "shiny": false, "level": 77, "moves": ["closecombat", "dragondance", "outrage", "ironhead"], "ability": "Mold Breaker", "evs": {"hp": 85, "atk": 85, "def": 85, "spa": 85, "spd": 85, "spe": 85}, "ivs": {"hp": 31, "atk": 31, "def": 31, "spa": 31, "spd": 31, "spe": 31}, "item": "Lum Berry", "teraType": "Steel", "role": "Setup Sweeper", "bvs": {"hp": 76, "atk": 147, "def": 90, "spa": 60, "spd": 70, "spe": 97}, "stats": {"hp": 244, "atk": 271, "def": 183, "spa": 137, "spd": 152, "spe": 194}}, "Copperajah": {"name": "Copperajah", "species": "Copperajah", "speciesId": "copperajah", "gender": "F", "shiny": false, "level": 86, "moves": ["superpower", "knockoff", "heatcrash", "heavyslam"], "ability": "Heavy Metal", "evs": {"hp": 85, "atk": 85, "def": 85, "spa": 85, "spd": 85, "spe": 85}, "ivs": {"hp": 31, "atk": 31, "def": 31, "spa": 31, "spd": 31, "spe": 31}, "item": "Choice Band", "teraType": "Fire", "role": "Bulky Attacker", "bvs": {"hp": 122, "atk": 130, "def": 69, "spa": 80, "spd": 69, "spe": 30}, "stats": {"hp": 350, "atk": 273, "def": 168, "spa": 187, "spd": 168, "spe": 101}}, "Raikou": {"name": "Raikou", "species": "Raikou", "speciesId": "raikou", "gender": "N", "shiny": false, "level": 81, "moves": ["shadowball", "calmmind", "thunderbolt", "scald"], "ability": "Pressure", "evs": {"hp": 85, "atk": 0, "def": 85, "spa": 85, "spd": 85, "spe": 85}, "ivs": {"hp": 31, "atk": 0, "def": 31, "spa": 31, "spd": 31, "spe": 31}, "item": "Leftovers", "teraType": "Electric", "role": "Bulky Attacker", "bvs": {"hp": 90, "atk": 85, "def": 75, "spa": 115, "spd": 100, "spe": 115}, "stats": {"hp": 278, "atk": 142, "def": 168, "spa": 233, "spd": 209, "spe": 233}}, "Illumise": {"name": "Illumise", "species": "Illumise", "speciesId": "illumise", "gender": "F", "shiny": false, "level": 91, "moves": ["bugbuzz", "encore", "thunderwave", "roost"], "ability": "Prankster", "evs": {"hp": 85, "atk": 0, "def": 85, "spa": 85, "spd": 85, "spe": 85}, "ivs": {"hp": 31, "atk": 0, "def": 31, "spa": 31, "spd": 31, "spe": 31}, "item": "Heavy-Duty Boots", "teraType": "Steel", "role": "Bulky Support", "bvs": {"hp": 65, "atk": 47, "def": 75, "spa": 73, "spd": 85, "spe": 85}, "stats": {"hp": 266, "atk": 90, "def": 188, "spa": 185, "spd": 207, "spe": 207}}, "Cramorant": {"name": "Cramorant", "species": "Cramorant", "speciesId": "cramorant", "gender": "M", "shiny": false, "level": 86, "moves": ["defog", "bravebird", "roost", "surf"], "ability": "Gulp Missile", "evs": {"hp": 85, "atk": 85, "def": 85, "spa": 85, "spd": 85, "spe": 85}, "ivs": {"hp": 31, "atk": 31, "def": 31, "spa": 31, "spd": 31, "spe": 31}, "item": "Heavy-Duty Boots", "teraType": "Ground", "role": "Bulky Support", "bvs": {"hp": 70, "atk": 85, "def": 55, "spa": 85, "spd": 95, "spe": 85}, "stats": {"hp": 261, "atk": 195, "def": 144, "spa": 195, "spd": 213, "spe": 195}}, "Kommo-o": {"name": "Kommo-o", "species": "Kommo-o", "speciesId": "kommoo", "gender": "M", "shiny": false, "level": 78, "moves": ["scaleshot", "swordsdance", "closecombat", "ironhead"], "ability": "Soundproof", "evs": {"hp": 85, "atk": 85, "def": 85, "spa": 85, "spd": 85, "spe": 85}, "ivs": {"hp": 31, "atk": 31, "def": 31, "spa": 31, "spd": 31, "spe": 31}, "item": "Loaded Dice", "teraType": "Steel", "role": "Setup Sweeper", "bvs": {"hp": 75, "atk": 110, "def": 125, "spa": 100, "spd": 105, "spe": 85}, "stats": {"hp": 245, "atk": 217, "def": 240, "spa": 201, "spd": 209, "spe": 178}}}]}