{"id": "gen9randombattle-2631417180", "format": "[Gen 9] Random Battle", "players": ["kytfvb2", "DinoDan777"], "log": "|j|\u2606kytfvb2\n|j|\u2606DinoDan777\n|t:|1781382121\n|gametype|singles\n|player|p1|kytfvb2|shadowtriad|2011\n|player|p2|DinoDan777|pokemaniac|2061\n|gen|9\n|tier|[Gen 9] Random Battle\n|rated|\n|rule|Species Clause: Limit one of each Pok\u00e9mon\n|rule|HP Percentage Mod: HP is shown in percentages\n|rule|Sleep Clause Mod: Limit one foe put to sleep\n|rule|Illusion Level Mod: Illusion disguises the Pok\u00e9mon's true level\n|\n|t:|1781382121\n|teamsize|p1|6\n|teamsize|p2|6\n|start\n|switch|p1a: Okidogi|Okidogi, L77, M|262/262\n|switch|p2a: Magmortar|Magmortar, L88, M|275/275\n|turn|1\n|c|\u2606DinoDan777|Good luck\n|c|\u2606kytfvb2|u2\n|\n|t:|1781382135\n|move|p2a: Magmortar|Scorching Sands|p1a: Okidogi\n|-supereffective|p1a: Okidogi\n|-damage|p1a: Okidogi|170/262\n|move|p1a: Okidogi|Gunk Shot|p2a: Magmortar\n|-damage|p2a: Magmortar|131/275\n|\n|upkeep\n|turn|2\n|\n|t:|1781382156\n|switch|p2a: Sableye|Sableye, L88, F|231/231\n|switch|p1a: Salamence|Salamence, L77, M|273/273\n|\n|upkeep\n|turn|3\n|\n|t:|1781382166\n|switch|p1a: Regice|Regice, L88|284/284\n|move|p2a: Sableye|Knock Off|p1a: Regice\n|-damage|p1a: Regice|205/284\n|-enditem|p1a: Regice|Heavy-Duty Boots|[from] move: Knock Off|[of] p2a: Sableye\n|\n|upkeep\n|turn|4\n|\n|t:|1781382187\n|switch|p2a: Magmortar|Magmortar, L88, M|131/275\n|move|p1a: Regice|Ice Beam|p2a: Magmortar\n|-resisted|p2a: Magmortar\n|-damage|p2a: Magmortar|80/275\n|\n|upkeep\n|turn|5\n|\n|t:|1781382195\n|switch|p1a: Milotic|Milotic, L83, F|293/293\n|move|p2a: Magmortar|Fire Blast|p1a: Milotic\n|-resisted|p1a: Milotic\n|-damage|p1a: Milotic|229/293\n|\n|-heal|p1a: Milotic|247/293|[from] item: Leftovers\n|upkeep\n|turn|6\n|\n|t:|1781382223\n|switch|p2a: Minun|Minun, L95, M|268/268\n|move|p1a: Milotic|Scald|p2a: Minun\n|-damage|p2a: Minun|196/268\n|\n|-heal|p1a: Milotic|265/293|[from] item: Leftovers\n|upkeep\n|turn|7\n|\n|t:|1781382230\n|move|p2a: Minun|Thunderbolt|p1a: Milotic\n|-supereffective|p1a: Milotic\n|-damage|p1a: Milotic|60/293\n|-damage|p2a: Minun|170/268|[from] item: Life Orb\n|move|p1a: Milotic|Dragon Tail|p2a: Minun\n|-damage|p2a: Minun|132/268\n|drag|p2a: Incineroar|Incineroar, L82, F|290/290\n|-ability|p2a: Incineroar|Intimidate|boost\n|-unboost|p1a: Milotic|atk|1\n|-ability|p1a: Milotic|Competitive|boost\n|-boost|p1a: Milotic|spa|2\n|\n|-heal|p1a: Milotic|78/293|[from] item: Leftovers\n|upkeep\n|turn|8\n|\n|t:|1781382239\n|switch|p2a: Latias|Latias, L79, F|256/256\n|move|p1a: Milotic|Recover|p1a: Milotic\n|-heal|p1a: Milotic|225/293\n|\n|-heal|p1a: Milotic|243/293|[from] item: Leftovers\n|upkeep\n|turn|9\n|\n|t:|1781382246\n|move|p2a: Latias|Calm Mind|p2a: Latias\n|-boost|p2a: Latias|spa|1\n|-boost|p2a: Latias|spd|1\n|move|p1a: Milotic|Ice Beam|p2a: Latias\n|-supereffective|p2a: Latias\n|-damage|p2a: Latias|112/256\n|\n|-heal|p1a: Milotic|261/293|[from] item: Leftovers\n|upkeep\n|turn|10\n|\n|t:|1781382251\n|move|p2a: Latias|Psyshock|p1a: Milotic\n|-damage|p1a: Milotic|110/293\n|move|p1a: Milotic|Ice Beam|p2a: Latias\n|-supereffective|p2a: Latias\n|-damage|p2a: Latias|0 fnt\n|faint|p2a: Latias\n|\n|-heal|p1a: Milotic|128/293|[from] item: Leftovers\n|upkeep\n|\n|t:|1781382259\n|switch|p2a: Minun|Minun, L95, M|132/268\n|turn|11\n|\n|t:|1781382266\n|-terastallize|p1a: Milotic|Steel\n|move|p2a: Minun|Thunderbolt|p1a: Milotic\n|-damage|p1a: Milotic|21/293\n|-damage|p2a: Minun|106/268|[from] item: Life Orb\n|move|p1a: Milotic|Recover|p1a: Milotic\n|-heal|p1a: Milotic|168/293\n|\n|-heal|p1a: Milotic|186/293|[from] item: Leftovers\n|upkeep\n|turn|12\n|\n|t:|1781382273\n|move|p2a: Minun|Thunderbolt|p1a: Milotic\n|-damage|p1a: Milotic|89/293\n|-damage|p2a: Minun|80/268|[from] item: Life Orb\n|move|p1a: Milotic|Scald|p2a: Minun\n|-crit|p2a: Minun\n|-damage|p2a: Minun|0 fnt\n|faint|p2a: Minun\n|\n|-heal|p1a: Milotic|107/293|[from] item: Leftovers\n|upkeep\n|\n|t:|1781382278\n|switch|p2a: Magmortar|Magmortar, L88, M|80/275\n|turn|13\n|\n|t:|1781382288\n|switch|p1a: Okidogi|Okidogi, L77, M|170/262\n|move|p2a: Magmortar|Fire Blast|p1a: Okidogi|[miss]\n|-miss|p2a: Magmortar|p1a: Okidogi\n|\n|upkeep\n|turn|14\n|\n|t:|1781382294\n|switch|p2a: Sableye|Sableye, L88, F|231/231\n|move|p1a: Okidogi|Drain Punch|p2a: Sableye\n|-immune|p2a: Sableye\n|\n|upkeep\n|turn|15\n|\n|t:|1781382300\n|switch|p1a: Milotic|Milotic, L83, F, tera:Steel|107/293\n|move|p2a: Sableye|Knock Off|p1a: Milotic\n|-damage|p1a: Milotic|11/293\n|-enditem|p1a: Milotic|Leftovers|[from] move: Knock Off|[of] p2a: Sableye\n|\n|upkeep\n|turn|16\n|\n|t:|1781382310\n|switch|p2a: Magmortar|Magmortar, L88, M|80/275\n|move|p1a: Milotic|Recover|p1a: Milotic\n|-heal|p1a: Milotic|158/293\n|\n|upkeep\n|turn|17\n|\n|t:|1781382315\n|move|p2a: Magmortar|Fire Blast|p1a: Milotic|[miss]\n|-miss|p2a: Magmortar|p1a: Milotic\n|move|p1a: Milotic|Scald|p2a: Magmortar\n|-supereffective|p2a: Magmortar\n|-damage|p2a: Magmortar|0 fnt\n|faint|p2a: Magmortar\n|\n|upkeep\n|\n|t:|1781382331\n|switch|p2a: Sableye|Sableye, L88, F|231/231\n|turn|18\n|c|\u2606kytfvb2|unlucky accuracy\n|\n|t:|1781382350\n|move|p2a: Sableye|Thunder Wave|p1a: Milotic\n|-status|p1a: Milotic|par\n|move|p1a: Milotic|Scald|p2a: Sableye\n|-damage|p2a: Sableye|131/231\n|\n|-heal|p2a: Sableye|145/231|[from] item: Leftovers\n|upkeep\n|turn|19\n|\n|t:|1781382356\n|move|p2a: Sableye|Thunder Wave|p1a: Milotic\n|-fail|p1a: Milotic|par\n|move|p1a: Milotic|Scald|p2a: Sableye\n|-damage|p2a: Sableye|40/231\n|\n|-heal|p2a: Sableye|54/231|[from] item: Leftovers\n|upkeep\n|turn|20\n|\n|t:|1781382361\n|switch|p1a: Okidogi|Okidogi, L77, M|170/262\n|move|p2a: Sableye|Recover|p2a: Sableye\n|-heal|p2a: Sableye|170/231\n|\n|-heal|p2a: Sableye|184/231|[from] item: Leftovers\n|upkeep\n|turn|21\n|\n|t:|1781382366\n|move|p1a: Okidogi|Knock Off|p2a: Sableye\n|-damage|p2a: Sableye|110/231\n|-enditem|p2a: Sableye|Leftovers|[from] move: Knock Off|[of] p1a: Okidogi\n|move|p2a: Sableye|Knock Off|p1a: Okidogi\n|-resisted|p1a: Okidogi\n|-crit|p1a: Okidogi\n|-damage|p1a: Okidogi|110/262\n|-enditem|p1a: Okidogi|Assault Vest|[from] move: Knock Off|[of] p2a: Sableye\n|\n|upkeep\n|turn|22\n|\n|t:|1781382373\n|move|p2a: Sableye|Thunder Wave|p1a: Okidogi\n|-status|p1a: Okidogi|par\n|move|p1a: Okidogi|Gunk Shot|p2a: Sableye\n|-resisted|p2a: Sableye\n|-damage|p2a: Sableye|42/231\n|\n|upkeep\n|turn|23\n|\n|t:|1781382381\n|switch|p1a: Milotic|Milotic, L83, F, tera:Steel|158/293 par\n|move|p2a: Sableye|Recover|p2a: Sableye\n|-heal|p2a: Sableye|158/231\n|\n|upkeep\n|turn|24\n|\n|t:|1781382386\n|move|p2a: Sableye|Knock Off|p1a: Milotic\n|-damage|p1a: Milotic|86/293 par\n|move|p1a: Milotic|Recover|p1a: Milotic\n|-heal|p1a: Milotic|233/293 par\n|\n|upkeep\n|turn|25\n|\n|t:|1781382390\n|switch|p1a: Okidogi|Okidogi, L77, M|110/262 par\n|move|p2a: Sableye|Knock Off|p1a: Okidogi\n|-resisted|p1a: Okidogi\n|-damage|p1a: Okidogi|82/262 par\n|\n|upkeep\n|turn|26\n|\n|t:|1781382394\n|switch|p2a: Incineroar|Incineroar, L82, F|290/290\n|-ability|p2a: Incineroar|Intimidate|boost\n|-unboost|p1a: Okidogi|atk|1\n|cant|p1a: Okidogi|par\n|\n|upkeep\n|turn|27\n|\n|t:|1781382404\n|move|p2a: Incineroar|Earthquake|p1a: Okidogi\n|-supereffective|p1a: Okidogi\n|-damage|p1a: Okidogi|0 fnt\n|faint|p1a: Okidogi\n|\n|upkeep\n|\n|t:|1781382412\n|switch|p1a: Salamence|Salamence, L77, M|273/273\n|turn|28\n|\n|t:|1781382420\n|move|p1a: Salamence|Earthquake|p2a: Incineroar\n|-supereffective|p2a: Incineroar\n|-damage|p2a: Incineroar|122/290\n|move|p2a: Incineroar|Parting Shot|p1a: Salamence\n|-unboost|p1a: Salamence|atk|1\n|-unboost|p1a: Salamence|spa|1\n|\n|t:|1781382436\n|switch|p2a: Sableye|Sableye, L88, F|158/231|[from] Parting Shot\n|\n|upkeep\n|turn|29\n|\n|t:|1781382438\n|switch|p1a: Milotic|Milotic, L83, F, tera:Steel|233/293 par\n|move|p2a: Sableye|Knock Off|p1a: Milotic\n|-damage|p1a: Milotic|167/293 par\n|\n|upkeep\n|turn|30\n|\n|t:|1781382442\n|move|p2a: Sableye|Knock Off|p1a: Milotic\n|-damage|p1a: Milotic|103/293 par\n|cant|p1a: Milotic|par\n|\n|upkeep\n|turn|31\n|\n|t:|1781382445\n|switch|p2a: Incineroar|Incineroar, L82, F|122/290\n|-ability|p2a: Incineroar|Intimidate|boost\n|-unboost|p1a: Milotic|atk|1\n|-ability|p1a: Milotic|Competitive|boost\n|-boost|p1a: Milotic|spa|2\n|cant|p1a: Milotic|par\n|\n|upkeep\n|turn|32\n|\n|t:|1781382482\n|switch|p1a: Salamence|Salamence, L77, M|273/273\n|move|p2a: Incineroar|Flare Blitz|p1a: Salamence\n|-resisted|p1a: Salamence\n|-damage|p1a: Salamence|189/273\n|-damage|p2a: Incineroar|94/290|[from] Recoil\n|\n|upkeep\n|turn|33\n|\n|t:|1781382489\n|switch|p2a: Sableye|Sableye, L88, F|158/231\n|move|p1a: Salamence|Outrage|p2a: Sableye\n|-damage|p2a: Sableye|4/231\n|\n|upkeep\n|turn|34\n|\n|t:|1781382497\n|move|p2a: Sableye|Thunder Wave|p1a: Salamence\n|-status|p1a: Salamence|par\n|move|p1a: Salamence|Outrage|p2a: Sableye|[from] lockedmove\n|-damage|p2a: Sableye|0 fnt\n|faint|p2a: Sableye\n|-ability|p1a: Salamence|Moxie|boost\n|-boost|p1a: Salamence|atk|1\n|-start|p1a: Salamence|confusion|[fatigue]\n|\n|upkeep\n|\n|t:|1781382501\n|switch|p2a: Incineroar|Incineroar, L82, F|94/290\n|-ability|p2a: Incineroar|Intimidate|boost\n|-unboost|p1a: Salamence|atk|1\n|turn|35\n|\n|t:|1781382504\n|move|p2a: Incineroar|Knock Off|p1a: Salamence\n|-damage|p1a: Salamence|56/273 par\n|-enditem|p1a: Salamence|Heavy-Duty Boots|[from] move: Knock Off|[of] p2a: Incineroar\n|-activate|p1a: Salamence|confusion\n|cant|p1a: Salamence|par\n|\n|upkeep\n|turn|36\n|\n|t:|1781382510\n|move|p2a: Incineroar|Knock Off|p1a: Salamence\n|-damage|p1a: Salamence|0 fnt\n|faint|p1a: Salamence\n|\n|upkeep\n|\n|t:|1781382516\n|switch|p1a: Archaludon|Archaludon, L78, F|268/268\n|turn|37\n|\n|t:|1781382528\n|move|p1a: Archaludon|Body Press|p2a: Incineroar\n|-supereffective|p2a: Incineroar\n|-damage|p2a: Incineroar|0 fnt\n|faint|p2a: Incineroar\n|\n|upkeep\n|\n|t:|1781382534\n|switch|p2a: Drifblim|Drifblim, L86, F|396/396\n|turn|38\n|\n|t:|1781382539\n|move|p2a: Drifblim|Calm Mind|p2a: Drifblim\n|-boost|p2a: Drifblim|spa|1\n|-boost|p2a: Drifblim|spd|1\n|move|p1a: Archaludon|Thunderbolt|p2a: Drifblim\n|-supereffective|p2a: Drifblim\n|-damage|p2a: Drifblim|278/396\n|\n|upkeep\n|turn|39\n|\n|t:|1781382544\n|move|p2a: Drifblim|Calm Mind|p2a: Drifblim\n|-boost|p2a: Drifblim|spa|1\n|-boost|p2a: Drifblim|spd|1\n|move|p1a: Archaludon|Thunderbolt|p2a: Drifblim\n|-supereffective|p2a: Drifblim\n|-damage|p2a: Drifblim|182/396\n|-enditem|p2a: Drifblim|Sitrus Berry|[eat]\n|-heal|p2a: Drifblim|281/396|[from] item: Sitrus Berry\n|\n|upkeep\n|turn|40\n|\n|t:|1781382546\n|move|p2a: Drifblim|Calm Mind|p2a: Drifblim\n|-boost|p2a: Drifblim|spa|1\n|-boost|p2a: Drifblim|spd|1\n|move|p1a: Archaludon|Thunderbolt|p2a: Drifblim\n|-supereffective|p2a: Drifblim\n|-damage|p2a: Drifblim|197/396\n|\n|upkeep\n|turn|41\n|\n|t:|1781382557\n|move|p2a: Drifblim|Shadow Ball|p1a: Archaludon\n|-damage|p1a: Archaludon|64/268\n|-ability|p1a: Archaludon|Stamina|boost\n|-boost|p1a: Archaludon|def|1\n|move|p1a: Archaludon|Thunderbolt|p2a: Drifblim\n|-supereffective|p2a: Drifblim\n|-damage|p2a: Drifblim|115/396\n|-status|p2a: Drifblim|par\n|\n|upkeep\n|turn|42\n|\n|t:|1781382566\n|cant|p2a: Drifblim|par\n|move|p1a: Archaludon|Thunderbolt|p2a: Drifblim\n|-supereffective|p2a: Drifblim\n|-damage|p2a: Drifblim|43/396 par\n|\n|upkeep\n|turn|43\n|\n|t:|1781382568\n|move|p2a: Drifblim|Strength Sap|p1a: Archaludon\n|-unboost|p1a: Archaludon|atk|1\n|-heal|p2a: Drifblim|211/396 par\n|move|p1a: Archaludon|Thunderbolt|p2a: Drifblim\n|-supereffective|p2a: Drifblim\n|-damage|p2a: Drifblim|129/396 par\n|\n|upkeep\n|turn|44\n|\n|t:|1781382572\n|cant|p2a: Drifblim|par\n|move|p1a: Archaludon|Thunderbolt|p2a: Drifblim\n|-supereffective|p2a: Drifblim\n|-damage|p2a: Drifblim|55/396 par\n|\n|upkeep\n|turn|45\n|\n|t:|1781382574\n|cant|p2a: Drifblim|par\n|move|p1a: Archaludon|Thunderbolt|p2a: Drifblim\n|-supereffective|p2a: Drifblim\n|-damage|p2a: Drifblim|0 fnt\n|faint|p2a: Drifblim\n|\n|win|kytfvb2\n", "inputlog": ">version a8376a258c1d4662feba110a92103f3664a72141\n>start {\"formatid\":\"gen9randombattle\",\"seed\":\"sodium,2461386d798c16ce7317469100f1537d\",\"rated\":\"Rated battle\"}\n>player p1 {\"name\":\"kytfvb2\",\"avatar\":\"shadowtriad\",\"rating\":2011,\"seed\":\"sodium,dffd1ede91215d2dd0bf4ff89aa329e6\"}\n>player p2 {\"name\":\"DinoDan777\",\"avatar\":\"pokemaniac\",\"rating\":2061,\"seed\":\"sodium,bb24286220f6e73548145e12b15fa516\"}\n>chat \u2606DinoDan777|Good luck\n>chat \u2606kytfvb2|u2\n>p1 move gunkshot\n>p2 move scorchingsands\n>p1 switch 3\n>p2 switch 4\n>p1 switch 4\n>p2 move knockoff\n>p1 move icebeam\n>p2 switch 4\n>p1 switch 2\n>p2 move fireblast\n>p1 move scald\n>p2 switch 5\n>p1 move dragontail\n>p2 move thunderbolt\n>p1 move recover\n>p2 switch 6\n>p1 move icebeam\n>p2 move calmmind\n>p1 move icebeam\n>p2 move psyshock\n>p2 switch 3\n>p1 move recover terastallize\n>p2 move thunderbolt\n>p1 move scald\n>p2 move thunderbolt\n>p2 switch 5\n>p1 switch 3\n>p2 move fireblast\n>p1 move drainpunch\n>p2 switch 4\n>p1 switch 3\n>p2 move knockoff\n>p1 move recover\n>p2 switch 4\n>p1 move scald\n>p2 move fireblast\n>p2 switch 4\n>chat \u2606kytfvb2|unlucky accuracy\n>p1 move scald\n>p2 move thunderwave\n>p1 move scald\n>p2 move thunderwave\n>p1 switch 3\n>p2 move recover\n>p1 move knockoff\n>p2 move knockoff\n>p1 move gunkshot\n>p2 move thunderwave\n>p1 switch 3\n>p2 move recover\n>p1 move recover\n>p2 move knockoff\n>p1 switch 3\n>p2 move knockoff\n>p1 move gunkshot\n>p2 switch 6\n>p1 move drainpunch\n>p2 move earthquake\n>p1 switch 4\n>p1 move earthquake\n>p2 move partingshot\n>p2 switch 6\n>p1 switch 3\n>p2 move knockoff\n>p1 move scald\n>p2 move knockoff\n>p1 move recover\n>p2 switch 6\n>p1 switch 3\n>p2 move flareblitz\n>p1 move outrage\n>p2 switch 6\n>p1 move outrage\n>p2 move thunderwave\n>p2 switch 6\n>p1 move outrage\n>p2 move knockoff\n>p1 move outrage\n>p2 move knockoff\n>p1 switch 6\n>p1 move bodypress\n>p2 move earthquake\n>p2 switch 2\n>p1 move thunderbolt\n>p2 move calmmind\n>p1 move thunderbolt\n>p2 move calmmind\n>p1 move thunderbolt\n>p2 move calmmind\n>p1 move thunderbolt\n>p2 move shadowball\n>p1 move thunderbolt\n>p2 move strengthsap\n>p1 move thunderbolt\n>p2 move strengthsap\n>p1 move thunderbolt\n>p2 move shadowball\n>p1 move thunderbolt\n>p2 move shadowball", "uploadtime": 1781382123, "views": 13, "formatid": "gen9randombattle", "rating": null, "private": 0, "password": null}