{"id": "gen9randombattle-2631377697", "format": "[Gen 9] Random Battle", "players": ["BBUTTER", "cococem"], "log": "|j|\u2606BBUTTER\n|j|\u2606cococem\n|t:|1781377513\n|gametype|singles\n|player|p1|BBUTTER|blue|2045\n|player|p2|cococem|baker|2074\n|gen|9\n|tier|[Gen 9] Random Battle\n|rated|\n|rule|Species Clause: Limit one of each Pok\u00e9mon\n|rule|HP Percentage Mod: HP is shown in percentages\n|rule|Sleep Clause Mod: Limit one foe put to sleep\n|rule|Illusion Level Mod: Illusion disguises the Pok\u00e9mon's true level\n|\n|t:|1781377513\n|teamsize|p1|6\n|teamsize|p2|6\n|start\n|switch|p1a: Hitmonchan|Hitmonchan, L87, M|229/229\n|switch|p2a: Landorus|Landorus-Therian, L76, M|260/260\n|-ability|p2a: Landorus|Intimidate|boost\n|-unboost|p1a: Hitmonchan|atk|1\n|turn|1\n|inactive|Battle timer is ON: inactive players will automatically lose when time's up. (requested by BBUTTER)\n|\n|t:|1781377535\n|switch|p1a: Vivillon|Vivillon-Garden, L83, M|268/268\n|move|p2a: Landorus|Earthquake|p1a: Vivillon\n|-immune|p1a: Vivillon\n|\n|upkeep\n|turn|2\n|\n|t:|1781377540\n|move|p1a: Vivillon|Sleep Powder|p2a: Landorus\n|-status|p2a: Landorus|slp|[from] move: Sleep Powder\n|cant|p2a: Landorus|slp\n|\n|upkeep\n|turn|3\n|\n|t:|1781377547\n|switch|p1a: Ogerpon|Ogerpon, L80, F|259/259\n|cant|p2a: Landorus|slp\n|\n|upkeep\n|turn|4\n|\n|t:|1781377553\n|move|p1a: Ogerpon|Ivy Cudgel|p2a: Landorus\n|-damage|p2a: Landorus|140/260 slp\n|-curestatus|p2a: Landorus|slp|[msg]\n|move|p2a: Landorus|U-turn|p1a: Ogerpon\n|-supereffective|p1a: Ogerpon\n|-damage|p1a: Ogerpon|131/259\n|\n|t:|1781377560\n|switch|p2a: Porygon-Z|Porygon-Z, L83|277/277|[from] U-turn\n|\n|upkeep\n|turn|5\n|\n|t:|1781377562\n|move|p1a: Ogerpon|U-turn|p2a: Porygon-Z\n|-damage|p2a: Porygon-Z|207/277\n|\n|t:|1781377567\n|switch|p1a: Ampharos|Ampharos, L88, F|302/302|[from] U-turn\n|move|p2a: Porygon-Z|Agility|p2a: Porygon-Z\n|-boost|p2a: Porygon-Z|spe|2\n|\n|upkeep\n|turn|6\n|\n|t:|1781377574\n|move|p2a: Porygon-Z|Tera Blast|p1a: Ampharos\n|-damage|p1a: Ampharos|175/302\n|-damage|p2a: Porygon-Z|180/277|[from] item: Life Orb\n|move|p1a: Ampharos|Dazzling Gleam|p2a: Porygon-Z\n|-damage|p2a: Porygon-Z|105/277\n|\n|upkeep\n|turn|7\n|\n|t:|1781377577\n|switch|p2a: Landorus|Landorus-Therian, L76, M|140/260\n|-ability|p2a: Landorus|Intimidate|boost\n|-unboost|p1a: Ampharos|atk|1\n|move|p1a: Ampharos|Discharge|p2a: Landorus\n|-immune|p2a: Landorus\n|\n|-heal|p2a: Landorus|156/260|[from] item: Leftovers\n|upkeep\n|turn|8\n|\n|t:|1781377582\n|move|p2a: Landorus|Stone Edge|p1a: Ampharos\n|-damage|p1a: Ampharos|89/302\n|move|p1a: Ampharos|Volt Switch|p2a: Landorus\n|-immune|p2a: Landorus\n|\n|-heal|p2a: Landorus|172/260|[from] item: Leftovers\n|upkeep\n|turn|9\n|\n|t:|1781377584\n|move|p2a: Landorus|Stone Edge|p1a: Ampharos\n|-damage|p1a: Ampharos|14/302\n|move|p1a: Ampharos|Dazzling Gleam|p2a: Landorus\n|-damage|p2a: Landorus|82/260\n|\n|-heal|p2a: Landorus|98/260|[from] item: Leftovers\n|upkeep\n|turn|10\n|\n|t:|1781377586\n|move|p2a: Landorus|Stone Edge|p1a: Ampharos\n|-damage|p1a: Ampharos|0 fnt\n|faint|p1a: Ampharos\n|\n|-heal|p2a: Landorus|114/260|[from] item: Leftovers\n|upkeep\n|\n|t:|1781377588\n|switch|p1a: Ogerpon|Ogerpon, L80, F|131/259\n|turn|11\n|\n|t:|1781377592\n|switch|p2a: Porygon-Z|Porygon-Z, L83|105/277\n|move|p1a: Ogerpon|Ivy Cudgel|p2a: Porygon-Z\n|-damage|p2a: Porygon-Z|0 fnt\n|faint|p2a: Porygon-Z\n|\n|upkeep\n|\n|t:|1781377593\n|switch|p2a: Beartic|Beartic, L91, F|321/321\n|turn|12\n|\n|t:|1781377596\n|switch|p1a: Hitmonchan|Hitmonchan, L87, M|229/229\n|move|p2a: Beartic|Icicle Crash|p1a: Hitmonchan\n|-damage|p1a: Hitmonchan|85/229\n|\n|-heal|p1a: Hitmonchan|99/229|[from] item: Leftovers\n|upkeep\n|turn|13\n|\n|t:|1781377617\n|switch|p2a: Landorus|Landorus-Therian, L76, M|114/260\n|-ability|p2a: Landorus|Intimidate|boost\n|-unboost|p1a: Hitmonchan|atk|1\n|move|p1a: Hitmonchan|Drain Punch|p2a: Landorus\n|-resisted|p2a: Landorus\n|-damage|p2a: Landorus|76/260\n|-heal|p1a: Hitmonchan|118/229|[from] drain|[of] p2a: Landorus\n|\n|-heal|p1a: Hitmonchan|132/229|[from] item: Leftovers\n|-heal|p2a: Landorus|92/260|[from] item: Leftovers\n|upkeep\n|turn|14\n|\n|t:|1781377620\n|move|p1a: Hitmonchan|Knock Off|p2a: Landorus\n|-damage|p2a: Landorus|32/260\n|-enditem|p2a: Landorus|Leftovers|[from] move: Knock Off|[of] p1a: Hitmonchan\n|move|p2a: Landorus|U-turn|p1a: Hitmonchan\n|-resisted|p1a: Hitmonchan\n|-damage|p1a: Hitmonchan|101/229\n|\n|t:|1781377631\n|switch|p2a: Zangoose|Zangoose, L85, F|263/263|[from] U-turn\n|\n|-heal|p1a: Hitmonchan|115/229|[from] item: Leftovers\n|-status|p2a: Zangoose|tox|[from] item: Toxic Orb\n|upkeep\n|turn|15\n|\n|t:|1781377640\n|move|p2a: Zangoose|Facade|p1a: Hitmonchan\n|-damage|p1a: Hitmonchan|0 fnt\n|faint|p1a: Hitmonchan\n|\n|-damage|p2a: Zangoose|247/263 tox|[from] psn\n|upkeep\n|\n|t:|1781377645\n|switch|p1a: Iron Treads|Iron Treads, L77|265/265\n|turn|16\n|\n|t:|1781377655\n|switch|p2a: Landorus|Landorus-Therian, L76, M|32/260\n|-ability|p2a: Landorus|Intimidate|boost\n|-unboost|p1a: Iron Treads|atk|1\n|move|p1a: Iron Treads|Earthquake|p2a: Landorus\n|-immune|p2a: Landorus\n|\n|upkeep\n|turn|17\n|\n|t:|1781377657\n|switch|p2a: Sinistcha|Sinistcha-Masterpiece, L83|254/254\n|move|p1a: Iron Treads|Iron Head|p2a: Sinistcha\n|-crit|p2a: Sinistcha\n|-damage|p2a: Sinistcha|151/254\n|\n|-heal|p2a: Sinistcha|166/254|[from] item: Leftovers\n|upkeep\n|turn|18\n|\n|t:|1781377662\n|move|p1a: Iron Treads|Stealth Rock|p2a: Sinistcha\n|-sidestart|p2: cococem|move: Stealth Rock\n|move|p2a: Sinistcha|Shadow Ball|p1a: Iron Treads\n|-damage|p1a: Iron Treads|141/265\n|\n|-heal|p1a: Iron Treads|157/265|[from] item: Leftovers\n|-heal|p2a: Sinistcha|181/254|[from] item: Leftovers\n|upkeep\n|turn|19\n|\n|t:|1781377664\n|move|p1a: Iron Treads|Volt Switch|p2a: Sinistcha\n|-resisted|p2a: Sinistcha\n|-damage|p2a: Sinistcha|164/254\n|\n|t:|1781377666\n|-end|p1a: Iron Treads|Quark Drive|[silent]\n|switch|p1a: Vivillon|Vivillon-Garden, L83, M|268/268|[from] Volt Switch\n|move|p2a: Sinistcha|Shadow Ball|p1a: Vivillon\n|-damage|p1a: Vivillon|118/268\n|-unboost|p1a: Vivillon|spd|1\n|\n|-heal|p2a: Sinistcha|179/254|[from] item: Leftovers\n|upkeep\n|turn|20\n|\n|t:|1781377669\n|switch|p2a: Landorus|Landorus-Therian, L76, M|32/260\n|-damage|p2a: Landorus|0 fnt|[from] Stealth Rock\n|faint|p2a: Landorus\n|move|p1a: Vivillon|Hurricane|p2: Landorus|[notarget]\n|-fail|p1a: Vivillon\n|\n|upkeep\n|\n|t:|1781377670\n|switch|p2a: Zangoose|Zangoose, L85, F|247/263 tox\n|-damage|p2a: Zangoose|215/263 tox|[from] Stealth Rock\n|turn|21\n|\n|t:|1781377673\n|switch|p1a: Iron Treads|Iron Treads, L77|157/265\n|move|p2a: Zangoose|Knock Off|p1a: Iron Treads\n|-damage|p1a: Iron Treads|45/265\n|-enditem|p1a: Iron Treads|Leftovers|[from] move: Knock Off|[of] p2a: Zangoose\n|\n|-damage|p2a: Zangoose|199/263 tox|[from] psn\n|upkeep\n|turn|22\n|\n|t:|1781377686\n|move|p1a: Iron Treads|Earthquake|p2a: Zangoose\n|-damage|p2a: Zangoose|60/263 tox\n|move|p2a: Zangoose|Facade|p1a: Iron Treads\n|-resisted|p1a: Iron Treads\n|-damage|p1a: Iron Treads|0 fnt\n|faint|p1a: Iron Treads\n|-end|p1a: Iron Treads|Quark Drive|[silent]\n|\n|-damage|p2a: Zangoose|28/263 tox|[from] psn\n|upkeep\n|\n|t:|1781377691\n|switch|p1a: Ogerpon|Ogerpon, L80, F|131/259\n|turn|23\n|\n|t:|1781377699\n|move|p2a: Zangoose|Quick Attack|p1a: Ogerpon\n|-damage|p1a: Ogerpon|50/259\n|move|p1a: Ogerpon|U-turn|p2a: Zangoose\n|-damage|p2a: Zangoose|0 fnt\n|faint|p2a: Zangoose\n|\n|t:|1781377701\n|switch|p1a: Vivillon|Vivillon-Garden, L83, M|118/268|[from] U-turn\n|\n|upkeep\n|\n|t:|1781377706\n|switch|p2a: Beartic|Beartic, L91, F|321/321\n|turn|24\n|\n|t:|1781377709\n|move|p1a: Vivillon|Sleep Powder|p2a: Beartic\n|-status|p2a: Beartic|slp|[from] move: Sleep Powder\n|cant|p2a: Beartic|slp\n|\n|upkeep\n|turn|25\n|\n|t:|1781377714\n|move|p1a: Vivillon|Hurricane|p2a: Beartic\n|-damage|p2a: Beartic|221/321 slp\n|-curestatus|p2a: Beartic|slp|[msg]\n|move|p2a: Beartic|Icicle Crash|p1a: Vivillon\n|-supereffective|p1a: Vivillon\n|-damage|p1a: Vivillon|0 fnt\n|faint|p1a: Vivillon\n|\n|upkeep\n|\n|t:|1781377728\n|switch|p1a: Seviper|Seviper, L93, M|287/287\n|turn|26\n|\n|t:|1781377733\n|move|p1a: Seviper|Swords Dance|p1a: Seviper\n|-boost|p1a: Seviper|atk|2\n|move|p2a: Beartic|Icicle Crash|p1a: Seviper\n|-damage|p1a: Seviper|137/287\n|\n|-heal|p1a: Seviper|154/287|[from] item: Leftovers\n|upkeep\n|turn|27\n|\n|t:|1781377738\n|move|p1a: Seviper|Gunk Shot|p2a: Beartic\n|-damage|p2a: Beartic|0 fnt\n|faint|p2a: Beartic\n|\n|-heal|p1a: Seviper|171/287|[from] item: Leftovers\n|upkeep\n|\n|t:|1781377739\n|switch|p2a: Groudon|Groudon, L72|263/263\n|-damage|p2a: Groudon|247/263|[from] Stealth Rock\n|-weather|SunnyDay|[from] ability: Drought|[of] p2a: Groudon\n|turn|28\n|\n|t:|1781377750\n|move|p1a: Seviper|Earthquake|p2a: Groudon\n|-crit|p2a: Groudon\n|-damage|p2a: Groudon|16/263\n|move|p2a: Groudon|Thunder Wave|p1a: Seviper\n|-status|p1a: Seviper|par\n|\n|-weather|SunnyDay|[upkeep]\n|-heal|p2a: Groudon|32/263|[from] item: Leftovers\n|-heal|p1a: Seviper|188/287 par|[from] item: Leftovers\n|upkeep\n|turn|29\n|\n|t:|1781377754\n|move|p2a: Groudon|Precipice Blades|p1a: Seviper\n|-supereffective|p1a: Seviper\n|-damage|p1a: Seviper|0 fnt\n|faint|p1a: Seviper\n|\n|-weather|SunnyDay|[upkeep]\n|-heal|p2a: Groudon|48/263|[from] item: Leftovers\n|upkeep\n|\n|t:|1781377755\n|switch|p1a: Ogerpon|Ogerpon, L80, F|50/259\n|turn|30\n|\n|t:|1781377757\n|move|p1a: Ogerpon|Ivy Cudgel|p2a: Groudon\n|-supereffective|p2a: Groudon\n|-damage|p2a: Groudon|0 fnt\n|faint|p2a: Groudon\n|\n|-weather|SunnyDay|[upkeep]\n|upkeep\n|\n|t:|1781377759\n|switch|p2a: Sinistcha|Sinistcha-Masterpiece, L83|179/254\n|-damage|p2a: Sinistcha|148/254|[from] Stealth Rock\n|turn|31\n|\n|t:|1781377764\n|move|p1a: Ogerpon|Synthesis|p1a: Ogerpon\n|-heal|p1a: Ogerpon|223/259\n|move|p2a: Sinistcha|Shadow Ball|p1a: Ogerpon\n|-damage|p1a: Ogerpon|127/259\n|\n|-weather|SunnyDay|[upkeep]\n|-heal|p2a: Sinistcha|163/254|[from] item: Leftovers\n|upkeep\n|turn|32\n|\n|t:|1781377769\n|move|p1a: Ogerpon|Knock Off|p2a: Sinistcha\n|-supereffective|p2a: Sinistcha\n|-damage|p2a: Sinistcha|31/254\n|-enditem|p2a: Sinistcha|Leftovers|[from] move: Knock Off|[of] p1a: Ogerpon\n|move|p2a: Sinistcha|Calm Mind|p2a: Sinistcha\n|-boost|p2a: Sinistcha|spa|1\n|-boost|p2a: Sinistcha|spd|1\n|\n|-weather|none\n|upkeep\n|turn|33\n|\n|t:|1781377773\n|move|p1a: Ogerpon|Knock Off|p2a: Sinistcha\n|-supereffective|p2a: Sinistcha\n|-damage|p2a: Sinistcha|0 fnt\n|faint|p2a: Sinistcha\n|\n|win|BBUTTER\n", "inputlog": ">version a8376a258c1d4662feba110a92103f3664a72141\n>start {\"formatid\":\"gen9randombattle\",\"seed\":\"sodium,6b1f74f4bc4b8b1540ecc4f0b0286256\",\"rated\":\"Rated battle\"}\n>player p1 {\"name\":\"BBUTTER\",\"avatar\":\"blue\",\"rating\":2045,\"seed\":\"sodium,f4948ab9cb3c130706f31cf8ddbb4f61\"}\n>player p2 {\"name\":\"cococem\",\"avatar\":\"baker\",\"rating\":2074,\"seed\":\"sodium,7f0726bd3ce794be6aa47ca854c718b6\"}\n>p1 switch 6\n>p2 move earthquake\n>p1 move sleeppowder\n>p2 move stoneedge\n>p1 switch 5\n>p2 move stoneedge\n>p1 move ivycudgel\n>p2 move uturn\n>p2 switch 5\n>p1 move uturn\n>p2 move agility\n>p1 switch 3\n>p1 move dazzlinggleam\n>p2 move terablast\n>p1 move discharge\n>p2 switch 5\n>p1 move voltswitch\n>p2 move stoneedge\n>p1 move dazzlinggleam\n>p2 move stoneedge\n>p1 move dazzlinggleam\n>p2 move stoneedge\n>p1 switch 3\n>p1 move ivycudgel\n>p2 switch 5\n>p2 switch 6\n>p1 switch 6\n>p2 move iciclecrash\n>p1 move drainpunch\n>p2 switch 5\n>p1 move knockoff\n>p2 move uturn\n>p2 switch 2\n>p1 move drainpunch\n>p2 move facade\n>p1 switch 2\n>p1 move earthquake\n>p2 switch 2\n>p1 move ironhead\n>p2 switch 3\n>p1 move stealthrock\n>p2 move shadowball\n>p1 move voltswitch\n>p2 move shadowball\n>p1 switch 5\n>p1 move hurricane\n>p2 switch 3\n>p2 switch 2\n>p1 switch 5\n>p2 move knockoff\n>p1 move earthquake\n>p2 move facade\n>p1 switch 6\n>p1 move uturn\n>p2 move quickattack\n>p1 switch 5\n>p2 switch 5\n>p1 move sleeppowder\n>p2 move iciclecrash\n>p1 move hurricane\n>p2 move iciclecrash\n>p1 switch 4\n>p1 move swordsdance\n>p2 move iciclecrash\n>p1 move gunkshot\n>p2 move iciclecrash\n>p2 switch 4\n>p1 move earthquake\n>p2 move thunderwave\n>p1 move earthquake\n>p2 move precipiceblades\n>p1 switch 5\n>p1 move ivycudgel\n>p2 move precipiceblades\n>p2 switch 3\n>p1 move synthesis\n>p2 move shadowball\n>p1 move knockoff\n>p2 move calmmind\n>p1 move knockoff\n>p2 move shadowball", "uploadtime": 1781377516, "views": 8, "formatid": "gen9randombattle", "rating": null, "private": 0, "password": null}