{"id": "gen9randombattle-2631602157", "format": "[Gen 9] Random Battle", "players": ["peypey818", "Um_Banana"], "log": "|j|\u2606peypey818\n|j|\u2606Um_Banana\n|t:|1781407220\n|gametype|singles\n|player|p1|peypey818|acetrainersnow|1369\n|player|p2|Um_Banana|265|1332\n|gen|9\n|tier|[Gen 9] Random Battle\n|rated|\n|rule|Species Clause: Limit one of each Pok\u00e9mon\n|rule|HP Percentage Mod: HP is shown in percentages\n|rule|Sleep Clause Mod: Limit one foe put to sleep\n|rule|Illusion Level Mod: Illusion disguises the Pok\u00e9mon's true level\n|\n|t:|1781407220\n|teamsize|p1|6\n|teamsize|p2|6\n|start\n|switch|p1a: Sawsbuck|Sawsbuck, L88, M|284/284\n|switch|p2a: Leafeon|Leafeon, L88, M|258/258\n|turn|1\n|inactive|Battle timer is ON: inactive players will automatically lose when time's up. (requested by Um_Banana)\n|\n|t:|1781407237\n|move|p1a: Sawsbuck|Swords Dance|p1a: Sawsbuck\n|-boost|p1a: Sawsbuck|atk|2\n|move|p2a: Leafeon|Swords Dance|p2a: Leafeon\n|-boost|p2a: Leafeon|atk|2\n|\n|upkeep\n|turn|2\n|\n|t:|1781407244\n|move|p1a: Sawsbuck|Double-Edge|p2a: Leafeon\n|-damage|p2a: Leafeon|0 fnt\n|faint|p2a: Leafeon\n|-damage|p1a: Sawsbuck|199/284|[from] Recoil\n|-damage|p1a: Sawsbuck|171/284|[from] item: Life Orb\n|\n|upkeep\n|\n|t:|1781407257\n|switch|p2a: Meowstic|Meowstic-F, L89, F|277/277\n|turn|3\n|\n|t:|1781407263\n|move|p2a: Meowstic|Psychic|p1a: Sawsbuck\n|-damage|p1a: Sawsbuck|41/284\n|-damage|p2a: Meowstic|250/277|[from] item: Life Orb\n|move|p1a: Sawsbuck|Horn Leech|p2a: Meowstic\n|-damage|p2a: Meowstic|11/277\n|-heal|p1a: Sawsbuck|161/284|[from] drain|[of] p2a: Meowstic\n|-damage|p1a: Sawsbuck|133/284|[from] item: Life Orb\n|\n|upkeep\n|turn|4\n|\n|t:|1781407273\n|move|p2a: Meowstic|Psychic|p1a: Sawsbuck\n|-crit|p1a: Sawsbuck\n|-damage|p1a: Sawsbuck|0 fnt\n|faint|p1a: Sawsbuck\n|-damage|p2a: Meowstic|0 fnt|[from] item: Life Orb\n|faint|p2a: Meowstic\n|\n|upkeep\n|\n|t:|1781407296\n|switch|p2a: Toxtricity|Toxtricity, L82, F|257/257\n|switch|p1a: Rotom|Rotom-Heat, L83|219/219\n|turn|5\n|\n|t:|1781407309\n|switch|p1a: Zebstrika|Zebstrika, L87, M|272/272\n|move|p2a: Toxtricity|Boomburst|p1a: Zebstrika\n|-damage|p1a: Zebstrika|3/272\n|\n|upkeep\n|turn|6\n|\n|t:|1781407323\n|move|p1a: Zebstrika|High Horsepower|p2a: Toxtricity\n|-supereffective|p2a: Toxtricity\n|-damage|p2a: Toxtricity|0 fnt\n|faint|p2a: Toxtricity\n|-damage|p1a: Zebstrika|0 fnt|[from] item: Life Orb\n|faint|p1a: Zebstrika\n|\n|upkeep\n|\n|t:|1781407331\n|switch|p1a: Rotom|Rotom-Heat, L83|219/219\n|switch|p2a: Hitmonchan|Hitmonchan, L87, M|229/229\n|turn|7\n|\n|t:|1781407336\n|move|p1a: Rotom|Nasty Plot|p1a: Rotom\n|-boost|p1a: Rotom|spa|2\n|move|p2a: Hitmonchan|Swords Dance|p2a: Hitmonchan\n|-boost|p2a: Hitmonchan|atk|2\n|\n|upkeep\n|turn|8\n|\n|t:|1781407343\n|move|p1a: Rotom|Thunderbolt|p2a: Hitmonchan\n|-damage|p2a: Hitmonchan|58/229\n|move|p2a: Hitmonchan|Rapid Spin|p1a: Rotom\n|-damage|p1a: Rotom|144/219\n|-boost|p2a: Hitmonchan|spe|1\n|\n|-heal|p2a: Hitmonchan|72/229|[from] item: Leftovers\n|upkeep\n|turn|9\n|\n|t:|1781407365\n|move|p2a: Hitmonchan|Knock Off|p1a: Rotom\n|-damage|p1a: Rotom|10/219\n|-enditem|p1a: Rotom|Heavy-Duty Boots|[from] move: Knock Off|[of] p2a: Hitmonchan\n|move|p1a: Rotom|Thunderbolt|p2a: Hitmonchan\n|-damage|p2a: Hitmonchan|0 fnt\n|faint|p2a: Hitmonchan\n|\n|upkeep\n|\n|t:|1781407372\n|switch|p2a: Mewtwo|Mewtwo, L72|272/272\n|-ability|p2a: Mewtwo|Unnerve\n|turn|10\n|\n|t:|1781407380\n|move|p2a: Mewtwo|Psystrike|p1a: Rotom\n|-damage|p1a: Rotom|0 fnt\n|faint|p1a: Rotom\n|-damage|p2a: Mewtwo|245/272|[from] item: Life Orb\n|\n|upkeep\n|\n|t:|1781407387\n|switch|p1a: Muk|Muk-Alola, L82, M, shiny|306/306\n|turn|11\n|\n|t:|1781407394\n|switch|p2a: Dragalge|Dragalge, L88, M|258/258\n|move|p1a: Muk|Knock Off|p2a: Dragalge\n|-damage|p2a: Dragalge|168/258\n|-enditem|p2a: Dragalge|Leftovers|[from] move: Knock Off|[of] p1a: Muk\n|\n|upkeep\n|turn|12\n|\n|t:|1781407417\n|move|p1a: Muk|Knock Off|p2a: Dragalge\n|-damage|p2a: Dragalge|101/258\n|move|p2a: Dragalge|Draco Meteor|p1a: Muk\n|-damage|p1a: Muk|182/306\n|-unboost|p2a: Dragalge|spa|2\n|\n|upkeep\n|turn|13\n|\n|t:|1781407426\n|move|p1a: Muk|Knock Off|p2a: Dragalge\n|-damage|p2a: Dragalge|41/258\n|move|p2a: Dragalge|Draco Meteor|p1a: Muk|[miss]\n|-miss|p2a: Dragalge|p1a: Muk\n|\n|upkeep\n|turn|14\n|\n|t:|1781407431\n|move|p1a: Muk|Knock Off|p2a: Dragalge\n|-damage|p2a: Dragalge|0 fnt\n|faint|p2a: Dragalge\n|\n|upkeep\n|\n|t:|1781407434\n|switch|p2a: Mewtwo|Mewtwo, L72|245/272\n|-ability|p2a: Mewtwo|Unnerve\n|turn|15\n|\n|t:|1781407439\n|move|p2a: Mewtwo|Fire Blast|p1a: Muk\n|-damage|p1a: Muk|113/306\n|-damage|p2a: Mewtwo|218/272|[from] item: Life Orb\n|move|p1a: Muk|Knock Off|p2a: Mewtwo\n|-supereffective|p2a: Mewtwo\n|-damage|p2a: Mewtwo|0 fnt\n|-enditem|p2a: Mewtwo|Life Orb|[from] move: Knock Off|[of] p1a: Muk\n|faint|p2a: Mewtwo\n|\n|win|peypey818\n|raw|peypey818's rating: 1369 &rarr; <strong>1387</strong><br />(+18 for winning)\n|raw|Um_Banana's rating: 1332 &rarr; <strong>1314</strong><br />(-18 for losing)\n|l|\u2606Um_Banana\n|player|p2|\n", "uploadtime": 1781407447, "views": 3, "formatid": "gen9randombattle", "rating": 1314, "private": 0, "password": null}