{"id": "gen9randombattle-2631800401", "format": "[Gen 9] Random Battle", "players": ["Grabbb", "jao mile"], "log": "|badge|p1|bronze|gen9nu|100-9\n|uhtml|medal-msg|<div class=\"broadcast-blue\">Curious what those medals under the avatar are? PS now has Ladder Seasons! For more information, check out the <a href=\"https://www.smogon.com/forums/threads/3740067/\">thread on Smogon.</a></div>\n|j|\u2606Grabbb\n|j|\u2606jao mile\n|t:|1781441551\n|gametype|singles\n|player|p1|Grabbb|1|1948\n|player|p2|jao mile|266|1906\n|gen|9\n|tier|[Gen 9] Random Battle\n|rated|\n|rule|Species Clause: Limit one of each Pok\u00e9mon\n|rule|HP Percentage Mod: HP is shown in percentages\n|rule|Sleep Clause Mod: Limit one foe put to sleep\n|rule|Illusion Level Mod: Illusion disguises the Pok\u00e9mon's true level\n|\n|t:|1781441551\n|teamsize|p1|6\n|teamsize|p2|6\n|start\n|switch|p1a: Forretress|Forretress, L84, M|263/263\n|switch|p2a: Furret|Furret, L94, M|312/312\n|-item|p1a: Forretress|Leftovers|[from] ability: Frisk|[of] p2a: Furret\n|turn|1\n|inactive|Battle timer is ON: inactive players will automatically lose when time's up. (requested by Grabbb)\n|\n|t:|1781441561\n|move|p2a: Furret|U-turn|p1a: Forretress\n|-resisted|p1a: Forretress\n|-damage|p1a: Forretress|239/263\n|\n|t:|1781441564\n|switch|p2a: Volcanion|Volcanion, L79|255/255|[from] U-turn\n|move|p1a: Forretress|Stealth Rock|p2a: Volcanion\n|-sidestart|p2: jao mile|move: Stealth Rock\n|\n|-heal|p1a: Forretress|255/263|[from] item: Leftovers\n|upkeep\n|turn|2\n|inactive|Grabbb has 120 seconds left.\n|\n|t:|1781441595\n|switch|p1a: Regirock|Regirock, L83|268/268\n|move|p2a: Volcanion|Flame Charge|p1a: Regirock\n|-resisted|p1a: Regirock\n|-damage|p1a: Regirock|255/268\n|-boost|p2a: Volcanion|spe|1\n|\n|upkeep\n|turn|3\n|\n|t:|1781441605\n|switch|p1a: Electrode|Electrode-Hisui, L87|246/246\n|move|p2a: Volcanion|Steam Eruption|p1a: Electrode\n|-resisted|p1a: Electrode\n|-damage|p1a: Electrode|174/246\n|\n|-heal|p1a: Electrode|189/246|[from] item: Leftovers\n|upkeep\n|turn|4\n|\n|t:|1781441616\n|move|p1a: Electrode|Thunderbolt|p2a: Volcanion\n|-supereffective|p2a: Volcanion\n|-damage|p2a: Volcanion|127/255\n|move|p2a: Volcanion|Flame Charge|p1a: Electrode\n|-supereffective|p1a: Electrode\n|-damage|p1a: Electrode|57/246\n|-boost|p2a: Volcanion|spe|1\n|\n|-heal|p1a: Electrode|72/246|[from] item: Leftovers\n|upkeep\n|turn|5\n|\n|t:|1781441626\n|move|p2a: Volcanion|Flamethrower|p1a: Electrode\n|-supereffective|p1a: Electrode\n|-damage|p1a: Electrode|0 fnt\n|faint|p1a: Electrode\n|\n|upkeep\n|\n|t:|1781441634\n|switch|p1a: Necrozma|Necrozma, L80|286/286\n|turn|6\n|\n|t:|1781441636\n|move|p2a: Volcanion|Steam Eruption|p1a: Necrozma\n|-damage|p1a: Necrozma|147/286\n|-status|p1a: Necrozma|brn\n|move|p1a: Necrozma|Calm Mind|p1a: Necrozma\n|-boost|p1a: Necrozma|spa|1\n|-boost|p1a: Necrozma|spd|1\n|\n|-heal|p1a: Necrozma|164/286 brn|[from] item: Leftovers\n|-damage|p1a: Necrozma|147/286 brn|[from] brn\n|upkeep\n|turn|7\n|\n|t:|1781441644\n|move|p2a: Volcanion|Flamethrower|p1a: Necrozma\n|-damage|p1a: Necrozma|71/286 brn\n|move|p1a: Necrozma|Moonlight|p1a: Necrozma\n|-heal|p1a: Necrozma|214/286 brn\n|\n|-heal|p1a: Necrozma|231/286 brn|[from] item: Leftovers\n|-damage|p1a: Necrozma|214/286 brn|[from] brn\n|upkeep\n|turn|8\n|\n|t:|1781441653\n|move|p2a: Volcanion|Steam Eruption|p1a: Necrozma\n|-damage|p1a: Necrozma|127/286 brn\n|move|p1a: Necrozma|Calm Mind|p1a: Necrozma\n|-boost|p1a: Necrozma|spa|1\n|-boost|p1a: Necrozma|spd|1\n|\n|-heal|p1a: Necrozma|144/286 brn|[from] item: Leftovers\n|-damage|p1a: Necrozma|127/286 brn|[from] brn\n|upkeep\n|turn|9\n|\n|t:|1781441657\n|switch|p2a: Furret|Furret, L94, M|312/312\n|-damage|p2a: Furret|273/312|[from] Stealth Rock\n|-item|p1a: Necrozma|Leftovers|[from] ability: Frisk|[of] p2a: Furret\n|move|p1a: Necrozma|Moonlight|p1a: Necrozma\n|-heal|p1a: Necrozma|270/286 brn\n|\n|-heal|p1a: Necrozma|286/286 brn|[from] item: Leftovers\n|-damage|p1a: Necrozma|269/286 brn|[from] brn\n|upkeep\n|turn|10\n|\n|t:|1781441666\n|move|p2a: Furret|Knock Off|p1a: Necrozma\n|-supereffective|p1a: Necrozma\n|-damage|p1a: Necrozma|124/286 brn\n|-enditem|p1a: Necrozma|Leftovers|[from] move: Knock Off|[of] p2a: Furret\n|move|p1a: Necrozma|Photon Geyser|p2a: Furret\n|-damage|p2a: Furret|0 fnt\n|faint|p2a: Furret\n|\n|-damage|p1a: Necrozma|107/286 brn|[from] brn\n|upkeep\n|\n|t:|1781441676\n|switch|p2a: Dragapult|Dragapult, L77, M|262/262\n|turn|11\n|inactive|Grabbb has 120 seconds left.\n|\n|t:|1781441714\n|switch|p1a: Alomomola|Alomomola, L87, F|429/429\n|move|p2a: Dragapult|U-turn|p1a: Alomomola\n|-damage|p1a: Alomomola|381/429\n|\n|t:|1781441717\n|switch|p2a: Sceptile|Sceptile, L87, F|264/264|[from] U-turn\n|-damage|p2a: Sceptile|231/264|[from] Stealth Rock\n|\n|-heal|p2a: Sceptile|247/264|[from] item: Leftovers\n|-heal|p1a: Alomomola|407/429|[from] item: Leftovers\n|upkeep\n|turn|12\n|inactive|Grabbb has 120 seconds left.\n|\n|t:|1781441733\n|move|p2a: Sceptile|Substitute|p2a: Sceptile\n|-start|p2a: Sceptile|Substitute\n|-damage|p2a: Sceptile|181/264\n|move|p1a: Alomomola|Wish|p1a: Alomomola\n|\n|-heal|p2a: Sceptile|197/264|[from] item: Leftovers\n|-heal|p1a: Alomomola|429/429|[from] item: Leftovers\n|upkeep\n|turn|13\n|inactive|Grabbb has 120 seconds left.\n|\n|t:|1781441746\n|move|p2a: Sceptile|Focus Blast|p1a: Alomomola\n|-damage|p1a: Alomomola|276/429\n|move|p1a: Alomomola|Flip Turn|p2a: Sceptile\n|-resisted|p2a: Sceptile\n|-activate|p2a: Sceptile|move: Substitute|[damage]\n|\n|t:|1781441769\n|switch|p1a: Necrozma|Necrozma, L80|107/286 brn|[from] Flip Turn\n|\n|-heal|p1a: Necrozma|286/286 brn|[from] move: Wish|[wisher] Alomomola\n|-heal|p2a: Sceptile|213/264|[from] item: Leftovers\n|-damage|p1a: Necrozma|269/286 brn|[from] brn\n|upkeep\n|turn|14\n|\n|t:|1781441773\n|move|p2a: Sceptile|Leech Seed|p1a: Necrozma\n|-start|p1a: Necrozma|move: Leech Seed\n|move|p1a: Necrozma|Calm Mind|p1a: Necrozma\n|-boost|p1a: Necrozma|spa|1\n|-boost|p1a: Necrozma|spd|1\n|\n|-heal|p2a: Sceptile|229/264|[from] item: Leftovers\n|-damage|p1a: Necrozma|234/286 brn|[from] Leech Seed|[of] p2a: Sceptile\n|-heal|p2a: Sceptile|264/264|[silent]\n|-damage|p1a: Necrozma|217/286 brn|[from] brn\n|upkeep\n|turn|15\n|\n|t:|1781441778\n|move|p2a: Sceptile|Giga Drain|p1a: Necrozma\n|-damage|p1a: Necrozma|150/286 brn\n|move|p1a: Necrozma|Heat Wave|p2a: Sceptile\n|-supereffective|p2a: Sceptile\n|-end|p2a: Sceptile|Substitute\n|\n|-damage|p1a: Necrozma|115/286 brn|[from] Leech Seed|[of] p2a: Sceptile\n|-damage|p1a: Necrozma|98/286 brn|[from] brn\n|upkeep\n|turn|16\n|\n|t:|1781441787\n|switch|p2a: Dragapult|Dragapult, L77, M|262/262\n|move|p1a: Necrozma|Heat Wave|p2a: Dragapult\n|-resisted|p2a: Dragapult\n|-damage|p2a: Dragapult|196/262\n|\n|-damage|p1a: Necrozma|63/286 brn|[from] Leech Seed|[of] p2a: Dragapult\n|-heal|p2a: Dragapult|231/262|[silent]\n|-damage|p1a: Necrozma|46/286 brn|[from] brn\n|upkeep\n|turn|17\n|\n|t:|1781441793\n|move|p2a: Dragapult|Hex|p1a: Necrozma\n|-supereffective|p1a: Necrozma\n|-damage|p1a: Necrozma|0 fnt\n|faint|p1a: Necrozma\n|\n|upkeep\n|\n|t:|1781441806\n|switch|p1a: Gholdengo|Gholdengo, L77|261/261\n|turn|18\n|\n|t:|1781441810\n|move|p2a: Dragapult|U-turn|p1a: Gholdengo\n|-resisted|p1a: Gholdengo\n|-damage|p1a: Gholdengo|250/261\n|\n|t:|1781441814\n|switch|p2a: Ursaluna|Ursaluna, L79, F|335/335|[from] U-turn\n|-damage|p2a: Ursaluna|315/335|[from] Stealth Rock\n|move|p1a: Gholdengo|Shadow Ball|p2a: Ursaluna\n|-immune|p2a: Ursaluna\n|\n|-heal|p1a: Gholdengo|261/261|[from] item: Leftovers\n|-status|p2a: Ursaluna|brn|[from] item: Flame Orb\n|upkeep\n|turn|19\n|\n|t:|1781441825\n|switch|p1a: Forretress|Forretress, L84, M|255/263\n|move|p2a: Ursaluna|Trailblaze|p1a: Forretress\n|-resisted|p1a: Forretress\n|-damage|p1a: Forretress|244/263\n|-boost|p2a: Ursaluna|spe|1\n|\n|-heal|p1a: Forretress|260/263|[from] item: Leftovers\n|-damage|p2a: Ursaluna|295/335 brn|[from] brn\n|upkeep\n|turn|20\n|\n|t:|1781441834\n|move|p2a: Ursaluna|Facade|p1a: Forretress\n|-resisted|p1a: Forretress\n|-damage|p1a: Forretress|167/263\n|move|p1a: Forretress|Body Press|p2a: Ursaluna\n|-supereffective|p2a: Ursaluna\n|-damage|p2a: Ursaluna|149/335 brn\n|\n|-heal|p1a: Forretress|183/263|[from] item: Leftovers\n|-damage|p2a: Ursaluna|129/335 brn|[from] brn\n|upkeep\n|turn|21\n|\n|t:|1781441840\n|move|p2a: Ursaluna|Headlong Rush|p1a: Forretress\n|-damage|p1a: Forretress|21/263\n|-unboost|p2a: Ursaluna|def|1\n|-unboost|p2a: Ursaluna|spd|1\n|move|p1a: Forretress|Body Press|p2a: Ursaluna\n|-supereffective|p2a: Ursaluna\n|-damage|p2a: Ursaluna|0 fnt\n|faint|p2a: Ursaluna\n|\n|-heal|p1a: Forretress|37/263|[from] item: Leftovers\n|upkeep\n|\n|t:|1781441844\n|switch|p2a: Volcanion|Volcanion, L79|127/255\n|-damage|p2a: Volcanion|64/255|[from] Stealth Rock\n|turn|22\n|\n|t:|1781441867\n|move|p2a: Volcanion|Flame Charge|p1a: Forretress\n|-supereffective|p1a: Forretress\n|-damage|p1a: Forretress|0 fnt\n|-boost|p2a: Volcanion|spe|1\n|faint|p1a: Forretress\n|\n|upkeep\n|\n|t:|1781441873\n|switch|p1a: Regirock|Regirock, L83|255/268\n|turn|23\n|\n|t:|1781441879\n|-terastallize|p1a: Regirock|Fighting\n|move|p2a: Volcanion|Steam Eruption|p1a: Regirock\n|-damage|p1a: Regirock|134/268\n|move|p1a: Regirock|Body Press|p2a: Volcanion\n|-damage|p2a: Volcanion|0 fnt\n|faint|p2a: Volcanion\n|\n|upkeep\n|\n|t:|1781441886\n|switch|p2a: Sceptile|Sceptile, L87, F|264/264\n|-damage|p2a: Sceptile|231/264|[from] Stealth Rock\n|turn|24\n|\n|t:|1781441893\n|move|p2a: Sceptile|Leech Seed|p1a: Regirock\n|-start|p1a: Regirock|move: Leech Seed\n|move|p1a: Regirock|Body Press|p2a: Sceptile\n|-damage|p2a: Sceptile|56/264\n|\n|-heal|p2a: Sceptile|72/264|[from] item: Leftovers\n|-damage|p1a: Regirock|101/268|[from] Leech Seed|[of] p2a: Sceptile\n|-heal|p2a: Sceptile|105/264|[silent]\n|upkeep\n|turn|25\n|\n|t:|1781441896\n|move|p2a: Sceptile|Giga Drain|p1a: Regirock\n|-damage|p1a: Regirock|25/268\n|-heal|p2a: Sceptile|143/264|[from] drain|[of] p1a: Regirock\n|move|p1a: Regirock|Body Press|p2a: Sceptile\n|-damage|p2a: Sceptile|0 fnt\n|faint|p2a: Sceptile\n|\n|upkeep\n|\n|t:|1781441899\n|switch|p2a: Dragapult|Dragapult, L77, M|231/262\n|turn|26\n|\n|t:|1781441902\n|move|p2a: Dragapult|Hex|p1a: Regirock\n|-damage|p1a: Regirock|0 fnt\n|faint|p1a: Regirock\n|\n|upkeep\n|\n|t:|1781441911\n|switch|p1a: Gholdengo|Gholdengo, L77|261/261\n|turn|27\n|\n|t:|1781441914\n|move|p2a: Dragapult|Hex|p1a: Gholdengo\n|-supereffective|p1a: Gholdengo\n|-damage|p1a: Gholdengo|129/261\n|move|p1a: Gholdengo|Shadow Ball|p2a: Dragapult\n|-supereffective|p2a: Dragapult\n|-damage|p2a: Dragapult|25/262\n|\n|-heal|p1a: Gholdengo|145/261|[from] item: Leftovers\n|upkeep\n|turn|28\n|\n|t:|1781441918\n|move|p2a: Dragapult|Hex|p1a: Gholdengo\n|-supereffective|p1a: Gholdengo\n|-damage|p1a: Gholdengo|11/261\n|move|p1a: Gholdengo|Shadow Ball|p2a: Dragapult\n|-supereffective|p2a: Dragapult\n|-damage|p2a: Dragapult|0 fnt\n|faint|p2a: Dragapult\n|\n|-heal|p1a: Gholdengo|27/261|[from] item: Leftovers\n|upkeep\n|\n|t:|1781441924\n|switch|p2a: Glalie|Glalie, L96, F|309/309\n|turn|29\n|\n|t:|1781441929\n|move|p2a: Glalie|Earthquake|p1a: Gholdengo\n|-supereffective|p1a: Gholdengo\n|-damage|p1a: Gholdengo|0 fnt\n|faint|p1a: Gholdengo\n|\n|upkeep\n|\n|t:|1781441932\n|switch|p1a: Alomomola|Alomomola, L87, F|419/429\n|turn|30\n|\n|t:|1781441937\n|move|p2a: Glalie|Taunt|p1a: Alomomola\n|-start|p1a: Alomomola|move: Taunt\n|move|p1a: Alomomola|Scald|p2a: Glalie\n|-damage|p2a: Glalie|263/309\n|-status|p2a: Glalie|brn\n|\n|-heal|p1a: Alomomola|429/429|[from] item: Leftovers\n|-damage|p2a: Glalie|244/309 brn|[from] brn\n|upkeep\n|turn|31\n|\n|t:|1781441942\n|move|p2a: Glalie|Freeze-Dry|p1a: Alomomola\n|-supereffective|p1a: Alomomola\n|-damage|p1a: Alomomola|157/429\n|move|p1a: Alomomola|Scald|p2a: Glalie\n|-damage|p2a: Glalie|201/309 brn\n|\n|-heal|p1a: Alomomola|183/429|[from] item: Leftovers\n|-damage|p2a: Glalie|182/309 brn|[from] brn\n|upkeep\n|turn|32\n|\n|t:|1781441945\n|move|p2a: Glalie|Freeze-Dry|p1a: Alomomola\n|-supereffective|p1a: Alomomola\n|-damage|p1a: Alomomola|0 fnt\n|faint|p1a: Alomomola\n|\n|win|jao mile\n", "uploadtime": 1781441554, "views": 6, "formatid": "gen9randombattle", "rating": null, "private": 0, "password": null}