{"id": "gen9randombattle-2631474677", "format": "[Gen 9] Random Battle", "players": ["Estrace", "SteelixPrismGX"], "log": "|j|\u2606Estrace\n|j|\u2606SteelixPrismGX\n|t:|1781389400\n|gametype|singles\n|player|p1|Estrace|clair|1973\n|player|p2|SteelixPrismGX|siebold|2027\n|gen|9\n|tier|[Gen 9] Random Battle\n|rated|\n|rule|Species Clause: Limit one of each Pok\u00e9mon\n|rule|HP Percentage Mod: HP is shown in percentages\n|rule|Sleep Clause Mod: Limit one foe put to sleep\n|rule|Illusion Level Mod: Illusion disguises the Pok\u00e9mon's true level\n|\n|t:|1781389400\n|teamsize|p1|6\n|teamsize|p2|6\n|start\n|switch|p1a: Rotom|Rotom-Heat, L83|219/219\n|switch|p2a: Infernape|Infernape, L82, M|259/259\n|turn|1\n|inactive|Battle timer is ON: inactive players will automatically lose when time's up. (requested by Estrace)\n|\n|t:|1781389420\n|switch|p1a: Granbull|Granbull, L88, M|302/302\n|-ability|p1a: Granbull|Intimidate|boost\n|-unboost|p2a: Infernape|atk|1\n|move|p2a: Infernape|Knock Off|p1a: Granbull\n|-resisted|p1a: Granbull\n|-damage|p1a: Granbull|263/302\n|-enditem|p1a: Granbull|Leftovers|[from] move: Knock Off|[of] p2a: Infernape\n|\n|upkeep\n|turn|2\n|\n|t:|1781389431\n|switch|p2a: Rhyperior|Rhyperior, L82, F|323/323\n|move|p1a: Granbull|Thunder Wave|p2a: Rhyperior\n|-immune|p2a: Rhyperior\n|\n|upkeep\n|turn|3\n|\n|t:|1781389442\n|switch|p1a: Groudon|Groudon, L72|263/263\n|-weather|SunnyDay|[from] ability: Drought|[of] p1a: Groudon\n|move|p2a: Rhyperior|Rock Polish|p2a: Rhyperior\n|-boost|p2a: Rhyperior|spe|2\n|\n|-weather|SunnyDay|[upkeep]\n|upkeep\n|turn|4\n|\n|t:|1781389452\n|move|p2a: Rhyperior|Megahorn|p1a: Groudon\n|-damage|p1a: Groudon|184/263\n|move|p1a: Groudon|Spikes|p2a: Rhyperior\n|-sidestart|p2: SteelixPrismGX|Spikes\n|\n|-weather|SunnyDay|[upkeep]\n|-heal|p1a: Groudon|200/263|[from] item: Leftovers\n|upkeep\n|turn|5\n|\n|t:|1781389463\n|move|p2a: Rhyperior|Earthquake|p1a: Groudon\n|-damage|p1a: Groudon|94/263\n|move|p1a: Groudon|Spikes|p2a: Rhyperior\n|-sidestart|p2: SteelixPrismGX|Spikes\n|\n|-weather|SunnyDay|[upkeep]\n|-heal|p1a: Groudon|110/263|[from] item: Leftovers\n|upkeep\n|turn|6\n|\n|t:|1781389467\n|switch|p1a: Granbull|Granbull, L88, M|263/302\n|-ability|p1a: Granbull|Intimidate|boost\n|-unboost|p2a: Rhyperior|atk|1\n|move|p2a: Rhyperior|Earthquake|p1a: Granbull\n|-damage|p1a: Granbull|169/302\n|\n|-weather|SunnyDay|[upkeep]\n|upkeep\n|turn|7\n|\n|t:|1781389476\n|switch|p1a: Groudon|Groudon, L72|110/263\n|move|p2a: Rhyperior|Stone Edge|p1a: Groudon\n|-resisted|p1a: Groudon\n|-crit|p1a: Groudon\n|-damage|p1a: Groudon|22/263\n|\n|-weather|none\n|-heal|p1a: Groudon|38/263|[from] item: Leftovers\n|upkeep\n|turn|8\n|\n|t:|1781389484\n|switch|p1a: Granbull|Granbull, L88, M|169/302\n|-ability|p1a: Granbull|Intimidate|boost\n|-unboost|p2a: Rhyperior|atk|1\n|move|p2a: Rhyperior|Earthquake|p1a: Granbull\n|-damage|p1a: Granbull|102/302\n|\n|upkeep\n|turn|9\n|\n|t:|1781389492\n|move|p2a: Rhyperior|Earthquake|p1a: Granbull\n|-damage|p1a: Granbull|35/302\n|move|p1a: Granbull|Encore|p2a: Rhyperior\n|-start|p2a: Rhyperior|Encore\n|\n|upkeep\n|turn|10\n|\n|t:|1781389499\n|switch|p2a: Infernape|Infernape, L82, M|259/259\n|-damage|p2a: Infernape|216/259|[from] Spikes\n|switch|p1a: Araquanid|Araquanid, L82, M|246/246\n|\n|upkeep\n|turn|11\n|\n|t:|1781389511\n|move|p2a: Infernape|Gunk Shot|p1a: Araquanid\n|-damage|p1a: Araquanid|119/246\n|move|p1a: Araquanid|Sticky Web|p2a: Infernape\n|-sidestart|p2: SteelixPrismGX|move: Sticky Web\n|\n|upkeep\n|turn|12\n|\n|t:|1781389514\n|switch|p1a: Granbull|Granbull, L88, M|35/302\n|-ability|p1a: Granbull|Intimidate|boost\n|-unboost|p2a: Infernape|atk|1\n|move|p2a: Infernape|Gunk Shot|p1a: Granbull\n|-supereffective|p1a: Granbull\n|-damage|p1a: Granbull|0 fnt\n|faint|p1a: Granbull\n|\n|upkeep\n|\n|t:|1781389526\n|switch|p1a: Groudon|Groudon, L72|38/263\n|-weather|SunnyDay|[from] ability: Drought|[of] p1a: Groudon\n|turn|13\n|\n|t:|1781389529\n|switch|p2a: Rhyperior|Rhyperior, L82, F|323/323\n|-damage|p2a: Rhyperior|270/323|[from] Spikes\n|-activate|p2a: Rhyperior|move: Sticky Web\n|-unboost|p2a: Rhyperior|spe|1\n|move|p1a: Groudon|Precipice Blades|p2a: Rhyperior\n|-supereffective|p2a: Rhyperior\n|-crit|p2a: Rhyperior\n|-damage|p2a: Rhyperior|32/323\n|-enditem|p2a: Rhyperior|Weakness Policy\n|-boost|p2a: Rhyperior|atk|2|[from] item: Weakness Policy\n|-boost|p2a: Rhyperior|spa|2|[from] item: Weakness Policy\n|\n|-weather|SunnyDay|[upkeep]\n|-heal|p1a: Groudon|54/263|[from] item: Leftovers\n|upkeep\n|turn|14\n|\n|t:|1781389540\n|move|p1a: Groudon|Precipice Blades|p2a: Rhyperior\n|-supereffective|p2a: Rhyperior\n|-damage|p2a: Rhyperior|0 fnt\n|faint|p2a: Rhyperior\n|\n|-weather|SunnyDay|[upkeep]\n|-heal|p1a: Groudon|70/263|[from] item: Leftovers\n|upkeep\n|\n|t:|1781389551\n|switch|p2a: Chi-Yu|Chi-Yu, L77|211/211\n|-ability|p2a: Chi-Yu|Beads of Ruin\n|turn|15\n|\n|t:|1781389559\n|switch|p1a: Araquanid|Araquanid, L82, M|119/246\n|move|p2a: Chi-Yu|Dark Pulse|p1a: Araquanid\n|-damage|p1a: Araquanid|29/246\n|\n|-weather|SunnyDay|[upkeep]\n|upkeep\n|turn|16\n|inactive|Estrace has 120 seconds left.\n|inactive|Estrace has 90 seconds left.\n|\n|t:|1781389633\n|move|p2a: Chi-Yu|Dark Pulse|p1a: Araquanid\n|-damage|p1a: Araquanid|0 fnt\n|faint|p1a: Araquanid\n|\n|-weather|SunnyDay|[upkeep]\n|upkeep\n|\n|t:|1781389657\n|switch|p1a: Blastoise|Blastoise, L80, F|258/258\n|turn|17\n|\n|t:|1781389671\n|switch|p2a: Baxcalibur|Baxcalibur, L75, M|295/295\n|-damage|p2a: Baxcalibur|246/295|[from] Spikes\n|-activate|p2a: Baxcalibur|move: Sticky Web\n|-unboost|p2a: Baxcalibur|spe|1\n|move|p1a: Blastoise|Shell Smash|p1a: Blastoise\n|-unboost|p1a: Blastoise|def|1\n|-unboost|p1a: Blastoise|spd|1\n|-boost|p1a: Blastoise|atk|2\n|-boost|p1a: Blastoise|spa|2\n|-boost|p1a: Blastoise|spe|2\n|-enditem|p1a: Blastoise|White Herb\n|-clearnegativeboost|p1a: Blastoise|[silent]\n|\n|-weather|none\n|upkeep\n|turn|18\n|\n|t:|1781389689\n|move|p1a: Blastoise|Earthquake|p2a: Baxcalibur\n|-damage|p2a: Baxcalibur|114/295\n|move|p2a: Baxcalibur|Swords Dance|p2a: Baxcalibur\n|-boost|p2a: Baxcalibur|atk|2\n|\n|upkeep\n|turn|19\n|\n|t:|1781389698\n|move|p1a: Blastoise|Earthquake|p2a: Baxcalibur\n|-damage|p2a: Baxcalibur|0 fnt\n|faint|p2a: Baxcalibur\n|\n|upkeep\n|\n|t:|1781389702\n|switch|p2a: Venomoth|Venomoth, L84, F|255/255\n|turn|20\n|\n|t:|1781389708\n|move|p1a: Blastoise|Hydro Pump|p2a: Venomoth\n|-damage|p2a: Venomoth|45/255\n|move|p2a: Venomoth|Sleep Powder|p1a: Blastoise\n|-status|p1a: Blastoise|slp|[from] move: Sleep Powder\n|\n|upkeep\n|turn|21\n|\n|t:|1781389714\n|switch|p1a: Rotom|Rotom-Heat, L83|219/219\n|move|p2a: Venomoth|Quiver Dance|p2a: Venomoth\n|-boost|p2a: Venomoth|spa|1\n|-boost|p2a: Venomoth|spd|1\n|-boost|p2a: Venomoth|spe|1\n|\n|upkeep\n|turn|22\n|\n|t:|1781389729\n|move|p2a: Venomoth|Sludge Wave|p1a: Rotom\n|-damage|p1a: Rotom|95/219\n|move|p1a: Rotom|Thunderbolt|p2a: Venomoth\n|-damage|p2a: Venomoth|0 fnt\n|faint|p2a: Venomoth\n|\n|upkeep\n|\n|t:|1781389732\n|switch|p2a: Regidrago|Regidrago, L77|435/435\n|-damage|p2a: Regidrago|363/435|[from] Spikes\n|-activate|p2a: Regidrago|move: Sticky Web\n|-unboost|p2a: Regidrago|spe|1\n|turn|23\n|\n|t:|1781389739\n|move|p1a: Rotom|Will-O-Wisp|p2a: Regidrago\n|-status|p2a: Regidrago|brn\n|move|p2a: Regidrago|Dragon Dance|p2a: Regidrago\n|-boost|p2a: Regidrago|atk|1\n|-boost|p2a: Regidrago|spe|1\n|\n|-damage|p2a: Regidrago|336/435 brn|[from] brn\n|upkeep\n|turn|24\n|inactive|Estrace has 120 seconds left.\n|\n|t:|1781389753\n|move|p1a: Rotom|Volt Switch|p2a: Regidrago\n|-resisted|p2a: Regidrago\n|-damage|p2a: Regidrago|270/435 brn\n|\n|t:|1781389764\n|switch|p1a: Groudon|Groudon, L72|70/263|[from] Volt Switch\n|-weather|SunnyDay|[from] ability: Drought|[of] p1a: Groudon\n|move|p2a: Regidrago|Dragon Dance|p2a: Regidrago\n|-boost|p2a: Regidrago|atk|1\n|-boost|p2a: Regidrago|spe|1\n|\n|-weather|SunnyDay|[upkeep]\n|-heal|p1a: Groudon|86/263|[from] item: Leftovers\n|-damage|p2a: Regidrago|243/435 brn|[from] brn\n|upkeep\n|turn|25\n|\n|t:|1781389772\n|move|p2a: Regidrago|Dragon Claw|p1a: Groudon\n|-damage|p1a: Groudon|0 fnt\n|faint|p1a: Groudon\n|-damage|p2a: Regidrago|200/435 brn|[from] item: Life Orb\n|\n|-weather|SunnyDay|[upkeep]\n|-damage|p2a: Regidrago|173/435 brn|[from] brn\n|upkeep\n|\n|t:|1781389793\n|switch|p1a: Exeggutor|Exeggutor, L89, F|312/312\n|turn|26\n|\n|t:|1781389799\n|move|p2a: Regidrago|Dragon Claw|p1a: Exeggutor\n|-damage|p1a: Exeggutor|173/312\n|-damage|p2a: Regidrago|130/435 brn|[from] item: Life Orb\n|move|p1a: Exeggutor|Leech Seed|p2a: Regidrago\n|-start|p2a: Regidrago|move: Leech Seed\n|\n|-weather|SunnyDay|[upkeep]\n|-damage|p2a: Regidrago|76/435 brn|[from] Leech Seed|[of] p1a: Exeggutor\n|-heal|p1a: Exeggutor|227/312|[silent]\n|-damage|p2a: Regidrago|49/435 brn|[from] brn\n|upkeep\n|turn|27\n|\n|t:|1781389818\n|move|p1a: Exeggutor|Protect|p1a: Exeggutor\n|-singleturn|p1a: Exeggutor|Protect\n|move|p2a: Regidrago|Dragon Claw|p1a: Exeggutor\n|-activate|p1a: Exeggutor|move: Protect\n|\n|-weather|SunnyDay|[upkeep]\n|-damage|p2a: Regidrago|0 fnt|[from] Leech Seed|[of] p1a: Exeggutor\n|-heal|p1a: Exeggutor|276/312|[silent]\n|faint|p2a: Regidrago\n|upkeep\n|\n|t:|1781389820\n|switch|p2a: Infernape|Infernape, L82, M|216/259\n|-damage|p2a: Infernape|173/259|[from] Spikes\n|-activate|p2a: Infernape|move: Sticky Web\n|-unboost|p2a: Infernape|spe|1\n|turn|28\n|\n|t:|1781389840\n|switch|p1a: Blastoise|Blastoise, L80, F|258/258 slp\n|move|p2a: Infernape|Close Combat|p1a: Blastoise\n|-damage|p1a: Blastoise|77/258 slp\n|-unboost|p2a: Infernape|def|1\n|-unboost|p2a: Infernape|spd|1\n|\n|-weather|none\n|upkeep\n|turn|29\n|\n|t:|1781389846\n|switch|p1a: Exeggutor|Exeggutor, L89, F|276/312\n|move|p2a: Infernape|Close Combat|p1a: Exeggutor\n|-resisted|p1a: Exeggutor\n|-crit|p1a: Exeggutor\n|-damage|p1a: Exeggutor|137/312\n|-unboost|p2a: Infernape|def|1\n|-unboost|p2a: Infernape|spd|1\n|-enditem|p1a: Exeggutor|Sitrus Berry|[eat]\n|-heal|p1a: Exeggutor|215/312|[from] item: Sitrus Berry\n|\n|-item|p1a: Exeggutor|Sitrus Berry|[from] ability: Harvest\n|upkeep\n|turn|30\n|\n|t:|1781389853\n|switch|p2a: Chi-Yu|Chi-Yu, L77|211/211\n|-ability|p2a: Chi-Yu|Beads of Ruin\n|move|p1a: Exeggutor|Substitute|p1a: Exeggutor\n|-start|p1a: Exeggutor|Substitute\n|-damage|p1a: Exeggutor|137/312\n|-enditem|p1a: Exeggutor|Sitrus Berry|[eat]\n|-heal|p1a: Exeggutor|215/312|[from] item: Sitrus Berry\n|\n|upkeep\n|turn|31\n|inactive|Estrace has 120 seconds left.\n|\n|t:|1781389860\n|move|p1a: Exeggutor|Protect|p1a: Exeggutor\n|-singleturn|p1a: Exeggutor|Protect\n|move|p2a: Chi-Yu|Dark Pulse|p1a: Exeggutor\n|-activate|p1a: Exeggutor|move: Protect\n|\n|-item|p1a: Exeggutor|Sitrus Berry|[from] ability: Harvest\n|upkeep\n|turn|32\n|\n|t:|1781389864\n|move|p2a: Chi-Yu|Dark Pulse|p1a: Exeggutor\n|-supereffective|p1a: Exeggutor\n|-crit|p1a: Exeggutor\n|-end|p1a: Exeggutor|Substitute\n|move|p1a: Exeggutor|Leech Seed|p2a: Chi-Yu\n|-start|p2a: Chi-Yu|move: Leech Seed\n|\n|-damage|p2a: Chi-Yu|185/211|[from] Leech Seed|[of] p1a: Exeggutor\n|-heal|p1a: Exeggutor|241/312|[silent]\n|upkeep\n|turn|33\n|\n|t:|1781389879\n|switch|p1a: Blastoise|Blastoise, L80, F|77/258 slp\n|move|p2a: Chi-Yu|Nasty Plot|p2a: Chi-Yu\n|-boost|p2a: Chi-Yu|spa|2\n|\n|-damage|p2a: Chi-Yu|159/211|[from] Leech Seed|[of] p1a: Blastoise\n|-heal|p1a: Blastoise|103/258 slp|[silent]\n|upkeep\n|turn|34\n|\n|t:|1781389894\n|move|p2a: Chi-Yu|Dark Pulse|p1a: Blastoise\n|-damage|p1a: Blastoise|0 fnt\n|faint|p1a: Blastoise\n|\n|upkeep\n|\n|t:|1781389896\n|switch|p1a: Exeggutor|Exeggutor, L89, F|241/312\n|turn|35\n|\n|t:|1781389903\n|move|p2a: Chi-Yu|Fire Blast|p1a: Exeggutor\n|-supereffective|p1a: Exeggutor\n|-damage|p1a: Exeggutor|0 fnt\n|faint|p1a: Exeggutor\n|\n|upkeep\n|-message|Estrace forfeited.\n|\n|win|SteelixPrismGX\n|raw|Estrace's rating: 1973 &rarr; <strong>1956</strong><br />(-17 for losing)\n|raw|SteelixPrismGX's rating: 2027 &rarr; <strong>2044</strong><br />(+17 for winning)\n|l|\u2606Estrace\n|player|p1|\n|c|\u2606SteelixPrismGX|gg\n", "inputlog": ">version a8376a258c1d4662feba110a92103f3664a72141\n>start {\"formatid\":\"gen9randombattle\",\"seed\":\"sodium,5d58e993b057db9033b058dfd7e1cc0e\",\"rated\":\"Rated battle\"}\n>player p1 {\"name\":\"Estrace\",\"avatar\":\"clair\",\"rating\":1973,\"seed\":\"sodium,ee5a0f77cde0ab7cf8e85551fa483fb1\"}\n>player p2 {\"name\":\"SteelixPrismGX\",\"avatar\":\"siebold\",\"rating\":2027,\"seed\":\"sodium,cb2b98a2412db010db6a4e2134875a29\"}\n>p1 switch 6\n>p2 move knockoff\n>p1 move thunderwave\n>p2 switch 5\n>p1 switch 5\n>p2 move rockpolish\n>p1 move spikes\n>p2 move megahorn\n>p1 move spikes\n>p2 move earthquake\n>p1 switch 5\n>p2 move earthquake\n>p1 switch 5\n>p2 move stoneedge\n>p1 switch 5\n>p2 move earthquake\n>p1 move encore\n>p2 move earthquake\n>p1 switch 4\n>p2 switch 5\n>p1 move stickyweb\n>p2 move gunkshot\n>p1 switch 4\n>p2 move gunkshot\n>p1 switch 5\n>p1 move precipiceblades\n>p2 switch 5\n>p1 move precipiceblades\n>p2 move rockpolish\n>p2 switch 4\n>p1 switch 4\n>p2 move darkpulse\n>p1 move liquidation\n>p2 move darkpulse\n>p1 switch 2\n>p1 move shellsmash\n>p2 switch 3\n>p1 move earthquake\n>p2 move swordsdance\n>p1 move earthquake\n>p2 move scaleshot\n>p2 switch 6\n>p1 move hydropump\n>p2 move sleeppowder\n>p1 switch 6\n>p2 move quiverdance\n>p1 move thunderbolt\n>p2 move sludgewave\n>p2 switch 2\n>p1 move willowisp\n>p2 move dragondance\n>p1 move voltswitch\n>p2 move dragondance\n>p1 switch 4\n>p1 move precipiceblades\n>p2 move dragonclaw\n>p1 switch 3\n>p1 move leechseed\n>p2 move dragonclaw\n>p1 move protect\n>p2 move dragonclaw\n>p2 switch 5\n>p1 switch 6\n>p2 move closecombat\n>p1 switch 6\n>p2 move closecombat\n>p1 move substitute\n>p2 switch 3\n>p1 move protect\n>p2 move darkpulse\n>p1 move leechseed\n>p2 move darkpulse\n>p1 switch 6\n>p2 move nastyplot\n>p1 move hydropump\n>p2 move darkpulse\n>p1 switch 6\n>p1 move substitute\n>p2 move fireblast\n>forcelose p1", "uploadtime": 1781389401, "views": 8, "formatid": "gen9randombattle", "rating": 1956, "private": 0, "password": null}