{"id": "gen9randombattle-2631962568", "format": "[Gen 9] Random Battle", "players": ["mztmztmzt123", "tiny spaceship"], "log": "|j|\u2606mztmztmzt123\n|j|\u2606tiny spaceship\n|t:|1781460373\n|gametype|singles\n|player|p1|mztmztmzt123|2|2242\n|player|p2|tiny spaceship|dawn|2204\n|gen|9\n|tier|[Gen 9] Random Battle\n|rated|\n|rule|Species Clause: Limit one of each Pok\u00e9mon\n|rule|HP Percentage Mod: HP is shown in percentages\n|rule|Sleep Clause Mod: Limit one foe put to sleep\n|rule|Illusion Level Mod: Illusion disguises the Pok\u00e9mon's true level\n|\n|t:|1781460373\n|teamsize|p1|6\n|teamsize|p2|6\n|start\n|switch|p1a: Brambleghast|Brambleghast, L88, F|240/240\n|switch|p2a: Illumise|Illumise, L91, F|266/266\n|turn|1\n|inactive|Battle timer is ON: inactive players will automatically lose when time's up. (requested by mztmztmzt123)\n|\n|t:|1781460393\n|move|p2a: Illumise|Thunder Wave|p1a: Brambleghast\n|-status|p1a: Brambleghast|par\n|move|p1a: Brambleghast|Poltergeist|p2a: Illumise\n|-activate|p2a: Illumise|move: Poltergeist|Heavy-Duty Boots\n|-damage|p2a: Illumise|112/266\n|\n|upkeep\n|turn|2\n|\n|t:|1781460397\n|move|p2a: Illumise|Roost|p2a: Illumise\n|-heal|p2a: Illumise|245/266\n|-singleturn|p2a: Illumise|move: Roost\n|move|p1a: Brambleghast|Spikes|p2a: Illumise\n|-sidestart|p2: tiny spaceship|Spikes\n|\n|upkeep\n|turn|3\n|\n|t:|1781460408\n|move|p2a: Illumise|Bug Buzz|p1a: Brambleghast\n|-damage|p1a: Brambleghast|141/240 par\n|move|p1a: Brambleghast|Spikes|p2a: Illumise\n|-sidestart|p2: tiny spaceship|Spikes\n|\n|upkeep\n|turn|4\n|\n|t:|1781460413\n|switch|p1a: Luxray|Luxray, L88, F|284/284\n|-ability|p1a: Luxray|Intimidate|boost\n|-unboost|p2a: Illumise|atk|1\n|move|p2a: Illumise|Bug Buzz|p1a: Luxray\n|-damage|p1a: Luxray|221/284\n|\n|upkeep\n|turn|5\n|\n|t:|1781460438\n|move|p2a: Illumise|Bug Buzz|p1a: Luxray\n|-damage|p1a: Luxray|155/284\n|move|p1a: Luxray|Volt Switch|p2a: Illumise\n|-damage|p2a: Illumise|164/266\n|inactive|mztmztmzt123 has 120 seconds left.\n|\n|t:|1781460484\n|switch|p1a: Brambleghast|Brambleghast, L88, F|141/240 par|[from] Volt Switch\n|\n|upkeep\n|turn|6\n|\n|t:|1781460496\n|move|p2a: Illumise|Bug Buzz|p1a: Brambleghast\n|-damage|p1a: Brambleghast|42/240 par\n|move|p1a: Brambleghast|Poltergeist|p2a: Illumise\n|-activate|p2a: Illumise|move: Poltergeist|Heavy-Duty Boots\n|-damage|p2a: Illumise|19/266\n|\n|upkeep\n|turn|7\n|inactive|mztmztmzt123 has 120 seconds left.\n|\n|t:|1781460513\n|move|p2a: Illumise|Bug Buzz|p1a: Brambleghast\n|-damage|p1a: Brambleghast|0 fnt\n|faint|p1a: Brambleghast\n|\n|upkeep\n|inactive|mztmztmzt123 has 120 seconds left.\n|\n|t:|1781460523\n|switch|p1a: Luxray|Luxray, L88, F|155/284\n|-ability|p1a: Luxray|Intimidate|boost\n|-unboost|p2a: Illumise|atk|1\n|turn|8\n|\n|t:|1781460533\n|move|p2a: Illumise|Roost|p2a: Illumise\n|-heal|p2a: Illumise|152/266\n|-singleturn|p2a: Illumise|move: Roost\n|move|p1a: Luxray|Wild Charge|p2a: Illumise\n|-damage|p2a: Illumise|11/266\n|-damage|p1a: Luxray|120/284|[from] Recoil\n|\n|upkeep\n|turn|9\n|\n|t:|1781460538\n|-terastallize|p1a: Luxray|Electric\n|move|p2a: Illumise|Roost|p2a: Illumise\n|-heal|p2a: Illumise|144/266\n|-singleturn|p2a: Illumise|move: Roost\n|move|p1a: Luxray|Wild Charge|p2a: Illumise\n|-damage|p2a: Illumise|0 fnt\n|faint|p2a: Illumise\n|-damage|p1a: Luxray|84/284|[from] Recoil\n|\n|upkeep\n|\n|t:|1781460560\n|switch|p2a: Braviary|Braviary, L85, M|309/309\n|turn|10\n|\n|t:|1781460583\n|move|p2a: Braviary|Close Combat|p1a: Luxray\n|-damage|p1a: Luxray|0 fnt\n|-unboost|p2a: Braviary|def|1\n|-unboost|p2a: Braviary|spd|1\n|faint|p1a: Luxray\n|\n|upkeep\n|\n|t:|1781460586\n|switch|p1a: Urshifu|Urshifu, L74, M|270/270\n|turn|11\n|\n|t:|1781460597\n|move|p1a: Urshifu|U-turn|p2a: Braviary\n|-resisted|p2a: Braviary\n|-damage|p2a: Braviary|250/309\n|\n|t:|1781460603\n|switch|p1a: Gastrodon|Gastrodon-East, L86, M|331/331|[from] U-turn\n|move|p2a: Braviary|Brave Bird|p1a: Gastrodon\n|-damage|p1a: Gastrodon|159/331\n|-damage|p2a: Braviary|193/309|[from] Recoil\n|\n|-heal|p1a: Gastrodon|179/331|[from] item: Leftovers\n|upkeep\n|turn|12\n|\n|t:|1781460610\n|move|p2a: Braviary|Brave Bird|p1a: Gastrodon\n|-damage|p1a: Gastrodon|0 fnt\n|faint|p1a: Gastrodon\n|-damage|p2a: Braviary|134/309|[from] Recoil\n|\n|upkeep\n|\n|t:|1781460613\n|switch|p1a: Urshifu|Urshifu, L74, M|270/270\n|turn|13\n|\n|t:|1781460616\n|move|p1a: Urshifu|Wicked Blow|p2a: Braviary\n|-crit|p2a: Braviary\n|-damage|p2a: Braviary|0 fnt\n|faint|p2a: Braviary\n|\n|upkeep\n|\n|t:|1781460622\n|switch|p2a: Lokix|Lokix, L82, M|251/251\n|-damage|p2a: Lokix|210/251|[from] Spikes\n|turn|14\n|\n|t:|1781460627\n|switch|p1a: Duraludon|Duraludon, L82, M|249/249\n|move|p2a: Lokix|First Impression|p1a: Duraludon\n|-resisted|p1a: Duraludon\n|-damage|p1a: Duraludon|191/249\n|\n|upkeep\n|turn|15\n|\n|t:|1781460637\n|move|p2a: Lokix|U-turn|p1a: Duraludon\n|-resisted|p1a: Duraludon\n|-damage|p1a: Duraludon|137/249\n|\n|t:|1781460642\n|switch|p2a: Luvdisc|Luvdisc, F|247/247|[from] U-turn\n|move|p1a: Duraludon|Iron Defense|p1a: Duraludon\n|-boost|p1a: Duraludon|def|2\n|\n|upkeep\n|turn|16\n|\n|t:|1781460652\n|move|p2a: Luvdisc|Substitute|p2a: Luvdisc\n|-start|p2a: Luvdisc|Substitute\n|-damage|p2a: Luvdisc|186/247\n|move|p1a: Duraludon|Body Press|p2a: Luvdisc\n|-end|p2a: Luvdisc|Substitute\n|\n|upkeep\n|turn|17\n|\n|t:|1781460661\n|move|p2a: Luvdisc|Substitute|p2a: Luvdisc\n|-start|p2a: Luvdisc|Substitute\n|-damage|p2a: Luvdisc|125/247\n|move|p1a: Duraludon|Body Press|p2a: Luvdisc\n|-end|p2a: Luvdisc|Substitute\n|\n|upkeep\n|turn|18\n|\n|t:|1781460672\n|move|p2a: Luvdisc|Substitute|p2a: Luvdisc\n|-start|p2a: Luvdisc|Substitute\n|-damage|p2a: Luvdisc|64/247\n|move|p1a: Duraludon|Body Press|p2a: Luvdisc\n|-end|p2a: Luvdisc|Substitute\n|\n|upkeep\n|turn|19\n|\n|t:|1781460675\n|move|p2a: Luvdisc|Substitute|p2a: Luvdisc\n|-start|p2a: Luvdisc|Substitute\n|-damage|p2a: Luvdisc|3/247\n|move|p1a: Duraludon|Body Press|p2a: Luvdisc\n|-end|p2a: Luvdisc|Substitute\n|\n|upkeep\n|turn|20\n|\n|t:|1781460679\n|move|p2a: Luvdisc|Endeavor|p1a: Duraludon\n|-damage|p1a: Duraludon|3/249\n|move|p1a: Duraludon|Body Press|p2a: Luvdisc\n|-damage|p2a: Luvdisc|0 fnt\n|faint|p2a: Luvdisc\n|\n|upkeep\n|\n|t:|1781460692\n|switch|p2a: Golduck|Golduck, L90, M|290/290\n|-damage|p2a: Golduck|242/290|[from] Spikes\n|-ability|p2a: Golduck|Cloud Nine\n|turn|21\n|\n|t:|1781460698\n|move|p2a: Golduck|Ice Beam|p1a: Duraludon\n|-damage|p1a: Duraludon|0 fnt\n|faint|p1a: Duraludon\n|\n|-heal|p2a: Golduck|260/290|[from] item: Leftovers\n|upkeep\n|\n|t:|1781460700\n|switch|p1a: Enamorus|Enamorus-Therian, L83, F|259/259\n|turn|22\n|\n|t:|1781460708\n|move|p2a: Golduck|Nasty Plot|p2a: Golduck\n|-boost|p2a: Golduck|spa|2\n|move|p1a: Enamorus|Agility|p1a: Enamorus\n|-boost|p1a: Enamorus|spe|2\n|\n|-heal|p2a: Golduck|278/290|[from] item: Leftovers\n|upkeep\n|turn|23\n|\n|t:|1781460725\n|move|p1a: Enamorus|Moonblast|p2a: Golduck\n|-damage|p2a: Golduck|160/290\n|-unboost|p2a: Golduck|spa|1\n|move|p2a: Golduck|Nasty Plot|p2a: Golduck\n|-boost|p2a: Golduck|spa|2\n|\n|-heal|p2a: Golduck|178/290|[from] item: Leftovers\n|upkeep\n|turn|24\n|\n|t:|1781460733\n|move|p1a: Enamorus|Moonblast|p2a: Golduck\n|-damage|p2a: Golduck|37/290\n|move|p2a: Golduck|Ice Beam|p1a: Enamorus\n|-supereffective|p1a: Enamorus\n|-damage|p1a: Enamorus|0 fnt\n|faint|p1a: Enamorus\n|\n|-heal|p2a: Golduck|55/290|[from] item: Leftovers\n|upkeep\n|\n|t:|1781460737\n|switch|p1a: Urshifu|Urshifu, L74, M|270/270\n|turn|25\n|\n|t:|1781460743\n|move|p2a: Golduck|Grass Knot|p1a: Urshifu\n|-damage|p1a: Urshifu|0 fnt\n|faint|p1a: Urshifu\n|\n|win|tiny spaceship\n", "inputlog": ">version a8376a258c1d4662feba110a92103f3664a72141\n>start {\"formatid\":\"gen9randombattle\",\"seed\":\"sodium,22591ce0a411ac7117f51493965a8d7e\",\"rated\":\"Rated battle\"}\n>player p1 {\"name\":\"mztmztmzt123\",\"avatar\":\"2\",\"rating\":2242,\"seed\":\"sodium,74675cf2a308665e9a351b1c43e89dfe\"}\n>player p2 {\"name\":\"tiny spaceship\",\"avatar\":\"dawn\",\"rating\":2204,\"seed\":\"sodium,fd434d52aab1901e6e61dc5ec4247ada\"}\n>p1 move poltergeist\n>p2 move thunderwave\n>p1 move spikes\n>p2 move roost\n>p1 move spikes\n>p2 move bugbuzz\n>p1 switch 4\n>p2 move bugbuzz\n>p1 move voltswitch\n>p2 move bugbuzz\n>p1 switch 4\n>p1 move poltergeist\n>p2 move bugbuzz\n>p1 move poltergeist\n>p2 move bugbuzz\n>p1 switch 4\n>p1 move wildcharge\n>p2 move roost\n>p1 move wildcharge terastallize\n>p2 move roost\n>p2 switch 3\n>p1 move wildcharge\n>p2 move closecombat\n>p1 switch 5\n>p1 move uturn\n>p2 move bravebird\n>p1 switch 6\n>p1 move surf\n>p2 move bravebird\n>p1 switch 6\n>p1 move wickedblow\n>p2 move bravebird\n>p2 switch 5\n>p1 switch 2\n>p2 move firstimpression\n>p1 move irondefense\n>p2 move uturn\n>p2 switch 2\n>p1 move bodypress\n>p2 move substitute\n>p1 move bodypress\n>p2 move substitute\n>p1 move bodypress\n>p2 move substitute\n>p1 move bodypress\n>p2 move substitute\n>p1 move bodypress\n>p2 move endeavor\n>p2 switch 4\n>p1 move bodypress\n>p2 move icebeam\n>p1 switch 3\n>p1 move agility\n>p2 move nastyplot\n>p1 move moonblast\n>p2 move nastyplot\n>p1 move moonblast\n>p2 move icebeam\n>p1 switch 2\n>p1 move wickedblow\n>p2 move grassknot", "uploadtime": 1781460375, "views": 7, "formatid": "gen9randombattle", "rating": null, "private": 0, "password": null}