{"id": "gen9randombattle-2631390775", "format": "[Gen 9] Random Battle", "players": ["era.ryu", "UncleKrack"], "log": "|j|\u2606era.ryu\n|j|\u2606UncleKrack\n|t:|1781379039\n|gametype|singles\n|player|p1|era.ryu|boarder|1623\n|player|p2|UncleKrack|emmet|1570\n|gen|9\n|tier|[Gen 9] Random Battle\n|rated|\n|rule|Species Clause: Limit one of each Pok\u00e9mon\n|rule|HP Percentage Mod: HP is shown in percentages\n|rule|Sleep Clause Mod: Limit one foe put to sleep\n|rule|Illusion Level Mod: Illusion disguises the Pok\u00e9mon's true level\n|\n|t:|1781379039\n|teamsize|p1|6\n|teamsize|p2|6\n|start\n|switch|p1a: Dachsbun|Dachsbun, L92, M|254/254\n|switch|p2a: Ampharos|Ampharos, L88, F|302/302\n|turn|1\n|inactive|Battle timer is ON: inactive players will automatically lose when time's up. (requested by UncleKrack)\n|inactive|era.ryu also wants the timer to be on.\n|inactive|era.ryu has 120 seconds left.\n|inactive|era.ryu has 90 seconds left.\n|\n|t:|1781379105\n|switch|p2a: Victreebel|Victreebel, L90, F|290/290\n|move|p1a: Dachsbun|Play Rough|p2a: Victreebel\n|-resisted|p2a: Victreebel\n|-damage|p2a: Victreebel|236/290\n|\n|upkeep\n|turn|2\n|\n|t:|1781379114\n|move|p1a: Dachsbun|Protect|p1a: Dachsbun\n|-singleturn|p1a: Dachsbun|Protect\n|move|p2a: Victreebel|Power Whip|p1a: Dachsbun\n|-activate|p1a: Dachsbun|move: Protect\n|\n|upkeep\n|turn|3\n|\n|t:|1781379118\n|move|p1a: Dachsbun|Yawn|p2a: Victreebel\n|-start|p2a: Victreebel|move: Yawn|[of] p1a: Dachsbun\n|move|p2a: Victreebel|Swords Dance|p2a: Victreebel\n|-boost|p2a: Victreebel|atk|2\n|\n|upkeep\n|turn|4\n|\n|t:|1781379127\n|switch|p2a: Umbreon|Umbreon, L84, F|297/297\n|move|p1a: Dachsbun|Protect||[still]\n|-fail|p1a: Dachsbun\n|\n|upkeep\n|turn|5\n|\n|t:|1781379137\n|move|p1a: Dachsbun|Play Rough|p2a: Umbreon\n|-supereffective|p2a: Umbreon\n|-damage|p2a: Umbreon|123/297\n|move|p2a: Umbreon|Toxic|p1a: Dachsbun\n|-status|p1a: Dachsbun|tox\n|\n|-heal|p2a: Umbreon|141/297|[from] item: Leftovers\n|-damage|p1a: Dachsbun|239/254 tox|[from] psn\n|upkeep\n|turn|6\n|\n|t:|1781379144\n|move|p2a: Umbreon|Protect|p2a: Umbreon\n|-singleturn|p2a: Umbreon|Protect\n|move|p1a: Dachsbun|Play Rough|p2a: Umbreon\n|-activate|p2a: Umbreon|move: Protect\n|\n|-heal|p1a: Dachsbun|254/254 tox|[from] item: Leftovers\n|-heal|p2a: Umbreon|159/297|[from] item: Leftovers\n|-damage|p1a: Dachsbun|224/254 tox|[from] psn\n|upkeep\n|turn|7\n|\n|t:|1781379152\n|switch|p2a: Corviknight|Corviknight, L80, F|288/288\n|-ability|p2a: Corviknight|Pressure\n|move|p1a: Dachsbun|Yawn|p2a: Corviknight\n|-start|p2a: Corviknight|move: Yawn|[of] p1a: Dachsbun\n|\n|-heal|p1a: Dachsbun|239/254 tox|[from] item: Leftovers\n|-damage|p1a: Dachsbun|194/254 tox|[from] psn\n|upkeep\n|turn|8\n|\n|t:|1781379158\n|move|p1a: Dachsbun|Protect|p1a: Dachsbun\n|-singleturn|p1a: Dachsbun|Protect\n|move|p2a: Corviknight|U-turn|p1a: Dachsbun\n|-activate|p1a: Dachsbun|move: Protect\n|\n|-heal|p1a: Dachsbun|209/254 tox|[from] item: Leftovers\n|-damage|p1a: Dachsbun|149/254 tox|[from] psn\n|-end|p2a: Corviknight|move: Yawn|[silent]\n|-status|p2a: Corviknight|slp\n|upkeep\n|turn|9\n|\n|t:|1781379169\n|switch|p1a: Torkoal|Torkoal, L88, F|266/266\n|-weather|SunnyDay|[from] ability: Drought|[of] p1a: Torkoal\n|cant|p2a: Corviknight|slp\n|\n|-weather|SunnyDay|[upkeep]\n|upkeep\n|turn|10\n|\n|t:|1781379177\n|switch|p2a: Ampharos|Ampharos, L88, F|302/302\n|move|p1a: Torkoal|Lava Plume|p2a: Ampharos\n|-damage|p2a: Ampharos|215/302\n|\n|-weather|SunnyDay|[upkeep]\n|upkeep\n|turn|11\n|\n|t:|1781379188\n|move|p2a: Ampharos|Volt Switch|p1a: Torkoal\n|-crit|p1a: Torkoal\n|-damage|p1a: Torkoal|119/266\n|\n|t:|1781379193\n|switch|p2a: Vigoroth|Vigoroth, L85, M|275/275|[from] Volt Switch\n|move|p1a: Torkoal|Lava Plume|p2a: Vigoroth\n|-damage|p2a: Vigoroth|163/275\n|\n|-weather|SunnyDay|[upkeep]\n|upkeep\n|turn|12\n|\n|t:|1781379202\n|move|p2a: Vigoroth|Slack Off|p2a: Vigoroth\n|-heal|p2a: Vigoroth|275/275\n|move|p1a: Torkoal|Lava Plume|p2a: Vigoroth\n|-damage|p2a: Vigoroth|163/275\n|\n|-weather|SunnyDay|[upkeep]\n|upkeep\n|turn|13\n|\n|t:|1781379208\n|move|p2a: Vigoroth|Bulk Up|p2a: Vigoroth\n|-boost|p2a: Vigoroth|atk|1\n|-boost|p2a: Vigoroth|def|1\n|move|p1a: Torkoal|Lava Plume|p2a: Vigoroth\n|-damage|p2a: Vigoroth|51/275\n|-status|p2a: Vigoroth|brn\n|\n|-weather|none\n|-damage|p2a: Vigoroth|34/275 brn|[from] brn\n|upkeep\n|turn|14\n|\n|t:|1781379222\n|switch|p1a: Dachsbun|Dachsbun, L92, M|149/254 tox\n|move|p2a: Vigoroth|Slack Off|p2a: Vigoroth\n|-heal|p2a: Vigoroth|172/275 brn\n|\n|-heal|p1a: Dachsbun|164/254 tox|[from] item: Leftovers\n|-damage|p1a: Dachsbun|149/254 tox|[from] psn\n|-damage|p2a: Vigoroth|155/275 brn|[from] brn\n|upkeep\n|turn|15\n|\n|t:|1781379226\n|move|p1a: Dachsbun|Wish|p1a: Dachsbun\n|move|p2a: Vigoroth|Slack Off|p2a: Vigoroth\n|-heal|p2a: Vigoroth|275/275 brn\n|\n|-heal|p1a: Dachsbun|164/254 tox|[from] item: Leftovers\n|-damage|p1a: Dachsbun|134/254 tox|[from] psn\n|-damage|p2a: Vigoroth|258/275 brn|[from] brn\n|upkeep\n|turn|16\n|\n|t:|1781379230\n|move|p1a: Dachsbun|Play Rough|p2a: Vigoroth|[miss]\n|-miss|p1a: Dachsbun|p2a: Vigoroth\n|move|p2a: Vigoroth|Bulk Up|p2a: Vigoroth\n|-boost|p2a: Vigoroth|atk|1\n|-boost|p2a: Vigoroth|def|1\n|\n|-heal|p1a: Dachsbun|254/254 tox|[from] move: Wish|[wisher] Dachsbun\n|-damage|p1a: Dachsbun|209/254 tox|[from] psn\n|-damage|p2a: Vigoroth|241/275 brn|[from] brn\n|upkeep\n|turn|17\n|\n|t:|1781379233\n|move|p1a: Dachsbun|Wish|p1a: Dachsbun\n|move|p2a: Vigoroth|Bulk Up|p2a: Vigoroth\n|-boost|p2a: Vigoroth|atk|1\n|-boost|p2a: Vigoroth|def|1\n|\n|-heal|p1a: Dachsbun|224/254 tox|[from] item: Leftovers\n|-damage|p1a: Dachsbun|164/254 tox|[from] psn\n|-damage|p2a: Vigoroth|224/275 brn|[from] brn\n|upkeep\n|turn|18\n|\n|t:|1781379235\n|switch|p1a: Torkoal|Torkoal, L88, F|119/266\n|-weather|SunnyDay|[from] ability: Drought|[of] p1a: Torkoal\n|move|p2a: Vigoroth|Bulk Up|p2a: Vigoroth\n|-boost|p2a: Vigoroth|atk|1\n|-boost|p2a: Vigoroth|def|1\n|\n|-weather|SunnyDay|[upkeep]\n|-heal|p1a: Torkoal|246/266|[from] move: Wish|[wisher] Dachsbun\n|-damage|p2a: Vigoroth|207/275 brn|[from] brn\n|upkeep\n|turn|19\n|\n|t:|1781379241\n|move|p2a: Vigoroth|Bulk Up|p2a: Vigoroth\n|-boost|p2a: Vigoroth|atk|1\n|-boost|p2a: Vigoroth|def|1\n|move|p1a: Torkoal|Lava Plume|p2a: Vigoroth\n|-damage|p2a: Vigoroth|98/275 brn\n|\n|-weather|SunnyDay|[upkeep]\n|-damage|p2a: Vigoroth|81/275 brn|[from] brn\n|upkeep\n|turn|20\n|\n|t:|1781379244\n|move|p2a: Vigoroth|Slack Off|p2a: Vigoroth\n|-heal|p2a: Vigoroth|219/275 brn\n|move|p1a: Torkoal|Lava Plume|p2a: Vigoroth\n|-damage|p2a: Vigoroth|98/275 brn\n|\n|-weather|SunnyDay|[upkeep]\n|-damage|p2a: Vigoroth|81/275 brn|[from] brn\n|upkeep\n|turn|21\n|\n|t:|1781379250\n|move|p2a: Vigoroth|Slack Off|p2a: Vigoroth\n|-heal|p2a: Vigoroth|219/275 brn\n|move|p1a: Torkoal|Lava Plume|p2a: Vigoroth\n|-damage|p2a: Vigoroth|110/275 brn\n|\n|-weather|SunnyDay|[upkeep]\n|-damage|p2a: Vigoroth|93/275 brn|[from] brn\n|upkeep\n|turn|22\n|\n|t:|1781379254\n|move|p2a: Vigoroth|Slack Off|p2a: Vigoroth\n|-heal|p2a: Vigoroth|231/275 brn\n|move|p1a: Torkoal|Lava Plume|p2a: Vigoroth\n|-damage|p2a: Vigoroth|123/275 brn\n|\n|-weather|none\n|-damage|p2a: Vigoroth|106/275 brn|[from] brn\n|upkeep\n|turn|23\n|\n|t:|1781379263\n|switch|p1a: Dachsbun|Dachsbun, L92, M|164/254 tox\n|move|p2a: Vigoroth|Slack Off|p2a: Vigoroth\n|-heal|p2a: Vigoroth|244/275 brn\n|\n|-heal|p1a: Dachsbun|179/254 tox|[from] item: Leftovers\n|-damage|p1a: Dachsbun|164/254 tox|[from] psn\n|-damage|p2a: Vigoroth|227/275 brn|[from] brn\n|upkeep\n|turn|24\n|\n|t:|1781379271\n|switch|p1a: Torkoal|Torkoal, L88, F|246/266\n|-weather|SunnyDay|[from] ability: Drought|[of] p1a: Torkoal\n|move|p2a: Vigoroth|Knock Off|p1a: Torkoal\n|-damage|p1a: Torkoal|178/266\n|-enditem|p1a: Torkoal|Heavy-Duty Boots|[from] move: Knock Off|[of] p2a: Vigoroth\n|\n|-weather|SunnyDay|[upkeep]\n|-damage|p2a: Vigoroth|210/275 brn|[from] brn\n|upkeep\n|turn|25\n|\n|t:|1781379276\n|move|p2a: Vigoroth|Body Slam|p1a: Torkoal\n|-damage|p1a: Torkoal|77/266\n|-status|p1a: Torkoal|par\n|move|p1a: Torkoal|Lava Plume|p2a: Vigoroth\n|-damage|p2a: Vigoroth|101/275 brn\n|\n|-weather|SunnyDay|[upkeep]\n|-damage|p2a: Vigoroth|84/275 brn|[from] brn\n|upkeep\n|turn|26\n|\n|t:|1781379282\n|move|p2a: Vigoroth|Slack Off|p2a: Vigoroth\n|-heal|p2a: Vigoroth|222/275 brn\n|move|p1a: Torkoal|Lava Plume|p2a: Vigoroth\n|-damage|p2a: Vigoroth|113/275 brn\n|\n|-weather|SunnyDay|[upkeep]\n|-damage|p2a: Vigoroth|96/275 brn|[from] brn\n|upkeep\n|turn|27\n|\n|t:|1781379287\n|move|p2a: Vigoroth|Body Slam|p1a: Torkoal\n|-damage|p1a: Torkoal|0 fnt\n|faint|p1a: Torkoal\n|\n|-weather|SunnyDay|[upkeep]\n|-damage|p2a: Vigoroth|79/275 brn|[from] brn\n|upkeep\n|\n|t:|1781379307\n|switch|p1a: Yanmega|Yanmega, L82, M|275/275\n|turn|28\n|\n|t:|1781379313\n|move|p1a: Yanmega|Bug Buzz|p2a: Vigoroth\n|-damage|p2a: Vigoroth|0 fnt\n|faint|p2a: Vigoroth\n|\n|-weather|none\n|-ability|p1a: Yanmega|Speed Boost|boost\n|-boost|p1a: Yanmega|spe|1\n|upkeep\n|\n|t:|1781379321\n|switch|p2a: Ampharos|Ampharos, L88, F|215/302\n|turn|29\n|\n|t:|1781379326\n|-terastallize|p1a: Yanmega|Ground\n|move|p1a: Yanmega|Tera Blast|p2a: Ampharos|[anim] Tera Blast Ground\n|-supereffective|p2a: Ampharos\n|-damage|p2a: Ampharos|99/302\n|move|p2a: Ampharos|Volt Switch|p1a: Yanmega\n|-immune|p1a: Yanmega\n|\n|-ability|p1a: Yanmega|Speed Boost|boost\n|-boost|p1a: Yanmega|spe|1\n|upkeep\n|turn|30\n|\n|t:|1781379336\n|-terastallize|p2a: Ampharos|Fairy\n|move|p1a: Yanmega|Tera Blast|p2a: Ampharos|[anim] Tera Blast Ground\n|-damage|p2a: Ampharos|38/302\n|move|p2a: Ampharos|Dragon Tail|p1a: Yanmega|[miss]\n|-miss|p2a: Ampharos|p1a: Yanmega\n|\n|-ability|p1a: Yanmega|Speed Boost|boost\n|-boost|p1a: Yanmega|spe|1\n|upkeep\n|turn|31\n|\n|t:|1781379346\n|switch|p2a: Corviknight|Corviknight, L80, F|288/288 slp\n|-ability|p2a: Corviknight|Pressure\n|move|p1a: Yanmega|Bug Buzz|p2a: Corviknight\n|-resisted|p2a: Corviknight\n|-damage|p2a: Corviknight|261/288 slp\n|\n|-heal|p2a: Corviknight|279/288 slp|[from] item: Leftovers\n|-ability|p1a: Yanmega|Speed Boost|boost\n|-boost|p1a: Yanmega|spe|1\n|upkeep\n|turn|32\n|\n|t:|1781379353\n|switch|p1a: Poliwrath|Poliwrath, L88, M|302/302\n|cant|p2a: Corviknight|slp\n|\n|-heal|p2a: Corviknight|288/288 slp|[from] item: Leftovers\n|upkeep\n|turn|33\n|\n|t:|1781379357\n|move|p1a: Poliwrath|Bulk Up|p1a: Poliwrath\n|-boost|p1a: Poliwrath|atk|1\n|-boost|p1a: Poliwrath|def|1\n|-curestatus|p2a: Corviknight|slp|[msg]\n|move|p2a: Corviknight|Brave Bird|p1a: Poliwrath\n|-supereffective|p1a: Poliwrath\n|-damage|p1a: Poliwrath|162/302\n|-damage|p2a: Corviknight|242/288|[from] Recoil\n|\n|-heal|p1a: Poliwrath|180/302|[from] item: Leftovers\n|-heal|p2a: Corviknight|260/288|[from] item: Leftovers\n|upkeep\n|turn|34\n|\n|t:|1781379369\n|move|p1a: Poliwrath|Drain Punch|p2a: Corviknight\n|-damage|p2a: Corviknight|149/288\n|-heal|p1a: Poliwrath|236/302|[from] drain|[of] p2a: Corviknight\n|move|p2a: Corviknight|Brave Bird|p1a: Poliwrath\n|-supereffective|p1a: Poliwrath\n|-damage|p1a: Poliwrath|110/302\n|-damage|p2a: Corviknight|107/288|[from] Recoil\n|\n|-heal|p1a: Poliwrath|128/302|[from] item: Leftovers\n|-heal|p2a: Corviknight|125/288|[from] item: Leftovers\n|upkeep\n|turn|35\n|\n|t:|1781379374\n|move|p1a: Poliwrath|Drain Punch|p2a: Corviknight\n|-damage|p2a: Corviknight|2/288\n|-heal|p1a: Poliwrath|190/302|[from] drain|[of] p2a: Corviknight\n|move|p2a: Corviknight|Brave Bird|p1a: Poliwrath\n|-supereffective|p1a: Poliwrath\n|-damage|p1a: Poliwrath|64/302\n|-damage|p2a: Corviknight|0 fnt|[from] Recoil\n|faint|p2a: Corviknight\n|\n|-heal|p1a: Poliwrath|82/302|[from] item: Leftovers\n|upkeep\n|\n|t:|1781379378\n|switch|p2a: Jumpluff|Jumpluff, L87, M|271/271\n|turn|36\n|\n|t:|1781379383\n|move|p2a: Jumpluff|Acrobatics|p1a: Poliwrath\n|-supereffective|p1a: Poliwrath\n|-damage|p1a: Poliwrath|0 fnt\n|faint|p1a: Poliwrath\n|\n|upkeep\n|\n|t:|1781379391\n|switch|p1a: Yanmega|Yanmega, L82, M, tera:Ground|275/275\n|turn|37\n|\n|t:|1781379396\n|move|p2a: Jumpluff|Leech Seed|p1a: Yanmega\n|-start|p1a: Yanmega|move: Leech Seed\n|move|p1a: Yanmega|Air Slash|p2a: Jumpluff\n|-supereffective|p2a: Jumpluff\n|-damage|p2a: Jumpluff|121/271\n|\n|-damage|p1a: Yanmega|241/275|[from] Leech Seed|[of] p2a: Jumpluff\n|-heal|p2a: Jumpluff|155/271|[silent]\n|-ability|p1a: Yanmega|Speed Boost|boost\n|-boost|p1a: Yanmega|spe|1\n|upkeep\n|turn|38\n|\n|t:|1781379400\n|move|p1a: Yanmega|Air Slash|p2a: Jumpluff\n|-supereffective|p2a: Jumpluff\n|-damage|p2a: Jumpluff|0 fnt\n|faint|p2a: Jumpluff\n|\n|-ability|p1a: Yanmega|Speed Boost|boost\n|-boost|p1a: Yanmega|spe|1\n|upkeep\n|\n|t:|1781379405\n|switch|p2a: Victreebel|Victreebel, L90, F|236/290\n|turn|39\n|\n|t:|1781379411\n|move|p1a: Yanmega|Air Slash|p2a: Victreebel\n|-supereffective|p2a: Victreebel\n|-damage|p2a: Victreebel|50/290\n|move|p2a: Victreebel|Power Whip|p1a: Yanmega\n|-supereffective|p1a: Yanmega\n|-damage|p1a: Yanmega|0 fnt\n|faint|p1a: Yanmega\n|-damage|p2a: Victreebel|21/290|[from] item: Life Orb\n|\n|upkeep\n|\n|t:|1781379420\n|switch|p1a: Zacian|Zacian-Crowned, L64|225/225\n|-ability|p1a: Zacian|Intrepid Sword|boost\n|-boost|p1a: Zacian|atk|1\n|turn|40\n|\n|t:|1781379427\n|move|p1a: Zacian|Behemoth Blade|p2a: Victreebel\n|-damage|p2a: Victreebel|0 fnt\n|faint|p2a: Victreebel\n|\n|upkeep\n|\n|t:|1781379430\n|switch|p2a: Umbreon|Umbreon, L84, F|159/297\n|turn|41\n|\n|t:|1781379438\n|move|p2a: Umbreon|Protect|p2a: Umbreon\n|-singleturn|p2a: Umbreon|Protect\n|move|p1a: Zacian|Close Combat|p2a: Umbreon\n|-activate|p2a: Umbreon|move: Protect\n|\n|-heal|p2a: Umbreon|177/297|[from] item: Leftovers\n|upkeep\n|turn|42\n|\n|t:|1781379446\n|switch|p2a: Ampharos|Ampharos, L88, F, tera:Fairy|38/302\n|move|p1a: Zacian|Close Combat|p2a: Ampharos\n|-resisted|p2a: Ampharos\n|-damage|p2a: Ampharos|0 fnt\n|-unboost|p1a: Zacian|def|1\n|-unboost|p1a: Zacian|spd|1\n|faint|p2a: Ampharos\n|\n|upkeep\n|\n|t:|1781379451\n|switch|p2a: Umbreon|Umbreon, L84, F|177/297\n|turn|43\n|\n|t:|1781379453\n|move|p2a: Umbreon|Protect|p2a: Umbreon\n|-singleturn|p2a: Umbreon|Protect\n|move|p1a: Zacian|Close Combat|p2a: Umbreon\n|-activate|p2a: Umbreon|move: Protect\n|\n|-heal|p2a: Umbreon|195/297|[from] item: Leftovers\n|upkeep\n|turn|44\n|\n|t:|1781379457\n|move|p1a: Zacian|Close Combat|p2a: Umbreon\n|-supereffective|p2a: Umbreon\n|-damage|p2a: Umbreon|21/297\n|-unboost|p1a: Zacian|def|1\n|-unboost|p1a: Zacian|spd|1\n|move|p2a: Umbreon|Wish|p2a: Umbreon\n|\n|-heal|p2a: Umbreon|39/297|[from] item: Leftovers\n|upkeep\n|turn|45\n|\n|t:|1781379463\n|move|p2a: Umbreon|Protect|p2a: Umbreon\n|-singleturn|p2a: Umbreon|Protect\n|move|p1a: Zacian|Swords Dance|p1a: Zacian\n|-boost|p1a: Zacian|atk|2\n|\n|-heal|p2a: Umbreon|187/297|[from] move: Wish|[wisher] Umbreon\n|-heal|p2a: Umbreon|205/297|[from] item: Leftovers\n|upkeep\n|turn|46\n|\n|t:|1781379468\n|move|p2a: Umbreon|Protect|p2a: Umbreon\n|-singleturn|p2a: Umbreon|Protect\n|move|p1a: Zacian|Close Combat|p2a: Umbreon\n|-activate|p2a: Umbreon|move: Protect\n|\n|-heal|p2a: Umbreon|223/297|[from] item: Leftovers\n|upkeep\n|turn|47\n|\n|t:|1781379476\n|move|p2a: Umbreon|Protect|p2a: Umbreon\n|-singleturn|p2a: Umbreon|Protect\n|move|p1a: Zacian|Close Combat|p2a: Umbreon\n|-activate|p2a: Umbreon|move: Protect\n|\n|-heal|p2a: Umbreon|241/297|[from] item: Leftovers\n|upkeep\n|turn|48\n|\n|t:|1781379484\n|move|p2a: Umbreon|Protect||[still]\n|-fail|p2a: Umbreon\n|move|p1a: Zacian|Close Combat|p2a: Umbreon\n|-supereffective|p2a: Umbreon\n|-damage|p2a: Umbreon|0 fnt\n|-unboost|p1a: Zacian|def|1\n|-unboost|p1a: Zacian|spd|1\n|faint|p2a: Umbreon\n|\n|win|era.ryu\n|raw|era.ryu's rating: 1623 &rarr; <strong>1640</strong><br />(+17 for winning)\n|raw|UncleKrack's rating: 1570 &rarr; <strong>1553</strong><br />(-17 for losing)\n", "inputlog": ">version a8376a258c1d4662feba110a92103f3664a72141\n>start {\"formatid\":\"gen9randombattle\",\"seed\":\"sodium,14ef63d6a58f1b69952dec21bf5d6456\",\"rated\":\"Rated battle\"}\n>player p1 {\"name\":\"era.ryu\",\"avatar\":\"boarder\",\"rating\":1623,\"seed\":\"sodium,6e62bf5d3629727bd7a1ad5b5742a34b\"}\n>player p2 {\"name\":\"UncleKrack\",\"avatar\":\"emmet\",\"rating\":1570,\"seed\":\"sodium,a45491eab210964d5c4953f36d8cfbb4\"}\n>p1 move playrough\n>p2 switch 4\n>p1 move protect\n>p2 move powerwhip\n>p1 move yawn\n>p2 move swordsdance\n>p1 move protect\n>p2 switch 6\n>p1 move playrough\n>p2 move toxic\n>p1 move playrough\n>p2 move protect\n>p1 move yawn\n>p2 switch 5\n>p1 move protect\n>p2 move uturn\n>p1 switch 6\n>p2 move uturn\n>p1 move lavaplume\n>p2 switch 4\n>p1 move lavaplume\n>p2 move voltswitch\n>p2 switch 3\n>p1 move lavaplume\n>p2 move slackoff\n>p1 move lavaplume\n>p2 move bulkup\n>p1 switch 6\n>p2 move slackoff\n>p1 move wish\n>p2 move slackoff\n>p1 move playrough\n>p2 move bulkup\n>p1 move wish\n>p2 move bulkup\n>p1 switch 6\n>p2 move bulkup\n>p1 move lavaplume\n>p2 move bulkup\n>p1 move lavaplume\n>p2 move slackoff\n>p1 move lavaplume\n>p2 move slackoff\n>p1 move lavaplume\n>p2 move slackoff\n>p1 switch 6\n>p2 move slackoff\n>p1 switch 6\n>p2 move knockoff\n>p1 move lavaplume\n>p2 move bodyslam\n>p1 move lavaplume\n>p2 move slackoff\n>p1 move lavaplume\n>p2 move bodyslam\n>p1 switch 2\n>p1 move bugbuzz\n>p2 move bodyslam\n>p2 switch 3\n>p1 move terablast terastallize\n>p2 move voltswitch\n>p1 move terablast\n>p2 move dragontail terastallize\n>p1 move bugbuzz\n>p2 switch 4\n>p1 switch 4\n>p2 move bravebird\n>p1 move bulkup\n>p2 move bravebird\n>p1 move drainpunch\n>p2 move bravebird\n>p1 move drainpunch\n>p2 move bravebird\n>p2 switch 2\n>p1 move icepunch\n>p2 move acrobatics\n>p1 switch 4\n>p1 move airslash\n>p2 move leechseed\n>p1 move airslash\n>p2 move substitute\n>p2 switch 6\n>p1 move airslash\n>p2 move powerwhip\n>p1 switch 5\n>p1 move behemothblade\n>p2 move swordsdance\n>p2 switch 5\n>p1 move closecombat\n>p2 move protect\n>p1 move closecombat\n>p2 switch 4\n>p2 switch 4\n>p1 move closecombat\n>p2 move protect\n>p1 move closecombat\n>p2 move wish\n>p1 move swordsdance\n>p2 move protect\n>p1 move closecombat\n>p2 move protect\n>p1 move closecombat\n>p2 move protect\n>p1 move closecombat\n>p2 move protect", "uploadtime": 1781379484, "views": 7, "formatid": "gen9randombattle", "rating": 1553, "private": 0, "password": null, "player_dets": [{"name": "era.ryu", "avatar": "boarder", "rating": 1623, "seed": "sodium,6e62bf5d3629727bd7a1ad5b5742a34b"}, {"name": "UncleKrack", "avatar": "emmet", "rating": 1570, "seed": "sodium,a45491eab210964d5c4953f36d8cfbb4"}], "teams_full": [{"Dachsbun": {"name": "Dachsbun", "species": "Dachsbun", "speciesId": "dachsbun", "gender": "M", "shiny": false, "level": 92, "moves": ["playrough", "protect", "yawn", "wish"], "ability": "Well-Baked Body", "evs": {"hp": 85, "atk": 85, "def": 85, "spa": 85, "spd": 85, "spe": 85}, "ivs": {"hp": 31, "atk": 31, "def": 31, "spa": 31, "spd": 31, "spe": 31}, "item": "Leftovers", "teraType": "Steel", "role": "Bulky Support", "bvs": {"hp": 57, "atk": 80, "def": 115, "spa": 50, "spd": 80, "spe": 95}, "stats": {"hp": 254, "atk": 200, "def": 264, "spa": 144, "spd": 200, "spe": 227}, "types": ["Fairy"]}, "Yanmega": {"name": "Yanmega", "species": "Yanmega", "speciesId": "yanmega", "gender": "M", "shiny": false, "level": 82, "moves": ["terablast", "bugbuzz", "protect", "airslash"], "ability": "Speed Boost", "evs": {"hp": 85, "atk": 0, "def": 85, "spa": 85, "spd": 85, "spe": 85}, "ivs": {"hp": 31, "atk": 0, "def": 31, "spa": 31, "spd": 31, "spe": 31}, "item": "Heavy-Duty Boots", "teraType": "Ground", "role": "Tera Blast user", "bvs": {"hp": 86, "atk": 76, "def": 86, "spa": 116, "spd": 56, "spe": 95}, "stats": {"hp": 275, "atk": 129, "def": 188, "spa": 237, "spd": 139, "spe": 203}, "types": ["Bug", "Flying"]}, "Bellossom": {"name": "Bellossom", "species": "Bellossom", "speciesId": "bellossom", "gender": "M", "shiny": false, "level": 84, "moves": ["gigadrain", "quiverdance", "moonblast", "strengthsap"], "ability": "Chlorophyll", "evs": {"hp": 85, "atk": 0, "def": 85, "spa": 85, "spd": 85, "spe": 85}, "ivs": {"hp": 31, "atk": 0, "def": 31, "spa": 31, "spd": 31, "spe": 31}, "item": "Leftovers", "teraType": "Fairy", "role": "Bulky Setup", "bvs": {"hp": 75, "atk": 80, "def": 95, "spa": 90, "spd": 100, "spe": 50}, "stats": {"hp": 263, "atk": 139, "def": 208, "spa": 199, "spd": 216, "spe": 132}, "types": ["Grass"]}, "Poliwrath": {"name": "Poliwrath", "species": "Poliwrath", "speciesId": "poliwrath", "gender": "M", "shiny": false, "level": 88, "moves": ["liquidation", "icepunch", "drainpunch", "bulkup"], "ability": "Water Absorb", "evs": {"hp": 85, "atk": 85, "def": 85, "spa": 85, "spd": 85, "spe": 85}, "ivs": {"hp": 31, "atk": 31, "def": 31, "spa": 31, "spd": 31, "spe": 31}, "item": "Leftovers", "teraType": "Fighting", "role": "Bulky Setup", "bvs": {"hp": 90, "atk": 95, "def": 95, "spa": 70, "spd": 90, "spe": 70}, "stats": {"hp": 302, "atk": 217, "def": 217, "spa": 173, "spd": 209, "spe": 173}, "types": ["Water", "Fighting"]}, "Zacian": {"name": "Zacian", "species": "Zacian", "speciesId": "zaciancrowned", "gender": "N", "shiny": false, "level": 64, "moves": ["playrough", "swordsdance", "closecombat", "behemothblade"], "ability": "Intrepid Sword", "evs": {"hp": 85, "atk": 85, "def": 85, "spa": 85, "spd": 85, "spe": 85}, "ivs": {"hp": 31, "atk": 31, "def": 31, "spa": 31, "spd": 31, "spe": 31}, "item": "Rusted Sword", "teraType": "Fighting", "role": "Setup Sweeper", "bvs": {"hp": 92, "atk": 150, "def": 115, "spa": 80, "spd": 115, "spe": 148}, "stats": {"hp": 225, "atk": 230, "def": 185, "spa": 140, "spd": 185, "spe": 227}, "types": ["Fairy", "Steel"]}, "Torkoal": {"name": "Torkoal", "species": "Torkoal", "speciesId": "torkoal", "gender": "F", "shiny": false, "level": 88, "moves": ["yawn", "rapidspin", "lavaplume", "solarbeam"], "ability": "Drought", "evs": {"hp": 85, "atk": 85, "def": 85, "spa": 85, "spd": 85, "spe": 85}, "ivs": {"hp": 31, "atk": 31, "def": 31, "spa": 31, "spd": 31, "spe": 31}, "item": "Heavy-Duty Boots", "teraType": "Grass", "role": "Bulky Support", "bvs": {"hp": 70, "atk": 85, "def": 140, "spa": 85, "spd": 70, "spe": 20}, "stats": {"hp": 266, "atk": 200, "def": 297, "spa": 200, "spd": 173, "spe": 85}, "types": ["Fire"]}}, {"Ampharos": {"name": "Ampharos", "species": "Ampharos", "speciesId": "ampharos", "gender": "F", "shiny": false, "level": 88, "moves": ["discharge", "dazzlinggleam", "dragontail", "voltswitch"], "ability": "Static", "evs": {"hp": 85, "atk": 85, "def": 85, "spa": 85, "spd": 85, "spe": 85}, "ivs": {"hp": 31, "atk": 31, "def": 31, "spa": 31, "spd": 31, "spe": 31}, "item": "Assault Vest", "teraType": "Fairy", "role": "AV Pivot", "bvs": {"hp": 90, "atk": 75, "def": 85, "spa": 115, "spd": 90, "spe": 55}, "stats": {"hp": 302, "atk": 182, "def": 200, "spa": 253, "spd": 209, "spe": 147}, "types": ["Electric"]}, "Jumpluff": {"name": "Jumpluff", "species": "Jumpluff", "speciesId": "jumpluff", "gender": "M", "shiny": false, "level": 87, "moves": ["strengthsap", "acrobatics", "leechseed", "substitute"], "ability": "Infiltrator", "evs": {"hp": 81, "atk": 85, "def": 85, "spa": 85, "spd": 85, "spe": 85}, "ivs": {"hp": 31, "atk": 31, "def": 31, "spa": 31, "spd": 31, "spe": 31}, "item": "", "teraType": "Steel", "role": "Bulky Support", "bvs": {"hp": 75, "atk": 55, "def": 70, "spa": 55, "spd": 95, "spe": 110}, "stats": {"hp": 271, "atk": 145, "def": 172, "spa": 145, "spd": 215, "spe": 241}, "types": ["Grass", "Flying"]}, "Vigoroth": {"name": "Vigoroth", "species": "Vigoroth", "speciesId": "vigoroth", "gender": "M", "shiny": false, "level": 85, "moves": ["bodyslam", "slackoff", "bulkup", "knockoff"], "ability": "Vital Spirit", "evs": {"hp": 85, "atk": 85, "def": 85, "spa": 85, "spd": 85, "spe": 85}, "ivs": {"hp": 31, "atk": 31, "def": 31, "spa": 31, "spd": 31, "spe": 31}, "item": "Eviolite", "teraType": "Ghost", "role": "Bulky Setup", "bvs": {"hp": 80, "atk": 80, "def": 80, "spa": 55, "spd": 55, "spe": 90}, "stats": {"hp": 275, "atk": 185, "def": 185, "spa": 142, "spd": 142, "spe": 202}, "types": ["Normal"]}, "Victreebel": {"name": "Victreebel", "species": "Victreebel", "speciesId": "victreebel", "gender": "F", "shiny": false, "level": 90, "moves": ["poisonjab", "suckerpunch", "swordsdance", "powerwhip"], "ability": "Chlorophyll", "evs": {"hp": 85, "atk": 85, "def": 85, "spa": 85, "spd": 85, "spe": 85}, "ivs": {"hp": 31, "atk": 31, "def": 31, "spa": 31, "spd": 31, "spe": 31}, "item": "Life Orb", "teraType": "Grass", "role": "Setup Sweeper", "bvs": {"hp": 80, "atk": 105, "def": 65, "spa": 100, "spd": 70, "spe": 70}, "stats": {"hp": 290, "atk": 240, "def": 168, "spa": 231, "spd": 177, "spe": 177}, "types": ["Grass", "Poison"]}, "Corviknight": {"name": "Corviknight", "species": "Corviknight", "speciesId": "corviknight", "gender": "F", "shiny": false, "level": 80, "moves": ["defog", "bravebird", "uturn", "roost"], "ability": "Pressure", "evs": {"hp": 85, "atk": 85, "def": 85, "spa": 85, "spd": 85, "spe": 85}, "ivs": {"hp": 31, "atk": 31, "def": 31, "spa": 31, "spd": 31, "spe": 31}, "item": "Leftovers", "teraType": "Dragon", "role": "Bulky Support", "bvs": {"hp": 98, "atk": 87, "def": 105, "spa": 53, "spd": 85, "spe": 67}, "stats": {"hp": 288, "atk": 185, "def": 214, "spa": 131, "spd": 182, "spe": 153}, "types": ["Flying", "Steel"]}, "Umbreon": {"name": "Umbreon", "species": "Umbreon", "speciesId": "umbreon", "gender": "F", "shiny": false, "level": 84, "moves": ["foulplay", "wish", "protect", "toxic"], "ability": "Synchronize", "evs": {"hp": 85, "atk": 0, "def": 85, "spa": 85, "spd": 85, "spe": 85}, "ivs": {"hp": 31, "atk": 0, "def": 31, "spa": 31, "spd": 31, "spe": 31}, "item": "Leftovers", "teraType": "Poison", "role": "Bulky Support", "bvs": {"hp": 95, "atk": 65, "def": 110, "spa": 60, "spd": 130, "spe": 65}, "stats": {"hp": 297, "atk": 114, "def": 233, "spa": 149, "spd": 267, "spe": 157}, "types": ["Dark"]}}]}