{"id": "gen9randombattle-2631768724", "format": "[Gen 9] Random Battle", "players": ["Crysys1", "aarsje"], "log": "|j|\u2606Crysys1\n|j|\u2606aarsje\n|t:|1781436691\n|gametype|singles\n|player|p1|Crysys1|265|2151\n|player|p2|aarsje|li|2087\n|gen|9\n|tier|[Gen 9] Random Battle\n|rated|\n|rule|Species Clause: Limit one of each Pok\u00e9mon\n|rule|HP Percentage Mod: HP is shown in percentages\n|rule|Sleep Clause Mod: Limit one foe put to sleep\n|rule|Illusion Level Mod: Illusion disguises the Pok\u00e9mon's true level\n|\n|t:|1781436691\n|teamsize|p1|6\n|teamsize|p2|6\n|start\n|switch|p1a: Tsareena|Tsareena, L87, F|267/267\n|switch|p2a: Iron Thorns|Iron Thorns, L83|302/302\n|turn|1\n|\n|t:|1781436713\n|-end|p2a: Iron Thorns|Quark Drive|[silent]\n|switch|p2a: Regirock|Regirock, L83|268/268\n|move|p1a: Tsareena|Power Whip|p2a: Regirock\n|-supereffective|p2a: Regirock\n|-damage|p2a: Regirock|98/268\n|\n|-heal|p2a: Regirock|114/268|[from] item: Leftovers\n|upkeep\n|turn|2\n|\n|t:|1781436722\n|switch|p2a: Solgaleo|Solgaleo, L74|325/325\n|move|p1a: Tsareena|Power Whip|p2a: Solgaleo\n|-resisted|p2a: Solgaleo\n|-damage|p2a: Solgaleo|252/325\n|\n|upkeep\n|turn|3\n|\n|t:|1781436733\n|switch|p1a: Zapdos|Zapdos, L78|268/268\n|move|p2a: Solgaleo|Flame Charge|p1a: Zapdos\n|-damage|p1a: Zapdos|224/268\n|-boost|p2a: Solgaleo|spe|1\n|\n|upkeep\n|turn|4\n|\n|t:|1781436741\n|switch|p2a: Iron Thorns|Iron Thorns, L83|302/302\n|move|p1a: Zapdos|Discharge|p2a: Iron Thorns\n|-resisted|p2a: Iron Thorns\n|-damage|p2a: Iron Thorns|272/302\n|\n|upkeep\n|turn|5\n|\n|t:|1781436748\n|move|p1a: Zapdos|U-turn|p2a: Iron Thorns\n|-damage|p2a: Iron Thorns|236/302\n|\n|t:|1781436751\n|switch|p1a: Gliscor|Gliscor, L76, F|239/239|[from] U-turn\n|move|p2a: Iron Thorns|Stone Edge|p1a: Gliscor\n|-damage|p1a: Gliscor|130/239\n|\n|-status|p1a: Gliscor|tox|[from] item: Toxic Orb\n|upkeep\n|turn|6\n|\n|t:|1781436780\n|-end|p2a: Iron Thorns|Quark Drive|[silent]\n|switch|p2a: Grimmsnarl|Grimmsnarl, L83, M|293/293\n|move|p1a: Gliscor|Protect||[still]\n|-fail|p1a: Gliscor\n|\n|-heal|p1a: Gliscor|159/239 tox|[from] ability: Poison Heal\n|upkeep\n|turn|7\n|\n|t:|1781436800\n|move|p2a: Grimmsnarl|Reflect|p2a: Grimmsnarl\n|-sidestart|p2: aarsje|Reflect\n|move|p1a: Gliscor|Toxic Spikes|p2a: Grimmsnarl\n|-sidestart|p2: aarsje|move: Toxic Spikes\n|\n|-heal|p1a: Gliscor|188/239 tox|[from] ability: Poison Heal\n|upkeep\n|turn|8\n|\n|t:|1781436807\n|move|p2a: Grimmsnarl|Light Screen|p2a: Grimmsnarl\n|-sidestart|p2: aarsje|move: Light Screen\n|move|p1a: Gliscor|Knock Off|p2a: Grimmsnarl\n|-resisted|p2a: Grimmsnarl\n|-damage|p2a: Grimmsnarl|284/293\n|-enditem|p2a: Grimmsnarl|Light Clay|[from] move: Knock Off|[of] p1a: Gliscor\n|\n|-heal|p1a: Gliscor|217/239 tox|[from] ability: Poison Heal\n|upkeep\n|turn|9\n|\n|t:|1781436822\n|move|p1a: Gliscor|Toxic Spikes|p2a: Grimmsnarl\n|-sidestart|p2: aarsje|move: Toxic Spikes\n|move|p2a: Grimmsnarl|Spirit Break|p1a: Gliscor\n|-damage|p1a: Gliscor|133/239 tox\n|-unboost|p1a: Gliscor|spa|1\n|\n|-heal|p1a: Gliscor|162/239 tox|[from] ability: Poison Heal\n|upkeep\n|turn|10\n|\n|t:|1781436838\n|switch|p2a: Venomoth|Venomoth, L84, M|255/255\n|-sideend|p2: aarsje|move: Toxic Spikes|[of] p2a: Venomoth\n|move|p1a: Gliscor|Earthquake|p2a: Venomoth\n|-damage|p2a: Venomoth|204/255\n|\n|-heal|p1a: Gliscor|191/239 tox|[from] ability: Poison Heal\n|upkeep\n|turn|11\n|\n|t:|1781436857\n|switch|p1a: Zapdos|Zapdos, L78|224/268\n|move|p2a: Venomoth|Quiver Dance|p2a: Venomoth\n|-boost|p2a: Venomoth|spa|1\n|-boost|p2a: Venomoth|spd|1\n|-boost|p2a: Venomoth|spe|1\n|\n|upkeep\n|turn|12\n|\n|t:|1781436869\n|move|p2a: Venomoth|Sleep Powder|p1a: Zapdos|[miss]\n|-miss|p2a: Venomoth|p1a: Zapdos\n|move|p1a: Zapdos|Discharge|p2a: Venomoth\n|-damage|p2a: Venomoth|169/255\n|\n|upkeep\n|turn|13\n|\n|t:|1781436879\n|move|p2a: Venomoth|Sleep Powder|p1a: Zapdos\n|-status|p1a: Zapdos|slp|[from] move: Sleep Powder\n|cant|p1a: Zapdos|slp\n|\n|upkeep\n|turn|14\n|\n|t:|1781436886\n|switch|p1a: Arcanine|Arcanine-Hisui, L79, M|279/279\n|move|p2a: Venomoth|Bug Buzz|p1a: Arcanine\n|-resisted|p1a: Arcanine\n|-damage|p1a: Arcanine|121/279\n|\n|-sideend|p2: aarsje|Reflect\n|upkeep\n|turn|15\n|\n|t:|1781436931\n|move|p1a: Arcanine|Extreme Speed|p2a: Venomoth\n|-damage|p2a: Venomoth|51/255\n|move|p2a: Venomoth|Bug Buzz|p1a: Arcanine\n|-resisted|p1a: Arcanine\n|-damage|p1a: Arcanine|0 fnt\n|faint|p1a: Arcanine\n|\n|-sideend|p2: aarsje|move: Light Screen\n|upkeep\n|\n|t:|1781436941\n|switch|p1a: Gliscor|Gliscor, L76, F|191/239 tox\n|turn|16\n|\n|t:|1781436951\n|move|p2a: Venomoth|Sludge Wave|p1a: Gliscor\n|-resisted|p1a: Gliscor\n|-damage|p1a: Gliscor|23/239 tox\n|move|p1a: Gliscor|Earthquake|p2a: Venomoth\n|-damage|p2a: Venomoth|0 fnt\n|faint|p2a: Venomoth\n|\n|-heal|p1a: Gliscor|52/239 tox|[from] ability: Poison Heal\n|upkeep\n|\n|t:|1781436970\n|switch|p2a: Solgaleo|Solgaleo, L74|252/325\n|turn|17\n|\n|t:|1781436985\n|move|p1a: Gliscor|Protect|p1a: Gliscor\n|-singleturn|p1a: Gliscor|Protect\n|move|p2a: Solgaleo|Sunsteel Strike|p1a: Gliscor\n|-activate|p1a: Gliscor|move: Protect\n|\n|-heal|p1a: Gliscor|81/239 tox|[from] ability: Poison Heal\n|upkeep\n|turn|18\n|\n|t:|1781436995\n|switch|p1a: Zapdos|Zapdos, L78|224/268 slp\n|move|p2a: Solgaleo|Sunsteel Strike|p1a: Zapdos\n|-resisted|p1a: Zapdos\n|-damage|p1a: Zapdos|167/268 slp\n|-status|p2a: Solgaleo|par|[from] ability: Static|[of] p1a: Zapdos\n|\n|upkeep\n|turn|19\n|\n|t:|1781437004\n|switch|p2a: Grimmsnarl|Grimmsnarl, L83, M|284/293\n|-curestatus|p1a: Zapdos|slp|[msg]\n|move|p1a: Zapdos|Roost|p1a: Zapdos\n|-heal|p1a: Zapdos|268/268\n|-singleturn|p1a: Zapdos|move: Roost\n|\n|upkeep\n|turn|20\n|\n|t:|1781437010\n|move|p2a: Grimmsnarl|Light Screen|p2a: Grimmsnarl\n|-sidestart|p2: aarsje|move: Light Screen\n|move|p1a: Zapdos|U-turn|p2a: Grimmsnarl\n|-damage|p2a: Grimmsnarl|228/293\n|\n|t:|1781437014\n|switch|p1a: Gliscor|Gliscor, L76, F|81/239 tox|[from] U-turn\n|\n|-heal|p1a: Gliscor|110/239 tox|[from] ability: Poison Heal\n|upkeep\n|turn|21\n|\n|t:|1781437020\n|move|p1a: Gliscor|Toxic Spikes|p2a: Grimmsnarl\n|-sidestart|p2: aarsje|move: Toxic Spikes\n|move|p2a: Grimmsnarl|Spirit Break|p1a: Gliscor\n|-damage|p1a: Gliscor|31/239 tox\n|-unboost|p1a: Gliscor|spa|1\n|\n|-heal|p1a: Gliscor|60/239 tox|[from] ability: Poison Heal\n|upkeep\n|turn|22\n|-message|aarsje forfeited.\n|\n|win|Crysys1\n", "uploadtime": 1781436694, "views": 3, "formatid": "gen9randombattle", "rating": null, "private": 0, "password": null}