{"id": "gen9randombattle-2631805743", "format": "[Gen 9] Random Battle", "players": ["moomoo798", "rosymo"], "log": "|j|\u2606moomoo798\n|j|\u2606rosymo\n|t:|1781442303\n|gametype|singles\n|player|p1|moomoo798|jasmine|2051\n|player|p2|rosymo|dawn|2151\n|gen|9\n|tier|[Gen 9] Random Battle\n|rated|\n|rule|Species Clause: Limit one of each Pok\u00e9mon\n|rule|HP Percentage Mod: HP is shown in percentages\n|rule|Sleep Clause Mod: Limit one foe put to sleep\n|rule|Illusion Level Mod: Illusion disguises the Pok\u00e9mon's true level\n|\n|t:|1781442303\n|teamsize|p1|6\n|teamsize|p2|6\n|start\n|switch|p1a: Gastrodon|Gastrodon, L86, M|331/331\n|switch|p2a: Reuniclus|Reuniclus, L88, F|337/337\n|turn|1\n|inactive|Battle timer is ON: inactive players will automatically lose when time's up. (requested by moomoo798)\n|inactive|moomoo798 has 120 seconds left.\n|\n|t:|1781442342\n|move|p1a: Gastrodon|Stealth Rock|p2a: Reuniclus\n|-sidestart|p2: rosymo|move: Stealth Rock\n|move|p2a: Reuniclus|Calm Mind|p2a: Reuniclus\n|-boost|p2a: Reuniclus|spa|1\n|-boost|p2a: Reuniclus|spd|1\n|\n|upkeep\n|turn|2\n|\n|t:|1781442357\n|switch|p1a: Braviary|Braviary, L85, M|309/309\n|move|p2a: Reuniclus|Psyshock|p1a: Braviary\n|-damage|p1a: Braviary|52/309\n|\n|upkeep\n|turn|3\n|\n|t:|1781442368\n|move|p1a: Braviary|Brave Bird|p2a: Reuniclus\n|-damage|p2a: Reuniclus|172/337\n|-damage|p1a: Braviary|0 fnt|[from] Recoil\n|faint|p1a: Braviary\n|move|p2a: Reuniclus|Recover|p2a: Reuniclus\n|-heal|p2a: Reuniclus|337/337\n|\n|upkeep\n|\n|t:|1781442381\n|switch|p1a: Rayquaza|Rayquaza, L72|270/270\n|-ability|p1a: Rayquaza|Air Lock\n|turn|4\n|\n|t:|1781442384\n|move|p1a: Rayquaza|Swords Dance|p1a: Rayquaza\n|-boost|p1a: Rayquaza|atk|2\n|move|p2a: Reuniclus|Psyshock|p1a: Rayquaza\n|-damage|p1a: Rayquaza|24/270\n|\n|upkeep\n|turn|5\n|\n|t:|1781442392\n|-terastallize|p1a: Rayquaza|Dragon\n|move|p1a: Rayquaza|Scale Shot|p2a: Reuniclus\n|-damage|p2a: Reuniclus|253/337\n|-damage|p2a: Reuniclus|167/337\n|-damage|p2a: Reuniclus|91/337\n|-damage|p2a: Reuniclus|11/337\n|-damage|p2a: Reuniclus|0 fnt\n|faint|p2a: Reuniclus\n|-hitcount|p2: Reuniclus|5\n|-unboost|p1a: Rayquaza|def|1\n|-boost|p1a: Rayquaza|spe|1\n|\n|upkeep\n|\n|t:|1781442401\n|switch|p2a: Dachsbun|Dachsbun, L92, M|254/254\n|-damage|p2a: Dachsbun|223/254|[from] Stealth Rock\n|turn|6\n|\n|t:|1781442405\n|move|p1a: Rayquaza|Dragon Ascent|p2a: Dachsbun\n|-damage|p2a: Dachsbun|34/254\n|-unboost|p1a: Rayquaza|def|1\n|-unboost|p1a: Rayquaza|spd|1\n|move|p2a: Dachsbun|Play Rough|p1a: Rayquaza\n|-supereffective|p1a: Rayquaza\n|-damage|p1a: Rayquaza|0 fnt\n|faint|p1a: Rayquaza\n|\n|-heal|p2a: Dachsbun|49/254|[from] item: Leftovers\n|upkeep\n|\n|t:|1781442413\n|switch|p1a: Gastrodon|Gastrodon, L86, M|331/331\n|turn|7\n|\n|t:|1781442417\n|move|p2a: Dachsbun|Protect|p2a: Dachsbun\n|-singleturn|p2a: Dachsbun|Protect\n|move|p1a: Gastrodon|Sludge Bomb|p2a: Dachsbun\n|-activate|p2a: Dachsbun|move: Protect\n|\n|-heal|p2a: Dachsbun|64/254|[from] item: Leftovers\n|upkeep\n|turn|8\n|\n|t:|1781442424\n|switch|p2a: Hypno|Hypno, L95, F|315/315\n|-damage|p2a: Hypno|276/315|[from] Stealth Rock\n|move|p1a: Gastrodon|Earthquake|p2a: Hypno\n|-damage|p2a: Hypno|168/315\n|\n|-heal|p2a: Hypno|187/315|[from] item: Leftovers\n|upkeep\n|turn|9\n|\n|t:|1781442429\n|move|p2a: Hypno|Knock Off|p1a: Gastrodon\n|-damage|p1a: Gastrodon|252/331\n|-enditem|p1a: Gastrodon|Leftovers|[from] move: Knock Off|[of] p2a: Hypno\n|move|p1a: Gastrodon|Earthquake|p2a: Hypno\n|-damage|p2a: Hypno|81/315\n|\n|-heal|p2a: Hypno|100/315|[from] item: Leftovers\n|upkeep\n|turn|10\n|\n|t:|1781442432\n|move|p2a: Hypno|Psychic Noise|p1a: Gastrodon\n|-damage|p1a: Gastrodon|167/331\n|-start|p1a: Gastrodon|move: Heal Block\n|move|p1a: Gastrodon|Earthquake|p2a: Hypno\n|-damage|p2a: Hypno|0 fnt\n|faint|p2a: Hypno\n|\n|upkeep\n|\n|t:|1781442438\n|switch|p2a: Dachsbun|Dachsbun, L92, M|64/254\n|-damage|p2a: Dachsbun|33/254|[from] Stealth Rock\n|turn|11\n|\n|t:|1781442441\n|move|p2a: Dachsbun|Wish|p2a: Dachsbun\n|move|p1a: Gastrodon|Earthquake|p2a: Dachsbun\n|-damage|p2a: Dachsbun|0 fnt\n|faint|p2a: Dachsbun\n|\n|-end|p1a: Gastrodon|move: Heal Block\n|upkeep\n|\n|t:|1781442443\n|switch|p2a: Pelipper|Pelipper, L86, M|243/243\n|-damage|p2a: Pelipper|183/243|[from] Stealth Rock\n|-weather|RainDance|[from] ability: Drizzle|[of] p2a: Pelipper\n|turn|12\n|\n|t:|1781442451\n|switch|p1a: Avalugg|Avalugg-Hisui, L90, M|317/317\n|move|p2a: Pelipper|Hurricane|p1a: Avalugg\n|-resisted|p1a: Avalugg\n|-damage|p1a: Avalugg|155/317\n|\n|-weather|RainDance|[upkeep]\n|-heal|p2a: Pelipper|243/243|[from] move: Wish|[wisher] Dachsbun\n|upkeep\n|turn|13\n|\n|t:|1781442467\n|move|p2a: Pelipper|Hurricane|p1a: Avalugg\n|-resisted|p1a: Avalugg\n|-damage|p1a: Avalugg|0 fnt\n|faint|p1a: Avalugg\n|\n|-weather|RainDance|[upkeep]\n|upkeep\n|\n|t:|1781442477\n|switch|p1a: Latios|Latios, L78, M|253/253\n|turn|14\n|\n|t:|1781442482\n|move|p1a: Latios|Draco Meteor|p2a: Pelipper\n|-damage|p2a: Pelipper|0 fnt\n|-unboost|p1a: Latios|spa|2\n|faint|p2a: Pelipper\n|\n|-weather|RainDance|[upkeep]\n|upkeep\n|\n|t:|1781442488\n|switch|p2a: Blastoise|Blastoise, L80, M|258/258\n|-damage|p2a: Blastoise|226/258|[from] Stealth Rock\n|turn|15\n|\n|t:|1781442512\n|switch|p1a: Gastrodon|Gastrodon, L86, M|167/331\n|move|p2a: Blastoise|Shell Smash|p2a: Blastoise\n|-unboost|p2a: Blastoise|def|1\n|-unboost|p2a: Blastoise|spd|1\n|-boost|p2a: Blastoise|atk|2\n|-boost|p2a: Blastoise|spa|2\n|-boost|p2a: Blastoise|spe|2\n|-enditem|p2a: Blastoise|White Herb\n|-clearnegativeboost|p2a: Blastoise|[silent]\n|\n|-weather|RainDance|[upkeep]\n|upkeep\n|turn|16\n|\n|t:|1781442518\n|-terastallize|p2a: Blastoise|Grass\n|move|p2a: Blastoise|Tera Blast|p1a: Gastrodon|[anim] Tera Blast Grass\n|-supereffective|p1a: Gastrodon\n|-damage|p1a: Gastrodon|0 fnt\n|faint|p1a: Gastrodon\n|\n|-weather|none\n|upkeep\n|\n|t:|1781442521\n|switch|p1a: Medicham|Medicham, L86, M|243/243\n|turn|17\n|\n|t:|1781442533\n|move|p2a: Blastoise|Hydro Pump|p1a: Medicham\n|-crit|p1a: Medicham\n|-damage|p1a: Medicham|0 fnt\n|faint|p1a: Medicham\n|\n|upkeep\n|\n|t:|1781442545\n|switch|p1a: Latios|Latios, L78, M|253/253\n|turn|18\n|\n|t:|1781442551\n|move|p2a: Blastoise|Ice Beam|p1a: Latios\n|-supereffective|p1a: Latios\n|-crit|p1a: Latios\n|-damage|p1a: Latios|0 fnt\n|faint|p1a: Latios\n|\n|win|rosymo\n", "inputlog": ">version a8376a258c1d4662feba110a92103f3664a72141\n>start {\"formatid\":\"gen9randombattle\",\"seed\":\"sodium,1adb6ed1889e66e3c49a03c0a42292c4\",\"rated\":\"Rated battle\"}\n>player p1 {\"name\":\"moomoo798\",\"avatar\":\"jasmine\",\"rating\":2051,\"seed\":\"sodium,991026645ae27103881ac180ffa83c52\"}\n>player p2 {\"name\":\"rosymo\",\"avatar\":\"dawn\",\"rating\":2151,\"seed\":\"sodium,83bb06002a3243e3976b4e211f6eedf0\"}\n>p1 move stealthrock\n>p2 move calmmind\n>p1 switch 2\n>p2 move psyshock\n>p1 move bravebird\n>p2 move recover\n>p1 switch 3\n>p1 move swordsdance\n>p2 move psyshock\n>p1 move scaleshot terastallize\n>p2 move psyshock\n>p2 switch 6\n>p1 move dragonascent\n>p2 move playrough\n>p1 switch 2\n>p1 move sludgebomb\n>p2 move protect\n>p1 move earthquake\n>p2 switch 5\n>p1 move earthquake\n>p2 move knockoff\n>p1 move earthquake\n>p2 move psychicnoise\n>p2 switch 5\n>p1 move earthquake\n>p2 move wish\n>p2 switch 4\n>p1 switch 4\n>p2 move hurricane\n>p1 move stoneedge\n>p2 move hurricane\n>p1 switch 6\n>p1 move dracometeor\n>p2 move hurricane\n>p2 switch 2\n>p1 switch 4\n>p2 move shellsmash\n>p1 move earthquake\n>p2 move terablast terastallize\n>p1 switch 5\n>p1 move closecombat\n>p2 move hydropump\n>p1 switch 4\n>p1 move lusterpurge\n>p2 move icebeam", "uploadtime": 1781442305, "views": 6, "formatid": "gen9randombattle", "rating": null, "private": 0, "password": null}