{"id": "gen9randombattle-2632008784", "format": "[Gen 9] Random Battle", "players": ["TSM-Virgil", "who is to say"], "log": "|j|\u2606TSM-Virgil\n|j|\u2606who is to say\n|t:|1781465447\n|gametype|singles\n|player|p1|TSM-Virgil|acetrainer|2123\n|player|p2|who is to say|101|2289\n|gen|9\n|tier|[Gen 9] Random Battle\n|rated|\n|rule|Species Clause: Limit one of each Pok\u00e9mon\n|rule|HP Percentage Mod: HP is shown in percentages\n|rule|Sleep Clause Mod: Limit one foe put to sleep\n|rule|Illusion Level Mod: Illusion disguises the Pok\u00e9mon's true level\n|\n|t:|1781465447\n|teamsize|p1|6\n|teamsize|p2|6\n|start\n|switch|p1a: Archaludon|Archaludon, L78, F|268/268\n|switch|p2a: Overqwil|Overqwil, L82, M|274/274\n|-ability|p2a: Overqwil|Intimidate|boost\n|-unboost|p1a: Archaludon|atk|1\n|turn|1\n|inactive|Battle timer is ON: inactive players will automatically lose when time's up. (requested by TSM-Virgil)\n|inactive|TSM-Virgil has 120 seconds left.\n|\n|t:|1781465478\n|switch|p2a: Gliscor|Gliscor, L76, F|239/239\n|move|p1a: Archaludon|Swords Dance|p1a: Archaludon\n|-boost|p1a: Archaludon|atk|2\n|\n|-status|p2a: Gliscor|tox|[from] item: Toxic Orb\n|upkeep\n|turn|2\n|\n|t:|1781465500\n|move|p2a: Gliscor|Earthquake|p1a: Archaludon\n|-supereffective|p1a: Archaludon\n|-damage|p1a: Archaludon|130/268\n|-ability|p1a: Archaludon|Stamina|boost\n|-boost|p1a: Archaludon|def|1\n|move|p1a: Archaludon|Swords Dance|p1a: Archaludon\n|-boost|p1a: Archaludon|atk|2\n|\n|upkeep\n|turn|3\n|\n|t:|1781465523\n|move|p2a: Gliscor|Substitute|p2a: Gliscor\n|-start|p2a: Gliscor|Substitute\n|-damage|p2a: Gliscor|180/239 tox\n|move|p1a: Archaludon|Iron Head|p2a: Gliscor\n|-end|p2a: Gliscor|Substitute\n|\n|-heal|p2a: Gliscor|209/239 tox|[from] ability: Poison Heal\n|upkeep\n|turn|4\n|\n|t:|1781465530\n|move|p2a: Gliscor|Protect|p2a: Gliscor\n|-singleturn|p2a: Gliscor|Protect\n|move|p1a: Archaludon|Iron Head|p2a: Gliscor\n|-activate|p2a: Gliscor|move: Protect\n|\n|-heal|p2a: Gliscor|238/239 tox|[from] ability: Poison Heal\n|upkeep\n|turn|5\n|\n|t:|1781465544\n|move|p2a: Gliscor|Earthquake|p1a: Archaludon\n|-supereffective|p1a: Archaludon\n|-damage|p1a: Archaludon|38/268\n|-ability|p1a: Archaludon|Stamina|boost\n|-boost|p1a: Archaludon|def|1\n|move|p1a: Archaludon|Iron Head|p2a: Gliscor\n|-damage|p2a: Gliscor|63/239 tox\n|\n|-heal|p2a: Gliscor|92/239 tox|[from] ability: Poison Heal\n|upkeep\n|turn|6\n|\n|t:|1781465549\n|move|p2a: Gliscor|Earthquake|p1a: Archaludon\n|-supereffective|p1a: Archaludon\n|-damage|p1a: Archaludon|0 fnt\n|faint|p1a: Archaludon\n|\n|-heal|p2a: Gliscor|121/239 tox|[from] ability: Poison Heal\n|upkeep\n|\n|t:|1781465554\n|switch|p1a: Ogerpon|Ogerpon-Wellspring, L76, F|247/247\n|turn|7\n|\n|t:|1781465557\n|switch|p2a: Overqwil|Overqwil, L82, M|274/274\n|-ability|p2a: Overqwil|Intimidate|boost\n|-unboost|p1a: Ogerpon|atk|1\n|move|p1a: Ogerpon|Ivy Cudgel|p2a: Overqwil|[anim] Ivy Cudgel Water\n|-damage|p2a: Overqwil|196/274\n|\n|upkeep\n|turn|8\n|\n|t:|1781465570\n|switch|p1a: Zacian|Zacian-Crowned, L64|225/225\n|-ability|p1a: Zacian|Intrepid Sword|boost\n|-boost|p1a: Zacian|atk|1\n|move|p2a: Overqwil|Scale Shot|p1a: Zacian\n|-immune|p1a: Zacian\n|\n|upkeep\n|turn|9\n|\n|t:|1781465574\n|switch|p2a: Klefki|Klefki, L84, M|233/233\n|move|p1a: Zacian|Swords Dance|p1a: Zacian\n|-boost|p1a: Zacian|atk|2\n|\n|upkeep\n|turn|10\n|\n|t:|1781465580\n|move|p2a: Klefki|Thunder Wave|p1a: Zacian\n|-status|p1a: Zacian|par\n|move|p1a: Zacian|Behemoth Blade|p2a: Klefki\n|-damage|p2a: Klefki|31/233\n|\n|-heal|p2a: Klefki|45/233|[from] item: Leftovers\n|upkeep\n|turn|11\n|\n|t:|1781465583\n|move|p2a: Klefki|Spikes|p1a: Zacian\n|-sidestart|p1: TSM-Virgil|Spikes\n|move|p1a: Zacian|Behemoth Blade|p2a: Klefki\n|-damage|p2a: Klefki|0 fnt\n|faint|p2a: Klefki\n|\n|upkeep\n|\n|t:|1781465592\n|switch|p2a: Gliscor|Gliscor, L76, F|121/239 tox\n|turn|12\n|\n|t:|1781465597\n|switch|p1a: Avalugg|Avalugg-Hisui, L90, M|317/317\n|move|p2a: Gliscor|Protect||[still]\n|-fail|p2a: Gliscor\n|\n|-heal|p2a: Gliscor|150/239 tox|[from] ability: Poison Heal\n|upkeep\n|turn|13\n|\n|t:|1781465600\n|move|p2a: Gliscor|Protect|p2a: Gliscor\n|-singleturn|p2a: Gliscor|Protect\n|move|p1a: Avalugg|Avalanche|p2a: Gliscor\n|-activate|p2a: Gliscor|move: Protect\n|\n|-heal|p2a: Gliscor|179/239 tox|[from] ability: Poison Heal\n|upkeep\n|turn|14\n|\n|t:|1781465604\n|switch|p2a: Overqwil|Overqwil, L82, M|196/274\n|-ability|p2a: Overqwil|Intimidate|boost\n|-unboost|p1a: Avalugg|atk|1\n|move|p1a: Avalugg|Avalanche|p2a: Overqwil\n|-crit|p2a: Overqwil\n|-damage|p2a: Overqwil|61/274\n|\n|upkeep\n|turn|15\n|\n|t:|1781465617\n|switch|p2a: Grumpig|Grumpig, L92, M|297/297\n|move|p1a: Avalugg|Rapid Spin|p2a: Grumpig\n|-damage|p2a: Grumpig|259/297\n|-boost|p1a: Avalugg|spe|1\n|-sideend|p1: TSM-Virgil|Spikes|[from] move: Rapid Spin|[of] p1a: Avalugg\n|\n|-heal|p2a: Grumpig|277/297|[from] item: Leftovers\n|upkeep\n|turn|16\n|\n|t:|1781465625\n|switch|p1a: Ogerpon|Ogerpon-Wellspring, L76, F|247/247\n|move|p2a: Grumpig|Nasty Plot|p2a: Grumpig\n|-boost|p2a: Grumpig|spa|2\n|\n|-heal|p2a: Grumpig|295/297|[from] item: Leftovers\n|upkeep\n|turn|17\n|\n|t:|1781465633\n|move|p1a: Ogerpon|Swords Dance|p1a: Ogerpon\n|-boost|p1a: Ogerpon|atk|2\n|move|p2a: Grumpig|Psyshock|p1a: Ogerpon\n|-damage|p1a: Ogerpon|24/247\n|\n|-heal|p2a: Grumpig|297/297|[from] item: Leftovers\n|upkeep\n|turn|18\n|\n|t:|1781465642\n|move|p1a: Ogerpon|Ivy Cudgel|p2a: Grumpig|[anim] Ivy Cudgel Water\n|-damage|p2a: Grumpig|18/297\n|move|p2a: Grumpig|Psyshock|p1a: Ogerpon\n|-damage|p1a: Ogerpon|0 fnt\n|faint|p1a: Ogerpon\n|\n|-heal|p2a: Grumpig|36/297|[from] item: Leftovers\n|upkeep\n|\n|t:|1781465670\n|switch|p1a: Zacian|Zacian-Crowned, L64|225/225 par\n|turn|19\n|\n|t:|1781465679\n|move|p2a: Grumpig|Shadow Ball|p1a: Zacian\n|-damage|p1a: Zacian|82/225 par\n|-unboost|p1a: Zacian|spd|1\n|move|p1a: Zacian|Behemoth Blade|p2a: Grumpig\n|-damage|p2a: Grumpig|0 fnt\n|faint|p2a: Grumpig\n|\n|upkeep\n|\n|t:|1781465685\n|switch|p2a: Gliscor|Gliscor, L76, F|179/239 tox\n|turn|20\n|\n|t:|1781465697\n|switch|p1a: Avalugg|Avalugg-Hisui, L90, M|317/317\n|move|p2a: Gliscor|Substitute|p2a: Gliscor\n|-start|p2a: Gliscor|Substitute\n|-damage|p2a: Gliscor|120/239 tox\n|\n|-heal|p2a: Gliscor|149/239 tox|[from] ability: Poison Heal\n|upkeep\n|turn|21\n|\n|t:|1781465704\n|move|p2a: Gliscor|Protect|p2a: Gliscor\n|-singleturn|p2a: Gliscor|Protect\n|move|p1a: Avalugg|Avalanche|p2a: Gliscor\n|-activate|p2a: Gliscor|move: Protect\n|\n|-heal|p2a: Gliscor|178/239 tox|[from] ability: Poison Heal\n|upkeep\n|turn|22\n|\n|t:|1781465707\n|move|p2a: Gliscor|Toxic|p1a: Avalugg|[miss]\n|-miss|p2a: Gliscor|p1a: Avalugg\n|move|p1a: Avalugg|Avalanche|p2a: Gliscor\n|-supereffective|p2a: Gliscor\n|-end|p2a: Gliscor|Substitute\n|\n|-heal|p2a: Gliscor|207/239 tox|[from] ability: Poison Heal\n|upkeep\n|turn|23\n|\n|t:|1781465710\n|move|p2a: Gliscor|Protect|p2a: Gliscor\n|-singleturn|p2a: Gliscor|Protect\n|move|p1a: Avalugg|Avalanche|p2a: Gliscor\n|-activate|p2a: Gliscor|move: Protect\n|\n|-heal|p2a: Gliscor|236/239 tox|[from] ability: Poison Heal\n|upkeep\n|turn|24\n|\n|t:|1781465724\n|move|p2a: Gliscor|Substitute|p2a: Gliscor\n|-start|p2a: Gliscor|Substitute\n|-damage|p2a: Gliscor|177/239 tox\n|move|p1a: Avalugg|Avalanche|p2a: Gliscor\n|-supereffective|p2a: Gliscor\n|-end|p2a: Gliscor|Substitute\n|\n|-heal|p2a: Gliscor|206/239 tox|[from] ability: Poison Heal\n|upkeep\n|turn|25\n|\n|t:|1781465729\n|move|p2a: Gliscor|Protect|p2a: Gliscor\n|-singleturn|p2a: Gliscor|Protect\n|move|p1a: Avalugg|Stone Edge|p2a: Gliscor\n|-activate|p2a: Gliscor|move: Protect\n|\n|-heal|p2a: Gliscor|235/239 tox|[from] ability: Poison Heal\n|upkeep\n|turn|26\n|\n|t:|1781465731\n|move|p2a: Gliscor|Substitute|p2a: Gliscor\n|-start|p2a: Gliscor|Substitute\n|-damage|p2a: Gliscor|176/239 tox\n|move|p1a: Avalugg|Avalanche|p2a: Gliscor\n|-supereffective|p2a: Gliscor\n|-end|p2a: Gliscor|Substitute\n|\n|-heal|p2a: Gliscor|205/239 tox|[from] ability: Poison Heal\n|upkeep\n|turn|27\n|\n|t:|1781465736\n|move|p2a: Gliscor|Substitute|p2a: Gliscor\n|-start|p2a: Gliscor|Substitute\n|-damage|p2a: Gliscor|146/239 tox\n|move|p1a: Avalugg|Stone Edge|p2a: Gliscor\n|-end|p2a: Gliscor|Substitute\n|\n|-heal|p2a: Gliscor|175/239 tox|[from] ability: Poison Heal\n|upkeep\n|turn|28\n|\n|t:|1781465738\n|move|p2a: Gliscor|Protect|p2a: Gliscor\n|-singleturn|p2a: Gliscor|Protect\n|move|p1a: Avalugg|Avalanche|p2a: Gliscor\n|-activate|p2a: Gliscor|move: Protect\n|\n|-heal|p2a: Gliscor|204/239 tox|[from] ability: Poison Heal\n|upkeep\n|turn|29\n|\n|t:|1781465741\n|move|p2a: Gliscor|Substitute|p2a: Gliscor\n|-start|p2a: Gliscor|Substitute\n|-damage|p2a: Gliscor|145/239 tox\n|move|p1a: Avalugg|Stone Edge|p2a: Gliscor|[miss]\n|-miss|p1a: Avalugg|p2a: Gliscor\n|\n|-heal|p2a: Gliscor|174/239 tox|[from] ability: Poison Heal\n|upkeep\n|turn|30\n|\n|t:|1781465745\n|switch|p1a: Zacian|Zacian-Crowned, L64|82/225 par\n|move|p2a: Gliscor|Protect||[still]\n|-fail|p2a: Gliscor\n|\n|-heal|p2a: Gliscor|203/239 tox|[from] ability: Poison Heal\n|upkeep\n|turn|31\n|\n|t:|1781465747\n|switch|p1a: Avalugg|Avalugg-Hisui, L90, M|317/317\n|move|p2a: Gliscor|Earthquake|p1a: Avalugg\n|-supereffective|p1a: Avalugg\n|-damage|p1a: Avalugg|221/317\n|\n|-heal|p2a: Gliscor|232/239 tox|[from] ability: Poison Heal\n|upkeep\n|turn|32\n|\n|t:|1781465750\n|move|p2a: Gliscor|Toxic|p1a: Avalugg\n|-status|p1a: Avalugg|tox\n|move|p1a: Avalugg|Avalanche|p2a: Gliscor\n|-supereffective|p2a: Gliscor\n|-end|p2a: Gliscor|Substitute\n|\n|-heal|p2a: Gliscor|239/239 tox|[from] ability: Poison Heal\n|-damage|p1a: Avalugg|202/317 tox|[from] psn\n|upkeep\n|turn|33\n|\n|t:|1781465754\n|switch|p1a: Arboliva|Arboliva, L91, M|290/290\n|move|p2a: Gliscor|Substitute|p2a: Gliscor\n|-start|p2a: Gliscor|Substitute\n|-damage|p2a: Gliscor|180/239 tox\n|\n|-heal|p2a: Gliscor|209/239 tox|[from] ability: Poison Heal\n|upkeep\n|turn|34\n|\n|t:|1781465758\n|move|p2a: Gliscor|Toxic|p1a: Arboliva\n|-status|p1a: Arboliva|tox\n|move|p1a: Arboliva|Hyper Voice|p2a: Gliscor\n|-damage|p2a: Gliscor|38/239 tox\n|\n|-heal|p2a: Gliscor|67/239 tox|[from] ability: Poison Heal\n|-damage|p1a: Arboliva|272/290 tox|[from] psn\n|upkeep\n|turn|35\n|\n|t:|1781465768\n|move|p2a: Gliscor|Protect|p2a: Gliscor\n|-singleturn|p2a: Gliscor|Protect\n|move|p1a: Arboliva|Hyper Voice|p2a: Gliscor\n|-activate|p2a: Gliscor|move: Protect\n|\n|-heal|p1a: Arboliva|290/290 tox|[from] item: Leftovers\n|-heal|p2a: Gliscor|96/239 tox|[from] ability: Poison Heal\n|-damage|p1a: Arboliva|254/290 tox|[from] psn\n|upkeep\n|turn|36\n|\n|t:|1781465771\n|switch|p2a: Mandibuzz|Mandibuzz, L85, F|326/326\n|move|p1a: Arboliva|Hyper Voice|p2a: Mandibuzz\n|-damage|p2a: Mandibuzz|208/326\n|\n|-heal|p1a: Arboliva|272/290 tox|[from] item: Leftovers\n|-damage|p1a: Arboliva|218/290 tox|[from] psn\n|upkeep\n|turn|37\n|\n|t:|1781465777\n|switch|p1a: Zacian|Zacian-Crowned, L64|82/225 par\n|move|p2a: Mandibuzz|Roost|p2a: Mandibuzz\n|-heal|p2a: Mandibuzz|326/326\n|-singleturn|p2a: Mandibuzz|move: Roost\n|\n|upkeep\n|turn|38\n|\n|t:|1781465785\n|switch|p2a: Overqwil|Overqwil, L82, M|61/274\n|-ability|p2a: Overqwil|Intimidate|boost\n|-unboost|p1a: Zacian|atk|1\n|move|p1a: Zacian|Play Rough|p2a: Overqwil\n|-damage|p2a: Overqwil|10/274\n|\n|upkeep\n|turn|39\n|\n|t:|1781465796\n|switch|p2a: Gliscor|Gliscor, L76, F|96/239 tox\n|cant|p1a: Zacian|par\n|\n|-heal|p2a: Gliscor|125/239 tox|[from] ability: Poison Heal\n|upkeep\n|turn|40\n|\n|t:|1781465807\n|move|p2a: Gliscor|Earthquake|p1a: Zacian\n|-supereffective|p1a: Zacian\n|-damage|p1a: Zacian|0 fnt\n|faint|p1a: Zacian\n|\n|-heal|p2a: Gliscor|154/239 tox|[from] ability: Poison Heal\n|upkeep\n|\n|t:|1781465809\n|switch|p1a: Arboliva|Arboliva, L91, M|218/290 tox\n|turn|41\n|\n|t:|1781465814\n|move|p2a: Gliscor|Protect|p2a: Gliscor\n|-singleturn|p2a: Gliscor|Protect\n|move|p1a: Arboliva|Hyper Voice|p2a: Gliscor\n|-activate|p2a: Gliscor|move: Protect\n|\n|-heal|p1a: Arboliva|236/290 tox|[from] item: Leftovers\n|-heal|p2a: Gliscor|183/239 tox|[from] ability: Poison Heal\n|-damage|p1a: Arboliva|218/290 tox|[from] psn\n|upkeep\n|turn|42\n|inactive|TSM-Virgil has 120 seconds left.\n|\n|t:|1781465851\n|switch|p2a: Mandibuzz|Mandibuzz, L85, F|326/326\n|move|p1a: Arboliva|Hyper Voice|p2a: Mandibuzz\n|-damage|p2a: Mandibuzz|193/326\n|\n|-heal|p1a: Arboliva|236/290 tox|[from] item: Leftovers\n|-damage|p1a: Arboliva|200/290 tox|[from] psn\n|upkeep\n|turn|43\n|\n|t:|1781465856\n|switch|p1a: Avalugg|Avalugg-Hisui, L90, M|202/317 tox\n|move|p2a: Mandibuzz|Foul Play|p1a: Avalugg\n|-damage|p1a: Avalugg|135/317 tox\n|\n|-damage|p1a: Avalugg|116/317 tox|[from] psn\n|upkeep\n|turn|44\n|\n|t:|1781465861\n|move|p2a: Mandibuzz|Roost|p2a: Mandibuzz\n|-heal|p2a: Mandibuzz|326/326\n|-singleturn|p2a: Mandibuzz|move: Roost\n|move|p1a: Avalugg|Recover|p1a: Avalugg\n|-heal|p1a: Avalugg|275/317 tox\n|\n|-damage|p1a: Avalugg|237/317 tox|[from] psn\n|upkeep\n|turn|45\n|inactive|TSM-Virgil has 120 seconds left.\n|inactive|TSM-Virgil has 90 seconds left.\n|\n|t:|1781465932\n|switch|p2a: Overqwil|Overqwil, L82, M|10/274\n|-ability|p2a: Overqwil|Intimidate|boost\n|-unboost|p1a: Avalugg|atk|1\n|move|p1a: Avalugg|Avalanche|p2a: Overqwil\n|-damage|p2a: Overqwil|0 fnt\n|faint|p2a: Overqwil\n|\n|-damage|p1a: Avalugg|180/317 tox|[from] psn\n|upkeep\n|\n|t:|1781465940\n|switch|p2a: Hatterene|Hatterene, L85, F|236/236\n|turn|46\n|inactive|TSM-Virgil has 60 seconds left.\n|\n|t:|1781465980\n|move|p1a: Avalugg|Stone Edge|p2a: Hatterene|[miss]\n|-miss|p1a: Avalugg|p2a: Hatterene\n|move|p2a: Hatterene|Calm Mind|p2a: Hatterene\n|-boost|p2a: Hatterene|spa|1\n|-boost|p2a: Hatterene|spd|1\n|\n|-damage|p1a: Avalugg|104/317 tox|[from] psn\n|upkeep\n|turn|47\n|\n|t:|1781465989\n|move|p1a: Avalugg|Stone Edge|p2a: Hatterene|[miss]\n|-miss|p1a: Avalugg|p2a: Hatterene\n|move|p2a: Hatterene|Draining Kiss|p1a: Avalugg\n|-damage|p1a: Avalugg|0 fnt\n|faint|p1a: Avalugg\n|\n|upkeep\n|inactive|TSM-Virgil has 60 seconds left.\n|c|\u2606TSM-Virgil|Lol rip\n|c|\u2606TSM-Virgil|gg wp\n|\n|t:|1781466004\n|switch|p1a: Arboliva|Arboliva, L91, M|200/290 tox\n|turn|48\n|\n|t:|1781466011\n|move|p1a: Arboliva|Energy Ball|p2a: Hatterene\n|-crit|p2a: Hatterene\n|-damage|p2a: Hatterene|70/236\n|move|p2a: Hatterene|Mystical Fire|p1a: Arboliva\n|-supereffective|p1a: Arboliva\n|-damage|p1a: Arboliva|36/290 tox\n|-unboost|p1a: Arboliva|spa|1\n|-fieldstart|move: Grassy Terrain|[from] ability: Seed Sower|[of] p1a: Arboliva\n|\n|-heal|p1a: Arboliva|54/290 tox|[from] Grassy Terrain\n|-heal|p1a: Arboliva|72/290 tox|[from] item: Leftovers\n|-heal|p2a: Hatterene|84/236|[from] Grassy Terrain\n|-heal|p2a: Hatterene|98/236|[from] item: Leftovers\n|-damage|p1a: Arboliva|54/290 tox|[from] psn\n|upkeep\n|turn|49\n|inactive|TSM-Virgil has 60 seconds left.\n|\n|t:|1781466031\n|move|p1a: Arboliva|Energy Ball|p2a: Hatterene\n|-damage|p2a: Hatterene|29/236\n|move|p2a: Hatterene|Draining Kiss|p1a: Arboliva\n|-damage|p1a: Arboliva|0 fnt\n|-heal|p2a: Hatterene|70/236|[from] drain|[of] p1a: Arboliva\n|faint|p1a: Arboliva\n|\n|-heal|p2a: Hatterene|84/236|[from] Grassy Terrain\n|-heal|p2a: Hatterene|98/236|[from] item: Leftovers\n|upkeep\n|\n|t:|1781466034\n|switch|p1a: Kyogre|Kyogre, L71|259/259\n|-weather|RainDance|[from] ability: Drizzle|[of] p1a: Kyogre\n|turn|50\n|inactive|TSM-Virgil has 60 seconds left.\n|\n|t:|1781466047\n|move|p1a: Kyogre|Calm Mind|p1a: Kyogre\n|-boost|p1a: Kyogre|spa|1\n|-boost|p1a: Kyogre|spd|1\n|move|p2a: Hatterene|Mystical Fire|p1a: Kyogre\n|-resisted|p1a: Kyogre\n|-damage|p1a: Kyogre|245/259\n|-unboost|p1a: Kyogre|spa|1\n|\n|-weather|RainDance|[upkeep]\n|-heal|p1a: Kyogre|259/259|[from] Grassy Terrain\n|-heal|p2a: Hatterene|112/236|[from] Grassy Terrain\n|-heal|p2a: Hatterene|126/236|[from] item: Leftovers\n|upkeep\n|turn|51\n|inactive|TSM-Virgil has 60 seconds left.\n|\n|t:|1781466058\n|move|p1a: Kyogre|Origin Pulse|p2a: Hatterene\n|-damage|p2a: Hatterene|23/236\n|move|p2a: Hatterene|Mystical Fire|p1a: Kyogre\n|-resisted|p1a: Kyogre\n|-damage|p1a: Kyogre|245/259\n|-unboost|p1a: Kyogre|spa|1\n|\n|-weather|RainDance|[upkeep]\n|-heal|p1a: Kyogre|259/259|[from] Grassy Terrain\n|-heal|p2a: Hatterene|37/236|[from] Grassy Terrain\n|-heal|p2a: Hatterene|51/236|[from] item: Leftovers\n|upkeep\n|turn|52\n|\n|t:|1781466072\n|move|p1a: Kyogre|Origin Pulse|p2a: Hatterene|[miss]\n|-miss|p1a: Kyogre|p2a: Hatterene\n|move|p2a: Hatterene|Mystical Fire|p1a: Kyogre\n|-resisted|p1a: Kyogre\n|-damage|p1a: Kyogre|244/259\n|-unboost|p1a: Kyogre|spa|1\n|\n|-weather|RainDance|[upkeep]\n|-heal|p1a: Kyogre|259/259|[from] Grassy Terrain\n|-heal|p2a: Hatterene|65/236|[from] Grassy Terrain\n|-heal|p2a: Hatterene|79/236|[from] item: Leftovers\n|-fieldend|move: Grassy Terrain\n|upkeep\n|turn|53\n|\n|t:|1781466082\n|move|p1a: Kyogre|Calm Mind|p1a: Kyogre\n|-boost|p1a: Kyogre|spa|1\n|-boost|p1a: Kyogre|spd|1\n|move|p2a: Hatterene|Mystical Fire|p1a: Kyogre\n|-resisted|p1a: Kyogre\n|-damage|p1a: Kyogre|248/259\n|-unboost|p1a: Kyogre|spa|1\n|\n|-weather|RainDance|[upkeep]\n|-heal|p1a: Kyogre|259/259|[from] item: Leftovers\n|-heal|p2a: Hatterene|93/236|[from] item: Leftovers\n|upkeep\n|turn|54\n|\n|t:|1781466086\n|move|p1a: Kyogre|Calm Mind|p1a: Kyogre\n|-boost|p1a: Kyogre|spa|1\n|-boost|p1a: Kyogre|spd|1\n|move|p2a: Hatterene|Mystical Fire|p1a: Kyogre\n|-resisted|p1a: Kyogre\n|-damage|p1a: Kyogre|251/259\n|-unboost|p1a: Kyogre|spa|1\n|\n|-weather|none\n|-heal|p1a: Kyogre|259/259|[from] item: Leftovers\n|-heal|p2a: Hatterene|107/236|[from] item: Leftovers\n|upkeep\n|turn|55\n|\n|t:|1781466089\n|move|p1a: Kyogre|Calm Mind|p1a: Kyogre\n|-boost|p1a: Kyogre|spa|1\n|-boost|p1a: Kyogre|spd|1\n|move|p2a: Hatterene|Mystical Fire|p1a: Kyogre\n|-resisted|p1a: Kyogre\n|-damage|p1a: Kyogre|244/259\n|-unboost|p1a: Kyogre|spa|1\n|\n|-heal|p1a: Kyogre|259/259|[from] item: Leftovers\n|-heal|p2a: Hatterene|121/236|[from] item: Leftovers\n|upkeep\n|turn|56\n|\n|t:|1781466090\n|move|p1a: Kyogre|Calm Mind|p1a: Kyogre\n|-boost|p1a: Kyogre|spa|1\n|-boost|p1a: Kyogre|spd|1\n|move|p2a: Hatterene|Mystical Fire|p1a: Kyogre\n|-resisted|p1a: Kyogre\n|-damage|p1a: Kyogre|247/259\n|-unboost|p1a: Kyogre|spa|1\n|\n|-heal|p1a: Kyogre|259/259|[from] item: Leftovers\n|-heal|p2a: Hatterene|135/236|[from] item: Leftovers\n|upkeep\n|turn|57\n|\n|t:|1781466093\n|move|p1a: Kyogre|Calm Mind|p1a: Kyogre\n|-boost|p1a: Kyogre|spa|1\n|-boost|p1a: Kyogre|spd|1\n|move|p2a: Hatterene|Mystical Fire|p1a: Kyogre\n|-resisted|p1a: Kyogre\n|-damage|p1a: Kyogre|248/259\n|-unboost|p1a: Kyogre|spa|1\n|\n|-heal|p1a: Kyogre|259/259|[from] item: Leftovers\n|-heal|p2a: Hatterene|149/236|[from] item: Leftovers\n|upkeep\n|turn|58\n|\n|t:|1781466094\n|move|p1a: Kyogre|Calm Mind|p1a: Kyogre\n|-boost|p1a: Kyogre|spa|1\n|-boost|p1a: Kyogre|spd|0\n|move|p2a: Hatterene|Mystical Fire|p1a: Kyogre\n|-resisted|p1a: Kyogre\n|-damage|p1a: Kyogre|248/259\n|-unboost|p1a: Kyogre|spa|1\n|\n|-heal|p1a: Kyogre|259/259|[from] item: Leftovers\n|-heal|p2a: Hatterene|163/236|[from] item: Leftovers\n|upkeep\n|turn|59\n|\n|t:|1781466097\n|move|p1a: Kyogre|Ice Beam|p2a: Hatterene\n|-damage|p2a: Hatterene|143/236\n|move|p2a: Hatterene|Mystical Fire|p1a: Kyogre\n|-resisted|p1a: Kyogre\n|-damage|p1a: Kyogre|248/259\n|-unboost|p1a: Kyogre|spa|1\n|\n|-heal|p1a: Kyogre|259/259|[from] item: Leftovers\n|-heal|p2a: Hatterene|157/236|[from] item: Leftovers\n|upkeep\n|turn|60\n|\n|t:|1781466100\n|switch|p2a: Mandibuzz|Mandibuzz, L85, F|326/326\n|move|p1a: Kyogre|Thunder|p2a: Mandibuzz\n|-supereffective|p2a: Mandibuzz\n|-damage|p2a: Mandibuzz|268/326\n|\n|upkeep\n|turn|61\n|\n|t:|1781466105\n|-terastallize|p1a: Kyogre|Steel\n|move|p2a: Mandibuzz|Toxic|p1a: Kyogre\n|-immune|p1a: Kyogre\n|move|p1a: Kyogre|Calm Mind|p1a: Kyogre\n|-boost|p1a: Kyogre|spa|1\n|-boost|p1a: Kyogre|spd|0\n|\n|upkeep\n|turn|62\n|\n|t:|1781466111\n|switch|p2a: Hatterene|Hatterene, L85, F|157/236\n|move|p1a: Kyogre|Calm Mind|p1a: Kyogre\n|-boost|p1a: Kyogre|spa|1\n|-boost|p1a: Kyogre|spd|0\n|\n|-heal|p2a: Hatterene|171/236|[from] item: Leftovers\n|upkeep\n|turn|63\n|\n|t:|1781466114\n|move|p1a: Kyogre|Origin Pulse|p2a: Hatterene\n|-damage|p2a: Hatterene|107/236\n|move|p2a: Hatterene|Calm Mind|p2a: Hatterene\n|-boost|p2a: Hatterene|spa|1\n|-boost|p2a: Hatterene|spd|1\n|\n|-heal|p2a: Hatterene|121/236|[from] item: Leftovers\n|upkeep\n|turn|64\n|\n|t:|1781466117\n|move|p1a: Kyogre|Calm Mind|p1a: Kyogre\n|-boost|p1a: Kyogre|spa|1\n|-boost|p1a: Kyogre|spd|0\n|move|p2a: Hatterene|Calm Mind|p2a: Hatterene\n|-boost|p2a: Hatterene|spa|1\n|-boost|p2a: Hatterene|spd|1\n|\n|-heal|p2a: Hatterene|135/236|[from] item: Leftovers\n|upkeep\n|turn|65\n|\n|t:|1781466119\n|move|p1a: Kyogre|Thunder|p2a: Hatterene\n|-damage|p2a: Hatterene|100/236\n|move|p2a: Hatterene|Mystical Fire|p1a: Kyogre\n|-supereffective|p1a: Kyogre\n|-damage|p1a: Kyogre|201/259\n|-unboost|p1a: Kyogre|spa|1\n|\n|-heal|p1a: Kyogre|217/259|[from] item: Leftovers\n|-heal|p2a: Hatterene|114/236|[from] item: Leftovers\n|upkeep\n|turn|66\n|\n|t:|1781466124\n|move|p1a: Kyogre|Thunder|p2a: Hatterene\n|-damage|p2a: Hatterene|92/236\n|-status|p2a: Hatterene|par\n|cant|p2a: Hatterene|par\n|\n|-heal|p1a: Kyogre|233/259|[from] item: Leftovers\n|-heal|p2a: Hatterene|106/236 par|[from] item: Leftovers\n|upkeep\n|turn|67\n|\n|t:|1781466127\n|move|p1a: Kyogre|Calm Mind|p1a: Kyogre\n|-boost|p1a: Kyogre|spa|1\n|-boost|p1a: Kyogre|spd|0\n|cant|p2a: Hatterene|par\n|\n|-heal|p1a: Kyogre|249/259|[from] item: Leftovers\n|-heal|p2a: Hatterene|120/236 par|[from] item: Leftovers\n|upkeep\n|turn|68\n|\n|t:|1781466131\n|move|p1a: Kyogre|Calm Mind|p1a: Kyogre\n|-boost|p1a: Kyogre|spa|1\n|-boost|p1a: Kyogre|spd|0\n|move|p2a: Hatterene|Mystical Fire|p1a: Kyogre\n|-supereffective|p1a: Kyogre\n|-damage|p1a: Kyogre|193/259\n|-unboost|p1a: Kyogre|spa|1\n|\n|-heal|p1a: Kyogre|209/259|[from] item: Leftovers\n|-heal|p2a: Hatterene|134/236 par|[from] item: Leftovers\n|upkeep\n|turn|69\n|\n|t:|1781466149\n|move|p1a: Kyogre|Calm Mind|p1a: Kyogre\n|-boost|p1a: Kyogre|spa|1\n|-boost|p1a: Kyogre|spd|0\n|cant|p2a: Hatterene|par\n|\n|-heal|p1a: Kyogre|225/259|[from] item: Leftovers\n|-heal|p2a: Hatterene|148/236 par|[from] item: Leftovers\n|upkeep\n|turn|70\n|\n|t:|1781466154\n|move|p1a: Kyogre|Origin Pulse|p2a: Hatterene\n|-damage|p2a: Hatterene|72/236 par\n|move|p2a: Hatterene|Mystical Fire|p1a: Kyogre\n|-supereffective|p1a: Kyogre\n|-damage|p1a: Kyogre|163/259\n|-unboost|p1a: Kyogre|spa|1\n|\n|-heal|p1a: Kyogre|179/259|[from] item: Leftovers\n|-heal|p2a: Hatterene|86/236 par|[from] item: Leftovers\n|upkeep\n|turn|71\n|\n|t:|1781466159\n|move|p1a: Kyogre|Calm Mind|p1a: Kyogre\n|-boost|p1a: Kyogre|spa|1\n|-boost|p1a: Kyogre|spd|0\n|move|p2a: Hatterene|Mystical Fire|p1a: Kyogre\n|-supereffective|p1a: Kyogre\n|-damage|p1a: Kyogre|123/259\n|-unboost|p1a: Kyogre|spa|1\n|\n|-heal|p1a: Kyogre|139/259|[from] item: Leftovers\n|-heal|p2a: Hatterene|100/236 par|[from] item: Leftovers\n|upkeep\n|turn|72\n|\n|t:|1781466173\n|move|p1a: Kyogre|Calm Mind|p1a: Kyogre\n|-boost|p1a: Kyogre|spa|1\n|-boost|p1a: Kyogre|spd|0\n|move|p2a: Hatterene|Mystical Fire|p1a: Kyogre\n|-supereffective|p1a: Kyogre\n|-damage|p1a: Kyogre|75/259\n|-unboost|p1a: Kyogre|spa|1\n|\n|-heal|p1a: Kyogre|91/259|[from] item: Leftovers\n|-heal|p2a: Hatterene|114/236 par|[from] item: Leftovers\n|upkeep\n|turn|73\n|\n|t:|1781466181\n|switch|p2a: Mandibuzz|Mandibuzz, L85, F|268/326\n|move|p1a: Kyogre|Origin Pulse|p2a: Mandibuzz|[miss]\n|-miss|p1a: Kyogre|p2a: Mandibuzz\n|\n|-heal|p1a: Kyogre|107/259|[from] item: Leftovers\n|upkeep\n|turn|74\n|\n|t:|1781466185\n|move|p2a: Mandibuzz|Foul Play|p1a: Kyogre\n|-damage|p1a: Kyogre|17/259\n|move|p1a: Kyogre|Ice Beam|p2a: Mandibuzz\n|-supereffective|p2a: Mandibuzz\n|-damage|p2a: Mandibuzz|148/326\n|\n|-heal|p1a: Kyogre|33/259|[from] item: Leftovers\n|upkeep\n|turn|75\n|\n|t:|1781466188\n|move|p2a: Mandibuzz|Foul Play|p1a: Kyogre\n|-damage|p1a: Kyogre|0 fnt\n|faint|p1a: Kyogre\n|\n|win|who is to say\n", "inputlog": ">version a8376a258c1d4662feba110a92103f3664a72141\n>start {\"formatid\":\"gen9randombattle\",\"seed\":\"sodium,46b4780ba1c0ea53aaf8a9bdee0788e8\",\"rated\":\"Rated battle\"}\n>player p1 {\"name\":\"TSM-Virgil\",\"avatar\":\"acetrainer\",\"rating\":2123,\"seed\":\"sodium,b1c7d25871c071f241b0de0a9c8f993a\"}\n>player p2 {\"name\":\"who is to say\",\"avatar\":\"101\",\"rating\":2289,\"seed\":\"sodium,b803868ba7a4a656a1691d901b9a1a7e\"}\n>p1 move swordsdance\n>p2 switch 4\n>p1 move swordsdance\n>p2 move earthquake\n>p1 move ironhead\n>p2 move substitute\n>p1 move ironhead\n>p2 move protect\n>p1 move ironhead\n>p2 move earthquake\n>p1 move ironhead\n>p2 move earthquake\n>p1 switch 2\n>p1 move ivycudgel\n>p2 switch 4\n>p1 switch 3\n>p2 move scaleshot\n>p1 move swordsdance\n>p2 switch 5\n>p1 move behemothblade\n>p2 move thunderwave\n>p1 move behemothblade\n>p2 move spikes\n>p2 switch 4\n>p1 switch 5\n>p2 move protect\n>p1 move avalanche\n>p2 move protect\n>p1 move avalanche\n>p2 switch 5\n>p1 move rapidspin\n>p2 switch 6\n>p1 switch 3\n>p2 move nastyplot\n>p1 move swordsdance\n>p2 move psyshock\n>p1 move ivycudgel\n>p2 move psyshock\n>p1 switch 5\n>p1 move behemothblade\n>p2 move shadowball\n>p2 switch 5\n>p1 switch 3\n>p2 move substitute\n>p1 move avalanche\n>p2 move protect\n>p1 move avalanche\n>p2 move toxic\n>p1 move avalanche\n>p2 move protect\n>p1 move avalanche\n>p2 move substitute\n>p1 move stoneedge\n>p2 move protect\n>p1 move avalanche\n>p2 move substitute\n>p1 move stoneedge\n>p2 move substitute\n>p1 move avalanche\n>p2 move protect\n>p1 move stoneedge\n>p2 move substitute\n>p1 switch 3\n>p2 move protect\n>p1 switch 3\n>p2 move earthquake\n>p1 move avalanche\n>p2 move toxic\n>p1 switch 6\n>p2 move substitute\n>p1 move hypervoice\n>p2 move toxic\n>p1 move hypervoice\n>p2 move protect\n>p1 move hypervoice\n>p2 switch 3\n>p1 switch 3\n>p2 move roost\n>p1 move playrough\n>p2 switch 6\n>p1 move behemothblade\n>p2 switch 3\n>p1 move behemothblade\n>p2 move earthquake\n>p1 switch 3\n>p1 move hypervoice\n>p2 move protect\n>p1 move hypervoice\n>p2 switch 6\n>p1 switch 6\n>p2 move foulplay\n>p1 move recover\n>p2 move roost\n>p1 move avalanche\n>p2 switch 3\n>p2 switch 2\n>p1 move stoneedge\n>p2 move calmmind\n>p1 move stoneedge\n>p2 move drainingkiss\n>chat \u2606TSM-Virgil|Lol rip\n>chat \u2606TSM-Virgil|gg wp\n>p1 switch 6\n>p1 move energyball\n>p2 move mysticalfire\n>p1 move energyball\n>p2 move drainingkiss\n>p1 switch 4\n>p1 move calmmind\n>p2 move mysticalfire\n>p1 move originpulse\n>p2 move mysticalfire\n>p1 move originpulse\n>p2 move mysticalfire\n>p1 move calmmind\n>p2 move mysticalfire\n>p1 move calmmind\n>p2 move mysticalfire\n>p1 move calmmind\n>p2 move mysticalfire\n>p1 move calmmind\n>p2 move mysticalfire\n>p1 move calmmind\n>p2 move mysticalfire\n>p1 move calmmind\n>p2 move mysticalfire\n>p1 move icebeam\n>p2 move mysticalfire\n>p1 move thunder\n>p2 switch 3\n>p1 move calmmind terastallize\n>p2 move toxic\n>p1 move calmmind\n>p2 switch 3\n>p1 move originpulse\n>p2 move calmmind\n>p1 move calmmind\n>p2 move calmmind\n>p1 move thunder\n>p2 move mysticalfire\n>p1 move thunder\n>p2 move calmmind\n>p1 move calmmind\n>p2 move mysticalfire\n>p1 move calmmind\n>p2 move mysticalfire\n>p1 move calmmind\n>p2 move calmmind\n>p1 move originpulse\n>p2 move mysticalfire\n>p1 move calmmind\n>p2 move mysticalfire\n>p1 move calmmind\n>p2 move mysticalfire\n>p1 move originpulse\n>p2 switch 3\n>p1 move icebeam\n>p2 move foulplay\n>p1 move icebeam\n>p2 move foulplay", "uploadtime": 1781465449, "views": 7, "formatid": "gen9randombattle", "rating": null, "private": 0, "password": null, "player_dets": [{"name": "TSM-Virgil", "avatar": "acetrainer", "rating": 2123, "seed": "sodium,b1c7d25871c071f241b0de0a9c8f993a"}, {"name": "who is to say", "avatar": "101", "rating": 2289, "seed": "sodium,b803868ba7a4a656a1691d901b9a1a7e"}], "teams_full": [{"Archaludon": {"name": "Archaludon", "species": "Archaludon", "speciesId": "archaludon", "gender": "F", "shiny": false, "level": 78, "moves": ["ironhead", "swordsdance", "outrage", "earthquake"], "ability": "Stamina", "evs": {"hp": 85, "atk": 85, "def": 85, "spa": 85, "spd": 85, "spe": 85}, "ivs": {"hp": 31, "atk": 31, "def": 31, "spa": 31, "spd": 31, "spe": 31}, "item": "Lum Berry", "teraType": "Ground", "role": "Bulky Setup", "bvs": {"hp": 90, "atk": 105, "def": 130, "spa": 125, "spd": 65, "spe": 85}, "stats": {"hp": 268, "atk": 209, "def": 248, "spa": 240, "spd": 146, "spe": 178}, "types": ["Steel", "Dragon"]}, "Ogerpon": {"name": "Ogerpon", "species": "Ogerpon-Wellspring", "speciesId": "ogerponwellspring", "gender": "F", "shiny": false, "level": 76, "moves": ["ivycudgel", "powerwhip", "swordsdance", "knockoff"], "ability": "Water Absorb", "evs": {"hp": 85, "atk": 85, "def": 85, "spa": 85, "spd": 85, "spe": 85}, "ivs": {"hp": 31, "atk": 31, "def": 31, "spa": 31, "spd": 31, "spe": 31}, "item": "Wellspring Mask", "teraType": "Water", "role": "Setup Sweeper", "bvs": {"hp": 80, "atk": 120, "def": 84, "spa": 60, "spd": 96, "spe": 110}, "stats": {"hp": 247, "atk": 226, "def": 172, "spa": 135, "spd": 190, "spe": 211}, "types": ["Grass", "Water"]}, "Zacian": {"name": "Zacian", "species": "Zacian", "speciesId": "zaciancrowned", "gender": "N", "shiny": false, "level": 64, "moves": ["swordsdance", "closecombat", "playrough", "behemothblade"], "ability": "Intrepid Sword", "evs": {"hp": 85, "atk": 85, "def": 85, "spa": 85, "spd": 85, "spe": 85}, "ivs": {"hp": 31, "atk": 31, "def": 31, "spa": 31, "spd": 31, "spe": 31}, "item": "Rusted Sword", "teraType": "Fighting", "role": "Setup Sweeper", "bvs": {"hp": 92, "atk": 150, "def": 115, "spa": 80, "spd": 115, "spe": 148}, "stats": {"hp": 225, "atk": 230, "def": 185, "spa": 140, "spd": 185, "spe": 227}, "types": ["Fairy", "Steel"]}, "Kyogre": {"name": "Kyogre", "species": "Kyogre", "speciesId": "kyogre", "gender": "N", "shiny": false, "level": 71, "moves": ["icebeam", "thunder", "calmmind", "originpulse"], "ability": "Drizzle", "evs": {"hp": 85, "atk": 0, "def": 85, "spa": 85, "spd": 85, "spe": 85}, "ivs": {"hp": 31, "atk": 0, "def": 31, "spa": 31, "spd": 31, "spe": 31}, "item": "Leftovers", "teraType": "Steel", "role": "Bulky Setup", "bvs": {"hp": 100, "atk": 100, "def": 90, "spa": 150, "spd": 140, "spe": 90}, "stats": {"hp": 259, "atk": 147, "def": 169, "spa": 254, "spd": 240, "spe": 169}, "types": ["Water"]}, "Avalugg": {"name": "Avalugg", "species": "Avalugg-Hisui", "speciesId": "avalugghisui", "gender": "M", "shiny": false, "level": 90, "moves": ["recover", "stoneedge", "avalanche", "rapidspin"], "ability": "Sturdy", "evs": {"hp": 85, "atk": 85, "def": 85, "spa": 85, "spd": 85, "spe": 85}, "ivs": {"hp": 31, "atk": 31, "def": 31, "spa": 31, "spd": 31, "spe": 31}, "item": "Heavy-Duty Boots", "teraType": "Ghost", "role": "Bulky Attacker", "bvs": {"hp": 95, "atk": 127, "def": 184, "spa": 34, "spd": 36, "spe": 38}, "stats": {"hp": 317, "atk": 280, "def": 383, "spa": 113, "spd": 116, "spe": 120}, "types": ["Ice", "Rock"]}, "Arboliva": {"name": "Arboliva", "species": "Arboliva", "speciesId": "arboliva", "gender": "M", "shiny": false, "level": 91, "moves": ["earthpower", "strengthsap", "energyball", "hypervoice"], "ability": "Seed Sower", "evs": {"hp": 85, "atk": 0, "def": 85, "spa": 85, "spd": 85, "spe": 85}, "ivs": {"hp": 31, "atk": 0, "def": 31, "spa": 31, "spd": 31, "spe": 31}, "item": "Leftovers", "teraType": "Ground", "role": "Bulky Attacker", "bvs": {"hp": 78, "atk": 69, "def": 90, "spa": 125, "spd": 109, "spe": 39}, "stats": {"hp": 290, "atk": 130, "def": 216, "spa": 279, "spd": 250, "spe": 123}, "types": ["Grass", "Normal"]}}, {"Overqwil": {"name": "Overqwil", "species": "Overqwil", "speciesId": "overqwil", "gender": "M", "shiny": false, "level": 82, "moves": ["crunch", "gunkshot", "scaleshot", "swordsdance"], "ability": "Intimidate", "evs": {"hp": 85, "atk": 85, "def": 85, "spa": 85, "spd": 85, "spe": 85}, "ivs": {"hp": 31, "atk": 31, "def": 31, "spa": 31, "spd": 31, "spe": 31}, "item": "Loaded Dice", "teraType": "Dragon", "role": "Setup Sweeper", "bvs": {"hp": 85, "atk": 115, "def": 95, "spa": 65, "spd": 65, "spe": 85}, "stats": {"hp": 274, "atk": 236, "def": 203, "spa": 154, "spd": 154, "spe": 187}, "types": ["Dark", "Poison"]}, "Hatterene": {"name": "Hatterene", "species": "Hatterene", "speciesId": "hatterene", "gender": "F", "shiny": false, "level": 85, "moves": ["psychic", "calmmind", "mysticalfire", "drainingkiss"], "ability": "Magic Bounce", "evs": {"hp": 85, "atk": 0, "def": 85, "spa": 85, "spd": 85, "spe": 85}, "ivs": {"hp": 31, "atk": 0, "def": 31, "spa": 31, "spd": 31, "spe": 31}, "item": "Leftovers", "teraType": "Fairy", "role": "Bulky Setup", "bvs": {"hp": 57, "atk": 90, "def": 95, "spa": 136, "spd": 103, "spe": 29}, "stats": {"hp": 236, "atk": 158, "def": 210, "spa": 280, "spd": 224, "spe": 98}, "types": ["Psychic", "Fairy"]}, "Mandibuzz": {"name": "Mandibuzz", "species": "Mandibuzz", "speciesId": "mandibuzz", "gender": "F", "shiny": false, "level": 85, "moves": ["defog", "roost", "toxic", "foulplay"], "ability": "Overcoat", "evs": {"hp": 85, "atk": 0, "def": 85, "spa": 85, "spd": 85, "spe": 85}, "ivs": {"hp": 31, "atk": 0, "def": 31, "spa": 31, "spd": 31, "spe": 31}, "item": "Heavy-Duty Boots", "teraType": "Steel", "role": "Bulky Support", "bvs": {"hp": 110, "atk": 65, "def": 105, "spa": 55, "spd": 95, "spe": 80}, "stats": {"hp": 326, "atk": 115, "def": 227, "spa": 142, "spd": 210, "spe": 185}, "types": ["Dark", "Flying"]}, "Gliscor": {"name": "Gliscor", "species": "Gliscor", "speciesId": "gliscor", "gender": "F", "shiny": false, "level": 76, "moves": ["earthquake", "protect", "substitute", "toxic"], "ability": "Poison Heal", "evs": {"hp": 85, "atk": 85, "def": 85, "spa": 85, "spd": 85, "spe": 85}, "ivs": {"hp": 31, "atk": 31, "def": 31, "spa": 31, "spd": 31, "spe": 31}, "item": "Toxic Orb", "teraType": "Water", "role": "Fast Support", "bvs": {"hp": 75, "atk": 95, "def": 125, "spa": 45, "spd": 75, "spe": 95}, "stats": {"hp": 239, "atk": 188, "def": 234, "spa": 112, "spd": 158, "spe": 188}, "types": ["Ground", "Flying"]}, "Klefki": {"name": "Klefki", "species": "Klefki", "speciesId": "klefki", "gender": "M", "shiny": false, "level": 84, "moves": ["spikes", "magnetrise", "playrough", "thunderwave"], "ability": "Prankster", "evs": {"hp": 85, "atk": 85, "def": 85, "spa": 85, "spd": 85, "spe": 85}, "ivs": {"hp": 31, "atk": 31, "def": 31, "spa": 31, "spd": 31, "spe": 31}, "item": "Leftovers", "teraType": "Water", "role": "Bulky Support", "bvs": {"hp": 57, "atk": 80, "def": 91, "spa": 80, "spd": 87, "spe": 75}, "stats": {"hp": 233, "atk": 183, "def": 201, "spa": 183, "spd": 194, "spe": 174}, "types": ["Steel", "Fairy"]}, "Grumpig": {"name": "Grumpig", "species": "Grumpig", "speciesId": "grumpig", "gender": "M", "shiny": false, "level": 92, "moves": ["shadowball", "focusblast", "psyshock", "nastyplot"], "ability": "Thick Fat", "evs": {"hp": 85, "atk": 0, "def": 85, "spa": 85, "spd": 85, "spe": 85}, "ivs": {"hp": 31, "atk": 0, "def": 31, "spa": 31, "spd": 31, "spe": 31}, "item": "Leftovers", "teraType": "Fighting", "role": "Bulky Setup", "bvs": {"hp": 80, "atk": 45, "def": 65, "spa": 90, "spd": 110, "spe": 80}, "stats": {"hp": 297, "atk": 87, "def": 172, "spa": 218, "spd": 255, "spe": 200}, "types": ["Psychic"]}}]}