{"id": "gen9randombattle-2631467133", "format": "[Gen 9] Random Battle", "players": ["Webby47_", "vanitas9702"], "log": "|j|\u203dWebby47_\n|j|\u2606vanitas9702\n|t:|1781388302\n|gametype|singles\n|player|p1|Webby47_|266|2054\n|player|p2|vanitas9702|clair|2071\n|gen|9\n|tier|[Gen 9] Random Battle\n|rated|\n|rule|Species Clause: Limit one of each Pok\u00e9mon\n|rule|HP Percentage Mod: HP is shown in percentages\n|rule|Sleep Clause Mod: Limit one foe put to sleep\n|rule|Illusion Level Mod: Illusion disguises the Pok\u00e9mon's true level\n|\n|t:|1781388302\n|teamsize|p1|6\n|teamsize|p2|6\n|start\n|switch|p1a: Vikavolt|Vikavolt, L83, F|263/263\n|switch|p2a: Mandibuzz|Mandibuzz, L85, F|326/326\n|turn|1\n|inactive|Battle timer is ON: inactive players will automatically lose when time's up. (requested by vanitas9702)\n|\n|t:|1781388309\n|move|p2a: Mandibuzz|U-turn|p1a: Vikavolt\n|-damage|p1a: Vikavolt|225/263\n|\n|t:|1781388320\n|switch|p2a: Beartic|Beartic, L91, M|321/321|[from] U-turn\n|move|p1a: Vikavolt|Discharge|p2a: Beartic\n|-damage|p2a: Beartic|207/321\n|-status|p2a: Beartic|par\n|\n|upkeep\n|turn|2\n|\n|t:|1781388328\n|switch|p1a: Poliwrath|Poliwrath, L88, F|302/302\n|cant|p2a: Beartic|par\n|\n|upkeep\n|turn|3\n|\n|t:|1781388341\n|switch|p2a: Mandibuzz|Mandibuzz, L85, F|326/326\n|move|p1a: Poliwrath|Knock Off|p2a: Mandibuzz\n|-resisted|p2a: Mandibuzz\n|-crit|p2a: Mandibuzz\n|-damage|p2a: Mandibuzz|279/326\n|-enditem|p2a: Mandibuzz|Heavy-Duty Boots|[from] move: Knock Off|[of] p1a: Poliwrath\n|\n|upkeep\n|turn|4\n|\n|t:|1781388352\n|move|p2a: Mandibuzz|U-turn|p1a: Poliwrath\n|-resisted|p1a: Poliwrath\n|-damage|p1a: Poliwrath|284/302\n|\n|t:|1781388356\n|switch|p2a: Keldeo|Keldeo-Resolute, L79|273/273|[from] U-turn\n|move|p1a: Poliwrath|Bulk Up|p1a: Poliwrath\n|-boost|p1a: Poliwrath|atk|1\n|-boost|p1a: Poliwrath|def|1\n|\n|-heal|p1a: Poliwrath|302/302|[from] item: Leftovers\n|upkeep\n|turn|5\n|\n|t:|1781388361\n|move|p2a: Keldeo|Calm Mind|p2a: Keldeo\n|-boost|p2a: Keldeo|spa|1\n|-boost|p2a: Keldeo|spd|1\n|move|p1a: Poliwrath|Drain Punch|p2a: Keldeo\n|-crit|p2a: Keldeo\n|-damage|p2a: Keldeo|89/273\n|\n|-heal|p2a: Keldeo|106/273|[from] item: Leftovers\n|upkeep\n|turn|6\n|\n|t:|1781388363\n|move|p2a: Keldeo|Secret Sword|p1a: Poliwrath\n|-damage|p1a: Poliwrath|209/302\n|move|p1a: Poliwrath|Drain Punch|p2a: Keldeo\n|-damage|p2a: Keldeo|0 fnt\n|-heal|p1a: Poliwrath|262/302|[from] drain|[of] p2a: Keldeo\n|faint|p2a: Keldeo\n|\n|-heal|p1a: Poliwrath|280/302|[from] item: Leftovers\n|upkeep\n|\n|t:|1781388369\n|switch|p2a: Mismagius|Mismagius, L86, F|243/243\n|turn|7\n|\n|t:|1781388379\n|-terastallize|p2a: Mismagius|Fighting\n|move|p2a: Mismagius|Substitute|p2a: Mismagius\n|-start|p2a: Mismagius|Substitute\n|-damage|p2a: Mismagius|183/243\n|move|p1a: Poliwrath|Liquidation|p2a: Mismagius\n|-end|p2a: Mismagius|Substitute\n|\n|-heal|p2a: Mismagius|198/243|[from] item: Leftovers\n|-heal|p1a: Poliwrath|298/302|[from] item: Leftovers\n|upkeep\n|turn|8\n|\n|t:|1781388390\n|move|p2a: Mismagius|Shadow Ball|p1a: Poliwrath\n|-damage|p1a: Poliwrath|216/302\n|move|p1a: Poliwrath|Liquidation|p2a: Mismagius\n|-damage|p2a: Mismagius|0 fnt\n|faint|p2a: Mismagius\n|\n|-heal|p1a: Poliwrath|234/302|[from] item: Leftovers\n|upkeep\n|-message|vanitas9702 forfeited.\n|\n|win|Webby47_\n", "inputlog": ">version a8376a258c1d4662feba110a92103f3664a72141\n>start {\"formatid\":\"gen9randombattle\",\"seed\":\"sodium,76d01de2b01ccd9b080cab14c506151a\",\"rated\":\"Rated battle\"}\n>player p1 {\"name\":\"Webby47_\",\"avatar\":\"266\",\"rating\":2054,\"seed\":\"sodium,344b0aa0bbec87464988b1f63b60af56\"}\n>player p2 {\"name\":\"vanitas9702\",\"avatar\":\"clair\",\"rating\":2071,\"seed\":\"sodium,4d9dc895b5a5f1d1c253f0755b7736bd\"}\n>p1 move discharge\n>p2 move uturn\n>p2 switch 3\n>p1 switch 3\n>p2 move iciclecrash\n>p1 move knockoff\n>p2 switch 3\n>p1 move bulkup\n>p2 move uturn\n>p2 switch 5\n>p1 move drainpunch\n>p2 move calmmind\n>p1 move drainpunch\n>p2 move secretsword\n>p2 switch 2\n>p1 move liquidation\n>p2 move substitute terastallize\n>p1 move liquidation\n>p2 move shadowball\n>forcelose p2", "uploadtime": 1781388304, "views": 7, "formatid": "gen9randombattle", "rating": null, "private": 0, "password": null}