{"id": "gen9randombattle-2631462720", "format": "[Gen 9] Random Battle", "players": ["cr aries", "bieszczadyarchiwum"], "log": "|j|\u2606cr aries\n|j|\u2606bieszczadyarchiwum\n|t:|1781387718\n|gametype|singles\n|player|p1|cr aries|sisandbro|1616\n|player|p2|bieszczadyarchiwum|102|1581\n|gen|9\n|tier|[Gen 9] Random Battle\n|rated|\n|rule|Species Clause: Limit one of each Pok\u00e9mon\n|rule|HP Percentage Mod: HP is shown in percentages\n|rule|Sleep Clause Mod: Limit one foe put to sleep\n|rule|Illusion Level Mod: Illusion disguises the Pok\u00e9mon's true level\n|\n|t:|1781387718\n|teamsize|p1|6\n|teamsize|p2|6\n|start\n|switch|p1a: Crabominable|Crabominable, L90, F|321/321\n|switch|p2a: Metagross|Metagross, L79|256/256\n|turn|1\n|\n|t:|1781387729\n|move|p2a: Metagross|Psychic Fangs|p1a: Crabominable\n|-supereffective|p1a: Crabominable\n|-damage|p1a: Crabominable|121/321\n|move|p1a: Crabominable|Earthquake|p2a: Metagross\n|-supereffective|p2a: Metagross\n|-damage|p2a: Metagross|4/256\n|\n|-heal|p2a: Metagross|20/256|[from] item: Leftovers\n|upkeep\n|turn|2\n|\n|t:|1781387734\n|switch|p1a: Hydreigon|Hydreigon, L79, M|275/275\n|move|p2a: Metagross|Psychic Fangs|p1a: Hydreigon\n|-immune|p1a: Hydreigon\n|\n|-heal|p2a: Metagross|36/256|[from] item: Leftovers\n|upkeep\n|turn|3\n|\n|t:|1781387744\n|switch|p2a: Persian|Persian, L92, M|269/269\n|move|p1a: Hydreigon|Dark Pulse|p2a: Persian\n|-damage|p2a: Persian|115/269\n|\n|upkeep\n|turn|4\n|\n|t:|1781387752\n|switch|p1a: Metagross|Metagross, L79|256/256\n|move|p2a: Persian|Fake Out|p1a: Metagross\n|-resisted|p1a: Metagross\n|-damage|p1a: Metagross|228/256\n|\n|-heal|p1a: Metagross|244/256|[from] item: Leftovers\n|upkeep\n|turn|5\n|\n|t:|1781387759\n|move|p2a: Persian|Knock Off|p1a: Metagross\n|-supereffective|p1a: Metagross\n|-damage|p1a: Metagross|134/256\n|-enditem|p1a: Metagross|Leftovers|[from] move: Knock Off|[of] p2a: Persian\n|move|p1a: Metagross|Stealth Rock|p2a: Persian\n|-sidestart|p2: bieszczadyarchiwum|move: Stealth Rock\n|\n|upkeep\n|turn|6\n|\n|t:|1781387769\n|move|p2a: Persian|Knock Off|p1a: Metagross\n|-supereffective|p1a: Metagross\n|-damage|p1a: Metagross|64/256\n|move|p1a: Metagross|Heavy Slam|p2a: Persian\n|-damage|p2a: Persian|0 fnt\n|faint|p2a: Persian\n|\n|upkeep\n|\n|t:|1781387782\n|switch|p2a: Glalie|Glalie, L96, M|309/309\n|turn|7\n|\n|t:|1781387788\n|move|p1a: Metagross|Bullet Punch|p2a: Glalie\n|-supereffective|p2a: Glalie\n|-damage|p2a: Glalie|219/309\n|move|p2a: Glalie|Earthquake|p1a: Metagross\n|-supereffective|p1a: Metagross\n|-damage|p1a: Metagross|0 fnt\n|faint|p1a: Metagross\n|\n|upkeep\n|\n|t:|1781387794\n|switch|p1a: Crabominable|Crabominable, L90, F|121/321\n|turn|8\n|\n|t:|1781387807\n|move|p2a: Glalie|Earthquake|p1a: Crabominable\n|-damage|p1a: Crabominable|41/321\n|move|p1a: Crabominable|Drain Punch|p2a: Glalie\n|-supereffective|p2a: Glalie\n|-damage|p2a: Glalie|0 fnt\n|-heal|p1a: Crabominable|151/321|[from] drain|[of] p2a: Glalie\n|faint|p2a: Glalie\n|\n|upkeep\n|\n|t:|1781387812\n|switch|p2a: Gallade|Gallade, L80, M|240/240\n|-damage|p2a: Gallade|225/240|[from] Stealth Rock\n|turn|9\n|\n|t:|1781387837\n|switch|p1a: Clefable|Clefable, L83, M|293/293\n|move|p2a: Gallade|Psycho Cut|p1a: Clefable\n|-crit|p1a: Clefable\n|-damage|p1a: Clefable|8/293\n|-damage|p2a: Gallade|201/240|[from] item: Life Orb\n|\n|upkeep\n|turn|10\n|inactive|Battle timer is ON: inactive players will automatically lose when time's up. (requested by cr aries)\n|\n|t:|1781387848\n|move|p2a: Gallade|Sacred Sword|p1a: Clefable\n|-resisted|p1a: Clefable\n|-damage|p1a: Clefable|0 fnt\n|faint|p1a: Clefable\n|-damage|p2a: Gallade|177/240|[from] item: Life Orb\n|\n|upkeep\n|\n|t:|1781387857\n|switch|p1a: Hydreigon|Hydreigon, L79, M|275/275\n|turn|11\n|\n|t:|1781387861\n|-terastallize|p2a: Gallade|Dark\n|move|p1a: Hydreigon|Draco Meteor|p2a: Gallade\n|-damage|p2a: Gallade|3/240\n|-unboost|p1a: Hydreigon|spa|2\n|move|p2a: Gallade|Agility|p2a: Gallade\n|-boost|p2a: Gallade|spe|2\n|\n|upkeep\n|turn|12\n|\n|t:|1781387872\n|switch|p1a: Crabominable|Crabominable, L90, F|151/321\n|move|p2a: Gallade|Sacred Sword|p1a: Crabominable\n|-supereffective|p1a: Crabominable\n|-damage|p1a: Crabominable|0 fnt\n|faint|p1a: Crabominable\n|-damage|p2a: Gallade|0 fnt|[from] item: Life Orb\n|faint|p2a: Gallade\n|\n|upkeep\n|\n|t:|1781387880\n|switch|p2a: Metagross|Metagross, L79|36/256\n|switch|p1a: Hydreigon|Hydreigon, L79, M|275/275\n|-damage|p2a: Metagross|20/256|[from] Stealth Rock\n|turn|13\n|\n|t:|1781387888\n|move|p1a: Hydreigon|U-turn|p2a: Metagross\n|-damage|p2a: Metagross|0 fnt\n|faint|p2a: Metagross\n|\n|t:|1781387890\n|switch|p1a: Rotom|Rotom-Wash, L82|216/216|[from] U-turn\n|\n|upkeep\n|\n|t:|1781387898\n|switch|p2a: Clodsire|Clodsire, L81, F|343/343\n|-damage|p2a: Clodsire|322/343|[from] Stealth Rock\n|turn|14\n|\n|t:|1781387907\n|move|p1a: Rotom|Hydro Pump|p2a: Clodsire\n|-supereffective|p2a: Clodsire\n|-damage|p2a: Clodsire|118/343\n|move|p2a: Clodsire|Toxic|p1a: Rotom\n|-status|p1a: Rotom|tox\n|\n|-heal|p2a: Clodsire|139/343|[from] item: Leftovers\n|-damage|p1a: Rotom|203/216 tox|[from] psn\n|upkeep\n|turn|15\n|\n|t:|1781387915\n|switch|p2a: Plusle|Plusle, L95, F|268/268\n|-damage|p2a: Plusle|235/268|[from] Stealth Rock\n|move|p1a: Rotom|Hydro Pump|p2a: Plusle\n|-damage|p2a: Plusle|117/268\n|\n|-heal|p1a: Rotom|216/216 tox|[from] item: Leftovers\n|-damage|p1a: Rotom|190/216 tox|[from] psn\n|upkeep\n|turn|16\n|c|\u2606cr aries|gg\n|\n|t:|1781387924\n|move|p2a: Plusle|Grass Knot|p1a: Rotom\n|-supereffective|p1a: Rotom\n|-damage|p1a: Rotom|148/216 tox\n|-damage|p2a: Plusle|91/268|[from] item: Life Orb\n|move|p1a: Rotom|Hydro Pump|p2a: Plusle\n|-damage|p2a: Plusle|0 fnt\n|faint|p2a: Plusle\n|\n|-heal|p1a: Rotom|161/216 tox|[from] item: Leftovers\n|-damage|p1a: Rotom|122/216 tox|[from] psn\n|upkeep\n|\n|t:|1781387927\n|switch|p2a: Clodsire|Clodsire, L81, F|139/343\n|-damage|p2a: Clodsire|118/343|[from] Stealth Rock\n|turn|17\n|\n|t:|1781387930\n|move|p1a: Rotom|Hydro Pump|p2a: Clodsire\n|-supereffective|p2a: Clodsire\n|-damage|p2a: Clodsire|0 fnt\n|faint|p2a: Clodsire\n|\n|win|cr aries\n|raw|cr aries's rating: 1616 &rarr; <strong>1634</strong><br />(+18 for winning)\n|raw|bieszczadyarchiwum's rating: 1581 &rarr; <strong>1563</strong><br />(-18 for losing)\n|l|\u2606cr aries\n|player|p1|\n", "uploadtime": 1781387936, "views": 4, "formatid": "gen9randombattle", "rating": 1563, "private": 0, "password": null}