{"id": "gen9randombattle-2631936478", "format": "[Gen 9] Random Battle", "players": ["thatdankcharizard", "trevorstmcgoodbody"], "log": "|j|\u2606thatdankcharizard\n|j|\u2606trevorstmcgoodbody\n|t:|1781457525\n|gametype|singles\n|player|p1|thatdankcharizard|266|2062\n|player|p2|trevorstmcgoodbody|265|2043\n|gen|9\n|tier|[Gen 9] Random Battle\n|rated|\n|rule|Species Clause: Limit one of each Pok\u00e9mon\n|rule|HP Percentage Mod: HP is shown in percentages\n|rule|Sleep Clause Mod: Limit one foe put to sleep\n|rule|Illusion Level Mod: Illusion disguises the Pok\u00e9mon's true level\n|\n|t:|1781457526\n|teamsize|p1|6\n|teamsize|p2|6\n|start\n|switch|p1a: Spidops|Spidops, L96, M|271/271\n|switch|p2a: Corviknight|Corviknight, L80, M|288/288\n|-ability|p2a: Corviknight|Pressure\n|turn|1\n|inactive|Battle timer is ON: inactive players will automatically lose when time's up. (requested by trevorstmcgoodbody)\n|\n|t:|1781457551\n|switch|p1a: Spiritomb|Spiritomb, L89, F|234/234\n|move|p2a: Corviknight|Brave Bird|p1a: Spiritomb\n|-damage|p1a: Spiritomb|147/234\n|-damage|p2a: Corviknight|259/288|[from] Recoil\n|\n|-heal|p2a: Corviknight|277/288|[from] item: Leftovers\n|-heal|p1a: Spiritomb|161/234|[from] item: Leftovers\n|upkeep\n|turn|2\n|\n|t:|1781457575\n|switch|p2a: Incineroar|Incineroar, L82, M|290/290\n|-ability|p2a: Incineroar|Intimidate|boost\n|-unboost|p1a: Spiritomb|atk|1\n|move|p1a: Spiritomb|Will-O-Wisp|p2a: Incineroar\n|-immune|p2a: Incineroar\n|\n|-heal|p1a: Spiritomb|175/234|[from] item: Leftovers\n|upkeep\n|turn|3\n|\n|t:|1781457586\n|switch|p1a: Tatsugiri|Tatsugiri, L87, M|260/260\n|move|p2a: Incineroar|Knock Off|p1a: Tatsugiri\n|-damage|p1a: Tatsugiri|124/260\n|-enditem|p1a: Tatsugiri|Heavy-Duty Boots|[from] move: Knock Off|[of] p2a: Incineroar\n|\n|upkeep\n|turn|4\n|\n|t:|1781457597\n|switch|p2a: Corviknight|Corviknight, L80, M|277/288\n|-ability|p2a: Corviknight|Pressure\n|move|p1a: Tatsugiri|Nasty Plot|p1a: Tatsugiri\n|-boost|p1a: Tatsugiri|spa|2\n|\n|-heal|p2a: Corviknight|288/288|[from] item: Leftovers\n|upkeep\n|turn|5\n|\n|t:|1781457611\n|switch|p2a: Regidrago|Regidrago, L77|435/435\n|move|p1a: Tatsugiri|Hydro Pump|p2a: Regidrago\n|-resisted|p2a: Regidrago\n|-damage|p2a: Regidrago|218/435\n|\n|upkeep\n|turn|6\n|inactive|thatdankcharizard has 120 seconds left.\n|\n|t:|1781457650\n|move|p2a: Regidrago|Dragon Energy|p1a: Tatsugiri\n|-supereffective|p1a: Tatsugiri\n|-damage|p1a: Tatsugiri|0 fnt\n|faint|p1a: Tatsugiri\n|\n|upkeep\n|\n|t:|1781457653\n|switch|p1a: Samurott|Samurott, L88, F|310/310\n|turn|7\n|\n|t:|1781457668\n|move|p2a: Regidrago|Dragon Energy|p1a: Samurott\n|-damage|p1a: Samurott|238/310\n|move|p1a: Samurott|Sacred Sword|p2a: Regidrago\n|-damage|p2a: Regidrago|95/435\n|\n|upkeep\n|turn|8\n|\n|t:|1781457674\n|switch|p2a: Corviknight|Corviknight, L80, M|288/288\n|-ability|p2a: Corviknight|Pressure\n|switch|p1a: Spidops|Spidops, L96, M|271/271\n|\n|upkeep\n|turn|9\n|\n|t:|1781457685\n|switch|p1a: Spiritomb|Spiritomb, L89, F|175/234\n|move|p2a: Corviknight|Brave Bird|p1a: Spiritomb\n|-damage|p1a: Spiritomb|93/234\n|-damage|p2a: Corviknight|261/288|[from] Recoil\n|\n|-heal|p2a: Corviknight|279/288|[from] item: Leftovers\n|-heal|p1a: Spiritomb|107/234|[from] item: Leftovers\n|upkeep\n|turn|10\n|\n|t:|1781457690\n|switch|p2a: Incineroar|Incineroar, L82, M|290/290\n|-ability|p2a: Incineroar|Intimidate|boost\n|-unboost|p1a: Spiritomb|atk|1\n|switch|p1a: Samurott|Samurott, L88, F|238/310\n|\n|upkeep\n|turn|11\n|\n|t:|1781457700\n|switch|p2a: Regidrago|Regidrago, L77|95/435\n|move|p1a: Samurott|Hydro Pump|p2a: Regidrago|[miss]\n|-miss|p1a: Samurott|p2a: Regidrago\n|\n|upkeep\n|turn|12\n|\n|t:|1781457706\n|move|p2a: Regidrago|Outrage|p1a: Samurott\n|-damage|p1a: Samurott|78/310\n|move|p1a: Samurott|Sacred Sword|p2a: Regidrago\n|-damage|p2a: Regidrago|0 fnt\n|faint|p2a: Regidrago\n|\n|upkeep\n|\n|t:|1781457716\n|switch|p2a: Delibird|Delibird, F|252/252\n|turn|13\n|\n|t:|1781457726\n|move|p1a: Samurott|Aqua Jet|p2a: Delibird\n|-damage|p2a: Delibird|162/252\n|move|p2a: Delibird|Freeze-Dry|p1a: Samurott\n|-supereffective|p1a: Samurott\n|-damage|p1a: Samurott|0 fnt\n|faint|p1a: Samurott\n|\n|upkeep\n|\n|t:|1781457731\n|switch|p1a: Pawmot|Pawmot, L80, F|243/243\n|turn|14\n|\n|t:|1781457753\n|switch|p2a: Mudsdale|Mudsdale, L83, F|302/302\n|move|p1a: Pawmot|Revival Blessing|p1a: Pawmot\n|-enditem|p1a: Pawmot|Leppa Berry|[eat]\n|-activate|p1a: Pawmot|item: Leppa Berry|Revival Blessing|[consumed]\n|\n|t:|1781457755\n|-heal|p1: Tatsugiri|130/260|[from] move: Revival Blessing\n|\n|upkeep\n|turn|15\n|\n|t:|1781457761\n|switch|p1a: Spidops|Spidops, L96, M|271/271\n|move|p2a: Mudsdale|Earthquake|p1a: Spidops\n|-resisted|p1a: Spidops\n|-damage|p1a: Spidops|220/271\n|\n|upkeep\n|turn|16\n|\n|t:|1781457771\n|switch|p2a: Corviknight|Corviknight, L80, M|279/288\n|-ability|p2a: Corviknight|Pressure\n|move|p1a: Spidops|Toxic Spikes|p2a: Corviknight\n|-sidestart|p2: trevorstmcgoodbody|move: Toxic Spikes\n|\n|-heal|p2a: Corviknight|288/288|[from] item: Leftovers\n|upkeep\n|turn|17\n|\n|t:|1781457784\n|move|p2a: Corviknight|Brave Bird|p1a: Spidops\n|-supereffective|p1a: Spidops\n|-damage|p1a: Spidops|22/271\n|-damage|p2a: Corviknight|223/288|[from] Recoil\n|move|p1a: Spidops|Circle Throw|p2a: Corviknight\n|-damage|p2a: Corviknight|176/288\n|drag|p2a: Incineroar|Incineroar, L82, M|290/290\n|-ability|p2a: Incineroar|Intimidate|boost\n|-unboost|p1a: Spidops|atk|1\n|\n|upkeep\n|turn|18\n|\n|t:|1781457801\n|move|p2a: Incineroar|Knock Off|p1a: Spidops\n|-damage|p1a: Spidops|0 fnt\n|-enditem|p1a: Spidops|Heavy-Duty Boots|[from] move: Knock Off|[of] p2a: Incineroar\n|faint|p1a: Spidops\n|\n|upkeep\n|\n|t:|1781457803\n|switch|p1a: Tatsugiri|Tatsugiri, L87, M|130/260\n|turn|19\n|\n|t:|1781457814\n|switch|p2a: Delibird|Delibird, F|162/252\n|move|p1a: Tatsugiri|Hydro Pump|p2a: Delibird\n|-damage|p2a: Delibird|0 fnt\n|faint|p2a: Delibird\n|\n|upkeep\n|\n|t:|1781457823\n|switch|p2a: Beartic|Beartic, L91, F|321/321\n|-status|p2a: Beartic|psn\n|turn|20\n|\n|t:|1781457831\n|switch|p1a: Spiritomb|Spiritomb, L89, F|107/234\n|move|p2a: Beartic|Earthquake|p1a: Spiritomb\n|-damage|p1a: Spiritomb|0 fnt\n|faint|p1a: Spiritomb\n|\n|-damage|p2a: Beartic|281/321 psn|[from] psn\n|upkeep\n|\n|t:|1781457834\n|switch|p1a: Bellossom|Bellossom, L84, M|263/263\n|turn|21\n|\n|t:|1781457846\n|switch|p2a: Incineroar|Incineroar, L82, M|290/290\n|-ability|p2a: Incineroar|Intimidate|boost\n|-unboost|p1a: Bellossom|atk|1\n|switch|p1a: Pawmot|Pawmot, L80, F|243/243\n|\n|upkeep\n|turn|22\n|\n|t:|1781457853\n|switch|p2a: Mudsdale|Mudsdale, L83, F|302/302\n|-status|p2a: Mudsdale|psn\n|move|p1a: Pawmot|Close Combat|p2a: Mudsdale\n|-damage|p2a: Mudsdale|176/302 psn\n|-unboost|p1a: Pawmot|def|1\n|-unboost|p1a: Pawmot|spd|1\n|-ability|p2a: Mudsdale|Stamina|boost\n|-boost|p2a: Mudsdale|def|1\n|\n|-heal|p2a: Mudsdale|194/302 psn|[from] item: Leftovers\n|-damage|p2a: Mudsdale|157/302 psn|[from] psn\n|upkeep\n|turn|23\n|\n|t:|1781457862\n|switch|p1a: Bellossom|Bellossom, L84, M|263/263\n|move|p2a: Mudsdale|Stealth Rock|p1a: Bellossom\n|-sidestart|p1: thatdankcharizard|move: Stealth Rock\n|\n|-heal|p2a: Mudsdale|175/302 psn|[from] item: Leftovers\n|-damage|p2a: Mudsdale|138/302 psn|[from] psn\n|upkeep\n|turn|24\n|\n|t:|1781457874\n|switch|p2a: Corviknight|Corviknight, L80, M|176/288\n|-ability|p2a: Corviknight|Pressure\n|move|p1a: Bellossom|Quiver Dance|p1a: Bellossom\n|-boost|p1a: Bellossom|spa|1\n|-boost|p1a: Bellossom|spd|1\n|-boost|p1a: Bellossom|spe|1\n|\n|-heal|p2a: Corviknight|194/288|[from] item: Leftovers\n|upkeep\n|turn|25\n|\n|t:|1781457885\n|-terastallize|p1a: Bellossom|Fairy\n|move|p1a: Bellossom|Moonblast|p2a: Corviknight\n|-resisted|p2a: Corviknight\n|-damage|p2a: Corviknight|119/288\n|-unboost|p2a: Corviknight|spa|1\n|move|p2a: Corviknight|Roost|p2a: Corviknight\n|-heal|p2a: Corviknight|263/288\n|-singleturn|p2a: Corviknight|move: Roost\n|\n|-heal|p2a: Corviknight|281/288|[from] item: Leftovers\n|upkeep\n|turn|26\n|\n|t:|1781457893\n|move|p1a: Bellossom|Quiver Dance|p1a: Bellossom\n|-boost|p1a: Bellossom|spa|1\n|-boost|p1a: Bellossom|spd|1\n|-boost|p1a: Bellossom|spe|1\n|move|p2a: Corviknight|Brave Bird|p1a: Bellossom\n|-damage|p1a: Bellossom|158/263\n|-damage|p2a: Corviknight|246/288|[from] Recoil\n|\n|-heal|p1a: Bellossom|174/263|[from] item: Leftovers\n|-heal|p2a: Corviknight|264/288|[from] item: Leftovers\n|upkeep\n|turn|27\n|\n|t:|1781457901\n|move|p1a: Bellossom|Quiver Dance|p1a: Bellossom\n|-boost|p1a: Bellossom|spa|1\n|-boost|p1a: Bellossom|spd|1\n|-boost|p1a: Bellossom|spe|1\n|move|p2a: Corviknight|U-turn|p1a: Bellossom\n|-resisted|p1a: Bellossom\n|-damage|p1a: Bellossom|154/263\n|\n|t:|1781457904\n|switch|p2a: Beartic|Beartic, L91, F|281/321 psn|[from] U-turn\n|\n|-heal|p1a: Bellossom|170/263|[from] item: Leftovers\n|-damage|p2a: Beartic|241/321 psn|[from] psn\n|upkeep\n|turn|28\n|\n|t:|1781457910\n|move|p1a: Bellossom|Moonblast|p2a: Beartic\n|-damage|p2a: Beartic|16/321 psn\n|-unboost|p2a: Beartic|spa|1\n|move|p2a: Beartic|Icicle Crash|p1a: Bellossom\n|-damage|p1a: Bellossom|0 fnt\n|faint|p1a: Bellossom\n|\n|-damage|p2a: Beartic|0 fnt|[from] psn\n|faint|p2a: Beartic\n|upkeep\n|\n|t:|1781457925\n|switch|p2a: Incineroar|Incineroar, L82, M|290/290\n|switch|p1a: Pawmot|Pawmot, L80, F|243/243\n|-damage|p1a: Pawmot|228/243|[from] Stealth Rock\n|-ability|p2a: Incineroar|Intimidate|boost\n|-unboost|p1a: Pawmot|atk|1\n|turn|29\n|\n|t:|1781457932\n|move|p1a: Pawmot|Close Combat|p2a: Incineroar\n|-supereffective|p2a: Incineroar\n|-damage|p2a: Incineroar|110/290\n|-unboost|p1a: Pawmot|def|1\n|-unboost|p1a: Pawmot|spd|1\n|move|p2a: Incineroar|Earthquake|p1a: Pawmot\n|-supereffective|p1a: Pawmot\n|-damage|p1a: Pawmot|0 fnt\n|faint|p1a: Pawmot\n|\n|upkeep\n|\n|t:|1781457935\n|switch|p1a: Tatsugiri|Tatsugiri, L87, M|130/260\n|-damage|p1a: Tatsugiri|98/260|[from] Stealth Rock\n|turn|30\n|\n|t:|1781457947\n|move|p1a: Tatsugiri|Nasty Plot|p1a: Tatsugiri\n|-boost|p1a: Tatsugiri|spa|2\n|move|p2a: Incineroar|Earthquake|p1a: Tatsugiri\n|-damage|p1a: Tatsugiri|0 fnt\n|faint|p1a: Tatsugiri\n|\n|win|trevorstmcgoodbody\n", "inputlog": ">version a8376a258c1d4662feba110a92103f3664a72141\n>start {\"formatid\":\"gen9randombattle\",\"seed\":\"sodium,f4606f31e4090eddc4d5353b8a15576b\",\"rated\":\"Rated battle\"}\n>player p1 {\"name\":\"thatdankcharizard\",\"avatar\":\"266\",\"rating\":2062,\"seed\":\"sodium,fc9e8eee8e54e9e055c6ea27695c8931\"}\n>player p2 {\"name\":\"trevorstmcgoodbody\",\"avatar\":\"265\",\"rating\":2043,\"seed\":\"sodium,9785a0a233869c2d23a746cdf2715ba8\"}\n>p1 switch 6\n>p2 move bravebird\n>p1 move willowisp\n>p2 switch 3\n>p1 switch 3\n>p2 move knockoff\n>p1 move nastyplot\n>p2 switch 3\n>p1 move hydropump\n>p2 switch 6\n>p1 move dracometeor\n>p2 move dragonenergy\n>p1 switch 2\n>p1 move sacredsword\n>p2 move dragonenergy\n>p1 switch 6\n>p2 switch 6\n>p1 switch 3\n>p2 move bravebird\n>p1 switch 6\n>p2 switch 3\n>p1 move hydropump\n>p2 switch 6\n>p1 move sacredsword\n>p2 move outrage\n>p2 switch 5\n>p1 move aquajet\n>p2 move freezedry\n>p1 switch 4\n>p1 move revivalblessing\n>p2 switch 2\n>p1 switch 2\n>p1 switch 3\n>p2 move earthquake\n>p1 move toxicspikes\n>p2 switch 3\n>p1 move circlethrow\n>p2 move bravebird\n>p1 move stickyweb\n>p2 move knockoff\n>p1 switch 2\n>p1 move hydropump\n>p2 switch 2\n>p2 switch 4\n>p1 switch 6\n>p2 move earthquake\n>p1 switch 5\n>p1 switch 3\n>p2 switch 2\n>p1 move closecombat\n>p2 switch 3\n>p1 switch 3\n>p2 move stealthrock\n>p1 move quiverdance\n>p2 switch 6\n>p1 move moonblast terastallize\n>p2 move roost\n>p1 move quiverdance\n>p2 move bravebird\n>p1 move quiverdance\n>p2 move uturn\n>p2 switch 2\n>p1 move moonblast\n>p2 move iciclecrash\n>p1 switch 3\n>p2 switch 3\n>p1 move closecombat\n>p2 move earthquake\n>p1 switch 6\n>p1 move nastyplot\n>p2 move earthquake", "uploadtime": 1781457527, "views": 5, "formatid": "gen9randombattle", "rating": null, "private": 0, "password": null}