{"id": "gen9randombattle-2631728284", "format": "[Gen 9] Random Battle", "players": ["symitry", "namanpokemonmaster"], "log": "|j|\u2606symitry\n|j|\u2606namanpokemonmaster\n|t:|1781429683\n|gametype|singles\n|player|p1|symitry|102|2029\n|player|p2|namanpokemonmaster|lucas|2072\n|gen|9\n|tier|[Gen 9] Random Battle\n|rated|\n|rule|Species Clause: Limit one of each Pok\u00e9mon\n|rule|HP Percentage Mod: HP is shown in percentages\n|rule|Sleep Clause Mod: Limit one foe put to sleep\n|rule|Illusion Level Mod: Illusion disguises the Pok\u00e9mon's true level\n|\n|t:|1781429683\n|teamsize|p1|6\n|teamsize|p2|6\n|start\n|switch|p1a: Dipplin|Dipplin, L88, F|284/284\n|switch|p2a: Rotom|Rotom, L88|231/231\n|turn|1\n|inactive|Battle timer is ON: inactive players will automatically lose when time's up. (requested by namanpokemonmaster)\n|\n|t:|1781429698\n|move|p2a: Rotom|Volt Switch|p1a: Dipplin\n|-resisted|p1a: Dipplin\n|-damage|p1a: Dipplin|271/284\n|\n|t:|1781429707\n|switch|p2a: Weezing|Weezing-Galar, L86, F|252/252|[from] Volt Switch\n|move|p1a: Dipplin|Dragon Pulse|p2a: Weezing\n|-immune|p2a: Weezing\n|\n|upkeep\n|turn|2\n|\n|t:|1781429714\n|switch|p1a: Overqwil|Overqwil, L82, F|274/274\n|-ability|p1a: Overqwil|Intimidate|boost\n|-unboost|p2a: Weezing|atk|1\n|move|p2a: Weezing|Will-O-Wisp|p1a: Overqwil\n|-status|p1a: Overqwil|brn\n|\n|-damage|p1a: Overqwil|257/274 brn|[from] brn\n|upkeep\n|turn|3\n|\n|t:|1781429718\n|switch|p2a: Landorus|Landorus, L75, M|257/257\n|move|p1a: Overqwil|Swords Dance|p1a: Overqwil\n|-boost|p1a: Overqwil|atk|2\n|\n|-damage|p1a: Overqwil|240/274 brn|[from] brn\n|upkeep\n|turn|4\n|\n|t:|1781429724\n|move|p2a: Landorus|Stealth Rock|p1a: Overqwil\n|-sidestart|p1: symitry|move: Stealth Rock\n|move|p1a: Overqwil|Scale Shot|p2a: Landorus\n|-damage|p2a: Landorus|237/257\n|-damage|p2a: Landorus|215/257\n|-damage|p2a: Landorus|194/257\n|-damage|p2a: Landorus|171/257\n|-hitcount|p2a: Landorus|4\n|-unboost|p1a: Overqwil|def|1\n|-boost|p1a: Overqwil|spe|1\n|\n|-damage|p1a: Overqwil|223/274 brn|[from] brn\n|upkeep\n|turn|5\n|\n|t:|1781429730\n|move|p1a: Overqwil|Crunch|p2a: Landorus\n|-damage|p2a: Landorus|69/257\n|move|p2a: Landorus|Earth Power|p1a: Overqwil\n|-supereffective|p1a: Overqwil\n|-damage|p1a: Overqwil|0 fnt\n|faint|p1a: Overqwil\n|\n|upkeep\n|\n|t:|1781429738\n|switch|p1a: Hawlucha|Hawlucha, L80, F|256/256\n|-damage|p1a: Hawlucha|224/256|[from] Stealth Rock\n|turn|6\n|\n|t:|1781429741\n|move|p1a: Hawlucha|Swords Dance|p1a: Hawlucha\n|-boost|p1a: Hawlucha|atk|2\n|move|p2a: Landorus|Psychic|p1a: Hawlucha\n|-supereffective|p1a: Hawlucha\n|-damage|p1a: Hawlucha|0 fnt\n|faint|p1a: Hawlucha\n|\n|upkeep\n|\n|t:|1781429757\n|switch|p1a: Electivire|Electivire, L84, M|263/263\n|-damage|p1a: Electivire|231/263|[from] Stealth Rock\n|turn|7\n|\n|t:|1781429764\n|switch|p2a: Rotom|Rotom, L88|231/231\n|move|p1a: Electivire|Ice Punch|p2a: Rotom\n|-damage|p2a: Rotom|148/231\n|-damage|p1a: Electivire|205/263|[from] item: Life Orb\n|\n|upkeep\n|turn|8\n|\n|t:|1781429773\n|move|p2a: Rotom|Shadow Ball|p1a: Electivire\n|-damage|p1a: Electivire|106/263\n|-unboost|p1a: Electivire|spd|1\n|move|p1a: Electivire|Knock Off|p2a: Rotom\n|-supereffective|p2a: Rotom\n|-damage|p2a: Rotom|0 fnt\n|-enditem|p2a: Rotom|Choice Scarf|[from] move: Knock Off|[of] p1a: Electivire\n|faint|p2a: Rotom\n|-damage|p1a: Electivire|80/263|[from] item: Life Orb\n|\n|upkeep\n|\n|t:|1781429781\n|switch|p2a: Greninja|Greninja, L80, M|246/246\n|turn|9\n|\n|t:|1781429799\n|switch|p1a: Glaceon|Glaceon, L94, M|275/275\n|move|p2a: Greninja|Dark Pulse|p1a: Glaceon\n|-damage|p1a: Glaceon|181/275\n|-damage|p2a: Greninja|222/246|[from] item: Life Orb\n|\n|upkeep\n|turn|10\n|\n|t:|1781429815\n|move|p2a: Greninja|Gunk Shot|p1a: Glaceon|[miss]\n|-miss|p2a: Greninja|p1a: Glaceon\n|move|p1a: Glaceon|Calm Mind|p1a: Glaceon\n|-boost|p1a: Glaceon|spa|1\n|-boost|p1a: Glaceon|spd|1\n|\n|upkeep\n|turn|11\n|\n|t:|1781429838\n|move|p2a: Greninja|Gunk Shot|p1a: Glaceon\n|-damage|p1a: Glaceon|100/275\n|-damage|p2a: Greninja|198/246|[from] item: Life Orb\n|move|p1a: Glaceon|Wish|p1a: Glaceon\n|\n|upkeep\n|turn|12\n|\n|t:|1781429844\n|move|p1a: Glaceon|Protect|p1a: Glaceon\n|-singleturn|p1a: Glaceon|Protect\n|move|p2a: Greninja|Gunk Shot|p1a: Glaceon\n|-activate|p1a: Glaceon|move: Protect\n|\n|-heal|p1a: Glaceon|237/275|[from] move: Wish|[wisher] Glaceon\n|upkeep\n|turn|13\n|\n|t:|1781429853\n|move|p2a: Greninja|Gunk Shot|p1a: Glaceon\n|-damage|p1a: Glaceon|158/275\n|-damage|p2a: Greninja|174/246|[from] item: Life Orb\n|move|p1a: Glaceon|Freeze-Dry|p2a: Greninja\n|-supereffective|p2a: Greninja\n|-crit|p2a: Greninja\n|-damage|p2a: Greninja|0 fnt\n|faint|p2a: Greninja\n|\n|upkeep\n|\n|t:|1781429869\n|switch|p2a: Weezing|Weezing-Galar, L86, F|252/252\n|turn|14\n|\n|t:|1781429875\n|-terastallize|p2a: Weezing|Steel\n|move|p1a: Glaceon|Wish|p1a: Glaceon\n|move|p2a: Weezing|Gunk Shot|p1a: Glaceon\n|-damage|p1a: Glaceon|59/275\n|-status|p1a: Glaceon|psn\n|\n|-damage|p1a: Glaceon|25/275 psn|[from] psn\n|upkeep\n|turn|15\n|\n|t:|1781429885\n|move|p1a: Glaceon|Protect|p1a: Glaceon\n|-singleturn|p1a: Glaceon|Protect\n|move|p2a: Weezing|Gunk Shot|p1a: Glaceon\n|-activate|p1a: Glaceon|move: Protect\n|\n|-heal|p1a: Glaceon|162/275 psn|[from] move: Wish|[wisher] Glaceon\n|-damage|p1a: Glaceon|128/275 psn|[from] psn\n|upkeep\n|turn|16\n|\n|t:|1781429888\n|move|p1a: Glaceon|Wish|p1a: Glaceon\n|move|p2a: Weezing|Gunk Shot|p1a: Glaceon\n|-damage|p1a: Glaceon|40/275 psn\n|\n|-damage|p1a: Glaceon|6/275 psn|[from] psn\n|upkeep\n|turn|17\n|\n|t:|1781429895\n|move|p1a: Glaceon|Protect|p1a: Glaceon\n|-singleturn|p1a: Glaceon|Protect\n|move|p2a: Weezing|Strange Steam|p1a: Glaceon\n|-activate|p1a: Glaceon|move: Protect\n|\n|-heal|p1a: Glaceon|143/275 psn|[from] move: Wish|[wisher] Glaceon\n|-damage|p1a: Glaceon|109/275 psn|[from] psn\n|upkeep\n|turn|18\n|\n|t:|1781429898\n|move|p1a: Glaceon|Wish|p1a: Glaceon\n|move|p2a: Weezing|Gunk Shot|p1a: Glaceon\n|-damage|p1a: Glaceon|7/275 psn\n|\n|-damage|p1a: Glaceon|0 fnt|[from] psn\n|faint|p1a: Glaceon\n|upkeep\n|\n|t:|1781429902\n|switch|p1a: Sneasler|Sneasler, L74, M|240/240\n|-damage|p1a: Sneasler|225/240|[from] Stealth Rock\n|turn|19\n|\n|t:|1781429909\n|switch|p2a: Ampharos|Ampharos, L88, M|302/302\n|move|p1a: Sneasler|Close Combat|p2a: Ampharos\n|-damage|p2a: Ampharos|109/302\n|-unboost|p1a: Sneasler|def|1\n|-unboost|p1a: Sneasler|spd|1\n|\n|-heal|p1a: Sneasler|240/240|[from] move: Wish|[wisher] Glaceon\n|upkeep\n|turn|20\n|\n|t:|1781429927\n|move|p1a: Sneasler|Close Combat|p2a: Ampharos\n|-damage|p2a: Ampharos|0 fnt\n|-unboost|p1a: Sneasler|def|1\n|-unboost|p1a: Sneasler|spd|1\n|-status|p1a: Sneasler|par|[from] ability: Static|[of] p2a: Ampharos\n|faint|p2a: Ampharos\n|\n|upkeep\n|\n|t:|1781429932\n|switch|p2a: Landorus|Landorus, L75, M|69/257\n|turn|21\n|\n|t:|1781429937\n|switch|p1a: Dipplin|Dipplin, L88, F|271/284\n|-damage|p1a: Dipplin|236/284|[from] Stealth Rock\n|move|p2a: Landorus|Earth Power|p1a: Dipplin\n|-resisted|p1a: Dipplin\n|-damage|p1a: Dipplin|181/284\n|\n|upkeep\n|turn|22\n|\n|t:|1781429940\n|switch|p1a: Electivire|Electivire, L84, M|80/263\n|-damage|p1a: Electivire|48/263|[from] Stealth Rock\n|move|p2a: Landorus|Sludge Wave|p1a: Electivire\n|-damage|p1a: Electivire|0 fnt\n|faint|p1a: Electivire\n|\n|upkeep\n|\n|t:|1781429943\n|switch|p1a: Dipplin|Dipplin, L88, F|181/284\n|-damage|p1a: Dipplin|146/284|[from] Stealth Rock\n|turn|23\n|\n|t:|1781429946\n|move|p2a: Landorus|Sludge Wave|p1a: Dipplin\n|-supereffective|p1a: Dipplin\n|-damage|p1a: Dipplin|0 fnt\n|faint|p1a: Dipplin\n|\n|upkeep\n|\n|t:|1781429955\n|switch|p1a: Sneasler|Sneasler, L74, M|240/240 par\n|-damage|p1a: Sneasler|225/240 par|[from] Stealth Rock\n|turn|24\n|\n|t:|1781429959\n|-terastallize|p1a: Sneasler|Dark\n|move|p2a: Landorus|Sludge Wave|p1a: Sneasler\n|-damage|p1a: Sneasler|98/240 par\n|cant|p1a: Sneasler|par\n|\n|upkeep\n|turn|25\n|\n|t:|1781429978\n|move|p2a: Landorus|Earth Power|p1a: Sneasler\n|-damage|p1a: Sneasler|0 fnt\n|faint|p1a: Sneasler\n|\n|win|namanpokemonmaster\n", "inputlog": ">version a8376a258c1d4662feba110a92103f3664a72141\n>start {\"formatid\":\"gen9randombattle\",\"seed\":\"sodium,e6dff738938415a1357d7b846e0e4539\",\"rated\":\"Rated battle\"}\n>player p1 {\"name\":\"symitry\",\"avatar\":\"102\",\"rating\":2029,\"seed\":\"sodium,bb5afd5c44cec2bac9a5108fbf494bc7\"}\n>player p2 {\"name\":\"namanpokemonmaster\",\"avatar\":\"lucas\",\"rating\":2072,\"seed\":\"sodium,b5b649f94f6bb6493f34ed131a055ef0\"}\n>p1 move dragonpulse\n>p2 move voltswitch\n>p2 switch 2\n>p1 switch 3\n>p2 move willowisp\n>p1 move swordsdance\n>p2 switch 4\n>p1 move scaleshot\n>p2 move stealthrock\n>p1 move crunch\n>p2 move earthpower\n>p1 switch 4\n>p1 move swordsdance\n>p2 move psychic\n>p1 switch 2\n>p1 move icepunch\n>p2 switch 2\n>p1 move knockoff\n>p2 move shadowball\n>p2 switch 6\n>p1 switch 5\n>p2 move darkpulse\n>p1 move calmmind\n>p2 move gunkshot\n>p1 move wish\n>p2 move gunkshot\n>p1 move protect\n>p2 move gunkshot\n>p1 move freezedry\n>p2 move gunkshot\n>p2 switch 4\n>p1 move wish\n>p2 move gunkshot terastallize\n>p1 move protect\n>p2 move gunkshot\n>p1 move wish\n>p2 move gunkshot\n>p1 move protect\n>p2 move strangesteam\n>p1 move wish\n>p2 move gunkshot\n>p1 switch 6\n>p1 move closecombat\n>p2 switch 5\n>p1 move closecombat\n>p2 move dazzlinggleam\n>p2 switch 2\n>p1 switch 3\n>p2 move earthpower\n>p1 switch 5\n>p2 move sludgewave\n>p1 switch 5\n>p1 move recover\n>p2 move sludgewave\n>p1 switch 3\n>p1 move closecombat terastallize\n>p2 move sludgewave\n>p1 move throatchop\n>p2 move earthpower", "uploadtime": 1781429684, "views": 5, "formatid": "gen9randombattle", "rating": null, "private": 0, "password": null}