{"id": "gen9randombattle-2631884328", "format": "[Gen 9] Random Battle", "players": ["JAVASB", "KlausUnbound"], "log": "|j|\u2606JAVASB\n|j|\u2606KlausUnbound\n|t:|1781451851\n|gametype|singles\n|player|p1|JAVASB|101|2217\n|player|p2|KlausUnbound|heroine2-conquest|2290\n|gen|9\n|tier|[Gen 9] Random Battle\n|rated|\n|rule|Species Clause: Limit one of each Pok\u00e9mon\n|rule|HP Percentage Mod: HP is shown in percentages\n|rule|Sleep Clause Mod: Limit one foe put to sleep\n|rule|Illusion Level Mod: Illusion disguises the Pok\u00e9mon's true level\n|\n|t:|1781451851\n|teamsize|p1|6\n|teamsize|p2|6\n|start\n|switch|p1a: Torkoal|Torkoal, L88, M|266/266\n|switch|p2a: Corviknight|Corviknight, L80, F|288/288\n|-ability|p2a: Corviknight|Pressure\n|-weather|SunnyDay|[from] ability: Drought|[of] p1a: Torkoal\n|turn|1\n|inactive|Battle timer is ON: inactive players will automatically lose when time's up. (requested by KlausUnbound)\n|\n|t:|1781451859\n|move|p2a: Corviknight|U-turn|p1a: Torkoal\n|-resisted|p1a: Torkoal\n|-damage|p1a: Torkoal|253/266\n|\n|t:|1781451869\n|switch|p2a: Grumpig|Grumpig, L92, F|297/297|[from] U-turn\n|move|p1a: Torkoal|Stealth Rock|p2a: Grumpig\n|-sidestart|p2: KlausUnbound|move: Stealth Rock\n|\n|-weather|SunnyDay|[upkeep]\n|upkeep\n|turn|2\n|\n|t:|1781451877\n|switch|p1a: Hydreigon|Hydreigon, L79, F|275/275\n|move|p2a: Grumpig|Nasty Plot|p2a: Grumpig\n|-boost|p2a: Grumpig|spa|2\n|\n|-weather|SunnyDay|[upkeep]\n|upkeep\n|turn|3\n|\n|t:|1781451881\n|move|p2a: Grumpig|Focus Blast|p1a: Hydreigon\n|-supereffective|p1a: Hydreigon\n|-damage|p1a: Hydreigon|0 fnt\n|faint|p1a: Hydreigon\n|\n|-weather|SunnyDay|[upkeep]\n|upkeep\n|\n|t:|1781451885\n|switch|p1a: Ambipom|Ambipom, L84, M|263/263\n|turn|4\n|\n|t:|1781451889\n|move|p1a: Ambipom|Fake Out|p2a: Grumpig\n|-damage|p2a: Grumpig|200/297\n|cant|p2a: Grumpig|flinch\n|\n|-weather|SunnyDay|[upkeep]\n|-heal|p2a: Grumpig|218/297|[from] item: Leftovers\n|upkeep\n|turn|5\n|\n|t:|1781451891\n|move|p1a: Ambipom|Double-Edge|p2a: Grumpig\n|-damage|p2a: Grumpig|43/297\n|-damage|p1a: Ambipom|205/263|[from] Recoil\n|move|p2a: Grumpig|Psyshock|p1a: Ambipom\n|-damage|p1a: Ambipom|0 fnt\n|faint|p1a: Ambipom\n|\n|-weather|none\n|-heal|p2a: Grumpig|61/297|[from] item: Leftovers\n|upkeep\n|\n|t:|1781451902\n|switch|p1a: Toucannon|Toucannon, L88, M|284/284\n|turn|6\n|\n|t:|1781451906\n|-terastallize|p1a: Toucannon|Steel\n|move|p2a: Grumpig|Psyshock|p1a: Toucannon\n|-resisted|p1a: Toucannon\n|-crit|p1a: Toucannon\n|-damage|p1a: Toucannon|143/284\n|move|p1a: Toucannon|Knock Off|p2a: Grumpig\n|-supereffective|p2a: Grumpig\n|-damage|p2a: Grumpig|0 fnt\n|-enditem|p2a: Grumpig|Leftovers|[from] move: Knock Off|[of] p1a: Toucannon\n|faint|p2a: Grumpig\n|\n|upkeep\n|\n|t:|1781451922\n|switch|p2a: Cobalion|Cobalion, L80|277/277\n|-damage|p2a: Cobalion|269/277|[from] Stealth Rock\n|turn|7\n|\n|t:|1781451930\n|switch|p1a: Torkoal|Torkoal, L88, M|253/266\n|-weather|SunnyDay|[from] ability: Drought|[of] p1a: Torkoal\n|move|p2a: Cobalion|Thunder Wave|p1a: Torkoal\n|-status|p1a: Torkoal|par\n|\n|-weather|SunnyDay|[upkeep]\n|-heal|p2a: Cobalion|277/277|[from] item: Leftovers\n|upkeep\n|turn|8\n|j| Tusclomb\n|\n|t:|1781451933\n|move|p2a: Cobalion|Volt Switch|p1a: Torkoal\n|-damage|p1a: Torkoal|203/266 par\n|\n|t:|1781451936\n|switch|p2a: Grimmsnarl|Grimmsnarl, L83, M|293/293|[from] Volt Switch\n|-damage|p2a: Grimmsnarl|257/293|[from] Stealth Rock\n|move|p1a: Torkoal|Lava Plume|p2a: Grimmsnarl\n|-damage|p2a: Grimmsnarl|118/293\n|-status|p2a: Grimmsnarl|brn\n|\n|-weather|SunnyDay|[upkeep]\n|-heal|p2a: Grimmsnarl|136/293 brn|[from] item: Leftovers\n|-damage|p2a: Grimmsnarl|118/293 brn|[from] brn\n|upkeep\n|turn|9\n|\n|t:|1781451941\n|move|p2a: Grimmsnarl|Spirit Break|p1a: Torkoal\n|-resisted|p1a: Torkoal\n|-damage|p1a: Torkoal|187/266 par\n|-unboost|p1a: Torkoal|spa|1\n|move|p1a: Torkoal|Lava Plume|p2a: Grimmsnarl\n|-damage|p2a: Grimmsnarl|13/293 brn\n|\n|-weather|SunnyDay|[upkeep]\n|-heal|p2a: Grimmsnarl|31/293 brn|[from] item: Leftovers\n|-damage|p2a: Grimmsnarl|13/293 brn|[from] brn\n|upkeep\n|turn|10\n|\n|t:|1781451944\n|switch|p1a: Toucannon|Toucannon, L88, M, tera:Steel|143/284\n|move|p2a: Grimmsnarl|Parting Shot|p1a: Toucannon\n|-unboost|p1a: Toucannon|atk|1\n|-unboost|p1a: Toucannon|spa|1\n|\n|t:|1781451948\n|switch|p2a: Cobalion|Cobalion, L80|277/277|[from] Parting Shot\n|-damage|p2a: Cobalion|269/277|[from] Stealth Rock\n|\n|-weather|SunnyDay|[upkeep]\n|-heal|p2a: Cobalion|277/277|[from] item: Leftovers\n|upkeep\n|turn|11\n|\n|t:|1781451957\n|switch|p1a: Torkoal|Torkoal, L88, M|187/266 par\n|move|p2a: Cobalion|Body Press|p1a: Torkoal\n|-damage|p1a: Torkoal|115/266 par\n|\n|-weather|none\n|upkeep\n|turn|12\n|\n|t:|1781451961\n|move|p2a: Cobalion|Body Press|p1a: Torkoal\n|-damage|p1a: Torkoal|51/266 par\n|move|p1a: Torkoal|Lava Plume|p2a: Cobalion\n|-supereffective|p2a: Cobalion\n|-damage|p2a: Cobalion|55/277\n|\n|-heal|p2a: Cobalion|72/277|[from] item: Leftovers\n|upkeep\n|turn|13\n|\n|t:|1781451964\n|move|p2a: Cobalion|Body Press|p1a: Torkoal\n|-damage|p1a: Torkoal|0 fnt\n|faint|p1a: Torkoal\n|\n|-heal|p2a: Cobalion|89/277|[from] item: Leftovers\n|upkeep\n|\n|t:|1781451969\n|switch|p1a: Torterra|Torterra, L78, M|276/276\n|turn|14\n|\n|t:|1781451974\n|move|p2a: Cobalion|Body Press|p1a: Torterra\n|-damage|p1a: Torterra|185/276\n|move|p1a: Torterra|Shell Smash|p1a: Torterra\n|-unboost|p1a: Torterra|def|1\n|-unboost|p1a: Torterra|spd|1\n|-boost|p1a: Torterra|atk|2\n|-boost|p1a: Torterra|spa|2\n|-boost|p1a: Torterra|spe|2\n|\n|-heal|p2a: Cobalion|106/277|[from] item: Leftovers\n|upkeep\n|turn|15\n|\n|t:|1781451982\n|move|p1a: Torterra|Headlong Rush|p2a: Cobalion\n|-supereffective|p2a: Cobalion\n|-damage|p2a: Cobalion|0 fnt\n|-unboost|p1a: Torterra|def|1\n|-unboost|p1a: Torterra|spd|1\n|faint|p2a: Cobalion\n|\n|upkeep\n|\n|t:|1781451984\n|switch|p2a: Corviknight|Corviknight, L80, F|288/288\n|-damage|p2a: Corviknight|252/288|[from] Stealth Rock\n|-ability|p2a: Corviknight|Pressure\n|turn|16\n|\n|t:|1781451988\n|switch|p1a: Toucannon|Toucannon, L88, M, tera:Steel|143/284\n|move|p2a: Corviknight|Brave Bird|p1a: Toucannon\n|-resisted|p1a: Toucannon\n|-damage|p1a: Toucannon|88/284\n|-damage|p2a: Corviknight|234/288|[from] Recoil\n|\n|-heal|p2a: Corviknight|252/288|[from] item: Leftovers\n|upkeep\n|turn|17\n|\n|t:|1781451991\n|move|p1a: Toucannon|Roost|p1a: Toucannon\n|-heal|p1a: Toucannon|230/284\n|move|p2a: Corviknight|Defog|p1a: Toucannon\n|-unboost|p1a: Toucannon|evasion|1\n|-sideend|p2: KlausUnbound|Stealth Rock|[from] move: Defog|[of] p2a: Corviknight\n|\n|-heal|p2a: Corviknight|270/288|[from] item: Leftovers\n|upkeep\n|turn|18\n|\n|t:|1781451996\n|switch|p2a: Grimmsnarl|Grimmsnarl, L83, M|13/293 brn\n|move|p1a: Toucannon|Knock Off|p2a: Grimmsnarl\n|-resisted|p2a: Grimmsnarl\n|-damage|p2a: Grimmsnarl|0 fnt\n|-enditem|p2a: Grimmsnarl|Leftovers|[from] move: Knock Off|[of] p1a: Toucannon\n|faint|p2a: Grimmsnarl\n|\n|upkeep\n|\n|t:|1781451999\n|switch|p2a: Zapdos|Zapdos, L78|268/268\n|turn|19\n|\n|t:|1781452008\n|switch|p1a: Torterra|Torterra, L78, M|185/276\n|move|p2a: Zapdos|U-turn|p1a: Torterra\n|-supereffective|p1a: Torterra\n|-damage|p1a: Torterra|105/276\n|\n|t:|1781452012\n|switch|p2a: Annihilape|Annihilape, L76, F|292/292|[from] U-turn\n|\n|upkeep\n|turn|20\n|\n|t:|1781452019\n|move|p2a: Annihilape|Bulk Up|p2a: Annihilape\n|-boost|p2a: Annihilape|atk|1\n|-boost|p2a: Annihilape|def|1\n|move|p1a: Torterra|Shell Smash|p1a: Torterra\n|-unboost|p1a: Torterra|def|1\n|-unboost|p1a: Torterra|spd|1\n|-boost|p1a: Torterra|atk|2\n|-boost|p1a: Torterra|spa|2\n|-boost|p1a: Torterra|spe|2\n|\n|upkeep\n|turn|21\n|\n|t:|1781452025\n|move|p1a: Torterra|Shell Smash|p1a: Torterra\n|-unboost|p1a: Torterra|def|1\n|-unboost|p1a: Torterra|spd|1\n|-boost|p1a: Torterra|atk|2\n|-boost|p1a: Torterra|spa|2\n|-boost|p1a: Torterra|spe|2\n|move|p2a: Annihilape|Drain Punch|p1a: Torterra\n|-damage|p1a: Torterra|0 fnt\n|faint|p1a: Torterra\n|\n|upkeep\n|\n|t:|1781452028\n|switch|p1a: Polteageist|Polteageist, L78|222/222\n|turn|22\n|\n|t:|1781452042\n|move|p2a: Annihilape|Bulk Up|p2a: Annihilape\n|-boost|p2a: Annihilape|atk|1\n|-boost|p2a: Annihilape|def|1\n|move|p1a: Polteageist|Shell Smash|p1a: Polteageist\n|-unboost|p1a: Polteageist|def|1\n|-unboost|p1a: Polteageist|spd|1\n|-boost|p1a: Polteageist|atk|2\n|-boost|p1a: Polteageist|spa|2\n|-boost|p1a: Polteageist|spe|2\n|-enditem|p1a: Polteageist|White Herb\n|-clearnegativeboost|p1a: Polteageist|[silent]\n|\n|upkeep\n|turn|23\n|\n|t:|1781452046\n|-terastallize|p2a: Annihilape|Water\n|move|p1a: Polteageist|Stored Power|p2a: Annihilape\n|-damage|p2a: Annihilape|71/292\n|move|p2a: Annihilape|Rage Fist|p1a: Polteageist\n|-supereffective|p1a: Polteageist\n|-damage|p1a: Polteageist|0 fnt\n|-start|p2a: Annihilape|Disable|Rage Fist|[from] ability: Cursed Body|[of] p1a: Polteageist\n|faint|p1a: Polteageist\n|\n|-heal|p2a: Annihilape|89/292|[from] item: Leftovers\n|upkeep\n|c|\u2606KlausUnbound|gg\n|\n|t:|1781452051\n|switch|p1a: Toucannon|Toucannon, L88, M, tera:Steel|230/284\n|turn|24\n|-message|JAVASB forfeited.\n|\n|win|KlausUnbound\n", "inputlog": ">version a8376a258c1d4662feba110a92103f3664a72141\n>start {\"formatid\":\"gen9randombattle\",\"seed\":\"sodium,ecd1c09dfd88b775a536c3cba030cd9b\",\"rated\":\"Rated battle\"}\n>player p1 {\"name\":\"JAVASB\",\"avatar\":\"101\",\"rating\":2217,\"seed\":\"sodium,74bdf74f6168d5786f2cf0bea6d2eb8d\"}\n>player p2 {\"name\":\"KlausUnbound\",\"avatar\":\"heroine2-conquest\",\"rating\":2290,\"seed\":\"sodium,fd66597ab117f4d0fe5741d99323d99e\"}\n>p1 move stealthrock\n>p2 move uturn\n>p2 switch 2\n>p1 switch 4\n>p2 move nastyplot\n>p1 move uturn\n>p2 move focusblast\n>p1 switch 5\n>p1 move fakeout\n>p2 move psyshock\n>p1 move doubleedge\n>p2 move psyshock\n>p1 switch 2\n>p1 move knockoff terastallize\n>p2 move psyshock\n>p2 switch 3\n>p1 switch 4\n>p2 move thunderwave\n>p1 move lavaplume\n>p2 move voltswitch\n>p2 switch 5\n>p1 move lavaplume\n>p2 move spiritbreak\n>p1 switch 4\n>p2 move partingshot\n>p2 switch 5\n>p1 switch 4\n>p2 move bodypress\n>p1 move lavaplume\n>p2 move bodypress\n>p1 move lavaplume\n>p2 move bodypress\n>p1 switch 6\n>p1 move shellsmash\n>p2 move bodypress\n>p1 move headlongrush\n>p2 move bodypress\n>p2 switch 2\n>p1 switch 4\n>p2 move bravebird\n>p1 move roost\n>p2 move defog\n>p1 move knockoff\n>p2 switch 5\n>p2 switch 4\n>p1 switch 4\n>p2 move uturn\n>p2 switch 6\n>p1 move shellsmash\n>p2 move bulkup\n>p1 move shellsmash\n>p2 move drainpunch\n>p1 switch 3\n>p1 move shellsmash\n>p2 move bulkup\n>p1 move storedpower\n>p2 move ragefist terastallize\n>chat \u2606KlausUnbound|gg\n>p1 switch 4\n>forcelose p1", "uploadtime": 1781451854, "views": 6, "formatid": "gen9randombattle", "rating": null, "private": 0, "password": null}