{"id": "gen9randombattle-2631614858", "format": "[Gen 9] Random Battle", "players": ["Pororocaalien", "WezTheNub"], "log": "|j|\u2606Pororocaalien\n|j|\u2606WezTheNub\n|t:|1781409164\n|gametype|singles\n|player|p1|Pororocaalien|yellow|2037\n|player|p2|WezTheNub|norman|2030\n|gen|9\n|tier|[Gen 9] Random Battle\n|rated|\n|rule|Species Clause: Limit one of each Pok\u00e9mon\n|rule|HP Percentage Mod: HP is shown in percentages\n|rule|Sleep Clause Mod: Limit one foe put to sleep\n|rule|Illusion Level Mod: Illusion disguises the Pok\u00e9mon's true level\n|\n|t:|1781409164\n|teamsize|p1|6\n|teamsize|p2|6\n|start\n|switch|p1a: Drifblim|Drifblim, L86, F|398/398\n|switch|p2a: Iron Crown|Iron Crown, L78|268/268\n|turn|1\n|inactive|Battle timer is ON: inactive players will automatically lose when time's up. (requested by WezTheNub)\n|\n|t:|1781409186\n|-end|p2a: Iron Crown|Quark Drive|[silent]\n|switch|p2a: Tyranitar|Tyranitar, L78, F|284/284\n|-weather|Sandstorm|[from] ability: Sand Stream|[of] p2a: Tyranitar\n|move|p1a: Drifblim|Shadow Ball|p2a: Tyranitar\n|-resisted|p2a: Tyranitar\n|-damage|p2a: Tyranitar|254/284\n|\n|-weather|Sandstorm|[upkeep]\n|-damage|p1a: Drifblim|374/398|[from] Sandstorm\n|upkeep\n|turn|2\n|inactive|Pororocaalien has 120 seconds left.\n|\n|t:|1781409221\n|switch|p1a: Arbok|Arbok, L87, F|246/246\n|-ability|p1a: Arbok|Intimidate|boost\n|-unboost|p2a: Tyranitar|atk|1\n|move|p2a: Tyranitar|Knock Off|p1a: Arbok\n|-damage|p1a: Arbok|158/246\n|-enditem|p1a: Arbok|Leftovers|[from] move: Knock Off|[of] p2a: Tyranitar\n|\n|-weather|Sandstorm|[upkeep]\n|-damage|p1a: Arbok|143/246|[from] Sandstorm\n|upkeep\n|turn|3\n|inactive|WezTheNub has 120 seconds left.\n|\n|t:|1781409255\n|switch|p2a: Dusknoir|Dusknoir, L89, M|225/225\n|move|p1a: Arbok|Earthquake|p2a: Dusknoir\n|-damage|p2a: Dusknoir|172/225\n|\n|-weather|Sandstorm|[upkeep]\n|-damage|p1a: Arbok|128/246|[from] Sandstorm\n|-damage|p2a: Dusknoir|158/225|[from] Sandstorm\n|-heal|p2a: Dusknoir|172/225|[from] item: Leftovers\n|upkeep\n|turn|4\n|\n|t:|1781409272\n|switch|p1a: Oranguru|Oranguru, L92, F|315/315\n|move|p2a: Dusknoir|Will-O-Wisp|p1a: Oranguru\n|-status|p1a: Oranguru|brn\n|\n|-weather|Sandstorm|[upkeep]\n|-damage|p1a: Oranguru|296/315 brn|[from] Sandstorm\n|-damage|p2a: Dusknoir|158/225|[from] Sandstorm\n|-heal|p1a: Oranguru|315/315 brn|[from] item: Leftovers\n|-heal|p2a: Dusknoir|172/225|[from] item: Leftovers\n|-damage|p1a: Oranguru|296/315 brn|[from] brn\n|upkeep\n|turn|5\n|\n|t:|1781409290\n|switch|p2a: Iron Crown|Iron Crown, L78|268/268\n|move|p1a: Oranguru|Nasty Plot|p1a: Oranguru\n|-boost|p1a: Oranguru|spa|2\n|\n|-weather|none\n|-heal|p1a: Oranguru|315/315 brn|[from] item: Leftovers\n|-damage|p1a: Oranguru|296/315 brn|[from] brn\n|upkeep\n|turn|6\n|\n|t:|1781409295\n|move|p2a: Iron Crown|Calm Mind|p2a: Iron Crown\n|-boost|p2a: Iron Crown|spa|1\n|-boost|p2a: Iron Crown|spd|1\n|move|p1a: Oranguru|Thunderbolt|p2a: Iron Crown\n|-damage|p2a: Iron Crown|174/268\n|\n|-heal|p2a: Iron Crown|190/268|[from] item: Leftovers\n|-heal|p1a: Oranguru|315/315 brn|[from] item: Leftovers\n|-damage|p1a: Oranguru|296/315 brn|[from] brn\n|upkeep\n|turn|7\n|\n|t:|1781409304\n|move|p2a: Iron Crown|Tachyon Cutter|p1a: Oranguru\n|-damage|p1a: Oranguru|232/315 brn\n|-damage|p1a: Oranguru|166/315 brn\n|-hitcount|p1a: Oranguru|2\n|move|p1a: Oranguru|Focus Blast|p2a: Iron Crown\n|-damage|p2a: Iron Crown|78/268\n|\n|-heal|p2a: Iron Crown|94/268|[from] item: Leftovers\n|-heal|p1a: Oranguru|185/315 brn|[from] item: Leftovers\n|-damage|p1a: Oranguru|166/315 brn|[from] brn\n|upkeep\n|turn|8\n|inactive|WezTheNub has 120 seconds left.\n|\n|t:|1781409313\n|move|p2a: Iron Crown|Tachyon Cutter|p1a: Oranguru\n|-damage|p1a: Oranguru|103/315 brn\n|-damage|p1a: Oranguru|36/315 brn\n|-hitcount|p1a: Oranguru|2\n|move|p1a: Oranguru|Focus Blast|p2a: Iron Crown\n|-damage|p2a: Iron Crown|0 fnt\n|faint|p2a: Iron Crown\n|-end|p2a: Iron Crown|Quark Drive|[silent]\n|\n|-heal|p1a: Oranguru|55/315 brn|[from] item: Leftovers\n|-damage|p1a: Oranguru|36/315 brn|[from] brn\n|upkeep\n|inactive|WezTheNub has 120 seconds left.\n|\n|t:|1781409325\n|switch|p2a: Chi-Yu|Chi-Yu, L77|211/211\n|-ability|p2a: Chi-Yu|Beads of Ruin\n|turn|9\n|\n|t:|1781409328\n|move|p2a: Chi-Yu|Dark Pulse|p1a: Oranguru\n|-supereffective|p1a: Oranguru\n|-damage|p1a: Oranguru|0 fnt\n|faint|p1a: Oranguru\n|\n|upkeep\n|\n|t:|1781409334\n|switch|p1a: Crabominable|Crabominable, L90, M|321/321\n|turn|10\n|\n|t:|1781409341\n|switch|p2a: Dusknoir|Dusknoir, L89, M|172/225\n|-item|p1a: Crabominable|Assault Vest|[from] ability: Frisk|[of] p2a: Dusknoir\n|move|p1a: Crabominable|Earthquake|p2a: Dusknoir\n|-damage|p2a: Dusknoir|97/225\n|\n|-heal|p2a: Dusknoir|111/225|[from] item: Leftovers\n|upkeep\n|turn|11\n|inactive|WezTheNub has 120 seconds left.\n|\n|t:|1781409375\n|switch|p1a: Arbok|Arbok, L87, F|128/246\n|-ability|p1a: Arbok|Intimidate|boost\n|-unboost|p2a: Dusknoir|atk|1\n|move|p2a: Dusknoir|Will-O-Wisp|p1a: Arbok\n|-status|p1a: Arbok|brn\n|\n|-heal|p2a: Dusknoir|125/225|[from] item: Leftovers\n|-damage|p1a: Arbok|113/246 brn|[from] brn\n|upkeep\n|turn|12\n|inactive|WezTheNub has 120 seconds left.\n|inactive|WezTheNub has 90 seconds left.\n|\n|t:|1781409414\n|switch|p2a: Chi-Yu|Chi-Yu, L77|211/211\n|-ability|p2a: Chi-Yu|Beads of Ruin\n|move|p1a: Arbok|Gunk Shot|p2a: Chi-Yu\n|-damage|p2a: Chi-Yu|136/211\n|\n|-damage|p1a: Arbok|98/246 brn|[from] brn\n|upkeep\n|turn|13\n|inactive|WezTheNub has 90 seconds left.\n|\n|t:|1781409432\n|move|p2a: Chi-Yu|Flamethrower|p1a: Arbok\n|-damage|p1a: Arbok|0 fnt\n|faint|p1a: Arbok\n|\n|upkeep\n|\n|t:|1781409440\n|switch|p1a: Crabominable|Crabominable, L90, M|321/321\n|turn|14\n|\n|t:|1781409444\n|switch|p2a: Dusknoir|Dusknoir, L89, M|125/225\n|-item|p1a: Crabominable|Assault Vest|[from] ability: Frisk|[of] p2a: Dusknoir\n|move|p1a: Crabominable|Ice Hammer|p2a: Dusknoir\n|-damage|p2a: Dusknoir|0 fnt\n|-unboost|p1a: Crabominable|spe|1\n|faint|p2a: Dusknoir\n|\n|upkeep\n|inactive|WezTheNub has 90 seconds left.\n|\n|t:|1781409471\n|switch|p2a: Mewtwo|Mewtwo, L72|272/272\n|-ability|p2a: Mewtwo|Unnerve\n|turn|15\n|\n|t:|1781409482\n|move|p2a: Mewtwo|Psystrike|p1a: Crabominable\n|-supereffective|p1a: Crabominable\n|-damage|p1a: Crabominable|30/321\n|-damage|p2a: Mewtwo|245/272|[from] item: Life Orb\n|move|p1a: Crabominable|Knock Off|p2a: Mewtwo\n|-supereffective|p2a: Mewtwo\n|-damage|p2a: Mewtwo|23/272\n|-enditem|p2a: Mewtwo|Life Orb|[from] move: Knock Off|[of] p1a: Crabominable\n|\n|upkeep\n|turn|16\n|inactive|WezTheNub has 90 seconds left.\n|\n|t:|1781409498\n|move|p2a: Mewtwo|Psystrike|p1a: Crabominable\n|-supereffective|p1a: Crabominable\n|-damage|p1a: Crabominable|0 fnt\n|faint|p1a: Crabominable\n|\n|upkeep\n|\n|t:|1781409505\n|switch|p1a: Trevenant|Trevenant, L89, F|296/296\n|turn|17\n|inactive|WezTheNub has 90 seconds left.\n|\n|t:|1781409519\n|move|p2a: Mewtwo|Psystrike|p1a: Trevenant\n|-damage|p1a: Trevenant|185/296\n|move|p1a: Trevenant|Horn Leech|p2a: Mewtwo\n|-damage|p2a: Mewtwo|0 fnt\n|-heal|p1a: Trevenant|197/296|[from] drain|[of] p2a: Mewtwo\n|faint|p2a: Mewtwo\n|\n|upkeep\n|inactive|WezTheNub has 90 seconds left.\n|\n|t:|1781409525\n|switch|p2a: Chi-Yu|Chi-Yu, L77|136/211\n|-ability|p2a: Chi-Yu|Beads of Ruin\n|turn|18\n|\n|t:|1781409537\n|move|p2a: Chi-Yu|Overheat|p1a: Trevenant\n|-supereffective|p1a: Trevenant\n|-damage|p1a: Trevenant|0 fnt\n|-unboost|p2a: Chi-Yu|spa|2\n|faint|p1a: Trevenant\n|\n|upkeep\n|\n|t:|1781409541\n|switch|p1a: Drifblim|Drifblim, L86, F|374/398\n|turn|19\n|\n|t:|1781409544\n|switch|p2a: Tyranitar|Tyranitar, L78, F|254/284\n|-weather|Sandstorm|[from] ability: Sand Stream|[of] p2a: Tyranitar\n|move|p1a: Drifblim|Strength Sap|p2a: Tyranitar\n|-unboost|p2a: Tyranitar|atk|1\n|-heal|p1a: Drifblim|398/398\n|\n|-weather|Sandstorm|[upkeep]\n|-damage|p1a: Drifblim|374/398|[from] Sandstorm\n|upkeep\n|turn|20\n|inactive|WezTheNub has 120 seconds left.\n|\n|t:|1781409549\n|move|p1a: Drifblim|Strength Sap|p2a: Tyranitar\n|-unboost|p2a: Tyranitar|atk|1\n|-heal|p1a: Drifblim|398/398\n|move|p2a: Tyranitar|Dragon Dance|p2a: Tyranitar\n|-boost|p2a: Tyranitar|atk|1\n|-boost|p2a: Tyranitar|spe|1\n|\n|-weather|Sandstorm|[upkeep]\n|-damage|p1a: Drifblim|374/398|[from] Sandstorm\n|upkeep\n|turn|21\n|\n|t:|1781409554\n|move|p2a: Tyranitar|Dragon Dance|p2a: Tyranitar\n|-boost|p2a: Tyranitar|atk|1\n|-boost|p2a: Tyranitar|spe|1\n|move|p1a: Drifblim|Strength Sap|p2a: Tyranitar\n|-unboost|p2a: Tyranitar|atk|1\n|-heal|p1a: Drifblim|398/398\n|\n|-weather|Sandstorm|[upkeep]\n|-damage|p1a: Drifblim|374/398|[from] Sandstorm\n|upkeep\n|turn|22\n|\n|t:|1781409561\n|switch|p1a: Eiscue|Eiscue, L88, F|274/274\n|move|p2a: Tyranitar|Dragon Dance|p2a: Tyranitar\n|-boost|p2a: Tyranitar|atk|1\n|-boost|p2a: Tyranitar|spe|1\n|\n|-weather|Sandstorm|[upkeep]\n|-damage|p1a: Eiscue|257/274|[from] Sandstorm\n|upkeep\n|turn|23\n|inactive|WezTheNub has 120 seconds left.\n|\n|t:|1781409591\n|move|p2a: Tyranitar|Knock Off|p1a: Eiscue\n|-activate|p1a: Eiscue|ability: Ice Face\n|-damage|p1a: Eiscue|257/274\n|-enditem|p1a: Eiscue|Sitrus Berry|[from] move: Knock Off|[of] p2a: Tyranitar\n|detailschange|p1a: Eiscue|Eiscue-Noice, L88, F\n|move|p1a: Eiscue|Belly Drum|p1a: Eiscue\n|-damage|p1a: Eiscue|120/274\n|-setboost|p1a: Eiscue|atk|6|[from] move: Belly Drum\n|\n|-weather|none\n|upkeep\n|turn|24\n|inactive|WezTheNub has 120 seconds left.\n|\n|t:|1781409606\n|move|p2a: Tyranitar|Stone Edge|p1a: Eiscue\n|-supereffective|p1a: Eiscue\n|-damage|p1a: Eiscue|0 fnt\n|faint|p1a: Eiscue\n|\n|upkeep\n|-message|Pororocaalien forfeited.\n|\n|win|WezTheNub\n", "inputlog": ">version a8376a258c1d4662feba110a92103f3664a72141\n>start {\"formatid\":\"gen9randombattle\",\"seed\":\"sodium,562364c98c03405178ecd9a52c7ccc92\",\"rated\":\"Rated battle\"}\n>player p1 {\"name\":\"Pororocaalien\",\"avatar\":\"yellow\",\"rating\":2037,\"seed\":\"sodium,f20e4daff2afecd41347a6b93d53557d\"}\n>player p2 {\"name\":\"WezTheNub\",\"avatar\":\"norman\",\"rating\":2030,\"seed\":\"sodium,e17ee4cc91bab244091a9a311387abe8\"}\n>p1 move shadowball\n>p2 switch 4\n>p1 switch 4\n>p2 move knockoff\n>p1 move earthquake\n>p2 switch 2\n>p1 switch 3\n>p2 move willowisp\n>p1 move nastyplot\n>p2 switch 4\n>p1 move thunderbolt\n>p2 move calmmind\n>p1 move focusblast\n>p2 move tachyoncutter\n>p1 move focusblast\n>p2 move tachyoncutter\n>p2 switch 6\n>p1 move focusblast\n>p2 move darkpulse\n>p1 switch 5\n>p1 move earthquake\n>p2 switch 4\n>p1 switch 3\n>p2 move willowisp\n>p1 move gunkshot\n>p2 switch 4\n>p1 move earthquake\n>p2 move flamethrower\n>p1 switch 3\n>p1 move icehammer\n>p2 switch 4\n>p2 switch 5\n>p1 move knockoff\n>p2 move psystrike\n>p1 move knockoff\n>p2 move psystrike\n>p1 switch 6\n>p1 move hornleech\n>p2 move psystrike\n>p2 switch 4\n>p1 move hornleech\n>p2 move overheat\n>p1 switch 4\n>p1 move strengthsap\n>p2 switch 2\n>p1 move strengthsap\n>p2 move dragondance\n>p1 move strengthsap\n>p2 move dragondance\n>p1 switch 2\n>p2 move dragondance\n>p1 move bellydrum\n>p2 move knockoff\n>p1 move liquidation\n>p2 move stoneedge\n>forcelose p1", "uploadtime": 1781409166, "views": 5, "formatid": "gen9randombattle", "rating": null, "private": 0, "password": null}