{"id": "gen9randombattle-2631643605", "format": "[Gen 9] Random Battle", "players": ["Crinjal", "ch3test8"], "log": "|j|\u2606Crinjal\n|j|\u2606ch3test8\n|t:|1781413777\n|gametype|singles\n|player|p1|Crinjal|veteran|2019\n|player|p2|ch3test8|170|1952\n|gen|9\n|tier|[Gen 9] Random Battle\n|rated|\n|rule|Species Clause: Limit one of each Pok\u00e9mon\n|rule|HP Percentage Mod: HP is shown in percentages\n|rule|Sleep Clause Mod: Limit one foe put to sleep\n|rule|Illusion Level Mod: Illusion disguises the Pok\u00e9mon's true level\n|\n|t:|1781413777\n|teamsize|p1|6\n|teamsize|p2|6\n|start\n|switch|p1a: Blastoise|Blastoise, L80, F|258/258\n|switch|p2a: Gengar|Gengar, L81, M|230/230\n|turn|1\n|\n|t:|1781413785\n|move|p2a: Gengar|Trick|p1a: Blastoise\n|-activate|p2a: Gengar|move: Trick|[of] p1a: Blastoise\n|-item|p1a: Blastoise|Choice Specs|[from] move: Trick\n|-item|p2a: Gengar|White Herb|[from] move: Trick\n|move|p1a: Blastoise|Shell Smash|p1a: Blastoise\n|-unboost|p1a: Blastoise|def|1\n|-unboost|p1a: Blastoise|spd|1\n|-boost|p1a: Blastoise|atk|2\n|-boost|p1a: Blastoise|spa|2\n|-boost|p1a: Blastoise|spe|2\n|\n|upkeep\n|turn|2\n|\n|t:|1781413793\n|switch|p1a: Meloetta|Meloetta, L82|298/298\n|move|p2a: Gengar|Focus Blast|p1a: Meloetta|[miss]\n|-miss|p2a: Gengar|p1a: Meloetta\n|\n|upkeep\n|turn|3\n|inactive|Battle timer is ON: inactive players will automatically lose when time's up. (requested by ch3test8)\n|\n|t:|1781413811\n|switch|p2a: Empoleon|Empoleon, L84, M|278/278\n|move|p1a: Meloetta|Psyshock|p2a: Empoleon\n|-resisted|p2a: Empoleon\n|-damage|p2a: Empoleon|210/278\n|\n|-heal|p2a: Empoleon|227/278|[from] item: Leftovers\n|upkeep\n|turn|4\n|\n|t:|1781413827\n|switch|p1a: Sceptile|Sceptile, L87, F|264/264\n|switch|p2a: Vespiquen|Vespiquen, L99, F|299/299\n|-ability|p2a: Vespiquen|Pressure\n|\n|upkeep\n|turn|5\n|\n|t:|1781413847\n|move|p1a: Sceptile|Rock Slide|p2a: Vespiquen\n|-supereffective|p2a: Vespiquen\n|-damage|p2a: Vespiquen|86/299\n|-damage|p1a: Sceptile|238/264|[from] item: Life Orb\n|move|p2a: Vespiquen|Hurricane|p1a: Sceptile|[miss]\n|-miss|p2a: Vespiquen|p1a: Sceptile\n|\n|upkeep\n|turn|6\n|\n|t:|1781413858\n|move|p1a: Sceptile|Rock Slide|p2a: Vespiquen\n|-supereffective|p2a: Vespiquen\n|-damage|p2a: Vespiquen|0 fnt\n|faint|p2a: Vespiquen\n|-damage|p1a: Sceptile|212/264|[from] item: Life Orb\n|\n|upkeep\n|\n|t:|1781413867\n|switch|p2a: Gengar|Gengar, L81, M|230/230\n|turn|7\n|\n|t:|1781413871\n|move|p1a: Sceptile|Earthquake|p2a: Gengar\n|-supereffective|p2a: Gengar\n|-crit|p2a: Gengar\n|-damage|p2a: Gengar|0 fnt\n|faint|p2a: Gengar\n|-damage|p1a: Sceptile|186/264|[from] item: Life Orb\n|\n|upkeep\n|\n|t:|1781413885\n|switch|p2a: Ribombee|Ribombee, L83, F|235/235\n|turn|8\n|\n|t:|1781413894\n|move|p1a: Sceptile|Rock Slide|p2a: Ribombee\n|-supereffective|p2a: Ribombee\n|-damage|p2a: Ribombee|69/235\n|-damage|p1a: Sceptile|160/264|[from] item: Life Orb\n|move|p2a: Ribombee|Bug Buzz|p1a: Sceptile\n|-supereffective|p1a: Sceptile\n|-damage|p1a: Sceptile|0 fnt\n|faint|p1a: Sceptile\n|\n|upkeep\n|inactive|Crinjal has 120 seconds left.\n|\n|t:|1781413925\n|switch|p1a: Meloetta|Meloetta, L82|298/298\n|turn|9\n|inactive|Crinjal has 120 seconds left.\n|\n|t:|1781413936\n|move|p2a: Ribombee|Sticky Web|p1a: Meloetta\n|-sidestart|p1: Crinjal|move: Sticky Web\n|move|p1a: Meloetta|Psyshock|p2a: Ribombee\n|-damage|p2a: Ribombee|0 fnt\n|faint|p2a: Ribombee\n|\n|upkeep\n|\n|t:|1781413954\n|switch|p2a: Golduck|Golduck, L90, F|290/290\n|-ability|p2a: Golduck|Cloud Nine\n|turn|10\n|\n|t:|1781413960\n|move|p2a: Golduck|Nasty Plot|p2a: Golduck\n|-boost|p2a: Golduck|spa|2\n|move|p1a: Meloetta|Psyshock|p2a: Golduck\n|-damage|p2a: Golduck|149/290\n|\n|-heal|p2a: Golduck|167/290|[from] item: Leftovers\n|upkeep\n|turn|11\n|\n|t:|1781413966\n|move|p2a: Golduck|Hydro Pump|p1a: Meloetta\n|-damage|p1a: Meloetta|84/298\n|move|p1a: Meloetta|Psyshock|p2a: Golduck\n|-damage|p2a: Golduck|16/290\n|\n|-heal|p2a: Golduck|34/290|[from] item: Leftovers\n|upkeep\n|turn|12\n|\n|t:|1781413974\n|move|p2a: Golduck|Hydro Pump|p1a: Meloetta\n|-damage|p1a: Meloetta|0 fnt\n|faint|p1a: Meloetta\n|\n|-heal|p2a: Golduck|52/290|[from] item: Leftovers\n|upkeep\n|\n|t:|1781413994\n|switch|p1a: Blastoise|Blastoise, L80, F|258/258\n|-activate|p1a: Blastoise|move: Sticky Web\n|-unboost|p1a: Blastoise|spe|1\n|turn|13\n|\n|t:|1781414003\n|move|p2a: Golduck|Grass Knot|p1a: Blastoise\n|-supereffective|p1a: Blastoise\n|-damage|p1a: Blastoise|38/258\n|move|p1a: Blastoise|Earthquake|p2a: Golduck\n|-damage|p2a: Golduck|0 fnt\n|faint|p2a: Golduck\n|\n|upkeep\n|\n|t:|1781414011\n|switch|p2a: Garchomp|Garchomp, L74, F|282/282\n|turn|14\n|\n|t:|1781414018\n|switch|p1a: Landorus|Landorus-Therian, L76, M|260/260\n|-ability|p1a: Landorus|Intimidate|boost\n|-unboost|p2a: Garchomp|atk|1\n|move|p2a: Garchomp|Earthquake|p1a: Landorus\n|-immune|p1a: Landorus\n|\n|upkeep\n|turn|15\n|\n|t:|1781414036\n|-terastallize|p1a: Landorus|Ground\n|move|p1a: Landorus|Earthquake|p2a: Garchomp\n|-damage|p2a: Garchomp|124/282\n|move|p2a: Garchomp|Dragon Tail|p1a: Landorus\n|-damage|p1a: Landorus|215/260\n|drag|p1a: Blastoise|Blastoise, L80, F|38/258\n|-activate|p1a: Blastoise|move: Sticky Web\n|-unboost|p1a: Blastoise|spe|1\n|\n|upkeep\n|turn|16\n|\n|t:|1781414052\n|move|p2a: Garchomp|Stealth Rock|p1a: Blastoise\n|-sidestart|p1: Crinjal|move: Stealth Rock\n|move|p1a: Blastoise|Ice Beam|p2a: Garchomp\n|-supereffective|p2a: Garchomp\n|-damage|p2a: Garchomp|0 fnt\n|faint|p2a: Garchomp\n|\n|upkeep\n|\n|t:|1781414055\n|switch|p2a: Empoleon|Empoleon, L84, M|227/278\n|turn|17\n|\n|t:|1781414062\n|move|p1a: Blastoise|Ice Beam|p2a: Empoleon\n|-resisted|p2a: Empoleon\n|-damage|p2a: Empoleon|208/278\n|move|p2a: Empoleon|Roar|p1a: Blastoise\n|drag|p1a: Meowstic|Meowstic, L89, M|277/277\n|-activate|p1a: Meowstic|move: Sticky Web\n|-unboost|p1a: Meowstic|spe|1\n|-damage|p1a: Meowstic|243/277|[from] Stealth Rock\n|\n|-heal|p2a: Empoleon|225/278|[from] item: Leftovers\n|upkeep\n|turn|18\n|\n|t:|1781414073\n|move|p1a: Meowstic|Thunder Wave|p2a: Empoleon\n|-status|p2a: Empoleon|par\n|cant|p2a: Empoleon|par\n|\n|-heal|p2a: Empoleon|242/278 par|[from] item: Leftovers\n|upkeep\n|turn|19\n|\n|t:|1781414084\n|move|p1a: Meowstic|Light Screen|p1a: Meowstic\n|-sidestart|p1: Crinjal|move: Light Screen\n|move|p2a: Empoleon|Roar|p1a: Meowstic\n|drag|p1a: Landorus|Landorus-Therian, L76, M, tera:Ground|215/260\n|-activate|p1a: Landorus|move: Sticky Web\n|-unboost|p1a: Landorus|spe|1\n|-damage|p1a: Landorus|199/260|[from] Stealth Rock\n|-ability|p1a: Landorus|Intimidate|boost\n|-unboost|p2a: Empoleon|atk|1\n|-ability|p2a: Empoleon|Competitive|boost\n|-boost|p2a: Empoleon|spa|2\n|\n|-heal|p1a: Landorus|215/260|[from] item: Leftovers\n|-heal|p2a: Empoleon|259/278 par|[from] item: Leftovers\n|upkeep\n|turn|20\n|\n|t:|1781414111\n|-terastallize|p2a: Empoleon|Grass\n|move|p1a: Landorus|Stone Edge|p2a: Empoleon\n|-crit|p2a: Empoleon\n|-damage|p2a: Empoleon|147/278 par\n|cant|p2a: Empoleon|par\n|\n|-heal|p1a: Landorus|231/260|[from] item: Leftovers\n|-heal|p2a: Empoleon|164/278 par|[from] item: Leftovers\n|upkeep\n|turn|21\n|\n|t:|1781414139\n|move|p1a: Landorus|U-turn|p2a: Empoleon\n|-supereffective|p2a: Empoleon\n|-damage|p2a: Empoleon|52/278 par\n|\n|t:|1781414145\n|switch|p1a: Meowstic|Meowstic, L89, M|243/277|[from] U-turn\n|-activate|p1a: Meowstic|move: Sticky Web\n|-unboost|p1a: Meowstic|spe|1\n|-damage|p1a: Meowstic|209/277|[from] Stealth Rock\n|move|p2a: Empoleon|Roost|p2a: Empoleon\n|-heal|p2a: Empoleon|191/278 par\n|\n|-heal|p2a: Empoleon|208/278 par|[from] item: Leftovers\n|upkeep\n|turn|22\n|\n|t:|1781414159\n|move|p1a: Meowstic|Psychic Noise|p2a: Empoleon\n|-damage|p2a: Empoleon|136/278 par\n|-start|p2a: Empoleon|move: Heal Block\n|cant|p2a: Empoleon|move: Heal Block|Roost\n|\n|upkeep\n|turn|23\n|\n|t:|1781414166\n|move|p1a: Meowstic|Psychic Noise|p2a: Empoleon\n|-damage|p2a: Empoleon|63/278 par\n|move|p2a: Empoleon|Roar|p1a: Meowstic\n|drag|p1a: Blastoise|Blastoise, L80, F|38/258\n|-activate|p1a: Blastoise|move: Sticky Web\n|-unboost|p1a: Blastoise|spe|1\n|-damage|p1a: Blastoise|6/258|[from] Stealth Rock\n|\n|-end|p2a: Empoleon|move: Heal Block\n|upkeep\n|turn|24\n|\n|t:|1781414175\n|move|p1a: Blastoise|Ice Beam|p2a: Empoleon\n|-supereffective|p2a: Empoleon\n|-damage|p2a: Empoleon|0 fnt\n|faint|p2a: Empoleon\n|\n|win|Crinjal\n", "inputlog": ">version a8376a258c1d4662feba110a92103f3664a72141\n>start {\"formatid\":\"gen9randombattle\",\"seed\":\"sodium,e5bd9939a17849e0fc6d15d269715c36\",\"rated\":\"Rated battle\"}\n>player p1 {\"name\":\"Crinjal\",\"avatar\":\"veteran\",\"rating\":2019,\"seed\":\"sodium,a0940b54061c0d767269b2932b456fee\"}\n>player p2 {\"name\":\"ch3test8\",\"avatar\":\"170\",\"rating\":1952,\"seed\":\"sodium,2f1a7f03a191111a14afd2070eff671b\"}\n>p1 move shellsmash\n>p2 move trick\n>p1 switch 4\n>p2 move focusblast\n>p1 move psyshock\n>p2 switch 6\n>p1 switch 6\n>p2 switch 2\n>p1 move rockslide\n>p2 move hurricane\n>p1 move rockslide\n>p2 move hurricane\n>p2 switch 6\n>p1 move earthquake\n>p2 move sludgewave\n>p2 switch 3\n>p1 move rockslide\n>p2 move bugbuzz\n>p1 switch 6\n>p1 move psyshock\n>p2 move stickyweb\n>p2 switch 4\n>p1 move psyshock\n>p2 move nastyplot\n>p1 move psyshock\n>p2 move hydropump\n>p1 move psyshock\n>p2 move hydropump\n>p1 switch 4\n>p1 move earthquake\n>p2 move grassknot\n>p2 switch 5\n>p1 switch 5\n>p2 move earthquake\n>p1 move earthquake terastallize\n>p2 move dragontail\n>p1 move icebeam\n>p2 move stealthrock\n>p2 switch 2\n>p1 move icebeam\n>p2 move roar\n>p1 move thunderwave\n>p2 move roar\n>p1 move lightscreen\n>p2 move roar\n>p1 move stoneedge\n>p2 move surf terastallize\n>p1 move uturn\n>p2 move roost\n>p1 switch 5\n>p1 move psychicnoise\n>p2 move roost\n>p1 move psychicnoise\n>p2 move roar\n>p1 move icebeam\n>p2 move roost", "uploadtime": 1781413778, "views": 4, "formatid": "gen9randombattle", "rating": null, "private": 0, "password": null}