{"id": "gen9randombattle-2631564672", "format": "[Gen 9] Random Battle", "players": ["Legate Landorus", "bonbonbo"], "log": "|j|\u2606Legate Landorus\n|j|\u2606bonbonbo\n|t:|1781402008\n|gametype|singles\n|player|p1|Legate Landorus|unknown|1966\n|player|p2|bonbonbo|170|1963\n|gen|9\n|tier|[Gen 9] Random Battle\n|rated|\n|rule|Species Clause: Limit one of each Pok\u00e9mon\n|rule|HP Percentage Mod: HP is shown in percentages\n|rule|Sleep Clause Mod: Limit one foe put to sleep\n|rule|Illusion Level Mod: Illusion disguises the Pok\u00e9mon's true level\n|\n|t:|1781402008\n|teamsize|p1|6\n|teamsize|p2|6\n|start\n|switch|p1a: Volcanion|Volcanion, L79|255/255\n|switch|p2a: Exeggutor|Exeggutor-Alola, L89, F|314/314\n|turn|1\n|\n|t:|1781402052\n|switch|p1a: Perrserker|Perrserker, L89, M|269/269\n|move|p2a: Exeggutor|Dragon Pulse|p1a: Perrserker\n|-resisted|p1a: Perrserker\n|-damage|p1a: Perrserker|195/269\n|\n|upkeep\n|turn|2\n|\n|t:|1781402067\n|switch|p2a: Emboar|Emboar, L84, M|322/322\n|move|p1a: Perrserker|Stealth Rock|p2a: Emboar\n|-sidestart|p2: bonbonbo|move: Stealth Rock\n|\n|upkeep\n|turn|3\n|\n|t:|1781402093\n|switch|p1a: Vaporeon|Vaporeon, L86, F|364/364\n|move|p2a: Emboar|Bulk Up|p2a: Emboar\n|-boost|p2a: Emboar|atk|1\n|-boost|p2a: Emboar|def|1\n|\n|upkeep\n|turn|4\n|\n|t:|1781402116\n|switch|p2a: Exeggutor|Exeggutor-Alola, L89, F|314/314\n|-damage|p2a: Exeggutor|275/314|[from] Stealth Rock\n|move|p1a: Vaporeon|Scald|p2a: Exeggutor\n|-resisted|p2a: Exeggutor\n|-damage|p2a: Exeggutor|251/314\n|\n|upkeep\n|turn|5\n|\n|t:|1781402130\n|move|p1a: Vaporeon|Protect|p1a: Vaporeon\n|-singleturn|p1a: Vaporeon|Protect\n|move|p2a: Exeggutor|Calm Mind|p2a: Exeggutor\n|-boost|p2a: Exeggutor|spa|1\n|-boost|p2a: Exeggutor|spd|1\n|\n|upkeep\n|turn|6\n|\n|t:|1781402166\n|switch|p1a: Persian|Persian, L92, F|269/269\n|move|p2a: Exeggutor|Flamethrower|p1a: Persian\n|-damage|p1a: Persian|125/269\n|\n|upkeep\n|turn|7\n|\n|t:|1781402194\n|switch|p2a: Emboar|Emboar, L84, M|322/322\n|-damage|p2a: Emboar|282/322|[from] Stealth Rock\n|move|p1a: Persian|Switcheroo|p2a: Emboar\n|-activate|p1a: Persian|move: Trick|[of] p2a: Emboar\n|-item|p2a: Emboar|Choice Band|[from] move: Switcheroo\n|-item|p1a: Persian|Leftovers|[from] move: Switcheroo\n|\n|-heal|p1a: Persian|141/269|[from] item: Leftovers\n|upkeep\n|turn|8\n|\n|t:|1781402204\n|move|p1a: Persian|Double-Edge|p2a: Emboar\n|-damage|p2a: Emboar|135/322\n|-damage|p1a: Persian|92/269|[from] Recoil\n|move|p2a: Emboar|Drain Punch|p1a: Persian\n|-supereffective|p1a: Persian\n|-damage|p1a: Persian|0 fnt\n|-heal|p2a: Emboar|181/322|[from] drain|[of] p1a: Persian\n|faint|p1a: Persian\n|\n|upkeep\n|\n|t:|1781402235\n|switch|p1a: Polteageist|Polteageist, L78|222/222\n|turn|9\n|\n|t:|1781402251\n|switch|p2a: Meowscarada|Meowscarada, L78, F|247/247\n|-damage|p2a: Meowscarada|217/247|[from] Stealth Rock\n|switch|p1a: Vaporeon|Vaporeon, L86, F|364/364\n|\n|upkeep\n|turn|10\n|\n|t:|1781402263\n|move|p1a: Vaporeon|Protect|p1a: Vaporeon\n|-singleturn|p1a: Vaporeon|Protect\n|move|p2a: Meowscarada|Knock Off|p1a: Vaporeon\n|-start|p2a: Meowscarada|typechange|Dark|[from] ability: Protean\n|-activate|p1a: Vaporeon|move: Protect\n|\n|upkeep\n|turn|11\n|\n|t:|1781402316\n|move|p2a: Meowscarada|Knock Off|p1a: Vaporeon\n|-damage|p1a: Vaporeon|166/364\n|-enditem|p1a: Vaporeon|Leftovers|[from] move: Knock Off|[of] p2a: Meowscarada\n|move|p1a: Vaporeon|Scald|p2a: Meowscarada\n|-damage|p2a: Meowscarada|96/247\n|\n|upkeep\n|turn|12\n|\n|t:|1781402336\n|switch|p2a: Exeggutor|Exeggutor-Alola, L89, F|251/314\n|-damage|p2a: Exeggutor|212/314|[from] Stealth Rock\n|move|p1a: Vaporeon|Wish|p1a: Vaporeon\n|\n|upkeep\n|turn|13\n|\n|t:|1781402345\n|switch|p1a: Perrserker|Perrserker, L89, M|195/269\n|move|p2a: Exeggutor|Giga Drain|p1a: Perrserker\n|-resisted|p1a: Perrserker\n|-damage|p1a: Perrserker|124/269\n|-heal|p2a: Exeggutor|248/314|[from] drain|[of] p1a: Perrserker\n|\n|-heal|p1a: Perrserker|269/269|[from] move: Wish|[wisher] Vaporeon\n|upkeep\n|turn|14\n|\n|t:|1781402371\n|switch|p1a: Vaporeon|Vaporeon, L86, F|166/364\n|switch|p2a: Emboar|Emboar, L84, M|181/322\n|-damage|p2a: Emboar|141/322|[from] Stealth Rock\n|\n|upkeep\n|turn|15\n|\n|t:|1781402379\n|move|p1a: Vaporeon|Scald|p2a: Emboar\n|-supereffective|p2a: Emboar\n|-damage|p2a: Emboar|0 fnt\n|faint|p2a: Emboar\n|\n|upkeep\n|\n|t:|1781402388\n|switch|p2a: Meowscarada|Meowscarada, L78, F|96/247\n|-damage|p2a: Meowscarada|66/247|[from] Stealth Rock\n|turn|16\n|\n|t:|1781402392\n|move|p1a: Vaporeon|Protect|p1a: Vaporeon\n|-singleturn|p1a: Vaporeon|Protect\n|move|p2a: Meowscarada|Flower Trick|p1a: Vaporeon\n|-start|p2a: Meowscarada|typechange|Grass|[from] ability: Protean\n|-activate|p1a: Vaporeon|move: Protect\n|\n|upkeep\n|turn|17\n|\n|t:|1781402407\n|switch|p2a: Swampert|Swampert, L83, M|302/302\n|-damage|p2a: Swampert|284/302|[from] Stealth Rock\n|switch|p1a: Perrserker|Perrserker, L89, M|269/269\n|\n|-heal|p2a: Swampert|302/302|[from] item: Leftovers\n|upkeep\n|turn|18\n|\n|t:|1781402414\n|move|p2a: Swampert|Stealth Rock|p1a: Perrserker\n|-sidestart|p1: Legate Landorus|move: Stealth Rock\n|move|p1a: Perrserker|Knock Off|p2a: Swampert\n|-damage|p2a: Swampert|153/302\n|-enditem|p2a: Swampert|Leftovers|[from] move: Knock Off|[of] p1a: Perrserker\n|-damage|p1a: Perrserker|243/269|[from] item: Life Orb\n|\n|upkeep\n|turn|19\n|\n|t:|1781402429\n|move|p2a: Swampert|Earthquake|p1a: Perrserker\n|-supereffective|p1a: Perrserker\n|-damage|p1a: Perrserker|39/269\n|move|p1a: Perrserker|Close Combat|p2a: Swampert\n|-damage|p2a: Swampert|0 fnt\n|-unboost|p1a: Perrserker|def|1\n|-unboost|p1a: Perrserker|spd|1\n|faint|p2a: Swampert\n|-damage|p1a: Perrserker|13/269|[from] item: Life Orb\n|\n|upkeep\n|\n|t:|1781402446\n|switch|p2a: Meowscarada|Meowscarada, L78, F|66/247\n|-damage|p2a: Meowscarada|36/247|[from] Stealth Rock\n|turn|20\n|\n|t:|1781402454\n|move|p2a: Meowscarada|Flower Trick|p1a: Perrserker\n|-start|p2a: Meowscarada|typechange|Grass|[from] ability: Protean\n|-resisted|p1a: Perrserker\n|-crit|p1a: Perrserker\n|-damage|p1a: Perrserker|0 fnt\n|faint|p1a: Perrserker\n|\n|upkeep\n|\n|t:|1781402497\n|switch|p1a: Volcanion|Volcanion, L79|255/255\n|-damage|p1a: Volcanion|192/255|[from] Stealth Rock\n|turn|21\n|\n|t:|1781402507\n|move|p2a: Meowscarada|Flower Trick|p1a: Volcanion\n|-crit|p1a: Volcanion\n|-damage|p1a: Volcanion|60/255\n|move|p1a: Volcanion|Flame Charge|p2a: Meowscarada\n|-supereffective|p2a: Meowscarada\n|-damage|p2a: Meowscarada|0 fnt\n|-boost|p1a: Volcanion|spe|1\n|faint|p2a: Meowscarada\n|\n|upkeep\n|\n|t:|1781402521\n|switch|p2a: Exeggutor|Exeggutor-Alola, L89, F|248/314\n|-damage|p2a: Exeggutor|209/314|[from] Stealth Rock\n|turn|22\n|\n|t:|1781402533\n|move|p1a: Volcanion|Flamethrower|p2a: Exeggutor\n|-damage|p2a: Exeggutor|100/314\n|-enditem|p2a: Exeggutor|Sitrus Berry|[eat]\n|-heal|p2a: Exeggutor|178/314|[from] item: Sitrus Berry\n|move|p2a: Exeggutor|Giga Drain|p1a: Volcanion\n|-damage|p1a: Volcanion|0 fnt\n|-heal|p2a: Exeggutor|208/314|[from] drain|[of] p1a: Volcanion\n|faint|p1a: Volcanion\n|\n|upkeep\n|\n|t:|1781402575\n|switch|p1a: Kingambit|Kingambit, L74, M|270/270\n|-damage|p1a: Kingambit|254/270|[from] Stealth Rock\n|-activate|p1a: Kingambit|ability: Supreme Overlord\n|-start|p1a: Kingambit|fallen3|[silent]\n|turn|23\n|\n|t:|1781402592\n|-terastallize|p2a: Exeggutor|Fire\n|move|p2a: Exeggutor|Flamethrower|p1a: Kingambit\n|-supereffective|p1a: Kingambit\n|-damage|p1a: Kingambit|0 fnt\n|faint|p1a: Kingambit\n|-end|p1a: Kingambit|fallen3|[silent]\n|\n|-item|p2a: Exeggutor|Sitrus Berry|[from] ability: Harvest\n|upkeep\n|\n|t:|1781402597\n|switch|p1a: Vaporeon|Vaporeon, L86, F|166/364\n|-damage|p1a: Vaporeon|121/364|[from] Stealth Rock\n|turn|24\n|\n|t:|1781402602\n|move|p1a: Vaporeon|Scald|p2a: Exeggutor\n|-supereffective|p2a: Exeggutor\n|-damage|p2a: Exeggutor|0 fnt\n|faint|p2a: Exeggutor\n|\n|upkeep\n|\n|t:|1781402608\n|switch|p2a: Florges|Florges-Yellow, L85, F|271/271\n|-damage|p2a: Florges|238/271|[from] Stealth Rock\n|turn|25\n|\n|t:|1781402627\n|move|p2a: Florges|Calm Mind|p2a: Florges\n|-boost|p2a: Florges|spa|1\n|-boost|p2a: Florges|spd|1\n|move|p1a: Vaporeon|Wish|p1a: Vaporeon\n|\n|-heal|p2a: Florges|254/271|[from] item: Leftovers\n|upkeep\n|turn|26\n|\n|t:|1781402636\n|move|p1a: Vaporeon|Protect|p1a: Vaporeon\n|-singleturn|p1a: Vaporeon|Protect\n|move|p2a: Florges|Calm Mind|p2a: Florges\n|-boost|p2a: Florges|spa|1\n|-boost|p2a: Florges|spd|1\n|\n|-heal|p1a: Vaporeon|303/364|[from] move: Wish|[wisher] Vaporeon\n|-heal|p2a: Florges|270/271|[from] item: Leftovers\n|upkeep\n|turn|27\n|\n|t:|1781402640\n|move|p2a: Florges|Calm Mind|p2a: Florges\n|-boost|p2a: Florges|spa|1\n|-boost|p2a: Florges|spd|1\n|move|p1a: Vaporeon|Calm Mind|p1a: Vaporeon\n|-boost|p1a: Vaporeon|spa|1\n|-boost|p1a: Vaporeon|spd|1\n|\n|-heal|p2a: Florges|271/271|[from] item: Leftovers\n|upkeep\n|turn|28\n|\n|t:|1781402642\n|move|p2a: Florges|Moonblast|p1a: Vaporeon\n|-damage|p1a: Vaporeon|132/364\n|move|p1a: Vaporeon|Calm Mind|p1a: Vaporeon\n|-boost|p1a: Vaporeon|spa|1\n|-boost|p1a: Vaporeon|spd|1\n|\n|upkeep\n|turn|29\n|\n|t:|1781402656\n|move|p2a: Florges|Calm Mind|p2a: Florges\n|-boost|p2a: Florges|spa|1\n|-boost|p2a: Florges|spd|1\n|move|p1a: Vaporeon|Scald|p2a: Florges\n|-damage|p2a: Florges|231/271\n|\n|-heal|p2a: Florges|247/271|[from] item: Leftovers\n|upkeep\n|turn|30\n|\n|t:|1781402663\n|move|p2a: Florges|Moonblast|p1a: Vaporeon\n|-damage|p1a: Vaporeon|0 fnt\n|faint|p1a: Vaporeon\n|\n|-heal|p2a: Florges|263/271|[from] item: Leftovers\n|upkeep\n|\n|t:|1781402665\n|switch|p1a: Polteageist|Polteageist, L78|222/222\n|-damage|p1a: Polteageist|195/222|[from] Stealth Rock\n|turn|31\n|\n|t:|1781402670\n|move|p2a: Florges|Moonblast|p1a: Polteageist\n|-damage|p1a: Polteageist|0 fnt\n|faint|p1a: Polteageist\n|\n|win|bonbonbo\n", "inputlog": ">version a8376a258c1d4662feba110a92103f3664a72141\n>start {\"formatid\":\"gen9randombattle\",\"seed\":\"sodium,52bc1b85b5cfbdddc38c27534fa12f95\",\"rated\":\"Rated battle\"}\n>player p1 {\"name\":\"Legate Landorus\",\"avatar\":\"unknown\",\"rating\":1966,\"seed\":\"sodium,d879d58f302c902de404fffc0b797ea3\"}\n>player p2 {\"name\":\"bonbonbo\",\"avatar\":\"170\",\"rating\":1963,\"seed\":\"sodium,47ef439062185138400a90d7dc8674d0\"}\n>p1 switch 4\n>p2 move dragonpulse\n>p1 move stealthrock\n>p2 switch 6\n>p1 switch 2\n>p2 move bulkup\n>p1 move scald\n>p2 switch 6\n>p1 move protect\n>p2 move calmmind\n>p1 switch 5\n>p2 move flamethrower\n>p1 move switcheroo\n>p2 switch 6\n>p1 move doubleedge\n>p2 move drainpunch\n>p1 switch 6\n>p1 switch 5\n>p2 switch 3\n>p1 move protect\n>p2 move knockoff\n>p1 move scald\n>p2 move knockoff\n>p1 move wish\n>p2 switch 6\n>p1 switch 2\n>p2 move gigadrain\n>p1 switch 2\n>p2 switch 3\n>p1 move scald\n>p2 move drainpunch\n>p2 switch 6\n>p1 move protect\n>p2 move flowertrick\n>p1 switch 2\n>p2 switch 5\n>p1 move knockoff\n>p2 move stealthrock\n>p1 move closecombat\n>p2 move earthquake\n>p2 switch 5\n>p1 move ironhead\n>p2 move flowertrick\n>p1 switch 4\n>p1 move flamecharge\n>p2 move flowertrick\n>p2 switch 3\n>p1 move flamethrower\n>p2 move gigadrain\n>p1 switch 3\n>p1 move kowtowcleave\n>p2 move flamethrower terastallize\n>p1 switch 2\n>p1 move scald\n>p2 move dragonpulse\n>p2 switch 4\n>p1 move wish\n>p2 move calmmind\n>p1 move protect\n>p2 move calmmind\n>p1 move calmmind\n>p2 move calmmind\n>p1 move calmmind\n>p2 move moonblast\n>p1 move scald\n>p2 move calmmind\n>p1 move wish\n>p2 move moonblast\n>p1 switch 5\n>p1 move shellsmash\n>p2 move moonblast", "uploadtime": 1781402009, "views": 4, "formatid": "gen9randombattle", "rating": null, "private": 0, "password": null}