{"id": "gen9randombattle-2631494920", "format": "[Gen 9] Random Battle", "players": ["spikylala", "greenfalcon81"], "log": "|j|\u2606spikylala\n|j|\u2606greenfalcon81\n|t:|1781392229\n|gametype|singles\n|player|p1|spikylala|1|1939\n|player|p2|greenfalcon81|101|1963\n|gen|9\n|tier|[Gen 9] Random Battle\n|rated|\n|rule|Species Clause: Limit one of each Pok\u00e9mon\n|rule|HP Percentage Mod: HP is shown in percentages\n|rule|Sleep Clause Mod: Limit one foe put to sleep\n|rule|Illusion Level Mod: Illusion disguises the Pok\u00e9mon's true level\n|\n|t:|1781392229\n|teamsize|p1|6\n|teamsize|p2|6\n|start\n|switch|p1a: Bellibolt|Bellibolt, L84, F|320/320\n|switch|p2a: Qwilfish|Qwilfish, L86, F|252/252\n|-ability|p2a: Qwilfish|Intimidate|boost\n|-unboost|p1a: Bellibolt|atk|1\n|turn|1\n|\n|t:|1781392240\n|move|p2a: Qwilfish|Flip Turn|p1a: Bellibolt\n|-crit|p1a: Bellibolt\n|-damage|p1a: Bellibolt|217/320\n|-start|p1a: Bellibolt|Charge|Flip Turn|[from] ability: Electromorphosis\n|\n|t:|1781392242\n|switch|p2a: Quagsire|Quagsire, L84, F|297/297|[from] Flip Turn\n|move|p1a: Bellibolt|Thunderbolt|p2a: Quagsire\n|-immune|p2a: Quagsire\n|-end|p1a: Bellibolt|Charge|[silent]\n|\n|-heal|p1a: Bellibolt|237/320|[from] item: Leftovers\n|upkeep\n|turn|2\n|\n|t:|1781392249\n|move|p1a: Bellibolt|Toxic|p2a: Quagsire\n|-status|p2a: Quagsire|tox\n|move|p2a: Quagsire|Earthquake|p1a: Bellibolt\n|-supereffective|p1a: Bellibolt\n|-damage|p1a: Bellibolt|51/320\n|-start|p1a: Bellibolt|Charge|Earthquake|[from] ability: Electromorphosis\n|\n|-heal|p1a: Bellibolt|71/320|[from] item: Leftovers\n|-damage|p2a: Quagsire|279/297 tox|[from] psn\n|upkeep\n|turn|3\n|\n|t:|1781392262\n|move|p1a: Bellibolt|Slack Off|p1a: Bellibolt\n|-heal|p1a: Bellibolt|231/320\n|move|p2a: Quagsire|Toxic|p1a: Bellibolt\n|-status|p1a: Bellibolt|tox\n|\n|-heal|p1a: Bellibolt|251/320 tox|[from] item: Leftovers\n|-heal|p2a: Quagsire|297/297 tox|[from] item: Leftovers\n|-damage|p1a: Bellibolt|231/320 tox|[from] psn\n|-damage|p2a: Quagsire|261/297 tox|[from] psn\n|upkeep\n|turn|4\n|inactive|Battle timer is ON: inactive players will automatically lose when time's up. (requested by spikylala)\n|\n|t:|1781392273\n|switch|p1a: Reuniclus|Reuniclus, L88, F|337/337\n|move|p2a: Quagsire|Spikes|p1a: Reuniclus\n|-sidestart|p1: spikylala|Spikes\n|\n|-heal|p2a: Quagsire|279/297 tox|[from] item: Leftovers\n|-damage|p2a: Quagsire|225/297 tox|[from] psn\n|upkeep\n|turn|5\n|\n|t:|1781392281\n|switch|p2a: Azelf|Azelf, L82|257/257\n|move|p1a: Reuniclus|Focus Blast|p2a: Azelf\n|-resisted|p2a: Azelf\n|-damage|p2a: Azelf|163/257\n|\n|upkeep\n|turn|6\n|\n|t:|1781392287\n|switch|p1a: Weezing|Weezing-Galar, L86, M|252/252\n|move|p2a: Azelf|U-turn|p1a: Weezing\n|-resisted|p1a: Weezing\n|-damage|p1a: Weezing|241/252\n|\n|t:|1781392297\n|switch|p2a: Qwilfish|Qwilfish, L86, F|252/252|[from] U-turn\n|-ability|p2a: Qwilfish|Intimidate|boost\n|-unboost|p1a: Weezing|atk|1\n|\n|-heal|p1a: Weezing|252/252|[from] item: Leftovers\n|upkeep\n|turn|7\n|\n|t:|1781392307\n|move|p2a: Qwilfish|Flip Turn|p1a: Weezing\n|-damage|p1a: Weezing|198/252\n|\n|t:|1781392310\n|switch|p2a: Azelf|Azelf, L82|163/257|[from] Flip Turn\n|move|p1a: Weezing|Defog|p2a: Azelf\n|-unboost|p2a: Azelf|evasion|1\n|-sideend|p1: spikylala|Spikes|[from] move: Defog|[of] p1a: Weezing\n|\n|-heal|p1a: Weezing|213/252|[from] item: Leftovers\n|upkeep\n|turn|8\n|\n|t:|1781392319\n|switch|p1a: Decidueye|Decidueye, L88, F|281/281\n|move|p2a: Azelf|Psychic|p1a: Decidueye\n|-damage|p1a: Decidueye|137/281\n|\n|upkeep\n|turn|9\n|\n|t:|1781392324\n|switch|p2a: Qwilfish|Qwilfish, L86, F|252/252\n|-ability|p2a: Qwilfish|Intimidate|boost\n|-unboost|p1a: Decidueye|atk|1\n|move|p1a: Decidueye|Shadow Sneak|p2a: Qwilfish\n|-damage|p2a: Qwilfish|205/252\n|-damage|p1a: Decidueye|109/281|[from] item: Life Orb\n|\n|upkeep\n|turn|10\n|\n|t:|1781392331\n|switch|p1a: Weezing|Weezing-Galar, L86, M|213/252\n|move|p2a: Qwilfish|Gunk Shot|p1a: Weezing\n|-damage|p1a: Weezing|108/252\n|\n|-heal|p1a: Weezing|123/252|[from] item: Leftovers\n|upkeep\n|turn|11\n|\n|t:|1781392340\n|move|p2a: Qwilfish|Thunder Wave|p1a: Weezing\n|-status|p1a: Weezing|par\n|move|p1a: Weezing|Gunk Shot|p2a: Qwilfish|[miss]\n|-miss|p1a: Weezing|p2a: Qwilfish\n|\n|-heal|p1a: Weezing|138/252 par|[from] item: Leftovers\n|upkeep\n|turn|12\n|\n|t:|1781392345\n|move|p2a: Qwilfish|Gunk Shot|p1a: Weezing\n|-damage|p1a: Weezing|42/252 par\n|move|p1a: Weezing|Strange Steam|p2a: Qwilfish\n|-resisted|p2a: Qwilfish\n|-damage|p2a: Qwilfish|148/252\n|\n|-heal|p1a: Weezing|57/252 par|[from] item: Leftovers\n|upkeep\n|turn|13\n|\n|t:|1781392353\n|move|p2a: Qwilfish|Gunk Shot|p1a: Weezing\n|-damage|p1a: Weezing|0 fnt\n|faint|p1a: Weezing\n|\n|upkeep\n|\n|t:|1781392359\n|switch|p1a: Calyrex|Calyrex-Shadow, L64|235/235\n|-ability|p1a: Calyrex|As One\n|-ability|p1a: Calyrex|Unnerve\n|turn|14\n|\n|t:|1781392373\n|switch|p2a: Arceus|Arceus-Rock, L74|300/300\n|move|p1a: Calyrex|Astral Barrage|p2a: Arceus\n|-crit|p2a: Arceus\n|-damage|p2a: Arceus|89/300\n|\n|upkeep\n|turn|15\n|\n|t:|1781392381\n|move|p1a: Calyrex|Astral Barrage|p2a: Arceus\n|-damage|p2a: Arceus|0 fnt\n|faint|p2a: Arceus\n|-ability|p1a: Calyrex|Grim Neigh|boost\n|-boost|p1a: Calyrex|spa|1\n|\n|upkeep\n|\n|t:|1781392384\n|switch|p2a: Noivern|Noivern, L82, M|274/274\n|turn|16\n|\n|t:|1781392391\n|move|p2a: Noivern|Draco Meteor|p1a: Calyrex\n|-damage|p1a: Calyrex|78/235\n|-unboost|p2a: Noivern|spa|2\n|move|p1a: Calyrex|Astral Barrage|p2a: Noivern\n|-damage|p2a: Noivern|0 fnt\n|faint|p2a: Noivern\n|-ability|p1a: Calyrex|Grim Neigh|boost\n|-boost|p1a: Calyrex|spa|1\n|\n|upkeep\n|\n|t:|1781392401\n|switch|p2a: Azelf|Azelf, L82|163/257\n|turn|17\n|inactive|greenfalcon81 has 120 seconds left.\n|\n|t:|1781392440\n|switch|p1a: Bellibolt|Bellibolt, L84, F|231/320 tox\n|move|p2a: Azelf|Dazzling Gleam|p1a: Bellibolt\n|-damage|p1a: Bellibolt|132/320 tox\n|-start|p1a: Bellibolt|Charge|Dazzling Gleam|[from] ability: Electromorphosis\n|\n|-heal|p1a: Bellibolt|152/320 tox|[from] item: Leftovers\n|-damage|p1a: Bellibolt|132/320 tox|[from] psn\n|upkeep\n|turn|18\n|inactive|greenfalcon81 has 120 seconds left.\n|\n|t:|1781392457\n|switch|p2a: Quagsire|Quagsire, L84, F|225/297 tox\n|switch|p1a: Decidueye|Decidueye, L88, F|109/281\n|\n|-heal|p2a: Quagsire|243/297 tox|[from] item: Leftovers\n|-damage|p2a: Quagsire|225/297 tox|[from] psn\n|upkeep\n|turn|19\n|\n|t:|1781392471\n|switch|p2a: Qwilfish|Qwilfish, L86, F|148/252\n|-ability|p2a: Qwilfish|Intimidate|boost\n|-unboost|p1a: Decidueye|atk|1\n|move|p1a: Decidueye|Leaf Blade|p2a: Qwilfish\n|-damage|p2a: Qwilfish|45/252\n|-damage|p1a: Decidueye|81/281|[from] item: Life Orb\n|\n|upkeep\n|turn|20\n|inactive|spikylala has 120 seconds left.\n|inactive|spikylala has 90 seconds left.\n|\n|t:|1781392552\n|switch|p1a: Bellibolt|Bellibolt, L84, F|132/320 tox\n|move|p2a: Qwilfish|Gunk Shot|p1a: Bellibolt\n|-damage|p1a: Bellibolt|12/320 tox\n|-start|p1a: Bellibolt|Charge|Gunk Shot|[from] ability: Electromorphosis\n|\n|-heal|p1a: Bellibolt|32/320 tox|[from] item: Leftovers\n|-damage|p1a: Bellibolt|12/320 tox|[from] psn\n|upkeep\n|turn|21\n|\n|t:|1781392563\n|move|p2a: Qwilfish|Flip Turn|p1a: Bellibolt\n|-damage|p1a: Bellibolt|0 fnt\n|faint|p1a: Bellibolt\n|\n|t:|1781392568\n|switch|p2a: Azelf|Azelf, L82|163/257|[from] Flip Turn\n|\n|upkeep\n|inactive|spikylala has 60 seconds left.\n|inactive|spikylala has 30 seconds left.\n|inactive|spikylala has 20 seconds left.\n|inactive|spikylala has 15 seconds left.\n|inactive|spikylala has 10 seconds left.\n|inactive|spikylala has 5 seconds left.\n|-message|spikylala lost due to inactivity.\n|\n|win|greenfalcon81\n", "inputlog": ">version a8376a258c1d4662feba110a92103f3664a72141\n>start {\"formatid\":\"gen9randombattle\",\"seed\":\"sodium,d55ad0f490453cffe01cda38c252dc03\",\"rated\":\"Rated battle\"}\n>player p1 {\"name\":\"spikylala\",\"avatar\":\"1\",\"rating\":1939,\"seed\":\"sodium,b1816a7a0f5342312007ab4dfc1d12ac\"}\n>player p2 {\"name\":\"greenfalcon81\",\"avatar\":\"101\",\"rating\":1963,\"seed\":\"sodium,59a340b50b9d912d65374afbb7261253\"}\n>p1 move thunderbolt\n>p2 move flipturn\n>p2 switch 2\n>p1 move toxic\n>p2 move earthquake\n>p1 move slackoff\n>p2 move toxic\n>p1 switch 2\n>p2 move spikes\n>p1 move focusblast\n>p2 switch 6\n>p1 switch 5\n>p2 move uturn\n>p2 switch 2\n>p1 move defog\n>p2 move flipturn\n>p2 switch 2\n>p1 switch 4\n>p2 move psychic\n>p1 move shadowsneak\n>p2 switch 2\n>p1 switch 4\n>p2 move gunkshot\n>p1 move gunkshot\n>p2 move thunderwave\n>p1 move strangesteam\n>p2 move gunkshot\n>p1 move strangesteam\n>p2 move gunkshot\n>p1 switch 6\n>p1 move astralbarrage\n>p2 switch 3\n>p1 move astralbarrage\n>p2 move earthquake\n>p2 switch 4\n>p1 move astralbarrage\n>p2 move dracometeor\n>p2 switch 2\n>p1 switch 2\n>p2 move dazzlinggleam\n>p1 switch 4\n>p2 switch 6\n>p1 move leafblade\n>p2 switch 3\n>p1 switch 4\n>p2 move gunkshot\n>p1 move muddywater\n>p2 move flipturn\n>p2 switch 6\n>forcelose p1", "uploadtime": 1781392231, "views": 5, "formatid": "gen9randombattle", "rating": null, "private": 0, "password": null}