{"id": "gen9randombattle-2631634070", "format": "[Gen 9] Random Battle", "players": ["lopunny luvr", "RedDudeN64"], "log": "|j|\u2606lopunny luvr\n|j|\u2606RedDudeN64\n|t:|1781412186\n|gametype|singles\n|player|p1|lopunny luvr|sailor|2122\n|player|p2|RedDudeN64|red|2170\n|gen|9\n|tier|[Gen 9] Random Battle\n|rated|\n|rule|Species Clause: Limit one of each Pok\u00e9mon\n|rule|HP Percentage Mod: HP is shown in percentages\n|rule|Sleep Clause Mod: Limit one foe put to sleep\n|rule|Illusion Level Mod: Illusion disguises the Pok\u00e9mon's true level\n|\n|t:|1781412186\n|teamsize|p1|6\n|teamsize|p2|6\n|start\n|switch|p1a: Revavroom|Revavroom, L79, M|256/256\n|switch|p2a: Phione|Phione, L91|293/293\n|turn|1\n|inactive|Battle timer is ON: inactive players will automatically lose when time's up. (requested by RedDudeN64)\n|inactive|lopunny luvr has 120 seconds left.\n|inactive|lopunny luvr has 90 seconds left.\n|\n|t:|1781412251\n|switch|p1a: Illumise|Illumise, L91, F|266/266\n|move|p2a: Phione|Scald|p1a: Illumise\n|-damage|p1a: Illumise|190/266\n|\n|upkeep\n|turn|2\n|\n|t:|1781412260\n|switch|p2a: Plusle|Plusle, L95, M|268/268\n|move|p1a: Illumise|Thunder Wave|p2a: Plusle\n|-ability|p2a: Plusle|Lightning Rod|boost\n|-boost|p2a: Plusle|spa|1\n|\n|upkeep\n|turn|3\n|\n|t:|1781412286\n|move|p2a: Plusle|Thunderbolt|p1a: Illumise\n|-damage|p1a: Illumise|0 fnt\n|faint|p1a: Illumise\n|-damage|p2a: Plusle|242/268|[from] item: Life Orb\n|\n|upkeep\n|\n|t:|1781412295\n|switch|p1a: Chimecho|Chimecho, L93, M|290/290\n|turn|4\n|\n|t:|1781412301\n|move|p2a: Plusle|Nasty Plot|p2a: Plusle\n|-boost|p2a: Plusle|spa|2\n|move|p1a: Chimecho|Psychic Noise|p2a: Plusle\n|-damage|p2a: Plusle|148/268\n|-start|p2a: Plusle|move: Heal Block\n|\n|upkeep\n|turn|5\n|\n|t:|1781412310\n|move|p2a: Plusle|Thunderbolt|p1a: Chimecho\n|-damage|p1a: Chimecho|0 fnt\n|faint|p1a: Chimecho\n|-damage|p2a: Plusle|122/268|[from] item: Life Orb\n|\n|-end|p2a: Plusle|move: Heal Block\n|upkeep\n|\n|t:|1781412313\n|switch|p1a: Mightyena|Mightyena, L96, F|290/290\n|-ability|p1a: Mightyena|Intimidate|boost\n|-unboost|p2a: Plusle|atk|1\n|turn|6\n|\n|t:|1781412317\n|move|p1a: Mightyena|Sucker Punch|p2a: Plusle\n|-damage|p2a: Plusle|0 fnt\n|faint|p2a: Plusle\n|\n|upkeep\n|\n|t:|1781412323\n|switch|p2a: Orthworm|Orthworm, L88, F|266/266\n|turn|7\n|\n|t:|1781412327\n|move|p1a: Mightyena|Taunt|p2a: Orthworm\n|-start|p2a: Orthworm|move: Taunt\n|cant|p2a: Orthworm|move: Taunt|Spikes\n|\n|upkeep\n|turn|8\n|\n|t:|1781412342\n|switch|p1a: Golduck|Golduck, L90, F|290/290\n|-ability|p1a: Golduck|Cloud Nine\n|move|p2a: Orthworm|Body Press|p1a: Golduck\n|-damage|p1a: Golduck|207/290\n|\n|upkeep\n|turn|9\n|\n|t:|1781412348\n|switch|p2a: Phione|Phione, L91|293/293\n|move|p1a: Golduck|Ice Beam|p2a: Phione\n|-resisted|p2a: Phione\n|-damage|p2a: Phione|243/293\n|\n|-heal|p2a: Phione|261/293|[from] item: Leftovers\n|upkeep\n|turn|10\n|\n|t:|1781412352\n|switch|p1a: Mightyena|Mightyena, L96, F|290/290\n|-ability|p1a: Mightyena|Intimidate|boost\n|-unboost|p2a: Phione|atk|1\n|move|p2a: Phione|Take Heart|p2a: Phione\n|-boost|p2a: Phione|spa|1\n|-boost|p2a: Phione|spd|1\n|\n|-heal|p2a: Phione|279/293|[from] item: Leftovers\n|upkeep\n|turn|11\n|\n|t:|1781412359\n|move|p2a: Phione|Scald|p1a: Mightyena\n|-damage|p1a: Mightyena|148/290\n|-status|p1a: Mightyena|brn\n|move|p1a: Mightyena|Crunch|p2a: Phione\n|-damage|p2a: Phione|224/293\n|\n|-heal|p2a: Phione|242/293|[from] item: Leftovers\n|-heal|p1a: Mightyena|166/290 brn|[from] item: Leftovers\n|-damage|p1a: Mightyena|148/290 brn|[from] brn\n|upkeep\n|turn|12\n|-message|lopunny luvr forfeited.\n|\n|win|RedDudeN64\n", "uploadtime": 1781412188, "views": 4, "formatid": "gen9randombattle", "rating": null, "private": 0, "password": null}