{"id": "gen9randombattle-2631610393", "format": "[Gen 9] Random Battle", "players": ["fdvdvdvd", "blakula22"], "log": "|j|\u2606fdvdvdvd\n|j|\u2606blakula22\n|t:|1781408485\n|gametype|singles\n|player|p1|fdvdvdvd|1|1124\n|player|p2|blakula22|giovanni|1086\n|gen|9\n|tier|[Gen 9] Random Battle\n|rated|\n|rule|Species Clause: Limit one of each Pok\u00e9mon\n|rule|HP Percentage Mod: HP is shown in percentages\n|rule|Sleep Clause Mod: Limit one foe put to sleep\n|rule|Illusion Level Mod: Illusion disguises the Pok\u00e9mon's true level\n|\n|t:|1781408485\n|teamsize|p1|6\n|teamsize|p2|6\n|start\n|switch|p1a: Meowstic|Meowstic-F, L89, F|277/277\n|switch|p2a: Magearna|Magearna, L77|250/250\n|turn|1\n|\n|t:|1781408522\n|switch|p1a: Pyroar|Pyroar, L88, F|295/295\n|-ability|p1a: Pyroar|Unnerve\n|move|p2a: Magearna|Shift Gear|p2a: Magearna\n|-boost|p2a: Magearna|spe|2\n|-boost|p2a: Magearna|atk|1\n|\n|upkeep\n|turn|2\n|\n|t:|1781408539\n|-terastallize|p2a: Magearna|Ground\n|move|p2a: Magearna|Shift Gear|p2a: Magearna\n|-boost|p2a: Magearna|spe|2\n|-boost|p2a: Magearna|atk|1\n|move|p1a: Pyroar|Fire Blast|p2a: Magearna\n|-damage|p2a: Magearna|124/250\n|\n|upkeep\n|turn|3\n|inactive|Battle timer is ON: inactive players will automatically lose when time's up. (requested by blakula22)\n|\n|t:|1781408578\n|switch|p1a: Keldeo|Keldeo-Resolute, L79|273/273\n|move|p2a: Magearna|Tera Blast|p1a: Keldeo|[anim] Tera Blast Ground\n|-damage|p1a: Keldeo|119/273\n|\n|upkeep\n|turn|4\n|\n|t:|1781408597\n|move|p2a: Magearna|Fleur Cannon|p1a: Keldeo\n|-supereffective|p1a: Keldeo\n|-damage|p1a: Keldeo|0 fnt\n|-unboost|p2a: Magearna|spa|2\n|faint|p1a: Keldeo\n|-ability|p2a: Magearna|Soul-Heart|boost\n|-boost|p2a: Magearna|spa|1\n|\n|upkeep\n|\n|t:|1781408605\n|switch|p1a: Shaymin|Shaymin-Sky, L73|266/266\n|turn|5\n|\n|t:|1781408623\n|move|p2a: Magearna|Fleur Cannon|p1a: Shaymin\n|-damage|p1a: Shaymin|140/266\n|-unboost|p2a: Magearna|spa|2\n|move|p1a: Shaymin|Seed Flare|p2a: Magearna\n|-supereffective|p2a: Magearna\n|-damage|p2a: Magearna|0 fnt\n|faint|p2a: Magearna\n|\n|-heal|p1a: Shaymin|156/266|[from] item: Leftovers\n|upkeep\n|\n|t:|1781408635\n|switch|p2a: Baxcalibur|Baxcalibur, L75, M|295/295\n|turn|6\n|\n|t:|1781408645\n|-terastallize|p1a: Shaymin|Steel\n|move|p1a: Shaymin|Leech Seed|p2a: Baxcalibur\n|-start|p2a: Baxcalibur|move: Leech Seed\n|move|p2a: Baxcalibur|Icicle Crash|p1a: Shaymin\n|-resisted|p1a: Shaymin\n|-damage|p1a: Shaymin|57/266\n|\n|-heal|p1a: Shaymin|73/266|[from] item: Leftovers\n|-damage|p2a: Baxcalibur|259/295|[from] Leech Seed|[of] p1a: Shaymin\n|-heal|p1a: Shaymin|109/266|[silent]\n|upkeep\n|turn|7\n|inactive|fdvdvdvd has 120 seconds left.\n|\n|t:|1781408680\n|switch|p1a: Meowstic|Meowstic-F, L89, F|277/277\n|switch|p2a: Sandy Shocks|Sandy Shocks, L80|267/267\n|\n|upkeep\n|turn|8\n|inactive|fdvdvdvd has 120 seconds left.\n|\n|t:|1781408711\n|move|p1a: Meowstic|Psychic|p2a: Sandy Shocks\n|-crit|p2a: Sandy Shocks\n|-damage|p2a: Sandy Shocks|75/267\n|-unboost|p2a: Sandy Shocks|spd|1\n|-damage|p1a: Meowstic|250/277|[from] item: Life Orb\n|move|p2a: Sandy Shocks|Thunder Wave|p1a: Meowstic|[miss]\n|-miss|p2a: Sandy Shocks|p1a: Meowstic\n|\n|upkeep\n|turn|9\n|\n|t:|1781408721\n|move|p1a: Meowstic|Psychic|p2a: Sandy Shocks\n|-damage|p2a: Sandy Shocks|0 fnt\n|faint|p2a: Sandy Shocks\n|-end|p2a: Sandy Shocks|Protosynthesis|[silent]\n|-damage|p1a: Meowstic|223/277|[from] item: Life Orb\n|\n|upkeep\n|\n|t:|1781408727\n|switch|p2a: Spiritomb|Spiritomb, L89, M|234/234\n|turn|10\n|\n|t:|1781408737\n|move|p1a: Meowstic|Alluring Voice|p2a: Spiritomb\n|-supereffective|p2a: Spiritomb\n|-damage|p2a: Spiritomb|109/234\n|-damage|p1a: Meowstic|196/277|[from] item: Life Orb\n|move|p2a: Spiritomb|Poltergeist|p1a: Meowstic\n|-activate|p1a: Meowstic|move: Poltergeist|Life Orb\n|-supereffective|p1a: Meowstic\n|-damage|p1a: Meowstic|0 fnt\n|faint|p1a: Meowstic\n|\n|-heal|p2a: Spiritomb|123/234|[from] item: Leftovers\n|upkeep\n|\n|t:|1781408757\n|switch|p1a: Shaymin|Shaymin-Sky, L73, tera:Steel|109/266\n|turn|11\n|\n|t:|1781408763\n|switch|p2a: Golem|Golem, L87, F|281/281\n|move|p1a: Shaymin|Leech Seed|p2a: Golem\n|-start|p2a: Golem|move: Leech Seed\n|\n|-heal|p1a: Shaymin|125/266|[from] item: Leftovers\n|-damage|p2a: Golem|246/281|[from] Leech Seed|[of] p1a: Shaymin\n|-heal|p1a: Shaymin|160/266|[silent]\n|upkeep\n|turn|12\n|\n|t:|1781408774\n|switch|p1a: Yanmega|Yanmega, L82, F|275/275\n|move|p2a: Golem|Earthquake|p1a: Yanmega\n|-immune|p1a: Yanmega\n|\n|-damage|p2a: Golem|211/281|[from] Leech Seed|[of] p1a: Yanmega\n|upkeep\n|turn|13\n|\n|t:|1781408789\n|switch|p2a: Baxcalibur|Baxcalibur, L75, M|259/295\n|move|p1a: Yanmega|Protect||[still]\n|-fail|p1a: Yanmega\n|\n|-ability|p1a: Yanmega|Speed Boost|boost\n|-boost|p1a: Yanmega|spe|1\n|upkeep\n|turn|14\n|\n|t:|1781408810\n|move|p1a: Yanmega|Protect|p1a: Yanmega\n|-singleturn|p1a: Yanmega|Protect\n|move|p2a: Baxcalibur|Ice Shard|p1a: Yanmega\n|-activate|p1a: Yanmega|move: Protect\n|\n|-ability|p1a: Yanmega|Speed Boost|boost\n|-boost|p1a: Yanmega|spe|1\n|upkeep\n|turn|15\n|\n|t:|1781408821\n|move|p2a: Baxcalibur|Ice Shard|p1a: Yanmega\n|-supereffective|p1a: Yanmega\n|-damage|p1a: Yanmega|135/275\n|move|p1a: Yanmega|Air Slash|p2a: Baxcalibur\n|-damage|p2a: Baxcalibur|153/295\n|\n|-ability|p1a: Yanmega|Speed Boost|boost\n|-boost|p1a: Yanmega|spe|1\n|upkeep\n|turn|16\n|inactive|fdvdvdvd has 90 seconds left.\n|\n|t:|1781408840\n|move|p2a: Baxcalibur|Ice Shard|p1a: Yanmega\n|-supereffective|p1a: Yanmega\n|-damage|p1a: Yanmega|0 fnt\n|faint|p1a: Yanmega\n|\n|upkeep\n|\n|t:|1781408845\n|switch|p1a: Pyroar|Pyroar, L88, F|295/295\n|-ability|p1a: Pyroar|Unnerve\n|turn|17\n|\n|t:|1781408859\n|switch|p2a: Golem|Golem, L87, F|211/281\n|move|p1a: Pyroar|Work Up|p1a: Pyroar\n|-boost|p1a: Pyroar|atk|1\n|-boost|p1a: Pyroar|spa|1\n|\n|upkeep\n|turn|18\n|\n|t:|1781408870\n|switch|p1a: Shaymin|Shaymin-Sky, L73, tera:Steel|160/266\n|move|p2a: Golem|Rock Polish|p2a: Golem\n|-boost|p2a: Golem|spe|2\n|\n|-heal|p1a: Shaymin|176/266|[from] item: Leftovers\n|upkeep\n|turn|19\n|\n|t:|1781408881\n|move|p2a: Golem|Earthquake|p1a: Shaymin\n|-supereffective|p1a: Shaymin\n|-damage|p1a: Shaymin|0 fnt\n|faint|p1a: Shaymin\n|\n|upkeep\n|\n|t:|1781408886\n|switch|p1a: Skuntank|Skuntank, L84, M|310/310\n|turn|20\n|\n|t:|1781408893\n|move|p2a: Golem|Earthquake|p1a: Skuntank\n|-supereffective|p1a: Skuntank\n|-crit|p1a: Skuntank\n|-damage|p1a: Skuntank|0 fnt\n|faint|p1a: Skuntank\n|\n|upkeep\n|-message|fdvdvdvd forfeited.\n|\n|win|blakula22\n|raw|fdvdvdvd's rating: 1124 &rarr; <strong>1096</strong><br />(-28 for losing)\n|raw|blakula22's rating: 1086 &rarr; <strong>1116</strong><br />(+30 for winning)\n|l|\u2606fdvdvdvd\n|player|p1|\n", "inputlog": ">version a8376a258c1d4662feba110a92103f3664a72141\n>start {\"formatid\":\"gen9randombattle\",\"seed\":\"sodium,5dd01579c2458e771f6a6a955281dc3c\",\"rated\":\"Rated battle\"}\n>player p1 {\"name\":\"fdvdvdvd\",\"avatar\":\"1\",\"rating\":1124,\"seed\":\"sodium,d5d0e8565f73cb781a9778bded3e0435\"}\n>player p2 {\"name\":\"blakula22\",\"avatar\":\"giovanni\",\"rating\":1086,\"seed\":\"sodium,b0637d2dde91467b996952d9796422f1\"}\n>p1 switch 6\n>p2 move shiftgear\n>p1 move fireblast\n>p2 move shiftgear terastallize\n>p1 switch 3\n>p2 move terablast\n>p1 move secretsword\n>p2 move fleurcannon\n>p1 switch 2\n>p1 move seedflare\n>p2 move fleurcannon\n>p2 switch 3\n>p1 move leechseed terastallize\n>p2 move iciclecrash\n>p1 switch 6\n>p2 switch 2\n>p1 move psychic\n>p2 move thunderwave\n>p1 move psychic\n>p2 move thunderwave\n>p2 switch 4\n>p1 move alluringvoice\n>p2 move poltergeist\n>p1 switch 6\n>p1 move leechseed\n>p2 switch 5\n>p1 switch 4\n>p2 move earthquake\n>p1 move protect\n>p2 switch 2\n>p1 move protect\n>p2 move iceshard\n>p1 move airslash\n>p2 move iceshard\n>p1 move bugbuzz\n>p2 move iceshard\n>p1 switch 3\n>p1 move workup\n>p2 switch 2\n>p1 switch 4\n>p2 move rockpolish\n>p1 move seedflare\n>p2 move earthquake\n>p1 switch 5\n>p1 move knockoff\n>p2 move earthquake\n>forcelose p1", "uploadtime": 1781408902, "views": 3, "formatid": "gen9randombattle", "rating": 1096, "private": 0, "password": null}