{"id": "gen9randombattle-2631410650", "format": "[Gen 9] Random Battle", "players": ["DIAPERABUSER2009", "WhatEver2102"], "log": "|j|\u2606DIAPERABUSER2009\n|j|\u2606WhatEver2102\n|t:|1781381334\n|gametype|singles\n|player|p1|DIAPERABUSER2009|flannery|1925\n|player|p2|WhatEver2102|juan|1987\n|gen|9\n|tier|[Gen 9] Random Battle\n|rated|\n|rule|Species Clause: Limit one of each Pok\u00e9mon\n|rule|HP Percentage Mod: HP is shown in percentages\n|rule|Sleep Clause Mod: Limit one foe put to sleep\n|rule|Illusion Level Mod: Illusion disguises the Pok\u00e9mon's true level\n|\n|t:|1781381334\n|teamsize|p1|6\n|teamsize|p2|6\n|start\n|switch|p1a: Torterra|Torterra, L78, F|276/276\n|switch|p2a: Rampardos|Rampardos, L90, F|321/321\n|turn|1\n|inactive|Battle timer is ON: inactive players will automatically lose when time's up. (requested by DIAPERABUSER2009)\n|\n|t:|1781381347\n|switch|p1a: Feraligatr|Feraligatr, L79, F|264/264\n|move|p2a: Rampardos|Fire Punch|p1a: Feraligatr\n|-resisted|p1a: Feraligatr\n|-damage|p1a: Feraligatr|185/264\n|\n|upkeep\n|turn|2\n|\n|t:|1781381362\n|switch|p2a: Persian|Persian-Alola, L86, F|252/252\n|move|p1a: Feraligatr|Liquidation|p2a: Persian\n|-damage|p2a: Persian|161/252\n|\n|upkeep\n|turn|3\n|\n|t:|1781381379\n|switch|p1a: Torterra|Torterra, L78, F|276/276\n|move|p2a: Persian|Foul Play|p1a: Torterra\n|-damage|p1a: Torterra|183/276\n|\n|upkeep\n|turn|4\n|\n|t:|1781381389\n|move|p2a: Persian|Foul Play|p1a: Torterra\n|-damage|p1a: Torterra|89/276\n|move|p1a: Torterra|Bullet Seed|p2a: Persian\n|-damage|p2a: Persian|136/252\n|-damage|p2a: Persian|108/252\n|-damage|p2a: Persian|83/252\n|-damage|p2a: Persian|58/252\n|-hitcount|p2a: Persian|4\n|\n|upkeep\n|turn|5\n|\n|t:|1781381396\n|move|p2a: Persian|Foul Play|p1a: Torterra\n|-damage|p1a: Torterra|0 fnt\n|faint|p1a: Torterra\n|\n|upkeep\n|\n|t:|1781381423\n|switch|p1a: Feraligatr|Feraligatr, L79, F|185/264\n|turn|6\n|\n|t:|1781381441\n|move|p2a: Persian|Foul Play|p1a: Feraligatr\n|-damage|p1a: Feraligatr|85/264\n|move|p1a: Feraligatr|Dragon Dance|p1a: Feraligatr\n|-boost|p1a: Feraligatr|atk|1\n|-boost|p1a: Feraligatr|spe|1\n|\n|upkeep\n|turn|7\n|inactive|WhatEver2102 has 120 seconds left.\n|\n|t:|1781381471\n|move|p1a: Feraligatr|Liquidation|p2a: Persian\n|-damage|p2a: Persian|0 fnt\n|faint|p2a: Persian\n|\n|upkeep\n|\n|t:|1781381483\n|switch|p2a: Toxapex|Toxapex, L82, M|216/216\n|turn|8\n|\n|t:|1781381490\n|move|p1a: Feraligatr|Crunch|p2a: Toxapex\n|-damage|p2a: Toxapex|129/216\n|move|p2a: Toxapex|Haze|p2a: Toxapex\n|-clearallboost\n|\n|-heal|p2a: Toxapex|142/216|[from] item: Leftovers\n|upkeep\n|turn|9\n|\n|t:|1781381498\n|move|p1a: Feraligatr|Dragon Dance|p1a: Feraligatr\n|-boost|p1a: Feraligatr|atk|1\n|-boost|p1a: Feraligatr|spe|1\n|move|p2a: Toxapex|Liquidation|p1a: Feraligatr\n|-resisted|p1a: Feraligatr\n|-damage|p1a: Feraligatr|58/264\n|-unboost|p1a: Feraligatr|def|1\n|\n|-heal|p2a: Toxapex|155/216|[from] item: Leftovers\n|upkeep\n|turn|10\n|\n|t:|1781381506\n|move|p1a: Feraligatr|Crunch|p2a: Toxapex\n|-damage|p2a: Toxapex|65/216\n|move|p2a: Toxapex|Haze|p2a: Toxapex\n|-clearallboost\n|\n|-heal|p2a: Toxapex|78/216|[from] item: Leftovers\n|upkeep\n|turn|11\n|\n|t:|1781381517\n|move|p1a: Feraligatr|Dragon Dance|p1a: Feraligatr\n|-boost|p1a: Feraligatr|atk|1\n|-boost|p1a: Feraligatr|spe|1\n|move|p2a: Toxapex|Haze|p2a: Toxapex\n|-clearallboost\n|\n|-heal|p2a: Toxapex|91/216|[from] item: Leftovers\n|upkeep\n|turn|12\n|\n|t:|1781381524\n|move|p1a: Feraligatr|Crunch|p2a: Toxapex\n|-damage|p2a: Toxapex|35/216\n|move|p2a: Toxapex|Liquidation|p1a: Feraligatr\n|-resisted|p1a: Feraligatr\n|-damage|p1a: Feraligatr|29/264\n|\n|-heal|p2a: Toxapex|48/216|[from] item: Leftovers\n|upkeep\n|turn|13\n|\n|t:|1781381529\n|move|p1a: Feraligatr|Crunch|p2a: Toxapex\n|-damage|p2a: Toxapex|0 fnt\n|faint|p2a: Toxapex\n|\n|upkeep\n|\n|t:|1781381538\n|switch|p2a: Suicune|Suicune, L82|298/298\n|-ability|p2a: Suicune|Pressure\n|turn|14\n|\n|t:|1781381545\n|move|p2a: Suicune|Scald|p1a: Feraligatr\n|-resisted|p1a: Feraligatr\n|-damage|p1a: Feraligatr|0 fnt\n|faint|p1a: Feraligatr\n|\n|upkeep\n|\n|t:|1781381558\n|switch|p1a: Porygon-Z|Porygon-Z, L83|277/277\n|turn|15\n|\n|t:|1781381577\n|move|p1a: Porygon-Z|Nasty Plot|p1a: Porygon-Z\n|-boost|p1a: Porygon-Z|spa|2\n|move|p2a: Suicune|Calm Mind|p2a: Suicune\n|-boost|p2a: Suicune|spa|1\n|-boost|p2a: Suicune|spd|1\n|\n|upkeep\n|turn|16\n|\n|t:|1781381587\n|move|p1a: Porygon-Z|Tri Attack|p2a: Suicune\n|-damage|p2a: Suicune|95/298\n|-damage|p1a: Porygon-Z|250/277|[from] item: Life Orb\n|move|p2a: Suicune|Scald|p1a: Porygon-Z\n|-damage|p1a: Porygon-Z|117/277\n|\n|-heal|p2a: Suicune|113/298|[from] item: Leftovers\n|upkeep\n|turn|17\n|\n|t:|1781381597\n|move|p2a: Suicune|Protect|p2a: Suicune\n|-singleturn|p2a: Suicune|Protect\n|move|p1a: Porygon-Z|Thunderbolt|p2a: Suicune\n|-activate|p2a: Suicune|move: Protect\n|\n|-heal|p2a: Suicune|131/298|[from] item: Leftovers\n|upkeep\n|turn|18\n|\n|t:|1781381605\n|move|p1a: Porygon-Z|Tri Attack|p2a: Suicune\n|-damage|p2a: Suicune|0 fnt\n|faint|p2a: Suicune\n|-damage|p1a: Porygon-Z|90/277|[from] item: Life Orb\n|\n|upkeep\n|\n|t:|1781381613\n|switch|p2a: Spectrier|Spectrier, L75|274/274\n|turn|19\n|\n|t:|1781381621\n|move|p2a: Spectrier|Substitute|p2a: Spectrier\n|-start|p2a: Spectrier|Substitute\n|-damage|p2a: Spectrier|206/274\n|move|p1a: Porygon-Z|Shadow Ball|p2a: Spectrier\n|-supereffective|p2a: Spectrier\n|-end|p2a: Spectrier|Substitute\n|-damage|p1a: Porygon-Z|63/277|[from] item: Life Orb\n|\n|-heal|p2a: Spectrier|223/274|[from] item: Leftovers\n|upkeep\n|turn|20\n|\n|t:|1781381627\n|-terastallize|p2a: Spectrier|Fighting\n|move|p2a: Spectrier|Tera Blast|p1a: Porygon-Z|[anim] Tera Blast Fighting\n|-supereffective|p1a: Porygon-Z\n|-damage|p1a: Porygon-Z|0 fnt\n|faint|p1a: Porygon-Z\n|-ability|p2a: Spectrier|Grim Neigh|boost\n|-boost|p2a: Spectrier|spa|1\n|\n|-heal|p2a: Spectrier|240/274|[from] item: Leftovers\n|upkeep\n|\n|t:|1781381635\n|switch|p1a: Trevenant|Trevenant, L89, M|296/296\n|turn|21\n|\n|t:|1781381648\n|move|p2a: Spectrier|Substitute|p2a: Spectrier\n|-start|p2a: Spectrier|Substitute\n|-damage|p2a: Spectrier|172/274\n|move|p1a: Trevenant|Poltergeist|p2a: Spectrier\n|-activate|p2a: Spectrier|move: Poltergeist|Leftovers\n|-end|p2a: Spectrier|Substitute\n|-damage|p1a: Trevenant|267/296|[from] item: Life Orb\n|\n|-heal|p2a: Spectrier|189/274|[from] item: Leftovers\n|upkeep\n|turn|22\n|\n|t:|1781381654\n|-terastallize|p1a: Trevenant|Fighting\n|move|p2a: Spectrier|Substitute|p2a: Spectrier\n|-start|p2a: Spectrier|Substitute\n|-damage|p2a: Spectrier|121/274\n|move|p1a: Trevenant|Poltergeist|p2a: Spectrier\n|-activate|p2a: Spectrier|move: Poltergeist|Leftovers\n|-end|p2a: Spectrier|Substitute\n|-damage|p1a: Trevenant|238/296|[from] item: Life Orb\n|\n|-heal|p2a: Spectrier|138/274|[from] item: Leftovers\n|upkeep\n|turn|23\n|\n|t:|1781381663\n|move|p2a: Spectrier|Substitute|p2a: Spectrier\n|-start|p2a: Spectrier|Substitute\n|-damage|p2a: Spectrier|70/274\n|move|p1a: Trevenant|Drain Punch|p2a: Spectrier\n|-end|p2a: Spectrier|Substitute\n|-heal|p1a: Trevenant|272/296|[from] drain|[of] p2a: Spectrier\n|-damage|p1a: Trevenant|243/296|[from] item: Life Orb\n|\n|-heal|p2a: Spectrier|87/274|[from] item: Leftovers\n|upkeep\n|turn|24\n|\n|t:|1781381673\n|move|p2a: Spectrier|Shadow Ball|p1a: Trevenant\n|-damage|p1a: Trevenant|89/296\n|move|p1a: Trevenant|Drain Punch|p2a: Spectrier\n|-damage|p2a: Spectrier|0 fnt\n|-heal|p1a: Trevenant|133/296|[from] drain|[of] p2a: Spectrier\n|faint|p2a: Spectrier\n|-damage|p1a: Trevenant|104/296|[from] item: Life Orb\n|\n|upkeep\n|\n|t:|1781381677\n|switch|p2a: Rampardos|Rampardos, L90, F|321/321\n|turn|25\n|\n|t:|1781381682\n|move|p2a: Rampardos|Zen Headbutt|p1a: Trevenant\n|-supereffective|p1a: Trevenant\n|-damage|p1a: Trevenant|0 fnt\n|faint|p1a: Trevenant\n|\n|upkeep\n|\n|t:|1781381689\n|switch|p1a: Hawlucha|Hawlucha, L80, F|256/256\n|turn|26\n|\n|t:|1781381710\n|move|p1a: Hawlucha|Close Combat|p2a: Rampardos\n|-supereffective|p2a: Rampardos\n|-damage|p2a: Rampardos|67/321\n|-unboost|p1a: Hawlucha|def|1\n|-unboost|p1a: Hawlucha|spd|1\n|-enditem|p1a: Hawlucha|White Herb\n|-clearnegativeboost|p1a: Hawlucha|[silent]\n|move|p2a: Rampardos|Zen Headbutt|p1a: Hawlucha\n|-supereffective|p1a: Hawlucha\n|-damage|p1a: Hawlucha|0 fnt\n|faint|p1a: Hawlucha\n|\n|upkeep\n|\n|t:|1781381718\n|switch|p1a: Cryogonal|Cryogonal, L89|287/287\n|turn|27\n|\n|t:|1781381722\n|move|p1a: Cryogonal|Ice Beam|p2a: Rampardos\n|-damage|p2a: Rampardos|0 fnt\n|faint|p2a: Rampardos\n|\n|upkeep\n|\n|t:|1781381725\n|switch|p2a: Hippowdon|Hippowdon, L82, F|311/311\n|-weather|Sandstorm|[from] ability: Sand Stream|[of] p2a: Hippowdon\n|turn|28\n|\n|t:|1781381740\n|move|p1a: Cryogonal|Ice Beam|p2a: Hippowdon\n|-supereffective|p2a: Hippowdon\n|-damage|p2a: Hippowdon|57/311\n|move|p2a: Hippowdon|Stone Edge|p1a: Cryogonal|[miss]\n|-miss|p2a: Hippowdon|p1a: Cryogonal\n|\n|-weather|Sandstorm|[upkeep]\n|-damage|p1a: Cryogonal|270/287|[from] Sandstorm\n|-heal|p2a: Hippowdon|76/311|[from] item: Leftovers\n|upkeep\n|turn|29\n|\n|t:|1781381746\n|move|p1a: Cryogonal|Ice Beam|p2a: Hippowdon\n|-supereffective|p2a: Hippowdon\n|-damage|p2a: Hippowdon|0 fnt\n|faint|p2a: Hippowdon\n|\n|win|DIAPERABUSER2009\n", "inputlog": ">version a8376a258c1d4662feba110a92103f3664a72141\n>start {\"formatid\":\"gen9randombattle\",\"seed\":\"sodium,7b9954db3be42a2791b30bb87740e3fc\",\"rated\":\"Rated battle\"}\n>player p1 {\"name\":\"DIAPERABUSER2009\",\"avatar\":\"flannery\",\"rating\":1925,\"seed\":\"sodium,9fc0ce9481e2dedc9994427638f84f4a\"}\n>player p2 {\"name\":\"WhatEver2102\",\"avatar\":\"juan\",\"rating\":1987,\"seed\":\"sodium,16f779b26d12452094c8f4848a284614\"}\n>p1 switch 2\n>p2 move firepunch\n>p1 move liquidation\n>p2 switch 2\n>p1 switch 2\n>p2 move foulplay\n>p1 move bulletseed\n>p2 move foulplay\n>p1 move bulletseed\n>p2 move foulplay\n>p1 switch 2\n>p1 move dragondance\n>p2 move foulplay\n>p1 move liquidation\n>p2 move partingshot\n>p2 switch 3\n>p1 move crunch\n>p2 move haze\n>p1 move dragondance\n>p2 move liquidation\n>p1 move crunch\n>p2 move haze\n>p1 move dragondance\n>p2 move haze\n>p1 move crunch\n>p2 move liquidation\n>p1 move crunch\n>p2 move liquidation\n>p2 switch 6\n>p1 move dragondance\n>p2 move scald\n>p1 switch 4\n>p1 move nastyplot\n>p2 move calmmind\n>p1 move triattack\n>p2 move scald\n>p1 move thunderbolt\n>p2 move protect\n>p1 move triattack\n>p2 move scald\n>p2 switch 5\n>p1 move shadowball\n>p2 move substitute\n>p1 move shadowball\n>p2 move terablast terastallize\n>p1 switch 5\n>p1 move poltergeist\n>p2 move substitute\n>p1 move poltergeist terastallize\n>p2 move substitute\n>p1 move drainpunch\n>p2 move substitute\n>p1 move drainpunch\n>p2 move shadowball\n>p2 switch 2\n>p1 move drainpunch\n>p2 move zenheadbutt\n>p1 switch 6\n>p1 move closecombat\n>p2 move zenheadbutt\n>p1 switch 3\n>p1 move icebeam\n>p2 move firepunch\n>p2 switch 4\n>p1 move icebeam\n>p2 move stoneedge\n>p1 move icebeam\n>p2 move stoneedge", "uploadtime": 1781381336, "views": 11, "formatid": "gen9randombattle", "rating": null, "private": 0, "password": null}