{"id": "gen9randombattle-2631527366", "format": "[Gen 9] Random Battle", "players": ["trenotnse", "biscit_sama"], "log": "|j|\u2606trenotnse\n|j|\u2606biscit_sama\n|t:|1781396831\n|gametype|singles\n|player|p1|trenotnse|elesa|2021\n|player|p2|biscit_sama|psychic-gen4|2066\n|gen|9\n|tier|[Gen 9] Random Battle\n|rated|\n|rule|Species Clause: Limit one of each Pok\u00e9mon\n|rule|HP Percentage Mod: HP is shown in percentages\n|rule|Sleep Clause Mod: Limit one foe put to sleep\n|rule|Illusion Level Mod: Illusion disguises the Pok\u00e9mon's true level\n|\n|t:|1781396831\n|teamsize|p1|6\n|teamsize|p2|6\n|start\n|switch|p1a: Lucario|Lucario, L84, M|255/255\n|switch|p2a: Typhlosion|Typhlosion, L84, M|267/267\n|turn|1\n|inactive|Battle timer is ON: inactive players will automatically lose when time's up. (requested by biscit_sama)\n|\n|t:|1781396842\n|move|p1a: Lucario|Vacuum Wave|p2a: Typhlosion\n|-damage|p2a: Typhlosion|207/267\n|-damage|p1a: Lucario|230/255|[from] item: Life Orb\n|move|p2a: Typhlosion|Eruption|p1a: Lucario\n|-supereffective|p1a: Lucario\n|-damage|p1a: Lucario|0 fnt\n|faint|p1a: Lucario\n|\n|upkeep\n|\n|t:|1781396853\n|switch|p1a: Minun|Minun, L95, M|268/268\n|turn|2\n|\n|t:|1781396861\n|switch|p2a: Leafeon|Leafeon, L88, M|258/258\n|move|p1a: Minun|Thunderbolt|p2a: Leafeon\n|-resisted|p2a: Leafeon\n|-crit|p2a: Leafeon\n|-damage|p2a: Leafeon|140/258\n|-damage|p1a: Minun|242/268|[from] item: Life Orb\n|\n|upkeep\n|turn|3\n|\n|t:|1781396871\n|move|p1a: Minun|Nasty Plot|p1a: Minun\n|-boost|p1a: Minun|spa|2\n|move|p2a: Leafeon|Leaf Blade|p1a: Minun\n|-damage|p1a: Minun|54/268\n|-damage|p2a: Leafeon|115/258|[from] item: Life Orb\n|\n|upkeep\n|turn|4\n|\n|t:|1781396880\n|move|p1a: Minun|Alluring Voice|p2a: Leafeon\n|-damage|p2a: Leafeon|0 fnt\n|faint|p2a: Leafeon\n|-damage|p1a: Minun|28/268|[from] item: Life Orb\n|\n|upkeep\n|\n|t:|1781396885\n|switch|p2a: Typhlosion|Typhlosion, L84, M|207/267\n|turn|5\n|\n|t:|1781396892\n|move|p2a: Typhlosion|Eruption|p1a: Minun\n|-damage|p1a: Minun|0 fnt\n|faint|p1a: Minun\n|\n|upkeep\n|\n|t:|1781396911\n|switch|p1a: Banette|Banette, L93, F|270/270\n|turn|6\n|\n|t:|1781396916\n|switch|p2a: Grimmsnarl|Grimmsnarl, L83, M|293/293\n|move|p1a: Banette|Shadow Sneak|p2a: Grimmsnarl\n|-resisted|p2a: Grimmsnarl\n|-damage|p2a: Grimmsnarl|242/293\n|-damage|p1a: Banette|243/270|[from] item: Life Orb\n|\n|upkeep\n|turn|7\n|\n|t:|1781396922\n|move|p2a: Grimmsnarl|Reflect|p2a: Grimmsnarl\n|-sidestart|p2: biscit_sama|Reflect\n|move|p1a: Banette|Gunk Shot|p2a: Grimmsnarl\n|-supereffective|p2a: Grimmsnarl\n|-damage|p2a: Grimmsnarl|61/293\n|-status|p2a: Grimmsnarl|psn\n|-damage|p1a: Banette|216/270|[from] item: Life Orb\n|\n|-damage|p2a: Grimmsnarl|25/293 psn|[from] psn\n|upkeep\n|turn|8\n|\n|t:|1781396932\n|switch|p1a: Avalugg|Avalugg-Hisui, L90, F|317/317\n|move|p2a: Grimmsnarl|Thunder Wave|p1a: Avalugg\n|-status|p1a: Avalugg|par\n|\n|-damage|p2a: Grimmsnarl|0 fnt|[from] psn\n|faint|p2a: Grimmsnarl\n|upkeep\n|\n|t:|1781396942\n|switch|p2a: Blastoise|Blastoise, L80, F|258/258\n|turn|9\n|\n|t:|1781396956\n|switch|p1a: Smeargle|Smeargle, L95, F|258/258\n|move|p2a: Blastoise|Hydro Pump|p1a: Smeargle\n|-damage|p1a: Smeargle|116/258\n|\n|upkeep\n|turn|10\n|\n|t:|1781396964\n|move|p1a: Smeargle|Spore|p2a: Blastoise\n|-status|p2a: Blastoise|slp|[from] move: Spore\n|cant|p2a: Blastoise|slp\n|\n|upkeep\n|turn|11\n|\n|t:|1781396973\n|move|p1a: Smeargle|Stealth Rock|p2a: Blastoise\n|-sidestart|p2: biscit_sama|move: Stealth Rock\n|cant|p2a: Blastoise|slp\n|\n|upkeep\n|turn|12\n|\n|t:|1781396987\n|move|p1a: Smeargle|Ceaseless Edge|p2a: Blastoise|[miss]\n|-miss|p1a: Smeargle|p2a: Blastoise\n|-curestatus|p2a: Blastoise|slp|[msg]\n|move|p2a: Blastoise|Shell Smash|p2a: Blastoise\n|-unboost|p2a: Blastoise|def|1\n|-unboost|p2a: Blastoise|spd|1\n|-boost|p2a: Blastoise|atk|2\n|-boost|p2a: Blastoise|spa|2\n|-boost|p2a: Blastoise|spe|2\n|-enditem|p2a: Blastoise|White Herb\n|-clearnegativeboost|p2a: Blastoise|[silent]\n|\n|upkeep\n|turn|13\n|\n|t:|1781396991\n|move|p2a: Blastoise|Earthquake|p1a: Smeargle\n|-damage|p1a: Smeargle|0 fnt\n|faint|p1a: Smeargle\n|\n|upkeep\n|\n|t:|1781397011\n|switch|p1a: Avalugg|Avalugg-Hisui, L90, F|317/317 par\n|turn|14\n|\n|t:|1781397016\n|move|p2a: Blastoise|Hydro Pump|p1a: Avalugg|[miss]\n|-miss|p2a: Blastoise|p1a: Avalugg\n|move|p1a: Avalugg|Stone Edge|p2a: Blastoise\n|-damage|p2a: Blastoise|188/258\n|\n|-sideend|p2: biscit_sama|Reflect\n|upkeep\n|turn|15\n|\n|t:|1781397025\n|move|p2a: Blastoise|Hydro Pump|p1a: Avalugg\n|-supereffective|p1a: Avalugg\n|-ability|p1a: Avalugg|Sturdy\n|-damage|p1a: Avalugg|1/317 par\n|move|p1a: Avalugg|Stone Edge|p2a: Blastoise|[miss]\n|-miss|p1a: Avalugg|p2a: Blastoise\n|\n|upkeep\n|turn|16\n|\n|t:|1781397032\n|move|p2a: Blastoise|Earthquake|p1a: Avalugg\n|-supereffective|p1a: Avalugg\n|-damage|p1a: Avalugg|0 fnt\n|faint|p1a: Avalugg\n|\n|upkeep\n|\n|t:|1781397037\n|switch|p1a: Banette|Banette, L93, F|216/270\n|turn|17\n|\n|t:|1781397058\n|move|p1a: Banette|Shadow Sneak|p2a: Blastoise\n|-damage|p2a: Blastoise|109/258\n|-damage|p1a: Banette|189/270|[from] item: Life Orb\n|move|p2a: Blastoise|Hydro Pump|p1a: Banette\n|-damage|p1a: Banette|0 fnt\n|faint|p1a: Banette\n|\n|upkeep\n|\n|t:|1781397063\n|switch|p1a: Spectrier|Spectrier, L75|274/274\n|turn|18\n|\n|t:|1781397075\n|-terastallize|p2a: Blastoise|Water\n|move|p2a: Blastoise|Hydro Pump|p1a: Spectrier\n|-damage|p1a: Spectrier|0 fnt\n|faint|p1a: Spectrier\n|\n|win|biscit_sama\n", "inputlog": ">version a8376a258c1d4662feba110a92103f3664a72141\n>start {\"formatid\":\"gen9randombattle\",\"seed\":\"sodium,216c1f433d934a12230e579dd89b68f1\",\"rated\":\"Rated battle\"}\n>player p1 {\"name\":\"trenotnse\",\"avatar\":\"elesa\",\"rating\":2021,\"seed\":\"sodium,098a241a242ec23ee6395bae9ff5504c\"}\n>player p2 {\"name\":\"biscit_sama\",\"avatar\":\"psychic-gen4\",\"rating\":2066,\"seed\":\"sodium,f90daa7cd103e0c56c2f85be125a808a\"}\n>p1 move vacuumwave\n>p2 move eruption\n>p1 switch 3\n>p1 move thunderbolt\n>p2 switch 4\n>p1 move nastyplot\n>p2 move leafblade\n>p1 move alluringvoice\n>p2 move leafblade\n>p2 switch 4\n>p1 move thunderbolt\n>p2 move eruption\n>p1 switch 2\n>p1 move shadowsneak\n>p2 switch 5\n>p1 move gunkshot\n>p2 move reflect\n>p1 switch 5\n>p2 move thunderwave\n>p2 switch 6\n>p1 switch 6\n>p2 move hydropump\n>p1 move spore\n>p2 move earthquake\n>p1 move stealthrock\n>p2 move hydropump\n>p1 move ceaselessedge\n>p2 move shellsmash\n>p1 move spore\n>p2 move earthquake\n>p1 switch 6\n>p1 move stoneedge\n>p2 move hydropump\n>p1 move stoneedge\n>p2 move hydropump\n>p1 move stoneedge\n>p2 move earthquake\n>p1 switch 5\n>p1 move shadowsneak\n>p2 move hydropump\n>p1 switch 4\n>p1 move shadowball\n>p2 move hydropump terastallize", "uploadtime": 1781396833, "views": 5, "formatid": "gen9randombattle", "rating": null, "private": 0, "password": null}