{"id": "gen9randombattle-2631961134", "format": "[Gen 9] Random Battle", "players": ["mahomesthegoat", "ftaochaphet"], "log": "|badge|p1|bronze|gen9randombattle|100-9\n|uhtml|medal-msg|<div class=\"broadcast-blue\">Curious what those medals under the avatar are? PS now has Ladder Seasons! For more information, check out the <a href=\"https://www.smogon.com/forums/threads/3740067/\">thread on Smogon.</a></div>\n|j|\u2606mahomesthegoat\n|j|\u2606ftaochaphet\n|t:|1781460223\n|gametype|singles\n|player|p1|mahomesthegoat|101|2332\n|player|p2|ftaochaphet|265|2275\n|gen|9\n|tier|[Gen 9] Random Battle\n|rated|\n|rule|Species Clause: Limit one of each Pok\u00e9mon\n|rule|HP Percentage Mod: HP is shown in percentages\n|rule|Sleep Clause Mod: Limit one foe put to sleep\n|rule|Illusion Level Mod: Illusion disguises the Pok\u00e9mon's true level\n|\n|t:|1781460223\n|teamsize|p1|6\n|teamsize|p2|6\n|start\n|switch|p1a: Eiscue|Eiscue, L88, M|274/274\n|switch|p2a: Blissey|Blissey, L85, F|572/572\n|turn|1\n|inactive|Battle timer is ON: inactive players will automatically lose when time's up. (requested by ftaochaphet)\n|\n|t:|1781460251\n|switch|p1a: Lanturn|Lanturn, L89, M|367/367\n|move|p2a: Blissey|Thunder Wave|p1a: Lanturn\n|-immune|p1a: Lanturn|[from] ability: Volt Absorb\n|\n|upkeep\n|turn|2\n|\n|t:|1781460268\n|move|p1a: Lanturn|Volt Switch|p2a: Blissey\n|-damage|p2a: Blissey|524/572\n|\n|t:|1781460272\n|switch|p1a: Gumshoos|Gumshoos, L95, M|321/321|[from] Volt Switch\n|move|p2a: Blissey|Seismic Toss|p1a: Gumshoos\n|-damage|p1a: Gumshoos|236/321\n|\n|-heal|p2a: Blissey|559/572|[from] item: Leftovers\n|upkeep\n|turn|3\n|\n|t:|1781460287\n|switch|p2a: Registeel|Registeel, L81|262/262\n|move|p1a: Gumshoos|Double-Edge|p2a: Registeel\n|-resisted|p2a: Registeel\n|-damage|p2a: Registeel|142/262\n|-damage|p1a: Gumshoos|196/321|[from] Recoil\n|\n|upkeep\n|turn|4\n|\n|t:|1781460304\n|switch|p1a: Lanturn|Lanturn, L89, M|367/367\n|move|p2a: Registeel|Iron Defense|p2a: Registeel\n|-boost|p2a: Registeel|def|2\n|\n|upkeep\n|turn|5\n|\n|t:|1781460315\n|move|p1a: Lanturn|Thunder Wave|p2a: Registeel|[miss]\n|-miss|p1a: Lanturn|p2a: Registeel\n|move|p2a: Registeel|Rest|p2a: Registeel\n|-status|p2a: Registeel|slp|[from] move: Rest\n|-heal|p2a: Registeel|262/262 slp|[silent]\n|-enditem|p2a: Registeel|Chesto Berry|[eat]\n|-curestatus|p2a: Registeel|slp|[msg]\n|\n|upkeep\n|turn|6\n|\n|t:|1781460329\n|move|p1a: Lanturn|Scald|p2a: Registeel\n|-damage|p2a: Registeel|205/262\n|move|p2a: Registeel|Body Press|p1a: Lanturn\n|-damage|p1a: Lanturn|161/367\n|\n|upkeep\n|turn|7\n|\n|t:|1781460339\n|move|p1a: Lanturn|Scald|p2a: Registeel\n|-damage|p2a: Registeel|150/262\n|move|p2a: Registeel|Body Press|p1a: Lanturn\n|-damage|p1a: Lanturn|0 fnt\n|faint|p1a: Lanturn\n|\n|upkeep\n|\n|t:|1781460356\n|switch|p1a: Azelf|Azelf, L82|257/257\n|turn|8\n|\n|t:|1781460363\n|move|p1a: Azelf|Fire Blast|p2a: Registeel\n|-supereffective|p2a: Registeel\n|-damage|p2a: Registeel|18/262\n|move|p2a: Registeel|Body Press|p1a: Azelf\n|-resisted|p1a: Azelf\n|-damage|p1a: Azelf|162/257\n|\n|upkeep\n|turn|9\n|\n|t:|1781460376\n|switch|p2a: Talonflame|Talonflame, L83, M|265/265\n|move|p1a: Azelf|Psychic|p2a: Talonflame\n|-damage|p2a: Talonflame|138/265\n|\n|upkeep\n|turn|10\n|\n|t:|1781460394\n|switch|p1a: Empoleon|Empoleon, L84, F|278/278\n|move|p2a: Talonflame|U-turn|p1a: Empoleon\n|-resisted|p1a: Empoleon\n|-damage|p1a: Empoleon|258/278\n|inactive|ftaochaphet has 120 seconds left.\n|\n|t:|1781460430\n|switch|p2a: Iron Crown|Iron Crown, L78|268/268|[from] U-turn\n|\n|-heal|p1a: Empoleon|275/278|[from] item: Leftovers\n|upkeep\n|turn|11\n|inactive|mahomesthegoat has 120 seconds left.\n|\n|t:|1781460461\n|move|p2a: Iron Crown|Calm Mind|p2a: Iron Crown\n|-boost|p2a: Iron Crown|spa|1\n|-boost|p2a: Iron Crown|spd|1\n|move|p1a: Empoleon|Flip Turn|p2a: Iron Crown\n|-damage|p2a: Iron Crown|214/268\n|inactive|mahomesthegoat has 120 seconds left.\n|\n|t:|1781460479\n|switch|p1a: Azelf|Azelf, L82|162/257|[from] Flip Turn\n|\n|-heal|p2a: Iron Crown|230/268|[from] item: Leftovers\n|upkeep\n|turn|12\n|inactive|ftaochaphet has 120 seconds left.\n|\n|t:|1781460508\n|-terastallize|p1a: Azelf|Dark\n|move|p1a: Azelf|Knock Off|p2a: Iron Crown\n|-supereffective|p2a: Iron Crown\n|-damage|p2a: Iron Crown|2/268\n|-enditem|p2a: Iron Crown|Leftovers|[from] move: Knock Off|[of] p1a: Azelf\n|move|p2a: Iron Crown|Tachyon Cutter|p1a: Azelf\n|-damage|p1a: Azelf|92/257\n|-damage|p1a: Azelf|31/257\n|-hitcount|p1a: Azelf|2\n|\n|upkeep\n|turn|13\n|inactive|ftaochaphet has 120 seconds left.\n|\n|t:|1781460532\n|move|p1a: Azelf|Knock Off|p2a: Iron Crown\n|-supereffective|p2a: Iron Crown\n|-damage|p2a: Iron Crown|0 fnt\n|faint|p2a: Iron Crown\n|-end|p2a: Iron Crown|Quark Drive|[silent]\n|\n|upkeep\n|\n|t:|1781460535\n|switch|p2a: Talonflame|Talonflame, L83, M|138/265\n|turn|14\n|\n|t:|1781460550\n|switch|p1a: Empoleon|Empoleon, L84, F|275/278\n|move|p2a: Talonflame|U-turn|p1a: Empoleon\n|-resisted|p1a: Empoleon\n|-damage|p1a: Empoleon|254/278\n|inactive|ftaochaphet has 120 seconds left.\n|\n|t:|1781460559\n|switch|p2a: Blissey|Blissey, L85, F|559/572|[from] U-turn\n|\n|-heal|p1a: Empoleon|271/278|[from] item: Leftovers\n|-heal|p2a: Blissey|572/572|[from] item: Leftovers\n|upkeep\n|turn|15\n|\n|t:|1781460574\n|switch|p1a: Gumshoos|Gumshoos, L95, M|196/321\n|move|p2a: Blissey|Seismic Toss|p1a: Gumshoos\n|-damage|p1a: Gumshoos|111/321\n|\n|upkeep\n|turn|16\n|\n|t:|1781460584\n|switch|p2a: Registeel|Registeel, L81|18/262\n|move|p1a: Gumshoos|U-turn|p2a: Registeel\n|-resisted|p2a: Registeel\n|-damage|p2a: Registeel|0 fnt\n|faint|p2a: Registeel\n|inactive|mahomesthegoat has 90 seconds left.\n|\n|t:|1781460606\n|switch|p1a: Empoleon|Empoleon, L84, F|271/278|[from] U-turn\n|\n|-heal|p1a: Empoleon|278/278|[from] item: Leftovers\n|upkeep\n|\n|t:|1781460611\n|switch|p2a: Blissey|Blissey, L85, F|572/572\n|turn|17\n|\n|t:|1781460625\n|move|p1a: Empoleon|Flip Turn|p2a: Blissey\n|-damage|p2a: Blissey|412/572\n|\n|t:|1781460632\n|switch|p1a: Gumshoos|Gumshoos, L95, M|111/321|[from] Flip Turn\n|move|p2a: Blissey|Thunder Wave|p1a: Gumshoos\n|-status|p1a: Gumshoos|par\n|\n|-heal|p2a: Blissey|447/572|[from] item: Leftovers\n|upkeep\n|turn|18\n|\n|t:|1781460652\n|move|p2a: Blissey|Seismic Toss|p1a: Gumshoos\n|-damage|p1a: Gumshoos|26/321 par\n|cant|p1a: Gumshoos|par\n|\n|-heal|p2a: Blissey|482/572|[from] item: Leftovers\n|upkeep\n|turn|19\n|\n|t:|1781460658\n|move|p2a: Blissey|Seismic Toss|p1a: Gumshoos\n|-damage|p1a: Gumshoos|0 fnt\n|faint|p1a: Gumshoos\n|\n|-heal|p2a: Blissey|517/572|[from] item: Leftovers\n|upkeep\n|\n|t:|1781460662\n|switch|p1a: Metagross|Metagross, L79|256/256\n|turn|20\n|inactive|ftaochaphet has 120 seconds left.\n|\n|t:|1781460696\n|switch|p2a: Toucannon|Toucannon, L88, M|284/284\n|move|p1a: Metagross|Heavy Slam|p2a: Toucannon\n|-damage|p2a: Toucannon|125/284\n|\n|upkeep\n|turn|21\n|\n|t:|1781460707\n|switch|p1a: Empoleon|Empoleon, L84, F|278/278\n|-singleturn|p2a: Toucannon|move: Beak Blast\n|move|p2a: Toucannon|Beak Blast|p1a: Empoleon\n|-resisted|p1a: Empoleon\n|-damage|p1a: Empoleon|203/278\n|\n|-heal|p1a: Empoleon|220/278|[from] item: Leftovers\n|upkeep\n|turn|22\n|\n|t:|1781460721\n|move|p2a: Toucannon|Roost|p2a: Toucannon\n|-heal|p2a: Toucannon|267/284\n|-singleturn|p2a: Toucannon|move: Roost\n|move|p1a: Empoleon|Surf|p2a: Toucannon\n|-damage|p2a: Toucannon|147/284\n|\n|-heal|p1a: Empoleon|237/278|[from] item: Leftovers\n|upkeep\n|turn|23\n|inactive|mahomesthegoat has 120 seconds left.\n|\n|t:|1781460742\n|move|p2a: Toucannon|U-turn|p1a: Empoleon\n|-resisted|p1a: Empoleon\n|-damage|p1a: Empoleon|205/278\n|\n|t:|1781460746\n|switch|p2a: Blissey|Blissey, L85, F|517/572|[from] U-turn\n|move|p1a: Empoleon|Surf|p2a: Blissey\n|-damage|p2a: Blissey|447/572\n|\n|-heal|p1a: Empoleon|222/278|[from] item: Leftovers\n|-heal|p2a: Blissey|482/572|[from] item: Leftovers\n|upkeep\n|turn|24\n|inactive|mahomesthegoat has 120 seconds left.\n|\n|t:|1781460765\n|move|p2a: Blissey|Thunder Wave|p1a: Empoleon\n|-status|p1a: Empoleon|par\n|cant|p1a: Empoleon|par\n|\n|-heal|p2a: Blissey|517/572|[from] item: Leftovers\n|-heal|p1a: Empoleon|239/278 par|[from] item: Leftovers\n|upkeep\n|turn|25\n|inactive|mahomesthegoat has 120 seconds left.\n|\n|t:|1781460772\n|move|p2a: Blissey|Seismic Toss|p1a: Empoleon\n|-damage|p1a: Empoleon|154/278 par\n|move|p1a: Empoleon|Flip Turn|p2a: Blissey\n|-damage|p2a: Blissey|342/572\n|inactive|mahomesthegoat has 120 seconds left.\n|\n|t:|1781460777\n|switch|p1a: Metagross|Metagross, L79|256/256|[from] Flip Turn\n|\n|-heal|p2a: Blissey|377/572|[from] item: Leftovers\n|upkeep\n|turn|26\n|inactive|mahomesthegoat has 120 seconds left.\n|\n|t:|1781460789\n|switch|p2a: Toucannon|Toucannon, L88, M|147/284\n|move|p1a: Metagross|Heavy Slam|p2a: Toucannon\n|-damage|p2a: Toucannon|0 fnt\n|faint|p2a: Toucannon\n|\n|upkeep\n|\n|t:|1781460793\n|switch|p2a: Chesnaught|Chesnaught, L84, F|285/285\n|turn|27\n|inactive|mahomesthegoat has 120 seconds left.\n|\n|t:|1781460809\n|-terastallize|p2a: Chesnaught|Steel\n|move|p2a: Chesnaught|Trailblaze|p1a: Metagross\n|-resisted|p1a: Metagross\n|-damage|p1a: Metagross|233/256\n|-boost|p2a: Chesnaught|spe|1\n|move|p1a: Metagross|Psychic Fangs|p2a: Chesnaught\n|-resisted|p2a: Chesnaught\n|-damage|p2a: Chesnaught|245/285\n|\n|-heal|p2a: Chesnaught|262/285|[from] item: Leftovers\n|upkeep\n|turn|28\n|inactive|mahomesthegoat has 120 seconds left.\n|\n|t:|1781460821\n|switch|p1a: Empoleon|Empoleon, L84, F|154/278 par\n|move|p2a: Chesnaught|Trailblaze|p1a: Empoleon\n|-damage|p1a: Empoleon|96/278 par\n|-boost|p2a: Chesnaught|spe|1\n|\n|-heal|p2a: Chesnaught|279/285|[from] item: Leftovers\n|-heal|p1a: Empoleon|113/278 par|[from] item: Leftovers\n|upkeep\n|turn|29\n|\n|t:|1781460827\n|move|p2a: Chesnaught|Body Press|p1a: Empoleon\n|-supereffective|p1a: Empoleon\n|-damage|p1a: Empoleon|0 fnt\n|faint|p1a: Empoleon\n|\n|-heal|p2a: Chesnaught|285/285|[from] item: Leftovers\n|upkeep\n|inactive|mahomesthegoat has 120 seconds left.\n|\n|t:|1781460838\n|switch|p1a: Eiscue|Eiscue, L88, M|274/274\n|turn|30\n|inactive|mahomesthegoat has 120 seconds left.\n|\n|t:|1781460858\n|move|p2a: Chesnaught|Iron Defense|p2a: Chesnaught\n|-boost|p2a: Chesnaught|def|2\n|move|p1a: Eiscue|Belly Drum|p1a: Eiscue\n|-damage|p1a: Eiscue|137/274\n|-setboost|p1a: Eiscue|atk|6|[from] move: Belly Drum\n|-enditem|p1a: Eiscue|Sitrus Berry|[eat]\n|-heal|p1a: Eiscue|205/274|[from] item: Sitrus Berry\n|\n|upkeep\n|turn|31\n|\n|t:|1781460868\n|move|p2a: Chesnaught|Iron Defense|p2a: Chesnaught\n|-boost|p2a: Chesnaught|def|2\n|move|p1a: Eiscue|Liquidation|p2a: Chesnaught\n|-damage|p2a: Chesnaught|223/285\n|\n|-heal|p2a: Chesnaught|240/285|[from] item: Leftovers\n|upkeep\n|turn|32\n|inactive|mahomesthegoat has 120 seconds left.\n|-message|mahomesthegoat forfeited.\n|\n|win|ftaochaphet\n", "inputlog": ">version a8376a258c1d4662feba110a92103f3664a72141\n>start {\"formatid\":\"gen9randombattle\",\"seed\":\"sodium,07026202aa3cf945a7a6dff8f66ecfda\",\"rated\":\"Rated battle\"}\n>player p1 {\"name\":\"mahomesthegoat\",\"avatar\":\"101\",\"rating\":2332,\"seed\":\"sodium,b15e0777dc1497a32d11b883c1c4858c\"}\n>player p2 {\"name\":\"ftaochaphet\",\"avatar\":\"265\",\"rating\":2275,\"seed\":\"sodium,2c5814dacec012a1e544dce840de8a09\"}\n>p1 switch 2\n>p2 move thunderwave\n>p1 move voltswitch\n>p2 move seismictoss\n>p1 switch 4\n>p1 move doubleedge\n>p2 switch 4\n>p1 switch 4\n>p2 move irondefense\n>p1 move thunderwave\n>p2 move rest\n>p1 move scald\n>p2 move bodypress\n>p1 move scald\n>p2 move bodypress\n>p1 switch 5\n>p1 move fireblast\n>p2 move bodypress\n>p1 move psychic\n>p2 switch 3\n>p1 switch 3\n>p2 move uturn\n>p2 switch 6\n>p1 move flipturn\n>p2 move calmmind\n>p1 switch 3\n>p1 move knockoff terastallize\n>p2 move tachyoncutter\n>p1 move knockoff\n>p2 move tachyoncutter\n>p2 switch 6\n>p1 switch 3\n>p2 move uturn\n>p2 switch 4\n>p1 switch 4\n>p2 move seismictoss\n>p1 move uturn\n>p2 switch 3\n>p1 switch 4\n>p2 switch 3\n>p1 move flipturn\n>p2 move thunderwave\n>p1 switch 4\n>p1 move doubleedge\n>p2 move seismictoss\n>p1 move knockoff\n>p2 move seismictoss\n>p1 switch 6\n>p1 move heavyslam\n>p2 switch 2\n>p1 switch 4\n>p2 move beakblast\n>p1 move surf\n>p2 move roost\n>p1 move surf\n>p2 move uturn\n>p2 switch 2\n>p1 move roar\n>p2 move thunderwave\n>p1 move flipturn\n>p2 move seismictoss\n>p1 switch 4\n>p1 move heavyslam\n>p2 switch 2\n>p2 switch 5\n>p1 move psychicfangs\n>p2 move trailblaze terastallize\n>p1 switch 4\n>p2 move trailblaze\n>p1 move roar\n>p2 move bodypress\n>p1 switch 2\n>p1 move bellydrum\n>p2 move irondefense\n>p1 move liquidation\n>p2 move irondefense\n>forcelose p1", "uploadtime": 1781460224, "views": 5, "formatid": "gen9randombattle", "rating": null, "private": 0, "password": null}