{"id": "gen9randombattle-2631728781", "format": "[Gen 9] Random Battle", "players": ["green8Bit", "Where is the hax"], "log": "|j|\u2606green8Bit\n|j|\u2606Where is the hax\n|t:|1781429775\n|gametype|singles\n|player|p1|green8Bit|102|2011\n|player|p2|Where is the hax|266|2032\n|gen|9\n|tier|[Gen 9] Random Battle\n|rated|\n|rule|Species Clause: Limit one of each Pok\u00e9mon\n|rule|HP Percentage Mod: HP is shown in percentages\n|rule|Sleep Clause Mod: Limit one foe put to sleep\n|rule|Illusion Level Mod: Illusion disguises the Pok\u00e9mon's true level\n|\n|t:|1781429775\n|teamsize|p1|6\n|teamsize|p2|6\n|start\n|switch|p1a: Fezandipiti|Fezandipiti, L82, M|278/278\n|switch|p2a: Granbull|Granbull, L88, M|302/302\n|-ability|p2a: Granbull|Intimidate|boost\n|-unboost|p1a: Fezandipiti|atk|1\n|turn|1\n|\n|t:|1781429800\n|move|p1a: Fezandipiti|Gunk Shot|p2a: Granbull|[miss]\n|-miss|p1a: Fezandipiti|p2a: Granbull\n|move|p2a: Granbull|Earthquake|p1a: Fezandipiti\n|-supereffective|p1a: Fezandipiti\n|-damage|p1a: Fezandipiti|88/278\n|\n|-heal|p1a: Fezandipiti|105/278|[from] item: Leftovers\n|upkeep\n|turn|2\n|\n|t:|1781429811\n|switch|p1a: Weezing|Weezing-Galar, L86, M|252/252\n|move|p2a: Granbull|Earthquake|p1a: Weezing\n|-immune|p1a: Weezing|[from] ability: Levitate\n|\n|upkeep\n|turn|3\n|\n|t:|1781429820\n|switch|p2a: Drifblim|Drifblim, L86, M|398/398\n|move|p1a: Weezing|Will-O-Wisp|p2a: Drifblim\n|-status|p2a: Drifblim|brn\n|\n|-damage|p2a: Drifblim|374/398 brn|[from] brn\n|upkeep\n|turn|4\n|\n|t:|1781429869\n|switch|p1a: Bisharp|Bisharp, L79, M|232/232\n|move|p2a: Drifblim|Shadow Ball|p1a: Bisharp\n|-resisted|p1a: Bisharp\n|-damage|p1a: Bisharp|195/232\n|\n|-damage|p2a: Drifblim|350/398 brn|[from] brn\n|upkeep\n|turn|5\n|\n|t:|1781429881\n|switch|p2a: Raging Bolt|Raging Bolt, L78|323/323\n|-enditem|p2a: Raging Bolt|Booster Energy\n|-activate|p2a: Raging Bolt|ability: Protosynthesis|[fromitem]\n|-start|p2a: Raging Bolt|protosynthesisspa\n|move|p1a: Bisharp|Swords Dance|p1a: Bisharp\n|-boost|p1a: Bisharp|atk|2\n|\n|upkeep\n|turn|6\n|\n|t:|1781429909\n|move|p2a: Raging Bolt|Thunderbolt|p1a: Bisharp\n|-damage|p1a: Bisharp|80/232\n|move|p1a: Bisharp|Throat Chop|p2a: Raging Bolt\n|-damage|p2a: Raging Bolt|119/323\n|-start|p2a: Raging Bolt|Throat Chop|[silent]\n|\n|upkeep\n|turn|7\n|\n|t:|1781429940\n|switch|p1a: Fezandipiti|Fezandipiti, L82, M|105/278\n|move|p2a: Raging Bolt|Thunderbolt|p1a: Fezandipiti\n|-damage|p1a: Fezandipiti|0 fnt\n|faint|p1a: Fezandipiti\n|\n|-end|p2a: Raging Bolt|Throat Chop|[silent]\n|upkeep\n|\n|t:|1781429945\n|switch|p1a: Weezing|Weezing-Galar, L86, M|252/252\n|turn|8\n|\n|t:|1781429950\n|move|p2a: Raging Bolt|Thunderbolt|p1a: Weezing\n|-damage|p1a: Weezing|99/252\n|move|p1a: Weezing|Strange Steam|p2a: Raging Bolt\n|-supereffective|p2a: Raging Bolt\n|-damage|p2a: Raging Bolt|0 fnt\n|faint|p2a: Raging Bolt\n|-end|p2a: Raging Bolt|Protosynthesis|[silent]\n|\n|-heal|p1a: Weezing|114/252|[from] item: Leftovers\n|upkeep\n|\n|t:|1781429959\n|switch|p2a: Meloetta|Meloetta, L82|298/298\n|turn|9\n|\n|t:|1781429995\n|move|p2a: Meloetta|Relic Song|p1a: Weezing\n|-damage|p1a: Weezing|0 fnt\n|faint|p1a: Weezing\n|-formechange|p2a: Meloetta|Meloetta-Pirouette|[msg]\n|-damage|p2a: Meloetta|269/298|[from] item: Life Orb\n|\n|upkeep\n|\n|t:|1781430053\n|switch|p1a: Dudunsparce|Dudunsparce-Three-Segment, L83, F|343/343\n|turn|10\n|\n|t:|1781430068\n|-terastallize|p1a: Dudunsparce|Ghost\n|move|p2a: Meloetta|Close Combat|p1a: Dudunsparce\n|-immune|p1a: Dudunsparce\n|move|p1a: Dudunsparce|Glare|p2a: Meloetta\n|-status|p2a: Meloetta|par\n|\n|upkeep\n|turn|11\n|\n|t:|1781430083\n|switch|p1a: Bisharp|Bisharp, L79, M|80/232\n|move|p2a: Meloetta|Knock Off|p1a: Bisharp\n|-resisted|p1a: Bisharp\n|-damage|p1a: Bisharp|49/232\n|-enditem|p1a: Bisharp|Eviolite|[from] move: Knock Off|[of] p2a: Meloetta\n|-damage|p2a: Meloetta|240/298 par|[from] item: Life Orb\n|\n|upkeep\n|turn|12\n|\n|t:|1781430093\n|switch|p1a: Dudunsparce|Dudunsparce-Three-Segment, L83, F, tera:Ghost|343/343\n|move|p2a: Meloetta|Close Combat|p1a: Dudunsparce\n|-immune|p1a: Dudunsparce\n|\n|upkeep\n|turn|13\n|\n|t:|1781430098\n|move|p1a: Dudunsparce|Headbutt|p2a: Meloetta\n|-damage|p2a: Meloetta|168/298 par\n|cant|p2a: Meloetta|flinch\n|\n|upkeep\n|turn|14\n|\n|t:|1781430106\n|switch|p1a: Bisharp|Bisharp, L79, M|49/232\n|switch|p2a: Granbull|Granbull, L88, M|302/302\n|-ability|p2a: Granbull|Intimidate|boost\n|-unboost|p1a: Bisharp|atk|1\n|-ability|p1a: Bisharp|Defiant|boost\n|-boost|p1a: Bisharp|atk|2\n|\n|upkeep\n|turn|15\n|\n|t:|1781430116\n|move|p1a: Bisharp|Iron Head|p2a: Granbull\n|-supereffective|p2a: Granbull\n|-damage|p2a: Granbull|8/302\n|cant|p2a: Granbull|flinch\n|\n|-heal|p2a: Granbull|26/302|[from] item: Leftovers\n|upkeep\n|turn|16\n|\n|t:|1781430133\n|move|p1a: Bisharp|Throat Chop|p2a: Granbull\n|-resisted|p2a: Granbull\n|-damage|p2a: Granbull|0 fnt\n|faint|p2a: Granbull\n|\n|upkeep\n|inactive|Battle timer is ON: inactive players will automatically lose when time's up. (requested by green8Bit)\n|\n|t:|1781430158\n|switch|p2a: Flapple|Flapple, L88, M|266/266\n|turn|17\n|inactive|green8Bit has 120 seconds left.\n|\n|t:|1781430188\n|move|p2a: Flapple|Grav Apple|p1a: Bisharp\n|-resisted|p1a: Bisharp\n|-damage|p1a: Bisharp|0 fnt\n|faint|p1a: Bisharp\n|\n|upkeep\n|inactive|green8Bit has 120 seconds left.\n|\n|t:|1781430216\n|switch|p1a: Hitmontop|Hitmontop, L88, M|231/231\n|turn|18\n|\n|t:|1781430226\n|switch|p2a: Drifblim|Drifblim, L86, M|350/398 brn\n|move|p1a: Hitmontop|Triple Axel|p2a: Drifblim\n|-supereffective|p2a: Drifblim\n|-damage|p2a: Drifblim|274/398 brn\n|-supereffective|p2a: Drifblim\n|-damage|p2a: Drifblim|140/398 brn\n|-supereffective|p2a: Drifblim\n|-damage|p2a: Drifblim|0 fnt\n|-damage|p1a: Hitmontop|174/231|[from] ability: Aftermath|[of] p2a: Drifblim\n|faint|p2a: Drifblim\n|-hitcount|p2: Drifblim|3\n|\n|-heal|p1a: Hitmontop|188/231|[from] item: Leftovers\n|upkeep\n|\n|t:|1781430236\n|switch|p2a: Meloetta|Meloetta, L82|168/298 par\n|turn|19\n|inactive|green8Bit has 120 seconds left.\n|\n|t:|1781430247\n|switch|p1a: Dudunsparce|Dudunsparce-Three-Segment, L83, F, tera:Ghost|343/343\n|cant|p2a: Meloetta|par\n|\n|upkeep\n|turn|20\n|inactive|green8Bit has 120 seconds left.\n|\n|t:|1781430252\n|move|p1a: Dudunsparce|Headbutt|p2a: Meloetta\n|-damage|p2a: Meloetta|80/298 par\n|cant|p2a: Meloetta|flinch\n|\n|upkeep\n|turn|21\n|\n|t:|1781430257\n|move|p1a: Dudunsparce|Headbutt|p2a: Meloetta\n|-damage|p2a: Meloetta|0 fnt\n|faint|p2a: Meloetta\n|\n|upkeep\n|\n|t:|1781430259\n|switch|p2a: Flapple|Flapple, L88, M|266/266\n|turn|22\n|\n|t:|1781430275\n|move|p2a: Flapple|Grav Apple|p1a: Dudunsparce\n|-damage|p1a: Dudunsparce|168/343\n|-unboost|p1a: Dudunsparce|def|1\n|move|p1a: Dudunsparce|Glare|p2a: Flapple\n|-status|p2a: Flapple|par\n|\n|-heal|p1a: Dudunsparce|189/343|[from] item: Leftovers\n|upkeep\n|turn|23\n|\n|t:|1781430294\n|move|p2a: Flapple|Sucker Punch|p1a: Dudunsparce\n|-supereffective|p1a: Dudunsparce\n|-damage|p1a: Dudunsparce|0 fnt\n|faint|p1a: Dudunsparce\n|\n|upkeep\n|inactive|green8Bit has 120 seconds left.\n|\n|t:|1781430331\n|switch|p1a: Hitmontop|Hitmontop, L88, M|188/231\n|turn|24\n|\n|t:|1781430337\n|move|p1a: Hitmontop|Triple Axel|p2a: Flapple\n|-supereffective|p2a: Flapple\n|-damage|p2a: Flapple|170/266 par\n|-supereffective|p2a: Flapple\n|-damage|p2a: Flapple|0 fnt\n|faint|p2a: Flapple\n|-hitcount|p2: Flapple|2\n|\n|-heal|p1a: Hitmontop|202/231|[from] item: Leftovers\n|upkeep\n|\n|t:|1781430340\n|switch|p2a: Glaceon|Glaceon, L94, M|275/275\n|turn|25\n|inactive|green8Bit has 120 seconds left.\n|\n|t:|1781430352\n|-terastallize|p2a: Glaceon|Water\n|move|p2a: Glaceon|Calm Mind|p2a: Glaceon\n|-boost|p2a: Glaceon|spa|1\n|-boost|p2a: Glaceon|spd|1\n|move|p1a: Hitmontop|Rapid Spin|p2a: Glaceon\n|-damage|p2a: Glaceon|233/275\n|-boost|p1a: Hitmontop|spe|1\n|\n|-heal|p1a: Hitmontop|216/231|[from] item: Leftovers\n|upkeep\n|turn|26\n|inactive|green8Bit has 120 seconds left.\n|\n|t:|1781430364\n|move|p1a: Hitmontop|Close Combat|p2a: Glaceon\n|-damage|p2a: Glaceon|131/275\n|-unboost|p1a: Hitmontop|def|1\n|-unboost|p1a: Hitmontop|spd|1\n|move|p2a: Glaceon|Wish|p2a: Glaceon\n|\n|-heal|p1a: Hitmontop|230/231|[from] item: Leftovers\n|upkeep\n|turn|27\n|\n|t:|1781430374\n|move|p1a: Hitmontop|Bulk Up|p1a: Hitmontop\n|-boost|p1a: Hitmontop|atk|1\n|-boost|p1a: Hitmontop|def|1\n|move|p2a: Glaceon|Freeze-Dry|p1a: Hitmontop\n|-damage|p1a: Hitmontop|26/231\n|\n|-heal|p2a: Glaceon|268/275|[from] move: Wish|[wisher] Glaceon\n|-heal|p1a: Hitmontop|40/231|[from] item: Leftovers\n|upkeep\n|turn|28\n|\n|t:|1781430390\n|move|p1a: Hitmontop|Close Combat|p2a: Glaceon\n|-damage|p2a: Glaceon|115/275\n|-unboost|p1a: Hitmontop|def|1\n|-unboost|p1a: Hitmontop|spd|1\n|move|p2a: Glaceon|Freeze-Dry|p1a: Hitmontop\n|-damage|p1a: Hitmontop|0 fnt\n|faint|p1a: Hitmontop\n|\n|upkeep\n|\n|t:|1781430395\n|switch|p1a: Ditto|Ditto, L87|225/225\n|-transform|p1a: Ditto|p2a: Glaceon|[from] ability: Imposter\n|-start|p1a: Ditto|typechange|Ice|[silent]\n|turn|29\n|\n|t:|1781430402\n|move|p2a: Glaceon|Protect|p2a: Glaceon\n|-singleturn|p2a: Glaceon|Protect\n|move|p1a: Ditto|Freeze-Dry|p2a: Glaceon\n|-activate|p2a: Glaceon|move: Protect\n|\n|upkeep\n|turn|30\n|\n|t:|1781430409\n|move|p1a: Ditto|Freeze-Dry|p2a: Glaceon\n|-supereffective|p2a: Glaceon\n|-damage|p2a: Glaceon|0 fnt\n|faint|p2a: Glaceon\n|\n|win|green8Bit\n", "inputlog": ">version a8376a258c1d4662feba110a92103f3664a72141\n>start {\"formatid\":\"gen9randombattle\",\"seed\":\"sodium,c18f744a4b277b1376dd316188d31952\",\"rated\":\"Rated battle\"}\n>player p1 {\"name\":\"green8Bit\",\"avatar\":\"102\",\"rating\":2011,\"seed\":\"sodium,8f3f3692ecb8248ef318e646d5b2a562\"}\n>player p2 {\"name\":\"Where is the hax\",\"avatar\":\"266\",\"rating\":2032,\"seed\":\"sodium,bd17eb217cd4358326ad3e37372e0498\"}\n>p1 move gunkshot\n>p2 move earthquake\n>p1 switch 3\n>p2 move earthquake\n>p1 move willowisp\n>p2 switch 3\n>p1 switch 5\n>p2 move shadowball\n>p1 move swordsdance\n>p2 switch 2\n>p1 move throatchop\n>p2 move thunderbolt\n>p1 switch 3\n>p2 move thunderbolt\n>p1 switch 5\n>p1 move strangesteam\n>p2 move thunderbolt\n>p2 switch 6\n>p1 move gunkshot\n>p2 move relicsong\n>p1 switch 2\n>p1 move glare terastallize\n>p2 move closecombat\n>p1 switch 3\n>p2 move knockoff\n>p1 switch 3\n>p2 move closecombat\n>p1 move headbutt\n>p2 move knockoff\n>p1 switch 3\n>p2 switch 3\n>p1 move ironhead\n>p2 move playrough\n>p1 move throatchop\n>p2 move playrough\n>p2 switch 4\n>p1 move throatchop\n>p2 move gravapple\n>p1 switch 6\n>p1 move tripleaxel\n>p2 switch 2\n>p2 switch 3\n>p1 switch 3\n>p2 move relicsong\n>p1 move headbutt\n>p2 move knockoff\n>p1 move headbutt\n>p2 move knockoff\n>p2 switch 2\n>p1 move glare\n>p2 move gravapple\n>p1 move headbutt\n>p2 move suckerpunch\n>p1 switch 3\n>p1 move tripleaxel\n>p2 move gravapple\n>p2 switch 5\n>p1 move rapidspin\n>p2 move calmmind terastallize\n>p1 move closecombat\n>p2 move wish\n>p1 move bulkup\n>p2 move freezedry\n>p1 move closecombat\n>p2 move freezedry\n>p1 switch 4\n>p1 move freezedry\n>p2 move protect\n>p1 move freezedry\n>p2 move wish", "uploadtime": 1781429777, "views": 7, "formatid": "gen9randombattle", "rating": null, "private": 0, "password": null}