{"id": "gen9randombattle-2631423521", "format": "[Gen 9] Random Battle", "players": ["WhatEver2102", "BCena"], "log": "|j|\u2606WhatEver2102\n|j|\u2606BCena\n|t:|1781382877\n|gametype|singles\n|player|p1|WhatEver2102|juan|1983\n|player|p2|BCena|red|1957\n|gen|9\n|tier|[Gen 9] Random Battle\n|rated|\n|rule|Species Clause: Limit one of each Pok\u00e9mon\n|rule|HP Percentage Mod: HP is shown in percentages\n|rule|Sleep Clause Mod: Limit one foe put to sleep\n|rule|Illusion Level Mod: Illusion disguises the Pok\u00e9mon's true level\n|\n|t:|1781382877\n|teamsize|p1|6\n|teamsize|p2|6\n|start\n|switch|p1a: Dragalge|Dragalge, L88, M|258/258\n|switch|p2a: Luxray|Luxray, L88, M|283/283\n|turn|1\n|inactive|Battle timer is ON: inactive players will automatically lose when time's up. (requested by BCena)\n|\n|t:|1781382892\n|move|p2a: Luxray|Trailblaze|p1a: Dragalge\n|-resisted|p1a: Dragalge\n|-damage|p1a: Dragalge|248/258\n|-boost|p2a: Luxray|spe|1\n|move|p1a: Dragalge|Draco Meteor|p2a: Luxray\n|-damage|p2a: Luxray|0 fnt\n|-unboost|p1a: Dragalge|spa|2\n|faint|p2a: Luxray\n|\n|upkeep\n|\n|t:|1781382903\n|switch|p2a: Veluza|Veluza, L85, F|292/292\n|turn|2\n|\n|t:|1781382914\n|switch|p1a: Ampharos|Ampharos, L88, M|302/302\n|move|p2a: Veluza|Fillet Away|p2a: Veluza\n|-boost|p2a: Veluza|atk|2\n|-boost|p2a: Veluza|spa|2\n|-boost|p2a: Veluza|spe|2\n|-damage|p2a: Veluza|146/292\n|-enditem|p2a: Veluza|Sitrus Berry|[eat]\n|-heal|p2a: Veluza|219/292|[from] item: Sitrus Berry\n|\n|upkeep\n|turn|3\n|\n|t:|1781382919\n|move|p2a: Veluza|Psycho Cut|p1a: Ampharos\n|-damage|p1a: Ampharos|88/302\n|move|p1a: Ampharos|Thunderbolt|p2a: Veluza\n|-supereffective|p2a: Veluza\n|-damage|p2a: Veluza|0 fnt\n|faint|p2a: Veluza\n|-damage|p1a: Ampharos|58/302|[from] item: Life Orb\n|\n|upkeep\n|\n|t:|1781382932\n|switch|p2a: Ogerpon|Ogerpon-Wellspring, L76, F|247/247\n|turn|4\n|\n|t:|1781382941\n|switch|p1a: Meganium|Meganium, L90, M|290/290\n|move|p2a: Ogerpon|Ivy Cudgel|p1a: Meganium|[anim] Ivy Cudgel Water\n|-resisted|p1a: Meganium\n|-crit|p1a: Meganium\n|-damage|p1a: Meganium|206/290\n|\n|-heal|p1a: Meganium|224/290|[from] item: Leftovers\n|upkeep\n|turn|5\n|\n|t:|1781382952\n|switch|p2a: Mienshao|Mienshao, L83, F|244/244\n|move|p1a: Meganium|Dragon Tail|p2a: Mienshao\n|-damage|p2a: Mienshao|191/244\n|drag|p2a: Probopass|Probopass, L91, M|257/257\n|\n|-heal|p1a: Meganium|242/290|[from] item: Leftovers\n|upkeep\n|turn|6\n|\n|t:|1781382960\n|switch|p2a: Mienshao|Mienshao, L83, F|244/244\n|move|p1a: Meganium|Knock Off|p2a: Mienshao\n|-resisted|p2a: Mienshao\n|-damage|p2a: Mienshao|202/244\n|-enditem|p2a: Mienshao|Life Orb|[from] move: Knock Off|[of] p1a: Meganium\n|\n|-heal|p1a: Meganium|260/290|[from] item: Leftovers\n|upkeep\n|turn|7\n|\n|t:|1781382971\n|switch|p1a: Tauros|Tauros-Paldea-Blaze, L81, M|254/254\n|-ability|p1a: Tauros|Intimidate|boost\n|-unboost|p2a: Mienshao|atk|1\n|move|p2a: Mienshao|Triple Axel|p1a: Tauros\n|-resisted|p1a: Tauros\n|-damage|p1a: Tauros|249/254\n|-resisted|p1a: Tauros\n|-damage|p1a: Tauros|239/254\n|-hitcount|p1a: Tauros|2\n|\n|upkeep\n|turn|8\n|\n|t:|1781382983\n|switch|p2a: Ditto|Ditto, L87|225/225\n|-transform|p2a: Ditto|p1a: Tauros|[from] ability: Imposter\n|-ability|p2a: Ditto|Intimidate|boost\n|-unboost|p1a: Tauros|atk|1\n|move|p1a: Tauros|Flare Blitz|p2a: Ditto\n|-resisted|p2a: Ditto\n|-damage|p2a: Ditto|170/225\n|-damage|p1a: Tauros|221/254|[from] Recoil\n|\n|upkeep\n|turn|9\n|\n|t:|1781382997\n|switch|p1a: Ampharos|Ampharos, L88, M|58/302\n|move|p2a: Ditto|Flare Blitz|p1a: Ampharos\n|-damage|p1a: Ampharos|0 fnt\n|faint|p1a: Ampharos\n|-damage|p2a: Ditto|151/225|[from] Recoil\n|\n|upkeep\n|\n|t:|1781383001\n|switch|p1a: Dragalge|Dragalge, L88, M|248/258\n|turn|10\n|\n|t:|1781383005\n|switch|p2a: Probopass|Probopass, L91, M|257/257\n|move|p1a: Dragalge|Flip Turn|p2a: Probopass\n|-supereffective|p2a: Probopass\n|-damage|p2a: Probopass|211/257\n|\n|t:|1781383015\n|switch|p1a: Meganium|Meganium, L90, M|260/290|[from] Flip Turn\n|\n|-heal|p1a: Meganium|278/290|[from] item: Leftovers\n|upkeep\n|turn|11\n|\n|t:|1781383021\n|switch|p2a: Mienshao|Mienshao, L83, F|244/244\n|move|p1a: Meganium|Knock Off|p2a: Mienshao\n|-resisted|p2a: Mienshao\n|-damage|p2a: Mienshao|215/244\n|\n|-heal|p1a: Meganium|290/290|[from] item: Leftovers\n|upkeep\n|turn|12\n|\n|t:|1781383028\n|move|p2a: Mienshao|Close Combat|p1a: Meganium\n|-damage|p1a: Meganium|169/290\n|-unboost|p2a: Mienshao|def|1\n|-unboost|p2a: Mienshao|spd|1\n|move|p1a: Meganium|Dragon Tail|p2a: Mienshao|[miss]\n|-miss|p1a: Meganium|p2a: Mienshao\n|\n|-heal|p1a: Meganium|187/290|[from] item: Leftovers\n|upkeep\n|turn|13\n|\n|t:|1781383035\n|switch|p1a: Tauros|Tauros-Paldea-Blaze, L81, M|221/254\n|-ability|p1a: Tauros|Intimidate|boost\n|-unboost|p2a: Mienshao|atk|1\n|move|p2a: Mienshao|Triple Axel|p1a: Tauros\n|-resisted|p1a: Tauros\n|-damage|p1a: Tauros|215/254\n|-resisted|p1a: Tauros\n|-damage|p1a: Tauros|205/254\n|-resisted|p1a: Tauros\n|-damage|p1a: Tauros|190/254\n|-hitcount|p1a: Tauros|3\n|\n|upkeep\n|turn|14\n|\n|t:|1781383048\n|switch|p2a: Ditto|Ditto, L87|151/225\n|-transform|p2a: Ditto|p1a: Tauros|[from] ability: Imposter\n|-ability|p2a: Ditto|Intimidate|boost\n|-unboost|p1a: Tauros|atk|1\n|move|p1a: Tauros|Close Combat|p2a: Ditto\n|-damage|p2a: Ditto|27/225\n|-unboost|p1a: Tauros|def|1\n|-unboost|p1a: Tauros|spd|1\n|\n|upkeep\n|turn|15\n|\n|t:|1781383061\n|switch|p1a: Meganium|Meganium, L90, M|187/290\n|move|p2a: Ditto|Close Combat|p1a: Meganium\n|-damage|p1a: Meganium|70/290\n|-unboost|p2a: Ditto|def|1\n|-unboost|p2a: Ditto|spd|1\n|\n|-heal|p1a: Meganium|88/290|[from] item: Leftovers\n|upkeep\n|turn|16\n|\n|t:|1781383071\n|switch|p2a: Mienshao|Mienshao, L83, F|244/244\n|switch|p1a: Dragalge|Dragalge, L88, M|248/258\n|\n|upkeep\n|turn|17\n|\n|t:|1781383086\n|switch|p1a: Tauros|Tauros-Paldea-Blaze, L81, M|190/254\n|-ability|p1a: Tauros|Intimidate|boost\n|-unboost|p2a: Mienshao|atk|1\n|move|p2a: Mienshao|Triple Axel|p1a: Tauros\n|-resisted|p1a: Tauros\n|-damage|p1a: Tauros|185/254\n|-hitcount|p1a: Tauros|1\n|\n|upkeep\n|turn|18\n|\n|t:|1781383106\n|switch|p2a: Ogerpon|Ogerpon-Wellspring, L76, F|247/247\n|move|p1a: Tauros|Close Combat|p2a: Ogerpon\n|-damage|p2a: Ogerpon|6/247\n|-unboost|p1a: Tauros|def|1\n|-unboost|p1a: Tauros|spd|1\n|\n|upkeep\n|turn|19\n|\n|t:|1781383118\n|switch|p2a: Probopass|Probopass, L91, M|211/257\n|switch|p1a: Meganium|Meganium, L90, M|88/290\n|\n|-heal|p1a: Meganium|106/290|[from] item: Leftovers\n|upkeep\n|turn|20\n|\n|t:|1781383129\n|move|p1a: Meganium|Synthesis|p1a: Meganium\n|-heal|p1a: Meganium|251/290\n|move|p2a: Probopass|Power Gem|p1a: Meganium\n|-damage|p1a: Meganium|179/290\n|\n|-heal|p1a: Meganium|197/290|[from] item: Leftovers\n|upkeep\n|turn|21\n|\n|t:|1781383136\n|move|p1a: Meganium|Knock Off|p2a: Probopass\n|-damage|p2a: Probopass|171/257\n|-enditem|p2a: Probopass|Chesto Berry|[from] move: Knock Off|[of] p1a: Meganium\n|move|p2a: Probopass|Power Gem|p1a: Meganium\n|-damage|p1a: Meganium|121/290\n|\n|-heal|p1a: Meganium|139/290|[from] item: Leftovers\n|upkeep\n|turn|22\n|\n|t:|1781383141\n|switch|p2a: Mienshao|Mienshao, L83, F|244/244\n|move|p1a: Meganium|Synthesis|p1a: Meganium\n|-heal|p1a: Meganium|284/290\n|\n|-heal|p1a: Meganium|290/290|[from] item: Leftovers\n|upkeep\n|turn|23\n|\n|t:|1781383150\n|switch|p1a: Tauros|Tauros-Paldea-Blaze, L81, M|185/254\n|-ability|p1a: Tauros|Intimidate|boost\n|-unboost|p2a: Mienshao|atk|1\n|move|p2a: Mienshao|Swords Dance|p2a: Mienshao\n|-boost|p2a: Mienshao|atk|2\n|\n|upkeep\n|turn|24\n|\n|t:|1781383171\n|switch|p1a: Meganium|Meganium, L90, M|290/290\n|move|p2a: Mienshao|Knock Off|p1a: Meganium\n|-damage|p1a: Meganium|179/290\n|-enditem|p1a: Meganium|Leftovers|[from] move: Knock Off|[of] p2a: Mienshao\n|\n|upkeep\n|turn|25\n|\n|t:|1781383175\n|move|p2a: Mienshao|Triple Axel|p1a: Meganium\n|-supereffective|p1a: Meganium\n|-damage|p1a: Meganium|135/290\n|-supereffective|p1a: Meganium\n|-damage|p1a: Meganium|41/290\n|-supereffective|p1a: Meganium\n|-damage|p1a: Meganium|0 fnt\n|faint|p1a: Meganium\n|-hitcount|p1: Meganium|3\n|\n|upkeep\n|\n|t:|1781383179\n|switch|p1a: Tauros|Tauros-Paldea-Blaze, L81, M|185/254\n|-ability|p1a: Tauros|Intimidate|boost\n|-unboost|p2a: Mienshao|atk|1\n|turn|26\n|\n|t:|1781383185\n|move|p2a: Mienshao|Swords Dance|p2a: Mienshao\n|-boost|p2a: Mienshao|atk|2\n|move|p1a: Tauros|Close Combat|p2a: Mienshao\n|-damage|p2a: Mienshao|0 fnt\n|-unboost|p1a: Tauros|def|1\n|-unboost|p1a: Tauros|spd|1\n|faint|p2a: Mienshao\n|\n|upkeep\n|\n|t:|1781383188\n|switch|p2a: Ogerpon|Ogerpon-Wellspring, L76, F|6/247\n|turn|27\n|\n|t:|1781383201\n|switch|p1a: Oranguru|Oranguru, L92, M|315/315\n|move|p2a: Ogerpon|Ivy Cudgel|p1a: Oranguru|[anim] Ivy Cudgel Water\n|-damage|p1a: Oranguru|191/315\n|\n|-heal|p1a: Oranguru|210/315|[from] item: Leftovers\n|upkeep\n|turn|28\n|\n|t:|1781383220\n|move|p2a: Ogerpon|Wood Hammer|p1a: Oranguru\n|-damage|p1a: Oranguru|75/315\n|-damage|p2a: Ogerpon|0 fnt|[from] Recoil\n|faint|p2a: Ogerpon\n|move|p1a: Oranguru|Psychic|p2: Ogerpon|[notarget]\n|-fail|p1a: Oranguru\n|\n|-heal|p1a: Oranguru|94/315|[from] item: Leftovers\n|upkeep\n|\n|t:|1781383225\n|switch|p2a: Ditto|Ditto, L87|27/225\n|-transform|p2a: Ditto|p1a: Oranguru|[from] ability: Imposter\n|turn|29\n|\n|t:|1781383242\n|move|p2a: Ditto|Psychic|p1a: Oranguru\n|-resisted|p1a: Oranguru\n|-damage|p1a: Oranguru|52/315\n|move|p1a: Oranguru|Thunderbolt|p2a: Ditto\n|-damage|p2a: Ditto|0 fnt\n|faint|p2a: Ditto\n|\n|-heal|p1a: Oranguru|71/315|[from] item: Leftovers\n|upkeep\n|\n|t:|1781383244\n|switch|p2a: Probopass|Probopass, L91, M|171/257\n|turn|30\n|\n|t:|1781383250\n|move|p1a: Oranguru|Focus Blast|p2a: Probopass|[miss]\n|-miss|p1a: Oranguru|p2a: Probopass\n|move|p2a: Probopass|Body Press|p1a: Oranguru\n|-damage|p1a: Oranguru|0 fnt\n|faint|p1a: Oranguru\n|\n|upkeep\n|\n|t:|1781383258\n|switch|p1a: Tauros|Tauros-Paldea-Blaze, L81, M|185/254\n|-ability|p1a: Tauros|Intimidate|boost\n|-unboost|p2a: Probopass|atk|1\n|turn|31\n|\n|t:|1781383262\n|-terastallize|p1a: Tauros|Fighting\n|-terastallize|p2a: Probopass|Fighting\n|move|p1a: Tauros|Close Combat|p2a: Probopass\n|-damage|p2a: Probopass|0 fnt\n|-unboost|p1a: Tauros|def|1\n|-unboost|p1a: Tauros|spd|1\n|faint|p2a: Probopass\n|\n|win|WhatEver2102\n", "inputlog": ">version a8376a258c1d4662feba110a92103f3664a72141\n>start {\"formatid\":\"gen9randombattle\",\"seed\":\"sodium,9424cf46ae14a5dd773305e4af69ac90\",\"rated\":\"Rated battle\"}\n>player p1 {\"name\":\"WhatEver2102\",\"avatar\":\"juan\",\"rating\":1983,\"seed\":\"sodium,c01fe11a23941bf43c45a5bafeb55f31\"}\n>player p2 {\"name\":\"BCena\",\"avatar\":\"red\",\"rating\":1957,\"seed\":\"sodium,b8e41392c6bf02241e35334bc365826e\"}\n>p1 move dracometeor\n>p2 move trailblaze\n>p2 switch 6\n>p1 switch 4\n>p2 move filletaway\n>p1 move thunderbolt\n>p2 move psychocut\n>p2 switch 4\n>p1 switch 5\n>p2 move ivycudgel\n>p1 move dragontail\n>p2 switch 2\n>p1 move knockoff\n>p2 switch 5\n>p1 switch 3\n>p2 move tripleaxel\n>p1 move flareblitz\n>p2 switch 3\n>p1 switch 5\n>p2 move flareblitz\n>p1 switch 4\n>p1 move flipturn\n>p2 switch 5\n>p1 switch 3\n>p1 move knockoff\n>p2 switch 3\n>p1 move dragontail\n>p2 move closecombat\n>p1 switch 5\n>p2 move tripleaxel\n>p1 move closecombat\n>p2 switch 5\n>p1 switch 5\n>p2 move closecombat\n>p1 switch 3\n>p2 switch 5\n>p1 switch 5\n>p2 move tripleaxel\n>p1 move closecombat\n>p2 switch 2\n>p1 switch 3\n>p2 switch 3\n>p1 move synthesis\n>p2 move powergem\n>p1 move knockoff\n>p2 move powergem\n>p1 move synthesis\n>p2 switch 2\n>p1 switch 3\n>p2 move swordsdance\n>p1 switch 3\n>p2 move knockoff\n>p1 move energyball\n>p2 move tripleaxel\n>p1 switch 3\n>p1 move closecombat\n>p2 move swordsdance\n>p2 switch 3\n>p1 switch 6\n>p2 move ivycudgel\n>p1 move psychic\n>p2 move woodhammer\n>p2 switch 5\n>p1 move thunderbolt\n>p2 move psychic\n>p2 switch 2\n>p1 move focusblast\n>p2 move bodypress\n>p1 switch 6\n>p1 move closecombat terastallize\n>p2 move bodypress terastallize", "uploadtime": 1781382879, "views": 9, "formatid": "gen9randombattle", "rating": null, "private": 0, "password": null}