{"id": "gen9randombattle-2631673439", "format": "[Gen 9] Random Battle", "players": ["parasitoid", "Teehee777"], "log": "|j|\u2606parasitoid\n|j|\u2606Teehee777\n|t:|1781419170\n|gametype|singles\n|player|p1|parasitoid|marley|1286\n|player|p2|Teehee777|clown|1315\n|gen|9\n|tier|[Gen 9] Random Battle\n|rated|\n|rule|Species Clause: Limit one of each Pok\u00e9mon\n|rule|HP Percentage Mod: HP is shown in percentages\n|rule|Sleep Clause Mod: Limit one foe put to sleep\n|rule|Illusion Level Mod: Illusion disguises the Pok\u00e9mon's true level\n|\n|t:|1781419170\n|teamsize|p1|6\n|teamsize|p2|6\n|start\n|switch|p1a: Entei|Entei, L78|307/307\n|switch|p2a: Gholdengo|Gholdengo, L77|261/261\n|turn|1\n|inactive|Battle timer is ON: inactive players will automatically lose when time's up. (requested by Teehee777)\n|inactive|parasitoid also wants the timer to be on.\n|\n|t:|1781419187\n|switch|p2a: Raging Bolt|Raging Bolt, L78|323/323\n|-enditem|p2a: Raging Bolt|Booster Energy\n|-activate|p2a: Raging Bolt|ability: Protosynthesis|[fromitem]\n|-start|p2a: Raging Bolt|protosynthesisspa\n|move|p1a: Entei|Sacred Fire|p2a: Raging Bolt\n|-resisted|p2a: Raging Bolt\n|-damage|p2a: Raging Bolt|245/323\n|-status|p2a: Raging Bolt|brn\n|\n|-damage|p2a: Raging Bolt|225/323 brn|[from] brn\n|upkeep\n|turn|2\n|\n|t:|1781419206\n|switch|p1a: Magnezone|Magnezone, L85|258/258\n|move|p2a: Raging Bolt|Calm Mind|p2a: Raging Bolt\n|-boost|p2a: Raging Bolt|spa|1\n|-boost|p2a: Raging Bolt|spd|1\n|\n|-damage|p2a: Raging Bolt|205/323 brn|[from] brn\n|upkeep\n|turn|3\n|\n|t:|1781419217\n|move|p2a: Raging Bolt|Thunderbolt|p1a: Magnezone\n|-resisted|p1a: Magnezone\n|-damage|p1a: Magnezone|153/258\n|move|p1a: Magnezone|Iron Defense|p1a: Magnezone\n|-boost|p1a: Magnezone|def|2\n|\n|-heal|p1a: Magnezone|169/258|[from] item: Leftovers\n|-damage|p2a: Raging Bolt|185/323 brn|[from] brn\n|upkeep\n|turn|4\n|\n|t:|1781419224\n|move|p2a: Raging Bolt|Thunderbolt|p1a: Magnezone\n|-resisted|p1a: Magnezone\n|-damage|p1a: Magnezone|68/258\n|move|p1a: Magnezone|Body Press|p2a: Raging Bolt\n|-damage|p2a: Raging Bolt|8/323 brn\n|\n|-heal|p1a: Magnezone|84/258|[from] item: Leftovers\n|-damage|p2a: Raging Bolt|0 fnt|[from] brn\n|faint|p2a: Raging Bolt\n|-end|p2a: Raging Bolt|Protosynthesis|[silent]\n|upkeep\n|\n|t:|1781419244\n|switch|p2a: Gholdengo|Gholdengo, L77|261/261\n|turn|5\n|\n|t:|1781419256\n|switch|p1a: Entei|Entei, L78|307/307\n|move|p2a: Gholdengo|Focus Blast|p1a: Entei\n|-damage|p1a: Entei|190/307\n|\n|upkeep\n|turn|6\n|\n|t:|1781419268\n|switch|p2a: Ursaring|Ursaring, L84, M|288/288\n|move|p1a: Entei|Sacred Fire|p2a: Ursaring\n|-damage|p2a: Ursaring|98/288\n|\n|-status|p2a: Ursaring|tox|[from] item: Toxic Orb\n|upkeep\n|turn|7\n|\n|t:|1781419278\n|move|p2a: Ursaring|Facade|p1a: Entei\n|-damage|p1a: Entei|0 fnt\n|faint|p1a: Entei\n|\n|-damage|p2a: Ursaring|80/288 tox|[from] psn\n|upkeep\n|\n|t:|1781419298\n|switch|p1a: Koraidon|Koraidon, L64|235/235\n|-weather|SunnyDay|[from] ability: Orichalcum Pulse|[of] p1a: Koraidon\n|-activate|p1a: Koraidon|Orichalcum Pulse|[source]\n|turn|8\n|\n|t:|1781419305\n|move|p2a: Ursaring|Facade|p1a: Koraidon\n|-damage|p1a: Koraidon|54/235\n|move|p1a: Koraidon|Scale Shot|p2a: Ursaring\n|-damage|p2a: Ursaring|47/288 tox\n|-damage|p2a: Ursaring|19/288 tox\n|-damage|p2a: Ursaring|0 fnt\n|faint|p2a: Ursaring\n|-hitcount|p2: Ursaring|3\n|-unboost|p1a: Koraidon|def|1\n|-boost|p1a: Koraidon|spe|1\n|\n|-weather|SunnyDay|[upkeep]\n|upkeep\n|\n|t:|1781419317\n|switch|p2a: Squawkabilly|Squawkabilly-Blue, L85, M|278/278\n|turn|9\n|\n|t:|1781419323\n|switch|p1a: Magnezone|Magnezone, L85|84/258\n|move|p2a: Squawkabilly|Quick Attack|p1a: Magnezone\n|-resisted|p1a: Magnezone\n|-damage|p1a: Magnezone|65/258\n|\n|-weather|SunnyDay|[upkeep]\n|-heal|p1a: Magnezone|81/258|[from] item: Leftovers\n|-status|p2a: Squawkabilly|brn|[from] item: Flame Orb\n|upkeep\n|turn|10\n|\n|t:|1781419334\n|move|p2a: Squawkabilly|Facade|p1a: Magnezone\n|-resisted|p1a: Magnezone\n|-damage|p1a: Magnezone|0 fnt\n|faint|p1a: Magnezone\n|\n|-weather|SunnyDay|[upkeep]\n|-damage|p2a: Squawkabilly|261/278 brn|[from] brn\n|upkeep\n|inactive|parasitoid has 120 seconds left.\n|\n|t:|1781419365\n|switch|p1a: Lugia|Lugia, L73|275/275\n|turn|11\n|inactive|parasitoid has 120 seconds left.\n|\n|t:|1781419377\n|move|p2a: Squawkabilly|U-turn|p1a: Lugia\n|-damage|p1a: Lugia|242/275\n|\n|t:|1781419391\n|switch|p2a: Tinkaton|Tinkaton, L82, F|274/274|[from] U-turn\n|-ability|p2a: Tinkaton|Mold Breaker\n|move|p1a: Lugia|Aeroblast|p2a: Tinkaton\n|-resisted|p2a: Tinkaton\n|-crit|p2a: Tinkaton\n|-damage|p2a: Tinkaton|225/274\n|\n|-weather|SunnyDay|[upkeep]\n|-heal|p2a: Tinkaton|242/274|[from] item: Leftovers\n|upkeep\n|turn|12\n|\n|t:|1781419400\n|move|p1a: Lugia|Earth Power|p2a: Tinkaton\n|-supereffective|p2a: Tinkaton\n|-damage|p2a: Tinkaton|160/274\n|move|p2a: Tinkaton|Knock Off|p1a: Lugia\n|-supereffective|p1a: Lugia\n|-damage|p1a: Lugia|158/275\n|-enditem|p1a: Lugia|Heavy-Duty Boots|[from] move: Knock Off|[of] p2a: Tinkaton\n|\n|-weather|none\n|-heal|p2a: Tinkaton|177/274|[from] item: Leftovers\n|upkeep\n|turn|13\n|\n|t:|1781419409\n|move|p1a: Lugia|Recover|p1a: Lugia\n|-heal|p1a: Lugia|275/275\n|move|p2a: Tinkaton|Encore|p1a: Lugia\n|-start|p1a: Lugia|Encore\n|\n|-heal|p2a: Tinkaton|194/274|[from] item: Leftovers\n|upkeep\n|turn|14\n|\n|t:|1781419418\n|switch|p1a: Tauros|Tauros-Paldea-Blaze, L81, M|252/252\n|move|p2a: Tinkaton|Play Rough|p1a: Tauros\n|-damage|p1a: Tauros|180/252\n|\n|-heal|p2a: Tinkaton|211/274|[from] item: Leftovers\n|upkeep\n|turn|15\n|\n|t:|1781419428\n|switch|p2a: Squawkabilly|Squawkabilly-Blue, L85, M|261/278 brn\n|move|p1a: Tauros|Raging Bull|p2a: Squawkabilly\n|-damage|p2a: Squawkabilly|129/278 brn\n|\n|-damage|p2a: Squawkabilly|112/278 brn|[from] brn\n|upkeep\n|turn|16\n|\n|t:|1781419437\n|-terastallize|p1a: Tauros|Water\n|move|p1a: Tauros|Bulk Up|p1a: Tauros\n|-boost|p1a: Tauros|atk|1\n|-boost|p1a: Tauros|def|1\n|move|p2a: Squawkabilly|Facade|p1a: Tauros\n|-damage|p1a: Tauros|36/252\n|-enditem|p1a: Tauros|Sitrus Berry|[eat]\n|-heal|p1a: Tauros|99/252|[from] item: Sitrus Berry\n|\n|-damage|p2a: Squawkabilly|95/278 brn|[from] brn\n|upkeep\n|turn|17\n|\n|t:|1781419447\n|move|p1a: Tauros|Raging Bull|p2a: Squawkabilly\n|-damage|p2a: Squawkabilly|0 fnt\n|faint|p2a: Squawkabilly\n|\n|-activate|p1a: Tauros|ability: Cud Chew\n|-enditem|p1a: Tauros|Sitrus Berry|[eat]\n|-heal|p1a: Tauros|162/252|[from] item: Sitrus Berry\n|upkeep\n|\n|t:|1781419457\n|switch|p2a: Hypno|Hypno, L95, M|315/315\n|turn|18\n|\n|t:|1781419468\n|move|p1a: Tauros|Raging Bull|p2a: Hypno\n|-damage|p2a: Hypno|171/315\n|move|p2a: Hypno|Thunder Wave|p1a: Tauros\n|-status|p1a: Tauros|par\n|\n|-heal|p2a: Hypno|190/315|[from] item: Leftovers\n|upkeep\n|turn|19\n|\n|t:|1781419479\n|move|p2a: Hypno|Psychic Noise|p1a: Tauros\n|-damage|p1a: Tauros|65/252 par\n|-start|p1a: Tauros|move: Heal Block\n|move|p1a: Tauros|Raging Bull|p2a: Hypno\n|-damage|p2a: Hypno|30/315\n|\n|-heal|p2a: Hypno|49/315|[from] item: Leftovers\n|upkeep\n|turn|20\n|\n|t:|1781419485\n|move|p2a: Hypno|Psychic Noise|p1a: Tauros\n|-damage|p1a: Tauros|0 fnt\n|faint|p1a: Tauros\n|\n|-heal|p2a: Hypno|68/315|[from] item: Leftovers\n|upkeep\n|\n|t:|1781419494\n|switch|p1a: Lugia|Lugia, L73|275/275\n|turn|21\n|\n|t:|1781419498\n|move|p1a: Lugia|Calm Mind|p1a: Lugia\n|-boost|p1a: Lugia|spa|1\n|-boost|p1a: Lugia|spd|1\n|move|p2a: Hypno|Thunder Wave|p1a: Lugia\n|-status|p1a: Lugia|par\n|\n|-heal|p2a: Hypno|87/315|[from] item: Leftovers\n|upkeep\n|turn|22\n|\n|t:|1781419503\n|move|p2a: Hypno|Encore|p1a: Lugia\n|-start|p1a: Lugia|Encore\n|move|p1a: Lugia|Calm Mind|p1a: Lugia\n|-boost|p1a: Lugia|spa|1\n|-boost|p1a: Lugia|spd|1\n|\n|-heal|p2a: Hypno|106/315|[from] item: Leftovers\n|upkeep\n|turn|23\n|\n|t:|1781419510\n|switch|p1a: Koraidon|Koraidon, L64|54/235\n|-weather|SunnyDay|[from] ability: Orichalcum Pulse|[of] p1a: Koraidon\n|-activate|p1a: Koraidon|Orichalcum Pulse|[source]\n|move|p2a: Hypno|Knock Off|p1a: Koraidon\n|-resisted|p1a: Koraidon\n|-damage|p1a: Koraidon|16/235\n|-enditem|p1a: Koraidon|Loaded Dice|[from] move: Knock Off|[of] p2a: Hypno\n|\n|-weather|SunnyDay|[upkeep]\n|-heal|p2a: Hypno|125/315|[from] item: Leftovers\n|upkeep\n|turn|24\n|\n|t:|1781419517\n|move|p1a: Koraidon|Flare Blitz|p2a: Hypno\n|-damage|p2a: Hypno|0 fnt\n|faint|p2a: Hypno\n|-damage|p1a: Koraidon|0 fnt|[from] Recoil\n|faint|p1a: Koraidon\n|\n|-weather|SunnyDay|[upkeep]\n|upkeep\n|\n|t:|1781419527\n|switch|p1a: Venusaur|Venusaur, L84, M|272/272\n|switch|p2a: Tinkaton|Tinkaton, L82, F|211/274\n|-ability|p2a: Tinkaton|Mold Breaker\n|turn|25\n|\n|t:|1781419538\n|-terastallize|p2a: Tinkaton|Water\n|move|p1a: Venusaur|Knock Off|p2a: Tinkaton\n|-damage|p2a: Tinkaton|144/274\n|-enditem|p2a: Tinkaton|Leftovers|[from] move: Knock Off|[of] p1a: Venusaur\n|move|p2a: Tinkaton|Knock Off|p1a: Venusaur\n|-damage|p1a: Venusaur|214/272\n|-enditem|p1a: Venusaur|Leftovers|[from] move: Knock Off|[of] p2a: Tinkaton\n|\n|-weather|SunnyDay|[upkeep]\n|upkeep\n|turn|26\n|\n|t:|1781419549\n|move|p1a: Venusaur|Sleep Powder|p2a: Tinkaton\n|-status|p2a: Tinkaton|slp|[from] move: Sleep Powder\n|cant|p2a: Tinkaton|slp\n|\n|-weather|SunnyDay|[upkeep]\n|upkeep\n|turn|27\n|\n|t:|1781419552\n|switch|p1a: Lugia|Lugia, L73|275/275 par\n|cant|p2a: Tinkaton|slp\n|\n|-weather|none\n|upkeep\n|turn|28\n|\n|t:|1781419561\n|cant|p2a: Tinkaton|slp\n|move|p1a: Lugia|Calm Mind|p1a: Lugia\n|-boost|p1a: Lugia|spa|1\n|-boost|p1a: Lugia|spd|1\n|\n|upkeep\n|turn|29\n|\n|t:|1781419568\n|-curestatus|p2a: Tinkaton|slp|[msg]\n|move|p2a: Tinkaton|Encore|p1a: Lugia\n|-start|p1a: Lugia|Encore\n|move|p1a: Lugia|Calm Mind|p1a: Lugia\n|-boost|p1a: Lugia|spa|1\n|-boost|p1a: Lugia|spd|1\n|\n|upkeep\n|turn|30\n|\n|t:|1781419573\n|switch|p1a: Venusaur|Venusaur, L84, M|214/272\n|move|p2a: Tinkaton|Gigaton Hammer|p1a: Venusaur\n|-damage|p1a: Venusaur|84/272\n|\n|upkeep\n|turn|31\n|\n|t:|1781419582\n|switch|p2a: Gholdengo|Gholdengo, L77|261/261\n|move|p1a: Venusaur|Synthesis|p1a: Venusaur\n|-heal|p1a: Venusaur|220/272\n|\n|upkeep\n|turn|32\n|\n|t:|1781419588\n|move|p1a: Venusaur|Knock Off|p2a: Gholdengo\n|-supereffective|p2a: Gholdengo\n|-damage|p2a: Gholdengo|133/261\n|-enditem|p2a: Gholdengo|Leftovers|[from] move: Knock Off|[of] p1a: Venusaur\n|move|p2a: Gholdengo|Nasty Plot|p2a: Gholdengo\n|-boost|p2a: Gholdengo|spa|2\n|\n|upkeep\n|turn|33\n|\n|t:|1781419599\n|move|p1a: Venusaur|Knock Off|p2a: Gholdengo\n|-supereffective|p2a: Gholdengo\n|-damage|p2a: Gholdengo|41/261\n|move|p2a: Gholdengo|Make It Rain|p1a: Venusaur\n|-damage|p1a: Venusaur|0 fnt\n|-unboost|p2a: Gholdengo|spa|1\n|faint|p1a: Venusaur\n|\n|upkeep\n|\n|t:|1781419602\n|switch|p1a: Lugia|Lugia, L73|275/275 par\n|turn|34\n|\n|t:|1781419606\n|move|p2a: Gholdengo|Shadow Ball|p1a: Lugia\n|-supereffective|p1a: Lugia\n|-damage|p1a: Lugia|175/275 par\n|move|p1a: Lugia|Earth Power|p2a: Gholdengo\n|-supereffective|p2a: Gholdengo\n|-damage|p2a: Gholdengo|0 fnt\n|faint|p2a: Gholdengo\n|\n|upkeep\n|\n|t:|1781419612\n|switch|p2a: Tinkaton|Tinkaton, L82, F, tera:Water|144/274\n|-ability|p2a: Tinkaton|Mold Breaker\n|turn|35\n|\n|t:|1781419615\n|move|p2a: Tinkaton|Gigaton Hammer|p1a: Lugia\n|-damage|p1a: Lugia|54/275 par\n|move|p1a: Lugia|Earth Power|p2a: Tinkaton\n|-damage|p2a: Tinkaton|99/274\n|\n|upkeep\n|turn|36\n|\n|t:|1781419620\n|move|p2a: Tinkaton|Play Rough|p1a: Lugia\n|-damage|p1a: Lugia|0 fnt\n|faint|p1a: Lugia\n|\n|win|Teehee777\n|raw|parasitoid's rating: 1286 &rarr; <strong>1263</strong><br />(-23 for losing)\n|raw|Teehee777's rating: 1315 &rarr; <strong>1333</strong><br />(+18 for winning)\n|l|\u2606parasitoid\n|player|p1|\n", "inputlog": ">version a8376a258c1d4662feba110a92103f3664a72141\n>start {\"formatid\":\"gen9randombattle\",\"seed\":\"sodium,7bd0f1750dbdef7beab30d25ec7c6421\",\"rated\":\"Rated battle\"}\n>player p1 {\"name\":\"parasitoid\",\"avatar\":\"marley\",\"rating\":1286,\"seed\":\"sodium,51a9ee9bab4ebf2d19345ab31a892fb4\"}\n>player p2 {\"name\":\"Teehee777\",\"avatar\":\"clown\",\"rating\":1315,\"seed\":\"sodium,667fa03cbb07391f36237baf03e57078\"}\n>p1 move sacredfire\n>p2 switch 5\n>p1 switch 2\n>p2 move calmmind\n>p1 move irondefense\n>p2 move thunderbolt\n>p1 move bodypress\n>p2 move thunderbolt\n>p2 switch 5\n>p1 switch 2\n>p2 move focusblast\n>p1 move sacredfire\n>p2 switch 4\n>p1 move sacredfire\n>p2 move facade\n>p1 switch 3\n>p1 move scaleshot\n>p2 move facade\n>p2 switch 6\n>p1 switch 2\n>p2 move quickattack\n>p1 move thunderbolt\n>p2 move facade\n>p1 switch 4\n>p1 move aeroblast\n>p2 move uturn\n>p2 switch 3\n>p1 move earthpower\n>p2 move knockoff\n>p1 move recover\n>p2 move encore\n>p1 switch 6\n>p2 move playrough\n>p1 move ragingbull\n>p2 switch 3\n>p1 move bulkup terastallize\n>p2 move facade\n>p1 move ragingbull\n>p2 move facade\n>p2 switch 2\n>p1 move ragingbull\n>p2 move thunderwave\n>p1 move ragingbull\n>p2 move psychicnoise\n>p1 move ragingbull\n>p2 move psychicnoise\n>p1 switch 6\n>p1 move calmmind\n>p2 move thunderwave\n>p1 move calmmind\n>p2 move encore\n>p1 switch 2\n>p2 move knockoff\n>p1 move flareblitz\n>p2 move psychicnoise\n>p1 switch 5\n>p2 switch 3\n>p1 move knockoff\n>p2 move knockoff terastallize\n>p1 move sleeppowder\n>p2 move encore\n>p1 switch 2\n>p2 move encore\n>p1 move calmmind\n>p2 move gigatonhammer\n>p1 move calmmind\n>p2 move encore\n>p1 switch 2\n>p2 move gigatonhammer\n>p1 move synthesis\n>p2 switch 4\n>p1 move knockoff\n>p2 move nastyplot\n>p1 move knockoff\n>p2 move makeitrain\n>p1 switch 2\n>p1 move earthpower\n>p2 move shadowball\n>p2 switch 4\n>p1 move earthpower\n>p2 move gigatonhammer\n>p1 move aeroblast\n>p2 move playrough", "uploadtime": 1781419629, "views": 3, "formatid": "gen9randombattle", "rating": 1263, "private": 0, "password": null}