{"id": "gen9randombattle-2631381523", "format": "[Gen 9] Random Battle", "players": ["vashbentson", "SGA4MVP23"], "log": "|j|\u2606vashbentson\n|j|\u2606SGA4MVP23\n|t:|1781377969\n|gametype|singles\n|player|p1|vashbentson|preschooler|1893\n|player|p2|SGA4MVP23|marshal|1927\n|gen|9\n|tier|[Gen 9] Random Battle\n|rated|\n|rule|Species Clause: Limit one of each Pok\u00e9mon\n|rule|HP Percentage Mod: HP is shown in percentages\n|rule|Sleep Clause Mod: Limit one foe put to sleep\n|rule|Illusion Level Mod: Illusion disguises the Pok\u00e9mon's true level\n|\n|t:|1781377969\n|teamsize|p1|6\n|teamsize|p2|6\n|start\n|switch|p1a: Gastrodon|Gastrodon-East, L86, F|331/331\n|switch|p2a: Wo-Chien|Wo-Chien, L83|277/277\n|-ability|p2a: Wo-Chien|Tablets of Ruin\n|turn|1\n|inactive|Battle timer is ON: inactive players will automatically lose when time's up. (requested by vashbentson)\n|\n|t:|1781377978\n|switch|p1a: Oinkologne|Oinkologne, L92, M|352/352\n|move|p2a: Wo-Chien|Giga Drain|p1a: Oinkologne\n|-damage|p1a: Oinkologne|270/352\n|\n|-heal|p1a: Oinkologne|292/352|[from] item: Leftovers\n|upkeep\n|turn|2\n|\n|t:|1781377990\n|move|p1a: Oinkologne|Curse|p1a: Oinkologne\n|-unboost|p1a: Oinkologne|spe|1\n|-boost|p1a: Oinkologne|atk|1\n|-boost|p1a: Oinkologne|def|1\n|move|p2a: Wo-Chien|Knock Off|p1a: Oinkologne\n|-damage|p1a: Oinkologne|232/352\n|-enditem|p1a: Oinkologne|Leftovers|[from] move: Knock Off|[of] p2a: Wo-Chien\n|\n|upkeep\n|turn|3\n|\n|t:|1781377998\n|move|p2a: Wo-Chien|Ruination|p1a: Oinkologne\n|-damage|p1a: Oinkologne|116/352\n|move|p1a: Oinkologne|Double-Edge|p2a: Wo-Chien\n|-damage|p2a: Wo-Chien|109/277\n|-damage|p1a: Oinkologne|61/352|[from] Recoil\n|\n|-heal|p2a: Wo-Chien|126/277|[from] item: Leftovers\n|upkeep\n|turn|4\n|\n|t:|1781378005\n|move|p2a: Wo-Chien|Giga Drain|p1a: Oinkologne\n|-damage|p1a: Oinkologne|0 fnt\n|-heal|p2a: Wo-Chien|157/277|[from] drain|[of] p1a: Oinkologne\n|faint|p1a: Oinkologne\n|\n|-heal|p2a: Wo-Chien|174/277|[from] item: Leftovers\n|upkeep\n|\n|t:|1781378012\n|switch|p1a: Cramorant|Cramorant, L86, F|261/261\n|turn|5\n|\n|t:|1781378016\n|switch|p2a: Dedenne|Dedenne, L88, F|261/261\n|move|p1a: Cramorant|Brave Bird|p2a: Dedenne\n|-resisted|p2a: Dedenne\n|-damage|p2a: Dedenne|186/261\n|-damage|p1a: Cramorant|236/261|[from] Recoil\n|\n|upkeep\n|turn|6\n|\n|t:|1781378025\n|switch|p1a: Gastrodon|Gastrodon-East, L86, F|331/331\n|move|p2a: Dedenne|Thunderbolt|p1a: Gastrodon\n|-immune|p1a: Gastrodon\n|\n|upkeep\n|turn|7\n|\n|t:|1781378029\n|switch|p2a: Wo-Chien|Wo-Chien, L83|174/277\n|-ability|p2a: Wo-Chien|Tablets of Ruin\n|move|p1a: Gastrodon|Ice Beam|p2a: Wo-Chien\n|-supereffective|p2a: Wo-Chien\n|-damage|p2a: Wo-Chien|88/277\n|\n|-heal|p2a: Wo-Chien|105/277|[from] item: Leftovers\n|upkeep\n|turn|8\n|\n|t:|1781378037\n|switch|p1a: Duraludon|Duraludon, L82, M|249/249\n|move|p2a: Wo-Chien|Giga Drain|p1a: Duraludon\n|-resisted|p1a: Duraludon\n|-damage|p1a: Duraludon|230/249\n|-heal|p2a: Wo-Chien|115/277|[from] drain|[of] p1a: Duraludon\n|\n|-heal|p2a: Wo-Chien|132/277|[from] item: Leftovers\n|upkeep\n|turn|9\n|\n|t:|1781378046\n|move|p1a: Duraludon|Iron Defense|p1a: Duraludon\n|-boost|p1a: Duraludon|def|2\n|move|p2a: Wo-Chien|Knock Off|p1a: Duraludon\n|-damage|p1a: Duraludon|203/249\n|-enditem|p1a: Duraludon|Eviolite|[from] move: Knock Off|[of] p2a: Wo-Chien\n|\n|-heal|p2a: Wo-Chien|149/277|[from] item: Leftovers\n|upkeep\n|turn|10\n|\n|t:|1781378056\n|switch|p2a: Mewtwo|Mewtwo, L72|272/272\n|-ability|p2a: Mewtwo|Pressure\n|move|p1a: Duraludon|Body Press|p2a: Mewtwo\n|-resisted|p2a: Mewtwo\n|-damage|p2a: Mewtwo|201/272\n|\n|upkeep\n|turn|11\n|\n|t:|1781378067\n|switch|p1a: Cramorant|Cramorant, L86, F|236/261\n|move|p2a: Mewtwo|Aura Sphere|p1a: Cramorant\n|-resisted|p1a: Cramorant\n|-damage|p1a: Cramorant|200/261\n|-damage|p2a: Mewtwo|174/272|[from] item: Life Orb\n|\n|upkeep\n|turn|12\n|\n|t:|1781378075\n|switch|p2a: Flygon|Flygon, L82, M|265/265\n|move|p1a: Cramorant|Brave Bird|p2a: Flygon\n|-damage|p2a: Flygon|126/265\n|-damage|p1a: Cramorant|154/261|[from] Recoil\n|\n|upkeep\n|turn|13\n|\n|t:|1781378081\n|move|p2a: Flygon|U-turn|p1a: Cramorant\n|-resisted|p1a: Cramorant\n|-damage|p1a: Cramorant|105/261\n|\n|t:|1781378084\n|switch|p2a: Dedenne|Dedenne, L88, F|186/261|[from] U-turn\n|move|p1a: Cramorant|Roost|p1a: Cramorant\n|-heal|p1a: Cramorant|236/261\n|-singleturn|p1a: Cramorant|move: Roost\n|\n|upkeep\n|turn|14\n|\n|t:|1781378091\n|move|p2a: Dedenne|Super Fang|p1a: Cramorant\n|-damage|p1a: Cramorant|118/261\n|move|p1a: Cramorant|Surf|p2a: Dedenne\n|-formechange|p1a: Cramorant|Cramorant-Gorging|\n|-damage|p2a: Dedenne|89/261\n|-enditem|p2a: Dedenne|Sitrus Berry|[eat]\n|-heal|p2a: Dedenne|154/261|[from] item: Sitrus Berry\n|-heal|p2a: Dedenne|241/261|[from] ability: Cheek Pouch\n|\n|upkeep\n|turn|15\n|\n|t:|1781378095\n|switch|p1a: Gastrodon|Gastrodon-East, L86, F|331/331\n|move|p2a: Dedenne|Thunderbolt|p1a: Gastrodon\n|-immune|p1a: Gastrodon\n|\n|upkeep\n|turn|16\n|\n|t:|1781378099\n|move|p2a: Dedenne|Super Fang|p1a: Gastrodon\n|-damage|p1a: Gastrodon|166/331\n|move|p1a: Gastrodon|Ice Beam|p2a: Dedenne\n|-damage|p2a: Dedenne|161/261\n|\n|-heal|p1a: Gastrodon|186/331|[from] item: Leftovers\n|upkeep\n|turn|17\n|\n|t:|1781378104\n|switch|p2a: Flygon|Flygon, L82, M|126/265\n|move|p1a: Gastrodon|Recover|p1a: Gastrodon\n|-heal|p1a: Gastrodon|331/331\n|\n|upkeep\n|turn|18\n|\n|t:|1781378110\n|move|p2a: Flygon|Earthquake|p1a: Gastrodon\n|-damage|p1a: Gastrodon|165/331\n|move|p1a: Gastrodon|Ice Beam|p2a: Flygon\n|-supereffective|p2a: Flygon\n|-damage|p2a: Flygon|0 fnt\n|faint|p2a: Flygon\n|\n|-heal|p1a: Gastrodon|185/331|[from] item: Leftovers\n|upkeep\n|\n|t:|1781378135\n|switch|p2a: Wo-Chien|Wo-Chien, L83|149/277\n|-ability|p2a: Wo-Chien|Tablets of Ruin\n|turn|19\n|\n|t:|1781378142\n|switch|p1a: Duraludon|Duraludon, L82, M|203/249\n|move|p2a: Wo-Chien|Giga Drain|p1a: Duraludon\n|-resisted|p1a: Duraludon\n|-damage|p1a: Duraludon|174/249\n|-heal|p2a: Wo-Chien|164/277|[from] drain|[of] p1a: Duraludon\n|\n|-heal|p2a: Wo-Chien|181/277|[from] item: Leftovers\n|upkeep\n|turn|20\n|\n|t:|1781378147\n|move|p1a: Duraludon|Draco Meteor|p2a: Wo-Chien|[miss]\n|-miss|p1a: Duraludon|p2a: Wo-Chien\n|move|p2a: Wo-Chien|Ruination|p1a: Duraludon\n|-damage|p1a: Duraludon|87/249\n|\n|-heal|p2a: Wo-Chien|198/277|[from] item: Leftovers\n|upkeep\n|turn|21\n|\n|t:|1781378156\n|switch|p2a: Dedenne|Dedenne, L88, F|161/261\n|move|p1a: Duraludon|Body Press|p2a: Dedenne\n|-resisted|p2a: Dedenne\n|-damage|p2a: Dedenne|123/261\n|\n|upkeep\n|turn|22\n|\n|t:|1781378163\n|move|p2a: Dedenne|Dazzling Gleam|p1a: Duraludon\n|-damage|p1a: Duraludon|0 fnt\n|faint|p1a: Duraludon\n|\n|upkeep\n|\n|t:|1781378169\n|switch|p1a: Zacian|Zacian, L69|241/241\n|-ability|p1a: Zacian|Intrepid Sword|boost\n|-boost|p1a: Zacian|atk|1\n|turn|23\n|\n|t:|1781378174\n|move|p1a: Zacian|Play Rough|p2a: Dedenne\n|-damage|p2a: Dedenne|0 fnt\n|faint|p2a: Dedenne\n|\n|upkeep\n|\n|t:|1781378179\n|switch|p2a: Komala|Komala, L88, F|258/258\n|-ability|p2a: Komala|Comatose\n|turn|24\n|\n|t:|1781378187\n|switch|p1a: Gastrodon|Gastrodon-East, L86, F|185/331\n|move|p2a: Komala|Rapid Spin|p1a: Gastrodon\n|-damage|p1a: Gastrodon|101/331\n|-boost|p2a: Komala|spe|1\n|\n|-heal|p1a: Gastrodon|121/331|[from] item: Leftovers\n|upkeep\n|turn|25\n|\n|t:|1781378194\n|move|p2a: Komala|Body Slam|p1a: Gastrodon\n|-damage|p1a: Gastrodon|0 fnt\n|faint|p1a: Gastrodon\n|\n|upkeep\n|\n|t:|1781378198\n|switch|p1a: Zangoose|Zangoose, L85, F|263/263\n|turn|26\n|\n|t:|1781378202\n|move|p2a: Komala|Knock Off|p1a: Zangoose\n|-damage|p1a: Zangoose|156/263\n|-enditem|p1a: Zangoose|Toxic Orb|[from] move: Knock Off|[of] p2a: Komala\n|move|p1a: Zangoose|Facade|p2a: Komala\n|-damage|p2a: Komala|155/258\n|\n|upkeep\n|turn|27\n|\n|t:|1781378209\n|move|p2a: Komala|Body Slam|p1a: Zangoose\n|-damage|p1a: Zangoose|21/263\n|move|p1a: Zangoose|Facade|p2a: Komala\n|-damage|p2a: Komala|52/258\n|\n|upkeep\n|turn|28\n|\n|t:|1781378214\n|move|p1a: Zangoose|Quick Attack|p2a: Komala\n|-damage|p2a: Komala|0 fnt\n|faint|p2a: Komala\n|\n|upkeep\n|\n|t:|1781378232\n|switch|p2a: Mewtwo|Mewtwo, L72|174/272\n|-ability|p2a: Mewtwo|Pressure\n|turn|29\n|\n|t:|1781378239\n|move|p1a: Zangoose|Quick Attack|p2a: Mewtwo\n|-damage|p2a: Mewtwo|114/272\n|move|p2a: Mewtwo|Psystrike|p1a: Zangoose\n|-damage|p1a: Zangoose|0 fnt\n|faint|p1a: Zangoose\n|-damage|p2a: Mewtwo|87/272|[from] item: Life Orb\n|\n|upkeep\n|\n|t:|1781378245\n|switch|p1a: Zacian|Zacian, L69|241/241\n|turn|30\n|\n|t:|1781378250\n|move|p1a: Zacian|Play Rough|p2a: Mewtwo\n|-damage|p2a: Mewtwo|0 fnt\n|faint|p2a: Mewtwo\n|\n|upkeep\n|\n|t:|1781378253\n|switch|p2a: Wo-Chien|Wo-Chien, L83|198/277\n|-ability|p2a: Wo-Chien|Tablets of Ruin\n|turn|31\n|\n|t:|1781378268\n|move|p1a: Zacian|Play Rough|p2a: Wo-Chien\n|-supereffective|p2a: Wo-Chien\n|-damage|p2a: Wo-Chien|30/277\n|move|p2a: Wo-Chien|Stun Spore|p1a: Zacian\n|-status|p1a: Zacian|par\n|\n|-heal|p2a: Wo-Chien|47/277|[from] item: Leftovers\n|upkeep\n|turn|32\n|\n|t:|1781378278\n|move|p2a: Wo-Chien|Ruination|p1a: Zacian\n|-damage|p1a: Zacian|121/241 par\n|move|p1a: Zacian|Play Rough|p2a: Wo-Chien\n|-supereffective|p2a: Wo-Chien\n|-damage|p2a: Wo-Chien|0 fnt\n|faint|p2a: Wo-Chien\n|\n|upkeep\n|\n|t:|1781378283\n|switch|p2a: Ursaluna|Ursaluna, L79, M|335/335\n|turn|33\n|\n|t:|1781378287\n|move|p2a: Ursaluna|Trailblaze|p1a: Zacian\n|-damage|p1a: Zacian|81/241 par\n|-boost|p2a: Ursaluna|spe|1\n|move|p1a: Zacian|Play Rough|p2a: Ursaluna\n|-damage|p2a: Ursaluna|235/335\n|\n|-status|p2a: Ursaluna|brn|[from] item: Flame Orb\n|upkeep\n|turn|34\n|\n|t:|1781378299\n|move|p2a: Ursaluna|Trailblaze|p1a: Zacian\n|-damage|p1a: Zacian|20/241 par\n|-boost|p2a: Ursaluna|spe|1\n|move|p1a: Zacian|Play Rough|p2a: Ursaluna\n|-damage|p2a: Ursaluna|133/335 brn\n|\n|-damage|p2a: Ursaluna|113/335 brn|[from] brn\n|upkeep\n|turn|35\n|\n|t:|1781378304\n|move|p2a: Ursaluna|Trailblaze|p1a: Zacian\n|-damage|p1a: Zacian|0 fnt\n|-boost|p2a: Ursaluna|spe|1\n|faint|p1a: Zacian\n|\n|-damage|p2a: Ursaluna|93/335 brn|[from] brn\n|upkeep\n|\n|t:|1781378306\n|switch|p1a: Cramorant|Cramorant, L86, F|118/261\n|turn|36\n|\n|t:|1781378311\n|-terastallize|p2a: Ursaluna|Normal\n|move|p2a: Ursaluna|Facade|p1a: Cramorant\n|-damage|p1a: Cramorant|0 fnt\n|faint|p1a: Cramorant\n|\n|win|SGA4MVP23\n|raw|vashbentson's rating: 1893 &rarr; <strong>1875</strong><br />(-18 for losing)\n|raw|SGA4MVP23's rating: 1927 &rarr; <strong>1945</strong><br />(+18 for winning)\n", "inputlog": ">version a8376a258c1d4662feba110a92103f3664a72141\n>start {\"formatid\":\"gen9randombattle\",\"seed\":\"sodium,a55402e0fb4db422fd47a6c415ef19f4\",\"rated\":\"Rated battle\"}\n>player p1 {\"name\":\"vashbentson\",\"avatar\":\"preschooler\",\"rating\":1893,\"seed\":\"sodium,adb4155e73c04fcb95f47a9bd6ac14db\"}\n>player p2 {\"name\":\"SGA4MVP23\",\"avatar\":\"marshal\",\"rating\":1927,\"seed\":\"sodium,2b6e53b8cc979f91fe1e1262196d727b\"}\n>p1 switch 5\n>p2 move gigadrain\n>p1 move curse\n>p2 move knockoff\n>p1 move doubleedge\n>p2 move ruination\n>p1 move doubleedge\n>p2 move gigadrain\n>p1 switch 3\n>p1 move bravebird\n>p2 switch 5\n>p1 switch 5\n>p2 move thunderbolt\n>p1 move icebeam\n>p2 switch 5\n>p1 switch 6\n>p2 move gigadrain\n>p1 move irondefense\n>p2 move knockoff\n>p1 move bodypress\n>p2 switch 4\n>p1 switch 5\n>p2 move aurasphere\n>p1 move bravebird\n>p2 switch 6\n>p1 move roost\n>p2 move uturn\n>p2 switch 5\n>p1 move surf\n>p2 move superfang\n>p1 switch 6\n>p2 move thunderbolt\n>p1 move icebeam\n>p2 move superfang\n>p1 move recover\n>p2 switch 5\n>p1 move icebeam\n>p2 move earthquake\n>p2 switch 4\n>p1 switch 5\n>p2 move gigadrain\n>p1 move dracometeor\n>p2 move ruination\n>p1 move bodypress\n>p2 switch 5\n>p1 move flashcannon\n>p2 move dazzlinggleam\n>p1 switch 2\n>p1 move playrough\n>p2 move nuzzle\n>p2 switch 3\n>p1 switch 5\n>p2 move rapidspin\n>p1 move earthquake\n>p2 move bodyslam\n>p1 switch 4\n>p1 move facade\n>p2 move knockoff\n>p1 move facade\n>p2 move bodyslam\n>p1 move quickattack\n>p2 move rapidspin\n>p2 switch 6\n>p1 move quickattack\n>p2 move psystrike\n>p1 switch 5\n>p1 move playrough\n>p2 move psystrike\n>p2 switch 5\n>p1 move playrough\n>p2 move stunspore\n>p1 move playrough\n>p2 move ruination\n>p2 switch 2\n>p1 move playrough\n>p2 move trailblaze\n>p1 move playrough\n>p2 move trailblaze\n>p1 move playrough\n>p2 move trailblaze\n>p1 switch 6\n>p1 move surf\n>p2 move facade terastallize", "uploadtime": 1781378311, "views": 7, "formatid": "gen9randombattle", "rating": 1875, "private": 0, "password": null}