{"id": "gen9randombattle-2631923342", "format": "[Gen 9] Random Battle", "players": ["fick runk", "smasher04"], "log": "|j|\u2606fick runk\n|j|\u2606smasher04\n|t:|1781456062\n|gametype|singles\n|player|p1|fick runk|parasollady|2014\n|player|p2|smasher04|twins-gen4|2070\n|gen|9\n|tier|[Gen 9] Random Battle\n|rated|\n|rule|Species Clause: Limit one of each Pok\u00e9mon\n|rule|HP Percentage Mod: HP is shown in percentages\n|rule|Sleep Clause Mod: Limit one foe put to sleep\n|rule|Illusion Level Mod: Illusion disguises the Pok\u00e9mon's true level\n|\n|t:|1781456062\n|teamsize|p1|6\n|teamsize|p2|6\n|start\n|switch|p1a: Primarina|Primarina, L83, M|268/268\n|switch|p2a: Swalot|Swalot, L90, F|326/326\n|turn|1\n|inactive|Battle timer is ON: inactive players will automatically lose when time's up. (requested by fick runk)\n|\n|t:|1781456071\n|switch|p1a: Sandaconda|Sandaconda, L84, F|258/258\n|move|p2a: Swalot|Sludge Bomb|p1a: Sandaconda\n|-resisted|p1a: Sandaconda\n|-damage|p1a: Sandaconda|207/258\n|\n|-heal|p1a: Sandaconda|223/258|[from] item: Leftovers\n|upkeep\n|turn|2\n|\n|t:|1781456088\n|move|p1a: Sandaconda|Stone Edge|p2a: Swalot\n|-damage|p2a: Swalot|250/326\n|move|p2a: Swalot|Encore|p1a: Sandaconda\n|-start|p1a: Sandaconda|Encore\n|\n|-heal|p1a: Sandaconda|239/258|[from] item: Leftovers\n|-heal|p2a: Swalot|270/326|[from] item: Leftovers\n|upkeep\n|turn|3\n|\n|t:|1781456096\n|switch|p1a: Rotom|Rotom-Frost, L87|229/229\n|move|p2a: Swalot|Knock Off|p1a: Rotom\n|-damage|p1a: Rotom|175/229\n|-enditem|p1a: Rotom|Heavy-Duty Boots|[from] move: Knock Off|[of] p2a: Swalot\n|\n|-heal|p2a: Swalot|290/326|[from] item: Leftovers\n|upkeep\n|turn|4\n|\n|t:|1781456102\n|move|p1a: Rotom|Will-O-Wisp|p2a: Swalot\n|-status|p2a: Swalot|brn\n|move|p2a: Swalot|Sludge Bomb|p1a: Rotom\n|-damage|p1a: Rotom|105/229\n|-status|p1a: Rotom|psn\n|\n|-heal|p2a: Swalot|310/326 brn|[from] item: Leftovers\n|-damage|p1a: Rotom|77/229 psn|[from] psn\n|-damage|p2a: Swalot|290/326 brn|[from] brn\n|upkeep\n|turn|5\n|\n|t:|1781456105\n|move|p1a: Rotom|Volt Switch|p2a: Swalot\n|-damage|p2a: Swalot|208/326 brn\n|\n|t:|1781456106\n|switch|p1a: Sandaconda|Sandaconda, L84, F|239/258|[from] Volt Switch\n|move|p2a: Swalot|Sludge Bomb|p1a: Sandaconda\n|-resisted|p1a: Sandaconda\n|-damage|p1a: Sandaconda|185/258\n|-status|p1a: Sandaconda|psn\n|\n|-heal|p1a: Sandaconda|201/258 psn|[from] item: Leftovers\n|-heal|p2a: Swalot|228/326 brn|[from] item: Leftovers\n|-damage|p1a: Sandaconda|169/258 psn|[from] psn\n|-damage|p2a: Swalot|208/326 brn|[from] brn\n|upkeep\n|turn|6\n|\n|t:|1781456119\n|move|p1a: Sandaconda|Earthquake|p2a: Swalot\n|-supereffective|p2a: Swalot\n|-damage|p2a: Swalot|0 fnt\n|faint|p2a: Swalot\n|\n|-heal|p1a: Sandaconda|185/258 psn|[from] item: Leftovers\n|-damage|p1a: Sandaconda|153/258 psn|[from] psn\n|upkeep\n|\n|t:|1781456123\n|switch|p2a: Emboar|Emboar, L84, F|322/322\n|turn|7\n|\n|t:|1781456128\n|switch|p1a: Primarina|Primarina, L83, M|268/268\n|move|p2a: Emboar|Flare Blitz|p1a: Primarina\n|-resisted|p1a: Primarina\n|-damage|p1a: Primarina|165/268\n|-damage|p2a: Emboar|288/322|[from] Recoil\n|\n|upkeep\n|turn|8\n|\n|t:|1781456141\n|switch|p2a: Excadrill|Excadrill, L79, F|303/303\n|-ability|p2a: Excadrill|Mold Breaker\n|switch|p1a: Sandaconda|Sandaconda, L84, F|153/258 psn\n|\n|-activate|p1a: Sandaconda|ability: Shed Skin\n|-curestatus|p1a: Sandaconda|psn|[msg]\n|-heal|p1a: Sandaconda|169/258|[from] item: Leftovers\n|upkeep\n|turn|9\n|\n|t:|1781456150\n|-terastallize|p2a: Excadrill|Grass\n|move|p2a: Excadrill|Swords Dance|p2a: Excadrill\n|-boost|p2a: Excadrill|atk|2\n|move|p1a: Sandaconda|Earthquake|p2a: Excadrill\n|-resisted|p2a: Excadrill\n|-damage|p2a: Excadrill|218/303\n|\n|-heal|p2a: Excadrill|236/303|[from] item: Leftovers\n|-heal|p1a: Sandaconda|185/258|[from] item: Leftovers\n|upkeep\n|turn|10\n|\n|t:|1781456162\n|move|p2a: Excadrill|Rapid Spin|p1a: Sandaconda\n|-crit|p1a: Sandaconda\n|-damage|p1a: Sandaconda|96/258\n|-boost|p2a: Excadrill|spe|1\n|move|p1a: Sandaconda|Stone Edge|p2a: Excadrill\n|-damage|p2a: Excadrill|122/303\n|\n|-heal|p2a: Excadrill|140/303|[from] item: Leftovers\n|-heal|p1a: Sandaconda|112/258|[from] item: Leftovers\n|upkeep\n|turn|11\n|\n|t:|1781456168\n|move|p2a: Excadrill|Iron Head|p1a: Sandaconda\n|-crit|p1a: Sandaconda\n|-damage|p1a: Sandaconda|0 fnt\n|faint|p1a: Sandaconda\n|\n|-heal|p2a: Excadrill|158/303|[from] item: Leftovers\n|upkeep\n|\n|t:|1781456190\n|switch|p1a: Alcremie|Alcremie-Matcha-Cream, L90, F|263/263\n|turn|12\n|\n|t:|1781456195\n|-terastallize|p1a: Alcremie|Steel\n|move|p2a: Excadrill|Earthquake|p1a: Alcremie\n|-supereffective|p1a: Alcremie\n|-damage|p1a: Alcremie|0 fnt\n|faint|p1a: Alcremie\n|\n|-heal|p2a: Excadrill|176/303|[from] item: Leftovers\n|upkeep\n|-message|fick runk forfeited.\n|\n|win|smasher04\n", "inputlog": ">version a8376a258c1d4662feba110a92103f3664a72141\n>start {\"formatid\":\"gen9randombattle\",\"seed\":\"sodium,13557612ad27fc78b19dd6498cd98851\",\"rated\":\"Rated battle\"}\n>player p1 {\"name\":\"fick runk\",\"avatar\":\"parasollady\",\"rating\":2014,\"seed\":\"sodium,235910ea66fd966e7a330bec6dbaa352\"}\n>player p2 {\"name\":\"smasher04\",\"avatar\":\"twins-gen4\",\"rating\":2070,\"seed\":\"sodium,eb7f8a332721f9f29d26ac595f37a7d1\"}\n>p1 switch 5\n>p2 move sludgebomb\n>p1 move stoneedge\n>p2 move encore\n>p1 switch 3\n>p2 move knockoff\n>p1 move willowisp\n>p2 move sludgebomb\n>p1 move voltswitch\n>p2 move sludgebomb\n>p1 switch 3\n>p1 move earthquake\n>p2 move knockoff\n>p2 switch 6\n>p1 switch 5\n>p2 move flareblitz\n>p1 switch 5\n>p2 switch 4\n>p1 move earthquake\n>p2 move swordsdance terastallize\n>p1 move stoneedge\n>p2 move rapidspin\n>p1 move earthquake\n>p2 move ironhead\n>p1 switch 4\n>p1 move alluringvoice terastallize\n>p2 move earthquake\n>forcelose p1", "uploadtime": 1781456064, "views": 5, "formatid": "gen9randombattle", "rating": null, "private": 0, "password": null}