{"id": "gen9randombattle-2631393214", "format": "[Gen 9] Random Battle", "players": ["ViPa", "cococem"], "log": "|badge|p1|bronze|gen9randombattle|100-9\n|uhtml|medal-msg|<div class=\"broadcast-blue\">Curious what those medals under the avatar are? PS now has Ladder Seasons! For more information, check out the <a href=\"https://www.smogon.com/forums/threads/3740067/\">thread on Smogon.</a></div>\n|j|\u2606ViPa\n|j|\u2606cococem\n|t:|1781379319\n|gametype|singles\n|player|p1|ViPa|guitarist|2235\n|player|p2|cococem|baker|2155\n|gen|9\n|tier|[Gen 9] Random Battle\n|rated|\n|rule|Species Clause: Limit one of each Pok\u00e9mon\n|rule|HP Percentage Mod: HP is shown in percentages\n|rule|Sleep Clause Mod: Limit one foe put to sleep\n|rule|Illusion Level Mod: Illusion disguises the Pok\u00e9mon's true level\n|\n|t:|1781379319\n|teamsize|p1|6\n|teamsize|p2|6\n|start\n|switch|p1a: Staraptor|Staraptor, L79, F|263/263\n|switch|p2a: Deoxys|Deoxys-Attack, L72|191/191\n|-ability|p2a: Deoxys|Pressure\n|turn|1\n|\n|t:|1781379329\n|switch|p1a: Kingambit|Kingambit, L74, F|270/270\n|move|p2a: Deoxys|Ice Beam|p1a: Kingambit\n|-resisted|p1a: Kingambit\n|-damage|p1a: Kingambit|212/270\n|-damage|p2a: Deoxys|172/191|[from] item: Life Orb\n|\n|-heal|p1a: Kingambit|228/270|[from] item: Leftovers\n|upkeep\n|turn|2\n|\n|t:|1781379334\n|switch|p2a: Ariados|Ariados, L95, F|287/287\n|move|p1a: Kingambit|Sucker Punch||[still]\n|-fail|p1a: Kingambit\n|\n|-heal|p1a: Kingambit|244/270|[from] item: Leftovers\n|upkeep\n|turn|3\n|\n|t:|1781379343\n|-end|p1a: Kingambit|fallenundefined|[silent]\n|switch|p1a: Staraptor|Staraptor, L79, F|263/263\n|move|p2a: Ariados|Sticky Web|p1a: Staraptor\n|-sidestart|p1: ViPa|move: Sticky Web\n|\n|upkeep\n|turn|4\n|\n|t:|1781379349\n|move|p2a: Ariados|Sucker Punch|p1a: Staraptor\n|-damage|p1a: Staraptor|183/263\n|move|p1a: Staraptor|Brave Bird|p2a: Ariados\n|-supereffective|p2a: Ariados\n|-damage|p2a: Ariados|0 fnt\n|faint|p2a: Ariados\n|-damage|p1a: Staraptor|88/263|[from] Recoil\n|\n|upkeep\n|\n|t:|1781379351\n|switch|p2a: Thundurus|Thundurus, L80, M|258/258\n|turn|5\n|\n|t:|1781379368\n|switch|p1a: Zacian|Zacian, L69|241/241\n|-activate|p1a: Zacian|move: Sticky Web\n|-unboost|p1a: Zacian|spe|1\n|-ability|p1a: Zacian|Intrepid Sword|boost\n|-boost|p1a: Zacian|atk|1\n|move|p2a: Thundurus|Thunderbolt|p1a: Zacian\n|-damage|p1a: Zacian|87/241\n|\n|upkeep\n|turn|6\n|\n|t:|1781379375\n|move|p2a: Thundurus|Thunderbolt|p1a: Zacian\n|-damage|p1a: Zacian|0 fnt\n|faint|p1a: Zacian\n|\n|upkeep\n|\n|t:|1781379382\n|switch|p1a: Wigglytuff|Wigglytuff, L96, M|424/424\n|-activate|p1a: Wigglytuff|move: Sticky Web\n|-unboost|p1a: Wigglytuff|spe|1\n|-ability|p1a: Wigglytuff|Competitive|boost\n|-boost|p1a: Wigglytuff|spa|2\n|turn|7\n|inactive|Battle timer is ON: inactive players will automatically lose when time's up. (requested by cococem)\n|\n|t:|1781379391\n|switch|p2a: Clodsire|Clodsire, L81, M|343/343\n|move|p1a: Wigglytuff|Knock Off|p2a: Clodsire\n|-damage|p2a: Clodsire|244/343\n|-enditem|p2a: Clodsire|Leftovers|[from] move: Knock Off|[of] p1a: Wigglytuff\n|\n|upkeep\n|turn|8\n|\n|t:|1781379399\n|switch|p1a: Staraptor|Staraptor, L79, F|88/263\n|move|p2a: Clodsire|Stealth Rock|p1a: Staraptor\n|-sidestart|p1: ViPa|move: Stealth Rock\n|\n|upkeep\n|turn|9\n|\n|t:|1781379411\n|switch|p2a: Thundurus|Thundurus, L80, M|258/258\n|move|p1a: Staraptor|Double-Edge|p2a: Thundurus\n|-damage|p2a: Thundurus|0 fnt\n|faint|p2a: Thundurus\n|-damage|p1a: Staraptor|3/263|[from] Recoil\n|\n|upkeep\n|\n|t:|1781379413\n|switch|p2a: Meowscarada|Meowscarada, L78, M|247/247\n|turn|10\n|\n|t:|1781379417\n|move|p2a: Meowscarada|Knock Off|p1a: Staraptor\n|-start|p2a: Meowscarada|typechange|Dark|[from] ability: Protean\n|-damage|p1a: Staraptor|0 fnt\n|-enditem|p1a: Staraptor|Choice Band|[from] move: Knock Off|[of] p2a: Meowscarada\n|faint|p1a: Staraptor\n|\n|upkeep\n|\n|t:|1781379420\n|switch|p1a: Wigglytuff|Wigglytuff, L96, M|424/424\n|-activate|p1a: Wigglytuff|move: Sticky Web\n|-unboost|p1a: Wigglytuff|spe|1\n|-ability|p1a: Wigglytuff|Competitive|boost\n|-boost|p1a: Wigglytuff|spa|2\n|-damage|p1a: Wigglytuff|371/424|[from] Stealth Rock\n|turn|11\n|\n|t:|1781379435\n|move|p2a: Meowscarada|U-turn|p1a: Wigglytuff\n|-resisted|p1a: Wigglytuff\n|-damage|p1a: Wigglytuff|340/424\n|\n|t:|1781379436\n|switch|p2a: Clodsire|Clodsire, L81, M|244/343|[from] U-turn\n|move|p1a: Wigglytuff|Dazzling Gleam|p2a: Clodsire\n|-resisted|p2a: Clodsire\n|-damage|p2a: Clodsire|157/343\n|\n|-heal|p1a: Wigglytuff|366/424|[from] item: Leftovers\n|upkeep\n|turn|12\n|\n|t:|1781379452\n|move|p1a: Wigglytuff|Fire Blast|p2a: Clodsire\n|-damage|p2a: Clodsire|0 fnt\n|faint|p2a: Clodsire\n|\n|-heal|p1a: Wigglytuff|392/424|[from] item: Leftovers\n|upkeep\n|\n|t:|1781379475\n|switch|p2a: Kyogre|Kyogre, L71|259/259\n|-weather|RainDance|[from] ability: Drizzle|[of] p2a: Kyogre\n|turn|13\n|\n|t:|1781379491\n|-terastallize|p2a: Kyogre|Electric\n|move|p2a: Kyogre|Calm Mind|p2a: Kyogre\n|-boost|p2a: Kyogre|spa|1\n|-boost|p2a: Kyogre|spd|1\n|move|p1a: Wigglytuff|Dazzling Gleam|p2a: Kyogre\n|-damage|p2a: Kyogre|148/259\n|\n|-weather|RainDance|[upkeep]\n|-heal|p2a: Kyogre|164/259|[from] item: Leftovers\n|-heal|p1a: Wigglytuff|418/424|[from] item: Leftovers\n|upkeep\n|turn|14\n|\n|t:|1781379503\n|move|p2a: Kyogre|Calm Mind|p2a: Kyogre\n|-boost|p2a: Kyogre|spa|1\n|-boost|p2a: Kyogre|spd|1\n|move|p1a: Wigglytuff|Knock Off|p2a: Kyogre\n|-damage|p2a: Kyogre|88/259\n|-enditem|p2a: Kyogre|Leftovers|[from] move: Knock Off|[of] p1a: Wigglytuff\n|\n|-weather|RainDance|[upkeep]\n|-heal|p1a: Wigglytuff|424/424|[from] item: Leftovers\n|upkeep\n|turn|15\n|\n|t:|1781379511\n|move|p2a: Kyogre|Origin Pulse|p1a: Wigglytuff|[miss]\n|-miss|p2a: Kyogre|p1a: Wigglytuff\n|move|p1a: Wigglytuff|Dazzling Gleam|p2a: Kyogre\n|-damage|p2a: Kyogre|1/259\n|\n|-weather|RainDance|[upkeep]\n|upkeep\n|turn|16\n|\n|t:|1781379514\n|move|p2a: Kyogre|Origin Pulse|p1a: Wigglytuff|[miss]\n|-miss|p2a: Kyogre|p1a: Wigglytuff\n|move|p1a: Wigglytuff|Dazzling Gleam|p2a: Kyogre\n|-damage|p2a: Kyogre|0 fnt\n|faint|p2a: Kyogre\n|\n|-weather|RainDance|[upkeep]\n|upkeep\n|-message|cococem forfeited.\n|\n|win|ViPa\n", "inputlog": ">version a8376a258c1d4662feba110a92103f3664a72141\n>start {\"formatid\":\"gen9randombattle\",\"seed\":\"sodium,7e8a00f1ed183bf6c29b932fd5d91a65\",\"rated\":\"Rated battle\"}\n>player p1 {\"name\":\"ViPa\",\"avatar\":\"guitarist\",\"rating\":2235,\"seed\":\"sodium,749b5983bcdcc5326fd6ccb964f41d02\"}\n>player p2 {\"name\":\"cococem\",\"avatar\":\"baker\",\"rating\":2155,\"seed\":\"sodium,7b34e541f4eb7c7e3f43563f7aac13ae\"}\n>p1 switch 2\n>p2 move icebeam\n>p1 move suckerpunch\n>p2 switch 6\n>p1 switch 2\n>p2 move stickyweb\n>p1 move bravebird\n>p2 move suckerpunch\n>p2 switch 2\n>p1 switch 5\n>p2 move thunderbolt\n>p1 move playrough\n>p2 move thunderbolt\n>p1 switch 3\n>p1 move knockoff\n>p2 switch 4\n>p1 switch 5\n>p2 move stealthrock\n>p1 move doubleedge\n>p2 switch 4\n>p2 switch 5\n>p1 move doubleedge\n>p2 move knockoff\n>p1 switch 5\n>p1 move dazzlinggleam\n>p2 move uturn\n>p2 switch 4\n>p1 move fireblast\n>p2 move poisonjab\n>p2 switch 3\n>p1 move dazzlinggleam\n>p2 move calmmind terastallize\n>p1 move knockoff\n>p2 move calmmind\n>p1 move dazzlinggleam\n>p2 move originpulse\n>p1 move dazzlinggleam\n>p2 move originpulse\n>forcelose p2", "uploadtime": 1781379321, "views": 8, "formatid": "gen9randombattle", "rating": null, "private": 0, "password": null}