{"id": "gen9randombattle-2631968907", "format": "[Gen 9] Random Battle", "players": ["JustHaxRelax", "cansermaro8"], "log": "|j|\u2606JustHaxRelax\n|j|\u2606cansermaro8\n|t:|1781461063\n|gametype|singles\n|player|p1|JustHaxRelax|169|2242\n|player|p2|cansermaro8|266|2155\n|gen|9\n|tier|[Gen 9] Random Battle\n|rated|\n|rule|Species Clause: Limit one of each Pok\u00e9mon\n|rule|HP Percentage Mod: HP is shown in percentages\n|rule|Sleep Clause Mod: Limit one foe put to sleep\n|rule|Illusion Level Mod: Illusion disguises the Pok\u00e9mon's true level\n|\n|t:|1781461063\n|teamsize|p1|6\n|teamsize|p2|6\n|start\n|switch|p1a: Politoed|Politoed, L88, M|302/302\n|switch|p2a: Alcremie|Alcremie, L90, F|263/263\n|-weather|RainDance|[from] ability: Drizzle|[of] p1a: Politoed\n|turn|1\n|inactive|Battle timer is ON: inactive players will automatically lose when time's up. (requested by cansermaro8)\n|\n|t:|1781461099\n|switch|p1a: Iron Thorns|Iron Thorns, L83|302/302\n|-enditem|p1a: Iron Thorns|Booster Energy\n|-activate|p1a: Iron Thorns|ability: Quark Drive|[fromitem]\n|-start|p1a: Iron Thorns|quarkdriveatk\n|move|p2a: Alcremie|Calm Mind|p2a: Alcremie\n|-boost|p2a: Alcremie|spa|1\n|-boost|p2a: Alcremie|spd|1\n|\n|-weather|RainDance|[upkeep]\n|upkeep\n|turn|2\n|\n|t:|1781461108\n|move|p1a: Iron Thorns|Dragon Dance|p1a: Iron Thorns\n|-boost|p1a: Iron Thorns|atk|1\n|-boost|p1a: Iron Thorns|spe|1\n|move|p2a: Alcremie|Alluring Voice|p1a: Iron Thorns\n|-damage|p1a: Iron Thorns|125/302\n|-start|p1a: Iron Thorns|confusion\n|\n|-weather|RainDance|[upkeep]\n|upkeep\n|turn|3\n|\n|t:|1781461117\n|-activate|p1a: Iron Thorns|confusion\n|-damage|p1a: Iron Thorns|82/302|[from] confusion\n|move|p2a: Alcremie|Alluring Voice|p1a: Iron Thorns\n|-damage|p1a: Iron Thorns|0 fnt\n|faint|p1a: Iron Thorns\n|-end|p1a: Iron Thorns|Quark Drive|[silent]\n|\n|-weather|RainDance|[upkeep]\n|upkeep\n|\n|t:|1781461121\n|switch|p1a: Smeargle|Smeargle, L95, M|258/258\n|turn|4\n|\n|t:|1781461130\n|move|p1a: Smeargle|Spore|p2a: Alcremie\n|-status|p2a: Alcremie|slp|[from] move: Spore\n|cant|p2a: Alcremie|slp\n|\n|-weather|RainDance|[upkeep]\n|upkeep\n|turn|5\n|\n|t:|1781461134\n|move|p1a: Smeargle|Sticky Web|p2a: Alcremie\n|-sidestart|p2: cansermaro8|move: Sticky Web\n|-curestatus|p2a: Alcremie|slp|[msg]\n|move|p2a: Alcremie|Alluring Voice|p1a: Smeargle\n|-damage|p1a: Smeargle|26/258\n|\n|-weather|none\n|upkeep\n|turn|6\n|\n|t:|1781461137\n|move|p1a: Smeargle|Spore|p2a: Alcremie\n|-status|p2a: Alcremie|slp|[from] move: Spore\n|cant|p2a: Alcremie|slp\n|\n|upkeep\n|turn|7\n|\n|t:|1781461140\n|cant|p2a: Alcremie|slp\n|move|p1a: Smeargle|Whirlwind|p2a: Alcremie\n|drag|p2a: Tornadus|Tornadus-Therian, L79, M|254/254\n|\n|upkeep\n|turn|8\n|\n|t:|1781461152\n|move|p2a: Tornadus|Knock Off|p1a: Smeargle\n|-damage|p1a: Smeargle|0 fnt\n|-enditem|p1a: Smeargle|Focus Sash|[from] move: Knock Off|[of] p2a: Tornadus\n|faint|p1a: Smeargle\n|\n|upkeep\n|\n|t:|1781461174\n|switch|p1a: Politoed|Politoed, L88, M|302/302\n|-weather|RainDance|[from] ability: Drizzle|[of] p1a: Politoed\n|turn|9\n|\n|t:|1781461179\n|move|p2a: Tornadus|Knock Off|p1a: Politoed\n|-crit|p1a: Politoed\n|-damage|p1a: Politoed|210/302\n|-enditem|p1a: Politoed|Chesto Berry|[from] move: Knock Off|[of] p2a: Tornadus\n|move|p1a: Politoed|Surf|p2a: Tornadus\n|-damage|p2a: Tornadus|154/254\n|\n|-weather|RainDance|[upkeep]\n|upkeep\n|turn|10\n|\n|t:|1781461187\n|move|p2a: Tornadus|U-turn|p1a: Politoed\n|-damage|p1a: Politoed|160/302\n|\n|t:|1781461192\n|switch|p2a: Victreebel|Victreebel, L90, F|290/290|[from] U-turn\n|-activate|p2a: Victreebel|move: Sticky Web\n|-unboost|p2a: Victreebel|spe|1\n|move|p1a: Politoed|Surf|p2a: Victreebel\n|-resisted|p2a: Victreebel\n|-damage|p2a: Victreebel|205/290\n|\n|-weather|RainDance|[upkeep]\n|upkeep\n|turn|11\n|\n|t:|1781461203\n|move|p1a: Politoed|Ice Beam|p2a: Victreebel\n|-supereffective|p2a: Victreebel\n|-damage|p2a: Victreebel|53/290\n|move|p2a: Victreebel|Sludge Wave|p1a: Politoed\n|-damage|p1a: Politoed|18/302\n|-damage|p2a: Victreebel|24/290|[from] item: Life Orb\n|\n|-weather|RainDance|[upkeep]\n|upkeep\n|turn|12\n|\n|t:|1781461212\n|move|p1a: Politoed|Ice Beam|p2a: Victreebel\n|-supereffective|p2a: Victreebel\n|-damage|p2a: Victreebel|0 fnt\n|faint|p2a: Victreebel\n|\n|-weather|RainDance|[upkeep]\n|upkeep\n|\n|t:|1781461215\n|switch|p2a: Tornadus|Tornadus-Therian, L79, M|238/254\n|turn|13\n|\n|t:|1781461221\n|move|p2a: Tornadus|Knock Off|p1a: Politoed\n|-damage|p1a: Politoed|0 fnt\n|faint|p1a: Politoed\n|\n|-weather|none\n|upkeep\n|\n|t:|1781461228\n|switch|p1a: Phione|Phione, L91|293/293\n|turn|14\n|\n|t:|1781461244\n|move|p2a: Tornadus|U-turn|p1a: Phione\n|-damage|p1a: Phione|252/293\n|\n|t:|1781461247\n|switch|p2a: Alcremie|Alcremie, L90, F|263/263 slp|[from] U-turn\n|-activate|p2a: Alcremie|move: Sticky Web\n|-unboost|p2a: Alcremie|spe|1\n|move|p1a: Phione|Take Heart|p1a: Phione\n|-boost|p1a: Phione|spa|1\n|-boost|p1a: Phione|spd|1\n|\n|-heal|p1a: Phione|270/293|[from] item: Leftovers\n|upkeep\n|turn|15\n|inactive|JustHaxRelax has 120 seconds left.\n|\n|t:|1781461283\n|move|p1a: Phione|Take Heart|p1a: Phione\n|-boost|p1a: Phione|spa|1\n|-boost|p1a: Phione|spd|1\n|cant|p2a: Alcremie|slp\n|\n|-heal|p1a: Phione|288/293|[from] item: Leftovers\n|upkeep\n|turn|16\n|inactive|JustHaxRelax has 120 seconds left.\n|\n|t:|1781461295\n|move|p1a: Phione|Take Heart|p1a: Phione\n|-boost|p1a: Phione|spa|1\n|-boost|p1a: Phione|spd|1\n|-curestatus|p2a: Alcremie|slp|[msg]\n|move|p2a: Alcremie|Calm Mind|p2a: Alcremie\n|-boost|p2a: Alcremie|spa|1\n|-boost|p2a: Alcremie|spd|1\n|\n|-heal|p1a: Phione|293/293|[from] item: Leftovers\n|upkeep\n|turn|17\n|inactive|JustHaxRelax has 120 seconds left.\n|\n|t:|1781461308\n|move|p1a: Phione|Take Heart|p1a: Phione\n|-boost|p1a: Phione|spa|1\n|-boost|p1a: Phione|spd|1\n|move|p2a: Alcremie|Calm Mind|p2a: Alcremie\n|-boost|p2a: Alcremie|spa|1\n|-boost|p2a: Alcremie|spd|1\n|\n|upkeep\n|turn|18\n|inactive|cansermaro8 has 120 seconds left.\n|\n|t:|1781461346\n|move|p1a: Phione|Take Heart|p1a: Phione\n|-boost|p1a: Phione|spa|1\n|-boost|p1a: Phione|spd|1\n|move|p2a: Alcremie|Alluring Voice|p1a: Phione\n|-damage|p1a: Phione|236/293\n|-start|p1a: Phione|confusion\n|\n|-heal|p1a: Phione|254/293|[from] item: Leftovers\n|upkeep\n|turn|19\n|\n|t:|1781461354\n|-activate|p1a: Phione|confusion\n|-damage|p1a: Phione|233/293|[from] confusion\n|move|p2a: Alcremie|Calm Mind|p2a: Alcremie\n|-boost|p2a: Alcremie|spa|1\n|-boost|p2a: Alcremie|spd|1\n|\n|-heal|p1a: Phione|251/293|[from] item: Leftovers\n|upkeep\n|turn|20\n|inactive|cansermaro8 has 120 seconds left.\n|\n|t:|1781461376\n|-activate|p1a: Phione|confusion\n|-damage|p1a: Phione|227/293|[from] confusion\n|move|p2a: Alcremie|Calm Mind|p2a: Alcremie\n|-boost|p2a: Alcremie|spa|1\n|-boost|p2a: Alcremie|spd|1\n|\n|-heal|p1a: Phione|245/293|[from] item: Leftovers\n|upkeep\n|turn|21\n|inactive|cansermaro8 has 120 seconds left.\n|\n|t:|1781461386\n|-end|p1a: Phione|confusion\n|move|p1a: Phione|Take Heart|p1a: Phione\n|-boost|p1a: Phione|spa|1\n|-boost|p1a: Phione|spd|1\n|move|p2a: Alcremie|Psyshock|p1a: Phione\n|-damage|p1a: Phione|20/293\n|\n|-heal|p1a: Phione|38/293|[from] item: Leftovers\n|upkeep\n|turn|22\n|\n|t:|1781461396\n|move|p1a: Phione|Ice Beam|p2a: Alcremie\n|-damage|p2a: Alcremie|205/263\n|-status|p2a: Alcremie|frz\n|-curestatus|p2a: Alcremie|frz|[msg]\n|move|p2a: Alcremie|Psyshock|p1a: Phione\n|-damage|p1a: Phione|0 fnt\n|faint|p1a: Phione\n|\n|-heal|p2a: Alcremie|221/263|[from] item: Leftovers\n|upkeep\n|-message|JustHaxRelax forfeited.\n|\n|win|cansermaro8\n", "inputlog": ">version a8376a258c1d4662feba110a92103f3664a72141\n>start {\"formatid\":\"gen9randombattle\",\"seed\":\"sodium,3d9363f99fd3401650de8b734824b18f\",\"rated\":\"Rated battle\"}\n>player p1 {\"name\":\"JustHaxRelax\",\"avatar\":\"169\",\"rating\":2242,\"seed\":\"sodium,2a43c275a107e1b8d7d609e63e612549\"}\n>player p2 {\"name\":\"cansermaro8\",\"avatar\":\"266\",\"rating\":2155,\"seed\":\"sodium,9411b445a3e4c300d2a0668927235ffa\"}\n>p1 switch 2\n>p2 move calmmind\n>p1 move dragondance\n>p2 move alluringvoice\n>p1 move stoneedge\n>p2 move alluringvoice\n>p1 switch 6\n>p1 move spore\n>p2 move alluringvoice\n>p1 move stickyweb\n>p2 move alluringvoice\n>p1 move spore\n>p2 move alluringvoice\n>p1 move whirlwind\n>p2 move alluringvoice\n>p1 move ceaselessedge\n>p2 move knockoff\n>p1 switch 2\n>p1 move surf\n>p2 move knockoff\n>p1 move surf\n>p2 move uturn\n>p2 switch 6\n>p1 move icebeam\n>p2 move sludgewave\n>p1 move icebeam\n>p2 move strengthsap\n>p2 switch 6\n>p1 move icebeam\n>p2 move knockoff\n>p1 switch 4\n>p1 move takeheart\n>p2 move uturn\n>p2 switch 4\n>p1 move takeheart\n>p2 move calmmind\n>p1 move takeheart\n>p2 move calmmind\n>p1 move takeheart\n>p2 move calmmind\n>p1 move takeheart\n>p2 move alluringvoice\n>p1 move takeheart\n>p2 move calmmind\n>p1 move takeheart\n>p2 move calmmind\n>p1 move takeheart\n>p2 move psyshock\n>p1 move icebeam\n>p2 move psyshock\n>forcelose p1", "uploadtime": 1781461065, "views": 6, "formatid": "gen9randombattle", "rating": null, "private": 0, "password": null}