{"id": "gen9randombattle-2631433801", "format": "[Gen 9] Random Battle", "players": ["NickPlayeZ", "nooks n grannies"], "log": "|j|\u2606NickPlayeZ\n|j|\u2606nooks n grannies\n|t:|1781384132\n|gametype|singles\n|player|p1|NickPlayeZ|emmet|2134\n|player|p2|nooks n grannies|madame|2270\n|gen|9\n|tier|[Gen 9] Random Battle\n|rated|\n|rule|Species Clause: Limit one of each Pok\u00e9mon\n|rule|HP Percentage Mod: HP is shown in percentages\n|rule|Sleep Clause Mod: Limit one foe put to sleep\n|rule|Illusion Level Mod: Illusion disguises the Pok\u00e9mon's true level\n|\n|t:|1781384132\n|teamsize|p1|6\n|teamsize|p2|6\n|start\n|switch|p1a: Reuniclus|Reuniclus, L88, M|337/337\n|switch|p2a: Salazzle|Salazzle, L83, F|249/249\n|turn|1\n|inactive|Battle timer is ON: inactive players will automatically lose when time's up. (requested by nooks n grannies)\n|inactive|NickPlayeZ also wants the timer to be on.\n|inactive|nooks n grannies has 120 seconds left.\n|\n|t:|1781384187\n|switch|p2a: Uxie|Uxie, L83|260/260\n|move|p1a: Reuniclus|Psychic|p2a: Uxie\n|-resisted|p2a: Uxie\n|-damage|p2a: Uxie|192/260\n|\n|-heal|p2a: Uxie|208/260|[from] item: Leftovers\n|upkeep\n|turn|2\n|\n|t:|1781384208\n|switch|p1a: Iron Jugulis|Iron Jugulis, L77|271/271\n|move|p2a: Uxie|Knock Off|p1a: Iron Jugulis\n|-resisted|p1a: Iron Jugulis\n|-crit|p1a: Iron Jugulis\n|-damage|p1a: Iron Jugulis|228/271\n|-enditem|p1a: Iron Jugulis|Choice Specs|[from] move: Knock Off|[of] p2a: Uxie\n|\n|-heal|p2a: Uxie|224/260|[from] item: Leftovers\n|upkeep\n|turn|3\n|\n|t:|1781384227\n|switch|p2a: Ting-Lu|Ting-Lu, L78|370/370\n|-ability|p2a: Ting-Lu|Vessel of Ruin\n|move|p1a: Iron Jugulis|Dark Pulse|p2a: Ting-Lu\n|-resisted|p2a: Ting-Lu\n|-damage|p2a: Ting-Lu|331/370\n|\n|-heal|p2a: Ting-Lu|354/370|[from] item: Leftovers\n|upkeep\n|turn|4\n|\n|t:|1781384234\n|move|p1a: Iron Jugulis|U-turn|p2a: Ting-Lu\n|-supereffective|p2a: Ting-Lu\n|-damage|p2a: Ting-Lu|298/370\n|\n|t:|1781384239\n|-end|p1a: Iron Jugulis|Quark Drive|[silent]\n|switch|p1a: Hatterene|Hatterene, L85, F|236/236|[from] U-turn\n|move|p2a: Ting-Lu|Spikes|p1a: Hatterene\n|move|p1a: Hatterene|Spikes|p2a: Ting-Lu|[from] ability: Magic Bounce\n|-sidestart|p2: nooks n grannies|Spikes\n|\n|-heal|p2a: Ting-Lu|321/370|[from] item: Leftovers\n|upkeep\n|turn|5\n|\n|t:|1781384246\n|move|p2a: Ting-Lu|Heavy Slam|p1a: Hatterene\n|-supereffective|p1a: Hatterene\n|-damage|p1a: Hatterene|86/236\n|move|p1a: Hatterene|Calm Mind|p1a: Hatterene\n|-boost|p1a: Hatterene|spa|1\n|-boost|p1a: Hatterene|spd|1\n|\n|-heal|p2a: Ting-Lu|344/370|[from] item: Leftovers\n|-heal|p1a: Hatterene|100/236|[from] item: Leftovers\n|upkeep\n|turn|6\n|\n|t:|1781384258\n|move|p2a: Ting-Lu|Heavy Slam|p1a: Hatterene\n|-supereffective|p1a: Hatterene\n|-crit|p1a: Hatterene\n|-damage|p1a: Hatterene|0 fnt\n|faint|p1a: Hatterene\n|\n|-heal|p2a: Ting-Lu|367/370|[from] item: Leftovers\n|upkeep\n|\n|t:|1781384260\n|switch|p1a: Mamoswine|Mamoswine, L81, M|311/311\n|turn|7\n|\n|t:|1781384276\n|switch|p2a: Dondozo|Dondozo, L78, M|362/362\n|-damage|p2a: Dondozo|317/362|[from] Spikes\n|move|p1a: Mamoswine|Icicle Crash|p2a: Dondozo\n|-resisted|p2a: Dondozo\n|-damage|p2a: Dondozo|242/362\n|\n|-heal|p2a: Dondozo|264/362|[from] item: Leftovers\n|upkeep\n|turn|8\n|\n|t:|1781384298\n|switch|p1a: Iron Jugulis|Iron Jugulis, L77|228/271\n|move|p2a: Dondozo|Wave Crash|p1a: Iron Jugulis\n|-damage|p1a: Iron Jugulis|93/271\n|-damage|p2a: Dondozo|219/362|[from] Recoil\n|\n|-heal|p2a: Dondozo|241/362|[from] item: Leftovers\n|upkeep\n|turn|9\n|inactive|nooks n grannies has 120 seconds left.\n|\n|t:|1781384333\n|move|p1a: Iron Jugulis|U-turn|p2a: Dondozo\n|-damage|p2a: Dondozo|208/362\n|\n|t:|1781384347\n|-end|p1a: Iron Jugulis|Quark Drive|[silent]\n|switch|p1a: Reuniclus|Reuniclus, L88, M|337/337|[from] U-turn\n|move|p2a: Dondozo|Wave Crash|p1a: Reuniclus\n|-damage|p1a: Reuniclus|208/337\n|-damage|p2a: Dondozo|165/362|[from] Recoil\n|\n|-heal|p2a: Dondozo|187/362|[from] item: Leftovers\n|upkeep\n|turn|10\n|\n|t:|1781384356\n|switch|p1a: Mamoswine|Mamoswine, L81, M|311/311\n|switch|p2a: Scyther|Scyther, L82, F|249/249\n|\n|upkeep\n|turn|11\n|\n|t:|1781384371\n|switch|p2a: Forretress|Forretress, L84, F|263/263\n|-damage|p2a: Forretress|231/263|[from] Spikes\n|move|p1a: Mamoswine|Icicle Crash|p2a: Forretress\n|-resisted|p2a: Forretress\n|-damage|p2a: Forretress|177/263\n|\n|-heal|p2a: Forretress|193/263|[from] item: Leftovers\n|upkeep\n|turn|12\n|c|\u2606NickPlayeZ|bg\n|-message|NickPlayeZ forfeited.\n|\n|win|nooks n grannies\n", "uploadtime": 1781384134, "views": 9, "formatid": "gen9randombattle", "rating": null, "private": 0, "password": null}