{"id": "gen9randombattle-2631626617", "format": "[Gen 9] Random Battle", "players": ["Erikharbin", "Sip of Sabrina"], "log": "|j|\u2606Erikharbin\n|j|\u2606Sip of Sabrina\n|t:|1781410993\n|gametype|singles\n|player|p1|Erikharbin|169|1413\n|player|p2|Sip of Sabrina|acetrainer-gen4dp|1452\n|gen|9\n|tier|[Gen 9] Random Battle\n|rated|\n|rule|Species Clause: Limit one of each Pok\u00e9mon\n|rule|HP Percentage Mod: HP is shown in percentages\n|rule|Sleep Clause Mod: Limit one foe put to sleep\n|rule|Illusion Level Mod: Illusion disguises the Pok\u00e9mon's true level\n|\n|t:|1781410993\n|teamsize|p1|6\n|teamsize|p2|6\n|start\n|switch|p1a: Hoopa|Hoopa, L85|275/275\n|switch|p2a: Hariyama|Hariyama, L87, M|392/392\n|turn|1\n|inactive|Battle timer is ON: inactive players will automatically lose when time's up. (requested by Sip of Sabrina)\n|\n|t:|1781411036\n|move|p1a: Hoopa|Psyshock|p2a: Hariyama\n|-supereffective|p2a: Hariyama\n|-damage|p2a: Hariyama|74/392\n|move|p2a: Hariyama|Knock Off|p1a: Hoopa\n|-supereffective|p1a: Hoopa\n|-damage|p1a: Hoopa|0 fnt\n|-enditem|p1a: Hoopa|Choice Scarf|[from] move: Knock Off|[of] p2a: Hariyama\n|faint|p1a: Hoopa\n|\n|upkeep\n|\n|t:|1781411058\n|switch|p1a: Swampert|Swampert, L83, F|302/302\n|turn|2\n|\n|t:|1781411072\n|move|p1a: Swampert|Earthquake|p2a: Hariyama\n|-damage|p2a: Hariyama|0 fnt\n|faint|p2a: Hariyama\n|\n|upkeep\n|inactive|Sip of Sabrina has 120 seconds left.\n|\n|t:|1781411097\n|switch|p2a: Polteageist|Polteageist, L78|222/222\n|turn|3\n|inactive|Erikharbin has 120 seconds left.\n|\n|t:|1781411156\n|move|p2a: Polteageist|Shell Smash|p2a: Polteageist\n|-unboost|p2a: Polteageist|def|1\n|-unboost|p2a: Polteageist|spd|1\n|-boost|p2a: Polteageist|atk|2\n|-boost|p2a: Polteageist|spa|2\n|-boost|p2a: Polteageist|spe|2\n|-enditem|p2a: Polteageist|White Herb\n|-clearnegativeboost|p2a: Polteageist|[silent]\n|move|p1a: Swampert|Roar|p2a: Polteageist\n|drag|p2a: Regirock|Regirock, L83|268/268\n|\n|upkeep\n|turn|4\n|inactive|Sip of Sabrina has 120 seconds left.\n|\n|t:|1781411174\n|move|p1a: Swampert|Flip Turn|p2a: Regirock\n|-supereffective|p2a: Regirock\n|-damage|p2a: Regirock|190/268\n|inactive|Erikharbin has 90 seconds left.\n|\n|t:|1781411189\n|switch|p1a: Granbull|Granbull, L88, M|302/302|[from] Flip Turn\n|-ability|p1a: Granbull|Intimidate|boost\n|-fail|p2a: Regirock|unboost|[from] ability: Clear Body|[of] p2a: Regirock\n|move|p2a: Regirock|Iron Defense|p2a: Regirock\n|-boost|p2a: Regirock|def|2\n|\n|upkeep\n|turn|5\n|inactive|Erikharbin has 90 seconds left.\n|\n|t:|1781411201\n|move|p2a: Regirock|Body Press|p1a: Granbull\n|-resisted|p1a: Granbull\n|-damage|p1a: Granbull|198/302\n|move|p1a: Granbull|Encore|p2a: Regirock\n|-start|p2a: Regirock|Encore\n|\n|-heal|p1a: Granbull|216/302|[from] item: Leftovers\n|upkeep\n|turn|6\n|inactive|Erikharbin has 90 seconds left.\n|\n|t:|1781411213\n|move|p2a: Regirock|Body Press|p1a: Granbull\n|-resisted|p1a: Granbull\n|-damage|p1a: Granbull|107/302\n|move|p1a: Granbull|Thunder Wave|p2a: Regirock\n|-status|p2a: Regirock|par\n|\n|-heal|p1a: Granbull|125/302|[from] item: Leftovers\n|upkeep\n|turn|7\n|inactive|Erikharbin has 90 seconds left.\n|\n|t:|1781411229\n|move|p1a: Granbull|Earthquake|p2a: Regirock\n|-supereffective|p2a: Regirock\n|-damage|p2a: Regirock|138/268 par\n|move|p2a: Regirock|Body Press|p1a: Granbull\n|-resisted|p1a: Granbull\n|-crit|p1a: Granbull\n|-damage|p1a: Granbull|0 fnt\n|faint|p1a: Granbull\n|\n|upkeep\n|inactive|Erikharbin has 90 seconds left.\n|\n|t:|1781411240\n|switch|p1a: Luvdisc|Luvdisc, F|247/247\n|turn|8\n|inactive|Erikharbin has 90 seconds left.\n|\n|t:|1781411250\n|move|p1a: Luvdisc|Surf|p2a: Regirock\n|-supereffective|p2a: Regirock\n|-damage|p2a: Regirock|10/268 par\n|move|p2a: Regirock|Body Press|p1a: Luvdisc\n|-damage|p1a: Luvdisc|9/247\n|\n|-end|p2a: Regirock|Encore\n|upkeep\n|turn|9\n|\n|t:|1781411259\n|move|p1a: Luvdisc|Surf|p2a: Regirock\n|-supereffective|p2a: Regirock\n|-damage|p2a: Regirock|0 fnt\n|faint|p2a: Regirock\n|\n|upkeep\n|\n|t:|1781411264\n|switch|p2a: Houndoom|Houndoom, L87, F|272/272\n|turn|10\n|\n|t:|1781411276\n|switch|p1a: Swampert|Swampert, L83, F|302/302\n|move|p2a: Houndoom|Sucker Punch||[still]\n|-fail|p2a: Houndoom\n|\n|upkeep\n|turn|11\n|\n|t:|1781411290\n|switch|p2a: Magnezone|Magnezone, L85|258/258\n|move|p1a: Swampert|Earthquake|p2a: Magnezone\n|-supereffective|p2a: Magnezone\n|-damage|p2a: Magnezone|0 fnt\n|faint|p2a: Magnezone\n|\n|upkeep\n|\n|t:|1781411293\n|switch|p2a: Polteageist|Polteageist, L78|222/222\n|turn|12\n|\n|t:|1781411299\n|move|p2a: Polteageist|Strength Sap|p1a: Swampert\n|-unboost|p1a: Swampert|atk|1\n|move|p1a: Swampert|Knock Off|p2a: Polteageist\n|-supereffective|p2a: Polteageist\n|-damage|p2a: Polteageist|138/222\n|-start|p1a: Swampert|Disable|Knock Off|[from] ability: Cursed Body|[of] p2a: Polteageist\n|\n|upkeep\n|turn|13\n|inactive|Erikharbin has 120 seconds left.\n|\n|t:|1781411309\n|move|p2a: Polteageist|Strength Sap|p1a: Swampert\n|-unboost|p1a: Swampert|atk|1\n|-heal|p2a: Polteageist|222/222\n|move|p1a: Swampert|Roar|p2a: Polteageist\n|drag|p2a: Houndoom|Houndoom, L87, F|272/272\n|\n|upkeep\n|turn|14\n|inactive|Erikharbin has 120 seconds left.\n|\n|t:|1781411323\n|move|p2a: Houndoom|Dark Pulse|p1a: Swampert\n|-crit|p1a: Swampert\n|-damage|p1a: Swampert|154/302\n|move|p1a: Swampert|Flip Turn|p2a: Houndoom\n|-supereffective|p2a: Houndoom\n|-damage|p2a: Houndoom|180/272\n|inactive|Erikharbin has 120 seconds left.\n|\n|t:|1781411332\n|switch|p1a: Piloswine|Piloswine, L85, M|309/309|[from] Flip Turn\n|\n|upkeep\n|turn|15\n|\n|t:|1781411348\n|move|p2a: Houndoom|Fire Blast|p1a: Piloswine\n|-supereffective|p1a: Piloswine\n|-damage|p1a: Piloswine|195/309\n|move|p1a: Piloswine|Earthquake|p2a: Houndoom\n|-supereffective|p2a: Houndoom\n|-crit|p2a: Houndoom\n|-damage|p2a: Houndoom|0 fnt\n|faint|p2a: Houndoom\n|\n|upkeep\n|\n|t:|1781411356\n|switch|p2a: Polteageist|Polteageist, L78|222/222\n|turn|16\n|\n|t:|1781411360\n|move|p2a: Polteageist|Strength Sap|p1a: Piloswine\n|-unboost|p1a: Piloswine|atk|1\n|move|p1a: Piloswine|Roar|p2a: Polteageist\n|drag|p2a: Veluza|Veluza, L85, M|292/292\n|\n|upkeep\n|turn|17\n|\n|t:|1781411386\n|move|p2a: Veluza|Psycho Cut|p1a: Piloswine\n|-damage|p1a: Piloswine|113/309\n|move|p1a: Piloswine|Roar|p2a: Veluza\n|drag|p2a: Polteageist|Polteageist, L78|222/222\n|\n|upkeep\n|turn|18\n|\n|t:|1781411392\n|move|p2a: Polteageist|Shadow Ball|p1a: Piloswine\n|-damage|p1a: Piloswine|26/309\n|move|p1a: Piloswine|Icicle Crash|p2a: Polteageist\n|-damage|p2a: Polteageist|141/222\n|\n|upkeep\n|turn|19\n|\n|t:|1781411399\n|move|p1a: Piloswine|Ice Shard|p2a: Polteageist\n|-damage|p2a: Polteageist|104/222\n|move|p2a: Polteageist|Shell Smash|p2a: Polteageist\n|-unboost|p2a: Polteageist|def|1\n|-unboost|p2a: Polteageist|spd|1\n|-boost|p2a: Polteageist|atk|2\n|-boost|p2a: Polteageist|spa|2\n|-boost|p2a: Polteageist|spe|2\n|\n|upkeep\n|turn|20\n|inactive|Erikharbin has 120 seconds left.\n|\n|t:|1781411434\n|switch|p1a: Luvdisc|Luvdisc, F|9/247\n|move|p2a: Polteageist|Shadow Ball|p1a: Luvdisc\n|-damage|p1a: Luvdisc|0 fnt\n|faint|p1a: Luvdisc\n|\n|upkeep\n|\n|t:|1781411441\n|switch|p1a: Piloswine|Piloswine, L85, M|26/309\n|turn|21\n|\n|t:|1781411457\n|move|p1a: Piloswine|Ice Shard|p2a: Polteageist\n|-damage|p2a: Polteageist|8/222\n|move|p2a: Polteageist|Strength Sap|p1a: Piloswine\n|-unboost|p1a: Piloswine|atk|1\n|-heal|p2a: Polteageist|222/222\n|\n|upkeep\n|turn|22\n|-message|Erikharbin forfeited.\n|\n|win|Sip of Sabrina\n|raw|Erikharbin's rating: 1413 &rarr; <strong>1395</strong><br />(-18 for losing)\n|raw|Sip of Sabrina's rating: 1452 &rarr; <strong>1470</strong><br />(+18 for winning)\n|l|\u2606Erikharbin\n|player|p1|\n", "inputlog": ">version a8376a258c1d4662feba110a92103f3664a72141\n>start {\"formatid\":\"gen9randombattle\",\"seed\":\"sodium,91521ed3c61172ba1db37f5819afc6ee\",\"rated\":\"Rated battle\"}\n>player p1 {\"name\":\"Erikharbin\",\"avatar\":\"169\",\"rating\":1413,\"seed\":\"sodium,d55ef9626427b16c2b34bbb24b17e40e\"}\n>player p2 {\"name\":\"Sip of Sabrina\",\"avatar\":\"acetrainer-gen4dp\",\"rating\":1452,\"seed\":\"sodium,659f3abe2789e8df71278350093e4214\"}\n>p1 move psyshock\n>p2 move knockoff\n>p1 switch 2\n>p1 move earthquake\n>p2 move knockoff\n>p2 switch 2\n>p1 move roar\n>p2 move shellsmash\n>p1 move flipturn\n>p2 move irondefense\n>p1 switch 5\n>p1 move encore\n>p2 move bodypress\n>p1 move thunderwave\n>p2 move bodypress\n>p1 move earthquake\n>p2 move bodypress\n>p1 switch 6\n>p1 move surf\n>p2 move bodypress\n>p1 move surf\n>p2 move bodypress\n>p2 switch 4\n>p1 switch 5\n>p2 move suckerpunch\n>p1 move earthquake\n>p2 switch 3\n>p2 switch 5\n>p1 move knockoff\n>p2 move strengthsap\n>p1 move roar\n>p2 move strengthsap\n>p1 move flipturn\n>p2 move darkpulse\n>p1 switch 4\n>p1 move earthquake\n>p2 move fireblast\n>p2 switch 3\n>p1 move roar\n>p2 move strengthsap\n>p1 move roar\n>p2 move psychocut\n>p1 move iciclecrash\n>p2 move shadowball\n>p1 move iceshard\n>p2 move shellsmash\n>p1 switch 5\n>p2 move shadowball\n>p1 switch 5\n>p1 move iceshard\n>p2 move strengthsap\n>forcelose p1", "uploadtime": 1781411468, "views": 4, "formatid": "gen9randombattle", "rating": 1395, "private": 0, "password": null}