{"id": "gen9randombattle-2631531354", "format": "[Gen 9] Random Battle", "players": ["ajtehpro", "joigsabra"], "log": "|j|\u2606ajtehpro\n|j|\u2606joigsabra\n|t:|1781397387\n|gametype|singles\n|player|p1|ajtehpro|170|2001\n|player|p2|joigsabra|guzma|1958\n|gen|9\n|tier|[Gen 9] Random Battle\n|rated|\n|rule|Species Clause: Limit one of each Pok\u00e9mon\n|rule|HP Percentage Mod: HP is shown in percentages\n|rule|Sleep Clause Mod: Limit one foe put to sleep\n|rule|Illusion Level Mod: Illusion disguises the Pok\u00e9mon's true level\n|\n|t:|1781397387\n|teamsize|p1|6\n|teamsize|p2|6\n|start\n|switch|p1a: Virizion|Virizion, L82|283/283\n|switch|p2a: Charizard|Charizard, L85, M|271/271\n|turn|1\n|\n|t:|1781397398\n|switch|p2a: Urshifu|Urshifu, L74, F|270/270\n|move|p1a: Virizion|Stone Edge|p2a: Urshifu\n|-resisted|p2a: Urshifu\n|-damage|p2a: Urshifu|225/270\n|-damage|p1a: Virizion|255/283|[from] item: Life Orb\n|\n|upkeep\n|turn|2\n|\n|t:|1781397409\n|switch|p2a: Heracross|Heracross, L80, F|259/259\n|move|p1a: Virizion|Close Combat|p2a: Heracross\n|-resisted|p2a: Heracross\n|-damage|p2a: Heracross|177/259\n|-unboost|p1a: Virizion|def|1\n|-unboost|p1a: Virizion|spd|1\n|-damage|p1a: Virizion|227/283|[from] item: Life Orb\n|\n|-status|p2a: Heracross|brn|[from] item: Flame Orb\n|upkeep\n|turn|3\n|inactive|Battle timer is ON: inactive players will automatically lose when time's up. (requested by joigsabra)\n|\n|t:|1781397441\n|switch|p1a: Furret|Furret, L94, F|312/312\n|-item|p2a: Heracross|Flame Orb|[from] ability: Frisk|[of] p1a: Furret\n|move|p2a: Heracross|Trailblaze|p1a: Furret\n|-damage|p1a: Furret|242/312\n|-boost|p2a: Heracross|spe|1\n|\n|-damage|p2a: Heracross|161/259 brn|[from] brn\n|upkeep\n|turn|4\n|inactive|joigsabra has 120 seconds left.\n|\n|t:|1781397475\n|move|p2a: Heracross|Close Combat|p1a: Furret\n|-supereffective|p1a: Furret\n|-damage|p1a: Furret|0 fnt\n|-unboost|p2a: Heracross|def|1\n|-unboost|p2a: Heracross|spd|1\n|faint|p1a: Furret\n|\n|-damage|p2a: Heracross|145/259 brn|[from] brn\n|upkeep\n|\n|t:|1781397481\n|switch|p1a: Quaquaval|Quaquaval, L79, M|264/264\n|turn|5\n|inactive|joigsabra has 120 seconds left.\n|\n|t:|1781397517\n|move|p2a: Heracross|Close Combat|p1a: Quaquaval\n|-damage|p1a: Quaquaval|39/264\n|-unboost|p2a: Heracross|def|1\n|-unboost|p2a: Heracross|spd|1\n|move|p1a: Quaquaval|Aqua Step|p2a: Heracross\n|-damage|p2a: Heracross|0 fnt\n|-boost|p1a: Quaquaval|spe|1\n|faint|p2a: Heracross\n|-ability|p1a: Quaquaval|Moxie|boost\n|-boost|p1a: Quaquaval|atk|1\n|-damage|p1a: Quaquaval|13/264|[from] item: Life Orb\n|\n|upkeep\n|\n|t:|1781397524\n|switch|p2a: Crawdaunt|Crawdaunt, L84, F|243/243\n|turn|6\n|\n|t:|1781397537\n|move|p2a: Crawdaunt|Aqua Jet|p1a: Quaquaval\n|-resisted|p1a: Quaquaval\n|-damage|p1a: Quaquaval|0 fnt\n|faint|p1a: Quaquaval\n|-damage|p2a: Crawdaunt|219/243|[from] item: Life Orb\n|\n|upkeep\n|\n|t:|1781397555\n|switch|p1a: Virizion|Virizion, L82|227/283\n|turn|7\n|inactive|joigsabra has 120 seconds left.\n|\n|t:|1781397563\n|move|p1a: Virizion|Leaf Blade|p2a: Crawdaunt\n|-supereffective|p2a: Crawdaunt\n|-damage|p2a: Crawdaunt|0 fnt\n|faint|p2a: Crawdaunt\n|-damage|p1a: Virizion|199/283|[from] item: Life Orb\n|\n|upkeep\n|inactive|joigsabra has 120 seconds left.\n|\n|t:|1781397574\n|switch|p2a: Pelipper|Pelipper, L86, F|243/243\n|-weather|RainDance|[from] ability: Drizzle|[of] p2a: Pelipper\n|turn|8\n|\n|t:|1781397584\n|switch|p1a: Greedent|Greedent, L86, F|347/347\n|move|p2a: Pelipper|Hurricane|p1a: Greedent\n|-damage|p1a: Greedent|161/347\n|-enditem|p1a: Greedent|Sitrus Berry|[eat]\n|-heal|p1a: Greedent|247/347|[from] item: Sitrus Berry\n|-heal|p1a: Greedent|347/347|[from] ability: Cheek Pouch\n|\n|-weather|RainDance|[upkeep]\n|upkeep\n|turn|9\n|\n|t:|1781397592\n|switch|p2a: Flareon|Flareon, L90, M|263/263\n|move|p1a: Greedent|Double-Edge|p2a: Flareon\n|-damage|p2a: Flareon|115/263\n|-damage|p1a: Greedent|298/347|[from] Recoil\n|\n|-weather|RainDance|[upkeep]\n|-status|p2a: Flareon|tox|[from] item: Toxic Orb\n|upkeep\n|turn|10\n|\n|t:|1781397598\n|move|p2a: Flareon|Facade|p1a: Greedent\n|-damage|p1a: Greedent|101/347\n|move|p1a: Greedent|Earthquake|p2a: Flareon\n|-supereffective|p2a: Flareon\n|-damage|p2a: Flareon|0 fnt\n|faint|p2a: Flareon\n|\n|-weather|RainDance|[upkeep]\n|upkeep\n|\n|t:|1781397601\n|switch|p2a: Charizard|Charizard, L85, M|271/271\n|turn|11\n|\n|t:|1781397608\n|move|p2a: Charizard|Dragon Dance|p2a: Charizard\n|-boost|p2a: Charizard|atk|1\n|-boost|p2a: Charizard|spe|1\n|move|p1a: Greedent|Double-Edge|p2a: Charizard\n|-damage|p2a: Charizard|141/271\n|-damage|p1a: Greedent|58/347|[from] Recoil\n|\n|-weather|RainDance|[upkeep]\n|upkeep\n|turn|12\n|\n|t:|1781397617\n|move|p2a: Charizard|Earthquake|p1a: Greedent\n|-damage|p1a: Greedent|0 fnt\n|faint|p1a: Greedent\n|\n|-weather|none\n|upkeep\n|\n|t:|1781397619\n|switch|p1a: Drednaw|Drednaw, L81, M|278/278\n|turn|13\n|\n|t:|1781397626\n|-terastallize|p1a: Drednaw|Dark\n|move|p2a: Charizard|Earthquake|p1a: Drednaw\n|-damage|p1a: Drednaw|183/278\n|move|p1a: Drednaw|Shell Smash|p1a: Drednaw\n|-unboost|p1a: Drednaw|def|1\n|-unboost|p1a: Drednaw|spd|1\n|-boost|p1a: Drednaw|atk|2\n|-boost|p1a: Drednaw|spa|2\n|-boost|p1a: Drednaw|spe|2\n|-enditem|p1a: Drednaw|White Herb\n|-clearnegativeboost|p1a: Drednaw|[silent]\n|\n|upkeep\n|turn|14\n|\n|t:|1781397631\n|move|p1a: Drednaw|Liquidation|p2a: Charizard\n|-supereffective|p2a: Charizard\n|-crit|p2a: Charizard\n|-damage|p2a: Charizard|0 fnt\n|faint|p2a: Charizard\n|\n|upkeep\n|\n|t:|1781397644\n|switch|p2a: Urshifu|Urshifu, L74, F|225/270\n|turn|15\n|\n|t:|1781397648\n|move|p1a: Drednaw|Liquidation|p2a: Urshifu\n|-crit|p2a: Urshifu\n|-damage|p2a: Urshifu|0 fnt\n|faint|p2a: Urshifu\n|\n|upkeep\n|\n|t:|1781397652\n|switch|p2a: Pelipper|Pelipper, L86, F|243/243\n|-weather|RainDance|[from] ability: Drizzle|[of] p2a: Pelipper\n|turn|16\n|\n|t:|1781397655\n|-terastallize|p2a: Pelipper|Flying\n|move|p1a: Drednaw|Stone Edge|p2a: Pelipper|[miss]\n|-miss|p1a: Drednaw|p2a: Pelipper\n|move|p2a: Pelipper|Hurricane|p1a: Drednaw\n|-damage|p1a: Drednaw|0 fnt\n|faint|p1a: Drednaw\n|\n|-weather|RainDance|[upkeep]\n|upkeep\n|\n|t:|1781397666\n|switch|p1a: Virizion|Virizion, L82|199/283\n|turn|17\n|\n|t:|1781397668\n|move|p1a: Virizion|Stone Edge|p2a: Pelipper|[miss]\n|-miss|p1a: Virizion|p2a: Pelipper\n|move|p2a: Pelipper|Hurricane|p1a: Virizion\n|-supereffective|p1a: Virizion\n|-damage|p1a: Virizion|0 fnt\n|faint|p1a: Virizion\n|\n|-weather|RainDance|[upkeep]\n|upkeep\n|\n|t:|1781397671\n|switch|p1a: Iron Leaves|Iron Leaves, L80|275/275\n|turn|18\n|\n|t:|1781397675\n|move|p1a: Iron Leaves|Psyblade|p2a: Pelipper\n|-damage|p2a: Pelipper|105/243\n|move|p2a: Pelipper|Hurricane|p1a: Iron Leaves\n|-supereffective|p1a: Iron Leaves\n|-damage|p1a: Iron Leaves|0 fnt\n|faint|p1a: Iron Leaves\n|-end|p1a: Iron Leaves|Quark Drive|[silent]\n|\n|win|joigsabra\n", "uploadtime": 1781397389, "views": 7, "formatid": "gen9randombattle", "rating": null, "private": 0, "password": null}