{"id": "gen9randombattle-2631982305", "format": "[Gen 9] Random Battle", "players": ["Jpalma9", "Quadratic Residue"], "log": "|j|\u2606Jpalma9\n|j|\u2606Quadratic Residue\n|t:|1781462536\n|gametype|singles\n|player|p1|Jpalma9|volkner|1718\n|player|p2|Quadratic Residue|1|1688\n|gen|9\n|tier|[Gen 9] Random Battle\n|rated|\n|rule|Species Clause: Limit one of each Pok\u00e9mon\n|rule|HP Percentage Mod: HP is shown in percentages\n|rule|Sleep Clause Mod: Limit one foe put to sleep\n|rule|Illusion Level Mod: Illusion disguises the Pok\u00e9mon's true level\n|\n|t:|1781462536\n|teamsize|p1|6\n|teamsize|p2|6\n|start\n|switch|p1a: Espathra|Espathra, L80, F|283/283\n|switch|p2a: Iron Leaves|Iron Leaves, L80|275/275\n|turn|1\n|\n|t:|1781462542\n|switch|p1a: Corviknight|Corviknight, L80, F|288/288\n|move|p2a: Iron Leaves|Leaf Blade|p1a: Corviknight\n|-resisted|p1a: Corviknight\n|-damage|p1a: Corviknight|254/288\n|-damage|p2a: Iron Leaves|248/275|[from] item: Life Orb\n|\n|-heal|p1a: Corviknight|272/288|[from] item: Leftovers\n|upkeep\n|turn|2\n|\n|t:|1781462552\n|-end|p2a: Iron Leaves|Quark Drive|[silent]\n|switch|p2a: Suicune|Suicune, L82|298/298\n|-ability|p2a: Suicune|Pressure\n|move|p1a: Corviknight|Brave Bird|p2a: Suicune\n|-damage|p2a: Suicune|204/298\n|-damage|p1a: Corviknight|241/288|[from] Recoil\n|\n|-heal|p2a: Suicune|222/298|[from] item: Leftovers\n|-heal|p1a: Corviknight|259/288|[from] item: Leftovers\n|upkeep\n|turn|3\n|\n|t:|1781462559\n|switch|p1a: Araquanid|Araquanid, L82, M|246/246\n|move|p2a: Suicune|Scald|p1a: Araquanid\n|-resisted|p1a: Araquanid\n|-damage|p1a: Araquanid|217/246\n|\n|-heal|p2a: Suicune|240/298|[from] item: Leftovers\n|upkeep\n|turn|4\n|\n|t:|1781462563\n|move|p2a: Suicune|Substitute|p2a: Suicune\n|-start|p2a: Suicune|Substitute\n|-damage|p2a: Suicune|166/298\n|move|p1a: Araquanid|Sticky Web|p2a: Suicune\n|-sidestart|p2: Quadratic Residue|move: Sticky Web\n|\n|-heal|p2a: Suicune|184/298|[from] item: Leftovers\n|upkeep\n|turn|5\n|\n|t:|1781462568\n|move|p2a: Suicune|Calm Mind|p2a: Suicune\n|-boost|p2a: Suicune|spa|1\n|-boost|p2a: Suicune|spd|1\n|move|p1a: Araquanid|Leech Life|p2a: Suicune\n|-activate|p2a: Suicune|move: Substitute|[damage]\n|-heal|p1a: Araquanid|246/246|[from] drain|[of] p2a: Suicune\n|\n|-heal|p2a: Suicune|202/298|[from] item: Leftovers\n|upkeep\n|turn|6\n|\n|t:|1781462575\n|move|p2a: Suicune|Calm Mind|p2a: Suicune\n|-boost|p2a: Suicune|spa|1\n|-boost|p2a: Suicune|spd|1\n|move|p1a: Araquanid|Leech Life|p2a: Suicune\n|-end|p2a: Suicune|Substitute\n|\n|-heal|p2a: Suicune|220/298|[from] item: Leftovers\n|upkeep\n|turn|7\n|\n|t:|1781462585\n|switch|p1a: Lapras|Lapras, L87, F|368/368\n|move|p2a: Suicune|Substitute|p2a: Suicune\n|-start|p2a: Suicune|Substitute\n|-damage|p2a: Suicune|146/298\n|\n|-heal|p2a: Suicune|164/298|[from] item: Leftovers\n|upkeep\n|turn|8\n|\n|t:|1781462591\n|switch|p2a: Florges|Florges-Blue, L85, F|271/271\n|-activate|p2a: Florges|move: Sticky Web\n|-unboost|p2a: Florges|spe|1\n|move|p1a: Lapras|Freeze-Dry|p2a: Florges\n|-damage|p2a: Florges|222/271\n|\n|-heal|p2a: Florges|238/271|[from] item: Leftovers\n|upkeep\n|turn|9\n|\n|t:|1781462596\n|switch|p1a: Corviknight|Corviknight, L80, F|259/288\n|move|p2a: Florges|Moonblast|p1a: Corviknight\n|-resisted|p1a: Corviknight\n|-damage|p1a: Corviknight|193/288\n|\n|-heal|p1a: Corviknight|211/288|[from] item: Leftovers\n|-heal|p2a: Florges|254/271|[from] item: Leftovers\n|upkeep\n|turn|10\n|\n|t:|1781462604\n|switch|p2a: Suicune|Suicune, L82|164/298\n|-activate|p2a: Suicune|move: Sticky Web\n|-unboost|p2a: Suicune|spe|1\n|-ability|p2a: Suicune|Pressure\n|move|p1a: Corviknight|Brave Bird|p2a: Suicune\n|-damage|p2a: Suicune|79/298\n|-damage|p1a: Corviknight|183/288|[from] Recoil\n|\n|-heal|p1a: Corviknight|201/288|[from] item: Leftovers\n|-heal|p2a: Suicune|97/298|[from] item: Leftovers\n|upkeep\n|turn|11\n|\n|t:|1781462615\n|switch|p1a: Lapras|Lapras, L87, F|368/368\n|move|p2a: Suicune|Protect||[still]\n|-fail|p2a: Suicune\n|\n|-heal|p2a: Suicune|115/298|[from] item: Leftovers\n|upkeep\n|turn|12\n|\n|t:|1781462626\n|move|p2a: Suicune|Protect|p2a: Suicune\n|-singleturn|p2a: Suicune|Protect\n|move|p1a: Lapras|Freeze-Dry|p2a: Suicune\n|-activate|p2a: Suicune|move: Protect\n|\n|-heal|p2a: Suicune|133/298|[from] item: Leftovers\n|upkeep\n|turn|13\n|\n|t:|1781462631\n|switch|p2a: Florges|Florges-Blue, L85, F|254/271\n|-activate|p2a: Florges|move: Sticky Web\n|-unboost|p2a: Florges|spe|1\n|move|p1a: Lapras|Freeze-Dry|p2a: Florges\n|-damage|p2a: Florges|211/271\n|\n|-heal|p2a: Florges|227/271|[from] item: Leftovers\n|upkeep\n|turn|14\n|\n|t:|1781462637\n|switch|p1a: Corviknight|Corviknight, L80, F|201/288\n|move|p2a: Florges|Calm Mind|p2a: Florges\n|-boost|p2a: Florges|spa|1\n|-boost|p2a: Florges|spd|1\n|\n|-heal|p1a: Corviknight|219/288|[from] item: Leftovers\n|-heal|p2a: Florges|243/271|[from] item: Leftovers\n|upkeep\n|turn|15\n|\n|t:|1781462640\n|move|p1a: Corviknight|Brave Bird|p2a: Florges\n|-damage|p2a: Florges|102/271\n|-damage|p1a: Corviknight|172/288|[from] Recoil\n|move|p2a: Florges|Wish|p2a: Florges\n|\n|-heal|p1a: Corviknight|190/288|[from] item: Leftovers\n|-heal|p2a: Florges|118/271|[from] item: Leftovers\n|upkeep\n|turn|16\n|\n|t:|1781462646\n|switch|p1a: Lapras|Lapras, L87, F|368/368\n|move|p2a: Florges|Protect||[still]\n|-fail|p2a: Florges\n|\n|-heal|p2a: Florges|253/271|[from] move: Wish|[wisher] Florges\n|-heal|p2a: Florges|269/271|[from] item: Leftovers\n|upkeep\n|turn|17\n|\n|t:|1781462650\n|switch|p1a: Dusknoir|Dusknoir, L89, F|225/225\n|-item|p2a: Florges|Leftovers|[from] ability: Frisk|[of] p1a: Dusknoir\n|move|p2a: Florges|Calm Mind|p2a: Florges\n|-boost|p2a: Florges|spa|1\n|-boost|p2a: Florges|spd|1\n|\n|-heal|p2a: Florges|271/271|[from] item: Leftovers\n|upkeep\n|turn|18\n|\n|t:|1781462656\n|move|p2a: Florges|Protect|p2a: Florges\n|-singleturn|p2a: Florges|Protect\n|move|p1a: Dusknoir|Poltergeist|p2a: Florges\n|-activate|p2a: Florges|move: Protect\n|\n|upkeep\n|turn|19\n|\n|t:|1781462662\n|move|p1a: Dusknoir|Poltergeist|p2a: Florges\n|-activate|p2a: Florges|move: Poltergeist|Leftovers\n|-damage|p2a: Florges|99/271\n|move|p2a: Florges|Wish|p2a: Florges\n|\n|-heal|p2a: Florges|115/271|[from] item: Leftovers\n|upkeep\n|turn|20\n|\n|t:|1781462669\n|move|p2a: Florges|Protect|p2a: Florges\n|-singleturn|p2a: Florges|Protect\n|move|p1a: Dusknoir|Substitute|p1a: Dusknoir\n|-start|p1a: Dusknoir|Substitute\n|-damage|p1a: Dusknoir|169/225\n|\n|-heal|p2a: Florges|250/271|[from] move: Wish|[wisher] Florges\n|-heal|p1a: Dusknoir|183/225|[from] item: Leftovers\n|-heal|p2a: Florges|266/271|[from] item: Leftovers\n|upkeep\n|turn|21\n|\n|t:|1781462677\n|move|p1a: Dusknoir|Pain Split|p2a: Florges\n|-sethp|p2a: Florges|224/271|[from] move: Pain Split|[silent]\n|-sethp|p1a: Dusknoir|224/225|[from] move: Pain Split\n|move|p2a: Florges|Moonblast|p1a: Dusknoir\n|-end|p1a: Dusknoir|Substitute\n|\n|-heal|p1a: Dusknoir|225/225|[from] item: Leftovers\n|-heal|p2a: Florges|240/271|[from] item: Leftovers\n|upkeep\n|turn|22\n|\n|t:|1781462683\n|move|p1a: Dusknoir|Poltergeist|p2a: Florges\n|-activate|p2a: Florges|move: Poltergeist|Leftovers\n|-damage|p2a: Florges|78/271\n|move|p2a: Florges|Wish|p2a: Florges\n|\n|-heal|p2a: Florges|94/271|[from] item: Leftovers\n|upkeep\n|turn|23\n|\n|t:|1781462691\n|move|p2a: Florges|Protect|p2a: Florges\n|-singleturn|p2a: Florges|Protect\n|move|p1a: Dusknoir|Poltergeist|p2a: Florges\n|-activate|p2a: Florges|move: Protect\n|\n|-heal|p2a: Florges|229/271|[from] move: Wish|[wisher] Florges\n|-heal|p2a: Florges|245/271|[from] item: Leftovers\n|upkeep\n|turn|24\n|\n|t:|1781462694\n|move|p1a: Dusknoir|Poltergeist|p2a: Florges\n|-activate|p2a: Florges|move: Poltergeist|Leftovers\n|-damage|p2a: Florges|92/271\n|move|p2a: Florges|Moonblast|p1a: Dusknoir\n|-damage|p1a: Dusknoir|62/225\n|\n|-heal|p1a: Dusknoir|76/225|[from] item: Leftovers\n|-heal|p2a: Florges|108/271|[from] item: Leftovers\n|upkeep\n|turn|25\n|\n|t:|1781462703\n|switch|p2a: Ting-Lu|Ting-Lu, L78|370/370\n|-activate|p2a: Ting-Lu|move: Sticky Web\n|-unboost|p2a: Ting-Lu|spe|1\n|-ability|p2a: Ting-Lu|Vessel of Ruin\n|move|p1a: Dusknoir|Poltergeist|p2a: Ting-Lu\n|-activate|p2a: Ting-Lu|move: Poltergeist|Leftovers\n|-resisted|p2a: Ting-Lu\n|-damage|p2a: Ting-Lu|317/370\n|\n|-heal|p1a: Dusknoir|90/225|[from] item: Leftovers\n|-heal|p2a: Ting-Lu|340/370|[from] item: Leftovers\n|upkeep\n|turn|26\n|\n|t:|1781462711\n|switch|p1a: Corviknight|Corviknight, L80, F|190/288\n|move|p2a: Ting-Lu|Payback|p1a: Corviknight\n|-damage|p1a: Corviknight|145/288\n|\n|-heal|p1a: Corviknight|163/288|[from] item: Leftovers\n|-heal|p2a: Ting-Lu|363/370|[from] item: Leftovers\n|upkeep\n|turn|27\n|\n|t:|1781462723\n|move|p1a: Corviknight|Brave Bird|p2a: Ting-Lu\n|-damage|p2a: Ting-Lu|270/370\n|-damage|p1a: Corviknight|132/288|[from] Recoil\n|move|p2a: Ting-Lu|Ruination|p1a: Corviknight\n|-damage|p1a: Corviknight|66/288\n|\n|-heal|p1a: Corviknight|84/288|[from] item: Leftovers\n|-heal|p2a: Ting-Lu|293/370|[from] item: Leftovers\n|upkeep\n|turn|28\n|\n|t:|1781462733\n|move|p1a: Corviknight|Roost|p1a: Corviknight\n|-heal|p1a: Corviknight|228/288\n|-singleturn|p1a: Corviknight|move: Roost\n|move|p2a: Ting-Lu|Earthquake|p1a: Corviknight\n|-supereffective|p1a: Corviknight\n|-damage|p1a: Corviknight|40/288\n|\n|-heal|p1a: Corviknight|58/288|[from] item: Leftovers\n|-heal|p2a: Ting-Lu|316/370|[from] item: Leftovers\n|upkeep\n|turn|29\n|\n|t:|1781462740\n|switch|p1a: Araquanid|Araquanid, L82, M|246/246\n|move|p2a: Ting-Lu|Stealth Rock|p1a: Araquanid\n|-sidestart|p1: Jpalma9|move: Stealth Rock\n|\n|-heal|p2a: Ting-Lu|339/370|[from] item: Leftovers\n|upkeep\n|turn|30\n|\n|t:|1781462746\n|switch|p2a: Suicune|Suicune, L82|133/298\n|-activate|p2a: Suicune|move: Sticky Web\n|-unboost|p2a: Suicune|spe|1\n|-ability|p2a: Suicune|Pressure\n|move|p1a: Araquanid|Leech Life|p2a: Suicune\n|-damage|p2a: Suicune|78/298\n|\n|-heal|p2a: Suicune|96/298|[from] item: Leftovers\n|upkeep\n|turn|31\n|\n|t:|1781462759\n|switch|p1a: Corviknight|Corviknight, L80, F|58/288\n|-damage|p1a: Corviknight|22/288|[from] Stealth Rock\n|move|p2a: Suicune|Scald|p1a: Corviknight\n|-damage|p1a: Corviknight|0 fnt\n|faint|p1a: Corviknight\n|\n|-heal|p2a: Suicune|114/298|[from] item: Leftovers\n|upkeep\n|\n|t:|1781462764\n|switch|p1a: Lapras|Lapras, L87, F|368/368\n|turn|32\n|\n|t:|1781462772\n|switch|p2a: Bisharp|Bisharp, L79, M|232/232\n|-activate|p2a: Bisharp|move: Sticky Web\n|-unboost|p2a: Bisharp|spe|1\n|-ability|p2a: Bisharp|Defiant|boost\n|-boost|p2a: Bisharp|atk|2\n|move|p1a: Lapras|Freeze-Dry|p2a: Bisharp\n|-resisted|p2a: Bisharp\n|-damage|p2a: Bisharp|205/232\n|\n|upkeep\n|turn|33\n|\n|t:|1781462779\n|switch|p1a: Dusknoir|Dusknoir, L89, F|90/225\n|-damage|p1a: Dusknoir|62/225|[from] Stealth Rock\n|-item|p2a: Bisharp|Eviolite|[from] ability: Frisk|[of] p1a: Dusknoir\n|move|p2a: Bisharp|Swords Dance|p2a: Bisharp\n|-boost|p2a: Bisharp|atk|2\n|\n|-heal|p1a: Dusknoir|76/225|[from] item: Leftovers\n|upkeep\n|turn|34\n|\n|t:|1781462788\n|move|p1a: Dusknoir|Substitute|p1a: Dusknoir\n|-start|p1a: Dusknoir|Substitute\n|-damage|p1a: Dusknoir|20/225\n|move|p2a: Bisharp|Throat Chop|p1a: Dusknoir\n|-supereffective|p1a: Dusknoir\n|-end|p1a: Dusknoir|Substitute\n|\n|-heal|p1a: Dusknoir|34/225|[from] item: Leftovers\n|upkeep\n|turn|35\n|\n|t:|1781462793\n|move|p1a: Dusknoir|Pain Split|p2a: Bisharp\n|-sethp|p2a: Bisharp|119/232|[from] move: Pain Split|[silent]\n|-sethp|p1a: Dusknoir|119/225|[from] move: Pain Split\n|move|p2a: Bisharp|Throat Chop|p1a: Dusknoir\n|-supereffective|p1a: Dusknoir\n|-damage|p1a: Dusknoir|0 fnt\n|faint|p1a: Dusknoir\n|\n|upkeep\n|\n|t:|1781462799\n|switch|p1a: Araquanid|Araquanid, L82, M|246/246\n|turn|36\n|\n|t:|1781462806\n|move|p1a: Araquanid|Liquidation|p2a: Bisharp\n|-damage|p2a: Bisharp|28/232\n|move|p2a: Bisharp|Throat Chop|p1a: Araquanid\n|-damage|p1a: Araquanid|0 fnt\n|faint|p1a: Araquanid\n|\n|upkeep\n|\n|t:|1781462812\n|switch|p1a: Arceus|Arceus-Dragon, L71|288/288\n|-damage|p1a: Arceus|252/288|[from] Stealth Rock\n|turn|37\n|\n|t:|1781462818\n|move|p1a: Arceus|Flare Blitz|p2a: Bisharp\n|-supereffective|p2a: Bisharp\n|-damage|p2a: Bisharp|0 fnt\n|faint|p2a: Bisharp\n|-damage|p1a: Arceus|243/288|[from] Recoil\n|\n|upkeep\n|\n|t:|1781462825\n|switch|p2a: Ting-Lu|Ting-Lu, L78|339/370\n|-activate|p2a: Ting-Lu|move: Sticky Web\n|-unboost|p2a: Ting-Lu|spe|1\n|-ability|p2a: Ting-Lu|Vessel of Ruin\n|turn|38\n|\n|t:|1781462834\n|switch|p1a: Lapras|Lapras, L87, F|368/368\n|move|p2a: Ting-Lu|Ruination|p1a: Lapras\n|-damage|p1a: Lapras|184/368\n|\n|-heal|p2a: Ting-Lu|362/370|[from] item: Leftovers\n|upkeep\n|turn|39\n|\n|t:|1781462840\n|move|p1a: Lapras|Sparkling Aria|p2a: Ting-Lu\n|-supereffective|p2a: Ting-Lu\n|-damage|p2a: Ting-Lu|210/370\n|move|p2a: Ting-Lu|Payback|p1a: Lapras\n|-damage|p1a: Lapras|73/368\n|\n|-heal|p2a: Ting-Lu|233/370|[from] item: Leftovers\n|upkeep\n|turn|40\n|\n|t:|1781462846\n|move|p1a: Lapras|Rest|p1a: Lapras\n|-status|p1a: Lapras|slp|[from] move: Rest\n|-heal|p1a: Lapras|368/368 slp|[silent]\n|move|p2a: Ting-Lu|Payback|p1a: Lapras\n|-damage|p1a: Lapras|259/368 slp\n|\n|-heal|p2a: Ting-Lu|256/370|[from] item: Leftovers\n|upkeep\n|turn|41\n|\n|t:|1781462850\n|cant|p1a: Lapras|slp\n|move|p1a: Lapras|Sleep Talk|p1a: Lapras\n|move|p1a: Lapras|Rest||[from] move: Sleep Talk|[still]\n|-fail|p1a: Lapras\n|move|p2a: Ting-Lu|Earthquake|p1a: Lapras\n|-damage|p1a: Lapras|154/368 slp\n|\n|-heal|p2a: Ting-Lu|279/370|[from] item: Leftovers\n|upkeep\n|turn|42\n|\n|t:|1781462855\n|cant|p1a: Lapras|slp\n|move|p1a: Lapras|Sleep Talk|p1a: Lapras\n|move|p1a: Lapras|Rest||[from] move: Sleep Talk|[still]\n|-fail|p1a: Lapras\n|move|p2a: Ting-Lu|Earthquake|p1a: Lapras\n|-damage|p1a: Lapras|55/368 slp\n|\n|-heal|p2a: Ting-Lu|302/370|[from] item: Leftovers\n|upkeep\n|turn|43\n|\n|t:|1781462861\n|-curestatus|p1a: Lapras|slp|[msg]\n|move|p1a: Lapras|Rest|p1a: Lapras\n|-status|p1a: Lapras|slp|[from] move: Rest\n|-heal|p1a: Lapras|368/368 slp|[silent]\n|move|p2a: Ting-Lu|Ruination|p1a: Lapras\n|-damage|p1a: Lapras|184/368 slp\n|\n|-heal|p2a: Ting-Lu|325/370|[from] item: Leftovers\n|upkeep\n|turn|44\n|\n|t:|1781462868\n|cant|p1a: Lapras|slp\n|move|p1a: Lapras|Sleep Talk|p1a: Lapras\n|move|p1a: Lapras|Sparkling Aria|p2a: Ting-Lu|[from] move: Sleep Talk\n|-supereffective|p2a: Ting-Lu\n|-crit|p2a: Ting-Lu\n|-damage|p2a: Ting-Lu|79/370\n|move|p2a: Ting-Lu|Earthquake|p1a: Lapras\n|-damage|p1a: Lapras|81/368 slp\n|\n|-heal|p2a: Ting-Lu|102/370|[from] item: Leftovers\n|upkeep\n|turn|45\n|\n|t:|1781462874\n|cant|p1a: Lapras|slp\n|move|p1a: Lapras|Sleep Talk|p1a: Lapras\n|move|p1a: Lapras|Sparkling Aria|p2a: Ting-Lu|[from] move: Sleep Talk\n|-supereffective|p2a: Ting-Lu\n|-damage|p2a: Ting-Lu|0 fnt\n|faint|p2a: Ting-Lu\n|\n|upkeep\n|\n|t:|1781462882\n|switch|p2a: Tauros|Tauros, L82, M|257/257\n|-activate|p2a: Tauros|move: Sticky Web\n|-unboost|p2a: Tauros|spe|1\n|turn|46\n|\n|t:|1781462893\n|-curestatus|p1a: Lapras|slp|[msg]\n|move|p1a: Lapras|Rest|p1a: Lapras\n|-status|p1a: Lapras|slp|[from] move: Rest\n|-heal|p1a: Lapras|368/368 slp|[silent]\n|move|p2a: Tauros|Body Slam|p1a: Lapras\n|-damage|p1a: Lapras|226/368 slp\n|\n|upkeep\n|turn|47\n|\n|t:|1781462900\n|cant|p1a: Lapras|slp\n|move|p1a: Lapras|Sleep Talk|p1a: Lapras\n|move|p1a: Lapras|Freeze-Dry|p2a: Tauros|[from] move: Sleep Talk\n|-damage|p2a: Tauros|169/257\n|move|p2a: Tauros|Body Slam|p1a: Lapras\n|-damage|p1a: Lapras|61/368 slp\n|\n|upkeep\n|turn|48\n|\n|t:|1781462908\n|cant|p1a: Lapras|slp\n|move|p1a: Lapras|Sleep Talk|p1a: Lapras\n|move|p1a: Lapras|Freeze-Dry|p2a: Tauros|[from] move: Sleep Talk\n|-damage|p2a: Tauros|85/257\n|move|p2a: Tauros|Body Slam|p1a: Lapras\n|-damage|p1a: Lapras|0 fnt\n|faint|p1a: Lapras\n|\n|upkeep\n|\n|t:|1781462912\n|switch|p1a: Espathra|Espathra, L80, F|283/283\n|-damage|p1a: Espathra|248/283|[from] Stealth Rock\n|turn|49\n|\n|t:|1781462917\n|move|p1a: Espathra|Substitute|p1a: Espathra\n|-start|p1a: Espathra|Substitute\n|-damage|p1a: Espathra|178/283\n|move|p2a: Tauros|Throat Chop|p1a: Espathra\n|-supereffective|p1a: Espathra\n|-end|p1a: Espathra|Substitute\n|\n|-heal|p1a: Espathra|195/283|[from] item: Leftovers\n|-ability|p1a: Espathra|Speed Boost|boost\n|-boost|p1a: Espathra|spe|1\n|upkeep\n|turn|50\n|\n|t:|1781462928\n|-terastallize|p1a: Espathra|Fairy\n|move|p1a: Espathra|Dazzling Gleam|p2a: Tauros\n|-damage|p2a: Tauros|0 fnt\n|faint|p2a: Tauros\n|\n|-heal|p1a: Espathra|212/283|[from] item: Leftovers\n|-ability|p1a: Espathra|Speed Boost|boost\n|-boost|p1a: Espathra|spe|1\n|upkeep\n|\n|t:|1781462934\n|switch|p2a: Florges|Florges-Blue, L85, F|108/271\n|-activate|p2a: Florges|move: Sticky Web\n|-unboost|p2a: Florges|spe|1\n|turn|51\n|\n|t:|1781462939\n|move|p1a: Espathra|Calm Mind|p1a: Espathra\n|-boost|p1a: Espathra|spa|1\n|-boost|p1a: Espathra|spd|1\n|move|p2a: Florges|Moonblast|p1a: Espathra\n|-damage|p1a: Espathra|106/283\n|\n|-heal|p1a: Espathra|123/283|[from] item: Leftovers\n|-heal|p2a: Florges|124/271|[from] item: Leftovers\n|-ability|p1a: Espathra|Speed Boost|boost\n|-boost|p1a: Espathra|spe|1\n|upkeep\n|turn|52\n|\n|t:|1781462945\n|move|p1a: Espathra|Stored Power|p2a: Florges\n|-crit|p2a: Florges\n|-damage|p2a: Florges|0 fnt\n|faint|p2a: Florges\n|\n|-heal|p1a: Espathra|140/283|[from] item: Leftovers\n|-ability|p1a: Espathra|Speed Boost|boost\n|-boost|p1a: Espathra|spe|1\n|upkeep\n|\n|t:|1781462949\n|switch|p2a: Iron Leaves|Iron Leaves, L80|248/275\n|-activate|p2a: Iron Leaves|move: Sticky Web\n|-unboost|p2a: Iron Leaves|spe|1\n|turn|53\n|\n|t:|1781462955\n|move|p1a: Espathra|Substitute|p1a: Espathra\n|-start|p1a: Espathra|Substitute\n|-damage|p1a: Espathra|70/283\n|move|p2a: Iron Leaves|Leaf Blade|p1a: Espathra\n|-end|p1a: Espathra|Substitute\n|-damage|p2a: Iron Leaves|221/275|[from] item: Life Orb\n|\n|-heal|p1a: Espathra|87/283|[from] item: Leftovers\n|-ability|p1a: Espathra|Speed Boost|boost\n|-boost|p1a: Espathra|spe|1\n|upkeep\n|turn|54\n|\n|t:|1781462979\n|move|p1a: Espathra|Substitute|p1a: Espathra\n|-start|p1a: Espathra|Substitute\n|-damage|p1a: Espathra|17/283\n|move|p2a: Iron Leaves|Leaf Blade|p1a: Espathra\n|-end|p1a: Espathra|Substitute\n|-damage|p2a: Iron Leaves|194/275|[from] item: Life Orb\n|\n|-heal|p1a: Espathra|34/283|[from] item: Leftovers\n|-ability|p1a: Espathra|Speed Boost|boost\n|-boost|p1a: Espathra|spe|1\n|upkeep\n|turn|55\n|\n|t:|1781462988\n|move|p1a: Espathra|Stored Power|p2a: Iron Leaves\n|-resisted|p2a: Iron Leaves\n|-damage|p2a: Iron Leaves|77/275\n|move|p2a: Iron Leaves|Psyblade|p1a: Espathra\n|-damage|p1a: Espathra|0 fnt\n|faint|p1a: Espathra\n|-damage|p2a: Iron Leaves|50/275|[from] item: Life Orb\n|\n|upkeep\n|\n|t:|1781462990\n|switch|p1a: Arceus|Arceus-Dragon, L71|243/288\n|-damage|p1a: Arceus|207/288|[from] Stealth Rock\n|turn|56\n|\n|t:|1781462994\n|move|p1a: Arceus|Flare Blitz|p2a: Iron Leaves\n|-supereffective|p2a: Iron Leaves\n|-damage|p2a: Iron Leaves|0 fnt\n|faint|p2a: Iron Leaves\n|-end|p2a: Iron Leaves|Quark Drive|[silent]\n|-damage|p1a: Arceus|190/288|[from] Recoil\n|\n|upkeep\n|\n|t:|1781462998\n|switch|p2a: Suicune|Suicune, L82|114/298\n|-activate|p2a: Suicune|move: Sticky Web\n|-unboost|p2a: Suicune|spe|1\n|-ability|p2a: Suicune|Pressure\n|turn|57\n|\n|t:|1781463004\n|move|p2a: Suicune|Protect|p2a: Suicune\n|-singleturn|p2a: Suicune|Protect\n|move|p1a: Arceus|Dragon Dance|p1a: Arceus\n|-boost|p1a: Arceus|atk|1\n|-boost|p1a: Arceus|spe|1\n|\n|-heal|p2a: Suicune|132/298|[from] item: Leftovers\n|upkeep\n|turn|58\n|\n|t:|1781463011\n|move|p1a: Arceus|Outrage|p2a: Suicune\n|-damage|p2a: Suicune|0 fnt\n|faint|p2a: Suicune\n|\n|win|Jpalma9\n|raw|Jpalma9's rating: 1718 &rarr; <strong>1736</strong><br />(+18 for winning)\n|raw|Quadratic Residue's rating: 1688 &rarr; <strong>1670</strong><br />(-18 for losing)\n|c|\u2606Jpalma9|gg\n|c|\u2606Jpalma9|man i got lucky\n|c|\u2606Jpalma9|holy\n|l|\u2606Quadratic Residue\n|player|p2|\n", "inputlog": ">version a8376a258c1d4662feba110a92103f3664a72141\n>start {\"formatid\":\"gen9randombattle\",\"seed\":\"sodium,0ca119874715f0863c6a037c0fda99e1\",\"rated\":\"Rated battle\"}\n>player p1 {\"name\":\"Jpalma9\",\"avatar\":\"volkner\",\"rating\":1718,\"seed\":\"sodium,18d69c134eb7e693f0b7067e8e811b76\"}\n>player p2 {\"name\":\"Quadratic Residue\",\"avatar\":\"1\",\"rating\":1688,\"seed\":\"sodium,07766753611e9a32d9d8af3080db030e\"}\n>p1 switch 4\n>p2 move leafblade\n>p1 move bravebird\n>p2 switch 3\n>p1 switch 2\n>p2 move scald\n>p1 move stickyweb\n>p2 move substitute\n>p1 move leechlife\n>p2 move calmmind\n>p1 move leechlife\n>p2 move calmmind\n>p1 switch 6\n>p2 move substitute\n>p1 move freezedry\n>p2 switch 6\n>p1 switch 2\n>p2 move moonblast\n>p1 move bravebird\n>p2 switch 6\n>p1 switch 2\n>p2 move protect\n>p1 move freezedry\n>p2 move protect\n>p1 move freezedry\n>p2 switch 6\n>p1 switch 2\n>p2 move calmmind\n>p1 move bravebird\n>p2 move wish\n>p1 switch 2\n>p2 move protect\n>p1 switch 3\n>p2 move calmmind\n>p1 move poltergeist\n>p2 move protect\n>p1 move poltergeist\n>p2 move wish\n>p1 move substitute\n>p2 move protect\n>p1 move painsplit\n>p2 move moonblast\n>p1 move poltergeist\n>p2 move wish\n>p1 move poltergeist\n>p2 move protect\n>p1 move poltergeist\n>p2 move moonblast\n>p1 move poltergeist\n>p2 switch 2\n>p1 switch 2\n>p2 move payback\n>p1 move bravebird\n>p2 move ruination\n>p1 move roost\n>p2 move earthquake\n>p1 switch 6\n>p2 move stealthrock\n>p1 move leechlife\n>p2 switch 6\n>p1 switch 6\n>p2 move scald\n>p1 switch 3\n>p1 move freezedry\n>p2 switch 4\n>p1 switch 2\n>p2 move swordsdance\n>p1 move substitute\n>p2 move throatchop\n>p1 move painsplit\n>p2 move throatchop\n>p1 switch 6\n>p1 move liquidation\n>p2 move throatchop\n>p1 switch 5\n>p1 move flareblitz\n>p2 move ironhead\n>p2 switch 6\n>p1 switch 2\n>p2 move ruination\n>p1 move sparklingaria\n>p2 move payback\n>p1 move rest\n>p2 move payback\n>p1 move sleeptalk\n>p2 move earthquake\n>p1 move sleeptalk\n>p2 move earthquake\n>p1 move rest\n>p2 move ruination\n>p1 move sleeptalk\n>p2 move earthquake\n>p1 move sleeptalk\n>p2 move earthquake\n>p2 switch 5\n>p1 move rest\n>p2 move bodyslam\n>p1 move sleeptalk\n>p2 move bodyslam\n>p1 move sleeptalk\n>p2 move bodyslam\n>p1 switch 4\n>p1 move substitute\n>p2 move throatchop\n>p1 move dazzlinggleam terastallize\n>p2 move bodyslam\n>p2 switch 2\n>p1 move calmmind\n>p2 move moonblast\n>p1 move storedpower\n>p2 move moonblast\n>p2 switch 3\n>p1 move substitute\n>p2 move leafblade\n>p1 move substitute\n>p2 move leafblade\n>p1 move storedpower\n>p2 move psyblade\n>p1 switch 2\n>p1 move flareblitz\n>p2 move psyblade\n>p2 switch 4\n>p1 move dragondance\n>p2 move protect\n>p1 move outrage\n>p2 move scald", "uploadtime": 1781463024, "views": 23, "formatid": "gen9randombattle", "rating": 1670, "private": 0, "password": null, "player_dets": [{"name": "Jpalma9", "avatar": "volkner", "rating": 1718, "seed": "sodium,18d69c134eb7e693f0b7067e8e811b76"}, {"name": "Quadratic Residue", "avatar": "1", "rating": 1688, "seed": "sodium,07766753611e9a32d9d8af3080db030e"}], "teams_full": [{"Espathra": {"name": "Espathra", "species": "Espathra", "speciesId": "espathra", "gender": "F", "shiny": false, "level": 80, "moves": ["calmmind", "dazzlinggleam", "storedpower", "substitute"], "ability": "Speed Boost", "evs": {"hp": 85, "atk": 0, "def": 85, "spa": 85, "spd": 85, "spe": 85}, "ivs": {"hp": 31, "atk": 0, "def": 31, "spa": 31, "spd": 31, "spe": 31}, "item": "Leftovers", "teraType": "Fairy", "role": "Fast Bulky Setup", "bvs": {"hp": 95, "atk": 60, "def": 60, "spa": 101, "spd": 60, "spe": 105}, "stats": {"hp": 283, "atk": 101, "def": 142, "spa": 208, "spd": 142, "spe": 214}}, "Araquanid": {"name": "Araquanid", "species": "Araquanid", "speciesId": "araquanid", "gender": "M", "shiny": false, "level": 82, "moves": ["stickyweb", "mirrorcoat", "leechlife", "liquidation"], "ability": "Water Bubble", "evs": {"hp": 85, "atk": 85, "def": 85, "spa": 85, "spd": 85, "spe": 85}, "ivs": {"hp": 31, "atk": 31, "def": 31, "spa": 31, "spd": 31, "spe": 31}, "item": "Heavy-Duty Boots", "teraType": "Ground", "role": "Bulky Attacker", "bvs": {"hp": 68, "atk": 70, "def": 92, "spa": 50, "spd": 132, "spe": 42}, "stats": {"hp": 246, "atk": 162, "def": 198, "spa": 129, "spd": 264, "spe": 116}}, "Dusknoir": {"name": "Dusknoir", "species": "Dusknoir", "speciesId": "dusknoir", "gender": "F", "shiny": false, "level": 89, "moves": ["substitute", "painsplit", "poltergeist", "focuspunch"], "ability": "Frisk", "evs": {"hp": 85, "atk": 85, "def": 85, "spa": 85, "spd": 85, "spe": 85}, "ivs": {"hp": 31, "atk": 31, "def": 31, "spa": 31, "spd": 31, "spe": 31}, "item": "Leftovers", "teraType": "Fighting", "role": "Bulky Attacker", "bvs": {"hp": 45, "atk": 100, "def": 135, "spa": 65, "spd": 135, "spe": 45}, "stats": {"hp": 225, "atk": 229, "def": 291, "spa": 166, "spd": 291, "spe": 131}}, "Corviknight": {"name": "Corviknight", "species": "Corviknight", "speciesId": "corviknight", "gender": "F", "shiny": false, "level": 80, "moves": ["bodypress", "defog", "bravebird", "roost"], "ability": "Mirror Armor", "evs": {"hp": 85, "atk": 85, "def": 85, "spa": 85, "spd": 85, "spe": 85}, "ivs": {"hp": 31, "atk": 31, "def": 31, "spa": 31, "spd": 31, "spe": 31}, "item": "Leftovers", "teraType": "Dragon", "role": "Bulky Support", "bvs": {"hp": 98, "atk": 87, "def": 105, "spa": 53, "spd": 85, "spe": 67}, "stats": {"hp": 288, "atk": 185, "def": 214, "spa": 131, "spd": 182, "spe": 153}}, "Arceus": {"name": "Arceus", "species": "Arceus-Dragon", "speciesId": "arceusdragon", "gender": "N", "shiny": false, "level": 71, "moves": ["outrage", "flareblitz", "dragondance", "heavyslam"], "ability": "Multitype", "evs": {"hp": 85, "atk": 85, "def": 85, "spa": 85, "spd": 85, "spe": 85}, "ivs": {"hp": 31, "atk": 31, "def": 31, "spa": 31, "spd": 31, "spe": 31}, "item": "Draco Plate", "teraType": "Steel", "role": "Bulky Setup", "bvs": {"hp": 120, "atk": 120, "def": 120, "spa": 120, "spd": 120, "spe": 120}, "stats": {"hp": 288, "atk": 212, "def": 212, "spa": 212, "spd": 212, "spe": 212}}, "Lapras": {"name": "Lapras", "species": "Lapras", "speciesId": "lapras", "gender": "F", "shiny": false, "level": 87, "moves": ["sparklingaria", "sleeptalk", "rest", "freezedry"], "ability": "Water Absorb", "evs": {"hp": 85, "atk": 0, "def": 85, "spa": 85, "spd": 85, "spe": 85}, "ivs": {"hp": 31, "atk": 0, "def": 31, "spa": 31, "spd": 31, "spe": 31}, "item": "Heavy-Duty Boots", "teraType": "Ground", "role": "Bulky Attacker", "bvs": {"hp": 130, "atk": 85, "def": 80, "spa": 85, "spd": 95, "spe": 60}, "stats": {"hp": 368, "atk": 152, "def": 189, "spa": 198, "spd": 215, "spe": 154}}}, {"Iron Leaves": {"name": "Iron Leaves", "species": "Iron Leaves", "speciesId": "ironleaves", "gender": "N", "shiny": false, "level": 80, "moves": ["leafblade", "psyblade", "closecombat", "swordsdance"], "ability": "Quark Drive", "evs": {"hp": 85, "atk": 85, "def": 85, "spa": 85, "spd": 85, "spe": 85}, "ivs": {"hp": 31, "atk": 31, "def": 31, "spa": 31, "spd": 31, "spe": 31}, "item": "Life Orb", "teraType": "Fighting", "role": "Wallbreaker", "bvs": {"hp": 90, "atk": 130, "def": 88, "spa": 70, "spd": 108, "spe": 104}, "stats": {"hp": 275, "atk": 254, "def": 187, "spa": 158, "spd": 219, "spe": 213}}, "Ting-Lu": {"name": "Ting-Lu", "species": "Ting-Lu", "speciesId": "tinglu", "gender": "N", "shiny": false, "level": 78, "moves": ["earthquake", "ruination", "payback", "stealthrock"], "ability": "Vessel of Ruin", "evs": {"hp": 85, "atk": 85, "def": 85, "spa": 85, "spd": 85, "spe": 85}, "ivs": {"hp": 31, "atk": 31, "def": 31, "spa": 31, "spd": 31, "spe": 31}, "item": "Leftovers", "teraType": "Ghost", "role": "Bulky Attacker", "bvs": {"hp": 155, "atk": 110, "def": 125, "spa": 55, "spd": 80, "spe": 45}, "stats": {"hp": 370, "atk": 217, "def": 240, "spa": 131, "spd": 170, "spe": 115}}, "Suicune": {"name": "Suicune", "species": "Suicune", "speciesId": "suicune", "gender": "N", "shiny": false, "level": 82, "moves": ["calmmind", "substitute", "scald", "protect"], "ability": "Pressure", "evs": {"hp": 85, "atk": 0, "def": 85, "spa": 85, "spd": 85, "spe": 85}, "ivs": {"hp": 31, "atk": 0, "def": 31, "spa": 31, "spd": 31, "spe": 31}, "item": "Leftovers", "teraType": "Steel", "role": "Fast Support", "bvs": {"hp": 100, "atk": 75, "def": 115, "spa": 90, "spd": 115, "spe": 85}, "stats": {"hp": 298, "atk": 127, "def": 236, "spa": 195, "spd": 236, "spe": 187}}, "Bisharp": {"name": "Bisharp", "species": "Bisharp", "speciesId": "bisharp", "gender": "M", "shiny": false, "level": 79, "moves": ["suckerpunch", "ironhead", "throatchop", "swordsdance"], "ability": "Defiant", "evs": {"hp": 85, "atk": 85, "def": 85, "spa": 85, "spd": 85, "spe": 85}, "ivs": {"hp": 31, "atk": 31, "def": 31, "spa": 31, "spd": 31, "spe": 31}, "item": "Eviolite", "teraType": "Flying", "role": "Bulky Attacker", "bvs": {"hp": 65, "atk": 125, "def": 100, "spa": 60, "spd": 70, "spe": 70}, "stats": {"hp": 232, "atk": 243, "def": 204, "spa": 140, "spd": 156, "spe": 156}}, "Tauros": {"name": "Tauros", "species": "Tauros", "speciesId": "tauros", "gender": "M", "shiny": false, "level": 82, "moves": ["bodyslam", "earthquake", "throatchop", "closecombat"], "ability": "Sheer Force", "evs": {"hp": 85, "atk": 85, "def": 85, "spa": 85, "spd": 85, "spe": 85}, "ivs": {"hp": 31, "atk": 31, "def": 31, "spa": 31, "spd": 31, "spe": 31}, "item": "Life Orb", "teraType": "Ground", "role": "Fast Attacker", "bvs": {"hp": 75, "atk": 100, "def": 95, "spa": 40, "spd": 70, "spe": 110}, "stats": {"hp": 257, "atk": 211, "def": 203, "spa": 113, "spd": 162, "spe": 228}}, "Florges": {"name": "Florges", "species": "Florges-Blue", "speciesId": "florges", "gender": "F", "shiny": false, "level": 85, "moves": ["protect", "calmmind", "moonblast", "wish"], "ability": "Flower Veil", "evs": {"hp": 85, "atk": 0, "def": 85, "spa": 85, "spd": 85, "spe": 85}, "ivs": {"hp": 31, "atk": 0, "def": 31, "spa": 31, "spd": 31, "spe": 31}, "item": "Leftovers", "teraType": "Steel", "role": "Bulky Setup", "bvs": {"hp": 78, "atk": 65, "def": 68, "spa": 112, "spd": 154, "spe": 75}, "stats": {"hp": 271, "atk": 115, "def": 164, "spa": 239, "spd": 311, "spe": 176}}}]}