{"id": "gen9randombattle-2631733502", "format": "[Gen 9] Random Battle", "players": ["gamergray23", "mundigsters"], "log": "|j|\u2606gamergray23\n|j|\u2606mundigsters\n|t:|1781430618\n|gametype|singles\n|player|p1|gamergray23|cynthia-masters4|1922\n|player|p2|mundigsters|2|1909\n|gen|9\n|tier|[Gen 9] Random Battle\n|rated|\n|rule|Species Clause: Limit one of each Pok\u00e9mon\n|rule|HP Percentage Mod: HP is shown in percentages\n|rule|Sleep Clause Mod: Limit one foe put to sleep\n|rule|Illusion Level Mod: Illusion disguises the Pok\u00e9mon's true level\n|\n|t:|1781430618\n|teamsize|p1|6\n|teamsize|p2|6\n|start\n|switch|p1a: Sableye|Sableye, L88, F|231/231\n|switch|p2a: Arboliva|Arboliva, L91, F|288/288\n|turn|1\n|inactive|Battle timer is ON: inactive players will automatically lose when time's up. (requested by mundigsters)\n|\n|t:|1781430629\n|move|p1a: Sableye|Thunder Wave|p2a: Arboliva\n|-status|p2a: Arboliva|par\n|move|p2a: Arboliva|Leech Seed|p1a: Sableye\n|-start|p1a: Sableye|move: Leech Seed\n|\n|-damage|p1a: Sableye|203/231|[from] Leech Seed|[of] p2a: Arboliva\n|upkeep\n|turn|2\n|\n|t:|1781430650\n|switch|p1a: Gholdengo|Gholdengo, L77|261/261\n|switch|p2a: Hydrapple|Hydrapple, L83, F|312/312\n|\n|upkeep\n|turn|3\n|\n|t:|1781430664\n|switch|p1a: Clawitzer|Clawitzer, L87, F|265/265\n|move|p2a: Hydrapple|Earth Power|p1a: Clawitzer\n|-damage|p1a: Clawitzer|155/265\n|\n|upkeep\n|turn|4\n|\n|t:|1781430683\n|move|p1a: Clawitzer|Ice Beam|p2a: Hydrapple\n|-supereffective|p2a: Hydrapple\n|-damage|p2a: Hydrapple|0 fnt\n|faint|p2a: Hydrapple\n|\n|upkeep\n|\n|t:|1781430692\n|switch|p2a: Ninetales|Ninetales-Alola, L78, F|242/242\n|-weather|Snowscape|[from] ability: Snow Warning|[of] p2a: Ninetales\n|turn|5\n|\n|t:|1781430704\n|switch|p1a: Gholdengo|Gholdengo, L77|261/261\n|move|p2a: Ninetales|Moonblast|p1a: Gholdengo\n|-resisted|p1a: Gholdengo\n|-damage|p1a: Gholdengo|221/261\n|\n|-weather|Snowscape|[upkeep]\n|-heal|p1a: Gholdengo|237/261|[from] item: Leftovers\n|upkeep\n|turn|6\n|\n|t:|1781430711\n|switch|p2a: Magcargo|Magcargo, L95, F|268/268\n|move|p1a: Gholdengo|Nasty Plot|p1a: Gholdengo\n|-boost|p1a: Gholdengo|spa|2\n|\n|-weather|Snowscape|[upkeep]\n|-heal|p1a: Gholdengo|253/261|[from] item: Leftovers\n|upkeep\n|turn|7\n|\n|t:|1781430724\n|move|p1a: Gholdengo|Make It Rain|p2a: Magcargo\n|-damage|p2a: Magcargo|0 fnt\n|-unboost|p1a: Gholdengo|spa|1\n|faint|p2a: Magcargo\n|\n|-weather|Snowscape|[upkeep]\n|-heal|p1a: Gholdengo|261/261|[from] item: Leftovers\n|upkeep\n|\n|t:|1781430735\n|switch|p2a: Chimecho|Chimecho, L93, M|290/290\n|turn|8\n|\n|t:|1781430750\n|-terastallize|p2a: Chimecho|Steel\n|move|p2a: Chimecho|Cosmic Power|p2a: Chimecho\n|-boost|p2a: Chimecho|def|1\n|-boost|p2a: Chimecho|spd|1\n|move|p1a: Gholdengo|Nasty Plot|p1a: Gholdengo\n|-boost|p1a: Gholdengo|spa|2\n|\n|-weather|Snowscape|[upkeep]\n|upkeep\n|turn|9\n|\n|t:|1781430760\n|switch|p1a: Illumise|Illumise, L91, F|266/266\n|move|p2a: Chimecho|Cosmic Power|p2a: Chimecho\n|-boost|p2a: Chimecho|def|1\n|-boost|p2a: Chimecho|spd|1\n|\n|-weather|none\n|upkeep\n|turn|10\n|\n|t:|1781430765\n|switch|p2a: Ninetales|Ninetales-Alola, L78, F|242/242\n|-weather|Snowscape|[from] ability: Snow Warning|[of] p2a: Ninetales\n|move|p1a: Illumise|Encore||[still]\n|-fail|p1a: Illumise\n|\n|-weather|Snowscape|[upkeep]\n|upkeep\n|turn|11\n|\n|t:|1781430770\n|move|p1a: Illumise|Thunder Wave|p2a: Ninetales\n|-status|p2a: Ninetales|par\n|cant|p2a: Ninetales|par\n|\n|-weather|Snowscape|[upkeep]\n|upkeep\n|turn|12\n|\n|t:|1781430779\n|switch|p1a: Gholdengo|Gholdengo, L77|261/261\n|move|p2a: Ninetales|Aurora Veil|p2a: Ninetales\n|-sidestart|p2: mundigsters|move: Aurora Veil\n|\n|-weather|Snowscape|[upkeep]\n|upkeep\n|turn|13\n|-message|mundigsters forfeited.\n|\n|win|gamergray23\n", "inputlog": ">version a8376a258c1d4662feba110a92103f3664a72141\n>start {\"formatid\":\"gen9randombattle\",\"seed\":\"sodium,b5ddc19b87c350688a2765bf91c2f2b0\",\"rated\":\"Rated battle\"}\n>player p1 {\"name\":\"gamergray23\",\"avatar\":\"cynthia-masters4\",\"rating\":1922,\"seed\":\"sodium,ee6960ee961053ab9f087b8e49db811c\"}\n>player p2 {\"name\":\"mundigsters\",\"avatar\":\"2\",\"rating\":1909,\"seed\":\"sodium,3607f34a1ecb14636b0f857ccd115cc8\"}\n>p1 move thunderwave\n>p2 move leechseed\n>p1 switch 3\n>p2 switch 2\n>p1 switch 6\n>p2 move earthpower\n>p1 move icebeam\n>p2 move earthpower\n>p2 switch 5\n>p1 switch 6\n>p2 move moonblast\n>p1 move nastyplot\n>p2 switch 4\n>p1 move makeitrain\n>p2 move shellsmash\n>p2 switch 3\n>p1 move nastyplot\n>p2 move cosmicpower terastallize\n>p1 switch 5\n>p2 move cosmicpower\n>p1 move encore\n>p2 switch 4\n>p1 move thunderwave\n>p2 move encore\n>p1 switch 5\n>p2 move auroraveil\n>forcelose p2", "uploadtime": 1781430620, "views": 4, "formatid": "gen9randombattle", "rating": null, "private": 0, "password": null}