{"id": "gen9randombattle-2631942709", "format": "[Gen 9] Random Battle", "players": ["i'm_new_so_be_cool", "makkereel"], "log": "|badge|p1|bronze|gen9ubers|100-9\n|uhtml|medal-msg|<div class=\"broadcast-blue\">Curious what those medals under the avatar are? PS now has Ladder Seasons! For more information, check out the <a href=\"https://www.smogon.com/forums/threads/3740067/\">thread on Smogon.</a></div>\n|j|\u2606i'm_new_so_be_cool\n|j|\u2606makkereel\n|t:|1781458218\n|gametype|singles\n|player|p1|i'm_new_so_be_cool|miku-ice|2131\n|player|p2|makkereel|170|2162\n|gen|9\n|tier|[Gen 9] Random Battle\n|rated|\n|rule|Species Clause: Limit one of each Pok\u00e9mon\n|rule|HP Percentage Mod: HP is shown in percentages\n|rule|Sleep Clause Mod: Limit one foe put to sleep\n|rule|Illusion Level Mod: Illusion disguises the Pok\u00e9mon's true level\n|\n|t:|1781458218\n|teamsize|p1|6\n|teamsize|p2|6\n|start\n|switch|p1a: Lanturn|Lanturn, L89, M|367/367\n|switch|p2a: Samurott|Samurott-Hisui, L77, F|265/265\n|turn|1\n|\n|t:|1781458234\n|switch|p2a: Hoopa|Hoopa-Unbound, L80|259/259\n|move|p1a: Lanturn|Thunder Wave|p2a: Hoopa\n|-status|p2a: Hoopa|par\n|\n|upkeep\n|turn|2\n|\n|t:|1781458242\n|switch|p1a: Wo-Chien|Wo-Chien, L83|277/277\n|-ability|p1a: Wo-Chien|Tablets of Ruin\n|cant|p2a: Hoopa|par\n|\n|upkeep\n|turn|3\n|inactive|Battle timer is ON: inactive players will automatically lose when time's up. (requested by makkereel)\n|j| Rabiesdfsdf\n|\n|t:|1781458259\n|switch|p2a: Samurott|Samurott-Hisui, L77, F|265/265\n|move|p1a: Wo-Chien|Protect||[still]\n|-fail|p1a: Wo-Chien\n|\n|upkeep\n|turn|4\n|inactive|i'm_new_so_be_cool has 120 seconds left.\n|\n|t:|1781458297\n|move|p2a: Samurott|Ceaseless Edge|p1a: Wo-Chien\n|-resisted|p1a: Wo-Chien\n|-damage|p1a: Wo-Chien|227/277\n|-sidestart|p1: i'm_new_so_be_cool|Spikes\n|move|p1a: Wo-Chien|Leech Seed|p2a: Samurott\n|-start|p2a: Samurott|move: Leech Seed\n|\n|-heal|p1a: Wo-Chien|244/277|[from] item: Leftovers\n|-damage|p2a: Samurott|232/265|[from] Leech Seed|[of] p1a: Wo-Chien\n|-heal|p1a: Wo-Chien|277/277|[silent]\n|upkeep\n|turn|5\n|inactive|i'm_new_so_be_cool has 120 seconds left.\n|inactive|makkereel has 120 seconds left.\n|\n|t:|1781458328\n|move|p2a: Samurott|Ceaseless Edge|p1a: Wo-Chien\n|-resisted|p1a: Wo-Chien\n|-damage|p1a: Wo-Chien|228/277\n|-sidestart|p1: i'm_new_so_be_cool|Spikes\n|move|p1a: Wo-Chien|Stun Spore|p2a: Samurott|[miss]\n|-miss|p1a: Wo-Chien|p2a: Samurott\n|\n|-heal|p1a: Wo-Chien|245/277|[from] item: Leftovers\n|-damage|p2a: Samurott|199/265|[from] Leech Seed|[of] p1a: Wo-Chien\n|-heal|p1a: Wo-Chien|277/277|[silent]\n|upkeep\n|turn|6\n|\n|t:|1781458337\n|switch|p2a: Golduck|Golduck, L90, M|290/290\n|-ability|p2a: Golduck|Cloud Nine\n|switch|p1a: Zamazenta|Zamazenta, L71|248/248\n|-damage|p1a: Zamazenta|207/248|[from] Spikes\n|-ability|p1a: Zamazenta|Dauntless Shield|boost\n|-boost|p1a: Zamazenta|def|1\n|\n|-heal|p1a: Zamazenta|222/248|[from] item: Leftovers\n|upkeep\n|turn|7\n|inactive|i'm_new_so_be_cool has 120 seconds left.\n|inactive|makkereel has 120 seconds left.\n|\n|t:|1781458356\n|switch|p1a: Lanturn|Lanturn, L89, M|367/367\n|-damage|p1a: Lanturn|306/367|[from] Spikes\n|switch|p2a: Hoopa|Hoopa-Unbound, L80|259/259 par\n|\n|-heal|p1a: Lanturn|328/367|[from] item: Leftovers\n|upkeep\n|turn|8\n|inactive|i'm_new_so_be_cool has 120 seconds left.\n|\n|t:|1781458375\n|switch|p1a: Zamazenta|Zamazenta, L71|222/248\n|-damage|p1a: Zamazenta|181/248|[from] Spikes\n|move|p2a: Hoopa|Gunk Shot|p1a: Zamazenta\n|-damage|p1a: Zamazenta|62/248\n|-status|p1a: Zamazenta|psn\n|\n|-heal|p1a: Zamazenta|77/248 psn|[from] item: Leftovers\n|-damage|p1a: Zamazenta|46/248 psn|[from] psn\n|upkeep\n|turn|9\n|inactive|i'm_new_so_be_cool has 120 seconds left.\n|\n|t:|1781458388\n|switch|p2a: Lunala|Lunala, L70|308/308\n|move|p1a: Zamazenta|Body Press|p2a: Lunala\n|-immune|p2a: Lunala\n|\n|-heal|p1a: Zamazenta|61/248 psn|[from] item: Leftovers\n|-damage|p1a: Zamazenta|30/248 psn|[from] psn\n|upkeep\n|turn|10\n|\n|t:|1781458397\n|switch|p2a: Samurott|Samurott-Hisui, L77, F|199/265\n|move|p1a: Zamazenta|Crunch|p2a: Samurott\n|-resisted|p2a: Samurott\n|-damage|p2a: Samurott|168/265\n|\n|-heal|p1a: Zamazenta|45/248 psn|[from] item: Leftovers\n|-damage|p1a: Zamazenta|14/248 psn|[from] psn\n|upkeep\n|turn|11\n|\n|t:|1781458406\n|switch|p1a: Wo-Chien|Wo-Chien, L83|277/277\n|-damage|p1a: Wo-Chien|231/277|[from] Spikes\n|-ability|p1a: Wo-Chien|Tablets of Ruin\n|move|p2a: Samurott|Sucker Punch||[still]\n|-fail|p2a: Samurott\n|\n|-heal|p1a: Wo-Chien|248/277|[from] item: Leftovers\n|upkeep\n|turn|12\n|\n|t:|1781458426\n|switch|p2a: Orthworm|Orthworm, L88, M|266/266\n|move|p1a: Wo-Chien|Knock Off|p2a: Orthworm\n|-damage|p2a: Orthworm|208/266\n|-enditem|p2a: Orthworm|Leftovers|[from] move: Knock Off|[of] p1a: Wo-Chien\n|\n|-heal|p1a: Wo-Chien|265/277|[from] item: Leftovers\n|upkeep\n|turn|13\n|inactive|i'm_new_so_be_cool has 120 seconds left.\n|inactive|i'm_new_so_be_cool has 90 seconds left.\n|\n|t:|1781458496\n|move|p2a: Orthworm|Body Press|p1a: Wo-Chien\n|-supereffective|p1a: Wo-Chien\n|-damage|p1a: Wo-Chien|151/277\n|move|p1a: Wo-Chien|Leech Seed|p2a: Orthworm\n|-start|p2a: Orthworm|move: Leech Seed\n|\n|-heal|p1a: Wo-Chien|168/277|[from] item: Leftovers\n|-damage|p2a: Orthworm|175/266|[from] Leech Seed|[of] p1a: Wo-Chien\n|-heal|p1a: Wo-Chien|201/277|[silent]\n|upkeep\n|turn|14\n|\n|t:|1781458508\n|move|p2a: Orthworm|Shed Tail|p2a: Orthworm\n|-start|p2a: Orthworm|Substitute|[from] move: Shed Tail\n|-damage|p2a: Orthworm|42/266\n|\n|t:|1781458513\n|switch|p2a: Hoopa|Hoopa-Unbound, L80|259/259 par|[from] Shed Tail\n|move|p1a: Wo-Chien|Knock Off|p2a: Hoopa\n|-end|p2a: Hoopa|Substitute\n|\n|-heal|p1a: Wo-Chien|218/277|[from] item: Leftovers\n|upkeep\n|turn|15\n|\n|t:|1781458519\n|move|p1a: Wo-Chien|Protect|p1a: Wo-Chien\n|-singleturn|p1a: Wo-Chien|Protect\n|cant|p2a: Hoopa|par\n|\n|-heal|p1a: Wo-Chien|235/277|[from] item: Leftovers\n|upkeep\n|turn|16\n|\n|t:|1781458527\n|switch|p1a: Zamazenta|Zamazenta, L71|14/248 psn\n|-damage|p1a: Zamazenta|0 fnt|[from] Spikes\n|faint|p1a: Zamazenta\n|move|p2a: Hoopa|Focus Blast|p1: Zamazenta|[notarget]\n|-fail|p2a: Hoopa\n|\n|upkeep\n|inactive|i'm_new_so_be_cool has 90 seconds left.\n|inactive|i'm_new_so_be_cool has 60 seconds left.\n|inactive|i'm_new_so_be_cool has 30 seconds left.\n|inactive|i'm_new_so_be_cool has 20 seconds left.\n|inactive|i'm_new_so_be_cool has 15 seconds left.\n|\n|t:|1781458620\n|switch|p1a: Porygon-Z|Porygon-Z, L83|277/277\n|-damage|p1a: Porygon-Z|231/277|[from] Spikes\n|turn|17\n|inactive|i'm_new_so_be_cool has 25 seconds left this turn.\n|inactive|i'm_new_so_be_cool has 20 seconds left.\n|\n|t:|1781458638\n|move|p1a: Porygon-Z|Tera Blast|p2a: Hoopa\n|-damage|p2a: Hoopa|168/259 par\n|-damage|p1a: Porygon-Z|204/277|[from] item: Life Orb\n|move|p2a: Hoopa|Focus Blast|p1a: Porygon-Z\n|-supereffective|p1a: Porygon-Z\n|-damage|p1a: Porygon-Z|0 fnt\n|faint|p1a: Porygon-Z\n|\n|upkeep\n|inactive|i'm_new_so_be_cool has 25 seconds left this turn.\n|inactive|i'm_new_so_be_cool has 20 seconds left.\n|inactive|i'm_new_so_be_cool has 15 seconds left.\n|inactive|i'm_new_so_be_cool has 10 seconds left.\n|\n|t:|1781458654\n|switch|p1a: Minior|Minior-Green, L79|224/224\n|-formechange|p1a: Minior|Minior-Meteor||[from] ability: Shields Down\n|turn|18\n|inactive|i'm_new_so_be_cool has 20 seconds left this turn.\n|\n|t:|1781458667\n|switch|p2a: Golduck|Golduck, L90, M|290/290\n|-ability|p2a: Golduck|Cloud Nine\n|move|p1a: Minior|Shell Smash|p1a: Minior\n|-unboost|p1a: Minior|def|1\n|-unboost|p1a: Minior|spd|1\n|-boost|p1a: Minior|atk|2\n|-boost|p1a: Minior|spa|2\n|-boost|p1a: Minior|spe|2\n|-enditem|p1a: Minior|White Herb\n|-clearnegativeboost|p1a: Minior|[silent]\n|\n|upkeep\n|turn|19\n|inactive|i'm_new_so_be_cool has 30 seconds left this turn.\n|inactive|i'm_new_so_be_cool has 20 seconds left.\n|inactive|i'm_new_so_be_cool has 15 seconds left.\n|inactive|i'm_new_so_be_cool has 10 seconds left.\n|\n|t:|1781458690\n|-terastallize|p1a: Minior|Water\n|move|p1a: Minior|Shell Smash|p1a: Minior\n|-unboost|p1a: Minior|def|1\n|-unboost|p1a: Minior|spd|1\n|-boost|p1a: Minior|atk|2\n|-boost|p1a: Minior|spa|2\n|-boost|p1a: Minior|spe|2\n|move|p2a: Golduck|Hydro Pump|p1a: Minior\n|-resisted|p1a: Minior\n|-damage|p1a: Minior|110/224\n|-damage|p2a: Golduck|261/290|[from] item: Life Orb\n|\n|-formechange|p1a: Minior|Minior-Green||[from] ability: Shields Down\n|upkeep\n|turn|20\n|inactive|i'm_new_so_be_cool has 20 seconds left this turn.\n|inactive|i'm_new_so_be_cool has 15 seconds left.\n|\n|t:|1781458704\n|move|p1a: Minior|Acrobatics|p2a: Golduck\n|-damage|p2a: Golduck|0 fnt\n|faint|p2a: Golduck\n|\n|upkeep\n|inactive|makkereel has 120 seconds left.\n|\n|t:|1781458754\n|switch|p2a: Lunala|Lunala, L70|308/308\n|turn|21\n|inactive|i'm_new_so_be_cool has 30 seconds left this turn.\n|inactive|i'm_new_so_be_cool has 20 seconds left.\n|inactive|i'm_new_so_be_cool has 15 seconds left.\n|inactive|i'm_new_so_be_cool has 10 seconds left.\n|\n|t:|1781458776\n|move|p1a: Minior|Acrobatics|p2a: Lunala\n|-damage|p2a: Lunala|127/308\n|move|p2a: Lunala|Moongeist Beam|p1a: Minior\n|-damage|p1a: Minior|0 fnt\n|faint|p1a: Minior\n|\n|-heal|p2a: Lunala|146/308|[from] item: Leftovers\n|upkeep\n|inactive|i'm_new_so_be_cool has 15 seconds left this turn.\n|inactive|i'm_new_so_be_cool has 10 seconds left.\n|\n|t:|1781458781\n|switch|p1a: Greninja|Greninja, L80, M|246/246\n|-damage|p1a: Greninja|205/246|[from] Spikes\n|turn|22\n|inactive|i'm_new_so_be_cool has 20 seconds left this turn.\n|\n|t:|1781458792\n|switch|p2a: Samurott|Samurott-Hisui, L77, F|168/265\n|move|p1a: Greninja|Dark Pulse|p2a: Samurott\n|-resisted|p2a: Samurott\n|-damage|p2a: Samurott|98/265\n|-damage|p1a: Greninja|181/246|[from] item: Life Orb\n|\n|upkeep\n|turn|23\n|inactive|i'm_new_so_be_cool has 30 seconds left this turn.\n|inactive|i'm_new_so_be_cool has 20 seconds left.\n|inactive|i'm_new_so_be_cool has 15 seconds left.\n|inactive|i'm_new_so_be_cool has 10 seconds left.\n|inactive|i'm_new_so_be_cool has 5 seconds left.\n|-message|i'm_new_so_be_cool lost due to inactivity.\n|\n|win|makkereel\n", "inputlog": ">version a8376a258c1d4662feba110a92103f3664a72141\n>start {\"formatid\":\"gen9randombattle\",\"seed\":\"sodium,cd31a1aced7fed5763942950083b163d\",\"rated\":\"Rated battle\"}\n>player p1 {\"name\":\"i'm_new_so_be_cool\",\"avatar\":\"miku-ice\",\"rating\":2131,\"seed\":\"sodium,e7a310c6ae22fe7e0aaaff5111e07c67\"}\n>player p2 {\"name\":\"makkereel\",\"avatar\":\"170\",\"rating\":2162,\"seed\":\"sodium,35481f13f1dc8d48800f7913cba42d14\"}\n>p1 move thunderwave\n>p2 switch 4\n>p1 switch 4\n>p2 move hyperspacefury\n>p1 move protect\n>p2 switch 4\n>p1 move leechseed\n>p2 move ceaselessedge\n>p1 move stunspore\n>p2 move ceaselessedge\n>p1 switch 6\n>p2 switch 5\n>p1 switch 4\n>p2 switch 4\n>p1 switch 4\n>p2 move gunkshot\n>p1 move bodypress\n>p2 switch 6\n>p1 move crunch\n>p2 switch 5\n>p1 switch 6\n>p2 move suckerpunch\n>p1 move knockoff\n>p2 switch 3\n>p1 move leechseed\n>p2 move bodypress\n>p1 move knockoff\n>p2 move shedtail\n>p2 switch 6\n>p1 move protect\n>p2 move gunkshot\n>p1 switch 6\n>p2 move focusblast\n>p1 switch 3\n>p1 move terablast\n>p2 move focusblast\n>p1 switch 5\n>p1 move shellsmash\n>p2 switch 4\n>p1 move shellsmash terastallize\n>p2 move hydropump\n>p1 move acrobatics\n>p2 move hydropump\n>p2 switch 5\n>p1 move acrobatics\n>p2 move moongeistbeam\n>p1 switch 2\n>p1 move darkpulse\n>p2 switch 3\n>forcelose p1", "uploadtime": 1781458221, "views": 5, "formatid": "gen9randombattle", "rating": null, "private": 0, "password": null}