{"id": "gen9randombattle-2631967504", "format": "[Gen 9] Random Battle", "players": ["Failtacular3245", "Unknown Warrior"], "log": "|j|\u2606Failtacular3245\n|j|\u2606Unknown Warrior\n|t:|1781460904\n|gametype|singles\n|player|p1|Failtacular3245|youngster-gen4dp|1973\n|player|p2|Unknown Warrior|2|1940\n|gen|9\n|tier|[Gen 9] Random Battle\n|rated|\n|rule|Species Clause: Limit one of each Pok\u00e9mon\n|rule|HP Percentage Mod: HP is shown in percentages\n|rule|Sleep Clause Mod: Limit one foe put to sleep\n|rule|Illusion Level Mod: Illusion disguises the Pok\u00e9mon's true level\n|\n|t:|1781460904\n|teamsize|p1|6\n|teamsize|p2|6\n|start\n|switch|p1a: Excadrill|Excadrill, L79, F|303/303\n|switch|p2a: Tentacruel|Tentacruel, L84, F|272/272\n|-ability|p1a: Excadrill|Mold Breaker\n|turn|1\n|inactive|Battle timer is ON: inactive players will automatically lose when time's up. (requested by Failtacular3245)\n|\n|t:|1781460917\n|switch|p2a: Serperior|Serperior, L79, M|248/248\n|switch|p1a: Metagross|Metagross, L79|256/256\n|\n|upkeep\n|turn|2\n|\n|t:|1781460921\n|move|p2a: Serperior|Glare|p1a: Metagross\n|-status|p1a: Metagross|par\n|move|p1a: Metagross|Stealth Rock|p2a: Serperior\n|-sidestart|p2: Unknown Warrior|move: Stealth Rock\n|\n|upkeep\n|turn|3\n|\n|t:|1781460936\n|switch|p1a: Rabsca|Rabsca, L91, M|284/284\n|move|p2a: Serperior|Leaf Storm|p1a: Rabsca\n|-resisted|p1a: Rabsca\n|-damage|p1a: Rabsca|228/284\n|-boost|p2a: Serperior|spa|2\n|-damage|p2a: Serperior|224/248|[from] item: Life Orb\n|\n|upkeep\n|turn|4\n|\n|t:|1781460950\n|switch|p2a: Tentacruel|Tentacruel, L84, F|272/272\n|-damage|p2a: Tentacruel|238/272|[from] Stealth Rock\n|move|p1a: Rabsca|Trick Room|p1a: Rabsca\n|-fieldstart|move: Trick Room|[of] p1a: Rabsca\n|\n|upkeep\n|turn|5\n|\n|t:|1781460953\n|move|p1a: Rabsca|Psychic|p2a: Tentacruel\n|-supereffective|p2a: Tentacruel\n|-damage|p2a: Tentacruel|94/272\n|move|p2a: Tentacruel|Rapid Spin|p1a: Rabsca\n|-damage|p1a: Rabsca|199/284\n|-boost|p2a: Tentacruel|spe|1\n|-sideend|p2: Unknown Warrior|Stealth Rock|[from] move: Rapid Spin|[of] p2a: Tentacruel\n|\n|upkeep\n|turn|6\n|\n|t:|1781460970\n|-terastallize|p2a: Tentacruel|Grass\n|move|p1a: Rabsca|Psychic|p2a: Tentacruel\n|-damage|p2a: Tentacruel|24/272\n|move|p2a: Tentacruel|Knock Off|p1a: Rabsca\n|-supereffective|p1a: Rabsca\n|-damage|p1a: Rabsca|91/284\n|-enditem|p1a: Rabsca|Heavy-Duty Boots|[from] move: Knock Off|[of] p2a: Tentacruel\n|\n|upkeep\n|turn|7\n|\n|t:|1781460981\n|move|p1a: Rabsca|Bug Buzz|p2a: Tentacruel\n|-supereffective|p2a: Tentacruel\n|-damage|p2a: Tentacruel|0 fnt\n|faint|p2a: Tentacruel\n|\n|upkeep\n|\n|t:|1781460984\n|switch|p2a: Conkeldurr|Conkeldurr, L80, M|299/299\n|turn|8\n|\n|t:|1781460988\n|move|p1a: Rabsca|Psychic|p2a: Conkeldurr\n|-supereffective|p2a: Conkeldurr\n|-damage|p2a: Conkeldurr|0 fnt\n|faint|p2a: Conkeldurr\n|\n|-fieldend|move: Trick Room\n|upkeep\n|\n|t:|1781460993\n|switch|p2a: Eelektross|Eelektross, L87, M|290/290\n|turn|9\n|\n|t:|1781460999\n|switch|p1a: Excadrill|Excadrill, L79, F|303/303\n|-ability|p1a: Excadrill|Mold Breaker\n|move|p2a: Eelektross|Coil|p2a: Eelektross\n|-boost|p2a: Eelektross|atk|1\n|-boost|p2a: Eelektross|def|1\n|-boost|p2a: Eelektross|accuracy|1\n|\n|upkeep\n|turn|10\n|\n|t:|1781461002\n|move|p1a: Excadrill|Swords Dance|p1a: Excadrill\n|-boost|p1a: Excadrill|atk|2\n|move|p2a: Eelektross|Drain Punch|p1a: Excadrill\n|-supereffective|p1a: Excadrill\n|-damage|p1a: Excadrill|17/303\n|\n|-heal|p1a: Excadrill|35/303|[from] item: Leftovers\n|upkeep\n|turn|11\n|\n|t:|1781461007\n|switch|p2a: Serperior|Serperior, L79, M|224/248\n|move|p1a: Excadrill|Earthquake|p2a: Serperior\n|-resisted|p2a: Serperior\n|-damage|p2a: Serperior|102/248\n|\n|-heal|p1a: Excadrill|53/303|[from] item: Leftovers\n|upkeep\n|turn|12\n|\n|t:|1781461011\n|switch|p1a: Metagross|Metagross, L79|256/256 par\n|move|p2a: Serperior|Leaf Storm|p1a: Metagross\n|-resisted|p1a: Metagross\n|-damage|p1a: Metagross|190/256 par\n|-boost|p2a: Serperior|spa|2\n|-damage|p2a: Serperior|78/248|[from] item: Life Orb\n|\n|-heal|p1a: Metagross|206/256 par|[from] item: Leftovers\n|upkeep\n|turn|13\n|\n|t:|1781461013\n|move|p2a: Serperior|Synthesis|p2a: Serperior\n|-heal|p2a: Serperior|202/248\n|move|p1a: Metagross|Psychic Fangs|p2a: Serperior\n|-damage|p2a: Serperior|100/248\n|\n|-heal|p1a: Metagross|222/256 par|[from] item: Leftovers\n|upkeep\n|turn|14\n|\n|t:|1781461016\n|move|p2a: Serperior|Synthesis|p2a: Serperior\n|-heal|p2a: Serperior|224/248\n|cant|p1a: Metagross|par\n|\n|-heal|p1a: Metagross|238/256 par|[from] item: Leftovers\n|upkeep\n|turn|15\n|\n|t:|1781461019\n|switch|p1a: Rayquaza|Rayquaza, L72|270/270\n|-ability|p1a: Rayquaza|Air Lock\n|move|p2a: Serperior|Leaf Storm|p1a: Rayquaza\n|-resisted|p1a: Rayquaza\n|-damage|p1a: Rayquaza|192/270\n|-boost|p2a: Serperior|spa|2\n|-damage|p2a: Serperior|200/248|[from] item: Life Orb\n|\n|upkeep\n|turn|16\n|\n|t:|1781461021\n|move|p2a: Serperior|Dragon Pulse|p1a: Rayquaza\n|-supereffective|p1a: Rayquaza\n|-damage|p1a: Rayquaza|0 fnt\n|faint|p1a: Rayquaza\n|-damage|p2a: Serperior|176/248|[from] item: Life Orb\n|\n|upkeep\n|\n|t:|1781461025\n|switch|p1a: Electivire|Electivire, L84, M|263/263\n|turn|17\n|\n|t:|1781461028\n|move|p2a: Serperior|Leaf Storm|p1a: Electivire|[miss]\n|-miss|p2a: Serperior|p1a: Electivire\n|move|p1a: Electivire|Ice Punch|p2a: Serperior\n|-supereffective|p2a: Serperior\n|-damage|p2a: Serperior|0 fnt\n|faint|p2a: Serperior\n|-damage|p1a: Electivire|237/263|[from] item: Life Orb\n|\n|upkeep\n|\n|t:|1781461037\n|switch|p2a: Cobalion|Cobalion, L80|277/277\n|turn|18\n|\n|t:|1781461041\n|move|p2a: Cobalion|Calm Mind|p2a: Cobalion\n|-boost|p2a: Cobalion|spa|1\n|-boost|p2a: Cobalion|spd|1\n|move|p1a: Electivire|Earthquake|p2a: Cobalion\n|-supereffective|p2a: Cobalion\n|-damage|p2a: Cobalion|90/277\n|-damage|p1a: Electivire|211/263|[from] item: Life Orb\n|\n|-heal|p2a: Cobalion|107/277|[from] item: Leftovers\n|upkeep\n|turn|19\n|\n|t:|1781461044\n|move|p2a: Cobalion|Aura Sphere|p1a: Electivire\n|-damage|p1a: Electivire|105/263\n|move|p1a: Electivire|Earthquake|p2a: Cobalion\n|-supereffective|p2a: Cobalion\n|-damage|p2a: Cobalion|0 fnt\n|faint|p2a: Cobalion\n|-damage|p1a: Electivire|79/263|[from] item: Life Orb\n|\n|upkeep\n|\n|t:|1781461053\n|switch|p2a: Eelektross|Eelektross, L87, M|290/290\n|turn|20\n|\n|t:|1781461057\n|switch|p1a: Excadrill|Excadrill, L79, F|53/303\n|-ability|p1a: Excadrill|Mold Breaker\n|move|p2a: Eelektross|Coil|p2a: Eelektross\n|-boost|p2a: Eelektross|atk|1\n|-boost|p2a: Eelektross|def|1\n|-boost|p2a: Eelektross|accuracy|1\n|\n|-heal|p1a: Excadrill|71/303|[from] item: Leftovers\n|upkeep\n|turn|21\n|\n|t:|1781461059\n|move|p1a: Excadrill|Earthquake|p2a: Eelektross\n|-supereffective|p2a: Eelektross\n|-damage|p2a: Eelektross|122/290\n|move|p2a: Eelektross|Drain Punch|p1a: Excadrill\n|-supereffective|p1a: Excadrill\n|-damage|p1a: Excadrill|0 fnt\n|-heal|p2a: Eelektross|158/290|[from] drain|[of] p1a: Excadrill\n|faint|p1a: Excadrill\n|\n|-heal|p2a: Eelektross|176/290|[from] item: Leftovers\n|upkeep\n|\n|t:|1781461063\n|switch|p1a: Metagross|Metagross, L79|238/256 par\n|turn|22\n|\n|t:|1781461066\n|move|p2a: Eelektross|Coil|p2a: Eelektross\n|-boost|p2a: Eelektross|atk|1\n|-boost|p2a: Eelektross|def|1\n|-boost|p2a: Eelektross|accuracy|1\n|move|p1a: Metagross|Earthquake|p2a: Eelektross\n|-immune|p2a: Eelektross|[from] ability: Levitate\n|\n|-heal|p2a: Eelektross|194/290|[from] item: Leftovers\n|-heal|p1a: Metagross|254/256 par|[from] item: Leftovers\n|upkeep\n|turn|23\n|\n|t:|1781461068\n|move|p2a: Eelektross|Drain Punch|p1a: Metagross\n|-damage|p1a: Metagross|151/256 par\n|-heal|p2a: Eelektross|246/290|[from] drain|[of] p1a: Metagross\n|move|p1a: Metagross|Earthquake|p2a: Eelektross\n|-immune|p2a: Eelektross|[from] ability: Levitate\n|\n|-heal|p2a: Eelektross|264/290|[from] item: Leftovers\n|-heal|p1a: Metagross|167/256 par|[from] item: Leftovers\n|upkeep\n|turn|24\n|\n|t:|1781461072\n|move|p2a: Eelektross|Knock Off|p1a: Metagross\n|-supereffective|p1a: Metagross\n|-damage|p1a: Metagross|0 fnt\n|-enditem|p1a: Metagross|Leftovers|[from] move: Knock Off|[of] p2a: Eelektross\n|faint|p1a: Metagross\n|\n|-heal|p2a: Eelektross|282/290|[from] item: Leftovers\n|upkeep\n|\n|t:|1781461074\n|switch|p1a: Porygon-Z|Porygon-Z, L83|277/277\n|turn|25\n|\n|t:|1781461083\n|-terastallize|p1a: Porygon-Z|Fighting\n|move|p1a: Porygon-Z|Nasty Plot|p1a: Porygon-Z\n|-boost|p1a: Porygon-Z|spa|2\n|move|p2a: Eelektross|Supercell Slam|p1a: Porygon-Z\n|-damage|p1a: Porygon-Z|0 fnt\n|faint|p1a: Porygon-Z\n|\n|-heal|p2a: Eelektross|290/290|[from] item: Leftovers\n|upkeep\n|-message|Failtacular3245 forfeited.\n|\n|win|Unknown Warrior\n", "inputlog": ">version a8376a258c1d4662feba110a92103f3664a72141\n>start {\"formatid\":\"gen9randombattle\",\"seed\":\"sodium,1b24be3ab5a5f9a264775d6d5e81f30d\",\"rated\":\"Rated battle\"}\n>player p1 {\"name\":\"Failtacular3245\",\"avatar\":\"youngster-gen4dp\",\"rating\":1973,\"seed\":\"sodium,7e7b545d6dbd287baba784b3e2295e8b\"}\n>player p2 {\"name\":\"Unknown Warrior\",\"avatar\":\"2\",\"rating\":1940,\"seed\":\"sodium,15129af9dd83ffe1b421fc4f7e8d4bc5\"}\n>p1 switch 4\n>p2 switch 5\n>p1 move stealthrock\n>p2 move glare\n>p1 switch 2\n>p2 move leafstorm\n>p1 move trickroom\n>p2 switch 5\n>p1 move psychic\n>p2 move rapidspin\n>p1 move psychic\n>p2 move knockoff terastallize\n>p1 move bugbuzz\n>p2 move sludgebomb\n>p2 switch 6\n>p1 move psychic\n>p2 move knockoff\n>p2 switch 3\n>p1 switch 4\n>p2 move coil\n>p1 move swordsdance\n>p2 move drainpunch\n>p1 move earthquake\n>p2 switch 5\n>p1 switch 2\n>p2 move leafstorm\n>p1 move psychicfangs\n>p2 move synthesis\n>p1 move psychicfangs\n>p2 move synthesis\n>p1 switch 5\n>p2 move leafstorm\n>p1 move dragonascent\n>p2 move dragonpulse\n>p1 switch 3\n>p1 move icepunch\n>p2 move leafstorm\n>p2 switch 4\n>p1 move earthquake\n>p2 move calmmind\n>p1 move earthquake\n>p2 move aurasphere\n>p2 switch 5\n>p1 switch 2\n>p2 move coil\n>p1 move earthquake\n>p2 move drainpunch\n>p1 switch 5\n>p1 move earthquake\n>p2 move coil\n>p1 move earthquake\n>p2 move drainpunch\n>p1 move earthquake\n>p2 move knockoff\n>p1 switch 6\n>p1 move nastyplot terastallize\n>p2 move supercellslam\n>forcelose p1", "uploadtime": 1781460906, "views": 5, "formatid": "gen9randombattle", "rating": null, "private": 0, "password": null}