{"id": "gen9randombattle-2631536173", "format": "[Gen 9] Random Battle", "players": ["bigolron", "Jefejenaro"], "log": "|j|\u2606bigolron\n|j|\u2606Jefejenaro\n|t:|1781398055\n|gametype|singles\n|player|p1|bigolron|mars|1959\n|player|p2|Jefejenaro|wallace|1940\n|gen|9\n|tier|[Gen 9] Random Battle\n|rated|\n|rule|Species Clause: Limit one of each Pok\u00e9mon\n|rule|HP Percentage Mod: HP is shown in percentages\n|rule|Sleep Clause Mod: Limit one foe put to sleep\n|rule|Illusion Level Mod: Illusion disguises the Pok\u00e9mon's true level\n|\n|t:|1781398055\n|teamsize|p1|6\n|teamsize|p2|6\n|start\n|switch|p1a: Camerupt|Camerupt, L91, M|275/275\n|switch|p2a: Clawitzer|Clawitzer, L87, F|265/265\n|turn|1\n|\n|t:|1781398062\n|switch|p1a: Sinistcha|Sinistcha-Masterpiece, L83|254/254\n|move|p2a: Clawitzer|Water Pulse|p1a: Sinistcha\n|-resisted|p1a: Sinistcha\n|-damage|p1a: Sinistcha|183/254\n|\n|-heal|p1a: Sinistcha|198/254|[from] item: Leftovers\n|upkeep\n|turn|2\n|\n|t:|1781398070\n|switch|p2a: Mightyena|Mightyena, L96, F|290/290\n|-ability|p2a: Mightyena|Intimidate|boost\n|-unboost|p1a: Sinistcha|atk|1\n|move|p1a: Sinistcha|Strength Sap|p2a: Mightyena\n|-unboost|p2a: Mightyena|atk|1\n|-heal|p1a: Sinistcha|254/254\n|\n|upkeep\n|turn|3\n|\n|t:|1781398075\n|switch|p1a: Crawdaunt|Crawdaunt, L84, F|243/243\n|move|p2a: Mightyena|Crunch|p1a: Crawdaunt\n|-resisted|p1a: Crawdaunt\n|-damage|p1a: Crawdaunt|210/243\n|-unboost|p1a: Crawdaunt|def|1\n|\n|upkeep\n|turn|4\n|\n|t:|1781398092\n|move|p2a: Mightyena|Play Rough|p1a: Crawdaunt\n|-supereffective|p1a: Crawdaunt\n|-damage|p1a: Crawdaunt|42/243\n|-unboost|p1a: Crawdaunt|atk|1\n|move|p1a: Crawdaunt|Knock Off|p2a: Mightyena\n|-resisted|p2a: Mightyena\n|-damage|p2a: Mightyena|213/290\n|-enditem|p2a: Mightyena|Assault Vest|[from] move: Knock Off|[of] p1a: Crawdaunt\n|-damage|p1a: Crawdaunt|18/243|[from] item: Life Orb\n|\n|upkeep\n|turn|5\n|\n|t:|1781398101\n|move|p2a: Mightyena|Poison Fang|p1a: Crawdaunt\n|-damage|p1a: Crawdaunt|0 fnt\n|faint|p1a: Crawdaunt\n|\n|upkeep\n|\n|t:|1781398104\n|switch|p1a: Rotom|Rotom-Wash, L82|216/216\n|turn|6\n|\n|t:|1781398144\n|move|p2a: Mightyena|Poison Fang|p1a: Rotom\n|-damage|p1a: Rotom|189/216\n|move|p1a: Rotom|Discharge|p2a: Mightyena\n|-damage|p2a: Mightyena|105/290\n|-status|p2a: Mightyena|par\n|\n|-heal|p1a: Rotom|202/216|[from] item: Leftovers\n|upkeep\n|turn|7\n|\n|t:|1781398173\n|switch|p2a: Raging Bolt|Raging Bolt, L78|323/323\n|-enditem|p2a: Raging Bolt|Booster Energy\n|-activate|p2a: Raging Bolt|ability: Protosynthesis|[fromitem]\n|-start|p2a: Raging Bolt|protosynthesisspa\n|move|p1a: Rotom|Discharge|p2a: Raging Bolt\n|-resisted|p2a: Raging Bolt\n|-damage|p2a: Raging Bolt|299/323\n|\n|-heal|p1a: Rotom|215/216|[from] item: Leftovers\n|upkeep\n|turn|8\n|\n|t:|1781398178\n|move|p1a: Rotom|Volt Switch|p2a: Raging Bolt\n|-resisted|p2a: Raging Bolt\n|-damage|p2a: Raging Bolt|280/323\n|\n|t:|1781398180\n|switch|p1a: Camerupt|Camerupt, L91, M|275/275|[from] Volt Switch\n|move|p2a: Raging Bolt|Dragon Pulse|p1a: Camerupt\n|-damage|p1a: Camerupt|128/275\n|\n|-heal|p1a: Camerupt|145/275|[from] item: Leftovers\n|upkeep\n|turn|9\n|\n|t:|1781398194\n|move|p2a: Raging Bolt|Dragon Pulse|p1a: Camerupt\n|-damage|p1a: Camerupt|7/275\n|move|p1a: Camerupt|Earthquake|p2a: Raging Bolt\n|-supereffective|p2a: Raging Bolt\n|-damage|p2a: Raging Bolt|0 fnt\n|faint|p2a: Raging Bolt\n|-end|p2a: Raging Bolt|Protosynthesis|[silent]\n|\n|-heal|p1a: Camerupt|24/275|[from] item: Leftovers\n|upkeep\n|\n|t:|1781398202\n|switch|p2a: Clawitzer|Clawitzer, L87, F|265/265\n|turn|10\n|\n|t:|1781398205\n|move|p2a: Clawitzer|Water Pulse|p1a: Camerupt\n|-supereffective|p1a: Camerupt\n|-damage|p1a: Camerupt|0 fnt\n|faint|p1a: Camerupt\n|\n|upkeep\n|\n|t:|1781398209\n|switch|p1a: Trevenant|Trevenant, L89, F|296/296\n|turn|11\n|\n|t:|1781398214\n|move|p2a: Clawitzer|U-turn|p1a: Trevenant\n|-damage|p1a: Trevenant|249/296\n|\n|t:|1781398216\n|switch|p2a: Mightyena|Mightyena, L96, F|105/290 par|[from] U-turn\n|-ability|p2a: Mightyena|Intimidate|boost\n|-unboost|p1a: Trevenant|atk|1\n|move|p1a: Trevenant|Drain Punch|p2a: Mightyena\n|-supereffective|p2a: Mightyena\n|-damage|p2a: Mightyena|13/290 par\n|-heal|p1a: Trevenant|295/296|[from] drain|[of] p2a: Mightyena\n|\n|upkeep\n|turn|12\n|\n|t:|1781398220\n|move|p1a: Trevenant|Drain Punch|p2a: Mightyena\n|-supereffective|p2a: Mightyena\n|-damage|p2a: Mightyena|0 fnt\n|-heal|p1a: Trevenant|296/296|[from] drain|[of] p2a: Mightyena\n|faint|p2a: Mightyena\n|\n|upkeep\n|\n|t:|1781398227\n|switch|p2a: Banette|Banette, L93, M|270/270\n|turn|13\n|\n|t:|1781398249\n|switch|p1a: Rotom|Rotom-Wash, L82|215/216\n|move|p2a: Banette|Poltergeist|p1a: Rotom\n|-activate|p1a: Rotom|move: Poltergeist|Leftovers\n|-damage|p1a: Rotom|34/216\n|-damage|p2a: Banette|243/270|[from] item: Life Orb\n|\n|-heal|p1a: Rotom|47/216|[from] item: Leftovers\n|upkeep\n|turn|14\n|\n|t:|1781398286\n|move|p2a: Banette|Shadow Sneak|p1a: Rotom\n|-damage|p1a: Rotom|0 fnt\n|faint|p1a: Rotom\n|-damage|p2a: Banette|216/270|[from] item: Life Orb\n|\n|upkeep\n|\n|t:|1781398291\n|switch|p1a: Trevenant|Trevenant, L89, F|296/296\n|turn|15\n|\n|t:|1781398302\n|switch|p2a: Flygon|Flygon, L82, M|265/265\n|-terastallize|p1a: Trevenant|Steel\n|move|p1a: Trevenant|Poltergeist|p2a: Flygon\n|-activate|p2a: Flygon|move: Poltergeist|Lum Berry\n|-damage|p2a: Flygon|97/265\n|\n|upkeep\n|turn|16\n|c|\u2606bigolron|i love when my team has a base speed of 5\n|\n|t:|1781398311\n|switch|p1a: Sinistcha|Sinistcha-Masterpiece, L83|254/254\n|move|p2a: Flygon|Earthquake|p1a: Sinistcha\n|-resisted|p1a: Sinistcha\n|-damage|p1a: Sinistcha|211/254\n|\n|-heal|p1a: Sinistcha|226/254|[from] item: Leftovers\n|upkeep\n|turn|17\n|\n|t:|1781398329\n|switch|p2a: Clawitzer|Clawitzer, L87, F|265/265\n|move|p1a: Sinistcha|Strength Sap|p2a: Clawitzer\n|-unboost|p2a: Clawitzer|atk|1\n|-heal|p1a: Sinistcha|254/254\n|\n|upkeep\n|turn|18\n|\n|t:|1781398333\n|move|p1a: Sinistcha|Matcha Gotcha|p2a: Clawitzer\n|-supereffective|p2a: Clawitzer\n|-damage|p2a: Clawitzer|133/265\n|-status|p2a: Clawitzer|brn\n|move|p2a: Clawitzer|U-turn|p1a: Sinistcha\n|-damage|p1a: Sinistcha|242/254\n|\n|t:|1781398337\n|switch|p2a: Banette|Banette, L93, M|216/270|[from] U-turn\n|\n|-heal|p1a: Sinistcha|254/254|[from] item: Leftovers\n|upkeep\n|turn|19\n|\n|t:|1781398343\n|switch|p1a: Trevenant|Trevenant, L89, F, tera:Steel|296/296\n|move|p2a: Banette|Poltergeist|p1a: Trevenant\n|-activate|p1a: Trevenant|move: Poltergeist|Sitrus Berry\n|-damage|p1a: Trevenant|53/296\n|-enditem|p1a: Trevenant|Sitrus Berry|[eat]\n|-heal|p1a: Trevenant|127/296|[from] item: Sitrus Berry\n|-damage|p2a: Banette|189/270|[from] item: Life Orb\n|\n|-item|p1a: Trevenant|Sitrus Berry|[from] ability: Harvest\n|upkeep\n|-enditem|p1a: Trevenant|Sitrus Berry|[eat]\n|-heal|p1a: Trevenant|201/296|[from] item: Sitrus Berry\n|turn|20\n|\n|t:|1781398349\n|switch|p2a: Clawitzer|Clawitzer, L87, F|133/265 brn\n|move|p1a: Trevenant|Poltergeist|p2a: Clawitzer|[miss]\n|-miss|p1a: Trevenant|p2a: Clawitzer\n|\n|-damage|p2a: Clawitzer|117/265 brn|[from] brn\n|-item|p1a: Trevenant|Sitrus Berry|[from] ability: Harvest\n|upkeep\n|turn|21\n|\n|t:|1781398357\n|switch|p1a: Sinistcha|Sinistcha-Masterpiece, L83|254/254\n|move|p2a: Clawitzer|Aura Sphere|p1a: Sinistcha\n|-immune|p1a: Sinistcha\n|\n|-damage|p2a: Clawitzer|101/265 brn|[from] brn\n|upkeep\n|turn|22\n|\n|t:|1781398362\n|move|p1a: Sinistcha|Matcha Gotcha|p2a: Clawitzer\n|-supereffective|p2a: Clawitzer\n|-damage|p2a: Clawitzer|0 fnt\n|faint|p2a: Clawitzer\n|\n|upkeep\n|\n|t:|1781398366\n|switch|p2a: Banette|Banette, L93, M|189/270\n|turn|23\n|\n|t:|1781398368\n|switch|p1a: Trevenant|Trevenant, L89, F, tera:Steel|201/296\n|move|p2a: Banette|Poltergeist|p1a: Trevenant\n|-activate|p1a: Trevenant|move: Poltergeist|Sitrus Berry\n|-crit|p1a: Trevenant\n|-damage|p1a: Trevenant|0 fnt\n|faint|p1a: Trevenant\n|-damage|p2a: Banette|162/270|[from] item: Life Orb\n|\n|upkeep\n|\n|t:|1781398381\n|switch|p1a: Sinistcha|Sinistcha-Masterpiece, L83|254/254\n|turn|24\n|\n|t:|1781398401\n|-terastallize|p2a: Banette|Poison\n|move|p2a: Banette|Poltergeist|p1a: Sinistcha\n|-activate|p1a: Sinistcha|move: Poltergeist|Leftovers\n|-supereffective|p1a: Sinistcha\n|-damage|p1a: Sinistcha|0 fnt\n|faint|p1a: Sinistcha\n|-damage|p2a: Banette|135/270|[from] item: Life Orb\n|\n|upkeep\n|\n|t:|1781398405\n|switch|p1a: Reuniclus|Reuniclus, L88, M|337/337\n|turn|25\n|\n|t:|1781398428\n|move|p2a: Banette|Shadow Sneak|p1a: Reuniclus\n|-supereffective|p1a: Reuniclus\n|-damage|p1a: Reuniclus|165/337\n|-damage|p2a: Banette|108/270|[from] item: Life Orb\n|move|p1a: Reuniclus|Psyshock|p2a: Banette\n|-supereffective|p2a: Banette\n|-damage|p2a: Banette|0 fnt\n|faint|p2a: Banette\n|\n|upkeep\n|\n|t:|1781398434\n|switch|p2a: Cloyster|Cloyster, L80, M|211/211\n|turn|26\n|\n|t:|1781398437\n|move|p2a: Cloyster|Icicle Spear|p1a: Reuniclus\n|-damage|p1a: Reuniclus|137/337\n|-damage|p1a: Reuniclus|112/337\n|-damage|p1a: Reuniclus|85/337\n|-damage|p1a: Reuniclus|57/337\n|-damage|p1a: Reuniclus|32/337\n|-hitcount|p1a: Reuniclus|5\n|move|p1a: Reuniclus|Focus Blast|p2a: Cloyster\n|-supereffective|p2a: Cloyster\n|-damage|p2a: Cloyster|0 fnt\n|faint|p2a: Cloyster\n|\n|upkeep\n|\n|t:|1781398441\n|switch|p2a: Flygon|Flygon, L82, M|97/265\n|turn|27\n|\n|t:|1781398449\n|move|p2a: Flygon|Earthquake|p1a: Reuniclus\n|-damage|p1a: Reuniclus|0 fnt\n|faint|p1a: Reuniclus\n|\n|win|Jefejenaro\n", "inputlog": ">version a8376a258c1d4662feba110a92103f3664a72141\n>start {\"formatid\":\"gen9randombattle\",\"seed\":\"sodium,921d7c508256105e278c83bbbdc8986d\",\"rated\":\"Rated battle\"}\n>player p1 {\"name\":\"bigolron\",\"avatar\":\"mars\",\"rating\":1959,\"seed\":\"sodium,d53048930df73b747f832e31b187d0c3\"}\n>player p2 {\"name\":\"Jefejenaro\",\"avatar\":\"wallace\",\"rating\":1940,\"seed\":\"sodium,ed95ab30e3e439ffff0ee752415d2c6b\"}\n>p1 switch 6\n>p2 move waterpulse\n>p1 move strengthsap\n>p2 switch 2\n>p1 switch 2\n>p2 move crunch\n>p1 move knockoff\n>p2 move playrough\n>p1 move closecombat\n>p2 move poisonfang\n>p1 switch 3\n>p1 move discharge\n>p2 move poisonfang\n>p1 move discharge\n>p2 switch 4\n>p1 move voltswitch\n>p2 move dragonpulse\n>p1 switch 6\n>p1 move earthquake\n>p2 move dragonpulse\n>p2 switch 2\n>p1 move stealthrock\n>p2 move waterpulse\n>p1 switch 5\n>p1 move drainpunch\n>p2 move uturn\n>p2 switch 4\n>p1 move drainpunch\n>p2 move crunch\n>p2 switch 5\n>p1 switch 6\n>p2 move poltergeist\n>p1 move discharge\n>p2 move shadowsneak\n>p1 switch 6\n>p1 move poltergeist terastallize\n>p2 switch 3\n>chat \u2606bigolron|i love when my team has a base speed of 5\n>p1 switch 2\n>p2 move earthquake\n>p1 move strengthsap\n>p2 switch 4\n>p1 move matchagotcha\n>p2 move uturn\n>p2 switch 3\n>p1 switch 2\n>p2 move poltergeist\n>p1 move poltergeist\n>p2 switch 3\n>p1 switch 2\n>p2 move aurasphere\n>p1 move matchagotcha\n>p2 move uturn\n>p2 switch 3\n>p1 switch 2\n>p2 move poltergeist\n>p1 switch 2\n>p1 move shadowball\n>p2 move poltergeist terastallize\n>p1 switch 4\n>p1 move psyshock\n>p2 move shadowsneak\n>p2 switch 6\n>p1 move focusblast\n>p2 move iciclespear\n>p2 switch 4\n>p1 move recover\n>p2 move earthquake", "uploadtime": 1781398058, "views": 4, "formatid": "gen9randombattle", "rating": null, "private": 0, "password": null}