{"id": "gen9randombattle-2631968421", "format": "[Gen 9] Random Battle", "players": ["revanii", "varllyam"], "log": "|j|\u2606revanii\n|j|\u2606varllyam\n|t:|1781461009\n|gametype|singles\n|player|p1|revanii|170|2133\n|player|p2|varllyam|170|2146\n|gen|9\n|tier|[Gen 9] Random Battle\n|rated|\n|rule|Species Clause: Limit one of each Pok\u00e9mon\n|rule|HP Percentage Mod: HP is shown in percentages\n|rule|Sleep Clause Mod: Limit one foe put to sleep\n|rule|Illusion Level Mod: Illusion disguises the Pok\u00e9mon's true level\n|\n|t:|1781461009\n|teamsize|p1|6\n|teamsize|p2|6\n|start\n|switch|p1a: Kyurem|Kyurem, L77|319/319\n|switch|p2a: Tornadus|Tornadus, L82, M|263/263\n|-ability|p1a: Kyurem|Pressure\n|turn|1\n|inactive|Battle timer is ON: inactive players will automatically lose when time's up. (requested by revanii)\n|\n|t:|1781461020\n|move|p2a: Tornadus|Focus Blast|p1a: Kyurem|[miss]\n|-miss|p2a: Tornadus|p1a: Kyurem\n|move|p1a: Kyurem|Ice Beam|p2a: Tornadus\n|-supereffective|p2a: Tornadus\n|-damage|p2a: Tornadus|57/263\n|\n|upkeep\n|turn|2\n|\n|t:|1781461029\n|switch|p1a: Reuniclus|Reuniclus, L88, F|337/337\n|move|p2a: Tornadus|Focus Blast|p1a: Reuniclus\n|-resisted|p1a: Reuniclus\n|-damage|p1a: Reuniclus|270/337\n|-unboost|p1a: Reuniclus|spd|1\n|\n|upkeep\n|turn|3\n|\n|t:|1781461041\n|switch|p2a: Furret|Furret, L94, F|312/312\n|-item|p1a: Reuniclus|Life Orb|[from] ability: Frisk|[of] p2a: Furret\n|move|p1a: Reuniclus|Psyshock|p2a: Furret\n|-damage|p2a: Furret|159/312\n|\n|upkeep\n|turn|4\n|\n|t:|1781461053\n|switch|p1a: Hitmonchan|Hitmonchan, L87, M|229/229\n|move|p2a: Furret|Knock Off|p1a: Hitmonchan\n|-resisted|p1a: Hitmonchan\n|-damage|p1a: Hitmonchan|182/229\n|-enditem|p1a: Hitmonchan|Leftovers|[from] move: Knock Off|[of] p2a: Furret\n|-damage|p2a: Furret|128/312|[from] item: Life Orb\n|\n|upkeep\n|turn|5\n|\n|t:|1781461060\n|move|p2a: Furret|Double-Edge|p1a: Hitmonchan\n|-damage|p1a: Hitmonchan|0 fnt\n|faint|p1a: Hitmonchan\n|-damage|p2a: Furret|68/312|[from] Recoil\n|-damage|p2a: Furret|37/312|[from] item: Life Orb\n|\n|upkeep\n|\n|t:|1781461068\n|switch|p1a: Dodrio|Dodrio, L85, F|241/241\n|turn|6\n|\n|t:|1781461072\n|switch|p2a: Magcargo|Magcargo, L95, F|268/268\n|move|p1a: Dodrio|Brave Bird|p2a: Magcargo\n|-resisted|p2a: Magcargo\n|-damage|p2a: Magcargo|217/268\n|-damage|p1a: Dodrio|224/241|[from] Recoil\n|\n|upkeep\n|turn|7\n|\n|t:|1781461081\n|switch|p1a: Drednaw|Drednaw, L81, M|278/278\n|move|p2a: Magcargo|Stealth Rock|p1a: Drednaw\n|-sidestart|p1: revanii|move: Stealth Rock\n|\n|upkeep\n|turn|8\n|\n|t:|1781461085\n|move|p1a: Drednaw|Shell Smash|p1a: Drednaw\n|-unboost|p1a: Drednaw|def|1\n|-unboost|p1a: Drednaw|spd|1\n|-boost|p1a: Drednaw|atk|2\n|-boost|p1a: Drednaw|spa|2\n|-boost|p1a: Drednaw|spe|2\n|-enditem|p1a: Drednaw|White Herb\n|-clearnegativeboost|p1a: Drednaw|[silent]\n|move|p2a: Magcargo|Yawn|p1a: Drednaw\n|-start|p1a: Drednaw|move: Yawn|[of] p2a: Magcargo\n|\n|upkeep\n|turn|9\n|\n|t:|1781461090\n|move|p1a: Drednaw|Liquidation|p2a: Magcargo\n|-supereffective|p2a: Magcargo\n|-damage|p2a: Magcargo|0 fnt\n|faint|p2a: Magcargo\n|\n|-end|p1a: Drednaw|move: Yawn|[silent]\n|-status|p1a: Drednaw|slp\n|upkeep\n|\n|t:|1781461096\n|switch|p2a: Great Tusk|Great Tusk, L77|304/304\n|turn|10\n|\n|t:|1781461104\n|-terastallize|p1a: Drednaw|Water\n|cant|p1a: Drednaw|slp\n|move|p2a: Great Tusk|Close Combat|p1a: Drednaw\n|-damage|p1a: Drednaw|139/278 slp\n|-unboost|p2a: Great Tusk|def|1\n|-unboost|p2a: Great Tusk|spd|1\n|\n|upkeep\n|turn|11\n|\n|t:|1781461106\n|-curestatus|p1a: Drednaw|slp|[msg]\n|move|p1a: Drednaw|Liquidation|p2a: Great Tusk\n|-supereffective|p2a: Great Tusk\n|-damage|p2a: Great Tusk|0 fnt\n|faint|p2a: Great Tusk\n|-end|p2a: Great Tusk|Protosynthesis|[silent]\n|\n|upkeep\n|\n|t:|1781461127\n|switch|p2a: Volcarona|Volcarona, L77, M|257/257\n|turn|12\n|\n|t:|1781461132\n|move|p1a: Drednaw|Liquidation|p2a: Volcarona\n|-supereffective|p2a: Volcarona\n|-damage|p2a: Volcarona|0 fnt\n|faint|p2a: Volcarona\n|\n|upkeep\n|-message|varllyam forfeited.\n|\n|win|revanii\n", "inputlog": ">version a8376a258c1d4662feba110a92103f3664a72141\n>start {\"formatid\":\"gen9randombattle\",\"seed\":\"sodium,23cd08768ca51f72edb15a1e529e06c2\",\"rated\":\"Rated battle\"}\n>player p1 {\"name\":\"revanii\",\"avatar\":\"170\",\"rating\":2133,\"seed\":\"sodium,04df1186b5844ccdc280fbd908d69903\"}\n>player p2 {\"name\":\"varllyam\",\"avatar\":\"170\",\"rating\":2146,\"seed\":\"sodium,96f5090fe8faa908c108de45dcf624ec\"}\n>p1 move icebeam\n>p2 move focusblast\n>p1 switch 6\n>p2 move focusblast\n>p1 move psyshock\n>p2 switch 3\n>p1 switch 5\n>p2 move knockoff\n>p1 move drainpunch\n>p2 move doubleedge\n>p1 switch 2\n>p1 move bravebird\n>p2 switch 5\n>p1 switch 3\n>p2 move stealthrock\n>p1 move shellsmash\n>p2 move yawn\n>p1 move liquidation\n>p2 move lavaplume\n>p2 switch 6\n>p1 move liquidation terastallize\n>p2 move closecombat\n>p1 move liquidation\n>p2 move closecombat\n>p2 switch 4\n>p1 move liquidation\n>p2 move gigadrain\n>forcelose p2", "uploadtime": 1781461011, "views": 4, "formatid": "gen9randombattle", "rating": null, "private": 0, "password": null}