{"id": "gen9randombattle-2631665903", "format": "[Gen 9] Random Battle", "players": ["jmyj", "100425DJ"], "log": "|j|\u2606jmyj\n|j|\u2606100425DJ\n|t:|1781417752\n|gametype|singles\n|player|p1|jmyj|ingo|\n|player|p2|100425DJ|emmet|\n|gen|9\n|tier|[Gen 9] Random Battle\n|rule|Species Clause: Limit one of each Pok\u00e9mon\n|rule|HP Percentage Mod: HP is shown in percentages\n|rule|Sleep Clause Mod: Limit one foe put to sleep\n|rule|Illusion Level Mod: Illusion disguises the Pok\u00e9mon's true level\n|\n|t:|1781417752\n|teamsize|p1|6\n|teamsize|p2|6\n|start\n|switch|p1a: Sudowoodo|Sudowoodo, L94, F|284/284\n|switch|p2a: Phione|Phione, L91|293/293\n|turn|1\n|inactive|Battle timer is ON: inactive players will automatically lose when time's up. (requested by jmyj)\n|\n|t:|1781417779\n|switch|p1a: Wyrdeer|Wyrdeer, L87, M|321/321\n|-ability|p1a: Wyrdeer|Intimidate|boost\n|-unboost|p2a: Phione|atk|1\n|move|p2a: Phione|Scald|p1a: Wyrdeer\n|-damage|p1a: Wyrdeer|219/321\n|-status|p1a: Wyrdeer|brn\n|\n|-heal|p1a: Wyrdeer|239/321 brn|[from] item: Leftovers\n|-damage|p1a: Wyrdeer|219/321 brn|[from] brn\n|upkeep\n|turn|2\n|inactive|100425DJ has 270 seconds left.\n|\n|t:|1781417822\n|switch|p2a: Perrserker|Perrserker, L89, M|269/269\n|move|p1a: Wyrdeer|Thunder Wave|p2a: Perrserker\n|-status|p2a: Perrserker|par\n|\n|-heal|p1a: Wyrdeer|239/321 brn|[from] item: Leftovers\n|-damage|p1a: Wyrdeer|219/321 brn|[from] brn\n|upkeep\n|turn|3\n|\n|t:|1781417833\n|move|p1a: Wyrdeer|Earthquake|p2a: Perrserker\n|-supereffective|p2a: Perrserker\n|-damage|p2a: Perrserker|199/269 par\n|move|p2a: Perrserker|Knock Off|p1a: Wyrdeer\n|-supereffective|p1a: Wyrdeer\n|-damage|p1a: Wyrdeer|0 fnt\n|-enditem|p1a: Wyrdeer|Leftovers|[from] move: Knock Off|[of] p2a: Perrserker\n|faint|p1a: Wyrdeer\n|-damage|p2a: Perrserker|173/269 par|[from] item: Life Orb\n|\n|upkeep\n|\n|t:|1781417852\n|switch|p1a: Ambipom|Ambipom, L84, M|263/263\n|turn|4\n|inactive|100425DJ has 270 seconds left.\n|\n|t:|1781417861\n|-terastallize|p2a: Perrserker|Fighting\n|move|p1a: Ambipom|Knock Off|p2a: Perrserker\n|-resisted|p2a: Perrserker\n|-damage|p2a: Perrserker|130/269 par\n|-enditem|p2a: Perrserker|Life Orb|[from] move: Knock Off|[of] p1a: Ambipom\n|move|p2a: Perrserker|Close Combat|p1a: Ambipom\n|-supereffective|p1a: Ambipom\n|-damage|p1a: Ambipom|0 fnt\n|-unboost|p2a: Perrserker|def|1\n|-unboost|p2a: Perrserker|spd|1\n|faint|p1a: Ambipom\n|\n|upkeep\n|\n|t:|1781417881\n|switch|p1a: Cresselia|Cresselia, L80, F|323/323\n|turn|5\n|\n|t:|1781417888\n|-terastallize|p1a: Cresselia|Poison\n|move|p1a: Cresselia|Calm Mind|p1a: Cresselia\n|-boost|p1a: Cresselia|spa|1\n|-boost|p1a: Cresselia|spd|1\n|move|p2a: Perrserker|Knock Off|p1a: Cresselia\n|-damage|p1a: Cresselia|228/323\n|-enditem|p1a: Cresselia|Leftovers|[from] move: Knock Off|[of] p2a: Perrserker\n|\n|upkeep\n|turn|6\n|\n|t:|1781417902\n|move|p1a: Cresselia|Psyshock|p2a: Perrserker\n|-supereffective|p2a: Perrserker\n|-damage|p2a: Perrserker|0 fnt\n|faint|p2a: Perrserker\n|\n|upkeep\n|\n|t:|1781417913\n|switch|p2a: Duraludon|Duraludon, L82, F|249/249\n|turn|7\n|\n|t:|1781417917\n|move|p2a: Duraludon|Thunder Wave|p1a: Cresselia\n|-status|p1a: Cresselia|par\n|cant|p1a: Cresselia|par\n|\n|upkeep\n|turn|8\n|\n|t:|1781417928\n|switch|p2a: Sinistcha|Sinistcha, L83|254/254\n|cant|p1a: Cresselia|par\n|\n|upkeep\n|turn|9\n|\n|t:|1781417937\n|move|p2a: Sinistcha|Calm Mind|p2a: Sinistcha\n|-boost|p2a: Sinistcha|spa|1\n|-boost|p2a: Sinistcha|spd|1\n|move|p1a: Cresselia|Psyshock|p2a: Sinistcha\n|-damage|p2a: Sinistcha|166/254\n|\n|-heal|p2a: Sinistcha|181/254|[from] item: Leftovers\n|upkeep\n|turn|10\n|\n|t:|1781417948\n|move|p2a: Sinistcha|Strength Sap|p1a: Cresselia\n|-unboost|p1a: Cresselia|atk|1\n|-heal|p2a: Sinistcha|254/254\n|cant|p1a: Cresselia|par\n|\n|upkeep\n|turn|11\n|\n|t:|1781417958\n|move|p2a: Sinistcha|Matcha Gotcha|p1a: Cresselia\n|-resisted|p1a: Cresselia\n|-damage|p1a: Cresselia|185/323 par\n|move|p1a: Cresselia|Calm Mind|p1a: Cresselia\n|-boost|p1a: Cresselia|spa|1\n|-boost|p1a: Cresselia|spd|1\n|\n|upkeep\n|turn|12\n|\n|t:|1781417967\n|move|p2a: Sinistcha|Shadow Ball|p1a: Cresselia\n|-damage|p1a: Cresselia|122/323 par\n|cant|p1a: Cresselia|par\n|\n|upkeep\n|turn|13\n|\n|t:|1781417974\n|move|p2a: Sinistcha|Shadow Ball|p1a: Cresselia\n|-damage|p1a: Cresselia|61/323 par\n|move|p1a: Cresselia|Moonlight|p1a: Cresselia\n|-heal|p1a: Cresselia|222/323 par\n|\n|upkeep\n|turn|14\n|\n|t:|1781417982\n|move|p2a: Sinistcha|Calm Mind|p2a: Sinistcha\n|-boost|p2a: Sinistcha|spa|1\n|-boost|p2a: Sinistcha|spd|1\n|cant|p1a: Cresselia|par\n|\n|upkeep\n|turn|15\n|\n|t:|1781417988\n|move|p2a: Sinistcha|Calm Mind|p2a: Sinistcha\n|-boost|p2a: Sinistcha|spa|1\n|-boost|p2a: Sinistcha|spd|1\n|move|p1a: Cresselia|Moonlight|p1a: Cresselia\n|-heal|p1a: Cresselia|323/323 par\n|\n|upkeep\n|turn|16\n|\n|t:|1781417996\n|move|p2a: Sinistcha|Shadow Ball|p1a: Cresselia\n|-damage|p1a: Cresselia|224/323 par\n|cant|p1a: Cresselia|par\n|\n|upkeep\n|turn|17\n|\n|t:|1781418003\n|move|p2a: Sinistcha|Shadow Ball|p1a: Cresselia\n|-damage|p1a: Cresselia|112/323 par\n|move|p1a: Cresselia|Psyshock|p2a: Sinistcha\n|-damage|p2a: Sinistcha|145/254\n|\n|-heal|p2a: Sinistcha|160/254|[from] item: Leftovers\n|upkeep\n|turn|18\n|\n|t:|1781418012\n|move|p2a: Sinistcha|Shadow Ball|p1a: Cresselia\n|-damage|p1a: Cresselia|9/323 par\n|-unboost|p1a: Cresselia|spd|1\n|cant|p1a: Cresselia|par\n|\n|-heal|p2a: Sinistcha|175/254|[from] item: Leftovers\n|upkeep\n|turn|19\n|\n|t:|1781418021\n|move|p2a: Sinistcha|Shadow Ball|p1a: Cresselia\n|-damage|p1a: Cresselia|0 fnt\n|faint|p1a: Cresselia\n|\n|-heal|p2a: Sinistcha|190/254|[from] item: Leftovers\n|upkeep\n|\n|t:|1781418031\n|switch|p1a: Sudowoodo|Sudowoodo, L94, F|284/284\n|turn|20\n|\n|t:|1781418035\n|move|p1a: Sudowoodo|Sucker Punch|p2a: Sinistcha\n|-supereffective|p2a: Sinistcha\n|-damage|p2a: Sinistcha|18/254\n|move|p2a: Sinistcha|Matcha Gotcha|p1a: Sudowoodo\n|-supereffective|p1a: Sudowoodo\n|-damage|p1a: Sudowoodo|0 fnt\n|-heal|p2a: Sinistcha|160/254|[from] drain|[of] p1a: Sudowoodo\n|faint|p1a: Sudowoodo\n|\n|-heal|p2a: Sinistcha|175/254|[from] item: Leftovers\n|upkeep\n|\n|t:|1781418050\n|switch|p1a: Flareon|Flareon, L90, M|263/263\n|turn|21\n|\n|t:|1781418055\n|switch|p2a: Duraludon|Duraludon, L82, F|249/249\n|move|p1a: Flareon|Flare Blitz|p2a: Duraludon\n|-damage|p2a: Duraludon|146/249\n|-damage|p1a: Flareon|229/263|[from] Recoil\n|\n|-status|p1a: Flareon|tox|[from] item: Toxic Orb\n|upkeep\n|turn|22\n|\n|t:|1781418076\n|move|p2a: Duraludon|Draco Meteor|p1a: Flareon\n|-damage|p1a: Flareon|117/263 tox\n|-unboost|p2a: Duraludon|spa|2\n|move|p1a: Flareon|Flare Blitz|p2a: Duraludon\n|-damage|p2a: Duraludon|2/249\n|-damage|p1a: Flareon|69/263 tox|[from] Recoil\n|\n|-damage|p1a: Flareon|53/263 tox|[from] psn\n|upkeep\n|turn|23\n|\n|t:|1781418088\n|move|p2a: Duraludon|Draco Meteor|p1a: Flareon\n|-damage|p1a: Flareon|0 fnt\n|-unboost|p2a: Duraludon|spa|2\n|faint|p1a: Flareon\n|\n|upkeep\n|\n|t:|1781418095\n|switch|p1a: Beartic|Beartic, L91, F|321/321\n|turn|24\n|\n|t:|1781418099\n|move|p2a: Duraludon|Flash Cannon|p1a: Beartic\n|-supereffective|p1a: Beartic\n|-damage|p1a: Beartic|259/321\n|move|p1a: Beartic|Snowscape|p1a: Beartic\n|-weather|Snowscape\n|\n|-weather|Snowscape|[upkeep]\n|upkeep\n|turn|25\n|\n|t:|1781418107\n|move|p1a: Beartic|Earthquake|p2a: Duraludon\n|-supereffective|p2a: Duraludon\n|-damage|p2a: Duraludon|0 fnt\n|faint|p2a: Duraludon\n|\n|-weather|Snowscape|[upkeep]\n|upkeep\n|\n|t:|1781418115\n|switch|p2a: Incineroar|Incineroar, L82, M|290/290\n|-ability|p2a: Incineroar|Intimidate|boost\n|-unboost|p1a: Beartic|atk|1\n|turn|26\n|\n|t:|1781418122\n|move|p1a: Beartic|Earthquake|p2a: Incineroar\n|-supereffective|p2a: Incineroar\n|-damage|p2a: Incineroar|146/290\n|move|p2a: Incineroar|Flare Blitz|p1a: Beartic\n|-supereffective|p1a: Beartic\n|-damage|p1a: Beartic|77/321\n|-status|p1a: Beartic|brn\n|-damage|p2a: Incineroar|86/290|[from] Recoil\n|\n|-weather|Snowscape|[upkeep]\n|-damage|p1a: Beartic|57/321 brn|[from] brn\n|upkeep\n|turn|27\n|\n|t:|1781418137\n|move|p1a: Beartic|Earthquake|p2a: Incineroar\n|-supereffective|p2a: Incineroar\n|-damage|p2a: Incineroar|21/290\n|move|p2a: Incineroar|Earthquake|p1a: Beartic\n|-damage|p1a: Beartic|7/321 brn\n|\n|-weather|Snowscape|[upkeep]\n|-damage|p1a: Beartic|0 fnt|[from] brn\n|faint|p1a: Beartic\n|\n|win|100425DJ\n|l|\u2606jmyj\n|player|p1|\n|j|\u2606jmyj\n|player|p1|jmyj|ingo|\n|l|\u2606jmyj\n|player|p1|\n", "inputlog": ">version a8376a258c1d4662feba110a92103f3664a72141\n>start {\"formatid\":\"gen9randombattle\",\"seed\":\"sodium,bcafc6eb1a3d371b9937a85f364ccd78\"}\n>player p1 {\"name\":\"jmyj\",\"avatar\":\"ingo\",\"rating\":0,\"seed\":\"sodium,b0e9dbe16d90701d79831fca1b06d0dd\"}\n>player p2 {\"name\":\"100425DJ\",\"avatar\":\"emmet\",\"rating\":0,\"seed\":\"sodium,bfee54ee56b85b09f9ba74e9685df5c9\"}\n>p1 switch 6\n>p2 move scald\n>p1 move thunderwave\n>p2 switch 2\n>p1 move earthquake\n>p2 move knockoff\n>p1 switch 2\n>p1 move knockoff\n>p2 move closecombat terastallize\n>p1 switch 4\n>p1 move calmmind terastallize\n>p2 move knockoff\n>p1 move psyshock\n>p2 move closecombat\n>p2 switch 4\n>p1 move calmmind\n>p2 move thunderwave\n>p1 move psyshock\n>p2 switch 3\n>p1 move psyshock\n>p2 move calmmind\n>p1 move calmmind\n>p2 move strengthsap\n>p1 move calmmind\n>p2 move matchagotcha\n>p1 move moonlight\n>p2 move shadowball\n>p1 move moonlight\n>p2 move shadowball\n>p1 move moonlight\n>p2 move calmmind\n>p1 move moonlight\n>p2 move calmmind\n>p1 move psyshock\n>p2 move shadowball\n>p1 move psyshock\n>p2 move shadowball\n>p1 move moonlight\n>p2 move shadowball\n>p1 move moonlight\n>p2 move shadowball\n>p1 switch 6\n>p1 move suckerpunch\n>p2 move matchagotcha\n>p1 switch 5\n>p1 move flareblitz\n>p2 switch 3\n>p1 move flareblitz\n>p2 move dracometeor\n>p1 move trailblaze\n>p2 move dracometeor\n>p1 switch 3\n>p1 move snowscape\n>p2 move flashcannon\n>p1 move earthquake\n>p2 move flashcannon\n>p2 switch 6\n>p1 move earthquake\n>p2 move flareblitz\n>p1 move earthquake\n>p2 move earthquake", "uploadtime": 1781418161, "views": 7, "formatid": "gen9randombattle", "rating": null, "private": 0, "password": null}