{"id": "gen9randombattle-2631962745", "format": "[Gen 9] Random Battle", "players": ["denttyyy", "philschmil"], "log": "|j|\u2606denttyyy\n|j|\u2606philschmil\n|t:|1781460393\n|gametype|singles\n|player|p1|denttyyy|101|1990\n|player|p2|philschmil|alder|1976\n|gen|9\n|tier|[Gen 9] Random Battle\n|rated|\n|rule|Species Clause: Limit one of each Pok\u00e9mon\n|rule|HP Percentage Mod: HP is shown in percentages\n|rule|Sleep Clause Mod: Limit one foe put to sleep\n|rule|Illusion Level Mod: Illusion disguises the Pok\u00e9mon's true level\n|\n|t:|1781460393\n|teamsize|p1|6\n|teamsize|p2|6\n|start\n|switch|p1a: Entei|Entei, L78|307/307\n|switch|p2a: Rillaboom|Rillaboom, L79, M|288/288\n|-fieldstart|move: Grassy Terrain|[from] ability: Grassy Surge|[of] p2a: Rillaboom\n|turn|1\n|inactive|Battle timer is ON: inactive players will automatically lose when time's up. (requested by philschmil)\n|\n|t:|1781460404\n|switch|p2a: Chandelure|Chandelure, L83, M|235/235\n|move|p1a: Entei|Flare Blitz|p2a: Chandelure\n|-start|p2a: Chandelure|ability: Flash Fire\n|\n|upkeep\n|turn|2\n|\n|t:|1781460421\n|switch|p1a: Komala|Komala, L88, M|258/258\n|-ability|p1a: Komala|Comatose\n|move|p2a: Chandelure|Fire Blast|p1a: Komala\n|-damage|p1a: Komala|111/258\n|\n|-heal|p1a: Komala|127/258|[from] Grassy Terrain\n|upkeep\n|turn|3\n|\n|t:|1781460430\n|move|p2a: Chandelure|Fire Blast|p1a: Komala|[miss]\n|-miss|p2a: Chandelure|p1a: Komala\n|move|p1a: Komala|Earthquake|p2a: Chandelure\n|-supereffective|p2a: Chandelure\n|-damage|p2a: Chandelure|141/235\n|\n|-heal|p2a: Chandelure|155/235|[from] Grassy Terrain\n|-heal|p1a: Komala|143/258|[from] Grassy Terrain\n|upkeep\n|turn|4\n|\n|t:|1781460435\n|move|p2a: Chandelure|Fire Blast|p1a: Komala\n|-damage|p1a: Komala|0 fnt\n|faint|p1a: Komala\n|\n|-heal|p2a: Chandelure|169/235|[from] Grassy Terrain\n|upkeep\n|\n|t:|1781460446\n|switch|p1a: Furret|Furret, L94, M|312/312\n|-item|p2a: Chandelure|Heavy-Duty Boots|[from] ability: Frisk|[of] p1a: Furret\n|turn|5\n|\n|t:|1781460457\n|move|p1a: Furret|Knock Off|p2a: Chandelure\n|-supereffective|p2a: Chandelure\n|-damage|p2a: Chandelure|0 fnt\n|-enditem|p2a: Chandelure|Heavy-Duty Boots|[from] move: Knock Off|[of] p1a: Furret\n|faint|p2a: Chandelure\n|\n|-fieldend|move: Grassy Terrain\n|upkeep\n|\n|t:|1781460466\n|switch|p2a: Mudsdale|Mudsdale, L83, F|302/302\n|turn|6\n|\n|t:|1781460477\n|move|p1a: Furret|Knock Off|p2a: Mudsdale\n|-damage|p2a: Mudsdale|207/302\n|-ability|p2a: Mudsdale|Stamina|boost\n|-boost|p2a: Mudsdale|def|1\n|-enditem|p2a: Mudsdale|Leftovers|[from] move: Knock Off|[of] p1a: Furret\n|move|p2a: Mudsdale|Earthquake|p1a: Furret\n|-damage|p1a: Furret|159/312\n|\n|upkeep\n|turn|7\n|\n|t:|1781460487\n|switch|p1a: Mudsdale|Mudsdale, L83, F|302/302\n|move|p2a: Mudsdale|Stealth Rock|p1a: Mudsdale\n|-sidestart|p1: denttyyy|move: Stealth Rock\n|\n|upkeep\n|turn|8\n|\n|t:|1781460490\n|move|p2a: Mudsdale|Roar|p1a: Mudsdale\n|drag|p1a: Furret|Furret, L94, M|159/312\n|-damage|p1a: Furret|120/312|[from] Stealth Rock\n|\n|upkeep\n|turn|9\n|\n|t:|1781460497\n|move|p1a: Furret|Trick|p2a: Mudsdale\n|-activate|p1a: Furret|move: Trick|[of] p2a: Mudsdale\n|-item|p2a: Mudsdale|Choice Band|[from] move: Trick\n|-enditem|p1a: Furret|Choice Band|[silent]|[from] move: Trick\n|move|p2a: Mudsdale|Roar|p1a: Furret\n|drag|p1a: Dragonite|Dragonite, L74, F|257/257\n|\n|upkeep\n|turn|10\n|\n|t:|1781460504\n|move|p1a: Dragonite|Outrage|p2a: Mudsdale\n|-damage|p2a: Mudsdale|132/302\n|-ability|p2a: Mudsdale|Stamina|boost\n|-boost|p2a: Mudsdale|def|1\n|move|p2a: Mudsdale|Roar|p1a: Dragonite\n|drag|p1a: Mudsdale|Mudsdale, L83, F|302/302\n|-damage|p1a: Mudsdale|284/302|[from] Stealth Rock\n|\n|-heal|p1a: Mudsdale|302/302|[from] item: Leftovers\n|upkeep\n|turn|11\n|\n|t:|1781460509\n|move|p1a: Mudsdale|Earthquake|p2a: Mudsdale\n|-damage|p2a: Mudsdale|69/302\n|-ability|p2a: Mudsdale|Stamina|boost\n|-boost|p2a: Mudsdale|def|1\n|move|p2a: Mudsdale|Roar|p1a: Mudsdale\n|drag|p1a: Entei|Entei, L78|307/307\n|-damage|p1a: Entei|231/307|[from] Stealth Rock\n|\n|upkeep\n|turn|12\n|\n|t:|1781460515\n|move|p1a: Entei|Flare Blitz|p2a: Mudsdale\n|-damage|p2a: Mudsdale|3/302\n|-ability|p2a: Mudsdale|Stamina|boost\n|-boost|p2a: Mudsdale|def|1\n|-damage|p1a: Entei|209/307|[from] Recoil\n|move|p2a: Mudsdale|Roar|p1a: Entei\n|drag|p1a: Furret|Furret, L94, M|120/312\n|-damage|p1a: Furret|81/312|[from] Stealth Rock\n|-item|p2a: Mudsdale|Choice Band|[from] ability: Frisk|[of] p1a: Furret\n|\n|upkeep\n|turn|13\n|\n|t:|1781460526\n|move|p1a: Furret|Knock Off|p2a: Mudsdale\n|-damage|p2a: Mudsdale|0 fnt\n|-enditem|p2a: Mudsdale|Choice Band|[from] move: Knock Off|[of] p1a: Furret\n|faint|p2a: Mudsdale\n|\n|upkeep\n|\n|t:|1781460528\n|switch|p2a: Espeon|Espeon, L84, M|246/246\n|turn|14\n|\n|t:|1781460536\n|move|p2a: Espeon|Alluring Voice|p1a: Furret\n|-damage|p1a: Furret|0 fnt\n|faint|p1a: Furret\n|\n|upkeep\n|\n|t:|1781460539\n|switch|p1a: Entei|Entei, L78|209/307\n|-damage|p1a: Entei|133/307|[from] Stealth Rock\n|turn|15\n|\n|t:|1781460550\n|switch|p2a: Spiritomb|Spiritomb, L89, F|234/234\n|move|p1a: Entei|Sacred Fire|p2a: Spiritomb\n|-damage|p2a: Spiritomb|116/234\n|-status|p2a: Spiritomb|brn\n|\n|-heal|p2a: Spiritomb|130/234 brn|[from] item: Leftovers\n|-damage|p2a: Spiritomb|116/234 brn|[from] brn\n|upkeep\n|turn|16\n|\n|t:|1781460562\n|move|p1a: Entei|Sacred Fire|p2a: Spiritomb\n|-damage|p2a: Spiritomb|0 fnt\n|faint|p2a: Spiritomb\n|\n|upkeep\n|\n|t:|1781460564\n|switch|p2a: Espeon|Espeon, L84, M|246/246\n|turn|17\n|\n|t:|1781460590\n|switch|p1a: Sableye|Sableye, L88, F|231/231\n|-damage|p1a: Sableye|203/231|[from] Stealth Rock\n|move|p2a: Espeon|Psyshock|p1a: Sableye\n|-immune|p1a: Sableye\n|\n|-heal|p1a: Sableye|217/231|[from] item: Leftovers\n|upkeep\n|turn|18\n|\n|t:|1781460600\n|switch|p2a: Glalie|Glalie, L96, M|309/309\n|move|p1a: Sableye|Knock Off|p2a: Glalie\n|-damage|p2a: Glalie|215/309\n|-enditem|p2a: Glalie|Heavy-Duty Boots|[from] move: Knock Off|[of] p1a: Sableye\n|\n|-heal|p1a: Sableye|231/231|[from] item: Leftovers\n|upkeep\n|turn|19\n|\n|t:|1781460607\n|move|p2a: Glalie|Taunt|p1a: Sableye\n|-start|p1a: Sableye|move: Taunt\n|move|p1a: Sableye|Knock Off|p2a: Glalie\n|-damage|p2a: Glalie|155/309\n|\n|upkeep\n|turn|20\n|\n|t:|1781460612\n|switch|p1a: Mudsdale|Mudsdale, L83, F|302/302\n|-damage|p1a: Mudsdale|284/302|[from] Stealth Rock\n|move|p2a: Glalie|Freeze-Dry|p1a: Mudsdale\n|-supereffective|p1a: Mudsdale\n|-damage|p1a: Mudsdale|126/302\n|-ability|p1a: Mudsdale|Stamina|boost\n|-boost|p1a: Mudsdale|def|1\n|\n|-heal|p1a: Mudsdale|144/302|[from] item: Leftovers\n|upkeep\n|turn|21\n|\n|t:|1781460620\n|-terastallize|p1a: Mudsdale|Steel\n|move|p2a: Glalie|Freeze-Dry|p1a: Mudsdale\n|-resisted|p1a: Mudsdale\n|-damage|p1a: Mudsdale|99/302\n|-ability|p1a: Mudsdale|Stamina|boost\n|-boost|p1a: Mudsdale|def|1\n|move|p1a: Mudsdale|Heavy Slam|p2a: Glalie\n|-supereffective|p2a: Glalie\n|-damage|p2a: Glalie|0 fnt\n|faint|p2a: Glalie\n|\n|-heal|p1a: Mudsdale|117/302|[from] item: Leftovers\n|upkeep\n|\n|t:|1781460628\n|switch|p2a: Espeon|Espeon, L84, M|246/246\n|turn|22\n|\n|t:|1781460633\n|move|p2a: Espeon|Alluring Voice|p1a: Mudsdale\n|-resisted|p1a: Mudsdale\n|-damage|p1a: Mudsdale|63/302\n|-ability|p1a: Mudsdale|Stamina|boost\n|-boost|p1a: Mudsdale|def|1\n|move|p1a: Mudsdale|Heavy Slam|p2a: Espeon\n|-damage|p2a: Espeon|29/246\n|\n|-heal|p1a: Mudsdale|81/302|[from] item: Leftovers\n|upkeep\n|turn|23\n|\n|t:|1781460638\n|switch|p2a: Rillaboom|Rillaboom, L79, M|288/288\n|-fieldstart|move: Grassy Terrain|[from] ability: Grassy Surge|[of] p2a: Rillaboom\n|move|p1a: Mudsdale|Heavy Slam|p2a: Rillaboom\n|-damage|p2a: Rillaboom|123/288\n|\n|-heal|p2a: Rillaboom|141/288|[from] Grassy Terrain\n|-heal|p1a: Mudsdale|99/302|[from] Grassy Terrain\n|-heal|p1a: Mudsdale|117/302|[from] item: Leftovers\n|upkeep\n|turn|24\n|\n|t:|1781460641\n|move|p2a: Rillaboom|High Horsepower|p1a: Mudsdale\n|-supereffective|p1a: Mudsdale\n|-damage|p1a: Mudsdale|35/302\n|-ability|p1a: Mudsdale|Stamina|boost\n|-boost|p1a: Mudsdale|def|1\n|move|p1a: Mudsdale|Heavy Slam|p2a: Rillaboom\n|-damage|p2a: Rillaboom|0 fnt\n|faint|p2a: Rillaboom\n|\n|-heal|p1a: Mudsdale|53/302|[from] Grassy Terrain\n|-heal|p1a: Mudsdale|71/302|[from] item: Leftovers\n|upkeep\n|\n|t:|1781460644\n|switch|p2a: Espeon|Espeon, L84, M|29/246\n|turn|25\n|\n|t:|1781460651\n|-terastallize|p2a: Espeon|Psychic\n|move|p2a: Espeon|Alluring Voice|p1a: Mudsdale\n|-resisted|p1a: Mudsdale\n|-damage|p1a: Mudsdale|13/302\n|-ability|p1a: Mudsdale|Stamina|boost\n|-boost|p1a: Mudsdale|def|1\n|move|p1a: Mudsdale|Heavy Slam|p2a: Espeon\n|-crit|p2a: Espeon\n|-damage|p2a: Espeon|0 fnt\n|faint|p2a: Espeon\n|\n|win|denttyyy\n", "inputlog": ">version a8376a258c1d4662feba110a92103f3664a72141\n>start {\"formatid\":\"gen9randombattle\",\"seed\":\"sodium,86286ffca5e6b109e0ee76eb0d74b335\",\"rated\":\"Rated battle\"}\n>player p1 {\"name\":\"denttyyy\",\"avatar\":\"101\",\"rating\":1990,\"seed\":\"sodium,599acdba228714d936e38ac4e40f668e\"}\n>player p2 {\"name\":\"philschmil\",\"avatar\":\"alder\",\"rating\":1976,\"seed\":\"sodium,3bc78639f779b3f4124d2c4024cbc78e\"}\n>p1 move flareblitz\n>p2 switch 2\n>p1 switch 5\n>p2 move fireblast\n>p1 move earthquake\n>p2 move fireblast\n>p1 move knockoff\n>p2 move fireblast\n>p1 switch 6\n>p1 move knockoff\n>p2 move fireblast\n>p2 switch 6\n>p1 move knockoff\n>p2 move earthquake\n>p1 switch 2\n>p2 move stealthrock\n>p1 move roar\n>p2 move roar\n>p1 move trick\n>p2 move roar\n>p1 move outrage\n>p2 move roar\n>p1 move earthquake\n>p2 move roar\n>p1 move flareblitz\n>p2 move roar\n>p1 move knockoff\n>p2 move roar\n>p2 switch 3\n>p1 move uturn\n>p2 move alluringvoice\n>p1 switch 3\n>p1 move sacredfire\n>p2 switch 5\n>p1 move sacredfire\n>p2 move toxic\n>p2 switch 5\n>p1 switch 4\n>p2 move psyshock\n>p1 move knockoff\n>p2 switch 4\n>p1 move knockoff\n>p2 move taunt\n>p1 switch 5\n>p2 move freezedry\n>p1 move heavyslam terastallize\n>p2 move freezedry\n>p2 switch 4\n>p1 move heavyslam\n>p2 move alluringvoice\n>p1 move heavyslam\n>p2 switch 2\n>p1 move heavyslam\n>p2 move highhorsepower\n>p2 switch 2\n>p1 move heavyslam\n>p2 move alluringvoice terastallize", "uploadtime": 1781460395, "views": 7, "formatid": "gen9randombattle", "rating": null, "private": 0, "password": null}