{"id": "gen9randombattle-2631491881", "format": "[Gen 9] Random Battle", "players": ["Lunacy_Rabbit", "Importmaster"], "log": "|j|\u2606Lunacy_Rabbit\n|j|\u2606Importmaster\n|t:|1781391846\n|gametype|singles\n|player|p1|Lunacy_Rabbit|dawn|1344\n|player|p2|Importmaster|burglar|1301\n|gen|9\n|tier|[Gen 9] Random Battle\n|rated|\n|rule|Species Clause: Limit one of each Pok\u00e9mon\n|rule|HP Percentage Mod: HP is shown in percentages\n|rule|Sleep Clause Mod: Limit one foe put to sleep\n|rule|Illusion Level Mod: Illusion disguises the Pok\u00e9mon's true level\n|\n|t:|1781391846\n|teamsize|p1|6\n|teamsize|p2|6\n|start\n|switch|p1a: Gurdurr|Gurdurr, L85, M|283/283\n|switch|p2a: Ampharos|Ampharos, L88, F|302/302\n|turn|1\n|inactive|Battle timer is ON: inactive players will automatically lose when time's up. (requested by Importmaster)\n|\n|t:|1781391858\n|move|p2a: Ampharos|Agility|p2a: Ampharos\n|-boost|p2a: Ampharos|spe|2\n|move|p1a: Gurdurr|Knock Off|p2a: Ampharos\n|-damage|p2a: Ampharos|227/302\n|-enditem|p2a: Ampharos|Life Orb|[from] move: Knock Off|[of] p1a: Gurdurr\n|\n|upkeep\n|turn|2\n|\n|t:|1781391865\n|move|p2a: Ampharos|Dazzling Gleam|p1a: Gurdurr\n|-supereffective|p1a: Gurdurr\n|-damage|p1a: Gurdurr|139/283\n|move|p1a: Gurdurr|Drain Punch|p2a: Ampharos\n|-crit|p2a: Ampharos\n|-damage|p2a: Ampharos|89/302\n|-heal|p1a: Gurdurr|208/283|[from] drain|[of] p2a: Ampharos\n|\n|upkeep\n|turn|3\n|\n|t:|1781391876\n|move|p2a: Ampharos|Dazzling Gleam|p1a: Gurdurr\n|-supereffective|p1a: Gurdurr\n|-damage|p1a: Gurdurr|72/283\n|move|p1a: Gurdurr|Drain Punch|p2a: Ampharos\n|-damage|p2a: Ampharos|0 fnt\n|-heal|p1a: Gurdurr|117/283|[from] drain|[of] p2a: Ampharos\n|-status|p1a: Gurdurr|par|[from] ability: Static|[of] p2a: Ampharos\n|faint|p2a: Ampharos\n|\n|upkeep\n|\n|t:|1781391890\n|switch|p2a: Gogoat|Gogoat, L88, F|360/360\n|turn|4\n|\n|t:|1781391895\n|move|p2a: Gogoat|Bulk Up|p2a: Gogoat\n|-boost|p2a: Gogoat|atk|1\n|-boost|p2a: Gogoat|def|1\n|cant|p1a: Gurdurr|par\n|\n|upkeep\n|turn|5\n|\n|t:|1781391902\n|move|p2a: Gogoat|Bulk Up|p2a: Gogoat\n|-boost|p2a: Gogoat|atk|1\n|-boost|p2a: Gogoat|def|1\n|move|p1a: Gurdurr|Bulk Up|p1a: Gurdurr\n|-boost|p1a: Gurdurr|atk|1\n|-boost|p1a: Gurdurr|def|1\n|\n|upkeep\n|turn|6\n|\n|t:|1781391910\n|move|p2a: Gogoat|Horn Leech|p1a: Gurdurr\n|-damage|p1a: Gurdurr|33/283 par\n|move|p1a: Gurdurr|Bulk Up|p1a: Gurdurr\n|-boost|p1a: Gurdurr|atk|1\n|-boost|p1a: Gurdurr|def|1\n|\n|upkeep\n|turn|7\n|\n|t:|1781391917\n|move|p2a: Gogoat|Horn Leech|p1a: Gurdurr\n|-damage|p1a: Gurdurr|0 fnt\n|faint|p1a: Gurdurr\n|\n|upkeep\n|\n|t:|1781391938\n|switch|p1a: Lokix|Lokix, L82, F|251/251\n|turn|8\n|\n|t:|1781391948\n|-terastallize|p2a: Gogoat|Water\n|move|p1a: Lokix|Knock Off|p2a: Gogoat\n|-damage|p2a: Gogoat|278/360\n|-enditem|p2a: Gogoat|Leftovers|[from] move: Knock Off|[of] p1a: Lokix\n|-damage|p1a: Lokix|226/251|[from] item: Life Orb\n|move|p2a: Gogoat|Bulk Up|p2a: Gogoat\n|-boost|p2a: Gogoat|atk|1\n|-boost|p2a: Gogoat|def|1\n|\n|upkeep\n|turn|9\n|\n|t:|1781391963\n|switch|p1a: Leavanny|Leavanny, L86, F|269/269\n|move|p2a: Gogoat|Horn Leech|p1a: Leavanny\n|-resisted|p1a: Leavanny\n|-damage|p1a: Leavanny|208/269\n|-heal|p2a: Gogoat|309/360|[from] drain|[of] p1a: Leavanny\n|\n|upkeep\n|turn|10\n|\n|t:|1781391979\n|move|p1a: Leavanny|Sticky Web|p2a: Gogoat\n|-sidestart|p2: Importmaster|move: Sticky Web\n|move|p2a: Gogoat|Bulk Up|p2a: Gogoat\n|-boost|p2a: Gogoat|atk|1\n|-boost|p2a: Gogoat|def|1\n|\n|upkeep\n|turn|11\n|\n|t:|1781391985\n|switch|p1a: Garganacl|Garganacl, L80, M|291/291\n|move|p2a: Gogoat|Bulk Up|p2a: Gogoat\n|-boost|p2a: Gogoat|atk|1\n|-boost|p2a: Gogoat|def|1\n|\n|upkeep\n|turn|12\n|\n|t:|1781391992\n|-terastallize|p1a: Garganacl|Dragon\n|move|p2a: Gogoat|Horn Leech|p1a: Garganacl\n|-resisted|p1a: Garganacl\n|-damage|p1a: Garganacl|165/291\n|-heal|p2a: Gogoat|360/360|[from] drain|[of] p1a: Garganacl\n|move|p1a: Garganacl|Salt Cure|p2a: Gogoat\n|-damage|p2a: Gogoat|344/360\n|-start|p2a: Gogoat|Salt Cure\n|\n|-heal|p1a: Garganacl|183/291|[from] item: Leftovers\n|-damage|p2a: Gogoat|254/360|[from] Salt Cure\n|upkeep\n|turn|13\n|\n|t:|1781392005\n|move|p2a: Gogoat|Bulk Up|p2a: Gogoat\n|-boost|p2a: Gogoat|atk|1\n|-boost|p2a: Gogoat|def|1\n|move|p1a: Garganacl|Recover|p1a: Garganacl\n|-heal|p1a: Garganacl|291/291\n|\n|-damage|p2a: Gogoat|164/360|[from] Salt Cure\n|upkeep\n|turn|14\n|\n|t:|1781392014\n|move|p1a: Garganacl|Protect|p1a: Garganacl\n|-singleturn|p1a: Garganacl|Protect\n|move|p2a: Gogoat|Horn Leech|p1a: Garganacl\n|-activate|p1a: Garganacl|move: Protect\n|\n|-damage|p2a: Gogoat|74/360|[from] Salt Cure\n|upkeep\n|turn|15\n|\n|t:|1781392022\n|move|p2a: Gogoat|Horn Leech|p1a: Garganacl\n|-resisted|p1a: Garganacl\n|-damage|p1a: Garganacl|156/291\n|-heal|p2a: Gogoat|142/360|[from] drain|[of] p1a: Garganacl\n|move|p1a: Garganacl|Stealth Rock|p2a: Gogoat\n|-sidestart|p2: Importmaster|move: Stealth Rock\n|\n|-heal|p1a: Garganacl|174/291|[from] item: Leftovers\n|-damage|p2a: Gogoat|52/360|[from] Salt Cure\n|upkeep\n|turn|16\n|\n|t:|1781392032\n|move|p1a: Garganacl|Protect|p1a: Garganacl\n|-singleturn|p1a: Garganacl|Protect\n|move|p2a: Gogoat|Milk Drink|p2a: Gogoat\n|-heal|p2a: Gogoat|232/360\n|\n|-heal|p1a: Garganacl|192/291|[from] item: Leftovers\n|-damage|p2a: Gogoat|142/360|[from] Salt Cure\n|upkeep\n|turn|17\n|\n|t:|1781392047\n|move|p2a: Gogoat|Horn Leech|p1a: Garganacl\n|-resisted|p1a: Garganacl\n|-damage|p1a: Garganacl|48/291\n|-heal|p2a: Gogoat|214/360|[from] drain|[of] p1a: Garganacl\n|move|p1a: Garganacl|Recover|p1a: Garganacl\n|-heal|p1a: Garganacl|194/291\n|\n|-heal|p1a: Garganacl|212/291|[from] item: Leftovers\n|-damage|p2a: Gogoat|124/360|[from] Salt Cure\n|upkeep\n|turn|18\n|\n|t:|1781392062\n|switch|p1a: Leavanny|Leavanny, L86, F|208/269\n|move|p2a: Gogoat|Milk Drink|p2a: Gogoat\n|-heal|p2a: Gogoat|304/360\n|\n|-damage|p2a: Gogoat|214/360|[from] Salt Cure\n|upkeep\n|turn|19\n|\n|t:|1781392071\n|move|p1a: Leavanny|Bullet Seed|p2a: Gogoat\n|-immune|p2a: Gogoat|[from] ability: Sap Sipper\n|move|p2a: Gogoat|Horn Leech|p1a: Leavanny\n|-resisted|p1a: Leavanny\n|-damage|p1a: Leavanny|107/269\n|-heal|p2a: Gogoat|265/360|[from] drain|[of] p1a: Leavanny\n|\n|-damage|p2a: Gogoat|175/360|[from] Salt Cure\n|upkeep\n|turn|20\n|\n|t:|1781392080\n|move|p1a: Leavanny|Knock Off|p2a: Gogoat\n|-damage|p2a: Gogoat|159/360\n|move|p2a: Gogoat|Horn Leech|p1a: Leavanny\n|-resisted|p1a: Leavanny\n|-damage|p1a: Leavanny|10/269\n|-heal|p2a: Gogoat|208/360|[from] drain|[of] p1a: Leavanny\n|\n|-damage|p2a: Gogoat|118/360|[from] Salt Cure\n|upkeep\n|turn|21\n|\n|t:|1781392090\n|move|p1a: Leavanny|Knock Off|p2a: Gogoat\n|-damage|p2a: Gogoat|102/360\n|move|p2a: Gogoat|Milk Drink|p2a: Gogoat\n|-heal|p2a: Gogoat|282/360\n|\n|-damage|p2a: Gogoat|192/360|[from] Salt Cure\n|upkeep\n|turn|22\n|\n|t:|1781392098\n|move|p1a: Leavanny|Knock Off|p2a: Gogoat\n|-damage|p2a: Gogoat|175/360\n|move|p2a: Gogoat|Milk Drink|p2a: Gogoat\n|-heal|p2a: Gogoat|355/360\n|\n|-damage|p2a: Gogoat|265/360|[from] Salt Cure\n|upkeep\n|turn|23\n|\n|t:|1781392105\n|move|p1a: Leavanny|Knock Off|p2a: Gogoat\n|-damage|p2a: Gogoat|249/360\n|move|p2a: Gogoat|Horn Leech|p1a: Leavanny\n|-resisted|p1a: Leavanny\n|-damage|p1a: Leavanny|0 fnt\n|-heal|p2a: Gogoat|254/360|[from] drain|[of] p1a: Leavanny\n|faint|p1a: Leavanny\n|\n|-damage|p2a: Gogoat|164/360|[from] Salt Cure\n|upkeep\n|\n|t:|1781392109\n|switch|p1a: Garganacl|Garganacl, L80, M, tera:Dragon|212/291\n|turn|24\n|\n|t:|1781392118\n|move|p2a: Gogoat|Horn Leech|p1a: Garganacl\n|-resisted|p1a: Garganacl\n|-damage|p1a: Garganacl|63/291\n|-heal|p2a: Gogoat|239/360|[from] drain|[of] p1a: Garganacl\n|move|p1a: Garganacl|Salt Cure|p2a: Gogoat\n|-damage|p2a: Gogoat|226/360\n|\n|-heal|p1a: Garganacl|81/291|[from] item: Leftovers\n|-damage|p2a: Gogoat|136/360|[from] Salt Cure\n|upkeep\n|turn|25\n|\n|t:|1781392129\n|move|p2a: Gogoat|Earthquake|p1a: Garganacl\n|-damage|p1a: Garganacl|0 fnt\n|faint|p1a: Garganacl\n|\n|-damage|p2a: Gogoat|46/360|[from] Salt Cure\n|upkeep\n|\n|t:|1781392138\n|switch|p1a: Lokix|Lokix, L82, F|226/251\n|turn|26\n|\n|t:|1781392141\n|move|p1a: Lokix|First Impression|p2a: Gogoat\n|-damage|p2a: Gogoat|10/360\n|-damage|p1a: Lokix|201/251|[from] item: Life Orb\n|move|p2a: Gogoat|Horn Leech|p1a: Lokix\n|-resisted|p1a: Lokix\n|-damage|p1a: Lokix|9/251\n|-heal|p2a: Gogoat|106/360|[from] drain|[of] p1a: Lokix\n|\n|-damage|p2a: Gogoat|16/360|[from] Salt Cure\n|upkeep\n|turn|27\n|\n|t:|1781392152\n|move|p1a: Lokix|Leech Life|p2a: Gogoat\n|-damage|p2a: Gogoat|0 fnt\n|-heal|p1a: Lokix|17/251|[from] drain|[of] p2a: Gogoat\n|faint|p2a: Gogoat\n|-damage|p1a: Lokix|0 fnt|[from] item: Life Orb\n|faint|p1a: Lokix\n|\n|upkeep\n|\n|t:|1781392163\n|switch|p1a: Eelektross|Eelektross, L87, M|290/290\n|switch|p2a: Amoonguss|Amoonguss, L82, F|321/321\n|-activate|p2a: Amoonguss|move: Sticky Web\n|-unboost|p2a: Amoonguss|spe|1\n|-damage|p2a: Amoonguss|281/321|[from] Stealth Rock\n|turn|28\n|\n|t:|1781392172\n|move|p1a: Eelektross|Coil|p1a: Eelektross\n|-boost|p1a: Eelektross|atk|1\n|-boost|p1a: Eelektross|def|1\n|-boost|p1a: Eelektross|accuracy|1\n|move|p2a: Amoonguss|Spore|p1a: Eelektross\n|-status|p1a: Eelektross|slp|[from] move: Spore\n|\n|upkeep\n|turn|29\n|\n|t:|1781392179\n|cant|p1a: Eelektross|slp\n|move|p2a: Amoonguss|Toxic||[still]\n|-fail|p2a: Amoonguss\n|\n|upkeep\n|turn|30\n|\n|t:|1781392196\n|switch|p2a: Reshiram|Reshiram, L76|277/277\n|-ability|p2a: Reshiram|Turboblaze\n|-curestatus|p1a: Eelektross|slp|[msg]\n|move|p1a: Eelektross|Fire Punch|p2a: Reshiram\n|-resisted|p2a: Reshiram\n|-damage|p2a: Reshiram|252/277\n|\n|upkeep\n|turn|31\n|\n|t:|1781392207\n|move|p2a: Reshiram|Dragon Dance|p2a: Reshiram\n|-boost|p2a: Reshiram|atk|1\n|-boost|p2a: Reshiram|spe|1\n|move|p1a: Eelektross|Drain Punch|p2a: Reshiram\n|-damage|p2a: Reshiram|160/277\n|\n|upkeep\n|turn|32\n|\n|t:|1781392214\n|move|p2a: Reshiram|Dragon Dance|p2a: Reshiram\n|-boost|p2a: Reshiram|atk|1\n|-boost|p2a: Reshiram|spe|1\n|move|p1a: Eelektross|Coil|p1a: Eelektross\n|-boost|p1a: Eelektross|atk|1\n|-boost|p1a: Eelektross|def|1\n|-boost|p1a: Eelektross|accuracy|1\n|\n|upkeep\n|turn|33\n|\n|t:|1781392225\n|move|p2a: Reshiram|Outrage|p1a: Eelektross\n|-damage|p1a: Eelektross|172/290\n|move|p1a: Eelektross|Coil|p1a: Eelektross\n|-boost|p1a: Eelektross|atk|1\n|-boost|p1a: Eelektross|def|1\n|-boost|p1a: Eelektross|accuracy|1\n|\n|-heal|p1a: Eelektross|190/290|[from] item: Leftovers\n|upkeep\n|turn|34\n|\n|t:|1781392234\n|move|p2a: Reshiram|Outrage|p1a: Eelektross|[from] lockedmove\n|-damage|p1a: Eelektross|82/290\n|-start|p2a: Reshiram|confusion|[fatigue]\n|move|p1a: Eelektross|Drain Punch|p2a: Reshiram\n|-damage|p2a: Reshiram|4/277\n|-heal|p1a: Eelektross|160/290|[from] drain|[of] p2a: Reshiram\n|\n|-heal|p1a: Eelektross|178/290|[from] item: Leftovers\n|upkeep\n|turn|35\n|\n|t:|1781392245\n|-activate|p2a: Reshiram|confusion\n|move|p2a: Reshiram|Flare Blitz|p1a: Eelektross\n|-damage|p1a: Eelektross|66/290\n|-damage|p2a: Reshiram|0 fnt|[from] Recoil\n|faint|p2a: Reshiram\n|move|p1a: Eelektross|Drain Punch|p2: Reshiram|[notarget]\n|-fail|p1a: Eelektross\n|\n|-heal|p1a: Eelektross|84/290|[from] item: Leftovers\n|upkeep\n|\n|t:|1781392257\n|switch|p2a: Amoonguss|Amoonguss, L82, F|321/321\n|-activate|p2a: Amoonguss|move: Sticky Web\n|-unboost|p2a: Amoonguss|spe|1\n|-damage|p2a: Amoonguss|281/321|[from] Stealth Rock\n|turn|36\n|\n|t:|1781392264\n|move|p1a: Eelektross|Fire Punch|p2a: Amoonguss\n|-supereffective|p2a: Amoonguss\n|-damage|p2a: Amoonguss|0 fnt\n|-damage|p1a: Eelektross|36/290|[from] item: Rocky Helmet|[of] p2a: Amoonguss\n|faint|p2a: Amoonguss\n|\n|-heal|p1a: Eelektross|54/290|[from] item: Leftovers\n|upkeep\n|\n|t:|1781392275\n|switch|p2a: Duraludon|Duraludon, L82, F|249/249\n|-activate|p2a: Duraludon|move: Sticky Web\n|-unboost|p2a: Duraludon|spe|1\n|-damage|p2a: Duraludon|234/249|[from] Stealth Rock\n|turn|37\n|\n|t:|1781392281\n|move|p1a: Eelektross|Drain Punch|p2a: Duraludon\n|-supereffective|p2a: Duraludon\n|-damage|p2a: Duraludon|62/249\n|-heal|p1a: Eelektross|140/290|[from] drain|[of] p2a: Duraludon\n|move|p2a: Duraludon|Draco Meteor|p1a: Eelektross\n|-damage|p1a: Eelektross|0 fnt\n|-unboost|p2a: Duraludon|spa|2\n|faint|p1a: Eelektross\n|\n|upkeep\n|\n|t:|1781392288\n|switch|p1a: Ho-Oh|Ho-Oh, L71|268/268\n|turn|38\n|\n|t:|1781392295\n|move|p1a: Ho-Oh|Earthquake|p2a: Duraludon\n|-supereffective|p2a: Duraludon\n|-damage|p2a: Duraludon|0 fnt\n|faint|p2a: Duraludon\n|\n|upkeep\n|\n|t:|1781392299\n|switch|p2a: Glaceon|Glaceon, L94, M|275/275\n|turn|39\n|\n|t:|1781392307\n|move|p2a: Glaceon|Calm Mind|p2a: Glaceon\n|-boost|p2a: Glaceon|spa|1\n|-boost|p2a: Glaceon|spd|1\n|move|p1a: Ho-Oh|Sacred Fire|p2a: Glaceon\n|-supereffective|p2a: Glaceon\n|-damage|p2a: Glaceon|129/275\n|-status|p2a: Glaceon|brn\n|\n|-damage|p2a: Glaceon|112/275 brn|[from] brn\n|upkeep\n|turn|40\n|\n|t:|1781392319\n|move|p2a: Glaceon|Wish|p2a: Glaceon\n|move|p1a: Ho-Oh|Sacred Fire|p2a: Glaceon\n|-supereffective|p2a: Glaceon\n|-damage|p2a: Glaceon|0 fnt\n|faint|p2a: Glaceon\n|\n|win|Lunacy_Rabbit\n|raw|Lunacy_Rabbit's rating: 1344 &rarr; <strong>1362</strong><br />(+18 for winning)\n|raw|Importmaster's rating: 1301 &rarr; <strong>1283</strong><br />(-18 for losing)\n|l|\u2606Importmaster\n|player|p2|\n", "inputlog": ">version a8376a258c1d4662feba110a92103f3664a72141\n>start {\"formatid\":\"gen9randombattle\",\"seed\":\"sodium,fbc0ff4d9ed0ffd9bddab0860e3f1376\",\"rated\":\"Rated battle\"}\n>player p1 {\"name\":\"Lunacy_Rabbit\",\"avatar\":\"dawn\",\"rating\":1344,\"seed\":\"sodium,54d6b41e2dafb2925d357e895034b8c2\"}\n>player p2 {\"name\":\"Importmaster\",\"avatar\":\"burglar\",\"rating\":1301,\"seed\":\"sodium,8f97b8a9e4da68e775062ba158091a8d\"}\n>p1 move knockoff\n>p2 move agility\n>p1 move drainpunch\n>p2 move dazzlinggleam\n>p1 move drainpunch\n>p2 move dazzlinggleam\n>p2 switch 4\n>p1 move drainpunch\n>p2 move bulkup\n>p1 move bulkup\n>p2 move bulkup\n>p1 move bulkup\n>p2 move hornleech\n>p1 move drainpunch\n>p2 move hornleech\n>p1 switch 5\n>p1 move knockoff\n>p2 move bulkup terastallize\n>p1 switch 4\n>p2 move hornleech\n>p1 move stickyweb\n>p2 move bulkup\n>p1 switch 3\n>p2 move bulkup\n>p1 move saltcure terastallize\n>p2 move hornleech\n>p1 move recover\n>p2 move bulkup\n>p1 move protect\n>p2 move hornleech\n>p1 move stealthrock\n>p2 move hornleech\n>p1 move protect\n>p2 move milkdrink\n>p1 move recover\n>p2 move hornleech\n>p1 switch 3\n>p2 move milkdrink\n>p1 move bulletseed\n>p2 move hornleech\n>p1 move knockoff\n>p2 move hornleech\n>p1 move knockoff\n>p2 move milkdrink\n>p1 move knockoff\n>p2 move milkdrink\n>p1 move knockoff\n>p2 move hornleech\n>p1 switch 3\n>p1 move saltcure\n>p2 move hornleech\n>p1 move recover\n>p2 move earthquake\n>p1 switch 4\n>p1 move firstimpression\n>p2 move hornleech\n>p1 move leechlife\n>p2 move hornleech\n>p1 switch 2\n>p2 switch 6\n>p1 move coil\n>p2 move spore\n>p1 move firepunch\n>p2 move toxic\n>p1 move firepunch\n>p2 switch 2\n>p1 move drainpunch\n>p2 move dragondance\n>p1 move coil\n>p2 move dragondance\n>p1 move coil\n>p2 move outrage\n>p1 move drainpunch\n>p2 move outrage\n>p1 move drainpunch\n>p2 move flareblitz\n>p2 switch 2\n>p1 move firepunch\n>p2 move toxic\n>p2 switch 3\n>p1 move drainpunch\n>p2 move dracometeor\n>p1 switch 6\n>p1 move earthquake\n>p2 move thunderwave\n>p2 switch 5\n>p1 move sacredfire\n>p2 move calmmind\n>p1 move sacredfire\n>p2 move wish", "uploadtime": 1781392327, "views": 4, "formatid": "gen9randombattle", "rating": 1283, "private": 0, "password": null}