{"id": "gen9randombattle-2631947123", "format": "[Gen 9] Random Battle", "players": ["good pork", "catlib"], "log": "|j|\u2606good pork\n|j|\u2606catlib\n|t:|1781458709\n|gametype|singles\n|player|p1|good pork|ghetsis-gen5bw|2060\n|player|p2|catlib|birdkeeper|2051\n|gen|9\n|tier|[Gen 9] Random Battle\n|rated|\n|rule|Species Clause: Limit one of each Pok\u00e9mon\n|rule|HP Percentage Mod: HP is shown in percentages\n|rule|Sleep Clause Mod: Limit one foe put to sleep\n|rule|Illusion Level Mod: Illusion disguises the Pok\u00e9mon's true level\n|\n|t:|1781458709\n|teamsize|p1|6\n|teamsize|p2|6\n|start\n|switch|p1a: Oricorio|Oricorio-Sensu, L85, F|266/266\n|switch|p2a: Scizor|Scizor, L79, M|240/240\n|turn|1\n|\n|t:|1781458728\n|switch|p1a: Torkoal|Torkoal, L88, M|266/266\n|-weather|SunnyDay|[from] ability: Drought|[of] p1a: Torkoal\n|switch|p2a: Piloswine|Piloswine, L85, F|309/309\n|\n|-weather|SunnyDay|[upkeep]\n|upkeep\n|turn|2\n|\n|t:|1781458736\n|move|p2a: Piloswine|Stealth Rock|p1a: Torkoal\n|-sidestart|p1: good pork|move: Stealth Rock\n|move|p1a: Torkoal|Stealth Rock|p2a: Piloswine\n|-sidestart|p2: catlib|move: Stealth Rock\n|\n|-weather|SunnyDay|[upkeep]\n|upkeep\n|turn|3\n|\n|t:|1781458757\n|move|p2a: Piloswine|Earthquake|p1a: Torkoal\n|-supereffective|p1a: Torkoal\n|-damage|p1a: Torkoal|120/266\n|move|p1a: Torkoal|Rapid Spin|p2a: Piloswine\n|-crit|p2a: Piloswine\n|-damage|p2a: Piloswine|273/309\n|-boost|p1a: Torkoal|spe|1\n|-sideend|p1: good pork|Stealth Rock|[from] move: Rapid Spin|[of] p1a: Torkoal\n|\n|-weather|SunnyDay|[upkeep]\n|upkeep\n|turn|4\n|\n|t:|1781458764\n|switch|p1a: Greedent|Greedent, L86, F|347/347\n|move|p2a: Piloswine|Earthquake|p1a: Greedent\n|-damage|p1a: Greedent|247/347\n|\n|-weather|SunnyDay|[upkeep]\n|upkeep\n|turn|5\n|inactive|Battle timer is ON: inactive players will automatically lose when time's up. (requested by catlib)\n|inactive|catlib has 120 seconds left.\n|\n|t:|1781458816\n|switch|p2a: Scizor|Scizor, L79, M|240/240\n|-damage|p2a: Scizor|210/240|[from] Stealth Rock\n|move|p1a: Greedent|Knock Off|p2a: Scizor\n|-damage|p2a: Scizor|136/240\n|-enditem|p2a: Scizor|Life Orb|[from] move: Knock Off|[of] p1a: Greedent\n|\n|-weather|none\n|upkeep\n|turn|6\n|\n|t:|1781458826\n|switch|p1a: Torkoal|Torkoal, L88, M|120/266\n|-weather|SunnyDay|[from] ability: Drought|[of] p1a: Torkoal\n|move|p2a: Scizor|Swords Dance|p2a: Scizor\n|-boost|p2a: Scizor|atk|2\n|\n|-weather|SunnyDay|[upkeep]\n|upkeep\n|turn|7\n|\n|t:|1781458850\n|move|p2a: Scizor|Close Combat|p1a: Torkoal\n|-damage|p1a: Torkoal|3/266\n|-unboost|p2a: Scizor|def|1\n|-unboost|p2a: Scizor|spd|1\n|move|p1a: Torkoal|Lava Plume|p2a: Scizor\n|-supereffective|p2a: Scizor\n|-crit|p2a: Scizor\n|-damage|p2a: Scizor|0 fnt\n|faint|p2a: Scizor\n|\n|-weather|SunnyDay|[upkeep]\n|upkeep\n|\n|t:|1781458857\n|switch|p2a: Piloswine|Piloswine, L85, F|273/309\n|-damage|p2a: Piloswine|235/309|[from] Stealth Rock\n|turn|8\n|\n|t:|1781458861\n|move|p2a: Piloswine|Icicle Crash|p1a: Torkoal\n|-resisted|p1a: Torkoal\n|-damage|p1a: Torkoal|0 fnt\n|faint|p1a: Torkoal\n|\n|-weather|SunnyDay|[upkeep]\n|upkeep\n|inactive|good pork has 120 seconds left.\n|\n|t:|1781458903\n|switch|p1a: Greedent|Greedent, L86, F|247/347\n|turn|9\n|\n|t:|1781458921\n|move|p2a: Piloswine|Earthquake|p1a: Greedent\n|-damage|p1a: Greedent|139/347\n|-enditem|p1a: Greedent|Sitrus Berry|[eat]\n|-heal|p1a: Greedent|225/347|[from] item: Sitrus Berry\n|-heal|p1a: Greedent|340/347|[from] ability: Cheek Pouch\n|move|p1a: Greedent|Knock Off|p2a: Piloswine\n|-damage|p2a: Piloswine|183/309\n|-enditem|p2a: Piloswine|Eviolite|[from] move: Knock Off|[of] p1a: Greedent\n|\n|-weather|SunnyDay|[upkeep]\n|upkeep\n|turn|10\n|\n|t:|1781458930\n|move|p2a: Piloswine|Stealth Rock|p1a: Greedent\n|-sidestart|p1: good pork|move: Stealth Rock\n|move|p1a: Greedent|Double-Edge|p2a: Piloswine\n|-damage|p2a: Piloswine|54/309\n|-damage|p1a: Greedent|297/347|[from] Recoil\n|\n|-weather|none\n|upkeep\n|turn|11\n|\n|t:|1781458933\n|move|p2a: Piloswine|Earthquake|p1a: Greedent\n|-damage|p1a: Greedent|194/347\n|move|p1a: Greedent|Earthquake|p2a: Piloswine\n|-damage|p2a: Piloswine|0 fnt\n|faint|p2a: Piloswine\n|\n|upkeep\n|\n|t:|1781458940\n|switch|p2a: Dusknoir|Dusknoir, L89, M|225/225\n|-damage|p2a: Dusknoir|197/225|[from] Stealth Rock\n|turn|12\n|\n|t:|1781458945\n|move|p2a: Dusknoir|Substitute|p2a: Dusknoir\n|-start|p2a: Dusknoir|Substitute\n|-damage|p2a: Dusknoir|141/225\n|move|p1a: Greedent|Knock Off|p2a: Dusknoir\n|-supereffective|p2a: Dusknoir\n|-end|p2a: Dusknoir|Substitute\n|\n|-heal|p2a: Dusknoir|155/225|[from] item: Leftovers\n|upkeep\n|turn|13\n|\n|t:|1781458956\n|move|p2a: Dusknoir|Substitute|p2a: Dusknoir\n|-start|p2a: Dusknoir|Substitute\n|-damage|p2a: Dusknoir|99/225\n|move|p1a: Greedent|Knock Off|p2a: Dusknoir\n|-supereffective|p2a: Dusknoir\n|-end|p2a: Dusknoir|Substitute\n|\n|-heal|p2a: Dusknoir|113/225|[from] item: Leftovers\n|upkeep\n|turn|14\n|\n|t:|1781458965\n|move|p2a: Dusknoir|Substitute|p2a: Dusknoir\n|-start|p2a: Dusknoir|Substitute\n|-damage|p2a: Dusknoir|57/225\n|move|p1a: Greedent|Knock Off|p2a: Dusknoir\n|-supereffective|p2a: Dusknoir\n|-end|p2a: Dusknoir|Substitute\n|\n|-heal|p2a: Dusknoir|71/225|[from] item: Leftovers\n|upkeep\n|turn|15\n|\n|t:|1781458967\n|move|p2a: Dusknoir|Substitute|p2a: Dusknoir\n|-start|p2a: Dusknoir|Substitute\n|-damage|p2a: Dusknoir|15/225\n|move|p1a: Greedent|Knock Off|p2a: Dusknoir\n|-supereffective|p2a: Dusknoir\n|-end|p2a: Dusknoir|Substitute\n|\n|-heal|p2a: Dusknoir|29/225|[from] item: Leftovers\n|upkeep\n|turn|16\n|\n|t:|1781458969\n|move|p2a: Dusknoir|Pain Split|p1a: Greedent\n|-sethp|p1a: Greedent|111/347|[from] move: Pain Split|[silent]\n|-sethp|p2a: Dusknoir|111/225|[from] move: Pain Split\n|move|p1a: Greedent|Knock Off|p2a: Dusknoir\n|-supereffective|p2a: Dusknoir\n|-damage|p2a: Dusknoir|9/225\n|-enditem|p2a: Dusknoir|Leftovers|[from] move: Knock Off|[of] p1a: Greedent\n|\n|upkeep\n|turn|17\n|\n|t:|1781458971\n|-singleturn|p2a: Dusknoir|move: Focus Punch\n|move|p1a: Greedent|Knock Off|p2a: Dusknoir\n|-supereffective|p2a: Dusknoir\n|-damage|p2a: Dusknoir|0 fnt\n|faint|p2a: Dusknoir\n|\n|upkeep\n|\n|t:|1781458978\n|switch|p2a: Swanna|Swanna, L89, M|278/278\n|turn|18\n|\n|t:|1781458981\n|move|p2a: Swanna|Brave Bird|p1a: Greedent\n|-damage|p1a: Greedent|0 fnt\n|faint|p1a: Greedent\n|-damage|p2a: Swanna|241/278|[from] Recoil\n|\n|upkeep\n|\n|t:|1781458986\n|switch|p1a: Porygon-Z|Porygon-Z, L83|277/277\n|-damage|p1a: Porygon-Z|243/277|[from] Stealth Rock\n|-ability|p1a: Porygon-Z|Download|boost\n|-boost|p1a: Porygon-Z|spa|1\n|turn|19\n|\n|t:|1781458996\n|-terastallize|p2a: Swanna|Ground\n|move|p1a: Porygon-Z|Thunderbolt|p2a: Swanna\n|-immune|p2a: Swanna\n|move|p2a: Swanna|Brave Bird|p1a: Porygon-Z\n|-damage|p1a: Porygon-Z|77/277\n|-damage|p2a: Swanna|186/278|[from] Recoil\n|\n|upkeep\n|turn|20\n|\n|t:|1781459010\n|switch|p1a: Oricorio|Oricorio-Sensu, L85, F|266/266\n|switch|p2a: Slowking|Slowking, L88, F|310/310\n|\n|upkeep\n|turn|21\n|\n|t:|1781459016\n|move|p1a: Oricorio|Revelation Dance|p2a: Slowking\n|-supereffective|p2a: Slowking\n|-damage|p2a: Slowking|140/310\n|move|p2a: Slowking|Future Sight|p1a: Oricorio\n|-start|p2a: Slowking|move: Future Sight\n|\n|upkeep\n|turn|22\n|\n|t:|1781459024\n|move|p1a: Oricorio|Revelation Dance|p2a: Slowking\n|-supereffective|p2a: Slowking\n|-crit|p2a: Slowking\n|-damage|p2a: Slowking|0 fnt\n|faint|p2a: Slowking\n|\n|upkeep\n|\n|t:|1781459035\n|switch|p2a: Ninetales|Ninetales, L85, M|263/263\n|-weather|SunnyDay|[from] ability: Drought|[of] p2a: Ninetales\n|turn|23\n|\n|t:|1781459048\n|move|p2a: Ninetales|Nasty Plot|p2a: Ninetales\n|-boost|p2a: Ninetales|spa|2\n|move|p1a: Oricorio|Quiver Dance|p1a: Oricorio\n|-boost|p1a: Oricorio|spa|1\n|-boost|p1a: Oricorio|spd|1\n|-boost|p1a: Oricorio|spe|1\n|\n|-weather|SunnyDay|[upkeep]\n|-end|p1a: Oricorio|move: Future Sight\n|-damage|p1a: Oricorio|157/266\n|upkeep\n|turn|24\n|\n|t:|1781459051\n|move|p1a: Oricorio|Revelation Dance|p2a: Ninetales\n|-damage|p2a: Ninetales|125/263\n|move|p2a: Ninetales|Fire Blast|p1a: Oricorio|[miss]\n|-miss|p2a: Ninetales|p1a: Oricorio\n|\n|-weather|SunnyDay|[upkeep]\n|upkeep\n|turn|25\n|\n|t:|1781459057\n|move|p1a: Oricorio|Revelation Dance|p2a: Ninetales\n|-damage|p2a: Ninetales|0 fnt\n|faint|p2a: Ninetales\n|\n|-weather|SunnyDay|[upkeep]\n|upkeep\n|\n|t:|1781459058\n|switch|p2a: Swanna|Swanna, L89, M, tera:Ground|186/278\n|turn|26\n|\n|t:|1781459061\n|move|p1a: Oricorio|Revelation Dance|p2a: Swanna\n|-damage|p2a: Swanna|17/278\n|move|p2a: Swanna|Brave Bird|p1a: Oricorio\n|-damage|p1a: Oricorio|0 fnt\n|faint|p1a: Oricorio\n|-damage|p2a: Swanna|0 fnt|[from] Recoil\n|faint|p2a: Swanna\n|\n|win|good pork\n", "inputlog": ">version a8376a258c1d4662feba110a92103f3664a72141\n>start {\"formatid\":\"gen9randombattle\",\"seed\":\"sodium,ff92a236e9f1f30139f52cacce196177\",\"rated\":\"Rated battle\"}\n>player p1 {\"name\":\"good pork\",\"avatar\":\"ghetsis-gen5bw\",\"rating\":2060,\"seed\":\"sodium,d5674f5315141898feec68d1cb5b1709\"}\n>player p2 {\"name\":\"catlib\",\"avatar\":\"birdkeeper\",\"rating\":2051,\"seed\":\"sodium,d5266166776411d69227fe1076f006e1\"}\n>p1 switch 5\n>p2 switch 3\n>p1 move stealthrock\n>p2 move stealthrock\n>p1 move rapidspin\n>p2 move earthquake\n>p1 switch 3\n>p2 move earthquake\n>p1 move knockoff\n>p2 switch 3\n>p1 switch 3\n>p2 move swordsdance\n>p1 move lavaplume\n>p2 move closecombat\n>p2 switch 3\n>p1 move lavaplume\n>p2 move iciclecrash\n>p1 switch 3\n>p1 move knockoff\n>p2 move earthquake\n>p1 move doubleedge\n>p2 move stealthrock\n>p1 move earthquake\n>p2 move earthquake\n>p2 switch 4\n>p1 move knockoff\n>p2 move substitute\n>p1 move knockoff\n>p2 move substitute\n>p1 move knockoff\n>p2 move substitute\n>p1 move knockoff\n>p2 move substitute\n>p1 move knockoff\n>p2 move painsplit\n>p1 move knockoff\n>p2 move focuspunch\n>p2 switch 2\n>p1 move knockoff\n>p2 move bravebird\n>p1 switch 4\n>p1 move thunderbolt\n>p2 move bravebird terastallize\n>p1 switch 5\n>p2 switch 6\n>p1 move revelationdance\n>p2 move futuresight\n>p1 move revelationdance\n>p2 move chillyreception\n>p2 switch 5\n>p1 move quiverdance\n>p2 move nastyplot\n>p1 move revelationdance\n>p2 move fireblast\n>p1 move revelationdance\n>p2 move fireblast\n>p2 switch 6\n>p1 move revelationdance\n>p2 move bravebird", "uploadtime": 1781458711, "views": 5, "formatid": "gen9randombattle", "rating": null, "private": 0, "password": null}