{"id": "gen9randombattle-2631668291", "format": "[Gen 9] Random Battle", "players": ["CEOMikey3", "RyanBoi167"], "log": "|j|\u2606CEOMikey3\n|j|\u2606RyanBoi167\n|t:|1781418204\n|gametype|singles\n|player|p1|CEOMikey3|169|1075\n|player|p2|RyanBoi167|2|1085\n|gen|9\n|tier|[Gen 9] Random Battle\n|rated|\n|rule|Species Clause: Limit one of each Pok\u00e9mon\n|rule|HP Percentage Mod: HP is shown in percentages\n|rule|Sleep Clause Mod: Limit one foe put to sleep\n|rule|Illusion Level Mod: Illusion disguises the Pok\u00e9mon's true level\n|\n|t:|1781418204\n|teamsize|p1|6\n|teamsize|p2|6\n|start\n|switch|p1a: Cyclizar|Cyclizar, L83, M|252/252\n|switch|p2a: Dachsbun|Dachsbun, L92, F|254/254\n|turn|1\n|inactive|Battle timer is ON: inactive players will automatically lose when time's up. (requested by CEOMikey3)\n|\n|t:|1781418223\n|switch|p1a: Dudunsparce|Dudunsparce-Three-Segment, L83, M|343/343\n|move|p2a: Dachsbun|Play Rough|p1a: Dudunsparce\n|-damage|p1a: Dudunsparce|232/343\n|\n|-heal|p1a: Dudunsparce|253/343|[from] item: Leftovers\n|upkeep\n|turn|2\n|l|\u2606RyanBoi167\n|inactive|RyanBoi167 disconnected and has a minute to reconnect!\n|player|p2|\n|j|\u2606RyanBoi167\n|inactive|RyanBoi167 reconnected and has 125 seconds left.\n|player|p2|RyanBoi167|2|\n|inactive|RyanBoi167 has 120 seconds left.\n|\n|t:|1781418274\n|move|p2a: Dachsbun|Yawn|p1a: Dudunsparce\n|-start|p1a: Dudunsparce|move: Yawn|[of] p2a: Dachsbun\n|move|p1a: Dudunsparce|Boomburst|p2a: Dachsbun\n|-damage|p2a: Dachsbun|121/254\n|\n|-heal|p2a: Dachsbun|136/254|[from] item: Leftovers\n|-heal|p1a: Dudunsparce|274/343|[from] item: Leftovers\n|upkeep\n|turn|3\n|\n|t:|1781418289\n|move|p2a: Dachsbun|Wish|p2a: Dachsbun\n|move|p1a: Dudunsparce|Boomburst|p2a: Dachsbun\n|-damage|p2a: Dachsbun|16/254\n|\n|-heal|p2a: Dachsbun|31/254|[from] item: Leftovers\n|-heal|p1a: Dudunsparce|295/343|[from] item: Leftovers\n|-end|p1a: Dudunsparce|move: Yawn|[silent]\n|-status|p1a: Dudunsparce|slp\n|upkeep\n|turn|4\n|\n|t:|1781418300\n|move|p2a: Dachsbun|Play Rough|p1a: Dudunsparce\n|-damage|p1a: Dudunsparce|190/343 slp\n|cant|p1a: Dudunsparce|slp\n|\n|-heal|p2a: Dachsbun|158/254|[from] move: Wish|[wisher] Dachsbun\n|-heal|p2a: Dachsbun|173/254|[from] item: Leftovers\n|-heal|p1a: Dudunsparce|211/343 slp|[from] item: Leftovers\n|upkeep\n|turn|5\n|\n|t:|1781418313\n|switch|p2a: Conkeldurr|Conkeldurr, L80, M|299/299\n|-curestatus|p1a: Dudunsparce|slp|[msg]\n|move|p1a: Dudunsparce|Calm Mind|p1a: Dudunsparce\n|-boost|p1a: Dudunsparce|spa|1\n|-boost|p1a: Dudunsparce|spd|1\n|\n|-heal|p1a: Dudunsparce|232/343|[from] item: Leftovers\n|-status|p2a: Conkeldurr|brn|[from] item: Flame Orb\n|upkeep\n|turn|6\n|\n|t:|1781418327\n|-terastallize|p1a: Dudunsparce|Ghost\n|move|p1a: Dudunsparce|Shadow Ball|p2a: Conkeldurr\n|-damage|p2a: Conkeldurr|151/299 brn\n|move|p2a: Conkeldurr|Facade|p1a: Dudunsparce\n|-immune|p1a: Dudunsparce\n|\n|-heal|p1a: Dudunsparce|253/343|[from] item: Leftovers\n|-damage|p2a: Conkeldurr|133/299 brn|[from] brn\n|upkeep\n|turn|7\n|\n|t:|1781418340\n|move|p1a: Dudunsparce|Shadow Ball|p2a: Conkeldurr\n|-damage|p2a: Conkeldurr|0 fnt\n|faint|p2a: Conkeldurr\n|\n|-heal|p1a: Dudunsparce|274/343|[from] item: Leftovers\n|upkeep\n|\n|t:|1781418349\n|switch|p2a: Mewtwo|Mewtwo, L72|272/272\n|-ability|p2a: Mewtwo|Unnerve\n|turn|8\n|\n|t:|1781418357\n|-terastallize|p2a: Mewtwo|Fire\n|move|p2a: Mewtwo|Nasty Plot|p2a: Mewtwo\n|-boost|p2a: Mewtwo|spa|2\n|move|p1a: Dudunsparce|Shadow Ball|p2a: Mewtwo\n|-damage|p2a: Mewtwo|143/272\n|-unboost|p2a: Mewtwo|spd|1\n|\n|-heal|p1a: Dudunsparce|295/343|[from] item: Leftovers\n|upkeep\n|turn|9\n|\n|t:|1781418380\n|move|p2a: Mewtwo|Psystrike|p1a: Dudunsparce\n|-damage|p1a: Dudunsparce|0 fnt\n|faint|p1a: Dudunsparce\n|-damage|p2a: Mewtwo|116/272|[from] item: Life Orb\n|\n|upkeep\n|\n|t:|1781418401\n|switch|p1a: Donphan|Donphan, L84, M|288/288\n|turn|10\n|inactive|RyanBoi167 has 90 seconds left.\n|c|\u2606RyanBoi167|!dt Donpha\n'Donpha' has no exact match. Approximate match:\n|c|\u2606RyanBoi167|/raw <div class=\"message\"><ul class=\"utilichart\"><li class=\"result\"><span class=\"col numcol\">UU</span> <span class=\"col iconcol\"><psicon pokemon=\"donphan\"/></span> <span class=\"col pokemonnamecol\" style=\"white-space:nowrap\"><a href=\"https://dex.pokemonshowdown.com/pokemon/donphan\" target=\"_blank\">Donphan</a></span> <span class=\"col typecol\"><img src=\"https://play.pokemonshowdown.com/sprites/types/Ground.png\" alt=\"Ground\" height=\"14\" width=\"32\"></span> <span style=\"float:left;min-height:26px\"><span class=\"col abilitycol\">Sturdy</span><span class=\"col abilitycol\"><em>Sand Veil</em></span></span><span style=\"float:left;min-height:26px\"><span class=\"col statcol\"><em>HP</em><br />90</span> <span class=\"col statcol\"><em>Atk</em><br />120</span> <span class=\"col statcol\"><em>Def</em><br />120</span> <span class=\"col statcol\"><em>SpA</em><br />60</span> <span class=\"col statcol\"><em>SpD</em><br />60</span> <span class=\"col statcol\"><em>Spe</em><br />50</span> <span class=\"col bstcol\"><em>BST<br />500</em></span> </span></li><li style=\"clear:both\"></li></ul></div>\n|c|\u2606RyanBoi167|/raw <font size=\"1\"><font color=\"#686868\">Dex#:</font> 232&nbsp;|&ThickSpace;<font color=\"#686868\">Gen:</font> 2&nbsp;|&ThickSpace;<font color=\"#686868\">Height:</font> 1.1 m&nbsp;|&ThickSpace;<font color=\"#686868\">Weight:</font> 120 kg <em>(100 BP)</em>&nbsp;|&ThickSpace;<font color=\"#686868\">Dex Colour:</font> Gray&nbsp;|&ThickSpace;<font color=\"#686868\">Egg Group(s):</font> Field&nbsp;|&ThickSpace;<font color=\"#686868\">Pre-Evolution:</font> Phanpy&nbsp;|&ThickSpace;<font color=\"#686868\">Does Not Evolve</font></font>\n\n|\n|t:|1781418432\n|move|p2a: Mewtwo|Fire Blast|p1a: Donphan\n|-ability|p1a: Donphan|Sturdy\n|-damage|p1a: Donphan|1/288\n|-damage|p2a: Mewtwo|89/272|[from] item: Life Orb\n|move|p1a: Donphan|Earthquake|p2a: Mewtwo\n|-supereffective|p2a: Mewtwo\n|-damage|p2a: Mewtwo|0 fnt\n|faint|p2a: Mewtwo\n|\n|-heal|p1a: Donphan|19/288|[from] item: Leftovers\n|upkeep\n|\n|t:|1781418446\n|switch|p2a: Miraidon|Miraidon, L65|238/238\n|-fieldstart|move: Electric Terrain|[from] ability: Hadron Engine|[of] p2a: Miraidon\n|turn|11\n|\n|t:|1781418463\n|move|p1a: Donphan|Ice Shard|p2a: Miraidon\n|-supereffective|p2a: Miraidon\n|-damage|p2a: Miraidon|160/238\n|move|p2a: Miraidon|Draco Meteor|p1a: Donphan\n|-damage|p1a: Donphan|0 fnt\n|-unboost|p2a: Miraidon|spa|2\n|faint|p1a: Donphan\n|\n|upkeep\n|\n|t:|1781418471\n|switch|p1a: Cyclizar|Cyclizar, L83, M|252/252\n|turn|12\n|\n|t:|1781418474\n|move|p1a: Cyclizar|Draco Meteor|p2a: Miraidon\n|-supereffective|p2a: Miraidon\n|-crit|p2a: Miraidon\n|-damage|p2a: Miraidon|0 fnt\n|-unboost|p1a: Cyclizar|spa|2\n|faint|p2a: Miraidon\n|\n|upkeep\n|\n|t:|1781418482\n|switch|p2a: Cacturne|Cacturne, L92, M|278/278\n|turn|13\n|inactive|RyanBoi167 has 90 seconds left.\n|\n|t:|1781418489\n|move|p1a: Cyclizar|Shed Tail|p1a: Cyclizar\n|-start|p1a: Cyclizar|Substitute|[from] move: Shed Tail\n|-damage|p1a: Cyclizar|126/252\n|\n|t:|1781418499\n|switch|p1a: Glalie|Glalie, L96, F|309/309|[from] Shed Tail\n|move|p2a: Cacturne|Spikes|p1a: Glalie\n|-sidestart|p1: CEOMikey3|Spikes\n|\n|upkeep\n|turn|14\n|\n|t:|1781418514\n|move|p1a: Glalie|Spikes|p2a: Cacturne\n|-sidestart|p2: RyanBoi167|Spikes\n|move|p2a: Cacturne|Knock Off|p1a: Glalie\n|-end|p1a: Glalie|Substitute\n|-damage|p2a: Cacturne|251/278|[from] item: Life Orb\n|\n|upkeep\n|turn|15\n|\n|t:|1781418521\n|move|p1a: Glalie|Freeze-Dry|p2a: Cacturne\n|-supereffective|p2a: Cacturne\n|-damage|p2a: Cacturne|33/278\n|move|p2a: Cacturne|Knock Off|p1a: Glalie\n|-crit|p1a: Glalie\n|-damage|p1a: Glalie|56/309\n|-enditem|p1a: Glalie|Heavy-Duty Boots|[from] move: Knock Off|[of] p2a: Cacturne\n|-damage|p2a: Cacturne|6/278|[from] item: Life Orb\n|\n|-fieldend|move: Electric Terrain\n|upkeep\n|turn|16\n|\n|t:|1781418537\n|move|p2a: Cacturne|Sucker Punch|p1a: Glalie\n|-damage|p1a: Glalie|0 fnt\n|faint|p1a: Glalie\n|-damage|p2a: Cacturne|0 fnt|[from] item: Life Orb\n|faint|p2a: Cacturne\n|\n|upkeep\n|\n|t:|1781418544\n|switch|p1a: Cyclizar|Cyclizar, L83, M|210/252\n|switch|p2a: Arceus|Arceus-Rock, L74|300/300\n|-damage|p2a: Arceus|263/300|[from] Spikes\n|turn|17\n|\n|t:|1781418553\n|move|p1a: Cyclizar|Taunt|p2a: Arceus\n|-start|p2a: Arceus|move: Taunt\n|cant|p2a: Arceus|move: Taunt|Dragon Dance\n|\n|upkeep\n|turn|18\n|\n|t:|1781418566\n|move|p1a: Cyclizar|Draco Meteor|p2a: Arceus\n|-damage|p2a: Arceus|152/300\n|-unboost|p1a: Cyclizar|spa|2\n|move|p2a: Arceus|Stone Edge|p1a: Cyclizar\n|-damage|p1a: Cyclizar|69/252\n|\n|upkeep\n|turn|19\n|inactive|RyanBoi167 has 120 seconds left.\n|\n|t:|1781418576\n|move|p1a: Cyclizar|Draco Meteor|p2a: Arceus\n|-damage|p2a: Arceus|101/300\n|-unboost|p1a: Cyclizar|spa|2\n|move|p2a: Arceus|Earthquake|p1a: Cyclizar\n|-damage|p1a: Cyclizar|0 fnt\n|faint|p1a: Cyclizar\n|\n|-end|p2a: Arceus|move: Taunt\n|upkeep\n|\n|t:|1781418588\n|switch|p1a: Deoxys|Deoxys-Defense, L84|221/221\n|-damage|p1a: Deoxys|194/221|[from] Spikes\n|-ability|p1a: Deoxys|Pressure\n|turn|20\n|\n|t:|1781418596\n|move|p2a: Arceus|Stone Edge|p1a: Deoxys\n|-damage|p1a: Deoxys|118/221\n|move|p1a: Deoxys|Psychic Noise|p2a: Arceus\n|-crit|p2a: Arceus\n|-damage|p2a: Arceus|20/300\n|-start|p2a: Arceus|move: Heal Block\n|\n|-heal|p1a: Deoxys|131/221|[from] item: Leftovers\n|upkeep\n|turn|21\n|\n|t:|1781418607\n|move|p2a: Arceus|Stone Edge|p1a: Deoxys|[miss]\n|-miss|p2a: Arceus|p1a: Deoxys\n|move|p1a: Deoxys|Psychic Noise|p2a: Arceus\n|-damage|p2a: Arceus|0 fnt\n|faint|p2a: Arceus\n|\n|-heal|p1a: Deoxys|144/221|[from] item: Leftovers\n|upkeep\n|\n|t:|1781418616\n|switch|p2a: Dachsbun|Dachsbun, L92, F|173/254\n|-damage|p2a: Dachsbun|142/254|[from] Spikes\n|turn|22\n|\n|t:|1781418622\n|move|p2a: Dachsbun|Wish|p2a: Dachsbun\n|move|p1a: Deoxys|Knock Off|p2a: Dachsbun\n|-resisted|p2a: Dachsbun\n|-damage|p2a: Dachsbun|121/254\n|-enditem|p2a: Dachsbun|Leftovers|[from] move: Knock Off|[of] p1a: Deoxys\n|\n|-heal|p1a: Deoxys|157/221|[from] item: Leftovers\n|upkeep\n|turn|23\n|\n|t:|1781418631\n|move|p2a: Dachsbun|Yawn|p1a: Deoxys\n|-start|p1a: Deoxys|move: Yawn|[of] p2a: Dachsbun\n|move|p1a: Deoxys|Psychic Noise|p2a: Dachsbun\n|-damage|p2a: Dachsbun|55/254\n|-start|p2a: Dachsbun|move: Heal Block\n|\n|-heal|p1a: Deoxys|170/221|[from] item: Leftovers\n|upkeep\n|turn|24\n|\n|t:|1781418646\n|move|p2a: Dachsbun|Protect|p2a: Dachsbun\n|-singleturn|p2a: Dachsbun|Protect\n|move|p1a: Deoxys|Psychic Noise|p2a: Dachsbun\n|-activate|p2a: Dachsbun|move: Protect\n|\n|-heal|p1a: Deoxys|183/221|[from] item: Leftovers\n|-end|p2a: Dachsbun|move: Heal Block\n|-end|p1a: Deoxys|move: Yawn|[silent]\n|-status|p1a: Deoxys|slp\n|upkeep\n|turn|25\n|\n|t:|1781418660\n|switch|p1a: Raging Bolt|Raging Bolt, L78|323/323\n|-damage|p1a: Raging Bolt|283/323|[from] Spikes\n|move|p2a: Dachsbun|Play Rough|p1a: Raging Bolt\n|-supereffective|p1a: Raging Bolt\n|-damage|p1a: Raging Bolt|67/323\n|\n|upkeep\n|turn|26\n|\n|t:|1781418673\n|move|p1a: Raging Bolt|Thunderclap||[still]\n|-fail|p1a: Raging Bolt\n|move|p2a: Dachsbun|Wish|p2a: Dachsbun\n|\n|upkeep\n|turn|27\n|\n|t:|1781418683\n|move|p2a: Dachsbun|Protect|p2a: Dachsbun\n|-singleturn|p2a: Dachsbun|Protect\n|move|p1a: Raging Bolt|Thunderbolt|p2a: Dachsbun\n|-activate|p2a: Dachsbun|move: Protect\n|\n|-heal|p2a: Dachsbun|182/254|[from] move: Wish|[wisher] Dachsbun\n|upkeep\n|turn|28\n|\n|t:|1781418692\n|move|p1a: Raging Bolt|Thunderclap|p2a: Dachsbun\n|-damage|p2a: Dachsbun|94/254\n|move|p2a: Dachsbun|Play Rough|p1a: Raging Bolt\n|-supereffective|p1a: Raging Bolt\n|-damage|p1a: Raging Bolt|0 fnt\n|faint|p1a: Raging Bolt\n|-end|p1a: Raging Bolt|Protosynthesis|[silent]\n|\n|upkeep\n|\n|t:|1781418697\n|switch|p1a: Deoxys|Deoxys-Defense, L84|183/221 slp\n|-damage|p1a: Deoxys|156/221 slp|[from] Spikes\n|-ability|p1a: Deoxys|Pressure\n|turn|29\n|\n|t:|1781418704\n|move|p2a: Dachsbun|Wish|p2a: Dachsbun\n|cant|p1a: Deoxys|slp\n|\n|-heal|p1a: Deoxys|169/221 slp|[from] item: Leftovers\n|upkeep\n|turn|30\n|\n|t:|1781418713\n|move|p2a: Dachsbun|Protect|p2a: Dachsbun\n|-singleturn|p2a: Dachsbun|Protect\n|cant|p1a: Deoxys|slp\n|\n|-heal|p2a: Dachsbun|221/254|[from] move: Wish|[wisher] Dachsbun\n|-heal|p1a: Deoxys|182/221 slp|[from] item: Leftovers\n|upkeep\n|turn|31\n|\n|t:|1781418723\n|move|p2a: Dachsbun|Play Rough|p1a: Deoxys\n|-damage|p1a: Deoxys|116/221 slp\n|cant|p1a: Deoxys|slp\n|\n|-heal|p1a: Deoxys|129/221 slp|[from] item: Leftovers\n|upkeep\n|turn|32\n|\n|t:|1781418730\n|move|p2a: Dachsbun|Play Rough|p1a: Deoxys\n|-damage|p1a: Deoxys|66/221 slp\n|-curestatus|p1a: Deoxys|slp|[msg]\n|move|p1a: Deoxys|Recover|p1a: Deoxys\n|-heal|p1a: Deoxys|177/221\n|\n|-heal|p1a: Deoxys|190/221|[from] item: Leftovers\n|upkeep\n|turn|33\n|\n|t:|1781418742\n|move|p2a: Dachsbun|Yawn|p1a: Deoxys\n|-start|p1a: Deoxys|move: Yawn|[of] p2a: Dachsbun\n|move|p1a: Deoxys|Psychic Noise|p2a: Dachsbun\n|-damage|p2a: Dachsbun|158/254\n|-start|p2a: Dachsbun|move: Heal Block\n|\n|-heal|p1a: Deoxys|203/221|[from] item: Leftovers\n|upkeep\n|turn|34\n|\n|t:|1781418752\n|move|p2a: Dachsbun|Protect|p2a: Dachsbun\n|-singleturn|p2a: Dachsbun|Protect\n|move|p1a: Deoxys|Psychic Noise|p2a: Dachsbun\n|-activate|p2a: Dachsbun|move: Protect\n|\n|-heal|p1a: Deoxys|216/221|[from] item: Leftovers\n|-end|p2a: Dachsbun|move: Heal Block\n|-end|p1a: Deoxys|move: Yawn|[silent]\n|-status|p1a: Deoxys|slp\n|upkeep\n|turn|35\n|\n|t:|1781418764\n|move|p2a: Dachsbun|Play Rough|p1a: Deoxys\n|-damage|p1a: Deoxys|155/221 slp\n|cant|p1a: Deoxys|slp\n|\n|-heal|p1a: Deoxys|168/221 slp|[from] item: Leftovers\n|upkeep\n|turn|36\n|\n|t:|1781418772\n|move|p2a: Dachsbun|Play Rough|p1a: Deoxys\n|-damage|p1a: Deoxys|102/221 slp\n|cant|p1a: Deoxys|slp\n|\n|-heal|p1a: Deoxys|115/221 slp|[from] item: Leftovers\n|upkeep\n|turn|37\n|\n|t:|1781418778\n|move|p2a: Dachsbun|Play Rough|p1a: Deoxys\n|-damage|p1a: Deoxys|49/221 slp\n|cant|p1a: Deoxys|slp\n|\n|-heal|p1a: Deoxys|62/221 slp|[from] item: Leftovers\n|upkeep\n|turn|38\n|-message|CEOMikey3 forfeited.\n|\n|win|RyanBoi167\n|raw|CEOMikey3's rating: 1075 &rarr; <strong>1054</strong><br />(-21 for losing)\n|raw|RyanBoi167's rating: 1085 &rarr; <strong>1111</strong><br />(+26 for winning)\n|l|\u2606CEOMikey3\n|player|p1|\n|c|\u2606RyanBoi167|Genuinely ggs\n", "uploadtime": 1781418795, "views": 19, "formatid": "gen9randombattle", "rating": 1054, "private": 0, "password": null}