{"id": "gen9randombattle-2632008611", "format": "[Gen 9] Random Battle", "players": ["metaltunder", "TSM-Virgil"], "log": "|j|\u2606metaltunder\n|j|\u2606TSM-Virgil\n|t:|1781465429\n|gametype|singles\n|player|p1|metaltunder|palmer|2062\n|player|p2|TSM-Virgil|acetrainer|2123\n|gen|9\n|tier|[Gen 9] Random Battle\n|rated|\n|rule|Species Clause: Limit one of each Pok\u00e9mon\n|rule|HP Percentage Mod: HP is shown in percentages\n|rule|Sleep Clause Mod: Limit one foe put to sleep\n|rule|Illusion Level Mod: Illusion disguises the Pok\u00e9mon's true level\n|\n|t:|1781465429\n|teamsize|p1|6\n|teamsize|p2|6\n|start\n|switch|p1a: Zekrom|Zekrom, L71|259/259\n|switch|p2a: Komala|Komala, L88, M|258/258\n|-ability|p1a: Zekrom|Teravolt\n|-ability|p2a: Komala|Comatose\n|turn|1\n|inactive|Battle timer is ON: inactive players will automatically lose when time's up. (requested by TSM-Virgil)\n|\n|t:|1781465445\n|switch|p1a: Illumise|Illumise, L91, F|266/266\n|move|p2a: Komala|Body Slam|p1a: Illumise\n|-damage|p1a: Illumise|142/266\n|-status|p1a: Illumise|par\n|\n|upkeep\n|turn|2\n|\n|t:|1781465451\n|switch|p2a: Iron Treads|Iron Treads, L77|265/265\n|move|p1a: Illumise|Roost|p1a: Illumise\n|-heal|p1a: Illumise|266/266 par\n|-singleturn|p1a: Illumise|move: Roost\n|\n|upkeep\n|turn|3\n|\n|t:|1781465458\n|switch|p1a: Exeggutor|Exeggutor-Alola, L89, M|314/314\n|-item|p2a: Iron Treads|Leftovers|[from] ability: Frisk|[of] p1a: Exeggutor\n|move|p2a: Iron Treads|Stealth Rock|p1a: Exeggutor\n|-sidestart|p1: metaltunder|move: Stealth Rock\n|\n|upkeep\n|turn|4\n|\n|t:|1781465461\n|move|p2a: Iron Treads|Knock Off|p1a: Exeggutor\n|-damage|p1a: Exeggutor|246/314\n|-enditem|p1a: Exeggutor|Choice Specs|[from] move: Knock Off|[of] p2a: Iron Treads\n|move|p1a: Exeggutor|Flamethrower|p2a: Iron Treads\n|-supereffective|p2a: Iron Treads\n|-damage|p2a: Iron Treads|51/265\n|\n|-heal|p2a: Iron Treads|67/265|[from] item: Leftovers\n|upkeep\n|turn|5\n|\n|t:|1781465468\n|-end|p2a: Iron Treads|Quark Drive|[silent]\n|switch|p2a: Komala|Komala, L88, M|258/258\n|-ability|p2a: Komala|Comatose\n|move|p1a: Exeggutor|Giga Drain|p2a: Komala\n|-crit|p2a: Komala\n|-damage|p2a: Komala|164/258\n|-heal|p1a: Exeggutor|293/314|[from] drain|[of] p2a: Komala\n|\n|upkeep\n|turn|6\n|inactive|metaltunder has 120 seconds left.\n|\n|t:|1781465500\n|move|p2a: Komala|Body Slam|p1a: Exeggutor\n|-damage|p1a: Exeggutor|175/314\n|move|p1a: Exeggutor|Giga Drain|p2a: Komala\n|-damage|p2a: Komala|100/258\n|-heal|p1a: Exeggutor|207/314|[from] drain|[of] p2a: Komala\n|\n|upkeep\n|turn|7\n|\n|t:|1781465509\n|move|p2a: Komala|Body Slam|p1a: Exeggutor\n|-damage|p1a: Exeggutor|92/314\n|move|p1a: Exeggutor|Draco Meteor|p2a: Komala\n|-damage|p2a: Komala|0 fnt\n|-unboost|p1a: Exeggutor|spa|2\n|faint|p2a: Komala\n|\n|upkeep\n|\n|t:|1781465515\n|switch|p2a: Landorus|Landorus, L75, M|257/257\n|turn|8\n|\n|t:|1781465520\n|move|p2a: Landorus|Sludge Wave|p1a: Exeggutor\n|-supereffective|p1a: Exeggutor\n|-damage|p1a: Exeggutor|0 fnt\n|faint|p1a: Exeggutor\n|\n|upkeep\n|\n|t:|1781465529\n|switch|p1a: Chimecho|Chimecho, L93, F|290/290\n|-damage|p1a: Chimecho|254/290|[from] Stealth Rock\n|turn|9\n|\n|t:|1781465535\n|switch|p2a: Volbeat|Volbeat, L90, M|263/263\n|move|p1a: Chimecho|Calm Mind|p1a: Chimecho\n|-boost|p1a: Chimecho|spa|1\n|-boost|p1a: Chimecho|spd|1\n|\n|-heal|p1a: Chimecho|272/290|[from] item: Leftovers\n|upkeep\n|turn|10\n|inactive|metaltunder has 120 seconds left.\n|\n|t:|1781465588\n|switch|p1a: Raichu|Raichu, L88, M|249/249\n|-damage|p1a: Raichu|218/249|[from] Stealth Rock\n|move|p2a: Volbeat|Encore||[still]\n|-fail|p2a: Volbeat\n|\n|upkeep\n|turn|11\n|\n|t:|1781465608\n|move|p1a: Raichu|Surf|p2a: Volbeat\n|-damage|p2a: Volbeat|179/263\n|-damage|p1a: Raichu|194/249|[from] item: Life Orb\n|move|p2a: Volbeat|U-turn|p1a: Raichu\n|-damage|p1a: Raichu|97/249\n|\n|t:|1781465613\n|switch|p2a: Meloetta|Meloetta, L82|298/298|[from] U-turn\n|\n|upkeep\n|turn|12\n|\n|t:|1781465621\n|move|p1a: Raichu|Thunderbolt|p2a: Meloetta\n|-damage|p2a: Meloetta|197/298\n|-damage|p1a: Raichu|73/249|[from] item: Life Orb\n|move|p2a: Meloetta|Relic Song|p1a: Raichu\n|-damage|p1a: Raichu|0 fnt\n|faint|p1a: Raichu\n|-formechange|p2a: Meloetta|Meloetta-Pirouette|[msg]\n|-damage|p2a: Meloetta|168/298|[from] item: Life Orb\n|\n|upkeep\n|\n|t:|1781465627\n|switch|p1a: Illumise|Illumise, L91, F|266/266 par\n|turn|13\n|\n|t:|1781465653\n|switch|p2a: Iron Treads|Iron Treads, L77|67/265\n|move|p1a: Illumise|Bug Buzz|p2a: Iron Treads\n|-resisted|p2a: Iron Treads\n|-damage|p2a: Iron Treads|4/265\n|\n|-heal|p2a: Iron Treads|20/265|[from] item: Leftovers\n|upkeep\n|turn|14\n|\n|t:|1781465664\n|move|p2a: Iron Treads|Iron Head|p1a: Illumise\n|-damage|p1a: Illumise|184/266 par\n|move|p1a: Illumise|Bug Buzz|p2a: Iron Treads\n|-resisted|p2a: Iron Treads\n|-damage|p2a: Iron Treads|0 fnt\n|faint|p2a: Iron Treads\n|-end|p2a: Iron Treads|Quark Drive|[silent]\n|\n|upkeep\n|\n|t:|1781465679\n|switch|p2a: Volbeat|Volbeat, L90, M|235/235\n|turn|15\n|\n|t:|1781465686\n|move|p2a: Volbeat|Nasty Plot|p2a: Volbeat\n|-boost|p2a: Volbeat|spa|2\n|move|p1a: Illumise|Bug Buzz|p2a: Volbeat\n|-supereffective|p2a: Volbeat\n|-damage|p2a: Volbeat|7/235\n|replace|p2a: Zoroark|Zoroark, L83, F\n|-end|p2a: Zoroark|Illusion\n|-hint|Illusion Level Mod is active, so this Pok\u00e9mon's true level was hidden.\n|\n|upkeep\n|turn|16\n|\n|t:|1781465700\n|move|p1a: Illumise|Roost|p1a: Illumise\n|-heal|p1a: Illumise|266/266 par\n|-singleturn|p1a: Illumise|move: Roost\n|move|p2a: Zoroark|Sludge Bomb|p1a: Illumise\n|-damage|p1a: Illumise|81/266 par\n|-damage|p2a: Zoroark|0 fnt|[from] item: Life Orb\n|faint|p2a: Zoroark\n|\n|upkeep\n|\n|t:|1781465716\n|switch|p2a: Landorus|Landorus, L75, M|257/257\n|turn|17\n|\n|t:|1781465728\n|move|p1a: Illumise|Roost|p1a: Illumise\n|-heal|p1a: Illumise|214/266 par\n|-singleturn|p1a: Illumise|move: Roost\n|move|p2a: Landorus|Sludge Wave|p1a: Illumise\n|-damage|p1a: Illumise|117/266 par\n|\n|upkeep\n|turn|18\n|inactive|TSM-Virgil has 120 seconds left.\n|\n|t:|1781465779\n|move|p1a: Illumise|Encore|p2a: Landorus\n|-start|p2a: Landorus|Encore\n|move|p2a: Landorus|Sludge Wave|p1a: Illumise\n|-damage|p1a: Illumise|18/266 par\n|\n|upkeep\n|turn|19\n|\n|t:|1781465795\n|move|p2a: Landorus|Sludge Wave|p1a: Illumise\n|-damage|p1a: Illumise|0 fnt\n|faint|p1a: Illumise\n|\n|upkeep\n|\n|t:|1781465797\n|switch|p1a: Zacian|Zacian-Crowned, L64|225/225\n|-damage|p1a: Zacian|211/225|[from] Stealth Rock\n|-ability|p1a: Zacian|Intrepid Sword|boost\n|-boost|p1a: Zacian|atk|1\n|turn|20\n|\n|t:|1781465801\n|switch|p2a: Volbeat|Volbeat, L90, M|179/263\n|move|p1a: Zacian|Behemoth Blade|p2a: Volbeat\n|-damage|p2a: Volbeat|46/263\n|\n|upkeep\n|turn|21\n|\n|t:|1781465809\n|switch|p1a: Zekrom|Zekrom, L71|259/259\n|-damage|p1a: Zekrom|227/259|[from] Stealth Rock\n|-ability|p1a: Zekrom|Teravolt\n|move|p2a: Volbeat|Thunder Wave|p1a: Zekrom\n|-immune|p1a: Zekrom\n|\n|-heal|p1a: Zekrom|243/259|[from] item: Leftovers\n|upkeep\n|turn|22\n|\n|t:|1781465818\n|move|p2a: Volbeat|Roost|p2a: Volbeat\n|-heal|p2a: Volbeat|178/263\n|-singleturn|p2a: Volbeat|move: Roost\n|move|p1a: Zekrom|Outrage|p2a: Volbeat\n|-damage|p2a: Volbeat|37/263\n|\n|-heal|p1a: Zekrom|259/259|[from] item: Leftovers\n|upkeep\n|turn|23\n|\n|t:|1781465823\n|move|p2a: Volbeat|Roost|p2a: Volbeat\n|-heal|p2a: Volbeat|169/263\n|-singleturn|p2a: Volbeat|move: Roost\n|move|p1a: Zekrom|Outrage|p2a: Volbeat|[from] lockedmove\n|-damage|p2a: Volbeat|25/263\n|\n|upkeep\n|turn|24\n|\n|t:|1781465826\n|move|p2a: Volbeat|Roost|p2a: Volbeat\n|-heal|p2a: Volbeat|157/263\n|-singleturn|p2a: Volbeat|move: Roost\n|move|p1a: Zekrom|Outrage|p2a: Volbeat|[from] lockedmove\n|-damage|p2a: Volbeat|7/263\n|-start|p1a: Zekrom|confusion|[fatigue]\n|\n|upkeep\n|turn|25\n|\n|t:|1781465832\n|move|p2a: Volbeat|U-turn|p1a: Zekrom\n|-damage|p1a: Zekrom|192/259\n|\n|t:|1781465834\n|switch|p2a: Meloetta|Meloetta, L82|168/298|[from] U-turn\n|-activate|p1a: Zekrom|confusion\n|move|p1a: Zekrom|Outrage|p2a: Meloetta\n|-damage|p2a: Meloetta|30/298\n|\n|-heal|p1a: Zekrom|208/259|[from] item: Leftovers\n|upkeep\n|turn|26\n|\n|t:|1781465839\n|move|p2a: Meloetta|Relic Song|p1a: Zekrom\n|-damage|p1a: Zekrom|78/259\n|-status|p1a: Zekrom|slp|[from] move: Relic Song\n|-formechange|p2a: Meloetta|Meloetta-Pirouette|[msg]\n|-damage|p2a: Meloetta|1/298|[from] item: Life Orb\n|cant|p1a: Zekrom|slp\n|\n|-heal|p1a: Zekrom|94/259 slp|[from] item: Leftovers\n|upkeep\n|turn|27\n|\n|t:|1781465844\n|move|p2a: Meloetta|Knock Off|p1a: Zekrom\n|-damage|p1a: Zekrom|0 fnt\n|-enditem|p1a: Zekrom|Leftovers|[from] move: Knock Off|[of] p2a: Meloetta\n|faint|p1a: Zekrom\n|-damage|p2a: Meloetta|0 fnt|[from] item: Life Orb\n|faint|p2a: Meloetta\n|\n|upkeep\n|\n|t:|1781465858\n|switch|p2a: Landorus|Landorus, L75, M|257/257\n|switch|p1a: Zacian|Zacian-Crowned, L64|211/225\n|-damage|p1a: Zacian|197/225|[from] Stealth Rock\n|turn|28\n|\n|t:|1781465864\n|move|p1a: Zacian|Behemoth Blade|p2a: Landorus\n|-crit|p2a: Landorus\n|-damage|p2a: Landorus|104/257\n|move|p2a: Landorus|Earth Power|p1a: Zacian\n|-supereffective|p1a: Zacian\n|-crit|p1a: Zacian\n|-damage|p1a: Zacian|0 fnt\n|faint|p1a: Zacian\n|\n|upkeep\n|\n|t:|1781465868\n|switch|p1a: Chimecho|Chimecho, L93, F|272/290\n|-damage|p1a: Chimecho|236/290|[from] Stealth Rock\n|turn|29\n|\n|t:|1781465872\n|move|p2a: Landorus|Nasty Plot|p2a: Landorus\n|-boost|p2a: Landorus|spa|2\n|move|p1a: Chimecho|Psychic Noise|p2a: Landorus\n|-damage|p2a: Landorus|0 fnt\n|faint|p2a: Landorus\n|\n|-heal|p1a: Chimecho|254/290|[from] item: Leftovers\n|upkeep\n|\n|t:|1781465875\n|switch|p2a: Volbeat|Volbeat, L90, M|7/263\n|turn|30\n|\n|t:|1781465879\n|-terastallize|p2a: Volbeat|Steel\n|-terastallize|p1a: Chimecho|Poison\n|move|p2a: Volbeat|Roost|p2a: Volbeat\n|-heal|p2a: Volbeat|139/263\n|move|p1a: Chimecho|Psychic Noise|p2a: Volbeat\n|-resisted|p2a: Volbeat\n|-damage|p2a: Volbeat|94/263\n|-start|p2a: Volbeat|move: Heal Block\n|\n|-heal|p1a: Chimecho|272/290|[from] item: Leftovers\n|upkeep\n|turn|31\n|\n|t:|1781465884\n|move|p2a: Volbeat|Thunder Wave|p1a: Chimecho\n|-status|p1a: Chimecho|par\n|move|p1a: Chimecho|Psychic Noise|p2a: Volbeat\n|-resisted|p2a: Volbeat\n|-damage|p2a: Volbeat|48/263\n|\n|-heal|p1a: Chimecho|290/290 par|[from] item: Leftovers\n|-end|p2a: Volbeat|move: Heal Block\n|upkeep\n|turn|32\n|\n|t:|1781465890\n|move|p2a: Volbeat|Roost|p2a: Volbeat\n|-heal|p2a: Volbeat|180/263\n|move|p1a: Chimecho|Psychic Noise|p2a: Volbeat\n|-resisted|p2a: Volbeat\n|-damage|p2a: Volbeat|136/263\n|-start|p2a: Volbeat|move: Heal Block\n|\n|upkeep\n|turn|33\n|\n|t:|1781465894\n|move|p2a: Volbeat|U-turn|p1a: Chimecho\n|-resisted|p1a: Chimecho\n|-damage|p1a: Chimecho|255/290 par\n|move|p1a: Chimecho|Psychic Noise|p2a: Volbeat\n|-resisted|p2a: Volbeat\n|-damage|p2a: Volbeat|87/263\n|\n|-heal|p1a: Chimecho|273/290 par|[from] item: Leftovers\n|-end|p2a: Volbeat|move: Heal Block\n|upkeep\n|turn|34\n|\n|t:|1781465898\n|move|p2a: Volbeat|Roost|p2a: Volbeat\n|-heal|p2a: Volbeat|219/263\n|move|p1a: Chimecho|Dazzling Gleam|p2a: Volbeat\n|-resisted|p2a: Volbeat\n|-damage|p2a: Volbeat|186/263\n|\n|-heal|p1a: Chimecho|290/290 par|[from] item: Leftovers\n|upkeep\n|turn|35\n|\n|t:|1781465902\n|move|p2a: Volbeat|Encore|p1a: Chimecho\n|-start|p1a: Chimecho|Encore\n|cant|p1a: Chimecho|par\n|\n|upkeep\n|turn|36\n|\n|t:|1781465905\n|move|p2a: Volbeat|U-turn|p1a: Chimecho\n|-resisted|p1a: Chimecho\n|-damage|p1a: Chimecho|258/290 par\n|move|p1a: Chimecho|Dazzling Gleam|p2a: Volbeat\n|-resisted|p2a: Volbeat\n|-damage|p2a: Volbeat|156/263\n|\n|-heal|p1a: Chimecho|276/290 par|[from] item: Leftovers\n|upkeep\n|turn|37\n|\n|t:|1781465912\n|move|p2a: Volbeat|U-turn|p1a: Chimecho\n|-resisted|p1a: Chimecho\n|-damage|p1a: Chimecho|244/290 par\n|move|p1a: Chimecho|Dazzling Gleam|p2a: Volbeat\n|-resisted|p2a: Volbeat\n|-damage|p2a: Volbeat|125/263\n|\n|-heal|p1a: Chimecho|262/290 par|[from] item: Leftovers\n|-end|p1a: Chimecho|Encore\n|upkeep\n|turn|38\n|\n|t:|1781465918\n|move|p2a: Volbeat|Encore|p1a: Chimecho\n|-start|p1a: Chimecho|Encore\n|move|p1a: Chimecho|Dazzling Gleam|p2a: Volbeat\n|-resisted|p2a: Volbeat\n|-damage|p2a: Volbeat|92/263\n|\n|-heal|p1a: Chimecho|280/290 par|[from] item: Leftovers\n|upkeep\n|turn|39\n|\n|t:|1781465921\n|move|p2a: Volbeat|Roost|p2a: Volbeat\n|-heal|p2a: Volbeat|224/263\n|move|p1a: Chimecho|Dazzling Gleam|p2a: Volbeat\n|-resisted|p2a: Volbeat\n|-damage|p2a: Volbeat|190/263\n|\n|-heal|p1a: Chimecho|290/290 par|[from] item: Leftovers\n|upkeep\n|turn|40\n|\n|t:|1781465924\n|move|p2a: Volbeat|U-turn|p1a: Chimecho\n|-resisted|p1a: Chimecho\n|-damage|p1a: Chimecho|257/290 par\n|move|p1a: Chimecho|Dazzling Gleam|p2a: Volbeat\n|-resisted|p2a: Volbeat\n|-damage|p2a: Volbeat|160/263\n|\n|-heal|p1a: Chimecho|275/290 par|[from] item: Leftovers\n|-end|p1a: Chimecho|Encore\n|upkeep\n|turn|41\n|\n|t:|1781465926\n|move|p2a: Volbeat|Encore|p1a: Chimecho\n|-start|p1a: Chimecho|Encore\n|move|p1a: Chimecho|Dazzling Gleam|p2a: Volbeat\n|-resisted|p2a: Volbeat\n|-damage|p2a: Volbeat|128/263\n|\n|-heal|p1a: Chimecho|290/290 par|[from] item: Leftovers\n|upkeep\n|turn|42\n|\n|t:|1781465929\n|move|p2a: Volbeat|U-turn|p1a: Chimecho\n|-resisted|p1a: Chimecho\n|-damage|p1a: Chimecho|254/290 par\n|cant|p1a: Chimecho|par\n|\n|-heal|p1a: Chimecho|272/290 par|[from] item: Leftovers\n|upkeep\n|turn|43\n|\n|t:|1781465937\n|move|p2a: Volbeat|U-turn|p1a: Chimecho\n|-resisted|p1a: Chimecho\n|-damage|p1a: Chimecho|239/290 par\n|move|p1a: Chimecho|Dazzling Gleam|p2a: Volbeat\n|-resisted|p2a: Volbeat\n|-damage|p2a: Volbeat|95/263\n|\n|-heal|p1a: Chimecho|257/290 par|[from] item: Leftovers\n|-end|p1a: Chimecho|Encore\n|upkeep\n|turn|44\n|\n|t:|1781465940\n|move|p2a: Volbeat|Encore|p1a: Chimecho\n|-start|p1a: Chimecho|Encore\n|move|p1a: Chimecho|Dazzling Gleam|p2a: Volbeat\n|-resisted|p2a: Volbeat\n|-damage|p2a: Volbeat|63/263\n|\n|-heal|p1a: Chimecho|275/290 par|[from] item: Leftovers\n|upkeep\n|turn|45\n|\n|t:|1781465942\n|move|p2a: Volbeat|U-turn|p1a: Chimecho\n|-resisted|p1a: Chimecho\n|-damage|p1a: Chimecho|242/290 par\n|move|p1a: Chimecho|Dazzling Gleam|p2a: Volbeat\n|-resisted|p2a: Volbeat\n|-damage|p2a: Volbeat|30/263\n|\n|-heal|p1a: Chimecho|260/290 par|[from] item: Leftovers\n|upkeep\n|turn|46\n|\n|t:|1781465945\n|move|p2a: Volbeat|Roost|p2a: Volbeat\n|-heal|p2a: Volbeat|162/263\n|cant|p1a: Chimecho|par\n|\n|-heal|p1a: Chimecho|278/290 par|[from] item: Leftovers\n|-end|p1a: Chimecho|Encore\n|upkeep\n|turn|47\n|\n|t:|1781465949\n|move|p2a: Volbeat|Encore|p1a: Chimecho\n|-start|p1a: Chimecho|Encore\n|move|p1a: Chimecho|Dazzling Gleam|p2a: Volbeat\n|-resisted|p2a: Volbeat\n|-damage|p2a: Volbeat|132/263\n|\n|-heal|p1a: Chimecho|290/290 par|[from] item: Leftovers\n|upkeep\n|turn|48\n|\n|t:|1781465953\n|move|p2a: Volbeat|U-turn|p1a: Chimecho\n|-resisted|p1a: Chimecho\n|-damage|p1a: Chimecho|254/290 par\n|move|p1a: Chimecho|Dazzling Gleam|p2a: Volbeat\n|-resisted|p2a: Volbeat\n|-damage|p2a: Volbeat|98/263\n|\n|-heal|p1a: Chimecho|272/290 par|[from] item: Leftovers\n|upkeep\n|turn|49\n|\n|t:|1781465956\n|move|p2a: Volbeat|U-turn|p1a: Chimecho\n|-resisted|p1a: Chimecho\n|-damage|p1a: Chimecho|239/290 par\n|move|p1a: Chimecho|Dazzling Gleam|p2a: Volbeat\n|-resisted|p2a: Volbeat\n|-damage|p2a: Volbeat|62/263\n|\n|-heal|p1a: Chimecho|257/290 par|[from] item: Leftovers\n|-end|p1a: Chimecho|Encore\n|upkeep\n|turn|50\n|\n|t:|1781465960\n|move|p2a: Volbeat|Encore|p1a: Chimecho\n|-start|p1a: Chimecho|Encore\n|cant|p1a: Chimecho|par\n|\n|-heal|p1a: Chimecho|275/290 par|[from] item: Leftovers\n|upkeep\n|turn|51\n|\n|t:|1781465963\n|move|p2a: Volbeat|U-turn|p1a: Chimecho\n|-resisted|p1a: Chimecho\n|-damage|p1a: Chimecho|239/290 par\n|move|p1a: Chimecho|Dazzling Gleam|p2a: Volbeat\n|-resisted|p2a: Volbeat\n|-damage|p2a: Volbeat|29/263\n|\n|-heal|p1a: Chimecho|257/290 par|[from] item: Leftovers\n|upkeep\n|turn|52\n|\n|t:|1781465965\n|move|p2a: Volbeat|U-turn|p1a: Chimecho\n|-resisted|p1a: Chimecho\n|-damage|p1a: Chimecho|224/290 par\n|move|p1a: Chimecho|Dazzling Gleam|p2a: Volbeat\n|-resisted|p2a: Volbeat\n|-damage|p2a: Volbeat|0 fnt\n|faint|p2a: Volbeat\n|\n|win|metaltunder\n", "inputlog": ">version a8376a258c1d4662feba110a92103f3664a72141\n>start {\"formatid\":\"gen9randombattle\",\"seed\":\"sodium,f0e15a33a281e4cf5694c71c1247f258\",\"rated\":\"Rated battle\"}\n>player p1 {\"name\":\"metaltunder\",\"avatar\":\"palmer\",\"rating\":2062,\"seed\":\"sodium,21bef72c7f10cb8162ece5cbba7c5ed4\"}\n>player p2 {\"name\":\"TSM-Virgil\",\"avatar\":\"acetrainer\",\"rating\":2123,\"seed\":\"sodium,de834e89b8474ca5ad6a14946f74abd0\"}\n>p1 switch 2\n>p2 move bodyslam\n>p1 move roost\n>p2 switch 3\n>p1 switch 6\n>p2 move stealthrock\n>p1 move flamethrower\n>p2 move knockoff\n>p1 move gigadrain\n>p2 switch 3\n>p1 move gigadrain\n>p2 move bodyslam\n>p1 move dracometeor\n>p2 move bodyslam\n>p2 switch 2\n>p1 move leafstorm\n>p2 move sludgewave\n>p1 switch 4\n>p1 move calmmind\n>p2 switch 5\n>p1 switch 3\n>p2 move encore\n>p1 move surf\n>p2 move uturn\n>p2 switch 6\n>p1 move thunderbolt\n>p2 move relicsong\n>p1 switch 6\n>p1 move bugbuzz\n>p2 switch 3\n>p1 move bugbuzz\n>p2 move ironhead\n>p2 switch 4\n>p1 move bugbuzz\n>p2 move nastyplot\n>p1 move roost\n>p2 move sludgebomb\n>p2 switch 5\n>p1 move roost\n>p2 move sludgewave\n>p1 move encore\n>p2 move sludgewave\n>p1 move bugbuzz\n>p2 move sludgewave\n>p1 switch 5\n>p1 move behemothblade\n>p2 switch 6\n>p1 switch 2\n>p2 move thunderwave\n>p1 move outrage\n>p2 move roost\n>p1 move outrage\n>p2 move roost\n>p1 move outrage\n>p2 move roost\n>p1 move outrage\n>p2 move uturn\n>p2 switch 3\n>p1 move outrage\n>p2 move relicsong\n>p1 move outrage\n>p2 move knockoff\n>p1 switch 2\n>p2 switch 6\n>p1 move behemothblade\n>p2 move earthpower\n>p1 switch 3\n>p1 move psychicnoise\n>p2 move nastyplot\n>p2 switch 3\n>p1 move psychicnoise terastallize\n>p2 move roost terastallize\n>p1 move psychicnoise\n>p2 move thunderwave\n>p1 move psychicnoise\n>p2 move roost\n>p1 move psychicnoise\n>p2 move uturn\n>p1 move dazzlinggleam\n>p2 move roost\n>p1 move psychicnoise\n>p2 move encore\n>p1 move dazzlinggleam\n>p2 move uturn\n>p1 move dazzlinggleam\n>p2 move uturn\n>p1 move psychicnoise\n>p2 move encore\n>p1 move dazzlinggleam\n>p2 move roost\n>p1 move dazzlinggleam\n>p2 move uturn\n>p1 move psychicnoise\n>p2 move encore\n>p1 move dazzlinggleam\n>p2 move uturn\n>p1 move dazzlinggleam\n>p2 move uturn\n>p1 move psychicnoise\n>p2 move encore\n>p1 move dazzlinggleam\n>p2 move uturn\n>p1 move dazzlinggleam\n>p2 move roost\n>p1 move psychicnoise\n>p2 move encore\n>p1 move dazzlinggleam\n>p2 move uturn\n>p1 move dazzlinggleam\n>p2 move uturn\n>p1 move psychicnoise\n>p2 move encore\n>p1 move dazzlinggleam\n>p2 move uturn\n>p1 move dazzlinggleam\n>p2 move uturn", "uploadtime": 1781465431, "views": 7, "formatid": "gen9randombattle", "rating": null, "private": 0, "password": null, "player_dets": [{"name": "metaltunder", "avatar": "palmer", "rating": 2062, "seed": "sodium,21bef72c7f10cb8162ece5cbba7c5ed4"}, {"name": "TSM-Virgil", "avatar": "acetrainer", "rating": 2123, "seed": "sodium,de834e89b8474ca5ad6a14946f74abd0"}], "teams_full": [{"Zekrom": {"name": "Zekrom", "species": "Zekrom", "speciesId": "zekrom", "gender": "N", "shiny": false, "level": 71, "moves": ["outrage", "dragondance", "substitute", "boltstrike"], "ability": "Teravolt", "evs": {"hp": 85, "atk": 85, "def": 85, "spa": 85, "spd": 85, "spe": 85}, "ivs": {"hp": 31, "atk": 31, "def": 31, "spa": 31, "spd": 31, "spe": 31}, "item": "Leftovers", "teraType": "Fairy", "role": "Setup Sweeper", "bvs": {"hp": 100, "atk": 150, "def": 120, "spa": 120, "spd": 100, "spe": 90}, "stats": {"hp": 259, "atk": 254, "def": 212, "spa": 212, "spd": 183, "spe": 169}}, "Illumise": {"name": "Illumise", "species": "Illumise", "speciesId": "illumise", "gender": "F", "shiny": false, "level": 91, "moves": ["bugbuzz", "roost", "encore", "thunderwave"], "ability": "Prankster", "evs": {"hp": 85, "atk": 0, "def": 85, "spa": 85, "spd": 85, "spe": 85}, "ivs": {"hp": 31, "atk": 0, "def": 31, "spa": 31, "spd": 31, "spe": 31}, "item": "Heavy-Duty Boots", "teraType": "Steel", "role": "Bulky Support", "bvs": {"hp": 65, "atk": 47, "def": 75, "spa": 73, "spd": 85, "spe": 85}, "stats": {"hp": 266, "atk": 90, "def": 188, "spa": 185, "spd": 207, "spe": 207}}, "Raichu": {"name": "Raichu", "species": "Raichu", "speciesId": "raichu", "gender": "M", "shiny": false, "level": 88, "moves": ["surf", "thunderbolt", "nastyplot", "terablast"], "ability": "Lightning Rod", "evs": {"hp": 85, "atk": 0, "def": 85, "spa": 85, "spd": 85, "spe": 85}, "ivs": {"hp": 31, "atk": 0, "def": 31, "spa": 31, "spd": 31, "spe": 31}, "item": "Life Orb", "teraType": "Ice", "role": "Tera Blast user", "bvs": {"hp": 60, "atk": 90, "def": 55, "spa": 90, "spd": 80, "spe": 110}, "stats": {"hp": 249, "atk": 163, "def": 147, "spa": 209, "spd": 191, "spe": 244}}, "Chimecho": {"name": "Chimecho", "species": "Chimecho", "speciesId": "chimecho", "gender": "F", "shiny": false, "level": 93, "moves": ["recover", "calmmind", "dazzlinggleam", "psychicnoise"], "ability": "Levitate", "evs": {"hp": 85, "atk": 0, "def": 85, "spa": 85, "spd": 85, "spe": 85}, "ivs": {"hp": 31, "atk": 0, "def": 31, "spa": 31, "spd": 31, "spe": 31}, "item": "Leftovers", "teraType": "Poison", "role": "Bulky Setup", "bvs": {"hp": 75, "atk": 50, "def": 80, "spa": 95, "spd": 90, "spe": 65}, "stats": {"hp": 290, "atk": 98, "def": 202, "spa": 230, "spd": 220, "spe": 174}}, "Zacian": {"name": "Zacian", "species": "Zacian", "speciesId": "zaciancrowned", "gender": "N", "shiny": false, "level": 64, "moves": ["closecombat", "playrough", "behemothblade", "swordsdance"], "ability": "Intrepid Sword", "evs": {"hp": 85, "atk": 85, "def": 85, "spa": 85, "spd": 85, "spe": 85}, "ivs": {"hp": 31, "atk": 31, "def": 31, "spa": 31, "spd": 31, "spe": 31}, "item": "Rusted Sword", "teraType": "Fighting", "role": "Setup Sweeper", "bvs": {"hp": 92, "atk": 150, "def": 115, "spa": 80, "spd": 115, "spe": 148}, "stats": {"hp": 225, "atk": 230, "def": 185, "spa": 140, "spd": 185, "spe": 227}}, "Exeggutor": {"name": "Exeggutor", "species": "Exeggutor-Alola", "speciesId": "exeggutoralola", "gender": "M", "shiny": false, "level": 89, "moves": ["flamethrower", "leafstorm", "gigadrain", "dracometeor"], "ability": "Frisk", "evs": {"hp": 85, "atk": 0, "def": 85, "spa": 85, "spd": 85, "spe": 85}, "ivs": {"hp": 31, "atk": 0, "def": 31, "spa": 31, "spd": 31, "spe": 31}, "item": "Choice Specs", "teraType": "Fire", "role": "Wallbreaker", "bvs": {"hp": 95, "atk": 105, "def": 85, "spa": 125, "spd": 75, "spe": 45}, "stats": {"hp": 314, "atk": 191, "def": 202, "spa": 273, "spd": 184, "spe": 131}}}, {"Komala": {"name": "Komala", "species": "Komala", "speciesId": "komala", "gender": "M", "shiny": false, "level": 88, "moves": ["rapidspin", "bodyslam", "uturn", "knockoff"], "ability": "Comatose", "evs": {"hp": 85, "atk": 85, "def": 85, "spa": 85, "spd": 85, "spe": 85}, "ivs": {"hp": 31, "atk": 31, "def": 31, "spa": 31, "spd": 31, "spe": 31}, "item": "Assault Vest", "teraType": "Ghost", "role": "Bulky Support", "bvs": {"hp": 65, "atk": 115, "def": 65, "spa": 75, "spd": 95, "spe": 65}, "stats": {"hp": 258, "atk": 253, "def": 165, "spa": 182, "spd": 217, "spe": 165}}, "Landorus": {"name": "Landorus", "species": "Landorus", "speciesId": "landorus", "gender": "M", "shiny": false, "level": 75, "moves": ["earthpower", "sludgewave", "nastyplot", "psychic"], "ability": "Sheer Force", "evs": {"hp": 85, "atk": 0, "def": 85, "spa": 85, "spd": 85, "spe": 85}, "ivs": {"hp": 31, "atk": 0, "def": 31, "spa": 31, "spd": 31, "spe": 31}, "item": "Life Orb", "teraType": "Poison", "role": "Fast Attacker", "bvs": {"hp": 89, "atk": 125, "def": 90, "spa": 115, "spd": 80, "spe": 101}, "stats": {"hp": 257, "atk": 192, "def": 179, "spa": 216, "spd": 164, "spe": 195}}, "Iron Treads": {"name": "Iron Treads", "species": "Iron Treads", "speciesId": "irontreads", "gender": "N", "shiny": false, "level": 77, "moves": ["earthquake", "knockoff", "stealthrock", "ironhead"], "ability": "Quark Drive", "evs": {"hp": 85, "atk": 85, "def": 85, "spa": 85, "spd": 85, "spe": 85}, "ivs": {"hp": 31, "atk": 31, "def": 31, "spa": 31, "spd": 31, "spe": 31}, "item": "Leftovers", "teraType": "Ghost", "role": "Bulky Support", "bvs": {"hp": 90, "atk": 112, "def": 120, "spa": 72, "spd": 70, "spe": 106}, "stats": {"hp": 265, "atk": 217, "def": 229, "spa": 155, "spd": 152, "spe": 208}}, "Zoroark": {"name": "Zoroark", "species": "Zoroark", "speciesId": "zoroark", "gender": "F", "shiny": false, "level": 83, "moves": ["darkpulse", "nastyplot", "sludgebomb", "psychic"], "ability": "Illusion", "evs": {"hp": 85, "atk": 0, "def": 85, "spa": 85, "spd": 85, "spe": 85}, "ivs": {"hp": 31, "atk": 0, "def": 31, "spa": 31, "spd": 31, "spe": 31}, "item": "Life Orb", "teraType": "Poison", "role": "Setup Sweeper", "bvs": {"hp": 60, "atk": 105, "def": 60, "spa": 120, "spd": 60, "spe": 105}, "stats": {"hp": 235, "atk": 179, "def": 147, "spa": 247, "spd": 147, "spe": 222}}, "Volbeat": {"name": "Volbeat", "species": "Volbeat", "speciesId": "volbeat", "gender": "M", "shiny": false, "level": 90, "moves": ["uturn", "roost", "encore", "thunderwave"], "ability": "Prankster", "evs": {"hp": 85, "atk": 85, "def": 85, "spa": 85, "spd": 85, "spe": 85}, "ivs": {"hp": 31, "atk": 31, "def": 31, "spa": 31, "spd": 31, "spe": 31}, "item": "Heavy-Duty Boots", "teraType": "Steel", "role": "Bulky Support", "bvs": {"hp": 65, "atk": 73, "def": 75, "spa": 47, "spd": 85, "spe": 85}, "stats": {"hp": 263, "atk": 183, "def": 186, "spa": 136, "spd": 204, "spe": 204}}, "Meloetta": {"name": "Meloetta", "species": "Meloetta", "speciesId": "meloetta", "gender": "N", "shiny": false, "level": 82, "moves": ["relicsong", "closecombat", "knockoff", "tripleaxel"], "ability": "Serene Grace", "evs": {"hp": 85, "atk": 85, "def": 85, "spa": 85, "spd": 85, "spe": 85}, "ivs": {"hp": 31, "atk": 31, "def": 31, "spa": 31, "spd": 31, "spe": 31}, "item": "Life Orb", "teraType": "Dark", "role": "Wallbreaker", "bvs": {"hp": 100, "atk": 77, "def": 77, "spa": 128, "spd": 128, "spe": 90}, "stats": {"hp": 298, "atk": 173, "def": 173, "spa": 257, "spd": 257, "spe": 195}}}]}