{"id": "gen9randombattle-2631970373", "format": "[Gen 9] Random Battle", "players": ["SaberTB", "Greedy Rapooh"], "log": "|j|\u2606SaberTB\n|j|\u2606Greedy Rapooh\n|t:|1781461230\n|gametype|singles\n|player|p1|SaberTB|169|2053\n|player|p2|Greedy Rapooh|acerola-masters|2106\n|gen|9\n|tier|[Gen 9] Random Battle\n|rated|\n|rule|Species Clause: Limit one of each Pok\u00e9mon\n|rule|HP Percentage Mod: HP is shown in percentages\n|rule|Sleep Clause Mod: Limit one foe put to sleep\n|rule|Illusion Level Mod: Illusion disguises the Pok\u00e9mon's true level\n|\n|t:|1781461230\n|teamsize|p1|6\n|teamsize|p2|6\n|start\n|switch|p1a: Primarina|Primarina, L83, F|268/268\n|switch|p2a: Lokix|Lokix, L82, M|251/251\n|turn|1\n|\n|t:|1781461237\n|move|p2a: Lokix|Knock Off|p1a: Primarina\n|-resisted|p1a: Primarina\n|-damage|p1a: Primarina|112/268\n|-enditem|p1a: Primarina|Leftovers|[from] move: Knock Off|[of] p2a: Lokix\n|-damage|p2a: Lokix|226/251|[from] item: Life Orb\n|move|p1a: Primarina|Draining Kiss|p2a: Lokix\n|-supereffective|p2a: Lokix\n|-crit|p2a: Lokix\n|-damage|p2a: Lokix|0 fnt\n|-heal|p1a: Primarina|268/268|[from] drain|[of] p2a: Lokix\n|faint|p2a: Lokix\n|\n|upkeep\n|inactive|Battle timer is ON: inactive players will automatically lose when time's up. (requested by Greedy Rapooh)\n|\n|t:|1781461243\n|switch|p2a: Bruxish|Bruxish, L85, F|254/254\n|turn|2\n|\n|t:|1781461248\n|move|p2a: Bruxish|Swords Dance|p2a: Bruxish\n|-boost|p2a: Bruxish|atk|2\n|move|p1a: Primarina|Moonblast|p2a: Bruxish\n|-damage|p2a: Bruxish|112/254\n|\n|upkeep\n|turn|3\n|\n|t:|1781461258\n|move|p2a: Bruxish|Psychic Fangs|p1a: Primarina\n|-damage|p1a: Primarina|0 fnt\n|faint|p1a: Primarina\n|-damage|p2a: Bruxish|87/254|[from] item: Life Orb\n|\n|upkeep\n|\n|t:|1781461264\n|switch|p1a: Spectrier|Spectrier, L75|274/274\n|turn|4\n|\n|t:|1781461278\n|switch|p2a: Sableye|Sableye, L88, F|231/231\n|move|p1a: Spectrier|Shadow Ball|p2a: Sableye\n|-damage|p2a: Sableye|75/231\n|-damage|p1a: Spectrier|247/274|[from] item: Life Orb\n|\n|-heal|p2a: Sableye|89/231|[from] item: Leftovers\n|upkeep\n|turn|5\n|\n|t:|1781461297\n|switch|p1a: Pyroar|Pyroar, L88, F|295/295\n|-ability|p1a: Pyroar|Unnerve\n|move|p2a: Sableye|Thunder Wave|p1a: Pyroar\n|-status|p1a: Pyroar|par\n|\n|-heal|p2a: Sableye|103/231|[from] item: Leftovers\n|upkeep\n|turn|6\n|\n|t:|1781461312\n|move|p2a: Sableye|Knock Off|p1a: Pyroar\n|-damage|p1a: Pyroar|190/295 par\n|-enditem|p1a: Pyroar|Heavy-Duty Boots|[from] move: Knock Off|[of] p2a: Sableye\n|cant|p1a: Pyroar|par\n|\n|-heal|p2a: Sableye|117/231|[from] item: Leftovers\n|upkeep\n|turn|7\n|\n|t:|1781461324\n|move|p2a: Sableye|Recover|p2a: Sableye\n|-heal|p2a: Sableye|231/231\n|move|p1a: Pyroar|Fire Blast|p2a: Sableye\n|-damage|p2a: Sableye|62/231\n|-status|p2a: Sableye|brn\n|\n|-heal|p2a: Sableye|76/231 brn|[from] item: Leftovers\n|-damage|p2a: Sableye|62/231 brn|[from] brn\n|upkeep\n|turn|8\n|\n|t:|1781461343\n|move|p2a: Sableye|Recover|p2a: Sableye\n|-heal|p2a: Sableye|178/231 brn\n|move|p1a: Pyroar|Fire Blast|p2a: Sableye\n|-damage|p2a: Sableye|9/231 brn\n|\n|-heal|p2a: Sableye|23/231 brn|[from] item: Leftovers\n|-damage|p2a: Sableye|9/231 brn|[from] brn\n|upkeep\n|turn|9\n|\n|t:|1781461347\n|move|p2a: Sableye|Recover|p2a: Sableye\n|-heal|p2a: Sableye|125/231 brn\n|move|p1a: Pyroar|Fire Blast|p2a: Sableye\n|-damage|p2a: Sableye|0 fnt\n|faint|p2a: Sableye\n|\n|upkeep\n|\n|t:|1781461351\n|switch|p2a: Alcremie|Alcremie-Rainbow-Swirl, L90, F|263/263\n|turn|10\n|\n|t:|1781461359\n|move|p2a: Alcremie|Calm Mind|p2a: Alcremie\n|-boost|p2a: Alcremie|spa|1\n|-boost|p2a: Alcremie|spd|1\n|move|p1a: Pyroar|Taunt|p2a: Alcremie\n|-block|p2a: Alcremie|ability: Aroma Veil|[of] p2a: Alcremie\n|\n|upkeep\n|turn|11\n|\n|t:|1781461368\n|move|p2a: Alcremie|Calm Mind|p2a: Alcremie\n|-boost|p2a: Alcremie|spa|1\n|-boost|p2a: Alcremie|spd|1\n|move|p1a: Pyroar|Hyper Voice|p2a: Alcremie\n|-damage|p2a: Alcremie|217/263\n|\n|-heal|p2a: Alcremie|233/263|[from] item: Leftovers\n|upkeep\n|turn|12\n|\n|t:|1781461377\n|switch|p1a: Moltres|Moltres, L81|278/278\n|move|p2a: Alcremie|Calm Mind|p2a: Alcremie\n|-boost|p2a: Alcremie|spa|1\n|-boost|p2a: Alcremie|spd|1\n|\n|-heal|p2a: Alcremie|249/263|[from] item: Leftovers\n|upkeep\n|turn|13\n|\n|t:|1781461384\n|move|p1a: Moltres|Brave Bird|p2a: Alcremie\n|-damage|p2a: Alcremie|119/263\n|-damage|p1a: Moltres|235/278|[from] Recoil\n|move|p2a: Alcremie|Alluring Voice|p1a: Moltres\n|-resisted|p1a: Moltres\n|-damage|p1a: Moltres|104/278\n|\n|-heal|p2a: Alcremie|135/263|[from] item: Leftovers\n|upkeep\n|turn|14\n|\n|t:|1781461409\n|-terastallize|p2a: Alcremie|Steel\n|move|p1a: Moltres|Brave Bird|p2a: Alcremie\n|-resisted|p2a: Alcremie\n|-damage|p2a: Alcremie|66/263\n|-damage|p1a: Moltres|81/278|[from] Recoil\n|move|p2a: Alcremie|Recover|p2a: Alcremie\n|-heal|p2a: Alcremie|198/263\n|\n|-heal|p2a: Alcremie|214/263|[from] item: Leftovers\n|upkeep\n|turn|15\n|l|\u2606Greedy Rapooh\n|inactive|Greedy Rapooh disconnected and has a minute to reconnect!\n|player|p2|\n|inactive|Greedy Rapooh has 30 seconds to reconnect!\n|inactive|Greedy Rapooh has 20 seconds to reconnect!\n|inactive|Greedy Rapooh has 15 seconds to reconnect!\n|inactive|Greedy Rapooh has 10 seconds to reconnect!\n|inactive|Greedy Rapooh has 5 seconds to reconnect!\n|-message|Greedy Rapooh lost due to inactivity.\n|\n|win|SaberTB\n", "inputlog": ">version a8376a258c1d4662feba110a92103f3664a72141\n>start {\"formatid\":\"gen9randombattle\",\"seed\":\"sodium,a293f762955e9da09b611c375b1dc88e\",\"rated\":\"Rated battle\"}\n>player p1 {\"name\":\"SaberTB\",\"avatar\":\"169\",\"rating\":2053,\"seed\":\"sodium,1e7beb37e42b3771c38db5cb366689a1\"}\n>player p2 {\"name\":\"Greedy Rapooh\",\"avatar\":\"acerola-masters\",\"rating\":2106,\"seed\":\"sodium,5cb0b274e4d5288ed3fb25f511e5100b\"}\n>p1 move drainingkiss\n>p2 move knockoff\n>p2 switch 6\n>p1 move moonblast\n>p2 move swordsdance\n>p1 move moonblast\n>p2 move psychicfangs\n>p1 switch 3\n>p1 move shadowball\n>p2 switch 2\n>p1 switch 2\n>p2 move thunderwave\n>p1 move fireblast\n>p2 move knockoff\n>p1 move fireblast\n>p2 move recover\n>p1 move fireblast\n>p2 move recover\n>p1 move fireblast\n>p2 move recover\n>p2 switch 3\n>p1 move taunt\n>p2 move calmmind\n>p1 move hypervoice\n>p2 move calmmind\n>p1 switch 4\n>p2 move calmmind\n>p1 move bravebird\n>p2 move alluringvoice\n>p1 move bravebird\n>p2 move recover terastallize\n>forcelose p2", "uploadtime": 1781461233, "views": 5, "formatid": "gen9randombattle", "rating": null, "private": 0, "password": null}