{"id": "gen9randombattle-2631785317", "format": "[Gen 9] Random Battle", "players": ["grabschaender", "duuhhao"], "log": "|j|\u2606grabschaender\n|j|\u2606duuhhao\n|t:|1781439310\n|gametype|singles\n|player|p1|grabschaender|candice|2280\n|player|p2|duuhhao|clair|2251\n|gen|9\n|tier|[Gen 9] Random Battle\n|rated|\n|rule|Species Clause: Limit one of each Pok\u00e9mon\n|rule|HP Percentage Mod: HP is shown in percentages\n|rule|Sleep Clause Mod: Limit one foe put to sleep\n|rule|Illusion Level Mod: Illusion disguises the Pok\u00e9mon's true level\n|\n|t:|1781439310\n|teamsize|p1|6\n|teamsize|p2|6\n|start\n|switch|p1a: Zarude|Zarude, L77|288/288\n|switch|p2a: Cramorant|Cramorant, L86, F|261/261\n|turn|1\n|\n|t:|1781439319\n|switch|p1a: Bellibolt|Bellibolt, L84, M|320/320\n|move|p2a: Cramorant|Surf|p1a: Bellibolt\n|-formechange|p2a: Cramorant|Cramorant-Gulping|\n|-damage|p1a: Bellibolt|230/320\n|-start|p1a: Bellibolt|Charge|Surf|[from] ability: Electromorphosis\n|\n|-heal|p1a: Bellibolt|250/320|[from] item: Leftovers\n|upkeep\n|turn|2\n|\n|t:|1781439327\n|switch|p2a: Incineroar|Incineroar, L82, M|290/290\n|-ability|p2a: Incineroar|Intimidate|boost\n|-unboost|p1a: Bellibolt|atk|1\n|move|p1a: Bellibolt|Volt Switch|p2a: Incineroar\n|-damage|p2a: Incineroar|128/290\n|-end|p1a: Bellibolt|Charge|[silent]\n|\n|t:|1781439334\n|switch|p1a: Arcanine|Arcanine-Hisui, L79, M|280/280|[from] Volt Switch\n|\n|upkeep\n|turn|3\n|\n|t:|1781439343\n|move|p1a: Arcanine|Head Smash|p2a: Incineroar\n|-supereffective|p2a: Incineroar\n|-damage|p2a: Incineroar|0 fnt\n|faint|p2a: Incineroar\n|\n|upkeep\n|\n|t:|1781439350\n|switch|p2a: Cramorant|Cramorant, L86, F|261/261\n|turn|4\n|\n|t:|1781439354\n|switch|p2a: Oinkologne|Oinkologne, L92, M|352/352\n|switch|p1a: Bellibolt|Bellibolt, L84, M|250/320\n|\n|-heal|p1a: Bellibolt|270/320|[from] item: Leftovers\n|upkeep\n|turn|5\n|\n|t:|1781439362\n|switch|p1a: Appletun|Appletun, L92, F|352/352\n|move|p2a: Oinkologne|Double-Edge|p1a: Appletun\n|-damage|p1a: Appletun|189/352\n|-damage|p2a: Oinkologne|298/352|[from] Recoil\n|\n|-heal|p2a: Oinkologne|320/352|[from] item: Leftovers\n|-heal|p1a: Appletun|211/352|[from] item: Leftovers\n|upkeep\n|turn|6\n|\n|t:|1781439368\n|move|p2a: Oinkologne|Curse|p2a: Oinkologne\n|-unboost|p2a: Oinkologne|spe|1\n|-boost|p2a: Oinkologne|atk|1\n|-boost|p2a: Oinkologne|def|1\n|move|p1a: Appletun|Recover|p1a: Appletun\n|-heal|p1a: Appletun|352/352\n|\n|-heal|p2a: Oinkologne|342/352|[from] item: Leftovers\n|upkeep\n|turn|7\n|\n|t:|1781439374\n|move|p2a: Oinkologne|Double-Edge|p1a: Appletun\n|-damage|p1a: Appletun|126/352\n|-damage|p2a: Oinkologne|267/352|[from] Recoil\n|move|p1a: Appletun|Apple Acid|p2a: Oinkologne\n|-crit|p2a: Oinkologne\n|-damage|p2a: Oinkologne|108/352\n|-unboost|p2a: Oinkologne|spd|1\n|\n|-heal|p2a: Oinkologne|130/352|[from] item: Leftovers\n|-heal|p1a: Appletun|148/352|[from] item: Leftovers\n|upkeep\n|turn|8\n|\n|t:|1781439378\n|move|p2a: Oinkologne|Double-Edge|p1a: Appletun\n|-damage|p1a: Appletun|0 fnt\n|faint|p1a: Appletun\n|-damage|p2a: Oinkologne|81/352|[from] Recoil\n|\n|-heal|p2a: Oinkologne|103/352|[from] item: Leftovers\n|upkeep\n|\n|t:|1781439383\n|switch|p1a: Zarude|Zarude, L77|288/288\n|turn|9\n|\n|t:|1781439386\n|move|p1a: Zarude|Close Combat|p2a: Oinkologne\n|-supereffective|p2a: Oinkologne\n|-damage|p2a: Oinkologne|0 fnt\n|-unboost|p1a: Zarude|def|1\n|-unboost|p1a: Zarude|spd|1\n|faint|p2a: Oinkologne\n|-damage|p1a: Zarude|260/288|[from] item: Life Orb\n|\n|upkeep\n|\n|t:|1781439391\n|switch|p2a: Cramorant|Cramorant, L86, F|261/261\n|turn|10\n|\n|t:|1781439399\n|switch|p1a: Bellibolt|Bellibolt, L84, M|270/320\n|move|p2a: Cramorant|Brave Bird|p1a: Bellibolt\n|-resisted|p1a: Bellibolt\n|-damage|p1a: Bellibolt|211/320\n|-start|p1a: Bellibolt|Charge|Brave Bird|[from] ability: Electromorphosis\n|-damage|p2a: Cramorant|242/261|[from] Recoil\n|\n|-heal|p1a: Bellibolt|231/320|[from] item: Leftovers\n|upkeep\n|turn|11\n|\n|t:|1781439405\n|move|p2a: Cramorant|Surf|p1a: Bellibolt\n|-formechange|p2a: Cramorant|Cramorant-Gulping|\n|-damage|p1a: Bellibolt|138/320\n|-start|p1a: Bellibolt|Charge|Surf|[from] ability: Electromorphosis\n|move|p1a: Bellibolt|Thunderbolt|p2a: Cramorant\n|-supereffective|p2a: Cramorant\n|-damage|p2a: Cramorant|0 fnt\n|-damage|p1a: Bellibolt|58/320|[from] ability: Gulp Missile|[of] p2a: Cramorant\n|-unboost|p1a: Bellibolt|def|1\n|-formechange|p2a: Cramorant|Cramorant|\n|faint|p2a: Cramorant\n|-end|p1a: Bellibolt|Charge|[silent]\n|\n|-heal|p1a: Bellibolt|78/320|[from] item: Leftovers\n|upkeep\n|\n|t:|1781439419\n|switch|p2a: Diancie|Diancie, L82|216/216\n|turn|12\n|\n|t:|1781439429\n|move|p2a: Diancie|Diamond Storm|p1a: Bellibolt\n|-damage|p1a: Bellibolt|0 fnt\n|-boost|p2a: Diancie|def|2\n|faint|p1a: Bellibolt\n|\n|upkeep\n|\n|t:|1781439433\n|switch|p1a: Carbink|Carbink, L90|236/236\n|turn|13\n|\n|t:|1781439437\n|move|p1a: Carbink|Iron Defense|p1a: Carbink\n|-boost|p1a: Carbink|def|2\n|move|p2a: Diancie|Calm Mind|p2a: Diancie\n|-boost|p2a: Diancie|spa|1\n|-boost|p2a: Diancie|spd|1\n|\n|upkeep\n|turn|14\n|\n|t:|1781439440\n|move|p1a: Carbink|Iron Defense|p1a: Carbink\n|-boost|p1a: Carbink|def|2\n|move|p2a: Diancie|Earth Power|p1a: Carbink\n|-supereffective|p1a: Carbink\n|-damage|p1a: Carbink|120/236\n|\n|-heal|p1a: Carbink|134/236|[from] item: Leftovers\n|upkeep\n|turn|15\n|\n|t:|1781439444\n|move|p1a: Carbink|Body Press|p2a: Diancie\n|-damage|p2a: Diancie|131/216\n|move|p2a: Diancie|Draining Kiss|p1a: Carbink\n|-damage|p1a: Carbink|88/236\n|-heal|p2a: Diancie|166/216|[from] drain|[of] p1a: Carbink\n|\n|-heal|p1a: Carbink|102/236|[from] item: Leftovers\n|-heal|p2a: Diancie|179/216|[from] item: Leftovers\n|upkeep\n|turn|16\n|\n|t:|1781439466\n|move|p1a: Carbink|Body Press|p2a: Diancie\n|-damage|p2a: Diancie|92/216\n|move|p2a: Diancie|Earth Power|p1a: Carbink\n|-supereffective|p1a: Carbink\n|-damage|p1a: Carbink|0 fnt\n|faint|p1a: Carbink\n|\n|-heal|p2a: Diancie|105/216|[from] item: Leftovers\n|upkeep\n|\n|t:|1781439470\n|switch|p1a: Zarude|Zarude, L77|260/288\n|turn|17\n|\n|t:|1781439472\n|-terastallize|p2a: Diancie|Fairy\n|move|p1a: Zarude|Power Whip|p2a: Diancie\n|-damage|p2a: Diancie|49/216\n|-damage|p1a: Zarude|232/288|[from] item: Life Orb\n|move|p2a: Diancie|Draining Kiss|p1a: Zarude\n|-supereffective|p1a: Zarude\n|-damage|p1a: Zarude|0 fnt\n|-heal|p2a: Diancie|216/216|[from] drain|[of] p1a: Zarude\n|faint|p1a: Zarude\n|\n|upkeep\n|-message|grabschaender forfeited.\n|\n|win|duuhhao\n|raw|grabschaender's rating: 2280 &rarr; <strong>2258</strong><br />(-22 for losing)\n|raw|duuhhao's rating: 2251 &rarr; <strong>2273</strong><br />(+22 for winning)\n", "inputlog": ">version a8376a258c1d4662feba110a92103f3664a72141\n>start {\"formatid\":\"gen9randombattle\",\"seed\":\"sodium,d03271fedd46b33f9b599112ddf53de9\",\"rated\":\"Rated battle\"}\n>player p1 {\"name\":\"grabschaender\",\"avatar\":\"candice\",\"rating\":2280,\"seed\":\"sodium,e1bbc11c7875cbb35c527f6f836f8feb\"}\n>player p2 {\"name\":\"duuhhao\",\"avatar\":\"clair\",\"rating\":2251,\"seed\":\"sodium,16b1902ec40e9f3eef2ce058c4781132\"}\n>p1 switch 6\n>p2 move surf\n>p1 move voltswitch\n>p2 switch 5\n>p1 switch 3\n>p1 move headsmash\n>p2 move closecombat\n>p2 switch 5\n>p1 switch 3\n>p2 switch 2\n>p1 switch 4\n>p2 move doubleedge\n>p1 move recover\n>p2 move curse\n>p1 move appleacid\n>p2 move doubleedge\n>p1 move appleacid\n>p2 move doubleedge\n>p1 switch 6\n>p1 move closecombat\n>p2 move doubleedge\n>p2 switch 2\n>p1 switch 4\n>p2 move bravebird\n>p1 move thunderbolt\n>p2 move surf\n>p2 switch 4\n>p1 move voltswitch\n>p2 move diamondstorm\n>p1 switch 5\n>p1 move irondefense\n>p2 move calmmind\n>p1 move irondefense\n>p2 move earthpower\n>p1 move bodypress\n>p2 move drainingkiss\n>p1 move bodypress\n>p2 move earthpower\n>p1 switch 4\n>p1 move powerwhip\n>p2 move drainingkiss terastallize\n>forcelose p1", "uploadtime": 1781439312, "views": 5, "formatid": "gen9randombattle", "rating": 2258, "private": 0, "password": null}