{"id": "gen9randombattle-2631987410", "format": "[Gen 9] Random Battle", "players": ["nanofan_lad", "duskwolf64"], "log": "|j|\u2606nanofan_lad\n|j|\u2606duskwolf64\n|t:|1781463092\n|gametype|singles\n|player|p1|nanofan_lad|1|1988\n|player|p2|duskwolf64|hilbert|2063\n|gen|9\n|tier|[Gen 9] Random Battle\n|rated|\n|rule|Species Clause: Limit one of each Pok\u00e9mon\n|rule|HP Percentage Mod: HP is shown in percentages\n|rule|Sleep Clause Mod: Limit one foe put to sleep\n|rule|Illusion Level Mod: Illusion disguises the Pok\u00e9mon's true level\n|\n|t:|1781463092\n|teamsize|p1|6\n|teamsize|p2|6\n|start\n|switch|p1a: Breloom|Breloom, L83, F|235/235\n|switch|p2a: Ting-Lu|Ting-Lu, L78|370/370\n|-ability|p2a: Ting-Lu|Vessel of Ruin\n|turn|1\n|inactive|Battle timer is ON: inactive players will automatically lose when time's up. (requested by nanofan_lad)\n|\n|t:|1781463109\n|switch|p2a: Leavanny|Leavanny, L86, F|269/269\n|move|p1a: Breloom|Spore|p2a: Leavanny\n|-immune|p2a: Leavanny\n|\n|upkeep\n|turn|2\n|\n|t:|1781463115\n|move|p2a: Leavanny|Sticky Web|p1a: Breloom\n|-sidestart|p1: nanofan_lad|move: Sticky Web\n|move|p1a: Breloom|Rock Tomb|p2a: Leavanny\n|-supereffective|p2a: Leavanny\n|-crit|p2a: Leavanny\n|-damage|p2a: Leavanny|0 fnt\n|faint|p2a: Leavanny\n|-damage|p1a: Breloom|212/235|[from] item: Life Orb\n|\n|upkeep\n|c|\u2606nanofan_lad|mb\n|\n|t:|1781463122\n|switch|p2a: Iron Moth|Iron Moth, L78|253/253\n|turn|3\n|\n|t:|1781463131\n|-terastallize|p1a: Breloom|Fighting\n|move|p2a: Iron Moth|Sludge Wave|p1a: Breloom\n|-damage|p1a: Breloom|47/235\n|move|p1a: Breloom|Rock Tomb|p2a: Iron Moth\n|-supereffective|p2a: Iron Moth\n|-damage|p2a: Iron Moth|0 fnt\n|faint|p2a: Iron Moth\n|-end|p2a: Iron Moth|Quark Drive|[silent]\n|-damage|p1a: Breloom|24/235|[from] item: Life Orb\n|\n|upkeep\n|\n|t:|1781463142\n|switch|p2a: Minun|Minun, L95, F|268/268\n|turn|4\n|\n|t:|1781463147\n|move|p1a: Breloom|Mach Punch|p2a: Minun\n|-damage|p2a: Minun|102/268\n|-damage|p1a: Breloom|1/235|[from] item: Life Orb\n|move|p2a: Minun|Nasty Plot|p2a: Minun\n|-boost|p2a: Minun|spa|2\n|\n|upkeep\n|turn|5\n|\n|t:|1781463154\n|move|p1a: Breloom|Mach Punch|p2a: Minun\n|-damage|p2a: Minun|0 fnt\n|faint|p2a: Minun\n|-damage|p1a: Breloom|0 fnt|[from] item: Life Orb\n|faint|p1a: Breloom\n|\n|upkeep\n|\n|t:|1781463164\n|switch|p2a: Ting-Lu|Ting-Lu, L78|370/370\n|switch|p1a: Tyranitar|Tyranitar, L78, M|284/284\n|-activate|p1a: Tyranitar|move: Sticky Web\n|-unboost|p1a: Tyranitar|spe|1\n|-weather|Sandstorm|[from] ability: Sand Stream|[of] p1a: Tyranitar\n|-ability|p2a: Ting-Lu|Vessel of Ruin\n|turn|6\n|\n|t:|1781463170\n|move|p2a: Ting-Lu|Earthquake|p1a: Tyranitar\n|-supereffective|p1a: Tyranitar\n|-damage|p1a: Tyranitar|90/284\n|-enditem|p1a: Tyranitar|Weakness Policy\n|-boost|p1a: Tyranitar|atk|2|[from] item: Weakness Policy\n|-boost|p1a: Tyranitar|spa|2|[from] item: Weakness Policy\n|move|p1a: Tyranitar|Dragon Dance|p1a: Tyranitar\n|-boost|p1a: Tyranitar|atk|1\n|-boost|p1a: Tyranitar|spe|1\n|\n|-weather|Sandstorm|[upkeep]\n|upkeep\n|turn|7\n|\n|t:|1781463180\n|move|p1a: Tyranitar|Ice Punch|p2a: Ting-Lu\n|-supereffective|p2a: Ting-Lu\n|-crit|p2a: Ting-Lu\n|-damage|p2a: Ting-Lu|26/370\n|move|p2a: Ting-Lu|Earthquake|p1a: Tyranitar\n|-supereffective|p1a: Tyranitar\n|-damage|p1a: Tyranitar|0 fnt\n|faint|p1a: Tyranitar\n|\n|-weather|Sandstorm|[upkeep]\n|-heal|p2a: Ting-Lu|49/370|[from] item: Leftovers\n|upkeep\n|c|\u2606nanofan_lad|i do not deserve these at all lol\n|\n|t:|1781463201\n|switch|p1a: Regice|Regice, L88|284/284\n|turn|8\n|\n|t:|1781463209\n|move|p1a: Regice|Body Press|p2a: Ting-Lu\n|-supereffective|p2a: Ting-Lu\n|-damage|p2a: Ting-Lu|0 fnt\n|faint|p2a: Ting-Lu\n|\n|-weather|Sandstorm|[upkeep]\n|-damage|p1a: Regice|267/284|[from] Sandstorm\n|upkeep\n|\n|t:|1781463211\n|switch|p2a: Mudsdale|Mudsdale, L83, F|302/302\n|turn|9\n|\n|t:|1781463216\n|-terastallize|p2a: Mudsdale|Steel\n|move|p1a: Regice|Ice Beam|p2a: Mudsdale\n|-resisted|p2a: Mudsdale\n|-damage|p2a: Mudsdale|246/302\n|-ability|p2a: Mudsdale|Stamina|boost\n|-boost|p2a: Mudsdale|def|1\n|move|p2a: Mudsdale|Heavy Slam|p1a: Regice\n|-supereffective|p1a: Regice\n|-damage|p1a: Regice|25/284\n|\n|-weather|Sandstorm|[upkeep]\n|-damage|p1a: Regice|8/284|[from] Sandstorm\n|-heal|p2a: Mudsdale|264/302|[from] item: Leftovers\n|upkeep\n|turn|10\n|\n|t:|1781463224\n|move|p1a: Regice|Thunderbolt|p2a: Mudsdale\n|-damage|p2a: Mudsdale|185/302\n|-ability|p2a: Mudsdale|Stamina|boost\n|-boost|p2a: Mudsdale|def|1\n|move|p2a: Mudsdale|Heavy Slam|p1a: Regice\n|-supereffective|p1a: Regice\n|-damage|p1a: Regice|0 fnt\n|faint|p1a: Regice\n|\n|-weather|none\n|-heal|p2a: Mudsdale|203/302|[from] item: Leftovers\n|upkeep\n|\n|t:|1781463230\n|switch|p1a: Minun|Minun, L95, M|268/268\n|-activate|p1a: Minun|move: Sticky Web\n|-unboost|p1a: Minun|spe|1\n|turn|11\n|\n|t:|1781463241\n|move|p1a: Minun|Thunderbolt|p2a: Mudsdale\n|-damage|p2a: Mudsdale|78/302\n|-ability|p2a: Mudsdale|Stamina|boost\n|-boost|p2a: Mudsdale|def|1\n|-damage|p1a: Minun|242/268|[from] item: Life Orb\n|move|p2a: Mudsdale|Earthquake|p1a: Minun\n|-supereffective|p1a: Minun\n|-damage|p1a: Minun|0 fnt\n|faint|p1a: Minun\n|\n|-heal|p2a: Mudsdale|96/302|[from] item: Leftovers\n|upkeep\n|\n|t:|1781463246\n|switch|p1a: Diancie|Diancie, L82|216/216\n|-activate|p1a: Diancie|move: Sticky Web\n|-fail|p1a: Diancie|unboost|[from] ability: Clear Body|[of] p1a: Diancie\n|turn|12\n|\n|t:|1781463250\n|move|p1a: Diancie|Earth Power|p2a: Mudsdale\n|-supereffective|p2a: Mudsdale\n|-damage|p2a: Mudsdale|0 fnt\n|faint|p2a: Mudsdale\n|\n|upkeep\n|\n|t:|1781463253\n|switch|p2a: Ditto|Ditto, L87|225/225\n|-transform|p2a: Ditto|p1a: Diancie|[from] ability: Imposter\n|turn|13\n|\n|t:|1781463263\n|move|p2a: Ditto|Earth Power|p1a: Diancie\n|-supereffective|p1a: Diancie\n|-damage|p1a: Diancie|126/216\n|move|p1a: Diancie|Calm Mind|p1a: Diancie\n|-boost|p1a: Diancie|spa|1\n|-boost|p1a: Diancie|spd|1\n|\n|-heal|p1a: Diancie|139/216|[from] item: Leftovers\n|upkeep\n|turn|14\n|\n|t:|1781463281\n|move|p2a: Ditto|Earth Power|p1a: Diancie\n|-supereffective|p1a: Diancie\n|-damage|p1a: Diancie|79/216\n|move|p1a: Diancie|Calm Mind|p1a: Diancie\n|-boost|p1a: Diancie|spa|1\n|-boost|p1a: Diancie|spd|1\n|\n|-heal|p1a: Diancie|92/216|[from] item: Leftovers\n|upkeep\n|turn|15\n|\n|t:|1781463287\n|move|p2a: Ditto|Earth Power|p1a: Diancie\n|-supereffective|p1a: Diancie\n|-damage|p1a: Diancie|50/216\n|move|p1a: Diancie|Earth Power|p2a: Ditto\n|-supereffective|p2a: Ditto\n|-damage|p2a: Ditto|63/225\n|\n|-heal|p1a: Diancie|63/216|[from] item: Leftovers\n|upkeep\n|turn|16\n|-message|duskwolf64 forfeited.\n|\n|win|nanofan_lad\n", "inputlog": ">version a8376a258c1d4662feba110a92103f3664a72141\n>start {\"formatid\":\"gen9randombattle\",\"seed\":\"sodium,0b6c1f5b5a45cd420b10d36996f199f3\",\"rated\":\"Rated battle\"}\n>player p1 {\"name\":\"nanofan_lad\",\"avatar\":\"1\",\"rating\":1988,\"seed\":\"sodium,779da6879e0b1e65dd97be19ba2076b1\"}\n>player p2 {\"name\":\"duskwolf64\",\"avatar\":\"hilbert\",\"rating\":2063,\"seed\":\"sodium,1c2d1e64049c158cc095ec15f5292f53\"}\n>p1 move spore\n>p2 switch 4\n>p1 move rocktomb\n>p2 move stickyweb\n>chat \u2606nanofan_lad|mb\n>p2 switch 6\n>p1 move rocktomb terastallize\n>p2 move sludgewave\n>p2 switch 2\n>p1 move machpunch\n>p2 move nastyplot\n>p1 move machpunch\n>p2 move nastyplot\n>p1 switch 2\n>p2 switch 4\n>p1 move dragondance\n>p2 move earthquake\n>p1 move icepunch\n>p2 move earthquake\n>chat \u2606nanofan_lad|i do not deserve these at all lol\n>p1 switch 5\n>p1 move bodypress\n>p2 move spikes\n>p2 switch 3\n>p1 move icebeam\n>p2 move heavyslam terastallize\n>p1 move thunderbolt\n>p2 move heavyslam\n>p1 switch 3\n>p1 move thunderbolt\n>p2 move earthquake\n>p1 switch 4\n>p1 move earthpower\n>p2 move heavyslam\n>p2 switch 5\n>p1 move calmmind\n>p2 move earthpower\n>p1 move calmmind\n>p2 move earthpower\n>p1 move earthpower\n>p2 move earthpower\n>forcelose p2", "uploadtime": 1781463093, "views": 5, "formatid": "gen9randombattle", "rating": null, "private": 0, "password": null}