{"id": "gen9randombattle-2631453970", "format": "[Gen 9] Random Battle", "players": ["gnostechnician", "Meowerdoom"], "log": "|j|\u2606gnostechnician\n|j|\u2606Meowerdoom\n|t:|1781386608\n|gametype|singles\n|player|p1|gnostechnician|burglar-gen1rb|2069\n|player|p2|Meowerdoom|burgh|2058\n|gen|9\n|tier|[Gen 9] Random Battle\n|rated|\n|rule|Species Clause: Limit one of each Pok\u00e9mon\n|rule|HP Percentage Mod: HP is shown in percentages\n|rule|Sleep Clause Mod: Limit one foe put to sleep\n|rule|Illusion Level Mod: Illusion disguises the Pok\u00e9mon's true level\n|\n|t:|1781386608\n|teamsize|p1|6\n|teamsize|p2|6\n|start\n|switch|p1a: Iron Crown|Iron Crown, L78|268/268\n|switch|p2a: Rillaboom|Rillaboom, L79, M|288/288\n|-fieldstart|move: Grassy Terrain|[from] ability: Grassy Surge|[of] p2a: Rillaboom\n|turn|1\n|\n|t:|1781386631\n|switch|p2a: Jirachi|Jirachi, L80|291/291\n|move|p1a: Iron Crown|Volt Switch|p2a: Jirachi\n|-damage|p2a: Jirachi|219/291\n|\n|t:|1781386649\n|-end|p1a: Iron Crown|Quark Drive|[silent]\n|switch|p1a: Basculegion|Basculegion-F, L83, F|335/335|[from] Volt Switch\n|\n|-heal|p2a: Jirachi|237/291|[from] Grassy Terrain\n|upkeep\n|turn|2\n|\n|t:|1781386658\n|move|p2a: Jirachi|U-turn|p1a: Basculegion\n|-resisted|p1a: Basculegion\n|-damage|p1a: Basculegion|303/335\n|\n|t:|1781386667\n|switch|p2a: Sceptile|Sceptile, L87, M|264/264|[from] U-turn\n|move|p1a: Basculegion|Shadow Ball|p2a: Sceptile\n|-crit|p2a: Sceptile\n|-damage|p2a: Sceptile|0 fnt\n|faint|p2a: Sceptile\n|\n|-heal|p1a: Basculegion|323/335|[from] Grassy Terrain\n|upkeep\n|\n|t:|1781386682\n|switch|p2a: Ursaring|Ursaring, L84, M|288/288\n|turn|3\n|\n|t:|1781386695\n|switch|p1a: Appletun|Appletun, L92, M|352/352\n|move|p2a: Ursaring|Swords Dance|p2a: Ursaring\n|-boost|p2a: Ursaring|atk|2\n|\n|-status|p2a: Ursaring|tox|[from] item: Toxic Orb\n|upkeep\n|turn|4\n|\n|t:|1781386718\n|move|p2a: Ursaring|Facade|p1a: Appletun\n|-damage|p1a: Appletun|0 fnt\n|faint|p1a: Appletun\n|\n|-damage|p2a: Ursaring|270/288 tox|[from] psn\n|upkeep\n|\n|t:|1781386725\n|switch|p1a: Iron Valiant|Iron Valiant, L78|244/244\n|turn|5\n|\n|t:|1781386732\n|switch|p2a: Dusknoir|Dusknoir, L89, F|225/225\n|-item|p1a: Iron Valiant|Life Orb|[from] ability: Frisk|[of] p2a: Dusknoir\n|move|p1a: Iron Valiant|Close Combat|p2a: Dusknoir\n|-immune|p2a: Dusknoir\n|\n|-fieldend|move: Grassy Terrain\n|upkeep\n|turn|6\n|\n|t:|1781386758\n|-end|p1a: Iron Valiant|Quark Drive|[silent]\n|switch|p1a: Empoleon|Empoleon, L84, F|278/278\n|move|p2a: Dusknoir|Poltergeist|p1a: Empoleon\n|-activate|p1a: Empoleon|move: Poltergeist|Leftovers\n|-damage|p1a: Empoleon|95/278\n|-damage|p2a: Dusknoir|203/225|[from] item: Life Orb\n|\n|-heal|p1a: Empoleon|112/278|[from] item: Leftovers\n|upkeep\n|turn|7\n|\n|t:|1781386789\n|move|p1a: Empoleon|Surf|p2a: Dusknoir\n|-damage|p2a: Dusknoir|133/225\n|move|p2a: Dusknoir|Earthquake|p1a: Empoleon\n|-supereffective|p1a: Empoleon\n|-damage|p1a: Empoleon|0 fnt\n|faint|p1a: Empoleon\n|-damage|p2a: Dusknoir|111/225|[from] item: Life Orb\n|\n|upkeep\n|\n|t:|1781386808\n|switch|p1a: Iron Valiant|Iron Valiant, L78|244/244\n|turn|8\n|\n|t:|1781386815\n|move|p2a: Dusknoir|Shadow Sneak|p1a: Iron Valiant\n|-damage|p1a: Iron Valiant|174/244\n|-damage|p2a: Dusknoir|89/225|[from] item: Life Orb\n|move|p1a: Iron Valiant|Knock Off|p2a: Dusknoir\n|-supereffective|p2a: Dusknoir\n|-damage|p2a: Dusknoir|0 fnt\n|-enditem|p2a: Dusknoir|Life Orb|[from] move: Knock Off|[of] p1a: Iron Valiant\n|faint|p2a: Dusknoir\n|-damage|p1a: Iron Valiant|150/244|[from] item: Life Orb\n|\n|upkeep\n|\n|t:|1781386817\n|switch|p2a: Dodrio|Dodrio, L85, M|241/241\n|turn|9\n|\n|t:|1781386840\n|-end|p1a: Iron Valiant|Quark Drive|[silent]\n|switch|p1a: Basculegion|Basculegion-F, L83, F|323/335\n|move|p2a: Dodrio|Brave Bird|p1a: Basculegion\n|-damage|p1a: Basculegion|50/335\n|-damage|p2a: Dodrio|151/241|[from] Recoil\n|\n|upkeep\n|turn|10\n|\n|t:|1781386854\n|move|p2a: Dodrio|Brave Bird|p1a: Basculegion\n|-damage|p1a: Basculegion|0 fnt\n|faint|p1a: Basculegion\n|-damage|p2a: Dodrio|134/241|[from] Recoil\n|\n|upkeep\n|\n|t:|1781386857\n|switch|p1a: Iron Crown|Iron Crown, L78|268/268\n|turn|11\n|\n|t:|1781386874\n|switch|p2a: Jirachi|Jirachi, L80|237/291\n|move|p1a: Iron Crown|Tachyon Cutter|p2a: Jirachi\n|-resisted|p2a: Jirachi\n|-damage|p2a: Jirachi|196/291\n|-resisted|p2a: Jirachi\n|-damage|p2a: Jirachi|156/291\n|-hitcount|p2a: Jirachi|2\n|\n|upkeep\n|turn|12\n|\n|t:|1781386929\n|move|p2a: Jirachi|Healing Wish|p2a: Jirachi\n|faint|p2a: Jirachi\n|move|p1a: Iron Crown|Tachyon Cutter|p2: Jirachi|[notarget]\n|-fail|p1a: Iron Crown\n|\n|upkeep\n|\n|t:|1781386932\n|switch|p2a: Dodrio|Dodrio, L85, M|134/241\n|-heal|p2a: Dodrio|241/241|[from] move: Healing Wish\n|turn|13\n|\n|t:|1781386942\n|move|p2a: Dodrio|Knock Off|p1a: Iron Crown\n|-supereffective|p1a: Iron Crown\n|-damage|p1a: Iron Crown|18/268\n|-enditem|p1a: Iron Crown|Choice Specs|[from] move: Knock Off|[of] p2a: Dodrio\n|move|p1a: Iron Crown|Tachyon Cutter|p2a: Dodrio\n|-damage|p2a: Dodrio|171/241\n|-damage|p2a: Dodrio|101/241\n|-hitcount|p2a: Dodrio|2\n|\n|upkeep\n|turn|14\n|\n|t:|1781386957\n|move|p2a: Dodrio|Knock Off|p1a: Iron Crown\n|-supereffective|p1a: Iron Crown\n|-damage|p1a: Iron Crown|0 fnt\n|faint|p1a: Iron Crown\n|-end|p1a: Iron Crown|Quark Drive|[silent]\n|\n|upkeep\n|\n|t:|1781386960\n|switch|p1a: Iron Moth|Iron Moth, L78|253/253\n|turn|15\n|\n|t:|1781387005\n|move|p2a: Dodrio|Knock Off|p1a: Iron Moth\n|-damage|p1a: Iron Moth|94/253\n|-enditem|p1a: Iron Moth|Heavy-Duty Boots|[from] move: Knock Off|[of] p2a: Dodrio\n|move|p1a: Iron Moth|Fiery Dance|p2a: Dodrio\n|-damage|p2a: Dodrio|0 fnt\n|faint|p2a: Dodrio\n|\n|upkeep\n|\n|t:|1781387007\n|switch|p2a: Ursaring|Ursaring, L84, M|270/288 tox\n|turn|16\n|\n|t:|1781387041\n|move|p1a: Iron Moth|Sludge Wave|p2a: Ursaring\n|-damage|p2a: Ursaring|140/288 tox\n|move|p2a: Ursaring|Facade|p1a: Iron Moth\n|-damage|p1a: Iron Moth|0 fnt\n|faint|p1a: Iron Moth\n|-end|p1a: Iron Moth|Quark Drive|[silent]\n|\n|-damage|p2a: Ursaring|122/288 tox|[from] psn\n|upkeep\n|\n|t:|1781387046\n|switch|p1a: Iron Valiant|Iron Valiant, L78|150/244\n|turn|17\n|\n|t:|1781387056\n|move|p1a: Iron Valiant|Moonblast|p2a: Ursaring\n|-damage|p2a: Ursaring|0 fnt\n|faint|p2a: Ursaring\n|-damage|p1a: Iron Valiant|126/244|[from] item: Life Orb\n|\n|upkeep\n|\n|t:|1781387058\n|switch|p2a: Rillaboom|Rillaboom, L79, M|288/288\n|-fieldstart|move: Grassy Terrain|[from] ability: Grassy Surge|[of] p2a: Rillaboom\n|turn|18\n|\n|t:|1781387065\n|-terastallize|p1a: Iron Valiant|Fairy\n|-terastallize|p2a: Rillaboom|Grass\n|move|p2a: Rillaboom|Grassy Glide|p1a: Iron Valiant\n|-damage|p1a: Iron Valiant|0 fnt\n|faint|p1a: Iron Valiant\n|-end|p1a: Iron Valiant|Quark Drive|[silent]\n|\n|win|Meowerdoom\n", "inputlog": ">version a8376a258c1d4662feba110a92103f3664a72141\n>start {\"formatid\":\"gen9randombattle\",\"seed\":\"sodium,75f8a6b7b53f2a9fe40023d65330869e\",\"rated\":\"Rated battle\"}\n>player p1 {\"name\":\"gnostechnician\",\"avatar\":\"burglar-gen1rb\",\"rating\":2069,\"seed\":\"sodium,41a8cd857bcea5cc2d2c63004c47f949\"}\n>player p2 {\"name\":\"Meowerdoom\",\"avatar\":\"burgh\",\"rating\":2058,\"seed\":\"sodium,d0cd17c1407b6f59adbb365de31412c2\"}\n>p1 move voltswitch\n>p2 switch 6\n>p1 switch 5\n>p1 move shadowball\n>p2 move uturn\n>p2 switch 4\n>p2 switch 2\n>p1 switch 6\n>p2 move swordsdance\n>p1 move appleacid\n>p2 move facade\n>p1 switch 2\n>p1 move closecombat\n>p2 switch 5\n>p1 switch 3\n>p2 move poltergeist\n>p1 move surf\n>p2 move earthquake\n>p1 switch 3\n>p1 move knockoff\n>p2 move shadowsneak\n>p2 switch 3\n>p1 switch 6\n>p2 move bravebird\n>p1 move icebeam\n>p2 move bravebird\n>p1 switch 5\n>p1 move tachyoncutter\n>p2 switch 4\n>p1 move tachyoncutter\n>p2 move healingwish\n>p2 switch 4\n>p1 move tachyoncutter\n>p2 move knockoff\n>p1 move voltswitch\n>p2 move knockoff\n>p1 switch 4\n>p1 move fierydance\n>p2 move knockoff\n>p2 switch 5\n>p1 move sludgewave\n>p2 move facade\n>p1 switch 6\n>p1 move moonblast\n>p2 move facade\n>p2 switch 6\n>p1 move moonblast terastallize\n>p2 move grassyglide terastallize", "uploadtime": 1781386609, "views": 5, "formatid": "gen9randombattle", "rating": null, "private": 0, "password": null}