{"id": "gen9randombattle-2631638125", "format": "[Gen 9] Random Battle", "players": ["mechroape", "toukyokushu_fan13"], "log": "|j|\u2606mechroape\n|j|\u2606toukyokushu_fan13\n|t:|1781412855\n|gametype|singles\n|player|p1|mechroape|brycen|1949\n|player|p2|toukyokushu_fan13|n|1918\n|gen|9\n|tier|[Gen 9] Random Battle\n|rated|\n|rule|Species Clause: Limit one of each Pok\u00e9mon\n|rule|HP Percentage Mod: HP is shown in percentages\n|rule|Sleep Clause Mod: Limit one foe put to sleep\n|rule|Illusion Level Mod: Illusion disguises the Pok\u00e9mon's true level\n|\n|t:|1781412855\n|teamsize|p1|6\n|teamsize|p2|6\n|start\n|switch|p1a: Probopass|Probopass, L91, M|257/257\n|switch|p2a: Vikavolt|Vikavolt, L83, M|263/263\n|turn|1\n|inactive|Battle timer is ON: inactive players will automatically lose when time's up. (requested by toukyokushu_fan13)\n|inactive|mechroape has 120 seconds left.\n|\n|t:|1781412894\n|switch|p1a: Qwilfish|Qwilfish-Hisui, L83, M|244/244\n|-ability|p1a: Qwilfish|Intimidate|boost\n|-unboost|p2a: Vikavolt|atk|1\n|switch|p2a: Landorus|Landorus-Therian, L76, M|260/260\n|-ability|p2a: Landorus|Intimidate|boost\n|-unboost|p1a: Qwilfish|atk|1\n|\n|upkeep\n|turn|2\n|\n|t:|1781412916\n|switch|p1a: Toedscruel|Toedscruel, L87, M|281/281\n|move|p2a: Landorus|Earthquake|p1a: Toedscruel\n|-resisted|p1a: Toedscruel\n|-damage|p1a: Toedscruel|208/281\n|\n|upkeep\n|turn|3\n|\n|t:|1781412927\n|switch|p2a: Vespiquen|Vespiquen, L99, F|299/299\n|-ability|p2a: Vespiquen|Pressure\n|move|p1a: Toedscruel|Knock Off|p2a: Vespiquen\n|-damage|p2a: Vespiquen|258/299\n|-enditem|p2a: Vespiquen|Heavy-Duty Boots|[from] move: Knock Off|[of] p1a: Toedscruel\n|\n|upkeep\n|turn|4\n|\n|t:|1781412938\n|switch|p1a: Qwilfish|Qwilfish-Hisui, L83, M|244/244\n|-ability|p1a: Qwilfish|Intimidate|boost\n|-unboost|p2a: Vespiquen|atk|1\n|move|p2a: Vespiquen|Spikes|p1a: Qwilfish\n|-sidestart|p1: mechroape|Spikes\n|\n|upkeep\n|turn|5\n|\n|t:|1781412946\n|move|p1a: Qwilfish|Toxic Spikes|p2a: Vespiquen\n|-sidestart|p2: toukyokushu_fan13|move: Toxic Spikes\n|move|p2a: Vespiquen|Hurricane|p1a: Qwilfish\n|-damage|p1a: Qwilfish|112/244\n|-start|p1a: Qwilfish|confusion\n|\n|upkeep\n|turn|6\n|\n|t:|1781412959\n|-activate|p1a: Qwilfish|confusion\n|-damage|p1a: Qwilfish|81/244|[from] confusion\n|move|p2a: Vespiquen|Spikes|p1a: Qwilfish\n|-sidestart|p1: mechroape|Spikes\n|\n|upkeep\n|turn|7\n|\n|t:|1781412974\n|-activate|p1a: Qwilfish|confusion\n|move|p1a: Qwilfish|Spikes|p2a: Vespiquen\n|-sidestart|p2: toukyokushu_fan13|Spikes\n|move|p2a: Vespiquen|Spikes|p1a: Qwilfish\n|-sidestart|p1: mechroape|Spikes\n|\n|upkeep\n|turn|8\n|\n|t:|1781412985\n|-activate|p1a: Qwilfish|confusion\n|move|p1a: Qwilfish|Gunk Shot|p2a: Vespiquen\n|-damage|p2a: Vespiquen|164/299\n|move|p2a: Vespiquen|Hurricane|p1a: Qwilfish\n|-damage|p1a: Qwilfish|0 fnt\n|faint|p1a: Qwilfish\n|\n|upkeep\n|inactive|mechroape has 120 seconds left.\n|\n|t:|1781413043\n|switch|p1a: Archaludon|Archaludon, L78, F|268/268\n|-damage|p1a: Archaludon|201/268|[from] Spikes\n|turn|9\n|\n|t:|1781413057\n|move|p1a: Archaludon|Flash Cannon|p2a: Vespiquen\n|-damage|p2a: Vespiquen|98/299\n|move|p2a: Vespiquen|Roost|p2a: Vespiquen\n|-heal|p2a: Vespiquen|248/299\n|-singleturn|p2a: Vespiquen|move: Roost\n|\n|upkeep\n|turn|10\n|inactive|mechroape has 90 seconds left.\n|\n|t:|1781413086\n|move|p1a: Archaludon|Flash Cannon|p2a: Vespiquen\n|-damage|p2a: Vespiquen|184/299\n|move|p2a: Vespiquen|Toxic Spikes|p1a: Archaludon\n|-sidestart|p1: mechroape|move: Toxic Spikes\n|\n|upkeep\n|turn|11\n|inactive|mechroape has 90 seconds left.\n|\n|t:|1781413095\n|move|p2a: Vespiquen|Roost|p2a: Vespiquen\n|-heal|p2a: Vespiquen|299/299\n|-singleturn|p2a: Vespiquen|move: Roost\n|move|p1a: Archaludon|Dragon Tail|p2a: Vespiquen|[miss]\n|-miss|p1a: Archaludon|p2a: Vespiquen\n|\n|upkeep\n|turn|12\n|\n|t:|1781413100\n|move|p2a: Vespiquen|Toxic Spikes|p1a: Archaludon\n|-sidestart|p1: mechroape|move: Toxic Spikes\n|move|p1a: Archaludon|Dragon Tail|p2a: Vespiquen\n|-damage|p2a: Vespiquen|253/299\n|drag|p2a: Banette|Banette, L93, F|270/270\n|-status|p2a: Banette|psn\n|-damage|p2a: Banette|237/270 psn|[from] Spikes\n|\n|-damage|p2a: Banette|204/270 psn|[from] psn\n|upkeep\n|turn|13\n|\n|t:|1781413110\n|move|p1a: Archaludon|Flash Cannon|p2a: Banette\n|-damage|p2a: Banette|98/270 psn\n|move|p2a: Banette|Poltergeist|p1a: Archaludon\n|-activate|p1a: Archaludon|move: Poltergeist|Assault Vest\n|-damage|p1a: Archaludon|37/268\n|-ability|p1a: Archaludon|Stamina|boost\n|-boost|p1a: Archaludon|def|1\n|-damage|p2a: Banette|71/270 psn|[from] item: Life Orb\n|\n|-damage|p2a: Banette|38/270 psn|[from] psn\n|upkeep\n|turn|14\n|\n|t:|1781413117\n|move|p2a: Banette|Shadow Sneak|p1a: Archaludon\n|-damage|p1a: Archaludon|0 fnt\n|faint|p1a: Archaludon\n|-damage|p2a: Banette|11/270 psn|[from] item: Life Orb\n|\n|-damage|p2a: Banette|0 fnt|[from] psn\n|faint|p2a: Banette\n|upkeep\n|\n|t:|1781413140\n|switch|p1a: Grimmsnarl|Grimmsnarl, L83, M|293/293\n|switch|p2a: Vikavolt|Vikavolt, L83, M|263/263\n|-damage|p1a: Grimmsnarl|220/293|[from] Spikes\n|-status|p1a: Grimmsnarl|tox\n|turn|15\n|\n|t:|1781413151\n|move|p1a: Grimmsnarl|Spirit Break|p2a: Vikavolt\n|-damage|p2a: Vikavolt|173/263\n|-unboost|p2a: Vikavolt|spa|1\n|move|p2a: Vikavolt|Bug Buzz|p1a: Grimmsnarl\n|-damage|p1a: Grimmsnarl|115/293 tox\n|\n|-heal|p1a: Grimmsnarl|133/293 tox|[from] item: Leftovers\n|-damage|p1a: Grimmsnarl|115/293 tox|[from] psn\n|upkeep\n|turn|16\n|\n|t:|1781413163\n|move|p1a: Grimmsnarl|Taunt|p2a: Vikavolt\n|-start|p2a: Vikavolt|move: Taunt\n|move|p2a: Vikavolt|Bug Buzz|p1a: Grimmsnarl\n|-damage|p1a: Grimmsnarl|10/293 tox\n|\n|-heal|p1a: Grimmsnarl|28/293 tox|[from] item: Leftovers\n|-damage|p1a: Grimmsnarl|0 fnt|[from] psn\n|faint|p1a: Grimmsnarl\n|upkeep\n|\n|t:|1781413169\n|switch|p1a: Toedscruel|Toedscruel, L87, M|208/281\n|-damage|p1a: Toedscruel|138/281|[from] Spikes\n|-status|p1a: Toedscruel|tox\n|turn|17\n|\n|t:|1781413176\n|move|p1a: Toedscruel|Rapid Spin|p2a: Vikavolt\n|-damage|p2a: Vikavolt|144/263\n|-boost|p1a: Toedscruel|spe|1\n|-sideend|p1: mechroape|Spikes|[from] move: Rapid Spin|[of] p1a: Toedscruel\n|-sideend|p1: mechroape|Toxic Spikes|[from] move: Rapid Spin|[of] p1a: Toedscruel\n|move|p2a: Vikavolt|Bug Buzz|p1a: Toedscruel\n|-supereffective|p1a: Toedscruel\n|-damage|p1a: Toedscruel|52/281 tox\n|\n|-damage|p1a: Toedscruel|35/281 tox|[from] psn\n|upkeep\n|turn|18\n|\n|t:|1781413183\n|move|p1a: Toedscruel|Knock Off|p2a: Vikavolt\n|-damage|p2a: Vikavolt|89/263\n|-enditem|p2a: Vikavolt|Heavy-Duty Boots|[from] move: Knock Off|[of] p1a: Toedscruel\n|move|p2a: Vikavolt|Bug Buzz|p1a: Toedscruel\n|-supereffective|p1a: Toedscruel\n|-damage|p1a: Toedscruel|0 fnt\n|faint|p1a: Toedscruel\n|\n|-end|p2a: Vikavolt|move: Taunt\n|upkeep\n|\n|t:|1781413187\n|switch|p1a: Lunala|Lunala, L70|308/308\n|turn|19\n|inactive|toukyokushu_fan13 has 120 seconds left.\n|\n|t:|1781413218\n|move|p1a: Lunala|Calm Mind|p1a: Lunala\n|-boost|p1a: Lunala|spa|1\n|-boost|p1a: Lunala|spd|1\n|move|p2a: Vikavolt|Thunderbolt|p1a: Lunala\n|-damage|p1a: Lunala|278/308\n|\n|-heal|p1a: Lunala|297/308|[from] item: Leftovers\n|upkeep\n|turn|20\n|\n|t:|1781413229\n|switch|p2a: Mamoswine|Mamoswine, L81, M|311/311\n|-status|p2a: Mamoswine|psn\n|-damage|p2a: Mamoswine|273/311 psn|[from] Spikes\n|move|p1a: Lunala|Calm Mind|p1a: Lunala\n|-boost|p1a: Lunala|spa|1\n|-boost|p1a: Lunala|spd|1\n|\n|-heal|p1a: Lunala|308/308|[from] item: Leftovers\n|-damage|p2a: Mamoswine|235/311 psn|[from] psn\n|upkeep\n|turn|21\n|inactive|toukyokushu_fan13 has 120 seconds left.\n|\n|t:|1781413249\n|move|p2a: Mamoswine|Ice Shard|p1a: Lunala\n|-damage|p1a: Lunala|267/308\n|move|p1a: Lunala|Focus Blast|p2a: Mamoswine\n|-supereffective|p2a: Mamoswine\n|-damage|p2a: Mamoswine|0 fnt\n|faint|p2a: Mamoswine\n|\n|-heal|p1a: Lunala|286/308|[from] item: Leftovers\n|upkeep\n|inactive|toukyokushu_fan13 has 120 seconds left.\n|\n|t:|1781413270\n|switch|p2a: Landorus|Landorus-Therian, L76, M|260/260\n|-ability|p2a: Landorus|Intimidate|boost\n|-unboost|p1a: Lunala|atk|1\n|turn|22\n|\n|t:|1781413284\n|-terastallize|p2a: Landorus|Ground\n|-terastallize|p1a: Lunala|Fighting\n|move|p2a: Landorus|Earthquake|p1a: Lunala\n|-damage|p1a: Lunala|86/308\n|move|p1a: Lunala|Moongeist Beam|p2a: Landorus\n|-damage|p2a: Landorus|14/260\n|\n|-heal|p2a: Landorus|30/260|[from] item: Leftovers\n|-heal|p1a: Lunala|105/308|[from] item: Leftovers\n|upkeep\n|turn|23\n|\n|t:|1781413297\n|move|p2a: Landorus|Earthquake|p1a: Lunala\n|-damage|p1a: Lunala|0 fnt\n|faint|p1a: Lunala\n|\n|-heal|p2a: Landorus|46/260|[from] item: Leftovers\n|upkeep\n|\n|t:|1781413298\n|switch|p1a: Probopass|Probopass, L91, M|257/257\n|turn|24\n|\n|t:|1781413301\n|move|p2a: Landorus|Earthquake|p1a: Probopass\n|-supereffective|p1a: Probopass\n|-damage|p1a: Probopass|0 fnt\n|faint|p1a: Probopass\n|\n|win|toukyokushu_fan13\n", "inputlog": ">version a8376a258c1d4662feba110a92103f3664a72141\n>start {\"formatid\":\"gen9randombattle\",\"seed\":\"sodium,58c4a69212e03ef3faa2ef4b97dbb86c\",\"rated\":\"Rated battle\"}\n>player p1 {\"name\":\"mechroape\",\"avatar\":\"brycen\",\"rating\":1949,\"seed\":\"sodium,d7a4c0c942e74760515d8fd93f74a544\"}\n>player p2 {\"name\":\"toukyokushu_fan13\",\"avatar\":\"n\",\"rating\":1918,\"seed\":\"sodium,f3eea9821e64d3325d4b355d01ef21b7\"}\n>p1 switch 4\n>p2 switch 2\n>p1 switch 2\n>p2 move earthquake\n>p1 move knockoff\n>p2 switch 4\n>p1 switch 2\n>p2 move spikes\n>p1 move toxicspikes\n>p2 move hurricane\n>p1 move gunkshot\n>p2 move spikes\n>p1 move spikes\n>p2 move spikes\n>p1 move gunkshot\n>p2 move hurricane\n>p1 switch 3\n>p1 move flashcannon\n>p2 move roost\n>p1 move flashcannon\n>p2 move toxicspikes\n>p1 move dragontail\n>p2 move roost\n>p1 move dragontail\n>p2 move toxicspikes\n>p1 move flashcannon\n>p2 move poltergeist\n>p1 move flashcannon\n>p2 move shadowsneak\n>p1 switch 6\n>p2 switch 2\n>p1 move spiritbreak\n>p2 move bugbuzz\n>p1 move taunt\n>p2 move bugbuzz\n>p1 switch 2\n>p1 move rapidspin\n>p2 move bugbuzz\n>p1 move knockoff\n>p2 move bugbuzz\n>p1 switch 5\n>p1 move calmmind\n>p2 move thunderbolt\n>p1 move calmmind\n>p2 switch 3\n>p1 move focusblast\n>p2 move iceshard\n>p2 switch 4\n>p1 move moongeistbeam terastallize\n>p2 move earthquake terastallize\n>p1 move moongeistbeam\n>p2 move earthquake\n>p1 switch 4\n>p1 move flashcannon\n>p2 move earthquake", "uploadtime": 1781412857, "views": 4, "formatid": "gen9randombattle", "rating": null, "private": 0, "password": null}