{"id": "gen9randombattle-2631488924", "format": "[Gen 9] Random Battle", "players": ["rhinoshark007", "bluffmepls"], "log": "|badge|p1|bronze|gen9randombattle|100-9\n|uhtml|medal-msg|<div class=\"broadcast-blue\">Curious what those medals under the avatar are? PS now has Ladder Seasons! For more information, check out the <a href=\"https://www.smogon.com/forums/threads/3740067/\">thread on Smogon.</a></div>\n|j|\u2606rhinoshark007\n|j|\u2606bluffmepls\n|t:|1781391468\n|gametype|singles\n|player|p1|rhinoshark007|elesa|2249\n|player|p2|bluffmepls|266|2242\n|gen|9\n|tier|[Gen 9] Random Battle\n|rated|\n|rule|Species Clause: Limit one of each Pok\u00e9mon\n|rule|HP Percentage Mod: HP is shown in percentages\n|rule|Sleep Clause Mod: Limit one foe put to sleep\n|rule|Illusion Level Mod: Illusion disguises the Pok\u00e9mon's true level\n|\n|t:|1781391468\n|teamsize|p1|6\n|teamsize|p2|6\n|start\n|switch|p1a: Leavanny|Leavanny, L86, M|269/269\n|switch|p2a: Swampert|Swampert, L83, F|302/302\n|turn|1\n|inactive|Battle timer is ON: inactive players will automatically lose when time's up. (requested by bluffmepls)\n|\n|t:|1781391478\n|switch|p2a: Charizard|Charizard, L85, M|271/271\n|move|p1a: Leavanny|Sticky Web|p2a: Charizard\n|-sidestart|p2: bluffmepls|move: Sticky Web\n|\n|upkeep\n|turn|2\n|\n|t:|1781391484\n|switch|p1a: Vaporeon|Vaporeon, L86, M|364/364\n|move|p2a: Charizard|Swords Dance|p2a: Charizard\n|-boost|p2a: Charizard|atk|2\n|\n|upkeep\n|turn|3\n|j| zekoby\n|\n|t:|1781391493\n|move|p2a: Charizard|Earthquake|p1a: Vaporeon\n|-damage|p1a: Vaporeon|189/364\n|move|p1a: Vaporeon|Scald|p2a: Charizard\n|-supereffective|p2a: Charizard\n|-damage|p2a: Charizard|73/271\n|\n|-heal|p1a: Vaporeon|211/364|[from] item: Leftovers\n|upkeep\n|turn|4\n|\n|t:|1781391499\n|move|p1a: Vaporeon|Protect|p1a: Vaporeon\n|-singleturn|p1a: Vaporeon|Protect\n|move|p2a: Charizard|Earthquake|p1a: Vaporeon\n|-activate|p1a: Vaporeon|move: Protect\n|\n|-heal|p1a: Vaporeon|233/364|[from] item: Leftovers\n|upkeep\n|turn|5\n|\n|t:|1781391503\n|move|p2a: Charizard|Outrage|p1a: Vaporeon\n|-damage|p1a: Vaporeon|24/364\n|move|p1a: Vaporeon|Scald|p2a: Charizard\n|-supereffective|p2a: Charizard\n|-damage|p2a: Charizard|0 fnt\n|faint|p2a: Charizard\n|\n|-heal|p1a: Vaporeon|46/364|[from] item: Leftovers\n|upkeep\n|\n|t:|1781391507\n|switch|p2a: Komala|Komala, L88, M|258/258\n|-activate|p2a: Komala|move: Sticky Web\n|-unboost|p2a: Komala|spe|1\n|-ability|p2a: Komala|Comatose\n|turn|6\n|\n|t:|1781391511\n|switch|p1a: Misdreavus|Misdreavus, L90, F|254/254\n|move|p2a: Komala|Knock Off|p1a: Misdreavus\n|-supereffective|p1a: Misdreavus\n|-damage|p1a: Misdreavus|120/254\n|-enditem|p1a: Misdreavus|Eviolite|[from] move: Knock Off|[of] p2a: Komala\n|\n|upkeep\n|turn|7\n|\n|t:|1781391519\n|switch|p1a: Mudsdale|Mudsdale, L83, M|302/302\n|move|p2a: Komala|Knock Off|p1a: Mudsdale\n|-damage|p1a: Mudsdale|219/302\n|-ability|p1a: Mudsdale|Stamina|boost\n|-boost|p1a: Mudsdale|def|1\n|-enditem|p1a: Mudsdale|Leftovers|[from] move: Knock Off|[of] p2a: Komala\n|\n|upkeep\n|turn|8\n|\n|t:|1781391522\n|move|p2a: Komala|Rapid Spin|p1a: Mudsdale\n|-damage|p1a: Mudsdale|174/302\n|-boost|p2a: Komala|spe|1\n|-ability|p1a: Mudsdale|Stamina|boost\n|-boost|p1a: Mudsdale|def|1\n|-sideend|p2: bluffmepls|Sticky Web|[from] move: Rapid Spin|[of] p2a: Komala\n|move|p1a: Mudsdale|Earthquake|p2a: Komala\n|-damage|p2a: Komala|113/258\n|\n|upkeep\n|turn|9\n|\n|t:|1781391530\n|switch|p2a: Swampert|Swampert, L83, F|302/302\n|move|p1a: Mudsdale|Earthquake|p2a: Swampert\n|-damage|p2a: Swampert|181/302\n|\n|-heal|p2a: Swampert|199/302|[from] item: Leftovers\n|upkeep\n|turn|10\n|\n|t:|1781391533\n|move|p2a: Swampert|Stealth Rock|p1a: Mudsdale\n|-sidestart|p1: rhinoshark007|move: Stealth Rock\n|move|p1a: Mudsdale|Earthquake|p2a: Swampert\n|-damage|p2a: Swampert|79/302\n|\n|-heal|p2a: Swampert|97/302|[from] item: Leftovers\n|upkeep\n|turn|11\n|\n|t:|1781391536\n|move|p2a: Swampert|Flip Turn|p1a: Mudsdale\n|-supereffective|p1a: Mudsdale\n|-damage|p1a: Mudsdale|84/302\n|-ability|p1a: Mudsdale|Stamina|boost\n|-boost|p1a: Mudsdale|def|1\n|\n|t:|1781391541\n|switch|p2a: Rotom|Rotom-Frost, L87|229/229|[from] Flip Turn\n|move|p1a: Mudsdale|Earthquake|p2a: Rotom\n|-immune|p2a: Rotom|[from] ability: Levitate\n|\n|upkeep\n|turn|12\n|\n|t:|1781391545\n|move|p2a: Rotom|Blizzard|p1a: Mudsdale|[miss]\n|-miss|p2a: Rotom|p1a: Mudsdale\n|move|p1a: Mudsdale|Stone Edge|p2a: Rotom\n|-supereffective|p2a: Rotom\n|-damage|p2a: Rotom|93/229\n|\n|upkeep\n|turn|13\n|\n|t:|1781391550\n|move|p2a: Rotom|Blizzard|p1a: Mudsdale\n|-supereffective|p1a: Mudsdale\n|-damage|p1a: Mudsdale|0 fnt\n|faint|p1a: Mudsdale\n|\n|upkeep\n|\n|t:|1781391562\n|switch|p1a: Reuniclus|Reuniclus, L88, F|337/337\n|turn|14\n|\n|t:|1781391569\n|move|p2a: Rotom|Volt Switch|p1a: Reuniclus\n|-damage|p1a: Reuniclus|258/337\n|\n|t:|1781391572\n|switch|p2a: Tyranitar|Tyranitar, L78, F|284/284|[from] Volt Switch\n|-weather|Sandstorm|[from] ability: Sand Stream|[of] p2a: Tyranitar\n|move|p1a: Reuniclus|Calm Mind|p1a: Reuniclus\n|-boost|p1a: Reuniclus|spa|1\n|-boost|p1a: Reuniclus|spd|1\n|\n|-weather|Sandstorm|[upkeep]\n|upkeep\n|turn|15\n|\n|t:|1781391583\n|switch|p2a: Clawitzer|Clawitzer, L87, F|265/265\n|switch|p1a: Vaporeon|Vaporeon, L86, M|46/364\n|-damage|p1a: Vaporeon|1/364|[from] Stealth Rock\n|\n|-weather|Sandstorm|[upkeep]\n|-damage|p1a: Vaporeon|0 fnt|[from] Sandstorm\n|-damage|p2a: Clawitzer|249/265|[from] Sandstorm\n|faint|p1a: Vaporeon\n|upkeep\n|\n|t:|1781391593\n|switch|p1a: Leavanny|Leavanny, L86, M|269/269\n|-damage|p1a: Leavanny|202/269|[from] Stealth Rock\n|turn|16\n|\n|t:|1781391606\n|-terastallize|p2a: Clawitzer|Dragon\n|move|p1a: Leavanny|Leaf Blade|p2a: Clawitzer\n|-resisted|p2a: Clawitzer\n|-damage|p2a: Clawitzer|199/265\n|move|p2a: Clawitzer|Dragon Pulse|p1a: Leavanny\n|-damage|p1a: Leavanny|34/269\n|\n|-weather|Sandstorm|[upkeep]\n|-damage|p1a: Leavanny|18/269|[from] Sandstorm\n|-damage|p2a: Clawitzer|183/265|[from] Sandstorm\n|upkeep\n|turn|17\n|\n|t:|1781391615\n|switch|p2a: Swampert|Swampert, L83, F|97/302\n|move|p1a: Leavanny|Sticky Web|p2a: Swampert\n|-sidestart|p2: bluffmepls|move: Sticky Web\n|\n|-weather|Sandstorm|[upkeep]\n|-damage|p1a: Leavanny|2/269|[from] Sandstorm\n|-heal|p2a: Swampert|115/302|[from] item: Leftovers\n|upkeep\n|turn|18\n|j| hposnonin\n|\n|t:|1781391629\n|switch|p2a: Rotom|Rotom-Frost, L87|93/229\n|move|p1a: Leavanny|Lunge|p2a: Rotom\n|-damage|p2a: Rotom|0 fnt\n|faint|p2a: Rotom\n|\n|-weather|none\n|upkeep\n|\n|t:|1781391634\n|switch|p2a: Tyranitar|Tyranitar, L78, F|284/284\n|-activate|p2a: Tyranitar|move: Sticky Web\n|-unboost|p2a: Tyranitar|spe|1\n|-weather|Sandstorm|[from] ability: Sand Stream|[of] p2a: Tyranitar\n|turn|19\n|\n|t:|1781391641\n|switch|p2a: Swampert|Swampert, L83, F|115/302\n|-activate|p2a: Swampert|move: Sticky Web\n|-unboost|p2a: Swampert|spe|1\n|move|p1a: Leavanny|Lunge|p2a: Swampert\n|-damage|p2a: Swampert|0 fnt\n|faint|p2a: Swampert\n|\n|-weather|Sandstorm|[upkeep]\n|-damage|p1a: Leavanny|0 fnt|[from] Sandstorm\n|faint|p1a: Leavanny\n|upkeep\n|\n|t:|1781391648\n|switch|p1a: Jumpluff|Jumpluff, L87, M|271/271\n|switch|p2a: Clawitzer|Clawitzer, L87, F, tera:Dragon|183/265\n|-damage|p1a: Jumpluff|204/271|[from] Stealth Rock\n|-activate|p2a: Clawitzer|move: Sticky Web\n|-unboost|p2a: Clawitzer|spe|1\n|turn|20\n|\n|t:|1781391659\n|-terastallize|p1a: Jumpluff|Steel\n|move|p1a: Jumpluff|Leech Seed|p2a: Clawitzer\n|-start|p2a: Clawitzer|move: Leech Seed\n|move|p2a: Clawitzer|Dragon Pulse|p1a: Jumpluff\n|-resisted|p1a: Jumpluff\n|-damage|p1a: Jumpluff|131/271\n|\n|-weather|Sandstorm|[upkeep]\n|-damage|p2a: Clawitzer|167/265|[from] Sandstorm\n|-damage|p2a: Clawitzer|134/265|[from] Leech Seed|[of] p1a: Jumpluff\n|-heal|p1a: Jumpluff|164/271|[silent]\n|upkeep\n|turn|21\n|\n|t:|1781391669\n|move|p1a: Jumpluff|Strength Sap|p2a: Clawitzer\n|-unboost|p2a: Clawitzer|atk|1\n|-heal|p1a: Jumpluff|271/271\n|move|p2a: Clawitzer|Aura Sphere|p1a: Jumpluff\n|-supereffective|p1a: Jumpluff\n|-damage|p1a: Jumpluff|87/271\n|\n|-weather|Sandstorm|[upkeep]\n|-damage|p2a: Clawitzer|118/265|[from] Sandstorm\n|-damage|p2a: Clawitzer|85/265|[from] Leech Seed|[of] p1a: Jumpluff\n|-heal|p1a: Jumpluff|120/271|[silent]\n|upkeep\n|turn|22\n|\n|t:|1781391681\n|move|p1a: Jumpluff|Substitute|p1a: Jumpluff\n|-start|p1a: Jumpluff|Substitute\n|-damage|p1a: Jumpluff|53/271\n|move|p2a: Clawitzer|U-turn|p1a: Jumpluff\n|-resisted|p1a: Jumpluff\n|-activate|p1a: Jumpluff|move: Substitute|[damage]\n|l| hposnonin\n|\n|t:|1781391683\n|switch|p2a: Komala|Komala, L88, M|113/258|[from] U-turn\n|-activate|p2a: Komala|move: Sticky Web\n|-unboost|p2a: Komala|spe|1\n|-ability|p2a: Komala|Comatose\n|\n|-weather|Sandstorm|[upkeep]\n|-damage|p2a: Komala|97/258|[from] Sandstorm\n|upkeep\n|turn|23\n|\n|t:|1781391688\n|move|p1a: Jumpluff|Acrobatics|p2a: Komala\n|-damage|p2a: Komala|3/258\n|move|p2a: Komala|Rapid Spin|p1a: Jumpluff\n|-resisted|p1a: Jumpluff\n|-activate|p1a: Jumpluff|move: Substitute|[damage]\n|-sideend|p2: bluffmepls|Sticky Web|[from] move: Rapid Spin|[of] p2a: Komala\n|-boost|p2a: Komala|spe|1\n|\n|-weather|none\n|upkeep\n|turn|24\n|\n|t:|1781391695\n|move|p1a: Jumpluff|Strength Sap|p2a: Komala\n|-unboost|p2a: Komala|atk|1\n|-heal|p1a: Jumpluff|271/271\n|move|p2a: Komala|Rapid Spin|p1a: Jumpluff\n|-resisted|p1a: Jumpluff\n|-end|p1a: Jumpluff|Substitute\n|-boost|p2a: Komala|spe|1\n|\n|upkeep\n|turn|25\n|\n|t:|1781391702\n|move|p2a: Komala|Earthquake|p1a: Jumpluff\n|-supereffective|p1a: Jumpluff\n|-damage|p1a: Jumpluff|131/271\n|move|p1a: Jumpluff|Substitute|p1a: Jumpluff\n|-start|p1a: Jumpluff|Substitute\n|-damage|p1a: Jumpluff|64/271\n|\n|upkeep\n|turn|26\n|\n|t:|1781391705\n|move|p2a: Komala|Earthquake|p1a: Jumpluff\n|-supereffective|p1a: Jumpluff\n|-end|p1a: Jumpluff|Substitute\n|move|p1a: Jumpluff|Strength Sap|p2a: Komala\n|-unboost|p2a: Komala|atk|1\n|-heal|p1a: Jumpluff|232/271\n|\n|upkeep\n|turn|27\n|\n|t:|1781391711\n|move|p2a: Komala|Body Slam|p1a: Jumpluff\n|-resisted|p1a: Jumpluff\n|-damage|p1a: Jumpluff|200/271\n|move|p1a: Jumpluff|Acrobatics|p2a: Komala\n|-damage|p2a: Komala|0 fnt\n|faint|p2a: Komala\n|\n|upkeep\n|\n|t:|1781391718\n|switch|p2a: Clawitzer|Clawitzer, L87, F, tera:Dragon|85/265\n|turn|28\n|\n|t:|1781391725\n|switch|p1a: Misdreavus|Misdreavus, L90, F|120/254\n|-damage|p1a: Misdreavus|89/254|[from] Stealth Rock\n|move|p2a: Clawitzer|Aura Sphere|p1a: Misdreavus\n|-immune|p1a: Misdreavus\n|\n|upkeep\n|turn|29\n|\n|t:|1781391730\n|move|p1a: Misdreavus|Will-O-Wisp|p2a: Clawitzer\n|-status|p2a: Clawitzer|brn\n|move|p2a: Clawitzer|Dragon Pulse|p1a: Misdreavus\n|-crit|p1a: Misdreavus\n|-damage|p1a: Misdreavus|0 fnt\n|faint|p1a: Misdreavus\n|\n|-damage|p2a: Clawitzer|69/265 brn|[from] brn\n|upkeep\n|\n|t:|1781391734\n|switch|p1a: Reuniclus|Reuniclus, L88, F|258/337\n|turn|30\n|\n|t:|1781391736\n|move|p2a: Clawitzer|U-turn|p1a: Reuniclus\n|-supereffective|p1a: Reuniclus\n|-damage|p1a: Reuniclus|207/337\n|\n|t:|1781391739\n|switch|p2a: Tyranitar|Tyranitar, L78, F|284/284|[from] U-turn\n|-weather|Sandstorm|[from] ability: Sand Stream|[of] p2a: Tyranitar\n|move|p1a: Reuniclus|Focus Blast|p2a: Tyranitar|[miss]\n|-miss|p1a: Reuniclus|p2a: Tyranitar\n|\n|-weather|Sandstorm|[upkeep]\n|upkeep\n|turn|31\n|\n|t:|1781391743\n|move|p2a: Tyranitar|Knock Off|p1a: Reuniclus\n|-supereffective|p1a: Reuniclus\n|-damage|p1a: Reuniclus|0 fnt\n|-enditem|p1a: Reuniclus|Life Orb|[from] move: Knock Off|[of] p2a: Tyranitar\n|faint|p1a: Reuniclus\n|\n|-weather|Sandstorm|[upkeep]\n|upkeep\n|\n|t:|1781391745\n|switch|p1a: Jumpluff|Jumpluff, L87, M, tera:Steel|200/271\n|-damage|p1a: Jumpluff|184/271|[from] Stealth Rock\n|turn|32\n|\n|t:|1781391752\n|move|p1a: Jumpluff|Leech Seed|p2a: Tyranitar\n|-start|p2a: Tyranitar|move: Leech Seed\n|move|p2a: Tyranitar|Knock Off|p1a: Jumpluff\n|-damage|p1a: Jumpluff|91/271\n|\n|-weather|Sandstorm|[upkeep]\n|-damage|p2a: Tyranitar|249/284|[from] Leech Seed|[of] p1a: Jumpluff\n|-heal|p1a: Jumpluff|126/271|[silent]\n|upkeep\n|turn|33\n|\n|t:|1781391756\n|switch|p2a: Clawitzer|Clawitzer, L87, F, tera:Dragon|69/265 brn\n|move|p1a: Jumpluff|Strength Sap|p2a: Clawitzer\n|-unboost|p2a: Clawitzer|atk|1\n|-heal|p1a: Jumpluff|271/271\n|\n|-weather|Sandstorm|[upkeep]\n|-damage|p2a: Clawitzer|53/265 brn|[from] Sandstorm\n|-damage|p2a: Clawitzer|37/265 brn|[from] brn\n|upkeep\n|turn|34\n|\n|t:|1781391758\n|move|p1a: Jumpluff|Substitute|p1a: Jumpluff\n|-start|p1a: Jumpluff|Substitute\n|-damage|p1a: Jumpluff|204/271\n|move|p2a: Clawitzer|Aura Sphere|p1a: Jumpluff\n|-supereffective|p1a: Jumpluff\n|-end|p1a: Jumpluff|Substitute\n|\n|-weather|none\n|-damage|p2a: Clawitzer|21/265 brn|[from] brn\n|upkeep\n|turn|35\n|\n|t:|1781391761\n|move|p1a: Jumpluff|Acrobatics|p2a: Clawitzer\n|-damage|p2a: Clawitzer|0 fnt\n|faint|p2a: Clawitzer\n|\n|upkeep\n|\n|t:|1781391763\n|switch|p2a: Tyranitar|Tyranitar, L78, F|249/284\n|-weather|Sandstorm|[from] ability: Sand Stream|[of] p2a: Tyranitar\n|turn|36\n|\n|t:|1781391766\n|move|p1a: Jumpluff|Leech Seed|p2a: Tyranitar\n|-start|p2a: Tyranitar|move: Leech Seed\n|move|p2a: Tyranitar|Dragon Dance|p2a: Tyranitar\n|-boost|p2a: Tyranitar|atk|1\n|-boost|p2a: Tyranitar|spe|1\n|\n|-weather|Sandstorm|[upkeep]\n|-damage|p2a: Tyranitar|214/284|[from] Leech Seed|[of] p1a: Jumpluff\n|-heal|p1a: Jumpluff|239/271|[silent]\n|upkeep\n|turn|37\n|\n|t:|1781391769\n|move|p1a: Jumpluff|Strength Sap|p2a: Tyranitar\n|-unboost|p2a: Tyranitar|atk|1\n|-heal|p1a: Jumpluff|271/271\n|move|p2a: Tyranitar|Dragon Dance|p2a: Tyranitar\n|-boost|p2a: Tyranitar|atk|1\n|-boost|p2a: Tyranitar|spe|1\n|\n|-weather|Sandstorm|[upkeep]\n|-damage|p2a: Tyranitar|179/284|[from] Leech Seed|[of] p1a: Jumpluff\n|upkeep\n|turn|38\n|\n|t:|1781391772\n|move|p2a: Tyranitar|Knock Off|p1a: Jumpluff\n|-crit|p1a: Jumpluff\n|-damage|p1a: Jumpluff|76/271\n|move|p1a: Jumpluff|Strength Sap|p2a: Tyranitar\n|-unboost|p2a: Tyranitar|atk|1\n|-heal|p1a: Jumpluff|271/271\n|\n|-weather|Sandstorm|[upkeep]\n|-damage|p2a: Tyranitar|144/284|[from] Leech Seed|[of] p1a: Jumpluff\n|upkeep\n|turn|39\n|\n|t:|1781391778\n|move|p2a: Tyranitar|Knock Off|p1a: Jumpluff\n|-damage|p1a: Jumpluff|183/271\n|move|p1a: Jumpluff|Strength Sap|p2a: Tyranitar\n|-unboost|p2a: Tyranitar|atk|1\n|-heal|p1a: Jumpluff|271/271\n|\n|-weather|Sandstorm|[upkeep]\n|-damage|p2a: Tyranitar|109/284|[from] Leech Seed|[of] p1a: Jumpluff\n|upkeep\n|turn|40\n|\n|t:|1781391780\n|move|p2a: Tyranitar|Knock Off|p1a: Jumpluff\n|-damage|p1a: Jumpluff|213/271\n|move|p1a: Jumpluff|Strength Sap|p2a: Tyranitar\n|-unboost|p2a: Tyranitar|atk|1\n|-heal|p1a: Jumpluff|271/271\n|\n|-weather|none\n|-damage|p2a: Tyranitar|74/284|[from] Leech Seed|[of] p1a: Jumpluff\n|upkeep\n|turn|41\n|\n|t:|1781391783\n|move|p2a: Tyranitar|Knock Off|p1a: Jumpluff\n|-damage|p1a: Jumpluff|226/271\n|move|p1a: Jumpluff|Strength Sap|p2a: Tyranitar\n|-unboost|p2a: Tyranitar|atk|1\n|-heal|p1a: Jumpluff|271/271\n|\n|-damage|p2a: Tyranitar|39/284|[from] Leech Seed|[of] p1a: Jumpluff\n|upkeep\n|turn|42\n|-message|bluffmepls forfeited.\n|\n|win|rhinoshark007\n", "inputlog": ">version a8376a258c1d4662feba110a92103f3664a72141\n>start {\"formatid\":\"gen9randombattle\",\"seed\":\"sodium,df75eb052e5c55d65457f40cc1690e17\",\"rated\":\"Rated battle\"}\n>player p1 {\"name\":\"rhinoshark007\",\"avatar\":\"elesa\",\"rating\":2249,\"seed\":\"sodium,eb21c2cece699d2433fca8b303163687\"}\n>player p2 {\"name\":\"bluffmepls\",\"avatar\":\"266\",\"rating\":2242,\"seed\":\"sodium,242fc5c53d3b5caf00a73445c9ef9bff\"}\n>p1 move stickyweb\n>p2 switch 5\n>p1 switch 2\n>p2 move swordsdance\n>p1 move scald\n>p2 move earthquake\n>p1 move protect\n>p2 move earthquake\n>p1 move scald\n>p2 move outrage\n>p2 switch 6\n>p1 switch 5\n>p2 move knockoff\n>p1 switch 3\n>p2 move knockoff\n>p1 move earthquake\n>p2 move rapidspin\n>p1 move earthquake\n>p2 switch 5\n>p1 move earthquake\n>p2 move stealthrock\n>p1 move earthquake\n>p2 move flipturn\n>p2 switch 4\n>p1 move stoneedge\n>p2 move blizzard\n>p1 move stoneedge\n>p2 move blizzard\n>p1 switch 6\n>p1 move calmmind\n>p2 move voltswitch\n>p2 switch 3\n>p1 switch 5\n>p2 switch 2\n>p1 switch 2\n>p1 move leafblade\n>p2 move dragonpulse terastallize\n>p1 move stickyweb\n>p2 switch 4\n>p1 move lunge\n>p2 switch 3\n>p2 switch 2\n>p1 move lunge\n>p2 switch 3\n>p1 switch 4\n>p2 switch 4\n>p1 move leechseed terastallize\n>p2 move dragonpulse\n>p1 move strengthsap\n>p2 move aurasphere\n>p1 move substitute\n>p2 move uturn\n>p2 switch 5\n>p1 move acrobatics\n>p2 move rapidspin\n>p1 move strengthsap\n>p2 move rapidspin\n>p1 move substitute\n>p2 move earthquake\n>p1 move strengthsap\n>p2 move earthquake\n>p1 move acrobatics\n>p2 move bodyslam\n>p2 switch 5\n>p1 switch 3\n>p2 move aurasphere\n>p1 move willowisp\n>p2 move dragonpulse\n>p1 switch 5\n>p1 move focusblast\n>p2 move uturn\n>p2 switch 3\n>p1 move focusblast\n>p2 move knockoff\n>p1 switch 3\n>p1 move leechseed\n>p2 move knockoff\n>p1 move strengthsap\n>p2 switch 3\n>p1 move substitute\n>p2 move aurasphere\n>p1 move acrobatics\n>p2 move aurasphere\n>p2 switch 3\n>p1 move leechseed\n>p2 move dragondance\n>p1 move strengthsap\n>p2 move dragondance\n>p1 move strengthsap\n>p2 move knockoff\n>p1 move strengthsap\n>p2 move knockoff\n>p1 move strengthsap\n>p2 move knockoff\n>p1 move strengthsap\n>p2 move knockoff\n>forcelose p2", "uploadtime": 1781391469, "views": 4, "formatid": "gen9randombattle", "rating": null, "private": 0, "password": null}