{"id": "gen9randombattle-2631767115", "format": "[Gen 9] Random Battle", "players": ["FakeMrCactus", "mapp7777"], "log": "|j|\u2606FakeMrCactus\n|j|\u2606mapp7777\n|t:|1781436433\n|gametype|singles\n|player|p1|FakeMrCactus|1|\n|player|p2|mapp7777|lyra|\n|gen|9\n|tier|[Gen 9] Random Battle\n|rule|Species Clause: Limit one of each Pok\u00e9mon\n|rule|HP Percentage Mod: HP is shown in percentages\n|rule|Sleep Clause Mod: Limit one foe put to sleep\n|rule|Illusion Level Mod: Illusion disguises the Pok\u00e9mon's true level\n|\n|t:|1781436433\n|teamsize|p1|6\n|teamsize|p2|6\n|start\n|switch|p1a: Noctowl|Noctowl, L95, M|344/344\n|switch|p2a: Appletun|Appletun, L92, F|352/352\n|turn|1\n|inactive|Battle timer is ON: inactive players will automatically lose when time's up. (requested by FakeMrCactus)\n|\n|t:|1781436451\n|move|p1a: Noctowl|Hurricane|p2a: Appletun\n|-supereffective|p2a: Appletun\n|-damage|p2a: Appletun|100/352\n|move|p2a: Appletun|Leech Seed|p1a: Noctowl\n|-start|p1a: Noctowl|move: Leech Seed\n|\n|-heal|p2a: Appletun|122/352|[from] item: Leftovers\n|-damage|p1a: Noctowl|301/344|[from] Leech Seed|[of] p2a: Appletun\n|-heal|p2a: Appletun|165/352|[silent]\n|upkeep\n|turn|2\n|inactive|FakeMrCactus has 270 seconds left.\n|inactive|mapp7777 has 270 seconds left.\n|\n|t:|1781436485\n|switch|p1a: Dragonite|Dragonite, L74, F|257/257\n|switch|p2a: Muk|Muk-Alola, L82, F|306/306\n|\n|upkeep\n|turn|3\n|\n|t:|1781436493\n|move|p1a: Dragonite|Dragon Dance|p1a: Dragonite\n|-boost|p1a: Dragonite|atk|1\n|-boost|p1a: Dragonite|spe|1\n|move|p2a: Muk|Ice Punch|p1a: Dragonite\n|-supereffective|p1a: Dragonite\n|-damage|p1a: Dragonite|147/257\n|-status|p1a: Dragonite|frz\n|\n|upkeep\n|turn|4\n|\n|t:|1781436505\n|cant|p1a: Dragonite|frz\n|move|p2a: Muk|Ice Punch|p1a: Dragonite\n|-supereffective|p1a: Dragonite\n|-damage|p1a: Dragonite|0 fnt\n|faint|p1a: Dragonite\n|\n|upkeep\n|inactive|FakeMrCactus has 270 seconds left.\n|\n|t:|1781436521\n|switch|p1a: Pachirisu|Pachirisu, L96, F|271/271\n|turn|5\n|inactive|mapp7777 has 270 seconds left.\n|inactiveoff|Battle timer is now OFF.\n|\n|t:|1781436556\n|move|p1a: Pachirisu|Super Fang|p2a: Muk\n|-damage|p2a: Muk|153/306\n|move|p2a: Muk|Knock Off|p1a: Pachirisu\n|-damage|p1a: Pachirisu|160/271\n|-enditem|p1a: Pachirisu|Heavy-Duty Boots|[from] move: Knock Off|[of] p2a: Muk\n|\n|upkeep\n|turn|6\n|\n|t:|1781436563\n|move|p1a: Pachirisu|Discharge|p2a: Muk\n|-damage|p2a: Muk|111/306\n|-status|p2a: Muk|par\n|cant|p2a: Muk|par\n|\n|upkeep\n|turn|7\n|\n|t:|1781436592\n|move|p1a: Pachirisu|U-turn|p2a: Muk\n|-damage|p2a: Muk|68/306 par\n|\n|t:|1781436597\n|switch|p1a: Noctowl|Noctowl, L95, M|301/344|[from] U-turn\n|move|p2a: Muk|Drain Punch|p1a: Noctowl\n|-crit|p1a: Noctowl\n|-damage|p1a: Noctowl|193/344\n|-heal|p2a: Muk|122/306 par|[from] drain|[of] p1a: Noctowl\n|\n|upkeep\n|turn|8\n|\n|t:|1781436630\n|move|p1a: Noctowl|Hyper Voice|p2a: Muk\n|-damage|p2a: Muk|58/306 par\n|move|p2a: Muk|Ice Punch|p1a: Noctowl\n|-supereffective|p1a: Noctowl\n|-damage|p1a: Noctowl|65/344\n|\n|upkeep\n|turn|9\n|\n|t:|1781436637\n|move|p1a: Noctowl|Hyper Voice|p2a: Muk\n|-damage|p2a: Muk|0 fnt\n|faint|p2a: Muk\n|\n|upkeep\n|\n|t:|1781436651\n|switch|p2a: Mightyena|Mightyena, L96, F|290/290\n|-ability|p2a: Mightyena|Intimidate|boost\n|-unboost|p1a: Noctowl|atk|1\n|turn|10\n|\n|t:|1781436661\n|switch|p1a: Hitmonlee|Hitmonlee, L85, M|224/224\n|move|p2a: Mightyena|Sucker Punch||[still]\n|-fail|p2a: Mightyena\n|\n|upkeep\n|turn|11\n|\n|t:|1781436677\n|switch|p2a: Appletun|Appletun, L92, F|165/352\n|move|p1a: Hitmonlee|Swords Dance|p1a: Hitmonlee\n|-boost|p1a: Hitmonlee|atk|2\n|\n|-heal|p2a: Appletun|187/352|[from] item: Leftovers\n|upkeep\n|turn|12\n|\n|t:|1781436688\n|move|p1a: Hitmonlee|Close Combat|p2a: Appletun\n|-damage|p2a: Appletun|0 fnt\n|-unboost|p1a: Hitmonlee|def|1\n|-unboost|p1a: Hitmonlee|spd|1\n|faint|p2a: Appletun\n|-enditem|p1a: Hitmonlee|White Herb\n|-clearnegativeboost|p1a: Hitmonlee|[silent]\n|\n|upkeep\n|\n|t:|1781436696\n|switch|p2a: Ogerpon|Ogerpon-Hearthflame, L74, F|239/239\n|-ability|p2a: Ogerpon|Mold Breaker\n|turn|13\n|\n|t:|1781436711\n|move|p1a: Hitmonlee|Stone Edge|p2a: Ogerpon\n|-supereffective|p2a: Ogerpon\n|-damage|p2a: Ogerpon|0 fnt\n|faint|p2a: Ogerpon\n|\n|upkeep\n|\n|t:|1781436727\n|switch|p2a: Reshiram|Reshiram, L76|277/277\n|-ability|p2a: Reshiram|Turboblaze\n|turn|14\n|\n|t:|1781436733\n|move|p1a: Hitmonlee|Stone Edge|p2a: Reshiram\n|-supereffective|p2a: Reshiram\n|-crit|p2a: Reshiram\n|-damage|p2a: Reshiram|0 fnt\n|faint|p2a: Reshiram\n|\n|upkeep\n|\n|t:|1781436737\n|switch|p2a: Tentacruel|Tentacruel, L84, M|272/272\n|turn|15\n|\n|t:|1781436764\n|move|p1a: Hitmonlee|Stone Edge|p2a: Tentacruel\n|-damage|p2a: Tentacruel|41/272\n|move|p2a: Tentacruel|Surf|p1a: Hitmonlee\n|-damage|p1a: Hitmonlee|152/224\n|\n|-heal|p2a: Tentacruel|58/272|[from] item: Leftovers\n|upkeep\n|turn|16\n|\n|t:|1781436771\n|move|p1a: Hitmonlee|Stone Edge|p2a: Tentacruel\n|-damage|p2a: Tentacruel|0 fnt\n|faint|p2a: Tentacruel\n|\n|upkeep\n|\n|t:|1781436775\n|switch|p2a: Mightyena|Mightyena, L96, F|290/290\n|-ability|p2a: Mightyena|Intimidate|boost\n|-unboost|p1a: Hitmonlee|atk|1\n|turn|17\n|\n|t:|1781436780\n|move|p1a: Hitmonlee|Stone Edge|p2a: Mightyena\n|-damage|p2a: Mightyena|152/290\n|move|p2a: Mightyena|Play Rough|p1a: Hitmonlee|[miss]\n|-miss|p2a: Mightyena|p1a: Hitmonlee\n|\n|upkeep\n|turn|18\n|\n|t:|1781436808\n|move|p1a: Hitmonlee|Stone Edge|p2a: Mightyena\n|-damage|p2a: Mightyena|28/290\n|move|p2a: Mightyena|Play Rough|p1a: Hitmonlee\n|-supereffective|p1a: Hitmonlee\n|-damage|p1a: Hitmonlee|0 fnt\n|faint|p1a: Hitmonlee\n|\n|upkeep\n|\n|t:|1781436817\n|switch|p1a: Noctowl|Noctowl, L95, M|65/344\n|turn|19\n|\n|t:|1781436825\n|move|p2a: Mightyena|Play Rough|p1a: Noctowl\n|-damage|p1a: Noctowl|0 fnt\n|faint|p1a: Noctowl\n|\n|upkeep\n|\n|t:|1781436837\n|switch|p1a: Coalossal|Coalossal, L89, M|341/341\n|turn|20\n|\n|t:|1781436844\n|move|p2a: Mightyena|Play Rough|p1a: Coalossal\n|-resisted|p1a: Coalossal\n|-damage|p1a: Coalossal|298/341\n|-status|p2a: Mightyena|brn|[from] ability: Flame Body|[of] p1a: Coalossal\n|move|p1a: Coalossal|Stealth Rock|p2a: Mightyena\n|-sidestart|p2: mapp7777|move: Stealth Rock\n|\n|-damage|p2a: Mightyena|10/290 brn|[from] brn\n|upkeep\n|turn|21\n|\n|t:|1781436852\n|move|p2a: Mightyena|Play Rough|p1a: Coalossal\n|-resisted|p1a: Coalossal\n|-damage|p1a: Coalossal|279/341\n|move|p1a: Coalossal|Spikes|p2a: Mightyena\n|-sidestart|p2: mapp7777|Spikes\n|\n|-damage|p2a: Mightyena|0 fnt|[from] brn\n|faint|p2a: Mightyena\n|\n|win|FakeMrCactus\n|l|\u2606mapp7777\n|player|p2|\n", "inputlog": ">version a8376a258c1d4662feba110a92103f3664a72141\n>start {\"formatid\":\"gen9randombattle\",\"seed\":\"sodium,75db25f6102c298c61e304239e52e693\"}\n>player p1 {\"name\":\"FakeMrCactus\",\"avatar\":\"1\",\"rating\":0,\"seed\":\"sodium,5ba2ff2ac5ac295c894531991e989074\"}\n>player p2 {\"name\":\"mapp7777\",\"avatar\":\"lyra\",\"rating\":0,\"seed\":\"sodium,d83088da97bd3aaa8fbf95fe419911a9\"}\n>p1 move hurricane\n>p2 move leechseed\n>p1 switch 6\n>p2 switch 2\n>p1 move dragondance\n>p2 move icepunch\n>p1 move earthquake\n>p2 move icepunch\n>p1 switch 2\n>p1 move superfang\n>p2 move knockoff\n>p1 move discharge\n>p2 move drainpunch\n>p1 move uturn\n>p2 move drainpunch\n>p1 switch 6\n>p1 move hypervoice\n>p2 move icepunch\n>p1 move hypervoice\n>p2 move icepunch\n>p2 switch 6\n>p1 switch 4\n>p2 move suckerpunch\n>p1 move swordsdance\n>p2 switch 2\n>p1 move closecombat\n>p2 move leechseed\n>p2 switch 4\n>p1 move stoneedge\n>p2 move ivycudgel\n>p2 switch 5\n>p1 move stoneedge\n>p2 move outrage\n>p2 switch 3\n>p1 move stoneedge\n>p2 move surf\n>p1 move stoneedge\n>p2 move surf\n>p2 switch 2\n>p1 move stoneedge\n>p2 move playrough\n>p1 move stoneedge\n>p2 move playrough\n>p1 switch 4\n>p1 move roost\n>p2 move playrough\n>p1 switch 3\n>p1 move stealthrock\n>p2 move playrough\n>p1 move spikes\n>p2 move playrough", "uploadtime": 1781436874, "views": 11, "formatid": "gen9randombattle", "rating": null, "private": 0, "password": null}