{"id": "gen9randombattle-2631972328", "format": "[Gen 9] Random Battle", "players": ["Failtacular3245", "regu2"], "log": "|j|\u2606Failtacular3245\n|j|\u2606regu2\n|t:|1781461448\n|gametype|singles\n|player|p1|Failtacular3245|youngster-gen4dp|1972\n|player|p2|regu2|169|2013\n|gen|9\n|tier|[Gen 9] Random Battle\n|rated|\n|rule|Species Clause: Limit one of each Pok\u00e9mon\n|rule|HP Percentage Mod: HP is shown in percentages\n|rule|Sleep Clause Mod: Limit one foe put to sleep\n|rule|Illusion Level Mod: Illusion disguises the Pok\u00e9mon's true level\n|\n|t:|1781461448\n|teamsize|p1|6\n|teamsize|p2|6\n|start\n|switch|p1a: Tauros|Tauros-Paldea-Aqua, L81, M|252/252\n|switch|p2a: Cramorant|Cramorant, L86, M|261/261\n|turn|1\n|inactive|Battle timer is ON: inactive players will automatically lose when time's up. (requested by regu2)\n|\n|t:|1781461461\n|switch|p1a: Arceus|Arceus-Steel, L70|284/284\n|move|p2a: Cramorant|Brave Bird|p1a: Arceus\n|-resisted|p1a: Arceus\n|-damage|p1a: Arceus|230/284\n|-damage|p2a: Cramorant|243/261|[from] Recoil\n|\n|upkeep\n|turn|2\n|\n|t:|1781461464\n|move|p1a: Arceus|Calm Mind|p1a: Arceus\n|-boost|p1a: Arceus|spa|1\n|-boost|p1a: Arceus|spd|1\n|move|p2a: Cramorant|Surf|p1a: Arceus\n|-formechange|p2a: Cramorant|Cramorant-Gulping|\n|-crit|p1a: Arceus\n|-damage|p1a: Arceus|110/284\n|\n|upkeep\n|turn|3\n|\n|t:|1781461471\n|switch|p2a: Maushold|Maushold-Four, L76|238/238\n|move|p1a: Arceus|Recover|p1a: Arceus\n|-heal|p1a: Arceus|252/284\n|\n|upkeep\n|turn|4\n|\n|t:|1781461475\n|switch|p1a: Mismagius|Mismagius, L86, M|243/243\n|move|p2a: Maushold|Encore||[still]\n|-fail|p2a: Maushold\n|\n|upkeep\n|turn|5\n|\n|t:|1781461482\n|switch|p2a: Cramorant|Cramorant, L86, M|243/261\n|move|p1a: Mismagius|Nasty Plot|p1a: Mismagius\n|-boost|p1a: Mismagius|spa|2\n|\n|upkeep\n|turn|6\n|\n|t:|1781461488\n|move|p1a: Mismagius|Shadow Ball|p2a: Cramorant\n|-crit|p2a: Cramorant\n|-damage|p2a: Cramorant|0 fnt\n|faint|p2a: Cramorant\n|\n|upkeep\n|\n|t:|1781461501\n|switch|p2a: Reshiram|Reshiram, L76|277/277\n|-ability|p2a: Reshiram|Turboblaze\n|turn|7\n|\n|t:|1781461505\n|move|p1a: Mismagius|Substitute|p1a: Mismagius\n|-start|p1a: Mismagius|Substitute\n|-damage|p1a: Mismagius|183/243\n|move|p2a: Reshiram|Blue Flare|p1a: Mismagius\n|-end|p1a: Mismagius|Substitute\n|\n|-heal|p1a: Mismagius|198/243|[from] item: Leftovers\n|upkeep\n|turn|8\n|\n|t:|1781461511\n|move|p1a: Mismagius|Nasty Plot|p1a: Mismagius\n|-boost|p1a: Mismagius|spa|2\n|move|p2a: Reshiram|Blue Flare|p1a: Mismagius\n|-damage|p1a: Mismagius|60/243\n|-status|p1a: Mismagius|brn\n|\n|-heal|p1a: Mismagius|75/243 brn|[from] item: Leftovers\n|-damage|p1a: Mismagius|60/243 brn|[from] brn\n|upkeep\n|turn|9\n|\n|t:|1781461514\n|move|p1a: Mismagius|Shadow Ball|p2a: Reshiram\n|-damage|p2a: Reshiram|18/277\n|move|p2a: Reshiram|Blue Flare|p1a: Mismagius\n|-damage|p1a: Mismagius|0 fnt\n|faint|p1a: Mismagius\n|\n|upkeep\n|\n|t:|1781461523\n|switch|p1a: Tauros|Tauros-Paldea-Aqua, L81, M|252/252\n|turn|10\n|\n|t:|1781461528\n|move|p1a: Tauros|Liquidation|p2a: Reshiram\n|-damage|p2a: Reshiram|0 fnt\n|faint|p2a: Reshiram\n|\n|upkeep\n|\n|t:|1781461533\n|switch|p2a: Magearna|Magearna, L77|250/250\n|turn|11\n|\n|t:|1781461537\n|switch|p1a: Delphox|Delphox, L84, F|263/263\n|move|p2a: Magearna|Shift Gear|p2a: Magearna\n|-boost|p2a: Magearna|spe|2\n|-boost|p2a: Magearna|atk|1\n|\n|upkeep\n|turn|12\n|\n|t:|1781461546\n|-terastallize|p2a: Magearna|Ground\n|move|p2a: Magearna|Tera Blast|p1a: Delphox|[anim] Tera Blast Ground\n|-supereffective|p1a: Delphox\n|-damage|p1a: Delphox|9/263\n|move|p1a: Delphox|Nasty Plot|p1a: Delphox\n|-boost|p1a: Delphox|spa|2\n|\n|upkeep\n|turn|13\n|\n|t:|1781461552\n|move|p2a: Magearna|Tera Blast|p1a: Delphox|[anim] Tera Blast Ground\n|-supereffective|p1a: Delphox\n|-damage|p1a: Delphox|0 fnt\n|faint|p1a: Delphox\n|-ability|p2a: Magearna|Soul-Heart|boost\n|-boost|p2a: Magearna|spa|1\n|\n|upkeep\n|\n|t:|1781461556\n|switch|p1a: Tauros|Tauros-Paldea-Aqua, L81, M|252/252\n|turn|14\n|\n|t:|1781461563\n|-terastallize|p1a: Tauros|Water\n|move|p2a: Magearna|Fleur Cannon|p1a: Tauros\n|-crit|p1a: Tauros\n|-damage|p1a: Tauros|0 fnt\n|-unboost|p2a: Magearna|spa|2\n|faint|p1a: Tauros\n|-ability|p2a: Magearna|Soul-Heart|boost\n|-boost|p2a: Magearna|spa|1\n|\n|upkeep\n|\n|t:|1781461568\n|switch|p1a: Golurk|Golurk, L87|297/297\n|turn|15\n|\n|t:|1781461574\n|move|p2a: Magearna|Iron Head|p1a: Golurk\n|-damage|p1a: Golurk|191/297\n|cant|p1a: Golurk|flinch\n|\n|upkeep\n|turn|16\n|\n|t:|1781461578\n|move|p2a: Magearna|Iron Head|p1a: Golurk\n|-damage|p1a: Golurk|79/297\n|cant|p1a: Golurk|flinch\n|\n|upkeep\n|turn|17\n|-message|Failtacular3245 forfeited.\n|\n|win|regu2\n", "uploadtime": 1781461451, "views": 4, "formatid": "gen9randombattle", "rating": null, "private": 0, "password": null}