{"id": "gen9randombattle-2631387071", "format": "[Gen 9] Random Battle", "players": ["funitoqw", "WhatEver2102"], "log": "|j|\u2606funitoqw\n|j|\u2606WhatEver2102\n|t:|1781378611\n|gametype|singles\n|player|p1|funitoqw|101|1929\n|player|p2|WhatEver2102|juan|1996\n|gen|9\n|tier|[Gen 9] Random Battle\n|rated|\n|rule|Species Clause: Limit one of each Pok\u00e9mon\n|rule|HP Percentage Mod: HP is shown in percentages\n|rule|Sleep Clause Mod: Limit one foe put to sleep\n|rule|Illusion Level Mod: Illusion disguises the Pok\u00e9mon's true level\n|\n|t:|1781378611\n|teamsize|p1|6\n|teamsize|p2|6\n|start\n|switch|p1a: Terrakion|Terrakion, L79|273/273\n|switch|p2a: Swampert|Swampert, L83, M|302/302\n|turn|1\n|inactive|Battle timer is ON: inactive players will automatically lose when time's up. (requested by funitoqw)\n|inactive|WhatEver2102 has 120 seconds left.\n|inactive|WhatEver2102 has 90 seconds left.\n|\n|t:|1781378674\n|switch|p1a: Brute Bonnet|Brute Bonnet, L80|309/309\n|move|p2a: Swampert|Earthquake|p1a: Brute Bonnet\n|-resisted|p1a: Brute Bonnet\n|-damage|p1a: Brute Bonnet|258/309\n|\n|-heal|p1a: Brute Bonnet|277/309|[from] item: Leftovers\n|upkeep\n|turn|2\n|\n|t:|1781378701\n|switch|p2a: Gyarados|Gyarados, L79, F|280/280\n|-ability|p2a: Gyarados|Intimidate|boost\n|-unboost|p1a: Brute Bonnet|atk|1\n|move|p1a: Brute Bonnet|Seed Bomb|p2a: Gyarados\n|-damage|p2a: Gyarados|207/280\n|\n|-heal|p1a: Brute Bonnet|296/309|[from] item: Leftovers\n|upkeep\n|turn|3\n|\n|t:|1781378710\n|switch|p2a: Swampert|Swampert, L83, M|302/302\n|move|p1a: Brute Bonnet|Spore|p2a: Swampert\n|-status|p2a: Swampert|slp|[from] move: Spore\n|\n|-heal|p1a: Brute Bonnet|309/309|[from] item: Leftovers\n|upkeep\n|turn|4\n|\n|t:|1781378723\n|switch|p2a: Gyarados|Gyarados, L79, F|207/280\n|-ability|p2a: Gyarados|Intimidate|boost\n|-unboost|p1a: Brute Bonnet|atk|1\n|-end|p1a: Brute Bonnet|Protosynthesis|[silent]\n|switch|p1a: Chien-Pao|Chien-Pao, L72|234/234\n|-ability|p1a: Chien-Pao|Sword of Ruin\n|\n|upkeep\n|turn|5\n|\n|t:|1781378734\n|move|p1a: Chien-Pao|Icicle Crash|p2a: Gyarados\n|-damage|p2a: Gyarados|14/280\n|move|p2a: Gyarados|Dragon Dance|p2a: Gyarados\n|-boost|p2a: Gyarados|atk|1\n|-boost|p2a: Gyarados|spe|1\n|\n|upkeep\n|turn|6\n|\n|t:|1781378748\n|switch|p1a: Brute Bonnet|Brute Bonnet, L80|309/309\n|move|p2a: Gyarados|Waterfall|p1a: Brute Bonnet\n|-resisted|p1a: Brute Bonnet\n|-damage|p1a: Brute Bonnet|249/309\n|\n|-heal|p1a: Brute Bonnet|268/309|[from] item: Leftovers\n|upkeep\n|turn|7\n|\n|t:|1781378758\n|move|p1a: Brute Bonnet|Sucker Punch|p2a: Gyarados\n|-damage|p2a: Gyarados|0 fnt\n|faint|p2a: Gyarados\n|\n|-heal|p1a: Brute Bonnet|287/309|[from] item: Leftovers\n|upkeep\n|\n|t:|1781378774\n|switch|p2a: Oricorio|Oricorio, L84, M|263/263\n|turn|8\n|inactive|funitoqw has 120 seconds left.\n|\n|t:|1781378815\n|-end|p1a: Brute Bonnet|Protosynthesis|[silent]\n|switch|p1a: Lunala|Lunala, L70|308/308\n|move|p2a: Oricorio|Quiver Dance|p2a: Oricorio\n|-boost|p2a: Oricorio|spa|1\n|-boost|p2a: Oricorio|spd|1\n|-boost|p2a: Oricorio|spe|1\n|\n|upkeep\n|turn|9\n|\n|t:|1781378833\n|move|p2a: Oricorio|Quiver Dance|p2a: Oricorio\n|-boost|p2a: Oricorio|spa|1\n|-boost|p2a: Oricorio|spd|1\n|-boost|p2a: Oricorio|spe|1\n|move|p1a: Lunala|Calm Mind|p1a: Lunala\n|-boost|p1a: Lunala|spa|1\n|-boost|p1a: Lunala|spd|1\n|\n|upkeep\n|turn|10\n|\n|t:|1781378838\n|move|p2a: Oricorio|Revelation Dance|p1a: Lunala\n|-damage|p1a: Lunala|239/308\n|move|p1a: Lunala|Calm Mind|p1a: Lunala\n|-boost|p1a: Lunala|spa|1\n|-boost|p1a: Lunala|spd|1\n|\n|-heal|p1a: Lunala|258/308|[from] item: Leftovers\n|upkeep\n|turn|11\n|\n|t:|1781378854\n|move|p2a: Oricorio|Revelation Dance|p1a: Lunala\n|-damage|p1a: Lunala|159/308\n|move|p1a: Lunala|Calm Mind|p1a: Lunala\n|-boost|p1a: Lunala|spa|1\n|-boost|p1a: Lunala|spd|1\n|\n|-heal|p1a: Lunala|178/308|[from] item: Leftovers\n|upkeep\n|turn|12\n|\n|t:|1781378864\n|switch|p2a: Toedscruel|Toedscruel, L87, F|281/281\n|move|p1a: Lunala|Moonlight|p1a: Lunala\n|-heal|p1a: Lunala|308/308\n|\n|upkeep\n|turn|13\n|\n|t:|1781378877\n|move|p2a: Toedscruel|Knock Off|p1a: Lunala\n|-supereffective|p1a: Lunala\n|-damage|p1a: Lunala|160/308\n|-enditem|p1a: Lunala|Leftovers|[from] move: Knock Off|[of] p2a: Toedscruel\n|move|p1a: Lunala|Moongeist Beam|p2a: Toedscruel\n|-damage|p2a: Toedscruel|146/281\n|\n|upkeep\n|turn|14\n|\n|t:|1781378885\n|switch|p1a: Brute Bonnet|Brute Bonnet, L80|287/309\n|move|p2a: Toedscruel|Knock Off|p1a: Brute Bonnet\n|-resisted|p1a: Brute Bonnet\n|-damage|p1a: Brute Bonnet|258/309\n|-enditem|p1a: Brute Bonnet|Leftovers|[from] move: Knock Off|[of] p2a: Toedscruel\n|\n|upkeep\n|turn|15\n|\n|t:|1781378898\n|switch|p2a: Oricorio|Oricorio, L84, M|263/263\n|move|p1a: Brute Bonnet|Crunch|p2a: Oricorio\n|-damage|p2a: Oricorio|149/263\n|\n|upkeep\n|turn|16\n|inactive|funitoqw has 120 seconds left.\n|\n|t:|1781378929\n|-end|p1a: Brute Bonnet|Protosynthesis|[silent]\n|switch|p1a: Terrakion|Terrakion, L79|273/273\n|move|p2a: Oricorio|Quiver Dance|p2a: Oricorio\n|-boost|p2a: Oricorio|spa|1\n|-boost|p2a: Oricorio|spd|1\n|-boost|p2a: Oricorio|spe|1\n|\n|upkeep\n|turn|17\n|inactive|funitoqw has 120 seconds left.\n|\n|t:|1781378952\n|-terastallize|p1a: Terrakion|Fighting\n|move|p2a: Oricorio|Hurricane|p1a: Terrakion\n|-supereffective|p1a: Terrakion\n|-damage|p1a: Terrakion|0 fnt\n|faint|p1a: Terrakion\n|\n|upkeep\n|\n|t:|1781378966\n|switch|p1a: Lunala|Lunala, L70|160/308\n|turn|18\n|\n|t:|1781378979\n|move|p2a: Oricorio|Revelation Dance|p1a: Lunala\n|-damage|p1a: Lunala|4/308\n|move|p1a: Lunala|Moonlight|p1a: Lunala\n|-heal|p1a: Lunala|158/308\n|\n|upkeep\n|turn|19\n|\n|t:|1781378984\n|move|p2a: Oricorio|Revelation Dance|p1a: Lunala\n|-damage|p1a: Lunala|19/308\n|move|p1a: Lunala|Moonlight|p1a: Lunala\n|-heal|p1a: Lunala|173/308\n|\n|upkeep\n|turn|20\n|inactive|funitoqw has 120 seconds left.\n|\n|t:|1781378991\n|move|p2a: Oricorio|Revelation Dance|p1a: Lunala\n|-damage|p1a: Lunala|35/308\n|move|p1a: Lunala|Moonlight|p1a: Lunala\n|-heal|p1a: Lunala|189/308\n|\n|upkeep\n|turn|21\n|\n|t:|1781378996\n|move|p2a: Oricorio|Revelation Dance|p1a: Lunala\n|-damage|p1a: Lunala|35/308\n|move|p1a: Lunala|Moonlight|p1a: Lunala\n|-heal|p1a: Lunala|189/308\n|\n|upkeep\n|turn|22\n|\n|t:|1781379000\n|move|p2a: Oricorio|Revelation Dance|p1a: Lunala\n|-damage|p1a: Lunala|51/308\n|move|p1a: Lunala|Moonlight|p1a: Lunala\n|-heal|p1a: Lunala|205/308\n|\n|upkeep\n|turn|23\n|\n|t:|1781379004\n|move|p2a: Oricorio|Revelation Dance|p1a: Lunala\n|-damage|p1a: Lunala|54/308\n|move|p1a: Lunala|Moonlight|p1a: Lunala\n|-heal|p1a: Lunala|208/308\n|\n|upkeep\n|turn|24\n|\n|t:|1781379015\n|move|p2a: Oricorio|Revelation Dance|p1a: Lunala\n|-damage|p1a: Lunala|51/308\n|move|p1a: Lunala|Moonlight|p1a: Lunala\n|-heal|p1a: Lunala|205/308\n|\n|upkeep\n|turn|25\n|\n|t:|1781379041\n|move|p2a: Oricorio|Revelation Dance|p1a: Lunala\n|-damage|p1a: Lunala|61/308\n|move|p1a: Lunala|Psyshock|p2a: Oricorio\n|-damage|p2a: Oricorio|59/263\n|\n|upkeep\n|turn|26\n|inactive|funitoqw has 120 seconds left.\n|\n|t:|1781379059\n|switch|p1a: Polteageist|Polteageist, L78|222/222\n|move|p2a: Oricorio|Roost|p2a: Oricorio\n|-heal|p2a: Oricorio|191/263\n|-singleturn|p2a: Oricorio|move: Roost\n|\n|upkeep\n|turn|27\n|\n|t:|1781379072\n|move|p2a: Oricorio|Quiver Dance|p2a: Oricorio\n|-boost|p2a: Oricorio|spa|1\n|-boost|p2a: Oricorio|spd|1\n|-boost|p2a: Oricorio|spe|1\n|move|p1a: Polteageist|Shell Smash|p1a: Polteageist\n|-unboost|p1a: Polteageist|def|1\n|-unboost|p1a: Polteageist|spd|1\n|-boost|p1a: Polteageist|atk|2\n|-boost|p1a: Polteageist|spa|2\n|-boost|p1a: Polteageist|spe|2\n|-enditem|p1a: Polteageist|White Herb\n|-clearnegativeboost|p1a: Polteageist|[silent]\n|\n|upkeep\n|turn|28\n|\n|t:|1781379085\n|move|p2a: Oricorio|Revelation Dance|p1a: Polteageist\n|-damage|p1a: Polteageist|59/222\n|move|p1a: Polteageist|Stored Power|p2a: Oricorio\n|-damage|p2a: Oricorio|66/263\n|\n|upkeep\n|turn|29\n|\n|t:|1781379092\n|move|p2a: Oricorio|Revelation Dance|p1a: Polteageist\n|-damage|p1a: Polteageist|0 fnt\n|faint|p1a: Polteageist\n|\n|upkeep\n|\n|t:|1781379100\n|switch|p1a: Chien-Pao|Chien-Pao, L72|234/234\n|-ability|p1a: Chien-Pao|Sword of Ruin\n|turn|30\n|\n|t:|1781379104\n|move|p1a: Chien-Pao|Ice Shard|p2a: Oricorio\n|-damage|p2a: Oricorio|0 fnt\n|faint|p2a: Oricorio\n|\n|upkeep\n|\n|t:|1781379110\n|switch|p2a: Baxcalibur|Baxcalibur, L75, M|295/295\n|turn|31\n|\n|t:|1781379126\n|switch|p1a: Lunala|Lunala, L70|61/308\n|move|p2a: Baxcalibur|Swords Dance|p2a: Baxcalibur\n|-boost|p2a: Baxcalibur|atk|2\n|\n|upkeep\n|turn|32\n|\n|t:|1781379133\n|move|p1a: Lunala|Moongeist Beam|p2a: Baxcalibur\n|-damage|p2a: Baxcalibur|186/295\n|move|p2a: Baxcalibur|Scale Shot|p1a: Lunala\n|-damage|p1a: Lunala|0 fnt\n|faint|p1a: Lunala\n|-hitcount|p1: Lunala|1\n|-unboost|p2a: Baxcalibur|def|1\n|-boost|p2a: Baxcalibur|spe|1\n|\n|upkeep\n|\n|t:|1781379155\n|switch|p1a: Brute Bonnet|Brute Bonnet, L80|258/309\n|turn|33\n|\n|t:|1781379162\n|move|p1a: Brute Bonnet|Sucker Punch|p2a: Baxcalibur\n|-damage|p2a: Baxcalibur|57/295\n|move|p2a: Baxcalibur|Icicle Spear|p1a: Brute Bonnet\n|-supereffective|p1a: Brute Bonnet\n|-damage|p1a: Brute Bonnet|144/309\n|-supereffective|p1a: Brute Bonnet\n|-damage|p1a: Brute Bonnet|36/309\n|-supereffective|p1a: Brute Bonnet\n|-damage|p1a: Brute Bonnet|0 fnt\n|faint|p1a: Brute Bonnet\n|-end|p1a: Brute Bonnet|Protosynthesis|[silent]\n|-hitcount|p1: Brute Bonnet|3\n|\n|upkeep\n|\n|t:|1781379168\n|switch|p1a: Chien-Pao|Chien-Pao, L72|234/234\n|-ability|p1a: Chien-Pao|Sword of Ruin\n|turn|34\n|\n|t:|1781379175\n|move|p1a: Chien-Pao|Ice Shard|p2a: Baxcalibur\n|-damage|p2a: Baxcalibur|0 fnt\n|faint|p2a: Baxcalibur\n|\n|upkeep\n|\n|t:|1781379179\n|switch|p2a: Tyranitar|Tyranitar, L78, M|284/284\n|-weather|Sandstorm|[from] ability: Sand Stream|[of] p2a: Tyranitar\n|turn|35\n|\n|t:|1781379187\n|switch|p1a: Iron Moth|Iron Moth, L78|253/253\n|move|p2a: Tyranitar|Dragon Dance|p2a: Tyranitar\n|-boost|p2a: Tyranitar|atk|1\n|-boost|p2a: Tyranitar|spe|1\n|\n|-weather|Sandstorm|[upkeep]\n|-damage|p1a: Iron Moth|238/253|[from] Sandstorm\n|upkeep\n|turn|36\n|\n|t:|1781379207\n|move|p1a: Iron Moth|Sludge Wave|p2a: Tyranitar\n|-resisted|p2a: Tyranitar\n|-damage|p2a: Tyranitar|246/284\n|move|p2a: Tyranitar|Dragon Dance|p2a: Tyranitar\n|-boost|p2a: Tyranitar|atk|1\n|-boost|p2a: Tyranitar|spe|1\n|\n|-weather|Sandstorm|[upkeep]\n|-damage|p1a: Iron Moth|223/253|[from] Sandstorm\n|upkeep\n|turn|37\n|\n|t:|1781379214\n|move|p2a: Tyranitar|Earthquake|p1a: Iron Moth\n|-supereffective|p1a: Iron Moth\n|-damage|p1a: Iron Moth|0 fnt\n|faint|p1a: Iron Moth\n|-end|p1a: Iron Moth|Quark Drive|[silent]\n|\n|-weather|Sandstorm|[upkeep]\n|upkeep\n|\n|t:|1781379217\n|switch|p1a: Chien-Pao|Chien-Pao, L72|234/234\n|-ability|p1a: Chien-Pao|Sword of Ruin\n|turn|38\n|\n|t:|1781379227\n|move|p2a: Tyranitar|Earthquake|p1a: Chien-Pao\n|-damage|p1a: Chien-Pao|30/234\n|move|p1a: Chien-Pao|Sacred Sword|p2a: Tyranitar\n|-supereffective|p2a: Tyranitar\n|-damage|p2a: Tyranitar|0 fnt\n|faint|p2a: Tyranitar\n|\n|-weather|Sandstorm|[upkeep]\n|-damage|p1a: Chien-Pao|16/234|[from] Sandstorm\n|upkeep\n|\n|t:|1781379233\n|switch|p2a: Toedscruel|Toedscruel, L87, F|146/281\n|turn|39\n|\n|t:|1781379245\n|move|p1a: Chien-Pao|Sacred Sword|p2a: Toedscruel\n|-damage|p2a: Toedscruel|18/281\n|move|p2a: Toedscruel|Earth Power|p1a: Chien-Pao\n|-damage|p1a: Chien-Pao|0 fnt\n|faint|p1a: Chien-Pao\n|\n|win|WhatEver2102\n", "inputlog": ">version a8376a258c1d4662feba110a92103f3664a72141\n>start {\"formatid\":\"gen9randombattle\",\"seed\":\"sodium,5335e003c2f0eb50c4ba34efb26e6bfc\",\"rated\":\"Rated battle\"}\n>player p1 {\"name\":\"funitoqw\",\"avatar\":\"101\",\"rating\":1929,\"seed\":\"sodium,675536a75bc5f5f491f5b35d75b90d08\"}\n>player p2 {\"name\":\"WhatEver2102\",\"avatar\":\"juan\",\"rating\":1996,\"seed\":\"sodium,82c9ecf1a5a954eeadd11ca4f026b697\"}\n>p1 switch 4\n>p2 move earthquake\n>p1 move seedbomb\n>p2 switch 2\n>p1 move spore\n>p2 switch 2\n>p1 switch 2\n>p2 switch 2\n>p1 move iciclecrash\n>p2 move dragondance\n>p1 switch 2\n>p2 move waterfall\n>p1 move suckerpunch\n>p2 move stoneedge\n>p2 switch 4\n>p1 switch 6\n>p2 move quiverdance\n>p1 move calmmind\n>p2 move quiverdance\n>p1 move calmmind\n>p2 move revelationdance\n>p1 move calmmind\n>p2 move revelationdance\n>p1 move moonlight\n>p2 switch 3\n>p1 move moongeistbeam\n>p2 move knockoff\n>p1 switch 6\n>p2 move knockoff\n>p1 move crunch\n>p2 switch 3\n>p1 switch 4\n>p2 move quiverdance\n>p1 move closecombat terastallize\n>p2 move hurricane\n>p1 switch 6\n>p1 move moonlight\n>p2 move revelationdance\n>p1 move moonlight\n>p2 move revelationdance\n>p1 move moonlight\n>p2 move revelationdance\n>p1 move moonlight\n>p2 move revelationdance\n>p1 move moonlight\n>p2 move revelationdance\n>p1 move moonlight\n>p2 move revelationdance\n>p1 move moonlight\n>p2 move revelationdance\n>p1 move psyshock\n>p2 move revelationdance\n>p1 switch 5\n>p2 move roost\n>p1 move shellsmash\n>p2 move quiverdance\n>p1 move storedpower\n>p2 move revelationdance\n>p1 move storedpower\n>p2 move revelationdance\n>p1 switch 2\n>p1 move iceshard\n>p2 move roost\n>p2 switch 5\n>p1 switch 5\n>p2 move swordsdance\n>p1 move moongeistbeam\n>p2 move scaleshot\n>p1 switch 4\n>p1 move suckerpunch\n>p2 move iciclespear\n>p1 switch 5\n>p1 move iceshard\n>p2 move scaleshot\n>p2 switch 6\n>p1 switch 3\n>p2 move dragondance\n>p1 move sludgewave\n>p2 move dragondance\n>p1 move sludgewave\n>p2 move earthquake\n>p1 switch 3\n>p1 move sacredsword\n>p2 move earthquake\n>p2 switch 3\n>p1 move sacredsword\n>p2 move earthpower", "uploadtime": 1781378612, "views": 7, "formatid": "gen9randombattle", "rating": null, "private": 0, "password": null}