{"id": "gen9randombattle-2631913231", "format": "[Gen 9] Random Battle", "players": ["Elite 4 Anubis", "JustHaxRelax"], "log": "|j|\u2606Elite 4 Anubis\n|j|\u2606JustHaxRelax\n|t:|1781454972\n|gametype|singles\n|player|p1|Elite 4 Anubis|265|2229\n|player|p2|JustHaxRelax|169|2264\n|gen|9\n|tier|[Gen 9] Random Battle\n|rated|\n|rule|Species Clause: Limit one of each Pok\u00e9mon\n|rule|HP Percentage Mod: HP is shown in percentages\n|rule|Sleep Clause Mod: Limit one foe put to sleep\n|rule|Illusion Level Mod: Illusion disguises the Pok\u00e9mon's true level\n|\n|t:|1781454972\n|teamsize|p1|6\n|teamsize|p2|6\n|start\n|switch|p1a: Eternatus|Eternatus, L69|308/308\n|switch|p2a: Sandslash|Sandslash, L89, M|278/278\n|-ability|p1a: Eternatus|Pressure\n|turn|1\n|inactive|Battle timer is ON: inactive players will automatically lose when time's up. (requested by Elite 4 Anubis)\n|\n|t:|1781454997\n|switch|p1a: Articuno|Articuno, L86|295/295\n|-ability|p1a: Articuno|Pressure\n|move|p2a: Sandslash|Knock Off|p1a: Articuno\n|-damage|p1a: Articuno|226/295\n|-enditem|p1a: Articuno|Heavy-Duty Boots|[from] move: Knock Off|[of] p2a: Sandslash\n|\n|upkeep\n|turn|2\n|\n|t:|1781455010\n|switch|p2a: Scream Tail|Scream Tail, L84|330/330\n|move|p1a: Articuno|Freeze-Dry|p2a: Scream Tail\n|-damage|p2a: Scream Tail|263/330\n|\n|-heal|p2a: Scream Tail|283/330|[from] item: Leftovers\n|upkeep\n|turn|3\n|\n|t:|1781455022\n|switch|p1a: Dugtrio|Dugtrio, L84, M|196/196\n|move|p2a: Scream Tail|Thunder Wave|p1a: Dugtrio\n|-immune|p1a: Dugtrio\n|\n|-heal|p2a: Scream Tail|303/330|[from] item: Leftovers\n|upkeep\n|turn|4\n|\n|t:|1781455043\n|move|p1a: Dugtrio|Swords Dance|p1a: Dugtrio\n|-boost|p1a: Dugtrio|atk|2\n|move|p2a: Scream Tail|Wish|p2a: Scream Tail\n|\n|-heal|p2a: Scream Tail|323/330|[from] item: Leftovers\n|upkeep\n|turn|5\n|\n|t:|1781455049\n|move|p1a: Dugtrio|Swords Dance|p1a: Dugtrio\n|-boost|p1a: Dugtrio|atk|2\n|move|p2a: Scream Tail|Dazzling Gleam|p1a: Dugtrio\n|-damage|p1a: Dugtrio|117/196\n|\n|-heal|p2a: Scream Tail|330/330|[from] move: Wish|[wisher] Scream Tail\n|upkeep\n|turn|6\n|\n|t:|1781455055\n|move|p1a: Dugtrio|Earthquake|p2a: Scream Tail\n|-damage|p2a: Scream Tail|0 fnt\n|faint|p2a: Scream Tail\n|-end|p2a: Scream Tail|Protosynthesis|[silent]\n|-damage|p1a: Dugtrio|98/196|[from] item: Life Orb\n|\n|upkeep\n|\n|t:|1781455065\n|switch|p2a: Lucario|Lucario, L84, F|255/255\n|turn|7\n|\n|t:|1781455083\n|move|p2a: Lucario|Extreme Speed|p1a: Dugtrio\n|-crit|p1a: Dugtrio\n|-damage|p1a: Dugtrio|0 fnt\n|faint|p1a: Dugtrio\n|-damage|p2a: Lucario|230/255|[from] item: Life Orb\n|\n|upkeep\n|\n|t:|1781455101\n|switch|p1a: Flamigo|Flamigo, L82, M|269/269\n|turn|8\n|inactive|JustHaxRelax has 120 seconds left.\n|\n|t:|1781455135\n|move|p2a: Lucario|Extreme Speed|p1a: Flamigo\n|-damage|p1a: Flamigo|166/269\n|-damage|p2a: Lucario|205/255|[from] item: Life Orb\n|move|p1a: Flamigo|Close Combat|p2a: Lucario\n|-supereffective|p2a: Lucario\n|-damage|p2a: Lucario|0 fnt\n|-unboost|p1a: Flamigo|def|1\n|-unboost|p1a: Flamigo|spd|1\n|faint|p2a: Lucario\n|-damage|p1a: Flamigo|140/269|[from] item: Life Orb\n|\n|upkeep\n|inactive|JustHaxRelax has 120 seconds left.\n|inactive|JustHaxRelax has 90 seconds left.\n|\n|t:|1781455174\n|switch|p2a: Iron Hands|Iron Hands, L79|373/373\n|turn|9\n|\n|t:|1781455188\n|move|p1a: Flamigo|Brave Bird|p2a: Iron Hands\n|-damage|p2a: Iron Hands|221/373\n|-damage|p1a: Flamigo|90/269|[from] Recoil\n|-damage|p1a: Flamigo|64/269|[from] item: Life Orb\n|move|p2a: Iron Hands|Ice Punch|p1a: Flamigo\n|-supereffective|p1a: Flamigo\n|-damage|p1a: Flamigo|0 fnt\n|faint|p1a: Flamigo\n|\n|-heal|p2a: Iron Hands|244/373|[from] item: Leftovers\n|upkeep\n|\n|t:|1781455205\n|switch|p1a: Eternatus|Eternatus, L69|308/308\n|-ability|p1a: Eternatus|Pressure\n|turn|10\n|inactive|JustHaxRelax has 90 seconds left.\n|\n|t:|1781455236\n|-end|p2a: Iron Hands|Quark Drive|[silent]\n|switch|p2a: Sandslash|Sandslash, L89, M|278/278\n|move|p1a: Eternatus|Toxic Spikes|p2a: Sandslash\n|-sidestart|p2: JustHaxRelax|move: Toxic Spikes\n|\n|upkeep\n|turn|11\n|inactive|JustHaxRelax has 90 seconds left.\n|\n|t:|1781455248\n|switch|p1a: Kyurem|Kyurem, L77|319/319\n|-ability|p1a: Kyurem|Pressure\n|move|p2a: Sandslash|Rapid Spin|p1a: Kyurem\n|-damage|p1a: Kyurem|275/319\n|-boost|p2a: Sandslash|spe|1\n|-sideend|p2: JustHaxRelax|Toxic Spikes|[from] move: Rapid Spin|[of] p2a: Sandslash\n|\n|upkeep\n|turn|12\n|inactive|JustHaxRelax has 90 seconds left.\n|\n|t:|1781455261\n|move|p2a: Sandslash|Stone Edge|p1a: Kyurem\n|-supereffective|p1a: Kyurem\n|-damage|p1a: Kyurem|109/319\n|move|p1a: Kyurem|Ice Beam|p2a: Sandslash\n|-supereffective|p2a: Sandslash\n|-damage|p2a: Sandslash|102/278\n|\n|upkeep\n|turn|13\n|\n|t:|1781455268\n|move|p2a: Sandslash|Earthquake|p1a: Kyurem\n|-damage|p1a: Kyurem|0 fnt\n|faint|p1a: Kyurem\n|\n|upkeep\n|\n|t:|1781455270\n|switch|p1a: Porygon-Z|Porygon-Z, L83|277/277\n|turn|14\n|\n|t:|1781455280\n|move|p2a: Sandslash|Earthquake|p1a: Porygon-Z\n|-damage|p1a: Porygon-Z|136/277\n|move|p1a: Porygon-Z|Agility|p1a: Porygon-Z\n|-boost|p1a: Porygon-Z|spe|2\n|\n|upkeep\n|turn|15\n|\n|t:|1781455285\n|move|p1a: Porygon-Z|Tera Blast|p2a: Sandslash\n|-crit|p2a: Sandslash\n|-damage|p2a: Sandslash|0 fnt\n|faint|p2a: Sandslash\n|-damage|p1a: Porygon-Z|109/277|[from] item: Life Orb\n|\n|upkeep\n|\n|t:|1781455294\n|switch|p2a: Iron Hands|Iron Hands, L79|244/373\n|turn|16\n|\n|t:|1781455307\n|move|p1a: Porygon-Z|Tera Blast|p2a: Iron Hands\n|-damage|p2a: Iron Hands|0 fnt\n|faint|p2a: Iron Hands\n|-end|p2a: Iron Hands|Quark Drive|[silent]\n|-damage|p1a: Porygon-Z|82/277|[from] item: Life Orb\n|\n|upkeep\n|-message|JustHaxRelax forfeited.\n|\n|win|Elite 4 Anubis\n", "inputlog": ">version a8376a258c1d4662feba110a92103f3664a72141\n>start {\"formatid\":\"gen9randombattle\",\"seed\":\"sodium,98e339c86dfe0ade5cfd2bc135085ac5\",\"rated\":\"Rated battle\"}\n>player p1 {\"name\":\"Elite 4 Anubis\",\"avatar\":\"265\",\"rating\":2229,\"seed\":\"sodium,e14b5fb6047e6eafd7089f2f853139f3\"}\n>player p2 {\"name\":\"JustHaxRelax\",\"avatar\":\"169\",\"rating\":2264,\"seed\":\"sodium,a74cdbb3e688be5751f36279fad96046\"}\n>p1 switch 2\n>p2 move knockoff\n>p1 move freezedry\n>p2 switch 5\n>p1 switch 5\n>p2 move thunderwave\n>p1 move swordsdance\n>p2 move wish\n>p1 move swordsdance\n>p2 move dazzlinggleam\n>p1 move earthquake\n>p2 move dazzlinggleam\n>p2 switch 2\n>p1 move earthquake\n>p2 move extremespeed\n>p1 switch 4\n>p1 move closecombat\n>p2 move extremespeed\n>p2 switch 6\n>p1 move bravebird\n>p2 move icepunch\n>p1 switch 2\n>p1 move toxicspikes\n>p2 switch 5\n>p1 switch 6\n>p2 move rapidspin\n>p1 move icebeam\n>p2 move stoneedge\n>p1 move icebeam\n>p2 move earthquake\n>p1 switch 3\n>p1 move agility\n>p2 move earthquake\n>p1 move terablast\n>p2 move earthquake\n>p2 switch 5\n>p1 move terablast\n>p2 move drainpunch\n>forcelose p2", "uploadtime": 1781454974, "views": 5, "formatid": "gen9randombattle", "rating": null, "private": 0, "password": null}