{"id": "gen9randombattle-2631505281", "format": "[Gen 9] Random Battle", "players": ["TheSkiDY", "Arionblue_practice"], "log": "|j|\u2606TheSkiDY\n|j|\u2606Arionblue_practice\n|t:|1781393696\n|gametype|singles\n|player|p1|TheSkiDY|backersf|1920\n|player|p2|Arionblue_practice|acetrainer-gen4dp|1867\n|gen|9\n|tier|[Gen 9] Random Battle\n|rated|\n|rule|Species Clause: Limit one of each Pok\u00e9mon\n|rule|HP Percentage Mod: HP is shown in percentages\n|rule|Sleep Clause Mod: Limit one foe put to sleep\n|rule|Illusion Level Mod: Illusion disguises the Pok\u00e9mon's true level\n|\n|t:|1781393696\n|teamsize|p1|6\n|teamsize|p2|6\n|start\n|switch|p1a: Virizion|Virizion, L82|283/283\n|switch|p2a: Torterra|Torterra, L78, M|276/276\n|turn|1\n|\n|t:|1781393732\n|switch|p1a: Sableye|Sableye, L88, F|231/231\n|move|p2a: Torterra|Headlong Rush|p1a: Sableye\n|-damage|p1a: Sableye|105/231\n|-unboost|p2a: Torterra|def|1\n|-unboost|p2a: Torterra|spd|1\n|\n|-heal|p1a: Sableye|119/231|[from] item: Leftovers\n|upkeep\n|turn|2\n|\n|t:|1781393750\n|switch|p1a: Virizion|Virizion, L82|283/283\n|switch|p2a: Eelektross|Eelektross, L87, M|290/290\n|\n|upkeep\n|turn|3\n|\n|t:|1781393761\n|move|p1a: Virizion|Swords Dance|p1a: Virizion\n|-boost|p1a: Virizion|atk|2\n|move|p2a: Eelektross|Flamethrower|p1a: Virizion\n|-supereffective|p1a: Virizion\n|-damage|p1a: Virizion|175/283\n|\n|upkeep\n|turn|4\n|\n|t:|1781393773\n|move|p1a: Virizion|Close Combat|p2a: Eelektross\n|-damage|p2a: Eelektross|0 fnt\n|-unboost|p1a: Virizion|def|1\n|-unboost|p1a: Virizion|spd|1\n|faint|p2a: Eelektross\n|-damage|p1a: Virizion|147/283|[from] item: Life Orb\n|\n|upkeep\n|\n|t:|1781393787\n|switch|p2a: Torterra|Torterra, L78, M|276/276\n|turn|5\n|\n|t:|1781393793\n|move|p1a: Virizion|Close Combat|p2a: Torterra\n|-damage|p2a: Torterra|17/276\n|-unboost|p1a: Virizion|def|1\n|-unboost|p1a: Virizion|spd|1\n|-damage|p1a: Virizion|119/283|[from] item: Life Orb\n|move|p2a: Torterra|Shell Smash|p2a: Torterra\n|-unboost|p2a: Torterra|def|1\n|-unboost|p2a: Torterra|spd|1\n|-boost|p2a: Torterra|atk|2\n|-boost|p2a: Torterra|spa|2\n|-boost|p2a: Torterra|spe|2\n|\n|upkeep\n|turn|6\n|\n|t:|1781393805\n|move|p2a: Torterra|Bullet Seed|p1a: Virizion\n|-resisted|p1a: Virizion\n|-damage|p1a: Virizion|35/283\n|-resisted|p1a: Virizion\n|-damage|p1a: Virizion|0 fnt\n|faint|p1a: Virizion\n|-hitcount|p1: Virizion|2\n|\n|upkeep\n|\n|t:|1781393825\n|switch|p1a: Sableye|Sableye, L88, F|119/231\n|turn|7\n|\n|t:|1781393832\n|move|p1a: Sableye|Encore|p2a: Torterra\n|-start|p2a: Torterra|Encore\n|move|p2a: Torterra|Bullet Seed|p1a: Sableye\n|-damage|p1a: Sableye|43/231\n|-damage|p1a: Sableye|0 fnt\n|faint|p1a: Sableye\n|-hitcount|p1: Sableye|2\n|\n|upkeep\n|\n|t:|1781393835\n|switch|p1a: Oricorio|Oricorio-Pa'u, L87, F|272/272\n|turn|8\n|\n|t:|1781393842\n|move|p2a: Torterra|Bullet Seed|p1a: Oricorio\n|-resisted|p1a: Oricorio\n|-damage|p1a: Oricorio|227/272\n|-resisted|p1a: Oricorio\n|-damage|p1a: Oricorio|182/272\n|-resisted|p1a: Oricorio\n|-damage|p1a: Oricorio|142/272\n|-resisted|p1a: Oricorio\n|-damage|p1a: Oricorio|96/272\n|-hitcount|p1a: Oricorio|4\n|move|p1a: Oricorio|Quiver Dance|p1a: Oricorio\n|-boost|p1a: Oricorio|spa|1\n|-boost|p1a: Oricorio|spd|1\n|-boost|p1a: Oricorio|spe|1\n|\n|upkeep\n|turn|9\n|\n|t:|1781393846\n|move|p1a: Oricorio|Revelation Dance|p2a: Torterra\n|-damage|p2a: Torterra|0 fnt\n|faint|p2a: Torterra\n|\n|upkeep\n|\n|t:|1781393850\n|switch|p2a: Giratina|Giratina-Origin, L72|335/335\n|turn|10\n|\n|t:|1781393864\n|switch|p1a: Groudon|Groudon, L72|263/263\n|-weather|SunnyDay|[from] ability: Drought|[of] p1a: Groudon\n|move|p2a: Giratina|Poltergeist|p1a: Groudon\n|-activate|p1a: Groudon|move: Poltergeist|Leftovers\n|-damage|p1a: Groudon|161/263\n|\n|-weather|SunnyDay|[upkeep]\n|-heal|p1a: Groudon|177/263|[from] item: Leftovers\n|upkeep\n|turn|11\n|\n|t:|1781393868\n|move|p1a: Groudon|Thunder Wave|p2a: Giratina|[miss]\n|-miss|p1a: Groudon|p2a: Giratina\n|move|p2a: Giratina|Dragon Tail|p1a: Groudon\n|-damage|p1a: Groudon|119/263\n|drag|p1a: Walking Wake|Walking Wake, L79|286/286\n|-activate|p1a: Walking Wake|ability: Protosynthesis\n|-start|p1a: Walking Wake|protosynthesisspa\n|\n|-weather|SunnyDay|[upkeep]\n|upkeep\n|turn|12\n|\n|t:|1781393897\n|move|p1a: Walking Wake|Draco Meteor|p2a: Giratina\n|-supereffective|p2a: Giratina\n|-damage|p2a: Giratina|0 fnt\n|-unboost|p1a: Walking Wake|spa|2\n|faint|p2a: Giratina\n|\n|-weather|SunnyDay|[upkeep]\n|upkeep\n|\n|t:|1781393905\n|switch|p2a: Decidueye|Decidueye-Hisui, L87, F|295/295\n|turn|13\n|\n|t:|1781393913\n|-end|p1a: Walking Wake|Protosynthesis|[silent]\n|switch|p1a: Oricorio|Oricorio-Pa'u, L87, F|96/272\n|move|p2a: Decidueye|Triple Arrows|p1a: Oricorio\n|-resisted|p1a: Oricorio\n|-damage|p1a: Oricorio|62/272\n|-unboost|p1a: Oricorio|def|1\n|\n|-weather|SunnyDay|[upkeep]\n|upkeep\n|turn|14\n|\n|t:|1781393923\n|move|p1a: Oricorio|Roost|p1a: Oricorio\n|-heal|p1a: Oricorio|198/272\n|-singleturn|p1a: Oricorio|move: Roost\n|move|p2a: Decidueye|U-turn|p1a: Oricorio\n|-supereffective|p1a: Oricorio\n|-damage|p1a: Oricorio|0 fnt\n|faint|p1a: Oricorio\n|\n|t:|1781393926\n|switch|p2a: Mabosstiff|Mabosstiff, L86, M|278/278|[from] U-turn\n|\n|-weather|none\n|upkeep\n|\n|t:|1781393933\n|switch|p1a: Groudon|Groudon, L72|119/263\n|-weather|SunnyDay|[from] ability: Drought|[of] p1a: Groudon\n|turn|15\n|\n|t:|1781393939\n|move|p2a: Mabosstiff|Crunch|p1a: Groudon\n|-damage|p1a: Groudon|0 fnt\n|faint|p1a: Groudon\n|\n|-weather|SunnyDay|[upkeep]\n|upkeep\n|\n|t:|1781393945\n|switch|p1a: Walking Wake|Walking Wake, L79|286/286\n|-activate|p1a: Walking Wake|ability: Protosynthesis\n|-start|p1a: Walking Wake|protosynthesisspa\n|turn|16\n|\n|t:|1781393957\n|-terastallize|p1a: Walking Wake|Water\n|move|p1a: Walking Wake|Hydro Pump|p2a: Mabosstiff\n|-damage|p2a: Mabosstiff|106/278\n|move|p2a: Mabosstiff|Crunch|p1a: Walking Wake\n|-damage|p1a: Walking Wake|130/286\n|\n|-weather|SunnyDay|[upkeep]\n|upkeep\n|turn|17\n|\n|t:|1781393965\n|move|p1a: Walking Wake|Hydro Pump|p2a: Mabosstiff|[miss]\n|-miss|p1a: Walking Wake|p2a: Mabosstiff\n|move|p2a: Mabosstiff|Crunch|p1a: Walking Wake\n|-damage|p1a: Walking Wake|0 fnt\n|faint|p1a: Walking Wake\n|-end|p1a: Walking Wake|Protosynthesis|[silent]\n|\n|-weather|SunnyDay|[upkeep]\n|upkeep\n|l|\u2606Arionblue_practice\n|player|p2|\n|-message|TheSkiDY forfeited.\n|\n|win|Arionblue_practice\n|raw|TheSkiDY's rating: 1920 &rarr; <strong>1897</strong><br />(-23 for losing)\n|raw|Arionblue_practice's rating: 1867 &rarr; <strong>1890</strong><br />(+23 for winning)\n", "inputlog": ">version a8376a258c1d4662feba110a92103f3664a72141\n>start {\"formatid\":\"gen9randombattle\",\"seed\":\"sodium,7e1786da9b6741b550672172966468f0\",\"rated\":\"Rated battle\"}\n>player p1 {\"name\":\"TheSkiDY\",\"avatar\":\"backersf\",\"rating\":1920,\"seed\":\"sodium,f74605f4c24df3a3f2a9c2fd759e6850\"}\n>player p2 {\"name\":\"Arionblue_practice\",\"avatar\":\"acetrainer-gen4dp\",\"rating\":1867,\"seed\":\"sodium,a1c87bc2abeee9d9a490842c1227765c\"}\n>p1 switch 6\n>p2 move headlongrush\n>p1 switch 6\n>p2 switch 3\n>p1 move swordsdance\n>p2 move flamethrower\n>p1 move closecombat\n>p2 move flamethrower\n>p2 switch 3\n>p1 move closecombat\n>p2 move shellsmash\n>p1 move closecombat\n>p2 move bulletseed\n>p1 switch 6\n>p1 move encore\n>p2 move bulletseed\n>p1 switch 2\n>p1 move quiverdance\n>p2 move bulletseed\n>p1 move revelationdance\n>p2 move bulletseed\n>p2 switch 5\n>p1 switch 3\n>p2 move poltergeist\n>p1 move thunderwave\n>p2 move dragontail\n>p1 move dracometeor\n>p2 move dracometeor\n>p2 switch 4\n>p1 switch 3\n>p2 move triplearrows\n>p1 move roost\n>p2 move uturn\n>p2 switch 6\n>p1 switch 5\n>p1 move thunderwave\n>p2 move crunch\n>p1 switch 3\n>p1 move hydropump terastallize\n>p2 move crunch\n>p1 move hydropump\n>p2 move crunch\n>forcelose p1", "uploadtime": 1781393972, "views": 4, "formatid": "gen9randombattle", "rating": 1890, "private": 0, "password": null}