{"id": "gen9randombattle-2631374351", "format": "[Gen 9] Random Battle", "players": ["pastorulipal", "bluffmepls"], "log": "|j|\u2606pastorulipal\n|j|\u2606bluffmepls\n|t:|1781377124\n|gametype|singles\n|player|p1|pastorulipal|acetrainer-gen4dp|2067\n|player|p2|bluffmepls|170|2231\n|gen|9\n|tier|[Gen 9] Random Battle\n|rated|\n|rule|Species Clause: Limit one of each Pok\u00e9mon\n|rule|HP Percentage Mod: HP is shown in percentages\n|rule|Sleep Clause Mod: Limit one foe put to sleep\n|rule|Illusion Level Mod: Illusion disguises the Pok\u00e9mon's true level\n|\n|t:|1781377124\n|teamsize|p1|6\n|teamsize|p2|6\n|start\n|switch|p1a: Girafarig|Girafarig, L89, M|269/269\n|switch|p2a: Toedscruel|Toedscruel, L87, M|281/281\n|turn|1\n|inactive|Battle timer is ON: inactive players will automatically lose when time's up. (requested by bluffmepls)\n|inactive|pastorulipal has 120 seconds left.\n|\n|t:|1781377161\n|move|p2a: Toedscruel|Knock Off|p1a: Girafarig\n|-supereffective|p1a: Girafarig\n|-damage|p1a: Girafarig|169/269\n|-enditem|p1a: Girafarig|Eviolite|[from] move: Knock Off|[of] p2a: Toedscruel\n|move|p1a: Girafarig|Nasty Plot|p1a: Girafarig\n|-boost|p1a: Girafarig|spa|2\n|\n|upkeep\n|turn|2\n|\n|t:|1781377178\n|move|p2a: Toedscruel|Earth Power|p1a: Girafarig\n|-damage|p1a: Girafarig|57/269\n|move|p1a: Girafarig|Psyshock|p2a: Toedscruel\n|-damage|p2a: Toedscruel|59/281\n|\n|upkeep\n|turn|3\n|inactive|pastorulipal has 120 seconds left.\n|\n|t:|1781377211\n|move|p2a: Toedscruel|Knock Off|p1a: Girafarig\n|-supereffective|p1a: Girafarig\n|-damage|p1a: Girafarig|0 fnt\n|faint|p1a: Girafarig\n|\n|upkeep\n|inactive|pastorulipal has 120 seconds left.\n|\n|t:|1781377223\n|switch|p1a: Roaring Moon|Roaring Moon, L72|270/270\n|-enditem|p1a: Roaring Moon|Booster Energy\n|-activate|p1a: Roaring Moon|ability: Protosynthesis|[fromitem]\n|-start|p1a: Roaring Moon|protosynthesisatk\n|turn|4\n|inactive|pastorulipal has 120 seconds left.\n|\n|t:|1781377246\n|switch|p2a: Dunsparce|Dunsparce, L86, M|312/312\n|move|p1a: Roaring Moon|Knock Off|p2a: Dunsparce\n|-damage|p2a: Dunsparce|216/312\n|-enditem|p2a: Dunsparce|Eviolite|[from] move: Knock Off|[of] p1a: Roaring Moon\n|\n|upkeep\n|turn|5\n|inactive|pastorulipal has 120 seconds left.\n|\n|t:|1781377267\n|move|p1a: Roaring Moon|Dragon Dance|p1a: Roaring Moon\n|-boost|p1a: Roaring Moon|atk|1\n|-boost|p1a: Roaring Moon|spe|1\n|move|p2a: Dunsparce|Body Slam|p1a: Roaring Moon\n|-damage|p1a: Roaring Moon|168/270\n|-status|p1a: Roaring Moon|par\n|\n|upkeep\n|turn|6\n|\n|t:|1781377276\n|move|p1a: Roaring Moon|Outrage|p2a: Dunsparce\n|-damage|p2a: Dunsparce|0 fnt\n|faint|p2a: Dunsparce\n|\n|upkeep\n|\n|t:|1781377287\n|switch|p2a: Vivillon|Vivillon-Ocean, L83, M|268/268\n|turn|7\n|\n|t:|1781377290\n|move|p2a: Vivillon|Bug Buzz|p1a: Roaring Moon\n|-supereffective|p1a: Roaring Moon\n|-damage|p1a: Roaring Moon|0 fnt\n|faint|p1a: Roaring Moon\n|-end|p1a: Roaring Moon|Protosynthesis|[silent]\n|\n|upkeep\n|\n|t:|1781377301\n|switch|p1a: Typhlosion|Typhlosion-Hisui, L83, F|257/257\n|turn|8\n|\n|t:|1781377312\n|switch|p2a: Delphox|Delphox, L84, F|263/263\n|move|p1a: Typhlosion|Calm Mind|p1a: Typhlosion\n|-boost|p1a: Typhlosion|spa|1\n|-boost|p1a: Typhlosion|spd|1\n|\n|upkeep\n|turn|9\n|\n|t:|1781377328\n|move|p2a: Delphox|Psyshock|p1a: Typhlosion\n|-damage|p1a: Typhlosion|146/257\n|move|p1a: Typhlosion|Shadow Ball|p2a: Delphox\n|-supereffective|p2a: Delphox\n|-damage|p2a: Delphox|0 fnt\n|faint|p2a: Delphox\n|\n|upkeep\n|\n|t:|1781377330\n|switch|p2a: Toedscruel|Toedscruel, L87, M|59/281\n|turn|10\n|\n|t:|1781377338\n|move|p2a: Toedscruel|Knock Off|p1a: Typhlosion\n|-supereffective|p1a: Typhlosion\n|-damage|p1a: Typhlosion|20/257\n|-enditem|p1a: Typhlosion|Heavy-Duty Boots|[from] move: Knock Off|[of] p2a: Toedscruel\n|move|p1a: Typhlosion|Shadow Ball|p2a: Toedscruel\n|-damage|p2a: Toedscruel|0 fnt\n|faint|p2a: Toedscruel\n|\n|upkeep\n|\n|t:|1781377343\n|switch|p2a: Pachirisu|Pachirisu, L96, M|271/271\n|turn|11\n|\n|t:|1781377352\n|switch|p1a: Rhydon|Rhydon, L85, M|317/317\n|move|p2a: Pachirisu|Discharge|p1a: Rhydon\n|-ability|p1a: Rhydon|Lightning Rod|boost\n|-boost|p1a: Rhydon|spa|1\n|\n|upkeep\n|turn|12\n|\n|t:|1781377367\n|move|p2a: Pachirisu|Super Fang|p1a: Rhydon|[miss]\n|-miss|p2a: Pachirisu|p1a: Rhydon\n|move|p1a: Rhydon|Stone Edge|p2a: Pachirisu\n|-damage|p2a: Pachirisu|136/271\n|\n|upkeep\n|turn|13\n|\n|t:|1781377389\n|move|p2a: Pachirisu|Super Fang|p1a: Rhydon\n|-damage|p1a: Rhydon|159/317\n|move|p1a: Rhydon|Earthquake|p2a: Pachirisu\n|-supereffective|p2a: Pachirisu\n|-damage|p2a: Pachirisu|0 fnt\n|faint|p2a: Pachirisu\n|\n|upkeep\n|\n|t:|1781377395\n|switch|p2a: Cryogonal|Cryogonal, L89|287/287\n|turn|14\n|inactive|pastorulipal has 120 seconds left.\n|inactive|pastorulipal has 90 seconds left.\n|\n|t:|1781377454\n|move|p2a: Cryogonal|Ice Beam|p1a: Rhydon\n|-supereffective|p1a: Rhydon\n|-damage|p1a: Rhydon|0 fnt\n|faint|p1a: Rhydon\n|\n|upkeep\n|inactive|pastorulipal has 90 seconds left.\n|\n|t:|1781377460\n|switch|p1a: Sneasler|Sneasler, L74, M|240/240\n|turn|15\n|inactive|pastorulipal has 90 seconds left.\n|\n|t:|1781377478\n|move|p2a: Cryogonal|Ice Beam|p1a: Sneasler\n|-damage|p1a: Sneasler|107/240\n|move|p1a: Sneasler|Dire Claw|p2a: Cryogonal\n|-damage|p2a: Cryogonal|109/287\n|-status|p2a: Cryogonal|slp\n|\n|upkeep\n|turn|16\n|inactive|pastorulipal has 90 seconds left.\n|\n|t:|1781377486\n|cant|p2a: Cryogonal|slp\n|move|p1a: Sneasler|Dire Claw|p2a: Cryogonal\n|-damage|p2a: Cryogonal|0 fnt\n|faint|p2a: Cryogonal\n|\n|upkeep\n|\n|t:|1781377488\n|switch|p2a: Vivillon|Vivillon-Ocean, L83, M|268/268\n|turn|17\n|\n|t:|1781377493\n|move|p1a: Sneasler|Dire Claw|p2a: Vivillon\n|-damage|p2a: Vivillon|73/268\n|move|p2a: Vivillon|Sleep Powder|p1a: Sneasler\n|-status|p1a: Sneasler|slp|[from] move: Sleep Powder\n|\n|upkeep\n|turn|18\n|\n|t:|1781377501\n|switch|p1a: Politoed|Politoed, L88, M|302/302\n|-weather|RainDance|[from] ability: Drizzle|[of] p1a: Politoed\n|move|p2a: Vivillon|Quiver Dance|p2a: Vivillon\n|-boost|p2a: Vivillon|spa|1\n|-boost|p2a: Vivillon|spd|1\n|-boost|p2a: Vivillon|spe|1\n|\n|-weather|RainDance|[upkeep]\n|upkeep\n|turn|19\n|\n|t:|1781377513\n|-terastallize|p2a: Vivillon|Flying\n|move|p2a: Vivillon|Hurricane|p1a: Politoed\n|-damage|p1a: Politoed|110/302\n|move|p1a: Politoed|Encore|p2a: Vivillon\n|-start|p2a: Vivillon|Encore\n|\n|-weather|RainDance|[upkeep]\n|-heal|p1a: Politoed|128/302|[from] item: Leftovers\n|upkeep\n|turn|20\n|\n|t:|1781377527\n|move|p2a: Vivillon|Hurricane|p1a: Politoed\n|-damage|p1a: Politoed|0 fnt\n|faint|p1a: Politoed\n|\n|-weather|RainDance|[upkeep]\n|upkeep\n|\n|t:|1781377534\n|switch|p1a: Typhlosion|Typhlosion-Hisui, L83, F|20/257\n|turn|21\n|\n|t:|1781377539\n|switch|p1a: Sneasler|Sneasler, L74, M|107/240 slp\n|move|p2a: Vivillon|Hurricane|p1a: Sneasler\n|-supereffective|p1a: Sneasler\n|-damage|p1a: Sneasler|0 fnt\n|faint|p1a: Sneasler\n|\n|-weather|RainDance|[upkeep]\n|upkeep\n|inactive|pastorulipal has 120 seconds left.\n|\n|t:|1781377548\n|switch|p1a: Typhlosion|Typhlosion-Hisui, L83, F|20/257\n|turn|22\n|\n|t:|1781377552\n|move|p2a: Vivillon|Hurricane|p1a: Typhlosion\n|-damage|p1a: Typhlosion|0 fnt\n|faint|p1a: Typhlosion\n|\n|win|bluffmepls\n", "inputlog": ">version a8376a258c1d4662feba110a92103f3664a72141\n>start {\"formatid\":\"gen9randombattle\",\"seed\":\"sodium,8ce2a7370f7caa546f7c5b5457424eaf\",\"rated\":\"Rated battle\"}\n>player p1 {\"name\":\"pastorulipal\",\"avatar\":\"acetrainer-gen4dp\",\"rating\":2067,\"seed\":\"sodium,a25638f53cac0f715a847f60257fa623\"}\n>player p2 {\"name\":\"bluffmepls\",\"avatar\":\"170\",\"rating\":2231,\"seed\":\"sodium,2bcbe6a28df44408ca5e3e336710b5cd\"}\n>p1 move nastyplot\n>p2 move knockoff\n>p1 move psyshock\n>p2 move earthpower\n>p1 move psyshock\n>p2 move knockoff\n>p1 switch 6\n>p1 move knockoff\n>p2 switch 6\n>p1 move dragondance\n>p2 move bodyslam\n>p1 move outrage\n>p2 move bodyslam\n>p2 switch 3\n>p1 move outrage\n>p2 move bugbuzz\n>p1 switch 2\n>p1 move calmmind\n>p2 switch 4\n>p1 move shadowball\n>p2 move psyshock\n>p2 switch 6\n>p1 move shadowball\n>p2 move knockoff\n>p2 switch 5\n>p1 switch 5\n>p2 move discharge\n>p1 move stoneedge\n>p2 move superfang\n>p1 move earthquake\n>p2 move superfang\n>p2 switch 2\n>p1 move stoneedge\n>p2 move icebeam\n>p1 switch 3\n>p1 move direclaw\n>p2 move icebeam\n>p1 move direclaw\n>p2 move icebeam\n>p2 switch 4\n>p1 move direclaw\n>p2 move sleeppowder\n>p1 switch 4\n>p2 move quiverdance\n>p1 move encore\n>p2 move hurricane terastallize\n>p1 move icebeam\n>p2 move hurricane\n>p1 switch 5\n>p1 switch 4\n>p2 move hurricane\n>p1 switch 4\n>p1 move fireblast\n>p2 move hurricane", "uploadtime": 1781377125, "views": 8, "formatid": "gen9randombattle", "rating": null, "private": 0, "password": null}