{"id": "gen9randombattle-2631450206", "format": "[Gen 9] Random Battle", "players": ["DAWARDEN", "Apexgunkelly"], "log": "|j|\u2606DAWARDEN\n|j|\u2606Apexgunkelly\n|t:|1781386139\n|gametype|singles\n|player|p1|DAWARDEN|170|1118\n|player|p2|Apexgunkelly|102|1107\n|gen|9\n|tier|[Gen 9] Random Battle\n|rated|\n|rule|Species Clause: Limit one of each Pok\u00e9mon\n|rule|HP Percentage Mod: HP is shown in percentages\n|rule|Sleep Clause Mod: Limit one foe put to sleep\n|rule|Illusion Level Mod: Illusion disguises the Pok\u00e9mon's true level\n|\n|t:|1781386139\n|teamsize|p1|6\n|teamsize|p2|6\n|start\n|switch|p1a: Oinkologne|Oinkologne-F, L92, F|361/361\n|switch|p2a: Tinkaton|Tinkaton, L82, F|274/274\n|-ability|p2a: Tinkaton|Mold Breaker\n|turn|1\n|inactive|Battle timer is ON: inactive players will automatically lose when time's up. (requested by Apexgunkelly)\n|\n|t:|1781386166\n|switch|p2a: Deoxys|Deoxys-Attack, L72|191/191\n|-ability|p2a: Deoxys|Pressure\n|move|p1a: Oinkologne|Curse|p1a: Oinkologne\n|-unboost|p1a: Oinkologne|spe|1\n|-boost|p1a: Oinkologne|atk|1\n|-boost|p1a: Oinkologne|def|1\n|\n|upkeep\n|turn|2\n|\n|t:|1781386180\n|move|p2a: Deoxys|Psycho Boost|p1a: Oinkologne\n|-damage|p1a: Oinkologne|143/361\n|-unboost|p2a: Deoxys|spa|2\n|-damage|p2a: Deoxys|172/191|[from] item: Life Orb\n|move|p1a: Oinkologne|Double-Edge|p2a: Deoxys\n|-damage|p2a: Deoxys|0 fnt\n|faint|p2a: Deoxys\n|-damage|p1a: Oinkologne|86/361|[from] Recoil\n|\n|-heal|p1a: Oinkologne|108/361|[from] item: Leftovers\n|upkeep\n|c|\u2606DAWARDEN|Its all going according to plan\n|\n|t:|1781386207\n|switch|p2a: Cinccino|Cinccino, L83, M|260/260\n|turn|3\n|\n|t:|1781386217\n|move|p2a: Cinccino|Tail Slap|p1a: Oinkologne\n|-damage|p1a: Oinkologne|81/361\n|-damage|p1a: Oinkologne|53/361\n|-damage|p1a: Oinkologne|28/361\n|-damage|p1a: Oinkologne|1/361\n|-hitcount|p1a: Oinkologne|4\n|move|p1a: Oinkologne|Double-Edge|p2a: Cinccino\n|-crit|p2a: Cinccino\n|-damage|p2a: Cinccino|0 fnt\n|faint|p2a: Cinccino\n|-damage|p1a: Oinkologne|0 fnt|[from] Recoil\n|faint|p1a: Oinkologne\n|\n|upkeep\n|c|\u2606DAWARDEN|No shot\n|inactive|Apexgunkelly has 120 seconds left.\n|c|\u2606Apexgunkelly|Bro what?\u2026\n|c|\u2606DAWARDEN|The 1%hp is crazy\n|c|\u2606DAWARDEN|That's luck\n|\n|t:|1781386248\n|switch|p2a: Tinkaton|Tinkaton, L82, F|274/274\n|switch|p1a: Deoxys|Deoxys-Speed, L82|216/216\n|-ability|p1a: Deoxys|Pressure\n|-ability|p2a: Tinkaton|Mold Breaker\n|turn|4\n|inactive|DAWARDEN has 120 seconds left.\n|\n|t:|1781386270\n|move|p1a: Deoxys|Superpower|p2a: Tinkaton\n|-damage|p2a: Tinkaton|157/274\n|-unboost|p1a: Deoxys|atk|1\n|-unboost|p1a: Deoxys|def|1\n|-damage|p1a: Deoxys|195/216|[from] item: Life Orb\n|move|p2a: Tinkaton|Swords Dance|p2a: Tinkaton\n|-boost|p2a: Tinkaton|atk|2\n|\n|-heal|p2a: Tinkaton|174/274|[from] item: Leftovers\n|upkeep\n|turn|5\n|inactive|DAWARDEN has 120 seconds left.\n|\n|t:|1781386284\n|move|p1a: Deoxys|Superpower|p2a: Tinkaton\n|-damage|p2a: Tinkaton|100/274\n|-unboost|p1a: Deoxys|atk|1\n|-unboost|p1a: Deoxys|def|1\n|-damage|p1a: Deoxys|174/216|[from] item: Life Orb\n|move|p2a: Tinkaton|Play Rough|p1a: Deoxys|[miss]\n|-miss|p2a: Tinkaton|p1a: Deoxys\n|\n|-heal|p2a: Tinkaton|117/274|[from] item: Leftovers\n|upkeep\n|turn|6\n|inactive|DAWARDEN has 120 seconds left.\n|\n|t:|1781386305\n|move|p1a: Deoxys|Knock Off|p2a: Tinkaton\n|-resisted|p2a: Tinkaton\n|-damage|p2a: Tinkaton|91/274\n|-enditem|p2a: Tinkaton|Leftovers|[from] move: Knock Off|[of] p1a: Deoxys\n|-damage|p1a: Deoxys|153/216|[from] item: Life Orb\n|move|p2a: Tinkaton|Play Rough|p1a: Deoxys\n|-damage|p1a: Deoxys|0 fnt\n|faint|p1a: Deoxys\n|\n|upkeep\n|\n|t:|1781386322\n|switch|p1a: Great Tusk|Great Tusk, L77|304/304\n|turn|7\n|\n|t:|1781386329\n|move|p2a: Tinkaton|Play Rough|p1a: Great Tusk\n|-supereffective|p1a: Great Tusk\n|-damage|p1a: Great Tusk|46/304\n|move|p1a: Great Tusk|Earthquake|p2a: Tinkaton\n|-supereffective|p2a: Tinkaton\n|-damage|p2a: Tinkaton|0 fnt\n|faint|p2a: Tinkaton\n|\n|-heal|p1a: Great Tusk|65/304|[from] item: Leftovers\n|upkeep\n|\n|t:|1781386336\n|switch|p2a: Whiscash|Whiscash, L88, F|337/337\n|turn|8\n|inactive|DAWARDEN has 90 seconds left.\n|\n|t:|1781386364\n|move|p1a: Great Tusk|Close Combat|p2a: Whiscash\n|-damage|p2a: Whiscash|180/337\n|-unboost|p1a: Great Tusk|def|1\n|-unboost|p1a: Great Tusk|spd|1\n|move|p2a: Whiscash|Ice Beam|p1a: Great Tusk\n|-supereffective|p1a: Great Tusk\n|-damage|p1a: Great Tusk|0 fnt\n|faint|p1a: Great Tusk\n|-end|p1a: Great Tusk|Protosynthesis|[silent]\n|\n|-heal|p2a: Whiscash|201/337|[from] item: Leftovers\n|upkeep\n|inactive|DAWARDEN has 90 seconds left.\n|\n|t:|1781386375\n|switch|p1a: Swampert|Swampert, L83, F|302/302\n|turn|9\n|inactive|DAWARDEN has 90 seconds left.\n|\n|t:|1781386385\n|move|p2a: Whiscash|Hydro Pump|p1a: Swampert|[miss]\n|-miss|p2a: Whiscash|p1a: Swampert\n|move|p1a: Swampert|Yawn|p2a: Whiscash\n|-start|p2a: Whiscash|move: Yawn|[of] p1a: Swampert\n|\n|-heal|p2a: Whiscash|222/337|[from] item: Leftovers\n|upkeep\n|turn|10\n|l|\u2606Apexgunkelly\n|inactive|Apexgunkelly disconnected and has a minute to reconnect!\n|player|p2|\n|c|\u2606DAWARDEN|NO\n|c|\u2606DAWARDEN|DID BRO LEAVE BECAUSE OF MY LUCK?\n|inactive|Apexgunkelly has 30 seconds to reconnect!\n|inactive|Apexgunkelly has 20 seconds to reconnect!\n|inactive|Apexgunkelly has 15 seconds to reconnect!\n|inactive|Apexgunkelly has 10 seconds to reconnect!\n|inactive|Apexgunkelly has 5 seconds to reconnect!\n|-message|Apexgunkelly lost due to inactivity.\n|\n|win|DAWARDEN\n|raw|DAWARDEN's rating: 1118 &rarr; <strong>1142</strong><br />(+24 for winning)\n|raw|Apexgunkelly's rating: 1107 &rarr; <strong>1083</strong><br />(-24 for losing)\n", "inputlog": ">version a8376a258c1d4662feba110a92103f3664a72141\n>start {\"formatid\":\"gen9randombattle\",\"seed\":\"sodium,0b055499b37563b7d69c376dc9592b58\",\"rated\":\"Rated battle\"}\n>player p1 {\"name\":\"DAWARDEN\",\"avatar\":\"170\",\"rating\":1118,\"seed\":\"sodium,a3e85e7e080029528a87379598beee7b\"}\n>player p2 {\"name\":\"Apexgunkelly\",\"avatar\":\"102\",\"rating\":1107,\"seed\":\"sodium,a70dd4ed8aefb2bcdf7e715d30ec1626\"}\n>p1 move curse\n>p2 switch 4\n>p1 move doubleedge\n>p2 move psychoboost\n>chat \u2606DAWARDEN|Its all going according to plan\n>p2 switch 5\n>p1 move doubleedge\n>p2 move tailslap\n>chat \u2606DAWARDEN|No shot\n>chat \u2606Apexgunkelly|Bro what?\u2026\n>chat \u2606DAWARDEN|The 1%hp is crazy\n>chat \u2606DAWARDEN|That's luck\n>p1 switch 4\n>p2 switch 4\n>p1 move superpower\n>p2 move swordsdance\n>p1 move superpower\n>p2 move playrough\n>p1 move knockoff\n>p2 move playrough\n>p1 switch 2\n>p1 move earthquake\n>p2 move playrough\n>p2 switch 3\n>p1 move closecombat\n>p2 move icebeam\n>p1 switch 3\n>p1 move yawn\n>p2 move hydropump\n>chat \u2606DAWARDEN|NO\n>chat \u2606DAWARDEN|DID BRO LEAVE BECAUSE OF MY LUCK?\n>forcelose p2", "uploadtime": 1781386499, "views": 13, "formatid": "gen9randombattle", "rating": 1083, "private": 0, "password": null}