{"id": "gen9randombattle-2631743498", "format": "[Gen 9] Random Battle", "players": ["vogabal", "It'sOnlyRed?"], "log": "|j|\u2606vogabal\n|j|\u2606It'sOnlyRed?\n|t:|1781432415\n|gametype|singles\n|player|p1|vogabal|169|1969\n|player|p2|It'sOnlyRed?|blue-gen3|1999\n|gen|9\n|tier|[Gen 9] Random Battle\n|rated|\n|rule|Species Clause: Limit one of each Pok\u00e9mon\n|rule|HP Percentage Mod: HP is shown in percentages\n|rule|Sleep Clause Mod: Limit one foe put to sleep\n|rule|Illusion Level Mod: Illusion disguises the Pok\u00e9mon's true level\n|\n|t:|1781432415\n|teamsize|p1|6\n|teamsize|p2|6\n|start\n|switch|p1a: Hydreigon|Hydreigon, L79, F|275/275\n|switch|p2a: Dragapult|Dragapult, L77, M|262/262\n|turn|1\n|inactive|Battle timer is ON: inactive players will automatically lose when time's up. (requested by It'sOnlyRed?)\n|\n|t:|1781432423\n|switch|p1a: Florges|Florges-Yellow, L85, F|271/271\n|move|p2a: Dragapult|Dragon Darts|p1a: Florges\n|-immune|p1a: Florges\n|\n|upkeep\n|turn|2\n|\n|t:|1781432435\n|switch|p2a: Armarouge|Armarouge, L80, M|267/267\n|move|p1a: Florges|Moonblast|p2a: Armarouge\n|-resisted|p2a: Armarouge\n|-damage|p2a: Armarouge|203/267\n|-unboost|p2a: Armarouge|spa|1\n|\n|upkeep\n|turn|3\n|\n|t:|1781432440\n|move|p1a: Florges|Wish|p1a: Florges\n|move|p2a: Armarouge|Psyshock|p1a: Florges\n|-damage|p1a: Florges|195/271\n|\n|-heal|p1a: Florges|211/271|[from] item: Leftovers\n|upkeep\n|turn|4\n|\n|t:|1781432456\n|move|p1a: Florges|Moonblast|p2a: Armarouge\n|-resisted|p2a: Armarouge\n|-damage|p2a: Armarouge|134/267\n|move|p2a: Armarouge|Psyshock|p1a: Florges\n|-damage|p1a: Florges|141/271\n|\n|-heal|p1a: Florges|271/271|[from] move: Wish|[wisher] Florges\n|upkeep\n|turn|5\n|inactive|It'sOnlyRed? has 120 seconds left.\n|\n|t:|1781432490\n|move|p1a: Florges|Moonblast|p2a: Armarouge\n|-resisted|p2a: Armarouge\n|-damage|p2a: Armarouge|64/267\n|-unboost|p2a: Armarouge|spa|1\n|move|p2a: Armarouge|Psyshock|p1a: Florges\n|-damage|p1a: Florges|213/271\n|\n|-heal|p1a: Florges|229/271|[from] item: Leftovers\n|upkeep\n|turn|6\n|\n|t:|1781432497\n|move|p1a: Florges|Calm Mind|p1a: Florges\n|-boost|p1a: Florges|spa|1\n|-boost|p1a: Florges|spd|1\n|move|p2a: Armarouge|Psyshock|p1a: Florges\n|-damage|p1a: Florges|174/271\n|\n|-heal|p1a: Florges|190/271|[from] item: Leftovers\n|upkeep\n|turn|7\n|\n|t:|1781432506\n|move|p1a: Florges|Wish|p1a: Florges\n|move|p2a: Armarouge|Psyshock|p1a: Florges\n|-damage|p1a: Florges|136/271\n|\n|-heal|p1a: Florges|152/271|[from] item: Leftovers\n|upkeep\n|turn|8\n|\n|t:|1781432511\n|move|p1a: Florges|Calm Mind|p1a: Florges\n|-boost|p1a: Florges|spa|1\n|-boost|p1a: Florges|spd|1\n|move|p2a: Armarouge|Psyshock|p1a: Florges\n|-damage|p1a: Florges|100/271\n|\n|-heal|p1a: Florges|235/271|[from] move: Wish|[wisher] Florges\n|-heal|p1a: Florges|251/271|[from] item: Leftovers\n|upkeep\n|turn|9\n|\n|t:|1781432515\n|move|p1a: Florges|Calm Mind|p1a: Florges\n|-boost|p1a: Florges|spa|1\n|-boost|p1a: Florges|spd|1\n|move|p2a: Armarouge|Psyshock|p1a: Florges\n|-damage|p1a: Florges|197/271\n|\n|-heal|p1a: Florges|213/271|[from] item: Leftovers\n|upkeep\n|turn|10\n|\n|t:|1781432517\n|move|p1a: Florges|Calm Mind|p1a: Florges\n|-boost|p1a: Florges|spa|1\n|-boost|p1a: Florges|spd|1\n|move|p2a: Armarouge|Psyshock|p1a: Florges\n|-damage|p1a: Florges|153/271\n|\n|-heal|p1a: Florges|169/271|[from] item: Leftovers\n|upkeep\n|turn|11\n|\n|t:|1781432520\n|move|p1a: Florges|Wish|p1a: Florges\n|move|p2a: Armarouge|Psyshock|p1a: Florges\n|-damage|p1a: Florges|114/271\n|\n|-heal|p1a: Florges|130/271|[from] item: Leftovers\n|upkeep\n|turn|12\n|\n|t:|1781432522\n|move|p1a: Florges|Protect|p1a: Florges\n|-singleturn|p1a: Florges|Protect\n|move|p2a: Armarouge|Psyshock|p1a: Florges\n|-activate|p1a: Florges|move: Protect\n|\n|-heal|p1a: Florges|265/271|[from] move: Wish|[wisher] Florges\n|-heal|p1a: Florges|271/271|[from] item: Leftovers\n|upkeep\n|turn|13\n|\n|t:|1781432524\n|move|p1a: Florges|Calm Mind|p1a: Florges\n|-boost|p1a: Florges|spa|1\n|-boost|p1a: Florges|spd|1\n|move|p2a: Armarouge|Psyshock|p1a: Florges\n|-damage|p1a: Florges|210/271\n|\n|-heal|p1a: Florges|226/271|[from] item: Leftovers\n|upkeep\n|turn|14\n|\n|t:|1781432526\n|move|p1a: Florges|Calm Mind|p1a: Florges\n|-boost|p1a: Florges|spa|1\n|-boost|p1a: Florges|spd|1\n|move|p2a: Armarouge|Psyshock|p1a: Florges\n|-damage|p1a: Florges|165/271\n|\n|-heal|p1a: Florges|181/271|[from] item: Leftovers\n|upkeep\n|turn|15\n|\n|t:|1781432529\n|move|p1a: Florges|Wish|p1a: Florges\n|move|p2a: Armarouge|Psyshock|p1a: Florges\n|-damage|p1a: Florges|129/271\n|\n|-heal|p1a: Florges|145/271|[from] item: Leftovers\n|upkeep\n|turn|16\n|\n|t:|1781432530\n|move|p1a: Florges|Moonblast|p2a: Armarouge\n|-resisted|p2a: Armarouge\n|-damage|p2a: Armarouge|0 fnt\n|faint|p2a: Armarouge\n|\n|-heal|p1a: Florges|271/271|[from] move: Wish|[wisher] Florges\n|upkeep\n|\n|t:|1781432541\n|switch|p2a: Kleavor|Kleavor, L78, F|237/237\n|turn|17\n|\n|t:|1781432546\n|move|p2a: Kleavor|Stone Axe|p1a: Florges\n|-damage|p1a: Florges|129/271\n|-sidestart|p1: vogabal|move: Stealth Rock\n|move|p1a: Florges|Moonblast|p2a: Kleavor\n|-damage|p2a: Kleavor|0 fnt\n|faint|p2a: Kleavor\n|\n|-heal|p1a: Florges|145/271|[from] item: Leftovers\n|upkeep\n|\n|t:|1781432556\n|switch|p2a: Dragapult|Dragapult, L77, M|262/262\n|turn|18\n|\n|t:|1781432558\n|switch|p1a: Persian|Persian, L92, F|269/269\n|-damage|p1a: Persian|236/269|[from] Stealth Rock\n|-terastallize|p2a: Dragapult|Ghost\n|move|p2a: Dragapult|Tera Blast|p1a: Persian|[anim] Tera Blast Ghost\n|-immune|p1a: Persian\n|\n|upkeep\n|turn|19\n|\n|t:|1781432565\n|switch|p2a: Garchomp|Garchomp, L74, M|282/282\n|move|p1a: Persian|Knock Off|p2a: Garchomp\n|-damage|p2a: Garchomp|218/282\n|-damage|p1a: Persian|203/269|[from] ability: Rough Skin|[of] p2a: Garchomp\n|-damage|p1a: Persian|159/269|[from] item: Rocky Helmet|[of] p2a: Garchomp\n|-enditem|p2a: Garchomp|Rocky Helmet|[from] move: Knock Off|[of] p1a: Persian\n|\n|upkeep\n|turn|20\n|\n|t:|1781432574\n|move|p1a: Persian|Double-Edge|p2a: Garchomp\n|-damage|p2a: Garchomp|58/282\n|-damage|p1a: Persian|126/269|[from] ability: Rough Skin|[of] p2a: Garchomp\n|-damage|p1a: Persian|73/269|[from] Recoil\n|move|p2a: Garchomp|Earthquake|p1a: Persian\n|-damage|p1a: Persian|0 fnt\n|faint|p1a: Persian\n|\n|upkeep\n|\n|t:|1781432580\n|switch|p1a: Kricketune|Kricketune, L99, M|312/312\n|turn|21\n|\n|t:|1781432590\n|move|p2a: Garchomp|Outrage|p1a: Kricketune\n|-damage|p1a: Kricketune|165/312\n|move|p1a: Kricketune|Sticky Web|p2a: Garchomp\n|-sidestart|p2: It'sOnlyRed?|move: Sticky Web\n|\n|upkeep\n|turn|22\n|\n|t:|1781432596\n|move|p2a: Garchomp|Outrage|p1a: Kricketune|[from] lockedmove\n|-damage|p1a: Kricketune|0 fnt\n|faint|p1a: Kricketune\n|-start|p2a: Garchomp|confusion|[fatigue]\n|\n|upkeep\n|\n|t:|1781432601\n|switch|p1a: Hydreigon|Hydreigon, L79, F|275/275\n|-damage|p1a: Hydreigon|241/275|[from] Stealth Rock\n|turn|23\n|\n|t:|1781432616\n|move|p1a: Hydreigon|Dark Pulse|p2a: Garchomp\n|-damage|p2a: Garchomp|0 fnt\n|faint|p2a: Garchomp\n|\n|upkeep\n|\n|t:|1781432629\n|switch|p2a: Dragapult|Dragapult, L77, M, tera:Ghost|262/262\n|-activate|p2a: Dragapult|move: Sticky Web\n|-fail|p2a: Dragapult|unboost|[from] ability: Clear Body|[of] p2a: Dragapult\n|turn|24\n|\n|t:|1781432637\n|switch|p1a: Florges|Florges-Yellow, L85, F|145/271\n|-damage|p1a: Florges|112/271|[from] Stealth Rock\n|move|p2a: Dragapult|Dragon Darts|p1a: Florges\n|-immune|p1a: Florges\n|\n|-heal|p1a: Florges|128/271|[from] item: Leftovers\n|upkeep\n|turn|25\n|\n|t:|1781432641\n|move|p2a: Dragapult|Tera Blast|p1a: Florges|[anim] Tera Blast Ghost\n|-damage|p1a: Florges|0 fnt\n|faint|p1a: Florges\n|-damage|p2a: Dragapult|236/262|[from] item: Life Orb\n|\n|upkeep\n|\n|t:|1781432643\n|switch|p1a: Alomomola|Alomomola, L87, M|429/429\n|turn|26\n|\n|t:|1781432653\n|switch|p2a: Malamar|Malamar, L82, F|275/275\n|-activate|p2a: Malamar|move: Sticky Web\n|-boost|p2a: Malamar|spe|1\n|move|p1a: Alomomola|Scald|p2a: Malamar\n|-damage|p2a: Malamar|221/275\n|\n|-heal|p2a: Malamar|238/275|[from] item: Leftovers\n|upkeep\n|turn|27\n|\n|t:|1781432668\n|switch|p1a: Slowking|Slowking, L88, M|310/310\n|-damage|p1a: Slowking|272/310|[from] Stealth Rock\n|move|p2a: Malamar|Superpower|p1a: Slowking\n|-resisted|p1a: Slowking\n|-damage|p1a: Slowking|236/310\n|-boost|p2a: Malamar|atk|1\n|-boost|p2a: Malamar|def|1\n|\n|-heal|p2a: Malamar|255/275|[from] item: Leftovers\n|-heal|p1a: Slowking|255/310|[from] item: Leftovers\n|upkeep\n|turn|28\n|\n|t:|1781432672\n|move|p2a: Malamar|Knock Off|p1a: Slowking\n|-supereffective|p1a: Slowking\n|-damage|p1a: Slowking|0 fnt\n|-enditem|p1a: Slowking|Leftovers|[from] move: Knock Off|[of] p2a: Malamar\n|faint|p1a: Slowking\n|\n|-heal|p2a: Malamar|272/275|[from] item: Leftovers\n|upkeep\n|-message|vogabal forfeited.\n|\n|win|It'sOnlyRed?\n", "inputlog": ">version a8376a258c1d4662feba110a92103f3664a72141\n>start {\"formatid\":\"gen9randombattle\",\"seed\":\"sodium,7c17e3bfe5c4588d45b8210cfeaa8a60\",\"rated\":\"Rated battle\"}\n>player p1 {\"name\":\"vogabal\",\"avatar\":\"169\",\"rating\":1969,\"seed\":\"sodium,09503ee3e9ee5fca47278de7234015a2\"}\n>player p2 {\"name\":\"It'sOnlyRed?\",\"avatar\":\"blue-gen3\",\"rating\":1999,\"seed\":\"sodium,cbdc6b36f42be84740e0a4248d433d5a\"}\n>p1 switch 6\n>p2 move dragondarts\n>p1 move moonblast\n>p2 switch 2\n>p1 move wish\n>p2 move psyshock\n>p1 move moonblast\n>p2 move psyshock\n>p1 move moonblast\n>p2 move psyshock\n>p1 move calmmind\n>p2 move psyshock\n>p1 move wish\n>p2 move psyshock\n>p1 move calmmind\n>p2 move psyshock\n>p1 move calmmind\n>p2 move psyshock\n>p1 move calmmind\n>p2 move psyshock\n>p1 move wish\n>p2 move psyshock\n>p1 move protect\n>p2 move psyshock\n>p1 move calmmind\n>p2 move psyshock\n>p1 move calmmind\n>p2 move psyshock\n>p1 move wish\n>p2 move psyshock\n>p1 move moonblast\n>p2 move psyshock\n>p2 switch 6\n>p1 move moonblast\n>p2 move stoneaxe\n>p2 switch 2\n>p1 switch 2\n>p2 move terablast terastallize\n>p1 move knockoff\n>p2 switch 3\n>p1 move doubleedge\n>p2 move earthquake\n>p1 switch 4\n>p1 move stickyweb\n>p2 move outrage\n>p1 move pounce\n>p2 move outrage\n>p1 switch 6\n>p1 move darkpulse\n>p2 move outrage\n>p2 switch 3\n>p1 switch 2\n>p2 move dragondarts\n>p1 move moonblast\n>p2 move terablast\n>p1 switch 3\n>p1 move scald\n>p2 switch 4\n>p1 switch 5\n>p2 move superpower\n>p1 move thunderwave\n>p2 move knockoff\n>forcelose p1", "uploadtime": 1781432418, "views": 4, "formatid": "gen9randombattle", "rating": null, "private": 0, "password": null}