{"id": "gen9randombattle-2631992444", "format": "[Gen 9] Random Battle", "players": ["WhatEver2102", "Strokefish"], "log": "|j|\u2606WhatEver2102\n|j|\u2606Strokefish\n|t:|1781463654\n|gametype|singles\n|player|p1|WhatEver2102|juan|1954\n|player|p2|Strokefish|102|1999\n|gen|9\n|tier|[Gen 9] Random Battle\n|rated|\n|rule|Species Clause: Limit one of each Pok\u00e9mon\n|rule|HP Percentage Mod: HP is shown in percentages\n|rule|Sleep Clause Mod: Limit one foe put to sleep\n|rule|Illusion Level Mod: Illusion disguises the Pok\u00e9mon's true level\n|\n|t:|1781463654\n|teamsize|p1|6\n|teamsize|p2|6\n|start\n|switch|p1a: Toucannon|Toucannon, L88, F|284/284\n|switch|p2a: Bellossom|Bellossom, L84, F|263/263\n|turn|1\n|inactive|Battle timer is ON: inactive players will automatically lose when time's up. (requested by WhatEver2102)\n|\n|t:|1781463669\n|switch|p2a: Duraludon|Duraludon, L82, F|249/249\n|-singleturn|p1a: Toucannon|move: Beak Blast\n|move|p1a: Toucannon|Beak Blast|p2a: Duraludon\n|-resisted|p2a: Duraludon\n|-crit|p2a: Duraludon\n|-damage|p2a: Duraludon|194/249\n|\n|upkeep\n|turn|2\n|inactive|WhatEver2102 has 120 seconds left.\n|inactive|WhatEver2102 has 90 seconds left.\n|\n|t:|1781463751\n|switch|p1a: Palossand|Palossand, L89, F|296/296\n|move|p2a: Duraludon|Stealth Rock|p1a: Palossand\n|-sidestart|p1: WhatEver2102|move: Stealth Rock\n|\n|upkeep\n|turn|3\n|\n|t:|1781463772\n|switch|p2a: Venusaur|Venusaur, L84, F|272/272\n|move|p1a: Palossand|Stealth Rock|p2a: Venusaur\n|-sidestart|p2: Strokefish|move: Stealth Rock\n|\n|upkeep\n|turn|4\n|\n|t:|1781463787\n|move|p2a: Venusaur|Leech Seed|p1a: Palossand\n|-start|p1a: Palossand|move: Leech Seed\n|move|p1a: Palossand|Earth Power|p2a: Venusaur\n|-damage|p2a: Venusaur|170/272\n|-unboost|p2a: Venusaur|spd|1\n|\n|-heal|p2a: Venusaur|187/272|[from] item: Leftovers\n|-damage|p1a: Palossand|259/296|[from] Leech Seed|[of] p2a: Venusaur\n|-heal|p2a: Venusaur|224/272|[silent]\n|upkeep\n|turn|5\n|\n|t:|1781463793\n|switch|p1a: Toucannon|Toucannon, L88, F|284/284\n|move|p2a: Venusaur|Giga Drain|p1a: Toucannon\n|-resisted|p1a: Toucannon\n|-damage|p1a: Toucannon|237/284\n|-heal|p2a: Venusaur|248/272|[from] drain|[of] p1a: Toucannon\n|\n|-heal|p2a: Venusaur|265/272|[from] item: Leftovers\n|upkeep\n|turn|6\n|inactive|WhatEver2102 has 90 seconds left.\n|\n|t:|1781463804\n|switch|p2a: Duraludon|Duraludon, L82, F|194/249\n|-damage|p2a: Duraludon|179/249|[from] Stealth Rock\n|move|p1a: Toucannon|Boomburst|p2a: Duraludon\n|-resisted|p2a: Duraludon\n|-damage|p2a: Duraludon|110/249\n|\n|upkeep\n|turn|7\n|inactive|WhatEver2102 has 90 seconds left.\n|\n|t:|1781463811\n|switch|p1a: Palossand|Palossand, L89, F|259/296\n|-damage|p1a: Palossand|241/296|[from] Stealth Rock\n|move|p2a: Duraludon|Draco Meteor|p1a: Palossand\n|-damage|p1a: Palossand|85/296\n|-unboost|p2a: Duraludon|spa|2\n|\n|-heal|p1a: Palossand|103/296|[from] item: Leftovers\n|upkeep\n|turn|8\n|\n|t:|1781463831\n|switch|p2a: Venusaur|Venusaur, L84, F|265/272\n|-damage|p2a: Venusaur|231/272|[from] Stealth Rock\n|move|p1a: Palossand|Shore Up|p1a: Palossand\n|-heal|p1a: Palossand|251/296\n|\n|-heal|p2a: Venusaur|248/272|[from] item: Leftovers\n|-heal|p1a: Palossand|269/296|[from] item: Leftovers\n|upkeep\n|turn|9\n|\n|t:|1781463846\n|switch|p1a: Delibird|Delibird, F|252/252\n|move|p2a: Venusaur|Giga Drain|p1a: Delibird\n|-resisted|p1a: Delibird\n|-damage|p1a: Delibird|198/252\n|-heal|p2a: Venusaur|272/272|[from] drain|[of] p1a: Delibird\n|\n|upkeep\n|turn|10\n|\n|t:|1781463859\n|switch|p2a: Dunsparce|Dunsparce, L86, M|312/312\n|-damage|p2a: Dunsparce|273/312|[from] Stealth Rock\n|move|p1a: Delibird|Rapid Spin|p2a: Dunsparce\n|-damage|p2a: Dunsparce|246/312\n|-boost|p1a: Delibird|spe|1\n|-sideend|p1: WhatEver2102|Stealth Rock|[from] move: Rapid Spin|[of] p1a: Delibird\n|\n|upkeep\n|turn|11\n|\n|t:|1781463870\n|switch|p1a: Palossand|Palossand, L89, F|269/296\n|switch|p2a: Venusaur|Venusaur, L84, F|272/272\n|-damage|p2a: Venusaur|238/272|[from] Stealth Rock\n|\n|-heal|p2a: Venusaur|255/272|[from] item: Leftovers\n|-heal|p1a: Palossand|287/296|[from] item: Leftovers\n|upkeep\n|turn|12\n|\n|t:|1781463881\n|switch|p1a: Delibird|Delibird, F|198/252\n|move|p2a: Venusaur|Sludge Bomb|p1a: Delibird\n|-damage|p1a: Delibird|66/252\n|-status|p1a: Delibird|psn\n|\n|-heal|p2a: Venusaur|272/272|[from] item: Leftovers\n|-damage|p1a: Delibird|35/252 psn|[from] psn\n|upkeep\n|turn|13\n|\n|t:|1781463890\n|switch|p2a: Dunsparce|Dunsparce, L86, M|246/312\n|-damage|p2a: Dunsparce|207/312|[from] Stealth Rock\n|move|p1a: Delibird|Spikes|p2a: Dunsparce\n|-sidestart|p2: Strokefish|Spikes\n|\n|-damage|p1a: Delibird|4/252 psn|[from] psn\n|upkeep\n|turn|14\n|\n|t:|1781463897\n|move|p1a: Delibird|Spikes|p2a: Dunsparce\n|-sidestart|p2: Strokefish|Spikes\n|move|p2a: Dunsparce|Roost|p2a: Dunsparce\n|-heal|p2a: Dunsparce|312/312\n|-singleturn|p2a: Dunsparce|move: Roost\n|\n|-damage|p1a: Delibird|0 fnt|[from] psn\n|faint|p1a: Delibird\n|upkeep\n|inactive|WhatEver2102 has 120 seconds left.\n|\n|t:|1781463911\n|switch|p1a: Palossand|Palossand, L89, F|287/296\n|turn|15\n|\n|t:|1781463915\n|switch|p2a: Venusaur|Venusaur, L84, F|272/272\n|-damage|p2a: Venusaur|238/272|[from] Stealth Rock\n|-damage|p2a: Venusaur|193/272|[from] Spikes\n|move|p1a: Palossand|Earth Power|p2a: Venusaur\n|-damage|p2a: Venusaur|85/272\n|\n|-heal|p2a: Venusaur|102/272|[from] item: Leftovers\n|-heal|p1a: Palossand|296/296|[from] item: Leftovers\n|upkeep\n|turn|16\n|\n|t:|1781463922\n|switch|p1a: Toucannon|Toucannon, L88, F|237/284\n|move|p2a: Venusaur|Giga Drain|p1a: Toucannon\n|-resisted|p1a: Toucannon\n|-damage|p1a: Toucannon|191/284\n|-heal|p2a: Venusaur|125/272|[from] drain|[of] p1a: Toucannon\n|\n|-heal|p2a: Venusaur|142/272|[from] item: Leftovers\n|upkeep\n|turn|17\n|\n|t:|1781463941\n|-singleturn|p1a: Toucannon|move: Beak Blast\n|move|p2a: Venusaur|Sludge Bomb|p1a: Toucannon\n|-damage|p1a: Toucannon|83/284\n|move|p1a: Toucannon|Beak Blast|p2a: Venusaur\n|-supereffective|p2a: Venusaur\n|-crit|p2a: Venusaur\n|-damage|p2a: Venusaur|0 fnt\n|faint|p2a: Venusaur\n|\n|upkeep\n|\n|t:|1781463952\n|switch|p2a: Duraludon|Duraludon, L82, F|110/249\n|-damage|p2a: Duraludon|95/249|[from] Stealth Rock\n|-damage|p2a: Duraludon|54/249|[from] Spikes\n|turn|18\n|\n|t:|1781463980\n|switch|p1a: Palossand|Palossand, L89, F|296/296\n|move|p2a: Duraludon|Flash Cannon|p1a: Palossand\n|-damage|p1a: Palossand|185/296\n|\n|-heal|p1a: Palossand|203/296|[from] item: Leftovers\n|upkeep\n|turn|19\n|\n|t:|1781463986\n|move|p2a: Duraludon|Draco Meteor|p1a: Palossand\n|-damage|p1a: Palossand|40/296\n|-unboost|p2a: Duraludon|spa|2\n|move|p1a: Palossand|Shore Up|p1a: Palossand\n|-heal|p1a: Palossand|188/296\n|\n|-heal|p1a: Palossand|206/296|[from] item: Leftovers\n|upkeep\n|turn|20\n|\n|t:|1781463994\n|switch|p1a: Toucannon|Toucannon, L88, F|83/284\n|move|p2a: Duraludon|Draco Meteor|p1a: Toucannon\n|-damage|p1a: Toucannon|0 fnt\n|-unboost|p2a: Duraludon|spa|2\n|faint|p1a: Toucannon\n|\n|upkeep\n|\n|t:|1781464001\n|switch|p1a: Florges|Florges, L85, F|271/271\n|turn|21\n|\n|t:|1781464006\n|switch|p2a: Dunsparce|Dunsparce, L86, M|312/312\n|-damage|p2a: Dunsparce|273/312|[from] Stealth Rock\n|-damage|p2a: Dunsparce|221/312|[from] Spikes\n|move|p1a: Florges|Calm Mind|p1a: Florges\n|-boost|p1a: Florges|spa|1\n|-boost|p1a: Florges|spd|1\n|\n|upkeep\n|turn|22\n|\n|t:|1781464012\n|move|p1a: Florges|Moonblast|p2a: Dunsparce\n|-damage|p2a: Dunsparce|88/312\n|move|p2a: Dunsparce|Body Slam|p1a: Florges\n|-damage|p1a: Florges|186/271\n|\n|-heal|p1a: Florges|202/271|[from] item: Leftovers\n|upkeep\n|turn|23\n|\n|t:|1781464019\n|move|p1a: Florges|Moonblast|p2a: Dunsparce\n|-damage|p2a: Dunsparce|0 fnt\n|faint|p2a: Dunsparce\n|\n|-heal|p1a: Florges|218/271|[from] item: Leftovers\n|upkeep\n|\n|t:|1781464032\n|switch|p2a: Bellossom|Bellossom, L84, F|263/263\n|-damage|p2a: Bellossom|231/263|[from] Stealth Rock\n|-damage|p2a: Bellossom|188/263|[from] Spikes\n|turn|24\n|\n|t:|1781464037\n|move|p1a: Florges|Calm Mind|p1a: Florges\n|-boost|p1a: Florges|spa|1\n|-boost|p1a: Florges|spd|1\n|move|p2a: Bellossom|Quiver Dance|p2a: Bellossom\n|-boost|p2a: Bellossom|spa|1\n|-boost|p2a: Bellossom|spd|1\n|-boost|p2a: Bellossom|spe|1\n|\n|-heal|p2a: Bellossom|204/263|[from] item: Leftovers\n|-heal|p1a: Florges|234/271|[from] item: Leftovers\n|upkeep\n|turn|25\n|\n|t:|1781464040\n|move|p2a: Bellossom|Quiver Dance|p2a: Bellossom\n|-boost|p2a: Bellossom|spa|1\n|-boost|p2a: Bellossom|spd|1\n|-boost|p2a: Bellossom|spe|1\n|move|p1a: Florges|Calm Mind|p1a: Florges\n|-boost|p1a: Florges|spa|1\n|-boost|p1a: Florges|spd|1\n|\n|-heal|p2a: Bellossom|220/263|[from] item: Leftovers\n|-heal|p1a: Florges|250/271|[from] item: Leftovers\n|upkeep\n|turn|26\n|\n|t:|1781464042\n|move|p2a: Bellossom|Quiver Dance|p2a: Bellossom\n|-boost|p2a: Bellossom|spa|1\n|-boost|p2a: Bellossom|spd|1\n|-boost|p2a: Bellossom|spe|1\n|move|p1a: Florges|Calm Mind|p1a: Florges\n|-boost|p1a: Florges|spa|1\n|-boost|p1a: Florges|spd|1\n|\n|-heal|p2a: Bellossom|236/263|[from] item: Leftovers\n|-heal|p1a: Florges|266/271|[from] item: Leftovers\n|upkeep\n|turn|27\n|\n|t:|1781464044\n|move|p2a: Bellossom|Quiver Dance|p2a: Bellossom\n|-boost|p2a: Bellossom|spa|1\n|-boost|p2a: Bellossom|spd|1\n|-boost|p2a: Bellossom|spe|1\n|move|p1a: Florges|Calm Mind|p1a: Florges\n|-boost|p1a: Florges|spa|1\n|-boost|p1a: Florges|spd|1\n|\n|-heal|p2a: Bellossom|252/263|[from] item: Leftovers\n|-heal|p1a: Florges|271/271|[from] item: Leftovers\n|upkeep\n|turn|28\n|\n|t:|1781464046\n|move|p2a: Bellossom|Quiver Dance|p2a: Bellossom\n|-boost|p2a: Bellossom|spa|1\n|-boost|p2a: Bellossom|spd|1\n|-boost|p2a: Bellossom|spe|1\n|move|p1a: Florges|Calm Mind|p1a: Florges\n|-boost|p1a: Florges|spa|1\n|-boost|p1a: Florges|spd|1\n|\n|-heal|p2a: Bellossom|263/263|[from] item: Leftovers\n|upkeep\n|turn|29\n|\n|t:|1781464047\n|move|p2a: Bellossom|Quiver Dance|p2a: Bellossom\n|-boost|p2a: Bellossom|spa|1\n|-boost|p2a: Bellossom|spd|1\n|-boost|p2a: Bellossom|spe|1\n|move|p1a: Florges|Moonblast|p2a: Bellossom\n|-damage|p2a: Bellossom|154/263\n|\n|-heal|p2a: Bellossom|170/263|[from] item: Leftovers\n|upkeep\n|turn|30\n|\n|t:|1781464052\n|move|p2a: Bellossom|Giga Drain|p1a: Florges\n|-damage|p1a: Florges|225/271\n|-heal|p2a: Bellossom|193/263|[from] drain|[of] p1a: Florges\n|move|p1a: Florges|Moonblast|p2a: Bellossom\n|-damage|p2a: Bellossom|93/263\n|\n|-heal|p2a: Bellossom|109/263|[from] item: Leftovers\n|-heal|p1a: Florges|241/271|[from] item: Leftovers\n|upkeep\n|turn|31\n|\n|t:|1781464055\n|move|p2a: Bellossom|Strength Sap|p1a: Florges\n|-unboost|p1a: Florges|atk|1\n|-heal|p2a: Bellossom|224/263\n|move|p1a: Florges|Moonblast|p2a: Bellossom\n|-damage|p2a: Bellossom|118/263\n|\n|-heal|p2a: Bellossom|134/263|[from] item: Leftovers\n|-heal|p1a: Florges|257/271|[from] item: Leftovers\n|upkeep\n|turn|32\n|\n|t:|1781464062\n|move|p2a: Bellossom|Giga Drain|p1a: Florges\n|-damage|p1a: Florges|208/271\n|-heal|p2a: Bellossom|159/263|[from] drain|[of] p1a: Florges\n|move|p1a: Florges|Moonblast|p2a: Bellossom\n|-damage|p2a: Bellossom|47/263\n|\n|-heal|p2a: Bellossom|63/263|[from] item: Leftovers\n|-heal|p1a: Florges|224/271|[from] item: Leftovers\n|upkeep\n|turn|33\n|\n|t:|1781464071\n|move|p2a: Bellossom|Giga Drain|p1a: Florges\n|-damage|p1a: Florges|179/271\n|-heal|p2a: Bellossom|86/263|[from] drain|[of] p1a: Florges\n|move|p1a: Florges|Moonblast|p2a: Bellossom\n|-damage|p2a: Bellossom|0 fnt\n|faint|p2a: Bellossom\n|\n|-heal|p1a: Florges|195/271|[from] item: Leftovers\n|upkeep\n|\n|t:|1781464075\n|switch|p2a: Lokix|Lokix, L82, M|251/251\n|-damage|p2a: Lokix|189/251|[from] Stealth Rock\n|-damage|p2a: Lokix|148/251|[from] Spikes\n|turn|34\n|\n|t:|1781464081\n|-terastallize|p2a: Lokix|Dark\n|move|p2a: Lokix|Knock Off|p1a: Florges\n|-resisted|p1a: Florges\n|-damage|p1a: Florges|0 fnt\n|-enditem|p1a: Florges|Leftovers|[from] move: Knock Off|[of] p2a: Lokix\n|faint|p1a: Florges\n|-damage|p2a: Lokix|123/251|[from] item: Life Orb\n|\n|upkeep\n|\n|t:|1781464087\n|switch|p1a: Wugtrio|Wugtrio, L91, F|212/212\n|turn|35\n|\n|t:|1781464089\n|move|p2a: Lokix|Sucker Punch|p1a: Wugtrio\n|-damage|p1a: Wugtrio|38/212\n|-ability|p1a: Wugtrio|Gooey\n|-unboost|p2a: Lokix|spe|1\n|-damage|p2a: Lokix|98/251|[from] item: Life Orb\n|move|p1a: Wugtrio|Liquidation|p2a: Lokix\n|-damage|p2a: Lokix|0 fnt\n|faint|p2a: Lokix\n|\n|upkeep\n|\n|t:|1781464095\n|switch|p2a: Lugia|Lugia, L73|275/275\n|turn|36\n|\n|t:|1781464099\n|move|p1a: Wugtrio|Liquidation|p2a: Lugia\n|-damage|p2a: Lugia|209/275\n|move|p2a: Lugia|Earth Power|p1a: Wugtrio\n|-damage|p1a: Wugtrio|0 fnt\n|faint|p1a: Wugtrio\n|\n|upkeep\n|\n|t:|1781464104\n|switch|p1a: Magcargo|Magcargo, L95, M|268/268\n|turn|37\n|\n|t:|1781464107\n|-terastallize|p1a: Magcargo|Dragon\n|move|p2a: Lugia|Earth Power|p1a: Magcargo\n|-damage|p1a: Magcargo|225/268\n|move|p1a: Magcargo|Shell Smash|p1a: Magcargo\n|-unboost|p1a: Magcargo|def|1\n|-unboost|p1a: Magcargo|spd|1\n|-boost|p1a: Magcargo|atk|2\n|-boost|p1a: Magcargo|spa|2\n|-boost|p1a: Magcargo|spe|2\n|\n|upkeep\n|turn|38\n|-message|Strokefish forfeited.\n|\n|win|WhatEver2102\n", "uploadtime": 1781463655, "views": 6, "formatid": "gen9randombattle", "rating": null, "private": 0, "password": null}