{"id": "gen9randombattle-2631862680", "format": "[Gen 9] Random Battle", "players": ["zorocc", "ozoroooooooo"], "log": "|j|\u2606zorocc\n|j|\u2606ozoroooooooo\n|t:|1781449425\n|gametype|singles\n|player|p1|zorocc|265|\n|player|p2|ozoroooooooo|1|\n|gen|9\n|tier|[Gen 9] Random Battle\n|rule|Species Clause: Limit one of each Pok\u00e9mon\n|rule|HP Percentage Mod: HP is shown in percentages\n|rule|Sleep Clause Mod: Limit one foe put to sleep\n|rule|Illusion Level Mod: Illusion disguises the Pok\u00e9mon's true level\n|\n|t:|1781449425\n|teamsize|p1|6\n|teamsize|p2|6\n|start\n|switch|p1a: Spectrier|Spectrier, L75|274/274\n|switch|p2a: Skeledirge|Skeledirge, L79, M|294/294\n|turn|1\n|\n|t:|1781449455\n|move|p1a: Spectrier|Nasty Plot|p1a: Spectrier\n|-boost|p1a: Spectrier|spa|2\n|move|p2a: Skeledirge|Hex|p1a: Spectrier\n|-supereffective|p1a: Spectrier\n|-damage|p1a: Spectrier|116/274\n|\n|upkeep\n|turn|2\n|\n|t:|1781449467\n|switch|p1a: Scream Tail|Scream Tail, L84|330/330\n|move|p2a: Skeledirge|Hex|p1a: Scream Tail\n|-supereffective|p1a: Scream Tail\n|-damage|p1a: Scream Tail|216/330\n|\n|-heal|p1a: Scream Tail|236/330|[from] item: Leftovers\n|upkeep\n|turn|3\n|\n|t:|1781449478\n|move|p1a: Scream Tail|Dazzling Gleam|p2a: Skeledirge\n|-resisted|p2a: Skeledirge\n|-damage|p2a: Skeledirge|258/294\n|move|p2a: Skeledirge|Will-O-Wisp|p1a: Scream Tail\n|-status|p1a: Scream Tail|brn\n|\n|-heal|p1a: Scream Tail|256/330 brn|[from] item: Leftovers\n|-damage|p1a: Scream Tail|236/330 brn|[from] brn\n|upkeep\n|turn|4\n|\n|t:|1781449517\n|move|p1a: Scream Tail|Thunder Wave|p2a: Skeledirge\n|-status|p2a: Skeledirge|par\n|cant|p2a: Skeledirge|par\n|\n|-heal|p1a: Scream Tail|256/330 brn|[from] item: Leftovers\n|-damage|p1a: Scream Tail|236/330 brn|[from] brn\n|upkeep\n|turn|5\n|\n|t:|1781449529\n|move|p1a: Scream Tail|Wish|p1a: Scream Tail\n|move|p2a: Skeledirge|Torch Song|p1a: Scream Tail\n|-damage|p1a: Scream Tail|164/330 brn\n|-boost|p2a: Skeledirge|spa|1\n|\n|-heal|p1a: Scream Tail|184/330 brn|[from] item: Leftovers\n|-damage|p1a: Scream Tail|164/330 brn|[from] brn\n|upkeep\n|turn|6\n|\n|t:|1781449552\n|-end|p1a: Scream Tail|Protosynthesis|[silent]\n|switch|p1a: Iron Jugulis|Iron Jugulis, L77|271/271\n|move|p2a: Skeledirge|Hex|p1a: Iron Jugulis\n|-resisted|p1a: Iron Jugulis\n|-damage|p1a: Iron Jugulis|208/271\n|\n|-heal|p1a: Iron Jugulis|271/271|[from] move: Wish|[wisher] Scream Tail\n|upkeep\n|turn|7\n|\n|t:|1781449564\n|move|p1a: Iron Jugulis|Dark Pulse|p2a: Skeledirge\n|-supereffective|p2a: Skeledirge\n|-damage|p2a: Skeledirge|0 fnt\n|faint|p2a: Skeledirge\n|\n|upkeep\n|\n|t:|1781449576\n|switch|p2a: Ampharos|Ampharos, L88, F|302/302\n|turn|8\n|\n|t:|1781449586\n|move|p1a: Iron Jugulis|Dark Pulse|p2a: Ampharos\n|-damage|p2a: Ampharos|179/302\n|move|p2a: Ampharos|Dazzling Gleam|p1a: Iron Jugulis\n|-supereffective|p1a: Iron Jugulis\n|-damage|p1a: Iron Jugulis|71/271\n|-damage|p2a: Ampharos|149/302|[from] item: Life Orb\n|\n|upkeep\n|turn|9\n|\n|t:|1781449600\n|-terastallize|p1a: Iron Jugulis|Dark\n|move|p1a: Iron Jugulis|Dark Pulse|p2a: Ampharos\n|-crit|p2a: Ampharos\n|-damage|p2a: Ampharos|0 fnt\n|faint|p2a: Ampharos\n|\n|upkeep\n|\n|t:|1781449612\n|switch|p2a: Mismagius|Mismagius, L86, M|243/243\n|turn|10\n|\n|t:|1781449620\n|move|p2a: Mismagius|Shadow Ball|p1a: Iron Jugulis\n|-resisted|p1a: Iron Jugulis\n|-damage|p1a: Iron Jugulis|17/271\n|move|p1a: Iron Jugulis|Dark Pulse|p2a: Mismagius\n|-supereffective|p2a: Mismagius\n|-damage|p2a: Mismagius|0 fnt\n|faint|p2a: Mismagius\n|\n|upkeep\n|\n|t:|1781449627\n|switch|p2a: Azumarill|Azumarill, L82, F|298/298\n|turn|11\n|\n|t:|1781449640\n|move|p2a: Azumarill|Aqua Jet|p1a: Iron Jugulis\n|-damage|p1a: Iron Jugulis|0 fnt\n|faint|p1a: Iron Jugulis\n|-end|p1a: Iron Jugulis|Quark Drive|[silent]\n|\n|upkeep\n|\n|t:|1781449652\n|switch|p1a: Mismagius|Mismagius, L86, M|243/243\n|turn|12\n|\n|t:|1781449658\n|-terastallize|p2a: Azumarill|Water\n|move|p2a: Azumarill|Aqua Jet|p1a: Mismagius\n|-damage|p1a: Mismagius|101/243\n|move|p1a: Mismagius|Thunderbolt|p2a: Azumarill\n|-supereffective|p2a: Azumarill\n|-damage|p2a: Azumarill|85/298\n|-damage|p1a: Mismagius|77/243|[from] item: Life Orb\n|\n|upkeep\n|turn|13\n|\n|t:|1781449671\n|move|p2a: Azumarill|Aqua Jet|p1a: Mismagius\n|-damage|p1a: Mismagius|0 fnt\n|faint|p1a: Mismagius\n|\n|upkeep\n|\n|t:|1781449678\n|switch|p1a: Scream Tail|Scream Tail, L84|164/330 brn\n|turn|14\n|\n|t:|1781449682\n|move|p2a: Azumarill|Aqua Jet|p1a: Scream Tail\n|-damage|p1a: Scream Tail|70/330 brn\n|move|p1a: Scream Tail|Wish|p1a: Scream Tail\n|\n|-heal|p1a: Scream Tail|90/330 brn|[from] item: Leftovers\n|-damage|p1a: Scream Tail|70/330 brn|[from] brn\n|upkeep\n|turn|15\n|\n|t:|1781449693\n|move|p2a: Azumarill|Aqua Jet|p1a: Scream Tail\n|-damage|p1a: Scream Tail|0 fnt\n|faint|p1a: Scream Tail\n|-end|p1a: Scream Tail|Protosynthesis|[silent]\n|\n|upkeep\n|\n|t:|1781449698\n|switch|p1a: Spectrier|Spectrier, L75|116/274\n|turn|16\n|\n|t:|1781449704\n|move|p2a: Azumarill|Aqua Jet|p1a: Spectrier\n|-damage|p1a: Spectrier|0 fnt\n|faint|p1a: Spectrier\n|\n|upkeep\n|\n|t:|1781449711\n|switch|p1a: Beartic|Beartic, L91, F|321/321\n|turn|17\n|\n|t:|1781449716\n|move|p2a: Azumarill|Aqua Jet|p1a: Beartic\n|-damage|p1a: Beartic|223/321\n|move|p1a: Beartic|Close Combat|p2a: Azumarill\n|-damage|p2a: Azumarill|0 fnt\n|-unboost|p1a: Beartic|def|1\n|-unboost|p1a: Beartic|spd|1\n|faint|p2a: Azumarill\n|\n|upkeep\n|\n|t:|1781449724\n|switch|p2a: Delibird|Delibird, M|252/252\n|turn|18\n|\n|t:|1781449737\n|move|p2a: Delibird|Brave Bird|p1a: Beartic\n|-damage|p1a: Beartic|0 fnt\n|faint|p1a: Beartic\n|-damage|p2a: Delibird|178/252|[from] Recoil\n|\n|upkeep\n|\n|t:|1781449743\n|switch|p1a: Magmortar|Magmortar, L88, M|275/275\n|turn|19\n|\n|t:|1781449748\n|move|p2a: Delibird|Brave Bird|p1a: Magmortar\n|-damage|p1a: Magmortar|47/275\n|-damage|p2a: Delibird|103/252|[from] Recoil\n|move|p1a: Magmortar|Fire Blast|p2a: Delibird\n|-supereffective|p2a: Delibird\n|-damage|p2a: Delibird|0 fnt\n|faint|p2a: Delibird\n|\n|upkeep\n|\n|t:|1781449752\n|switch|p2a: Farigiraf|Farigiraf, L90, F|362/362\n|turn|20\n|\n|t:|1781449772\n|move|p1a: Magmortar|Focus Blast|p2a: Farigiraf\n|-damage|p2a: Farigiraf|234/362\n|move|p2a: Farigiraf|Body Slam|p1a: Magmortar\n|-damage|p1a: Magmortar|0 fnt\n|faint|p1a: Magmortar\n|\n|win|ozoroooooooo\n|l|\u2606zorocc\n|player|p1|\n", "inputlog": ">version a8376a258c1d4662feba110a92103f3664a72141\n>start {\"formatid\":\"gen9randombattle\",\"seed\":\"sodium,b42e1763e9943fd1e3e28918e781c463\"}\n>player p1 {\"name\":\"zorocc\",\"avatar\":\"265\",\"rating\":0,\"seed\":\"sodium,c5460b37d576319d20bdee162c308e7a\"}\n>player p2 {\"name\":\"ozoroooooooo\",\"avatar\":\"1\",\"rating\":0,\"seed\":\"sodium,c46fcfd011bda94ea4f71c01faa67e20\"}\n>p1 move nastyplot\n>p2 move hex\n>p1 switch 4\n>p2 move hex\n>p1 move dazzlinggleam\n>p2 move willowisp\n>p1 move thunderwave\n>p2 move hex\n>p1 move wish\n>p2 move torchsong\n>p1 switch 2\n>p2 move hex\n>p1 move darkpulse\n>p2 move willowisp\n>p2 switch 4\n>p1 move darkpulse\n>p2 move dazzlinggleam\n>p1 move darkpulse terastallize\n>p2 move agility\n>p2 switch 6\n>p1 move darkpulse\n>p2 move shadowball\n>p2 switch 3\n>p1 move darkpulse\n>p2 move aquajet\n>p1 switch 3\n>p1 move thunderbolt\n>p2 move aquajet terastallize\n>p1 move thunderbolt\n>p2 move aquajet\n>p1 switch 2\n>p1 move wish\n>p2 move aquajet\n>p1 move dazzlinggleam\n>p2 move aquajet\n>p1 switch 4\n>p1 move drainingkiss\n>p2 move aquajet\n>p1 switch 5\n>p1 move closecombat\n>p2 move aquajet\n>p2 switch 2\n>p1 move swordsdance\n>p2 move bravebird\n>p1 switch 6\n>p1 move fireblast\n>p2 move bravebird\n>p2 switch 5\n>p1 move focusblast\n>p2 move bodyslam", "uploadtime": 1781449780, "views": 5, "formatid": "gen9randombattle", "rating": null, "private": 0, "password": null}