{"id": "gen9randombattle-2631917836", "format": "[Gen 9] Random Battle", "players": ["Yomy", "symbionic"], "log": "|j|\u2606Yomy\n|j|\u2606symbionic\n|t:|1781455463\n|gametype|singles\n|player|p1|Yomy|ingo|1989\n|player|p2|symbionic|170|1979\n|gen|9\n|tier|[Gen 9] Random Battle\n|rated|\n|rule|Species Clause: Limit one of each Pok\u00e9mon\n|rule|HP Percentage Mod: HP is shown in percentages\n|rule|Sleep Clause Mod: Limit one foe put to sleep\n|rule|Illusion Level Mod: Illusion disguises the Pok\u00e9mon's true level\n|\n|t:|1781455463\n|teamsize|p1|6\n|teamsize|p2|6\n|start\n|switch|p1a: Skeledirge|Skeledirge, L79, M|294/294\n|switch|p2a: Glimmora|Glimmora, L75, M|248/248\n|turn|1\n|inactive|Battle timer is ON: inactive players will automatically lose when time's up. (requested by symbionic)\n|\n|t:|1781455483\n|switch|p2a: Umbreon|Umbreon, L84, F|297/297\n|switch|p1a: Farigiraf|Farigiraf, L90, M|362/362\n|\n|upkeep\n|turn|2\n|l|\u2606Yomy\n|inactive|Yomy disconnected and has a minute to reconnect!\n|player|p1|\n|j|\u2606Yomy\n|inactive|Yomy reconnected and has 135 seconds left.\n|player|p1|Yomy|ingo|\n|\n|t:|1781455502\n|switch|p1a: Spidops|Spidops, L96, F|271/271\n|move|p2a: Umbreon|Toxic|p1a: Spidops|[miss]\n|-miss|p2a: Umbreon|p1a: Spidops\n|\n|upkeep\n|turn|3\n|\n|t:|1781455513\n|move|p2a: Umbreon|Toxic|p1a: Spidops\n|-status|p1a: Spidops|tox\n|move|p1a: Spidops|Sticky Web|p2a: Umbreon\n|-sidestart|p2: symbionic|move: Sticky Web\n|\n|-damage|p1a: Spidops|255/271 tox|[from] psn\n|upkeep\n|turn|4\n|\n|t:|1781455519\n|switch|p1a: Farigiraf|Farigiraf, L90, M|362/362\n|move|p2a: Umbreon|Wish|p2a: Umbreon\n|\n|upkeep\n|turn|5\n|\n|t:|1781455526\n|move|p1a: Farigiraf|Protect|p1a: Farigiraf\n|-singleturn|p1a: Farigiraf|Protect\n|move|p2a: Umbreon|Toxic|p1a: Farigiraf\n|-activate|p1a: Farigiraf|move: Protect\n|\n|upkeep\n|turn|6\n|\n|t:|1781455531\n|switch|p1a: Spidops|Spidops, L96, F|255/271 tox\n|move|p2a: Umbreon|Foul Play|p1a: Spidops\n|-damage|p1a: Spidops|170/271 tox\n|\n|-damage|p1a: Spidops|154/271 tox|[from] psn\n|upkeep\n|turn|7\n|\n|t:|1781455538\n|move|p2a: Umbreon|Protect|p2a: Umbreon\n|-singleturn|p2a: Umbreon|Protect\n|move|p1a: Spidops|Circle Throw|p2a: Umbreon\n|-activate|p2a: Umbreon|move: Protect\n|\n|-damage|p1a: Spidops|122/271 tox|[from] psn\n|upkeep\n|turn|8\n|\n|t:|1781455551\n|move|p2a: Umbreon|Foul Play|p1a: Spidops\n|-damage|p1a: Spidops|37/271 tox\n|move|p1a: Spidops|Circle Throw|p2a: Umbreon\n|-supereffective|p2a: Umbreon\n|-damage|p2a: Umbreon|215/297\n|drag|p2a: Eiscue|Eiscue, L88, M|274/274\n|-activate|p2a: Eiscue|move: Sticky Web\n|-unboost|p2a: Eiscue|spe|1\n|\n|-damage|p1a: Spidops|0 fnt|[from] psn\n|faint|p1a: Spidops\n|upkeep\n|\n|t:|1781455566\n|switch|p1a: Skeledirge|Skeledirge, L79, M|294/294\n|turn|9\n|\n|t:|1781455576\n|switch|p2a: Umbreon|Umbreon, L84, F|215/297\n|-activate|p2a: Umbreon|move: Sticky Web\n|-unboost|p2a: Umbreon|spe|1\n|move|p1a: Skeledirge|Torch Song|p2a: Umbreon\n|-damage|p2a: Umbreon|152/297\n|-boost|p1a: Skeledirge|spa|1\n|\n|-heal|p2a: Umbreon|170/297|[from] item: Leftovers\n|upkeep\n|turn|10\n|\n|t:|1781455586\n|switch|p1a: Sneasler|Sneasler, L74, M|240/240\n|move|p2a: Umbreon|Toxic|p1a: Sneasler\n|-immune|p1a: Sneasler\n|\n|-heal|p2a: Umbreon|188/297|[from] item: Leftovers\n|upkeep\n|turn|11\n|\n|t:|1781455599\n|switch|p2a: Glimmora|Glimmora, L75, M|248/248\n|-activate|p2a: Glimmora|move: Sticky Web\n|-unboost|p2a: Glimmora|spe|1\n|move|p1a: Sneasler|Swords Dance|p1a: Sneasler\n|-boost|p1a: Sneasler|atk|2\n|\n|upkeep\n|turn|12\n|\n|t:|1781455607\n|move|p1a: Sneasler|Close Combat|p2a: Glimmora\n|-damage|p2a: Glimmora|0 fnt\n|-unboost|p1a: Sneasler|def|1\n|-unboost|p1a: Sneasler|spd|1\n|-activate|p2a: Glimmora|ability: Toxic Debris\n|-sidestart|p1: Yomy|move: Toxic Spikes\n|faint|p2a: Glimmora\n|-enditem|p1a: Sneasler|White Herb\n|-clearnegativeboost|p1a: Sneasler|[silent]\n|\n|upkeep\n|\n|t:|1781455622\n|switch|p2a: Haxorus|Haxorus, L77, F|244/244\n|-activate|p2a: Haxorus|move: Sticky Web\n|-unboost|p2a: Haxorus|spe|1\n|-ability|p2a: Haxorus|Mold Breaker\n|turn|13\n|\n|t:|1781455629\n|move|p1a: Sneasler|Close Combat|p2a: Haxorus\n|-damage|p2a: Haxorus|0 fnt\n|-unboost|p1a: Sneasler|def|1\n|-unboost|p1a: Sneasler|spd|1\n|faint|p2a: Haxorus\n|\n|upkeep\n|\n|t:|1781455635\n|switch|p2a: Eiscue|Eiscue, L88, M|274/274\n|-activate|p2a: Eiscue|move: Sticky Web\n|-unboost|p2a: Eiscue|spe|1\n|turn|14\n|\n|t:|1781455645\n|move|p1a: Sneasler|Acrobatics|p2a: Eiscue\n|-activate|p2a: Eiscue|ability: Ice Face\n|-damage|p2a: Eiscue|274/274\n|detailschange|p2a: Eiscue|Eiscue-Noice, L88, M\n|move|p2a: Eiscue|Ice Spinner|p1a: Sneasler\n|-damage|p1a: Sneasler|60/240\n|\n|upkeep\n|turn|15\n|\n|t:|1781455655\n|-terastallize|p2a: Eiscue|Water\n|move|p1a: Sneasler|Close Combat|p2a: Eiscue\n|-damage|p2a: Eiscue|0 fnt\n|-unboost|p1a: Sneasler|def|1\n|-unboost|p1a: Sneasler|spd|1\n|faint|p2a: Eiscue\n|\n|upkeep\n|-message|symbionic forfeited.\n|\n|win|Yomy\n", "inputlog": ">version a8376a258c1d4662feba110a92103f3664a72141\n>start {\"formatid\":\"gen9randombattle\",\"seed\":\"sodium,ac60faa00d368adec789faae6771cc7e\",\"rated\":\"Rated battle\"}\n>player p1 {\"name\":\"Yomy\",\"avatar\":\"ingo\",\"rating\":1989,\"seed\":\"sodium,bb2379885ea61d5b8caf8ebb5a342b05\"}\n>player p2 {\"name\":\"symbionic\",\"avatar\":\"170\",\"rating\":1979,\"seed\":\"sodium,d8a0741b0ecb9ca056ac87b54203509a\"}\n>p1 switch 3\n>p2 switch 4\n>p1 switch 5\n>p2 move toxic\n>p1 move stickyweb\n>p2 move toxic\n>p1 switch 5\n>p2 move wish\n>p1 move protect\n>p2 move toxic\n>p1 switch 5\n>p2 move foulplay\n>p1 move circlethrow\n>p2 move protect\n>p1 move circlethrow\n>p2 move foulplay\n>p1 switch 3\n>p1 move torchsong\n>p2 switch 6\n>p1 switch 2\n>p2 move toxic\n>p1 move swordsdance\n>p2 switch 4\n>p1 move closecombat\n>p2 move earthpower\n>p2 switch 5\n>p1 move closecombat\n>p2 move earthquake\n>p2 switch 6\n>p1 move acrobatics\n>p2 move icespinner\n>p1 move closecombat\n>p2 move icespinner terastallize\n>forcelose p2", "uploadtime": 1781455465, "views": 4, "formatid": "gen9randombattle", "rating": null, "private": 0, "password": null}