{"id": "gen9randombattle-2631788644", "format": "[Gen 9] Random Battle", "players": ["waddlez21", "kytfvb2"], "log": "|j|\u2606waddlez21\n|j|\u2606kytfvb2\n|t:|1781439825\n|gametype|singles\n|player|p1|waddlez21|swimmer-gen1|2026\n|player|p2|kytfvb2|shadowtriad|2028\n|gen|9\n|tier|[Gen 9] Random Battle\n|rated|\n|rule|Species Clause: Limit one of each Pok\u00e9mon\n|rule|HP Percentage Mod: HP is shown in percentages\n|rule|Sleep Clause Mod: Limit one foe put to sleep\n|rule|Illusion Level Mod: Illusion disguises the Pok\u00e9mon's true level\n|\n|t:|1781439825\n|teamsize|p1|6\n|teamsize|p2|6\n|start\n|switch|p1a: Serperior|Serperior, L79, F|248/248\n|switch|p2a: Palkia|Palkia, L75|259/259\n|-ability|p2a: Palkia|Pressure\n|turn|1\n|inactive|Battle timer is ON: inactive players will automatically lose when time's up. (requested by waddlez21)\n|\n|t:|1781439844\n|move|p1a: Serperior|Substitute|p1a: Serperior\n|-start|p1a: Serperior|Substitute\n|-damage|p1a: Serperior|186/248\n|move|p2a: Palkia|Fire Blast|p1a: Serperior\n|-supereffective|p1a: Serperior\n|-end|p1a: Serperior|Substitute\n|\n|-heal|p1a: Serperior|201/248|[from] item: Leftovers\n|upkeep\n|turn|2\n|\n|t:|1781439868\n|switch|p1a: Lapras|Lapras, L87, M|367/367\n|move|p2a: Palkia|Fire Blast|p1a: Lapras\n|-damage|p1a: Lapras|245/367\n|-status|p1a: Lapras|brn\n|\n|-damage|p1a: Lapras|223/367 brn|[from] brn\n|upkeep\n|turn|3\n|\n|t:|1781439881\n|switch|p2a: Okidogi|Okidogi, L77, M|262/262\n|move|p1a: Lapras|Freeze-Dry|p2a: Okidogi\n|-damage|p2a: Okidogi|153/262\n|\n|-heal|p2a: Okidogi|169/262|[from] item: Leftovers\n|-damage|p1a: Lapras|201/367 brn|[from] brn\n|upkeep\n|turn|4\n|\n|t:|1781439890\n|switch|p1a: Camerupt|Camerupt, L91, M|275/275\n|move|p2a: Okidogi|Drain Punch|p1a: Camerupt\n|-damage|p1a: Camerupt|181/275\n|-heal|p2a: Okidogi|216/262|[from] drain|[of] p1a: Camerupt\n|\n|-heal|p2a: Okidogi|232/262|[from] item: Leftovers\n|-heal|p1a: Camerupt|198/275|[from] item: Leftovers\n|upkeep\n|turn|5\n|\n|t:|1781439904\n|move|p2a: Okidogi|Bulk Up|p2a: Okidogi\n|-boost|p2a: Okidogi|atk|1\n|-boost|p2a: Okidogi|def|1\n|move|p1a: Camerupt|Stealth Rock|p2a: Okidogi\n|-sidestart|p2: kytfvb2|move: Stealth Rock\n|\n|-heal|p2a: Okidogi|248/262|[from] item: Leftovers\n|-heal|p1a: Camerupt|215/275|[from] item: Leftovers\n|upkeep\n|turn|6\n|\n|t:|1781439924\n|move|p2a: Okidogi|Drain Punch|p1a: Camerupt\n|-damage|p1a: Camerupt|70/275\n|-heal|p2a: Okidogi|262/262|[from] drain|[of] p1a: Camerupt\n|move|p1a: Camerupt|Overheat|p2a: Okidogi\n|-damage|p2a: Okidogi|67/262\n|-unboost|p1a: Camerupt|spa|2\n|\n|-heal|p2a: Okidogi|83/262|[from] item: Leftovers\n|-heal|p1a: Camerupt|87/275|[from] item: Leftovers\n|upkeep\n|turn|7\n|\n|t:|1781439935\n|move|p2a: Okidogi|Drain Punch|p1a: Camerupt\n|-crit|p1a: Camerupt\n|-damage|p1a: Camerupt|0 fnt\n|-heal|p2a: Okidogi|127/262|[from] drain|[of] p1a: Camerupt\n|faint|p1a: Camerupt\n|\n|-heal|p2a: Okidogi|143/262|[from] item: Leftovers\n|upkeep\n|\n|t:|1781439938\n|switch|p1a: Gengar|Gengar, L81, F|230/230\n|turn|8\n|\n|t:|1781439942\n|move|p1a: Gengar|Encore|p2a: Okidogi\n|-start|p2a: Okidogi|Encore\n|move|p2a: Okidogi|Drain Punch|p1a: Gengar\n|-immune|p1a: Gengar\n|\n|-heal|p2a: Okidogi|159/262|[from] item: Leftovers\n|upkeep\n|turn|9\n|\n|t:|1781439949\n|move|p1a: Gengar|Sludge Wave|p2a: Okidogi\n|-resisted|p2a: Okidogi\n|-damage|p2a: Okidogi|77/262\n|-damage|p1a: Gengar|207/230|[from] item: Life Orb\n|move|p2a: Okidogi|Drain Punch|p1a: Gengar\n|-immune|p1a: Gengar\n|\n|-heal|p2a: Okidogi|93/262|[from] item: Leftovers\n|upkeep\n|turn|10\n|\n|t:|1781439956\n|move|p1a: Gengar|Shadow Ball|p2a: Okidogi\n|-damage|p2a: Okidogi|0 fnt\n|faint|p2a: Okidogi\n|-damage|p1a: Gengar|184/230|[from] item: Life Orb\n|\n|upkeep\n|\n|t:|1781439961\n|switch|p2a: Mismagius|Mismagius, L86, M|243/243\n|-damage|p2a: Mismagius|213/243|[from] Stealth Rock\n|turn|11\n|\n|t:|1781439969\n|switch|p1a: Ursaluna|Ursaluna-Bloodmoon, L79, M|308/308\n|move|p2a: Mismagius|Shadow Ball|p1a: Ursaluna\n|-immune|p1a: Ursaluna\n|\n|upkeep\n|turn|12\n|\n|t:|1781439981\n|switch|p2a: Meloetta|Meloetta, L82|298/298\n|-damage|p2a: Meloetta|261/298|[from] Stealth Rock\n|move|p1a: Ursaluna|Calm Mind|p1a: Ursaluna\n|-boost|p1a: Ursaluna|spa|1\n|-boost|p1a: Ursaluna|spd|1\n|\n|upkeep\n|turn|13\n|\n|t:|1781439993\n|move|p2a: Meloetta|Relic Song|p1a: Ursaluna\n|-crit|p1a: Ursaluna\n|-damage|p1a: Ursaluna|74/308\n|-status|p1a: Ursaluna|slp|[from] move: Relic Song\n|-formechange|p2a: Meloetta|Meloetta-Pirouette|[msg]\n|-damage|p2a: Meloetta|232/298|[from] item: Life Orb\n|cant|p1a: Ursaluna|slp\n|\n|-heal|p1a: Ursaluna|93/308 slp|[from] item: Leftovers\n|upkeep\n|turn|14\n|\n|t:|1781440008\n|move|p2a: Meloetta|Triple Axel|p1a: Ursaluna\n|-supereffective|p1a: Ursaluna\n|-damage|p1a: Ursaluna|57/308 slp\n|-supereffective|p1a: Ursaluna\n|-damage|p1a: Ursaluna|0 fnt\n|faint|p1a: Ursaluna\n|-hitcount|p1: Ursaluna|2\n|-damage|p2a: Meloetta|203/298|[from] item: Life Orb\n|\n|upkeep\n|\n|t:|1781440026\n|switch|p1a: Serperior|Serperior, L79, F|201/248\n|turn|15\n|\n|t:|1781440041\n|move|p2a: Meloetta|Triple Axel|p1a: Serperior|[miss]\n|-miss|p2a: Meloetta|p1a: Serperior\n|move|p1a: Serperior|Leaf Storm|p2a: Meloetta\n|-damage|p2a: Meloetta|86/298\n|-boost|p1a: Serperior|spa|2\n|\n|-heal|p1a: Serperior|216/248|[from] item: Leftovers\n|upkeep\n|turn|16\n|\n|t:|1781440052\n|move|p2a: Meloetta|Triple Axel|p1a: Serperior\n|-supereffective|p1a: Serperior\n|-damage|p1a: Serperior|169/248\n|-supereffective|p1a: Serperior\n|-damage|p1a: Serperior|78/248\n|-supereffective|p1a: Serperior\n|-damage|p1a: Serperior|0 fnt\n|faint|p1a: Serperior\n|-hitcount|p1: Serperior|3\n|-damage|p2a: Meloetta|57/298|[from] item: Life Orb\n|\n|upkeep\n|inactive|waddlez21 has 120 seconds left.\n|\n|t:|1781440065\n|switch|p1a: Gengar|Gengar, L81, F|184/230\n|turn|17\n|\n|t:|1781440069\n|switch|p1a: Lapras|Lapras, L87, M|201/367 brn\n|move|p2a: Meloetta|Knock Off|p1a: Lapras\n|-damage|p1a: Lapras|88/367 brn\n|-enditem|p1a: Lapras|Choice Specs|[from] move: Knock Off|[of] p2a: Meloetta\n|-damage|p2a: Meloetta|28/298|[from] item: Life Orb\n|\n|-damage|p1a: Lapras|66/367 brn|[from] brn\n|upkeep\n|turn|18\n|\n|t:|1781440074\n|move|p2a: Meloetta|Knock Off|p1a: Lapras\n|-damage|p1a: Lapras|0 fnt\n|faint|p1a: Lapras\n|-damage|p2a: Meloetta|0 fnt|[from] item: Life Orb\n|faint|p2a: Meloetta\n|\n|upkeep\n|\n|t:|1781440083\n|switch|p2a: Ariados|Ariados, L95, M|287/287\n|switch|p1a: Espeon|Espeon, L84, M|246/246\n|turn|19\n|\n|t:|1781440089\n|move|p1a: Espeon|Psyshock|p2a: Ariados\n|-supereffective|p2a: Ariados\n|-damage|p2a: Ariados|0 fnt\n|faint|p2a: Ariados\n|\n|upkeep\n|\n|t:|1781440092\n|switch|p2a: Palkia|Palkia, L75|259/259\n|-damage|p2a: Palkia|227/259|[from] Stealth Rock\n|-ability|p2a: Palkia|Pressure\n|turn|20\n|\n|t:|1781440101\n|move|p1a: Espeon|Psyshock|p2a: Palkia\n|-damage|p2a: Palkia|74/259\n|move|p2a: Palkia|Spacial Rend|p1a: Espeon\n|-damage|p1a: Espeon|57/246\n|\n|upkeep\n|turn|21\n|\n|t:|1781440107\n|move|p1a: Espeon|Psyshock|p2a: Palkia\n|-damage|p2a: Palkia|0 fnt\n|faint|p2a: Palkia\n|\n|upkeep\n|\n|t:|1781440111\n|switch|p2a: Slither Wing|Slither Wing, L81|270/270\n|turn|22\n|\n|t:|1781440116\n|-terastallize|p2a: Slither Wing|Steel\n|move|p1a: Espeon|Psyshock|p2a: Slither Wing\n|-resisted|p2a: Slither Wing\n|-damage|p2a: Slither Wing|185/270\n|move|p2a: Slither Wing|U-turn|p1a: Espeon\n|-supereffective|p1a: Espeon\n|-damage|p1a: Espeon|0 fnt\n|faint|p1a: Espeon\n|\n|t:|1781440121\n|-end|p2a: Slither Wing|Protosynthesis|[silent]\n|switch|p2a: Mismagius|Mismagius, L86, M|213/243|[from] U-turn\n|-damage|p2a: Mismagius|183/243|[from] Stealth Rock\n|\n|upkeep\n|\n|t:|1781440124\n|switch|p1a: Gengar|Gengar, L81, F|184/230\n|turn|23\n|\n|t:|1781440126\n|-terastallize|p1a: Gengar|Fighting\n|move|p2a: Mismagius|Shadow Ball|p1a: Gengar\n|-damage|p1a: Gengar|46/230\n|-damage|p2a: Mismagius|159/243|[from] item: Life Orb\n|move|p1a: Gengar|Shadow Ball|p2a: Mismagius\n|-supereffective|p2a: Mismagius\n|-damage|p2a: Mismagius|0 fnt\n|faint|p2a: Mismagius\n|-damage|p1a: Gengar|23/230|[from] item: Life Orb\n|\n|upkeep\n|\n|t:|1781440131\n|switch|p2a: Slither Wing|Slither Wing, L81, tera:Steel|185/270\n|turn|24\n|\n|t:|1781440137\n|move|p1a: Gengar|Focus Blast|p2a: Slither Wing\n|-supereffective|p2a: Slither Wing\n|-damage|p2a: Slither Wing|0 fnt\n|faint|p2a: Slither Wing\n|-end|p2a: Slither Wing|Protosynthesis|[silent]\n|-damage|p1a: Gengar|0 fnt|[from] item: Life Orb\n|faint|p1a: Gengar\n|\n|win|waddlez21\n", "inputlog": ">version a8376a258c1d4662feba110a92103f3664a72141\n>start {\"formatid\":\"gen9randombattle\",\"seed\":\"sodium,b4aeeb887c5bba7294c19449f78addef\",\"rated\":\"Rated battle\"}\n>player p1 {\"name\":\"waddlez21\",\"avatar\":\"swimmer-gen1\",\"rating\":2026,\"seed\":\"sodium,583a575ff31f442fb898bc82ec6d1c5c\"}\n>player p2 {\"name\":\"kytfvb2\",\"avatar\":\"shadowtriad\",\"rating\":2028,\"seed\":\"sodium,4a5cc28f1391a3c778240ae93e463050\"}\n>p1 move substitute\n>p2 move fireblast\n>p1 switch 6\n>p2 move fireblast\n>p1 move freezedry\n>p2 switch 5\n>p1 switch 4\n>p2 move drainpunch\n>p1 move stealthrock\n>p2 move bulkup\n>p1 move overheat\n>p2 move drainpunch\n>p1 move earthquake\n>p2 move drainpunch\n>p1 switch 5\n>p1 move encore\n>p2 move knockoff\n>p1 move sludgewave\n>p2 move drainpunch\n>p1 move shadowball\n>p2 move drainpunch\n>p2 switch 4\n>p1 switch 3\n>p2 move shadowball\n>p1 move calmmind\n>p2 switch 3\n>p1 move bloodmoon\n>p2 move relicsong\n>p1 move bloodmoon\n>p2 move tripleaxel\n>p1 switch 6\n>p1 move leafstorm\n>p2 move tripleaxel\n>p1 move leafstorm\n>p2 move tripleaxel\n>p1 switch 3\n>p1 switch 4\n>p2 move knockoff\n>p1 move freezedry\n>p2 move knockoff\n>p1 switch 2\n>p2 switch 2\n>p1 move psyshock\n>p2 move megahorn\n>p2 switch 5\n>p1 move psyshock\n>p2 move spacialrend\n>p1 move psyshock\n>p2 move spacialrend\n>p2 switch 6\n>p1 move psyshock\n>p2 move uturn terastallize\n>p2 switch 3\n>p1 switch 4\n>p1 move shadowball terastallize\n>p2 move shadowball\n>p2 switch 3\n>p1 move focusblast\n>p2 move closecombat", "uploadtime": 1781439828, "views": 5, "formatid": "gen9randombattle", "rating": null, "private": 0, "password": null}