{"id": "gen9randombattle-2631523597", "format": "[Gen 9] Random Battle", "players": ["Balthazarj", "Dianaaaaaaa"], "log": "|j|\u2606Balthazarj\n|j|\u2606Dianaaaaaaa\n|t:|1781396306\n|gametype|singles\n|player|p1|Balthazarj|265|1705\n|player|p2|Dianaaaaaaa|psychic-gen4|1699\n|gen|9\n|tier|[Gen 9] Random Battle\n|rated|\n|rule|Species Clause: Limit one of each Pok\u00e9mon\n|rule|HP Percentage Mod: HP is shown in percentages\n|rule|Sleep Clause Mod: Limit one foe put to sleep\n|rule|Illusion Level Mod: Illusion disguises the Pok\u00e9mon's true level\n|\n|t:|1781396306\n|teamsize|p1|6\n|teamsize|p2|6\n|start\n|switch|p1a: Ninetales|Ninetales, L85, F|263/263\n|switch|p2a: Lurantis|Lurantis, L87, M|264/264\n|-weather|SunnyDay|[from] ability: Drought|[of] p1a: Ninetales\n|turn|1\n|inactive|Battle timer is ON: inactive players will automatically lose when time's up. (requested by Dianaaaaaaa)\n|\n|t:|1781396320\n|switch|p2a: Tentacruel|Tentacruel, L84, M|272/272\n|move|p1a: Ninetales|Fire Blast|p2a: Tentacruel\n|-resisted|p2a: Tentacruel\n|-damage|p2a: Tentacruel|212/272\n|\n|-weather|SunnyDay|[upkeep]\n|-heal|p2a: Tentacruel|229/272|[from] item: Leftovers\n|upkeep\n|turn|2\n|\n|t:|1781396330\n|move|p1a: Ninetales|Scorching Sands|p2a: Tentacruel\n|-supereffective|p2a: Tentacruel\n|-damage|p2a: Tentacruel|159/272\n|move|p2a: Tentacruel|Surf|p1a: Ninetales\n|-supereffective|p1a: Ninetales\n|-damage|p1a: Ninetales|183/263\n|\n|-weather|SunnyDay|[upkeep]\n|-heal|p2a: Tentacruel|176/272|[from] item: Leftovers\n|upkeep\n|turn|3\n|\n|t:|1781396353\n|switch|p2a: Girafarig|Girafarig, L89, M|269/269\n|move|p1a: Ninetales|Scorching Sands|p2a: Girafarig\n|-crit|p2a: Girafarig\n|-damage|p2a: Girafarig|216/269\n|\n|-weather|SunnyDay|[upkeep]\n|upkeep\n|turn|4\n|\n|t:|1781396364\n|move|p1a: Ninetales|Fire Blast|p2a: Girafarig\n|-damage|p2a: Girafarig|92/269\n|move|p2a: Girafarig|Psyshock|p1a: Ninetales\n|-damage|p1a: Ninetales|92/263\n|\n|-weather|SunnyDay|[upkeep]\n|upkeep\n|turn|5\n|\n|t:|1781396368\n|switch|p2a: Tentacruel|Tentacruel, L84, M|176/272\n|move|p1a: Ninetales|Fire Blast|p2a: Tentacruel\n|-resisted|p2a: Tentacruel\n|-damage|p2a: Tentacruel|116/272\n|\n|-weather|none\n|-heal|p2a: Tentacruel|133/272|[from] item: Leftovers\n|upkeep\n|turn|6\n|inactive|Balthazarj has 120 seconds left.\n|\n|t:|1781396398\n|move|p1a: Ninetales|Scorching Sands|p2a: Tentacruel\n|-supereffective|p2a: Tentacruel\n|-damage|p2a: Tentacruel|65/272\n|-status|p2a: Tentacruel|brn\n|move|p2a: Tentacruel|Flip Turn|p1a: Ninetales\n|-supereffective|p1a: Ninetales\n|-damage|p1a: Ninetales|31/263\n|\n|t:|1781396419\n|switch|p2a: Girafarig|Girafarig, L89, M|92/269|[from] Flip Turn\n|\n|upkeep\n|turn|7\n|inactive|Balthazarj has 120 seconds left.\n|\n|t:|1781396438\n|move|p1a: Ninetales|Fire Blast|p2a: Girafarig\n|-damage|p2a: Girafarig|13/269\n|move|p2a: Girafarig|Psyshock|p1a: Ninetales\n|-damage|p1a: Ninetales|0 fnt\n|faint|p1a: Ninetales\n|\n|upkeep\n|inactive|Balthazarj has 120 seconds left.\n|\n|t:|1781396448\n|switch|p1a: Breloom|Breloom, L83, F|235/235\n|turn|8\n|inactive|Dianaaaaaaa has 120 seconds left.\n|\n|t:|1781396481\n|move|p1a: Breloom|Mach Punch|p2a: Girafarig\n|-damage|p2a: Girafarig|0 fnt\n|faint|p2a: Girafarig\n|-damage|p1a: Breloom|212/235|[from] item: Life Orb\n|\n|upkeep\n|inactive|Dianaaaaaaa has 120 seconds left.\n|\n|t:|1781396489\n|switch|p2a: Tentacruel|Tentacruel, L84, M|65/272 brn\n|turn|9\n|\n|t:|1781396508\n|switch|p1a: Great Tusk|Great Tusk, L77|304/304\n|move|p2a: Tentacruel|Sludge Bomb|p1a: Great Tusk\n|-resisted|p1a: Great Tusk\n|-crit|p1a: Great Tusk\n|-damage|p1a: Great Tusk|243/304\n|-status|p1a: Great Tusk|psn\n|\n|-heal|p2a: Tentacruel|82/272 brn|[from] item: Leftovers\n|-damage|p1a: Great Tusk|205/304 psn|[from] psn\n|-damage|p2a: Tentacruel|65/272 brn|[from] brn\n|upkeep\n|turn|10\n|\n|t:|1781396515\n|-end|p1a: Great Tusk|Protosynthesis|[silent]\n|switch|p1a: Kyogre|Kyogre, L71|259/259\n|-weather|RainDance|[from] ability: Drizzle|[of] p1a: Kyogre\n|move|p2a: Tentacruel|Surf|p1a: Kyogre\n|-resisted|p1a: Kyogre\n|-damage|p1a: Kyogre|205/259\n|\n|-weather|RainDance|[upkeep]\n|-heal|p2a: Tentacruel|82/272 brn|[from] item: Leftovers\n|-damage|p2a: Tentacruel|65/272 brn|[from] brn\n|upkeep\n|turn|11\n|\n|t:|1781396531\n|switch|p2a: Lurantis|Lurantis, L87, M|264/264\n|move|p1a: Kyogre|Thunder|p2a: Lurantis\n|-resisted|p2a: Lurantis\n|-damage|p2a: Lurantis|229/264\n|\n|-weather|RainDance|[upkeep]\n|-heal|p2a: Lurantis|245/264|[from] item: Leftovers\n|upkeep\n|turn|12\n|\n|t:|1781396544\n|switch|p1a: Breloom|Breloom, L83, F|212/235\n|move|p2a: Lurantis|Leaf Storm|p1a: Breloom\n|-resisted|p1a: Breloom\n|-damage|p1a: Breloom|134/235\n|-boost|p2a: Lurantis|spa|2\n|\n|-weather|RainDance|[upkeep]\n|-heal|p2a: Lurantis|261/264|[from] item: Leftovers\n|upkeep\n|turn|13\n|\n|t:|1781396555\n|move|p1a: Breloom|Rock Tomb|p2a: Lurantis\n|-damage|p2a: Lurantis|162/264\n|-boost|p2a: Lurantis|spe|1\n|-damage|p1a: Breloom|111/235|[from] item: Life Orb\n|move|p2a: Lurantis|Leaf Storm|p1a: Breloom\n|-resisted|p1a: Breloom\n|-damage|p1a: Breloom|0 fnt\n|-boost|p2a: Lurantis|spa|2\n|faint|p1a: Breloom\n|\n|-weather|RainDance|[upkeep]\n|-heal|p2a: Lurantis|178/264|[from] item: Leftovers\n|upkeep\n|c|\u2606Dianaaaaaaa|nice\n|\n|t:|1781396568\n|switch|p1a: Reuniclus|Reuniclus, L88, M|337/337\n|turn|14\n|\n|t:|1781396574\n|move|p2a: Lurantis|Leaf Storm|p1a: Reuniclus\n|-damage|p1a: Reuniclus|0 fnt\n|-boost|p2a: Lurantis|spa|2\n|faint|p1a: Reuniclus\n|\n|-weather|none\n|-heal|p2a: Lurantis|194/264|[from] item: Leftovers\n|upkeep\n|-message|Balthazarj forfeited.\n|\n|win|Dianaaaaaaa\n|raw|Balthazarj's rating: 1705 &rarr; <strong>1685</strong><br />(-20 for losing)\n|raw|Dianaaaaaaa's rating: 1699 &rarr; <strong>1719</strong><br />(+20 for winning)\n|l|\u2606Balthazarj\n|player|p1|\n", "inputlog": ">version a8376a258c1d4662feba110a92103f3664a72141\n>start {\"formatid\":\"gen9randombattle\",\"seed\":\"sodium,21f73e4610f871dd69a1ef6a6d87367b\",\"rated\":\"Rated battle\"}\n>player p1 {\"name\":\"Balthazarj\",\"avatar\":\"265\",\"rating\":1705,\"seed\":\"sodium,d50fecc4f876ecd87af209b2d0a4b4b4\"}\n>player p2 {\"name\":\"Dianaaaaaaa\",\"avatar\":\"psychic-gen4\",\"rating\":1699,\"seed\":\"sodium,4424d80fdd04e63b4afe721e49e7d925\"}\n>p1 move fireblast\n>p2 switch 4\n>p1 move scorchingsands\n>p2 move surf\n>p1 move scorchingsands\n>p2 switch 2\n>p1 move fireblast\n>p2 move psyshock\n>p1 move fireblast\n>p2 switch 2\n>p1 move scorchingsands\n>p2 move flipturn\n>p2 switch 2\n>p1 move fireblast\n>p2 move psyshock\n>p1 switch 2\n>p1 move machpunch\n>p2 move psyshock\n>p2 switch 2\n>p1 switch 3\n>p2 move sludgebomb\n>p1 switch 5\n>p2 move surf\n>p1 move thunder\n>p2 switch 4\n>p1 switch 3\n>p2 move leafstorm\n>p1 move rocktomb\n>p2 move leafstorm\n>chat \u2606Dianaaaaaaa|nice\n>p1 switch 6\n>p1 move psyshock\n>p2 move leafstorm\n>forcelose p1", "uploadtime": 1781396580, "views": 9, "formatid": "gen9randombattle", "rating": 1685, "private": 0, "password": null}