{"id": "gen9randombattle-2631529004", "format": "[Gen 9] Random Battle", "players": ["WhatEver2102", "Duck Cop"], "log": "|j|\u2606WhatEver2102\n|j|\u2606Duck Cop\n|t:|1781397064\n|gametype|singles\n|player|p1|WhatEver2102|juan|1999\n|player|p2|Duck Cop|aetherfoundation|1982\n|gen|9\n|tier|[Gen 9] Random Battle\n|rated|\n|rule|Species Clause: Limit one of each Pok\u00e9mon\n|rule|HP Percentage Mod: HP is shown in percentages\n|rule|Sleep Clause Mod: Limit one foe put to sleep\n|rule|Illusion Level Mod: Illusion disguises the Pok\u00e9mon's true level\n|\n|t:|1781397064\n|teamsize|p1|6\n|teamsize|p2|6\n|start\n|switch|p1a: Sinistcha|Sinistcha-Masterpiece, L83|254/254\n|switch|p2a: Glimmora|Glimmora, L75, M|248/248\n|turn|1\n|\n|t:|1781397082\n|move|p2a: Glimmora|Stealth Rock|p1a: Sinistcha\n|-sidestart|p1: WhatEver2102|move: Stealth Rock\n|move|p1a: Sinistcha|Calm Mind|p1a: Sinistcha\n|-boost|p1a: Sinistcha|spa|1\n|-boost|p1a: Sinistcha|spd|1\n|\n|upkeep\n|turn|2\n|\n|t:|1781397107\n|switch|p2a: Incineroar|Incineroar, L82, M|290/290\n|-ability|p2a: Incineroar|Intimidate|boost\n|-unboost|p1a: Sinistcha|atk|1\n|move|p1a: Sinistcha|Matcha Gotcha|p2a: Incineroar\n|-resisted|p2a: Incineroar\n|-damage|p2a: Incineroar|213/290\n|\n|upkeep\n|turn|3\n|\n|t:|1781397132\n|move|p1a: Sinistcha|Calm Mind|p1a: Sinistcha\n|-boost|p1a: Sinistcha|spa|1\n|-boost|p1a: Sinistcha|spd|1\n|move|p2a: Incineroar|Knock Off|p1a: Sinistcha\n|-supereffective|p1a: Sinistcha\n|-damage|p1a: Sinistcha|42/254\n|-enditem|p1a: Sinistcha|Leftovers|[from] move: Knock Off|[of] p2a: Incineroar\n|\n|upkeep\n|turn|4\n|\n|t:|1781397139\n|move|p1a: Sinistcha|Strength Sap|p2a: Incineroar\n|-unboost|p2a: Incineroar|atk|1\n|-heal|p1a: Sinistcha|254/254\n|move|p2a: Incineroar|Flare Blitz|p1a: Sinistcha\n|-supereffective|p1a: Sinistcha\n|-damage|p1a: Sinistcha|170/254\n|-damage|p2a: Incineroar|185/290|[from] Recoil\n|\n|upkeep\n|turn|5\n|\n|t:|1781397149\n|move|p1a: Sinistcha|Strength Sap|p2a: Incineroar\n|-unboost|p2a: Incineroar|atk|1\n|-heal|p1a: Sinistcha|254/254\n|move|p2a: Incineroar|Swords Dance|p2a: Incineroar\n|-boost|p2a: Incineroar|atk|2\n|\n|upkeep\n|turn|6\n|\n|t:|1781397155\n|move|p1a: Sinistcha|Matcha Gotcha|p2a: Incineroar\n|-resisted|p2a: Incineroar\n|-damage|p2a: Incineroar|86/290\n|move|p2a: Incineroar|Swords Dance|p2a: Incineroar\n|-boost|p2a: Incineroar|atk|2\n|\n|upkeep\n|turn|7\n|\n|t:|1781397166\n|move|p1a: Sinistcha|Shadow Ball|p2a: Incineroar\n|-resisted|p2a: Incineroar\n|-damage|p2a: Incineroar|0 fnt\n|faint|p2a: Incineroar\n|\n|upkeep\n|\n|t:|1781397172\n|switch|p2a: Seviper|Seviper, L93, F|287/287\n|turn|8\n|\n|t:|1781397179\n|move|p2a: Seviper|Swords Dance|p2a: Seviper\n|-boost|p2a: Seviper|atk|2\n|move|p1a: Sinistcha|Shadow Ball|p2a: Seviper\n|-damage|p2a: Seviper|40/287\n|\n|-heal|p2a: Seviper|57/287|[from] item: Leftovers\n|upkeep\n|turn|9\n|\n|t:|1781397187\n|move|p2a: Seviper|Gunk Shot|p1a: Sinistcha|[miss]\n|-miss|p2a: Seviper|p1a: Sinistcha\n|move|p1a: Sinistcha|Shadow Ball|p2a: Seviper\n|-damage|p2a: Seviper|0 fnt\n|faint|p2a: Seviper\n|\n|upkeep\n|c|\u2606Duck Cop|hm\n|inactive|Battle timer is ON: inactive players will automatically lose when time's up. (requested by WhatEver2102)\n|c|\u2606Duck Cop|unfortunately gg lol\n|-message|Duck Cop forfeited.\n|\n|win|WhatEver2102\n", "inputlog": ">version a8376a258c1d4662feba110a92103f3664a72141\n>start {\"formatid\":\"gen9randombattle\",\"seed\":\"sodium,f1d92469f8e2fedacd409824ed9d70ad\",\"rated\":\"Rated battle\"}\n>player p1 {\"name\":\"WhatEver2102\",\"avatar\":\"juan\",\"rating\":1999,\"seed\":\"sodium,72f3d434084b9b255f6457c5fce0302e\"}\n>player p2 {\"name\":\"Duck Cop\",\"avatar\":\"aetherfoundation\",\"rating\":1982,\"seed\":\"sodium,609df1c48e5db153f730d3f9a8297cfe\"}\n>p1 move calmmind\n>p2 move stealthrock\n>p1 move matchagotcha\n>p2 switch 2\n>p1 move calmmind\n>p2 move knockoff\n>p1 move strengthsap\n>p2 move flareblitz\n>p1 move strengthsap\n>p2 move swordsdance\n>p1 move matchagotcha\n>p2 move swordsdance\n>p1 move shadowball\n>p2 move flareblitz\n>p2 switch 4\n>p1 move shadowball\n>p2 move swordsdance\n>p1 move shadowball\n>p2 move gunkshot\n>chat \u2606Duck Cop|hm\n>chat \u2606Duck Cop|unfortunately gg lol\n>forcelose p2", "uploadtime": 1781397065, "views": 10, "formatid": "gen9randombattle", "rating": null, "private": 0, "password": null}