{"id": "gen9randombattle-2631912481", "format": "[Gen 9] Random Battle", "players": ["hendrik980", "Micael Lopes"], "log": "|j|\u2606hendrik980\n|j|\u2606Micael Lopes\n|t:|1781454891\n|gametype|singles\n|player|p1|hendrik980|102|1661\n|player|p2|Micael Lopes|benga|1706\n|gen|9\n|tier|[Gen 9] Random Battle\n|rated|\n|rule|Species Clause: Limit one of each Pok\u00e9mon\n|rule|HP Percentage Mod: HP is shown in percentages\n|rule|Sleep Clause Mod: Limit one foe put to sleep\n|rule|Illusion Level Mod: Illusion disguises the Pok\u00e9mon's true level\n|\n|t:|1781454891\n|teamsize|p1|6\n|teamsize|p2|6\n|start\n|switch|p1a: Lucario|Lucario, L84, M|255/255\n|switch|p2a: Toedscruel|Toedscruel, L87, F|281/281\n|turn|1\n|inactive|Battle timer is ON: inactive players will automatically lose when time's up. (requested by Micael Lopes)\n|\n|t:|1781454900\n|switch|p1a: Masquerain|Masquerain, L87, M|264/264\n|-ability|p1a: Masquerain|Intimidate|boost\n|-unboost|p2a: Toedscruel|atk|1\n|move|p2a: Toedscruel|Toxic|p1a: Masquerain\n|-status|p1a: Masquerain|tox\n|\n|-damage|p1a: Masquerain|248/264 tox|[from] psn\n|upkeep\n|turn|2\n|\n|t:|1781454926\n|switch|p2a: Bombirdier|Bombirdier, L85, F|258/258\n|move|p1a: Masquerain|Hurricane|p2a: Bombirdier\n|-damage|p2a: Bombirdier|138/258\n|-start|p2a: Bombirdier|confusion\n|\n|-damage|p1a: Masquerain|216/264 tox|[from] psn\n|upkeep\n|turn|3\n|\n|t:|1781454932\n|-activate|p2a: Bombirdier|confusion\n|-damage|p2a: Bombirdier|106/258|[from] confusion\n|move|p1a: Masquerain|Sticky Web|p2a: Bombirdier\n|-sidestart|p2: Micael Lopes|move: Sticky Web\n|\n|-damage|p1a: Masquerain|168/264 tox|[from] psn\n|upkeep\n|turn|4\n|\n|t:|1781454938\n|switch|p1a: Corviknight|Corviknight, L80, F|288/288\n|-ability|p1a: Corviknight|Pressure\n|-end|p2a: Bombirdier|confusion\n|move|p2a: Bombirdier|Brave Bird|p1a: Corviknight\n|-resisted|p1a: Corviknight\n|-damage|p1a: Corviknight|229/288\n|-damage|p2a: Bombirdier|87/258|[from] Recoil\n|\n|-heal|p1a: Corviknight|247/288|[from] item: Leftovers\n|upkeep\n|turn|5\n|\n|t:|1781454942\n|switch|p2a: Lanturn|Lanturn, L89, F|367/367\n|-activate|p2a: Lanturn|move: Sticky Web\n|-unboost|p2a: Lanturn|spe|1\n|move|p1a: Corviknight|Brave Bird|p2a: Lanturn\n|-resisted|p2a: Lanturn\n|-damage|p2a: Lanturn|293/367\n|-damage|p1a: Corviknight|223/288|[from] Recoil\n|\n|-heal|p1a: Corviknight|241/288|[from] item: Leftovers\n|-heal|p2a: Lanturn|315/367|[from] item: Leftovers\n|upkeep\n|turn|6\n|\n|t:|1781454949\n|move|p1a: Corviknight|U-turn|p2a: Lanturn\n|-damage|p2a: Lanturn|256/367\n|\n|t:|1781454954\n|switch|p1a: Lucario|Lucario, L84, M|255/255|[from] U-turn\n|move|p2a: Lanturn|Thunder Wave|p1a: Lucario\n|-status|p1a: Lucario|par\n|\n|-heal|p2a: Lanturn|278/367|[from] item: Leftovers\n|upkeep\n|turn|7\n|inactive|Micael Lopes has 120 seconds left.\n|inactive|Micael Lopes has 90 seconds left.\n|\n|t:|1781455014\n|move|p2a: Lanturn|Thunderbolt|p1a: Lucario\n|-damage|p1a: Lucario|159/255 par\n|cant|p1a: Lucario|par\n|\n|-heal|p2a: Lanturn|300/367|[from] item: Leftovers\n|upkeep\n|turn|8\n|\n|t:|1781455026\n|switch|p2a: Toedscruel|Toedscruel, L87, F|281/281\n|-activate|p2a: Toedscruel|move: Sticky Web\n|-unboost|p2a: Toedscruel|spe|1\n|move|p1a: Lucario|Aura Sphere|p2a: Toedscruel\n|-damage|p2a: Toedscruel|190/281\n|-damage|p1a: Lucario|134/255 par|[from] item: Life Orb\n|\n|-heal|p2a: Toedscruel|207/281|[from] item: Leftovers\n|upkeep\n|turn|9\n|\n|t:|1781455031\n|switch|p1a: Corviknight|Corviknight, L80, F|241/288\n|-ability|p1a: Corviknight|Pressure\n|move|p2a: Toedscruel|Rapid Spin|p1a: Corviknight\n|-resisted|p1a: Corviknight\n|-damage|p1a: Corviknight|229/288\n|-boost|p2a: Toedscruel|spe|1\n|-sideend|p2: Micael Lopes|Sticky Web|[from] move: Rapid Spin|[of] p2a: Toedscruel\n|\n|-heal|p2a: Toedscruel|224/281|[from] item: Leftovers\n|-heal|p1a: Corviknight|247/288|[from] item: Leftovers\n|upkeep\n|turn|10\n|\n|t:|1781455036\n|switch|p2a: Lanturn|Lanturn, L89, F|300/367\n|move|p1a: Corviknight|Brave Bird|p2a: Lanturn\n|-resisted|p2a: Lanturn\n|-damage|p2a: Lanturn|227/367\n|-damage|p1a: Corviknight|223/288|[from] Recoil\n|\n|-heal|p2a: Lanturn|249/367|[from] item: Leftovers\n|-heal|p1a: Corviknight|241/288|[from] item: Leftovers\n|upkeep\n|turn|11\n|inactive|Micael Lopes has 120 seconds left.\n|\n|t:|1781455042\n|switch|p1a: Lucario|Lucario, L84, M|134/255 par\n|move|p2a: Lanturn|Thunderbolt|p1a: Lucario\n|-damage|p1a: Lucario|31/255 par\n|\n|-heal|p2a: Lanturn|271/367|[from] item: Leftovers\n|upkeep\n|turn|12\n|\n|t:|1781455049\n|move|p1a: Lucario|Vacuum Wave|p2a: Lanturn\n|-damage|p2a: Lanturn|197/367\n|-damage|p1a: Lucario|6/255 par|[from] item: Life Orb\n|move|p2a: Lanturn|Thunderbolt|p1a: Lucario\n|-damage|p1a: Lucario|0 fnt\n|faint|p1a: Lucario\n|\n|-heal|p2a: Lanturn|219/367|[from] item: Leftovers\n|upkeep\n|\n|t:|1781455057\n|switch|p1a: Arcanine|Arcanine-Hisui, L79, F|279/279\n|turn|13\n|\n|t:|1781455068\n|-terastallize|p2a: Lanturn|Flying\n|move|p1a: Arcanine|Head Smash|p2a: Lanturn\n|-supereffective|p2a: Lanturn\n|-damage|p2a: Lanturn|0 fnt\n|faint|p2a: Lanturn\n|\n|upkeep\n|\n|t:|1781455072\n|switch|p2a: Zebstrika|Zebstrika, L87, F|272/272\n|turn|14\n|\n|t:|1781455078\n|switch|p1a: Masquerain|Masquerain, L87, M|168/264 tox\n|-ability|p1a: Masquerain|Intimidate|boost\n|-unboost|p2a: Zebstrika|atk|1\n|move|p2a: Zebstrika|Volt Switch|p1a: Masquerain\n|-supereffective|p1a: Masquerain\n|-damage|p1a: Masquerain|0 fnt\n|faint|p1a: Masquerain\n|-damage|p2a: Zebstrika|245/272|[from] item: Life Orb\n|inactive|Micael Lopes has 120 seconds left.\n|\n|t:|1781455123\n|switch|p2a: Bombirdier|Bombirdier, L85, F|87/258|[from] Volt Switch\n|\n|upkeep\n|\n|t:|1781455135\n|switch|p1a: Arcanine|Arcanine-Hisui, L79, F|279/279\n|turn|15\n|inactive|Micael Lopes has 120 seconds left.\n|\n|t:|1781455152\n|move|p2a: Bombirdier|Stone Edge|p1a: Arcanine\n|-supereffective|p1a: Arcanine\n|-damage|p1a: Arcanine|19/279\n|move|p1a: Arcanine|Flare Blitz|p2a: Bombirdier\n|-damage|p2a: Bombirdier|0 fnt\n|faint|p2a: Bombirdier\n|\n|upkeep\n|\n|t:|1781455156\n|switch|p2a: Zebstrika|Zebstrika, L87, F|245/272\n|turn|16\n|\n|t:|1781455159\n|move|p2a: Zebstrika|High Horsepower|p1a: Arcanine\n|-supereffective|p1a: Arcanine\n|-damage|p1a: Arcanine|0 fnt\n|faint|p1a: Arcanine\n|-damage|p2a: Zebstrika|218/272|[from] item: Life Orb\n|\n|upkeep\n|\n|t:|1781455163\n|switch|p1a: Kommo-o|Kommo-o, L78, M|245/245\n|turn|17\n|\n|t:|1781455173\n|move|p2a: Zebstrika|Volt Switch|p1a: Kommo-o\n|-resisted|p1a: Kommo-o\n|-damage|p1a: Kommo-o|202/245\n|-damage|p2a: Zebstrika|191/272|[from] item: Life Orb\n|\n|t:|1781455176\n|switch|p2a: Eiscue|Eiscue, L88, F|274/274|[from] Volt Switch\n|move|p1a: Kommo-o|Swords Dance|p1a: Kommo-o\n|-boost|p1a: Kommo-o|atk|2\n|\n|upkeep\n|turn|18\n|\n|t:|1781455188\n|move|p1a: Kommo-o|Scale Shot|p2a: Eiscue|[miss]\n|-miss|p1a: Kommo-o|p2a: Eiscue\n|move|p2a: Eiscue|Ice Spinner|p1a: Kommo-o\n|-supereffective|p1a: Kommo-o\n|-damage|p1a: Kommo-o|56/245\n|\n|upkeep\n|turn|19\n|\n|t:|1781455193\n|move|p1a: Kommo-o|Scale Shot|p2a: Eiscue\n|-activate|p2a: Eiscue|ability: Ice Face\n|-damage|p2a: Eiscue|274/274\n|detailschange|p2a: Eiscue|Eiscue-Noice, L88, F\n|-damage|p2a: Eiscue|220/274\n|-damage|p2a: Eiscue|156/274\n|-damage|p2a: Eiscue|102/274\n|-enditem|p2a: Eiscue|Sitrus Berry|[eat]\n|-heal|p2a: Eiscue|170/274|[from] item: Sitrus Berry\n|-hitcount|p2a: Eiscue|4\n|-unboost|p1a: Kommo-o|def|1\n|-boost|p1a: Kommo-o|spe|1\n|move|p2a: Eiscue|Belly Drum|p2a: Eiscue\n|-damage|p2a: Eiscue|33/274\n|-setboost|p2a: Eiscue|atk|6|[from] move: Belly Drum\n|\n|upkeep\n|turn|20\n|\n|t:|1781455207\n|move|p2a: Eiscue|Ice Spinner|p1a: Kommo-o\n|-supereffective|p1a: Kommo-o\n|-damage|p1a: Kommo-o|0 fnt\n|faint|p1a: Kommo-o\n|\n|upkeep\n|\n|t:|1781455212\n|switch|p1a: Deoxys|Deoxys, L74|196/196\n|-ability|p1a: Deoxys|Pressure\n|turn|21\n|-message|hendrik980 forfeited.\n|\n|win|Micael Lopes\n|raw|hendrik980's rating: 1661 &rarr; <strong>1643</strong><br />(-18 for losing)\n|raw|Micael Lopes's rating: 1689 &rarr; <strong>1707</strong><br />(+18 for winning)\n|l|\u2606hendrik980\n|player|p1|\n|c|\u2606Micael Lopes|**__Sexy game.__**\n", "inputlog": ">version a8376a258c1d4662feba110a92103f3664a72141\n>start {\"formatid\":\"gen9randombattle\",\"seed\":\"sodium,73f3809ccfbd1dc6da4f05a002bfef3d\",\"rated\":\"Rated battle\"}\n>player p1 {\"name\":\"hendrik980\",\"avatar\":\"102\",\"rating\":1661,\"seed\":\"sodium,504493f2ab8bf1229ae6ee1a5205e7da\"}\n>player p2 {\"name\":\"Micael Lopes\",\"avatar\":\"benga\",\"rating\":1706,\"seed\":\"sodium,935c9543d17075caf2dadd25e2b38185\"}\n>p1 switch 4\n>p2 move toxic\n>p1 move hurricane\n>p2 switch 4\n>p1 move stickyweb\n>p2 move bravebird\n>p1 switch 5\n>p2 move bravebird\n>p1 move bravebird\n>p2 switch 2\n>p1 move uturn\n>p2 move thunderwave\n>p1 switch 4\n>p1 move aurasphere\n>p2 move thunderbolt\n>p1 move aurasphere\n>p2 switch 4\n>p1 switch 4\n>p2 move rapidspin\n>p1 move bravebird\n>p2 switch 4\n>p1 switch 4\n>p2 move thunderbolt\n>p1 move vacuumwave\n>p2 move thunderbolt\n>p1 switch 2\n>p1 move headsmash\n>p2 move thunderwave terastallize\n>p2 switch 6\n>p1 switch 5\n>p2 move voltswitch\n>p2 switch 2\n>p1 switch 5\n>p1 move flareblitz\n>p2 move stoneedge\n>p2 switch 2\n>p1 move flareblitz\n>p2 move highhorsepower\n>p1 switch 3\n>p1 move swordsdance\n>p2 move voltswitch\n>p2 switch 3\n>p1 move scaleshot\n>p2 move icespinner\n>p1 move scaleshot\n>p2 move bellydrum\n>p1 move ironhead\n>p2 move icespinner\n>p1 switch 6\n>forcelose p1", "uploadtime": 1781455233, "views": 3, "formatid": "gen9randombattle", "rating": 1643, "private": 0, "password": null}