{"id": "gen9randombattle-2632003347", "format": "[Gen 9] Random Battle", "players": ["laundry bias", "geb gamer"], "log": "|j|\u2606laundry bias\n|j|\u2606geb gamer\n|t:|1781464858\n|gametype|singles\n|player|p1|laundry bias|101|1969\n|player|p2|geb gamer|101|1979\n|gen|9\n|tier|[Gen 9] Random Battle\n|rated|\n|rule|Species Clause: Limit one of each Pok\u00e9mon\n|rule|HP Percentage Mod: HP is shown in percentages\n|rule|Sleep Clause Mod: Limit one foe put to sleep\n|rule|Illusion Level Mod: Illusion disguises the Pok\u00e9mon's true level\n|\n|t:|1781464858\n|teamsize|p1|6\n|teamsize|p2|6\n|start\n|switch|p1a: Regice|Regice, L88|284/284\n|switch|p2a: Arceus|Arceus-Water, L71|288/288\n|turn|1\n|\n|t:|1781464904\n|switch|p2a: Komala|Komala, L88, M|258/258\n|-ability|p2a: Komala|Comatose\n|move|p1a: Regice|Thunderbolt|p2a: Komala\n|-damage|p2a: Komala|216/258\n|\n|upkeep\n|turn|2\n|\n|t:|1781464930\n|switch|p1a: Persian|Persian-Alola, L86, M|252/252\n|move|p2a: Komala|U-turn|p1a: Persian\n|-supereffective|p1a: Persian\n|-damage|p1a: Persian|174/252\n|\n|t:|1781464944\n|switch|p2a: Arceus|Arceus-Water, L71|288/288|[from] U-turn\n|\n|upkeep\n|turn|3\n|\n|t:|1781464959\n|switch|p1a: Regice|Regice, L88|284/284\n|move|p2a: Arceus|Judgment|p1a: Regice\n|-damage|p1a: Regice|235/284\n|\n|upkeep\n|turn|4\n|\n|t:|1781464977\n|switch|p2a: Komala|Komala, L88, M|216/258\n|-ability|p2a: Komala|Comatose\n|move|p1a: Regice|Ice Beam|p2a: Komala\n|-damage|p2a: Komala|156/258\n|\n|upkeep\n|turn|5\n|\n|t:|1781464996\n|move|p2a: Komala|Knock Off|p1a: Regice\n|-damage|p1a: Regice|163/284\n|-enditem|p1a: Regice|Heavy-Duty Boots|[from] move: Knock Off|[of] p2a: Komala\n|move|p1a: Regice|Ice Beam|p2a: Komala\n|-damage|p2a: Komala|95/258\n|\n|upkeep\n|turn|6\n|\n|t:|1781465003\n|move|p2a: Komala|Body Slam|p1a: Regice\n|-damage|p1a: Regice|58/284\n|move|p1a: Regice|Rest|p1a: Regice\n|-status|p1a: Regice|slp|[from] move: Rest\n|-heal|p1a: Regice|284/284 slp|[silent]\n|\n|upkeep\n|turn|7\n|\n|t:|1781465063\n|move|p2a: Komala|Body Slam|p1a: Regice\n|-damage|p1a: Regice|188/284 slp\n|cant|p1a: Regice|slp\n|move|p1a: Regice|Sleep Talk|p1a: Regice\n|move|p1a: Regice|Thunderbolt|p2a: Komala|[from] move: Sleep Talk\n|-crit|p2a: Komala\n|-damage|p2a: Komala|30/258\n|\n|upkeep\n|turn|8\n|\n|t:|1781465085\n|switch|p1a: Persian|Persian-Alola, L86, M|174/252\n|move|p2a: Komala|Body Slam|p1a: Persian\n|-damage|p1a: Persian|98/252\n|\n|upkeep\n|turn|9\n|\n|t:|1781465110\n|switch|p2a: Arceus|Arceus-Water, L71|288/288\n|move|p1a: Persian|Dark Pulse|p2a: Arceus\n|-damage|p2a: Arceus|194/288\n|-damage|p1a: Persian|73/252|[from] item: Life Orb\n|\n|upkeep\n|turn|10\n|\n|t:|1781465132\n|switch|p1a: Regice|Regice, L88|188/284 slp\n|move|p2a: Arceus|Judgment|p1a: Regice\n|-damage|p1a: Regice|134/284 slp\n|\n|upkeep\n|turn|11\n|\n|t:|1781465156\n|switch|p2a: Iron Thorns|Iron Thorns, L83|302/302\n|-enditem|p2a: Iron Thorns|Booster Energy\n|-activate|p2a: Iron Thorns|ability: Quark Drive|[fromitem]\n|-start|p2a: Iron Thorns|quarkdriveatk\n|cant|p1a: Regice|slp\n|move|p1a: Regice|Sleep Talk|p1a: Regice\n|move|p1a: Regice|Ice Beam|p2a: Iron Thorns|[from] move: Sleep Talk\n|-crit|p2a: Iron Thorns\n|-damage|p2a: Iron Thorns|118/302\n|\n|upkeep\n|turn|12\n|\n|t:|1781465177\n|switch|p1a: Heracross|Heracross, L80, M|259/259\n|move|p2a: Iron Thorns|Wild Charge|p1a: Heracross\n|-damage|p1a: Heracross|78/259\n|-damage|p2a: Iron Thorns|73/302|[from] Recoil\n|\n|upkeep\n|turn|13\n|\n|t:|1781465189\n|-end|p2a: Iron Thorns|Quark Drive|[silent]\n|switch|p2a: Enamorus|Enamorus, L79, F|247/247\n|move|p1a: Heracross|Close Combat|p2a: Enamorus\n|-resisted|p2a: Enamorus\n|-damage|p2a: Enamorus|200/247\n|-unboost|p1a: Heracross|def|1\n|-unboost|p1a: Heracross|spd|1\n|\n|-heal|p2a: Enamorus|215/247|[from] item: Leftovers\n|upkeep\n|turn|14\n|\n|t:|1781465219\n|switch|p1a: Munkidori|Munkidori, L79, M|269/269\n|move|p2a: Enamorus|Superpower|p1a: Munkidori\n|-resisted|p1a: Munkidori\n|-damage|p1a: Munkidori|242/269\n|-boost|p2a: Enamorus|atk|1\n|-boost|p2a: Enamorus|def|1\n|\n|-heal|p2a: Enamorus|230/247|[from] item: Leftovers\n|upkeep\n|turn|15\n|inactive|Battle timer is ON: inactive players will automatically lose when time's up. (requested by laundry bias)\n|\n|t:|1781465264\n|switch|p2a: Komala|Komala, L88, M|30/258\n|-ability|p2a: Komala|Comatose\n|move|p1a: Munkidori|Sludge Wave|p2a: Komala\n|-damage|p2a: Komala|0 fnt\n|faint|p2a: Komala\n|\n|upkeep\n|\n|t:|1781465277\n|switch|p2a: Reuniclus|Reuniclus, L88, M|337/337\n|turn|16\n|\n|t:|1781465282\n|move|p1a: Munkidori|U-turn|p2a: Reuniclus\n|-supereffective|p2a: Reuniclus\n|-damage|p2a: Reuniclus|259/337\n|\n|t:|1781465283\n|switch|p1a: Persian|Persian-Alola, L86, M|73/252|[from] U-turn\n|move|p2a: Reuniclus|Focus Blast|p1a: Persian\n|-supereffective|p1a: Persian\n|-damage|p1a: Persian|0 fnt\n|faint|p1a: Persian\n|\n|upkeep\n|\n|t:|1781465287\n|switch|p1a: Heracross|Heracross, L80, M|78/259\n|turn|17\n|\n|t:|1781465308\n|switch|p1a: Munkidori|Munkidori, L79, M|242/269\n|switch|p2a: Iron Thorns|Iron Thorns, L83|73/302\n|\n|upkeep\n|turn|18\n|inactive|laundry bias has 120 seconds left.\n|\n|t:|1781465337\n|-end|p2a: Iron Thorns|Quark Drive|[silent]\n|switch|p2a: Reuniclus|Reuniclus, L88, M|259/337\n|move|p1a: Munkidori|Psychic Noise|p2a: Reuniclus\n|-resisted|p2a: Reuniclus\n|-damage|p2a: Reuniclus|218/337\n|-start|p2a: Reuniclus|move: Heal Block\n|\n|upkeep\n|turn|19\n|\n|t:|1781465364\n|move|p1a: Munkidori|U-turn|p2a: Reuniclus\n|-supereffective|p2a: Reuniclus\n|-damage|p2a: Reuniclus|138/337\n|inactive|laundry bias has 120 seconds left.\n|\n|t:|1781465377\n|switch|p1a: Mew|Mew, L82|298/298|[from] U-turn\n|move|p2a: Reuniclus|Psyshock|p1a: Mew\n|-resisted|p1a: Mew\n|-damage|p1a: Mew|228/298\n|\n|-end|p2a: Reuniclus|move: Heal Block\n|upkeep\n|turn|20\n|\n|t:|1781465385\n|move|p1a: Mew|Nasty Plot|p1a: Mew\n|-boost|p1a: Mew|spa|2\n|move|p2a: Reuniclus|Recover|p2a: Reuniclus\n|-heal|p2a: Reuniclus|307/337\n|\n|upkeep\n|turn|21\n|\n|t:|1781465395\n|switch|p2a: Iron Thorns|Iron Thorns, L83|73/302\n|move|p1a: Mew|Nasty Plot|p1a: Mew\n|-boost|p1a: Mew|spa|2\n|\n|upkeep\n|turn|22\n|\n|t:|1781465398\n|move|p1a: Mew|Psyshock|p2a: Iron Thorns\n|-damage|p2a: Iron Thorns|0 fnt\n|faint|p2a: Iron Thorns\n|-end|p2a: Iron Thorns|Quark Drive|[silent]\n|-damage|p1a: Mew|199/298|[from] item: Life Orb\n|\n|upkeep\n|\n|t:|1781465426\n|switch|p2a: Arceus|Arceus-Water, L71|194/288\n|turn|23\n|\n|t:|1781465443\n|move|p2a: Arceus|Judgment|p1a: Mew\n|-damage|p1a: Mew|93/298\n|move|p1a: Mew|Psyshock|p2a: Arceus\n|-damage|p2a: Arceus|0 fnt\n|faint|p2a: Arceus\n|-damage|p1a: Mew|64/298|[from] item: Life Orb\n|\n|upkeep\n|\n|t:|1781465452\n|switch|p2a: Enamorus|Enamorus, L79, F|230/247\n|turn|24\n|\n|t:|1781465455\n|switch|p1a: Munkidori|Munkidori, L79, M|242/269\n|move|p2a: Enamorus|Play Rough|p1a: Munkidori\n|-resisted|p1a: Munkidori\n|-damage|p1a: Munkidori|181/269\n|-unboost|p1a: Munkidori|atk|1\n|\n|-heal|p2a: Enamorus|245/247|[from] item: Leftovers\n|upkeep\n|turn|25\n|\n|t:|1781465469\n|switch|p2a: Reuniclus|Reuniclus, L88, M|307/337\n|move|p1a: Munkidori|Sludge Wave|p2a: Reuniclus\n|-damage|p2a: Reuniclus|201/337\n|-status|p2a: Reuniclus|psn\n|\n|upkeep\n|turn|26\n|\n|t:|1781465478\n|move|p1a: Munkidori|U-turn|p2a: Reuniclus\n|-supereffective|p2a: Reuniclus\n|-damage|p2a: Reuniclus|147/337 psn\n|\n|t:|1781465482\n|switch|p1a: Mew|Mew, L82|64/298|[from] U-turn\n|move|p2a: Reuniclus|Psyshock|p1a: Mew\n|-resisted|p1a: Mew\n|-damage|p1a: Mew|0 fnt\n|faint|p1a: Mew\n|\n|upkeep\n|\n|t:|1781465496\n|switch|p1a: Heracross|Heracross, L80, M|78/259\n|turn|27\n|\n|t:|1781465506\n|move|p1a: Heracross|Knock Off|p2a: Reuniclus\n|-supereffective|p2a: Reuniclus\n|-damage|p2a: Reuniclus|0 fnt\n|-enditem|p2a: Reuniclus|Life Orb|[from] move: Knock Off|[of] p1a: Heracross\n|faint|p2a: Reuniclus\n|-ability|p1a: Heracross|Moxie|boost\n|-boost|p1a: Heracross|atk|1\n|\n|upkeep\n|\n|t:|1781465508\n|switch|p2a: Enamorus|Enamorus, L79, F|245/247\n|turn|28\n|\n|t:|1781465529\n|switch|p1a: Munkidori|Munkidori, L79, M|181/269\n|move|p2a: Enamorus|Superpower|p1a: Munkidori\n|-resisted|p1a: Munkidori\n|-damage|p1a: Munkidori|153/269\n|-boost|p2a: Enamorus|atk|1\n|-boost|p2a: Enamorus|def|1\n|\n|-heal|p2a: Enamorus|247/247|[from] item: Leftovers\n|upkeep\n|turn|29\n|\n|t:|1781465532\n|move|p1a: Munkidori|Fake Out|p2a: Enamorus\n|-damage|p2a: Enamorus|228/247\n|-status|p2a: Enamorus|tox|[from] ability: Toxic Chain|[of] p1a: Munkidori\n|cant|p2a: Enamorus|flinch\n|\n|-heal|p2a: Enamorus|243/247 tox|[from] item: Leftovers\n|-damage|p2a: Enamorus|228/247 tox|[from] psn\n|upkeep\n|turn|30\n|inactive|laundry bias has 120 seconds left.\n|\n|t:|1781465566\n|move|p1a: Munkidori|Sludge Wave|p2a: Enamorus\n|-supereffective|p2a: Enamorus\n|-damage|p2a: Enamorus|0 fnt\n|faint|p2a: Enamorus\n|\n|upkeep\n|-message|geb gamer forfeited.\n|\n|win|laundry bias\n", "uploadtime": 1781464861, "views": 4, "formatid": "gen9randombattle", "rating": null, "private": 0, "password": null}