{"id": "gen9randombattle-2631978529", "format": "[Gen 9] Random Battle", "players": ["SteelixPrismGX", "Abe1254"], "log": "|j|\u2606SteelixPrismGX\n|j|\u2606Abe1254\n|t:|1781462119\n|gametype|singles\n|player|p1|SteelixPrismGX|siebold|2060\n|player|p2|Abe1254|cheren-gen5bw2|2003\n|gen|9\n|tier|[Gen 9] Random Battle\n|rated|\n|rule|Species Clause: Limit one of each Pok\u00e9mon\n|rule|HP Percentage Mod: HP is shown in percentages\n|rule|Sleep Clause Mod: Limit one foe put to sleep\n|rule|Illusion Level Mod: Illusion disguises the Pok\u00e9mon's true level\n|\n|t:|1781462119\n|teamsize|p1|6\n|teamsize|p2|6\n|start\n|switch|p1a: Jolteon|Jolteon, L84, F|246/246\n|switch|p2a: Mienshao|Mienshao, L83, M|244/244\n|turn|1\n|\n|t:|1781462129\n|switch|p2a: Bellibolt|Bellibolt, L84, M|320/320\n|move|p1a: Jolteon|Substitute|p1a: Jolteon\n|-start|p1a: Jolteon|Substitute\n|-damage|p1a: Jolteon|185/246\n|\n|-heal|p1a: Jolteon|200/246|[from] item: Leftovers\n|upkeep\n|turn|2\n|inactive|Battle timer is ON: inactive players will automatically lose when time's up. (requested by Abe1254)\n|\n|t:|1781462138\n|move|p1a: Jolteon|Calm Mind|p1a: Jolteon\n|-boost|p1a: Jolteon|spa|1\n|-boost|p1a: Jolteon|spd|1\n|move|p2a: Bellibolt|Muddy Water|p1a: Jolteon\n|-activate|p1a: Jolteon|move: Substitute|[damage]\n|\n|-heal|p1a: Jolteon|215/246|[from] item: Leftovers\n|upkeep\n|turn|3\n|\n|t:|1781462148\n|move|p1a: Jolteon|Calm Mind|p1a: Jolteon\n|-boost|p1a: Jolteon|spa|1\n|-boost|p1a: Jolteon|spd|1\n|move|p2a: Bellibolt|Muddy Water|p1a: Jolteon|[miss]\n|-miss|p2a: Bellibolt|p1a: Jolteon\n|\n|-heal|p1a: Jolteon|230/246|[from] item: Leftovers\n|upkeep\n|turn|4\n|\n|t:|1781462153\n|switch|p2a: Quagsire|Quagsire, L84, M|297/297\n|move|p1a: Jolteon|Thunderbolt|p2a: Quagsire\n|-immune|p2a: Quagsire\n|\n|-heal|p1a: Jolteon|245/246|[from] item: Leftovers\n|upkeep\n|turn|5\n|\n|t:|1781462162\n|-terastallize|p1a: Jolteon|Ice\n|move|p1a: Jolteon|Tera Blast|p2a: Quagsire|[anim] Tera Blast Ice\n|-damage|p2a: Quagsire|180/297\n|move|p2a: Quagsire|Earthquake|p1a: Jolteon\n|-end|p1a: Jolteon|Substitute\n|\n|-heal|p1a: Jolteon|246/246|[from] item: Leftovers\n|-heal|p2a: Quagsire|198/297|[from] item: Leftovers\n|upkeep\n|turn|6\n|\n|t:|1781462170\n|move|p1a: Jolteon|Substitute|p1a: Jolteon\n|-start|p1a: Jolteon|Substitute\n|-damage|p1a: Jolteon|185/246\n|move|p2a: Quagsire|Toxic||[still]\n|-fail|p2a: Quagsire\n|\n|-heal|p1a: Jolteon|200/246|[from] item: Leftovers\n|-heal|p2a: Quagsire|216/297|[from] item: Leftovers\n|upkeep\n|turn|7\n|\n|t:|1781462174\n|move|p1a: Jolteon|Tera Blast|p2a: Quagsire|[anim] Tera Blast Ice\n|-damage|p2a: Quagsire|105/297\n|move|p2a: Quagsire|Earthquake|p1a: Jolteon\n|-end|p1a: Jolteon|Substitute\n|\n|-heal|p1a: Jolteon|215/246|[from] item: Leftovers\n|-heal|p2a: Quagsire|123/297|[from] item: Leftovers\n|upkeep\n|turn|8\n|\n|t:|1781462179\n|move|p1a: Jolteon|Substitute|p1a: Jolteon\n|-start|p1a: Jolteon|Substitute\n|-damage|p1a: Jolteon|154/246\n|move|p2a: Quagsire|Recover|p2a: Quagsire\n|-heal|p2a: Quagsire|272/297\n|\n|-heal|p1a: Jolteon|169/246|[from] item: Leftovers\n|-heal|p2a: Quagsire|290/297|[from] item: Leftovers\n|upkeep\n|turn|9\n|\n|t:|1781462185\n|move|p1a: Jolteon|Tera Blast|p2a: Quagsire|[anim] Tera Blast Ice\n|-damage|p2a: Quagsire|178/297\n|move|p2a: Quagsire|Earthquake|p1a: Jolteon\n|-end|p1a: Jolteon|Substitute\n|\n|-heal|p1a: Jolteon|184/246|[from] item: Leftovers\n|-heal|p2a: Quagsire|196/297|[from] item: Leftovers\n|upkeep\n|turn|10\n|\n|t:|1781462190\n|switch|p1a: Kleavor|Kleavor, L78, F|237/237\n|move|p2a: Quagsire|Earthquake|p1a: Kleavor\n|-damage|p1a: Kleavor|144/237\n|\n|-heal|p2a: Quagsire|214/297|[from] item: Leftovers\n|upkeep\n|turn|11\n|\n|t:|1781462205\n|switch|p2a: Chesnaught|Chesnaught, L84, M|285/285\n|move|p1a: Kleavor|X-Scissor|p2a: Chesnaught\n|-damage|p2a: Chesnaught|107/285\n|\n|-heal|p2a: Chesnaught|124/285|[from] item: Leftovers\n|upkeep\n|turn|12\n|\n|t:|1781462225\n|switch|p2a: Mienshao|Mienshao, L83, M|244/244\n|move|p1a: Kleavor|X-Scissor|p2a: Mienshao\n|-resisted|p2a: Mienshao\n|-damage|p2a: Mienshao|97/244\n|\n|upkeep\n|turn|13\n|\n|t:|1781462233\n|switch|p1a: Torkoal|Torkoal, L88, M|266/266\n|-weather|SunnyDay|[from] ability: Drought|[of] p1a: Torkoal\n|move|p2a: Mienshao|Close Combat|p1a: Torkoal\n|-damage|p1a: Torkoal|144/266\n|-unboost|p2a: Mienshao|def|1\n|-unboost|p2a: Mienshao|spd|1\n|-damage|p2a: Mienshao|73/244|[from] item: Life Orb\n|\n|-weather|SunnyDay|[upkeep]\n|upkeep\n|turn|14\n|\n|t:|1781462243\n|move|p2a: Mienshao|Close Combat|p1a: Torkoal\n|-damage|p1a: Torkoal|0 fnt\n|-unboost|p2a: Mienshao|def|1\n|-unboost|p2a: Mienshao|spd|1\n|faint|p1a: Torkoal\n|-damage|p2a: Mienshao|49/244|[from] item: Life Orb\n|\n|-weather|SunnyDay|[upkeep]\n|upkeep\n|\n|t:|1781462248\n|switch|p1a: Jolteon|Jolteon, L84, F, tera:Ice|184/246\n|turn|15\n|\n|t:|1781462259\n|move|p1a: Jolteon|Tera Blast|p2a: Mienshao|[anim] Tera Blast Ice\n|-damage|p2a: Mienshao|0 fnt\n|faint|p2a: Mienshao\n|\n|-weather|SunnyDay|[upkeep]\n|-heal|p1a: Jolteon|199/246|[from] item: Leftovers\n|upkeep\n|\n|t:|1781462261\n|switch|p2a: Quagsire|Quagsire, L84, M|214/297\n|turn|16\n|\n|t:|1781462267\n|switch|p1a: Kleavor|Kleavor, L78, F|144/237\n|move|p2a: Quagsire|Earthquake|p1a: Kleavor\n|-damage|p1a: Kleavor|48/237\n|\n|-weather|SunnyDay|[upkeep]\n|-heal|p2a: Quagsire|232/297|[from] item: Leftovers\n|upkeep\n|turn|17\n|\n|t:|1781462278\n|move|p1a: Kleavor|Stone Axe|p2a: Quagsire\n|-resisted|p2a: Quagsire\n|-damage|p2a: Quagsire|135/297\n|-sidestart|p2: Abe1254|move: Stealth Rock\n|move|p2a: Quagsire|Earthquake|p1a: Kleavor\n|-damage|p1a: Kleavor|0 fnt\n|faint|p1a: Kleavor\n|\n|-weather|none\n|-heal|p2a: Quagsire|153/297|[from] item: Leftovers\n|upkeep\n|\n|t:|1781462281\n|switch|p1a: Suicune|Suicune, L82|298/298\n|-ability|p1a: Suicune|Pressure\n|turn|18\n|\n|t:|1781462286\n|move|p1a: Suicune|Scald|p2a: Quagsire\n|-damage|p2a: Quagsire|57/297\n|-status|p2a: Quagsire|brn\n|move|p2a: Quagsire|Toxic|p1a: Suicune|[miss]\n|-miss|p2a: Quagsire|p1a: Suicune\n|\n|-heal|p2a: Quagsire|75/297 brn|[from] item: Leftovers\n|-damage|p2a: Quagsire|57/297 brn|[from] brn\n|upkeep\n|turn|19\n|\n|t:|1781462292\n|move|p1a: Suicune|Scald|p2a: Quagsire\n|-damage|p2a: Quagsire|0 fnt\n|faint|p2a: Quagsire\n|\n|upkeep\n|\n|t:|1781462296\n|switch|p2a: Chesnaught|Chesnaught, L84, M|124/285\n|-damage|p2a: Chesnaught|107/285|[from] Stealth Rock\n|turn|20\n|\n|t:|1781462306\n|switch|p1a: Goodra|Goodra-Hisui, L82, F|265/265\n|move|p2a: Chesnaught|Trailblaze|p1a: Goodra\n|-ability|p1a: Goodra|Sap Sipper|boost\n|-boost|p1a: Goodra|atk|1\n|\n|-heal|p2a: Chesnaught|124/285|[from] item: Leftovers\n|upkeep\n|turn|21\n|\n|t:|1781462313\n|move|p2a: Chesnaught|Iron Defense|p2a: Chesnaught\n|-boost|p2a: Chesnaught|def|2\n|move|p1a: Goodra|Fire Blast|p2a: Chesnaught\n|-supereffective|p2a: Chesnaught\n|-damage|p2a: Chesnaught|0 fnt\n|faint|p2a: Chesnaught\n|\n|upkeep\n|\n|t:|1781462324\n|switch|p2a: Banette|Banette, L93, M|270/270\n|-damage|p2a: Banette|237/270|[from] Stealth Rock\n|turn|22\n|\n|t:|1781462329\n|move|p2a: Banette|Swords Dance|p2a: Banette\n|-boost|p2a: Banette|atk|2\n|move|p1a: Goodra|Heavy Slam|p2a: Banette\n|-damage|p2a: Banette|17/270\n|\n|upkeep\n|turn|23\n|\n|t:|1781462335\n|move|p2a: Banette|Poltergeist|p1a: Goodra\n|-activate|p1a: Goodra|move: Poltergeist|Assault Vest\n|-damage|p1a: Goodra|0 fnt\n|faint|p1a: Goodra\n|-damage|p2a: Banette|0 fnt|[from] item: Life Orb\n|faint|p2a: Banette\n|\n|upkeep\n|\n|t:|1781462346\n|switch|p2a: Clawitzer|Clawitzer, L87, F|265/265\n|switch|p1a: Jolteon|Jolteon, L84, F, tera:Ice|199/246\n|-damage|p2a: Clawitzer|232/265|[from] Stealth Rock\n|turn|24\n|\n|t:|1781462354\n|switch|p1a: Suicune|Suicune, L82|298/298\n|-ability|p1a: Suicune|Pressure\n|-terastallize|p2a: Clawitzer|Dragon\n|move|p2a: Clawitzer|Dragon Pulse|p1a: Suicune\n|-damage|p1a: Suicune|168/298\n|\n|-heal|p1a: Suicune|186/298|[from] item: Leftovers\n|upkeep\n|turn|25\n|\n|t:|1781462366\n|move|p1a: Suicune|Calm Mind|p1a: Suicune\n|-boost|p1a: Suicune|spa|1\n|-boost|p1a: Suicune|spd|1\n|move|p2a: Clawitzer|U-turn|p1a: Suicune\n|-damage|p1a: Suicune|151/298\n|\n|t:|1781462369\n|switch|p2a: Bellibolt|Bellibolt, L84, M|320/320|[from] U-turn\n|-damage|p2a: Bellibolt|280/320|[from] Stealth Rock\n|\n|-heal|p1a: Suicune|169/298|[from] item: Leftovers\n|-heal|p2a: Bellibolt|300/320|[from] item: Leftovers\n|upkeep\n|turn|26\n|\n|t:|1781462376\n|move|p1a: Suicune|Scald|p2a: Bellibolt\n|-damage|p2a: Bellibolt|180/320\n|-start|p2a: Bellibolt|Charge|Scald|[from] ability: Electromorphosis\n|move|p2a: Bellibolt|Thunderbolt|p1a: Suicune\n|-supereffective|p1a: Suicune\n|-damage|p1a: Suicune|0 fnt\n|faint|p1a: Suicune\n|-end|p2a: Bellibolt|Charge|[silent]\n|\n|-heal|p2a: Bellibolt|200/320|[from] item: Leftovers\n|upkeep\n|\n|t:|1781462382\n|switch|p1a: Jolteon|Jolteon, L84, F, tera:Ice|199/246\n|turn|27\n|\n|t:|1781462386\n|move|p1a: Jolteon|Substitute|p1a: Jolteon\n|-start|p1a: Jolteon|Substitute\n|-damage|p1a: Jolteon|138/246\n|move|p2a: Bellibolt|Muddy Water|p1a: Jolteon\n|-end|p1a: Jolteon|Substitute\n|\n|-heal|p1a: Jolteon|153/246|[from] item: Leftovers\n|-heal|p2a: Bellibolt|220/320|[from] item: Leftovers\n|upkeep\n|turn|28\n|\n|t:|1781462390\n|move|p1a: Jolteon|Substitute|p1a: Jolteon\n|-start|p1a: Jolteon|Substitute\n|-damage|p1a: Jolteon|92/246\n|move|p2a: Bellibolt|Muddy Water|p1a: Jolteon\n|-end|p1a: Jolteon|Substitute\n|\n|-heal|p1a: Jolteon|107/246|[from] item: Leftovers\n|-heal|p2a: Bellibolt|240/320|[from] item: Leftovers\n|upkeep\n|turn|29\n|\n|t:|1781462393\n|move|p1a: Jolteon|Substitute|p1a: Jolteon\n|-start|p1a: Jolteon|Substitute\n|-damage|p1a: Jolteon|46/246\n|move|p2a: Bellibolt|Muddy Water|p1a: Jolteon|[miss]\n|-miss|p2a: Bellibolt|p1a: Jolteon\n|\n|-heal|p1a: Jolteon|61/246|[from] item: Leftovers\n|-heal|p2a: Bellibolt|260/320|[from] item: Leftovers\n|upkeep\n|turn|30\n|\n|t:|1781462397\n|move|p1a: Jolteon|Calm Mind|p1a: Jolteon\n|-boost|p1a: Jolteon|spa|1\n|-boost|p1a: Jolteon|spd|1\n|move|p2a: Bellibolt|Muddy Water|p1a: Jolteon|[miss]\n|-miss|p2a: Bellibolt|p1a: Jolteon\n|\n|-heal|p1a: Jolteon|76/246|[from] item: Leftovers\n|-heal|p2a: Bellibolt|280/320|[from] item: Leftovers\n|upkeep\n|turn|31\n|\n|t:|1781462402\n|move|p1a: Jolteon|Calm Mind|p1a: Jolteon\n|-boost|p1a: Jolteon|spa|1\n|-boost|p1a: Jolteon|spd|1\n|move|p2a: Bellibolt|Muddy Water|p1a: Jolteon\n|-activate|p1a: Jolteon|move: Substitute|[damage]\n|\n|-heal|p1a: Jolteon|91/246|[from] item: Leftovers\n|-heal|p2a: Bellibolt|300/320|[from] item: Leftovers\n|upkeep\n|turn|32\n|\n|t:|1781462407\n|move|p1a: Jolteon|Calm Mind|p1a: Jolteon\n|-boost|p1a: Jolteon|spa|1\n|-boost|p1a: Jolteon|spd|1\n|move|p2a: Bellibolt|Muddy Water|p1a: Jolteon\n|-activate|p1a: Jolteon|move: Substitute|[damage]\n|\n|-heal|p1a: Jolteon|106/246|[from] item: Leftovers\n|-heal|p2a: Bellibolt|320/320|[from] item: Leftovers\n|upkeep\n|turn|33\n|\n|t:|1781462413\n|move|p1a: Jolteon|Tera Blast|p2a: Bellibolt|[anim] Tera Blast Ice\n|-damage|p2a: Bellibolt|77/320\n|-start|p2a: Bellibolt|Charge|Tera Blast|[from] ability: Electromorphosis\n|move|p2a: Bellibolt|Muddy Water|p1a: Jolteon\n|-end|p1a: Jolteon|Substitute\n|\n|-heal|p1a: Jolteon|121/246|[from] item: Leftovers\n|-heal|p2a: Bellibolt|97/320|[from] item: Leftovers\n|upkeep\n|turn|34\n|\n|t:|1781462416\n|move|p1a: Jolteon|Tera Blast|p2a: Bellibolt|[anim] Tera Blast Ice\n|-damage|p2a: Bellibolt|0 fnt\n|faint|p2a: Bellibolt\n|\n|-heal|p1a: Jolteon|136/246|[from] item: Leftovers\n|upkeep\n|\n|t:|1781462417\n|switch|p2a: Clawitzer|Clawitzer, L87, F, tera:Dragon|232/265\n|-damage|p2a: Clawitzer|199/265|[from] Stealth Rock\n|turn|35\n|\n|t:|1781462419\n|move|p1a: Jolteon|Tera Blast|p2a: Clawitzer|[anim] Tera Blast Ice\n|-supereffective|p2a: Clawitzer\n|-damage|p2a: Clawitzer|0 fnt\n|faint|p2a: Clawitzer\n|\n|win|SteelixPrismGX\n|raw|SteelixPrismGX's rating: 2060 &rarr; <strong>2077</strong><br />(+17 for winning)\n|raw|Abe1254's rating: 2003 &rarr; <strong>1986</strong><br />(-17 for losing)\n|c|\u2606SteelixPrismGX|gg\n|c|\u2606Abe1254|Gg\n|l|\u2606Abe1254\n|player|p2|\n", "inputlog": ">version a8376a258c1d4662feba110a92103f3664a72141\n>start {\"formatid\":\"gen9randombattle\",\"seed\":\"sodium,644f0d1d5cc84df938c4ffe9b3d1a0ca\",\"rated\":\"Rated battle\"}\n>player p1 {\"name\":\"SteelixPrismGX\",\"avatar\":\"siebold\",\"rating\":2060,\"seed\":\"sodium,fbe9bb4c1da6718e42d82ab5fb9a1fad\"}\n>player p2 {\"name\":\"Abe1254\",\"avatar\":\"cheren-gen5bw2\",\"rating\":2003,\"seed\":\"sodium,8384c2a5d69b70bef87854db5a948b15\"}\n>p1 move substitute\n>p2 switch 5\n>p1 move calmmind\n>p2 move muddywater\n>p1 move calmmind\n>p2 move muddywater\n>p1 move thunderbolt\n>p2 switch 3\n>p1 move terablast terastallize\n>p2 move earthquake\n>p1 move substitute\n>p2 move toxic\n>p1 move terablast\n>p2 move earthquake\n>p1 move substitute\n>p2 move recover\n>p1 move terablast\n>p2 move earthquake\n>p1 switch 4\n>p2 move earthquake\n>p1 move xscissor\n>p2 switch 6\n>p1 move xscissor\n>p2 switch 5\n>p1 switch 3\n>p2 move closecombat\n>p1 move solarbeam\n>p2 move closecombat\n>p1 switch 4\n>p1 move terablast\n>p2 move closecombat\n>p2 switch 6\n>p1 switch 3\n>p2 move earthquake\n>p1 move stoneaxe\n>p2 move earthquake\n>p1 switch 5\n>p1 move scald\n>p2 move toxic\n>p1 move scald\n>p2 move toxic\n>p2 switch 5\n>p1 switch 6\n>p2 move trailblaze\n>p1 move fireblast\n>p2 move irondefense\n>p2 switch 4\n>p1 move heavyslam\n>p2 move swordsdance\n>p1 move earthquake\n>p2 move poltergeist\n>p1 switch 3\n>p2 switch 2\n>p1 switch 6\n>p2 move dragonpulse terastallize\n>p1 move calmmind\n>p2 move uturn\n>p2 switch 3\n>p1 move scald\n>p2 move thunderbolt\n>p1 switch 6\n>p1 move substitute\n>p2 move muddywater\n>p1 move substitute\n>p2 move muddywater\n>p1 move substitute\n>p2 move muddywater\n>p1 move calmmind\n>p2 move muddywater\n>p1 move calmmind\n>p2 move muddywater\n>p1 move calmmind\n>p2 move muddywater\n>p1 move terablast\n>p2 move muddywater\n>p1 move terablast\n>p2 move muddywater\n>p2 switch 3\n>p1 move terablast\n>p2 move dragonpulse", "uploadtime": 1781462121, "views": 8, "formatid": "gen9randombattle", "rating": 1986, "private": 0, "password": null}