{"id": "gen9randombattle-2631777464", "format": "[Gen 9] Random Battle", "players": ["dc inversion", "woxihuanni"], "log": "|j|\u2606dc inversion\n|j|\u2606woxihuanni\n|t:|1781438102\n|gametype|singles\n|player|p1|dc inversion|265|2131\n|player|p2|woxihuanni|169|2114\n|gen|9\n|tier|[Gen 9] Random Battle\n|rated|\n|rule|Species Clause: Limit one of each Pok\u00e9mon\n|rule|HP Percentage Mod: HP is shown in percentages\n|rule|Sleep Clause Mod: Limit one foe put to sleep\n|rule|Illusion Level Mod: Illusion disguises the Pok\u00e9mon's true level\n|\n|t:|1781438102\n|teamsize|p1|6\n|teamsize|p2|6\n|start\n|switch|p1a: Enamorus|Enamorus-Therian, L83, F|259/259\n|switch|p2a: Camerupt|Camerupt, L91, F|275/275\n|turn|1\n|\n|t:|1781438118\n|move|p2a: Camerupt|Stealth Rock|p1a: Enamorus\n|-sidestart|p1: dc inversion|move: Stealth Rock\n|move|p1a: Enamorus|Agility|p1a: Enamorus\n|-boost|p1a: Enamorus|spe|2\n|\n|upkeep\n|turn|2\n|\n|t:|1781438125\n|move|p1a: Enamorus|Earth Power|p2a: Camerupt\n|-supereffective|p2a: Camerupt\n|-damage|p2a: Camerupt|157/275\n|move|p2a: Camerupt|Roar|p1a: Enamorus\n|drag|p1a: Banette|Banette, L93, F|270/270\n|-damage|p1a: Banette|237/270|[from] Stealth Rock\n|\n|-heal|p2a: Camerupt|174/275|[from] item: Leftovers\n|upkeep\n|turn|3\n|\n|t:|1781438138\n|move|p1a: Banette|Poltergeist|p2a: Camerupt\n|-activate|p2a: Camerupt|move: Poltergeist|Leftovers\n|-damage|p2a: Camerupt|0 fnt\n|faint|p2a: Camerupt\n|-damage|p1a: Banette|210/270|[from] item: Life Orb\n|\n|upkeep\n|\n|t:|1781438153\n|switch|p2a: Electivire|Electivire, L84, F|263/263\n|turn|4\n|\n|t:|1781438169\n|move|p2a: Electivire|Knock Off|p1a: Banette\n|-supereffective|p1a: Banette\n|-damage|p1a: Banette|0 fnt\n|-enditem|p1a: Banette|Life Orb|[from] move: Knock Off|[of] p2a: Electivire\n|faint|p1a: Banette\n|-damage|p2a: Electivire|237/263|[from] item: Life Orb\n|\n|upkeep\n|\n|t:|1781438183\n|switch|p1a: Rabsca|Rabsca, L91, M|284/284\n|turn|5\n|\n|t:|1781438186\n|move|p2a: Electivire|Knock Off|p1a: Rabsca\n|-supereffective|p1a: Rabsca\n|-damage|p1a: Rabsca|79/284\n|-enditem|p1a: Rabsca|Heavy-Duty Boots|[from] move: Knock Off|[of] p2a: Electivire\n|-damage|p2a: Electivire|211/263|[from] item: Life Orb\n|move|p1a: Rabsca|Trick Room|p1a: Rabsca\n|-fieldstart|move: Trick Room|[of] p1a: Rabsca\n|\n|upkeep\n|turn|6\n|\n|t:|1781438206\n|switch|p2a: Trevenant|Trevenant, L89, F|296/296\n|move|p1a: Rabsca|Revival Blessing|p1a: Rabsca\n|\n|t:|1781438211\n|-heal|p1: Banette|135/270|[from] move: Revival Blessing\n|\n|upkeep\n|turn|7\n|\n|t:|1781438222\n|move|p1a: Rabsca|Psychic|p2a: Trevenant\n|-damage|p2a: Trevenant|166/296\n|move|p2a: Trevenant|Toxic|p1a: Rabsca\n|-status|p1a: Rabsca|tox\n|-activate|p1a: Rabsca|ability: Synchronize\n|-status|p2a: Trevenant|tox\n|\n|-damage|p1a: Rabsca|62/284 tox|[from] psn\n|-damage|p2a: Trevenant|148/296 tox|[from] psn\n|upkeep\n|-enditem|p2a: Trevenant|Sitrus Berry|[eat]\n|-heal|p2a: Trevenant|222/296 tox|[from] item: Sitrus Berry\n|turn|8\n|\n|t:|1781438238\n|switch|p2a: Girafarig|Girafarig, L89, F|269/269\n|move|p1a: Rabsca|Bug Buzz|p2a: Girafarig\n|-supereffective|p2a: Girafarig\n|-damage|p2a: Girafarig|77/269\n|\n|-damage|p1a: Rabsca|28/284 tox|[from] psn\n|upkeep\n|turn|9\n|\n|t:|1781438250\n|switch|p2a: Trevenant|Trevenant, L89, F|222/296 tox\n|move|p1a: Rabsca|Bug Buzz|p2a: Trevenant\n|-damage|p2a: Trevenant|98/296 tox\n|\n|-damage|p1a: Rabsca|0 fnt|[from] psn\n|faint|p1a: Rabsca\n|-damage|p2a: Trevenant|80/296 tox|[from] psn\n|-fieldend|move: Trick Room\n|-item|p2a: Trevenant|Sitrus Berry|[from] ability: Harvest\n|upkeep\n|-enditem|p2a: Trevenant|Sitrus Berry|[eat]\n|-heal|p2a: Trevenant|154/296 tox|[from] item: Sitrus Berry\n|\n|t:|1781438266\n|switch|p1a: Sandslash|Sandslash-Alola, L88, M|275/275\n|-damage|p1a: Sandslash|241/275|[from] Stealth Rock\n|turn|10\n|\n|t:|1781438275\n|move|p1a: Sandslash|Rapid Spin|p2a: Trevenant\n|-immune|p2a: Trevenant\n|move|p2a: Trevenant|Drain Punch|p1a: Sandslash\n|-supereffective|p1a: Sandslash\n|-damage|p1a: Sandslash|41/275\n|-heal|p2a: Trevenant|254/296 tox|[from] drain|[of] p1a: Sandslash\n|\n|-heal|p1a: Sandslash|58/275|[from] item: Leftovers\n|-damage|p2a: Trevenant|218/296 tox|[from] psn\n|-item|p2a: Trevenant|Sitrus Berry|[from] ability: Harvest\n|upkeep\n|turn|11\n|\n|t:|1781438288\n|switch|p2a: Girafarig|Girafarig, L89, F|77/269\n|move|p1a: Sandslash|Rapid Spin|p2a: Girafarig\n|-damage|p2a: Girafarig|45/269\n|-boost|p1a: Sandslash|spe|1\n|-sideend|p1: dc inversion|Stealth Rock|[from] move: Rapid Spin|[of] p1a: Sandslash\n|\n|-heal|p1a: Sandslash|75/275|[from] item: Leftovers\n|upkeep\n|turn|12\n|\n|t:|1781438299\n|move|p1a: Sandslash|Earthquake|p2a: Girafarig\n|-damage|p2a: Girafarig|0 fnt\n|faint|p2a: Girafarig\n|\n|-heal|p1a: Sandslash|92/275|[from] item: Leftovers\n|upkeep\n|\n|t:|1781438309\n|switch|p2a: Ogerpon|Ogerpon, L80, F|259/259\n|turn|13\n|\n|t:|1781438317\n|-terastallize|p2a: Ogerpon|Grass\n|detailschange|p2a: Ogerpon|Ogerpon-Teal-Tera, L80, F, tera:Grass\n|-ability|p2a: Ogerpon|Embody Aspect (Teal)|boost\n|-boost|p2a: Ogerpon|spe|1\n|move|p2a: Ogerpon|Superpower|p1a: Sandslash\n|-supereffective|p1a: Sandslash\n|-damage|p1a: Sandslash|0 fnt\n|-unboost|p2a: Ogerpon|atk|1\n|-unboost|p2a: Ogerpon|def|1\n|faint|p1a: Sandslash\n|-damage|p2a: Ogerpon|234/259|[from] item: Life Orb\n|\n|upkeep\n|\n|t:|1781438329\n|switch|p1a: Chandelure|Chandelure, L83, F|235/235\n|turn|14\n|\n|t:|1781438335\n|move|p2a: Ogerpon|Knock Off|p1a: Chandelure\n|-supereffective|p1a: Chandelure\n|-damage|p1a: Chandelure|95/235\n|-enditem|p1a: Chandelure|Heavy-Duty Boots|[from] move: Knock Off|[of] p2a: Ogerpon\n|-damage|p2a: Ogerpon|209/259|[from] item: Life Orb\n|move|p1a: Chandelure|Flame Charge|p2a: Ogerpon\n|-supereffective|p2a: Ogerpon\n|-damage|p2a: Ogerpon|105/259\n|-boost|p1a: Chandelure|spe|1\n|\n|upkeep\n|turn|15\n|\n|t:|1781438354\n|switch|p2a: Trevenant|Trevenant, L89, F|218/296 tox\n|move|p1a: Chandelure|Flame Charge|p2a: Trevenant\n|-supereffective|p2a: Trevenant\n|-damage|p2a: Trevenant|146/296 tox\n|-boost|p1a: Chandelure|spe|1\n|-enditem|p2a: Trevenant|Sitrus Berry|[eat]\n|-heal|p2a: Trevenant|220/296 tox|[from] item: Sitrus Berry\n|\n|-damage|p2a: Trevenant|202/296 tox|[from] psn\n|-item|p2a: Trevenant|Sitrus Berry|[from] ability: Harvest\n|upkeep\n|turn|16\n|\n|t:|1781438366\n|move|p1a: Chandelure|Shadow Ball|p2a: Trevenant\n|-supereffective|p2a: Trevenant\n|-damage|p2a: Trevenant|0 fnt\n|faint|p2a: Trevenant\n|\n|upkeep\n|\n|t:|1781438372\n|switch|p2a: Electivire|Electivire, L84, F|211/263\n|turn|17\n|\n|t:|1781438388\n|move|p1a: Chandelure|Fire Blast|p2a: Electivire|[miss]\n|-miss|p1a: Chandelure|p2a: Electivire\n|move|p2a: Electivire|Knock Off|p1a: Chandelure\n|-supereffective|p1a: Chandelure\n|-damage|p1a: Chandelure|0 fnt\n|faint|p1a: Chandelure\n|-damage|p2a: Electivire|185/263|[from] item: Life Orb\n|\n|upkeep\n|\n|t:|1781438395\n|switch|p1a: Ampharos|Ampharos, L88, F|302/302\n|turn|18\n|\n|t:|1781438403\n|move|p2a: Electivire|Knock Off|p1a: Ampharos\n|-damage|p1a: Ampharos|199/302\n|-enditem|p1a: Ampharos|Choice Specs|[from] move: Knock Off|[of] p2a: Electivire\n|-damage|p2a: Electivire|159/263|[from] item: Life Orb\n|move|p1a: Ampharos|Dazzling Gleam|p2a: Electivire\n|-damage|p2a: Electivire|80/263\n|\n|upkeep\n|turn|19\n|\n|t:|1781438412\n|move|p2a: Electivire|Supercell Slam|p1a: Ampharos\n|-resisted|p1a: Ampharos\n|-damage|p1a: Ampharos|125/302\n|-damage|p2a: Electivire|54/263|[from] item: Life Orb\n|move|p1a: Ampharos|Dazzling Gleam|p2a: Electivire\n|-damage|p2a: Electivire|0 fnt\n|faint|p2a: Electivire\n|\n|upkeep\n|\n|t:|1781438423\n|switch|p2a: Ogerpon|Ogerpon-Teal-Tera, L80, F, tera:Grass|105/259\n|-ability|p2a: Ogerpon|Embody Aspect (Teal)|boost\n|-boost|p2a: Ogerpon|spe|1\n|turn|20\n|\n|t:|1781438430\n|move|p2a: Ogerpon|Ivy Cudgel|p1a: Ampharos\n|-crit|p1a: Ampharos\n|-damage|p1a: Ampharos|0 fnt\n|faint|p1a: Ampharos\n|-damage|p2a: Ogerpon|80/259|[from] item: Life Orb\n|\n|upkeep\n|\n|t:|1781438440\n|switch|p1a: Enamorus|Enamorus-Therian, L83, F|259/259\n|turn|21\n|\n|t:|1781438447\n|switch|p2a: Delibird|Delibird, F|252/252\n|move|p1a: Enamorus|Moonblast|p2a: Delibird\n|-damage|p2a: Delibird|77/252\n|\n|upkeep\n|turn|22\n|\n|t:|1781438462\n|move|p2a: Delibird|Freeze-Dry|p1a: Enamorus\n|-supereffective|p1a: Enamorus\n|-damage|p1a: Enamorus|119/259\n|-enditem|p1a: Enamorus|Weakness Policy\n|-boost|p1a: Enamorus|atk|2|[from] item: Weakness Policy\n|-boost|p1a: Enamorus|spa|2|[from] item: Weakness Policy\n|move|p1a: Enamorus|Moonblast|p2a: Delibird\n|-damage|p2a: Delibird|0 fnt\n|faint|p2a: Delibird\n|\n|upkeep\n|\n|t:|1781438473\n|switch|p2a: Ogerpon|Ogerpon-Teal-Tera, L80, F, tera:Grass|80/259\n|-ability|p2a: Ogerpon|Embody Aspect (Teal)|boost\n|-boost|p2a: Ogerpon|spe|1\n|turn|23\n|\n|t:|1781438483\n|move|p2a: Ogerpon|Ivy Cudgel|p1a: Enamorus\n|-resisted|p1a: Enamorus\n|-damage|p1a: Enamorus|25/259\n|-damage|p2a: Ogerpon|55/259|[from] item: Life Orb\n|move|p1a: Enamorus|Moonblast|p2a: Ogerpon\n|-damage|p2a: Ogerpon|0 fnt\n|faint|p2a: Ogerpon\n|detailschange|p2: Ogerpon|Ogerpon, L80, F|[silent]\n|\n|win|dc inversion\n", "inputlog": ">version a8376a258c1d4662feba110a92103f3664a72141\n>start {\"formatid\":\"gen9randombattle\",\"seed\":\"sodium,34360274013e91a46f5c88ea084e045b\",\"rated\":\"Rated battle\"}\n>player p1 {\"name\":\"dc inversion\",\"avatar\":\"265\",\"rating\":2131,\"seed\":\"sodium,8ba420f5b62a9070547d7e3297fd36dc\"}\n>player p2 {\"name\":\"woxihuanni\",\"avatar\":\"169\",\"rating\":2114,\"seed\":\"sodium,e2864b15ee70b71b5b73b15c7ddf8529\"}\n>p1 move agility\n>p2 move stealthrock\n>p1 move earthpower\n>p2 move roar\n>p1 move poltergeist\n>p2 move overheat\n>p2 switch 3\n>p1 move poltergeist\n>p2 move knockoff\n>p1 switch 4\n>p1 move trickroom\n>p2 move knockoff\n>p1 move revivalblessing\n>p2 switch 2\n>p1 switch 4\n>p1 move psychic\n>p2 move toxic\n>p1 move bugbuzz\n>p2 switch 4\n>p1 move bugbuzz\n>p2 switch 4\n>p1 switch 5\n>p1 move rapidspin\n>p2 move drainpunch\n>p1 move rapidspin\n>p2 switch 4\n>p1 move earthquake\n>p2 move thunderbolt\n>p2 switch 6\n>p1 move tripleaxel\n>p2 move superpower terastallize\n>p1 switch 3\n>p1 move flamecharge\n>p2 move knockoff\n>p1 move flamecharge\n>p2 switch 4\n>p1 move shadowball\n>p2 move toxic\n>p2 switch 2\n>p1 move fireblast\n>p2 move knockoff\n>p1 switch 6\n>p1 move dazzlinggleam\n>p2 move knockoff\n>p1 move dazzlinggleam\n>p2 move supercellslam\n>p2 switch 4\n>p1 move voltswitch\n>p2 move ivycudgel\n>p1 switch 2\n>p1 move moonblast\n>p2 switch 5\n>p1 move moonblast\n>p2 move freezedry\n>p2 switch 5\n>p1 move moonblast\n>p2 move ivycudgel", "uploadtime": 1781438103, "views": 7, "formatid": "gen9randombattle", "rating": null, "private": 0, "password": null}