{"id": "gen9randombattle-2631399035", "format": "[Gen 9] Random Battle", "players": ["APHELIODIOMYCOTA", "Impeetee"], "log": "|j|\u2606APHELIODIOMYCOTA\n|j|\u203dImpeetee\n|t:|1781379979\n|gametype|singles\n|player|p1|APHELIODIOMYCOTA|brock|1987\n|player|p2|Impeetee|169|2241\n|gen|9\n|tier|[Gen 9] Random Battle\n|rated|\n|rule|Species Clause: Limit one of each Pok\u00e9mon\n|rule|HP Percentage Mod: HP is shown in percentages\n|rule|Sleep Clause Mod: Limit one foe put to sleep\n|rule|Illusion Level Mod: Illusion disguises the Pok\u00e9mon's true level\n|\n|t:|1781379979\n|teamsize|p1|6\n|teamsize|p2|6\n|start\n|switch|p1a: Goodra|Goodra, L85, F|292/292\n|switch|p2a: Espathra|Espathra, L80, M|283/283\n|turn|1\n|\n|t:|1781379991\n|switch|p2a: Incineroar|Incineroar, L82, M|290/290\n|-ability|p2a: Incineroar|Intimidate|boost\n|-unboost|p1a: Goodra|atk|1\n|move|p1a: Goodra|Knock Off|p2a: Incineroar\n|-resisted|p2a: Incineroar\n|-damage|p2a: Incineroar|266/290\n|-enditem|p2a: Incineroar|Heavy-Duty Boots|[from] move: Knock Off|[of] p1a: Goodra\n|\n|upkeep\n|turn|2\n|inactive|Battle timer is ON: inactive players will automatically lose when time's up. (requested by APHELIODIOMYCOTA)\n|\n|t:|1781379999\n|move|p1a: Goodra|Draco Meteor|p2a: Incineroar\n|-damage|p2a: Incineroar|116/290\n|-unboost|p1a: Goodra|spa|2\n|move|p2a: Incineroar|Knock Off|p1a: Goodra\n|-damage|p1a: Goodra|174/292\n|-enditem|p1a: Goodra|Assault Vest|[from] move: Knock Off|[of] p2a: Incineroar\n|\n|upkeep\n|turn|3\n|\n|t:|1781380021\n|move|p1a: Goodra|Earthquake|p2a: Incineroar\n|-supereffective|p2a: Incineroar\n|-damage|p2a: Incineroar|14/290\n|move|p2a: Incineroar|Parting Shot|p1a: Goodra\n|-unboost|p1a: Goodra|atk|1\n|-unboost|p1a: Goodra|spa|1\n|j| firered27\n|\n|t:|1781380031\n|switch|p2a: Arceus|Arceus-Dragon, L71|288/288|[from] Parting Shot\n|\n|upkeep\n|turn|4\n|\n|t:|1781380035\n|switch|p1a: Snorlax|Snorlax, L82, F|397/397\n|move|p2a: Arceus|Dragon Dance|p2a: Arceus\n|-boost|p2a: Arceus|atk|1\n|-boost|p2a: Arceus|spe|1\n|\n|upkeep\n|turn|5\n|\n|t:|1781380042\n|move|p2a: Arceus|Outrage|p1a: Snorlax\n|-damage|p1a: Snorlax|133/397\n|move|p1a: Snorlax|Body Slam|p2a: Arceus\n|-damage|p2a: Arceus|204/288\n|\n|-heal|p1a: Snorlax|157/397|[from] item: Leftovers\n|upkeep\n|turn|6\n|\n|t:|1781380045\n|move|p2a: Arceus|Outrage|p1a: Snorlax|[from] lockedmove\n|-damage|p1a: Snorlax|0 fnt\n|faint|p1a: Snorlax\n|\n|upkeep\n|\n|t:|1781380055\n|switch|p1a: Lilligant|Lilligant-Hisui, L79, F|240/240\n|turn|7\n|\n|t:|1781380060\n|-terastallize|p1a: Lilligant|Steel\n|move|p2a: Arceus|Outrage|p1a: Lilligant|[from] lockedmove\n|-resisted|p1a: Lilligant\n|-damage|p1a: Lilligant|124/240\n|-start|p2a: Arceus|confusion|[fatigue]\n|move|p1a: Lilligant|Ice Spinner|p2a: Arceus\n|-supereffective|p2a: Arceus\n|-damage|p2a: Arceus|54/288\n|\n|upkeep\n|turn|8\n|\n|t:|1781380067\n|-activate|p2a: Arceus|confusion\n|move|p2a: Arceus|Flare Blitz|p1a: Lilligant\n|-supereffective|p1a: Lilligant\n|-damage|p1a: Lilligant|0 fnt\n|faint|p1a: Lilligant\n|-damage|p2a: Arceus|13/288|[from] Recoil\n|\n|upkeep\n|\n|t:|1781380068\n|switch|p1a: Samurott|Samurott-Hisui, L77, F|265/265\n|turn|9\n|\n|t:|1781380075\n|move|p1a: Samurott|Sucker Punch|p2a: Arceus\n|-damage|p2a: Arceus|0 fnt\n|faint|p2a: Arceus\n|-damage|p1a: Samurott|239/265|[from] item: Life Orb\n|\n|upkeep\n|\n|t:|1781380082\n|switch|p2a: Sudowoodo|Sudowoodo, L94, M|284/284\n|turn|10\n|\n|t:|1781380085\n|switch|p1a: Goodra|Goodra, L85, F|174/292\n|move|p2a: Sudowoodo|Head Smash|p1a: Goodra\n|-damage|p1a: Goodra|0 fnt\n|faint|p1a: Goodra\n|\n|upkeep\n|\n|t:|1781380088\n|switch|p1a: Girafarig|Girafarig, L89, M|269/269\n|turn|11\n|\n|t:|1781380093\n|move|p1a: Girafarig|Nasty Plot|p1a: Girafarig\n|-boost|p1a: Girafarig|spa|2\n|move|p2a: Sudowoodo|Head Smash|p1a: Girafarig\n|-damage|p1a: Girafarig|118/269\n|\n|upkeep\n|turn|12\n|\n|t:|1781380099\n|move|p1a: Girafarig|Psyshock|p2a: Sudowoodo\n|-damage|p2a: Sudowoodo|146/284\n|move|p2a: Sudowoodo|Head Smash|p1a: Girafarig|[miss]\n|-miss|p2a: Sudowoodo|p1a: Girafarig\n|\n|-heal|p2a: Sudowoodo|163/284|[from] item: Leftovers\n|upkeep\n|turn|13\n|\n|t:|1781380105\n|move|p1a: Girafarig|Hyper Voice|p2a: Sudowoodo\n|-resisted|p2a: Sudowoodo\n|-crit|p2a: Sudowoodo\n|-damage|p2a: Sudowoodo|0 fnt\n|faint|p2a: Sudowoodo\n|\n|upkeep\n|\n|t:|1781380112\n|switch|p2a: Dialga|Dialga, L73|266/266\n|-ability|p2a: Dialga|Pressure\n|turn|14\n|\n|t:|1781380118\n|move|p1a: Girafarig|Hyper Voice|p2a: Dialga\n|-resisted|p2a: Dialga\n|-damage|p2a: Dialga|168/266\n|move|p2a: Dialga|Thunder Wave|p1a: Girafarig\n|-status|p1a: Girafarig|par\n|\n|-heal|p2a: Dialga|184/266|[from] item: Leftovers\n|upkeep\n|turn|15\n|\n|t:|1781380122\n|move|p2a: Dialga|Heavy Slam|p1a: Girafarig\n|-damage|p1a: Girafarig|28/269 par\n|move|p1a: Girafarig|Hyper Voice|p2a: Dialga\n|-resisted|p2a: Dialga\n|-damage|p2a: Dialga|79/266\n|\n|-heal|p2a: Dialga|95/266|[from] item: Leftovers\n|upkeep\n|turn|16\n|\n|t:|1781380127\n|move|p2a: Dialga|Heavy Slam|p1a: Girafarig\n|-damage|p1a: Girafarig|0 fnt\n|faint|p1a: Girafarig\n|\n|-heal|p2a: Dialga|111/266|[from] item: Leftovers\n|upkeep\n|\n|t:|1781380128\n|switch|p1a: Mewtwo|Mewtwo, L72|272/272\n|-ability|p1a: Mewtwo|Pressure\n|turn|17\n|\n|t:|1781380134\n|move|p1a: Mewtwo|Psystrike|p2a: Dialga\n|-resisted|p2a: Dialga\n|-damage|p2a: Dialga|45/266\n|-damage|p1a: Mewtwo|245/272|[from] item: Life Orb\n|move|p2a: Dialga|Thunder Wave|p1a: Mewtwo\n|-status|p1a: Mewtwo|par\n|\n|-heal|p2a: Dialga|61/266|[from] item: Leftovers\n|upkeep\n|turn|18\n|\n|t:|1781380141\n|switch|p1a: Samurott|Samurott-Hisui, L77, F|239/265\n|move|p2a: Dialga|Draco Meteor|p1a: Samurott|[miss]\n|-miss|p2a: Dialga|p1a: Samurott\n|\n|-heal|p2a: Dialga|77/266|[from] item: Leftovers\n|upkeep\n|turn|19\n|\n|t:|1781380146\n|switch|p2a: Incineroar|Incineroar, L82, M|14/290\n|-ability|p2a: Incineroar|Intimidate|boost\n|-unboost|p1a: Samurott|atk|1\n|move|p1a: Samurott|Ceaseless Edge|p2a: Incineroar\n|-resisted|p2a: Incineroar\n|-damage|p2a: Incineroar|0 fnt\n|-sidestart|p2: Impeetee|Spikes\n|faint|p2a: Incineroar\n|-damage|p1a: Samurott|213/265|[from] item: Life Orb\n|\n|upkeep\n|\n|t:|1781380149\n|switch|p2a: Veluza|Veluza, L85, M|292/292\n|-damage|p2a: Veluza|256/292|[from] Spikes\n|turn|20\n|\n|t:|1781380159\n|move|p1a: Samurott|Ceaseless Edge|p2a: Veluza\n|-supereffective|p2a: Veluza\n|-damage|p2a: Veluza|66/292\n|-sidestart|p2: Impeetee|Spikes\n|-damage|p1a: Samurott|187/265|[from] item: Life Orb\n|move|p2a: Veluza|Aqua Cutter|p1a: Samurott\n|-resisted|p1a: Samurott\n|-damage|p1a: Samurott|86/265\n|\n|upkeep\n|turn|21\n|\n|t:|1781380167\n|switch|p1a: Mewtwo|Mewtwo, L72|245/272 par\n|-ability|p1a: Mewtwo|Pressure\n|move|p2a: Veluza|Aqua Cutter|p1a: Mewtwo\n|-damage|p1a: Mewtwo|55/272 par\n|\n|upkeep\n|turn|22\n|\n|t:|1781380173\n|move|p2a: Veluza|Aqua Cutter|p1a: Mewtwo\n|-damage|p1a: Mewtwo|0 fnt\n|faint|p1a: Mewtwo\n|\n|upkeep\n|\n|t:|1781380174\n|switch|p1a: Samurott|Samurott-Hisui, L77, F|86/265\n|turn|23\n|\n|t:|1781380176\n|move|p1a: Samurott|Ceaseless Edge|p2a: Veluza\n|-supereffective|p2a: Veluza\n|-crit|p2a: Veluza\n|-damage|p2a: Veluza|0 fnt\n|-sidestart|p2: Impeetee|Spikes\n|faint|p2a: Veluza\n|-damage|p1a: Samurott|60/265|[from] item: Life Orb\n|\n|upkeep\n|\n|t:|1781380179\n|switch|p2a: Espathra|Espathra, L80, M|283/283\n|-damage|p2a: Espathra|213/283|[from] Spikes\n|turn|24\n|\n|t:|1781380182\n|move|p2a: Espathra|Protect|p2a: Espathra\n|-singleturn|p2a: Espathra|Protect\n|move|p1a: Samurott|Sucker Punch||[still]\n|-fail|p1a: Samurott\n|\n|-heal|p2a: Espathra|230/283|[from] item: Leftovers\n|-ability|p2a: Espathra|Speed Boost|boost\n|-boost|p2a: Espathra|spe|1\n|upkeep\n|turn|25\n|\n|t:|1781380187\n|-terastallize|p2a: Espathra|Fairy\n|move|p1a: Samurott|Sucker Punch|p2a: Espathra\n|-resisted|p2a: Espathra\n|-damage|p2a: Espathra|164/283\n|-damage|p1a: Samurott|34/265|[from] item: Life Orb\n|move|p2a: Espathra|Dazzling Gleam|p1a: Samurott\n|-supereffective|p1a: Samurott\n|-damage|p1a: Samurott|0 fnt\n|faint|p1a: Samurott\n|\n|win|Impeetee\n", "inputlog": ">version a8376a258c1d4662feba110a92103f3664a72141\n>start {\"formatid\":\"gen9randombattle\",\"seed\":\"sodium,faeccce0e0c3edba6549f2e9dd374daa\",\"rated\":\"Rated battle\"}\n>player p1 {\"name\":\"APHELIODIOMYCOTA\",\"avatar\":\"brock\",\"rating\":1987,\"seed\":\"sodium,a8db4d16881250b1b18990594df23b42\"}\n>player p2 {\"name\":\"Impeetee\",\"avatar\":\"169\",\"rating\":2241,\"seed\":\"sodium,a3977ba51b6fc6dd7f83503d12c68f60\"}\n>p1 move knockoff\n>p2 switch 4\n>p1 move dracometeor\n>p2 move knockoff\n>p1 move earthquake\n>p2 move partingshot\n>p2 switch 6\n>p1 switch 4\n>p2 move dragondance\n>p1 move bodyslam\n>p2 move outrage\n>p1 move bodyslam\n>p2 move outrage\n>p1 switch 6\n>p1 move icespinner terastallize\n>p2 move outrage\n>p1 move icespinner\n>p2 move flareblitz\n>p1 switch 3\n>p1 move suckerpunch\n>p2 move outrage\n>p2 switch 3\n>p1 switch 4\n>p2 move headsmash\n>p1 switch 2\n>p1 move nastyplot\n>p2 move headsmash\n>p1 move psyshock\n>p2 move headsmash\n>p1 move hypervoice\n>p2 move headsmash\n>p2 switch 2\n>p1 move hypervoice\n>p2 move thunderwave\n>p1 move hypervoice\n>p2 move heavyslam\n>p1 move hypervoice\n>p2 move heavyslam\n>p1 switch 5\n>p1 move psystrike\n>p2 move thunderwave\n>p1 switch 4\n>p2 move dracometeor\n>p1 move ceaselessedge\n>p2 switch 6\n>p2 switch 5\n>p1 move ceaselessedge\n>p2 move aquacutter\n>p1 switch 4\n>p2 move aquacutter\n>p1 move recover\n>p2 move aquacutter\n>p1 switch 4\n>p1 move ceaselessedge\n>p2 move aquacutter\n>p2 switch 4\n>p1 move suckerpunch\n>p2 move protect\n>p1 move suckerpunch\n>p2 move dazzlinggleam terastallize", "uploadtime": 1781379981, "views": 8, "formatid": "gen9randombattle", "rating": null, "private": 0, "password": null}