{"id": "gen9randombattle-2631854501", "format": "[Gen 9] Random Battle", "players": ["coolx1", "moritzvb"], "log": "|j|\u2606coolx1\n|j|\u2606moritzvb\n|t:|1781448479\n|gametype|singles\n|player|p1|coolx1|169|2054\n|player|p2|moritzvb|ariana|2131\n|gen|9\n|tier|[Gen 9] Random Battle\n|rated|\n|rule|Species Clause: Limit one of each Pok\u00e9mon\n|rule|HP Percentage Mod: HP is shown in percentages\n|rule|Sleep Clause Mod: Limit one foe put to sleep\n|rule|Illusion Level Mod: Illusion disguises the Pok\u00e9mon's true level\n|\n|t:|1781448479\n|teamsize|p1|6\n|teamsize|p2|6\n|start\n|switch|p1a: Cinderace|Cinderace, L77, F|250/250\n|switch|p2a: Typhlosion|Typhlosion, L84, F|267/267\n|turn|1\n|\n|t:|1781448495\n|switch|p2a: Hitmontop|Hitmontop, L88, M|231/231\n|-ability|p2a: Hitmontop|Intimidate|boost\n|-unboost|p1a: Cinderace|atk|1\n|move|p1a: Cinderace|U-turn|p2a: Hitmontop\n|-start|p1a: Cinderace|typechange|Bug|[from] ability: Libero\n|-resisted|p2a: Hitmontop\n|-damage|p2a: Hitmontop|210/231\n|\n|t:|1781448517\n|switch|p1a: Comfey|Comfey, L85, M|225/225|[from] U-turn\n|\n|upkeep\n|turn|2\n|\n|t:|1781448537\n|move|p1a: Comfey|Calm Mind|p1a: Comfey\n|-boost|p1a: Comfey|spa|1\n|-boost|p1a: Comfey|spd|1\n|move|p2a: Hitmontop|Earthquake|p1a: Comfey\n|-damage|p1a: Comfey|123/225\n|\n|-heal|p1a: Comfey|137/225|[from] item: Leftovers\n|upkeep\n|turn|3\n|\n|t:|1781448543\n|switch|p2a: Cryogonal|Cryogonal, L89|287/287\n|move|p1a: Comfey|Draining Kiss|p2a: Cryogonal\n|-damage|p2a: Cryogonal|238/287\n|-heal|p1a: Comfey|174/225|[from] drain|[of] p2a: Cryogonal\n|\n|-heal|p1a: Comfey|188/225|[from] item: Leftovers\n|upkeep\n|turn|4\n|\n|t:|1781448549\n|move|p2a: Cryogonal|Ice Beam|p1a: Comfey\n|-damage|p1a: Comfey|124/225\n|move|p1a: Comfey|Calm Mind|p1a: Comfey\n|-boost|p1a: Comfey|spa|1\n|-boost|p1a: Comfey|spd|1\n|\n|-heal|p1a: Comfey|138/225|[from] item: Leftovers\n|upkeep\n|turn|5\n|\n|t:|1781448572\n|switch|p2a: Typhlosion|Typhlosion, L84, F|267/267\n|move|p1a: Comfey|Calm Mind|p1a: Comfey\n|-boost|p1a: Comfey|spa|1\n|-boost|p1a: Comfey|spd|1\n|\n|-heal|p1a: Comfey|152/225|[from] item: Leftovers\n|upkeep\n|turn|6\n|\n|t:|1781448581\n|-terastallize|p1a: Comfey|Ground\n|move|p2a: Typhlosion|Eruption|p1a: Comfey\n|-damage|p1a: Comfey|98/225\n|move|p1a: Comfey|Tera Blast|p2a: Typhlosion|[anim] Tera Blast Ground\n|-supereffective|p2a: Typhlosion\n|-damage|p2a: Typhlosion|0 fnt\n|faint|p2a: Typhlosion\n|\n|-heal|p1a: Comfey|112/225|[from] item: Leftovers\n|upkeep\n|\n|t:|1781448589\n|switch|p2a: Dodrio|Dodrio, L85, F|241/241\n|turn|7\n|\n|t:|1781448602\n|move|p1a: Comfey|Synthesis|p1a: Comfey\n|-heal|p1a: Comfey|224/225\n|move|p2a: Dodrio|Brave Bird|p1a: Comfey\n|-damage|p1a: Comfey|82/225\n|-damage|p2a: Dodrio|194/241|[from] Recoil\n|\n|-heal|p1a: Comfey|96/225|[from] item: Leftovers\n|upkeep\n|turn|8\n|\n|t:|1781448607\n|move|p1a: Comfey|Synthesis|p1a: Comfey\n|-heal|p1a: Comfey|208/225\n|move|p2a: Dodrio|Swords Dance|p2a: Dodrio\n|-boost|p2a: Dodrio|atk|2\n|\n|-heal|p1a: Comfey|222/225|[from] item: Leftovers\n|upkeep\n|turn|9\n|\n|t:|1781448612\n|move|p1a: Comfey|Draining Kiss|p2a: Dodrio\n|-damage|p2a: Dodrio|35/241\n|-heal|p1a: Comfey|225/225|[from] drain|[of] p2a: Dodrio\n|move|p2a: Dodrio|Brave Bird|p1a: Comfey\n|-damage|p1a: Comfey|0 fnt\n|faint|p1a: Comfey\n|-damage|p2a: Dodrio|0 fnt|[from] Recoil\n|faint|p2a: Dodrio\n|\n|upkeep\n|\n|t:|1781448627\n|switch|p2a: Hitmontop|Hitmontop, L88, M|210/231\n|switch|p1a: Cinderace|Cinderace, L77, F|250/250\n|-ability|p2a: Hitmontop|Intimidate|boost\n|-unboost|p1a: Cinderace|atk|1\n|turn|10\n|\n|t:|1781448630\n|move|p1a: Cinderace|Will-O-Wisp|p2a: Hitmontop\n|-status|p2a: Hitmontop|brn\n|move|p2a: Hitmontop|Earthquake|p1a: Cinderace\n|-supereffective|p1a: Cinderace\n|-damage|p1a: Cinderace|114/250\n|\n|-damage|p2a: Hitmontop|196/231 brn|[from] brn\n|upkeep\n|turn|11\n|\n|t:|1781448639\n|switch|p1a: Flapple|Flapple, L88, M|266/266\n|move|p2a: Hitmontop|Earthquake|p1a: Flapple\n|-resisted|p1a: Flapple\n|-damage|p1a: Flapple|238/266\n|\n|-damage|p2a: Hitmontop|182/231 brn|[from] brn\n|upkeep\n|turn|12\n|\n|t:|1781448647\n|switch|p2a: Cryogonal|Cryogonal, L89|238/287\n|move|p1a: Flapple|Grav Apple|p2a: Cryogonal\n|-damage|p2a: Cryogonal|0 fnt\n|faint|p2a: Cryogonal\n|\n|upkeep\n|\n|t:|1781448651\n|switch|p2a: Medicham|Medicham, L86, F|243/243\n|turn|13\n|\n|t:|1781448659\n|move|p2a: Medicham|Close Combat|p1a: Flapple\n|-damage|p1a: Flapple|0 fnt\n|-unboost|p2a: Medicham|def|1\n|-unboost|p2a: Medicham|spd|1\n|faint|p1a: Flapple\n|\n|upkeep\n|\n|t:|1781448666\n|switch|p1a: Cinderace|Cinderace, L77, F|114/250\n|turn|14\n|\n|t:|1781448670\n|switch|p2a: Hitmontop|Hitmontop, L88, M|182/231 brn\n|-ability|p2a: Hitmontop|Intimidate|boost\n|-unboost|p1a: Cinderace|atk|1\n|move|p1a: Cinderace|Pyro Ball|p2a: Hitmontop\n|-damage|p2a: Hitmontop|115/231 brn\n|\n|-damage|p2a: Hitmontop|101/231 brn|[from] brn\n|upkeep\n|turn|15\n|\n|t:|1781448685\n|move|p1a: Cinderace|U-turn|p2a: Hitmontop\n|-start|p1a: Cinderace|typechange|Bug|[from] ability: Libero\n|-resisted|p2a: Hitmontop\n|-damage|p2a: Hitmontop|80/231 brn\n|\n|t:|1781448687\n|switch|p1a: Arceus|Arceus-Grass, L73|296/296|[from] U-turn\n|move|p2a: Hitmontop|Stone Edge|p1a: Arceus\n|-damage|p1a: Arceus|245/296\n|\n|-damage|p2a: Hitmontop|66/231 brn|[from] brn\n|upkeep\n|turn|16\n|\n|t:|1781448699\n|move|p1a: Arceus|Calm Mind|p1a: Arceus\n|-boost|p1a: Arceus|spa|1\n|-boost|p1a: Arceus|spd|1\n|move|p2a: Hitmontop|Stone Edge|p1a: Arceus\n|-damage|p1a: Arceus|193/296\n|\n|-damage|p2a: Hitmontop|52/231 brn|[from] brn\n|upkeep\n|turn|17\n|\n|t:|1781448706\n|switch|p2a: Iron Thorns|Iron Thorns, L83|302/302\n|-item|p2a: Iron Thorns|Air Balloon\n|move|p1a: Arceus|Judgment|p2a: Iron Thorns\n|-supereffective|p2a: Iron Thorns\n|-damage|p2a: Iron Thorns|0 fnt\n|-enditem|p2a: Iron Thorns|Air Balloon\n|faint|p2a: Iron Thorns\n|-end|p2a: Iron Thorns|Quark Drive|[silent]\n|\n|upkeep\n|-message|moritzvb forfeited.\n|\n|win|coolx1\n", "uploadtime": 1781448481, "views": 3, "formatid": "gen9randombattle", "rating": null, "private": 0, "password": null}