{"id": "gen9randombattle-2631612478", "format": "[Gen 9] Random Battle", "players": ["TandemUnicycle", "TrivagoGuy"], "log": "|j|\u2606TandemUnicycle\n|j|\u2606TrivagoGuy\n|t:|1781408801\n|gametype|singles\n|player|p1|TandemUnicycle|grimsley|1892\n|player|p2|TrivagoGuy|worker|1910\n|gen|9\n|tier|[Gen 9] Random Battle\n|rated|\n|rule|Species Clause: Limit one of each Pok\u00e9mon\n|rule|HP Percentage Mod: HP is shown in percentages\n|rule|Sleep Clause Mod: Limit one foe put to sleep\n|rule|Illusion Level Mod: Illusion disguises the Pok\u00e9mon's true level\n|\n|t:|1781408801\n|teamsize|p1|6\n|teamsize|p2|6\n|start\n|switch|p1a: Rayquaza|Rayquaza, L72|270/270\n|switch|p2a: Phione|Phione, L91|293/293\n|-ability|p1a: Rayquaza|Air Lock\n|turn|1\n|\n|t:|1781408816\n|switch|p1a: Lumineon|Lumineon, L93, M|279/279\n|move|p2a: Phione|Ice Beam|p1a: Lumineon\n|-resisted|p1a: Lumineon\n|-damage|p1a: Lumineon|250/279\n|\n|upkeep\n|turn|2\n|\n|t:|1781408824\n|switch|p2a: Clawitzer|Clawitzer, L87, F|265/265\n|move|p1a: Lumineon|U-turn|p2a: Clawitzer\n|-damage|p2a: Clawitzer|220/265\n|\n|t:|1781408835\n|switch|p1a: Houndstone|Houndstone, L86, F|264/264|[from] U-turn\n|\n|upkeep\n|turn|3\n|\n|t:|1781408849\n|move|p1a: Houndstone|Poltergeist|p2a: Clawitzer\n|-activate|p2a: Clawitzer|move: Poltergeist|Assault Vest\n|-damage|p2a: Clawitzer|106/265\n|move|p2a: Clawitzer|U-turn|p1a: Houndstone\n|-resisted|p1a: Houndstone\n|-damage|p1a: Houndstone|255/264\n|\n|t:|1781408851\n|switch|p2a: Dunsparce|Dunsparce, L86, M|312/312|[from] U-turn\n|\n|upkeep\n|turn|4\n|\n|t:|1781408863\n|move|p1a: Houndstone|Body Press|p2a: Dunsparce\n|-supereffective|p2a: Dunsparce\n|-damage|p2a: Dunsparce|210/312\n|move|p2a: Dunsparce|Coil|p2a: Dunsparce\n|-boost|p2a: Dunsparce|atk|1\n|-boost|p2a: Dunsparce|def|1\n|-boost|p2a: Dunsparce|accuracy|1\n|\n|upkeep\n|turn|5\n|\n|t:|1781408869\n|switch|p1a: Moltres|Moltres, L81|278/278\n|move|p2a: Dunsparce|Coil|p2a: Dunsparce\n|-boost|p2a: Dunsparce|atk|1\n|-boost|p2a: Dunsparce|def|1\n|-boost|p2a: Dunsparce|accuracy|1\n|\n|upkeep\n|turn|6\n|\n|t:|1781408873\n|move|p1a: Moltres|Will-O-Wisp|p2a: Dunsparce\n|-status|p2a: Dunsparce|brn\n|move|p2a: Dunsparce|Roost|p2a: Dunsparce\n|-heal|p2a: Dunsparce|312/312 brn\n|-singleturn|p2a: Dunsparce|move: Roost\n|\n|-damage|p2a: Dunsparce|293/312 brn|[from] brn\n|upkeep\n|turn|7\n|\n|t:|1781408881\n|move|p1a: Moltres|Fire Blast|p2a: Dunsparce\n|-damage|p2a: Dunsparce|184/312 brn\n|move|p2a: Dunsparce|Body Slam|p1a: Moltres\n|-damage|p1a: Moltres|196/278\n|-status|p1a: Moltres|par\n|\n|-damage|p2a: Dunsparce|165/312 brn|[from] brn\n|upkeep\n|turn|8\n|\n|t:|1781408893\n|move|p2a: Dunsparce|Roost|p2a: Dunsparce\n|-heal|p2a: Dunsparce|312/312 brn\n|-singleturn|p2a: Dunsparce|move: Roost\n|cant|p1a: Moltres|par\n|\n|-damage|p2a: Dunsparce|293/312 brn|[from] brn\n|upkeep\n|turn|9\n|\n|t:|1781408899\n|move|p2a: Dunsparce|Coil|p2a: Dunsparce\n|-boost|p2a: Dunsparce|atk|1\n|-boost|p2a: Dunsparce|def|1\n|-boost|p2a: Dunsparce|accuracy|1\n|move|p1a: Moltres|Fire Blast|p2a: Dunsparce\n|-damage|p2a: Dunsparce|175/312 brn\n|\n|-damage|p2a: Dunsparce|156/312 brn|[from] brn\n|upkeep\n|turn|10\n|\n|t:|1781408905\n|move|p2a: Dunsparce|Roost|p2a: Dunsparce\n|-heal|p2a: Dunsparce|312/312 brn\n|-singleturn|p2a: Dunsparce|move: Roost\n|move|p1a: Moltres|Fire Blast|p2a: Dunsparce\n|-damage|p2a: Dunsparce|195/312 brn\n|\n|-damage|p2a: Dunsparce|176/312 brn|[from] brn\n|upkeep\n|turn|11\n|\n|t:|1781408913\n|switch|p1a: Lumineon|Lumineon, L93, M|250/279\n|move|p2a: Dunsparce|Coil|p2a: Dunsparce\n|-boost|p2a: Dunsparce|atk|1\n|-boost|p2a: Dunsparce|def|1\n|-boost|p2a: Dunsparce|accuracy|1\n|\n|-damage|p2a: Dunsparce|157/312 brn|[from] brn\n|upkeep\n|turn|12\n|\n|t:|1781408917\n|move|p1a: Lumineon|Encore|p2a: Dunsparce\n|-start|p2a: Dunsparce|Encore\n|move|p2a: Dunsparce|Coil|p2a: Dunsparce\n|-boost|p2a: Dunsparce|atk|1\n|-boost|p2a: Dunsparce|def|1\n|-boost|p2a: Dunsparce|accuracy|1\n|\n|-damage|p2a: Dunsparce|138/312 brn|[from] brn\n|upkeep\n|turn|13\n|\n|t:|1781408923\n|switch|p2a: Clawitzer|Clawitzer, L87, F|106/265\n|move|p1a: Lumineon|Hydro Pump|p2a: Clawitzer\n|-resisted|p2a: Clawitzer\n|-damage|p2a: Clawitzer|69/265\n|\n|upkeep\n|turn|14\n|\n|t:|1781408929\n|move|p1a: Lumineon|U-turn|p2a: Clawitzer\n|-damage|p2a: Clawitzer|19/265\n|\n|t:|1781408932\n|switch|p1a: Houndstone|Houndstone, L86, F|255/264|[from] U-turn\n|move|p2a: Clawitzer|U-turn|p1a: Houndstone\n|-resisted|p1a: Houndstone\n|-damage|p1a: Houndstone|246/264\n|\n|t:|1781408944\n|switch|p2a: Crabominable|Crabominable, L90, F|321/321|[from] U-turn\n|\n|upkeep\n|turn|15\n|\n|t:|1781408956\n|move|p1a: Houndstone|Body Press|p2a: Crabominable\n|-supereffective|p2a: Crabominable\n|-crit|p2a: Crabominable\n|-damage|p2a: Crabominable|147/321\n|move|p2a: Crabominable|Knock Off|p1a: Houndstone\n|-supereffective|p1a: Houndstone\n|-damage|p1a: Houndstone|121/264\n|-enditem|p1a: Houndstone|Assault Vest|[from] move: Knock Off|[of] p2a: Crabominable\n|\n|upkeep\n|turn|16\n|\n|t:|1781408963\n|move|p1a: Houndstone|Play Rough|p2a: Crabominable\n|-supereffective|p2a: Crabominable\n|-damage|p2a: Crabominable|0 fnt\n|faint|p2a: Crabominable\n|\n|upkeep\n|\n|t:|1781408968\n|switch|p2a: Toxtricity|Toxtricity, L82, F|257/257\n|turn|17\n|\n|t:|1781408973\n|move|p2a: Toxtricity|Overdrive|p1a: Houndstone\n|-damage|p1a: Houndstone|16/264\n|move|p1a: Houndstone|Poltergeist|p2a: Toxtricity\n|-activate|p2a: Toxtricity|move: Poltergeist|Choice Scarf\n|-damage|p2a: Toxtricity|98/257\n|\n|upkeep\n|turn|18\n|\n|t:|1781408980\n|move|p1a: Houndstone|Shadow Sneak|p2a: Toxtricity\n|-damage|p2a: Toxtricity|46/257\n|move|p2a: Toxtricity|Overdrive|p1a: Houndstone\n|-damage|p1a: Houndstone|0 fnt\n|faint|p1a: Houndstone\n|\n|upkeep\n|\n|t:|1781408998\n|switch|p1a: Lumineon|Lumineon, L93, M|250/279\n|turn|19\n|\n|t:|1781409002\n|-terastallize|p1a: Lumineon|Ground\n|move|p2a: Toxtricity|Overdrive|p1a: Lumineon\n|-immune|p1a: Lumineon\n|move|p1a: Lumineon|U-turn|p2a: Toxtricity\n|-resisted|p2a: Toxtricity\n|-damage|p2a: Toxtricity|15/257\n|\n|t:|1781409014\n|switch|p1a: Moltres|Moltres, L81|196/278 par|[from] U-turn\n|\n|upkeep\n|turn|20\n|\n|t:|1781409019\n|switch|p1a: Lumineon|Lumineon, L93, M, tera:Ground|250/279\n|move|p2a: Toxtricity|Overdrive|p1a: Lumineon\n|-immune|p1a: Lumineon\n|\n|upkeep\n|turn|21\n|\n|t:|1781409024\n|switch|p2a: Dunsparce|Dunsparce, L86, M|138/312 brn\n|move|p1a: Lumineon|Ice Beam|p2a: Dunsparce\n|-crit|p2a: Dunsparce\n|-damage|p2a: Dunsparce|67/312 brn\n|\n|-damage|p2a: Dunsparce|48/312 brn|[from] brn\n|upkeep\n|turn|22\n|\n|t:|1781409029\n|move|p1a: Lumineon|Ice Beam|p2a: Dunsparce\n|-damage|p2a: Dunsparce|2/312 brn\n|move|p2a: Dunsparce|Roost|p2a: Dunsparce\n|-heal|p2a: Dunsparce|158/312 brn\n|-singleturn|p2a: Dunsparce|move: Roost\n|\n|-damage|p2a: Dunsparce|139/312 brn|[from] brn\n|upkeep\n|turn|23\n|\n|t:|1781409033\n|move|p1a: Lumineon|Encore|p2a: Dunsparce\n|-start|p2a: Dunsparce|Encore\n|move|p2a: Dunsparce|Roost|p2a: Dunsparce\n|-heal|p2a: Dunsparce|295/312 brn\n|-singleturn|p2a: Dunsparce|move: Roost\n|\n|-damage|p2a: Dunsparce|276/312 brn|[from] brn\n|upkeep\n|turn|24\n|\n|t:|1781409037\n|switch|p2a: Clawitzer|Clawitzer, L87, F|19/265\n|move|p1a: Lumineon|Hydro Pump|p2a: Clawitzer\n|-resisted|p2a: Clawitzer\n|-damage|p2a: Clawitzer|0 fnt\n|faint|p2a: Clawitzer\n|\n|upkeep\n|\n|t:|1781409041\n|switch|p2a: Phione|Phione, L91|293/293\n|turn|25\n|\n|t:|1781409047\n|switch|p1a: Illumise|Illumise, L91, F|266/266\n|move|p2a: Phione|Take Heart|p2a: Phione\n|-boost|p2a: Phione|spa|1\n|-boost|p2a: Phione|spd|1\n|\n|upkeep\n|turn|26\n|\n|t:|1781409052\n|switch|p2a: Toxtricity|Toxtricity, L82, F|15/257\n|move|p1a: Illumise|Encore||[still]\n|-fail|p1a: Illumise\n|\n|upkeep\n|turn|27\n|\n|t:|1781409057\n|move|p2a: Toxtricity|Boomburst|p1a: Illumise\n|-damage|p1a: Illumise|127/266\n|move|p1a: Illumise|Bug Buzz|p2a: Toxtricity\n|-resisted|p2a: Toxtricity\n|-damage|p2a: Toxtricity|0 fnt\n|faint|p2a: Toxtricity\n|\n|upkeep\n|\n|t:|1781409062\n|switch|p2a: Phione|Phione, L91|293/293\n|turn|28\n|\n|t:|1781409066\n|switch|p2a: Dunsparce|Dunsparce, L86, M|276/312 brn\n|move|p1a: Illumise|Thunder Wave||[still]\n|-fail|p1a: Illumise\n|\n|-damage|p2a: Dunsparce|257/312 brn|[from] brn\n|upkeep\n|turn|29\n|\n|t:|1781409070\n|move|p1a: Illumise|Roost|p1a: Illumise\n|-heal|p1a: Illumise|260/266\n|-singleturn|p1a: Illumise|move: Roost\n|move|p2a: Dunsparce|Body Slam|p1a: Illumise\n|-damage|p1a: Illumise|220/266\n|-status|p1a: Illumise|par\n|\n|-damage|p2a: Dunsparce|238/312 brn|[from] brn\n|upkeep\n|turn|30\n|\n|t:|1781409083\n|switch|p1a: Moltres|Moltres, L81|196/278 par\n|move|p2a: Dunsparce|Body Slam|p1a: Moltres\n|-crit|p1a: Moltres\n|-damage|p1a: Moltres|141/278 par\n|\n|-damage|p2a: Dunsparce|219/312 brn|[from] brn\n|upkeep\n|turn|31\n|\n|t:|1781409088\n|move|p2a: Dunsparce|Coil|p2a: Dunsparce\n|-boost|p2a: Dunsparce|atk|1\n|-boost|p2a: Dunsparce|def|1\n|-boost|p2a: Dunsparce|accuracy|1\n|move|p1a: Moltres|Roost|p1a: Moltres\n|-heal|p1a: Moltres|278/278 par\n|-singleturn|p1a: Moltres|move: Roost\n|\n|-damage|p2a: Dunsparce|200/312 brn|[from] brn\n|upkeep\n|turn|32\n|\n|t:|1781409092\n|move|p2a: Dunsparce|Body Slam|p1a: Moltres\n|-damage|p1a: Moltres|223/278 par\n|cant|p1a: Moltres|par\n|\n|-damage|p2a: Dunsparce|181/312 brn|[from] brn\n|upkeep\n|turn|33\n|\n|t:|1781409098\n|move|p2a: Dunsparce|Roost|p2a: Dunsparce\n|-heal|p2a: Dunsparce|312/312 brn\n|-singleturn|p2a: Dunsparce|move: Roost\n|move|p1a: Moltres|Fire Blast|p2a: Dunsparce\n|-damage|p2a: Dunsparce|212/312 brn\n|\n|-damage|p2a: Dunsparce|193/312 brn|[from] brn\n|upkeep\n|turn|34\n|\n|t:|1781409105\n|switch|p1a: Lumineon|Lumineon, L93, M, tera:Ground|250/279\n|move|p2a: Dunsparce|Body Slam|p1a: Lumineon\n|-damage|p1a: Lumineon|193/279\n|-status|p1a: Lumineon|par\n|\n|-damage|p2a: Dunsparce|174/312 brn|[from] brn\n|upkeep\n|turn|35\n|\n|t:|1781409118\n|move|p2a: Dunsparce|Roost|p2a: Dunsparce\n|-heal|p2a: Dunsparce|312/312 brn\n|-singleturn|p2a: Dunsparce|move: Roost\n|move|p1a: Lumineon|Hydro Pump|p2a: Dunsparce\n|-damage|p2a: Dunsparce|225/312 brn\n|\n|-damage|p2a: Dunsparce|206/312 brn|[from] brn\n|upkeep\n|turn|36\n|\n|t:|1781409129\n|move|p2a: Dunsparce|Body Slam|p1a: Lumineon\n|-damage|p1a: Lumineon|136/279 par\n|move|p1a: Lumineon|Encore|p2a: Dunsparce\n|-start|p2a: Dunsparce|Encore\n|\n|-damage|p2a: Dunsparce|187/312 brn|[from] brn\n|upkeep\n|turn|37\n|\n|t:|1781409137\n|switch|p1a: Moltres|Moltres, L81|223/278 par\n|move|p2a: Dunsparce|Body Slam|p1a: Moltres\n|-damage|p1a: Moltres|169/278 par\n|\n|-damage|p2a: Dunsparce|168/312 brn|[from] brn\n|upkeep\n|turn|38\n|\n|t:|1781409143\n|move|p2a: Dunsparce|Body Slam|p1a: Moltres\n|-damage|p1a: Moltres|112/278 par\n|move|p1a: Moltres|Roost|p1a: Moltres\n|-heal|p1a: Moltres|251/278 par\n|-singleturn|p1a: Moltres|move: Roost\n|\n|-damage|p2a: Dunsparce|149/312 brn|[from] brn\n|upkeep\n|turn|39\n|\n|t:|1781409151\n|move|p2a: Dunsparce|Body Slam|p1a: Moltres\n|-damage|p1a: Moltres|193/278 par\n|cant|p1a: Moltres|par\n|\n|-damage|p2a: Dunsparce|130/312 brn|[from] brn\n|-end|p2a: Dunsparce|Encore\n|upkeep\n|turn|40\n|\n|t:|1781409158\n|move|p2a: Dunsparce|Body Slam|p1a: Moltres\n|-damage|p1a: Moltres|138/278 par\n|move|p1a: Moltres|Fire Blast|p2a: Dunsparce\n|-damage|p2a: Dunsparce|15/312 brn\n|\n|-damage|p2a: Dunsparce|0 fnt|[from] brn\n|faint|p2a: Dunsparce\n|upkeep\n|\n|t:|1781409166\n|switch|p2a: Phione|Phione, L91|293/293\n|turn|41\n|\n|t:|1781409174\n|switch|p1a: Illumise|Illumise, L91, F|220/266 par\n|move|p2a: Phione|Take Heart|p2a: Phione\n|-boost|p2a: Phione|spa|1\n|-boost|p2a: Phione|spd|1\n|\n|upkeep\n|turn|42\n|\n|t:|1781409178\n|move|p1a: Illumise|Encore|p2a: Phione\n|-start|p2a: Phione|Encore\n|move|p2a: Phione|Take Heart|p2a: Phione\n|-boost|p2a: Phione|spa|1\n|-boost|p2a: Phione|spd|1\n|\n|upkeep\n|turn|43\n|\n|t:|1781409186\n|switch|p1a: Rayquaza|Rayquaza, L72|270/270\n|-ability|p1a: Rayquaza|Air Lock\n|move|p2a: Phione|Take Heart|p2a: Phione\n|-boost|p2a: Phione|spa|1\n|-boost|p2a: Phione|spd|1\n|\n|upkeep\n|turn|44\n|\n|t:|1781409190\n|move|p2a: Phione|Take Heart|p2a: Phione\n|-boost|p2a: Phione|spa|1\n|-boost|p2a: Phione|spd|1\n|move|p1a: Rayquaza|Scale Shot|p2a: Phione\n|-damage|p2a: Phione|263/293\n|-damage|p2a: Phione|236/293\n|-damage|p2a: Phione|206/293\n|-damage|p2a: Phione|176/293\n|-hitcount|p2a: Phione|4\n|-unboost|p1a: Rayquaza|def|1\n|-boost|p1a: Rayquaza|spe|1\n|\n|-heal|p2a: Phione|194/293|[from] item: Leftovers\n|-end|p2a: Phione|Encore\n|upkeep\n|turn|45\n|\n|t:|1781409199\n|move|p1a: Rayquaza|Dragon Ascent|p2a: Phione\n|-damage|p2a: Phione|52/293\n|-unboost|p1a: Rayquaza|def|1\n|-unboost|p1a: Rayquaza|spd|1\n|move|p2a: Phione|Ice Beam|p1a: Rayquaza\n|-supereffective|p1a: Rayquaza\n|-damage|p1a: Rayquaza|0 fnt\n|faint|p1a: Rayquaza\n|\n|-heal|p2a: Phione|70/293|[from] item: Leftovers\n|upkeep\n|\n|t:|1781409211\n|switch|p1a: Arbok|Arbok, L87, M|246/246\n|-ability|p1a: Arbok|Intimidate|boost\n|-unboost|p2a: Phione|atk|1\n|turn|46\n|\n|t:|1781409217\n|move|p1a: Arbok|Sucker Punch|p2a: Phione\n|-damage|p2a: Phione|17/293\n|move|p2a: Phione|Scald|p1a: Arbok\n|-damage|p1a: Arbok|0 fnt\n|faint|p1a: Arbok\n|\n|-heal|p2a: Phione|35/293|[from] item: Leftovers\n|upkeep\n|\n|t:|1781409223\n|switch|p1a: Illumise|Illumise, L91, F|220/266 par\n|turn|47\n|\n|t:|1781409226\n|move|p1a: Illumise|Thunder Wave|p2a: Phione\n|-status|p2a: Phione|par\n|move|p2a: Phione|Scald|p1a: Illumise\n|-damage|p1a: Illumise|0 fnt\n|faint|p1a: Illumise\n|\n|-heal|p2a: Phione|53/293 par|[from] item: Leftovers\n|upkeep\n|\n|t:|1781409231\n|switch|p1a: Lumineon|Lumineon, L93, M, tera:Ground|136/279 par\n|turn|48\n|\n|t:|1781409239\n|switch|p2a: Sneasler|Sneasler, L74, F|240/240\n|cant|p1a: Lumineon|par\n|\n|upkeep\n|turn|49\n|\n|t:|1781409245\n|switch|p1a: Moltres|Moltres, L81|138/278 par\n|move|p2a: Sneasler|Close Combat|p1a: Moltres\n|-resisted|p1a: Moltres\n|-damage|p1a: Moltres|75/278 par\n|-unboost|p2a: Sneasler|def|1\n|-unboost|p2a: Sneasler|spd|1\n|-enditem|p2a: Sneasler|White Herb\n|-clearnegativeboost|p2a: Sneasler|[silent]\n|\n|upkeep\n|turn|50\n|\n|t:|1781409254\n|move|p2a: Sneasler|Acrobatics|p1a: Moltres\n|-damage|p1a: Moltres|0 fnt\n|faint|p1a: Moltres\n|\n|upkeep\n|c|\u2606TandemUnicycle|that was so annoying\n|c|\u2606TandemUnicycle|gg\n|c|\u2606TrivagoGuy|gg\n|-message|TandemUnicycle forfeited.\n|\n|win|TrivagoGuy\n|raw|TandemUnicycle's rating: 1892 &rarr; <strong>1873</strong><br />(-19 for losing)\n|raw|TrivagoGuy's rating: 1910 &rarr; <strong>1929</strong><br />(+19 for winning)\n", "inputlog": ">version a8376a258c1d4662feba110a92103f3664a72141\n>start {\"formatid\":\"gen9randombattle\",\"seed\":\"sodium,d284abcb9082b7dbb98bbcdf0805fefe\",\"rated\":\"Rated battle\"}\n>player p1 {\"name\":\"TandemUnicycle\",\"avatar\":\"grimsley\",\"rating\":1892,\"seed\":\"sodium,d4bd7d96b42137805f152b4426858c20\"}\n>player p2 {\"name\":\"TrivagoGuy\",\"avatar\":\"worker\",\"rating\":1910,\"seed\":\"sodium,1693cf2be5d737bd0605ba7e5c0779c2\"}\n>p1 switch 2\n>p2 move icebeam\n>p1 move uturn\n>p2 switch 4\n>p1 switch 3\n>p1 move poltergeist\n>p2 move uturn\n>p2 switch 5\n>p1 move bodypress\n>p2 move coil\n>p1 switch 4\n>p2 move coil\n>p1 move willowisp\n>p2 move roost\n>p1 move fireblast\n>p2 move bodyslam\n>p1 move fireblast\n>p2 move roost\n>p1 move fireblast\n>p2 move coil\n>p1 move fireblast\n>p2 move roost\n>p1 switch 3\n>p2 move coil\n>p1 move encore\n>p2 move bodyslam\n>p1 move hydropump\n>p2 switch 5\n>p1 move uturn\n>p2 move uturn\n>p1 switch 4\n>p2 switch 6\n>p1 move bodypress\n>p2 move knockoff\n>p1 move playrough\n>p2 move knockoff\n>p2 switch 2\n>p1 move poltergeist\n>p2 move overdrive\n>p1 move shadowsneak\n>p2 move overdrive\n>p1 switch 4\n>p1 move uturn terastallize\n>p2 move overdrive\n>p1 switch 3\n>p1 switch 3\n>p2 move overdrive\n>p1 move icebeam\n>p2 switch 5\n>p1 move icebeam\n>p2 move roost\n>p1 move encore\n>p2 move roost\n>p1 move hydropump\n>p2 switch 6\n>p2 switch 4\n>p1 switch 6\n>p2 move takeheart\n>p1 move encore\n>p2 switch 5\n>p1 move bugbuzz\n>p2 move boomburst\n>p2 switch 5\n>p1 move thunderwave\n>p2 switch 6\n>p1 move roost\n>p2 move bodyslam\n>p1 switch 3\n>p2 move bodyslam\n>p1 move roost\n>p2 move coil\n>p1 move fireblast\n>p2 move bodyslam\n>p1 move fireblast\n>p2 move roost\n>p1 switch 6\n>p2 move bodyslam\n>p1 move hydropump\n>p2 move roost\n>p1 move encore\n>p2 move bodyslam\n>p1 switch 6\n>p2 move bodyslam\n>p1 move roost\n>p2 move bodyslam\n>p1 move fireblast\n>p2 move bodyslam\n>p1 move fireblast\n>p2 move bodyslam\n>p2 switch 6\n>p1 switch 3\n>p2 move takeheart\n>p1 move encore\n>p2 move scald\n>p1 switch 2\n>p2 move takeheart\n>p1 move scaleshot\n>p2 move takeheart\n>p1 move dragonascent\n>p2 move icebeam\n>p1 switch 5\n>p1 move suckerpunch\n>p2 move scald\n>p1 switch 2\n>p1 move thunderwave\n>p2 move scald\n>p1 switch 6\n>p1 move uturn\n>p2 switch 3\n>p1 switch 3\n>p2 move closecombat\n>p1 move roost\n>p2 move acrobatics\n>chat \u2606TandemUnicycle|that was so annoying\n>chat \u2606TandemUnicycle|gg\n>chat \u2606TrivagoGuy|gg\n>forcelose p1", "uploadtime": 1781409272, "views": 4, "formatid": "gen9randombattle", "rating": 1873, "private": 0, "password": null}