{"id": "gen9randombattle-2631530086", "format": "[Gen 9] Random Battle", "players": ["CaeRedDevil", "rarwolf10"], "log": "|j|\u2606CaeRedDevil\n|j|\u2606rarwolf10\n|t:|1781397212\n|gametype|singles\n|player|p1|CaeRedDevil|169|1245\n|player|p2|rarwolf10|janine|1262\n|gen|9\n|tier|[Gen 9] Random Battle\n|rated|\n|rule|Species Clause: Limit one of each Pok\u00e9mon\n|rule|HP Percentage Mod: HP is shown in percentages\n|rule|Sleep Clause Mod: Limit one foe put to sleep\n|rule|Illusion Level Mod: Illusion disguises the Pok\u00e9mon's true level\n|\n|t:|1781397212\n|teamsize|p1|6\n|teamsize|p2|6\n|start\n|switch|p1a: Sneasler|Sneasler, L74, F|240/240\n|switch|p2a: Granbull|Granbull, L88, F|302/302\n|-ability|p2a: Granbull|Intimidate|boost\n|-unboost|p1a: Sneasler|atk|1\n|turn|1\n|inactive|Battle timer is ON: inactive players will automatically lose when time's up. (requested by rarwolf10)\n|inactive|CaeRedDevil also wants the timer to be on.\n|\n|t:|1781397228\n|move|p1a: Sneasler|U-turn|p2a: Granbull\n|-resisted|p2a: Granbull\n|-damage|p2a: Granbull|275/302\n|-status|p2a: Granbull|psn|[from] ability: Poison Touch|[of] p1a: Sneasler\n|\n|t:|1781397245\n|switch|p1a: Jirachi|Jirachi, L80|291/291|[from] U-turn\n|move|p2a: Granbull|Thunder Wave|p1a: Jirachi\n|-status|p1a: Jirachi|par\n|\n|-heal|p2a: Granbull|293/302 psn|[from] item: Leftovers\n|-damage|p2a: Granbull|256/302 psn|[from] psn\n|upkeep\n|turn|2\n|\n|t:|1781397255\n|move|p2a: Granbull|Earthquake|p1a: Jirachi\n|-supereffective|p1a: Jirachi\n|-damage|p1a: Jirachi|119/291 par\n|cant|p1a: Jirachi|par\n|\n|-heal|p2a: Granbull|274/302 psn|[from] item: Leftovers\n|-heal|p1a: Jirachi|137/291 par|[from] item: Leftovers\n|-damage|p2a: Granbull|237/302 psn|[from] psn\n|upkeep\n|turn|3\n|\n|t:|1781397262\n|move|p1a: Jirachi|Protect|p1a: Jirachi\n|-singleturn|p1a: Jirachi|Protect\n|move|p2a: Granbull|Earthquake|p1a: Jirachi\n|-activate|p1a: Jirachi|move: Protect\n|\n|-heal|p2a: Granbull|255/302 psn|[from] item: Leftovers\n|-heal|p1a: Jirachi|155/291 par|[from] item: Leftovers\n|-damage|p2a: Granbull|218/302 psn|[from] psn\n|upkeep\n|turn|4\n|\n|t:|1781397275\n|switch|p1a: Dachsbun|Dachsbun, L92, F|254/254\n|move|p2a: Granbull|Earthquake|p1a: Dachsbun\n|-damage|p1a: Dachsbun|190/254\n|\n|-heal|p1a: Dachsbun|205/254|[from] item: Leftovers\n|-heal|p2a: Granbull|236/302 psn|[from] item: Leftovers\n|-damage|p2a: Granbull|199/302 psn|[from] psn\n|upkeep\n|turn|5\n|\n|t:|1781397281\n|move|p1a: Dachsbun|Wish|p1a: Dachsbun\n|move|p2a: Granbull|Thunder Wave|p1a: Dachsbun\n|-status|p1a: Dachsbun|par\n|\n|-heal|p2a: Granbull|217/302 psn|[from] item: Leftovers\n|-heal|p1a: Dachsbun|220/254 par|[from] item: Leftovers\n|-damage|p2a: Granbull|180/302 psn|[from] psn\n|upkeep\n|turn|6\n|\n|t:|1781397286\n|move|p1a: Dachsbun|Play Rough|p2a: Granbull\n|-damage|p2a: Granbull|71/302 psn\n|move|p2a: Granbull|Roar|p1a: Dachsbun\n|drag|p1a: Ninetales|Ninetales-Alola, L78, F|242/242\n|-weather|Snowscape|[from] ability: Snow Warning|[of] p1a: Ninetales\n|\n|-weather|Snowscape|[upkeep]\n|-heal|p2a: Granbull|89/302 psn|[from] item: Leftovers\n|-damage|p2a: Granbull|52/302 psn|[from] psn\n|upkeep\n|turn|7\n|\n|t:|1781397296\n|move|p1a: Ninetales|Blizzard|p2a: Granbull\n|-damage|p2a: Granbull|0 fnt\n|faint|p2a: Granbull\n|\n|-weather|Snowscape|[upkeep]\n|upkeep\n|\n|t:|1781397300\n|switch|p2a: Garganacl|Garganacl, L80, F|291/291\n|turn|8\n|\n|t:|1781397318\n|switch|p1a: Jirachi|Jirachi, L80|155/291 par\n|move|p2a: Garganacl|Salt Cure|p1a: Jirachi\n|-resisted|p1a: Jirachi\n|-damage|p1a: Jirachi|137/291 par\n|-start|p1a: Jirachi|Salt Cure\n|\n|-weather|Snowscape|[upkeep]\n|-heal|p1a: Jirachi|155/291 par|[from] item: Leftovers\n|-damage|p1a: Jirachi|83/291 par|[from] Salt Cure\n|upkeep\n|turn|9\n|inactive|rarwolf10 has 120 seconds left.\n|\n|t:|1781397353\n|move|p2a: Garganacl|Protect|p2a: Garganacl\n|-singleturn|p2a: Garganacl|Protect\n|cant|p1a: Jirachi|par\n|\n|-weather|Snowscape|[upkeep]\n|-heal|p1a: Jirachi|101/291 par|[from] item: Leftovers\n|-damage|p1a: Jirachi|29/291 par|[from] Salt Cure\n|upkeep\n|turn|10\n|\n|t:|1781397363\n|move|p1a: Jirachi|Wish|p1a: Jirachi\n|move|p2a: Garganacl|Earthquake|p1a: Jirachi\n|-supereffective|p1a: Jirachi\n|-damage|p1a: Jirachi|0 fnt\n|faint|p1a: Jirachi\n|\n|-weather|none\n|upkeep\n|\n|t:|1781397371\n|switch|p1a: Pawmot|Pawmot, L80, F|243/243\n|turn|11\n|\n|t:|1781397374\n|move|p1a: Pawmot|Nuzzle|p2a: Garganacl\n|-damage|p2a: Garganacl|273/291\n|move|p2a: Garganacl|Earthquake|p1a: Pawmot\n|-supereffective|p1a: Pawmot\n|-damage|p1a: Pawmot|85/243\n|\n|-heal|p1a: Pawmot|230/243|[from] move: Wish|[wisher] Jirachi\n|-heal|p2a: Garganacl|291/291|[from] item: Leftovers\n|upkeep\n|turn|12\n|\n|t:|1781397382\n|switch|p1a: Dachsbun|Dachsbun, L92, F|220/254 par\n|move|p2a: Garganacl|Earthquake|p1a: Dachsbun\n|-damage|p1a: Dachsbun|169/254 par\n|\n|-heal|p1a: Dachsbun|184/254 par|[from] item: Leftovers\n|upkeep\n|turn|13\n|\n|t:|1781397390\n|move|p1a: Dachsbun|Wish|p1a: Dachsbun\n|move|p2a: Garganacl|Salt Cure|p1a: Dachsbun\n|-damage|p1a: Dachsbun|153/254 par\n|-start|p1a: Dachsbun|Salt Cure\n|\n|-heal|p1a: Dachsbun|168/254 par|[from] item: Leftovers\n|-damage|p1a: Dachsbun|137/254 par|[from] Salt Cure\n|upkeep\n|turn|14\n|\n|t:|1781397394\n|move|p1a: Dachsbun|Body Press|p2a: Garganacl\n|-supereffective|p2a: Garganacl\n|-damage|p2a: Garganacl|177/291\n|move|p2a: Garganacl|Salt Cure|p1a: Dachsbun\n|-damage|p1a: Dachsbun|106/254 par\n|\n|-heal|p1a: Dachsbun|233/254 par|[from] move: Wish|[wisher] Dachsbun\n|-heal|p1a: Dachsbun|248/254 par|[from] item: Leftovers\n|-heal|p2a: Garganacl|195/291|[from] item: Leftovers\n|-damage|p1a: Dachsbun|217/254 par|[from] Salt Cure\n|upkeep\n|turn|15\n|\n|t:|1781397402\n|switch|p2a: Qwilfish|Qwilfish, L86, F|252/252\n|-ability|p2a: Qwilfish|Intimidate|boost\n|-unboost|p1a: Dachsbun|atk|1\n|move|p1a: Dachsbun|Body Press|p2a: Qwilfish\n|-resisted|p2a: Qwilfish\n|-damage|p2a: Qwilfish|216/252\n|\n|-heal|p2a: Qwilfish|231/252|[from] item: Leftovers\n|-heal|p1a: Dachsbun|232/254 par|[from] item: Leftovers\n|-damage|p1a: Dachsbun|201/254 par|[from] Salt Cure\n|upkeep\n|turn|16\n|\n|t:|1781397416\n|move|p2a: Qwilfish|Spikes|p1a: Dachsbun\n|-sidestart|p1: CaeRedDevil|Spikes\n|move|p1a: Dachsbun|Wish|p1a: Dachsbun\n|\n|-heal|p2a: Qwilfish|246/252|[from] item: Leftovers\n|-heal|p1a: Dachsbun|216/254 par|[from] item: Leftovers\n|-damage|p1a: Dachsbun|185/254 par|[from] Salt Cure\n|upkeep\n|turn|17\n|\n|t:|1781397432\n|move|p2a: Qwilfish|Spikes|p1a: Dachsbun\n|-sidestart|p1: CaeRedDevil|Spikes\n|move|p1a: Dachsbun|Play Rough|p2a: Qwilfish\n|-resisted|p2a: Qwilfish\n|-damage|p2a: Qwilfish|211/252\n|\n|-heal|p1a: Dachsbun|254/254 par|[from] move: Wish|[wisher] Dachsbun\n|-heal|p2a: Qwilfish|226/252|[from] item: Leftovers\n|-damage|p1a: Dachsbun|223/254 par|[from] Salt Cure\n|upkeep\n|turn|18\n|\n|t:|1781397452\n|move|p2a: Qwilfish|Spikes|p1a: Dachsbun\n|-sidestart|p1: CaeRedDevil|Spikes\n|move|p1a: Dachsbun|Body Press|p2a: Qwilfish\n|-resisted|p2a: Qwilfish\n|-damage|p2a: Qwilfish|187/252\n|\n|-heal|p2a: Qwilfish|202/252|[from] item: Leftovers\n|-heal|p1a: Dachsbun|238/254 par|[from] item: Leftovers\n|-damage|p1a: Dachsbun|207/254 par|[from] Salt Cure\n|upkeep\n|turn|19\n|\n|t:|1781397461\n|move|p2a: Qwilfish|Gunk Shot|p1a: Dachsbun\n|-supereffective|p1a: Dachsbun\n|-damage|p1a: Dachsbun|0 fnt\n|faint|p1a: Dachsbun\n|\n|-heal|p2a: Qwilfish|217/252|[from] item: Leftovers\n|upkeep\n|\n|t:|1781397469\n|switch|p1a: Pawmot|Pawmot, L80, F|230/243\n|-damage|p1a: Pawmot|170/243|[from] Spikes\n|turn|20\n|\n|t:|1781397476\n|move|p1a: Pawmot|Revival Blessing|p1a: Pawmot\n|-enditem|p1a: Pawmot|Leppa Berry|[eat]\n|-activate|p1a: Pawmot|item: Leppa Berry|Revival Blessing|[consumed]\n|\n|t:|1781397479\n|-heal|p1: Jirachi|145/291|[from] move: Revival Blessing\n|move|p2a: Qwilfish|Gunk Shot|p1a: Pawmot|[miss]\n|-miss|p2a: Qwilfish|p1a: Pawmot\n|\n|-heal|p2a: Qwilfish|232/252|[from] item: Leftovers\n|upkeep\n|turn|21\n|\n|t:|1781397488\n|move|p1a: Pawmot|Nuzzle|p2a: Qwilfish\n|-supereffective|p2a: Qwilfish\n|-damage|p2a: Qwilfish|184/252\n|-status|p2a: Qwilfish|par\n|move|p2a: Qwilfish|Gunk Shot|p1a: Pawmot\n|-damage|p1a: Pawmot|5/243\n|\n|-heal|p2a: Qwilfish|199/252 par|[from] item: Leftovers\n|upkeep\n|turn|22\n|\n|t:|1781397512\n|move|p1a: Pawmot|Double Shock|p2a: Qwilfish\n|-supereffective|p2a: Qwilfish\n|-damage|p2a: Qwilfish|0 fnt\n|-start|p1a: Pawmot|typechange|???/Fighting|[from] move: Double Shock\n|faint|p2a: Qwilfish\n|\n|upkeep\n|\n|t:|1781397532\n|switch|p2a: Bellibolt|Bellibolt, L84, M|320/320\n|turn|23\n|\n|t:|1781397539\n|move|p1a: Pawmot|Close Combat|p2a: Bellibolt\n|-damage|p2a: Bellibolt|193/320\n|-unboost|p1a: Pawmot|def|1\n|-unboost|p1a: Pawmot|spd|1\n|-start|p2a: Bellibolt|Charge|Close Combat|[from] ability: Electromorphosis\n|move|p2a: Bellibolt|Volt Switch|p1a: Pawmot\n|-heal|p1a: Pawmot|65/243|[from] ability: Volt Absorb|[of] p2a: Bellibolt\n|-end|p2a: Bellibolt|Charge|[silent]\n|\n|-heal|p2a: Bellibolt|213/320|[from] item: Leftovers\n|upkeep\n|turn|24\n|\n|t:|1781397555\n|switch|p1a: Jirachi|Jirachi, L80|145/291\n|-damage|p1a: Jirachi|73/291|[from] Spikes\n|move|p2a: Bellibolt|Muddy Water|p1a: Jirachi\n|-damage|p1a: Jirachi|14/291\n|\n|-heal|p1a: Jirachi|32/291|[from] item: Leftovers\n|-heal|p2a: Bellibolt|233/320|[from] item: Leftovers\n|upkeep\n|turn|25\n|\n|t:|1781397568\n|move|p1a: Jirachi|Protect|p1a: Jirachi\n|-singleturn|p1a: Jirachi|Protect\n|move|p2a: Bellibolt|Muddy Water|p1a: Jirachi\n|-activate|p1a: Jirachi|move: Protect\n|\n|-heal|p1a: Jirachi|50/291|[from] item: Leftovers\n|-heal|p2a: Bellibolt|253/320|[from] item: Leftovers\n|upkeep\n|turn|26\n|\n|t:|1781397577\n|move|p1a: Jirachi|Wish|p1a: Jirachi\n|move|p2a: Bellibolt|Muddy Water|p1a: Jirachi|[miss]\n|-miss|p2a: Bellibolt|p1a: Jirachi\n|\n|-heal|p1a: Jirachi|68/291|[from] item: Leftovers\n|-heal|p2a: Bellibolt|273/320|[from] item: Leftovers\n|upkeep\n|turn|27\n|\n|t:|1781397581\n|move|p1a: Jirachi|Protect|p1a: Jirachi\n|-singleturn|p1a: Jirachi|Protect\n|move|p2a: Bellibolt|Muddy Water|p1a: Jirachi\n|-activate|p1a: Jirachi|move: Protect\n|\n|-heal|p1a: Jirachi|213/291|[from] move: Wish|[wisher] Jirachi\n|-heal|p1a: Jirachi|231/291|[from] item: Leftovers\n|-heal|p2a: Bellibolt|293/320|[from] item: Leftovers\n|upkeep\n|turn|28\n|\n|t:|1781397588\n|move|p1a: Jirachi|Wish|p1a: Jirachi\n|move|p2a: Bellibolt|Muddy Water|p1a: Jirachi\n|-damage|p1a: Jirachi|165/291\n|\n|-heal|p1a: Jirachi|183/291|[from] item: Leftovers\n|-heal|p2a: Bellibolt|313/320|[from] item: Leftovers\n|upkeep\n|turn|29\n|\n|t:|1781397592\n|move|p1a: Jirachi|Body Slam|p2a: Bellibolt\n|-damage|p2a: Bellibolt|260/320\n|-start|p2a: Bellibolt|Charge|Body Slam|[from] ability: Electromorphosis\n|move|p2a: Bellibolt|Muddy Water|p1a: Jirachi\n|-damage|p1a: Jirachi|120/291\n|-unboost|p1a: Jirachi|accuracy|1\n|\n|-heal|p1a: Jirachi|265/291|[from] move: Wish|[wisher] Jirachi\n|-heal|p1a: Jirachi|283/291|[from] item: Leftovers\n|-heal|p2a: Bellibolt|280/320|[from] item: Leftovers\n|upkeep\n|turn|30\n|\n|t:|1781397615\n|move|p1a: Jirachi|Wish|p1a: Jirachi\n|move|p2a: Bellibolt|Muddy Water|p1a: Jirachi\n|-damage|p1a: Jirachi|219/291\n|\n|-heal|p1a: Jirachi|237/291|[from] item: Leftovers\n|-heal|p2a: Bellibolt|300/320|[from] item: Leftovers\n|upkeep\n|turn|31\n|\n|t:|1781397620\n|switch|p1a: Pawmot|Pawmot, L80, F|65/243\n|-damage|p1a: Pawmot|5/243|[from] Spikes\n|move|p2a: Bellibolt|Muddy Water|p1a: Pawmot|[miss]\n|-miss|p2a: Bellibolt|p1a: Pawmot\n|\n|-heal|p1a: Pawmot|150/243|[from] move: Wish|[wisher] Jirachi\n|-heal|p2a: Bellibolt|320/320|[from] item: Leftovers\n|upkeep\n|turn|32\n|\n|t:|1781397642\n|move|p1a: Pawmot|Revival Blessing|p1a: Pawmot\n|\n|t:|1781397644\n|-heal|p1: Dachsbun|127/254|[from] move: Revival Blessing\n|move|p2a: Bellibolt|Muddy Water|p1a: Pawmot\n|-damage|p1a: Pawmot|51/243\n|\n|upkeep\n|turn|33\n|\n|t:|1781397653\n|move|p1a: Pawmot|Close Combat|p2a: Bellibolt\n|-damage|p2a: Bellibolt|184/320\n|-unboost|p1a: Pawmot|def|1\n|-unboost|p1a: Pawmot|spd|1\n|-start|p2a: Bellibolt|Charge|Close Combat|[from] ability: Electromorphosis\n|move|p2a: Bellibolt|Muddy Water|p1a: Pawmot\n|-damage|p1a: Pawmot|0 fnt\n|faint|p1a: Pawmot\n|\n|-heal|p2a: Bellibolt|204/320|[from] item: Leftovers\n|upkeep\n|\n|t:|1781397665\n|switch|p1a: Umbreon|Umbreon, L84, F|297/297\n|-damage|p1a: Umbreon|223/297|[from] Spikes\n|turn|34\n|\n|t:|1781397678\n|move|p1a: Umbreon|Toxic|p2a: Bellibolt\n|-status|p2a: Bellibolt|tox\n|move|p2a: Bellibolt|Thunderbolt|p1a: Umbreon\n|-damage|p1a: Umbreon|85/297\n|-end|p2a: Bellibolt|Charge|[silent]\n|\n|-heal|p1a: Umbreon|103/297|[from] item: Leftovers\n|-heal|p2a: Bellibolt|224/320 tox|[from] item: Leftovers\n|-damage|p2a: Bellibolt|204/320 tox|[from] psn\n|upkeep\n|turn|35\n|\n|t:|1781397686\n|move|p1a: Umbreon|Protect|p1a: Umbreon\n|-singleturn|p1a: Umbreon|Protect\n|move|p2a: Bellibolt|Volt Switch|p1a: Umbreon\n|-activate|p1a: Umbreon|move: Protect\n|\n|-heal|p1a: Umbreon|121/297|[from] item: Leftovers\n|-heal|p2a: Bellibolt|224/320 tox|[from] item: Leftovers\n|-damage|p2a: Bellibolt|184/320 tox|[from] psn\n|upkeep\n|turn|36\n|\n|t:|1781397692\n|move|p1a: Umbreon|Wish|p1a: Umbreon\n|move|p2a: Bellibolt|Volt Switch|p1a: Umbreon\n|-damage|p1a: Umbreon|60/297\n|\n|t:|1781397703\n|switch|p2a: Blastoise|Blastoise, L80, F|258/258|[from] Volt Switch\n|\n|-heal|p1a: Umbreon|78/297|[from] item: Leftovers\n|upkeep\n|turn|37\n|\n|t:|1781397708\n|move|p1a: Umbreon|Protect|p1a: Umbreon\n|-singleturn|p1a: Umbreon|Protect\n|move|p2a: Blastoise|Shell Smash|p2a: Blastoise\n|-unboost|p2a: Blastoise|def|1\n|-unboost|p2a: Blastoise|spd|1\n|-boost|p2a: Blastoise|atk|2\n|-boost|p2a: Blastoise|spa|2\n|-boost|p2a: Blastoise|spe|2\n|-enditem|p2a: Blastoise|White Herb\n|-clearnegativeboost|p2a: Blastoise|[silent]\n|\n|-heal|p1a: Umbreon|226/297|[from] move: Wish|[wisher] Umbreon\n|-heal|p1a: Umbreon|244/297|[from] item: Leftovers\n|upkeep\n|turn|38\n|\n|t:|1781397713\n|move|p2a: Blastoise|Hydro Pump|p1a: Umbreon\n|-damage|p1a: Umbreon|106/297\n|move|p1a: Umbreon|Toxic|p2a: Blastoise\n|-status|p2a: Blastoise|tox\n|\n|-heal|p1a: Umbreon|124/297|[from] item: Leftovers\n|-damage|p2a: Blastoise|242/258 tox|[from] psn\n|upkeep\n|turn|39\n|\n|t:|1781397721\n|move|p2a: Blastoise|Hydro Pump|p1a: Umbreon\n|-damage|p1a: Umbreon|0 fnt\n|faint|p1a: Umbreon\n|\n|-damage|p2a: Blastoise|210/258 tox|[from] psn\n|upkeep\n|\n|t:|1781397725\n|switch|p1a: Jirachi|Jirachi, L80|237/291\n|-damage|p1a: Jirachi|165/291|[from] Spikes\n|turn|40\n|\n|t:|1781397730\n|move|p1a: Jirachi|Protect|p1a: Jirachi\n|-singleturn|p1a: Jirachi|Protect\n|move|p2a: Blastoise|Earthquake|p1a: Jirachi\n|-activate|p1a: Jirachi|move: Protect\n|\n|-heal|p1a: Jirachi|183/291|[from] item: Leftovers\n|-damage|p2a: Blastoise|162/258 tox|[from] psn\n|upkeep\n|turn|41\n|\n|t:|1781397741\n|switch|p1a: Dachsbun|Dachsbun, L92, F|127/254\n|-damage|p1a: Dachsbun|64/254|[from] Spikes\n|move|p2a: Blastoise|Earthquake|p1a: Dachsbun\n|-damage|p1a: Dachsbun|0 fnt\n|faint|p1a: Dachsbun\n|\n|-damage|p2a: Blastoise|98/258 tox|[from] psn\n|upkeep\n|\n|t:|1781397749\n|switch|p1a: Jirachi|Jirachi, L80|183/291\n|-damage|p1a: Jirachi|111/291|[from] Spikes\n|turn|42\n|\n|t:|1781397752\n|move|p2a: Blastoise|Shell Smash|p2a: Blastoise\n|-unboost|p2a: Blastoise|def|1\n|-unboost|p2a: Blastoise|spd|1\n|-boost|p2a: Blastoise|atk|2\n|-boost|p2a: Blastoise|spa|2\n|-boost|p2a: Blastoise|spe|2\n|move|p1a: Jirachi|Wish|p1a: Jirachi\n|\n|-heal|p1a: Jirachi|129/291|[from] item: Leftovers\n|-damage|p2a: Blastoise|18/258 tox|[from] psn\n|upkeep\n|turn|43\n|\n|t:|1781397761\n|move|p1a: Jirachi|Protect|p1a: Jirachi\n|-singleturn|p1a: Jirachi|Protect\n|move|p2a: Blastoise|Earthquake|p1a: Jirachi\n|-activate|p1a: Jirachi|move: Protect\n|\n|-heal|p1a: Jirachi|274/291|[from] move: Wish|[wisher] Jirachi\n|-heal|p1a: Jirachi|291/291|[from] item: Leftovers\n|-damage|p2a: Blastoise|0 fnt|[from] psn\n|faint|p2a: Blastoise\n|upkeep\n|\n|t:|1781397773\n|switch|p2a: Garganacl|Garganacl, L80, F|195/291\n|turn|44\n|\n|t:|1781397779\n|move|p1a: Jirachi|Iron Head|p2a: Garganacl\n|-supereffective|p2a: Garganacl\n|-damage|p2a: Garganacl|67/291\n|cant|p2a: Garganacl|flinch\n|\n|-heal|p2a: Garganacl|85/291|[from] item: Leftovers\n|upkeep\n|turn|45\n|\n|t:|1781397784\n|-terastallize|p2a: Garganacl|Dragon\n|move|p2a: Garganacl|Protect|p2a: Garganacl\n|-singleturn|p2a: Garganacl|Protect\n|move|p1a: Jirachi|Iron Head|p2a: Garganacl\n|-activate|p2a: Garganacl|move: Protect\n|\n|-heal|p2a: Garganacl|103/291|[from] item: Leftovers\n|upkeep\n|turn|46\n|\n|t:|1781397789\n|move|p1a: Jirachi|Iron Head|p2a: Garganacl\n|-damage|p2a: Garganacl|45/291\n|cant|p2a: Garganacl|flinch\n|\n|-heal|p2a: Garganacl|63/291|[from] item: Leftovers\n|upkeep\n|turn|47\n|\n|t:|1781397793\n|move|p2a: Garganacl|Protect|p2a: Garganacl\n|-singleturn|p2a: Garganacl|Protect\n|move|p1a: Jirachi|Iron Head|p2a: Garganacl\n|-activate|p2a: Garganacl|move: Protect\n|\n|-heal|p2a: Garganacl|81/291|[from] item: Leftovers\n|upkeep\n|turn|48\n|\n|t:|1781397807\n|move|p1a: Jirachi|Iron Head|p2a: Garganacl\n|-damage|p2a: Garganacl|21/291\n|move|p2a: Garganacl|Recover|p2a: Garganacl\n|-heal|p2a: Garganacl|167/291\n|\n|-heal|p2a: Garganacl|185/291|[from] item: Leftovers\n|upkeep\n|turn|49\n|\n|t:|1781397814\n|move|p1a: Jirachi|Body Slam|p2a: Garganacl\n|-damage|p2a: Garganacl|145/291\n|move|p2a: Garganacl|Salt Cure|p1a: Jirachi\n|-resisted|p1a: Jirachi\n|-damage|p1a: Jirachi|272/291\n|-start|p1a: Jirachi|Salt Cure\n|\n|-heal|p1a: Jirachi|290/291|[from] item: Leftovers\n|-heal|p2a: Garganacl|163/291|[from] item: Leftovers\n|-damage|p1a: Jirachi|218/291|[from] Salt Cure\n|upkeep\n|turn|50\n|\n|t:|1781397819\n|move|p1a: Jirachi|Body Slam|p2a: Garganacl\n|-damage|p2a: Garganacl|118/291\n|move|p2a: Garganacl|Earthquake|p1a: Jirachi\n|-supereffective|p1a: Jirachi\n|-damage|p1a: Jirachi|82/291\n|\n|-heal|p1a: Jirachi|100/291|[from] item: Leftovers\n|-heal|p2a: Garganacl|136/291|[from] item: Leftovers\n|-damage|p1a: Jirachi|28/291|[from] Salt Cure\n|upkeep\n|turn|51\n|\n|t:|1781397826\n|move|p2a: Garganacl|Protect|p2a: Garganacl\n|-singleturn|p2a: Garganacl|Protect\n|move|p1a: Jirachi|Body Slam|p2a: Garganacl\n|-activate|p2a: Garganacl|move: Protect\n|\n|-heal|p1a: Jirachi|46/291|[from] item: Leftovers\n|-heal|p2a: Garganacl|154/291|[from] item: Leftovers\n|-damage|p1a: Jirachi|0 fnt|[from] Salt Cure\n|faint|p1a: Jirachi\n|upkeep\n|\n|t:|1781397829\n|switch|p1a: Sneasler|Sneasler, L74, F|240/240\n|-damage|p1a: Sneasler|180/240|[from] Spikes\n|turn|52\n|\n|t:|1781397839\n|move|p1a: Sneasler|Dire Claw|p2a: Garganacl\n|-damage|p2a: Garganacl|64/291\n|move|p2a: Garganacl|Earthquake|p1a: Sneasler\n|-supereffective|p1a: Sneasler\n|-crit|p1a: Sneasler\n|-damage|p1a: Sneasler|0 fnt\n|faint|p1a: Sneasler\n|\n|-heal|p2a: Garganacl|82/291|[from] item: Leftovers\n|upkeep\n|\n|t:|1781397845\n|switch|p1a: Ninetales|Ninetales-Alola, L78, F|242/242\n|-damage|p1a: Ninetales|182/242|[from] Spikes\n|-weather|Snowscape|[from] ability: Snow Warning|[of] p1a: Ninetales\n|turn|53\n|\n|t:|1781397857\n|move|p1a: Ninetales|Aurora Veil|p1a: Ninetales\n|-sidestart|p1: CaeRedDevil|move: Aurora Veil\n|move|p2a: Garganacl|Recover|p2a: Garganacl\n|-heal|p2a: Garganacl|228/291\n|\n|-weather|Snowscape|[upkeep]\n|-heal|p2a: Garganacl|246/291|[from] item: Leftovers\n|upkeep\n|turn|54\n|\n|t:|1781397864\n|move|p1a: Ninetales|Blizzard|p2a: Garganacl\n|-supereffective|p2a: Garganacl\n|-damage|p2a: Garganacl|54/291\n|move|p2a: Garganacl|Salt Cure|p1a: Ninetales\n|-supereffective|p1a: Ninetales\n|-damage|p1a: Ninetales|146/242\n|-start|p1a: Ninetales|Salt Cure\n|\n|-weather|Snowscape|[upkeep]\n|-heal|p2a: Garganacl|72/291|[from] item: Leftovers\n|-damage|p1a: Ninetales|116/242|[from] Salt Cure\n|upkeep\n|turn|55\n|\n|t:|1781397871\n|move|p2a: Garganacl|Protect|p2a: Garganacl\n|-singleturn|p2a: Garganacl|Protect\n|move|p1a: Ninetales|Blizzard|p2a: Garganacl\n|-activate|p2a: Garganacl|move: Protect\n|\n|-weather|Snowscape|[upkeep]\n|-heal|p2a: Garganacl|90/291|[from] item: Leftovers\n|-damage|p1a: Ninetales|86/242|[from] Salt Cure\n|upkeep\n|turn|56\n|\n|t:|1781397874\n|move|p1a: Ninetales|Blizzard|p2a: Garganacl\n|-supereffective|p2a: Garganacl\n|-damage|p2a: Garganacl|0 fnt\n|faint|p2a: Garganacl\n|\n|-weather|Snowscape|[upkeep]\n|-damage|p1a: Ninetales|56/242|[from] Salt Cure\n|upkeep\n|\n|t:|1781397875\n|switch|p2a: Bellibolt|Bellibolt, L84, M|184/320 tox\n|turn|57\n|\n|t:|1781397883\n|move|p1a: Ninetales|Blizzard|p2a: Bellibolt\n|-damage|p2a: Bellibolt|96/320 tox\n|-start|p2a: Bellibolt|Charge|Blizzard|[from] ability: Electromorphosis\n|move|p2a: Bellibolt|Thunderbolt|p1a: Ninetales\n|-damage|p1a: Ninetales|0 fnt\n|faint|p1a: Ninetales\n|-end|p2a: Bellibolt|Charge|[silent]\n|\n|win|rarwolf10\n|raw|CaeRedDevil's rating: 1245 &rarr; <strong>1221</strong><br />(-24 for losing)\n|raw|rarwolf10's rating: 1262 &rarr; <strong>1286</strong><br />(+24 for winning)\n|l|\u2606CaeRedDevil\n|player|p1|\n", "inputlog": ">version a8376a258c1d4662feba110a92103f3664a72141\n>start {\"formatid\":\"gen9randombattle\",\"seed\":\"sodium,22a37077c87a6b3fe8fe1bfd680166b2\",\"rated\":\"Rated battle\"}\n>player p1 {\"name\":\"CaeRedDevil\",\"avatar\":\"169\",\"rating\":1245,\"seed\":\"sodium,dc26dd20380b02ff849690900667263e\"}\n>player p2 {\"name\":\"rarwolf10\",\"avatar\":\"janine\",\"rating\":1262,\"seed\":\"sodium,362baa41aa088f76928db250eb161c63\"}\n>p1 move uturn\n>p2 move thunderwave\n>p1 switch 2\n>p1 move wish\n>p2 move earthquake\n>p1 move protect\n>p2 move earthquake\n>p1 switch 4\n>p2 move earthquake\n>p1 move wish\n>p2 move thunderwave\n>p1 move playrough\n>p2 move roar\n>p1 move blizzard\n>p2 move thunderwave\n>p2 switch 3\n>p1 switch 4\n>p2 move saltcure\n>p1 move ironhead\n>p2 move protect\n>p1 move wish\n>p2 move earthquake\n>p1 switch 5\n>p1 move nuzzle\n>p2 move earthquake\n>p1 switch 3\n>p2 move earthquake\n>p1 move wish\n>p2 move saltcure\n>p1 move bodypress\n>p2 move saltcure\n>p1 move bodypress\n>p2 switch 6\n>p1 move wish\n>p2 move spikes\n>p1 move playrough\n>p2 move spikes\n>p1 move bodypress\n>p2 move spikes\n>p1 move playrough\n>p2 move gunkshot\n>p1 switch 3\n>p1 move revivalblessing\n>p2 move gunkshot\n>p1 switch 5\n>p1 move nuzzle\n>p2 move gunkshot\n>p1 move doubleshock\n>p2 move waterfall\n>p2 switch 5\n>p1 move closecombat\n>p2 move voltswitch\n>p1 switch 5\n>p2 move muddywater\n>p1 move protect\n>p2 move muddywater\n>p1 move wish\n>p2 move muddywater\n>p1 move protect\n>p2 move muddywater\n>p1 move wish\n>p2 move muddywater\n>p1 move bodyslam\n>p2 move muddywater\n>p1 move wish\n>p2 move muddywater\n>p1 switch 5\n>p2 move muddywater\n>p1 move revivalblessing\n>p2 move muddywater\n>p1 switch 3\n>p1 move closecombat\n>p2 move muddywater\n>p1 switch 6\n>p1 move toxic\n>p2 move thunderbolt\n>p1 move protect\n>p2 move voltswitch\n>p1 move wish\n>p2 move voltswitch\n>p2 switch 4\n>p1 move protect\n>p2 move shellsmash\n>p1 move toxic\n>p2 move hydropump\n>p1 move wish\n>p2 move hydropump\n>p1 switch 5\n>p1 move protect\n>p2 move earthquake\n>p1 switch 3\n>p2 move earthquake\n>p1 switch 3\n>p1 move wish\n>p2 move shellsmash\n>p1 move protect\n>p2 move earthquake\n>p2 switch 6\n>p1 move ironhead\n>p2 move saltcure\n>p1 move ironhead\n>p2 move protect terastallize\n>p1 move ironhead\n>p2 move recover\n>p1 move ironhead\n>p2 move protect\n>p1 move ironhead\n>p2 move recover\n>p1 move bodyslam\n>p2 move saltcure\n>p1 move bodyslam\n>p2 move earthquake\n>p1 move bodyslam\n>p2 move protect\n>p1 switch 2\n>p1 move direclaw\n>p2 move earthquake\n>p1 switch 4\n>p1 move auroraveil\n>p2 move recover\n>p1 move blizzard\n>p2 move saltcure\n>p1 move blizzard\n>p2 move protect\n>p1 move blizzard\n>p2 move recover\n>p2 switch 4\n>p1 move blizzard\n>p2 move thunderbolt", "uploadtime": 1781397886, "views": 4, "formatid": "gen9randombattle", "rating": 1221, "private": 0, "password": null, "player_dets": [{"name": "CaeRedDevil", "avatar": "169", "rating": 1245, "seed": "sodium,dc26dd20380b02ff849690900667263e"}, {"name": "rarwolf10", "avatar": "janine", "rating": 1262, "seed": "sodium,362baa41aa088f76928db250eb161c63"}], "teams_full": [{"Sneasler": {"name": "Sneasler", "species": "Sneasler", "speciesId": "sneasler", "gender": "F", "shiny": false, "level": 74, "moves": ["closecombat", "throatchop", "direclaw", "uturn"], "ability": "Poison Touch", "evs": {"hp": 85, "atk": 85, "def": 85, "spa": 85, "spd": 85, "spe": 85}, "ivs": {"hp": 31, "atk": 31, "def": 31, "spa": 31, "spd": 31, "spe": 31}, "item": "Choice Band", "teraType": "Dark", "role": "Fast Attacker", "bvs": {"hp": 80, "atk": 130, "def": 60, "spa": 40, "spd": 80, "spe": 120}, "stats": {"hp": 240, "atk": 235, "def": 132, "spa": 102, "spd": 161, "spe": 221}}, "Jirachi": {"name": "Jirachi", "species": "Jirachi", "speciesId": "jirachi", "gender": "N", "shiny": false, "level": 80, "moves": ["bodyslam", "wish", "protect", "ironhead"], "ability": "Serene Grace", "evs": {"hp": 85, "atk": 85, "def": 85, "spa": 85, "spd": 85, "spe": 85}, "ivs": {"hp": 31, "atk": 31, "def": 31, "spa": 31, "spd": 31, "spe": 31}, "item": "Leftovers", "teraType": "Water", "role": "Fast Support", "bvs": {"hp": 100, "atk": 100, "def": 100, "spa": 100, "spd": 100, "spe": 100}, "stats": {"hp": 291, "atk": 206, "def": 206, "spa": 206, "spd": 206, "spe": 206}}, "Ninetales": {"name": "Ninetales", "species": "Ninetales-Alola", "speciesId": "ninetalesalola", "gender": "F", "shiny": false, "level": 78, "moves": ["freezedry", "moonblast", "auroraveil", "blizzard"], "ability": "Snow Warning", "evs": {"hp": 85, "atk": 0, "def": 85, "spa": 85, "spd": 85, "spe": 85}, "ivs": {"hp": 31, "atk": 0, "def": 31, "spa": 31, "spd": 31, "spe": 31}, "item": "Light Clay", "teraType": "Steel", "role": "Fast Attacker", "bvs": {"hp": 73, "atk": 67, "def": 75, "spa": 81, "spd": 100, "spe": 109}, "stats": {"hp": 242, "atk": 109, "def": 162, "spa": 171, "spd": 201, "spe": 215}}, "Dachsbun": {"name": "Dachsbun", "species": "Dachsbun", "speciesId": "dachsbun", "gender": "F", "shiny": false, "level": 92, "moves": ["protect", "bodypress", "wish", "playrough"], "ability": "Well-Baked Body", "evs": {"hp": 85, "atk": 85, "def": 85, "spa": 85, "spd": 85, "spe": 85}, "ivs": {"hp": 31, "atk": 31, "def": 31, "spa": 31, "spd": 31, "spe": 31}, "item": "Leftovers", "teraType": "Steel", "role": "Bulky Support", "bvs": {"hp": 57, "atk": 80, "def": 115, "spa": 50, "spd": 80, "spe": 95}, "stats": {"hp": 254, "atk": 200, "def": 264, "spa": 144, "spd": 200, "spe": 227}}, "Pawmot": {"name": "Pawmot", "species": "Pawmot", "speciesId": "pawmot", "gender": "F", "shiny": false, "level": 80, "moves": ["doubleshock", "closecombat", "nuzzle", "revivalblessing"], "ability": "Volt Absorb", "evs": {"hp": 85, "atk": 85, "def": 85, "spa": 85, "spd": 85, "spe": 85}, "ivs": {"hp": 31, "atk": 31, "def": 31, "spa": 31, "spd": 31, "spe": 31}, "item": "Leppa Berry", "teraType": "Electric", "role": "Fast Attacker", "bvs": {"hp": 70, "atk": 115, "def": 70, "spa": 70, "spd": 60, "spe": 105}, "stats": {"hp": 243, "atk": 230, "def": 158, "spa": 158, "spd": 142, "spe": 214}}, "Umbreon": {"name": "Umbreon", "species": "Umbreon", "speciesId": "umbreon", "gender": "F", "shiny": false, "level": 84, "moves": ["wish", "foulplay", "protect", "toxic"], "ability": "Synchronize", "evs": {"hp": 85, "atk": 0, "def": 85, "spa": 85, "spd": 85, "spe": 85}, "ivs": {"hp": 31, "atk": 0, "def": 31, "spa": 31, "spd": 31, "spe": 31}, "item": "Leftovers", "teraType": "Poison", "role": "Bulky Support", "bvs": {"hp": 95, "atk": 65, "def": 110, "spa": 60, "spd": 130, "spe": 65}, "stats": {"hp": 297, "atk": 114, "def": 233, "spa": 149, "spd": 267, "spe": 157}}}, {"Granbull": {"name": "Granbull", "species": "Granbull", "speciesId": "granbull", "gender": "F", "shiny": false, "level": 88, "moves": ["earthquake", "playrough", "roar", "thunderwave"], "ability": "Intimidate", "evs": {"hp": 85, "atk": 85, "def": 85, "spa": 85, "spd": 85, "spe": 85}, "ivs": {"hp": 31, "atk": 31, "def": 31, "spa": 31, "spd": 31, "spe": 31}, "item": "Leftovers", "teraType": "Ground", "role": "Bulky Support", "bvs": {"hp": 90, "atk": 120, "def": 75, "spa": 60, "spd": 60, "spe": 45}, "stats": {"hp": 302, "atk": 261, "def": 182, "spa": 156, "spd": 156, "spe": 129}}, "Hydrapple": {"name": "Hydrapple", "species": "Hydrapple", "speciesId": "hydrapple", "gender": "M", "shiny": false, "level": 83, "moves": ["leafstorm", "ficklebeam", "earthpower", "dracometeor"], "ability": "Regenerator", "evs": {"hp": 85, "atk": 0, "def": 85, "spa": 85, "spd": 85, "spe": 85}, "ivs": {"hp": 31, "atk": 0, "def": 31, "spa": 31, "spd": 31, "spe": 31}, "item": "Choice Specs", "teraType": "Dragon", "role": "Wallbreaker", "bvs": {"hp": 106, "atk": 80, "def": 110, "spa": 120, "spd": 80, "spe": 44}, "stats": {"hp": 312, "atk": 137, "def": 230, "spa": 247, "spd": 180, "spe": 121}}, "Garganacl": {"name": "Garganacl", "species": "Garganacl", "speciesId": "garganacl", "gender": "F", "shiny": false, "level": 80, "moves": ["saltcure", "earthquake", "recover", "protect"], "ability": "Purifying Salt", "evs": {"hp": 85, "atk": 85, "def": 85, "spa": 85, "spd": 85, "spe": 85}, "ivs": {"hp": 31, "atk": 31, "def": 31, "spa": 31, "spd": 31, "spe": 31}, "item": "Leftovers", "teraType": "Dragon", "role": "Bulky Attacker", "bvs": {"hp": 100, "atk": 100, "def": 130, "spa": 45, "spd": 90, "spe": 35}, "stats": {"hp": 291, "atk": 206, "def": 254, "spa": 118, "spd": 190, "spe": 102}}, "Blastoise": {"name": "Blastoise", "species": "Blastoise", "speciesId": "blastoise", "gender": "F", "shiny": false, "level": 80, "moves": ["earthquake", "hydropump", "icebeam", "shellsmash"], "ability": "Torrent", "evs": {"hp": 85, "atk": 85, "def": 85, "spa": 85, "spd": 85, "spe": 85}, "ivs": {"hp": 31, "atk": 31, "def": 31, "spa": 31, "spd": 31, "spe": 31}, "item": "White Herb", "teraType": "Ground", "role": "Setup Sweeper", "bvs": {"hp": 79, "atk": 83, "def": 100, "spa": 85, "spd": 105, "spe": 78}, "stats": {"hp": 258, "atk": 179, "def": 206, "spa": 182, "spd": 214, "spe": 171}}, "Bellibolt": {"name": "Bellibolt", "species": "Bellibolt", "speciesId": "bellibolt", "gender": "M", "shiny": false, "level": 84, "moves": ["voltswitch", "thunderbolt", "slackoff", "muddywater"], "ability": "Electromorphosis", "evs": {"hp": 85, "atk": 0, "def": 85, "spa": 85, "spd": 85, "spe": 85}, "ivs": {"hp": 31, "atk": 0, "def": 31, "spa": 31, "spd": 31, "spe": 31}, "item": "Leftovers", "teraType": "Electric", "role": "Bulky Attacker", "bvs": {"hp": 109, "atk": 64, "def": 91, "spa": 103, "spd": 83, "spe": 45}, "stats": {"hp": 320, "atk": 112, "def": 201, "spa": 221, "spd": 188, "spe": 124}}, "Qwilfish": {"name": "Qwilfish", "species": "Qwilfish", "speciesId": "qwilfish", "gender": "F", "shiny": false, "level": 86, "moves": ["spikes", "gunkshot", "taunt", "waterfall"], "ability": "Intimidate", "evs": {"hp": 85, "atk": 85, "def": 85, "spa": 85, "spd": 85, "spe": 85}, "ivs": {"hp": 31, "atk": 31, "def": 31, "spa": 31, "spd": 31, "spe": 31}, "item": "Leftovers", "teraType": "Grass", "role": "Bulky Support", "bvs": {"hp": 65, "atk": 95, "def": 85, "spa": 55, "spd": 55, "spe": 85}, "stats": {"hp": 252, "atk": 213, "def": 195, "spa": 144, "spd": 144, "spe": 195}}}]}