{"id": "gen9randombattle-2631826563", "format": "[Gen 9] Random Battle", "players": ["GreatDG", "Lord Stantler"], "log": "|j|\u203dGreatDG\n|j|\u2606Lord Stantler\n|t:|1781445107\n|gametype|singles\n|player|p1|GreatDG|riley|1934\n|player|p2|Lord Stantler|169|1936\n|gen|9\n|tier|[Gen 9] Random Battle\n|rated|\n|rule|Species Clause: Limit one of each Pok\u00e9mon\n|rule|HP Percentage Mod: HP is shown in percentages\n|rule|Sleep Clause Mod: Limit one foe put to sleep\n|rule|Illusion Level Mod: Illusion disguises the Pok\u00e9mon's true level\n|\n|t:|1781445107\n|teamsize|p1|6\n|teamsize|p2|6\n|start\n|switch|p1a: Mismagius|Mismagius, L86, M|243/243\n|switch|p2a: Zarude|Zarude-Dada, L77|288/288\n|turn|1\n|inactive|Battle timer is ON: inactive players will automatically lose when time's up. (requested by Lord Stantler)\n|inactive|GreatDG also wants the timer to be on.\n|inactive|GreatDG has 120 seconds left.\n|\n|t:|1781445145\n|switch|p1a: Dipplin|Dipplin, L88, F|284/284\n|move|p2a: Zarude|Knock Off|p1a: Dipplin\n|-damage|p1a: Dipplin|213/284\n|-activate|p1a: Dipplin|ability: Sticky Hold\n|-damage|p2a: Zarude|260/288|[from] item: Life Orb\n|\n|upkeep\n|turn|2\n|\n|t:|1781445154\n|switch|p2a: Corviknight|Corviknight, L80, M|288/288\n|-ability|p2a: Corviknight|Pressure\n|move|p1a: Dipplin|Giga Drain|p2a: Corviknight\n|-resisted|p2a: Corviknight\n|-damage|p2a: Corviknight|264/288\n|-heal|p1a: Dipplin|225/284|[from] drain|[of] p2a: Corviknight\n|\n|-heal|p2a: Corviknight|282/288|[from] item: Leftovers\n|upkeep\n|turn|3\n|\n|t:|1781445171\n|switch|p1a: Grumpig|Grumpig, L92, M|297/297\n|move|p2a: Corviknight|U-turn|p1a: Grumpig\n|-supereffective|p1a: Grumpig\n|-damage|p1a: Grumpig|203/297\n|\n|t:|1781445178\n|switch|p2a: Zarude|Zarude-Dada, L77|260/288|[from] U-turn\n|\n|upkeep\n|turn|4\n|\n|t:|1781445193\n|move|p1a: Grumpig|Focus Blast|p2a: Zarude\n|-supereffective|p2a: Zarude\n|-damage|p2a: Zarude|74/288\n|move|p2a: Zarude|Swords Dance|p2a: Zarude\n|-boost|p2a: Zarude|atk|2\n|\n|upkeep\n|turn|5\n|\n|t:|1781445200\n|move|p1a: Grumpig|Focus Blast|p2a: Zarude|[miss]\n|-miss|p1a: Grumpig|p2a: Zarude\n|move|p2a: Zarude|Knock Off|p1a: Grumpig\n|-supereffective|p1a: Grumpig\n|-damage|p1a: Grumpig|0 fnt\n|-enditem|p1a: Grumpig|Choice Scarf|[from] move: Knock Off|[of] p2a: Zarude\n|faint|p1a: Grumpig\n|-damage|p2a: Zarude|46/288|[from] item: Life Orb\n|\n|upkeep\n|\n|t:|1781445212\n|switch|p1a: Mismagius|Mismagius, L86, M|243/243\n|turn|6\n|\n|t:|1781445215\n|move|p1a: Mismagius|Shadow Ball|p2a: Zarude\n|-resisted|p2a: Zarude\n|-damage|p2a: Zarude|0 fnt\n|faint|p2a: Zarude\n|\n|upkeep\n|\n|t:|1781445218\n|switch|p2a: Toxtricity|Toxtricity, L82, F|257/257\n|turn|7\n|\n|t:|1781445237\n|move|p2a: Toxtricity|Sludge Wave|p1a: Mismagius\n|-resisted|p1a: Mismagius\n|-damage|p1a: Mismagius|200/243\n|move|p1a: Mismagius|Shadow Ball|p2a: Toxtricity\n|-damage|p2a: Toxtricity|79/257\n|\n|upkeep\n|turn|8\n|\n|t:|1781445249\n|-terastallize|p2a: Toxtricity|Normal\n|move|p2a: Toxtricity|Sludge Wave|p1a: Mismagius\n|-resisted|p1a: Mismagius\n|-damage|p1a: Mismagius|154/243\n|move|p1a: Mismagius|Shadow Ball|p2a: Toxtricity\n|-immune|p2a: Toxtricity\n|\n|upkeep\n|turn|9\n|\n|t:|1781445256\n|switch|p1a: Scizor|Scizor, L79, F|240/240\n|move|p2a: Toxtricity|Sludge Wave|p1a: Scizor\n|-immune|p1a: Scizor\n|\n|upkeep\n|turn|10\n|\n|t:|1781445261\n|switch|p2a: Corviknight|Corviknight, L80, M|282/288\n|-ability|p2a: Corviknight|Pressure\n|move|p1a: Scizor|U-turn|p2a: Corviknight\n|-resisted|p2a: Corviknight\n|-damage|p2a: Corviknight|265/288\n|\n|t:|1781445269\n|switch|p1a: Iron Thorns|Iron Thorns, L83|302/302|[from] U-turn\n|\n|-heal|p2a: Corviknight|283/288|[from] item: Leftovers\n|upkeep\n|turn|11\n|\n|t:|1781445274\n|move|p1a: Iron Thorns|Spikes|p2a: Corviknight\n|-sidestart|p2: Lord Stantler|Spikes\n|move|p2a: Corviknight|U-turn|p1a: Iron Thorns\n|-damage|p1a: Iron Thorns|263/302\n|\n|t:|1781445278\n|switch|p2a: Delibird|Delibird, F|252/252|[from] U-turn\n|\n|upkeep\n|turn|12\n|\n|t:|1781445301\n|move|p2a: Delibird|Ice Spinner|p1a: Iron Thorns\n|-damage|p1a: Iron Thorns|154/302\n|move|p1a: Iron Thorns|Stone Edge|p2a: Delibird\n|-supereffective|p2a: Delibird\n|-damage|p2a: Delibird|0 fnt\n|faint|p2a: Delibird\n|\n|upkeep\n|\n|t:|1781445306\n|switch|p2a: Swampert|Swampert, L83, M|302/302\n|-damage|p2a: Swampert|265/302|[from] Spikes\n|turn|13\n|\n|t:|1781445312\n|-end|p1a: Iron Thorns|Quark Drive|[silent]\n|switch|p1a: Dipplin|Dipplin, L88, F|225/284\n|move|p2a: Swampert|Ice Beam|p1a: Dipplin\n|-supereffective|p1a: Dipplin\n|-crit|p1a: Dipplin\n|-damage|p1a: Dipplin|0 fnt\n|faint|p1a: Dipplin\n|\n|-heal|p2a: Swampert|283/302|[from] item: Leftovers\n|upkeep\n|\n|t:|1781445316\n|switch|p1a: Mismagius|Mismagius, L86, M|154/243\n|turn|14\n|\n|t:|1781445325\n|move|p1a: Mismagius|Energy Ball|p2a: Swampert\n|-supereffective|p2a: Swampert\n|-damage|p2a: Swampert|0 fnt\n|faint|p2a: Swampert\n|\n|upkeep\n|\n|t:|1781445327\n|switch|p2a: Corviknight|Corviknight, L80, M|283/288\n|-ability|p2a: Corviknight|Pressure\n|turn|15\n|\n|t:|1781445332\n|switch|p1a: Iron Thorns|Iron Thorns, L83|154/302\n|move|p2a: Corviknight|Defog|p1a: Iron Thorns\n|-unboost|p1a: Iron Thorns|evasion|1\n|-sideend|p2: Lord Stantler|Spikes|[from] move: Defog|[of] p2a: Corviknight\n|\n|-heal|p2a: Corviknight|288/288|[from] item: Leftovers\n|upkeep\n|turn|16\n|\n|t:|1781445340\n|move|p1a: Iron Thorns|Wild Charge|p2a: Corviknight\n|-supereffective|p2a: Corviknight\n|-damage|p2a: Corviknight|84/288\n|-damage|p1a: Iron Thorns|103/302|[from] Recoil\n|move|p2a: Corviknight|U-turn|p1a: Iron Thorns\n|-crit|p1a: Iron Thorns\n|-damage|p1a: Iron Thorns|44/302\n|\n|t:|1781445342\n|switch|p2a: Mewtwo|Mewtwo, L72|272/272|[from] U-turn\n|-ability|p2a: Mewtwo|Pressure\n|\n|upkeep\n|turn|17\n|\n|t:|1781445351\n|-end|p1a: Iron Thorns|Quark Drive|[silent]\n|switch|p1a: Mismagius|Mismagius, L86, M|154/243\n|move|p2a: Mewtwo|Psystrike|p1a: Mismagius\n|-damage|p1a: Mismagius|0 fnt\n|faint|p1a: Mismagius\n|-damage|p2a: Mewtwo|245/272|[from] item: Life Orb\n|\n|upkeep\n|\n|t:|1781445355\n|switch|p1a: Braviary|Braviary-Hisui, L85, M|326/326\n|turn|18\n|\n|t:|1781445366\n|move|p2a: Mewtwo|Fire Blast|p1a: Braviary\n|-damage|p1a: Braviary|196/326\n|-damage|p2a: Mewtwo|218/272|[from] item: Life Orb\n|move|p1a: Braviary|U-turn|p2a: Mewtwo\n|-supereffective|p2a: Mewtwo\n|-damage|p2a: Mewtwo|112/272\n|\n|t:|1781445376\n|switch|p1a: Scizor|Scizor, L79, F|240/240|[from] U-turn\n|\n|upkeep\n|turn|19\n|\n|t:|1781445380\n|-terastallize|p1a: Scizor|Steel\n|move|p1a: Scizor|Bullet Punch|p2a: Mewtwo\n|-damage|p2a: Mewtwo|12/272\n|move|p2a: Mewtwo|Fire Blast|p1a: Scizor\n|-supereffective|p1a: Scizor\n|-damage|p1a: Scizor|0 fnt\n|faint|p1a: Scizor\n|-damage|p2a: Mewtwo|0 fnt|[from] item: Life Orb\n|faint|p2a: Mewtwo\n|\n|upkeep\n|\n|t:|1781445390\n|switch|p2a: Toxtricity|Toxtricity, L82, F, tera:Normal|79/257\n|switch|p1a: Iron Thorns|Iron Thorns, L83|44/302\n|turn|20\n|\n|t:|1781445396\n|move|p2a: Toxtricity|Overdrive|p1a: Iron Thorns\n|-resisted|p1a: Iron Thorns\n|-damage|p1a: Iron Thorns|0 fnt\n|faint|p1a: Iron Thorns\n|-end|p1a: Iron Thorns|Quark Drive|[silent]\n|\n|upkeep\n|\n|t:|1781445399\n|switch|p1a: Braviary|Braviary-Hisui, L85, M|196/326\n|turn|21\n|\n|t:|1781445416\n|move|p1a: Braviary|Vacuum Wave|p2a: Toxtricity\n|-supereffective|p2a: Toxtricity\n|-damage|p2a: Toxtricity|0 fnt\n|faint|p2a: Toxtricity\n|\n|upkeep\n|\n|t:|1781445419\n|switch|p2a: Corviknight|Corviknight, L80, M|84/288\n|-ability|p2a: Corviknight|Pressure\n|turn|22\n|\n|t:|1781445427\n|move|p1a: Braviary|Vacuum Wave|p2a: Corviknight\n|-damage|p2a: Corviknight|29/288\n|move|p2a: Corviknight|Roost|p2a: Corviknight\n|-heal|p2a: Corviknight|173/288\n|-singleturn|p2a: Corviknight|move: Roost\n|\n|-heal|p2a: Corviknight|191/288|[from] item: Leftovers\n|upkeep\n|turn|23\n|\n|t:|1781445432\n|move|p1a: Braviary|Vacuum Wave|p2a: Corviknight\n|-damage|p2a: Corviknight|140/288\n|move|p2a: Corviknight|Roost|p2a: Corviknight\n|-heal|p2a: Corviknight|284/288\n|-singleturn|p2a: Corviknight|move: Roost\n|\n|-heal|p2a: Corviknight|288/288|[from] item: Leftovers\n|upkeep\n|turn|24\n|\n|t:|1781445440\n|move|p1a: Braviary|Vacuum Wave|p2a: Corviknight\n|-damage|p2a: Corviknight|234/288\n|move|p2a: Corviknight|Brave Bird|p1a: Braviary\n|-damage|p1a: Braviary|75/326\n|-damage|p2a: Corviknight|194/288|[from] Recoil\n|\n|-heal|p2a: Corviknight|212/288|[from] item: Leftovers\n|upkeep\n|turn|25\n|\n|t:|1781445451\n|move|p1a: Braviary|Vacuum Wave|p2a: Corviknight\n|-damage|p2a: Corviknight|157/288\n|move|p2a: Corviknight|Brave Bird|p1a: Braviary\n|-damage|p1a: Braviary|0 fnt\n|faint|p1a: Braviary\n|-damage|p2a: Corviknight|132/288|[from] Recoil\n|\n|win|Lord Stantler\n", "inputlog": ">version a8376a258c1d4662feba110a92103f3664a72141\n>start {\"formatid\":\"gen9randombattle\",\"seed\":\"sodium,e0947f9a42e809a6f7d04998d54c9afc\",\"rated\":\"Rated battle\"}\n>player p1 {\"name\":\"GreatDG\",\"avatar\":\"riley\",\"rating\":1934,\"seed\":\"sodium,ff173821bad40e629fca3ffd7b123eb4\"}\n>player p2 {\"name\":\"Lord Stantler\",\"avatar\":\"169\",\"rating\":1936,\"seed\":\"sodium,aea24f74130657a26686b3094dafd03d\"}\n>p1 switch 4\n>p2 move knockoff\n>p1 move gigadrain\n>p2 switch 2\n>p1 switch 5\n>p2 move uturn\n>p2 switch 2\n>p1 move focusblast\n>p2 move swordsdance\n>p1 move focusblast\n>p2 move knockoff\n>p1 switch 4\n>p1 move shadowball\n>p2 move knockoff\n>p2 switch 4\n>p1 move shadowball\n>p2 move sludgewave\n>p1 move shadowball\n>p2 move sludgewave terastallize\n>p1 switch 2\n>p2 move sludgewave\n>p1 move uturn\n>p2 switch 2\n>p1 switch 6\n>p1 move spikes\n>p2 move uturn\n>p2 switch 5\n>p1 move stoneedge\n>p2 move icespinner\n>p2 switch 3\n>p1 switch 5\n>p2 move icebeam\n>p1 switch 2\n>p1 move energyball\n>p2 move flipturn\n>p2 switch 5\n>p1 switch 5\n>p2 move defog\n>p1 move wildcharge\n>p2 move uturn\n>p2 switch 6\n>p1 switch 5\n>p2 move psystrike\n>p1 switch 3\n>p1 move uturn\n>p2 move fireblast\n>p1 switch 6\n>p1 move bulletpunch terastallize\n>p2 move fireblast\n>p1 switch 5\n>p2 switch 2\n>p1 move stoneedge\n>p2 move overdrive\n>p1 switch 6\n>p1 move vacuumwave\n>p2 move overdrive\n>p2 switch 6\n>p1 move vacuumwave\n>p2 move roost\n>p1 move vacuumwave\n>p2 move roost\n>p1 move vacuumwave\n>p2 move bravebird\n>p1 move vacuumwave\n>p2 move bravebird", "uploadtime": 1781445109, "views": 4, "formatid": "gen9randombattle", "rating": null, "private": 0, "password": null}