{"id": "gen9randombattle-2631729066", "format": "[Gen 9] Random Battle", "players": ["senpiezza", "AssaultLei"], "log": "|j|\u2606senpiezza\n|j|\u2606AssaultLei\n|t:|1781429827\n|gametype|singles\n|player|p1|senpiezza|volkner|1947\n|player|p2|AssaultLei|pokemonranger-gen4|1913\n|gen|9\n|tier|[Gen 9] Random Battle\n|rated|\n|rule|Species Clause: Limit one of each Pok\u00e9mon\n|rule|HP Percentage Mod: HP is shown in percentages\n|rule|Sleep Clause Mod: Limit one foe put to sleep\n|rule|Illusion Level Mod: Illusion disguises the Pok\u00e9mon's true level\n|\n|t:|1781429827\n|teamsize|p1|6\n|teamsize|p2|6\n|start\n|switch|p1a: Armarouge|Armarouge, L80, F|267/267\n|switch|p2a: Conkeldurr|Conkeldurr, L80, F|299/299\n|turn|1\n|\n|t:|1781429852\n|switch|p2a: Sylveon|Sylveon, L85, F|300/300\n|move|p1a: Armarouge|Meteor Beam||[still]\n|-prepare|p1a: Armarouge|Meteor Beam\n|-boost|p1a: Armarouge|spa|1\n|-enditem|p1a: Armarouge|Power Herb\n|-anim|p1a: Armarouge|Meteor Beam|p2a: Sylveon\n|-damage|p2a: Sylveon|194/300\n|\n|-heal|p2a: Sylveon|212/300|[from] item: Leftovers\n|upkeep\n|turn|2\n|\n|t:|1781429864\n|move|p2a: Sylveon|Protect|p2a: Sylveon\n|-singleturn|p2a: Sylveon|Protect\n|move|p1a: Armarouge|Psyshock|p2a: Sylveon\n|-activate|p2a: Sylveon|move: Protect\n|\n|-heal|p2a: Sylveon|230/300|[from] item: Leftovers\n|upkeep\n|turn|3\n|\n|t:|1781429890\n|switch|p2a: Minior|Minior-Green, L79|224/224\n|-formechange|p2a: Minior|Minior-Meteor||[from] ability: Shields Down\n|move|p1a: Armarouge|Psyshock|p2a: Minior\n|-damage|p2a: Minior|83/224\n|\n|-formechange|p2a: Minior|Minior-Green||[from] ability: Shields Down\n|upkeep\n|turn|4\n|\n|t:|1781429903\n|move|p2a: Minior|Power Gem|p1a: Armarouge\n|-supereffective|p1a: Armarouge\n|-damage|p1a: Armarouge|97/267\n|move|p1a: Armarouge|Psyshock|p2a: Minior\n|-damage|p2a: Minior|0 fnt\n|faint|p2a: Minior\n|\n|upkeep\n|\n|t:|1781429914\n|switch|p2a: Ogerpon|Ogerpon-Cornerstone, L76, F|247/247\n|turn|5\n|\n|t:|1781429928\n|switch|p1a: Tauros|Tauros-Paldea-Aqua, L81, M|254/254\n|-ability|p1a: Tauros|Intimidate|boost\n|-unboost|p2a: Ogerpon|atk|1\n|move|p2a: Ogerpon|Ivy Cudgel|p1a: Tauros|[anim] Ivy Cudgel Rock\n|-resisted|p1a: Tauros\n|-damage|p1a: Tauros|215/254\n|\n|upkeep\n|turn|6\n|\n|t:|1781429941\n|move|p2a: Ogerpon|Power Whip|p1a: Tauros\n|-supereffective|p1a: Tauros\n|-damage|p1a: Tauros|41/254\n|move|p1a: Tauros|Wave Crash|p2a: Ogerpon\n|-crit|p2a: Ogerpon\n|-ability|p2a: Ogerpon|Sturdy\n|-damage|p2a: Ogerpon|1/247\n|-damage|p1a: Tauros|0 fnt|[from] Recoil\n|faint|p1a: Tauros\n|\n|upkeep\n|\n|t:|1781429962\n|switch|p1a: Zangoose|Zangoose, L85, M|263/263\n|turn|7\n|\n|t:|1781429966\n|move|p1a: Zangoose|Quick Attack|p2a: Ogerpon\n|-resisted|p2a: Ogerpon\n|-damage|p2a: Ogerpon|0 fnt\n|faint|p2a: Ogerpon\n|\n|-status|p1a: Zangoose|tox|[from] item: Toxic Orb\n|upkeep\n|\n|t:|1781429973\n|switch|p2a: Palossand|Palossand, L89, M|296/296\n|turn|8\n|\n|t:|1781429981\n|switch|p1a: Sawsbuck|Sawsbuck-Winter, L88, M|284/284\n|move|p2a: Palossand|Shore Up|p2a: Palossand\n|-fail|p2a: Palossand|heal\n|\n|upkeep\n|turn|9\n|\n|t:|1781429992\n|move|p1a: Sawsbuck|Horn Leech|p2a: Palossand\n|-supereffective|p2a: Palossand\n|-damage|p2a: Palossand|93/296\n|-damage|p1a: Sawsbuck|256/284|[from] item: Life Orb\n|move|p2a: Palossand|Sludge Bomb|p1a: Sawsbuck\n|-supereffective|p1a: Sawsbuck\n|-damage|p1a: Sawsbuck|90/284\n|\n|-heal|p2a: Palossand|111/296|[from] item: Leftovers\n|upkeep\n|turn|10\n|\n|t:|1781430002\n|-terastallize|p2a: Palossand|Poison\n|move|p1a: Sawsbuck|Horn Leech|p2a: Palossand\n|-resisted|p2a: Palossand\n|-damage|p2a: Palossand|68/296\n|-heal|p1a: Sawsbuck|112/284|[from] drain|[of] p2a: Palossand\n|-damage|p1a: Sawsbuck|84/284|[from] item: Life Orb\n|move|p2a: Palossand|Shore Up|p2a: Palossand\n|-heal|p2a: Palossand|216/296\n|\n|-heal|p2a: Palossand|234/296|[from] item: Leftovers\n|upkeep\n|turn|11\n|\n|t:|1781430018\n|switch|p1a: Armarouge|Armarouge, L80, F|97/267\n|switch|p2a: Conkeldurr|Conkeldurr, L80, F|299/299\n|\n|-status|p2a: Conkeldurr|brn|[from] item: Flame Orb\n|upkeep\n|turn|12\n|\n|t:|1781430030\n|switch|p2a: Regieleki|Regieleki, L79|256/256\n|move|p1a: Armarouge|Psyshock|p2a: Regieleki\n|-damage|p2a: Regieleki|105/256\n|\n|upkeep\n|turn|13\n|\n|t:|1781430038\n|switch|p1a: Sawsbuck|Sawsbuck-Winter, L88, M|84/284\n|move|p2a: Regieleki|Thunderbolt|p1a: Sawsbuck\n|-resisted|p1a: Sawsbuck\n|-damage|p1a: Sawsbuck|9/284\n|\n|upkeep\n|turn|14\n|\n|t:|1781430046\n|move|p2a: Regieleki|Thunderbolt|p1a: Sawsbuck\n|-resisted|p1a: Sawsbuck\n|-damage|p1a: Sawsbuck|0 fnt\n|faint|p1a: Sawsbuck\n|\n|upkeep\n|\n|t:|1781430051\n|switch|p1a: Zangoose|Zangoose, L85, M|263/263 tox\n|turn|15\n|\n|t:|1781430059\n|switch|p2a: Conkeldurr|Conkeldurr, L80, F|299/299 brn\n|move|p1a: Zangoose|Facade|p2a: Conkeldurr\n|-damage|p2a: Conkeldurr|17/299 brn\n|\n|-damage|p1a: Zangoose|247/263 tox|[from] psn\n|-damage|p2a: Conkeldurr|0 fnt|[from] brn\n|faint|p2a: Conkeldurr\n|upkeep\n|\n|t:|1781430068\n|switch|p2a: Regieleki|Regieleki, L79|105/256\n|turn|16\n|\n|t:|1781430073\n|move|p1a: Zangoose|Quick Attack|p2a: Regieleki\n|-damage|p2a: Regieleki|0 fnt\n|faint|p2a: Regieleki\n|\n|-damage|p1a: Zangoose|215/263 tox|[from] psn\n|upkeep\n|-message|AssaultLei forfeited.\n|\n|win|senpiezza\n", "inputlog": ">version a8376a258c1d4662feba110a92103f3664a72141\n>start {\"formatid\":\"gen9randombattle\",\"seed\":\"sodium,15a647ed8772c011d8ca449c346fe105\",\"rated\":\"Rated battle\"}\n>player p1 {\"name\":\"senpiezza\",\"avatar\":\"volkner\",\"rating\":1947,\"seed\":\"sodium,c0659d3c9553b736b8a93f25b5bbf4c0\"}\n>player p2 {\"name\":\"AssaultLei\",\"avatar\":\"pokemonranger-gen4\",\"rating\":1913,\"seed\":\"sodium,18b19256fa0aea94edb3b11b3ea7e568\"}\n>p1 move meteorbeam\n>p2 switch 3\n>p1 move psyshock\n>p2 move protect\n>p1 move psyshock\n>p2 switch 2\n>p1 move psyshock\n>p2 move powergem\n>p2 switch 4\n>p1 switch 3\n>p2 move ivycudgel\n>p1 move wavecrash\n>p2 move powerwhip\n>p1 switch 6\n>p1 move quickattack\n>p2 move superpower\n>p2 switch 5\n>p1 switch 4\n>p2 move shoreup\n>p1 move hornleech\n>p2 move sludgebomb\n>p1 move hornleech\n>p2 move shoreup terastallize\n>p1 switch 3\n>p2 switch 3\n>p1 move psyshock\n>p2 switch 6\n>p1 switch 3\n>p2 move thunderbolt\n>p1 move hornleech\n>p2 move thunderbolt\n>p1 switch 4\n>p1 move facade\n>p2 switch 6\n>p2 switch 6\n>p1 move quickattack\n>p2 move thunderbolt\n>forcelose p2", "uploadtime": 1781429829, "views": 7, "formatid": "gen9randombattle", "rating": null, "private": 0, "password": null}