{"id": "gen9randombattle-2631373462", "format": "[Gen 9] Random Battle", "players": ["Ramity", "SkelyStealth"], "log": "|j|\u2606Ramity\n|j|\u2606SkelyStealth\n|t:|1781377022\n|gametype|singles\n|player|p1|Ramity|169|1988\n|player|p2|SkelyStealth|266|1992\n|gen|9\n|tier|[Gen 9] Random Battle\n|rated|\n|rule|Species Clause: Limit one of each Pok\u00e9mon\n|rule|HP Percentage Mod: HP is shown in percentages\n|rule|Sleep Clause Mod: Limit one foe put to sleep\n|rule|Illusion Level Mod: Illusion disguises the Pok\u00e9mon's true level\n|\n|t:|1781377022\n|teamsize|p1|6\n|teamsize|p2|6\n|start\n|switch|p1a: Talonflame|Talonflame, L83, M|265/265\n|switch|p2a: Mabosstiff|Mabosstiff, L86, F|278/278\n|turn|1\n|inactive|Battle timer is ON: inactive players will automatically lose when time's up. (requested by SkelyStealth)\n|\n|t:|1781377032\n|move|p2a: Mabosstiff|Wild Charge|p1a: Talonflame\n|-supereffective|p1a: Talonflame\n|-damage|p1a: Talonflame|89/265\n|-damage|p2a: Mabosstiff|234/278|[from] Recoil\n|move|p1a: Talonflame|Will-O-Wisp|p2a: Mabosstiff\n|-status|p2a: Mabosstiff|brn\n|\n|-damage|p2a: Mabosstiff|217/278 brn|[from] brn\n|upkeep\n|turn|2\n|\n|t:|1781377039\n|switch|p1a: Goodra|Goodra-Hisui, L82, M|265/265\n|move|p2a: Mabosstiff|Wild Charge|p1a: Goodra\n|-resisted|p1a: Goodra\n|-damage|p1a: Goodra|230/265\n|-damage|p2a: Mabosstiff|208/278 brn|[from] Recoil\n|\n|-damage|p2a: Mabosstiff|191/278 brn|[from] brn\n|upkeep\n|turn|3\n|\n|t:|1781377048\n|switch|p2a: Gliscor|Gliscor, L76, M|239/239\n|move|p1a: Goodra|Heavy Slam|p2a: Gliscor\n|-damage|p2a: Gliscor|139/239\n|\n|-status|p2a: Gliscor|tox|[from] item: Toxic Orb\n|upkeep\n|turn|4\n|\n|t:|1781377054\n|move|p2a: Gliscor|Knock Off|p1a: Goodra\n|-damage|p1a: Goodra|180/265\n|-enditem|p1a: Goodra|Assault Vest|[from] move: Knock Off|[of] p2a: Gliscor\n|move|p1a: Goodra|Hydro Pump|p2a: Gliscor|[miss]\n|-miss|p1a: Goodra|p2a: Gliscor\n|\n|-heal|p2a: Gliscor|168/239 tox|[from] ability: Poison Heal\n|upkeep\n|turn|5\n|\n|t:|1781377059\n|move|p2a: Gliscor|Protect|p2a: Gliscor\n|-singleturn|p2a: Gliscor|Protect\n|move|p1a: Goodra|Hydro Pump|p2a: Gliscor\n|-activate|p2a: Gliscor|move: Protect\n|\n|-heal|p2a: Gliscor|197/239 tox|[from] ability: Poison Heal\n|upkeep\n|turn|6\n|\n|t:|1781377069\n|move|p2a: Gliscor|Toxic Spikes|p1a: Goodra\n|-sidestart|p1: Ramity|move: Toxic Spikes\n|move|p1a: Goodra|Hydro Pump|p2a: Gliscor\n|-supereffective|p2a: Gliscor\n|-damage|p2a: Gliscor|0 fnt\n|faint|p2a: Gliscor\n|\n|upkeep\n|\n|t:|1781377081\n|switch|p2a: Clawitzer|Clawitzer, L87, M|265/265\n|turn|7\n|\n|t:|1781377089\n|move|p2a: Clawitzer|Dragon Pulse|p1a: Goodra\n|-damage|p1a: Goodra|67/265\n|move|p1a: Goodra|Draco Meteor|p2a: Clawitzer\n|-damage|p2a: Clawitzer|120/265\n|-unboost|p1a: Goodra|spa|2\n|\n|upkeep\n|turn|8\n|\n|t:|1781377094\n|move|p2a: Clawitzer|Dragon Pulse|p1a: Goodra\n|-damage|p1a: Goodra|0 fnt\n|faint|p1a: Goodra\n|\n|upkeep\n|\n|t:|1781377112\n|switch|p1a: Diancie|Diancie, L82|216/216\n|-status|p1a: Diancie|psn\n|turn|9\n|\n|t:|1781377128\n|switch|p2a: Mabosstiff|Mabosstiff, L86, F|191/278 brn\n|move|p1a: Diancie|Calm Mind|p1a: Diancie\n|-boost|p1a: Diancie|spa|1\n|-boost|p1a: Diancie|spd|1\n|\n|-damage|p1a: Diancie|189/216 psn|[from] psn\n|-damage|p2a: Mabosstiff|174/278 brn|[from] brn\n|upkeep\n|turn|10\n|\n|t:|1781377150\n|move|p2a: Mabosstiff|Wild Charge|p1a: Diancie\n|-damage|p1a: Diancie|162/216 psn\n|-damage|p2a: Mabosstiff|167/278 brn|[from] Recoil\n|move|p1a: Diancie|Draining Kiss|p2a: Mabosstiff\n|-supereffective|p2a: Mabosstiff\n|-damage|p2a: Mabosstiff|0 fnt\n|-heal|p1a: Diancie|216/216 psn|[from] drain|[of] p2a: Mabosstiff\n|faint|p2a: Mabosstiff\n|\n|-damage|p1a: Diancie|189/216 psn|[from] psn\n|upkeep\n|inactive|SkelyStealth has 120 seconds left.\n|\n|t:|1781377179\n|switch|p2a: Rotom|Rotom-Mow, L87|229/229\n|turn|11\n|\n|t:|1781377192\n|switch|p1a: Latias|Latias, L79, F|256/256\n|move|p2a: Rotom|Leaf Storm|p1a: Latias\n|-resisted|p1a: Latias\n|-damage|p1a: Latias|201/256\n|-unboost|p2a: Rotom|spa|2\n|\n|upkeep\n|turn|12\n|\n|t:|1781377197\n|move|p1a: Latias|Calm Mind|p1a: Latias\n|-boost|p1a: Latias|spa|1\n|-boost|p1a: Latias|spd|1\n|move|p2a: Rotom|Volt Switch|p1a: Latias\n|-resisted|p1a: Latias\n|-damage|p1a: Latias|189/256\n|\n|t:|1781377202\n|switch|p2a: Hatterene|Hatterene, L85, F|236/236|[from] Volt Switch\n|\n|upkeep\n|turn|13\n|\n|t:|1781377214\n|switch|p1a: Diancie|Diancie, L82|189/216 psn\n|move|p2a: Hatterene|Nuzzle|p1a: Diancie\n|-damage|p1a: Diancie|179/216 psn\n|\n|-heal|p1a: Diancie|192/216 psn|[from] item: Leftovers\n|-damage|p1a: Diancie|165/216 psn|[from] psn\n|upkeep\n|turn|14\n|\n|t:|1781377223\n|switch|p2a: Clawitzer|Clawitzer, L87, M|120/265\n|move|p1a: Diancie|Diamond Storm|p2a: Clawitzer\n|-damage|p2a: Clawitzer|21/265\n|\n|-heal|p1a: Diancie|178/216 psn|[from] item: Leftovers\n|-damage|p1a: Diancie|151/216 psn|[from] psn\n|upkeep\n|turn|15\n|\n|t:|1781377233\n|move|p2a: Clawitzer|Water Pulse|p1a: Diancie\n|-supereffective|p1a: Diancie\n|-damage|p1a: Diancie|0 fnt\n|faint|p1a: Diancie\n|\n|upkeep\n|\n|t:|1781377238\n|switch|p1a: Spectrier|Spectrier, L75|274/274\n|-status|p1a: Spectrier|psn\n|turn|16\n|\n|t:|1781377240\n|move|p1a: Spectrier|Shadow Ball|p2a: Clawitzer\n|-damage|p2a: Clawitzer|0 fnt\n|faint|p2a: Clawitzer\n|-ability|p1a: Spectrier|Grim Neigh|boost\n|-boost|p1a: Spectrier|spa|1\n|-damage|p1a: Spectrier|247/274 psn|[from] item: Life Orb\n|\n|-damage|p1a: Spectrier|213/274 psn|[from] psn\n|upkeep\n|\n|t:|1781377248\n|switch|p2a: Rotom|Rotom-Mow, L87|229/229\n|turn|17\n|l|\u2606Ramity\n|inactive|Ramity disconnected and has a minute to reconnect!\n|player|p1|\n|j|\u2606Ramity\n|inactive|Ramity reconnected and has 120 seconds left.\n|player|p1|Ramity|169|\n|\n|t:|1781377281\n|move|p1a: Spectrier|Nasty Plot|p1a: Spectrier\n|-boost|p1a: Spectrier|spa|2\n|move|p2a: Rotom|Thunderbolt|p1a: Spectrier\n|-damage|p1a: Spectrier|78/274 psn\n|\n|-damage|p1a: Spectrier|44/274 psn|[from] psn\n|upkeep\n|turn|18\n|\n|t:|1781377292\n|move|p1a: Spectrier|Shadow Ball|p2a: Rotom\n|-damage|p2a: Rotom|0 fnt\n|faint|p2a: Rotom\n|-ability|p1a: Spectrier|Grim Neigh|boost\n|-boost|p1a: Spectrier|spa|1\n|-damage|p1a: Spectrier|17/274 psn|[from] item: Life Orb\n|\n|-damage|p1a: Spectrier|0 fnt|[from] psn\n|faint|p1a: Spectrier\n|upkeep\n|inactive|SkelyStealth has 120 seconds left.\n|l|\u2606Ramity\n|inactive|Ramity disconnected and has a minute to reconnect!\n|player|p1|\n|j|\u2606Ramity\n|inactive|Ramity reconnected and has 120 seconds left.\n|player|p1|Ramity|169|\n|inactive|Ramity has 90 seconds left.\n|\n|t:|1781377338\n|switch|p1a: Indeedee|Indeedee, L84, M|238/238\n|switch|p2a: Hatterene|Hatterene, L85, F|236/236\n|-status|p1a: Indeedee|psn\n|-fieldstart|move: Psychic Terrain|[from] ability: Psychic Surge|[of] p1a: Indeedee\n|turn|19\n|inactive|SkelyStealth has 120 seconds left.\n|\n|t:|1781377358\n|move|p1a: Indeedee|Hyper Voice|p2a: Hatterene\n|-damage|p2a: Hatterene|173/236\n|move|p2a: Hatterene|Draining Kiss|p1a: Indeedee\n|-damage|p1a: Indeedee|174/238 psn\n|-heal|p2a: Hatterene|221/236|[from] drain|[of] p1a: Indeedee\n|\n|-damage|p1a: Indeedee|145/238 psn|[from] psn\n|upkeep\n|turn|20\n|inactive|SkelyStealth has 120 seconds left.\n|inactive|Ramity has 90 seconds left.\n|\n|t:|1781377378\n|move|p1a: Indeedee|Hyper Voice|p2a: Hatterene\n|-damage|p2a: Hatterene|161/236\n|move|p2a: Hatterene|Draining Kiss|p1a: Indeedee\n|-crit|p1a: Indeedee\n|-damage|p1a: Indeedee|49/238 psn\n|-heal|p2a: Hatterene|233/236|[from] drain|[of] p1a: Indeedee\n|\n|-damage|p1a: Indeedee|20/238 psn|[from] psn\n|upkeep\n|turn|21\n|inactive|Ramity has 90 seconds left.\n|\n|t:|1781377401\n|move|p1a: Indeedee|Hyper Voice|p2a: Hatterene\n|-damage|p2a: Hatterene|175/236\n|move|p2a: Hatterene|Draining Kiss|p1a: Indeedee\n|-damage|p1a: Indeedee|0 fnt\n|-heal|p2a: Hatterene|190/236|[from] drain|[of] p1a: Indeedee\n|faint|p1a: Indeedee\n|\n|upkeep\n|\n|t:|1781377402\n|switch|p1a: Latias|Latias, L79, F|189/256\n|turn|22\n|inactive|SkelyStealth has 120 seconds left.\n|\n|t:|1781377422\n|move|p1a: Latias|Calm Mind|p1a: Latias\n|-boost|p1a: Latias|spa|1\n|-boost|p1a: Latias|spd|1\n|move|p2a: Hatterene|Draining Kiss|p1a: Latias\n|-supereffective|p1a: Latias\n|-damage|p1a: Latias|117/256\n|-heal|p2a: Hatterene|236/236|[from] drain|[of] p1a: Latias\n|\n|upkeep\n|turn|23\n|inactive|Ramity has 90 seconds left.\n|\n|t:|1781377428\n|move|p1a: Latias|Recover|p1a: Latias\n|-heal|p1a: Latias|245/256\n|move|p2a: Hatterene|Nuzzle|p1a: Latias\n|-resisted|p1a: Latias\n|-damage|p1a: Latias|238/256\n|-status|p1a: Latias|par\n|\n|-fieldend|move: Psychic Terrain\n|upkeep\n|turn|24\n|\n|t:|1781377434\n|cant|p1a: Latias|par\n|move|p2a: Hatterene|Mystical Fire|p1a: Latias\n|-resisted|p1a: Latias\n|-damage|p1a: Latias|219/256 par\n|-unboost|p1a: Latias|spa|1\n|\n|upkeep\n|turn|25\n|\n|t:|1781377437\n|cant|p1a: Latias|par\n|move|p2a: Hatterene|Draining Kiss|p1a: Latias\n|-supereffective|p1a: Latias\n|-damage|p1a: Latias|139/256 par\n|\n|upkeep\n|turn|26\n|\n|t:|1781377442\n|move|p1a: Latias|Calm Mind|p1a: Latias\n|-boost|p1a: Latias|spa|1\n|-boost|p1a: Latias|spd|1\n|move|p2a: Hatterene|Draining Kiss|p1a: Latias\n|-supereffective|p1a: Latias\n|-damage|p1a: Latias|83/256 par\n|\n|upkeep\n|turn|27\n|-message|Ramity forfeited.\n|\n|win|SkelyStealth\n", "inputlog": ">version a8376a258c1d4662feba110a92103f3664a72141\n>start {\"formatid\":\"gen9randombattle\",\"seed\":\"sodium,3010469e305f4044a61cba28d98a372a\",\"rated\":\"Rated battle\"}\n>player p1 {\"name\":\"Ramity\",\"avatar\":\"169\",\"rating\":1988,\"seed\":\"sodium,5b9d9ca9f6d319fb449c52e4c6662f92\"}\n>player p2 {\"name\":\"SkelyStealth\",\"avatar\":\"266\",\"rating\":1992,\"seed\":\"sodium,d68de7c7384fe152668d0475ab04c23c\"}\n>p1 move willowisp\n>p2 move wildcharge\n>p1 switch 3\n>p2 move wildcharge\n>p1 move heavyslam\n>p2 switch 2\n>p1 move hydropump\n>p2 move knockoff\n>p1 move hydropump\n>p2 move protect\n>p1 move hydropump\n>p2 move toxicspikes\n>p2 switch 4\n>p1 move dracometeor\n>p2 move dragonpulse\n>p1 move dracometeor\n>p2 move dragonpulse\n>p1 switch 4\n>p1 move calmmind\n>p2 switch 2\n>p1 move drainingkiss\n>p2 move wildcharge\n>p2 switch 3\n>p1 switch 6\n>p2 move leafstorm\n>p1 move calmmind\n>p2 move voltswitch\n>p2 switch 5\n>p1 switch 6\n>p2 move nuzzle\n>p1 move diamondstorm\n>p2 switch 2\n>p1 move drainingkiss\n>p2 move waterpulse\n>p1 switch 5\n>p1 move shadowball\n>p2 move waterpulse\n>p2 switch 5\n>p1 move nastyplot\n>p2 move thunderbolt\n>p1 move shadowball\n>p2 move thunderbolt\n>p1 switch 2\n>p2 switch 2\n>p1 move hypervoice\n>p2 move drainingkiss\n>p1 move hypervoice\n>p2 move drainingkiss\n>p1 move hypervoice\n>p2 move drainingkiss\n>p1 switch 6\n>p1 move calmmind\n>p2 move drainingkiss\n>p1 move recover\n>p2 move nuzzle\n>p1 move calmmind\n>p2 move mysticalfire\n>p1 move calmmind\n>p2 move drainingkiss\n>p1 move calmmind\n>p2 move drainingkiss\n>forcelose p1", "uploadtime": 1781377024, "views": 9, "formatid": "gen9randombattle", "rating": null, "private": 0, "password": null}