{"id": "gen9randombattle-2631492775", "format": "[Gen 9] Random Battle", "players": ["AllCuzOfHax", "Lujay7"], "log": "|j|\u2606AllCuzOfHax\n|j|\u2606Lujay7\n|t:|1781391965\n|gametype|singles\n|player|p1|AllCuzOfHax|anabel|2068\n|player|p2|Lujay7|265|2027\n|gen|9\n|tier|[Gen 9] Random Battle\n|rated|\n|rule|Species Clause: Limit one of each Pok\u00e9mon\n|rule|HP Percentage Mod: HP is shown in percentages\n|rule|Sleep Clause Mod: Limit one foe put to sleep\n|rule|Illusion Level Mod: Illusion disguises the Pok\u00e9mon's true level\n|\n|t:|1781391965\n|teamsize|p1|6\n|teamsize|p2|6\n|start\n|switch|p1a: Krookodile|Krookodile, L79, F|280/280\n|switch|p2a: Magnezone|Magnezone, L85|258/258\n|-ability|p1a: Krookodile|Intimidate|boost\n|-unboost|p2a: Magnezone|atk|1\n|turn|1\n|inactive|Battle timer is ON: inactive players will automatically lose when time's up. (requested by Lujay7)\n|\n|t:|1781391984\n|-terastallize|p2a: Magnezone|Fighting\n|move|p2a: Magnezone|Body Press|p1a: Krookodile\n|-supereffective|p1a: Krookodile\n|-damage|p1a: Krookodile|64/280\n|move|p1a: Krookodile|Stealth Rock|p2a: Magnezone\n|-sidestart|p2: Lujay7|move: Stealth Rock\n|\n|upkeep\n|turn|2\n|\n|t:|1781391998\n|switch|p1a: Zapdos|Zapdos, L78|268/268\n|move|p2a: Magnezone|Body Press|p1a: Zapdos\n|-resisted|p1a: Zapdos\n|-damage|p1a: Zapdos|193/268\n|-status|p2a: Magnezone|par|[from] ability: Static|[of] p1a: Zapdos\n|\n|upkeep\n|turn|3\n|\n|t:|1781392022\n|switch|p2a: Glalie|Glalie, L96, F|309/309\n|move|p1a: Zapdos|U-turn|p2a: Glalie\n|-damage|p2a: Glalie|270/309\n|\n|t:|1781392043\n|switch|p1a: Salazzle|Salazzle, L83, F|249/249|[from] U-turn\n|\n|upkeep\n|turn|4\n|inactive|Lujay7 has 120 seconds left.\n|\n|t:|1781392073\n|move|p1a: Salazzle|Fire Blast|p2a: Glalie\n|-supereffective|p2a: Glalie\n|-damage|p2a: Glalie|10/309\n|move|p2a: Glalie|Earthquake|p1a: Salazzle\n|-supereffective|p1a: Salazzle\n|-damage|p1a: Salazzle|0 fnt\n|faint|p1a: Salazzle\n|\n|upkeep\n|\n|t:|1781392083\n|switch|p1a: Gurdurr|Gurdurr, L85, M|283/283\n|turn|5\n|inactive|Lujay7 has 120 seconds left.\n|\n|t:|1781392103\n|switch|p2a: Magnezone|Magnezone, L85, tera:Fighting|258/258 par\n|-damage|p2a: Magnezone|242/258 par|[from] Stealth Rock\n|move|p1a: Gurdurr|Mach Punch|p2a: Magnezone\n|-damage|p2a: Magnezone|205/258 par\n|\n|upkeep\n|turn|6\n|inactive|Lujay7 has 120 seconds left.\n|inactive|AllCuzOfHax has 120 seconds left.\n|\n|t:|1781392156\n|move|p1a: Gurdurr|Bulk Up|p1a: Gurdurr\n|-boost|p1a: Gurdurr|atk|1\n|-boost|p1a: Gurdurr|def|1\n|move|p2a: Magnezone|Volt Switch|p1a: Gurdurr\n|-damage|p1a: Gurdurr|151/283\n|\n|t:|1781392166\n|switch|p2a: Magmortar|Magmortar, L88, M|275/275|[from] Volt Switch\n|\n|upkeep\n|turn|7\n|\n|t:|1781392174\n|move|p2a: Magmortar|Fire Blast|p1a: Gurdurr|[miss]\n|-miss|p2a: Magmortar|p1a: Gurdurr\n|move|p1a: Gurdurr|Drain Punch|p2a: Magmortar\n|-damage|p2a: Magmortar|131/275\n|-heal|p1a: Gurdurr|223/283|[from] drain|[of] p2a: Magmortar\n|\n|upkeep\n|turn|8\n|\n|t:|1781392183\n|move|p2a: Magmortar|Fire Blast|p1a: Gurdurr\n|-damage|p1a: Gurdurr|70/283\n|move|p1a: Gurdurr|Drain Punch|p2a: Magmortar\n|-crit|p2a: Magmortar\n|-damage|p2a: Magmortar|0 fnt\n|-heal|p1a: Gurdurr|136/283|[from] drain|[of] p2a: Magmortar\n|faint|p2a: Magmortar\n|\n|upkeep\n|\n|t:|1781392195\n|switch|p2a: Greninja|Greninja, L80, M|246/246\n|-damage|p2a: Greninja|216/246|[from] Stealth Rock\n|turn|9\n|\n|t:|1781392205\n|move|p1a: Gurdurr|Mach Punch|p2a: Greninja\n|-supereffective|p2a: Greninja\n|-damage|p2a: Greninja|30/246\n|move|p2a: Greninja|Hydro Pump|p1a: Gurdurr|[miss]\n|-miss|p2a: Greninja|p1a: Gurdurr\n|\n|upkeep\n|turn|10\n|\n|t:|1781392210\n|move|p1a: Gurdurr|Mach Punch|p2a: Greninja\n|-supereffective|p2a: Greninja\n|-damage|p2a: Greninja|0 fnt\n|faint|p2a: Greninja\n|\n|upkeep\n|\n|t:|1781392213\n|switch|p2a: Kommo-o|Kommo-o, L78, F|245/245\n|-damage|p2a: Kommo-o|230/245|[from] Stealth Rock\n|turn|11\n|\n|t:|1781392224\n|move|p2a: Kommo-o|Clangorous Soul|p2a: Kommo-o\n|-boost|p2a: Kommo-o|atk|1\n|-boost|p2a: Kommo-o|def|1\n|-boost|p2a: Kommo-o|spa|1\n|-boost|p2a: Kommo-o|spd|1\n|-boost|p2a: Kommo-o|spe|1\n|-damage|p2a: Kommo-o|150/245\n|-enditem|p2a: Kommo-o|Throat Spray\n|-boost|p2a: Kommo-o|spa|1|[from] item: Throat Spray\n|move|p1a: Gurdurr|Drain Punch|p2a: Kommo-o\n|-damage|p2a: Kommo-o|75/245\n|-heal|p1a: Gurdurr|174/283|[from] drain|[of] p2a: Kommo-o\n|\n|upkeep\n|turn|12\n|\n|t:|1781392235\n|move|p1a: Gurdurr|Mach Punch|p2a: Kommo-o\n|-damage|p2a: Kommo-o|36/245\n|move|p2a: Kommo-o|Clanging Scales|p1a: Gurdurr\n|-damage|p1a: Gurdurr|0 fnt\n|faint|p1a: Gurdurr\n|-unboost|p2a: Kommo-o|def|1\n|\n|upkeep\n|\n|t:|1781392251\n|switch|p1a: Cacturne|Cacturne, L92, F|278/278\n|turn|13\n|\n|t:|1781392256\n|move|p2a: Kommo-o|Drain Punch|p1a: Cacturne\n|-supereffective|p1a: Cacturne\n|-damage|p1a: Cacturne|24/278\n|-heal|p2a: Kommo-o|163/245|[from] drain|[of] p1a: Cacturne\n|move|p1a: Cacturne|Knock Off|p2a: Kommo-o\n|-resisted|p2a: Kommo-o\n|-damage|p2a: Kommo-o|115/245\n|-damage|p1a: Cacturne|0 fnt|[from] item: Life Orb\n|faint|p1a: Cacturne\n|\n|upkeep\n|\n|t:|1781392264\n|switch|p1a: Archaludon|Archaludon, L78, F|268/268\n|turn|14\n|\n|t:|1781392273\n|-terastallize|p1a: Archaludon|Ground\n|move|p2a: Kommo-o|Clanging Scales|p1a: Archaludon\n|-damage|p1a: Archaludon|0 fnt\n|faint|p1a: Archaludon\n|-unboost|p2a: Kommo-o|def|1\n|\n|upkeep\n|-message|AllCuzOfHax forfeited.\n|\n|win|Lujay7\n", "uploadtime": 1781391967, "views": 3, "formatid": "gen9randombattle", "rating": null, "private": 0, "password": null}