{"id": "gen9randombattle-2631572347", "format": "[Gen 9] Random Battle", "players": ["Petilil37", "azztheddicaff"], "log": "|j|\u203dPetilil37\n|j|\u2606azztheddicaff\n|t:|1781403033\n|gametype|singles\n|player|p1|Petilil37|266|2070\n|player|p2|azztheddicaff|265|2051\n|gen|9\n|tier|[Gen 9] Random Battle\n|rated|\n|rule|Species Clause: Limit one of each Pok\u00e9mon\n|rule|HP Percentage Mod: HP is shown in percentages\n|rule|Sleep Clause Mod: Limit one foe put to sleep\n|rule|Illusion Level Mod: Illusion disguises the Pok\u00e9mon's true level\n|\n|t:|1781403033\n|teamsize|p1|6\n|teamsize|p2|6\n|start\n|switch|p1a: Sandaconda|Sandaconda, L84, M|258/258\n|switch|p2a: Medicham|Medicham, L86, F|243/243\n|turn|1\n|\n|t:|1781403043\n|move|p2a: Medicham|Ice Punch|p1a: Sandaconda\n|-supereffective|p1a: Sandaconda\n|-damage|p1a: Sandaconda|64/258\n|move|p1a: Sandaconda|Glare|p2a: Medicham\n|-status|p2a: Medicham|par\n|\n|-heal|p1a: Sandaconda|80/258|[from] item: Leftovers\n|upkeep\n|turn|2\n|\n|t:|1781403047\n|move|p1a: Sandaconda|Earthquake|p2a: Medicham\n|-damage|p2a: Medicham|107/243 par\n|cant|p2a: Medicham|par\n|\n|-heal|p1a: Sandaconda|96/258|[from] item: Leftovers\n|upkeep\n|turn|3\n|\n|t:|1781403049\n|move|p1a: Sandaconda|Earthquake|p2a: Medicham\n|-damage|p2a: Medicham|0 fnt\n|faint|p2a: Medicham\n|\n|-heal|p1a: Sandaconda|112/258|[from] item: Leftovers\n|upkeep\n|\n|t:|1781403060\n|switch|p2a: Mamoswine|Mamoswine, L81, F|311/311\n|turn|4\n|\n|t:|1781403065\n|move|p2a: Mamoswine|Icicle Crash|p1a: Sandaconda\n|-supereffective|p1a: Sandaconda\n|-damage|p1a: Sandaconda|0 fnt\n|faint|p1a: Sandaconda\n|-damage|p2a: Mamoswine|280/311|[from] item: Life Orb\n|\n|upkeep\n|\n|t:|1781403067\n|switch|p1a: Ogerpon|Ogerpon-Wellspring, L76, F|247/247\n|turn|5\n|\n|t:|1781403081\n|switch|p2a: Gyarados|Gyarados, L79, F|280/280\n|-ability|p2a: Gyarados|Intimidate|boost\n|-unboost|p1a: Ogerpon|atk|1\n|move|p1a: Ogerpon|Spikes|p2a: Gyarados\n|-sidestart|p2: azztheddicaff|Spikes\n|\n|upkeep\n|turn|6\n|inactive|Battle timer is ON: inactive players will automatically lose when time's up. (requested by azztheddicaff)\n|\n|t:|1781403088\n|switch|p1a: Electrode|Electrode, L92|260/260\n|move|p2a: Gyarados|Dragon Dance|p2a: Gyarados\n|-boost|p2a: Gyarados|atk|1\n|-boost|p2a: Gyarados|spe|1\n|\n|upkeep\n|turn|7\n|\n|t:|1781403099\n|-terastallize|p2a: Gyarados|Ground\n|move|p1a: Electrode|Taunt|p2a: Gyarados\n|-start|p2a: Gyarados|move: Taunt\n|cant|p2a: Gyarados|move: Taunt|Dragon Dance\n|\n|upkeep\n|turn|8\n|\n|t:|1781403106\n|move|p1a: Electrode|Volt Switch|p2a: Gyarados\n|-immune|p2a: Gyarados\n|move|p2a: Gyarados|Earthquake|p1a: Electrode\n|-supereffective|p1a: Electrode\n|-damage|p1a: Electrode|0 fnt\n|faint|p1a: Electrode\n|\n|upkeep\n|\n|t:|1781403111\n|switch|p1a: Ogerpon|Ogerpon-Wellspring, L76, F|247/247\n|turn|9\n|\n|t:|1781403138\n|switch|p2a: Porygon2|Porygon2, L81|270/270\n|-damage|p2a: Porygon2|237/270|[from] Spikes\n|-ability|p2a: Porygon2|Download|boost\n|-boost|p2a: Porygon2|atk|1\n|-terastallize|p1a: Ogerpon|Water\n|detailschange|p1a: Ogerpon|Ogerpon-Wellspring-Tera, L76, F, tera:Water\n|-ability|p1a: Ogerpon|Embody Aspect (Wellspring)|boost\n|-boost|p1a: Ogerpon|spd|1\n|move|p1a: Ogerpon|Ivy Cudgel|p2a: Porygon2|[anim] Ivy Cudgel Water\n|-damage|p2a: Porygon2|121/270\n|\n|upkeep\n|turn|10\n|inactive|Petilil37 has 120 seconds left.\n|\n|t:|1781403156\n|switch|p1a: Hitmonchan|Hitmonchan, L87, M|229/229\n|move|p2a: Porygon2|Thunder Wave|p1a: Hitmonchan\n|-status|p1a: Hitmonchan|par\n|\n|upkeep\n|turn|11\n|\n|t:|1781403171\n|switch|p2a: Gyarados|Gyarados, L79, F, tera:Ground|280/280\n|-ability|p2a: Gyarados|Intimidate|boost\n|-unboost|p1a: Hitmonchan|atk|1\n|cant|p1a: Hitmonchan|par\n|\n|upkeep\n|turn|12\n|\n|t:|1781403178\n|switch|p1a: Ogerpon|Ogerpon-Wellspring-Tera, L76, F, tera:Water|247/247\n|-ability|p1a: Ogerpon|Embody Aspect (Wellspring)|boost\n|-boost|p1a: Ogerpon|spd|1\n|move|p2a: Gyarados|Waterfall|p1a: Ogerpon\n|-resisted|p1a: Ogerpon\n|-damage|p1a: Ogerpon|195/247\n|\n|upkeep\n|turn|13\n|\n|t:|1781403186\n|switch|p2a: Porygon2|Porygon2, L81|121/270\n|-damage|p2a: Porygon2|88/270|[from] Spikes\n|-ability|p2a: Porygon2|Download|boost\n|-boost|p2a: Porygon2|atk|1\n|move|p1a: Ogerpon|Ivy Cudgel|p2a: Porygon2|[anim] Ivy Cudgel Water\n|-damage|p2a: Porygon2|0 fnt\n|faint|p2a: Porygon2\n|\n|upkeep\n|\n|t:|1781403188\n|switch|p2a: Mesprit|Mesprit, L85|275/275\n|turn|14\n|\n|t:|1781403196\n|move|p1a: Ogerpon|Ivy Cudgel|p2a: Mesprit|[anim] Ivy Cudgel Water\n|-damage|p2a: Mesprit|119/275\n|move|p2a: Mesprit|Thunder Wave|p1a: Ogerpon\n|-status|p1a: Ogerpon|par\n|\n|-heal|p2a: Mesprit|136/275|[from] item: Leftovers\n|upkeep\n|turn|15\n|\n|t:|1781403205\n|move|p2a: Mesprit|Psychic Noise|p1a: Ogerpon\n|-damage|p1a: Ogerpon|134/247 par\n|-start|p1a: Ogerpon|move: Heal Block\n|move|p1a: Ogerpon|Ivy Cudgel|p2a: Mesprit|[anim] Ivy Cudgel Water\n|-damage|p2a: Mesprit|4/275\n|\n|-heal|p2a: Mesprit|21/275|[from] item: Leftovers\n|upkeep\n|turn|16\n|\n|t:|1781403216\n|move|p2a: Mesprit|Psychic Noise|p1a: Ogerpon\n|-crit|p1a: Ogerpon\n|-damage|p1a: Ogerpon|5/247 par\n|move|p1a: Ogerpon|Ivy Cudgel|p2a: Mesprit|[anim] Ivy Cudgel Water\n|-damage|p2a: Mesprit|0 fnt\n|faint|p2a: Mesprit\n|\n|-end|p1a: Ogerpon|move: Heal Block\n|upkeep\n|\n|t:|1781403228\n|switch|p2a: Gyarados|Gyarados, L79, F, tera:Ground|280/280\n|-ability|p2a: Gyarados|Intimidate|boost\n|-unboost|p1a: Ogerpon|atk|1\n|turn|17\n|\n|t:|1781403234\n|move|p2a: Gyarados|Earthquake|p1a: Ogerpon\n|-damage|p1a: Ogerpon|0 fnt\n|faint|p1a: Ogerpon\n|detailschange|p1: Ogerpon|Ogerpon-Wellspring, L76, F|[silent]\n|\n|upkeep\n|\n|t:|1781403243\n|switch|p1a: Hitmonchan|Hitmonchan, L87, M|229/229 par\n|turn|18\n|\n|t:|1781403246\n|move|p2a: Gyarados|Waterfall|p1a: Hitmonchan\n|-damage|p1a: Hitmonchan|129/229 par\n|cant|p1a: Hitmonchan|par\n|\n|upkeep\n|turn|19\n|\n|t:|1781403250\n|move|p2a: Gyarados|Earthquake|p1a: Hitmonchan\n|-damage|p1a: Hitmonchan|6/229 par\n|move|p1a: Hitmonchan|Drain Punch|p2a: Gyarados\n|-damage|p2a: Gyarados|108/280\n|-heal|p1a: Hitmonchan|92/229 par|[from] drain|[of] p2a: Gyarados\n|-damage|p1a: Hitmonchan|70/229 par|[from] item: Life Orb\n|\n|upkeep\n|turn|20\n|\n|t:|1781403254\n|move|p1a: Hitmonchan|Mach Punch|p2a: Gyarados\n|-damage|p2a: Gyarados|17/280\n|-damage|p1a: Hitmonchan|48/229 par|[from] item: Life Orb\n|move|p2a: Gyarados|Waterfall|p1a: Hitmonchan\n|-damage|p1a: Hitmonchan|0 fnt\n|faint|p1a: Hitmonchan\n|\n|upkeep\n|\n|t:|1781403255\n|switch|p1a: Seviper|Seviper, L93, M|287/287\n|turn|21\n|\n|t:|1781403259\n|move|p1a: Seviper|Trailblaze|p2a: Gyarados\n|-supereffective|p2a: Gyarados\n|-damage|p2a: Gyarados|0 fnt\n|-boost|p1a: Seviper|spe|1\n|faint|p2a: Gyarados\n|\n|upkeep\n|\n|t:|1781403261\n|switch|p2a: Entei|Entei, L78|307/307\n|-damage|p2a: Entei|269/307|[from] Spikes\n|turn|22\n|\n|t:|1781403265\n|move|p1a: Seviper|Swords Dance|p1a: Seviper\n|-boost|p1a: Seviper|atk|2\n|move|p2a: Entei|Sacred Fire|p1a: Seviper|[miss]\n|-miss|p2a: Entei|p1a: Seviper\n|\n|upkeep\n|turn|23\n|-message|azztheddicaff forfeited.\n|\n|win|Petilil37\n", "uploadtime": 1781403034, "views": 7, "formatid": "gen9randombattle", "rating": null, "private": 0, "password": null}