{"id": "gen9randombattle-2631406348", "format": "[Gen 9] Random Battle", "players": ["goinforasmoke", "JulianBachmannVgc"], "log": "|j|\u2606goinforasmoke\n|j|\u2606JulianBachmannVgc\n|t:|1781380823\n|gametype|singles\n|player|p1|goinforasmoke|acetrainer-gen6xy|1974\n|player|p2|JulianBachmannVgc|florian-bb|2047\n|gen|9\n|tier|[Gen 9] Random Battle\n|rated|\n|rule|Species Clause: Limit one of each Pok\u00e9mon\n|rule|HP Percentage Mod: HP is shown in percentages\n|rule|Sleep Clause Mod: Limit one foe put to sleep\n|rule|Illusion Level Mod: Illusion disguises the Pok\u00e9mon's true level\n|\n|t:|1781380823\n|teamsize|p1|6\n|teamsize|p2|6\n|start\n|switch|p1a: Regice|Regice, L88|284/284\n|switch|p2a: Meowstic|Meowstic, L89, M|277/277\n|turn|1\n|inactive|Battle timer is ON: inactive players will automatically lose when time's up. (requested by JulianBachmannVgc)\n|inactive|JulianBachmannVgc has 120 seconds left.\n|\n|t:|1781380863\n|move|p2a: Meowstic|Light Screen|p2a: Meowstic\n|-sidestart|p2: JulianBachmannVgc|move: Light Screen\n|move|p1a: Regice|Thunder Wave|p2a: Meowstic\n|-status|p2a: Meowstic|par\n|\n|upkeep\n|turn|2\n|inactive|JulianBachmannVgc has 120 seconds left.\n|\n|t:|1781380897\n|switch|p1a: Magcargo|Magcargo, L95, F|268/268\n|move|p2a: Meowstic|Reflect|p2a: Meowstic\n|-sidestart|p2: JulianBachmannVgc|Reflect\n|\n|upkeep\n|turn|3\n|inactive|JulianBachmannVgc has 120 seconds left.\n|\n|t:|1781380909\n|switch|p2a: Gurdurr|Gurdurr, L85, F|283/283\n|move|p1a: Magcargo|Stealth Rock|p2a: Gurdurr\n|-sidestart|p2: JulianBachmannVgc|move: Stealth Rock\n|\n|upkeep\n|turn|4\n|inactive|JulianBachmannVgc has 120 seconds left.\n|\n|t:|1781380923\n|switch|p1a: Minun|Minun, L95, M|268/268\n|move|p2a: Gurdurr|Drain Punch|p1a: Minun\n|-damage|p1a: Minun|156/268\n|\n|upkeep\n|turn|5\n|\n|t:|1781380931\n|switch|p1a: Wyrdeer|Wyrdeer, L87, F|321/321\n|-ability|p1a: Wyrdeer|Intimidate|boost\n|-unboost|p2a: Gurdurr|atk|1\n|move|p2a: Gurdurr|Drain Punch|p1a: Wyrdeer\n|-damage|p1a: Wyrdeer|260/321\n|\n|-heal|p1a: Wyrdeer|280/321|[from] item: Leftovers\n|upkeep\n|turn|6\n|\n|t:|1781380942\n|switch|p2a: Orthworm|Orthworm, L88, M|266/266\n|-damage|p2a: Orthworm|250/266|[from] Stealth Rock\n|move|p1a: Wyrdeer|Psychic Noise|p2a: Orthworm\n|-resisted|p2a: Orthworm\n|-damage|p2a: Orthworm|218/266\n|-start|p2a: Orthworm|move: Heal Block\n|\n|-heal|p1a: Wyrdeer|300/321|[from] item: Leftovers\n|upkeep\n|turn|7\n|inactive|JulianBachmannVgc has 120 seconds left.\n|\n|t:|1781380958\n|move|p2a: Orthworm|Stealth Rock|p1a: Wyrdeer\n|-sidestart|p1: goinforasmoke|move: Stealth Rock\n|move|p1a: Wyrdeer|Thunder Wave|p2a: Orthworm\n|-status|p2a: Orthworm|par\n|\n|-heal|p1a: Wyrdeer|320/321|[from] item: Leftovers\n|-end|p2a: Orthworm|move: Heal Block\n|upkeep\n|turn|8\n|inactive|JulianBachmannVgc has 120 seconds left.\n|inactive|goinforasmoke has 120 seconds left.\n|\n|t:|1781381000\n|switch|p1a: Minun|Minun, L95, M|156/268\n|-damage|p1a: Minun|123/268|[from] Stealth Rock\n|move|p2a: Orthworm|Shed Tail|p2a: Orthworm\n|-start|p2a: Orthworm|Substitute|[from] move: Shed Tail\n|-damage|p2a: Orthworm|85/266 par\n|inactive|JulianBachmannVgc has 90 seconds left.\n|\n|t:|1781381052\n|switch|p2a: Inteleon|Inteleon, L81, M|246/246|[from] Shed Tail\n|-damage|p2a: Inteleon|216/246|[from] Stealth Rock\n|\n|-sideend|p2: JulianBachmannVgc|move: Light Screen\n|upkeep\n|turn|9\n|inactive|goinforasmoke has 120 seconds left.\n|inactive|JulianBachmannVgc has 60 seconds left.\n|\n|t:|1781381079\n|-terastallize|p2a: Inteleon|Water\n|move|p2a: Inteleon|Scald|p1a: Minun\n|-damage|p1a: Minun|0 fnt\n|faint|p1a: Minun\n|\n|-sideend|p2: JulianBachmannVgc|Reflect\n|upkeep\n|inactive|goinforasmoke has 120 seconds left.\n|\n|t:|1781381091\n|switch|p1a: Araquanid|Araquanid, L82, F|246/246\n|turn|10\n|inactive|JulianBachmannVgc has 60 seconds left.\n|\n|t:|1781381122\n|move|p2a: Inteleon|Scald|p1a: Araquanid\n|-resisted|p1a: Araquanid\n|-damage|p1a: Araquanid|180/246\n|move|p1a: Araquanid|Liquidation|p2a: Inteleon\n|-resisted|p2a: Inteleon\n|-end|p2a: Inteleon|Substitute\n|\n|upkeep\n|turn|11\n|\n|t:|1781381140\n|move|p2a: Inteleon|Scald|p1a: Araquanid\n|-resisted|p1a: Araquanid\n|-damage|p1a: Araquanid|110/246\n|move|p1a: Araquanid|Sticky Web|p2a: Inteleon\n|-sidestart|p2: JulianBachmannVgc|move: Sticky Web\n|\n|upkeep\n|turn|12\n|inactive|JulianBachmannVgc has 30 seconds left.\n|inactive|goinforasmoke has 120 seconds left.\n|\n|t:|1781381179\n|move|p2a: Inteleon|Scald|p1a: Araquanid\n|-resisted|p1a: Araquanid\n|-damage|p1a: Araquanid|33/246\n|move|p1a: Araquanid|Liquidation|p2a: Inteleon\n|-resisted|p2a: Inteleon\n|-damage|p2a: Inteleon|132/246\n|-unboost|p2a: Inteleon|def|1\n|\n|upkeep\n|turn|13\n|\n|t:|1781381190\n|move|p2a: Inteleon|Scald|p1a: Araquanid\n|-resisted|p1a: Araquanid\n|-damage|p1a: Araquanid|0 fnt\n|faint|p1a: Araquanid\n|\n|upkeep\n|\n|t:|1781381198\n|switch|p1a: Raging Bolt|Raging Bolt, L78|323/323\n|-damage|p1a: Raging Bolt|283/323|[from] Stealth Rock\n|-enditem|p1a: Raging Bolt|Booster Energy\n|-activate|p1a: Raging Bolt|ability: Protosynthesis|[fromitem]\n|-start|p1a: Raging Bolt|protosynthesisspa\n|turn|14\n|inactive|JulianBachmannVgc has 30 seconds left.\n|inactive|goinforasmoke has 90 seconds left.\n|inactive|JulianBachmannVgc has 20 seconds left.\n|inactive|JulianBachmannVgc has 15 seconds left.\n|\n|t:|1781381234\n|switch|p2a: Meowstic|Meowstic, L89, M|277/277 par\n|-damage|p2a: Meowstic|243/277 par|[from] Stealth Rock\n|-activate|p2a: Meowstic|move: Sticky Web\n|-unboost|p2a: Meowstic|spe|1\n|move|p1a: Raging Bolt|Calm Mind|p1a: Raging Bolt\n|-boost|p1a: Raging Bolt|spa|1\n|-boost|p1a: Raging Bolt|spd|1\n|\n|upkeep\n|turn|15\n|inactive|JulianBachmannVgc has 25 seconds left this turn.\n|inactive|goinforasmoke has 90 seconds left.\n|inactive|JulianBachmannVgc has 20 seconds left.\n|\n|t:|1781381242\n|move|p2a: Meowstic|Light Screen|p2a: Meowstic\n|-sidestart|p2: JulianBachmannVgc|move: Light Screen\n|move|p1a: Raging Bolt|Thunderbolt|p2a: Meowstic\n|-damage|p2a: Meowstic|129/277 par\n|\n|upkeep\n|turn|16\n|inactive|JulianBachmannVgc has 30 seconds left this turn.\n|\n|t:|1781381247\n|move|p2a: Meowstic|Yawn|p1a: Raging Bolt\n|-start|p1a: Raging Bolt|move: Yawn|[of] p2a: Meowstic\n|move|p1a: Raging Bolt|Calm Mind|p1a: Raging Bolt\n|-boost|p1a: Raging Bolt|spa|1\n|-boost|p1a: Raging Bolt|spd|1\n|\n|upkeep\n|turn|17\n|inactive|JulianBachmannVgc has 30 seconds left.\n|inactive|goinforasmoke has 90 seconds left.\n|\n|t:|1781381271\n|switch|p2a: Araquanid|Araquanid, L82, M|246/246\n|move|p1a: Raging Bolt|Thunderbolt|p2a: Araquanid\n|-supereffective|p2a: Araquanid\n|-damage|p2a: Araquanid|41/246\n|\n|-end|p1a: Raging Bolt|move: Yawn|[silent]\n|-status|p1a: Raging Bolt|slp\n|upkeep\n|turn|18\n|inactive|JulianBachmannVgc has 30 seconds left.\n|\n|t:|1781381283\n|cant|p1a: Raging Bolt|slp\n|move|p2a: Araquanid|Sticky Web|p1a: Raging Bolt\n|-sidestart|p1: goinforasmoke|move: Sticky Web\n|\n|upkeep\n|turn|19\n|\n|t:|1781381291\n|cant|p1a: Raging Bolt|slp\n|move|p2a: Araquanid|Leech Life|p1a: Raging Bolt\n|-damage|p1a: Raging Bolt|216/323 slp\n|-heal|p2a: Araquanid|75/246|[from] drain|[of] p1a: Raging Bolt\n|\n|upkeep\n|turn|20\n|inactive|goinforasmoke has 90 seconds left.\n|\n|t:|1781381324\n|cant|p1a: Raging Bolt|slp\n|move|p2a: Araquanid|Liquidation|p1a: Raging Bolt\n|-resisted|p1a: Raging Bolt\n|-damage|p1a: Raging Bolt|141/323 slp\n|\n|upkeep\n|turn|21\n|\n|t:|1781381336\n|switch|p2a: Orthworm|Orthworm, L88, M|85/266 par\n|-damage|p2a: Orthworm|69/266 par|[from] Stealth Rock\n|-activate|p2a: Orthworm|move: Sticky Web\n|-unboost|p2a: Orthworm|spe|1\n|-curestatus|p1a: Raging Bolt|slp|[msg]\n|move|p1a: Raging Bolt|Thunderbolt|p2a: Orthworm\n|-damage|p2a: Orthworm|0 fnt\n|faint|p2a: Orthworm\n|\n|upkeep\n|\n|t:|1781381343\n|switch|p2a: Meowstic|Meowstic, L89, M|129/277 par\n|-damage|p2a: Meowstic|95/277 par|[from] Stealth Rock\n|-activate|p2a: Meowstic|move: Sticky Web\n|-unboost|p2a: Meowstic|spe|1\n|turn|22\n|\n|t:|1781381350\n|move|p2a: Meowstic|Yawn|p1a: Raging Bolt\n|-start|p1a: Raging Bolt|move: Yawn|[of] p2a: Meowstic\n|move|p1a: Raging Bolt|Thunderbolt|p2a: Meowstic\n|-damage|p2a: Meowstic|0 fnt\n|faint|p2a: Meowstic\n|\n|-sideend|p2: JulianBachmannVgc|move: Light Screen\n|upkeep\n|\n|t:|1781381379\n|switch|p2a: Araquanid|Araquanid, L82, M|75/246\n|turn|23\n|\n|t:|1781381381\n|move|p1a: Raging Bolt|Thunderbolt|p2a: Araquanid\n|-supereffective|p2a: Araquanid\n|-damage|p2a: Araquanid|0 fnt\n|faint|p2a: Araquanid\n|\n|-end|p1a: Raging Bolt|move: Yawn|[silent]\n|-status|p1a: Raging Bolt|slp\n|upkeep\n|\n|t:|1781381395\n|switch|p2a: Delibird|Delibird, F|252/252\n|turn|24\n|\n|t:|1781381400\n|move|p2a: Delibird|Ice Spinner|p1a: Raging Bolt\n|-supereffective|p1a: Raging Bolt\n|-damage|p1a: Raging Bolt|0 fnt\n|faint|p1a: Raging Bolt\n|-end|p1a: Raging Bolt|Protosynthesis|[silent]\n|\n|upkeep\n|\n|t:|1781381403\n|switch|p1a: Magcargo|Magcargo, L95, F|268/268\n|turn|25\n|inactive|JulianBachmannVgc has 60 seconds left.\n|\n|t:|1781381424\n|switch|p2a: Gurdurr|Gurdurr, L85, F|283/283\n|-damage|p2a: Gurdurr|266/283|[from] Stealth Rock\n|-activate|p2a: Gurdurr|move: Sticky Web\n|-unboost|p2a: Gurdurr|spe|1\n|move|p1a: Magcargo|Lava Plume|p2a: Gurdurr\n|-damage|p2a: Gurdurr|170/283\n|\n|upkeep\n|turn|26\n|\n|t:|1781381430\n|switch|p1a: Wyrdeer|Wyrdeer, L87, F|320/321\n|-damage|p1a: Wyrdeer|280/321|[from] Stealth Rock\n|-activate|p1a: Wyrdeer|move: Sticky Web\n|-unboost|p1a: Wyrdeer|spe|1\n|-ability|p1a: Wyrdeer|Intimidate|boost\n|-unboost|p2a: Gurdurr|atk|1\n|move|p2a: Gurdurr|Drain Punch|p1a: Wyrdeer\n|-damage|p1a: Wyrdeer|210/321\n|-heal|p2a: Gurdurr|205/283|[from] drain|[of] p1a: Wyrdeer\n|\n|-heal|p1a: Wyrdeer|230/321|[from] item: Leftovers\n|upkeep\n|turn|27\n|inactive|JulianBachmannVgc has 30 seconds left.\n|inactive|JulianBachmannVgc has 20 seconds left.\n|inactive|JulianBachmannVgc has 15 seconds left.\n|inactive|JulianBachmannVgc has 10 seconds left.\n|inactive|JulianBachmannVgc has 5 seconds left.\n|\n|t:|1781381489\n|switch|p2a: Delibird|Delibird, F|252/252\n|move|p1a: Wyrdeer|Psychic Noise|p2a: Delibird\n|-damage|p2a: Delibird|137/252\n|-start|p2a: Delibird|move: Heal Block\n|\n|-heal|p1a: Wyrdeer|250/321|[from] item: Leftovers\n|upkeep\n|turn|28\n|inactive|JulianBachmannVgc has 15 seconds left this turn.\n|inactive|JulianBachmannVgc has 10 seconds left.\n|\n|t:|1781381498\n|switch|p1a: Magcargo|Magcargo, L95, F|268/268\n|move|p2a: Delibird|Drill Run|p1a: Magcargo\n|-supereffective|p1a: Magcargo\n|-damage|p1a: Magcargo|24/268\n|-status|p2a: Delibird|brn|[from] ability: Flame Body|[of] p1a: Magcargo\n|\n|-damage|p2a: Delibird|122/252 brn|[from] brn\n|-end|p2a: Delibird|move: Heal Block\n|upkeep\n|turn|29\n|inactive|JulianBachmannVgc has 20 seconds left this turn.\n|inactive|JulianBachmannVgc has 15 seconds left.\n|\n|t:|1781381503\n|move|p2a: Delibird|Brave Bird|p1a: Magcargo\n|-resisted|p1a: Magcargo\n|-damage|p1a: Magcargo|0 fnt\n|faint|p1a: Magcargo\n|-damage|p2a: Delibird|114/252 brn|[from] Recoil\n|\n|-damage|p2a: Delibird|99/252 brn|[from] brn\n|upkeep\n|\n|t:|1781381511\n|switch|p1a: Wyrdeer|Wyrdeer, L87, F|250/321\n|-damage|p1a: Wyrdeer|210/321|[from] Stealth Rock\n|-activate|p1a: Wyrdeer|move: Sticky Web\n|-unboost|p1a: Wyrdeer|spe|1\n|-ability|p1a: Wyrdeer|Intimidate|boost\n|-unboost|p2a: Delibird|atk|1\n|turn|30\n|inactive|JulianBachmannVgc has 30 seconds left this turn.\n|inactive|JulianBachmannVgc has 20 seconds left.\n|inactive|JulianBachmannVgc has 15 seconds left.\n|inactive|JulianBachmannVgc has 10 seconds left.\n|inactive|JulianBachmannVgc has 5 seconds left.\n|\n|t:|1781381538\n|move|p2a: Delibird|Brave Bird|p1a: Wyrdeer\n|-damage|p1a: Wyrdeer|141/321\n|-damage|p2a: Delibird|76/252 brn|[from] Recoil\n|move|p1a: Wyrdeer|Body Slam|p2a: Delibird\n|-damage|p2a: Delibird|0 fnt\n|faint|p2a: Delibird\n|\n|-heal|p1a: Wyrdeer|161/321|[from] item: Leftovers\n|upkeep\n|inactive|JulianBachmannVgc has 10 seconds left this turn.\n|\n|t:|1781381542\n|switch|p2a: Inteleon|Inteleon, L81, M, tera:Water|132/246\n|-damage|p2a: Inteleon|102/246|[from] Stealth Rock\n|-activate|p2a: Inteleon|move: Sticky Web\n|-unboost|p2a: Inteleon|spe|1\n|turn|31\n|inactive|JulianBachmannVgc has 20 seconds left this turn.\n|inactive|JulianBachmannVgc has 15 seconds left.\n|\n|t:|1781381548\n|switch|p1a: Regice|Regice, L88|284/284\n|move|p2a: Inteleon|U-turn|p1a: Regice\n|-damage|p1a: Regice|246/284\n|inactive|JulianBachmannVgc has 20 seconds left this turn.\n|\n|t:|1781381550\n|switch|p2a: Gurdurr|Gurdurr, L85, F|205/283|[from] U-turn\n|-damage|p2a: Gurdurr|188/283|[from] Stealth Rock\n|-activate|p2a: Gurdurr|move: Sticky Web\n|-unboost|p2a: Gurdurr|spe|1\n|\n|upkeep\n|turn|32\n|inactive|JulianBachmannVgc has 30 seconds left this turn.\n|inactive|JulianBachmannVgc has 20 seconds left.\n|\n|t:|1781381563\n|-terastallize|p1a: Regice|Electric\n|move|p1a: Regice|Thunderbolt|p2a: Gurdurr\n|-damage|p2a: Gurdurr|89/283\n|move|p2a: Gurdurr|Knock Off|p1a: Regice\n|-damage|p1a: Regice|182/284\n|-enditem|p1a: Regice|Heavy-Duty Boots|[from] move: Knock Off|[of] p2a: Gurdurr\n|\n|upkeep\n|turn|33\n|inactive|JulianBachmannVgc has 30 seconds left this turn.\n|\n|t:|1781381572\n|move|p2a: Gurdurr|Mach Punch|p1a: Regice\n|-damage|p1a: Regice|140/284\n|move|p1a: Regice|Thunderbolt|p2a: Gurdurr\n|-damage|p2a: Gurdurr|0 fnt\n|faint|p2a: Gurdurr\n|\n|upkeep\n|inactive|JulianBachmannVgc has 30 seconds left this turn.\n|\n|t:|1781381575\n|switch|p2a: Inteleon|Inteleon, L81, M, tera:Water|102/246\n|-damage|p2a: Inteleon|72/246|[from] Stealth Rock\n|-activate|p2a: Inteleon|move: Sticky Web\n|-unboost|p2a: Inteleon|spe|1\n|turn|34\n|inactive|JulianBachmannVgc has 30 seconds left.\n|\n|t:|1781381591\n|move|p2a: Inteleon|Hydro Pump|p1a: Regice\n|-damage|p1a: Regice|0 fnt\n|faint|p1a: Regice\n|\n|upkeep\n|\n|t:|1781381594\n|switch|p1a: Wyrdeer|Wyrdeer, L87, F|161/321\n|-damage|p1a: Wyrdeer|121/321|[from] Stealth Rock\n|-activate|p1a: Wyrdeer|move: Sticky Web\n|-unboost|p1a: Wyrdeer|spe|1\n|-ability|p1a: Wyrdeer|Intimidate|boost\n|-unboost|p2a: Inteleon|atk|1\n|turn|35\n|\n|t:|1781381597\n|move|p2a: Inteleon|Hydro Pump|p1a: Wyrdeer|[miss]\n|-miss|p2a: Inteleon|p1a: Wyrdeer\n|move|p1a: Wyrdeer|Body Slam|p2a: Inteleon\n|-damage|p2a: Inteleon|0 fnt\n|faint|p2a: Inteleon\n|\n|win|goinforasmoke\n", "inputlog": ">version a8376a258c1d4662feba110a92103f3664a72141\n>start {\"formatid\":\"gen9randombattle\",\"seed\":\"sodium,338ef1582d8f161331977a4d0fb32cca\",\"rated\":\"Rated battle\"}\n>player p1 {\"name\":\"goinforasmoke\",\"avatar\":\"acetrainer-gen6xy\",\"rating\":1974,\"seed\":\"sodium,9e191ea13576a66f9c6ce29d5384f1e2\"}\n>player p2 {\"name\":\"JulianBachmannVgc\",\"avatar\":\"florian-bb\",\"rating\":2047,\"seed\":\"sodium,5956552a0d6c2e6ae86c63f233c5d31d\"}\n>p1 move thunderwave\n>p2 move lightscreen\n>p1 switch 6\n>p2 move reflect\n>p1 move stealthrock\n>p2 switch 3\n>p1 switch 4\n>p2 move drainpunch\n>p1 switch 2\n>p2 move drainpunch\n>p1 move psychicnoise\n>p2 switch 6\n>p1 move thunderwave\n>p2 move stealthrock\n>p1 switch 2\n>p2 move shedtail\n>p2 switch 4\n>p1 move thunderbolt\n>p2 move scald terastallize\n>p1 switch 3\n>p1 move liquidation\n>p2 move scald\n>p1 move stickyweb\n>p2 move scald\n>p1 move liquidation\n>p2 move scald\n>p1 move liquidation\n>p2 move scald\n>p1 switch 5\n>p1 move calmmind\n>p2 switch 3\n>p1 move thunderbolt\n>p2 move lightscreen\n>p1 move calmmind\n>p2 move yawn\n>p1 move thunderbolt\n>p2 switch 5\n>p1 move thunderbolt\n>p2 move stickyweb\n>p1 move thunderbolt\n>p2 move leechlife\n>p1 move thunderbolt\n>p2 move liquidation\n>p1 move thunderbolt\n>p2 switch 4\n>p2 switch 5\n>p1 move thunderbolt\n>p2 move yawn\n>p2 switch 4\n>p1 move thunderbolt\n>p2 move liquidation\n>p2 switch 2\n>p1 move thunderbolt\n>p2 move icespinner\n>p1 switch 4\n>p1 move lavaplume\n>p2 switch 6\n>p1 switch 2\n>p2 move drainpunch\n>p1 move psychicnoise\n>p2 switch 6\n>p1 switch 2\n>p2 move drillrun\n>p1 move recover\n>p2 move bravebird\n>p1 switch 2\n>p1 move bodyslam\n>p2 move bravebird\n>p2 switch 3\n>p1 switch 6\n>p2 move uturn\n>p2 switch 6\n>p1 move thunderbolt terastallize\n>p2 move knockoff\n>p1 move thunderbolt\n>p2 move machpunch\n>p2 switch 6\n>p1 move thunderbolt\n>p2 move hydropump\n>p1 switch 6\n>p1 move bodyslam\n>p2 move hydropump", "uploadtime": 1781380825, "views": 8, "formatid": "gen9randombattle", "rating": null, "private": 0, "password": null}