{"id": "gen9randombattle-2631470334", "format": "[Gen 9] Random Battle", "players": ["Emily Montes", "Marferno"], "log": "|j|\u2606Emily Montes\n|j|\u2606Marferno\n|t:|1781388763\n|gametype|singles\n|player|p1|Emily Montes|pokekid|1909\n|player|p2|Marferno|lucas-gen4pt|1941\n|gen|9\n|tier|[Gen 9] Random Battle\n|rated|\n|rule|Species Clause: Limit one of each Pok\u00e9mon\n|rule|HP Percentage Mod: HP is shown in percentages\n|rule|Sleep Clause Mod: Limit one foe put to sleep\n|rule|Illusion Level Mod: Illusion disguises the Pok\u00e9mon's true level\n|\n|t:|1781388763\n|teamsize|p1|6\n|teamsize|p2|6\n|start\n|switch|p1a: Houndoom|Houndoom, L87, M|272/272\n|switch|p2a: Houndstone|Houndstone, L86, F|264/264\n|turn|1\n|inactive|Battle timer is ON: inactive players will automatically lose when time's up. (requested by Marferno)\n|\n|t:|1781388777\n|move|p1a: Houndoom|Fire Blast|p2a: Houndstone|[miss]\n|-miss|p1a: Houndoom|p2a: Houndstone\n|move|p2a: Houndstone|Body Press|p1a: Houndoom\n|-supereffective|p1a: Houndoom\n|-damage|p1a: Houndoom|96/272\n|\n|upkeep\n|turn|2\n|\n|t:|1781388786\n|move|p1a: Houndoom|Fire Blast|p2a: Houndstone\n|-damage|p2a: Houndstone|108/264\n|move|p2a: Houndstone|Body Press|p1a: Houndoom\n|-supereffective|p1a: Houndoom\n|-damage|p1a: Houndoom|0 fnt\n|faint|p1a: Houndoom\n|\n|upkeep\n|\n|t:|1781388800\n|switch|p1a: Lilligant|Lilligant, L86, F|261/261\n|turn|3\n|\n|t:|1781388816\n|switch|p2a: Brute Bonnet|Brute Bonnet, L80|309/309\n|move|p1a: Lilligant|Sleep Powder|p2a: Brute Bonnet\n|-immune|p2a: Brute Bonnet\n|\n|upkeep\n|turn|4\n|\n|t:|1781388825\n|switch|p1a: Kleavor|Kleavor, L78, M|237/237\n|move|p2a: Brute Bonnet|Crunch|p1a: Kleavor\n|-damage|p1a: Kleavor|129/237\n|\n|upkeep\n|turn|5\n|\n|t:|1781388833\n|move|p2a: Brute Bonnet|Sucker Punch|p1a: Kleavor\n|-damage|p1a: Kleavor|50/237\n|move|p1a: Kleavor|Stone Axe|p2a: Brute Bonnet\n|-damage|p2a: Brute Bonnet|201/309\n|-sidestart|p2: Marferno|move: Stealth Rock\n|\n|-heal|p2a: Brute Bonnet|220/309|[from] item: Leftovers\n|upkeep\n|turn|6\n|\n|t:|1781388842\n|switch|p1a: Abomasnow|Abomasnow, L84, F|287/287\n|-weather|Snowscape|[from] ability: Snow Warning|[of] p1a: Abomasnow\n|move|p2a: Brute Bonnet|Sucker Punch||[still]\n|-fail|p2a: Brute Bonnet\n|\n|-weather|Snowscape|[upkeep]\n|-heal|p2a: Brute Bonnet|239/309|[from] item: Leftovers\n|upkeep\n|turn|7\n|\n|t:|1781388854\n|-end|p2a: Brute Bonnet|Protosynthesis|[silent]\n|switch|p2a: Vespiquen|Vespiquen, L99, F|299/299\n|-ability|p2a: Vespiquen|Pressure\n|move|p1a: Abomasnow|Aurora Veil|p1a: Abomasnow\n|-sidestart|p1: Emily Montes|move: Aurora Veil\n|\n|-weather|Snowscape|[upkeep]\n|upkeep\n|turn|8\n|\n|t:|1781388863\n|-terastallize|p2a: Vespiquen|Steel\n|move|p1a: Abomasnow|Blizzard|p2a: Vespiquen\n|-resisted|p2a: Vespiquen\n|-damage|p2a: Vespiquen|258/299\n|-status|p2a: Vespiquen|frz\n|cant|p2a: Vespiquen|frz\n|\n|-weather|Snowscape|[upkeep]\n|upkeep\n|turn|9\n|\n|t:|1781388874\n|switch|p1a: Wyrdeer|Wyrdeer, L87, F|321/321\n|-ability|p1a: Wyrdeer|Intimidate|boost\n|-unboost|p2a: Vespiquen|atk|1\n|switch|p2a: Azelf|Azelf, L82|257/257\n|-damage|p2a: Azelf|225/257|[from] Stealth Rock\n|\n|-weather|Snowscape|[upkeep]\n|upkeep\n|turn|10\n|\n|t:|1781388882\n|move|p2a: Azelf|U-turn|p1a: Wyrdeer\n|-supereffective|p1a: Wyrdeer\n|-damage|p1a: Wyrdeer|238/321\n|-damage|p2a: Azelf|200/257|[from] item: Life Orb\n|\n|t:|1781388884\n|switch|p2a: Vespiquen|Vespiquen, L99, F, tera:Steel|258/299 frz|[from] U-turn\n|-ability|p2a: Vespiquen|Pressure\n|move|p1a: Wyrdeer|Body Slam|p2a: Vespiquen\n|-resisted|p2a: Vespiquen\n|-damage|p2a: Vespiquen|217/299 frz\n|\n|-weather|none\n|-heal|p1a: Wyrdeer|258/321|[from] item: Leftovers\n|upkeep\n|turn|11\n|\n|t:|1781388895\n|switch|p2a: Brute Bonnet|Brute Bonnet, L80|239/309\n|-damage|p2a: Brute Bonnet|201/309|[from] Stealth Rock\n|move|p1a: Wyrdeer|Earthquake|p2a: Brute Bonnet\n|-resisted|p2a: Brute Bonnet\n|-damage|p2a: Brute Bonnet|162/309\n|\n|-heal|p1a: Wyrdeer|278/321|[from] item: Leftovers\n|-heal|p2a: Brute Bonnet|181/309|[from] item: Leftovers\n|upkeep\n|turn|12\n|\n|t:|1781388905\n|move|p1a: Wyrdeer|Body Slam|p2a: Brute Bonnet\n|-damage|p2a: Brute Bonnet|84/309\n|move|p2a: Brute Bonnet|Crunch|p1a: Wyrdeer\n|-supereffective|p1a: Wyrdeer\n|-damage|p1a: Wyrdeer|172/321\n|\n|-heal|p1a: Wyrdeer|192/321|[from] item: Leftovers\n|-heal|p2a: Brute Bonnet|103/309|[from] item: Leftovers\n|upkeep\n|turn|13\n|inactive|Emily Montes has 120 seconds left.\n|\n|t:|1781388935\n|move|p1a: Wyrdeer|Body Slam|p2a: Brute Bonnet\n|-damage|p2a: Brute Bonnet|1/309\n|move|p2a: Brute Bonnet|Spore|p1a: Wyrdeer\n|-status|p1a: Wyrdeer|slp|[from] move: Spore\n|\n|-heal|p1a: Wyrdeer|212/321 slp|[from] item: Leftovers\n|-heal|p2a: Brute Bonnet|20/309|[from] item: Leftovers\n|upkeep\n|turn|14\n|\n|t:|1781388940\n|switch|p1a: Abomasnow|Abomasnow, L84, F|287/287\n|-weather|Snowscape|[from] ability: Snow Warning|[of] p1a: Abomasnow\n|-end|p2a: Brute Bonnet|Protosynthesis|[silent]\n|switch|p2a: Vespiquen|Vespiquen, L99, F, tera:Steel|217/299 frz\n|-ability|p2a: Vespiquen|Pressure\n|\n|-weather|Snowscape|[upkeep]\n|-sideend|p1: Emily Montes|move: Aurora Veil\n|upkeep\n|turn|15\n|\n|t:|1781388946\n|move|p1a: Abomasnow|Earthquake|p2a: Vespiquen\n|-supereffective|p2a: Vespiquen\n|-damage|p2a: Vespiquen|109/299 frz\n|cant|p2a: Vespiquen|frz\n|\n|-weather|Snowscape|[upkeep]\n|upkeep\n|turn|16\n|\n|t:|1781388952\n|move|p1a: Abomasnow|Aurora Veil|p1a: Abomasnow\n|-sidestart|p1: Emily Montes|move: Aurora Veil\n|cant|p2a: Vespiquen|frz\n|\n|-weather|Snowscape|[upkeep]\n|upkeep\n|turn|17\n|\n|t:|1781388969\n|move|p1a: Abomasnow|Earthquake|p2a: Vespiquen\n|-supereffective|p2a: Vespiquen\n|-damage|p2a: Vespiquen|3/299 frz\n|cant|p2a: Vespiquen|frz\n|\n|-weather|Snowscape|[upkeep]\n|upkeep\n|turn|18\n|\n|t:|1781388996\n|switch|p2a: Brute Bonnet|Brute Bonnet, L80|20/309\n|-damage|p2a: Brute Bonnet|0 fnt|[from] Stealth Rock\n|faint|p2a: Brute Bonnet\n|-end|p2a: Brute Bonnet|Protosynthesis|[silent]\n|move|p1a: Abomasnow|Earthquake|p2: Brute Bonnet|[notarget]\n|-fail|p1a: Abomasnow\n|\n|-weather|none\n|upkeep\n|\n|t:|1781388999\n|switch|p2a: Azelf|Azelf, L82|200/257\n|-damage|p2a: Azelf|168/257|[from] Stealth Rock\n|turn|19\n|inactive|Emily Montes has 120 seconds left.\n|\n|t:|1781389045\n|move|p2a: Azelf|Fire Blast|p1a: Abomasnow\n|-supereffective|p1a: Abomasnow\n|-damage|p1a: Abomasnow|48/287\n|-damage|p2a: Azelf|143/257|[from] item: Life Orb\n|move|p1a: Abomasnow|Wood Hammer|p2a: Azelf\n|-damage|p2a: Azelf|0 fnt\n|faint|p2a: Azelf\n|-damage|p1a: Abomasnow|1/287|[from] Recoil\n|\n|upkeep\n|\n|t:|1781389073\n|switch|p2a: Inteleon|Inteleon, L81, F|246/246\n|-damage|p2a: Inteleon|216/246|[from] Stealth Rock\n|turn|20\n|\n|t:|1781389087\n|move|p2a: Inteleon|Scald|p1a: Abomasnow\n|-resisted|p1a: Abomasnow\n|-damage|p1a: Abomasnow|0 fnt\n|faint|p1a: Abomasnow\n|\n|upkeep\n|inactive|Emily Montes has 90 seconds left.\n|\n|t:|1781389120\n|switch|p1a: Lilligant|Lilligant, L86, F|261/261\n|turn|21\n|\n|t:|1781389126\n|move|p2a: Inteleon|Scald|p1a: Lilligant\n|-resisted|p1a: Lilligant\n|-damage|p1a: Lilligant|222/261\n|move|p1a: Lilligant|Quiver Dance|p1a: Lilligant\n|-boost|p1a: Lilligant|spa|1\n|-boost|p1a: Lilligant|spd|1\n|-boost|p1a: Lilligant|spe|1\n|\n|upkeep\n|turn|22\n|inactive|Emily Montes has 90 seconds left.\n|\n|t:|1781389134\n|move|p1a: Lilligant|Sleep Powder|p2a: Inteleon\n|-status|p2a: Inteleon|slp|[from] move: Sleep Powder\n|cant|p2a: Inteleon|slp\n|\n|upkeep\n|turn|23\n|\n|t:|1781389136\n|move|p1a: Lilligant|Quiver Dance|p1a: Lilligant\n|-boost|p1a: Lilligant|spa|1\n|-boost|p1a: Lilligant|spd|1\n|-boost|p1a: Lilligant|spe|1\n|cant|p2a: Inteleon|slp\n|\n|-sideend|p1: Emily Montes|move: Aurora Veil\n|upkeep\n|turn|24\n|\n|t:|1781389143\n|move|p1a: Lilligant|Quiver Dance|p1a: Lilligant\n|-boost|p1a: Lilligant|spa|1\n|-boost|p1a: Lilligant|spd|1\n|-boost|p1a: Lilligant|spe|1\n|-curestatus|p2a: Inteleon|slp|[msg]\n|move|p2a: Inteleon|Scald|p1a: Lilligant\n|-resisted|p1a: Lilligant\n|-damage|p1a: Lilligant|190/261\n|-status|p1a: Lilligant|brn\n|\n|-damage|p1a: Lilligant|174/261 brn|[from] brn\n|upkeep\n|turn|25\n|\n|t:|1781389151\n|switch|p2a: Vespiquen|Vespiquen, L99, F, tera:Steel|3/299 frz\n|-ability|p2a: Vespiquen|Pressure\n|move|p1a: Lilligant|Giga Drain|p2a: Vespiquen\n|-resisted|p2a: Vespiquen\n|-damage|p2a: Vespiquen|0 fnt\n|-heal|p1a: Lilligant|176/261 brn|[from] drain|[of] p2a: Vespiquen\n|faint|p2a: Vespiquen\n|-damage|p1a: Lilligant|150/261 brn|[from] item: Life Orb\n|\n|-damage|p1a: Lilligant|134/261 brn|[from] brn\n|upkeep\n|\n|t:|1781389165\n|switch|p2a: Dragonite|Dragonite, L74, M|257/257\n|turn|26\n|inactive|Emily Montes has 120 seconds left.\n|\n|t:|1781389188\n|-terastallize|p1a: Lilligant|Rock\n|move|p1a: Lilligant|Tera Blast|p2a: Dragonite|[anim] Tera Blast Rock\n|-supereffective|p2a: Dragonite\n|-damage|p2a: Dragonite|0 fnt\n|faint|p2a: Dragonite\n|-damage|p1a: Lilligant|108/261 brn|[from] item: Life Orb\n|\n|-damage|p1a: Lilligant|92/261 brn|[from] brn\n|upkeep\n|\n|t:|1781389196\n|switch|p2a: Houndstone|Houndstone, L86, F|108/264\n|-damage|p2a: Houndstone|75/264|[from] Stealth Rock\n|turn|27\n|\n|t:|1781389204\n|move|p2a: Houndstone|Shadow Sneak|p1a: Lilligant\n|-damage|p1a: Lilligant|38/261 brn\n|move|p1a: Lilligant|Giga Drain|p2a: Houndstone\n|-damage|p2a: Houndstone|0 fnt\n|-heal|p1a: Lilligant|76/261 brn|[from] drain|[of] p2a: Houndstone\n|faint|p2a: Houndstone\n|-damage|p1a: Lilligant|50/261 brn|[from] item: Life Orb\n|\n|-damage|p1a: Lilligant|34/261 brn|[from] brn\n|upkeep\n|-message|Marferno forfeited.\n|\n|win|Emily Montes\n", "inputlog": ">version a8376a258c1d4662feba110a92103f3664a72141\n>start {\"formatid\":\"gen9randombattle\",\"seed\":\"sodium,1e889f6c799851f133fb9721e594efee\",\"rated\":\"Rated battle\"}\n>player p1 {\"name\":\"Emily Montes\",\"avatar\":\"pokekid\",\"rating\":1909,\"seed\":\"sodium,eb8d1c4181f809ad831427524521b494\"}\n>player p2 {\"name\":\"Marferno\",\"avatar\":\"lucas-gen4pt\",\"rating\":1941,\"seed\":\"sodium,51ab12fbf1bd67a08142090f81c3f28a\"}\n>p1 move fireblast\n>p2 move bodypress\n>p1 move fireblast\n>p2 move bodypress\n>p1 switch 3\n>p1 move sleeppowder\n>p2 switch 3\n>p1 switch 4\n>p2 move crunch\n>p1 move stoneaxe\n>p2 move suckerpunch\n>p1 switch 2\n>p2 move suckerpunch\n>p1 move auroraveil\n>p2 switch 2\n>p1 move blizzard\n>p2 move toxicspikes terastallize\n>p1 switch 6\n>p2 switch 6\n>p1 move bodyslam\n>p2 move uturn\n>p2 switch 6\n>p1 move earthquake\n>p2 switch 2\n>p1 move bodyslam\n>p2 move crunch\n>p1 move bodyslam\n>p2 move spore\n>p1 switch 6\n>p2 switch 2\n>p1 move earthquake\n>p2 move toxicspikes\n>p1 move auroraveil\n>p2 move toxicspikes\n>p1 move earthquake\n>p2 move roost\n>p1 move earthquake\n>p2 switch 2\n>p2 switch 6\n>p1 move woodhammer\n>p2 move fireblast\n>p2 switch 4\n>p1 move woodhammer\n>p2 move scald\n>p1 switch 4\n>p1 move quiverdance\n>p2 move scald\n>p1 move sleeppowder\n>p2 move scald\n>p1 move quiverdance\n>p2 move scald\n>p1 move quiverdance\n>p2 move scald\n>p1 move gigadrain\n>p2 switch 2\n>p2 switch 5\n>p1 move terablast terastallize\n>p2 move dragondance\n>p2 switch 3\n>p1 move gigadrain\n>p2 move shadowsneak\n>forcelose p2", "uploadtime": 1781388764, "views": 5, "formatid": "gen9randombattle", "rating": null, "private": 0, "password": null}