{"id": "gen9randombattle-2631446293", "format": "[Gen 9] Random Battle", "players": ["supercami", "Meloeita!"], "log": "|j|\u2606supercami\n|j|\u2606Meloeita!\n|t:|1781385660\n|gametype|singles\n|player|p1|supercami|169|1947\n|player|p2|Meloeita!|266|1955\n|gen|9\n|tier|[Gen 9] Random Battle\n|rated|\n|rule|Species Clause: Limit one of each Pok\u00e9mon\n|rule|HP Percentage Mod: HP is shown in percentages\n|rule|Sleep Clause Mod: Limit one foe put to sleep\n|rule|Illusion Level Mod: Illusion disguises the Pok\u00e9mon's true level\n|\n|t:|1781385660\n|teamsize|p1|6\n|teamsize|p2|6\n|start\n|switch|p1a: Gallade|Gallade, L80, M|240/240\n|switch|p2a: Furret|Furret, L94, M|312/312\n|-item|p1a: Gallade|Choice Scarf|[from] ability: Frisk|[of] p2a: Furret\n|turn|1\n|\n|t:|1781385671\n|switch|p2a: Enamorus|Enamorus-Therian, L83, F|259/259\n|move|p1a: Gallade|Sacred Sword|p2a: Enamorus\n|-resisted|p2a: Enamorus\n|-damage|p2a: Enamorus|224/259\n|\n|upkeep\n|turn|2\n|\n|t:|1781385692\n|switch|p1a: Toxtricity|Toxtricity, L82, F|257/257\n|move|p2a: Enamorus|Moonblast|p1a: Toxtricity\n|-resisted|p1a: Toxtricity\n|-damage|p1a: Toxtricity|182/257\n|-unboost|p1a: Toxtricity|spa|1\n|\n|upkeep\n|turn|3\n|\n|t:|1781385704\n|move|p1a: Toxtricity|Gunk Shot|p2a: Enamorus\n|-supereffective|p2a: Enamorus\n|-damage|p2a: Enamorus|18/259\n|-enditem|p2a: Enamorus|Weakness Policy\n|-boost|p2a: Enamorus|atk|2|[from] item: Weakness Policy\n|-boost|p2a: Enamorus|spa|2|[from] item: Weakness Policy\n|move|p2a: Enamorus|Earth Power|p1a: Toxtricity\n|-supereffective|p1a: Toxtricity\n|-damage|p1a: Toxtricity|0 fnt\n|faint|p1a: Toxtricity\n|\n|upkeep\n|\n|t:|1781385716\n|switch|p1a: Minior|Minior-Yellow, L79|224/224\n|-formechange|p1a: Minior|Minior-Meteor||[from] ability: Shields Down\n|turn|4\n|\n|t:|1781385722\n|move|p1a: Minior|Power Gem|p2a: Enamorus\n|-supereffective|p2a: Enamorus\n|-damage|p2a: Enamorus|0 fnt\n|faint|p2a: Enamorus\n|\n|upkeep\n|\n|t:|1781385734\n|switch|p2a: Scream Tail|Scream Tail, L84|330/330\n|turn|5\n|\n|t:|1781385751\n|switch|p1a: Leavanny|Leavanny, L86, F|269/269\n|move|p2a: Scream Tail|Encore||[still]\n|-fail|p2a: Scream Tail\n|\n|upkeep\n|turn|6\n|\n|t:|1781385759\n|-end|p2a: Scream Tail|Protosynthesis|[silent]\n|switch|p2a: Infernape|Infernape, L82, F|259/259\n|move|p1a: Leavanny|Knock Off|p2a: Infernape\n|-resisted|p2a: Infernape\n|-damage|p2a: Infernape|211/259\n|-enditem|p2a: Infernape|Choice Band|[from] move: Knock Off|[of] p1a: Leavanny\n|\n|upkeep\n|turn|7\n|\n|t:|1781385773\n|switch|p1a: Dipplin|Dipplin, L88, M|284/284\n|move|p2a: Infernape|Flare Blitz|p1a: Dipplin\n|-damage|p1a: Dipplin|215/284\n|-damage|p2a: Infernape|188/259|[from] Recoil\n|\n|upkeep\n|turn|8\n|\n|t:|1781385782\n|move|p2a: Infernape|U-turn|p1a: Dipplin\n|-supereffective|p1a: Dipplin\n|-damage|p1a: Dipplin|159/284\n|\n|t:|1781385791\n|switch|p2a: Shaymin|Shaymin, L82|298/298|[from] U-turn\n|move|p1a: Dipplin|Giga Drain|p2a: Shaymin\n|-resisted|p2a: Shaymin\n|-damage|p2a: Shaymin|261/298\n|-heal|p1a: Dipplin|178/284|[from] drain|[of] p2a: Shaymin\n|\n|-heal|p2a: Shaymin|279/298|[from] item: Leftovers\n|upkeep\n|turn|9\n|\n|t:|1781385806\n|move|p2a: Shaymin|Substitute|p2a: Shaymin\n|-start|p2a: Shaymin|Substitute\n|-damage|p2a: Shaymin|205/298\n|move|p1a: Dipplin|Dragon Pulse|p2a: Shaymin\n|-end|p2a: Shaymin|Substitute\n|\n|-heal|p2a: Shaymin|223/298|[from] item: Leftovers\n|upkeep\n|turn|10\n|\n|t:|1781385813\n|move|p2a: Shaymin|Air Slash|p1a: Dipplin\n|-supereffective|p1a: Dipplin\n|-damage|p1a: Dipplin|104/284\n|move|p1a: Dipplin|Dragon Pulse|p2a: Shaymin\n|-damage|p2a: Shaymin|136/298\n|\n|-heal|p2a: Shaymin|154/298|[from] item: Leftovers\n|upkeep\n|turn|11\n|\n|t:|1781385832\n|-terastallize|p1a: Dipplin|Steel\n|move|p2a: Shaymin|Air Slash|p1a: Dipplin\n|-resisted|p1a: Dipplin\n|-damage|p1a: Dipplin|86/284\n|move|p1a: Dipplin|Recover|p1a: Dipplin\n|-heal|p1a: Dipplin|228/284\n|\n|-heal|p2a: Shaymin|172/298|[from] item: Leftovers\n|upkeep\n|turn|12\n|\n|t:|1781385841\n|move|p2a: Shaymin|Leech Seed|p1a: Dipplin\n|-start|p1a: Dipplin|move: Leech Seed\n|move|p1a: Dipplin|Dragon Pulse|p2a: Shaymin\n|-damage|p2a: Shaymin|73/298\n|\n|-heal|p2a: Shaymin|91/298|[from] item: Leftovers\n|-damage|p1a: Dipplin|193/284|[from] Leech Seed|[of] p2a: Shaymin\n|-heal|p2a: Shaymin|126/298|[silent]\n|upkeep\n|turn|13\n|\n|t:|1781385855\n|switch|p1a: Gallade|Gallade, L80, M|240/240\n|move|p2a: Shaymin|Substitute|p2a: Shaymin\n|-start|p2a: Shaymin|Substitute\n|-damage|p2a: Shaymin|52/298\n|\n|-heal|p2a: Shaymin|70/298|[from] item: Leftovers\n|upkeep\n|turn|14\n|\n|t:|1781385865\n|move|p1a: Gallade|Psycho Cut|p2a: Shaymin\n|-end|p2a: Shaymin|Substitute\n|move|p2a: Shaymin|Seed Flare|p1a: Gallade\n|-damage|p1a: Gallade|141/240\n|\n|-heal|p2a: Shaymin|88/298|[from] item: Leftovers\n|upkeep\n|turn|15\n|\n|t:|1781385873\n|switch|p2a: Scream Tail|Scream Tail, L84|330/330\n|move|p1a: Gallade|Psycho Cut|p2a: Scream Tail\n|-resisted|p2a: Scream Tail\n|-damage|p2a: Scream Tail|268/330\n|\n|-heal|p2a: Scream Tail|288/330|[from] item: Leftovers\n|upkeep\n|turn|16\n|\n|t:|1781385880\n|switch|p1a: Leavanny|Leavanny, L86, F|269/269\n|move|p2a: Scream Tail|Wish|p2a: Scream Tail\n|\n|-heal|p2a: Scream Tail|308/330|[from] item: Leftovers\n|upkeep\n|turn|17\n|\n|t:|1781385889\n|move|p2a: Scream Tail|Dazzling Gleam|p1a: Leavanny\n|-damage|p1a: Leavanny|196/269\n|move|p1a: Leavanny|Sticky Web|p2a: Scream Tail\n|-sidestart|p2: Meloeita!|move: Sticky Web\n|\n|-heal|p2a: Scream Tail|330/330|[from] move: Wish|[wisher] Scream Tail\n|upkeep\n|turn|18\n|\n|t:|1781385896\n|move|p2a: Scream Tail|Dazzling Gleam|p1a: Leavanny\n|-damage|p1a: Leavanny|132/269\n|move|p1a: Leavanny|Lunge|p2a: Scream Tail\n|-damage|p2a: Scream Tail|240/330\n|-unboost|p2a: Scream Tail|atk|1\n|\n|-heal|p2a: Scream Tail|260/330|[from] item: Leftovers\n|upkeep\n|turn|19\n|\n|t:|1781385906\n|switch|p1a: Dipplin|Dipplin, L88, M, tera:Steel|193/284\n|move|p2a: Scream Tail|Wish|p2a: Scream Tail\n|\n|-heal|p2a: Scream Tail|280/330|[from] item: Leftovers\n|upkeep\n|turn|20\n|\n|t:|1781385914\n|-end|p2a: Scream Tail|Protosynthesis|[silent]\n|switch|p2a: Shaymin|Shaymin, L82|88/298\n|-activate|p2a: Shaymin|move: Sticky Web\n|-unboost|p2a: Shaymin|spe|1\n|move|p1a: Dipplin|Giga Drain|p2a: Shaymin\n|-resisted|p2a: Shaymin\n|-damage|p2a: Shaymin|48/298\n|-heal|p1a: Dipplin|213/284|[from] drain|[of] p2a: Shaymin\n|\n|-heal|p2a: Shaymin|213/298|[from] move: Wish|[wisher] Scream Tail\n|-heal|p2a: Shaymin|231/298|[from] item: Leftovers\n|upkeep\n|turn|21\n|\n|t:|1781385926\n|move|p2a: Shaymin|Substitute|p2a: Shaymin\n|-start|p2a: Shaymin|Substitute\n|-damage|p2a: Shaymin|157/298\n|move|p1a: Dipplin|Dragon Pulse|p2a: Shaymin\n|-end|p2a: Shaymin|Substitute\n|\n|-heal|p2a: Shaymin|175/298|[from] item: Leftovers\n|upkeep\n|turn|22\n|\n|t:|1781385933\n|move|p2a: Shaymin|Leech Seed|p1a: Dipplin\n|-start|p1a: Dipplin|move: Leech Seed\n|move|p1a: Dipplin|Dragon Pulse|p2a: Shaymin\n|-damage|p2a: Shaymin|81/298\n|\n|-heal|p2a: Shaymin|99/298|[from] item: Leftovers\n|-damage|p1a: Dipplin|178/284|[from] Leech Seed|[of] p2a: Shaymin\n|-heal|p2a: Shaymin|134/298|[silent]\n|upkeep\n|turn|23\n|\n|t:|1781385945\n|switch|p2a: Scream Tail|Scream Tail, L84|280/330\n|-activate|p2a: Scream Tail|move: Sticky Web\n|-unboost|p2a: Scream Tail|spe|1\n|move|p1a: Dipplin|Recover|p1a: Dipplin\n|-heal|p1a: Dipplin|284/284\n|\n|-heal|p2a: Scream Tail|300/330|[from] item: Leftovers\n|-damage|p1a: Dipplin|249/284|[from] Leech Seed|[of] p2a: Scream Tail\n|-heal|p2a: Scream Tail|330/330|[silent]\n|upkeep\n|turn|24\n|\n|t:|1781385958\n|switch|p1a: Zamazenta|Zamazenta-Crowned, L68|238/238\n|-ability|p1a: Zamazenta|Dauntless Shield|boost\n|-boost|p1a: Zamazenta|def|1\n|move|p2a: Scream Tail|Wish|p2a: Scream Tail\n|\n|upkeep\n|turn|25\n|\n|t:|1781385965\n|move|p1a: Zamazenta|Heavy Slam|p2a: Scream Tail\n|-supereffective|p2a: Scream Tail\n|-damage|p2a: Scream Tail|148/330\n|move|p2a: Scream Tail|Dazzling Gleam|p1a: Zamazenta\n|-damage|p1a: Zamazenta|180/238\n|\n|-heal|p2a: Scream Tail|313/330|[from] move: Wish|[wisher] Scream Tail\n|-heal|p2a: Scream Tail|330/330|[from] item: Leftovers\n|upkeep\n|turn|26\n|\n|t:|1781385974\n|move|p1a: Zamazenta|Heavy Slam|p2a: Scream Tail\n|-supereffective|p2a: Scream Tail\n|-damage|p2a: Scream Tail|150/330\n|move|p2a: Scream Tail|Encore|p1a: Zamazenta\n|-start|p1a: Zamazenta|Encore\n|\n|-heal|p2a: Scream Tail|170/330|[from] item: Leftovers\n|upkeep\n|turn|27\n|\n|t:|1781385982\n|-end|p2a: Scream Tail|Protosynthesis|[silent]\n|switch|p2a: Infernape|Infernape, L82, F|188/259\n|-activate|p2a: Infernape|move: Sticky Web\n|-unboost|p2a: Infernape|spe|1\n|move|p1a: Zamazenta|Heavy Slam|p2a: Infernape\n|-resisted|p2a: Infernape\n|-damage|p2a: Infernape|133/259\n|\n|upkeep\n|turn|28\n|\n|t:|1781385992\n|switch|p1a: Minior|Minior-Yellow, L79|224/224\n|-formechange|p1a: Minior|Minior-Meteor||[from] ability: Shields Down\n|move|p2a: Infernape|U-turn|p1a: Minior\n|-resisted|p1a: Minior\n|-damage|p1a: Minior|200/224\n|\n|t:|1781386009\n|switch|p2a: Scream Tail|Scream Tail, L84|170/330|[from] U-turn\n|-activate|p2a: Scream Tail|move: Sticky Web\n|-unboost|p2a: Scream Tail|spe|1\n|\n|-heal|p2a: Scream Tail|190/330|[from] item: Leftovers\n|upkeep\n|turn|29\n|\n|t:|1781386019\n|switch|p1a: Zamazenta|Zamazenta-Crowned, L68|180/238\n|move|p2a: Scream Tail|Encore||[still]\n|-fail|p2a: Scream Tail\n|\n|-heal|p2a: Scream Tail|210/330|[from] item: Leftovers\n|upkeep\n|turn|30\n|\n|t:|1781386027\n|move|p1a: Zamazenta|Heavy Slam|p2a: Scream Tail\n|-supereffective|p2a: Scream Tail\n|-damage|p2a: Scream Tail|18/330\n|move|p2a: Scream Tail|Wish|p2a: Scream Tail\n|\n|-heal|p2a: Scream Tail|38/330|[from] item: Leftovers\n|upkeep\n|turn|31\n|\n|t:|1781386037\n|move|p2a: Scream Tail|Protect|p2a: Scream Tail\n|-singleturn|p2a: Scream Tail|Protect\n|move|p1a: Zamazenta|Iron Defense|p1a: Zamazenta\n|-boost|p1a: Zamazenta|def|2\n|\n|-heal|p2a: Scream Tail|203/330|[from] move: Wish|[wisher] Scream Tail\n|-heal|p2a: Scream Tail|223/330|[from] item: Leftovers\n|upkeep\n|turn|32\n|\n|t:|1781386046\n|move|p1a: Zamazenta|Heavy Slam|p2a: Scream Tail\n|-supereffective|p2a: Scream Tail\n|-damage|p2a: Scream Tail|31/330\n|move|p2a: Scream Tail|Encore|p1a: Zamazenta\n|-start|p1a: Zamazenta|Encore\n|\n|-heal|p2a: Scream Tail|51/330|[from] item: Leftovers\n|upkeep\n|turn|33\n|\n|t:|1781386059\n|move|p1a: Zamazenta|Heavy Slam|p2a: Scream Tail\n|-supereffective|p2a: Scream Tail\n|-damage|p2a: Scream Tail|0 fnt\n|faint|p2a: Scream Tail\n|-end|p2a: Scream Tail|Protosynthesis|[silent]\n|\n|upkeep\n|\n|t:|1781386068\n|switch|p2a: Gurdurr|Gurdurr, L85, F|283/283\n|-activate|p2a: Gurdurr|move: Sticky Web\n|-unboost|p2a: Gurdurr|spe|1\n|turn|34\n|\n|t:|1781386079\n|switch|p1a: Gallade|Gallade, L80, M|141/240\n|move|p2a: Gurdurr|Bulk Up|p2a: Gurdurr\n|-boost|p2a: Gurdurr|atk|1\n|-boost|p2a: Gurdurr|def|1\n|\n|upkeep\n|turn|35\n|\n|t:|1781386086\n|move|p1a: Gallade|Psycho Cut|p2a: Gurdurr\n|-supereffective|p2a: Gurdurr\n|-damage|p2a: Gurdurr|163/283\n|move|p2a: Gurdurr|Knock Off|p1a: Gallade\n|-damage|p1a: Gallade|0 fnt\n|-enditem|p1a: Gallade|Choice Scarf|[from] move: Knock Off|[of] p2a: Gurdurr\n|faint|p1a: Gallade\n|\n|upkeep\n|\n|t:|1781386096\n|switch|p1a: Minior|Minior-Yellow, L79|200/224\n|-formechange|p1a: Minior|Minior-Meteor||[from] ability: Shields Down\n|turn|36\n|\n|t:|1781386118\n|move|p1a: Minior|Shell Smash|p1a: Minior\n|-unboost|p1a: Minior|def|1\n|-unboost|p1a: Minior|spd|1\n|-boost|p1a: Minior|atk|2\n|-boost|p1a: Minior|spa|2\n|-boost|p1a: Minior|spe|2\n|-enditem|p1a: Minior|White Herb\n|-clearnegativeboost|p1a: Minior|[silent]\n|move|p2a: Gurdurr|Bulk Up|p2a: Gurdurr\n|-boost|p2a: Gurdurr|atk|1\n|-boost|p2a: Gurdurr|def|1\n|\n|upkeep\n|turn|37\n|\n|t:|1781386129\n|move|p1a: Minior|Acrobatics|p2a: Gurdurr\n|-supereffective|p2a: Gurdurr\n|-damage|p2a: Gurdurr|59/283\n|move|p2a: Gurdurr|Drain Punch|p1a: Minior\n|-damage|p1a: Minior|40/224\n|-heal|p2a: Gurdurr|139/283|[from] drain|[of] p1a: Minior\n|\n|-formechange|p1a: Minior|Minior-Yellow||[from] ability: Shields Down\n|upkeep\n|turn|38\n|\n|t:|1781386138\n|move|p2a: Gurdurr|Mach Punch|p1a: Minior\n|-damage|p1a: Minior|0 fnt\n|faint|p1a: Minior\n|\n|upkeep\n|-message|supercami forfeited.\n|\n|win|Meloeita!\n", "inputlog": ">version a8376a258c1d4662feba110a92103f3664a72141\n>start {\"formatid\":\"gen9randombattle\",\"seed\":\"sodium,324e88b99656778ac1dc8ab003b63f7e\",\"rated\":\"Rated battle\"}\n>player p1 {\"name\":\"supercami\",\"avatar\":\"169\",\"rating\":1947,\"seed\":\"sodium,0f9e047fc542d8f929fe36b5193aca60\"}\n>player p2 {\"name\":\"Meloeita!\",\"avatar\":\"266\",\"rating\":1955,\"seed\":\"sodium,c14ba9aeceab700d44d13a65397048a5\"}\n>p1 move sacredsword\n>p2 switch 3\n>p1 switch 4\n>p2 move moonblast\n>p1 move gunkshot\n>p2 move earthpower\n>p1 switch 6\n>p1 move powergem\n>p2 move moonblast\n>p2 switch 4\n>p1 switch 5\n>p2 move encore\n>p1 move knockoff\n>p2 switch 6\n>p1 switch 3\n>p2 move flareblitz\n>p1 move gigadrain\n>p2 move uturn\n>p2 switch 5\n>p1 move dragonpulse\n>p2 move substitute\n>p1 move dragonpulse\n>p2 move airslash\n>p1 move recover terastallize\n>p2 move airslash\n>p1 move dragonpulse\n>p2 move leechseed\n>p1 switch 4\n>p2 move substitute\n>p1 move psychocut\n>p2 move seedflare\n>p1 move psychocut\n>p2 switch 6\n>p1 switch 3\n>p2 move wish\n>p1 move stickyweb\n>p2 move dazzlinggleam\n>p1 move lunge\n>p2 move dazzlinggleam\n>p1 switch 4\n>p2 move wish\n>p1 move gigadrain\n>p2 switch 6\n>p1 move dragonpulse\n>p2 move substitute\n>p1 move dragonpulse\n>p2 move leechseed\n>p1 move recover\n>p2 switch 6\n>p1 switch 2\n>p2 move wish\n>p1 move heavyslam\n>p2 move dazzlinggleam\n>p1 move heavyslam\n>p2 move encore\n>p1 move heavyslam\n>p2 switch 5\n>p1 switch 5\n>p2 move uturn\n>p2 switch 5\n>p1 switch 5\n>p2 move encore\n>p1 move heavyslam\n>p2 move wish\n>p1 move irondefense\n>p2 move protect\n>p1 move heavyslam\n>p2 move encore\n>p1 move heavyslam\n>p2 move wish\n>p2 switch 2\n>p1 switch 3\n>p2 move bulkup\n>p1 move psychocut\n>p2 move knockoff\n>p1 switch 5\n>p1 move shellsmash\n>p2 move bulkup\n>p1 move acrobatics\n>p2 move drainpunch\n>p1 move acrobatics\n>p2 move machpunch\n>forcelose p1", "uploadtime": 1781385662, "views": 8, "formatid": "gen9randombattle", "rating": null, "private": 0, "password": null}