{"id": "gen9randombattle-2631994837", "format": "[Gen 9] Random Battle", "players": ["napoliones", "JaviC04"], "log": "|j|\u2606napoliones\n|j|\u2606JaviC04\n|t:|1781463915\n|gametype|singles\n|player|p1|napoliones|102|2062\n|player|p2|JaviC04|artist|1984\n|gen|9\n|tier|[Gen 9] Random Battle\n|rated|\n|rule|Species Clause: Limit one of each Pok\u00e9mon\n|rule|HP Percentage Mod: HP is shown in percentages\n|rule|Sleep Clause Mod: Limit one foe put to sleep\n|rule|Illusion Level Mod: Illusion disguises the Pok\u00e9mon's true level\n|\n|t:|1781463915\n|teamsize|p1|6\n|teamsize|p2|6\n|start\n|switch|p1a: Armarouge|Armarouge, L80, F|267/267\n|switch|p2a: Gholdengo|Gholdengo, L77|261/261\n|turn|1\n|inactive|Battle timer is ON: inactive players will automatically lose when time's up. (requested by napoliones)\n|inactive|JaviC04 also wants the timer to be on.\n|c|\u2606napoliones|gl hf :)\n|\n|t:|1781463926\n|switch|p2a: Snorlax|Snorlax, L82, F|397/397\n|move|p1a: Armarouge|Armor Cannon|p2a: Snorlax\n|-damage|p2a: Snorlax|339/397\n|-unboost|p1a: Armarouge|def|1\n|-unboost|p1a: Armarouge|spd|1\n|\n|-heal|p2a: Snorlax|363/397|[from] item: Leftovers\n|upkeep\n|turn|2\n|\n|t:|1781463931\n|switch|p1a: Hariyama|Hariyama, L87, F|392/392\n|move|p2a: Snorlax|Body Slam|p1a: Hariyama\n|-damage|p1a: Hariyama|281/392\n|\n|-heal|p2a: Snorlax|387/397|[from] item: Leftovers\n|-status|p1a: Hariyama|brn|[from] item: Flame Orb\n|upkeep\n|turn|3\n|\n|t:|1781463939\n|switch|p2a: Zapdos|Zapdos, L78|268/268\n|move|p1a: Hariyama|Knock Off|p2a: Zapdos\n|-damage|p2a: Zapdos|116/268\n|-enditem|p2a: Zapdos|Heavy-Duty Boots|[from] move: Knock Off|[of] p1a: Hariyama\n|\n|-damage|p1a: Hariyama|257/392 brn|[from] brn\n|upkeep\n|turn|4\n|\n|t:|1781463951\n|switch|p1a: Deoxys|Deoxys-Speed, L82|216/216\n|-ability|p1a: Deoxys|Pressure\n|move|p2a: Zapdos|Hurricane|p1a: Deoxys\n|-damage|p1a: Deoxys|96/216\n|\n|-heal|p1a: Deoxys|109/216|[from] item: Leftovers\n|upkeep\n|turn|5\n|\n|t:|1781463965\n|switch|p2a: Gholdengo|Gholdengo, L77|261/261\n|move|p1a: Deoxys|Psycho Boost|p2a: Gholdengo\n|-resisted|p2a: Gholdengo\n|-damage|p2a: Gholdengo|190/261\n|-unboost|p1a: Deoxys|spa|2\n|\n|-heal|p1a: Deoxys|122/216|[from] item: Leftovers\n|-heal|p2a: Gholdengo|206/261|[from] item: Leftovers\n|upkeep\n|turn|6\n|\n|t:|1781463971\n|move|p1a: Deoxys|Knock Off|p2a: Gholdengo\n|-supereffective|p2a: Gholdengo\n|-damage|p2a: Gholdengo|76/261\n|-enditem|p2a: Gholdengo|Leftovers|[from] move: Knock Off|[of] p1a: Deoxys\n|move|p2a: Gholdengo|Shadow Ball|p1a: Deoxys\n|-supereffective|p1a: Deoxys\n|-damage|p1a: Deoxys|0 fnt\n|faint|p1a: Deoxys\n|\n|upkeep\n|\n|t:|1781463987\n|switch|p1a: Tsareena|Tsareena, L87, F|267/267\n|turn|7\n|\n|t:|1781464002\n|switch|p2a: Zapdos|Zapdos, L78|116/268\n|move|p1a: Tsareena|Knock Off|p2a: Zapdos\n|-damage|p2a: Zapdos|19/268\n|-status|p1a: Tsareena|par|[from] ability: Static|[of] p2a: Zapdos\n|\n|upkeep\n|turn|8\n|\n|t:|1781464010\n|move|p2a: Zapdos|Hurricane|p1a: Tsareena\n|-supereffective|p1a: Tsareena\n|-damage|p1a: Tsareena|43/267 par\n|move|p1a: Tsareena|Knock Off|p2a: Zapdos\n|-damage|p2a: Zapdos|0 fnt\n|faint|p2a: Zapdos\n|\n|upkeep\n|\n|t:|1781464023\n|switch|p2a: Gholdengo|Gholdengo, L77|76/261\n|turn|9\n|\n|t:|1781464029\n|move|p2a: Gholdengo|Shadow Ball|p1a: Tsareena\n|-damage|p1a: Tsareena|0 fnt\n|faint|p1a: Tsareena\n|\n|upkeep\n|\n|t:|1781464036\n|switch|p1a: Primarina|Primarina, L83, F|268/268\n|turn|10\n|\n|t:|1781464052\n|move|p2a: Gholdengo|Make It Rain|p1a: Primarina\n|-damage|p1a: Primarina|147/268\n|-unboost|p2a: Gholdengo|spa|1\n|move|p1a: Primarina|Sparkling Aria|p2a: Gholdengo\n|-damage|p2a: Gholdengo|0 fnt\n|faint|p2a: Gholdengo\n|\n|-heal|p1a: Primarina|163/268|[from] item: Leftovers\n|upkeep\n|\n|t:|1781464057\n|switch|p2a: Snorlax|Snorlax, L82, F|387/397\n|turn|11\n|\n|t:|1781464062\n|switch|p1a: Hariyama|Hariyama, L87, F|257/392 brn\n|move|p2a: Snorlax|Body Slam|p1a: Hariyama\n|-damage|p1a: Hariyama|131/392 brn\n|\n|-heal|p2a: Snorlax|397/397|[from] item: Leftovers\n|-damage|p1a: Hariyama|107/392 brn|[from] brn\n|upkeep\n|turn|12\n|\n|t:|1781464074\n|switch|p2a: Alcremie|Alcremie-Mint-Cream, L90, F|263/263\n|move|p1a: Hariyama|Close Combat|p2a: Alcremie\n|-resisted|p2a: Alcremie\n|-damage|p2a: Alcremie|141/263\n|-unboost|p1a: Hariyama|def|1\n|-unboost|p1a: Hariyama|spd|1\n|\n|-heal|p2a: Alcremie|157/263|[from] item: Leftovers\n|-damage|p1a: Hariyama|83/392 brn|[from] brn\n|upkeep\n|turn|13\n|\n|t:|1781464086\n|switch|p1a: Primarina|Primarina, L83, F|163/268\n|move|p2a: Alcremie|Alluring Voice|p1a: Primarina\n|-crit|p1a: Primarina\n|-damage|p1a: Primarina|18/268\n|\n|-heal|p2a: Alcremie|173/263|[from] item: Leftovers\n|-heal|p1a: Primarina|34/268|[from] item: Leftovers\n|upkeep\n|turn|14\n|\n|t:|1781464093\n|move|p2a: Alcremie|Alluring Voice|p1a: Primarina\n|-damage|p1a: Primarina|0 fnt\n|faint|p1a: Primarina\n|\n|-heal|p2a: Alcremie|189/263|[from] item: Leftovers\n|upkeep\n|\n|t:|1781464096\n|switch|p1a: Minior|Minior-Indigo, L79|224/224\n|-formechange|p1a: Minior|Minior-Meteor||[from] ability: Shields Down\n|turn|15\n|\n|t:|1781464100\n|switch|p2a: Garganacl|Garganacl, L80, M|291/291\n|move|p1a: Minior|Shell Smash|p1a: Minior\n|-unboost|p1a: Minior|def|1\n|-unboost|p1a: Minior|spd|1\n|-boost|p1a: Minior|atk|2\n|-boost|p1a: Minior|spa|2\n|-boost|p1a: Minior|spe|2\n|-enditem|p1a: Minior|White Herb\n|-clearnegativeboost|p1a: Minior|[silent]\n|\n|upkeep\n|turn|16\n|\n|t:|1781464110\n|-terastallize|p2a: Garganacl|Ghost\n|move|p1a: Minior|Shell Smash|p1a: Minior\n|-unboost|p1a: Minior|def|1\n|-unboost|p1a: Minior|spd|1\n|-boost|p1a: Minior|atk|2\n|-boost|p1a: Minior|spa|2\n|-boost|p1a: Minior|spe|2\n|move|p2a: Garganacl|Salt Cure|p1a: Minior\n|-supereffective|p1a: Minior\n|-damage|p1a: Minior|116/224\n|-start|p1a: Minior|Salt Cure\n|\n|-damage|p1a: Minior|88/224|[from] Salt Cure\n|-formechange|p1a: Minior|Minior-Indigo||[from] ability: Shields Down\n|upkeep\n|turn|17\n|\n|t:|1781464121\n|move|p2a: Garganacl|Protect|p2a: Garganacl\n|-singleturn|p2a: Garganacl|Protect\n|move|p1a: Minior|Shell Smash|p1a: Minior\n|-unboost|p1a: Minior|def|1\n|-unboost|p1a: Minior|spd|1\n|-boost|p1a: Minior|atk|2\n|-boost|p1a: Minior|spa|2\n|-boost|p1a: Minior|spe|2\n|\n|-damage|p1a: Minior|60/224|[from] Salt Cure\n|upkeep\n|turn|18\n|\n|t:|1781464126\n|move|p1a: Minior|Power Gem|p2a: Garganacl\n|-damage|p2a: Garganacl|0 fnt\n|faint|p2a: Garganacl\n|\n|-damage|p1a: Minior|32/224|[from] Salt Cure\n|upkeep\n|\n|t:|1781464129\n|switch|p2a: Snorlax|Snorlax, L82, F|397/397\n|turn|19\n|\n|t:|1781464136\n|move|p1a: Minior|Acrobatics|p2a: Snorlax\n|-damage|p2a: Snorlax|0 fnt\n|faint|p2a: Snorlax\n|\n|-damage|p1a: Minior|4/224|[from] Salt Cure\n|upkeep\n|\n|t:|1781464140\n|switch|p2a: Alcremie|Alcremie-Mint-Cream, L90, F|189/263\n|turn|20\n|\n|t:|1781464143\n|move|p1a: Minior|Acrobatics|p2a: Alcremie\n|-damage|p2a: Alcremie|0 fnt\n|faint|p2a: Alcremie\n|\n|-damage|p1a: Minior|0 fnt|[from] Salt Cure\n|faint|p1a: Minior\n|upkeep\n|\n|t:|1781464151\n|switch|p1a: Hariyama|Hariyama, L87, F|83/392 brn\n|switch|p2a: Tatsugiri|Tatsugiri, L87, F|260/260\n|turn|21\n|\n|t:|1781464161\n|move|p2a: Tatsugiri|Surf|p1a: Hariyama\n|-damage|p1a: Hariyama|0 fnt\n|faint|p1a: Hariyama\n|\n|upkeep\n|\n|t:|1781464163\n|switch|p1a: Armarouge|Armarouge, L80, F|267/267\n|turn|22\n|\n|t:|1781464171\n|move|p2a: Tatsugiri|Surf|p1a: Armarouge\n|-supereffective|p1a: Armarouge\n|-damage|p1a: Armarouge|0 fnt\n|faint|p1a: Armarouge\n|\n|win|JaviC04\n", "inputlog": ">version a8376a258c1d4662feba110a92103f3664a72141\n>start {\"formatid\":\"gen9randombattle\",\"seed\":\"sodium,e5441d28f235c899778b12e11ba25a47\",\"rated\":\"Rated battle\"}\n>player p1 {\"name\":\"napoliones\",\"avatar\":\"102\",\"rating\":2062,\"seed\":\"sodium,04be3063e715277a13fecca96477f754\"}\n>player p2 {\"name\":\"JaviC04\",\"avatar\":\"artist\",\"rating\":1984,\"seed\":\"sodium,0f7abf8f1fb411b8935f90f747a759b7\"}\n>chat \u2606napoliones|gl hf :)\n>p1 move armorcannon\n>p2 switch 3\n>p1 switch 4\n>p2 move bodyslam\n>p1 move knockoff\n>p2 switch 4\n>p1 switch 6\n>p2 move hurricane\n>p1 move psychoboost\n>p2 switch 3\n>p1 move knockoff\n>p2 move shadowball\n>p1 switch 2\n>p1 move knockoff\n>p2 switch 3\n>p1 move knockoff\n>p2 move hurricane\n>p2 switch 3\n>p1 move knockoff\n>p2 move shadowball\n>p1 switch 5\n>p1 move sparklingaria\n>p2 move makeitrain\n>p2 switch 4\n>p1 switch 6\n>p2 move bodyslam\n>p1 move closecombat\n>p2 switch 6\n>p1 switch 6\n>p2 move alluringvoice\n>p1 move drainingkiss\n>p2 move alluringvoice\n>p1 switch 3\n>p1 move shellsmash\n>p2 switch 2\n>p1 move shellsmash\n>p2 move saltcure terastallize\n>p1 move shellsmash\n>p2 move protect\n>p1 move powergem\n>p2 move recover\n>p2 switch 6\n>p1 move acrobatics\n>p2 move bodyslam\n>p2 switch 2\n>p1 move acrobatics\n>p2 move alluringvoice\n>p1 switch 6\n>p2 switch 5\n>p1 move closecombat\n>p2 move surf\n>p1 switch 4\n>p1 move psyshock\n>p2 move surf", "uploadtime": 1781463917, "views": 9, "formatid": "gen9randombattle", "rating": null, "private": 0, "password": null}