{"id": "gen9randombattle-2631852856", "format": "[Gen 9] Random Battle", "players": ["slimeygang", "DBKaiyote"], "log": "|j|\u2606slimeygang\n|j|\u2606DBKaiyote\n|t:|1781448288\n|gametype|singles\n|player|p1|slimeygang|#orascliizekroms|2104\n|player|p2|DBKaiyote|swimmer-gen4|2064\n|gen|9\n|tier|[Gen 9] Random Battle\n|rated|\n|rule|Species Clause: Limit one of each Pok\u00e9mon\n|rule|HP Percentage Mod: HP is shown in percentages\n|rule|Sleep Clause Mod: Limit one foe put to sleep\n|rule|Illusion Level Mod: Illusion disguises the Pok\u00e9mon's true level\n|\n|t:|1781448288\n|teamsize|p1|6\n|teamsize|p2|6\n|start\n|switch|p1a: Kricketune|Kricketune, L99, F|311/311\n|switch|p2a: Urshifu|Urshifu, L74, M|270/270\n|turn|1\n|inactive|Battle timer is ON: inactive players will automatically lose when time's up. (requested by DBKaiyote)\n|\n|t:|1781448304\n|move|p2a: Urshifu|U-turn|p1a: Kricketune\n|-damage|p1a: Kricketune|247/311\n|\n|t:|1781448305\n|switch|p2a: Illumise|Illumise, L91, F|266/266|[from] U-turn\n|move|p1a: Kricketune|Sticky Web|p2a: Illumise\n|-sidestart|p2: DBKaiyote|move: Sticky Web\n|\n|upkeep\n|turn|2\n|\n|t:|1781448332\n|switch|p1a: Electrode|Electrode, L92|260/260\n|move|p2a: Illumise|Thunder Wave|p1a: Electrode\n|-immune|p1a: Electrode\n|\n|upkeep\n|turn|3\n|\n|t:|1781448339\n|move|p1a: Electrode|Thunder Wave|p2a: Illumise\n|-status|p2a: Illumise|par\n|cant|p2a: Illumise|par\n|\n|upkeep\n|turn|4\n|\n|t:|1781448352\n|move|p1a: Electrode|Volt Switch|p2a: Illumise\n|-damage|p2a: Illumise|190/266 par\n|\n|t:|1781448353\n|switch|p1a: Kricketune|Kricketune, L99, F|247/311|[from] Volt Switch\n|move|p2a: Illumise|Bug Buzz|p1a: Kricketune\n|-damage|p1a: Kricketune|130/311\n|\n|upkeep\n|turn|5\n|\n|t:|1781448372\n|switch|p2a: Alomomola|Alomomola, L87, F|429/429\n|-activate|p2a: Alomomola|move: Sticky Web\n|-unboost|p2a: Alomomola|spe|1\n|move|p1a: Kricketune|Knock Off|p2a: Alomomola\n|-damage|p2a: Alomomola|340/429\n|-enditem|p2a: Alomomola|Leftovers|[from] move: Knock Off|[of] p1a: Kricketune\n|\n|upkeep\n|turn|6\n|\n|t:|1781448384\n|move|p1a: Kricketune|Taunt|p2a: Alomomola\n|-start|p2a: Alomomola|move: Taunt\n|cant|p2a: Alomomola|move: Taunt|Wish\n|\n|upkeep\n|turn|7\n|\n|t:|1781448386\n|move|p1a: Kricketune|Pounce|p2a: Alomomola\n|-damage|p2a: Alomomola|234/429\n|-unboost|p2a: Alomomola|spe|1\n|move|p2a: Alomomola|Flip Turn|p1a: Kricketune\n|-damage|p1a: Kricketune|61/311\n|\n|t:|1781448395\n|switch|p2a: Illumise|Illumise, L91, F|190/266 par|[from] Flip Turn\n|\n|upkeep\n|turn|8\n|\n|t:|1781448400\n|move|p2a: Illumise|Roost|p2a: Illumise\n|-heal|p2a: Illumise|266/266 par\n|-singleturn|p2a: Illumise|move: Roost\n|move|p1a: Kricketune|Knock Off|p2a: Illumise\n|-damage|p2a: Illumise|174/266 par\n|-enditem|p2a: Illumise|Heavy-Duty Boots|[from] move: Knock Off|[of] p1a: Kricketune\n|\n|upkeep\n|turn|9\n|\n|t:|1781448405\n|move|p1a: Kricketune|Pounce|p2a: Illumise\n|-damage|p2a: Illumise|72/266 par\n|-unboost|p2a: Illumise|spe|1\n|cant|p2a: Illumise|par\n|\n|upkeep\n|turn|10\n|\n|t:|1781448408\n|move|p2a: Illumise|Roost|p2a: Illumise\n|-heal|p2a: Illumise|205/266 par\n|-singleturn|p2a: Illumise|move: Roost\n|move|p1a: Kricketune|Pounce|p2a: Illumise\n|-damage|p2a: Illumise|106/266 par\n|-unboost|p2a: Illumise|spe|1\n|\n|upkeep\n|turn|11\n|\n|t:|1781448411\n|move|p1a: Kricketune|Taunt|p2a: Illumise\n|-start|p2a: Illumise|move: Taunt\n|move|p2a: Illumise|Bug Buzz|p1a: Kricketune\n|-damage|p1a: Kricketune|0 fnt\n|faint|p1a: Kricketune\n|\n|upkeep\n|\n|t:|1781448417\n|switch|p1a: Electrode|Electrode, L92|260/260\n|turn|12\n|\n|t:|1781448420\n|move|p1a: Electrode|Thunderbolt|p2a: Illumise\n|-damage|p2a: Illumise|15/266 par\n|move|p2a: Illumise|Bug Buzz|p1a: Electrode\n|-immune|p1a: Electrode|[from] ability: Soundproof\n|\n|upkeep\n|turn|13\n|\n|t:|1781448449\n|switch|p2a: Chansey|Chansey, L85, F|564/564\n|-activate|p2a: Chansey|move: Sticky Web\n|-unboost|p2a: Chansey|spe|1\n|move|p1a: Electrode|Volt Switch|p2a: Chansey\n|-damage|p2a: Chansey|522/564\n|\n|t:|1781448452\n|switch|p1a: Slaking|Slaking, L84, F|389/389|[from] Volt Switch\n|\n|upkeep\n|turn|14\n|\n|t:|1781448455\n|switch|p2a: Alomomola|Alomomola, L87, F|377/429\n|-activate|p2a: Alomomola|move: Sticky Web\n|-unboost|p2a: Alomomola|spe|1\n|move|p1a: Slaking|Giga Impact|p2a: Alomomola\n|-damage|p2a: Alomomola|0 fnt\n|-mustrecharge|p1a: Slaking\n|faint|p2a: Alomomola\n|\n|upkeep\n|\n|t:|1781448462\n|switch|p2a: Dragonite|Dragonite, L74, M|257/257\n|turn|15\n|\n|t:|1781448467\n|cant|p1a: Slaking|recharge\n|move|p2a: Dragonite|Dragon Dance|p2a: Dragonite\n|-boost|p2a: Dragonite|atk|1\n|-boost|p2a: Dragonite|spe|1\n|\n|upkeep\n|turn|16\n|\n|t:|1781448473\n|-terastallize|p2a: Dragonite|Steel\n|move|p2a: Dragonite|Dragon Dance|p2a: Dragonite\n|-boost|p2a: Dragonite|atk|1\n|-boost|p2a: Dragonite|spe|1\n|move|p1a: Slaking|Giga Impact|p2a: Dragonite\n|-resisted|p2a: Dragonite\n|-damage|p2a: Dragonite|159/257\n|-mustrecharge|p1a: Slaking\n|\n|upkeep\n|turn|17\n|\n|t:|1781448478\n|move|p2a: Dragonite|Dragon Dance|p2a: Dragonite\n|-boost|p2a: Dragonite|atk|1\n|-boost|p2a: Dragonite|spe|1\n|cant|p1a: Slaking|recharge\n|\n|upkeep\n|turn|18\n|\n|t:|1781448482\n|move|p2a: Dragonite|Iron Head|p1a: Slaking\n|-damage|p1a: Slaking|194/389\n|move|p1a: Slaking|Giga Impact|p2a: Dragonite\n|-resisted|p2a: Dragonite\n|-damage|p2a: Dragonite|0 fnt\n|-mustrecharge|p1a: Slaking\n|faint|p2a: Dragonite\n|\n|upkeep\n|\n|t:|1781448490\n|switch|p2a: Urshifu|Urshifu, L74, M|270/270\n|-activate|p2a: Urshifu|move: Sticky Web\n|-unboost|p2a: Urshifu|spe|1\n|turn|19\n|\n|t:|1781448493\n|cant|p1a: Slaking|recharge\n|move|p2a: Urshifu|Close Combat|p1a: Slaking\n|-supereffective|p1a: Slaking\n|-damage|p1a: Slaking|0 fnt\n|-unboost|p2a: Urshifu|def|1\n|-unboost|p2a: Urshifu|spd|1\n|faint|p1a: Slaking\n|\n|upkeep\n|\n|t:|1781448502\n|switch|p1a: Azumarill|Azumarill, L82, F|298/298\n|turn|20\n|\n|t:|1781448506\n|switch|p2a: Illumise|Illumise, L91, F|15/266 par\n|-activate|p2a: Illumise|move: Sticky Web\n|-unboost|p2a: Illumise|spe|1\n|move|p1a: Azumarill|Play Rough|p2a: Illumise\n|-damage|p2a: Illumise|0 fnt\n|faint|p2a: Illumise\n|\n|upkeep\n|\n|t:|1781448510\n|switch|p2a: Samurott|Samurott, L88, M|310/310\n|-activate|p2a: Samurott|move: Sticky Web\n|-unboost|p2a: Samurott|spe|1\n|turn|21\n|\n|t:|1781448514\n|move|p1a: Azumarill|Play Rough|p2a: Samurott\n|-damage|p2a: Samurott|157/310\n|move|p2a: Samurott|Flip Turn|p1a: Azumarill\n|-resisted|p1a: Azumarill\n|-damage|p1a: Azumarill|261/298\n|\n|t:|1781448520\n|switch|p2a: Urshifu|Urshifu, L74, M|270/270|[from] Flip Turn\n|-activate|p2a: Urshifu|move: Sticky Web\n|-unboost|p2a: Urshifu|spe|1\n|\n|upkeep\n|turn|22\n|\n|t:|1781448523\n|move|p2a: Urshifu|Poison Jab|p1a: Azumarill\n|-supereffective|p1a: Azumarill\n|-damage|p1a: Azumarill|133/298\n|-status|p1a: Azumarill|psn\n|move|p1a: Azumarill|Play Rough|p2a: Urshifu\n|-supereffective|p2a: Urshifu\n|-damage|p2a: Urshifu|0 fnt\n|faint|p2a: Urshifu\n|\n|-damage|p1a: Azumarill|96/298 psn|[from] psn\n|upkeep\n|\n|t:|1781448528\n|switch|p2a: Samurott|Samurott, L88, M|157/310\n|-activate|p2a: Samurott|move: Sticky Web\n|-unboost|p2a: Samurott|spe|1\n|turn|23\n|-message|DBKaiyote forfeited.\n|\n|win|slimeygang\n", "inputlog": ">version a8376a258c1d4662feba110a92103f3664a72141\n>start {\"formatid\":\"gen9randombattle\",\"seed\":\"sodium,1f2087f76c92b8712835d06ad5264e5f\",\"rated\":\"Rated battle\"}\n>player p1 {\"name\":\"slimeygang\",\"avatar\":\"#orascliizekroms\",\"rating\":2104,\"seed\":\"sodium,d76caa3b4898dfbdcae31685dc933ffc\"}\n>player p2 {\"name\":\"DBKaiyote\",\"avatar\":\"swimmer-gen4\",\"rating\":2064,\"seed\":\"sodium,b40d21b7c2b69815dea56317432a711b\"}\n>p1 move stickyweb\n>p2 move uturn\n>p2 switch 6\n>p1 switch 3\n>p2 move thunderwave\n>p1 move thunderwave\n>p2 move bugbuzz\n>p1 move voltswitch\n>p2 move bugbuzz\n>p1 switch 3\n>p1 move knockoff\n>p2 switch 5\n>p1 move taunt\n>p2 move wish\n>p1 move pounce\n>p2 move flipturn\n>p2 switch 5\n>p1 move knockoff\n>p2 move roost\n>p1 move pounce\n>p2 move bugbuzz\n>p1 move pounce\n>p2 move roost\n>p1 move taunt\n>p2 move bugbuzz\n>p1 switch 3\n>p1 move thunderbolt\n>p2 move bugbuzz\n>p1 move voltswitch\n>p2 switch 2\n>p1 switch 5\n>p1 move gigaimpact\n>p2 switch 5\n>p2 switch 4\n>p1 move recharge\n>p2 move dragondance\n>p1 move gigaimpact\n>p2 move dragondance terastallize\n>p1 move recharge\n>p2 move dragondance\n>p1 move gigaimpact\n>p2 move ironhead\n>p2 switch 6\n>p1 move recharge\n>p2 move closecombat\n>p1 switch 4\n>p1 move playrough\n>p2 switch 2\n>p2 switch 3\n>p1 move playrough\n>p2 move flipturn\n>p2 switch 2\n>p1 move playrough\n>p2 move poisonjab\n>p2 switch 2\n>forcelose p2", "uploadtime": 1781448290, "views": 5, "formatid": "gen9randombattle", "rating": null, "private": 0, "password": null}