{"id": "gen9randombattle-2631451186", "format": "[Gen 9] Random Battle", "players": ["nooks n grannies", "indias last hope"], "log": "|j|\u2606nooks n grannies\n|j|\u2606indias last hope\n|t:|1781386263\n|gametype|singles\n|player|p1|nooks n grannies|madame|2234\n|player|p2|indias last hope|policeman-gen4|2273\n|gen|9\n|tier|[Gen 9] Random Battle\n|rated|\n|rule|Species Clause: Limit one of each Pok\u00e9mon\n|rule|HP Percentage Mod: HP is shown in percentages\n|rule|Sleep Clause Mod: Limit one foe put to sleep\n|rule|Illusion Level Mod: Illusion disguises the Pok\u00e9mon's true level\n|\n|t:|1781386263\n|teamsize|p1|6\n|teamsize|p2|6\n|start\n|switch|p1a: Iron Boulder|Iron Boulder, L77|265/265\n|switch|p2a: Slaking|Slaking, L84, F|389/389\n|turn|1\n|inactive|Battle timer is ON: inactive players will automatically lose when time's up. (requested by nooks n grannies)\n|inactive|nooks n grannies has 120 seconds left.\n|\n|t:|1781386309\n|move|p1a: Iron Boulder|Swords Dance|p1a: Iron Boulder\n|-boost|p1a: Iron Boulder|atk|2\n|move|p2a: Slaking|Knock Off|p1a: Iron Boulder\n|-supereffective|p1a: Iron Boulder\n|-damage|p1a: Iron Boulder|0 fnt\n|-enditem|p1a: Iron Boulder|Life Orb|[from] move: Knock Off|[of] p2a: Slaking\n|faint|p1a: Iron Boulder\n|-end|p1a: Iron Boulder|Quark Drive|[silent]\n|\n|upkeep\n|\n|t:|1781386325\n|switch|p1a: Probopass|Probopass, L91, M|257/257\n|turn|2\n|\n|t:|1781386331\n|switch|p2a: Azelf|Azelf, L82|257/257\n|move|p1a: Probopass|Thunder Wave|p2a: Azelf\n|-status|p2a: Azelf|par\n|\n|upkeep\n|turn|3\n|\n|t:|1781386341\n|move|p1a: Probopass|Power Gem|p2a: Azelf\n|-damage|p2a: Azelf|158/257 par\n|move|p2a: Azelf|Stealth Rock|p1a: Probopass\n|-sidestart|p1: nooks n grannies|move: Stealth Rock\n|\n|-heal|p2a: Azelf|174/257 par|[from] item: Leftovers\n|upkeep\n|turn|4\n|\n|t:|1781386348\n|move|p1a: Probopass|Thunder Wave|p2a: Azelf\n|-fail|p2a: Azelf|par\n|move|p2a: Azelf|Knock Off|p1a: Probopass\n|-crit|p1a: Probopass\n|-damage|p1a: Probopass|186/257\n|-enditem|p1a: Probopass|Leftovers|[from] move: Knock Off|[of] p2a: Azelf\n|\n|-heal|p2a: Azelf|190/257 par|[from] item: Leftovers\n|upkeep\n|turn|5\n|\n|t:|1781386353\n|move|p1a: Probopass|Thunder Wave|p2a: Azelf\n|-fail|p2a: Azelf|par\n|cant|p2a: Azelf|par\n|\n|-heal|p2a: Azelf|206/257 par|[from] item: Leftovers\n|upkeep\n|turn|6\n|\n|t:|1781386356\n|move|p1a: Probopass|Thunder Wave|p2a: Azelf\n|-fail|p2a: Azelf|par\n|move|p2a: Azelf|Psychic|p1a: Probopass\n|-resisted|p1a: Probopass\n|-damage|p1a: Probopass|153/257\n|\n|-heal|p2a: Azelf|222/257 par|[from] item: Leftovers\n|upkeep\n|turn|7\n|\n|t:|1781386359\n|move|p1a: Probopass|Power Gem|p2a: Azelf\n|-damage|p2a: Azelf|131/257 par\n|move|p2a: Azelf|Encore|p1a: Probopass\n|-start|p1a: Probopass|Encore\n|\n|-heal|p2a: Azelf|147/257 par|[from] item: Leftovers\n|upkeep\n|turn|8\n|\n|t:|1781386364\n|switch|p2a: Hippowdon|Hippowdon, L82, M|311/311\n|-weather|Sandstorm|[from] ability: Sand Stream|[of] p2a: Hippowdon\n|move|p1a: Probopass|Power Gem|p2a: Hippowdon\n|-resisted|p2a: Hippowdon\n|-damage|p2a: Hippowdon|260/311\n|\n|-weather|Sandstorm|[upkeep]\n|-heal|p2a: Hippowdon|279/311|[from] item: Leftovers\n|upkeep\n|turn|9\n|\n|t:|1781386389\n|move|p1a: Probopass|Power Gem|p2a: Hippowdon\n|-resisted|p2a: Hippowdon\n|-damage|p2a: Hippowdon|231/311\n|move|p2a: Hippowdon|Curse|p2a: Hippowdon\n|-unboost|p2a: Hippowdon|spe|1\n|-boost|p2a: Hippowdon|atk|1\n|-boost|p2a: Hippowdon|def|1\n|\n|-weather|Sandstorm|[upkeep]\n|-heal|p2a: Hippowdon|250/311|[from] item: Leftovers\n|upkeep\n|turn|10\n|\n|t:|1781386396\n|switch|p1a: Excadrill|Excadrill, L79, F|303/303\n|-damage|p1a: Excadrill|294/303|[from] Stealth Rock\n|-ability|p1a: Excadrill|Mold Breaker\n|move|p2a: Hippowdon|Earthquake|p1a: Excadrill\n|-supereffective|p1a: Excadrill\n|-damage|p1a: Excadrill|0 fnt\n|faint|p1a: Excadrill\n|\n|-weather|Sandstorm|[upkeep]\n|-heal|p2a: Hippowdon|269/311|[from] item: Leftovers\n|upkeep\n|-message|nooks n grannies forfeited.\n|\n|win|indias last hope\n", "inputlog": ">version a8376a258c1d4662feba110a92103f3664a72141\n>start {\"formatid\":\"gen9randombattle\",\"seed\":\"sodium,f95ef302097d8ab689e13dcbcf4f4dc2\",\"rated\":\"Rated battle\"}\n>player p1 {\"name\":\"nooks n grannies\",\"avatar\":\"madame\",\"rating\":2234,\"seed\":\"sodium,37a41daed560a7e6a1cb0d06e62b9ac3\"}\n>player p2 {\"name\":\"indias last hope\",\"avatar\":\"policeman-gen4\",\"rating\":2273,\"seed\":\"sodium,63039cd1ef9faafadde5429895142eb2\"}\n>p1 move swordsdance\n>p2 move knockoff\n>p1 switch 4\n>p1 move thunderwave\n>p2 switch 4\n>p1 move powergem\n>p2 move stealthrock\n>p1 move thunderwave\n>p2 move knockoff\n>p1 move thunderwave\n>p2 move encore\n>p1 move thunderwave\n>p2 move psychic\n>p1 move powergem\n>p2 move encore\n>p1 move powergem\n>p2 switch 2\n>p1 move powergem\n>p2 move curse\n>p1 switch 3\n>p2 move earthquake\n>forcelose p1", "uploadtime": 1781386265, "views": 7, "formatid": "gen9randombattle", "rating": null, "private": 0, "password": null}