{"id": "gen9randombattle-2631467542", "format": "[Gen 9] Random Battle", "players": ["Gokucario", "green8Bit"], "log": "|j|\u2606Gokucario\n|j|\u2606green8Bit\n|t:|1781388355\n|gametype|singles\n|player|p1|Gokucario|riley|1953\n|player|p2|green8Bit|266|2015\n|gen|9\n|tier|[Gen 9] Random Battle\n|rated|\n|rule|Species Clause: Limit one of each Pok\u00e9mon\n|rule|HP Percentage Mod: HP is shown in percentages\n|rule|Sleep Clause Mod: Limit one foe put to sleep\n|rule|Illusion Level Mod: Illusion disguises the Pok\u00e9mon's true level\n|\n|t:|1781388355\n|teamsize|p1|6\n|teamsize|p2|6\n|start\n|switch|p1a: Tauros|Tauros-Paldea-Blaze, L81, M|252/252\n|switch|p2a: Dodrio|Dodrio, L85, F|241/241\n|turn|1\n|inactive|Battle timer is ON: inactive players will automatically lose when time's up. (requested by Gokucario)\n|inactive|green8Bit has 120 seconds left.\n|\n|t:|1781388402\n|switch|p1a: Wyrdeer|Wyrdeer, L87, M|321/321\n|-ability|p1a: Wyrdeer|Intimidate|boost\n|-unboost|p2a: Dodrio|atk|1\n|move|p2a: Dodrio|Brave Bird|p1a: Wyrdeer\n|-damage|p1a: Wyrdeer|207/321\n|-damage|p2a: Dodrio|203/241|[from] Recoil\n|\n|-heal|p1a: Wyrdeer|227/321|[from] item: Leftovers\n|upkeep\n|turn|2\n|\n|t:|1781388422\n|switch|p2a: Orthworm|Orthworm, L88, M|266/266\n|move|p1a: Wyrdeer|Thunder Wave|p2a: Orthworm\n|-status|p2a: Orthworm|par\n|\n|-heal|p1a: Wyrdeer|247/321|[from] item: Leftovers\n|upkeep\n|turn|3\n|\n|t:|1781388434\n|switch|p1a: Tauros|Tauros-Paldea-Blaze, L81, M|252/252\n|cant|p2a: Orthworm|par\n|\n|upkeep\n|turn|4\n|\n|t:|1781388450\n|move|p1a: Tauros|Substitute|p1a: Tauros\n|-start|p1a: Tauros|Substitute\n|-damage|p1a: Tauros|189/252\n|move|p2a: Orthworm|Shed Tail|p2a: Orthworm\n|-start|p2a: Orthworm|Substitute|[from] move: Shed Tail\n|-damage|p2a: Orthworm|133/266 par\n|inactive|green8Bit has 120 seconds left.\n|\n|t:|1781388476\n|switch|p2a: Araquanid|Araquanid, L82, F|246/246|[from] Shed Tail\n|\n|upkeep\n|turn|5\n|inactive|green8Bit has 120 seconds left.\n|\n|t:|1781388499\n|-terastallize|p1a: Tauros|Water\n|move|p1a: Tauros|Bulk Up|p1a: Tauros\n|-boost|p1a: Tauros|atk|1\n|-boost|p1a: Tauros|def|1\n|move|p2a: Araquanid|Sticky Web|p1a: Tauros\n|-sidestart|p1: Gokucario|move: Sticky Web\n|\n|upkeep\n|turn|6\n|\n|t:|1781388506\n|move|p1a: Tauros|Bulk Up|p1a: Tauros\n|-boost|p1a: Tauros|atk|1\n|-boost|p1a: Tauros|def|1\n|move|p2a: Araquanid|Hydro Pump|p1a: Tauros|[miss]\n|-miss|p2a: Araquanid|p1a: Tauros\n|\n|upkeep\n|turn|7\n|\n|t:|1781388511\n|move|p1a: Tauros|Bulk Up|p1a: Tauros\n|-boost|p1a: Tauros|atk|1\n|-boost|p1a: Tauros|def|1\n|move|p2a: Araquanid|Hydro Pump|p1a: Tauros\n|-resisted|p1a: Tauros\n|-end|p1a: Tauros|Substitute\n|\n|upkeep\n|turn|8\n|\n|t:|1781388515\n|move|p1a: Tauros|Substitute|p1a: Tauros\n|-start|p1a: Tauros|Substitute\n|-damage|p1a: Tauros|126/252\n|-enditem|p1a: Tauros|Sitrus Berry|[eat]\n|-heal|p1a: Tauros|189/252|[from] item: Sitrus Berry\n|move|p2a: Araquanid|Hydro Pump|p1a: Tauros\n|-resisted|p1a: Tauros\n|-end|p1a: Tauros|Substitute\n|\n|upkeep\n|turn|9\n|\n|t:|1781388523\n|move|p1a: Tauros|Substitute|p1a: Tauros\n|-start|p1a: Tauros|Substitute\n|-damage|p1a: Tauros|126/252\n|move|p2a: Araquanid|Hydro Pump|p1a: Tauros\n|-resisted|p1a: Tauros\n|-end|p1a: Tauros|Substitute\n|\n|-activate|p1a: Tauros|ability: Cud Chew\n|-enditem|p1a: Tauros|Sitrus Berry|[eat]\n|-heal|p1a: Tauros|189/252|[from] item: Sitrus Berry\n|upkeep\n|turn|10\n|\n|t:|1781388532\n|move|p1a: Tauros|Raging Bull|p2a: Araquanid\n|-end|p2a: Araquanid|Substitute\n|move|p2a: Araquanid|Hydro Pump|p1a: Tauros\n|-resisted|p1a: Tauros\n|-damage|p1a: Tauros|110/252\n|\n|upkeep\n|turn|11\n|\n|t:|1781388540\n|move|p1a: Tauros|Substitute|p1a: Tauros\n|-start|p1a: Tauros|Substitute\n|-damage|p1a: Tauros|47/252\n|move|p2a: Araquanid|Hydro Pump|p1a: Tauros\n|-resisted|p1a: Tauros\n|-end|p1a: Tauros|Substitute\n|\n|upkeep\n|turn|12\n|\n|t:|1781388544\n|move|p1a: Tauros|Raging Bull|p2a: Araquanid\n|-damage|p2a: Araquanid|134/246\n|move|p2a: Araquanid|Hydro Pump|p1a: Tauros\n|-resisted|p1a: Tauros\n|-damage|p1a: Tauros|0 fnt\n|faint|p1a: Tauros\n|\n|upkeep\n|\n|t:|1781388554\n|switch|p1a: Wyrdeer|Wyrdeer, L87, M|247/321\n|-activate|p1a: Wyrdeer|move: Sticky Web\n|-unboost|p1a: Wyrdeer|spe|1\n|-ability|p1a: Wyrdeer|Intimidate|boost\n|-unboost|p2a: Araquanid|atk|1\n|turn|13\n|\n|t:|1781388570\n|move|p2a: Araquanid|Leech Life|p1a: Wyrdeer\n|-supereffective|p1a: Wyrdeer\n|-damage|p1a: Wyrdeer|161/321\n|-heal|p2a: Araquanid|177/246|[from] drain|[of] p1a: Wyrdeer\n|move|p1a: Wyrdeer|Body Slam|p2a: Araquanid\n|-damage|p2a: Araquanid|69/246\n|\n|-heal|p1a: Wyrdeer|181/321|[from] item: Leftovers\n|upkeep\n|turn|14\n|\n|t:|1781388587\n|switch|p1a: Houndstone|Houndstone, L86, F|264/264\n|-activate|p1a: Houndstone|move: Sticky Web\n|-unboost|p1a: Houndstone|spe|1\n|move|p2a: Araquanid|Hydro Pump|p1a: Houndstone\n|-damage|p1a: Houndstone|143/264\n|\n|upkeep\n|turn|15\n|\n|t:|1781388600\n|move|p2a: Araquanid|Liquidation|p1a: Houndstone\n|-damage|p1a: Houndstone|107/264\n|move|p1a: Houndstone|Play Rough|p2a: Araquanid\n|-damage|p2a: Araquanid|0 fnt\n|faint|p2a: Araquanid\n|\n|upkeep\n|inactive|green8Bit has 120 seconds left.\n|\n|t:|1781388621\n|switch|p2a: Orthworm|Orthworm, L88, M|133/266 par\n|turn|16\n|\n|t:|1781388635\n|switch|p1a: Entei|Entei, L78|307/307\n|-activate|p1a: Entei|move: Sticky Web\n|-unboost|p1a: Entei|spe|1\n|move|p2a: Orthworm|Spikes|p1a: Entei\n|-sidestart|p1: Gokucario|Spikes\n|\n|-heal|p2a: Orthworm|149/266 par|[from] item: Leftovers\n|upkeep\n|turn|17\n|\n|t:|1781388646\n|move|p1a: Entei|Sacred Fire|p2a: Orthworm\n|-supereffective|p2a: Orthworm\n|-damage|p2a: Orthworm|0 fnt\n|faint|p2a: Orthworm\n|\n|upkeep\n|\n|t:|1781388654\n|switch|p2a: Terrakion|Terrakion, L79|273/273\n|turn|18\n|\n|t:|1781388664\n|switch|p1a: Houndstone|Houndstone, L86, F|107/264\n|-activate|p1a: Houndstone|move: Sticky Web\n|-unboost|p1a: Houndstone|spe|1\n|-damage|p1a: Houndstone|74/264|[from] Spikes\n|move|p2a: Terrakion|Stone Edge|p1a: Houndstone\n|-damage|p1a: Houndstone|0 fnt\n|faint|p1a: Houndstone\n|\n|upkeep\n|\n|t:|1781388666\n|switch|p1a: Wyrdeer|Wyrdeer, L87, M|181/321\n|-activate|p1a: Wyrdeer|move: Sticky Web\n|-unboost|p1a: Wyrdeer|spe|1\n|-damage|p1a: Wyrdeer|141/321|[from] Spikes\n|-ability|p1a: Wyrdeer|Intimidate|boost\n|-unboost|p2a: Terrakion|atk|1\n|turn|19\n|inactive|green8Bit has 120 seconds left.\n|\n|t:|1781388698\n|switch|p2a: Reuniclus|Reuniclus, L88, M|337/337\n|move|p1a: Wyrdeer|Thunder Wave|p2a: Reuniclus|[miss]\n|-miss|p1a: Wyrdeer|p2a: Reuniclus\n|\n|-heal|p1a: Wyrdeer|161/321|[from] item: Leftovers\n|upkeep\n|turn|20\n|\n|t:|1781388713\n|switch|p1a: Entei|Entei, L78|307/307\n|-activate|p1a: Entei|move: Sticky Web\n|-unboost|p1a: Entei|spe|1\n|-damage|p1a: Entei|269/307|[from] Spikes\n|move|p2a: Reuniclus|Calm Mind|p2a: Reuniclus\n|-boost|p2a: Reuniclus|spa|1\n|-boost|p2a: Reuniclus|spd|1\n|\n|upkeep\n|turn|21\n|\n|t:|1781388725\n|move|p1a: Entei|Flare Blitz|p2a: Reuniclus\n|-damage|p2a: Reuniclus|141/337\n|-damage|p1a: Entei|204/307|[from] Recoil\n|move|p2a: Reuniclus|Psychic|p1a: Entei\n|-damage|p1a: Entei|0 fnt\n|faint|p1a: Entei\n|\n|upkeep\n|\n|t:|1781388732\n|switch|p1a: Zebstrika|Zebstrika, L87, M|272/272\n|-activate|p1a: Zebstrika|move: Sticky Web\n|-unboost|p1a: Zebstrika|spe|1\n|-damage|p1a: Zebstrika|238/272|[from] Spikes\n|turn|22\n|inactive|green8Bit has 120 seconds left.\n|\n|t:|1781388754\n|move|p1a: Zebstrika|Supercell Slam|p2a: Reuniclus\n|-damage|p2a: Reuniclus|0 fnt\n|faint|p2a: Reuniclus\n|-damage|p1a: Zebstrika|211/272|[from] item: Life Orb\n|\n|upkeep\n|\n|t:|1781388773\n|switch|p2a: Terrakion|Terrakion, L79|273/273\n|turn|23\n|\n|t:|1781388779\n|switch|p1a: Wyrdeer|Wyrdeer, L87, M|161/321\n|-activate|p1a: Wyrdeer|move: Sticky Web\n|-unboost|p1a: Wyrdeer|spe|1\n|-damage|p1a: Wyrdeer|121/321|[from] Spikes\n|-ability|p1a: Wyrdeer|Intimidate|boost\n|-unboost|p2a: Terrakion|atk|1\n|move|p2a: Terrakion|Close Combat|p1a: Wyrdeer\n|-damage|p1a: Wyrdeer|0 fnt\n|-unboost|p2a: Terrakion|def|1\n|-unboost|p2a: Terrakion|spd|1\n|faint|p1a: Wyrdeer\n|\n|upkeep\n|\n|t:|1781388802\n|switch|p1a: Zebstrika|Zebstrika, L87, M|211/272\n|-activate|p1a: Zebstrika|move: Sticky Web\n|-unboost|p1a: Zebstrika|spe|1\n|-damage|p1a: Zebstrika|177/272|[from] Spikes\n|turn|24\n|inactive|green8Bit has 120 seconds left.\n|\n|t:|1781388813\n|switch|p2a: Slither Wing|Slither Wing, L81|270/270\n|move|p1a: Zebstrika|Supercell Slam|p2a: Slither Wing\n|-damage|p2a: Slither Wing|91/270\n|-damage|p1a: Zebstrika|150/272|[from] item: Life Orb\n|\n|upkeep\n|turn|25\n|inactive|green8Bit has 120 seconds left.\n|\n|t:|1781388821\n|move|p2a: Slither Wing|First Impression|p1a: Zebstrika\n|-damage|p1a: Zebstrika|0 fnt\n|faint|p1a: Zebstrika\n|-damage|p2a: Slither Wing|64/270|[from] item: Life Orb\n|\n|upkeep\n|\n|t:|1781388826\n|switch|p1a: Zangoose|Zangoose, L85, M|263/263\n|-activate|p1a: Zangoose|move: Sticky Web\n|-unboost|p1a: Zangoose|spe|1\n|-damage|p1a: Zangoose|231/263|[from] Spikes\n|turn|26\n|inactive|green8Bit has 120 seconds left.\n|\n|t:|1781388852\n|move|p1a: Zangoose|Quick Attack|p2a: Slither Wing\n|-damage|p2a: Slither Wing|12/270\n|move|p2a: Slither Wing|Close Combat|p1a: Zangoose\n|-supereffective|p1a: Zangoose\n|-damage|p1a: Zangoose|0 fnt\n|-unboost|p2a: Slither Wing|def|1\n|-unboost|p2a: Slither Wing|spd|1\n|faint|p1a: Zangoose\n|-damage|p2a: Slither Wing|0 fnt|[from] item: Life Orb\n|faint|p2a: Slither Wing\n|-end|p2a: Slither Wing|Protosynthesis|[silent]\n|\n|win|green8Bit\n", "inputlog": ">version a8376a258c1d4662feba110a92103f3664a72141\n>start {\"formatid\":\"gen9randombattle\",\"seed\":\"sodium,3e4b4ec4261d67fe49d9c170ad5804f8\",\"rated\":\"Rated battle\"}\n>player p1 {\"name\":\"Gokucario\",\"avatar\":\"riley\",\"rating\":1953,\"seed\":\"sodium,2c6df4393740ec5bb834540e4cc4ff45\"}\n>player p2 {\"name\":\"green8Bit\",\"avatar\":\"266\",\"rating\":2015,\"seed\":\"sodium,a3371920adcbcf68bd6a7b2f98698ca6\"}\n>p1 switch 5\n>p2 move bravebird\n>p1 move thunderwave\n>p2 switch 2\n>p1 switch 5\n>p2 move spikes\n>p1 move substitute\n>p2 move shedtail\n>p2 switch 4\n>p1 move bulkup terastallize\n>p2 move stickyweb\n>p1 move bulkup\n>p2 move hydropump\n>p1 move bulkup\n>p2 move hydropump\n>p1 move substitute\n>p2 move hydropump\n>p1 move substitute\n>p2 move hydropump\n>p1 move ragingbull\n>p2 move hydropump\n>p1 move substitute\n>p2 move hydropump\n>p1 move ragingbull\n>p2 move hydropump\n>p1 switch 5\n>p1 move bodyslam\n>p2 move leechlife\n>p1 switch 6\n>p2 move hydropump\n>p1 move playrough\n>p2 move liquidation\n>p2 switch 4\n>p1 switch 3\n>p2 move spikes\n>p1 move sacredfire\n>p2 move spikes\n>p2 switch 3\n>p1 switch 3\n>p2 move stoneedge\n>p1 switch 6\n>p1 move thunderwave\n>p2 switch 6\n>p1 switch 3\n>p2 move calmmind\n>p1 move flareblitz\n>p2 move psychic\n>p1 switch 2\n>p1 move supercellslam\n>p2 move psychic\n>p2 switch 6\n>p1 switch 3\n>p2 move closecombat\n>p1 switch 3\n>p1 move supercellslam\n>p2 switch 5\n>p1 move supercellslam\n>p2 move firstimpression\n>p1 switch 4\n>p1 move quickattack\n>p2 move closecombat", "uploadtime": 1781388357, "views": 4, "formatid": "gen9randombattle", "rating": null, "private": 0, "password": null}