{"id": "gen9randombattle-2631876159", "format": "[Gen 9] Random Battle", "players": ["joebidenfan1245", "Diamondscyther"], "log": "|j|\u203djoebidenfan1245\n|j|\u2606Diamondscyther\n|t:|1781450935\n|gametype|singles\n|player|p1|joebidenfan1245|265|1950\n|player|p2|Diamondscyther|larry|1903\n|gen|9\n|tier|[Gen 9] Random Battle\n|rated|\n|rule|Species Clause: Limit one of each Pok\u00e9mon\n|rule|HP Percentage Mod: HP is shown in percentages\n|rule|Sleep Clause Mod: Limit one foe put to sleep\n|rule|Illusion Level Mod: Illusion disguises the Pok\u00e9mon's true level\n|\n|t:|1781450935\n|teamsize|p1|6\n|teamsize|p2|6\n|start\n|switch|p1a: Ampharos|Ampharos, L88, M|302/302\n|switch|p2a: Luxray|Luxray, L88, F|284/284\n|-ability|p2a: Luxray|Intimidate|boost\n|-unboost|p1a: Ampharos|atk|1\n|turn|1\n|inactive|Battle timer is ON: inactive players will automatically lose when time's up. (requested by Diamondscyther)\n|\n|t:|1781450949\n|move|p2a: Luxray|Play Rough|p1a: Ampharos\n|-damage|p1a: Ampharos|222/302\n|move|p1a: Ampharos|Volt Switch|p2a: Luxray\n|-resisted|p2a: Luxray\n|-damage|p2a: Luxray|249/284\n|\n|t:|1781450978\n|switch|p1a: Exeggutor|Exeggutor, L89, M|312/312|[from] Volt Switch\n|\n|upkeep\n|turn|2\n|\n|t:|1781450988\n|move|p2a: Luxray|Throat Chop|p1a: Exeggutor\n|-supereffective|p1a: Exeggutor\n|-damage|p1a: Exeggutor|160/312\n|-start|p1a: Exeggutor|Throat Chop|[silent]\n|move|p1a: Exeggutor|Substitute|p1a: Exeggutor\n|-start|p1a: Exeggutor|Substitute\n|-damage|p1a: Exeggutor|82/312\n|-enditem|p1a: Exeggutor|Sitrus Berry|[eat]\n|-heal|p1a: Exeggutor|160/312|[from] item: Sitrus Berry\n|\n|-item|p1a: Exeggutor|Sitrus Berry|[from] ability: Harvest\n|upkeep\n|turn|3\n|\n|t:|1781451005\n|move|p2a: Luxray|Throat Chop|p1a: Exeggutor\n|-supereffective|p1a: Exeggutor\n|-end|p1a: Exeggutor|Substitute\n|move|p1a: Exeggutor|Giga Drain|p2a: Luxray\n|-damage|p2a: Luxray|173/284\n|-heal|p1a: Exeggutor|198/312|[from] drain|[of] p2a: Luxray\n|\n|-end|p1a: Exeggutor|Throat Chop|[silent]\n|upkeep\n|turn|4\n|\n|t:|1781451013\n|switch|p1a: Entei|Entei, L78|307/307\n|move|p2a: Luxray|Volt Switch|p1a: Entei\n|-damage|p1a: Entei|201/307\n|\n|t:|1781451023\n|switch|p2a: Zebstrika|Zebstrika, L87, M|272/272|[from] Volt Switch\n|\n|upkeep\n|turn|5\n|\n|t:|1781451035\n|move|p2a: Zebstrika|High Horsepower|p1a: Entei\n|-supereffective|p1a: Entei\n|-damage|p1a: Entei|0 fnt\n|faint|p1a: Entei\n|-damage|p2a: Zebstrika|245/272|[from] item: Life Orb\n|\n|upkeep\n|\n|t:|1781451049\n|switch|p1a: Copperajah|Copperajah, L86, M|350/350\n|turn|6\n|\n|t:|1781451053\n|move|p2a: Zebstrika|Volt Switch|p1a: Copperajah\n|-crit|p1a: Copperajah\n|-damage|p1a: Copperajah|202/350\n|-damage|p2a: Zebstrika|218/272|[from] item: Life Orb\n|\n|t:|1781451065\n|switch|p2a: Volbeat|Volbeat, L90, M|263/263|[from] Volt Switch\n|move|p1a: Copperajah|Earthquake|p2a: Volbeat\n|-resisted|p2a: Volbeat\n|-damage|p2a: Volbeat|198/263\n|-damage|p1a: Copperajah|167/350|[from] item: Life Orb\n|\n|upkeep\n|turn|7\n|\n|t:|1781451072\n|switch|p1a: Toucannon|Toucannon, L88, F|284/284\n|move|p2a: Volbeat|Encore||[still]\n|-fail|p2a: Volbeat\n|\n|upkeep\n|turn|8\n|\n|t:|1781451078\n|switch|p2a: Luxray|Luxray, L88, F|173/284\n|-ability|p2a: Luxray|Intimidate|boost\n|-unboost|p1a: Toucannon|atk|1\n|-singleturn|p1a: Toucannon|move: Beak Blast\n|move|p1a: Toucannon|Beak Blast|p2a: Luxray\n|-resisted|p2a: Luxray\n|-damage|p2a: Luxray|127/284\n|\n|upkeep\n|turn|9\n|\n|t:|1781451084\n|switch|p1a: Ampharos|Ampharos, L88, M|222/302\n|move|p2a: Luxray|Volt Switch|p1a: Ampharos\n|-resisted|p1a: Ampharos\n|-damage|p1a: Ampharos|198/302\n|\n|t:|1781451089\n|switch|p2a: Fezandipiti|Fezandipiti, L82, M|278/278|[from] Volt Switch\n|\n|upkeep\n|turn|10\n|\n|t:|1781451103\n|switch|p2a: Luxray|Luxray, L88, F|127/284\n|-ability|p2a: Luxray|Intimidate|boost\n|-unboost|p1a: Ampharos|atk|1\n|move|p1a: Ampharos|Volt Switch|p2a: Luxray\n|-resisted|p2a: Luxray\n|-damage|p2a: Luxray|91/284\n|\n|t:|1781451121\n|switch|p1a: Copperajah|Copperajah, L86, M|167/350|[from] Volt Switch\n|\n|upkeep\n|turn|11\n|\n|t:|1781451128\n|move|p2a: Luxray|Wild Charge|p1a: Copperajah\n|-damage|p1a: Copperajah|17/350\n|-damage|p2a: Luxray|53/284|[from] Recoil\n|move|p1a: Copperajah|Iron Head|p2a: Luxray\n|-resisted|p2a: Luxray\n|-damage|p2a: Luxray|0 fnt\n|faint|p2a: Luxray\n|\n|upkeep\n|\n|t:|1781451138\n|switch|p2a: Moltres|Moltres-Galar, L79|271/271\n|turn|12\n|\n|t:|1781451143\n|move|p2a: Moltres|Fiery Wrath|p1a: Copperajah\n|-damage|p1a: Copperajah|0 fnt\n|faint|p1a: Copperajah\n|\n|upkeep\n|\n|t:|1781451148\n|switch|p1a: Ampharos|Ampharos, L88, M|198/302\n|turn|13\n|\n|t:|1781451158\n|-terastallize|p2a: Moltres|Steel\n|move|p2a: Moltres|Nasty Plot|p2a: Moltres\n|-boost|p2a: Moltres|spa|2\n|move|p1a: Ampharos|Discharge|p2a: Moltres\n|-damage|p2a: Moltres|180/271\n|\n|upkeep\n|turn|14\n|\n|t:|1781451166\n|move|p2a: Moltres|Fiery Wrath|p1a: Ampharos\n|-damage|p1a: Ampharos|92/302\n|move|p1a: Ampharos|Focus Blast|p2a: Moltres\n|-supereffective|p2a: Moltres\n|-damage|p2a: Moltres|0 fnt\n|faint|p2a: Moltres\n|\n|upkeep\n|\n|t:|1781451177\n|switch|p2a: Zebstrika|Zebstrika, L87, M|218/272\n|turn|15\n|\n|t:|1781451188\n|switch|p1a: Exeggutor|Exeggutor, L89, M|198/312\n|move|p2a: Zebstrika|High Horsepower|p1a: Exeggutor\n|-resisted|p1a: Exeggutor\n|-damage|p1a: Exeggutor|156/312\n|-enditem|p1a: Exeggutor|Sitrus Berry|[eat]\n|-heal|p1a: Exeggutor|234/312|[from] item: Sitrus Berry\n|-damage|p2a: Zebstrika|191/272|[from] item: Life Orb\n|\n|-item|p1a: Exeggutor|Sitrus Berry|[from] ability: Harvest\n|upkeep\n|turn|16\n|\n|t:|1781451197\n|switch|p1a: Ampharos|Ampharos, L88, M|92/302\n|move|p2a: Zebstrika|Overheat|p1a: Ampharos\n|-damage|p1a: Ampharos|21/302\n|-unboost|p2a: Zebstrika|spa|2\n|-damage|p2a: Zebstrika|164/272|[from] item: Life Orb\n|\n|upkeep\n|turn|17\n|\n|t:|1781451217\n|move|p2a: Zebstrika|Supercell Slam|p1a: Ampharos\n|-resisted|p1a: Ampharos\n|-damage|p1a: Ampharos|0 fnt\n|faint|p1a: Ampharos\n|-damage|p2a: Zebstrika|137/272|[from] item: Life Orb\n|\n|upkeep\n|\n|t:|1781451220\n|switch|p1a: Exeggutor|Exeggutor, L89, M|234/312\n|turn|18\n|\n|t:|1781451225\n|move|p2a: Zebstrika|Volt Switch|p1a: Exeggutor\n|-resisted|p1a: Exeggutor\n|-damage|p1a: Exeggutor|211/312\n|-damage|p2a: Zebstrika|110/272|[from] item: Life Orb\n|\n|t:|1781451227\n|switch|p2a: Volbeat|Volbeat, L90, M|198/263|[from] Volt Switch\n|move|p1a: Exeggutor|Substitute|p1a: Exeggutor\n|-start|p1a: Exeggutor|Substitute\n|-damage|p1a: Exeggutor|133/312\n|-enditem|p1a: Exeggutor|Sitrus Berry|[eat]\n|-heal|p1a: Exeggutor|211/312|[from] item: Sitrus Berry\n|\n|upkeep\n|turn|19\n|\n|t:|1781451242\n|switch|p1a: Toucannon|Toucannon, L88, F|284/284\n|move|p2a: Volbeat|Lunge|p1a: Toucannon\n|-resisted|p1a: Toucannon\n|-damage|p1a: Toucannon|237/284\n|-unboost|p1a: Toucannon|atk|1\n|\n|upkeep\n|turn|20\n|\n|t:|1781451255\n|switch|p2a: Fezandipiti|Fezandipiti, L82, M|278/278\n|move|p1a: Toucannon|Knock Off|p2a: Fezandipiti\n|-resisted|p2a: Fezandipiti\n|-damage|p2a: Fezandipiti|244/278\n|-enditem|p2a: Fezandipiti|Leftovers|[from] move: Knock Off|[of] p1a: Toucannon\n|\n|upkeep\n|turn|21\n|\n|t:|1781451264\n|-singleturn|p1a: Toucannon|move: Beak Blast\n|move|p2a: Fezandipiti|Gunk Shot|p1a: Toucannon\n|-damage|p1a: Toucannon|110/284\n|-status|p1a: Toucannon|tox|[from] ability: Toxic Chain|[of] p2a: Fezandipiti\n|move|p1a: Toucannon|Beak Blast|p2a: Fezandipiti\n|-damage|p2a: Fezandipiti|136/278\n|\n|-damage|p1a: Toucannon|93/284 tox|[from] psn\n|upkeep\n|turn|22\n|\n|t:|1781451273\n|move|p2a: Fezandipiti|Roost|p2a: Fezandipiti\n|-heal|p2a: Fezandipiti|275/278\n|-singleturn|p2a: Fezandipiti|move: Roost\n|move|p1a: Toucannon|Boomburst|p2a: Fezandipiti\n|-damage|p2a: Fezandipiti|163/278\n|\n|-damage|p1a: Toucannon|59/284 tox|[from] psn\n|upkeep\n|turn|23\n|\n|t:|1781451280\n|move|p2a: Fezandipiti|Roost|p2a: Fezandipiti\n|-heal|p2a: Fezandipiti|278/278\n|-singleturn|p2a: Fezandipiti|move: Roost\n|move|p1a: Toucannon|Boomburst|p2a: Fezandipiti\n|-damage|p2a: Fezandipiti|170/278\n|\n|-damage|p1a: Toucannon|8/284 tox|[from] psn\n|upkeep\n|turn|24\n|\n|t:|1781451289\n|move|p2a: Fezandipiti|Moonblast|p1a: Toucannon\n|-damage|p1a: Toucannon|0 fnt\n|faint|p1a: Toucannon\n|\n|upkeep\n|\n|t:|1781451293\n|switch|p1a: Dodrio|Dodrio, L85, F|241/241\n|turn|25\n|\n|t:|1781451318\n|move|p1a: Dodrio|Swords Dance|p1a: Dodrio\n|-boost|p1a: Dodrio|atk|2\n|move|p2a: Fezandipiti|Gunk Shot|p1a: Dodrio\n|-damage|p1a: Dodrio|96/241\n|\n|upkeep\n|turn|26\n|\n|t:|1781451327\n|move|p1a: Dodrio|Double-Edge|p2a: Fezandipiti\n|-damage|p2a: Fezandipiti|0 fnt\n|faint|p2a: Fezandipiti\n|-damage|p1a: Dodrio|40/241|[from] Recoil\n|\n|upkeep\n|\n|t:|1781451329\n|switch|p2a: Ditto|Ditto, L87|225/225\n|-transform|p2a: Ditto|p1a: Dodrio|[from] ability: Imposter\n|turn|27\n|\n|t:|1781451338\n|move|p2a: Ditto|Double-Edge|p1a: Dodrio\n|-damage|p1a: Dodrio|0 fnt\n|faint|p1a: Dodrio\n|-damage|p2a: Ditto|212/225|[from] Recoil\n|\n|upkeep\n|\n|t:|1781451342\n|switch|p1a: Exeggutor|Exeggutor, L89, M|211/312\n|turn|28\n|\n|t:|1781451350\n|-terastallize|p1a: Exeggutor|Steel\n|move|p2a: Ditto|Double-Edge|p1a: Exeggutor\n|-resisted|p1a: Exeggutor\n|-damage|p1a: Exeggutor|73/312\n|-damage|p2a: Ditto|166/225|[from] Recoil\n|move|p1a: Exeggutor|Calm Mind|p1a: Exeggutor\n|-boost|p1a: Exeggutor|spa|1\n|-boost|p1a: Exeggutor|spd|1\n|\n|upkeep\n|turn|29\n|\n|t:|1781451355\n|move|p2a: Ditto|Double-Edge|p1a: Exeggutor\n|-resisted|p1a: Exeggutor\n|-damage|p1a: Exeggutor|0 fnt\n|faint|p1a: Exeggutor\n|-damage|p2a: Ditto|142/225|[from] Recoil\n|\n|win|Diamondscyther\n", "inputlog": ">version a8376a258c1d4662feba110a92103f3664a72141\n>start {\"formatid\":\"gen9randombattle\",\"seed\":\"sodium,aa22917dd8302d8613db36166baa11d6\",\"rated\":\"Rated battle\"}\n>player p1 {\"name\":\"joebidenfan1245\",\"avatar\":\"265\",\"rating\":1950,\"seed\":\"sodium,f4b2b490a0ef1a1d1844c690be458de7\"}\n>player p2 {\"name\":\"Diamondscyther\",\"avatar\":\"larry\",\"rating\":1903,\"seed\":\"sodium,2f16875a4a6bc5adacfb5a2744f8c32e\"}\n>p1 move voltswitch\n>p2 move playrough\n>p1 switch 5\n>p1 move substitute\n>p2 move throatchop\n>p1 move gigadrain\n>p2 move throatchop\n>p1 switch 6\n>p2 move voltswitch\n>p2 switch 3\n>p1 move stompingtantrum\n>p2 move highhorsepower\n>p1 switch 3\n>p1 move earthquake\n>p2 move voltswitch\n>p2 switch 6\n>p1 switch 2\n>p2 move encore\n>p1 move beakblast\n>p2 switch 3\n>p1 switch 5\n>p2 move voltswitch\n>p2 switch 2\n>p1 move voltswitch\n>p2 switch 2\n>p1 switch 2\n>p1 move ironhead\n>p2 move wildcharge\n>p2 switch 5\n>p1 move playrough\n>p2 move fierywrath\n>p1 switch 2\n>p1 move discharge\n>p2 move nastyplot terastallize\n>p1 move focusblast\n>p2 move fierywrath\n>p2 switch 6\n>p1 switch 6\n>p2 move highhorsepower\n>p1 switch 6\n>p2 move overheat\n>p1 move discharge\n>p2 move supercellslam\n>p1 switch 6\n>p1 move substitute\n>p2 move voltswitch\n>p2 switch 3\n>p1 switch 5\n>p2 move lunge\n>p1 move knockoff\n>p2 switch 2\n>p1 move beakblast\n>p2 move gunkshot\n>p1 move boomburst\n>p2 move roost\n>p1 move boomburst\n>p2 move roost\n>p1 move boomburst\n>p2 move moonblast\n>p1 switch 4\n>p1 move swordsdance\n>p2 move gunkshot\n>p1 move doubleedge\n>p2 move moonblast\n>p2 switch 4\n>p1 move doubleedge\n>p2 move doubleedge\n>p1 switch 5\n>p1 move calmmind terastallize\n>p2 move doubleedge\n>p1 move gigadrain\n>p2 move doubleedge", "uploadtime": 1781450938, "views": 5, "formatid": "gen9randombattle", "rating": null, "private": 0, "password": null}