{"id": "gen9randombattle-2631793924", "format": "[Gen 9] Random Battle", "players": ["happy battler", "Osranedupsko"], "log": "|j|\u2606happy battler\n|j|\u2606Osranedupsko\n|t:|1781440604\n|gametype|singles\n|player|p1|happy battler|2|2102\n|player|p2|Osranedupsko|janitor|2097\n|gen|9\n|tier|[Gen 9] Random Battle\n|rated|\n|rule|Species Clause: Limit one of each Pok\u00e9mon\n|rule|HP Percentage Mod: HP is shown in percentages\n|rule|Sleep Clause Mod: Limit one foe put to sleep\n|rule|Illusion Level Mod: Illusion disguises the Pok\u00e9mon's true level\n|\n|t:|1781440604\n|teamsize|p1|6\n|teamsize|p2|6\n|start\n|switch|p1a: Wyrdeer|Wyrdeer, L87, F|321/321\n|switch|p2a: Quaquaval|Quaquaval, L79, M|264/264\n|-ability|p1a: Wyrdeer|Intimidate|boost\n|-unboost|p2a: Quaquaval|atk|1\n|turn|1\n|inactive|Battle timer is ON: inactive players will automatically lose when time's up. (requested by Osranedupsko)\n|\n|t:|1781440614\n|move|p2a: Quaquaval|U-turn|p1a: Wyrdeer\n|-supereffective|p1a: Wyrdeer\n|-damage|p1a: Wyrdeer|213/321\n|\n|t:|1781440622\n|switch|p2a: Granbull|Granbull, L88, F|302/302|[from] U-turn\n|-ability|p2a: Granbull|Intimidate|boost\n|-unboost|p1a: Wyrdeer|atk|1\n|move|p1a: Wyrdeer|Body Slam|p2a: Granbull\n|-damage|p2a: Granbull|223/302\n|\n|-heal|p1a: Wyrdeer|233/321|[from] item: Leftovers\n|-heal|p2a: Granbull|241/302|[from] item: Leftovers\n|upkeep\n|turn|2\n|\n|t:|1781440651\n|move|p1a: Wyrdeer|Psychic Noise|p2a: Granbull\n|-damage|p2a: Granbull|126/302\n|-start|p2a: Granbull|move: Heal Block\n|move|p2a: Granbull|Thunder Wave|p1a: Wyrdeer|[miss]\n|-miss|p2a: Granbull|p1a: Wyrdeer\n|\n|-heal|p1a: Wyrdeer|253/321|[from] item: Leftovers\n|upkeep\n|turn|3\n|\n|t:|1781440665\n|move|p1a: Wyrdeer|Psychic Noise|p2a: Granbull\n|-damage|p2a: Granbull|23/302\n|move|p2a: Granbull|Thunder Wave|p1a: Wyrdeer\n|-status|p1a: Wyrdeer|par\n|\n|-heal|p1a: Wyrdeer|273/321 par|[from] item: Leftovers\n|-end|p2a: Granbull|move: Heal Block\n|upkeep\n|turn|4\n|inactive|happy battler has 120 seconds left.\n|\n|t:|1781440682\n|move|p2a: Granbull|Play Rough|p1a: Wyrdeer\n|-damage|p1a: Wyrdeer|143/321 par\n|move|p1a: Wyrdeer|Psychic Noise|p2a: Granbull\n|-damage|p2a: Granbull|0 fnt\n|faint|p2a: Granbull\n|\n|-heal|p1a: Wyrdeer|163/321 par|[from] item: Leftovers\n|upkeep\n|\n|t:|1781440688\n|switch|p2a: Iron Jugulis|Iron Jugulis, L77|271/271\n|turn|5\n|\n|t:|1781440693\n|switch|p1a: Dragalge|Dragalge, L88, F|258/258\n|move|p2a: Iron Jugulis|Dark Pulse|p1a: Dragalge\n|-damage|p1a: Dragalge|200/258\n|\n|-heal|p1a: Dragalge|216/258|[from] item: Leftovers\n|upkeep\n|turn|6\n|\n|t:|1781440703\n|-end|p2a: Iron Jugulis|Quark Drive|[silent]\n|switch|p2a: Cryogonal|Cryogonal, L89|287/287\n|move|p1a: Dragalge|Toxic Spikes|p2a: Cryogonal\n|-sidestart|p2: Osranedupsko|move: Toxic Spikes\n|\n|-heal|p1a: Dragalge|232/258|[from] item: Leftovers\n|upkeep\n|turn|7\n|\n|t:|1781440714\n|switch|p1a: Wyrdeer|Wyrdeer, L87, F|163/321 par\n|-ability|p1a: Wyrdeer|Intimidate|boost\n|-unboost|p2a: Cryogonal|atk|1\n|move|p2a: Cryogonal|Ice Beam|p1a: Wyrdeer\n|-damage|p1a: Wyrdeer|54/321 par\n|\n|-heal|p1a: Wyrdeer|74/321 par|[from] item: Leftovers\n|upkeep\n|turn|8\n|\n|t:|1781440729\n|move|p2a: Cryogonal|Ice Beam|p1a: Wyrdeer\n|-damage|p1a: Wyrdeer|0 fnt\n|faint|p1a: Wyrdeer\n|\n|upkeep\n|\n|t:|1781440735\n|switch|p1a: Electivire|Electivire, L84, M|263/263\n|turn|9\n|\n|t:|1781440747\n|move|p2a: Cryogonal|Ice Beam|p1a: Electivire\n|-damage|p1a: Electivire|148/263\n|move|p1a: Electivire|Supercell Slam|p2a: Cryogonal\n|-damage|p2a: Cryogonal|41/287\n|-damage|p1a: Electivire|122/263|[from] item: Life Orb\n|\n|upkeep\n|turn|10\n|\n|t:|1781440756\n|switch|p2a: Vileplume|Vileplume, L85, F|266/266\n|-sideend|p2: Osranedupsko|move: Toxic Spikes|[of] p2a: Vileplume\n|move|p1a: Electivire|Supercell Slam|p2a: Vileplume\n|-resisted|p2a: Vileplume\n|-damage|p2a: Vileplume|184/266\n|-damage|p1a: Electivire|96/263|[from] item: Life Orb\n|\n|-heal|p2a: Vileplume|200/266|[from] item: Leftovers\n|upkeep\n|turn|11\n|\n|t:|1781440762\n|switch|p1a: Dragalge|Dragalge, L88, F|232/258\n|move|p2a: Vileplume|Strength Sap|p1a: Dragalge\n|-unboost|p1a: Dragalge|atk|1\n|-heal|p2a: Vileplume|266/266\n|\n|-heal|p1a: Dragalge|248/258|[from] item: Leftovers\n|upkeep\n|turn|12\n|\n|t:|1781440768\n|move|p2a: Vileplume|Leech Seed|p1a: Dragalge\n|-start|p1a: Dragalge|move: Leech Seed\n|move|p1a: Dragalge|Sludge Wave|p2a: Vileplume\n|-damage|p2a: Vileplume|118/266\n|\n|-heal|p2a: Vileplume|134/266|[from] item: Leftovers\n|-heal|p1a: Dragalge|258/258|[from] item: Leftovers\n|-damage|p1a: Dragalge|226/258|[from] Leech Seed|[of] p2a: Vileplume\n|-heal|p2a: Vileplume|166/266|[silent]\n|upkeep\n|turn|13\n|\n|t:|1781440777\n|move|p2a: Vileplume|Strength Sap|p1a: Dragalge\n|-unboost|p1a: Dragalge|atk|1\n|-heal|p2a: Vileplume|257/266\n|move|p1a: Dragalge|Draco Meteor|p2a: Vileplume\n|-damage|p2a: Vileplume|57/266\n|-unboost|p1a: Dragalge|spa|2\n|\n|-heal|p2a: Vileplume|73/266|[from] item: Leftovers\n|-heal|p1a: Dragalge|242/258|[from] item: Leftovers\n|-damage|p1a: Dragalge|210/258|[from] Leech Seed|[of] p2a: Vileplume\n|-heal|p2a: Vileplume|105/266|[silent]\n|upkeep\n|turn|14\n|\n|t:|1781440784\n|switch|p1a: Delibird|Delibird, F|252/252\n|move|p2a: Vileplume|Strength Sap|p1a: Delibird\n|-unboost|p1a: Delibird|atk|1\n|-heal|p2a: Vileplume|266/266\n|\n|upkeep\n|turn|15\n|\n|t:|1781440795\n|switch|p2a: Cryogonal|Cryogonal, L89|41/287\n|move|p1a: Delibird|Freeze-Dry|p2a: Cryogonal\n|-resisted|p2a: Cryogonal\n|-damage|p2a: Cryogonal|16/287\n|\n|upkeep\n|turn|16\n|\n|t:|1781440805\n|move|p2a: Cryogonal|Recover|p2a: Cryogonal\n|-heal|p2a: Cryogonal|160/287\n|move|p1a: Delibird|Brave Bird|p2a: Cryogonal\n|-damage|p2a: Cryogonal|55/287\n|-damage|p1a: Delibird|217/252|[from] Recoil\n|\n|upkeep\n|turn|17\n|\n|t:|1781440816\n|switch|p1a: Kricketune|Kricketune, L99, M|312/312\n|move|p2a: Cryogonal|Recover|p2a: Cryogonal\n|-heal|p2a: Cryogonal|199/287\n|\n|upkeep\n|turn|18\n|\n|t:|1781440821\n|move|p2a: Cryogonal|Ice Beam|p1a: Kricketune\n|-damage|p1a: Kricketune|182/312\n|-status|p1a: Kricketune|frz\n|cant|p1a: Kricketune|frz\n|\n|upkeep\n|turn|19\n|\n|t:|1781440824\n|move|p2a: Cryogonal|Ice Beam|p1a: Kricketune\n|-damage|p1a: Kricketune|61/312 frz\n|cant|p1a: Kricketune|frz\n|\n|upkeep\n|turn|20\n|\n|t:|1781440828\n|move|p2a: Cryogonal|Ice Beam|p1a: Kricketune\n|-damage|p1a: Kricketune|0 fnt\n|faint|p1a: Kricketune\n|\n|upkeep\n|\n|t:|1781440834\n|switch|p1a: Delibird|Delibird, F|217/252\n|turn|21\n|\n|t:|1781440837\n|move|p2a: Cryogonal|Ice Beam|p1a: Delibird\n|-damage|p1a: Delibird|66/252\n|move|p1a: Delibird|Brave Bird|p2a: Cryogonal\n|-damage|p2a: Cryogonal|31/287\n|-damage|p1a: Delibird|11/252|[from] Recoil\n|\n|upkeep\n|turn|22\n|\n|t:|1781440841\n|move|p2a: Cryogonal|Recover|p2a: Cryogonal\n|-heal|p2a: Cryogonal|175/287\n|move|p1a: Delibird|Brave Bird|p2a: Cryogonal\n|-damage|p2a: Cryogonal|6/287\n|-damage|p1a: Delibird|0 fnt|[from] Recoil\n|faint|p1a: Delibird\n|\n|upkeep\n|\n|t:|1781440845\n|switch|p1a: Dragalge|Dragalge, L88, F|210/258\n|turn|23\n|\n|t:|1781440856\n|move|p2a: Cryogonal|Ice Beam|p1a: Dragalge\n|-supereffective|p1a: Dragalge\n|-damage|p1a: Dragalge|48/258\n|move|p1a: Dragalge|Focus Blast|p2a: Cryogonal\n|-supereffective|p2a: Cryogonal\n|-damage|p2a: Cryogonal|0 fnt\n|faint|p2a: Cryogonal\n|\n|-heal|p1a: Dragalge|64/258|[from] item: Leftovers\n|upkeep\n|inactive|Osranedupsko has 120 seconds left.\n|\n|t:|1781440890\n|switch|p2a: Quaquaval|Quaquaval, L79, M|264/264\n|turn|24\n|\n|t:|1781440897\n|move|p2a: Quaquaval|Triple Axel|p1a: Dragalge\n|-supereffective|p1a: Dragalge\n|-crit|p1a: Dragalge\n|-damage|p1a: Dragalge|2/258\n|-supereffective|p1a: Dragalge\n|-damage|p1a: Dragalge|0 fnt\n|faint|p1a: Dragalge\n|-ability|p2a: Quaquaval|Moxie|boost\n|-boost|p2a: Quaquaval|atk|1\n|-hitcount|p1: Dragalge|2\n|\n|upkeep\n|\n|t:|1781440910\n|switch|p1a: Sinistcha|Sinistcha, L83|254/254\n|turn|25\n|\n|t:|1781440916\n|-terastallize|p1a: Sinistcha|Steel\n|move|p2a: Quaquaval|Triple Axel|p1a: Sinistcha\n|-resisted|p1a: Sinistcha\n|-damage|p1a: Sinistcha|239/254\n|-resisted|p1a: Sinistcha\n|-damage|p1a: Sinistcha|211/254\n|-resisted|p1a: Sinistcha\n|-damage|p1a: Sinistcha|165/254\n|-hitcount|p1a: Sinistcha|3\n|move|p1a: Sinistcha|Matcha Gotcha|p2a: Quaquaval|[miss]\n|-miss|p1a: Sinistcha|p2a: Quaquaval\n|\n|-heal|p1a: Sinistcha|180/254|[from] item: Leftovers\n|upkeep\n|turn|26\n|c|\u2606happy battler|lol cmon\n|l|\u2606happy battler\n|inactive|happy battler disconnected and has a minute to reconnect!\n|player|p1|\n|inactive|happy battler has 30 seconds to reconnect!\n|inactive|happy battler has 20 seconds to reconnect!\n|inactive|happy battler has 15 seconds to reconnect!\n|inactive|happy battler has 10 seconds to reconnect!\n|inactive|happy battler has 5 seconds to reconnect!\n|-message|happy battler lost due to inactivity.\n|\n|win|Osranedupsko\n", "inputlog": ">version a8376a258c1d4662feba110a92103f3664a72141\n>start {\"formatid\":\"gen9randombattle\",\"seed\":\"sodium,f97b4f2f20b12cbd28ecda0220db1a7d\",\"rated\":\"Rated battle\"}\n>player p1 {\"name\":\"happy battler\",\"avatar\":\"2\",\"rating\":2102,\"seed\":\"sodium,e7ee851c27b1d3cbc710653e1bcf092b\"}\n>player p2 {\"name\":\"Osranedupsko\",\"avatar\":\"janitor\",\"rating\":2097,\"seed\":\"sodium,bbb9d8c7380c98b91b8afea443228200\"}\n>p1 move bodyslam\n>p2 move uturn\n>p2 switch 4\n>p1 move psychicnoise\n>p2 move thunderwave\n>p1 move psychicnoise\n>p2 move thunderwave\n>p1 move psychicnoise\n>p2 move playrough\n>p2 switch 5\n>p1 switch 3\n>p2 move darkpulse\n>p1 move toxicspikes\n>p2 switch 6\n>p1 switch 3\n>p2 move icebeam\n>p1 move bodyslam\n>p2 move icebeam\n>p1 switch 6\n>p1 move supercellslam\n>p2 move icebeam\n>p1 move supercellslam\n>p2 switch 2\n>p1 switch 3\n>p2 move strengthsap\n>p1 move sludgewave\n>p2 move leechseed\n>p1 move dracometeor\n>p2 move strengthsap\n>p1 switch 5\n>p2 move strengthsap\n>p1 move freezedry\n>p2 switch 2\n>p1 move bravebird\n>p2 move recover\n>p1 switch 4\n>p2 move recover\n>p1 move pounce\n>p2 move icebeam\n>p1 move pounce\n>p2 move icebeam\n>p1 move pounce\n>p2 move icebeam\n>p1 switch 4\n>p1 move bravebird\n>p2 move icebeam\n>p1 move bravebird\n>p2 move recover\n>p1 switch 5\n>p1 move focusblast\n>p2 move icebeam\n>p2 switch 4\n>p1 move dracometeor\n>p2 move tripleaxel\n>p1 switch 2\n>p1 move matchagotcha terastallize\n>p2 move tripleaxel\n>chat \u2606happy battler|lol cmon\n>forcelose p1", "uploadtime": 1781440607, "views": 4, "formatid": "gen9randombattle", "rating": null, "private": 0, "password": null}