{"id": "gen9randombattle-2631497272", "format": "[Gen 9] Random Battle", "players": ["Droddrod", "velvet"], "log": "|j|\u2606Droddrod\n|j|\u2606velvet\n|t:|1781392561\n|gametype|singles\n|player|p1|Droddrod|cyrus|2050\n|player|p2|velvet|#agwliiikyogres|2129\n|gen|9\n|tier|[Gen 9] Random Battle\n|rated|\n|rule|Species Clause: Limit one of each Pok\u00e9mon\n|rule|HP Percentage Mod: HP is shown in percentages\n|rule|Sleep Clause Mod: Limit one foe put to sleep\n|rule|Illusion Level Mod: Illusion disguises the Pok\u00e9mon's true level\n|\n|t:|1781392561\n|teamsize|p1|6\n|teamsize|p2|6\n|start\n|switch|p1a: Solgaleo|Solgaleo, L74|325/325\n|switch|p2a: Sneasler|Sneasler, L74, F|240/240\n|turn|1\n|\n|t:|1781392564\n|move|p2a: Sneasler|U-turn|p1a: Solgaleo\n|-damage|p1a: Solgaleo|258/325\n|-damage|p2a: Sneasler|200/240|[from] item: Rocky Helmet|[of] p1a: Solgaleo\n|\n|t:|1781392569\n|switch|p2a: Hydrapple|Hydrapple, L83, F|312/312|[from] U-turn\n|move|p1a: Solgaleo|Psychic Fangs|p2a: Hydrapple\n|-damage|p2a: Hydrapple|225/312\n|\n|upkeep\n|turn|2\n|\n|t:|1781392574\n|switch|p1a: Swanna|Swanna, L89, F|278/278\n|move|p2a: Hydrapple|Earth Power|p1a: Swanna\n|-immune|p1a: Swanna\n|\n|upkeep\n|turn|3\n|\n|t:|1781392579\n|switch|p2a: Bellibolt|Bellibolt, L84, F|320/320\n|move|p1a: Swanna|Brave Bird|p2a: Bellibolt\n|-resisted|p2a: Bellibolt\n|-damage|p2a: Bellibolt|261/320\n|-start|p2a: Bellibolt|Charge|Brave Bird|[from] ability: Electromorphosis\n|-damage|p1a: Swanna|259/278|[from] Recoil\n|\n|-heal|p2a: Bellibolt|281/320|[from] item: Leftovers\n|upkeep\n|turn|4\n|\n|t:|1781392584\n|switch|p1a: Kommo-o|Kommo-o, L78, M|245/245\n|move|p2a: Bellibolt|Volt Switch|p1a: Kommo-o\n|-resisted|p1a: Kommo-o\n|-damage|p1a: Kommo-o|179/245\n|-end|p2a: Bellibolt|Charge|[silent]\n|inactive|Battle timer is ON: inactive players will automatically lose when time's up. (requested by velvet)\n|\n|t:|1781392594\n|switch|p2a: Clawitzer|Clawitzer, L87, M|265/265|[from] Volt Switch\n|\n|upkeep\n|turn|5\n|\n|t:|1781392601\n|switch|p1a: Granbull|Granbull, L88, F|302/302\n|-ability|p1a: Granbull|Intimidate|boost\n|-unboost|p2a: Clawitzer|atk|1\n|move|p2a: Clawitzer|Aura Sphere|p1a: Granbull\n|-resisted|p1a: Granbull\n|-damage|p1a: Granbull|196/302\n|\n|-heal|p1a: Granbull|214/302|[from] item: Leftovers\n|upkeep\n|turn|6\n|\n|t:|1781392609\n|switch|p2a: Bellibolt|Bellibolt, L84, F|281/320\n|move|p1a: Granbull|Thunder Wave|p2a: Bellibolt\n|-immune|p2a: Bellibolt\n|\n|-heal|p1a: Granbull|232/302|[from] item: Leftovers\n|-heal|p2a: Bellibolt|301/320|[from] item: Leftovers\n|upkeep\n|turn|7\n|\n|t:|1781392614\n|move|p1a: Granbull|Earthquake|p2a: Bellibolt\n|-supereffective|p2a: Bellibolt\n|-damage|p2a: Bellibolt|105/320\n|-start|p2a: Bellibolt|Charge|Earthquake|[from] ability: Electromorphosis\n|move|p2a: Bellibolt|Volt Switch|p1a: Granbull\n|-damage|p1a: Granbull|27/302\n|-end|p2a: Bellibolt|Charge|[silent]\n|\n|t:|1781392619\n|switch|p2a: Clawitzer|Clawitzer, L87, M|265/265|[from] Volt Switch\n|\n|-heal|p1a: Granbull|45/302|[from] item: Leftovers\n|upkeep\n|turn|8\n|\n|t:|1781392622\n|move|p2a: Clawitzer|Water Pulse|p1a: Granbull\n|-damage|p1a: Granbull|0 fnt\n|faint|p1a: Granbull\n|\n|upkeep\n|\n|t:|1781392627\n|switch|p1a: Mesprit|Mesprit, L85|275/275\n|turn|9\n|\n|t:|1781392634\n|move|p1a: Mesprit|Thunder Wave|p2a: Clawitzer|[miss]\n|-miss|p1a: Mesprit|p2a: Clawitzer\n|move|p2a: Clawitzer|Water Pulse|p1a: Mesprit\n|-damage|p1a: Mesprit|116/275\n|\n|-heal|p1a: Mesprit|133/275|[from] item: Leftovers\n|upkeep\n|turn|10\n|\n|t:|1781392640\n|move|p1a: Mesprit|Thunder Wave|p2a: Clawitzer\n|-status|p2a: Clawitzer|par\n|move|p2a: Clawitzer|Water Pulse|p1a: Mesprit\n|-damage|p1a: Mesprit|0 fnt\n|faint|p1a: Mesprit\n|\n|upkeep\n|\n|t:|1781392643\n|switch|p1a: Kommo-o|Kommo-o, L78, M|179/245\n|turn|11\n|\n|t:|1781392648\n|move|p1a: Kommo-o|Clangorous Soul|p1a: Kommo-o\n|-boost|p1a: Kommo-o|atk|1\n|-boost|p1a: Kommo-o|def|1\n|-boost|p1a: Kommo-o|spa|1\n|-boost|p1a: Kommo-o|spd|1\n|-boost|p1a: Kommo-o|spe|1\n|-damage|p1a: Kommo-o|99/245\n|-enditem|p1a: Kommo-o|Throat Spray\n|-boost|p1a: Kommo-o|spa|1|[from] item: Throat Spray\n|cant|p2a: Clawitzer|par\n|\n|upkeep\n|turn|12\n|\n|t:|1781392651\n|move|p1a: Kommo-o|Clanging Scales|p2a: Clawitzer\n|-damage|p2a: Clawitzer|73/265 par\n|-unboost|p1a: Kommo-o|def|1\n|cant|p2a: Clawitzer|par\n|\n|upkeep\n|turn|13\n|\n|t:|1781392654\n|move|p1a: Kommo-o|Drain Punch|p2a: Clawitzer\n|-crit|p2a: Clawitzer\n|-damage|p2a: Clawitzer|0 fnt\n|-heal|p1a: Kommo-o|136/245|[from] drain|[of] p2a: Clawitzer\n|faint|p2a: Clawitzer\n|\n|upkeep\n|\n|t:|1781392656\n|switch|p2a: Girafarig|Girafarig, L89, M|269/269\n|turn|14\n|\n|t:|1781392662\n|-terastallize|p1a: Kommo-o|Steel\n|move|p1a: Kommo-o|Drain Punch|p2a: Girafarig\n|-damage|p2a: Girafarig|185/269\n|-heal|p1a: Kommo-o|178/245|[from] drain|[of] p2a: Girafarig\n|move|p2a: Girafarig|Psyshock|p1a: Kommo-o\n|-resisted|p1a: Kommo-o\n|-damage|p1a: Kommo-o|141/245\n|\n|upkeep\n|turn|15\n|\n|t:|1781392672\n|move|p1a: Kommo-o|Clanging Scales|p2a: Girafarig\n|-damage|p2a: Girafarig|7/269\n|-unboost|p1a: Kommo-o|def|1\n|move|p2a: Girafarig|Thunderbolt|p1a: Kommo-o\n|-damage|p1a: Kommo-o|98/245\n|\n|upkeep\n|turn|16\n|\n|t:|1781392677\n|move|p1a: Kommo-o|Drain Punch|p2a: Girafarig\n|-damage|p2a: Girafarig|0 fnt\n|-heal|p1a: Kommo-o|102/245|[from] drain|[of] p2a: Girafarig\n|faint|p2a: Girafarig\n|\n|upkeep\n|\n|t:|1781392680\n|switch|p2a: Hydrapple|Hydrapple, L83, F|312/312\n|turn|17\n|\n|t:|1781392691\n|move|p1a: Kommo-o|Iron Head|p2a: Hydrapple\n|-damage|p2a: Hydrapple|215/312\n|move|p2a: Hydrapple|Earth Power|p1a: Kommo-o\n|-supereffective|p1a: Kommo-o\n|-damage|p1a: Kommo-o|0 fnt\n|faint|p1a: Kommo-o\n|\n|upkeep\n|\n|t:|1781392695\n|switch|p1a: Swanna|Swanna, L89, F|259/278\n|turn|18\n|\n|t:|1781392724\n|switch|p2a: Houndoom|Houndoom, L87, F|272/272\n|move|p1a: Swanna|Brave Bird|p2a: Houndoom\n|-damage|p2a: Houndoom|70/272\n|-damage|p1a: Swanna|192/278|[from] Recoil\n|\n|upkeep\n|turn|19\n|\n|t:|1781392729\n|move|p2a: Houndoom|Sucker Punch|p1a: Swanna\n|-damage|p1a: Swanna|108/278\n|move|p1a: Swanna|Brave Bird|p2a: Houndoom\n|-damage|p2a: Houndoom|0 fnt\n|faint|p2a: Houndoom\n|-damage|p1a: Swanna|85/278|[from] Recoil\n|\n|upkeep\n|\n|t:|1781392732\n|switch|p2a: Bellibolt|Bellibolt, L84, F|105/320\n|turn|20\n|\n|t:|1781392736\n|switch|p2a: Hydrapple|Hydrapple, L83, F|312/312\n|move|p1a: Swanna|Hydro Pump|p2a: Hydrapple\n|-resisted|p2a: Hydrapple\n|-damage|p2a: Hydrapple|281/312\n|\n|upkeep\n|turn|21\n|\n|t:|1781392742\n|move|p1a: Swanna|Brave Bird|p2a: Hydrapple\n|-supereffective|p2a: Hydrapple\n|-damage|p2a: Hydrapple|57/312\n|-damage|p1a: Swanna|11/278|[from] Recoil\n|move|p2a: Hydrapple|Fickle Beam|p1a: Swanna|[anim] Fickle Beam All Out\n|-activate|p2a: Hydrapple|move: Fickle Beam\n|-damage|p1a: Swanna|0 fnt\n|faint|p1a: Swanna\n|\n|upkeep\n|\n|t:|1781392745\n|switch|p1a: Solgaleo|Solgaleo, L74|258/325\n|turn|22\n|\n|t:|1781392749\n|move|p1a: Solgaleo|Sunsteel Strike|p2a: Hydrapple\n|-damage|p2a: Hydrapple|0 fnt\n|faint|p2a: Hydrapple\n|\n|upkeep\n|\n|t:|1781392750\n|switch|p2a: Bellibolt|Bellibolt, L84, F|105/320\n|turn|23\n|\n|t:|1781392752\n|-terastallize|p2a: Bellibolt|Water\n|move|p1a: Solgaleo|Earthquake|p2a: Bellibolt\n|-damage|p2a: Bellibolt|37/320\n|-start|p2a: Bellibolt|Charge|Earthquake|[from] ability: Electromorphosis\n|move|p2a: Bellibolt|Slack Off|p2a: Bellibolt\n|-heal|p2a: Bellibolt|197/320\n|\n|-heal|p2a: Bellibolt|217/320|[from] item: Leftovers\n|upkeep\n|turn|24\n|\n|t:|1781392760\n|move|p1a: Solgaleo|Psychic Fangs|p2a: Bellibolt\n|-damage|p2a: Bellibolt|129/320\n|-start|p2a: Bellibolt|Charge|Psychic Fangs|[from] ability: Electromorphosis\n|move|p2a: Bellibolt|Slack Off|p2a: Bellibolt\n|-heal|p2a: Bellibolt|289/320\n|\n|-heal|p2a: Bellibolt|309/320|[from] item: Leftovers\n|upkeep\n|turn|25\n|\n|t:|1781392772\n|move|p1a: Solgaleo|Psychic Fangs|p2a: Bellibolt\n|-damage|p2a: Bellibolt|221/320\n|-start|p2a: Bellibolt|Charge|Psychic Fangs|[from] ability: Electromorphosis\n|move|p2a: Bellibolt|Thunderbolt|p1a: Solgaleo\n|-damage|p1a: Solgaleo|42/325\n|-end|p2a: Bellibolt|Charge|[silent]\n|\n|-heal|p2a: Bellibolt|241/320|[from] item: Leftovers\n|upkeep\n|turn|26\n|\n|t:|1781392779\n|move|p1a: Solgaleo|Morning Sun|p1a: Solgaleo\n|-heal|p1a: Solgaleo|204/325\n|move|p2a: Bellibolt|Slack Off|p2a: Bellibolt\n|-heal|p2a: Bellibolt|320/320\n|\n|upkeep\n|turn|27\n|\n|t:|1781392789\n|move|p1a: Solgaleo|Morning Sun|p1a: Solgaleo\n|-heal|p1a: Solgaleo|325/325\n|move|p2a: Bellibolt|Thunderbolt|p1a: Solgaleo\n|-damage|p1a: Solgaleo|213/325\n|\n|upkeep\n|turn|28\n|\n|t:|1781392796\n|move|p1a: Solgaleo|Psychic Fangs|p2a: Bellibolt\n|-damage|p2a: Bellibolt|235/320\n|-start|p2a: Bellibolt|Charge|Psychic Fangs|[from] ability: Electromorphosis\n|move|p2a: Bellibolt|Thunderbolt|p1a: Solgaleo\n|-damage|p1a: Solgaleo|0 fnt\n|faint|p1a: Solgaleo\n|-end|p2a: Bellibolt|Charge|[silent]\n|\n|-heal|p2a: Bellibolt|255/320|[from] item: Leftovers\n|upkeep\n|\n|t:|1781392801\n|switch|p1a: Talonflame|Talonflame, L83, M|265/265\n|turn|29\n|\n|t:|1781392812\n|move|p1a: Talonflame|Brave Bird|p2a: Bellibolt\n|-damage|p2a: Bellibolt|143/320\n|-start|p2a: Bellibolt|Charge|Brave Bird|[from] ability: Electromorphosis\n|-damage|p1a: Talonflame|228/265|[from] Recoil\n|move|p2a: Bellibolt|Thunderbolt|p1a: Talonflame\n|-supereffective|p1a: Talonflame\n|-damage|p1a: Talonflame|0 fnt\n|faint|p1a: Talonflame\n|-end|p2a: Bellibolt|Charge|[silent]\n|\n|win|velvet\n", "inputlog": ">version a8376a258c1d4662feba110a92103f3664a72141\n>start {\"formatid\":\"gen9randombattle\",\"seed\":\"sodium,ef7b2f3f5cd8e4db24296bc2a7468e16\",\"rated\":\"Rated battle\"}\n>player p1 {\"name\":\"Droddrod\",\"avatar\":\"cyrus\",\"rating\":2050,\"seed\":\"sodium,190108d09864a9a64e45491649170e67\"}\n>player p2 {\"name\":\"velvet\",\"avatar\":\"#agwliiikyogres\",\"rating\":2129,\"seed\":\"sodium,503cb59435750f458956fabf76808e06\"}\n>p1 move psychicfangs\n>p2 move uturn\n>p2 switch 2\n>p1 switch 6\n>p2 move earthpower\n>p1 move bravebird\n>p2 switch 4\n>p1 switch 5\n>p2 move voltswitch\n>p2 switch 6\n>p1 switch 2\n>p2 move aurasphere\n>p1 move thunderwave\n>p2 switch 6\n>p1 move earthquake\n>p2 move voltswitch\n>p2 switch 6\n>p1 move thunderwave\n>p2 move waterpulse\n>p1 switch 3\n>p1 move thunderwave\n>p2 move waterpulse\n>p1 move thunderwave\n>p2 move waterpulse\n>p1 switch 2\n>p1 move clangoroussoul\n>p2 move waterpulse\n>p1 move clangingscales\n>p2 move waterpulse\n>p1 move drainpunch\n>p2 move waterpulse\n>p2 switch 3\n>p1 move drainpunch terastallize\n>p2 move psyshock\n>p1 move clangingscales\n>p2 move thunderbolt\n>p1 move drainpunch\n>p2 move thunderbolt\n>p2 switch 4\n>p1 move ironhead\n>p2 move earthpower\n>p1 switch 5\n>p1 move bravebird\n>p2 switch 5\n>p1 move bravebird\n>p2 move suckerpunch\n>p2 switch 6\n>p1 move hydropump\n>p2 switch 5\n>p1 move bravebird\n>p2 move ficklebeam\n>p1 switch 6\n>p1 move sunsteelstrike\n>p2 move ficklebeam\n>p2 switch 5\n>p1 move earthquake\n>p2 move slackoff terastallize\n>p1 move psychicfangs\n>p2 move slackoff\n>p1 move psychicfangs\n>p2 move thunderbolt\n>p1 move morningsun\n>p2 move slackoff\n>p1 move morningsun\n>p2 move thunderbolt\n>p1 move psychicfangs\n>p2 move thunderbolt\n>p1 switch 4\n>p1 move bravebird\n>p2 move thunderbolt", "uploadtime": 1781392562, "views": 5, "formatid": "gen9randombattle", "rating": null, "private": 0, "password": null}