{"id": "gen9randombattle-2631496470", "format": "[Gen 9] Random Battle", "players": ["TheOldTimers", "Pederden5"], "log": "|j|\u2606TheOldTimers\n|j|\u2606Pederden5\n|t:|1781392448\n|gametype|singles\n|player|p1|TheOldTimers|li|1944\n|player|p2|Pederden5|265|1898\n|gen|9\n|tier|[Gen 9] Random Battle\n|rated|\n|rule|Species Clause: Limit one of each Pok\u00e9mon\n|rule|HP Percentage Mod: HP is shown in percentages\n|rule|Sleep Clause Mod: Limit one foe put to sleep\n|rule|Illusion Level Mod: Illusion disguises the Pok\u00e9mon's true level\n|\n|t:|1781392448\n|teamsize|p1|6\n|teamsize|p2|6\n|start\n|switch|p1a: Clefable|Clefable, L83, F|293/293\n|switch|p2a: Exeggutor|Exeggutor-Alola, L89, F|314/314\n|turn|1\n|inactive|Battle timer is ON: inactive players will automatically lose when time's up. (requested by TheOldTimers)\n|\n|t:|1781392471\n|switch|p2a: Cryogonal|Cryogonal, L89|287/287\n|move|p1a: Clefable|Moonblast|p2a: Cryogonal\n|-damage|p2a: Cryogonal|205/287\n|\n|upkeep\n|turn|2\n|\n|t:|1781392474\n|move|p2a: Cryogonal|Ice Beam|p1a: Clefable\n|-damage|p1a: Clefable|179/293\n|move|p1a: Clefable|Calm Mind|p1a: Clefable\n|-boost|p1a: Clefable|spa|1\n|-boost|p1a: Clefable|spd|1\n|\n|upkeep\n|turn|3\n|\n|t:|1781392478\n|move|p2a: Cryogonal|Ice Beam|p1a: Clefable\n|-damage|p1a: Clefable|113/293\n|move|p1a: Clefable|Fire Blast|p2a: Cryogonal|[miss]\n|-miss|p1a: Clefable|p2a: Cryogonal\n|\n|upkeep\n|turn|4\n|\n|t:|1781392483\n|move|p2a: Cryogonal|Ice Beam|p1a: Clefable\n|-damage|p1a: Clefable|47/293\n|move|p1a: Clefable|Moonlight|p1a: Clefable\n|-heal|p1a: Clefable|193/293\n|\n|upkeep\n|turn|5\n|\n|t:|1781392491\n|switch|p2a: Orthworm|Orthworm, L88, M|266/266\n|move|p1a: Clefable|Fire Blast|p2a: Orthworm\n|-supereffective|p2a: Orthworm\n|-crit|p2a: Orthworm\n|-damage|p2a: Orthworm|0 fnt\n|faint|p2a: Orthworm\n|\n|upkeep\n|\n|t:|1781392494\n|switch|p2a: Hitmontop|Hitmontop, L88, M|231/231\n|-ability|p2a: Hitmontop|Intimidate|boost\n|-unboost|p1a: Clefable|atk|1\n|turn|6\n|\n|t:|1781392499\n|move|p2a: Hitmontop|Earthquake|p1a: Clefable\n|-damage|p1a: Clefable|70/293\n|move|p1a: Clefable|Moonblast|p2a: Hitmontop\n|-supereffective|p2a: Hitmontop\n|-damage|p2a: Hitmontop|0 fnt\n|faint|p2a: Hitmontop\n|\n|upkeep\n|\n|t:|1781392509\n|switch|p2a: Lunala|Lunala, L70|308/308\n|turn|7\n|\n|t:|1781392528\n|switch|p1a: Venusaur|Venusaur, L84, F|272/272\n|move|p2a: Lunala|Moongeist Beam|p1a: Venusaur\n|-damage|p1a: Venusaur|182/272\n|\n|-heal|p1a: Venusaur|199/272|[from] item: Leftovers\n|upkeep\n|turn|8\n|\n|t:|1781392536\n|switch|p2a: Cryogonal|Cryogonal, L89|205/287\n|move|p1a: Venusaur|Knock Off|p2a: Cryogonal\n|-damage|p2a: Cryogonal|123/287\n|-enditem|p2a: Cryogonal|Heavy-Duty Boots|[from] move: Knock Off|[of] p1a: Venusaur\n|\n|-heal|p1a: Venusaur|216/272|[from] item: Leftovers\n|upkeep\n|turn|9\n|\n|t:|1781392544\n|switch|p1a: Toxapex|Toxapex, L82, M|216/216\n|move|p2a: Cryogonal|Recover|p2a: Cryogonal\n|-heal|p2a: Cryogonal|267/287\n|\n|upkeep\n|turn|10\n|\n|t:|1781392549\n|-terastallize|p2a: Cryogonal|Electric\n|move|p2a: Cryogonal|Tera Blast|p1a: Toxapex|[anim] Tera Blast Electric\n|-supereffective|p1a: Toxapex\n|-damage|p1a: Toxapex|78/216\n|move|p1a: Toxapex|Toxic Spikes|p2a: Cryogonal\n|-sidestart|p2: Pederden5|move: Toxic Spikes\n|\n|upkeep\n|turn|11\n|\n|t:|1781392571\n|switch|p1a: Clefable|Clefable, L83, F|70/293\n|move|p2a: Cryogonal|Tera Blast|p1a: Clefable|[anim] Tera Blast Electric\n|-damage|p1a: Clefable|0 fnt\n|faint|p1a: Clefable\n|\n|upkeep\n|\n|t:|1781392573\n|switch|p1a: Sudowoodo|Sudowoodo, L94, M|284/284\n|turn|12\n|\n|t:|1781392580\n|switch|p2a: Exeggutor|Exeggutor-Alola, L89, F|314/314\n|-status|p2a: Exeggutor|psn\n|move|p1a: Sudowoodo|Head Smash|p2a: Exeggutor\n|-crit|p2a: Exeggutor\n|-damage|p2a: Exeggutor|43/314 psn\n|-enditem|p2a: Exeggutor|Sitrus Berry|[eat]\n|-heal|p2a: Exeggutor|121/314 psn|[from] item: Sitrus Berry\n|\n|-damage|p2a: Exeggutor|82/314 psn|[from] psn\n|-item|p2a: Exeggutor|Sitrus Berry|[from] ability: Harvest\n|upkeep\n|-enditem|p2a: Exeggutor|Sitrus Berry|[eat]\n|-heal|p2a: Exeggutor|160/314 psn|[from] item: Sitrus Berry\n|turn|13\n|\n|t:|1781392607\n|switch|p1a: Venusaur|Venusaur, L84, F|216/272\n|move|p2a: Exeggutor|Giga Drain|p1a: Venusaur\n|-resisted|p1a: Venusaur\n|-crit|p1a: Venusaur\n|-damage|p1a: Venusaur|177/272\n|-heal|p2a: Exeggutor|180/314 psn|[from] drain|[of] p1a: Venusaur\n|\n|-heal|p1a: Venusaur|194/272|[from] item: Leftovers\n|-damage|p2a: Exeggutor|141/314 psn|[from] psn\n|upkeep\n|turn|14\n|\n|t:|1781392611\n|move|p1a: Venusaur|Sludge Bomb|p2a: Exeggutor\n|-supereffective|p2a: Exeggutor\n|-damage|p2a: Exeggutor|0 fnt\n|faint|p2a: Exeggutor\n|\n|-heal|p1a: Venusaur|211/272|[from] item: Leftovers\n|upkeep\n|\n|t:|1781392618\n|switch|p2a: Arboliva|Arboliva, L91, M|290/290\n|-status|p2a: Arboliva|psn\n|turn|15\n|\n|t:|1781392621\n|move|p1a: Venusaur|Knock Off|p2a: Arboliva\n|-damage|p2a: Arboliva|238/290 psn\n|-fieldstart|move: Grassy Terrain|[from] ability: Seed Sower|[of] p2a: Arboliva\n|-enditem|p2a: Arboliva|Leftovers|[from] move: Knock Off|[of] p1a: Venusaur\n|move|p2a: Arboliva|Earth Power|p1a: Venusaur\n|-damage|p1a: Venusaur|127/272\n|\n|-heal|p1a: Venusaur|144/272|[from] Grassy Terrain\n|-heal|p1a: Venusaur|161/272|[from] item: Leftovers\n|-heal|p2a: Arboliva|256/290 psn|[from] Grassy Terrain\n|-damage|p2a: Arboliva|220/290 psn|[from] psn\n|upkeep\n|turn|16\n|\n|t:|1781392628\n|move|p1a: Venusaur|Synthesis|p1a: Venusaur\n|-heal|p1a: Venusaur|272/272\n|move|p2a: Arboliva|Earth Power|p1a: Venusaur\n|-damage|p1a: Venusaur|193/272\n|\n|-heal|p1a: Venusaur|210/272|[from] Grassy Terrain\n|-heal|p1a: Venusaur|227/272|[from] item: Leftovers\n|-heal|p2a: Arboliva|238/290 psn|[from] Grassy Terrain\n|-damage|p2a: Arboliva|202/290 psn|[from] psn\n|upkeep\n|turn|17\n|\n|t:|1781392635\n|move|p1a: Venusaur|Sludge Bomb|p2a: Arboliva\n|-supereffective|p2a: Arboliva\n|-damage|p2a: Arboliva|46/290 psn\n|move|p2a: Arboliva|Hyper Voice|p1a: Venusaur\n|-damage|p1a: Venusaur|110/272\n|\n|-heal|p1a: Venusaur|127/272|[from] Grassy Terrain\n|-heal|p1a: Venusaur|144/272|[from] item: Leftovers\n|-heal|p2a: Arboliva|64/290 psn|[from] Grassy Terrain\n|-damage|p2a: Arboliva|28/290 psn|[from] psn\n|upkeep\n|turn|18\n|\n|t:|1781392641\n|move|p1a: Venusaur|Synthesis|p1a: Venusaur\n|-heal|p1a: Venusaur|272/272\n|move|p2a: Arboliva|Hyper Voice|p1a: Venusaur\n|-damage|p1a: Venusaur|145/272\n|\n|-heal|p1a: Venusaur|162/272|[from] Grassy Terrain\n|-heal|p1a: Venusaur|179/272|[from] item: Leftovers\n|-heal|p2a: Arboliva|46/290 psn|[from] Grassy Terrain\n|-damage|p2a: Arboliva|10/290 psn|[from] psn\n|upkeep\n|turn|19\n|\n|t:|1781392665\n|move|p1a: Venusaur|Synthesis|p1a: Venusaur\n|-heal|p1a: Venusaur|272/272\n|move|p2a: Arboliva|Hyper Voice|p1a: Venusaur\n|-damage|p1a: Venusaur|154/272\n|\n|-heal|p1a: Venusaur|171/272|[from] Grassy Terrain\n|-heal|p1a: Venusaur|188/272|[from] item: Leftovers\n|-heal|p2a: Arboliva|28/290 psn|[from] Grassy Terrain\n|-damage|p2a: Arboliva|0 fnt|[from] psn\n|faint|p2a: Arboliva\n|-fieldend|move: Grassy Terrain\n|upkeep\n|\n|t:|1781392667\n|switch|p2a: Cryogonal|Cryogonal, L89, tera:Electric|267/287\n|turn|20\n|\n|t:|1781392684\n|switch|p1a: Sudowoodo|Sudowoodo, L94, M|284/284\n|move|p2a: Cryogonal|Rapid Spin|p1a: Sudowoodo\n|-resisted|p1a: Sudowoodo\n|-damage|p1a: Sudowoodo|274/284\n|-boost|p2a: Cryogonal|spe|1\n|-sideend|p2: Pederden5|Toxic Spikes|[from] move: Rapid Spin|[of] p2a: Cryogonal\n|\n|-heal|p1a: Sudowoodo|284/284|[from] item: Leftovers\n|upkeep\n|turn|21\n|\n|t:|1781392690\n|move|p2a: Cryogonal|Tera Blast|p1a: Sudowoodo|[anim] Tera Blast Electric\n|-damage|p1a: Sudowoodo|172/284\n|move|p1a: Sudowoodo|Head Smash|p2a: Cryogonal\n|-damage|p2a: Cryogonal|0 fnt\n|faint|p2a: Cryogonal\n|\n|-heal|p1a: Sudowoodo|189/284|[from] item: Leftovers\n|upkeep\n|\n|t:|1781392693\n|switch|p2a: Lunala|Lunala, L70|308/308\n|turn|22\n|\n|t:|1781392700\n|move|p2a: Lunala|Moongeist Beam|p1a: Sudowoodo\n|-damage|p1a: Sudowoodo|87/284\n|move|p1a: Sudowoodo|Head Smash|p2a: Lunala\n|-damage|p2a: Lunala|185/308\n|\n|-heal|p2a: Lunala|204/308|[from] item: Leftovers\n|-heal|p1a: Sudowoodo|104/284|[from] item: Leftovers\n|upkeep\n|turn|23\n|\n|t:|1781392708\n|move|p2a: Lunala|Moonlight|p2a: Lunala\n|-heal|p2a: Lunala|308/308\n|move|p1a: Sudowoodo|Head Smash|p2a: Lunala\n|-damage|p2a: Lunala|189/308\n|\n|-heal|p2a: Lunala|208/308|[from] item: Leftovers\n|-heal|p1a: Sudowoodo|121/284|[from] item: Leftovers\n|upkeep\n|turn|24\n|\n|t:|1781392714\n|move|p1a: Sudowoodo|Sucker Punch||[still]\n|-fail|p1a: Sudowoodo\n|move|p2a: Lunala|Calm Mind|p2a: Lunala\n|-boost|p2a: Lunala|spa|1\n|-boost|p2a: Lunala|spd|1\n|\n|-heal|p2a: Lunala|227/308|[from] item: Leftovers\n|-heal|p1a: Sudowoodo|138/284|[from] item: Leftovers\n|upkeep\n|turn|25\n|\n|t:|1781392721\n|move|p2a: Lunala|Moongeist Beam|p1a: Sudowoodo\n|-damage|p1a: Sudowoodo|0 fnt\n|faint|p1a: Sudowoodo\n|\n|-heal|p2a: Lunala|246/308|[from] item: Leftovers\n|upkeep\n|\n|t:|1781392727\n|switch|p1a: Venusaur|Venusaur, L84, F|188/272\n|turn|26\n|\n|t:|1781392732\n|move|p1a: Venusaur|Knock Off|p2a: Lunala\n|-supereffective|p2a: Lunala\n|-damage|p2a: Lunala|0 fnt\n|-enditem|p2a: Lunala|Leftovers|[from] move: Knock Off|[of] p1a: Venusaur\n|faint|p2a: Lunala\n|\n|win|TheOldTimers\n|raw|TheOldTimers's rating: 1965 &rarr; <strong>1981</strong><br />(+16 for winning)\n|raw|Pederden5's rating: 1898 &rarr; <strong>1882</strong><br />(-16 for losing)\n", "uploadtime": 1781392732, "views": 2, "formatid": "gen9randombattle", "rating": 1882, "private": 0, "password": null}