{"id": "gen9randombattle-2631376520", "format": "[Gen 9] Random Battle", "players": ["cee09", "slacy55"], "log": "|j|\u2606cee09\n|j|\u2606slacy55\n|t:|1781377378\n|gametype|singles\n|player|p1|cee09|rocket-gen1rb|1969\n|player|p2|slacy55|170|1932\n|gen|9\n|tier|[Gen 9] Random Battle\n|rated|\n|rule|Species Clause: Limit one of each Pok\u00e9mon\n|rule|HP Percentage Mod: HP is shown in percentages\n|rule|Sleep Clause Mod: Limit one foe put to sleep\n|rule|Illusion Level Mod: Illusion disguises the Pok\u00e9mon's true level\n|\n|t:|1781377378\n|teamsize|p1|6\n|teamsize|p2|6\n|start\n|switch|p1a: Bisharp|Bisharp, L79, F|232/232\n|switch|p2a: Misdreavus|Misdreavus, L90, M|254/254\n|turn|1\n|inactive|Battle timer is ON: inactive players will automatically lose when time's up. (requested by cee09)\n|\n|t:|1781377383\n|switch|p1a: Iron Moth|Iron Moth, L78|253/253\n|move|p2a: Misdreavus|Will-O-Wisp|p1a: Iron Moth|[miss]\n|-miss|p2a: Misdreavus|p1a: Iron Moth\n|\n|upkeep\n|turn|2\n|\n|t:|1781377397\n|move|p1a: Iron Moth|U-turn|p2a: Misdreavus\n|-resisted|p2a: Misdreavus\n|-damage|p2a: Misdreavus|241/254\n|\n|t:|1781377399\n|-end|p1a: Iron Moth|Quark Drive|[silent]\n|switch|p1a: Bisharp|Bisharp, L79, F|232/232|[from] U-turn\n|move|p2a: Misdreavus|Calm Mind|p2a: Misdreavus\n|-boost|p2a: Misdreavus|spa|1\n|-boost|p2a: Misdreavus|spd|1\n|\n|upkeep\n|turn|3\n|\n|t:|1781377403\n|switch|p1a: Iron Moth|Iron Moth, L78|253/253\n|move|p2a: Misdreavus|Will-O-Wisp|p1a: Iron Moth\n|-immune|p1a: Iron Moth\n|\n|upkeep\n|turn|4\n|\n|t:|1781377405\n|move|p1a: Iron Moth|Fiery Dance|p2a: Misdreavus\n|-damage|p2a: Misdreavus|178/254\n|-boost|p1a: Iron Moth|spa|1\n|move|p2a: Misdreavus|Calm Mind|p2a: Misdreavus\n|-boost|p2a: Misdreavus|spa|1\n|-boost|p2a: Misdreavus|spd|1\n|\n|upkeep\n|turn|5\n|\n|t:|1781377408\n|move|p1a: Iron Moth|Fiery Dance|p2a: Misdreavus\n|-damage|p2a: Misdreavus|103/254\n|-boost|p1a: Iron Moth|spa|1\n|move|p2a: Misdreavus|Shadow Ball|p1a: Iron Moth\n|-damage|p1a: Iron Moth|90/253\n|-unboost|p1a: Iron Moth|spd|1\n|\n|upkeep\n|turn|6\n|\n|t:|1781377411\n|move|p1a: Iron Moth|Fiery Dance|p2a: Misdreavus\n|-damage|p2a: Misdreavus|4/254\n|-boost|p1a: Iron Moth|spa|1\n|move|p2a: Misdreavus|Shadow Ball|p1a: Iron Moth\n|-damage|p1a: Iron Moth|0 fnt\n|faint|p1a: Iron Moth\n|-end|p1a: Iron Moth|Quark Drive|[silent]\n|\n|upkeep\n|\n|t:|1781377418\n|switch|p1a: Espathra|Espathra, L80, M|283/283\n|turn|7\n|\n|t:|1781377421\n|move|p1a: Espathra|Lumina Crash|p2a: Misdreavus\n|-damage|p2a: Misdreavus|0 fnt\n|faint|p2a: Misdreavus\n|\n|-ability|p1a: Espathra|Speed Boost|boost\n|-boost|p1a: Espathra|spe|1\n|upkeep\n|\n|t:|1781377441\n|switch|p2a: Sawsbuck|Sawsbuck, L88, M|284/284\n|turn|8\n|\n|t:|1781377445\n|move|p1a: Espathra|Lumina Crash|p2a: Sawsbuck\n|-damage|p2a: Sawsbuck|137/284\n|-unboost|p2a: Sawsbuck|spd|2\n|move|p2a: Sawsbuck|Horn Leech|p1a: Espathra\n|-damage|p1a: Espathra|127/283\n|-heal|p2a: Sawsbuck|215/284|[from] drain|[of] p1a: Espathra\n|-damage|p2a: Sawsbuck|187/284|[from] item: Life Orb\n|\n|-ability|p1a: Espathra|Speed Boost|boost\n|-boost|p1a: Espathra|spe|1\n|upkeep\n|turn|9\n|\n|t:|1781377457\n|move|p1a: Espathra|Lumina Crash|p2a: Sawsbuck\n|-damage|p2a: Sawsbuck|0 fnt\n|faint|p2a: Sawsbuck\n|\n|-ability|p1a: Espathra|Speed Boost|boost\n|-boost|p1a: Espathra|spe|1\n|upkeep\n|\n|t:|1781377463\n|switch|p2a: Tatsugiri|Tatsugiri, L87, M|260/260\n|turn|10\n|\n|t:|1781377466\n|move|p1a: Espathra|Lumina Crash|p2a: Tatsugiri\n|-damage|p2a: Tatsugiri|146/260\n|-unboost|p2a: Tatsugiri|spd|2\n|move|p2a: Tatsugiri|Draco Meteor|p1a: Espathra\n|-damage|p1a: Espathra|0 fnt\n|-unboost|p2a: Tatsugiri|spa|2\n|faint|p1a: Espathra\n|\n|upkeep\n|\n|t:|1781377474\n|switch|p1a: Enamorus|Enamorus-Therian, L83, F|259/259\n|turn|11\n|\n|t:|1781377478\n|switch|p2a: Glimmora|Glimmora, L75, M|248/248\n|-item|p2a: Glimmora|Air Balloon\n|move|p1a: Enamorus|Moonblast|p2a: Glimmora\n|-resisted|p2a: Glimmora\n|-crit|p2a: Glimmora\n|-damage|p2a: Glimmora|127/248\n|-enditem|p2a: Glimmora|Air Balloon\n|\n|upkeep\n|turn|12\n|\n|t:|1781377484\n|move|p2a: Glimmora|Sludge Wave|p1a: Enamorus\n|-supereffective|p1a: Enamorus\n|-damage|p1a: Enamorus|125/259\n|move|p1a: Enamorus|Earth Power|p2a: Glimmora\n|-supereffective|p2a: Glimmora\n|-damage|p2a: Glimmora|0 fnt\n|faint|p2a: Glimmora\n|\n|upkeep\n|\n|t:|1781377501\n|switch|p2a: Tatsugiri|Tatsugiri, L87, M|146/260\n|turn|13\n|\n|t:|1781377511\n|move|p2a: Tatsugiri|Hydro Pump|p1a: Enamorus|[miss]\n|-miss|p2a: Tatsugiri|p1a: Enamorus\n|move|p1a: Enamorus|Moonblast|p2a: Tatsugiri\n|-supereffective|p2a: Tatsugiri\n|-damage|p2a: Tatsugiri|0 fnt\n|faint|p2a: Tatsugiri\n|\n|upkeep\n|\n|t:|1781377513\n|switch|p2a: Typhlosion|Typhlosion, L84, M|267/267\n|turn|14\n|\n|t:|1781377516\n|-terastallize|p2a: Typhlosion|Fire\n|move|p2a: Typhlosion|Eruption|p1a: Enamorus\n|-damage|p1a: Enamorus|0 fnt\n|faint|p1a: Enamorus\n|\n|upkeep\n|\n|t:|1781377519\n|switch|p1a: Volbeat|Volbeat, L90, M|263/263\n|turn|15\n|\n|t:|1781377526\n|switch|p2a: Appletun|Appletun, L92, F|352/352\n|move|p1a: Volbeat|Thunder Wave|p2a: Appletun\n|-status|p2a: Appletun|par\n|\n|upkeep\n|turn|16\n|\n|t:|1781377530\n|switch|p1a: Dialga|Dialga-Origin, L73|266/266\n|-ability|p1a: Dialga|Pressure\n|move|p2a: Appletun|Leech Seed|p1a: Dialga\n|-start|p1a: Dialga|move: Leech Seed\n|\n|-damage|p1a: Dialga|233/266|[from] Leech Seed|[of] p2a: Appletun\n|upkeep\n|turn|17\n|\n|t:|1781377533\n|switch|p1a: Bisharp|Bisharp, L79, F|232/232\n|move|p2a: Appletun|Dragon Pulse|p1a: Bisharp\n|-resisted|p1a: Bisharp\n|-damage|p1a: Bisharp|186/232\n|\n|upkeep\n|turn|18\n|\n|t:|1781377535\n|move|p1a: Bisharp|Stealth Rock|p2a: Appletun\n|-sidestart|p2: slacy55|move: Stealth Rock\n|move|p2a: Appletun|Leech Seed|p1a: Bisharp\n|-start|p1a: Bisharp|move: Leech Seed\n|\n|-damage|p1a: Bisharp|157/232|[from] Leech Seed|[of] p2a: Appletun\n|upkeep\n|turn|19\n|\n|t:|1781377539\n|switch|p1a: Volbeat|Volbeat, L90, M|263/263\n|move|p2a: Appletun|Apple Acid|p1a: Volbeat\n|-resisted|p1a: Volbeat\n|-damage|p1a: Volbeat|210/263\n|-unboost|p1a: Volbeat|spd|1\n|\n|upkeep\n|turn|20\n|\n|t:|1781377543\n|move|p1a: Volbeat|U-turn|p2a: Appletun\n|-supereffective|p2a: Appletun\n|-damage|p2a: Appletun|226/352 par\n|\n|t:|1781377545\n|switch|p1a: Dialga|Dialga-Origin, L73|233/266|[from] U-turn\n|-ability|p1a: Dialga|Pressure\n|move|p2a: Appletun|Dragon Pulse|p1a: Dialga\n|-damage|p1a: Dialga|127/266\n|\n|-heal|p2a: Appletun|248/352 par|[from] item: Leftovers\n|upkeep\n|turn|21\n|\n|t:|1781377548\n|move|p2a: Appletun|Dragon Pulse|p1a: Dialga\n|-damage|p1a: Dialga|30/266\n|move|p1a: Dialga|Dragon Tail|p2a: Appletun\n|-supereffective|p2a: Appletun\n|-damage|p2a: Appletun|138/352 par\n|drag|p2a: Typhlosion|Typhlosion, L84, M, tera:Fire|267/267\n|-damage|p2a: Typhlosion|201/267|[from] Stealth Rock\n|\n|upkeep\n|turn|22\n|inactive|slacy55 has 120 seconds left.\n|inactive|slacy55 has 90 seconds left.\n|\n|t:|1781377609\n|move|p2a: Typhlosion|Eruption|p1a: Dialga\n|-damage|p1a: Dialga|0 fnt\n|faint|p1a: Dialga\n|\n|upkeep\n|\n|t:|1781377612\n|switch|p1a: Volbeat|Volbeat, L90, M|210/263\n|turn|23\n|\n|t:|1781377614\n|move|p1a: Volbeat|Thunder Wave|p2a: Typhlosion\n|-status|p2a: Typhlosion|par\n|move|p2a: Typhlosion|Eruption|p1a: Volbeat\n|-supereffective|p1a: Volbeat\n|-damage|p1a: Volbeat|0 fnt\n|faint|p1a: Volbeat\n|\n|upkeep\n|\n|t:|1781377616\n|switch|p1a: Bisharp|Bisharp, L79, F|157/232\n|turn|24\n|\n|t:|1781377619\n|-terastallize|p1a: Bisharp|Flying\n|cant|p2a: Typhlosion|par\n|move|p1a: Bisharp|Throat Chop|p2a: Typhlosion\n|-damage|p2a: Typhlosion|105/267 par\n|-start|p2a: Typhlosion|Throat Chop|[silent]\n|\n|upkeep\n|turn|25\n|\n|t:|1781377626\n|switch|p2a: Appletun|Appletun, L92, F|138/352 par\n|-damage|p2a: Appletun|94/352 par|[from] Stealth Rock\n|move|p1a: Bisharp|Sucker Punch||[still]\n|-fail|p1a: Bisharp\n|\n|-heal|p2a: Appletun|116/352 par|[from] item: Leftovers\n|upkeep\n|turn|26\n|\n|t:|1781377628\n|move|p1a: Bisharp|Iron Head|p2a: Appletun\n|-damage|p2a: Appletun|19/352 par\n|move|p2a: Appletun|Leech Seed|p1a: Bisharp\n|-start|p1a: Bisharp|move: Leech Seed\n|\n|-heal|p2a: Appletun|41/352 par|[from] item: Leftovers\n|-damage|p1a: Bisharp|128/232|[from] Leech Seed|[of] p2a: Appletun\n|-heal|p2a: Appletun|70/352 par|[silent]\n|upkeep\n|turn|27\n|\n|t:|1781377634\n|move|p1a: Bisharp|Throat Chop|p2a: Appletun\n|-damage|p2a: Appletun|0 fnt\n|faint|p2a: Appletun\n|\n|upkeep\n|\n|t:|1781377637\n|switch|p2a: Typhlosion|Typhlosion, L84, M, tera:Fire|105/267 par\n|-damage|p2a: Typhlosion|39/267 par|[from] Stealth Rock\n|turn|28\n|\n|t:|1781377639\n|move|p1a: Bisharp|Sucker Punch|p2a: Typhlosion\n|-damage|p2a: Typhlosion|0 fnt\n|faint|p2a: Typhlosion\n|\n|win|cee09\n", "inputlog": ">version a8376a258c1d4662feba110a92103f3664a72141\n>start {\"formatid\":\"gen9randombattle\",\"seed\":\"sodium,c644eaa615c674bf99660d5a297555e1\",\"rated\":\"Rated battle\"}\n>player p1 {\"name\":\"cee09\",\"avatar\":\"rocket-gen1rb\",\"rating\":1969,\"seed\":\"sodium,65a19cccce204a3d83e47ba7cd5810c8\"}\n>player p2 {\"name\":\"slacy55\",\"avatar\":\"170\",\"rating\":1932,\"seed\":\"sodium,ffb4fa464e57ed82f18c57da2f3c1383\"}\n>p1 switch 5\n>p2 move willowisp\n>p1 move uturn\n>p2 move calmmind\n>p1 switch 5\n>p1 switch 5\n>p2 move willowisp\n>p1 move fierydance\n>p2 move calmmind\n>p1 move fierydance\n>p2 move shadowball\n>p1 move fierydance\n>p2 move shadowball\n>p1 switch 3\n>p1 move luminacrash\n>p2 move drainingkiss\n>p2 switch 6\n>p1 move luminacrash\n>p2 move hornleech\n>p1 move luminacrash\n>p2 move hornleech\n>p2 switch 2\n>p1 move luminacrash\n>p2 move dracometeor\n>p1 switch 4\n>p1 move moonblast\n>p2 switch 4\n>p1 move earthpower\n>p2 move sludgewave\n>p2 switch 4\n>p1 move moonblast\n>p2 move hydropump\n>p2 switch 3\n>p1 move earthpower\n>p2 move eruption terastallize\n>p1 switch 2\n>p1 move thunderwave\n>p2 switch 5\n>p1 switch 6\n>p2 move leechseed\n>p1 switch 5\n>p2 move dragonpulse\n>p1 move stealthrock\n>p2 move leechseed\n>p1 switch 6\n>p2 move appleacid\n>p1 move uturn\n>p2 move dragonpulse\n>p1 switch 5\n>p1 move dragontail\n>p2 move dragonpulse\n>p1 move dragontail\n>p2 move eruption\n>p1 switch 5\n>p1 move thunderwave\n>p2 move eruption\n>p1 switch 6\n>p1 move throatchop terastallize\n>p2 move eruption\n>p1 move suckerpunch\n>p2 switch 5\n>p1 move ironhead\n>p2 move leechseed\n>p1 move throatchop\n>p2 move recover\n>p2 switch 5\n>p1 move suckerpunch\n>p2 move fireblast", "uploadtime": 1781377380, "views": 7, "formatid": "gen9randombattle", "rating": null, "private": 0, "password": null}