{"id": "gen9randombattle-2631509934", "format": "[Gen 9] Random Battle", "players": ["DaMoistAvocado", "Rheny"], "log": "|j|\u2606DaMoistAvocado\n|j|\u2606Rheny\n|t:|1781394333\n|gametype|singles\n|player|p1|DaMoistAvocado|steven|1901\n|player|p2|Rheny|miku-ghost|1920\n|gen|9\n|tier|[Gen 9] Random Battle\n|rated|\n|rule|Species Clause: Limit one of each Pok\u00e9mon\n|rule|HP Percentage Mod: HP is shown in percentages\n|rule|Sleep Clause Mod: Limit one foe put to sleep\n|rule|Illusion Level Mod: Illusion disguises the Pok\u00e9mon's true level\n|\n|t:|1781394334\n|teamsize|p1|6\n|teamsize|p2|6\n|start\n|switch|p1a: Roaring Moon|Roaring Moon, L72|270/270\n|switch|p2a: Sawsbuck|Sawsbuck-Autumn, L88, F|284/284\n|turn|1\n|\n|t:|1781394350\n|-end|p1a: Roaring Moon|Protosynthesis|[silent]\n|switch|p1a: Toucannon|Toucannon, L88, M|284/284\n|move|p2a: Sawsbuck|Double-Edge|p1a: Toucannon\n|-damage|p1a: Toucannon|97/284\n|-damage|p2a: Sawsbuck|222/284|[from] Recoil\n|-damage|p2a: Sawsbuck|194/284|[from] item: Life Orb\n|\n|upkeep\n|turn|2\n|\n|t:|1781394360\n|switch|p2a: Tentacruel|Tentacruel, L84, M|272/272\n|switch|p1a: Gholdengo|Gholdengo, L77|261/261\n|\n|upkeep\n|turn|3\n|\n|t:|1781394371\n|move|p2a: Tentacruel|Toxic Spikes|p1a: Gholdengo\n|-sidestart|p1: DaMoistAvocado|move: Toxic Spikes\n|move|p1a: Gholdengo|Nasty Plot|p1a: Gholdengo\n|-boost|p1a: Gholdengo|spa|2\n|\n|upkeep\n|turn|4\n|\n|t:|1781394375\n|move|p2a: Tentacruel|Toxic Spikes|p1a: Gholdengo\n|-sidestart|p1: DaMoistAvocado|move: Toxic Spikes\n|move|p1a: Gholdengo|Shadow Ball|p2a: Tentacruel\n|-damage|p2a: Tentacruel|137/272\n|\n|-heal|p2a: Tentacruel|154/272|[from] item: Leftovers\n|upkeep\n|turn|5\n|\n|t:|1781394378\n|move|p2a: Tentacruel|Surf|p1a: Gholdengo\n|-damage|p1a: Gholdengo|179/261\n|move|p1a: Gholdengo|Shadow Ball|p2a: Tentacruel\n|-damage|p2a: Tentacruel|15/272\n|\n|-heal|p2a: Tentacruel|32/272|[from] item: Leftovers\n|-heal|p1a: Gholdengo|195/261|[from] item: Leftovers\n|upkeep\n|turn|6\n|\n|t:|1781394382\n|move|p2a: Tentacruel|Surf|p1a: Gholdengo\n|-damage|p1a: Gholdengo|107/261\n|move|p1a: Gholdengo|Shadow Ball|p2a: Tentacruel\n|-damage|p2a: Tentacruel|0 fnt\n|faint|p2a: Tentacruel\n|\n|-heal|p1a: Gholdengo|123/261|[from] item: Leftovers\n|upkeep\n|\n|t:|1781394393\n|switch|p2a: Sawsbuck|Sawsbuck-Autumn, L88, F|194/284\n|turn|7\n|\n|t:|1781394397\n|switch|p1a: Toucannon|Toucannon, L88, M|97/284\n|move|p2a: Sawsbuck|High Horsepower|p1a: Toucannon\n|-immune|p1a: Toucannon\n|\n|upkeep\n|turn|8\n|\n|t:|1781394404\n|-singleturn|p1a: Toucannon|move: Beak Blast\n|move|p2a: Sawsbuck|Double-Edge|p1a: Toucannon\n|-damage|p1a: Toucannon|0 fnt\n|-status|p2a: Sawsbuck|brn\n|faint|p1a: Toucannon\n|-damage|p2a: Sawsbuck|162/284 brn|[from] Recoil\n|-damage|p2a: Sawsbuck|134/284 brn|[from] item: Life Orb\n|\n|-damage|p2a: Sawsbuck|117/284 brn|[from] brn\n|upkeep\n|\n|t:|1781394410\n|switch|p1a: Sneasler|Sneasler, L74, F|240/240\n|-sideend|p1: DaMoistAvocado|move: Toxic Spikes|[of] p1a: Sneasler\n|turn|9\n|\n|t:|1781394414\n|move|p1a: Sneasler|U-turn|p2a: Sawsbuck\n|-supereffective|p2a: Sawsbuck\n|-damage|p2a: Sawsbuck|0 fnt\n|faint|p2a: Sawsbuck\n|\n|t:|1781394421\n|switch|p1a: Pelipper|Pelipper, L86, F|243/243|[from] U-turn\n|-weather|RainDance|[from] ability: Drizzle|[of] p1a: Pelipper\n|\n|-weather|RainDance|[upkeep]\n|upkeep\n|\n|t:|1781394426\n|switch|p2a: Terrakion|Terrakion, L79|273/273\n|turn|10\n|\n|t:|1781394436\n|move|p2a: Terrakion|Stone Edge|p1a: Pelipper\n|-supereffective|p1a: Pelipper\n|-damage|p1a: Pelipper|0 fnt\n|faint|p1a: Pelipper\n|\n|-weather|RainDance|[upkeep]\n|upkeep\n|\n|t:|1781394439\n|switch|p1a: Appletun|Appletun, L92, F|352/352\n|turn|11\n|\n|t:|1781394445\n|switch|p2a: Kommo-o|Kommo-o, L78, M|245/245\n|move|p1a: Appletun|Apple Acid|p2a: Kommo-o\n|-resisted|p2a: Kommo-o\n|-damage|p2a: Kommo-o|197/245\n|-unboost|p2a: Kommo-o|spd|1\n|\n|-weather|RainDance|[upkeep]\n|upkeep\n|turn|12\n|\n|t:|1781394458\n|move|p2a: Kommo-o|Clanging Scales|p1a: Appletun\n|-supereffective|p1a: Appletun\n|-damage|p1a: Appletun|166/352\n|-unboost|p2a: Kommo-o|def|1\n|-enditem|p2a: Kommo-o|Throat Spray\n|-boost|p2a: Kommo-o|spa|1|[from] item: Throat Spray\n|move|p1a: Appletun|Draco Meteor|p2a: Kommo-o\n|-supereffective|p2a: Kommo-o\n|-damage|p2a: Kommo-o|0 fnt\n|-unboost|p1a: Appletun|spa|2\n|faint|p2a: Kommo-o\n|\n|-weather|RainDance|[upkeep]\n|-heal|p1a: Appletun|188/352|[from] item: Leftovers\n|upkeep\n|\n|t:|1781394463\n|switch|p2a: Inteleon|Inteleon, L81, F|246/246\n|turn|13\n|\n|t:|1781394473\n|move|p2a: Inteleon|Ice Beam|p1a: Appletun\n|-supereffective|p1a: Appletun\n|-damage|p1a: Appletun|0 fnt\n|faint|p1a: Appletun\n|\n|-weather|none\n|upkeep\n|\n|t:|1781394476\n|switch|p1a: Gholdengo|Gholdengo, L77|123/261\n|turn|14\n|\n|t:|1781394482\n|switch|p2a: Terrakion|Terrakion, L79|273/273\n|move|p1a: Gholdengo|Shadow Ball|p2a: Terrakion\n|-damage|p2a: Terrakion|170/273\n|-unboost|p2a: Terrakion|spd|1\n|\n|-heal|p1a: Gholdengo|139/261|[from] item: Leftovers\n|upkeep\n|turn|15\n|\n|t:|1781394490\n|move|p2a: Terrakion|Earthquake|p1a: Gholdengo\n|-supereffective|p1a: Gholdengo\n|-damage|p1a: Gholdengo|0 fnt\n|faint|p1a: Gholdengo\n|\n|upkeep\n|\n|t:|1781394494\n|switch|p1a: Sneasler|Sneasler, L74, F|240/240\n|turn|16\n|\n|t:|1781394500\n|move|p1a: Sneasler|Close Combat|p2a: Terrakion\n|-supereffective|p2a: Terrakion\n|-damage|p2a: Terrakion|0 fnt\n|-unboost|p1a: Sneasler|def|1\n|-unboost|p1a: Sneasler|spd|1\n|faint|p2a: Terrakion\n|\n|upkeep\n|\n|t:|1781394508\n|switch|p2a: Inteleon|Inteleon, L81, F|246/246\n|turn|17\n|\n|t:|1781394524\n|-terastallize|p2a: Inteleon|Water\n|move|p2a: Inteleon|Scald|p1a: Sneasler\n|-damage|p1a: Sneasler|0 fnt\n|faint|p1a: Sneasler\n|\n|upkeep\n|\n|t:|1781394534\n|switch|p1a: Roaring Moon|Roaring Moon, L72|270/270\n|turn|18\n|\n|t:|1781394538\n|move|p2a: Inteleon|Scald|p1a: Roaring Moon\n|-resisted|p1a: Roaring Moon\n|-damage|p1a: Roaring Moon|160/270\n|-status|p1a: Roaring Moon|brn\n|-enditem|p1a: Roaring Moon|Lum Berry|[eat]\n|-curestatus|p1a: Roaring Moon|brn|[msg]\n|move|p1a: Roaring Moon|Dragon Dance|p1a: Roaring Moon\n|-boost|p1a: Roaring Moon|atk|1\n|-boost|p1a: Roaring Moon|spe|1\n|\n|upkeep\n|turn|19\n|\n|t:|1781394545\n|move|p1a: Roaring Moon|Knock Off|p2a: Inteleon\n|-damage|p2a: Inteleon|56/246\n|-enditem|p2a: Inteleon|Choice Specs|[from] move: Knock Off|[of] p1a: Roaring Moon\n|move|p2a: Inteleon|Scald|p1a: Roaring Moon\n|-resisted|p1a: Roaring Moon\n|-damage|p1a: Roaring Moon|66/270\n|-status|p1a: Roaring Moon|brn\n|\n|-damage|p1a: Roaring Moon|50/270 brn|[from] brn\n|upkeep\n|turn|20\n|\n|t:|1781394550\n|move|p1a: Roaring Moon|Outrage|p2a: Inteleon\n|-damage|p2a: Inteleon|0 fnt\n|faint|p2a: Inteleon\n|\n|-damage|p1a: Roaring Moon|34/270 brn|[from] brn\n|upkeep\n|\n|t:|1781394553\n|switch|p2a: Dugtrio|Dugtrio-Alola, L84, F|196/196\n|turn|21\n|\n|t:|1781394554\n|move|p2a: Dugtrio|Sucker Punch|p1a: Roaring Moon\n|-resisted|p1a: Roaring Moon\n|-damage|p1a: Roaring Moon|0 fnt\n|faint|p1a: Roaring Moon\n|-end|p1a: Roaring Moon|Protosynthesis|[silent]\n|-damage|p2a: Dugtrio|177/196|[from] item: Life Orb\n|\n|win|Rheny\n", "inputlog": ">version a8376a258c1d4662feba110a92103f3664a72141\n>start {\"formatid\":\"gen9randombattle\",\"seed\":\"sodium,4792a0d861dc2ee29548a033f31a9bb5\",\"rated\":\"Rated battle\"}\n>player p1 {\"name\":\"DaMoistAvocado\",\"avatar\":\"steven\",\"rating\":1901,\"seed\":\"sodium,1c2c35d22ad3a2f84b0c55f15fbf6256\"}\n>player p2 {\"name\":\"Rheny\",\"avatar\":\"miku-ghost\",\"rating\":1920,\"seed\":\"sodium,272e906c84cf61db3757da169636c6bb\"}\n>p1 switch 6\n>p2 move doubleedge\n>p1 switch 3\n>p2 switch 5\n>p1 move nastyplot\n>p2 move toxicspikes\n>p1 move shadowball\n>p2 move toxicspikes\n>p1 move shadowball\n>p2 move surf\n>p1 move shadowball\n>p2 move surf\n>p2 switch 5\n>p1 switch 3\n>p2 move highhorsepower\n>p1 move beakblast\n>p2 move doubleedge\n>p1 switch 2\n>p1 move uturn\n>p2 move highhorsepower\n>p1 switch 4\n>p2 switch 4\n>p1 move weatherball\n>p2 move stoneedge\n>p1 switch 5\n>p1 move appleacid\n>p2 switch 2\n>p1 move dracometeor\n>p2 move clangingscales\n>p2 switch 3\n>p1 move appleacid\n>p2 move icebeam\n>p1 switch 3\n>p1 move shadowball\n>p2 switch 2\n>p1 move makeitrain\n>p2 move earthquake\n>p1 switch 4\n>p1 move closecombat\n>p2 move earthquake\n>p2 switch 2\n>p1 move closecombat\n>p2 move scald terastallize\n>p1 switch 6\n>p1 move dragondance\n>p2 move scald\n>p1 move knockoff\n>p2 move scald\n>p1 move outrage\n>p2 move scald\n>p2 switch 6\n>p1 move outrage\n>p2 move suckerpunch", "uploadtime": 1781394335, "views": 6, "formatid": "gen9randombattle", "rating": null, "private": 0, "password": null}