{"id": "gen9randombattle-2631560978", "format": "[Gen 9] Random Battle", "players": ["ethlod", "asd1113"], "log": "|j|\u2606ethlod\n|j|\u2606asd1113\n|t:|1781401499\n|gametype|singles\n|player|p1|ethlod|ethan|1954\n|player|p2|asd1113|265|1904\n|gen|9\n|tier|[Gen 9] Random Battle\n|rated|\n|rule|Species Clause: Limit one of each Pok\u00e9mon\n|rule|HP Percentage Mod: HP is shown in percentages\n|rule|Sleep Clause Mod: Limit one foe put to sleep\n|rule|Illusion Level Mod: Illusion disguises the Pok\u00e9mon's true level\n|\n|t:|1781401499\n|teamsize|p1|6\n|teamsize|p2|6\n|start\n|switch|p1a: Rotom|Rotom-Heat, L83|219/219\n|switch|p2a: Banette|Banette, L93, F|270/270\n|turn|1\n|inactive|Battle timer is ON: inactive players will automatically lose when time's up. (requested by ethlod)\n|\n|t:|1781401514\n|move|p1a: Rotom|Will-O-Wisp|p2a: Banette\n|-status|p2a: Banette|brn\n|move|p2a: Banette|Swords Dance|p2a: Banette\n|-boost|p2a: Banette|atk|2\n|\n|-damage|p2a: Banette|254/270 brn|[from] brn\n|upkeep\n|turn|2\n|\n|t:|1781401522\n|move|p1a: Rotom|Thunderbolt|p2a: Banette\n|-damage|p2a: Banette|148/270 brn\n|move|p2a: Banette|Poltergeist|p1a: Rotom\n|-activate|p1a: Rotom|move: Poltergeist|Heavy-Duty Boots\n|-damage|p1a: Rotom|31/219\n|-damage|p2a: Banette|121/270 brn|[from] item: Life Orb\n|\n|-damage|p2a: Banette|105/270 brn|[from] brn\n|upkeep\n|turn|3\n|\n|t:|1781401532\n|switch|p1a: Alomomola|Alomomola, L87, F|429/429\n|move|p2a: Banette|Gunk Shot|p1a: Alomomola|[miss]\n|-miss|p2a: Banette|p1a: Alomomola\n|\n|-damage|p2a: Banette|89/270 brn|[from] brn\n|upkeep\n|turn|4\n|\n|t:|1781401540\n|move|p2a: Banette|Poltergeist|p1a: Alomomola\n|-activate|p1a: Alomomola|move: Poltergeist|Heavy-Duty Boots\n|-damage|p1a: Alomomola|195/429\n|-damage|p2a: Banette|62/270 brn|[from] item: Life Orb\n|move|p1a: Alomomola|Wish|p1a: Alomomola\n|\n|-damage|p2a: Banette|46/270 brn|[from] brn\n|upkeep\n|turn|5\n|\n|t:|1781401554\n|move|p1a: Alomomola|Protect|p1a: Alomomola\n|-singleturn|p1a: Alomomola|Protect\n|move|p2a: Banette|Swords Dance|p2a: Banette\n|-boost|p2a: Banette|atk|2\n|\n|-heal|p1a: Alomomola|409/429|[from] move: Wish|[wisher] Alomomola\n|-damage|p2a: Banette|30/270 brn|[from] brn\n|upkeep\n|turn|6\n|\n|t:|1781401559\n|move|p2a: Banette|Poltergeist|p1a: Alomomola\n|-activate|p1a: Alomomola|move: Poltergeist|Heavy-Duty Boots\n|-damage|p1a: Alomomola|97/429\n|-damage|p2a: Banette|3/270 brn|[from] item: Life Orb\n|move|p1a: Alomomola|Wish|p1a: Alomomola\n|\n|-damage|p2a: Banette|0 fnt|[from] brn\n|faint|p2a: Banette\n|upkeep\n|\n|t:|1781401569\n|switch|p2a: Eternatus|Eternatus, L69|308/308\n|-ability|p2a: Eternatus|Pressure\n|turn|7\n|\n|t:|1781401575\n|switch|p1a: Mesprit|Mesprit, L85|275/275\n|move|p2a: Eternatus|Meteor Beam||[still]\n|-prepare|p2a: Eternatus|Meteor Beam\n|-boost|p2a: Eternatus|spa|1\n|-enditem|p2a: Eternatus|Power Herb\n|-anim|p2a: Eternatus|Meteor Beam|p1a: Mesprit\n|-damage|p1a: Mesprit|166/275\n|\n|-heal|p1a: Mesprit|275/275|[from] move: Wish|[wisher] Alomomola\n|upkeep\n|turn|8\n|\n|t:|1781401594\n|-terastallize|p2a: Eternatus|Dragon\n|move|p2a: Eternatus|Meteor Beam||[still]\n|-prepare|p2a: Eternatus|Meteor Beam\n|-boost|p2a: Eternatus|spa|1\n|move|p1a: Mesprit|Psychic Noise|p2a: Eternatus\n|-damage|p2a: Eternatus|203/308\n|-start|p2a: Eternatus|move: Heal Block\n|\n|upkeep\n|turn|9\n|\n|t:|1781401620\n|move|p2a: Eternatus|Meteor Beam|p1a: Mesprit|[from] lockedmove\n|-damage|p1a: Mesprit|126/275\n|move|p1a: Mesprit|Drain Punch|p2a: Eternatus\n|-crit|p2a: Eternatus\n|-damage|p2a: Eternatus|101/308\n|-heal|p1a: Mesprit|177/275|[from] drain|[of] p2a: Eternatus\n|\n|-heal|p1a: Mesprit|194/275|[from] item: Leftovers\n|-end|p2a: Eternatus|move: Heal Block\n|upkeep\n|turn|10\n|\n|t:|1781401632\n|move|p2a: Eternatus|Dynamax Cannon|p1a: Mesprit\n|-damage|p1a: Mesprit|0 fnt\n|faint|p1a: Mesprit\n|\n|upkeep\n|\n|t:|1781401640\n|switch|p1a: Passimian|Passimian, L83, M|302/302\n|turn|11\n|\n|t:|1781401643\n|move|p1a: Passimian|Close Combat|p2a: Eternatus\n|-damage|p2a: Eternatus|0 fnt\n|-unboost|p1a: Passimian|def|1\n|-unboost|p1a: Passimian|spd|1\n|faint|p2a: Eternatus\n|\n|upkeep\n|\n|t:|1781401649\n|switch|p2a: Vivillon|Vivillon-Tundra, L83, M|268/268\n|turn|12\n|\n|t:|1781401667\n|switch|p1a: Alomomola|Alomomola, L87, F|240/429\n|move|p2a: Vivillon|Quiver Dance|p2a: Vivillon\n|-boost|p2a: Vivillon|spa|1\n|-boost|p2a: Vivillon|spd|1\n|-boost|p2a: Vivillon|spe|1\n|\n|upkeep\n|turn|13\n|\n|t:|1781401674\n|move|p2a: Vivillon|Quiver Dance|p2a: Vivillon\n|-boost|p2a: Vivillon|spa|1\n|-boost|p2a: Vivillon|spd|1\n|-boost|p2a: Vivillon|spe|1\n|move|p1a: Alomomola|Flip Turn|p2a: Vivillon\n|-damage|p2a: Vivillon|183/268\n|\n|t:|1781401680\n|switch|p1a: Lugia|Lugia, L73|275/275|[from] Flip Turn\n|\n|upkeep\n|turn|14\n|\n|t:|1781401688\n|switch|p1a: Alomomola|Alomomola, L87, F|383/429\n|move|p2a: Vivillon|Sleep Powder|p1a: Alomomola\n|-status|p1a: Alomomola|slp|[from] move: Sleep Powder\n|\n|upkeep\n|turn|15\n|\n|t:|1781401696\n|switch|p1a: Rotom|Rotom-Heat, L83|31/219\n|move|p2a: Vivillon|Hurricane|p1a: Rotom\n|-resisted|p1a: Rotom\n|-damage|p1a: Rotom|0 fnt\n|faint|p1a: Rotom\n|\n|upkeep\n|\n|t:|1781401699\n|switch|p1a: Lugia|Lugia, L73|275/275\n|turn|16\n|\n|t:|1781401704\n|move|p2a: Vivillon|Hurricane|p1a: Lugia\n|-damage|p1a: Lugia|203/275\n|move|p1a: Lugia|Calm Mind|p1a: Lugia\n|-boost|p1a: Lugia|spa|1\n|-boost|p1a: Lugia|spd|1\n|\n|upkeep\n|turn|17\n|\n|t:|1781401709\n|move|p2a: Vivillon|Hurricane|p1a: Lugia|[miss]\n|-miss|p2a: Vivillon|p1a: Lugia\n|move|p1a: Lugia|Aeroblast|p2a: Vivillon\n|-supereffective|p2a: Vivillon\n|-damage|p2a: Vivillon|9/268\n|\n|upkeep\n|turn|18\n|\n|t:|1781401714\n|move|p2a: Vivillon|Hurricane|p1a: Lugia\n|-damage|p1a: Lugia|94/275\n|-start|p1a: Lugia|confusion\n|-activate|p1a: Lugia|confusion\n|move|p1a: Lugia|Aeroblast|p2a: Vivillon\n|-supereffective|p2a: Vivillon\n|-damage|p2a: Vivillon|0 fnt\n|faint|p2a: Vivillon\n|\n|upkeep\n|\n|t:|1781401732\n|switch|p2a: Infernape|Infernape, L82, F|259/259\n|turn|19\n|\n|t:|1781401742\n|move|p2a: Infernape|Knock Off|p1a: Lugia\n|-supereffective|p1a: Lugia\n|-damage|p1a: Lugia|0 fnt\n|-enditem|p1a: Lugia|Heavy-Duty Boots|[from] move: Knock Off|[of] p2a: Infernape\n|faint|p1a: Lugia\n|\n|upkeep\n|\n|t:|1781401745\n|switch|p1a: Gurdurr|Gurdurr, L85, F|283/283\n|turn|20\n|\n|t:|1781401755\n|move|p2a: Infernape|Knock Off|p1a: Gurdurr\n|-resisted|p1a: Gurdurr\n|-damage|p1a: Gurdurr|249/283\n|-enditem|p1a: Gurdurr|Eviolite|[from] move: Knock Off|[of] p2a: Infernape\n|move|p1a: Gurdurr|Bulk Up|p1a: Gurdurr\n|-boost|p1a: Gurdurr|atk|1\n|-boost|p1a: Gurdurr|def|1\n|\n|upkeep\n|turn|21\n|\n|t:|1781401761\n|switch|p2a: Regice|Regice, L88|284/284\n|move|p1a: Gurdurr|Drain Punch|p2a: Regice\n|-supereffective|p2a: Regice\n|-crit|p2a: Regice\n|-damage|p2a: Regice|0 fnt\n|-heal|p1a: Gurdurr|283/283|[from] drain|[of] p2a: Regice\n|faint|p2a: Regice\n|\n|upkeep\n|\n|t:|1781401774\n|switch|p2a: Hitmonchan|Hitmonchan, L87, M|229/229\n|turn|22\n|\n|t:|1781401780\n|move|p2a: Hitmonchan|Swords Dance|p2a: Hitmonchan\n|-boost|p2a: Hitmonchan|atk|2\n|move|p1a: Gurdurr|Drain Punch|p2a: Hitmonchan\n|-damage|p2a: Hitmonchan|82/229\n|\n|upkeep\n|turn|23\n|\n|t:|1781401791\n|move|p2a: Hitmonchan|Drain Punch|p1a: Gurdurr\n|-damage|p1a: Gurdurr|83/283\n|-heal|p2a: Hitmonchan|182/229|[from] drain|[of] p1a: Gurdurr\n|-damage|p2a: Hitmonchan|160/229|[from] item: Life Orb\n|move|p1a: Gurdurr|Drain Punch|p2a: Hitmonchan\n|-damage|p2a: Hitmonchan|19/229\n|-heal|p1a: Gurdurr|154/283|[from] drain|[of] p2a: Hitmonchan\n|\n|upkeep\n|turn|24\n|\n|t:|1781401798\n|move|p1a: Gurdurr|Mach Punch|p2a: Hitmonchan\n|-damage|p2a: Hitmonchan|0 fnt\n|faint|p2a: Hitmonchan\n|\n|upkeep\n|-message|asd1113 forfeited.\n|\n|win|ethlod\n", "inputlog": ">version a8376a258c1d4662feba110a92103f3664a72141\n>start {\"formatid\":\"gen9randombattle\",\"seed\":\"sodium,c39fe934e785be250bb7a9756bd5562e\",\"rated\":\"Rated battle\"}\n>player p1 {\"name\":\"ethlod\",\"avatar\":\"ethan\",\"rating\":1954,\"seed\":\"sodium,5ae373d1fbdf6a629b1485a02f992d3f\"}\n>player p2 {\"name\":\"asd1113\",\"avatar\":\"265\",\"rating\":1904,\"seed\":\"sodium,fe3dcf8e0eb77bb97fcc375f3aa94b31\"}\n>p1 move willowisp\n>p2 move swordsdance\n>p1 move thunderbolt\n>p2 move poltergeist\n>p1 switch 4\n>p2 move gunkshot\n>p1 move wish\n>p2 move poltergeist\n>p1 move protect\n>p2 move swordsdance\n>p1 move wish\n>p2 move poltergeist\n>p2 switch 3\n>p1 switch 5\n>p2 move meteorbeam\n>p1 move psychicnoise\n>p2 move meteorbeam terastallize\n>p1 move drainpunch\n>p2 move meteorbeam\n>p1 move psychicnoise\n>p2 move dynamaxcannon\n>p1 switch 3\n>p1 move closecombat\n>p2 move dynamaxcannon\n>p2 switch 5\n>p1 switch 5\n>p2 move quiverdance\n>p1 move flipturn\n>p2 move quiverdance\n>p1 switch 6\n>p1 switch 6\n>p2 move sleeppowder\n>p1 switch 4\n>p2 move hurricane\n>p1 switch 6\n>p1 move calmmind\n>p2 move hurricane\n>p1 move aeroblast\n>p2 move hurricane\n>p1 move aeroblast\n>p2 move hurricane\n>p2 switch 2\n>p1 move earthpower\n>p2 move knockoff\n>p1 switch 2\n>p1 move bulkup\n>p2 move knockoff\n>p1 move drainpunch\n>p2 switch 6\n>p2 switch 4\n>p1 move drainpunch\n>p2 move swordsdance\n>p1 move drainpunch\n>p2 move drainpunch\n>p1 move machpunch\n>p2 move drainpunch\n>forcelose p2", "uploadtime": 1781401502, "views": 4, "formatid": "gen9randombattle", "rating": null, "private": 0, "password": null}