{"id": "gen9randombattle-2631568512", "format": "[Gen 9] Random Battle", "players": ["WhatEver2102", "masbahlilganteng"], "log": "|j|\u2606WhatEver2102\n|j|\u2606masbahlilganteng\n|t:|1781402508\n|gametype|singles\n|player|p1|WhatEver2102|juan|2032\n|player|p2|masbahlilganteng|hoopster|2074\n|gen|9\n|tier|[Gen 9] Random Battle\n|rated|\n|rule|Species Clause: Limit one of each Pok\u00e9mon\n|rule|HP Percentage Mod: HP is shown in percentages\n|rule|Sleep Clause Mod: Limit one foe put to sleep\n|rule|Illusion Level Mod: Illusion disguises the Pok\u00e9mon's true level\n|\n|t:|1781402508\n|teamsize|p1|6\n|teamsize|p2|6\n|start\n|switch|p1a: Palossand|Palossand, L89, F|296/296\n|switch|p2a: Klawf|Klawf, L90, M|272/272\n|turn|1\n|inactive|Battle timer is ON: inactive players will automatically lose when time's up. (requested by masbahlilganteng)\n|\n|t:|1781402520\n|move|p2a: Klawf|Stealth Rock|p1a: Palossand\n|-sidestart|p1: WhatEver2102|move: Stealth Rock\n|move|p1a: Palossand|Stealth Rock|p2a: Klawf\n|-sidestart|p2: masbahlilganteng|move: Stealth Rock\n|\n|upkeep\n|turn|2\n|\n|t:|1781402524\n|move|p2a: Klawf|Crabhammer|p1a: Palossand\n|-supereffective|p1a: Palossand\n|-damage|p1a: Palossand|111/296\n|-ability|p1a: Palossand|Water Compaction|boost\n|-boost|p1a: Palossand|def|2\n|-damage|p2a: Klawf|245/272|[from] item: Life Orb\n|move|p1a: Palossand|Earth Power|p2a: Klawf\n|-supereffective|p2a: Klawf\n|-damage|p2a: Klawf|0 fnt\n|faint|p2a: Klawf\n|\n|-heal|p1a: Palossand|129/296|[from] item: Leftovers\n|upkeep\n|\n|t:|1781402530\n|switch|p2a: Cacturne|Cacturne, L92, F|278/278\n|-damage|p2a: Cacturne|244/278|[from] Stealth Rock\n|turn|3\n|\n|t:|1781402541\n|move|p2a: Cacturne|Leaf Storm|p1a: Palossand\n|-supereffective|p1a: Palossand\n|-damage|p1a: Palossand|0 fnt\n|-unboost|p2a: Cacturne|spa|2\n|faint|p1a: Palossand\n|-damage|p2a: Cacturne|217/278|[from] item: Life Orb\n|\n|upkeep\n|\n|t:|1781402562\n|switch|p1a: Ribombee|Ribombee, L83, M|235/235\n|turn|4\n|\n|t:|1781402578\n|move|p1a: Ribombee|Moonblast|p2a: Cacturne\n|-supereffective|p2a: Cacturne\n|-damage|p2a: Cacturne|0 fnt\n|faint|p2a: Cacturne\n|\n|upkeep\n|\n|t:|1781402586\n|switch|p2a: Glaceon|Glaceon, L94, M|275/275\n|turn|5\n|\n|t:|1781402596\n|move|p1a: Ribombee|Quiver Dance|p1a: Ribombee\n|-boost|p1a: Ribombee|spa|1\n|-boost|p1a: Ribombee|spd|1\n|-boost|p1a: Ribombee|spe|1\n|move|p2a: Glaceon|Freeze-Dry|p1a: Ribombee\n|-damage|p1a: Ribombee|148/235\n|\n|upkeep\n|turn|6\n|\n|t:|1781402604\n|move|p1a: Ribombee|Quiver Dance|p1a: Ribombee\n|-boost|p1a: Ribombee|spa|1\n|-boost|p1a: Ribombee|spd|1\n|-boost|p1a: Ribombee|spe|1\n|move|p2a: Glaceon|Freeze-Dry|p1a: Ribombee\n|-damage|p1a: Ribombee|82/235\n|\n|upkeep\n|turn|7\n|\n|t:|1781402611\n|move|p1a: Ribombee|Moonblast|p2a: Glaceon\n|-damage|p2a: Glaceon|124/275\n|move|p2a: Glaceon|Freeze-Dry|p1a: Ribombee\n|-damage|p1a: Ribombee|10/235\n|\n|upkeep\n|turn|8\n|\n|t:|1781402624\n|move|p1a: Ribombee|Moonblast|p2a: Glaceon\n|-damage|p2a: Glaceon|0 fnt\n|faint|p2a: Glaceon\n|\n|upkeep\n|\n|t:|1781402629\n|switch|p2a: Meloetta|Meloetta, L82|298/298\n|-damage|p2a: Meloetta|261/298|[from] Stealth Rock\n|turn|9\n|\n|t:|1781402641\n|-terastallize|p2a: Meloetta|Fighting\n|move|p1a: Ribombee|Bug Buzz|p2a: Meloetta\n|-resisted|p2a: Meloetta\n|-damage|p2a: Meloetta|192/298\n|move|p2a: Meloetta|Relic Song|p1a: Ribombee\n|-damage|p1a: Ribombee|0 fnt\n|faint|p1a: Ribombee\n|-formechange|p2a: Meloetta|Meloetta-Pirouette|[msg]\n|-damage|p2a: Meloetta|163/298|[from] item: Life Orb\n|\n|upkeep\n|\n|t:|1781402655\n|switch|p1a: Magearna|Magearna-Original, L77|250/250\n|-damage|p1a: Magearna|235/250|[from] Stealth Rock\n|turn|10\n|\n|t:|1781402660\n|move|p2a: Meloetta|Close Combat|p1a: Magearna\n|-damage|p1a: Magearna|0 fnt\n|-unboost|p2a: Meloetta|def|1\n|-unboost|p2a: Meloetta|spd|1\n|faint|p1a: Magearna\n|-damage|p2a: Meloetta|134/298|[from] item: Life Orb\n|\n|upkeep\n|\n|t:|1781402668\n|switch|p1a: Dragapult|Dragapult, L77, F|262/262\n|-damage|p1a: Dragapult|230/262|[from] Stealth Rock\n|turn|11\n|\n|t:|1781402695\n|move|p1a: Dragapult|Shadow Ball|p2a: Meloetta\n|-damage|p2a: Meloetta|0 fnt\n|faint|p2a: Meloetta\n|\n|upkeep\n|\n|t:|1781402701\n|switch|p2a: Feraligatr|Feraligatr, L79, M|264/264\n|-damage|p2a: Feraligatr|231/264|[from] Stealth Rock\n|turn|12\n|\n|t:|1781402705\n|move|p1a: Dragapult|Shadow Ball|p2a: Feraligatr\n|-damage|p2a: Feraligatr|102/264\n|move|p2a: Feraligatr|Dragon Dance|p2a: Feraligatr\n|-boost|p2a: Feraligatr|atk|1\n|-boost|p2a: Feraligatr|spe|1\n|\n|upkeep\n|turn|13\n|\n|t:|1781402712\n|move|p1a: Dragapult|Shadow Ball|p2a: Feraligatr\n|-damage|p2a: Feraligatr|0 fnt\n|faint|p2a: Feraligatr\n|\n|upkeep\n|\n|t:|1781402715\n|switch|p2a: Deoxys|Deoxys, L74|196/196\n|-damage|p2a: Deoxys|172/196|[from] Stealth Rock\n|-ability|p2a: Deoxys|Pressure\n|turn|14\n|\n|t:|1781402721\n|move|p2a: Deoxys|Knock Off|p1a: Dragapult\n|-supereffective|p1a: Dragapult\n|-crit|p1a: Dragapult\n|-damage|p1a: Dragapult|0 fnt\n|-enditem|p1a: Dragapult|Choice Specs|[from] move: Knock Off|[of] p2a: Deoxys\n|faint|p1a: Dragapult\n|-damage|p2a: Deoxys|153/196|[from] item: Life Orb\n|\n|upkeep\n|\n|t:|1781402723\n|switch|p1a: Duraludon|Duraludon, L82, F|249/249\n|-damage|p1a: Duraludon|234/249|[from] Stealth Rock\n|turn|15\n|\n|t:|1781402728\n|move|p2a: Deoxys|Superpower|p1a: Duraludon\n|-supereffective|p1a: Duraludon\n|-damage|p1a: Duraludon|101/249\n|-unboost|p2a: Deoxys|atk|1\n|-unboost|p2a: Deoxys|def|1\n|-damage|p2a: Deoxys|134/196|[from] item: Life Orb\n|move|p1a: Duraludon|Thunder Wave|p2a: Deoxys\n|-status|p2a: Deoxys|par\n|\n|upkeep\n|turn|16\n|\n|t:|1781402734\n|move|p1a: Duraludon|Flash Cannon|p2a: Deoxys\n|-damage|p2a: Deoxys|0 fnt\n|faint|p2a: Deoxys\n|\n|win|WhatEver2102\n", "inputlog": ">version a8376a258c1d4662feba110a92103f3664a72141\n>start {\"formatid\":\"gen9randombattle\",\"seed\":\"sodium,5d769288ae810e1f2a6c8958fb00ffde\",\"rated\":\"Rated battle\"}\n>player p1 {\"name\":\"WhatEver2102\",\"avatar\":\"juan\",\"rating\":2032,\"seed\":\"sodium,1e3a69da9cf703913bf25c3649d8fa65\"}\n>player p2 {\"name\":\"masbahlilganteng\",\"avatar\":\"hoopster\",\"rating\":2074,\"seed\":\"sodium,17c825470fd876b12c16ce0265860914\"}\n>p1 move stealthrock\n>p2 move stealthrock\n>p1 move earthpower\n>p2 move crabhammer\n>p2 switch 2\n>p1 move shoreup\n>p2 move leafstorm\n>p1 switch 4\n>p1 move moonblast\n>p2 move knockoff\n>p2 switch 5\n>p1 move quiverdance\n>p2 move freezedry\n>p1 move quiverdance\n>p2 move freezedry\n>p1 move moonblast\n>p2 move freezedry\n>p1 move moonblast\n>p2 move freezedry\n>p2 switch 3\n>p1 move bugbuzz\n>p2 move relicsong terastallize\n>p1 switch 5\n>p1 move shiftgear\n>p2 move closecombat\n>p1 switch 6\n>p1 move shadowball\n>p2 move tripleaxel\n>p2 switch 4\n>p1 move shadowball\n>p2 move dragondance\n>p1 move shadowball\n>p2 move icepunch\n>p2 switch 6\n>p1 move shadowball\n>p2 move knockoff\n>p1 switch 2\n>p1 move thunderwave\n>p2 move superpower\n>p1 move flashcannon\n>p2 move knockoff", "uploadtime": 1781402511, "views": 4, "formatid": "gen9randombattle", "rating": null, "private": 0, "password": null}