{"id": "gen9randombattle-2631979556", "format": "[Gen 9] Random Battle", "players": ["mouss", "Donpalinho"], "log": "|j|\u2606mouss\n|j|\u2606Donpalinho\n|t:|1781462233\n|gametype|singles\n|player|p1|mouss|marshal|1922\n|player|p2|Donpalinho|1|1965\n|gen|9\n|tier|[Gen 9] Random Battle\n|rated|\n|rule|Species Clause: Limit one of each Pok\u00e9mon\n|rule|HP Percentage Mod: HP is shown in percentages\n|rule|Sleep Clause Mod: Limit one foe put to sleep\n|rule|Illusion Level Mod: Illusion disguises the Pok\u00e9mon's true level\n|\n|t:|1781462234\n|teamsize|p1|6\n|teamsize|p2|6\n|start\n|switch|p1a: Eternatus|Eternatus, L69|308/308\n|switch|p2a: Snorlax|Snorlax, L82, M|397/397\n|-ability|p1a: Eternatus|Pressure\n|turn|1\n|inactive|Battle timer is ON: inactive players will automatically lose when time's up. (requested by Donpalinho)\n|\n|t:|1781462243\n|switch|p1a: Wyrdeer|Wyrdeer, L87, M|321/321\n|-ability|p1a: Wyrdeer|Intimidate|boost\n|-unboost|p2a: Snorlax|atk|1\n|move|p2a: Snorlax|Body Slam|p1a: Wyrdeer\n|-damage|p1a: Wyrdeer|248/321\n|\n|-heal|p1a: Wyrdeer|268/321|[from] item: Leftovers\n|upkeep\n|turn|2\n|\n|t:|1781462250\n|switch|p2a: Scrafty|Scrafty, L83, F|244/244\n|-ability|p2a: Scrafty|Intimidate|boost\n|-unboost|p1a: Wyrdeer|atk|1\n|move|p1a: Wyrdeer|Psychic Noise|p2a: Scrafty\n|-immune|p2a: Scrafty\n|\n|-heal|p1a: Wyrdeer|288/321|[from] item: Leftovers\n|upkeep\n|turn|3\n|\n|t:|1781462257\n|switch|p1a: Whimsicott|Whimsicott, L84, F|238/238\n|switch|p2a: Flygon|Flygon, L82, F|265/265\n|\n|upkeep\n|turn|4\n|\n|t:|1781462264\n|switch|p2a: Toucannon|Toucannon, L88, F|284/284\n|move|p1a: Whimsicott|Moonblast|p2a: Toucannon\n|-damage|p2a: Toucannon|196/284\n|\n|upkeep\n|turn|5\n|\n|t:|1781462279\n|switch|p1a: Wyrdeer|Wyrdeer, L87, M|288/321\n|-ability|p1a: Wyrdeer|Intimidate|boost\n|-unboost|p2a: Toucannon|atk|1\n|-singleturn|p2a: Toucannon|move: Beak Blast\n|move|p2a: Toucannon|Beak Blast|p1a: Wyrdeer\n|-damage|p1a: Wyrdeer|185/321\n|\n|-heal|p1a: Wyrdeer|205/321|[from] item: Leftovers\n|upkeep\n|turn|6\n|\n|t:|1781462287\n|switch|p2a: Flygon|Flygon, L82, F|265/265\n|move|p1a: Wyrdeer|Thunder Wave|p2a: Flygon\n|-immune|p2a: Flygon\n|\n|-heal|p1a: Wyrdeer|225/321|[from] item: Leftovers\n|upkeep\n|turn|7\n|\n|t:|1781462291\n|move|p2a: Flygon|U-turn|p1a: Wyrdeer\n|-supereffective|p1a: Wyrdeer\n|-damage|p1a: Wyrdeer|113/321\n|\n|t:|1781462294\n|switch|p2a: Scrafty|Scrafty, L83, F|244/244|[from] U-turn\n|-ability|p2a: Scrafty|Intimidate|boost\n|-unboost|p1a: Wyrdeer|atk|1\n|move|p1a: Wyrdeer|Body Slam|p2a: Scrafty\n|-damage|p2a: Scrafty|184/244\n|-status|p2a: Scrafty|par\n|\n|-heal|p1a: Wyrdeer|133/321|[from] item: Leftovers\n|-heal|p2a: Scrafty|199/244 par|[from] item: Leftovers\n|upkeep\n|turn|8\n|\n|t:|1781462305\n|move|p1a: Wyrdeer|Body Slam|p2a: Scrafty\n|-damage|p2a: Scrafty|145/244 par\n|move|p2a: Scrafty|Poison Jab|p1a: Wyrdeer\n|-damage|p1a: Wyrdeer|77/321\n|\n|-heal|p1a: Wyrdeer|97/321|[from] item: Leftovers\n|-heal|p2a: Scrafty|160/244 par|[from] item: Leftovers\n|upkeep\n|turn|9\n|\n|t:|1781462320\n|switch|p1a: Altaria|Altaria, L89, M|278/278\n|move|p2a: Scrafty|Poison Jab|p1a: Altaria\n|-damage|p1a: Altaria|224/278\n|\n|-heal|p2a: Scrafty|175/244 par|[from] item: Leftovers\n|upkeep\n|turn|10\n|\n|t:|1781462334\n|switch|p2a: Alomomola|Alomomola, L87, F|429/429\n|move|p1a: Altaria|Brave Bird|p2a: Alomomola\n|-damage|p2a: Alomomola|305/429\n|-damage|p1a: Altaria|178/278|[from] item: Rocky Helmet|[of] p2a: Alomomola\n|-damage|p1a: Altaria|137/278|[from] Recoil\n|\n|upkeep\n|turn|11\n|\n|t:|1781462354\n|switch|p1a: Eternatus|Eternatus, L69|308/308\n|-ability|p1a: Eternatus|Pressure\n|move|p2a: Alomomola|Flip Turn|p1a: Eternatus\n|-resisted|p1a: Eternatus\n|-damage|p1a: Eternatus|277/308\n|\n|t:|1781462358\n|switch|p2a: Flygon|Flygon, L82, F|265/265|[from] Flip Turn\n|\n|-heal|p1a: Eternatus|296/308|[from] item: Leftovers\n|upkeep\n|turn|12\n|\n|t:|1781462368\n|switch|p1a: Wyrdeer|Wyrdeer, L87, M|97/321\n|-ability|p1a: Wyrdeer|Intimidate|boost\n|-unboost|p2a: Flygon|atk|1\n|move|p2a: Flygon|U-turn|p1a: Wyrdeer\n|-supereffective|p1a: Wyrdeer\n|-damage|p1a: Wyrdeer|27/321\n|\n|t:|1781462380\n|switch|p2a: Scrafty|Scrafty, L83, F|175/244 par|[from] U-turn\n|-ability|p2a: Scrafty|Intimidate|boost\n|-unboost|p1a: Wyrdeer|atk|1\n|\n|-heal|p1a: Wyrdeer|47/321|[from] item: Leftovers\n|-heal|p2a: Scrafty|190/244 par|[from] item: Leftovers\n|upkeep\n|turn|13\n|\n|t:|1781462390\n|move|p1a: Wyrdeer|Body Slam|p2a: Scrafty\n|-damage|p2a: Scrafty|136/244 par\n|cant|p2a: Scrafty|par\n|\n|-heal|p1a: Wyrdeer|67/321|[from] item: Leftovers\n|-heal|p2a: Scrafty|151/244 par|[from] item: Leftovers\n|upkeep\n|turn|14\n|\n|t:|1781462395\n|move|p1a: Wyrdeer|Body Slam|p2a: Scrafty\n|-damage|p2a: Scrafty|97/244 par\n|move|p2a: Scrafty|Knock Off|p1a: Wyrdeer\n|-supereffective|p1a: Wyrdeer\n|-damage|p1a: Wyrdeer|0 fnt\n|-enditem|p1a: Wyrdeer|Leftovers|[from] move: Knock Off|[of] p2a: Scrafty\n|faint|p1a: Wyrdeer\n|\n|-heal|p2a: Scrafty|112/244 par|[from] item: Leftovers\n|upkeep\n|\n|t:|1781462401\n|switch|p1a: Whimsicott|Whimsicott, L84, F|238/238\n|turn|15\n|\n|t:|1781462406\n|switch|p2a: Snorlax|Snorlax, L82, M|397/397\n|move|p1a: Whimsicott|Moonblast|p2a: Snorlax\n|-damage|p2a: Snorlax|327/397\n|\n|-heal|p2a: Snorlax|351/397|[from] item: Leftovers\n|upkeep\n|turn|16\n|\n|t:|1781462412\n|move|p1a: Whimsicott|U-turn|p2a: Snorlax\n|-damage|p2a: Snorlax|299/397\n|\n|t:|1781462417\n|switch|p1a: Gothitelle|Gothitelle, L90, F|272/272|[from] U-turn\n|move|p2a: Snorlax|Body Slam|p1a: Gothitelle\n|-damage|p1a: Gothitelle|196/272\n|\n|-heal|p1a: Gothitelle|213/272|[from] item: Leftovers\n|-heal|p2a: Snorlax|323/397|[from] item: Leftovers\n|upkeep\n|turn|17\n|\n|t:|1781462423\n|move|p1a: Gothitelle|Focus Blast|p2a: Snorlax\n|-supereffective|p2a: Snorlax\n|-damage|p2a: Snorlax|143/397\n|move|p2a: Snorlax|Body Slam|p1a: Gothitelle\n|-damage|p1a: Gothitelle|122/272\n|\n|-heal|p1a: Gothitelle|139/272|[from] item: Leftovers\n|-heal|p2a: Snorlax|167/397|[from] item: Leftovers\n|upkeep\n|turn|18\n|\n|t:|1781462432\n|move|p1a: Gothitelle|Focus Blast|p2a: Snorlax\n|-supereffective|p2a: Snorlax\n|-damage|p2a: Snorlax|5/397\n|move|p2a: Snorlax|Body Slam|p1a: Gothitelle\n|-damage|p1a: Gothitelle|60/272\n|\n|-heal|p1a: Gothitelle|77/272|[from] item: Leftovers\n|-heal|p2a: Snorlax|29/397|[from] item: Leftovers\n|upkeep\n|turn|19\n|\n|t:|1781462436\n|move|p1a: Gothitelle|Psychic Noise|p2a: Snorlax\n|-damage|p2a: Snorlax|0 fnt\n|faint|p2a: Snorlax\n|\n|-heal|p1a: Gothitelle|94/272|[from] item: Leftovers\n|upkeep\n|\n|t:|1781462439\n|switch|p2a: Flygon|Flygon, L82, F|265/265\n|turn|20\n|\n|t:|1781462466\n|move|p2a: Flygon|U-turn|p1a: Gothitelle\n|-supereffective|p1a: Gothitelle\n|-damage|p1a: Gothitelle|6/272\n|\n|t:|1781462473\n|switch|p2a: Scrafty|Scrafty, L83, F|112/244 par|[from] U-turn\n|-ability|p2a: Scrafty|Intimidate|boost\n|-unboost|p1a: Gothitelle|atk|1\n|move|p1a: Gothitelle|Focus Blast|p2a: Scrafty\n|-supereffective|p2a: Scrafty\n|-damage|p2a: Scrafty|0 fnt\n|faint|p2a: Scrafty\n|\n|-heal|p1a: Gothitelle|23/272|[from] item: Leftovers\n|upkeep\n|\n|t:|1781462476\n|switch|p2a: Flygon|Flygon, L82, F|265/265\n|turn|21\n|\n|t:|1781462490\n|switch|p1a: Whimsicott|Whimsicott, L84, F|238/238\n|move|p2a: Flygon|U-turn|p1a: Whimsicott\n|-damage|p1a: Whimsicott|184/238\n|\n|t:|1781462492\n|switch|p2a: Toucannon|Toucannon, L88, F|196/284|[from] U-turn\n|\n|upkeep\n|turn|22\n|\n|t:|1781462502\n|switch|p1a: Gothitelle|Gothitelle, L90, F|23/272\n|-singleturn|p2a: Toucannon|move: Beak Blast\n|move|p2a: Toucannon|Beak Blast|p1a: Gothitelle\n|-damage|p1a: Gothitelle|0 fnt\n|faint|p1a: Gothitelle\n|\n|upkeep\n|\n|t:|1781462513\n|switch|p1a: Eternatus|Eternatus, L69|296/308\n|-ability|p1a: Eternatus|Pressure\n|turn|23\n|\n|t:|1781462520\n|-singleturn|p2a: Toucannon|move: Beak Blast\n|move|p1a: Eternatus|Dynamax Cannon|p2a: Toucannon\n|-damage|p2a: Toucannon|94/284\n|move|p2a: Toucannon|Beak Blast|p1a: Eternatus\n|-damage|p1a: Eternatus|128/308\n|\n|-heal|p1a: Eternatus|147/308|[from] item: Leftovers\n|upkeep\n|turn|24\n|\n|t:|1781462536\n|move|p1a: Eternatus|Dynamax Cannon|p2a: Toucannon\n|-damage|p2a: Toucannon|0 fnt\n|faint|p2a: Toucannon\n|\n|-heal|p1a: Eternatus|166/308|[from] item: Leftovers\n|upkeep\n|\n|t:|1781462537\n|switch|p2a: Flygon|Flygon, L82, F|265/265\n|turn|25\n|\n|t:|1781462552\n|move|p2a: Flygon|U-turn|p1a: Eternatus\n|-resisted|p1a: Eternatus\n|-damage|p1a: Eternatus|140/308\n|\n|t:|1781462555\n|switch|p2a: Clefable|Clefable, L83, F|293/293|[from] U-turn\n|move|p1a: Eternatus|Recover|p1a: Eternatus\n|-heal|p1a: Eternatus|294/308\n|\n|-heal|p1a: Eternatus|308/308|[from] item: Leftovers\n|upkeep\n|turn|26\n|\n|t:|1781462561\n|-terastallize|p2a: Clefable|Fire\n|move|p1a: Eternatus|Sludge Bomb|p2a: Clefable\n|-crit|p2a: Clefable\n|-damage|p2a: Clefable|163/293\n|move|p2a: Clefable|Calm Mind|p2a: Clefable\n|-boost|p2a: Clefable|spa|1\n|-boost|p2a: Clefable|spd|1\n|\n|-heal|p2a: Clefable|181/293|[from] item: Leftovers\n|upkeep\n|turn|27\n|\n|t:|1781462572\n|switch|p1a: Altaria|Altaria, L89, M|137/278\n|move|p2a: Clefable|Moonblast|p1a: Altaria\n|-supereffective|p1a: Altaria\n|-damage|p1a: Altaria|0 fnt\n|faint|p1a: Altaria\n|\n|-heal|p2a: Clefable|199/293|[from] item: Leftovers\n|upkeep\n|\n|t:|1781462578\n|switch|p1a: Keldeo|Keldeo-Resolute, L79|273/273\n|turn|28\n|\n|t:|1781462587\n|move|p1a: Keldeo|Calm Mind|p1a: Keldeo\n|-boost|p1a: Keldeo|spa|1\n|-boost|p1a: Keldeo|spd|1\n|move|p2a: Clefable|Moonlight|p2a: Clefable\n|-heal|p2a: Clefable|293/293\n|\n|upkeep\n|turn|29\n|\n|t:|1781462589\n|move|p1a: Keldeo|Hydro Pump|p2a: Clefable|[miss]\n|-miss|p1a: Keldeo|p2a: Clefable\n|move|p2a: Clefable|Calm Mind|p2a: Clefable\n|-boost|p2a: Clefable|spa|1\n|-boost|p2a: Clefable|spd|1\n|\n|upkeep\n|turn|30\n|\n|t:|1781462592\n|move|p1a: Keldeo|Hydro Pump|p2a: Clefable|[miss]\n|-miss|p1a: Keldeo|p2a: Clefable\n|move|p2a: Clefable|Moonblast|p1a: Keldeo\n|-supereffective|p1a: Keldeo\n|-damage|p1a: Keldeo|0 fnt\n|faint|p1a: Keldeo\n|\n|upkeep\n|c|\u2606Donpalinho|Smart!\n|\n|t:|1781462600\n|switch|p1a: Eternatus|Eternatus, L69|308/308\n|-ability|p1a: Eternatus|Pressure\n|turn|31\n|\n|t:|1781462604\n|move|p1a: Eternatus|Sludge Bomb|p2a: Clefable\n|-damage|p2a: Clefable|245/293\n|move|p2a: Clefable|Moonblast|p1a: Eternatus\n|-damage|p1a: Eternatus|74/308\n|-unboost|p1a: Eternatus|spa|1\n|\n|-heal|p1a: Eternatus|93/308|[from] item: Leftovers\n|-heal|p2a: Clefable|263/293|[from] item: Leftovers\n|upkeep\n|turn|32\n|\n|t:|1781462609\n|move|p1a: Eternatus|Sludge Bomb|p2a: Clefable\n|-damage|p2a: Clefable|217/293\n|-status|p2a: Clefable|psn\n|move|p2a: Clefable|Moonblast|p1a: Eternatus\n|-damage|p1a: Eternatus|0 fnt\n|faint|p1a: Eternatus\n|\n|-heal|p2a: Clefable|235/293 psn|[from] item: Leftovers\n|-damage|p2a: Clefable|199/293 psn|[from] psn\n|upkeep\n|\n|t:|1781462614\n|switch|p1a: Whimsicott|Whimsicott, L84, F|184/238\n|turn|33\n|\n|t:|1781462628\n|move|p1a: Whimsicott|Moonblast|p2a: Clefable\n|-resisted|p2a: Clefable\n|-damage|p2a: Clefable|177/293 psn\n|move|p2a: Clefable|Moonblast|p1a: Whimsicott\n|-damage|p1a: Whimsicott|0 fnt\n|faint|p1a: Whimsicott\n|\n|win|Donpalinho\n", "inputlog": ">version a8376a258c1d4662feba110a92103f3664a72141\n>start {\"formatid\":\"gen9randombattle\",\"seed\":\"sodium,4e0f6bdc0f5b1b453f6588e79d9223d5\",\"rated\":\"Rated battle\"}\n>player p1 {\"name\":\"mouss\",\"avatar\":\"marshal\",\"rating\":1922,\"seed\":\"sodium,7117dd46b149b11c9059d72fbcfeee75\"}\n>player p2 {\"name\":\"Donpalinho\",\"avatar\":\"1\",\"rating\":1965,\"seed\":\"sodium,f92bd7d3374991f039731daa5529785f\"}\n>p1 switch 5\n>p2 move bodyslam\n>p1 move psychicnoise\n>p2 switch 6\n>p1 switch 4\n>p2 switch 2\n>p1 move moonblast\n>p2 switch 3\n>p1 switch 4\n>p2 move beakblast\n>p1 move thunderwave\n>p2 switch 3\n>p1 move bodyslam\n>p2 move uturn\n>p2 switch 2\n>p1 move bodyslam\n>p2 move poisonjab\n>p1 switch 3\n>p2 move poisonjab\n>p1 move bravebird\n>p2 switch 5\n>p1 switch 5\n>p2 move flipturn\n>p2 switch 2\n>p1 switch 3\n>p2 move uturn\n>p2 switch 5\n>p1 move bodyslam\n>p2 move poisonjab\n>p1 move bodyslam\n>p2 move knockoff\n>p1 switch 4\n>p1 move moonblast\n>p2 switch 6\n>p1 move uturn\n>p2 move bodyslam\n>p1 switch 6\n>p1 move focusblast\n>p2 move bodyslam\n>p1 move focusblast\n>p2 move bodyslam\n>p1 move psychicnoise\n>p2 move bodyslam\n>p2 switch 5\n>p1 move focusblast\n>p2 move uturn\n>p2 switch 6\n>p2 switch 6\n>p1 switch 6\n>p2 move uturn\n>p2 switch 3\n>p1 switch 6\n>p2 move beakblast\n>p1 switch 3\n>p1 move dynamaxcannon\n>p2 move beakblast\n>p1 move dynamaxcannon\n>p2 move knockoff\n>p2 switch 3\n>p1 move recover\n>p2 move uturn\n>p2 switch 4\n>p1 move sludgebomb\n>p2 move calmmind terastallize\n>p1 switch 5\n>p2 move moonblast\n>p1 switch 2\n>p1 move calmmind\n>p2 move moonlight\n>p1 move hydropump\n>p2 move calmmind\n>p1 move hydropump\n>p2 move moonblast\n>chat \u2606Donpalinho|Smart!\n>p1 switch 5\n>p1 move sludgebomb\n>p2 move moonblast\n>p1 move sludgebomb\n>p2 move moonblast\n>p1 switch 6\n>p1 move moonblast\n>p2 move moonblast", "uploadtime": 1781462236, "views": 5, "formatid": "gen9randombattle", "rating": null, "private": 0, "password": null}