{"id": "gen9randombattle-2632005117", "format": "[Gen 9] Random Battle", "players": ["Kodken", "Bifstek"], "log": "|j|\u2606Kodken\n|j|\u2606Bifstek\n|t:|1781465048\n|gametype|singles\n|player|p1|Kodken|102|\n|player|p2|Bifstek|266|\n|gen|9\n|tier|[Gen 9] Random Battle\n|rule|Species Clause: Limit one of each Pok\u00e9mon\n|rule|HP Percentage Mod: HP is shown in percentages\n|rule|Sleep Clause Mod: Limit one foe put to sleep\n|rule|Illusion Level Mod: Illusion disguises the Pok\u00e9mon's true level\n|\n|t:|1781465048\n|teamsize|p1|6\n|teamsize|p2|6\n|start\n|switch|p1a: Scizor|Scizor, L79, M|240/240\n|switch|p2a: Zarude|Zarude, L77|288/288\n|turn|1\n|\n|t:|1781465066\n|-terastallize|p2a: Zarude|Dark\n|move|p2a: Zarude|Power Whip|p1a: Scizor\n|-resisted|p1a: Scizor\n|-damage|p1a: Scizor|192/240\n|move|p1a: Scizor|Close Combat|p2a: Zarude\n|-supereffective|p2a: Zarude\n|-damage|p2a: Zarude|38/288\n|-unboost|p1a: Scizor|def|1\n|-unboost|p1a: Scizor|spd|1\n|\n|upkeep\n|turn|2\n|\n|t:|1781465089\n|move|p2a: Zarude|Power Whip|p1a: Scizor\n|-resisted|p1a: Scizor\n|-damage|p1a: Scizor|126/240\n|move|p1a: Scizor|Close Combat|p2a: Zarude\n|-supereffective|p2a: Zarude\n|-damage|p2a: Zarude|0 fnt\n|-unboost|p1a: Scizor|def|1\n|-unboost|p1a: Scizor|spd|1\n|faint|p2a: Zarude\n|\n|upkeep\n|\n|t:|1781465100\n|switch|p2a: Magcargo|Magcargo, L95, F|268/268\n|turn|3\n|inactive|Battle timer is ON: inactive players will automatically lose when time's up. (requested by Bifstek)\n|\n|t:|1781465115\n|switch|p1a: Talonflame|Talonflame, L83, F|265/265\n|move|p2a: Magcargo|Lava Plume|p1a: Talonflame\n|-resisted|p1a: Talonflame\n|-damage|p1a: Talonflame|205/265\n|\n|upkeep\n|turn|4\n|\n|t:|1781465125\n|move|p1a: Talonflame|Brave Bird|p2a: Magcargo\n|-resisted|p2a: Magcargo\n|-damage|p2a: Magcargo|229/268\n|-damage|p1a: Talonflame|192/265|[from] Recoil\n|move|p2a: Magcargo|Yawn|p1a: Talonflame\n|-start|p1a: Talonflame|move: Yawn|[of] p2a: Magcargo\n|\n|upkeep\n|turn|5\n|\n|t:|1781465137\n|move|p1a: Talonflame|Brave Bird|p2a: Magcargo\n|-resisted|p2a: Magcargo\n|-damage|p2a: Magcargo|190/268\n|-damage|p1a: Talonflame|179/265|[from] Recoil\n|move|p2a: Magcargo|Recover|p2a: Magcargo\n|-heal|p2a: Magcargo|268/268\n|\n|-end|p1a: Talonflame|move: Yawn|[silent]\n|-status|p1a: Talonflame|slp\n|upkeep\n|turn|6\n|\n|t:|1781465147\n|switch|p1a: Alomomola|Alomomola, L87, F|429/429\n|move|p2a: Magcargo|Power Gem|p1a: Alomomola\n|-damage|p1a: Alomomola|264/429\n|\n|upkeep\n|turn|7\n|\n|t:|1781465156\n|move|p1a: Alomomola|Flip Turn|p2a: Magcargo\n|-supereffective|p2a: Magcargo\n|-damage|p2a: Magcargo|112/268\n|\n|t:|1781465167\n|switch|p1a: Rampardos|Rampardos, L90, M|321/321|[from] Flip Turn\n|move|p2a: Magcargo|Power Gem|p1a: Rampardos\n|-damage|p1a: Rampardos|189/321\n|\n|upkeep\n|turn|8\n|\n|t:|1781465176\n|move|p1a: Rampardos|Earthquake|p2a: Magcargo\n|-supereffective|p2a: Magcargo\n|-damage|p2a: Magcargo|0 fnt\n|faint|p2a: Magcargo\n|\n|upkeep\n|\n|t:|1781465184\n|switch|p2a: Fezandipiti|Fezandipiti, L82, M|278/278\n|turn|9\n|\n|t:|1781465204\n|switch|p1a: Spidops|Spidops, L96, M|271/271\n|move|p2a: Fezandipiti|Gunk Shot|p1a: Spidops\n|-damage|p1a: Spidops|171/271\n|\n|upkeep\n|turn|10\n|\n|t:|1781465214\n|move|p2a: Fezandipiti|Swords Dance|p2a: Fezandipiti\n|-boost|p2a: Fezandipiti|atk|2\n|move|p1a: Spidops|Spikes|p2a: Fezandipiti\n|-sidestart|p2: Bifstek|Spikes\n|\n|upkeep\n|turn|11\n|\n|t:|1781465222\n|move|p2a: Fezandipiti|Tera Blast|p1a: Spidops\n|-damage|p1a: Spidops|130/271\n|move|p1a: Spidops|Spikes|p2a: Fezandipiti\n|-sidestart|p2: Bifstek|Spikes\n|\n|upkeep\n|turn|12\n|\n|t:|1781465229\n|move|p2a: Fezandipiti|Gunk Shot|p1a: Spidops|[miss]\n|-miss|p2a: Fezandipiti|p1a: Spidops\n|move|p1a: Spidops|Sticky Web|p2a: Fezandipiti\n|-sidestart|p2: Bifstek|move: Sticky Web\n|\n|upkeep\n|turn|13\n|\n|t:|1781465235\n|move|p2a: Fezandipiti|Play Rough|p1a: Spidops\n|-damage|p1a: Spidops|0 fnt\n|faint|p1a: Spidops\n|\n|upkeep\n|\n|t:|1781465243\n|switch|p1a: Terrakion|Terrakion, L79|273/273\n|turn|14\n|\n|t:|1781465250\n|move|p1a: Terrakion|Swords Dance|p1a: Terrakion\n|-boost|p1a: Terrakion|atk|2\n|move|p2a: Fezandipiti|Play Rough|p1a: Terrakion\n|-supereffective|p1a: Terrakion\n|-damage|p1a: Terrakion|0 fnt\n|faint|p1a: Terrakion\n|\n|upkeep\n|\n|t:|1781465258\n|switch|p1a: Scizor|Scizor, L79, M|126/240\n|turn|15\n|\n|t:|1781465271\n|move|p1a: Scizor|Bullet Punch|p2a: Fezandipiti\n|-supereffective|p2a: Fezandipiti\n|-damage|p2a: Fezandipiti|54/278\n|move|p2a: Fezandipiti|Gunk Shot|p1a: Scizor\n|-immune|p1a: Scizor\n|\n|-heal|p2a: Fezandipiti|71/278|[from] item: Leftovers\n|upkeep\n|turn|16\n|\n|t:|1781465280\n|move|p1a: Scizor|Bullet Punch|p2a: Fezandipiti\n|-supereffective|p2a: Fezandipiti\n|-damage|p2a: Fezandipiti|0 fnt\n|faint|p2a: Fezandipiti\n|\n|upkeep\n|\n|t:|1781465287\n|switch|p2a: Politoed|Politoed, L88, F|302/302\n|-damage|p2a: Politoed|252/302|[from] Spikes\n|-activate|p2a: Politoed|move: Sticky Web\n|-unboost|p2a: Politoed|spe|1\n|-weather|RainDance|[from] ability: Drizzle|[of] p2a: Politoed\n|turn|17\n|\n|t:|1781465301\n|switch|p1a: Rampardos|Rampardos, L90, M|189/321\n|move|p2a: Politoed|Ice Beam|p1a: Rampardos\n|-damage|p1a: Rampardos|92/321\n|\n|-weather|RainDance|[upkeep]\n|-heal|p2a: Politoed|270/302|[from] item: Leftovers\n|upkeep\n|turn|18\n|\n|t:|1781465312\n|move|p1a: Rampardos|Earthquake|p2a: Politoed\n|-damage|p2a: Politoed|140/302\n|move|p2a: Politoed|Ice Beam|p1a: Rampardos\n|-damage|p1a: Rampardos|0 fnt\n|faint|p1a: Rampardos\n|\n|-weather|RainDance|[upkeep]\n|-heal|p2a: Politoed|158/302|[from] item: Leftovers\n|upkeep\n|\n|t:|1781465319\n|switch|p1a: Scizor|Scizor, L79, M|126/240\n|turn|19\n|\n|t:|1781465330\n|move|p1a: Scizor|Bullet Punch|p2a: Politoed\n|-resisted|p2a: Politoed\n|-damage|p2a: Politoed|100/302\n|move|p2a: Politoed|Hydro Pump|p1a: Scizor\n|-damage|p1a: Scizor|0 fnt\n|faint|p1a: Scizor\n|\n|-weather|RainDance|[upkeep]\n|-heal|p2a: Politoed|118/302|[from] item: Leftovers\n|upkeep\n|\n|t:|1781465349\n|switch|p1a: Alomomola|Alomomola, L87, F|407/429\n|turn|20\n|\n|t:|1781465356\n|move|p1a: Alomomola|Scald|p2a: Politoed\n|-resisted|p2a: Politoed\n|-damage|p2a: Politoed|88/302\n|-status|p2a: Politoed|brn\n|move|p2a: Politoed|Ice Beam|p1a: Alomomola\n|-resisted|p1a: Alomomola\n|-damage|p1a: Alomomola|358/429\n|-status|p1a: Alomomola|frz\n|\n|-weather|RainDance|[upkeep]\n|-heal|p2a: Politoed|106/302 brn|[from] item: Leftovers\n|-damage|p2a: Politoed|88/302 brn|[from] brn\n|upkeep\n|turn|21\n|\n|t:|1781465377\n|-curestatus|p1a: Alomomola|frz|[from] move: Scald\n|move|p1a: Alomomola|Scald|p2a: Politoed\n|-resisted|p2a: Politoed\n|-damage|p2a: Politoed|56/302 brn\n|move|p2a: Politoed|Hypnosis|p1a: Alomomola\n|-message|Sleep Clause Mod activated.\n|-hint|Sleep Clause Mod prevents players from putting more than one of their opponent's Pok\u00e9mon to sleep at a time\n|\n|-weather|none\n|-heal|p2a: Politoed|74/302 brn|[from] item: Leftovers\n|-damage|p2a: Politoed|56/302 brn|[from] brn\n|upkeep\n|turn|22\n|\n|t:|1781465392\n|move|p1a: Alomomola|Flip Turn|p2a: Politoed\n|-resisted|p2a: Politoed\n|-damage|p2a: Politoed|26/302 brn\n|\n|t:|1781465403\n|switch|p1a: Talonflame|Talonflame, L83, F|179/265 slp|[from] Flip Turn\n|move|p2a: Politoed|Encore||[still]\n|-fail|p2a: Politoed\n|\n|-heal|p2a: Politoed|44/302 brn|[from] item: Leftovers\n|-damage|p2a: Politoed|26/302 brn|[from] brn\n|upkeep\n|turn|23\n|\n|t:|1781465415\n|cant|p1a: Talonflame|slp\n|move|p2a: Politoed|Ice Beam|p1a: Talonflame\n|-damage|p1a: Talonflame|97/265 slp\n|\n|-heal|p2a: Politoed|44/302 brn|[from] item: Leftovers\n|-damage|p2a: Politoed|26/302 brn|[from] brn\n|upkeep\n|turn|24\n|\n|t:|1781465424\n|cant|p1a: Talonflame|slp\n|move|p2a: Politoed|Ice Beam|p1a: Talonflame\n|-damage|p1a: Talonflame|13/265 slp\n|\n|-heal|p2a: Politoed|44/302 brn|[from] item: Leftovers\n|-damage|p2a: Politoed|26/302 brn|[from] brn\n|upkeep\n|turn|25\n|\n|t:|1781465433\n|switch|p1a: Alomomola|Alomomola, L87, F|429/429\n|move|p2a: Politoed|Ice Beam|p1a: Alomomola\n|-resisted|p1a: Alomomola\n|-damage|p1a: Alomomola|375/429\n|\n|-heal|p2a: Politoed|44/302 brn|[from] item: Leftovers\n|-damage|p2a: Politoed|26/302 brn|[from] brn\n|upkeep\n|turn|26\n|\n|t:|1781465444\n|switch|p2a: Tsareena|Tsareena, L87, F|267/267\n|move|p1a: Alomomola|Protect||[still]\n|-fail|p1a: Alomomola\n|\n|upkeep\n|turn|27\n|\n|t:|1781465455\n|move|p2a: Tsareena|Power Whip|p1a: Alomomola\n|-supereffective|p1a: Alomomola\n|-damage|p1a: Alomomola|31/429\n|move|p1a: Alomomola|Scald|p2a: Tsareena\n|-resisted|p2a: Tsareena\n|-damage|p2a: Tsareena|246/267\n|\n|upkeep\n|turn|28\n|\n|t:|1781465463\n|-terastallize|p1a: Alomomola|Steel\n|move|p2a: Tsareena|Power Whip|p1a: Alomomola\n|-resisted|p1a: Alomomola\n|-damage|p1a: Alomomola|0 fnt\n|faint|p1a: Alomomola\n|\n|upkeep\n|\n|t:|1781465467\n|switch|p1a: Talonflame|Talonflame, L83, F|13/265 slp\n|turn|29\n|\n|t:|1781465475\n|cant|p1a: Talonflame|slp\n|move|p2a: Tsareena|Rapid Spin|p1a: Talonflame\n|-damage|p1a: Talonflame|0 fnt\n|-boost|p2a: Tsareena|spe|1\n|-status|p2a: Tsareena|brn|[from] ability: Flame Body|[of] p1a: Talonflame\n|-sideend|p2: Bifstek|Spikes|[from] move: Rapid Spin|[of] p2a: Tsareena\n|-sideend|p2: Bifstek|Sticky Web|[from] move: Rapid Spin|[of] p2a: Tsareena\n|faint|p1a: Talonflame\n|\n|win|Bifstek\n|l|\u2606Kodken\n|player|p1|\n", "uploadtime": 1781465502, "views": 13, "formatid": "gen9randombattle", "rating": null, "private": 0, "password": null}