{"id": "gen9randombattle-2631450844", "format": "[Gen 9] Random Battle", "players": ["Evan169", "chive456"], "log": "|j|\u2606Evan169\n|j|\u2606chive456\n|t:|1781386219\n|gametype|singles\n|player|p1|Evan169|blackbelt-gen4dp|1545\n|player|p2|chive456|clair|1572\n|gen|9\n|tier|[Gen 9] Random Battle\n|rated|\n|rule|Species Clause: Limit one of each Pok\u00e9mon\n|rule|HP Percentage Mod: HP is shown in percentages\n|rule|Sleep Clause Mod: Limit one foe put to sleep\n|rule|Illusion Level Mod: Illusion disguises the Pok\u00e9mon's true level\n|\n|t:|1781386219\n|teamsize|p1|6\n|teamsize|p2|6\n|start\n|switch|p1a: Ribombee|Ribombee, L83, M|235/235\n|switch|p2a: Pachirisu|Pachirisu, L96, M|271/271\n|turn|1\n|inactive|Battle timer is ON: inactive players will automatically lose when time's up. (requested by chive456)\n|\n|t:|1781386241\n|-terastallize|p1a: Ribombee|Ground\n|move|p1a: Ribombee|Quiver Dance|p1a: Ribombee\n|-boost|p1a: Ribombee|spa|1\n|-boost|p1a: Ribombee|spd|1\n|-boost|p1a: Ribombee|spe|1\n|move|p2a: Pachirisu|Encore|p1a: Ribombee\n|-start|p1a: Ribombee|Encore\n|\n|upkeep\n|turn|2\n|\n|t:|1781386251\n|move|p1a: Ribombee|Quiver Dance|p1a: Ribombee\n|-boost|p1a: Ribombee|spa|1\n|-boost|p1a: Ribombee|spd|1\n|-boost|p1a: Ribombee|spe|1\n|move|p2a: Pachirisu|U-turn|p1a: Ribombee\n|-damage|p1a: Ribombee|187/235\n|\n|t:|1781386254\n|switch|p2a: Primarina|Primarina, L83, F|268/268|[from] U-turn\n|\n|upkeep\n|turn|3\n|\n|t:|1781386257\n|move|p1a: Ribombee|Quiver Dance|p1a: Ribombee\n|-boost|p1a: Ribombee|spa|1\n|-boost|p1a: Ribombee|spd|1\n|-boost|p1a: Ribombee|spe|1\n|move|p2a: Primarina|Sparkling Aria|p1a: Ribombee\n|-supereffective|p1a: Ribombee\n|-damage|p1a: Ribombee|83/235\n|\n|upkeep\n|turn|4\n|\n|t:|1781386265\n|move|p1a: Ribombee|Quiver Dance|p1a: Ribombee\n|-boost|p1a: Ribombee|spa|1\n|-boost|p1a: Ribombee|spd|1\n|-boost|p1a: Ribombee|spe|1\n|move|p2a: Primarina|Sparkling Aria|p1a: Ribombee\n|-supereffective|p1a: Ribombee\n|-damage|p1a: Ribombee|0 fnt\n|faint|p1a: Ribombee\n|\n|upkeep\n|inactive|Evan169 has 120 seconds left.\n|\n|t:|1781386318\n|switch|p1a: Whimsicott|Whimsicott, L84, F|238/238\n|turn|5\n|\n|t:|1781386332\n|switch|p2a: Pachirisu|Pachirisu, L96, M|271/271\n|move|p1a: Whimsicott|Stun Spore|p2a: Pachirisu\n|-immune|p2a: Pachirisu\n|\n|upkeep\n|turn|6\n|\n|t:|1781386344\n|move|p1a: Whimsicott|Moonblast|p2a: Pachirisu\n|-damage|p2a: Pachirisu|193/271\n|move|p2a: Pachirisu|Super Fang|p1a: Whimsicott\n|-damage|p1a: Whimsicott|119/238\n|\n|upkeep\n|turn|7\n|\n|t:|1781386356\n|move|p1a: Whimsicott|Moonblast|p2a: Pachirisu\n|-crit|p2a: Pachirisu\n|-damage|p2a: Pachirisu|90/271\n|move|p2a: Pachirisu|Encore|p1a: Whimsicott\n|-start|p1a: Whimsicott|Encore\n|\n|upkeep\n|turn|8\n|\n|t:|1781386361\n|switch|p2a: Pyroar|Pyroar, L88, F|295/295\n|-ability|p2a: Pyroar|Unnerve\n|move|p1a: Whimsicott|Moonblast|p2a: Pyroar\n|-resisted|p2a: Pyroar\n|-damage|p2a: Pyroar|246/295\n|\n|upkeep\n|turn|9\n|\n|t:|1781386368\n|switch|p1a: Skuntank|Skuntank, L84, F|310/310\n|move|p2a: Pyroar|Hyper Voice|p1a: Skuntank\n|-damage|p1a: Skuntank|159/310\n|\n|-heal|p1a: Skuntank|178/310|[from] item: Leftovers\n|upkeep\n|turn|10\n|\n|t:|1781386378\n|move|p2a: Pyroar|Fire Blast|p1a: Skuntank\n|-damage|p1a: Skuntank|0 fnt\n|faint|p1a: Skuntank\n|\n|upkeep\n|-message|Evan169 forfeited.\n|\n|win|chive456\n|raw|Evan169's rating: 1545 &rarr; <strong>1527</strong><br />(-18 for losing)\n|raw|chive456's rating: 1572 &rarr; <strong>1590</strong><br />(+18 for winning)\n|l|\u2606Evan169\n|player|p1|\n", "inputlog": ">version a8376a258c1d4662feba110a92103f3664a72141\n>start {\"formatid\":\"gen9randombattle\",\"seed\":\"sodium,b83e2aa1dd1baf45e5da78de1b39e79e\",\"rated\":\"Rated battle\"}\n>player p1 {\"name\":\"Evan169\",\"avatar\":\"blackbelt-gen4dp\",\"rating\":1545,\"seed\":\"sodium,8e41f7681aa3a57a9c621b990e2d8e83\"}\n>player p2 {\"name\":\"chive456\",\"avatar\":\"clair\",\"rating\":1572,\"seed\":\"sodium,0bc6c86cf6e27d1f634e5d4153b9f8ba\"}\n>p1 move quiverdance terastallize\n>p2 move encore\n>p1 move quiverdance\n>p2 move uturn\n>p2 switch 5\n>p1 move quiverdance\n>p2 move sparklingaria\n>p1 move quiverdance\n>p2 move sparklingaria\n>p1 switch 6\n>p1 move stunspore\n>p2 switch 5\n>p1 move moonblast\n>p2 move superfang\n>p1 move moonblast\n>p2 move encore\n>p1 move moonblast\n>p2 switch 6\n>p1 switch 5\n>p2 move hypervoice\n>p1 move knockoff\n>p2 move fireblast\n>forcelose p1", "uploadtime": 1781386383, "views": 4, "formatid": "gen9randombattle", "rating": 1527, "private": 0, "password": null}