{"id": "gen9randombattle-2631408866", "format": "[Gen 9] Random Battle", "players": ["merl1ygo", "Benbougami"], "log": "|j|\u2606merl1ygo\n|j|\u2606Benbougami\n|t:|1781381121\n|gametype|singles\n|player|p1|merl1ygo|guitarist-gen4|1506\n|player|p2|Benbougami|roughneck|1554\n|gen|9\n|tier|[Gen 9] Random Battle\n|rated|\n|rule|Species Clause: Limit one of each Pok\u00e9mon\n|rule|HP Percentage Mod: HP is shown in percentages\n|rule|Sleep Clause Mod: Limit one foe put to sleep\n|rule|Illusion Level Mod: Illusion disguises the Pok\u00e9mon's true level\n|\n|t:|1781381121\n|teamsize|p1|6\n|teamsize|p2|6\n|start\n|switch|p1a: Falinks|Falinks, L84|246/246\n|switch|p2a: Raging Bolt|Raging Bolt, L78|323/323\n|turn|1\n|inactive|Battle timer is ON: inactive players will automatically lose when time's up. (requested by Benbougami)\n|\n|t:|1781381145\n|move|p1a: Falinks|Knock Off|p2a: Raging Bolt\n|-damage|p2a: Raging Bolt|224/323\n|-enditem|p2a: Raging Bolt|Assault Vest|[from] move: Knock Off|[of] p1a: Falinks\n|-damage|p1a: Falinks|222/246|[from] item: Life Orb\n|move|p2a: Raging Bolt|Discharge|p1a: Falinks\n|-damage|p1a: Falinks|104/246\n|\n|upkeep\n|turn|2\n|\n|t:|1781381158\n|switch|p1a: Gastrodon|Gastrodon, L86, F|331/331\n|move|p2a: Raging Bolt|Thunderclap||[still]\n|-fail|p2a: Raging Bolt\n|\n|upkeep\n|turn|3\n|\n|t:|1781381166\n|-end|p2a: Raging Bolt|Protosynthesis|[silent]\n|switch|p2a: Masquerain|Masquerain, L87, M|264/264\n|-ability|p2a: Masquerain|Intimidate|boost\n|-unboost|p1a: Gastrodon|atk|1\n|move|p1a: Gastrodon|Stealth Rock|p2a: Masquerain\n|-sidestart|p2: Benbougami|move: Stealth Rock\n|\n|upkeep\n|turn|4\n|\n|t:|1781381170\n|move|p2a: Masquerain|Quiver Dance|p2a: Masquerain\n|-boost|p2a: Masquerain|spa|1\n|-boost|p2a: Masquerain|spd|1\n|-boost|p2a: Masquerain|spe|1\n|move|p1a: Gastrodon|Ice Beam|p2a: Masquerain\n|-supereffective|p2a: Masquerain\n|-damage|p2a: Masquerain|180/264\n|\n|upkeep\n|turn|5\n|inactive|Benbougami has 120 seconds left.\n|\n|t:|1781381207\n|move|p2a: Masquerain|Hurricane|p1a: Gastrodon\n|-damage|p1a: Gastrodon|121/331\n|move|p1a: Gastrodon|Ice Beam|p2a: Masquerain\n|-supereffective|p2a: Masquerain\n|-damage|p2a: Masquerain|86/264\n|\n|-heal|p1a: Gastrodon|141/331|[from] item: Leftovers\n|upkeep\n|turn|6\n|inactive|Benbougami has 120 seconds left.\n|inactive|merl1ygo has 120 seconds left.\n|\n|t:|1781381225\n|-terastallize|p1a: Gastrodon|Steel\n|move|p2a: Masquerain|Bug Buzz|p1a: Gastrodon\n|-resisted|p1a: Gastrodon\n|-damage|p1a: Gastrodon|58/331\n|move|p1a: Gastrodon|Ice Beam|p2a: Masquerain\n|-supereffective|p2a: Masquerain\n|-damage|p2a: Masquerain|0 fnt\n|faint|p2a: Masquerain\n|\n|-heal|p1a: Gastrodon|78/331|[from] item: Leftovers\n|upkeep\n|\n|t:|1781381235\n|switch|p2a: Raging Bolt|Raging Bolt, L78|224/323\n|-damage|p2a: Raging Bolt|184/323|[from] Stealth Rock\n|turn|7\n|inactive|merl1ygo has 120 seconds left.\n|\n|t:|1781381253\n|move|p2a: Raging Bolt|Discharge|p1a: Gastrodon\n|-damage|p1a: Gastrodon|0 fnt\n|faint|p1a: Gastrodon\n|\n|upkeep\n|inactive|merl1ygo has 120 seconds left.\n|\n|t:|1781381263\n|switch|p1a: Kricketune|Kricketune, L99, F|312/312\n|turn|8\n|\n|t:|1781381267\n|-end|p2a: Raging Bolt|Protosynthesis|[silent]\n|switch|p2a: Swanna|Swanna, L89, M|278/278\n|move|p1a: Kricketune|Sticky Web|p2a: Swanna\n|-sidestart|p2: Benbougami|move: Sticky Web\n|\n|upkeep\n|turn|9\n|\n|t:|1781381279\n|switch|p1a: Drifblim|Drifblim, L86, F|398/398\n|move|p2a: Swanna|Defog|p1a: Drifblim\n|-unboost|p1a: Drifblim|evasion|1\n|-sideend|p2: Benbougami|Stealth Rock|[from] move: Defog|[of] p2a: Swanna\n|-sideend|p2: Benbougami|Sticky Web|[from] move: Defog|[of] p2a: Swanna\n|\n|upkeep\n|turn|10\n|\n|t:|1781381284\n|switch|p2a: Dudunsparce|Dudunsparce, L83, F|343/343\n|move|p1a: Drifblim|Shadow Ball|p2a: Dudunsparce\n|-immune|p2a: Dudunsparce\n|\n|upkeep\n|turn|11\n|\n|t:|1781381298\n|switch|p1a: Skeledirge|Skeledirge, L79, F|294/294\n|move|p2a: Dudunsparce|Glare|p1a: Skeledirge\n|-status|p1a: Skeledirge|par\n|\n|upkeep\n|turn|12\n|\n|t:|1781381310\n|switch|p2a: Swanna|Swanna, L89, M|278/278\n|move|p1a: Skeledirge|Will-O-Wisp|p2a: Swanna\n|-status|p2a: Swanna|brn\n|\n|-damage|p2a: Swanna|261/278 brn|[from] brn\n|upkeep\n|turn|13\n|\n|t:|1781381330\n|switch|p1a: Drifblim|Drifblim, L86, F|398/398\n|move|p2a: Swanna|Hydro Pump|p1a: Drifblim\n|-damage|p1a: Drifblim|233/398\n|\n|-damage|p2a: Swanna|244/278 brn|[from] brn\n|upkeep\n|turn|14\n|\n|t:|1781381336\n|switch|p2a: Dudunsparce|Dudunsparce, L83, F|343/343\n|move|p1a: Drifblim|Strength Sap|p2a: Dudunsparce\n|-unboost|p2a: Dudunsparce|atk|1\n|-heal|p1a: Drifblim|398/398\n|\n|upkeep\n|turn|15\n|\n|t:|1781381340\n|move|p1a: Drifblim|Air Slash|p2a: Dudunsparce\n|-damage|p2a: Dudunsparce|247/343\n|move|p2a: Dudunsparce|Glare|p1a: Drifblim\n|-status|p1a: Drifblim|par\n|\n|-heal|p2a: Dudunsparce|268/343|[from] item: Leftovers\n|upkeep\n|turn|16\n|\n|t:|1781381351\n|switch|p2a: Farigiraf|Farigiraf, L90, F|362/362\n|switch|p1a: Okidogi|Okidogi, L77, M|262/262\n|\n|upkeep\n|turn|17\n|-message|merl1ygo forfeited.\n|\n|win|Benbougami\n|raw|merl1ygo's rating: 1506 &rarr; <strong>1489</strong><br />(-17 for losing)\n|raw|Benbougami's rating: 1554 &rarr; <strong>1571</strong><br />(+17 for winning)\n|l|\u2606merl1ygo\n|player|p1|\n", "uploadtime": 1781381360, "views": 7, "formatid": "gen9randombattle", "rating": 1489, "private": 0, "password": null}