{"id": "gen9randombattle-2631371655", "format": "[Gen 9] Random Battle", "players": ["SSlimeyy", "UnviaSai"], "log": "|j|\u2606SSlimeyy\n|j|\u2606UnviaSai\n|t:|1781376824\n|gametype|singles\n|player|p1|SSlimeyy|266|2183\n|player|p2|UnviaSai|unknown|2165\n|gen|9\n|tier|[Gen 9] Random Battle\n|rated|\n|rule|Species Clause: Limit one of each Pok\u00e9mon\n|rule|HP Percentage Mod: HP is shown in percentages\n|rule|Sleep Clause Mod: Limit one foe put to sleep\n|rule|Illusion Level Mod: Illusion disguises the Pok\u00e9mon's true level\n|\n|t:|1781376824\n|teamsize|p1|6\n|teamsize|p2|6\n|start\n|switch|p1a: Illumise|Illumise, L91, F|266/266\n|switch|p2a: Dialga|Dialga, L73|266/266\n|-ability|p2a: Dialga|Pressure\n|turn|1\n|\n|t:|1781376832\n|move|p1a: Illumise|Thunder Wave|p2a: Dialga\n|-status|p2a: Dialga|par\n|move|p2a: Dialga|Fire Blast|p1a: Illumise\n|-supereffective|p1a: Illumise\n|-damage|p1a: Illumise|120/266\n|\n|upkeep\n|turn|2\n|inactive|Battle timer is ON: inactive players will automatically lose when time's up. (requested by SSlimeyy)\n|\n|t:|1781376841\n|move|p1a: Illumise|Roost|p1a: Illumise\n|-heal|p1a: Illumise|253/266\n|-singleturn|p1a: Illumise|move: Roost\n|move|p2a: Dialga|Fire Blast|p1a: Illumise\n|-supereffective|p1a: Illumise\n|-damage|p1a: Illumise|87/266\n|\n|upkeep\n|turn|3\n|\n|t:|1781376844\n|move|p1a: Illumise|Roost|p1a: Illumise\n|-heal|p1a: Illumise|220/266\n|-singleturn|p1a: Illumise|move: Roost\n|cant|p2a: Dialga|par\n|\n|upkeep\n|turn|4\n|\n|t:|1781376852\n|switch|p1a: Braviary|Braviary, L85, M|309/309\n|move|p2a: Dialga|Dragon Tail|p1a: Braviary\n|-damage|p1a: Braviary|246/309\n|drag|p1a: Dipplin|Dipplin, L88, F|284/284\n|\n|upkeep\n|turn|5\n|\n|t:|1781376857\n|move|p1a: Dipplin|Dragon Pulse|p2a: Dialga\n|-damage|p2a: Dialga|200/266 par\n|cant|p2a: Dialga|par\n|\n|upkeep\n|turn|6\n|\n|t:|1781376861\n|move|p2a: Dialga|Draco Meteor|p1a: Dipplin\n|-supereffective|p1a: Dipplin\n|-damage|p1a: Dipplin|74/284\n|-unboost|p2a: Dialga|spa|2\n|move|p1a: Dipplin|Dragon Tail|p2a: Dialga|[miss]\n|-miss|p1a: Dipplin|p2a: Dialga\n|\n|upkeep\n|turn|7\n|\n|t:|1781376864\n|move|p1a: Dipplin|Recover|p1a: Dipplin\n|-heal|p1a: Dipplin|216/284\n|cant|p2a: Dialga|par\n|\n|upkeep\n|turn|8\n|\n|t:|1781376867\n|move|p1a: Dipplin|Dragon Pulse|p2a: Dialga\n|-damage|p2a: Dialga|130/266 par\n|cant|p2a: Dialga|par\n|\n|upkeep\n|turn|9\n|\n|t:|1781376871\n|move|p1a: Dipplin|Dragon Pulse|p2a: Dialga\n|-damage|p2a: Dialga|61/266 par\n|move|p2a: Dialga|Dragon Tail|p1a: Dipplin\n|-supereffective|p1a: Dipplin\n|-damage|p1a: Dipplin|156/284\n|drag|p1a: Illumise|Illumise, L91, F|220/266\n|\n|upkeep\n|turn|10\n|\n|t:|1781376877\n|move|p1a: Illumise|Encore|p2a: Dialga\n|-start|p2a: Dialga|Encore\n|cant|p2a: Dialga|par\n|\n|upkeep\n|turn|11\n|\n|t:|1781376879\n|move|p1a: Illumise|Bug Buzz|p2a: Dialga\n|-resisted|p2a: Dialga\n|-damage|p2a: Dialga|27/266 par\n|move|p2a: Dialga|Dragon Tail|p1a: Illumise\n|-crit|p1a: Illumise\n|-damage|p1a: Illumise|135/266\n|drag|p1a: Braviary|Braviary, L85, M|246/309\n|\n|upkeep\n|turn|12\n|\n|t:|1781376884\n|move|p1a: Braviary|Brave Bird|p2a: Dialga\n|-resisted|p2a: Dialga\n|-crit|p2a: Dialga\n|-damage|p2a: Dialga|0 fnt\n|faint|p2a: Dialga\n|-damage|p1a: Braviary|237/309|[from] Recoil\n|\n|upkeep\n|\n|t:|1781376891\n|switch|p2a: Politoed|Politoed, L88, F|302/302\n|-weather|RainDance|[from] ability: Drizzle|[of] p2a: Politoed\n|turn|13\n|\n|t:|1781376895\n|switch|p1a: Illumise|Illumise, L91, F|135/266\n|move|p2a: Politoed|Ice Beam|p1a: Illumise\n|-damage|p1a: Illumise|76/266\n|\n|-weather|RainDance|[upkeep]\n|upkeep\n|turn|14\n|\n|t:|1781376898\n|move|p1a: Illumise|Thunder Wave|p2a: Politoed\n|-status|p2a: Politoed|par\n|cant|p2a: Politoed|par\n|\n|-weather|RainDance|[upkeep]\n|upkeep\n|turn|15\n|\n|t:|1781376900\n|move|p1a: Illumise|Roost|p1a: Illumise\n|-heal|p1a: Illumise|209/266\n|-singleturn|p1a: Illumise|move: Roost\n|move|p2a: Politoed|Hydro Pump|p1a: Illumise\n|-damage|p1a: Illumise|49/266\n|\n|-weather|RainDance|[upkeep]\n|upkeep\n|turn|16\n|\n|t:|1781376906\n|move|p1a: Illumise|Roost|p1a: Illumise\n|-heal|p1a: Illumise|182/266\n|-singleturn|p1a: Illumise|move: Roost\n|move|p2a: Politoed|Hydro Pump|p1a: Illumise\n|-damage|p1a: Illumise|20/266\n|\n|-weather|RainDance|[upkeep]\n|upkeep\n|turn|17\n|\n|t:|1781376909\n|move|p1a: Illumise|Bug Buzz|p2a: Politoed\n|-damage|p2a: Politoed|218/302 par\n|move|p2a: Politoed|Hydro Pump|p1a: Illumise\n|-damage|p1a: Illumise|0 fnt\n|faint|p1a: Illumise\n|\n|-weather|none\n|upkeep\n|\n|t:|1781376915\n|switch|p1a: Scovillain|Scovillain, L91, M|266/266\n|turn|18\n|\n|t:|1781376921\n|switch|p2a: Hydrapple|Hydrapple, L83, M|312/312\n|move|p1a: Scovillain|Energy Ball|p2a: Hydrapple\n|-resisted|p2a: Hydrapple\n|-crit|p2a: Hydrapple\n|-damage|p2a: Hydrapple|280/312\n|\n|upkeep\n|turn|19\n|\n|t:|1781376925\n|switch|p1a: Braviary|Braviary, L85, M|237/309\n|move|p2a: Hydrapple|Fickle Beam|p1a: Braviary|[anim] Fickle Beam All Out\n|-activate|p2a: Hydrapple|move: Fickle Beam\n|-damage|p1a: Braviary|23/309\n|\n|upkeep\n|turn|20\n|\n|t:|1781376928\n|switch|p2a: Dusknoir|Dusknoir, L89, M|225/225\n|-item|p1a: Braviary|Heavy-Duty Boots|[from] ability: Frisk|[of] p2a: Dusknoir\n|move|p1a: Braviary|Roost|p1a: Braviary\n|-heal|p1a: Braviary|178/309\n|-singleturn|p1a: Braviary|move: Roost\n|\n|upkeep\n|turn|21\n|\n|t:|1781376941\n|move|p1a: Braviary|Bulk Up|p1a: Braviary\n|-boost|p1a: Braviary|atk|1\n|-boost|p1a: Braviary|def|1\n|move|p2a: Dusknoir|Substitute|p2a: Dusknoir\n|-start|p2a: Dusknoir|Substitute\n|-damage|p2a: Dusknoir|169/225\n|\n|-heal|p2a: Dusknoir|183/225|[from] item: Leftovers\n|upkeep\n|turn|22\n|\n|t:|1781376948\n|-singleturn|p2a: Dusknoir|move: Focus Punch\n|move|p1a: Braviary|Brave Bird|p2a: Dusknoir\n|-end|p2a: Dusknoir|Substitute\n|-damage|p1a: Braviary|160/309|[from] Recoil|[of] p2a: Dusknoir\n|move|p2a: Dusknoir|Focus Punch|p1a: Braviary\n|-damage|p1a: Braviary|62/309\n|\n|-heal|p2a: Dusknoir|197/225|[from] item: Leftovers\n|upkeep\n|turn|23\n|\n|t:|1781376955\n|-singleturn|p2a: Dusknoir|move: Focus Punch\n|move|p1a: Braviary|Roost|p1a: Braviary\n|-heal|p1a: Braviary|217/309\n|-singleturn|p1a: Braviary|move: Roost\n|move|p2a: Dusknoir|Focus Punch|p1a: Braviary\n|-supereffective|p1a: Braviary\n|-damage|p1a: Braviary|25/309\n|\n|-heal|p2a: Dusknoir|211/225|[from] item: Leftovers\n|upkeep\n|turn|24\n|\n|t:|1781376958\n|-singleturn|p2a: Dusknoir|move: Focus Punch\n|move|p1a: Braviary|Brave Bird|p2a: Dusknoir\n|-damage|p2a: Dusknoir|54/225\n|-damage|p1a: Braviary|0 fnt|[from] Recoil\n|faint|p1a: Braviary\n|cant|p2a: Dusknoir|Focus Punch|Focus Punch\n|\n|-heal|p2a: Dusknoir|68/225|[from] item: Leftovers\n|upkeep\n|\n|t:|1781376961\n|switch|p1a: Wugtrio|Wugtrio, L91, F|212/212\n|turn|25\n|\n|t:|1781376965\n|switch|p2a: Hydrapple|Hydrapple, L83, M|312/312\n|move|p1a: Wugtrio|Throat Chop|p2a: Hydrapple\n|-damage|p2a: Hydrapple|233/312\n|-start|p2a: Hydrapple|Throat Chop|[silent]\n|\n|upkeep\n|turn|26\n|\n|t:|1781376972\n|switch|p1a: Dipplin|Dipplin, L88, F|156/284\n|move|p2a: Hydrapple|Fickle Beam|p1a: Dipplin\n|-supereffective|p1a: Dipplin\n|-damage|p1a: Dipplin|30/284\n|\n|-end|p2a: Hydrapple|Throat Chop|[silent]\n|upkeep\n|turn|27\n|\n|t:|1781376979\n|move|p1a: Dipplin|Dragon Pulse|p2a: Hydrapple\n|-supereffective|p2a: Hydrapple\n|-damage|p2a: Hydrapple|89/312\n|move|p2a: Hydrapple|Fickle Beam|p1a: Dipplin\n|-supereffective|p1a: Dipplin\n|-damage|p1a: Dipplin|0 fnt\n|faint|p1a: Dipplin\n|\n|upkeep\n|\n|t:|1781376983\n|switch|p1a: Scovillain|Scovillain, L91, M|266/266\n|turn|28\n|\n|t:|1781376987\n|switch|p2a: Politoed|Politoed, L88, F|218/302 par\n|-weather|RainDance|[from] ability: Drizzle|[of] p2a: Politoed\n|move|p1a: Scovillain|Flamethrower|p2a: Politoed\n|-resisted|p2a: Politoed\n|-damage|p2a: Politoed|193/302 par\n|\n|-weather|RainDance|[upkeep]\n|upkeep\n|turn|29\n|\n|t:|1781376991\n|switch|p1a: Dondozo|Dondozo, L78, F|362/362\n|move|p2a: Politoed|Rest|p2a: Politoed\n|-status|p2a: Politoed|slp|[from] move: Rest\n|-heal|p2a: Politoed|302/302 slp|[silent]\n|-enditem|p2a: Politoed|Chesto Berry|[eat]\n|-curestatus|p2a: Politoed|slp|[msg]\n|\n|-weather|RainDance|[upkeep]\n|upkeep\n|turn|30\n|-message|SSlimeyy forfeited.\n|\n|win|UnviaSai\n", "inputlog": ">version a8376a258c1d4662feba110a92103f3664a72141\n>start {\"formatid\":\"gen9randombattle\",\"seed\":\"sodium,5617d34719bae41612537b26e37e8bdb\",\"rated\":\"Rated battle\"}\n>player p1 {\"name\":\"SSlimeyy\",\"avatar\":\"266\",\"rating\":2183,\"seed\":\"sodium,5237074cc2a0d8c93d563ee58f66c88c\"}\n>player p2 {\"name\":\"UnviaSai\",\"avatar\":\"unknown\",\"rating\":2165,\"seed\":\"sodium,4e2ed6a6017a9bd912f91ed09ffb6386\"}\n>p1 move thunderwave\n>p2 move fireblast\n>p1 move roost\n>p2 move fireblast\n>p1 move roost\n>p2 move fireblast\n>p1 switch 4\n>p2 move dragontail\n>p1 move dragonpulse\n>p2 move dragontail\n>p1 move dragontail\n>p2 move dracometeor\n>p1 move recover\n>p2 move dragontail\n>p1 move dragonpulse\n>p2 move dragontail\n>p1 move dragonpulse\n>p2 move dragontail\n>p1 move encore\n>p2 move heavyslam\n>p1 move bugbuzz\n>p2 move dragontail\n>p1 move bravebird\n>p2 move dragontail\n>p2 switch 3\n>p1 switch 3\n>p2 move icebeam\n>p1 move thunderwave\n>p2 move hydropump\n>p1 move roost\n>p2 move hydropump\n>p1 move roost\n>p2 move hydropump\n>p1 move bugbuzz\n>p2 move hydropump\n>p1 switch 2\n>p1 move energyball\n>p2 switch 4\n>p1 switch 3\n>p2 move ficklebeam\n>p1 move roost\n>p2 switch 2\n>p1 move bulkup\n>p2 move substitute\n>p1 move bravebird\n>p2 move focuspunch\n>p1 move roost\n>p2 move focuspunch\n>p1 move bravebird\n>p2 move focuspunch\n>p1 switch 6\n>p1 move throatchop\n>p2 switch 2\n>p1 switch 4\n>p2 move ficklebeam\n>p1 move dragonpulse\n>p2 move ficklebeam\n>p1 switch 3\n>p1 move flamethrower\n>p2 switch 4\n>p1 switch 5\n>p2 move rest\n>forcelose p1", "uploadtime": 1781376826, "views": 8, "formatid": "gen9randombattle", "rating": null, "private": 0, "password": null}