{"id": "gen9randombattle-2631902013", "format": "[Gen 9] Random Battle", "players": ["Skyrack", "1001001sos"], "log": "|j|\u2606Skyrack\n|j|\u26061001001sos\n|t:|1781453765\n|gametype|singles\n|player|p1|Skyrack|ethan-masters|2105\n|player|p2|1001001sos|pokemonranger|2098\n|gen|9\n|tier|[Gen 9] Random Battle\n|rated|\n|rule|Species Clause: Limit one of each Pok\u00e9mon\n|rule|HP Percentage Mod: HP is shown in percentages\n|rule|Sleep Clause Mod: Limit one foe put to sleep\n|rule|Illusion Level Mod: Illusion disguises the Pok\u00e9mon's true level\n|\n|t:|1781453765\n|teamsize|p1|6\n|teamsize|p2|6\n|start\n|switch|p1a: Tinkaton|Tinkaton, L82, F|274/274\n|switch|p2a: Grimmsnarl|Grimmsnarl, L83, M|293/293\n|-ability|p1a: Tinkaton|Mold Breaker\n|turn|1\n|inactive|Battle timer is ON: inactive players will automatically lose when time's up. (requested by Skyrack)\n|\n|t:|1781453778\n|switch|p2a: Arcanine|Arcanine, L84, F|288/288\n|-ability|p2a: Arcanine|Intimidate|boost\n|-unboost|p1a: Tinkaton|atk|1\n|move|p1a: Tinkaton|Gigaton Hammer|p2a: Arcanine\n|-resisted|p2a: Arcanine\n|-damage|p2a: Arcanine|240/288\n|\n|upkeep\n|turn|2\n|\n|t:|1781453801\n|switch|p1a: Cramorant|Cramorant, L86, F|261/261\n|move|p2a: Arcanine|Flare Blitz|p1a: Cramorant\n|-resisted|p1a: Cramorant\n|-damage|p1a: Cramorant|171/261\n|-damage|p2a: Arcanine|210/288|[from] Recoil\n|\n|upkeep\n|turn|3\n|\n|t:|1781453810\n|switch|p2a: Tentacruel|Tentacruel, L84, F|272/272\n|move|p1a: Cramorant|Surf|p2a: Tentacruel\n|-formechange|p1a: Cramorant|Cramorant-Gulping|\n|-resisted|p2a: Tentacruel\n|-damage|p2a: Tentacruel|247/272\n|\n|upkeep\n|turn|4\n|\n|t:|1781453815\n|move|p2a: Tentacruel|Sludge Bomb|p1a: Cramorant\n|-damage|p1a: Cramorant|101/261\n|-status|p1a: Cramorant|psn\n|-damage|p2a: Tentacruel|179/272|[from] ability: Gulp Missile|[of] p1a: Cramorant\n|-unboost|p2a: Tentacruel|def|1\n|-formechange|p1a: Cramorant|Cramorant|\n|move|p1a: Cramorant|Brave Bird|p2a: Tentacruel\n|-damage|p2a: Tentacruel|0 fnt\n|faint|p2a: Tentacruel\n|-damage|p1a: Cramorant|42/261 psn|[from] Recoil\n|\n|-damage|p1a: Cramorant|10/261 psn|[from] psn\n|upkeep\n|\n|t:|1781453826\n|switch|p2a: Grimmsnarl|Grimmsnarl, L83, M|293/293\n|turn|5\n|\n|t:|1781453831\n|move|p2a: Grimmsnarl|Light Screen|p2a: Grimmsnarl\n|-sidestart|p2: 1001001sos|move: Light Screen\n|move|p1a: Cramorant|Roost|p1a: Cramorant\n|-heal|p1a: Cramorant|141/261 psn\n|-singleturn|p1a: Cramorant|move: Roost\n|\n|-damage|p1a: Cramorant|109/261 psn|[from] psn\n|upkeep\n|turn|6\n|\n|t:|1781453836\n|move|p1a: Cramorant|Roost|p1a: Cramorant\n|-heal|p1a: Cramorant|240/261 psn\n|-singleturn|p1a: Cramorant|move: Roost\n|move|p2a: Grimmsnarl|Spirit Break|p1a: Cramorant\n|-damage|p1a: Cramorant|113/261 psn\n|-unboost|p1a: Cramorant|spa|1\n|\n|-damage|p1a: Cramorant|81/261 psn|[from] psn\n|upkeep\n|turn|7\n|\n|t:|1781453847\n|switch|p1a: Charizard|Charizard, L85, M|271/271\n|move|p2a: Grimmsnarl|Spirit Break|p1a: Charizard\n|-resisted|p1a: Charizard\n|-damage|p1a: Charizard|220/271\n|-unboost|p1a: Charizard|spa|1\n|\n|upkeep\n|turn|8\n|\n|t:|1781453851\n|move|p2a: Grimmsnarl|Reflect|p2a: Grimmsnarl\n|-sidestart|p2: 1001001sos|Reflect\n|move|p1a: Charizard|Earthquake|p2a: Grimmsnarl\n|-damage|p2a: Grimmsnarl|254/293\n|\n|upkeep\n|turn|9\n|\n|t:|1781453862\n|move|p2a: Grimmsnarl|Parting Shot|p1a: Charizard\n|-unboost|p1a: Charizard|atk|1\n|-unboost|p1a: Charizard|spa|1\n|\n|t:|1781453866\n|switch|p2a: Meloetta|Meloetta, L82|298/298|[from] Parting Shot\n|move|p1a: Charizard|Hurricane|p2a: Meloetta\n|-damage|p2a: Meloetta|274/298\n|\n|-heal|p2a: Meloetta|292/298|[from] item: Leftovers\n|upkeep\n|turn|10\n|\n|t:|1781453875\n|switch|p1a: Tinkaton|Tinkaton, L82, F|274/274\n|-ability|p1a: Tinkaton|Mold Breaker\n|move|p2a: Meloetta|Calm Mind|p2a: Meloetta\n|-boost|p2a: Meloetta|spa|1\n|-boost|p2a: Meloetta|spd|1\n|\n|-heal|p2a: Meloetta|298/298|[from] item: Leftovers\n|upkeep\n|turn|11\n|\n|t:|1781453881\n|switch|p2a: Arcanine|Arcanine, L84, F|210/288\n|-ability|p2a: Arcanine|Intimidate|boost\n|-unboost|p1a: Tinkaton|atk|1\n|move|p1a: Tinkaton|Swords Dance|p1a: Tinkaton\n|-boost|p1a: Tinkaton|atk|2\n|\n|upkeep\n|turn|12\n|\n|t:|1781453886\n|switch|p1a: Charizard|Charizard, L85, M|220/271\n|move|p2a: Arcanine|Flare Blitz|p1a: Charizard\n|-resisted|p1a: Charizard\n|-damage|p1a: Charizard|139/271\n|-damage|p2a: Arcanine|183/288|[from] Recoil\n|\n|-sideend|p2: 1001001sos|move: Light Screen\n|upkeep\n|turn|13\n|\n|t:|1781453890\n|move|p1a: Charizard|Hurricane|p2a: Arcanine|[miss]\n|-miss|p1a: Charizard|p2a: Arcanine\n|move|p2a: Arcanine|Morning Sun|p2a: Arcanine\n|-heal|p2a: Arcanine|288/288\n|\n|upkeep\n|turn|14\n|\n|t:|1781453895\n|switch|p2a: Meloetta|Meloetta, L82|298/298\n|move|p1a: Charizard|Hurricane|p2a: Meloetta|[miss]\n|-miss|p1a: Charizard|p2a: Meloetta\n|\n|upkeep\n|turn|15\n|\n|t:|1781453900\n|move|p1a: Charizard|Hurricane|p2a: Meloetta\n|-damage|p2a: Meloetta|190/298\n|move|p2a: Meloetta|Hyper Voice|p1a: Charizard\n|-damage|p1a: Charizard|16/271\n|\n|-heal|p2a: Meloetta|208/298|[from] item: Leftovers\n|-sideend|p2: 1001001sos|Reflect\n|upkeep\n|turn|16\n|\n|t:|1781453917\n|switch|p1a: Tinkaton|Tinkaton, L82, F|274/274\n|-ability|p1a: Tinkaton|Mold Breaker\n|move|p2a: Meloetta|Hyper Voice|p1a: Tinkaton\n|-resisted|p1a: Tinkaton\n|-damage|p1a: Tinkaton|226/274\n|\n|-heal|p1a: Tinkaton|243/274|[from] item: Leftovers\n|-heal|p2a: Meloetta|226/298|[from] item: Leftovers\n|upkeep\n|turn|17\n|\n|t:|1781453920\n|switch|p1a: Cramorant|Cramorant, L86, F|81/261 psn\n|switch|p2a: Arcanine|Arcanine, L84, F|288/288\n|-ability|p2a: Arcanine|Intimidate|boost\n|-unboost|p1a: Cramorant|atk|1\n|\n|-damage|p1a: Cramorant|49/261 psn|[from] psn\n|upkeep\n|turn|18\n|\n|t:|1781453930\n|move|p2a: Arcanine|Flare Blitz|p1a: Cramorant\n|-resisted|p1a: Cramorant\n|-damage|p1a: Cramorant|0 fnt\n|faint|p1a: Cramorant\n|-damage|p2a: Arcanine|272/288|[from] Recoil\n|\n|upkeep\n|\n|t:|1781453936\n|switch|p1a: Arbok|Arbok, L87, F|246/246\n|-ability|p1a: Arbok|Intimidate|boost\n|-unboost|p2a: Arcanine|atk|1\n|turn|19\n|\n|t:|1781453942\n|switch|p2a: Garchomp|Garchomp, L74, F|282/282\n|move|p1a: Arbok|Coil|p1a: Arbok\n|-boost|p1a: Arbok|atk|1\n|-boost|p1a: Arbok|def|1\n|-boost|p1a: Arbok|accuracy|1\n|\n|upkeep\n|turn|20\n|\n|t:|1781453953\n|-terastallize|p1a: Arbok|Ground\n|move|p2a: Garchomp|Earthquake|p1a: Arbok\n|-damage|p1a: Arbok|168/246\n|move|p1a: Arbok|Coil|p1a: Arbok\n|-boost|p1a: Arbok|atk|1\n|-boost|p1a: Arbok|def|1\n|-boost|p1a: Arbok|accuracy|1\n|\n|-heal|p1a: Arbok|183/246|[from] item: Leftovers\n|upkeep\n|turn|21\n|\n|t:|1781453959\n|switch|p2a: Grimmsnarl|Grimmsnarl, L83, M|254/293\n|move|p1a: Arbok|Gunk Shot|p2a: Grimmsnarl\n|-supereffective|p2a: Grimmsnarl\n|-damage|p2a: Grimmsnarl|0 fnt\n|faint|p2a: Grimmsnarl\n|\n|-heal|p1a: Arbok|198/246|[from] item: Leftovers\n|upkeep\n|\n|t:|1781453966\n|switch|p2a: Arcanine|Arcanine, L84, F|272/288\n|-ability|p2a: Arcanine|Intimidate|boost\n|-unboost|p1a: Arbok|atk|1\n|turn|22\n|\n|t:|1781453969\n|-terastallize|p2a: Arcanine|Fighting\n|move|p1a: Arbok|Earthquake|p2a: Arcanine\n|-damage|p2a: Arcanine|97/288\n|move|p2a: Arcanine|Roar|p1a: Arbok\n|drag|p1a: Heracross|Heracross, L80, M|259/259\n|\n|-status|p1a: Heracross|brn|[from] item: Flame Orb\n|upkeep\n|turn|23\n|\n|t:|1781453974\n|switch|p1a: Charizard|Charizard, L85, M|16/271\n|move|p2a: Arcanine|Flare Blitz|p1a: Charizard\n|-resisted|p1a: Charizard\n|-damage|p1a: Charizard|0 fnt\n|faint|p1a: Charizard\n|-damage|p2a: Arcanine|92/288|[from] Recoil\n|\n|upkeep\n|\n|t:|1781453978\n|switch|p1a: Arbok|Arbok, L87, F, tera:Ground|198/246\n|-ability|p1a: Arbok|Intimidate|boost\n|-unboost|p2a: Arcanine|atk|1\n|turn|24\n|\n|t:|1781453984\n|switch|p2a: Victreebel|Victreebel, L90, M|290/290\n|move|p1a: Arbok|Earthquake|p2a: Victreebel\n|-damage|p2a: Victreebel|154/290\n|\n|-heal|p1a: Arbok|213/246|[from] item: Leftovers\n|upkeep\n|turn|25\n|\n|t:|1781453993\n|move|p1a: Arbok|Gunk Shot|p2a: Victreebel\n|-damage|p2a: Victreebel|0 fnt\n|faint|p2a: Victreebel\n|\n|-heal|p1a: Arbok|228/246|[from] item: Leftovers\n|upkeep\n|\n|t:|1781453997\n|switch|p2a: Arcanine|Arcanine, L84, F, tera:Fighting|92/288\n|-ability|p2a: Arcanine|Intimidate|boost\n|-unboost|p1a: Arbok|atk|1\n|turn|26\n|\n|t:|1781454001\n|move|p2a: Arcanine|Morning Sun|p2a: Arcanine\n|-heal|p2a: Arcanine|236/288\n|move|p1a: Arbok|Gunk Shot|p2a: Arcanine\n|-damage|p2a: Arcanine|136/288\n|\n|-heal|p1a: Arbok|243/246|[from] item: Leftovers\n|upkeep\n|turn|27\n|\n|t:|1781454005\n|switch|p2a: Garchomp|Garchomp, L74, F|282/282\n|move|p1a: Arbok|Coil|p1a: Arbok\n|-boost|p1a: Arbok|atk|1\n|-boost|p1a: Arbok|def|1\n|-boost|p1a: Arbok|accuracy|1\n|\n|-heal|p1a: Arbok|246/246|[from] item: Leftovers\n|upkeep\n|turn|28\n|\n|t:|1781454009\n|move|p2a: Garchomp|Swords Dance|p2a: Garchomp\n|-boost|p2a: Garchomp|atk|2\n|move|p1a: Arbok|Coil|p1a: Arbok\n|-boost|p1a: Arbok|atk|1\n|-boost|p1a: Arbok|def|1\n|-boost|p1a: Arbok|accuracy|1\n|\n|upkeep\n|turn|29\n|\n|t:|1781454014\n|move|p2a: Garchomp|Earthquake|p1a: Arbok\n|-damage|p1a: Arbok|132/246\n|move|p1a: Arbok|Earthquake|p2a: Garchomp\n|-damage|p2a: Garchomp|93/282\n|\n|-heal|p1a: Arbok|147/246|[from] item: Leftovers\n|upkeep\n|turn|30\n|\n|t:|1781454018\n|move|p2a: Garchomp|Earthquake|p1a: Arbok\n|-damage|p1a: Arbok|26/246\n|move|p1a: Arbok|Earthquake|p2a: Garchomp\n|-damage|p2a: Garchomp|0 fnt\n|faint|p2a: Garchomp\n|\n|-heal|p1a: Arbok|41/246|[from] item: Leftovers\n|upkeep\n|\n|t:|1781454021\n|switch|p2a: Arcanine|Arcanine, L84, F, tera:Fighting|136/288\n|-ability|p2a: Arcanine|Intimidate|boost\n|-unboost|p1a: Arbok|atk|1\n|turn|31\n|\n|t:|1781454035\n|move|p2a: Arcanine|Flare Blitz|p1a: Arbok\n|-damage|p1a: Arbok|0 fnt\n|faint|p1a: Arbok\n|-damage|p2a: Arcanine|122/288|[from] Recoil\n|\n|upkeep\n|\n|t:|1781454037\n|switch|p1a: Hitmontop|Hitmontop, L88, M|231/231\n|turn|32\n|\n|t:|1781454043\n|move|p2a: Arcanine|Morning Sun|p2a: Arcanine\n|-heal|p2a: Arcanine|266/288\n|move|p1a: Hitmontop|Rapid Spin|p2a: Arcanine\n|-damage|p2a: Arcanine|210/288\n|-boost|p1a: Hitmontop|spe|1\n|\n|upkeep\n|turn|33\n|\n|t:|1781454049\n|move|p1a: Hitmontop|Bulk Up|p1a: Hitmontop\n|-boost|p1a: Hitmontop|atk|1\n|-boost|p1a: Hitmontop|def|1\n|move|p2a: Arcanine|Morning Sun|p2a: Arcanine\n|-heal|p2a: Arcanine|288/288\n|\n|upkeep\n|turn|34\n|\n|t:|1781454055\n|move|p1a: Hitmontop|Close Combat|p2a: Arcanine\n|-damage|p2a: Arcanine|62/288\n|-unboost|p1a: Hitmontop|def|1\n|-unboost|p1a: Hitmontop|spd|1\n|move|p2a: Arcanine|Roar|p1a: Hitmontop\n|drag|p1a: Tinkaton|Tinkaton, L82, F|243/274\n|-ability|p1a: Tinkaton|Mold Breaker\n|\n|-heal|p1a: Tinkaton|260/274|[from] item: Leftovers\n|upkeep\n|turn|35\n|\n|t:|1781454060\n|move|p2a: Arcanine|Morning Sun|p2a: Arcanine\n|-heal|p2a: Arcanine|206/288\n|move|p1a: Tinkaton|Play Rough|p2a: Arcanine|[miss]\n|-miss|p1a: Tinkaton|p2a: Arcanine\n|\n|-heal|p1a: Tinkaton|274/274|[from] item: Leftovers\n|upkeep\n|turn|36\n|\n|t:|1781454073\n|switch|p1a: Heracross|Heracross, L80, M|259/259 brn\n|move|p2a: Arcanine|Flare Blitz|p1a: Heracross\n|-supereffective|p1a: Heracross\n|-damage|p1a: Heracross|0 fnt\n|faint|p1a: Heracross\n|-damage|p2a: Arcanine|121/288|[from] Recoil\n|\n|upkeep\n|\n|t:|1781454075\n|switch|p1a: Tinkaton|Tinkaton, L82, F|274/274\n|-ability|p1a: Tinkaton|Mold Breaker\n|turn|37\n|\n|t:|1781454079\n|move|p2a: Arcanine|Flare Blitz|p1a: Tinkaton\n|-supereffective|p1a: Tinkaton\n|-damage|p1a: Tinkaton|0 fnt\n|faint|p1a: Tinkaton\n|-damage|p2a: Arcanine|31/288|[from] Recoil\n|\n|upkeep\n|\n|t:|1781454080\n|switch|p1a: Hitmontop|Hitmontop, L88, M|231/231\n|turn|38\n|\n|t:|1781454085\n|move|p2a: Arcanine|Flare Blitz|p1a: Hitmontop\n|-damage|p1a: Hitmontop|102/231\n|-damage|p2a: Arcanine|0 fnt|[from] Recoil\n|faint|p2a: Arcanine\n|move|p1a: Hitmontop|Bulk Up|p1a: Hitmontop\n|-boost|p1a: Hitmontop|atk|1\n|-boost|p1a: Hitmontop|def|1\n|\n|-heal|p1a: Hitmontop|116/231|[from] item: Leftovers\n|upkeep\n|\n|t:|1781454087\n|switch|p2a: Meloetta|Meloetta, L82|226/298\n|turn|39\n|\n|t:|1781454092\n|move|p2a: Meloetta|Psyshock|p1a: Hitmontop\n|-supereffective|p1a: Hitmontop\n|-damage|p1a: Hitmontop|0 fnt\n|faint|p1a: Hitmontop\n|\n|win|1001001sos\n", "inputlog": ">version a8376a258c1d4662feba110a92103f3664a72141\n>start {\"formatid\":\"gen9randombattle\",\"seed\":\"sodium,7272ee098d8136f2f9d1406d851c9d50\",\"rated\":\"Rated battle\"}\n>player p1 {\"name\":\"Skyrack\",\"avatar\":\"ethan-masters\",\"rating\":2105,\"seed\":\"sodium,f0a3fc7c3ac5614151878a5bf34227c0\"}\n>player p2 {\"name\":\"1001001sos\",\"avatar\":\"pokemonranger\",\"rating\":2098,\"seed\":\"sodium,cf13d70e095220c10eed1394e3200c4d\"}\n>p1 move gigatonhammer\n>p2 switch 2\n>p1 switch 5\n>p2 move flareblitz\n>p1 move surf\n>p2 switch 6\n>p1 move bravebird\n>p2 move sludgebomb\n>p2 switch 2\n>p1 move roost\n>p2 move lightscreen\n>p1 move roost\n>p2 move spiritbreak\n>p1 switch 6\n>p2 move spiritbreak\n>p1 move earthquake\n>p2 move reflect\n>p1 move hurricane\n>p2 move partingshot\n>p2 switch 4\n>p1 switch 5\n>p2 move calmmind\n>p1 move swordsdance\n>p2 switch 6\n>p1 switch 5\n>p2 move flareblitz\n>p1 move hurricane\n>p2 move morningsun\n>p1 move hurricane\n>p2 switch 6\n>p1 move hurricane\n>p2 move hypervoice\n>p1 switch 5\n>p2 move hypervoice\n>p1 switch 6\n>p2 switch 6\n>p1 move roost\n>p2 move flareblitz\n>p1 switch 2\n>p1 move coil\n>p2 switch 5\n>p1 move coil terastallize\n>p2 move earthquake\n>p1 move gunkshot\n>p2 switch 4\n>p2 switch 5\n>p1 move earthquake\n>p2 move roar terastallize\n>p1 switch 5\n>p2 move flareblitz\n>p1 switch 3\n>p1 move earthquake\n>p2 switch 3\n>p1 move gunkshot\n>p2 move sunnyday\n>p2 switch 3\n>p1 move gunkshot\n>p2 move morningsun\n>p1 move coil\n>p2 switch 4\n>p1 move coil\n>p2 move swordsdance\n>p1 move earthquake\n>p2 move earthquake\n>p1 move earthquake\n>p2 move earthquake\n>p2 switch 4\n>p1 move gunkshot\n>p2 move flareblitz\n>p1 switch 4\n>p1 move rapidspin\n>p2 move morningsun\n>p1 move bulkup\n>p2 move morningsun\n>p1 move closecombat\n>p2 move roar\n>p1 move playrough\n>p2 move morningsun\n>p1 switch 5\n>p2 move flareblitz\n>p1 switch 5\n>p1 move playrough\n>p2 move flareblitz\n>p1 switch 6\n>p1 move bulkup\n>p2 move flareblitz\n>p2 switch 6\n>p1 move tripleaxel\n>p2 move psyshock", "uploadtime": 1781453770, "views": 6, "formatid": "gen9randombattle", "rating": null, "private": 0, "password": null}