{"id": "gen9randombattle-2631598237", "format": "[Gen 9] Random Battle", "players": ["Tutudile", "who is to say"], "log": "|j|\u2606Tutudile\n|j|\u2606who is to say\n|t:|1781406623\n|gametype|singles\n|player|p1|Tutudile|red|2185\n|player|p2|who is to say|170|2264\n|gen|9\n|tier|[Gen 9] Random Battle\n|rated|\n|rule|Species Clause: Limit one of each Pok\u00e9mon\n|rule|HP Percentage Mod: HP is shown in percentages\n|rule|Sleep Clause Mod: Limit one foe put to sleep\n|rule|Illusion Level Mod: Illusion disguises the Pok\u00e9mon's true level\n|\n|t:|1781406623\n|teamsize|p1|6\n|teamsize|p2|6\n|start\n|switch|p1a: Brute Bonnet|Brute Bonnet, L80|309/309\n|switch|p2a: Ludicolo|Ludicolo, L90, F|290/290\n|turn|1\n|inactive|Battle timer is ON: inactive players will automatically lose when time's up. (requested by Tutudile)\n|\n|t:|1781406650\n|move|p2a: Ludicolo|Ice Beam|p1a: Brute Bonnet\n|-supereffective|p1a: Brute Bonnet\n|-damage|p1a: Brute Bonnet|111/309\n|move|p1a: Brute Bonnet|Crunch|p2a: Ludicolo\n|-damage|p2a: Ludicolo|190/290\n|\n|-heal|p1a: Brute Bonnet|130/309|[from] item: Leftovers\n|upkeep\n|turn|2\n|\n|t:|1781406663\n|-end|p1a: Brute Bonnet|Protosynthesis|[silent]\n|switch|p1a: Scizor|Scizor, L79, M|240/240\n|move|p2a: Ludicolo|Ice Beam|p1a: Scizor\n|-resisted|p1a: Scizor\n|-damage|p1a: Scizor|180/240\n|\n|upkeep\n|turn|3\n|\n|t:|1781406671\n|switch|p2a: Blaziken|Blaziken, L76, M|247/247\n|move|p1a: Scizor|Bug Bite|p2a: Blaziken\n|-resisted|p2a: Blaziken\n|-damage|p2a: Blaziken|202/247\n|-damage|p1a: Scizor|156/240|[from] item: Life Orb\n|\n|upkeep\n|turn|4\n|\n|t:|1781406687\n|switch|p1a: Illumise|Illumise, L91, F|266/266\n|move|p2a: Blaziken|Swords Dance|p2a: Blaziken\n|-boost|p2a: Blaziken|atk|2\n|\n|-ability|p2a: Blaziken|Speed Boost|boost\n|-boost|p2a: Blaziken|spe|1\n|upkeep\n|turn|5\n|\n|t:|1781406696\n|-terastallize|p2a: Blaziken|Dark\n|move|p1a: Illumise|Encore|p2a: Blaziken\n|-hint|Since gen 7, Dark is immune to Prankster moves.\n|-immune|p2a: Blaziken\n|move|p2a: Blaziken|Flare Blitz|p1a: Illumise\n|-supereffective|p1a: Illumise\n|-damage|p1a: Illumise|0 fnt\n|faint|p1a: Illumise\n|-damage|p2a: Blaziken|114/247|[from] Recoil\n|-damage|p2a: Blaziken|90/247|[from] item: Life Orb\n|\n|-ability|p2a: Blaziken|Speed Boost|boost\n|-boost|p2a: Blaziken|spe|1\n|upkeep\n|\n|t:|1781406713\n|switch|p1a: Scizor|Scizor, L79, M|156/240\n|turn|6\n|\n|t:|1781406720\n|switch|p2a: Ludicolo|Ludicolo, L90, F|190/290\n|move|p1a: Scizor|Bullet Punch|p2a: Ludicolo\n|-resisted|p2a: Ludicolo\n|-damage|p2a: Ludicolo|139/290\n|-damage|p1a: Scizor|132/240|[from] item: Life Orb\n|\n|upkeep\n|turn|7\n|\n|t:|1781406728\n|switch|p1a: Brute Bonnet|Brute Bonnet, L80|130/309\n|move|p2a: Ludicolo|Hydro Pump|p1a: Brute Bonnet\n|-resisted|p1a: Brute Bonnet\n|-damage|p1a: Brute Bonnet|34/309\n|\n|-heal|p1a: Brute Bonnet|53/309|[from] item: Leftovers\n|upkeep\n|turn|8\n|\n|t:|1781406737\n|move|p1a: Brute Bonnet|Sucker Punch|p2a: Ludicolo\n|-damage|p2a: Ludicolo|42/290\n|move|p2a: Ludicolo|Hydro Pump|p1a: Brute Bonnet\n|-resisted|p1a: Brute Bonnet\n|-damage|p1a: Brute Bonnet|0 fnt\n|faint|p1a: Brute Bonnet\n|-end|p1a: Brute Bonnet|Protosynthesis|[silent]\n|\n|upkeep\n|\n|t:|1781406758\n|switch|p1a: Arceus|Arceus-Poison, L70|284/284\n|turn|9\n|\n|t:|1781406768\n|move|p1a: Arceus|Swords Dance|p1a: Arceus\n|-boost|p1a: Arceus|atk|2\n|move|p2a: Ludicolo|Hydro Pump|p1a: Arceus\n|-damage|p1a: Arceus|94/284\n|\n|upkeep\n|turn|10\n|\n|t:|1781406774\n|move|p1a: Arceus|Extreme Speed|p2a: Ludicolo\n|-damage|p2a: Ludicolo|0 fnt\n|faint|p2a: Ludicolo\n|\n|upkeep\n|\n|t:|1781406785\n|switch|p2a: Plusle|Plusle, L95, F|268/268\n|turn|11\n|\n|t:|1781406794\n|move|p1a: Arceus|Extreme Speed|p2a: Plusle\n|-damage|p2a: Plusle|136/268\n|move|p2a: Plusle|Thunderbolt|p1a: Arceus\n|-damage|p1a: Arceus|0 fnt\n|faint|p1a: Arceus\n|-damage|p2a: Plusle|110/268|[from] item: Life Orb\n|\n|upkeep\n|\n|t:|1781406810\n|switch|p1a: Hatterene|Hatterene, L85, F|236/236\n|turn|12\n|\n|t:|1781406829\n|move|p2a: Plusle|Thunderbolt|p1a: Hatterene\n|-damage|p1a: Hatterene|107/236\n|-damage|p2a: Plusle|84/268|[from] item: Life Orb\n|move|p1a: Hatterene|Draining Kiss|p2a: Plusle\n|-damage|p2a: Plusle|9/268\n|-heal|p1a: Hatterene|163/236|[from] drain|[of] p2a: Plusle\n|\n|-heal|p1a: Hatterene|177/236|[from] item: Leftovers\n|upkeep\n|turn|13\n|\n|t:|1781406840\n|move|p2a: Plusle|Thunderbolt|p1a: Hatterene\n|-damage|p1a: Hatterene|51/236\n|-damage|p2a: Plusle|0 fnt|[from] item: Life Orb\n|faint|p2a: Plusle\n|move|p1a: Hatterene|Calm Mind|p1a: Hatterene\n|-boost|p1a: Hatterene|spa|1\n|-boost|p1a: Hatterene|spd|1\n|\n|-heal|p1a: Hatterene|65/236|[from] item: Leftovers\n|upkeep\n|\n|t:|1781406849\n|switch|p2a: Blaziken|Blaziken, L76, M, tera:Dark|90/247\n|turn|14\n|\n|t:|1781406857\n|move|p2a: Blaziken|Knock Off|p1a: Hatterene\n|-damage|p1a: Hatterene|0 fnt\n|-enditem|p1a: Hatterene|Leftovers|[from] move: Knock Off|[of] p2a: Blaziken\n|faint|p1a: Hatterene\n|-damage|p2a: Blaziken|66/247|[from] item: Life Orb\n|\n|-ability|p2a: Blaziken|Speed Boost|boost\n|-boost|p2a: Blaziken|spe|1\n|upkeep\n|\n|t:|1781406866\n|switch|p1a: Scizor|Scizor, L79, M|132/240\n|turn|15\n|\n|t:|1781406870\n|move|p1a: Scizor|Bullet Punch|p2a: Blaziken\n|-damage|p2a: Blaziken|0 fnt\n|faint|p2a: Blaziken\n|-damage|p1a: Scizor|108/240|[from] item: Life Orb\n|\n|upkeep\n|\n|t:|1781406872\n|switch|p2a: Piloswine|Piloswine, L85, F|309/309\n|turn|16\n|\n|t:|1781406878\n|switch|p1a: Heatran|Heatran, L79, M|273/273\n|-item|p1a: Heatran|Air Balloon\n|move|p2a: Piloswine|Earthquake|p1a: Heatran\n|-immune|p1a: Heatran\n|\n|upkeep\n|turn|17\n|\n|t:|1781406887\n|move|p2a: Piloswine|Ice Shard|p1a: Heatran\n|-resisted|p1a: Heatran\n|-damage|p1a: Heatran|264/273\n|-enditem|p1a: Heatran|Air Balloon\n|move|p1a: Heatran|Heavy Slam|p2a: Piloswine\n|-supereffective|p2a: Piloswine\n|-damage|p2a: Piloswine|171/309\n|\n|upkeep\n|turn|18\n|\n|t:|1781406901\n|-terastallize|p1a: Heatran|Flying\n|move|p1a: Heatran|Heavy Slam|p2a: Piloswine\n|-supereffective|p2a: Piloswine\n|-damage|p2a: Piloswine|27/309\n|move|p2a: Piloswine|Earthquake|p1a: Heatran\n|-immune|p1a: Heatran\n|\n|upkeep\n|turn|19\n|\n|t:|1781406910\n|switch|p1a: Scizor|Scizor, L79, M|108/240\n|move|p2a: Piloswine|Ice Shard|p1a: Scizor\n|-resisted|p1a: Scizor\n|-damage|p1a: Scizor|88/240\n|\n|upkeep\n|turn|20\n|\n|t:|1781406917\n|move|p1a: Scizor|Bullet Punch|p2a: Piloswine\n|-supereffective|p2a: Piloswine\n|-damage|p2a: Piloswine|0 fnt\n|faint|p2a: Piloswine\n|-damage|p1a: Scizor|64/240|[from] item: Life Orb\n|\n|upkeep\n|\n|t:|1781406919\n|switch|p2a: Greedent|Greedent, L86, M|347/347\n|turn|21\n|\n|t:|1781406925\n|move|p1a: Scizor|Bug Bite|p2a: Greedent\n|-damage|p2a: Greedent|229/347\n|-enditem|p2a: Greedent|Sitrus Berry|[from] stealeat|[move] Bug Bite|[of] p1a: Scizor\n|-heal|p1a: Scizor|124/240|[from] item: Sitrus Berry\n|-damage|p1a: Scizor|100/240|[from] item: Life Orb\n|move|p2a: Greedent|Double-Edge|p1a: Scizor\n|-resisted|p1a: Scizor\n|-damage|p1a: Scizor|37/240\n|-damage|p2a: Greedent|208/347|[from] Recoil\n|\n|upkeep\n|turn|22\n|\n|t:|1781406936\n|move|p1a: Scizor|Close Combat|p2a: Greedent\n|-supereffective|p2a: Greedent\n|-damage|p2a: Greedent|0 fnt\n|-unboost|p1a: Scizor|def|1\n|-unboost|p1a: Scizor|spd|1\n|faint|p2a: Greedent\n|-damage|p1a: Scizor|13/240|[from] item: Life Orb\n|\n|upkeep\n|\n|t:|1781406940\n|switch|p2a: Whimsicott|Whimsicott, L84, F|238/238\n|turn|23\n|\n|t:|1781406947\n|move|p2a: Whimsicott|Encore|p1a: Scizor\n|-start|p1a: Scizor|Encore\n|move|p1a: Scizor|Close Combat|p2a: Whimsicott\n|-resisted|p2a: Whimsicott\n|-damage|p2a: Whimsicott|169/238\n|-unboost|p1a: Scizor|def|1\n|-unboost|p1a: Scizor|spd|1\n|-damage|p1a: Scizor|0 fnt|[from] item: Life Orb\n|faint|p1a: Scizor\n|\n|-heal|p2a: Whimsicott|183/238|[from] item: Leftovers\n|upkeep\n|\n|t:|1781406959\n|switch|p1a: Heatran|Heatran, L79, M, tera:Flying|264/273\n|turn|24\n|\n|t:|1781406963\n|move|p2a: Whimsicott|Moonblast|p1a: Heatran\n|-damage|p1a: Heatran|191/273\n|move|p1a: Heatran|Heavy Slam|p2a: Whimsicott\n|-supereffective|p2a: Whimsicott\n|-damage|p2a: Whimsicott|0 fnt\n|faint|p2a: Whimsicott\n|\n|win|Tutudile\n", "inputlog": ">version a8376a258c1d4662feba110a92103f3664a72141\n>start {\"formatid\":\"gen9randombattle\",\"seed\":\"sodium,18ba18fbc8b705ab99c6a59e711e54dd\",\"rated\":\"Rated battle\"}\n>player p1 {\"name\":\"Tutudile\",\"avatar\":\"red\",\"rating\":2185,\"seed\":\"sodium,9298a303b6c9bb405b1d5842dbf049ab\"}\n>player p2 {\"name\":\"who is to say\",\"avatar\":\"170\",\"rating\":2264,\"seed\":\"sodium,931c796647fdec16cae2675910865738\"}\n>p1 move crunch\n>p2 move icebeam\n>p1 switch 2\n>p2 move icebeam\n>p1 move bugbite\n>p2 switch 4\n>p1 switch 3\n>p2 move swordsdance\n>p1 move encore\n>p2 move flareblitz terastallize\n>p1 switch 3\n>p1 move bulletpunch\n>p2 switch 4\n>p1 switch 2\n>p2 move hydropump\n>p1 move suckerpunch\n>p2 move hydropump\n>p1 switch 4\n>p1 move swordsdance\n>p2 move hydropump\n>p1 move extremespeed\n>p2 move hydropump\n>p2 switch 6\n>p1 move extremespeed\n>p2 move thunderbolt\n>p1 switch 6\n>p1 move drainingkiss\n>p2 move thunderbolt\n>p1 move calmmind\n>p2 move thunderbolt\n>p2 switch 4\n>p1 move drainingkiss\n>p2 move knockoff\n>p1 switch 2\n>p1 move bulletpunch\n>p2 move flareblitz\n>p2 switch 2\n>p1 switch 5\n>p2 move earthquake\n>p1 move heavyslam\n>p2 move iceshard\n>p1 move heavyslam terastallize\n>p2 move earthquake\n>p1 switch 5\n>p2 move iceshard\n>p1 move bulletpunch\n>p2 move iceshard\n>p2 switch 5\n>p1 move bugbite\n>p2 move doubleedge\n>p1 move closecombat\n>p2 move knockoff\n>p2 switch 3\n>p1 move bulletpunch\n>p2 move encore\n>p1 switch 5\n>p1 move heavyslam\n>p2 move moonblast", "uploadtime": 1781406625, "views": 7, "formatid": "gen9randombattle", "rating": null, "private": 0, "password": null}