{"id": "gen9randombattle-2631752227", "format": "[Gen 9] Random Battle", "players": ["cannavebile", "YANDANYEMIS14"], "log": "|j|\u2606cannavebile\n|j|\u2606YANDANYEMIS14\n|t:|1781433922\n|gametype|singles\n|player|p1|cannavebile|169|1437\n|player|p2|YANDANYEMIS14|2|1433\n|gen|9\n|tier|[Gen 9] Random Battle\n|rated|\n|rule|Species Clause: Limit one of each Pok\u00e9mon\n|rule|HP Percentage Mod: HP is shown in percentages\n|rule|Sleep Clause Mod: Limit one foe put to sleep\n|rule|Illusion Level Mod: Illusion disguises the Pok\u00e9mon's true level\n|\n|t:|1781433922\n|teamsize|p1|6\n|teamsize|p2|6\n|start\n|switch|p1a: Samurott|Samurott, L88, M|310/310\n|switch|p2a: Gliscor|Gliscor, L76, F|239/239\n|turn|1\n|\n|t:|1781433934\n|move|p2a: Gliscor|Protect|p2a: Gliscor\n|-singleturn|p2a: Gliscor|Protect\n|move|p1a: Samurott|Flip Turn|p2a: Gliscor\n|-activate|p2a: Gliscor|move: Protect\n|\n|-status|p2a: Gliscor|tox|[from] item: Toxic Orb\n|upkeep\n|turn|2\n|inactive|Battle timer is ON: inactive players will automatically lose when time's up. (requested by YANDANYEMIS14)\n|\n|t:|1781433948\n|switch|p2a: Alomomola|Alomomola, L87, F|429/429\n|move|p1a: Samurott|Flip Turn|p2a: Alomomola\n|-resisted|p2a: Alomomola\n|-damage|p2a: Alomomola|393/429\n|\n|t:|1781433956\n|switch|p1a: Arboliva|Arboliva, L91, F|288/288|[from] Flip Turn\n|\n|upkeep\n|turn|3\n|\n|t:|1781433962\n|move|p2a: Alomomola|Flip Turn|p1a: Arboliva\n|-resisted|p1a: Arboliva\n|-damage|p1a: Arboliva|264/288\n|\n|t:|1781433970\n|switch|p2a: Snorlax|Snorlax, L82, F|397/397|[from] Flip Turn\n|move|p1a: Arboliva|Leech Seed|p2a: Snorlax\n|-start|p2a: Snorlax|move: Leech Seed\n|\n|-damage|p2a: Snorlax|348/397|[from] Leech Seed|[of] p1a: Arboliva\n|-heal|p1a: Arboliva|288/288|[silent]\n|upkeep\n|turn|4\n|\n|t:|1781433986\n|switch|p2a: Deoxys|Deoxys-Attack, L72|191/191\n|-ability|p2a: Deoxys|Pressure\n|move|p1a: Arboliva|Substitute|p1a: Arboliva\n|-start|p1a: Arboliva|Substitute\n|-damage|p1a: Arboliva|216/288\n|\n|upkeep\n|turn|5\n|\n|t:|1781433992\n|move|p2a: Deoxys|Knock Off|p1a: Arboliva\n|-end|p1a: Arboliva|Substitute\n|-damage|p2a: Deoxys|172/191|[from] item: Life Orb\n|move|p1a: Arboliva|Leech Seed|p2a: Deoxys\n|-start|p2a: Deoxys|move: Leech Seed\n|\n|-damage|p2a: Deoxys|149/191|[from] Leech Seed|[of] p1a: Arboliva\n|-heal|p1a: Arboliva|239/288|[silent]\n|upkeep\n|turn|6\n|\n|t:|1781433999\n|move|p1a: Arboliva|Protect|p1a: Arboliva\n|-singleturn|p1a: Arboliva|Protect\n|move|p2a: Deoxys|Superpower|p1a: Arboliva\n|-activate|p1a: Arboliva|move: Protect\n|\n|-damage|p2a: Deoxys|126/191|[from] Leech Seed|[of] p1a: Arboliva\n|-heal|p1a: Arboliva|262/288|[silent]\n|upkeep\n|turn|7\n|\n|t:|1781434016\n|-terastallize|p1a: Arboliva|Water\n|move|p2a: Deoxys|Superpower|p1a: Arboliva\n|-damage|p1a: Arboliva|137/288\n|-unboost|p2a: Deoxys|atk|1\n|-unboost|p2a: Deoxys|def|1\n|-enditem|p1a: Arboliva|Sitrus Berry|[eat]\n|-heal|p1a: Arboliva|209/288|[from] item: Sitrus Berry\n|-damage|p2a: Deoxys|107/191|[from] item: Life Orb\n|move|p1a: Arboliva|Substitute|p1a: Arboliva\n|-start|p1a: Arboliva|Substitute\n|-damage|p1a: Arboliva|137/288\n|\n|-damage|p2a: Deoxys|84/191|[from] Leech Seed|[of] p1a: Arboliva\n|-heal|p1a: Arboliva|160/288|[silent]\n|upkeep\n|turn|8\n|\n|t:|1781434032\n|switch|p2a: Gliscor|Gliscor, L76, F|239/239 tox\n|move|p1a: Arboliva|Hyper Voice|p2a: Gliscor\n|-damage|p2a: Gliscor|64/239 tox\n|\n|-heal|p2a: Gliscor|93/239 tox|[from] ability: Poison Heal\n|-item|p1a: Arboliva|Sitrus Berry|[from] ability: Harvest\n|upkeep\n|turn|9\n|\n|t:|1781434040\n|move|p2a: Gliscor|Protect|p2a: Gliscor\n|-singleturn|p2a: Gliscor|Protect\n|move|p1a: Arboliva|Hyper Voice|p2a: Gliscor\n|-activate|p2a: Gliscor|move: Protect\n|\n|-heal|p2a: Gliscor|122/239 tox|[from] ability: Poison Heal\n|upkeep\n|turn|10\n|\n|t:|1781434048\n|switch|p2a: Snorlax|Snorlax, L82, F|348/397\n|move|p1a: Arboliva|Hyper Voice|p2a: Snorlax\n|-damage|p2a: Snorlax|236/397\n|\n|-heal|p2a: Snorlax|260/397|[from] item: Leftovers\n|upkeep\n|turn|11\n|\n|t:|1781434055\n|move|p1a: Arboliva|Leech Seed|p2a: Snorlax\n|-start|p2a: Snorlax|move: Leech Seed\n|move|p2a: Snorlax|Body Slam|p1a: Arboliva\n|-end|p1a: Arboliva|Substitute\n|\n|-heal|p2a: Snorlax|284/397|[from] item: Leftovers\n|-damage|p2a: Snorlax|235/397|[from] Leech Seed|[of] p1a: Arboliva\n|-heal|p1a: Arboliva|209/288|[silent]\n|upkeep\n|turn|12\n|\n|t:|1781434066\n|move|p1a: Arboliva|Protect|p1a: Arboliva\n|-singleturn|p1a: Arboliva|Protect\n|move|p2a: Snorlax|Curse|p2a: Snorlax\n|-unboost|p2a: Snorlax|spe|1\n|-boost|p2a: Snorlax|atk|1\n|-boost|p2a: Snorlax|def|1\n|\n|-heal|p2a: Snorlax|259/397|[from] item: Leftovers\n|-damage|p2a: Snorlax|210/397|[from] Leech Seed|[of] p1a: Arboliva\n|-heal|p1a: Arboliva|258/288|[silent]\n|upkeep\n|turn|13\n|\n|t:|1781434076\n|move|p1a: Arboliva|Substitute|p1a: Arboliva\n|-start|p1a: Arboliva|Substitute\n|-damage|p1a: Arboliva|186/288\n|move|p2a: Snorlax|Body Slam|p1a: Arboliva\n|-end|p1a: Arboliva|Substitute\n|\n|-heal|p2a: Snorlax|234/397|[from] item: Leftovers\n|-damage|p2a: Snorlax|185/397|[from] Leech Seed|[of] p1a: Arboliva\n|-heal|p1a: Arboliva|235/288|[silent]\n|upkeep\n|turn|14\n|\n|t:|1781434084\n|move|p1a: Arboliva|Protect|p1a: Arboliva\n|-singleturn|p1a: Arboliva|Protect\n|move|p2a: Snorlax|Body Slam|p1a: Arboliva\n|-activate|p1a: Arboliva|move: Protect\n|\n|-heal|p2a: Snorlax|209/397|[from] item: Leftovers\n|-damage|p2a: Snorlax|160/397|[from] Leech Seed|[of] p1a: Arboliva\n|-heal|p1a: Arboliva|284/288|[silent]\n|upkeep\n|turn|15\n|\n|t:|1781434093\n|move|p1a: Arboliva|Substitute|p1a: Arboliva\n|-start|p1a: Arboliva|Substitute\n|-damage|p1a: Arboliva|212/288\n|move|p2a: Snorlax|Body Slam|p1a: Arboliva\n|-end|p1a: Arboliva|Substitute\n|\n|-heal|p2a: Snorlax|184/397|[from] item: Leftovers\n|-damage|p2a: Snorlax|135/397|[from] Leech Seed|[of] p1a: Arboliva\n|-heal|p1a: Arboliva|261/288|[silent]\n|upkeep\n|turn|16\n|\n|t:|1781434097\n|move|p1a: Arboliva|Substitute|p1a: Arboliva\n|-start|p1a: Arboliva|Substitute\n|-damage|p1a: Arboliva|189/288\n|move|p2a: Snorlax|Rest|p2a: Snorlax\n|-status|p2a: Snorlax|slp|[from] move: Rest\n|-heal|p2a: Snorlax|397/397 slp|[silent]\n|\n|-damage|p2a: Snorlax|348/397 slp|[from] Leech Seed|[of] p1a: Arboliva\n|-heal|p1a: Arboliva|238/288|[silent]\n|upkeep\n|turn|17\n|\n|t:|1781434100\n|move|p1a: Arboliva|Hyper Voice|p2a: Snorlax\n|-damage|p2a: Snorlax|240/397 slp\n|cant|p2a: Snorlax|slp\n|move|p2a: Snorlax|Sleep Talk|p2a: Snorlax\n|move|p2a: Snorlax|Curse|p2a: Snorlax|[from] move: Sleep Talk\n|-unboost|p2a: Snorlax|spe|1\n|-boost|p2a: Snorlax|atk|1\n|-boost|p2a: Snorlax|def|1\n|\n|-heal|p2a: Snorlax|264/397 slp|[from] item: Leftovers\n|-damage|p2a: Snorlax|215/397 slp|[from] Leech Seed|[of] p1a: Arboliva\n|-heal|p1a: Arboliva|287/288|[silent]\n|upkeep\n|turn|18\n|\n|t:|1781434112\n|move|p1a: Arboliva|Hyper Voice|p2a: Snorlax\n|-damage|p2a: Snorlax|88/397 slp\n|cant|p2a: Snorlax|slp\n|move|p2a: Snorlax|Sleep Talk|p2a: Snorlax\n|move|p2a: Snorlax|Curse|p2a: Snorlax|[from] move: Sleep Talk\n|-unboost|p2a: Snorlax|spe|1\n|-boost|p2a: Snorlax|atk|1\n|-boost|p2a: Snorlax|def|1\n|\n|-heal|p2a: Snorlax|112/397 slp|[from] item: Leftovers\n|-damage|p2a: Snorlax|63/397 slp|[from] Leech Seed|[of] p1a: Arboliva\n|-heal|p1a: Arboliva|288/288|[silent]\n|upkeep\n|turn|19\n|\n|t:|1781434124\n|move|p1a: Arboliva|Hyper Voice|p2a: Snorlax\n|-damage|p2a: Snorlax|0 fnt\n|faint|p2a: Snorlax\n|\n|upkeep\n|\n|t:|1781434133\n|switch|p2a: Deoxys|Deoxys-Attack, L72|84/191\n|-ability|p2a: Deoxys|Pressure\n|turn|20\n|\n|t:|1781434142\n|move|p2a: Deoxys|Psycho Boost|p1a: Arboliva\n|-end|p1a: Arboliva|Substitute\n|-unboost|p2a: Deoxys|spa|2\n|-damage|p2a: Deoxys|65/191|[from] item: Life Orb\n|move|p1a: Arboliva|Hyper Voice|p2a: Deoxys\n|-damage|p2a: Deoxys|0 fnt\n|faint|p2a: Deoxys\n|\n|upkeep\n|\n|t:|1781434146\n|switch|p2a: Iron Boulder|Iron Boulder, L77|265/265\n|-enditem|p2a: Iron Boulder|Booster Energy\n|-activate|p2a: Iron Boulder|ability: Quark Drive|[fromitem]\n|-start|p2a: Iron Boulder|quarkdrivespe\n|turn|21\n|\n|t:|1781434159\n|move|p2a: Iron Boulder|Mighty Cleave|p1a: Arboliva\n|-damage|p1a: Arboliva|189/288\n|move|p1a: Arboliva|Leech Seed|p2a: Iron Boulder\n|-start|p2a: Iron Boulder|move: Leech Seed\n|\n|-damage|p2a: Iron Boulder|232/265|[from] Leech Seed|[of] p1a: Arboliva\n|-heal|p1a: Arboliva|222/288|[silent]\n|upkeep\n|turn|22\n|\n|t:|1781434169\n|move|p1a: Arboliva|Protect|p1a: Arboliva\n|-singleturn|p1a: Arboliva|Protect\n|move|p2a: Iron Boulder|Mighty Cleave|p1a: Arboliva\n|-damage|p1a: Arboliva|126/288\n|-enditem|p1a: Arboliva|Sitrus Berry|[eat]\n|-heal|p1a: Arboliva|198/288|[from] item: Sitrus Berry\n|\n|-damage|p2a: Iron Boulder|199/265|[from] Leech Seed|[of] p1a: Arboliva\n|-heal|p1a: Arboliva|231/288|[silent]\n|-item|p1a: Arboliva|Sitrus Berry|[from] ability: Harvest\n|upkeep\n|turn|23\n|\n|t:|1781434179\n|move|p2a: Iron Boulder|Swords Dance|p2a: Iron Boulder\n|-boost|p2a: Iron Boulder|atk|2\n|move|p1a: Arboliva|Hyper Voice|p2a: Iron Boulder\n|-resisted|p2a: Iron Boulder\n|-damage|p2a: Iron Boulder|138/265\n|\n|-damage|p2a: Iron Boulder|105/265|[from] Leech Seed|[of] p1a: Arboliva\n|-heal|p1a: Arboliva|264/288|[silent]\n|upkeep\n|turn|24\n|\n|t:|1781434193\n|move|p2a: Iron Boulder|Mighty Cleave|p1a: Arboliva\n|-damage|p1a: Arboliva|74/288\n|-enditem|p1a: Arboliva|Sitrus Berry|[eat]\n|-heal|p1a: Arboliva|146/288|[from] item: Sitrus Berry\n|move|p1a: Arboliva|Hyper Voice|p2a: Iron Boulder\n|-resisted|p2a: Iron Boulder\n|-damage|p2a: Iron Boulder|36/265\n|\n|-damage|p2a: Iron Boulder|3/265|[from] Leech Seed|[of] p1a: Arboliva\n|-heal|p1a: Arboliva|179/288|[silent]\n|-item|p1a: Arboliva|Sitrus Berry|[from] ability: Harvest\n|upkeep\n|turn|25\n|\n|t:|1781434207\n|move|p1a: Arboliva|Protect|p1a: Arboliva\n|-singleturn|p1a: Arboliva|Protect\n|move|p2a: Iron Boulder|Mighty Cleave|p1a: Arboliva\n|-damage|p1a: Arboliva|0 fnt\n|faint|p1a: Arboliva\n|\n|upkeep\n|\n|t:|1781434230\n|switch|p1a: Mienshao|Mienshao, L83, M|244/244\n|turn|26\n|\n|t:|1781434238\n|-end|p2a: Iron Boulder|Quark Drive|[silent]\n|switch|p2a: Alomomola|Alomomola, L87, F|429/429\n|move|p1a: Mienshao|Fake Out|p2a: Alomomola\n|-damage|p2a: Alomomola|392/429\n|\n|upkeep\n|turn|27\n|\n|t:|1781434243\n|move|p1a: Mienshao|Knock Off|p2a: Alomomola\n|-damage|p2a: Alomomola|313/429\n|-enditem|p2a: Alomomola|Heavy-Duty Boots|[from] move: Knock Off|[of] p1a: Mienshao\n|move|p2a: Alomomola|Wish|p2a: Alomomola\n|\n|upkeep\n|turn|28\n|\n|t:|1781434263\n|move|p1a: Mienshao|Close Combat|p2a: Alomomola\n|-damage|p2a: Alomomola|154/429\n|-unboost|p1a: Mienshao|def|1\n|-unboost|p1a: Mienshao|spd|1\n|move|p2a: Alomomola|Flip Turn|p1a: Mienshao\n|-damage|p1a: Mienshao|127/244\n|\n|t:|1781434267\n|switch|p2a: Iron Boulder|Iron Boulder, L77|3/265|[from] Flip Turn\n|\n|-heal|p2a: Iron Boulder|217/265|[from] move: Wish|[wisher] Alomomola\n|upkeep\n|turn|29\n|\n|t:|1781434277\n|move|p2a: Iron Boulder|Zen Headbutt|p1a: Mienshao\n|-supereffective|p1a: Mienshao\n|-damage|p1a: Mienshao|0 fnt\n|faint|p1a: Mienshao\n|\n|upkeep\n|\n|t:|1781434281\n|switch|p1a: Comfey|Comfey, L85, M|225/225\n|turn|30\n|\n|t:|1781434302\n|-end|p2a: Iron Boulder|Quark Drive|[silent]\n|switch|p2a: Gliscor|Gliscor, L76, F|122/239 tox\n|move|p1a: Comfey|Calm Mind|p1a: Comfey\n|-boost|p1a: Comfey|spa|1\n|-boost|p1a: Comfey|spd|1\n|\n|-heal|p2a: Gliscor|151/239 tox|[from] ability: Poison Heal\n|upkeep\n|turn|31\n|\n|t:|1781434314\n|move|p1a: Comfey|Calm Mind|p1a: Comfey\n|-boost|p1a: Comfey|spa|1\n|-boost|p1a: Comfey|spd|1\n|move|p2a: Gliscor|Toxic|p1a: Comfey\n|-status|p1a: Comfey|tox\n|\n|-damage|p1a: Comfey|211/225 tox|[from] psn\n|-heal|p2a: Gliscor|180/239 tox|[from] ability: Poison Heal\n|upkeep\n|turn|32\n|\n|t:|1781434324\n|move|p1a: Comfey|Calm Mind|p1a: Comfey\n|-boost|p1a: Comfey|spa|1\n|-boost|p1a: Comfey|spd|1\n|move|p2a: Gliscor|Knock Off|p1a: Comfey\n|-resisted|p1a: Comfey\n|-damage|p1a: Comfey|186/225 tox\n|-enditem|p1a: Comfey|Leftovers|[from] move: Knock Off|[of] p2a: Gliscor\n|\n|-damage|p1a: Comfey|158/225 tox|[from] psn\n|-heal|p2a: Gliscor|209/239 tox|[from] ability: Poison Heal\n|upkeep\n|turn|33\n|\n|t:|1781434329\n|move|p2a: Gliscor|Protect|p2a: Gliscor\n|-singleturn|p2a: Gliscor|Protect\n|move|p1a: Comfey|Stored Power|p2a: Gliscor\n|-activate|p2a: Gliscor|move: Protect\n|\n|-damage|p1a: Comfey|116/225 tox|[from] psn\n|-heal|p2a: Gliscor|238/239 tox|[from] ability: Poison Heal\n|upkeep\n|turn|34\n|\n|t:|1781434337\n|switch|p2a: Alomomola|Alomomola, L87, F|297/429\n|move|p1a: Comfey|Stored Power|p2a: Alomomola\n|-damage|p2a: Alomomola|0 fnt\n|faint|p2a: Alomomola\n|\n|-damage|p1a: Comfey|60/225 tox|[from] psn\n|upkeep\n|\n|t:|1781434339\n|switch|p2a: Gliscor|Gliscor, L76, F|238/239 tox\n|turn|35\n|\n|t:|1781434346\n|move|p2a: Gliscor|Protect|p2a: Gliscor\n|-singleturn|p2a: Gliscor|Protect\n|move|p1a: Comfey|Stored Power|p2a: Gliscor\n|-activate|p2a: Gliscor|move: Protect\n|\n|-damage|p1a: Comfey|0 fnt|[from] psn\n|faint|p1a: Comfey\n|-heal|p2a: Gliscor|239/239 tox|[from] ability: Poison Heal\n|upkeep\n|\n|t:|1781434352\n|switch|p1a: Glalie|Glalie, L96, F|309/309\n|turn|36\n|\n|t:|1781434371\n|switch|p2a: Primarina|Primarina, L83, M|268/268\n|move|p1a: Glalie|Freeze-Dry|p2a: Primarina\n|-supereffective|p2a: Primarina\n|-damage|p2a: Primarina|140/268\n|\n|upkeep\n|turn|37\n|inactive|YANDANYEMIS14 has 120 seconds left.\n|\n|t:|1781434397\n|move|p1a: Glalie|Freeze-Dry|p2a: Primarina\n|-supereffective|p2a: Primarina\n|-damage|p2a: Primarina|0 fnt\n|faint|p2a: Primarina\n|\n|upkeep\n|\n|t:|1781434400\n|switch|p2a: Iron Boulder|Iron Boulder, L77|217/265\n|turn|38\n|\n|t:|1781434411\n|move|p2a: Iron Boulder|Close Combat|p1a: Glalie\n|-supereffective|p1a: Glalie\n|-damage|p1a: Glalie|163/309\n|-unboost|p2a: Iron Boulder|def|1\n|-unboost|p2a: Iron Boulder|spd|1\n|move|p1a: Glalie|Earthquake|p2a: Iron Boulder\n|-supereffective|p2a: Iron Boulder\n|-damage|p2a: Iron Boulder|0 fnt\n|faint|p2a: Iron Boulder\n|-end|p2a: Iron Boulder|Quark Drive|[silent]\n|\n|upkeep\n|\n|t:|1781434414\n|switch|p2a: Gliscor|Gliscor, L76, F|239/239 tox\n|turn|39\n|\n|t:|1781434422\n|-terastallize|p2a: Gliscor|Water\n|move|p1a: Glalie|Freeze-Dry|p2a: Gliscor\n|-supereffective|p2a: Gliscor\n|-damage|p2a: Gliscor|41/239 tox\n|move|p2a: Gliscor|Toxic|p1a: Glalie\n|-status|p1a: Glalie|tox\n|\n|-damage|p1a: Glalie|144/309 tox|[from] psn\n|-heal|p2a: Gliscor|70/239 tox|[from] ability: Poison Heal\n|upkeep\n|turn|40\n|\n|t:|1781434428\n|move|p2a: Gliscor|Protect|p2a: Gliscor\n|-singleturn|p2a: Gliscor|Protect\n|move|p1a: Glalie|Freeze-Dry|p2a: Gliscor\n|-activate|p2a: Gliscor|move: Protect\n|\n|-damage|p1a: Glalie|106/309 tox|[from] psn\n|-heal|p2a: Gliscor|99/239 tox|[from] ability: Poison Heal\n|upkeep\n|turn|41\n|\n|t:|1781434432\n|move|p2a: Gliscor|Protect||[still]\n|-fail|p2a: Gliscor\n|move|p1a: Glalie|Freeze-Dry|p2a: Gliscor\n|-supereffective|p2a: Gliscor\n|-damage|p2a: Gliscor|0 fnt\n|faint|p2a: Gliscor\n|\n|win|cannavebile\n|raw|cannavebile's rating: 1437 &rarr; <strong>1457</strong><br />(+20 for winning)\n|raw|YANDANYEMIS14's rating: 1433 &rarr; <strong>1413</strong><br />(-20 for losing)\n|l|\u2606YANDANYEMIS14\n|player|p2|\n", "inputlog": ">version a8376a258c1d4662feba110a92103f3664a72141\n>start {\"formatid\":\"gen9randombattle\",\"seed\":\"sodium,49f9f6fc0dadf64e6c3c1bf8e400b32d\",\"rated\":\"Rated battle\"}\n>player p1 {\"name\":\"cannavebile\",\"avatar\":\"169\",\"rating\":1437,\"seed\":\"sodium,f310cae8f0cf26b08ef47521ea8ae915\"}\n>player p2 {\"name\":\"YANDANYEMIS14\",\"avatar\":\"2\",\"rating\":1433,\"seed\":\"sodium,8c738e42323cd26087768a0917c303c8\"}\n>p1 move flipturn\n>p2 move protect\n>p1 move flipturn\n>p2 switch 3\n>p1 switch 3\n>p1 move leechseed\n>p2 move flipturn\n>p2 switch 6\n>p1 move substitute\n>p2 switch 4\n>p1 move leechseed\n>p2 move knockoff\n>p1 move protect\n>p2 move superpower\n>p1 move substitute terastallize\n>p2 move superpower\n>p1 move hypervoice\n>p2 switch 3\n>p1 move hypervoice\n>p2 move protect\n>p1 move hypervoice\n>p2 switch 4\n>p1 move leechseed\n>p2 move bodyslam\n>p1 move protect\n>p2 move curse\n>p1 move substitute\n>p2 move bodyslam\n>p1 move protect\n>p2 move bodyslam\n>p1 move substitute\n>p2 move bodyslam\n>p1 move substitute\n>p2 move rest\n>p1 move hypervoice\n>p2 move sleeptalk\n>p1 move hypervoice\n>p2 move sleeptalk\n>p1 move hypervoice\n>p2 move rest\n>p2 switch 3\n>p1 move hypervoice\n>p2 move psychoboost\n>p2 switch 5\n>p1 move leechseed\n>p2 move mightycleave\n>p1 move protect\n>p2 move mightycleave\n>p1 move hypervoice\n>p2 move swordsdance\n>p1 move hypervoice\n>p2 move mightycleave\n>p1 move protect\n>p2 move mightycleave\n>p1 switch 5\n>p1 move fakeout\n>p2 switch 6\n>p1 move knockoff\n>p2 move wish\n>p1 move closecombat\n>p2 move flipturn\n>p2 switch 6\n>p1 move knockoff\n>p2 move zenheadbutt\n>p1 switch 6\n>p1 move calmmind\n>p2 switch 4\n>p1 move calmmind\n>p2 move toxic\n>p1 move calmmind\n>p2 move knockoff\n>p1 move storedpower\n>p2 move protect\n>p1 move storedpower\n>p2 switch 6\n>p2 switch 6\n>p1 move storedpower\n>p2 move protect\n>p1 switch 2\n>p1 move freezedry\n>p2 switch 2\n>p1 move freezedry\n>p2 move moonblast\n>p2 switch 4\n>p1 move earthquake\n>p2 move closecombat\n>p2 switch 2\n>p1 move freezedry\n>p2 move toxic terastallize\n>p1 move freezedry\n>p2 move protect\n>p1 move freezedry\n>p2 move protect", "uploadtime": 1781434445, "views": 3, "formatid": "gen9randombattle", "rating": 1413, "private": 0, "password": null}