{"id": "gen9randombattle-2631535683", "format": "[Gen 9] Random Battle", "players": ["John Five", "sondaw"], "log": "|j|\u2606John Five\n|j|\u2606sondaw\n|t:|1781397984\n|gametype|singles\n|player|p1|John Five|veteranf|2038\n|player|p2|sondaw|1|2236\n|gen|9\n|tier|[Gen 9] Random Battle\n|rated|\n|rule|Species Clause: Limit one of each Pok\u00e9mon\n|rule|HP Percentage Mod: HP is shown in percentages\n|rule|Sleep Clause Mod: Limit one foe put to sleep\n|rule|Illusion Level Mod: Illusion disguises the Pok\u00e9mon's true level\n|\n|t:|1781397984\n|teamsize|p1|6\n|teamsize|p2|6\n|start\n|switch|p1a: Raikou|Raikou, L81|278/278\n|switch|p2a: Urshifu|Urshifu-Rapid-Strike, L75, F|274/274\n|-ability|p1a: Raikou|Pressure\n|turn|1\n|inactive|Battle timer is ON: inactive players will automatically lose when time's up. (requested by John Five)\n|\n|t:|1781397996\n|switch|p2a: Cryogonal|Cryogonal, L89|287/287\n|move|p1a: Raikou|Thunderbolt|p2a: Cryogonal\n|-damage|p2a: Cryogonal|221/287\n|\n|upkeep\n|turn|2\n|\n|t:|1781398008\n|switch|p1a: Fezandipiti|Fezandipiti, L82, M|278/278\n|move|p2a: Cryogonal|Freeze-Dry|p1a: Fezandipiti\n|-damage|p1a: Fezandipiti|211/278\n|\n|-heal|p1a: Fezandipiti|228/278|[from] item: Leftovers\n|upkeep\n|turn|3\n|\n|t:|1781398016\n|switch|p2a: Amoonguss|Amoonguss, L82, M|321/321\n|move|p1a: Fezandipiti|Swords Dance|p1a: Fezandipiti\n|-boost|p1a: Fezandipiti|atk|2\n|\n|-heal|p1a: Fezandipiti|245/278|[from] item: Leftovers\n|upkeep\n|turn|4\n|\n|t:|1781398023\n|move|p1a: Fezandipiti|Gunk Shot|p2a: Amoonguss\n|-damage|p2a: Amoonguss|41/321\n|move|p2a: Amoonguss|Spore|p1a: Fezandipiti\n|-status|p1a: Fezandipiti|slp|[from] move: Spore\n|\n|-heal|p1a: Fezandipiti|262/278 slp|[from] item: Leftovers\n|-heal|p2a: Amoonguss|61/321|[from] item: Leftovers\n|upkeep\n|turn|5\n|\n|t:|1781398043\n|switch|p2a: Kleavor|Kleavor, L78, F|237/237\n|cant|p1a: Fezandipiti|slp\n|\n|-heal|p1a: Fezandipiti|278/278 slp|[from] item: Leftovers\n|upkeep\n|turn|6\n|\n|t:|1781398063\n|switch|p1a: Kommo-o|Kommo-o, L78, M|245/245\n|move|p2a: Kleavor|Stone Axe|p1a: Kommo-o\n|-resisted|p1a: Kommo-o\n|-damage|p1a: Kommo-o|197/245\n|-sidestart|p1: John Five|move: Stealth Rock\n|\n|upkeep\n|turn|7\n|\n|t:|1781398085\n|switch|p2a: Oricorio|Oricorio-Sensu, L85, M|266/266\n|move|p1a: Kommo-o|Swords Dance|p1a: Kommo-o\n|-boost|p1a: Kommo-o|atk|2\n|-activate|p2a: Oricorio|ability: Dancer\n|move|p2a: Oricorio|Swords Dance|p2a: Oricorio|[from] ability: Dancer\n|-boost|p2a: Oricorio|atk|2\n|\n|upkeep\n|turn|8\n|\n|t:|1781398095\n|switch|p1a: Raikou|Raikou, L81|278/278\n|-damage|p1a: Raikou|244/278|[from] Stealth Rock\n|-ability|p1a: Raikou|Pressure\n|move|p2a: Oricorio|Hurricane|p1a: Raikou\n|-resisted|p1a: Raikou\n|-damage|p1a: Raikou|190/278\n|\n|-heal|p1a: Raikou|207/278|[from] item: Leftovers\n|upkeep\n|turn|9\n|\n|t:|1781398104\n|switch|p2a: Amoonguss|Amoonguss, L82, M|168/321\n|move|p1a: Raikou|Thunderbolt|p2a: Amoonguss\n|-resisted|p2a: Amoonguss\n|-damage|p2a: Amoonguss|109/321\n|\n|-heal|p1a: Raikou|224/278|[from] item: Leftovers\n|-heal|p2a: Amoonguss|129/321|[from] item: Leftovers\n|upkeep\n|turn|10\n|\n|t:|1781398114\n|move|p1a: Raikou|Calm Mind|p1a: Raikou\n|-boost|p1a: Raikou|spa|1\n|-boost|p1a: Raikou|spd|1\n|move|p2a: Amoonguss|Giga Drain|p1a: Raikou\n|-damage|p1a: Raikou|181/278\n|-heal|p2a: Amoonguss|151/321|[from] drain|[of] p1a: Raikou\n|\n|-heal|p1a: Raikou|198/278|[from] item: Leftovers\n|-heal|p2a: Amoonguss|171/321|[from] item: Leftovers\n|upkeep\n|turn|11\n|\n|t:|1781398120\n|switch|p2a: Cryogonal|Cryogonal, L89|221/287\n|move|p1a: Raikou|Calm Mind|p1a: Raikou\n|-boost|p1a: Raikou|spa|1\n|-boost|p1a: Raikou|spd|1\n|\n|-heal|p1a: Raikou|215/278|[from] item: Leftovers\n|upkeep\n|turn|12\n|\n|t:|1781398125\n|move|p2a: Cryogonal|Haze|p2a: Cryogonal\n|-clearallboost\n|move|p1a: Raikou|Thunderbolt|p2a: Cryogonal\n|-damage|p2a: Cryogonal|154/287\n|\n|-heal|p1a: Raikou|232/278|[from] item: Leftovers\n|upkeep\n|turn|13\n|\n|t:|1781398131\n|switch|p1a: Fezandipiti|Fezandipiti, L82, M|278/278 slp\n|-damage|p1a: Fezandipiti|244/278 slp|[from] Stealth Rock\n|move|p2a: Cryogonal|Freeze-Dry|p1a: Fezandipiti\n|-damage|p1a: Fezandipiti|186/278 slp\n|\n|-heal|p1a: Fezandipiti|203/278 slp|[from] item: Leftovers\n|upkeep\n|turn|14\n|\n|t:|1781398155\n|switch|p2a: Kleavor|Kleavor, L78, F|237/237\n|-curestatus|p1a: Fezandipiti|slp|[msg]\n|move|p1a: Fezandipiti|Swords Dance|p1a: Fezandipiti\n|-boost|p1a: Fezandipiti|atk|2\n|\n|-heal|p1a: Fezandipiti|220/278|[from] item: Leftovers\n|upkeep\n|turn|15\n|\n|t:|1781398165\n|move|p2a: Kleavor|Stone Axe|p1a: Fezandipiti\n|-damage|p1a: Fezandipiti|100/278\n|move|p1a: Fezandipiti|Play Rough|p2a: Kleavor\n|-damage|p2a: Kleavor|74/237\n|-status|p2a: Kleavor|tox|[from] ability: Toxic Chain|[of] p1a: Fezandipiti\n|\n|-heal|p1a: Fezandipiti|117/278|[from] item: Leftovers\n|-damage|p2a: Kleavor|60/237 tox|[from] psn\n|upkeep\n|turn|16\n|\n|t:|1781398176\n|switch|p1a: Kommo-o|Kommo-o, L78, M|197/245\n|-damage|p1a: Kommo-o|182/245|[from] Stealth Rock\n|move|p2a: Kleavor|Stone Axe|p1a: Kommo-o\n|-resisted|p1a: Kommo-o\n|-damage|p1a: Kommo-o|132/245\n|\n|-damage|p2a: Kleavor|32/237 tox|[from] psn\n|upkeep\n|turn|17\n|\n|t:|1781398186\n|switch|p2a: Oricorio|Oricorio-Sensu, L85, M|266/266\n|move|p1a: Kommo-o|Scale Shot|p2a: Oricorio\n|-damage|p2a: Oricorio|236/266\n|-damage|p2a: Oricorio|206/266\n|-damage|p2a: Oricorio|176/266\n|-damage|p2a: Oricorio|142/266\n|-damage|p2a: Oricorio|111/266\n|-hitcount|p2a: Oricorio|5\n|-unboost|p1a: Kommo-o|def|1\n|-boost|p1a: Kommo-o|spe|1\n|\n|upkeep\n|turn|18\n|\n|t:|1781398203\n|switch|p2a: Kleavor|Kleavor, L78, F|32/237 tox\n|move|p1a: Kommo-o|Scale Shot|p2a: Kleavor\n|-damage|p2a: Kleavor|5/237 tox\n|-damage|p2a: Kleavor|0 fnt\n|faint|p2a: Kleavor\n|-hitcount|p2: Kleavor|2\n|-unboost|p1a: Kommo-o|def|1\n|-boost|p1a: Kommo-o|spe|1\n|\n|upkeep\n|\n|t:|1781398207\n|switch|p2a: Urshifu|Urshifu-Rapid-Strike, L75, F|274/274\n|turn|19\n|\n|t:|1781398219\n|move|p1a: Kommo-o|Close Combat|p2a: Urshifu\n|-damage|p2a: Urshifu|144/274\n|-unboost|p1a: Kommo-o|def|1\n|-unboost|p1a: Kommo-o|spd|1\n|move|p2a: Urshifu|Surging Strikes|p1a: Kommo-o\n|-resisted|p1a: Kommo-o\n|-crit|p1a: Kommo-o\n|-damage|p1a: Kommo-o|74/245\n|-resisted|p1a: Kommo-o\n|-crit|p1a: Kommo-o\n|-damage|p1a: Kommo-o|19/245\n|-resisted|p1a: Kommo-o\n|-crit|p1a: Kommo-o\n|-damage|p1a: Kommo-o|0 fnt\n|faint|p1a: Kommo-o\n|-hitcount|p1: Kommo-o|3\n|-damage|p2a: Urshifu|117/274|[from] item: Life Orb\n|\n|upkeep\n|\n|t:|1781398237\n|switch|p1a: Cyclizar|Cyclizar, L83, F|252/252\n|turn|20\n|\n|t:|1781398252\n|switch|p2a: Oricorio|Oricorio-Sensu, L85, M|111/266\n|move|p1a: Cyclizar|Draco Meteor|p2a: Oricorio|[miss]\n|-miss|p1a: Cyclizar|p2a: Oricorio\n|\n|upkeep\n|turn|21\n|\n|t:|1781398260\n|switch|p2a: Cryogonal|Cryogonal, L89|154/287\n|move|p1a: Cyclizar|Knock Off|p2a: Cryogonal\n|-damage|p2a: Cryogonal|60/287\n|-enditem|p2a: Cryogonal|Heavy-Duty Boots|[from] move: Knock Off|[of] p1a: Cyclizar\n|\n|upkeep\n|turn|22\n|\n|t:|1781398266\n|move|p1a: Cyclizar|Rapid Spin|p2a: Cryogonal\n|-damage|p2a: Cryogonal|0 fnt\n|-boost|p1a: Cyclizar|spe|1\n|-sideend|p1: John Five|Stealth Rock|[from] move: Rapid Spin|[of] p1a: Cyclizar\n|faint|p2a: Cryogonal\n|\n|upkeep\n|\n|t:|1781398270\n|switch|p2a: Heracross|Heracross, L80, M|259/259\n|turn|23\n|\n|t:|1781398275\n|move|p1a: Cyclizar|Shed Tail|p1a: Cyclizar\n|-start|p1a: Cyclizar|Substitute|[from] move: Shed Tail\n|-damage|p1a: Cyclizar|126/252\n|\n|t:|1781398281\n|switch|p1a: Iron Valiant|Iron Valiant, L78|244/244|[from] Shed Tail\n|move|p2a: Heracross|Trailblaze|p1a: Iron Valiant\n|-activate|p1a: Iron Valiant|move: Substitute|[damage]\n|-boost|p2a: Heracross|spe|1\n|\n|-status|p2a: Heracross|brn|[from] item: Flame Orb\n|upkeep\n|turn|24\n|\n|t:|1781398298\n|-terastallize|p2a: Heracross|Normal\n|move|p2a: Heracross|Trailblaze|p1a: Iron Valiant\n|-end|p1a: Iron Valiant|Substitute\n|-boost|p2a: Heracross|spe|1\n|move|p1a: Iron Valiant|Moonblast|p2a: Heracross\n|-damage|p2a: Heracross|126/259 brn\n|-unboost|p2a: Heracross|spa|1\n|-damage|p1a: Iron Valiant|220/244|[from] item: Life Orb\n|\n|-damage|p2a: Heracross|110/259 brn|[from] brn\n|upkeep\n|turn|25\n|\n|t:|1781398319\n|move|p2a: Heracross|Facade|p1a: Iron Valiant\n|-damage|p1a: Iron Valiant|0 fnt\n|faint|p1a: Iron Valiant\n|-end|p1a: Iron Valiant|Quark Drive|[silent]\n|\n|-damage|p2a: Heracross|94/259 brn|[from] brn\n|upkeep\n|inactive|John Five has 120 seconds left.\n|\n|t:|1781398343\n|switch|p1a: Raikou|Raikou, L81|232/278\n|-ability|p1a: Raikou|Pressure\n|turn|26\n|\n|t:|1781398349\n|move|p2a: Heracross|Facade|p1a: Raikou\n|-damage|p1a: Raikou|0 fnt\n|faint|p1a: Raikou\n|\n|-damage|p2a: Heracross|78/259 brn|[from] brn\n|upkeep\n|\n|t:|1781398354\n|switch|p1a: Cloyster|Cloyster, L80, F|211/211\n|turn|27\n|inactive|John Five has 120 seconds left.\n|inactive|sondaw has 120 seconds left.\n|\n|t:|1781398394\n|move|p2a: Heracross|Facade|p1a: Cloyster\n|-damage|p1a: Cloyster|64/211\n|move|p1a: Cloyster|Icicle Spear|p2a: Heracross\n|-damage|p2a: Heracross|48/259 brn\n|-crit|p2a: Heracross\n|-damage|p2a: Heracross|2/259 brn\n|-damage|p2a: Heracross|0 fnt\n|faint|p2a: Heracross\n|-hitcount|p2: Heracross|3\n|\n|upkeep\n|\n|t:|1781398404\n|switch|p2a: Oricorio|Oricorio-Sensu, L85, M|111/266\n|turn|28\n|\n|t:|1781398409\n|move|p2a: Oricorio|Revelation Dance|p1a: Cloyster\n|-damage|p1a: Cloyster|0 fnt\n|faint|p1a: Cloyster\n|\n|upkeep\n|\n|t:|1781398411\n|switch|p1a: Cyclizar|Cyclizar, L83, F|210/252\n|turn|29\n|\n|t:|1781398418\n|switch|p2a: Urshifu|Urshifu-Rapid-Strike, L75, F|117/274\n|move|p1a: Cyclizar|Knock Off|p2a: Urshifu\n|-resisted|p2a: Urshifu\n|-damage|p2a: Urshifu|81/274\n|-enditem|p2a: Urshifu|Life Orb|[from] move: Knock Off|[of] p1a: Cyclizar\n|\n|upkeep\n|turn|30\n|\n|t:|1781398422\n|move|p1a: Cyclizar|Draco Meteor|p2a: Urshifu\n|-damage|p2a: Urshifu|0 fnt\n|-unboost|p1a: Cyclizar|spa|2\n|faint|p2a: Urshifu\n|\n|upkeep\n|\n|t:|1781398424\n|switch|p2a: Amoonguss|Amoonguss, L82, M|278/321\n|turn|31\n|\n|t:|1781398427\n|move|p1a: Cyclizar|Shed Tail|p1a: Cyclizar\n|-start|p1a: Cyclizar|Substitute|[from] move: Shed Tail\n|-damage|p1a: Cyclizar|84/252\n|\n|t:|1781398429\n|switch|p1a: Fezandipiti|Fezandipiti, L82, M|117/278|[from] Shed Tail\n|move|p2a: Amoonguss|Sludge Bomb|p1a: Fezandipiti\n|-activate|p1a: Fezandipiti|move: Substitute|[damage]\n|\n|-heal|p1a: Fezandipiti|134/278|[from] item: Leftovers\n|-heal|p2a: Amoonguss|298/321|[from] item: Leftovers\n|upkeep\n|turn|32\n|\n|t:|1781398436\n|move|p1a: Fezandipiti|Swords Dance|p1a: Fezandipiti\n|-boost|p1a: Fezandipiti|atk|2\n|move|p2a: Amoonguss|Sludge Bomb|p1a: Fezandipiti\n|-end|p1a: Fezandipiti|Substitute\n|\n|-heal|p1a: Fezandipiti|151/278|[from] item: Leftovers\n|-heal|p2a: Amoonguss|318/321|[from] item: Leftovers\n|upkeep\n|turn|33\n|\n|t:|1781398442\n|move|p1a: Fezandipiti|Gunk Shot|p2a: Amoonguss\n|-damage|p2a: Amoonguss|38/321\n|move|p2a: Amoonguss|Spore|p1a: Fezandipiti\n|-status|p1a: Fezandipiti|slp|[from] move: Spore\n|\n|-heal|p1a: Fezandipiti|168/278 slp|[from] item: Leftovers\n|-heal|p2a: Amoonguss|58/321|[from] item: Leftovers\n|upkeep\n|turn|34\n|\n|t:|1781398454\n|switch|p1a: Cyclizar|Cyclizar, L83, F|168/252\n|move|p2a: Amoonguss|Stomping Tantrum|p1a: Cyclizar\n|-damage|p1a: Cyclizar|114/252\n|\n|-heal|p2a: Amoonguss|78/321|[from] item: Leftovers\n|upkeep\n|turn|35\n|\n|t:|1781398462\n|switch|p2a: Oricorio|Oricorio-Sensu, L85, M|111/266\n|move|p1a: Cyclizar|Draco Meteor|p2a: Oricorio\n|-damage|p2a: Oricorio|0 fnt\n|-unboost|p1a: Cyclizar|spa|2\n|faint|p2a: Oricorio\n|\n|upkeep\n|\n|t:|1781398464\n|switch|p2a: Amoonguss|Amoonguss, L82, M|185/321\n|turn|36\n|\n|t:|1781398474\n|-terastallize|p1a: Cyclizar|Steel\n|move|p1a: Cyclizar|Knock Off|p2a: Amoonguss\n|-damage|p2a: Amoonguss|112/321\n|-enditem|p2a: Amoonguss|Leftovers|[from] move: Knock Off|[of] p1a: Cyclizar\n|move|p2a: Amoonguss|Sludge Bomb|p1a: Cyclizar\n|-immune|p1a: Cyclizar\n|\n|upkeep\n|turn|37\n|\n|t:|1781398481\n|move|p1a: Cyclizar|Rapid Spin|p2a: Amoonguss\n|-damage|p2a: Amoonguss|48/321\n|-boost|p1a: Cyclizar|spe|1\n|move|p2a: Amoonguss|Stomping Tantrum|p1a: Cyclizar\n|-supereffective|p1a: Cyclizar\n|-damage|p1a: Cyclizar|0 fnt\n|faint|p1a: Cyclizar\n|\n|upkeep\n|\n|t:|1781398487\n|switch|p1a: Fezandipiti|Fezandipiti, L82, M|168/278 slp\n|turn|38\n|\n|t:|1781398490\n|cant|p1a: Fezandipiti|slp\n|move|p2a: Amoonguss|Stomping Tantrum|p1a: Fezandipiti\n|-supereffective|p1a: Fezandipiti\n|-damage|p1a: Fezandipiti|74/278 slp\n|\n|-heal|p1a: Fezandipiti|91/278 slp|[from] item: Leftovers\n|upkeep\n|turn|39\n|\n|t:|1781398500\n|-curestatus|p1a: Fezandipiti|slp|[msg]\n|move|p1a: Fezandipiti|Tera Blast|p2a: Amoonguss\n|-damage|p2a: Amoonguss|5/321\n|move|p2a: Amoonguss|Stomping Tantrum|p1a: Fezandipiti\n|-supereffective|p1a: Fezandipiti\n|-damage|p1a: Fezandipiti|0 fnt\n|faint|p1a: Fezandipiti\n|\n|win|sondaw\n", "inputlog": ">version a8376a258c1d4662feba110a92103f3664a72141\n>start {\"formatid\":\"gen9randombattle\",\"seed\":\"sodium,9deaebc78c7a7db469329ac8f94de34d\",\"rated\":\"Rated battle\"}\n>player p1 {\"name\":\"John Five\",\"avatar\":\"veteranf\",\"rating\":2038,\"seed\":\"sodium,600771f13dfed68806fd226a20b10603\"}\n>player p2 {\"name\":\"sondaw\",\"avatar\":\"1\",\"rating\":2236,\"seed\":\"sodium,a791026ea2ca4cfe0b8f52d0f85a2acc\"}\n>p1 move thunderbolt\n>p2 switch 3\n>p1 switch 2\n>p2 move freezedry\n>p1 move swordsdance\n>p2 switch 6\n>p1 move gunkshot\n>p2 move spore\n>p1 move gunkshot\n>p2 switch 4\n>p1 switch 5\n>p2 move stoneaxe\n>p1 move swordsdance\n>p2 switch 2\n>p1 switch 2\n>p2 move hurricane\n>p1 move thunderbolt\n>p2 switch 4\n>p1 move calmmind\n>p2 move gigadrain\n>p1 move calmmind\n>p2 switch 6\n>p1 move thunderbolt\n>p2 move haze\n>p1 switch 5\n>p2 move freezedry\n>p1 move swordsdance\n>p2 switch 2\n>p1 move playrough\n>p2 move stoneaxe\n>p1 switch 2\n>p2 move stoneaxe\n>p1 move scaleshot\n>p2 switch 4\n>p1 move scaleshot\n>p2 switch 4\n>p2 switch 3\n>p1 move closecombat\n>p2 move surgingstrikes\n>p1 switch 6\n>p1 move dracometeor\n>p2 switch 4\n>p1 move knockoff\n>p2 switch 2\n>p1 move rapidspin\n>p2 move recover\n>p2 switch 5\n>p1 move shedtail\n>p2 move trailblaze\n>p1 switch 4\n>p1 move moonblast\n>p2 move trailblaze terastallize\n>p1 move moonblast\n>p2 move facade\n>p1 switch 5\n>p1 move thunderbolt\n>p2 move facade\n>p1 switch 3\n>p1 move iciclespear\n>p2 move facade\n>p2 switch 2\n>p1 move iciclespear\n>p2 move revelationdance\n>p1 switch 4\n>p1 move knockoff\n>p2 switch 4\n>p1 move dracometeor\n>p2 move surgingstrikes\n>p2 switch 6\n>p1 move shedtail\n>p2 move sludgebomb\n>p1 switch 2\n>p1 move swordsdance\n>p2 move sludgebomb\n>p1 move gunkshot\n>p2 move spore\n>p1 switch 2\n>p2 move stompingtantrum\n>p1 move dracometeor\n>p2 switch 4\n>p2 switch 4\n>p1 move knockoff terastallize\n>p2 move sludgebomb\n>p1 move rapidspin\n>p2 move stompingtantrum\n>p1 switch 2\n>p1 move terablast\n>p2 move stompingtantrum\n>p1 move terablast\n>p2 move stompingtantrum", "uploadtime": 1781397987, "views": 4, "formatid": "gen9randombattle", "rating": null, "private": 0, "password": null}