{"id": "gen9randombattle-2631394755", "format": "[Gen 9] Random Battle", "players": ["Loerik2", "mr012"], "log": "|j|\u2606Loerik2\n|j|\u2606mr012\n|t:|1781379485\n|gametype|singles\n|player|p1|Loerik2|169|1957\n|player|p2|mr012|266|1933\n|gen|9\n|tier|[Gen 9] Random Battle\n|rated|\n|rule|Species Clause: Limit one of each Pok\u00e9mon\n|rule|HP Percentage Mod: HP is shown in percentages\n|rule|Sleep Clause Mod: Limit one foe put to sleep\n|rule|Illusion Level Mod: Illusion disguises the Pok\u00e9mon's true level\n|\n|t:|1781379485\n|teamsize|p1|6\n|teamsize|p2|6\n|start\n|switch|p1a: Lokix|Lokix, L82, F|251/251\n|switch|p2a: Lurantis|Lurantis, L87, M|264/264\n|turn|1\n|\n|t:|1781379499\n|switch|p2a: Dondozo|Dondozo, L78, F|362/362\n|move|p1a: Lokix|First Impression|p2a: Dondozo\n|-damage|p2a: Dondozo|271/362\n|\n|-heal|p2a: Dondozo|293/362|[from] item: Leftovers\n|upkeep\n|turn|2\n|\n|t:|1781379501\n|move|p1a: Lokix|Knock Off|p2a: Dondozo\n|-damage|p2a: Dondozo|202/362\n|-enditem|p2a: Dondozo|Leftovers|[from] move: Knock Off|[of] p1a: Lokix\n|move|p2a: Dondozo|Wave Crash|p1a: Lokix\n|-damage|p1a: Lokix|122/251\n|-damage|p2a: Dondozo|159/362|[from] Recoil\n|\n|upkeep\n|turn|3\n|inactive|Battle timer is ON: inactive players will automatically lose when time's up. (requested by mr012)\n|\n|t:|1781379509\n|move|p1a: Lokix|U-turn|p2a: Dondozo\n|-damage|p2a: Dondozo|77/362\n|\n|t:|1781379512\n|switch|p1a: Empoleon|Empoleon, L84, M|278/278|[from] U-turn\n|move|p2a: Dondozo|Wave Crash|p1a: Empoleon\n|-resisted|p1a: Empoleon\n|-damage|p1a: Empoleon|217/278\n|-damage|p2a: Dondozo|57/362|[from] Recoil\n|\n|-heal|p1a: Empoleon|234/278|[from] item: Leftovers\n|upkeep\n|turn|4\n|\n|t:|1781379519\n|move|p1a: Empoleon|Surf|p2a: Dondozo\n|-resisted|p2a: Dondozo\n|-damage|p2a: Dondozo|0 fnt\n|faint|p2a: Dondozo\n|\n|-heal|p1a: Empoleon|251/278|[from] item: Leftovers\n|upkeep\n|\n|t:|1781379524\n|switch|p2a: Lurantis|Lurantis, L87, M|264/264\n|turn|5\n|\n|t:|1781379528\n|move|p1a: Empoleon|Yawn|p2a: Lurantis\n|-start|p2a: Lurantis|move: Yawn|[of] p1a: Empoleon\n|move|p2a: Lurantis|Superpower|p1a: Empoleon\n|-supereffective|p1a: Empoleon\n|-damage|p1a: Empoleon|59/278\n|-boost|p2a: Lurantis|atk|1\n|-boost|p2a: Lurantis|def|1\n|\n|-heal|p1a: Empoleon|76/278|[from] item: Leftovers\n|upkeep\n|turn|6\n|\n|t:|1781379532\n|move|p1a: Empoleon|Stealth Rock|p2a: Lurantis\n|-sidestart|p2: mr012|move: Stealth Rock\n|move|p2a: Lurantis|Superpower|p1a: Empoleon\n|-supereffective|p1a: Empoleon\n|-damage|p1a: Empoleon|0 fnt\n|-boost|p2a: Lurantis|atk|1\n|-boost|p2a: Lurantis|def|1\n|faint|p1a: Empoleon\n|\n|-end|p2a: Lurantis|move: Yawn|[silent]\n|-status|p2a: Lurantis|slp\n|upkeep\n|\n|t:|1781379535\n|switch|p1a: Iron Moth|Iron Moth, L78|253/253\n|turn|7\n|\n|t:|1781379540\n|switch|p2a: Sandaconda|Sandaconda, L84, M|258/258\n|-damage|p2a: Sandaconda|242/258|[from] Stealth Rock\n|move|p1a: Iron Moth|Toxic Spikes|p2a: Sandaconda\n|-sidestart|p2: mr012|move: Toxic Spikes\n|\n|-heal|p2a: Sandaconda|258/258|[from] item: Leftovers\n|upkeep\n|turn|8\n|\n|t:|1781379544\n|-end|p1a: Iron Moth|Quark Drive|[silent]\n|switch|p1a: Shaymin|Shaymin-Sky, L73|266/266\n|move|p2a: Sandaconda|Glare|p1a: Shaymin\n|-status|p1a: Shaymin|par\n|\n|upkeep\n|turn|9\n|\n|t:|1781379547\n|move|p2a: Sandaconda|Stone Edge|p1a: Shaymin\n|-supereffective|p1a: Shaymin\n|-damage|p1a: Shaymin|74/266 par\n|cant|p1a: Shaymin|par\n|\n|upkeep\n|turn|10\n|\n|t:|1781379552\n|move|p2a: Sandaconda|Stone Edge|p1a: Shaymin\n|-supereffective|p1a: Shaymin\n|-damage|p1a: Shaymin|0 fnt\n|faint|p1a: Shaymin\n|\n|upkeep\n|\n|t:|1781379560\n|switch|p1a: Quaquaval|Quaquaval, L79, F|264/264\n|turn|11\n|\n|t:|1781379565\n|-terastallize|p2a: Sandaconda|Dragon\n|move|p1a: Quaquaval|Aqua Step|p2a: Sandaconda\n|-resisted|p2a: Sandaconda\n|-damage|p2a: Sandaconda|205/258\n|-boost|p1a: Quaquaval|spe|1\n|move|p2a: Sandaconda|Glare|p1a: Quaquaval\n|-status|p1a: Quaquaval|par\n|\n|-heal|p2a: Sandaconda|221/258|[from] item: Leftovers\n|upkeep\n|turn|12\n|\n|t:|1781379571\n|switch|p1a: Lokix|Lokix, L82, F|122/251\n|move|p2a: Sandaconda|Earthquake|p1a: Lokix\n|-resisted|p1a: Lokix\n|-damage|p1a: Lokix|56/251\n|\n|-heal|p2a: Sandaconda|237/258|[from] item: Leftovers\n|upkeep\n|turn|13\n|\n|t:|1781379581\n|move|p1a: Lokix|Knock Off|p2a: Sandaconda\n|-damage|p2a: Sandaconda|165/258\n|-enditem|p2a: Sandaconda|Leftovers|[from] move: Knock Off|[of] p1a: Lokix\n|move|p2a: Sandaconda|Earthquake|p1a: Lokix\n|-resisted|p1a: Lokix\n|-damage|p1a: Lokix|0 fnt\n|faint|p1a: Lokix\n|\n|upkeep\n|j| feraligatr77\n|\n|t:|1781379590\n|switch|p1a: Iron Crown|Iron Crown, L78|268/268\n|turn|14\n|\n|t:|1781379595\n|move|p1a: Iron Crown|Tachyon Cutter|p2a: Sandaconda\n|-damage|p2a: Sandaconda|59/258\n|-damage|p2a: Sandaconda|0 fnt\n|faint|p2a: Sandaconda\n|-hitcount|p2: Sandaconda|2\n|\n|upkeep\n|\n|t:|1781379606\n|switch|p2a: Duraludon|Duraludon, L82, M|249/249\n|-damage|p2a: Duraludon|234/249|[from] Stealth Rock\n|turn|15\n|\n|t:|1781379614\n|-end|p1a: Iron Crown|Quark Drive|[silent]\n|switch|p1a: Quaquaval|Quaquaval, L79, F|264/264 par\n|move|p2a: Duraludon|Iron Defense|p2a: Duraludon\n|-boost|p2a: Duraludon|def|2\n|\n|upkeep\n|turn|16\n|\n|t:|1781379625\n|move|p2a: Duraludon|Body Press|p1a: Quaquaval\n|-crit|p1a: Quaquaval\n|-damage|p1a: Quaquaval|72/264 par\n|move|p1a: Quaquaval|Knock Off|p2a: Duraludon\n|-damage|p2a: Duraludon|203/249\n|-enditem|p2a: Duraludon|Eviolite|[from] move: Knock Off|[of] p1a: Quaquaval\n|\n|upkeep\n|turn|17\n|\n|t:|1781379630\n|move|p2a: Duraludon|Body Press|p1a: Quaquaval\n|-damage|p1a: Quaquaval|0 fnt\n|faint|p1a: Quaquaval\n|\n|upkeep\n|\n|t:|1781379637\n|switch|p1a: Iron Crown|Iron Crown, L78|268/268\n|turn|18\n|\n|t:|1781379641\n|move|p1a: Iron Crown|Focus Blast|p2a: Duraludon|[miss]\n|-miss|p1a: Iron Crown|p2a: Duraludon\n|move|p2a: Duraludon|Body Press|p1a: Iron Crown\n|-damage|p1a: Iron Crown|151/268\n|\n|upkeep\n|turn|19\n|\n|t:|1781379645\n|move|p1a: Iron Crown|Focus Blast|p2a: Duraludon\n|-supereffective|p2a: Duraludon\n|-damage|p2a: Duraludon|0 fnt\n|faint|p2a: Duraludon\n|\n|upkeep\n|\n|t:|1781379663\n|switch|p2a: Toedscruel|Toedscruel, L87, M|281/281\n|-damage|p2a: Toedscruel|264/281|[from] Stealth Rock\n|-status|p2a: Toedscruel|psn\n|turn|20\n|\n|t:|1781379671\n|move|p2a: Toedscruel|Earth Power|p1a: Iron Crown\n|-supereffective|p1a: Iron Crown\n|-damage|p1a: Iron Crown|0 fnt\n|faint|p1a: Iron Crown\n|-end|p1a: Iron Crown|Quark Drive|[silent]\n|\n|-heal|p2a: Toedscruel|281/281 psn|[from] item: Leftovers\n|-damage|p2a: Toedscruel|246/281 psn|[from] psn\n|upkeep\n|\n|t:|1781379673\n|switch|p1a: Iron Moth|Iron Moth, L78|253/253\n|turn|21\n|\n|t:|1781379683\n|-terastallize|p1a: Iron Moth|Fire\n|move|p2a: Toedscruel|Earth Power|p1a: Iron Moth\n|-supereffective|p1a: Iron Moth\n|-damage|p1a: Iron Moth|91/253\n|move|p1a: Iron Moth|Fire Blast|p2a: Toedscruel|[miss]\n|-miss|p1a: Iron Moth|p2a: Toedscruel\n|\n|-heal|p2a: Toedscruel|263/281 psn|[from] item: Leftovers\n|-damage|p2a: Toedscruel|228/281 psn|[from] psn\n|upkeep\n|turn|22\n|-message|Loerik2 forfeited.\n|\n|win|mr012\n", "inputlog": ">version a8376a258c1d4662feba110a92103f3664a72141\n>start {\"formatid\":\"gen9randombattle\",\"seed\":\"sodium,75d6b36b22e409c454154add9ce4fbd9\",\"rated\":\"Rated battle\"}\n>player p1 {\"name\":\"Loerik2\",\"avatar\":\"169\",\"rating\":1957,\"seed\":\"sodium,d5e4b4c74af3d751389e1b130caab3fa\"}\n>player p2 {\"name\":\"mr012\",\"avatar\":\"266\",\"rating\":1933,\"seed\":\"sodium,b1b40227a22bd49bd97c1406f2d0bca2\"}\n>p1 move firstimpression\n>p2 switch 5\n>p1 move knockoff\n>p2 move wavecrash\n>p1 move uturn\n>p2 move wavecrash\n>p1 switch 5\n>p1 move surf\n>p2 move rest\n>p2 switch 5\n>p1 move yawn\n>p2 move superpower\n>p1 move stealthrock\n>p2 move superpower\n>p1 switch 3\n>p1 move toxicspikes\n>p2 switch 6\n>p1 switch 2\n>p2 move glare\n>p1 move seedflare\n>p2 move stoneedge\n>p1 move seedflare\n>p2 move stoneedge\n>p1 switch 6\n>p1 move aquastep\n>p2 move glare terastallize\n>p1 switch 5\n>p2 move earthquake\n>p1 move knockoff\n>p2 move earthquake\n>p1 switch 4\n>p1 move tachyoncutter\n>p2 move glare\n>p2 switch 4\n>p1 switch 5\n>p2 move irondefense\n>p1 move knockoff\n>p2 move bodypress\n>p1 move knockoff\n>p2 move bodypress\n>p1 switch 5\n>p1 move focusblast\n>p2 move bodypress\n>p1 move focusblast\n>p2 move bodypress\n>p2 switch 2\n>p1 move focusblast\n>p2 move earthpower\n>p1 switch 2\n>p1 move fireblast terastallize\n>p2 move earthpower\n>forcelose p1", "uploadtime": 1781379487, "views": 7, "formatid": "gen9randombattle", "rating": null, "private": 0, "password": null}