{"id": "gen9randombattle-2631886011", "format": "[Gen 9] Random Battle", "players": ["goooze", "napoliones"], "log": "|j|\u2606goooze\n|j|\u2606napoliones\n|t:|1781452038\n|gametype|singles\n|player|p1|goooze|sage|2186\n|player|p2|napoliones|265|2038\n|gen|9\n|tier|[Gen 9] Random Battle\n|rated|\n|rule|Species Clause: Limit one of each Pok\u00e9mon\n|rule|HP Percentage Mod: HP is shown in percentages\n|rule|Sleep Clause Mod: Limit one foe put to sleep\n|rule|Illusion Level Mod: Illusion disguises the Pok\u00e9mon's true level\n|\n|t:|1781452038\n|teamsize|p1|6\n|teamsize|p2|6\n|start\n|switch|p1a: Toxtricity|Toxtricity, L82, F|257/257\n|switch|p2a: Gogoat|Gogoat, L88, F|360/360\n|turn|1\n|inactive|Battle timer is ON: inactive players will automatically lose when time's up. (requested by napoliones)\n|c|\u2606napoliones|gl hf :)\n|\n|t:|1781452060\n|switch|p1a: Enamorus|Enamorus, L79, F|247/247\n|move|p2a: Gogoat|Earthquake|p1a: Enamorus\n|-immune|p1a: Enamorus\n|\n|upkeep\n|turn|2\n|\n|t:|1781452068\n|switch|p2a: Kilowattrel|Kilowattrel, L83, M|252/252\n|move|p1a: Enamorus|Calm Mind|p1a: Enamorus\n|-boost|p1a: Enamorus|spa|1\n|-boost|p1a: Enamorus|spd|1\n|\n|upkeep\n|turn|3\n|\n|t:|1781452089\n|move|p2a: Kilowattrel|Discharge|p1a: Enamorus\n|-supereffective|p1a: Enamorus\n|-damage|p1a: Enamorus|103/247\n|-status|p1a: Enamorus|par\n|move|p1a: Enamorus|Moonblast|p2a: Kilowattrel\n|-damage|p2a: Kilowattrel|8/252\n|\n|upkeep\n|turn|4\n|\n|t:|1781452097\n|switch|p1a: Toxtricity|Toxtricity, L82, F|257/257\n|move|p2a: Kilowattrel|Discharge|p1a: Toxtricity\n|-resisted|p1a: Toxtricity\n|-damage|p1a: Toxtricity|208/257\n|\n|upkeep\n|turn|5\n|\n|t:|1781452104\n|move|p2a: Kilowattrel|U-turn|p1a: Toxtricity\n|-resisted|p1a: Toxtricity\n|-damage|p1a: Toxtricity|183/257\n|\n|t:|1781452107\n|switch|p2a: Blissey|Blissey, L85, F|572/572|[from] U-turn\n|move|p1a: Toxtricity|Boomburst|p2a: Blissey\n|-damage|p2a: Blissey|474/572\n|-enditem|p1a: Toxtricity|Throat Spray\n|-boost|p1a: Toxtricity|spa|1|[from] item: Throat Spray\n|\n|-heal|p2a: Blissey|509/572|[from] item: Leftovers\n|upkeep\n|turn|6\n|\n|t:|1781452115\n|move|p1a: Toxtricity|Shift Gear|p1a: Toxtricity\n|-boost|p1a: Toxtricity|spe|2\n|-boost|p1a: Toxtricity|atk|1\n|move|p2a: Blissey|Seismic Toss|p1a: Toxtricity\n|-damage|p1a: Toxtricity|98/257\n|\n|-heal|p2a: Blissey|544/572|[from] item: Leftovers\n|upkeep\n|turn|7\n|\n|t:|1781452128\n|move|p1a: Toxtricity|Gunk Shot|p2a: Blissey\n|-damage|p2a: Blissey|0 fnt\n|faint|p2a: Blissey\n|\n|upkeep\n|\n|t:|1781452133\n|switch|p2a: Oranguru|Oranguru, L92, M|315/315\n|turn|8\n|\n|t:|1781452162\n|move|p1a: Toxtricity|Boomburst|p2a: Oranguru\n|-damage|p2a: Oranguru|161/315\n|move|p2a: Oranguru|Psychic|p1a: Toxtricity\n|-supereffective|p1a: Toxtricity\n|-damage|p1a: Toxtricity|0 fnt\n|faint|p1a: Toxtricity\n|\n|-heal|p2a: Oranguru|180/315|[from] item: Leftovers\n|upkeep\n|inactive|goooze has 120 seconds left.\n|\n|t:|1781452183\n|switch|p1a: Magmortar|Magmortar, L88, F|275/275\n|turn|9\n|\n|t:|1781452192\n|move|p1a: Magmortar|Fire Blast|p2a: Oranguru\n|-damage|p2a: Oranguru|60/315\n|move|p2a: Oranguru|Psychic|p1a: Magmortar\n|-damage|p1a: Magmortar|178/275\n|\n|-heal|p2a: Oranguru|79/315|[from] item: Leftovers\n|upkeep\n|turn|10\n|\n|t:|1781452198\n|move|p1a: Magmortar|Fire Blast|p2a: Oranguru\n|-damage|p2a: Oranguru|0 fnt\n|faint|p2a: Oranguru\n|\n|upkeep\n|\n|t:|1781452207\n|switch|p2a: Mew|Mew, L82|298/298\n|turn|11\n|\n|t:|1781452218\n|switch|p1a: Dipplin|Dipplin, L88, F|284/284\n|move|p2a: Mew|Psychic|p1a: Dipplin\n|-damage|p1a: Dipplin|221/284\n|\n|upkeep\n|turn|12\n|\n|t:|1781452226\n|move|p2a: Mew|Stealth Rock|p1a: Dipplin\n|-sidestart|p1: goooze|move: Stealth Rock\n|move|p1a: Dipplin|Dragon Tail|p2a: Mew\n|-damage|p2a: Mew|238/298\n|drag|p2a: Gogoat|Gogoat, L88, F|360/360\n|\n|upkeep\n|turn|13\n|\n|t:|1781452234\n|move|p2a: Gogoat|Bulk Up|p2a: Gogoat\n|-boost|p2a: Gogoat|atk|1\n|-boost|p2a: Gogoat|def|1\n|move|p1a: Dipplin|Dragon Pulse|p2a: Gogoat\n|-damage|p2a: Gogoat|261/360\n|\n|-heal|p2a: Gogoat|283/360|[from] item: Leftovers\n|upkeep\n|turn|14\n|\n|t:|1781452237\n|move|p2a: Gogoat|Horn Leech|p1a: Dipplin\n|-resisted|p1a: Dipplin\n|-damage|p1a: Dipplin|203/284\n|-heal|p2a: Gogoat|292/360|[from] drain|[of] p1a: Dipplin\n|move|p1a: Dipplin|Dragon Tail|p2a: Gogoat\n|-damage|p2a: Gogoat|244/360\n|drag|p2a: Mew|Mew, L82|238/298\n|\n|-heal|p2a: Mew|256/298|[from] item: Leftovers\n|upkeep\n|turn|15\n|\n|t:|1781452248\n|move|p2a: Mew|Psychic|p1a: Dipplin\n|-damage|p1a: Dipplin|140/284\n|move|p1a: Dipplin|Giga Drain|p2a: Mew\n|-damage|p2a: Mew|169/298\n|-heal|p1a: Dipplin|184/284|[from] drain|[of] p2a: Mew\n|\n|-heal|p2a: Mew|187/298|[from] item: Leftovers\n|upkeep\n|turn|16\n|\n|t:|1781452253\n|move|p2a: Mew|U-turn|p1a: Dipplin\n|-supereffective|p1a: Dipplin\n|-damage|p1a: Dipplin|136/284\n|\n|t:|1781452257\n|switch|p2a: Gogoat|Gogoat, L88, F|244/360|[from] U-turn\n|move|p1a: Dipplin|Giga Drain|p2a: Gogoat\n|-ability|p2a: Gogoat|Sap Sipper|boost\n|-boost|p2a: Gogoat|atk|1\n|\n|-heal|p2a: Gogoat|266/360|[from] item: Leftovers\n|upkeep\n|turn|17\n|\n|t:|1781452261\n|move|p2a: Gogoat|Horn Leech|p1a: Dipplin\n|-resisted|p1a: Dipplin\n|-damage|p1a: Dipplin|120/284\n|-heal|p2a: Gogoat|274/360|[from] drain|[of] p1a: Dipplin\n|move|p1a: Dipplin|Recover|p1a: Dipplin\n|-heal|p1a: Dipplin|262/284\n|\n|-heal|p2a: Gogoat|296/360|[from] item: Leftovers\n|upkeep\n|turn|18\n|\n|t:|1781452265\n|move|p2a: Gogoat|Bulk Up|p2a: Gogoat\n|-boost|p2a: Gogoat|atk|1\n|-boost|p2a: Gogoat|def|1\n|move|p1a: Dipplin|Dragon Tail|p2a: Gogoat\n|-damage|p2a: Gogoat|244/360\n|drag|p2a: Kilowattrel|Kilowattrel, L83, M|8/252\n|\n|upkeep\n|turn|19\n|\n|t:|1781452270\n|move|p2a: Kilowattrel|Roost|p2a: Kilowattrel\n|-heal|p2a: Kilowattrel|134/252\n|-singleturn|p2a: Kilowattrel|move: Roost\n|move|p1a: Dipplin|Dragon Pulse|p2a: Kilowattrel\n|-damage|p2a: Kilowattrel|0 fnt\n|faint|p2a: Kilowattrel\n|\n|upkeep\n|\n|t:|1781452273\n|switch|p2a: Toxtricity|Toxtricity, L82, M|257/257\n|turn|20\n|\n|t:|1781452278\n|move|p2a: Toxtricity|Sludge Wave|p1a: Dipplin\n|-supereffective|p1a: Dipplin\n|-damage|p1a: Dipplin|124/284\n|move|p1a: Dipplin|Dragon Tail|p2a: Toxtricity\n|-damage|p2a: Toxtricity|181/257\n|drag|p2a: Mew|Mew, L82|187/298\n|\n|-heal|p2a: Mew|205/298|[from] item: Leftovers\n|upkeep\n|turn|21\n|\n|t:|1781452285\n|move|p2a: Mew|U-turn|p1a: Dipplin\n|-supereffective|p1a: Dipplin\n|-damage|p1a: Dipplin|74/284\n|\n|t:|1781452286\n|switch|p2a: Toxtricity|Toxtricity, L82, M|181/257|[from] U-turn\n|move|p1a: Dipplin|Recover|p1a: Dipplin\n|-heal|p1a: Dipplin|216/284\n|\n|upkeep\n|turn|22\n|\n|t:|1781452312\n|switch|p1a: Enamorus|Enamorus, L79, F|103/247 par\n|move|p2a: Toxtricity|Sludge Wave|p1a: Enamorus\n|-supereffective|p1a: Enamorus\n|-damage|p1a: Enamorus|0 fnt\n|faint|p1a: Enamorus\n|\n|upkeep\n|inactive|goooze has 120 seconds left.\n|\n|t:|1781452342\n|switch|p1a: Magmortar|Magmortar, L88, F|178/275\n|turn|23\n|\n|t:|1781452348\n|move|p2a: Toxtricity|Sludge Wave|p1a: Magmortar\n|-damage|p1a: Magmortar|87/275\n|move|p1a: Magmortar|Scorching Sands|p2a: Toxtricity\n|-supereffective|p2a: Toxtricity\n|-damage|p2a: Toxtricity|0 fnt\n|faint|p2a: Toxtricity\n|\n|upkeep\n|-message|napoliones forfeited.\n|\n|win|goooze\n", "uploadtime": 1781452040, "views": 5, "formatid": "gen9randombattle", "rating": null, "private": 0, "password": null}