{"id": "gen9randombattle-2631548548", "format": "[Gen 9] Random Battle", "players": ["JayClaw", "moritzvb"], "log": "|j|\u2606JayClaw\n|j|\u2606moritzvb\n|t:|1781399764\n|gametype|singles\n|player|p1|JayClaw|red|2073\n|player|p2|moritzvb|ariana|2143\n|gen|9\n|tier|[Gen 9] Random Battle\n|rated|\n|rule|Species Clause: Limit one of each Pok\u00e9mon\n|rule|HP Percentage Mod: HP is shown in percentages\n|rule|Sleep Clause Mod: Limit one foe put to sleep\n|rule|Illusion Level Mod: Illusion disguises the Pok\u00e9mon's true level\n|\n|t:|1781399764\n|teamsize|p1|6\n|teamsize|p2|6\n|start\n|switch|p1a: Gogoat|Gogoat, L88, M|360/360\n|switch|p2a: Houndstone|Houndstone, L86, F|264/264\n|turn|1\n|\n|t:|1781399787\n|switch|p2a: Leavanny|Leavanny, L86, F|269/269\n|move|p1a: Gogoat|Bulk Up|p1a: Gogoat\n|-boost|p1a: Gogoat|atk|1\n|-boost|p1a: Gogoat|def|1\n|\n|upkeep\n|turn|2\n|\n|t:|1781399807\n|switch|p1a: Toxtricity|Toxtricity, L82, F|257/257\n|move|p2a: Leavanny|Sticky Web|p1a: Toxtricity\n|-sidestart|p1: JayClaw|move: Sticky Web\n|\n|upkeep\n|turn|3\n|\n|t:|1781399819\n|switch|p2a: Houndstone|Houndstone, L86, F|264/264\n|move|p1a: Toxtricity|Sludge Wave|p2a: Houndstone\n|-resisted|p2a: Houndstone\n|-damage|p2a: Houndstone|229/264\n|\n|upkeep\n|turn|4\n|\n|t:|1781399833\n|switch|p1a: Gogoat|Gogoat, L88, M|360/360\n|-activate|p1a: Gogoat|move: Sticky Web\n|-unboost|p1a: Gogoat|spe|1\n|move|p2a: Houndstone|Poltergeist|p1a: Gogoat\n|-activate|p1a: Gogoat|move: Poltergeist|Leftovers\n|-damage|p1a: Gogoat|203/360\n|\n|-heal|p1a: Gogoat|225/360|[from] item: Leftovers\n|upkeep\n|turn|5\n|\n|t:|1781399842\n|move|p2a: Houndstone|Poltergeist|p1a: Gogoat\n|-activate|p1a: Gogoat|move: Poltergeist|Leftovers\n|-damage|p1a: Gogoat|68/360\n|move|p1a: Gogoat|Milk Drink|p1a: Gogoat\n|-heal|p1a: Gogoat|248/360\n|\n|-heal|p1a: Gogoat|270/360|[from] item: Leftovers\n|upkeep\n|turn|6\n|\n|t:|1781399849\n|switch|p2a: Leavanny|Leavanny, L86, F|269/269\n|move|p1a: Gogoat|Horn Leech|p2a: Leavanny\n|-resisted|p2a: Leavanny\n|-damage|p2a: Leavanny|247/269\n|-heal|p1a: Gogoat|281/360|[from] drain|[of] p2a: Leavanny\n|\n|-heal|p1a: Gogoat|303/360|[from] item: Leftovers\n|upkeep\n|turn|7\n|\n|t:|1781399861\n|switch|p1a: Toxtricity|Toxtricity, L82, F|257/257\n|-activate|p1a: Toxtricity|move: Sticky Web\n|-unboost|p1a: Toxtricity|spe|1\n|move|p2a: Leavanny|Knock Off|p1a: Toxtricity\n|-damage|p1a: Toxtricity|163/257\n|-enditem|p1a: Toxtricity|Choice Scarf|[from] move: Knock Off|[of] p2a: Leavanny\n|\n|upkeep\n|turn|8\n|\n|t:|1781399868\n|switch|p2a: Houndstone|Houndstone, L86, F|229/264\n|move|p1a: Toxtricity|Volt Switch|p2a: Houndstone\n|-damage|p2a: Houndstone|178/264\n|\n|t:|1781399874\n|switch|p1a: Gogoat|Gogoat, L88, M|303/360|[from] Volt Switch\n|-activate|p1a: Gogoat|move: Sticky Web\n|-unboost|p1a: Gogoat|spe|1\n|\n|-heal|p1a: Gogoat|325/360|[from] item: Leftovers\n|upkeep\n|turn|9\n|\n|t:|1781399882\n|switch|p2a: Leavanny|Leavanny, L86, F|247/269\n|move|p1a: Gogoat|Horn Leech|p2a: Leavanny\n|-resisted|p2a: Leavanny\n|-damage|p2a: Leavanny|225/269\n|-heal|p1a: Gogoat|336/360|[from] drain|[of] p2a: Leavanny\n|\n|-heal|p1a: Gogoat|358/360|[from] item: Leftovers\n|upkeep\n|turn|10\n|\n|t:|1781399890\n|switch|p1a: Toxtricity|Toxtricity, L82, F|163/257\n|-activate|p1a: Toxtricity|move: Sticky Web\n|-unboost|p1a: Toxtricity|spe|1\n|move|p2a: Leavanny|Triple Axel|p1a: Toxtricity\n|-damage|p1a: Toxtricity|143/257\n|-damage|p1a: Toxtricity|108/257\n|-damage|p1a: Toxtricity|53/257\n|-hitcount|p1a: Toxtricity|3\n|\n|upkeep\n|turn|11\n|\n|t:|1781399900\n|move|p2a: Leavanny|Knock Off|p1a: Toxtricity\n|-damage|p1a: Toxtricity|0 fnt\n|faint|p1a: Toxtricity\n|\n|upkeep\n|\n|t:|1781399905\n|switch|p1a: Medicham|Medicham, L86, F|243/243\n|-activate|p1a: Medicham|move: Sticky Web\n|-unboost|p1a: Medicham|spe|1\n|turn|12\n|\n|t:|1781399921\n|switch|p2a: Cresselia|Cresselia, L80, F|323/323\n|move|p1a: Medicham|Poison Jab|p2a: Cresselia\n|-damage|p2a: Cresselia|213/323\n|\n|-heal|p2a: Cresselia|233/323|[from] item: Leftovers\n|upkeep\n|turn|13\n|\n|t:|1781399933\n|switch|p1a: Gogoat|Gogoat, L88, M|358/360\n|-activate|p1a: Gogoat|move: Sticky Web\n|-unboost|p1a: Gogoat|spe|1\n|move|p2a: Cresselia|Calm Mind|p2a: Cresselia\n|-boost|p2a: Cresselia|spa|1\n|-boost|p2a: Cresselia|spd|1\n|\n|-heal|p2a: Cresselia|253/323|[from] item: Leftovers\n|-heal|p1a: Gogoat|360/360|[from] item: Leftovers\n|upkeep\n|turn|14\n|j| caton111\n|\n|t:|1781399942\n|switch|p2a: Leavanny|Leavanny, L86, F|225/269\n|move|p1a: Gogoat|Bulk Up|p1a: Gogoat\n|-boost|p1a: Gogoat|atk|1\n|-boost|p1a: Gogoat|def|1\n|\n|upkeep\n|turn|15\n|\n|t:|1781399955\n|switch|p1a: Medicham|Medicham, L86, F|243/243\n|-activate|p1a: Medicham|move: Sticky Web\n|-unboost|p1a: Medicham|spe|1\n|move|p2a: Leavanny|Knock Off|p1a: Medicham\n|-damage|p1a: Medicham|159/243\n|-enditem|p1a: Medicham|Choice Band|[from] move: Knock Off|[of] p2a: Leavanny\n|\n|upkeep\n|turn|16\n|\n|t:|1781399964\n|switch|p2a: Houndstone|Houndstone, L86, F|178/264\n|move|p1a: Medicham|Poison Jab|p2a: Houndstone\n|-resisted|p2a: Houndstone\n|-damage|p2a: Houndstone|159/264\n|-status|p2a: Houndstone|psn\n|\n|-damage|p2a: Houndstone|126/264 psn|[from] psn\n|upkeep\n|turn|17\n|\n|t:|1781399971\n|switch|p1a: Gogoat|Gogoat, L88, M|360/360\n|-activate|p1a: Gogoat|move: Sticky Web\n|-unboost|p1a: Gogoat|spe|1\n|move|p2a: Houndstone|Poltergeist|p1a: Gogoat\n|-activate|p1a: Gogoat|move: Poltergeist|Leftovers\n|-damage|p1a: Gogoat|197/360\n|\n|-heal|p1a: Gogoat|219/360|[from] item: Leftovers\n|-damage|p2a: Houndstone|93/264 psn|[from] psn\n|upkeep\n|turn|18\n|\n|t:|1781399981\n|switch|p2a: Leavanny|Leavanny, L86, F|225/269\n|move|p1a: Gogoat|Milk Drink|p1a: Gogoat\n|-heal|p1a: Gogoat|360/360\n|\n|upkeep\n|turn|19\n|\n|t:|1781399985\n|switch|p1a: Medicham|Medicham, L86, F|159/243\n|-activate|p1a: Medicham|move: Sticky Web\n|-unboost|p1a: Medicham|spe|1\n|move|p2a: Leavanny|Triple Axel|p1a: Medicham\n|-damage|p1a: Medicham|142/243\n|-damage|p1a: Medicham|108/243\n|-damage|p1a: Medicham|56/243\n|-hitcount|p1a: Medicham|3\n|\n|upkeep\n|turn|20\n|\n|t:|1781399999\n|move|p1a: Medicham|Bullet Punch|p2a: Leavanny\n|-damage|p2a: Leavanny|180/269\n|move|p2a: Leavanny|Knock Off|p1a: Medicham\n|-damage|p1a: Medicham|0 fnt\n|faint|p1a: Medicham\n|\n|upkeep\n|c|\u2606moritzvb|world's first leavanny sweep?\n|\n|t:|1781400035\n|switch|p1a: Sinistcha|Sinistcha-Masterpiece, L83|254/254\n|-activate|p1a: Sinistcha|move: Sticky Web\n|-unboost|p1a: Sinistcha|spe|1\n|turn|21\n|\n|t:|1781400048\n|move|p2a: Leavanny|Knock Off|p1a: Sinistcha\n|-supereffective|p1a: Sinistcha\n|-damage|p1a: Sinistcha|120/254\n|-enditem|p1a: Sinistcha|Leftovers|[from] move: Knock Off|[of] p2a: Leavanny\n|move|p1a: Sinistcha|Strength Sap|p2a: Leavanny\n|-unboost|p2a: Leavanny|atk|1\n|-heal|p1a: Sinistcha|254/254\n|\n|upkeep\n|turn|22\n|l| caton111\n|c|\u2606JayClaw|lol I've swept with leavanny before\n|c|\u2606JayClaw|I had a SD set\n|c|\u2606moritzvb|oh right nvm\n|c|\u2606moritzvb|i forgot that existed\n|c|\u2606JayClaw|all good\n|\n|t:|1781400097\n|switch|p2a: Magcargo|Magcargo, L95, M|268/268\n|move|p1a: Sinistcha|Shadow Ball|p2a: Magcargo\n|-damage|p2a: Magcargo|172/268\n|\n|upkeep\n|turn|23\n|c|\u2606JayClaw|nice to see an under appreciated mon sweep\n|\n|t:|1781400112\n|move|p2a: Magcargo|Shell Smash|p2a: Magcargo\n|-unboost|p2a: Magcargo|def|1\n|-unboost|p2a: Magcargo|spd|1\n|-boost|p2a: Magcargo|atk|2\n|-boost|p2a: Magcargo|spa|2\n|-boost|p2a: Magcargo|spe|2\n|move|p1a: Sinistcha|Calm Mind|p1a: Sinistcha\n|-boost|p1a: Sinistcha|spa|1\n|-boost|p1a: Sinistcha|spd|1\n|\n|upkeep\n|turn|24\n|c|\u2606moritzvb|sticky web mons aren't bad, just very swingy\n|\n|t:|1781400130\n|move|p2a: Magcargo|Power Gem|p1a: Sinistcha\n|-damage|p1a: Sinistcha|107/254\n|move|p1a: Sinistcha|Matcha Gotcha|p2a: Magcargo\n|-damage|p2a: Magcargo|0 fnt\n|-heal|p1a: Sinistcha|193/254|[from] drain|[of] p2a: Magcargo\n|faint|p2a: Magcargo\n|\n|upkeep\n|\n|t:|1781400143\n|switch|p2a: Leavanny|Leavanny, L86, F|180/269\n|turn|25\n|\n|t:|1781400149\n|move|p2a: Leavanny|Triple Axel|p1a: Sinistcha\n|-supereffective|p1a: Sinistcha\n|-damage|p1a: Sinistcha|163/254\n|-supereffective|p1a: Sinistcha\n|-damage|p1a: Sinistcha|109/254\n|-supereffective|p1a: Sinistcha\n|-crit|p1a: Sinistcha\n|-damage|p1a: Sinistcha|0 fnt\n|faint|p1a: Sinistcha\n|-hitcount|p1: Sinistcha|3\n|\n|upkeep\n|c|\u2606JayClaw|its there to put a web down, thats its job\n|\n|t:|1781400170\n|switch|p1a: Drednaw|Drednaw, L81, M|278/278\n|-activate|p1a: Drednaw|move: Sticky Web\n|-unboost|p1a: Drednaw|spe|1\n|-enditem|p1a: Drednaw|White Herb\n|-clearnegativeboost|p1a: Drednaw|[silent]\n|turn|26\n|c|\u2606moritzvb|yeah, but the value is very swingy\n|c|\u2606moritzvb|since some team have no counterplay\n|c|\u2606moritzvb|and others have 3 rapid spinners\n|\n|t:|1781400221\n|-terastallize|p1a: Drednaw|Dark\n|move|p2a: Leavanny|Bullet Seed|p1a: Drednaw\n|-damage|p1a: Drednaw|247/278\n|-damage|p1a: Drednaw|217/278\n|-damage|p1a: Drednaw|187/278\n|-damage|p1a: Drednaw|156/278\n|-hitcount|p1a: Drednaw|4\n|move|p1a: Drednaw|Shell Smash|p1a: Drednaw\n|-unboost|p1a: Drednaw|def|1\n|-unboost|p1a: Drednaw|spd|1\n|-boost|p1a: Drednaw|atk|2\n|-boost|p1a: Drednaw|spa|2\n|-boost|p1a: Drednaw|spe|2\n|\n|upkeep\n|turn|27\n|c|\u2606JayClaw|lol I hate hazards never get a spinner or defogger when I want one\n|c|\u2606JayClaw|3 sets of spikes later ...\n|\n|t:|1781400254\n|switch|p2a: Houndstone|Houndstone, L86, F|93/264 psn\n|move|p1a: Drednaw|Crunch|p2a: Houndstone\n|-supereffective|p2a: Houndstone\n|-damage|p2a: Houndstone|0 fnt\n|faint|p2a: Houndstone\n|\n|upkeep\n|c|\u2606moritzvb|feels worse to have a team of all hazard setters\n|c|\u2606moritzvb|with no ghost type to keep them down\n|\n|t:|1781400273\n|switch|p2a: Azumarill|Azumarill, L82, F|298/298\n|turn|28\n|\n|t:|1781400284\n|move|p1a: Drednaw|Stone Edge|p2a: Azumarill|[miss]\n|-miss|p1a: Drednaw|p2a: Azumarill\n|move|p2a: Azumarill|Play Rough|p1a: Drednaw\n|-supereffective|p1a: Drednaw\n|-damage|p1a: Drednaw|0 fnt\n|faint|p1a: Drednaw\n|\n|upkeep\n|c|\u2606JayClaw|rip\n|c|\u2606JayClaw|gtg gg\n|c|\u2606moritzvb|gg\n|-message|JayClaw forfeited.\n|\n|win|moritzvb\n|raw|JayClaw's rating: 2073 &rarr; <strong>2057</strong><br />(-16 for losing)\n|raw|moritzvb's rating: 2143 &rarr; <strong>2159</strong><br />(+16 for winning)\n", "inputlog": ">version a8376a258c1d4662feba110a92103f3664a72141\n>start {\"formatid\":\"gen9randombattle\",\"seed\":\"sodium,bb09c47a62132192896dd0e5224f698e\",\"rated\":\"Rated battle\"}\n>player p1 {\"name\":\"JayClaw\",\"avatar\":\"red\",\"rating\":2073,\"seed\":\"sodium,19a40ebb284da28588d67c111bc29bac\"}\n>player p2 {\"name\":\"moritzvb\",\"avatar\":\"ariana\",\"rating\":2143,\"seed\":\"sodium,a122a5ed11d9e4067a79c27583727d2a\"}\n>p1 move bulkup\n>p2 switch 2\n>p1 switch 5\n>p2 move stickyweb\n>p1 move sludgewave\n>p2 switch 2\n>p1 switch 5\n>p2 move poltergeist\n>p1 move milkdrink\n>p2 move poltergeist\n>p1 move hornleech\n>p2 switch 2\n>p1 switch 5\n>p2 move knockoff\n>p1 move voltswitch\n>p2 switch 2\n>p1 switch 5\n>p1 move hornleech\n>p2 switch 2\n>p1 switch 5\n>p2 move tripleaxel\n>p1 move sludgewave\n>p2 move knockoff\n>p1 switch 4\n>p1 move poisonjab\n>p2 switch 3\n>p1 switch 5\n>p2 move calmmind\n>p1 move bulkup\n>p2 switch 3\n>p1 switch 5\n>p2 move knockoff\n>p1 move poisonjab\n>p2 switch 2\n>p1 switch 5\n>p2 move poltergeist\n>p1 move milkdrink\n>p2 switch 2\n>p1 switch 5\n>p2 move tripleaxel\n>p1 move bulletpunch\n>p2 move knockoff\n>chat \u2606moritzvb|world's first leavanny sweep?\n>p1 switch 3\n>p1 move strengthsap\n>p2 move knockoff\n>chat \u2606JayClaw|lol I've swept with leavanny before\n>chat \u2606JayClaw|I had a SD set\n>chat \u2606moritzvb|oh right nvm\n>chat \u2606moritzvb|i forgot that existed\n>chat \u2606JayClaw|all good\n>p1 move shadowball\n>p2 switch 4\n>chat \u2606JayClaw|nice to see an under appreciated mon sweep\n>p1 move calmmind\n>p2 move shellsmash\n>chat \u2606moritzvb|sticky web mons aren't bad, just very swingy\n>p1 move matchagotcha\n>p2 move powergem\n>p2 switch 4\n>p1 move strengthsap\n>p2 move tripleaxel\n>chat \u2606JayClaw|its there to put a web down, thats its job\n>p1 switch 6\n>chat \u2606moritzvb|yeah, but the value is very swingy\n>chat \u2606moritzvb|since some team have no counterplay\n>chat \u2606moritzvb|and others have 3 rapid spinners\n>p1 move shellsmash terastallize\n>p2 move bulletseed\n>chat \u2606JayClaw|lol I hate hazards never get a spinner or defogger when I want one\n>chat \u2606JayClaw|3 sets of spikes later ...\n>p1 move crunch\n>p2 switch 2\n>chat \u2606moritzvb|feels worse to have a team of all hazard setters\n>chat \u2606moritzvb|with no ghost type to keep them down\n>p2 switch 6\n>p1 move stoneedge\n>p2 move playrough\n>chat \u2606JayClaw|rip \n>chat \u2606JayClaw|gtg gg\n>chat \u2606moritzvb|gg\n>forcelose p1", "uploadtime": 1781399766, "views": 5, "formatid": "gen9randombattle", "rating": 2057, "private": 0, "password": null}