{"id": "gen9randombattle-2632021611", "format": "[Gen 9] Random Battle", "players": ["AmroE13", "spp1"], "log": "|j|\u2606AmroE13\n|j|\u2606spp1\n|t:|1781466857\n|gametype|singles\n|player|p1|AmroE13|266|1989\n|player|p2|spp1|266|1987\n|gen|9\n|tier|[Gen 9] Random Battle\n|rated|\n|rule|Species Clause: Limit one of each Pok\u00e9mon\n|rule|HP Percentage Mod: HP is shown in percentages\n|rule|Sleep Clause Mod: Limit one foe put to sleep\n|rule|Illusion Level Mod: Illusion disguises the Pok\u00e9mon's true level\n|\n|t:|1781466857\n|teamsize|p1|6\n|teamsize|p2|6\n|start\n|switch|p1a: Moltres|Moltres, L81|278/278\n|switch|p2a: Froslass|Froslass, L87, F|263/263\n|turn|1\n|inactive|Battle timer is ON: inactive players will automatically lose when time's up. (requested by spp1)\n|\n|t:|1781466867\n|move|p2a: Froslass|Poltergeist|p1a: Moltres\n|-activate|p1a: Moltres|move: Poltergeist|Heavy-Duty Boots\n|-crit|p1a: Moltres\n|-damage|p1a: Moltres|109/278\n|move|p1a: Moltres|Fire Blast|p2a: Froslass\n|-supereffective|p2a: Froslass\n|-damage|p2a: Froslass|0 fnt\n|faint|p2a: Froslass\n|\n|upkeep\n|\n|t:|1781466876\n|switch|p2a: Zangoose|Zangoose, L85, M|263/263\n|turn|2\n|\n|t:|1781466882\n|move|p2a: Zangoose|Knock Off|p1a: Moltres\n|-damage|p1a: Moltres|28/278\n|-enditem|p1a: Moltres|Heavy-Duty Boots|[from] move: Knock Off|[of] p2a: Zangoose\n|move|p1a: Moltres|Will-O-Wisp|p2a: Zangoose\n|-status|p2a: Zangoose|brn\n|\n|-damage|p2a: Zangoose|247/263 brn|[from] brn\n|upkeep\n|turn|3\n|\n|t:|1781466894\n|move|p2a: Zangoose|Facade|p1a: Moltres\n|-damage|p1a: Moltres|0 fnt\n|faint|p1a: Moltres\n|\n|-damage|p2a: Zangoose|231/263 brn|[from] brn\n|upkeep\n|\n|t:|1781466899\n|switch|p1a: Garchomp|Garchomp, L74, F|282/282\n|turn|4\n|\n|t:|1781466907\n|-terastallize|p2a: Zangoose|Normal\n|move|p2a: Zangoose|Facade|p1a: Garchomp\n|-damage|p1a: Garchomp|50/282\n|-damage|p2a: Zangoose|199/263 brn|[from] ability: Rough Skin|[of] p1a: Garchomp\n|move|p1a: Garchomp|Scale Shot|p2a: Zangoose\n|-damage|p2a: Zangoose|166/263 brn\n|-damage|p2a: Zangoose|129/263 brn\n|-damage|p2a: Zangoose|90/263 brn\n|-damage|p2a: Zangoose|54/263 brn\n|-damage|p2a: Zangoose|17/263 brn\n|-hitcount|p2a: Zangoose|5\n|-unboost|p1a: Garchomp|def|1\n|-boost|p1a: Garchomp|spe|1\n|\n|-damage|p2a: Zangoose|1/263 brn|[from] brn\n|upkeep\n|turn|5\n|\n|t:|1781466924\n|move|p2a: Zangoose|Quick Attack|p1a: Garchomp\n|-damage|p1a: Garchomp|0 fnt\n|-damage|p2a: Zangoose|0 fnt|[from] ability: Rough Skin|[of] p1a: Garchomp\n|faint|p1a: Garchomp\n|faint|p2a: Zangoose\n|\n|upkeep\n|\n|t:|1781466933\n|switch|p2a: Dialga|Dialga, L73|266/266\n|switch|p1a: Gumshoos|Gumshoos, L95, M|321/321\n|-ability|p2a: Dialga|Pressure\n|turn|6\n|\n|t:|1781466941\n|move|p2a: Dialga|Stealth Rock|p1a: Gumshoos\n|-sidestart|p1: AmroE13|move: Stealth Rock\n|move|p1a: Gumshoos|Earthquake|p2a: Dialga\n|-supereffective|p2a: Dialga\n|-damage|p2a: Dialga|0 fnt\n|faint|p2a: Dialga\n|\n|upkeep\n|\n|t:|1781466949\n|switch|p2a: Minior|Minior-Blue, L79|224/224\n|-formechange|p2a: Minior|Minior-Meteor||[from] ability: Shields Down\n|turn|7\n|\n|t:|1781466957\n|switch|p1a: Alcremie|Alcremie-Ruby-Swirl, L90, F|263/263\n|-damage|p1a: Alcremie|231/263|[from] Stealth Rock\n|move|p2a: Minior|Shell Smash|p2a: Minior\n|-unboost|p2a: Minior|def|1\n|-unboost|p2a: Minior|spd|1\n|-boost|p2a: Minior|atk|2\n|-boost|p2a: Minior|spa|2\n|-boost|p2a: Minior|spe|2\n|-enditem|p2a: Minior|White Herb\n|-clearnegativeboost|p2a: Minior|[silent]\n|\n|-heal|p1a: Alcremie|247/263|[from] item: Leftovers\n|upkeep\n|turn|8\n|\n|t:|1781466965\n|move|p2a: Minior|Acrobatics|p1a: Alcremie\n|-damage|p1a: Alcremie|91/263\n|move|p1a: Alcremie|Alluring Voice|p2a: Minior\n|-damage|p2a: Minior|110/224\n|\n|-heal|p1a: Alcremie|107/263|[from] item: Leftovers\n|-formechange|p2a: Minior|Minior-Blue||[from] ability: Shields Down\n|upkeep\n|turn|9\n|\n|t:|1781466972\n|move|p2a: Minior|Acrobatics|p1a: Alcremie\n|-damage|p1a: Alcremie|0 fnt\n|faint|p1a: Alcremie\n|\n|upkeep\n|\n|t:|1781466974\n|switch|p1a: Azumarill|Azumarill, L82, M|298/298\n|-damage|p1a: Azumarill|261/298|[from] Stealth Rock\n|turn|10\n|\n|t:|1781466980\n|-terastallize|p1a: Azumarill|Water\n|move|p1a: Azumarill|Aqua Jet|p2a: Minior\n|-supereffective|p2a: Minior\n|-damage|p2a: Minior|0 fnt\n|faint|p2a: Minior\n|\n|upkeep\n|\n|t:|1781466989\n|switch|p2a: Polteageist|Polteageist-Antique, L78|222/222\n|turn|11\n|\n|t:|1781466995\n|switch|p1a: Gumshoos|Gumshoos, L95, M|321/321\n|-damage|p1a: Gumshoos|281/321|[from] Stealth Rock\n|move|p2a: Polteageist|Shell Smash|p2a: Polteageist\n|-unboost|p2a: Polteageist|def|1\n|-unboost|p2a: Polteageist|spd|1\n|-boost|p2a: Polteageist|atk|2\n|-boost|p2a: Polteageist|spa|2\n|-boost|p2a: Polteageist|spe|2\n|-enditem|p2a: Polteageist|White Herb\n|-clearnegativeboost|p2a: Polteageist|[silent]\n|\n|upkeep\n|turn|12\n|\n|t:|1781467000\n|move|p2a: Polteageist|Strength Sap|p1a: Gumshoos\n|-unboost|p1a: Gumshoos|atk|1\n|move|p1a: Gumshoos|Knock Off|p2a: Polteageist\n|-supereffective|p2a: Polteageist\n|-damage|p2a: Polteageist|62/222\n|\n|upkeep\n|turn|13\n|\n|t:|1781467008\n|move|p2a: Polteageist|Strength Sap|p1a: Gumshoos\n|-unboost|p1a: Gumshoos|atk|1\n|-heal|p2a: Polteageist|222/222\n|move|p1a: Gumshoos|Knock Off|p2a: Polteageist\n|-supereffective|p2a: Polteageist\n|-damage|p2a: Polteageist|102/222\n|-start|p1a: Gumshoos|Disable|Knock Off|[from] ability: Cursed Body|[of] p2a: Polteageist\n|\n|upkeep\n|turn|14\n|\n|t:|1781467016\n|switch|p1a: Azumarill|Azumarill, L82, M, tera:Water|261/298\n|-damage|p1a: Azumarill|224/298|[from] Stealth Rock\n|move|p2a: Polteageist|Strength Sap|p1a: Azumarill\n|-unboost|p1a: Azumarill|atk|1\n|-heal|p2a: Polteageist|222/222\n|\n|upkeep\n|turn|15\n|\n|t:|1781467020\n|move|p2a: Polteageist|Stored Power|p1a: Azumarill\n|-damage|p1a: Azumarill|0 fnt\n|faint|p1a: Azumarill\n|\n|upkeep\n|\n|t:|1781467023\n|switch|p1a: Toxicroak|Toxicroak, L84, M|277/277\n|-damage|p1a: Toxicroak|260/277|[from] Stealth Rock\n|turn|16\n|\n|t:|1781467029\n|move|p2a: Polteageist|Strength Sap|p1a: Toxicroak\n|-unboost|p1a: Toxicroak|atk|1\n|move|p1a: Toxicroak|Knock Off|p2a: Polteageist\n|-supereffective|p2a: Polteageist\n|-damage|p2a: Polteageist|113/222\n|-damage|p1a: Toxicroak|233/277|[from] item: Life Orb\n|\n|upkeep\n|turn|17\n|l|\u2606AmroE13\n|inactive|AmroE13 disconnected and has a minute to reconnect!\n|player|p1|\n|j|\u2606AmroE13\n|inactive|AmroE13 reconnected and has 140 seconds left.\n|player|p1|AmroE13|266|\n|l|\u2606AmroE13\n|inactive|AmroE13 disconnected and has a minute to reconnect!\n|player|p1|\n|inactive|AmroE13 has 30 seconds to reconnect!\n|inactive|AmroE13 has 20 seconds to reconnect!\n|inactive|AmroE13 has 15 seconds to reconnect!\n|inactive|AmroE13 has 10 seconds to reconnect!\n|inactive|AmroE13 has 5 seconds to reconnect!\n|-message|AmroE13 lost due to inactivity.\n|\n|win|spp1\n", "inputlog": ">version a8376a258c1d4662feba110a92103f3664a72141\n>start {\"formatid\":\"gen9randombattle\",\"seed\":\"sodium,bc48c9a18b9eaa98dcd40b2b0edbc1c9\",\"rated\":\"Rated battle\"}\n>player p1 {\"name\":\"AmroE13\",\"avatar\":\"266\",\"rating\":1989,\"seed\":\"sodium,6c135a491a38e1b876f16953621b4b75\"}\n>player p2 {\"name\":\"spp1\",\"avatar\":\"266\",\"rating\":1987,\"seed\":\"sodium,98b9f90a92200a493553b0f952faca79\"}\n>p1 move fireblast\n>p2 move poltergeist\n>p2 switch 4\n>p1 move willowisp\n>p2 move knockoff\n>p1 move roost\n>p2 move facade\n>p1 switch 2\n>p1 move scaleshot\n>p2 move facade terastallize\n>p1 move earthquake\n>p2 move quickattack\n>p1 switch 6\n>p2 switch 5\n>p1 move earthquake\n>p2 move stealthrock\n>p2 switch 6\n>p1 switch 5\n>p2 move shellsmash\n>p1 move alluringvoice\n>p2 move acrobatics\n>p1 move recover\n>p2 move acrobatics\n>p1 switch 3\n>p1 move aquajet terastallize\n>p2 move acrobatics\n>p2 switch 2\n>p1 switch 5\n>p2 move shellsmash\n>p1 move knockoff\n>p2 move strengthsap\n>p1 move knockoff\n>p2 move strengthsap\n>p1 switch 5\n>p2 move strengthsap\n>p1 move liquidation\n>p2 move storedpower\n>p1 switch 4\n>p1 move knockoff\n>p2 move strengthsap\n>forcelose p1", "uploadtime": 1781466859, "views": 3, "formatid": "gen9randombattle", "rating": null, "private": 0, "password": null}