{"id": "gen9randombattle-2631772821", "format": "[Gen 9] Random Battle", "players": ["looner-drive", "Kingbants"], "log": "|j|\u2606looner-drive\n|j|\u2606Kingbants\n|t:|1781437357\n|gametype|singles\n|player|p1|looner-drive|266|1902\n|player|p2|Kingbants|265|1921\n|gen|9\n|tier|[Gen 9] Random Battle\n|rated|\n|rule|Species Clause: Limit one of each Pok\u00e9mon\n|rule|HP Percentage Mod: HP is shown in percentages\n|rule|Sleep Clause Mod: Limit one foe put to sleep\n|rule|Illusion Level Mod: Illusion disguises the Pok\u00e9mon's true level\n|\n|t:|1781437357\n|teamsize|p1|6\n|teamsize|p2|6\n|start\n|switch|p1a: Chimecho|Chimecho, L93, M|290/290\n|switch|p2a: Lugia|Lugia, L73|275/275\n|turn|1\n|\n|t:|1781437372\n|switch|p2a: Klefki|Klefki, L84, F|233/233\n|switch|p1a: Ting-Lu|Ting-Lu, L78|370/370\n|-ability|p1a: Ting-Lu|Vessel of Ruin\n|\n|upkeep\n|turn|2\n|\n|t:|1781437384\n|move|p2a: Klefki|Spikes|p1a: Ting-Lu\n|-sidestart|p1: looner-drive|Spikes\n|move|p1a: Ting-Lu|Spikes|p2a: Klefki\n|-sidestart|p2: Kingbants|Spikes\n|\n|upkeep\n|turn|3\n|\n|t:|1781437390\n|move|p2a: Klefki|Spikes|p1a: Ting-Lu\n|-sidestart|p1: looner-drive|Spikes\n|move|p1a: Ting-Lu|Ruination|p2a: Klefki\n|-damage|p2a: Klefki|117/233\n|\n|-heal|p2a: Klefki|131/233|[from] item: Leftovers\n|upkeep\n|turn|4\n|\n|t:|1781437397\n|move|p2a: Klefki|Spikes|p1a: Ting-Lu\n|-sidestart|p1: looner-drive|Spikes\n|move|p1a: Ting-Lu|Spikes|p2a: Klefki\n|-sidestart|p2: Kingbants|Spikes\n|\n|-heal|p2a: Klefki|145/233|[from] item: Leftovers\n|upkeep\n|turn|5\n|\n|t:|1781437406\n|switch|p2a: Great Tusk|Great Tusk, L77|304/304\n|-damage|p2a: Great Tusk|254/304|[from] Spikes\n|move|p1a: Ting-Lu|Spikes|p2a: Great Tusk\n|-sidestart|p2: Kingbants|Spikes\n|\n|-heal|p2a: Great Tusk|273/304|[from] item: Leftovers\n|upkeep\n|turn|6\n|\n|t:|1781437423\n|switch|p1a: Spectrier|Spectrier, L75|274/274\n|-damage|p1a: Spectrier|206/274|[from] Spikes\n|move|p2a: Great Tusk|Rapid Spin|p1a: Spectrier\n|-immune|p1a: Spectrier\n|\n|-heal|p1a: Spectrier|223/274|[from] item: Leftovers\n|-heal|p2a: Great Tusk|292/304|[from] item: Leftovers\n|upkeep\n|turn|7\n|\n|t:|1781437436\n|-end|p2a: Great Tusk|Protosynthesis|[silent]\n|switch|p2a: Chien-Pao|Chien-Pao, L72, shiny|234/234\n|-ability|p2a: Chien-Pao|Sword of Ruin\n|move|p1a: Spectrier|Shadow Ball|p2a: Chien-Pao\n|-resisted|p2a: Chien-Pao\n|-damage|p2a: Chien-Pao|170/234\n|\n|-heal|p1a: Spectrier|240/274|[from] item: Leftovers\n|upkeep\n|turn|8\n|\n|t:|1781437452\n|switch|p1a: Ting-Lu|Ting-Lu, L78|370/370\n|-damage|p1a: Ting-Lu|278/370|[from] Spikes\n|-ability|p1a: Ting-Lu|Vessel of Ruin\n|move|p2a: Chien-Pao|Sucker Punch||[still]\n|-fail|p2a: Chien-Pao\n|\n|-heal|p1a: Ting-Lu|301/370|[from] item: Leftovers\n|upkeep\n|turn|9\n|\n|t:|1781437463\n|move|p2a: Chien-Pao|Icicle Crash|p1a: Ting-Lu\n|-supereffective|p1a: Ting-Lu\n|-damage|p1a: Ting-Lu|137/370\n|move|p1a: Ting-Lu|Ruination|p2a: Chien-Pao\n|-damage|p2a: Chien-Pao|85/234\n|\n|-heal|p1a: Ting-Lu|160/370|[from] item: Leftovers\n|upkeep\n|turn|10\n|\n|t:|1781437477\n|move|p2a: Chien-Pao|Icicle Crash|p1a: Ting-Lu\n|-supereffective|p1a: Ting-Lu\n|-damage|p1a: Ting-Lu|4/370\n|move|p1a: Ting-Lu|Earthquake|p2a: Chien-Pao\n|-damage|p2a: Chien-Pao|0 fnt\n|faint|p2a: Chien-Pao\n|\n|-heal|p1a: Ting-Lu|27/370|[from] item: Leftovers\n|upkeep\n|\n|t:|1781437488\n|switch|p2a: Great Tusk|Great Tusk, L77|292/304\n|-damage|p2a: Great Tusk|216/304|[from] Spikes\n|turn|11\n|\n|t:|1781437495\n|switch|p1a: Cyclizar|Cyclizar, L83, M|252/252\n|move|p2a: Great Tusk|Earthquake|p1a: Cyclizar\n|-crit|p1a: Cyclizar\n|-damage|p1a: Cyclizar|53/252\n|\n|-heal|p2a: Great Tusk|235/304|[from] item: Leftovers\n|upkeep\n|turn|12\n|\n|t:|1781437504\n|move|p1a: Cyclizar|Rapid Spin|p2a: Great Tusk\n|-damage|p2a: Great Tusk|189/304\n|-boost|p1a: Cyclizar|spe|1\n|-sideend|p1: looner-drive|Spikes|[from] move: Rapid Spin|[of] p1a: Cyclizar\n|move|p2a: Great Tusk|Rapid Spin|p1a: Cyclizar\n|-crit|p1a: Cyclizar\n|-damage|p1a: Cyclizar|0 fnt\n|-boost|p2a: Great Tusk|spe|1\n|-sideend|p2: Kingbants|Spikes|[from] move: Rapid Spin|[of] p2a: Great Tusk\n|faint|p1a: Cyclizar\n|\n|-heal|p2a: Great Tusk|208/304|[from] item: Leftovers\n|upkeep\n|\n|t:|1781437507\n|switch|p1a: Spectrier|Spectrier, L75|240/274\n|turn|13\n|\n|t:|1781437521\n|move|p2a: Great Tusk|Earthquake|p1a: Spectrier\n|-crit|p1a: Spectrier\n|-damage|p1a: Spectrier|0 fnt\n|faint|p1a: Spectrier\n|\n|-heal|p2a: Great Tusk|227/304|[from] item: Leftovers\n|upkeep\n|-message|looner-drive forfeited.\n|\n|win|Kingbants\n", "inputlog": ">version a8376a258c1d4662feba110a92103f3664a72141\n>start {\"formatid\":\"gen9randombattle\",\"seed\":\"sodium,0568808fea4e3277b5353e4c2735253d\",\"rated\":\"Rated battle\"}\n>player p1 {\"name\":\"looner-drive\",\"avatar\":\"266\",\"rating\":1902,\"seed\":\"sodium,2d5328a8da746170176798f384c43586\"}\n>player p2 {\"name\":\"Kingbants\",\"avatar\":\"265\",\"rating\":1921,\"seed\":\"sodium,1476b1d319f6f26725fd814e0101ac14\"}\n>p1 switch 6\n>p2 switch 4\n>p1 move spikes\n>p2 move spikes\n>p1 move ruination\n>p2 move spikes\n>p1 move spikes\n>p2 move spikes\n>p1 move spikes\n>p2 switch 6\n>p1 switch 3\n>p2 move rapidspin\n>p1 move shadowball\n>p2 switch 5\n>p1 switch 3\n>p2 move suckerpunch\n>p1 move ruination\n>p2 move iciclecrash\n>p1 move earthquake\n>p2 move iciclecrash\n>p2 switch 5\n>p1 switch 5\n>p2 move earthquake\n>p1 move rapidspin\n>p2 move rapidspin\n>p1 switch 3\n>p1 move shadowball\n>p2 move earthquake\n>forcelose p1", "uploadtime": 1781437359, "views": 8, "formatid": "gen9randombattle", "rating": null, "private": 0, "password": null}