{"id": "gen9randombattle-2631403333", "format": "[Gen 9] Random Battle", "players": ["WhatEver2102", "nickolassbomfim"], "log": "|j|\u2606WhatEver2102\n|j|\u2606nickolassbomfim\n|t:|1781380475\n|gametype|singles\n|player|p1|WhatEver2102|juan|1958\n|player|p2|nickolassbomfim|red-masters|1934\n|gen|9\n|tier|[Gen 9] Random Battle\n|rated|\n|rule|Species Clause: Limit one of each Pok\u00e9mon\n|rule|HP Percentage Mod: HP is shown in percentages\n|rule|Sleep Clause Mod: Limit one foe put to sleep\n|rule|Illusion Level Mod: Illusion disguises the Pok\u00e9mon's true level\n|\n|t:|1781380475\n|teamsize|p1|6\n|teamsize|p2|6\n|start\n|switch|p1a: Alcremie|Alcremie-Lemon-Cream, L90, F|263/263\n|switch|p2a: Komala|Komala, L88, F|258/258\n|-ability|p2a: Komala|Comatose\n|turn|1\n|inactive|Battle timer is ON: inactive players will automatically lose when time's up. (requested by nickolassbomfim)\n|\n|t:|1781380498\n|move|p1a: Alcremie|Calm Mind|p1a: Alcremie\n|-boost|p1a: Alcremie|spa|1\n|-boost|p1a: Alcremie|spd|1\n|move|p2a: Komala|Body Slam|p1a: Alcremie\n|-damage|p1a: Alcremie|151/263\n|-status|p1a: Alcremie|par\n|\n|-heal|p1a: Alcremie|167/263 par|[from] item: Leftovers\n|upkeep\n|turn|2\n|\n|t:|1781380503\n|move|p2a: Komala|Knock Off|p1a: Alcremie\n|-resisted|p1a: Alcremie\n|-crit|p1a: Alcremie\n|-damage|p1a: Alcremie|95/263 par\n|-enditem|p1a: Alcremie|Leftovers|[from] move: Knock Off|[of] p2a: Komala\n|move|p1a: Alcremie|Psyshock|p2a: Komala\n|-damage|p2a: Komala|125/258\n|\n|upkeep\n|turn|3\n|\n|t:|1781380509\n|move|p2a: Komala|Body Slam|p1a: Alcremie\n|-damage|p1a: Alcremie|0 fnt\n|faint|p1a: Alcremie\n|\n|upkeep\n|\n|t:|1781380514\n|switch|p1a: Basculin|Basculin, L86, M|261/261\n|turn|4\n|\n|t:|1781380520\n|switch|p2a: Luvdisc|Luvdisc, F|247/247\n|move|p1a: Basculin|Wave Crash|p2a: Luvdisc\n|-resisted|p2a: Luvdisc\n|-damage|p2a: Luvdisc|108/247\n|-damage|p1a: Basculin|215/261|[from] Recoil\n|\n|upkeep\n|turn|5\n|\n|t:|1781380525\n|move|p2a: Luvdisc|Substitute|p2a: Luvdisc\n|-start|p2a: Luvdisc|Substitute\n|-damage|p2a: Luvdisc|47/247\n|move|p1a: Basculin|Wave Crash|p2a: Luvdisc\n|-resisted|p2a: Luvdisc\n|-end|p2a: Luvdisc|Substitute\n|-damage|p1a: Basculin|195/261|[from] Recoil|[of] p2a: Luvdisc\n|\n|upkeep\n|turn|6\n|\n|t:|1781380528\n|move|p2a: Luvdisc|Endeavor|p1a: Basculin\n|-damage|p1a: Basculin|47/261\n|move|p1a: Basculin|Wave Crash|p2a: Luvdisc\n|-resisted|p2a: Luvdisc\n|-damage|p2a: Luvdisc|0 fnt\n|faint|p2a: Luvdisc\n|-damage|p1a: Basculin|31/261|[from] Recoil\n|\n|upkeep\n|\n|t:|1781380534\n|switch|p2a: Toedscruel|Toedscruel, L87, M|281/281\n|turn|7\n|\n|t:|1781380536\n|move|p2a: Toedscruel|Earth Power|p1a: Basculin\n|-crit|p1a: Basculin\n|-damage|p1a: Basculin|0 fnt\n|faint|p1a: Basculin\n|\n|upkeep\n|\n|t:|1781380544\n|switch|p1a: Ho-Oh|Ho-Oh, L71|268/268\n|turn|8\n|\n|t:|1781380546\n|move|p1a: Ho-Oh|Sacred Fire|p2a: Toedscruel\n|-supereffective|p2a: Toedscruel\n|-damage|p2a: Toedscruel|45/281\n|-status|p2a: Toedscruel|brn\n|move|p2a: Toedscruel|Toxic|p1a: Ho-Oh\n|-status|p1a: Ho-Oh|tox\n|\n|-heal|p2a: Toedscruel|62/281 brn|[from] item: Leftovers\n|-damage|p1a: Ho-Oh|252/268 tox|[from] psn\n|-damage|p2a: Toedscruel|45/281 brn|[from] brn\n|upkeep\n|turn|9\n|\n|t:|1781380556\n|move|p2a: Toedscruel|Leaf Storm|p1a: Ho-Oh\n|-resisted|p1a: Ho-Oh\n|-damage|p1a: Ho-Oh|227/268 tox\n|-unboost|p2a: Toedscruel|spa|2\n|move|p1a: Ho-Oh|Brave Bird|p2a: Toedscruel\n|-supereffective|p2a: Toedscruel\n|-damage|p2a: Toedscruel|0 fnt\n|faint|p2a: Toedscruel\n|-damage|p1a: Ho-Oh|212/268 tox|[from] Recoil\n|\n|-damage|p1a: Ho-Oh|180/268 tox|[from] psn\n|upkeep\n|\n|t:|1781380566\n|switch|p2a: Diancie|Diancie, L82|216/216\n|turn|10\n|\n|t:|1781380580\n|switch|p1a: Cobalion|Cobalion, L80|277/277\n|move|p2a: Diancie|Calm Mind|p2a: Diancie\n|-boost|p2a: Diancie|spa|1\n|-boost|p2a: Diancie|spd|1\n|\n|upkeep\n|turn|11\n|\n|t:|1781380593\n|-terastallize|p2a: Diancie|Fairy\n|move|p1a: Cobalion|Iron Defense|p1a: Cobalion\n|-boost|p1a: Cobalion|def|2\n|move|p2a: Diancie|Earth Power|p1a: Cobalion\n|-supereffective|p1a: Cobalion\n|-damage|p1a: Cobalion|69/277\n|\n|-heal|p1a: Cobalion|86/277|[from] item: Leftovers\n|upkeep\n|turn|12\n|\n|t:|1781380600\n|move|p1a: Cobalion|Iron Head|p2a: Diancie\n|-supereffective|p2a: Diancie\n|-damage|p2a: Diancie|120/216\n|cant|p2a: Diancie|flinch\n|\n|-heal|p1a: Cobalion|103/277|[from] item: Leftovers\n|-heal|p2a: Diancie|133/216|[from] item: Leftovers\n|upkeep\n|turn|13\n|\n|t:|1781380604\n|move|p1a: Cobalion|Iron Head|p2a: Diancie\n|-supereffective|p2a: Diancie\n|-damage|p2a: Diancie|29/216\n|cant|p2a: Diancie|flinch\n|\n|-heal|p1a: Cobalion|120/277|[from] item: Leftovers\n|-heal|p2a: Diancie|42/216|[from] item: Leftovers\n|upkeep\n|turn|14\n|\n|t:|1781380608\n|move|p1a: Cobalion|Iron Head|p2a: Diancie\n|-supereffective|p2a: Diancie\n|-damage|p2a: Diancie|0 fnt\n|faint|p2a: Diancie\n|\n|-heal|p1a: Cobalion|137/277|[from] item: Leftovers\n|upkeep\n|-message|nickolassbomfim forfeited.\n|\n|win|WhatEver2102\n", "inputlog": ">version a8376a258c1d4662feba110a92103f3664a72141\n>start {\"formatid\":\"gen9randombattle\",\"seed\":\"sodium,4a71f23098545760fc3ca009ffc8abe4\",\"rated\":\"Rated battle\"}\n>player p1 {\"name\":\"WhatEver2102\",\"avatar\":\"juan\",\"rating\":1958,\"seed\":\"sodium,84e7821afeafe133f04bcea444604e84\"}\n>player p2 {\"name\":\"nickolassbomfim\",\"avatar\":\"red-masters\",\"rating\":1934,\"seed\":\"sodium,ab59e74ad4575e58ba1e6dcd89cab157\"}\n>p1 move calmmind\n>p2 move bodyslam\n>p1 move psyshock\n>p2 move knockoff\n>p1 move recover\n>p2 move bodyslam\n>p1 switch 3\n>p1 move wavecrash\n>p2 switch 6\n>p1 move wavecrash\n>p2 move substitute\n>p1 move wavecrash\n>p2 move endeavor\n>p2 switch 3\n>p1 move wavecrash\n>p2 move earthpower\n>p1 switch 4\n>p1 move sacredfire\n>p2 move toxic\n>p1 move bravebird\n>p2 move leafstorm\n>p2 switch 5\n>p1 switch 6\n>p2 move calmmind\n>p1 move irondefense\n>p2 move earthpower terastallize\n>p1 move ironhead\n>p2 move drainingkiss\n>p1 move ironhead\n>p2 move drainingkiss\n>p1 move ironhead\n>p2 move drainingkiss\n>forcelose p2", "uploadtime": 1781380477, "views": 8, "formatid": "gen9randombattle", "rating": null, "private": 0, "password": null}