{"id": "gen9randombattle-2631745611", "format": "[Gen 9] Random Battle", "players": ["Third Mo0n", "lenee"], "log": "|j|\u2606Third Mo0n\n|j|\u2606lenee\n|t:|1781432773\n|gametype|singles\n|player|p1|Third Mo0n|plasmagrunt|1928\n|player|p2|lenee|1|2018\n|gen|9\n|tier|[Gen 9] Random Battle\n|rated|\n|rule|Species Clause: Limit one of each Pok\u00e9mon\n|rule|HP Percentage Mod: HP is shown in percentages\n|rule|Sleep Clause Mod: Limit one foe put to sleep\n|rule|Illusion Level Mod: Illusion disguises the Pok\u00e9mon's true level\n|\n|t:|1781432773\n|teamsize|p1|6\n|teamsize|p2|6\n|start\n|switch|p1a: Hydrapple|Hydrapple, L83, F|312/312\n|switch|p2a: Dodrio|Dodrio, L85, F|241/241\n|turn|1\n|inactive|Battle timer is ON: inactive players will automatically lose when time's up. (requested by Third Mo0n)\n|\n|t:|1781432786\n|move|p2a: Dodrio|Brave Bird|p1a: Hydrapple\n|-supereffective|p1a: Hydrapple\n|-damage|p1a: Hydrapple|66/312\n|-damage|p2a: Dodrio|160/241|[from] Recoil\n|move|p1a: Hydrapple|Fickle Beam|p2a: Dodrio\n|-damage|p2a: Dodrio|25/241\n|\n|upkeep\n|turn|2\n|\n|t:|1781432800\n|switch|p1a: Drednaw|Drednaw, L81, F|278/278\n|move|p2a: Dodrio|Double-Edge|p1a: Drednaw\n|-resisted|p1a: Drednaw\n|-damage|p1a: Drednaw|206/278\n|-damage|p2a: Dodrio|1/241|[from] Recoil\n|\n|upkeep\n|turn|3\n|\n|t:|1781432815\n|switch|p1a: Ditto|Ditto, L87|225/225\n|-transform|p1a: Ditto|p2a: Dodrio|[from] ability: Imposter\n|move|p2a: Dodrio|Drill Run|p1a: Ditto\n|-immune|p1a: Ditto\n|\n|upkeep\n|turn|4\n|\n|t:|1781432825\n|move|p1a: Ditto|Brave Bird|p2a: Dodrio\n|-damage|p2a: Dodrio|0 fnt\n|faint|p2a: Dodrio\n|-damage|p1a: Ditto|224/225|[from] Recoil\n|\n|upkeep\n|\n|t:|1781432831\n|switch|p2a: Oricorio|Oricorio-Pom-Pom, L82, F|257/257\n|turn|5\n|\n|t:|1781432835\n|switch|p1a: Zangoose|Zangoose, L85, M|263/263\n|move|p2a: Oricorio|Quiver Dance|p2a: Oricorio\n|-boost|p2a: Oricorio|spa|1\n|-boost|p2a: Oricorio|spd|1\n|-boost|p2a: Oricorio|spe|1\n|\n|-status|p1a: Zangoose|tox|[from] item: Toxic Orb\n|upkeep\n|turn|6\n|\n|t:|1781432846\n|move|p2a: Oricorio|Hurricane|p1a: Zangoose\n|-damage|p1a: Zangoose|35/263 tox\n|move|p1a: Zangoose|Facade|p2a: Oricorio\n|-damage|p2a: Oricorio|0 fnt\n|faint|p2a: Oricorio\n|\n|-damage|p1a: Zangoose|19/263 tox|[from] psn\n|upkeep\n|\n|t:|1781432851\n|switch|p2a: Cryogonal|Cryogonal, L89|287/287\n|turn|7\n|\n|t:|1781432857\n|move|p1a: Zangoose|Quick Attack|p2a: Cryogonal\n|-damage|p2a: Cryogonal|176/287\n|move|p2a: Cryogonal|Rapid Spin|p1a: Zangoose\n|-damage|p1a: Zangoose|0 fnt\n|-boost|p2a: Cryogonal|spe|1\n|faint|p1a: Zangoose\n|\n|upkeep\n|\n|t:|1781432866\n|switch|p1a: Ditto|Ditto, L87|224/225\n|-transform|p1a: Ditto|p2a: Cryogonal|[from] ability: Imposter\n|turn|8\n|\n|t:|1781432877\n|move|p1a: Ditto|Flash Cannon|p2a: Cryogonal\n|-supereffective|p2a: Cryogonal\n|-damage|p2a: Cryogonal|92/287\n|move|p2a: Cryogonal|Flash Cannon|p1a: Ditto\n|-supereffective|p1a: Ditto\n|-damage|p1a: Ditto|144/225\n|\n|upkeep\n|turn|9\n|\n|t:|1781432883\n|move|p1a: Ditto|Flash Cannon|p2a: Cryogonal\n|-supereffective|p2a: Cryogonal\n|-damage|p2a: Cryogonal|4/287\n|move|p2a: Cryogonal|Recover|p2a: Cryogonal\n|-heal|p2a: Cryogonal|148/287\n|\n|upkeep\n|turn|10\n|\n|t:|1781432894\n|switch|p1a: Basculegion|Basculegion, L80, M|323/323\n|move|p2a: Cryogonal|Recover|p2a: Cryogonal\n|-heal|p2a: Cryogonal|287/287\n|\n|upkeep\n|turn|11\n|\n|t:|1781432902\n|move|p2a: Cryogonal|Freeze-Dry|p1a: Basculegion\n|-supereffective|p1a: Basculegion\n|-damage|p1a: Basculegion|203/323\n|move|p1a: Basculegion|Wave Crash|p2a: Cryogonal\n|-crit|p2a: Cryogonal\n|-damage|p2a: Cryogonal|0 fnt\n|faint|p2a: Cryogonal\n|-damage|p1a: Basculegion|108/323|[from] Recoil\n|\n|upkeep\n|\n|t:|1781432910\n|switch|p2a: Raichu|Raichu, L88, F|249/249\n|turn|12\n|\n|t:|1781432914\n|switch|p1a: Ditto|Ditto, L87|144/225\n|-transform|p1a: Ditto|p2a: Raichu|[from] ability: Imposter\n|move|p2a: Raichu|Knock Off|p1a: Ditto\n|-damage|p1a: Ditto|55/225\n|-enditem|p1a: Ditto|Choice Scarf|[from] move: Knock Off|[of] p2a: Raichu\n|\n|upkeep\n|turn|13\n|\n|t:|1781432923\n|move|p2a: Raichu|Surf|p1a: Ditto\n|-damage|p1a: Ditto|0 fnt\n|faint|p1a: Ditto\n|\n|upkeep\n|\n|t:|1781432930\n|switch|p1a: Hydrapple|Hydrapple, L83, F|170/312\n|turn|14\n|\n|t:|1781432935\n|switch|p2a: Alcremie|Alcremie-Caramel-Swirl, L90, F|263/263\n|move|p1a: Hydrapple|Giga Drain|p2a: Alcremie\n|-damage|p2a: Alcremie|197/263\n|-heal|p1a: Hydrapple|203/312|[from] drain|[of] p2a: Alcremie\n|\n|-heal|p2a: Alcremie|213/263|[from] item: Leftovers\n|upkeep\n|turn|15\n|\n|t:|1781432944\n|switch|p1a: Basculegion|Basculegion, L80, M|108/323\n|move|p2a: Alcremie|Calm Mind|p2a: Alcremie\n|-boost|p2a: Alcremie|spa|1\n|-boost|p2a: Alcremie|spd|1\n|\n|-heal|p2a: Alcremie|229/263|[from] item: Leftovers\n|upkeep\n|turn|16\n|\n|t:|1781432953\n|switch|p2a: Slaking|Slaking, L84, F|389/389\n|move|p1a: Basculegion|Wave Crash|p2a: Slaking\n|-damage|p2a: Slaking|233/389\n|-damage|p1a: Basculegion|57/323|[from] Recoil\n|\n|upkeep\n|turn|17\n|\n|t:|1781432964\n|move|p1a: Basculegion|Aqua Jet|p2a: Slaking\n|-damage|p2a: Slaking|181/389\n|move|p2a: Slaking|Giga Impact|p1a: Basculegion\n|-immune|p1a: Basculegion\n|\n|upkeep\n|turn|18\n|-message|lenee forfeited.\n|\n|win|Third Mo0n\n|raw|Third Mo0n's rating: 1928 &rarr; <strong>1953</strong><br />(+25 for winning)\n|raw|lenee's rating: 2018 &rarr; <strong>1993</strong><br />(-25 for losing)\n", "inputlog": ">version a8376a258c1d4662feba110a92103f3664a72141\n>start {\"formatid\":\"gen9randombattle\",\"seed\":\"sodium,9745998fe57a51daa0cb1a7e1fbb6476\",\"rated\":\"Rated battle\"}\n>player p1 {\"name\":\"Third Mo0n\",\"avatar\":\"plasmagrunt\",\"rating\":1928,\"seed\":\"sodium,379c08acd23bd5c2ddeaa6c313d82fdd\"}\n>player p2 {\"name\":\"lenee\",\"avatar\":\"1\",\"rating\":2018,\"seed\":\"sodium,c053755a2078abab99d0336a8e32ee63\"}\n>p1 move ficklebeam\n>p2 move bravebird\n>p1 switch 4\n>p2 move doubleedge\n>p1 switch 5\n>p2 move drillrun\n>p1 move bravebird\n>p2 move bravebird\n>p2 switch 4\n>p1 switch 6\n>p2 move quiverdance\n>p1 move facade\n>p2 move hurricane\n>p2 switch 6\n>p1 move quickattack\n>p2 move rapidspin\n>p1 switch 6\n>p1 move flashcannon\n>p2 move flashcannon\n>p1 move flashcannon\n>p2 move recover\n>p1 switch 3\n>p2 move recover\n>p1 move wavecrash\n>p2 move freezedry\n>p2 switch 5\n>p1 switch 3\n>p2 move knockoff\n>p1 move knockoff\n>p2 move surf\n>p1 switch 4\n>p1 move gigadrain\n>p2 switch 3\n>p1 switch 3\n>p2 move calmmind\n>p1 move wavecrash\n>p2 switch 2\n>p1 move aquajet\n>p2 move gigaimpact\n>forcelose p2", "uploadtime": 1781432774, "views": 6, "formatid": "gen9randombattle", "rating": 1953, "private": 0, "password": null}