{"id": "gen9randombattle-2631704327", "format": "[Gen 9] Random Battle", "players": ["ijhsis", "Ainhiduong"], "log": "|j|\u2606ijhsis\n|j|\u2606Ainhiduong\n|t:|1781425197\n|gametype|singles\n|player|p1|ijhsis|102|1010\n|player|p2|Ainhiduong|102|1041\n|gen|9\n|tier|[Gen 9] Random Battle\n|rated|\n|rule|Species Clause: Limit one of each Pok\u00e9mon\n|rule|HP Percentage Mod: HP is shown in percentages\n|rule|Sleep Clause Mod: Limit one foe put to sleep\n|rule|Illusion Level Mod: Illusion disguises the Pok\u00e9mon's true level\n|\n|t:|1781425197\n|teamsize|p1|6\n|teamsize|p2|6\n|start\n|switch|p1a: Sylveon|Sylveon, L85, M|300/300\n|switch|p2a: Armarouge|Armarouge, L80, M|267/267\n|turn|1\n|\n|t:|1781425227\n|switch|p1a: Hypno|Hypno, L95, F|315/315\n|move|p2a: Armarouge|Psyshock|p1a: Hypno\n|-resisted|p1a: Hypno\n|-damage|p1a: Hypno|243/315\n|\n|-heal|p1a: Hypno|262/315|[from] item: Leftovers\n|upkeep\n|turn|2\n|\n|t:|1781425245\n|switch|p2a: Volbeat|Volbeat, L90, M|263/263\n|move|p1a: Hypno|Knock Off|p2a: Volbeat\n|-damage|p2a: Volbeat|182/263\n|-enditem|p2a: Volbeat|Heavy-Duty Boots|[from] move: Knock Off|[of] p1a: Hypno\n|\n|-heal|p1a: Hypno|281/315|[from] item: Leftovers\n|upkeep\n|turn|3\n|\n|t:|1781425259\n|move|p2a: Volbeat|Lunge|p1a: Hypno\n|-supereffective|p1a: Hypno\n|-damage|p1a: Hypno|99/315\n|-unboost|p1a: Hypno|atk|1\n|move|p1a: Hypno|Toxic|p2a: Volbeat\n|-status|p2a: Volbeat|tox\n|\n|-heal|p1a: Hypno|118/315|[from] item: Leftovers\n|-damage|p2a: Volbeat|166/263 tox|[from] psn\n|upkeep\n|turn|4\n|\n|t:|1781425277\n|switch|p1a: Gouging Fire|Gouging Fire, L74|277/277\n|move|p2a: Volbeat|Lunge|p1a: Gouging Fire\n|-resisted|p1a: Gouging Fire\n|-crit|p1a: Gouging Fire\n|-damage|p1a: Gouging Fire|226/277\n|-unboost|p1a: Gouging Fire|atk|1\n|\n|-damage|p2a: Volbeat|134/263 tox|[from] psn\n|upkeep\n|turn|5\n|\n|t:|1781425292\n|move|p2a: Volbeat|Lunge|p1a: Gouging Fire\n|-resisted|p1a: Gouging Fire\n|-damage|p1a: Gouging Fire|189/277\n|-unboost|p1a: Gouging Fire|atk|1\n|move|p1a: Gouging Fire|Heat Crash|p2a: Volbeat\n|-supereffective|p2a: Volbeat\n|-damage|p2a: Volbeat|24/263 tox\n|\n|-damage|p2a: Volbeat|0 fnt|[from] psn\n|faint|p2a: Volbeat\n|upkeep\n|\n|t:|1781425312\n|switch|p2a: Sandslash|Sandslash, L89, F|278/278\n|turn|6\n|\n|t:|1781425322\n|-end|p1a: Gouging Fire|Protosynthesis|[silent]\n|switch|p1a: Slither Wing|Slither Wing, L81|270/270\n|-enditem|p1a: Slither Wing|Booster Energy\n|-activate|p1a: Slither Wing|ability: Protosynthesis|[fromitem]\n|-start|p1a: Slither Wing|protosynthesisatk\n|move|p2a: Sandslash|Earthquake|p1a: Slither Wing\n|-resisted|p1a: Slither Wing\n|-damage|p1a: Slither Wing|206/270\n|\n|upkeep\n|turn|7\n|\n|t:|1781425344\n|move|p1a: Slither Wing|Close Combat|p2a: Sandslash\n|-damage|p2a: Sandslash|121/278\n|-unboost|p1a: Slither Wing|def|1\n|-unboost|p1a: Slither Wing|spd|1\n|move|p2a: Sandslash|Knock Off|p1a: Slither Wing\n|-resisted|p1a: Slither Wing\n|-damage|p1a: Slither Wing|165/270\n|\n|upkeep\n|turn|8\n|\n|t:|1781425357\n|move|p1a: Slither Wing|Close Combat|p2a: Sandslash\n|-damage|p2a: Sandslash|0 fnt\n|-unboost|p1a: Slither Wing|def|1\n|-unboost|p1a: Slither Wing|spd|1\n|faint|p2a: Sandslash\n|\n|upkeep\n|\n|t:|1781425367\n|switch|p2a: Cinderace|Cinderace, L77, M|249/249\n|turn|9\n|\n|t:|1781425388\n|-end|p1a: Slither Wing|Protosynthesis|[silent]\n|switch|p1a: Lanturn|Lanturn, L89, F|367/367\n|move|p2a: Cinderace|Pyro Ball|p1a: Lanturn\n|-resisted|p1a: Lanturn\n|-damage|p1a: Lanturn|291/367\n|\n|-heal|p1a: Lanturn|313/367|[from] item: Leftovers\n|upkeep\n|turn|10\n|\n|t:|1781425404\n|switch|p2a: Azelf|Azelf, L82|257/257\n|move|p1a: Lanturn|Scald|p2a: Azelf\n|-damage|p2a: Azelf|167/257\n|\n|-heal|p1a: Lanturn|335/367|[from] item: Leftovers\n|upkeep\n|turn|11\n|\n|t:|1781425425\n|move|p2a: Azelf|Dazzling Gleam|p1a: Lanturn\n|-damage|p1a: Lanturn|248/367\n|-damage|p2a: Azelf|142/257|[from] item: Life Orb\n|move|p1a: Lanturn|Thunder Wave|p2a: Azelf\n|-status|p2a: Azelf|par\n|\n|-heal|p1a: Lanturn|270/367|[from] item: Leftovers\n|upkeep\n|turn|12\n|\n|t:|1781425438\n|switch|p1a: Gouging Fire|Gouging Fire, L74|189/277\n|move|p2a: Azelf|Psyshock|p1a: Gouging Fire\n|-crit|p1a: Gouging Fire\n|-damage|p1a: Gouging Fire|28/277\n|-damage|p2a: Azelf|117/257 par|[from] item: Life Orb\n|\n|upkeep\n|turn|13\n|\n|t:|1781425448\n|move|p1a: Gouging Fire|Morning Sun|p1a: Gouging Fire\n|-heal|p1a: Gouging Fire|166/277\n|cant|p2a: Azelf|par\n|\n|upkeep\n|turn|14\n|\n|t:|1781425462\n|move|p1a: Gouging Fire|Morning Sun|p1a: Gouging Fire\n|-heal|p1a: Gouging Fire|277/277\n|cant|p2a: Azelf|par\n|\n|upkeep\n|turn|15\n|\n|t:|1781425469\n|move|p1a: Gouging Fire|Heat Crash|p2a: Azelf\n|-damage|p2a: Azelf|0 fnt\n|faint|p2a: Azelf\n|\n|upkeep\n|\n|t:|1781425479\n|switch|p2a: Armarouge|Armarouge, L80, M|267/267\n|turn|16\n|\n|t:|1781425491\n|move|p1a: Gouging Fire|Dragon Dance|p1a: Gouging Fire\n|-boost|p1a: Gouging Fire|atk|1\n|-boost|p1a: Gouging Fire|spe|1\n|move|p2a: Armarouge|Aura Sphere|p1a: Gouging Fire\n|-damage|p1a: Gouging Fire|171/277\n|\n|upkeep\n|turn|17\n|\n|t:|1781425499\n|move|p1a: Gouging Fire|Dragon Dance|p1a: Gouging Fire\n|-boost|p1a: Gouging Fire|atk|1\n|-boost|p1a: Gouging Fire|spe|1\n|move|p2a: Armarouge|Aura Sphere|p1a: Gouging Fire\n|-damage|p1a: Gouging Fire|67/277\n|\n|upkeep\n|turn|18\n|\n|t:|1781425507\n|move|p1a: Gouging Fire|Outrage|p2a: Armarouge\n|-damage|p2a: Armarouge|66/267\n|-ability|p2a: Armarouge|Weak Armor|boost\n|-unboost|p2a: Armarouge|def|1\n|-boost|p2a: Armarouge|spe|2\n|move|p2a: Armarouge|Aura Sphere|p1a: Gouging Fire\n|-damage|p1a: Gouging Fire|0 fnt\n|faint|p1a: Gouging Fire\n|-end|p1a: Gouging Fire|Protosynthesis|[silent]\n|\n|upkeep\n|\n|t:|1781425533\n|switch|p1a: Gurdurr|Gurdurr, L85, F|283/283\n|turn|19\n|\n|t:|1781425549\n|switch|p2a: Flamigo|Flamigo, L82, M|269/269\n|switch|p1a: Sylveon|Sylveon, L85, M|300/300\n|\n|upkeep\n|turn|20\n|\n|t:|1781425566\n|move|p2a: Flamigo|Close Combat|p1a: Sylveon\n|-resisted|p1a: Sylveon\n|-crit|p1a: Sylveon\n|-damage|p1a: Sylveon|110/300\n|-unboost|p2a: Flamigo|def|1\n|-unboost|p2a: Flamigo|spd|1\n|move|p1a: Sylveon|Hyper Voice|p2a: Flamigo\n|-supereffective|p2a: Flamigo\n|-damage|p2a: Flamigo|0 fnt\n|faint|p2a: Flamigo\n|\n|-heal|p1a: Sylveon|128/300|[from] item: Leftovers\n|upkeep\n|\n|t:|1781425579\n|switch|p2a: Cinderace|Cinderace, L77, M|249/249\n|turn|21\n|\n|t:|1781425586\n|move|p2a: Cinderace|U-turn|p1a: Sylveon\n|-start|p2a: Cinderace|typechange|Bug|[from] ability: Libero\n|-resisted|p1a: Sylveon\n|-damage|p1a: Sylveon|81/300\n|\n|t:|1781425591\n|switch|p2a: Armarouge|Armarouge, L80, M|66/267|[from] U-turn\n|move|p1a: Sylveon|Wish|p1a: Sylveon\n|\n|-heal|p1a: Sylveon|99/300|[from] item: Leftovers\n|upkeep\n|turn|22\n|\n|t:|1781425608\n|switch|p1a: Lanturn|Lanturn, L89, F|270/367\n|move|p2a: Armarouge|Energy Ball|p1a: Lanturn\n|-supereffective|p1a: Lanturn\n|-damage|p1a: Lanturn|30/367\n|\n|-heal|p1a: Lanturn|180/367|[from] move: Wish|[wisher] Sylveon\n|-heal|p1a: Lanturn|202/367|[from] item: Leftovers\n|upkeep\n|turn|23\n|\n|t:|1781425621\n|move|p1a: Lanturn|Thunder Wave|p2a: Armarouge\n|-status|p2a: Armarouge|par\n|move|p2a: Armarouge|Energy Ball|p1a: Lanturn\n|-supereffective|p1a: Lanturn\n|-damage|p1a: Lanturn|0 fnt\n|faint|p1a: Lanturn\n|\n|upkeep\n|\n|t:|1781425633\n|switch|p1a: Gurdurr|Gurdurr, L85, F|283/283\n|turn|24\n|\n|t:|1781425639\n|move|p1a: Gurdurr|Knock Off|p2a: Armarouge\n|-supereffective|p2a: Armarouge\n|-crit|p2a: Armarouge\n|-damage|p2a: Armarouge|0 fnt\n|-enditem|p2a: Armarouge|Choice Specs|[from] move: Knock Off|[of] p1a: Gurdurr\n|faint|p2a: Armarouge\n|\n|upkeep\n|\n|t:|1781425648\n|switch|p2a: Cinderace|Cinderace, L77, M|249/249\n|turn|25\n|\n|t:|1781425660\n|-terastallize|p2a: Cinderace|Fighting\n|move|p1a: Gurdurr|Mach Punch|p2a: Cinderace\n|-damage|p2a: Cinderace|186/249\n|move|p2a: Cinderace|High Jump Kick|p1a: Gurdurr\n|-damage|p1a: Gurdurr|199/283\n|\n|upkeep\n|turn|26\n|\n|t:|1781425672\n|move|p1a: Gurdurr|Mach Punch|p2a: Cinderace\n|-damage|p2a: Cinderace|128/249\n|move|p2a: Cinderace|Pyro Ball|p1a: Gurdurr\n|-damage|p1a: Gurdurr|111/283\n|\n|upkeep\n|turn|27\n|\n|t:|1781425679\n|move|p2a: Cinderace|High Jump Kick|p1a: Gurdurr\n|-damage|p1a: Gurdurr|27/283\n|move|p1a: Gurdurr|Drain Punch|p2a: Cinderace\n|-damage|p2a: Cinderace|28/249\n|-heal|p1a: Gurdurr|77/283|[from] drain|[of] p2a: Cinderace\n|\n|upkeep\n|turn|28\n|\n|t:|1781425687\n|move|p1a: Gurdurr|Mach Punch|p2a: Cinderace\n|-damage|p2a: Cinderace|0 fnt\n|faint|p2a: Cinderace\n|\n|win|ijhsis\n|raw|ijhsis's rating: 1010 &rarr; <strong>1052</strong><br />(+42 for winning)\n|raw|Ainhiduong's rating: 1041 &rarr; <strong>1023</strong><br />(-18 for losing)\n", "inputlog": ">version a8376a258c1d4662feba110a92103f3664a72141\n>start {\"formatid\":\"gen9randombattle\",\"seed\":\"sodium,d4c0cb8ccdb73a72d3211f740aa2dbe5\",\"rated\":\"Rated battle\"}\n>player p1 {\"name\":\"ijhsis\",\"avatar\":\"102\",\"rating\":1010,\"seed\":\"sodium,c7f80e321cddee6b2eef769dd134220b\"}\n>player p2 {\"name\":\"Ainhiduong\",\"avatar\":\"102\",\"rating\":1041,\"seed\":\"sodium,26047bed6f63d95a58604481c53890e3\"}\n>p1 switch 5\n>p2 move psyshock\n>p1 move knockoff\n>p2 switch 3\n>p1 move toxic\n>p2 move lunge\n>p1 switch 4\n>p2 move lunge\n>p1 move heatcrash\n>p2 move lunge\n>p2 switch 6\n>p1 switch 3\n>p2 move earthquake\n>p1 move closecombat\n>p2 move knockoff\n>p1 move closecombat\n>p2 move stoneedge\n>p2 switch 2\n>p1 switch 6\n>p2 move pyroball\n>p1 move scald\n>p2 switch 4\n>p1 move thunderwave\n>p2 move dazzlinggleam\n>p1 switch 3\n>p2 move psyshock\n>p1 move morningsun\n>p2 move psyshock\n>p1 move morningsun\n>p2 move fireblast\n>p1 move heatcrash\n>p2 move psyshock\n>p2 switch 3\n>p1 move dragondance\n>p2 move aurasphere\n>p1 move dragondance\n>p2 move aurasphere\n>p1 move outrage\n>p2 move aurasphere\n>p1 switch 2\n>p1 switch 5\n>p2 switch 5\n>p1 move hypervoice\n>p2 move closecombat\n>p2 switch 4\n>p1 move wish\n>p2 move uturn\n>p2 switch 5\n>p1 switch 3\n>p2 move energyball\n>p1 move thunderwave\n>p2 move energyball\n>p1 switch 5\n>p1 move knockoff\n>p2 move energyball\n>p2 switch 5\n>p1 move machpunch\n>p2 move highjumpkick terastallize\n>p1 move machpunch\n>p2 move pyroball\n>p1 move drainpunch\n>p2 move highjumpkick\n>p1 move machpunch\n>p2 move pyroball", "uploadtime": 1781425698, "views": 6, "formatid": "gen9randombattle", "rating": 1023, "private": 0, "password": null}