{"id": "gen9randombattle-2631847354", "format": "[Gen 9] Random Battle", "players": ["AmroE13", "napoliones"], "log": "|j|\u2606AmroE13\n|j|\u2606napoliones\n|t:|1781447648\n|gametype|singles\n|player|p1|AmroE13|266|2007\n|player|p2|napoliones|265|2050\n|gen|9\n|tier|[Gen 9] Random Battle\n|rated|\n|rule|Species Clause: Limit one of each Pok\u00e9mon\n|rule|HP Percentage Mod: HP is shown in percentages\n|rule|Sleep Clause Mod: Limit one foe put to sleep\n|rule|Illusion Level Mod: Illusion disguises the Pok\u00e9mon's true level\n|\n|t:|1781447648\n|teamsize|p1|6\n|teamsize|p2|6\n|start\n|switch|p1a: Darkrai|Darkrai, L77|234/234\n|switch|p2a: Arboliva|Arboliva, L91, F|290/290\n|turn|1\n|inactive|Battle timer is ON: inactive players will automatically lose when time's up. (requested by napoliones)\n|c|\u2606napoliones|gl hf :)\n|\n|t:|1781447663\n|switch|p2a: Cobalion|Cobalion, L80|277/277\n|move|p1a: Darkrai|Sludge Bomb|p2a: Cobalion\n|-immune|p2a: Cobalion\n|\n|upkeep\n|turn|2\n|\n|t:|1781447668\n|switch|p1a: Uxie|Uxie, L83|260/260\n|move|p2a: Cobalion|Swords Dance|p2a: Cobalion\n|-boost|p2a: Cobalion|atk|2\n|\n|upkeep\n|turn|3\n|\n|t:|1781447673\n|move|p2a: Cobalion|Iron Head|p1a: Uxie\n|-damage|p1a: Uxie|127/260\n|-damage|p2a: Cobalion|250/277|[from] item: Life Orb\n|move|p1a: Uxie|Thunder Wave|p2a: Cobalion\n|-status|p2a: Cobalion|par\n|\n|-heal|p1a: Uxie|143/260|[from] item: Leftovers\n|upkeep\n|turn|4\n|\n|t:|1781447681\n|move|p1a: Uxie|U-turn|p2a: Cobalion\n|-resisted|p2a: Cobalion\n|-damage|p2a: Cobalion|243/277 par\n|\n|t:|1781447684\n|switch|p1a: Poliwrath|Poliwrath, L88, M|302/302|[from] U-turn\n|cant|p2a: Cobalion|par\n|\n|upkeep\n|turn|5\n|\n|t:|1781447691\n|switch|p2a: Noivern|Noivern, L82, M|274/274\n|move|p1a: Poliwrath|Bulk Up|p1a: Poliwrath\n|-boost|p1a: Poliwrath|atk|1\n|-boost|p1a: Poliwrath|def|1\n|\n|upkeep\n|turn|6\n|\n|t:|1781447700\n|switch|p1a: Raikou|Raikou, L81|278/278\n|-ability|p1a: Raikou|Pressure\n|move|p2a: Noivern|Hurricane|p1a: Raikou\n|-resisted|p1a: Raikou\n|-damage|p1a: Raikou|227/278\n|\n|upkeep\n|turn|7\n|\n|t:|1781447707\n|switch|p2a: Sceptile|Sceptile, L87, M|264/264\n|move|p1a: Raikou|Volt Switch|p2a: Sceptile\n|-resisted|p2a: Sceptile\n|-damage|p2a: Sceptile|203/264\n|\n|t:|1781447718\n|switch|p1a: Leavanny|Leavanny, L86, F|269/269|[from] Volt Switch\n|\n|upkeep\n|turn|8\n|\n|t:|1781447736\n|switch|p2a: Noivern|Noivern, L82, M|274/274\n|move|p1a: Leavanny|Sticky Web|p2a: Noivern\n|-sidestart|p2: napoliones|move: Sticky Web\n|\n|upkeep\n|turn|9\n|\n|t:|1781447742\n|switch|p1a: Camerupt|Camerupt, L91, M|275/275\n|move|p2a: Noivern|Flamethrower|p1a: Camerupt\n|-resisted|p1a: Camerupt\n|-damage|p1a: Camerupt|242/275\n|\n|-heal|p1a: Camerupt|259/275|[from] item: Leftovers\n|upkeep\n|turn|10\n|\n|t:|1781447748\n|move|p2a: Noivern|Hurricane|p1a: Camerupt\n|-damage|p1a: Camerupt|147/275\n|-start|p1a: Camerupt|confusion\n|-activate|p1a: Camerupt|confusion\n|move|p1a: Camerupt|Stealth Rock|p2a: Noivern\n|-sidestart|p2: napoliones|move: Stealth Rock\n|\n|-heal|p1a: Camerupt|164/275|[from] item: Leftovers\n|upkeep\n|turn|11\n|\n|t:|1781447756\n|switch|p1a: Raikou|Raikou, L81|227/278\n|-ability|p1a: Raikou|Pressure\n|move|p2a: Noivern|Hurricane|p1a: Raikou\n|-resisted|p1a: Raikou\n|-damage|p1a: Raikou|179/278\n|\n|upkeep\n|turn|12\n|\n|t:|1781447761\n|move|p2a: Noivern|Draco Meteor|p1a: Raikou\n|-damage|p1a: Raikou|52/278\n|-unboost|p2a: Noivern|spa|2\n|move|p1a: Raikou|Volt Switch|p2a: Noivern\n|-damage|p2a: Noivern|145/274\n|\n|t:|1781447770\n|switch|p1a: Uxie|Uxie, L83|143/260|[from] Volt Switch\n|\n|-heal|p1a: Uxie|159/260|[from] item: Leftovers\n|upkeep\n|turn|13\n|\n|t:|1781447773\n|switch|p2a: Cobalion|Cobalion, L80|243/277 par\n|-activate|p2a: Cobalion|move: Sticky Web\n|-unboost|p2a: Cobalion|spe|1\n|-damage|p2a: Cobalion|235/277 par|[from] Stealth Rock\n|move|p1a: Uxie|Psychic Noise|p2a: Cobalion\n|-crit|p2a: Cobalion\n|-damage|p2a: Cobalion|115/277 par\n|-start|p2a: Cobalion|move: Heal Block\n|\n|-heal|p1a: Uxie|175/260|[from] item: Leftovers\n|upkeep\n|turn|14\n|\n|t:|1781447777\n|move|p1a: Uxie|Psychic Noise|p2a: Cobalion\n|-damage|p2a: Cobalion|28/277 par\n|move|p2a: Cobalion|Iron Head|p1a: Uxie\n|-damage|p1a: Uxie|97/260\n|-damage|p2a: Cobalion|1/277 par|[from] item: Life Orb\n|\n|-heal|p1a: Uxie|113/260|[from] item: Leftovers\n|-end|p2a: Cobalion|move: Heal Block\n|upkeep\n|turn|15\n|\n|t:|1781447783\n|move|p1a: Uxie|Psychic Noise|p2a: Cobalion\n|-damage|p2a: Cobalion|0 fnt\n|faint|p2a: Cobalion\n|\n|-heal|p1a: Uxie|129/260|[from] item: Leftovers\n|upkeep\n|\n|t:|1781447795\n|switch|p2a: Luxray|Luxray, L88, M|284/284\n|-activate|p2a: Luxray|move: Sticky Web\n|-unboost|p2a: Luxray|spe|1\n|-damage|p2a: Luxray|249/284|[from] Stealth Rock\n|-ability|p2a: Luxray|Intimidate|boost\n|-unboost|p1a: Uxie|atk|1\n|turn|16\n|\n|t:|1781447804\n|move|p1a: Uxie|Knock Off|p2a: Luxray\n|-damage|p2a: Luxray|210/284\n|-enditem|p2a: Luxray|Assault Vest|[from] move: Knock Off|[of] p1a: Uxie\n|move|p2a: Luxray|Ice Fang|p1a: Uxie\n|-damage|p1a: Uxie|81/260\n|\n|-heal|p1a: Uxie|97/260|[from] item: Leftovers\n|upkeep\n|turn|17\n|\n|t:|1781447811\n|move|p1a: Uxie|U-turn|p2a: Luxray\n|-damage|p2a: Luxray|179/284\n|\n|t:|1781447817\n|switch|p1a: Camerupt|Camerupt, L91, M|164/275|[from] U-turn\n|move|p2a: Luxray|Ice Fang|p1a: Camerupt\n|-damage|p1a: Camerupt|103/275\n|\n|-heal|p1a: Camerupt|120/275|[from] item: Leftovers\n|upkeep\n|turn|18\n|\n|t:|1781447823\n|switch|p2a: Noivern|Noivern, L82, M|145/274\n|move|p1a: Camerupt|Earthquake|p2a: Noivern\n|-immune|p2a: Noivern\n|\n|-heal|p1a: Camerupt|137/275|[from] item: Leftovers\n|upkeep\n|turn|19\n|\n|t:|1781447830\n|move|p2a: Noivern|Hurricane|p1a: Camerupt|[miss]\n|-miss|p2a: Noivern|p1a: Camerupt\n|move|p1a: Camerupt|Will-O-Wisp|p2a: Noivern\n|-status|p2a: Noivern|brn\n|\n|-heal|p1a: Camerupt|154/275|[from] item: Leftovers\n|-damage|p2a: Noivern|128/274 brn|[from] brn\n|upkeep\n|turn|20\n|\n|t:|1781447842\n|move|p2a: Noivern|Hurricane|p1a: Camerupt|[miss]\n|-miss|p2a: Noivern|p1a: Camerupt\n|move|p1a: Camerupt|Overheat|p2a: Noivern|[miss]\n|-miss|p1a: Camerupt|p2a: Noivern\n|\n|-heal|p1a: Camerupt|171/275|[from] item: Leftovers\n|-damage|p2a: Noivern|111/274 brn|[from] brn\n|upkeep\n|turn|21\n|\n|t:|1781447848\n|move|p2a: Noivern|Roost|p2a: Noivern\n|-heal|p2a: Noivern|248/274 brn\n|-singleturn|p2a: Noivern|move: Roost\n|move|p1a: Camerupt|Overheat|p2a: Noivern|[miss]\n|-miss|p1a: Camerupt|p2a: Noivern\n|\n|-heal|p1a: Camerupt|188/275|[from] item: Leftovers\n|-damage|p2a: Noivern|231/274 brn|[from] brn\n|upkeep\n|turn|22\n|\n|t:|1781447865\n|move|p2a: Noivern|Hurricane|p1a: Camerupt\n|-crit|p1a: Camerupt\n|-damage|p1a: Camerupt|10/275\n|move|p1a: Camerupt|Overheat|p2a: Noivern\n|-resisted|p2a: Noivern\n|-damage|p2a: Noivern|144/274 brn\n|-unboost|p1a: Camerupt|spa|2\n|\n|-heal|p1a: Camerupt|27/275|[from] item: Leftovers\n|-damage|p2a: Noivern|127/274 brn|[from] brn\n|upkeep\n|turn|23\n|\n|t:|1781447875\n|move|p2a: Noivern|Flamethrower|p1a: Camerupt\n|-resisted|p1a: Camerupt\n|-damage|p1a: Camerupt|0 fnt\n|faint|p1a: Camerupt\n|\n|-damage|p2a: Noivern|110/274 brn|[from] brn\n|upkeep\n|\n|t:|1781447897\n|switch|p1a: Uxie|Uxie, L83|97/260\n|turn|24\n|\n|t:|1781447901\n|move|p2a: Noivern|Draco Meteor|p1a: Uxie\n|-damage|p1a: Uxie|0 fnt\n|-unboost|p2a: Noivern|spa|2\n|faint|p1a: Uxie\n|\n|-damage|p2a: Noivern|93/274 brn|[from] brn\n|upkeep\n|\n|t:|1781447908\n|switch|p1a: Darkrai|Darkrai, L77|234/234\n|turn|25\n|\n|t:|1781447916\n|switch|p2a: Luxray|Luxray, L88, M|179/284\n|-activate|p2a: Luxray|move: Sticky Web\n|-unboost|p2a: Luxray|spe|1\n|-damage|p2a: Luxray|144/284|[from] Stealth Rock\n|-ability|p2a: Luxray|Intimidate|boost\n|-unboost|p1a: Darkrai|atk|1\n|move|p1a: Darkrai|Substitute|p1a: Darkrai\n|-start|p1a: Darkrai|Substitute\n|-damage|p1a: Darkrai|176/234\n|\n|-heal|p1a: Darkrai|190/234|[from] item: Leftovers\n|upkeep\n|turn|26\n|inactive|AmroE13 has 120 seconds left.\n|\n|t:|1781447951\n|move|p1a: Darkrai|Nasty Plot|p1a: Darkrai\n|-boost|p1a: Darkrai|spa|2\n|move|p2a: Luxray|Wild Charge|p1a: Darkrai\n|-end|p1a: Darkrai|Substitute\n|-damage|p2a: Luxray|129/284|[from] Recoil|[of] p1a: Darkrai\n|\n|-heal|p1a: Darkrai|204/234|[from] item: Leftovers\n|upkeep\n|turn|27\n|inactive|AmroE13 has 120 seconds left.\n|\n|t:|1781447963\n|move|p1a: Darkrai|Dark Pulse|p2a: Luxray\n|-damage|p2a: Luxray|0 fnt\n|faint|p2a: Luxray\n|\n|-heal|p1a: Darkrai|218/234|[from] item: Leftovers\n|upkeep\n|\n|t:|1781447974\n|switch|p2a: Quaquaval|Quaquaval, L79, M|264/264\n|-activate|p2a: Quaquaval|move: Sticky Web\n|-unboost|p2a: Quaquaval|spe|1\n|-damage|p2a: Quaquaval|248/264|[from] Stealth Rock\n|turn|28\n|\n|t:|1781447983\n|-terastallize|p1a: Darkrai|Poison\n|-terastallize|p2a: Quaquaval|Steel\n|move|p1a: Darkrai|Sludge Bomb|p2a: Quaquaval\n|-immune|p2a: Quaquaval\n|move|p2a: Quaquaval|Rapid Spin|p1a: Darkrai\n|-crit|p1a: Darkrai\n|-damage|p1a: Darkrai|160/234\n|-boost|p2a: Quaquaval|spe|1\n|-sideend|p2: napoliones|Stealth Rock|[from] move: Rapid Spin|[of] p2a: Quaquaval\n|-sideend|p2: napoliones|Sticky Web|[from] move: Rapid Spin|[of] p2a: Quaquaval\n|\n|-heal|p1a: Darkrai|174/234|[from] item: Leftovers\n|-heal|p2a: Quaquaval|264/264|[from] item: Leftovers\n|upkeep\n|turn|29\n|\n|t:|1781448006\n|move|p1a: Darkrai|Dark Pulse|p2a: Quaquaval\n|-damage|p2a: Quaquaval|57/264\n|cant|p2a: Quaquaval|flinch\n|\n|-heal|p1a: Darkrai|188/234|[from] item: Leftovers\n|-heal|p2a: Quaquaval|73/264|[from] item: Leftovers\n|upkeep\n|turn|30\n|\n|t:|1781448011\n|move|p1a: Darkrai|Dark Pulse|p2a: Quaquaval\n|-damage|p2a: Quaquaval|0 fnt\n|faint|p2a: Quaquaval\n|\n|-heal|p1a: Darkrai|202/234|[from] item: Leftovers\n|upkeep\n|\n|t:|1781448017\n|switch|p2a: Sceptile|Sceptile, L87, M|203/264\n|turn|31\n|\n|t:|1781448023\n|switch|p1a: Leavanny|Leavanny, L86, F|269/269\n|move|p2a: Sceptile|Earthquake|p1a: Leavanny\n|-resisted|p1a: Leavanny\n|-damage|p1a: Leavanny|244/269\n|-damage|p2a: Sceptile|177/264|[from] item: Life Orb\n|\n|upkeep\n|turn|32\n|\n|t:|1781448046\n|switch|p2a: Noivern|Noivern, L82, M|93/274 brn\n|move|p1a: Leavanny|Sticky Web|p2a: Noivern\n|-sidestart|p2: napoliones|move: Sticky Web\n|\n|-damage|p2a: Noivern|76/274 brn|[from] brn\n|upkeep\n|turn|33\n|\n|t:|1781448055\n|move|p2a: Noivern|Roost|p2a: Noivern\n|-heal|p2a: Noivern|213/274 brn\n|-singleturn|p2a: Noivern|move: Roost\n|move|p1a: Leavanny|Knock Off|p2a: Noivern\n|-damage|p2a: Noivern|125/274 brn\n|-enditem|p2a: Noivern|Heavy-Duty Boots|[from] move: Knock Off|[of] p1a: Leavanny\n|\n|-damage|p2a: Noivern|108/274 brn|[from] brn\n|upkeep\n|turn|34\n|\n|t:|1781448058\n|move|p2a: Noivern|Roost|p2a: Noivern\n|-heal|p2a: Noivern|245/274 brn\n|-singleturn|p2a: Noivern|move: Roost\n|move|p1a: Leavanny|Knock Off|p2a: Noivern\n|-damage|p2a: Noivern|192/274 brn\n|\n|-damage|p2a: Noivern|175/274 brn|[from] brn\n|upkeep\n|turn|35\n|\n|t:|1781448063\n|move|p2a: Noivern|Roost|p2a: Noivern\n|-heal|p2a: Noivern|274/274 brn\n|-singleturn|p2a: Noivern|move: Roost\n|move|p1a: Leavanny|Knock Off|p2a: Noivern\n|-damage|p2a: Noivern|214/274 brn\n|\n|-damage|p2a: Noivern|197/274 brn|[from] brn\n|upkeep\n|turn|36\n|\n|t:|1781448066\n|move|p2a: Noivern|Flamethrower|p1a: Leavanny\n|-supereffective|p1a: Leavanny\n|-damage|p1a: Leavanny|0 fnt\n|faint|p1a: Leavanny\n|\n|-damage|p2a: Noivern|180/274 brn|[from] brn\n|upkeep\n|\n|t:|1781448073\n|switch|p1a: Darkrai|Darkrai, L77, tera:Poison|202/234\n|turn|37\n|\n|t:|1781448096\n|move|p2a: Noivern|Hurricane|p1a: Darkrai|[miss]\n|-miss|p2a: Noivern|p1a: Darkrai\n|move|p1a: Darkrai|Sludge Bomb|p2a: Noivern\n|-damage|p2a: Noivern|57/274 brn\n|\n|-heal|p1a: Darkrai|216/234|[from] item: Leftovers\n|-damage|p2a: Noivern|40/274 brn|[from] brn\n|upkeep\n|turn|38\n|\n|t:|1781448101\n|switch|p2a: Arboliva|Arboliva, L91, F|290/290\n|-activate|p2a: Arboliva|move: Sticky Web\n|-unboost|p2a: Arboliva|spe|1\n|move|p1a: Darkrai|Sludge Bomb|p2a: Arboliva\n|-supereffective|p2a: Arboliva\n|-damage|p2a: Arboliva|116/290\n|-fieldstart|move: Grassy Terrain|[from] ability: Seed Sower|[of] p2a: Arboliva\n|\n|-heal|p1a: Darkrai|230/234|[from] Grassy Terrain\n|-heal|p1a: Darkrai|234/234|[from] item: Leftovers\n|-heal|p2a: Arboliva|134/290|[from] Grassy Terrain\n|-heal|p2a: Arboliva|152/290|[from] item: Leftovers\n|upkeep\n|turn|39\n|\n|t:|1781448106\n|move|p1a: Darkrai|Sludge Bomb|p2a: Arboliva\n|-supereffective|p2a: Arboliva\n|-damage|p2a: Arboliva|0 fnt\n|faint|p2a: Arboliva\n|\n|upkeep\n|\n|t:|1781448110\n|switch|p2a: Sceptile|Sceptile, L87, M|177/264\n|-activate|p2a: Sceptile|move: Sticky Web\n|-unboost|p2a: Sceptile|spe|1\n|turn|40\n|\n|t:|1781448113\n|move|p1a: Darkrai|Sludge Bomb|p2a: Sceptile\n|-supereffective|p2a: Sceptile\n|-crit|p2a: Sceptile\n|-damage|p2a: Sceptile|0 fnt\n|faint|p2a: Sceptile\n|\n|upkeep\n|-message|napoliones forfeited.\n|\n|win|AmroE13\n|raw|AmroE13's rating: 2007 &rarr; <strong>2029</strong><br />(+22 for winning)\n|raw|napoliones's rating: 2050 &rarr; <strong>2028</strong><br />(-22 for losing)\n|l|\u2606napoliones\n|player|p2|\n", "inputlog": ">version a8376a258c1d4662feba110a92103f3664a72141\n>start {\"formatid\":\"gen9randombattle\",\"seed\":\"sodium,0d231ea1d4b315c1179131bc0d3db5f6\",\"rated\":\"Rated battle\"}\n>player p1 {\"name\":\"AmroE13\",\"avatar\":\"266\",\"rating\":2007,\"seed\":\"sodium,1261fbf22ae44e477ceb05f8a9fa306a\"}\n>player p2 {\"name\":\"napoliones\",\"avatar\":\"265\",\"rating\":2050,\"seed\":\"sodium,5bcdc7d466aab079a72ad94393dbdc91\"}\n>chat \u2606napoliones|gl hf :)\n>p1 move sludgebomb\n>p2 switch 5\n>p1 switch 4\n>p2 move swordsdance\n>p1 move thunderwave\n>p2 move ironhead\n>p1 move uturn\n>p2 move ironhead\n>p1 switch 6\n>p1 move bulkup\n>p2 switch 4\n>p1 switch 5\n>p2 move hurricane\n>p1 move voltswitch\n>p2 switch 3\n>p1 switch 2\n>p1 move stickyweb\n>p2 switch 3\n>p1 switch 3\n>p2 move flamethrower\n>p1 move stealthrock\n>p2 move hurricane\n>p1 switch 2\n>p2 move hurricane\n>p1 move voltswitch\n>p2 move dracometeor\n>p1 switch 6\n>p1 move psychicnoise\n>p2 switch 4\n>p1 move psychicnoise\n>p2 move ironhead\n>p1 move psychicnoise\n>p2 move ironhead\n>p2 switch 2\n>p1 move knockoff\n>p2 move icefang\n>p1 move uturn\n>p2 move icefang\n>p1 switch 2\n>p1 move earthquake\n>p2 switch 4\n>p1 move willowisp\n>p2 move hurricane\n>p1 move overheat\n>p2 move hurricane\n>p1 move overheat\n>p2 move roost\n>p1 move overheat\n>p2 move hurricane\n>p1 move earthquake\n>p2 move flamethrower\n>p1 switch 2\n>p1 move psychicnoise\n>p2 move dracometeor\n>p1 switch 4\n>p1 move substitute\n>p2 switch 4\n>p1 move nastyplot\n>p2 move wildcharge\n>p1 move darkpulse\n>p2 move voltswitch\n>p2 switch 6\n>p1 move sludgebomb terastallize\n>p2 move rapidspin terastallize\n>p1 move darkpulse\n>p2 move aquastep\n>p1 move darkpulse\n>p2 move aquastep\n>p2 switch 3\n>p1 switch 3\n>p2 move earthquake\n>p1 move stickyweb\n>p2 switch 4\n>p1 move knockoff\n>p2 move roost\n>p1 move knockoff\n>p2 move roost\n>p1 move knockoff\n>p2 move roost\n>p1 move knockoff\n>p2 move flamethrower\n>p1 switch 3\n>p1 move sludgebomb\n>p2 move hurricane\n>p1 move sludgebomb\n>p2 switch 5\n>p1 move sludgebomb\n>p2 move energyball\n>p2 switch 4\n>p1 move sludgebomb\n>p2 move earthquake\n>forcelose p2", "uploadtime": 1781447650, "views": 7, "formatid": "gen9randombattle", "rating": 2028, "private": 0, "password": null}