{"id": "gen9randombattle-2631992195", "format": "[Gen 9] Random Battle", "players": ["crabpeople333", "swmj7"], "log": "|j|\u2606crabpeople333\n|j|\u2606swmj7\n|t:|1781463626\n|gametype|singles\n|player|p1|crabpeople333|2|1923\n|player|p2|swmj7|102|1966\n|gen|9\n|tier|[Gen 9] Random Battle\n|rated|\n|rule|Species Clause: Limit one of each Pok\u00e9mon\n|rule|HP Percentage Mod: HP is shown in percentages\n|rule|Sleep Clause Mod: Limit one foe put to sleep\n|rule|Illusion Level Mod: Illusion disguises the Pok\u00e9mon's true level\n|\n|t:|1781463626\n|teamsize|p1|6\n|teamsize|p2|6\n|start\n|switch|p1a: Beartic|Beartic, L91, M|321/321\n|switch|p2a: Jolteon|Jolteon, L84, M|246/246\n|turn|1\n|inactive|Battle timer is ON: inactive players will automatically lose when time's up. (requested by crabpeople333)\n|\n|t:|1781463639\n|move|p2a: Jolteon|Volt Switch|p1a: Beartic\n|-damage|p1a: Beartic|204/321\n|\n|t:|1781463640\n|switch|p2a: Chimecho|Chimecho, L93, M|290/290|[from] Volt Switch\n|move|p1a: Beartic|Icicle Crash|p2a: Chimecho\n|-damage|p2a: Chimecho|161/290\n|\n|-heal|p2a: Chimecho|179/290|[from] item: Leftovers\n|upkeep\n|turn|2\n|\n|t:|1781463654\n|switch|p1a: Hatterene|Hatterene, L85, F|236/236\n|move|p2a: Chimecho|Calm Mind|p2a: Chimecho\n|-boost|p2a: Chimecho|spa|1\n|-boost|p2a: Chimecho|spd|1\n|\n|-heal|p2a: Chimecho|197/290|[from] item: Leftovers\n|upkeep\n|turn|3\n|\n|t:|1781463660\n|move|p2a: Chimecho|Calm Mind|p2a: Chimecho\n|-boost|p2a: Chimecho|spa|1\n|-boost|p2a: Chimecho|spd|1\n|move|p1a: Hatterene|Nuzzle|p2a: Chimecho\n|-damage|p2a: Chimecho|183/290\n|-status|p2a: Chimecho|par\n|\n|-heal|p2a: Chimecho|201/290 par|[from] item: Leftovers\n|upkeep\n|turn|4\n|\n|t:|1781463666\n|switch|p1a: Blissey|Blissey, L85, F|572/572\n|cant|p2a: Chimecho|par\n|\n|-heal|p2a: Chimecho|219/290 par|[from] item: Leftovers\n|upkeep\n|turn|5\n|\n|t:|1781463669\n|move|p1a: Blissey|Seismic Toss|p2a: Chimecho\n|-damage|p2a: Chimecho|134/290 par\n|cant|p2a: Chimecho|par\n|\n|-heal|p2a: Chimecho|152/290 par|[from] item: Leftovers\n|upkeep\n|turn|6\n|\n|t:|1781463673\n|move|p1a: Blissey|Seismic Toss|p2a: Chimecho\n|-damage|p2a: Chimecho|67/290 par\n|move|p2a: Chimecho|Recover|p2a: Chimecho\n|-heal|p2a: Chimecho|212/290 par\n|\n|-heal|p2a: Chimecho|230/290 par|[from] item: Leftovers\n|upkeep\n|turn|7\n|\n|t:|1781463679\n|move|p1a: Blissey|Seismic Toss|p2a: Chimecho\n|-damage|p2a: Chimecho|145/290 par\n|cant|p2a: Chimecho|par\n|\n|-heal|p2a: Chimecho|163/290 par|[from] item: Leftovers\n|upkeep\n|turn|8\n|\n|t:|1781463683\n|move|p1a: Blissey|Seismic Toss|p2a: Chimecho\n|-damage|p2a: Chimecho|78/290 par\n|cant|p2a: Chimecho|par\n|\n|-heal|p2a: Chimecho|96/290 par|[from] item: Leftovers\n|upkeep\n|turn|9\n|\n|t:|1781463688\n|move|p1a: Blissey|Seismic Toss|p2a: Chimecho\n|-damage|p2a: Chimecho|11/290 par\n|cant|p2a: Chimecho|par\n|\n|-heal|p2a: Chimecho|29/290 par|[from] item: Leftovers\n|upkeep\n|turn|10\n|-message|swmj7 forfeited.\n|\n|win|crabpeople333\n", "inputlog": ">version a8376a258c1d4662feba110a92103f3664a72141\n>start {\"formatid\":\"gen9randombattle\",\"seed\":\"sodium,7e1cbcdfa356e1f3c2111fe863ad909a\",\"rated\":\"Rated battle\"}\n>player p1 {\"name\":\"crabpeople333\",\"avatar\":\"2\",\"rating\":1923,\"seed\":\"sodium,5852557b3867523537c26bf26dc5a1a0\"}\n>player p2 {\"name\":\"swmj7\",\"avatar\":\"102\",\"rating\":1966,\"seed\":\"sodium,2ee4cbf68306cbd08c5768eca60538e1\"}\n>p1 move iciclecrash\n>p2 move voltswitch\n>p2 switch 3\n>p1 switch 2\n>p2 move calmmind\n>p1 move nuzzle\n>p2 move calmmind\n>p1 switch 5\n>p2 move dazzlinggleam\n>p1 move seismictoss\n>p2 move psyshock\n>p1 move seismictoss\n>p2 move recover\n>p1 move seismictoss\n>p2 move recover\n>p1 move seismictoss\n>p2 move recover\n>p1 move seismictoss\n>p2 move recover\n>forcelose p2", "uploadtime": 1781463628, "views": 9, "formatid": "gen9randombattle", "rating": null, "private": 0, "password": null}