{"id": "gen9randombattle-2631469203", "format": "[Gen 9] Random Battle", "players": ["duuhhao", "iaremoose"], "log": "|j|\u2606duuhhao\n|j|\u2606iaremoose\n|t:|1781388592\n|gametype|singles\n|player|p1|duuhhao|clair|2265\n|player|p2|iaremoose|acetrainerf-gen4|2279\n|gen|9\n|tier|[Gen 9] Random Battle\n|rated|\n|rule|Species Clause: Limit one of each Pok\u00e9mon\n|rule|HP Percentage Mod: HP is shown in percentages\n|rule|Sleep Clause Mod: Limit one foe put to sleep\n|rule|Illusion Level Mod: Illusion disguises the Pok\u00e9mon's true level\n|\n|t:|1781388592\n|teamsize|p1|6\n|teamsize|p2|6\n|start\n|switch|p1a: Deoxys|Deoxys-Attack, L72|191/191\n|switch|p2a: Magearna|Magearna-Original, L77|250/250\n|-ability|p1a: Deoxys|Pressure\n|turn|1\n|\n|t:|1781388603\n|switch|p1a: Skarmory|Skarmory, L80, F|235/235\n|move|p2a: Magearna|Shift Gear|p2a: Magearna\n|-boost|p2a: Magearna|spe|2\n|-boost|p2a: Magearna|atk|1\n|\n|upkeep\n|turn|2\n|\n|t:|1781388609\n|switch|p2a: Galvantula|Galvantula, L82, F|249/249\n|move|p1a: Skarmory|Spikes|p2a: Galvantula\n|-sidestart|p2: iaremoose|Spikes\n|\n|upkeep\n|turn|3\n|\n|t:|1781388615\n|switch|p1a: Arceus|Arceus-Fire, L72|291/291\n|move|p2a: Galvantula|Sticky Web|p1a: Arceus\n|-sidestart|p1: duuhhao|move: Sticky Web\n|\n|upkeep\n|turn|4\n|\n|t:|1781388628\n|move|p2a: Galvantula|Thunder|p1a: Arceus\n|-damage|p1a: Arceus|186/291\n|move|p1a: Arceus|Judgment|p2a: Galvantula\n|-supereffective|p2a: Galvantula\n|-damage|p2a: Galvantula|0 fnt\n|faint|p2a: Galvantula\n|\n|upkeep\n|\n|t:|1781388647\n|switch|p2a: Dodrio|Dodrio, L85, F|241/241\n|turn|5\n|\n|t:|1781388652\n|switch|p1a: Skarmory|Skarmory, L80, F|235/235\n|move|p2a: Dodrio|Swords Dance|p2a: Dodrio\n|-boost|p2a: Dodrio|atk|2\n|\n|upkeep\n|turn|6\n|\n|t:|1781388656\n|switch|p2a: Cinderace|Cinderace, L77, F|250/250\n|move|p1a: Skarmory|Whirlwind|p2a: Cinderace\n|drag|p2a: Magearna|Magearna-Original, L77|250/250\n|-damage|p2a: Magearna|219/250|[from] Spikes\n|\n|upkeep\n|turn|7\n|\n|t:|1781388665\n|switch|p2a: Vileplume|Vileplume, L85, M|266/266\n|-damage|p2a: Vileplume|233/266|[from] Spikes\n|move|p1a: Skarmory|Spikes|p2a: Vileplume\n|-sidestart|p2: iaremoose|Spikes\n|\n|-heal|p2a: Vileplume|249/266|[from] item: Leftovers\n|upkeep\n|turn|8\n|\n|t:|1781388668\n|move|p1a: Skarmory|Brave Bird|p2a: Vileplume\n|-supereffective|p2a: Vileplume\n|-damage|p2a: Vileplume|27/266\n|-damage|p1a: Skarmory|162/235|[from] Recoil\n|move|p2a: Vileplume|Leech Seed|p1a: Skarmory|[miss]\n|-miss|p2a: Vileplume|p1a: Skarmory\n|\n|-heal|p1a: Skarmory|176/235|[from] item: Leftovers\n|-heal|p2a: Vileplume|43/266|[from] item: Leftovers\n|upkeep\n|turn|9\n|\n|t:|1781388674\n|move|p1a: Skarmory|Brave Bird|p2a: Vileplume\n|-supereffective|p2a: Vileplume\n|-damage|p2a: Vileplume|0 fnt\n|faint|p2a: Vileplume\n|-damage|p1a: Skarmory|162/235|[from] Recoil\n|\n|-heal|p1a: Skarmory|176/235|[from] item: Leftovers\n|upkeep\n|\n|t:|1781388678\n|switch|p2a: Cinderace|Cinderace, L77, F|250/250\n|turn|10\n|\n|t:|1781388684\n|switch|p1a: Cresselia|Cresselia, L80, F|323/323\n|move|p2a: Cinderace|Pyro Ball|p1a: Cresselia\n|-damage|p1a: Cresselia|211/323\n|-status|p1a: Cresselia|brn\n|\n|-heal|p1a: Cresselia|231/323 brn|[from] item: Leftovers\n|-damage|p1a: Cresselia|211/323 brn|[from] brn\n|upkeep\n|turn|11\n|\n|t:|1781388690\n|move|p2a: Cinderace|U-turn|p1a: Cresselia\n|-start|p2a: Cinderace|typechange|Bug|[from] ability: Libero\n|-supereffective|p1a: Cresselia\n|-damage|p1a: Cresselia|83/323 brn\n|\n|t:|1781388699\n|switch|p2a: Magearna|Magearna-Original, L77|219/250|[from] U-turn\n|-damage|p2a: Magearna|178/250|[from] Spikes\n|move|p1a: Cresselia|Psyshock|p2a: Magearna\n|-resisted|p2a: Magearna\n|-damage|p2a: Magearna|149/250\n|\n|-heal|p1a: Cresselia|103/323 brn|[from] item: Leftovers\n|-damage|p1a: Cresselia|83/323 brn|[from] brn\n|upkeep\n|turn|12\n|\n|t:|1781388704\n|move|p1a: Cresselia|Moonlight|p1a: Cresselia\n|-heal|p1a: Cresselia|244/323 brn\n|move|p2a: Magearna|Shift Gear|p2a: Magearna\n|-boost|p2a: Magearna|spe|2\n|-boost|p2a: Magearna|atk|1\n|\n|-heal|p1a: Cresselia|264/323 brn|[from] item: Leftovers\n|-damage|p1a: Cresselia|244/323 brn|[from] brn\n|upkeep\n|turn|13\n|\n|t:|1781388707\n|switch|p1a: Skarmory|Skarmory, L80, F|176/235\n|move|p2a: Magearna|Shift Gear|p2a: Magearna\n|-boost|p2a: Magearna|spe|2\n|-boost|p2a: Magearna|atk|1\n|\n|-heal|p1a: Skarmory|190/235|[from] item: Leftovers\n|upkeep\n|turn|14\n|\n|t:|1781388710\n|move|p2a: Magearna|Iron Head|p1a: Skarmory\n|-resisted|p1a: Skarmory\n|-damage|p1a: Skarmory|142/235\n|move|p1a: Skarmory|Spikes|p2a: Magearna\n|-sidestart|p2: iaremoose|Spikes\n|\n|-heal|p1a: Skarmory|156/235|[from] item: Leftovers\n|upkeep\n|turn|15\n|\n|t:|1781388717\n|move|p2a: Magearna|Iron Head|p1a: Skarmory\n|-resisted|p1a: Skarmory\n|-damage|p1a: Skarmory|102/235\n|move|p1a: Skarmory|Brave Bird|p2a: Magearna\n|-resisted|p2a: Magearna\n|-damage|p2a: Magearna|102/250\n|-damage|p1a: Skarmory|86/235|[from] Recoil\n|\n|-heal|p1a: Skarmory|100/235|[from] item: Leftovers\n|upkeep\n|turn|16\n|\n|t:|1781388720\n|move|p2a: Magearna|Shift Gear|p2a: Magearna\n|-boost|p2a: Magearna|spe|2\n|-boost|p2a: Magearna|atk|1\n|move|p1a: Skarmory|Roost|p1a: Skarmory\n|-heal|p1a: Skarmory|218/235\n|-singleturn|p1a: Skarmory|move: Roost\n|\n|-heal|p1a: Skarmory|232/235|[from] item: Leftovers\n|upkeep\n|turn|17\n|\n|t:|1781388722\n|move|p2a: Magearna|Iron Head|p1a: Skarmory\n|-resisted|p1a: Skarmory\n|-damage|p1a: Skarmory|169/235\n|move|p1a: Skarmory|Whirlwind|p2a: Magearna\n|drag|p2a: Chimecho|Chimecho, L93, M|290/290\n|\n|-heal|p1a: Skarmory|183/235|[from] item: Leftovers\n|upkeep\n|turn|18\n|\n|t:|1781388733\n|switch|p2a: Cinderace|Cinderace, L77, F|250/250\n|switch|p1a: Deoxys|Deoxys-Attack, L72|191/191\n|-activate|p1a: Deoxys|move: Sticky Web\n|-unboost|p1a: Deoxys|spe|1\n|-ability|p1a: Deoxys|Pressure\n|\n|upkeep\n|turn|19\n|\n|t:|1781388751\n|switch|p1a: Cresselia|Cresselia, L80, F|244/323 brn\n|move|p2a: Cinderace|U-turn|p1a: Cresselia\n|-start|p2a: Cinderace|typechange|Bug|[from] ability: Libero\n|-supereffective|p1a: Cresselia\n|-damage|p1a: Cresselia|112/323 brn\n|\n|t:|1781388754\n|switch|p2a: Dodrio|Dodrio, L85, F|241/241|[from] U-turn\n|\n|-heal|p1a: Cresselia|132/323 brn|[from] item: Leftovers\n|-damage|p1a: Cresselia|112/323 brn|[from] brn\n|upkeep\n|turn|20\n|\n|t:|1781388757\n|move|p2a: Dodrio|Swords Dance|p2a: Dodrio\n|-boost|p2a: Dodrio|atk|2\n|move|p1a: Cresselia|Psyshock|p2a: Dodrio\n|-damage|p2a: Dodrio|171/241\n|\n|-heal|p1a: Cresselia|132/323 brn|[from] item: Leftovers\n|-damage|p1a: Cresselia|112/323 brn|[from] brn\n|upkeep\n|turn|21\n|\n|t:|1781388760\n|move|p2a: Dodrio|Swords Dance|p2a: Dodrio\n|-boost|p2a: Dodrio|atk|2\n|move|p1a: Cresselia|Psyshock|p2a: Dodrio\n|-damage|p2a: Dodrio|92/241\n|\n|-heal|p1a: Cresselia|132/323 brn|[from] item: Leftovers\n|-damage|p1a: Cresselia|112/323 brn|[from] brn\n|upkeep\n|turn|22\n|\n|t:|1781388762\n|move|p2a: Dodrio|Brave Bird|p1a: Cresselia\n|-damage|p1a: Cresselia|0 fnt\n|faint|p1a: Cresselia\n|-damage|p2a: Dodrio|55/241|[from] Recoil\n|\n|upkeep\n|\n|t:|1781388768\n|switch|p1a: Skarmory|Skarmory, L80, F|183/235\n|turn|23\n|\n|t:|1781388776\n|switch|p1a: Ogerpon|Ogerpon-Hearthflame, L74, F|239/239\n|-activate|p1a: Ogerpon|move: Sticky Web\n|-unboost|p1a: Ogerpon|spe|1\n|-ability|p1a: Ogerpon|Mold Breaker\n|move|p2a: Dodrio|Brave Bird|p1a: Ogerpon\n|-supereffective|p1a: Ogerpon\n|-damage|p1a: Ogerpon|0 fnt\n|faint|p1a: Ogerpon\n|-damage|p2a: Dodrio|0 fnt|[from] Recoil\n|faint|p2a: Dodrio\n|\n|upkeep\n|\n|t:|1781388792\n|switch|p2a: Cinderace|Cinderace, L77, F|250/250\n|switch|p1a: Arceus|Arceus-Fire, L72|186/291\n|-activate|p1a: Arceus|move: Sticky Web\n|-unboost|p1a: Arceus|spe|1\n|turn|24\n|\n|t:|1781388796\n|move|p2a: Cinderace|Court Change|p2a: Cinderace\n|-start|p2a: Cinderace|typechange|Normal|[from] ability: Libero\n|-swapsideconditions\n|-activate|p2a: Cinderace|move: Court Change\n|move|p1a: Arceus|Recover|p1a: Arceus\n|-heal|p1a: Arceus|291/291\n|\n|upkeep\n|turn|25\n|\n|t:|1781388805\n|move|p2a: Cinderace|U-turn|p1a: Arceus\n|-resisted|p1a: Arceus\n|-damage|p1a: Arceus|269/291\n|\n|t:|1781388806\n|switch|p2a: Magearna|Magearna-Original, L77|102/250|[from] U-turn\n|-activate|p2a: Magearna|move: Sticky Web\n|-unboost|p2a: Magearna|spe|1\n|move|p1a: Arceus|Judgment|p2a: Magearna\n|-supereffective|p2a: Magearna\n|-damage|p2a: Magearna|0 fnt\n|faint|p2a: Magearna\n|\n|upkeep\n|\n|t:|1781388808\n|switch|p2a: Chimecho|Chimecho, L93, M|290/290\n|turn|26\n|\n|t:|1781388812\n|move|p2a: Chimecho|Calm Mind|p2a: Chimecho\n|-boost|p2a: Chimecho|spa|1\n|-boost|p2a: Chimecho|spd|1\n|move|p1a: Arceus|Calm Mind|p1a: Arceus\n|-boost|p1a: Arceus|spa|1\n|-boost|p1a: Arceus|spd|1\n|\n|upkeep\n|turn|27\n|\n|t:|1781388816\n|switch|p1a: Deoxys|Deoxys-Attack, L72|191/191\n|-damage|p1a: Deoxys|144/191|[from] Spikes\n|-ability|p1a: Deoxys|Pressure\n|move|p2a: Chimecho|Calm Mind|p2a: Chimecho\n|-boost|p2a: Chimecho|spa|1\n|-boost|p2a: Chimecho|spd|1\n|\n|upkeep\n|turn|28\n|\n|t:|1781388824\n|-terastallize|p1a: Deoxys|Dark\n|-terastallize|p2a: Chimecho|Poison\n|move|p1a: Deoxys|Knock Off|p2a: Chimecho\n|-damage|p2a: Chimecho|133/290\n|-enditem|p2a: Chimecho|Leftovers|[from] move: Knock Off|[of] p1a: Deoxys\n|-damage|p1a: Deoxys|125/191|[from] item: Life Orb\n|move|p2a: Chimecho|Dazzling Gleam|p1a: Deoxys\n|-supereffective|p1a: Deoxys\n|-damage|p1a: Deoxys|0 fnt\n|faint|p1a: Deoxys\n|\n|upkeep\n|\n|t:|1781388842\n|switch|p1a: Skarmory|Skarmory, L80, F|183/235\n|turn|29\n|\n|t:|1781388848\n|move|p2a: Chimecho|Recover|p2a: Chimecho\n|-heal|p2a: Chimecho|278/290\n|move|p1a: Skarmory|Whirlwind|p2a: Chimecho\n|drag|p2a: Cinderace|Cinderace, L77, F|250/250\n|\n|-heal|p1a: Skarmory|197/235|[from] item: Leftovers\n|upkeep\n|turn|30\n|\n|t:|1781388857\n|move|p2a: Cinderace|Pyro Ball|p1a: Skarmory|[miss]\n|-miss|p2a: Cinderace|p1a: Skarmory\n|move|p1a: Skarmory|Brave Bird|p2a: Cinderace\n|-damage|p2a: Cinderace|129/250\n|-damage|p1a: Skarmory|157/235|[from] Recoil\n|\n|-heal|p1a: Skarmory|171/235|[from] item: Leftovers\n|upkeep\n|turn|31\n|\n|t:|1781388860\n|move|p2a: Cinderace|Pyro Ball|p1a: Skarmory\n|-supereffective|p1a: Skarmory\n|-damage|p1a: Skarmory|7/235\n|-status|p1a: Skarmory|brn\n|move|p1a: Skarmory|Brave Bird|p2a: Cinderace\n|-damage|p2a: Cinderace|66/250\n|-damage|p1a: Skarmory|0 fnt|[from] Recoil\n|faint|p1a: Skarmory\n|\n|upkeep\n|\n|t:|1781388865\n|switch|p1a: Arceus|Arceus-Fire, L72|269/291\n|-damage|p1a: Arceus|197/291|[from] Spikes\n|turn|32\n|\n|t:|1781388871\n|move|p2a: Cinderace|U-turn|p1a: Arceus\n|-start|p2a: Cinderace|typechange|Bug|[from] ability: Libero\n|-resisted|p1a: Arceus\n|-crit|p1a: Arceus\n|-damage|p1a: Arceus|150/291\n|\n|t:|1781388873\n|switch|p2a: Chimecho|Chimecho, L93, M, tera:Poison|278/290|[from] U-turn\n|move|p1a: Arceus|Judgment|p2a: Chimecho\n|-damage|p2a: Chimecho|176/290\n|\n|upkeep\n|turn|33\n|\n|t:|1781388875\n|switch|p1a: Gogoat|Gogoat, L88, M|360/360\n|-damage|p1a: Gogoat|270/360|[from] Spikes\n|move|p2a: Chimecho|Calm Mind|p2a: Chimecho\n|-boost|p2a: Chimecho|spa|1\n|-boost|p2a: Chimecho|spd|1\n|\n|-heal|p1a: Gogoat|292/360|[from] item: Leftovers\n|upkeep\n|turn|34\n|-message|duuhhao forfeited.\n|\n|win|iaremoose\n", "inputlog": ">version a8376a258c1d4662feba110a92103f3664a72141\n>start {\"formatid\":\"gen9randombattle\",\"seed\":\"sodium,cbe8705d5af4045ebf2fefa83bc990ee\",\"rated\":\"Rated battle\"}\n>player p1 {\"name\":\"duuhhao\",\"avatar\":\"clair\",\"rating\":2265,\"seed\":\"sodium,c9968ebb3030ef34230a771cca1729f9\"}\n>player p2 {\"name\":\"iaremoose\",\"avatar\":\"acetrainerf-gen4\",\"rating\":2279,\"seed\":\"sodium,d3c35479887cb3d75623ea03a245036e\"}\n>p1 switch 6\n>p2 move shiftgear\n>p1 move spikes\n>p2 switch 4\n>p1 switch 2\n>p2 move stickyweb\n>p1 move judgment\n>p2 move thunder\n>p2 switch 5\n>p1 switch 2\n>p2 move swordsdance\n>p1 move whirlwind\n>p2 switch 3\n>p1 move spikes\n>p2 switch 6\n>p1 move bravebird\n>p2 move leechseed\n>p1 move bravebird\n>p2 move strengthsap\n>p2 switch 4\n>p1 switch 5\n>p2 move pyroball\n>p1 move psyshock\n>p2 move uturn\n>p2 switch 6\n>p1 move moonlight\n>p2 move shiftgear\n>p1 switch 5\n>p2 move shiftgear\n>p1 move spikes\n>p2 move ironhead\n>p1 move bravebird\n>p2 move ironhead\n>p1 move roost\n>p2 move shiftgear\n>p1 move whirlwind\n>p2 move ironhead\n>p1 switch 6\n>p2 switch 6\n>p1 switch 5\n>p2 move uturn\n>p2 switch 3\n>p1 move psyshock\n>p2 move swordsdance\n>p1 move psyshock\n>p2 move swordsdance\n>p1 move psyshock\n>p2 move bravebird\n>p1 switch 6\n>p1 switch 4\n>p2 move bravebird\n>p1 switch 2\n>p2 switch 3\n>p1 move recover\n>p2 move courtchange\n>p1 move judgment\n>p2 move uturn\n>p2 switch 2\n>p2 switch 6\n>p1 move calmmind\n>p2 move calmmind\n>p1 switch 5\n>p2 move calmmind\n>p1 move knockoff terastallize\n>p2 move dazzlinggleam terastallize\n>p1 switch 4\n>p1 move whirlwind\n>p2 move recover\n>p1 move bravebird\n>p2 move pyroball\n>p1 move bravebird\n>p2 move pyroball\n>p1 switch 5\n>p1 move judgment\n>p2 move uturn\n>p2 switch 2\n>p1 switch 3\n>p2 move calmmind\n>forcelose p1", "uploadtime": 1781388594, "views": 5, "formatid": "gen9randombattle", "rating": null, "private": 0, "password": null}