{"id": "gen9randombattle-2631401097", "format": "[Gen 9] Random Battle", "players": ["Zabalilla", "RainbowRoxy890"], "log": "|j|\u2606Zabalilla\n|j|\u2606RainbowRoxy890\n|t:|1781380217\n|gametype|singles\n|player|p1|Zabalilla|170|2084\n|player|p2|RainbowRoxy890|169|2046\n|gen|9\n|tier|[Gen 9] Random Battle\n|rated|\n|rule|Species Clause: Limit one of each Pok\u00e9mon\n|rule|HP Percentage Mod: HP is shown in percentages\n|rule|Sleep Clause Mod: Limit one foe put to sleep\n|rule|Illusion Level Mod: Illusion disguises the Pok\u00e9mon's true level\n|\n|t:|1781380217\n|teamsize|p1|6\n|teamsize|p2|6\n|start\n|switch|p1a: Breloom|Breloom, L83, F|235/235\n|switch|p2a: Venusaur|Venusaur, L84, M|272/272\n|turn|1\n|inactive|Battle timer is ON: inactive players will automatically lose when time's up. (requested by RainbowRoxy890)\n|\n|t:|1781380226\n|move|p2a: Venusaur|Sludge Bomb|p1a: Breloom\n|-supereffective|p1a: Breloom\n|-damage|p1a: Breloom|0 fnt\n|faint|p1a: Breloom\n|\n|upkeep\n|\n|t:|1781380229\n|switch|p1a: Kleavor|Kleavor, L78, F|237/237\n|turn|2\n|\n|t:|1781380244\n|move|p1a: Kleavor|Stone Axe|p2a: Venusaur\n|-damage|p2a: Venusaur|157/272\n|-sidestart|p2: RainbowRoxy890|move: Stealth Rock\n|move|p2a: Venusaur|Toxic|p1a: Kleavor\n|-status|p1a: Kleavor|tox\n|\n|-heal|p2a: Venusaur|174/272|[from] item: Leftovers\n|-damage|p1a: Kleavor|223/237 tox|[from] psn\n|upkeep\n|turn|3\n|\n|t:|1781380249\n|switch|p1a: Garganacl|Garganacl, L80, M|291/291\n|move|p2a: Venusaur|Synthesis|p2a: Venusaur\n|-heal|p2a: Venusaur|272/272\n|\n|upkeep\n|turn|4\n|\n|t:|1781380255\n|switch|p2a: Magmortar|Magmortar, L88, F|275/275\n|move|p1a: Garganacl|Salt Cure|p2a: Magmortar\n|-supereffective|p2a: Magmortar\n|-damage|p2a: Magmortar|183/275\n|-start|p2a: Magmortar|Salt Cure\n|\n|-damage|p2a: Magmortar|149/275|[from] Salt Cure\n|upkeep\n|turn|5\n|\n|t:|1781380260\n|switch|p1a: Mimikyu|Mimikyu, L79, F|216/216\n|move|p2a: Magmortar|Focus Blast|p1a: Mimikyu\n|-immune|p1a: Mimikyu\n|\n|-damage|p2a: Magmortar|115/275|[from] Salt Cure\n|upkeep\n|turn|6\n|\n|t:|1781380263\n|move|p1a: Mimikyu|Swords Dance|p1a: Mimikyu\n|-boost|p1a: Mimikyu|atk|2\n|move|p2a: Magmortar|Thunderbolt|p1a: Mimikyu\n|-activate|p1a: Mimikyu|ability: Disguise\n|-damage|p1a: Mimikyu|216/216\n|detailschange|p1a: Mimikyu|Mimikyu-Busted, L79, F\n|-damage|p1a: Mimikyu|189/216|[from] pokemon: Mimikyu-Busted\n|\n|-damage|p2a: Magmortar|81/275|[from] Salt Cure\n|upkeep\n|turn|7\n|\n|t:|1781380273\n|move|p1a: Mimikyu|Shadow Claw|p2a: Magmortar\n|-damage|p2a: Magmortar|0 fnt\n|faint|p2a: Magmortar\n|-damage|p1a: Mimikyu|168/216|[from] item: Life Orb\n|\n|upkeep\n|\n|t:|1781380275\n|switch|p2a: Scizor|Scizor, L79, M|240/240\n|-damage|p2a: Scizor|210/240|[from] Stealth Rock\n|turn|8\n|\n|t:|1781380278\n|move|p2a: Scizor|Bullet Punch|p1a: Mimikyu\n|-supereffective|p1a: Mimikyu\n|-damage|p1a: Mimikyu|0 fnt\n|faint|p1a: Mimikyu\n|-damage|p2a: Scizor|186/240|[from] item: Life Orb\n|\n|upkeep\n|\n|t:|1781380287\n|switch|p1a: Groudon|Groudon, L72|263/263\n|-weather|SunnyDay|[from] ability: Drought|[of] p1a: Groudon\n|turn|9\n|\n|t:|1781380300\n|switch|p2a: Typhlosion|Typhlosion-Hisui, L83, M|257/257\n|move|p1a: Groudon|Swords Dance|p1a: Groudon\n|-boost|p1a: Groudon|atk|2\n|\n|-weather|SunnyDay|[upkeep]\n|upkeep\n|turn|10\n|\n|t:|1781380305\n|-terastallize|p1a: Groudon|Fire\n|move|p2a: Typhlosion|Fire Blast|p1a: Groudon\n|-resisted|p1a: Groudon\n|-damage|p1a: Groudon|150/263\n|move|p1a: Groudon|Precipice Blades|p2a: Typhlosion\n|-supereffective|p2a: Typhlosion\n|-damage|p2a: Typhlosion|0 fnt\n|faint|p2a: Typhlosion\n|\n|-weather|SunnyDay|[upkeep]\n|-heal|p1a: Groudon|166/263|[from] item: Leftovers\n|upkeep\n|\n|t:|1781380311\n|switch|p2a: Venusaur|Venusaur, L84, M|272/272\n|-damage|p2a: Venusaur|238/272|[from] Stealth Rock\n|turn|11\n|\n|t:|1781380313\n|move|p2a: Venusaur|Sludge Bomb|p1a: Groudon\n|-damage|p1a: Groudon|63/263\n|-status|p1a: Groudon|psn\n|move|p1a: Groudon|Heat Crash|p2a: Venusaur\n|-supereffective|p2a: Venusaur\n|-damage|p2a: Venusaur|0 fnt\n|faint|p2a: Venusaur\n|\n|-weather|SunnyDay|[upkeep]\n|-heal|p1a: Groudon|79/263 psn|[from] item: Leftovers\n|-damage|p1a: Groudon|47/263 psn|[from] psn\n|upkeep\n|\n|t:|1781380322\n|switch|p2a: Scizor|Scizor, L79, M|186/240\n|-damage|p2a: Scizor|156/240|[from] Stealth Rock\n|turn|12\n|\n|t:|1781380325\n|-terastallize|p2a: Scizor|Steel\n|move|p2a: Scizor|Bullet Punch|p1a: Groudon\n|-resisted|p1a: Groudon\n|-damage|p1a: Groudon|0 fnt\n|faint|p1a: Groudon\n|-damage|p2a: Scizor|132/240|[from] item: Life Orb\n|\n|-weather|SunnyDay|[upkeep]\n|upkeep\n|\n|t:|1781380327\n|switch|p1a: Toucannon|Toucannon, L88, M|284/284\n|turn|13\n|\n|t:|1781380329\n|switch|p2a: Pecharunt|Pecharunt, L77|262/262\n|-damage|p2a: Pecharunt|230/262|[from] Stealth Rock\n|-singleturn|p1a: Toucannon|move: Beak Blast\n|move|p1a: Toucannon|Beak Blast|p2a: Pecharunt\n|-damage|p2a: Pecharunt|133/262\n|\n|-weather|none\n|upkeep\n|turn|14\n|\n|t:|1781380336\n|switch|p1a: Garganacl|Garganacl, L80, M|291/291\n|move|p2a: Pecharunt|Recover|p2a: Pecharunt\n|-heal|p2a: Pecharunt|262/262\n|\n|upkeep\n|turn|15\n|\n|t:|1781380339\n|switch|p2a: Espeon|Espeon, L84, M|246/246\n|-damage|p2a: Espeon|216/246|[from] Stealth Rock\n|move|p1a: Garganacl|Iron Defense|p1a: Garganacl\n|-boost|p1a: Garganacl|def|2\n|\n|upkeep\n|turn|16\n|\n|t:|1781380343\n|move|p2a: Espeon|Trick|p1a: Garganacl\n|-activate|p2a: Espeon|move: Trick|[of] p1a: Garganacl\n|-item|p1a: Garganacl|Choice Specs|[from] move: Trick\n|-item|p2a: Espeon|Leftovers|[from] move: Trick\n|move|p1a: Garganacl|Iron Defense|p1a: Garganacl\n|-boost|p1a: Garganacl|def|2\n|\n|-heal|p2a: Espeon|231/246|[from] item: Leftovers\n|upkeep\n|turn|17\n|\n|t:|1781380348\n|switch|p1a: Kleavor|Kleavor, L78, F|223/237 tox\n|move|p2a: Espeon|Psyshock|p1a: Kleavor\n|-damage|p1a: Kleavor|115/237 tox\n|\n|-heal|p2a: Espeon|246/246|[from] item: Leftovers\n|-damage|p1a: Kleavor|101/237 tox|[from] psn\n|upkeep\n|turn|18\n|\n|t:|1781380353\n|move|p1a: Kleavor|U-turn|p2a: Espeon\n|-supereffective|p2a: Espeon\n|-damage|p2a: Espeon|12/246\n|\n|t:|1781380355\n|switch|p1a: Garganacl|Garganacl, L80, M|291/291|[from] U-turn\n|move|p2a: Espeon|Psyshock|p1a: Garganacl\n|-damage|p1a: Garganacl|203/291\n|\n|-heal|p2a: Espeon|27/246|[from] item: Leftovers\n|upkeep\n|turn|19\n|\n|t:|1781380358\n|move|p2a: Espeon|Alluring Voice|p1a: Garganacl\n|-damage|p1a: Garganacl|129/291\n|move|p1a: Garganacl|Salt Cure|p2a: Espeon\n|-damage|p2a: Espeon|0 fnt\n|faint|p2a: Espeon\n|\n|upkeep\n|\n|t:|1781380362\n|switch|p2a: Scizor|Scizor, L79, M, tera:Steel|132/240\n|-damage|p2a: Scizor|117/240|[from] Stealth Rock\n|turn|20\n|\n|t:|1781380365\n|switch|p1a: Toucannon|Toucannon, L88, M|284/284\n|move|p2a: Scizor|Bullet Punch|p1a: Toucannon\n|-damage|p1a: Toucannon|159/284\n|-damage|p2a: Scizor|93/240|[from] item: Life Orb\n|\n|upkeep\n|turn|21\n|\n|t:|1781380369\n|switch|p2a: Pecharunt|Pecharunt, L77|262/262\n|-damage|p2a: Pecharunt|230/262|[from] Stealth Rock\n|-singleturn|p1a: Toucannon|move: Beak Blast\n|move|p1a: Toucannon|Beak Blast|p2a: Pecharunt\n|-damage|p2a: Pecharunt|136/262\n|\n|upkeep\n|turn|22\n|\n|t:|1781380374\n|switch|p1a: Garganacl|Garganacl, L80, M|129/291\n|move|p2a: Pecharunt|Recover|p2a: Pecharunt\n|-heal|p2a: Pecharunt|262/262\n|\n|upkeep\n|turn|23\n|\n|t:|1781380377\n|move|p2a: Pecharunt|Shadow Ball|p1a: Garganacl\n|-damage|p1a: Garganacl|93/291\n|move|p1a: Garganacl|Salt Cure|p2a: Pecharunt\n|-damage|p2a: Pecharunt|237/262\n|-start|p2a: Pecharunt|Salt Cure\n|\n|-damage|p2a: Pecharunt|205/262|[from] Salt Cure\n|upkeep\n|turn|24\n|\n|t:|1781380382\n|switch|p1a: Toucannon|Toucannon, L88, M|159/284\n|move|p2a: Pecharunt|Malignant Chain|p1a: Toucannon\n|-damage|p1a: Toucannon|71/284\n|\n|-damage|p2a: Pecharunt|173/262|[from] Salt Cure\n|upkeep\n|turn|25\n|\n|t:|1781380387\n|switch|p1a: Kleavor|Kleavor, L78, F|101/237 tox\n|move|p2a: Pecharunt|Malignant Chain|p1a: Kleavor\n|-resisted|p1a: Kleavor\n|-damage|p1a: Kleavor|53/237 tox\n|\n|-damage|p1a: Kleavor|39/237 tox|[from] psn\n|-damage|p2a: Pecharunt|141/262|[from] Salt Cure\n|upkeep\n|turn|26\n|\n|t:|1781380392\n|move|p1a: Kleavor|X-Scissor|p2a: Pecharunt\n|-resisted|p2a: Pecharunt\n|-damage|p2a: Pecharunt|116/262\n|-damage|p1a: Kleavor|0 fnt|[from] item: Rocky Helmet|[of] p2a: Pecharunt\n|faint|p1a: Kleavor\n|move|p2a: Pecharunt|Shadow Ball|p1: Kleavor|[notarget]\n|-fail|p2a: Pecharunt\n|\n|-damage|p2a: Pecharunt|84/262|[from] Salt Cure\n|upkeep\n|\n|t:|1781380396\n|switch|p1a: Garganacl|Garganacl, L80, M|93/291\n|turn|27\n|\n|t:|1781380399\n|move|p2a: Pecharunt|Recover|p2a: Pecharunt\n|-heal|p2a: Pecharunt|215/262\n|move|p1a: Garganacl|Recover|p1a: Garganacl\n|-heal|p1a: Garganacl|239/291\n|\n|-damage|p2a: Pecharunt|183/262|[from] Salt Cure\n|upkeep\n|turn|28\n|\n|t:|1781380405\n|switch|p1a: Toucannon|Toucannon, L88, M|71/284\n|move|p2a: Pecharunt|Malignant Chain|p1a: Toucannon\n|-damage|p1a: Toucannon|0 fnt\n|faint|p1a: Toucannon\n|\n|-damage|p2a: Pecharunt|151/262|[from] Salt Cure\n|upkeep\n|\n|t:|1781380407\n|switch|p1a: Garganacl|Garganacl, L80, M|239/291\n|turn|29\n|\n|t:|1781380412\n|move|p2a: Pecharunt|Shadow Ball|p1a: Garganacl\n|-damage|p1a: Garganacl|205/291\n|move|p1a: Garganacl|Salt Cure|p2a: Pecharunt\n|-damage|p2a: Pecharunt|123/262\n|\n|-damage|p2a: Pecharunt|91/262|[from] Salt Cure\n|upkeep\n|turn|30\n|\n|t:|1781380414\n|move|p2a: Pecharunt|Recover|p2a: Pecharunt\n|-heal|p2a: Pecharunt|222/262\n|move|p1a: Garganacl|Salt Cure|p2a: Pecharunt\n|-damage|p2a: Pecharunt|194/262\n|\n|-damage|p2a: Pecharunt|162/262|[from] Salt Cure\n|upkeep\n|turn|31\n|\n|t:|1781380416\n|move|p2a: Pecharunt|Shadow Ball|p1a: Garganacl\n|-damage|p1a: Garganacl|168/291\n|move|p1a: Garganacl|Salt Cure|p2a: Pecharunt\n|-damage|p2a: Pecharunt|135/262\n|\n|-damage|p2a: Pecharunt|103/262|[from] Salt Cure\n|upkeep\n|turn|32\n|\n|t:|1781380419\n|move|p2a: Pecharunt|Recover|p2a: Pecharunt\n|-heal|p2a: Pecharunt|234/262\n|move|p1a: Garganacl|Salt Cure|p2a: Pecharunt\n|-damage|p2a: Pecharunt|204/262\n|\n|-damage|p2a: Pecharunt|172/262|[from] Salt Cure\n|upkeep\n|turn|33\n|\n|t:|1781380421\n|move|p2a: Pecharunt|Shadow Ball|p1a: Garganacl\n|-damage|p1a: Garganacl|134/291\n|move|p1a: Garganacl|Salt Cure|p2a: Pecharunt\n|-damage|p2a: Pecharunt|145/262\n|\n|-damage|p2a: Pecharunt|113/262|[from] Salt Cure\n|upkeep\n|turn|34\n|\n|t:|1781380424\n|move|p2a: Pecharunt|Recover|p2a: Pecharunt\n|-heal|p2a: Pecharunt|244/262\n|move|p1a: Garganacl|Salt Cure|p2a: Pecharunt\n|-damage|p2a: Pecharunt|214/262\n|\n|-damage|p2a: Pecharunt|182/262|[from] Salt Cure\n|upkeep\n|turn|35\n|\n|t:|1781380426\n|move|p2a: Pecharunt|Shadow Ball|p1a: Garganacl\n|-damage|p1a: Garganacl|98/291\n|move|p1a: Garganacl|Salt Cure|p2a: Pecharunt\n|-damage|p2a: Pecharunt|154/262\n|\n|-damage|p2a: Pecharunt|122/262|[from] Salt Cure\n|upkeep\n|turn|36\n|\n|t:|1781380429\n|move|p2a: Pecharunt|Recover|p2a: Pecharunt\n|-heal|p2a: Pecharunt|253/262\n|move|p1a: Garganacl|Salt Cure|p2a: Pecharunt\n|-damage|p2a: Pecharunt|225/262\n|\n|-damage|p2a: Pecharunt|193/262|[from] Salt Cure\n|upkeep\n|turn|37\n|\n|t:|1781380431\n|move|p2a: Pecharunt|Shadow Ball|p1a: Garganacl\n|-damage|p1a: Garganacl|65/291\n|move|p1a: Garganacl|Salt Cure|p2a: Pecharunt\n|-damage|p2a: Pecharunt|163/262\n|\n|-damage|p2a: Pecharunt|131/262|[from] Salt Cure\n|upkeep\n|turn|38\n|\n|t:|1781380434\n|move|p2a: Pecharunt|Recover|p2a: Pecharunt\n|-heal|p2a: Pecharunt|262/262\n|move|p1a: Garganacl|Salt Cure|p2a: Pecharunt\n|-damage|p2a: Pecharunt|232/262\n|\n|-damage|p2a: Pecharunt|200/262|[from] Salt Cure\n|upkeep\n|turn|39\n|\n|t:|1781380435\n|move|p2a: Pecharunt|Shadow Ball|p1a: Garganacl\n|-damage|p1a: Garganacl|29/291\n|-unboost|p1a: Garganacl|spd|1\n|move|p1a: Garganacl|Salt Cure|p2a: Pecharunt\n|-damage|p2a: Pecharunt|170/262\n|\n|-damage|p2a: Pecharunt|138/262|[from] Salt Cure\n|upkeep\n|turn|40\n|\n|t:|1781380439\n|move|p2a: Pecharunt|Shadow Ball|p1a: Garganacl\n|-damage|p1a: Garganacl|0 fnt\n|faint|p1a: Garganacl\n|\n|win|RainbowRoxy890\n", "inputlog": ">version a8376a258c1d4662feba110a92103f3664a72141\n>start {\"formatid\":\"gen9randombattle\",\"seed\":\"sodium,64f0af1c809ef41a7af7fbbef5b3a0cc\",\"rated\":\"Rated battle\"}\n>player p1 {\"name\":\"Zabalilla\",\"avatar\":\"170\",\"rating\":2084,\"seed\":\"sodium,17fbdf21d9aed4cbdb47e087f8d94830\"}\n>player p2 {\"name\":\"RainbowRoxy890\",\"avatar\":\"169\",\"rating\":2046,\"seed\":\"sodium,0d9e7bb6a7f2a1f21be109c9d3e45500\"}\n>p1 move rocktomb\n>p2 move sludgebomb\n>p1 switch 4\n>p1 move stoneaxe\n>p2 move toxic\n>p1 switch 3\n>p2 move synthesis\n>p1 move saltcure\n>p2 switch 4\n>p1 switch 6\n>p2 move focusblast\n>p1 move swordsdance\n>p2 move thunderbolt\n>p1 move shadowclaw\n>p2 move fireblast\n>p2 switch 3\n>p1 move shadowclaw\n>p2 move bulletpunch\n>p1 switch 5\n>p1 move swordsdance\n>p2 switch 6\n>p1 move precipiceblades terastallize\n>p2 move fireblast\n>p2 switch 4\n>p1 move heatcrash\n>p2 move sludgebomb\n>p2 switch 6\n>p1 move heatcrash\n>p2 move bulletpunch terastallize\n>p1 switch 2\n>p1 move beakblast\n>p2 switch 2\n>p1 switch 6\n>p2 move recover\n>p1 move irondefense\n>p2 switch 5\n>p1 move irondefense\n>p2 move trick\n>p1 switch 3\n>p2 move psyshock\n>p1 move uturn\n>p2 move psyshock\n>p1 switch 3\n>p1 move saltcure\n>p2 move alluringvoice\n>p2 switch 2\n>p1 switch 6\n>p2 move bulletpunch\n>p1 move beakblast\n>p2 switch 5\n>p1 switch 6\n>p2 move recover\n>p1 move saltcure\n>p2 move shadowball\n>p1 switch 6\n>p2 move malignantchain\n>p1 switch 3\n>p2 move malignantchain\n>p1 move xscissor\n>p2 move shadowball\n>p1 switch 6\n>p1 move recover\n>p2 move recover\n>p1 switch 3\n>p2 move malignantchain\n>p1 switch 3\n>p1 move saltcure\n>p2 move shadowball\n>p1 move saltcure\n>p2 move recover\n>p1 move saltcure\n>p2 move shadowball\n>p1 move saltcure\n>p2 move recover\n>p1 move saltcure\n>p2 move shadowball\n>p1 move saltcure\n>p2 move recover\n>p1 move saltcure\n>p2 move shadowball\n>p1 move saltcure\n>p2 move recover\n>p1 move saltcure\n>p2 move shadowball\n>p1 move saltcure\n>p2 move recover\n>p1 move saltcure\n>p2 move shadowball\n>p1 move saltcure\n>p2 move shadowball", "uploadtime": 1781380219, "views": 10, "formatid": "gen9randombattle", "rating": null, "private": 0, "password": null}