{"id": "gen9randombattle-2632003754", "format": "[Gen 9] Random Battle", "players": ["Dghfff", "aceguy123"], "log": "|j|\u2606Dghfff\n|j|\u2606aceguy123\n|t:|1781464899\n|gametype|singles\n|player|p1|Dghfff|1|2101\n|player|p2|aceguy123|firebreather|2257\n|gen|9\n|tier|[Gen 9] Random Battle\n|rated|\n|rule|Species Clause: Limit one of each Pok\u00e9mon\n|rule|HP Percentage Mod: HP is shown in percentages\n|rule|Sleep Clause Mod: Limit one foe put to sleep\n|rule|Illusion Level Mod: Illusion disguises the Pok\u00e9mon's true level\n|\n|t:|1781464899\n|teamsize|p1|6\n|teamsize|p2|6\n|start\n|switch|p1a: Bellibolt|Bellibolt, L84, F|320/320\n|switch|p2a: Arceus|Arceus-Fighting, L70|284/284\n|turn|1\n|inactive|Battle timer is ON: inactive players will automatically lose when time's up. (requested by Dghfff)\n|\n|t:|1781464933\n|switch|p2a: Goodra|Goodra-Hisui, L82, F|265/265\n|switch|p1a: Froslass|Froslass, L87, F|263/263\n|\n|upkeep\n|turn|2\n|\n|t:|1781464938\n|move|p1a: Froslass|Will-O-Wisp|p2a: Goodra\n|-status|p2a: Goodra|brn\n|move|p2a: Goodra|Heavy Slam|p1a: Froslass\n|-supereffective|p1a: Froslass\n|-damage|p1a: Froslass|128/263\n|-start|p2a: Goodra|Disable|Heavy Slam|[from] ability: Cursed Body|[of] p1a: Froslass\n|\n|-damage|p2a: Goodra|249/265 brn|[from] brn\n|upkeep\n|turn|3\n|\n|t:|1781464947\n|move|p1a: Froslass|Triple Axel|p2a: Goodra\n|-damage|p2a: Goodra|233/265 brn\n|-damage|p2a: Goodra|197/265 brn\n|-damage|p2a: Goodra|140/265 brn\n|-hitcount|p2a: Goodra|3\n|move|p2a: Goodra|Fire Blast|p1a: Froslass|[miss]\n|-miss|p2a: Goodra|p1a: Froslass\n|\n|-damage|p2a: Goodra|124/265 brn|[from] brn\n|upkeep\n|turn|4\n|\n|t:|1781464956\n|move|p1a: Froslass|Triple Axel|p2a: Goodra\n|-damage|p2a: Goodra|106/265 brn\n|-damage|p2a: Goodra|69/265 brn\n|-crit|p2a: Goodra\n|-damage|p2a: Goodra|0 fnt\n|faint|p2a: Goodra\n|-hitcount|p2: Goodra|3\n|\n|upkeep\n|c|\u2606aceguy123|nope\n|\n|t:|1781464976\n|switch|p2a: Palkia|Palkia-Origin, L72|249/249\n|-ability|p2a: Palkia|Pressure\n|turn|5\n|\n|t:|1781464987\n|move|p1a: Froslass|Destiny Bond|p1a: Froslass\n|-singlemove|p1a: Froslass|Destiny Bond\n|move|p2a: Palkia|Spacial Rend|p1a: Froslass|[miss]\n|-miss|p2a: Palkia|p1a: Froslass\n|\n|upkeep\n|turn|6\n|\n|t:|1781464995\n|move|p1a: Froslass|Triple Axel|p2a: Palkia\n|-damage|p2a: Palkia|230/249\n|-damage|p2a: Palkia|187/249\n|-damage|p2a: Palkia|120/249\n|-hitcount|p2a: Palkia|3\n|move|p2a: Palkia|Thunder Wave|p1a: Froslass\n|-status|p1a: Froslass|par\n|\n|upkeep\n|turn|7\n|\n|t:|1781465005\n|switch|p1a: Blissey|Blissey, L85, F|572/572\n|move|p2a: Palkia|Spacial Rend|p1a: Blissey\n|-damage|p1a: Blissey|478/572\n|\n|-heal|p1a: Blissey|513/572|[from] item: Leftovers\n|upkeep\n|turn|8\n|\n|t:|1781465028\n|switch|p2a: Toucannon|Toucannon, L88, F|284/284\n|move|p1a: Blissey|Heal Bell|p1a: Blissey\n|-activate|p1a: Blissey|move: Heal Bell\n|-curestatus|p1: Froslass|par|[msg]\n|\n|-heal|p1a: Blissey|548/572|[from] item: Leftovers\n|upkeep\n|turn|9\n|\n|t:|1781465043\n|switch|p1a: Garchomp|Garchomp, L74, M|282/282\n|move|p2a: Toucannon|U-turn|p1a: Garchomp\n|-damage|p1a: Garchomp|213/282\n|-damage|p2a: Toucannon|249/284|[from] ability: Rough Skin|[of] p1a: Garchomp\n|inactive|aceguy123 has 120 seconds left.\n|\n|t:|1781465084\n|switch|p2a: Umbreon|Umbreon, L84, F|297/297|[from] U-turn\n|\n|upkeep\n|turn|10\n|\n|t:|1781465110\n|switch|p1a: Blissey|Blissey, L85, F|548/572\n|move|p2a: Umbreon|Toxic|p1a: Blissey\n|-status|p1a: Blissey|tox\n|\n|-heal|p1a: Blissey|572/572 tox|[from] item: Leftovers\n|-damage|p1a: Blissey|537/572 tox|[from] psn\n|upkeep\n|turn|11\n|\n|t:|1781465118\n|move|p2a: Umbreon|Protect|p2a: Umbreon\n|-singleturn|p2a: Umbreon|Protect\n|move|p1a: Blissey|Thunder Wave|p2a: Umbreon\n|-activate|p2a: Umbreon|move: Protect\n|\n|-heal|p1a: Blissey|572/572 tox|[from] item: Leftovers\n|-damage|p1a: Blissey|502/572 tox|[from] psn\n|upkeep\n|turn|12\n|\n|t:|1781465121\n|switch|p2a: Toucannon|Toucannon, L88, F|249/284\n|move|p1a: Blissey|Thunder Wave|p2a: Toucannon\n|-status|p2a: Toucannon|par\n|\n|-heal|p1a: Blissey|537/572 tox|[from] item: Leftovers\n|-damage|p1a: Blissey|432/572 tox|[from] psn\n|upkeep\n|turn|13\n|\n|t:|1781465127\n|-curestatus|p1a: Blissey|tox|[from] ability: Natural Cure|[silent]\n|switch|p1a: Garchomp|Garchomp, L74, M|213/282\n|move|p2a: Toucannon|U-turn|p1a: Garchomp\n|-damage|p1a: Garchomp|141/282\n|-damage|p2a: Toucannon|214/284 par|[from] ability: Rough Skin|[of] p1a: Garchomp\n|inactive|aceguy123 has 120 seconds left.\n|\n|t:|1781465150\n|switch|p2a: Umbreon|Umbreon, L84, F|297/297|[from] U-turn\n|\n|upkeep\n|turn|14\n|\n|t:|1781465154\n|switch|p1a: Blissey|Blissey, L85, F|432/572\n|move|p2a: Umbreon|Toxic|p1a: Blissey\n|-status|p1a: Blissey|tox\n|\n|-heal|p1a: Blissey|467/572 tox|[from] item: Leftovers\n|-damage|p1a: Blissey|432/572 tox|[from] psn\n|upkeep\n|turn|15\n|\n|t:|1781465172\n|move|p2a: Umbreon|Wish|p2a: Umbreon\n|move|p1a: Blissey|Heal Bell|p1a: Blissey\n|-activate|p1a: Blissey|move: Heal Bell\n|-curestatus|p1a: Blissey|tox|[msg]\n|\n|-heal|p1a: Blissey|467/572|[from] item: Leftovers\n|upkeep\n|turn|16\n|\n|t:|1781465180\n|move|p2a: Umbreon|Toxic|p1a: Blissey\n|-status|p1a: Blissey|tox\n|move|p1a: Blissey|Thunder Wave|p2a: Umbreon|[miss]\n|-miss|p1a: Blissey|p2a: Umbreon\n|\n|-heal|p1a: Blissey|502/572 tox|[from] item: Leftovers\n|-damage|p1a: Blissey|467/572 tox|[from] psn\n|upkeep\n|turn|17\n|\n|t:|1781465186\n|move|p2a: Umbreon|Wish|p2a: Umbreon\n|move|p1a: Blissey|Heal Bell|p1a: Blissey\n|-activate|p1a: Blissey|move: Heal Bell\n|-curestatus|p1a: Blissey|tox|[msg]\n|\n|-heal|p1a: Blissey|502/572|[from] item: Leftovers\n|upkeep\n|turn|18\n|\n|t:|1781465192\n|switch|p2a: Toucannon|Toucannon, L88, F|214/284 par\n|move|p1a: Blissey|Thunder Wave|p2a: Toucannon\n|-fail|p2a: Toucannon|par\n|\n|-heal|p2a: Toucannon|284/284 par|[from] move: Wish|[wisher] Umbreon\n|-heal|p1a: Blissey|537/572|[from] item: Leftovers\n|upkeep\n|turn|19\n|\n|t:|1781465196\n|switch|p1a: Bellibolt|Bellibolt, L84, F|320/320\n|move|p2a: Toucannon|U-turn|p1a: Bellibolt\n|-damage|p1a: Bellibolt|262/320\n|-start|p1a: Bellibolt|Charge|U-turn|[from] ability: Electromorphosis\n|\n|t:|1781465206\n|switch|p2a: Palkia|Palkia-Origin, L72|120/249|[from] U-turn\n|-ability|p2a: Palkia|Pressure\n|\n|-heal|p1a: Bellibolt|282/320|[from] item: Leftovers\n|upkeep\n|turn|20\n|-message|aceguy123 forfeited.\n|\n|win|Dghfff\n", "uploadtime": 1781464901, "views": 4, "formatid": "gen9randombattle", "rating": null, "private": 0, "password": null}