{"id": "gen9randombattle-2631413869", "format": "[Gen 9] Random Battle", "players": ["Copernicusthe54th", "scampy789"], "log": "|j|\u2606Copernicusthe54th\n|j|\u2606scampy789\n|t:|1781381720\n|gametype|singles\n|player|p1|Copernicusthe54th|266|2003\n|player|p2|scampy789|101|2056\n|gen|9\n|tier|[Gen 9] Random Battle\n|rated|\n|rule|Species Clause: Limit one of each Pok\u00e9mon\n|rule|HP Percentage Mod: HP is shown in percentages\n|rule|Sleep Clause Mod: Limit one foe put to sleep\n|rule|Illusion Level Mod: Illusion disguises the Pok\u00e9mon's true level\n|\n|t:|1781381720\n|teamsize|p1|6\n|teamsize|p2|6\n|start\n|switch|p1a: Cinccino|Cinccino, L83, F|260/260\n|switch|p2a: Breloom|Breloom, L83, F|235/235\n|turn|1\n|inactive|Battle timer is ON: inactive players will automatically lose when time's up. (requested by scampy789)\n|\n|t:|1781381744\n|switch|p1a: Weezing|Weezing, L88, F|258/258\n|move|p2a: Breloom|Mach Punch|p1a: Weezing\n|-resisted|p1a: Weezing\n|-damage|p1a: Weezing|220/258\n|-damage|p2a: Breloom|212/235|[from] item: Life Orb\n|\n|-heal|p1a: Weezing|236/258|[from] item: Leftovers\n|upkeep\n|turn|2\n|inactive|scampy789 has 120 seconds left.\n|\n|t:|1781381793\n|move|p2a: Breloom|Bullet Seed|p1a: Weezing\n|-resisted|p1a: Weezing\n|-damage|p1a: Weezing|211/258\n|-resisted|p1a: Weezing\n|-damage|p1a: Weezing|185/258\n|-resisted|p1a: Weezing\n|-damage|p1a: Weezing|160/258\n|-hitcount|p1a: Weezing|3\n|-damage|p2a: Breloom|189/235|[from] item: Life Orb\n|move|p1a: Weezing|Will-O-Wisp|p2a: Breloom\n|-status|p2a: Breloom|brn\n|\n|-heal|p1a: Weezing|176/258|[from] item: Leftovers\n|-damage|p2a: Breloom|175/235 brn|[from] brn\n|upkeep\n|turn|3\n|\n|t:|1781381804\n|move|p2a: Breloom|Rock Tomb|p1a: Weezing\n|-damage|p1a: Weezing|138/258\n|-unboost|p1a: Weezing|spe|1\n|-damage|p2a: Breloom|152/235 brn|[from] item: Life Orb\n|move|p1a: Weezing|Pain Split|p2a: Breloom\n|-sethp|p2a: Breloom|145/235 brn|[from] move: Pain Split|[silent]\n|-sethp|p1a: Weezing|145/258|[from] move: Pain Split\n|\n|-heal|p1a: Weezing|161/258|[from] item: Leftovers\n|-damage|p2a: Breloom|131/235 brn|[from] brn\n|upkeep\n|turn|4\n|\n|t:|1781381818\n|move|p2a: Breloom|Swords Dance|p2a: Breloom\n|-boost|p2a: Breloom|atk|2\n|move|p1a: Weezing|Sludge Bomb|p2a: Breloom\n|-supereffective|p2a: Breloom\n|-damage|p2a: Breloom|0 fnt\n|faint|p2a: Breloom\n|\n|-heal|p1a: Weezing|177/258|[from] item: Leftovers\n|upkeep\n|\n|t:|1781381823\n|switch|p2a: Flutter Mane|Flutter Mane, L74|203/203\n|turn|5\n|\n|t:|1781381830\n|move|p2a: Flutter Mane|Psyshock|p1a: Weezing\n|-supereffective|p1a: Weezing\n|-damage|p1a: Weezing|55/258\n|move|p1a: Weezing|Sludge Bomb|p2a: Flutter Mane\n|-damage|p2a: Flutter Mane|131/203\n|\n|-heal|p1a: Weezing|71/258|[from] item: Leftovers\n|upkeep\n|turn|6\n|\n|t:|1781381834\n|switch|p1a: Umbreon|Umbreon, L84, F|297/297\n|move|p2a: Flutter Mane|Psyshock|p1a: Umbreon\n|-immune|p1a: Umbreon\n|\n|upkeep\n|turn|7\n|inactive|scampy789 has 120 seconds left.\n|\n|t:|1781381845\n|-end|p2a: Flutter Mane|Protosynthesis|[silent]\n|switch|p2a: Flamigo|Flamigo, L82, F|269/269\n|move|p1a: Umbreon|Toxic|p2a: Flamigo|[miss]\n|-miss|p1a: Umbreon|p2a: Flamigo\n|\n|upkeep\n|turn|8\n|\n|t:|1781381852\n|move|p1a: Umbreon|Protect|p1a: Umbreon\n|-singleturn|p1a: Umbreon|Protect\n|move|p2a: Flamigo|Swords Dance|p2a: Flamigo\n|-boost|p2a: Flamigo|atk|2\n|\n|upkeep\n|turn|9\n|\n|t:|1781381858\n|move|p2a: Flamigo|Close Combat|p1a: Umbreon\n|-supereffective|p1a: Umbreon\n|-damage|p1a: Umbreon|0 fnt\n|-unboost|p2a: Flamigo|def|1\n|-unboost|p2a: Flamigo|spd|1\n|faint|p1a: Umbreon\n|-damage|p2a: Flamigo|243/269|[from] item: Life Orb\n|\n|upkeep\n|\n|t:|1781381860\n|switch|p1a: Cinccino|Cinccino, L83, F|260/260\n|turn|10\n|inactive|scampy789 has 120 seconds left.\n|\n|t:|1781381889\n|switch|p2a: Feraligatr|Feraligatr, L79, F|264/264\n|move|p1a: Cinccino|Tail Slap|p2a: Feraligatr\n|-damage|p2a: Feraligatr|225/264\n|-damage|p2a: Feraligatr|186/264\n|-damage|p2a: Feraligatr|146/264\n|-damage|p2a: Feraligatr|106/264\n|-hitcount|p2a: Feraligatr|4\n|\n|upkeep\n|turn|11\n|inactive|scampy789 has 120 seconds left.\n|\n|t:|1781381905\n|move|p1a: Cinccino|Tidy Up|p1a: Cinccino\n|-boost|p1a: Cinccino|atk|1\n|-boost|p1a: Cinccino|spe|1\n|move|p2a: Feraligatr|Liquidation|p1a: Cinccino\n|-damage|p1a: Cinccino|68/260\n|\n|upkeep\n|turn|12\n|inactive|scampy789 has 120 seconds left.\n|\n|t:|1781381915\n|switch|p2a: Sinistcha|Sinistcha-Masterpiece, L83|254/254\n|move|p1a: Cinccino|Bullet Seed|p2a: Sinistcha\n|-resisted|p2a: Sinistcha\n|-damage|p2a: Sinistcha|237/254\n|-resisted|p2a: Sinistcha\n|-damage|p2a: Sinistcha|220/254\n|-resisted|p2a: Sinistcha\n|-damage|p2a: Sinistcha|204/254\n|-resisted|p2a: Sinistcha\n|-damage|p2a: Sinistcha|187/254\n|-hitcount|p2a: Sinistcha|4\n|\n|-heal|p2a: Sinistcha|202/254|[from] item: Leftovers\n|upkeep\n|turn|13\n|\n|t:|1781381924\n|-terastallize|p2a: Sinistcha|Steel\n|move|p1a: Cinccino|Triple Axel|p2a: Sinistcha\n|-resisted|p2a: Sinistcha\n|-crit|p2a: Sinistcha\n|-damage|p2a: Sinistcha|180/254\n|-resisted|p2a: Sinistcha\n|-damage|p2a: Sinistcha|154/254\n|-resisted|p2a: Sinistcha\n|-damage|p2a: Sinistcha|115/254\n|-hitcount|p2a: Sinistcha|3\n|move|p2a: Sinistcha|Matcha Gotcha|p1a: Cinccino\n|-damage|p1a: Cinccino|0 fnt\n|-heal|p2a: Sinistcha|149/254|[from] drain|[of] p1a: Cinccino\n|faint|p1a: Cinccino\n|\n|-heal|p2a: Sinistcha|164/254|[from] item: Leftovers\n|upkeep\n|\n|t:|1781381929\n|switch|p1a: Walking Wake|Walking Wake, L79|286/286\n|turn|14\n|\n|t:|1781381938\n|switch|p2a: Feraligatr|Feraligatr, L79, F|106/264\n|move|p1a: Walking Wake|Sunny Day|p1a: Walking Wake\n|-weather|SunnyDay\n|-activate|p1a: Walking Wake|ability: Protosynthesis\n|-start|p1a: Walking Wake|protosynthesisspa\n|\n|-weather|SunnyDay|[upkeep]\n|upkeep\n|turn|15\n|\n|t:|1781381944\n|move|p1a: Walking Wake|Hydro Steam|p2a: Feraligatr\n|-resisted|p2a: Feraligatr\n|-damage|p2a: Feraligatr|0 fnt\n|faint|p2a: Feraligatr\n|-damage|p1a: Walking Wake|258/286|[from] item: Life Orb\n|\n|-weather|SunnyDay|[upkeep]\n|upkeep\n|\n|t:|1781381947\n|switch|p2a: Flutter Mane|Flutter Mane, L74|131/203\n|-activate|p2a: Flutter Mane|ability: Protosynthesis\n|-start|p2a: Flutter Mane|protosynthesisspa\n|turn|16\n|\n|t:|1781381951\n|move|p2a: Flutter Mane|Moonblast|p1a: Walking Wake\n|-supereffective|p1a: Walking Wake\n|-damage|p1a: Walking Wake|0 fnt\n|faint|p1a: Walking Wake\n|-end|p1a: Walking Wake|Protosynthesis|[silent]\n|\n|-weather|SunnyDay|[upkeep]\n|upkeep\n|\n|t:|1781381957\n|switch|p1a: Scream Tail|Scream Tail, L84|330/330\n|-activate|p1a: Scream Tail|ability: Protosynthesis\n|-start|p1a: Scream Tail|protosynthesisspd\n|turn|17\n|\n|t:|1781381980\n|-end|p2a: Flutter Mane|Protosynthesis|[silent]\n|switch|p2a: Sinistcha|Sinistcha-Masterpiece, L83, tera:Steel|164/254\n|move|p1a: Scream Tail|Thunder Wave|p2a: Sinistcha\n|-status|p2a: Sinistcha|par\n|\n|-weather|SunnyDay|[upkeep]\n|-heal|p2a: Sinistcha|179/254 par|[from] item: Leftovers\n|upkeep\n|turn|18\n|\n|t:|1781381990\n|move|p1a: Scream Tail|Wish|p1a: Scream Tail\n|cant|p2a: Sinistcha|par\n|\n|-weather|none\n|-end|p1a: Scream Tail|Protosynthesis\n|-heal|p2a: Sinistcha|194/254 par|[from] item: Leftovers\n|upkeep\n|turn|19\n|\n|t:|1781381998\n|-end|p1a: Scream Tail|Protosynthesis|[silent]\n|switch|p1a: Electivire|Electivire, L84, M|263/263\n|cant|p2a: Sinistcha|par\n|\n|-heal|p2a: Sinistcha|209/254 par|[from] item: Leftovers\n|upkeep\n|turn|20\n|\n|t:|1781382007\n|move|p1a: Electivire|Earthquake|p2a: Sinistcha\n|-supereffective|p2a: Sinistcha\n|-damage|p2a: Sinistcha|24/254 par\n|-damage|p1a: Electivire|237/263|[from] item: Life Orb\n|cant|p2a: Sinistcha|par\n|\n|-heal|p2a: Sinistcha|39/254 par|[from] item: Leftovers\n|upkeep\n|turn|21\n|\n|t:|1781382022\n|move|p1a: Electivire|Volt Switch|p2a: Sinistcha\n|-damage|p2a: Sinistcha|0 fnt\n|faint|p2a: Sinistcha\n|-damage|p1a: Electivire|211/263|[from] item: Life Orb\n|\n|t:|1781382027\n|switch|p1a: Weezing|Weezing, L88, F|71/258|[from] Volt Switch\n|\n|-heal|p1a: Weezing|87/258|[from] item: Leftovers\n|upkeep\n|\n|t:|1781382031\n|switch|p2a: Flutter Mane|Flutter Mane, L74|131/203\n|turn|22\n|\n|t:|1781382036\n|move|p2a: Flutter Mane|Shadow Ball|p1a: Weezing\n|-damage|p1a: Weezing|0 fnt\n|faint|p1a: Weezing\n|\n|upkeep\n|\n|t:|1781382039\n|switch|p1a: Scream Tail|Scream Tail, L84|330/330\n|turn|23\n|\n|t:|1781382049\n|-end|p2a: Flutter Mane|Protosynthesis|[silent]\n|switch|p2a: Sylveon|Sylveon, L85, F|300/300\n|-terastallize|p1a: Scream Tail|Steel\n|move|p1a: Scream Tail|Thunder Wave|p2a: Sylveon\n|-status|p2a: Sylveon|par\n|\n|upkeep\n|turn|24\n|inactive|scampy789 has 120 seconds left.\n|\n|t:|1781382085\n|move|p1a: Scream Tail|Wish|p1a: Scream Tail\n|move|p2a: Sylveon|Calm Mind|p2a: Sylveon\n|-boost|p2a: Sylveon|spa|1\n|-boost|p2a: Sylveon|spd|1\n|\n|upkeep\n|turn|25\n|inactive|scampy789 has 120 seconds left.\n|\n|t:|1781382094\n|-end|p1a: Scream Tail|Protosynthesis|[silent]\n|switch|p1a: Electivire|Electivire, L84, M|211/263\n|move|p2a: Sylveon|Hyper Voice|p1a: Electivire\n|-damage|p1a: Electivire|18/263\n|\n|-heal|p1a: Electivire|183/263|[from] move: Wish|[wisher] Scream Tail\n|upkeep\n|turn|26\n|\n|t:|1781382101\n|switch|p2a: Flamigo|Flamigo, L82, F|243/269\n|move|p1a: Electivire|Volt Switch|p2a: Flamigo\n|-supereffective|p2a: Flamigo\n|-damage|p2a: Flamigo|9/269\n|-damage|p1a: Electivire|157/263|[from] item: Life Orb\n|\n|t:|1781382105\n|switch|p1a: Scream Tail|Scream Tail, L84, tera:Steel|330/330|[from] Volt Switch\n|\n|upkeep\n|turn|27\n|\n|t:|1781382112\n|move|p1a: Scream Tail|Dazzling Gleam|p2a: Flamigo\n|-supereffective|p2a: Flamigo\n|-damage|p2a: Flamigo|0 fnt\n|faint|p2a: Flamigo\n|\n|upkeep\n|\n|t:|1781382116\n|switch|p2a: Sylveon|Sylveon, L85, F|300/300 par\n|turn|28\n|\n|t:|1781382122\n|-end|p1a: Scream Tail|Protosynthesis|[silent]\n|switch|p1a: Electivire|Electivire, L84, M|157/263\n|move|p2a: Sylveon|Hyper Voice|p1a: Electivire\n|-damage|p1a: Electivire|18/263\n|\n|upkeep\n|turn|29\n|\n|t:|1781382132\n|switch|p1a: Scream Tail|Scream Tail, L84, tera:Steel|330/330\n|move|p2a: Sylveon|Hyper Voice|p1a: Scream Tail\n|-resisted|p1a: Scream Tail\n|-damage|p1a: Scream Tail|275/330\n|\n|-heal|p1a: Scream Tail|295/330|[from] item: Leftovers\n|upkeep\n|turn|30\n|\n|t:|1781382137\n|move|p1a: Scream Tail|Wish|p1a: Scream Tail\n|cant|p2a: Sylveon|par\n|\n|-heal|p1a: Scream Tail|315/330|[from] item: Leftovers\n|upkeep\n|turn|31\n|\n|t:|1781382141\n|move|p1a: Scream Tail|Dazzling Gleam|p2a: Sylveon\n|-damage|p2a: Sylveon|254/300 par\n|move|p2a: Sylveon|Hyper Voice|p1a: Scream Tail\n|-resisted|p1a: Scream Tail\n|-damage|p1a: Scream Tail|265/330\n|\n|-heal|p1a: Scream Tail|330/330|[from] move: Wish|[wisher] Scream Tail\n|-heal|p2a: Sylveon|272/300 par|[from] item: Leftovers\n|upkeep\n|turn|32\n|\n|t:|1781382144\n|move|p1a: Scream Tail|Dazzling Gleam|p2a: Sylveon\n|-crit|p2a: Sylveon\n|-damage|p2a: Sylveon|203/300 par\n|move|p2a: Sylveon|Calm Mind|p2a: Sylveon\n|-boost|p2a: Sylveon|spa|1\n|-boost|p2a: Sylveon|spd|1\n|\n|-heal|p2a: Sylveon|221/300 par|[from] item: Leftovers\n|upkeep\n|turn|33\n|\n|t:|1781382151\n|move|p1a: Scream Tail|Dazzling Gleam|p2a: Sylveon\n|-damage|p2a: Sylveon|190/300 par\n|cant|p2a: Sylveon|par\n|\n|-heal|p2a: Sylveon|208/300 par|[from] item: Leftovers\n|upkeep\n|turn|34\n|\n|t:|1781382157\n|move|p1a: Scream Tail|Dazzling Gleam|p2a: Sylveon\n|-damage|p2a: Sylveon|180/300 par\n|move|p2a: Sylveon|Wish|p2a: Sylveon\n|\n|-heal|p2a: Sylveon|198/300 par|[from] item: Leftovers\n|upkeep\n|turn|35\n|\n|t:|1781382162\n|move|p1a: Scream Tail|Wish|p1a: Scream Tail\n|cant|p2a: Sylveon|par\n|\n|-heal|p2a: Sylveon|300/300 par|[from] move: Wish|[wisher] Sylveon\n|upkeep\n|turn|36\n|\n|t:|1781382166\n|move|p1a: Scream Tail|Wish||[still]\n|-fail|p1a: Scream Tail\n|move|p2a: Sylveon|Hyper Voice|p1a: Scream Tail\n|-resisted|p1a: Scream Tail\n|-damage|p1a: Scream Tail|256/330\n|\n|-heal|p1a: Scream Tail|330/330|[from] move: Wish|[wisher] Scream Tail\n|upkeep\n|turn|37\n|\n|t:|1781382169\n|move|p1a: Scream Tail|Wish|p1a: Scream Tail\n|move|p2a: Sylveon|Calm Mind|p2a: Sylveon\n|-boost|p2a: Sylveon|spa|1\n|-boost|p2a: Sylveon|spd|1\n|\n|upkeep\n|turn|38\n|\n|t:|1781382173\n|move|p1a: Scream Tail|Dazzling Gleam|p2a: Sylveon\n|-damage|p2a: Sylveon|276/300 par\n|move|p2a: Sylveon|Hyper Voice|p1a: Scream Tail\n|-resisted|p1a: Scream Tail\n|-damage|p1a: Scream Tail|231/330\n|\n|-heal|p1a: Scream Tail|330/330|[from] move: Wish|[wisher] Scream Tail\n|-heal|p2a: Sylveon|294/300 par|[from] item: Leftovers\n|upkeep\n|turn|39\n|\n|t:|1781382178\n|move|p1a: Scream Tail|Wish|p1a: Scream Tail\n|cant|p2a: Sylveon|par\n|\n|-heal|p2a: Sylveon|300/300 par|[from] item: Leftovers\n|upkeep\n|turn|40\n|\n|t:|1781382182\n|-end|p1a: Scream Tail|Protosynthesis|[silent]\n|switch|p1a: Electivire|Electivire, L84, M|18/263\n|move|p2a: Sylveon|Hyper Voice|p1a: Electivire\n|-damage|p1a: Electivire|0 fnt\n|faint|p1a: Electivire\n|\n|upkeep\n|-message|Copernicusthe54th forfeited.\n|\n|win|scampy789\n", "inputlog": ">version a8376a258c1d4662feba110a92103f3664a72141\n>start {\"formatid\":\"gen9randombattle\",\"seed\":\"sodium,5b491ab8d6459290a0242d8670481506\",\"rated\":\"Rated battle\"}\n>player p1 {\"name\":\"Copernicusthe54th\",\"avatar\":\"266\",\"rating\":2003,\"seed\":\"sodium,ef8eb62b3828da85371a6e6da2a125dd\"}\n>player p2 {\"name\":\"scampy789\",\"avatar\":\"101\",\"rating\":2056,\"seed\":\"sodium,1e19a39a616e13330073fdeb4143bd28\"}\n>p1 switch 6\n>p2 move machpunch\n>p1 move willowisp\n>p2 move bulletseed\n>p1 move painsplit\n>p2 move rocktomb\n>p1 move sludgebomb\n>p2 move swordsdance\n>p2 switch 4\n>p1 move sludgebomb\n>p2 move psyshock\n>p1 switch 2\n>p2 move psyshock\n>p1 move toxic\n>p2 switch 6\n>p1 move protect\n>p2 move swordsdance\n>p1 move foulplay\n>p2 move closecombat\n>p1 switch 6\n>p1 move tailslap\n>p2 switch 3\n>p1 move tidyup\n>p2 move liquidation\n>p1 move bulletseed\n>p2 switch 5\n>p1 move tripleaxel\n>p2 move matchagotcha terastallize\n>p1 switch 4\n>p1 move sunnyday\n>p2 switch 5\n>p1 move hydrosteam\n>p2 move icepunch\n>p2 switch 6\n>p1 move hydrosteam\n>p2 move moonblast\n>p1 switch 3\n>p1 move thunderwave\n>p2 switch 5\n>p1 move wish\n>p2 move shadowball\n>p1 switch 5\n>p2 move shadowball\n>p1 move earthquake\n>p2 move strengthsap\n>p1 move voltswitch\n>p2 move strengthsap\n>p1 switch 2\n>p2 switch 5\n>p1 move painsplit\n>p2 move shadowball\n>p1 switch 5\n>p1 move thunderwave terastallize\n>p2 switch 2\n>p1 move wish\n>p2 move calmmind\n>p1 switch 2\n>p2 move hypervoice\n>p1 move voltswitch\n>p2 switch 3\n>p1 switch 2\n>p1 move dazzlinggleam\n>p2 move bravebird\n>p2 switch 3\n>p1 switch 2\n>p2 move hypervoice\n>p1 switch 2\n>p2 move hypervoice\n>p1 move wish\n>p2 move calmmind\n>p1 move dazzlinggleam\n>p2 move hypervoice\n>p1 move dazzlinggleam\n>p2 move calmmind\n>p1 move dazzlinggleam\n>p2 move wish\n>p1 move dazzlinggleam\n>p2 move wish\n>p1 move wish\n>p2 move calmmind\n>p1 move wish\n>p2 move hypervoice\n>p1 move wish\n>p2 move calmmind\n>p1 move dazzlinggleam\n>p2 move hypervoice\n>p1 move wish\n>p2 move calmmind\n>p1 switch 2\n>p2 move hypervoice\n>forcelose p1", "uploadtime": 1781381722, "views": 11, "formatid": "gen9randombattle", "rating": null, "private": 0, "password": null}