{"id": "gen9randombattle-2631534054", "format": "[Gen 9] Random Battle", "players": ["spenxer", "rareold"], "log": "|j|\u2606spenxer\n|j|\u2606rareold\n|t:|1781397762\n|gametype|singles\n|player|p1|spenxer|clerk|1404\n|player|p2|rareold|byron|1358\n|gen|9\n|tier|[Gen 9] Random Battle\n|rated|\n|rule|Species Clause: Limit one of each Pok\u00e9mon\n|rule|HP Percentage Mod: HP is shown in percentages\n|rule|Sleep Clause Mod: Limit one foe put to sleep\n|rule|Illusion Level Mod: Illusion disguises the Pok\u00e9mon's true level\n|\n|t:|1781397762\n|teamsize|p1|6\n|teamsize|p2|6\n|start\n|switch|p1a: Tsareena|Tsareena, L87, F|267/267\n|switch|p2a: Metagross|Metagross, L79|256/256\n|turn|1\n|inactive|Battle timer is ON: inactive players will automatically lose when time's up. (requested by spenxer)\n|\n|t:|1781397786\n|move|p2a: Metagross|Heavy Slam|p1a: Tsareena\n|-damage|p1a: Tsareena|134/267\n|move|p1a: Tsareena|Knock Off|p2a: Metagross\n|-supereffective|p2a: Metagross\n|-damage|p2a: Metagross|87/256\n|-enditem|p2a: Metagross|Choice Scarf|[from] move: Knock Off|[of] p1a: Tsareena\n|-damage|p1a: Tsareena|108/267|[from] item: Life Orb\n|\n|upkeep\n|turn|2\n|\n|t:|1781397794\n|move|p1a: Tsareena|Knock Off|p2a: Metagross\n|-supereffective|p2a: Metagross\n|-damage|p2a: Metagross|0 fnt\n|faint|p2a: Metagross\n|-damage|p1a: Tsareena|82/267|[from] item: Life Orb\n|\n|upkeep\n|\n|t:|1781397798\n|switch|p2a: Tinkaton|Tinkaton, L82, F|274/274\n|-ability|p2a: Tinkaton|Mold Breaker\n|turn|3\n|\n|t:|1781397804\n|move|p2a: Tinkaton|Swords Dance|p2a: Tinkaton\n|-boost|p2a: Tinkaton|atk|2\n|move|p1a: Tsareena|Knock Off|p2a: Tinkaton\n|-resisted|p2a: Tinkaton\n|-damage|p2a: Tinkaton|214/274\n|-enditem|p2a: Tinkaton|Leftovers|[from] move: Knock Off|[of] p1a: Tsareena\n|-damage|p1a: Tsareena|56/267|[from] item: Life Orb\n|\n|upkeep\n|turn|4\n|\n|t:|1781397809\n|move|p2a: Tinkaton|Play Rough|p1a: Tsareena\n|-damage|p1a: Tsareena|0 fnt\n|faint|p1a: Tsareena\n|\n|upkeep\n|\n|t:|1781397817\n|switch|p1a: Houndoom|Houndoom, L87, M|272/272\n|turn|5\n|\n|t:|1781397825\n|move|p1a: Houndoom|Fire Blast|p2a: Tinkaton\n|-supereffective|p2a: Tinkaton\n|-damage|p2a: Tinkaton|0 fnt\n|faint|p2a: Tinkaton\n|\n|upkeep\n|\n|t:|1781397829\n|switch|p2a: Ursaluna|Ursaluna-Bloodmoon, L79, M|308/308\n|turn|6\n|\n|t:|1781397834\n|move|p1a: Houndoom|Nasty Plot|p1a: Houndoom\n|-boost|p1a: Houndoom|spa|2\n|move|p2a: Ursaluna|Calm Mind|p2a: Ursaluna\n|-boost|p2a: Ursaluna|spa|1\n|-boost|p2a: Ursaluna|spd|1\n|\n|upkeep\n|turn|7\n|\n|t:|1781397839\n|move|p1a: Houndoom|Dark Pulse|p2a: Ursaluna\n|-damage|p2a: Ursaluna|148/308\n|move|p2a: Ursaluna|Blood Moon|p1a: Houndoom\n|-damage|p1a: Houndoom|0 fnt\n|faint|p1a: Houndoom\n|\n|-heal|p2a: Ursaluna|167/308|[from] item: Leftovers\n|upkeep\n|\n|t:|1781397843\n|switch|p1a: Dragapult|Dragapult, L77, F|262/262\n|turn|8\n|\n|t:|1781397849\n|move|p1a: Dragapult|U-turn|p2a: Ursaluna\n|-damage|p2a: Ursaluna|129/308\n|\n|t:|1781397852\n|switch|p1a: Noctowl|Noctowl, L95, M|344/344|[from] U-turn\n|move|p2a: Ursaluna|Calm Mind|p2a: Ursaluna\n|-boost|p2a: Ursaluna|spa|1\n|-boost|p2a: Ursaluna|spd|1\n|\n|-heal|p2a: Ursaluna|148/308|[from] item: Leftovers\n|upkeep\n|turn|9\n|\n|t:|1781397857\n|move|p1a: Noctowl|Hurricane|p2a: Ursaluna|[miss]\n|-miss|p1a: Noctowl|p2a: Ursaluna\n|move|p2a: Ursaluna|Moonlight|p2a: Ursaluna\n|-heal|p2a: Ursaluna|302/308\n|\n|-heal|p2a: Ursaluna|308/308|[from] item: Leftovers\n|upkeep\n|turn|10\n|-message|spenxer forfeited.\n|\n|win|rareold\n|raw|spenxer's rating: 1404 &rarr; <strong>1381</strong><br />(-23 for losing)\n|raw|rareold's rating: 1358 &rarr; <strong>1381</strong><br />(+23 for winning)\n|l|\u2606spenxer\n|player|p1|\n", "inputlog": ">version a8376a258c1d4662feba110a92103f3664a72141\n>start {\"formatid\":\"gen9randombattle\",\"seed\":\"sodium,540d824a7d1406ed92c777c87867c5d1\",\"rated\":\"Rated battle\"}\n>player p1 {\"name\":\"spenxer\",\"avatar\":\"clerk\",\"rating\":1404,\"seed\":\"sodium,c57223b28c9259d5e447bce2213707bd\"}\n>player p2 {\"name\":\"rareold\",\"avatar\":\"byron\",\"rating\":1358,\"seed\":\"sodium,670f00afd954e5c847776a4921298d61\"}\n>p1 move knockoff\n>p2 move heavyslam\n>p1 move knockoff\n>p2 move heavyslam\n>p2 switch 4\n>p1 move knockoff\n>p2 move swordsdance\n>p1 move synthesis\n>p2 move playrough\n>p1 switch 2\n>p1 move fireblast\n>p2 move playrough\n>p2 switch 3\n>p1 move nastyplot\n>p2 move calmmind\n>p1 move darkpulse\n>p2 move bloodmoon\n>p1 switch 3\n>p1 move uturn\n>p2 move calmmind\n>p1 switch 4\n>p1 move hurricane\n>p2 move moonlight\n>forcelose p1", "uploadtime": 1781397861, "views": 4, "formatid": "gen9randombattle", "rating": 1381, "private": 0, "password": null}