{"id": "gen9randombattle-2631435127", "format": "[Gen 9] Random Battle", "players": ["ohohiwantmore", "rhdz21"], "log": "|j|\u2606ohohiwantmore\n|j|\u2606rhdz21\n|t:|1781384297\n|gametype|singles\n|player|p1|ohohiwantmore|veteran|1947\n|player|p2|rhdz21|266|1963\n|gen|9\n|tier|[Gen 9] Random Battle\n|rated|\n|rule|Species Clause: Limit one of each Pok\u00e9mon\n|rule|HP Percentage Mod: HP is shown in percentages\n|rule|Sleep Clause Mod: Limit one foe put to sleep\n|rule|Illusion Level Mod: Illusion disguises the Pok\u00e9mon's true level\n|\n|t:|1781384297\n|teamsize|p1|6\n|teamsize|p2|6\n|start\n|switch|p1a: Staraptor|Staraptor, L79, F|263/263\n|switch|p2a: Umbreon|Umbreon, L84, F|297/297\n|turn|1\n|inactive|Battle timer is ON: inactive players will automatically lose when time's up. (requested by ohohiwantmore)\n|\n|t:|1781384320\n|move|p2a: Umbreon|Protect|p2a: Umbreon\n|-singleturn|p2a: Umbreon|Protect\n|move|p1a: Staraptor|U-turn|p2a: Umbreon\n|-activate|p2a: Umbreon|move: Protect\n|\n|upkeep\n|turn|2\n|\n|t:|1781384331\n|move|p1a: Staraptor|U-turn|p2a: Umbreon\n|-supereffective|p2a: Umbreon\n|-damage|p2a: Umbreon|215/297\n|\n|t:|1781384341\n|switch|p1a: Tauros|Tauros-Paldea-Combat, L82, M|257/257|[from] U-turn\n|-ability|p1a: Tauros|Intimidate|boost\n|-unboost|p2a: Umbreon|atk|1\n|move|p2a: Umbreon|Wish|p2a: Umbreon\n|\n|-heal|p2a: Umbreon|233/297|[from] item: Leftovers\n|upkeep\n|turn|3\n|\n|t:|1781384354\n|move|p1a: Tauros|Close Combat|p2a: Umbreon\n|-supereffective|p2a: Umbreon\n|-damage|p2a: Umbreon|0 fnt\n|-unboost|p1a: Tauros|def|1\n|-unboost|p1a: Tauros|spd|1\n|faint|p2a: Umbreon\n|\n|upkeep\n|\n|t:|1781384373\n|switch|p2a: Milotic|Milotic, L83, F|293/293\n|turn|4\n|\n|t:|1781384391\n|switch|p1a: Swampert|Swampert, L83, M|302/302\n|move|p2a: Milotic|Scald|p1a: Swampert\n|-damage|p1a: Swampert|211/302\n|\n|-heal|p1a: Swampert|229/302|[from] item: Leftovers\n|upkeep\n|turn|5\n|\n|t:|1781384400\n|move|p2a: Milotic|Scald|p1a: Swampert\n|-damage|p1a: Swampert|145/302\n|-status|p1a: Swampert|brn\n|move|p1a: Swampert|Stealth Rock|p2a: Milotic\n|-sidestart|p2: rhdz21|move: Stealth Rock\n|\n|-heal|p1a: Swampert|163/302 brn|[from] item: Leftovers\n|-damage|p1a: Swampert|145/302 brn|[from] brn\n|upkeep\n|turn|6\n|\n|t:|1781384416\n|move|p2a: Milotic|Scald|p1a: Swampert\n|-damage|p1a: Swampert|60/302 brn\n|move|p1a: Swampert|Roar|p2a: Milotic\n|drag|p2a: Grimmsnarl|Grimmsnarl, L83, M|293/293\n|-damage|p2a: Grimmsnarl|257/293|[from] Stealth Rock\n|\n|-heal|p1a: Swampert|78/302 brn|[from] item: Leftovers\n|-heal|p2a: Grimmsnarl|275/293|[from] item: Leftovers\n|-damage|p1a: Swampert|60/302 brn|[from] brn\n|upkeep\n|turn|7\n|\n|t:|1781384429\n|move|p2a: Grimmsnarl|Spirit Break|p1a: Swampert\n|-damage|p1a: Swampert|0 fnt\n|faint|p1a: Swampert\n|\n|-heal|p2a: Grimmsnarl|293/293|[from] item: Leftovers\n|upkeep\n|\n|t:|1781384437\n|switch|p1a: Clefable|Clefable, L83, M|293/293\n|turn|8\n|\n|t:|1781384454\n|switch|p2a: Milotic|Milotic, L83, F|293/293\n|-damage|p2a: Milotic|257/293|[from] Stealth Rock\n|move|p1a: Clefable|Moonblast|p2a: Milotic\n|-damage|p2a: Milotic|178/293\n|\n|-heal|p2a: Milotic|196/293|[from] item: Leftovers\n|upkeep\n|turn|9\n|\n|t:|1781384463\n|move|p2a: Milotic|Scald|p1a: Clefable\n|-damage|p1a: Clefable|206/293\n|move|p1a: Clefable|Calm Mind|p1a: Clefable\n|-boost|p1a: Clefable|spa|1\n|-boost|p1a: Clefable|spd|1\n|\n|-heal|p2a: Milotic|214/293|[from] item: Leftovers\n|-heal|p1a: Clefable|224/293|[from] item: Leftovers\n|upkeep\n|turn|10\n|\n|t:|1781384471\n|move|p2a: Milotic|Haze|p2a: Milotic\n|-clearallboost\n|move|p1a: Clefable|Moonblast|p2a: Milotic\n|-damage|p2a: Milotic|145/293\n|\n|-heal|p2a: Milotic|163/293|[from] item: Leftovers\n|-heal|p1a: Clefable|242/293|[from] item: Leftovers\n|upkeep\n|turn|11\n|\n|t:|1781384479\n|move|p2a: Milotic|Recover|p2a: Milotic\n|-heal|p2a: Milotic|293/293\n|move|p1a: Clefable|Calm Mind|p1a: Clefable\n|-boost|p1a: Clefable|spa|1\n|-boost|p1a: Clefable|spd|1\n|\n|-heal|p1a: Clefable|260/293|[from] item: Leftovers\n|upkeep\n|turn|12\n|\n|t:|1781384487\n|switch|p1a: Smeargle|Smeargle, L95, M|258/258\n|move|p2a: Milotic|Haze|p2a: Milotic\n|-clearallboost\n|\n|upkeep\n|turn|13\n|\n|t:|1781384500\n|switch|p2a: Pelipper|Pelipper, L86, M|243/243\n|-weather|RainDance|[from] ability: Drizzle|[of] p2a: Pelipper\n|move|p1a: Smeargle|Spore|p2a: Pelipper\n|-status|p2a: Pelipper|slp|[from] move: Spore\n|\n|-weather|RainDance|[upkeep]\n|upkeep\n|turn|14\n|\n|t:|1781384509\n|switch|p2a: Milotic|Milotic, L83, F|293/293\n|-damage|p2a: Milotic|257/293|[from] Stealth Rock\n|move|p1a: Smeargle|Shell Smash|p1a: Smeargle\n|-unboost|p1a: Smeargle|def|1\n|-unboost|p1a: Smeargle|spd|1\n|-boost|p1a: Smeargle|atk|2\n|-boost|p1a: Smeargle|spa|2\n|-boost|p1a: Smeargle|spe|2\n|\n|-weather|RainDance|[upkeep]\n|-heal|p2a: Milotic|275/293|[from] item: Leftovers\n|upkeep\n|turn|15\n|\n|t:|1781384519\n|move|p1a: Smeargle|Population Bomb|p2a: Milotic\n|-damage|p2a: Milotic|239/293\n|-damage|p2a: Milotic|203/293\n|-damage|p2a: Milotic|167/293\n|-damage|p2a: Milotic|133/293\n|-hitcount|p2a: Milotic|4\n|move|p2a: Milotic|Scald|p1a: Smeargle\n|-damage|p1a: Smeargle|0 fnt\n|faint|p1a: Smeargle\n|\n|-weather|RainDance|[upkeep]\n|-heal|p2a: Milotic|151/293|[from] item: Leftovers\n|upkeep\n|\n|t:|1781384528\n|switch|p1a: Tauros|Tauros-Paldea-Combat, L82, M|257/257\n|-ability|p1a: Tauros|Intimidate|boost\n|-unboost|p2a: Milotic|atk|1\n|-ability|p2a: Milotic|Competitive|boost\n|-boost|p2a: Milotic|spa|2\n|turn|16\n|\n|t:|1781384549\n|move|p1a: Tauros|Close Combat|p2a: Milotic\n|-damage|p2a: Milotic|0 fnt\n|-unboost|p1a: Tauros|def|1\n|-unboost|p1a: Tauros|spd|1\n|faint|p2a: Milotic\n|\n|-weather|RainDance|[upkeep]\n|upkeep\n|\n|t:|1781384556\n|switch|p2a: Florges|Florges-White, L85, F|271/271\n|-damage|p2a: Florges|238/271|[from] Stealth Rock\n|turn|17\n|\n|t:|1781384561\n|switch|p1a: Clefable|Clefable, L83, M|260/293\n|move|p2a: Florges|Calm Mind|p2a: Florges\n|-boost|p2a: Florges|spa|1\n|-boost|p2a: Florges|spd|1\n|\n|-weather|none\n|-heal|p2a: Florges|254/271|[from] item: Leftovers\n|-heal|p1a: Clefable|278/293|[from] item: Leftovers\n|upkeep\n|turn|18\n|\n|t:|1781384571\n|move|p2a: Florges|Moonblast|p1a: Clefable\n|-damage|p1a: Clefable|164/293\n|-unboost|p1a: Clefable|spa|1\n|move|p1a: Clefable|Calm Mind|p1a: Clefable\n|-boost|p1a: Clefable|spa|1\n|-boost|p1a: Clefable|spd|1\n|\n|-heal|p2a: Florges|270/271|[from] item: Leftovers\n|-heal|p1a: Clefable|182/293|[from] item: Leftovers\n|upkeep\n|turn|19\n|\n|t:|1781384579\n|move|p2a: Florges|Moonblast|p1a: Clefable\n|-damage|p1a: Clefable|97/293\n|-unboost|p1a: Clefable|spa|1\n|move|p1a: Clefable|Calm Mind|p1a: Clefable\n|-boost|p1a: Clefable|spa|1\n|-boost|p1a: Clefable|spd|1\n|\n|-heal|p2a: Florges|271/271|[from] item: Leftovers\n|-heal|p1a: Clefable|115/293|[from] item: Leftovers\n|upkeep\n|turn|20\n|\n|t:|1781384593\n|switch|p2a: Mienshao|Mienshao, L83, M|244/244\n|-damage|p2a: Mienshao|229/244|[from] Stealth Rock\n|move|p1a: Clefable|Moonlight|p1a: Clefable\n|-heal|p1a: Clefable|261/293\n|\n|-heal|p1a: Clefable|279/293|[from] item: Leftovers\n|upkeep\n|turn|21\n|\n|t:|1781384604\n|switch|p1a: Tauros|Tauros-Paldea-Combat, L82, M|257/257\n|-ability|p1a: Tauros|Intimidate|boost\n|-unboost|p2a: Mienshao|atk|1\n|move|p2a: Mienshao|Knock Off|p1a: Tauros\n|-resisted|p1a: Tauros\n|-damage|p1a: Tauros|232/257\n|-enditem|p1a: Tauros|Choice Band|[from] move: Knock Off|[of] p2a: Mienshao\n|\n|upkeep\n|turn|22\n|\n|t:|1781384614\n|move|p2a: Mienshao|U-turn|p1a: Tauros\n|-resisted|p1a: Tauros\n|-damage|p1a: Tauros|213/257\n|\n|t:|1781384619\n|switch|p2a: Pelipper|Pelipper, L86, M|243/243 slp|[from] U-turn\n|-weather|RainDance|[from] ability: Drizzle|[of] p2a: Pelipper\n|move|p1a: Tauros|Close Combat|p2a: Pelipper\n|-resisted|p2a: Pelipper\n|-damage|p2a: Pelipper|184/243 slp\n|-unboost|p1a: Tauros|def|1\n|-unboost|p1a: Tauros|spd|1\n|\n|-weather|RainDance|[upkeep]\n|upkeep\n|turn|23\n|\n|t:|1781384630\n|move|p1a: Tauros|Stone Edge|p2a: Pelipper\n|-supereffective|p2a: Pelipper\n|-damage|p2a: Pelipper|46/243 slp\n|cant|p2a: Pelipper|slp\n|\n|-weather|RainDance|[upkeep]\n|upkeep\n|turn|24\n|\n|t:|1781384638\n|move|p1a: Tauros|Close Combat|p2a: Pelipper\n|-resisted|p2a: Pelipper\n|-damage|p2a: Pelipper|0 fnt\n|-unboost|p1a: Tauros|def|1\n|-unboost|p1a: Tauros|spd|1\n|faint|p2a: Pelipper\n|\n|-weather|RainDance|[upkeep]\n|upkeep\n|\n|t:|1781384645\n|switch|p2a: Mienshao|Mienshao, L83, M|244/244\n|-damage|p2a: Mienshao|229/244|[from] Stealth Rock\n|turn|25\n|\n|t:|1781384651\n|switch|p1a: Grimmsnarl|Grimmsnarl, L83, M|293/293\n|move|p2a: Mienshao|Close Combat|p1a: Grimmsnarl\n|-damage|p1a: Grimmsnarl|109/293\n|-unboost|p2a: Mienshao|def|1\n|-unboost|p2a: Mienshao|spd|1\n|\n|-weather|RainDance|[upkeep]\n|-heal|p1a: Grimmsnarl|127/293|[from] item: Leftovers\n|upkeep\n|turn|26\n|\n|t:|1781384659\n|move|p2a: Mienshao|Close Combat|p1a: Grimmsnarl\n|-damage|p1a: Grimmsnarl|0 fnt\n|-unboost|p2a: Mienshao|def|1\n|-unboost|p2a: Mienshao|spd|1\n|faint|p1a: Grimmsnarl\n|\n|-weather|none\n|upkeep\n|\n|t:|1781384662\n|switch|p1a: Staraptor|Staraptor, L79, F|263/263\n|turn|27\n|\n|t:|1781384680\n|move|p1a: Staraptor|Brave Bird|p2a: Mienshao\n|-supereffective|p2a: Mienshao\n|-damage|p2a: Mienshao|0 fnt\n|faint|p2a: Mienshao\n|-damage|p1a: Staraptor|187/263|[from] Recoil\n|\n|upkeep\n|\n|t:|1781384687\n|switch|p2a: Grimmsnarl|Grimmsnarl, L83, M|293/293\n|-damage|p2a: Grimmsnarl|257/293|[from] Stealth Rock\n|turn|28\n|\n|t:|1781384691\n|move|p2a: Grimmsnarl|Thunder Wave|p1a: Staraptor\n|-status|p1a: Staraptor|par\n|move|p1a: Staraptor|Brave Bird|p2a: Grimmsnarl\n|-damage|p2a: Grimmsnarl|58/293\n|-damage|p1a: Staraptor|121/263 par|[from] Recoil\n|\n|-heal|p2a: Grimmsnarl|76/293|[from] item: Leftovers\n|upkeep\n|turn|29\n|\n|t:|1781384710\n|move|p2a: Grimmsnarl|Parting Shot|p1a: Staraptor\n|-unboost|p1a: Staraptor|atk|1\n|-unboost|p1a: Staraptor|spa|1\n|\n|t:|1781384713\n|switch|p2a: Florges|Florges-White, L85, F|271/271|[from] Parting Shot\n|-damage|p2a: Florges|238/271|[from] Stealth Rock\n|move|p1a: Staraptor|Brave Bird|p2a: Florges\n|-damage|p2a: Florges|109/271\n|-damage|p1a: Staraptor|78/263 par|[from] Recoil\n|\n|-heal|p2a: Florges|125/271|[from] item: Leftovers\n|upkeep\n|turn|30\n|\n|t:|1781384722\n|move|p2a: Florges|Synthesis|p2a: Florges\n|-heal|p2a: Florges|260/271\n|move|p1a: Staraptor|Brave Bird|p2a: Florges\n|-damage|p2a: Florges|128/271\n|-damage|p1a: Staraptor|34/263 par|[from] Recoil\n|\n|-heal|p2a: Florges|144/271|[from] item: Leftovers\n|upkeep\n|turn|31\n|\n|t:|1781384730\n|move|p2a: Florges|Synthesis|p2a: Florges\n|-heal|p2a: Florges|271/271\n|move|p1a: Staraptor|Brave Bird|p2a: Florges\n|-damage|p2a: Florges|141/271\n|-damage|p1a: Staraptor|0 fnt|[from] Recoil\n|faint|p1a: Staraptor\n|\n|-heal|p2a: Florges|157/271|[from] item: Leftovers\n|upkeep\n|\n|t:|1781384735\n|switch|p1a: Clefable|Clefable, L83, M|279/293\n|turn|32\n|\n|t:|1781384741\n|switch|p2a: Grimmsnarl|Grimmsnarl, L83, M|76/293\n|-damage|p2a: Grimmsnarl|40/293|[from] Stealth Rock\n|move|p1a: Clefable|Calm Mind|p1a: Clefable\n|-boost|p1a: Clefable|spa|1\n|-boost|p1a: Clefable|spd|1\n|\n|-heal|p1a: Clefable|293/293|[from] item: Leftovers\n|-heal|p2a: Grimmsnarl|58/293|[from] item: Leftovers\n|upkeep\n|turn|33\n|\n|t:|1781384750\n|move|p2a: Grimmsnarl|Thunder Wave|p1a: Clefable\n|-status|p1a: Clefable|par\n|move|p1a: Clefable|Moonblast|p2a: Grimmsnarl\n|-supereffective|p2a: Grimmsnarl\n|-damage|p2a: Grimmsnarl|0 fnt\n|faint|p2a: Grimmsnarl\n|\n|upkeep\n|\n|t:|1781384756\n|switch|p2a: Florges|Florges-White, L85, F|157/271\n|-damage|p2a: Florges|124/271|[from] Stealth Rock\n|turn|34\n|\n|t:|1781384761\n|move|p2a: Florges|Calm Mind|p2a: Florges\n|-boost|p2a: Florges|spa|1\n|-boost|p2a: Florges|spd|1\n|move|p1a: Clefable|Calm Mind|p1a: Clefable\n|-boost|p1a: Clefable|spa|1\n|-boost|p1a: Clefable|spd|1\n|\n|-heal|p2a: Florges|140/271|[from] item: Leftovers\n|upkeep\n|turn|35\n|\n|t:|1781384767\n|move|p2a: Florges|Calm Mind|p2a: Florges\n|-boost|p2a: Florges|spa|1\n|-boost|p2a: Florges|spd|1\n|move|p1a: Clefable|Calm Mind|p1a: Clefable\n|-boost|p1a: Clefable|spa|1\n|-boost|p1a: Clefable|spd|1\n|\n|-heal|p2a: Florges|156/271|[from] item: Leftovers\n|upkeep\n|turn|36\n|\n|t:|1781384775\n|move|p2a: Florges|Calm Mind|p2a: Florges\n|-boost|p2a: Florges|spa|1\n|-boost|p2a: Florges|spd|1\n|cant|p1a: Clefable|par\n|\n|-heal|p2a: Florges|172/271|[from] item: Leftovers\n|upkeep\n|turn|37\n|\n|t:|1781384781\n|move|p2a: Florges|Calm Mind|p2a: Florges\n|-boost|p2a: Florges|spa|1\n|-boost|p2a: Florges|spd|1\n|cant|p1a: Clefable|par\n|\n|-heal|p2a: Florges|188/271|[from] item: Leftovers\n|upkeep\n|turn|38\n|\n|t:|1781384787\n|move|p2a: Florges|Calm Mind|p2a: Florges\n|-boost|p2a: Florges|spa|1\n|-boost|p2a: Florges|spd|1\n|move|p1a: Clefable|Calm Mind|p1a: Clefable\n|-boost|p1a: Clefable|spa|1\n|-boost|p1a: Clefable|spd|1\n|\n|-heal|p2a: Florges|204/271|[from] item: Leftovers\n|upkeep\n|turn|39\n|\n|t:|1781384794\n|move|p2a: Florges|Calm Mind|p2a: Florges\n|-boost|p2a: Florges|spa|1\n|-boost|p2a: Florges|spd|1\n|move|p1a: Clefable|Calm Mind|p1a: Clefable\n|-boost|p1a: Clefable|spa|1\n|-boost|p1a: Clefable|spd|1\n|\n|-heal|p2a: Florges|220/271|[from] item: Leftovers\n|upkeep\n|turn|40\n|\n|t:|1781384802\n|move|p2a: Florges|Moonblast|p1a: Clefable\n|-damage|p1a: Clefable|259/293 par\n|cant|p1a: Clefable|par\n|\n|-heal|p2a: Florges|236/271|[from] item: Leftovers\n|-heal|p1a: Clefable|277/293 par|[from] item: Leftovers\n|upkeep\n|turn|41\n|\n|t:|1781384809\n|move|p2a: Florges|Moonblast|p1a: Clefable\n|-damage|p1a: Clefable|241/293 par\n|move|p1a: Clefable|Calm Mind|p1a: Clefable\n|-boost|p1a: Clefable|spa|1\n|-boost|p1a: Clefable|spd|1\n|\n|-heal|p2a: Florges|252/271|[from] item: Leftovers\n|-heal|p1a: Clefable|259/293 par|[from] item: Leftovers\n|upkeep\n|turn|42\n|\n|t:|1781384818\n|move|p2a: Florges|Moonblast|p1a: Clefable\n|-damage|p1a: Clefable|228/293 par\n|-unboost|p1a: Clefable|spa|1\n|cant|p1a: Clefable|par\n|\n|-heal|p2a: Florges|268/271|[from] item: Leftovers\n|-heal|p1a: Clefable|246/293 par|[from] item: Leftovers\n|upkeep\n|turn|43\n|\n|t:|1781384825\n|move|p2a: Florges|Moonblast|p1a: Clefable\n|-damage|p1a: Clefable|216/293 par\n|-unboost|p1a: Clefable|spa|1\n|move|p1a: Clefable|Moonblast|p2a: Florges\n|-damage|p2a: Florges|75/271\n|-unboost|p2a: Florges|spa|1\n|\n|-heal|p2a: Florges|91/271|[from] item: Leftovers\n|-heal|p1a: Clefable|234/293 par|[from] item: Leftovers\n|upkeep\n|turn|44\n|\n|t:|1781384834\n|move|p2a: Florges|Calm Mind|p2a: Florges\n|-boost|p2a: Florges|spa|1\n|-boost|p2a: Florges|spd|0\n|cant|p1a: Clefable|par\n|\n|-heal|p2a: Florges|107/271|[from] item: Leftovers\n|-heal|p1a: Clefable|252/293 par|[from] item: Leftovers\n|upkeep\n|turn|45\n|\n|t:|1781384840\n|move|p2a: Florges|Moonblast|p1a: Clefable\n|-damage|p1a: Clefable|224/293 par\n|-unboost|p1a: Clefable|spa|1\n|cant|p1a: Clefable|par\n|\n|-heal|p2a: Florges|123/271|[from] item: Leftovers\n|-heal|p1a: Clefable|242/293 par|[from] item: Leftovers\n|upkeep\n|turn|46\n|\n|t:|1781384848\n|move|p2a: Florges|Moonblast|p1a: Clefable\n|-damage|p1a: Clefable|211/293 par\n|move|p1a: Clefable|Moonblast|p2a: Florges\n|-damage|p2a: Florges|0 fnt\n|faint|p2a: Florges\n|\n|win|ohohiwantmore\n", "inputlog": ">version a8376a258c1d4662feba110a92103f3664a72141\n>start {\"formatid\":\"gen9randombattle\",\"seed\":\"sodium,acbbf7f917e81a268cbbfc77347aa0b4\",\"rated\":\"Rated battle\"}\n>player p1 {\"name\":\"ohohiwantmore\",\"avatar\":\"veteran\",\"rating\":1947,\"seed\":\"sodium,6ff066fab1d8d7a34b4f3862dbf55134\"}\n>player p2 {\"name\":\"rhdz21\",\"avatar\":\"266\",\"rating\":1963,\"seed\":\"sodium,88528e768d9ab22e4c4a947d9c79c5de\"}\n>p1 move uturn\n>p2 move protect\n>p1 move uturn\n>p2 move wish\n>p1 switch 2\n>p1 move closecombat\n>p2 move toxic\n>p2 switch 4\n>p1 switch 5\n>p2 move scald\n>p1 move stealthrock\n>p2 move scald\n>p1 move roar\n>p2 move scald\n>p1 move roar\n>p2 move spiritbreak\n>p1 switch 4\n>p1 move moonblast\n>p2 switch 2\n>p1 move calmmind\n>p2 move scald\n>p1 move moonblast\n>p2 move haze\n>p1 move calmmind\n>p2 move recover\n>p1 switch 3\n>p2 move haze\n>p1 move spore\n>p2 switch 6\n>p1 move shellsmash\n>p2 switch 6\n>p1 move populationbomb\n>p2 move scald\n>p1 switch 5\n>p1 move closecombat\n>p2 move recover\n>p2 switch 5\n>p1 switch 3\n>p2 move calmmind\n>p1 move calmmind\n>p2 move moonblast\n>p1 move calmmind\n>p2 move moonblast\n>p1 move moonlight\n>p2 switch 3\n>p1 switch 3\n>p2 move knockoff\n>p1 move closecombat\n>p2 move uturn\n>p2 switch 6\n>p1 move stoneedge\n>p2 move surf\n>p1 move closecombat\n>p2 move roost\n>p2 switch 6\n>p1 switch 6\n>p2 move closecombat\n>p1 move spiritbreak\n>p2 move closecombat\n>p1 switch 2\n>p1 move bravebird\n>p2 move knockoff\n>p2 switch 2\n>p1 move bravebird\n>p2 move thunderwave\n>p1 move bravebird\n>p2 move partingshot\n>p2 switch 3\n>p1 move bravebird\n>p2 move synthesis\n>p1 move bravebird\n>p2 move synthesis\n>p1 switch 3\n>p1 move calmmind\n>p2 switch 3\n>p1 move moonblast\n>p2 move thunderwave\n>p2 switch 3\n>p1 move calmmind\n>p2 move calmmind\n>p1 move calmmind\n>p2 move calmmind\n>p1 move calmmind\n>p2 move calmmind\n>p1 move calmmind\n>p2 move calmmind\n>p1 move calmmind\n>p2 move calmmind\n>p1 move calmmind\n>p2 move calmmind\n>p1 move calmmind\n>p2 move moonblast\n>p1 move calmmind\n>p2 move moonblast\n>p1 move moonblast\n>p2 move moonblast\n>p1 move moonblast\n>p2 move moonblast\n>p1 move moonblast\n>p2 move calmmind\n>p1 move calmmind\n>p2 move moonblast\n>p1 move moonblast\n>p2 move moonblast", "uploadtime": 1781384299, "views": 12, "formatid": "gen9randombattle", "rating": null, "private": 0, "password": null, "player_dets": [{"name": "ohohiwantmore", "avatar": "veteran", "rating": 1947, "seed": "sodium,6ff066fab1d8d7a34b4f3862dbf55134"}, {"name": "rhdz21", "avatar": "266", "rating": 1963, "seed": "sodium,88528e768d9ab22e4c4a947d9c79c5de"}], "teams_full": [{"Staraptor": {"name": "Staraptor", "species": "Staraptor", "speciesId": "staraptor", "gender": "F", "shiny": false, "level": 79, "moves": ["uturn", "closecombat", "bravebird", "doubleedge"], "ability": "Reckless", "evs": {"hp": 81, "atk": 85, "def": 85, "spa": 85, "spd": 85, "spe": 85}, "ivs": {"hp": 31, "atk": 31, "def": 31, "spa": 31, "spd": 31, "spe": 31}, "item": "Choice Scarf", "teraType": "Flying", "role": "Fast Attacker", "bvs": {"hp": 85, "atk": 120, "def": 70, "spa": 50, "spd": 60, "spe": 100}, "stats": {"hp": 263, "atk": 235, "def": 156, "spa": 125, "spd": 140, "spe": 204}}, "Tauros": {"name": "Tauros", "species": "Tauros-Paldea-Combat", "speciesId": "taurospaldeacombat", "gender": "M", "shiny": false, "level": 82, "moves": ["earthquake", "closecombat", "throatchop", "stoneedge"], "ability": "Intimidate", "evs": {"hp": 85, "atk": 85, "def": 85, "spa": 85, "spd": 85, "spe": 85}, "ivs": {"hp": 31, "atk": 31, "def": 31, "spa": 31, "spd": 31, "spe": 31}, "item": "Choice Band", "teraType": "Fighting", "role": "Wallbreaker", "bvs": {"hp": 75, "atk": 110, "def": 105, "spa": 30, "spd": 70, "spe": 100}, "stats": {"hp": 257, "atk": 228, "def": 219, "spa": 96, "spd": 162, "spe": 211}}, "Smeargle": {"name": "Smeargle", "species": "Smeargle", "speciesId": "smeargle", "gender": "M", "shiny": false, "level": 95, "moves": ["powertrip", "spore", "shellsmash", "populationbomb"], "ability": "Technician", "evs": {"hp": 85, "atk": 85, "def": 85, "spa": 85, "spd": 85, "spe": 85}, "ivs": {"hp": 31, "atk": 31, "def": 31, "spa": 31, "spd": 31, "spe": 31}, "item": "Wide Lens", "teraType": "Normal", "role": "Setup Sweeper", "bvs": {"hp": 55, "atk": 20, "def": 35, "spa": 20, "spd": 45, "spe": 75}, "stats": {"hp": 258, "atk": 92, "def": 120, "spa": 92, "spd": 139, "spe": 196}}, "Clefable": {"name": "Clefable", "species": "Clefable", "speciesId": "clefable", "gender": "M", "shiny": false, "level": 83, "moves": ["calmmind", "fireblast", "moonblast", "moonlight"], "ability": "Unaware", "evs": {"hp": 85, "atk": 0, "def": 85, "spa": 85, "spd": 85, "spe": 85}, "ivs": {"hp": 31, "atk": 0, "def": 31, "spa": 31, "spd": 31, "spe": 31}, "item": "Leftovers", "teraType": "Steel", "role": "Bulky Setup", "bvs": {"hp": 95, "atk": 70, "def": 73, "spa": 95, "spd": 90, "spe": 60}, "stats": {"hp": 293, "atk": 121, "def": 169, "spa": 205, "spd": 197, "spe": 147}}, "Swampert": {"name": "Swampert", "species": "Swampert", "speciesId": "swampert", "gender": "M", "shiny": false, "level": 83, "moves": ["stealthrock", "earthquake", "roar", "icebeam"], "ability": "Damp", "evs": {"hp": 85, "atk": 85, "def": 85, "spa": 85, "spd": 85, "spe": 85}, "ivs": {"hp": 31, "atk": 31, "def": 31, "spa": 31, "spd": 31, "spe": 31}, "item": "Leftovers", "teraType": "Steel", "role": "Bulky Support", "bvs": {"hp": 100, "atk": 110, "def": 90, "spa": 85, "spd": 90, "spe": 60}, "stats": {"hp": 302, "atk": 230, "def": 197, "spa": 189, "spd": 197, "spe": 147}}, "Grimmsnarl": {"name": "Grimmsnarl", "species": "Grimmsnarl", "speciesId": "grimmsnarl", "gender": "M", "shiny": false, "level": 83, "moves": ["taunt", "spiritbreak", "suckerpunch", "partingshot"], "ability": "Prankster", "evs": {"hp": 85, "atk": 85, "def": 85, "spa": 85, "spd": 85, "spe": 85}, "ivs": {"hp": 31, "atk": 31, "def": 31, "spa": 31, "spd": 31, "spe": 31}, "item": "Leftovers", "teraType": "Poison", "role": "Bulky Attacker", "bvs": {"hp": 95, "atk": 120, "def": 65, "spa": 95, "spd": 75, "spe": 60}, "stats": {"hp": 293, "atk": 247, "def": 156, "spa": 205, "spd": 172, "spe": 147}}}, {"Umbreon": {"name": "Umbreon", "species": "Umbreon", "speciesId": "umbreon", "gender": "F", "shiny": false, "level": 84, "moves": ["foulplay", "protect", "toxic", "wish"], "ability": "Synchronize", "evs": {"hp": 85, "atk": 0, "def": 85, "spa": 85, "spd": 85, "spe": 85}, "ivs": {"hp": 31, "atk": 0, "def": 31, "spa": 31, "spd": 31, "spe": 31}, "item": "Leftovers", "teraType": "Poison", "role": "Bulky Support", "bvs": {"hp": 95, "atk": 65, "def": 110, "spa": 60, "spd": 130, "spe": 65}, "stats": {"hp": 297, "atk": 114, "def": 233, "spa": 149, "spd": 267, "spe": 157}}, "Grimmsnarl": {"name": "Grimmsnarl", "species": "Grimmsnarl", "speciesId": "grimmsnarl", "gender": "M", "shiny": false, "level": 83, "moves": ["thunderwave", "partingshot", "spiritbreak", "suckerpunch"], "ability": "Prankster", "evs": {"hp": 85, "atk": 85, "def": 85, "spa": 85, "spd": 85, "spe": 85}, "ivs": {"hp": 31, "atk": 31, "def": 31, "spa": 31, "spd": 31, "spe": 31}, "item": "Leftovers", "teraType": "Steel", "role": "Bulky Attacker", "bvs": {"hp": 95, "atk": 120, "def": 65, "spa": 95, "spd": 75, "spe": 60}, "stats": {"hp": 293, "atk": 247, "def": 156, "spa": 205, "spd": 172, "spe": 147}}, "Mienshao": {"name": "Mienshao", "species": "Mienshao", "speciesId": "mienshao", "gender": "M", "shiny": false, "level": 83, "moves": ["closecombat", "uturn", "knockoff", "fakeout"], "ability": "Regenerator", "evs": {"hp": 85, "atk": 85, "def": 85, "spa": 85, "spd": 85, "spe": 85}, "ivs": {"hp": 31, "atk": 31, "def": 31, "spa": 31, "spd": 31, "spe": 31}, "item": "Assault Vest", "teraType": "Steel", "role": "AV Pivot", "bvs": {"hp": 65, "atk": 125, "def": 60, "spa": 95, "spd": 60, "spe": 105}, "stats": {"hp": 244, "atk": 255, "def": 147, "spa": 205, "spd": 147, "spe": 222}}, "Milotic": {"name": "Milotic", "species": "Milotic", "speciesId": "milotic", "gender": "F", "shiny": false, "level": 83, "moves": ["scald", "recover", "icebeam", "haze"], "ability": "Competitive", "evs": {"hp": 85, "atk": 0, "def": 85, "spa": 85, "spd": 85, "spe": 85}, "ivs": {"hp": 31, "atk": 0, "def": 31, "spa": 31, "spd": 31, "spe": 31}, "item": "Leftovers", "teraType": "Steel", "role": "Bulky Attacker", "bvs": {"hp": 95, "atk": 60, "def": 79, "spa": 100, "spd": 125, "spe": 81}, "stats": {"hp": 293, "atk": 104, "def": 179, "spa": 214, "spd": 255, "spe": 182}}, "Florges": {"name": "Florges", "species": "Florges-White", "speciesId": "florges", "gender": "F", "shiny": false, "level": 85, "moves": ["terablast", "synthesis", "calmmind", "moonblast"], "ability": "Flower Veil", "evs": {"hp": 85, "atk": 0, "def": 85, "spa": 85, "spd": 85, "spe": 85}, "ivs": {"hp": 31, "atk": 0, "def": 31, "spa": 31, "spd": 31, "spe": 31}, "item": "Leftovers", "teraType": "Ground", "role": "Tera Blast user", "bvs": {"hp": 78, "atk": 65, "def": 68, "spa": 112, "spd": 154, "spe": 75}, "stats": {"hp": 271, "atk": 115, "def": 164, "spa": 239, "spd": 311, "spe": 176}}, "Pelipper": {"name": "Pelipper", "species": "Pelipper", "speciesId": "pelipper", "gender": "M", "shiny": false, "level": 86, "moves": ["hurricane", "roost", "surf", "uturn"], "ability": "Drizzle", "evs": {"hp": 85, "atk": 85, "def": 85, "spa": 85, "spd": 85, "spe": 85}, "ivs": {"hp": 31, "atk": 31, "def": 31, "spa": 31, "spd": 31, "spe": 31}, "item": "Heavy-Duty Boots", "teraType": "Water", "role": "Bulky Attacker", "bvs": {"hp": 60, "atk": 50, "def": 100, "spa": 95, "spd": 70, "spe": 65}, "stats": {"hp": 243, "atk": 135, "def": 221, "spa": 213, "spd": 170, "spe": 161}}}]}