{"id": "gen9randombattle-2631645310", "format": "[Gen 9] Random Battle", "players": ["lianfan", "Dfrrnspa97"], "log": "|j|\u2606lianfan\n|j|\u2606Dfrrnspa97\n|t:|1781414068\n|gametype|singles\n|player|p1|lianfan|170|2003\n|player|p2|Dfrrnspa97|101|2108\n|gen|9\n|tier|[Gen 9] Random Battle\n|rated|\n|rule|Species Clause: Limit one of each Pok\u00e9mon\n|rule|HP Percentage Mod: HP is shown in percentages\n|rule|Sleep Clause Mod: Limit one foe put to sleep\n|rule|Illusion Level Mod: Illusion disguises the Pok\u00e9mon's true level\n|\n|t:|1781414068\n|teamsize|p1|6\n|teamsize|p2|6\n|start\n|switch|p1a: Moltres|Moltres, L81|278/278\n|switch|p2a: Iron Crown|Iron Crown, L78|268/268\n|turn|1\n|inactive|Battle timer is ON: inactive players will automatically lose when time's up. (requested by lianfan)\n|\n|t:|1781414082\n|switch|p1a: Regigigas|Regigigas, L84|322/322\n|-start|p1a: Regigigas|ability: Slow Start\n|move|p2a: Iron Crown|Volt Switch|p1a: Regigigas\n|-damage|p1a: Regigigas|262/322\n|\n|t:|1781414085\n|-end|p2a: Iron Crown|Quark Drive|[silent]\n|switch|p2a: Toxicroak|Toxicroak, L84, M|277/277|[from] Volt Switch\n|\n|-heal|p1a: Regigigas|282/322|[from] item: Leftovers\n|upkeep\n|turn|2\n|\n|t:|1781414102\n|switch|p1a: Moltres|Moltres, L81|278/278\n|move|p2a: Toxicroak|Swords Dance|p2a: Toxicroak\n|-boost|p2a: Toxicroak|atk|2\n|\n|upkeep\n|turn|3\n|\n|t:|1781414108\n|switch|p2a: Iron Crown|Iron Crown, L78|268/268\n|move|p1a: Moltres|Brave Bird|p2a: Iron Crown\n|-resisted|p2a: Iron Crown\n|-crit|p2a: Iron Crown\n|-damage|p2a: Iron Crown|178/268\n|-damage|p1a: Moltres|248/278|[from] Recoil\n|\n|upkeep\n|turn|4\n|\n|t:|1781414111\n|switch|p1a: Regigigas|Regigigas, L84|282/322\n|-start|p1a: Regigigas|ability: Slow Start\n|move|p2a: Iron Crown|Volt Switch|p1a: Regigigas\n|-damage|p1a: Regigigas|213/322\n|\n|t:|1781414113\n|-end|p2a: Iron Crown|Quark Drive|[silent]\n|switch|p2a: Toxicroak|Toxicroak, L84, M|277/277|[from] Volt Switch\n|\n|-heal|p1a: Regigigas|233/322|[from] item: Leftovers\n|upkeep\n|turn|5\n|\n|t:|1781414116\n|move|p2a: Toxicroak|Gunk Shot|p1a: Regigigas\n|-damage|p1a: Regigigas|84/322\n|-damage|p2a: Toxicroak|250/277|[from] item: Life Orb\n|move|p1a: Regigigas|Body Slam|p2a: Toxicroak\n|-damage|p2a: Toxicroak|165/277\n|\n|-heal|p1a: Regigigas|104/322|[from] item: Leftovers\n|upkeep\n|turn|6\n|\n|t:|1781414130\n|move|p1a: Regigigas|Protect|p1a: Regigigas\n|-singleturn|p1a: Regigigas|Protect\n|move|p2a: Toxicroak|Close Combat|p1a: Regigigas\n|-activate|p1a: Regigigas|move: Protect\n|\n|-heal|p1a: Regigigas|124/322|[from] item: Leftovers\n|upkeep\n|turn|7\n|\n|t:|1781414135\n|switch|p1a: Gurdurr|Gurdurr, L85, M|283/283\n|move|p2a: Toxicroak|Gunk Shot|p1a: Gurdurr|[miss]\n|-miss|p2a: Toxicroak|p1a: Gurdurr\n|\n|upkeep\n|turn|8\n|\n|t:|1781414146\n|switch|p2a: Jumpluff|Jumpluff, L87, M|271/271\n|move|p1a: Gurdurr|Knock Off|p2a: Jumpluff\n|-damage|p2a: Jumpluff|214/271\n|\n|upkeep\n|turn|9\n|\n|t:|1781414159\n|switch|p1a: Regigigas|Regigigas, L84|124/322\n|-start|p1a: Regigigas|ability: Slow Start\n|move|p2a: Jumpluff|Substitute|p2a: Jumpluff\n|-start|p2a: Jumpluff|Substitute\n|-damage|p2a: Jumpluff|147/271\n|\n|-heal|p1a: Regigigas|144/322|[from] item: Leftovers\n|upkeep\n|turn|10\n|\n|t:|1781414167\n|move|p1a: Regigigas|Protect|p1a: Regigigas\n|-singleturn|p1a: Regigigas|Protect\n|move|p2a: Jumpluff|Leech Seed|p1a: Regigigas\n|-activate|p1a: Regigigas|move: Protect\n|\n|-heal|p1a: Regigigas|164/322|[from] item: Leftovers\n|upkeep\n|turn|11\n|\n|t:|1781414177\n|move|p2a: Jumpluff|Leech Seed|p1a: Regigigas|[miss]\n|-miss|p2a: Jumpluff|p1a: Regigigas\n|move|p1a: Regigigas|Body Slam|p2a: Jumpluff\n|-end|p2a: Jumpluff|Substitute\n|\n|-heal|p1a: Regigigas|184/322|[from] item: Leftovers\n|upkeep\n|turn|12\n|\n|t:|1781414186\n|move|p2a: Jumpluff|Leech Seed|p1a: Regigigas\n|-start|p1a: Regigigas|move: Leech Seed\n|move|p1a: Regigigas|Body Slam|p2a: Jumpluff\n|-damage|p2a: Jumpluff|77/271\n|-status|p2a: Jumpluff|par\n|\n|-heal|p1a: Regigigas|204/322|[from] item: Leftovers\n|-damage|p1a: Regigigas|164/322|[from] Leech Seed|[of] p2a: Jumpluff\n|-heal|p2a: Jumpluff|117/271 par|[silent]\n|upkeep\n|turn|13\n|\n|t:|1781414208\n|switch|p2a: Toxicroak|Toxicroak, L84, M|219/219\n|move|p1a: Regigigas|Body Slam|p2a: Toxicroak\n|-immune|p2a: Toxicroak\n|\n|-heal|p1a: Regigigas|184/322|[from] item: Leftovers\n|-damage|p1a: Regigigas|144/322|[from] Leech Seed|[of] p2a: Toxicroak\n|upkeep\n|turn|14\n|\n|t:|1781414217\n|move|p1a: Regigigas|Protect|p1a: Regigigas\n|-singleturn|p1a: Regigigas|Protect\n|move|p2a: Toxicroak|Hyper Voice|p1a: Regigigas\n|-activate|p1a: Regigigas|move: Protect\n|\n|-heal|p1a: Regigigas|164/322|[from] item: Leftovers\n|-damage|p1a: Regigigas|124/322|[from] Leech Seed|[of] p2a: Toxicroak\n|-end|p1a: Regigigas|Slow Start\n|upkeep\n|turn|15\n|\n|t:|1781414224\n|move|p2a: Toxicroak|Hyper Voice|p1a: Regigigas\n|-damage|p1a: Regigigas|0 fnt\n|faint|p1a: Regigigas\n|-end|p1a: Regigigas|Slow Start|[silent]\n|\n|upkeep\n|\n|t:|1781414234\n|switch|p1a: Gurdurr|Gurdurr, L85, M|283/283\n|turn|16\n|\n|t:|1781414238\n|switch|p2a: Jumpluff|Jumpluff, L87, M|117/271 par\n|move|p1a: Gurdurr|Knock Off|p2a: Jumpluff\n|-crit|p2a: Jumpluff\n|-damage|p2a: Jumpluff|31/271 par\n|\n|upkeep\n|turn|17\n|\n|t:|1781414242\n|move|p2a: Jumpluff|Strength Sap|p1a: Gurdurr\n|-unboost|p1a: Gurdurr|atk|1\n|-heal|p2a: Jumpluff|258/271 par\n|move|p1a: Gurdurr|Knock Off|p2a: Jumpluff\n|-damage|p2a: Jumpluff|220/271 par\n|\n|upkeep\n|turn|18\n|\n|t:|1781414251\n|switch|p1a: Moltres|Moltres, L81|248/278\n|move|p2a: Jumpluff|Leech Seed|p1a: Moltres\n|-start|p1a: Moltres|move: Leech Seed\n|\n|-damage|p1a: Moltres|214/278|[from] Leech Seed|[of] p2a: Jumpluff\n|-heal|p2a: Jumpluff|254/271 par|[silent]\n|upkeep\n|turn|19\n|\n|t:|1781414256\n|switch|p2a: Primarina|Primarina, L83, F|268/268\n|move|p1a: Moltres|Fire Blast|p2a: Primarina\n|-resisted|p2a: Primarina\n|-damage|p2a: Primarina|218/268\n|\n|-damage|p1a: Moltres|180/278|[from] Leech Seed|[of] p2a: Primarina\n|-heal|p2a: Primarina|252/268|[silent]\n|upkeep\n|turn|20\n|\n|t:|1781414265\n|switch|p1a: Gogoat|Gogoat, L88, M|360/360\n|move|p2a: Primarina|Flip Turn|p1a: Gogoat\n|-resisted|p1a: Gogoat\n|-damage|p1a: Gogoat|325/360\n|\n|t:|1781414279\n|switch|p2a: Toxicroak|Toxicroak, L84, M|165/277|[from] Flip Turn\n|\n|-heal|p1a: Gogoat|347/360|[from] item: Leftovers\n|upkeep\n|turn|21\n|\n|t:|1781414286\n|switch|p2a: Jumpluff|Jumpluff, L87, M|254/271 par\n|switch|p1a: Gurdurr|Gurdurr, L85, M|283/283\n|\n|upkeep\n|turn|22\n|\n|t:|1781414291\n|switch|p1a: Moltres|Moltres, L81|180/278\n|cant|p2a: Jumpluff|par\n|\n|upkeep\n|turn|23\n|\n|t:|1781414302\n|switch|p1a: Gogoat|Gogoat, L88, M|347/360\n|switch|p2a: Primarina|Primarina, L83, F|252/268\n|\n|-heal|p1a: Gogoat|360/360|[from] item: Leftovers\n|upkeep\n|turn|24\n|\n|t:|1781414314\n|switch|p1a: Hitmonlee|Hitmonlee, L85, M|224/224\n|move|p2a: Primarina|Flip Turn|p1a: Hitmonlee\n|-damage|p1a: Hitmonlee|152/224\n|\n|t:|1781414321\n|switch|p2a: Iron Crown|Iron Crown, L78|178/268|[from] Flip Turn\n|\n|upkeep\n|turn|25\n|\n|t:|1781414330\n|switch|p1a: Gurdurr|Gurdurr, L85, M|283/283\n|move|p2a: Iron Crown|Psyshock|p1a: Gurdurr\n|-supereffective|p1a: Gurdurr\n|-damage|p1a: Gurdurr|115/283\n|\n|upkeep\n|turn|26\n|\n|t:|1781414338\n|switch|p1a: Walking Wake|Walking Wake, L79|286/286\n|move|p2a: Iron Crown|Psyshock|p1a: Walking Wake\n|-damage|p1a: Walking Wake|138/286\n|\n|upkeep\n|turn|27\n|\n|t:|1781414345\n|-end|p2a: Iron Crown|Quark Drive|[silent]\n|switch|p2a: Primarina|Primarina, L83, F|252/268\n|move|p1a: Walking Wake|Flamethrower|p2a: Primarina\n|-resisted|p2a: Primarina\n|-damage|p2a: Primarina|212/268\n|\n|upkeep\n|turn|28\n|\n|t:|1781414353\n|-end|p1a: Walking Wake|Protosynthesis|[silent]\n|switch|p1a: Gogoat|Gogoat, L88, M|360/360\n|move|p2a: Primarina|Moonblast|p1a: Gogoat\n|-damage|p1a: Gogoat|168/360\n|\n|-heal|p1a: Gogoat|190/360|[from] item: Leftovers\n|upkeep\n|turn|29\n|\n|t:|1781414362\n|switch|p2a: Houndoom|Houndoom, L87, M|272/272\n|move|p1a: Gogoat|Horn Leech|p2a: Houndoom\n|-resisted|p2a: Houndoom\n|-damage|p2a: Houndoom|212/272\n|-heal|p1a: Gogoat|220/360|[from] drain|[of] p2a: Houndoom\n|\n|-heal|p1a: Gogoat|242/360|[from] item: Leftovers\n|upkeep\n|turn|30\n|\n|t:|1781414374\n|switch|p1a: Walking Wake|Walking Wake, L79|138/286\n|move|p2a: Houndoom|Fire Blast|p1a: Walking Wake|[miss]\n|-miss|p2a: Houndoom|p1a: Walking Wake\n|\n|upkeep\n|turn|31\n|\n|t:|1781414385\n|switch|p2a: Primarina|Primarina, L83, F|212/268\n|move|p1a: Walking Wake|Flip Turn|p2a: Primarina\n|-resisted|p2a: Primarina\n|-damage|p2a: Primarina|183/268\n|\n|t:|1781414391\n|-end|p1a: Walking Wake|Protosynthesis|[silent]\n|switch|p1a: Gogoat|Gogoat, L88, M|242/360|[from] Flip Turn\n|\n|-heal|p1a: Gogoat|264/360|[from] item: Leftovers\n|upkeep\n|turn|32\n|\n|t:|1781414398\n|switch|p2a: Jumpluff|Jumpluff, L87, M|254/271 par\n|move|p1a: Gogoat|Rock Slide|p2a: Jumpluff\n|-supereffective|p2a: Jumpluff\n|-damage|p2a: Jumpluff|118/271 par\n|\n|-heal|p1a: Gogoat|286/360|[from] item: Leftovers\n|upkeep\n|turn|33\n|\n|t:|1781414407\n|switch|p2a: Toxicroak|Toxicroak, L84, M|165/277\n|move|p1a: Gogoat|Rock Slide|p2a: Toxicroak\n|-resisted|p2a: Toxicroak\n|-damage|p2a: Toxicroak|128/277\n|\n|-heal|p1a: Gogoat|308/360|[from] item: Leftovers\n|upkeep\n|turn|34\n|\n|t:|1781414416\n|switch|p1a: Moltres|Moltres, L81|180/278\n|move|p2a: Toxicroak|Gunk Shot|p1a: Moltres\n|-damage|p1a: Moltres|3/278\n|-damage|p2a: Toxicroak|101/277|[from] item: Life Orb\n|\n|upkeep\n|turn|35\n|\n|t:|1781414428\n|move|p2a: Toxicroak|Sucker Punch||[still]\n|-fail|p2a: Toxicroak\n|move|p1a: Moltres|Roost|p1a: Moltres\n|-heal|p1a: Moltres|142/278\n|-singleturn|p1a: Moltres|move: Roost\n|\n|upkeep\n|turn|36\n|\n|t:|1781414440\n|switch|p2a: Primarina|Primarina, L83, F|183/268\n|move|p1a: Moltres|Roost|p1a: Moltres\n|-heal|p1a: Moltres|278/278\n|-singleturn|p1a: Moltres|move: Roost\n|\n|upkeep\n|turn|37\n|\n|t:|1781414448\n|move|p1a: Moltres|Roost||[still]\n|-fail|p1a: Moltres|heal\n|move|p2a: Primarina|Hydro Pump|p1a: Moltres\n|-supereffective|p1a: Moltres\n|-crit|p1a: Moltres\n|-damage|p1a: Moltres|0 fnt\n|faint|p1a: Moltres\n|\n|upkeep\n|\n|t:|1781414453\n|switch|p1a: Gogoat|Gogoat, L88, M|308/360\n|turn|38\n|\n|t:|1781414461\n|switch|p2a: Toxicroak|Toxicroak, L84, M|101/277\n|move|p1a: Gogoat|Rock Slide|p2a: Toxicroak\n|-resisted|p2a: Toxicroak\n|-damage|p2a: Toxicroak|64/277\n|\n|-heal|p1a: Gogoat|330/360|[from] item: Leftovers\n|upkeep\n|turn|39\n|\n|t:|1781414467\n|switch|p2a: Primarina|Primarina, L83, F|219/219\n|switch|p1a: Gurdurr|Gurdurr, L85, M|115/283\n|\n|upkeep\n|turn|40\n|\n|t:|1781414480\n|move|p1a: Gurdurr|Mach Punch|p2a: Primarina\n|-immune|p2a: Primarina\n|move|p2a: Primarina|Hyper Voice|p1a: Gurdurr\n|-damage|p1a: Gurdurr|0 fnt\n|faint|p1a: Gurdurr\n|\n|upkeep\n|\n|t:|1781414488\n|switch|p1a: Gogoat|Gogoat, L88, M|330/360\n|turn|41\n|\n|t:|1781414491\n|-terastallize|p2a: Primarina|Normal\n|move|p2a: Primarina|Hyper Voice|p1a: Gogoat\n|-damage|p1a: Gogoat|102/360\n|move|p1a: Gogoat|Rock Slide|p2a: Primarina|[miss]\n|-miss|p1a: Gogoat|p2a: Primarina\n|\n|-heal|p1a: Gogoat|124/360|[from] item: Leftovers\n|upkeep\n|turn|42\n|\n|t:|1781414503\n|move|p2a: Primarina|Hyper Voice|p1a: Gogoat\n|-damage|p1a: Gogoat|0 fnt\n|faint|p1a: Gogoat\n|\n|upkeep\n|\n|t:|1781414506\n|switch|p1a: Hitmonlee|Hitmonlee, L85, M|152/224\n|turn|43\n|\n|t:|1781414515\n|move|p2a: Primarina|Hyper Voice|p1a: Hitmonlee\n|-damage|p1a: Hitmonlee|0 fnt\n|faint|p1a: Hitmonlee\n|\n|upkeep\n|-message|lianfan forfeited.\n|\n|win|Dfrrnspa97\n", "inputlog": ">version a8376a258c1d4662feba110a92103f3664a72141\n>start {\"formatid\":\"gen9randombattle\",\"seed\":\"sodium,5a781f667c392474a10f0056c662b44b\",\"rated\":\"Rated battle\"}\n>player p1 {\"name\":\"lianfan\",\"avatar\":\"170\",\"rating\":2003,\"seed\":\"sodium,f6ca5ba4b40874f6891f057c78273cbb\"}\n>player p2 {\"name\":\"Dfrrnspa97\",\"avatar\":\"101\",\"rating\":2108,\"seed\":\"sodium,7a95d012abc05c8da67db791803eb849\"}\n>p1 switch 2\n>p2 move voltswitch\n>p2 switch 2\n>p1 switch 2\n>p2 move swordsdance\n>p1 move bravebird\n>p2 switch 2\n>p1 switch 2\n>p2 move voltswitch\n>p2 switch 2\n>p1 move bodyslam\n>p2 move gunkshot\n>p1 move protect\n>p2 move closecombat\n>p1 switch 5\n>p2 move gunkshot\n>p1 move knockoff\n>p2 switch 6\n>p1 switch 5\n>p2 move substitute\n>p1 move protect\n>p2 move leechseed\n>p1 move bodyslam\n>p2 move leechseed\n>p1 move bodyslam\n>p2 move leechseed\n>p1 move bodyslam\n>p2 switch 3\n>p1 move protect\n>p2 move hypervoice\n>p1 move bodyslam\n>p2 move hypervoice\n>p1 switch 5\n>p1 move knockoff\n>p2 switch 3\n>p1 move knockoff\n>p2 move strengthsap\n>p1 switch 2\n>p2 move leechseed\n>p1 move fireblast\n>p2 switch 5\n>p1 switch 6\n>p2 move flipturn\n>p2 switch 6\n>p1 switch 2\n>p2 switch 5\n>p1 switch 6\n>p2 move leechseed\n>p1 switch 2\n>p2 switch 6\n>p1 switch 3\n>p2 move flipturn\n>p2 switch 2\n>p1 switch 6\n>p2 move psyshock\n>p1 switch 4\n>p2 move psyshock\n>p1 move flamethrower\n>p2 switch 2\n>p1 switch 3\n>p2 move moonblast\n>p1 move hornleech\n>p2 switch 4\n>p1 switch 3\n>p2 move fireblast\n>p1 move flipturn\n>p2 switch 4\n>p1 switch 3\n>p1 move rockslide\n>p2 switch 6\n>p1 move rockslide\n>p2 switch 5\n>p1 switch 2\n>p2 move gunkshot\n>p1 move roost\n>p2 move suckerpunch\n>p1 move roost\n>p2 switch 6\n>p1 move roost\n>p2 move hydropump\n>p1 switch 2\n>p1 move rockslide\n>p2 switch 6\n>p1 switch 4\n>p2 switch 3\n>p1 move machpunch\n>p2 move hypervoice\n>p1 switch 4\n>p1 move rockslide\n>p2 move hypervoice terastallize\n>p1 move hornleech\n>p2 move hypervoice\n>p1 switch 6\n>p1 move knockoff\n>p2 move hypervoice\n>forcelose p1", "uploadtime": 1781414070, "views": 7, "formatid": "gen9randombattle", "rating": null, "private": 0, "password": null}