{"id": "gen9randombattle-2631899456", "format": "[Gen 9] Random Battle", "players": ["Rheny", "Reulsen"], "log": "|j|\u2606Rheny\n|j|\u2606Reulsen\n|t:|1781453487\n|gametype|singles\n|player|p1|Rheny|miku-ghost|1985\n|player|p2|Reulsen|red|1983\n|gen|9\n|tier|[Gen 9] Random Battle\n|rated|\n|rule|Species Clause: Limit one of each Pok\u00e9mon\n|rule|HP Percentage Mod: HP is shown in percentages\n|rule|Sleep Clause Mod: Limit one foe put to sleep\n|rule|Illusion Level Mod: Illusion disguises the Pok\u00e9mon's true level\n|\n|t:|1781453487\n|teamsize|p1|6\n|teamsize|p2|6\n|start\n|switch|p1a: Ting-Lu|Ting-Lu, L78|370/370\n|switch|p2a: Vaporeon|Vaporeon, L86, F|364/364\n|-ability|p1a: Ting-Lu|Vessel of Ruin\n|turn|1\n|\n|t:|1781453510\n|switch|p1a: Iron Hands|Iron Hands, L79|373/373\n|move|p2a: Vaporeon|Scald|p1a: Iron Hands\n|-damage|p1a: Iron Hands|258/373\n|\n|-heal|p1a: Iron Hands|281/373|[from] item: Leftovers\n|upkeep\n|turn|2\n|\n|t:|1781453532\n|switch|p2a: Coalossal|Coalossal, L89, F|341/341\n|move|p1a: Iron Hands|Swords Dance|p1a: Iron Hands\n|-boost|p1a: Iron Hands|atk|2\n|\n|-heal|p1a: Iron Hands|304/373|[from] item: Leftovers\n|upkeep\n|turn|3\n|\n|t:|1781453558\n|switch|p2a: Iron Leaves|Iron Leaves, L80|275/275\n|move|p1a: Iron Hands|Drain Punch|p2a: Iron Leaves\n|-resisted|p2a: Iron Leaves\n|-damage|p2a: Iron Leaves|184/275\n|-heal|p1a: Iron Hands|350/373|[from] drain|[of] p2a: Iron Leaves\n|\n|-heal|p1a: Iron Hands|373/373|[from] item: Leftovers\n|upkeep\n|turn|4\n|\n|t:|1781453565\n|move|p2a: Iron Leaves|Psyblade|p1a: Iron Hands\n|-supereffective|p1a: Iron Hands\n|-damage|p1a: Iron Hands|160/373\n|-damage|p2a: Iron Leaves|157/275|[from] item: Life Orb\n|move|p1a: Iron Hands|Ice Punch|p2a: Iron Leaves\n|-supereffective|p2a: Iron Leaves\n|-damage|p2a: Iron Leaves|0 fnt\n|faint|p2a: Iron Leaves\n|-end|p2a: Iron Leaves|Quark Drive|[silent]\n|\n|-heal|p1a: Iron Hands|183/373|[from] item: Leftovers\n|upkeep\n|\n|t:|1781453574\n|switch|p2a: Chi-Yu|Chi-Yu, L77|211/211\n|-ability|p2a: Chi-Yu|Beads of Ruin\n|turn|5\n|\n|t:|1781453583\n|-end|p1a: Iron Hands|Quark Drive|[silent]\n|switch|p1a: Pelipper|Pelipper, L86, F|243/243\n|-weather|RainDance|[from] ability: Drizzle|[of] p1a: Pelipper\n|move|p2a: Chi-Yu|Psychic|p1a: Pelipper\n|-damage|p1a: Pelipper|95/243\n|\n|-weather|RainDance|[upkeep]\n|upkeep\n|turn|6\n|\n|t:|1781453592\n|switch|p1a: Ting-Lu|Ting-Lu, L78|370/370\n|-ability|p1a: Ting-Lu|Vessel of Ruin\n|move|p2a: Chi-Yu|Psychic|p1a: Ting-Lu\n|-immune|p1a: Ting-Lu\n|\n|-weather|RainDance|[upkeep]\n|upkeep\n|turn|7\n|\n|t:|1781453596\n|switch|p2a: Vaporeon|Vaporeon, L86, F|364/364\n|move|p1a: Ting-Lu|Stealth Rock|p2a: Vaporeon\n|-sidestart|p2: Reulsen|move: Stealth Rock\n|\n|-weather|RainDance|[upkeep]\n|upkeep\n|turn|8\n|\n|t:|1781453603\n|switch|p1a: Iron Hands|Iron Hands, L79|183/373\n|move|p2a: Vaporeon|Scald|p1a: Iron Hands\n|-damage|p1a: Iron Hands|0 fnt\n|faint|p1a: Iron Hands\n|-end|p1a: Iron Hands|Quark Drive|[silent]\n|\n|-weather|RainDance|[upkeep]\n|upkeep\n|\n|t:|1781453605\n|switch|p1a: Pawmot|Pawmot, L80, M|243/243\n|turn|9\n|\n|t:|1781453619\n|switch|p2a: Coalossal|Coalossal, L89, F|341/341\n|move|p1a: Pawmot|Double Shock|p2a: Coalossal\n|-damage|p2a: Coalossal|207/341\n|-start|p1a: Pawmot|typechange|???/Fighting|[from] move: Double Shock\n|-status|p1a: Pawmot|brn|[from] ability: Flame Body|[of] p2a: Coalossal\n|-damage|p1a: Pawmot|219/243 brn|[from] item: Life Orb\n|\n|-weather|none\n|-damage|p1a: Pawmot|204/243 brn|[from] brn\n|upkeep\n|turn|10\n|c|\u2606Rheny|zzzzzzzzz\n|\n|t:|1781453634\n|move|p1a: Pawmot|Close Combat|p2a: Coalossal\n|-supereffective|p2a: Coalossal\n|-crit|p2a: Coalossal\n|-damage|p2a: Coalossal|28/341\n|-unboost|p1a: Pawmot|def|1\n|-unboost|p1a: Pawmot|spd|1\n|-damage|p1a: Pawmot|180/243 brn|[from] item: Life Orb\n|move|p2a: Coalossal|Rapid Spin|p1a: Pawmot\n|-damage|p1a: Pawmot|121/243 brn\n|-boost|p2a: Coalossal|spe|1\n|-sideend|p2: Reulsen|Stealth Rock|[from] move: Rapid Spin|[of] p2a: Coalossal\n|\n|-damage|p1a: Pawmot|106/243 brn|[from] brn\n|upkeep\n|turn|11\n|\n|t:|1781453652\n|move|p1a: Pawmot|Knock Off|p2a: Coalossal\n|-crit|p2a: Coalossal\n|-damage|p2a: Coalossal|0 fnt\n|-enditem|p2a: Coalossal|Heavy-Duty Boots|[from] move: Knock Off|[of] p1a: Pawmot\n|faint|p2a: Coalossal\n|-damage|p1a: Pawmot|82/243 brn|[from] item: Life Orb\n|\n|-damage|p1a: Pawmot|67/243 brn|[from] brn\n|upkeep\n|\n|t:|1781453658\n|switch|p2a: Vaporeon|Vaporeon, L86, F|364/364\n|turn|12\n|\n|t:|1781453669\n|switch|p1a: Munkidori|Munkidori, L79, M|269/269\n|move|p2a: Vaporeon|Wish|p2a: Vaporeon\n|\n|upkeep\n|turn|13\n|\n|t:|1781453678\n|move|p1a: Munkidori|Sludge Wave|p2a: Vaporeon\n|-damage|p2a: Vaporeon|204/364\n|move|p2a: Vaporeon|Scald|p1a: Munkidori\n|-damage|p1a: Munkidori|161/269\n|\n|-heal|p2a: Vaporeon|364/364|[from] move: Wish|[wisher] Vaporeon\n|upkeep\n|turn|14\n|\n|t:|1781453691\n|move|p1a: Munkidori|Sludge Wave|p2a: Vaporeon\n|-damage|p2a: Vaporeon|213/364\n|-status|p2a: Vaporeon|psn\n|move|p2a: Vaporeon|Wish|p2a: Vaporeon\n|\n|-heal|p2a: Vaporeon|235/364 psn|[from] item: Leftovers\n|-damage|p2a: Vaporeon|190/364 psn|[from] psn\n|upkeep\n|turn|15\n|\n|t:|1781453701\n|switch|p1a: Pawmot|Pawmot, L80, M|67/243 brn\n|move|p2a: Vaporeon|Scald|p1a: Pawmot\n|-damage|p1a: Pawmot|0 fnt\n|faint|p1a: Pawmot\n|\n|-heal|p2a: Vaporeon|364/364 psn|[from] move: Wish|[wisher] Vaporeon\n|-damage|p2a: Vaporeon|319/364 psn|[from] psn\n|upkeep\n|\n|t:|1781453704\n|switch|p1a: Mismagius|Mismagius, L86, F|243/243\n|turn|16\n|\n|t:|1781453718\n|move|p1a: Mismagius|Substitute|p1a: Mismagius\n|-start|p1a: Mismagius|Substitute\n|-damage|p1a: Mismagius|183/243\n|move|p2a: Vaporeon|Roar|p1a: Mismagius\n|drag|p1a: Munkidori|Munkidori, L79, M|161/269\n|\n|-heal|p2a: Vaporeon|341/364 psn|[from] item: Leftovers\n|-damage|p2a: Vaporeon|296/364 psn|[from] psn\n|upkeep\n|turn|17\n|\n|t:|1781453725\n|move|p1a: Munkidori|Psyshock|p2a: Vaporeon\n|-crit|p2a: Vaporeon\n|-damage|p2a: Vaporeon|23/364 psn\n|move|p2a: Vaporeon|Scald|p1a: Munkidori\n|-damage|p1a: Munkidori|64/269\n|\n|-heal|p2a: Vaporeon|45/364 psn|[from] item: Leftovers\n|-damage|p2a: Vaporeon|0 fnt|[from] psn\n|faint|p2a: Vaporeon\n|upkeep\n|inactive|Battle timer is ON: inactive players will automatically lose when time's up. (requested by Rheny)\n|\n|t:|1781453751\n|switch|p2a: Orthworm|Orthworm, L88, M|266/266\n|turn|18\n|\n|t:|1781453758\n|switch|p1a: Pelipper|Pelipper, L86, F|95/243\n|-weather|RainDance|[from] ability: Drizzle|[of] p1a: Pelipper\n|move|p2a: Orthworm|Heavy Slam|p1a: Pelipper\n|-resisted|p1a: Pelipper\n|-damage|p1a: Pelipper|37/243\n|\n|-weather|RainDance|[upkeep]\n|upkeep\n|turn|19\n|\n|t:|1781453768\n|move|p2a: Orthworm|Heavy Slam|p1a: Pelipper\n|-resisted|p1a: Pelipper\n|-damage|p1a: Pelipper|0 fnt\n|faint|p1a: Pelipper\n|\n|-weather|RainDance|[upkeep]\n|upkeep\n|\n|t:|1781453773\n|switch|p1a: Munkidori|Munkidori, L79, M|64/269\n|turn|20\n|\n|t:|1781453782\n|move|p1a: Munkidori|Focus Blast|p2a: Orthworm\n|-supereffective|p2a: Orthworm\n|-damage|p2a: Orthworm|0 fnt\n|faint|p2a: Orthworm\n|\n|-weather|RainDance|[upkeep]\n|upkeep\n|\n|t:|1781453787\n|switch|p2a: Decidueye|Decidueye, L88, M|281/281\n|turn|21\n|\n|t:|1781453793\n|switch|p1a: Ting-Lu|Ting-Lu, L78|370/370\n|-ability|p1a: Ting-Lu|Vessel of Ruin\n|move|p2a: Decidueye|Spirit Shackle|p1a: Ting-Lu\n|-resisted|p1a: Ting-Lu\n|-damage|p1a: Ting-Lu|332/370\n|-activate|p1a: Ting-Lu|trapped\n|\n|-weather|RainDance|[upkeep]\n|-heal|p1a: Ting-Lu|355/370|[from] item: Leftovers\n|upkeep\n|turn|22\n|\n|t:|1781453800\n|-terastallize|p1a: Ting-Lu|Ghost\n|move|p2a: Decidueye|Leaf Storm|p1a: Ting-Lu\n|-damage|p1a: Ting-Lu|219/370\n|-unboost|p2a: Decidueye|spa|2\n|move|p1a: Ting-Lu|Payback|p2a: Decidueye\n|-supereffective|p2a: Decidueye\n|-damage|p2a: Decidueye|77/281\n|\n|-weather|none\n|-heal|p1a: Ting-Lu|242/370|[from] item: Leftovers\n|upkeep\n|turn|23\n|\n|t:|1781453808\n|move|p2a: Decidueye|U-turn|p1a: Ting-Lu\n|-resisted|p1a: Ting-Lu\n|-damage|p1a: Ting-Lu|217/370\n|\n|t:|1781453811\n|switch|p2a: Chi-Yu|Chi-Yu, L77|211/211|[from] U-turn\n|-ability|p2a: Chi-Yu|Beads of Ruin\n|move|p1a: Ting-Lu|Payback|p2a: Chi-Yu\n|-resisted|p2a: Chi-Yu\n|-damage|p2a: Chi-Yu|183/211\n|\n|-heal|p1a: Ting-Lu|240/370|[from] item: Leftovers\n|upkeep\n|turn|24\n|\n|t:|1781453825\n|-terastallize|p2a: Chi-Yu|Fire\n|move|p2a: Chi-Yu|Dark Pulse|p1a: Ting-Lu\n|-supereffective|p1a: Ting-Lu\n|-damage|p1a: Ting-Lu|0 fnt\n|faint|p1a: Ting-Lu\n|\n|upkeep\n|\n|t:|1781453834\n|switch|p1a: Munkidori|Munkidori, L79, M|64/269\n|turn|25\n|\n|t:|1781453842\n|switch|p2a: Decidueye|Decidueye, L88, M|77/281\n|move|p1a: Munkidori|Sludge Wave|p2a: Decidueye\n|-damage|p2a: Decidueye|0 fnt\n|faint|p2a: Decidueye\n|\n|upkeep\n|\n|t:|1781453849\n|switch|p2a: Chi-Yu|Chi-Yu, L77, tera:Fire|183/211\n|-ability|p2a: Chi-Yu|Beads of Ruin\n|turn|26\n|\n|t:|1781453852\n|move|p1a: Munkidori|Sludge Wave|p2a: Chi-Yu\n|-damage|p2a: Chi-Yu|45/211\n|move|p2a: Chi-Yu|Dark Pulse|p1a: Munkidori\n|-supereffective|p1a: Munkidori\n|-damage|p1a: Munkidori|0 fnt\n|faint|p1a: Munkidori\n|\n|upkeep\n|\n|t:|1781453855\n|switch|p1a: Mismagius|Mismagius, L86, F|183/243\n|turn|27\n|\n|t:|1781453861\n|move|p1a: Mismagius|Shadow Ball|p2a: Chi-Yu\n|-damage|p2a: Chi-Yu|0 fnt\n|faint|p2a: Chi-Yu\n|\n|win|Rheny\n|raw|Rheny's rating: 1985 &rarr; <strong>2005</strong><br />(+20 for winning)\n|raw|Reulsen's rating: 1983 &rarr; <strong>1963</strong><br />(-20 for losing)\n", "inputlog": ">version a8376a258c1d4662feba110a92103f3664a72141\n>start {\"formatid\":\"gen9randombattle\",\"seed\":\"sodium,964ca6f0a4f940a0a96523239b609405\",\"rated\":\"Rated battle\"}\n>player p1 {\"name\":\"Rheny\",\"avatar\":\"miku-ghost\",\"rating\":1985,\"seed\":\"sodium,ccb52ecfed1c135d98b070a8a6ea5542\"}\n>player p2 {\"name\":\"Reulsen\",\"avatar\":\"red\",\"rating\":1983,\"seed\":\"sodium,5d01ac865e6b435e5a275dbe2e04ade1\"}\n>p1 switch 4\n>p2 move scald\n>p1 move swordsdance\n>p2 switch 4\n>p1 move drainpunch\n>p2 switch 6\n>p1 move icepunch\n>p2 move psyblade\n>p2 switch 2\n>p1 switch 6\n>p2 move psychic\n>p1 switch 4\n>p2 move psychic\n>p1 move stealthrock\n>p2 switch 4\n>p1 switch 6\n>p2 move scald\n>p1 switch 5\n>p1 move doubleshock\n>p2 switch 6\n>chat \u2606Rheny|zzzzzzzzz\n>p1 move closecombat\n>p2 move rapidspin\n>p1 move knockoff\n>p2 move rapidspin\n>p2 switch 6\n>p1 switch 2\n>p2 move wish\n>p1 move sludgewave\n>p2 move scald\n>p1 move sludgewave\n>p2 move wish\n>p1 switch 2\n>p2 move scald\n>p1 switch 3\n>p1 move substitute\n>p2 move roar\n>p1 move psyshock\n>p2 move scald\n>p2 switch 3\n>p1 switch 4\n>p2 move heavyslam\n>p1 move weatherball\n>p2 move heavyslam\n>p1 switch 4\n>p1 move focusblast\n>p2 move heavyslam\n>p2 switch 5\n>p1 switch 6\n>p2 move spiritshackle\n>p1 move payback terastallize\n>p2 move leafstorm\n>p1 move payback\n>p2 move uturn\n>p2 switch 4\n>p1 move earthquake\n>p2 move darkpulse terastallize\n>p1 switch 6\n>p1 move sludgewave\n>p2 switch 4\n>p2 switch 4\n>p1 move sludgewave\n>p2 move darkpulse\n>p1 switch 2\n>p1 move shadowball\n>p2 move darkpulse", "uploadtime": 1781453490, "views": 6, "formatid": "gen9randombattle", "rating": 1963, "private": 0, "password": null}