{"id": "gen9randombattle-2631911860", "format": "[Gen 9] Random Battle", "players": ["Reulsen", "newsock"], "log": "|j|\u2606Reulsen\n|j|\u2606newsock\n|t:|1781454825\n|gametype|singles\n|player|p1|Reulsen|red|2022\n|player|p2|newsock|2|1965\n|gen|9\n|tier|[Gen 9] Random Battle\n|rated|\n|rule|Species Clause: Limit one of each Pok\u00e9mon\n|rule|HP Percentage Mod: HP is shown in percentages\n|rule|Sleep Clause Mod: Limit one foe put to sleep\n|rule|Illusion Level Mod: Illusion disguises the Pok\u00e9mon's true level\n|\n|t:|1781454825\n|teamsize|p1|6\n|teamsize|p2|6\n|start\n|switch|p1a: Slaking|Slaking, L84, M|389/389\n|switch|p2a: Flygon|Flygon, L82, F|265/265\n|turn|1\n|\n|t:|1781454835\n|move|p1a: Slaking|Knock Off|p2a: Flygon\n|-damage|p2a: Flygon|101/265\n|-enditem|p2a: Flygon|Choice Band|[from] move: Knock Off|[of] p1a: Slaking\n|move|p2a: Flygon|U-turn|p1a: Slaking\n|-damage|p1a: Slaking|345/389\n|\n|t:|1781454842\n|switch|p2a: Eiscue|Eiscue, L88, F|274/274|[from] U-turn\n|\n|upkeep\n|turn|2\n|inactive|Battle timer is ON: inactive players will automatically lose when time's up. (requested by newsock)\n|\n|t:|1781454851\n|switch|p1a: Illumise|Illumise, L91, F|266/266\n|move|p2a: Eiscue|Belly Drum|p2a: Eiscue\n|-damage|p2a: Eiscue|137/274\n|-setboost|p2a: Eiscue|atk|6|[from] move: Belly Drum\n|-enditem|p2a: Eiscue|Sitrus Berry|[eat]\n|-heal|p2a: Eiscue|205/274|[from] item: Sitrus Berry\n|\n|upkeep\n|turn|3\n|\n|t:|1781454861\n|switch|p2a: Flygon|Flygon, L82, F|101/265\n|move|p1a: Illumise|Encore||[still]\n|-fail|p1a: Illumise\n|\n|upkeep\n|turn|4\n|\n|t:|1781454866\n|move|p2a: Flygon|Stone Edge|p1a: Illumise\n|-supereffective|p1a: Illumise\n|-damage|p1a: Illumise|130/266\n|move|p1a: Illumise|Bug Buzz|p2a: Flygon\n|-damage|p2a: Flygon|1/265\n|\n|upkeep\n|turn|5\n|\n|t:|1781454873\n|move|p1a: Illumise|Roost|p1a: Illumise\n|-heal|p1a: Illumise|263/266\n|-singleturn|p1a: Illumise|move: Roost\n|move|p2a: Flygon|Stone Edge|p1a: Illumise\n|-supereffective|p1a: Illumise\n|-damage|p1a: Illumise|123/266\n|\n|upkeep\n|turn|6\n|\n|t:|1781454881\n|move|p1a: Illumise|Roost|p1a: Illumise\n|-heal|p1a: Illumise|256/266\n|-singleturn|p1a: Illumise|move: Roost\n|move|p2a: Flygon|Stone Edge|p1a: Illumise\n|-supereffective|p1a: Illumise\n|-crit|p1a: Illumise\n|-damage|p1a: Illumise|46/266\n|\n|upkeep\n|turn|7\n|\n|t:|1781454896\n|move|p1a: Illumise|Roost|p1a: Illumise\n|-heal|p1a: Illumise|179/266\n|-singleturn|p1a: Illumise|move: Roost\n|move|p2a: Flygon|Stone Edge|p1a: Illumise\n|-supereffective|p1a: Illumise\n|-damage|p1a: Illumise|47/266\n|\n|upkeep\n|turn|8\n|\n|t:|1781454905\n|move|p1a: Illumise|Roost|p1a: Illumise\n|-heal|p1a: Illumise|180/266\n|-singleturn|p1a: Illumise|move: Roost\n|move|p2a: Flygon|Stone Edge|p1a: Illumise\n|-supereffective|p1a: Illumise\n|-damage|p1a: Illumise|40/266\n|\n|upkeep\n|turn|9\n|\n|t:|1781454916\n|switch|p1a: Bronzong|Bronzong, L88|261/261\n|move|p2a: Flygon|Stone Edge|p1a: Bronzong\n|-resisted|p1a: Bronzong\n|-damage|p1a: Bronzong|232/261\n|\n|-heal|p1a: Bronzong|248/261|[from] item: Leftovers\n|upkeep\n|turn|10\n|\n|t:|1781454930\n|move|p2a: Flygon|U-turn|p1a: Bronzong\n|-damage|p1a: Bronzong|212/261\n|\n|t:|1781454938\n|switch|p2a: Gurdurr|Gurdurr, L85, M|283/283|[from] U-turn\n|move|p1a: Bronzong|Iron Defense|p1a: Bronzong\n|-boost|p1a: Bronzong|def|2\n|\n|-heal|p1a: Bronzong|228/261|[from] item: Leftovers\n|upkeep\n|turn|11\n|\n|t:|1781454943\n|move|p2a: Gurdurr|Knock Off|p1a: Bronzong\n|-supereffective|p1a: Bronzong\n|-damage|p1a: Bronzong|164/261\n|-enditem|p1a: Bronzong|Leftovers|[from] move: Knock Off|[of] p2a: Gurdurr\n|move|p1a: Bronzong|Psychic Noise|p2a: Gurdurr\n|-supereffective|p2a: Gurdurr\n|-damage|p2a: Gurdurr|125/283\n|-start|p2a: Gurdurr|move: Heal Block\n|\n|upkeep\n|turn|12\n|\n|t:|1781454953\n|move|p2a: Gurdurr|Knock Off|p1a: Bronzong\n|-supereffective|p1a: Bronzong\n|-damage|p1a: Bronzong|128/261\n|move|p1a: Bronzong|Psychic Noise|p2a: Gurdurr\n|-supereffective|p2a: Gurdurr\n|-damage|p2a: Gurdurr|0 fnt\n|faint|p2a: Gurdurr\n|\n|upkeep\n|\n|t:|1781454958\n|switch|p2a: Basculegion|Basculegion-F, L83, F|335/335\n|turn|13\n|\n|t:|1781454966\n|switch|p1a: Mabosstiff|Mabosstiff, L86, F|278/278\n|move|p2a: Basculegion|Shadow Ball|p1a: Mabosstiff\n|-resisted|p1a: Mabosstiff\n|-damage|p1a: Mabosstiff|212/278\n|\n|upkeep\n|turn|14\n|\n|t:|1781454974\n|switch|p2a: Flygon|Flygon, L82, F|1/265\n|move|p1a: Mabosstiff|Crunch|p2a: Flygon\n|-damage|p2a: Flygon|0 fnt\n|faint|p2a: Flygon\n|\n|upkeep\n|\n|t:|1781454977\n|switch|p2a: Golem|Golem, L87, F|281/281\n|turn|15\n|\n|t:|1781454986\n|switch|p1a: Bronzong|Bronzong, L88|128/261\n|move|p2a: Golem|Stealth Rock|p1a: Bronzong\n|-sidestart|p1: Reulsen|move: Stealth Rock\n|\n|upkeep\n|turn|16\n|\n|t:|1781454995\n|switch|p2a: Basculegion|Basculegion-F, L83, F|335/335\n|move|p1a: Bronzong|Psychic Noise|p2a: Basculegion\n|-damage|p2a: Basculegion|283/335\n|-start|p2a: Basculegion|move: Heal Block\n|\n|upkeep\n|turn|17\n|\n|t:|1781455014\n|switch|p1a: Mabosstiff|Mabosstiff, L86, F|212/278\n|-damage|p1a: Mabosstiff|178/278|[from] Stealth Rock\n|move|p2a: Basculegion|Wave Crash|p1a: Mabosstiff\n|-damage|p1a: Mabosstiff|26/278\n|-damage|p2a: Basculegion|233/335|[from] Recoil\n|\n|-end|p2a: Basculegion|move: Heal Block\n|upkeep\n|turn|18\n|\n|t:|1781455026\n|switch|p2a: Eiscue|Eiscue, L88, F|205/274\n|move|p1a: Mabosstiff|Crunch|p2a: Eiscue\n|-activate|p2a: Eiscue|ability: Ice Face\n|-damage|p2a: Eiscue|205/274\n|-unboost|p2a: Eiscue|def|1\n|detailschange|p2a: Eiscue|Eiscue-Noice, L88, F\n|\n|upkeep\n|turn|19\n|\n|t:|1781455032\n|move|p1a: Mabosstiff|Crunch|p2a: Eiscue\n|-damage|p2a: Eiscue|13/274\n|move|p2a: Eiscue|Liquidation|p1a: Mabosstiff\n|-damage|p1a: Mabosstiff|0 fnt\n|faint|p1a: Mabosstiff\n|\n|upkeep\n|\n|t:|1781455042\n|switch|p1a: Illumise|Illumise, L91, F|40/266\n|turn|20\n|\n|t:|1781455051\n|move|p1a: Illumise|Roost|p1a: Illumise\n|-heal|p1a: Illumise|173/266\n|-singleturn|p1a: Illumise|move: Roost\n|move|p2a: Eiscue|Liquidation|p1a: Illumise\n|-damage|p1a: Illumise|112/266\n|-unboost|p1a: Illumise|def|1\n|\n|upkeep\n|turn|21\n|\n|t:|1781455064\n|move|p1a: Illumise|Roost|p1a: Illumise\n|-heal|p1a: Illumise|245/266\n|-singleturn|p1a: Illumise|move: Roost\n|move|p2a: Eiscue|Liquidation|p1a: Illumise\n|-damage|p1a: Illumise|157/266\n|\n|upkeep\n|turn|22\n|\n|t:|1781455073\n|move|p2a: Eiscue|Ice Spinner|p1a: Illumise\n|-damage|p1a: Illumise|36/266\n|move|p1a: Illumise|Bug Buzz|p2a: Eiscue\n|-damage|p2a: Eiscue|0 fnt\n|faint|p2a: Eiscue\n|\n|upkeep\n|\n|t:|1781455081\n|switch|p2a: Golem|Golem, L87, F|281/281\n|turn|23\n|\n|t:|1781455107\n|move|p1a: Illumise|Bug Buzz|p2a: Golem\n|-damage|p2a: Golem|175/281\n|move|p2a: Golem|Earthquake|p1a: Illumise\n|-resisted|p1a: Illumise\n|-damage|p1a: Illumise|0 fnt\n|faint|p1a: Illumise\n|\n|upkeep\n|inactive|Reulsen has 120 seconds left.\n|\n|t:|1781455122\n|switch|p1a: Slaking|Slaking, L84, M|345/389\n|-damage|p1a: Slaking|297/389|[from] Stealth Rock\n|turn|24\n|\n|t:|1781455135\n|move|p1a: Slaking|Earthquake|p2a: Golem\n|-supereffective|p2a: Golem\n|-damage|p2a: Golem|0 fnt\n|faint|p2a: Golem\n|\n|upkeep\n|\n|t:|1781455141\n|switch|p2a: Basculegion|Basculegion-F, L83, F|233/335\n|turn|25\n|\n|t:|1781455168\n|switch|p1a: Bronzong|Bronzong, L88|128/261\n|-damage|p1a: Bronzong|112/261|[from] Stealth Rock\n|move|p2a: Basculegion|Hydro Pump|p1a: Bronzong|[miss]\n|-miss|p2a: Basculegion|p1a: Bronzong\n|\n|upkeep\n|turn|26\n|\n|t:|1781455177\n|move|p2a: Basculegion|Hydro Pump|p1a: Bronzong\n|-damage|p1a: Bronzong|0 fnt\n|faint|p1a: Bronzong\n|\n|upkeep\n|\n|t:|1781455182\n|switch|p1a: Lokix|Lokix, L82, F|251/251\n|-damage|p1a: Lokix|189/251|[from] Stealth Rock\n|turn|27\n|\n|t:|1781455193\n|move|p1a: Lokix|Knock Off|p2a: Basculegion\n|-supereffective|p2a: Basculegion\n|-damage|p2a: Basculegion|0 fnt\n|-enditem|p2a: Basculegion|Assault Vest|[from] move: Knock Off|[of] p1a: Lokix\n|faint|p2a: Basculegion\n|-damage|p1a: Lokix|164/251|[from] item: Life Orb\n|\n|upkeep\n|\n|t:|1781455196\n|switch|p2a: Empoleon|Empoleon, L84, M|278/278\n|turn|28\n|\n|t:|1781455203\n|move|p1a: Lokix|Knock Off|p2a: Empoleon\n|-damage|p2a: Empoleon|138/278\n|-enditem|p2a: Empoleon|Leftovers|[from] move: Knock Off|[of] p1a: Lokix\n|-damage|p1a: Lokix|139/251|[from] item: Life Orb\n|move|p2a: Empoleon|Surf|p1a: Lokix\n|-damage|p1a: Lokix|0 fnt\n|faint|p1a: Lokix\n|\n|upkeep\n|\n|t:|1781455215\n|switch|p1a: Tauros|Tauros, L82, M|257/257\n|-damage|p1a: Tauros|225/257|[from] Stealth Rock\n|turn|29\n|\n|t:|1781455225\n|-terastallize|p2a: Empoleon|Flying\n|move|p1a: Tauros|Close Combat|p2a: Empoleon\n|-resisted|p2a: Empoleon\n|-damage|p2a: Empoleon|85/278\n|-unboost|p1a: Tauros|def|1\n|-unboost|p1a: Tauros|spd|1\n|-damage|p1a: Tauros|200/257|[from] item: Life Orb\n|move|p2a: Empoleon|Yawn|p1a: Tauros\n|-start|p1a: Tauros|move: Yawn|[of] p2a: Empoleon\n|\n|upkeep\n|turn|30\n|\n|t:|1781455237\n|move|p1a: Tauros|Body Slam|p2a: Empoleon\n|-damage|p2a: Empoleon|0 fnt\n|faint|p2a: Empoleon\n|\n|win|Reulsen\n", "inputlog": ">version a8376a258c1d4662feba110a92103f3664a72141\n>start {\"formatid\":\"gen9randombattle\",\"seed\":\"sodium,442d6423b67babd1c37ba5cb778d30d4\",\"rated\":\"Rated battle\"}\n>player p1 {\"name\":\"Reulsen\",\"avatar\":\"red\",\"rating\":2022,\"seed\":\"sodium,a051ab68134a9abda20e3345c8bc923a\"}\n>player p2 {\"name\":\"newsock\",\"avatar\":\"2\",\"rating\":1965,\"seed\":\"sodium,2ba313d0d5c5eba0037dc5605b575fea\"}\n>p1 move knockoff\n>p2 move uturn\n>p2 switch 4\n>p1 switch 3\n>p2 move bellydrum\n>p1 move encore\n>p2 switch 4\n>p1 move bugbuzz\n>p2 move stoneedge\n>p1 move roost\n>p2 move stoneedge\n>p1 move roost\n>p2 move stoneedge\n>p1 move roost\n>p2 move stoneedge\n>p1 move roost\n>p2 move stoneedge\n>p1 switch 4\n>p2 move stoneedge\n>p1 move irondefense\n>p2 move uturn\n>p2 switch 6\n>p1 move psychicnoise\n>p2 move knockoff\n>p1 move psychicnoise\n>p2 move knockoff\n>p2 switch 2\n>p1 switch 5\n>p2 move shadowball\n>p1 move crunch\n>p2 switch 6\n>p2 switch 3\n>p1 switch 5\n>p2 move stealthrock\n>p1 move psychicnoise\n>p2 switch 6\n>p1 switch 5\n>p2 move wavecrash\n>p1 move crunch\n>p2 switch 4\n>p1 move crunch\n>p2 move liquidation\n>p1 switch 4\n>p1 move roost\n>p2 move liquidation\n>p1 move roost\n>p2 move liquidation\n>p1 move bugbuzz\n>p2 move icespinner\n>p2 switch 6\n>p1 move bugbuzz\n>p2 move earthquake\n>p1 switch 3\n>p1 move earthquake\n>p2 move earthquake\n>p2 switch 4\n>p1 switch 5\n>p2 move hydropump\n>p1 move psychicnoise\n>p2 move hydropump\n>p1 switch 2\n>p1 move knockoff\n>p2 move hydropump\n>p2 switch 5\n>p1 move knockoff\n>p2 move surf\n>p1 switch 6\n>p1 move closecombat\n>p2 move yawn terastallize\n>p1 move bodyslam\n>p2 move roost", "uploadtime": 1781454828, "views": 4, "formatid": "gen9randombattle", "rating": null, "private": 0, "password": null}