{"id": "gen9randombattle-2631558291", "format": "[Gen 9] Random Battle", "players": ["Arsenal0394", "eliasmo"], "log": "|j|\u203dArsenal0394\n|j|\u2606eliasmo\n|t:|1781401114\n|gametype|singles\n|player|p1|Arsenal0394|2|2033\n|player|p2|eliasmo|aromalady|2029\n|gen|9\n|tier|[Gen 9] Random Battle\n|rated|\n|rule|Species Clause: Limit one of each Pok\u00e9mon\n|rule|HP Percentage Mod: HP is shown in percentages\n|rule|Sleep Clause Mod: Limit one foe put to sleep\n|rule|Illusion Level Mod: Illusion disguises the Pok\u00e9mon's true level\n|\n|t:|1781401114\n|teamsize|p1|6\n|teamsize|p2|6\n|start\n|switch|p1a: Wo-Chien|Wo-Chien, L83|277/277\n|switch|p2a: Mew|Mew, L82|298/298\n|-ability|p1a: Wo-Chien|Tablets of Ruin\n|turn|1\n|inactive|Battle timer is ON: inactive players will automatically lose when time's up. (requested by eliasmo)\n|inactive|Arsenal0394 has 120 seconds left.\n|\n|t:|1781401162\n|move|p2a: Mew|Swords Dance|p2a: Mew\n|-boost|p2a: Mew|atk|2\n|move|p1a: Wo-Chien|Knock Off|p2a: Mew\n|-supereffective|p2a: Mew\n|-damage|p2a: Mew|128/298\n|-enditem|p2a: Mew|Life Orb|[from] move: Knock Off|[of] p1a: Wo-Chien\n|\n|upkeep\n|turn|2\n|\n|t:|1781401183\n|switch|p1a: Granbull|Granbull, L88, M|302/302\n|-ability|p1a: Granbull|Intimidate|boost\n|-unboost|p2a: Mew|atk|1\n|move|p2a: Mew|Close Combat|p1a: Granbull\n|-resisted|p1a: Granbull\n|-damage|p1a: Granbull|235/302\n|-unboost|p2a: Mew|def|1\n|-unboost|p2a: Mew|spd|1\n|\n|-heal|p1a: Granbull|253/302|[from] item: Leftovers\n|upkeep\n|turn|3\n|\n|t:|1781401201\n|move|p2a: Mew|Psychic Fangs|p1a: Granbull\n|-damage|p1a: Granbull|115/302\n|move|p1a: Granbull|Thunder Wave|p2a: Mew\n|-status|p2a: Mew|par\n|-activate|p2a: Mew|ability: Synchronize\n|-status|p1a: Granbull|par\n|\n|-heal|p1a: Granbull|133/302 par|[from] item: Leftovers\n|upkeep\n|turn|4\n|\n|t:|1781401211\n|switch|p1a: Excadrill|Excadrill, L79, M|303/303\n|-ability|p1a: Excadrill|Mold Breaker\n|move|p2a: Mew|Close Combat|p1a: Excadrill\n|-supereffective|p1a: Excadrill\n|-crit|p1a: Excadrill\n|-damage|p1a: Excadrill|0 fnt\n|-unboost|p2a: Mew|def|1\n|-unboost|p2a: Mew|spd|1\n|faint|p1a: Excadrill\n|\n|upkeep\n|\n|t:|1781401222\n|switch|p1a: Wo-Chien|Wo-Chien, L83|277/277\n|-ability|p1a: Wo-Chien|Tablets of Ruin\n|turn|5\n|\n|t:|1781401234\n|move|p1a: Wo-Chien|Knock Off|p2a: Mew\n|-supereffective|p2a: Mew\n|-damage|p2a: Mew|0 fnt\n|faint|p2a: Mew\n|\n|upkeep\n|\n|t:|1781401238\n|switch|p2a: Vikavolt|Vikavolt, L83, M|263/263\n|turn|6\n|\n|t:|1781401248\n|move|p1a: Wo-Chien|Knock Off|p2a: Vikavolt\n|-damage|p2a: Vikavolt|167/263\n|-enditem|p2a: Vikavolt|Heavy-Duty Boots|[from] move: Knock Off|[of] p1a: Wo-Chien\n|move|p2a: Vikavolt|Sticky Web|p1a: Wo-Chien\n|-sidestart|p1: Arsenal0394|move: Sticky Web\n|\n|upkeep\n|turn|7\n|\n|t:|1781401264\n|move|p1a: Wo-Chien|Knock Off|p2a: Vikavolt\n|-damage|p2a: Vikavolt|107/263\n|move|p2a: Vikavolt|Thunderbolt|p1a: Wo-Chien\n|-resisted|p1a: Wo-Chien\n|-damage|p1a: Wo-Chien|233/277\n|\n|-heal|p1a: Wo-Chien|250/277|[from] item: Leftovers\n|upkeep\n|turn|8\n|inactive|eliasmo has 120 seconds left.\n|\n|t:|1781401302\n|switch|p1a: Chi-Yu|Chi-Yu, L77|211/211\n|-activate|p1a: Chi-Yu|move: Sticky Web\n|-unboost|p1a: Chi-Yu|spe|1\n|-ability|p1a: Chi-Yu|Beads of Ruin\n|move|p2a: Vikavolt|Bug Buzz|p1a: Chi-Yu\n|-damage|p1a: Chi-Yu|93/211\n|\n|upkeep\n|turn|9\n|inactive|eliasmo has 120 seconds left.\n|inactive|Arsenal0394 has 120 seconds left.\n|\n|t:|1781401336\n|move|p1a: Chi-Yu|Flamethrower|p2a: Vikavolt\n|-supereffective|p2a: Vikavolt\n|-damage|p2a: Vikavolt|0 fnt\n|faint|p2a: Vikavolt\n|\n|upkeep\n|\n|t:|1781401339\n|switch|p2a: Ogerpon|Ogerpon-Wellspring, L76, F|247/247\n|turn|10\n|\n|t:|1781401345\n|move|p2a: Ogerpon|Ivy Cudgel|p1a: Chi-Yu|[anim] Ivy Cudgel Water\n|-supereffective|p1a: Chi-Yu\n|-crit|p1a: Chi-Yu\n|-damage|p1a: Chi-Yu|0 fnt\n|faint|p1a: Chi-Yu\n|\n|upkeep\n|\n|t:|1781401348\n|switch|p1a: Ogerpon|Ogerpon, L80, F|259/259\n|-activate|p1a: Ogerpon|move: Sticky Web\n|-unboost|p1a: Ogerpon|spe|1\n|-ability|p1a: Ogerpon|Defiant|boost\n|-boost|p1a: Ogerpon|atk|2\n|turn|11\n|\n|t:|1781401357\n|switch|p2a: Clefable|Clefable, L83, M|293/293\n|move|p1a: Ogerpon|Ivy Cudgel|p2a: Clefable\n|-damage|p2a: Clefable|118/293\n|-damage|p1a: Ogerpon|234/259|[from] item: Life Orb\n|\n|-heal|p2a: Clefable|136/293|[from] item: Leftovers\n|upkeep\n|turn|12\n|\n|t:|1781401365\n|-terastallize|p2a: Clefable|Poison\n|move|p1a: Ogerpon|Ivy Cudgel|p2a: Clefable\n|-resisted|p2a: Clefable\n|-damage|p2a: Clefable|42/293\n|-damage|p1a: Ogerpon|209/259|[from] item: Life Orb\n|move|p2a: Clefable|Thunder Wave|p1a: Ogerpon\n|-status|p1a: Ogerpon|par\n|\n|-heal|p2a: Clefable|60/293|[from] item: Leftovers\n|upkeep\n|turn|13\n|\n|t:|1781401372\n|move|p2a: Clefable|Moonlight|p2a: Clefable\n|-heal|p2a: Clefable|206/293\n|move|p1a: Ogerpon|Knock Off|p2a: Clefable\n|-damage|p2a: Clefable|84/293\n|-enditem|p2a: Clefable|Leftovers|[from] move: Knock Off|[of] p1a: Ogerpon\n|-damage|p1a: Ogerpon|184/259 par|[from] item: Life Orb\n|\n|upkeep\n|turn|14\n|\n|t:|1781401382\n|switch|p1a: Whiscash|Whiscash, L88, M|337/337\n|-activate|p1a: Whiscash|move: Sticky Web\n|-unboost|p1a: Whiscash|spe|1\n|move|p2a: Clefable|Moonlight|p2a: Clefable\n|-heal|p2a: Clefable|230/293\n|\n|upkeep\n|turn|15\n|\n|t:|1781401389\n|switch|p2a: Ogerpon|Ogerpon-Wellspring, L76, F|247/247\n|move|p1a: Whiscash|Dragon Dance|p1a: Whiscash\n|-boost|p1a: Whiscash|atk|1\n|-boost|p1a: Whiscash|spe|1\n|\n|upkeep\n|turn|16\n|\n|t:|1781401395\n|switch|p1a: Wo-Chien|Wo-Chien, L83|250/277\n|-activate|p1a: Wo-Chien|move: Sticky Web\n|-unboost|p1a: Wo-Chien|spe|1\n|-ability|p1a: Wo-Chien|Tablets of Ruin\n|move|p2a: Ogerpon|Horn Leech|p1a: Wo-Chien\n|-resisted|p1a: Wo-Chien\n|-damage|p1a: Wo-Chien|220/277\n|\n|-heal|p1a: Wo-Chien|237/277|[from] item: Leftovers\n|upkeep\n|turn|17\n|\n|t:|1781401409\n|switch|p2a: Noctowl|Noctowl, L95, M|344/344\n|move|p1a: Wo-Chien|Stun Spore|p2a: Noctowl\n|-status|p2a: Noctowl|par\n|\n|-heal|p1a: Wo-Chien|254/277|[from] item: Leftovers\n|upkeep\n|turn|18\n|\n|t:|1781401414\n|switch|p1a: Whiscash|Whiscash, L88, M|337/337\n|-activate|p1a: Whiscash|move: Sticky Web\n|-unboost|p1a: Whiscash|spe|1\n|move|p2a: Noctowl|Hurricane|p1a: Whiscash|[miss]\n|-miss|p2a: Noctowl|p1a: Whiscash\n|\n|upkeep\n|turn|19\n|\n|t:|1781401422\n|move|p1a: Whiscash|Stone Edge|p2a: Noctowl\n|-supereffective|p2a: Noctowl\n|-damage|p2a: Noctowl|115/344 par\n|-damage|p1a: Whiscash|304/337|[from] item: Life Orb\n|move|p2a: Noctowl|Hurricane|p1a: Whiscash|[miss]\n|-miss|p2a: Noctowl|p1a: Whiscash\n|\n|upkeep\n|turn|20\n|\n|t:|1781401428\n|move|p1a: Whiscash|Stone Edge|p2a: Noctowl\n|-supereffective|p2a: Noctowl\n|-damage|p2a: Noctowl|0 fnt\n|faint|p2a: Noctowl\n|-damage|p1a: Whiscash|271/337|[from] item: Life Orb\n|\n|upkeep\n|\n|t:|1781401430\n|switch|p2a: Ogerpon|Ogerpon-Wellspring, L76, F|247/247\n|turn|21\n|\n|t:|1781401436\n|switch|p1a: Wo-Chien|Wo-Chien, L83|254/277\n|-activate|p1a: Wo-Chien|move: Sticky Web\n|-unboost|p1a: Wo-Chien|spe|1\n|-ability|p1a: Wo-Chien|Tablets of Ruin\n|move|p2a: Ogerpon|Knock Off|p1a: Wo-Chien\n|-resisted|p1a: Wo-Chien\n|-damage|p1a: Wo-Chien|229/277\n|-enditem|p1a: Wo-Chien|Leftovers|[from] move: Knock Off|[of] p2a: Ogerpon\n|\n|upkeep\n|turn|22\n|\n|t:|1781401448\n|switch|p2a: Clefable|Clefable, L83, M, tera:Poison|230/293\n|move|p1a: Wo-Chien|Stun Spore|p2a: Clefable|[miss]\n|-miss|p1a: Wo-Chien|p2a: Clefable\n|\n|upkeep\n|turn|23\n|\n|t:|1781401455\n|move|p2a: Clefable|Moonblast|p1a: Wo-Chien\n|-supereffective|p1a: Wo-Chien\n|-damage|p1a: Wo-Chien|89/277\n|move|p1a: Wo-Chien|Stun Spore|p2a: Clefable\n|-status|p2a: Clefable|par\n|\n|upkeep\n|turn|24\n|\n|t:|1781401469\n|switch|p1a: Whiscash|Whiscash, L88, M|271/337\n|-activate|p1a: Whiscash|move: Sticky Web\n|-unboost|p1a: Whiscash|spe|1\n|move|p2a: Clefable|Moonblast|p1a: Whiscash\n|-damage|p1a: Whiscash|168/337\n|\n|upkeep\n|turn|25\n|\n|t:|1781401483\n|switch|p1a: Ogerpon|Ogerpon, L80, F|184/259 par\n|-activate|p1a: Ogerpon|move: Sticky Web\n|-unboost|p1a: Ogerpon|spe|1\n|-ability|p1a: Ogerpon|Defiant|boost\n|-boost|p1a: Ogerpon|atk|2\n|switch|p2a: Ogerpon|Ogerpon-Wellspring, L76, F|247/247\n|\n|upkeep\n|turn|26\n|\n|t:|1781401492\n|switch|p2a: Clefable|Clefable, L83, M, tera:Poison|230/293 par\n|move|p1a: Ogerpon|Ivy Cudgel|p2a: Clefable\n|-resisted|p2a: Clefable\n|-damage|p2a: Clefable|142/293 par\n|-damage|p1a: Ogerpon|159/259 par|[from] item: Life Orb\n|\n|upkeep\n|turn|27\n|\n|t:|1781401501\n|move|p1a: Ogerpon|Ivy Cudgel|p2a: Clefable\n|-resisted|p2a: Clefable\n|-damage|p2a: Clefable|50/293 par\n|-damage|p1a: Ogerpon|134/259 par|[from] item: Life Orb\n|move|p2a: Clefable|Moonlight|p2a: Clefable\n|-heal|p2a: Clefable|196/293 par\n|\n|upkeep\n|turn|28\n|\n|t:|1781401508\n|move|p1a: Ogerpon|Ivy Cudgel|p2a: Clefable\n|-resisted|p2a: Clefable\n|-crit|p2a: Clefable\n|-damage|p2a: Clefable|69/293 par\n|-damage|p1a: Ogerpon|109/259 par|[from] item: Life Orb\n|move|p2a: Clefable|Moonlight|p2a: Clefable\n|-heal|p2a: Clefable|215/293 par\n|\n|upkeep\n|turn|29\n|\n|t:|1781401517\n|move|p1a: Ogerpon|Ivy Cudgel|p2a: Clefable\n|-resisted|p2a: Clefable\n|-damage|p2a: Clefable|131/293 par\n|-damage|p1a: Ogerpon|84/259 par|[from] item: Life Orb\n|move|p2a: Clefable|Moonlight|p2a: Clefable\n|-heal|p2a: Clefable|277/293 par\n|\n|upkeep\n|turn|30\n|\n|t:|1781401524\n|switch|p1a: Granbull|Granbull, L88, M|133/302 par\n|-activate|p1a: Granbull|move: Sticky Web\n|-unboost|p1a: Granbull|spe|1\n|-ability|p1a: Granbull|Intimidate|boost\n|-unboost|p2a: Clefable|atk|1\n|move|p2a: Clefable|Moonblast|p1a: Granbull\n|-damage|p1a: Granbull|18/302 par\n|\n|-heal|p1a: Granbull|36/302 par|[from] item: Leftovers\n|upkeep\n|turn|31\n|\n|t:|1781401534\n|move|p2a: Clefable|Moonblast|p1a: Granbull\n|-damage|p1a: Granbull|0 fnt\n|faint|p1a: Granbull\n|\n|upkeep\n|-message|Arsenal0394 forfeited.\n|\n|win|eliasmo\n", "inputlog": ">version a8376a258c1d4662feba110a92103f3664a72141\n>start {\"formatid\":\"gen9randombattle\",\"seed\":\"sodium,8060eff4f908cd8715fd9bc2cea739f9\",\"rated\":\"Rated battle\"}\n>player p1 {\"name\":\"Arsenal0394\",\"avatar\":\"2\",\"rating\":2033,\"seed\":\"sodium,9632bc00f6fe1b7bb4a704a98b8916a4\"}\n>player p2 {\"name\":\"eliasmo\",\"avatar\":\"aromalady\",\"rating\":2029,\"seed\":\"sodium,b0d55e6291c971aa27d004fdb89cfb62\"}\n>p1 move knockoff\n>p2 move swordsdance\n>p1 switch 6\n>p2 move closecombat\n>p1 move thunderwave\n>p2 move psychicfangs\n>p1 switch 4\n>p2 move closecombat\n>p1 switch 6\n>p1 move knockoff\n>p2 move closecombat\n>p2 switch 5\n>p1 move knockoff\n>p2 move stickyweb\n>p1 move knockoff\n>p2 move thunderbolt\n>p1 switch 3\n>p2 move bugbuzz\n>p1 move flamethrower\n>p2 move bugbuzz\n>p2 switch 2\n>p1 move flamethrower\n>p2 move ivycudgel\n>p1 switch 2\n>p1 move ivycudgel\n>p2 switch 3\n>p1 move ivycudgel\n>p2 move thunderwave terastallize\n>p1 move knockoff\n>p2 move moonlight\n>p1 switch 5\n>p2 move moonlight\n>p1 move dragondance\n>p2 switch 3\n>p1 switch 3\n>p2 move hornleech\n>p1 move stunspore\n>p2 switch 6\n>p1 switch 3\n>p2 move hurricane\n>p1 move stoneedge\n>p2 move hurricane\n>p1 move stoneedge\n>p2 move roost\n>p2 switch 6\n>p1 switch 3\n>p2 move knockoff\n>p1 move stunspore\n>p2 switch 3\n>p1 move stunspore\n>p2 move moonblast\n>p1 switch 3\n>p2 move moonblast\n>p1 switch 5\n>p2 switch 3\n>p1 move ivycudgel\n>p2 switch 3\n>p1 move ivycudgel\n>p2 move moonlight\n>p1 move ivycudgel\n>p2 move moonlight\n>p1 move ivycudgel\n>p2 move moonlight\n>p1 switch 4\n>p2 move moonblast\n>p1 move thunderwave\n>p2 move moonblast\n>forcelose p1", "uploadtime": 1781401117, "views": 4, "formatid": "gen9randombattle", "rating": null, "private": 0, "password": null}