{"id": "gen9randombattle-2631893755", "format": "[Gen 9] Random Battle", "players": ["cosmic_dark", "a rabbit"], "log": "|badge|p1|bronze|gen9randombattle|100-9\n|uhtml|medal-msg|<div class=\"broadcast-blue\">Curious what those medals under the avatar are? PS now has Ladder Seasons! For more information, check out the <a href=\"https://www.smogon.com/forums/threads/3740067/\">thread on Smogon.</a></div>\n|badge|p2|silver|gen9randombattle|30-9\n|uhtml|medal-msg|<div class=\"broadcast-blue\">Curious what those medals under the avatar are? PS now has Ladder Seasons! For more information, check out the <a href=\"https://www.smogon.com/forums/threads/3740067/\">thread on Smogon.</a></div>\n|j|\u2606cosmic_dark\n|j|\u2606a rabbit\n|t:|1781452875\n|gametype|singles\n|player|p1|cosmic_dark|hilda-wonderlauncher|2310\n|player|p2|a rabbit|#scl2breakers|2379\n|gen|9\n|tier|[Gen 9] Random Battle\n|rated|\n|rule|Species Clause: Limit one of each Pok\u00e9mon\n|rule|HP Percentage Mod: HP is shown in percentages\n|rule|Sleep Clause Mod: Limit one foe put to sleep\n|rule|Illusion Level Mod: Illusion disguises the Pok\u00e9mon's true level\n|\n|t:|1781452875\n|teamsize|p1|6\n|teamsize|p2|6\n|start\n|switch|p1a: Farigiraf|Farigiraf, L90, M|362/362\n|switch|p2a: Rayquaza|Rayquaza, L72|270/270\n|-ability|p2a: Rayquaza|Air Lock\n|turn|1\n|inactive|Battle timer is ON: inactive players will automatically lose when time's up. (requested by cosmic_dark)\n|inactive|a rabbit has 120 seconds left.\n|\n|t:|1781452932\n|switch|p2a: Wyrdeer|Wyrdeer, L87, F|321/321\n|-ability|p2a: Wyrdeer|Intimidate|boost\n|-unboost|p1a: Farigiraf|atk|1\n|move|p1a: Farigiraf|Body Slam|p2a: Wyrdeer\n|-damage|p2a: Wyrdeer|252/321\n|-status|p2a: Wyrdeer|par\n|\n|-heal|p2a: Wyrdeer|272/321 par|[from] item: Leftovers\n|upkeep\n|turn|2\n|\n|t:|1781452938\n|switch|p1a: Piloswine|Piloswine, L85, F|309/309\n|move|p2a: Wyrdeer|Thunder Wave|p1a: Piloswine\n|-immune|p1a: Piloswine\n|\n|-heal|p2a: Wyrdeer|292/321 par|[from] item: Leftovers\n|upkeep\n|turn|3\n|\n|t:|1781452947\n|switch|p2a: Glalie|Glalie, L96, F|309/309\n|move|p1a: Piloswine|Stealth Rock|p2a: Glalie\n|-sidestart|p2: a rabbit|move: Stealth Rock\n|\n|upkeep\n|turn|4\n|\n|t:|1781452950\n|switch|p1a: Conkeldurr|Conkeldurr, L80, M|299/299\n|move|p2a: Glalie|Spikes|p1a: Conkeldurr\n|-sidestart|p1: cosmic_dark|Spikes\n|\n|-status|p1a: Conkeldurr|brn|[from] item: Flame Orb\n|upkeep\n|turn|5\n|\n|t:|1781452961\n|switch|p2a: Hippowdon|Hippowdon, L82, F|311/311\n|-damage|p2a: Hippowdon|292/311|[from] Stealth Rock\n|-weather|Sandstorm|[from] ability: Sand Stream|[of] p2a: Hippowdon\n|move|p1a: Conkeldurr|Close Combat|p2a: Hippowdon\n|-damage|p2a: Hippowdon|108/311\n|-unboost|p1a: Conkeldurr|def|1\n|-unboost|p1a: Conkeldurr|spd|1\n|\n|-weather|Sandstorm|[upkeep]\n|-damage|p1a: Conkeldurr|281/299 brn|[from] Sandstorm\n|-heal|p2a: Hippowdon|127/311|[from] item: Leftovers\n|-damage|p1a: Conkeldurr|263/299 brn|[from] brn\n|upkeep\n|turn|6\n|\n|t:|1781452965\n|move|p2a: Hippowdon|Slack Off|p2a: Hippowdon\n|-heal|p2a: Hippowdon|283/311\n|move|p1a: Conkeldurr|Close Combat|p2a: Hippowdon\n|-damage|p2a: Hippowdon|88/311\n|-unboost|p1a: Conkeldurr|def|1\n|-unboost|p1a: Conkeldurr|spd|1\n|\n|-weather|Sandstorm|[upkeep]\n|-damage|p1a: Conkeldurr|245/299 brn|[from] Sandstorm\n|-heal|p2a: Hippowdon|107/311|[from] item: Leftovers\n|-damage|p1a: Conkeldurr|227/299 brn|[from] brn\n|upkeep\n|turn|7\n|\n|t:|1781452971\n|switch|p1a: Piloswine|Piloswine, L85, F|309/309\n|-damage|p1a: Piloswine|271/309|[from] Spikes\n|move|p2a: Hippowdon|Slack Off|p2a: Hippowdon\n|-heal|p2a: Hippowdon|263/311\n|\n|-weather|Sandstorm|[upkeep]\n|-heal|p2a: Hippowdon|282/311|[from] item: Leftovers\n|upkeep\n|turn|8\n|\n|t:|1781452975\n|switch|p2a: Glalie|Glalie, L96, F|309/309\n|move|p1a: Piloswine|Icicle Crash|p2a: Glalie\n|-resisted|p2a: Glalie\n|-damage|p2a: Glalie|267/309\n|\n|-weather|Sandstorm|[upkeep]\n|-damage|p2a: Glalie|248/309|[from] Sandstorm\n|upkeep\n|turn|9\n|\n|t:|1781452979\n|move|p2a: Glalie|Spikes|p1a: Piloswine\n|-sidestart|p1: cosmic_dark|Spikes\n|move|p1a: Piloswine|Earthquake|p2a: Glalie\n|-crit|p2a: Glalie\n|-damage|p2a: Glalie|103/309\n|\n|-weather|none\n|upkeep\n|turn|10\n|\n|t:|1781452992\n|switch|p2a: Wyrdeer|Wyrdeer, L87, F|292/321 par\n|-damage|p2a: Wyrdeer|252/321 par|[from] Stealth Rock\n|-ability|p2a: Wyrdeer|Intimidate|boost\n|-unboost|p1a: Piloswine|atk|1\n|move|p1a: Piloswine|Earthquake|p2a: Wyrdeer\n|-damage|p2a: Wyrdeer|159/321 par\n|\n|-heal|p2a: Wyrdeer|179/321 par|[from] item: Leftovers\n|upkeep\n|turn|11\n|\n|t:|1781452995\n|switch|p2a: Chesnaught|Chesnaught, L84, F|285/285\n|-damage|p2a: Chesnaught|268/285|[from] Stealth Rock\n|move|p1a: Piloswine|Icicle Crash|p2a: Chesnaught\n|-supereffective|p2a: Chesnaught\n|-damage|p2a: Chesnaught|176/285\n|\n|-heal|p2a: Chesnaught|193/285|[from] item: Leftovers\n|upkeep\n|turn|12\n|\n|t:|1781453002\n|switch|p1a: Farigiraf|Farigiraf, L90, M|362/362\n|-damage|p1a: Farigiraf|302/362|[from] Spikes\n|move|p2a: Chesnaught|Knock Off|p1a: Farigiraf\n|-supereffective|p1a: Farigiraf\n|-damage|p1a: Farigiraf|124/362\n|-enditem|p1a: Farigiraf|Leftovers|[from] move: Knock Off|[of] p2a: Chesnaught\n|\n|-heal|p2a: Chesnaught|210/285|[from] item: Leftovers\n|upkeep\n|turn|13\n|\n|t:|1781453011\n|switch|p2a: Hippowdon|Hippowdon, L82, F|282/311\n|-damage|p2a: Hippowdon|263/311|[from] Stealth Rock\n|-weather|Sandstorm|[from] ability: Sand Stream|[of] p2a: Hippowdon\n|move|p1a: Farigiraf|Psychic Noise|p2a: Hippowdon\n|-damage|p2a: Hippowdon|149/311\n|-start|p2a: Hippowdon|move: Heal Block\n|\n|-weather|Sandstorm|[upkeep]\n|-damage|p1a: Farigiraf|102/362|[from] Sandstorm\n|upkeep\n|turn|14\n|\n|t:|1781453016\n|move|p1a: Farigiraf|Psychic Noise|p2a: Hippowdon\n|-damage|p2a: Hippowdon|38/311\n|move|p2a: Hippowdon|Earthquake|p1a: Farigiraf\n|-damage|p1a: Farigiraf|0 fnt\n|faint|p1a: Farigiraf\n|\n|-weather|Sandstorm|[upkeep]\n|-end|p2a: Hippowdon|move: Heal Block\n|upkeep\n|\n|t:|1781453023\n|switch|p1a: Piloswine|Piloswine, L85, F|271/309\n|-damage|p1a: Piloswine|220/309|[from] Spikes\n|turn|15\n|\n|t:|1781453027\n|switch|p2a: Wyrdeer|Wyrdeer, L87, F|179/321 par\n|-damage|p2a: Wyrdeer|139/321 par|[from] Stealth Rock\n|-ability|p2a: Wyrdeer|Intimidate|boost\n|-unboost|p1a: Piloswine|atk|1\n|move|p1a: Piloswine|Icicle Crash|p2a: Wyrdeer\n|-damage|p2a: Wyrdeer|69/321 par\n|\n|-weather|Sandstorm|[upkeep]\n|-damage|p2a: Wyrdeer|49/321 par|[from] Sandstorm\n|-heal|p2a: Wyrdeer|69/321 par|[from] item: Leftovers\n|upkeep\n|turn|16\n|\n|t:|1781453030\n|switch|p2a: Hippowdon|Hippowdon, L82, F|38/311\n|-damage|p2a: Hippowdon|19/311|[from] Stealth Rock\n|move|p1a: Piloswine|Icicle Crash|p2a: Hippowdon\n|-supereffective|p2a: Hippowdon\n|-damage|p2a: Hippowdon|0 fnt\n|faint|p2a: Hippowdon\n|\n|-weather|Sandstorm|[upkeep]\n|upkeep\n|\n|t:|1781453033\n|switch|p2a: Chesnaught|Chesnaught, L84, F|210/285\n|-damage|p2a: Chesnaught|193/285|[from] Stealth Rock\n|turn|17\n|\n|t:|1781453041\n|move|p2a: Chesnaught|Body Press|p1a: Piloswine\n|-supereffective|p1a: Piloswine\n|-damage|p1a: Piloswine|86/309\n|move|p1a: Piloswine|Icicle Crash|p2a: Chesnaught\n|-supereffective|p2a: Chesnaught\n|-damage|p2a: Chesnaught|97/285\n|\n|-weather|none\n|-heal|p2a: Chesnaught|114/285|[from] item: Leftovers\n|upkeep\n|turn|18\n|\n|t:|1781453044\n|switch|p1a: Latios|Latios, L78, M|253/253\n|move|p2a: Chesnaught|Synthesis|p2a: Chesnaught\n|-heal|p2a: Chesnaught|256/285\n|\n|-heal|p2a: Chesnaught|273/285|[from] item: Leftovers\n|upkeep\n|turn|19\n|\n|t:|1781453053\n|-terastallize|p2a: Chesnaught|Steel\n|move|p1a: Latios|Calm Mind|p1a: Latios\n|-boost|p1a: Latios|spa|1\n|-boost|p1a: Latios|spd|1\n|move|p2a: Chesnaught|Knock Off|p1a: Latios\n|-supereffective|p1a: Latios\n|-damage|p1a: Latios|81/253\n|-enditem|p1a: Latios|Soul Dew|[from] move: Knock Off|[of] p2a: Chesnaught\n|\n|-heal|p2a: Chesnaught|285/285|[from] item: Leftovers\n|upkeep\n|turn|20\n|\n|t:|1781453058\n|move|p1a: Latios|Recover|p1a: Latios\n|-heal|p1a: Latios|208/253\n|move|p2a: Chesnaught|Knock Off|p1a: Latios\n|-supereffective|p1a: Latios\n|-damage|p1a: Latios|88/253\n|\n|upkeep\n|turn|21\n|\n|t:|1781453061\n|move|p1a: Latios|Recover|p1a: Latios\n|-heal|p1a: Latios|215/253\n|move|p2a: Chesnaught|Knock Off|p1a: Latios\n|-supereffective|p1a: Latios\n|-damage|p1a: Latios|109/253\n|\n|upkeep\n|turn|22\n|\n|t:|1781453064\n|move|p1a: Latios|Recover|p1a: Latios\n|-heal|p1a: Latios|236/253\n|move|p2a: Chesnaught|Knock Off|p1a: Latios\n|-supereffective|p1a: Latios\n|-damage|p1a: Latios|112/253\n|\n|upkeep\n|turn|23\n|\n|t:|1781453068\n|move|p1a: Latios|Recover|p1a: Latios\n|-heal|p1a: Latios|239/253\n|move|p2a: Chesnaught|Knock Off|p1a: Latios\n|-supereffective|p1a: Latios\n|-damage|p1a: Latios|127/253\n|\n|upkeep\n|turn|24\n|\n|t:|1781453071\n|switch|p1a: Conkeldurr|Conkeldurr, L80, M|227/299 brn\n|-damage|p1a: Conkeldurr|178/299 brn|[from] Spikes\n|move|p2a: Chesnaught|Knock Off|p1a: Conkeldurr\n|-resisted|p1a: Conkeldurr\n|-damage|p1a: Conkeldurr|141/299 brn\n|-enditem|p1a: Conkeldurr|Flame Orb|[from] move: Knock Off|[of] p2a: Chesnaught\n|\n|-damage|p1a: Conkeldurr|123/299 brn|[from] brn\n|upkeep\n|turn|25\n|\n|t:|1781453094\n|move|p2a: Chesnaught|Wood Hammer|p1a: Conkeldurr\n|-damage|p1a: Conkeldurr|0 fnt\n|faint|p1a: Conkeldurr\n|-damage|p2a: Chesnaught|244/285|[from] Recoil\n|\n|-heal|p2a: Chesnaught|261/285|[from] item: Leftovers\n|upkeep\n|\n|t:|1781453098\n|switch|p1a: Palossand|Palossand, L89, M|296/296\n|-damage|p1a: Palossand|247/296|[from] Spikes\n|turn|26\n|\n|t:|1781453107\n|switch|p2a: Wyrdeer|Wyrdeer, L87, F|69/321 par\n|-damage|p2a: Wyrdeer|29/321 par|[from] Stealth Rock\n|-ability|p2a: Wyrdeer|Intimidate|boost\n|-unboost|p1a: Palossand|atk|1\n|move|p1a: Palossand|Earth Power|p2a: Wyrdeer\n|-damage|p2a: Wyrdeer|0 fnt\n|faint|p2a: Wyrdeer\n|\n|-heal|p1a: Palossand|265/296|[from] item: Leftovers\n|upkeep\n|\n|t:|1781453110\n|switch|p2a: Glalie|Glalie, L96, F|103/309\n|turn|27\n|\n|t:|1781453115\n|move|p2a: Glalie|Freeze-Dry|p1a: Palossand\n|-supereffective|p1a: Palossand\n|-damage|p1a: Palossand|95/296\n|move|p1a: Palossand|Earth Power|p2a: Glalie\n|-damage|p2a: Glalie|1/309\n|\n|-heal|p1a: Palossand|113/296|[from] item: Leftovers\n|upkeep\n|turn|28\n|\n|t:|1781453118\n|switch|p1a: Piloswine|Piloswine, L85, F|86/309\n|-damage|p1a: Piloswine|35/309|[from] Spikes\n|move|p2a: Glalie|Freeze-Dry|p1a: Piloswine\n|-damage|p1a: Piloswine|0 fnt\n|faint|p1a: Piloswine\n|\n|upkeep\n|\n|t:|1781453122\n|switch|p1a: Latios|Latios, L78, M|127/253\n|turn|29\n|\n|t:|1781453127\n|move|p1a: Latios|Psyshock|p2a: Glalie\n|-damage|p2a: Glalie|0 fnt\n|faint|p2a: Glalie\n|\n|upkeep\n|j| OriginalChad\n|\n|t:|1781453134\n|switch|p2a: Chesnaught|Chesnaught, L84, F, tera:Steel|261/285\n|-damage|p2a: Chesnaught|244/285|[from] Stealth Rock\n|turn|30\n|\n|t:|1781453139\n|move|p1a: Latios|Draco Meteor|p2a: Chesnaught\n|-resisted|p2a: Chesnaught\n|-damage|p2a: Chesnaught|155/285\n|-unboost|p1a: Latios|spa|2\n|move|p2a: Chesnaught|Knock Off|p1a: Latios\n|-supereffective|p1a: Latios\n|-damage|p1a: Latios|9/253\n|\n|-heal|p2a: Chesnaught|172/285|[from] item: Leftovers\n|upkeep\n|turn|31\n|\n|t:|1781453144\n|move|p1a: Latios|Recover|p1a: Latios\n|-heal|p1a: Latios|136/253\n|move|p2a: Chesnaught|Synthesis|p2a: Chesnaught\n|-heal|p2a: Chesnaught|285/285\n|\n|upkeep\n|turn|32\n|\n|t:|1781453147\n|move|p1a: Latios|Recover|p1a: Latios\n|-heal|p1a: Latios|253/253\n|move|p2a: Chesnaught|Knock Off|p1a: Latios\n|-supereffective|p1a: Latios\n|-damage|p1a: Latios|139/253\n|\n|upkeep\n|turn|33\n|\n|t:|1781453151\n|move|p1a: Latios|Calm Mind|p1a: Latios\n|-boost|p1a: Latios|spa|1\n|-boost|p1a: Latios|spd|1\n|move|p2a: Chesnaught|Knock Off|p1a: Latios\n|-supereffective|p1a: Latios\n|-damage|p1a: Latios|33/253\n|\n|upkeep\n|turn|34\n|\n|t:|1781453153\n|move|p1a: Latios|Recover|p1a: Latios\n|-heal|p1a: Latios|160/253\n|move|p2a: Chesnaught|Knock Off|p1a: Latios\n|-supereffective|p1a: Latios\n|-damage|p1a: Latios|48/253\n|\n|upkeep\n|turn|35\n|\n|t:|1781453156\n|move|p1a: Latios|Recover|p1a: Latios\n|-heal|p1a: Latios|175/253\n|move|p2a: Chesnaught|Knock Off|p1a: Latios\n|-supereffective|p1a: Latios\n|-damage|p1a: Latios|53/253\n|\n|upkeep\n|turn|36\n|\n|t:|1781453162\n|move|p1a: Latios|Draco Meteor|p2a: Chesnaught\n|-resisted|p2a: Chesnaught\n|-damage|p2a: Chesnaught|231/285\n|-unboost|p1a: Latios|spa|2\n|move|p2a: Chesnaught|Knock Off|p1a: Latios\n|-supereffective|p1a: Latios\n|-damage|p1a: Latios|0 fnt\n|faint|p1a: Latios\n|\n|-heal|p2a: Chesnaught|248/285|[from] item: Leftovers\n|upkeep\n|\n|t:|1781453166\n|switch|p1a: Iron Thorns|Iron Thorns, L83|302/302\n|-damage|p1a: Iron Thorns|252/302|[from] Spikes\n|-enditem|p1a: Iron Thorns|Booster Energy\n|-activate|p1a: Iron Thorns|ability: Quark Drive|[fromitem]\n|-start|p1a: Iron Thorns|quarkdriveatk\n|turn|37\n|\n|t:|1781453170\n|move|p1a: Iron Thorns|Dragon Dance|p1a: Iron Thorns\n|-boost|p1a: Iron Thorns|atk|1\n|-boost|p1a: Iron Thorns|spe|1\n|move|p2a: Chesnaught|Body Press|p1a: Iron Thorns\n|-supereffective|p1a: Iron Thorns\n|-damage|p1a: Iron Thorns|78/302\n|\n|-heal|p2a: Chesnaught|265/285|[from] item: Leftovers\n|upkeep\n|turn|38\n|\n|t:|1781453173\n|move|p1a: Iron Thorns|Wild Charge|p2a: Chesnaught\n|-damage|p2a: Chesnaught|75/285\n|-damage|p1a: Iron Thorns|30/302|[from] Recoil\n|move|p2a: Chesnaught|Body Press|p1a: Iron Thorns\n|-supereffective|p1a: Iron Thorns\n|-damage|p1a: Iron Thorns|0 fnt\n|faint|p1a: Iron Thorns\n|-end|p1a: Iron Thorns|Quark Drive|[silent]\n|\n|-heal|p2a: Chesnaught|92/285|[from] item: Leftovers\n|upkeep\n|-message|cosmic_dark forfeited.\n|\n|win|a rabbit\n", "uploadtime": 1781452877, "views": 5, "formatid": "gen9randombattle", "rating": null, "private": 0, "password": null}