{"id": "gen9randombattle-2631388819", "format": "[Gen 9] Random Battle", "players": ["Crowbuddy", "Goggyo"], "log": "|j|\u2606Crowbuddy\n|j|\u2606Goggyo\n|t:|1781378811\n|gametype|singles\n|player|p1|Crowbuddy|giovanni|1985\n|player|p2|Goggyo|169|2009\n|gen|9\n|tier|[Gen 9] Random Battle\n|rated|\n|rule|Species Clause: Limit one of each Pok\u00e9mon\n|rule|HP Percentage Mod: HP is shown in percentages\n|rule|Sleep Clause Mod: Limit one foe put to sleep\n|rule|Illusion Level Mod: Illusion disguises the Pok\u00e9mon's true level\n|\n|t:|1781378811\n|teamsize|p1|6\n|teamsize|p2|6\n|start\n|switch|p1a: Yanmega|Yanmega, L82, M|275/275\n|switch|p2a: Vespiquen|Vespiquen, L99, F|299/299\n|-ability|p2a: Vespiquen|Pressure\n|turn|1\n|inactive|Battle timer is ON: inactive players will automatically lose when time's up. (requested by Crowbuddy)\n|\n|t:|1781378837\n|move|p1a: Yanmega|Air Slash|p2a: Vespiquen\n|-supereffective|p2a: Vespiquen\n|-damage|p2a: Vespiquen|177/299\n|cant|p2a: Vespiquen|flinch\n|\n|-ability|p1a: Yanmega|Speed Boost|boost\n|-boost|p1a: Yanmega|spe|1\n|upkeep\n|turn|2\n|\n|t:|1781378852\n|move|p1a: Yanmega|Air Slash|p2a: Vespiquen\n|-supereffective|p2a: Vespiquen\n|-crit|p2a: Vespiquen\n|-damage|p2a: Vespiquen|0 fnt\n|faint|p2a: Vespiquen\n|\n|-ability|p1a: Yanmega|Speed Boost|boost\n|-boost|p1a: Yanmega|spe|1\n|upkeep\n|\n|t:|1781378863\n|switch|p2a: Iron Hands|Iron Hands, L79|373/373\n|turn|3\n|\n|t:|1781378882\n|switch|p1a: Hitmontop|Hitmontop, L88, M|231/231\n|move|p2a: Iron Hands|Fake Out|p1a: Hitmontop\n|-damage|p1a: Hitmontop|200/231\n|\n|-heal|p1a: Hitmontop|214/231|[from] item: Leftovers\n|upkeep\n|turn|4\n|\n|t:|1781378890\n|move|p1a: Hitmontop|Bulk Up|p1a: Hitmontop\n|-boost|p1a: Hitmontop|atk|1\n|-boost|p1a: Hitmontop|def|1\n|move|p2a: Iron Hands|Volt Switch|p1a: Hitmontop\n|-damage|p1a: Hitmontop|180/231\n|\n|t:|1781378905\n|-end|p2a: Iron Hands|Quark Drive|[silent]\n|switch|p2a: Necrozma|Necrozma, L80|286/286|[from] Volt Switch\n|\n|-heal|p1a: Hitmontop|194/231|[from] item: Leftovers\n|upkeep\n|turn|5\n|\n|t:|1781378914\n|move|p1a: Hitmontop|Triple Axel|p2a: Necrozma|[miss]\n|-miss|p1a: Hitmontop|p2a: Necrozma\n|move|p2a: Necrozma|Dragon Dance|p2a: Necrozma\n|-boost|p2a: Necrozma|atk|1\n|-boost|p2a: Necrozma|spe|1\n|\n|-heal|p1a: Hitmontop|208/231|[from] item: Leftovers\n|upkeep\n|turn|6\n|\n|t:|1781378936\n|-terastallize|p1a: Hitmontop|Ice\n|move|p2a: Necrozma|Photon Geyser|p1a: Hitmontop\n|-damage|p1a: Hitmontop|118/231\n|move|p1a: Hitmontop|Rapid Spin|p2a: Necrozma\n|-damage|p2a: Necrozma|199/286\n|-boost|p1a: Hitmontop|spe|1\n|\n|-heal|p1a: Hitmontop|132/231|[from] item: Leftovers\n|upkeep\n|turn|7\n|\n|t:|1781378954\n|move|p2a: Necrozma|Dragon Dance|p2a: Necrozma\n|-boost|p2a: Necrozma|atk|1\n|-boost|p2a: Necrozma|spe|1\n|move|p1a: Hitmontop|Triple Axel|p2a: Necrozma\n|-damage|p2a: Necrozma|148/286\n|-damage|p2a: Necrozma|46/286\n|-damage|p2a: Necrozma|0 fnt\n|faint|p2a: Necrozma\n|-hitcount|p2: Necrozma|3\n|\n|-heal|p1a: Hitmontop|146/231|[from] item: Leftovers\n|upkeep\n|\n|t:|1781378957\n|switch|p2a: Iron Hands|Iron Hands, L79|373/373\n|turn|8\n|\n|t:|1781378971\n|move|p1a: Hitmontop|Bulk Up|p1a: Hitmontop\n|-boost|p1a: Hitmontop|atk|1\n|-boost|p1a: Hitmontop|def|1\n|move|p2a: Iron Hands|Close Combat|p1a: Hitmontop\n|-supereffective|p1a: Hitmontop\n|-damage|p1a: Hitmontop|0 fnt\n|-unboost|p2a: Iron Hands|def|1\n|-unboost|p2a: Iron Hands|spd|1\n|faint|p1a: Hitmontop\n|\n|upkeep\n|\n|t:|1781378975\n|switch|p1a: Yanmega|Yanmega, L82, M|275/275\n|turn|9\n|\n|t:|1781378988\n|move|p1a: Yanmega|Air Slash|p2a: Iron Hands\n|-damage|p2a: Iron Hands|258/373\n|move|p2a: Iron Hands|Thunder Punch|p1a: Yanmega\n|-supereffective|p1a: Yanmega\n|-damage|p1a: Yanmega|63/275\n|-status|p1a: Yanmega|par\n|\n|-ability|p1a: Yanmega|Speed Boost|boost\n|-boost|p1a: Yanmega|spe|1\n|upkeep\n|turn|10\n|\n|t:|1781378993\n|move|p1a: Yanmega|Air Slash|p2a: Iron Hands\n|-damage|p2a: Iron Hands|150/373\n|move|p2a: Iron Hands|Volt Switch|p1a: Yanmega\n|-supereffective|p1a: Yanmega\n|-crit|p1a: Yanmega\n|-damage|p1a: Yanmega|0 fnt\n|faint|p1a: Yanmega\n|\n|t:|1781379001\n|-end|p2a: Iron Hands|Quark Drive|[silent]\n|switch|p2a: Dragapult|Dragapult, L77, F|262/262|[from] Volt Switch\n|\n|upkeep\n|\n|t:|1781379013\n|switch|p1a: Sandslash|Sandslash, L89, F|278/278\n|turn|11\n|\n|t:|1781379023\n|switch|p1a: Reuniclus|Reuniclus, L88, F|337/337\n|move|p2a: Dragapult|Will-O-Wisp|p1a: Reuniclus\n|-status|p1a: Reuniclus|brn\n|\n|upkeep\n|turn|12\n|\n|t:|1781379036\n|move|p2a: Dragapult|Hex|p1a: Reuniclus\n|-supereffective|p1a: Reuniclus\n|-damage|p1a: Reuniclus|115/337 brn\n|move|p1a: Reuniclus|Calm Mind|p1a: Reuniclus\n|-boost|p1a: Reuniclus|spa|1\n|-boost|p1a: Reuniclus|spd|1\n|\n|upkeep\n|turn|13\n|\n|t:|1781379041\n|move|p2a: Dragapult|Hex|p1a: Reuniclus\n|-supereffective|p1a: Reuniclus\n|-damage|p1a: Reuniclus|0 fnt\n|faint|p1a: Reuniclus\n|\n|upkeep\n|\n|t:|1781379048\n|switch|p1a: Salazzle|Salazzle, L83, F|249/249\n|turn|14\n|\n|t:|1781379057\n|move|p2a: Dragapult|Dragon Darts|p1a: Salazzle\n|-damage|p1a: Salazzle|177/249\n|-anim|p2a: Dragapult|Dragon Darts|p1a: Salazzle\n|-damage|p1a: Salazzle|107/249\n|move|p1a: Salazzle|Toxic|p2a: Dragapult\n|-status|p2a: Dragapult|tox\n|\n|-heal|p1a: Salazzle|122/249|[from] item: Leftovers\n|-damage|p2a: Dragapult|246/262 tox|[from] psn\n|upkeep\n|turn|15\n|\n|t:|1781379064\n|move|p1a: Salazzle|Protect|p1a: Salazzle\n|-singleturn|p1a: Salazzle|Protect\n|move|p2a: Dragapult|Dragon Darts|p1a: Salazzle\n|-activate|p1a: Salazzle|move: Protect\n|\n|-heal|p1a: Salazzle|137/249|[from] item: Leftovers\n|-damage|p2a: Dragapult|214/262 tox|[from] psn\n|upkeep\n|turn|16\n|\n|t:|1781379080\n|switch|p1a: Sandslash|Sandslash, L89, F|278/278\n|move|p2a: Dragapult|Dragon Darts|p1a: Sandslash\n|-damage|p1a: Sandslash|233/278\n|-anim|p2a: Dragapult|Dragon Darts|p1a: Sandslash\n|-damage|p1a: Sandslash|193/278\n|\n|-heal|p1a: Sandslash|210/278|[from] item: Leftovers\n|-damage|p2a: Dragapult|166/262 tox|[from] psn\n|upkeep\n|turn|17\n|\n|t:|1781379087\n|switch|p1a: Salazzle|Salazzle, L83, F|137/249\n|move|p2a: Dragapult|U-turn|p1a: Salazzle\n|-resisted|p1a: Salazzle\n|-damage|p1a: Salazzle|122/249\n|\n|t:|1781379091\n|switch|p2a: Gogoat|Gogoat, L88, M|360/360|[from] U-turn\n|\n|-heal|p1a: Salazzle|137/249|[from] item: Leftovers\n|upkeep\n|turn|18\n|\n|t:|1781379094\n|move|p1a: Salazzle|Toxic|p2a: Gogoat\n|-status|p2a: Gogoat|tox\n|move|p2a: Gogoat|Earthquake|p1a: Salazzle\n|-supereffective|p1a: Salazzle\n|-damage|p1a: Salazzle|0 fnt\n|faint|p1a: Salazzle\n|\n|-damage|p2a: Gogoat|338/360 tox|[from] psn\n|upkeep\n|\n|t:|1781379098\n|switch|p1a: Dragalge|Dragalge, L88, M|258/258\n|turn|19\n|\n|t:|1781379105\n|move|p2a: Gogoat|Earthquake|p1a: Dragalge\n|-supereffective|p1a: Dragalge\n|-damage|p1a: Dragalge|112/258\n|move|p1a: Dragalge|Sludge Wave|p2a: Gogoat\n|-supereffective|p2a: Gogoat\n|-damage|p2a: Gogoat|0 fnt\n|faint|p2a: Gogoat\n|\n|upkeep\n|\n|t:|1781379107\n|switch|p2a: Dragapult|Dragapult, L77, F|166/262 tox\n|turn|20\n|\n|t:|1781379110\n|move|p2a: Dragapult|Dragon Darts|p1a: Dragalge\n|-supereffective|p1a: Dragalge\n|-damage|p1a: Dragalge|14/258\n|-anim|p2a: Dragapult|Dragon Darts|p1a: Dragalge\n|-supereffective|p1a: Dragalge\n|-damage|p1a: Dragalge|0 fnt\n|faint|p1a: Dragalge\n|\n|-damage|p2a: Dragapult|150/262 tox|[from] psn\n|upkeep\n|\n|t:|1781379112\n|switch|p1a: Sandslash|Sandslash, L89, F|210/278\n|turn|21\n|\n|t:|1781379115\n|move|p2a: Dragapult|Will-O-Wisp|p1a: Sandslash\n|-status|p1a: Sandslash|brn\n|move|p1a: Sandslash|Knock Off|p2a: Dragapult\n|-supereffective|p2a: Dragapult\n|-damage|p2a: Dragapult|60/262 tox\n|-enditem|p2a: Dragapult|Heavy-Duty Boots|[from] move: Knock Off|[of] p1a: Sandslash\n|\n|-heal|p1a: Sandslash|227/278 brn|[from] item: Leftovers\n|-damage|p2a: Dragapult|28/262 tox|[from] psn\n|-damage|p1a: Sandslash|210/278 brn|[from] brn\n|upkeep\n|turn|22\n|\n|t:|1781379117\n|move|p2a: Dragapult|Hex|p1a: Sandslash\n|-damage|p1a: Sandslash|65/278 brn\n|move|p1a: Sandslash|Swords Dance|p1a: Sandslash\n|-boost|p1a: Sandslash|atk|2\n|\n|-heal|p1a: Sandslash|82/278 brn|[from] item: Leftovers\n|-damage|p2a: Dragapult|0 fnt|[from] psn\n|faint|p2a: Dragapult\n|-damage|p1a: Sandslash|65/278 brn|[from] brn\n|upkeep\n|\n|t:|1781379122\n|switch|p2a: Iron Hands|Iron Hands, L79|150/373\n|turn|23\n|\n|t:|1781379126\n|move|p2a: Iron Hands|Fake Out|p1a: Sandslash\n|-damage|p1a: Sandslash|36/278 brn\n|cant|p1a: Sandslash|flinch\n|\n|-heal|p1a: Sandslash|53/278 brn|[from] item: Leftovers\n|-damage|p1a: Sandslash|36/278 brn|[from] brn\n|upkeep\n|turn|24\n|\n|t:|1781379142\n|move|p1a: Sandslash|Earthquake|p2a: Iron Hands\n|-supereffective|p2a: Iron Hands\n|-damage|p2a: Iron Hands|0 fnt\n|faint|p2a: Iron Hands\n|-end|p2a: Iron Hands|Quark Drive|[silent]\n|\n|-heal|p1a: Sandslash|53/278 brn|[from] item: Leftovers\n|-damage|p1a: Sandslash|36/278 brn|[from] brn\n|upkeep\n|\n|t:|1781379144\n|switch|p2a: Rabsca|Rabsca, L91, F|284/284\n|turn|25\n|\n|t:|1781379165\n|move|p1a: Sandslash|Knock Off|p2a: Rabsca\n|-supereffective|p2a: Rabsca\n|-damage|p2a: Rabsca|148/284\n|-enditem|p2a: Rabsca|Heavy-Duty Boots|[from] move: Knock Off|[of] p1a: Sandslash\n|move|p2a: Rabsca|Psychic|p1a: Sandslash\n|-damage|p1a: Sandslash|0 fnt\n|faint|p1a: Sandslash\n|\n|win|Goggyo\n", "uploadtime": 1781378813, "views": 8, "formatid": "gen9randombattle", "rating": null, "private": 0, "password": null}