{"id": "gen9randombattle-2631593747", "format": "[Gen 9] Random Battle", "players": ["Crinjal", "Lujay7"], "log": "|j|\u2606Crinjal\n|j|\u2606Lujay7\n|t:|1781405975\n|gametype|singles\n|player|p1|Crinjal|veteran|2023\n|player|p2|Lujay7|101|2038\n|gen|9\n|tier|[Gen 9] Random Battle\n|rated|\n|rule|Species Clause: Limit one of each Pok\u00e9mon\n|rule|HP Percentage Mod: HP is shown in percentages\n|rule|Sleep Clause Mod: Limit one foe put to sleep\n|rule|Illusion Level Mod: Illusion disguises the Pok\u00e9mon's true level\n|\n|t:|1781405975\n|teamsize|p1|6\n|teamsize|p2|6\n|start\n|switch|p1a: Okidogi|Okidogi, L77, M|262/262\n|switch|p2a: Iron Bundle|Iron Bundle, L78|215/215\n|turn|1\n|inactive|Battle timer is ON: inactive players will automatically lose when time's up. (requested by Lujay7)\n|\n|t:|1781405987\n|move|p2a: Iron Bundle|Flip Turn|p1a: Okidogi\n|-crit|p1a: Okidogi\n|-damage|p1a: Okidogi|196/262\n|\n|t:|1781405995\n|-end|p2a: Iron Bundle|Quark Drive|[silent]\n|switch|p2a: Basculegion|Basculegion, L80, M|323/323|[from] Flip Turn\n|move|p1a: Okidogi|Drain Punch|p2a: Basculegion\n|-immune|p2a: Basculegion\n|\n|upkeep\n|turn|2\n|\n|t:|1781406007\n|move|p2a: Basculegion|Wave Crash|p1a: Okidogi\n|-damage|p1a: Okidogi|50/262\n|-damage|p2a: Basculegion|275/323|[from] Recoil\n|move|p1a: Okidogi|Knock Off|p2a: Basculegion\n|-supereffective|p2a: Basculegion\n|-damage|p2a: Basculegion|87/323\n|-status|p2a: Basculegion|tox|[from] ability: Toxic Chain|[of] p1a: Okidogi\n|-enditem|p2a: Basculegion|Assault Vest|[from] move: Knock Off|[of] p1a: Okidogi\n|\n|-damage|p2a: Basculegion|67/323 tox|[from] psn\n|upkeep\n|turn|3\n|\n|t:|1781406020\n|move|p2a: Basculegion|Shadow Ball|p1a: Okidogi\n|-damage|p1a: Okidogi|0 fnt\n|faint|p1a: Okidogi\n|\n|-damage|p2a: Basculegion|27/323 tox|[from] psn\n|upkeep\n|\n|t:|1781406034\n|switch|p1a: Lumineon|Lumineon, L93, F|279/279\n|turn|4\n|\n|t:|1781406060\n|switch|p2a: Iron Bundle|Iron Bundle, L78|215/215\n|move|p1a: Lumineon|Alluring Voice|p2a: Iron Bundle\n|-damage|p2a: Iron Bundle|119/215\n|-damage|p1a: Lumineon|252/279|[from] item: Life Orb\n|\n|upkeep\n|turn|5\n|\n|t:|1781406078\n|move|p2a: Iron Bundle|Freeze-Dry|p1a: Lumineon\n|-supereffective|p1a: Lumineon\n|-damage|p1a: Lumineon|94/279\n|move|p1a: Lumineon|Alluring Voice|p2a: Iron Bundle\n|-damage|p2a: Iron Bundle|28/215\n|-damage|p1a: Lumineon|67/279|[from] item: Life Orb\n|\n|upkeep\n|turn|6\n|inactive|Crinjal has 120 seconds left.\n|\n|t:|1781406097\n|move|p2a: Iron Bundle|Freeze-Dry|p1a: Lumineon\n|-supereffective|p1a: Lumineon\n|-damage|p1a: Lumineon|0 fnt\n|faint|p1a: Lumineon\n|\n|upkeep\n|inactive|Crinjal has 120 seconds left.\n|\n|t:|1781406110\n|switch|p1a: Rabsca|Rabsca, L91, F|284/284\n|turn|7\n|inactive|Crinjal has 120 seconds left.\n|inactive|Lujay7 has 120 seconds left.\n|\n|t:|1781406159\n|move|p2a: Iron Bundle|Flip Turn|p1a: Rabsca\n|-damage|p1a: Rabsca|238/284\n|\n|t:|1781406163\n|-end|p2a: Iron Bundle|Quark Drive|[silent]\n|switch|p2a: Bastiodon|Bastiodon, L89, F|252/252|[from] Flip Turn\n|move|p1a: Rabsca|Trick Room|p1a: Rabsca\n|-fieldstart|move: Trick Room|[of] p1a: Rabsca\n|\n|upkeep\n|turn|8\n|inactive|Crinjal has 120 seconds left.\n|\n|t:|1781406174\n|move|p1a: Rabsca|Revival Blessing|p1a: Rabsca\n|\n|t:|1781406178\n|-heal|p1: Lumineon|139/279|[from] move: Revival Blessing\n|move|p2a: Bastiodon|Foul Play|p1a: Rabsca\n|-supereffective|p1a: Rabsca\n|-damage|p1a: Rabsca|174/284\n|\n|upkeep\n|turn|9\n|inactive|Lujay7 has 120 seconds left.\n|inactive|Lujay7 has 90 seconds left.\n|\n|t:|1781406215\n|move|p1a: Rabsca|Psychic|p2a: Bastiodon\n|-resisted|p2a: Bastiodon\n|-crit|p2a: Bastiodon\n|-damage|p2a: Bastiodon|184/252\n|move|p2a: Bastiodon|Iron Defense|p2a: Bastiodon\n|-boost|p2a: Bastiodon|def|2\n|\n|upkeep\n|turn|10\n|\n|t:|1781406225\n|move|p1a: Rabsca|Psychic|p2a: Bastiodon\n|-resisted|p2a: Bastiodon\n|-damage|p2a: Bastiodon|145/252\n|move|p2a: Bastiodon|Foul Play|p1a: Rabsca\n|-supereffective|p1a: Rabsca\n|-damage|p1a: Rabsca|112/284\n|\n|upkeep\n|turn|11\n|\n|t:|1781406240\n|move|p1a: Rabsca|Psychic|p2a: Bastiodon\n|-resisted|p2a: Bastiodon\n|-damage|p2a: Bastiodon|106/252\n|-unboost|p2a: Bastiodon|spd|1\n|move|p2a: Bastiodon|Foul Play|p1a: Rabsca\n|-supereffective|p1a: Rabsca\n|-damage|p1a: Rabsca|52/284\n|\n|-fieldend|move: Trick Room\n|upkeep\n|turn|12\n|\n|t:|1781406250\n|move|p2a: Bastiodon|Foul Play|p1a: Rabsca\n|-supereffective|p1a: Rabsca\n|-damage|p1a: Rabsca|0 fnt\n|faint|p1a: Rabsca\n|\n|upkeep\n|\n|t:|1781406257\n|switch|p1a: Politoed|Politoed, L88, F|302/302\n|-weather|RainDance|[from] ability: Drizzle|[of] p1a: Politoed\n|turn|13\n|inactive|Lujay7 has 90 seconds left.\n|\n|t:|1781406285\n|move|p1a: Politoed|Hydro Pump|p2a: Bastiodon\n|-supereffective|p2a: Bastiodon\n|-damage|p2a: Bastiodon|0 fnt\n|faint|p2a: Bastiodon\n|\n|-weather|RainDance|[upkeep]\n|upkeep\n|\n|t:|1781406295\n|switch|p2a: Iron Bundle|Iron Bundle, L78|28/215\n|turn|14\n|\n|t:|1781406304\n|-terastallize|p2a: Iron Bundle|Ice\n|move|p2a: Iron Bundle|Freeze-Dry|p1a: Politoed\n|-supereffective|p1a: Politoed\n|-damage|p1a: Politoed|106/302\n|move|p1a: Politoed|Hydro Pump|p2a: Iron Bundle\n|-damage|p2a: Iron Bundle|0 fnt\n|faint|p2a: Iron Bundle\n|-end|p2a: Iron Bundle|Quark Drive|[silent]\n|\n|-weather|RainDance|[upkeep]\n|upkeep\n|\n|t:|1781406317\n|switch|p2a: Mamoswine|Mamoswine, L81, M|311/311\n|turn|15\n|\n|t:|1781406328\n|move|p2a: Mamoswine|Earthquake|p1a: Politoed\n|-damage|p1a: Politoed|0 fnt\n|faint|p1a: Politoed\n|-damage|p2a: Mamoswine|280/311|[from] item: Life Orb\n|\n|-weather|RainDance|[upkeep]\n|upkeep\n|\n|t:|1781406331\n|switch|p1a: Lumineon|Lumineon, L93, F|139/279\n|turn|16\n|\n|t:|1781406340\n|switch|p2a: Basculegion|Basculegion, L80, M|27/323 tox\n|move|p1a: Lumineon|Hydro Pump|p2a: Basculegion|[miss]\n|-miss|p1a: Lumineon|p2a: Basculegion\n|\n|-weather|RainDance|[upkeep]\n|-damage|p2a: Basculegion|7/323 tox|[from] psn\n|upkeep\n|turn|17\n|\n|t:|1781406348\n|move|p1a: Lumineon|Ice Beam|p2a: Basculegion\n|-resisted|p2a: Basculegion\n|-damage|p2a: Basculegion|0 fnt\n|faint|p2a: Basculegion\n|-damage|p1a: Lumineon|112/279|[from] item: Life Orb\n|\n|-weather|none\n|upkeep\n|inactive|Lujay7 has 90 seconds left.\n|\n|t:|1781406381\n|switch|p2a: Masquerain|Masquerain, L87, F|264/264\n|-ability|p2a: Masquerain|Intimidate|boost\n|-unboost|p1a: Lumineon|atk|1\n|turn|18\n|\n|t:|1781406407\n|move|p1a: Lumineon|Ice Beam|p2a: Masquerain\n|-supereffective|p2a: Masquerain\n|-damage|p2a: Masquerain|113/264\n|-damage|p1a: Lumineon|85/279|[from] item: Life Orb\n|move|p2a: Masquerain|Sticky Web|p1a: Lumineon\n|-sidestart|p1: Crinjal|move: Sticky Web\n|\n|upkeep\n|turn|19\n|inactive|Lujay7 has 90 seconds left.\n|\n|t:|1781406417\n|move|p1a: Lumineon|Hydro Pump|p2a: Masquerain|[miss]\n|-miss|p1a: Lumineon|p2a: Masquerain\n|move|p2a: Masquerain|Stun Spore|p1a: Lumineon|[miss]\n|-miss|p2a: Masquerain|p1a: Lumineon\n|\n|upkeep\n|turn|20\n|\n|t:|1781406428\n|move|p1a: Lumineon|Hydro Pump|p2a: Masquerain\n|-damage|p2a: Masquerain|0 fnt\n|faint|p2a: Masquerain\n|-damage|p1a: Lumineon|58/279|[from] item: Life Orb\n|\n|upkeep\n|\n|t:|1781406437\n|switch|p2a: Banette|Banette, L93, F|270/270\n|turn|21\n|\n|t:|1781406451\n|switch|p1a: Sandy Shocks|Sandy Shocks, L80|267/267\n|move|p2a: Banette|Shadow Sneak|p1a: Sandy Shocks\n|-crit|p1a: Sandy Shocks\n|-damage|p1a: Sandy Shocks|153/267\n|-damage|p2a: Banette|243/270|[from] item: Life Orb\n|\n|upkeep\n|turn|22\n|\n|t:|1781406466\n|move|p1a: Sandy Shocks|Thunderbolt|p2a: Banette\n|-damage|p2a: Banette|123/270\n|move|p2a: Banette|Poltergeist|p1a: Sandy Shocks\n|-activate|p1a: Sandy Shocks|move: Poltergeist|Heavy-Duty Boots\n|-damage|p1a: Sandy Shocks|0 fnt\n|faint|p1a: Sandy Shocks\n|-end|p1a: Sandy Shocks|Protosynthesis|[silent]\n|-damage|p2a: Banette|96/270|[from] item: Life Orb\n|\n|upkeep\n|inactive|Crinjal has 120 seconds left.\n|\n|t:|1781406490\n|switch|p1a: Volcarona|Volcarona, L77, F|257/257\n|turn|23\n|inactive|Crinjal has 120 seconds left.\n|\n|t:|1781406505\n|move|p1a: Volcarona|Fiery Dance|p2a: Banette\n|-damage|p2a: Banette|0 fnt\n|-start|p1a: Volcarona|Disable|Fiery Dance|[from] ability: Cursed Body|[of] p2a: Banette\n|faint|p2a: Banette\n|\n|upkeep\n|\n|t:|1781406509\n|switch|p2a: Mamoswine|Mamoswine, L81, M|280/311\n|turn|24\n|inactive|Crinjal has 120 seconds left.\n|\n|t:|1781406534\n|-terastallize|p1a: Volcarona|Water\n|move|p1a: Volcarona|Tera Blast|p2a: Mamoswine|[anim] Tera Blast Water\n|-supereffective|p2a: Mamoswine\n|-damage|p2a: Mamoswine|46/311\n|move|p2a: Mamoswine|Earthquake|p1a: Volcarona\n|-damage|p1a: Volcarona|30/257\n|-damage|p2a: Mamoswine|15/311|[from] item: Life Orb\n|\n|upkeep\n|turn|25\n|inactive|Crinjal has 120 seconds left.\n|\n|t:|1781406543\n|move|p2a: Mamoswine|Ice Shard|p1a: Volcarona\n|-resisted|p1a: Volcarona\n|-damage|p1a: Volcarona|0 fnt\n|faint|p1a: Volcarona\n|-damage|p2a: Mamoswine|0 fnt|[from] item: Life Orb\n|faint|p2a: Mamoswine\n|\n|win|Crinjal\n", "inputlog": ">version a8376a258c1d4662feba110a92103f3664a72141\n>start {\"formatid\":\"gen9randombattle\",\"seed\":\"sodium,25a914f776134f49c323eeb924290076\",\"rated\":\"Rated battle\"}\n>player p1 {\"name\":\"Crinjal\",\"avatar\":\"veteran\",\"rating\":2023,\"seed\":\"sodium,713bab36a5ef7530fbcc9d0a50b63f3c\"}\n>player p2 {\"name\":\"Lujay7\",\"avatar\":\"101\",\"rating\":2038,\"seed\":\"sodium,b4150f8a5d70ac808fa54b4bdb8f055e\"}\n>p1 move drainpunch\n>p2 move flipturn\n>p2 switch 2\n>p1 move knockoff\n>p2 move wavecrash\n>p1 move knockoff\n>p2 move shadowball\n>p1 switch 2\n>p1 move alluringvoice\n>p2 switch 2\n>p1 move alluringvoice\n>p2 move freezedry\n>p1 move alluringvoice\n>p2 move freezedry\n>p1 switch 6\n>p1 move trickroom\n>p2 move flipturn\n>p2 switch 6\n>p1 move revivalblessing\n>p2 move foulplay\n>p1 switch 6\n>p1 move psychic\n>p2 move irondefense\n>p1 move psychic\n>p2 move foulplay\n>p1 move psychic\n>p2 move foulplay\n>p1 move psychic\n>p2 move foulplay\n>p1 switch 4\n>p1 move hydropump\n>p2 move bodypress\n>p2 switch 6\n>p1 move hydropump\n>p2 move freezedry terastallize\n>p2 switch 3\n>p1 move hydropump\n>p2 move earthquake\n>p1 switch 6\n>p1 move hydropump\n>p2 switch 2\n>p1 move icebeam\n>p2 move shadowball\n>p2 switch 4\n>p1 move icebeam\n>p2 move stickyweb\n>p1 move hydropump\n>p2 move stunspore\n>p1 move hydropump\n>p2 move stunspore\n>p2 switch 5\n>p1 switch 5\n>p2 move shadowsneak\n>p1 move thunderbolt\n>p2 move poltergeist\n>p1 switch 3\n>p1 move fierydance\n>p2 move poltergeist\n>p2 switch 2\n>p1 move terablast terastallize\n>p2 move earthquake\n>p1 move terablast\n>p2 move iceshard", "uploadtime": 1781405978, "views": 4, "formatid": "gen9randombattle", "rating": null, "private": 0, "password": null}