{"id": "gen9randombattle-2631541488", "format": "[Gen 9] Random Battle", "players": ["RaynSSB", "sulfersurfer"], "log": "|j|\u2606RaynSSB\n|j|\u2606sulfersurfer\n|t:|1781398787\n|gametype|singles\n|player|p1|RaynSSB|elesa|1460\n|player|p2|sulfersurfer|boarder|1432\n|gen|9\n|tier|[Gen 9] Random Battle\n|rated|\n|rule|Species Clause: Limit one of each Pok\u00e9mon\n|rule|HP Percentage Mod: HP is shown in percentages\n|rule|Sleep Clause Mod: Limit one foe put to sleep\n|rule|Illusion Level Mod: Illusion disguises the Pok\u00e9mon's true level\n|\n|t:|1781398787\n|teamsize|p1|6\n|teamsize|p2|6\n|start\n|switch|p1a: Talonflame|Talonflame, L83, M|265/265\n|switch|p2a: Beartic|Beartic, L91, F|321/321\n|turn|1\n|inactive|Battle timer is ON: inactive players will automatically lose when time's up. (requested by RaynSSB)\n|\n|t:|1781398801\n|switch|p2a: Gyarados|Gyarados, L79, F|280/280\n|move|p1a: Talonflame|Overheat|p2a: Gyarados\n|-resisted|p2a: Gyarados\n|-damage|p2a: Gyarados|226/280\n|-unboost|p1a: Talonflame|spa|2\n|\n|upkeep\n|turn|2\n|\n|t:|1781398808\n|move|p1a: Talonflame|Will-O-Wisp|p2a: Gyarados\n|-status|p2a: Gyarados|brn\n|move|p2a: Gyarados|Dragon Dance|p2a: Gyarados\n|-boost|p2a: Gyarados|atk|1\n|-boost|p2a: Gyarados|spe|1\n|\n|-damage|p2a: Gyarados|209/280 brn|[from] brn\n|upkeep\n|turn|3\n|\n|t:|1781398821\n|switch|p1a: Garganacl|Garganacl, L80, F|291/291\n|move|p2a: Gyarados|Dragon Dance|p2a: Gyarados\n|-boost|p2a: Gyarados|atk|1\n|-boost|p2a: Gyarados|spe|1\n|\n|-damage|p2a: Gyarados|192/280 brn|[from] brn\n|upkeep\n|turn|4\n|\n|t:|1781398826\n|move|p2a: Gyarados|Waterfall|p1a: Garganacl\n|-supereffective|p1a: Garganacl\n|-damage|p1a: Garganacl|156/291\n|move|p1a: Garganacl|Salt Cure|p2a: Gyarados\n|-supereffective|p2a: Gyarados\n|-damage|p2a: Gyarados|100/280 brn\n|-start|p2a: Gyarados|Salt Cure\n|\n|-heal|p1a: Garganacl|174/291|[from] item: Leftovers\n|-damage|p2a: Gyarados|83/280 brn|[from] brn\n|-damage|p2a: Gyarados|13/280 brn|[from] Salt Cure\n|upkeep\n|turn|5\n|\n|t:|1781398831\n|switch|p1a: Toxicroak|Toxicroak, L84, F|277/277\n|move|p2a: Gyarados|Waterfall|p1a: Toxicroak\n|-immune|p1a: Toxicroak|[from] ability: Dry Skin\n|\n|-damage|p2a: Gyarados|0 fnt|[from] brn\n|faint|p2a: Gyarados\n|upkeep\n|\n|t:|1781398842\n|switch|p2a: Tropius|Tropius, L91, M|328/328\n|turn|6\n|\n|t:|1781398846\n|-terastallize|p2a: Tropius|Ground\n|move|p1a: Toxicroak|Gunk Shot|p2a: Tropius\n|-resisted|p2a: Tropius\n|-damage|p2a: Tropius|236/328\n|-damage|p1a: Toxicroak|250/277|[from] item: Life Orb\n|move|p2a: Tropius|Dragon Dance|p2a: Tropius\n|-boost|p2a: Tropius|atk|1\n|-boost|p2a: Tropius|spe|1\n|\n|upkeep\n|turn|7\n|\n|t:|1781398857\n|switch|p1a: Luvdisc|Luvdisc, M|247/247\n|move|p2a: Tropius|Dual Wingbeat|p1a: Luvdisc\n|-crit|p1a: Luvdisc\n|-damage|p1a: Luvdisc|151/247\n|-damage|p1a: Luvdisc|81/247\n|-hitcount|p1a: Luvdisc|2\n|\n|upkeep\n|turn|8\n|\n|t:|1781398870\n|move|p1a: Luvdisc|Flip Turn|p2a: Tropius\n|-supereffective|p2a: Tropius\n|-damage|p2a: Tropius|158/328\n|-enditem|p2a: Tropius|Sitrus Berry|[eat]\n|-heal|p2a: Tropius|240/328|[from] item: Sitrus Berry\n|\n|t:|1781398876\n|switch|p1a: Garganacl|Garganacl, L80, F|174/291|[from] Flip Turn\n|move|p2a: Tropius|Dual Wingbeat|p1a: Garganacl\n|-resisted|p1a: Garganacl\n|-damage|p1a: Garganacl|151/291\n|-resisted|p1a: Garganacl\n|-damage|p1a: Garganacl|130/291\n|-hitcount|p1a: Garganacl|2\n|\n|-heal|p1a: Garganacl|148/291|[from] item: Leftovers\n|upkeep\n|turn|9\n|\n|t:|1781398888\n|switch|p1a: Talonflame|Talonflame, L83, M|265/265\n|move|p2a: Tropius|Earthquake|p1a: Talonflame\n|-immune|p1a: Talonflame\n|\n|upkeep\n|turn|10\n|\n|t:|1781398893\n|move|p1a: Talonflame|Will-O-Wisp|p2a: Tropius\n|-status|p2a: Tropius|brn\n|move|p2a: Tropius|Dual Wingbeat|p1a: Talonflame\n|-damage|p1a: Talonflame|232/265\n|-crit|p1a: Talonflame\n|-damage|p1a: Talonflame|181/265\n|-hitcount|p1a: Talonflame|2\n|\n|-damage|p2a: Tropius|220/328 brn|[from] brn\n|-item|p2a: Tropius|Sitrus Berry|[from] ability: Harvest\n|upkeep\n|turn|11\n|\n|t:|1781398903\n|move|p1a: Talonflame|Overheat|p2a: Tropius\n|-damage|p2a: Tropius|121/328 brn\n|-unboost|p1a: Talonflame|spa|2\n|-enditem|p2a: Tropius|Sitrus Berry|[eat]\n|-heal|p2a: Tropius|203/328 brn|[from] item: Sitrus Berry\n|move|p2a: Tropius|Dragon Dance|p2a: Tropius\n|-boost|p2a: Tropius|atk|1\n|-boost|p2a: Tropius|spe|1\n|\n|-damage|p2a: Tropius|183/328 brn|[from] brn\n|upkeep\n|turn|12\n|\n|t:|1781398917\n|move|p2a: Tropius|Dual Wingbeat|p1a: Talonflame\n|-damage|p1a: Talonflame|133/265\n|-damage|p1a: Talonflame|87/265\n|-hitcount|p1a: Talonflame|2\n|move|p1a: Talonflame|Roost|p1a: Talonflame\n|-heal|p1a: Talonflame|220/265\n|-singleturn|p1a: Talonflame|move: Roost\n|\n|-damage|p2a: Tropius|163/328 brn|[from] brn\n|upkeep\n|turn|13\n|\n|t:|1781398928\n|move|p2a: Tropius|Dragon Dance|p2a: Tropius\n|-boost|p2a: Tropius|atk|1\n|-boost|p2a: Tropius|spe|1\n|move|p1a: Talonflame|Brave Bird|p2a: Tropius\n|-damage|p2a: Tropius|64/328 brn\n|-damage|p1a: Talonflame|187/265|[from] Recoil\n|\n|-damage|p2a: Tropius|44/328 brn|[from] brn\n|upkeep\n|turn|14\n|\n|t:|1781398935\n|move|p2a: Tropius|Dual Wingbeat|p1a: Talonflame\n|-damage|p1a: Talonflame|130/265\n|-damage|p1a: Talonflame|69/265\n|-hitcount|p1a: Talonflame|2\n|move|p1a: Talonflame|Brave Bird|p2a: Tropius\n|-damage|p2a: Tropius|0 fnt\n|faint|p2a: Tropius\n|-damage|p1a: Talonflame|54/265|[from] Recoil\n|\n|upkeep\n|\n|t:|1781398944\n|switch|p2a: Beartic|Beartic, L91, F|321/321\n|turn|15\n|\n|t:|1781398951\n|move|p2a: Beartic|Aqua Jet|p1a: Talonflame\n|-supereffective|p1a: Talonflame\n|-damage|p1a: Talonflame|0 fnt\n|-status|p2a: Beartic|brn|[from] ability: Flame Body|[of] p1a: Talonflame\n|faint|p1a: Talonflame\n|\n|-damage|p2a: Beartic|301/321 brn|[from] brn\n|upkeep\n|\n|t:|1781398959\n|switch|p1a: Toxicroak|Toxicroak, L84, F|250/277\n|turn|16\n|\n|t:|1781398966\n|switch|p2a: Vaporeon|Vaporeon, L86, F|364/364\n|move|p1a: Toxicroak|Swords Dance|p1a: Toxicroak\n|-boost|p1a: Toxicroak|atk|2\n|\n|upkeep\n|turn|17\n|\n|t:|1781398972\n|move|p1a: Toxicroak|Gunk Shot|p2a: Vaporeon\n|-damage|p2a: Vaporeon|0 fnt\n|faint|p2a: Vaporeon\n|-damage|p1a: Toxicroak|223/277|[from] item: Life Orb\n|\n|upkeep\n|-message|sulfersurfer forfeited.\n|\n|win|RaynSSB\n|raw|RaynSSB's rating: 1460 &rarr; <strong>1478</strong><br />(+18 for winning)\n|raw|sulfersurfer's rating: 1432 &rarr; <strong>1414</strong><br />(-18 for losing)\n|l|\u2606sulfersurfer\n|player|p2|\n", "inputlog": ">version a8376a258c1d4662feba110a92103f3664a72141\n>start {\"formatid\":\"gen9randombattle\",\"seed\":\"sodium,ae59d88f066680a7091da0b033f2220f\",\"rated\":\"Rated battle\"}\n>player p1 {\"name\":\"RaynSSB\",\"avatar\":\"elesa\",\"rating\":1460,\"seed\":\"sodium,5cf082322afd24f2a4678e2075b28c3c\"}\n>player p2 {\"name\":\"sulfersurfer\",\"avatar\":\"boarder\",\"rating\":1432,\"seed\":\"sodium,c3424a9dce162b7140768c5c22114d8b\"}\n>p1 move overheat\n>p2 switch 4\n>p1 move willowisp\n>p2 move dragondance\n>p1 switch 6\n>p2 move dragondance\n>p1 move saltcure\n>p2 move waterfall\n>p1 switch 3\n>p2 move waterfall\n>p2 switch 3\n>p1 move gunkshot\n>p2 move dragondance terastallize\n>p1 switch 4\n>p2 move dualwingbeat\n>p1 move flipturn\n>p2 move dualwingbeat\n>p1 switch 3\n>p1 switch 6\n>p2 move earthquake\n>p1 move willowisp\n>p2 move dualwingbeat\n>p1 move overheat\n>p2 move dragondance\n>p1 move roost\n>p2 move dualwingbeat\n>p1 move bravebird\n>p2 move dragondance\n>p1 move bravebird\n>p2 move dualwingbeat\n>p2 switch 4\n>p1 move willowisp\n>p2 move aquajet\n>p1 switch 4\n>p1 move swordsdance\n>p2 switch 2\n>p1 move gunkshot\n>p2 move wish\n>forcelose p2", "uploadtime": 1781398981, "views": 6, "formatid": "gen9randombattle", "rating": 1414, "private": 0, "password": null}