{"id": "gen9randombattle-2631585925", "format": "[Gen 9] Random Battle", "players": ["jjk02", "Blendedcats"], "log": "|j|\u2606jjk02\n|j|\u2606Blendedcats\n|t:|1781404900\n|gametype|singles\n|player|p1|jjk02|cynthia-gen4|1882\n|player|p2|Blendedcats|picnicker|1950\n|gen|9\n|tier|[Gen 9] Random Battle\n|rated|\n|rule|Species Clause: Limit one of each Pok\u00e9mon\n|rule|HP Percentage Mod: HP is shown in percentages\n|rule|Sleep Clause Mod: Limit one foe put to sleep\n|rule|Illusion Level Mod: Illusion disguises the Pok\u00e9mon's true level\n|\n|t:|1781404900\n|teamsize|p1|6\n|teamsize|p2|6\n|start\n|switch|p1a: Sudowoodo|Sudowoodo, L94, M|284/284\n|switch|p2a: Dragalge|Dragalge, L88, F|258/258\n|turn|1\n|inactive|Battle timer is ON: inactive players will automatically lose when time's up. (requested by Blendedcats)\n|\n|t:|1781404904\n|move|p2a: Dragalge|Draco Meteor|p1a: Sudowoodo\n|-damage|p1a: Sudowoodo|78/284\n|-unboost|p2a: Dragalge|spa|2\n|move|p1a: Sudowoodo|Earthquake|p2a: Dragalge\n|-supereffective|p2a: Dragalge\n|-damage|p2a: Dragalge|80/258\n|\n|-heal|p1a: Sudowoodo|95/284|[from] item: Leftovers\n|upkeep\n|turn|2\n|\n|t:|1781404909\n|move|p2a: Dragalge|Focus Blast|p1a: Sudowoodo\n|-supereffective|p1a: Sudowoodo\n|-damage|p1a: Sudowoodo|0 fnt\n|faint|p1a: Sudowoodo\n|\n|upkeep\n|\n|t:|1781404912\n|switch|p1a: Iron Treads|Iron Treads, L77|265/265\n|turn|3\n|\n|t:|1781404915\n|switch|p2a: Donphan|Donphan, L84, M|288/288\n|move|p1a: Iron Treads|Iron Head|p2a: Donphan\n|-damage|p2a: Donphan|225/288\n|\n|upkeep\n|turn|4\n|\n|t:|1781404923\n|-end|p1a: Iron Treads|Quark Drive|[silent]\n|switch|p1a: Hydrapple|Hydrapple, L83, F|312/312\n|move|p2a: Donphan|Ice Spinner|p1a: Hydrapple\n|-supereffective|p1a: Hydrapple\n|-damage|p1a: Hydrapple|76/312\n|\n|-heal|p1a: Hydrapple|95/312|[from] item: Leftovers\n|upkeep\n|turn|5\n|\n|t:|1781404930\n|switch|p1a: Kyogre|Kyogre, L71|259/259\n|-weather|RainDance|[from] ability: Drizzle|[of] p1a: Kyogre\n|move|p2a: Donphan|Ice Spinner|p1a: Kyogre\n|-resisted|p1a: Kyogre\n|-damage|p1a: Kyogre|220/259\n|\n|-weather|RainDance|[upkeep]\n|upkeep\n|turn|6\n|\n|t:|1781404934\n|switch|p2a: Dragalge|Dragalge, L88, F|80/258\n|move|p1a: Kyogre|Water Spout|p2a: Dragalge\n|-resisted|p2a: Dragalge\n|-crit|p2a: Dragalge\n|-damage|p2a: Dragalge|0 fnt\n|faint|p2a: Dragalge\n|\n|-weather|RainDance|[upkeep]\n|upkeep\n|\n|t:|1781404937\n|switch|p2a: Raichu|Raichu, L88, M|249/249\n|turn|7\n|\n|t:|1781404941\n|-terastallize|p1a: Kyogre|Water\n|move|p1a: Kyogre|Water Spout|p2a: Raichu\n|-damage|p2a: Raichu|0 fnt\n|faint|p2a: Raichu\n|\n|-weather|RainDance|[upkeep]\n|upkeep\n|\n|t:|1781404945\n|switch|p2a: Scream Tail|Scream Tail, L84|330/330\n|turn|8\n|\n|t:|1781404950\n|move|p2a: Scream Tail|Protect|p2a: Scream Tail\n|-singleturn|p2a: Scream Tail|Protect\n|move|p1a: Kyogre|Water Spout|p2a: Scream Tail\n|-activate|p2a: Scream Tail|move: Protect\n|\n|-weather|RainDance|[upkeep]\n|upkeep\n|turn|9\n|\n|t:|1781404977\n|switch|p1a: Iron Treads|Iron Treads, L77|265/265\n|move|p2a: Scream Tail|Dazzling Gleam|p1a: Iron Treads\n|-resisted|p1a: Iron Treads\n|-damage|p1a: Iron Treads|239/265\n|\n|-weather|none\n|upkeep\n|turn|10\n|\n|t:|1781404984\n|-end|p2a: Scream Tail|Protosynthesis|[silent]\n|switch|p2a: Donphan|Donphan, L84, M|225/288\n|move|p1a: Iron Treads|Iron Head|p2a: Donphan\n|-damage|p2a: Donphan|164/288\n|\n|upkeep\n|turn|11\n|\n|t:|1781404992\n|-end|p1a: Iron Treads|Quark Drive|[silent]\n|switch|p1a: Azelf|Azelf, L82|257/257\n|move|p2a: Donphan|Earthquake|p1a: Azelf\n|-immune|p1a: Azelf|[from] ability: Levitate\n|\n|upkeep\n|turn|12\n|\n|t:|1781405001\n|switch|p2a: Scream Tail|Scream Tail, L84|330/330\n|move|p1a: Azelf|Nasty Plot|p1a: Azelf\n|-boost|p1a: Azelf|spa|2\n|\n|upkeep\n|turn|13\n|\n|t:|1781405009\n|switch|p1a: Iron Treads|Iron Treads, L77|239/265\n|move|p2a: Scream Tail|Dazzling Gleam|p1a: Iron Treads\n|-resisted|p1a: Iron Treads\n|-damage|p1a: Iron Treads|209/265\n|\n|upkeep\n|turn|14\n|\n|t:|1781405012\n|move|p2a: Scream Tail|Wish|p2a: Scream Tail\n|move|p1a: Iron Treads|Iron Head|p2a: Scream Tail\n|-supereffective|p2a: Scream Tail\n|-damage|p2a: Scream Tail|172/330\n|\n|-heal|p2a: Scream Tail|192/330|[from] item: Leftovers\n|upkeep\n|turn|15\n|\n|t:|1781405017\n|-end|p2a: Scream Tail|Protosynthesis|[silent]\n|switch|p2a: Donphan|Donphan, L84, M|164/288\n|-end|p1a: Iron Treads|Quark Drive|[silent]\n|switch|p1a: Kyogre|Kyogre, L71, tera:Water|220/259\n|-weather|RainDance|[from] ability: Drizzle|[of] p1a: Kyogre\n|\n|-weather|RainDance|[upkeep]\n|-heal|p2a: Donphan|288/288|[from] move: Wish|[wisher] Scream Tail\n|upkeep\n|turn|16\n|\n|t:|1781405030\n|move|p1a: Kyogre|Water Spout|p2a: Donphan\n|-supereffective|p2a: Donphan\n|-ability|p2a: Donphan|Sturdy\n|-damage|p2a: Donphan|1/288\n|move|p2a: Donphan|Earthquake|p1a: Kyogre\n|-damage|p1a: Kyogre|70/259\n|\n|-weather|RainDance|[upkeep]\n|upkeep\n|turn|17\n|\n|t:|1781405034\n|switch|p2a: Scream Tail|Scream Tail, L84|192/330\n|move|p1a: Kyogre|Water Spout|p2a: Scream Tail\n|-damage|p2a: Scream Tail|122/330\n|\n|-weather|RainDance|[upkeep]\n|-heal|p2a: Scream Tail|142/330|[from] item: Leftovers\n|upkeep\n|turn|18\n|\n|t:|1781405037\n|switch|p1a: Iron Treads|Iron Treads, L77|209/265\n|move|p2a: Scream Tail|Wish|p2a: Scream Tail\n|\n|-weather|RainDance|[upkeep]\n|-heal|p2a: Scream Tail|162/330|[from] item: Leftovers\n|upkeep\n|turn|19\n|\n|t:|1781405045\n|move|p2a: Scream Tail|Protect|p2a: Scream Tail\n|-singleturn|p2a: Scream Tail|Protect\n|move|p1a: Iron Treads|Iron Head|p2a: Scream Tail\n|-activate|p2a: Scream Tail|move: Protect\n|\n|-weather|none\n|-heal|p2a: Scream Tail|327/330|[from] move: Wish|[wisher] Scream Tail\n|-heal|p2a: Scream Tail|330/330|[from] item: Leftovers\n|upkeep\n|turn|20\n|inactive|jjk02 has 120 seconds left.\n|\n|t:|1781405089\n|move|p2a: Scream Tail|Wish|p2a: Scream Tail\n|move|p1a: Iron Treads|Iron Head|p2a: Scream Tail\n|-supereffective|p2a: Scream Tail\n|-damage|p2a: Scream Tail|190/330\n|\n|-heal|p2a: Scream Tail|210/330|[from] item: Leftovers\n|upkeep\n|turn|21\n|\n|t:|1781405092\n|-end|p2a: Scream Tail|Protosynthesis|[silent]\n|switch|p2a: Morpeko|Morpeko, L88, M|245/245\n|move|p1a: Iron Treads|Iron Head|p2a: Morpeko\n|-resisted|p2a: Morpeko\n|-damage|p2a: Morpeko|195/245\n|\n|-heal|p2a: Morpeko|245/245|[from] move: Wish|[wisher] Scream Tail\n|-formechange|p2a: Morpeko|Morpeko-Hangry||[from] ability: Hunger Switch\n|upkeep\n|turn|22\n|\n|t:|1781405094\n|move|p2a: Morpeko|Parting Shot|p1a: Iron Treads\n|-unboost|p1a: Iron Treads|atk|1\n|-unboost|p1a: Iron Treads|spa|1\n|\n|t:|1781405098\n|switch|p2a: Victreebel|Victreebel, L90, F|290/290|[from] Parting Shot\n|move|p1a: Iron Treads|Earthquake|p2a: Victreebel\n|-damage|p2a: Victreebel|217/290\n|\n|upkeep\n|turn|23\n|\n|t:|1781405107\n|move|p1a: Iron Treads|Volt Switch|p2a: Victreebel\n|-resisted|p2a: Victreebel\n|-damage|p2a: Victreebel|205/290\n|\n|t:|1781405112\n|-end|p1a: Iron Treads|Quark Drive|[silent]\n|switch|p1a: Espeon|Espeon, L84, F|246/246|[from] Volt Switch\n|move|p2a: Victreebel|Sunny Day|p2a: Victreebel\n|-weather|SunnyDay\n|\n|-weather|SunnyDay|[upkeep]\n|upkeep\n|turn|24\n|\n|t:|1781405115\n|move|p2a: Victreebel|Power Whip|p1a: Espeon\n|-damage|p1a: Espeon|3/246\n|-damage|p2a: Victreebel|176/290|[from] item: Life Orb\n|move|p1a: Espeon|Psychic|p2a: Victreebel\n|-supereffective|p2a: Victreebel\n|-damage|p2a: Victreebel|0 fnt\n|faint|p2a: Victreebel\n|\n|-weather|SunnyDay|[upkeep]\n|upkeep\n|\n|t:|1781405121\n|switch|p2a: Morpeko|Morpeko, L88, M|245/245\n|turn|25\n|\n|t:|1781405123\n|switch|p1a: Hydrapple|Hydrapple, L83, F|199/312\n|move|p2a: Morpeko|Aura Wheel|p1a: Hydrapple\n|-resisted|p1a: Hydrapple\n|-damage|p1a: Hydrapple|172/312\n|-boost|p2a: Morpeko|spe|1\n|\n|-weather|SunnyDay|[upkeep]\n|-heal|p1a: Hydrapple|191/312|[from] item: Leftovers\n|-formechange|p2a: Morpeko|Morpeko-Hangry||[from] ability: Hunger Switch\n|upkeep\n|turn|26\n|\n|t:|1781405128\n|move|p2a: Morpeko|Aura Wheel|p1a: Hydrapple\n|-damage|p1a: Hydrapple|79/312\n|-boost|p2a: Morpeko|spe|1\n|move|p1a: Hydrapple|Giga Drain|p2a: Morpeko\n|-damage|p2a: Morpeko|124/245\n|-heal|p1a: Hydrapple|140/312|[from] drain|[of] p2a: Morpeko\n|\n|-weather|SunnyDay|[upkeep]\n|-heal|p1a: Hydrapple|159/312|[from] item: Leftovers\n|-formechange|p2a: Morpeko|Morpeko||[from] ability: Hunger Switch\n|upkeep\n|turn|27\n|\n|t:|1781405132\n|move|p2a: Morpeko|Parting Shot|p1a: Hydrapple\n|-unboost|p1a: Hydrapple|atk|1\n|-unboost|p1a: Hydrapple|spa|1\n|\n|t:|1781405134\n|switch|p2a: Scream Tail|Scream Tail, L84|210/330|[from] Parting Shot\n|-activate|p2a: Scream Tail|ability: Protosynthesis\n|-start|p2a: Scream Tail|protosynthesisspd\n|move|p1a: Hydrapple|Giga Drain|p2a: Scream Tail\n|-crit|p2a: Scream Tail\n|-damage|p2a: Scream Tail|125/330\n|-heal|p1a: Hydrapple|202/312|[from] drain|[of] p2a: Scream Tail\n|\n|-weather|none\n|-end|p2a: Scream Tail|Protosynthesis\n|-heal|p2a: Scream Tail|145/330|[from] item: Leftovers\n|-heal|p1a: Hydrapple|221/312|[from] item: Leftovers\n|upkeep\n|turn|28\n|\n|t:|1781405137\n|switch|p1a: Iron Treads|Iron Treads, L77|209/265\n|move|p2a: Scream Tail|Protect||[still]\n|-fail|p2a: Scream Tail\n|\n|-heal|p2a: Scream Tail|165/330|[from] item: Leftovers\n|upkeep\n|turn|29\n|-message|Blendedcats forfeited.\n|\n|win|jjk02\n|raw|jjk02's rating: 1882 &rarr; <strong>1907</strong><br />(+25 for winning)\n|raw|Blendedcats's rating: 1971 &rarr; <strong>1946</strong><br />(-25 for losing)\n|l|\u2606Blendedcats\n|player|p2|\n", "inputlog": ">version a8376a258c1d4662feba110a92103f3664a72141\n>start {\"formatid\":\"gen9randombattle\",\"seed\":\"sodium,70ed56711c6fa90477bc776f2e1d7a7c\",\"rated\":\"Rated battle\"}\n>player p1 {\"name\":\"jjk02\",\"avatar\":\"cynthia-gen4\",\"rating\":1882,\"seed\":\"sodium,7273e3b114cd033e134729f965a5521f\"}\n>player p2 {\"name\":\"Blendedcats\",\"avatar\":\"picnicker\",\"rating\":1950,\"seed\":\"sodium,af3e447d255c89678692c68998da5b2f\"}\n>p1 move earthquake\n>p2 move dracometeor\n>p1 move stealthrock\n>p2 move focusblast\n>p1 switch 2\n>p1 move ironhead\n>p2 switch 2\n>p1 switch 3\n>p2 move icespinner\n>p1 switch 4\n>p2 move icespinner\n>p1 move waterspout\n>p2 switch 2\n>p2 switch 6\n>p1 move waterspout terastallize\n>p2 move nastyplot\n>p2 switch 5\n>p1 move waterspout\n>p2 move protect\n>p1 switch 3\n>p2 move dazzlinggleam\n>p1 move ironhead\n>p2 switch 2\n>p1 switch 6\n>p2 move earthquake\n>p1 move nastyplot\n>p2 switch 2\n>p1 switch 6\n>p2 move dazzlinggleam\n>p1 move ironhead\n>p2 move wish\n>p1 switch 3\n>p2 switch 2\n>p1 move waterspout\n>p2 move earthquake\n>p1 move waterspout\n>p2 switch 2\n>p1 switch 3\n>p2 move wish\n>p1 move ironhead\n>p2 move protect\n>p1 move ironhead\n>p2 move wish\n>p1 move ironhead\n>p2 switch 3\n>p1 move earthquake\n>p2 move partingshot\n>p2 switch 4\n>p1 move voltswitch\n>p2 move sunnyday\n>p1 switch 5\n>p1 move psychic\n>p2 move powerwhip\n>p2 switch 4\n>p1 switch 4\n>p2 move aurawheel\n>p1 move gigadrain\n>p2 move aurawheel\n>p1 move gigadrain\n>p2 move partingshot\n>p2 switch 3\n>p1 switch 5\n>p2 move protect\n>forcelose p2", "uploadtime": 1781405146, "views": 4, "formatid": "gen9randombattle", "rating": 1907, "private": 0, "password": null}