{"id": "gen9randombattle-2631571932", "format": "[Gen 9] Random Battle", "players": ["LinkNinjaTC11", "bulrug"], "log": "|j|\u2606LinkNinjaTC11\n|j|\u203dbulrug\n|t:|1781402971\n|gametype|singles\n|player|p1|LinkNinjaTC11|veteran|2039\n|player|p2|bulrug|burglar|1992\n|gen|9\n|tier|[Gen 9] Random Battle\n|rated|\n|rule|Species Clause: Limit one of each Pok\u00e9mon\n|rule|HP Percentage Mod: HP is shown in percentages\n|rule|Sleep Clause Mod: Limit one foe put to sleep\n|rule|Illusion Level Mod: Illusion disguises the Pok\u00e9mon's true level\n|\n|t:|1781402971\n|teamsize|p1|6\n|teamsize|p2|6\n|start\n|switch|p1a: Copperajah|Copperajah, L86, F|350/350\n|switch|p2a: Munkidori|Munkidori, L79, M|269/269\n|turn|1\n|inactive|Battle timer is ON: inactive players will automatically lose when time's up. (requested by LinkNinjaTC11)\n|\n|t:|1781402979\n|move|p2a: Munkidori|U-turn|p1a: Copperajah\n|-resisted|p1a: Copperajah\n|-damage|p1a: Copperajah|330/350\n|\n|t:|1781402981\n|switch|p2a: Talonflame|Talonflame, L83, F|265/265|[from] U-turn\n|move|p1a: Copperajah|Heavy Slam|p2a: Talonflame\n|-resisted|p2a: Talonflame\n|-damage|p2a: Talonflame|124/265\n|-status|p1a: Copperajah|brn|[from] ability: Flame Body|[of] p2a: Talonflame\n|\n|-damage|p1a: Copperajah|309/350 brn|[from] brn\n|upkeep\n|turn|2\n|\n|t:|1781402989\n|switch|p1a: Skeledirge|Skeledirge, L79, M|294/294\n|move|p2a: Talonflame|Swords Dance|p2a: Talonflame\n|-boost|p2a: Talonflame|atk|2\n|\n|upkeep\n|turn|3\n|\n|t:|1781402994\n|move|p2a: Talonflame|Brave Bird|p1a: Skeledirge\n|-damage|p1a: Skeledirge|192/294\n|-damage|p2a: Talonflame|90/265|[from] Recoil\n|move|p1a: Skeledirge|Torch Song|p2a: Talonflame\n|-resisted|p2a: Talonflame\n|-damage|p2a: Talonflame|40/265\n|-boost|p1a: Skeledirge|spa|1\n|\n|upkeep\n|turn|4\n|\n|t:|1781402999\n|switch|p2a: Inteleon|Inteleon, L81, F|246/246\n|move|p1a: Skeledirge|Slack Off|p1a: Skeledirge\n|-heal|p1a: Skeledirge|294/294\n|\n|upkeep\n|turn|5\n|\n|t:|1781403004\n|-terastallize|p1a: Skeledirge|Water\n|move|p2a: Inteleon|Scald|p1a: Skeledirge\n|-resisted|p1a: Skeledirge\n|-damage|p1a: Skeledirge|210/294\n|move|p1a: Skeledirge|Will-O-Wisp|p2a: Inteleon\n|-status|p2a: Inteleon|brn\n|\n|-damage|p2a: Inteleon|231/246 brn|[from] brn\n|upkeep\n|turn|6\n|\n|t:|1781403011\n|move|p2a: Inteleon|Scald|p1a: Skeledirge\n|-resisted|p1a: Skeledirge\n|-damage|p1a: Skeledirge|124/294\n|move|p1a: Skeledirge|Torch Song|p2a: Inteleon\n|-resisted|p2a: Inteleon\n|-damage|p2a: Inteleon|158/246 brn\n|-boost|p1a: Skeledirge|spa|1\n|\n|-damage|p2a: Inteleon|143/246 brn|[from] brn\n|upkeep\n|turn|7\n|\n|t:|1781403016\n|switch|p2a: Munkidori|Munkidori, L79, M|269/269\n|move|p1a: Skeledirge|Slack Off|p1a: Skeledirge\n|-heal|p1a: Skeledirge|271/294\n|\n|upkeep\n|turn|8\n|\n|t:|1781403019\n|move|p2a: Munkidori|Sludge Wave|p1a: Skeledirge\n|-damage|p1a: Skeledirge|85/294\n|-status|p1a: Skeledirge|tox|[from] ability: Toxic Chain|[of] p2a: Munkidori\n|move|p1a: Skeledirge|Hex|p2a: Munkidori\n|-supereffective|p2a: Munkidori\n|-crit|p2a: Munkidori\n|-damage|p2a: Munkidori|0 fnt\n|faint|p2a: Munkidori\n|\n|-damage|p1a: Skeledirge|67/294 tox|[from] psn\n|upkeep\n|\n|t:|1781403028\n|switch|p2a: Jolteon|Jolteon, L84, F|246/246\n|turn|9\n|\n|t:|1781403033\n|switch|p1a: Trevenant|Trevenant, L89, F|296/296\n|move|p2a: Jolteon|Thunderbolt|p1a: Trevenant\n|-resisted|p1a: Trevenant\n|-damage|p1a: Trevenant|231/296\n|-damage|p2a: Jolteon|222/246|[from] item: Life Orb\n|\n|upkeep\n|turn|10\n|\n|t:|1781403037\n|move|p2a: Jolteon|Shadow Ball|p1a: Trevenant\n|-supereffective|p1a: Trevenant\n|-damage|p1a: Trevenant|62/296\n|-enditem|p1a: Trevenant|Sitrus Berry|[eat]\n|-heal|p1a: Trevenant|136/296|[from] item: Sitrus Berry\n|-damage|p2a: Jolteon|198/246|[from] item: Life Orb\n|move|p1a: Trevenant|Poltergeist|p2a: Jolteon\n|-activate|p2a: Jolteon|move: Poltergeist|Life Orb\n|-crit|p2a: Jolteon\n|-damage|p2a: Jolteon|0 fnt\n|faint|p2a: Jolteon\n|\n|upkeep\n|\n|t:|1781403043\n|switch|p2a: Scovillain|Scovillain, L91, M|266/266\n|turn|11\n|\n|t:|1781403051\n|move|p2a: Scovillain|Flamethrower|p1a: Trevenant\n|-supereffective|p1a: Trevenant\n|-damage|p1a: Trevenant|0 fnt\n|faint|p1a: Trevenant\n|\n|upkeep\n|\n|t:|1781403054\n|switch|p1a: Meowstic|Meowstic-F, L89, F|277/277\n|turn|12\n|\n|t:|1781403057\n|move|p2a: Scovillain|Flamethrower|p1a: Meowstic\n|-damage|p1a: Meowstic|159/277\n|move|p1a: Meowstic|Nasty Plot|p1a: Meowstic\n|-boost|p1a: Meowstic|spa|2\n|\n|upkeep\n|turn|13\n|\n|t:|1781403062\n|move|p2a: Scovillain|Flamethrower|p1a: Meowstic\n|-crit|p1a: Meowstic\n|-damage|p1a: Meowstic|0 fnt\n|faint|p1a: Meowstic\n|\n|upkeep\n|\n|t:|1781403066\n|switch|p1a: Mabosstiff|Mabosstiff, L86, F|278/278\n|turn|14\n|\n|t:|1781403068\n|move|p1a: Mabosstiff|Crunch|p2a: Scovillain\n|-damage|p2a: Scovillain|137/266\n|move|p2a: Scovillain|Flamethrower|p1a: Mabosstiff\n|-damage|p1a: Mabosstiff|140/278\n|\n|upkeep\n|turn|15\n|\n|t:|1781403080\n|switch|p2a: Talonflame|Talonflame, L83, F|40/265\n|move|p1a: Mabosstiff|Crunch|p2a: Talonflame\n|-damage|p2a: Talonflame|0 fnt\n|-status|p1a: Mabosstiff|brn|[from] ability: Flame Body|[of] p2a: Talonflame\n|faint|p2a: Talonflame\n|\n|-damage|p1a: Mabosstiff|123/278 brn|[from] brn\n|upkeep\n|\n|t:|1781403082\n|switch|p2a: Kingdra|Kingdra, L84, M|263/263\n|turn|16\n|\n|t:|1781403086\n|switch|p1a: Copperajah|Copperajah, L86, F|309/350 brn\n|move|p2a: Kingdra|Rain Dance|p2a: Kingdra\n|-weather|RainDance\n|\n|-weather|RainDance|[upkeep]\n|-damage|p1a: Copperajah|288/350 brn|[from] brn\n|upkeep\n|turn|17\n|\n|t:|1781403091\n|move|p2a: Kingdra|Wave Crash|p1a: Copperajah\n|-damage|p1a: Copperajah|0 fnt\n|faint|p1a: Copperajah\n|-damage|p2a: Kingdra|168/263|[from] Recoil\n|-damage|p2a: Kingdra|142/263|[from] item: Life Orb\n|\n|-weather|RainDance|[upkeep]\n|upkeep\n|\n|t:|1781403095\n|switch|p1a: Lucario|Lucario, L84, F|255/255\n|turn|18\n|\n|t:|1781403100\n|move|p2a: Kingdra|Wave Crash|p1a: Lucario\n|-damage|p1a: Lucario|0 fnt\n|faint|p1a: Lucario\n|-damage|p2a: Kingdra|58/263|[from] Recoil\n|-damage|p2a: Kingdra|32/263|[from] item: Life Orb\n|\n|-weather|RainDance|[upkeep]\n|upkeep\n|\n|t:|1781403105\n|switch|p1a: Skeledirge|Skeledirge, L79, M, tera:Water|67/294 tox\n|turn|19\n|\n|t:|1781403107\n|move|p2a: Kingdra|Hurricane|p1a: Skeledirge\n|-damage|p1a: Skeledirge|0 fnt\n|faint|p1a: Skeledirge\n|-damage|p2a: Kingdra|6/263|[from] item: Life Orb\n|\n|-weather|RainDance|[upkeep]\n|upkeep\n|\n|t:|1781403110\n|switch|p1a: Mabosstiff|Mabosstiff, L86, F|123/278 brn\n|turn|20\n|\n|t:|1781403112\n|move|p2a: Kingdra|Wave Crash|p1a: Mabosstiff\n|-damage|p1a: Mabosstiff|0 fnt\n|faint|p1a: Mabosstiff\n|-damage|p2a: Kingdra|0 fnt|[from] Recoil\n|faint|p2a: Kingdra\n|\n|win|bulrug\n", "inputlog": ">version a8376a258c1d4662feba110a92103f3664a72141\n>start {\"formatid\":\"gen9randombattle\",\"seed\":\"sodium,a782005a1544ee263b0fdfd57d194155\",\"rated\":\"Rated battle\"}\n>player p1 {\"name\":\"LinkNinjaTC11\",\"avatar\":\"veteran\",\"rating\":2039,\"seed\":\"sodium,a60207fa416a195554f56182f359d085\"}\n>player p2 {\"name\":\"bulrug\",\"avatar\":\"burglar\",\"rating\":1992,\"seed\":\"sodium,049179e77312a6a8b4cc62eba209fe4c\"}\n>p1 move heavyslam\n>p2 move uturn\n>p2 switch 6\n>p1 switch 3\n>p2 move swordsdance\n>p1 move torchsong\n>p2 move bravebird\n>p1 move slackoff\n>p2 switch 4\n>p1 move willowisp terastallize\n>p2 move scald\n>p1 move torchsong\n>p2 move scald\n>p1 move slackoff\n>p2 switch 6\n>p1 move hex\n>p2 move sludgewave\n>p2 switch 5\n>p1 switch 5\n>p2 move thunderbolt\n>p1 move poltergeist\n>p2 move shadowball\n>p2 switch 2\n>p1 move toxic\n>p2 move flamethrower\n>p1 switch 4\n>p1 move nastyplot\n>p2 move flamethrower\n>p1 move psyshock\n>p2 move flamethrower\n>p1 switch 6\n>p1 move crunch\n>p2 move flamethrower\n>p1 move crunch\n>p2 switch 4\n>p2 switch 3\n>p1 switch 3\n>p2 move raindance\n>p1 move stoneedge\n>p2 move wavecrash\n>p1 switch 2\n>p1 move focusblast\n>p2 move wavecrash\n>p1 switch 5\n>p1 move slackoff\n>p2 move hurricane\n>p1 switch 3\n>p1 move crunch\n>p2 move wavecrash", "uploadtime": 1781402973, "views": 5, "formatid": "gen9randombattle", "rating": null, "private": 0, "password": null}