{"id": "gen9randombattle-2631837126", "format": "[Gen 9] Random Battle", "players": ["MyNewAccountKAI", "bugcatcher314"], "log": "|j|\u2606MyNewAccountKAI\n|j|\u2606bugcatcher314\n|t:|1781446398\n|gametype|singles\n|player|p1|MyNewAccountKAI|1|2004\n|player|p2|bugcatcher314|266|2054\n|gen|9\n|tier|[Gen 9] Random Battle\n|rated|\n|rule|Species Clause: Limit one of each Pok\u00e9mon\n|rule|HP Percentage Mod: HP is shown in percentages\n|rule|Sleep Clause Mod: Limit one foe put to sleep\n|rule|Illusion Level Mod: Illusion disguises the Pok\u00e9mon's true level\n|\n|t:|1781446398\n|teamsize|p1|6\n|teamsize|p2|6\n|start\n|switch|p1a: Vileplume|Vileplume, L85, F|266/266\n|switch|p2a: Kyogre|Kyogre, L71|259/259\n|-weather|RainDance|[from] ability: Drizzle|[of] p2a: Kyogre\n|turn|1\n|inactive|Battle timer is ON: inactive players will automatically lose when time's up. (requested by MyNewAccountKAI)\n|\n|t:|1781446407\n|switch|p2a: Froslass|Froslass, L87, F|263/263\n|move|p1a: Vileplume|Giga Drain|p2a: Froslass\n|-damage|p2a: Froslass|164/263\n|\n|-weather|RainDance|[upkeep]\n|upkeep\n|turn|2\n|\n|t:|1781446416\n|switch|p1a: Quagsire|Quagsire, L84, M|297/297\n|move|p2a: Froslass|Triple Axel|p1a: Quagsire\n|-damage|p1a: Quagsire|275/297\n|-damage|p1a: Quagsire|235/297\n|-damage|p1a: Quagsire|174/297\n|-hitcount|p1a: Quagsire|3\n|\n|-weather|RainDance|[upkeep]\n|-heal|p1a: Quagsire|192/297|[from] item: Leftovers\n|upkeep\n|turn|3\n|\n|t:|1781446426\n|move|p2a: Froslass|Poltergeist|p1a: Quagsire\n|-activate|p1a: Quagsire|move: Poltergeist|Leftovers\n|-damage|p1a: Quagsire|89/297\n|move|p1a: Quagsire|Toxic|p2a: Froslass\n|-status|p2a: Froslass|tox\n|\n|-weather|RainDance|[upkeep]\n|-heal|p1a: Quagsire|107/297|[from] item: Leftovers\n|-damage|p2a: Froslass|148/263 tox|[from] psn\n|upkeep\n|turn|4\n|\n|t:|1781446432\n|switch|p1a: Arbok|Arbok, L87, M|246/246\n|-ability|p1a: Arbok|Intimidate|boost\n|-unboost|p2a: Froslass|atk|1\n|move|p2a: Froslass|Triple Axel|p1a: Arbok\n|-damage|p1a: Arbok|230/246\n|-damage|p1a: Arbok|199/246\n|-damage|p1a: Arbok|151/246\n|-hitcount|p1a: Arbok|3\n|\n|-weather|RainDance|[upkeep]\n|-damage|p2a: Froslass|116/263 tox|[from] psn\n|upkeep\n|turn|5\n|\n|t:|1781446438\n|move|p2a: Froslass|Will-O-Wisp|p1a: Arbok\n|-status|p1a: Arbok|brn\n|move|p1a: Arbok|Knock Off|p2a: Froslass\n|-supereffective|p2a: Froslass\n|-damage|p2a: Froslass|13/263 tox\n|-start|p1a: Arbok|Disable|Knock Off|[from] ability: Cursed Body|[of] p2a: Froslass\n|-enditem|p2a: Froslass|Wide Lens|[from] move: Knock Off|[of] p1a: Arbok\n|-damage|p1a: Arbok|127/246 brn|[from] item: Life Orb\n|\n|-weather|none\n|-damage|p2a: Froslass|0 fnt|[from] psn\n|faint|p2a: Froslass\n|-damage|p1a: Arbok|112/246 brn|[from] brn\n|upkeep\n|\n|t:|1781446442\n|switch|p2a: Sandy Shocks|Sandy Shocks, L80|267/267\n|turn|6\n|\n|t:|1781446448\n|switch|p1a: Vileplume|Vileplume, L85, F|266/266\n|move|p2a: Sandy Shocks|Spikes|p1a: Vileplume\n|-sidestart|p1: MyNewAccountKAI|Spikes\n|\n|upkeep\n|turn|7\n|\n|t:|1781446458\n|-end|p2a: Sandy Shocks|Protosynthesis|[silent]\n|switch|p2a: Ninetales|Ninetales, L85, F|263/263\n|-weather|SunnyDay|[from] ability: Drought|[of] p2a: Ninetales\n|move|p1a: Vileplume|Leech Seed|p2a: Ninetales|[miss]\n|-miss|p1a: Vileplume|p2a: Ninetales\n|\n|-weather|SunnyDay|[upkeep]\n|upkeep\n|turn|8\n|l|\u2606MyNewAccountKAI\n|inactive|MyNewAccountKAI disconnected and has a minute to reconnect!\n|player|p1|\n|inactive|MyNewAccountKAI has 30 seconds to reconnect!\n|inactive|MyNewAccountKAI has 20 seconds to reconnect!\n|inactive|MyNewAccountKAI has 15 seconds to reconnect!\n|inactive|MyNewAccountKAI has 10 seconds to reconnect!\n|inactive|MyNewAccountKAI has 5 seconds to reconnect!\n|-message|MyNewAccountKAI lost due to inactivity.\n|\n|win|bugcatcher314\n|raw|MyNewAccountKAI's rating: 2004 &rarr; <strong>1987</strong><br />(-17 for losing)\n|raw|bugcatcher314's rating: 2054 &rarr; <strong>2071</strong><br />(+17 for winning)\n", "inputlog": ">version a8376a258c1d4662feba110a92103f3664a72141\n>start {\"formatid\":\"gen9randombattle\",\"seed\":\"sodium,6036145be0be57dd2efd272bac02587e\",\"rated\":\"Rated battle\"}\n>player p1 {\"name\":\"MyNewAccountKAI\",\"avatar\":\"1\",\"rating\":2004,\"seed\":\"sodium,1d64b0e96ed16fe03f8d970a35bb63e9\"}\n>player p2 {\"name\":\"bugcatcher314\",\"avatar\":\"266\",\"rating\":2054,\"seed\":\"sodium,3b649000760bb045d47085828a292b1b\"}\n>p1 move gigadrain\n>p2 switch 6\n>p1 switch 2\n>p2 move tripleaxel\n>p1 move toxic\n>p2 move poltergeist\n>p1 switch 6\n>p2 move tripleaxel\n>p1 move knockoff\n>p2 move willowisp\n>p2 switch 2\n>p1 switch 2\n>p2 move spikes\n>p1 move leechseed\n>p2 switch 5\n>forcelose p1", "uploadtime": 1781446400, "views": 8, "formatid": "gen9randombattle", "rating": 1987, "private": 0, "password": null}