{"id": "gen9randombattle-2631952249", "format": "[Gen 9] Random Battle", "players": ["Youknowit123", "OshModi"], "log": "|j|\u2606Youknowit123\n|j|\u2606OshModi\n|t:|1781459270\n|gametype|singles\n|player|p1|Youknowit123|102|2012\n|player|p2|OshModi|hilbert|2002\n|gen|9\n|tier|[Gen 9] Random Battle\n|rated|\n|rule|Species Clause: Limit one of each Pok\u00e9mon\n|rule|HP Percentage Mod: HP is shown in percentages\n|rule|Sleep Clause Mod: Limit one foe put to sleep\n|rule|Illusion Level Mod: Illusion disguises the Pok\u00e9mon's true level\n|\n|t:|1781459270\n|teamsize|p1|6\n|teamsize|p2|6\n|start\n|switch|p1a: Hitmonlee|Hitmonlee, L85, M|224/224\n|switch|p2a: Leafeon|Leafeon, L88, M|258/258\n|turn|1\n|inactive|Battle timer is ON: inactive players will automatically lose when time's up. (requested by OshModi)\n|\n|t:|1781459282\n|move|p2a: Leafeon|Leaf Blade|p1a: Hitmonlee\n|-crit|p1a: Hitmonlee\n|-damage|p1a: Hitmonlee|0 fnt\n|faint|p1a: Hitmonlee\n|\n|upkeep\n|\n|t:|1781459289\n|switch|p1a: Arceus|Arceus-Grass, L73|296/296\n|turn|2\n|inactive|OshModi has 120 seconds left.\n|\n|t:|1781459325\n|switch|p2a: Cinderace|Cinderace, L77, M|249/249\n|move|p1a: Arceus|Calm Mind|p1a: Arceus\n|-boost|p1a: Arceus|spa|1\n|-boost|p1a: Arceus|spd|1\n|\n|upkeep\n|turn|3\n|\n|t:|1781459330\n|switch|p1a: Cyclizar|Cyclizar, L83, M|252/252\n|move|p2a: Cinderace|U-turn|p1a: Cyclizar\n|-start|p2a: Cinderace|typechange|Bug|[from] ability: Libero\n|-damage|p1a: Cyclizar|119/252\n|inactive|OshModi has 120 seconds left.\n|\n|t:|1781459369\n|switch|p2a: Lumineon|Lumineon, L93, M|279/279|[from] U-turn\n|\n|upkeep\n|turn|4\n|\n|t:|1781459384\n|switch|p1a: Necrozma|Necrozma-Dawn-Wings, L76|272/272\n|move|p2a: Lumineon|Ice Beam|p1a: Necrozma\n|-damage|p1a: Necrozma|208/272\n|-damage|p2a: Lumineon|252/279|[from] item: Life Orb\n|\n|-heal|p1a: Necrozma|225/272|[from] item: Leftovers\n|upkeep\n|turn|5\n|inactive|OshModi has 90 seconds left.\n|\n|t:|1781459412\n|switch|p2a: Leafeon|Leafeon, L88, M|258/258\n|move|p1a: Necrozma|Calm Mind|p1a: Necrozma\n|-boost|p1a: Necrozma|spa|1\n|-boost|p1a: Necrozma|spd|1\n|\n|-heal|p1a: Necrozma|242/272|[from] item: Leftovers\n|upkeep\n|turn|6\n|\n|t:|1781459421\n|switch|p1a: Annihilape|Annihilape, L76, F|292/292\n|move|p2a: Leafeon|Knock Off|p1a: Annihilape\n|-damage|p1a: Annihilape|187/292\n|-enditem|p1a: Annihilape|Chesto Berry|[from] move: Knock Off|[of] p2a: Leafeon\n|\n|upkeep\n|turn|7\n|\n|t:|1781459429\n|move|p2a: Leafeon|Swords Dance|p2a: Leafeon\n|-boost|p2a: Leafeon|atk|2\n|move|p1a: Annihilape|Rage Fist|p2a: Leafeon\n|-damage|p2a: Leafeon|185/258\n|\n|-heal|p2a: Leafeon|201/258|[from] item: Leftovers\n|upkeep\n|turn|8\n|\n|t:|1781459436\n|switch|p1a: Arceus|Arceus-Grass, L73|296/296\n|move|p2a: Leafeon|Leaf Blade|p1a: Arceus\n|-resisted|p1a: Arceus\n|-damage|p1a: Arceus|195/296\n|\n|-heal|p2a: Leafeon|217/258|[from] item: Leftovers\n|upkeep\n|turn|9\n|inactive|OshModi has 90 seconds left.\n|inactive|OshModi has 60 seconds left.\n|\n|t:|1781459496\n|switch|p2a: Cinderace|Cinderace, L77, M|249/249\n|move|p1a: Arceus|Ice Beam|p2a: Cinderace\n|-resisted|p2a: Cinderace\n|-damage|p2a: Cinderace|212/249\n|\n|upkeep\n|turn|10\n|inactive|OshModi has 60 seconds left.\n|\n|t:|1781459532\n|switch|p1a: Rampardos|Rampardos, L90, M|321/321\n|move|p2a: Cinderace|Pyro Ball|p1a: Rampardos|[miss]\n|-miss|p2a: Cinderace|p1a: Rampardos\n|\n|upkeep\n|turn|11\n|inactive|OshModi has 30 seconds left.\n|\n|t:|1781459552\n|switch|p2a: Leafeon|Leafeon, L88, M|217/258\n|move|p1a: Rampardos|Rock Slide|p2a: Leafeon|[miss]\n|-miss|p1a: Rampardos|p2a: Leafeon\n|\n|-heal|p2a: Leafeon|233/258|[from] item: Leftovers\n|upkeep\n|turn|12\n|inactive|Youknowit123 has 120 seconds left.\n|\n|t:|1781459591\n|move|p2a: Leafeon|Knock Off|p1a: Rampardos\n|-damage|p1a: Rampardos|221/321\n|-enditem|p1a: Rampardos|Life Orb|[from] move: Knock Off|[of] p2a: Leafeon\n|move|p1a: Rampardos|Fire Punch|p2a: Leafeon\n|-supereffective|p2a: Leafeon\n|-damage|p2a: Leafeon|69/258\n|\n|-heal|p2a: Leafeon|85/258|[from] item: Leftovers\n|upkeep\n|turn|13\n|\n|t:|1781459598\n|move|p2a: Leafeon|Leaf Blade|p1a: Rampardos\n|-supereffective|p1a: Rampardos\n|-crit|p1a: Rampardos\n|-damage|p1a: Rampardos|0 fnt\n|faint|p1a: Rampardos\n|\n|-heal|p2a: Leafeon|101/258|[from] item: Leftovers\n|upkeep\n|inactive|Youknowit123 has 120 seconds left.\n|\n|t:|1781459612\n|switch|p1a: Arceus|Arceus-Grass, L73|195/296\n|turn|14\n|inactive|OshModi has 30 seconds left.\n|\n|t:|1781459637\n|switch|p2a: Cinderace|Cinderace, L77, M|212/249\n|move|p1a: Arceus|Ice Beam|p2a: Cinderace\n|-resisted|p2a: Cinderace\n|-damage|p2a: Cinderace|175/249\n|\n|upkeep\n|turn|15\n|inactive|OshModi has 30 seconds left.\n|inactive|Youknowit123 has 120 seconds left.\n|inactive|OshModi has 20 seconds left.\n|\n|t:|1781459675\n|move|p2a: Cinderace|U-turn|p1a: Arceus\n|-start|p2a: Cinderace|typechange|Bug|[from] ability: Libero\n|-supereffective|p1a: Arceus\n|-damage|p1a: Arceus|0 fnt\n|faint|p1a: Arceus\n|inactive|OshModi has 25 seconds left this turn.\n|inactive|OshModi has 20 seconds left.\n|inactive|OshModi has 15 seconds left.\n|inactive|OshModi has 10 seconds left.\n|inactive|OshModi has 5 seconds left.\n|-message|OshModi lost due to inactivity.\n|\n|win|Youknowit123\n", "inputlog": ">version a8376a258c1d4662feba110a92103f3664a72141\n>start {\"formatid\":\"gen9randombattle\",\"seed\":\"sodium,f45e3f6268b7525bb91f7b5cf33acce7\",\"rated\":\"Rated battle\"}\n>player p1 {\"name\":\"Youknowit123\",\"avatar\":\"102\",\"rating\":2012,\"seed\":\"sodium,c98e691fd545e48e24539b45cd4b3baa\"}\n>player p2 {\"name\":\"OshModi\",\"avatar\":\"hilbert\",\"rating\":2002,\"seed\":\"sodium,2d501ee3e73b8e702532c99cb52f43da\"}\n>p1 move poisonjab\n>p2 move leafblade\n>p1 switch 2\n>p1 move calmmind\n>p2 switch 2\n>p1 switch 5\n>p2 move uturn\n>p2 switch 6\n>p1 switch 6\n>p2 move icebeam\n>p1 move calmmind\n>p2 switch 2\n>p1 switch 3\n>p2 move knockoff\n>p1 move ragefist\n>p2 move swordsdance\n>p1 switch 5\n>p2 move leafblade\n>p1 move icebeam\n>p2 switch 6\n>p1 switch 4\n>p2 move pyroball\n>p1 move rockslide\n>p2 switch 6\n>p1 move firepunch\n>p2 move knockoff\n>p1 move firepunch\n>p2 move leafblade\n>p1 switch 4\n>p1 move icebeam\n>p2 switch 6\n>p1 move earthpower\n>p2 move uturn\n>forcelose p2", "uploadtime": 1781459272, "views": 4, "formatid": "gen9randombattle", "rating": null, "private": 0, "password": null}