{"id": "gen9randombattle-2631483731", "format": "[Gen 9] Random Battle", "players": ["Hose7Tango", "Rambie Drascal"], "log": "|j|\u2606Hose7Tango\n|j|\u2606Rambie Drascal\n|t:|1781390737\n|gametype|singles\n|player|p1|Hose7Tango|hiker-gen4|2156\n|player|p2|Rambie Drascal|ninjaboy|2094\n|gen|9\n|tier|[Gen 9] Random Battle\n|rated|\n|rule|Species Clause: Limit one of each Pok\u00e9mon\n|rule|HP Percentage Mod: HP is shown in percentages\n|rule|Sleep Clause Mod: Limit one foe put to sleep\n|rule|Illusion Level Mod: Illusion disguises the Pok\u00e9mon's true level\n|\n|t:|1781390737\n|teamsize|p1|6\n|teamsize|p2|6\n|start\n|switch|p1a: Heracross|Heracross, L80, F|259/259\n|switch|p2a: Cacturne|Cacturne, L92, M|278/278\n|turn|1\n|inactive|Battle timer is ON: inactive players will automatically lose when time's up. (requested by Rambie Drascal)\n|\n|t:|1781390746\n|switch|p2a: Grafaiai|Grafaiai, L86, F|249/249\n|move|p1a: Heracross|Close Combat|p2a: Grafaiai\n|-damage|p2a: Grafaiai|77/249\n|-unboost|p1a: Heracross|def|1\n|-unboost|p1a: Heracross|spd|1\n|\n|-status|p1a: Heracross|brn|[from] item: Flame Orb\n|upkeep\n|turn|2\n|\n|t:|1781390753\n|switch|p1a: Sandaconda|Sandaconda, L84, F|258/258\n|move|p2a: Grafaiai|Gunk Shot|p1a: Sandaconda\n|-resisted|p1a: Sandaconda\n|-crit|p1a: Sandaconda\n|-damage|p1a: Sandaconda|183/258\n|\n|-heal|p1a: Sandaconda|199/258|[from] item: Leftovers\n|upkeep\n|turn|3\n|\n|t:|1781390758\n|move|p2a: Grafaiai|U-turn|p1a: Sandaconda\n|-damage|p1a: Sandaconda|159/258\n|\n|t:|1781390760\n|switch|p2a: Cacturne|Cacturne, L92, M|278/278|[from] U-turn\n|move|p1a: Sandaconda|Earthquake|p2a: Cacturne\n|-resisted|p2a: Cacturne\n|-damage|p2a: Cacturne|212/278\n|\n|-heal|p1a: Sandaconda|175/258|[from] item: Leftovers\n|upkeep\n|turn|4\n|\n|t:|1781390764\n|switch|p1a: Heracross|Heracross, L80, F|259/259 brn\n|move|p2a: Cacturne|Knock Off|p1a: Heracross\n|-resisted|p1a: Heracross\n|-damage|p1a: Heracross|151/259 brn\n|-enditem|p1a: Heracross|Flame Orb|[from] move: Knock Off|[of] p2a: Cacturne\n|-damage|p2a: Cacturne|185/278|[from] item: Life Orb\n|\n|-damage|p1a: Heracross|135/259 brn|[from] brn\n|upkeep\n|turn|5\n|\n|t:|1781390769\n|move|p2a: Cacturne|Sucker Punch|p1a: Heracross\n|-resisted|p1a: Heracross\n|-damage|p1a: Heracross|58/259 brn\n|-damage|p2a: Cacturne|158/278|[from] item: Life Orb\n|move|p1a: Heracross|Trailblaze|p2a: Cacturne\n|-resisted|p2a: Cacturne\n|-damage|p2a: Cacturne|123/278\n|-boost|p1a: Heracross|spe|1\n|\n|-damage|p1a: Heracross|42/259 brn|[from] brn\n|upkeep\n|turn|6\n|\n|t:|1781390772\n|switch|p1a: Krookodile|Krookodile, L79, M|280/280\n|-ability|p1a: Krookodile|Intimidate|boost\n|-unboost|p2a: Cacturne|atk|1\n|move|p2a: Cacturne|Sucker Punch||[still]\n|-fail|p2a: Cacturne\n|\n|upkeep\n|turn|7\n|\n|t:|1781390777\n|switch|p2a: Zamazenta|Zamazenta, L71|248/248\n|-ability|p2a: Zamazenta|Dauntless Shield|boost\n|-boost|p2a: Zamazenta|def|1\n|move|p1a: Krookodile|Gunk Shot|p2a: Zamazenta\n|-damage|p2a: Zamazenta|195/248\n|\n|upkeep\n|turn|8\n|l|\u2606Hose7Tango\n|inactive|Hose7Tango disconnected and has a minute to reconnect!\n|player|p1|\n|j|\u2606Hose7Tango\n|inactive|Hose7Tango reconnected and has 130 seconds left.\n|player|p1|Hose7Tango|hiker-gen4|\n|\n|t:|1781390803\n|switch|p1a: Heracross|Heracross, L80, F|42/259 brn\n|move|p2a: Zamazenta|Close Combat|p1a: Heracross\n|-resisted|p1a: Heracross\n|-damage|p1a: Heracross|0 fnt\n|-unboost|p2a: Zamazenta|def|1\n|-unboost|p2a: Zamazenta|spd|1\n|faint|p1a: Heracross\n|\n|upkeep\n|\n|t:|1781390812\n|switch|p1a: Kyogre|Kyogre, L71|259/259\n|-weather|RainDance|[from] ability: Drizzle|[of] p1a: Kyogre\n|turn|9\n|\n|t:|1781390817\n|switch|p2a: Cacturne|Cacturne, L92, M|123/278\n|move|p1a: Kyogre|Ice Beam|p2a: Cacturne\n|-supereffective|p2a: Cacturne\n|-damage|p2a: Cacturne|0 fnt\n|faint|p2a: Cacturne\n|\n|-weather|RainDance|[upkeep]\n|upkeep\n|\n|t:|1781390820\n|switch|p2a: Lapras|Lapras, L87, F|368/368\n|turn|10\n|\n|t:|1781390823\n|move|p1a: Kyogre|Calm Mind|p1a: Kyogre\n|-boost|p1a: Kyogre|spa|1\n|-boost|p1a: Kyogre|spd|1\n|move|p2a: Lapras|Freeze-Dry|p1a: Kyogre\n|-supereffective|p1a: Kyogre\n|-crit|p1a: Kyogre\n|-damage|p1a: Kyogre|97/259\n|\n|-weather|RainDance|[upkeep]\n|-heal|p1a: Kyogre|113/259|[from] item: Leftovers\n|upkeep\n|turn|11\n|\n|t:|1781390828\n|switch|p2a: Grafaiai|Grafaiai, L86, F|77/249\n|move|p1a: Kyogre|Thunder|p2a: Grafaiai\n|-damage|p2a: Grafaiai|0 fnt\n|faint|p2a: Grafaiai\n|\n|-weather|RainDance|[upkeep]\n|-heal|p1a: Kyogre|129/259|[from] item: Leftovers\n|upkeep\n|\n|t:|1781390835\n|switch|p2a: Zamazenta|Zamazenta, L71|195/248\n|turn|12\n|\n|t:|1781390837\n|move|p2a: Zamazenta|Close Combat|p1a: Kyogre\n|-damage|p1a: Kyogre|0 fnt\n|-unboost|p2a: Zamazenta|def|1\n|-unboost|p2a: Zamazenta|spd|1\n|faint|p1a: Kyogre\n|\n|-weather|RainDance|[upkeep]\n|upkeep\n|\n|t:|1781390841\n|switch|p1a: Ampharos|Ampharos, L88, M|302/302\n|turn|13\n|\n|t:|1781390845\n|switch|p2a: Electrode|Electrode-Hisui, L87|246/246\n|move|p1a: Ampharos|Volt Switch|p2a: Electrode\n|-resisted|p2a: Electrode\n|-damage|p2a: Electrode|211/246\n|\n|t:|1781390849\n|switch|p1a: Bombirdier|Bombirdier, L85, F|258/258|[from] Volt Switch\n|\n|-weather|none\n|-heal|p2a: Electrode|226/246|[from] item: Leftovers\n|upkeep\n|turn|14\n|\n|t:|1781390854\n|move|p2a: Electrode|Substitute|p2a: Electrode\n|-start|p2a: Electrode|Substitute\n|-damage|p2a: Electrode|165/246\n|move|p1a: Bombirdier|Brave Bird|p2a: Electrode\n|-end|p2a: Electrode|Substitute\n|-damage|p1a: Bombirdier|238/258|[from] Recoil|[of] p2a: Electrode\n|\n|-heal|p2a: Electrode|180/246|[from] item: Leftovers\n|upkeep\n|turn|15\n|\n|t:|1781390859\n|move|p2a: Electrode|Substitute|p2a: Electrode\n|-start|p2a: Electrode|Substitute\n|-damage|p2a: Electrode|119/246\n|move|p1a: Bombirdier|Brave Bird|p2a: Electrode\n|-end|p2a: Electrode|Substitute\n|-damage|p1a: Bombirdier|218/258|[from] Recoil|[of] p2a: Electrode\n|\n|-heal|p2a: Electrode|134/246|[from] item: Leftovers\n|upkeep\n|turn|16\n|\n|t:|1781390864\n|switch|p2a: Magnezone|Magnezone, L85|258/258\n|move|p1a: Bombirdier|Brave Bird|p2a: Magnezone\n|-resisted|p2a: Magnezone\n|-damage|p2a: Magnezone|215/258\n|-damage|p1a: Bombirdier|204/258|[from] Recoil\n|\n|-heal|p2a: Magnezone|231/258|[from] item: Leftovers\n|upkeep\n|turn|17\n|\n|t:|1781390868\n|switch|p1a: Krookodile|Krookodile, L79, M|280/280\n|-ability|p1a: Krookodile|Intimidate|boost\n|-unboost|p2a: Magnezone|atk|1\n|move|p2a: Magnezone|Body Press|p1a: Krookodile\n|-supereffective|p1a: Krookodile\n|-damage|p1a: Krookodile|124/280\n|\n|-heal|p1a: Krookodile|141/280|[from] item: Leftovers\n|-heal|p2a: Magnezone|247/258|[from] item: Leftovers\n|upkeep\n|turn|18\n|\n|t:|1781390875\n|switch|p2a: Zamazenta|Zamazenta, L71|195/248\n|move|p1a: Krookodile|Earthquake|p2a: Zamazenta\n|-damage|p2a: Zamazenta|90/248\n|\n|-heal|p1a: Krookodile|158/280|[from] item: Leftovers\n|upkeep\n|turn|19\n|\n|t:|1781390885\n|switch|p2a: Electrode|Electrode-Hisui, L87|134/246\n|-terastallize|p1a: Krookodile|Poison\n|move|p1a: Krookodile|Earthquake|p2a: Electrode\n|-damage|p2a: Electrode|7/246\n|\n|-heal|p2a: Electrode|22/246|[from] item: Leftovers\n|-heal|p1a: Krookodile|175/280|[from] item: Leftovers\n|upkeep\n|turn|20\n|\n|t:|1781390894\n|move|p2a: Electrode|Thunderbolt|p1a: Krookodile\n|-crit|p1a: Krookodile\n|-damage|p1a: Krookodile|9/280\n|move|p1a: Krookodile|Earthquake|p2a: Electrode\n|-crit|p2a: Electrode\n|-damage|p2a: Electrode|0 fnt\n|faint|p2a: Electrode\n|\n|-heal|p1a: Krookodile|26/280|[from] item: Leftovers\n|upkeep\n|\n|t:|1781390900\n|switch|p2a: Zamazenta|Zamazenta, L71|90/248\n|turn|21\n|\n|t:|1781390905\n|switch|p1a: Ampharos|Ampharos, L88, M|302/302\n|move|p2a: Zamazenta|Close Combat|p1a: Ampharos\n|-damage|p1a: Ampharos|154/302\n|-unboost|p2a: Zamazenta|def|1\n|-unboost|p2a: Zamazenta|spd|1\n|-status|p2a: Zamazenta|par|[from] ability: Static|[of] p1a: Ampharos\n|\n|upkeep\n|turn|22\n|\n|t:|1781390913\n|switch|p2a: Magnezone|Magnezone, L85|247/258\n|move|p1a: Ampharos|Volt Switch|p2a: Magnezone\n|-resisted|p2a: Magnezone\n|-damage|p2a: Magnezone|180/258\n|\n|t:|1781390915\n|switch|p1a: Krookodile|Krookodile, L79, M, tera:Poison|26/280|[from] Volt Switch\n|-ability|p1a: Krookodile|Intimidate|boost\n|-unboost|p2a: Magnezone|atk|1\n|\n|-heal|p1a: Krookodile|43/280|[from] item: Leftovers\n|-heal|p2a: Magnezone|196/258|[from] item: Leftovers\n|upkeep\n|turn|23\n|\n|t:|1781390919\n|-terastallize|p2a: Magnezone|Fighting\n|move|p1a: Krookodile|Earthquake|p2a: Magnezone\n|-damage|p2a: Magnezone|114/258\n|move|p2a: Magnezone|Body Press|p1a: Krookodile\n|-resisted|p1a: Krookodile\n|-damage|p1a: Krookodile|0 fnt\n|faint|p1a: Krookodile\n|\n|-heal|p2a: Magnezone|130/258|[from] item: Leftovers\n|upkeep\n|\n|t:|1781390922\n|switch|p1a: Bombirdier|Bombirdier, L85, F|204/258\n|turn|24\n|\n|t:|1781390928\n|switch|p2a: Zamazenta|Zamazenta, L71|90/248 par\n|move|p1a: Bombirdier|Brave Bird|p2a: Zamazenta\n|-supereffective|p2a: Zamazenta\n|-damage|p2a: Zamazenta|0 fnt\n|faint|p2a: Zamazenta\n|-damage|p1a: Bombirdier|174/258|[from] Recoil\n|\n|upkeep\n|\n|t:|1781390934\n|switch|p2a: Lapras|Lapras, L87, F|368/368\n|turn|25\n|\n|t:|1781390942\n|move|p1a: Bombirdier|Brave Bird|p2a: Lapras\n|-damage|p2a: Lapras|169/368\n|-damage|p1a: Bombirdier|108/258|[from] Recoil\n|move|p2a: Lapras|Sparkling Aria|p1a: Bombirdier\n|-damage|p1a: Bombirdier|14/258\n|\n|upkeep\n|turn|26\n|\n|t:|1781390949\n|move|p1a: Bombirdier|Brave Bird|p2a: Lapras\n|-damage|p2a: Lapras|0 fnt\n|faint|p2a: Lapras\n|-damage|p1a: Bombirdier|0 fnt|[from] Recoil\n|faint|p1a: Bombirdier\n|\n|upkeep\n|\n|t:|1781390957\n|switch|p1a: Ampharos|Ampharos, L88, M|154/302\n|switch|p2a: Magnezone|Magnezone, L85, tera:Fighting|130/258\n|turn|27\n|\n|t:|1781390964\n|move|p2a: Magnezone|Iron Defense|p2a: Magnezone\n|-boost|p2a: Magnezone|def|2\n|move|p1a: Ampharos|Dazzling Gleam|p2a: Magnezone\n|-supereffective|p2a: Magnezone\n|-damage|p2a: Magnezone|0 fnt\n|faint|p2a: Magnezone\n|\n|win|Hose7Tango\n", "inputlog": ">version a8376a258c1d4662feba110a92103f3664a72141\n>start {\"formatid\":\"gen9randombattle\",\"seed\":\"sodium,066cdd5b52f7ffd0e49cad769471f530\",\"rated\":\"Rated battle\"}\n>player p1 {\"name\":\"Hose7Tango\",\"avatar\":\"hiker-gen4\",\"rating\":2156,\"seed\":\"sodium,a76f54868217481a300495f1744d71e4\"}\n>player p2 {\"name\":\"Rambie Drascal\",\"avatar\":\"ninjaboy\",\"rating\":2094,\"seed\":\"sodium,5792e2bd25472c0639ae04eaaf75327d\"}\n>p1 move closecombat\n>p2 switch 6\n>p1 switch 4\n>p2 move gunkshot\n>p1 move earthquake\n>p2 move uturn\n>p2 switch 6\n>p1 switch 4\n>p2 move knockoff\n>p1 move trailblaze\n>p2 move suckerpunch\n>p1 switch 5\n>p2 move suckerpunch\n>p1 move gunkshot\n>p2 switch 4\n>p1 switch 5\n>p2 move closecombat\n>p1 switch 6\n>p1 move icebeam\n>p2 switch 4\n>p2 switch 5\n>p1 move calmmind\n>p2 move freezedry\n>p1 move thunder\n>p2 switch 6\n>p2 switch 4\n>p1 move originpulse\n>p2 move closecombat\n>p1 switch 2\n>p1 move voltswitch\n>p2 switch 2\n>p1 switch 3\n>p1 move bravebird\n>p2 move substitute\n>p1 move bravebird\n>p2 move substitute\n>p1 move bravebird\n>p2 switch 3\n>p1 switch 5\n>p2 move bodypress\n>p1 move earthquake\n>p2 switch 2\n>p1 move earthquake terastallize\n>p2 switch 3\n>p1 move earthquake\n>p2 move thunderbolt\n>p2 switch 3\n>p1 switch 3\n>p2 move closecombat\n>p1 move voltswitch\n>p2 switch 2\n>p1 switch 3\n>p1 move earthquake\n>p2 move bodypress terastallize\n>p1 switch 5\n>p1 move bravebird\n>p2 switch 2\n>p2 switch 6\n>p1 move bravebird\n>p2 move sparklingaria\n>p1 move bravebird\n>p2 move rest\n>p1 switch 3\n>p2 switch 2\n>p1 move dazzlinggleam\n>p2 move irondefense", "uploadtime": 1781390739, "views": 4, "formatid": "gen9randombattle", "rating": null, "private": 0, "password": null}