{"id": "gen9randombattle-2631594876", "format": "[Gen 9] Random Battle", "players": ["pkmn sleep pro", "Bigoleg"], "log": "|j|\u2606pkmn sleep pro\n|j|\u2606Bigoleg\n|t:|1781406144\n|gametype|singles\n|player|p1|pkmn sleep pro|266|2159\n|player|p2|Bigoleg|169|2063\n|gen|9\n|tier|[Gen 9] Random Battle\n|rated|\n|rule|Species Clause: Limit one of each Pok\u00e9mon\n|rule|HP Percentage Mod: HP is shown in percentages\n|rule|Sleep Clause Mod: Limit one foe put to sleep\n|rule|Illusion Level Mod: Illusion disguises the Pok\u00e9mon's true level\n|\n|t:|1781406144\n|teamsize|p1|6\n|teamsize|p2|6\n|start\n|switch|p1a: Tyranitar|Tyranitar, L78, F|284/284\n|switch|p2a: Articuno|Articuno-Galar, L84|288/288\n|-weather|Sandstorm|[from] ability: Sand Stream|[of] p1a: Tyranitar\n|turn|1\n|\n|t:|1781406153\n|switch|p2a: Venusaur|Venusaur, L84, M|272/272\n|move|p1a: Tyranitar|Knock Off|p2a: Venusaur\n|-damage|p2a: Venusaur|157/272\n|-enditem|p2a: Venusaur|Leftovers|[from] move: Knock Off|[of] p1a: Tyranitar\n|\n|-weather|Sandstorm|[upkeep]\n|-damage|p2a: Venusaur|140/272|[from] Sandstorm\n|upkeep\n|turn|2\n|\n|t:|1781406189\n|switch|p1a: Sneasler|Sneasler, L74, F|240/240\n|move|p2a: Venusaur|Giga Drain|p1a: Sneasler\n|-resisted|p1a: Sneasler\n|-damage|p1a: Sneasler|186/240\n|-heal|p2a: Venusaur|167/272|[from] drain|[of] p1a: Sneasler\n|\n|-weather|Sandstorm|[upkeep]\n|-damage|p1a: Sneasler|171/240|[from] Sandstorm\n|-damage|p2a: Venusaur|150/272|[from] Sandstorm\n|upkeep\n|turn|3\n|\n|t:|1781406203\n|move|p1a: Sneasler|Dire Claw|p2a: Venusaur\n|-damage|p2a: Venusaur|20/272\n|-status|p2a: Venusaur|slp\n|cant|p2a: Venusaur|slp\n|\n|-weather|Sandstorm|[upkeep]\n|-damage|p1a: Sneasler|156/240|[from] Sandstorm\n|-damage|p2a: Venusaur|3/272 slp|[from] Sandstorm\n|upkeep\n|turn|4\n|\n|t:|1781406211\n|move|p1a: Sneasler|Dire Claw|p2a: Venusaur\n|-damage|p2a: Venusaur|0 fnt\n|faint|p2a: Venusaur\n|\n|-weather|Sandstorm|[upkeep]\n|-damage|p1a: Sneasler|141/240|[from] Sandstorm\n|upkeep\n|\n|t:|1781406222\n|switch|p2a: Okidogi|Okidogi, L77, M|262/262\n|turn|5\n|\n|t:|1781406232\n|move|p1a: Sneasler|Dire Claw|p2a: Okidogi\n|-resisted|p2a: Okidogi\n|-damage|p2a: Okidogi|203/262\n|move|p2a: Okidogi|Bulk Up|p2a: Okidogi\n|-boost|p2a: Okidogi|atk|1\n|-boost|p2a: Okidogi|def|1\n|\n|-weather|none\n|-heal|p2a: Okidogi|219/262|[from] item: Leftovers\n|upkeep\n|turn|6\n|\n|t:|1781406241\n|switch|p1a: Illumise|Illumise, L91, F|266/266\n|move|p2a: Okidogi|Drain Punch|p1a: Illumise\n|-resisted|p1a: Illumise\n|-damage|p1a: Illumise|203/266\n|-heal|p2a: Okidogi|251/262|[from] drain|[of] p1a: Illumise\n|\n|-heal|p2a: Okidogi|262/262|[from] item: Leftovers\n|upkeep\n|turn|7\n|\n|t:|1781406248\n|-terastallize|p2a: Okidogi|Dark\n|move|p1a: Illumise|Encore|p2a: Okidogi\n|-hint|Since gen 7, Dark is immune to Prankster moves.\n|-immune|p2a: Okidogi\n|move|p2a: Okidogi|Knock Off|p1a: Illumise\n|-damage|p1a: Illumise|28/266\n|-enditem|p1a: Illumise|Heavy-Duty Boots|[from] move: Knock Off|[of] p2a: Okidogi\n|\n|upkeep\n|turn|8\n|\n|t:|1781406256\n|move|p1a: Illumise|Bug Buzz|p2a: Okidogi\n|-supereffective|p2a: Okidogi\n|-damage|p2a: Okidogi|58/262\n|move|p2a: Okidogi|Knock Off|p1a: Illumise\n|-damage|p1a: Illumise|0 fnt\n|faint|p1a: Illumise\n|\n|-heal|p2a: Okidogi|74/262|[from] item: Leftovers\n|upkeep\n|\n|t:|1781406262\n|switch|p1a: Sneasler|Sneasler, L74, F|141/240\n|turn|9\n|\n|t:|1781406271\n|switch|p2a: Articuno|Articuno-Galar, L84|288/288\n|move|p1a: Sneasler|Close Combat|p2a: Articuno\n|-resisted|p2a: Articuno\n|-damage|p2a: Articuno|240/288\n|-unboost|p1a: Sneasler|def|1\n|-unboost|p1a: Sneasler|spd|1\n|\n|upkeep\n|turn|10\n|\n|t:|1781406277\n|switch|p1a: Tyranitar|Tyranitar, L78, F|284/284\n|-weather|Sandstorm|[from] ability: Sand Stream|[of] p1a: Tyranitar\n|switch|p2a: Okidogi|Okidogi, L77, M, tera:Dark|74/262\n|\n|-weather|Sandstorm|[upkeep]\n|-damage|p2a: Okidogi|58/262|[from] Sandstorm\n|-heal|p2a: Okidogi|74/262|[from] item: Leftovers\n|upkeep\n|turn|11\n|\n|t:|1781406292\n|switch|p1a: Sneasler|Sneasler, L74, F|141/240\n|move|p2a: Okidogi|Drain Punch|p1a: Sneasler\n|-resisted|p1a: Sneasler\n|-damage|p1a: Sneasler|81/240\n|-heal|p2a: Okidogi|104/262|[from] drain|[of] p1a: Sneasler\n|\n|-weather|Sandstorm|[upkeep]\n|-damage|p1a: Sneasler|66/240|[from] Sandstorm\n|-damage|p2a: Okidogi|88/262|[from] Sandstorm\n|-heal|p2a: Okidogi|104/262|[from] item: Leftovers\n|upkeep\n|turn|12\n|\n|t:|1781406299\n|move|p1a: Sneasler|U-turn|p2a: Okidogi\n|-supereffective|p2a: Okidogi\n|-damage|p2a: Okidogi|0 fnt\n|faint|p2a: Okidogi\n|\n|t:|1781406312\n|switch|p1a: Tyranitar|Tyranitar, L78, F|284/284|[from] U-turn\n|\n|-weather|Sandstorm|[upkeep]\n|upkeep\n|\n|t:|1781406329\n|switch|p2a: Oinkologne|Oinkologne, L92, M|352/352\n|turn|13\n|inactive|Battle timer is ON: inactive players will automatically lose when time's up. (requested by Bigoleg)\n|\n|t:|1781406340\n|move|p2a: Oinkologne|Curse|p2a: Oinkologne\n|-unboost|p2a: Oinkologne|spe|1\n|-boost|p2a: Oinkologne|atk|1\n|-boost|p2a: Oinkologne|def|1\n|move|p1a: Tyranitar|Knock Off|p2a: Oinkologne\n|-damage|p2a: Oinkologne|264/352\n|-enditem|p2a: Oinkologne|Leftovers|[from] move: Knock Off|[of] p1a: Tyranitar\n|\n|-weather|Sandstorm|[upkeep]\n|-damage|p2a: Oinkologne|242/352|[from] Sandstorm\n|upkeep\n|turn|14\n|\n|t:|1781406354\n|switch|p1a: Sneasler|Sneasler, L74, F|66/240\n|move|p2a: Oinkologne|High Horsepower|p1a: Sneasler\n|-supereffective|p1a: Sneasler\n|-damage|p1a: Sneasler|0 fnt\n|faint|p1a: Sneasler\n|\n|-weather|none\n|upkeep\n|\n|t:|1781406364\n|switch|p1a: Scrafty|Scrafty, L83, F|244/244\n|-ability|p1a: Scrafty|Intimidate|boost\n|-unboost|p2a: Oinkologne|atk|1\n|turn|15\n|\n|t:|1781406372\n|move|p1a: Scrafty|Dragon Dance|p1a: Scrafty\n|-boost|p1a: Scrafty|atk|1\n|-boost|p1a: Scrafty|spe|1\n|move|p2a: Oinkologne|Double-Edge|p1a: Scrafty\n|-damage|p1a: Scrafty|106/244\n|-damage|p2a: Oinkologne|196/352|[from] Recoil\n|\n|-heal|p1a: Scrafty|121/244|[from] item: Leftovers\n|upkeep\n|turn|16\n|\n|t:|1781406376\n|move|p1a: Scrafty|Drain Punch|p2a: Oinkologne\n|-supereffective|p2a: Oinkologne\n|-damage|p2a: Oinkologne|50/352\n|-heal|p1a: Scrafty|194/244|[from] drain|[of] p2a: Oinkologne\n|move|p2a: Oinkologne|Double-Edge|p1a: Scrafty\n|-damage|p1a: Scrafty|58/244\n|-damage|p2a: Oinkologne|5/352|[from] Recoil\n|\n|-heal|p1a: Scrafty|73/244|[from] item: Leftovers\n|upkeep\n|turn|17\n|\n|t:|1781406387\n|move|p1a: Scrafty|Drain Punch|p2a: Oinkologne\n|-supereffective|p2a: Oinkologne\n|-damage|p2a: Oinkologne|0 fnt\n|-heal|p1a: Scrafty|76/244|[from] drain|[of] p2a: Oinkologne\n|faint|p2a: Oinkologne\n|\n|-heal|p1a: Scrafty|91/244|[from] item: Leftovers\n|upkeep\n|\n|t:|1781406415\n|switch|p2a: Floatzel|Floatzel, L86, F|286/286\n|turn|18\n|\n|t:|1781406429\n|move|p2a: Floatzel|Wave Crash|p1a: Scrafty\n|-damage|p1a: Scrafty|0 fnt\n|faint|p1a: Scrafty\n|-damage|p2a: Floatzel|256/286|[from] Recoil\n|\n|upkeep\n|\n|t:|1781406434\n|switch|p1a: Haxorus|Haxorus, L77, F|244/244\n|-ability|p1a: Haxorus|Mold Breaker\n|turn|19\n|\n|t:|1781406438\n|move|p2a: Floatzel|Wave Crash|p1a: Haxorus\n|-resisted|p1a: Haxorus\n|-damage|p1a: Haxorus|134/244\n|-damage|p2a: Floatzel|220/286|[from] Recoil\n|move|p1a: Haxorus|Dragon Dance|p1a: Haxorus\n|-boost|p1a: Haxorus|atk|1\n|-boost|p1a: Haxorus|spe|1\n|\n|upkeep\n|turn|20\n|\n|t:|1781406448\n|move|p1a: Haxorus|Outrage|p2a: Floatzel\n|-damage|p2a: Floatzel|0 fnt\n|faint|p2a: Floatzel\n|\n|upkeep\n|\n|t:|1781406456\n|switch|p2a: Articuno|Articuno-Galar, L84|240/288\n|turn|21\n|\n|t:|1781406460\n|move|p1a: Haxorus|Outrage|p2a: Articuno|[from] lockedmove\n|-damage|p2a: Articuno|6/288\n|-start|p1a: Haxorus|confusion|[fatigue]\n|-enditem|p1a: Haxorus|Lum Berry|[eat]\n|-end|p1a: Haxorus|confusion\n|move|p2a: Articuno|Freezing Glare|p1a: Haxorus\n|-damage|p1a: Haxorus|0 fnt\n|faint|p1a: Haxorus\n|\n|upkeep\n|\n|t:|1781406474\n|switch|p1a: Tyranitar|Tyranitar, L78, F|284/284\n|-weather|Sandstorm|[from] ability: Sand Stream|[of] p1a: Tyranitar\n|turn|22\n|\n|t:|1781406478\n|move|p2a: Articuno|Hurricane|p1a: Tyranitar\n|-resisted|p1a: Tyranitar\n|-damage|p1a: Tyranitar|254/284\n|move|p1a: Tyranitar|Knock Off|p2a: Articuno\n|-supereffective|p2a: Articuno\n|-crit|p2a: Articuno\n|-damage|p2a: Articuno|0 fnt\n|-enditem|p2a: Articuno|Heavy-Duty Boots|[from] move: Knock Off|[of] p1a: Tyranitar\n|faint|p2a: Articuno\n|\n|-weather|Sandstorm|[upkeep]\n|upkeep\n|\n|t:|1781406480\n|switch|p2a: Frosmoth|Frosmoth, L82, M|249/249\n|turn|23\n|\n|t:|1781406488\n|-terastallize|p1a: Tyranitar|Rock\n|move|p2a: Frosmoth|Quiver Dance|p2a: Frosmoth\n|-boost|p2a: Frosmoth|spa|1\n|-boost|p2a: Frosmoth|spd|1\n|-boost|p2a: Frosmoth|spe|1\n|move|p1a: Tyranitar|Stone Edge|p2a: Frosmoth\n|-supereffective|p2a: Frosmoth\n|-damage|p2a: Frosmoth|0 fnt\n|faint|p2a: Frosmoth\n|\n|win|pkmn sleep pro\n", "inputlog": ">version a8376a258c1d4662feba110a92103f3664a72141\n>start {\"formatid\":\"gen9randombattle\",\"seed\":\"sodium,1c3e55c6deb4d0b59ad49bf195689d59\",\"rated\":\"Rated battle\"}\n>player p1 {\"name\":\"pkmn sleep pro\",\"avatar\":\"266\",\"rating\":2159,\"seed\":\"sodium,af5902c72a00a33243101b7972e961ce\"}\n>player p2 {\"name\":\"Bigoleg\",\"avatar\":\"169\",\"rating\":2063,\"seed\":\"sodium,92023df8581f8d34985a0393f50e6e05\"}\n>p1 move knockoff\n>p2 switch 2\n>p1 switch 6\n>p2 move gigadrain\n>p1 move direclaw\n>p2 move leechseed\n>p1 move direclaw\n>p2 move gigadrain\n>p2 switch 5\n>p1 move direclaw\n>p2 move bulkup\n>p1 switch 4\n>p2 move drainpunch\n>p1 move encore\n>p2 move knockoff terastallize\n>p1 move bugbuzz\n>p2 move knockoff\n>p1 switch 4\n>p1 move closecombat\n>p2 switch 2\n>p1 switch 6\n>p2 switch 2\n>p1 switch 6\n>p2 move drainpunch\n>p1 move uturn\n>p2 move drainpunch\n>p1 switch 6\n>p2 switch 6\n>p1 move knockoff\n>p2 move curse\n>p1 switch 6\n>p2 move highhorsepower\n>p1 switch 5\n>p1 move dragondance\n>p2 move doubleedge\n>p1 move drainpunch\n>p2 move doubleedge\n>p1 move drainpunch\n>p2 move doubleedge\n>p2 switch 3\n>p1 move dragondance\n>p2 move wavecrash\n>p1 switch 2\n>p1 move dragondance\n>p2 move wavecrash\n>p1 move outrage\n>p2 move wavecrash\n>p2 switch 2\n>p1 move outrage\n>p2 move freezingglare\n>p1 switch 6\n>p1 move knockoff\n>p2 move hurricane\n>p2 switch 4\n>p1 move stoneedge terastallize\n>p2 move quiverdance", "uploadtime": 1781406146, "views": 4, "formatid": "gen9randombattle", "rating": null, "private": 0, "password": null}