{"id": "gen9randombattle-2631522657", "format": "[Gen 9] Random Battle", "players": ["poronena", "ilusinex"], "log": "|j|\u2606poronena\n|j|\u2606ilusinex\n|t:|1781396180\n|gametype|singles\n|player|p1|poronena|266|1156\n|player|p2|ilusinex|101|1161\n|gen|9\n|tier|[Gen 9] Random Battle\n|rated|\n|rule|Species Clause: Limit one of each Pok\u00e9mon\n|rule|HP Percentage Mod: HP is shown in percentages\n|rule|Sleep Clause Mod: Limit one foe put to sleep\n|rule|Illusion Level Mod: Illusion disguises the Pok\u00e9mon's true level\n|\n|t:|1781396180\n|teamsize|p1|6\n|teamsize|p2|6\n|start\n|switch|p1a: Iron Hands|Iron Hands, L79|373/373\n|switch|p2a: Donphan|Donphan, L84, F|288/288\n|turn|1\n|\n|t:|1781396198\n|-terastallize|p1a: Iron Hands|Flying\n|move|p2a: Donphan|Knock Off|p1a: Iron Hands\n|-damage|p1a: Iron Hands|294/373\n|-enditem|p1a: Iron Hands|Leftovers|[from] move: Knock Off|[of] p2a: Donphan\n|move|p1a: Iron Hands|Swords Dance|p1a: Iron Hands\n|-boost|p1a: Iron Hands|atk|2\n|\n|upkeep\n|turn|2\n|\n|t:|1781396208\n|move|p2a: Donphan|Ice Spinner|p1a: Iron Hands\n|-supereffective|p1a: Iron Hands\n|-damage|p1a: Iron Hands|178/373\n|move|p1a: Iron Hands|Swords Dance|p1a: Iron Hands\n|-boost|p1a: Iron Hands|atk|2\n|\n|upkeep\n|turn|3\n|\n|t:|1781396219\n|move|p2a: Donphan|Ice Spinner|p1a: Iron Hands\n|-supereffective|p1a: Iron Hands\n|-damage|p1a: Iron Hands|58/373\n|move|p1a: Iron Hands|Ice Punch|p2a: Donphan\n|-supereffective|p2a: Donphan\n|-ability|p2a: Donphan|Sturdy\n|-damage|p2a: Donphan|1/288\n|\n|upkeep\n|turn|4\n|\n|t:|1781396237\n|move|p2a: Donphan|Ice Spinner|p1a: Iron Hands\n|-supereffective|p1a: Iron Hands\n|-damage|p1a: Iron Hands|0 fnt\n|faint|p1a: Iron Hands\n|-end|p1a: Iron Hands|Quark Drive|[silent]\n|\n|upkeep\n|\n|t:|1781396248\n|switch|p1a: Dialga|Dialga-Origin, L73|266/266\n|-ability|p1a: Dialga|Pressure\n|turn|5\n|\n|t:|1781396258\n|move|p1a: Dialga|Fire Blast|p2a: Donphan\n|-damage|p2a: Donphan|0 fnt\n|faint|p2a: Donphan\n|\n|upkeep\n|inactive|Battle timer is ON: inactive players will automatically lose when time's up. (requested by ilusinex)\n|\n|t:|1781396266\n|switch|p2a: Komala|Komala, L88, F|258/258\n|-ability|p2a: Komala|Comatose\n|turn|6\n|\n|t:|1781396274\n|move|p1a: Dialga|Heavy Slam|p2a: Komala\n|-damage|p2a: Komala|113/258\n|move|p2a: Komala|Earthquake|p1a: Dialga\n|-supereffective|p1a: Dialga\n|-damage|p1a: Dialga|40/266\n|\n|upkeep\n|turn|7\n|\n|t:|1781396284\n|move|p1a: Dialga|Heavy Slam|p2a: Komala\n|-damage|p2a: Komala|0 fnt\n|faint|p2a: Komala\n|\n|upkeep\n|\n|t:|1781396291\n|switch|p2a: Florges|Florges-Yellow, L85, F|271/271\n|turn|8\n|inactive|poronena has 120 seconds left.\n|\n|t:|1781396324\n|move|p2a: Florges|Moonblast|p1a: Dialga\n|-damage|p1a: Dialga|0 fnt\n|faint|p1a: Dialga\n|\n|upkeep\n|\n|t:|1781396328\n|switch|p1a: Piloswine|Piloswine, L85, M|309/309\n|turn|9\n|\n|t:|1781396337\n|move|p2a: Florges|Moonblast|p1a: Piloswine\n|-damage|p1a: Piloswine|206/309\n|move|p1a: Piloswine|Earthquake|p2a: Florges\n|-damage|p2a: Florges|129/271\n|\n|-heal|p2a: Florges|145/271|[from] item: Leftovers\n|upkeep\n|turn|10\n|inactive|ilusinex has 120 seconds left.\n|\n|t:|1781396370\n|move|p1a: Piloswine|Ice Shard|p2a: Florges\n|-damage|p2a: Florges|94/271\n|move|p2a: Florges|Moonblast|p1a: Piloswine\n|-damage|p1a: Piloswine|104/309\n|-unboost|p1a: Piloswine|spa|1\n|\n|-heal|p2a: Florges|110/271|[from] item: Leftovers\n|upkeep\n|turn|11\n|\n|t:|1781396381\n|move|p2a: Florges|Protect|p2a: Florges\n|-singleturn|p2a: Florges|Protect\n|move|p1a: Piloswine|Earthquake|p2a: Florges\n|-activate|p2a: Florges|move: Protect\n|\n|-heal|p2a: Florges|126/271|[from] item: Leftovers\n|upkeep\n|turn|12\n|\n|t:|1781396392\n|move|p1a: Piloswine|Ice Shard|p2a: Florges\n|-damage|p2a: Florges|75/271\n|move|p2a: Florges|Moonblast|p1a: Piloswine\n|-damage|p1a: Piloswine|2/309\n|\n|-heal|p2a: Florges|91/271|[from] item: Leftovers\n|upkeep\n|turn|13\n|\n|t:|1781396399\n|move|p1a: Piloswine|Ice Shard|p2a: Florges\n|-damage|p2a: Florges|37/271\n|move|p2a: Florges|Moonblast|p1a: Piloswine\n|-crit|p1a: Piloswine\n|-damage|p1a: Piloswine|0 fnt\n|faint|p1a: Piloswine\n|\n|-heal|p2a: Florges|53/271|[from] item: Leftovers\n|upkeep\n|inactive|poronena has 120 seconds left.\n|\n|t:|1781396424\n|switch|p1a: Dunsparce|Dunsparce, L86, F|312/312\n|turn|14\n|\n|t:|1781396432\n|move|p2a: Florges|Moonblast|p1a: Dunsparce\n|-damage|p1a: Dunsparce|224/312\n|-unboost|p1a: Dunsparce|spa|1\n|move|p1a: Dunsparce|Body Slam|p2a: Florges\n|-damage|p2a: Florges|0 fnt\n|faint|p2a: Florges\n|\n|upkeep\n|\n|t:|1781396448\n|switch|p2a: Weavile|Weavile, L79, M|240/240\n|turn|15\n|\n|t:|1781396457\n|move|p2a: Weavile|Knock Off|p1a: Dunsparce\n|-damage|p1a: Dunsparce|137/312\n|-enditem|p1a: Dunsparce|Eviolite|[from] move: Knock Off|[of] p2a: Weavile\n|move|p1a: Dunsparce|Body Slam|p2a: Weavile\n|-damage|p2a: Weavile|140/240\n|\n|upkeep\n|turn|16\n|\n|t:|1781396470\n|move|p2a: Weavile|Triple Axel|p1a: Dunsparce\n|-damage|p1a: Dunsparce|107/312\n|-damage|p1a: Dunsparce|56/312\n|-hitcount|p1a: Dunsparce|2\n|move|p1a: Dunsparce|Roost|p1a: Dunsparce\n|-heal|p1a: Dunsparce|212/312\n|-singleturn|p1a: Dunsparce|move: Roost\n|\n|upkeep\n|turn|17\n|\n|t:|1781396482\n|move|p2a: Weavile|Swords Dance|p2a: Weavile\n|-boost|p2a: Weavile|atk|2\n|move|p1a: Dunsparce|Coil|p1a: Dunsparce\n|-boost|p1a: Dunsparce|atk|1\n|-boost|p1a: Dunsparce|def|1\n|-boost|p1a: Dunsparce|accuracy|1\n|\n|upkeep\n|turn|18\n|\n|t:|1781396489\n|move|p2a: Weavile|Triple Axel|p1a: Dunsparce\n|-damage|p1a: Dunsparce|176/312\n|-damage|p1a: Dunsparce|110/312\n|-damage|p1a: Dunsparce|7/312\n|-hitcount|p1a: Dunsparce|3\n|move|p1a: Dunsparce|Body Slam|p2a: Weavile\n|-damage|p2a: Weavile|0 fnt\n|faint|p2a: Weavile\n|\n|upkeep\n|\n|t:|1781396503\n|switch|p2a: Cinderace|Cinderace, L77, M|249/249\n|turn|19\n|\n|t:|1781396513\n|move|p2a: Cinderace|Pyro Ball|p1a: Dunsparce\n|-damage|p1a: Dunsparce|0 fnt\n|faint|p1a: Dunsparce\n|\n|upkeep\n|\n|t:|1781396523\n|switch|p1a: Chandelure|Chandelure, L83, F|235/235\n|turn|20\n|\n|t:|1781396531\n|switch|p2a: Raikou|Raikou, L81|278/278\n|-ability|p2a: Raikou|Pressure\n|move|p1a: Chandelure|Calm Mind|p1a: Chandelure\n|-boost|p1a: Chandelure|spa|1\n|-boost|p1a: Chandelure|spd|1\n|\n|upkeep\n|turn|21\n|\n|t:|1781396546\n|move|p2a: Raikou|Shadow Ball|p1a: Chandelure\n|-supereffective|p1a: Chandelure\n|-damage|p1a: Chandelure|159/235\n|move|p1a: Chandelure|Calm Mind|p1a: Chandelure\n|-boost|p1a: Chandelure|spa|1\n|-boost|p1a: Chandelure|spd|1\n|\n|upkeep\n|turn|22\n|\n|t:|1781396553\n|move|p2a: Raikou|Thunderbolt|p1a: Chandelure\n|-damage|p1a: Chandelure|111/235\n|move|p1a: Chandelure|Fire Blast|p2a: Raikou\n|-damage|p2a: Raikou|0 fnt\n|faint|p2a: Raikou\n|\n|upkeep\n|\n|t:|1781396561\n|switch|p2a: Cinderace|Cinderace, L77, M|249/249\n|turn|23\n|\n|t:|1781396576\n|move|p2a: Cinderace|Gunk Shot|p1a: Chandelure\n|-start|p2a: Cinderace|typechange|Poison|[from] ability: Libero\n|-resisted|p1a: Chandelure\n|-damage|p1a: Chandelure|20/235\n|-status|p1a: Chandelure|psn\n|move|p1a: Chandelure|Shadow Ball|p2a: Cinderace\n|-damage|p2a: Cinderace|0 fnt\n|faint|p2a: Cinderace\n|\n|win|poronena\n|raw|poronena's rating: 1156 &rarr; <strong>1181</strong><br />(+25 for winning)\n|raw|ilusinex's rating: 1161 &rarr; <strong>1136</strong><br />(-25 for losing)\n", "inputlog": ">version a8376a258c1d4662feba110a92103f3664a72141\n>start {\"formatid\":\"gen9randombattle\",\"seed\":\"sodium,4913adc19c98328e4a81e8dc6aca6ff7\",\"rated\":\"Rated battle\"}\n>player p1 {\"name\":\"poronena\",\"avatar\":\"266\",\"rating\":1156,\"seed\":\"sodium,e6a2fa6cb91cd73206dd289a685681b5\"}\n>player p2 {\"name\":\"ilusinex\",\"avatar\":\"101\",\"rating\":1161,\"seed\":\"sodium,15cbd404b37e1056b47b98e3450427ac\"}\n>p1 move swordsdance terastallize\n>p2 move knockoff\n>p1 move swordsdance\n>p2 move icespinner\n>p1 move icepunch\n>p2 move icespinner\n>p1 move drainpunch\n>p2 move icespinner\n>p1 switch 4\n>p1 move fireblast\n>p2 move earthquake\n>p2 switch 5\n>p1 move heavyslam\n>p2 move earthquake\n>p1 move heavyslam\n>p2 move earthquake\n>p2 switch 2\n>p1 move heavyslam\n>p2 move moonblast\n>p1 switch 6\n>p1 move earthquake\n>p2 move moonblast\n>p1 move iceshard\n>p2 move moonblast\n>p1 move earthquake\n>p2 move protect\n>p1 move iceshard\n>p2 move moonblast\n>p1 move iceshard\n>p2 move moonblast\n>p1 switch 5\n>p1 move bodyslam\n>p2 move moonblast\n>p2 switch 6\n>p1 move bodyslam\n>p2 move knockoff\n>p1 move roost\n>p2 move tripleaxel\n>p1 move coil\n>p2 move swordsdance\n>p1 move bodyslam\n>p2 move tripleaxel\n>p2 switch 3\n>p1 move roost\n>p2 move pyroball\n>p1 switch 2\n>p1 move calmmind\n>p2 switch 4\n>p1 move calmmind\n>p2 move shadowball\n>p1 move fireblast\n>p2 move thunderbolt\n>p2 switch 4\n>p1 move shadowball\n>p2 move gunkshot", "uploadtime": 1781396590, "views": 6, "formatid": "gen9randombattle", "rating": 1136, "private": 0, "password": null}