{"id": "gen9randombattle-2631666591", "format": "[Gen 9] Random Battle", "players": ["Imperator210", "PohKayMahn"], "log": "|j|\u2606Imperator210\n|j|\u2606PohKayMahn\n|t:|1781417882\n|gametype|singles\n|player|p1|Imperator210|sonia|1939\n|player|p2|PohKayMahn|169|1921\n|gen|9\n|tier|[Gen 9] Random Battle\n|rated|\n|rule|Species Clause: Limit one of each Pok\u00e9mon\n|rule|HP Percentage Mod: HP is shown in percentages\n|rule|Sleep Clause Mod: Limit one foe put to sleep\n|rule|Illusion Level Mod: Illusion disguises the Pok\u00e9mon's true level\n|\n|t:|1781417882\n|teamsize|p1|6\n|teamsize|p2|6\n|start\n|switch|p1a: Scizor|Scizor, L79, M|240/240\n|switch|p2a: Jirachi|Jirachi, L80|291/291\n|turn|1\n|inactive|Battle timer is ON: inactive players will automatically lose when time's up. (requested by PohKayMahn)\n|\n|t:|1781417909\n|move|p2a: Jirachi|Body Slam|p1a: Scizor\n|-resisted|p1a: Scizor\n|-damage|p1a: Scizor|212/240\n|-status|p1a: Scizor|par\n|move|p1a: Scizor|Knock Off|p2a: Jirachi\n|-supereffective|p2a: Jirachi\n|-damage|p2a: Jirachi|75/291\n|-enditem|p2a: Jirachi|Leftovers|[from] move: Knock Off|[of] p1a: Scizor\n|\n|upkeep\n|turn|2\n|inactive|Imperator210 has 120 seconds left.\n|\n|t:|1781417945\n|switch|p2a: Pachirisu|Pachirisu, L96, M|271/271\n|switch|p1a: Banette|Banette, L93, F|270/270\n|\n|upkeep\n|turn|3\n|inactive|Imperator210 has 120 seconds left.\n|\n|t:|1781417955\n|move|p2a: Pachirisu|Discharge|p1a: Banette\n|-damage|p1a: Banette|201/270\n|move|p1a: Banette|Poltergeist|p2a: Pachirisu|[miss]\n|-miss|p1a: Banette|p2a: Pachirisu\n|\n|upkeep\n|turn|4\n|inactive|Imperator210 has 120 seconds left.\n|\n|t:|1781417966\n|move|p2a: Pachirisu|Discharge|p1a: Banette\n|-damage|p1a: Banette|132/270\n|-status|p1a: Banette|par\n|move|p1a: Banette|Poltergeist|p2a: Pachirisu|[miss]\n|-miss|p1a: Banette|p2a: Pachirisu\n|\n|upkeep\n|turn|5\n|\n|t:|1781417976\n|move|p2a: Pachirisu|Discharge|p1a: Banette\n|-damage|p1a: Banette|60/270 par\n|move|p1a: Banette|Poltergeist|p2a: Pachirisu\n|-activate|p2a: Pachirisu|move: Poltergeist|Heavy-Duty Boots\n|-crit|p2a: Pachirisu\n|-damage|p2a: Pachirisu|0 fnt\n|faint|p2a: Pachirisu\n|-damage|p1a: Banette|33/270 par|[from] item: Life Orb\n|\n|upkeep\n|\n|t:|1781417988\n|switch|p2a: Alomomola|Alomomola, L87, F|429/429\n|turn|6\n|\n|t:|1781417997\n|move|p1a: Banette|Shadow Sneak|p2a: Alomomola\n|-damage|p2a: Alomomola|354/429\n|-damage|p1a: Banette|0 fnt|[from] item: Rocky Helmet|[of] p2a: Alomomola\n|faint|p1a: Banette\n|move|p2a: Alomomola|Scald|p1: Banette|[notarget]\n|-fail|p2a: Alomomola\n|\n|upkeep\n|inactive|Imperator210 has 120 seconds left.\n|\n|t:|1781418032\n|switch|p1a: Camerupt|Camerupt, L91, M|275/275\n|turn|7\n|inactive|Imperator210 has 120 seconds left.\n|\n|t:|1781418048\n|-terastallize|p1a: Camerupt|Grass\n|move|p2a: Alomomola|Flip Turn|p1a: Camerupt\n|-resisted|p1a: Camerupt\n|-damage|p1a: Camerupt|242/275\n|\n|t:|1781418061\n|switch|p2a: Eelektross|Eelektross, L87, M|290/290|[from] Flip Turn\n|move|p1a: Camerupt|Stealth Rock|p2a: Eelektross\n|-sidestart|p2: PohKayMahn|move: Stealth Rock\n|\n|-heal|p1a: Camerupt|259/275|[from] item: Leftovers\n|upkeep\n|turn|8\n|inactive|Imperator210 has 120 seconds left.\n|\n|t:|1781418070\n|move|p2a: Eelektross|Knock Off|p1a: Camerupt\n|-damage|p1a: Camerupt|167/275\n|-enditem|p1a: Camerupt|Leftovers|[from] move: Knock Off|[of] p2a: Eelektross\n|move|p1a: Camerupt|Roar|p2a: Eelektross\n|drag|p2a: Jirachi|Jirachi, L80|75/291\n|-damage|p2a: Jirachi|57/291|[from] Stealth Rock\n|\n|upkeep\n|turn|9\n|inactive|Imperator210 has 120 seconds left.\n|\n|t:|1781418086\n|move|p2a: Jirachi|Iron Head|p1a: Camerupt\n|-damage|p1a: Camerupt|76/275\n|cant|p1a: Camerupt|flinch\n|\n|upkeep\n|turn|10\n|inactive|Imperator210 has 120 seconds left.\n|\n|t:|1781418093\n|switch|p1a: Scizor|Scizor, L79, M|212/240 par\n|move|p2a: Jirachi|Iron Head|p1a: Scizor\n|-resisted|p1a: Scizor\n|-damage|p1a: Scizor|173/240 par\n|\n|upkeep\n|turn|11\n|\n|t:|1781418100\n|move|p2a: Jirachi|Wish|p2a: Jirachi\n|move|p1a: Scizor|U-turn|p2a: Jirachi\n|-damage|p2a: Jirachi|0 fnt\n|faint|p2a: Jirachi\n|inactive|Imperator210 has 120 seconds left.\n|\n|t:|1781418126\n|switch|p1a: Camerupt|Camerupt, L91, M, tera:Grass|76/275|[from] U-turn\n|\n|upkeep\n|\n|t:|1781418142\n|switch|p2a: Eelektross|Eelektross, L87, M|290/290\n|-damage|p2a: Eelektross|254/290|[from] Stealth Rock\n|turn|12\n|\n|t:|1781418149\n|move|p2a: Eelektross|Close Combat|p1a: Camerupt\n|-damage|p1a: Camerupt|0 fnt\n|-unboost|p2a: Eelektross|def|1\n|-unboost|p2a: Eelektross|spd|1\n|faint|p1a: Camerupt\n|\n|-heal|p2a: Eelektross|290/290|[from] move: Wish|[wisher] Jirachi\n|upkeep\n|\n|t:|1781418177\n|switch|p1a: Beartic|Beartic, L91, F|321/321\n|turn|13\n|\n|t:|1781418186\n|switch|p2a: Alomomola|Alomomola, L87, F|429/429\n|-damage|p2a: Alomomola|376/429|[from] Stealth Rock\n|move|p1a: Beartic|Swords Dance|p1a: Beartic\n|-boost|p1a: Beartic|atk|2\n|\n|upkeep\n|turn|14\n|\n|t:|1781418194\n|move|p2a: Alomomola|Scald|p1a: Beartic\n|-damage|p1a: Beartic|272/321\n|move|p1a: Beartic|Swords Dance|p1a: Beartic\n|-boost|p1a: Beartic|atk|2\n|\n|upkeep\n|turn|15\n|\n|t:|1781418202\n|move|p2a: Alomomola|Scald|p1a: Beartic\n|-damage|p1a: Beartic|226/321\n|-status|p1a: Beartic|brn\n|move|p1a: Beartic|Earthquake|p2a: Alomomola\n|-damage|p2a: Alomomola|226/429\n|\n|-damage|p1a: Beartic|206/321 brn|[from] brn\n|upkeep\n|turn|16\n|inactive|Imperator210 has 120 seconds left.\n|\n|t:|1781418214\n|move|p2a: Alomomola|Wish|p2a: Alomomola\n|move|p1a: Beartic|Swords Dance|p1a: Beartic\n|-boost|p1a: Beartic|atk|2\n|\n|-damage|p1a: Beartic|186/321 brn|[from] brn\n|upkeep\n|turn|17\n|\n|t:|1781418222\n|move|p2a: Alomomola|Protect|p2a: Alomomola\n|-singleturn|p2a: Alomomola|Protect\n|move|p1a: Beartic|Icicle Crash|p2a: Alomomola\n|-activate|p2a: Alomomola|move: Protect\n|\n|-heal|p2a: Alomomola|429/429|[from] move: Wish|[wisher] Alomomola\n|-damage|p1a: Beartic|166/321 brn|[from] brn\n|upkeep\n|turn|18\n|\n|t:|1781418227\n|move|p2a: Alomomola|Wish|p2a: Alomomola\n|move|p1a: Beartic|Earthquake|p2a: Alomomola\n|-damage|p2a: Alomomola|216/429\n|\n|-damage|p1a: Beartic|146/321 brn|[from] brn\n|upkeep\n|turn|19\n|\n|t:|1781418231\n|move|p2a: Alomomola|Protect|p2a: Alomomola\n|-singleturn|p2a: Alomomola|Protect\n|move|p1a: Beartic|Icicle Crash|p2a: Alomomola\n|-activate|p2a: Alomomola|move: Protect\n|\n|-heal|p2a: Alomomola|429/429|[from] move: Wish|[wisher] Alomomola\n|-damage|p1a: Beartic|126/321 brn|[from] brn\n|upkeep\n|turn|20\n|\n|t:|1781418235\n|move|p2a: Alomomola|Wish|p2a: Alomomola\n|move|p1a: Beartic|Earthquake|p2a: Alomomola\n|-damage|p2a: Alomomola|230/429\n|\n|-damage|p1a: Beartic|106/321 brn|[from] brn\n|upkeep\n|turn|21\n|\n|t:|1781418242\n|move|p2a: Alomomola|Protect|p2a: Alomomola\n|-singleturn|p2a: Alomomola|Protect\n|move|p1a: Beartic|Icicle Crash|p2a: Alomomola\n|-activate|p2a: Alomomola|move: Protect\n|\n|-heal|p2a: Alomomola|429/429|[from] move: Wish|[wisher] Alomomola\n|-damage|p1a: Beartic|86/321 brn|[from] brn\n|upkeep\n|turn|22\n|\n|t:|1781418245\n|move|p2a: Alomomola|Wish|p2a: Alomomola\n|move|p1a: Beartic|Earthquake|p2a: Alomomola\n|-damage|p2a: Alomomola|218/429\n|\n|-damage|p1a: Beartic|66/321 brn|[from] brn\n|upkeep\n|turn|23\n|\n|t:|1781418250\n|move|p2a: Alomomola|Protect|p2a: Alomomola\n|-singleturn|p2a: Alomomola|Protect\n|move|p1a: Beartic|Icicle Crash|p2a: Alomomola\n|-activate|p2a: Alomomola|move: Protect\n|\n|-heal|p2a: Alomomola|429/429|[from] move: Wish|[wisher] Alomomola\n|-damage|p1a: Beartic|46/321 brn|[from] brn\n|upkeep\n|turn|24\n|\n|t:|1781418255\n|move|p2a: Alomomola|Wish|p2a: Alomomola\n|move|p1a: Beartic|Earthquake|p2a: Alomomola\n|-damage|p2a: Alomomola|225/429\n|\n|-damage|p1a: Beartic|26/321 brn|[from] brn\n|upkeep\n|turn|25\n|\n|t:|1781418259\n|move|p2a: Alomomola|Scald|p1a: Beartic\n|-damage|p1a: Beartic|0 fnt\n|faint|p1a: Beartic\n|\n|-heal|p2a: Alomomola|429/429|[from] move: Wish|[wisher] Alomomola\n|upkeep\n|\n|t:|1781418273\n|switch|p1a: Torterra|Torterra, L78, M|276/276\n|turn|26\n|\n|t:|1781418289\n|move|p2a: Alomomola|Scald|p1a: Torterra\n|-damage|p1a: Torterra|225/276\n|-status|p1a: Torterra|brn\n|move|p1a: Torterra|Shell Smash|p1a: Torterra\n|-unboost|p1a: Torterra|def|1\n|-unboost|p1a: Torterra|spd|1\n|-boost|p1a: Torterra|atk|2\n|-boost|p1a: Torterra|spa|2\n|-boost|p1a: Torterra|spe|2\n|\n|-damage|p1a: Torterra|208/276 brn|[from] brn\n|upkeep\n|turn|27\n|\n|t:|1781418301\n|move|p1a: Torterra|Shell Smash|p1a: Torterra\n|-unboost|p1a: Torterra|def|1\n|-unboost|p1a: Torterra|spd|1\n|-boost|p1a: Torterra|atk|2\n|-boost|p1a: Torterra|spa|2\n|-boost|p1a: Torterra|spe|2\n|move|p2a: Alomomola|Scald|p1a: Torterra\n|-damage|p1a: Torterra|102/276 brn\n|\n|-damage|p1a: Torterra|85/276 brn|[from] brn\n|upkeep\n|turn|28\n|\n|t:|1781418308\n|-terastallize|p2a: Alomomola|Steel\n|move|p1a: Torterra|Bullet Seed|p2a: Alomomola\n|-resisted|p2a: Alomomola\n|-damage|p2a: Alomomola|398/429\n|-resisted|p2a: Alomomola\n|-damage|p2a: Alomomola|367/429\n|-resisted|p2a: Alomomola\n|-damage|p2a: Alomomola|340/429\n|-resisted|p2a: Alomomola\n|-damage|p2a: Alomomola|312/429\n|-hitcount|p2a: Alomomola|4\n|move|p2a: Alomomola|Scald|p1a: Torterra\n|-damage|p1a: Torterra|0 fnt\n|faint|p1a: Torterra\n|\n|upkeep\n|\n|t:|1781418313\n|switch|p1a: Iron Boulder|Iron Boulder, L77|265/265\n|turn|29\n|\n|t:|1781418320\n|move|p1a: Iron Boulder|Swords Dance|p1a: Iron Boulder\n|-boost|p1a: Iron Boulder|atk|2\n|move|p2a: Alomomola|Scald|p1a: Iron Boulder\n|-supereffective|p1a: Iron Boulder\n|-damage|p1a: Iron Boulder|181/265\n|\n|upkeep\n|turn|30\n|\n|t:|1781418340\n|move|p1a: Iron Boulder|Close Combat|p2a: Alomomola\n|-supereffective|p2a: Alomomola\n|-damage|p2a: Alomomola|0 fnt\n|-unboost|p1a: Iron Boulder|def|1\n|-unboost|p1a: Iron Boulder|spd|1\n|-damage|p1a: Iron Boulder|137/265|[from] item: Rocky Helmet|[of] p2a: Alomomola\n|faint|p2a: Alomomola\n|-damage|p1a: Iron Boulder|111/265|[from] item: Life Orb\n|\n|upkeep\n|\n|t:|1781418343\n|switch|p2a: Mimikyu|Mimikyu, L79, F|216/216\n|-damage|p2a: Mimikyu|189/216|[from] Stealth Rock\n|turn|31\n|\n|t:|1781418354\n|move|p2a: Mimikyu|Shadow Sneak|p1a: Iron Boulder\n|-supereffective|p1a: Iron Boulder\n|-damage|p1a: Iron Boulder|0 fnt\n|faint|p1a: Iron Boulder\n|-end|p1a: Iron Boulder|Quark Drive|[silent]\n|-damage|p2a: Mimikyu|168/216|[from] item: Life Orb\n|\n|upkeep\n|\n|t:|1781418358\n|switch|p1a: Scizor|Scizor, L79, M|173/240 par\n|turn|32\n|\n|t:|1781418369\n|move|p2a: Mimikyu|Drain Punch|p1a: Scizor\n|-damage|p1a: Scizor|117/240 par\n|-heal|p2a: Mimikyu|196/216|[from] drain|[of] p1a: Scizor\n|-damage|p2a: Mimikyu|175/216|[from] item: Life Orb\n|move|p1a: Scizor|Knock Off|p2a: Mimikyu\n|-activate|p2a: Mimikyu|ability: Disguise\n|-damage|p2a: Mimikyu|175/216\n|-enditem|p2a: Mimikyu|Life Orb|[from] move: Knock Off|[of] p1a: Scizor\n|detailschange|p2a: Mimikyu|Mimikyu-Busted, L79, F\n|-damage|p2a: Mimikyu|148/216|[from] pokemon: Mimikyu-Busted\n|\n|upkeep\n|turn|33\n|\n|t:|1781418374\n|move|p2a: Mimikyu|Drain Punch|p1a: Scizor\n|-damage|p1a: Scizor|74/240 par\n|-heal|p2a: Mimikyu|170/216|[from] drain|[of] p1a: Scizor\n|cant|p1a: Scizor|par\n|\n|upkeep\n|turn|34\n|-message|Imperator210 forfeited.\n|\n|win|PohKayMahn\n|raw|Imperator210's rating: 1939 &rarr; <strong>1918</strong><br />(-21 for losing)\n|raw|PohKayMahn's rating: 1921 &rarr; <strong>1942</strong><br />(+21 for winning)\n", "inputlog": ">version a8376a258c1d4662feba110a92103f3664a72141\n>start {\"formatid\":\"gen9randombattle\",\"seed\":\"sodium,2c30a53523861d4dd34ccda59936c231\",\"rated\":\"Rated battle\"}\n>player p1 {\"name\":\"Imperator210\",\"avatar\":\"sonia\",\"rating\":1939,\"seed\":\"sodium,9d58e9ccf8d3c6e579d31261bbc410ea\"}\n>player p2 {\"name\":\"PohKayMahn\",\"avatar\":\"169\",\"rating\":1921,\"seed\":\"sodium,c28fb9c0930eff730efafc94cfb56345\"}\n>p1 move knockoff\n>p2 move bodyslam\n>p1 switch 5\n>p2 switch 4\n>p1 move poltergeist\n>p2 move discharge\n>p1 move poltergeist\n>p2 move discharge\n>p1 move poltergeist\n>p2 move discharge\n>p2 switch 6\n>p1 move shadowsneak\n>p2 move scald\n>p1 switch 3\n>p1 move stealthrock terastallize\n>p2 move flipturn\n>p2 switch 3\n>p1 move roar\n>p2 move knockoff\n>p1 move earthquake\n>p2 move ironhead\n>p1 switch 5\n>p2 move ironhead\n>p1 move uturn\n>p2 move wish\n>p1 switch 5\n>p2 switch 4\n>p1 move overheat\n>p2 move closecombat\n>p1 switch 2\n>p1 move swordsdance\n>p2 switch 3\n>p1 move swordsdance\n>p2 move scald\n>p1 move earthquake\n>p2 move scald\n>p1 move swordsdance\n>p2 move wish\n>p1 move iciclecrash\n>p2 move protect\n>p1 move earthquake\n>p2 move wish\n>p1 move iciclecrash\n>p2 move protect\n>p1 move earthquake\n>p2 move wish\n>p1 move iciclecrash\n>p2 move protect\n>p1 move earthquake\n>p2 move wish\n>p1 move iciclecrash\n>p2 move protect\n>p1 move earthquake\n>p2 move wish\n>p1 move iciclecrash\n>p2 move scald\n>p1 switch 6\n>p1 move shellsmash\n>p2 move scald\n>p1 move shellsmash\n>p2 move scald\n>p1 move bulletseed\n>p2 move scald terastallize\n>p1 switch 4\n>p1 move swordsdance\n>p2 move scald\n>p1 move closecombat\n>p2 move scald\n>p2 switch 5\n>p1 move mightycleave\n>p2 move shadowsneak\n>p1 switch 5\n>p1 move knockoff\n>p2 move drainpunch\n>p1 move knockoff\n>p2 move drainpunch\n>forcelose p1", "uploadtime": 1781418385, "views": 10, "formatid": "gen9randombattle", "rating": 1918, "private": 0, "password": null}