{"id": "gen9randombattle-2631519177", "format": "[Gen 9] Random Battle", "players": ["thuggernaut", "memebraker"], "log": "|j|\u2606thuggernaut\n|j|\u2606memebraker\n|t:|1781395686\n|gametype|singles\n|player|p1|thuggernaut|102|2067\n|player|p2|memebraker|bugcatcher-gen4dp|2181\n|gen|9\n|tier|[Gen 9] Random Battle\n|rated|\n|rule|Species Clause: Limit one of each Pok\u00e9mon\n|rule|HP Percentage Mod: HP is shown in percentages\n|rule|Sleep Clause Mod: Limit one foe put to sleep\n|rule|Illusion Level Mod: Illusion disguises the Pok\u00e9mon's true level\n|\n|t:|1781395686\n|teamsize|p1|6\n|teamsize|p2|6\n|start\n|switch|p1a: Pikachu|Pikachu-Kalos, L93, M|216/216\n|switch|p2a: Perrserker|Perrserker, L89, M|269/269\n|turn|1\n|\n|t:|1781395695\n|move|p1a: Pikachu|Volt Tackle|p2a: Perrserker\n|-damage|p2a: Perrserker|107/269\n|-damage|p1a: Pikachu|163/216|[from] Recoil\n|move|p2a: Perrserker|Stealth Rock|p1a: Pikachu\n|-sidestart|p1: thuggernaut|move: Stealth Rock\n|\n|upkeep\n|turn|2\n|\n|t:|1781395713\n|switch|p2a: Gogoat|Gogoat, L88, M|360/360\n|move|p1a: Pikachu|Volt Switch|p2a: Gogoat\n|-resisted|p2a: Gogoat\n|-damage|p2a: Gogoat|298/360\n|\n|t:|1781395721\n|switch|p1a: Swanna|Swanna, L89, M|278/278|[from] Volt Switch\n|\n|-heal|p2a: Gogoat|320/360|[from] item: Leftovers\n|upkeep\n|turn|3\n|\n|t:|1781395738\n|switch|p2a: Qwilfish|Qwilfish-Hisui, L83, F|244/244\n|-ability|p2a: Qwilfish|Intimidate|boost\n|-unboost|p1a: Swanna|atk|1\n|move|p1a: Swanna|Defog|p2a: Qwilfish\n|-unboost|p2a: Qwilfish|evasion|1\n|-sideend|p1: thuggernaut|Stealth Rock|[from] move: Defog|[of] p1a: Swanna\n|\n|upkeep\n|turn|4\n|\n|t:|1781395751\n|move|p1a: Swanna|Hydro Pump|p2a: Qwilfish\n|-damage|p2a: Qwilfish|138/244\n|move|p2a: Qwilfish|Gunk Shot|p1a: Swanna\n|-damage|p1a: Swanna|140/278\n|\n|upkeep\n|turn|5\n|\n|t:|1781395758\n|switch|p1a: Donphan|Donphan, L84, M|288/288\n|move|p2a: Qwilfish|Gunk Shot|p1a: Donphan|[miss]\n|-miss|p2a: Qwilfish|p1a: Donphan\n|\n|upkeep\n|turn|6\n|\n|t:|1781395765\n|move|p2a: Qwilfish|Taunt|p1a: Donphan\n|-start|p1a: Donphan|move: Taunt\n|move|p1a: Donphan|Knock Off|p2a: Qwilfish\n|-resisted|p2a: Qwilfish\n|-damage|p2a: Qwilfish|98/244\n|-enditem|p2a: Qwilfish|Eviolite|[from] move: Knock Off|[of] p1a: Donphan\n|\n|upkeep\n|turn|7\n|\n|t:|1781395773\n|move|p2a: Qwilfish|Gunk Shot|p1a: Donphan\n|-resisted|p1a: Donphan\n|-damage|p1a: Donphan|241/288\n|move|p1a: Donphan|Knock Off|p2a: Qwilfish\n|-resisted|p2a: Qwilfish\n|-damage|p2a: Qwilfish|52/244\n|\n|upkeep\n|turn|8\n|\n|t:|1781395788\n|switch|p1a: Zapdos|Zapdos, L78|268/268\n|move|p2a: Qwilfish|Spikes|p1a: Zapdos\n|-sidestart|p1: thuggernaut|Spikes\n|\n|upkeep\n|turn|9\n|\n|t:|1781395794\n|move|p1a: Zapdos|Thunderbolt|p2a: Qwilfish\n|-damage|p2a: Qwilfish|0 fnt\n|faint|p2a: Qwilfish\n|\n|upkeep\n|\n|t:|1781395809\n|switch|p2a: Overqwil|Overqwil, L82, F|274/274\n|-ability|p2a: Overqwil|Intimidate|boost\n|-unboost|p1a: Zapdos|atk|1\n|turn|10\n|\n|t:|1781395817\n|move|p1a: Zapdos|Hurricane|p2a: Overqwil\n|-damage|p2a: Overqwil|120/274\n|move|p2a: Overqwil|Gunk Shot|p1a: Zapdos\n|-damage|p1a: Zapdos|73/268\n|-damage|p2a: Overqwil|93/274|[from] item: Life Orb\n|\n|upkeep\n|turn|11\n|\n|t:|1781395824\n|move|p1a: Zapdos|Thunderbolt|p2a: Overqwil\n|-damage|p2a: Overqwil|0 fnt\n|faint|p2a: Overqwil\n|\n|upkeep\n|\n|t:|1781395833\n|switch|p2a: Vigoroth|Vigoroth, L85, F|275/275\n|turn|12\n|inactive|Battle timer is ON: inactive players will automatically lose when time's up. (requested by thuggernaut)\n|\n|t:|1781395839\n|move|p2a: Vigoroth|Body Slam|p1a: Zapdos\n|-damage|p1a: Zapdos|0 fnt\n|-status|p2a: Vigoroth|par|[from] ability: Static|[of] p1a: Zapdos\n|faint|p1a: Zapdos\n|\n|upkeep\n|\n|t:|1781395849\n|switch|p1a: Pikachu|Pikachu-Kalos, L93, M|163/216\n|-damage|p1a: Pikachu|136/216|[from] Spikes\n|turn|13\n|c|\u2606memebraker|0 poison\n|c|\u2606memebraker|1 paralyze\n|\n|t:|1781395869\n|move|p1a: Pikachu|Knock Off|p2a: Vigoroth\n|-damage|p2a: Vigoroth|190/275 par\n|-enditem|p2a: Vigoroth|Eviolite|[from] move: Knock Off|[of] p1a: Pikachu\n|cant|p2a: Vigoroth|par\n|\n|upkeep\n|turn|14\n|\n|t:|1781395876\n|move|p1a: Pikachu|Volt Tackle|p2a: Vigoroth\n|-damage|p2a: Vigoroth|0 fnt\n|faint|p2a: Vigoroth\n|-damage|p1a: Pikachu|73/216|[from] Recoil\n|\n|upkeep\n|\n|t:|1781395879\n|switch|p2a: Palafin|Palafin, L77, M|281/281\n|turn|15\n|\n|t:|1781395883\n|move|p2a: Palafin|Jet Punch|p1a: Pikachu\n|-damage|p1a: Pikachu|0 fnt\n|faint|p1a: Pikachu\n|\n|upkeep\n|\n|t:|1781395892\n|switch|p1a: Haxorus|Haxorus, L77, F|244/244\n|-damage|p1a: Haxorus|214/244|[from] Spikes\n|-ability|p1a: Haxorus|Mold Breaker\n|turn|16\n|\n|t:|1781395896\n|detailschange|p2a: Palafin|Palafin-Hero, L77, M\n|switch|p2a: Gogoat|Gogoat, L88, M|320/360\n|move|p1a: Haxorus|Swords Dance|p1a: Haxorus\n|-boost|p1a: Haxorus|atk|2\n|\n|-heal|p2a: Gogoat|342/360|[from] item: Leftovers\n|upkeep\n|turn|17\n|\n|t:|1781395923\n|move|p1a: Haxorus|Scale Shot|p2a: Gogoat\n|-damage|p2a: Gogoat|270/360\n|-damage|p2a: Gogoat|194/360\n|-damage|p2a: Gogoat|124/360\n|-damage|p2a: Gogoat|40/360\n|-damage|p2a: Gogoat|0 fnt\n|faint|p2a: Gogoat\n|-hitcount|p2: Gogoat|5\n|-unboost|p1a: Haxorus|def|1\n|-boost|p1a: Haxorus|spe|1\n|\n|upkeep\n|\n|t:|1781395945\n|switch|p2a: Perrserker|Perrserker, L89, M|107/269\n|turn|18\n|\n|t:|1781395950\n|move|p1a: Haxorus|Earthquake|p2a: Perrserker\n|-supereffective|p2a: Perrserker\n|-damage|p2a: Perrserker|0 fnt\n|faint|p2a: Perrserker\n|\n|upkeep\n|\n|t:|1781395953\n|switch|p2a: Palafin|Palafin-Hero, L77, M|281/281\n|-activate|p2a: Palafin|ability: Zero to Hero\n|turn|19\n|\n|t:|1781395969\n|-terastallize|p2a: Palafin|Water\n|move|p2a: Palafin|Jet Punch|p1a: Haxorus\n|-resisted|p1a: Haxorus\n|-damage|p1a: Haxorus|77/244\n|move|p1a: Haxorus|Scale Shot|p2a: Palafin\n|-damage|p2a: Palafin|217/281\n|-damage|p2a: Palafin|157/281\n|-damage|p2a: Palafin|91/281\n|-damage|p2a: Palafin|27/281\n|-hitcount|p2a: Palafin|4\n|-unboost|p1a: Haxorus|def|1\n|-boost|p1a: Haxorus|spe|1\n|\n|upkeep\n|turn|20\n|\n|t:|1781395978\n|move|p2a: Palafin|Jet Punch|p1a: Haxorus\n|-resisted|p1a: Haxorus\n|-damage|p1a: Haxorus|0 fnt\n|faint|p1a: Haxorus\n|\n|upkeep\n|\n|t:|1781395984\n|switch|p1a: Swanna|Swanna, L89, M|140/278\n|turn|21\n|\n|t:|1781395986\n|move|p2a: Palafin|Jet Punch|p1a: Swanna\n|-resisted|p1a: Swanna\n|-damage|p1a: Swanna|51/278\n|move|p1a: Swanna|Brave Bird|p2a: Palafin\n|-damage|p2a: Palafin|0 fnt\n|faint|p2a: Palafin\n|-damage|p1a: Swanna|42/278|[from] Recoil\n|\n|win|thuggernaut\n", "inputlog": ">version a8376a258c1d4662feba110a92103f3664a72141\n>start {\"formatid\":\"gen9randombattle\",\"seed\":\"sodium,5cbb6270584e95c05489f84342ae3feb\",\"rated\":\"Rated battle\"}\n>player p1 {\"name\":\"thuggernaut\",\"avatar\":\"102\",\"rating\":2067,\"seed\":\"sodium,3378151adeb8389fe62cc16a0264d9b4\"}\n>player p2 {\"name\":\"memebraker\",\"avatar\":\"bugcatcher-gen4dp\",\"rating\":2181,\"seed\":\"sodium,265fddb8f7e5a742de676b9ad9fb69c4\"}\n>p1 move volttackle\n>p2 move stealthrock\n>p1 move voltswitch\n>p2 switch 6\n>p1 switch 4\n>p1 move defog\n>p2 switch 3\n>p1 move hydropump\n>p2 move gunkshot\n>p1 switch 6\n>p2 move gunkshot\n>p1 move knockoff\n>p2 move taunt\n>p1 move knockoff\n>p2 move gunkshot\n>p1 switch 2\n>p2 move spikes\n>p1 move thunderbolt\n>p2 move gunkshot\n>p2 switch 2\n>p1 move hurricane\n>p2 move gunkshot\n>p1 move thunderbolt\n>p2 move crunch\n>p2 switch 4\n>p1 move roost\n>p2 move bodyslam\n>p1 switch 4\n>chat \u2606memebraker|0 poison\n>chat \u2606memebraker|1 paralyze\n>p1 move knockoff\n>p2 move bodyslam\n>p1 move volttackle\n>p2 move bodyslam\n>p2 switch 5\n>p1 move volttackle\n>p2 move jetpunch\n>p1 switch 5\n>p1 move swordsdance\n>p2 switch 3\n>p1 move scaleshot\n>p2 move earthquake\n>p2 switch 6\n>p1 move earthquake\n>p2 move ironhead\n>p2 switch 3\n>p1 move scaleshot\n>p2 move jetpunch terastallize\n>p1 move earthquake\n>p2 move jetpunch\n>p1 switch 6\n>p1 move bravebird\n>p2 move jetpunch", "uploadtime": 1781395687, "views": 5, "formatid": "gen9randombattle", "rating": null, "private": 0, "password": null}