{"id": "gen9randombattle-2631725821", "format": "[Gen 9] Random Battle", "players": ["Oginotakashi", "hong hoornstaart"], "log": "|j|\u2606Oginotakashi\n|j|\u2606hong hoornstaart\n|t:|1781429242\n|gametype|singles\n|player|p1|Oginotakashi|1|2233\n|player|p2|hong hoornstaart|medium|2202\n|gen|9\n|tier|[Gen 9] Random Battle\n|rated|\n|rule|Species Clause: Limit one of each Pok\u00e9mon\n|rule|HP Percentage Mod: HP is shown in percentages\n|rule|Sleep Clause Mod: Limit one foe put to sleep\n|rule|Illusion Level Mod: Illusion disguises the Pok\u00e9mon's true level\n|\n|t:|1781429242\n|teamsize|p1|6\n|teamsize|p2|6\n|start\n|switch|p1a: Thundurus|Thundurus-Therian, L80, M|258/258\n|switch|p2a: Ribombee|Ribombee, L83, M|235/235\n|turn|1\n|inactive|Battle timer is ON: inactive players will automatically lose when time's up. (requested by Oginotakashi)\n|\n|t:|1781429260\n|move|p2a: Ribombee|Sticky Web|p1a: Thundurus\n|-sidestart|p1: Oginotakashi|move: Sticky Web\n|move|p1a: Thundurus|Thunderbolt|p2a: Ribombee\n|-damage|p2a: Ribombee|22/235\n|\n|upkeep\n|turn|2\n|\n|t:|1781429273\n|move|p2a: Ribombee|Moonblast|p1a: Thundurus\n|-damage|p1a: Thundurus|150/258\n|move|p1a: Thundurus|Thunderbolt|p2a: Ribombee\n|-damage|p2a: Ribombee|0 fnt\n|faint|p2a: Ribombee\n|\n|upkeep\n|c|\u2606Oginotakashi|GG\n|\n|t:|1781429282\n|switch|p2a: Mismagius|Mismagius, L86, M|243/243\n|turn|3\n|\n|t:|1781429286\n|move|p2a: Mismagius|Nasty Plot|p2a: Mismagius\n|-boost|p2a: Mismagius|spa|2\n|move|p1a: Thundurus|Thunderbolt|p2a: Mismagius\n|-damage|p2a: Mismagius|75/243\n|\n|-heal|p2a: Mismagius|90/243|[from] item: Leftovers\n|upkeep\n|turn|4\n|\n|t:|1781429293\n|switch|p1a: Chien-Pao|Chien-Pao, L72|234/234\n|-activate|p1a: Chien-Pao|move: Sticky Web\n|-unboost|p1a: Chien-Pao|spe|1\n|-ability|p1a: Chien-Pao|Sword of Ruin\n|move|p2a: Mismagius|Shadow Ball|p1a: Chien-Pao\n|-resisted|p1a: Chien-Pao\n|-damage|p1a: Chien-Pao|99/234\n|\n|-heal|p2a: Mismagius|105/243|[from] item: Leftovers\n|upkeep\n|turn|5\n|\n|t:|1781429297\n|move|p1a: Chien-Pao|Ice Shard|p2a: Mismagius\n|-damage|p2a: Mismagius|9/243\n|move|p2a: Mismagius|Substitute|p2a: Mismagius\n|-fail|p2a: Mismagius|move: Substitute|[weak]\n|\n|-heal|p2a: Mismagius|24/243|[from] item: Leftovers\n|upkeep\n|turn|6\n|\n|t:|1781429301\n|switch|p2a: Magnezone|Magnezone, L85|258/258\n|move|p1a: Chien-Pao|Ice Shard|p2a: Magnezone\n|-resisted|p2a: Magnezone\n|-damage|p2a: Magnezone|230/258\n|\n|upkeep\n|turn|7\n|\n|t:|1781429317\n|switch|p1a: Garchomp|Garchomp, L74, F|282/282\n|-activate|p1a: Garchomp|move: Sticky Web\n|-unboost|p1a: Garchomp|spe|1\n|switch|p2a: Pikachu|Pikachu, L93, M|216/216\n|\n|upkeep\n|turn|8\n|\n|t:|1781429334\n|switch|p2a: Zacian|Zacian, L69|241/241\n|-ability|p2a: Zacian|Intrepid Sword|boost\n|-boost|p2a: Zacian|atk|1\n|move|p1a: Garchomp|Iron Head|p2a: Zacian\n|-supereffective|p2a: Zacian\n|-damage|p2a: Zacian|137/241\n|\n|upkeep\n|turn|9\n|\n|t:|1781429339\n|switch|p1a: Revavroom|Revavroom, L79, F|256/256\n|-activate|p1a: Revavroom|move: Sticky Web\n|-unboost|p1a: Revavroom|spe|1\n|move|p2a: Zacian|Play Rough|p1a: Revavroom\n|-resisted|p1a: Revavroom\n|-damage|p1a: Revavroom|212/256\n|\n|upkeep\n|turn|10\n|\n|t:|1781429346\n|switch|p2a: Magnezone|Magnezone, L85|230/258\n|move|p1a: Revavroom|Shift Gear|p1a: Revavroom\n|-boost|p1a: Revavroom|spe|2\n|-boost|p1a: Revavroom|atk|1\n|\n|upkeep\n|turn|11\n|\n|t:|1781429350\n|-terastallize|p2a: Magnezone|Flying\n|move|p1a: Revavroom|High Horsepower|p2a: Magnezone\n|-immune|p2a: Magnezone\n|move|p2a: Magnezone|Thunderbolt|p1a: Revavroom\n|-damage|p1a: Revavroom|17/256\n|\n|upkeep\n|turn|12\n|\n|t:|1781429358\n|move|p1a: Revavroom|Gunk Shot|p2a: Magnezone\n|-damage|p2a: Magnezone|10/258\n|-damage|p1a: Revavroom|0 fnt|[from] item: Life Orb\n|faint|p1a: Revavroom\n|move|p2a: Magnezone|Volt Switch|p1: Revavroom|[notarget]\n|-fail|p2a: Magnezone\n|\n|upkeep\n|\n|t:|1781429367\n|switch|p1a: Chien-Pao|Chien-Pao, L72|99/234\n|-activate|p1a: Chien-Pao|move: Sticky Web\n|-unboost|p1a: Chien-Pao|spe|1\n|-ability|p1a: Chien-Pao|Sword of Ruin\n|turn|13\n|\n|t:|1781429375\n|switch|p2a: Mismagius|Mismagius, L86, M|24/243\n|move|p1a: Chien-Pao|Ice Shard|p2a: Mismagius\n|-damage|p2a: Mismagius|0 fnt\n|faint|p2a: Mismagius\n|\n|upkeep\n|\n|t:|1781429378\n|switch|p2a: Zacian|Zacian, L69|137/241\n|turn|14\n|\n|t:|1781429385\n|move|p1a: Chien-Pao|Ice Shard|p2a: Zacian\n|-damage|p2a: Zacian|61/241\n|move|p2a: Zacian|Play Rough|p1a: Chien-Pao\n|-supereffective|p1a: Chien-Pao\n|-damage|p1a: Chien-Pao|0 fnt\n|faint|p1a: Chien-Pao\n|\n|upkeep\n|\n|t:|1781429394\n|switch|p1a: Zacian|Zacian, L69|241/241\n|-activate|p1a: Zacian|move: Sticky Web\n|-unboost|p1a: Zacian|spe|1\n|-ability|p1a: Zacian|Intrepid Sword|boost\n|-boost|p1a: Zacian|atk|1\n|turn|15\n|\n|t:|1781429402\n|move|p2a: Zacian|Play Rough|p1a: Zacian\n|-damage|p1a: Zacian|126/241\n|-unboost|p1a: Zacian|atk|1\n|move|p1a: Zacian|Play Rough|p2a: Zacian\n|-damage|p2a: Zacian|0 fnt\n|faint|p2a: Zacian\n|-damage|p1a: Zacian|102/241|[from] item: Life Orb\n|\n|upkeep\n|inactive|hong hoornstaart has 120 seconds left.\n|\n|t:|1781429441\n|switch|p2a: Pikachu|Pikachu, L93, M|216/216\n|turn|16\n|\n|t:|1781429445\n|move|p2a: Pikachu|Fake Out|p1a: Zacian\n|-damage|p1a: Zacian|56/241\n|cant|p1a: Zacian|flinch\n|\n|upkeep\n|turn|17\n|\n|t:|1781429447\n|move|p2a: Pikachu|Surf|p1a: Zacian\n|-damage|p1a: Zacian|0 fnt\n|faint|p1a: Zacian\n|\n|upkeep\n|\n|t:|1781429453\n|switch|p1a: Garchomp|Garchomp, L74, F|282/282\n|-activate|p1a: Garchomp|move: Sticky Web\n|-unboost|p1a: Garchomp|spe|1\n|turn|18\n|\n|t:|1781429457\n|switch|p2a: Magnezone|Magnezone, L85, tera:Flying|10/258\n|move|p1a: Garchomp|Earthquake|p2a: Magnezone\n|-immune|p2a: Magnezone\n|\n|upkeep\n|turn|19\n|\n|t:|1781429462\n|move|p2a: Magnezone|Flash Cannon|p1a: Garchomp\n|-damage|p1a: Garchomp|149/282\n|move|p1a: Garchomp|Iron Head|p2a: Magnezone\n|-damage|p2a: Magnezone|0 fnt\n|faint|p2a: Magnezone\n|\n|upkeep\n|\n|t:|1781429466\n|switch|p2a: Koraidon|Koraidon, L64|235/235\n|-weather|SunnyDay|[from] ability: Orichalcum Pulse|[of] p2a: Koraidon\n|-activate|p2a: Koraidon|Orichalcum Pulse|[source]\n|turn|20\n|\n|t:|1781429469\n|move|p2a: Koraidon|Scale Shot|p1a: Garchomp\n|-supereffective|p1a: Garchomp\n|-damage|p1a: Garchomp|87/282\n|-supereffective|p1a: Garchomp\n|-damage|p1a: Garchomp|21/282\n|-supereffective|p1a: Garchomp\n|-damage|p1a: Garchomp|0 fnt\n|faint|p1a: Garchomp\n|-hitcount|p1: Garchomp|3\n|-unboost|p2a: Koraidon|def|1\n|-boost|p2a: Koraidon|spe|1\n|\n|-weather|SunnyDay|[upkeep]\n|upkeep\n|\n|t:|1781429474\n|switch|p1a: Thundurus|Thundurus-Therian, L80, M|150/258\n|turn|21\n|\n|t:|1781429478\n|-terastallize|p1a: Thundurus|Psychic\n|move|p2a: Koraidon|Flare Blitz|p1a: Thundurus\n|-damage|p1a: Thundurus|0 fnt\n|faint|p1a: Thundurus\n|-damage|p2a: Koraidon|185/235|[from] Recoil\n|\n|-weather|SunnyDay|[upkeep]\n|upkeep\n|-message|Oginotakashi forfeited.\n|\n|win|hong hoornstaart\n", "inputlog": ">version a8376a258c1d4662feba110a92103f3664a72141\n>start {\"formatid\":\"gen9randombattle\",\"seed\":\"sodium,10ca14c7134328db582413eef4e7753a\",\"rated\":\"Rated battle\"}\n>player p1 {\"name\":\"Oginotakashi\",\"avatar\":\"1\",\"rating\":2233,\"seed\":\"sodium,b1e1a0fad76387548a0b5c71106ad2ad\"}\n>player p2 {\"name\":\"hong hoornstaart\",\"avatar\":\"medium\",\"rating\":2202,\"seed\":\"sodium,a90e7ca43e6380bf92648597d412005a\"}\n>p1 move thunderbolt\n>p2 move stickyweb\n>p1 move thunderbolt\n>p2 move moonblast\n>chat \u2606Oginotakashi|GG\n>p2 switch 6\n>p1 move thunderbolt\n>p2 move nastyplot\n>p1 switch 3\n>p2 move shadowball\n>p1 move iceshard\n>p2 move substitute\n>p1 move iceshard\n>p2 switch 3\n>p1 switch 4\n>p2 switch 2\n>p1 move ironhead\n>p2 switch 5\n>p1 switch 6\n>p2 move playrough\n>p1 move shiftgear\n>p2 switch 2\n>p1 move highhorsepower\n>p2 move thunderbolt terastallize\n>p1 move gunkshot\n>p2 move voltswitch\n>p1 switch 4\n>p1 move iceshard\n>p2 switch 3\n>p2 switch 2\n>p1 move iceshard\n>p2 move playrough\n>p1 switch 2\n>p1 move playrough\n>p2 move playrough\n>p2 switch 5\n>p1 move playrough\n>p2 move fakeout\n>p1 move playrough\n>p2 move surf\n>p1 switch 6\n>p1 move earthquake\n>p2 switch 3\n>p1 move ironhead\n>p2 move flashcannon\n>p2 switch 4\n>p1 move scaleshot\n>p2 move scaleshot\n>p1 switch 3\n>p1 move psychic terastallize\n>p2 move flareblitz\n>forcelose p1", "uploadtime": 1781429244, "views": 7, "formatid": "gen9randombattle", "rating": null, "private": 0, "password": null}