{"id": "gen9randombattle-2631567429", "format": "[Gen 9] Random Battle", "players": ["TheFineMantine", "Magikarpitalism"], "log": "|j|\u2606TheFineMantine\n|j|\u2606Magikarpitalism\n|t:|1781402364\n|gametype|singles\n|player|p1|TheFineMantine|sordward|2253\n|player|p2|Magikarpitalism|steven|2134\n|gen|9\n|tier|[Gen 9] Random Battle\n|rated|\n|rule|Species Clause: Limit one of each Pok\u00e9mon\n|rule|HP Percentage Mod: HP is shown in percentages\n|rule|Sleep Clause Mod: Limit one foe put to sleep\n|rule|Illusion Level Mod: Illusion disguises the Pok\u00e9mon's true level\n|\n|t:|1781402364\n|teamsize|p1|6\n|teamsize|p2|6\n|start\n|switch|p1a: Wyrdeer|Wyrdeer, L87, F|321/321\n|switch|p2a: Glastrier|Glastrier, L86|312/312\n|-ability|p1a: Wyrdeer|Intimidate|boost\n|-unboost|p2a: Glastrier|atk|1\n|turn|1\n|\n|t:|1781402383\n|move|p1a: Wyrdeer|Thunder Wave|p2a: Glastrier\n|-status|p2a: Glastrier|par\n|cant|p2a: Glastrier|par\n|\n|upkeep\n|turn|2\n|inactive|Battle timer is ON: inactive players will automatically lose when time's up. (requested by TheFineMantine)\n|inactive|Magikarpitalism has 120 seconds left.\n|\n|t:|1781402434\n|switch|p1a: Kricketune|Kricketune, L99, F|312/312\n|move|p2a: Glastrier|Swords Dance|p2a: Glastrier\n|-boost|p2a: Glastrier|atk|2\n|\n|upkeep\n|turn|3\n|\n|t:|1781402448\n|move|p1a: Kricketune|Sticky Web|p2a: Glastrier\n|-sidestart|p2: Magikarpitalism|move: Sticky Web\n|move|p2a: Glastrier|Icicle Crash|p1a: Kricketune\n|-damage|p1a: Kricketune|65/312\n|\n|upkeep\n|turn|4\n|\n|t:|1781402473\n|move|p1a: Kricketune|Pounce|p2a: Glastrier\n|-damage|p2a: Glastrier|246/312 par\n|-unboost|p2a: Glastrier|spe|1\n|move|p2a: Glastrier|Icicle Crash|p1a: Kricketune\n|-damage|p1a: Kricketune|0 fnt\n|faint|p1a: Kricketune\n|-ability|p2a: Glastrier|Chilling Neigh|boost\n|-boost|p2a: Glastrier|atk|1\n|\n|upkeep\n|\n|t:|1781402483\n|switch|p1a: Quagsire|Quagsire, L84, M|297/297\n|turn|5\n|\n|t:|1781402488\n|move|p1a: Quagsire|Earthquake|p2a: Glastrier\n|-damage|p2a: Glastrier|183/312 par\n|move|p2a: Glastrier|Icicle Crash|p1a: Quagsire\n|-damage|p1a: Quagsire|159/297\n|\n|-heal|p1a: Quagsire|177/297|[from] item: Leftovers\n|upkeep\n|turn|6\n|\n|t:|1781402504\n|move|p1a: Quagsire|Earthquake|p2a: Glastrier\n|-crit|p2a: Glastrier\n|-damage|p2a: Glastrier|75/312 par\n|cant|p2a: Glastrier|par\n|\n|-heal|p1a: Quagsire|195/297|[from] item: Leftovers\n|upkeep\n|turn|7\n|\n|t:|1781402518\n|move|p1a: Quagsire|Earthquake|p2a: Glastrier\n|-damage|p2a: Glastrier|5/312 par\n|cant|p2a: Glastrier|par\n|\n|-heal|p1a: Quagsire|213/297|[from] item: Leftovers\n|upkeep\n|turn|8\n|inactive|Magikarpitalism has 120 seconds left.\n|inactive|Magikarpitalism has 90 seconds left.\n|\n|t:|1781402605\n|move|p1a: Quagsire|Earthquake|p2a: Glastrier\n|-damage|p2a: Glastrier|0 fnt\n|faint|p2a: Glastrier\n|\n|-heal|p1a: Quagsire|231/297|[from] item: Leftovers\n|upkeep\n|\n|t:|1781402611\n|switch|p2a: Garganacl|Garganacl, L80, F|291/291\n|-activate|p2a: Garganacl|move: Sticky Web\n|-unboost|p2a: Garganacl|spe|1\n|turn|9\n|\n|t:|1781402623\n|move|p1a: Quagsire|Earthquake|p2a: Garganacl\n|-supereffective|p2a: Garganacl\n|-damage|p2a: Garganacl|139/291\n|move|p2a: Garganacl|Salt Cure|p1a: Quagsire\n|-resisted|p1a: Quagsire\n|-damage|p1a: Quagsire|211/297\n|-start|p1a: Quagsire|Salt Cure\n|\n|-heal|p1a: Quagsire|229/297|[from] item: Leftovers\n|-heal|p2a: Garganacl|157/291|[from] item: Leftovers\n|-damage|p1a: Quagsire|155/297|[from] Salt Cure\n|upkeep\n|turn|10\n|\n|t:|1781402639\n|switch|p1a: Camerupt|Camerupt, L91, F|275/275\n|move|p2a: Garganacl|Recover|p2a: Garganacl\n|-heal|p2a: Garganacl|291/291\n|\n|upkeep\n|turn|11\n|inactive|Magikarpitalism has 60 seconds left.\n|\n|t:|1781402673\n|move|p1a: Camerupt|Stealth Rock|p2a: Garganacl\n|-sidestart|p2: Magikarpitalism|move: Stealth Rock\n|move|p2a: Garganacl|Salt Cure|p1a: Camerupt\n|-damage|p1a: Camerupt|229/275\n|-start|p1a: Camerupt|Salt Cure\n|\n|-heal|p1a: Camerupt|246/275|[from] item: Leftovers\n|-damage|p1a: Camerupt|212/275|[from] Salt Cure\n|upkeep\n|turn|12\n|\n|t:|1781402679\n|move|p1a: Camerupt|Earthquake|p2a: Garganacl\n|-supereffective|p2a: Garganacl\n|-damage|p2a: Garganacl|87/291\n|move|p2a: Garganacl|Body Press|p1a: Camerupt\n|-damage|p1a: Camerupt|135/275\n|\n|-heal|p1a: Camerupt|152/275|[from] item: Leftovers\n|-heal|p2a: Garganacl|105/291|[from] item: Leftovers\n|-damage|p1a: Camerupt|118/275|[from] Salt Cure\n|upkeep\n|turn|13\n|inactive|Magikarpitalism has 60 seconds left.\n|\n|t:|1781402708\n|move|p2a: Garganacl|Protect|p2a: Garganacl\n|-singleturn|p2a: Garganacl|Protect\n|move|p1a: Camerupt|Earthquake|p2a: Garganacl\n|-activate|p2a: Garganacl|move: Protect\n|\n|-heal|p1a: Camerupt|135/275|[from] item: Leftovers\n|-heal|p2a: Garganacl|123/291|[from] item: Leftovers\n|-damage|p1a: Camerupt|101/275|[from] Salt Cure\n|upkeep\n|turn|14\n|\n|t:|1781402712\n|switch|p2a: Gliscor|Gliscor, L76, M|239/239\n|-damage|p2a: Gliscor|210/239|[from] Stealth Rock\n|move|p1a: Camerupt|Earthquake|p2a: Gliscor\n|-immune|p2a: Gliscor\n|\n|-heal|p1a: Camerupt|118/275|[from] item: Leftovers\n|-damage|p1a: Camerupt|84/275|[from] Salt Cure\n|-status|p2a: Gliscor|tox|[from] item: Toxic Orb\n|upkeep\n|turn|15\n|inactive|Magikarpitalism has 60 seconds left.\n|inactive|Magikarpitalism has 30 seconds left.\n|inactive|Magikarpitalism has 20 seconds left.\n|inactive|Magikarpitalism has 15 seconds left.\n|inactive|Magikarpitalism has 10 seconds left.\n|\n|t:|1781402772\n|switch|p1a: Quagsire|Quagsire, L84, M|155/297\n|move|p2a: Gliscor|Protect||[still]\n|-fail|p2a: Gliscor\n|\n|-heal|p1a: Quagsire|173/297|[from] item: Leftovers\n|-heal|p2a: Gliscor|239/239 tox|[from] ability: Poison Heal\n|upkeep\n|turn|16\n|inactive|Magikarpitalism has 20 seconds left this turn.\n|\n|t:|1781402776\n|move|p2a: Gliscor|Protect|p2a: Gliscor\n|-singleturn|p2a: Gliscor|Protect\n|move|p1a: Quagsire|Ice Beam|p2a: Gliscor\n|-activate|p2a: Gliscor|move: Protect\n|\n|-heal|p1a: Quagsire|191/297|[from] item: Leftovers\n|upkeep\n|turn|17\n|inactive|Magikarpitalism has 30 seconds left this turn.\n|\n|t:|1781402781\n|-terastallize|p2a: Gliscor|Water\n|move|p2a: Gliscor|Toxic|p1a: Quagsire\n|-status|p1a: Quagsire|tox\n|move|p1a: Quagsire|Ice Beam|p2a: Gliscor\n|-resisted|p2a: Gliscor\n|-damage|p2a: Gliscor|211/239 tox\n|\n|-heal|p1a: Quagsire|209/297 tox|[from] item: Leftovers\n|-heal|p2a: Gliscor|239/239 tox|[from] ability: Poison Heal\n|-damage|p1a: Quagsire|191/297 tox|[from] psn\n|upkeep\n|turn|18\n|\n|t:|1781402793\n|move|p2a: Gliscor|Knock Off|p1a: Quagsire\n|-crit|p1a: Quagsire\n|-damage|p1a: Quagsire|101/297 tox\n|-enditem|p1a: Quagsire|Leftovers|[from] move: Knock Off|[of] p2a: Gliscor\n|move|p1a: Quagsire|Earthquake|p2a: Gliscor\n|-damage|p2a: Gliscor|155/239 tox\n|\n|-heal|p2a: Gliscor|184/239 tox|[from] ability: Poison Heal\n|-damage|p1a: Quagsire|65/297 tox|[from] psn\n|upkeep\n|turn|19\n|inactive|Magikarpitalism has 30 seconds left.\n|\n|t:|1781402811\n|move|p2a: Gliscor|Earthquake|p1a: Quagsire\n|-damage|p1a: Quagsire|0 fnt\n|faint|p1a: Quagsire\n|\n|-heal|p2a: Gliscor|213/239 tox|[from] ability: Poison Heal\n|upkeep\n|\n|t:|1781402818\n|switch|p1a: Wyrdeer|Wyrdeer, L87, F|321/321\n|-ability|p1a: Wyrdeer|Intimidate|boost\n|-unboost|p2a: Gliscor|atk|1\n|turn|20\n|inactive|Magikarpitalism has 30 seconds left.\n|inactive|Magikarpitalism has 20 seconds left.\n|inactive|Magikarpitalism has 15 seconds left.\n|\n|t:|1781402852\n|move|p2a: Gliscor|Protect|p2a: Gliscor\n|-singleturn|p2a: Gliscor|Protect\n|move|p1a: Wyrdeer|Psychic Noise|p2a: Gliscor\n|-activate|p2a: Gliscor|move: Protect\n|\n|-heal|p2a: Gliscor|239/239 tox|[from] ability: Poison Heal\n|upkeep\n|turn|21\n|inactive|Magikarpitalism has 25 seconds left this turn.\n|inactive|Magikarpitalism has 20 seconds left.\n|\n|t:|1781402861\n|switch|p2a: Grumpig|Grumpig, L92, F|297/297\n|-activate|p2a: Grumpig|move: Sticky Web\n|-unboost|p2a: Grumpig|spe|1\n|-damage|p2a: Grumpig|260/297|[from] Stealth Rock\n|move|p1a: Wyrdeer|Psychic Noise|p2a: Grumpig\n|-resisted|p2a: Grumpig\n|-damage|p2a: Grumpig|226/297\n|-start|p2a: Grumpig|move: Heal Block\n|\n|upkeep\n|turn|22\n|inactive|Magikarpitalism has 30 seconds left this turn.\n|\n|t:|1781402867\n|move|p1a: Wyrdeer|Megahorn|p2a: Grumpig\n|-supereffective|p2a: Grumpig\n|-damage|p2a: Grumpig|16/297\n|move|p2a: Grumpig|Nasty Plot|p2a: Grumpig\n|-boost|p2a: Grumpig|spa|2\n|\n|-end|p2a: Grumpig|move: Heal Block\n|upkeep\n|turn|23\n|\n|t:|1781402872\n|move|p1a: Wyrdeer|Psychic Noise|p2a: Grumpig\n|-resisted|p2a: Grumpig\n|-damage|p2a: Grumpig|0 fnt\n|faint|p2a: Grumpig\n|\n|upkeep\n|inactive|Magikarpitalism has 30 seconds left.\n|\n|t:|1781402890\n|switch|p2a: Ursaring|Ursaring, L84, M|288/288\n|-activate|p2a: Ursaring|move: Sticky Web\n|-unboost|p2a: Ursaring|spe|1\n|-damage|p2a: Ursaring|252/288|[from] Stealth Rock\n|turn|24\n|inactive|Magikarpitalism has 30 seconds left.\n|\n|t:|1781402898\n|switch|p1a: Camerupt|Camerupt, L91, F|84/275\n|move|p2a: Ursaring|Swords Dance|p2a: Ursaring\n|-boost|p2a: Ursaring|atk|2\n|\n|-heal|p1a: Camerupt|101/275|[from] item: Leftovers\n|-status|p2a: Ursaring|tox|[from] item: Toxic Orb\n|upkeep\n|turn|25\n|\n|t:|1781402903\n|move|p2a: Ursaring|Facade|p1a: Camerupt\n|-damage|p1a: Camerupt|0 fnt\n|faint|p1a: Camerupt\n|\n|-damage|p2a: Ursaring|234/288 tox|[from] psn\n|upkeep\n|\n|t:|1781402906\n|switch|p1a: Wyrdeer|Wyrdeer, L87, F|321/321\n|-ability|p1a: Wyrdeer|Intimidate|boost\n|-unboost|p2a: Ursaring|atk|1\n|turn|26\n|\n|t:|1781402921\n|switch|p1a: Arceus|Arceus-Flying, L69|279/279\n|move|p2a: Ursaring|Crunch|p1a: Arceus\n|-damage|p1a: Arceus|169/279\n|\n|-damage|p2a: Ursaring|198/288 tox|[from] psn\n|upkeep\n|turn|27\n|\n|t:|1781402925\n|switch|p1a: Wyrdeer|Wyrdeer, L87, F|321/321\n|-ability|p1a: Wyrdeer|Intimidate|boost\n|-unboost|p2a: Ursaring|atk|1\n|move|p2a: Ursaring|Facade|p1a: Wyrdeer\n|-damage|p1a: Wyrdeer|110/321\n|\n|-heal|p1a: Wyrdeer|130/321|[from] item: Leftovers\n|-damage|p2a: Ursaring|144/288 tox|[from] psn\n|upkeep\n|turn|28\n|\n|t:|1781402934\n|move|p1a: Wyrdeer|Psychic Noise|p2a: Ursaring\n|-damage|p2a: Ursaring|51/288 tox\n|-start|p2a: Ursaring|move: Heal Block\n|move|p2a: Ursaring|Facade|p1a: Wyrdeer\n|-damage|p1a: Wyrdeer|0 fnt\n|faint|p1a: Wyrdeer\n|\n|-damage|p2a: Ursaring|0 fnt|[from] psn\n|faint|p2a: Ursaring\n|upkeep\n|inactive|Magikarpitalism has 60 seconds left.\n|\n|t:|1781402951\n|switch|p1a: Arceus|Arceus-Flying, L69|169/279\n|switch|p2a: Garganacl|Garganacl, L80, F|123/291\n|-activate|p2a: Garganacl|move: Sticky Web\n|-unboost|p2a: Garganacl|spe|1\n|-damage|p2a: Garganacl|87/291|[from] Stealth Rock\n|turn|29\n|inactive|Magikarpitalism has 60 seconds left.\n|\n|t:|1781402965\n|move|p1a: Arceus|Earth Power|p2a: Garganacl\n|-supereffective|p2a: Garganacl\n|-damage|p2a: Garganacl|0 fnt\n|faint|p2a: Garganacl\n|\n|upkeep\n|\n|t:|1781402968\n|switch|p2a: Minior|Minior-Yellow, L79|224/224\n|-damage|p2a: Minior|168/224|[from] Stealth Rock\n|-formechange|p2a: Minior|Minior-Meteor||[from] ability: Shields Down\n|turn|30\n|\n|t:|1781402976\n|move|p1a: Arceus|Judgment|p2a: Minior\n|-resisted|p2a: Minior\n|-damage|p2a: Minior|118/224\n|move|p2a: Minior|Shell Smash|p2a: Minior\n|-unboost|p2a: Minior|def|1\n|-unboost|p2a: Minior|spd|1\n|-boost|p2a: Minior|atk|2\n|-boost|p2a: Minior|spa|2\n|-boost|p2a: Minior|spe|2\n|-enditem|p2a: Minior|White Herb\n|-clearnegativeboost|p2a: Minior|[silent]\n|\n|upkeep\n|turn|31\n|\n|t:|1781402985\n|move|p2a: Minior|Shell Smash|p2a: Minior\n|-unboost|p2a: Minior|def|1\n|-unboost|p2a: Minior|spd|1\n|-boost|p2a: Minior|atk|2\n|-boost|p2a: Minior|spa|2\n|-boost|p2a: Minior|spe|2\n|move|p1a: Arceus|Calm Mind|p1a: Arceus\n|-boost|p1a: Arceus|spa|1\n|-boost|p1a: Arceus|spd|1\n|\n|upkeep\n|turn|32\n|\n|t:|1781402992\n|move|p2a: Minior|Power Gem|p1a: Arceus\n|-supereffective|p1a: Arceus\n|-damage|p1a: Arceus|0 fnt\n|faint|p1a: Arceus\n|\n|upkeep\n|\n|t:|1781402995\n|switch|p1a: Comfey|Comfey, L85, M|225/225\n|turn|33\n|\n|t:|1781403005\n|move|p2a: Minior|Acrobatics|p1a: Comfey\n|-damage|p1a: Comfey|17/225\n|move|p1a: Comfey|Calm Mind|p1a: Comfey\n|-boost|p1a: Comfey|spa|1\n|-boost|p1a: Comfey|spd|1\n|\n|-heal|p1a: Comfey|31/225|[from] item: Leftovers\n|upkeep\n|turn|34\n|\n|t:|1781403016\n|move|p1a: Comfey|Draining Kiss|p2a: Minior\n|-damage|p2a: Minior|19/224\n|-heal|p1a: Comfey|105/225|[from] drain|[of] p2a: Minior\n|move|p2a: Minior|Acrobatics|p1a: Comfey\n|-crit|p1a: Comfey\n|-damage|p1a: Comfey|0 fnt\n|faint|p1a: Comfey\n|\n|win|Magikarpitalism\n|raw|TheFineMantine's rating: 2253 &rarr; <strong>2226</strong><br />(-27 for losing)\n|raw|Magikarpitalism's rating: 2135 &rarr; <strong>2162</strong><br />(+27 for winning)\n", "inputlog": ">version a8376a258c1d4662feba110a92103f3664a72141\n>start {\"formatid\":\"gen9randombattle\",\"seed\":\"sodium,4748d10dfa2c098551a0bf7a22fdbffd\",\"rated\":\"Rated battle\"}\n>player p1 {\"name\":\"TheFineMantine\",\"avatar\":\"sordward\",\"rating\":2253,\"seed\":\"sodium,7d58dfce832a2509b3568c04f42162ab\"}\n>player p2 {\"name\":\"Magikarpitalism\",\"avatar\":\"steven\",\"rating\":2134,\"seed\":\"sodium,d139fac8305dca0ba270068d1844ee7e\"}\n>p1 move thunderwave\n>p2 move swordsdance\n>p1 switch 2\n>p2 move swordsdance\n>p1 move stickyweb\n>p2 move iciclecrash\n>p1 move pounce\n>p2 move iciclecrash\n>p1 switch 4\n>p1 move earthquake\n>p2 move iciclecrash\n>p1 move earthquake\n>p2 move iciclecrash\n>p1 move earthquake\n>p2 move iciclecrash\n>p1 move earthquake\n>p2 move iciclecrash\n>p2 switch 2\n>p1 move earthquake\n>p2 move saltcure\n>p1 switch 3\n>p2 move recover\n>p1 move stealthrock\n>p2 move saltcure\n>p1 move earthquake\n>p2 move bodypress\n>p1 move earthquake\n>p2 move protect\n>p1 move earthquake\n>p2 switch 4\n>p1 switch 3\n>p2 move protect\n>p1 move icebeam\n>p2 move protect\n>p1 move icebeam\n>p2 move toxic terastallize\n>p1 move earthquake\n>p2 move knockoff\n>p1 move earthquake\n>p2 move earthquake\n>p1 switch 2\n>p1 move psychicnoise\n>p2 move protect\n>p1 move psychicnoise\n>p2 switch 5\n>p1 move megahorn\n>p2 move nastyplot\n>p1 move psychicnoise\n>p2 move dazzlinggleam\n>p2 switch 6\n>p1 switch 3\n>p2 move swordsdance\n>p1 move earthquake\n>p2 move facade\n>p1 switch 3\n>p1 switch 6\n>p2 move crunch\n>p1 switch 6\n>p2 move facade\n>p1 move psychicnoise\n>p2 move facade\n>p1 switch 6\n>p2 switch 4\n>p1 move earthpower\n>p2 move recover\n>p2 switch 3\n>p1 move judgment\n>p2 move shellsmash\n>p1 move calmmind\n>p2 move shellsmash\n>p1 move judgment\n>p2 move powergem\n>p1 switch 5\n>p1 move calmmind\n>p2 move acrobatics\n>p1 move drainingkiss\n>p2 move acrobatics", "uploadtime": 1781402366, "views": 5, "formatid": "gen9randombattle", "rating": 2162, "private": 0, "password": null}