{"id": "gen9randombattle-2631989134", "format": "[Gen 9] Random Battle", "players": ["NYCHomo", "Aminator3000"], "log": "|j|\u2606NYCHomo\n|j|\u2606Aminator3000\n|t:|1781463286\n|gametype|singles\n|player|p1|NYCHomo|101|1922\n|player|p2|Aminator3000|veteran|1915\n|gen|9\n|tier|[Gen 9] Random Battle\n|rated|\n|rule|Species Clause: Limit one of each Pok\u00e9mon\n|rule|HP Percentage Mod: HP is shown in percentages\n|rule|Sleep Clause Mod: Limit one foe put to sleep\n|rule|Illusion Level Mod: Illusion disguises the Pok\u00e9mon's true level\n|\n|t:|1781463286\n|teamsize|p1|6\n|teamsize|p2|6\n|start\n|switch|p1a: Wigglytuff|Wigglytuff, L96, M|424/424\n|switch|p2a: Farigiraf|Farigiraf, L90, F|362/362\n|turn|1\n|inactive|Battle timer is ON: inactive players will automatically lose when time's up. (requested by Aminator3000)\n|\n|t:|1781463293\n|move|p2a: Farigiraf|Body Slam|p1a: Wigglytuff\n|-damage|p1a: Wigglytuff|295/424\n|-status|p1a: Wigglytuff|par\n|cant|p1a: Wigglytuff|par\n|\n|-heal|p1a: Wigglytuff|321/424 par|[from] item: Leftovers\n|upkeep\n|turn|2\n|\n|t:|1781463308\n|switch|p2a: Klefki|Klefki, L84, M|233/233\n|cant|p1a: Wigglytuff|par\n|\n|-heal|p1a: Wigglytuff|347/424 par|[from] item: Leftovers\n|upkeep\n|turn|3\n|\n|t:|1781463316\n|move|p2a: Klefki|Spikes|p1a: Wigglytuff\n|-sidestart|p1: NYCHomo|Spikes\n|move|p1a: Wigglytuff|Thunder Wave|p2a: Klefki|[miss]\n|-miss|p1a: Wigglytuff|p2a: Klefki\n|\n|-heal|p1a: Wigglytuff|373/424 par|[from] item: Leftovers\n|upkeep\n|turn|4\n|c|\u2606NYCHomo|Great start\n|\n|t:|1781463324\n|move|p2a: Klefki|Spikes|p1a: Wigglytuff\n|-sidestart|p1: NYCHomo|Spikes\n|cant|p1a: Wigglytuff|par\n|\n|-heal|p1a: Wigglytuff|399/424 par|[from] item: Leftovers\n|upkeep\n|turn|5\n|\n|t:|1781463332\n|move|p2a: Klefki|Spikes|p1a: Wigglytuff\n|-sidestart|p1: NYCHomo|Spikes\n|move|p1a: Wigglytuff|Thunder Wave|p2a: Klefki\n|-status|p2a: Klefki|par\n|\n|-heal|p1a: Wigglytuff|424/424 par|[from] item: Leftovers\n|upkeep\n|turn|6\n|\n|t:|1781463340\n|cant|p2a: Klefki|par\n|move|p1a: Wigglytuff|Knock Off|p2a: Klefki\n|-resisted|p2a: Klefki\n|-damage|p2a: Klefki|202/233 par\n|-enditem|p2a: Klefki|Leftovers|[from] move: Knock Off|[of] p1a: Wigglytuff\n|\n|upkeep\n|turn|7\n|\n|t:|1781463347\n|move|p2a: Klefki|Play Rough|p1a: Wigglytuff\n|-damage|p1a: Wigglytuff|304/424 par\n|move|p1a: Wigglytuff|Fire Blast|p2a: Klefki\n|-supereffective|p2a: Klefki\n|-damage|p2a: Klefki|22/233 par\n|\n|-heal|p1a: Wigglytuff|330/424 par|[from] item: Leftovers\n|upkeep\n|turn|8\n|\n|t:|1781463358\n|move|p2a: Klefki|Play Rough|p1a: Wigglytuff\n|-damage|p1a: Wigglytuff|224/424 par\n|move|p1a: Wigglytuff|Fire Blast|p2a: Klefki\n|-supereffective|p2a: Klefki\n|-damage|p2a: Klefki|0 fnt\n|faint|p2a: Klefki\n|\n|-heal|p1a: Wigglytuff|250/424 par|[from] item: Leftovers\n|upkeep\n|\n|t:|1781463372\n|switch|p2a: Victreebel|Victreebel, L90, F|290/290\n|turn|9\n|\n|t:|1781463376\n|-terastallize|p1a: Wigglytuff|Poison\n|move|p2a: Victreebel|Sludge Wave|p1a: Wigglytuff\n|-resisted|p1a: Wigglytuff\n|-damage|p1a: Wigglytuff|153/424 par\n|-damage|p2a: Victreebel|261/290|[from] item: Life Orb\n|move|p1a: Wigglytuff|Thunder Wave|p2a: Victreebel\n|-status|p2a: Victreebel|par\n|\n|-heal|p1a: Wigglytuff|179/424 par|[from] item: Leftovers\n|upkeep\n|turn|10\n|\n|t:|1781463388\n|switch|p1a: Tatsugiri|Tatsugiri, L87, M|260/260\n|move|p2a: Victreebel|Knock Off|p1a: Tatsugiri\n|-damage|p1a: Tatsugiri|112/260\n|-enditem|p1a: Tatsugiri|Heavy-Duty Boots|[from] move: Knock Off|[of] p2a: Victreebel\n|-damage|p2a: Victreebel|232/290 par|[from] item: Life Orb\n|\n|upkeep\n|turn|11\n|\n|t:|1781463400\n|move|p1a: Tatsugiri|Rapid Spin|p2a: Victreebel\n|-damage|p2a: Victreebel|204/290 par\n|-boost|p1a: Tatsugiri|spe|1\n|-sideend|p1: NYCHomo|Spikes|[from] move: Rapid Spin|[of] p1a: Tatsugiri\n|move|p2a: Victreebel|Power Whip|p1a: Tatsugiri|[miss]\n|-miss|p2a: Victreebel|p1a: Tatsugiri\n|\n|upkeep\n|turn|12\n|\n|t:|1781463416\n|switch|p1a: Magmortar|Magmortar, L88, F|275/275\n|move|p2a: Victreebel|Power Whip|p1a: Magmortar\n|-resisted|p1a: Magmortar\n|-damage|p1a: Magmortar|162/275\n|-damage|p2a: Victreebel|175/290 par|[from] item: Life Orb\n|\n|upkeep\n|turn|13\n|\n|t:|1781463426\n|move|p1a: Magmortar|Fire Blast|p2a: Victreebel|[miss]\n|-miss|p1a: Magmortar|p2a: Victreebel\n|move|p2a: Victreebel|Sludge Wave|p1a: Magmortar\n|-crit|p1a: Magmortar\n|-damage|p1a: Magmortar|0 fnt\n|faint|p1a: Magmortar\n|-damage|p2a: Victreebel|146/290 par|[from] item: Life Orb\n|\n|upkeep\n|\n|t:|1781463432\n|switch|p1a: Blaziken|Blaziken, L76, M|247/247\n|turn|14\n|\n|t:|1781463438\n|move|p1a: Blaziken|Flare Blitz|p2a: Victreebel\n|-supereffective|p2a: Victreebel\n|-damage|p2a: Victreebel|0 fnt\n|faint|p2a: Victreebel\n|-damage|p1a: Blaziken|199/247|[from] Recoil\n|-damage|p1a: Blaziken|175/247|[from] item: Life Orb\n|\n|-ability|p1a: Blaziken|Speed Boost|boost\n|-boost|p1a: Blaziken|spe|1\n|upkeep\n|\n|t:|1781463450\n|switch|p2a: Swanna|Swanna, L89, F|278/278\n|turn|15\n|\n|t:|1781463455\n|switch|p1a: Raikou|Raikou, L81|278/278\n|-ability|p1a: Raikou|Pressure\n|move|p2a: Swanna|Brave Bird|p1a: Raikou\n|-resisted|p1a: Raikou\n|-damage|p1a: Raikou|200/278\n|-damage|p2a: Swanna|252/278|[from] Recoil\n|\n|upkeep\n|turn|16\n|\n|t:|1781463469\n|switch|p2a: Farigiraf|Farigiraf, L90, F|362/362\n|move|p1a: Raikou|Volt Switch|p2a: Farigiraf\n|-damage|p2a: Farigiraf|235/362\n|\n|t:|1781463476\n|switch|p1a: Wigglytuff|Wigglytuff, L96, M, tera:Poison|179/424 par|[from] Volt Switch\n|\n|-heal|p2a: Farigiraf|257/362|[from] item: Leftovers\n|-heal|p1a: Wigglytuff|205/424 par|[from] item: Leftovers\n|upkeep\n|turn|17\n|\n|t:|1781463484\n|move|p2a: Farigiraf|Psychic Noise|p1a: Wigglytuff\n|-supereffective|p1a: Wigglytuff\n|-damage|p1a: Wigglytuff|0 fnt\n|faint|p1a: Wigglytuff\n|\n|-heal|p2a: Farigiraf|279/362|[from] item: Leftovers\n|upkeep\n|\n|t:|1781463493\n|switch|p1a: Barraskewda|Barraskewda, L81, M|231/231\n|turn|18\n|\n|t:|1781463498\n|move|p2a: Farigiraf|Protect|p2a: Farigiraf\n|-singleturn|p2a: Farigiraf|Protect\n|move|p1a: Barraskewda|Waterfall|p2a: Farigiraf\n|-activate|p2a: Farigiraf|move: Protect\n|\n|-heal|p2a: Farigiraf|301/362|[from] item: Leftovers\n|upkeep\n|turn|19\n|\n|t:|1781463511\n|switch|p2a: Iron Bundle|Iron Bundle, L78|215/215\n|move|p1a: Barraskewda|Waterfall|p2a: Iron Bundle\n|-resisted|p2a: Iron Bundle\n|-damage|p2a: Iron Bundle|155/215\n|\n|upkeep\n|turn|20\n|\n|t:|1781463528\n|switch|p1a: Blaziken|Blaziken, L76, M|175/247\n|move|p2a: Iron Bundle|Freeze-Dry|p1a: Blaziken\n|-resisted|p1a: Blaziken\n|-damage|p1a: Blaziken|103/247\n|\n|upkeep\n|turn|21\n|\n|t:|1781463536\n|-end|p2a: Iron Bundle|Quark Drive|[silent]\n|switch|p2a: Swanna|Swanna, L89, F|252/278\n|switch|p1a: Tatsugiri|Tatsugiri, L87, M|112/260\n|\n|upkeep\n|turn|22\n|\n|t:|1781463544\n|move|p2a: Swanna|Brave Bird|p1a: Tatsugiri\n|-damage|p1a: Tatsugiri|0 fnt\n|faint|p1a: Tatsugiri\n|-damage|p2a: Swanna|215/278|[from] Recoil\n|\n|upkeep\n|\n|t:|1781463546\n|switch|p1a: Raikou|Raikou, L81|200/278\n|-ability|p1a: Raikou|Pressure\n|turn|23\n|\n|t:|1781463555\n|switch|p2a: Farigiraf|Farigiraf, L90, F|301/362\n|move|p1a: Raikou|Thunderbolt|p2a: Farigiraf\n|-damage|p2a: Farigiraf|123/362\n|\n|-heal|p2a: Farigiraf|145/362|[from] item: Leftovers\n|upkeep\n|turn|24\n|\n|t:|1781463564\n|move|p2a: Farigiraf|Protect|p2a: Farigiraf\n|-singleturn|p2a: Farigiraf|Protect\n|move|p1a: Raikou|Thunderbolt|p2a: Farigiraf\n|-activate|p2a: Farigiraf|move: Protect\n|\n|-heal|p2a: Farigiraf|167/362|[from] item: Leftovers\n|upkeep\n|turn|25\n|\n|t:|1781463576\n|move|p1a: Raikou|Thunderbolt|p2a: Farigiraf\n|-damage|p2a: Farigiraf|0 fnt\n|faint|p2a: Farigiraf\n|\n|upkeep\n|\n|t:|1781463581\n|switch|p2a: Swanna|Swanna, L89, F|215/278\n|turn|26\n|\n|t:|1781463591\n|switch|p1a: Blaziken|Blaziken, L76, M|103/247\n|-terastallize|p2a: Swanna|Ground\n|move|p2a: Swanna|Hydro Pump|p1a: Blaziken\n|-supereffective|p1a: Blaziken\n|-damage|p1a: Blaziken|0 fnt\n|faint|p1a: Blaziken\n|\n|upkeep\n|\n|t:|1781463597\n|switch|p1a: Barraskewda|Barraskewda, L81, M|231/231\n|turn|27\n|\n|t:|1781463610\n|move|p1a: Barraskewda|Close Combat|p2a: Swanna\n|-damage|p2a: Swanna|46/278\n|-unboost|p1a: Barraskewda|def|1\n|-unboost|p1a: Barraskewda|spd|1\n|move|p2a: Swanna|Brave Bird|p1a: Barraskewda\n|-damage|p1a: Barraskewda|0 fnt\n|faint|p1a: Barraskewda\n|-damage|p2a: Swanna|0 fnt|[from] Recoil\n|faint|p2a: Swanna\n|\n|upkeep\n|\n|t:|1781463624\n|switch|p1a: Raikou|Raikou, L81|200/278\n|switch|p2a: Iron Bundle|Iron Bundle, L78|155/215\n|-ability|p1a: Raikou|Pressure\n|turn|28\n|\n|t:|1781463631\n|move|p2a: Iron Bundle|Ice Beam|p1a: Raikou\n|-damage|p1a: Raikou|52/278\n|move|p1a: Raikou|Thunderbolt|p2a: Iron Bundle\n|-supereffective|p2a: Iron Bundle\n|-damage|p2a: Iron Bundle|0 fnt\n|faint|p2a: Iron Bundle\n|-end|p2a: Iron Bundle|Quark Drive|[silent]\n|\n|upkeep\n|\n|t:|1781463639\n|switch|p2a: Koraidon|Koraidon, L64|235/235\n|-weather|SunnyDay|[from] ability: Orichalcum Pulse|[of] p2a: Koraidon\n|-activate|p2a: Koraidon|Orichalcum Pulse|[source]\n|turn|29\n|\n|t:|1781463644\n|move|p1a: Raikou|Thunderbolt|p2a: Koraidon\n|-resisted|p2a: Koraidon\n|-damage|p2a: Koraidon|148/235\n|move|p2a: Koraidon|Collision Course|p1a: Raikou\n|-damage|p1a: Raikou|0 fnt\n|faint|p1a: Raikou\n|\n|win|Aminator3000\n", "inputlog": ">version a8376a258c1d4662feba110a92103f3664a72141\n>start {\"formatid\":\"gen9randombattle\",\"seed\":\"sodium,66b398b10b4a1d98e79da7adf6017b37\",\"rated\":\"Rated battle\"}\n>player p1 {\"name\":\"NYCHomo\",\"avatar\":\"101\",\"rating\":1922,\"seed\":\"sodium,7a2dfd1b9d16eddf476c7be8f4909bbf\"}\n>player p2 {\"name\":\"Aminator3000\",\"avatar\":\"veteran\",\"rating\":1915,\"seed\":\"sodium,fb0c48c9c9a7817adb3b1216836b6862\"}\n>p1 move thunderwave\n>p2 move bodyslam\n>p1 move thunderwave\n>p2 switch 2\n>p1 move thunderwave\n>p2 move spikes\n>chat \u2606NYCHomo|Great start\n>p1 move thunderwave\n>p2 move spikes\n>p1 move thunderwave\n>p2 move spikes\n>p1 move knockoff\n>p2 move playrough\n>p1 move fireblast\n>p2 move playrough\n>p1 move fireblast\n>p2 move playrough\n>p2 switch 4\n>p1 move thunderwave terastallize\n>p2 move sludgewave\n>p1 switch 5\n>p2 move knockoff\n>p1 move rapidspin\n>p2 move powerwhip\n>p1 switch 4\n>p2 move powerwhip\n>p1 move fireblast\n>p2 move sludgewave\n>p1 switch 3\n>p1 move flareblitz\n>p2 move sludgewave\n>p2 switch 6\n>p1 switch 2\n>p2 move bravebird\n>p1 move voltswitch\n>p2 switch 2\n>p1 switch 5\n>p1 move thunderwave\n>p2 move psychicnoise\n>p1 switch 6\n>p1 move waterfall\n>p2 move protect\n>p1 move waterfall\n>p2 switch 3\n>p1 switch 2\n>p2 move freezedry\n>p1 switch 4\n>p2 switch 2\n>p1 move rapidspin\n>p2 move bravebird\n>p1 switch 5\n>p1 move thunderbolt\n>p2 switch 3\n>p1 move thunderbolt\n>p2 move protect\n>p1 move thunderbolt\n>p2 move bodyslam\n>p2 switch 3\n>p1 switch 4\n>p2 move hydropump terastallize\n>p1 switch 2\n>p1 move closecombat\n>p2 move bravebird\n>p1 switch 4\n>p2 switch 2\n>p1 move thunderbolt\n>p2 move icebeam\n>p2 switch 5\n>p1 move thunderbolt\n>p2 move collisioncourse", "uploadtime": 1781463288, "views": 4, "formatid": "gen9randombattle", "rating": null, "private": 0, "password": null}