{"id": "gen9randombattle-2632000949", "format": "[Gen 9] Random Battle", "players": ["Harvester", "WhackE"], "log": "|j|\u2606Harvester\n|j|\u2606WhackE\n|t:|1781464591\n|gametype|singles\n|player|p1|Harvester|102|1996\n|player|p2|WhackE|265|1975\n|gen|9\n|tier|[Gen 9] Random Battle\n|rated|\n|rule|Species Clause: Limit one of each Pok\u00e9mon\n|rule|HP Percentage Mod: HP is shown in percentages\n|rule|Sleep Clause Mod: Limit one foe put to sleep\n|rule|Illusion Level Mod: Illusion disguises the Pok\u00e9mon's true level\n|\n|t:|1781464591\n|teamsize|p1|6\n|teamsize|p2|6\n|start\n|switch|p1a: Luxray|Luxray, L88, F|283/283\n|switch|p2a: Articuno|Articuno-Galar, L84|288/288\n|turn|1\n|\n|t:|1781464611\n|switch|p2a: Spiritomb|Spiritomb, L89, F|234/234\n|move|p1a: Luxray|Trailblaze|p2a: Spiritomb\n|-damage|p2a: Spiritomb|194/234\n|-boost|p1a: Luxray|spe|1\n|\n|-heal|p2a: Spiritomb|208/234|[from] item: Leftovers\n|-status|p1a: Luxray|brn|[from] item: Flame Orb\n|upkeep\n|turn|2\n|inactive|Battle timer is ON: inactive players will automatically lose when time's up. (requested by Harvester)\n|\n|t:|1781464622\n|move|p1a: Luxray|Supercell Slam|p2a: Spiritomb\n|-damage|p2a: Spiritomb|27/234\n|move|p2a: Spiritomb|Poltergeist|p1a: Luxray\n|-activate|p1a: Luxray|move: Poltergeist|Flame Orb\n|-damage|p1a: Luxray|151/283 brn\n|\n|-heal|p2a: Spiritomb|41/234|[from] item: Leftovers\n|-damage|p1a: Luxray|134/283 brn|[from] brn\n|upkeep\n|turn|3\n|\n|t:|1781464639\n|move|p2a: Spiritomb|Sucker Punch|p1a: Luxray\n|-damage|p1a: Luxray|47/283 brn\n|move|p1a: Luxray|Throat Chop|p2a: Spiritomb\n|-damage|p2a: Spiritomb|0 fnt\n|faint|p2a: Spiritomb\n|\n|-damage|p1a: Luxray|30/283 brn|[from] brn\n|upkeep\n|\n|t:|1781464649\n|switch|p2a: Toxicroak|Toxicroak, L84, F|277/277\n|turn|4\n|\n|t:|1781464665\n|move|p2a: Toxicroak|Sucker Punch|p1a: Luxray\n|-damage|p1a: Luxray|0 fnt\n|faint|p1a: Luxray\n|\n|upkeep\n|\n|t:|1781464685\n|switch|p1a: Ogerpon|Ogerpon-Wellspring, L76, F|247/247\n|turn|5\n|inactive|WhackE has 120 seconds left.\n|\n|t:|1781464717\n|switch|p2a: Fezandipiti|Fezandipiti, L82, M|278/278\n|move|p1a: Ogerpon|Swords Dance|p1a: Ogerpon\n|-boost|p1a: Ogerpon|atk|2\n|\n|upkeep\n|turn|6\n|inactive|WhackE has 120 seconds left.\n|\n|t:|1781464750\n|switch|p2a: Toxicroak|Toxicroak, L84, F|277/277\n|move|p1a: Ogerpon|Ivy Cudgel|p2a: Toxicroak|[anim] Ivy Cudgel Water\n|-immune|p2a: Toxicroak|[from] ability: Dry Skin\n|\n|upkeep\n|turn|7\n|\n|t:|1781464760\n|move|p1a: Ogerpon|Play Rough|p2a: Toxicroak\n|-damage|p2a: Toxicroak|87/277\n|move|p2a: Toxicroak|Gunk Shot|p1a: Ogerpon|[miss]\n|-miss|p2a: Toxicroak|p1a: Ogerpon\n|\n|upkeep\n|turn|8\n|\n|t:|1781464767\n|move|p1a: Ogerpon|Play Rough|p2a: Toxicroak\n|-damage|p2a: Toxicroak|0 fnt\n|faint|p2a: Toxicroak\n|\n|upkeep\n|inactive|WhackE has 120 seconds left.\n|inactive|WhackE has 90 seconds left.\n|\n|t:|1781464802\n|switch|p2a: Fezandipiti|Fezandipiti, L82, M|278/278\n|turn|9\n|\n|t:|1781464806\n|move|p1a: Ogerpon|Ivy Cudgel|p2a: Fezandipiti|[anim] Ivy Cudgel Water\n|-damage|p2a: Fezandipiti|0 fnt\n|faint|p2a: Fezandipiti\n|\n|upkeep\n|-message|WhackE forfeited.\n|\n|win|Harvester\n", "uploadtime": 1781464593, "views": 7, "formatid": "gen9randombattle", "rating": null, "private": 0, "password": null}