{"id": "gen9randombattle-2631435006", "format": "[Gen 9] Random Battle", "players": ["Datboydougy", "indias last hope"], "log": "|j|\u203dDatboydougy\n|j|\u2606indias last hope\n|t:|1781384281\n|gametype|singles\n|player|p1|Datboydougy|169|2200\n|player|p2|indias last hope|policeman-gen4|2239\n|gen|9\n|tier|[Gen 9] Random Battle\n|rated|\n|rule|Species Clause: Limit one of each Pok\u00e9mon\n|rule|HP Percentage Mod: HP is shown in percentages\n|rule|Sleep Clause Mod: Limit one foe put to sleep\n|rule|Illusion Level Mod: Illusion disguises the Pok\u00e9mon's true level\n|\n|t:|1781384281\n|teamsize|p1|6\n|teamsize|p2|6\n|start\n|switch|p1a: Noivern|Noivern, L82, F|274/274\n|switch|p2a: Dialga|Dialga, L73|266/266\n|-ability|p2a: Dialga|Pressure\n|turn|1\n|l|\u203dDatboydougy\n|player|p1|\n|inactive|Battle timer is ON: inactive players will automatically lose when time's up. (requested by indias last hope)\n|j|\u203dDatboydougy\n|inactive|Datboydougy reconnected and has 125 seconds left.\n|player|p1|Datboydougy|169|\n|n|\u203dDatboydougy|datboydougy\n|n|\u203dDatboydougy|datboydougy\n|inactive|Datboydougy has 120 seconds left.\n|j| rufoush\n|\n|t:|1781384377\n|switch|p1a: Toxapex|Toxapex, L82, M|216/216\n|move|p2a: Dialga|Thunder Wave|p1a: Toxapex\n|-status|p1a: Toxapex|par\n|\n|upkeep\n|turn|2\n|\n|t:|1781384385\n|switch|p2a: Toedscruel|Toedscruel, L87, M|281/281\n|cant|p1a: Toxapex|par\n|\n|upkeep\n|turn|3\n|\n|t:|1781384401\n|switch|p1a: Oinkologne|Oinkologne, L92, M|352/352\n|move|p2a: Toedscruel|Earth Power|p1a: Oinkologne\n|-damage|p1a: Oinkologne|273/352\n|\n|-heal|p1a: Oinkologne|295/352|[from] item: Leftovers\n|upkeep\n|turn|4\n|\n|t:|1781384408\n|move|p1a: Oinkologne|Curse|p1a: Oinkologne\n|-unboost|p1a: Oinkologne|spe|1\n|-boost|p1a: Oinkologne|atk|1\n|-boost|p1a: Oinkologne|def|1\n|move|p2a: Toedscruel|Spore|p1a: Oinkologne\n|-status|p1a: Oinkologne|slp|[from] move: Spore\n|\n|-heal|p1a: Oinkologne|317/352 slp|[from] item: Leftovers\n|upkeep\n|turn|5\n|l| rufoush\n|\n|t:|1781384413\n|switch|p2a: Illumise|Illumise, L91, F|266/266\n|cant|p1a: Oinkologne|slp\n|\n|-heal|p1a: Oinkologne|339/352 slp|[from] item: Leftovers\n|upkeep\n|turn|6\n|\n|t:|1781384415\n|move|p2a: Illumise|Encore|p1a: Oinkologne\n|-start|p1a: Oinkologne|Encore\n|cant|p1a: Oinkologne|slp\n|\n|-heal|p1a: Oinkologne|352/352 slp|[from] item: Leftovers\n|upkeep\n|turn|7\n|inactive|Datboydougy has 120 seconds left.\n|\n|t:|1781384445\n|switch|p1a: Toxapex|Toxapex, L82, M|216/216 par\n|move|p2a: Illumise|Bug Buzz|p1a: Toxapex\n|-resisted|p1a: Toxapex\n|-damage|p1a: Toxapex|182/216 par\n|\n|upkeep\n|turn|8\n|\n|t:|1781384465\n|switch|p2a: Toedscruel|Toedscruel, L87, M|281/281\n|move|p1a: Toxapex|Toxic Spikes|p2a: Toedscruel\n|-sidestart|p2: indias last hope|move: Toxic Spikes\n|\n|upkeep\n|turn|9\n|\n|t:|1781384477\n|switch|p1a: Noivern|Noivern, L82, F|274/274\n|move|p2a: Toedscruel|Rapid Spin|p1a: Noivern\n|-damage|p1a: Noivern|242/274\n|-boost|p2a: Toedscruel|spe|1\n|-sideend|p2: indias last hope|Toxic Spikes|[from] move: Rapid Spin|[of] p2a: Toedscruel\n|\n|upkeep\n|turn|10\n|\n|t:|1781384486\n|switch|p2a: Dialga|Dialga, L73|266/266\n|-ability|p2a: Dialga|Pressure\n|move|p1a: Noivern|Hurricane|p2a: Dialga\n|-resisted|p2a: Dialga\n|-damage|p2a: Dialga|208/266\n|\n|-heal|p2a: Dialga|224/266|[from] item: Leftovers\n|upkeep\n|turn|11\n|\n|t:|1781384496\n|switch|p1a: Toxapex|Toxapex, L82, M|216/216 par\n|move|p2a: Dialga|Draco Meteor|p1a: Toxapex\n|-damage|p1a: Toxapex|107/216 par\n|-unboost|p2a: Dialga|spa|2\n|\n|-heal|p2a: Dialga|240/266|[from] item: Leftovers\n|upkeep\n|turn|12\n|\n|t:|1781384527\n|switch|p2a: Walking Wake|Walking Wake, L79, shiny|286/286\n|switch|p1a: Urshifu|Urshifu-Rapid-Strike, L75, F|274/274\n|\n|upkeep\n|turn|13\n|\n|t:|1781384536\n|switch|p1a: Dedenne|Dedenne, L88, M|261/261\n|move|p2a: Walking Wake|Draco Meteor|p1a: Dedenne\n|-immune|p1a: Dedenne\n|\n|upkeep\n|turn|14\n|\n|t:|1781384540\n|-end|p2a: Walking Wake|Protosynthesis|[silent]\n|switch|p2a: Toedscruel|Toedscruel, L87, M|281/281\n|move|p1a: Dedenne|Super Fang|p2a: Toedscruel\n|-damage|p2a: Toedscruel|141/281\n|\n|-heal|p2a: Toedscruel|158/281|[from] item: Leftovers\n|upkeep\n|turn|15\n|\n|t:|1781384548\n|switch|p1a: Noivern|Noivern, L82, F|242/274\n|switch|p2a: Dialga|Dialga, L73|240/266\n|-ability|p2a: Dialga|Pressure\n|\n|-heal|p2a: Dialga|256/266|[from] item: Leftovers\n|upkeep\n|turn|16\n|\n|t:|1781384560\n|switch|p1a: Toxapex|Toxapex, L82, M|179/216 par\n|move|p2a: Dialga|Draco Meteor|p1a: Toxapex\n|-damage|p1a: Toxapex|74/216 par\n|-unboost|p2a: Dialga|spa|2\n|\n|-heal|p2a: Dialga|266/266|[from] item: Leftovers\n|upkeep\n|turn|17\n|\n|t:|1781384564\n|switch|p2a: Walking Wake|Walking Wake, L79, shiny|286/286\n|switch|p1a: Dedenne|Dedenne, L88, M|261/261\n|\n|upkeep\n|turn|18\n|\n|t:|1781384567\n|-end|p2a: Walking Wake|Protosynthesis|[silent]\n|switch|p2a: Toedscruel|Toedscruel, L87, M|158/281\n|move|p1a: Dedenne|Dazzling Gleam|p2a: Toedscruel\n|-damage|p2a: Toedscruel|100/281\n|\n|-heal|p2a: Toedscruel|117/281|[from] item: Leftovers\n|upkeep\n|turn|19\n|\n|t:|1781384580\n|switch|p1a: Noivern|Noivern, L82, F|242/274\n|move|p2a: Toedscruel|Leaf Storm|p1a: Noivern\n|-resisted|p1a: Noivern\n|-damage|p1a: Noivern|210/274\n|-unboost|p2a: Toedscruel|spa|2\n|\n|-heal|p2a: Toedscruel|134/281|[from] item: Leftovers\n|upkeep\n|turn|20\n|\n|t:|1781384596\n|switch|p1a: Urshifu|Urshifu-Rapid-Strike, L75, F|274/274\n|switch|p2a: Dialga|Dialga, L73|266/266\n|-ability|p2a: Dialga|Pressure\n|\n|upkeep\n|turn|21\n|\n|t:|1781384602\n|switch|p2a: Illumise|Illumise, L91, F|266/266\n|move|p1a: Urshifu|Close Combat|p2a: Illumise\n|-resisted|p2a: Illumise\n|-damage|p2a: Illumise|173/266\n|-unboost|p1a: Urshifu|def|1\n|-unboost|p1a: Urshifu|spd|1\n|\n|upkeep\n|turn|22\n|\n|t:|1781384606\n|switch|p2a: Dialga|Dialga, L73|266/266\n|-ability|p2a: Dialga|Pressure\n|switch|p1a: Toxapex|Toxapex, L82, M|146/216 par\n|\n|upkeep\n|turn|23\n|\n|t:|1781384610\n|switch|p1a: Dedenne|Dedenne, L88, M|261/261\n|move|p2a: Dialga|Heavy Slam|p1a: Dedenne\n|-damage|p1a: Dedenne|116/261\n|-enditem|p1a: Dedenne|Sitrus Berry|[eat]\n|-heal|p1a: Dedenne|181/261|[from] item: Sitrus Berry\n|-heal|p1a: Dedenne|261/261|[from] ability: Cheek Pouch\n|\n|upkeep\n|turn|24\n|\n|t:|1781384624\n|move|p1a: Dedenne|Super Fang|p2a: Dialga\n|-damage|p2a: Dialga|133/266\n|move|p2a: Dialga|Heavy Slam|p1a: Dedenne\n|-damage|p1a: Dedenne|105/261\n|\n|-heal|p2a: Dialga|149/266|[from] item: Leftovers\n|upkeep\n|turn|25\n|\n|t:|1781384630\n|switch|p1a: Toxapex|Toxapex, L82, M|216/216 par\n|move|p2a: Dialga|Draco Meteor|p1a: Toxapex\n|-damage|p1a: Toxapex|119/216 par\n|-unboost|p2a: Dialga|spa|2\n|\n|-heal|p2a: Dialga|165/266|[from] item: Leftovers\n|upkeep\n|turn|26\n|\n|t:|1781384637\n|switch|p2a: Illumise|Illumise, L91, F|173/266\n|switch|p1a: Urshifu|Urshifu-Rapid-Strike, L75, F|274/274\n|\n|upkeep\n|turn|27\n|\n|t:|1781384651\n|switch|p2a: Toedscruel|Toedscruel, L87, M|134/281\n|move|p1a: Urshifu|Surging Strikes|p2a: Toedscruel\n|-crit|p2a: Toedscruel\n|-damage|p2a: Toedscruel|64/281\n|-crit|p2a: Toedscruel\n|-damage|p2a: Toedscruel|0 fnt\n|faint|p2a: Toedscruel\n|-hitcount|p2: Toedscruel|2\n|\n|upkeep\n|\n|t:|1781384657\n|switch|p2a: Walking Wake|Walking Wake, L79, shiny|286/286\n|turn|28\n|\n|t:|1781384677\n|switch|p1a: Registeel|Registeel, L81|262/262\n|move|p2a: Walking Wake|Draco Meteor|p1a: Registeel\n|-resisted|p1a: Registeel\n|-damage|p1a: Registeel|202/262\n|-unboost|p2a: Walking Wake|spa|2\n|-damage|p2a: Walking Wake|258/286|[from] item: Life Orb\n|\n|-heal|p1a: Registeel|218/262|[from] item: Leftovers\n|upkeep\n|turn|29\n|\n|t:|1781384686\n|-end|p2a: Walking Wake|Protosynthesis|[silent]\n|switch|p2a: Illumise|Illumise, L91, F|173/266\n|move|p1a: Registeel|Thunder Wave|p2a: Illumise\n|-status|p2a: Illumise|par\n|\n|-heal|p1a: Registeel|234/262|[from] item: Leftovers\n|upkeep\n|turn|30\n|\n|t:|1781384695\n|switch|p2a: Walking Wake|Walking Wake, L79, shiny|258/286\n|move|p1a: Registeel|Stealth Rock|p2a: Walking Wake\n|-sidestart|p2: indias last hope|move: Stealth Rock\n|\n|-heal|p1a: Registeel|250/262|[from] item: Leftovers\n|upkeep\n|turn|31\n|\n|t:|1781384702\n|move|p2a: Walking Wake|Sunny Day|p2a: Walking Wake\n|-weather|SunnyDay\n|-activate|p2a: Walking Wake|ability: Protosynthesis\n|-start|p2a: Walking Wake|protosynthesisspa\n|move|p1a: Registeel|Thunder Wave|p2a: Walking Wake\n|-status|p2a: Walking Wake|par\n|\n|-weather|SunnyDay|[upkeep]\n|-heal|p1a: Registeel|262/262|[from] item: Leftovers\n|upkeep\n|turn|32\n|\n|t:|1781384719\n|switch|p1a: Toxapex|Toxapex, L82, M|191/216 par\n|move|p2a: Walking Wake|Hydro Steam|p1a: Toxapex\n|-resisted|p1a: Toxapex\n|-damage|p1a: Toxapex|105/216 par\n|-damage|p2a: Walking Wake|230/286 par|[from] item: Life Orb\n|\n|-weather|SunnyDay|[upkeep]\n|upkeep\n|turn|33\n|\n|t:|1781384735\n|switch|p1a: Dedenne|Dedenne, L88, M|105/261\n|move|p2a: Walking Wake|Hydro Steam|p1a: Dedenne\n|-damage|p1a: Dedenne|0 fnt\n|faint|p1a: Dedenne\n|-damage|p2a: Walking Wake|202/286 par|[from] item: Life Orb\n|\n|-weather|SunnyDay|[upkeep]\n|upkeep\n|\n|t:|1781384750\n|switch|p1a: Urshifu|Urshifu-Rapid-Strike, L75, F|274/274\n|turn|34\n|\n|t:|1781384767\n|move|p1a: Urshifu|Close Combat|p2a: Walking Wake\n|-damage|p2a: Walking Wake|0 fnt\n|-unboost|p1a: Urshifu|def|1\n|-unboost|p1a: Urshifu|spd|1\n|faint|p2a: Walking Wake\n|-end|p2a: Walking Wake|Protosynthesis|[silent]\n|\n|-weather|SunnyDay|[upkeep]\n|upkeep\n|\n|t:|1781384777\n|switch|p2a: Illumise|Illumise, L91, F|173/266 par\n|turn|35\n|\n|t:|1781384780\n|switch|p1a: Toxapex|Toxapex, L82, M|177/216 par\n|move|p2a: Illumise|Thunder Wave|p1a: Toxapex\n|-fail|p1a: Toxapex|par\n|\n|-weather|none\n|upkeep\n|turn|36\n|\n|t:|1781384782\n|move|p2a: Illumise|Roost|p2a: Illumise\n|-heal|p2a: Illumise|266/266 par\n|-singleturn|p2a: Illumise|move: Roost\n|move|p1a: Toxapex|Toxic Spikes|p2a: Illumise\n|-sidestart|p2: indias last hope|move: Toxic Spikes\n|\n|upkeep\n|turn|37\n|\n|t:|1781384789\n|switch|p2a: Dialga|Dialga, L73|165/266\n|-damage|p2a: Dialga|149/266|[from] Stealth Rock\n|-ability|p2a: Dialga|Pressure\n|move|p1a: Toxapex|Toxic Spikes|p2a: Dialga\n|-sidestart|p2: indias last hope|move: Toxic Spikes\n|\n|-heal|p2a: Dialga|165/266|[from] item: Leftovers\n|upkeep\n|turn|38\n|\n|t:|1781384796\n|move|p2a: Dialga|Heavy Slam|p1a: Toxapex\n|-resisted|p1a: Toxapex\n|-damage|p1a: Toxapex|141/216 par\n|-damage|p2a: Dialga|121/266|[from] item: Rocky Helmet|[of] p1a: Toxapex\n|move|p1a: Toxapex|Liquidation|p2a: Dialga\n|-resisted|p2a: Dialga\n|-damage|p2a: Dialga|94/266\n|\n|-heal|p2a: Dialga|110/266|[from] item: Leftovers\n|upkeep\n|turn|39\n|\n|t:|1781384806\n|move|p2a: Dialga|Heavy Slam|p1a: Toxapex\n|-resisted|p1a: Toxapex\n|-crit|p1a: Toxapex\n|-damage|p1a: Toxapex|79/216 par\n|-damage|p2a: Dialga|66/266|[from] item: Rocky Helmet|[of] p1a: Toxapex\n|move|p1a: Toxapex|Liquidation|p2a: Dialga\n|-resisted|p2a: Dialga\n|-crit|p2a: Dialga\n|-damage|p2a: Dialga|26/266\n|\n|-heal|p2a: Dialga|42/266|[from] item: Leftovers\n|upkeep\n|turn|40\n|\n|t:|1781384824\n|switch|p2a: Probopass|Probopass, L91, F|257/257\n|-damage|p2a: Probopass|241/257|[from] Stealth Rock\n|switch|p1a: Registeel|Registeel, L81|262/262\n|\n|-heal|p2a: Probopass|257/257|[from] item: Leftovers\n|upkeep\n|turn|41\n|\n|t:|1781384830\n|switch|p2a: Illumise|Illumise, L91, F|266/266 par\n|move|p1a: Registeel|Thunder Wave|p2a: Illumise\n|-fail|p2a: Illumise|par\n|\n|upkeep\n|turn|42\n|\n|t:|1781384846\n|switch|p1a: Toxapex|Toxapex, L82, M|151/216 par\n|switch|p2a: Dialga|Dialga, L73|42/266\n|-damage|p2a: Dialga|26/266|[from] Stealth Rock\n|-ability|p2a: Dialga|Pressure\n|\n|-heal|p2a: Dialga|42/266|[from] item: Leftovers\n|upkeep\n|turn|43\n|\n|t:|1781384856\n|switch|p1a: Registeel|Registeel, L81|262/262\n|move|p2a: Dialga|Draco Meteor|p1a: Registeel\n|-resisted|p1a: Registeel\n|-damage|p1a: Registeel|216/262\n|-unboost|p2a: Dialga|spa|2\n|\n|-heal|p2a: Dialga|58/266|[from] item: Leftovers\n|-heal|p1a: Registeel|232/262|[from] item: Leftovers\n|upkeep\n|turn|44\n|\n|t:|1781384866\n|move|p2a: Dialga|Fire Blast|p1a: Registeel\n|-supereffective|p1a: Registeel\n|-damage|p1a: Registeel|178/262\n|move|p1a: Registeel|Body Press|p2a: Dialga\n|-supereffective|p2a: Dialga\n|-damage|p2a: Dialga|0 fnt\n|faint|p2a: Dialga\n|\n|-heal|p1a: Registeel|194/262|[from] item: Leftovers\n|upkeep\n|j| rufoush\n|\n|t:|1781384884\n|switch|p2a: Illumise|Illumise, L91, F|266/266 par\n|turn|45\n|\n|t:|1781384891\n|switch|p1a: Toxapex|Toxapex, L82, M|216/216 par\n|move|p2a: Illumise|Bug Buzz|p1a: Toxapex\n|-resisted|p1a: Toxapex\n|-damage|p1a: Toxapex|186/216 par\n|\n|upkeep\n|turn|46\n|l| rufoush\n|\n|t:|1781384908\n|move|p2a: Illumise|Bug Buzz|p1a: Toxapex\n|-resisted|p1a: Toxapex\n|-damage|p1a: Toxapex|153/216 par\n|move|p1a: Toxapex|Liquidation|p2a: Illumise\n|-damage|p2a: Illumise|200/266 par\n|\n|upkeep\n|turn|47\n|\n|t:|1781384911\n|cant|p2a: Illumise|par\n|move|p1a: Toxapex|Liquidation|p2a: Illumise\n|-damage|p2a: Illumise|134/266 par\n|\n|upkeep\n|turn|48\n|\n|t:|1781384913\n|move|p2a: Illumise|Bug Buzz|p1a: Toxapex\n|-resisted|p1a: Toxapex\n|-damage|p1a: Toxapex|123/216 par\n|move|p1a: Toxapex|Liquidation|p2a: Illumise\n|-damage|p2a: Illumise|71/266 par\n|\n|upkeep\n|turn|49\n|\n|t:|1781384916\n|move|p2a: Illumise|Bug Buzz|p1a: Toxapex\n|-resisted|p1a: Toxapex\n|-damage|p1a: Toxapex|93/216 par\n|move|p1a: Toxapex|Liquidation|p2a: Illumise\n|-damage|p2a: Illumise|11/266 par\n|\n|upkeep\n|turn|50\n|\n|t:|1781384921\n|move|p2a: Illumise|Encore|p1a: Toxapex\n|-start|p1a: Toxapex|Encore\n|cant|p1a: Toxapex|par\n|\n|upkeep\n|turn|51\n|\n|t:|1781384923\n|move|p2a: Illumise|Bug Buzz|p1a: Toxapex\n|-resisted|p1a: Toxapex\n|-damage|p1a: Toxapex|60/216 par\n|move|p1a: Toxapex|Liquidation|p2a: Illumise\n|-damage|p2a: Illumise|0 fnt\n|faint|p2a: Illumise\n|\n|upkeep\n|\n|t:|1781384931\n|switch|p2a: Probopass|Probopass, L91, F|257/257\n|-damage|p2a: Probopass|241/257|[from] Stealth Rock\n|turn|52\n|\n|t:|1781384935\n|switch|p1a: Urshifu|Urshifu-Rapid-Strike, L75, F|274/274\n|move|p2a: Probopass|Iron Defense|p2a: Probopass\n|-boost|p2a: Probopass|def|2\n|\n|-heal|p2a: Probopass|257/257|[from] item: Leftovers\n|upkeep\n|turn|53\n|\n|t:|1781384960\n|-terastallize|p1a: Urshifu|Water\n|move|p1a: Urshifu|Surging Strikes|p2a: Probopass\n|-supereffective|p2a: Probopass\n|-crit|p2a: Probopass\n|-damage|p2a: Probopass|145/257\n|-supereffective|p2a: Probopass\n|-crit|p2a: Probopass\n|-damage|p2a: Probopass|37/257\n|-supereffective|p2a: Probopass\n|-crit|p2a: Probopass\n|-damage|p2a: Probopass|0 fnt\n|faint|p2a: Probopass\n|-hitcount|p2: Probopass|3\n|\n|upkeep\n|\n|t:|1781384968\n|switch|p2a: Greninja|Greninja, L80, M|246/246\n|-damage|p2a: Greninja|216/246|[from] Stealth Rock\n|-status|p2a: Greninja|tox\n|turn|54\n|\n|t:|1781384975\n|move|p2a: Greninja|Dark Pulse|p1a: Urshifu\n|-damage|p1a: Urshifu|126/274\n|-damage|p2a: Greninja|192/246 tox|[from] item: Life Orb\n|move|p1a: Urshifu|Surging Strikes|p2a: Greninja\n|-resisted|p2a: Greninja\n|-crit|p2a: Greninja\n|-damage|p2a: Greninja|134/246 tox\n|-resisted|p2a: Greninja\n|-crit|p2a: Greninja\n|-damage|p2a: Greninja|81/246 tox\n|-resisted|p2a: Greninja\n|-crit|p2a: Greninja\n|-damage|p2a: Greninja|30/246 tox\n|-hitcount|p2a: Greninja|3\n|\n|-damage|p2a: Greninja|15/246 tox|[from] psn\n|upkeep\n|turn|55\n|\n|t:|1781384991\n|switch|p1a: Toxapex|Toxapex, L82, M|132/216 par\n|move|p2a: Greninja|Dark Pulse|p1a: Toxapex\n|-damage|p1a: Toxapex|64/216 par\n|-damage|p2a: Greninja|0 fnt|[from] item: Life Orb\n|faint|p2a: Greninja\n|\n|win|Datboydougy\n", "inputlog": ">version a8376a258c1d4662feba110a92103f3664a72141\n>start {\"formatid\":\"gen9randombattle\",\"seed\":\"sodium,cd4b13599eea4cf5159ba0e97774c1d7\",\"rated\":\"Rated battle\"}\n>player p1 {\"name\":\"Datboydougy\",\"avatar\":\"169\",\"rating\":2200,\"seed\":\"sodium,4714ddf7474817ff393b5026a08d4eb5\"}\n>player p2 {\"name\":\"indias last hope\",\"avatar\":\"policeman-gen4\",\"rating\":2239,\"seed\":\"sodium,015aff057cbf8e037b40d106a248d2e2\"}\n>p1 switch 5\n>p2 move thunderwave\n>p1 move toxicspikes\n>p2 switch 6\n>p1 switch 6\n>p2 move earthpower\n>p1 move curse\n>p2 move spore\n>p1 move doubleedge\n>p2 switch 5\n>p1 move doubleedge\n>p2 move encore\n>p1 switch 6\n>p2 move bugbuzz\n>p1 move toxicspikes\n>p2 switch 5\n>p1 switch 5\n>p2 move rapidspin\n>p1 move hurricane\n>p2 switch 6\n>p1 switch 5\n>p2 move dracometeor\n>p1 switch 4\n>p2 switch 4\n>p1 switch 3\n>p2 move dracometeor\n>p1 move superfang\n>p2 switch 6\n>p1 switch 5\n>p2 switch 4\n>p1 switch 4\n>p2 move dracometeor\n>p1 switch 5\n>p2 switch 6\n>p1 move dazzlinggleam\n>p2 switch 4\n>p1 switch 4\n>p2 move leafstorm\n>p1 switch 3\n>p2 switch 6\n>p1 move closecombat\n>p2 switch 5\n>p1 switch 5\n>p2 switch 5\n>p1 switch 4\n>p2 move heavyslam\n>p1 move superfang\n>p2 move heavyslam\n>p1 switch 4\n>p2 move dracometeor\n>p1 switch 5\n>p2 switch 5\n>p1 move surgingstrikes\n>p2 switch 6\n>p2 switch 4\n>p1 switch 2\n>p2 move dracometeor\n>p1 move thunderwave\n>p2 switch 6\n>p1 move stealthrock\n>p2 switch 6\n>p1 move thunderwave\n>p2 move sunnyday\n>p1 switch 5\n>p2 move hydrosteam\n>p1 switch 4\n>p2 move hydrosteam\n>p1 switch 2\n>p1 move closecombat\n>p2 move dracometeor\n>p2 switch 6\n>p1 switch 4\n>p2 move thunderwave\n>p1 move toxicspikes\n>p2 move roost\n>p1 move toxicspikes\n>p2 switch 5\n>p1 move liquidation\n>p2 move heavyslam\n>p1 move liquidation\n>p2 move heavyslam\n>p1 switch 5\n>p2 switch 3\n>p1 move thunderwave\n>p2 switch 5\n>p1 switch 5\n>p2 switch 3\n>p1 switch 5\n>p2 move dracometeor\n>p1 move bodypress\n>p2 move fireblast\n>p2 switch 3\n>p1 switch 5\n>p2 move bugbuzz\n>p1 move liquidation\n>p2 move bugbuzz\n>p1 move liquidation\n>p2 move bugbuzz\n>p1 move liquidation\n>p2 move bugbuzz\n>p1 move liquidation\n>p2 move bugbuzz\n>p1 move liquidation\n>p2 move encore\n>p1 move liquidation\n>p2 move bugbuzz\n>p2 switch 5\n>p1 switch 4\n>p2 move irondefense\n>p1 move surgingstrikes terastallize\n>p2 move thunderwave\n>p2 switch 2\n>p1 move surgingstrikes\n>p2 move darkpulse\n>p1 switch 4\n>p2 move darkpulse", "uploadtime": 1781384283, "views": 11, "formatid": "gen9randombattle", "rating": null, "private": 0, "password": null, "player_dets": [{"name": "Datboydougy", "avatar": "169", "rating": 2200, "seed": "sodium,4714ddf7474817ff393b5026a08d4eb5"}, {"name": "indias last hope", "avatar": "policeman-gen4", "rating": 2239, "seed": "sodium,015aff057cbf8e037b40d106a248d2e2"}], "teams_full": [{"Noivern": {"name": "Noivern", "species": "Noivern", "speciesId": "noivern", "gender": "F", "shiny": false, "level": 82, "moves": ["roost", "flamethrower", "hurricane", "dracometeor"], "ability": "Infiltrator", "evs": {"hp": 85, "atk": 0, "def": 85, "spa": 85, "spd": 85, "spe": 85}, "ivs": {"hp": 31, "atk": 0, "def": 31, "spa": 31, "spd": 31, "spe": 31}, "item": "Heavy-Duty Boots", "teraType": "Fire", "role": "Fast Support", "bvs": {"hp": 85, "atk": 70, "def": 80, "spa": 97, "spd": 80, "spe": 123}, "stats": {"hp": 274, "atk": 119, "def": 178, "spa": 206, "spd": 178, "spe": 249}}, "Registeel": {"name": "Registeel", "species": "Registeel", "speciesId": "registeel", "gender": "N", "shiny": false, "level": 81, "moves": ["stealthrock", "ironhead", "bodypress", "thunderwave"], "ability": "Clear Body", "evs": {"hp": 85, "atk": 85, "def": 85, "spa": 85, "spd": 85, "spe": 85}, "ivs": {"hp": 31, "atk": 31, "def": 31, "spa": 31, "spd": 31, "spe": 31}, "item": "Leftovers", "teraType": "Fighting", "role": "Bulky Support", "bvs": {"hp": 80, "atk": 75, "def": 150, "spa": 75, "spd": 150, "spe": 50}, "stats": {"hp": 262, "atk": 168, "def": 290, "spa": 168, "spd": 290, "spe": 128}}, "Dedenne": {"name": "Dedenne", "species": "Dedenne", "speciesId": "dedenne", "gender": "M", "shiny": false, "level": 88, "moves": ["dazzlinggleam", "thunderbolt", "nuzzle", "superfang"], "ability": "Cheek Pouch", "evs": {"hp": 85, "atk": 85, "def": 85, "spa": 85, "spd": 85, "spe": 85}, "ivs": {"hp": 31, "atk": 31, "def": 31, "spa": 31, "spd": 31, "spe": 31}, "item": "Sitrus Berry", "teraType": "Flying", "role": "Fast Support", "bvs": {"hp": 67, "atk": 58, "def": 57, "spa": 81, "spd": 67, "spe": 101}, "stats": {"hp": 261, "atk": 152, "def": 151, "spa": 193, "spd": 168, "spe": 228}}, "Urshifu": {"name": "Urshifu", "species": "Urshifu-Rapid-Strike", "speciesId": "urshifurapidstrike", "gender": "F", "shiny": false, "level": 75, "moves": ["uturn", "surgingstrikes", "aquajet", "closecombat"], "ability": "Unseen Fist", "evs": {"hp": 85, "atk": 85, "def": 85, "spa": 85, "spd": 85, "spe": 85}, "ivs": {"hp": 31, "atk": 31, "def": 31, "spa": 31, "spd": 31, "spe": 31}, "item": "Choice Band", "teraType": "Water", "role": "Fast Attacker", "bvs": {"hp": 100, "atk": 130, "def": 100, "spa": 63, "spd": 60, "spe": 97}, "stats": {"hp": 274, "atk": 239, "def": 194, "spa": 138, "spd": 134, "spe": 189}}, "Toxapex": {"name": "Toxapex", "species": "Toxapex", "speciesId": "toxapex", "gender": "M", "shiny": false, "level": 82, "moves": ["toxicspikes", "haze", "liquidation", "recover"], "ability": "Regenerator", "evs": {"hp": 85, "atk": 85, "def": 85, "spa": 85, "spd": 85, "spe": 85}, "ivs": {"hp": 31, "atk": 31, "def": 31, "spa": 31, "spd": 31, "spe": 31}, "item": "Rocky Helmet", "teraType": "Fairy", "role": "Bulky Support", "bvs": {"hp": 50, "atk": 63, "def": 152, "spa": 53, "spd": 142, "spe": 35}, "stats": {"hp": 216, "atk": 150, "def": 296, "spa": 134, "spd": 280, "spe": 105}}, "Oinkologne": {"name": "Oinkologne", "species": "Oinkologne", "speciesId": "oinkologne", "gender": "M", "shiny": false, "level": 92, "moves": ["curse", "doubleedge", "highhorsepower", "lashout"], "ability": "Thick Fat", "evs": {"hp": 85, "atk": 85, "def": 85, "spa": 85, "spd": 85, "spe": 85}, "ivs": {"hp": 31, "atk": 31, "def": 31, "spa": 31, "spd": 31, "spe": 31}, "item": "Leftovers", "teraType": "Ground", "role": "Bulky Setup", "bvs": {"hp": 110, "atk": 100, "def": 75, "spa": 59, "spd": 80, "spe": 65}, "stats": {"hp": 352, "atk": 236, "def": 190, "spa": 161, "spd": 200, "spe": 172}}}, {"Dialga": {"name": "Dialga", "species": "Dialga", "speciesId": "dialga", "gender": "N", "shiny": false, "level": 73, "moves": ["fireblast", "dracometeor", "heavyslam", "thunderwave"], "ability": "Pressure", "evs": {"hp": 85, "atk": 85, "def": 85, "spa": 85, "spd": 85, "spe": 85}, "ivs": {"hp": 31, "atk": 31, "def": 31, "spa": 31, "spd": 31, "spe": 31}, "item": "Leftovers", "teraType": "Flying", "role": "Bulky Attacker", "bvs": {"hp": 100, "atk": 120, "def": 120, "spa": 150, "spd": 100, "spe": 90}, "stats": {"hp": 266, "atk": 218, "def": 218, "spa": 261, "spd": 188, "spe": 174}}, "Greninja": {"name": "Greninja", "species": "Greninja-Bond", "speciesId": "greninjabond", "gender": "M", "shiny": false, "level": 80, "moves": ["icebeam", "gunkshot", "hydropump", "darkpulse"], "ability": "Battle Bond", "evs": {"hp": 85, "atk": 85, "def": 85, "spa": 85, "spd": 85, "spe": 85}, "ivs": {"hp": 31, "atk": 31, "def": 31, "spa": 31, "spd": 31, "spe": 31}, "item": "Life Orb", "teraType": "Water", "role": "Fast Attacker", "bvs": {"hp": 72, "atk": 95, "def": 67, "spa": 103, "spd": 71, "spe": 122}, "stats": {"hp": 246, "atk": 198, "def": 153, "spa": 211, "spd": 160, "spe": 241}}, "Probopass": {"name": "Probopass", "species": "Probopass", "speciesId": "probopass", "gender": "F", "shiny": false, "level": 91, "moves": ["flashcannon", "irondefense", "thunderwave", "bodypress"], "ability": "Magnet Pull", "evs": {"hp": 85, "atk": 0, "def": 85, "spa": 85, "spd": 85, "spe": 85}, "ivs": {"hp": 31, "atk": 0, "def": 31, "spa": 31, "spd": 31, "spe": 31}, "item": "Leftovers", "teraType": "Fighting", "role": "Bulky Setup", "bvs": {"hp": 60, "atk": 55, "def": 145, "spa": 75, "spd": 150, "spe": 40}, "stats": {"hp": 257, "atk": 105, "def": 316, "spa": 188, "spd": 325, "spe": 125}}, "Walking Wake": {"name": "Walking Wake", "species": "Walking Wake", "speciesId": "walkingwake", "gender": "N", "shiny": true, "level": 79, "moves": ["dracometeor", "hydrosteam", "sunnyday", "flamethrower"], "ability": "Protosynthesis", "evs": {"hp": 85, "atk": 0, "def": 85, "spa": 85, "spd": 85, "spe": 85}, "ivs": {"hp": 31, "atk": 0, "def": 31, "spa": 31, "spd": 31, "spe": 31}, "item": "Life Orb", "teraType": "Fire", "role": "Fast Attacker", "bvs": {"hp": 99, "atk": 83, "def": 91, "spa": 125, "spd": 83, "spe": 109}, "stats": {"hp": 286, "atk": 136, "def": 189, "spa": 243, "spd": 177, "spe": 218}}, "Illumise": {"name": "Illumise", "species": "Illumise", "speciesId": "illumise", "gender": "F", "shiny": false, "level": 91, "moves": ["encore", "roost", "bugbuzz", "thunderwave"], "ability": "Prankster", "evs": {"hp": 85, "atk": 0, "def": 85, "spa": 85, "spd": 85, "spe": 85}, "ivs": {"hp": 31, "atk": 0, "def": 31, "spa": 31, "spd": 31, "spe": 31}, "item": "Heavy-Duty Boots", "teraType": "Steel", "role": "Bulky Support", "bvs": {"hp": 65, "atk": 47, "def": 75, "spa": 73, "spd": 85, "spe": 85}, "stats": {"hp": 266, "atk": 90, "def": 188, "spa": 185, "spd": 207, "spe": 207}}, "Toedscruel": {"name": "Toedscruel", "species": "Toedscruel", "speciesId": "toedscruel", "gender": "M", "shiny": false, "level": 87, "moves": ["spore", "leafstorm", "earthpower", "rapidspin"], "ability": "Mycelium Might", "evs": {"hp": 85, "atk": 85, "def": 85, "spa": 85, "spd": 85, "spe": 85}, "ivs": {"hp": 31, "atk": 31, "def": 31, "spa": 31, "spd": 31, "spe": 31}, "item": "Leftovers", "teraType": "Water", "role": "Bulky Support", "bvs": {"hp": 80, "atk": 70, "def": 65, "spa": 80, "spd": 120, "spe": 100}, "stats": {"hp": 281, "atk": 172, "def": 163, "spa": 189, "spd": 259, "spe": 224}}}]}