{"id": "gen9randombattle-2631584758", "format": "[Gen 9] Random Battle", "players": ["skippyjonez", "qiuescent"], "log": "|j|\u2606skippyjonez\n|j|\u203dqiuescent\n|t:|1781404738\n|gametype|singles\n|player|p1|skippyjonez|cameraman|2140\n|player|p2|qiuescent|169|2143\n|gen|9\n|tier|[Gen 9] Random Battle\n|rated|\n|rule|Species Clause: Limit one of each Pok\u00e9mon\n|rule|HP Percentage Mod: HP is shown in percentages\n|rule|Sleep Clause Mod: Limit one foe put to sleep\n|rule|Illusion Level Mod: Illusion disguises the Pok\u00e9mon's true level\n|\n|t:|1781404738\n|teamsize|p1|6\n|teamsize|p2|6\n|start\n|switch|p1a: Great Tusk|Great Tusk, L77|304/304\n|switch|p2a: Shiftry|Shiftry, L89, F|305/305\n|turn|1\n|l|\u203dqiuescent\n|player|p2|\n|j|\u203dqiuescent\n|player|p2|qiuescent|169|\n|n|\u203dqiuescent|qiuescent\n|n|\u203dqiuescent|qiuescent\n|\n|t:|1781404756\n|move|p2a: Shiftry|Leaf Storm|p1a: Great Tusk\n|-supereffective|p1a: Great Tusk\n|-damage|p1a: Great Tusk|0 fnt\n|-unboost|p2a: Shiftry|spa|2\n|faint|p1a: Great Tusk\n|-end|p1a: Great Tusk|Protosynthesis|[silent]\n|-damage|p2a: Shiftry|275/305|[from] item: Life Orb\n|\n|upkeep\n|inactive|Battle timer is ON: inactive players will automatically lose when time's up. (requested by qiuescent)\n|\n|t:|1781404761\n|switch|p1a: Tornadus|Tornadus, L82, M|263/263\n|turn|2\n|\n|t:|1781404768\n|move|p1a: Tornadus|U-turn|p2a: Shiftry\n|-supereffective|p2a: Shiftry\n|-damage|p2a: Shiftry|0 fnt\n|faint|p2a: Shiftry\n|\n|t:|1781404776\n|switch|p1a: Grimmsnarl|Grimmsnarl, L83, M|293/293|[from] U-turn\n|\n|upkeep\n|\n|t:|1781404780\n|switch|p2a: Gumshoos|Gumshoos, L95, F|321/321\n|turn|3\n|\n|t:|1781404785\n|move|p1a: Grimmsnarl|Reflect|p1a: Grimmsnarl\n|-sidestart|p1: skippyjonez|Reflect\n|move|p2a: Gumshoos|Double-Edge|p1a: Grimmsnarl\n|-damage|p1a: Grimmsnarl|124/293\n|-damage|p2a: Gumshoos|265/321|[from] Recoil\n|\n|upkeep\n|turn|4\n|\n|t:|1781404791\n|switch|p1a: Metagross|Metagross, L79|256/256\n|move|p2a: Gumshoos|Double-Edge|p1a: Metagross\n|-resisted|p1a: Metagross\n|-damage|p1a: Metagross|154/256\n|-damage|p2a: Gumshoos|231/321|[from] Recoil\n|\n|-heal|p1a: Metagross|170/256|[from] item: Leftovers\n|upkeep\n|turn|5\n|\n|t:|1781404796\n|switch|p2a: Spiritomb|Spiritomb, L89, M|234/234\n|move|p1a: Metagross|Stealth Rock|p2a: Spiritomb\n|-sidestart|p2: qiuescent|move: Stealth Rock\n|\n|-heal|p1a: Metagross|186/256|[from] item: Leftovers\n|upkeep\n|turn|6\n|\n|t:|1781404801\n|switch|p1a: Grimmsnarl|Grimmsnarl, L83, M|124/293\n|move|p2a: Spiritomb|Foul Play|p1a: Grimmsnarl\n|-resisted|p1a: Grimmsnarl\n|-damage|p1a: Grimmsnarl|87/293\n|\n|upkeep\n|turn|7\n|\n|t:|1781404822\n|switch|p2a: Delphox|Delphox, L84, M|263/263\n|move|p1a: Grimmsnarl|Spirit Break|p2a: Delphox\n|-resisted|p2a: Delphox\n|-damage|p2a: Delphox|212/263\n|-unboost|p2a: Delphox|spa|1\n|\n|upkeep\n|turn|8\n|\n|t:|1781404830\n|switch|p2a: Gumshoos|Gumshoos, L95, F|231/321\n|-damage|p2a: Gumshoos|191/321|[from] Stealth Rock\n|switch|p1a: Araquanid|Araquanid, L82, F|246/246\n|\n|upkeep\n|turn|9\n|\n|t:|1781404850\n|switch|p1a: Avalugg|Avalugg-Hisui, L90, M|317/317\n|move|p2a: Gumshoos|Double-Edge|p1a: Avalugg\n|-resisted|p1a: Avalugg\n|-damage|p1a: Avalugg|250/317\n|-damage|p2a: Gumshoos|169/321|[from] Recoil\n|\n|upkeep\n|turn|10\n|\n|t:|1781404863\n|switch|p2a: Gouging Fire|Gouging Fire, L74|277/277\n|move|p1a: Avalugg|Stone Edge|p2a: Gouging Fire\n|-supereffective|p2a: Gouging Fire\n|-crit|p2a: Gouging Fire\n|-damage|p2a: Gouging Fire|0 fnt\n|faint|p2a: Gouging Fire\n|-end|p2a: Gouging Fire|Protosynthesis|[silent]\n|\n|-sideend|p1: skippyjonez|Reflect\n|upkeep\n|\n|t:|1781404866\n|switch|p2a: Delphox|Delphox, L84, M|212/263\n|turn|11\n|\n|t:|1781404883\n|switch|p1a: Tornadus|Tornadus, L82, M|263/263\n|move|p2a: Delphox|Fire Blast|p1a: Tornadus\n|-damage|p1a: Tornadus|118/263\n|\n|upkeep\n|turn|12\n|\n|t:|1781404894\n|move|p1a: Tornadus|Bleakwind Storm|p2a: Delphox\n|-damage|p2a: Delphox|56/263\n|move|p2a: Delphox|Fire Blast|p1a: Tornadus\n|-damage|p1a: Tornadus|0 fnt\n|faint|p1a: Tornadus\n|\n|upkeep\n|\n|t:|1781404898\n|switch|p1a: Araquanid|Araquanid, L82, F|246/246\n|turn|13\n|\n|t:|1781404901\n|switch|p2a: Gumshoos|Gumshoos, L95, F|169/321\n|-damage|p2a: Gumshoos|129/321|[from] Stealth Rock\n|move|p1a: Araquanid|Sticky Web|p2a: Gumshoos\n|-sidestart|p2: qiuescent|move: Sticky Web\n|\n|upkeep\n|turn|14\n|\n|t:|1781404917\n|switch|p1a: Avalugg|Avalugg-Hisui, L90, M|250/317\n|move|p2a: Gumshoos|Double-Edge|p1a: Avalugg\n|-resisted|p1a: Avalugg\n|-damage|p1a: Avalugg|119/317\n|-damage|p2a: Gumshoos|86/321|[from] Recoil\n|\n|upkeep\n|turn|15\n|\n|t:|1781404921\n|switch|p2a: Delphox|Delphox, L84, M|56/263\n|move|p1a: Avalugg|Recover|p1a: Avalugg\n|-heal|p1a: Avalugg|278/317\n|\n|upkeep\n|turn|16\n|\n|t:|1781404929\n|switch|p1a: Araquanid|Araquanid, L82, F|246/246\n|move|p2a: Delphox|Fire Blast|p1a: Araquanid|[miss]\n|-miss|p2a: Delphox|p1a: Araquanid\n|\n|upkeep\n|turn|17\n|\n|t:|1781404934\n|switch|p2a: Drifblim|Drifblim, L86, F|396/396\n|-damage|p2a: Drifblim|297/396|[from] Stealth Rock\n|move|p1a: Araquanid|Leech Life|p2a: Drifblim\n|-resisted|p2a: Drifblim\n|-damage|p2a: Drifblim|274/396\n|\n|upkeep\n|turn|18\n|\n|t:|1781404942\n|switch|p1a: Grimmsnarl|Grimmsnarl, L83, M|87/293\n|move|p2a: Drifblim|Air Slash|p1a: Grimmsnarl\n|-damage|p1a: Grimmsnarl|0 fnt\n|faint|p1a: Grimmsnarl\n|\n|upkeep\n|\n|t:|1781404950\n|switch|p1a: Avalugg|Avalugg-Hisui, L90, M|278/317\n|turn|19\n|\n|t:|1781404958\n|move|p2a: Drifblim|Strength Sap|p1a: Avalugg\n|-unboost|p1a: Avalugg|atk|1\n|-heal|p2a: Drifblim|396/396\n|move|p1a: Avalugg|Stone Edge|p2a: Drifblim\n|-supereffective|p2a: Drifblim\n|-damage|p2a: Drifblim|58/396\n|-enditem|p2a: Drifblim|Sitrus Berry|[eat]\n|-heal|p2a: Drifblim|157/396|[from] item: Sitrus Berry\n|\n|upkeep\n|turn|20\n|\n|t:|1781404970\n|switch|p1a: Araquanid|Araquanid, L82, F|246/246\n|move|p2a: Drifblim|Strength Sap|p1a: Araquanid\n|-unboost|p1a: Araquanid|atk|1\n|-heal|p2a: Drifblim|319/396\n|\n|upkeep\n|turn|21\n|\n|t:|1781404978\n|switch|p1a: Avalugg|Avalugg-Hisui, L90, M|278/317\n|move|p2a: Drifblim|Calm Mind|p2a: Drifblim\n|-boost|p2a: Drifblim|spa|1\n|-boost|p2a: Drifblim|spd|1\n|\n|upkeep\n|turn|22\n|\n|t:|1781404986\n|-terastallize|p2a: Drifblim|Steel\n|move|p2a: Drifblim|Shadow Ball|p1a: Avalugg\n|-damage|p1a: Avalugg|73/317\n|-unboost|p1a: Avalugg|spd|1\n|move|p1a: Avalugg|Stone Edge|p2a: Drifblim\n|-resisted|p2a: Drifblim\n|-damage|p2a: Drifblim|196/396\n|\n|upkeep\n|turn|23\n|\n|t:|1781404995\n|move|p2a: Drifblim|Shadow Ball|p1a: Avalugg\n|-damage|p1a: Avalugg|0 fnt\n|faint|p1a: Avalugg\n|\n|upkeep\n|\n|t:|1781405000\n|switch|p1a: Metagross|Metagross, L79|186/256\n|turn|24\n|\n|t:|1781405004\n|-terastallize|p1a: Metagross|Water\n|move|p2a: Drifblim|Shadow Ball|p1a: Metagross\n|-damage|p1a: Metagross|56/256\n|move|p1a: Metagross|Earthquake|p2a: Drifblim\n|-supereffective|p2a: Drifblim\n|-damage|p2a: Drifblim|0 fnt\n|faint|p2a: Drifblim\n|\n|-heal|p1a: Metagross|72/256|[from] item: Leftovers\n|upkeep\n|\n|t:|1781405014\n|switch|p2a: Spiritomb|Spiritomb, L89, M|234/234\n|-damage|p2a: Spiritomb|205/234|[from] Stealth Rock\n|-activate|p2a: Spiritomb|move: Sticky Web\n|-unboost|p2a: Spiritomb|spe|1\n|turn|25\n|\n|t:|1781405019\n|move|p1a: Metagross|Heavy Slam|p2a: Spiritomb\n|-damage|p2a: Spiritomb|91/234\n|move|p2a: Spiritomb|Foul Play|p1a: Metagross\n|-damage|p1a: Metagross|0 fnt\n|faint|p1a: Metagross\n|\n|-heal|p2a: Spiritomb|105/234|[from] item: Leftovers\n|upkeep\n|\n|t:|1781405022\n|switch|p1a: Araquanid|Araquanid, L82, F|246/246\n|turn|26\n|\n|t:|1781405026\n|move|p1a: Araquanid|Liquidation|p2a: Spiritomb\n|-damage|p2a: Spiritomb|0 fnt\n|faint|p2a: Spiritomb\n|\n|upkeep\n|\n|t:|1781405030\n|switch|p2a: Delphox|Delphox, L84, M|56/263\n|turn|27\n|\n|t:|1781405033\n|move|p2a: Delphox|Fire Blast|p1a: Araquanid\n|-damage|p1a: Araquanid|168/246\n|move|p1a: Araquanid|Liquidation|p2a: Delphox\n|-supereffective|p2a: Delphox\n|-damage|p2a: Delphox|0 fnt\n|faint|p2a: Delphox\n|\n|upkeep\n|\n|t:|1781405034\n|switch|p2a: Gumshoos|Gumshoos, L95, F|86/321\n|-damage|p2a: Gumshoos|46/321|[from] Stealth Rock\n|-activate|p2a: Gumshoos|move: Sticky Web\n|-unboost|p2a: Gumshoos|spe|1\n|turn|28\n|\n|t:|1781405036\n|move|p1a: Araquanid|Liquidation|p2a: Gumshoos\n|-crit|p2a: Gumshoos\n|-damage|p2a: Gumshoos|0 fnt\n|faint|p2a: Gumshoos\n|\n|win|skippyjonez\n", "inputlog": ">version a8376a258c1d4662feba110a92103f3664a72141\n>start {\"formatid\":\"gen9randombattle\",\"seed\":\"sodium,59b0ce63f1ff1476dd5cd8749ffca2bd\",\"rated\":\"Rated battle\"}\n>player p1 {\"name\":\"skippyjonez\",\"avatar\":\"cameraman\",\"rating\":2140,\"seed\":\"sodium,e681b7e693ecc2bf1c70c6e8ba6f0034\"}\n>player p2 {\"name\":\"qiuescent\",\"avatar\":\"169\",\"rating\":2143,\"seed\":\"sodium,a7739143351399ea6c3aca46788022c8\"}\n>p1 move closecombat\n>p2 move leafstorm\n>p1 switch 2\n>p1 move uturn\n>p2 move knockoff\n>p1 switch 4\n>p2 switch 4\n>p1 move reflect\n>p2 move doubleedge\n>p1 switch 3\n>p2 move doubleedge\n>p1 move stealthrock\n>p2 switch 5\n>p1 switch 3\n>p2 move foulplay\n>p1 move spiritbreak\n>p2 switch 2\n>p1 switch 6\n>p2 switch 5\n>p1 switch 5\n>p2 move doubleedge\n>p1 move stoneedge\n>p2 switch 3\n>p2 switch 5\n>p1 switch 4\n>p2 move fireblast\n>p1 move bleakwindstorm\n>p2 move fireblast\n>p1 switch 5\n>p1 move stickyweb\n>p2 switch 3\n>p1 switch 4\n>p2 move doubleedge\n>p1 move recover\n>p2 switch 3\n>p1 switch 4\n>p2 move fireblast\n>p1 move leechlife\n>p2 switch 6\n>p1 switch 6\n>p2 move airslash\n>p1 switch 4\n>p1 move stoneedge\n>p2 move strengthsap\n>p1 switch 6\n>p2 move strengthsap\n>p1 switch 6\n>p2 move calmmind\n>p1 move stoneedge\n>p2 move shadowball terastallize\n>p1 move bodypress\n>p2 move shadowball\n>p1 switch 3\n>p1 move earthquake terastallize\n>p2 move shadowball\n>p2 switch 2\n>p1 move heavyslam\n>p2 move foulplay\n>p1 switch 6\n>p1 move liquidation\n>p2 move poltergeist\n>p2 switch 6\n>p1 move liquidation\n>p2 move fireblast\n>p2 switch 3\n>p1 move liquidation\n>p2 move doubleedge", "uploadtime": 1781404740, "views": 27, "formatid": "gen9randombattle", "rating": null, "private": 0, "password": null}