{"id": "gen9randombattle-2631625496", "format": "[Gen 9] Random Battle", "players": ["SoldRpp", "lalo's pollos"], "log": "|j|\u2606SoldRpp\n|j|\u2606lalo's pollos\n|t:|1781410816\n|gametype|singles\n|player|p1|SoldRpp|265|1920\n|player|p2|lalo's pollos|1|1981\n|gen|9\n|tier|[Gen 9] Random Battle\n|rated|\n|rule|Species Clause: Limit one of each Pok\u00e9mon\n|rule|HP Percentage Mod: HP is shown in percentages\n|rule|Sleep Clause Mod: Limit one foe put to sleep\n|rule|Illusion Level Mod: Illusion disguises the Pok\u00e9mon's true level\n|\n|t:|1781410816\n|teamsize|p1|6\n|teamsize|p2|6\n|start\n|switch|p1a: Gliscor|Gliscor, L76, F|239/239\n|switch|p2a: Koraidon|Koraidon, L64|235/235\n|-weather|SunnyDay|[from] ability: Orichalcum Pulse|[of] p2a: Koraidon\n|-activate|p2a: Koraidon|Orichalcum Pulse|[source]\n|turn|1\n|inactive|Battle timer is ON: inactive players will automatically lose when time's up. (requested by SoldRpp)\n|inactive|lalo's pollos has 120 seconds left.\n|inactive|lalo's pollos has 90 seconds left.\n|\n|t:|1781410884\n|move|p2a: Koraidon|Swords Dance|p2a: Koraidon\n|-boost|p2a: Koraidon|atk|2\n|move|p1a: Gliscor|Toxic|p2a: Koraidon\n|-status|p2a: Koraidon|tox\n|\n|-weather|SunnyDay|[upkeep]\n|-damage|p2a: Koraidon|221/235 tox|[from] psn\n|-status|p1a: Gliscor|tox|[from] item: Toxic Orb\n|upkeep\n|turn|2\n|\n|t:|1781410892\n|move|p1a: Gliscor|Protect|p1a: Gliscor\n|-singleturn|p1a: Gliscor|Protect\n|move|p2a: Koraidon|Swords Dance|p2a: Koraidon\n|-boost|p2a: Koraidon|atk|2\n|\n|-weather|SunnyDay|[upkeep]\n|-damage|p2a: Koraidon|193/235 tox|[from] psn\n|upkeep\n|turn|3\n|inactive|SoldRpp has 120 seconds left.\n|\n|t:|1781410933\n|switch|p1a: Smeargle|Smeargle, L95, M|258/258\n|move|p2a: Koraidon|Scale Shot|p1a: Smeargle\n|-damage|p1a: Smeargle|120/258\n|-damage|p1a: Smeargle|0 fnt\n|faint|p1a: Smeargle\n|-hitcount|p1: Smeargle|2\n|-unboost|p2a: Koraidon|def|1\n|-boost|p2a: Koraidon|spe|1\n|\n|-weather|SunnyDay|[upkeep]\n|-damage|p2a: Koraidon|151/235 tox|[from] psn\n|upkeep\n|\n|t:|1781410953\n|switch|p1a: Trevenant|Trevenant, L89, F|296/296\n|turn|4\n|\n|t:|1781410956\n|move|p1a: Trevenant|Protect|p1a: Trevenant\n|-singleturn|p1a: Trevenant|Protect\n|move|p2a: Koraidon|Scale Shot|p1a: Trevenant\n|-activate|p1a: Trevenant|move: Protect\n|\n|-weather|SunnyDay|[upkeep]\n|-damage|p2a: Koraidon|95/235 tox|[from] psn\n|upkeep\n|turn|5\n|\n|t:|1781410965\n|move|p2a: Koraidon|Flare Blitz|p1a: Trevenant\n|-supereffective|p1a: Trevenant\n|-damage|p1a: Trevenant|0 fnt\n|faint|p1a: Trevenant\n|-damage|p2a: Koraidon|0 fnt|[from] Recoil\n|faint|p2a: Koraidon\n|\n|-weather|none\n|upkeep\n|\n|t:|1781410977\n|switch|p2a: Manaphy|Manaphy, L78|284/284\n|switch|p1a: Lurantis|Lurantis, L87, M|264/264\n|turn|6\n|inactive|SoldRpp has 120 seconds left.\n|\n|t:|1781410989\n|move|p2a: Manaphy|Tail Glow|p2a: Manaphy\n|-boost|p2a: Manaphy|spa|3\n|move|p1a: Lurantis|Leaf Storm|p2a: Manaphy\n|-supereffective|p2a: Manaphy\n|-damage|p2a: Manaphy|18/284\n|-boost|p1a: Lurantis|spa|2\n|\n|-heal|p2a: Manaphy|35/284|[from] item: Leftovers\n|upkeep\n|turn|7\n|inactive|SoldRpp has 120 seconds left.\n|\n|t:|1781410999\n|switch|p1a: Salazzle|Salazzle, L83, F|249/249\n|move|p2a: Manaphy|Ice Beam|p1a: Salazzle\n|-resisted|p1a: Salazzle\n|-damage|p1a: Salazzle|161/249\n|\n|-heal|p2a: Manaphy|52/284|[from] item: Leftovers\n|upkeep\n|turn|8\n|inactive|SoldRpp has 120 seconds left.\n|\n|t:|1781411005\n|move|p1a: Salazzle|Sludge Wave|p2a: Manaphy\n|-damage|p2a: Manaphy|0 fnt\n|faint|p2a: Manaphy\n|\n|upkeep\n|\n|t:|1781411015\n|switch|p2a: Passimian|Passimian, L83, M|302/302\n|turn|9\n|\n|t:|1781411023\n|switch|p1a: Gliscor|Gliscor, L76, F|239/239 tox\n|move|p2a: Passimian|Rock Slide|p1a: Gliscor\n|-damage|p1a: Gliscor|184/239 tox\n|\n|-heal|p1a: Gliscor|213/239 tox|[from] ability: Poison Heal\n|upkeep\n|turn|10\n|\n|t:|1781411029\n|switch|p2a: Duraludon|Duraludon, L82, M|249/249\n|move|p1a: Gliscor|Substitute|p1a: Gliscor\n|-start|p1a: Gliscor|Substitute\n|-damage|p1a: Gliscor|154/239 tox\n|\n|-heal|p1a: Gliscor|183/239 tox|[from] ability: Poison Heal\n|upkeep\n|turn|11\n|\n|t:|1781411034\n|move|p1a: Gliscor|Earthquake|p2a: Duraludon\n|-supereffective|p2a: Duraludon\n|-damage|p2a: Duraludon|147/249\n|move|p2a: Duraludon|Flash Cannon|p1a: Gliscor\n|-end|p1a: Gliscor|Substitute\n|\n|-heal|p1a: Gliscor|212/239 tox|[from] ability: Poison Heal\n|upkeep\n|turn|12\n|\n|t:|1781411041\n|move|p1a: Gliscor|Protect|p1a: Gliscor\n|-singleturn|p1a: Gliscor|Protect\n|move|p2a: Duraludon|Flash Cannon|p1a: Gliscor\n|-activate|p1a: Gliscor|move: Protect\n|\n|-heal|p1a: Gliscor|239/239 tox|[from] ability: Poison Heal\n|upkeep\n|turn|13\n|\n|t:|1781411048\n|move|p1a: Gliscor|Earthquake|p2a: Duraludon\n|-supereffective|p2a: Duraludon\n|-damage|p2a: Duraludon|49/249\n|move|p2a: Duraludon|Flash Cannon|p1a: Gliscor\n|-damage|p1a: Gliscor|121/239 tox\n|\n|-heal|p1a: Gliscor|150/239 tox|[from] ability: Poison Heal\n|upkeep\n|turn|14\n|\n|t:|1781411053\n|move|p1a: Gliscor|Earthquake|p2a: Duraludon\n|-supereffective|p2a: Duraludon\n|-damage|p2a: Duraludon|0 fnt\n|faint|p2a: Duraludon\n|\n|-heal|p1a: Gliscor|179/239 tox|[from] ability: Poison Heal\n|upkeep\n|\n|t:|1781411059\n|switch|p2a: Lunala|Lunala, L70|308/308\n|turn|15\n|-message|lalo's pollos forfeited.\n|\n|win|SoldRpp\n", "inputlog": ">version a8376a258c1d4662feba110a92103f3664a72141\n>start {\"formatid\":\"gen9randombattle\",\"seed\":\"sodium,7665d0edaf4774486bcbeda3c3cac76e\",\"rated\":\"Rated battle\"}\n>player p1 {\"name\":\"SoldRpp\",\"avatar\":\"265\",\"rating\":1920,\"seed\":\"sodium,aa83f7bbbcc541b3faaab8423f4696ae\"}\n>player p2 {\"name\":\"lalo's pollos\",\"avatar\":\"1\",\"rating\":1981,\"seed\":\"sodium,72869ec06fad33e7c7dfdd115bc84d5b\"}\n>p1 move toxic\n>p2 move swordsdance\n>p1 move protect\n>p2 move swordsdance\n>p1 switch 4\n>p2 move scaleshot\n>p1 switch 2\n>p1 move protect\n>p2 move scaleshot\n>p1 move drainpunch\n>p2 move flareblitz\n>p1 switch 6\n>p2 switch 4\n>p1 move leafstorm\n>p2 move tailglow\n>p1 switch 5\n>p2 move icebeam\n>p1 move sludgewave\n>p2 move surf\n>p2 switch 3\n>p1 switch 4\n>p2 move rockslide\n>p1 move substitute\n>p2 switch 6\n>p1 move earthquake\n>p2 move flashcannon\n>p1 move protect\n>p2 move flashcannon\n>p1 move earthquake\n>p2 move flashcannon\n>p1 move earthquake\n>p2 move stealthrock\n>p2 switch 2\n>forcelose p2", "uploadtime": 1781410818, "views": 4, "formatid": "gen9randombattle", "rating": null, "private": 0, "password": null}