{"id": "gen9randombattle-2631373752", "format": "[Gen 9] Random Battle", "players": ["not haruno", "cee09"], "log": "|j|\u2606not haruno\n|j|\u2606cee09\n|t:|1781377057\n|gametype|singles\n|player|p1|not haruno|#notharuno|1971\n|player|p2|cee09|rocket-gen1rb|1968\n|gen|9\n|tier|[Gen 9] Random Battle\n|rated|\n|rule|Species Clause: Limit one of each Pok\u00e9mon\n|rule|HP Percentage Mod: HP is shown in percentages\n|rule|Sleep Clause Mod: Limit one foe put to sleep\n|rule|Illusion Level Mod: Illusion disguises the Pok\u00e9mon's true level\n|\n|t:|1781377057\n|teamsize|p1|6\n|teamsize|p2|6\n|start\n|switch|p1a: Ariados|Ariados, L95, F|287/287\n|switch|p2a: Primarina|Primarina, L83, M|268/268\n|turn|1\n|inactive|Battle timer is ON: inactive players will automatically lose when time's up. (requested by cee09)\n|\n|t:|1781377063\n|move|p2a: Primarina|Psychic|p1a: Ariados\n|-supereffective|p1a: Ariados\n|-damage|p1a: Ariados|119/287\n|-unboost|p1a: Ariados|spd|1\n|move|p1a: Ariados|Sticky Web|p2a: Primarina\n|-sidestart|p2: cee09|move: Sticky Web\n|\n|upkeep\n|turn|2\n|\n|t:|1781377073\n|move|p2a: Primarina|Sparkling Aria|p1a: Ariados\n|-damage|p1a: Ariados|0 fnt\n|faint|p1a: Ariados\n|\n|upkeep\n|\n|t:|1781377079\n|switch|p1a: Electrode|Electrode-Hisui, L87|246/246\n|turn|3\n|\n|t:|1781377083\n|switch|p2a: Tsareena|Tsareena, L87, F|267/267\n|-activate|p2a: Tsareena|move: Sticky Web\n|-unboost|p2a: Tsareena|spe|1\n|move|p1a: Electrode|Leech Seed|p2a: Tsareena\n|-immune|p2a: Tsareena\n|\n|upkeep\n|turn|4\n|\n|t:|1781377088\n|switch|p1a: Incineroar|Incineroar, L82, F|290/290\n|-ability|p1a: Incineroar|Intimidate|boost\n|-unboost|p2a: Tsareena|atk|1\n|move|p2a: Tsareena|Triple Axel|p1a: Incineroar\n|-resisted|p1a: Incineroar\n|-damage|p1a: Incineroar|281/290\n|-resisted|p1a: Incineroar\n|-crit|p1a: Incineroar\n|-damage|p1a: Incineroar|242/290\n|-resisted|p1a: Incineroar\n|-crit|p1a: Incineroar\n|-damage|p1a: Incineroar|185/290\n|-hitcount|p1a: Incineroar|3\n|-damage|p2a: Tsareena|241/267|[from] item: Life Orb\n|\n|upkeep\n|turn|5\n|\n|t:|1781377092\n|switch|p2a: Primarina|Primarina, L83, M|268/268\n|-activate|p2a: Primarina|move: Sticky Web\n|-unboost|p2a: Primarina|spe|1\n|move|p1a: Incineroar|Knock Off|p2a: Primarina\n|-resisted|p2a: Primarina\n|-damage|p2a: Primarina|209/268\n|-enditem|p2a: Primarina|Leftovers|[from] move: Knock Off|[of] p1a: Incineroar\n|\n|upkeep\n|turn|6\n|\n|t:|1781377095\n|move|p1a: Incineroar|U-turn|p2a: Primarina\n|-resisted|p2a: Primarina\n|-damage|p2a: Primarina|181/268\n|\n|t:|1781377097\n|switch|p1a: Electrode|Electrode-Hisui, L87|246/246|[from] U-turn\n|move|p2a: Primarina|Draining Kiss|p1a: Electrode\n|-damage|p1a: Electrode|183/246\n|-heal|p2a: Primarina|228/268|[from] drain|[of] p1a: Electrode\n|\n|-heal|p1a: Electrode|198/246|[from] item: Leftovers\n|upkeep\n|turn|7\n|\n|t:|1781377106\n|move|p1a: Electrode|Thunderbolt|p2a: Primarina\n|-supereffective|p2a: Primarina\n|-damage|p2a: Primarina|82/268\n|move|p2a: Primarina|Sparkling Aria|p1a: Electrode\n|-immune|p1a: Electrode|[from] ability: Soundproof\n|\n|-heal|p1a: Electrode|213/246|[from] item: Leftovers\n|upkeep\n|turn|8\n|\n|t:|1781377115\n|switch|p2a: Tsareena|Tsareena, L87, F|241/267\n|-activate|p2a: Tsareena|move: Sticky Web\n|-unboost|p2a: Tsareena|spe|1\n|move|p1a: Electrode|Thunderbolt|p2a: Tsareena\n|-resisted|p2a: Tsareena\n|-damage|p2a: Tsareena|202/267\n|\n|-heal|p1a: Electrode|228/246|[from] item: Leftovers\n|upkeep\n|turn|9\n|\n|t:|1781377117\n|switch|p1a: Incineroar|Incineroar, L82, F|185/290\n|-ability|p1a: Incineroar|Intimidate|boost\n|-unboost|p2a: Tsareena|atk|1\n|move|p2a: Tsareena|High Jump Kick|p1a: Incineroar\n|-supereffective|p1a: Incineroar\n|-damage|p1a: Incineroar|0 fnt\n|faint|p1a: Incineroar\n|-damage|p2a: Tsareena|176/267|[from] item: Life Orb\n|\n|upkeep\n|\n|t:|1781377123\n|switch|p1a: Deoxys|Deoxys-Attack, L72|191/191\n|-ability|p1a: Deoxys|Pressure\n|turn|10\n|\n|t:|1781377126\n|switch|p2a: Primarina|Primarina, L83, M|82/268\n|-activate|p2a: Primarina|move: Sticky Web\n|-unboost|p2a: Primarina|spe|1\n|move|p1a: Deoxys|Ice Beam|p2a: Primarina\n|-resisted|p2a: Primarina\n|-damage|p2a: Primarina|43/268\n|-status|p2a: Primarina|frz\n|-damage|p1a: Deoxys|172/191|[from] item: Life Orb\n|\n|upkeep\n|turn|11\n|\n|t:|1781377133\n|move|p1a: Deoxys|Superpower|p2a: Primarina\n|-resisted|p2a: Primarina\n|-damage|p2a: Primarina|0 fnt\n|-unboost|p1a: Deoxys|atk|1\n|-unboost|p1a: Deoxys|def|1\n|faint|p2a: Primarina\n|-damage|p1a: Deoxys|153/191|[from] item: Life Orb\n|\n|upkeep\n|\n|t:|1781377140\n|switch|p2a: Oinkologne|Oinkologne-F, L92, F|361/361\n|-activate|p2a: Oinkologne|move: Sticky Web\n|-unboost|p2a: Oinkologne|spe|1\n|turn|12\n|\n|t:|1781377145\n|switch|p1a: Wigglytuff|Wigglytuff, L96, M|424/424\n|move|p2a: Oinkologne|Body Slam|p1a: Wigglytuff\n|-damage|p1a: Wigglytuff|297/424\n|\n|-heal|p1a: Wigglytuff|323/424|[from] item: Leftovers\n|upkeep\n|turn|13\n|\n|t:|1781377147\n|move|p1a: Wigglytuff|Knock Off|p2a: Oinkologne\n|-damage|p2a: Oinkologne|283/361\n|-enditem|p2a: Oinkologne|Leftovers|[from] move: Knock Off|[of] p1a: Wigglytuff\n|move|p2a: Oinkologne|Body Slam|p1a: Wigglytuff\n|-damage|p1a: Wigglytuff|175/424\n|\n|-heal|p1a: Wigglytuff|201/424|[from] item: Leftovers\n|upkeep\n|turn|14\n|\n|t:|1781377152\n|move|p1a: Wigglytuff|Dazzling Gleam|p2a: Oinkologne\n|-damage|p2a: Oinkologne|199/361\n|move|p2a: Oinkologne|Body Slam|p1a: Wigglytuff\n|-crit|p1a: Wigglytuff\n|-damage|p1a: Wigglytuff|3/424\n|-status|p1a: Wigglytuff|par\n|\n|-heal|p1a: Wigglytuff|29/424 par|[from] item: Leftovers\n|upkeep\n|turn|15\n|\n|t:|1781377154\n|move|p2a: Oinkologne|Body Slam|p1a: Wigglytuff\n|-damage|p1a: Wigglytuff|0 fnt\n|faint|p1a: Wigglytuff\n|\n|upkeep\n|\n|t:|1781377159\n|switch|p1a: Deoxys|Deoxys-Attack, L72|153/191\n|-ability|p1a: Deoxys|Pressure\n|turn|16\n|\n|t:|1781377163\n|move|p1a: Deoxys|Superpower|p2a: Oinkologne\n|-supereffective|p2a: Oinkologne\n|-damage|p2a: Oinkologne|0 fnt\n|-unboost|p1a: Deoxys|atk|1\n|-unboost|p1a: Deoxys|def|1\n|faint|p2a: Oinkologne\n|-damage|p1a: Deoxys|134/191|[from] item: Life Orb\n|\n|upkeep\n|\n|t:|1781377167\n|switch|p2a: Scizor|Scizor, L79, M|240/240\n|-activate|p2a: Scizor|move: Sticky Web\n|-unboost|p2a: Scizor|spe|1\n|turn|17\n|\n|t:|1781377173\n|switch|p1a: Barraskewda|Barraskewda, L81, F|231/231\n|move|p2a: Scizor|Bug Bite|p1a: Barraskewda\n|-damage|p1a: Barraskewda|50/231\n|-damage|p2a: Scizor|216/240|[from] item: Life Orb\n|\n|upkeep\n|turn|18\n|\n|t:|1781377178\n|move|p2a: Scizor|Bullet Punch|p1a: Barraskewda\n|-resisted|p1a: Barraskewda\n|-damage|p1a: Barraskewda|0 fnt\n|faint|p1a: Barraskewda\n|-damage|p2a: Scizor|192/240|[from] item: Life Orb\n|\n|upkeep\n|\n|t:|1781377180\n|switch|p1a: Electrode|Electrode-Hisui, L87|228/246\n|turn|19\n|\n|t:|1781377193\n|move|p1a: Electrode|Substitute|p1a: Electrode\n|-start|p1a: Electrode|Substitute\n|-damage|p1a: Electrode|167/246\n|move|p2a: Scizor|Knock Off|p1a: Electrode\n|-end|p1a: Electrode|Substitute\n|-damage|p2a: Scizor|168/240|[from] item: Life Orb\n|\n|-heal|p1a: Electrode|182/246|[from] item: Leftovers\n|upkeep\n|turn|20\n|\n|t:|1781377197\n|switch|p2a: Tsareena|Tsareena, L87, F|176/267\n|-activate|p2a: Tsareena|move: Sticky Web\n|-unboost|p2a: Tsareena|spe|1\n|move|p1a: Electrode|Substitute|p1a: Electrode\n|-start|p1a: Electrode|Substitute\n|-damage|p1a: Electrode|121/246\n|\n|-heal|p1a: Electrode|136/246|[from] item: Leftovers\n|upkeep\n|turn|21\n|\n|t:|1781377199\n|move|p1a: Electrode|Thunderbolt|p2a: Tsareena\n|-resisted|p2a: Tsareena\n|-damage|p2a: Tsareena|137/267\n|move|p2a: Tsareena|Triple Axel|p1a: Electrode\n|-supereffective|p1a: Electrode\n|-activate|p1a: Electrode|move: Substitute|[damage]\n|-supereffective|p1a: Electrode\n|-end|p1a: Electrode|Substitute\n|-hitcount|p1a: Electrode|2\n|-damage|p2a: Tsareena|111/267|[from] item: Life Orb\n|\n|-heal|p1a: Electrode|151/246|[from] item: Leftovers\n|upkeep\n|turn|22\n|\n|t:|1781377204\n|move|p1a: Electrode|Thunderbolt|p2a: Tsareena\n|-resisted|p2a: Tsareena\n|-damage|p2a: Tsareena|71/267\n|move|p2a: Tsareena|Triple Axel|p1a: Electrode\n|-supereffective|p1a: Electrode\n|-damage|p1a: Electrode|99/246\n|-hitcount|p1a: Electrode|1\n|-damage|p2a: Tsareena|45/267|[from] item: Life Orb\n|\n|-heal|p1a: Electrode|114/246|[from] item: Leftovers\n|upkeep\n|turn|23\n|\n|t:|1781377210\n|move|p1a: Electrode|Thunderbolt|p2a: Tsareena\n|-resisted|p2a: Tsareena\n|-damage|p2a: Tsareena|3/267\n|move|p2a: Tsareena|Triple Axel|p1a: Electrode\n|-supereffective|p1a: Electrode\n|-damage|p1a: Electrode|62/246\n|-supereffective|p1a: Electrode\n|-damage|p1a: Electrode|0 fnt\n|faint|p1a: Electrode\n|-hitcount|p1: Electrode|2\n|-damage|p2a: Tsareena|0 fnt|[from] item: Life Orb\n|faint|p2a: Tsareena\n|\n|upkeep\n|\n|t:|1781377213\n|switch|p1a: Deoxys|Deoxys-Attack, L72|134/191\n|switch|p2a: Scizor|Scizor, L79, M|168/240\n|-ability|p1a: Deoxys|Pressure\n|-activate|p2a: Scizor|move: Sticky Web\n|-unboost|p2a: Scizor|spe|1\n|turn|24\n|-message|not haruno forfeited.\n|\n|win|cee09\n", "inputlog": ">version a8376a258c1d4662feba110a92103f3664a72141\n>start {\"formatid\":\"gen9randombattle\",\"seed\":\"sodium,df6c43af6d08baeda74d473a5241d738\",\"rated\":\"Rated battle\"}\n>player p1 {\"name\":\"not haruno\",\"avatar\":\"#notharuno\",\"rating\":1971,\"seed\":\"sodium,46b97cf968b1f324e124fde20a89fe85\"}\n>player p2 {\"name\":\"cee09\",\"avatar\":\"rocket-gen1rb\",\"rating\":1968,\"seed\":\"sodium,a29635e0818a2d34591577875083ae8f\"}\n>p1 move stickyweb\n>p2 move psychic\n>p1 move poisonjab\n>p2 move sparklingaria\n>p1 switch 3\n>p1 move leechseed\n>p2 switch 2\n>p1 switch 4\n>p2 move tripleaxel\n>p1 move knockoff\n>p2 switch 2\n>p1 move uturn\n>p2 move drainingkiss\n>p1 switch 4\n>p1 move thunderbolt\n>p2 move sparklingaria\n>p1 move thunderbolt\n>p2 switch 2\n>p1 switch 4\n>p2 move highjumpkick\n>p1 switch 5\n>p1 move icebeam\n>p2 switch 2\n>p1 move superpower\n>p2 move drainingkiss\n>p2 switch 6\n>p1 switch 6\n>p2 move bodyslam\n>p1 move knockoff\n>p2 move bodyslam\n>p1 move dazzlinggleam\n>p2 move bodyslam\n>p1 move dazzlinggleam\n>p2 move bodyslam\n>p1 switch 6\n>p1 move superpower\n>p2 move bodyslam\n>p2 switch 5\n>p1 switch 2\n>p2 move bugbite\n>p1 move waterfall\n>p2 move bulletpunch\n>p1 switch 4\n>p1 move substitute\n>p2 move knockoff\n>p1 move substitute\n>p2 switch 2\n>p1 move thunderbolt\n>p2 move tripleaxel\n>p1 move thunderbolt\n>p2 move tripleaxel\n>p1 move thunderbolt\n>p2 move tripleaxel\n>p1 switch 2\n>p2 switch 2\n>forcelose p1", "uploadtime": 1781377059, "views": 8, "formatid": "gen9randombattle", "rating": null, "private": 0, "password": null}