{"id": "gen9randombattle-2631814117", "format": "[Gen 9] Random Battle", "players": ["centrallimittheory", "46455i"], "log": "|j|\u2606centrallimittheory\n|j|\u260646455i\n|t:|1781443480\n|gametype|singles\n|player|p1|centrallimittheory|crasherwake|2018\n|player|p2|46455i|fisherman-gen4|2040\n|gen|9\n|tier|[Gen 9] Random Battle\n|rated|\n|rule|Species Clause: Limit one of each Pok\u00e9mon\n|rule|HP Percentage Mod: HP is shown in percentages\n|rule|Sleep Clause Mod: Limit one foe put to sleep\n|rule|Illusion Level Mod: Illusion disguises the Pok\u00e9mon's true level\n|\n|t:|1781443480\n|teamsize|p1|6\n|teamsize|p2|6\n|start\n|switch|p1a: Sudowoodo|Sudowoodo, L94, F|284/284\n|switch|p2a: Vaporeon|Vaporeon, L86, F|364/364\n|turn|1\n|inactive|Battle timer is ON: inactive players will automatically lose when time's up. (requested by centrallimittheory)\n|\n|t:|1781443492\n|move|p2a: Vaporeon|Scald|p1a: Sudowoodo\n|-supereffective|p1a: Sudowoodo\n|-damage|p1a: Sudowoodo|72/284\n|-status|p1a: Sudowoodo|brn\n|move|p1a: Sudowoodo|Wood Hammer|p2a: Vaporeon\n|-supereffective|p2a: Vaporeon\n|-damage|p2a: Vaporeon|225/364\n|\n|-heal|p2a: Vaporeon|247/364|[from] item: Leftovers\n|-heal|p1a: Sudowoodo|89/284 brn|[from] item: Leftovers\n|-damage|p1a: Sudowoodo|72/284 brn|[from] brn\n|upkeep\n|turn|2\n|\n|t:|1781443500\n|move|p2a: Vaporeon|Scald|p1a: Sudowoodo\n|-supereffective|p1a: Sudowoodo\n|-damage|p1a: Sudowoodo|0 fnt\n|faint|p1a: Sudowoodo\n|\n|-heal|p2a: Vaporeon|269/364|[from] item: Leftovers\n|upkeep\n|\n|t:|1781443502\n|switch|p1a: Regieleki|Regieleki, L79|256/256\n|turn|3\n|\n|t:|1781443506\n|switch|p2a: Ampharos|Ampharos, L88, M|302/302\n|move|p1a: Regieleki|Volt Switch|p2a: Ampharos\n|-resisted|p2a: Ampharos\n|-damage|p2a: Ampharos|267/302\n|\n|t:|1781443510\n|switch|p1a: Mamoswine|Mamoswine, L81, F|311/311|[from] Volt Switch\n|\n|upkeep\n|turn|4\n|\n|t:|1781443514\n|switch|p2a: Wyrdeer|Wyrdeer, L87, M|321/321\n|-ability|p2a: Wyrdeer|Intimidate|boost\n|-unboost|p1a: Mamoswine|atk|1\n|move|p1a: Mamoswine|Icicle Crash|p2a: Wyrdeer\n|-crit|p2a: Wyrdeer\n|-damage|p2a: Wyrdeer|50/321\n|\n|-heal|p2a: Wyrdeer|70/321|[from] item: Leftovers\n|upkeep\n|turn|5\n|\n|t:|1781443519\n|switch|p2a: Vaporeon|Vaporeon, L86, F|269/364\n|move|p1a: Mamoswine|Icicle Crash|p2a: Vaporeon\n|-resisted|p2a: Vaporeon\n|-damage|p2a: Vaporeon|199/364\n|\n|-heal|p2a: Vaporeon|221/364|[from] item: Leftovers\n|upkeep\n|turn|6\n|\n|t:|1781443522\n|switch|p1a: Regieleki|Regieleki, L79|256/256\n|move|p2a: Vaporeon|Wish|p2a: Vaporeon\n|\n|-heal|p2a: Vaporeon|243/364|[from] item: Leftovers\n|upkeep\n|turn|7\n|\n|t:|1781443525\n|move|p2a: Vaporeon|Protect|p2a: Vaporeon\n|-singleturn|p2a: Vaporeon|Protect\n|move|p1a: Regieleki|Volt Switch|p2a: Vaporeon\n|-activate|p2a: Vaporeon|move: Protect\n|\n|-heal|p2a: Vaporeon|364/364|[from] move: Wish|[wisher] Vaporeon\n|upkeep\n|turn|8\n|\n|t:|1781443528\n|switch|p2a: Ampharos|Ampharos, L88, M|267/302\n|move|p1a: Regieleki|Volt Switch|p2a: Ampharos\n|-resisted|p2a: Ampharos\n|-damage|p2a: Ampharos|235/302\n|\n|t:|1781443532\n|switch|p1a: Mamoswine|Mamoswine, L81, F|311/311|[from] Volt Switch\n|\n|upkeep\n|turn|9\n|\n|t:|1781443536\n|switch|p2a: Wyrdeer|Wyrdeer, L87, M|70/321\n|-ability|p2a: Wyrdeer|Intimidate|boost\n|-unboost|p1a: Mamoswine|atk|1\n|move|p1a: Mamoswine|Earthquake|p2a: Wyrdeer\n|-damage|p2a: Wyrdeer|0 fnt\n|faint|p2a: Wyrdeer\n|\n|upkeep\n|\n|t:|1781443543\n|switch|p2a: Passimian|Passimian, L83, F|302/302\n|turn|10\n|\n|t:|1781443547\n|switch|p1a: Talonflame|Talonflame, L83, F|265/265\n|move|p2a: Passimian|Bulk Up|p2a: Passimian\n|-boost|p2a: Passimian|atk|1\n|-boost|p2a: Passimian|def|1\n|\n|upkeep\n|turn|11\n|\n|t:|1781443552\n|switch|p2a: Coalossal|Coalossal, L89, F|341/341\n|move|p1a: Talonflame|Overheat|p2a: Coalossal\n|-resisted|p2a: Coalossal\n|-damage|p2a: Coalossal|317/341\n|-unboost|p1a: Talonflame|spa|2\n|\n|upkeep\n|turn|12\n|\n|t:|1781443561\n|switch|p1a: Mamoswine|Mamoswine, L81, F|311/311\n|move|p2a: Coalossal|Stone Edge|p1a: Mamoswine\n|-damage|p1a: Mamoswine|194/311\n|\n|upkeep\n|turn|13\n|\n|t:|1781443570\n|-terastallize|p2a: Coalossal|Water\n|move|p1a: Mamoswine|Earthquake|p2a: Coalossal\n|-crit|p2a: Coalossal\n|-damage|p2a: Coalossal|116/341\n|move|p2a: Coalossal|Stealth Rock|p1a: Mamoswine\n|-sidestart|p1: centrallimittheory|move: Stealth Rock\n|\n|upkeep\n|turn|14\n|\n|t:|1781443575\n|move|p1a: Mamoswine|Earthquake|p2a: Coalossal\n|-crit|p2a: Coalossal\n|-damage|p2a: Coalossal|0 fnt\n|faint|p2a: Coalossal\n|\n|upkeep\n|\n|t:|1781443577\n|switch|p2a: Vaporeon|Vaporeon, L86, F|364/364\n|turn|15\n|c|\u2606centrallimittheory|what da ha\n|c|\u2606centrallimittheory|hax\n|\n|t:|1781443587\n|switch|p1a: Regieleki|Regieleki, L79|256/256\n|-damage|p1a: Regieleki|224/256|[from] Stealth Rock\n|move|p2a: Vaporeon|Scald|p1a: Regieleki\n|-damage|p1a: Regieleki|73/256\n|\n|upkeep\n|turn|16\n|\n|t:|1781443591\n|move|p1a: Regieleki|Volt Switch|p2a: Vaporeon\n|-supereffective|p2a: Vaporeon\n|-damage|p2a: Vaporeon|182/364\n|\n|t:|1781443595\n|switch|p1a: Florges|Florges-Blue, L85, F|271/271|[from] Volt Switch\n|-damage|p1a: Florges|238/271|[from] Stealth Rock\n|move|p2a: Vaporeon|Scald|p1a: Florges\n|-damage|p1a: Florges|171/271\n|-status|p1a: Florges|brn\n|\n|-heal|p1a: Florges|187/271 brn|[from] item: Leftovers\n|-heal|p2a: Vaporeon|204/364|[from] item: Leftovers\n|-damage|p1a: Florges|171/271 brn|[from] brn\n|upkeep\n|turn|17\n|\n|t:|1781443603\n|switch|p2a: Terapagos|Terapagos, L77, F|265/265\n|-activate|p2a: Terapagos|ability: Tera Shift\n|detailschange|p2a: Terapagos|Terapagos-Terastal, L77, F\n|-heal|p2a: Terapagos|273/273|[silent]\n|move|p1a: Florges|Calm Mind|p1a: Florges\n|-boost|p1a: Florges|spa|1\n|-boost|p1a: Florges|spd|1\n|\n|-heal|p1a: Florges|187/271 brn|[from] item: Leftovers\n|-damage|p1a: Florges|171/271 brn|[from] brn\n|upkeep\n|turn|18\n|\n|t:|1781443606\n|move|p1a: Florges|Moonblast|p2a: Terapagos\n|-activate|p2a: Terapagos|ability: Tera Shell\n|-resisted|p2a: Terapagos\n|-damage|p2a: Terapagos|188/273\n|-unboost|p2a: Terapagos|spa|1\n|move|p2a: Terapagos|Calm Mind|p2a: Terapagos\n|-boost|p2a: Terapagos|spa|1\n|-boost|p2a: Terapagos|spd|1\n|\n|-heal|p1a: Florges|187/271 brn|[from] item: Leftovers\n|-damage|p1a: Florges|171/271 brn|[from] brn\n|upkeep\n|turn|19\n|\n|t:|1781443610\n|move|p1a: Florges|Moonblast|p2a: Terapagos\n|-damage|p2a: Terapagos|73/273\n|-unboost|p2a: Terapagos|spa|1\n|move|p2a: Terapagos|Rapid Spin|p1a: Florges\n|-damage|p1a: Florges|119/271 brn\n|-boost|p2a: Terapagos|spe|1\n|\n|-heal|p1a: Florges|135/271 brn|[from] item: Leftovers\n|-damage|p1a: Florges|119/271 brn|[from] brn\n|upkeep\n|turn|20\n|\n|t:|1781443615\n|move|p2a: Terapagos|Tera Starstorm|p1a: Florges\n|-damage|p1a: Florges|89/271 brn\n|move|p1a: Florges|Moonblast|p2a: Terapagos\n|-damage|p2a: Terapagos|0 fnt\n|faint|p2a: Terapagos\n|\n|-heal|p1a: Florges|105/271 brn|[from] item: Leftovers\n|-damage|p1a: Florges|89/271 brn|[from] brn\n|upkeep\n|\n|t:|1781443618\n|switch|p2a: Ampharos|Ampharos, L88, M|235/302\n|turn|21\n|l|\u260646455i\n|inactive|46455i disconnected and has a minute to reconnect!\n|player|p2|\n|inactive|46455i has 30 seconds to reconnect!\n|inactive|46455i has 20 seconds to reconnect!\n|inactive|46455i has 15 seconds to reconnect!\n|inactive|46455i has 10 seconds to reconnect!\n|inactive|46455i has 5 seconds to reconnect!\n|-message|46455i lost due to inactivity.\n|\n|win|centrallimittheory\n", "inputlog": ">version a8376a258c1d4662feba110a92103f3664a72141\n>start {\"formatid\":\"gen9randombattle\",\"seed\":\"sodium,5fa715df4d17645a4bfd958b81c0ce0f\",\"rated\":\"Rated battle\"}\n>player p1 {\"name\":\"centrallimittheory\",\"avatar\":\"crasherwake\",\"rating\":2018,\"seed\":\"sodium,3dd0d63e19dad8cba8175ef328cf508d\"}\n>player p2 {\"name\":\"46455i\",\"avatar\":\"fisherman-gen4\",\"rating\":2040,\"seed\":\"sodium,c3ece50814b545ddb30fe61265760e2a\"}\n>p1 move woodhammer\n>p2 move scald\n>p1 move stealthrock\n>p2 move scald\n>p1 switch 5\n>p1 move voltswitch\n>p2 switch 3\n>p1 switch 3\n>p1 move iciclecrash\n>p2 switch 2\n>p1 move iciclecrash\n>p2 switch 3\n>p1 switch 3\n>p2 move wish\n>p1 move voltswitch\n>p2 move protect\n>p1 move voltswitch\n>p2 switch 2\n>p1 switch 3\n>p1 move earthquake\n>p2 switch 3\n>p2 switch 6\n>p1 switch 4\n>p2 move bulkup\n>p1 move overheat\n>p2 switch 5\n>p1 switch 4\n>p2 move stoneedge\n>p1 move earthquake\n>p2 move stealthrock terastallize\n>p1 move earthquake\n>p2 move overheat\n>p2 switch 2\n>chat \u2606centrallimittheory|what da ha\n>chat \u2606centrallimittheory|hax\n>p1 switch 3\n>p2 move scald\n>p1 move voltswitch\n>p2 move scald\n>p1 switch 2\n>p1 move calmmind\n>p2 switch 4\n>p1 move moonblast\n>p2 move calmmind\n>p1 move moonblast\n>p2 move rapidspin\n>p1 move moonblast\n>p2 move terastarstorm\n>p2 switch 3\n>forcelose p2", "uploadtime": 1781443482, "views": 4, "formatid": "gen9randombattle", "rating": null, "private": 0, "password": null}