{"id": "gen9randombattle-2631496291", "format": "[Gen 9] Random Battle", "players": ["Swifter Yanma", "lectruist6"], "log": "|j|\u2606Swifter Yanma\n|j|\u203dlectruist6\n|t:|1781392425\n|gametype|singles\n|player|p1|Swifter Yanma|lady|1442\n|player|p2|lectruist6|gardenia|1484\n|gen|9\n|tier|[Gen 9] Random Battle\n|rated|\n|rule|Species Clause: Limit one of each Pok\u00e9mon\n|rule|HP Percentage Mod: HP is shown in percentages\n|rule|Sleep Clause Mod: Limit one foe put to sleep\n|rule|Illusion Level Mod: Illusion disguises the Pok\u00e9mon's true level\n|\n|t:|1781392425\n|teamsize|p1|6\n|teamsize|p2|6\n|start\n|switch|p1a: Indeedee|Indeedee-F, L90, F|272/272\n|switch|p2a: Baxcalibur|Baxcalibur, L75, M|295/295\n|-fieldstart|move: Psychic Terrain|[from] ability: Psychic Surge|[of] p1a: Indeedee\n|turn|1\n|\n|t:|1781392437\n|move|p1a: Indeedee|Calm Mind|p1a: Indeedee\n|-boost|p1a: Indeedee|spa|1\n|-boost|p1a: Indeedee|spd|1\n|move|p2a: Baxcalibur|Glaive Rush|p1a: Indeedee\n|-damage|p1a: Indeedee|41/272\n|-singlemove|p2a: Baxcalibur|Glaive Rush|[silent]\n|\n|upkeep\n|turn|2\n|inactive|Battle timer is ON: inactive players will automatically lose when time's up. (requested by Swifter Yanma)\n|\n|t:|1781392448\n|switch|p2a: Zarude|Zarude-Dada, L77|288/288\n|move|p1a: Indeedee|Dazzling Gleam|p2a: Zarude\n|-supereffective|p2a: Zarude\n|-damage|p2a: Zarude|20/288\n|-damage|p1a: Indeedee|14/272|[from] item: Life Orb\n|\n|upkeep\n|turn|3\n|\n|t:|1781392459\n|move|p2a: Zarude|Knock Off|p1a: Indeedee\n|-supereffective|p1a: Indeedee\n|-damage|p1a: Indeedee|0 fnt\n|-enditem|p1a: Indeedee|Life Orb|[from] move: Knock Off|[of] p2a: Zarude\n|faint|p1a: Indeedee\n|\n|upkeep\n|inactive|Swifter Yanma has 120 seconds left.\n|\n|t:|1781392502\n|switch|p1a: Mismagius|Mismagius, L86, F|243/243\n|turn|4\n|\n|t:|1781392520\n|switch|p2a: Beartic|Beartic, L91, F|321/321\n|move|p1a: Mismagius|Mystical Fire|p2a: Beartic\n|-supereffective|p2a: Beartic\n|-damage|p2a: Beartic|133/321\n|-unboost|p2a: Beartic|spa|1\n|\n|upkeep\n|turn|5\n|inactive|Swifter Yanma has 120 seconds left.\n|\n|t:|1781392531\n|switch|p2a: Barraskewda|Barraskewda, L81, M|231/231\n|move|p1a: Mismagius|Mystical Fire|p2a: Barraskewda\n|-resisted|p2a: Barraskewda\n|-damage|p2a: Barraskewda|162/231\n|-unboost|p2a: Barraskewda|spa|1\n|\n|-fieldend|move: Psychic Terrain\n|upkeep\n|turn|6\n|\n|t:|1781392540\n|switch|p1a: Dialga|Dialga, L73|266/266\n|-ability|p1a: Dialga|Pressure\n|move|p2a: Barraskewda|Waterfall|p1a: Dialga\n|-resisted|p1a: Dialga\n|-damage|p1a: Dialga|196/266\n|\n|-heal|p1a: Dialga|212/266|[from] item: Leftovers\n|upkeep\n|turn|7\n|\n|t:|1781392553\n|switch|p2a: Skarmory|Skarmory, L80, M|235/235\n|move|p1a: Dialga|Thunder Wave|p2a: Skarmory|[miss]\n|-miss|p1a: Dialga|p2a: Skarmory\n|\n|-heal|p1a: Dialga|228/266|[from] item: Leftovers\n|upkeep\n|turn|8\n|\n|t:|1781392566\n|move|p1a: Dialga|Thunder Wave|p2a: Skarmory\n|-status|p2a: Skarmory|par\n|move|p2a: Skarmory|Whirlwind|p1a: Dialga\n|drag|p1a: Jirachi|Jirachi, L80|291/291\n|\n|upkeep\n|turn|9\n|\n|t:|1781392578\n|move|p1a: Jirachi|Iron Head|p2a: Skarmory\n|-resisted|p2a: Skarmory\n|-damage|p2a: Skarmory|206/235 par\n|-damage|p1a: Jirachi|243/291|[from] item: Rocky Helmet|[of] p2a: Skarmory\n|cant|p2a: Skarmory|par\n|\n|upkeep\n|turn|10\n|\n|t:|1781392589\n|switch|p1a: Mismagius|Mismagius, L86, F|243/243\n|move|p2a: Skarmory|Spikes|p1a: Mismagius\n|-sidestart|p1: Swifter Yanma|Spikes\n|\n|upkeep\n|turn|11\n|\n|t:|1781392601\n|switch|p2a: Baxcalibur|Baxcalibur, L75, M|295/295\n|move|p1a: Mismagius|Thunderbolt|p2a: Baxcalibur\n|-resisted|p2a: Baxcalibur\n|-damage|p2a: Baxcalibur|235/295\n|\n|upkeep\n|turn|12\n|\n|t:|1781392608\n|switch|p1a: Dialga|Dialga, L73|228/266\n|-damage|p1a: Dialga|195/266|[from] Spikes\n|-ability|p1a: Dialga|Pressure\n|move|p2a: Baxcalibur|Glaive Rush|p1a: Dialga\n|-damage|p1a: Dialga|0 fnt\n|-singlemove|p2a: Baxcalibur|Glaive Rush|[silent]\n|faint|p1a: Dialga\n|\n|upkeep\n|\n|t:|1781392633\n|switch|p1a: Grafaiai|Grafaiai, L86, M|249/249\n|-damage|p1a: Grafaiai|218/249|[from] Spikes\n|turn|13\n|\n|t:|1781392638\n|switch|p2a: Skarmory|Skarmory, L80, M|206/235 par\n|move|p1a: Grafaiai|Low Kick|p2a: Skarmory\n|-damage|p2a: Skarmory|149/235 par\n|-damage|p1a: Grafaiai|177/249|[from] item: Rocky Helmet|[of] p2a: Skarmory\n|-damage|p1a: Grafaiai|153/249|[from] item: Life Orb\n|\n|upkeep\n|turn|14\n|\n|t:|1781392647\n|move|p1a: Grafaiai|Knock Off|p2a: Skarmory\n|-damage|p2a: Skarmory|80/235 par\n|-damage|p1a: Grafaiai|112/249|[from] item: Rocky Helmet|[of] p2a: Skarmory\n|-enditem|p2a: Skarmory|Rocky Helmet|[from] move: Knock Off|[of] p1a: Grafaiai\n|-damage|p1a: Grafaiai|88/249|[from] item: Life Orb\n|move|p2a: Skarmory|Roost|p2a: Skarmory\n|-heal|p2a: Skarmory|198/235 par\n|-singleturn|p2a: Skarmory|move: Roost\n|\n|upkeep\n|turn|15\n|\n|t:|1781392661\n|move|p1a: Grafaiai|Low Kick|p2a: Skarmory\n|-damage|p2a: Skarmory|147/235 par\n|-damage|p1a: Grafaiai|64/249|[from] item: Life Orb\n|move|p2a: Skarmory|Brave Bird|p1a: Grafaiai\n|-damage|p1a: Grafaiai|0 fnt\n|faint|p1a: Grafaiai\n|-damage|p2a: Skarmory|126/235 par|[from] Recoil\n|\n|upkeep\n|\n|t:|1781392676\n|switch|p1a: Mismagius|Mismagius, L86, F|243/243\n|turn|16\n|\n|t:|1781392696\n|move|p1a: Mismagius|Shadow Ball|p2a: Skarmory\n|-damage|p2a: Skarmory|0 fnt\n|faint|p2a: Skarmory\n|\n|upkeep\n|\n|t:|1781392709\n|switch|p2a: Barraskewda|Barraskewda, L81, M|162/231\n|turn|17\n|\n|t:|1781392713\n|move|p2a: Barraskewda|Waterfall|p1a: Mismagius\n|-damage|p1a: Mismagius|68/243\n|cant|p1a: Mismagius|flinch\n|\n|upkeep\n|turn|18\n|\n|t:|1781392718\n|move|p2a: Barraskewda|Waterfall|p1a: Mismagius\n|-damage|p1a: Mismagius|0 fnt\n|faint|p1a: Mismagius\n|\n|upkeep\n|\n|t:|1781392725\n|switch|p1a: Cryogonal|Cryogonal, L89|287/287\n|turn|19\n|\n|t:|1781392735\n|switch|p2a: Beartic|Beartic, L91, F|133/321\n|move|p1a: Cryogonal|Rapid Spin|p2a: Beartic\n|-damage|p2a: Beartic|105/321\n|-boost|p1a: Cryogonal|spe|1\n|-sideend|p1: Swifter Yanma|Spikes|[from] move: Rapid Spin|[of] p1a: Cryogonal\n|\n|upkeep\n|turn|20\n|\n|t:|1781392753\n|move|p1a: Cryogonal|Freeze-Dry|p2a: Beartic\n|-resisted|p2a: Beartic\n|-crit|p2a: Beartic\n|-damage|p2a: Beartic|45/321\n|move|p2a: Beartic|Close Combat|p1a: Cryogonal\n|-supereffective|p1a: Cryogonal\n|-damage|p1a: Cryogonal|0 fnt\n|-unboost|p2a: Beartic|def|1\n|-unboost|p2a: Beartic|spd|1\n|faint|p1a: Cryogonal\n|\n|upkeep\n|\n|t:|1781392762\n|switch|p1a: Jirachi|Jirachi, L80|243/291\n|turn|21\n|\n|t:|1781392783\n|move|p1a: Jirachi|Body Slam|p2a: Beartic\n|-damage|p2a: Beartic|0 fnt\n|faint|p2a: Beartic\n|\n|upkeep\n|\n|t:|1781392787\n|switch|p2a: Zarude|Zarude-Dada, L77|20/288\n|turn|22\n|\n|t:|1781392805\n|-terastallize|p1a: Jirachi|Fighting\n|move|p2a: Zarude|Knock Off|p1a: Jirachi\n|-resisted|p1a: Jirachi\n|-crit|p1a: Jirachi\n|-damage|p1a: Jirachi|138/291\n|-enditem|p1a: Jirachi|Assault Vest|[from] move: Knock Off|[of] p2a: Zarude\n|move|p1a: Jirachi|Body Slam|p2a: Zarude\n|-damage|p2a: Zarude|0 fnt\n|faint|p2a: Zarude\n|\n|upkeep\n|\n|t:|1781392825\n|switch|p2a: Barraskewda|Barraskewda, L81, M|162/231\n|turn|23\n|\n|t:|1781392829\n|move|p2a: Barraskewda|Psychic Fangs|p1a: Jirachi\n|-supereffective|p1a: Jirachi\n|-damage|p1a: Jirachi|0 fnt\n|faint|p1a: Jirachi\n|\n|win|lectruist6\n|raw|Swifter Yanma's rating: 1442 &rarr; <strong>1424</strong><br />(-18 for losing)\n|raw|lectruist6's rating: 1484 &rarr; <strong>1502</strong><br />(+18 for winning)\n|l|\u2606Swifter Yanma\n|player|p1|\n", "inputlog": ">version a8376a258c1d4662feba110a92103f3664a72141\n>start {\"formatid\":\"gen9randombattle\",\"seed\":\"sodium,7d537e36173fb6a6ad66ff84f80eff74\",\"rated\":\"Rated battle\"}\n>player p1 {\"name\":\"Swifter Yanma\",\"avatar\":\"lady\",\"rating\":1442,\"seed\":\"sodium,639fc0ba8df053c1b382e157b8a83e72\"}\n>player p2 {\"name\":\"lectruist6\",\"avatar\":\"gardenia\",\"rating\":1484,\"seed\":\"sodium,562f9c0126a23db7ab332cf0b3eeb3d3\"}\n>p1 move calmmind\n>p2 move glaiverush\n>p1 move dazzlinggleam\n>p2 switch 4\n>p1 move dazzlinggleam\n>p2 move knockoff\n>p1 switch 6\n>p1 move mysticalfire\n>p2 switch 2\n>p1 move mysticalfire\n>p2 switch 3\n>p1 switch 3\n>p2 move waterfall\n>p1 move thunderwave\n>p2 switch 6\n>p1 move thunderwave\n>p2 move whirlwind\n>p1 move ironhead\n>p2 move spikes\n>p1 switch 3\n>p2 move spikes\n>p1 move thunderbolt\n>p2 switch 4\n>p1 switch 5\n>p2 move glaiverush\n>p1 switch 4\n>p1 move lowkick\n>p2 switch 4\n>p1 move knockoff\n>p2 move roost\n>p1 move lowkick\n>p2 move bravebird\n>p1 switch 5\n>p1 move shadowball\n>p2 move bravebird\n>p2 switch 6\n>p1 move shadowball\n>p2 move waterfall\n>p1 move shadowball\n>p2 move waterfall\n>p1 switch 2\n>p1 move rapidspin\n>p2 switch 3\n>p1 move freezedry\n>p2 move closecombat\n>p1 switch 3\n>p1 move bodyslam\n>p2 move earthquake\n>p2 switch 2\n>p1 move bodyslam terastallize\n>p2 move knockoff\n>p2 switch 3\n>p1 move drainpunch\n>p2 move psychicfangs", "uploadtime": 1781392835, "views": 4, "formatid": "gen9randombattle", "rating": 1424, "private": 0, "password": null}