{"id": "gen9randombattle-2631891664", "format": "[Gen 9] Random Battle", "players": ["BlahajEnbyUwU666", "noKlew"], "log": "|j|\u2606BlahajEnbyUwU666\n|j|\u2606noKlew\n|t:|1781452653\n|gametype|singles\n|player|p1|BlahajEnbyUwU666|101|1930\n|player|p2|noKlew|265|1992\n|gen|9\n|tier|[Gen 9] Random Battle\n|rated|\n|rule|Species Clause: Limit one of each Pok\u00e9mon\n|rule|HP Percentage Mod: HP is shown in percentages\n|rule|Sleep Clause Mod: Limit one foe put to sleep\n|rule|Illusion Level Mod: Illusion disguises the Pok\u00e9mon's true level\n|\n|t:|1781452653\n|teamsize|p1|6\n|teamsize|p2|6\n|start\n|switch|p1a: Eternatus|Eternatus, L69|308/308\n|switch|p2a: Dondozo|Dondozo, L78, F|362/362\n|-ability|p1a: Eternatus|Pressure\n|turn|1\n|inactive|Battle timer is ON: inactive players will automatically lose when time's up. (requested by noKlew)\n|inactive|noKlew has 120 seconds left.\n|\n|t:|1781452702\n|switch|p2a: Lycanroc|Lycanroc-Midnight, L89, F|296/296\n|move|p1a: Eternatus|Dynamax Cannon|p2a: Lycanroc\n|-damage|p2a: Lycanroc|194/296\n|\n|upkeep\n|turn|2\n|\n|t:|1781452714\n|switch|p1a: Flygon|Flygon, L82, F|265/265\n|move|p2a: Lycanroc|Stone Edge|p1a: Flygon\n|-resisted|p1a: Flygon\n|-damage|p1a: Flygon|161/265\n|\n|upkeep\n|turn|3\n|\n|t:|1781452734\n|switch|p2a: Dondozo|Dondozo, L78, F|362/362\n|move|p1a: Flygon|Earthquake|p2a: Dondozo\n|-damage|p2a: Dondozo|271/362\n|\n|-heal|p2a: Dondozo|293/362|[from] item: Leftovers\n|upkeep\n|turn|4\n|\n|t:|1781452755\n|switch|p1a: Iron Bundle|Iron Bundle, L78|215/215\n|switch|p2a: Lycanroc|Lycanroc-Midnight, L89, F|194/296\n|\n|upkeep\n|turn|5\n|inactive|noKlew has 120 seconds left.\n|\n|t:|1781452781\n|switch|p2a: Dondozo|Dondozo, L78, F|293/362\n|move|p1a: Iron Bundle|Hydro Pump|p2a: Dondozo\n|-resisted|p2a: Dondozo\n|-damage|p2a: Dondozo|203/362\n|\n|-heal|p2a: Dondozo|225/362|[from] item: Leftovers\n|upkeep\n|turn|6\n|\n|t:|1781452790\n|switch|p2a: Sneasler|Sneasler, L74, M|240/240\n|move|p1a: Iron Bundle|Freeze-Dry|p2a: Sneasler\n|-damage|p2a: Sneasler|138/240\n|\n|upkeep\n|turn|7\n|inactive|noKlew has 120 seconds left.\n|\n|t:|1781452802\n|-terastallize|p1a: Iron Bundle|Ice\n|move|p1a: Iron Bundle|Ice Beam|p2a: Sneasler\n|-damage|p2a: Sneasler|0 fnt\n|faint|p2a: Sneasler\n|\n|upkeep\n|\n|t:|1781452819\n|switch|p2a: Pikachu|Pikachu-Hoenn, L93, M|216/216\n|turn|8\n|\n|t:|1781452825\n|-end|p1a: Iron Bundle|Quark Drive|[silent]\n|switch|p1a: Eternatus|Eternatus, L69|308/308\n|-ability|p1a: Eternatus|Pressure\n|move|p2a: Pikachu|Fake Out|p1a: Eternatus\n|-damage|p1a: Eternatus|259/308\n|-damage|p2a: Pikachu|180/216|[from] item: Rocky Helmet|[of] p1a: Eternatus\n|\n|upkeep\n|turn|9\n|inactive|noKlew has 120 seconds left.\n|\n|t:|1781452835\n|switch|p2a: Lycanroc|Lycanroc-Midnight, L89, F|194/296\n|move|p1a: Eternatus|Dynamax Cannon|p2a: Lycanroc\n|-damage|p2a: Lycanroc|85/296\n|\n|upkeep\n|turn|10\n|inactive|noKlew has 120 seconds left.\n|\n|t:|1781452841\n|move|p2a: Lycanroc|Sucker Punch|p1a: Eternatus\n|-damage|p1a: Eternatus|154/308\n|-damage|p2a: Lycanroc|36/296|[from] item: Rocky Helmet|[of] p1a: Eternatus\n|move|p1a: Eternatus|Dynamax Cannon|p2a: Lycanroc\n|-damage|p2a: Lycanroc|0 fnt\n|faint|p2a: Lycanroc\n|\n|upkeep\n|inactive|noKlew has 120 seconds left.\n|\n|t:|1781452849\n|switch|p2a: Vivillon|Vivillon-High Plains, L83, F|268/268\n|turn|11\n|inactive|noKlew has 120 seconds left.\n|\n|t:|1781452860\n|move|p1a: Eternatus|Toxic|p2a: Vivillon\n|-status|p2a: Vivillon|tox\n|move|p2a: Vivillon|Sleep Powder|p1a: Eternatus\n|-status|p1a: Eternatus|slp|[from] move: Sleep Powder\n|\n|-damage|p2a: Vivillon|252/268 tox|[from] psn\n|upkeep\n|turn|12\n|\n|t:|1781452869\n|cant|p1a: Eternatus|slp\n|move|p2a: Vivillon|Quiver Dance|p2a: Vivillon\n|-boost|p2a: Vivillon|spa|1\n|-boost|p2a: Vivillon|spd|1\n|-boost|p2a: Vivillon|spe|1\n|\n|-damage|p2a: Vivillon|220/268 tox|[from] psn\n|upkeep\n|turn|13\n|\n|t:|1781452873\n|switch|p1a: Flygon|Flygon, L82, F|161/265\n|move|p2a: Vivillon|Hurricane|p1a: Flygon\n|-damage|p1a: Flygon|0 fnt\n|faint|p1a: Flygon\n|\n|-damage|p2a: Vivillon|172/268 tox|[from] psn\n|upkeep\n|\n|t:|1781452878\n|switch|p1a: Ditto|Ditto, L87|225/225\n|-transform|p1a: Ditto|p2a: Vivillon|[from] ability: Imposter\n|turn|14\n|\n|t:|1781452891\n|switch|p2a: Dondozo|Dondozo, L78, F|225/362\n|move|p1a: Ditto|Hurricane|p2a: Dondozo\n|-damage|p2a: Dondozo|74/362\n|\n|-heal|p2a: Dondozo|96/362|[from] item: Leftovers\n|upkeep\n|turn|15\n|\n|t:|1781452897\n|move|p1a: Ditto|Hurricane|p2a: Dondozo\n|-damage|p2a: Dondozo|0 fnt\n|faint|p2a: Dondozo\n|\n|upkeep\n|\n|t:|1781452901\n|switch|p2a: Pikachu|Pikachu-Hoenn, L93, M|180/216\n|turn|16\n|\n|t:|1781452918\n|switch|p1a: Eternatus|Eternatus, L69|154/308 slp\n|-ability|p1a: Eternatus|Pressure\n|move|p2a: Pikachu|Knock Off|p1a: Eternatus\n|-damage|p1a: Eternatus|20/308 slp\n|-damage|p2a: Pikachu|144/216|[from] item: Rocky Helmet|[of] p1a: Eternatus\n|-enditem|p1a: Eternatus|Rocky Helmet|[from] move: Knock Off|[of] p2a: Pikachu\n|\n|upkeep\n|turn|17\n|\n|t:|1781452925\n|move|p2a: Pikachu|Surf|p1a: Eternatus\n|-resisted|p1a: Eternatus\n|-damage|p1a: Eternatus|0 fnt\n|faint|p1a: Eternatus\n|\n|upkeep\n|\n|t:|1781452933\n|switch|p1a: Iron Bundle|Iron Bundle, L78, tera:Ice|215/215\n|turn|18\n|\n|t:|1781452946\n|-terastallize|p2a: Pikachu|Water\n|move|p1a: Iron Bundle|Ice Beam|p2a: Pikachu\n|-resisted|p2a: Pikachu\n|-damage|p2a: Pikachu|57/216\n|move|p2a: Pikachu|Surf|p1a: Iron Bundle\n|-damage|p1a: Iron Bundle|17/215\n|\n|upkeep\n|turn|19\n|\n|t:|1781452958\n|move|p1a: Iron Bundle|Freeze-Dry|p2a: Pikachu\n|-supereffective|p2a: Pikachu\n|-damage|p2a: Pikachu|0 fnt\n|faint|p2a: Pikachu\n|\n|upkeep\n|\n|t:|1781452960\n|switch|p2a: Basculin|Basculin-Blue-Striped, L86, M|261/261\n|turn|20\n|\n|t:|1781452966\n|-end|p1a: Iron Bundle|Quark Drive|[silent]\n|switch|p1a: Scream Tail|Scream Tail, L84|330/330\n|move|p2a: Basculin|Aqua Jet|p1a: Scream Tail\n|-damage|p1a: Scream Tail|258/330\n|\n|-heal|p1a: Scream Tail|278/330|[from] item: Leftovers\n|upkeep\n|turn|21\n|\n|t:|1781452972\n|switch|p2a: Vivillon|Vivillon-High Plains, L83, F|172/268 tox\n|move|p1a: Scream Tail|Dazzling Gleam|p2a: Vivillon\n|-damage|p2a: Vivillon|85/268 tox\n|\n|-heal|p1a: Scream Tail|298/330|[from] item: Leftovers\n|-damage|p2a: Vivillon|69/268 tox|[from] psn\n|upkeep\n|turn|22\n|\n|t:|1781452977\n|move|p1a: Scream Tail|Dazzling Gleam|p2a: Vivillon\n|-damage|p2a: Vivillon|0 fnt\n|faint|p2a: Vivillon\n|\n|-heal|p1a: Scream Tail|318/330|[from] item: Leftovers\n|upkeep\n|\n|t:|1781452979\n|switch|p2a: Basculin|Basculin-Blue-Striped, L86, M|261/261\n|turn|23\n|\n|t:|1781452983\n|move|p1a: Scream Tail|Protect|p1a: Scream Tail\n|-singleturn|p1a: Scream Tail|Protect\n|move|p2a: Basculin|Wave Crash|p1a: Scream Tail\n|-activate|p1a: Scream Tail|move: Protect\n|\n|-heal|p1a: Scream Tail|330/330|[from] item: Leftovers\n|upkeep\n|turn|24\n|\n|t:|1781452986\n|move|p1a: Scream Tail|Dazzling Gleam|p2a: Basculin\n|-damage|p2a: Basculin|177/261\n|move|p2a: Basculin|Wave Crash|p1a: Scream Tail\n|-damage|p1a: Scream Tail|94/330\n|-damage|p2a: Basculin|99/261|[from] Recoil\n|\n|-heal|p1a: Scream Tail|114/330|[from] item: Leftovers\n|upkeep\n|turn|25\n|\n|t:|1781452989\n|move|p1a: Scream Tail|Dazzling Gleam|p2a: Basculin\n|-damage|p2a: Basculin|12/261\n|move|p2a: Basculin|Wave Crash|p1a: Scream Tail\n|-damage|p1a: Scream Tail|0 fnt\n|faint|p1a: Scream Tail\n|-end|p1a: Scream Tail|Protosynthesis|[silent]\n|-damage|p2a: Basculin|0 fnt|[from] Recoil\n|faint|p2a: Basculin\n|\n|win|BlahajEnbyUwU666\n", "inputlog": ">version a8376a258c1d4662feba110a92103f3664a72141\n>start {\"formatid\":\"gen9randombattle\",\"seed\":\"sodium,4e6ec18b6b44b7dfe7ede96c94d1883d\",\"rated\":\"Rated battle\"}\n>player p1 {\"name\":\"BlahajEnbyUwU666\",\"avatar\":\"101\",\"rating\":1930,\"seed\":\"sodium,752e845eca9861ffa0e5f81f4da159b9\"}\n>player p2 {\"name\":\"noKlew\",\"avatar\":\"265\",\"rating\":1992,\"seed\":\"sodium,a74586113228347a414fb86e64ba4f31\"}\n>p1 move dynamaxcannon\n>p2 switch 4\n>p1 switch 2\n>p2 move stoneedge\n>p1 move earthquake\n>p2 switch 4\n>p1 switch 4\n>p2 switch 4\n>p1 move hydropump\n>p2 switch 4\n>p1 move freezedry\n>p2 switch 6\n>p1 move icebeam terastallize\n>p2 move closecombat\n>p2 switch 2\n>p1 switch 2\n>p2 move fakeout\n>p1 move dynamaxcannon\n>p2 switch 4\n>p1 move dynamaxcannon\n>p2 move suckerpunch\n>p2 switch 5\n>p1 move toxic\n>p2 move sleeppowder\n>p1 move recover\n>p2 move quiverdance\n>p1 switch 4\n>p2 move hurricane\n>p1 switch 3\n>p1 move hurricane\n>p2 switch 6\n>p1 move hurricane\n>p2 move rest\n>p2 switch 4\n>p1 switch 4\n>p2 move knockoff\n>p1 move recover\n>p2 move surf\n>p1 switch 2\n>p1 move icebeam\n>p2 move surf terastallize\n>p1 move freezedry\n>p2 move surf\n>p2 switch 3\n>p1 switch 6\n>p2 move aquajet\n>p1 move dazzlinggleam\n>p2 switch 6\n>p1 move dazzlinggleam\n>p2 move sleeppowder\n>p2 switch 6\n>p1 move protect\n>p2 move wavecrash\n>p1 move dazzlinggleam\n>p2 move wavecrash\n>p1 move dazzlinggleam\n>p2 move wavecrash", "uploadtime": 1781452654, "views": 5, "formatid": "gen9randombattle", "rating": null, "private": 0, "password": null}