{"id": "gen9randombattle-2631547692", "format": "[Gen 9] Random Battle", "players": ["masbahlilganteng", "SoCapable"], "log": "|j|\u2606masbahlilganteng\n|j|\u2606SoCapable\n|t:|1781399649\n|gametype|singles\n|player|p1|masbahlilganteng|hoopster|2107\n|player|p2|SoCapable|silver|2191\n|gen|9\n|tier|[Gen 9] Random Battle\n|rated|\n|rule|Species Clause: Limit one of each Pok\u00e9mon\n|rule|HP Percentage Mod: HP is shown in percentages\n|rule|Sleep Clause Mod: Limit one foe put to sleep\n|rule|Illusion Level Mod: Illusion disguises the Pok\u00e9mon's true level\n|\n|t:|1781399649\n|teamsize|p1|6\n|teamsize|p2|6\n|start\n|switch|p1a: Arceus|Arceus-Bug, L73|295/295\n|switch|p2a: Hydrapple|Hydrapple, L83, M|312/312\n|turn|1\n|inactive|Battle timer is ON: inactive players will automatically lose when time's up. (requested by masbahlilganteng)\n|\n|t:|1781399660\n|switch|p2a: Banette|Banette, L93, F|270/270\n|move|p1a: Arceus|Calm Mind|p1a: Arceus\n|-boost|p1a: Arceus|spa|1\n|-boost|p1a: Arceus|spd|1\n|\n|upkeep\n|turn|2\n|\n|t:|1781399663\n|move|p1a: Arceus|Fire Blast|p2a: Banette\n|-damage|p2a: Banette|137/270\n|move|p2a: Banette|Poltergeist|p1a: Arceus\n|-activate|p1a: Arceus|move: Poltergeist|Insect Plate\n|-damage|p1a: Arceus|91/295\n|-damage|p2a: Banette|110/270|[from] item: Life Orb\n|\n|upkeep\n|turn|3\n|\n|t:|1781399680\n|move|p1a: Arceus|Recover|p1a: Arceus\n|-heal|p1a: Arceus|239/295\n|move|p2a: Banette|Gunk Shot|p1a: Arceus\n|-damage|p1a: Arceus|91/295\n|-status|p1a: Arceus|psn\n|-damage|p2a: Banette|83/270|[from] item: Life Orb\n|\n|-damage|p1a: Arceus|55/295 psn|[from] psn\n|upkeep\n|turn|4\n|\n|t:|1781399699\n|switch|p1a: Regirock|Regirock, L83|268/268\n|move|p2a: Banette|Shadow Sneak|p1a: Regirock\n|-damage|p1a: Regirock|225/268\n|-damage|p2a: Banette|56/270|[from] item: Life Orb\n|\n|-heal|p1a: Regirock|241/268|[from] item: Leftovers\n|upkeep\n|turn|5\n|\n|t:|1781399712\n|move|p2a: Banette|Poltergeist|p1a: Regirock\n|-activate|p1a: Regirock|move: Poltergeist|Leftovers\n|-damage|p1a: Regirock|131/268\n|-damage|p2a: Banette|29/270|[from] item: Life Orb\n|move|p1a: Regirock|Iron Defense|p1a: Regirock\n|-boost|p1a: Regirock|def|2\n|\n|-heal|p1a: Regirock|147/268|[from] item: Leftovers\n|upkeep\n|turn|6\n|\n|t:|1781399720\n|move|p2a: Banette|Poltergeist|p1a: Regirock\n|-activate|p1a: Regirock|move: Poltergeist|Leftovers\n|-damage|p1a: Regirock|91/268\n|-damage|p2a: Banette|2/270|[from] item: Life Orb\n|move|p1a: Regirock|Stone Edge|p2a: Banette|[miss]\n|-miss|p1a: Regirock|p2a: Banette\n|\n|-heal|p1a: Regirock|107/268|[from] item: Leftovers\n|upkeep\n|turn|7\n|j| caton111\n|\n|t:|1781399731\n|move|p2a: Banette|Poltergeist|p1a: Regirock\n|-activate|p1a: Regirock|move: Poltergeist|Leftovers\n|-damage|p1a: Regirock|55/268\n|-damage|p2a: Banette|0 fnt|[from] item: Life Orb\n|faint|p2a: Banette\n|move|p1a: Regirock|Iron Defense|p1a: Regirock\n|-boost|p1a: Regirock|def|2\n|\n|-heal|p1a: Regirock|71/268|[from] item: Leftovers\n|upkeep\n|\n|t:|1781399754\n|switch|p2a: Hydrapple|Hydrapple, L83, M|312/312\n|turn|8\n|\n|t:|1781399762\n|move|p1a: Regirock|Body Press|p2a: Hydrapple\n|-damage|p2a: Hydrapple|70/312\n|move|p2a: Hydrapple|Fickle Beam|p1a: Regirock\n|-damage|p1a: Regirock|0 fnt\n|faint|p1a: Regirock\n|\n|-heal|p2a: Hydrapple|89/312|[from] item: Leftovers\n|upkeep\n|\n|t:|1781399773\n|switch|p1a: Arceus|Arceus-Bug, L73|55/295 psn\n|turn|9\n|\n|t:|1781399780\n|switch|p2a: Squawkabilly|Squawkabilly, L85, F|278/278\n|move|p1a: Arceus|Judgment|p2a: Squawkabilly\n|-resisted|p2a: Squawkabilly\n|-damage|p2a: Squawkabilly|201/278\n|\n|-damage|p1a: Arceus|19/295 psn|[from] psn\n|-status|p2a: Squawkabilly|brn|[from] item: Flame Orb\n|upkeep\n|turn|10\n|\n|t:|1781399792\n|switch|p1a: Oricorio|Oricorio-Sensu, L85, F|266/266\n|move|p2a: Squawkabilly|Quick Attack|p1a: Oricorio\n|-immune|p1a: Oricorio\n|\n|-damage|p2a: Squawkabilly|184/278 brn|[from] brn\n|upkeep\n|turn|11\n|\n|t:|1781399803\n|move|p1a: Oricorio|Hurricane|p2a: Squawkabilly|[miss]\n|-miss|p1a: Oricorio|p2a: Squawkabilly\n|move|p2a: Squawkabilly|Brave Bird|p1a: Oricorio\n|-damage|p1a: Oricorio|29/266\n|-damage|p2a: Squawkabilly|106/278 brn|[from] Recoil\n|\n|-damage|p2a: Squawkabilly|89/278 brn|[from] brn\n|upkeep\n|turn|12\n|\n|t:|1781399809\n|move|p1a: Oricorio|Hurricane|p2a: Squawkabilly|[miss]\n|-miss|p1a: Oricorio|p2a: Squawkabilly\n|move|p2a: Squawkabilly|Brave Bird|p1a: Oricorio\n|-damage|p1a: Oricorio|0 fnt\n|faint|p1a: Oricorio\n|-damage|p2a: Squawkabilly|79/278 brn|[from] Recoil\n|\n|-damage|p2a: Squawkabilly|62/278 brn|[from] brn\n|upkeep\n|\n|t:|1781399818\n|switch|p1a: Ditto|Ditto, L87|225/225\n|-transform|p1a: Ditto|p2a: Squawkabilly|[from] ability: Imposter\n|turn|13\n|\n|t:|1781399822\n|move|p2a: Squawkabilly|Protect|p2a: Squawkabilly\n|-singleturn|p2a: Squawkabilly|Protect\n|move|p1a: Ditto|Facade|p2a: Squawkabilly\n|-activate|p2a: Squawkabilly|move: Protect\n|\n|-damage|p2a: Squawkabilly|45/278 brn|[from] brn\n|upkeep\n|turn|14\n|\n|t:|1781399826\n|switch|p2a: Bastiodon|Bastiodon, L89, M|252/252\n|move|p1a: Ditto|Facade|p2a: Bastiodon\n|-resisted|p2a: Bastiodon\n|-damage|p2a: Bastiodon|241/252\n|\n|upkeep\n|turn|15\n|\n|t:|1781399835\n|switch|p1a: Spidops|Spidops, L96, M|271/271\n|move|p2a: Bastiodon|Foul Play|p1a: Spidops\n|-damage|p1a: Spidops|211/271\n|\n|upkeep\n|turn|16\n|\n|t:|1781399839\n|switch|p2a: Squawkabilly|Squawkabilly, L85, F|45/278 brn\n|move|p1a: Spidops|Sticky Web|p2a: Squawkabilly\n|-sidestart|p2: SoCapable|move: Sticky Web\n|\n|-damage|p2a: Squawkabilly|28/278 brn|[from] brn\n|upkeep\n|turn|17\n|\n|t:|1781399843\n|switch|p1a: Arceus|Arceus-Bug, L73|19/295 psn\n|move|p2a: Squawkabilly|Facade|p1a: Arceus\n|-damage|p1a: Arceus|0 fnt\n|faint|p1a: Arceus\n|\n|-damage|p2a: Squawkabilly|11/278 brn|[from] brn\n|upkeep\n|\n|t:|1781399851\n|switch|p1a: Ditto|Ditto, L87|225/225\n|-transform|p1a: Ditto|p2a: Squawkabilly|[from] ability: Imposter\n|turn|18\n|\n|t:|1781399858\n|move|p1a: Ditto|Quick Attack|p2a: Squawkabilly\n|-damage|p2a: Squawkabilly|0 fnt\n|faint|p2a: Squawkabilly\n|\n|upkeep\n|\n|t:|1781399866\n|switch|p2a: Hydrapple|Hydrapple, L83, M|193/312\n|-activate|p2a: Hydrapple|move: Sticky Web\n|-unboost|p2a: Hydrapple|spe|1\n|turn|19\n|\n|t:|1781399869\n|switch|p1a: Spidops|Spidops, L96, M|211/271\n|move|p2a: Hydrapple|Fickle Beam|p1a: Spidops\n|-damage|p1a: Spidops|118/271\n|\n|-heal|p2a: Hydrapple|212/312|[from] item: Leftovers\n|upkeep\n|turn|20\n|\n|t:|1781399880\n|move|p1a: Spidops|Toxic Spikes|p2a: Hydrapple\n|-sidestart|p2: SoCapable|move: Toxic Spikes\n|move|p2a: Hydrapple|Fickle Beam|p1a: Spidops\n|-damage|p1a: Spidops|36/271\n|\n|-heal|p2a: Hydrapple|231/312|[from] item: Leftovers\n|upkeep\n|turn|21\n|\n|t:|1781399886\n|move|p1a: Spidops|Knock Off|p2a: Hydrapple\n|-damage|p2a: Hydrapple|161/312\n|-enditem|p2a: Hydrapple|Leftovers|[from] move: Knock Off|[of] p1a: Spidops\n|move|p2a: Hydrapple|Fickle Beam|p1a: Spidops\n|-damage|p1a: Spidops|0 fnt\n|faint|p1a: Spidops\n|\n|upkeep\n|\n|t:|1781399890\n|switch|p1a: Walking Wake|Walking Wake, L79|286/286\n|turn|22\n|\n|t:|1781399914\n|-terastallize|p1a: Walking Wake|Fire\n|-terastallize|p2a: Hydrapple|Steel\n|move|p1a: Walking Wake|Sunny Day|p1a: Walking Wake\n|-weather|SunnyDay\n|-activate|p1a: Walking Wake|ability: Protosynthesis\n|-start|p1a: Walking Wake|protosynthesisspa\n|move|p2a: Hydrapple|Fickle Beam|p1a: Walking Wake|[anim] Fickle Beam All Out\n|-activate|p2a: Hydrapple|move: Fickle Beam\n|-crit|p1a: Walking Wake\n|-damage|p1a: Walking Wake|0 fnt\n|faint|p1a: Walking Wake\n|-end|p1a: Walking Wake|Protosynthesis|[silent]\n|\n|-weather|SunnyDay|[upkeep]\n|upkeep\n|-message|masbahlilganteng forfeited.\n|\n|win|SoCapable\n", "inputlog": ">version a8376a258c1d4662feba110a92103f3664a72141\n>start {\"formatid\":\"gen9randombattle\",\"seed\":\"sodium,dca93831f828f85ff01d2660bd474f33\",\"rated\":\"Rated battle\"}\n>player p1 {\"name\":\"masbahlilganteng\",\"avatar\":\"hoopster\",\"rating\":2107,\"seed\":\"sodium,c1d030378825a82feb5be4baf88cb029\"}\n>player p2 {\"name\":\"SoCapable\",\"avatar\":\"silver\",\"rating\":2191,\"seed\":\"sodium,44699d6aa422ee9036bd4948c1b28e0f\"}\n>p1 move calmmind\n>p2 switch 6\n>p1 move fireblast\n>p2 move poltergeist\n>p1 move recover\n>p2 move gunkshot\n>p1 switch 6\n>p2 move shadowsneak\n>p1 move irondefense\n>p2 move poltergeist\n>p1 move stoneedge\n>p2 move poltergeist\n>p1 move irondefense\n>p2 move poltergeist\n>p2 switch 6\n>p1 move bodypress\n>p2 move ficklebeam\n>p1 switch 6\n>p1 move judgment\n>p2 switch 2\n>p1 switch 5\n>p2 move quickattack\n>p1 move hurricane\n>p2 move bravebird\n>p1 move hurricane\n>p2 move bravebird\n>p1 switch 4\n>p1 move facade\n>p2 move protect\n>p1 move facade\n>p2 switch 5\n>p1 switch 3\n>p2 move foulplay\n>p1 move stickyweb\n>p2 switch 5\n>p1 switch 5\n>p2 move facade\n>p1 switch 3\n>p1 move quickattack\n>p2 move quickattack\n>p2 switch 2\n>p1 switch 5\n>p2 move ficklebeam\n>p1 move toxicspikes\n>p2 move ficklebeam\n>p1 move knockoff\n>p2 move ficklebeam\n>p1 switch 2\n>p1 move sunnyday terastallize\n>p2 move ficklebeam terastallize\n>forcelose p1", "uploadtime": 1781399651, "views": 5, "formatid": "gen9randombattle", "rating": null, "private": 0, "password": null}