{"id": "gen9randombattle-2631945762", "format": "[Gen 9] Random Battle", "players": ["metalhydra273", "schleeby"], "log": "|j|\u2606metalhydra273\n|j|\u2606schleeby\n|t:|1781458558\n|gametype|singles\n|player|p1|metalhydra273|kris-masters|2077\n|player|p2|schleeby|rosa|2036\n|gen|9\n|tier|[Gen 9] Random Battle\n|rated|\n|rule|Species Clause: Limit one of each Pok\u00e9mon\n|rule|HP Percentage Mod: HP is shown in percentages\n|rule|Sleep Clause Mod: Limit one foe put to sleep\n|rule|Illusion Level Mod: Illusion disguises the Pok\u00e9mon's true level\n|\n|t:|1781458558\n|teamsize|p1|6\n|teamsize|p2|6\n|start\n|switch|p1a: Haxorus|Haxorus, L77, F|244/244\n|switch|p2a: Wyrdeer|Wyrdeer, L87, F|321/321\n|-ability|p1a: Haxorus|Mold Breaker\n|-ability|p2a: Wyrdeer|Intimidate|boost\n|-unboost|p1a: Haxorus|atk|1\n|turn|1\n|\n|t:|1781458569\n|switch|p1a: Copperajah|Copperajah, L86, F|350/350\n|move|p2a: Wyrdeer|Body Slam|p1a: Copperajah\n|-resisted|p1a: Copperajah\n|-damage|p1a: Copperajah|287/350\n|\n|upkeep\n|turn|2\n|\n|t:|1781458576\n|move|p2a: Wyrdeer|Earthquake|p1a: Copperajah\n|-supereffective|p1a: Copperajah\n|-damage|p1a: Copperajah|97/350\n|move|p1a: Copperajah|Heavy Slam|p2a: Wyrdeer\n|-damage|p2a: Wyrdeer|17/321\n|\n|-heal|p2a: Wyrdeer|37/321|[from] item: Leftovers\n|upkeep\n|turn|3\n|\n|t:|1781458583\n|switch|p1a: Grumpig|Grumpig, L92, F|297/297\n|move|p2a: Wyrdeer|Earthquake|p1a: Grumpig\n|-damage|p1a: Grumpig|213/297\n|\n|-heal|p1a: Grumpig|231/297|[from] item: Leftovers\n|-heal|p2a: Wyrdeer|57/321|[from] item: Leftovers\n|upkeep\n|turn|4\n|inactive|Battle timer is ON: inactive players will automatically lose when time's up. (requested by metalhydra273)\n|\n|t:|1781458595\n|move|p1a: Grumpig|Psychic|p2a: Wyrdeer\n|-resisted|p2a: Wyrdeer\n|-damage|p2a: Wyrdeer|2/321\n|move|p2a: Wyrdeer|Thunder Wave|p1a: Grumpig\n|-status|p1a: Grumpig|par\n|\n|-heal|p2a: Wyrdeer|22/321|[from] item: Leftovers\n|-heal|p1a: Grumpig|249/297 par|[from] item: Leftovers\n|upkeep\n|turn|5\n|\n|t:|1781458625\n|switch|p2a: Meloetta|Meloetta, L82|298/298\n|move|p1a: Grumpig|Psychic|p2a: Meloetta\n|-resisted|p2a: Meloetta\n|-damage|p2a: Meloetta|259/298\n|\n|-heal|p1a: Grumpig|267/297 par|[from] item: Leftovers\n|upkeep\n|turn|6\n|\n|t:|1781458631\n|move|p2a: Meloetta|Relic Song|p1a: Grumpig\n|-damage|p1a: Grumpig|173/297 par\n|-formechange|p2a: Meloetta|Meloetta-Pirouette|[msg]\n|-damage|p2a: Meloetta|230/298|[from] item: Life Orb\n|move|p1a: Grumpig|Dazzling Gleam|p2a: Meloetta\n|-supereffective|p2a: Meloetta\n|-damage|p2a: Meloetta|88/298\n|\n|-heal|p1a: Grumpig|191/297 par|[from] item: Leftovers\n|upkeep\n|turn|7\n|\n|t:|1781458639\n|move|p2a: Meloetta|Knock Off|p1a: Grumpig\n|-supereffective|p1a: Grumpig\n|-damage|p1a: Grumpig|0 fnt\n|-enditem|p1a: Grumpig|Leftovers|[from] move: Knock Off|[of] p2a: Meloetta\n|faint|p1a: Grumpig\n|-damage|p2a: Meloetta|59/298|[from] item: Life Orb\n|\n|upkeep\n|\n|t:|1781458642\n|switch|p1a: Scizor|Scizor, L79, F|240/240\n|turn|8\n|\n|t:|1781458652\n|switch|p2a: Probopass|Probopass, L91, F|257/257\n|move|p1a: Scizor|Bullet Punch|p2a: Probopass\n|-damage|p2a: Probopass|191/257\n|\n|-heal|p2a: Probopass|207/257|[from] item: Leftovers\n|upkeep\n|turn|9\n|\n|t:|1781458670\n|move|p1a: Scizor|Bullet Punch|p2a: Probopass\n|-damage|p2a: Probopass|135/257\n|move|p2a: Probopass|Iron Defense|p2a: Probopass\n|-boost|p2a: Probopass|def|2\n|\n|-heal|p2a: Probopass|151/257|[from] item: Leftovers\n|upkeep\n|turn|10\n|\n|t:|1781458675\n|move|p1a: Scizor|Bullet Punch|p2a: Probopass\n|-damage|p2a: Probopass|117/257\n|move|p2a: Probopass|Body Press|p1a: Scizor\n|-damage|p1a: Scizor|56/240\n|\n|-heal|p2a: Probopass|133/257|[from] item: Leftovers\n|upkeep\n|turn|11\n|\n|t:|1781458678\n|move|p1a: Scizor|Bullet Punch|p2a: Probopass\n|-damage|p2a: Probopass|99/257\n|move|p2a: Probopass|Body Press|p1a: Scizor\n|-damage|p1a: Scizor|0 fnt\n|faint|p1a: Scizor\n|\n|-heal|p2a: Probopass|115/257|[from] item: Leftovers\n|upkeep\n|\n|t:|1781458689\n|switch|p1a: Okidogi|Okidogi, L77, M|262/262\n|turn|12\n|\n|t:|1781458696\n|switch|p2a: Meloetta|Meloetta, L82|59/298\n|move|p1a: Okidogi|Drain Punch|p2a: Meloetta\n|-damage|p2a: Meloetta|0 fnt\n|faint|p2a: Meloetta\n|\n|upkeep\n|\n|t:|1781458711\n|switch|p2a: Venusaur|Venusaur, L84, M|272/272\n|turn|13\n|\n|t:|1781458732\n|move|p2a: Venusaur|Leech Seed|p1a: Okidogi\n|-start|p1a: Okidogi|move: Leech Seed\n|move|p1a: Okidogi|Knock Off|p2a: Venusaur\n|-damage|p2a: Venusaur|200/272\n|-enditem|p2a: Venusaur|Leftovers|[from] move: Knock Off|[of] p1a: Okidogi\n|\n|-damage|p1a: Okidogi|230/262|[from] Leech Seed|[of] p2a: Venusaur\n|-heal|p2a: Venusaur|232/272|[silent]\n|upkeep\n|turn|14\n|\n|t:|1781458744\n|move|p2a: Venusaur|Substitute|p2a: Venusaur\n|-start|p2a: Venusaur|Substitute\n|-damage|p2a: Venusaur|164/272\n|move|p1a: Okidogi|Gunk Shot|p2a: Venusaur\n|-end|p2a: Venusaur|Substitute\n|\n|-damage|p1a: Okidogi|198/262|[from] Leech Seed|[of] p2a: Venusaur\n|-heal|p2a: Venusaur|196/272|[silent]\n|upkeep\n|turn|15\n|\n|t:|1781458750\n|switch|p1a: Haxorus|Haxorus, L77, F|244/244\n|-ability|p1a: Haxorus|Mold Breaker\n|move|p2a: Venusaur|Sleep Powder|p1a: Haxorus\n|-status|p1a: Haxorus|slp|[from] move: Sleep Powder\n|-enditem|p1a: Haxorus|Lum Berry|[eat]\n|-curestatus|p1a: Haxorus|slp|[msg]\n|\n|upkeep\n|turn|16\n|\n|t:|1781458756\n|switch|p1a: Copperajah|Copperajah, L86, F|97/350\n|switch|p2a: Piloswine|Piloswine, L85, F|309/309\n|\n|upkeep\n|turn|17\n|\n|t:|1781458767\n|move|p2a: Piloswine|Earthquake|p1a: Copperajah\n|-supereffective|p1a: Copperajah\n|-damage|p1a: Copperajah|0 fnt\n|faint|p1a: Copperajah\n|\n|upkeep\n|\n|t:|1781458770\n|switch|p1a: Okidogi|Okidogi, L77, M|198/262\n|turn|18\n|\n|t:|1781458775\n|switch|p2a: Venusaur|Venusaur, L84, M|196/272\n|move|p1a: Okidogi|Knock Off|p2a: Venusaur\n|-damage|p2a: Venusaur|150/272\n|\n|upkeep\n|turn|19\n|\n|t:|1781458785\n|move|p2a: Venusaur|Sleep Powder|p1a: Okidogi\n|-status|p1a: Okidogi|slp|[from] move: Sleep Powder\n|cant|p1a: Okidogi|slp\n|\n|upkeep\n|turn|20\n|\n|t:|1781458788\n|switch|p1a: Haxorus|Haxorus, L77, F|244/244\n|-ability|p1a: Haxorus|Mold Breaker\n|move|p2a: Venusaur|Leech Seed|p1a: Haxorus\n|-start|p1a: Haxorus|move: Leech Seed\n|\n|-damage|p1a: Haxorus|214/244|[from] Leech Seed|[of] p2a: Venusaur\n|-heal|p2a: Venusaur|180/272|[silent]\n|upkeep\n|turn|21\n|\n|t:|1781458795\n|switch|p2a: Probopass|Probopass, L91, F|115/257\n|move|p1a: Haxorus|Outrage|p2a: Probopass\n|-resisted|p2a: Probopass\n|-damage|p2a: Probopass|70/257\n|\n|-heal|p2a: Probopass|86/257|[from] item: Leftovers\n|-damage|p1a: Haxorus|184/244|[from] Leech Seed|[of] p2a: Probopass\n|-heal|p2a: Probopass|116/257|[silent]\n|upkeep\n|turn|22\n|\n|t:|1781458802\n|move|p1a: Haxorus|Outrage|p2a: Probopass|[from] lockedmove\n|-resisted|p2a: Probopass\n|-damage|p2a: Probopass|68/257\n|-start|p1a: Haxorus|confusion|[fatigue]\n|move|p2a: Probopass|Body Press|p1a: Haxorus\n|-damage|p1a: Haxorus|84/244\n|\n|-heal|p2a: Probopass|84/257|[from] item: Leftovers\n|-damage|p1a: Haxorus|54/244|[from] Leech Seed|[of] p2a: Probopass\n|-heal|p2a: Probopass|114/257|[silent]\n|upkeep\n|turn|23\n|\n|t:|1781458813\n|-activate|p1a: Haxorus|confusion\n|move|p1a: Haxorus|Earthquake|p2a: Probopass\n|-supereffective|p2a: Probopass\n|-damage|p2a: Probopass|0 fnt\n|faint|p2a: Probopass\n|\n|upkeep\n|\n|t:|1781458818\n|switch|p2a: Piloswine|Piloswine, L85, F|309/309\n|turn|24\n|\n|t:|1781458822\n|move|p2a: Piloswine|Ice Shard|p1a: Haxorus\n|-supereffective|p1a: Haxorus\n|-damage|p1a: Haxorus|0 fnt\n|faint|p1a: Haxorus\n|\n|upkeep\n|\n|t:|1781458825\n|switch|p1a: Carbink|Carbink, L90|236/236\n|turn|25\n|\n|t:|1781458834\n|move|p1a: Carbink|Body Press|p2a: Piloswine\n|-supereffective|p2a: Piloswine\n|-damage|p2a: Piloswine|179/309\n|move|p2a: Piloswine|Earthquake|p1a: Carbink\n|-supereffective|p1a: Carbink\n|-damage|p1a: Carbink|96/236\n|\n|-heal|p1a: Carbink|110/236|[from] item: Leftovers\n|upkeep\n|turn|26\n|\n|t:|1781458861\n|-terastallize|p1a: Carbink|Fighting\n|move|p1a: Carbink|Rock Polish|p1a: Carbink\n|-boost|p1a: Carbink|spe|2\n|move|p2a: Piloswine|Roar|p1a: Carbink\n|drag|p1a: Okidogi|Okidogi, L77, M|198/262 slp\n|\n|upkeep\n|turn|27\n|\n|t:|1781458870\n|cant|p1a: Okidogi|slp\n|move|p2a: Piloswine|Earthquake|p1a: Okidogi\n|-supereffective|p1a: Okidogi\n|-damage|p1a: Okidogi|4/262 slp\n|\n|upkeep\n|turn|28\n|inactive|metalhydra273 has 120 seconds left.\n|\n|t:|1781458901\n|move|p2a: Piloswine|Ice Shard|p1a: Okidogi\n|-damage|p1a: Okidogi|0 fnt\n|faint|p1a: Okidogi\n|\n|upkeep\n|\n|t:|1781458903\n|switch|p1a: Carbink|Carbink, L90, tera:Fighting|110/236\n|turn|29\n|\n|t:|1781458912\n|switch|p2a: Venusaur|Venusaur, L84, M|180/272\n|move|p1a: Carbink|Iron Defense|p1a: Carbink\n|-boost|p1a: Carbink|def|2\n|\n|-heal|p1a: Carbink|124/236|[from] item: Leftovers\n|upkeep\n|turn|30\n|\n|t:|1781458918\n|move|p2a: Venusaur|Leech Seed|p1a: Carbink\n|-start|p1a: Carbink|move: Leech Seed\n|move|p1a: Carbink|Rock Polish|p1a: Carbink\n|-boost|p1a: Carbink|spe|2\n|\n|-heal|p1a: Carbink|138/236|[from] item: Leftovers\n|-damage|p1a: Carbink|109/236|[from] Leech Seed|[of] p2a: Venusaur\n|-heal|p2a: Venusaur|209/272|[silent]\n|upkeep\n|turn|31\n|\n|t:|1781458924\n|move|p1a: Carbink|Body Press|p2a: Venusaur\n|-resisted|p2a: Venusaur\n|-damage|p2a: Venusaur|75/272\n|move|p2a: Venusaur|Sludge Bomb|p1a: Carbink\n|-damage|p1a: Carbink|46/236\n|\n|-heal|p1a: Carbink|60/236|[from] item: Leftovers\n|-damage|p1a: Carbink|31/236|[from] Leech Seed|[of] p2a: Venusaur\n|-heal|p2a: Venusaur|104/272|[silent]\n|upkeep\n|turn|32\n|\n|t:|1781458934\n|switch|p2a: Wyrdeer|Wyrdeer, L87, F|22/321\n|-ability|p2a: Wyrdeer|Intimidate|boost\n|-unboost|p1a: Carbink|atk|1\n|move|p1a: Carbink|Body Press|p2a: Wyrdeer\n|-damage|p2a: Wyrdeer|0 fnt\n|faint|p2a: Wyrdeer\n|\n|-heal|p1a: Carbink|45/236|[from] item: Leftovers\n|upkeep\n|\n|t:|1781458937\n|switch|p2a: Gurdurr|Gurdurr, L85, M|283/283\n|turn|33\n|\n|t:|1781458955\n|move|p1a: Carbink|Body Press|p2a: Gurdurr\n|-damage|p2a: Gurdurr|105/283\n|move|p2a: Gurdurr|Drain Punch|p1a: Carbink\n|-damage|p1a: Carbink|17/236\n|-heal|p2a: Gurdurr|119/283|[from] drain|[of] p1a: Carbink\n|\n|-heal|p1a: Carbink|31/236|[from] item: Leftovers\n|-damage|p1a: Carbink|2/236|[from] Leech Seed|[of] p2a: Gurdurr\n|-heal|p2a: Gurdurr|148/283|[silent]\n|upkeep\n|turn|34\n|\n|t:|1781458961\n|move|p2a: Gurdurr|Mach Punch|p1a: Carbink\n|-damage|p1a: Carbink|0 fnt\n|faint|p1a: Carbink\n|\n|win|schleeby\n", "uploadtime": 1781458559, "views": 3, "formatid": "gen9randombattle", "rating": null, "private": 0, "password": null}