{"id": "gen9randombattle-2631541398", "format": "[Gen 9] Random Battle", "players": ["Kosaji", "schleeby"], "log": "|j|\u2606Kosaji\n|j|\u2606schleeby\n|t:|1781398776\n|gametype|singles\n|player|p1|Kosaji|zinnia-masters|1966\n|player|p2|schleeby|rosa|1935\n|gen|9\n|tier|[Gen 9] Random Battle\n|rated|\n|rule|Species Clause: Limit one of each Pok\u00e9mon\n|rule|HP Percentage Mod: HP is shown in percentages\n|rule|Sleep Clause Mod: Limit one foe put to sleep\n|rule|Illusion Level Mod: Illusion disguises the Pok\u00e9mon's true level\n|\n|t:|1781398776\n|teamsize|p1|6\n|teamsize|p2|6\n|start\n|switch|p1a: Mabosstiff|Mabosstiff, L86, F|278/278\n|switch|p2a: Dedenne|Dedenne, L88, M|261/261\n|turn|1\n|inactive|Battle timer is ON: inactive players will automatically lose when time's up. (requested by Kosaji)\n|inactive|Kosaji has 120 seconds left.\n|\n|t:|1781398828\n|switch|p1a: Clefable|Clefable, L83, M|293/293\n|move|p2a: Dedenne|Nuzzle|p1a: Clefable\n|-damage|p1a: Clefable|275/293\n|-status|p1a: Clefable|par\n|\n|upkeep\n|turn|2\n|\n|t:|1781398838\n|switch|p2a: Tentacruel|Tentacruel, L84, F|272/272\n|cant|p1a: Clefable|par\n|\n|upkeep\n|turn|3\n|\n|t:|1781398852\n|switch|p1a: Cramorant|Cramorant, L86, F|261/261\n|move|p2a: Tentacruel|Sludge Bomb|p1a: Cramorant\n|-damage|p1a: Cramorant|189/261\n|\n|upkeep\n|turn|4\n|\n|t:|1781398866\n|move|p2a: Tentacruel|Sludge Bomb|p1a: Cramorant\n|-damage|p1a: Cramorant|108/261\n|move|p1a: Cramorant|Surf|p2a: Tentacruel\n|-formechange|p1a: Cramorant|Cramorant-Gorging|\n|-resisted|p2a: Tentacruel\n|-crit|p2a: Tentacruel\n|-damage|p2a: Tentacruel|236/272\n|\n|upkeep\n|turn|5\n|\n|t:|1781398876\n|switch|p2a: Reuniclus|Reuniclus, L88, M|337/337\n|move|p1a: Cramorant|Roost|p1a: Cramorant\n|-heal|p1a: Cramorant|239/261\n|-singleturn|p1a: Cramorant|move: Roost\n|\n|upkeep\n|turn|6\n|\n|t:|1781398887\n|move|p1a: Cramorant|Brave Bird|p2a: Reuniclus\n|-damage|p2a: Reuniclus|201/337\n|-damage|p1a: Cramorant|194/261|[from] Recoil\n|move|p2a: Reuniclus|Calm Mind|p2a: Reuniclus\n|-boost|p2a: Reuniclus|spa|1\n|-boost|p2a: Reuniclus|spd|1\n|\n|upkeep\n|turn|7\n|\n|t:|1781398892\n|switch|p1a: Mabosstiff|Mabosstiff, L86, F|278/278\n|move|p2a: Reuniclus|Recover|p2a: Reuniclus\n|-heal|p2a: Reuniclus|337/337\n|\n|upkeep\n|turn|8\n|\n|t:|1781398898\n|move|p1a: Mabosstiff|Crunch|p2a: Reuniclus\n|-supereffective|p2a: Reuniclus\n|-damage|p2a: Reuniclus|7/337\n|move|p2a: Reuniclus|Focus Blast|p1a: Mabosstiff\n|-supereffective|p1a: Mabosstiff\n|-damage|p1a: Mabosstiff|0 fnt\n|faint|p1a: Mabosstiff\n|\n|upkeep\n|\n|t:|1781398904\n|switch|p1a: Cramorant|Cramorant, L86, F|194/261\n|turn|9\n|\n|t:|1781398908\n|switch|p2a: Dedenne|Dedenne, L88, M|261/261\n|move|p1a: Cramorant|Surf|p2a: Dedenne\n|-formechange|p1a: Cramorant|Cramorant-Gulping|\n|-damage|p2a: Dedenne|161/261\n|\n|upkeep\n|turn|10\n|\n|t:|1781398914\n|switch|p1a: Clefable|Clefable, L83, M|275/293 par\n|move|p2a: Dedenne|Thunderbolt|p1a: Clefable\n|-damage|p1a: Clefable|188/293 par\n|\n|upkeep\n|turn|11\n|\n|t:|1781398919\n|switch|p1a: Cramorant|Cramorant, L86, F|194/261\n|move|p2a: Dedenne|Thunderbolt|p1a: Cramorant\n|-supereffective|p1a: Cramorant\n|-damage|p1a: Cramorant|0 fnt\n|faint|p1a: Cramorant\n|\n|upkeep\n|\n|t:|1781398931\n|switch|p1a: Ribombee|Ribombee, L83, F|235/235\n|turn|12\n|\n|t:|1781398934\n|move|p1a: Ribombee|Quiver Dance|p1a: Ribombee\n|-boost|p1a: Ribombee|spa|1\n|-boost|p1a: Ribombee|spd|1\n|-boost|p1a: Ribombee|spe|1\n|move|p2a: Dedenne|Nuzzle|p1a: Ribombee\n|-damage|p1a: Ribombee|214/235\n|\n|upkeep\n|turn|13\n|inactive|schleeby has 120 seconds left.\n|c|\u2606schleeby|isnt shield dust meant to block that\n|c|\u2606Kosaji|it did block it\n|\n|t:|1781398975\n|switch|p2a: Tentacruel|Tentacruel, L84, F|236/272\n|move|p1a: Ribombee|Quiver Dance|p1a: Ribombee\n|-boost|p1a: Ribombee|spa|1\n|-boost|p1a: Ribombee|spd|1\n|-boost|p1a: Ribombee|spe|1\n|\n|upkeep\n|turn|14\n|c|\u2606Kosaji|its a secondary effect\n|c|\u2606schleeby|im so stupid\n|c|\u2606schleeby|I just saw yellow\n|\n|t:|1781398990\n|-terastallize|p1a: Ribombee|Ground\n|move|p1a: Ribombee|Tera Blast|p2a: Tentacruel|[anim] Tera Blast Ground\n|-supereffective|p2a: Tentacruel\n|-damage|p2a: Tentacruel|78/272\n|move|p2a: Tentacruel|Sludge Bomb|p1a: Ribombee\n|-resisted|p1a: Ribombee\n|-damage|p1a: Ribombee|190/235\n|\n|upkeep\n|turn|15\n|\n|t:|1781398999\n|move|p1a: Ribombee|Tera Blast|p2a: Tentacruel|[anim] Tera Blast Ground\n|-supereffective|p2a: Tentacruel\n|-damage|p2a: Tentacruel|0 fnt\n|faint|p2a: Tentacruel\n|\n|upkeep\n|inactive|schleeby has 120 seconds left.\n|\n|t:|1781399004\n|switch|p2a: Tropius|Tropius, L91, F|328/328\n|turn|16\n|\n|t:|1781399014\n|switch|p1a: Rotom|Rotom-Mow, L87|229/229\n|move|p2a: Tropius|Dual Wingbeat|p1a: Rotom\n|-damage|p1a: Rotom|196/229\n|-damage|p1a: Rotom|162/229\n|-hitcount|p1a: Rotom|2\n|\n|-heal|p1a: Rotom|176/229|[from] item: Leftovers\n|upkeep\n|turn|17\n|\n|t:|1781399026\n|switch|p2a: Reuniclus|Reuniclus, L88, M|7/337\n|move|p1a: Rotom|Will-O-Wisp|p2a: Reuniclus\n|-status|p2a: Reuniclus|brn\n|\n|-heal|p1a: Rotom|190/229|[from] item: Leftovers\n|upkeep\n|turn|18\n|\n|t:|1781399033\n|switch|p2a: Dedenne|Dedenne, L88, M|161/261\n|move|p1a: Rotom|Thunderbolt|p2a: Dedenne\n|-resisted|p2a: Dedenne\n|-damage|p2a: Dedenne|93/261\n|-enditem|p2a: Dedenne|Sitrus Berry|[eat]\n|-heal|p2a: Dedenne|158/261|[from] item: Sitrus Berry\n|-heal|p2a: Dedenne|245/261|[from] ability: Cheek Pouch\n|\n|-heal|p1a: Rotom|204/229|[from] item: Leftovers\n|upkeep\n|turn|19\n|\n|t:|1781399037\n|switch|p1a: Ribombee|Ribombee, L83, F, tera:Ground|190/235\n|move|p2a: Dedenne|Dazzling Gleam|p1a: Ribombee\n|-damage|p1a: Ribombee|90/235\n|\n|upkeep\n|turn|20\n|\n|t:|1781399044\n|switch|p2a: Tropius|Tropius, L91, F|328/328\n|move|p1a: Ribombee|Moonblast|p2a: Tropius\n|-damage|p2a: Tropius|244/328\n|\n|upkeep\n|turn|21\n|\n|t:|1781399051\n|switch|p1a: Rotom|Rotom-Mow, L87|204/229\n|move|p2a: Tropius|Dual Wingbeat|p1a: Rotom\n|-damage|p1a: Rotom|171/229\n|-damage|p1a: Rotom|141/229\n|-hitcount|p1a: Rotom|2\n|\n|-heal|p1a: Rotom|155/229|[from] item: Leftovers\n|upkeep\n|turn|22\n|\n|t:|1781399058\n|switch|p2a: Reuniclus|Reuniclus, L88, M|7/337 brn\n|move|p1a: Rotom|Thunderbolt|p2a: Reuniclus\n|-damage|p2a: Reuniclus|0 fnt\n|faint|p2a: Reuniclus\n|\n|-heal|p1a: Rotom|169/229|[from] item: Leftovers\n|upkeep\n|\n|t:|1781399063\n|switch|p2a: Chi-Yu|Chi-Yu, L77|211/211\n|-ability|p2a: Chi-Yu|Beads of Ruin\n|turn|23\n|\n|t:|1781399066\n|switch|p1a: Miraidon|Miraidon, L65|238/238\n|-fieldstart|move: Electric Terrain|[from] ability: Hadron Engine|[of] p1a: Miraidon\n|move|p2a: Chi-Yu|Fire Blast|p1a: Miraidon\n|-resisted|p1a: Miraidon\n|-damage|p1a: Miraidon|145/238\n|\n|upkeep\n|turn|24\n|\n|t:|1781399079\n|switch|p2a: Flamigo|Flamigo, L82, M|269/269\n|move|p1a: Miraidon|Volt Switch|p2a: Flamigo\n|-supereffective|p2a: Flamigo\n|-damage|p2a: Flamigo|0 fnt\n|faint|p2a: Flamigo\n|\n|t:|1781399088\n|switch|p1a: Clefable|Clefable, L83, M|188/293 par|[from] Volt Switch\n|\n|upkeep\n|\n|t:|1781399097\n|switch|p2a: Dedenne|Dedenne, L88, M|245/261\n|turn|25\n|\n|t:|1781399104\n|move|p2a: Dedenne|Thunderbolt|p1a: Clefable\n|-damage|p1a: Clefable|71/293 par\n|move|p1a: Clefable|Moonlight|p1a: Clefable\n|-heal|p1a: Clefable|217/293 par\n|\n|upkeep\n|turn|26\n|\n|t:|1781399108\n|move|p2a: Dedenne|Thunderbolt|p1a: Clefable\n|-damage|p1a: Clefable|99/293 par\n|move|p1a: Clefable|Moonlight|p1a: Clefable\n|-heal|p1a: Clefable|245/293 par\n|\n|upkeep\n|turn|27\n|\n|t:|1781399113\n|move|p2a: Dedenne|Thunderbolt|p1a: Clefable\n|-damage|p1a: Clefable|116/293 par\n|cant|p1a: Clefable|par\n|\n|-fieldend|move: Electric Terrain\n|upkeep\n|turn|28\n|\n|t:|1781399119\n|move|p2a: Dedenne|Thunderbolt|p1a: Clefable\n|-damage|p1a: Clefable|16/293 par\n|move|p1a: Clefable|Moonlight|p1a: Clefable\n|-heal|p1a: Clefable|162/293 par\n|\n|upkeep\n|turn|29\n|\n|t:|1781399122\n|move|p2a: Dedenne|Thunderbolt|p1a: Clefable\n|-damage|p1a: Clefable|69/293 par\n|move|p1a: Clefable|Moonlight|p1a: Clefable\n|-heal|p1a: Clefable|215/293 par\n|\n|upkeep\n|turn|30\n|\n|t:|1781399125\n|move|p2a: Dedenne|Thunderbolt|p1a: Clefable\n|-damage|p1a: Clefable|122/293 par\n|cant|p1a: Clefable|par\n|\n|upkeep\n|turn|31\n|\n|t:|1781399127\n|move|p2a: Dedenne|Thunderbolt|p1a: Clefable\n|-damage|p1a: Clefable|28/293 par\n|move|p1a: Clefable|Moonlight|p1a: Clefable\n|-heal|p1a: Clefable|174/293 par\n|\n|upkeep\n|turn|32\n|\n|t:|1781399129\n|move|p2a: Dedenne|Super Fang|p1a: Clefable\n|-damage|p1a: Clefable|87/293 par\n|move|p1a: Clefable|Calm Mind|p1a: Clefable\n|-boost|p1a: Clefable|spa|1\n|-boost|p1a: Clefable|spd|1\n|\n|upkeep\n|turn|33\n|\n|t:|1781399132\n|move|p2a: Dedenne|Thunderbolt|p1a: Clefable\n|-damage|p1a: Clefable|30/293 par\n|move|p1a: Clefable|Moonlight|p1a: Clefable\n|-heal|p1a: Clefable|176/293 par\n|\n|upkeep\n|turn|34\n|\n|t:|1781399135\n|move|p2a: Dedenne|Thunderbolt|p1a: Clefable\n|-damage|p1a: Clefable|112/293 par\n|move|p1a: Clefable|Calm Mind|p1a: Clefable\n|-boost|p1a: Clefable|spa|1\n|-boost|p1a: Clefable|spd|1\n|\n|upkeep\n|turn|35\n|\n|t:|1781399137\n|move|p2a: Dedenne|Super Fang|p1a: Clefable\n|-damage|p1a: Clefable|56/293 par\n|move|p1a: Clefable|Calm Mind|p1a: Clefable\n|-boost|p1a: Clefable|spa|1\n|-boost|p1a: Clefable|spd|1\n|\n|upkeep\n|turn|36\n|\n|t:|1781399139\n|move|p2a: Dedenne|Thunderbolt|p1a: Clefable\n|-damage|p1a: Clefable|20/293 par\n|cant|p1a: Clefable|par\n|\n|upkeep\n|turn|37\n|\n|t:|1781399143\n|move|p2a: Dedenne|Thunderbolt|p1a: Clefable\n|-damage|p1a: Clefable|0 fnt\n|faint|p1a: Clefable\n|\n|upkeep\n|\n|t:|1781399147\n|switch|p1a: Ribombee|Ribombee, L83, F, tera:Ground|90/235\n|turn|38\n|\n|t:|1781399151\n|move|p1a: Ribombee|Quiver Dance|p1a: Ribombee\n|-boost|p1a: Ribombee|spa|1\n|-boost|p1a: Ribombee|spd|1\n|-boost|p1a: Ribombee|spe|1\n|move|p2a: Dedenne|Dazzling Gleam|p1a: Ribombee\n|-damage|p1a: Ribombee|26/235\n|\n|upkeep\n|turn|39\n|\n|t:|1781399158\n|move|p1a: Ribombee|Moonblast|p2a: Dedenne\n|-damage|p2a: Dedenne|85/261\n|move|p2a: Dedenne|Dazzling Gleam|p1a: Ribombee\n|-damage|p1a: Ribombee|0 fnt\n|faint|p1a: Ribombee\n|\n|upkeep\n|\n|t:|1781399161\n|switch|p1a: Miraidon|Miraidon, L65|145/238\n|-fieldstart|move: Electric Terrain|[from] ability: Hadron Engine|[of] p1a: Miraidon\n|turn|40\n|\n|t:|1781399167\n|move|p2a: Dedenne|Dazzling Gleam|p1a: Miraidon\n|-supereffective|p1a: Miraidon\n|-damage|p1a: Miraidon|0 fnt\n|faint|p1a: Miraidon\n|\n|upkeep\n|\n|t:|1781399169\n|switch|p1a: Rotom|Rotom-Mow, L87|169/229\n|turn|41\n|-message|Kosaji forfeited.\n|\n|win|schleeby\n", "inputlog": ">version a8376a258c1d4662feba110a92103f3664a72141\n>start {\"formatid\":\"gen9randombattle\",\"seed\":\"sodium,0e5252664ccf827a85947196e41a5437\",\"rated\":\"Rated battle\"}\n>player p1 {\"name\":\"Kosaji\",\"avatar\":\"zinnia-masters\",\"rating\":1966,\"seed\":\"sodium,ff26ed32c5e46dbff1ea4ed33fac9a73\"}\n>player p2 {\"name\":\"schleeby\",\"avatar\":\"rosa\",\"rating\":1935,\"seed\":\"sodium,d634ade3d26b130b294a850df49c423a\"}\n>p1 switch 3\n>p2 move nuzzle\n>p1 move fireblast\n>p2 switch 6\n>p1 switch 4\n>p2 move sludgebomb\n>p1 move surf\n>p2 move sludgebomb\n>p1 move roost\n>p2 switch 2\n>p1 move bravebird\n>p2 move calmmind\n>p1 switch 3\n>p2 move recover\n>p1 move crunch\n>p2 move focusblast\n>p1 switch 3\n>p1 move surf\n>p2 switch 6\n>p1 switch 4\n>p2 move thunderbolt\n>p1 switch 4\n>p2 move thunderbolt\n>p1 switch 6\n>p1 move quiverdance\n>p2 move nuzzle\n>chat \u2606schleeby|isnt shield dust meant to block that\n>chat \u2606Kosaji|it did block it\n>p1 move quiverdance\n>p2 switch 2\n>chat \u2606Kosaji|its a secondary effect\n>chat \u2606schleeby|im so stupid\n>chat \u2606schleeby|I just saw yellow\n>p1 move terablast terastallize\n>p2 move sludgebomb\n>p1 move terablast\n>p2 move flipturn\n>p2 switch 5\n>p1 switch 5\n>p2 move dualwingbeat\n>p1 move willowisp\n>p2 switch 6\n>p1 move thunderbolt\n>p2 switch 2\n>p1 switch 5\n>p2 move dazzlinggleam\n>p1 move moonblast\n>p2 switch 6\n>p1 switch 5\n>p2 move dualwingbeat\n>p1 move thunderbolt\n>p2 switch 2\n>p2 switch 3\n>p1 switch 2\n>p2 move fireblast\n>p1 move voltswitch\n>p2 switch 4\n>p1 switch 4\n>p2 switch 6\n>p1 move moonlight\n>p2 move thunderbolt\n>p1 move moonlight\n>p2 move thunderbolt\n>p1 move moonlight\n>p2 move thunderbolt\n>p1 move moonlight\n>p2 move thunderbolt\n>p1 move moonlight\n>p2 move thunderbolt\n>p1 move calmmind\n>p2 move thunderbolt\n>p1 move moonlight\n>p2 move thunderbolt\n>p1 move calmmind\n>p2 move superfang\n>p1 move moonlight\n>p2 move thunderbolt\n>p1 move calmmind\n>p2 move thunderbolt\n>p1 move calmmind\n>p2 move superfang\n>p1 move moonlight\n>p2 move thunderbolt\n>p1 move moonlight\n>p2 move thunderbolt\n>p1 switch 5\n>p1 move quiverdance\n>p2 move dazzlinggleam\n>p1 move moonblast\n>p2 move dazzlinggleam\n>p1 switch 4\n>p1 move voltswitch\n>p2 move dazzlinggleam\n>p1 switch 2\n>forcelose p1", "uploadtime": 1781398778, "views": 4, "formatid": "gen9randombattle", "rating": null, "private": 0, "password": null}