{"id": "gen9randombattle-2632001673", "format": "[Gen 9] Random Battle", "players": ["Red Skies", "Chakraisgae"], "log": "|j|\u2606Red Skies\n|j|\u2606Chakraisgae\n|t:|1781464671\n|gametype|singles\n|player|p1|Red Skies|n|2191\n|player|p2|Chakraisgae|2|2149\n|gen|9\n|tier|[Gen 9] Random Battle\n|rated|\n|rule|Species Clause: Limit one of each Pok\u00e9mon\n|rule|HP Percentage Mod: HP is shown in percentages\n|rule|Sleep Clause Mod: Limit one foe put to sleep\n|rule|Illusion Level Mod: Illusion disguises the Pok\u00e9mon's true level\n|\n|t:|1781464671\n|teamsize|p1|6\n|teamsize|p2|6\n|start\n|switch|p1a: Farigiraf|Farigiraf, L90, M|362/362\n|switch|p2a: Dragonite|Dragonite, L74, F|257/257\n|turn|1\n|inactive|Battle timer is ON: inactive players will automatically lose when time's up. (requested by Chakraisgae)\n|\n|t:|1781464697\n|switch|p2a: Samurott|Samurott, L88, M|310/310\n|move|p1a: Farigiraf|Body Slam|p2a: Samurott\n|-damage|p2a: Samurott|222/310\n|\n|upkeep\n|turn|2\n|\n|t:|1781464704\n|move|p2a: Samurott|Swords Dance|p2a: Samurott\n|-boost|p2a: Samurott|atk|2\n|move|p1a: Farigiraf|Body Slam|p2a: Samurott\n|-damage|p2a: Samurott|126/310\n|\n|upkeep\n|turn|3\n|\n|t:|1781464712\n|switch|p1a: Gurdurr|Gurdurr, L85, F|283/283\n|move|p2a: Samurott|Knock Off|p1a: Gurdurr\n|-resisted|p1a: Gurdurr\n|-damage|p1a: Gurdurr|221/283\n|-enditem|p1a: Gurdurr|Eviolite|[from] move: Knock Off|[of] p2a: Samurott\n|-damage|p2a: Samurott|95/310|[from] item: Life Orb\n|\n|upkeep\n|turn|4\n|\n|t:|1781464721\n|move|p1a: Gurdurr|Mach Punch|p2a: Samurott\n|-damage|p2a: Samurott|46/310\n|move|p2a: Samurott|Liquidation|p1a: Gurdurr\n|-damage|p1a: Gurdurr|0 fnt\n|faint|p1a: Gurdurr\n|-damage|p2a: Samurott|15/310|[from] item: Life Orb\n|\n|upkeep\n|\n|t:|1781464730\n|switch|p1a: Leavanny|Leavanny, L86, M|269/269\n|turn|5\n|\n|t:|1781464749\n|switch|p2a: Infernape|Infernape, L82, F|259/259\n|move|p1a: Leavanny|Sticky Web|p2a: Infernape\n|-sidestart|p2: Chakraisgae|move: Sticky Web\n|\n|upkeep\n|turn|6\n|\n|t:|1781464758\n|switch|p1a: Farigiraf|Farigiraf, L90, M|362/362\n|move|p2a: Infernape|Flare Blitz|p1a: Farigiraf\n|-damage|p1a: Farigiraf|169/362\n|-damage|p2a: Infernape|195/259|[from] Recoil\n|\n|-heal|p1a: Farigiraf|191/362|[from] item: Leftovers\n|upkeep\n|turn|7\n|\n|t:|1781464765\n|move|p1a: Farigiraf|Protect|p1a: Farigiraf\n|-singleturn|p1a: Farigiraf|Protect\n|move|p2a: Infernape|Flare Blitz|p1a: Farigiraf\n|-activate|p1a: Farigiraf|move: Protect\n|\n|-heal|p1a: Farigiraf|213/362|[from] item: Leftovers\n|upkeep\n|turn|8\n|\n|t:|1781464771\n|move|p2a: Infernape|Flare Blitz|p1a: Farigiraf\n|-damage|p1a: Farigiraf|15/362\n|-status|p1a: Farigiraf|brn\n|-damage|p2a: Infernape|130/259|[from] Recoil\n|move|p1a: Farigiraf|Psychic Noise|p2a: Infernape\n|-supereffective|p2a: Infernape\n|-damage|p2a: Infernape|0 fnt\n|faint|p2a: Infernape\n|\n|-heal|p1a: Farigiraf|37/362 brn|[from] item: Leftovers\n|-damage|p1a: Farigiraf|15/362 brn|[from] brn\n|upkeep\n|\n|t:|1781464778\n|switch|p2a: Dragonite|Dragonite, L74, F|257/257\n|turn|9\n|\n|t:|1781464786\n|move|p2a: Dragonite|Dragon Dance|p2a: Dragonite\n|-boost|p2a: Dragonite|atk|1\n|-boost|p2a: Dragonite|spe|1\n|move|p1a: Farigiraf|Body Slam|p2a: Dragonite\n|-damage|p2a: Dragonite|232/257\n|-status|p2a: Dragonite|par\n|\n|-heal|p1a: Farigiraf|37/362 brn|[from] item: Leftovers\n|-damage|p1a: Farigiraf|15/362 brn|[from] brn\n|upkeep\n|turn|10\n|\n|t:|1781464790\n|move|p1a: Farigiraf|Psychic Noise|p2a: Dragonite\n|-damage|p2a: Dragonite|127/257 par\n|-start|p2a: Dragonite|move: Heal Block\n|move|p2a: Dragonite|Dragon Dance|p2a: Dragonite\n|-boost|p2a: Dragonite|atk|1\n|-boost|p2a: Dragonite|spe|1\n|\n|-heal|p1a: Farigiraf|37/362 brn|[from] item: Leftovers\n|-damage|p1a: Farigiraf|15/362 brn|[from] brn\n|upkeep\n|turn|11\n|\n|t:|1781464800\n|cant|p2a: Dragonite|par\n|move|p1a: Farigiraf|Psychic Noise|p2a: Dragonite\n|-damage|p2a: Dragonite|21/257 par\n|\n|-heal|p1a: Farigiraf|37/362 brn|[from] item: Leftovers\n|-damage|p1a: Farigiraf|15/362 brn|[from] brn\n|-end|p2a: Dragonite|move: Heal Block\n|upkeep\n|turn|12\n|\n|t:|1781464805\n|move|p2a: Dragonite|Earthquake|p1a: Farigiraf\n|-damage|p1a: Farigiraf|0 fnt\n|faint|p1a: Farigiraf\n|\n|upkeep\n|\n|t:|1781464810\n|switch|p1a: Leavanny|Leavanny, L86, M|269/269\n|turn|13\n|\n|t:|1781464815\n|move|p1a: Leavanny|Knock Off|p2a: Dragonite\n|-damage|p2a: Dragonite|0 fnt\n|-enditem|p2a: Dragonite|Heavy-Duty Boots|[from] move: Knock Off|[of] p1a: Leavanny\n|faint|p2a: Dragonite\n|\n|upkeep\n|\n|t:|1781464821\n|switch|p2a: Pikachu|Pikachu-Hoenn, L93, M|216/216\n|-activate|p2a: Pikachu|move: Sticky Web\n|-unboost|p2a: Pikachu|spe|1\n|turn|14\n|\n|t:|1781464825\n|move|p2a: Pikachu|Fake Out|p1a: Leavanny\n|-damage|p1a: Leavanny|222/269\n|cant|p1a: Leavanny|flinch\n|\n|upkeep\n|turn|15\n|\n|t:|1781464828\n|switch|p2a: Samurott|Samurott, L88, M|15/310\n|-activate|p2a: Samurott|move: Sticky Web\n|-unboost|p2a: Samurott|spe|1\n|move|p1a: Leavanny|Bullet Seed|p2a: Samurott\n|-supereffective|p2a: Samurott\n|-damage|p2a: Samurott|0 fnt\n|faint|p2a: Samurott\n|-hitcount|p2: Samurott|1\n|\n|upkeep\n|\n|t:|1781464833\n|switch|p2a: Gengar|Gengar, L81, M|230/230\n|-activate|p2a: Gengar|move: Sticky Web\n|-unboost|p2a: Gengar|spe|1\n|turn|16\n|\n|t:|1781464837\n|switch|p1a: Magcargo|Magcargo, L95, M|268/268\n|move|p2a: Gengar|Sludge Wave|p1a: Magcargo\n|-resisted|p1a: Magcargo\n|-damage|p1a: Magcargo|194/268\n|-damage|p2a: Gengar|207/230|[from] item: Life Orb\n|\n|upkeep\n|turn|17\n|\n|t:|1781464846\n|move|p2a: Gengar|Focus Blast|p1a: Magcargo\n|-supereffective|p1a: Magcargo\n|-damage|p1a: Magcargo|0 fnt\n|faint|p1a: Magcargo\n|-damage|p2a: Gengar|184/230|[from] item: Life Orb\n|\n|upkeep\n|\n|t:|1781464852\n|switch|p1a: Zekrom|Zekrom, L71|259/259\n|-ability|p1a: Zekrom|Teravolt\n|turn|18\n|\n|t:|1781464860\n|move|p1a: Zekrom|Dragon Dance|p1a: Zekrom\n|-boost|p1a: Zekrom|atk|1\n|-boost|p1a: Zekrom|spe|1\n|move|p2a: Gengar|Sludge Wave|p1a: Zekrom\n|-damage|p1a: Zekrom|102/259\n|-damage|p2a: Gengar|161/230|[from] item: Life Orb\n|\n|-heal|p1a: Zekrom|118/259|[from] item: Leftovers\n|upkeep\n|turn|19\n|\n|t:|1781464864\n|switch|p2a: Pikachu|Pikachu-Hoenn, L93, M|216/216\n|-activate|p2a: Pikachu|move: Sticky Web\n|-unboost|p2a: Pikachu|spe|1\n|move|p1a: Zekrom|Outrage|p2a: Pikachu\n|-damage|p2a: Pikachu|0 fnt\n|faint|p2a: Pikachu\n|\n|-heal|p1a: Zekrom|134/259|[from] item: Leftovers\n|upkeep\n|\n|t:|1781464867\n|switch|p2a: Bellossom|Bellossom, L84, F|263/263\n|-activate|p2a: Bellossom|move: Sticky Web\n|-unboost|p2a: Bellossom|spe|1\n|turn|20\n|\n|t:|1781464876\n|-terastallize|p2a: Bellossom|Fairy\n|move|p1a: Zekrom|Outrage|p2a: Bellossom|[from] lockedmove\n|-immune|p2a: Bellossom\n|move|p2a: Bellossom|Quiver Dance|p2a: Bellossom\n|-boost|p2a: Bellossom|spa|1\n|-boost|p2a: Bellossom|spd|1\n|-boost|p2a: Bellossom|spe|1\n|\n|-heal|p1a: Zekrom|150/259|[from] item: Leftovers\n|upkeep\n|turn|21\n|\n|t:|1781464890\n|-terastallize|p1a: Zekrom|Grass\n|move|p1a: Zekrom|Bolt Strike|p2a: Bellossom\n|-damage|p2a: Bellossom|65/263\n|move|p2a: Bellossom|Strength Sap|p1a: Zekrom\n|-unboost|p1a: Zekrom|atk|1\n|-heal|p2a: Bellossom|263/263\n|\n|-heal|p1a: Zekrom|166/259|[from] item: Leftovers\n|upkeep\n|turn|22\n|\n|t:|1781464913\n|move|p1a: Zekrom|Dragon Dance|p1a: Zekrom\n|-boost|p1a: Zekrom|atk|1\n|-boost|p1a: Zekrom|spe|1\n|move|p2a: Bellossom|Quiver Dance|p2a: Bellossom\n|-boost|p2a: Bellossom|spa|1\n|-boost|p2a: Bellossom|spd|1\n|-boost|p2a: Bellossom|spe|1\n|\n|-heal|p1a: Zekrom|182/259|[from] item: Leftovers\n|upkeep\n|turn|23\n|\n|t:|1781464918\n|move|p1a: Zekrom|Dragon Dance|p1a: Zekrom\n|-boost|p1a: Zekrom|atk|1\n|-boost|p1a: Zekrom|spe|1\n|move|p2a: Bellossom|Strength Sap|p1a: Zekrom\n|-unboost|p1a: Zekrom|atk|1\n|\n|-heal|p1a: Zekrom|198/259|[from] item: Leftovers\n|upkeep\n|turn|24\n|\n|t:|1781464923\n|move|p1a: Zekrom|Substitute|p1a: Zekrom\n|-start|p1a: Zekrom|Substitute\n|-damage|p1a: Zekrom|134/259\n|move|p2a: Bellossom|Strength Sap||[still]\n|-fail|p2a: Bellossom\n|\n|-heal|p1a: Zekrom|150/259|[from] item: Leftovers\n|upkeep\n|turn|25\n|\n|t:|1781464933\n|move|p1a: Zekrom|Dragon Dance|p1a: Zekrom\n|-boost|p1a: Zekrom|atk|1\n|-boost|p1a: Zekrom|spe|1\n|move|p2a: Bellossom|Moonblast|p1a: Zekrom\n|-end|p1a: Zekrom|Substitute\n|\n|-heal|p1a: Zekrom|166/259|[from] item: Leftovers\n|upkeep\n|turn|26\n|\n|t:|1781464943\n|move|p1a: Zekrom|Substitute|p1a: Zekrom\n|-start|p1a: Zekrom|Substitute\n|-damage|p1a: Zekrom|102/259\n|move|p2a: Bellossom|Moonblast|p1a: Zekrom\n|-end|p1a: Zekrom|Substitute\n|\n|-heal|p1a: Zekrom|118/259|[from] item: Leftovers\n|upkeep\n|turn|27\n|\n|t:|1781464947\n|move|p1a: Zekrom|Bolt Strike|p2a: Bellossom\n|-damage|p2a: Bellossom|0 fnt\n|faint|p2a: Bellossom\n|\n|-heal|p1a: Zekrom|134/259|[from] item: Leftovers\n|upkeep\n|-message|Chakraisgae forfeited.\n|\n|win|Red Skies\n", "uploadtime": 1781464673, "views": 2, "formatid": "gen9randombattle", "rating": null, "private": 0, "password": null}