{"id": "gen9randombattle-2631818354", "format": "[Gen 9] Random Battle", "players": ["espeonagee", "duuhhao"], "log": "|j|\u2606espeonagee\n|j|\u2606duuhhao\n|t:|1781444047\n|gametype|singles\n|player|p1|espeonagee|169|2156\n|player|p2|duuhhao|clair|2195\n|gen|9\n|tier|[Gen 9] Random Battle\n|rated|\n|rule|Species Clause: Limit one of each Pok\u00e9mon\n|rule|HP Percentage Mod: HP is shown in percentages\n|rule|Sleep Clause Mod: Limit one foe put to sleep\n|rule|Illusion Level Mod: Illusion disguises the Pok\u00e9mon's true level\n|\n|t:|1781444047\n|teamsize|p1|6\n|teamsize|p2|6\n|start\n|switch|p1a: Galvantula|Galvantula, L82, M|249/249\n|switch|p2a: Typhlosion|Typhlosion, L84, M|267/267\n|turn|1\n|\n|t:|1781444075\n|switch|p1a: Klawf|Klawf, L90, F|272/272\n|move|p2a: Typhlosion|Eruption|p1a: Klawf\n|-resisted|p1a: Klawf\n|-damage|p1a: Klawf|153/272\n|\n|upkeep\n|turn|2\n|\n|t:|1781444093\n|switch|p2a: Glalie|Glalie, L96, F|309/309\n|switch|p1a: Galvantula|Galvantula, L82, M|249/249\n|\n|upkeep\n|turn|3\n|\n|t:|1781444101\n|move|p1a: Galvantula|Sticky Web|p2a: Glalie\n|-sidestart|p2: duuhhao|move: Sticky Web\n|move|p2a: Glalie|Spikes|p1a: Galvantula\n|-sidestart|p1: espeonagee|Spikes\n|\n|upkeep\n|turn|4\n|\n|t:|1781444104\n|move|p1a: Galvantula|Thunder|p2a: Glalie\n|-damage|p2a: Glalie|195/309\n|-status|p2a: Glalie|par\n|move|p2a: Glalie|Freeze-Dry|p1a: Galvantula\n|-damage|p1a: Galvantula|141/249\n|\n|upkeep\n|turn|5\n|\n|t:|1781444111\n|move|p1a: Galvantula|Thunder|p2a: Glalie\n|-damage|p2a: Glalie|84/309 par\n|move|p2a: Glalie|Freeze-Dry|p1a: Galvantula\n|-damage|p1a: Galvantula|39/249\n|\n|upkeep\n|turn|6\n|\n|t:|1781444120\n|move|p1a: Galvantula|Thunder|p2a: Glalie\n|-damage|p2a: Glalie|0 fnt\n|faint|p2a: Glalie\n|\n|upkeep\n|\n|t:|1781444123\n|switch|p2a: Skeledirge|Skeledirge, L79, M|294/294\n|turn|7\n|\n|t:|1781444133\n|move|p1a: Galvantula|Thunder|p2a: Skeledirge\n|-damage|p2a: Skeledirge|173/294\n|move|p2a: Skeledirge|Flame Charge|p1a: Galvantula\n|-supereffective|p1a: Galvantula\n|-damage|p1a: Galvantula|0 fnt\n|-boost|p2a: Skeledirge|spe|1\n|faint|p1a: Galvantula\n|\n|upkeep\n|\n|t:|1781444144\n|switch|p1a: Sandaconda|Sandaconda, L84, M|258/258\n|-damage|p1a: Sandaconda|226/258|[from] Spikes\n|turn|8\n|\n|t:|1781444151\n|switch|p2a: Lurantis|Lurantis, L87, F|264/264\n|-activate|p2a: Lurantis|move: Sticky Web\n|-boost|p2a: Lurantis|spe|1\n|move|p1a: Sandaconda|Earthquake|p2a: Lurantis\n|-resisted|p2a: Lurantis\n|-damage|p2a: Lurantis|213/264\n|\n|upkeep\n|turn|9\n|\n|t:|1781444165\n|switch|p1a: Flapple|Flapple, L88, F|266/266\n|-damage|p1a: Flapple|233/266|[from] Spikes\n|move|p2a: Lurantis|Leaf Storm|p1a: Flapple\n|-resisted|p1a: Flapple\n|-damage|p1a: Flapple|192/266\n|-boost|p2a: Lurantis|spa|2\n|\n|upkeep\n|turn|10\n|\n|t:|1781444178\n|-terastallize|p2a: Lurantis|Steel\n|move|p2a: Lurantis|Superpower|p1a: Flapple\n|-damage|p1a: Flapple|102/266\n|-boost|p2a: Lurantis|atk|1\n|-boost|p2a: Lurantis|def|1\n|move|p1a: Flapple|Dragon Dance|p1a: Flapple\n|-boost|p1a: Flapple|atk|1\n|-boost|p1a: Flapple|spe|1\n|\n|upkeep\n|turn|11\n|\n|t:|1781444187\n|-terastallize|p1a: Flapple|Fire\n|move|p1a: Flapple|Tera Blast|p2a: Lurantis|[anim] Tera Blast Fire|[miss]\n|-miss|p1a: Flapple|p2a: Lurantis\n|move|p2a: Lurantis|Superpower|p1a: Flapple\n|-damage|p1a: Flapple|0 fnt\n|-boost|p2a: Lurantis|atk|1\n|-boost|p2a: Lurantis|def|1\n|faint|p1a: Flapple\n|\n|upkeep\n|-message|espeonagee forfeited.\n|\n|win|duuhhao\n", "inputlog": ">version a8376a258c1d4662feba110a92103f3664a72141\n>start {\"formatid\":\"gen9randombattle\",\"seed\":\"sodium,953abca16c6e90bdd723254d23259604\",\"rated\":\"Rated battle\"}\n>player p1 {\"name\":\"espeonagee\",\"avatar\":\"169\",\"rating\":2156,\"seed\":\"sodium,3997728396601ece7f48067d44f705d4\"}\n>player p2 {\"name\":\"duuhhao\",\"avatar\":\"clair\",\"rating\":2195,\"seed\":\"sodium,b5613d80ad6acd3b0d27402130ff17c7\"}\n>p1 switch 2\n>p2 move eruption\n>p1 switch 2\n>p2 switch 6\n>p1 move stickyweb\n>p2 move spikes\n>p1 move thunder\n>p2 move freezedry\n>p1 move thunder\n>p2 move freezedry\n>p1 move thunder\n>p2 move spikes\n>p2 switch 2\n>p1 move thunder\n>p2 move flamecharge\n>p1 switch 4\n>p1 move earthquake\n>p2 switch 5\n>p1 switch 6\n>p2 move leafstorm\n>p1 move dragondance\n>p2 move superpower terastallize\n>p1 move terablast terastallize\n>p2 move superpower\n>forcelose p1", "uploadtime": 1781444049, "views": 4, "formatid": "gen9randombattle", "rating": null, "private": 0, "password": null}