{"id": "gen9randombattle-2631933252", "format": "[Gen 9] Random Battle", "players": ["memegameguy", "Aminator3000"], "log": "|j|\u2606memegameguy\n|j|\u2606Aminator3000\n|t:|1781457169\n|gametype|singles\n|player|p1|memegameguy|hilbert|1997\n|player|p2|Aminator3000|veteran|1934\n|gen|9\n|tier|[Gen 9] Random Battle\n|rated|\n|rule|Species Clause: Limit one of each Pok\u00e9mon\n|rule|HP Percentage Mod: HP is shown in percentages\n|rule|Sleep Clause Mod: Limit one foe put to sleep\n|rule|Illusion Level Mod: Illusion disguises the Pok\u00e9mon's true level\n|\n|t:|1781457169\n|teamsize|p1|6\n|teamsize|p2|6\n|start\n|switch|p1a: Ribombee|Ribombee, L83, M|235/235\n|switch|p2a: Regigigas|Regigigas, L84|322/322\n|-start|p2a: Regigigas|ability: Slow Start\n|turn|1\n|\n|t:|1781457192\n|move|p1a: Ribombee|Sticky Web|p2a: Regigigas\n|-sidestart|p2: Aminator3000|move: Sticky Web\n|move|p2a: Regigigas|Body Slam|p1a: Ribombee\n|-damage|p1a: Ribombee|144/235\n|\n|upkeep\n|turn|2\n|\n|t:|1781457201\n|move|p1a: Ribombee|Bug Buzz|p2a: Regigigas\n|-damage|p2a: Regigigas|250/322\n|move|p2a: Regigigas|Body Slam|p1a: Ribombee\n|-damage|p1a: Ribombee|59/235\n|\n|-heal|p2a: Regigigas|270/322|[from] item: Leftovers\n|upkeep\n|turn|3\n|\n|t:|1781457211\n|move|p1a: Ribombee|Moonblast|p2a: Regigigas\n|-damage|p2a: Regigigas|186/322\n|move|p2a: Regigigas|Body Slam|p1a: Ribombee\n|-damage|p1a: Ribombee|0 fnt\n|faint|p1a: Ribombee\n|\n|-heal|p2a: Regigigas|206/322|[from] item: Leftovers\n|upkeep\n|\n|t:|1781457221\n|switch|p1a: Darkrai|Darkrai, L77|234/234\n|turn|4\n|\n|t:|1781457225\n|move|p1a: Darkrai|Hypnosis|p2a: Regigigas\n|-status|p2a: Regigigas|slp|[from] move: Hypnosis\n|cant|p2a: Regigigas|slp\n|\n|-heal|p2a: Regigigas|226/322 slp|[from] item: Leftovers\n|-damage|p2a: Regigigas|186/322 slp|[from] ability: Bad Dreams|[of] p1a: Darkrai\n|upkeep\n|turn|5\n|\n|t:|1781457235\n|move|p1a: Darkrai|Dark Pulse|p2a: Regigigas\n|-damage|p2a: Regigigas|89/322 slp\n|-damage|p1a: Darkrai|211/234|[from] item: Life Orb\n|cant|p2a: Regigigas|slp\n|move|p2a: Regigigas|Sleep Talk|p2a: Regigigas\n|move|p2a: Regigigas|Body Slam|p1a: Darkrai|[from] move: Sleep Talk\n|-damage|p1a: Darkrai|139/234\n|-status|p1a: Darkrai|par\n|\n|-heal|p2a: Regigigas|109/322 slp|[from] item: Leftovers\n|-damage|p2a: Regigigas|69/322 slp|[from] ability: Bad Dreams|[of] p1a: Darkrai\n|-end|p2a: Regigigas|Slow Start\n|upkeep\n|turn|6\n|\n|t:|1781457252\n|-curestatus|p2a: Regigigas|slp|[msg]\n|move|p2a: Regigigas|Rest|p2a: Regigigas\n|-status|p2a: Regigigas|slp|[from] move: Rest\n|-heal|p2a: Regigigas|322/322 slp|[silent]\n|move|p1a: Darkrai|Dark Pulse|p2a: Regigigas\n|-damage|p2a: Regigigas|227/322 slp\n|-damage|p1a: Darkrai|116/234 par|[from] item: Life Orb\n|\n|-heal|p2a: Regigigas|247/322 slp|[from] item: Leftovers\n|-damage|p2a: Regigigas|207/322 slp|[from] ability: Bad Dreams|[of] p1a: Darkrai\n|upkeep\n|turn|7\n|\n|t:|1781457266\n|cant|p2a: Regigigas|slp\n|move|p2a: Regigigas|Sleep Talk|p2a: Regigigas\n|move|p2a: Regigigas|Knock Off|p1a: Darkrai|[from] move: Sleep Talk\n|-resisted|p1a: Darkrai\n|-damage|p1a: Darkrai|63/234 par\n|-enditem|p1a: Darkrai|Life Orb|[from] move: Knock Off|[of] p2a: Regigigas\n|move|p1a: Darkrai|Dark Pulse|p2a: Regigigas\n|-damage|p2a: Regigigas|134/322 slp\n|\n|-heal|p2a: Regigigas|154/322 slp|[from] item: Leftovers\n|-damage|p2a: Regigigas|114/322 slp|[from] ability: Bad Dreams|[of] p1a: Darkrai\n|upkeep\n|turn|8\n|\n|t:|1781457280\n|cant|p2a: Regigigas|slp\n|move|p2a: Regigigas|Sleep Talk|p2a: Regigigas\n|move|p2a: Regigigas|Body Slam|p1a: Darkrai|[from] move: Sleep Talk\n|-damage|p1a: Darkrai|0 fnt\n|faint|p1a: Darkrai\n|\n|-heal|p2a: Regigigas|134/322 slp|[from] item: Leftovers\n|upkeep\n|\n|t:|1781457288\n|switch|p1a: Revavroom|Revavroom, L79, F|256/256\n|turn|9\n|\n|t:|1781457294\n|-curestatus|p2a: Regigigas|slp|[msg]\n|move|p2a: Regigigas|Knock Off|p1a: Revavroom\n|-damage|p1a: Revavroom|153/256\n|-enditem|p1a: Revavroom|Life Orb|[from] move: Knock Off|[of] p2a: Regigigas\n|move|p1a: Revavroom|Shift Gear|p1a: Revavroom\n|-boost|p1a: Revavroom|spe|2\n|-boost|p1a: Revavroom|atk|1\n|\n|-heal|p2a: Regigigas|154/322|[from] item: Leftovers\n|upkeep\n|turn|10\n|\n|t:|1781457307\n|move|p1a: Revavroom|Iron Head|p2a: Regigigas\n|-damage|p2a: Regigigas|49/322\n|move|p2a: Regigigas|Body Slam|p1a: Revavroom\n|-resisted|p1a: Revavroom\n|-damage|p1a: Revavroom|80/256\n|\n|-heal|p2a: Regigigas|69/322|[from] item: Leftovers\n|upkeep\n|turn|11\n|\n|t:|1781457320\n|move|p1a: Revavroom|Iron Head|p2a: Regigigas\n|-damage|p2a: Regigigas|0 fnt\n|faint|p2a: Regigigas\n|-end|p2a: Regigigas|Slow Start|[silent]\n|\n|upkeep\n|\n|t:|1781457326\n|switch|p2a: Flygon|Flygon, L82, F|265/265\n|turn|12\n|\n|t:|1781457333\n|switch|p1a: Gastrodon|Gastrodon-East, L86, M|331/331\n|move|p2a: Flygon|Earthquake|p1a: Gastrodon\n|-damage|p1a: Gastrodon|202/331\n|\n|-heal|p1a: Gastrodon|222/331|[from] item: Leftovers\n|upkeep\n|turn|13\n|\n|t:|1781457346\n|switch|p2a: Glastrier|Glastrier, L86|312/312\n|move|p1a: Gastrodon|Surf|p2a: Glastrier\n|-damage|p2a: Glastrier|228/312\n|\n|-heal|p1a: Gastrodon|242/331|[from] item: Leftovers\n|upkeep\n|turn|14\n|\n|t:|1781457358\n|switch|p1a: Revavroom|Revavroom, L79, F|80/256\n|move|p2a: Glastrier|Swords Dance|p2a: Glastrier\n|-boost|p2a: Glastrier|atk|2\n|\n|upkeep\n|turn|15\n|\n|t:|1781457365\n|move|p1a: Revavroom|Iron Head|p2a: Glastrier\n|-supereffective|p2a: Glastrier\n|-damage|p2a: Glastrier|96/312\n|move|p2a: Glastrier|High Horsepower|p1a: Revavroom\n|-supereffective|p1a: Revavroom\n|-damage|p1a: Revavroom|0 fnt\n|faint|p1a: Revavroom\n|-ability|p2a: Glastrier|Chilling Neigh|boost\n|-boost|p2a: Glastrier|atk|1\n|\n|upkeep\n|\n|t:|1781457373\n|switch|p1a: Noivern|Noivern, L82, F|274/274\n|turn|16\n|\n|t:|1781457391\n|move|p1a: Noivern|Flamethrower|p2a: Glastrier\n|-supereffective|p2a: Glastrier\n|-damage|p2a: Glastrier|0 fnt\n|faint|p2a: Glastrier\n|\n|upkeep\n|\n|t:|1781457406\n|switch|p2a: Pachirisu|Pachirisu, L96, F|271/271\n|turn|17\n|\n|t:|1781457412\n|switch|p1a: Gastrodon|Gastrodon-East, L86, M|242/331\n|move|p2a: Pachirisu|Super Fang|p1a: Gastrodon\n|-damage|p1a: Gastrodon|121/331\n|\n|-heal|p1a: Gastrodon|141/331|[from] item: Leftovers\n|upkeep\n|turn|18\n|\n|t:|1781457424\n|move|p2a: Pachirisu|U-turn|p1a: Gastrodon\n|-damage|p1a: Gastrodon|93/331\n|\n|t:|1781457427\n|switch|p2a: Urshifu|Urshifu, L74, M|270/270|[from] U-turn\n|-activate|p2a: Urshifu|move: Sticky Web\n|-unboost|p2a: Urshifu|spe|1\n|move|p1a: Gastrodon|Recover|p1a: Gastrodon\n|-heal|p1a: Gastrodon|259/331\n|\n|-heal|p1a: Gastrodon|279/331|[from] item: Leftovers\n|upkeep\n|turn|19\n|\n|t:|1781457441\n|move|p2a: Urshifu|Wicked Blow|p1a: Gastrodon\n|-crit|p1a: Gastrodon\n|-damage|p1a: Gastrodon|63/331\n|move|p1a: Gastrodon|Surf|p2a: Urshifu\n|-damage|p2a: Urshifu|116/270\n|\n|-heal|p1a: Gastrodon|83/331|[from] item: Leftovers\n|upkeep\n|turn|20\n|\n|t:|1781457463\n|switch|p1a: Noivern|Noivern, L82, F|274/274\n|move|p2a: Urshifu|Wicked Blow|p1a: Noivern\n|-crit|p1a: Noivern\n|-damage|p1a: Noivern|73/274\n|\n|upkeep\n|turn|21\n|\n|t:|1781457471\n|switch|p2a: Pachirisu|Pachirisu, L96, F|271/271\n|move|p1a: Noivern|Draco Meteor|p2a: Pachirisu\n|-damage|p2a: Pachirisu|154/271\n|-unboost|p1a: Noivern|spa|2\n|\n|upkeep\n|turn|22\n|\n|t:|1781457482\n|move|p1a: Noivern|Roost|p1a: Noivern\n|-heal|p1a: Noivern|210/274\n|-singleturn|p1a: Noivern|move: Roost\n|move|p2a: Pachirisu|U-turn|p1a: Noivern\n|-damage|p1a: Noivern|171/274\n|\n|t:|1781457489\n|switch|p2a: Flygon|Flygon, L82, F|265/265|[from] U-turn\n|\n|upkeep\n|turn|23\n|\n|t:|1781457496\n|move|p1a: Noivern|Draco Meteor|p2a: Flygon|[miss]\n|-miss|p1a: Noivern|p2a: Flygon\n|move|p2a: Flygon|Dragon Dance|p2a: Flygon\n|-boost|p2a: Flygon|atk|1\n|-boost|p2a: Flygon|spe|1\n|\n|upkeep\n|turn|24\n|\n|t:|1781457503\n|switch|p1a: Gastrodon|Gastrodon-East, L86, M|83/331\n|move|p2a: Flygon|Outrage|p1a: Gastrodon\n|-damage|p1a: Gastrodon|0 fnt\n|faint|p1a: Gastrodon\n|\n|upkeep\n|\n|t:|1781457509\n|switch|p1a: Cetitan|Cetitan, L82, F|412/412\n|turn|25\n|\n|t:|1781457515\n|move|p2a: Flygon|Outrage|p1a: Cetitan|[from] lockedmove\n|-damage|p1a: Cetitan|190/412\n|-enditem|p1a: Cetitan|Sitrus Berry|[eat]\n|-heal|p1a: Cetitan|293/412|[from] item: Sitrus Berry\n|move|p1a: Cetitan|Belly Drum|p1a: Cetitan\n|-damage|p1a: Cetitan|87/412\n|-setboost|p1a: Cetitan|atk|6|[from] move: Belly Drum\n|\n|upkeep\n|turn|26\n|\n|t:|1781457526\n|move|p1a: Cetitan|Ice Shard|p2a: Flygon\n|-supereffective|p2a: Flygon\n|-damage|p2a: Flygon|0 fnt\n|faint|p2a: Flygon\n|\n|upkeep\n|\n|t:|1781457537\n|switch|p2a: Urshifu|Urshifu, L74, M|116/270\n|-activate|p2a: Urshifu|move: Sticky Web\n|-unboost|p2a: Urshifu|spe|1\n|turn|27\n|\n|t:|1781457542\n|move|p1a: Cetitan|Ice Shard|p2a: Urshifu\n|-damage|p2a: Urshifu|0 fnt\n|faint|p2a: Urshifu\n|\n|upkeep\n|\n|t:|1781457549\n|switch|p2a: Overqwil|Overqwil, L82, F|274/274\n|-activate|p2a: Overqwil|move: Sticky Web\n|-unboost|p2a: Overqwil|spe|1\n|-ability|p2a: Overqwil|Intimidate|boost\n|-unboost|p1a: Cetitan|atk|1\n|turn|28\n|\n|t:|1781457559\n|-terastallize|p1a: Cetitan|Ice\n|move|p1a: Cetitan|Ice Spinner|p2a: Overqwil\n|-damage|p2a: Overqwil|0 fnt\n|faint|p2a: Overqwil\n|\n|upkeep\n|\n|t:|1781457565\n|switch|p2a: Pachirisu|Pachirisu, L96, F|154/271\n|turn|29\n|\n|t:|1781457570\n|move|p1a: Cetitan|Ice Shard|p2a: Pachirisu\n|-damage|p2a: Pachirisu|0 fnt\n|faint|p2a: Pachirisu\n|\n|win|memegameguy\n|raw|memegameguy's rating: 1997 &rarr; <strong>2013</strong><br />(+16 for winning)\n|raw|Aminator3000's rating: 1934 &rarr; <strong>1918</strong><br />(-16 for losing)\n", "inputlog": ">version a8376a258c1d4662feba110a92103f3664a72141\n>start {\"formatid\":\"gen9randombattle\",\"seed\":\"sodium,ae53435311cdec127d595312202ad6c0\",\"rated\":\"Rated battle\"}\n>player p1 {\"name\":\"memegameguy\",\"avatar\":\"hilbert\",\"rating\":1997,\"seed\":\"sodium,dd1bf15dda94cd1ad6a0e64fafe0a778\"}\n>player p2 {\"name\":\"Aminator3000\",\"avatar\":\"veteran\",\"rating\":1934,\"seed\":\"sodium,543db1f54895a1a2be5f1664f9f9b1af\"}\n>p1 move stickyweb\n>p2 move bodyslam\n>p1 move bugbuzz\n>p2 move bodyslam\n>p1 move moonblast\n>p2 move bodyslam\n>p1 switch 6\n>p1 move hypnosis\n>p2 move bodyslam\n>p1 move darkpulse\n>p2 move sleeptalk\n>p1 move darkpulse\n>p2 move rest\n>p1 move darkpulse\n>p2 move sleeptalk\n>p1 move darkpulse\n>p2 move sleeptalk\n>p1 switch 3\n>p1 move shiftgear\n>p2 move knockoff\n>p1 move ironhead\n>p2 move bodyslam\n>p1 move ironhead\n>p2 move bodyslam\n>p2 switch 5\n>p1 switch 4\n>p2 move earthquake\n>p1 move surf\n>p2 switch 3\n>p1 switch 4\n>p2 move swordsdance\n>p1 move ironhead\n>p2 move highhorsepower\n>p1 switch 2\n>p1 move flamethrower\n>p2 move iciclecrash\n>p2 switch 2\n>p1 switch 4\n>p2 move superfang\n>p1 move recover\n>p2 move uturn\n>p2 switch 4\n>p1 move surf\n>p2 move wickedblow\n>p1 switch 4\n>p2 move wickedblow\n>p1 move dracometeor\n>p2 switch 4\n>p1 move roost\n>p2 move uturn\n>p2 switch 3\n>p1 move dracometeor\n>p2 move dragondance\n>p1 switch 4\n>p2 move outrage\n>p1 switch 5\n>p1 move bellydrum\n>p2 move outrage\n>p1 move iceshard\n>p2 move outrage\n>p2 switch 4\n>p1 move iceshard\n>p2 move suckerpunch\n>p2 switch 6\n>p1 move icespinner terastallize\n>p2 move crunch\n>p2 switch 3\n>p1 move iceshard\n>p2 move discharge", "uploadtime": 1781457171, "views": 6, "formatid": "gen9randombattle", "rating": 1918, "private": 0, "password": null}