{"id": "gen9randombattle-2631571166", "format": "[Gen 9] Random Battle", "players": ["angsi", "nickolassbomfim"], "log": "|j|\u2606angsi\n|j|\u2606nickolassbomfim\n|t:|1781402865\n|gametype|singles\n|player|p1|angsi|1|1929\n|player|p2|nickolassbomfim|red-masters|1904\n|gen|9\n|tier|[Gen 9] Random Battle\n|rated|\n|rule|Species Clause: Limit one of each Pok\u00e9mon\n|rule|HP Percentage Mod: HP is shown in percentages\n|rule|Sleep Clause Mod: Limit one foe put to sleep\n|rule|Illusion Level Mod: Illusion disguises the Pok\u00e9mon's true level\n|\n|t:|1781402865\n|teamsize|p1|6\n|teamsize|p2|6\n|start\n|switch|p1a: Luvdisc|Luvdisc, F|247/247\n|switch|p2a: Gardevoir|Gardevoir, L83, F|249/249\n|-ability|p2a: Gardevoir|Swift Swim|Trace|[from] ability: Trace|[of] p1a: Luvdisc\n|turn|1\n|inactive|Battle timer is ON: inactive players will automatically lose when time's up. (requested by angsi)\n|\n|t:|1781402877\n|switch|p1a: Skuntank|Skuntank, L84, F|310/310\n|move|p2a: Gardevoir|Trick|p1a: Skuntank\n|-activate|p2a: Gardevoir|move: Trick|[of] p1a: Skuntank\n|-item|p1a: Skuntank|Choice Scarf|[from] move: Trick\n|-item|p2a: Gardevoir|Leftovers|[from] move: Trick\n|\n|upkeep\n|turn|2\n|\n|t:|1781402882\n|switch|p2a: Whiscash|Whiscash, L88, F|337/337\n|move|p1a: Skuntank|Toxic Spikes|p2a: Whiscash\n|-sidestart|p2: nickolassbomfim|move: Toxic Spikes\n|\n|upkeep\n|turn|3\n|\n|t:|1781402888\n|switch|p1a: Kyogre|Kyogre, L71|259/259\n|-weather|RainDance|[from] ability: Drizzle|[of] p1a: Kyogre\n|move|p2a: Whiscash|Spikes|p1a: Kyogre\n|-sidestart|p1: angsi|Spikes\n|\n|-weather|RainDance|[upkeep]\n|upkeep\n|turn|4\n|\n|t:|1781402893\n|move|p1a: Kyogre|Water Spout|p2a: Whiscash\n|-damage|p2a: Whiscash|73/337\n|move|p2a: Whiscash|Earthquake|p1a: Kyogre\n|-damage|p1a: Kyogre|148/259\n|\n|-weather|RainDance|[upkeep]\n|-heal|p2a: Whiscash|94/337|[from] item: Leftovers\n|upkeep\n|turn|5\n|\n|t:|1781402897\n|move|p1a: Kyogre|Water Spout|p2a: Whiscash\n|-damage|p2a: Whiscash|0 fnt\n|faint|p2a: Whiscash\n|\n|-weather|RainDance|[upkeep]\n|upkeep\n|\n|t:|1781402905\n|switch|p2a: Brute Bonnet|Brute Bonnet, L80|309/309\n|-status|p2a: Brute Bonnet|psn\n|turn|6\n|\n|t:|1781402909\n|switch|p1a: Archaludon|Archaludon, L78, M|268/268\n|-damage|p1a: Archaludon|235/268|[from] Spikes\n|move|p2a: Brute Bonnet|Spore|p1a: Archaludon\n|-status|p1a: Archaludon|slp|[from] move: Spore\n|-enditem|p1a: Archaludon|Lum Berry|[eat]\n|-curestatus|p1a: Archaludon|slp|[msg]\n|\n|-weather|RainDance|[upkeep]\n|-damage|p2a: Brute Bonnet|271/309 psn|[from] psn\n|upkeep\n|turn|7\n|\n|t:|1781402915\n|switch|p1a: Skuntank|Skuntank, L84, F|310/310\n|-damage|p1a: Skuntank|272/310|[from] Spikes\n|move|p2a: Brute Bonnet|Spore|p1a: Skuntank\n|-status|p1a: Skuntank|slp|[from] move: Spore\n|\n|-weather|none\n|-heal|p2a: Brute Bonnet|290/309 psn|[from] item: Leftovers\n|-damage|p2a: Brute Bonnet|252/309 psn|[from] psn\n|upkeep\n|turn|8\n|\n|t:|1781402918\n|cant|p1a: Skuntank|slp\n|move|p2a: Brute Bonnet|Close Combat|p1a: Skuntank\n|-damage|p1a: Skuntank|160/310 slp\n|-unboost|p2a: Brute Bonnet|def|1\n|-unboost|p2a: Brute Bonnet|spd|1\n|\n|-heal|p2a: Brute Bonnet|271/309 psn|[from] item: Leftovers\n|-damage|p2a: Brute Bonnet|233/309 psn|[from] psn\n|upkeep\n|turn|9\n|\n|t:|1781402921\n|switch|p1a: Archaludon|Archaludon, L78, M|235/268\n|-damage|p1a: Archaludon|202/268|[from] Spikes\n|move|p2a: Brute Bonnet|Close Combat|p1a: Archaludon\n|-supereffective|p1a: Archaludon\n|-damage|p1a: Archaludon|38/268\n|-unboost|p2a: Brute Bonnet|def|1\n|-unboost|p2a: Brute Bonnet|spd|1\n|-ability|p1a: Archaludon|Stamina|boost\n|-boost|p1a: Archaludon|def|1\n|\n|-heal|p2a: Brute Bonnet|252/309 psn|[from] item: Leftovers\n|-damage|p2a: Brute Bonnet|214/309 psn|[from] psn\n|upkeep\n|turn|10\n|\n|t:|1781402925\n|move|p2a: Brute Bonnet|Sucker Punch||[still]\n|-fail|p2a: Brute Bonnet\n|move|p1a: Archaludon|Swords Dance|p1a: Archaludon\n|-boost|p1a: Archaludon|atk|2\n|\n|-heal|p2a: Brute Bonnet|233/309 psn|[from] item: Leftovers\n|-damage|p2a: Brute Bonnet|195/309 psn|[from] psn\n|upkeep\n|turn|11\n|\n|t:|1781402930\n|move|p2a: Brute Bonnet|Sucker Punch|p1a: Archaludon\n|-damage|p1a: Archaludon|0 fnt\n|faint|p1a: Archaludon\n|\n|-heal|p2a: Brute Bonnet|214/309 psn|[from] item: Leftovers\n|-damage|p2a: Brute Bonnet|176/309 psn|[from] psn\n|upkeep\n|\n|t:|1781402932\n|switch|p1a: Volcarona|Volcarona, L77, F|257/257\n|turn|12\n|\n|t:|1781402937\n|-end|p2a: Brute Bonnet|Protosynthesis|[silent]\n|switch|p2a: Ting-Lu|Ting-Lu, L78|370/370\n|-status|p2a: Ting-Lu|psn\n|-ability|p2a: Ting-Lu|Vessel of Ruin\n|move|p1a: Volcarona|Quiver Dance|p1a: Volcarona\n|-boost|p1a: Volcarona|spa|1\n|-boost|p1a: Volcarona|spd|1\n|-boost|p1a: Volcarona|spe|1\n|\n|-damage|p2a: Ting-Lu|324/370 psn|[from] psn\n|upkeep\n|turn|13\n|\n|t:|1781402944\n|move|p1a: Volcarona|Giga Drain|p2a: Ting-Lu\n|-supereffective|p2a: Ting-Lu\n|-damage|p2a: Ting-Lu|180/370 psn\n|move|p2a: Ting-Lu|Earthquake|p1a: Volcarona\n|-damage|p1a: Volcarona|113/257\n|\n|-heal|p2a: Ting-Lu|203/370 psn|[from] item: Leftovers\n|-damage|p2a: Ting-Lu|157/370 psn|[from] psn\n|upkeep\n|turn|14\n|\n|t:|1781402949\n|-terastallize|p2a: Ting-Lu|Steel\n|move|p1a: Volcarona|Giga Drain|p2a: Ting-Lu\n|-resisted|p2a: Ting-Lu\n|-damage|p2a: Ting-Lu|119/370 psn\n|-heal|p1a: Volcarona|132/257|[from] drain|[of] p2a: Ting-Lu\n|move|p2a: Ting-Lu|Earthquake|p1a: Volcarona\n|-damage|p1a: Volcarona|0 fnt\n|faint|p1a: Volcarona\n|\n|-heal|p2a: Ting-Lu|142/370 psn|[from] item: Leftovers\n|-damage|p2a: Ting-Lu|96/370 psn|[from] psn\n|upkeep\n|\n|t:|1781402953\n|switch|p1a: Kyogre|Kyogre, L71|148/259\n|-damage|p1a: Kyogre|116/259|[from] Spikes\n|-weather|RainDance|[from] ability: Drizzle|[of] p1a: Kyogre\n|turn|15\n|\n|t:|1781402956\n|move|p1a: Kyogre|Ice Beam|p2a: Ting-Lu\n|-resisted|p2a: Ting-Lu\n|-damage|p2a: Ting-Lu|70/370 psn\n|move|p2a: Ting-Lu|Earthquake|p1a: Kyogre\n|-damage|p1a: Kyogre|7/259\n|\n|-weather|RainDance|[upkeep]\n|-heal|p2a: Ting-Lu|93/370 psn|[from] item: Leftovers\n|-damage|p2a: Ting-Lu|47/370 psn|[from] psn\n|upkeep\n|turn|16\n|\n|t:|1781402959\n|move|p1a: Kyogre|Ice Beam|p2a: Ting-Lu\n|-resisted|p2a: Ting-Lu\n|-crit|p2a: Ting-Lu\n|-damage|p2a: Ting-Lu|2/370 psn\n|move|p2a: Ting-Lu|Stealth Rock|p1a: Kyogre\n|-sidestart|p1: angsi|move: Stealth Rock\n|\n|-weather|RainDance|[upkeep]\n|-heal|p2a: Ting-Lu|25/370 psn|[from] item: Leftovers\n|-damage|p2a: Ting-Lu|0 fnt|[from] psn\n|faint|p2a: Ting-Lu\n|upkeep\n|\n|t:|1781402962\n|switch|p2a: Typhlosion|Typhlosion-Hisui, L83, F|257/257\n|turn|17\n|\n|t:|1781402964\n|move|p1a: Kyogre|Ice Beam|p2a: Typhlosion\n|-resisted|p2a: Typhlosion\n|-damage|p2a: Typhlosion|225/257\n|move|p2a: Typhlosion|Calm Mind|p2a: Typhlosion\n|-boost|p2a: Typhlosion|spa|1\n|-boost|p2a: Typhlosion|spd|1\n|\n|-weather|RainDance|[upkeep]\n|upkeep\n|turn|18\n|\n|t:|1781402967\n|switch|p1a: Minun|Minun, L95, M|268/268\n|-damage|p1a: Minun|235/268|[from] Spikes\n|-damage|p1a: Minun|202/268|[from] Stealth Rock\n|move|p2a: Typhlosion|Calm Mind|p2a: Typhlosion\n|-boost|p2a: Typhlosion|spa|1\n|-boost|p2a: Typhlosion|spd|1\n|\n|-weather|RainDance|[upkeep]\n|upkeep\n|turn|19\n|\n|t:|1781402970\n|switch|p2a: Brute Bonnet|Brute Bonnet, L80|176/309 psn\n|move|p1a: Minun|Thunderbolt|p2a: Brute Bonnet\n|-resisted|p2a: Brute Bonnet\n|-damage|p2a: Brute Bonnet|112/309 psn\n|-damage|p1a: Minun|176/268|[from] item: Life Orb\n|\n|-weather|none\n|-heal|p2a: Brute Bonnet|131/309 psn|[from] item: Leftovers\n|-damage|p2a: Brute Bonnet|93/309 psn|[from] psn\n|upkeep\n|turn|20\n|\n|t:|1781402974\n|switch|p1a: Kyogre|Kyogre, L71|7/259\n|-damage|p1a: Kyogre|0 fnt|[from] Spikes\n|faint|p1a: Kyogre\n|move|p2a: Brute Bonnet|Sucker Punch|p1: Kyogre|[notarget]\n|-fail|p2a: Brute Bonnet\n|\n|-heal|p2a: Brute Bonnet|112/309 psn|[from] item: Leftovers\n|-damage|p2a: Brute Bonnet|74/309 psn|[from] psn\n|upkeep\n|\n|t:|1781402979\n|switch|p1a: Luvdisc|Luvdisc, F|247/247\n|turn|21\n|\n|t:|1781402981\n|move|p1a: Luvdisc|Substitute|p1a: Luvdisc\n|-start|p1a: Luvdisc|Substitute\n|-damage|p1a: Luvdisc|186/247\n|move|p2a: Brute Bonnet|Crunch|p1a: Luvdisc\n|-end|p1a: Luvdisc|Substitute\n|\n|-heal|p2a: Brute Bonnet|93/309 psn|[from] item: Leftovers\n|-damage|p2a: Brute Bonnet|55/309 psn|[from] psn\n|upkeep\n|turn|22\n|\n|t:|1781402984\n|move|p1a: Luvdisc|Substitute|p1a: Luvdisc\n|-start|p1a: Luvdisc|Substitute\n|-damage|p1a: Luvdisc|125/247\n|move|p2a: Brute Bonnet|Crunch|p1a: Luvdisc\n|-end|p1a: Luvdisc|Substitute\n|\n|-heal|p2a: Brute Bonnet|74/309 psn|[from] item: Leftovers\n|-damage|p2a: Brute Bonnet|36/309 psn|[from] psn\n|upkeep\n|turn|23\n|\n|t:|1781402987\n|move|p1a: Luvdisc|Substitute|p1a: Luvdisc\n|-start|p1a: Luvdisc|Substitute\n|-damage|p1a: Luvdisc|64/247\n|move|p2a: Brute Bonnet|Crunch|p1a: Luvdisc\n|-end|p1a: Luvdisc|Substitute\n|\n|-heal|p2a: Brute Bonnet|55/309 psn|[from] item: Leftovers\n|-damage|p2a: Brute Bonnet|17/309 psn|[from] psn\n|upkeep\n|turn|24\n|\n|t:|1781402992\n|move|p2a: Brute Bonnet|Sucker Punch||[still]\n|-fail|p2a: Brute Bonnet\n|move|p1a: Luvdisc|Substitute|p1a: Luvdisc\n|-start|p1a: Luvdisc|Substitute\n|-damage|p1a: Luvdisc|3/247\n|\n|-heal|p2a: Brute Bonnet|36/309 psn|[from] item: Leftovers\n|-damage|p2a: Brute Bonnet|0 fnt|[from] psn\n|faint|p2a: Brute Bonnet\n|-end|p2a: Brute Bonnet|Protosynthesis|[silent]\n|upkeep\n|\n|t:|1781402996\n|switch|p2a: Typhlosion|Typhlosion-Hisui, L83, F|225/257\n|turn|25\n|\n|t:|1781403001\n|move|p1a: Luvdisc|Surf|p2a: Typhlosion\n|-supereffective|p2a: Typhlosion\n|-damage|p2a: Typhlosion|63/257\n|move|p2a: Typhlosion|Shadow Ball|p1a: Luvdisc\n|-end|p1a: Luvdisc|Substitute\n|\n|upkeep\n|turn|26\n|\n|t:|1781403004\n|move|p1a: Luvdisc|Surf|p2a: Typhlosion\n|-supereffective|p2a: Typhlosion\n|-damage|p2a: Typhlosion|0 fnt\n|faint|p2a: Typhlosion\n|\n|upkeep\n|\n|t:|1781403006\n|switch|p2a: Porygon-Z|Porygon-Z, L83|277/277\n|-status|p2a: Porygon-Z|psn\n|turn|27\n|\n|t:|1781403011\n|move|p1a: Luvdisc|Endeavor|p2a: Porygon-Z\n|-damage|p2a: Porygon-Z|3/277 psn\n|move|p2a: Porygon-Z|Tera Blast|p1a: Luvdisc\n|-damage|p1a: Luvdisc|0 fnt\n|faint|p1a: Luvdisc\n|-damage|p2a: Porygon-Z|0 fnt|[from] item: Life Orb\n|faint|p2a: Porygon-Z\n|\n|upkeep\n|\n|t:|1781403016\n|switch|p1a: Minun|Minun, L95, M|176/268\n|switch|p2a: Gardevoir|Gardevoir, L83, F|249/249\n|-damage|p1a: Minun|143/268|[from] Spikes\n|-damage|p1a: Minun|110/268|[from] Stealth Rock\n|-status|p2a: Gardevoir|psn\n|-ability|p2a: Gardevoir|Volt Absorb|Trace|[from] ability: Trace|[of] p1a: Minun\n|turn|28\n|\n|t:|1781403023\n|move|p1a: Minun|Grass Knot|p2a: Gardevoir\n|-damage|p2a: Gardevoir|198/249 psn\n|-damage|p1a: Minun|84/268|[from] item: Life Orb\n|move|p2a: Gardevoir|Moonblast|p1a: Minun\n|-damage|p1a: Minun|0 fnt\n|faint|p1a: Minun\n|\n|-heal|p2a: Gardevoir|213/249 psn|[from] item: Leftovers\n|-damage|p2a: Gardevoir|182/249 psn|[from] psn\n|upkeep\n|\n|t:|1781403026\n|switch|p1a: Skuntank|Skuntank, L84, F|160/310 slp\n|-damage|p1a: Skuntank|122/310 slp|[from] Spikes\n|-damage|p1a: Skuntank|84/310 slp|[from] Stealth Rock\n|turn|29\n|\n|t:|1781403032\n|cant|p1a: Skuntank|slp\n|move|p2a: Gardevoir|Moonblast|p1a: Skuntank\n|-crit|p1a: Skuntank\n|-damage|p1a: Skuntank|0 fnt\n|faint|p1a: Skuntank\n|\n|win|nickolassbomfim\n", "inputlog": ">version a8376a258c1d4662feba110a92103f3664a72141\n>start {\"formatid\":\"gen9randombattle\",\"seed\":\"sodium,c28a38291c167be6f48811da8ae7cd74\",\"rated\":\"Rated battle\"}\n>player p1 {\"name\":\"angsi\",\"avatar\":\"1\",\"rating\":1929,\"seed\":\"sodium,384c0166a18e60dfe93662c703c9adae\"}\n>player p2 {\"name\":\"nickolassbomfim\",\"avatar\":\"red-masters\",\"rating\":1904,\"seed\":\"sodium,a1d69a04e7399143cac9ab398e6c5d3d\"}\n>p1 switch 2\n>p2 move trick\n>p1 move toxicspikes\n>p2 switch 5\n>p1 switch 4\n>p2 move spikes\n>p1 move waterspout\n>p2 move earthquake\n>p1 move waterspout\n>p2 move spikes\n>p2 switch 3\n>p1 switch 3\n>p2 move spore\n>p1 switch 4\n>p2 move spore\n>p1 move toxicspikes\n>p2 move closecombat\n>p1 switch 4\n>p2 move closecombat\n>p1 move swordsdance\n>p2 move suckerpunch\n>p1 move ironhead\n>p2 move suckerpunch\n>p1 switch 6\n>p1 move quiverdance\n>p2 switch 2\n>p1 move gigadrain\n>p2 move earthquake\n>p1 move gigadrain\n>p2 move earthquake terastallize\n>p1 switch 3\n>p1 move icebeam\n>p2 move earthquake\n>p1 move icebeam\n>p2 move stealthrock\n>p2 switch 6\n>p1 move icebeam\n>p2 move calmmind\n>p1 switch 5\n>p2 move calmmind\n>p1 move thunderbolt\n>p2 switch 2\n>p1 switch 5\n>p2 move suckerpunch\n>p1 switch 2\n>p1 move substitute\n>p2 move crunch\n>p1 move substitute\n>p2 move crunch\n>p1 move substitute\n>p2 move crunch\n>p1 move substitute\n>p2 move suckerpunch\n>p2 switch 2\n>p1 move surf\n>p2 move shadowball\n>p1 move surf\n>p2 move shadowball\n>p2 switch 4\n>p1 move endeavor\n>p2 move terablast\n>p1 switch 5\n>p2 switch 5\n>p1 move grassknot\n>p2 move moonblast\n>p1 switch 4\n>p1 move knockoff\n>p2 move moonblast", "uploadtime": 1781402867, "views": 5, "formatid": "gen9randombattle", "rating": null, "private": 0, "password": null}