{"id": "gen9randombattle-2631825628", "format": "[Gen 9] Random Battle", "players": ["Marioman2007", "GreatDG"], "log": "|j|\u2606Marioman2007\n|j|\u203dGreatDG\n|t:|1781444990\n|gametype|singles\n|player|p1|Marioman2007|riley|1940\n|player|p2|GreatDG|riley|1934\n|gen|9\n|tier|[Gen 9] Random Battle\n|rated|\n|rule|Species Clause: Limit one of each Pok\u00e9mon\n|rule|HP Percentage Mod: HP is shown in percentages\n|rule|Sleep Clause Mod: Limit one foe put to sleep\n|rule|Illusion Level Mod: Illusion disguises the Pok\u00e9mon's true level\n|\n|t:|1781444990\n|teamsize|p1|6\n|teamsize|p2|6\n|start\n|switch|p1a: Roaring Moon|Roaring Moon, L72|270/270\n|switch|p2a: Copperajah|Copperajah, L86, F|350/350\n|turn|1\n|inactive|Battle timer is ON: inactive players will automatically lose when time's up. (requested by GreatDG)\n|\n|t:|1781445005\n|-end|p1a: Roaring Moon|Protosynthesis|[silent]\n|switch|p1a: Kilowattrel|Kilowattrel, L83, M|252/252\n|move|p2a: Copperajah|Play Rough|p1a: Kilowattrel\n|-damage|p1a: Kilowattrel|71/252\n|\n|upkeep\n|turn|2\n|\n|t:|1781445025\n|switch|p2a: Groudon|Groudon, L72|263/263\n|-weather|SunnyDay|[from] ability: Drought|[of] p2a: Groudon\n|move|p1a: Kilowattrel|U-turn|p2a: Groudon\n|-damage|p2a: Groudon|232/263\n|\n|t:|1781445054\n|switch|p1a: Cobalion|Cobalion, L80|277/277|[from] U-turn\n|\n|-weather|SunnyDay|[upkeep]\n|-heal|p2a: Groudon|248/263|[from] item: Leftovers\n|upkeep\n|turn|3\n|\n|t:|1781445060\n|move|p1a: Cobalion|Swords Dance|p1a: Cobalion\n|-boost|p1a: Cobalion|atk|2\n|move|p2a: Groudon|Swords Dance|p2a: Groudon\n|-boost|p2a: Groudon|atk|2\n|\n|-weather|SunnyDay|[upkeep]\n|-heal|p2a: Groudon|263/263|[from] item: Leftovers\n|upkeep\n|turn|4\n|\n|t:|1781445070\n|-terastallize|p1a: Cobalion|Fighting\n|move|p1a: Cobalion|Close Combat|p2a: Groudon\n|-damage|p2a: Groudon|0 fnt\n|-unboost|p1a: Cobalion|def|1\n|-unboost|p1a: Cobalion|spd|1\n|faint|p2a: Groudon\n|-damage|p1a: Cobalion|250/277|[from] item: Life Orb\n|\n|-weather|SunnyDay|[upkeep]\n|upkeep\n|\n|t:|1781445080\n|switch|p2a: Spiritomb|Spiritomb, L89, M|234/234\n|turn|5\n|\n|t:|1781445084\n|move|p1a: Cobalion|Iron Head|p2a: Spiritomb\n|-damage|p2a: Spiritomb|78/234\n|-damage|p1a: Cobalion|223/277|[from] item: Life Orb\n|cant|p2a: Spiritomb|flinch\n|\n|-weather|SunnyDay|[upkeep]\n|upkeep\n|turn|6\n|\n|t:|1781445089\n|move|p2a: Spiritomb|Shadow Sneak|p1a: Cobalion\n|-damage|p1a: Cobalion|148/277\n|move|p1a: Cobalion|Iron Head|p2a: Spiritomb\n|-damage|p2a: Spiritomb|0 fnt\n|faint|p2a: Spiritomb\n|-damage|p1a: Cobalion|121/277|[from] item: Life Orb\n|\n|-weather|none\n|upkeep\n|\n|t:|1781445099\n|switch|p2a: Avalugg|Avalugg, L88, F|310/310\n|turn|7\n|\n|t:|1781445104\n|move|p1a: Cobalion|Iron Head|p2a: Avalugg\n|-supereffective|p2a: Avalugg\n|-damage|p2a: Avalugg|107/310\n|-damage|p1a: Cobalion|94/277|[from] item: Life Orb\n|cant|p2a: Avalugg|flinch\n|\n|upkeep\n|turn|8\n|inactive|GreatDG has 120 seconds left.\n|-message|GreatDG forfeited.\n|\n|win|Marioman2007\n", "inputlog": ">version a8376a258c1d4662feba110a92103f3664a72141\n>start {\"formatid\":\"gen9randombattle\",\"seed\":\"sodium,6a296441d042e8ac5f255bcbee0020a4\",\"rated\":\"Rated battle\"}\n>player p1 {\"name\":\"Marioman2007\",\"avatar\":\"riley\",\"rating\":1940,\"seed\":\"sodium,51bf114b775d44a6d35776b2c5618166\"}\n>player p2 {\"name\":\"GreatDG\",\"avatar\":\"riley\",\"rating\":1934,\"seed\":\"sodium,34a52f704b11679c1dccc38ddb3eeaf7\"}\n>p1 switch 5\n>p2 move playrough\n>p1 move uturn\n>p2 switch 6\n>p1 switch 4\n>p1 move swordsdance\n>p2 move swordsdance\n>p1 move closecombat terastallize\n>p2 move precipiceblades\n>p2 switch 3\n>p1 move ironhead\n>p2 move poltergeist\n>p1 move ironhead\n>p2 move shadowsneak\n>p2 switch 5\n>p1 move ironhead\n>p2 move avalanche\n>forcelose p2", "uploadtime": 1781444992, "views": 8, "formatid": "gen9randombattle", "rating": null, "private": 0, "password": null}