{"id": "gen9randombattle-2631949125", "format": "[Gen 9] Random Battle", "players": ["Demon King 6", "Youknowit123"], "log": "|j|\u2606Demon King 6\n|j|\u2606Youknowit123\n|t:|1781458925\n|gametype|singles\n|player|p1|Demon King 6|101|1989\n|player|p2|Youknowit123|102|2035\n|gen|9\n|tier|[Gen 9] Random Battle\n|rated|\n|rule|Species Clause: Limit one of each Pok\u00e9mon\n|rule|HP Percentage Mod: HP is shown in percentages\n|rule|Sleep Clause Mod: Limit one foe put to sleep\n|rule|Illusion Level Mod: Illusion disguises the Pok\u00e9mon's true level\n|\n|t:|1781458925\n|teamsize|p1|6\n|teamsize|p2|6\n|start\n|switch|p1a: Iron Bundle|Iron Bundle, L78|215/215\n|switch|p2a: Ninetales|Ninetales, L85, M|263/263\n|-weather|SunnyDay|[from] ability: Drought|[of] p2a: Ninetales\n|turn|1\n|\n|t:|1781458950\n|move|p1a: Iron Bundle|Hydro Pump|p2a: Ninetales|[miss]\n|-miss|p1a: Iron Bundle|p2a: Ninetales\n|move|p2a: Ninetales|Solar Beam||[still]\n|-prepare|p2a: Ninetales|Solar Beam\n|-anim|p2a: Ninetales|Solar Beam|p1a: Iron Bundle\n|-supereffective|p1a: Iron Bundle\n|-damage|p1a: Iron Bundle|0 fnt\n|faint|p1a: Iron Bundle\n|-end|p1a: Iron Bundle|Quark Drive|[silent]\n|\n|-weather|SunnyDay|[upkeep]\n|upkeep\n|inactive|Battle timer is ON: inactive players will automatically lose when time's up. (requested by Youknowit123)\n|\n|t:|1781458972\n|switch|p1a: Lunala|Lunala, L70|308/308\n|turn|2\n|\n|t:|1781458987\n|switch|p2a: Zapdos|Zapdos-Galar, L77|265/265\n|move|p1a: Lunala|Calm Mind|p1a: Lunala\n|-boost|p1a: Lunala|spa|1\n|-boost|p1a: Lunala|spd|1\n|\n|-weather|SunnyDay|[upkeep]\n|upkeep\n|turn|3\n|\n|t:|1781459010\n|switch|p1a: Mandibuzz|Mandibuzz, L85, F|326/326\n|move|p2a: Zapdos|Knock Off|p1a: Mandibuzz\n|-resisted|p1a: Mandibuzz\n|-damage|p1a: Mandibuzz|287/326\n|-enditem|p1a: Mandibuzz|Heavy-Duty Boots|[from] move: Knock Off|[of] p2a: Zapdos\n|-damage|p2a: Zapdos|239/265|[from] item: Life Orb\n|\n|-weather|SunnyDay|[upkeep]\n|upkeep\n|turn|4\n|\n|t:|1781459021\n|switch|p2a: Delibird|Delibird, M|252/252\n|move|p1a: Mandibuzz|Toxic|p2a: Delibird\n|-status|p2a: Delibird|tox\n|\n|-weather|SunnyDay|[upkeep]\n|-damage|p2a: Delibird|237/252 tox|[from] psn\n|upkeep\n|turn|5\n|\n|t:|1781459027\n|switch|p1a: Magearna|Magearna, L77|250/250\n|move|p2a: Delibird|Ice Spinner|p1a: Magearna\n|-resisted|p1a: Magearna\n|-damage|p1a: Magearna|196/250\n|\n|-weather|none\n|-damage|p2a: Delibird|207/252 tox|[from] psn\n|upkeep\n|turn|6\n|\n|t:|1781459032\n|move|p2a: Delibird|Drill Run|p1a: Magearna\n|-supereffective|p1a: Magearna\n|-damage|p1a: Magearna|60/250\n|-enditem|p1a: Magearna|Weakness Policy\n|-boost|p1a: Magearna|atk|2|[from] item: Weakness Policy\n|-boost|p1a: Magearna|spa|2|[from] item: Weakness Policy\n|move|p1a: Magearna|Shift Gear|p1a: Magearna\n|-boost|p1a: Magearna|spe|2\n|-boost|p1a: Magearna|atk|1\n|\n|-damage|p2a: Delibird|162/252 tox|[from] psn\n|upkeep\n|turn|7\n|\n|t:|1781459037\n|switch|p2a: Vaporeon|Vaporeon, L86, M|364/364\n|move|p1a: Magearna|Iron Head|p2a: Vaporeon\n|-resisted|p2a: Vaporeon\n|-damage|p2a: Vaporeon|246/364\n|\n|-heal|p2a: Vaporeon|268/364|[from] item: Leftovers\n|upkeep\n|turn|8\n|\n|t:|1781459045\n|-terastallize|p1a: Magearna|Ground\n|move|p2a: Vaporeon|Protect|p2a: Vaporeon\n|-singleturn|p2a: Vaporeon|Protect\n|move|p1a: Magearna|Tera Blast|p2a: Vaporeon|[anim] Tera Blast Ground\n|-activate|p2a: Vaporeon|move: Protect\n|\n|-heal|p2a: Vaporeon|290/364|[from] item: Leftovers\n|upkeep\n|turn|9\n|\n|t:|1781459054\n|move|p1a: Magearna|Tera Blast|p2a: Vaporeon|[anim] Tera Blast Ground\n|-damage|p2a: Vaporeon|116/364\n|move|p2a: Vaporeon|Scald|p1a: Magearna\n|-supereffective|p1a: Magearna\n|-damage|p1a: Magearna|0 fnt\n|faint|p1a: Magearna\n|\n|-heal|p2a: Vaporeon|138/364|[from] item: Leftovers\n|upkeep\n|\n|t:|1781459064\n|switch|p1a: Chimecho|Chimecho, L93, F|290/290\n|turn|10\n|\n|t:|1781459076\n|move|p1a: Chimecho|Cosmic Power|p1a: Chimecho\n|-boost|p1a: Chimecho|def|1\n|-boost|p1a: Chimecho|spd|1\n|move|p2a: Vaporeon|Wish|p2a: Vaporeon\n|\n|-heal|p2a: Vaporeon|160/364|[from] item: Leftovers\n|upkeep\n|turn|11\n|\n|t:|1781459078\n|move|p1a: Chimecho|Cosmic Power|p1a: Chimecho\n|-boost|p1a: Chimecho|def|1\n|-boost|p1a: Chimecho|spd|1\n|move|p2a: Vaporeon|Haze|p2a: Vaporeon\n|-clearallboost\n|\n|-heal|p2a: Vaporeon|342/364|[from] move: Wish|[wisher] Vaporeon\n|-heal|p2a: Vaporeon|364/364|[from] item: Leftovers\n|upkeep\n|turn|12\n|\n|t:|1781459084\n|switch|p1a: Mandibuzz|Mandibuzz, L85, F|287/326\n|move|p2a: Vaporeon|Scald|p1a: Mandibuzz\n|-damage|p1a: Mandibuzz|188/326\n|\n|upkeep\n|turn|13\n|\n|t:|1781459088\n|switch|p2a: Delibird|Delibird, M|162/252 tox\n|move|p1a: Mandibuzz|Foul Play|p2a: Delibird\n|-crit|p2a: Delibird\n|-damage|p2a: Delibird|0 fnt\n|faint|p2a: Delibird\n|\n|upkeep\n|\n|t:|1781459102\n|switch|p2a: Coalossal|Coalossal, L89, M|341/341\n|turn|14\n|\n|t:|1781459118\n|move|p1a: Mandibuzz|Roost|p1a: Mandibuzz\n|-heal|p1a: Mandibuzz|326/326\n|-singleturn|p1a: Mandibuzz|move: Roost\n|move|p2a: Coalossal|Will-O-Wisp|p1a: Mandibuzz|[miss]\n|-miss|p2a: Coalossal|p1a: Mandibuzz\n|\n|upkeep\n|turn|15\n|inactive|Demon King 6 has 120 seconds left.\n|\n|t:|1781459150\n|switch|p1a: Chimecho|Chimecho, L93, F|290/290\n|move|p2a: Coalossal|Will-O-Wisp|p1a: Chimecho|[miss]\n|-miss|p2a: Coalossal|p1a: Chimecho\n|\n|upkeep\n|turn|16\n|inactive|Demon King 6 has 120 seconds left.\n|\n|t:|1781459165\n|switch|p2a: Vaporeon|Vaporeon, L86, M|364/364\n|move|p1a: Chimecho|Cosmic Power|p1a: Chimecho\n|-boost|p1a: Chimecho|def|1\n|-boost|p1a: Chimecho|spd|1\n|\n|upkeep\n|turn|17\n|inactive|Demon King 6 has 120 seconds left.\n|\n|t:|1781459177\n|switch|p1a: Mandibuzz|Mandibuzz, L85, F|326/326\n|move|p2a: Vaporeon|Scald|p1a: Mandibuzz\n|-damage|p1a: Mandibuzz|236/326\n|\n|upkeep\n|turn|18\n|\n|t:|1781459180\n|move|p1a: Mandibuzz|Toxic|p2a: Vaporeon\n|-status|p2a: Vaporeon|tox\n|move|p2a: Vaporeon|Scald|p1a: Mandibuzz\n|-damage|p1a: Mandibuzz|149/326\n|\n|-damage|p2a: Vaporeon|342/364 tox|[from] psn\n|upkeep\n|turn|19\n|\n|t:|1781459183\n|switch|p2a: Coalossal|Coalossal, L89, M|341/341\n|move|p1a: Mandibuzz|Roost|p1a: Mandibuzz\n|-heal|p1a: Mandibuzz|312/326\n|-singleturn|p1a: Mandibuzz|move: Roost\n|\n|upkeep\n|turn|20\n|\n|t:|1781459189\n|switch|p1a: Chimecho|Chimecho, L93, F|290/290\n|move|p2a: Coalossal|Will-O-Wisp|p1a: Chimecho\n|-status|p1a: Chimecho|brn\n|\n|-damage|p1a: Chimecho|272/290 brn|[from] brn\n|upkeep\n|turn|21\n|\n|t:|1781459193\n|switch|p2a: Vaporeon|Vaporeon, L86, M|342/364 tox\n|move|p1a: Chimecho|Cosmic Power|p1a: Chimecho\n|-boost|p1a: Chimecho|def|1\n|-boost|p1a: Chimecho|spd|1\n|\n|-heal|p1a: Chimecho|290/290 brn|[from] item: Leftovers\n|-heal|p2a: Vaporeon|364/364 tox|[from] item: Leftovers\n|-damage|p2a: Vaporeon|342/364 tox|[from] psn\n|-damage|p1a: Chimecho|272/290 brn|[from] brn\n|upkeep\n|turn|22\n|\n|t:|1781459198\n|move|p1a: Chimecho|Cosmic Power|p1a: Chimecho\n|-boost|p1a: Chimecho|def|1\n|-boost|p1a: Chimecho|spd|1\n|move|p2a: Vaporeon|Haze|p2a: Vaporeon\n|-clearallboost\n|\n|-heal|p1a: Chimecho|290/290 brn|[from] item: Leftovers\n|-heal|p2a: Vaporeon|364/364 tox|[from] item: Leftovers\n|-damage|p2a: Vaporeon|320/364 tox|[from] psn\n|-damage|p1a: Chimecho|272/290 brn|[from] brn\n|upkeep\n|turn|23\n|\n|t:|1781459205\n|switch|p2a: Ninetales|Ninetales, L85, M|263/263\n|-weather|SunnyDay|[from] ability: Drought|[of] p2a: Ninetales\n|move|p1a: Chimecho|Cosmic Power|p1a: Chimecho\n|-boost|p1a: Chimecho|def|1\n|-boost|p1a: Chimecho|spd|1\n|\n|-weather|SunnyDay|[upkeep]\n|-heal|p1a: Chimecho|290/290 brn|[from] item: Leftovers\n|-damage|p1a: Chimecho|272/290 brn|[from] brn\n|upkeep\n|turn|24\n|\n|t:|1781459213\n|move|p2a: Ninetales|Nasty Plot|p2a: Ninetales\n|-boost|p2a: Ninetales|spa|2\n|move|p1a: Chimecho|Cosmic Power|p1a: Chimecho\n|-boost|p1a: Chimecho|def|1\n|-boost|p1a: Chimecho|spd|1\n|\n|-weather|SunnyDay|[upkeep]\n|-heal|p1a: Chimecho|290/290 brn|[from] item: Leftovers\n|-damage|p1a: Chimecho|272/290 brn|[from] brn\n|upkeep\n|turn|25\n|\n|t:|1781459224\n|move|p2a: Ninetales|Nasty Plot|p2a: Ninetales\n|-boost|p2a: Ninetales|spa|2\n|move|p1a: Chimecho|Cosmic Power|p1a: Chimecho\n|-boost|p1a: Chimecho|def|1\n|-boost|p1a: Chimecho|spd|1\n|\n|-weather|SunnyDay|[upkeep]\n|-heal|p1a: Chimecho|290/290 brn|[from] item: Leftovers\n|-damage|p1a: Chimecho|272/290 brn|[from] brn\n|upkeep\n|turn|26\n|\n|t:|1781459229\n|move|p2a: Ninetales|Fire Blast|p1a: Chimecho|[miss]\n|-miss|p2a: Ninetales|p1a: Chimecho\n|move|p1a: Chimecho|Recover|p1a: Chimecho\n|-heal|p1a: Chimecho|290/290 brn\n|\n|-weather|SunnyDay|[upkeep]\n|-damage|p1a: Chimecho|272/290 brn|[from] brn\n|upkeep\n|turn|27\n|\n|t:|1781459232\n|move|p2a: Ninetales|Fire Blast|p1a: Chimecho\n|-damage|p1a: Chimecho|95/290 brn\n|move|p1a: Chimecho|Recover|p1a: Chimecho\n|-heal|p1a: Chimecho|240/290 brn\n|\n|-weather|none\n|-heal|p1a: Chimecho|258/290 brn|[from] item: Leftovers\n|-damage|p1a: Chimecho|240/290 brn|[from] brn\n|upkeep\n|turn|28\n|\n|t:|1781459237\n|move|p2a: Ninetales|Nasty Plot|p2a: Ninetales\n|-boost|p2a: Ninetales|spa|2\n|move|p1a: Chimecho|Cosmic Power|p1a: Chimecho\n|-boost|p1a: Chimecho|def|1\n|-boost|p1a: Chimecho|spd|1\n|\n|-heal|p1a: Chimecho|258/290 brn|[from] item: Leftovers\n|-damage|p1a: Chimecho|240/290 brn|[from] brn\n|upkeep\n|turn|29\n|\n|t:|1781459241\n|move|p2a: Ninetales|Fire Blast|p1a: Chimecho\n|-damage|p1a: Chimecho|119/290 brn\n|move|p1a: Chimecho|Recover|p1a: Chimecho\n|-heal|p1a: Chimecho|264/290 brn\n|\n|-heal|p1a: Chimecho|282/290 brn|[from] item: Leftovers\n|-damage|p1a: Chimecho|264/290 brn|[from] brn\n|upkeep\n|turn|30\n|\n|t:|1781459246\n|move|p2a: Ninetales|Fire Blast|p1a: Chimecho\n|-damage|p1a: Chimecho|137/290 brn\n|move|p1a: Chimecho|Cosmic Power|p1a: Chimecho\n|-boost|p1a: Chimecho|def|1\n|-boost|p1a: Chimecho|spd|1\n|\n|-heal|p1a: Chimecho|155/290 brn|[from] item: Leftovers\n|-damage|p1a: Chimecho|137/290 brn|[from] brn\n|upkeep\n|turn|31\n|\n|t:|1781459248\n|move|p2a: Ninetales|Fire Blast|p1a: Chimecho|[miss]\n|-miss|p2a: Ninetales|p1a: Chimecho\n|move|p1a: Chimecho|Recover|p1a: Chimecho\n|-heal|p1a: Chimecho|282/290 brn\n|\n|-heal|p1a: Chimecho|290/290 brn|[from] item: Leftovers\n|-damage|p1a: Chimecho|272/290 brn|[from] brn\n|upkeep\n|turn|32\n|\n|t:|1781459254\n|move|p2a: Ninetales|Fire Blast|p1a: Chimecho\n|-damage|p1a: Chimecho|166/290 brn\n|move|p1a: Chimecho|Cosmic Power|p1a: Chimecho\n|-boost|p1a: Chimecho|def|1\n|-boost|p1a: Chimecho|spd|1\n|\n|-heal|p1a: Chimecho|184/290 brn|[from] item: Leftovers\n|-damage|p1a: Chimecho|166/290 brn|[from] brn\n|upkeep\n|turn|33\n|\n|t:|1781459256\n|move|p2a: Ninetales|Fire Blast|p1a: Chimecho|[miss]\n|-miss|p2a: Ninetales|p1a: Chimecho\n|move|p1a: Chimecho|Recover|p1a: Chimecho\n|-heal|p1a: Chimecho|290/290 brn\n|\n|-damage|p1a: Chimecho|272/290 brn|[from] brn\n|upkeep\n|turn|34\n|\n|t:|1781459259\n|move|p2a: Ninetales|Fire Blast|p1a: Chimecho\n|-damage|p1a: Chimecho|179/290 brn\n|move|p1a: Chimecho|Stored Power|p2a: Ninetales\n|-damage|p2a: Ninetales|0 fnt\n|faint|p2a: Ninetales\n|\n|-heal|p1a: Chimecho|197/290 brn|[from] item: Leftovers\n|-damage|p1a: Chimecho|179/290 brn|[from] brn\n|upkeep\n|-message|Youknowit123 forfeited.\n|\n|win|Demon King 6\n|raw|Demon King 6's rating: 1989 &rarr; <strong>2012</strong><br />(+23 for winning)\n|raw|Youknowit123's rating: 2035 &rarr; <strong>2012</strong><br />(-23 for losing)\n", "inputlog": ">version a8376a258c1d4662feba110a92103f3664a72141\n>start {\"formatid\":\"gen9randombattle\",\"seed\":\"sodium,cc4dbfc77ae01c041958d68dba19b4d0\",\"rated\":\"Rated battle\"}\n>player p1 {\"name\":\"Demon King 6\",\"avatar\":\"101\",\"rating\":1989,\"seed\":\"sodium,b0509562c18626038101efd2e388734c\"}\n>player p2 {\"name\":\"Youknowit123\",\"avatar\":\"102\",\"rating\":2035,\"seed\":\"sodium,ba2226a489c7c4663d63eb45cdf34a3e\"}\n>p1 move hydropump\n>p2 move solarbeam\n>p1 switch 6\n>p1 move calmmind\n>p2 switch 4\n>p1 switch 3\n>p2 move knockoff\n>p1 move toxic\n>p2 switch 5\n>p1 switch 5\n>p2 move icespinner\n>p1 move shiftgear\n>p2 move drillrun\n>p1 move ironhead\n>p2 switch 6\n>p1 move terablast terastallize\n>p2 move protect\n>p1 move terablast\n>p2 move scald\n>p1 switch 4\n>p1 move cosmicpower\n>p2 move wish\n>p1 move cosmicpower\n>p2 move haze\n>p1 switch 5\n>p2 move scald\n>p1 move foulplay\n>p2 switch 6\n>p2 switch 2\n>p1 move roost\n>p2 move willowisp\n>p1 switch 5\n>p2 move willowisp\n>p1 move cosmicpower\n>p2 switch 6\n>p1 switch 5\n>p2 move scald\n>p1 move toxic\n>p2 move scald\n>p1 move roost\n>p2 switch 6\n>p1 switch 5\n>p2 move willowisp\n>p1 move cosmicpower\n>p2 switch 6\n>p1 move cosmicpower\n>p2 move haze\n>p1 move cosmicpower\n>p2 switch 4\n>p1 move cosmicpower\n>p2 move nastyplot\n>p1 move cosmicpower\n>p2 move nastyplot\n>p1 move recover\n>p2 move fireblast\n>p1 move recover\n>p2 move fireblast\n>p1 move cosmicpower\n>p2 move nastyplot\n>p1 move recover\n>p2 move fireblast\n>p1 move cosmicpower\n>p2 move fireblast\n>p1 move recover\n>p2 move fireblast\n>p1 move cosmicpower\n>p2 move fireblast\n>p1 move recover\n>p2 move fireblast\n>p1 move storedpower\n>p2 move fireblast\n>forcelose p2", "uploadtime": 1781458927, "views": 5, "formatid": "gen9randombattle", "rating": 2012, "private": 0, "password": null}