{"id": "gen9randombattle-2631565222", "format": "[Gen 9] Random Battle", "players": ["Strokefish", "Diabetes1"], "log": "|j|\u2606Strokefish\n|j|\u2606Diabetes1\n|t:|1781402079\n|gametype|singles\n|player|p1|Strokefish|170|1964\n|player|p2|Diabetes1|1|2097\n|gen|9\n|tier|[Gen 9] Random Battle\n|rated|\n|rule|Species Clause: Limit one of each Pok\u00e9mon\n|rule|HP Percentage Mod: HP is shown in percentages\n|rule|Sleep Clause Mod: Limit one foe put to sleep\n|rule|Illusion Level Mod: Illusion disguises the Pok\u00e9mon's true level\n|\n|t:|1781402079\n|teamsize|p1|6\n|teamsize|p2|6\n|start\n|switch|p1a: Rotom|Rotom, L88|231/231\n|switch|p2a: Palafin|Palafin, L77, F|281/281\n|turn|1\n|inactive|Battle timer is ON: inactive players will automatically lose when time's up. (requested by Diabetes1)\n|\n|t:|1781402093\n|detailschange|p2a: Palafin|Palafin-Hero, L77, F\n|switch|p2a: Reshiram|Reshiram, L76|277/277\n|-ability|p2a: Reshiram|Turboblaze\n|move|p1a: Rotom|Volt Switch|p2a: Reshiram\n|-resisted|p2a: Reshiram\n|-crit|p2a: Reshiram\n|-damage|p2a: Reshiram|215/277\n|-damage|p1a: Rotom|208/231|[from] item: Life Orb\n|\n|t:|1781402110\n|switch|p1a: Ludicolo|Ludicolo, L90, F, shiny|290/290|[from] Volt Switch\n|\n|upkeep\n|turn|2\n|\n|t:|1781402121\n|move|p2a: Reshiram|Dragon Dance|p2a: Reshiram\n|-boost|p2a: Reshiram|atk|1\n|-boost|p2a: Reshiram|spe|1\n|move|p1a: Ludicolo|Hydro Pump|p2a: Reshiram\n|-damage|p2a: Reshiram|50/277\n|\n|upkeep\n|turn|3\n|\n|t:|1781402130\n|move|p2a: Reshiram|Outrage|p1a: Ludicolo\n|-damage|p1a: Ludicolo|70/290\n|move|p1a: Ludicolo|Hydro Pump|p2a: Reshiram\n|-damage|p2a: Reshiram|0 fnt\n|faint|p2a: Reshiram\n|\n|upkeep\n|\n|t:|1781402141\n|switch|p2a: Toxicroak|Toxicroak, L84, M|277/277\n|turn|4\n|\n|t:|1781402145\n|switch|p1a: Giratina|Giratina, L75|349/349\n|-ability|p1a: Giratina|Pressure\n|move|p2a: Toxicroak|Swords Dance|p2a: Toxicroak\n|-boost|p2a: Toxicroak|atk|2\n|\n|upkeep\n|turn|5\n|\n|t:|1781402169\n|move|p2a: Toxicroak|Swords Dance|p2a: Toxicroak\n|-boost|p2a: Toxicroak|atk|2\n|move|p1a: Giratina|Will-O-Wisp|p2a: Toxicroak\n|-status|p2a: Toxicroak|brn\n|\n|-damage|p2a: Toxicroak|260/277 brn|[from] brn\n|upkeep\n|turn|6\n|\n|t:|1781402183\n|move|p2a: Toxicroak|Gunk Shot|p1a: Giratina\n|-resisted|p1a: Giratina\n|-damage|p1a: Giratina|231/349\n|-damage|p2a: Toxicroak|233/277 brn|[from] item: Life Orb\n|move|p1a: Giratina|Shadow Ball|p2a: Toxicroak\n|-damage|p2a: Toxicroak|148/277 brn\n|\n|-heal|p1a: Giratina|252/349|[from] item: Leftovers\n|-damage|p2a: Toxicroak|131/277 brn|[from] brn\n|upkeep\n|turn|7\n|\n|t:|1781402191\n|move|p2a: Toxicroak|Swords Dance|p2a: Toxicroak\n|-boost|p2a: Toxicroak|atk|2\n|move|p1a: Giratina|Shadow Ball|p2a: Toxicroak\n|-damage|p2a: Toxicroak|40/277 brn\n|-unboost|p2a: Toxicroak|spd|1\n|\n|-heal|p1a: Giratina|273/349|[from] item: Leftovers\n|-damage|p2a: Toxicroak|23/277 brn|[from] brn\n|upkeep\n|turn|8\n|\n|t:|1781402195\n|move|p2a: Toxicroak|Earthquake|p1a: Giratina\n|-damage|p1a: Giratina|95/349\n|-damage|p2a: Toxicroak|0 fnt|[from] item: Life Orb\n|faint|p2a: Toxicroak\n|move|p1a: Giratina|Rest|p1a: Giratina\n|-status|p1a: Giratina|slp|[from] move: Rest\n|-heal|p1a: Giratina|349/349 slp|[silent]\n|\n|upkeep\n|\n|t:|1781402205\n|switch|p2a: Drifblim|Drifblim, L86, F|396/396\n|turn|9\n|inactive|Strokefish has 120 seconds left.\n|\n|t:|1781402236\n|switch|p1a: Reshiram|Reshiram, L76|277/277\n|-ability|p1a: Reshiram|Turboblaze\n|move|p2a: Drifblim|Calm Mind|p2a: Drifblim\n|-boost|p2a: Drifblim|spa|1\n|-boost|p2a: Drifblim|spd|1\n|\n|upkeep\n|turn|10\n|\n|t:|1781402255\n|move|p2a: Drifblim|Calm Mind|p2a: Drifblim\n|-boost|p2a: Drifblim|spa|1\n|-boost|p2a: Drifblim|spd|1\n|move|p1a: Reshiram|Dragon Tail|p2a: Drifblim\n|-damage|p2a: Drifblim|294/396\n|drag|p2a: Palafin|Palafin-Hero, L77, F|281/281\n|-activate|p2a: Palafin|ability: Zero to Hero\n|\n|upkeep\n|turn|11\n|\n|t:|1781402260\n|move|p2a: Palafin|Flip Turn|p1a: Reshiram\n|-damage|p1a: Reshiram|157/277\n|\n|t:|1781402266\n|switch|p2a: Drifblim|Drifblim, L86, F|294/396|[from] Flip Turn\n|move|p1a: Reshiram|Draco Meteor|p2a: Drifblim\n|-damage|p2a: Drifblim|90/396\n|-unboost|p1a: Reshiram|spa|2\n|-enditem|p2a: Drifblim|Sitrus Berry|[eat]\n|-heal|p2a: Drifblim|189/396|[from] item: Sitrus Berry\n|\n|upkeep\n|turn|12\n|\n|t:|1781402276\n|move|p2a: Drifblim|Shadow Ball|p1a: Reshiram\n|-damage|p1a: Reshiram|81/277\n|move|p1a: Reshiram|Dragon Tail|p2a: Drifblim\n|-damage|p2a: Drifblim|98/396\n|drag|p2a: Walking Wake|Walking Wake, L79|286/286\n|\n|upkeep\n|turn|13\n|\n|t:|1781402288\n|move|p2a: Walking Wake|Draco Meteor|p1a: Reshiram|[miss]\n|-miss|p2a: Walking Wake|p1a: Reshiram\n|move|p1a: Reshiram|Dragon Tail|p2a: Walking Wake\n|-supereffective|p2a: Walking Wake\n|-damage|p2a: Walking Wake|154/286\n|-end|p2a: Walking Wake|Protosynthesis|[silent]\n|drag|p2a: Palafin|Palafin-Hero, L77, F|281/281\n|\n|upkeep\n|turn|14\n|\n|t:|1781402293\n|switch|p1a: Ludicolo|Ludicolo, L90, F, shiny|70/290\n|move|p2a: Palafin|Flip Turn|p1a: Ludicolo\n|-resisted|p1a: Ludicolo\n|-damage|p1a: Ludicolo|35/290\n|\n|t:|1781402299\n|switch|p2a: Drifblim|Drifblim, L86, F|98/396|[from] Flip Turn\n|\n|upkeep\n|turn|15\n|\n|t:|1781402305\n|move|p2a: Drifblim|Shadow Ball|p1a: Ludicolo\n|-damage|p1a: Ludicolo|0 fnt\n|faint|p1a: Ludicolo\n|\n|upkeep\n|\n|t:|1781402308\n|switch|p1a: Rotom|Rotom, L88|208/231\n|turn|16\n|\n|t:|1781402314\n|move|p1a: Rotom|Volt Switch|p2a: Drifblim\n|-supereffective|p2a: Drifblim\n|-damage|p2a: Drifblim|0 fnt\n|faint|p2a: Drifblim\n|-damage|p1a: Rotom|185/231|[from] item: Life Orb\n|\n|t:|1781402317\n|switch|p1a: Iron Valiant|Iron Valiant, L78|244/244|[from] Volt Switch\n|\n|upkeep\n|\n|t:|1781402329\n|switch|p2a: Palafin|Palafin-Hero, L77, F|281/281\n|turn|17\n|inactive|Strokefish has 120 seconds left.\n|\n|t:|1781402359\n|-end|p1a: Iron Valiant|Quark Drive|[silent]\n|switch|p1a: Reshiram|Reshiram, L76|81/277\n|-ability|p1a: Reshiram|Turboblaze\n|move|p2a: Palafin|Wave Crash|p1a: Reshiram\n|-damage|p1a: Reshiram|0 fnt\n|faint|p1a: Reshiram\n|-damage|p2a: Palafin|254/281|[from] Recoil\n|\n|upkeep\n|\n|t:|1781402361\n|switch|p1a: Cloyster|Cloyster, L80, M|211/211\n|turn|18\n|\n|t:|1781402372\n|switch|p2a: Walking Wake|Walking Wake, L79|154/286\n|move|p1a: Cloyster|Shell Smash|p1a: Cloyster\n|-unboost|p1a: Cloyster|def|1\n|-unboost|p1a: Cloyster|spd|1\n|-boost|p1a: Cloyster|atk|2\n|-boost|p1a: Cloyster|spa|2\n|-boost|p1a: Cloyster|spe|2\n|-enditem|p1a: Cloyster|White Herb\n|-clearnegativeboost|p1a: Cloyster|[silent]\n|\n|upkeep\n|turn|19\n|\n|t:|1781402385\n|move|p1a: Cloyster|Rock Blast|p2a: Walking Wake\n|-damage|p2a: Walking Wake|120/286\n|-damage|p2a: Walking Wake|88/286\n|-damage|p2a: Walking Wake|56/286\n|-damage|p2a: Walking Wake|19/286\n|-damage|p2a: Walking Wake|0 fnt\n|faint|p2a: Walking Wake\n|-end|p2a: Walking Wake|Protosynthesis|[silent]\n|-hitcount|p2: Walking Wake|5\n|\n|upkeep\n|\n|t:|1781402387\n|switch|p2a: Armarouge|Armarouge, L80, M|267/267\n|turn|20\n|\n|t:|1781402417\n|move|p1a: Cloyster|Rock Blast|p2a: Armarouge\n|-supereffective|p2a: Armarouge\n|-damage|p2a: Armarouge|201/267\n|-ability|p2a: Armarouge|Weak Armor|boost\n|-unboost|p2a: Armarouge|def|1\n|-boost|p2a: Armarouge|spe|2\n|-supereffective|p2a: Armarouge\n|-damage|p2a: Armarouge|115/267\n|-ability|p2a: Armarouge|Weak Armor|boost\n|-unboost|p2a: Armarouge|def|1\n|-boost|p2a: Armarouge|spe|2\n|-supereffective|p2a: Armarouge\n|-damage|p2a: Armarouge|0 fnt\n|faint|p2a: Armarouge\n|-hitcount|p2: Armarouge|3\n|\n|upkeep\n|\n|t:|1781402430\n|switch|p2a: Palafin|Palafin-Hero, L77, F|254/281\n|turn|21\n|\n|t:|1781402438\n|-terastallize|p2a: Palafin|Water\n|move|p1a: Cloyster|Icicle Spear|p2a: Palafin\n|-resisted|p2a: Palafin\n|-damage|p2a: Palafin|227/281\n|-resisted|p2a: Palafin\n|-damage|p2a: Palafin|201/281\n|-resisted|p2a: Palafin\n|-damage|p2a: Palafin|175/281\n|-resisted|p2a: Palafin\n|-damage|p2a: Palafin|149/281\n|-resisted|p2a: Palafin\n|-damage|p2a: Palafin|124/281\n|-hitcount|p2a: Palafin|5\n|move|p2a: Palafin|Wave Crash|p1a: Cloyster\n|-resisted|p1a: Cloyster\n|-damage|p1a: Cloyster|119/211\n|-damage|p2a: Palafin|94/281|[from] Recoil\n|\n|upkeep\n|turn|22\n|\n|t:|1781402445\n|move|p1a: Cloyster|Icicle Spear|p2a: Palafin\n|-resisted|p2a: Palafin\n|-damage|p2a: Palafin|72/281\n|-resisted|p2a: Palafin\n|-damage|p2a: Palafin|45/281\n|-resisted|p2a: Palafin\n|-damage|p2a: Palafin|21/281\n|-resisted|p2a: Palafin\n|-damage|p2a: Palafin|0 fnt\n|faint|p2a: Palafin\n|-hitcount|p2: Palafin|4\n|\n|win|Strokefish\n", "inputlog": ">version a8376a258c1d4662feba110a92103f3664a72141\n>start {\"formatid\":\"gen9randombattle\",\"seed\":\"sodium,5cef335c4956413904d05dab0ed2ab31\",\"rated\":\"Rated battle\"}\n>player p1 {\"name\":\"Strokefish\",\"avatar\":\"170\",\"rating\":1964,\"seed\":\"sodium,92b729c6dae26e5b5886a726e9c56e24\"}\n>player p2 {\"name\":\"Diabetes1\",\"avatar\":\"1\",\"rating\":2097,\"seed\":\"sodium,d43ae44469807dd616e92bcd501516d5\"}\n>p1 move voltswitch\n>p2 switch 2\n>p1 switch 6\n>p1 move hydropump\n>p2 move dragondance\n>p1 move hydropump\n>p2 move outrage\n>p2 switch 3\n>p1 switch 2\n>p2 move swordsdance\n>p1 move willowisp\n>p2 move swordsdance\n>p1 move shadowball\n>p2 move gunkshot\n>p1 move shadowball\n>p2 move swordsdance\n>p1 move rest\n>p2 move earthquake\n>p2 switch 6\n>p1 switch 4\n>p2 move calmmind\n>p1 move dragontail\n>p2 move calmmind\n>p1 move dracometeor\n>p2 move flipturn\n>p2 switch 2\n>p1 move dragontail\n>p2 move shadowball\n>p1 move dragontail\n>p2 move dracometeor\n>p1 switch 2\n>p2 move flipturn\n>p2 switch 5\n>p1 move icebeam\n>p2 move shadowball\n>p1 switch 6\n>p1 move voltswitch\n>p2 move shadowball\n>p1 switch 3\n>p2 switch 5\n>p1 switch 2\n>p2 move wavecrash\n>p1 switch 5\n>p1 move shellsmash\n>p2 switch 2\n>p1 move rockblast\n>p2 move dracometeor\n>p2 switch 4\n>p1 move rockblast\n>p2 move armorcannon\n>p2 switch 2\n>p1 move iciclespear\n>p2 move wavecrash terastallize\n>p1 move iciclespear\n>p2 move wavecrash", "uploadtime": 1781402081, "views": 4, "formatid": "gen9randombattle", "rating": null, "private": 0, "password": null}