{"id": "gen9randombattle-2631562043", "format": "[Gen 9] Random Battle", "players": ["eliasmo", "masbahlilganteng"], "log": "|j|\u2606eliasmo\n|j|\u2606masbahlilganteng\n|t:|1781401651\n|gametype|singles\n|player|p1|eliasmo|aromalady|2049\n|player|p2|masbahlilganteng|hoopster|2124\n|gen|9\n|tier|[Gen 9] Random Battle\n|rated|\n|rule|Species Clause: Limit one of each Pok\u00e9mon\n|rule|HP Percentage Mod: HP is shown in percentages\n|rule|Sleep Clause Mod: Limit one foe put to sleep\n|rule|Illusion Level Mod: Illusion disguises the Pok\u00e9mon's true level\n|\n|t:|1781401651\n|teamsize|p1|6\n|teamsize|p2|6\n|start\n|switch|p1a: Samurott|Samurott-Hisui, L77, F|265/265\n|switch|p2a: Sableye|Sableye, L88, F|231/231\n|turn|1\n|inactive|Battle timer is ON: inactive players will automatically lose when time's up. (requested by masbahlilganteng)\n|\n|t:|1781401666\n|switch|p2a: Orthworm|Orthworm, L88, F|266/266\n|move|p1a: Samurott|Ceaseless Edge|p2a: Orthworm|[miss]\n|-miss|p1a: Samurott|p2a: Orthworm\n|\n|upkeep\n|turn|2\n|\n|t:|1781401676\n|switch|p1a: Lunala|Lunala, L70|308/308\n|move|p2a: Orthworm|Body Press|p1a: Lunala\n|-immune|p1a: Lunala\n|\n|upkeep\n|turn|3\n|\n|t:|1781401680\n|move|p1a: Lunala|Moongeist Beam|p2a: Orthworm\n|-damage|p2a: Orthworm|139/266\n|move|p2a: Orthworm|Heavy Slam|p1a: Lunala\n|-damage|p1a: Lunala|270/308\n|\n|-heal|p1a: Lunala|289/308|[from] item: Leftovers\n|-heal|p2a: Orthworm|155/266|[from] item: Leftovers\n|upkeep\n|turn|4\n|\n|t:|1781401686\n|move|p1a: Lunala|Calm Mind|p1a: Lunala\n|-boost|p1a: Lunala|spa|1\n|-boost|p1a: Lunala|spd|1\n|move|p2a: Orthworm|Stealth Rock|p1a: Lunala\n|-sidestart|p1: eliasmo|move: Stealth Rock\n|\n|-heal|p1a: Lunala|308/308|[from] item: Leftovers\n|-heal|p2a: Orthworm|171/266|[from] item: Leftovers\n|upkeep\n|turn|5\n|\n|t:|1781401690\n|move|p1a: Lunala|Moongeist Beam|p2a: Orthworm\n|-damage|p2a: Orthworm|0 fnt\n|faint|p2a: Orthworm\n|\n|upkeep\n|\n|t:|1781401692\n|switch|p2a: Sableye|Sableye, L88, F|231/231\n|turn|6\n|\n|t:|1781401701\n|switch|p1a: Samurott|Samurott-Hisui, L77, F|265/265\n|-damage|p1a: Samurott|232/265|[from] Stealth Rock\n|move|p2a: Sableye|Knock Off|p1a: Samurott\n|-resisted|p1a: Samurott\n|-damage|p1a: Samurott|181/265\n|-enditem|p1a: Samurott|Choice Band|[from] move: Knock Off|[of] p2a: Sableye\n|\n|upkeep\n|turn|7\n|\n|t:|1781401712\n|switch|p2a: Torterra|Torterra, L78, F|276/276\n|move|p1a: Samurott|Ceaseless Edge|p2a: Torterra|[miss]\n|-miss|p1a: Samurott|p2a: Torterra\n|\n|upkeep\n|turn|8\n|c|\u2606eliasmo|Hmm\n|\n|t:|1781401724\n|move|p1a: Samurott|Razor Shell|p2a: Torterra\n|-damage|p2a: Torterra|167/276\n|-unboost|p2a: Torterra|def|1\n|move|p2a: Torterra|Shell Smash|p2a: Torterra\n|-unboost|p2a: Torterra|def|1\n|-unboost|p2a: Torterra|spd|1\n|-boost|p2a: Torterra|atk|2\n|-boost|p2a: Torterra|spa|2\n|-boost|p2a: Torterra|spe|2\n|\n|upkeep\n|turn|9\n|\n|t:|1781401731\n|move|p1a: Samurott|Sucker Punch|p2a: Torterra\n|-damage|p2a: Torterra|35/276\n|move|p2a: Torterra|Bullet Seed|p1a: Samurott\n|-supereffective|p1a: Samurott\n|-damage|p1a: Samurott|5/265\n|-supereffective|p1a: Samurott\n|-damage|p1a: Samurott|0 fnt\n|faint|p1a: Samurott\n|-hitcount|p1: Samurott|2\n|\n|upkeep\n|\n|t:|1781401747\n|switch|p1a: Sceptile|Sceptile, L87, F|264/264\n|-damage|p1a: Sceptile|231/264|[from] Stealth Rock\n|turn|10\n|\n|t:|1781401751\n|move|p2a: Torterra|Rock Blast|p1a: Sceptile\n|-damage|p1a: Sceptile|191/264\n|-damage|p1a: Sceptile|153/264\n|-damage|p1a: Sceptile|115/264\n|-damage|p1a: Sceptile|76/264\n|-hitcount|p1a: Sceptile|4\n|move|p1a: Sceptile|Giga Drain|p2a: Torterra\n|-damage|p2a: Torterra|0 fnt\n|-heal|p1a: Sceptile|94/264|[from] drain|[of] p2a: Torterra\n|faint|p2a: Torterra\n|-damage|p1a: Sceptile|68/264|[from] item: Life Orb\n|\n|upkeep\n|\n|t:|1781401760\n|switch|p2a: Salazzle|Salazzle, L83, F|249/249\n|turn|11\n|\n|t:|1781401766\n|move|p1a: Sceptile|Earthquake|p2a: Salazzle\n|-supereffective|p2a: Salazzle\n|-damage|p2a: Salazzle|0 fnt\n|faint|p2a: Salazzle\n|-damage|p1a: Sceptile|42/264|[from] item: Life Orb\n|\n|upkeep\n|\n|t:|1781401774\n|switch|p2a: Lilligant|Lilligant, L86, F|261/261\n|turn|12\n|\n|t:|1781401778\n|move|p1a: Sceptile|Focus Blast|p2a: Lilligant\n|-damage|p2a: Lilligant|130/261\n|-unboost|p2a: Lilligant|spd|1\n|-damage|p1a: Sceptile|16/264|[from] item: Life Orb\n|move|p2a: Lilligant|Quiver Dance|p2a: Lilligant\n|-boost|p2a: Lilligant|spa|1\n|-boost|p2a: Lilligant|spd|1\n|-boost|p2a: Lilligant|spe|1\n|\n|upkeep\n|turn|13\n|\n|t:|1781401793\n|move|p2a: Lilligant|Quiver Dance|p2a: Lilligant\n|-boost|p2a: Lilligant|spa|1\n|-boost|p2a: Lilligant|spd|1\n|-boost|p2a: Lilligant|spe|1\n|move|p1a: Sceptile|Focus Blast|p2a: Lilligant\n|-damage|p2a: Lilligant|33/261\n|-damage|p1a: Sceptile|0 fnt|[from] item: Life Orb\n|faint|p1a: Sceptile\n|\n|upkeep\n|\n|t:|1781401802\n|switch|p1a: Camerupt|Camerupt, L91, F|275/275\n|-damage|p1a: Camerupt|241/275|[from] Stealth Rock\n|turn|14\n|\n|t:|1781401809\n|move|p2a: Lilligant|Petal Dance|p1a: Camerupt\n|-damage|p1a: Camerupt|0 fnt\n|faint|p1a: Camerupt\n|-damage|p2a: Lilligant|7/261|[from] item: Life Orb\n|\n|upkeep\n|\n|t:|1781401816\n|switch|p1a: Tyranitar|Tyranitar, L78, F|284/284\n|-damage|p1a: Tyranitar|249/284|[from] Stealth Rock\n|-weather|Sandstorm|[from] ability: Sand Stream|[of] p1a: Tyranitar\n|turn|15\n|\n|t:|1781401820\n|move|p2a: Lilligant|Petal Dance|p1a: Tyranitar|[from] lockedmove\n|-supereffective|p1a: Tyranitar\n|-damage|p1a: Tyranitar|0 fnt\n|faint|p1a: Tyranitar\n|-damage|p2a: Lilligant|0 fnt|[from] item: Life Orb\n|faint|p2a: Lilligant\n|\n|-weather|Sandstorm|[upkeep]\n|upkeep\n|\n|t:|1781401825\n|switch|p2a: Sableye|Sableye, L88, F|231/231\n|switch|p1a: Iron Valiant|Iron Valiant, L78|244/244\n|-damage|p1a: Iron Valiant|229/244|[from] Stealth Rock\n|turn|16\n|\n|t:|1781401831\n|-terastallize|p2a: Sableye|Steel\n|move|p2a: Sableye|Will-O-Wisp|p1a: Iron Valiant\n|-status|p1a: Iron Valiant|brn\n|move|p1a: Iron Valiant|Spirit Break|p2a: Sableye\n|-resisted|p2a: Sableye\n|-crit|p2a: Sableye\n|-damage|p2a: Sableye|183/231\n|-unboost|p2a: Sableye|spa|1\n|-damage|p1a: Iron Valiant|205/244 brn|[from] item: Life Orb\n|\n|-weather|Sandstorm|[upkeep]\n|-damage|p1a: Iron Valiant|190/244 brn|[from] Sandstorm\n|-heal|p2a: Sableye|197/231|[from] item: Leftovers\n|-damage|p1a: Iron Valiant|175/244 brn|[from] brn\n|upkeep\n|turn|17\n|\n|t:|1781401836\n|move|p2a: Sableye|Encore|p1a: Iron Valiant\n|-start|p1a: Iron Valiant|Encore\n|move|p1a: Iron Valiant|Spirit Break|p2a: Sableye\n|-resisted|p2a: Sableye\n|-damage|p2a: Sableye|168/231\n|-unboost|p2a: Sableye|spa|1\n|-damage|p1a: Iron Valiant|151/244 brn|[from] item: Life Orb\n|\n|-weather|Sandstorm|[upkeep]\n|-damage|p1a: Iron Valiant|136/244 brn|[from] Sandstorm\n|-heal|p2a: Sableye|182/231|[from] item: Leftovers\n|-damage|p1a: Iron Valiant|121/244 brn|[from] brn\n|upkeep\n|turn|18\n|\n|t:|1781401840\n|-end|p1a: Iron Valiant|Quark Drive|[silent]\n|switch|p1a: Lunala|Lunala, L70|308/308\n|-damage|p1a: Lunala|270/308|[from] Stealth Rock\n|move|p2a: Sableye|Recover|p2a: Sableye\n|-heal|p2a: Sableye|231/231\n|\n|-weather|Sandstorm|[upkeep]\n|-damage|p1a: Lunala|251/308|[from] Sandstorm\n|-heal|p1a: Lunala|270/308|[from] item: Leftovers\n|upkeep\n|turn|19\n|\n|t:|1781401843\n|switch|p1a: Iron Valiant|Iron Valiant, L78|121/244 brn\n|-damage|p1a: Iron Valiant|106/244 brn|[from] Stealth Rock\n|move|p2a: Sableye|Will-O-Wisp|p1a: Iron Valiant|[miss]\n|-miss|p2a: Sableye|p1a: Iron Valiant\n|\n|-weather|none\n|-damage|p1a: Iron Valiant|91/244 brn|[from] brn\n|upkeep\n|turn|20\n|\n|t:|1781401852\n|switch|p2a: Entei|Entei, L78|307/307\n|move|p1a: Iron Valiant|Close Combat|p2a: Entei\n|-damage|p2a: Entei|215/307\n|-unboost|p1a: Iron Valiant|def|1\n|-unboost|p1a: Iron Valiant|spd|1\n|-damage|p1a: Iron Valiant|67/244 brn|[from] item: Life Orb\n|\n|-damage|p1a: Iron Valiant|52/244 brn|[from] brn\n|upkeep\n|turn|21\n|\n|t:|1781401863\n|move|p2a: Entei|Extreme Speed|p1a: Iron Valiant\n|-damage|p1a: Iron Valiant|0 fnt\n|faint|p1a: Iron Valiant\n|-end|p1a: Iron Valiant|Quark Drive|[silent]\n|\n|upkeep\n|\n|t:|1781401866\n|switch|p1a: Lunala|Lunala, L70|270/308\n|-damage|p1a: Lunala|232/308|[from] Stealth Rock\n|turn|22\n|\n|t:|1781401873\n|switch|p2a: Sableye|Sableye, L88, F, tera:Steel|231/231\n|move|p1a: Lunala|Moongeist Beam|p2a: Sableye\n|-damage|p2a: Sableye|105/231\n|\n|-heal|p1a: Lunala|251/308|[from] item: Leftovers\n|-heal|p2a: Sableye|119/231|[from] item: Leftovers\n|upkeep\n|turn|23\n|\n|t:|1781401882\n|move|p1a: Lunala|Moongeist Beam|p2a: Sableye\n|-damage|p2a: Sableye|0 fnt\n|faint|p2a: Sableye\n|\n|-heal|p1a: Lunala|270/308|[from] item: Leftovers\n|upkeep\n|\n|t:|1781401887\n|switch|p2a: Entei|Entei, L78|215/307\n|turn|24\n|\n|t:|1781401892\n|-terastallize|p1a: Lunala|Fairy\n|move|p2a: Entei|Flare Blitz|p1a: Lunala\n|-damage|p1a: Lunala|60/308\n|-damage|p2a: Entei|146/307|[from] Recoil\n|move|p1a: Lunala|Moonlight|p1a: Lunala\n|-heal|p1a: Lunala|214/308\n|\n|-heal|p1a: Lunala|233/308|[from] item: Leftovers\n|upkeep\n|turn|25\n|\n|t:|1781401904\n|move|p2a: Entei|Flare Blitz|p1a: Lunala\n|-damage|p1a: Lunala|1/308\n|-damage|p2a: Entei|69/307|[from] Recoil\n|move|p1a: Lunala|Moongeist Beam|p2a: Entei\n|-damage|p2a: Entei|0 fnt\n|faint|p2a: Entei\n|\n|win|eliasmo\n", "inputlog": ">version a8376a258c1d4662feba110a92103f3664a72141\n>start {\"formatid\":\"gen9randombattle\",\"seed\":\"sodium,7d5f2831280f0a92a50a581aa4dd5a40\",\"rated\":\"Rated battle\"}\n>player p1 {\"name\":\"eliasmo\",\"avatar\":\"aromalady\",\"rating\":2049,\"seed\":\"sodium,a33736fc88ddbb057eb9b098124cfd2d\"}\n>player p2 {\"name\":\"masbahlilganteng\",\"avatar\":\"hoopster\",\"rating\":2124,\"seed\":\"sodium,4d5a47b5b0a431c8990d3adc32bc2cee\"}\n>p1 move ceaselessedge\n>p2 switch 4\n>p1 switch 6\n>p2 move bodypress\n>p1 move moongeistbeam\n>p2 move heavyslam\n>p1 move calmmind\n>p2 move stealthrock\n>p1 move moongeistbeam\n>p2 move shedtail\n>p2 switch 4\n>p1 switch 6\n>p2 move knockoff\n>p1 move ceaselessedge\n>p2 switch 6\n>chat \u2606eliasmo|Hmm\n>p1 move razorshell\n>p2 move shellsmash\n>p1 move suckerpunch\n>p2 move bulletseed\n>p1 switch 2\n>p1 move gigadrain\n>p2 move rockblast\n>p2 switch 2\n>p1 move earthquake\n>p2 move nastyplot\n>p2 switch 3\n>p1 move focusblast\n>p2 move quiverdance\n>p1 move focusblast\n>p2 move quiverdance\n>p1 switch 5\n>p1 move overheat\n>p2 move petaldance\n>p1 switch 3\n>p1 move dragondance\n>p2 move petaldance\n>p1 switch 4\n>p2 switch 6\n>p1 move spiritbreak\n>p2 move willowisp terastallize\n>p1 move swordsdance\n>p2 move encore\n>p1 switch 6\n>p2 move recover\n>p1 switch 6\n>p2 move willowisp\n>p1 move closecombat\n>p2 switch 5\n>p1 move knockoff\n>p2 move extremespeed\n>p1 switch 6\n>p1 move moongeistbeam\n>p2 switch 5\n>p1 move moongeistbeam\n>p2 move knockoff\n>p2 switch 5\n>p1 move moonlight terastallize\n>p2 move flareblitz\n>p1 move moongeistbeam\n>p2 move flareblitz", "uploadtime": 1781401653, "views": 5, "formatid": "gen9randombattle", "rating": null, "private": 0, "password": null}