{"id": "gen9randombattle-2631694029", "format": "[Gen 9] Random Battle", "players": ["brav3bird", "milonhehe"], "log": "|j|\u2606brav3bird\n|j|\u2606milonhehe\n|t:|1781423190\n|gametype|singles\n|player|p1|brav3bird|102|1052\n|player|p2|milonhehe|101|1024\n|gen|9\n|tier|[Gen 9] Random Battle\n|rated|\n|rule|Species Clause: Limit one of each Pok\u00e9mon\n|rule|HP Percentage Mod: HP is shown in percentages\n|rule|Sleep Clause Mod: Limit one foe put to sleep\n|rule|Illusion Level Mod: Illusion disguises the Pok\u00e9mon's true level\n|\n|t:|1781423190\n|teamsize|p1|6\n|teamsize|p2|6\n|start\n|switch|p1a: Ditto|Ditto, L87|225/225\n|switch|p2a: Raging Bolt|Raging Bolt, L78|323/323\n|-transform|p1a: Ditto|p2a: Raging Bolt|[from] ability: Imposter\n|turn|1\n|l|\u2606brav3bird\n|player|p1|\n|j|\u2606brav3bird\n|player|p1|brav3bird|102|\n|\n|t:|1781423247\n|move|p1a: Ditto|Draco Meteor|p2a: Raging Bolt\n|-supereffective|p2a: Raging Bolt\n|-damage|p2a: Raging Bolt|77/323\n|-unboost|p1a: Ditto|spa|2\n|move|p2a: Raging Bolt|Draco Meteor|p1a: Ditto\n|-supereffective|p1a: Ditto\n|-damage|p1a: Ditto|0 fnt\n|-unboost|p2a: Raging Bolt|spa|2\n|faint|p1a: Ditto\n|-end|p1a: Ditto|Protosynthesis|[silent]\n|\n|upkeep\n|\n|t:|1781423283\n|switch|p1a: Raikou|Raikou, L81|278/278\n|-ability|p1a: Raikou|Pressure\n|turn|2\n|\n|t:|1781423295\n|-end|p2a: Raging Bolt|Protosynthesis|[silent]\n|switch|p2a: Carbink|Carbink, L90|236/236\n|move|p1a: Raikou|Substitute|p1a: Raikou\n|-start|p1a: Raikou|Substitute\n|-damage|p1a: Raikou|209/278\n|\n|-heal|p1a: Raikou|226/278|[from] item: Leftovers\n|upkeep\n|turn|3\n|\n|t:|1781423306\n|move|p1a: Raikou|Calm Mind|p1a: Raikou\n|-boost|p1a: Raikou|spa|1\n|-boost|p1a: Raikou|spd|1\n|move|p2a: Carbink|Moonblast|p1a: Raikou\n|-activate|p1a: Raikou|move: Substitute|[damage]\n|\n|-heal|p1a: Raikou|243/278|[from] item: Leftovers\n|upkeep\n|turn|4\n|\n|t:|1781423316\n|move|p1a: Raikou|Calm Mind|p1a: Raikou\n|-boost|p1a: Raikou|spa|1\n|-boost|p1a: Raikou|spd|1\n|move|p2a: Carbink|Iron Defense|p2a: Carbink\n|-boost|p2a: Carbink|def|2\n|\n|-heal|p1a: Raikou|260/278|[from] item: Leftovers\n|upkeep\n|turn|5\n|\n|t:|1781423327\n|move|p1a: Raikou|Scald|p2a: Carbink\n|-supereffective|p2a: Carbink\n|-damage|p2a: Carbink|96/236\n|move|p2a: Carbink|Iron Defense|p2a: Carbink\n|-boost|p2a: Carbink|def|2\n|\n|-heal|p1a: Raikou|277/278|[from] item: Leftovers\n|upkeep\n|turn|6\n|\n|t:|1781423339\n|move|p1a: Raikou|Scald|p2a: Carbink\n|-supereffective|p2a: Carbink\n|-damage|p2a: Carbink|0 fnt\n|faint|p2a: Carbink\n|\n|-heal|p1a: Raikou|278/278|[from] item: Leftovers\n|upkeep\n|\n|t:|1781423347\n|switch|p2a: Appletun|Appletun, L92, F|352/352\n|turn|7\n|\n|t:|1781423359\n|move|p1a: Raikou|Scald|p2a: Appletun\n|-resisted|p2a: Appletun\n|-damage|p2a: Appletun|324/352\n|move|p2a: Appletun|Draco Meteor|p1a: Raikou\n|-end|p1a: Raikou|Substitute\n|-unboost|p2a: Appletun|spa|2\n|\n|-heal|p2a: Appletun|346/352|[from] item: Leftovers\n|upkeep\n|turn|8\n|\n|t:|1781423369\n|move|p1a: Raikou|Substitute|p1a: Raikou\n|-start|p1a: Raikou|Substitute\n|-damage|p1a: Raikou|209/278\n|move|p2a: Appletun|Draco Meteor|p1a: Raikou\n|-activate|p1a: Raikou|move: Substitute|[damage]\n|-unboost|p2a: Appletun|spa|2\n|\n|-heal|p1a: Raikou|226/278|[from] item: Leftovers\n|-heal|p2a: Appletun|352/352|[from] item: Leftovers\n|upkeep\n|turn|9\n|\n|t:|1781423384\n|move|p1a: Raikou|Scald|p2a: Appletun\n|-resisted|p2a: Appletun\n|-damage|p2a: Appletun|320/352\n|move|p2a: Appletun|Draco Meteor|p1a: Raikou\n|-activate|p1a: Raikou|move: Substitute|[damage]\n|-unboost|p2a: Appletun|spa|2\n|\n|-heal|p1a: Raikou|243/278|[from] item: Leftovers\n|-heal|p2a: Appletun|342/352|[from] item: Leftovers\n|upkeep\n|turn|10\n|\n|t:|1781423396\n|move|p1a: Raikou|Thunderbolt|p2a: Appletun\n|-resisted|p2a: Appletun\n|-damage|p2a: Appletun|297/352\n|move|p2a: Appletun|Apple Acid|p1a: Raikou\n|-end|p1a: Raikou|Substitute\n|\n|-heal|p1a: Raikou|260/278|[from] item: Leftovers\n|-heal|p2a: Appletun|319/352|[from] item: Leftovers\n|upkeep\n|turn|11\n|\n|t:|1781423405\n|move|p1a: Raikou|Substitute|p1a: Raikou\n|-start|p1a: Raikou|Substitute\n|-damage|p1a: Raikou|191/278\n|move|p2a: Appletun|Apple Acid|p1a: Raikou\n|-activate|p1a: Raikou|move: Substitute|[damage]\n|\n|-heal|p1a: Raikou|208/278|[from] item: Leftovers\n|-heal|p2a: Appletun|341/352|[from] item: Leftovers\n|upkeep\n|turn|12\n|\n|t:|1781423422\n|switch|p1a: Oricorio|Oricorio-Pa'u, L87, M|272/272\n|move|p2a: Appletun|Leech Seed|p1a: Oricorio\n|-start|p1a: Oricorio|move: Leech Seed\n|\n|-heal|p2a: Appletun|352/352|[from] item: Leftovers\n|-damage|p1a: Oricorio|238/272|[from] Leech Seed|[of] p2a: Appletun\n|upkeep\n|turn|13\n|\n|t:|1781423433\n|switch|p1a: Weezing|Weezing-Galar, L86, M|252/252\n|move|p2a: Appletun|Draco Meteor|p1a: Weezing\n|-immune|p1a: Weezing\n|\n|upkeep\n|turn|14\n|\n|t:|1781423445\n|switch|p2a: Bruxish|Bruxish, L85, M|254/254\n|move|p1a: Weezing|Gunk Shot|p2a: Bruxish\n|-damage|p2a: Bruxish|106/254\n|-status|p2a: Bruxish|psn\n|\n|-damage|p2a: Bruxish|75/254 psn|[from] psn\n|upkeep\n|turn|15\n|\n|t:|1781423472\n|switch|p1a: Oricorio|Oricorio-Pa'u, L87, M|238/272\n|move|p2a: Bruxish|Psychic Fangs|p1a: Oricorio\n|-resisted|p1a: Oricorio\n|-damage|p1a: Oricorio|120/272\n|\n|-damage|p2a: Bruxish|44/254 psn|[from] psn\n|upkeep\n|turn|16\n|\n|t:|1781423494\n|move|p1a: Oricorio|Revelation Dance|p2a: Bruxish\n|-resisted|p2a: Bruxish\n|-damage|p2a: Bruxish|0 fnt\n|faint|p2a: Bruxish\n|\n|upkeep\n|\n|t:|1781423501\n|switch|p2a: Grumpig|Grumpig, L92, F|297/297\n|turn|17\n|\n|t:|1781423514\n|move|p1a: Oricorio|Roost|p1a: Oricorio\n|-heal|p1a: Oricorio|256/272\n|-singleturn|p1a: Oricorio|move: Roost\n|move|p2a: Grumpig|Shadow Ball|p1a: Oricorio\n|-supereffective|p1a: Oricorio\n|-damage|p1a: Oricorio|106/272\n|\n|upkeep\n|turn|18\n|\n|t:|1781423538\n|switch|p1a: Arceus|Arceus-Bug, L73|295/295\n|move|p2a: Grumpig|Nasty Plot|p2a: Grumpig\n|-boost|p2a: Grumpig|spa|2\n|\n|upkeep\n|turn|19\n|\n|t:|1781423551\n|move|p1a: Arceus|Calm Mind|p1a: Arceus\n|-boost|p1a: Arceus|spa|1\n|-boost|p1a: Arceus|spd|1\n|move|p2a: Grumpig|Psychic|p1a: Arceus\n|-damage|p1a: Arceus|174/295\n|\n|upkeep\n|turn|20\n|\n|t:|1781423565\n|move|p1a: Arceus|Judgment|p2a: Grumpig\n|-supereffective|p2a: Grumpig\n|-damage|p2a: Grumpig|33/297\n|move|p2a: Grumpig|Shadow Ball|p1a: Arceus\n|-damage|p1a: Arceus|93/295\n|\n|-heal|p2a: Grumpig|51/297|[from] item: Leftovers\n|upkeep\n|turn|21\n|\n|t:|1781423577\n|move|p1a: Arceus|Recover|p1a: Arceus\n|-heal|p1a: Arceus|241/295\n|move|p2a: Grumpig|Psychic|p1a: Arceus\n|-crit|p1a: Arceus\n|-damage|p1a: Arceus|0 fnt\n|faint|p1a: Arceus\n|\n|-heal|p2a: Grumpig|69/297|[from] item: Leftovers\n|upkeep\n|\n|t:|1781423587\n|switch|p1a: Electrode|Electrode-Hisui, L87|246/246\n|turn|22\n|\n|t:|1781423598\n|move|p1a: Electrode|Thunderbolt|p2a: Grumpig\n|-damage|p2a: Grumpig|0 fnt\n|faint|p2a: Grumpig\n|-damage|p1a: Electrode|222/246|[from] item: Life Orb\n|\n|upkeep\n|\n|t:|1781423606\n|switch|p2a: Entei|Entei, L78|307/307\n|turn|23\n|\n|t:|1781423618\n|move|p1a: Electrode|Taunt|p2a: Entei\n|-start|p2a: Entei|move: Taunt\n|move|p2a: Entei|Flare Blitz|p1a: Electrode\n|-supereffective|p1a: Electrode\n|-damage|p1a: Electrode|0 fnt\n|faint|p1a: Electrode\n|-damage|p2a: Entei|234/307|[from] Recoil\n|\n|upkeep\n|\n|t:|1781423626\n|switch|p1a: Weezing|Weezing-Galar, L86, M|252/252\n|turn|24\n|\n|t:|1781423634\n|move|p2a: Entei|Flare Blitz|p1a: Weezing\n|-damage|p1a: Weezing|105/252\n|-damage|p2a: Entei|185/307|[from] Recoil\n|move|p1a: Weezing|Gunk Shot|p2a: Entei\n|-damage|p2a: Entei|46/307\n|\n|-heal|p1a: Weezing|120/252|[from] item: Leftovers\n|upkeep\n|turn|25\n|inactive|Battle timer is ON: inactive players will automatically lose when time's up. (requested by brav3bird)\n|\n|t:|1781423649\n|move|p2a: Entei|Flare Blitz|p1a: Weezing\n|-damage|p1a: Weezing|0 fnt\n|faint|p1a: Weezing\n|-damage|p2a: Entei|6/307|[from] Recoil\n|\n|-end|p2a: Entei|move: Taunt\n|upkeep\n|\n|t:|1781423661\n|switch|p1a: Oricorio|Oricorio-Pa'u, L87, M|106/272\n|turn|26\n|\n|t:|1781423667\n|switch|p2a: Appletun|Appletun, L92, F|352/352\n|move|p1a: Oricorio|Revelation Dance|p2a: Appletun\n|-damage|p2a: Appletun|258/352\n|\n|-heal|p2a: Appletun|280/352|[from] item: Leftovers\n|upkeep\n|turn|27\n|\n|t:|1781423684\n|move|p1a: Oricorio|Roost|p1a: Oricorio\n|-heal|p1a: Oricorio|242/272\n|-singleturn|p1a: Oricorio|move: Roost\n|move|p2a: Appletun|Leech Seed|p1a: Oricorio\n|-start|p1a: Oricorio|move: Leech Seed\n|\n|-heal|p2a: Appletun|302/352|[from] item: Leftovers\n|-damage|p1a: Oricorio|208/272|[from] Leech Seed|[of] p2a: Appletun\n|-heal|p2a: Appletun|336/352|[silent]\n|upkeep\n|turn|28\n|\n|t:|1781423693\n|move|p1a: Oricorio|Quiver Dance|p1a: Oricorio\n|-boost|p1a: Oricorio|spa|1\n|-boost|p1a: Oricorio|spd|1\n|-boost|p1a: Oricorio|spe|1\n|move|p2a: Appletun|Draco Meteor|p1a: Oricorio\n|-damage|p1a: Oricorio|84/272\n|-unboost|p2a: Appletun|spa|2\n|\n|-heal|p2a: Appletun|352/352|[from] item: Leftovers\n|-damage|p1a: Oricorio|50/272|[from] Leech Seed|[of] p2a: Appletun\n|upkeep\n|turn|29\n|\n|t:|1781423708\n|switch|p2a: Raging Bolt|Raging Bolt, L78|77/323\n|move|p1a: Oricorio|Roost|p1a: Oricorio\n|-heal|p1a: Oricorio|186/272\n|-singleturn|p1a: Oricorio|move: Roost\n|\n|-damage|p1a: Oricorio|152/272|[from] Leech Seed|[of] p2a: Raging Bolt\n|-heal|p2a: Raging Bolt|111/323|[silent]\n|upkeep\n|turn|30\n|\n|t:|1781423719\n|move|p1a: Oricorio|Revelation Dance|p2a: Raging Bolt\n|-damage|p2a: Raging Bolt|5/323\n|move|p2a: Raging Bolt|Volt Switch|p1a: Oricorio\n|-supereffective|p1a: Oricorio\n|-damage|p1a: Oricorio|14/272\n|\n|t:|1781423727\n|-end|p2a: Raging Bolt|Protosynthesis|[silent]\n|switch|p2a: Appletun|Appletun, L92, F|352/352|[from] Volt Switch\n|\n|-damage|p1a: Oricorio|0 fnt|[from] Leech Seed|[of] p2a: Appletun\n|faint|p1a: Oricorio\n|upkeep\n|\n|t:|1781423730\n|switch|p1a: Raikou|Raikou, L81|208/278\n|-ability|p1a: Raikou|Pressure\n|turn|31\n|\n|t:|1781423740\n|move|p1a: Raikou|Substitute|p1a: Raikou\n|-start|p1a: Raikou|Substitute\n|-damage|p1a: Raikou|139/278\n|move|p2a: Appletun|Apple Acid|p1a: Raikou\n|-end|p1a: Raikou|Substitute\n|\n|-heal|p1a: Raikou|156/278|[from] item: Leftovers\n|upkeep\n|turn|32\n|\n|t:|1781423747\n|move|p1a: Raikou|Calm Mind|p1a: Raikou\n|-boost|p1a: Raikou|spa|1\n|-boost|p1a: Raikou|spd|1\n|move|p2a: Appletun|Leech Seed|p1a: Raikou|[miss]\n|-miss|p2a: Appletun|p1a: Raikou\n|\n|-heal|p1a: Raikou|173/278|[from] item: Leftovers\n|upkeep\n|turn|33\n|\n|t:|1781423756\n|move|p1a: Raikou|Substitute|p1a: Raikou\n|-start|p1a: Raikou|Substitute\n|-damage|p1a: Raikou|104/278\n|move|p2a: Appletun|Leech Seed||[still]\n|-fail|p2a: Appletun\n|\n|-heal|p1a: Raikou|121/278|[from] item: Leftovers\n|upkeep\n|turn|34\n|\n|t:|1781423762\n|move|p1a: Raikou|Calm Mind|p1a: Raikou\n|-boost|p1a: Raikou|spa|1\n|-boost|p1a: Raikou|spd|1\n|move|p2a: Appletun|Apple Acid|p1a: Raikou\n|-activate|p1a: Raikou|move: Substitute|[damage]\n|\n|-heal|p1a: Raikou|138/278|[from] item: Leftovers\n|upkeep\n|turn|35\n|\n|t:|1781423770\n|move|p1a: Raikou|Calm Mind|p1a: Raikou\n|-boost|p1a: Raikou|spa|1\n|-boost|p1a: Raikou|spd|1\n|move|p2a: Appletun|Apple Acid|p1a: Raikou\n|-end|p1a: Raikou|Substitute\n|\n|-heal|p1a: Raikou|155/278|[from] item: Leftovers\n|upkeep\n|turn|36\n|\n|t:|1781423778\n|move|p1a: Raikou|Substitute|p1a: Raikou\n|-start|p1a: Raikou|Substitute\n|-damage|p1a: Raikou|86/278\n|move|p2a: Appletun|Leech Seed|p1a: Raikou|[miss]\n|-miss|p2a: Appletun|p1a: Raikou\n|\n|-heal|p1a: Raikou|103/278|[from] item: Leftovers\n|upkeep\n|turn|37\n|\n|t:|1781423787\n|move|p1a: Raikou|Scald|p2a: Appletun\n|-resisted|p2a: Appletun\n|-damage|p2a: Appletun|313/352\n|-status|p2a: Appletun|brn\n|move|p2a: Appletun|Apple Acid|p1a: Raikou\n|-activate|p1a: Raikou|move: Substitute|[damage]\n|\n|-heal|p1a: Raikou|120/278|[from] item: Leftovers\n|-heal|p2a: Appletun|335/352 brn|[from] item: Leftovers\n|-damage|p2a: Appletun|313/352 brn|[from] brn\n|upkeep\n|turn|38\n|\n|t:|1781423800\n|move|p1a: Raikou|Calm Mind|p1a: Raikou\n|-boost|p1a: Raikou|spa|1\n|-boost|p1a: Raikou|spd|1\n|move|p2a: Appletun|Leech Seed||[still]\n|-fail|p2a: Appletun\n|\n|-heal|p1a: Raikou|137/278|[from] item: Leftovers\n|-heal|p2a: Appletun|335/352 brn|[from] item: Leftovers\n|-damage|p2a: Appletun|313/352 brn|[from] brn\n|upkeep\n|turn|39\n|\n|t:|1781423825\n|switch|p2a: Entei|Entei, L78|6/307\n|move|p1a: Raikou|Thunderbolt|p2a: Entei\n|-damage|p2a: Entei|0 fnt\n|faint|p2a: Entei\n|\n|-heal|p1a: Raikou|154/278|[from] item: Leftovers\n|upkeep\n|\n|t:|1781423833\n|switch|p2a: Raging Bolt|Raging Bolt, L78|5/323\n|turn|40\n|\n|t:|1781423842\n|move|p1a: Raikou|Thunderbolt|p2a: Raging Bolt\n|-resisted|p2a: Raging Bolt\n|-damage|p2a: Raging Bolt|0 fnt\n|faint|p2a: Raging Bolt\n|-end|p2a: Raging Bolt|Protosynthesis|[silent]\n|\n|-heal|p1a: Raikou|171/278|[from] item: Leftovers\n|upkeep\n|\n|t:|1781423848\n|switch|p2a: Appletun|Appletun, L92, F|313/352 brn\n|turn|41\n|\n|t:|1781423853\n|move|p1a: Raikou|Thunderbolt|p2a: Appletun\n|-resisted|p2a: Appletun\n|-damage|p2a: Appletun|236/352 brn\n|move|p2a: Appletun|Apple Acid|p1a: Raikou\n|-end|p1a: Raikou|Substitute\n|\n|-heal|p1a: Raikou|188/278|[from] item: Leftovers\n|-heal|p2a: Appletun|258/352 brn|[from] item: Leftovers\n|-damage|p2a: Appletun|236/352 brn|[from] brn\n|upkeep\n|turn|42\n|\n|t:|1781423862\n|move|p1a: Raikou|Substitute|p1a: Raikou\n|-start|p1a: Raikou|Substitute\n|-damage|p1a: Raikou|119/278\n|move|p2a: Appletun|Leech Seed||[still]\n|-fail|p2a: Appletun\n|\n|-heal|p1a: Raikou|136/278|[from] item: Leftovers\n|-heal|p2a: Appletun|258/352 brn|[from] item: Leftovers\n|-damage|p2a: Appletun|236/352 brn|[from] brn\n|upkeep\n|turn|43\n|\n|t:|1781423867\n|move|p1a: Raikou|Thunderbolt|p2a: Appletun\n|-resisted|p2a: Appletun\n|-damage|p2a: Appletun|167/352 brn\n|move|p2a: Appletun|Apple Acid|p1a: Raikou\n|-activate|p1a: Raikou|move: Substitute|[damage]\n|\n|-heal|p1a: Raikou|153/278|[from] item: Leftovers\n|-heal|p2a: Appletun|189/352 brn|[from] item: Leftovers\n|-damage|p2a: Appletun|167/352 brn|[from] brn\n|upkeep\n|turn|44\n|c|\u2606milonhehe|ta paia chefe\n|\n|t:|1781423896\n|move|p1a: Raikou|Thunderbolt|p2a: Appletun\n|-resisted|p2a: Appletun\n|-damage|p2a: Appletun|92/352 brn\n|move|p2a: Appletun|Recover|p2a: Appletun\n|-heal|p2a: Appletun|268/352 brn\n|\n|-heal|p1a: Raikou|170/278|[from] item: Leftovers\n|-heal|p2a: Appletun|290/352 brn|[from] item: Leftovers\n|-damage|p2a: Appletun|268/352 brn|[from] brn\n|upkeep\n|turn|45\n|\n|t:|1781423921\n|move|p1a: Raikou|Thunderbolt|p2a: Appletun\n|-resisted|p2a: Appletun\n|-damage|p2a: Appletun|195/352 brn\n|move|p2a: Appletun|Recover|p2a: Appletun\n|-heal|p2a: Appletun|352/352 brn\n|\n|-heal|p1a: Raikou|187/278|[from] item: Leftovers\n|-damage|p2a: Appletun|330/352 brn|[from] brn\n|upkeep\n|turn|46\n|\n|t:|1781423930\n|move|p1a: Raikou|Thunderbolt|p2a: Appletun\n|-resisted|p2a: Appletun\n|-damage|p2a: Appletun|262/352 brn\n|move|p2a: Appletun|Leech Seed||[still]\n|-fail|p2a: Appletun\n|\n|-heal|p1a: Raikou|204/278|[from] item: Leftovers\n|-heal|p2a: Appletun|284/352 brn|[from] item: Leftovers\n|-damage|p2a: Appletun|262/352 brn|[from] brn\n|upkeep\n|turn|47\n|\n|t:|1781423948\n|move|p1a: Raikou|Scald|p2a: Appletun\n|-resisted|p2a: Appletun\n|-damage|p2a: Appletun|221/352 brn\n|move|p2a: Appletun|Recover|p2a: Appletun\n|-heal|p2a: Appletun|352/352 brn\n|\n|-heal|p1a: Raikou|221/278|[from] item: Leftovers\n|-damage|p2a: Appletun|330/352 brn|[from] brn\n|upkeep\n|turn|48\n|\n|t:|1781423957\n|move|p1a: Raikou|Scald|p2a: Appletun\n|-resisted|p2a: Appletun\n|-damage|p2a: Appletun|289/352 brn\n|move|p2a: Appletun|Leech Seed||[still]\n|-fail|p2a: Appletun\n|\n|-heal|p1a: Raikou|238/278|[from] item: Leftovers\n|-heal|p2a: Appletun|311/352 brn|[from] item: Leftovers\n|-damage|p2a: Appletun|289/352 brn|[from] brn\n|upkeep\n|turn|49\n|\n|t:|1781423965\n|move|p1a: Raikou|Scald|p2a: Appletun\n|-resisted|p2a: Appletun\n|-damage|p2a: Appletun|246/352 brn\n|move|p2a: Appletun|Recover|p2a: Appletun\n|-heal|p2a: Appletun|352/352 brn\n|\n|-heal|p1a: Raikou|255/278|[from] item: Leftovers\n|-damage|p2a: Appletun|330/352 brn|[from] brn\n|upkeep\n|turn|50\n|\n|t:|1781423977\n|move|p1a: Raikou|Scald|p2a: Appletun\n|-resisted|p2a: Appletun\n|-damage|p2a: Appletun|283/352 brn\n|move|p2a: Appletun|Recover|p2a: Appletun\n|-heal|p2a: Appletun|352/352 brn\n|\n|-heal|p1a: Raikou|272/278|[from] item: Leftovers\n|-damage|p2a: Appletun|330/352 brn|[from] brn\n|upkeep\n|turn|51\n|\n|t:|1781423981\n|move|p1a: Raikou|Scald|p2a: Appletun\n|-resisted|p2a: Appletun\n|-damage|p2a: Appletun|288/352 brn\n|move|p2a: Appletun|Recover|p2a: Appletun\n|-heal|p2a: Appletun|352/352 brn\n|\n|-heal|p1a: Raikou|278/278|[from] item: Leftovers\n|-damage|p2a: Appletun|330/352 brn|[from] brn\n|upkeep\n|turn|52\n|\n|t:|1781423992\n|move|p1a: Raikou|Scald|p2a: Appletun\n|-resisted|p2a: Appletun\n|-damage|p2a: Appletun|288/352 brn\n|move|p2a: Appletun|Recover|p2a: Appletun\n|-heal|p2a: Appletun|352/352 brn\n|\n|-damage|p2a: Appletun|330/352 brn|[from] brn\n|upkeep\n|turn|53\n|\n|t:|1781423997\n|move|p1a: Raikou|Scald|p2a: Appletun\n|-resisted|p2a: Appletun\n|-damage|p2a: Appletun|285/352 brn\n|move|p2a: Appletun|Recover|p2a: Appletun\n|-heal|p2a: Appletun|352/352 brn\n|\n|-damage|p2a: Appletun|330/352 brn|[from] brn\n|upkeep\n|turn|54\n|\n|t:|1781424003\n|move|p1a: Raikou|Scald|p2a: Appletun\n|-resisted|p2a: Appletun\n|-damage|p2a: Appletun|283/352 brn\n|-activate|p2a: Appletun|move: Struggle\n|move|p2a: Appletun|Struggle|p1a: Raikou\n|-activate|p1a: Raikou|move: Substitute|[damage]\n|-damage|p2a: Appletun|195/352 brn|[from] recoil\n|\n|-heal|p2a: Appletun|217/352 brn|[from] item: Leftovers\n|-damage|p2a: Appletun|195/352 brn|[from] brn\n|upkeep\n|turn|55\n|\n|t:|1781424006\n|move|p1a: Raikou|Scald|p2a: Appletun\n|-resisted|p2a: Appletun\n|-damage|p2a: Appletun|151/352 brn\n|-activate|p2a: Appletun|move: Struggle\n|move|p2a: Appletun|Struggle|p1a: Raikou\n|-activate|p1a: Raikou|move: Substitute|[damage]\n|-damage|p2a: Appletun|63/352 brn|[from] recoil\n|\n|-heal|p2a: Appletun|85/352 brn|[from] item: Leftovers\n|-damage|p2a: Appletun|63/352 brn|[from] brn\n|upkeep\n|turn|56\n|\n|t:|1781424008\n|move|p1a: Raikou|Scald|p2a: Appletun\n|-resisted|p2a: Appletun\n|-damage|p2a: Appletun|17/352 brn\n|-activate|p2a: Appletun|move: Struggle\n|move|p2a: Appletun|Struggle|p1a: Raikou\n|-end|p1a: Raikou|Substitute\n|-damage|p2a: Appletun|0 fnt|[from] recoil\n|faint|p2a: Appletun\n|\n|win|brav3bird\n|raw|brav3bird's rating: 1052 &rarr; <strong>1082</strong><br />(+30 for winning)\n|raw|milonhehe's rating: 1024 &rarr; <strong>1011</strong><br />(-13 for losing)\n|l|\u2606brav3bird\n|player|p1|\n|c|\u2606milonhehe|finalmente meu deus do ceu\n|l|\u2606milonhehe\n|player|p2|\n|j|\u2606brav3bird\n|player|p1|brav3bird|102|\n", "inputlog": ">version a8376a258c1d4662feba110a92103f3664a72141\n>start {\"formatid\":\"gen9randombattle\",\"seed\":\"sodium,267aaef7fa31495b0dd77132868beca9\",\"rated\":\"Rated battle\"}\n>player p1 {\"name\":\"brav3bird\",\"avatar\":\"102\",\"rating\":1052,\"seed\":\"sodium,a3dae72278ada75b26b244435c9632a6\"}\n>player p2 {\"name\":\"milonhehe\",\"avatar\":\"101\",\"rating\":1024,\"seed\":\"sodium,3e08108c443c6ef72845feeecec09fc0\"}\n>p1 move dracometeor\n>p2 move dracometeor\n>p1 switch 2\n>p1 move substitute\n>p2 switch 4\n>p1 move calmmind\n>p2 move moonblast\n>p1 move calmmind\n>p2 move irondefense\n>p1 move scald\n>p2 move irondefense\n>p1 move scald\n>p2 move moonblast\n>p2 switch 3\n>p1 move scald\n>p2 move dracometeor\n>p1 move substitute\n>p2 move dracometeor\n>p1 move scald\n>p2 move dracometeor\n>p1 move thunderbolt\n>p2 move appleacid\n>p1 move substitute\n>p2 move appleacid\n>p1 switch 3\n>p2 move leechseed\n>p1 switch 6\n>p2 move dracometeor\n>p1 move gunkshot\n>p2 switch 5\n>p1 switch 6\n>p2 move psychicfangs\n>p1 move revelationdance\n>p2 move psychicfangs\n>p2 switch 6\n>p1 move roost\n>p2 move shadowball\n>p1 switch 5\n>p2 move nastyplot\n>p1 move calmmind\n>p2 move psychic\n>p1 move judgment\n>p2 move shadowball\n>p1 move recover\n>p2 move psychic\n>p1 switch 4\n>p1 move thunderbolt\n>p2 move psychic\n>p2 switch 2\n>p1 move taunt\n>p2 move flareblitz\n>p1 switch 6\n>p1 move gunkshot\n>p2 move flareblitz\n>p1 move gunkshot\n>p2 move flareblitz\n>p1 switch 5\n>p1 move revelationdance\n>p2 switch 5\n>p1 move roost\n>p2 move leechseed\n>p1 move quiverdance\n>p2 move dracometeor\n>p1 move roost\n>p2 switch 4\n>p1 move revelationdance\n>p2 move voltswitch\n>p2 switch 4\n>p1 switch 3\n>p1 move substitute\n>p2 move appleacid\n>p1 move calmmind\n>p2 move leechseed\n>p1 move substitute\n>p2 move leechseed\n>p1 move calmmind\n>p2 move appleacid\n>p1 move calmmind\n>p2 move appleacid\n>p1 move substitute\n>p2 move leechseed\n>p1 move scald\n>p2 move appleacid\n>p1 move calmmind\n>p2 move leechseed\n>p1 move thunderbolt\n>p2 switch 5\n>p2 switch 4\n>p1 move thunderbolt\n>p2 move dracometeor\n>p2 switch 5\n>p1 move thunderbolt\n>p2 move appleacid\n>p1 move substitute\n>p2 move leechseed\n>p1 move thunderbolt\n>p2 move appleacid\n>chat \u2606milonhehe|ta paia chefe\n>p1 move thunderbolt\n>p2 move recover\n>p1 move thunderbolt\n>p2 move recover\n>p1 move thunderbolt\n>p2 move leechseed\n>p1 move scald\n>p2 move recover\n>p1 move scald\n>p2 move leechseed\n>p1 move scald\n>p2 move recover\n>p1 move scald\n>p2 move recover\n>p1 move scald\n>p2 move recover\n>p1 move scald\n>p2 move recover\n>p1 move scald\n>p2 move recover\n>p1 move scald\n>p2 move struggle\n>p1 move scald\n>p2 move struggle\n>p1 move scald\n>p2 move struggle", "uploadtime": 1781424101, "views": 6, "formatid": "gen9randombattle", "rating": 1011, "private": 0, "password": null}