{"id": "gen9randombattle-2631501209", "format": "[Gen 9] Random Battle", "players": ["Just_Jack07", "PhoneGuyRalph"], "log": "|j|\u2606Just_Jack07\n|j|\u2606PhoneGuyRalph\n|t:|1781393121\n|gametype|singles\n|player|p1|Just_Jack07|2|1407\n|player|p2|PhoneGuyRalph|101|1375\n|gen|9\n|tier|[Gen 9] Random Battle\n|rated|\n|rule|Species Clause: Limit one of each Pok\u00e9mon\n|rule|HP Percentage Mod: HP is shown in percentages\n|rule|Sleep Clause Mod: Limit one foe put to sleep\n|rule|Illusion Level Mod: Illusion disguises the Pok\u00e9mon's true level\n|\n|t:|1781393121\n|teamsize|p1|6\n|teamsize|p2|6\n|start\n|switch|p1a: Braviary|Braviary-Hisui, L85, M|326/326\n|switch|p2a: Sylveon|Sylveon, L85, M|300/300\n|turn|1\n|\n|t:|1781393138\n|switch|p2a: Regice|Regice, L88|284/284\n|move|p1a: Braviary|Agility|p1a: Braviary\n|-boost|p1a: Braviary|spe|2\n|\n|upkeep\n|turn|2\n|l|\u2606PhoneGuyRalph\n|player|p2|\n|inactive|Battle timer is ON: inactive players will automatically lose when time's up. (requested by Just_Jack07)\n|j|\u2606PhoneGuyRalph\n|inactive|PhoneGuyRalph reconnected and has 150 seconds left.\n|player|p2|PhoneGuyRalph|101|\n|\n|t:|1781393205\n|move|p1a: Braviary|Heat Wave|p2a: Regice\n|-supereffective|p2a: Regice\n|-damage|p2a: Regice|154/284\n|move|p2a: Regice|Ice Beam|p1a: Braviary\n|-supereffective|p1a: Braviary\n|-damage|p1a: Braviary|56/326\n|\n|upkeep\n|turn|3\n|\n|t:|1781393214\n|move|p1a: Braviary|Heat Wave|p2a: Regice\n|-supereffective|p2a: Regice\n|-damage|p2a: Regice|21/284\n|move|p2a: Regice|Rest|p2a: Regice\n|-status|p2a: Regice|slp|[from] move: Rest\n|-heal|p2a: Regice|284/284 slp|[silent]\n|\n|upkeep\n|turn|4\n|\n|t:|1781393223\n|move|p1a: Braviary|Heat Wave|p2a: Regice\n|-supereffective|p2a: Regice\n|-damage|p2a: Regice|149/284 slp\n|cant|p2a: Regice|slp\n|move|p2a: Regice|Sleep Talk|p2a: Regice\n|move|p2a: Regice|Thunderbolt|p1a: Braviary|[from] move: Sleep Talk\n|-supereffective|p1a: Braviary\n|-damage|p1a: Braviary|0 fnt\n|faint|p1a: Braviary\n|\n|upkeep\n|inactive|Just_Jack07 has 120 seconds left.\n|\n|t:|1781393258\n|switch|p1a: Froslass|Froslass, L87, F|263/263\n|turn|5\n|l|\u2606PhoneGuyRalph\n|inactive|PhoneGuyRalph disconnected and has a minute to reconnect!\n|player|p2|\n|inactive|PhoneGuyRalph has 30 seconds to reconnect!\n|inactive|PhoneGuyRalph has 20 seconds to reconnect!\n|j|\u2606PhoneGuyRalph\n|inactive|PhoneGuyRalph reconnected and has 110 seconds left.\n|player|p2|PhoneGuyRalph|101|\n|\n|t:|1781393305\n|move|p1a: Froslass|Spikes|p2a: Regice\n|-sidestart|p2: PhoneGuyRalph|Spikes\n|cant|p2a: Regice|slp\n|move|p2a: Regice|Sleep Talk|p2a: Regice\n|move|p2a: Regice|Thunderbolt|p1a: Froslass|[from] move: Sleep Talk\n|-damage|p1a: Froslass|180/263\n|-start|p2a: Regice|Disable|Sleep Talk|[from] ability: Cursed Body|[of] p1a: Froslass\n|\n|upkeep\n|turn|6\n|\n|t:|1781393319\n|move|p1a: Froslass|Spikes|p2a: Regice\n|-sidestart|p2: PhoneGuyRalph|Spikes\n|-curestatus|p2a: Regice|slp|[msg]\n|move|p2a: Regice|Thunderbolt|p1a: Froslass\n|-damage|p1a: Froslass|93/263\n|\n|upkeep\n|turn|7\n|\n|t:|1781393336\n|move|p1a: Froslass|Poltergeist|p2a: Regice\n|-activate|p2a: Regice|move: Poltergeist|Heavy-Duty Boots\n|-damage|p2a: Regice|58/284\n|move|p2a: Regice|Thunderbolt|p1a: Froslass\n|-damage|p1a: Froslass|4/263\n|\n|upkeep\n|turn|8\n|\n|t:|1781393344\n|move|p1a: Froslass|Poltergeist|p2a: Regice\n|-activate|p2a: Regice|move: Poltergeist|Heavy-Duty Boots\n|-damage|p2a: Regice|0 fnt\n|faint|p2a: Regice\n|\n|upkeep\n|\n|t:|1781393357\n|switch|p2a: Pachirisu|Pachirisu, L96, F|271/271\n|turn|9\n|\n|t:|1781393365\n|move|p1a: Froslass|Destiny Bond|p1a: Froslass\n|-singlemove|p1a: Froslass|Destiny Bond\n|move|p2a: Pachirisu|Discharge|p1a: Froslass\n|-damage|p1a: Froslass|0 fnt\n|-start|p2a: Pachirisu|Disable|Discharge|[from] ability: Cursed Body|[of] p1a: Froslass\n|faint|p1a: Froslass\n|-activate|p1a: Froslass|move: Destiny Bond\n|faint|p2a: Pachirisu\n|\n|upkeep\n|inactive|PhoneGuyRalph has 90 seconds left.\n|\n|t:|1781393397\n|switch|p1a: Sandaconda|Sandaconda, L84, F|258/258\n|switch|p2a: Qwilfish|Qwilfish-Hisui, L83, F|244/244\n|-damage|p2a: Qwilfish|204/244|[from] Spikes\n|-ability|p2a: Qwilfish|Intimidate|boost\n|-unboost|p1a: Sandaconda|atk|1\n|turn|10\n|inactive|PhoneGuyRalph has 90 seconds left.\n|\n|t:|1781393405\n|move|p2a: Qwilfish|Spikes|p1a: Sandaconda\n|-sidestart|p1: Just_Jack07|Spikes\n|move|p1a: Sandaconda|Stealth Rock|p2a: Qwilfish\n|-sidestart|p2: PhoneGuyRalph|move: Stealth Rock\n|\n|upkeep\n|turn|11\n|\n|t:|1781393409\n|move|p2a: Qwilfish|Spikes|p1a: Sandaconda\n|-sidestart|p1: Just_Jack07|Spikes\n|move|p1a: Sandaconda|Earthquake|p2a: Qwilfish\n|-supereffective|p2a: Qwilfish\n|-damage|p2a: Qwilfish|94/244\n|\n|upkeep\n|turn|12\n|\n|t:|1781393417\n|move|p2a: Qwilfish|Toxic Spikes|p1a: Sandaconda\n|-sidestart|p1: Just_Jack07|move: Toxic Spikes\n|move|p1a: Sandaconda|Earthquake|p2a: Qwilfish\n|-supereffective|p2a: Qwilfish\n|-damage|p2a: Qwilfish|0 fnt\n|faint|p2a: Qwilfish\n|\n|upkeep\n|inactive|PhoneGuyRalph has 90 seconds left.\n|\n|t:|1781393442\n|switch|p2a: Sylveon|Sylveon, L85, M|300/300\n|-damage|p2a: Sylveon|250/300|[from] Spikes\n|-damage|p2a: Sylveon|213/300|[from] Stealth Rock\n|turn|13\n|\n|t:|1781393464\n|switch|p1a: Venusaur|Venusaur, L84, M|272/272\n|-damage|p1a: Venusaur|227/272|[from] Spikes\n|-sideend|p1: Just_Jack07|move: Toxic Spikes|[of] p1a: Venusaur\n|move|p2a: Sylveon|Calm Mind|p2a: Sylveon\n|-boost|p2a: Sylveon|spa|1\n|-boost|p2a: Sylveon|spd|1\n|\n|-heal|p1a: Venusaur|244/272|[from] item: Leftovers\n|-heal|p2a: Sylveon|231/300|[from] item: Leftovers\n|upkeep\n|turn|14\n|\n|t:|1781393474\n|move|p2a: Sylveon|Protect|p2a: Sylveon\n|-singleturn|p2a: Sylveon|Protect\n|move|p1a: Venusaur|Leech Seed|p2a: Sylveon\n|-activate|p2a: Sylveon|move: Protect\n|\n|-heal|p1a: Venusaur|261/272|[from] item: Leftovers\n|-heal|p2a: Sylveon|249/300|[from] item: Leftovers\n|upkeep\n|turn|15\n|\n|t:|1781393481\n|move|p1a: Venusaur|Leech Seed|p2a: Sylveon\n|-start|p2a: Sylveon|move: Leech Seed\n|move|p2a: Sylveon|Wish|p2a: Sylveon\n|\n|-heal|p1a: Venusaur|272/272|[from] item: Leftovers\n|-heal|p2a: Sylveon|267/300|[from] item: Leftovers\n|-damage|p2a: Sylveon|230/300|[from] Leech Seed|[of] p1a: Venusaur\n|upkeep\n|turn|16\n|\n|t:|1781393487\n|switch|p2a: Slowking|Slowking-Galar, L85, F|300/300\n|-damage|p2a: Slowking|250/300|[from] Spikes\n|-damage|p2a: Slowking|213/300|[from] Stealth Rock\n|move|p1a: Venusaur|Substitute|p1a: Venusaur\n|-start|p1a: Venusaur|Substitute\n|-damage|p1a: Venusaur|204/272\n|\n|-heal|p2a: Slowking|300/300|[from] move: Wish|[wisher] Sylveon\n|-heal|p1a: Venusaur|221/272|[from] item: Leftovers\n|upkeep\n|turn|17\n|inactive|PhoneGuyRalph has 120 seconds left.\n|\n|t:|1781393502\n|move|p1a: Venusaur|Leech Seed|p2a: Slowking\n|-start|p2a: Slowking|move: Leech Seed\n|move|p2a: Slowking|Future Sight|p1a: Venusaur\n|-start|p2a: Slowking|move: Future Sight\n|\n|-heal|p1a: Venusaur|238/272|[from] item: Leftovers\n|-damage|p2a: Slowking|263/300|[from] Leech Seed|[of] p1a: Venusaur\n|-heal|p1a: Venusaur|272/272|[silent]\n|upkeep\n|turn|18\n|\n|t:|1781393515\n|move|p1a: Venusaur|Sludge Bomb|p2a: Slowking\n|-resisted|p2a: Slowking\n|-damage|p2a: Slowking|236/300\n|move|p2a: Slowking|Psychic Noise|p1a: Venusaur\n|-supereffective|p1a: Venusaur\n|-damage|p1a: Venusaur|120/272\n|-start|p1a: Venusaur|move: Heal Block\n|\n|-damage|p2a: Slowking|199/300|[from] Leech Seed|[of] p1a: Venusaur\n|upkeep\n|turn|19\n|\n|t:|1781393529\n|move|p1a: Venusaur|Sludge Bomb|p2a: Slowking\n|-resisted|p2a: Slowking\n|-damage|p2a: Slowking|169/300\n|move|p2a: Slowking|Psychic Noise|p1a: Venusaur\n|-supereffective|p1a: Venusaur\n|-damage|p1a: Venusaur|0 fnt\n|faint|p1a: Venusaur\n|\n|-hint|Future Sight did not hit because the target is fainted.\n|upkeep\n|inactive|Just_Jack07 has 120 seconds left.\n|\n|t:|1781393555\n|switch|p1a: Sandaconda|Sandaconda, L84, F|258/258\n|-damage|p1a: Sandaconda|215/258|[from] Spikes\n|turn|20\n|\n|t:|1781393566\n|-terastallize|p2a: Slowking|Dark\n|move|p1a: Sandaconda|Earthquake|p2a: Slowking\n|-damage|p2a: Slowking|49/300\n|move|p2a: Slowking|Surf|p1a: Sandaconda\n|-supereffective|p1a: Sandaconda\n|-damage|p1a: Sandaconda|29/258\n|\n|-heal|p1a: Sandaconda|45/258|[from] item: Leftovers\n|-damage|p2a: Slowking|12/300|[from] Leech Seed|[of] p1a: Sandaconda\n|-heal|p1a: Sandaconda|82/258|[silent]\n|upkeep\n|turn|21\n|\n|t:|1781393581\n|move|p1a: Sandaconda|Earthquake|p2a: Slowking\n|-damage|p2a: Slowking|0 fnt\n|faint|p2a: Slowking\n|\n|-heal|p1a: Sandaconda|98/258|[from] item: Leftovers\n|upkeep\n|\n|t:|1781393586\n|switch|p2a: Sylveon|Sylveon, L85, M|230/300\n|-damage|p2a: Sylveon|180/300|[from] Spikes\n|-damage|p2a: Sylveon|143/300|[from] Stealth Rock\n|turn|22\n|\n|t:|1781393593\n|move|p1a: Sandaconda|Earthquake|p2a: Sylveon\n|-damage|p2a: Sylveon|10/300\n|move|p2a: Sylveon|Hyper Voice|p1a: Sandaconda\n|-damage|p1a: Sandaconda|0 fnt\n|faint|p1a: Sandaconda\n|\n|-heal|p2a: Sylveon|28/300|[from] item: Leftovers\n|upkeep\n|\n|t:|1781393614\n|switch|p1a: Glimmora|Glimmora, L75, F|248/248\n|turn|23\n|inactive|Just_Jack07 has 120 seconds left.\n|\n|t:|1781393634\n|move|p2a: Sylveon|Protect|p2a: Sylveon\n|-singleturn|p2a: Sylveon|Protect\n|move|p1a: Glimmora|Mortal Spin|p2a: Sylveon\n|-activate|p2a: Sylveon|move: Protect\n|\n|-heal|p2a: Sylveon|46/300|[from] item: Leftovers\n|upkeep\n|turn|24\n|inactive|Just_Jack07 has 120 seconds left.\n|\n|t:|1781393641\n|move|p1a: Glimmora|Mortal Spin|p2a: Sylveon\n|-supereffective|p2a: Sylveon\n|-damage|p2a: Sylveon|2/300\n|-status|p2a: Sylveon|psn\n|-sideend|p1: Just_Jack07|Spikes|[from] move: Mortal Spin|[of] p1a: Glimmora\n|move|p2a: Sylveon|Wish|p2a: Sylveon\n|\n|-heal|p2a: Sylveon|20/300 psn|[from] item: Leftovers\n|-damage|p2a: Sylveon|0 fnt|[from] psn\n|faint|p2a: Sylveon\n|upkeep\n|\n|t:|1781393647\n|switch|p2a: Alcremie|Alcremie-Matcha-Cream, L90, F|263/263\n|-damage|p2a: Alcremie|220/263|[from] Spikes\n|-damage|p2a: Alcremie|188/263|[from] Stealth Rock\n|turn|25\n|\n|t:|1781393655\n|move|p1a: Glimmora|Mortal Spin|p2a: Alcremie\n|-supereffective|p2a: Alcremie\n|-damage|p2a: Alcremie|152/263\n|-status|p2a: Alcremie|psn\n|move|p2a: Alcremie|Psyshock|p1a: Glimmora\n|-supereffective|p1a: Glimmora\n|-damage|p1a: Glimmora|102/248\n|\n|-heal|p2a: Alcremie|263/263 psn|[from] move: Wish|[wisher] Sylveon\n|-damage|p2a: Alcremie|231/263 psn|[from] psn\n|upkeep\n|turn|26\n|\n|t:|1781393673\n|-terastallize|p1a: Glimmora|Ground\n|move|p1a: Glimmora|Sludge Wave|p2a: Alcremie\n|-supereffective|p2a: Alcremie\n|-damage|p2a: Alcremie|85/263 psn\n|move|p2a: Alcremie|Psyshock|p1a: Glimmora\n|-damage|p1a: Glimmora|21/248\n|\n|-heal|p2a: Alcremie|101/263 psn|[from] item: Leftovers\n|-damage|p2a: Alcremie|69/263 psn|[from] psn\n|upkeep\n|turn|27\n|\n|t:|1781393682\n|move|p1a: Glimmora|Sludge Wave|p2a: Alcremie\n|-supereffective|p2a: Alcremie\n|-crit|p2a: Alcremie\n|-damage|p2a: Alcremie|0 fnt\n|faint|p2a: Alcremie\n|\n|win|Just_Jack07\n|raw|Just_Jack07's rating: 1407 &rarr; <strong>1425</strong><br />(+18 for winning)\n|raw|PhoneGuyRalph's rating: 1375 &rarr; <strong>1357</strong><br />(-18 for losing)\n", "inputlog": ">version a8376a258c1d4662feba110a92103f3664a72141\n>start {\"formatid\":\"gen9randombattle\",\"seed\":\"sodium,372f24dfe0e761e28d286f43b4001f39\",\"rated\":\"Rated battle\"}\n>player p1 {\"name\":\"Just_Jack07\",\"avatar\":\"2\",\"rating\":1407,\"seed\":\"sodium,5b8a41027746687da1fe91054d1a9ace\"}\n>player p2 {\"name\":\"PhoneGuyRalph\",\"avatar\":\"101\",\"rating\":1375,\"seed\":\"sodium,022b5e6704137f51995e5fd1562a188c\"}\n>p1 move agility\n>p2 switch 3\n>p1 move heatwave\n>p2 move icebeam\n>p1 move heatwave\n>p2 move rest\n>p1 move heatwave\n>p2 move sleeptalk\n>p1 switch 4\n>p1 move spikes\n>p2 move sleeptalk\n>p1 move spikes\n>p2 move thunderbolt\n>p1 move poltergeist\n>p2 move thunderbolt\n>p1 move poltergeist\n>p2 move rest\n>p2 switch 6\n>p1 move destinybond\n>p2 move discharge\n>p1 switch 2\n>p2 switch 5\n>p1 move stealthrock\n>p2 move spikes\n>p1 move earthquake\n>p2 move spikes\n>p1 move earthquake\n>p2 move toxicspikes\n>p2 switch 3\n>p1 switch 3\n>p2 move calmmind\n>p1 move leechseed\n>p2 move protect\n>p1 move leechseed\n>p2 move wish\n>p1 move substitute\n>p2 switch 2\n>p1 move leechseed\n>p2 move futuresight\n>p1 move sludgebomb\n>p2 move psychicnoise\n>p1 move sludgebomb\n>p2 move psychicnoise\n>p1 switch 3\n>p1 move earthquake\n>p2 move surf terastallize\n>p1 move earthquake\n>p2 move surf\n>p2 switch 2\n>p1 move earthquake\n>p2 move hypervoice\n>p1 switch 5\n>p1 move mortalspin\n>p2 move protect\n>p1 move mortalspin\n>p2 move wish\n>p2 switch 4\n>p1 move mortalspin\n>p2 move psyshock\n>p1 move sludgewave terastallize\n>p2 move psyshock\n>p1 move sludgewave\n>p2 move alluringvoice", "uploadtime": 1781393688, "views": 3, "formatid": "gen9randombattle", "rating": 1357, "private": 0, "password": null}