{"id": "gen9randombattle-2631821286", "format": "[Gen 9] Random Battle", "players": ["Elysia_773", "duuhhao"], "log": "|j|\u2606Elysia_773\n|j|\u2606duuhhao\n|t:|1781444423\n|gametype|singles\n|player|p1|Elysia_773|miku-flying|2075\n|player|p2|duuhhao|clair|2201\n|gen|9\n|tier|[Gen 9] Random Battle\n|rated|\n|rule|Species Clause: Limit one of each Pok\u00e9mon\n|rule|HP Percentage Mod: HP is shown in percentages\n|rule|Sleep Clause Mod: Limit one foe put to sleep\n|rule|Illusion Level Mod: Illusion disguises the Pok\u00e9mon's true level\n|\n|t:|1781444423\n|teamsize|p1|6\n|teamsize|p2|6\n|start\n|switch|p1a: Hitmonchan|Hitmonchan, L87, M|229/229\n|switch|p2a: Regieleki|Regieleki, L79|256/256\n|turn|1\n|inactive|Battle timer is ON: inactive players will automatically lose when time's up. (requested by Elysia_773)\n|\n|t:|1781444428\n|move|p2a: Regieleki|Volt Switch|p1a: Hitmonchan\n|-damage|p1a: Hitmonchan|144/229\n|\n|t:|1781444430\n|switch|p2a: Vespiquen|Vespiquen, L99, F|299/299|[from] Volt Switch\n|-ability|p2a: Vespiquen|Pressure\n|move|p1a: Hitmonchan|Knock Off|p2a: Vespiquen\n|-damage|p2a: Vespiquen|244/299\n|-enditem|p2a: Vespiquen|Heavy-Duty Boots|[from] move: Knock Off|[of] p1a: Hitmonchan\n|\n|-heal|p1a: Hitmonchan|158/229|[from] item: Leftovers\n|upkeep\n|turn|2\n|\n|t:|1781444443\n|switch|p1a: Regice|Regice, L88|284/284\n|move|p2a: Vespiquen|Hurricane|p1a: Regice\n|-damage|p1a: Regice|220/284\n|\n|upkeep\n|turn|3\n|\n|t:|1781444451\n|switch|p2a: Reuniclus|Reuniclus, L88, F|337/337\n|move|p1a: Regice|Thunder Wave|p2a: Reuniclus\n|-status|p2a: Reuniclus|par\n|\n|upkeep\n|turn|4\n|\n|t:|1781444459\n|switch|p1a: Hitmonchan|Hitmonchan, L87, M|158/229\n|move|p2a: Reuniclus|Psyshock|p1a: Hitmonchan\n|-supereffective|p1a: Hitmonchan\n|-damage|p1a: Hitmonchan|0 fnt\n|faint|p1a: Hitmonchan\n|\n|upkeep\n|\n|t:|1781444462\n|switch|p1a: Iron Leaves|Iron Leaves, L80|275/275\n|turn|5\n|\n|t:|1781444469\n|switch|p2a: Vespiquen|Vespiquen, L99, F|244/299\n|-ability|p2a: Vespiquen|Pressure\n|move|p1a: Iron Leaves|Psyblade|p2a: Vespiquen\n|-damage|p2a: Vespiquen|129/299\n|\n|upkeep\n|turn|6\n|\n|t:|1781444477\n|move|p1a: Iron Leaves|Psyblade|p2a: Vespiquen\n|-damage|p2a: Vespiquen|24/299\n|move|p2a: Vespiquen|Roost|p2a: Vespiquen\n|-heal|p2a: Vespiquen|174/299\n|-singleturn|p2a: Vespiquen|move: Roost\n|\n|upkeep\n|turn|7\n|\n|t:|1781444481\n|move|p1a: Iron Leaves|Psyblade|p2a: Vespiquen\n|-damage|p2a: Vespiquen|68/299\n|move|p2a: Vespiquen|U-turn|p1a: Iron Leaves\n|-supereffective|p1a: Iron Leaves\n|-damage|p1a: Iron Leaves|0 fnt\n|faint|p1a: Iron Leaves\n|-end|p1a: Iron Leaves|Quark Drive|[silent]\n|\n|t:|1781444488\n|switch|p2a: Regieleki|Regieleki, L79|256/256|[from] U-turn\n|\n|upkeep\n|\n|t:|1781444492\n|switch|p1a: Regice|Regice, L88|220/284\n|turn|8\n|\n|t:|1781444495\n|move|p2a: Regieleki|Volt Switch|p1a: Regice\n|-damage|p1a: Regice|168/284\n|\n|t:|1781444502\n|switch|p2a: Hitmontop|Hitmontop, L88, M|231/231|[from] Volt Switch\n|move|p1a: Regice|Ice Beam|p2a: Hitmontop\n|-damage|p2a: Hitmontop|150/231\n|\n|-heal|p2a: Hitmontop|164/231|[from] item: Leftovers\n|upkeep\n|turn|9\n|\n|t:|1781444507\n|switch|p1a: Vivillon|Vivillon-Modern, L83, M|268/268\n|move|p2a: Hitmontop|Close Combat|p1a: Vivillon\n|-resisted|p1a: Vivillon\n|-crit|p1a: Vivillon\n|-damage|p1a: Vivillon|193/268\n|-unboost|p2a: Hitmontop|def|1\n|-unboost|p2a: Hitmontop|spd|1\n|\n|-heal|p2a: Hitmontop|178/231|[from] item: Leftovers\n|upkeep\n|turn|10\n|\n|t:|1781444515\n|move|p1a: Vivillon|Sleep Powder|p2a: Hitmontop\n|-status|p2a: Hitmontop|slp|[from] move: Sleep Powder\n|cant|p2a: Hitmontop|slp\n|\n|-heal|p2a: Hitmontop|192/231 slp|[from] item: Leftovers\n|upkeep\n|turn|11\n|\n|t:|1781444519\n|switch|p2a: Regieleki|Regieleki, L79|256/256\n|move|p1a: Vivillon|Quiver Dance|p1a: Vivillon\n|-boost|p1a: Vivillon|spa|1\n|-boost|p1a: Vivillon|spd|1\n|-boost|p1a: Vivillon|spe|1\n|\n|upkeep\n|turn|12\n|\n|t:|1781444522\n|-terastallize|p1a: Vivillon|Ground\n|move|p2a: Regieleki|Explosion|p1a: Vivillon\n|-damage|p1a: Vivillon|0 fnt\n|faint|p2a: Regieleki\n|faint|p1a: Vivillon\n|\n|upkeep\n|-message|Elysia_773 forfeited.\n|\n|win|duuhhao\n", "inputlog": ">version a8376a258c1d4662feba110a92103f3664a72141\n>start {\"formatid\":\"gen9randombattle\",\"seed\":\"sodium,a17afac6ac910f37b064715a09d9a37b\",\"rated\":\"Rated battle\"}\n>player p1 {\"name\":\"Elysia_773\",\"avatar\":\"miku-flying\",\"rating\":2075,\"seed\":\"sodium,ea702e52407669a1ef128ad1441c42a9\"}\n>player p2 {\"name\":\"duuhhao\",\"avatar\":\"clair\",\"rating\":2201,\"seed\":\"sodium,b947efd0a1eb017fefc86bcbc77f6423\"}\n>p1 move knockoff\n>p2 move voltswitch\n>p2 switch 4\n>p1 switch 4\n>p2 move hurricane\n>p1 move thunderwave\n>p2 switch 5\n>p1 switch 4\n>p2 move psyshock\n>p1 switch 2\n>p1 move psyblade\n>p2 switch 5\n>p1 move psyblade\n>p2 move roost\n>p1 move psyblade\n>p2 move uturn\n>p2 switch 4\n>p1 switch 4\n>p1 move icebeam\n>p2 move voltswitch\n>p2 switch 2\n>p1 switch 3\n>p2 move closecombat\n>p1 move sleeppowder\n>p2 move tripleaxel\n>p1 move quiverdance\n>p2 switch 2\n>p1 move terablast terastallize\n>p2 move explosion\n>forcelose p1", "uploadtime": 1781444424, "views": 4, "formatid": "gen9randombattle", "rating": null, "private": 0, "password": null}