{"id": "gen9randombattle-2631762142", "format": "[Gen 9] Random Battle", "players": ["Barniekiller42064", "pagenfranskane"], "log": "|j|\u2606Barniekiller42064\n|j|\u2606pagenfranskane\n|t:|1781435608\n|gametype|singles\n|player|p1|Barniekiller42064|crasherwake|1975\n|player|p2|pagenfranskane|battlegirl|1960\n|gen|9\n|tier|[Gen 9] Random Battle\n|rated|\n|rule|Species Clause: Limit one of each Pok\u00e9mon\n|rule|HP Percentage Mod: HP is shown in percentages\n|rule|Sleep Clause Mod: Limit one foe put to sleep\n|rule|Illusion Level Mod: Illusion disguises the Pok\u00e9mon's true level\n|\n|t:|1781435608\n|teamsize|p1|6\n|teamsize|p2|6\n|start\n|switch|p1a: Kyurem|Kyurem, L77|319/319\n|switch|p2a: Lanturn|Lanturn, L89, F|367/367\n|-ability|p1a: Kyurem|Pressure\n|turn|1\n|inactive|Battle timer is ON: inactive players will automatically lose when time's up. (requested by Barniekiller42064)\n|\n|t:|1781435617\n|switch|p1a: Gurdurr|Gurdurr, L85, M|283/283\n|move|p2a: Lanturn|Thunder Wave|p1a: Gurdurr\n|-status|p1a: Gurdurr|par\n|\n|upkeep\n|turn|2\n|\n|t:|1781435626\n|move|p2a: Lanturn|Volt Switch|p1a: Gurdurr\n|-damage|p1a: Gurdurr|217/283 par\n|\n|t:|1781435628\n|switch|p2a: Palossand|Palossand, L89, M|296/296|[from] Volt Switch\n|move|p1a: Gurdurr|Knock Off|p2a: Palossand\n|-supereffective|p2a: Palossand\n|-damage|p2a: Palossand|130/296\n|-enditem|p2a: Palossand|Leftovers|[from] move: Knock Off|[of] p1a: Gurdurr\n|\n|upkeep\n|turn|3\n|\n|t:|1781435633\n|switch|p1a: Feraligatr|Feraligatr, L79, F|264/264\n|move|p2a: Palossand|Shore Up|p2a: Palossand\n|-heal|p2a: Palossand|278/296\n|\n|upkeep\n|turn|4\n|\n|t:|1781435639\n|move|p1a: Feraligatr|Dragon Dance|p1a: Feraligatr\n|-boost|p1a: Feraligatr|atk|1\n|-boost|p1a: Feraligatr|spe|1\n|move|p2a: Palossand|Earth Power|p1a: Feraligatr\n|-damage|p1a: Feraligatr|132/264\n|\n|upkeep\n|turn|5\n|\n|t:|1781435643\n|move|p1a: Feraligatr|Liquidation|p2a: Palossand\n|-supereffective|p2a: Palossand\n|-damage|p2a: Palossand|0 fnt\n|faint|p2a: Palossand\n|\n|upkeep\n|\n|t:|1781435652\n|switch|p2a: Klefki|Klefki, L84, M|233/233\n|turn|6\n|\n|t:|1781435665\n|move|p2a: Klefki|Thunder Wave|p1a: Feraligatr\n|-status|p1a: Feraligatr|par\n|move|p1a: Feraligatr|Liquidation|p2a: Klefki\n|-damage|p2a: Klefki|29/233\n|\n|-heal|p2a: Klefki|43/233|[from] item: Leftovers\n|upkeep\n|turn|7\n|\n|t:|1781435675\n|move|p2a: Klefki|Foul Play|p1a: Feraligatr\n|-damage|p1a: Feraligatr|30/264 par\n|move|p1a: Feraligatr|Liquidation|p2a: Klefki\n|-damage|p2a: Klefki|0 fnt\n|faint|p2a: Klefki\n|\n|upkeep\n|\n|t:|1781435680\n|switch|p2a: Morpeko|Morpeko, L88, M|245/245\n|turn|8\n|\n|t:|1781435682\n|move|p2a: Morpeko|Aura Wheel|p1a: Feraligatr\n|-supereffective|p1a: Feraligatr\n|-damage|p1a: Feraligatr|0 fnt\n|-boost|p2a: Morpeko|spe|1\n|faint|p1a: Feraligatr\n|\n|-formechange|p2a: Morpeko|Morpeko-Hangry||[from] ability: Hunger Switch\n|upkeep\n|\n|t:|1781435686\n|switch|p1a: Dugtrio|Dugtrio-Alola, L84, M|196/196\n|turn|9\n|\n|t:|1781435690\n|move|p2a: Morpeko|Parting Shot|p1a: Dugtrio\n|-unboost|p1a: Dugtrio|atk|1\n|-unboost|p1a: Dugtrio|spa|1\n|\n|t:|1781435691\n|switch|p2a: Crawdaunt|Crawdaunt, L84, M|243/243|[from] Parting Shot\n|move|p1a: Dugtrio|Earthquake|p2a: Crawdaunt\n|-damage|p2a: Crawdaunt|144/243\n|-damage|p1a: Dugtrio|177/196|[from] item: Life Orb\n|\n|upkeep\n|turn|10\n|\n|t:|1781435698\n|switch|p1a: Gurdurr|Gurdurr, L85, M|217/283 par\n|move|p2a: Crawdaunt|Dragon Dance|p2a: Crawdaunt\n|-boost|p2a: Crawdaunt|atk|1\n|-boost|p2a: Crawdaunt|spe|1\n|\n|upkeep\n|turn|11\n|\n|t:|1781435704\n|move|p1a: Gurdurr|Mach Punch|p2a: Crawdaunt\n|-supereffective|p2a: Crawdaunt\n|-damage|p2a: Crawdaunt|6/243\n|move|p2a: Crawdaunt|Crabhammer|p1a: Gurdurr\n|-damage|p1a: Gurdurr|12/283 par\n|-damage|p2a: Crawdaunt|0 fnt|[from] item: Life Orb\n|faint|p2a: Crawdaunt\n|\n|upkeep\n|\n|t:|1781435708\n|switch|p2a: Morpeko|Morpeko, L88, M|245/245\n|turn|12\n|\n|t:|1781435712\n|move|p1a: Gurdurr|Mach Punch|p2a: Morpeko\n|-supereffective|p2a: Morpeko\n|-crit|p2a: Morpeko\n|-damage|p2a: Morpeko|0 fnt\n|faint|p2a: Morpeko\n|\n|upkeep\n|\n|t:|1781435714\n|switch|p2a: Lanturn|Lanturn, L89, F|367/367\n|turn|13\n|-message|pagenfranskane forfeited.\n|\n|win|Barniekiller42064\n", "inputlog": ">version a8376a258c1d4662feba110a92103f3664a72141\n>start {\"formatid\":\"gen9randombattle\",\"seed\":\"sodium,723a229dffae7f3768cab47705ba715c\",\"rated\":\"Rated battle\"}\n>player p1 {\"name\":\"Barniekiller42064\",\"avatar\":\"crasherwake\",\"rating\":1975,\"seed\":\"sodium,7ff33f855b3e9d06b3ba8abead108bb1\"}\n>player p2 {\"name\":\"pagenfranskane\",\"avatar\":\"battlegirl\",\"rating\":1960,\"seed\":\"sodium,d71299b18448dc5c648bed1e9382c096\"}\n>p1 switch 4\n>p2 move thunderwave\n>p1 move knockoff\n>p2 move voltswitch\n>p2 switch 3\n>p1 switch 5\n>p2 move shoreup\n>p1 move dragondance\n>p2 move earthpower\n>p1 move liquidation\n>p2 move earthpower\n>p2 switch 4\n>p1 move liquidation\n>p2 move thunderwave\n>p1 move liquidation\n>p2 move foulplay\n>p2 switch 2\n>p1 move liquidation\n>p2 move aurawheel\n>p1 switch 2\n>p1 move earthquake\n>p2 move partingshot\n>p2 switch 6\n>p1 switch 5\n>p2 move dragondance\n>p1 move machpunch\n>p2 move crabhammer\n>p2 switch 6\n>p1 move machpunch\n>p2 move aurawheel\n>p2 switch 3\n>forcelose p2", "uploadtime": 1781435609, "views": 8, "formatid": "gen9randombattle", "rating": null, "private": 0, "password": null}