{"id": "gen9randombattle-2631820778", "format": "[Gen 9] Random Battle", "players": ["ZannaBianca99", "kapersthekrap"], "log": "|j|\u2606ZannaBianca99\n|j|\u2606kapersthekrap\n|t:|1781444359\n|gametype|singles\n|player|p1|ZannaBianca99|102|2112\n|player|p2|kapersthekrap|alder|2172\n|gen|9\n|tier|[Gen 9] Random Battle\n|rated|\n|rule|Species Clause: Limit one of each Pok\u00e9mon\n|rule|HP Percentage Mod: HP is shown in percentages\n|rule|Sleep Clause Mod: Limit one foe put to sleep\n|rule|Illusion Level Mod: Illusion disguises the Pok\u00e9mon's true level\n|\n|t:|1781444359\n|teamsize|p1|6\n|teamsize|p2|6\n|start\n|switch|p1a: Zangoose|Zangoose, L85, M|263/263\n|switch|p2a: Plusle|Plusle, L95, M|268/268\n|turn|1\n|inactive|Battle timer is ON: inactive players will automatically lose when time's up. (requested by kapersthekrap)\n|\n|t:|1781444372\n|switch|p1a: Eelektross|Eelektross, L87, F|290/290\n|move|p2a: Plusle|Thunderbolt|p1a: Eelektross\n|-resisted|p1a: Eelektross\n|-damage|p1a: Eelektross|239/290\n|-damage|p2a: Plusle|242/268|[from] item: Life Orb\n|\n|upkeep\n|turn|2\n|j| daiel08\n|\n|t:|1781444395\n|move|p2a: Plusle|Nasty Plot|p2a: Plusle\n|-boost|p2a: Plusle|spa|2\n|move|p1a: Eelektross|Knock Off|p2a: Plusle\n|-damage|p2a: Plusle|116/268\n|-enditem|p2a: Plusle|Life Orb|[from] move: Knock Off|[of] p1a: Eelektross\n|\n|upkeep\n|turn|3\n|\n|t:|1781444399\n|move|p2a: Plusle|Nasty Plot|p2a: Plusle\n|-boost|p2a: Plusle|spa|2\n|move|p1a: Eelektross|U-turn|p2a: Plusle\n|-damage|p2a: Plusle|21/268\n|\n|t:|1781444404\n|switch|p1a: Zangoose|Zangoose, L85, M|263/263|[from] U-turn\n|\n|-status|p1a: Zangoose|tox|[from] item: Toxic Orb\n|upkeep\n|turn|4\n|\n|t:|1781444411\n|move|p1a: Zangoose|Quick Attack|p2a: Plusle\n|-damage|p2a: Plusle|0 fnt\n|faint|p2a: Plusle\n|\n|-damage|p1a: Zangoose|247/263 tox|[from] psn\n|upkeep\n|c|\u2606kapersthekrap|gg\n|c|\u2606kapersthekrap|my team sucks lol\n|\n|t:|1781444437\n|switch|p2a: Raichu|Raichu, L88, F|249/249\n|turn|5\n|c|\u2606ZannaBianca99|gotta love randbats lol\n|inactive|ZannaBianca99 has 120 seconds left.\n|\n|t:|1781444469\n|switch|p1a: Eelektross|Eelektross, L87, F|239/290\n|move|p2a: Raichu|Thunderbolt|p1a: Eelektross\n|-resisted|p1a: Eelektross\n|-damage|p1a: Eelektross|195/290\n|-damage|p2a: Raichu|225/249|[from] item: Life Orb\n|\n|upkeep\n|turn|6\n|\n|t:|1781444480\n|switch|p2a: Porygon2|Porygon2, L81|270/270\n|-ability|p2a: Porygon2|Download|boost\n|-boost|p2a: Porygon2|spa|1\n|move|p1a: Eelektross|Knock Off|p2a: Porygon2\n|-damage|p2a: Porygon2|213/270\n|-enditem|p2a: Porygon2|Eviolite|[from] move: Knock Off|[of] p1a: Eelektross\n|\n|upkeep\n|turn|7\n|\n|t:|1781444485\n|move|p2a: Porygon2|Tri Attack|p1a: Eelektross\n|-damage|p1a: Eelektross|105/290\n|move|p1a: Eelektross|Dragon Tail|p2a: Porygon2\n|-damage|p2a: Porygon2|155/270\n|drag|p2a: Latios|Latios, L78, M|253/253\n|\n|upkeep\n|turn|8\n|\n|t:|1781444491\n|switch|p1a: Scizor|Scizor, L79, M|240/240\n|move|p2a: Latios|Psyshock|p1a: Scizor\n|-resisted|p1a: Scizor\n|-damage|p1a: Scizor|189/240\n|\n|-heal|p1a: Scizor|204/240|[from] item: Leftovers\n|upkeep\n|turn|9\n|\n|t:|1781444509\n|switch|p2a: Noctowl|Noctowl, L95, M|344/344\n|move|p1a: Scizor|U-turn|p2a: Noctowl\n|-resisted|p2a: Noctowl\n|-damage|p2a: Noctowl|291/344\n|\n|t:|1781444518\n|switch|p1a: Eelektross|Eelektross, L87, F|105/290|[from] U-turn\n|\n|upkeep\n|turn|10\n|\n|t:|1781444525\n|move|p2a: Noctowl|Hurricane|p1a: Eelektross|[miss]\n|-miss|p2a: Noctowl|p1a: Eelektross\n|move|p1a: Eelektross|Discharge|p2a: Noctowl\n|-supereffective|p2a: Noctowl\n|-damage|p2a: Noctowl|135/344\n|\n|upkeep\n|turn|11\n|\n|t:|1781444529\n|move|p2a: Noctowl|Hurricane|p1a: Eelektross\n|-resisted|p1a: Eelektross\n|-damage|p1a: Eelektross|15/290\n|move|p1a: Eelektross|U-turn|p2a: Noctowl\n|-resisted|p2a: Noctowl\n|-damage|p2a: Noctowl|98/344\n|\n|t:|1781444537\n|switch|p1a: Zangoose|Zangoose, L85, M|247/263 tox|[from] U-turn\n|\n|-damage|p1a: Zangoose|231/263 tox|[from] psn\n|upkeep\n|turn|12\n|\n|t:|1781444543\n|move|p1a: Zangoose|Facade|p2a: Noctowl\n|-damage|p2a: Noctowl|0 fnt\n|faint|p2a: Noctowl\n|\n|-damage|p1a: Zangoose|199/263 tox|[from] psn\n|upkeep\n|\n|t:|1781444545\n|switch|p2a: Raichu|Raichu, L88, F|225/249\n|turn|13\n|\n|t:|1781444548\n|switch|p1a: Eelektross|Eelektross, L87, F|15/290\n|move|p2a: Raichu|Thunderbolt|p1a: Eelektross\n|-resisted|p1a: Eelektross\n|-damage|p1a: Eelektross|0 fnt\n|faint|p1a: Eelektross\n|-damage|p2a: Raichu|201/249|[from] item: Life Orb\n|\n|upkeep\n|\n|t:|1781444552\n|switch|p1a: Scrafty|Scrafty, L83, M|244/244\n|-ability|p1a: Scrafty|Intimidate|boost\n|-unboost|p2a: Raichu|atk|1\n|turn|14\n|\n|t:|1781444560\n|move|p2a: Raichu|Alluring Voice|p1a: Scrafty\n|-supereffective|p1a: Scrafty\n|-damage|p1a: Scrafty|0 fnt\n|faint|p1a: Scrafty\n|-damage|p2a: Raichu|177/249|[from] item: Life Orb\n|\n|upkeep\n|\n|t:|1781444565\n|switch|p1a: Sawsbuck|Sawsbuck-Summer, L88, F|284/284\n|turn|15\n|\n|t:|1781444568\n|switch|p2a: Porygon2|Porygon2, L81|155/270\n|-ability|p2a: Porygon2|Download|boost\n|-boost|p2a: Porygon2|spa|1\n|move|p1a: Sawsbuck|Headbutt|p2a: Porygon2\n|-crit|p2a: Porygon2\n|-damage|p2a: Porygon2|0 fnt\n|faint|p2a: Porygon2\n|-damage|p1a: Sawsbuck|256/284|[from] item: Life Orb\n|\n|upkeep\n|\n|t:|1781444577\n|switch|p2a: Oricorio|Oricorio, L84, F|263/263\n|turn|16\n|\n|t:|1781444587\n|switch|p1a: Zangoose|Zangoose, L85, M|199/263 tox\n|move|p2a: Oricorio|Quiver Dance|p2a: Oricorio\n|-boost|p2a: Oricorio|spa|1\n|-boost|p2a: Oricorio|spd|1\n|-boost|p2a: Oricorio|spe|1\n|\n|-damage|p1a: Zangoose|183/263 tox|[from] psn\n|upkeep\n|turn|17\n|\n|t:|1781444591\n|move|p2a: Oricorio|Revelation Dance|p1a: Zangoose\n|-damage|p1a: Zangoose|12/263 tox\n|move|p1a: Zangoose|Facade|p2a: Oricorio\n|-crit|p2a: Oricorio\n|-damage|p2a: Oricorio|0 fnt\n|faint|p2a: Oricorio\n|\n|-damage|p1a: Zangoose|0 fnt|[from] psn\n|faint|p1a: Zangoose\n|upkeep\n|\n|t:|1781444604\n|switch|p2a: Latios|Latios, L78, M|253/253\n|switch|p1a: Scizor|Scizor, L79, M|204/240\n|turn|18\n|\n|t:|1781444612\n|-terastallize|p2a: Latios|Steel\n|move|p2a: Latios|Calm Mind|p2a: Latios\n|-boost|p2a: Latios|spa|1\n|-boost|p2a: Latios|spd|1\n|move|p1a: Scizor|U-turn|p2a: Latios\n|-resisted|p2a: Latios\n|-damage|p2a: Latios|207/253\n|\n|t:|1781444622\n|switch|p1a: Lunala|Lunala, L70|308/308|[from] U-turn\n|\n|upkeep\n|turn|19\n|\n|t:|1781444633\n|move|p2a: Latios|Calm Mind|p2a: Latios\n|-boost|p2a: Latios|spa|1\n|-boost|p2a: Latios|spd|1\n|move|p1a: Lunala|Calm Mind|p1a: Lunala\n|-boost|p1a: Lunala|spa|1\n|-boost|p1a: Lunala|spd|1\n|\n|upkeep\n|turn|20\n|\n|t:|1781444635\n|move|p2a: Latios|Calm Mind|p2a: Latios\n|-boost|p2a: Latios|spa|1\n|-boost|p2a: Latios|spd|1\n|move|p1a: Lunala|Calm Mind|p1a: Lunala\n|-boost|p1a: Lunala|spa|1\n|-boost|p1a: Lunala|spd|1\n|\n|upkeep\n|turn|21\n|j| brianfut\n|\n|t:|1781444644\n|move|p2a: Latios|Calm Mind|p2a: Latios\n|-boost|p2a: Latios|spa|1\n|-boost|p2a: Latios|spd|1\n|move|p1a: Lunala|Moongeist Beam|p2a: Latios\n|-damage|p2a: Latios|143/253\n|\n|upkeep\n|turn|22\n|\n|t:|1781444652\n|switch|p1a: Scizor|Scizor, L79, M|204/240\n|move|p2a: Latios|Psyshock|p1a: Scizor\n|-resisted|p1a: Scizor\n|-damage|p1a: Scizor|56/240\n|\n|-heal|p1a: Scizor|71/240|[from] item: Leftovers\n|upkeep\n|turn|23\n|\n|t:|1781444658\n|move|p1a: Scizor|Bullet Punch|p2a: Latios\n|-resisted|p2a: Latios\n|-damage|p2a: Latios|102/253\n|move|p2a: Latios|Psyshock|p1a: Scizor\n|-resisted|p1a: Scizor\n|-damage|p1a: Scizor|0 fnt\n|faint|p1a: Scizor\n|\n|upkeep\n|\n|t:|1781444664\n|switch|p1a: Sawsbuck|Sawsbuck-Summer, L88, F|256/284\n|turn|24\n|\n|t:|1781444669\n|-terastallize|p1a: Sawsbuck|Normal\n|move|p2a: Latios|Psyshock|p1a: Sawsbuck\n|-damage|p1a: Sawsbuck|0 fnt\n|faint|p1a: Sawsbuck\n|\n|upkeep\n|\n|t:|1781444672\n|switch|p1a: Lunala|Lunala, L70|308/308\n|turn|25\n|\n|t:|1781444676\n|move|p2a: Latios|Recover|p2a: Latios\n|-heal|p2a: Latios|229/253\n|move|p1a: Lunala|Calm Mind|p1a: Lunala\n|-boost|p1a: Lunala|spa|1\n|-boost|p1a: Lunala|spd|1\n|\n|upkeep\n|turn|26\n|\n|t:|1781444678\n|move|p2a: Latios|Psyshock|p1a: Lunala\n|-resisted|p1a: Lunala\n|-damage|p1a: Lunala|205/308\n|move|p1a: Lunala|Calm Mind|p1a: Lunala\n|-boost|p1a: Lunala|spa|1\n|-boost|p1a: Lunala|spd|1\n|\n|-heal|p1a: Lunala|224/308|[from] item: Leftovers\n|upkeep\n|turn|27\n|\n|t:|1781444685\n|move|p2a: Latios|Psyshock|p1a: Lunala\n|-resisted|p1a: Lunala\n|-damage|p1a: Lunala|43/308\n|move|p1a: Lunala|Moongeist Beam|p2a: Latios\n|-damage|p2a: Latios|172/253\n|\n|-heal|p1a: Lunala|62/308|[from] item: Leftovers\n|upkeep\n|turn|28\n|c|\u2606kapersthekrap|gg\n|\n|t:|1781444690\n|move|p2a: Latios|Psyshock|p1a: Lunala\n|-resisted|p1a: Lunala\n|-damage|p1a: Lunala|0 fnt\n|faint|p1a: Lunala\n|\n|win|kapersthekrap\n", "inputlog": ">version a8376a258c1d4662feba110a92103f3664a72141\n>start {\"formatid\":\"gen9randombattle\",\"seed\":\"sodium,e152dd1f4e80c7c4de6ec7c0e8e69909\",\"rated\":\"Rated battle\"}\n>player p1 {\"name\":\"ZannaBianca99\",\"avatar\":\"102\",\"rating\":2112,\"seed\":\"sodium,eaa9e018f0413221582cb5a82529dcc4\"}\n>player p2 {\"name\":\"kapersthekrap\",\"avatar\":\"alder\",\"rating\":2172,\"seed\":\"sodium,65e0dddb53f5a36a1f8d169218468d7c\"}\n>p1 switch 4\n>p2 move thunderbolt\n>p1 move knockoff\n>p2 move nastyplot\n>p1 move uturn\n>p2 move nastyplot\n>p1 switch 4\n>p1 move quickattack\n>p2 move thunderbolt\n>chat \u2606kapersthekrap|gg\n>chat \u2606kapersthekrap|my team sucks lol\n>p2 switch 3\n>chat \u2606ZannaBianca99|gotta love randbats lol\n>p1 switch 4\n>p2 move thunderbolt\n>p1 move knockoff\n>p2 switch 4\n>p1 move dragontail\n>p2 move triattack\n>p1 switch 2\n>p2 move psyshock\n>p1 move uturn\n>p2 switch 5\n>p1 switch 2\n>p1 move discharge\n>p2 move hurricane\n>p1 move uturn\n>p2 move hurricane\n>p1 switch 4\n>p1 move facade\n>p2 move hurricane\n>p2 switch 4\n>p1 switch 4\n>p2 move thunderbolt\n>p1 switch 5\n>p1 move knockoff\n>p2 move alluringvoice\n>p1 switch 3\n>p1 move headbutt\n>p2 switch 6\n>p2 switch 2\n>p1 switch 4\n>p2 move quiverdance\n>p1 move facade\n>p2 move revelationdance\n>p1 switch 2\n>p2 switch 5\n>p1 move uturn\n>p2 move calmmind terastallize\n>p1 switch 6\n>p1 move calmmind\n>p2 move calmmind\n>p1 move calmmind\n>p2 move calmmind\n>p1 move moongeistbeam\n>p2 move calmmind\n>p1 switch 6\n>p2 move psyshock\n>p1 move bulletpunch\n>p2 move psyshock\n>p1 switch 4\n>p1 move headbutt terastallize\n>p2 move psyshock\n>p1 switch 6\n>p1 move calmmind\n>p2 move recover\n>p1 move calmmind\n>p2 move psyshock\n>p1 move moongeistbeam\n>p2 move psyshock\n>chat \u2606kapersthekrap|gg\n>p1 move moongeistbeam\n>p2 move psyshock", "uploadtime": 1781444361, "views": 5, "formatid": "gen9randombattle", "rating": null, "private": 0, "password": null}