{"id": "gen9randombattle-2631859198", "format": "[Gen 9] Random Battle", "players": ["Wigglystuff", "bimiuchiratnhieu"], "log": "|j|\u2606Wigglystuff\n|j|\u2606bimiuchiratnhieu\n|t:|1781449037\n|gametype|singles\n|player|p1|Wigglystuff|265|2040\n|player|p2|bimiuchiratnhieu|hilda|2026\n|gen|9\n|tier|[Gen 9] Random Battle\n|rated|\n|rule|Species Clause: Limit one of each Pok\u00e9mon\n|rule|HP Percentage Mod: HP is shown in percentages\n|rule|Sleep Clause Mod: Limit one foe put to sleep\n|rule|Illusion Level Mod: Illusion disguises the Pok\u00e9mon's true level\n|\n|t:|1781449037\n|teamsize|p1|6\n|teamsize|p2|6\n|start\n|switch|p1a: Skarmory|Skarmory, L80, F|235/235\n|switch|p2a: Regidrago|Regidrago, L77|435/435\n|turn|1\n|inactive|Battle timer is ON: inactive players will automatically lose when time's up. (requested by bimiuchiratnhieu)\n|\n|t:|1781449060\n|move|p2a: Regidrago|Draco Meteor|p1a: Skarmory\n|-resisted|p1a: Skarmory\n|-damage|p1a: Skarmory|133/235\n|-unboost|p2a: Regidrago|spa|2\n|move|p1a: Skarmory|Spikes|p2a: Regidrago\n|-sidestart|p2: bimiuchiratnhieu|Spikes\n|\n|-heal|p1a: Skarmory|147/235|[from] item: Leftovers\n|upkeep\n|turn|2\n|\n|t:|1781449069\n|switch|p2a: Iron Treads|Iron Treads, L77|265/265\n|-damage|p2a: Iron Treads|232/265|[from] Spikes\n|move|p1a: Skarmory|Roost|p1a: Skarmory\n|-heal|p1a: Skarmory|235/235\n|-singleturn|p1a: Skarmory|move: Roost\n|\n|upkeep\n|turn|3\n|\n|t:|1781449085\n|move|p2a: Iron Treads|Rapid Spin|p1a: Skarmory\n|-resisted|p1a: Skarmory\n|-damage|p1a: Skarmory|224/235\n|-boost|p2a: Iron Treads|spe|1\n|-sideend|p2: bimiuchiratnhieu|Spikes|[from] move: Rapid Spin|[of] p2a: Iron Treads\n|move|p1a: Skarmory|Spikes|p2a: Iron Treads\n|-sidestart|p2: bimiuchiratnhieu|Spikes\n|\n|-heal|p1a: Skarmory|235/235|[from] item: Leftovers\n|upkeep\n|turn|4\n|\n|t:|1781449095\n|move|p2a: Iron Treads|Rapid Spin|p1a: Skarmory\n|-resisted|p1a: Skarmory\n|-damage|p1a: Skarmory|222/235\n|-boost|p2a: Iron Treads|spe|1\n|-sideend|p2: bimiuchiratnhieu|Spikes|[from] move: Rapid Spin|[of] p2a: Iron Treads\n|move|p1a: Skarmory|Whirlwind|p2a: Iron Treads\n|-end|p2a: Iron Treads|Quark Drive|[silent]\n|drag|p2a: Heatran|Heatran, L79, F|273/273\n|-item|p2a: Heatran|Air Balloon\n|\n|-heal|p1a: Skarmory|235/235|[from] item: Leftovers\n|upkeep\n|turn|5\n|\n|t:|1781449107\n|switch|p1a: Komala|Komala, L88, F|258/258\n|-ability|p1a: Komala|Comatose\n|move|p2a: Heatran|Lava Plume|p1a: Komala\n|-damage|p1a: Komala|203/258\n|\n|upkeep\n|turn|6\n|\n|t:|1781449135\n|switch|p2a: Vileplume|Vileplume, L85, F|266/266\n|move|p1a: Komala|U-turn|p2a: Vileplume\n|-damage|p2a: Vileplume|197/266\n|\n|t:|1781449153\n|switch|p1a: Skarmory|Skarmory, L80, F|235/235|[from] U-turn\n|\n|-heal|p2a: Vileplume|213/266|[from] item: Leftovers\n|upkeep\n|turn|7\n|\n|t:|1781449166\n|switch|p2a: Heatran|Heatran, L79, F|273/273\n|-item|p2a: Heatran|Air Balloon\n|move|p1a: Skarmory|Brave Bird|p2a: Heatran\n|-resisted|p2a: Heatran\n|-damage|p2a: Heatran|227/273\n|-enditem|p2a: Heatran|Air Balloon\n|-damage|p1a: Skarmory|220/235|[from] Recoil\n|\n|-heal|p1a: Skarmory|234/235|[from] item: Leftovers\n|upkeep\n|turn|8\n|\n|t:|1781449181\n|switch|p1a: Komala|Komala, L88, F|203/258\n|-ability|p1a: Komala|Comatose\n|move|p2a: Heatran|Stealth Rock|p1a: Komala\n|-sidestart|p1: Wigglystuff|move: Stealth Rock\n|\n|upkeep\n|turn|9\n|\n|t:|1781449192\n|switch|p2a: Vileplume|Vileplume, L85, F|213/266\n|move|p1a: Komala|Rapid Spin|p2a: Vileplume\n|-damage|p2a: Vileplume|149/266\n|-boost|p1a: Komala|spe|1\n|-sideend|p1: Wigglystuff|Stealth Rock|[from] move: Rapid Spin|[of] p1a: Komala\n|\n|-heal|p2a: Vileplume|165/266|[from] item: Leftovers\n|upkeep\n|turn|10\n|\n|t:|1781449205\n|move|p1a: Komala|U-turn|p2a: Vileplume\n|-damage|p2a: Vileplume|101/266\n|\n|t:|1781449208\n|switch|p1a: Zebstrika|Zebstrika, L87, M|272/272|[from] U-turn\n|move|p2a: Vileplume|Strength Sap|p1a: Zebstrika\n|-ability|p1a: Zebstrika|Sap Sipper|boost\n|-boost|p1a: Zebstrika|atk|1\n|\n|-heal|p2a: Vileplume|117/266|[from] item: Leftovers\n|upkeep\n|turn|11\n|inactive|bimiuchiratnhieu has 120 seconds left.\n|\n|t:|1781449257\n|move|p1a: Zebstrika|Overheat|p2a: Vileplume\n|-supereffective|p2a: Vileplume\n|-damage|p2a: Vileplume|0 fnt\n|-unboost|p1a: Zebstrika|spa|2\n|faint|p2a: Vileplume\n|-damage|p1a: Zebstrika|245/272|[from] item: Life Orb\n|\n|upkeep\n|\n|t:|1781449266\n|switch|p2a: Iron Treads|Iron Treads, L77|232/265\n|turn|12\n|\n|t:|1781449273\n|move|p1a: Zebstrika|High Horsepower|p2a: Iron Treads\n|-supereffective|p2a: Iron Treads\n|-damage|p2a: Iron Treads|0 fnt\n|faint|p2a: Iron Treads\n|-end|p2a: Iron Treads|Quark Drive|[silent]\n|-damage|p1a: Zebstrika|218/272|[from] item: Life Orb\n|\n|upkeep\n|\n|t:|1781449285\n|switch|p2a: Regidrago|Regidrago, L77|435/435\n|turn|13\n|\n|t:|1781449294\n|switch|p1a: Skarmory|Skarmory, L80, F|234/235\n|move|p2a: Regidrago|Dragon Dance|p2a: Regidrago\n|-boost|p2a: Regidrago|atk|1\n|-boost|p2a: Regidrago|spe|1\n|\n|-heal|p1a: Skarmory|235/235|[from] item: Leftovers\n|upkeep\n|turn|14\n|inactive|bimiuchiratnhieu has 120 seconds left.\n|\n|t:|1781449308\n|move|p2a: Regidrago|Draco Meteor|p1a: Skarmory|[miss]\n|-miss|p2a: Regidrago|p1a: Skarmory\n|move|p1a: Skarmory|Whirlwind|p2a: Regidrago\n|drag|p2a: Dedenne|Dedenne, L88, F|261/261\n|\n|upkeep\n|turn|15\n|\n|t:|1781449316\n|move|p2a: Dedenne|Thunderbolt|p1a: Skarmory\n|-supereffective|p1a: Skarmory\n|-damage|p1a: Skarmory|25/235\n|move|p1a: Skarmory|Spikes|p2a: Dedenne\n|-sidestart|p2: bimiuchiratnhieu|Spikes\n|\n|-heal|p1a: Skarmory|39/235|[from] item: Leftovers\n|upkeep\n|turn|16\n|\n|t:|1781449326\n|switch|p1a: Komala|Komala, L88, F|203/258\n|-ability|p1a: Komala|Comatose\n|move|p2a: Dedenne|Thunderbolt|p1a: Komala\n|-damage|p1a: Komala|142/258\n|\n|upkeep\n|turn|17\n|\n|t:|1781449335\n|move|p2a: Dedenne|Thunderbolt|p1a: Komala\n|-damage|p1a: Komala|91/258\n|move|p1a: Komala|Knock Off|p2a: Dedenne\n|-resisted|p2a: Dedenne\n|-damage|p2a: Dedenne|210/261\n|-enditem|p2a: Dedenne|Sitrus Berry|[from] move: Knock Off|[of] p1a: Komala\n|\n|upkeep\n|turn|18\n|\n|t:|1781449357\n|move|p2a: Dedenne|Thunderbolt|p1a: Komala\n|-damage|p1a: Komala|36/258\n|move|p1a: Komala|U-turn|p2a: Dedenne\n|-resisted|p2a: Dedenne\n|-damage|p2a: Dedenne|172/261\n|\n|t:|1781449362\n|switch|p1a: Zebstrika|Zebstrika, L87, M|218/272|[from] U-turn\n|\n|upkeep\n|turn|19\n|inactive|bimiuchiratnhieu has 120 seconds left.\n|\n|t:|1781449395\n|move|p1a: Zebstrika|High Horsepower|p2a: Dedenne\n|-supereffective|p2a: Dedenne\n|-damage|p2a: Dedenne|0 fnt\n|faint|p2a: Dedenne\n|-damage|p1a: Zebstrika|191/272|[from] item: Life Orb\n|\n|upkeep\n|\n|t:|1781449402\n|switch|p2a: Regidrago|Regidrago, L77|435/435\n|-damage|p2a: Regidrago|381/435|[from] Spikes\n|turn|20\n|\n|t:|1781449409\n|move|p1a: Zebstrika|Volt Switch|p2a: Regidrago\n|-resisted|p2a: Regidrago\n|-crit|p2a: Regidrago\n|-damage|p2a: Regidrago|274/435\n|-damage|p1a: Zebstrika|164/272|[from] item: Life Orb\n|\n|t:|1781449420\n|switch|p1a: Arbok|Arbok, L87, F|246/246|[from] Volt Switch\n|-ability|p1a: Arbok|Intimidate|boost\n|-unboost|p2a: Regidrago|atk|1\n|move|p2a: Regidrago|Dragon Dance|p2a: Regidrago\n|-boost|p2a: Regidrago|atk|1\n|-boost|p2a: Regidrago|spe|1\n|\n|upkeep\n|turn|21\n|\n|t:|1781449430\n|move|p2a: Regidrago|Draco Meteor|p1a: Arbok\n|-crit|p1a: Arbok\n|-damage|p1a: Arbok|0 fnt\n|-unboost|p2a: Regidrago|spa|2\n|faint|p1a: Arbok\n|\n|upkeep\n|\n|t:|1781449437\n|switch|p1a: Chesnaught|Chesnaught, L84, M|285/285\n|turn|22\n|inactive|bimiuchiratnhieu has 120 seconds left.\n|\n|t:|1781449470\n|move|p2a: Regidrago|Dragon Dance|p2a: Regidrago\n|-boost|p2a: Regidrago|atk|1\n|-boost|p2a: Regidrago|spe|1\n|move|p1a: Chesnaught|Body Press|p2a: Regidrago\n|-damage|p2a: Regidrago|111/435\n|\n|upkeep\n|turn|23\n|\n|t:|1781449477\n|move|p2a: Regidrago|Outrage|p1a: Chesnaught\n|-damage|p1a: Chesnaught|101/285\n|move|p1a: Chesnaught|Body Press|p2a: Regidrago\n|-damage|p2a: Regidrago|0 fnt\n|faint|p2a: Regidrago\n|\n|-heal|p1a: Chesnaught|118/285|[from] item: Leftovers\n|upkeep\n|inactive|bimiuchiratnhieu has 120 seconds left.\n|\n|t:|1781449488\n|switch|p2a: Enamorus|Enamorus, L79, F|247/247\n|turn|24\n|\n|t:|1781449500\n|switch|p1a: Tsareena|Tsareena, L87, F|267/267\n|move|p2a: Enamorus|Superpower|p1a: Tsareena\n|-damage|p1a: Tsareena|195/267\n|-boost|p2a: Enamorus|atk|1\n|-boost|p2a: Enamorus|def|1\n|\n|upkeep\n|turn|25\n|\n|t:|1781449515\n|-terastallize|p2a: Enamorus|Fighting\n|move|p2a: Enamorus|Superpower|p1a: Tsareena\n|-damage|p1a: Tsareena|12/267\n|-boost|p2a: Enamorus|atk|1\n|-boost|p2a: Enamorus|def|1\n|move|p1a: Tsareena|Triple Axel|p2a: Enamorus\n|-damage|p2a: Enamorus|230/247\n|-damage|p2a: Enamorus|193/247\n|-hitcount|p2a: Enamorus|2\n|\n|upkeep\n|turn|26\n|\n|t:|1781449526\n|move|p2a: Enamorus|Superpower|p1a: Tsareena\n|-damage|p1a: Tsareena|0 fnt\n|-boost|p2a: Enamorus|atk|1\n|-boost|p2a: Enamorus|def|1\n|faint|p1a: Tsareena\n|\n|upkeep\n|\n|t:|1781449536\n|switch|p1a: Zebstrika|Zebstrika, L87, M|164/272\n|turn|27\n|\n|t:|1781449541\n|move|p1a: Zebstrika|Volt Switch|p2a: Enamorus\n|-crit|p2a: Enamorus\n|-damage|p2a: Enamorus|44/247\n|-damage|p1a: Zebstrika|137/272|[from] item: Life Orb\n|c|\u2606bimiuchiratnhieu|no shit\n|\n|t:|1781449548\n|switch|p1a: Chesnaught|Chesnaught, L84, M|118/285|[from] Volt Switch\n|move|p2a: Enamorus|Superpower|p1a: Chesnaught\n|-damage|p1a: Chesnaught|0 fnt\n|-boost|p2a: Enamorus|atk|1\n|-boost|p2a: Enamorus|def|1\n|faint|p1a: Chesnaught\n|\n|upkeep\n|\n|t:|1781449556\n|switch|p1a: Zebstrika|Zebstrika, L87, M|137/272\n|turn|28\n|-message|bimiuchiratnhieu forfeited.\n|\n|win|Wigglystuff\n", "inputlog": ">version a8376a258c1d4662feba110a92103f3664a72141\n>start {\"formatid\":\"gen9randombattle\",\"seed\":\"sodium,7a925ae50e19a6e98d61008c5d7b1274\",\"rated\":\"Rated battle\"}\n>player p1 {\"name\":\"Wigglystuff\",\"avatar\":\"265\",\"rating\":2040,\"seed\":\"sodium,a13cef135a4a53cc1e49c472c5b502d0\"}\n>player p2 {\"name\":\"bimiuchiratnhieu\",\"avatar\":\"hilda\",\"rating\":2026,\"seed\":\"sodium,b7792f9d8b23c7ae32263aabaff5950a\"}\n>p1 move spikes\n>p2 move dracometeor\n>p1 move roost\n>p2 switch 6\n>p1 move spikes\n>p2 move rapidspin\n>p1 move whirlwind\n>p2 move rapidspin\n>p1 switch 3\n>p2 move lavaplume\n>p1 move uturn\n>p2 switch 3\n>p1 switch 3\n>p1 move bravebird\n>p2 switch 3\n>p1 switch 3\n>p2 move stealthrock\n>p1 move rapidspin\n>p2 switch 3\n>p1 move uturn\n>p2 move strengthsap\n>p1 switch 5\n>p1 move overheat\n>p2 move sludgebomb\n>p2 switch 2\n>p1 move highhorsepower\n>p2 move voltswitch\n>p2 switch 6\n>p1 switch 3\n>p2 move dragondance\n>p1 move whirlwind\n>p2 move dracometeor\n>p1 move spikes\n>p2 move thunderbolt\n>p1 switch 5\n>p2 move thunderbolt\n>p1 move knockoff\n>p2 move thunderbolt\n>p1 move uturn\n>p2 move thunderbolt\n>p1 switch 3\n>p1 move highhorsepower\n>p2 move uturn\n>p2 switch 5\n>p1 move voltswitch\n>p2 move dragondance\n>p1 switch 6\n>p1 move gunkshot\n>p2 move dracometeor\n>p1 switch 2\n>p1 move bodypress\n>p2 move dragondance\n>p1 move bodypress\n>p2 move outrage\n>p2 switch 4\n>p1 switch 4\n>p2 move superpower\n>p1 move tripleaxel\n>p2 move superpower terastallize\n>p1 move tripleaxel\n>p2 move superpower\n>p1 switch 6\n>p1 move voltswitch\n>p2 move superpower\n>chat \u2606bimiuchiratnhieu|no shit\n>p1 switch 4\n>p1 switch 4\n>forcelose p2", "uploadtime": 1781449041, "views": 7, "formatid": "gen9randombattle", "rating": null, "private": 0, "password": null}