{"id": "gen9randombattle-2631987122", "format": "[Gen 9] Random Battle", "players": ["alvx", "prajkundi"], "log": "|badge|p2|silver|gen9randombattle|30-9\n|uhtml|medal-msg|<div class=\"broadcast-blue\">Curious what those medals under the avatar are? PS now has Ladder Seasons! For more information, check out the <a href=\"https://www.smogon.com/forums/threads/3740067/\">thread on Smogon.</a></div>\n|j|\u2606alvx\n|j|\u2606prajkundi\n|t:|1781463061\n|gametype|singles\n|player|p1|alvx|alder|2175\n|player|p2|prajkundi|red|2238\n|gen|9\n|tier|[Gen 9] Random Battle\n|rated|\n|rule|Species Clause: Limit one of each Pok\u00e9mon\n|rule|HP Percentage Mod: HP is shown in percentages\n|rule|Sleep Clause Mod: Limit one foe put to sleep\n|rule|Illusion Level Mod: Illusion disguises the Pok\u00e9mon's true level\n|\n|t:|1781463061\n|teamsize|p1|6\n|teamsize|p2|6\n|start\n|switch|p1a: Cryogonal|Cryogonal, L89|287/287\n|switch|p2a: Cyclizar|Cyclizar, L83, F|252/252\n|turn|1\n|inactive|Battle timer is ON: inactive players will automatically lose when time's up. (requested by alvx)\n|inactive|alvx has 120 seconds left.\n|inactive|prajkundi has 120 seconds left.\n|\n|t:|1781463097\n|move|p2a: Cyclizar|Shed Tail|p2a: Cyclizar\n|-start|p2a: Cyclizar|Substitute|[from] move: Shed Tail\n|-damage|p2a: Cyclizar|126/252\n|\n|t:|1781463105\n|switch|p2a: Slither Wing|Slither Wing, L81|270/270|[from] Shed Tail\n|move|p1a: Cryogonal|Tera Blast|p2a: Slither Wing\n|-activate|p2a: Slither Wing|move: Substitute|[damage]\n|\n|upkeep\n|turn|2\n|inactive|alvx has 120 seconds left.\n|\n|t:|1781463137\n|switch|p1a: Farigiraf|Farigiraf, L90, F|362/362\n|move|p2a: Slither Wing|Will-O-Wisp|p1a: Farigiraf\n|-status|p1a: Farigiraf|brn\n|\n|-damage|p1a: Farigiraf|340/362 brn|[from] brn\n|upkeep\n|turn|3\n|\n|t:|1781463146\n|move|p2a: Slither Wing|U-turn|p1a: Farigiraf\n|-supereffective|p1a: Farigiraf\n|-damage|p1a: Farigiraf|148/362 brn\n|\n|t:|1781463151\n|-end|p2a: Slither Wing|Protosynthesis|[silent]\n|switch|p2a: Mabosstiff|Mabosstiff, L86, F|278/278|[from] U-turn\n|move|p1a: Farigiraf|Psychic Noise|p2a: Mabosstiff\n|-immune|p2a: Mabosstiff\n|\n|-heal|p1a: Farigiraf|170/362 brn|[from] item: Leftovers\n|-damage|p1a: Farigiraf|148/362 brn|[from] brn\n|upkeep\n|turn|4\n|\n|t:|1781463162\n|move|p1a: Farigiraf|Protect|p1a: Farigiraf\n|-singleturn|p1a: Farigiraf|Protect\n|move|p2a: Mabosstiff|Crunch|p1a: Farigiraf\n|-activate|p1a: Farigiraf|move: Protect\n|\n|-heal|p1a: Farigiraf|170/362 brn|[from] item: Leftovers\n|-damage|p1a: Farigiraf|148/362 brn|[from] brn\n|upkeep\n|turn|5\n|inactive|alvx has 120 seconds left.\n|\n|t:|1781463189\n|move|p2a: Mabosstiff|Crunch|p1a: Farigiraf\n|-supereffective|p1a: Farigiraf\n|-damage|p1a: Farigiraf|0 fnt\n|faint|p1a: Farigiraf\n|\n|upkeep\n|\n|t:|1781463197\n|switch|p1a: Blaziken|Blaziken, L76, F|247/247\n|turn|6\n|inactive|alvx has 120 seconds left.\n|\n|t:|1781463217\n|switch|p2a: Ribombee|Ribombee, L83, F|235/235\n|move|p1a: Blaziken|Swords Dance|p1a: Blaziken\n|-boost|p1a: Blaziken|atk|2\n|\n|-ability|p1a: Blaziken|Speed Boost|boost\n|-boost|p1a: Blaziken|spe|1\n|upkeep\n|turn|7\n|inactive|alvx has 120 seconds left.\n|\n|t:|1781463229\n|move|p2a: Ribombee|Moonblast|p1a: Blaziken\n|-damage|p1a: Blaziken|130/247\n|-unboost|p1a: Blaziken|spa|1\n|move|p1a: Blaziken|Stone Edge|p2a: Ribombee\n|-supereffective|p2a: Ribombee\n|-damage|p2a: Ribombee|0 fnt\n|faint|p2a: Ribombee\n|-damage|p1a: Blaziken|106/247|[from] item: Life Orb\n|\n|-ability|p1a: Blaziken|Speed Boost|boost\n|-boost|p1a: Blaziken|spe|1\n|upkeep\n|\n|t:|1781463253\n|switch|p2a: Slither Wing|Slither Wing, L81|270/270\n|turn|8\n|\n|t:|1781463266\n|-terastallize|p2a: Slither Wing|Fire\n|move|p1a: Blaziken|Close Combat|p2a: Slither Wing\n|-damage|p2a: Slither Wing|0 fnt\n|-unboost|p1a: Blaziken|def|1\n|-unboost|p1a: Blaziken|spd|1\n|faint|p2a: Slither Wing\n|-end|p2a: Slither Wing|Protosynthesis|[silent]\n|-damage|p1a: Blaziken|82/247|[from] item: Life Orb\n|\n|-ability|p1a: Blaziken|Speed Boost|boost\n|-boost|p1a: Blaziken|spe|1\n|upkeep\n|-message|prajkundi forfeited.\n|\n|win|alvx\n", "uploadtime": 1781463062, "views": 4, "formatid": "gen9randombattle", "rating": null, "private": 0, "password": null}