{"id": "gen9randombattle-2631618321", "format": "[Gen 9] Random Battle", "players": ["sirsunnyyy", "Blooodfooort"], "log": "|j|\u2606sirsunnyyy\n|j|\u2606Blooodfooort\n|t:|1781409690\n|gametype|singles\n|player|p1|sirsunnyyy|harlequin|1906\n|player|p2|Blooodfooort|101|1901\n|gen|9\n|tier|[Gen 9] Random Battle\n|rated|\n|rule|Species Clause: Limit one of each Pok\u00e9mon\n|rule|HP Percentage Mod: HP is shown in percentages\n|rule|Sleep Clause Mod: Limit one foe put to sleep\n|rule|Illusion Level Mod: Illusion disguises the Pok\u00e9mon's true level\n|\n|t:|1781409690\n|teamsize|p1|6\n|teamsize|p2|6\n|start\n|switch|p1a: Noctowl|Noctowl, L95, M|344/344\n|switch|p2a: Calyrex|Calyrex-Shadow, L64|235/235\n|-ability|p2a: Calyrex|As One\n|-ability|p2a: Calyrex|Unnerve\n|turn|1\n|inactive|Battle timer is ON: inactive players will automatically lose when time's up. (requested by sirsunnyyy)\n|\n|t:|1781409707\n|switch|p2a: Cetitan|Cetitan, L82, M|413/413\n|move|p1a: Noctowl|Hurricane|p2a: Cetitan|[miss]\n|-miss|p1a: Noctowl|p2a: Cetitan\n|\n|upkeep\n|turn|2\n|\n|t:|1781409720\n|switch|p1a: Politoed|Politoed, L88, F|302/302\n|-weather|RainDance|[from] ability: Drizzle|[of] p1a: Politoed\n|move|p2a: Cetitan|Liquidation|p1a: Politoed\n|-resisted|p1a: Politoed\n|-damage|p1a: Politoed|212/302\n|\n|-weather|RainDance|[upkeep]\n|-heal|p1a: Politoed|230/302|[from] item: Leftovers\n|upkeep\n|turn|3\n|\n|t:|1781409725\n|switch|p2a: Regigigas|Regigigas, L84|322/322\n|-start|p2a: Regigigas|ability: Slow Start\n|move|p1a: Politoed|Hydro Pump|p2a: Regigigas\n|-damage|p2a: Regigigas|180/322\n|\n|-weather|RainDance|[upkeep]\n|-heal|p1a: Politoed|248/302|[from] item: Leftovers\n|-heal|p2a: Regigigas|200/322|[from] item: Leftovers\n|upkeep\n|turn|4\n|\n|t:|1781409738\n|move|p1a: Politoed|Hydro Pump|p2a: Regigigas\n|-damage|p2a: Regigigas|35/322\n|move|p2a: Regigigas|Knock Off|p1a: Politoed\n|-crit|p1a: Politoed\n|-damage|p1a: Politoed|160/302\n|-enditem|p1a: Politoed|Leftovers|[from] move: Knock Off|[of] p2a: Regigigas\n|\n|-weather|RainDance|[upkeep]\n|-heal|p2a: Regigigas|55/322|[from] item: Leftovers\n|upkeep\n|turn|5\n|\n|t:|1781409742\n|move|p2a: Regigigas|Protect|p2a: Regigigas\n|-singleturn|p2a: Regigigas|Protect\n|move|p1a: Politoed|Hydro Pump|p2a: Regigigas\n|-activate|p2a: Regigigas|move: Protect\n|\n|-weather|RainDance|[upkeep]\n|-heal|p2a: Regigigas|75/322|[from] item: Leftovers\n|upkeep\n|turn|6\n|\n|t:|1781409745\n|move|p1a: Politoed|Hydro Pump|p2a: Regigigas\n|-damage|p2a: Regigigas|0 fnt\n|faint|p2a: Regigigas\n|-end|p2a: Regigigas|Slow Start|[silent]\n|\n|-weather|none\n|upkeep\n|\n|t:|1781409753\n|switch|p2a: Kyurem|Kyurem, L77|319/319\n|-ability|p2a: Kyurem|Pressure\n|turn|7\n|\n|t:|1781409771\n|move|p2a: Kyurem|Scale Shot|p1a: Politoed\n|-damage|p1a: Politoed|129/302\n|-damage|p1a: Politoed|99/302\n|-damage|p1a: Politoed|69/302\n|-damage|p1a: Politoed|38/302\n|-damage|p1a: Politoed|8/302\n|-hitcount|p1a: Politoed|5\n|-unboost|p2a: Kyurem|def|1\n|-boost|p2a: Kyurem|spe|1\n|move|p1a: Politoed|Hypnosis|p2a: Kyurem\n|-status|p2a: Kyurem|slp|[from] move: Hypnosis\n|\n|upkeep\n|turn|8\n|-message|Blooodfooort forfeited.\n|\n|win|sirsunnyyy\n", "inputlog": ">version a8376a258c1d4662feba110a92103f3664a72141\n>start {\"formatid\":\"gen9randombattle\",\"seed\":\"sodium,d2e6f03870d657f913535fe1dfb5e300\",\"rated\":\"Rated battle\"}\n>player p1 {\"name\":\"sirsunnyyy\",\"avatar\":\"harlequin\",\"rating\":1906,\"seed\":\"sodium,b3190288f9f24f79baccef24551c60e7\"}\n>player p2 {\"name\":\"Blooodfooort\",\"avatar\":\"101\",\"rating\":1901,\"seed\":\"sodium,6672e2b10e4da82b142cd9002428e8ae\"}\n>p1 move hurricane\n>p2 switch 3\n>p1 switch 6\n>p2 move liquidation\n>p1 move hydropump\n>p2 switch 2\n>p1 move hydropump\n>p2 move knockoff\n>p1 move hydropump\n>p2 move protect\n>p1 move hydropump\n>p2 move bodyslam\n>p2 switch 4\n>p1 move hypnosis\n>p2 move scaleshot\n>forcelose p2", "uploadtime": 1781409691, "views": 9, "formatid": "gen9randombattle", "rating": null, "private": 0, "password": null}