{"id": "gen9randombattle-2631433211", "format": "[Gen 9] Random Battle", "players": ["rareold", "Yoloswag33"], "log": "|j|\u2606rareold\n|j|\u2606Yoloswag33\n|t:|1781384062\n|gametype|singles\n|player|p1|rareold|byron|1325\n|player|p2|Yoloswag33|cynthia|1316\n|gen|9\n|tier|[Gen 9] Random Battle\n|rated|\n|rule|Species Clause: Limit one of each Pok\u00e9mon\n|rule|HP Percentage Mod: HP is shown in percentages\n|rule|Sleep Clause Mod: Limit one foe put to sleep\n|rule|Illusion Level Mod: Illusion disguises the Pok\u00e9mon's true level\n|\n|t:|1781384062\n|teamsize|p1|6\n|teamsize|p2|6\n|start\n|switch|p1a: Kommo-o|Kommo-o, L78, M|245/245\n|switch|p2a: Squawkabilly|Squawkabilly-White, L89, M|291/291\n|turn|1\n|\n|t:|1781384109\n|switch|p1a: Skeledirge|Skeledirge, L79, M|294/294\n|move|p2a: Squawkabilly|Parting Shot|p1a: Skeledirge\n|-unboost|p1a: Skeledirge|atk|1\n|-unboost|p1a: Skeledirge|spa|1\n|\n|t:|1781384118\n|switch|p2a: Quaquaval|Quaquaval, L79, F|264/264|[from] Parting Shot\n|\n|upkeep\n|turn|2\n|\n|t:|1781384143\n|move|p2a: Quaquaval|Aqua Step|p1a: Skeledirge\n|-supereffective|p1a: Skeledirge\n|-damage|p1a: Skeledirge|46/294\n|-boost|p2a: Quaquaval|spe|1\n|move|p1a: Skeledirge|Will-O-Wisp|p2a: Quaquaval\n|-status|p2a: Quaquaval|brn\n|\n|-damage|p2a: Quaquaval|248/264 brn|[from] brn\n|upkeep\n|turn|3\n|\n|t:|1781384151\n|switch|p1a: Skarmory|Skarmory, L80, F|235/235\n|move|p2a: Quaquaval|Aqua Step|p1a: Skarmory\n|-damage|p1a: Skarmory|184/235\n|-boost|p2a: Quaquaval|spe|1\n|\n|-heal|p1a: Skarmory|198/235|[from] item: Leftovers\n|-damage|p2a: Quaquaval|232/264 brn|[from] brn\n|upkeep\n|turn|4\n|\n|t:|1781384161\n|switch|p2a: Skeledirge|Skeledirge, L79, M|294/294\n|move|p1a: Skarmory|Spikes|p2a: Skeledirge\n|-sidestart|p2: Yoloswag33|Spikes\n|\n|-heal|p1a: Skarmory|212/235|[from] item: Leftovers\n|upkeep\n|turn|5\n|\n|t:|1781384179\n|move|p2a: Skeledirge|Torch Song|p1a: Skarmory\n|-supereffective|p1a: Skarmory\n|-damage|p1a: Skarmory|14/235\n|-boost|p2a: Skeledirge|spa|1\n|move|p1a: Skarmory|Whirlwind|p2a: Skeledirge\n|drag|p2a: Squawkabilly|Squawkabilly-White, L89, M|291/291\n|\n|-heal|p1a: Skarmory|28/235|[from] item: Leftovers\n|upkeep\n|turn|6\n|\n|t:|1781384197\n|move|p2a: Squawkabilly|Parting Shot|p1a: Skarmory\n|-unboost|p1a: Skarmory|atk|1\n|-unboost|p1a: Skarmory|spa|1\n|\n|t:|1781384204\n|switch|p2a: Quaquaval|Quaquaval, L79, F|232/264 brn|[from] Parting Shot\n|-damage|p2a: Quaquaval|199/264 brn|[from] Spikes\n|move|p1a: Skarmory|Roost|p1a: Skarmory\n|-heal|p1a: Skarmory|146/235\n|-singleturn|p1a: Skarmory|move: Roost\n|\n|-heal|p1a: Skarmory|160/235|[from] item: Leftovers\n|-damage|p2a: Quaquaval|183/264 brn|[from] brn\n|upkeep\n|turn|7\n|\n|t:|1781384226\n|move|p2a: Quaquaval|Triple Axel|p1a: Skarmory\n|-damage|p1a: Skarmory|151/235\n|-damage|p1a: Skarmory|134/235\n|-damage|p1a: Skarmory|109/235\n|-hitcount|p1a: Skarmory|3\n|move|p1a: Skarmory|Spikes|p2a: Quaquaval\n|-sidestart|p2: Yoloswag33|Spikes\n|\n|-heal|p1a: Skarmory|123/235|[from] item: Leftovers\n|-damage|p2a: Quaquaval|167/264 brn|[from] brn\n|upkeep\n|turn|8\n|\n|t:|1781384239\n|switch|p2a: Skeledirge|Skeledirge, L79, M|294/294\n|move|p1a: Skarmory|Brave Bird|p2a: Skeledirge\n|-damage|p2a: Skeledirge|197/294\n|-damage|p1a: Skarmory|91/235|[from] Recoil\n|\n|-heal|p1a: Skarmory|105/235|[from] item: Leftovers\n|upkeep\n|turn|9\n|\n|t:|1781384251\n|switch|p1a: Mabosstiff|Mabosstiff, L86, M|278/278\n|move|p2a: Skeledirge|Torch Song|p1a: Mabosstiff\n|-damage|p1a: Mabosstiff|173/278\n|-boost|p2a: Skeledirge|spa|1\n|\n|upkeep\n|turn|10\n|\n|t:|1781384264\n|move|p1a: Mabosstiff|Crunch|p2a: Skeledirge\n|-supereffective|p2a: Skeledirge\n|-damage|p2a: Skeledirge|0 fnt\n|faint|p2a: Skeledirge\n|\n|upkeep\n|\n|t:|1781384275\n|switch|p2a: Enamorus|Enamorus-Therian, L83, F|259/259\n|turn|11\n|\n|t:|1781384294\n|switch|p1a: Bisharp|Bisharp, L79, F|232/232\n|move|p2a: Enamorus|Moonblast|p1a: Bisharp\n|-damage|p1a: Bisharp|126/232\n|\n|upkeep\n|turn|12\n|\n|t:|1781384306\n|move|p1a: Bisharp|Iron Head|p2a: Enamorus\n|-supereffective|p2a: Enamorus\n|-damage|p2a: Enamorus|95/259\n|-enditem|p2a: Enamorus|Weakness Policy\n|-boost|p2a: Enamorus|atk|2|[from] item: Weakness Policy\n|-boost|p2a: Enamorus|spa|2|[from] item: Weakness Policy\n|cant|p2a: Enamorus|flinch\n|\n|upkeep\n|turn|13\n|\n|t:|1781384317\n|move|p1a: Bisharp|Iron Head|p2a: Enamorus\n|-supereffective|p2a: Enamorus\n|-damage|p2a: Enamorus|0 fnt\n|faint|p2a: Enamorus\n|\n|upkeep\n|\n|t:|1781384325\n|switch|p2a: Quaquaval|Quaquaval, L79, F|167/264 brn\n|-damage|p2a: Quaquaval|123/264 brn|[from] Spikes\n|turn|14\n|\n|t:|1781384345\n|switch|p1a: Lugia|Lugia, L73|275/275\n|move|p2a: Quaquaval|Close Combat|p1a: Lugia\n|-resisted|p1a: Lugia\n|-damage|p1a: Lugia|264/275\n|-unboost|p2a: Quaquaval|def|1\n|-unboost|p2a: Quaquaval|spd|1\n|\n|-damage|p2a: Quaquaval|107/264 brn|[from] brn\n|upkeep\n|turn|15\n|\n|t:|1781384352\n|move|p1a: Lugia|Calm Mind|p1a: Lugia\n|-boost|p1a: Lugia|spa|1\n|-boost|p1a: Lugia|spd|1\n|move|p2a: Quaquaval|Close Combat|p1a: Lugia\n|-resisted|p1a: Lugia\n|-damage|p1a: Lugia|245/275\n|-unboost|p2a: Quaquaval|def|1\n|-unboost|p2a: Quaquaval|spd|1\n|\n|-damage|p2a: Quaquaval|91/264 brn|[from] brn\n|upkeep\n|turn|16\n|-message|Yoloswag33 forfeited.\n|\n|win|rareold\n|raw|rareold's rating: 1325 &rarr; <strong>1344</strong><br />(+19 for winning)\n|raw|Yoloswag33's rating: 1316 &rarr; <strong>1297</strong><br />(-19 for losing)\n|l|\u2606Yoloswag33\n|player|p2|\n", "inputlog": ">version a8376a258c1d4662feba110a92103f3664a72141\n>start {\"formatid\":\"gen9randombattle\",\"seed\":\"sodium,3b9223d9457b01bc9ca7f8e87c35690f\",\"rated\":\"Rated battle\"}\n>player p1 {\"name\":\"rareold\",\"avatar\":\"byron\",\"rating\":1325,\"seed\":\"sodium,23aea7242354323cec635bc443ec0ab9\"}\n>player p2 {\"name\":\"Yoloswag33\",\"avatar\":\"cynthia\",\"rating\":1316,\"seed\":\"sodium,8060bfb3aed9705ab0ba61da016888df\"}\n>p1 switch 6\n>p2 move partingshot\n>p2 switch 3\n>p1 move willowisp\n>p2 move aquastep\n>p1 switch 2\n>p2 move aquastep\n>p1 move spikes\n>p2 switch 6\n>p1 move whirlwind\n>p2 move torchsong\n>p1 move roost\n>p2 move partingshot\n>p2 switch 6\n>p1 move spikes\n>p2 move tripleaxel\n>p1 move bravebird\n>p2 switch 3\n>p1 switch 4\n>p2 move torchsong\n>p1 move crunch\n>p2 move torchsong\n>p2 switch 4\n>p1 switch 5\n>p2 move moonblast\n>p1 move ironhead\n>p2 move earthpower\n>p1 move ironhead\n>p2 move agility\n>p2 switch 3\n>p1 switch 3\n>p2 move closecombat\n>p1 move calmmind\n>p2 move closecombat\n>forcelose p2", "uploadtime": 1781384363, "views": 11, "formatid": "gen9randombattle", "rating": 1297, "private": 0, "password": null}