{"id": "gen9randombattle-2631630953", "format": "[Gen 9] Random Battle", "players": ["bellenguer2", "clicheconflict"], "log": "|j|\u2606bellenguer2\n|j|\u2606clicheconflict\n|t:|1781411684\n|gametype|singles\n|player|p1|bellenguer2|dawn|1525\n|player|p2|clicheconflict|169|1517\n|gen|9\n|tier|[Gen 9] Random Battle\n|rated|\n|rule|Species Clause: Limit one of each Pok\u00e9mon\n|rule|HP Percentage Mod: HP is shown in percentages\n|rule|Sleep Clause Mod: Limit one foe put to sleep\n|rule|Illusion Level Mod: Illusion disguises the Pok\u00e9mon's true level\n|\n|t:|1781411684\n|teamsize|p1|6\n|teamsize|p2|6\n|start\n|switch|p1a: Flutter Mane|Flutter Mane, L74|203/203\n|switch|p2a: Keldeo|Keldeo-Resolute, L79|273/273\n|turn|1\n|inactive|Battle timer is ON: inactive players will automatically lose when time's up. (requested by clicheconflict)\n|\n|t:|1781411701\n|switch|p2a: Fezandipiti|Fezandipiti, L82, M|278/278\n|move|p1a: Flutter Mane|Moonblast|p2a: Fezandipiti\n|-resisted|p2a: Fezandipiti\n|-damage|p2a: Fezandipiti|225/278\n|-unboost|p2a: Fezandipiti|spa|1\n|-damage|p1a: Flutter Mane|183/203|[from] item: Life Orb\n|\n|-heal|p2a: Fezandipiti|242/278|[from] item: Leftovers\n|upkeep\n|turn|2\n|\n|t:|1781411715\n|move|p1a: Flutter Mane|Shadow Ball|p2a: Fezandipiti\n|-damage|p2a: Fezandipiti|156/278\n|-damage|p1a: Flutter Mane|163/203|[from] item: Life Orb\n|move|p2a: Fezandipiti|Gunk Shot|p1a: Flutter Mane\n|-damage|p1a: Flutter Mane|0 fnt\n|faint|p1a: Flutter Mane\n|-end|p1a: Flutter Mane|Protosynthesis|[silent]\n|\n|-heal|p2a: Fezandipiti|173/278|[from] item: Leftovers\n|upkeep\n|inactive|bellenguer2 has 120 seconds left.\n|\n|t:|1781411753\n|switch|p1a: Quagsire|Quagsire, L84, M|297/297\n|turn|3\n|\n|t:|1781411764\n|move|p2a: Fezandipiti|U-turn|p1a: Quagsire\n|-damage|p1a: Quagsire|248/297\n|\n|t:|1781411772\n|switch|p2a: Chimecho|Chimecho, L93, F|290/290|[from] U-turn\n|move|p1a: Quagsire|Earthquake|p2a: Chimecho\n|-immune|p2a: Chimecho|[from] ability: Levitate\n|\n|-heal|p1a: Quagsire|266/297|[from] item: Leftovers\n|upkeep\n|turn|4\n|inactive|bellenguer2 has 120 seconds left.\n|\n|t:|1781411791\n|move|p2a: Chimecho|Psychic Noise|p1a: Quagsire\n|-damage|p1a: Quagsire|136/297\n|-start|p1a: Quagsire|move: Heal Block\n|move|p1a: Quagsire|Toxic|p2a: Chimecho\n|-status|p2a: Chimecho|tox\n|\n|-damage|p2a: Chimecho|272/290 tox|[from] psn\n|upkeep\n|turn|5\n|\n|t:|1781411805\n|switch|p1a: Clawitzer|Clawitzer, L87, M|265/265\n|move|p2a: Chimecho|Psychic Noise|p1a: Clawitzer\n|-damage|p1a: Clawitzer|169/265\n|-start|p1a: Clawitzer|move: Heal Block\n|\n|-heal|p2a: Chimecho|290/290 tox|[from] item: Leftovers\n|-damage|p2a: Chimecho|254/290 tox|[from] psn\n|upkeep\n|turn|6\n|inactive|bellenguer2 has 120 seconds left.\n|\n|t:|1781411827\n|switch|p2a: Keldeo|Keldeo-Resolute, L79|273/273\n|move|p1a: Clawitzer|Dark Pulse|p2a: Keldeo\n|-resisted|p2a: Keldeo\n|-damage|p2a: Keldeo|186/273\n|-ability|p2a: Keldeo|Justified|boost\n|-boost|p2a: Keldeo|atk|1\n|\n|-end|p1a: Clawitzer|move: Heal Block\n|upkeep\n|turn|7\n|inactive|bellenguer2 has 120 seconds left.\n|\n|t:|1781411845\n|move|p2a: Keldeo|Calm Mind|p2a: Keldeo\n|-boost|p2a: Keldeo|spa|1\n|-boost|p2a: Keldeo|spd|1\n|move|p1a: Clawitzer|Dark Pulse|p2a: Keldeo\n|-resisted|p2a: Keldeo\n|-damage|p2a: Keldeo|131/273\n|-ability|p2a: Keldeo|Justified|boost\n|-boost|p2a: Keldeo|atk|1\n|\n|upkeep\n|turn|8\n|inactive|bellenguer2 has 120 seconds left.\n|\n|t:|1781411857\n|move|p2a: Keldeo|Secret Sword|p1a: Clawitzer\n|-damage|p1a: Clawitzer|0 fnt\n|faint|p1a: Clawitzer\n|-damage|p2a: Keldeo|104/273|[from] item: Life Orb\n|\n|upkeep\n|\n|t:|1781411860\n|switch|p1a: Scyther|Scyther, L82, F|249/249\n|turn|9\n|\n|t:|1781411868\n|move|p2a: Keldeo|Vacuum Wave|p1a: Scyther\n|-resisted|p1a: Scyther\n|-damage|p1a: Scyther|226/249\n|-damage|p2a: Keldeo|77/273|[from] item: Life Orb\n|move|p1a: Scyther|Dual Wingbeat|p2a: Keldeo\n|-supereffective|p2a: Keldeo\n|-damage|p2a: Keldeo|0 fnt\n|faint|p2a: Keldeo\n|-hitcount|p2: Keldeo|1\n|\n|upkeep\n|\n|t:|1781411885\n|switch|p2a: Dialga|Dialga, L73|266/266\n|-ability|p2a: Dialga|Pressure\n|turn|10\n|\n|t:|1781411895\n|move|p1a: Scyther|Close Combat|p2a: Dialga\n|-supereffective|p2a: Dialga\n|-damage|p2a: Dialga|112/266\n|-unboost|p1a: Scyther|def|1\n|-unboost|p1a: Scyther|spd|1\n|move|p2a: Dialga|Stealth Rock|p1a: Scyther\n|-sidestart|p1: bellenguer2|move: Stealth Rock\n|\n|-heal|p2a: Dialga|128/266|[from] item: Leftovers\n|upkeep\n|turn|11\n|\n|t:|1781411905\n|move|p1a: Scyther|Close Combat|p2a: Dialga\n|-supereffective|p2a: Dialga\n|-damage|p2a: Dialga|0 fnt\n|-unboost|p1a: Scyther|def|1\n|-unboost|p1a: Scyther|spd|1\n|faint|p2a: Dialga\n|\n|upkeep\n|inactive|clicheconflict has 120 seconds left.\n|\n|t:|1781411931\n|switch|p2a: Arboliva|Arboliva, L91, M|290/290\n|turn|12\n|\n|t:|1781411947\n|-terastallize|p2a: Arboliva|Poison\n|move|p1a: Scyther|Dual Wingbeat|p2a: Arboliva\n|-damage|p2a: Arboliva|233/290\n|-fieldstart|move: Grassy Terrain|[from] ability: Seed Sower|[of] p2a: Arboliva\n|-damage|p2a: Arboliva|173/290\n|-hitcount|p2a: Arboliva|2\n|move|p2a: Arboliva|Hyper Voice|p1a: Scyther\n|-damage|p1a: Scyther|0 fnt\n|faint|p1a: Scyther\n|\n|-heal|p2a: Arboliva|191/290|[from] Grassy Terrain\n|-heal|p2a: Arboliva|209/290|[from] item: Leftovers\n|upkeep\n|\n|t:|1781411959\n|switch|p1a: Passimian|Passimian, L83, M|302/302\n|-damage|p1a: Passimian|284/302|[from] Stealth Rock\n|turn|13\n|\n|t:|1781411970\n|move|p1a: Passimian|Bulk Up|p1a: Passimian\n|-boost|p1a: Passimian|atk|1\n|-boost|p1a: Passimian|def|1\n|move|p2a: Arboliva|Strength Sap|p1a: Passimian\n|-unboost|p1a: Passimian|atk|1\n|-ability|p1a: Passimian|Defiant|boost\n|-boost|p1a: Passimian|atk|2\n|-heal|p2a: Arboliva|290/290\n|\n|-heal|p1a: Passimian|302/302|[from] Grassy Terrain\n|upkeep\n|turn|14\n|\n|t:|1781411974\n|move|p1a: Passimian|Bulk Up|p1a: Passimian\n|-boost|p1a: Passimian|atk|1\n|-boost|p1a: Passimian|def|1\n|move|p2a: Arboliva|Energy Ball|p1a: Passimian\n|-damage|p1a: Passimian|76/302\n|\n|-heal|p1a: Passimian|94/302|[from] Grassy Terrain\n|-heal|p1a: Passimian|112/302|[from] item: Leftovers\n|upkeep\n|turn|15\n|\n|t:|1781411979\n|move|p1a: Passimian|Knock Off|p2a: Arboliva\n|-damage|p2a: Arboliva|123/290\n|-enditem|p2a: Arboliva|Leftovers|[from] move: Knock Off|[of] p1a: Passimian\n|move|p2a: Arboliva|Energy Ball|p1a: Passimian\n|-damage|p1a: Passimian|0 fnt\n|faint|p1a: Passimian\n|\n|-heal|p2a: Arboliva|141/290|[from] Grassy Terrain\n|upkeep\n|\n|t:|1781411989\n|switch|p1a: Sinistcha|Sinistcha-Masterpiece, L83|254/254\n|-damage|p1a: Sinistcha|223/254|[from] Stealth Rock\n|turn|16\n|\n|t:|1781412001\n|move|p1a: Sinistcha|Calm Mind|p1a: Sinistcha\n|-boost|p1a: Sinistcha|spa|1\n|-boost|p1a: Sinistcha|spd|1\n|move|p2a: Arboliva|Strength Sap|p1a: Sinistcha\n|-unboost|p1a: Sinistcha|atk|1\n|-heal|p2a: Arboliva|245/290\n|\n|-heal|p1a: Sinistcha|238/254|[from] Grassy Terrain\n|-heal|p1a: Sinistcha|253/254|[from] item: Leftovers\n|-heal|p2a: Arboliva|263/290|[from] Grassy Terrain\n|-fieldend|move: Grassy Terrain\n|upkeep\n|turn|17\n|\n|t:|1781412012\n|switch|p2a: Fezandipiti|Fezandipiti, L82, M|173/278\n|move|p1a: Sinistcha|Calm Mind|p1a: Sinistcha\n|-boost|p1a: Sinistcha|spa|1\n|-boost|p1a: Sinistcha|spd|1\n|\n|-heal|p2a: Fezandipiti|190/278|[from] item: Leftovers\n|-heal|p1a: Sinistcha|254/254|[from] item: Leftovers\n|upkeep\n|turn|18\n|\n|t:|1781412020\n|move|p2a: Fezandipiti|Gunk Shot|p1a: Sinistcha|[miss]\n|-miss|p2a: Fezandipiti|p1a: Sinistcha\n|move|p1a: Sinistcha|Shadow Ball|p2a: Fezandipiti\n|-damage|p2a: Fezandipiti|34/278\n|-unboost|p2a: Fezandipiti|spd|1\n|\n|-heal|p2a: Fezandipiti|51/278|[from] item: Leftovers\n|upkeep\n|turn|19\n|\n|t:|1781412032\n|move|p2a: Fezandipiti|Gunk Shot|p1a: Sinistcha\n|-crit|p1a: Sinistcha\n|-damage|p1a: Sinistcha|106/254\n|move|p1a: Sinistcha|Shadow Ball|p2a: Fezandipiti\n|-damage|p2a: Fezandipiti|0 fnt\n|faint|p2a: Fezandipiti\n|\n|-heal|p1a: Sinistcha|121/254|[from] item: Leftovers\n|upkeep\n|\n|t:|1781412046\n|switch|p2a: Chimecho|Chimecho, L93, F|254/290 tox\n|turn|20\n|inactive|bellenguer2 has 120 seconds left.\n|inactive|bellenguer2 has 90 seconds left.\n|inactive|bellenguer2 has 60 seconds left.\n|inactive|bellenguer2 has 30 seconds left.\n|inactive|bellenguer2 has 20 seconds left.\n|inactive|bellenguer2 has 15 seconds left.\n|inactive|bellenguer2 has 10 seconds left.\n|inactive|bellenguer2 has 5 seconds left.\n|-message|bellenguer2 lost due to inactivity.\n|\n|win|clicheconflict\n|raw|bellenguer2's rating: 1525 &rarr; <strong>1505</strong><br />(-20 for losing)\n|raw|clicheconflict's rating: 1517 &rarr; <strong>1537</strong><br />(+20 for winning)\n|l|\u2606clicheconflict\n|player|p2|\n|j|\u2606clicheconflict\n|player|p2|clicheconflict|169|\n|l|\u2606clicheconflict\n|player|p2|\n", "inputlog": ">version a8376a258c1d4662feba110a92103f3664a72141\n>start {\"formatid\":\"gen9randombattle\",\"seed\":\"sodium,5402b4a1636accc25a0f3db0a4ca3442\",\"rated\":\"Rated battle\"}\n>player p1 {\"name\":\"bellenguer2\",\"avatar\":\"dawn\",\"rating\":1525,\"seed\":\"sodium,5f8f1aeb1c8ab191fb229c4684d32142\"}\n>player p2 {\"name\":\"clicheconflict\",\"avatar\":\"169\",\"rating\":1517,\"seed\":\"sodium,f5113bfa6e7706c463bd2b661936659c\"}\n>p1 move moonblast\n>p2 switch 3\n>p1 move shadowball\n>p2 move gunkshot\n>p1 switch 2\n>p1 move earthquake\n>p2 move uturn\n>p2 switch 2\n>p1 move toxic\n>p2 move psychicnoise\n>p1 switch 3\n>p2 move psychicnoise\n>p1 move darkpulse\n>p2 switch 3\n>p1 move darkpulse\n>p2 move calmmind\n>p1 move darkpulse\n>p2 move secretsword\n>p1 switch 6\n>p1 move dualwingbeat\n>p2 move vacuumwave\n>p2 switch 6\n>p1 move closecombat\n>p2 move stealthrock\n>p1 move closecombat\n>p2 move heavyslam\n>p2 switch 5\n>p1 move dualwingbeat\n>p2 move hypervoice terastallize\n>p1 switch 4\n>p1 move bulkup\n>p2 move strengthsap\n>p1 move bulkup\n>p2 move energyball\n>p1 move knockoff\n>p2 move energyball\n>p1 switch 5\n>p1 move calmmind\n>p2 move strengthsap\n>p1 move calmmind\n>p2 switch 2\n>p1 move shadowball\n>p2 move gunkshot\n>p1 move shadowball\n>p2 move gunkshot\n>p2 switch 3\n>forcelose p1", "uploadtime": 1781412306, "views": 3, "formatid": "gen9randombattle", "rating": 1505, "private": 0, "password": null}