{"id": "gen9randombattle-2631611065", "format": "[Gen 9] Random Battle", "players": ["FireHowe", "WezTheNub"], "log": "|j|\u2606FireHowe\n|j|\u2606WezTheNub\n|t:|1781408586\n|gametype|singles\n|player|p1|FireHowe|giovanni|1969\n|player|p2|WezTheNub|norman|2012\n|gen|9\n|tier|[Gen 9] Random Battle\n|rated|\n|rule|Species Clause: Limit one of each Pok\u00e9mon\n|rule|HP Percentage Mod: HP is shown in percentages\n|rule|Sleep Clause Mod: Limit one foe put to sleep\n|rule|Illusion Level Mod: Illusion disguises the Pok\u00e9mon's true level\n|\n|t:|1781408586\n|teamsize|p1|6\n|teamsize|p2|6\n|start\n|switch|p1a: Ogerpon|Ogerpon-Wellspring, L76, F|247/247\n|switch|p2a: Arceus|Arceus-Grass, L73|296/296\n|turn|1\n|inactive|Battle timer is ON: inactive players will automatically lose when time's up. (requested by FireHowe)\n|inactive|FireHowe has 120 seconds left.\n|\n|t:|1781408621\n|switch|p1a: Bellibolt|Bellibolt, L84, F|320/320\n|move|p2a: Arceus|Calm Mind|p2a: Arceus\n|-boost|p2a: Arceus|spa|1\n|-boost|p2a: Arceus|spd|1\n|\n|upkeep\n|turn|2\n|\n|t:|1781408640\n|move|p2a: Arceus|Earth Power|p1a: Bellibolt\n|-supereffective|p1a: Bellibolt\n|-damage|p1a: Bellibolt|132/320\n|-start|p1a: Bellibolt|Charge|Earth Power|[from] ability: Electromorphosis\n|move|p1a: Bellibolt|Toxic|p2a: Arceus\n|-status|p2a: Arceus|tox\n|\n|-heal|p1a: Bellibolt|152/320|[from] item: Leftovers\n|-damage|p2a: Arceus|278/296 tox|[from] psn\n|upkeep\n|turn|3\n|inactive|FireHowe has 120 seconds left.\n|inactive|WezTheNub has 120 seconds left.\n|\n|t:|1781408704\n|switch|p1a: Mismagius|Mismagius, L86, M|243/243\n|move|p2a: Arceus|Judgment|p1a: Mismagius\n|-damage|p1a: Mismagius|86/243\n|\n|-damage|p2a: Arceus|242/296 tox|[from] psn\n|upkeep\n|turn|4\n|inactive|FireHowe has 90 seconds left.\n|inactive|WezTheNub has 90 seconds left.\n|\n|t:|1781408743\n|move|p1a: Mismagius|Mystical Fire|p2a: Arceus\n|-supereffective|p2a: Arceus\n|-damage|p2a: Arceus|130/296 tox\n|-unboost|p2a: Arceus|spa|1\n|move|p2a: Arceus|Judgment|p1a: Mismagius\n|-damage|p1a: Mismagius|0 fnt\n|faint|p1a: Mismagius\n|\n|-damage|p2a: Arceus|76/296 tox|[from] psn\n|upkeep\n|\n|t:|1781408762\n|switch|p1a: Cyclizar|Cyclizar, L83, F|252/252\n|turn|5\n|inactive|WezTheNub has 90 seconds left.\n|\n|t:|1781408781\n|switch|p2a: Bellibolt|Bellibolt, L84, F|320/320\n|move|p1a: Cyclizar|Draco Meteor|p2a: Bellibolt\n|-damage|p2a: Bellibolt|193/320\n|-unboost|p1a: Cyclizar|spa|2\n|-start|p2a: Bellibolt|Charge|Draco Meteor|[from] ability: Electromorphosis\n|\n|-heal|p2a: Bellibolt|213/320|[from] item: Leftovers\n|upkeep\n|turn|6\n|\n|t:|1781408788\n|move|p1a: Cyclizar|Shed Tail|p1a: Cyclizar\n|-start|p1a: Cyclizar|Substitute|[from] move: Shed Tail\n|-damage|p1a: Cyclizar|126/252\n|\n|t:|1781408792\n|switch|p1a: Bellibolt|Bellibolt, L84, F|152/320|[from] Shed Tail\n|move|p2a: Bellibolt|Volt Switch|p1a: Bellibolt\n|-resisted|p1a: Bellibolt\n|-end|p1a: Bellibolt|Substitute\n|-end|p2a: Bellibolt|Charge|[silent]\n|inactive|WezTheNub has 90 seconds left.\n|\n|t:|1781408801\n|switch|p2a: Swampert|Swampert, L83, F|302/302|[from] Volt Switch\n|\n|-heal|p1a: Bellibolt|172/320|[from] item: Leftovers\n|upkeep\n|turn|7\n|inactive|WezTheNub has 90 seconds left.\n|\n|t:|1781408811\n|switch|p1a: Ogerpon|Ogerpon-Wellspring, L76, F|247/247\n|move|p2a: Swampert|Knock Off|p1a: Ogerpon\n|-damage|p1a: Ogerpon|190/247\n|\n|upkeep\n|turn|8\n|inactive|WezTheNub has 90 seconds left.\n|inactive|WezTheNub has 60 seconds left.\n|\n|t:|1781408856\n|switch|p2a: Porygon2|Porygon2, L81|270/270\n|-ability|p2a: Porygon2|Download|boost\n|-boost|p2a: Porygon2|atk|1\n|move|p1a: Ogerpon|Swords Dance|p1a: Ogerpon\n|-boost|p1a: Ogerpon|atk|2\n|\n|upkeep\n|turn|9\n|\n|t:|1781408866\n|move|p1a: Ogerpon|Horn Leech|p2a: Porygon2\n|-damage|p2a: Porygon2|147/270\n|-heal|p1a: Ogerpon|247/247|[from] drain|[of] p2a: Porygon2\n|move|p2a: Porygon2|Tri Attack|p1a: Ogerpon\n|-damage|p1a: Ogerpon|151/247\n|\n|upkeep\n|turn|10\n|\n|t:|1781408874\n|move|p1a: Ogerpon|Ivy Cudgel|p2a: Porygon2|[anim] Ivy Cudgel Water\n|-damage|p2a: Porygon2|0 fnt\n|faint|p2a: Porygon2\n|\n|upkeep\n|inactive|WezTheNub has 60 seconds left.\n|\n|t:|1781408893\n|switch|p2a: Arceus|Arceus-Grass, L73|76/296 tox\n|turn|11\n|inactive|FireHowe has 120 seconds left.\n|\n|t:|1781408899\n|move|p2a: Arceus|Judgment|p1a: Ogerpon\n|-damage|p1a: Ogerpon|24/247\n|move|p1a: Ogerpon|Ivy Cudgel|p2a: Arceus|[anim] Ivy Cudgel Water\n|-resisted|p2a: Arceus\n|-damage|p2a: Arceus|0 fnt\n|faint|p2a: Arceus\n|\n|upkeep\n|\n|t:|1781408904\n|switch|p2a: Cetitan|Cetitan, L82, M|412/412\n|turn|12\n|\n|t:|1781408917\n|switch|p1a: Empoleon|Empoleon, L84, M|278/278\n|move|p2a: Cetitan|Ice Shard|p1a: Empoleon\n|-resisted|p1a: Empoleon\n|-damage|p1a: Empoleon|266/278\n|\n|-heal|p1a: Empoleon|278/278|[from] item: Leftovers\n|upkeep\n|turn|13\n|\n|t:|1781408934\n|switch|p2a: Swampert|Swampert, L83, F|302/302\n|move|p1a: Empoleon|Surf|p2a: Swampert\n|-damage|p2a: Swampert|197/302\n|\n|-heal|p2a: Swampert|215/302|[from] item: Leftovers\n|upkeep\n|turn|14\n|\n|t:|1781408948\n|move|p1a: Empoleon|Knock Off|p2a: Swampert\n|-damage|p2a: Swampert|150/302\n|-enditem|p2a: Swampert|Leftovers|[from] move: Knock Off|[of] p1a: Empoleon\n|move|p2a: Swampert|Yawn|p1a: Empoleon\n|-start|p1a: Empoleon|move: Yawn|[of] p2a: Swampert\n|\n|upkeep\n|turn|15\n|\n|t:|1781408952\n|move|p1a: Empoleon|Flip Turn|p2a: Swampert\n|-damage|p2a: Swampert|92/302\n|\n|t:|1781408964\n|switch|p1a: Bellibolt|Bellibolt, L84, F|172/320|[from] Flip Turn\n|move|p2a: Swampert|Knock Off|p1a: Bellibolt\n|-damage|p1a: Bellibolt|93/320\n|-start|p1a: Bellibolt|Charge|Knock Off|[from] ability: Electromorphosis\n|-enditem|p1a: Bellibolt|Leftovers|[from] move: Knock Off|[of] p2a: Swampert\n|\n|upkeep\n|turn|16\n|\n|t:|1781408972\n|move|p2a: Swampert|Earthquake|p1a: Bellibolt\n|-supereffective|p1a: Bellibolt\n|-damage|p1a: Bellibolt|0 fnt\n|faint|p1a: Bellibolt\n|\n|upkeep\n|\n|t:|1781408973\n|switch|p1a: Ogerpon|Ogerpon-Wellspring, L76, F|24/247\n|turn|17\n|\n|t:|1781408981\n|move|p1a: Ogerpon|Horn Leech|p2a: Swampert\n|-supereffective|p2a: Swampert\n|-damage|p2a: Swampert|0 fnt\n|-heal|p1a: Ogerpon|70/247|[from] drain|[of] p2a: Swampert\n|faint|p2a: Swampert\n|\n|upkeep\n|\n|t:|1781408985\n|switch|p2a: Bellibolt|Bellibolt, L84, F|213/320\n|turn|18\n|\n|t:|1781408996\n|switch|p1a: Empoleon|Empoleon, L84, M|278/278\n|move|p2a: Bellibolt|Slack Off|p2a: Bellibolt\n|-heal|p2a: Bellibolt|320/320\n|\n|upkeep\n|turn|19\n|\n|t:|1781408999\n|move|p1a: Empoleon|Knock Off|p2a: Bellibolt\n|-damage|p2a: Bellibolt|256/320\n|-start|p2a: Bellibolt|Charge|Knock Off|[from] ability: Electromorphosis\n|-enditem|p2a: Bellibolt|Leftovers|[from] move: Knock Off|[of] p1a: Empoleon\n|move|p2a: Bellibolt|Thunderbolt|p1a: Empoleon\n|-supereffective|p1a: Empoleon\n|-damage|p1a: Empoleon|0 fnt\n|faint|p1a: Empoleon\n|-end|p2a: Bellibolt|Charge|[silent]\n|\n|upkeep\n|\n|t:|1781409012\n|switch|p1a: Cyclizar|Cyclizar, L83, F|210/252\n|turn|20\n|\n|t:|1781409016\n|move|p1a: Cyclizar|Draco Meteor|p2a: Bellibolt\n|-damage|p2a: Bellibolt|132/320\n|-unboost|p1a: Cyclizar|spa|2\n|-start|p2a: Bellibolt|Charge|Draco Meteor|[from] ability: Electromorphosis\n|move|p2a: Bellibolt|Volt Switch|p1a: Cyclizar\n|-resisted|p1a: Cyclizar\n|-damage|p1a: Cyclizar|111/252\n|-end|p2a: Bellibolt|Charge|[silent]\n|\n|t:|1781409018\n|switch|p2a: Cetitan|Cetitan, L82, M|412/412|[from] Volt Switch\n|\n|upkeep\n|turn|21\n|\n|t:|1781409028\n|switch|p1a: Ogerpon|Ogerpon-Wellspring, L76, F|70/247\n|move|p2a: Cetitan|Belly Drum|p2a: Cetitan\n|-damage|p2a: Cetitan|206/412\n|-setboost|p2a: Cetitan|atk|6|[from] move: Belly Drum\n|-enditem|p2a: Cetitan|Sitrus Berry|[eat]\n|-heal|p2a: Cetitan|309/412|[from] item: Sitrus Berry\n|\n|upkeep\n|turn|22\n|c|\u2606FireHowe|I was hoping for it to be a bit stronge rngl\n|inactive|FireHowe has 120 seconds left.\n|c|\u2606FireHowe|I think that's gg\n|inactive|FireHowe has 90 seconds left.\n|c|\u2606WezTheNub|Never over till it\u2019s over\n|inactive|FireHowe has 60 seconds left.\n|\n|t:|1781409119\n|move|p2a: Cetitan|Ice Shard|p1a: Ogerpon\n|-damage|p1a: Ogerpon|0 fnt\n|faint|p1a: Ogerpon\n|\n|upkeep\n|\n|t:|1781409122\n|switch|p1a: Dodrio|Dodrio, L85, F|241/241\n|turn|23\n|\n|t:|1781409134\n|move|p1a: Dodrio|Brave Bird|p2a: Cetitan\n|-damage|p2a: Cetitan|129/412\n|-damage|p1a: Dodrio|182/241|[from] Recoil\n|move|p2a: Cetitan|Ice Spinner|p1a: Dodrio\n|-supereffective|p1a: Dodrio\n|-damage|p1a: Dodrio|0 fnt\n|faint|p1a: Dodrio\n|\n|upkeep\n|\n|t:|1781409140\n|switch|p1a: Cyclizar|Cyclizar, L83, F|195/252\n|turn|24\n|\n|t:|1781409146\n|-terastallize|p1a: Cyclizar|Fairy\n|move|p2a: Cetitan|Ice Shard|p1a: Cyclizar\n|-damage|p1a: Cyclizar|0 fnt\n|faint|p1a: Cyclizar\n|\n|win|WezTheNub\n", "uploadtime": 1781408588, "views": 4, "formatid": "gen9randombattle", "rating": null, "private": 0, "password": null}