{"id": "gen9randombattle-2631994909", "format": "[Gen 9] Random Battle", "players": ["Boogey", "Valentina17"], "log": "|j|\u2606Boogey\n|j|\u2606Valentina17\n|t:|1781463923\n|gametype|singles\n|player|p1|Boogey|265|1951\n|player|p2|Valentina17|parasollady|1924\n|gen|9\n|tier|[Gen 9] Random Battle\n|rated|\n|rule|Species Clause: Limit one of each Pok\u00e9mon\n|rule|HP Percentage Mod: HP is shown in percentages\n|rule|Sleep Clause Mod: Limit one foe put to sleep\n|rule|Illusion Level Mod: Illusion disguises the Pok\u00e9mon's true level\n|\n|t:|1781463923\n|teamsize|p1|6\n|teamsize|p2|6\n|start\n|switch|p1a: Regieleki|Regieleki, L79|256/256\n|switch|p2a: Ariados|Ariados, L95, F|287/287\n|turn|1\n|inactive|Battle timer is ON: inactive players will automatically lose when time's up. (requested by Boogey)\n|\n|t:|1781463929\n|move|p1a: Regieleki|Volt Switch|p2a: Ariados\n|-damage|p2a: Ariados|185/287\n|\n|t:|1781463936\n|switch|p1a: Cyclizar|Cyclizar, L83, F|252/252|[from] Volt Switch\n|move|p2a: Ariados|Megahorn|p1a: Cyclizar\n|-damage|p1a: Cyclizar|66/252\n|\n|upkeep\n|turn|2\n|\n|t:|1781463949\n|switch|p1a: Feraligatr|Feraligatr, L79, M|264/264\n|move|p2a: Ariados|Sucker Punch||[still]\n|-fail|p2a: Ariados\n|\n|upkeep\n|turn|3\n|\n|t:|1781463952\n|move|p1a: Feraligatr|Dragon Dance|p1a: Feraligatr\n|-boost|p1a: Feraligatr|atk|1\n|-boost|p1a: Feraligatr|spe|1\n|move|p2a: Ariados|Sticky Web|p1a: Feraligatr\n|-sidestart|p1: Boogey|move: Sticky Web\n|\n|upkeep\n|turn|4\n|\n|t:|1781463962\n|move|p1a: Feraligatr|Liquidation|p2a: Ariados\n|-damage|p2a: Ariados|0 fnt\n|faint|p2a: Ariados\n|\n|upkeep\n|\n|t:|1781463969\n|switch|p2a: Pincurchin|Pincurchin, F|258/258\n|-fieldstart|move: Electric Terrain|[from] ability: Electric Surge|[of] p2a: Pincurchin\n|turn|5\n|\n|t:|1781463975\n|move|p1a: Feraligatr|Liquidation|p2a: Pincurchin\n|-damage|p2a: Pincurchin|81/258\n|move|p2a: Pincurchin|Discharge|p1a: Feraligatr\n|-supereffective|p1a: Feraligatr\n|-damage|p1a: Feraligatr|0 fnt\n|faint|p1a: Feraligatr\n|\n|-heal|p2a: Pincurchin|97/258|[from] item: Leftovers\n|upkeep\n|\n|t:|1781463981\n|switch|p1a: Cyclizar|Cyclizar, L83, F|150/252\n|turn|6\n|\n|t:|1781463986\n|move|p1a: Cyclizar|Draco Meteor|p2a: Pincurchin\n|-damage|p2a: Pincurchin|0 fnt\n|-unboost|p1a: Cyclizar|spa|2\n|faint|p2a: Pincurchin\n|\n|upkeep\n|\n|t:|1781463993\n|switch|p2a: Eiscue|Eiscue, L88, F|274/274\n|turn|7\n|\n|t:|1781463997\n|move|p1a: Cyclizar|Taunt|p2a: Eiscue\n|-start|p2a: Eiscue|move: Taunt\n|cant|p2a: Eiscue|move: Taunt|Belly Drum\n|\n|upkeep\n|turn|8\n|\n|t:|1781464000\n|move|p1a: Cyclizar|Shed Tail|p1a: Cyclizar\n|-start|p1a: Cyclizar|Substitute|[from] move: Shed Tail\n|-damage|p1a: Cyclizar|24/252\n|\n|t:|1781464003\n|switch|p1a: Deoxys|Deoxys-Speed, L82|216/216|[from] Shed Tail\n|-activate|p1a: Deoxys|move: Sticky Web\n|-unboost|p1a: Deoxys|spe|1\n|-ability|p1a: Deoxys|Pressure\n|move|p2a: Eiscue|Ice Spinner|p1a: Deoxys\n|-end|p1a: Deoxys|Substitute\n|-fieldend|move: Electric Terrain\n|\n|upkeep\n|turn|9\n|\n|t:|1781464007\n|move|p1a: Deoxys|Focus Blast|p2a: Eiscue\n|-supereffective|p2a: Eiscue\n|-damage|p2a: Eiscue|76/274\n|-enditem|p2a: Eiscue|Sitrus Berry|[eat]\n|-heal|p2a: Eiscue|144/274|[from] item: Sitrus Berry\n|-damage|p1a: Deoxys|195/216|[from] item: Life Orb\n|move|p2a: Eiscue|Ice Spinner|p1a: Deoxys\n|-damage|p1a: Deoxys|116/216\n|\n|-end|p2a: Eiscue|move: Taunt\n|upkeep\n|turn|10\n|\n|t:|1781464020\n|move|p1a: Deoxys|Psycho Boost|p2a: Eiscue\n|-damage|p2a: Eiscue|0 fnt\n|-unboost|p1a: Deoxys|spa|2\n|faint|p2a: Eiscue\n|-damage|p1a: Deoxys|95/216|[from] item: Life Orb\n|\n|upkeep\n|\n|t:|1781464027\n|switch|p2a: Klawf|Klawf, L90, F|272/272\n|turn|11\n|\n|t:|1781464033\n|switch|p1a: Cyclizar|Cyclizar, L83, F|108/252\n|move|p2a: Klawf|Knock Off|p1a: Cyclizar\n|-damage|p1a: Cyclizar|0 fnt\n|-enditem|p1a: Cyclizar|Heavy-Duty Boots|[from] move: Knock Off|[of] p2a: Klawf\n|faint|p1a: Cyclizar\n|-damage|p2a: Klawf|245/272|[from] item: Life Orb\n|\n|upkeep\n|\n|t:|1781464036\n|switch|p1a: Falinks|Falinks, L84|246/246\n|-activate|p1a: Falinks|move: Sticky Web\n|-unboost|p1a: Falinks|spe|1\n|-ability|p1a: Falinks|Defiant|boost\n|-boost|p1a: Falinks|atk|2\n|turn|12\n|\n|t:|1781464046\n|move|p2a: Klawf|High Horsepower|p1a: Falinks\n|-damage|p1a: Falinks|149/246\n|-damage|p2a: Klawf|218/272|[from] item: Life Orb\n|move|p1a: Falinks|Close Combat|p2a: Klawf\n|-supereffective|p2a: Klawf\n|-damage|p2a: Klawf|0 fnt\n|-unboost|p1a: Falinks|def|1\n|-unboost|p1a: Falinks|spd|1\n|faint|p2a: Klawf\n|-damage|p1a: Falinks|125/246|[from] item: Life Orb\n|\n|upkeep\n|\n|t:|1781464051\n|switch|p2a: Dusknoir|Dusknoir, L89, M|225/225\n|-item|p1a: Falinks|Life Orb|[from] ability: Frisk|[of] p2a: Dusknoir\n|turn|13\n|\n|t:|1781464054\n|move|p2a: Dusknoir|Poltergeist|p1a: Falinks\n|-activate|p1a: Falinks|move: Poltergeist|Life Orb\n|-damage|p1a: Falinks|0 fnt\n|faint|p1a: Falinks\n|\n|upkeep\n|\n|t:|1781464070\n|switch|p1a: Deoxys|Deoxys-Speed, L82|95/216\n|-activate|p1a: Deoxys|move: Sticky Web\n|-unboost|p1a: Deoxys|spe|1\n|-ability|p1a: Deoxys|Pressure\n|turn|14\n|\n|t:|1781464075\n|move|p1a: Deoxys|Dark Pulse|p2a: Dusknoir\n|-supereffective|p2a: Dusknoir\n|-damage|p2a: Dusknoir|139/225\n|-damage|p1a: Deoxys|74/216|[from] item: Life Orb\n|move|p2a: Dusknoir|Poltergeist|p1a: Deoxys\n|-activate|p1a: Deoxys|move: Poltergeist|Life Orb\n|-supereffective|p1a: Deoxys\n|-damage|p1a: Deoxys|0 fnt\n|faint|p1a: Deoxys\n|\n|-heal|p2a: Dusknoir|153/225|[from] item: Leftovers\n|upkeep\n|\n|t:|1781464084\n|switch|p1a: Regieleki|Regieleki, L79|256/256\n|-activate|p1a: Regieleki|move: Sticky Web\n|-unboost|p1a: Regieleki|spe|1\n|turn|15\n|\n|t:|1781464098\n|move|p1a: Regieleki|Thunderbolt|p2a: Dusknoir\n|-damage|p2a: Dusknoir|63/225\n|-status|p2a: Dusknoir|par\n|move|p2a: Dusknoir|Pain Split|p1a: Regieleki\n|-sethp|p1a: Regieleki|159/256|[from] move: Pain Split|[silent]\n|-sethp|p2a: Dusknoir|159/225 par|[from] move: Pain Split\n|\n|-heal|p2a: Dusknoir|173/225 par|[from] item: Leftovers\n|upkeep\n|turn|16\n|\n|t:|1781464106\n|move|p1a: Regieleki|Thunderbolt|p2a: Dusknoir\n|-crit|p2a: Dusknoir\n|-damage|p2a: Dusknoir|46/225 par\n|move|p2a: Dusknoir|Poltergeist|p1a: Regieleki\n|-activate|p1a: Regieleki|move: Poltergeist|Magnet\n|-crit|p1a: Regieleki\n|-damage|p1a: Regieleki|0 fnt\n|faint|p1a: Regieleki\n|\n|-heal|p2a: Dusknoir|60/225 par|[from] item: Leftovers\n|upkeep\n|\n|t:|1781464109\n|switch|p1a: Jirachi|Jirachi, L80|291/291\n|-activate|p1a: Jirachi|move: Sticky Web\n|-unboost|p1a: Jirachi|spe|1\n|turn|17\n|\n|t:|1781464115\n|move|p1a: Jirachi|Iron Head|p2a: Dusknoir\n|-damage|p2a: Dusknoir|2/225 par\n|move|p2a: Dusknoir|Pain Split|p1a: Jirachi\n|-sethp|p1a: Jirachi|146/291|[from] move: Pain Split|[silent]\n|-sethp|p2a: Dusknoir|146/225 par|[from] move: Pain Split\n|\n|-heal|p1a: Jirachi|164/291|[from] item: Leftovers\n|-heal|p2a: Dusknoir|160/225 par|[from] item: Leftovers\n|upkeep\n|turn|18\n|\n|t:|1781464122\n|move|p1a: Jirachi|Iron Head|p2a: Dusknoir\n|-damage|p2a: Dusknoir|105/225 par\n|cant|p2a: Dusknoir|par\n|\n|-heal|p1a: Jirachi|182/291|[from] item: Leftovers\n|-heal|p2a: Dusknoir|119/225 par|[from] item: Leftovers\n|upkeep\n|turn|19\n|\n|t:|1781464126\n|move|p1a: Jirachi|Iron Head|p2a: Dusknoir\n|-damage|p2a: Dusknoir|64/225 par\n|cant|p2a: Dusknoir|flinch\n|\n|-heal|p1a: Jirachi|200/291|[from] item: Leftovers\n|-heal|p2a: Dusknoir|78/225 par|[from] item: Leftovers\n|upkeep\n|turn|20\n|\n|t:|1781464130\n|move|p1a: Jirachi|Iron Head|p2a: Dusknoir\n|-damage|p2a: Dusknoir|27/225 par\n|cant|p2a: Dusknoir|par\n|\n|-heal|p1a: Jirachi|218/291|[from] item: Leftovers\n|-heal|p2a: Dusknoir|41/225 par|[from] item: Leftovers\n|upkeep\n|turn|21\n|\n|t:|1781464134\n|move|p1a: Jirachi|Iron Head|p2a: Dusknoir\n|-damage|p2a: Dusknoir|0 fnt\n|faint|p2a: Dusknoir\n|\n|-heal|p1a: Jirachi|236/291|[from] item: Leftovers\n|upkeep\n|\n|t:|1781464136\n|switch|p2a: Mamoswine|Mamoswine, L81, M|311/311\n|turn|22\n|\n|t:|1781464144\n|-terastallize|p2a: Mamoswine|Ground\n|-terastallize|p1a: Jirachi|Water\n|move|p2a: Mamoswine|Earthquake|p1a: Jirachi\n|-damage|p1a: Jirachi|0 fnt\n|faint|p1a: Jirachi\n|\n|win|Valentina17\n", "inputlog": ">version a8376a258c1d4662feba110a92103f3664a72141\n>start {\"formatid\":\"gen9randombattle\",\"seed\":\"sodium,a8deed6f763eee6be0c21ea5a6085242\",\"rated\":\"Rated battle\"}\n>player p1 {\"name\":\"Boogey\",\"avatar\":\"265\",\"rating\":1951,\"seed\":\"sodium,2bd3f08778b979f9dcf70998a41669cd\"}\n>player p2 {\"name\":\"Valentina17\",\"avatar\":\"parasollady\",\"rating\":1924,\"seed\":\"sodium,92c418261b0ffd6ead01181f03775922\"}\n>p1 move voltswitch\n>p2 move megahorn\n>p1 switch 2\n>p1 switch 5\n>p2 move suckerpunch\n>p1 move dragondance\n>p2 move stickyweb\n>p1 move liquidation\n>p2 move megahorn\n>p2 switch 3\n>p1 move liquidation\n>p2 move discharge\n>p1 switch 5\n>p1 move dracometeor\n>p2 move discharge\n>p2 switch 5\n>p1 move taunt\n>p2 move bellydrum\n>p1 move shedtail\n>p2 move icespinner\n>p1 switch 3\n>p1 move focusblast\n>p2 move icespinner\n>p1 move psychoboost\n>p2 move liquidation\n>p2 switch 2\n>p1 switch 3\n>p2 move knockoff\n>p1 switch 6\n>p1 move closecombat\n>p2 move highhorsepower\n>p2 switch 4\n>p1 move knockoff\n>p2 move poltergeist\n>p1 switch 3\n>p1 move darkpulse\n>p2 move poltergeist\n>p1 switch 2\n>p1 move thunderbolt\n>p2 move painsplit\n>p1 move thunderbolt\n>p2 move poltergeist\n>p1 switch 4\n>p1 move ironhead\n>p2 move painsplit\n>p1 move ironhead\n>p2 move poltergeist\n>p1 move ironhead\n>p2 move painsplit\n>p1 move ironhead\n>p2 move painsplit\n>p1 move ironhead\n>p2 move painsplit\n>p2 switch 6\n>p1 move ironhead terastallize\n>p2 move earthquake terastallize", "uploadtime": 1781463924, "views": 9, "formatid": "gen9randombattle", "rating": null, "private": 0, "password": null}