{"id": "gen9randombattle-2631510485", "format": "[Gen 9] Random Battle", "players": ["mztmztmzt123", "bluffmepls"], "log": "|j|\u2606mztmztmzt123\n|j|\u2606bluffmepls\n|t:|1781394414\n|gametype|singles\n|player|p1|mztmztmzt123|266|2211\n|player|p2|bluffmepls|266|2223\n|gen|9\n|tier|[Gen 9] Random Battle\n|rated|\n|rule|Species Clause: Limit one of each Pok\u00e9mon\n|rule|HP Percentage Mod: HP is shown in percentages\n|rule|Sleep Clause Mod: Limit one foe put to sleep\n|rule|Illusion Level Mod: Illusion disguises the Pok\u00e9mon's true level\n|\n|t:|1781394414\n|teamsize|p1|6\n|teamsize|p2|6\n|start\n|switch|p1a: Vigoroth|Vigoroth, L85, F|275/275\n|switch|p2a: Duraludon|Duraludon, L82, F|249/249\n|turn|1\n|inactive|Battle timer is ON: inactive players will automatically lose when time's up. (requested by bluffmepls)\n|\n|t:|1781394435\n|move|p1a: Vigoroth|Bulk Up|p1a: Vigoroth\n|-boost|p1a: Vigoroth|atk|1\n|-boost|p1a: Vigoroth|def|1\n|move|p2a: Duraludon|Body Press|p1a: Vigoroth\n|-supereffective|p1a: Vigoroth\n|-damage|p1a: Vigoroth|219/275\n|\n|upkeep\n|turn|2\n|\n|t:|1781394443\n|move|p1a: Vigoroth|Earthquake|p2a: Duraludon\n|-supereffective|p2a: Duraludon\n|-damage|p2a: Duraludon|141/249\n|move|p2a: Duraludon|Thunder Wave|p1a: Vigoroth|[miss]\n|-miss|p2a: Duraludon|p1a: Vigoroth\n|\n|upkeep\n|turn|3\n|\n|t:|1781394452\n|switch|p2a: Ho-Oh|Ho-Oh, L71|268/268\n|move|p1a: Vigoroth|Bulk Up|p1a: Vigoroth\n|-boost|p1a: Vigoroth|atk|1\n|-boost|p1a: Vigoroth|def|1\n|\n|upkeep\n|turn|4\n|\n|t:|1781394455\n|move|p1a: Vigoroth|Body Slam|p2a: Ho-Oh\n|-damage|p2a: Ho-Oh|94/268\n|move|p2a: Ho-Oh|Sacred Fire|p1a: Vigoroth\n|-crit|p1a: Vigoroth\n|-damage|p1a: Vigoroth|111/275\n|-status|p1a: Vigoroth|brn\n|\n|-damage|p1a: Vigoroth|94/275 brn|[from] brn\n|upkeep\n|turn|5\n|\n|t:|1781394466\n|switch|p2a: Avalugg|Avalugg, L88, F|310/310\n|move|p1a: Vigoroth|Body Slam|p2a: Avalugg\n|-damage|p2a: Avalugg|271/310\n|-status|p2a: Avalugg|par\n|\n|-damage|p1a: Vigoroth|77/275 brn|[from] brn\n|upkeep\n|turn|6\n|\n|t:|1781394477\n|switch|p1a: Swanna|Swanna, L89, F|278/278\n|move|p2a: Avalugg|Body Press|p1a: Swanna\n|-resisted|p1a: Swanna\n|-damage|p1a: Swanna|210/278\n|\n|upkeep\n|turn|7\n|\n|t:|1781394488\n|switch|p2a: Duraludon|Duraludon, L82, F|141/249\n|move|p1a: Swanna|Hydro Pump|p2a: Duraludon\n|-resisted|p2a: Duraludon\n|-damage|p2a: Duraludon|77/249\n|\n|upkeep\n|turn|8\n|\n|t:|1781394512\n|switch|p1a: Vigoroth|Vigoroth, L85, F|77/275 brn\n|move|p2a: Duraludon|Draco Meteor|p1a: Vigoroth\n|-damage|p1a: Vigoroth|0 fnt\n|-unboost|p2a: Duraludon|spa|2\n|faint|p1a: Vigoroth\n|\n|upkeep\n|\n|t:|1781394516\n|switch|p1a: Zacian|Zacian-Crowned, L64|225/225\n|-ability|p1a: Zacian|Intrepid Sword|boost\n|-boost|p1a: Zacian|atk|1\n|turn|9\n|\n|t:|1781394531\n|move|p1a: Zacian|Close Combat|p2a: Duraludon\n|-supereffective|p2a: Duraludon\n|-damage|p2a: Duraludon|0 fnt\n|-unboost|p1a: Zacian|def|1\n|-unboost|p1a: Zacian|spd|1\n|faint|p2a: Duraludon\n|\n|upkeep\n|\n|t:|1781394534\n|switch|p2a: Ho-Oh|Ho-Oh, L71|183/268\n|turn|10\n|\n|t:|1781394543\n|switch|p1a: Grimmsnarl|Grimmsnarl, L83, M|293/293\n|switch|p2a: Lycanroc|Lycanroc, L86, M|269/269\n|\n|upkeep\n|turn|11\n|\n|t:|1781394553\n|switch|p2a: Avalugg|Avalugg, L88, F|271/310 par\n|move|p1a: Grimmsnarl|Thunder Wave|p2a: Avalugg|[miss]\n|-miss|p1a: Grimmsnarl|p2a: Avalugg\n|\n|upkeep\n|turn|12\n|\n|t:|1781394563\n|switch|p1a: Swanna|Swanna, L89, F|210/278\n|cant|p2a: Avalugg|par\n|\n|upkeep\n|turn|13\n|\n|t:|1781394570\n|move|p1a: Swanna|Hydro Pump|p2a: Avalugg\n|-damage|p2a: Avalugg|93/310 par\n|cant|p2a: Avalugg|par\n|\n|upkeep\n|turn|14\n|\n|t:|1781394575\n|move|p1a: Swanna|Hydro Pump|p2a: Avalugg\n|-damage|p2a: Avalugg|0 fnt\n|faint|p2a: Avalugg\n|\n|upkeep\n|\n|t:|1781394577\n|switch|p2a: Lycanroc|Lycanroc, L86, M|269/269\n|turn|15\n|\n|t:|1781394582\n|switch|p1a: Grimmsnarl|Grimmsnarl, L83, M|293/293\n|move|p2a: Lycanroc|Stone Edge|p1a: Grimmsnarl\n|-damage|p1a: Grimmsnarl|79/293\n|-damage|p2a: Lycanroc|243/269|[from] item: Life Orb\n|\n|-heal|p1a: Grimmsnarl|97/293|[from] item: Leftovers\n|upkeep\n|turn|16\n|\n|t:|1781394590\n|switch|p2a: Rabsca|Rabsca, L91, M|284/284\n|move|p1a: Grimmsnarl|Thunder Wave|p2a: Rabsca\n|-status|p2a: Rabsca|par\n|-activate|p2a: Rabsca|ability: Synchronize\n|-status|p1a: Grimmsnarl|par\n|\n|-heal|p1a: Grimmsnarl|115/293 par|[from] item: Leftovers\n|upkeep\n|turn|17\n|\n|t:|1781394598\n|cant|p1a: Grimmsnarl|par\n|cant|p2a: Rabsca|par\n|\n|-heal|p1a: Grimmsnarl|133/293 par|[from] item: Leftovers\n|upkeep\n|turn|18\n|\n|t:|1781394601\n|cant|p1a: Grimmsnarl|par\n|move|p2a: Rabsca|Bug Buzz|p1a: Grimmsnarl\n|-damage|p1a: Grimmsnarl|0 fnt\n|faint|p1a: Grimmsnarl\n|\n|upkeep\n|\n|t:|1781394612\n|switch|p1a: Bisharp|Bisharp, L79, M|232/232\n|turn|19\n|\n|t:|1781394619\n|switch|p2a: Breloom|Breloom, L83, F|235/235\n|move|p1a: Bisharp|Stealth Rock|p2a: Breloom\n|-sidestart|p2: bluffmepls|move: Stealth Rock\n|\n|upkeep\n|turn|20\n|\n|t:|1781394629\n|switch|p1a: Muk|Muk, L86, F|321/321\n|move|p2a: Breloom|Bullet Seed|p1a: Muk\n|-resisted|p1a: Muk\n|-damage|p1a: Muk|289/321\n|-resisted|p1a: Muk\n|-damage|p1a: Muk|254/321\n|-resisted|p1a: Muk\n|-damage|p1a: Muk|220/321\n|-resisted|p1a: Muk\n|-damage|p1a: Muk|184/321\n|-resisted|p1a: Muk\n|-crit|p1a: Muk\n|-damage|p1a: Muk|132/321\n|-hitcount|p1a: Muk|5\n|-damage|p2a: Breloom|212/235|[from] item: Life Orb\n|\n|upkeep\n|turn|21\n|\n|t:|1781394635\n|move|p1a: Muk|Shadow Sneak|p2a: Breloom\n|-damage|p2a: Breloom|177/235\n|-status|p2a: Breloom|psn|[from] ability: Poison Touch|[of] p1a: Muk\n|move|p2a: Breloom|Bullet Seed|p1a: Muk\n|-resisted|p1a: Muk\n|-damage|p1a: Muk|100/321\n|-resisted|p1a: Muk\n|-damage|p1a: Muk|64/321\n|-hitcount|p1a: Muk|2\n|-damage|p2a: Breloom|154/235 psn|[from] item: Life Orb\n|\n|-damage|p2a: Breloom|125/235 psn|[from] psn\n|upkeep\n|turn|22\n|\n|t:|1781394644\n|switch|p1a: Zacian|Zacian-Crowned, L64|225/225\n|move|p2a: Breloom|Rock Tomb|p1a: Zacian\n|-resisted|p1a: Zacian\n|-damage|p1a: Zacian|174/225\n|-unboost|p1a: Zacian|spe|1\n|-damage|p2a: Breloom|102/235 psn|[from] item: Life Orb\n|\n|-damage|p2a: Breloom|73/235 psn|[from] psn\n|upkeep\n|turn|23\n|\n|t:|1781394649\n|switch|p1a: Muk|Muk, L86, F|64/321\n|move|p2a: Breloom|Mach Punch|p1a: Muk\n|-resisted|p1a: Muk\n|-damage|p1a: Muk|9/321\n|-damage|p2a: Breloom|50/235 psn|[from] item: Life Orb\n|\n|-damage|p2a: Breloom|21/235 psn|[from] psn\n|upkeep\n|turn|24\n|\n|t:|1781394654\n|move|p2a: Breloom|Mach Punch|p1a: Muk\n|-resisted|p1a: Muk\n|-damage|p1a: Muk|0 fnt\n|faint|p1a: Muk\n|-damage|p2a: Breloom|0 fnt|[from] item: Life Orb\n|faint|p2a: Breloom\n|\n|upkeep\n|\n|t:|1781394664\n|switch|p2a: Lycanroc|Lycanroc, L86, M|243/269\n|switch|p1a: Swanna|Swanna, L89, F|210/278\n|-damage|p2a: Lycanroc|210/269|[from] Stealth Rock\n|turn|25\n|\n|t:|1781394671\n|switch|p2a: Rabsca|Rabsca, L91, M|284/284 par\n|-terastallize|p1a: Swanna|Ground\n|move|p1a: Swanna|Hydro Pump|p2a: Rabsca\n|-damage|p2a: Rabsca|188/284 par\n|\n|upkeep\n|turn|26\n|\n|t:|1781394676\n|move|p1a: Swanna|Brave Bird|p2a: Rabsca\n|-supereffective|p2a: Rabsca\n|-damage|p2a: Rabsca|0 fnt\n|faint|p2a: Rabsca\n|-damage|p1a: Swanna|148/278|[from] Recoil\n|\n|upkeep\n|\n|t:|1781394685\n|switch|p2a: Ho-Oh|Ho-Oh, L71|268/268\n|turn|27\n|\n|t:|1781394695\n|-terastallize|p2a: Ho-Oh|Steel\n|move|p1a: Swanna|Hydro Pump|p2a: Ho-Oh\n|-damage|p2a: Ho-Oh|175/268\n|move|p2a: Ho-Oh|Sacred Fire|p1a: Swanna\n|-damage|p1a: Swanna|24/278\n|\n|upkeep\n|turn|28\n|\n|t:|1781394711\n|move|p1a: Swanna|Roost|p1a: Swanna\n|-heal|p1a: Swanna|163/278\n|move|p2a: Ho-Oh|Sacred Fire|p1a: Swanna\n|-damage|p1a: Swanna|54/278\n|-status|p1a: Swanna|brn\n|\n|-damage|p1a: Swanna|37/278 brn|[from] brn\n|upkeep\n|turn|29\n|\n|t:|1781394715\n|switch|p2a: Lycanroc|Lycanroc, L86, M|210/269\n|-damage|p2a: Lycanroc|177/269|[from] Stealth Rock\n|move|p1a: Swanna|Roost|p1a: Swanna\n|-heal|p1a: Swanna|176/278 brn\n|\n|-damage|p1a: Swanna|159/278 brn|[from] brn\n|upkeep\n|turn|30\n|\n|t:|1781394719\n|move|p2a: Lycanroc|Stone Edge|p1a: Swanna\n|-resisted|p1a: Swanna\n|-damage|p1a: Swanna|60/278 brn\n|-damage|p2a: Lycanroc|151/269|[from] item: Life Orb\n|move|p1a: Swanna|Hydro Pump|p2a: Lycanroc\n|-supereffective|p2a: Lycanroc\n|-damage|p2a: Lycanroc|0 fnt\n|faint|p2a: Lycanroc\n|\n|-damage|p1a: Swanna|43/278 brn|[from] brn\n|upkeep\n|\n|t:|1781394722\n|switch|p2a: Ho-Oh|Ho-Oh, L71, tera:Steel|264/268\n|turn|31\n|\n|t:|1781394729\n|move|p1a: Swanna|Hydro Pump|p2a: Ho-Oh\n|-damage|p2a: Ho-Oh|171/268\n|move|p2a: Ho-Oh|Earthquake|p1a: Swanna\n|-damage|p1a: Swanna|0 fnt\n|faint|p1a: Swanna\n|\n|upkeep\n|\n|t:|1781394731\n|switch|p1a: Bisharp|Bisharp, L79, M|232/232\n|turn|32\n|\n|t:|1781394735\n|move|p2a: Ho-Oh|Sacred Fire|p1a: Bisharp\n|-supereffective|p1a: Bisharp\n|-damage|p1a: Bisharp|110/232\n|move|p1a: Bisharp|Throat Chop|p2a: Ho-Oh\n|-damage|p2a: Ho-Oh|57/268\n|-start|p2a: Ho-Oh|Throat Chop|[silent]\n|\n|upkeep\n|turn|33\n|\n|t:|1781394740\n|move|p2a: Ho-Oh|Recover|p2a: Ho-Oh\n|-heal|p2a: Ho-Oh|191/268\n|move|p1a: Bisharp|Throat Chop|p2a: Ho-Oh\n|-damage|p2a: Ho-Oh|79/268\n|\n|-end|p2a: Ho-Oh|Throat Chop|[silent]\n|upkeep\n|turn|34\n|\n|t:|1781394743\n|move|p2a: Ho-Oh|Recover|p2a: Ho-Oh\n|-heal|p2a: Ho-Oh|213/268\n|move|p1a: Bisharp|Throat Chop|p2a: Ho-Oh\n|-damage|p2a: Ho-Oh|111/268\n|-start|p2a: Ho-Oh|Throat Chop|[silent]\n|\n|upkeep\n|turn|35\n|\n|t:|1781394745\n|move|p2a: Ho-Oh|Recover|p2a: Ho-Oh\n|-heal|p2a: Ho-Oh|245/268\n|move|p1a: Bisharp|Throat Chop|p2a: Ho-Oh\n|-damage|p2a: Ho-Oh|140/268\n|\n|-end|p2a: Ho-Oh|Throat Chop|[silent]\n|upkeep\n|turn|36\n|\n|t:|1781394748\n|move|p2a: Ho-Oh|Sacred Fire|p1a: Bisharp\n|-supereffective|p1a: Bisharp\n|-damage|p1a: Bisharp|0 fnt\n|faint|p1a: Bisharp\n|\n|upkeep\n|\n|t:|1781394750\n|switch|p1a: Zacian|Zacian-Crowned, L64|174/225\n|turn|37\n|\n|t:|1781394754\n|move|p1a: Zacian|Close Combat|p2a: Ho-Oh\n|-supereffective|p2a: Ho-Oh\n|-damage|p2a: Ho-Oh|0 fnt\n|-unboost|p1a: Zacian|def|1\n|-unboost|p1a: Zacian|spd|1\n|faint|p2a: Ho-Oh\n|\n|win|mztmztmzt123\n", "uploadtime": 1781394416, "views": 5, "formatid": "gen9randombattle", "rating": null, "private": 0, "password": null}