{"id": "gen9randombattle-2631969987", "format": "[Gen 9] Random Battle", "players": ["Droddrod", "BoonLikker"], "log": "|j|\u2606Droddrod\n|j|\u2606BoonLikker\n|t:|1781461186\n|gametype|singles\n|player|p1|Droddrod|cyrus|2033\n|player|p2|BoonLikker|266|2141\n|gen|9\n|tier|[Gen 9] Random Battle\n|rated|\n|rule|Species Clause: Limit one of each Pok\u00e9mon\n|rule|HP Percentage Mod: HP is shown in percentages\n|rule|Sleep Clause Mod: Limit one foe put to sleep\n|rule|Illusion Level Mod: Illusion disguises the Pok\u00e9mon's true level\n|\n|t:|1781461186\n|teamsize|p1|6\n|teamsize|p2|6\n|start\n|switch|p1a: Pelipper|Pelipper, L86, M|243/243\n|switch|p2a: Vivillon|Vivillon-Polar, L83, F|268/268\n|-weather|RainDance|[from] ability: Drizzle|[of] p1a: Pelipper\n|turn|1\n|\n|t:|1781461193\n|move|p2a: Vivillon|Sleep Powder|p1a: Pelipper\n|-status|p1a: Pelipper|slp|[from] move: Sleep Powder\n|cant|p1a: Pelipper|slp\n|\n|-weather|RainDance|[upkeep]\n|upkeep\n|turn|2\n|\n|t:|1781461215\n|move|p2a: Vivillon|Hurricane|p1a: Pelipper\n|-damage|p1a: Pelipper|108/243 slp\n|-start|p1a: Pelipper|confusion\n|cant|p1a: Pelipper|slp\n|\n|-weather|RainDance|[upkeep]\n|upkeep\n|turn|3\n|\n|t:|1781461227\n|move|p2a: Vivillon|Hurricane|p1a: Pelipper\n|-crit|p1a: Pelipper\n|-damage|p1a: Pelipper|0 fnt\n|faint|p1a: Pelipper\n|\n|-weather|RainDance|[upkeep]\n|upkeep\n|\n|t:|1781461229\n|switch|p1a: Iron Boulder|Iron Boulder, L77|265/265\n|-enditem|p1a: Iron Boulder|Booster Energy\n|-activate|p1a: Iron Boulder|ability: Quark Drive|[fromitem]\n|-start|p1a: Iron Boulder|quarkdrivespe\n|turn|4\n|\n|t:|1781461256\n|-terastallize|p2a: Vivillon|Ground\n|move|p1a: Iron Boulder|Mighty Cleave|p2a: Vivillon\n|-resisted|p2a: Vivillon\n|-crit|p2a: Vivillon\n|-damage|p2a: Vivillon|154/268\n|move|p2a: Vivillon|Tera Blast|p1a: Iron Boulder|[anim] Tera Blast Ground\n|-supereffective|p1a: Iron Boulder\n|-damage|p1a: Iron Boulder|121/265\n|\n|-weather|RainDance|[upkeep]\n|upkeep\n|turn|5\n|\n|t:|1781461274\n|switch|p2a: Appletun|Appletun, L92, M|352/352\n|move|p1a: Iron Boulder|Zen Headbutt|p2a: Appletun\n|-damage|p2a: Appletun|276/352\n|\n|-weather|none\n|-heal|p2a: Appletun|298/352|[from] item: Leftovers\n|upkeep\n|turn|6\n|\n|t:|1781461282\n|-end|p1a: Iron Boulder|Quark Drive|[silent]\n|switch|p1a: Talonflame|Talonflame, L83, M|265/265\n|move|p2a: Appletun|Apple Acid|p1a: Talonflame\n|-resisted|p1a: Talonflame\n|-damage|p1a: Talonflame|236/265\n|-unboost|p1a: Talonflame|spd|1\n|\n|-heal|p2a: Appletun|320/352|[from] item: Leftovers\n|upkeep\n|turn|7\n|\n|t:|1781461289\n|switch|p2a: Weezing|Weezing-Galar, L86, F|252/252\n|move|p1a: Talonflame|Brave Bird|p2a: Weezing\n|-damage|p2a: Weezing|176/252\n|-damage|p1a: Talonflame|211/265|[from] Recoil\n|\n|-heal|p2a: Weezing|191/252|[from] item: Leftovers\n|upkeep\n|turn|8\n|\n|t:|1781461294\n|move|p1a: Talonflame|Overheat|p2a: Weezing\n|-damage|p2a: Weezing|53/252\n|-unboost|p1a: Talonflame|spa|2\n|move|p2a: Weezing|Gunk Shot|p1a: Talonflame\n|-damage|p1a: Talonflame|63/265\n|\n|-heal|p2a: Weezing|68/252|[from] item: Leftovers\n|upkeep\n|turn|9\n|\n|t:|1781461316\n|move|p1a: Talonflame|Overheat|p2a: Weezing\n|-damage|p2a: Weezing|7/252\n|-unboost|p1a: Talonflame|spa|2\n|move|p2a: Weezing|Gunk Shot|p1a: Talonflame\n|-damage|p1a: Talonflame|0 fnt\n|faint|p1a: Talonflame\n|\n|-heal|p2a: Weezing|22/252|[from] item: Leftovers\n|upkeep\n|\n|t:|1781461324\n|switch|p1a: Iron Boulder|Iron Boulder, L77|121/265\n|turn|10\n|\n|t:|1781461331\n|move|p1a: Iron Boulder|Swords Dance|p1a: Iron Boulder\n|-boost|p1a: Iron Boulder|atk|2\n|move|p2a: Weezing|Strange Steam|p1a: Iron Boulder\n|-damage|p1a: Iron Boulder|31/265\n|\n|-heal|p2a: Weezing|37/252|[from] item: Leftovers\n|upkeep\n|turn|11\n|\n|t:|1781461335\n|move|p1a: Iron Boulder|Mighty Cleave|p2a: Weezing\n|-damage|p2a: Weezing|0 fnt\n|faint|p2a: Weezing\n|\n|upkeep\n|\n|t:|1781461338\n|switch|p2a: Appletun|Appletun, L92, M|320/352\n|turn|12\n|\n|t:|1781461344\n|move|p1a: Iron Boulder|Mighty Cleave|p2a: Appletun\n|-damage|p2a: Appletun|128/352\n|move|p2a: Appletun|Apple Acid|p1a: Iron Boulder\n|-supereffective|p1a: Iron Boulder\n|-damage|p1a: Iron Boulder|0 fnt\n|faint|p1a: Iron Boulder\n|-end|p1a: Iron Boulder|Quark Drive|[silent]\n|\n|-heal|p2a: Appletun|150/352|[from] item: Leftovers\n|upkeep\n|\n|t:|1781461346\n|switch|p1a: Primarina|Primarina, L83, F|268/268\n|turn|13\n|\n|t:|1781461360\n|switch|p2a: Scovillain|Scovillain, L91, F|266/266\n|move|p1a: Primarina|Moonblast|p2a: Scovillain\n|-resisted|p2a: Scovillain\n|-damage|p2a: Scovillain|202/266\n|\n|upkeep\n|turn|14\n|\n|t:|1781461366\n|move|p2a: Scovillain|Sunny Day|p2a: Scovillain\n|-weather|SunnyDay\n|move|p1a: Primarina|Psychic Noise|p2a: Scovillain\n|-damage|p2a: Scovillain|147/266\n|-start|p2a: Scovillain|move: Heal Block\n|\n|-weather|SunnyDay|[upkeep]\n|upkeep\n|turn|15\n|\n|t:|1781461385\n|switch|p1a: Wo-Chien|Wo-Chien, L83|277/277\n|-ability|p1a: Wo-Chien|Tablets of Ruin\n|move|p2a: Scovillain|Energy Ball|p1a: Wo-Chien\n|-resisted|p1a: Wo-Chien\n|-damage|p1a: Wo-Chien|235/277\n|\n|-weather|SunnyDay|[upkeep]\n|-heal|p1a: Wo-Chien|252/277|[from] item: Leftovers\n|-end|p2a: Scovillain|move: Heal Block\n|upkeep\n|turn|16\n|\n|t:|1781461393\n|move|p1a: Wo-Chien|Protect|p1a: Wo-Chien\n|-singleturn|p1a: Wo-Chien|Protect\n|move|p2a: Scovillain|Fire Blast|p1a: Wo-Chien\n|-activate|p1a: Wo-Chien|move: Protect\n|\n|-weather|SunnyDay|[upkeep]\n|-heal|p1a: Wo-Chien|269/277|[from] item: Leftovers\n|upkeep\n|turn|17\n|\n|t:|1781461399\n|-terastallize|p1a: Wo-Chien|Poison\n|move|p2a: Scovillain|Fire Blast|p1a: Wo-Chien\n|-damage|p1a: Wo-Chien|103/277\n|-status|p1a: Wo-Chien|brn\n|move|p1a: Wo-Chien|Knock Off|p2a: Scovillain\n|-damage|p2a: Scovillain|96/266\n|-enditem|p2a: Scovillain|Heavy-Duty Boots|[from] move: Knock Off|[of] p1a: Wo-Chien\n|\n|-weather|SunnyDay|[upkeep]\n|-heal|p1a: Wo-Chien|120/277 brn|[from] item: Leftovers\n|-damage|p1a: Wo-Chien|103/277 brn|[from] brn\n|upkeep\n|turn|18\n|\n|t:|1781461412\n|move|p1a: Wo-Chien|Protect|p1a: Wo-Chien\n|-singleturn|p1a: Wo-Chien|Protect\n|move|p2a: Scovillain|Fire Blast|p1a: Wo-Chien\n|-activate|p1a: Wo-Chien|move: Protect\n|\n|-weather|none\n|-heal|p1a: Wo-Chien|120/277 brn|[from] item: Leftovers\n|-damage|p1a: Wo-Chien|103/277 brn|[from] brn\n|upkeep\n|turn|19\n|\n|t:|1781461422\n|move|p2a: Scovillain|Fire Blast|p1a: Wo-Chien\n|-damage|p1a: Wo-Chien|0 fnt\n|faint|p1a: Wo-Chien\n|\n|upkeep\n|\n|t:|1781461427\n|switch|p1a: Primarina|Primarina, L83, F|268/268\n|turn|20\n|\n|t:|1781461442\n|move|p2a: Scovillain|Energy Ball|p1a: Primarina\n|-supereffective|p1a: Primarina\n|-damage|p1a: Primarina|86/268\n|move|p1a: Primarina|Psychic Noise|p2a: Scovillain\n|-damage|p2a: Scovillain|0 fnt\n|faint|p2a: Scovillain\n|\n|-heal|p1a: Primarina|102/268|[from] item: Leftovers\n|upkeep\n|\n|t:|1781461458\n|switch|p2a: Vivillon|Vivillon-Polar, L83, F, tera:Ground|154/268\n|turn|21\n|\n|t:|1781461467\n|move|p2a: Vivillon|Tera Blast|p1a: Primarina|[anim] Tera Blast Ground\n|-damage|p1a: Primarina|36/268\n|move|p1a: Primarina|Psychic Noise|p2a: Vivillon\n|-supereffective|p2a: Vivillon\n|-damage|p2a: Vivillon|0 fnt\n|faint|p2a: Vivillon\n|\n|-heal|p1a: Primarina|52/268|[from] item: Leftovers\n|upkeep\n|\n|t:|1781461470\n|switch|p2a: Baxcalibur|Baxcalibur, L75, F|295/295\n|turn|22\n|\n|t:|1781461479\n|move|p2a: Baxcalibur|Earthquake|p1a: Primarina\n|-damage|p1a: Primarina|0 fnt\n|faint|p1a: Primarina\n|\n|upkeep\n|\n|t:|1781461480\n|switch|p1a: Sandslash|Sandslash, L89, F|278/278\n|turn|23\n|\n|t:|1781461495\n|move|p2a: Baxcalibur|Icicle Spear|p1a: Sandslash\n|-supereffective|p1a: Sandslash\n|-damage|p1a: Sandslash|228/278\n|-supereffective|p1a: Sandslash\n|-damage|p1a: Sandslash|178/278\n|-supereffective|p1a: Sandslash\n|-damage|p1a: Sandslash|128/278\n|-supereffective|p1a: Sandslash\n|-damage|p1a: Sandslash|78/278\n|-supereffective|p1a: Sandslash\n|-damage|p1a: Sandslash|34/278\n|-hitcount|p1a: Sandslash|5\n|move|p1a: Sandslash|Swords Dance|p1a: Sandslash\n|-boost|p1a: Sandslash|atk|2\n|\n|-heal|p1a: Sandslash|51/278|[from] item: Leftovers\n|upkeep\n|turn|24\n|\n|t:|1781461502\n|move|p2a: Baxcalibur|Icicle Spear|p1a: Sandslash\n|-supereffective|p1a: Sandslash\n|-damage|p1a: Sandslash|3/278\n|-supereffective|p1a: Sandslash\n|-damage|p1a: Sandslash|0 fnt\n|faint|p1a: Sandslash\n|-hitcount|p1: Sandslash|2\n|\n|win|BoonLikker\n", "inputlog": ">version a8376a258c1d4662feba110a92103f3664a72141\n>start {\"formatid\":\"gen9randombattle\",\"seed\":\"sodium,00b43a75bd9e2d65b4f4f88bf2d1a7d7\",\"rated\":\"Rated battle\"}\n>player p1 {\"name\":\"Droddrod\",\"avatar\":\"cyrus\",\"rating\":2033,\"seed\":\"sodium,8736336f06abd7104e0585f82a6e1685\"}\n>player p2 {\"name\":\"BoonLikker\",\"avatar\":\"266\",\"rating\":2141,\"seed\":\"sodium,95e347b9cc9d3772100abcedc34431cb\"}\n>p1 move hurricane\n>p2 move sleeppowder\n>p1 move hurricane\n>p2 move hurricane\n>p1 move hurricane\n>p2 move hurricane\n>p1 switch 6\n>p1 move mightycleave\n>p2 move terablast terastallize\n>p1 move zenheadbutt\n>p2 switch 4\n>p1 switch 2\n>p2 move appleacid\n>p1 move bravebird\n>p2 switch 6\n>p1 move overheat\n>p2 move gunkshot\n>p1 move overheat\n>p2 move gunkshot\n>p1 switch 2\n>p1 move swordsdance\n>p2 move strangesteam\n>p1 move mightycleave\n>p2 move strangesteam\n>p2 switch 6\n>p1 move mightycleave\n>p2 move appleacid\n>p1 switch 3\n>p1 move moonblast\n>p2 switch 5\n>p1 move psychicnoise\n>p2 move sunnyday\n>p1 switch 5\n>p2 move energyball\n>p1 move protect\n>p2 move fireblast\n>p1 move knockoff terastallize\n>p2 move fireblast\n>p1 move protect\n>p2 move fireblast\n>p1 move knockoff\n>p2 move fireblast\n>p1 switch 5\n>p1 move psychicnoise\n>p2 move energyball\n>p2 switch 4\n>p1 move psychicnoise\n>p2 move terablast\n>p2 switch 2\n>p1 move drainingkiss\n>p2 move earthquake\n>p1 switch 4\n>p1 move swordsdance\n>p2 move iciclespear\n>p1 move rapidspin\n>p2 move iciclespear", "uploadtime": 1781461188, "views": 6, "formatid": "gen9randombattle", "rating": null, "private": 0, "password": null}