{"id": "gen9randombattle-2631904704", "format": "[Gen 9] Random Battle", "players": ["darkiway", "YouShallNotPas"], "log": "|j|\u2606darkiway\n|j|\u2606YouShallNotPas\n|t:|1781454057\n|gametype|singles\n|player|p1|darkiway|lady|1967\n|player|p2|YouShallNotPas|101|1932\n|gen|9\n|tier|[Gen 9] Random Battle\n|rated|\n|rule|Species Clause: Limit one of each Pok\u00e9mon\n|rule|HP Percentage Mod: HP is shown in percentages\n|rule|Sleep Clause Mod: Limit one foe put to sleep\n|rule|Illusion Level Mod: Illusion disguises the Pok\u00e9mon's true level\n|\n|t:|1781454057\n|teamsize|p1|6\n|teamsize|p2|6\n|start\n|switch|p1a: Basculin|Basculin, L86, F|261/261\n|switch|p2a: Mabosstiff|Mabosstiff, L86, M|278/278\n|turn|1\n|\n|t:|1781454082\n|move|p2a: Mabosstiff|Wild Charge|p1a: Basculin\n|-supereffective|p1a: Basculin\n|-damage|p1a: Basculin|71/261\n|-damage|p2a: Mabosstiff|230/278|[from] Recoil\n|move|p1a: Basculin|Wave Crash|p2a: Mabosstiff\n|-damage|p2a: Mabosstiff|0 fnt\n|faint|p2a: Mabosstiff\n|-damage|p1a: Basculin|0 fnt|[from] Recoil\n|faint|p1a: Basculin\n|\n|upkeep\n|\n|t:|1781454100\n|switch|p1a: Smeargle|Smeargle, L95, M|258/258\n|switch|p2a: Regieleki|Regieleki, L79|256/256\n|turn|2\n|\n|t:|1781454117\n|switch|p1a: Vileplume|Vileplume, L85, F|266/266\n|move|p2a: Regieleki|Volt Switch|p1a: Vileplume\n|-resisted|p1a: Vileplume\n|-damage|p1a: Vileplume|219/266\n|\n|t:|1781454149\n|switch|p2a: Jirachi|Jirachi, L80|291/291|[from] Volt Switch\n|\n|-heal|p1a: Vileplume|235/266|[from] item: Leftovers\n|upkeep\n|turn|3\n|\n|t:|1781454156\n|move|p2a: Jirachi|Body Slam|p1a: Vileplume\n|-damage|p1a: Vileplume|173/266\n|move|p1a: Vileplume|Leech Seed|p2a: Jirachi|[miss]\n|-miss|p1a: Vileplume|p2a: Jirachi\n|\n|-heal|p1a: Vileplume|189/266|[from] item: Leftovers\n|upkeep\n|turn|4\n|\n|t:|1781454163\n|move|p2a: Jirachi|Body Slam|p1a: Vileplume\n|-damage|p1a: Vileplume|128/266\n|-status|p1a: Vileplume|par\n|-status|p2a: Jirachi|slp|[from] ability: Effect Spore|[of] p1a: Vileplume\n|move|p1a: Vileplume|Leech Seed|p2a: Jirachi\n|-start|p2a: Jirachi|move: Leech Seed\n|\n|-heal|p1a: Vileplume|144/266 par|[from] item: Leftovers\n|-damage|p2a: Jirachi|255/291 slp|[from] Leech Seed|[of] p1a: Vileplume\n|-heal|p1a: Vileplume|180/266 par|[silent]\n|upkeep\n|turn|5\n|\n|t:|1781454176\n|cant|p2a: Jirachi|slp\n|move|p1a: Vileplume|Strength Sap|p2a: Jirachi\n|-unboost|p2a: Jirachi|atk|1\n|-heal|p1a: Vileplume|266/266 par\n|\n|-heal|p2a: Jirachi|273/291 slp|[from] item: Leftovers\n|-damage|p2a: Jirachi|237/291 slp|[from] Leech Seed|[of] p1a: Vileplume\n|upkeep\n|turn|6\n|\n|t:|1781454186\n|cant|p2a: Jirachi|slp\n|move|p1a: Vileplume|Giga Drain|p2a: Jirachi\n|-resisted|p2a: Jirachi\n|-damage|p2a: Jirachi|192/291 slp\n|\n|-heal|p2a: Jirachi|210/291 slp|[from] item: Leftovers\n|-damage|p2a: Jirachi|174/291 slp|[from] Leech Seed|[of] p1a: Vileplume\n|upkeep\n|turn|7\n|\n|t:|1781454194\n|cant|p2a: Jirachi|slp\n|move|p1a: Vileplume|Giga Drain|p2a: Jirachi\n|-resisted|p2a: Jirachi\n|-damage|p2a: Jirachi|134/291 slp\n|\n|-heal|p2a: Jirachi|152/291 slp|[from] item: Leftovers\n|-damage|p2a: Jirachi|116/291 slp|[from] Leech Seed|[of] p1a: Vileplume\n|upkeep\n|turn|8\n|\n|t:|1781454201\n|-curestatus|p2a: Jirachi|slp|[msg]\n|move|p2a: Jirachi|Wish|p2a: Jirachi\n|move|p1a: Vileplume|Giga Drain|p2a: Jirachi\n|-resisted|p2a: Jirachi\n|-damage|p2a: Jirachi|71/291\n|\n|-heal|p2a: Jirachi|89/291|[from] item: Leftovers\n|-damage|p2a: Jirachi|53/291|[from] Leech Seed|[of] p1a: Vileplume\n|upkeep\n|turn|9\n|\n|t:|1781454214\n|switch|p1a: Banette|Banette, L93, F|270/270\n|move|p2a: Jirachi|Protect||[still]\n|-fail|p2a: Jirachi\n|\n|-heal|p2a: Jirachi|198/291|[from] move: Wish|[wisher] Jirachi\n|-heal|p2a: Jirachi|216/291|[from] item: Leftovers\n|-damage|p2a: Jirachi|180/291|[from] Leech Seed|[of] p1a: Banette\n|upkeep\n|turn|10\n|\n|t:|1781454231\n|switch|p2a: Lanturn|Lanturn, L89, M|367/367\n|move|p1a: Banette|Poltergeist|p2a: Lanturn\n|-activate|p2a: Lanturn|move: Poltergeist|Leftovers\n|-damage|p2a: Lanturn|114/367\n|-damage|p1a: Banette|243/270|[from] item: Life Orb\n|\n|-heal|p2a: Lanturn|136/367|[from] item: Leftovers\n|upkeep\n|turn|11\n|\n|t:|1781454245\n|move|p1a: Banette|Poltergeist|p2a: Lanturn\n|-activate|p2a: Lanturn|move: Poltergeist|Leftovers\n|-damage|p2a: Lanturn|0 fnt\n|faint|p2a: Lanturn\n|-damage|p1a: Banette|216/270|[from] item: Life Orb\n|\n|upkeep\n|\n|t:|1781454280\n|switch|p2a: Jirachi|Jirachi, L80|180/291\n|turn|12\n|\n|t:|1781454294\n|move|p2a: Jirachi|Iron Head|p1a: Banette\n|-damage|p1a: Banette|129/270\n|move|p1a: Banette|Poltergeist|p2a: Jirachi\n|-activate|p2a: Jirachi|move: Poltergeist|Leftovers\n|-supereffective|p2a: Jirachi\n|-damage|p2a: Jirachi|0 fnt\n|faint|p2a: Jirachi\n|-damage|p1a: Banette|102/270|[from] item: Life Orb\n|\n|upkeep\n|\n|t:|1781454304\n|switch|p2a: Regieleki|Regieleki, L79|256/256\n|turn|13\n|\n|t:|1781454309\n|switch|p1a: Vileplume|Vileplume, L85, F|266/266 par\n|move|p2a: Regieleki|Thunderbolt|p1a: Vileplume\n|-resisted|p1a: Vileplume\n|-damage|p1a: Vileplume|202/266 par\n|\n|-heal|p1a: Vileplume|218/266 par|[from] item: Leftovers\n|upkeep\n|turn|14\n|\n|t:|1781454318\n|move|p2a: Regieleki|Volt Switch|p1a: Vileplume\n|-resisted|p1a: Vileplume\n|-damage|p1a: Vileplume|172/266 par\n|\n|t:|1781454322\n|switch|p2a: Shaymin|Shaymin-Sky, L73|266/266|[from] Volt Switch\n|move|p1a: Vileplume|Giga Drain|p2a: Shaymin\n|-resisted|p2a: Shaymin\n|-damage|p2a: Shaymin|237/266\n|-heal|p1a: Vileplume|187/266 par|[from] drain|[of] p2a: Shaymin\n|\n|-heal|p1a: Vileplume|203/266 par|[from] item: Leftovers\n|upkeep\n|turn|15\n|c|\u2606darkiway|double paraflinch is crazy\n|\n|t:|1781454358\n|switch|p1a: Smeargle|Smeargle, L95, M|258/258\n|move|p2a: Shaymin|Air Slash|p1a: Smeargle\n|-damage|p1a: Smeargle|161/258\n|\n|upkeep\n|turn|16\n|\n|t:|1781454367\n|move|p2a: Shaymin|Seed Flare|p1a: Smeargle|[miss]\n|-miss|p2a: Shaymin|p1a: Smeargle\n|move|p1a: Smeargle|Sticky Web|p2a: Shaymin\n|-sidestart|p2: YouShallNotPas|move: Sticky Web\n|\n|upkeep\n|turn|17\n|\n|t:|1781454372\n|move|p2a: Shaymin|Seed Flare|p1a: Smeargle\n|-damage|p1a: Smeargle|4/258\n|-unboost|p1a: Smeargle|spd|2\n|move|p1a: Smeargle|Ceaseless Edge|p2a: Shaymin\n|-damage|p2a: Shaymin|204/266\n|-sidestart|p2: YouShallNotPas|Spikes\n|\n|upkeep\n|turn|18\n|\n|t:|1781454382\n|move|p2a: Shaymin|Earth Power|p1a: Smeargle\n|-damage|p1a: Smeargle|0 fnt\n|faint|p1a: Smeargle\n|\n|upkeep\n|\n|t:|1781454392\n|switch|p1a: Keldeo|Keldeo-Resolute, L79|273/273\n|turn|19\n|\n|t:|1781454415\n|-terastallize|p1a: Keldeo|Steel\n|move|p2a: Shaymin|Seed Flare|p1a: Keldeo\n|-resisted|p1a: Keldeo\n|-damage|p1a: Keldeo|208/273\n|-unboost|p1a: Keldeo|spd|2\n|move|p1a: Keldeo|Substitute|p1a: Keldeo\n|-start|p1a: Keldeo|Substitute\n|-damage|p1a: Keldeo|140/273\n|\n|-heal|p1a: Keldeo|157/273|[from] item: Leftovers\n|upkeep\n|turn|20\n|\n|t:|1781454425\n|move|p2a: Shaymin|Earth Power|p1a: Keldeo\n|-supereffective|p1a: Keldeo\n|-end|p1a: Keldeo|Substitute\n|move|p1a: Keldeo|Calm Mind|p1a: Keldeo\n|-boost|p1a: Keldeo|spa|1\n|-boost|p1a: Keldeo|spd|1\n|\n|-heal|p1a: Keldeo|174/273|[from] item: Leftovers\n|upkeep\n|turn|21\n|\n|t:|1781454433\n|move|p2a: Shaymin|Earth Power|p1a: Keldeo\n|-supereffective|p1a: Keldeo\n|-damage|p1a: Keldeo|0 fnt\n|faint|p1a: Keldeo\n|\n|upkeep\n|\n|t:|1781454439\n|switch|p1a: Crabominable|Crabominable, L90, M|321/321\n|turn|22\n|\n|t:|1781454471\n|-terastallize|p2a: Shaymin|Water\n|move|p2a: Shaymin|Seed Flare|p1a: Crabominable\n|-damage|p1a: Crabominable|185/321\n|-unboost|p1a: Crabominable|spd|2\n|move|p1a: Crabominable|Ice Hammer|p2a: Shaymin\n|-resisted|p2a: Shaymin\n|-damage|p2a: Shaymin|27/266\n|-unboost|p1a: Crabominable|spe|1\n|\n|upkeep\n|turn|23\n|\n|t:|1781454487\n|move|p2a: Shaymin|Air Slash|p1a: Crabominable\n|-supereffective|p1a: Crabominable\n|-damage|p1a: Crabominable|0 fnt\n|faint|p1a: Crabominable\n|\n|upkeep\n|\n|t:|1781454490\n|switch|p1a: Banette|Banette, L93, F|102/270\n|turn|24\n|\n|t:|1781454497\n|switch|p2a: Regieleki|Regieleki, L79|256/256\n|-activate|p2a: Regieleki|move: Sticky Web\n|-unboost|p2a: Regieleki|spe|1\n|-damage|p2a: Regieleki|224/256|[from] Spikes\n|move|p1a: Banette|Shadow Sneak|p2a: Regieleki\n|-damage|p2a: Regieleki|91/256\n|-damage|p1a: Banette|75/270|[from] item: Life Orb\n|\n|upkeep\n|turn|25\n|\n|t:|1781454507\n|move|p1a: Banette|Shadow Sneak|p2a: Regieleki\n|-damage|p2a: Regieleki|0 fnt\n|faint|p2a: Regieleki\n|-damage|p1a: Banette|48/270|[from] item: Life Orb\n|\n|upkeep\n|\n|t:|1781454512\n|switch|p2a: Palossand|Palossand, L89, F|296/296\n|-activate|p2a: Palossand|move: Sticky Web\n|-unboost|p2a: Palossand|spe|1\n|-damage|p2a: Palossand|259/296|[from] Spikes\n|turn|26\n|\n|t:|1781454523\n|switch|p1a: Vileplume|Vileplume, L85, F|203/266 par\n|move|p2a: Palossand|Shadow Ball|p1a: Vileplume\n|-damage|p1a: Vileplume|110/266 par\n|-unboost|p1a: Vileplume|spd|1\n|\n|-heal|p2a: Palossand|277/296|[from] item: Leftovers\n|-heal|p1a: Vileplume|126/266 par|[from] item: Leftovers\n|upkeep\n|turn|27\n|\n|t:|1781454531\n|move|p2a: Palossand|Shadow Ball|p1a: Vileplume\n|-damage|p1a: Vileplume|0 fnt\n|faint|p1a: Vileplume\n|\n|-heal|p2a: Palossand|295/296|[from] item: Leftovers\n|upkeep\n|\n|t:|1781454535\n|switch|p1a: Banette|Banette, L93, F|48/270\n|turn|28\n|\n|t:|1781454539\n|move|p1a: Banette|Poltergeist|p2a: Palossand\n|-activate|p2a: Palossand|move: Poltergeist|Leftovers\n|-supereffective|p2a: Palossand\n|-damage|p2a: Palossand|0 fnt\n|faint|p2a: Palossand\n|-damage|p1a: Banette|21/270|[from] item: Life Orb\n|\n|upkeep\n|\n|t:|1781454546\n|switch|p2a: Shaymin|Shaymin-Sky, L73, tera:Water|27/266\n|turn|29\n|\n|t:|1781454550\n|move|p1a: Banette|Shadow Sneak|p2a: Shaymin\n|-damage|p2a: Shaymin|0 fnt\n|faint|p2a: Shaymin\n|-damage|p1a: Banette|0 fnt|[from] item: Life Orb\n|faint|p1a: Banette\n|\n|win|darkiway\n", "uploadtime": 1781454059, "views": 3, "formatid": "gen9randombattle", "rating": null, "private": 0, "password": null}