{"id": "gen9randombattle-2631438660", "format": "[Gen 9] Random Battle", "players": ["fugupineapple", "Meowerdoom"], "log": "|j|\u2606fugupineapple\n|j|\u2606Meowerdoom\n|t:|1781384727\n|gametype|singles\n|player|p1|fugupineapple|266|2084\n|player|p2|Meowerdoom|burgh|2054\n|gen|9\n|tier|[Gen 9] Random Battle\n|rated|\n|rule|Species Clause: Limit one of each Pok\u00e9mon\n|rule|HP Percentage Mod: HP is shown in percentages\n|rule|Sleep Clause Mod: Limit one foe put to sleep\n|rule|Illusion Level Mod: Illusion disguises the Pok\u00e9mon's true level\n|\n|t:|1781384727\n|teamsize|p1|6\n|teamsize|p2|6\n|start\n|switch|p1a: Mabosstiff|Mabosstiff, L86, F|278/278\n|switch|p2a: Chansey|Chansey, L85, F|564/564\n|turn|1\n|\n|t:|1781384735\n|move|p1a: Mabosstiff|Crunch|p2a: Chansey\n|-damage|p2a: Chansey|224/564\n|move|p2a: Chansey|Thunder Wave|p1a: Mabosstiff\n|-status|p1a: Mabosstiff|par\n|\n|upkeep\n|turn|2\n|\n|t:|1781384739\n|move|p2a: Chansey|Stealth Rock|p1a: Mabosstiff\n|-sidestart|p1: fugupineapple|move: Stealth Rock\n|move|p1a: Mabosstiff|Crunch|p2a: Chansey\n|-damage|p2a: Chansey|0 fnt\n|faint|p2a: Chansey\n|\n|upkeep\n|inactive|Battle timer is ON: inactive players will automatically lose when time's up. (requested by fugupineapple)\n|\n|t:|1781384751\n|switch|p2a: Ninetales|Ninetales-Alola, L78, M|242/242\n|-weather|Snowscape|[from] ability: Snow Warning|[of] p2a: Ninetales\n|turn|3\n|\n|t:|1781384757\n|switch|p1a: Regirock|Regirock, L83|268/268\n|-damage|p1a: Regirock|235/268|[from] Stealth Rock\n|move|p2a: Ninetales|Aurora Veil|p2a: Ninetales\n|-sidestart|p2: Meowerdoom|move: Aurora Veil\n|\n|-weather|Snowscape|[upkeep]\n|-heal|p1a: Regirock|251/268|[from] item: Leftovers\n|upkeep\n|turn|4\n|\n|t:|1781384765\n|switch|p2a: Ampharos|Ampharos, L88, M|302/302\n|move|p1a: Regirock|Thunder Wave|p2a: Ampharos\n|-immune|p2a: Ampharos\n|\n|-weather|Snowscape|[upkeep]\n|-heal|p1a: Regirock|267/268|[from] item: Leftovers\n|upkeep\n|turn|5\n|\n|t:|1781384768\n|switch|p1a: Sandy Shocks|Sandy Shocks, L80|267/267\n|move|p2a: Ampharos|Volt Switch|p1a: Sandy Shocks\n|-immune|p1a: Sandy Shocks\n|\n|-weather|Snowscape|[upkeep]\n|upkeep\n|turn|6\n|\n|t:|1781384777\n|switch|p2a: Iron Leaves|Iron Leaves, L80|275/275\n|move|p1a: Sandy Shocks|Thunder Wave|p2a: Iron Leaves\n|-status|p2a: Iron Leaves|par\n|\n|-weather|Snowscape|[upkeep]\n|upkeep\n|turn|7\n|\n|t:|1781384783\n|move|p1a: Sandy Shocks|Volt Switch|p2a: Iron Leaves\n|-resisted|p2a: Iron Leaves\n|-damage|p2a: Iron Leaves|256/275 par\n|\n|t:|1781384790\n|-end|p1a: Sandy Shocks|Protosynthesis|[silent]\n|switch|p1a: Iron Jugulis|Iron Jugulis, L77|271/271|[from] Volt Switch\n|-damage|p1a: Iron Jugulis|204/271|[from] Stealth Rock\n|move|p2a: Iron Leaves|Close Combat|p1a: Iron Jugulis\n|-damage|p1a: Iron Jugulis|29/271\n|-unboost|p2a: Iron Leaves|def|1\n|-unboost|p2a: Iron Leaves|spd|1\n|\n|-weather|none\n|upkeep\n|turn|8\n|\n|t:|1781384797\n|-end|p2a: Iron Leaves|Quark Drive|[silent]\n|switch|p2a: Ninetales|Ninetales-Alola, L78, M|242/242\n|-weather|Snowscape|[from] ability: Snow Warning|[of] p2a: Ninetales\n|move|p1a: Iron Jugulis|Hurricane|p2a: Ninetales\n|-damage|p2a: Ninetales|164/242\n|\n|-weather|Snowscape|[upkeep]\n|upkeep\n|turn|9\n|\n|t:|1781384803\n|move|p2a: Ninetales|Moonblast|p1a: Iron Jugulis\n|-supereffective|p1a: Iron Jugulis\n|-damage|p1a: Iron Jugulis|0 fnt\n|faint|p1a: Iron Jugulis\n|-end|p1a: Iron Jugulis|Quark Drive|[silent]\n|\n|-weather|Snowscape|[upkeep]\n|upkeep\n|\n|t:|1781384820\n|switch|p1a: Regirock|Regirock, L83|267/268\n|-damage|p1a: Regirock|234/268|[from] Stealth Rock\n|turn|10\n|\n|t:|1781384824\n|switch|p2a: Ampharos|Ampharos, L88, M|302/302\n|move|p1a: Regirock|Thunder Wave|p2a: Ampharos\n|-immune|p2a: Ampharos\n|\n|-weather|Snowscape|[upkeep]\n|-heal|p1a: Regirock|250/268|[from] item: Leftovers\n|-sideend|p2: Meowerdoom|move: Aurora Veil\n|upkeep\n|turn|11\n|\n|t:|1781384831\n|move|p2a: Ampharos|Focus Blast|p1a: Regirock\n|-supereffective|p1a: Regirock\n|-damage|p1a: Regirock|0 fnt\n|faint|p1a: Regirock\n|\n|-weather|Snowscape|[upkeep]\n|upkeep\n|\n|t:|1781384853\n|switch|p1a: Sandy Shocks|Sandy Shocks, L80|267/267\n|turn|12\n|\n|t:|1781384859\n|switch|p2a: Iron Leaves|Iron Leaves, L80|256/275 par\n|move|p1a: Sandy Shocks|Earth Power|p2a: Iron Leaves\n|-resisted|p2a: Iron Leaves\n|-damage|p2a: Iron Leaves|205/275 par\n|\n|-weather|none\n|upkeep\n|turn|13\n|\n|t:|1781384872\n|move|p1a: Sandy Shocks|Volt Switch|p2a: Iron Leaves\n|-resisted|p2a: Iron Leaves\n|-damage|p2a: Iron Leaves|170/275 par\n|\n|t:|1781384875\n|-end|p1a: Sandy Shocks|Protosynthesis|[silent]\n|switch|p1a: Mabosstiff|Mabosstiff, L86, F|278/278 par|[from] Volt Switch\n|-damage|p1a: Mabosstiff|244/278 par|[from] Stealth Rock\n|move|p2a: Iron Leaves|Leaf Blade|p1a: Mabosstiff\n|-crit|p1a: Mabosstiff\n|-damage|p1a: Mabosstiff|7/278 par\n|\n|upkeep\n|turn|14\n|\n|t:|1781384881\n|-end|p2a: Iron Leaves|Quark Drive|[silent]\n|switch|p2a: Ninetales|Ninetales-Alola, L78, M|164/242\n|-weather|Snowscape|[from] ability: Snow Warning|[of] p2a: Ninetales\n|cant|p1a: Mabosstiff|par\n|\n|-weather|Snowscape|[upkeep]\n|upkeep\n|turn|15\n|\n|t:|1781384886\n|move|p2a: Ninetales|Moonblast|p1a: Mabosstiff\n|-supereffective|p1a: Mabosstiff\n|-damage|p1a: Mabosstiff|0 fnt\n|faint|p1a: Mabosstiff\n|\n|-weather|Snowscape|[upkeep]\n|upkeep\n|\n|t:|1781384895\n|switch|p1a: Walking Wake|Walking Wake, L79|286/286\n|-damage|p1a: Walking Wake|251/286|[from] Stealth Rock\n|turn|16\n|\n|t:|1781384906\n|switch|p2a: Spiritomb|Spiritomb, L89, M|234/234\n|move|p1a: Walking Wake|Draco Meteor|p2a: Spiritomb\n|-damage|p2a: Spiritomb|78/234\n|-unboost|p1a: Walking Wake|spa|2\n|-damage|p1a: Walking Wake|223/286|[from] item: Life Orb\n|\n|-weather|Snowscape|[upkeep]\n|-heal|p2a: Spiritomb|92/234|[from] item: Leftovers\n|upkeep\n|turn|17\n|\n|t:|1781384915\n|-end|p1a: Walking Wake|Protosynthesis|[silent]\n|switch|p1a: Sandy Shocks|Sandy Shocks, L80|267/267\n|move|p2a: Spiritomb|Poltergeist|p1a: Sandy Shocks\n|-activate|p1a: Sandy Shocks|move: Poltergeist|Heavy-Duty Boots\n|-damage|p1a: Sandy Shocks|147/267\n|\n|-weather|Snowscape|[upkeep]\n|-heal|p2a: Spiritomb|106/234|[from] item: Leftovers\n|upkeep\n|turn|18\n|\n|t:|1781384920\n|move|p1a: Sandy Shocks|Earth Power|p2a: Spiritomb\n|-damage|p2a: Spiritomb|27/234\n|move|p2a: Spiritomb|Poltergeist|p1a: Sandy Shocks\n|-activate|p1a: Sandy Shocks|move: Poltergeist|Heavy-Duty Boots\n|-damage|p1a: Sandy Shocks|20/267\n|\n|-weather|none\n|-heal|p2a: Spiritomb|41/234|[from] item: Leftovers\n|upkeep\n|turn|19\n|\n|t:|1781384927\n|move|p2a: Spiritomb|Sucker Punch|p1a: Sandy Shocks\n|-damage|p1a: Sandy Shocks|0 fnt\n|faint|p1a: Sandy Shocks\n|-end|p1a: Sandy Shocks|Protosynthesis|[silent]\n|\n|-heal|p2a: Spiritomb|55/234|[from] item: Leftovers\n|upkeep\n|\n|t:|1781384928\n|switch|p1a: Walking Wake|Walking Wake, L79|223/286\n|-damage|p1a: Walking Wake|188/286|[from] Stealth Rock\n|turn|20\n|\n|t:|1781384934\n|move|p2a: Spiritomb|Sucker Punch|p1a: Walking Wake\n|-damage|p1a: Walking Wake|100/286\n|move|p1a: Walking Wake|Hydro Steam|p2a: Spiritomb\n|-crit|p2a: Spiritomb\n|-damage|p2a: Spiritomb|0 fnt\n|faint|p2a: Spiritomb\n|-damage|p1a: Walking Wake|72/286|[from] item: Life Orb\n|\n|upkeep\n|\n|t:|1781384951\n|switch|p2a: Ampharos|Ampharos, L88, M|302/302\n|turn|21\n|\n|t:|1781384954\n|move|p1a: Walking Wake|Draco Meteor|p2a: Ampharos\n|-damage|p2a: Ampharos|119/302\n|-unboost|p1a: Walking Wake|spa|2\n|-damage|p1a: Walking Wake|44/286|[from] item: Life Orb\n|move|p2a: Ampharos|Dazzling Gleam|p1a: Walking Wake\n|-supereffective|p1a: Walking Wake\n|-damage|p1a: Walking Wake|0 fnt\n|faint|p1a: Walking Wake\n|-end|p1a: Walking Wake|Protosynthesis|[silent]\n|\n|upkeep\n|\n|t:|1781384957\n|switch|p1a: Feraligatr|Feraligatr, L79, M|264/264\n|-damage|p1a: Feraligatr|231/264|[from] Stealth Rock\n|turn|22\n|\n|t:|1781384972\n|-terastallize|p2a: Ampharos|Fairy\n|move|p1a: Feraligatr|Dragon Dance|p1a: Feraligatr\n|-boost|p1a: Feraligatr|atk|1\n|-boost|p1a: Feraligatr|spe|1\n|move|p2a: Ampharos|Dazzling Gleam|p1a: Feraligatr\n|-damage|p1a: Feraligatr|42/264\n|\n|upkeep\n|turn|23\n|\n|t:|1781384980\n|move|p1a: Feraligatr|Liquidation|p2a: Ampharos\n|-damage|p2a: Ampharos|0 fnt\n|-status|p1a: Feraligatr|par|[from] ability: Static|[of] p2a: Ampharos\n|faint|p2a: Ampharos\n|\n|upkeep\n|\n|t:|1781384982\n|switch|p2a: Greedent|Greedent, L86, M|347/347\n|turn|24\n|\n|t:|1781384984\n|-terastallize|p1a: Feraligatr|Water\n|cant|p1a: Feraligatr|par\n|move|p2a: Greedent|Body Slam|p1a: Feraligatr\n|-damage|p1a: Feraligatr|0 fnt\n|faint|p1a: Feraligatr\n|\n|win|Meowerdoom\n", "inputlog": ">version a8376a258c1d4662feba110a92103f3664a72141\n>start {\"formatid\":\"gen9randombattle\",\"seed\":\"sodium,42b1adb7cc143c105cbacd4f30f97114\",\"rated\":\"Rated battle\"}\n>player p1 {\"name\":\"fugupineapple\",\"avatar\":\"266\",\"rating\":2084,\"seed\":\"sodium,2b02f758e1a1de4def66bab3252375e9\"}\n>player p2 {\"name\":\"Meowerdoom\",\"avatar\":\"burgh\",\"rating\":2054,\"seed\":\"sodium,fc9399d5f2ecb9a31b07d8a2662ff0bc\"}\n>p1 move crunch\n>p2 move thunderwave\n>p1 move crunch\n>p2 move stealthrock\n>p2 switch 3\n>p1 switch 4\n>p2 move auroraveil\n>p1 move thunderwave\n>p2 switch 5\n>p1 switch 3\n>p2 move voltswitch\n>p1 move thunderwave\n>p2 switch 2\n>p1 move voltswitch\n>p2 move closecombat\n>p1 switch 2\n>p1 move hurricane\n>p2 switch 5\n>p1 move hurricane\n>p2 move moonblast\n>p1 switch 3\n>p1 move thunderwave\n>p2 switch 2\n>p1 move irondefense\n>p2 move focusblast\n>p1 switch 2\n>p1 move earthpower\n>p2 switch 5\n>p1 move voltswitch\n>p2 move leafblade\n>p1 switch 4\n>p1 move crunch\n>p2 switch 2\n>p1 move psychicfangs\n>p2 move moonblast\n>p1 switch 6\n>p1 move dracometeor\n>p2 switch 4\n>p1 switch 4\n>p2 move poltergeist\n>p1 move earthpower\n>p2 move poltergeist\n>p1 move earthpower\n>p2 move suckerpunch\n>p1 switch 4\n>p1 move hydrosteam\n>p2 move suckerpunch\n>p2 switch 5\n>p1 move dracometeor\n>p2 move dazzlinggleam\n>p1 switch 5\n>p1 move dragondance\n>p2 move dazzlinggleam terastallize\n>p1 move liquidation\n>p2 move dazzlinggleam\n>p2 switch 6\n>p1 move liquidation terastallize\n>p2 move bodyslam", "uploadtime": 1781384728, "views": 9, "formatid": "gen9randombattle", "rating": null, "private": 0, "password": null}