{"id": "gen9randombattle-2631876222", "format": "[Gen 9] Random Battle", "players": ["TM50 Nightmare", "rrrpppp"], "log": "|j|\u2606TM50 Nightmare\n|j|\u2606rrrpppp\n|t:|1781450941\n|gametype|singles\n|player|p1|TM50 Nightmare|morty|1962\n|player|p2|rrrpppp|169|1986\n|gen|9\n|tier|[Gen 9] Random Battle\n|rated|\n|rule|Species Clause: Limit one of each Pok\u00e9mon\n|rule|HP Percentage Mod: HP is shown in percentages\n|rule|Sleep Clause Mod: Limit one foe put to sleep\n|rule|Illusion Level Mod: Illusion disguises the Pok\u00e9mon's true level\n|\n|t:|1781450941\n|teamsize|p1|6\n|teamsize|p2|6\n|start\n|switch|p1a: Roaring Moon|Roaring Moon, L72|270/270\n|switch|p2a: Uxie|Uxie, L83|260/260\n|turn|1\n|\n|t:|1781450988\n|-end|p1a: Roaring Moon|Protosynthesis|[silent]\n|switch|p1a: Morpeko|Morpeko, L88, F|245/245\n|switch|p2a: Great Tusk|Great Tusk, L77|304/304\n|\n|-formechange|p1a: Morpeko|Morpeko-Hangry||[from] ability: Hunger Switch\n|upkeep\n|turn|2\n|\n|t:|1781451002\n|move|p1a: Morpeko|Parting Shot|p2a: Great Tusk\n|-unboost|p2a: Great Tusk|atk|1\n|-unboost|p2a: Great Tusk|spa|1\n|\n|t:|1781451020\n|switch|p1a: Granbull|Granbull, L88, F|302/302|[from] Parting Shot\n|-ability|p1a: Granbull|Intimidate|boost\n|-unboost|p2a: Great Tusk|atk|1\n|move|p2a: Great Tusk|Rapid Spin|p1a: Granbull\n|-damage|p1a: Granbull|280/302\n|-boost|p2a: Great Tusk|spe|1\n|\n|-heal|p1a: Granbull|298/302|[from] item: Leftovers\n|upkeep\n|turn|3\n|\n|t:|1781451034\n|-end|p2a: Great Tusk|Protosynthesis|[silent]\n|switch|p2a: Groudon|Groudon, L72|263/263\n|-weather|SunnyDay|[from] ability: Drought|[of] p2a: Groudon\n|move|p1a: Granbull|Play Rough|p2a: Groudon\n|-damage|p2a: Groudon|166/263\n|\n|-weather|SunnyDay|[upkeep]\n|-heal|p2a: Groudon|182/263|[from] item: Leftovers\n|-heal|p1a: Granbull|302/302|[from] item: Leftovers\n|upkeep\n|turn|4\n|\n|t:|1781451060\n|move|p2a: Groudon|Will-O-Wisp|p1a: Granbull\n|-status|p1a: Granbull|brn\n|move|p1a: Granbull|Play Rough|p2a: Groudon\n|-damage|p2a: Groudon|135/263\n|\n|-weather|SunnyDay|[upkeep]\n|-heal|p2a: Groudon|151/263|[from] item: Leftovers\n|-damage|p1a: Granbull|284/302 brn|[from] brn\n|upkeep\n|turn|5\n|\n|t:|1781451080\n|move|p2a: Groudon|Heat Crash|p1a: Granbull\n|-damage|p1a: Granbull|133/302 brn\n|move|p1a: Granbull|Roar|p2a: Groudon\n|drag|p2a: Whimsicott|Whimsicott, L84, M|238/238\n|\n|-weather|SunnyDay|[upkeep]\n|-heal|p1a: Granbull|151/302 brn|[from] item: Leftovers\n|-damage|p1a: Granbull|133/302 brn|[from] brn\n|upkeep\n|turn|6\n|\n|t:|1781451097\n|move|p2a: Whimsicott|U-turn|p1a: Granbull\n|-resisted|p1a: Granbull\n|-damage|p1a: Granbull|114/302 brn\n|\n|t:|1781451100\n|switch|p2a: Great Tusk|Great Tusk, L77|304/304|[from] U-turn\n|-activate|p2a: Great Tusk|ability: Protosynthesis\n|-start|p2a: Great Tusk|protosynthesisatk\n|move|p1a: Granbull|Thunder Wave|p2a: Great Tusk\n|-immune|p2a: Great Tusk\n|\n|-weather|SunnyDay|[upkeep]\n|-heal|p1a: Granbull|132/302 brn|[from] item: Leftovers\n|-damage|p1a: Granbull|114/302 brn|[from] brn\n|upkeep\n|turn|7\n|\n|t:|1781451112\n|move|p2a: Great Tusk|Headlong Rush|p1a: Granbull\n|-damage|p1a: Granbull|0 fnt\n|-unboost|p2a: Great Tusk|def|1\n|-unboost|p2a: Great Tusk|spd|1\n|faint|p1a: Granbull\n|\n|-weather|none\n|-end|p2a: Great Tusk|Protosynthesis\n|upkeep\n|\n|t:|1781451150\n|switch|p1a: Milotic|Milotic, L83, F|293/293\n|turn|8\n|\n|t:|1781451157\n|-end|p2a: Great Tusk|Protosynthesis|[silent]\n|switch|p2a: Uxie|Uxie, L83|260/260\n|move|p1a: Milotic|Ice Beam|p2a: Uxie\n|-damage|p2a: Uxie|209/260\n|\n|-heal|p2a: Uxie|225/260|[from] item: Leftovers\n|upkeep\n|turn|9\n|\n|t:|1781451165\n|switch|p1a: Morpeko|Morpeko, L88, F|245/245\n|move|p2a: Uxie|Yawn|p1a: Morpeko\n|-start|p1a: Morpeko|move: Yawn|[of] p2a: Uxie\n|\n|-heal|p2a: Uxie|241/260|[from] item: Leftovers\n|-formechange|p1a: Morpeko|Morpeko-Hangry||[from] ability: Hunger Switch\n|upkeep\n|turn|10\n|\n|t:|1781451177\n|move|p1a: Morpeko|Parting Shot|p2a: Uxie\n|-unboost|p2a: Uxie|atk|1\n|-unboost|p2a: Uxie|spa|1\n|\n|t:|1781451184\n|switch|p1a: Ribombee|Ribombee, L83, F|235/235|[from] Parting Shot\n|move|p2a: Uxie|U-turn|p1a: Ribombee\n|-resisted|p1a: Ribombee\n|-damage|p1a: Ribombee|217/235\n|\n|t:|1781451194\n|switch|p2a: Scovillain|Scovillain, L91, F|266/266|[from] U-turn\n|\n|upkeep\n|turn|11\n|\n|t:|1781451227\n|switch|p1a: Milotic|Milotic, L83, F|293/293\n|move|p2a: Scovillain|Flamethrower|p1a: Milotic\n|-resisted|p1a: Milotic\n|-damage|p1a: Milotic|250/293\n|\n|-heal|p1a: Milotic|268/293|[from] item: Leftovers\n|upkeep\n|turn|12\n|\n|t:|1781451256\n|switch|p2a: Whimsicott|Whimsicott, L84, M|238/238\n|switch|p1a: Ribombee|Ribombee, L83, F|217/235\n|\n|upkeep\n|turn|13\n|\n|t:|1781451264\n|move|p1a: Ribombee|Moonblast|p2a: Whimsicott\n|-damage|p2a: Whimsicott|126/238\n|move|p2a: Whimsicott|U-turn|p1a: Ribombee\n|-resisted|p1a: Ribombee\n|-damage|p1a: Ribombee|192/235\n|\n|t:|1781451272\n|switch|p2a: Groudon|Groudon, L72|151/263|[from] U-turn\n|-weather|SunnyDay|[from] ability: Drought|[of] p2a: Groudon\n|\n|-weather|SunnyDay|[upkeep]\n|-heal|p2a: Groudon|167/263|[from] item: Leftovers\n|upkeep\n|turn|14\n|\n|t:|1781451279\n|switch|p1a: Milotic|Milotic, L83, F|268/293\n|move|p2a: Groudon|Spikes|p1a: Milotic\n|-sidestart|p1: TM50 Nightmare|Spikes\n|\n|-weather|SunnyDay|[upkeep]\n|-heal|p1a: Milotic|286/293|[from] item: Leftovers\n|-heal|p2a: Groudon|183/263|[from] item: Leftovers\n|upkeep\n|turn|15\n|\n|t:|1781451294\n|switch|p2a: Uxie|Uxie, L83|241/260\n|move|p1a: Milotic|Scald|p2a: Uxie\n|-damage|p2a: Uxie|210/260\n|-status|p2a: Uxie|brn\n|\n|-weather|SunnyDay|[upkeep]\n|-heal|p2a: Uxie|226/260 brn|[from] item: Leftovers\n|-heal|p1a: Milotic|293/293|[from] item: Leftovers\n|-damage|p2a: Uxie|210/260 brn|[from] brn\n|upkeep\n|turn|16\n|\n|t:|1781451310\n|move|p2a: Uxie|Knock Off|p1a: Milotic\n|-damage|p1a: Milotic|265/293\n|-enditem|p1a: Milotic|Leftovers|[from] move: Knock Off|[of] p2a: Uxie\n|move|p1a: Milotic|Dragon Tail|p2a: Uxie\n|-damage|p2a: Uxie|188/260 brn\n|drag|p2a: Whimsicott|Whimsicott, L84, M|126/238\n|\n|-weather|SunnyDay|[upkeep]\n|upkeep\n|turn|17\n|\n|t:|1781451321\n|switch|p1a: Ribombee|Ribombee, L83, F|192/235\n|move|p2a: Whimsicott|Giga Drain|p1a: Ribombee\n|-resisted|p1a: Ribombee\n|-damage|p1a: Ribombee|154/235\n|-heal|p2a: Whimsicott|145/238|[from] drain|[of] p1a: Ribombee\n|\n|-weather|none\n|upkeep\n|turn|18\n|\n|t:|1781451330\n|switch|p2a: Uxie|Uxie, L83|188/260 brn\n|move|p1a: Ribombee|Bug Buzz|p2a: Uxie\n|-supereffective|p2a: Uxie\n|-damage|p2a: Uxie|50/260 brn\n|\n|-heal|p2a: Uxie|66/260 brn|[from] item: Leftovers\n|-damage|p2a: Uxie|50/260 brn|[from] brn\n|upkeep\n|turn|19\n|\n|t:|1781451354\n|switch|p1a: Morpeko|Morpeko, L88, F|245/245\n|move|p2a: Uxie|Yawn|p1a: Morpeko\n|-start|p1a: Morpeko|move: Yawn|[of] p2a: Uxie\n|\n|-heal|p2a: Uxie|66/260 brn|[from] item: Leftovers\n|-damage|p2a: Uxie|50/260 brn|[from] brn\n|-formechange|p1a: Morpeko|Morpeko-Hangry||[from] ability: Hunger Switch\n|upkeep\n|turn|20\n|\n|t:|1781451378\n|move|p1a: Morpeko|Parting Shot|p2a: Uxie\n|-unboost|p2a: Uxie|atk|1\n|-unboost|p2a: Uxie|spa|1\n|\n|t:|1781451380\n|switch|p1a: Ribombee|Ribombee, L83, F|154/235|[from] Parting Shot\n|move|p2a: Uxie|Knock Off|p1a: Ribombee\n|-resisted|p1a: Ribombee\n|-damage|p1a: Ribombee|141/235\n|-enditem|p1a: Ribombee|Heavy-Duty Boots|[from] move: Knock Off|[of] p2a: Uxie\n|\n|-heal|p2a: Uxie|66/260 brn|[from] item: Leftovers\n|-damage|p2a: Uxie|50/260 brn|[from] brn\n|upkeep\n|turn|21\n|\n|t:|1781451394\n|move|p1a: Ribombee|Moonblast|p2a: Uxie\n|-damage|p2a: Uxie|0 fnt\n|faint|p2a: Uxie\n|\n|upkeep\n|\n|t:|1781451402\n|switch|p2a: Groudon|Groudon, L72|183/263\n|-weather|SunnyDay|[from] ability: Drought|[of] p2a: Groudon\n|turn|22\n|\n|t:|1781451415\n|switch|p1a: Milotic|Milotic, L83, F|265/293\n|-damage|p1a: Milotic|229/293|[from] Spikes\n|move|p2a: Groudon|Precipice Blades|p1a: Milotic\n|-damage|p1a: Milotic|76/293\n|\n|-weather|SunnyDay|[upkeep]\n|-heal|p2a: Groudon|199/263|[from] item: Leftovers\n|upkeep\n|turn|23\n|\n|t:|1781451436\n|switch|p2a: Scovillain|Scovillain, L91, F|266/266\n|move|p1a: Milotic|Recover|p1a: Milotic\n|-heal|p1a: Milotic|223/293\n|\n|-weather|SunnyDay|[upkeep]\n|upkeep\n|turn|24\n|\n|t:|1781451471\n|switch|p1a: Roaring Moon|Roaring Moon, L72|270/270\n|-damage|p1a: Roaring Moon|237/270|[from] Spikes\n|-activate|p1a: Roaring Moon|ability: Protosynthesis\n|-start|p1a: Roaring Moon|protosynthesisatk\n|move|p2a: Scovillain|Leaf Storm|p1a: Roaring Moon\n|-resisted|p1a: Roaring Moon\n|-damage|p1a: Roaring Moon|148/270\n|-unboost|p2a: Scovillain|spa|2\n|\n|-weather|SunnyDay|[upkeep]\n|upkeep\n|turn|25\n|\n|t:|1781451485\n|switch|p2a: Great Tusk|Great Tusk, L77|304/304\n|-activate|p2a: Great Tusk|ability: Protosynthesis\n|-start|p2a: Great Tusk|protosynthesisatk\n|move|p1a: Roaring Moon|Knock Off|p2a: Great Tusk\n|-resisted|p2a: Great Tusk\n|-damage|p2a: Great Tusk|256/304\n|-enditem|p2a: Great Tusk|Assault Vest|[from] move: Knock Off|[of] p1a: Roaring Moon\n|\n|-weather|SunnyDay|[upkeep]\n|upkeep\n|turn|26\n|\n|t:|1781451510\n|move|p1a: Roaring Moon|Dragon Dance|p1a: Roaring Moon\n|-boost|p1a: Roaring Moon|atk|1\n|-boost|p1a: Roaring Moon|spe|1\n|move|p2a: Great Tusk|Rapid Spin|p1a: Roaring Moon\n|-damage|p1a: Roaring Moon|75/270\n|-boost|p2a: Great Tusk|spe|1\n|\n|-weather|none\n|-end|p1a: Roaring Moon|Protosynthesis\n|-end|p2a: Great Tusk|Protosynthesis\n|upkeep\n|turn|27\n|\n|t:|1781451524\n|move|p1a: Roaring Moon|Outrage|p2a: Great Tusk\n|-damage|p2a: Great Tusk|99/304\n|move|p2a: Great Tusk|Close Combat|p1a: Roaring Moon\n|-supereffective|p1a: Roaring Moon\n|-damage|p1a: Roaring Moon|0 fnt\n|-unboost|p2a: Great Tusk|def|1\n|-unboost|p2a: Great Tusk|spd|1\n|faint|p1a: Roaring Moon\n|-end|p1a: Roaring Moon|Protosynthesis|[silent]\n|\n|upkeep\n|\n|t:|1781451549\n|switch|p1a: Milotic|Milotic, L83, F|223/293\n|-damage|p1a: Milotic|187/293|[from] Spikes\n|turn|28\n|\n|t:|1781451556\n|move|p2a: Great Tusk|Close Combat|p1a: Milotic\n|-damage|p1a: Milotic|39/293\n|-unboost|p2a: Great Tusk|def|1\n|-unboost|p2a: Great Tusk|spd|1\n|move|p1a: Milotic|Recover|p1a: Milotic\n|-heal|p1a: Milotic|186/293\n|\n|upkeep\n|turn|29\n|\n|t:|1781451565\n|move|p2a: Great Tusk|Close Combat|p1a: Milotic\n|-damage|p1a: Milotic|38/293\n|-unboost|p2a: Great Tusk|def|1\n|-unboost|p2a: Great Tusk|spd|1\n|move|p1a: Milotic|Recover|p1a: Milotic\n|-heal|p1a: Milotic|185/293\n|\n|upkeep\n|turn|30\n|\n|t:|1781451573\n|move|p2a: Great Tusk|Headlong Rush|p1a: Milotic\n|-damage|p1a: Milotic|40/293\n|-unboost|p2a: Great Tusk|def|1\n|-unboost|p2a: Great Tusk|spd|1\n|move|p1a: Milotic|Scald|p2a: Great Tusk\n|-supereffective|p2a: Great Tusk\n|-damage|p2a: Great Tusk|0 fnt\n|faint|p2a: Great Tusk\n|-end|p2a: Great Tusk|Protosynthesis|[silent]\n|\n|upkeep\n|\n|t:|1781451584\n|switch|p2a: Whimsicott|Whimsicott, L84, M|145/238\n|turn|31\n|\n|t:|1781451590\n|switch|p1a: Ribombee|Ribombee, L83, F|141/235\n|-damage|p1a: Ribombee|112/235|[from] Spikes\n|move|p2a: Whimsicott|Moonblast|p1a: Ribombee\n|-damage|p1a: Ribombee|6/235\n|\n|upkeep\n|turn|32\n|j| Pauliet456\n|\n|t:|1781451602\n|move|p1a: Ribombee|Moonblast|p2a: Whimsicott\n|-damage|p2a: Whimsicott|30/238\n|-unboost|p2a: Whimsicott|spa|1\n|move|p2a: Whimsicott|Moonblast|p1a: Ribombee\n|-damage|p1a: Ribombee|0 fnt\n|faint|p1a: Ribombee\n|\n|upkeep\n|l| Pauliet456\n|\n|t:|1781451682\n|switch|p1a: Morpeko|Morpeko, L88, F|245/245\n|turn|33\n|\n|t:|1781451691\n|move|p2a: Whimsicott|U-turn|p1a: Morpeko\n|-supereffective|p1a: Morpeko\n|-damage|p1a: Morpeko|151/245\n|\n|t:|1781451697\n|switch|p2a: Groudon|Groudon, L72|199/263|[from] U-turn\n|-weather|SunnyDay|[from] ability: Drought|[of] p2a: Groudon\n|move|p1a: Morpeko|Rapid Spin|p2a: Groudon\n|-damage|p2a: Groudon|169/263\n|-boost|p1a: Morpeko|spe|1\n|-sideend|p1: TM50 Nightmare|Spikes|[from] move: Rapid Spin|[of] p1a: Morpeko\n|\n|-weather|SunnyDay|[upkeep]\n|-heal|p2a: Groudon|185/263|[from] item: Leftovers\n|-formechange|p1a: Morpeko|Morpeko-Hangry||[from] ability: Hunger Switch\n|upkeep\n|turn|34\n|\n|t:|1781451724\n|move|p1a: Morpeko|Aura Wheel|p2a: Groudon\n|-damage|p2a: Groudon|83/263\n|-boost|p1a: Morpeko|spe|1\n|move|p2a: Groudon|Spikes|p1a: Morpeko\n|-sidestart|p1: TM50 Nightmare|Spikes\n|\n|-weather|SunnyDay|[upkeep]\n|-heal|p2a: Groudon|99/263|[from] item: Leftovers\n|-formechange|p1a: Morpeko|Morpeko||[from] ability: Hunger Switch\n|upkeep\n|turn|35\n|\n|t:|1781451750\n|move|p1a: Morpeko|Rapid Spin|p2a: Groudon\n|-damage|p2a: Groudon|65/263\n|-boost|p1a: Morpeko|spe|1\n|-sideend|p1: TM50 Nightmare|Spikes|[from] move: Rapid Spin|[of] p1a: Morpeko\n|move|p2a: Groudon|Precipice Blades|p1a: Morpeko\n|-supereffective|p1a: Morpeko\n|-damage|p1a: Morpeko|0 fnt\n|faint|p1a: Morpeko\n|\n|-weather|SunnyDay|[upkeep]\n|-heal|p2a: Groudon|81/263|[from] item: Leftovers\n|upkeep\n|\n|t:|1781451753\n|switch|p1a: Milotic|Milotic, L83, F|40/293\n|turn|36\n|\n|t:|1781451770\n|switch|p2a: Scovillain|Scovillain, L91, F|266/266\n|move|p1a: Milotic|Ice Beam|p2a: Scovillain\n|-damage|p2a: Scovillain|194/266\n|\n|-weather|SunnyDay|[upkeep]\n|upkeep\n|turn|37\n|\n|t:|1781451801\n|move|p2a: Scovillain|Flamethrower|p1a: Milotic\n|-resisted|p1a: Milotic\n|-damage|p1a: Milotic|0 fnt\n|faint|p1a: Milotic\n|\n|-weather|none\n|upkeep\n|\n|t:|1781451805\n|switch|p1a: Torterra|Torterra, L78, M|276/276\n|turn|38\n|\n|t:|1781451849\n|switch|p2a: Whimsicott|Whimsicott, L84, M|30/238\n|-terastallize|p1a: Torterra|Ground\n|move|p1a: Torterra|Rock Blast|p2a: Whimsicott\n|-damage|p2a: Whimsicott|11/238\n|-damage|p2a: Whimsicott|0 fnt\n|faint|p2a: Whimsicott\n|-hitcount|p2: Whimsicott|2\n|\n|upkeep\n|\n|t:|1781451860\n|switch|p2a: Groudon|Groudon, L72|81/263\n|-weather|SunnyDay|[from] ability: Drought|[of] p2a: Groudon\n|turn|39\n|\n|t:|1781451865\n|move|p2a: Groudon|Will-O-Wisp|p1a: Torterra\n|-status|p1a: Torterra|brn\n|move|p1a: Torterra|Shell Smash|p1a: Torterra\n|-unboost|p1a: Torterra|def|1\n|-unboost|p1a: Torterra|spd|1\n|-boost|p1a: Torterra|atk|2\n|-boost|p1a: Torterra|spa|2\n|-boost|p1a: Torterra|spe|2\n|\n|-weather|SunnyDay|[upkeep]\n|-heal|p2a: Groudon|97/263|[from] item: Leftovers\n|-damage|p1a: Torterra|259/276 brn|[from] brn\n|upkeep\n|turn|40\n|\n|t:|1781451878\n|switch|p2a: Scovillain|Scovillain, L91, F|194/266\n|move|p1a: Torterra|Bullet Seed|p2a: Scovillain\n|-resisted|p2a: Scovillain\n|-damage|p2a: Scovillain|188/266\n|-resisted|p2a: Scovillain\n|-crit|p2a: Scovillain\n|-damage|p2a: Scovillain|178/266\n|-resisted|p2a: Scovillain\n|-damage|p2a: Scovillain|171/266\n|-resisted|p2a: Scovillain\n|-damage|p2a: Scovillain|164/266\n|-hitcount|p2a: Scovillain|4\n|\n|-weather|SunnyDay|[upkeep]\n|-damage|p1a: Torterra|242/276 brn|[from] brn\n|upkeep\n|turn|41\n|\n|t:|1781451892\n|move|p2a: Scovillain|Energy Ball|p1a: Torterra\n|-supereffective|p1a: Torterra\n|-damage|p1a: Torterra|0 fnt\n|faint|p1a: Torterra\n|\n|win|rrrpppp\n", "inputlog": ">version a8376a258c1d4662feba110a92103f3664a72141\n>start {\"formatid\":\"gen9randombattle\",\"seed\":\"sodium,d19529dcd3cbb334f51772af656248fe\",\"rated\":\"Rated battle\"}\n>player p1 {\"name\":\"TM50 Nightmare\",\"avatar\":\"morty\",\"rating\":1962,\"seed\":\"sodium,43e6886a7ff75578b60a3ec8b26e3808\"}\n>player p2 {\"name\":\"rrrpppp\",\"avatar\":\"169\",\"rating\":1986,\"seed\":\"sodium,b44e344717355b71f2731055dbc2a232\"}\n>p1 switch 2\n>p2 switch 3\n>p1 move partingshot\n>p2 move rapidspin\n>p1 switch 5\n>p1 move playrough\n>p2 switch 5\n>p1 move playrough\n>p2 move willowisp\n>p1 move roar\n>p2 move heatcrash\n>p1 move thunderwave\n>p2 move uturn\n>p2 switch 5\n>p1 move roar\n>p2 move headlongrush\n>p1 switch 4\n>p1 move icebeam\n>p2 switch 3\n>p1 switch 5\n>p2 move yawn\n>p1 move partingshot\n>p2 move uturn\n>p1 switch 3\n>p2 switch 6\n>p1 switch 5\n>p2 move flamethrower\n>p1 switch 5\n>p2 switch 5\n>p1 move moonblast\n>p2 move uturn\n>p2 switch 2\n>p1 switch 5\n>p2 move spikes\n>p1 move scald\n>p2 switch 6\n>p1 move dragontail\n>p2 move knockoff\n>p1 switch 5\n>p2 move gigadrain\n>p1 move bugbuzz\n>p2 switch 2\n>p1 switch 3\n>p2 move yawn\n>p1 move partingshot\n>p2 move knockoff\n>p1 switch 3\n>p1 move moonblast\n>p2 move yawn\n>p2 switch 6\n>p1 switch 5\n>p2 move precipiceblades\n>p1 move recover\n>p2 switch 5\n>p1 switch 2\n>p2 move leafstorm\n>p1 move knockoff\n>p2 switch 3\n>p1 move dragondance\n>p2 move rapidspin\n>p1 move outrage\n>p2 move closecombat\n>p1 switch 2\n>p1 move recover\n>p2 move closecombat\n>p1 move recover\n>p2 move closecombat\n>p1 move scald\n>p2 move headlongrush\n>p2 switch 2\n>p1 switch 5\n>p2 move moonblast\n>p1 move moonblast\n>p2 move moonblast\n>p1 switch 3\n>p1 move rapidspin\n>p2 move uturn\n>p2 switch 5\n>p1 move aurawheel\n>p2 move spikes\n>p1 move rapidspin\n>p2 move precipiceblades\n>p1 switch 5\n>p1 move icebeam\n>p2 switch 3\n>p1 move recover\n>p2 move flamethrower\n>p1 switch 6\n>p1 move rockblast terastallize\n>p2 switch 5\n>p2 switch 3\n>p1 move shellsmash\n>p2 move willowisp\n>p1 move bulletseed\n>p2 switch 5\n>p1 move rockblast\n>p2 move energyball", "uploadtime": 1781450943, "views": 4, "formatid": "gen9randombattle", "rating": null, "private": 0, "password": null, "player_dets": [{"name": "TM50 Nightmare", "avatar": "morty", "rating": 1962, "seed": "sodium,43e6886a7ff75578b60a3ec8b26e3808"}, {"name": "rrrpppp", "avatar": "169", "rating": 1986, "seed": "sodium,b44e344717355b71f2731055dbc2a232"}], "teams_full": [{"Roaring Moon": {"name": "Roaring Moon", "species": "Roaring Moon", "speciesId": "roaringmoon", "gender": "N", "shiny": false, "level": 72, "moves": ["earthquake", "knockoff", "dragondance", "outrage"], "ability": "Protosynthesis", "evs": {"hp": 85, "atk": 85, "def": 85, "spa": 85, "spd": 85, "spe": 85}, "ivs": {"hp": 31, "atk": 31, "def": 31, "spa": 31, "spd": 31, "spe": 31}, "item": "Lum Berry", "teraType": "Poison", "role": "Setup Sweeper", "bvs": {"hp": 105, "atk": 139, "def": 71, "spa": 55, "spd": 101, "spe": 119}, "stats": {"hp": 270, "atk": 242, "def": 144, "spa": 121, "spd": 187, "spe": 213}}, "Morpeko": {"name": "Morpeko", "species": "Morpeko", "speciesId": "morpeko", "gender": "F", "shiny": false, "level": 88, "moves": ["rapidspin", "partingshot", "aurawheel", "protect"], "ability": "Hunger Switch", "evs": {"hp": 85, "atk": 85, "def": 85, "spa": 85, "spd": 85, "spe": 85}, "ivs": {"hp": 31, "atk": 31, "def": 31, "spa": 31, "spd": 31, "spe": 31}, "item": "Heavy-Duty Boots", "teraType": "Electric", "role": "Fast Support", "bvs": {"hp": 58, "atk": 95, "def": 58, "spa": 70, "spd": 58, "spe": 97}, "stats": {"hp": 245, "atk": 217, "def": 152, "spa": 173, "spd": 152, "spe": 221}}, "Ribombee": {"name": "Ribombee", "species": "Ribombee", "speciesId": "ribombee", "gender": "F", "shiny": false, "level": 83, "moves": ["moonblast", "bugbuzz", "stickyweb", "stunspore"], "ability": "Shield Dust", "evs": {"hp": 85, "atk": 0, "def": 85, "spa": 85, "spd": 85, "spe": 85}, "ivs": {"hp": 31, "atk": 0, "def": 31, "spa": 31, "spd": 31, "spe": 31}, "item": "Heavy-Duty Boots", "teraType": "Ghost", "role": "Fast Support", "bvs": {"hp": 60, "atk": 55, "def": 60, "spa": 95, "spd": 70, "spe": 124}, "stats": {"hp": 235, "atk": 96, "def": 147, "spa": 205, "spd": 164, "spe": 254}}, "Milotic": {"name": "Milotic", "species": "Milotic", "speciesId": "milotic", "gender": "F", "shiny": false, "level": 83, "moves": ["scald", "recover", "icebeam", "dragontail"], "ability": "Competitive", "evs": {"hp": 85, "atk": 85, "def": 85, "spa": 85, "spd": 85, "spe": 85}, "ivs": {"hp": 31, "atk": 31, "def": 31, "spa": 31, "spd": 31, "spe": 31}, "item": "Leftovers", "teraType": "Dragon", "role": "Bulky Attacker", "bvs": {"hp": 95, "atk": 60, "def": 79, "spa": 100, "spd": 125, "spe": 81}, "stats": {"hp": 293, "atk": 147, "def": 179, "spa": 214, "spd": 255, "spe": 182}}, "Granbull": {"name": "Granbull", "species": "Granbull", "speciesId": "granbull", "gender": "F", "shiny": false, "level": 88, "moves": ["playrough", "earthquake", "thunderwave", "roar"], "ability": "Intimidate", "evs": {"hp": 85, "atk": 85, "def": 85, "spa": 85, "spd": 85, "spe": 85}, "ivs": {"hp": 31, "atk": 31, "def": 31, "spa": 31, "spd": 31, "spe": 31}, "item": "Leftovers", "teraType": "Ground", "role": "Bulky Support", "bvs": {"hp": 90, "atk": 120, "def": 75, "spa": 60, "spd": 60, "spe": 45}, "stats": {"hp": 302, "atk": 261, "def": 182, "spa": 156, "spd": 156, "spe": 129}}, "Torterra": {"name": "Torterra", "species": "Torterra", "speciesId": "torterra", "gender": "M", "shiny": false, "level": 78, "moves": ["headlongrush", "rockblast", "bulletseed", "shellsmash"], "ability": "Overgrow", "evs": {"hp": 85, "atk": 85, "def": 85, "spa": 85, "spd": 85, "spe": 85}, "ivs": {"hp": 31, "atk": 31, "def": 31, "spa": 31, "spd": 31, "spe": 31}, "item": "Loaded Dice", "teraType": "Ground", "role": "Setup Sweeper", "bvs": {"hp": 95, "atk": 109, "def": 105, "spa": 75, "spd": 85, "spe": 56}, "stats": {"hp": 276, "atk": 215, "def": 209, "spa": 162, "spd": 178, "spe": 132}}}, {"Uxie": {"name": "Uxie", "species": "Uxie", "speciesId": "uxie", "gender": "N", "shiny": false, "level": 83, "moves": ["uturn", "knockoff", "yawn", "psychicnoise"], "ability": "Levitate", "evs": {"hp": 85, "atk": 85, "def": 85, "spa": 85, "spd": 85, "spe": 85}, "ivs": {"hp": 31, "atk": 31, "def": 31, "spa": 31, "spd": 31, "spe": 31}, "item": "Leftovers", "teraType": "Dark", "role": "Bulky Support", "bvs": {"hp": 75, "atk": 75, "def": 130, "spa": 75, "spd": 130, "spe": 95}, "stats": {"hp": 260, "atk": 172, "def": 263, "spa": 172, "spd": 263, "spe": 205}}, "Whimsicott": {"name": "Whimsicott", "species": "Whimsicott", "speciesId": "whimsicott", "gender": "M", "shiny": false, "level": 84, "moves": ["gigadrain", "encore", "uturn", "moonblast"], "ability": "Prankster", "evs": {"hp": 85, "atk": 85, "def": 85, "spa": 85, "spd": 85, "spe": 85}, "ivs": {"hp": 31, "atk": 31, "def": 31, "spa": 31, "spd": 31, "spe": 31}, "item": "Heavy-Duty Boots", "teraType": "Steel", "role": "Fast Support", "bvs": {"hp": 60, "atk": 67, "def": 85, "spa": 77, "spd": 75, "spe": 116}, "stats": {"hp": 238, "atk": 161, "def": 191, "spa": 178, "spd": 174, "spe": 243}}, "Great Tusk": {"name": "Great Tusk", "species": "Great Tusk", "speciesId": "greattusk", "gender": "N", "shiny": false, "level": 77, "moves": ["closecombat", "headlongrush", "knockoff", "rapidspin"], "ability": "Protosynthesis", "evs": {"hp": 85, "atk": 85, "def": 85, "spa": 85, "spd": 85, "spe": 85}, "ivs": {"hp": 31, "atk": 31, "def": 31, "spa": 31, "spd": 31, "spe": 31}, "item": "Assault Vest", "teraType": "Ground", "role": "Bulky Support", "bvs": {"hp": 115, "atk": 131, "def": 131, "spa": 53, "spd": 53, "spe": 87}, "stats": {"hp": 304, "atk": 246, "def": 246, "spa": 126, "spd": 126, "spe": 179}}, "Walking Wake": {"name": "Walking Wake", "species": "Walking Wake", "speciesId": "walkingwake", "gender": "N", "shiny": false, "level": 79, "moves": ["hydrosteam", "sunnyday", "flamethrower", "dracometeor"], "ability": "Protosynthesis", "evs": {"hp": 85, "atk": 0, "def": 85, "spa": 85, "spd": 85, "spe": 85}, "ivs": {"hp": 31, "atk": 0, "def": 31, "spa": 31, "spd": 31, "spe": 31}, "item": "Life Orb", "teraType": "Fire", "role": "Fast Attacker", "bvs": {"hp": 99, "atk": 83, "def": 91, "spa": 125, "spd": 83, "spe": 109}, "stats": {"hp": 286, "atk": 136, "def": 189, "spa": 243, "spd": 177, "spe": 218}}, "Groudon": {"name": "Groudon", "species": "Groudon", "speciesId": "groudon", "gender": "N", "shiny": false, "level": 72, "moves": ["spikes", "willowisp", "heatcrash", "precipiceblades"], "ability": "Drought", "evs": {"hp": 85, "atk": 85, "def": 85, "spa": 85, "spd": 85, "spe": 85}, "ivs": {"hp": 31, "atk": 31, "def": 31, "spa": 31, "spd": 31, "spe": 31}, "item": "Leftovers", "teraType": "Fire", "role": "Bulky Attacker", "bvs": {"hp": 100, "atk": 150, "def": 140, "spa": 100, "spd": 90, "spe": 90}, "stats": {"hp": 263, "atk": 258, "def": 244, "spa": 186, "spd": 172, "spe": 172}}, "Scovillain": {"name": "Scovillain", "species": "Scovillain", "speciesId": "scovillain", "gender": "F", "shiny": false, "level": 91, "moves": ["overheat", "energyball", "flamethrower", "leafstorm"], "ability": "Chlorophyll", "evs": {"hp": 85, "atk": 0, "def": 85, "spa": 85, "spd": 85, "spe": 85}, "ivs": {"hp": 31, "atk": 0, "def": 31, "spa": 31, "spd": 31, "spe": 31}, "item": "Choice Scarf", "teraType": "Fire", "role": "Fast Attacker", "bvs": {"hp": 65, "atk": 108, "def": 65, "spa": 108, "spd": 65, "spe": 75}, "stats": {"hp": 266, "atk": 201, "def": 170, "spa": 248, "spd": 170, "spe": 188}}}]}