{"id": "gen9randombattle-2631466162", "format": "[Gen 9] Random Battle", "players": ["Elite 4 Anubis", "iaremoose"], "log": "|j|\u2606Elite 4 Anubis\n|j|\u2606iaremoose\n|t:|1781388173\n|gametype|singles\n|player|p1|Elite 4 Anubis|266|2255\n|player|p2|iaremoose|acetrainerf-gen4|2259\n|gen|9\n|tier|[Gen 9] Random Battle\n|rated|\n|rule|Species Clause: Limit one of each Pok\u00e9mon\n|rule|HP Percentage Mod: HP is shown in percentages\n|rule|Sleep Clause Mod: Limit one foe put to sleep\n|rule|Illusion Level Mod: Illusion disguises the Pok\u00e9mon's true level\n|\n|t:|1781388173\n|teamsize|p1|6\n|teamsize|p2|6\n|start\n|switch|p1a: Magnezone|Magnezone, L85|258/258\n|switch|p2a: Chansey|Chansey, L85, F|564/564\n|turn|1\n|\n|t:|1781388180\n|move|p1a: Magnezone|Volt Switch|p2a: Chansey\n|-damage|p2a: Chansey|510/564\n|\n|t:|1781388183\n|switch|p1a: Camerupt|Camerupt, L91, F|275/275|[from] Volt Switch\n|move|p2a: Chansey|Stealth Rock|p1a: Camerupt\n|-sidestart|p1: Elite 4 Anubis|move: Stealth Rock\n|\n|upkeep\n|turn|2\n|j| Kyoshi3\n|inactive|Battle timer is ON: inactive players will automatically lose when time's up. (requested by Elite 4 Anubis)\n|j| rulius\n|\n|t:|1781388198\n|move|p2a: Chansey|Seismic Toss|p1a: Camerupt\n|-damage|p1a: Camerupt|190/275\n|move|p1a: Camerupt|Stealth Rock|p2a: Chansey\n|-sidestart|p2: iaremoose|move: Stealth Rock\n|\n|-heal|p1a: Camerupt|207/275|[from] item: Leftovers\n|upkeep\n|turn|3\n|\n|t:|1781388202\n|move|p2a: Chansey|Seismic Toss|p1a: Camerupt\n|-damage|p1a: Camerupt|122/275\n|move|p1a: Camerupt|Will-O-Wisp|p2a: Chansey\n|-status|p2a: Chansey|brn\n|\n|-heal|p1a: Camerupt|139/275|[from] item: Leftovers\n|-damage|p2a: Chansey|475/564 brn|[from] brn\n|upkeep\n|turn|4\n|\n|t:|1781388208\n|move|p2a: Chansey|Seismic Toss|p1a: Camerupt\n|-damage|p1a: Camerupt|54/275\n|move|p1a: Camerupt|Earthquake|p2a: Chansey\n|-damage|p2a: Chansey|201/564 brn\n|\n|-heal|p1a: Camerupt|71/275|[from] item: Leftovers\n|-damage|p2a: Chansey|166/564 brn|[from] brn\n|upkeep\n|turn|5\n|l| rulius\n|\n|t:|1781388212\n|move|p2a: Chansey|Seismic Toss|p1a: Camerupt\n|-damage|p1a: Camerupt|0 fnt\n|faint|p1a: Camerupt\n|\n|-damage|p2a: Chansey|131/564 brn|[from] brn\n|upkeep\n|j| rulius\n|l| rulius\n|\n|t:|1781388216\n|switch|p1a: Scizor|Scizor, L79, M|240/240\n|-damage|p1a: Scizor|210/240|[from] Stealth Rock\n|turn|6\n|\n|t:|1781388219\n|-curestatus|p2a: Chansey|brn|[from] ability: Natural Cure|[silent]\n|switch|p2a: Flareon|Flareon, L90, F|263/263\n|-damage|p2a: Flareon|198/263|[from] Stealth Rock\n|move|p1a: Scizor|U-turn|p2a: Flareon\n|-resisted|p2a: Flareon\n|-damage|p2a: Flareon|122/263\n|\n|t:|1781388235\n|switch|p1a: Hydreigon|Hydreigon, L79, M|275/275|[from] U-turn\n|-damage|p1a: Hydreigon|241/275|[from] Stealth Rock\n|\n|-status|p2a: Flareon|tox|[from] item: Toxic Orb\n|upkeep\n|turn|7\n|\n|t:|1781388245\n|move|p2a: Flareon|Quick Attack|p1a: Hydreigon\n|-damage|p1a: Hydreigon|178/275\n|move|p1a: Hydreigon|Dark Pulse|p2a: Flareon\n|-damage|p2a: Flareon|23/263 tox\n|-damage|p1a: Hydreigon|151/275|[from] item: Life Orb\n|\n|-damage|p2a: Flareon|7/263 tox|[from] psn\n|upkeep\n|turn|8\n|\n|t:|1781388255\n|move|p1a: Hydreigon|Dark Pulse|p2a: Flareon\n|-damage|p2a: Flareon|0 fnt\n|faint|p2a: Flareon\n|-damage|p1a: Hydreigon|124/275|[from] item: Life Orb\n|\n|upkeep\n|\n|t:|1781388276\n|switch|p2a: Shaymin|Shaymin, L82|298/298\n|-damage|p2a: Shaymin|261/298|[from] Stealth Rock\n|turn|9\n|l| Kyoshi3\n|\n|t:|1781388286\n|move|p2a: Shaymin|Air Slash|p1a: Hydreigon\n|-damage|p1a: Hydreigon|70/275\n|cant|p1a: Hydreigon|flinch\n|\n|-heal|p2a: Shaymin|279/298|[from] item: Leftovers\n|upkeep\n|turn|10\n|\n|t:|1781388303\n|move|p2a: Shaymin|Air Slash|p1a: Hydreigon\n|-damage|p1a: Hydreigon|12/275\n|move|p1a: Hydreigon|Fire Blast|p2a: Shaymin\n|-supereffective|p2a: Shaymin\n|-damage|p2a: Shaymin|81/298\n|-damage|p1a: Hydreigon|0 fnt|[from] item: Life Orb\n|faint|p1a: Hydreigon\n|\n|-heal|p2a: Shaymin|99/298|[from] item: Leftovers\n|upkeep\n|\n|t:|1781388309\n|switch|p1a: Scizor|Scizor, L79, M|210/240\n|-damage|p1a: Scizor|180/240|[from] Stealth Rock\n|turn|11\n|\n|t:|1781388317\n|move|p2a: Shaymin|Air Slash|p1a: Scizor\n|-damage|p1a: Scizor|118/240\n|move|p1a: Scizor|U-turn|p2a: Shaymin\n|-supereffective|p2a: Shaymin\n|-damage|p2a: Shaymin|0 fnt\n|faint|p2a: Shaymin\n|\n|t:|1781388321\n|switch|p1a: Magnezone|Magnezone, L85|258/258|[from] U-turn\n|-damage|p1a: Magnezone|242/258|[from] Stealth Rock\n|\n|upkeep\n|\n|t:|1781388341\n|switch|p2a: Annihilape|Annihilape, L76, M|292/292\n|-damage|p2a: Annihilape|274/292|[from] Stealth Rock\n|turn|12\n|\n|t:|1781388367\n|move|p2a: Annihilape|Drain Punch|p1a: Magnezone\n|-supereffective|p1a: Magnezone\n|-damage|p1a: Magnezone|120/258\n|-heal|p2a: Annihilape|292/292|[from] drain|[of] p1a: Magnezone\n|move|p1a: Magnezone|Thunderbolt|p2a: Annihilape\n|-damage|p2a: Annihilape|168/292\n|\n|-heal|p2a: Annihilape|186/292|[from] item: Leftovers\n|upkeep\n|turn|13\n|inactive|Elite 4 Anubis has 120 seconds left.\n|\n|t:|1781388399\n|-terastallize|p1a: Magnezone|Flying\n|move|p2a: Annihilape|Drain Punch|p1a: Magnezone\n|-resisted|p1a: Magnezone\n|-damage|p1a: Magnezone|87/258\n|-heal|p2a: Annihilape|203/292|[from] drain|[of] p1a: Magnezone\n|move|p1a: Magnezone|Thunderbolt|p2a: Annihilape\n|-damage|p2a: Annihilape|76/292\n|\n|-heal|p2a: Annihilape|94/292|[from] item: Leftovers\n|upkeep\n|turn|14\n|\n|t:|1781388410\n|move|p2a: Annihilape|Rage Fist|p1a: Magnezone\n|-damage|p1a: Magnezone|0 fnt\n|faint|p1a: Magnezone\n|\n|-heal|p2a: Annihilape|112/292|[from] item: Leftovers\n|upkeep\n|\n|t:|1781388422\n|switch|p1a: Scizor|Scizor, L79, M|118/240\n|-damage|p1a: Scizor|88/240|[from] Stealth Rock\n|turn|15\n|\n|t:|1781388428\n|-terastallize|p2a: Annihilape|Steel\n|move|p1a: Scizor|Bullet Punch|p2a: Annihilape\n|-resisted|p2a: Annihilape\n|-damage|p2a: Annihilape|49/292\n|move|p2a: Annihilape|Bulk Up|p2a: Annihilape\n|-boost|p2a: Annihilape|atk|1\n|-boost|p2a: Annihilape|def|1\n|\n|-heal|p2a: Annihilape|67/292|[from] item: Leftovers\n|upkeep\n|turn|16\n|\n|t:|1781388432\n|move|p1a: Scizor|Bullet Punch|p2a: Annihilape\n|-resisted|p2a: Annihilape\n|-damage|p2a: Annihilape|25/292\n|move|p2a: Annihilape|Drain Punch|p1a: Scizor\n|-damage|p1a: Scizor|0 fnt\n|-heal|p2a: Annihilape|69/292|[from] drain|[of] p1a: Scizor\n|faint|p1a: Scizor\n|\n|-heal|p2a: Annihilape|87/292|[from] item: Leftovers\n|upkeep\n|\n|t:|1781388435\n|switch|p1a: Oricorio|Oricorio, L84, F|263/263\n|turn|17\n|j| Kyoshi3\n|\n|t:|1781388443\n|switch|p2a: Chansey|Chansey, L85, F|131/564\n|-damage|p2a: Chansey|61/564|[from] Stealth Rock\n|move|p1a: Oricorio|Revelation Dance|p2a: Chansey\n|-damage|p2a: Chansey|1/564\n|\n|upkeep\n|turn|18\n|\n|t:|1781388448\n|move|p1a: Oricorio|Revelation Dance|p2a: Chansey\n|-damage|p2a: Chansey|0 fnt\n|faint|p2a: Chansey\n|\n|upkeep\n|\n|t:|1781388457\n|switch|p2a: Dragonite|Dragonite, L74, M|257/257\n|turn|19\n|\n|t:|1781388477\n|switch|p1a: Wo-Chien|Wo-Chien, L83|277/277\n|-damage|p1a: Wo-Chien|243/277|[from] Stealth Rock\n|-ability|p1a: Wo-Chien|Tablets of Ruin\n|move|p2a: Dragonite|Dragon Dance|p2a: Dragonite\n|-boost|p2a: Dragonite|atk|1\n|-boost|p2a: Dragonite|spe|1\n|\n|-heal|p1a: Wo-Chien|260/277|[from] item: Leftovers\n|upkeep\n|turn|20\n|\n|t:|1781388484\n|move|p2a: Dragonite|Dragon Dance|p2a: Dragonite\n|-boost|p2a: Dragonite|atk|1\n|-boost|p2a: Dragonite|spe|1\n|move|p1a: Wo-Chien|Stun Spore|p2a: Dragonite\n|-status|p2a: Dragonite|par\n|\n|-heal|p1a: Wo-Chien|277/277|[from] item: Leftovers\n|upkeep\n|turn|21\n|\n|t:|1781388486\n|move|p1a: Wo-Chien|Leech Seed|p2a: Dragonite\n|-start|p2a: Dragonite|move: Leech Seed\n|move|p2a: Dragonite|Dragon Dance|p2a: Dragonite\n|-boost|p2a: Dragonite|atk|1\n|-boost|p2a: Dragonite|spe|1\n|\n|-damage|p2a: Dragonite|225/257 par|[from] Leech Seed|[of] p1a: Wo-Chien\n|upkeep\n|turn|22\n|\n|t:|1781388491\n|move|p2a: Dragonite|Outrage|p1a: Wo-Chien\n|-damage|p1a: Wo-Chien|76/277\n|move|p1a: Wo-Chien|Knock Off|p2a: Dragonite\n|-damage|p2a: Dragonite|131/257 par\n|-enditem|p2a: Dragonite|Heavy-Duty Boots|[from] move: Knock Off|[of] p1a: Wo-Chien\n|\n|-heal|p1a: Wo-Chien|93/277|[from] item: Leftovers\n|-damage|p2a: Dragonite|99/257 par|[from] Leech Seed|[of] p1a: Wo-Chien\n|-heal|p1a: Wo-Chien|125/277|[silent]\n|upkeep\n|turn|23\n|\n|t:|1781388497\n|move|p1a: Wo-Chien|Protect|p1a: Wo-Chien\n|-singleturn|p1a: Wo-Chien|Protect\n|move|p2a: Dragonite|Outrage|p1a: Wo-Chien|[from] lockedmove\n|-activate|p1a: Wo-Chien|move: Protect\n|\n|-heal|p1a: Wo-Chien|142/277|[from] item: Leftovers\n|-damage|p2a: Dragonite|67/257 par|[from] Leech Seed|[of] p1a: Wo-Chien\n|-heal|p1a: Wo-Chien|174/277|[silent]\n|upkeep\n|turn|24\n|\n|t:|1781388506\n|move|p2a: Dragonite|Outrage|p1a: Wo-Chien\n|-damage|p1a: Wo-Chien|0 fnt\n|faint|p1a: Wo-Chien\n|\n|upkeep\n|\n|t:|1781388508\n|switch|p1a: Oricorio|Oricorio, L84, F|263/263\n|turn|25\n|\n|t:|1781388513\n|move|p1a: Oricorio|Hurricane|p2a: Dragonite\n|-damage|p2a: Dragonite|0 fnt\n|faint|p2a: Dragonite\n|\n|upkeep\n|\n|t:|1781388521\n|switch|p2a: Roaring Moon|Roaring Moon, L72|270/270\n|-damage|p2a: Roaring Moon|237/270|[from] Stealth Rock\n|-enditem|p2a: Roaring Moon|Booster Energy\n|-activate|p2a: Roaring Moon|ability: Protosynthesis|[fromitem]\n|-start|p2a: Roaring Moon|protosynthesisatk\n|turn|26\n|\n|t:|1781388533\n|move|p2a: Roaring Moon|Dragon Dance|p2a: Roaring Moon\n|-boost|p2a: Roaring Moon|atk|1\n|-boost|p2a: Roaring Moon|spe|1\n|-activate|p1a: Oricorio|ability: Dancer\n|move|p1a: Oricorio|Dragon Dance|p1a: Oricorio|[from] ability: Dancer\n|-boost|p1a: Oricorio|atk|1\n|-boost|p1a: Oricorio|spe|1\n|move|p1a: Oricorio|Quiver Dance|p1a: Oricorio\n|-boost|p1a: Oricorio|spa|1\n|-boost|p1a: Oricorio|spd|1\n|-boost|p1a: Oricorio|spe|1\n|\n|upkeep\n|turn|27\n|\n|t:|1781388538\n|move|p1a: Oricorio|Hurricane|p2a: Roaring Moon\n|-damage|p2a: Roaring Moon|48/270\n|move|p2a: Roaring Moon|Outrage|p1a: Oricorio\n|-damage|p1a: Oricorio|0 fnt\n|faint|p1a: Oricorio\n|\n|win|iaremoose\n", "inputlog": ">version a8376a258c1d4662feba110a92103f3664a72141\n>start {\"formatid\":\"gen9randombattle\",\"seed\":\"sodium,8a14482a35c38c7129a6db33dfc2e26f\",\"rated\":\"Rated battle\"}\n>player p1 {\"name\":\"Elite 4 Anubis\",\"avatar\":\"266\",\"rating\":2255,\"seed\":\"sodium,2bd481068a2d74f1410cca40963b9f5e\"}\n>player p2 {\"name\":\"iaremoose\",\"avatar\":\"acetrainerf-gen4\",\"rating\":2259,\"seed\":\"sodium,517f3e0083f299c1c78554f4e79ccda3\"}\n>p1 move voltswitch\n>p2 move stealthrock\n>p1 switch 5\n>p1 move stealthrock\n>p2 move seismictoss\n>p1 move willowisp\n>p2 move seismictoss\n>p1 move earthquake\n>p2 move seismictoss\n>p1 move earthquake\n>p2 move seismictoss\n>p1 switch 4\n>p1 move uturn\n>p2 switch 4\n>p1 switch 3\n>p1 move darkpulse\n>p2 move quickattack\n>p1 move darkpulse\n>p2 move flareblitz\n>p2 switch 6\n>p1 move fireblast\n>p2 move airslash\n>p1 move fireblast\n>p2 move airslash\n>p1 switch 3\n>p1 move uturn\n>p2 move airslash\n>p1 switch 5\n>p2 switch 5\n>p1 move thunderbolt\n>p2 move drainpunch\n>p1 move thunderbolt terastallize\n>p2 move drainpunch\n>p1 move voltswitch\n>p2 move ragefist\n>p1 switch 5\n>p1 move bulletpunch\n>p2 move bulkup terastallize\n>p1 move bulletpunch\n>p2 move drainpunch\n>p1 switch 6\n>p1 move revelationdance\n>p2 switch 4\n>p1 move revelationdance\n>p2 move softboiled\n>p2 switch 2\n>p1 switch 2\n>p2 move dragondance\n>p1 move stunspore\n>p2 move dragondance\n>p1 move leechseed\n>p2 move dragondance\n>p1 move knockoff\n>p2 move outrage\n>p1 move protect\n>p2 move outrage\n>p1 move knockoff\n>p2 move outrage\n>p1 switch 2\n>p1 move hurricane\n>p2 move outrage\n>p2 switch 3\n>p1 move quiverdance\n>p2 move dragondance\n>p1 move hurricane\n>p2 move outrage", "uploadtime": 1781388175, "views": 14, "formatid": "gen9randombattle", "rating": null, "private": 0, "password": null}