{"id": "gen9randombattle-2631772942", "format": "[Gen 9] Random Battle", "players": ["randopractician", "Tuki VN"], "log": "|j|\u2606randopractician\n|j|\u2606Tuki VN\n|t:|1781437375\n|gametype|singles\n|player|p1|randopractician|101|1959\n|player|p2|Tuki VN|lance-gen1rb|1996\n|gen|9\n|tier|[Gen 9] Random Battle\n|rated|\n|rule|Species Clause: Limit one of each Pok\u00e9mon\n|rule|HP Percentage Mod: HP is shown in percentages\n|rule|Sleep Clause Mod: Limit one foe put to sleep\n|rule|Illusion Level Mod: Illusion disguises the Pok\u00e9mon's true level\n|\n|t:|1781437375\n|teamsize|p1|6\n|teamsize|p2|6\n|start\n|switch|p1a: Milotic|Milotic, L83, M|293/293\n|switch|p2a: Cinderace|Cinderace, L77, M|249/249\n|turn|1\n|\n|t:|1781437389\n|move|p2a: Cinderace|U-turn|p1a: Milotic\n|-start|p2a: Cinderace|typechange|Bug|[from] ability: Libero\n|-crit|p1a: Milotic\n|-damage|p1a: Milotic|128/293\n|\n|t:|1781437392\n|switch|p2a: Ogerpon|Ogerpon-Hearthflame, L74, F|239/239|[from] U-turn\n|-ability|p2a: Ogerpon|Mold Breaker\n|move|p1a: Milotic|Scald|p2a: Ogerpon\n|-damage|p2a: Ogerpon|152/239\n|\n|-heal|p1a: Milotic|146/293|[from] item: Leftovers\n|upkeep\n|turn|2\n|\n|t:|1781437410\n|switch|p1a: Ninetales|Ninetales-Alola, L78, M|242/242\n|-weather|Snowscape|[from] ability: Snow Warning|[of] p1a: Ninetales\n|move|p2a: Ogerpon|Swords Dance|p2a: Ogerpon\n|-boost|p2a: Ogerpon|atk|2\n|\n|-weather|Snowscape|[upkeep]\n|upkeep\n|turn|3\n|\n|t:|1781437415\n|move|p1a: Ninetales|Encore|p2a: Ogerpon\n|-start|p2a: Ogerpon|Encore\n|move|p2a: Ogerpon|Swords Dance|p2a: Ogerpon\n|-boost|p2a: Ogerpon|atk|2\n|\n|-weather|Snowscape|[upkeep]\n|upkeep\n|turn|4\n|\n|t:|1781437421\n|switch|p2a: Swalot|Swalot, L90, F|326/326\n|move|p1a: Ninetales|Aurora Veil|p1a: Ninetales\n|-sidestart|p1: randopractician|move: Aurora Veil\n|\n|-weather|Snowscape|[upkeep]\n|upkeep\n|turn|5\n|\n|t:|1781437438\n|switch|p1a: Swalot|Swalot, L90, F|326/326\n|move|p2a: Swalot|Gunk Shot|p1a: Swalot\n|-resisted|p1a: Swalot\n|-damage|p1a: Swalot|298/326\n|\n|-weather|Snowscape|[upkeep]\n|-heal|p1a: Swalot|318/326|[from] item: Leftovers\n|upkeep\n|turn|6\n|\n|t:|1781437446\n|move|p2a: Swalot|Swords Dance|p2a: Swalot\n|-boost|p2a: Swalot|atk|2\n|move|p1a: Swalot|Earthquake|p2a: Swalot\n|-supereffective|p2a: Swalot\n|-damage|p2a: Swalot|194/326\n|\n|-weather|none\n|-heal|p1a: Swalot|326/326|[from] item: Leftovers\n|-heal|p2a: Swalot|214/326|[from] item: Leftovers\n|upkeep\n|turn|7\n|\n|t:|1781437452\n|move|p2a: Swalot|Earthquake|p1a: Swalot\n|-supereffective|p1a: Swalot\n|-damage|p1a: Swalot|192/326\n|move|p1a: Swalot|Earthquake|p2a: Swalot\n|-supereffective|p2a: Swalot\n|-damage|p2a: Swalot|78/326\n|\n|-heal|p1a: Swalot|212/326|[from] item: Leftovers\n|-heal|p2a: Swalot|98/326|[from] item: Leftovers\n|upkeep\n|turn|8\n|\n|t:|1781437457\n|move|p2a: Swalot|Earthquake|p1a: Swalot\n|-supereffective|p1a: Swalot\n|-damage|p1a: Swalot|88/326\n|move|p1a: Swalot|Earthquake|p2a: Swalot\n|-supereffective|p2a: Swalot\n|-damage|p2a: Swalot|0 fnt\n|faint|p2a: Swalot\n|\n|-heal|p1a: Swalot|108/326|[from] item: Leftovers\n|upkeep\n|\n|t:|1781437462\n|switch|p2a: Gyarados|Gyarados, L79, M|280/280\n|-ability|p2a: Gyarados|Intimidate|boost\n|-unboost|p1a: Swalot|atk|1\n|turn|9\n|\n|t:|1781437464\n|move|p2a: Gyarados|Dragon Dance|p2a: Gyarados\n|-boost|p2a: Gyarados|atk|1\n|-boost|p2a: Gyarados|spe|1\n|move|p1a: Swalot|Toxic|p2a: Gyarados\n|-status|p2a: Gyarados|tox\n|\n|-heal|p1a: Swalot|128/326|[from] item: Leftovers\n|-damage|p2a: Gyarados|263/280 tox|[from] psn\n|upkeep\n|turn|10\n|\n|t:|1781437475\n|move|p2a: Gyarados|Dragon Dance|p2a: Gyarados\n|-boost|p2a: Gyarados|atk|1\n|-boost|p2a: Gyarados|spe|1\n|move|p1a: Swalot|Sludge Bomb|p2a: Gyarados\n|-damage|p2a: Gyarados|176/280 tox\n|\n|-heal|p1a: Swalot|148/326|[from] item: Leftovers\n|-damage|p2a: Gyarados|142/280 tox|[from] psn\n|upkeep\n|turn|11\n|inactive|Battle timer is ON: inactive players will automatically lose when time's up. (requested by randopractician)\n|\n|t:|1781437485\n|move|p1a: Swalot|Protect|p1a: Swalot\n|-singleturn|p1a: Swalot|Protect\n|move|p2a: Gyarados|Earthquake|p1a: Swalot\n|-activate|p1a: Swalot|move: Protect\n|\n|-heal|p1a: Swalot|168/326|[from] item: Leftovers\n|-damage|p2a: Gyarados|91/280 tox|[from] psn\n|-sideend|p1: randopractician|move: Aurora Veil\n|upkeep\n|turn|12\n|\n|t:|1781437509\n|move|p2a: Gyarados|Temper Flare|p1a: Swalot\n|-damage|p1a: Swalot|62/326\n|move|p1a: Swalot|Sludge Bomb|p2a: Gyarados\n|-crit|p2a: Gyarados\n|-damage|p2a: Gyarados|0 fnt\n|faint|p2a: Gyarados\n|\n|-heal|p1a: Swalot|82/326|[from] item: Leftovers\n|upkeep\n|\n|t:|1781437523\n|switch|p2a: Ogerpon|Ogerpon-Hearthflame, L74, F|152/239\n|-ability|p2a: Ogerpon|Mold Breaker\n|turn|13\n|\n|t:|1781437527\n|move|p2a: Ogerpon|Ivy Cudgel|p1a: Swalot|[anim] Ivy Cudgel Fire\n|-damage|p1a: Swalot|0 fnt\n|faint|p1a: Swalot\n|\n|upkeep\n|\n|t:|1781437552\n|switch|p1a: Dusknoir|Dusknoir, L89, M|225/225\n|-item|p2a: Ogerpon|Hearthflame Mask|[from] ability: Frisk|[of] p1a: Dusknoir\n|turn|14\n|\n|t:|1781437562\n|move|p2a: Ogerpon|Power Whip|p1a: Dusknoir\n|-damage|p1a: Dusknoir|129/225\n|move|p1a: Dusknoir|Poltergeist|p2a: Ogerpon\n|-activate|p2a: Ogerpon|move: Poltergeist|Hearthflame Mask\n|-damage|p2a: Ogerpon|0 fnt\n|faint|p2a: Ogerpon\n|\n|-heal|p1a: Dusknoir|143/225|[from] item: Leftovers\n|upkeep\n|\n|t:|1781437570\n|switch|p2a: Copperajah|Copperajah, L86, M|350/350\n|turn|15\n|\n|t:|1781437574\n|move|p1a: Dusknoir|Earthquake|p2a: Copperajah\n|-supereffective|p2a: Copperajah\n|-damage|p2a: Copperajah|166/350\n|move|p2a: Copperajah|Heavy Slam|p1a: Dusknoir\n|-damage|p1a: Dusknoir|0 fnt\n|faint|p1a: Dusknoir\n|\n|upkeep\n|\n|t:|1781437581\n|switch|p1a: Cinderace|Cinderace, L77, F|249/249\n|turn|16\n|\n|t:|1781437586\n|switch|p2a: Barraskewda|Barraskewda, L81, F|231/231\n|move|p1a: Cinderace|Pyro Ball|p2a: Barraskewda\n|-resisted|p2a: Barraskewda\n|-damage|p2a: Barraskewda|117/231\n|\n|upkeep\n|turn|17\n|\n|t:|1781437594\n|switch|p1a: Torkoal|Torkoal, L88, F|266/266\n|-weather|SunnyDay|[from] ability: Drought|[of] p1a: Torkoal\n|move|p2a: Barraskewda|Flip Turn|p1a: Torkoal\n|-supereffective|p1a: Torkoal\n|-damage|p1a: Torkoal|200/266\n|\n|t:|1781437599\n|switch|p2a: Copperajah|Copperajah, L86, M|166/350|[from] Flip Turn\n|\n|-weather|SunnyDay|[upkeep]\n|upkeep\n|turn|18\n|\n|t:|1781437603\n|move|p2a: Copperajah|Stone Edge|p1a: Torkoal\n|-supereffective|p1a: Torkoal\n|-damage|p1a: Torkoal|24/266\n|move|p1a: Torkoal|Lava Plume|p2a: Copperajah\n|-supereffective|p2a: Copperajah\n|-damage|p2a: Copperajah|0 fnt\n|faint|p2a: Copperajah\n|\n|-weather|SunnyDay|[upkeep]\n|upkeep\n|\n|t:|1781437608\n|switch|p2a: Cinderace|Cinderace, L77, M|249/249\n|turn|19\n|\n|t:|1781437611\n|move|p2a: Cinderace|Pyro Ball|p1a: Torkoal\n|-resisted|p1a: Torkoal\n|-damage|p1a: Torkoal|0 fnt\n|faint|p1a: Torkoal\n|\n|-weather|SunnyDay|[upkeep]\n|upkeep\n|\n|t:|1781437619\n|switch|p1a: Cinderace|Cinderace, L77, F|249/249\n|turn|20\n|\n|t:|1781437626\n|-terastallize|p2a: Cinderace|Fire\n|move|p1a: Cinderace|Gunk Shot|p2a: Cinderace\n|-start|p1a: Cinderace|typechange|Poison|[from] ability: Libero\n|-damage|p2a: Cinderace|6/249\n|-status|p2a: Cinderace|psn\n|move|p2a: Cinderace|Pyro Ball|p1a: Cinderace\n|-damage|p1a: Cinderace|0 fnt\n|faint|p1a: Cinderace\n|\n|-weather|SunnyDay|[upkeep]\n|-damage|p2a: Cinderace|0 fnt|[from] psn\n|faint|p2a: Cinderace\n|upkeep\n|\n|t:|1781437635\n|switch|p2a: Barraskewda|Barraskewda, L81, F|117/231\n|switch|p1a: Ninetales|Ninetales-Alola, L78, M|242/242\n|-weather|Snowscape|[from] ability: Snow Warning|[of] p1a: Ninetales\n|turn|21\n|\n|t:|1781437640\n|move|p2a: Barraskewda|Waterfall|p1a: Ninetales\n|-damage|p1a: Ninetales|122/242\n|move|p1a: Ninetales|Aurora Veil|p1a: Ninetales\n|-sidestart|p1: randopractician|move: Aurora Veil\n|\n|-weather|Snowscape|[upkeep]\n|upkeep\n|turn|22\n|\n|t:|1781437644\n|move|p2a: Barraskewda|Waterfall|p1a: Ninetales\n|-damage|p1a: Ninetales|60/242\n|move|p1a: Ninetales|Moonblast|p2a: Barraskewda\n|-damage|p2a: Barraskewda|0 fnt\n|faint|p2a: Barraskewda\n|\n|win|randopractician\n", "inputlog": ">version a8376a258c1d4662feba110a92103f3664a72141\n>start {\"formatid\":\"gen9randombattle\",\"seed\":\"sodium,53579375285f02452f5a617073a17016\",\"rated\":\"Rated battle\"}\n>player p1 {\"name\":\"randopractician\",\"avatar\":\"101\",\"rating\":1959,\"seed\":\"sodium,19da4993c9fb630ab36091675e6776fd\"}\n>player p2 {\"name\":\"Tuki VN\",\"avatar\":\"lance-gen1rb\",\"rating\":1996,\"seed\":\"sodium,e2b5fd8813dc0a3a0c92ae4975660f05\"}\n>p1 move scald\n>p2 move uturn\n>p2 switch 3\n>p1 switch 6\n>p2 move swordsdance\n>p1 move encore\n>p2 move ivycudgel\n>p1 move auroraveil\n>p2 switch 4\n>p1 switch 5\n>p2 move gunkshot\n>p1 move earthquake\n>p2 move swordsdance\n>p1 move earthquake\n>p2 move earthquake\n>p1 move earthquake\n>p2 move earthquake\n>p2 switch 2\n>p1 move toxic\n>p2 move dragondance\n>p1 move sludgebomb\n>p2 move dragondance\n>p1 move protect\n>p2 move earthquake\n>p1 move sludgebomb\n>p2 move temperflare\n>p2 switch 4\n>p1 move sludgebomb\n>p2 move ivycudgel\n>p1 switch 4\n>p1 move poltergeist\n>p2 move powerwhip\n>p2 switch 6\n>p1 move earthquake\n>p2 move heavyslam\n>p1 switch 3\n>p1 move pyroball\n>p2 switch 5\n>p1 switch 2\n>p2 move flipturn\n>p2 switch 5\n>p1 move lavaplume\n>p2 move stoneedge\n>p2 switch 3\n>p1 move yawn\n>p2 move pyroball\n>p1 switch 2\n>p1 move gunkshot\n>p2 move pyroball terastallize\n>p1 switch 5\n>p2 switch 5\n>p1 move auroraveil\n>p2 move waterfall\n>p1 move moonblast\n>p2 move waterfall", "uploadtime": 1781437376, "views": 7, "formatid": "gen9randombattle", "rating": null, "private": 0, "password": null}