{"id": "gen9randombattle-2631649183", "format": "[Gen 9] Random Battle", "players": ["masbahlilganteng", "Dfrrnspa97"], "log": "|j|\u2606masbahlilganteng\n|j|\u2606Dfrrnspa97\n|t:|1781414743\n|gametype|singles\n|player|p1|masbahlilganteng|hoopster|2041\n|player|p2|Dfrrnspa97|101|2113\n|gen|9\n|tier|[Gen 9] Random Battle\n|rated|\n|rule|Species Clause: Limit one of each Pok\u00e9mon\n|rule|HP Percentage Mod: HP is shown in percentages\n|rule|Sleep Clause Mod: Limit one foe put to sleep\n|rule|Illusion Level Mod: Illusion disguises the Pok\u00e9mon's true level\n|\n|t:|1781414743\n|teamsize|p1|6\n|teamsize|p2|6\n|start\n|switch|p1a: Raging Bolt|Raging Bolt, L78|323/323\n|switch|p2a: Greedent|Greedent, L86, F|347/347\n|turn|1\n|inactive|Battle timer is ON: inactive players will automatically lose when time's up. (requested by masbahlilganteng)\n|\n|t:|1781414757\n|-end|p1a: Raging Bolt|Protosynthesis|[silent]\n|switch|p1a: Chesnaught|Chesnaught, L84, F|285/285\n|move|p2a: Greedent|Swords Dance|p2a: Greedent\n|-boost|p2a: Greedent|atk|2\n|\n|upkeep\n|turn|2\n|\n|t:|1781414765\n|switch|p2a: Gengar|Gengar, L81, M|230/230\n|move|p1a: Chesnaught|Spikes|p2a: Gengar\n|-sidestart|p2: Dfrrnspa97|Spikes\n|\n|upkeep\n|turn|3\n|j| xiaozenguu\n|\n|t:|1781414774\n|switch|p1a: Muk|Muk, L86, F|321/321\n|move|p2a: Gengar|Nasty Plot|p2a: Gengar\n|-boost|p2a: Gengar|spa|2\n|\n|upkeep\n|turn|4\n|\n|t:|1781414786\n|-terastallize|p2a: Gengar|Fighting\n|move|p2a: Gengar|Shadow Ball|p1a: Muk\n|-damage|p1a: Muk|103/321\n|-damage|p2a: Gengar|207/230|[from] item: Life Orb\n|move|p1a: Muk|Haze|p1a: Muk\n|-clearallboost\n|\n|-heal|p1a: Muk|123/321|[from] item: Leftovers\n|upkeep\n|turn|5\n|\n|t:|1781414794\n|move|p2a: Gengar|Shadow Ball|p1a: Muk\n|-damage|p1a: Muk|0 fnt\n|faint|p1a: Muk\n|-damage|p2a: Gengar|184/230|[from] item: Life Orb\n|\n|upkeep\n|\n|t:|1781414810\n|switch|p1a: Spiritomb|Spiritomb, L89, M|234/234\n|turn|6\n|\n|t:|1781414819\n|switch|p2a: Ursaring|Ursaring, L84, M|288/288\n|-damage|p2a: Ursaring|252/288|[from] Spikes\n|move|p1a: Spiritomb|Poltergeist|p2a: Ursaring\n|-immune|p2a: Ursaring\n|\n|upkeep\n|turn|7\n|\n|t:|1781414828\n|move|p2a: Ursaring|Earthquake|p1a: Spiritomb\n|-damage|p1a: Spiritomb|167/234\n|move|p1a: Spiritomb|Will-O-Wisp|p2a: Ursaring|[miss]\n|-miss|p1a: Spiritomb|p2a: Ursaring\n|\n|-heal|p1a: Spiritomb|181/234|[from] item: Leftovers\n|upkeep\n|turn|8\n|\n|t:|1781414834\n|move|p2a: Ursaring|Earthquake|p1a: Spiritomb\n|-damage|p1a: Spiritomb|108/234\n|move|p1a: Spiritomb|Foul Play|p2a: Ursaring\n|-damage|p2a: Ursaring|159/288\n|\n|-heal|p1a: Spiritomb|122/234|[from] item: Leftovers\n|upkeep\n|turn|9\n|\n|t:|1781414840\n|move|p2a: Ursaring|Earthquake|p1a: Spiritomb\n|-damage|p1a: Spiritomb|48/234\n|move|p1a: Spiritomb|Pain Split|p2a: Ursaring\n|-sethp|p2a: Ursaring|103/288|[from] move: Pain Split|[silent]\n|-sethp|p1a: Spiritomb|103/234|[from] move: Pain Split\n|\n|-heal|p1a: Spiritomb|117/234|[from] item: Leftovers\n|upkeep\n|turn|10\n|\n|t:|1781414847\n|switch|p1a: Chesnaught|Chesnaught, L84, F|285/285\n|move|p2a: Ursaring|Earthquake|p1a: Chesnaught\n|-resisted|p1a: Chesnaught\n|-damage|p1a: Chesnaught|250/285\n|\n|upkeep\n|turn|11\n|\n|t:|1781414850\n|switch|p2a: Jumpluff|Jumpluff, L87, M|271/271\n|move|p1a: Chesnaught|Spikes|p2a: Jumpluff\n|-sidestart|p2: Dfrrnspa97|Spikes\n|\n|upkeep\n|turn|12\n|\n|t:|1781414859\n|move|p2a: Jumpluff|Substitute|p2a: Jumpluff\n|-start|p2a: Jumpluff|Substitute\n|-damage|p2a: Jumpluff|204/271\n|move|p1a: Chesnaught|Spikes|p2a: Jumpluff\n|-sidestart|p2: Dfrrnspa97|Spikes\n|\n|upkeep\n|turn|13\n|\n|t:|1781414878\n|switch|p1a: Spiritomb|Spiritomb, L89, M|117/234\n|move|p2a: Jumpluff|Leech Seed|p1a: Spiritomb\n|-start|p1a: Spiritomb|move: Leech Seed\n|\n|-heal|p1a: Spiritomb|131/234|[from] item: Leftovers\n|-damage|p1a: Spiritomb|102/234|[from] Leech Seed|[of] p2a: Jumpluff\n|-heal|p2a: Jumpluff|233/271|[silent]\n|upkeep\n|turn|14\n|\n|t:|1781414883\n|move|p2a: Jumpluff|Acrobatics|p1a: Spiritomb\n|-damage|p1a: Spiritomb|39/234\n|move|p1a: Spiritomb|Will-O-Wisp|p2a: Jumpluff\n|-status|p2a: Jumpluff|brn\n|\n|-heal|p1a: Spiritomb|53/234|[from] item: Leftovers\n|-damage|p1a: Spiritomb|24/234|[from] Leech Seed|[of] p2a: Jumpluff\n|-heal|p2a: Jumpluff|262/271 brn|[silent]\n|-damage|p2a: Jumpluff|246/271 brn|[from] brn\n|upkeep\n|turn|15\n|\n|t:|1781414892\n|switch|p1a: Chesnaught|Chesnaught, L84, F|250/285\n|move|p2a: Jumpluff|Acrobatics|p1a: Chesnaught\n|-supereffective|p1a: Chesnaught\n|-damage|p1a: Chesnaught|130/285\n|-damage|p2a: Jumpluff|201/271 brn|[from] item: Rocky Helmet|[of] p1a: Chesnaught\n|\n|-damage|p2a: Jumpluff|185/271 brn|[from] brn\n|upkeep\n|turn|16\n|\n|t:|1781414895\n|switch|p1a: Spiritomb|Spiritomb, L89, M|24/234\n|move|p2a: Jumpluff|Acrobatics|p1a: Spiritomb\n|-damage|p1a: Spiritomb|0 fnt\n|faint|p1a: Spiritomb\n|\n|-damage|p2a: Jumpluff|169/271 brn|[from] brn\n|upkeep\n|\n|t:|1781414908\n|switch|p1a: Raging Bolt|Raging Bolt, L78|323/323\n|turn|17\n|\n|t:|1781414917\n|move|p2a: Jumpluff|Leech Seed|p1a: Raging Bolt\n|-start|p1a: Raging Bolt|move: Leech Seed\n|move|p1a: Raging Bolt|Thunderbolt|p2a: Jumpluff\n|-end|p2a: Jumpluff|Substitute\n|\n|-damage|p1a: Raging Bolt|283/323|[from] Leech Seed|[of] p2a: Jumpluff\n|-heal|p2a: Jumpluff|209/271 brn|[silent]\n|-damage|p2a: Jumpluff|193/271 brn|[from] brn\n|upkeep\n|turn|18\n|\n|t:|1781414923\n|-end|p1a: Raging Bolt|Protosynthesis|[silent]\n|switch|p1a: Espathra|Espathra, L80, M|283/283\n|move|p2a: Jumpluff|Substitute|p2a: Jumpluff\n|-start|p2a: Jumpluff|Substitute\n|-damage|p2a: Jumpluff|126/271 brn\n|\n|-damage|p2a: Jumpluff|110/271 brn|[from] brn\n|upkeep\n|turn|19\n|\n|t:|1781414936\n|switch|p1a: Chesnaught|Chesnaught, L84, F|130/285\n|move|p2a: Jumpluff|Leech Seed|p1a: Chesnaught\n|-immune|p1a: Chesnaught\n|\n|-damage|p2a: Jumpluff|94/271 brn|[from] brn\n|upkeep\n|turn|20\n|\n|t:|1781414939\n|move|p2a: Jumpluff|Acrobatics|p1a: Chesnaught\n|-supereffective|p1a: Chesnaught\n|-damage|p1a: Chesnaught|4/285\n|-damage|p2a: Jumpluff|49/271 brn|[from] item: Rocky Helmet|[of] p1a: Chesnaught\n|move|p1a: Chesnaught|Synthesis|p1a: Chesnaught\n|-heal|p1a: Chesnaught|146/285\n|\n|-damage|p2a: Jumpluff|33/271 brn|[from] brn\n|upkeep\n|turn|21\n|\n|t:|1781414952\n|move|p2a: Jumpluff|Acrobatics|p1a: Chesnaught\n|-supereffective|p1a: Chesnaught\n|-damage|p1a: Chesnaught|20/285\n|-damage|p2a: Jumpluff|0 fnt|[from] item: Rocky Helmet|[of] p1a: Chesnaught\n|faint|p2a: Jumpluff\n|move|p1a: Chesnaught|Synthesis|p1a: Chesnaught\n|-heal|p1a: Chesnaught|162/285\n|\n|upkeep\n|\n|t:|1781414956\n|switch|p2a: Gengar|Gengar, L81, M, tera:Fighting|184/230\n|-damage|p2a: Gengar|127/230|[from] Spikes\n|turn|22\n|\n|t:|1781414971\n|switch|p1a: Raging Bolt|Raging Bolt, L78|283/323\n|move|p2a: Gengar|Nasty Plot|p2a: Gengar\n|-boost|p2a: Gengar|spa|2\n|\n|-heal|p1a: Raging Bolt|303/323|[from] item: Leftovers\n|upkeep\n|turn|23\n|\n|t:|1781414976\n|move|p1a: Raging Bolt|Thunderclap|p2a: Gengar\n|-damage|p2a: Gengar|34/230\n|move|p2a: Gengar|Focus Blast|p1a: Raging Bolt|[miss]\n|-miss|p2a: Gengar|p1a: Raging Bolt\n|\n|-heal|p1a: Raging Bolt|323/323|[from] item: Leftovers\n|upkeep\n|turn|24\n|-message|Dfrrnspa97 forfeited.\n|\n|win|masbahlilganteng\n|raw|masbahlilganteng's rating: 2041 &rarr; <strong>2065</strong><br />(+24 for winning)\n|raw|Dfrrnspa97's rating: 2113 &rarr; <strong>2089</strong><br />(-24 for losing)\n|l|\u2606Dfrrnspa97\n|player|p2|\n", "inputlog": ">version a8376a258c1d4662feba110a92103f3664a72141\n>start {\"formatid\":\"gen9randombattle\",\"seed\":\"sodium,fdaf6c2659ccb6dc3ed08b04e30bf0f6\",\"rated\":\"Rated battle\"}\n>player p1 {\"name\":\"masbahlilganteng\",\"avatar\":\"hoopster\",\"rating\":2041,\"seed\":\"sodium,57449d8bcf6299621062cdfc1e7b1157\"}\n>player p2 {\"name\":\"Dfrrnspa97\",\"avatar\":\"101\",\"rating\":2113,\"seed\":\"sodium,cde475a15a967c94302b90dae29bd518\"}\n>p1 switch 5\n>p2 move swordsdance\n>p1 move spikes\n>p2 switch 3\n>p1 switch 3\n>p2 move nastyplot\n>p1 move haze\n>p2 move shadowball terastallize\n>p1 move poisonjab\n>p2 move shadowball\n>p1 switch 2\n>p1 move poltergeist\n>p2 switch 5\n>p1 move willowisp\n>p2 move earthquake\n>p1 move foulplay\n>p2 move earthquake\n>p1 move painsplit\n>p2 move earthquake\n>p1 switch 3\n>p2 move earthquake\n>p1 move spikes\n>p2 switch 2\n>p1 move spikes\n>p2 move substitute\n>p1 switch 3\n>p2 move leechseed\n>p1 move willowisp\n>p2 move acrobatics\n>p1 switch 3\n>p2 move acrobatics\n>p1 switch 3\n>p2 move acrobatics\n>p1 switch 5\n>p1 move thunderbolt\n>p2 move leechseed\n>p1 switch 4\n>p2 move substitute\n>p1 switch 3\n>p2 move leechseed\n>p1 move synthesis\n>p2 move acrobatics\n>p1 move synthesis\n>p2 move acrobatics\n>p2 switch 5\n>p1 switch 4\n>p2 move nastyplot\n>p1 move thunderclap\n>p2 move focusblast\n>forcelose p2", "uploadtime": 1781414750, "views": 10, "formatid": "gen9randombattle", "rating": 2065, "private": 0, "password": null}