{"id": "gen9randombattle-2631992939", "format": "[Gen 9] Random Battle", "players": ["crabpeople333", "Zabalilla"], "log": "|j|\u2606crabpeople333\n|j|\u2606Zabalilla\n|t:|1781463707\n|gametype|singles\n|player|p1|crabpeople333|2|1945\n|player|p2|Zabalilla|101|1941\n|gen|9\n|tier|[Gen 9] Random Battle\n|rated|\n|rule|Species Clause: Limit one of each Pok\u00e9mon\n|rule|HP Percentage Mod: HP is shown in percentages\n|rule|Sleep Clause Mod: Limit one foe put to sleep\n|rule|Illusion Level Mod: Illusion disguises the Pok\u00e9mon's true level\n|\n|t:|1781463707\n|teamsize|p1|6\n|teamsize|p2|6\n|start\n|switch|p1a: Kommo-o|Kommo-o, L78, M|245/245\n|switch|p2a: Salamence|Salamence, L77, F|273/273\n|-ability|p2a: Salamence|Intimidate|boost\n|-unboost|p1a: Kommo-o|atk|1\n|turn|1\n|inactive|Battle timer is ON: inactive players will automatically lose when time's up. (requested by Zabalilla)\n|\n|t:|1781463718\n|switch|p2a: Whimsicott|Whimsicott, L84, F|238/238\n|switch|p1a: Wyrdeer|Wyrdeer, L87, M|321/321\n|-ability|p1a: Wyrdeer|Intimidate|boost\n|-unboost|p2a: Whimsicott|atk|1\n|\n|upkeep\n|turn|2\n|\n|t:|1781463726\n|move|p2a: Whimsicott|Stun Spore|p1a: Wyrdeer\n|-status|p1a: Wyrdeer|par\n|move|p1a: Wyrdeer|Thunder Wave|p2a: Whimsicott\n|-status|p2a: Whimsicott|par\n|\n|upkeep\n|turn|3\n|\n|t:|1781463733\n|cant|p2a: Whimsicott|par\n|cant|p1a: Wyrdeer|par\n|\n|upkeep\n|turn|4\n|\n|t:|1781463737\n|cant|p2a: Whimsicott|par\n|move|p1a: Wyrdeer|Megahorn|p2a: Whimsicott\n|-crit|p2a: Whimsicott\n|-damage|p2a: Whimsicott|89/238 par\n|\n|-heal|p2a: Whimsicott|103/238 par|[from] item: Leftovers\n|upkeep\n|turn|5\n|c|\u2606Zabalilla|En que puto momento\n|\n|t:|1781463758\n|move|p2a: Whimsicott|Moonblast|p1a: Wyrdeer\n|-damage|p1a: Wyrdeer|225/321 par\n|move|p1a: Wyrdeer|Psychic Noise|p2a: Whimsicott\n|-damage|p2a: Whimsicott|0 fnt\n|faint|p2a: Whimsicott\n|\n|-heal|p1a: Wyrdeer|245/321 par|[from] item: Leftovers\n|upkeep\n|\n|t:|1781463765\n|switch|p2a: Zebstrika|Zebstrika, L87, M|272/272\n|turn|6\n|\n|t:|1781463789\n|switch|p1a: Kommo-o|Kommo-o, L78, M|245/245\n|move|p2a: Zebstrika|Supercell Slam|p1a: Kommo-o\n|-resisted|p1a: Kommo-o\n|-damage|p1a: Kommo-o|183/245\n|-damage|p2a: Zebstrika|245/272|[from] item: Life Orb\n|\n|upkeep\n|turn|7\n|\n|t:|1781463801\n|move|p2a: Zebstrika|High Horsepower|p1a: Kommo-o\n|-damage|p1a: Kommo-o|99/245\n|-damage|p2a: Zebstrika|218/272|[from] item: Life Orb\n|move|p1a: Kommo-o|Scale Shot|p2a: Zebstrika\n|-damage|p2a: Zebstrika|188/272\n|-damage|p2a: Zebstrika|157/272\n|-damage|p2a: Zebstrika|124/272\n|-damage|p2a: Zebstrika|93/272\n|-damage|p2a: Zebstrika|60/272\n|-hitcount|p2a: Zebstrika|5\n|-unboost|p1a: Kommo-o|def|1\n|-boost|p1a: Kommo-o|spe|1\n|\n|upkeep\n|turn|8\n|\n|t:|1781463820\n|move|p1a: Kommo-o|Close Combat|p2a: Zebstrika\n|-damage|p2a: Zebstrika|0 fnt\n|-unboost|p1a: Kommo-o|def|1\n|-unboost|p1a: Kommo-o|spd|1\n|faint|p2a: Zebstrika\n|\n|upkeep\n|\n|t:|1781463827\n|switch|p2a: Solgaleo|Solgaleo, L74|325/325\n|turn|9\n|inactive|crabpeople333 has 120 seconds left.\n|\n|t:|1781463849\n|move|p1a: Kommo-o|Close Combat|p2a: Solgaleo\n|-damage|p2a: Solgaleo|210/325\n|-unboost|p1a: Kommo-o|def|1\n|-unboost|p1a: Kommo-o|spd|1\n|-damage|p1a: Kommo-o|59/245|[from] item: Rocky Helmet|[of] p2a: Solgaleo\n|move|p2a: Solgaleo|Sunsteel Strike|p1a: Kommo-o\n|-damage|p1a: Kommo-o|0 fnt\n|faint|p1a: Kommo-o\n|\n|upkeep\n|inactive|crabpeople333 has 120 seconds left.\n|\n|t:|1781463863\n|switch|p1a: Swanna|Swanna, L89, F|278/278\n|turn|10\n|\n|t:|1781463867\n|switch|p2a: Luvdisc|Luvdisc, F|247/247\n|move|p1a: Swanna|Hydro Pump|p2a: Luvdisc\n|-resisted|p2a: Luvdisc\n|-damage|p2a: Luvdisc|181/247\n|\n|upkeep\n|turn|11\n|\n|t:|1781463880\n|switch|p1a: Wyrdeer|Wyrdeer, L87, M|245/321 par\n|-ability|p1a: Wyrdeer|Intimidate|boost\n|-unboost|p2a: Luvdisc|atk|1\n|move|p2a: Luvdisc|Substitute|p2a: Luvdisc\n|-start|p2a: Luvdisc|Substitute\n|-damage|p2a: Luvdisc|120/247\n|\n|-heal|p1a: Wyrdeer|265/321 par|[from] item: Leftovers\n|upkeep\n|turn|12\n|\n|t:|1781463883\n|move|p2a: Luvdisc|Endeavor|p1a: Wyrdeer\n|-damage|p1a: Wyrdeer|120/321 par\n|move|p1a: Wyrdeer|Psychic Noise|p2a: Luvdisc\n|-damage|p2a: Luvdisc|24/247\n|-start|p2a: Luvdisc|move: Heal Block\n|\n|-heal|p1a: Wyrdeer|140/321 par|[from] item: Leftovers\n|upkeep\n|turn|13\n|\n|t:|1781463886\n|move|p2a: Luvdisc|Endeavor|p1a: Wyrdeer\n|-damage|p1a: Wyrdeer|24/321 par\n|move|p1a: Wyrdeer|Psychic Noise|p2a: Luvdisc\n|-damage|p2a: Luvdisc|0 fnt\n|faint|p2a: Luvdisc\n|\n|-heal|p1a: Wyrdeer|44/321 par|[from] item: Leftovers\n|upkeep\n|\n|t:|1781463888\n|switch|p2a: Solgaleo|Solgaleo, L74|210/325\n|turn|14\n|\n|t:|1781463892\n|move|p2a: Solgaleo|Sunsteel Strike|p1a: Wyrdeer\n|-damage|p1a: Wyrdeer|0 fnt\n|faint|p1a: Wyrdeer\n|\n|upkeep\n|\n|t:|1781463894\n|switch|p1a: Swanna|Swanna, L89, F|278/278\n|turn|15\n|\n|t:|1781463898\n|move|p1a: Swanna|Hydro Pump|p2a: Solgaleo\n|-damage|p2a: Solgaleo|74/325\n|move|p2a: Solgaleo|Psychic Fangs|p1a: Swanna\n|-crit|p1a: Swanna\n|-damage|p1a: Swanna|100/278\n|\n|upkeep\n|turn|16\n|\n|t:|1781463901\n|move|p1a: Swanna|Hydro Pump|p2a: Solgaleo\n|-damage|p2a: Solgaleo|0 fnt\n|faint|p2a: Solgaleo\n|\n|upkeep\n|\n|t:|1781463905\n|switch|p2a: Salamence|Salamence, L77, F|273/273\n|-ability|p2a: Salamence|Intimidate|boost\n|-unboost|p1a: Swanna|atk|1\n|turn|17\n|\n|t:|1781463915\n|switch|p1a: Beartic|Beartic, L91, F|321/321\n|move|p2a: Salamence|Dragon Dance|p2a: Salamence\n|-boost|p2a: Salamence|atk|1\n|-boost|p2a: Salamence|spe|1\n|\n|upkeep\n|turn|18\n|\n|t:|1781463921\n|move|p2a: Salamence|Outrage|p1a: Beartic\n|-damage|p1a: Beartic|129/321\n|move|p1a: Beartic|Icicle Crash|p2a: Salamence\n|-supereffective|p2a: Salamence\n|-damage|p2a: Salamence|0 fnt\n|faint|p2a: Salamence\n|\n|upkeep\n|\n|t:|1781463924\n|switch|p2a: Frosmoth|Frosmoth, L82, F|249/249\n|turn|19\n|\n|t:|1781463930\n|switch|p1a: Diancie|Diancie, L82|216/216\n|move|p2a: Frosmoth|Quiver Dance|p2a: Frosmoth\n|-boost|p2a: Frosmoth|spa|1\n|-boost|p2a: Frosmoth|spd|1\n|-boost|p2a: Frosmoth|spe|1\n|\n|upkeep\n|turn|20\n|\n|t:|1781463935\n|-terastallize|p2a: Frosmoth|Ground\n|-terastallize|p1a: Diancie|Fairy\n|move|p2a: Frosmoth|Tera Blast|p1a: Diancie|[anim] Tera Blast Ground\n|-damage|p1a: Diancie|116/216\n|move|p1a: Diancie|Calm Mind|p1a: Diancie\n|-boost|p1a: Diancie|spa|1\n|-boost|p1a: Diancie|spd|1\n|\n|-heal|p1a: Diancie|129/216|[from] item: Leftovers\n|upkeep\n|turn|21\n|\n|t:|1781463938\n|move|p2a: Frosmoth|Ice Beam|p1a: Diancie\n|-damage|p1a: Diancie|48/216\n|move|p1a: Diancie|Draining Kiss|p2a: Frosmoth\n|-damage|p2a: Frosmoth|208/249\n|-heal|p1a: Diancie|79/216|[from] drain|[of] p2a: Frosmoth\n|\n|-heal|p1a: Diancie|92/216|[from] item: Leftovers\n|upkeep\n|turn|22\n|\n|t:|1781463941\n|move|p2a: Frosmoth|Ice Beam|p1a: Diancie\n|-damage|p1a: Diancie|14/216\n|-status|p1a: Diancie|frz\n|cant|p1a: Diancie|frz\n|\n|-heal|p1a: Diancie|27/216 frz|[from] item: Leftovers\n|upkeep\n|turn|23\n|\n|t:|1781463943\n|move|p2a: Frosmoth|Quiver Dance|p2a: Frosmoth\n|-boost|p2a: Frosmoth|spa|1\n|-boost|p2a: Frosmoth|spd|1\n|-boost|p2a: Frosmoth|spe|1\n|cant|p1a: Diancie|frz\n|\n|-heal|p1a: Diancie|40/216 frz|[from] item: Leftovers\n|upkeep\n|turn|24\n|\n|t:|1781463946\n|switch|p1a: Beartic|Beartic, L91, F|129/321\n|move|p2a: Frosmoth|Quiver Dance|p2a: Frosmoth\n|-boost|p2a: Frosmoth|spa|1\n|-boost|p2a: Frosmoth|spd|1\n|-boost|p2a: Frosmoth|spe|1\n|\n|upkeep\n|turn|25\n|\n|t:|1781463949\n|move|p2a: Frosmoth|Tera Blast|p1a: Beartic|[anim] Tera Blast Ground\n|-damage|p1a: Beartic|0 fnt\n|faint|p1a: Beartic\n|\n|upkeep\n|\n|t:|1781463951\n|switch|p1a: Minior|Minior-Blue, L79|224/224\n|-formechange|p1a: Minior|Minior-Meteor||[from] ability: Shields Down\n|turn|26\n|\n|t:|1781463955\n|move|p2a: Frosmoth|Ice Beam|p1a: Minior\n|-supereffective|p1a: Minior\n|-damage|p1a: Minior|0 fnt\n|faint|p1a: Minior\n|\n|upkeep\n|-message|crabpeople333 forfeited.\n|\n|win|Zabalilla\n", "inputlog": ">version a8376a258c1d4662feba110a92103f3664a72141\n>start {\"formatid\":\"gen9randombattle\",\"seed\":\"sodium,1a4d816c7b46e7e51ef916c0ac6d1ba0\",\"rated\":\"Rated battle\"}\n>player p1 {\"name\":\"crabpeople333\",\"avatar\":\"2\",\"rating\":1945,\"seed\":\"sodium,41914219f1185f76cb074d940db73891\"}\n>player p2 {\"name\":\"Zabalilla\",\"avatar\":\"101\",\"rating\":1941,\"seed\":\"sodium,668a904115d1c706b68d7e7246b3cda6\"}\n>p1 switch 6\n>p2 switch 3\n>p1 move thunderwave\n>p2 move stunspore\n>p1 move megahorn\n>p2 move encore\n>p1 move megahorn\n>p2 move encore\n>chat \u2606Zabalilla|En que puto momento \n>p1 move psychicnoise\n>p2 move moonblast\n>p2 switch 6\n>p1 switch 6\n>p2 move supercellslam\n>p1 move scaleshot\n>p2 move highhorsepower\n>p1 move closecombat\n>p2 move highhorsepower\n>p2 switch 5\n>p1 move closecombat\n>p2 move sunsteelstrike\n>p1 switch 5\n>p1 move hydropump\n>p2 switch 4\n>p1 switch 6\n>p2 move substitute\n>p1 move psychicnoise\n>p2 move endeavor\n>p1 move psychicnoise\n>p2 move endeavor\n>p2 switch 4\n>p1 move thunderwave\n>p2 move sunsteelstrike\n>p1 switch 6\n>p1 move hydropump\n>p2 move psychicfangs\n>p1 move hydropump\n>p2 move psychicfangs\n>p2 switch 3\n>p1 switch 3\n>p2 move dragondance\n>p1 move iciclecrash\n>p2 move outrage\n>p2 switch 2\n>p1 switch 2\n>p2 move quiverdance\n>p1 move calmmind terastallize\n>p2 move terablast terastallize\n>p1 move drainingkiss\n>p2 move icebeam\n>p1 move diamondstorm\n>p2 move icebeam\n>p1 move earthpower\n>p2 move quiverdance\n>p1 switch 2\n>p2 move quiverdance\n>p1 move iciclecrash\n>p2 move terablast\n>p1 switch 4\n>p1 move shellsmash\n>p2 move icebeam\n>forcelose p1", "uploadtime": 1781463709, "views": 6, "formatid": "gen9randombattle", "rating": null, "private": 0, "password": null}