{"id": "gen9randombattle-2631630814", "format": "[Gen 9] Random Battle", "players": ["Bobber Down", "beans710"], "log": "|j|\u2606Bobber Down\n|j|\u2606beans710\n|t:|1781411663\n|gametype|singles\n|player|p1|Bobber Down|266|1909\n|player|p2|beans710|1|2010\n|gen|9\n|tier|[Gen 9] Random Battle\n|rated|\n|rule|Species Clause: Limit one of each Pok\u00e9mon\n|rule|HP Percentage Mod: HP is shown in percentages\n|rule|Sleep Clause Mod: Limit one foe put to sleep\n|rule|Illusion Level Mod: Illusion disguises the Pok\u00e9mon's true level\n|\n|t:|1781411663\n|teamsize|p1|6\n|teamsize|p2|6\n|start\n|switch|p1a: Passimian|Passimian, L83, F|302/302\n|switch|p2a: Palafin|Palafin, L77, M|281/281\n|turn|1\n|inactive|Battle timer is ON: inactive players will automatically lose when time's up. (requested by Bobber Down)\n|\n|t:|1781411718\n|move|p1a: Passimian|Knock Off|p2a: Palafin\n|-damage|p2a: Palafin|176/281\n|-enditem|p2a: Palafin|Choice Band|[from] move: Knock Off|[of] p1a: Passimian\n|move|p2a: Palafin|Flip Turn|p1a: Passimian\n|-damage|p1a: Passimian|259/302\n|\n|t:|1781411729\n|detailschange|p2a: Palafin|Palafin-Hero, L77, M\n|switch|p2a: Umbreon|Umbreon, L84, M|297/297|[from] Flip Turn\n|\n|upkeep\n|turn|2\n|\n|t:|1781411735\n|switch|p1a: Overqwil|Overqwil, L82, M|274/274\n|-ability|p1a: Overqwil|Intimidate|boost\n|-unboost|p2a: Umbreon|atk|1\n|move|p2a: Umbreon|Toxic|p1a: Overqwil\n|-immune|p1a: Overqwil\n|\n|upkeep\n|turn|3\n|\n|t:|1781411753\n|switch|p2a: Palafin|Palafin-Hero, L77, M|176/281\n|-activate|p2a: Palafin|ability: Zero to Hero\n|move|p1a: Overqwil|Swords Dance|p1a: Overqwil\n|-boost|p1a: Overqwil|atk|2\n|\n|upkeep\n|turn|4\n|\n|t:|1781411762\n|move|p2a: Palafin|Wave Crash|p1a: Overqwil\n|-damage|p1a: Overqwil|129/274\n|-damage|p2a: Palafin|128/281|[from] Recoil\n|move|p1a: Overqwil|Scale Shot|p2a: Palafin|[miss]\n|-miss|p1a: Overqwil|p2a: Palafin\n|\n|upkeep\n|turn|5\n|\n|t:|1781411770\n|move|p2a: Palafin|Wave Crash|p1a: Overqwil\n|-damage|p1a: Overqwil|0 fnt\n|faint|p1a: Overqwil\n|-damage|p2a: Palafin|85/281|[from] Recoil\n|\n|upkeep\n|\n|t:|1781411788\n|switch|p1a: Passimian|Passimian, L83, F|259/302\n|turn|6\n|\n|t:|1781411800\n|switch|p2a: Basculegion|Basculegion-F, L83, F|335/335\n|move|p1a: Passimian|Close Combat|p2a: Basculegion\n|-immune|p2a: Basculegion\n|\n|upkeep\n|turn|7\n|\n|t:|1781411808\n|switch|p1a: Poliwrath|Poliwrath, L88, M|302/302\n|move|p2a: Basculegion|Flip Turn|p1a: Poliwrath\n|-immune|p1a: Poliwrath|[from] ability: Water Absorb\n|\n|upkeep\n|turn|8\n|\n|t:|1781411834\n|switch|p2a: Cresselia|Cresselia, L80, F|323/323\n|move|p1a: Poliwrath|Knock Off|p2a: Cresselia\n|-supereffective|p2a: Cresselia\n|-damage|p2a: Cresselia|191/323\n|-enditem|p2a: Cresselia|Leftovers|[from] move: Knock Off|[of] p1a: Poliwrath\n|\n|upkeep\n|turn|9\n|\n|t:|1781411845\n|move|p2a: Cresselia|Moonlight|p2a: Cresselia\n|-heal|p2a: Cresselia|323/323\n|move|p1a: Poliwrath|Liquidation|p2a: Cresselia\n|-damage|p2a: Cresselia|239/323\n|\n|upkeep\n|turn|10\n|\n|t:|1781411861\n|move|p2a: Cresselia|Calm Mind|p2a: Cresselia\n|-boost|p2a: Cresselia|spa|1\n|-boost|p2a: Cresselia|spd|1\n|move|p1a: Poliwrath|Liquidation|p2a: Cresselia\n|-damage|p2a: Cresselia|151/323\n|\n|upkeep\n|turn|11\n|\n|t:|1781411868\n|switch|p1a: Flareon|Flareon, L90, M|263/263\n|move|p2a: Cresselia|Moonlight|p2a: Cresselia\n|-heal|p2a: Cresselia|312/323\n|\n|-status|p1a: Flareon|tox|[from] item: Toxic Orb\n|upkeep\n|turn|12\n|\n|t:|1781411892\n|move|p2a: Cresselia|Psyshock|p1a: Flareon\n|-damage|p1a: Flareon|137/263 tox\n|move|p1a: Flareon|Facade|p2a: Cresselia\n|-damage|p2a: Cresselia|123/323\n|\n|-damage|p1a: Flareon|121/263 tox|[from] psn\n|upkeep\n|turn|13\n|\n|t:|1781411901\n|move|p2a: Cresselia|Psyshock|p1a: Flareon\n|-damage|p1a: Flareon|3/263 tox\n|move|p1a: Flareon|Trailblaze|p2a: Cresselia\n|-damage|p2a: Cresselia|58/323\n|-boost|p1a: Flareon|spe|1\n|\n|-damage|p1a: Flareon|0 fnt|[from] psn\n|faint|p1a: Flareon\n|upkeep\n|\n|t:|1781411923\n|switch|p1a: Passimian|Passimian, L83, F|259/302\n|turn|14\n|\n|t:|1781411933\n|move|p1a: Passimian|Gunk Shot|p2a: Cresselia\n|-damage|p2a: Cresselia|0 fnt\n|faint|p2a: Cresselia\n|\n|upkeep\n|\n|t:|1781411941\n|switch|p2a: Basculegion|Basculegion-F, L83, F|335/335\n|turn|15\n|\n|t:|1781411945\n|switch|p1a: Poliwrath|Poliwrath, L88, M|302/302\n|move|p2a: Basculegion|Shadow Ball|p1a: Poliwrath\n|-damage|p1a: Poliwrath|200/302\n|\n|upkeep\n|turn|16\n|\n|t:|1781411972\n|switch|p2a: Palafin|Palafin-Hero, L77, M|85/281\n|move|p1a: Poliwrath|Knock Off|p2a: Palafin\n|-damage|p2a: Palafin|37/281\n|\n|upkeep\n|turn|17\n|\n|t:|1781411987\n|move|p2a: Palafin|Close Combat|p1a: Poliwrath\n|-damage|p1a: Poliwrath|112/302\n|-unboost|p2a: Palafin|def|1\n|-unboost|p2a: Palafin|spd|1\n|move|p1a: Poliwrath|Knock Off|p2a: Palafin\n|-damage|p2a: Palafin|0 fnt\n|faint|p2a: Palafin\n|\n|upkeep\n|\n|t:|1781411997\n|switch|p2a: Meowstic|Meowstic-F, L89, F|277/277\n|turn|18\n|\n|t:|1781412012\n|switch|p1a: Mewtwo|Mewtwo, L72|272/272\n|-ability|p1a: Mewtwo|Unnerve\n|move|p2a: Meowstic|Psychic|p1a: Mewtwo\n|-resisted|p1a: Mewtwo\n|-damage|p1a: Mewtwo|202/272\n|-damage|p2a: Meowstic|250/277|[from] item: Life Orb\n|\n|upkeep\n|turn|19\n|\n|t:|1781412027\n|-terastallize|p1a: Mewtwo|Dark\n|move|p2a: Meowstic|Dark Pulse|p1a: Mewtwo\n|-resisted|p1a: Mewtwo\n|-damage|p1a: Mewtwo|157/272\n|-damage|p2a: Meowstic|223/277|[from] item: Life Orb\n|move|p1a: Mewtwo|Dark Pulse|p2a: Meowstic\n|-supereffective|p2a: Meowstic\n|-damage|p2a: Meowstic|2/277\n|-damage|p1a: Mewtwo|130/272|[from] item: Life Orb\n|\n|upkeep\n|turn|20\n|\n|t:|1781412038\n|move|p2a: Meowstic|Alluring Voice|p1a: Mewtwo\n|-supereffective|p1a: Mewtwo\n|-crit|p1a: Mewtwo\n|-damage|p1a: Mewtwo|0 fnt\n|faint|p1a: Mewtwo\n|-damage|p2a: Meowstic|0 fnt|[from] item: Life Orb\n|faint|p2a: Meowstic\n|\n|upkeep\n|\n|t:|1781412050\n|switch|p2a: Basculegion|Basculegion-F, L83, F|335/335\n|switch|p1a: Poliwrath|Poliwrath, L88, M|112/302\n|turn|21\n|\n|t:|1781412066\n|move|p2a: Basculegion|Shadow Ball|p1a: Poliwrath\n|-damage|p1a: Poliwrath|6/302\n|move|p1a: Poliwrath|Knock Off|p2a: Basculegion\n|-supereffective|p2a: Basculegion\n|-damage|p2a: Basculegion|163/335\n|-enditem|p2a: Basculegion|Choice Specs|[from] move: Knock Off|[of] p1a: Poliwrath\n|\n|upkeep\n|turn|22\n|\n|t:|1781412074\n|move|p2a: Basculegion|Shadow Ball|p1a: Poliwrath\n|-damage|p1a: Poliwrath|0 fnt\n|faint|p1a: Poliwrath\n|\n|upkeep\n|\n|t:|1781412081\n|switch|p1a: Blastoise|Blastoise, L80, F|258/258\n|turn|23\n|\n|t:|1781412107\n|move|p2a: Basculegion|Shadow Ball|p1a: Blastoise\n|-damage|p1a: Blastoise|154/258\n|move|p1a: Blastoise|Shell Smash|p1a: Blastoise\n|-unboost|p1a: Blastoise|def|1\n|-unboost|p1a: Blastoise|spd|1\n|-boost|p1a: Blastoise|atk|2\n|-boost|p1a: Blastoise|spa|2\n|-boost|p1a: Blastoise|spe|2\n|-enditem|p1a: Blastoise|White Herb\n|-clearnegativeboost|p1a: Blastoise|[silent]\n|\n|upkeep\n|turn|24\n|\n|t:|1781412117\n|move|p1a: Blastoise|Hydro Pump|p2a: Basculegion\n|-resisted|p2a: Basculegion\n|-damage|p2a: Basculegion|61/335\n|move|p2a: Basculegion|Shadow Ball|p1a: Blastoise\n|-damage|p1a: Blastoise|52/258\n|\n|upkeep\n|turn|25\n|\n|t:|1781412127\n|move|p1a: Blastoise|Hydro Pump|p2a: Basculegion|[miss]\n|-miss|p1a: Blastoise|p2a: Basculegion\n|move|p2a: Basculegion|Shadow Ball|p1a: Blastoise\n|-damage|p1a: Blastoise|0 fnt\n|faint|p1a: Blastoise\n|\n|upkeep\n|\n|t:|1781412137\n|switch|p1a: Passimian|Passimian, L83, F|259/302\n|turn|26\n|\n|t:|1781412141\n|move|p1a: Passimian|Earthquake|p2a: Basculegion\n|-damage|p2a: Basculegion|0 fnt\n|faint|p2a: Basculegion\n|\n|upkeep\n|\n|t:|1781412148\n|switch|p2a: Rampardos|Rampardos, L90, F|321/321\n|turn|27\n|\n|t:|1781412162\n|-terastallize|p2a: Rampardos|Fire\n|move|p1a: Passimian|Earthquake|p2a: Rampardos\n|-supereffective|p2a: Rampardos\n|-damage|p2a: Rampardos|109/321\n|move|p2a: Rampardos|Fire Punch|p1a: Passimian\n|-damage|p1a: Passimian|21/302\n|\n|upkeep\n|turn|28\n|\n|t:|1781412171\n|move|p1a: Passimian|Earthquake|p2a: Rampardos\n|-supereffective|p2a: Rampardos\n|-damage|p2a: Rampardos|0 fnt\n|faint|p2a: Rampardos\n|\n|upkeep\n|\n|t:|1781412173\n|switch|p2a: Umbreon|Umbreon, L84, M|297/297\n|turn|29\n|\n|t:|1781412178\n|move|p1a: Passimian|Earthquake|p2a: Umbreon\n|-damage|p2a: Umbreon|225/297\n|move|p2a: Umbreon|Foul Play|p1a: Passimian\n|-resisted|p1a: Passimian\n|-damage|p1a: Passimian|0 fnt\n|faint|p1a: Passimian\n|\n|win|beans710\n", "inputlog": ">version a8376a258c1d4662feba110a92103f3664a72141\n>start {\"formatid\":\"gen9randombattle\",\"seed\":\"sodium,c7da5109b5d2c636ff410bae3057e7d7\",\"rated\":\"Rated battle\"}\n>player p1 {\"name\":\"Bobber Down\",\"avatar\":\"266\",\"rating\":1909,\"seed\":\"sodium,d7497d384a655d4d315492df1b3c7b9b\"}\n>player p2 {\"name\":\"beans710\",\"avatar\":\"1\",\"rating\":2010,\"seed\":\"sodium,c0e25deb98efc40cf4c590c34735aa6c\"}\n>p1 move knockoff\n>p2 move flipturn\n>p2 switch 5\n>p1 switch 6\n>p2 move toxic\n>p1 move swordsdance\n>p2 switch 5\n>p1 move scaleshot\n>p2 move wavecrash\n>p1 move scaleshot\n>p2 move wavecrash\n>p1 switch 6\n>p1 move closecombat\n>p2 switch 2\n>p1 switch 3\n>p2 move flipturn\n>p1 move knockoff\n>p2 switch 3\n>p1 move liquidation\n>p2 move moonlight\n>p1 move liquidation\n>p2 move calmmind\n>p1 switch 4\n>p2 move moonlight\n>p1 move facade\n>p2 move psyshock\n>p1 move trailblaze\n>p2 move psyshock\n>p1 switch 3\n>p1 move gunkshot\n>p2 move psyshock\n>p2 switch 3\n>p1 switch 4\n>p2 move shadowball\n>p1 move knockoff\n>p2 switch 2\n>p1 move knockoff\n>p2 move closecombat\n>p2 switch 6\n>p1 switch 5\n>p2 move psychic\n>p1 move darkpulse terastallize\n>p2 move darkpulse\n>p1 move nastyplot\n>p2 move alluringvoice\n>p1 switch 5\n>p2 switch 2\n>p1 move knockoff\n>p2 move shadowball\n>p1 move knockoff\n>p2 move shadowball\n>p1 switch 2\n>p1 move shellsmash\n>p2 move shadowball\n>p1 move hydropump\n>p2 move shadowball\n>p1 move hydropump\n>p2 move shadowball\n>p1 switch 4\n>p1 move earthquake\n>p2 move shadowball\n>p2 switch 4\n>p1 move earthquake\n>p2 move firepunch terastallize\n>p1 move earthquake\n>p2 move firepunch\n>p2 switch 5\n>p1 move earthquake\n>p2 move foulplay", "uploadtime": 1781411665, "views": 8, "formatid": "gen9randombattle", "rating": null, "private": 0, "password": null}