{"id": "gen9randombattle-2631856586", "format": "[Gen 9] Random Battle", "players": ["kkfuticipote", "Davide070701"], "log": "|j|\u2606kkfuticipote\n|j|\u2606Davide070701\n|t:|1781448725\n|gametype|singles\n|player|p1|kkfuticipote|twins-gen4dp|1922\n|player|p2|Davide070701|102|1935\n|gen|9\n|tier|[Gen 9] Random Battle\n|rated|\n|rule|Species Clause: Limit one of each Pok\u00e9mon\n|rule|HP Percentage Mod: HP is shown in percentages\n|rule|Sleep Clause Mod: Limit one foe put to sleep\n|rule|Illusion Level Mod: Illusion disguises the Pok\u00e9mon's true level\n|\n|t:|1781448725\n|teamsize|p1|6\n|teamsize|p2|6\n|start\n|switch|p1a: Copperajah|Copperajah, L86, M|350/350\n|switch|p2a: Donphan|Donphan, L84, M|288/288\n|turn|1\n|inactive|Battle timer is ON: inactive players will automatically lose when time's up. (requested by kkfuticipote)\n|\n|t:|1781448751\n|switch|p1a: Araquanid|Araquanid, L82, F|246/246\n|move|p2a: Donphan|Stealth Rock|p1a: Araquanid\n|-sidestart|p1: kkfuticipote|move: Stealth Rock\n|\n|upkeep\n|turn|2\n|\n|t:|1781448768\n|move|p2a: Donphan|Earthquake|p1a: Araquanid\n|-resisted|p1a: Araquanid\n|-damage|p1a: Araquanid|185/246\n|move|p1a: Araquanid|Sticky Web|p2a: Donphan\n|-sidestart|p2: Davide070701|move: Sticky Web\n|\n|upkeep\n|turn|3\n|\n|t:|1781448774\n|switch|p2a: Ogerpon|Ogerpon-Wellspring, L76, F|247/247\n|-activate|p2a: Ogerpon|move: Sticky Web\n|-unboost|p2a: Ogerpon|spe|1\n|move|p1a: Araquanid|Hydro Pump|p2a: Ogerpon\n|-immune|p2a: Ogerpon|[from] ability: Water Absorb\n|\n|upkeep\n|turn|4\n|\n|t:|1781448785\n|move|p2a: Ogerpon|Power Whip|p1a: Araquanid\n|-damage|p1a: Araquanid|40/246\n|move|p1a: Araquanid|Leech Life|p2a: Ogerpon\n|-supereffective|p2a: Ogerpon\n|-crit|p2a: Ogerpon\n|-damage|p2a: Ogerpon|19/247\n|-heal|p1a: Araquanid|154/246|[from] drain|[of] p2a: Ogerpon\n|\n|upkeep\n|turn|5\n|\n|t:|1781448797\n|switch|p1a: Kilowattrel|Kilowattrel, L83, M|252/252\n|move|p2a: Ogerpon|Power Whip|p1a: Kilowattrel\n|-resisted|p1a: Kilowattrel\n|-crit|p1a: Kilowattrel\n|-damage|p1a: Kilowattrel|103/252\n|\n|upkeep\n|turn|6\n|\n|t:|1781448816\n|switch|p2a: Blaziken|Blaziken, L76, F|247/247\n|-activate|p2a: Blaziken|move: Sticky Web\n|-unboost|p2a: Blaziken|spe|1\n|move|p1a: Kilowattrel|U-turn|p2a: Blaziken\n|-resisted|p2a: Blaziken\n|-damage|p2a: Blaziken|235/247\n|\n|t:|1781448824\n|switch|p1a: Araquanid|Araquanid, L82, F|154/246|[from] U-turn\n|\n|upkeep\n|turn|7\n|\n|t:|1781448835\n|switch|p2a: Ogerpon|Ogerpon-Wellspring, L76, F|19/247\n|-activate|p2a: Ogerpon|move: Sticky Web\n|-unboost|p2a: Ogerpon|spe|1\n|move|p1a: Araquanid|Leech Life|p2a: Ogerpon\n|-supereffective|p2a: Ogerpon\n|-damage|p2a: Ogerpon|0 fnt\n|-heal|p1a: Araquanid|164/246|[from] drain|[of] p2a: Ogerpon\n|faint|p2a: Ogerpon\n|\n|upkeep\n|\n|t:|1781448852\n|switch|p2a: Spectrier|Spectrier, L75|274/274\n|-activate|p2a: Spectrier|move: Sticky Web\n|-unboost|p2a: Spectrier|spe|1\n|turn|8\n|\n|t:|1781448880\n|move|p2a: Spectrier|Nasty Plot|p2a: Spectrier\n|-boost|p2a: Spectrier|spa|2\n|move|p1a: Araquanid|Liquidation|p2a: Spectrier\n|-damage|p2a: Spectrier|96/274\n|\n|upkeep\n|turn|9\n|\n|t:|1781448888\n|move|p2a: Spectrier|Shadow Ball|p1a: Araquanid\n|-damage|p1a: Araquanid|0 fnt\n|faint|p1a: Araquanid\n|-ability|p2a: Spectrier|Grim Neigh|boost\n|-boost|p2a: Spectrier|spa|1\n|-damage|p2a: Spectrier|69/274|[from] item: Life Orb\n|\n|upkeep\n|\n|t:|1781448893\n|switch|p1a: Kilowattrel|Kilowattrel, L83, M|103/252\n|turn|10\n|\n|t:|1781448900\n|switch|p2a: Donphan|Donphan, L84, M|288/288\n|-activate|p2a: Donphan|move: Sticky Web\n|-unboost|p2a: Donphan|spe|1\n|move|p1a: Kilowattrel|Thunderbolt|p2a: Donphan\n|-immune|p2a: Donphan\n|\n|upkeep\n|turn|11\n|\n|t:|1781448910\n|move|p1a: Kilowattrel|U-turn|p2a: Donphan\n|-damage|p2a: Donphan|256/288\n|inactive|kkfuticipote has 120 seconds left.\n|\n|t:|1781448936\n|switch|p1a: Reuniclus|Reuniclus, L88, M|337/337|[from] U-turn\n|move|p2a: Donphan|Rapid Spin|p1a: Reuniclus\n|-damage|p1a: Reuniclus|293/337\n|-boost|p2a: Donphan|spe|1\n|-sideend|p2: Davide070701|Sticky Web|[from] move: Rapid Spin|[of] p2a: Donphan\n|\n|-heal|p2a: Donphan|274/288|[from] item: Leftovers\n|upkeep\n|turn|12\n|\n|t:|1781448944\n|move|p2a: Donphan|Earthquake|p1a: Reuniclus\n|-damage|p1a: Reuniclus|157/337\n|move|p1a: Reuniclus|Calm Mind|p1a: Reuniclus\n|-boost|p1a: Reuniclus|spa|1\n|-boost|p1a: Reuniclus|spd|1\n|\n|-heal|p2a: Donphan|288/288|[from] item: Leftovers\n|upkeep\n|turn|13\n|\n|t:|1781448950\n|move|p2a: Donphan|Earthquake|p1a: Reuniclus\n|-damage|p1a: Reuniclus|25/337\n|move|p1a: Reuniclus|Recover|p1a: Reuniclus\n|-heal|p1a: Reuniclus|194/337\n|\n|upkeep\n|turn|14\n|\n|t:|1781448954\n|move|p2a: Donphan|Earthquake|p1a: Reuniclus\n|-damage|p1a: Reuniclus|56/337\n|move|p1a: Reuniclus|Recover|p1a: Reuniclus\n|-heal|p1a: Reuniclus|225/337\n|\n|upkeep\n|turn|15\n|\n|t:|1781448959\n|move|p2a: Donphan|Earthquake|p1a: Reuniclus\n|-damage|p1a: Reuniclus|95/337\n|move|p1a: Reuniclus|Recover|p1a: Reuniclus\n|-heal|p1a: Reuniclus|264/337\n|\n|upkeep\n|turn|16\n|\n|t:|1781448963\n|move|p2a: Donphan|Earthquake|p1a: Reuniclus\n|-damage|p1a: Reuniclus|134/337\n|move|p1a: Reuniclus|Recover|p1a: Reuniclus\n|-heal|p1a: Reuniclus|303/337\n|\n|upkeep\n|turn|17\n|\n|t:|1781448972\n|move|p2a: Donphan|Earthquake|p1a: Reuniclus\n|-damage|p1a: Reuniclus|168/337\n|move|p1a: Reuniclus|Psyshock|p2a: Donphan\n|-damage|p2a: Donphan|107/288\n|\n|-heal|p2a: Donphan|125/288|[from] item: Leftovers\n|upkeep\n|turn|18\n|\n|t:|1781448977\n|move|p2a: Donphan|Earthquake|p1a: Reuniclus\n|-damage|p1a: Reuniclus|42/337\n|move|p1a: Reuniclus|Recover|p1a: Reuniclus\n|-heal|p1a: Reuniclus|211/337\n|\n|-heal|p2a: Donphan|143/288|[from] item: Leftovers\n|upkeep\n|turn|19\n|\n|t:|1781448981\n|move|p2a: Donphan|Earthquake|p1a: Reuniclus\n|-damage|p1a: Reuniclus|85/337\n|move|p1a: Reuniclus|Recover|p1a: Reuniclus\n|-heal|p1a: Reuniclus|254/337\n|\n|-heal|p2a: Donphan|161/288|[from] item: Leftovers\n|upkeep\n|turn|20\n|\n|t:|1781448984\n|move|p2a: Donphan|Earthquake|p1a: Reuniclus\n|-damage|p1a: Reuniclus|116/337\n|move|p1a: Reuniclus|Recover|p1a: Reuniclus\n|-heal|p1a: Reuniclus|285/337\n|\n|-heal|p2a: Donphan|179/288|[from] item: Leftovers\n|upkeep\n|turn|21\n|\n|t:|1781448990\n|move|p2a: Donphan|Earthquake|p1a: Reuniclus\n|-damage|p1a: Reuniclus|161/337\n|move|p1a: Reuniclus|Psyshock|p2a: Donphan\n|-damage|p2a: Donphan|14/288\n|\n|-heal|p2a: Donphan|32/288|[from] item: Leftovers\n|upkeep\n|turn|22\n|\n|t:|1781448994\n|move|p2a: Donphan|Earthquake|p1a: Reuniclus\n|-damage|p1a: Reuniclus|34/337\n|move|p1a: Reuniclus|Recover|p1a: Reuniclus\n|-heal|p1a: Reuniclus|203/337\n|\n|-heal|p2a: Donphan|50/288|[from] item: Leftovers\n|upkeep\n|turn|23\n|\n|t:|1781448998\n|move|p2a: Donphan|Earthquake|p1a: Reuniclus\n|-damage|p1a: Reuniclus|62/337\n|move|p1a: Reuniclus|Psyshock|p2a: Donphan\n|-damage|p2a: Donphan|0 fnt\n|faint|p2a: Donphan\n|\n|upkeep\n|\n|t:|1781449000\n|switch|p2a: Blaziken|Blaziken, L76, F|235/247\n|turn|24\n|\n|t:|1781449007\n|move|p2a: Blaziken|Knock Off|p1a: Reuniclus\n|-supereffective|p1a: Reuniclus\n|-damage|p1a: Reuniclus|0 fnt\n|-enditem|p1a: Reuniclus|Life Orb|[from] move: Knock Off|[of] p2a: Blaziken\n|faint|p1a: Reuniclus\n|-damage|p2a: Blaziken|211/247|[from] item: Life Orb\n|\n|-ability|p2a: Blaziken|Speed Boost|boost\n|-boost|p2a: Blaziken|spe|1\n|upkeep\n|\n|t:|1781449012\n|switch|p1a: Copperajah|Copperajah, L86, M|350/350\n|-damage|p1a: Copperajah|329/350|[from] Stealth Rock\n|turn|25\n|\n|t:|1781449025\n|-terastallize|p1a: Copperajah|Fire\n|move|p2a: Blaziken|Flare Blitz|p1a: Copperajah\n|-resisted|p1a: Copperajah\n|-crit|p1a: Copperajah\n|-damage|p1a: Copperajah|186/350\n|-damage|p2a: Blaziken|164/247|[from] Recoil\n|-damage|p2a: Blaziken|140/247|[from] item: Life Orb\n|move|p1a: Copperajah|Earthquake|p2a: Blaziken\n|-supereffective|p2a: Blaziken\n|-damage|p2a: Blaziken|0 fnt\n|faint|p2a: Blaziken\n|\n|upkeep\n|l|\u2606kkfuticipote\n|inactive|kkfuticipote disconnected and has a minute to reconnect!\n|player|p1|\n|\n|t:|1781449030\n|switch|p2a: Stonjourner|Stonjourner, L91, M|330/330\n|turn|26\n|j|\u2606kkfuticipote\n|inactive|kkfuticipote reconnected and has 145 seconds left.\n|player|p1|kkfuticipote|twins-gen4dp|\n|\n|t:|1781449044\n|move|p2a: Stonjourner|Rock Polish|p2a: Stonjourner\n|-boost|p2a: Stonjourner|spe|2\n|move|p1a: Copperajah|Earthquake|p2a: Stonjourner\n|-supereffective|p2a: Stonjourner\n|-damage|p2a: Stonjourner|158/330\n|\n|upkeep\n|turn|27\n|\n|t:|1781449047\n|move|p2a: Stonjourner|Earthquake|p1a: Copperajah\n|-supereffective|p1a: Copperajah\n|-damage|p1a: Copperajah|0 fnt\n|faint|p1a: Copperajah\n|-damage|p2a: Stonjourner|125/330|[from] item: Life Orb\n|\n|upkeep\n|\n|t:|1781449052\n|switch|p1a: Gallade|Gallade, L80, M|240/240\n|-damage|p1a: Gallade|225/240|[from] Stealth Rock\n|turn|28\n|\n|t:|1781449059\n|move|p2a: Stonjourner|Heat Crash|p1a: Gallade\n|-damage|p1a: Gallade|8/240\n|-damage|p2a: Stonjourner|92/330|[from] item: Life Orb\n|move|p1a: Gallade|Leaf Blade|p2a: Stonjourner\n|-supereffective|p2a: Stonjourner\n|-damage|p2a: Stonjourner|0 fnt\n|faint|p2a: Stonjourner\n|\n|upkeep\n|\n|t:|1781449069\n|switch|p2a: Spectrier|Spectrier, L75|69/274\n|turn|29\n|\n|t:|1781449074\n|move|p2a: Spectrier|Draining Kiss|p1a: Gallade\n|-supereffective|p1a: Gallade\n|-damage|p1a: Gallade|0 fnt\n|-heal|p2a: Spectrier|75/274|[from] drain|[of] p1a: Gallade\n|faint|p1a: Gallade\n|-ability|p2a: Spectrier|Grim Neigh|boost\n|-boost|p2a: Spectrier|spa|1\n|-damage|p2a: Spectrier|48/274|[from] item: Life Orb\n|\n|upkeep\n|\n|t:|1781449077\n|switch|p1a: Kilowattrel|Kilowattrel, L83, M|103/252\n|turn|30\n|\n|t:|1781449082\n|move|p1a: Kilowattrel|Thunderbolt|p2a: Spectrier\n|-damage|p2a: Spectrier|0 fnt\n|faint|p2a: Spectrier\n|\n|upkeep\n|\n|t:|1781449084\n|switch|p2a: Eternatus|Eternatus, L69|308/308\n|-ability|p2a: Eternatus|Pressure\n|turn|31\n|\n|t:|1781449089\n|move|p1a: Kilowattrel|Hurricane|p2a: Eternatus|[miss]\n|-miss|p1a: Kilowattrel|p2a: Eternatus\n|move|p2a: Eternatus|Dynamax Cannon|p1a: Kilowattrel\n|-damage|p1a: Kilowattrel|0 fnt\n|faint|p1a: Kilowattrel\n|\n|upkeep\n|\n|t:|1781449092\n|switch|p1a: Zacian|Zacian, L69|241/241\n|-damage|p1a: Zacian|211/241|[from] Stealth Rock\n|-ability|p1a: Zacian|Intrepid Sword|boost\n|-boost|p1a: Zacian|atk|1\n|turn|32\n|\n|t:|1781449102\n|move|p1a: Zacian|Psychic Fangs|p2a: Eternatus\n|-supereffective|p2a: Eternatus\n|-damage|p2a: Eternatus|42/308\n|-damage|p1a: Zacian|171/241|[from] item: Rocky Helmet|[of] p2a: Eternatus\n|move|p2a: Eternatus|Sludge Bomb|p1a: Zacian\n|-supereffective|p1a: Zacian\n|-damage|p1a: Zacian|0 fnt\n|faint|p1a: Zacian\n|\n|win|Davide070701\n", "uploadtime": 1781448727, "views": 4, "formatid": "gen9randombattle", "rating": null, "private": 0, "password": null}