{"id": "gen9randombattle-2631925529", "format": "[Gen 9] Random Battle", "players": ["thatdankcharizard", "Yomy"], "log": "|j|\u2606thatdankcharizard\n|j|\u2606Yomy\n|t:|1781456302\n|gametype|singles\n|player|p1|thatdankcharizard|266|2042\n|player|p2|Yomy|ingo|2008\n|gen|9\n|tier|[Gen 9] Random Battle\n|rated|\n|rule|Species Clause: Limit one of each Pok\u00e9mon\n|rule|HP Percentage Mod: HP is shown in percentages\n|rule|Sleep Clause Mod: Limit one foe put to sleep\n|rule|Illusion Level Mod: Illusion disguises the Pok\u00e9mon's true level\n|\n|t:|1781456302\n|teamsize|p1|6\n|teamsize|p2|6\n|start\n|switch|p1a: Vileplume|Vileplume, L85, M|266/266\n|switch|p2a: Hippowdon|Hippowdon, L82, F|311/311\n|-weather|Sandstorm|[from] ability: Sand Stream|[of] p2a: Hippowdon\n|turn|1\n|inactive|Battle timer is ON: inactive players will automatically lose when time's up. (requested by thatdankcharizard)\n|\n|t:|1781456319\n|switch|p2a: Glalie|Glalie, L96, F|309/309\n|move|p1a: Vileplume|Sludge Bomb|p2a: Glalie\n|-damage|p2a: Glalie|204/309\n|-status|p2a: Glalie|psn\n|\n|-weather|Sandstorm|[upkeep]\n|-damage|p2a: Glalie|185/309 psn|[from] Sandstorm\n|-damage|p1a: Vileplume|250/266|[from] Sandstorm\n|-heal|p1a: Vileplume|266/266|[from] item: Leftovers\n|-damage|p2a: Glalie|147/309 psn|[from] psn\n|upkeep\n|turn|2\n|\n|t:|1781456331\n|switch|p1a: Weavile|Weavile, L79, M|240/240\n|move|p2a: Glalie|Spikes|p1a: Weavile\n|-sidestart|p1: thatdankcharizard|Spikes\n|\n|-weather|Sandstorm|[upkeep]\n|-damage|p1a: Weavile|225/240|[from] Sandstorm\n|-damage|p2a: Glalie|128/309 psn|[from] Sandstorm\n|-damage|p2a: Glalie|90/309 psn|[from] psn\n|upkeep\n|turn|3\n|\n|t:|1781456344\n|move|p1a: Weavile|Swords Dance|p1a: Weavile\n|-boost|p1a: Weavile|atk|2\n|move|p2a: Glalie|Earthquake|p1a: Weavile\n|-damage|p1a: Weavile|114/240\n|\n|-weather|Sandstorm|[upkeep]\n|-damage|p1a: Weavile|99/240|[from] Sandstorm\n|-damage|p2a: Glalie|71/309 psn|[from] Sandstorm\n|-damage|p2a: Glalie|33/309 psn|[from] psn\n|upkeep\n|turn|4\n|\n|t:|1781456350\n|move|p1a: Weavile|Knock Off|p2a: Glalie\n|-damage|p2a: Glalie|0 fnt\n|-enditem|p2a: Glalie|Heavy-Duty Boots|[from] move: Knock Off|[of] p1a: Weavile\n|faint|p2a: Glalie\n|\n|-weather|Sandstorm|[upkeep]\n|-damage|p1a: Weavile|84/240|[from] Sandstorm\n|upkeep\n|\n|t:|1781456356\n|switch|p2a: Barraskewda|Barraskewda, L81, F|231/231\n|turn|5\n|\n|t:|1781456362\n|move|p1a: Weavile|Ice Shard|p2a: Barraskewda\n|-resisted|p2a: Barraskewda\n|-damage|p2a: Barraskewda|172/231\n|move|p2a: Barraskewda|Flip Turn|p1a: Weavile\n|-damage|p1a: Weavile|0 fnt\n|faint|p1a: Weavile\n|\n|t:|1781456366\n|switch|p2a: Mesprit|Mesprit, L85|275/275|[from] Flip Turn\n|\n|-weather|none\n|upkeep\n|\n|t:|1781456377\n|switch|p1a: Grumpig|Grumpig, L92, F|297/297\n|-damage|p1a: Grumpig|260/297|[from] Spikes\n|turn|6\n|\n|t:|1781456388\n|move|p2a: Mesprit|Shadow Ball|p1a: Grumpig\n|-supereffective|p1a: Grumpig\n|-damage|p1a: Grumpig|158/297\n|-unboost|p1a: Grumpig|spd|1\n|move|p1a: Grumpig|Shadow Ball|p2a: Mesprit\n|-supereffective|p2a: Mesprit\n|-damage|p2a: Mesprit|173/275\n|\n|-heal|p1a: Grumpig|176/297|[from] item: Leftovers\n|upkeep\n|turn|7\n|\n|t:|1781456411\n|move|p2a: Mesprit|Shadow Ball|p1a: Grumpig\n|-supereffective|p1a: Grumpig\n|-damage|p1a: Grumpig|20/297\n|move|p1a: Grumpig|Shadow Ball|p2a: Mesprit\n|-supereffective|p2a: Mesprit\n|-damage|p2a: Mesprit|55/275\n|\n|-heal|p1a: Grumpig|38/297|[from] item: Leftovers\n|upkeep\n|turn|8\n|\n|t:|1781456415\n|move|p2a: Mesprit|Shadow Ball|p1a: Grumpig\n|-supereffective|p1a: Grumpig\n|-damage|p1a: Grumpig|0 fnt\n|faint|p1a: Grumpig\n|\n|upkeep\n|\n|t:|1781456425\n|switch|p1a: Phione|Phione, L91|293/293\n|-damage|p1a: Phione|257/293|[from] Spikes\n|turn|9\n|\n|t:|1781456442\n|switch|p2a: Alcremie|Alcremie-Salted-Cream, L90, F|263/263\n|move|p1a: Phione|Scald|p2a: Alcremie\n|-damage|p2a: Alcremie|203/263\n|\n|-heal|p1a: Phione|275/293|[from] item: Leftovers\n|-heal|p2a: Alcremie|219/263|[from] item: Leftovers\n|upkeep\n|turn|10\n|\n|t:|1781456449\n|switch|p1a: Vileplume|Vileplume, L85, M|266/266\n|-damage|p1a: Vileplume|233/266|[from] Spikes\n|move|p2a: Alcremie|Calm Mind|p2a: Alcremie\n|-boost|p2a: Alcremie|spa|1\n|-boost|p2a: Alcremie|spd|1\n|\n|-heal|p2a: Alcremie|235/263|[from] item: Leftovers\n|-heal|p1a: Vileplume|249/266|[from] item: Leftovers\n|upkeep\n|turn|11\n|\n|t:|1781456453\n|move|p2a: Alcremie|Calm Mind|p2a: Alcremie\n|-boost|p2a: Alcremie|spa|1\n|-boost|p2a: Alcremie|spd|1\n|move|p1a: Vileplume|Sleep Powder|p2a: Alcremie\n|-status|p2a: Alcremie|slp|[from] move: Sleep Powder\n|\n|-heal|p2a: Alcremie|251/263 slp|[from] item: Leftovers\n|-heal|p1a: Vileplume|265/266|[from] item: Leftovers\n|upkeep\n|turn|12\n|\n|t:|1781456458\n|cant|p2a: Alcremie|slp\n|move|p1a: Vileplume|Sludge Bomb|p2a: Alcremie\n|-supereffective|p2a: Alcremie\n|-damage|p2a: Alcremie|177/263 slp\n|\n|-heal|p2a: Alcremie|193/263 slp|[from] item: Leftovers\n|-heal|p1a: Vileplume|266/266|[from] item: Leftovers\n|upkeep\n|turn|13\n|\n|t:|1781456469\n|cant|p2a: Alcremie|slp\n|move|p1a: Vileplume|Sludge Bomb|p2a: Alcremie\n|-supereffective|p2a: Alcremie\n|-damage|p2a: Alcremie|115/263 slp\n|\n|-heal|p2a: Alcremie|131/263 slp|[from] item: Leftovers\n|upkeep\n|turn|14\n|\n|t:|1781456473\n|cant|p2a: Alcremie|slp\n|move|p1a: Vileplume|Sludge Bomb|p2a: Alcremie\n|-supereffective|p2a: Alcremie\n|-damage|p2a: Alcremie|53/263 slp\n|\n|-heal|p2a: Alcremie|69/263 slp|[from] item: Leftovers\n|upkeep\n|turn|15\n|\n|t:|1781456478\n|-curestatus|p2a: Alcremie|slp|[msg]\n|move|p2a: Alcremie|Recover|p2a: Alcremie\n|-heal|p2a: Alcremie|201/263\n|move|p1a: Vileplume|Sludge Bomb|p2a: Alcremie\n|-supereffective|p2a: Alcremie\n|-damage|p2a: Alcremie|123/263\n|\n|-heal|p2a: Alcremie|139/263|[from] item: Leftovers\n|upkeep\n|turn|16\n|\n|t:|1781456485\n|move|p2a: Alcremie|Recover|p2a: Alcremie\n|-heal|p2a: Alcremie|263/263\n|move|p1a: Vileplume|Sludge Bomb|p2a: Alcremie\n|-supereffective|p2a: Alcremie\n|-damage|p2a: Alcremie|185/263\n|\n|-heal|p2a: Alcremie|201/263|[from] item: Leftovers\n|upkeep\n|turn|17\n|\n|t:|1781456489\n|move|p2a: Alcremie|Calm Mind|p2a: Alcremie\n|-boost|p2a: Alcremie|spa|1\n|-boost|p2a: Alcremie|spd|1\n|move|p1a: Vileplume|Sleep Powder|p2a: Alcremie|[miss]\n|-miss|p1a: Vileplume|p2a: Alcremie\n|\n|-heal|p2a: Alcremie|217/263|[from] item: Leftovers\n|upkeep\n|turn|18\n|\n|t:|1781456493\n|move|p2a: Alcremie|Tera Blast|p1a: Vileplume\n|-damage|p1a: Vileplume|95/266\n|move|p1a: Vileplume|Sleep Powder|p2a: Alcremie\n|-status|p2a: Alcremie|slp|[from] move: Sleep Powder\n|\n|-heal|p2a: Alcremie|233/263 slp|[from] item: Leftovers\n|-heal|p1a: Vileplume|111/266|[from] item: Leftovers\n|upkeep\n|turn|19\n|\n|t:|1781456499\n|cant|p2a: Alcremie|slp\n|move|p1a: Vileplume|Sludge Bomb|p2a: Alcremie\n|-supereffective|p2a: Alcremie\n|-damage|p2a: Alcremie|165/263 slp\n|\n|-heal|p2a: Alcremie|181/263 slp|[from] item: Leftovers\n|-heal|p1a: Vileplume|127/266|[from] item: Leftovers\n|upkeep\n|turn|20\n|\n|t:|1781456502\n|cant|p2a: Alcremie|slp\n|move|p1a: Vileplume|Sludge Bomb|p2a: Alcremie\n|-supereffective|p2a: Alcremie\n|-damage|p2a: Alcremie|113/263 slp\n|\n|-heal|p2a: Alcremie|129/263 slp|[from] item: Leftovers\n|-heal|p1a: Vileplume|143/266|[from] item: Leftovers\n|upkeep\n|turn|21\n|\n|t:|1781456503\n|cant|p2a: Alcremie|slp\n|move|p1a: Vileplume|Sludge Bomb|p2a: Alcremie\n|-supereffective|p2a: Alcremie\n|-damage|p2a: Alcremie|67/263 slp\n|\n|-heal|p2a: Alcremie|83/263 slp|[from] item: Leftovers\n|-heal|p1a: Vileplume|159/266|[from] item: Leftovers\n|upkeep\n|turn|22\n|\n|t:|1781456506\n|-curestatus|p2a: Alcremie|slp|[msg]\n|move|p2a: Alcremie|Recover|p2a: Alcremie\n|-heal|p2a: Alcremie|215/263\n|move|p1a: Vileplume|Sludge Bomb|p2a: Alcremie\n|-supereffective|p2a: Alcremie\n|-damage|p2a: Alcremie|147/263\n|\n|-heal|p2a: Alcremie|163/263|[from] item: Leftovers\n|-heal|p1a: Vileplume|175/266|[from] item: Leftovers\n|upkeep\n|turn|23\n|\n|t:|1781456508\n|move|p2a: Alcremie|Tera Blast|p1a: Vileplume\n|-damage|p1a: Vileplume|2/266\n|move|p1a: Vileplume|Sludge Bomb|p2a: Alcremie\n|-supereffective|p2a: Alcremie\n|-damage|p2a: Alcremie|101/263\n|\n|-heal|p2a: Alcremie|117/263|[from] item: Leftovers\n|-heal|p1a: Vileplume|18/266|[from] item: Leftovers\n|upkeep\n|turn|24\n|\n|t:|1781456514\n|move|p2a: Alcremie|Recover|p2a: Alcremie\n|-heal|p2a: Alcremie|249/263\n|move|p1a: Vileplume|Sleep Powder|p2a: Alcremie|[miss]\n|-miss|p1a: Vileplume|p2a: Alcremie\n|\n|-heal|p2a: Alcremie|263/263|[from] item: Leftovers\n|-heal|p1a: Vileplume|34/266|[from] item: Leftovers\n|upkeep\n|turn|25\n|\n|t:|1781456516\n|move|p2a: Alcremie|Tera Blast|p1a: Vileplume\n|-damage|p1a: Vileplume|0 fnt\n|faint|p1a: Vileplume\n|\n|upkeep\n|\n|t:|1781456522\n|switch|p1a: Phione|Phione, L91|275/293\n|-damage|p1a: Phione|239/293|[from] Spikes\n|turn|26\n|\n|t:|1781456525\n|move|p1a: Phione|Take Heart|p1a: Phione\n|-boost|p1a: Phione|spa|1\n|-boost|p1a: Phione|spd|1\n|move|p2a: Alcremie|Alluring Voice|p1a: Phione\n|-damage|p1a: Phione|49/293\n|-start|p1a: Phione|confusion\n|\n|-heal|p1a: Phione|67/293|[from] item: Leftovers\n|upkeep\n|turn|27\n|\n|t:|1781456528\n|-activate|p1a: Phione|confusion\n|move|p1a: Phione|Rest|p1a: Phione\n|-status|p1a: Phione|slp|[from] move: Rest\n|-heal|p1a: Phione|293/293 slp|[silent]\n|move|p2a: Alcremie|Alluring Voice|p1a: Phione\n|-damage|p1a: Phione|103/293 slp\n|\n|-heal|p1a: Phione|121/293 slp|[from] item: Leftovers\n|upkeep\n|turn|28\n|\n|t:|1781456530\n|cant|p1a: Phione|slp\n|-activate|p1a: Phione|confusion\n|move|p1a: Phione|Sleep Talk|p1a: Phione\n|move|p1a: Phione|Scald|p2a: Alcremie|[from] move: Sleep Talk\n|-damage|p2a: Alcremie|226/263\n|move|p2a: Alcremie|Alluring Voice|p1a: Phione\n|-damage|p1a: Phione|0 fnt\n|faint|p1a: Phione\n|\n|-heal|p2a: Alcremie|242/263|[from] item: Leftovers\n|upkeep\n|\n|t:|1781456532\n|switch|p1a: Drifblim|Drifblim, L86, M|396/396\n|turn|29\n|\n|t:|1781456535\n|move|p1a: Drifblim|Calm Mind|p1a: Drifblim\n|-boost|p1a: Drifblim|spa|1\n|-boost|p1a: Drifblim|spd|1\n|move|p2a: Alcremie|Alluring Voice|p1a: Drifblim\n|-damage|p1a: Drifblim|168/396\n|-start|p1a: Drifblim|confusion\n|-enditem|p1a: Drifblim|Sitrus Berry|[eat]\n|-heal|p1a: Drifblim|267/396|[from] item: Sitrus Berry\n|\n|-heal|p2a: Alcremie|258/263|[from] item: Leftovers\n|upkeep\n|turn|30\n|\n|t:|1781456538\n|-activate|p1a: Drifblim|confusion\n|move|p1a: Drifblim|Calm Mind|p1a: Drifblim\n|-boost|p1a: Drifblim|spa|1\n|-boost|p1a: Drifblim|spd|1\n|move|p2a: Alcremie|Alluring Voice|p1a: Drifblim\n|-damage|p1a: Drifblim|74/396\n|\n|-heal|p2a: Alcremie|263/263|[from] item: Leftovers\n|upkeep\n|turn|31\n|\n|t:|1781456541\n|-activate|p1a: Drifblim|confusion\n|-damage|p1a: Drifblim|43/396|[from] confusion\n|move|p2a: Alcremie|Alluring Voice|p1a: Drifblim\n|-damage|p1a: Drifblim|0 fnt\n|faint|p1a: Drifblim\n|\n|upkeep\n|\n|t:|1781456542\n|switch|p1a: Sandy Shocks|Sandy Shocks, L80|267/267\n|-damage|p1a: Sandy Shocks|234/267|[from] Spikes\n|turn|32\n|-message|thatdankcharizard forfeited.\n|\n|win|Yomy\n|raw|thatdankcharizard's rating: 2042 &rarr; <strong>2020</strong><br />(-22 for losing)\n|raw|Yomy's rating: 2008 &rarr; <strong>2030</strong><br />(+22 for winning)\n", "inputlog": ">version a8376a258c1d4662feba110a92103f3664a72141\n>start {\"formatid\":\"gen9randombattle\",\"seed\":\"sodium,c27ca384c3fe95bdd3ed971920eebad5\",\"rated\":\"Rated battle\"}\n>player p1 {\"name\":\"thatdankcharizard\",\"avatar\":\"266\",\"rating\":2042,\"seed\":\"sodium,fa4d86ab072db8bd0d4007d96051c5fd\"}\n>player p2 {\"name\":\"Yomy\",\"avatar\":\"ingo\",\"rating\":2008,\"seed\":\"sodium,d3c6f45f75ac4326be3dde7693a5c084\"}\n>p1 move sludgebomb\n>p2 switch 2\n>p1 switch 5\n>p2 move spikes\n>p1 move swordsdance\n>p2 move earthquake\n>p1 move knockoff\n>p2 move spikes\n>p2 switch 6\n>p1 move iceshard\n>p2 move flipturn\n>p2 switch 4\n>p1 switch 4\n>p1 move shadowball\n>p2 move shadowball\n>p1 move shadowball\n>p2 move shadowball\n>p1 move shadowball\n>p2 move shadowball\n>p1 switch 3\n>p1 move scald\n>p2 switch 3\n>p1 switch 5\n>p2 move calmmind\n>p1 move sleeppowder\n>p2 move calmmind\n>p1 move sludgebomb\n>p2 move alluringvoice\n>p1 move sludgebomb\n>p2 move alluringvoice\n>p1 move sludgebomb\n>p2 move recover\n>p1 move sludgebomb\n>p2 move recover\n>p1 move sludgebomb\n>p2 move recover\n>p1 move sleeppowder\n>p2 move calmmind\n>p1 move sleeppowder\n>p2 move terablast\n>p1 move sludgebomb\n>p2 move alluringvoice\n>p1 move sludgebomb\n>p2 move terablast\n>p1 move sludgebomb\n>p2 move recover\n>p1 move sludgebomb\n>p2 move recover\n>p1 move sludgebomb\n>p2 move terablast\n>p1 move sleeppowder\n>p2 move recover\n>p1 move sleeppowder\n>p2 move terablast\n>p1 switch 5\n>p1 move takeheart\n>p2 move alluringvoice\n>p1 move rest\n>p2 move alluringvoice\n>p1 move sleeptalk\n>p2 move alluringvoice\n>p1 switch 6\n>p1 move calmmind\n>p2 move alluringvoice\n>p1 move calmmind\n>p2 move alluringvoice\n>p1 move strengthsap\n>p2 move alluringvoice\n>p1 switch 2\n>forcelose p1", "uploadtime": 1781456303, "views": 5, "formatid": "gen9randombattle", "rating": 2020, "private": 0, "password": null}