{"id": "gen9randombattle-2631391583", "format": "[Gen 9] Random Battle", "players": ["good pork", "Chicken347"], "log": "|j|\u2606good pork\n|j|\u2606Chicken347\n|t:|1781379131\n|gametype|singles\n|player|p1|good pork|266|2013\n|player|p2|Chicken347|266|2024\n|gen|9\n|tier|[Gen 9] Random Battle\n|rated|\n|rule|Species Clause: Limit one of each Pok\u00e9mon\n|rule|HP Percentage Mod: HP is shown in percentages\n|rule|Sleep Clause Mod: Limit one foe put to sleep\n|rule|Illusion Level Mod: Illusion disguises the Pok\u00e9mon's true level\n|\n|t:|1781379131\n|teamsize|p1|6\n|teamsize|p2|6\n|start\n|switch|p1a: Weezing|Weezing, L88, M|258/258\n|switch|p2a: Pincurchin|Pincurchin, F|258/258\n|-fieldstart|move: Electric Terrain|[from] ability: Electric Surge|[of] p2a: Pincurchin\n|turn|1\n|\n|t:|1781379141\n|move|p1a: Weezing|Will-O-Wisp|p2a: Pincurchin\n|-status|p2a: Pincurchin|brn\n|move|p2a: Pincurchin|Spikes|p1a: Weezing\n|-sidestart|p1: good pork|Spikes\n|\n|-damage|p2a: Pincurchin|242/258 brn|[from] brn\n|upkeep\n|turn|2\n|\n|t:|1781379155\n|switch|p1a: Sandaconda|Sandaconda, L84, M|258/258\n|-damage|p1a: Sandaconda|226/258|[from] Spikes\n|move|p2a: Pincurchin|Spikes|p1a: Sandaconda\n|-sidestart|p1: good pork|Spikes\n|\n|-heal|p1a: Sandaconda|242/258|[from] item: Leftovers\n|-heal|p2a: Pincurchin|258/258 brn|[from] item: Leftovers\n|-damage|p2a: Pincurchin|242/258 brn|[from] brn\n|upkeep\n|turn|3\n|\n|t:|1781379162\n|move|p1a: Sandaconda|Earthquake|p2a: Pincurchin\n|-supereffective|p2a: Pincurchin\n|-crit|p2a: Pincurchin\n|-damage|p2a: Pincurchin|0 fnt\n|faint|p2a: Pincurchin\n|\n|-heal|p1a: Sandaconda|258/258|[from] item: Leftovers\n|upkeep\n|\n|t:|1781379183\n|switch|p2a: Articuno|Articuno-Galar, L84|288/288\n|turn|4\n|\n|t:|1781379191\n|move|p2a: Articuno|Freezing Glare|p1a: Sandaconda\n|-damage|p1a: Sandaconda|132/258\n|move|p1a: Sandaconda|Stone Edge|p2a: Articuno\n|-supereffective|p2a: Articuno\n|-damage|p2a: Articuno|124/288\n|\n|-heal|p1a: Sandaconda|148/258|[from] item: Leftovers\n|upkeep\n|turn|5\n|\n|t:|1781379197\n|move|p2a: Articuno|Recover|p2a: Articuno\n|-heal|p2a: Articuno|268/288\n|move|p1a: Sandaconda|Stone Edge|p2a: Articuno\n|-supereffective|p2a: Articuno\n|-damage|p2a: Articuno|98/288\n|\n|-heal|p1a: Sandaconda|164/258|[from] item: Leftovers\n|-fieldend|move: Electric Terrain\n|upkeep\n|turn|6\n|\n|t:|1781379207\n|move|p2a: Articuno|Freezing Glare|p1a: Sandaconda\n|-damage|p1a: Sandaconda|29/258\n|move|p1a: Sandaconda|Stone Edge|p2a: Articuno\n|-supereffective|p2a: Articuno\n|-damage|p2a: Articuno|0 fnt\n|faint|p2a: Articuno\n|\n|-heal|p1a: Sandaconda|45/258|[from] item: Leftovers\n|upkeep\n|\n|t:|1781379214\n|switch|p2a: Arbok|Arbok, L87, M|246/246\n|-ability|p2a: Arbok|Intimidate|boost\n|-unboost|p1a: Sandaconda|atk|1\n|turn|7\n|\n|t:|1781379217\n|move|p2a: Arbok|Earthquake|p1a: Sandaconda\n|-damage|p1a: Sandaconda|0 fnt\n|faint|p1a: Sandaconda\n|\n|upkeep\n|\n|t:|1781379220\n|switch|p1a: Weezing|Weezing, L88, M|258/258\n|turn|8\n|\n|t:|1781379225\n|move|p2a: Arbok|Glare|p1a: Weezing\n|-status|p1a: Weezing|par\n|cant|p1a: Weezing|par\n|\n|upkeep\n|turn|9\n|\n|t:|1781379230\n|move|p2a: Arbok|Toxic Spikes|p1a: Weezing\n|-sidestart|p1: good pork|move: Toxic Spikes\n|move|p1a: Weezing|Will-O-Wisp|p2a: Arbok\n|-status|p2a: Arbok|brn\n|\n|-damage|p2a: Arbok|231/246 brn|[from] brn\n|upkeep\n|turn|10\n|\n|t:|1781379236\n|move|p2a: Arbok|Toxic Spikes|p1a: Weezing\n|-sidestart|p1: good pork|move: Toxic Spikes\n|move|p1a: Weezing|Fire Blast|p2a: Arbok\n|-damage|p2a: Arbok|151/246 brn\n|\n|-heal|p2a: Arbok|166/246 brn|[from] item: Leftovers\n|-damage|p2a: Arbok|151/246 brn|[from] brn\n|upkeep\n|turn|11\n|\n|t:|1781379248\n|move|p2a: Arbok|Gunk Shot|p1a: Weezing\n|-resisted|p1a: Weezing\n|-damage|p1a: Weezing|234/258 par\n|move|p1a: Weezing|Fire Blast|p2a: Arbok\n|-damage|p2a: Arbok|71/246 brn\n|\n|-heal|p2a: Arbok|86/246 brn|[from] item: Leftovers\n|-heal|p1a: Weezing|250/258 par|[from] item: Leftovers\n|-damage|p2a: Arbok|71/246 brn|[from] brn\n|upkeep\n|turn|12\n|\n|t:|1781379259\n|move|p2a: Arbok|Gunk Shot|p1a: Weezing|[miss]\n|-miss|p2a: Arbok|p1a: Weezing\n|move|p1a: Weezing|Fire Blast|p2a: Arbok\n|-damage|p2a: Arbok|0 fnt\n|faint|p2a: Arbok\n|\n|-heal|p1a: Weezing|258/258 par|[from] item: Leftovers\n|upkeep\n|\n|t:|1781379262\n|switch|p2a: Iron Bundle|Iron Bundle, L78|215/215\n|turn|13\n|\n|t:|1781379267\n|move|p2a: Iron Bundle|Hydro Pump|p1a: Weezing\n|-damage|p1a: Weezing|111/258 par\n|move|p1a: Weezing|Sludge Bomb|p2a: Iron Bundle\n|-damage|p2a: Iron Bundle|82/215\n|\n|-heal|p1a: Weezing|127/258 par|[from] item: Leftovers\n|upkeep\n|turn|14\n|\n|t:|1781379277\n|move|p2a: Iron Bundle|Hydro Pump|p1a: Weezing\n|-damage|p1a: Weezing|0 fnt\n|faint|p1a: Weezing\n|\n|upkeep\n|\n|t:|1781379279\n|switch|p1a: Pecharunt|Pecharunt, L77|262/262\n|-damage|p1a: Pecharunt|219/262|[from] Spikes\n|-sideend|p1: good pork|move: Toxic Spikes|[of] p1a: Pecharunt\n|turn|15\n|\n|t:|1781379287\n|-end|p2a: Iron Bundle|Quark Drive|[silent]\n|switch|p2a: Revavroom|Revavroom, L79, M|256/256\n|move|p1a: Pecharunt|Malignant Chain|p2a: Revavroom\n|-immune|p2a: Revavroom\n|\n|-heal|p1a: Pecharunt|235/262|[from] item: Leftovers\n|upkeep\n|turn|16\n|\n|t:|1781379295\n|move|p2a: Revavroom|Shift Gear|p2a: Revavroom\n|-boost|p2a: Revavroom|spe|2\n|-boost|p2a: Revavroom|atk|1\n|move|p1a: Pecharunt|Shadow Ball|p2a: Revavroom\n|-damage|p2a: Revavroom|165/256\n|\n|-heal|p1a: Pecharunt|251/262|[from] item: Leftovers\n|upkeep\n|turn|17\n|\n|t:|1781379317\n|move|p2a: Revavroom|Shift Gear|p2a: Revavroom\n|-boost|p2a: Revavroom|spe|2\n|-boost|p2a: Revavroom|atk|1\n|move|p1a: Pecharunt|Shadow Ball|p2a: Revavroom\n|-damage|p2a: Revavroom|81/256\n|\n|-heal|p1a: Pecharunt|262/262|[from] item: Leftovers\n|upkeep\n|turn|18\n|\n|t:|1781379331\n|move|p2a: Revavroom|High Horsepower|p1a: Pecharunt\n|-supereffective|p1a: Pecharunt\n|-damage|p1a: Pecharunt|36/262\n|-damage|p2a: Revavroom|56/256|[from] item: Life Orb\n|move|p1a: Pecharunt|Shadow Ball|p2a: Revavroom\n|-damage|p2a: Revavroom|0 fnt\n|faint|p2a: Revavroom\n|\n|-heal|p1a: Pecharunt|52/262|[from] item: Leftovers\n|upkeep\n|\n|t:|1781379334\n|switch|p2a: Gumshoos|Gumshoos, L95, F|321/321\n|turn|19\n|\n|t:|1781379339\n|move|p1a: Pecharunt|Malignant Chain|p2a: Gumshoos\n|-damage|p2a: Gumshoos|231/321\n|move|p2a: Gumshoos|Knock Off|p1a: Pecharunt\n|-supereffective|p1a: Pecharunt\n|-damage|p1a: Pecharunt|0 fnt\n|-enditem|p1a: Pecharunt|Leftovers|[from] move: Knock Off|[of] p2a: Gumshoos\n|faint|p1a: Pecharunt\n|\n|upkeep\n|\n|t:|1781379345\n|switch|p1a: Crawdaunt|Crawdaunt, L84, M|243/243\n|-damage|p1a: Crawdaunt|203/243|[from] Spikes\n|turn|20\n|inactive|Battle timer is ON: inactive players will automatically lose when time's up. (requested by good pork)\n|l|\u2606Chicken347\n|inactive|Chicken347 disconnected and has a minute to reconnect!\n|player|p2|\n|inactive|Chicken347 has 30 seconds to reconnect!\n|inactive|Chicken347 has 20 seconds to reconnect!\n|inactive|Chicken347 has 15 seconds to reconnect!\n|inactive|Chicken347 has 10 seconds to reconnect!\n|inactive|Chicken347 has 5 seconds to reconnect!\n|-message|Chicken347 lost due to inactivity.\n|\n|win|good pork\n", "uploadtime": 1781379134, "views": 6, "formatid": "gen9randombattle", "rating": null, "private": 0, "password": null}