{"id": "gen9randombattle-2631676890", "format": "[Gen 9] Random Battle", "players": ["nirakiri", "lolohuhuhuhu"], "log": "|j|\u2606nirakiri\n|j|\u2606lolohuhuhuhu\n|t:|1781419814\n|gametype|singles\n|player|p1|nirakiri|102|1000\n|player|p2|lolohuhuhuhu|170|1000\n|gen|9\n|tier|[Gen 9] Random Battle\n|rated|\n|rule|Species Clause: Limit one of each Pok\u00e9mon\n|rule|HP Percentage Mod: HP is shown in percentages\n|rule|Sleep Clause Mod: Limit one foe put to sleep\n|rule|Illusion Level Mod: Illusion disguises the Pok\u00e9mon's true level\n|\n|t:|1781419814\n|teamsize|p1|6\n|teamsize|p2|6\n|start\n|switch|p1a: Haxorus|Haxorus, L77, F|244/244\n|switch|p2a: Brute Bonnet|Brute Bonnet, L80|309/309\n|-ability|p1a: Haxorus|Mold Breaker\n|turn|1\n|\n|t:|1781419843\n|switch|p1a: Iron Leaves|Iron Leaves, L80|275/275\n|move|p2a: Brute Bonnet|Spore|p1a: Iron Leaves\n|-immune|p1a: Iron Leaves\n|\n|upkeep\n|turn|2\n|\n|t:|1781419854\n|-end|p2a: Brute Bonnet|Protosynthesis|[silent]\n|switch|p2a: Chi-Yu|Chi-Yu, L77|211/211\n|-ability|p2a: Chi-Yu|Beads of Ruin\n|move|p1a: Iron Leaves|Megahorn|p2a: Chi-Yu\n|-damage|p2a: Chi-Yu|36/211\n|\n|upkeep\n|turn|3\n|\n|t:|1781419866\n|move|p1a: Iron Leaves|Megahorn|p2a: Chi-Yu\n|-damage|p2a: Chi-Yu|0 fnt\n|faint|p2a: Chi-Yu\n|\n|upkeep\n|inactive|Battle timer is ON: inactive players will automatically lose when time's up. (requested by nirakiri)\n|\n|t:|1781419895\n|switch|p2a: Armarouge|Armarouge, L80, M|267/267\n|turn|4\n|\n|t:|1781419908\n|-end|p1a: Iron Leaves|Quark Drive|[silent]\n|switch|p1a: Umbreon|Umbreon, L84, F|297/297\n|move|p2a: Armarouge|Armor Cannon|p1a: Umbreon\n|-damage|p1a: Umbreon|185/297\n|-unboost|p2a: Armarouge|def|1\n|-unboost|p2a: Armarouge|spd|1\n|\n|-heal|p1a: Umbreon|203/297|[from] item: Leftovers\n|upkeep\n|turn|5\n|inactive|lolohuhuhuhu has 120 seconds left.\n|\n|t:|1781419940\n|move|p2a: Armarouge|Armor Cannon|p1a: Umbreon\n|-damage|p1a: Umbreon|89/297\n|-unboost|p2a: Armarouge|def|1\n|-unboost|p2a: Armarouge|spd|1\n|move|p1a: Umbreon|Toxic|p2a: Armarouge\n|-status|p2a: Armarouge|tox\n|\n|-heal|p1a: Umbreon|107/297|[from] item: Leftovers\n|-damage|p2a: Armarouge|251/267 tox|[from] psn\n|upkeep\n|turn|6\n|inactive|lolohuhuhuhu has 120 seconds left.\n|\n|t:|1781419951\n|move|p1a: Umbreon|Protect|p1a: Umbreon\n|-singleturn|p1a: Umbreon|Protect\n|move|p2a: Armarouge|Armor Cannon|p1a: Umbreon\n|-activate|p1a: Umbreon|move: Protect\n|\n|-heal|p1a: Umbreon|125/297|[from] item: Leftovers\n|-damage|p2a: Armarouge|219/267 tox|[from] psn\n|upkeep\n|turn|7\n|\n|t:|1781419961\n|move|p2a: Armarouge|Armor Cannon|p1a: Umbreon\n|-damage|p1a: Umbreon|26/297\n|-unboost|p2a: Armarouge|def|1\n|-unboost|p2a: Armarouge|spd|1\n|move|p1a: Umbreon|Wish|p1a: Umbreon\n|\n|-heal|p1a: Umbreon|44/297|[from] item: Leftovers\n|-damage|p2a: Armarouge|171/267 tox|[from] psn\n|upkeep\n|turn|8\n|\n|t:|1781419973\n|move|p1a: Umbreon|Protect|p1a: Umbreon\n|-singleturn|p1a: Umbreon|Protect\n|move|p2a: Armarouge|Meteor Beam||[still]\n|-prepare|p2a: Armarouge|Meteor Beam\n|-boost|p2a: Armarouge|spa|1\n|-enditem|p2a: Armarouge|Power Herb\n|-anim|p2a: Armarouge|Meteor Beam|p1a: Umbreon\n|-activate|p1a: Umbreon|move: Protect\n|\n|-heal|p1a: Umbreon|192/297|[from] move: Wish|[wisher] Umbreon\n|-heal|p1a: Umbreon|210/297|[from] item: Leftovers\n|-damage|p2a: Armarouge|107/267 tox|[from] psn\n|upkeep\n|turn|9\n|\n|t:|1781419991\n|move|p2a: Armarouge|Meteor Beam||[still]\n|-prepare|p2a: Armarouge|Meteor Beam\n|-boost|p2a: Armarouge|spa|1\n|move|p1a: Umbreon|Foul Play|p2a: Armarouge\n|-supereffective|p2a: Armarouge\n|-damage|p2a: Armarouge|0 fnt\n|faint|p2a: Armarouge\n|\n|-heal|p1a: Umbreon|228/297|[from] item: Leftovers\n|upkeep\n|inactive|lolohuhuhuhu has 120 seconds left.\n|\n|t:|1781420002\n|switch|p2a: Gallade|Gallade, L80, M|240/240\n|turn|10\n|\n|t:|1781420008\n|move|p1a: Umbreon|Protect|p1a: Umbreon\n|-singleturn|p1a: Umbreon|Protect\n|move|p2a: Gallade|Sacred Sword|p1a: Umbreon\n|-activate|p1a: Umbreon|move: Protect\n|\n|-heal|p1a: Umbreon|246/297|[from] item: Leftovers\n|upkeep\n|turn|11\n|\n|t:|1781420017\n|switch|p1a: Polteageist|Polteageist, L78|222/222\n|move|p2a: Gallade|Sacred Sword|p1a: Polteageist\n|-immune|p1a: Polteageist\n|\n|upkeep\n|turn|12\n|\n|t:|1781420034\n|switch|p2a: Furret|Furret, L94, F|312/312\n|-item|p1a: Polteageist|White Herb|[from] ability: Frisk|[of] p2a: Furret\n|move|p1a: Polteageist|Shell Smash|p1a: Polteageist\n|-unboost|p1a: Polteageist|def|1\n|-unboost|p1a: Polteageist|spd|1\n|-boost|p1a: Polteageist|atk|2\n|-boost|p1a: Polteageist|spa|2\n|-boost|p1a: Polteageist|spe|2\n|-enditem|p1a: Polteageist|White Herb\n|-clearnegativeboost|p1a: Polteageist|[silent]\n|\n|upkeep\n|turn|13\n|inactive|lolohuhuhuhu has 120 seconds left.\n|inactive|lolohuhuhuhu has 90 seconds left.\n|\n|t:|1781420095\n|-terastallize|p1a: Polteageist|Fighting\n|move|p1a: Polteageist|Tera Blast|p2a: Furret|[anim] Tera Blast Fighting\n|-supereffective|p2a: Furret\n|-damage|p2a: Furret|0 fnt\n|faint|p2a: Furret\n|\n|upkeep\n|\n|t:|1781420103\n|switch|p2a: Exeggutor|Exeggutor-Alola, L89, M|314/314\n|turn|14\n|\n|t:|1781420127\n|move|p1a: Polteageist|Shadow Ball|p2a: Exeggutor\n|-damage|p2a: Exeggutor|119/314\n|-unboost|p2a: Exeggutor|spd|1\n|-enditem|p2a: Exeggutor|Sitrus Berry|[eat]\n|-heal|p2a: Exeggutor|197/314|[from] item: Sitrus Berry\n|move|p2a: Exeggutor|Flamethrower|p1a: Polteageist\n|-damage|p1a: Polteageist|140/222\n|-start|p2a: Exeggutor|Disable|Flamethrower|[from] ability: Cursed Body|[of] p1a: Polteageist\n|\n|-item|p2a: Exeggutor|Sitrus Berry|[from] ability: Harvest\n|upkeep\n|turn|15\n|\n|t:|1781420143\n|move|p1a: Polteageist|Shadow Ball|p2a: Exeggutor\n|-damage|p2a: Exeggutor|0 fnt\n|faint|p2a: Exeggutor\n|\n|upkeep\n|inactive|lolohuhuhuhu has 60 seconds left.\n|\n|t:|1781420173\n|switch|p2a: Brute Bonnet|Brute Bonnet, L80|309/309\n|turn|16\n|inactive|lolohuhuhuhu has 30 seconds left.\n|n|\u2606nirakiri|nirakiri\n|c|\u2606nirakiri|ur fucking ass\n|inactive|lolohuhuhuhu has 20 seconds left.\n|c|\u2606nirakiri|u mutt\n|inactive|lolohuhuhuhu has 15 seconds left.\n|inactive|lolohuhuhuhu has 10 seconds left.\n|\n|t:|1781420222\n|move|p1a: Polteageist|Tera Blast|p2a: Brute Bonnet|[anim] Tera Blast Fighting\n|-supereffective|p2a: Brute Bonnet\n|-damage|p2a: Brute Bonnet|0 fnt\n|faint|p2a: Brute Bonnet\n|-end|p2a: Brute Bonnet|Protosynthesis|[silent]\n|\n|upkeep\n|inactive|lolohuhuhuhu has 15 seconds left this turn.\n|inactive|lolohuhuhuhu has 10 seconds left.\n|\n|t:|1781420228\n|switch|p2a: Gallade|Gallade, L80, M|240/240\n|turn|17\n|inactive|lolohuhuhuhu has 20 seconds left this turn.\n|inactive|lolohuhuhuhu has 15 seconds left.\n|c|\u2606nirakiri|stall the timer a little more u mutt\n|inactive|nirakiri has 120 seconds left.\n|\n|t:|1781420254\n|move|p1a: Polteageist|Shadow Ball|p2a: Gallade\n|-supereffective|p2a: Gallade\n|-damage|p2a: Gallade|0 fnt\n|faint|p2a: Gallade\n|\n|win|nirakiri\n", "inputlog": ">version a8376a258c1d4662feba110a92103f3664a72141\n>start {\"formatid\":\"gen9randombattle\",\"seed\":\"sodium,52fdc7646061e74584eccd38cc515c50\",\"rated\":\"Rated battle\"}\n>player p1 {\"name\":\"nirakiri\",\"avatar\":\"102\",\"rating\":1000,\"seed\":\"sodium,ec4ae7940fbc8ab27fe60e5fa7e1674d\"}\n>player p2 {\"name\":\"lolohuhuhuhu\",\"avatar\":\"170\",\"rating\":1000,\"seed\":\"sodium,3673f3554aadad519e27adecc9205459\"}\n>p1 switch 6\n>p2 move spore\n>p1 move megahorn\n>p2 switch 2\n>p1 move megahorn\n>p2 move fireblast\n>p2 switch 3\n>p1 switch 3\n>p2 move armorcannon\n>p1 move toxic\n>p2 move armorcannon\n>p1 move protect\n>p2 move armorcannon\n>p1 move wish\n>p2 move armorcannon\n>p1 move protect\n>p2 move meteorbeam\n>p1 move foulplay\n>p2 move meteorbeam\n>p2 switch 4\n>p1 move protect\n>p2 move sacredsword\n>p1 switch 5\n>p2 move sacredsword\n>p1 move shellsmash\n>p2 switch 6\n>p1 move terablast terastallize\n>p2 move knockoff\n>p2 switch 5\n>p1 move shadowball\n>p2 move flamethrower\n>p1 move shadowball\n>p2 move dragonpulse\n>p2 switch 2\n>chat \u2606nirakiri|ur fucking ass\n>chat \u2606nirakiri|u mutt\n>p1 move terablast\n>p2 move seedbomb\n>p2 switch 6\n>chat \u2606nirakiri|stall the timer a little more u mutt\n>p1 move shadowball\n>p2 move psychocut", "uploadtime": 1781420204, "views": 13, "formatid": "gen9randombattle", "rating": null, "private": 0, "password": null}