{"id": "gen9randombattle-2631578691", "format": "[Gen 9] Random Battle", "players": ["Ctannn", "mayqueen nyannyan"], "log": "|badge|p1|silver|gen9randombattle|30-9\n|uhtml|medal-msg|<div class=\"broadcast-blue\">Curious what those medals under the avatar are? PS now has Ladder Seasons! For more information, check out the <a href=\"https://www.smogon.com/forums/threads/3740067/\">thread on Smogon.</a></div>\n|j|\u2606Ctannn\n|j|\u2606mayqueen nyannyan\n|t:|1781403902\n|gametype|singles\n|player|p1|Ctannn|170|2397\n|player|p2|mayqueen nyannyan|169|2336\n|gen|9\n|tier|[Gen 9] Random Battle\n|rated|\n|rule|Species Clause: Limit one of each Pok\u00e9mon\n|rule|HP Percentage Mod: HP is shown in percentages\n|rule|Sleep Clause Mod: Limit one foe put to sleep\n|rule|Illusion Level Mod: Illusion disguises the Pok\u00e9mon's true level\n|\n|t:|1781403902\n|teamsize|p1|6\n|teamsize|p2|6\n|start\n|switch|p1a: Hippowdon|Hippowdon, L82, M|311/311\n|switch|p2a: Ho-Oh|Ho-Oh, L71|268/268\n|-weather|Sandstorm|[from] ability: Sand Stream|[of] p1a: Hippowdon\n|turn|1\n|inactive|Battle timer is ON: inactive players will automatically lose when time's up. (requested by Ctannn)\n|\n|t:|1781403915\n|move|p2a: Ho-Oh|Sacred Fire|p1a: Hippowdon\n|-damage|p1a: Hippowdon|229/311\n|move|p1a: Hippowdon|Stone Edge|p2a: Ho-Oh\n|-supereffective|p2a: Ho-Oh\n|-damage|p2a: Ho-Oh|0 fnt\n|faint|p2a: Ho-Oh\n|\n|-weather|Sandstorm|[upkeep]\n|upkeep\n|\n|t:|1781403926\n|switch|p2a: Arcanine|Arcanine, L84, M|288/288\n|-ability|p2a: Arcanine|Intimidate|boost\n|-unboost|p1a: Hippowdon|atk|1\n|turn|2\n|\n|t:|1781403935\n|move|p2a: Arcanine|Will-O-Wisp|p1a: Hippowdon\n|-status|p1a: Hippowdon|brn\n|move|p1a: Hippowdon|Earthquake|p2a: Arcanine\n|-supereffective|p2a: Arcanine\n|-damage|p2a: Arcanine|212/288\n|\n|-weather|Sandstorm|[upkeep]\n|-damage|p2a: Arcanine|194/288|[from] Sandstorm\n|-damage|p1a: Hippowdon|210/311 brn|[from] brn\n|upkeep\n|turn|3\n|\n|t:|1781403946\n|switch|p2a: Hariyama|Hariyama, L87, M|392/392\n|move|p1a: Hippowdon|Slack Off|p1a: Hippowdon\n|-heal|p1a: Hippowdon|311/311 brn\n|\n|-weather|Sandstorm|[upkeep]\n|-damage|p2a: Hariyama|368/392|[from] Sandstorm\n|-damage|p1a: Hippowdon|292/311 brn|[from] brn\n|upkeep\n|turn|4\n|\n|t:|1781403953\n|move|p2a: Hariyama|Knock Off|p1a: Hippowdon\n|-damage|p1a: Hippowdon|223/311 brn\n|-damage|p2a: Hariyama|303/392|[from] item: Rocky Helmet|[of] p1a: Hippowdon\n|-enditem|p1a: Hippowdon|Rocky Helmet|[from] move: Knock Off|[of] p2a: Hariyama\n|move|p1a: Hippowdon|Earthquake|p2a: Hariyama\n|-damage|p2a: Hariyama|252/392\n|\n|-weather|Sandstorm|[upkeep]\n|-damage|p2a: Hariyama|228/392|[from] Sandstorm\n|-damage|p1a: Hippowdon|204/311 brn|[from] brn\n|upkeep\n|turn|5\n|\n|t:|1781403961\n|switch|p1a: Gliscor|Gliscor, L76, F|239/239\n|move|p2a: Hariyama|Close Combat|p1a: Gliscor\n|-resisted|p1a: Gliscor\n|-damage|p1a: Gliscor|173/239\n|-unboost|p2a: Hariyama|def|1\n|-unboost|p2a: Hariyama|spd|1\n|\n|-weather|none\n|-status|p1a: Gliscor|tox|[from] item: Toxic Orb\n|upkeep\n|turn|6\n|\n|t:|1781403967\n|move|p1a: Gliscor|Toxic|p2a: Hariyama\n|-status|p2a: Hariyama|tox\n|move|p2a: Hariyama|Heavy Slam|p1a: Gliscor\n|-damage|p1a: Gliscor|78/239 tox\n|\n|-heal|p1a: Gliscor|107/239 tox|[from] ability: Poison Heal\n|-damage|p2a: Hariyama|204/392 tox|[from] psn\n|upkeep\n|turn|7\n|\n|t:|1781403975\n|switch|p2a: Pawmot|Pawmot, L80, M|243/243\n|move|p1a: Gliscor|Substitute|p1a: Gliscor\n|-start|p1a: Gliscor|Substitute\n|-damage|p1a: Gliscor|48/239 tox\n|\n|-heal|p1a: Gliscor|77/239 tox|[from] ability: Poison Heal\n|upkeep\n|turn|8\n|\n|t:|1781403979\n|move|p2a: Pawmot|Ice Punch|p1a: Gliscor\n|-supereffective|p1a: Gliscor\n|-end|p1a: Gliscor|Substitute\n|-damage|p2a: Pawmot|219/243|[from] item: Life Orb\n|move|p1a: Gliscor|Earthquake|p2a: Pawmot\n|-supereffective|p2a: Pawmot\n|-damage|p2a: Pawmot|3/243\n|\n|-heal|p1a: Gliscor|106/239 tox|[from] ability: Poison Heal\n|upkeep\n|turn|9\n|\n|t:|1781403983\n|move|p1a: Gliscor|Protect|p1a: Gliscor\n|-singleturn|p1a: Gliscor|Protect\n|move|p2a: Pawmot|Revival Blessing|p2a: Pawmot\n|\n|t:|1781403985\n|-heal|p2: Ho-Oh|134/268|[from] move: Revival Blessing\n|\n|-heal|p1a: Gliscor|135/239 tox|[from] ability: Poison Heal\n|upkeep\n|turn|10\n|\n|t:|1781403991\n|switch|p1a: Hippowdon|Hippowdon, L82, M|204/311 brn\n|-weather|Sandstorm|[from] ability: Sand Stream|[of] p1a: Hippowdon\n|move|p2a: Pawmot|Ice Punch|p1a: Hippowdon\n|-supereffective|p1a: Hippowdon\n|-damage|p1a: Hippowdon|56/311 brn\n|-damage|p2a: Pawmot|0 fnt|[from] item: Life Orb\n|faint|p2a: Pawmot\n|\n|-weather|Sandstorm|[upkeep]\n|-damage|p1a: Hippowdon|37/311 brn|[from] brn\n|upkeep\n|\n|t:|1781403995\n|switch|p2a: Ho-Oh|Ho-Oh, L71|134/268\n|turn|11\n|\n|t:|1781404001\n|move|p2a: Ho-Oh|Brave Bird|p1a: Hippowdon\n|-damage|p1a: Hippowdon|0 fnt\n|faint|p1a: Hippowdon\n|-damage|p2a: Ho-Oh|122/268|[from] Recoil\n|\n|-weather|Sandstorm|[upkeep]\n|-damage|p2a: Ho-Oh|106/268|[from] Sandstorm\n|upkeep\n|\n|t:|1781404012\n|switch|p1a: Slaking|Slaking, L84, F|389/389\n|turn|12\n|\n|t:|1781404019\n|switch|p2a: Hariyama|Hariyama, L87, M|204/392 tox\n|move|p1a: Slaking|Double-Edge|p2a: Hariyama\n|-damage|p2a: Hariyama|0 fnt\n|faint|p2a: Hariyama\n|-damage|p1a: Slaking|322/389|[from] Recoil\n|\n|-weather|Sandstorm|[upkeep]\n|-damage|p1a: Slaking|298/389|[from] Sandstorm\n|upkeep\n|\n|t:|1781404029\n|switch|p2a: Arcanine|Arcanine, L84, M|194/288\n|-ability|p2a: Arcanine|Intimidate|boost\n|-unboost|p1a: Slaking|atk|1\n|turn|13\n|\n|t:|1781404036\n|switch|p1a: Dusknoir|Dusknoir, L89, M|225/225\n|-item|p2a: Arcanine|Heavy-Duty Boots|[from] ability: Frisk|[of] p1a: Dusknoir\n|move|p2a: Arcanine|Flare Blitz|p1a: Dusknoir\n|-damage|p1a: Dusknoir|135/225\n|-damage|p2a: Arcanine|164/288|[from] Recoil\n|\n|-weather|Sandstorm|[upkeep]\n|-damage|p2a: Arcanine|146/288|[from] Sandstorm\n|-damage|p1a: Dusknoir|121/225|[from] Sandstorm\n|upkeep\n|turn|14\n|\n|t:|1781404042\n|switch|p1a: Gliscor|Gliscor, L76, F|135/239 tox\n|move|p2a: Arcanine|Will-O-Wisp||[still]\n|-fail|p2a: Arcanine\n|\n|-weather|none\n|-heal|p1a: Gliscor|164/239 tox|[from] ability: Poison Heal\n|upkeep\n|turn|15\n|\n|t:|1781404046\n|move|p2a: Arcanine|Flare Blitz|p1a: Gliscor\n|-damage|p1a: Gliscor|44/239 tox\n|-damage|p2a: Arcanine|106/288|[from] Recoil\n|move|p1a: Gliscor|Toxic|p2a: Arcanine|[miss]\n|-miss|p1a: Gliscor|p2a: Arcanine\n|\n|-heal|p1a: Gliscor|73/239 tox|[from] ability: Poison Heal\n|upkeep\n|turn|16\n|\n|t:|1781404050\n|move|p2a: Arcanine|Morning Sun|p2a: Arcanine\n|-heal|p2a: Arcanine|250/288\n|move|p1a: Gliscor|Toxic|p2a: Arcanine\n|-status|p2a: Arcanine|tox\n|\n|-damage|p2a: Arcanine|232/288 tox|[from] psn\n|-heal|p1a: Gliscor|102/239 tox|[from] ability: Poison Heal\n|upkeep\n|turn|17\n|\n|t:|1781404053\n|move|p1a: Gliscor|Protect|p1a: Gliscor\n|-singleturn|p1a: Gliscor|Protect\n|move|p2a: Arcanine|Flare Blitz|p1a: Gliscor\n|-activate|p1a: Gliscor|move: Protect\n|\n|-damage|p2a: Arcanine|196/288 tox|[from] psn\n|-heal|p1a: Gliscor|131/239 tox|[from] ability: Poison Heal\n|upkeep\n|turn|18\n|\n|t:|1781404058\n|switch|p1a: Slaking|Slaking, L84, F|298/389\n|move|p2a: Arcanine|Flare Blitz|p1a: Slaking\n|-damage|p1a: Slaking|165/389\n|-damage|p2a: Arcanine|152/288 tox|[from] Recoil\n|\n|-damage|p2a: Arcanine|98/288 tox|[from] psn\n|upkeep\n|turn|19\n|\n|t:|1781404062\n|move|p1a: Slaking|Knock Off|p2a: Arcanine\n|-damage|p2a: Arcanine|0 fnt\n|-enditem|p2a: Arcanine|Heavy-Duty Boots|[from] move: Knock Off|[of] p1a: Slaking\n|faint|p2a: Arcanine\n|\n|upkeep\n|\n|t:|1781404065\n|switch|p2a: Salamence|Salamence, L77, F|273/273\n|-ability|p2a: Salamence|Intimidate|boost\n|-unboost|p1a: Slaking|atk|1\n|turn|20\n|\n|t:|1781404068\n|switch|p1a: Gliscor|Gliscor, L76, F|131/239 tox\n|move|p2a: Salamence|Dragon Dance|p2a: Salamence\n|-boost|p2a: Salamence|atk|1\n|-boost|p2a: Salamence|spe|1\n|\n|-heal|p1a: Gliscor|160/239 tox|[from] ability: Poison Heal\n|upkeep\n|turn|21\n|\n|t:|1781404072\n|move|p2a: Salamence|Outrage|p1a: Gliscor\n|-damage|p1a: Gliscor|0 fnt\n|faint|p1a: Gliscor\n|\n|upkeep\n|\n|t:|1781404087\n|switch|p1a: Orthworm|Orthworm, L88, F|266/266\n|turn|22\n|\n|t:|1781404091\n|move|p2a: Salamence|Outrage|p1a: Orthworm|[from] lockedmove\n|-resisted|p1a: Orthworm\n|-damage|p1a: Orthworm|197/266\n|-start|p2a: Salamence|confusion|[fatigue]\n|move|p1a: Orthworm|Coil|p1a: Orthworm\n|-boost|p1a: Orthworm|atk|1\n|-boost|p1a: Orthworm|def|1\n|-boost|p1a: Orthworm|accuracy|1\n|\n|upkeep\n|turn|23\n|\n|t:|1781404095\n|switch|p2a: Ho-Oh|Ho-Oh, L71|195/268\n|move|p1a: Orthworm|Coil|p1a: Orthworm\n|-boost|p1a: Orthworm|atk|1\n|-boost|p1a: Orthworm|def|1\n|-boost|p1a: Orthworm|accuracy|1\n|\n|upkeep\n|turn|24\n|\n|t:|1781404097\n|move|p2a: Ho-Oh|Sacred Fire|p1a: Orthworm\n|-supereffective|p1a: Orthworm\n|-damage|p1a: Orthworm|135/266\n|move|p1a: Orthworm|Coil|p1a: Orthworm\n|-boost|p1a: Orthworm|atk|1\n|-boost|p1a: Orthworm|def|1\n|-boost|p1a: Orthworm|accuracy|1\n|\n|upkeep\n|turn|25\n|\n|t:|1781404101\n|move|p2a: Ho-Oh|Sacred Fire|p1a: Orthworm\n|-supereffective|p1a: Orthworm\n|-damage|p1a: Orthworm|85/266\n|move|p1a: Orthworm|Coil|p1a: Orthworm\n|-boost|p1a: Orthworm|atk|1\n|-boost|p1a: Orthworm|def|1\n|-boost|p1a: Orthworm|accuracy|1\n|\n|upkeep\n|turn|26\n|\n|t:|1781404105\n|move|p2a: Ho-Oh|Sacred Fire|p1a: Orthworm\n|-supereffective|p1a: Orthworm\n|-damage|p1a: Orthworm|41/266\n|-status|p1a: Orthworm|brn\n|move|p1a: Orthworm|Rest|p1a: Orthworm\n|-status|p1a: Orthworm|slp|[from] move: Rest\n|-heal|p1a: Orthworm|266/266 slp|[silent]\n|-enditem|p1a: Orthworm|Chesto Berry|[eat]\n|-curestatus|p1a: Orthworm|slp|[msg]\n|\n|upkeep\n|turn|27\n|\n|t:|1781404108\n|move|p2a: Ho-Oh|Sacred Fire|p1a: Orthworm\n|-supereffective|p1a: Orthworm\n|-damage|p1a: Orthworm|222/266\n|move|p1a: Orthworm|Coil|p1a: Orthworm\n|-boost|p1a: Orthworm|atk|1\n|-boost|p1a: Orthworm|def|1\n|-boost|p1a: Orthworm|accuracy|1\n|\n|upkeep\n|turn|28\n|\n|t:|1781404114\n|move|p2a: Ho-Oh|Sacred Fire|p1a: Orthworm\n|-supereffective|p1a: Orthworm\n|-damage|p1a: Orthworm|184/266\n|move|p1a: Orthworm|Iron Tail|p2a: Ho-Oh\n|-resisted|p2a: Ho-Oh\n|-damage|p2a: Ho-Oh|0 fnt\n|faint|p2a: Ho-Oh\n|\n|upkeep\n|-message|mayqueen nyannyan forfeited.\n|\n|win|Ctannn\n", "inputlog": ">version a8376a258c1d4662feba110a92103f3664a72141\n>start {\"formatid\":\"gen9randombattle\",\"seed\":\"sodium,e41b5d6cc19bf7fd091327d52083a8fc\",\"rated\":\"Rated battle\"}\n>player p1 {\"name\":\"Ctannn\",\"avatar\":\"170\",\"rating\":2397,\"seed\":\"sodium,920de2bf41337edfb44d2f9741c80b71\"}\n>player p2 {\"name\":\"mayqueen nyannyan\",\"avatar\":\"169\",\"rating\":2336,\"seed\":\"sodium,6f255b6b8e6006351d0ef88c0b8912b2\"}\n>p1 move stoneedge\n>p2 move sacredfire\n>p2 switch 5\n>p1 move earthquake\n>p2 move willowisp\n>p1 move slackoff\n>p2 switch 4\n>p1 move earthquake\n>p2 move knockoff\n>p1 switch 3\n>p2 move closecombat\n>p1 move toxic\n>p2 move heavyslam\n>p1 move substitute\n>p2 switch 2\n>p1 move earthquake\n>p2 move icepunch\n>p1 move protect\n>p2 move revivalblessing\n>p2 switch 5\n>p1 switch 3\n>p2 move icepunch\n>p2 switch 5\n>p1 move slackoff\n>p2 move bravebird\n>p1 switch 4\n>p1 move doubleedge\n>p2 switch 2\n>p2 switch 4\n>p1 switch 5\n>p2 move flareblitz\n>p1 switch 3\n>p2 move willowisp\n>p1 move toxic\n>p2 move flareblitz\n>p1 move toxic\n>p2 move morningsun\n>p1 move protect\n>p2 move flareblitz\n>p1 switch 5\n>p2 move flareblitz\n>p1 move knockoff\n>p2 move flareblitz\n>p2 switch 3\n>p1 switch 5\n>p2 move dragondance\n>p1 move toxic\n>p2 move outrage\n>p1 switch 6\n>p1 move coil\n>p2 move outrage\n>p1 move coil\n>p2 switch 2\n>p1 move coil\n>p2 move sacredfire\n>p1 move coil\n>p2 move sacredfire\n>p1 move rest\n>p2 move sacredfire\n>p1 move coil\n>p2 move sacredfire\n>p1 move irontail\n>p2 move sacredfire\n>forcelose p2", "uploadtime": 1781403905, "views": 5, "formatid": "gen9randombattle", "rating": null, "private": 0, "password": null}