{"id": "gen9randombattle-2631452709", "format": "[Gen 9] Random Battle", "players": ["iseeY0shi", "xdxdxd333"], "log": "|j|\u2606iseeY0shi\n|j|\u2606xdxdxd333\n|t:|1781386457\n|gametype|singles\n|player|p1|iseeY0shi|2|2077\n|player|p2|xdxdxd333|1|2155\n|gen|9\n|tier|[Gen 9] Random Battle\n|rated|\n|rule|Species Clause: Limit one of each Pok\u00e9mon\n|rule|HP Percentage Mod: HP is shown in percentages\n|rule|Sleep Clause Mod: Limit one foe put to sleep\n|rule|Illusion Level Mod: Illusion disguises the Pok\u00e9mon's true level\n|\n|t:|1781386457\n|teamsize|p1|6\n|teamsize|p2|6\n|start\n|switch|p1a: Luxray|Luxray, L88, F|284/284\n|switch|p2a: Diancie|Diancie, L82|216/216\n|-ability|p1a: Luxray|Intimidate|boost\n|-fail|p2a: Diancie|unboost|[from] ability: Clear Body|[of] p2a: Diancie\n|turn|1\n|inactive|Battle timer is ON: inactive players will automatically lose when time's up. (requested by xdxdxd333)\n|inactive|iseeY0shi has 120 seconds left.\n|\n|t:|1781386517\n|switch|p1a: Minun|Minun, L95, M|268/268\n|move|p2a: Diancie|Diamond Storm|p1a: Minun\n|-damage|p1a: Minun|141/268\n|-boost|p2a: Diancie|def|2\n|\n|upkeep\n|turn|2\n|\n|t:|1781386526\n|switch|p1a: Toedscruel|Toedscruel, L87, M|281/281\n|move|p2a: Diancie|Earth Power|p1a: Toedscruel\n|-resisted|p1a: Toedscruel\n|-damage|p1a: Toedscruel|267/281\n|\n|upkeep\n|turn|3\n|\n|t:|1781386540\n|switch|p2a: Scyther|Scyther, L82, M|249/249\n|move|p1a: Toedscruel|Knock Off|p2a: Scyther\n|-damage|p2a: Scyther|189/249\n|-enditem|p2a: Scyther|Heavy-Duty Boots|[from] move: Knock Off|[of] p1a: Toedscruel\n|\n|upkeep\n|turn|4\n|\n|t:|1781386545\n|switch|p1a: Luxray|Luxray, L88, F|284/284\n|-ability|p1a: Luxray|Intimidate|boost\n|-unboost|p2a: Scyther|atk|1\n|move|p2a: Scyther|U-turn|p1a: Luxray\n|-damage|p1a: Luxray|226/284\n|\n|t:|1781386553\n|switch|p2a: Ursaring|Ursaring, L84, F|288/288|[from] U-turn\n|\n|-status|p2a: Ursaring|tox|[from] item: Toxic Orb\n|upkeep\n|turn|5\n|\n|t:|1781386581\n|switch|p1a: Toedscruel|Toedscruel, L87, M|267/281\n|move|p2a: Ursaring|Facade|p1a: Toedscruel\n|-damage|p1a: Toedscruel|44/281\n|\n|-damage|p2a: Ursaring|270/288 tox|[from] psn\n|upkeep\n|turn|6\n|\n|t:|1781386590\n|switch|p2a: Scyther|Scyther, L82, M|189/249\n|move|p1a: Toedscruel|Earth Power|p2a: Scyther\n|-immune|p2a: Scyther\n|\n|upkeep\n|turn|7\n|\n|t:|1781386598\n|switch|p1a: Luxray|Luxray, L88, F|226/284\n|-ability|p1a: Luxray|Intimidate|boost\n|-unboost|p2a: Scyther|atk|1\n|move|p2a: Scyther|U-turn|p1a: Luxray\n|-damage|p1a: Luxray|175/284\n|\n|t:|1781386605\n|switch|p2a: Ursaring|Ursaring, L84, F|270/288 tox|[from] U-turn\n|\n|-damage|p2a: Ursaring|252/288 tox|[from] psn\n|upkeep\n|turn|8\n|\n|t:|1781386607\n|move|p2a: Ursaring|Facade|p1a: Luxray\n|-damage|p1a: Luxray|0 fnt\n|faint|p1a: Luxray\n|\n|-damage|p2a: Ursaring|216/288 tox|[from] psn\n|upkeep\n|\n|t:|1781386615\n|switch|p1a: Minun|Minun, L95, M|141/268\n|turn|9\n|inactive|xdxdxd333 has 120 seconds left.\n|\n|t:|1781386650\n|move|p1a: Minun|Thunderbolt|p2a: Ursaring\n|-damage|p2a: Ursaring|70/288 tox\n|-damage|p1a: Minun|115/268|[from] item: Life Orb\n|move|p2a: Ursaring|Facade|p1a: Minun\n|-damage|p1a: Minun|0 fnt\n|faint|p1a: Minun\n|\n|-damage|p2a: Ursaring|16/288 tox|[from] psn\n|upkeep\n|\n|t:|1781386656\n|switch|p1a: Toedscruel|Toedscruel, L87, M|44/281\n|turn|10\n|\n|t:|1781386663\n|switch|p2a: Scyther|Scyther, L82, M|189/249\n|move|p1a: Toedscruel|Rapid Spin|p2a: Scyther\n|-damage|p2a: Scyther|158/249\n|-boost|p1a: Toedscruel|spe|1\n|\n|upkeep\n|turn|11\n|\n|t:|1781386669\n|move|p1a: Toedscruel|Knock Off|p2a: Scyther\n|-damage|p2a: Scyther|118/249\n|move|p2a: Scyther|U-turn|p1a: Toedscruel\n|-supereffective|p1a: Toedscruel\n|-damage|p1a: Toedscruel|0 fnt\n|faint|p1a: Toedscruel\n|\n|t:|1781386675\n|switch|p2a: Diancie|Diancie, L82|216/216|[from] U-turn\n|\n|upkeep\n|\n|t:|1781386700\n|switch|p1a: Venusaur|Venusaur, L84, F|272/272\n|turn|12\n|\n|t:|1781386707\n|switch|p2a: Iron Moth|Iron Moth, L78|253/253\n|move|p1a: Venusaur|Sludge Bomb|p2a: Iron Moth\n|-resisted|p2a: Iron Moth\n|-damage|p2a: Iron Moth|208/253\n|\n|upkeep\n|turn|13\n|\n|t:|1781386713\n|move|p2a: Iron Moth|Fiery Dance|p1a: Venusaur\n|-supereffective|p1a: Venusaur\n|-damage|p1a: Venusaur|98/272\n|move|p1a: Venusaur|Earth Power|p2a: Iron Moth\n|-supereffective|p2a: Iron Moth\n|-damage|p2a: Iron Moth|0 fnt\n|faint|p2a: Iron Moth\n|-end|p2a: Iron Moth|Quark Drive|[silent]\n|\n|-heal|p1a: Venusaur|115/272|[from] item: Leftovers\n|upkeep\n|\n|t:|1781386717\n|switch|p2a: Scyther|Scyther, L82, M|118/249\n|turn|14\n|\n|t:|1781386726\n|move|p2a: Scyther|Dual Wingbeat|p1a: Venusaur\n|-supereffective|p1a: Venusaur\n|-damage|p1a: Venusaur|0 fnt\n|faint|p1a: Venusaur\n|-hitcount|p1: Venusaur|1\n|\n|upkeep\n|\n|t:|1781386728\n|switch|p1a: Eternatus|Eternatus, L69|308/308\n|-ability|p1a: Eternatus|Pressure\n|turn|15\n|\n|t:|1781386738\n|switch|p2a: Diancie|Diancie, L82|216/216\n|move|p1a: Eternatus|Meteor Beam||[still]\n|-prepare|p1a: Eternatus|Meteor Beam\n|-boost|p1a: Eternatus|spa|1\n|-enditem|p1a: Eternatus|Power Herb\n|-anim|p1a: Eternatus|Meteor Beam|p2a: Diancie\n|-damage|p2a: Diancie|134/216\n|\n|-heal|p2a: Diancie|147/216|[from] item: Leftovers\n|upkeep\n|turn|16\n|\n|t:|1781386746\n|move|p1a: Eternatus|Sludge Bomb|p2a: Diancie\n|-damage|p2a: Diancie|59/216\n|move|p2a: Diancie|Earth Power|p1a: Eternatus\n|-supereffective|p1a: Eternatus\n|-damage|p1a: Eternatus|172/308\n|-unboost|p1a: Eternatus|spd|1\n|\n|-heal|p2a: Diancie|72/216|[from] item: Leftovers\n|upkeep\n|turn|17\n|\n|t:|1781386753\n|move|p1a: Eternatus|Sludge Bomb|p2a: Diancie\n|-damage|p2a: Diancie|0 fnt\n|faint|p2a: Diancie\n|\n|upkeep\n|\n|t:|1781386758\n|switch|p2a: Darkrai|Darkrai, L77|234/234\n|turn|18\n|\n|t:|1781386764\n|move|p2a: Darkrai|Dark Pulse|p1a: Eternatus\n|-damage|p1a: Eternatus|0 fnt\n|faint|p1a: Eternatus\n|-damage|p2a: Darkrai|211/234|[from] item: Life Orb\n|\n|upkeep\n|\n|t:|1781386766\n|switch|p1a: Dudunsparce|Dudunsparce-Three-Segment, L83, M|343/343\n|turn|19\n|\n|t:|1781386770\n|move|p2a: Darkrai|Hypnosis|p1a: Dudunsparce\n|-status|p1a: Dudunsparce|slp|[from] move: Hypnosis\n|cant|p1a: Dudunsparce|slp\n|\n|-damage|p1a: Dudunsparce|301/343 slp|[from] ability: Bad Dreams|[of] p2a: Darkrai\n|upkeep\n|turn|20\n|\n|t:|1781386773\n|move|p2a: Darkrai|Nasty Plot|p2a: Darkrai\n|-boost|p2a: Darkrai|spa|2\n|-curestatus|p1a: Dudunsparce|slp|[msg]\n|move|p1a: Dudunsparce|Calm Mind|p1a: Dudunsparce\n|-boost|p1a: Dudunsparce|spa|1\n|-boost|p1a: Dudunsparce|spd|1\n|\n|-heal|p1a: Dudunsparce|322/343|[from] item: Leftovers\n|upkeep\n|turn|21\n|\n|t:|1781386783\n|move|p2a: Darkrai|Hypnosis|p1a: Dudunsparce|[miss]\n|-miss|p2a: Darkrai|p1a: Dudunsparce\n|move|p1a: Dudunsparce|Calm Mind|p1a: Dudunsparce\n|-boost|p1a: Dudunsparce|spa|1\n|-boost|p1a: Dudunsparce|spd|1\n|\n|-heal|p1a: Dudunsparce|343/343|[from] item: Leftovers\n|upkeep\n|turn|22\n|\n|t:|1781386785\n|move|p2a: Darkrai|Hypnosis|p1a: Dudunsparce|[miss]\n|-miss|p2a: Darkrai|p1a: Dudunsparce\n|move|p1a: Dudunsparce|Boomburst|p2a: Darkrai\n|-damage|p2a: Darkrai|0 fnt\n|faint|p2a: Darkrai\n|\n|upkeep\n|\n|t:|1781386793\n|switch|p2a: Scyther|Scyther, L82, M|118/249\n|turn|23\n|\n|t:|1781386801\n|-terastallize|p1a: Dudunsparce|Ghost\n|move|p2a: Scyther|Close Combat|p1a: Dudunsparce\n|-immune|p1a: Dudunsparce\n|move|p1a: Dudunsparce|Boomburst|p2a: Scyther\n|-damage|p2a: Scyther|0 fnt\n|faint|p2a: Scyther\n|\n|upkeep\n|\n|t:|1781386809\n|switch|p2a: Ursaring|Ursaring, L84, F|16/288 tox\n|turn|24\n|\n|t:|1781386812\n|move|p2a: Ursaring|Crunch|p1a: Dudunsparce\n|-supereffective|p1a: Dudunsparce\n|-damage|p1a: Dudunsparce|177/343\n|-ability|p1a: Dudunsparce|Rattled|boost\n|-boost|p1a: Dudunsparce|spe|1\n|move|p1a: Dudunsparce|Roost|p1a: Dudunsparce\n|-heal|p1a: Dudunsparce|343/343\n|\n|-damage|p2a: Ursaring|0 fnt|[from] psn\n|faint|p2a: Ursaring\n|upkeep\n|\n|t:|1781386814\n|switch|p2a: Misdreavus|Misdreavus, L90, F|254/254\n|turn|25\n|\n|t:|1781386823\n|move|p1a: Dudunsparce|Shadow Ball|p2a: Misdreavus\n|-supereffective|p2a: Misdreavus\n|-damage|p2a: Misdreavus|68/254\n|move|p2a: Misdreavus|Calm Mind|p2a: Misdreavus\n|-boost|p2a: Misdreavus|spa|1\n|-boost|p2a: Misdreavus|spd|1\n|\n|upkeep\n|turn|26\n|\n|t:|1781386829\n|-terastallize|p2a: Misdreavus|Fairy\n|move|p1a: Dudunsparce|Calm Mind|p1a: Dudunsparce\n|-boost|p1a: Dudunsparce|spa|1\n|-boost|p1a: Dudunsparce|spd|1\n|move|p2a: Misdreavus|Draining Kiss|p1a: Dudunsparce\n|-damage|p1a: Dudunsparce|294/343\n|-heal|p2a: Misdreavus|105/254|[from] drain|[of] p1a: Dudunsparce\n|\n|-heal|p1a: Dudunsparce|315/343|[from] item: Leftovers\n|upkeep\n|turn|27\n|\n|t:|1781386835\n|move|p1a: Dudunsparce|Boomburst|p2a: Misdreavus\n|-damage|p2a: Misdreavus|0 fnt\n|faint|p2a: Misdreavus\n|\n|win|iseeY0shi\n", "uploadtime": 1781386460, "views": 4, "formatid": "gen9randombattle", "rating": null, "private": 0, "password": null}