{"id": "gen9randombattle-2631544940", "format": "[Gen 9] Random Battle", "players": ["morgan&sableye", "who is to say"], "log": "|j|\u2606morgan&sableye\n|j|\u2606who is to say\n|t:|1781399270\n|gametype|singles\n|player|p1|morgan&sableye|grimsley|2142\n|player|p2|who is to say|170|2252\n|gen|9\n|tier|[Gen 9] Random Battle\n|rated|\n|rule|Species Clause: Limit one of each Pok\u00e9mon\n|rule|HP Percentage Mod: HP is shown in percentages\n|rule|Sleep Clause Mod: Limit one foe put to sleep\n|rule|Illusion Level Mod: Illusion disguises the Pok\u00e9mon's true level\n|\n|t:|1781399270\n|teamsize|p1|6\n|teamsize|p2|6\n|start\n|switch|p1a: Shaymin|Shaymin, L82|298/298\n|switch|p2a: Zarude|Zarude-Dada, L77|288/288\n|turn|1\n|inactive|Battle timer is ON: inactive players will automatically lose when time's up. (requested by morgan&sableye)\n|\n|t:|1781399278\n|switch|p2a: Vespiquen|Vespiquen, L99, F|299/299\n|-ability|p2a: Vespiquen|Pressure\n|move|p1a: Shaymin|Substitute|p1a: Shaymin\n|-start|p1a: Shaymin|Substitute\n|-damage|p1a: Shaymin|224/298\n|\n|-heal|p1a: Shaymin|242/298|[from] item: Leftovers\n|upkeep\n|turn|2\n|\n|t:|1781399289\n|move|p1a: Shaymin|Leech Seed|p2a: Vespiquen\n|-start|p2a: Vespiquen|move: Leech Seed\n|move|p2a: Vespiquen|Spikes|p1a: Shaymin\n|-sidestart|p1: morgan&sableye|Spikes\n|\n|-heal|p1a: Shaymin|260/298|[from] item: Leftovers\n|-damage|p2a: Vespiquen|262/299|[from] Leech Seed|[of] p1a: Shaymin\n|-heal|p1a: Shaymin|297/298|[silent]\n|upkeep\n|turn|3\n|\n|t:|1781399296\n|move|p1a: Shaymin|Air Slash|p2a: Vespiquen\n|-supereffective|p2a: Vespiquen\n|-damage|p2a: Vespiquen|184/299\n|move|p2a: Vespiquen|Spikes|p1a: Shaymin\n|-sidestart|p1: morgan&sableye|Spikes\n|\n|-heal|p1a: Shaymin|298/298|[from] item: Leftovers\n|-damage|p2a: Vespiquen|147/299|[from] Leech Seed|[of] p1a: Shaymin\n|upkeep\n|turn|4\n|\n|t:|1781399301\n|move|p1a: Shaymin|Air Slash|p2a: Vespiquen\n|-supereffective|p2a: Vespiquen\n|-damage|p2a: Vespiquen|75/299\n|move|p2a: Vespiquen|Roost|p2a: Vespiquen\n|-heal|p2a: Vespiquen|225/299\n|-singleturn|p2a: Vespiquen|move: Roost\n|\n|-damage|p2a: Vespiquen|188/299|[from] Leech Seed|[of] p1a: Shaymin\n|upkeep\n|turn|5\n|\n|t:|1781399305\n|move|p1a: Shaymin|Air Slash|p2a: Vespiquen\n|-supereffective|p2a: Vespiquen\n|-damage|p2a: Vespiquen|110/299\n|cant|p2a: Vespiquen|flinch\n|\n|-damage|p2a: Vespiquen|73/299|[from] Leech Seed|[of] p1a: Shaymin\n|upkeep\n|turn|6\n|\n|t:|1781399312\n|switch|p2a: Regice|Regice, L88|284/284\n|move|p1a: Shaymin|Air Slash|p2a: Regice\n|-damage|p2a: Regice|260/284\n|\n|upkeep\n|turn|7\n|\n|t:|1781399314\n|move|p1a: Shaymin|Leech Seed|p2a: Regice\n|-start|p2a: Regice|move: Leech Seed\n|move|p2a: Regice|Ice Beam|p1a: Shaymin\n|-supereffective|p1a: Shaymin\n|-end|p1a: Shaymin|Substitute\n|\n|-damage|p2a: Regice|225/284|[from] Leech Seed|[of] p1a: Shaymin\n|upkeep\n|turn|8\n|\n|t:|1781399320\n|switch|p2a: Empoleon|Empoleon, L84, F|278/278\n|move|p1a: Shaymin|Substitute|p1a: Shaymin\n|-start|p1a: Shaymin|Substitute\n|-damage|p1a: Shaymin|224/298\n|\n|-heal|p1a: Shaymin|242/298|[from] item: Leftovers\n|upkeep\n|turn|9\n|\n|t:|1781399323\n|move|p1a: Shaymin|Leech Seed|p2a: Empoleon\n|-start|p2a: Empoleon|move: Leech Seed\n|move|p2a: Empoleon|Roar|p1a: Shaymin\n|drag|p1a: Spectrier|Spectrier, L75|274/274\n|-damage|p1a: Spectrier|229/274|[from] Spikes\n|\n|-heal|p1a: Spectrier|246/274|[from] item: Leftovers\n|-damage|p2a: Empoleon|244/278|[from] Leech Seed|[of] p1a: Spectrier\n|-heal|p1a: Spectrier|274/274|[silent]\n|upkeep\n|turn|10\n|\n|t:|1781399330\n|move|p1a: Spectrier|Substitute|p1a: Spectrier\n|-start|p1a: Spectrier|Substitute\n|-damage|p1a: Spectrier|206/274\n|move|p2a: Empoleon|Knock Off|p1a: Spectrier\n|-supereffective|p1a: Spectrier\n|-end|p1a: Spectrier|Substitute\n|\n|-heal|p1a: Spectrier|223/274|[from] item: Leftovers\n|-heal|p2a: Empoleon|261/278|[from] item: Leftovers\n|-damage|p2a: Empoleon|227/278|[from] Leech Seed|[of] p1a: Spectrier\n|-heal|p1a: Spectrier|257/274|[silent]\n|upkeep\n|turn|11\n|\n|t:|1781399336\n|move|p1a: Spectrier|Substitute|p1a: Spectrier\n|-start|p1a: Spectrier|Substitute\n|-damage|p1a: Spectrier|189/274\n|move|p2a: Empoleon|Knock Off|p1a: Spectrier\n|-supereffective|p1a: Spectrier\n|-crit|p1a: Spectrier\n|-end|p1a: Spectrier|Substitute\n|\n|-heal|p1a: Spectrier|206/274|[from] item: Leftovers\n|-heal|p2a: Empoleon|244/278|[from] item: Leftovers\n|-damage|p2a: Empoleon|210/278|[from] Leech Seed|[of] p1a: Spectrier\n|-heal|p1a: Spectrier|240/274|[silent]\n|upkeep\n|turn|12\n|\n|t:|1781399341\n|switch|p1a: Shaymin|Shaymin, L82|242/298\n|-damage|p1a: Shaymin|193/298|[from] Spikes\n|move|p2a: Empoleon|Roar|p1a: Shaymin\n|drag|p1a: Plusle|Plusle, L95, M|268/268\n|-damage|p1a: Plusle|224/268|[from] Spikes\n|\n|-heal|p2a: Empoleon|227/278|[from] item: Leftovers\n|-damage|p2a: Empoleon|193/278|[from] Leech Seed|[of] p1a: Plusle\n|-heal|p1a: Plusle|258/268|[silent]\n|upkeep\n|turn|13\n|\n|t:|1781399350\n|switch|p2a: Regice|Regice, L88|225/284\n|move|p1a: Plusle|Thunderbolt|p2a: Regice\n|-damage|p2a: Regice|155/284\n|-damage|p1a: Plusle|232/268|[from] item: Life Orb\n|\n|upkeep\n|turn|14\n|\n|t:|1781399354\n|move|p1a: Plusle|Nasty Plot|p1a: Plusle\n|-boost|p1a: Plusle|spa|2\n|move|p2a: Regice|Ice Beam|p1a: Plusle\n|-damage|p1a: Plusle|127/268\n|\n|upkeep\n|turn|15\n|\n|t:|1781399361\n|move|p1a: Plusle|Thunderbolt|p2a: Regice\n|-damage|p2a: Regice|22/284\n|-damage|p1a: Plusle|101/268|[from] item: Life Orb\n|move|p2a: Regice|Ice Beam|p1a: Plusle\n|-damage|p1a: Plusle|0 fnt\n|faint|p1a: Plusle\n|\n|upkeep\n|\n|t:|1781399365\n|switch|p1a: Spectrier|Spectrier, L75|240/274\n|-damage|p1a: Spectrier|195/274|[from] Spikes\n|turn|16\n|\n|t:|1781399368\n|switch|p2a: Bombirdier|Bombirdier, L85, F|258/258\n|move|p1a: Spectrier|Substitute|p1a: Spectrier\n|-start|p1a: Spectrier|Substitute\n|-damage|p1a: Spectrier|127/274\n|\n|-heal|p1a: Spectrier|144/274|[from] item: Leftovers\n|upkeep\n|turn|17\n|\n|t:|1781399372\n|move|p1a: Spectrier|Nasty Plot|p1a: Spectrier\n|-boost|p1a: Spectrier|spa|2\n|move|p2a: Bombirdier|Knock Off|p1a: Spectrier\n|-supereffective|p1a: Spectrier\n|-end|p1a: Spectrier|Substitute\n|\n|-heal|p1a: Spectrier|161/274|[from] item: Leftovers\n|upkeep\n|turn|18\n|\n|t:|1781399382\n|-terastallize|p1a: Spectrier|Fighting\n|move|p1a: Spectrier|Nasty Plot|p1a: Spectrier\n|-boost|p1a: Spectrier|spa|2\n|move|p2a: Bombirdier|Knock Off|p1a: Spectrier\n|-resisted|p1a: Spectrier\n|-damage|p1a: Spectrier|49/274\n|-enditem|p1a: Spectrier|Leftovers|[from] move: Knock Off|[of] p2a: Bombirdier\n|\n|upkeep\n|turn|19\n|\n|t:|1781399395\n|switch|p2a: Regice|Regice, L88|22/284\n|move|p1a: Spectrier|Tera Blast|p2a: Regice|[anim] Tera Blast Fighting\n|-supereffective|p2a: Regice\n|-damage|p2a: Regice|0 fnt\n|faint|p2a: Regice\n|-ability|p1a: Spectrier|Grim Neigh|boost\n|-boost|p1a: Spectrier|spa|1\n|\n|upkeep\n|\n|t:|1781399400\n|switch|p2a: Bombirdier|Bombirdier, L85, F|258/258\n|turn|20\n|\n|t:|1781399404\n|move|p2a: Bombirdier|Sucker Punch|p1a: Spectrier\n|-resisted|p1a: Spectrier\n|-damage|p1a: Spectrier|0 fnt\n|faint|p1a: Spectrier\n|\n|upkeep\n|\n|t:|1781399410\n|switch|p1a: Shaymin|Shaymin, L82|193/298\n|-damage|p1a: Shaymin|144/298|[from] Spikes\n|turn|21\n|inactive|who is to say has 120 seconds left.\n|l|\u2606morgan&sableye\n|inactive|morgan&sableye disconnected and has a minute to reconnect!\n|player|p1|\n|j|\u2606morgan&sableye\n|inactive|morgan&sableye reconnected.\n|player|p1|morgan&sableye|grimsley|\n|inactive|who is to say has 90 seconds left.\n|\n|t:|1781399481\n|switch|p2a: Scream Tail|Scream Tail, L84|330/330\n|move|p1a: Shaymin|Substitute|p1a: Shaymin\n|-start|p1a: Shaymin|Substitute\n|-damage|p1a: Shaymin|70/298\n|\n|-heal|p1a: Shaymin|88/298|[from] item: Leftovers\n|upkeep\n|turn|22\n|\n|t:|1781399485\n|move|p2a: Scream Tail|Encore|p1a: Shaymin\n|-start|p1a: Shaymin|Encore\n|move|p1a: Shaymin|Substitute|p1a: Shaymin\n|-fail|p1a: Shaymin|move: Substitute\n|\n|-heal|p1a: Shaymin|106/298|[from] item: Leftovers\n|upkeep\n|turn|23\n|\n|t:|1781399489\n|move|p2a: Scream Tail|Wish|p2a: Scream Tail\n|move|p1a: Shaymin|Substitute|p1a: Shaymin\n|-fail|p1a: Shaymin|move: Substitute\n|\n|-heal|p1a: Shaymin|124/298|[from] item: Leftovers\n|upkeep\n|turn|24\n|\n|t:|1781399493\n|-end|p2a: Scream Tail|Protosynthesis|[silent]\n|switch|p2a: Vespiquen|Vespiquen, L99, F|73/299\n|-ability|p2a: Vespiquen|Pressure\n|switch|p1a: Squawkabilly|Squawkabilly, L85, M|278/278\n|\n|-heal|p2a: Vespiquen|238/299|[from] move: Wish|[wisher] Scream Tail\n|-status|p1a: Squawkabilly|brn|[from] item: Flame Orb\n|upkeep\n|turn|25\n|\n|t:|1781399502\n|switch|p2a: Empoleon|Empoleon, L84, F|193/278\n|move|p1a: Squawkabilly|Brave Bird|p2a: Empoleon\n|-resisted|p2a: Empoleon\n|-damage|p2a: Empoleon|91/278\n|-damage|p1a: Squawkabilly|244/278 brn|[from] Recoil\n|\n|-heal|p2a: Empoleon|108/278|[from] item: Leftovers\n|-damage|p1a: Squawkabilly|227/278 brn|[from] brn\n|upkeep\n|turn|26\n|inactive|who is to say has 120 seconds left.\n|\n|t:|1781399514\n|move|p1a: Squawkabilly|Facade|p2a: Empoleon\n|-resisted|p2a: Empoleon\n|-damage|p2a: Empoleon|0 fnt\n|faint|p2a: Empoleon\n|\n|-damage|p1a: Squawkabilly|210/278 brn|[from] brn\n|upkeep\n|\n|t:|1781399524\n|switch|p2a: Scream Tail|Scream Tail, L84|330/330\n|turn|27\n|\n|t:|1781399527\n|move|p2a: Scream Tail|Protect|p2a: Scream Tail\n|-singleturn|p2a: Scream Tail|Protect\n|move|p1a: Squawkabilly|Facade|p2a: Scream Tail\n|-activate|p2a: Scream Tail|move: Protect\n|\n|-damage|p1a: Squawkabilly|193/278 brn|[from] brn\n|upkeep\n|turn|28\n|\n|t:|1781399530\n|move|p2a: Scream Tail|Wish|p2a: Scream Tail\n|move|p1a: Squawkabilly|Facade|p2a: Scream Tail\n|-damage|p2a: Scream Tail|111/330\n|\n|-heal|p2a: Scream Tail|131/330|[from] item: Leftovers\n|-damage|p1a: Squawkabilly|176/278 brn|[from] brn\n|upkeep\n|turn|29\n|\n|t:|1781399536\n|move|p2a: Scream Tail|Protect|p2a: Scream Tail\n|-singleturn|p2a: Scream Tail|Protect\n|move|p1a: Squawkabilly|Facade|p2a: Scream Tail\n|-activate|p2a: Scream Tail|move: Protect\n|\n|-heal|p2a: Scream Tail|296/330|[from] move: Wish|[wisher] Scream Tail\n|-heal|p2a: Scream Tail|316/330|[from] item: Leftovers\n|-damage|p1a: Squawkabilly|159/278 brn|[from] brn\n|upkeep\n|turn|30\n|\n|t:|1781399543\n|move|p2a: Scream Tail|Wish|p2a: Scream Tail\n|move|p1a: Squawkabilly|Facade|p2a: Scream Tail\n|-damage|p2a: Scream Tail|114/330\n|\n|-heal|p2a: Scream Tail|134/330|[from] item: Leftovers\n|-damage|p1a: Squawkabilly|142/278 brn|[from] brn\n|upkeep\n|turn|31\n|\n|t:|1781399547\n|switch|p1a: Shaymin|Shaymin, L82|124/298\n|-damage|p1a: Shaymin|75/298|[from] Spikes\n|move|p2a: Scream Tail|Protect||[still]\n|-fail|p2a: Scream Tail\n|\n|-heal|p2a: Scream Tail|299/330|[from] move: Wish|[wisher] Scream Tail\n|-heal|p2a: Scream Tail|319/330|[from] item: Leftovers\n|-heal|p1a: Shaymin|93/298|[from] item: Leftovers\n|upkeep\n|turn|32\n|\n|t:|1781399551\n|move|p2a: Scream Tail|Wish|p2a: Scream Tail\n|move|p1a: Shaymin|Leech Seed|p2a: Scream Tail|[miss]\n|-miss|p1a: Shaymin|p2a: Scream Tail\n|\n|-heal|p2a: Scream Tail|330/330|[from] item: Leftovers\n|-heal|p1a: Shaymin|111/298|[from] item: Leftovers\n|upkeep\n|turn|33\n|\n|t:|1781399555\n|-end|p2a: Scream Tail|Protosynthesis|[silent]\n|switch|p2a: Vespiquen|Vespiquen, L99, F|238/299\n|-ability|p2a: Vespiquen|Pressure\n|move|p1a: Shaymin|Air Slash|p2a: Vespiquen\n|-supereffective|p2a: Vespiquen\n|-damage|p2a: Vespiquen|166/299\n|\n|-heal|p2a: Vespiquen|299/299|[from] move: Wish|[wisher] Scream Tail\n|-heal|p1a: Shaymin|129/298|[from] item: Leftovers\n|upkeep\n|turn|34\n|\n|t:|1781399560\n|move|p1a: Shaymin|Leech Seed|p2a: Vespiquen\n|-start|p2a: Vespiquen|move: Leech Seed\n|move|p2a: Vespiquen|U-turn|p1a: Shaymin\n|-supereffective|p1a: Shaymin\n|-damage|p1a: Shaymin|0 fnt\n|faint|p1a: Shaymin\n|\n|t:|1781399566\n|switch|p2a: Scream Tail|Scream Tail, L84|330/330|[from] U-turn\n|\n|upkeep\n|\n|t:|1781399573\n|switch|p1a: Tyranitar|Tyranitar, L78, F|284/284\n|-damage|p1a: Tyranitar|237/284|[from] Spikes\n|-weather|Sandstorm|[from] ability: Sand Stream|[of] p1a: Tyranitar\n|turn|35\n|\n|t:|1781399578\n|move|p2a: Scream Tail|Play Rough|p1a: Tyranitar\n|-supereffective|p1a: Tyranitar\n|-damage|p1a: Tyranitar|109/284\n|-enditem|p1a: Tyranitar|Weakness Policy\n|-boost|p1a: Tyranitar|atk|2|[from] item: Weakness Policy\n|-boost|p1a: Tyranitar|spa|2|[from] item: Weakness Policy\n|move|p1a: Tyranitar|Stone Edge|p2a: Scream Tail\n|-damage|p2a: Scream Tail|101/330\n|\n|-weather|Sandstorm|[upkeep]\n|-damage|p2a: Scream Tail|81/330|[from] Sandstorm\n|-heal|p2a: Scream Tail|101/330|[from] item: Leftovers\n|upkeep\n|turn|36\n|\n|t:|1781399586\n|move|p2a: Scream Tail|Play Rough|p1a: Tyranitar\n|-supereffective|p1a: Tyranitar\n|-damage|p1a: Tyranitar|0 fnt\n|faint|p1a: Tyranitar\n|\n|-weather|Sandstorm|[upkeep]\n|-damage|p2a: Scream Tail|81/330|[from] Sandstorm\n|-heal|p2a: Scream Tail|101/330|[from] item: Leftovers\n|upkeep\n|\n|t:|1781399589\n|switch|p1a: Squawkabilly|Squawkabilly, L85, M|142/278 brn\n|turn|37\n|\n|t:|1781399591\n|move|p2a: Scream Tail|Protect|p2a: Scream Tail\n|-singleturn|p2a: Scream Tail|Protect\n|move|p1a: Squawkabilly|Facade|p2a: Scream Tail\n|-activate|p2a: Scream Tail|move: Protect\n|\n|-weather|Sandstorm|[upkeep]\n|-damage|p2a: Scream Tail|81/330|[from] Sandstorm\n|-damage|p1a: Squawkabilly|125/278 brn|[from] Sandstorm\n|-heal|p2a: Scream Tail|101/330|[from] item: Leftovers\n|-damage|p1a: Squawkabilly|108/278 brn|[from] brn\n|upkeep\n|turn|38\n|\n|t:|1781399605\n|move|p2a: Scream Tail|Play Rough|p1a: Squawkabilly\n|-damage|p1a: Squawkabilly|6/278 brn\n|-unboost|p1a: Squawkabilly|atk|1\n|move|p1a: Squawkabilly|Facade|p2a: Scream Tail\n|-damage|p2a: Scream Tail|0 fnt\n|faint|p2a: Scream Tail\n|-end|p2a: Scream Tail|Protosynthesis|[silent]\n|\n|-weather|Sandstorm|[upkeep]\n|-damage|p1a: Squawkabilly|0 fnt|[from] Sandstorm\n|faint|p1a: Squawkabilly\n|upkeep\n|\n|t:|1781399611\n|switch|p2a: Bombirdier|Bombirdier, L85, F|258/258\n|switch|p1a: Latios|Latios, L78, M|253/253\n|turn|39\n|c|\u2606morgan&sableye|Gg\n|c|\u2606who is to say|gg\n|\n|t:|1781399618\n|move|p1a: Latios|Draco Meteor|p2a: Bombirdier\n|-damage|p2a: Bombirdier|83/258\n|-unboost|p1a: Latios|spa|2\n|move|p2a: Bombirdier|Knock Off|p1a: Latios\n|-supereffective|p1a: Latios\n|-damage|p1a: Latios|0 fnt\n|-enditem|p1a: Latios|Soul Dew|[from] move: Knock Off|[of] p2a: Bombirdier\n|faint|p1a: Latios\n|\n|win|who is to say\n", "uploadtime": 1781399274, "views": 3, "formatid": "gen9randombattle", "rating": null, "private": 0, "password": null}