{"id": "gen9randombattle-2631848953", "format": "[Gen 9] Random Battle", "players": ["matthewma654321", "PTSree"], "log": "|j|\u2606matthewma654321\n|j|\u2606PTSree\n|t:|1781447834\n|gametype|singles\n|player|p1|matthewma654321|102|1960\n|player|p2|PTSree|1|1939\n|gen|9\n|tier|[Gen 9] Random Battle\n|rated|\n|rule|Species Clause: Limit one of each Pok\u00e9mon\n|rule|HP Percentage Mod: HP is shown in percentages\n|rule|Sleep Clause Mod: Limit one foe put to sleep\n|rule|Illusion Level Mod: Illusion disguises the Pok\u00e9mon's true level\n|\n|t:|1781447834\n|teamsize|p1|6\n|teamsize|p2|6\n|start\n|switch|p1a: Talonflame|Talonflame, L83, M|265/265\n|switch|p2a: Annihilape|Annihilape, L76, M|292/292\n|turn|1\n|inactive|Battle timer is ON: inactive players will automatically lose when time's up. (requested by PTSree)\n|\n|t:|1781447846\n|switch|p2a: Heatran|Heatran, L79, M|273/273\n|move|p1a: Talonflame|Will-O-Wisp|p2a: Heatran\n|-start|p2a: Heatran|ability: Flash Fire\n|\n|upkeep\n|turn|2\n|\n|t:|1781447865\n|switch|p1a: Zamazenta|Zamazenta, L71|248/248\n|-ability|p1a: Zamazenta|Dauntless Shield|boost\n|-boost|p1a: Zamazenta|def|1\n|move|p2a: Heatran|Magma Storm|p1a: Zamazenta\n|-damage|p1a: Zamazenta|76/248\n|-activate|p1a: Zamazenta|move: Magma Storm|[of] p2a: Heatran\n|\n|-damage|p1a: Zamazenta|45/248|[from] move: Magma Storm|[partiallytrapped]\n|upkeep\n|turn|3\n|\n|t:|1781447879\n|-end|p2a: Heatran|ability: Flash Fire|[silent]\n|switch|p2a: Dondozo|Dondozo, L78, F|362/362\n|move|p1a: Zamazenta|Psychic Fangs|p2a: Dondozo\n|-damage|p2a: Dondozo|294/362\n|\n|-heal|p2a: Dondozo|316/362|[from] item: Leftovers\n|-end|p1a: Zamazenta|Magma Storm|[partiallytrapped]|[silent]\n|upkeep\n|turn|4\n|\n|t:|1781447889\n|switch|p1a: Wo-Chien|Wo-Chien, L83|277/277\n|-ability|p1a: Wo-Chien|Tablets of Ruin\n|move|p2a: Dondozo|Wave Crash|p1a: Wo-Chien\n|-resisted|p1a: Wo-Chien\n|-damage|p1a: Wo-Chien|238/277\n|-damage|p2a: Dondozo|303/362|[from] Recoil\n|\n|-heal|p1a: Wo-Chien|255/277|[from] item: Leftovers\n|-heal|p2a: Dondozo|325/362|[from] item: Leftovers\n|upkeep\n|turn|5\n|\n|t:|1781447897\n|switch|p2a: Kleavor|Kleavor, L78, F|237/237\n|move|p1a: Wo-Chien|Knock Off|p2a: Kleavor\n|-damage|p2a: Kleavor|147/237\n|-enditem|p2a: Kleavor|Heavy-Duty Boots|[from] move: Knock Off|[of] p1a: Wo-Chien\n|\n|-heal|p1a: Wo-Chien|272/277|[from] item: Leftovers\n|upkeep\n|turn|6\n|\n|t:|1781447906\n|switch|p1a: Ursaluna|Ursaluna-Bloodmoon, L79, M|308/308\n|move|p2a: Kleavor|Stone Axe|p1a: Ursaluna|[miss]\n|-miss|p2a: Kleavor|p1a: Ursaluna\n|\n|upkeep\n|turn|7\n|\n|t:|1781447920\n|move|p2a: Kleavor|Stone Axe|p1a: Ursaluna\n|-resisted|p1a: Ursaluna\n|-damage|p1a: Ursaluna|263/308\n|-sidestart|p1: matthewma654321|move: Stealth Rock\n|move|p1a: Ursaluna|Calm Mind|p1a: Ursaluna\n|-boost|p1a: Ursaluna|spa|1\n|-boost|p1a: Ursaluna|spd|1\n|\n|-heal|p1a: Ursaluna|282/308|[from] item: Leftovers\n|upkeep\n|turn|8\n|\n|t:|1781447930\n|move|p2a: Kleavor|U-turn|p1a: Ursaluna\n|-damage|p1a: Ursaluna|206/308\n|\n|t:|1781447939\n|switch|p2a: Duraludon|Duraludon, L82, M|249/249|[from] U-turn\n|move|p1a: Ursaluna|Blood Moon|p2a: Duraludon\n|-resisted|p2a: Duraludon\n|-damage|p2a: Duraludon|117/249\n|\n|-heal|p1a: Ursaluna|225/308|[from] item: Leftovers\n|upkeep\n|turn|9\n|\n|t:|1781447951\n|move|p2a: Duraludon|Body Press|p1a: Ursaluna\n|-supereffective|p1a: Ursaluna\n|-damage|p1a: Ursaluna|129/308\n|move|p1a: Ursaluna|Earth Power|p2a: Duraludon\n|-supereffective|p2a: Duraludon\n|-damage|p2a: Duraludon|0 fnt\n|faint|p2a: Duraludon\n|\n|-heal|p1a: Ursaluna|148/308|[from] item: Leftovers\n|upkeep\n|\n|t:|1781447961\n|switch|p2a: Slaking|Slaking, L84, M|389/389\n|turn|10\n|\n|t:|1781447969\n|move|p2a: Slaking|Double-Edge|p1a: Ursaluna\n|-damage|p1a: Ursaluna|0 fnt\n|faint|p1a: Ursaluna\n|-damage|p2a: Slaking|340/389|[from] Recoil\n|\n|upkeep\n|\n|t:|1781447997\n|switch|p1a: Zamazenta|Zamazenta, L71|45/248\n|-damage|p1a: Zamazenta|30/248|[from] Stealth Rock\n|turn|11\n|\n|t:|1781448007\n|switch|p2a: Dondozo|Dondozo, L78, F|325/362\n|move|p1a: Zamazenta|Close Combat|p2a: Dondozo\n|-damage|p2a: Dondozo|175/362\n|-unboost|p1a: Zamazenta|def|1\n|-unboost|p1a: Zamazenta|spd|1\n|\n|-heal|p2a: Dondozo|197/362|[from] item: Leftovers\n|upkeep\n|turn|12\n|\n|t:|1781448024\n|switch|p1a: Wo-Chien|Wo-Chien, L83|272/277\n|-damage|p1a: Wo-Chien|238/277|[from] Stealth Rock\n|-ability|p1a: Wo-Chien|Tablets of Ruin\n|switch|p2a: Kleavor|Kleavor, L78, F|147/237\n|\n|-heal|p1a: Wo-Chien|255/277|[from] item: Leftovers\n|upkeep\n|turn|13\n|\n|t:|1781448043\n|switch|p1a: Talonflame|Talonflame, L83, M|265/265\n|move|p2a: Kleavor|U-turn|p1a: Talonflame\n|-resisted|p1a: Talonflame\n|-damage|p1a: Talonflame|241/265\n|\n|t:|1781448049\n|switch|p2a: Heatran|Heatran, L79, M|273/273|[from] U-turn\n|\n|upkeep\n|turn|14\n|\n|t:|1781448061\n|switch|p1a: Lugia|Lugia, L73|275/275\n|move|p2a: Heatran|Magma Storm|p1a: Lugia\n|-crit|p1a: Lugia\n|-damage|p1a: Lugia|204/275\n|-activate|p1a: Lugia|move: Magma Storm|[of] p2a: Heatran\n|\n|-damage|p1a: Lugia|170/275|[from] move: Magma Storm|[partiallytrapped]\n|upkeep\n|turn|15\n|\n|t:|1781448077\n|switch|p2a: Slaking|Slaking, L84, M|340/389\n|move|p1a: Lugia|Recover|p1a: Lugia\n|-heal|p1a: Lugia|275/275\n|\n|-end|p1a: Lugia|Magma Storm|[partiallytrapped]|[silent]\n|upkeep\n|turn|16\n|\n|t:|1781448089\n|move|p2a: Slaking|Knock Off|p1a: Lugia\n|-supereffective|p1a: Lugia\n|-damage|p1a: Lugia|149/275\n|-enditem|p1a: Lugia|Heavy-Duty Boots|[from] move: Knock Off|[of] p2a: Slaking\n|move|p1a: Lugia|Calm Mind|p1a: Lugia\n|-boost|p1a: Lugia|spa|1\n|-boost|p1a: Lugia|spd|1\n|\n|upkeep\n|turn|17\n|\n|t:|1781448106\n|switch|p2a: Kleavor|Kleavor, L78, F|147/237\n|move|p1a: Lugia|Recover|p1a: Lugia\n|-heal|p1a: Lugia|275/275\n|\n|upkeep\n|turn|18\n|\n|t:|1781448132\n|move|p1a: Lugia|Calm Mind|p1a: Lugia\n|-boost|p1a: Lugia|spa|1\n|-boost|p1a: Lugia|spd|1\n|move|p2a: Kleavor|U-turn|p1a: Lugia\n|-damage|p1a: Lugia|240/275\n|\n|t:|1781448136\n|switch|p2a: Slaking|Slaking, L84, M|340/389|[from] U-turn\n|\n|upkeep\n|turn|19\n|inactive|matthewma654321 has 120 seconds left.\n|\n|t:|1781448157\n|-terastallize|p1a: Lugia|Steel\n|move|p2a: Slaking|Double-Edge|p1a: Lugia\n|-resisted|p1a: Lugia\n|-damage|p1a: Lugia|117/275\n|-damage|p2a: Slaking|299/389|[from] Recoil\n|move|p1a: Lugia|Recover|p1a: Lugia\n|-heal|p1a: Lugia|255/275\n|\n|upkeep\n|turn|20\n|inactive|PTSree has 120 seconds left.\n|inactive|PTSree has 90 seconds left.\n|l|\u2606PTSree\n|inactive|PTSree disconnected and has a minute to reconnect!\n|player|p2|\n|j|\u2606PTSree\n|inactive|PTSree reconnected and has 70 seconds left.\n|player|p2|PTSree|1|\n|\n|t:|1781448244\n|switch|p2a: Kleavor|Kleavor, L78, F|147/237\n|move|p1a: Lugia|Recover|p1a: Lugia\n|-heal|p1a: Lugia|275/275\n|\n|upkeep\n|turn|21\n|\n|t:|1781448257\n|move|p1a: Lugia|Aeroblast|p2a: Kleavor\n|-damage|p2a: Kleavor|0 fnt\n|faint|p2a: Kleavor\n|\n|upkeep\n|inactive|PTSree has 60 seconds left.\n|\n|t:|1781448280\n|switch|p2a: Slaking|Slaking, L84, M|299/389\n|turn|22\n|inactive|PTSree has 60 seconds left.\n|\n|t:|1781448288\n|move|p2a: Slaking|Earthquake|p1a: Lugia\n|-supereffective|p1a: Lugia\n|-damage|p1a: Lugia|144/275\n|move|p1a: Lugia|Aeroblast|p2a: Slaking\n|-damage|p2a: Slaking|110/389\n|\n|upkeep\n|turn|23\n|\n|t:|1781448298\n|switch|p2a: Heatran|Heatran, L79, M|273/273\n|move|p1a: Lugia|Recover|p1a: Lugia\n|-heal|p1a: Lugia|275/275\n|\n|upkeep\n|turn|24\n|inactive|PTSree has 60 seconds left.\n|inactive|PTSree has 30 seconds left.\n|inactive|PTSree has 20 seconds left.\n|inactive|PTSree has 15 seconds left.\n|\n|t:|1781448362\n|switch|p2a: Slaking|Slaking, L84, M|110/389\n|move|p1a: Lugia|Earth Power|p2a: Slaking\n|-damage|p2a: Slaking|0 fnt\n|faint|p2a: Slaking\n|\n|upkeep\n|inactive|PTSree has 20 seconds left this turn.\n|\n|t:|1781448364\n|switch|p2a: Dondozo|Dondozo, L78, F|197/362\n|turn|25\n|inactive|PTSree has 30 seconds left this turn.\n|\n|t:|1781448370\n|move|p1a: Lugia|Aeroblast|p2a: Dondozo\n|-damage|p2a: Dondozo|100/362\n|move|p2a: Dondozo|Rest|p2a: Dondozo\n|-status|p2a: Dondozo|slp|[from] move: Rest\n|-heal|p2a: Dondozo|362/362 slp|[silent]\n|\n|upkeep\n|turn|26\n|\n|t:|1781448386\n|switch|p1a: Wo-Chien|Wo-Chien, L83|255/277\n|-damage|p1a: Wo-Chien|221/277|[from] Stealth Rock\n|-ability|p1a: Wo-Chien|Tablets of Ruin\n|cant|p2a: Dondozo|slp\n|move|p2a: Dondozo|Sleep Talk|p2a: Dondozo\n|move|p2a: Dondozo|Wave Crash|p1a: Wo-Chien|[from] move: Sleep Talk\n|-resisted|p1a: Wo-Chien\n|-damage|p1a: Wo-Chien|185/277\n|-damage|p2a: Dondozo|350/362 slp|[from] Recoil\n|\n|-heal|p1a: Wo-Chien|202/277|[from] item: Leftovers\n|-heal|p2a: Dondozo|362/362 slp|[from] item: Leftovers\n|upkeep\n|turn|27\n|\n|t:|1781448397\n|switch|p2a: Annihilape|Annihilape, L76, M|292/292\n|move|p1a: Wo-Chien|Knock Off|p2a: Annihilape\n|-damage|p2a: Annihilape|190/292\n|-enditem|p2a: Annihilape|Chesto Berry|[from] move: Knock Off|[of] p1a: Wo-Chien\n|\n|-heal|p1a: Wo-Chien|219/277|[from] item: Leftovers\n|upkeep\n|turn|28\n|\n|t:|1781448410\n|switch|p1a: Talonflame|Talonflame, L83, M|241/265\n|move|p2a: Annihilape|Bulk Up|p2a: Annihilape\n|-boost|p2a: Annihilape|atk|1\n|-boost|p2a: Annihilape|def|1\n|\n|upkeep\n|turn|29\n|inactive|PTSree has 30 seconds left.\n|\n|t:|1781448430\n|switch|p2a: Heatran|Heatran, L79, M|273/273\n|move|p1a: Talonflame|Brave Bird|p2a: Heatran\n|-resisted|p2a: Heatran\n|-damage|p2a: Heatran|220/273\n|-damage|p1a: Talonflame|224/265|[from] Recoil\n|\n|upkeep\n|turn|30\n|\n|t:|1781448445\n|switch|p1a: Beartic|Beartic, L91, M|321/321\n|move|p2a: Heatran|Magma Storm|p1a: Beartic\n|-supereffective|p1a: Beartic\n|-damage|p1a: Beartic|97/321\n|-activate|p1a: Beartic|move: Magma Storm|[of] p2a: Heatran\n|\n|-damage|p1a: Beartic|57/321|[from] move: Magma Storm|[partiallytrapped]\n|upkeep\n|turn|31\n|inactive|PTSree has 30 seconds left.\n|\n|t:|1781448466\n|switch|p2a: Annihilape|Annihilape, L76, M|190/292\n|move|p1a: Beartic|Close Combat|p2a: Annihilape\n|-immune|p2a: Annihilape\n|\n|-end|p1a: Beartic|Magma Storm|[partiallytrapped]|[silent]\n|upkeep\n|turn|32\n|\n|t:|1781448472\n|switch|p1a: Talonflame|Talonflame, L83, M|224/265\n|move|p2a: Annihilape|Rage Fist|p1a: Talonflame\n|-damage|p1a: Talonflame|100/265\n|-status|p2a: Annihilape|brn|[from] ability: Flame Body|[of] p1a: Talonflame\n|\n|-damage|p2a: Annihilape|172/292 brn|[from] brn\n|upkeep\n|turn|33\n|\n|t:|1781448485\n|switch|p2a: Dondozo|Dondozo, L78, F|362/362 slp\n|move|p1a: Talonflame|Roost|p1a: Talonflame\n|-heal|p1a: Talonflame|233/265\n|-singleturn|p1a: Talonflame|move: Roost\n|\n|upkeep\n|turn|34\n|\n|t:|1781448492\n|switch|p1a: Wo-Chien|Wo-Chien, L83|219/277\n|-damage|p1a: Wo-Chien|185/277|[from] Stealth Rock\n|-ability|p1a: Wo-Chien|Tablets of Ruin\n|switch|p2a: Heatran|Heatran, L79, M|220/273\n|\n|-heal|p1a: Wo-Chien|202/277|[from] item: Leftovers\n|upkeep\n|turn|35\n|\n|t:|1781448496\n|switch|p1a: Beartic|Beartic, L91, M|57/321\n|move|p2a: Heatran|Magma Storm|p1a: Beartic\n|-supereffective|p1a: Beartic\n|-damage|p1a: Beartic|0 fnt\n|faint|p1a: Beartic\n|\n|upkeep\n|\n|t:|1781448507\n|switch|p1a: Zamazenta|Zamazenta, L71|30/248\n|-damage|p1a: Zamazenta|15/248|[from] Stealth Rock\n|turn|36\n|inactive|PTSree has 60 seconds left.\n|\n|t:|1781448513\n|switch|p2a: Dondozo|Dondozo, L78, F|362/362 slp\n|move|p1a: Zamazenta|Close Combat|p2a: Dondozo\n|-damage|p2a: Dondozo|211/362 slp\n|-unboost|p1a: Zamazenta|def|1\n|-unboost|p1a: Zamazenta|spd|1\n|\n|-heal|p2a: Dondozo|233/362 slp|[from] item: Leftovers\n|upkeep\n|turn|37\n|inactive|PTSree has 60 seconds left.\n|\n|t:|1781448540\n|switch|p1a: Lugia|Lugia, L73, tera:Steel|275/275\n|-damage|p1a: Lugia|258/275|[from] Stealth Rock\n|cant|p2a: Dondozo|slp\n|move|p2a: Dondozo|Sleep Talk|p2a: Dondozo\n|move|p2a: Dondozo|Rest||[from] move: Sleep Talk|[still]\n|-fail|p2a: Dondozo\n|\n|-heal|p2a: Dondozo|255/362 slp|[from] item: Leftovers\n|upkeep\n|turn|38\n|\n|t:|1781448557\n|switch|p1a: Zamazenta|Zamazenta, L71|15/248\n|-damage|p1a: Zamazenta|0 fnt|[from] Stealth Rock\n|faint|p1a: Zamazenta\n|-curestatus|p2a: Dondozo|slp|[msg]\n|move|p2a: Dondozo|Curse|p2a: Dondozo\n|-unboost|p2a: Dondozo|spe|1\n|-boost|p2a: Dondozo|atk|1\n|-boost|p2a: Dondozo|def|1\n|\n|-heal|p2a: Dondozo|277/362|[from] item: Leftovers\n|upkeep\n|\n|t:|1781448559\n|switch|p1a: Wo-Chien|Wo-Chien, L83|202/277\n|-damage|p1a: Wo-Chien|168/277|[from] Stealth Rock\n|-ability|p1a: Wo-Chien|Tablets of Ruin\n|turn|39\n|\n|t:|1781448566\n|switch|p2a: Annihilape|Annihilape, L76, M|172/292 brn\n|move|p1a: Wo-Chien|Leech Seed|p2a: Annihilape\n|-start|p2a: Annihilape|move: Leech Seed\n|\n|-heal|p1a: Wo-Chien|185/277|[from] item: Leftovers\n|-damage|p2a: Annihilape|136/292 brn|[from] Leech Seed|[of] p1a: Wo-Chien\n|-heal|p1a: Wo-Chien|221/277|[silent]\n|-damage|p2a: Annihilape|118/292 brn|[from] brn\n|upkeep\n|turn|40\n|\n|t:|1781448576\n|move|p2a: Annihilape|Rest|p2a: Annihilape\n|-status|p2a: Annihilape|slp|[from] move: Rest\n|-heal|p2a: Annihilape|292/292 slp|[silent]\n|move|p1a: Wo-Chien|Ruination|p2a: Annihilape\n|-damage|p2a: Annihilape|146/292 slp\n|\n|-heal|p1a: Wo-Chien|238/277|[from] item: Leftovers\n|-damage|p2a: Annihilape|110/292 slp|[from] Leech Seed|[of] p1a: Wo-Chien\n|-heal|p1a: Wo-Chien|274/277|[silent]\n|upkeep\n|turn|41\n|\n|t:|1781448585\n|switch|p2a: Heatran|Heatran, L79, M|220/273\n|move|p1a: Wo-Chien|Knock Off|p2a: Heatran\n|-damage|p2a: Heatran|127/273\n|-enditem|p2a: Heatran|Assault Vest|[from] move: Knock Off|[of] p1a: Wo-Chien\n|\n|-heal|p1a: Wo-Chien|277/277|[from] item: Leftovers\n|upkeep\n|turn|42\n|\n|t:|1781448592\n|switch|p1a: Talonflame|Talonflame, L83, M|233/265\n|move|p2a: Heatran|Lava Plume|p1a: Talonflame\n|-resisted|p1a: Talonflame\n|-damage|p1a: Talonflame|179/265\n|\n|upkeep\n|turn|43\n|\n|t:|1781448598\n|move|p1a: Talonflame|Brave Bird|p2a: Heatran\n|-resisted|p2a: Heatran\n|-damage|p2a: Heatran|76/273\n|-damage|p1a: Talonflame|162/265|[from] Recoil\n|move|p2a: Heatran|Magma Storm|p1a: Talonflame|[miss]\n|-miss|p2a: Heatran|p1a: Talonflame\n|\n|upkeep\n|turn|44\n|\n|t:|1781448603\n|move|p1a: Talonflame|Brave Bird|p2a: Heatran\n|-resisted|p2a: Heatran\n|-damage|p2a: Heatran|23/273\n|-damage|p1a: Talonflame|145/265|[from] Recoil\n|move|p2a: Heatran|Magma Storm|p1a: Talonflame|[miss]\n|-miss|p2a: Heatran|p1a: Talonflame\n|\n|upkeep\n|turn|45\n|\n|t:|1781448609\n|switch|p2a: Dondozo|Dondozo, L78, F|277/362\n|move|p1a: Talonflame|Brave Bird|p2a: Dondozo\n|-damage|p2a: Dondozo|174/362\n|-damage|p1a: Talonflame|111/265|[from] Recoil\n|\n|-heal|p2a: Dondozo|196/362|[from] item: Leftovers\n|upkeep\n|turn|46\n|\n|t:|1781448621\n|switch|p1a: Wo-Chien|Wo-Chien, L83|277/277\n|-damage|p1a: Wo-Chien|243/277|[from] Stealth Rock\n|-ability|p1a: Wo-Chien|Tablets of Ruin\n|move|p2a: Dondozo|Rest|p2a: Dondozo\n|-status|p2a: Dondozo|slp|[from] move: Rest\n|-heal|p2a: Dondozo|362/362 slp|[silent]\n|\n|-heal|p1a: Wo-Chien|260/277|[from] item: Leftovers\n|upkeep\n|turn|47\n|\n|t:|1781448626\n|switch|p2a: Annihilape|Annihilape, L76, M|110/292 slp\n|move|p1a: Wo-Chien|Knock Off|p2a: Annihilape\n|-damage|p2a: Annihilape|40/292 slp\n|\n|-heal|p1a: Wo-Chien|277/277|[from] item: Leftovers\n|upkeep\n|turn|48\n|inactive|PTSree has 120 seconds left.\n|\n|t:|1781448644\n|cant|p2a: Annihilape|slp\n|move|p1a: Wo-Chien|Knock Off|p2a: Annihilape\n|-damage|p2a: Annihilape|0 fnt\n|faint|p2a: Annihilape\n|\n|upkeep\n|\n|t:|1781448647\n|switch|p2a: Heatran|Heatran, L79, M|23/273\n|turn|49\n|inactive|PTSree has 120 seconds left.\n|\n|t:|1781448669\n|switch|p1a: Talonflame|Talonflame, L83, M|111/265\n|move|p2a: Heatran|Magma Storm|p1a: Talonflame|[miss]\n|-miss|p2a: Heatran|p1a: Talonflame\n|\n|upkeep\n|turn|50\n|\n|t:|1781448676\n|switch|p2a: Dondozo|Dondozo, L78, F|362/362 slp\n|move|p1a: Talonflame|Brave Bird|p2a: Dondozo\n|-damage|p2a: Dondozo|272/362 slp\n|-damage|p1a: Talonflame|81/265|[from] Recoil\n|\n|-heal|p2a: Dondozo|294/362 slp|[from] item: Leftovers\n|upkeep\n|turn|51\n|\n|t:|1781448681\n|switch|p1a: Wo-Chien|Wo-Chien, L83|277/277\n|-damage|p1a: Wo-Chien|243/277|[from] Stealth Rock\n|-ability|p1a: Wo-Chien|Tablets of Ruin\n|switch|p2a: Heatran|Heatran, L79, M|23/273\n|\n|-heal|p1a: Wo-Chien|260/277|[from] item: Leftovers\n|upkeep\n|turn|52\n|\n|t:|1781448686\n|switch|p1a: Talonflame|Talonflame, L83, M|81/265\n|move|p2a: Heatran|Magma Storm|p1a: Talonflame\n|-resisted|p1a: Talonflame\n|-damage|p1a: Talonflame|15/265\n|-activate|p1a: Talonflame|move: Magma Storm|[of] p2a: Heatran\n|\n|-damage|p1a: Talonflame|0 fnt|[from] move: Magma Storm|[partiallytrapped]\n|faint|p1a: Talonflame\n|upkeep\n|\n|t:|1781448689\n|switch|p1a: Lugia|Lugia, L73, tera:Steel|258/275\n|-damage|p1a: Lugia|241/275|[from] Stealth Rock\n|turn|53\n|\n|t:|1781448718\n|switch|p2a: Dondozo|Dondozo, L78, F|294/362 slp\n|move|p1a: Lugia|Aeroblast|p2a: Dondozo\n|-damage|p2a: Dondozo|195/362 slp\n|\n|-heal|p2a: Dondozo|217/362 slp|[from] item: Leftovers\n|upkeep\n|turn|54\n|\n|t:|1781448728\n|move|p1a: Lugia|Aeroblast|p2a: Dondozo\n|-damage|p2a: Dondozo|123/362 slp\n|cant|p2a: Dondozo|slp\n|move|p2a: Dondozo|Sleep Talk|p2a: Dondozo\n|move|p2a: Dondozo|Wave Crash|p1a: Lugia|[from] move: Sleep Talk\n|-damage|p1a: Lugia|147/275\n|-damage|p2a: Dondozo|92/362 slp|[from] Recoil\n|\n|-heal|p2a: Dondozo|114/362 slp|[from] item: Leftovers\n|upkeep\n|turn|55\n|\n|t:|1781448737\n|move|p1a: Lugia|Aeroblast|p2a: Dondozo\n|-damage|p2a: Dondozo|2/362 slp\n|cant|p2a: Dondozo|slp\n|move|p2a: Dondozo|Sleep Talk|p2a: Dondozo\n|move|p2a: Dondozo|Wave Crash|p1a: Lugia|[from] move: Sleep Talk\n|-damage|p1a: Lugia|44/275\n|-damage|p2a: Dondozo|0 fnt|[from] Recoil\n|faint|p2a: Dondozo\n|\n|upkeep\n|-message|PTSree forfeited.\n|\n|win|matthewma654321\n", "inputlog": ">version a8376a258c1d4662feba110a92103f3664a72141\n>start {\"formatid\":\"gen9randombattle\",\"seed\":\"sodium,ea1f828c812511037086d451cf1adb2d\",\"rated\":\"Rated battle\"}\n>player p1 {\"name\":\"matthewma654321\",\"avatar\":\"102\",\"rating\":1960,\"seed\":\"sodium,03b8de2a1df5700bd8e82c98a09502a9\"}\n>player p2 {\"name\":\"PTSree\",\"avatar\":\"1\",\"rating\":1939,\"seed\":\"sodium,6ff58c42ba947a4338d60a2c87be2944\"}\n>p1 move willowisp\n>p2 switch 5\n>p1 switch 2\n>p2 move magmastorm\n>p1 move psychicfangs\n>p2 switch 2\n>p1 switch 4\n>p2 move wavecrash\n>p1 move knockoff\n>p2 switch 4\n>p1 switch 6\n>p2 move stoneaxe\n>p1 move calmmind\n>p2 move stoneaxe\n>p1 move bloodmoon\n>p2 move uturn\n>p2 switch 6\n>p1 move earthpower\n>p2 move bodypress\n>p2 switch 3\n>p1 move moonlight\n>p2 move doubleedge\n>p1 switch 4\n>p1 move closecombat\n>p2 switch 4\n>p1 switch 6\n>p2 switch 6\n>p1 switch 2\n>p2 move uturn\n>p2 switch 2\n>p1 switch 5\n>p2 move magmastorm\n>p1 move recover\n>p2 switch 4\n>p1 move calmmind\n>p2 move knockoff\n>p1 move recover\n>p2 switch 2\n>p1 move calmmind\n>p2 move uturn\n>p2 switch 2\n>p1 move recover terastallize\n>p2 move doubleedge\n>p1 move recover\n>p2 switch 2\n>p1 move aeroblast\n>p2 move uturn\n>p2 switch 2\n>p1 move aeroblast\n>p2 move earthquake\n>p1 move recover\n>p2 switch 4\n>p1 move earthpower\n>p2 switch 4\n>p2 switch 6\n>p1 move aeroblast\n>p2 move rest\n>p1 switch 2\n>p2 move sleeptalk\n>p1 move knockoff\n>p2 switch 5\n>p1 switch 5\n>p2 move bulkup\n>p1 move bravebird\n>p2 switch 4\n>p1 switch 3\n>p2 move magmastorm\n>p1 move closecombat\n>p2 switch 4\n>p1 switch 3\n>p2 move ragefist\n>p1 move roost\n>p2 switch 5\n>p1 switch 5\n>p2 switch 4\n>p1 switch 3\n>p2 move magmastorm\n>p1 switch 6\n>p1 move closecombat\n>p2 switch 4\n>p1 switch 2\n>p2 move sleeptalk\n>p1 switch 2\n>p2 move curse\n>p1 switch 3\n>p1 move leechseed\n>p2 switch 5\n>p1 move ruination\n>p2 move rest\n>p1 move knockoff\n>p2 switch 4\n>p1 switch 5\n>p2 move lavaplume\n>p1 move bravebird\n>p2 move magmastorm\n>p1 move bravebird\n>p2 move magmastorm\n>p1 move bravebird\n>p2 switch 5\n>p1 switch 5\n>p2 move rest\n>p1 move knockoff\n>p2 switch 4\n>p1 move knockoff\n>p2 move drainpunch\n>p2 switch 5\n>p1 switch 5\n>p2 move magmastorm\n>p1 move bravebird\n>p2 switch 4\n>p1 switch 5\n>p2 switch 4\n>p1 switch 5\n>p2 move magmastorm\n>p1 switch 2\n>p1 move aeroblast\n>p2 switch 4\n>p1 move aeroblast\n>p2 move sleeptalk\n>p1 move aeroblast\n>p2 move sleeptalk\n>forcelose p2", "uploadtime": 1781447836, "views": 8, "formatid": "gen9randombattle", "rating": null, "private": 0, "password": null, "player_dets": [{"name": "matthewma654321", "avatar": "102", "rating": 1960, "seed": "sodium,03b8de2a1df5700bd8e82c98a09502a9"}, {"name": "PTSree", "avatar": "1", "rating": 1939, "seed": "sodium,6ff58c42ba947a4338d60a2c87be2944"}], "teams_full": [{"Talonflame": {"name": "Talonflame", "species": "Talonflame", "speciesId": "talonflame", "gender": "M", "shiny": false, "level": 83, "moves": ["roost", "bravebird", "overheat", "willowisp"], "ability": "Flame Body", "evs": {"hp": 85, "atk": 85, "def": 85, "spa": 85, "spd": 85, "spe": 85}, "ivs": {"hp": 31, "atk": 31, "def": 31, "spa": 31, "spd": 31, "spe": 31}, "item": "Heavy-Duty Boots", "teraType": "Dragon", "role": "Bulky Attacker", "bvs": {"hp": 78, "atk": 81, "def": 71, "spa": 74, "spd": 69, "spe": 126}, "stats": {"hp": 265, "atk": 182, "def": 166, "spa": 171, "spd": 162, "spe": 257}, "types": ["Fire", "Flying"]}, "Zamazenta": {"name": "Zamazenta", "species": "Zamazenta", "speciesId": "zamazenta", "gender": "N", "shiny": false, "level": 71, "moves": ["closecombat", "crunch", "psychicfangs", "ironhead"], "ability": "Dauntless Shield", "evs": {"hp": 85, "atk": 85, "def": 85, "spa": 85, "spd": 85, "spe": 85}, "ivs": {"hp": 31, "atk": 31, "def": 31, "spa": 31, "spd": 31, "spe": 31}, "item": "Choice Band", "teraType": "Dark", "role": "Bulky Attacker", "bvs": {"hp": 92, "atk": 120, "def": 115, "spa": 80, "spd": 115, "spe": 138}, "stats": {"hp": 248, "atk": 212, "def": 205, "spa": 155, "spd": 205, "spe": 237}, "types": ["Fighting"]}, "Beartic": {"name": "Beartic", "species": "Beartic", "speciesId": "beartic", "gender": "M", "shiny": false, "level": 91, "moves": ["closecombat", "iciclecrash", "earthquake", "snowscape"], "ability": "Slush Rush", "evs": {"hp": 85, "atk": 85, "def": 85, "spa": 85, "spd": 85, "spe": 85}, "ivs": {"hp": 31, "atk": 31, "def": 31, "spa": 31, "spd": 31, "spe": 31}, "item": "Heavy-Duty Boots", "teraType": "Fighting", "role": "Wallbreaker", "bvs": {"hp": 95, "atk": 130, "def": 80, "spa": 70, "spd": 80, "spe": 50}, "stats": {"hp": 321, "atk": 288, "def": 197, "spa": 179, "spd": 197, "spe": 143}, "types": ["Ice"]}, "Wo-Chien": {"name": "Wo-Chien", "species": "Wo-Chien", "speciesId": "wochien", "gender": "N", "shiny": false, "level": 83, "moves": ["protect", "ruination", "leechseed", "knockoff"], "ability": "Tablets of Ruin", "evs": {"hp": 85, "atk": 85, "def": 85, "spa": 85, "spd": 85, "spe": 85}, "ivs": {"hp": 31, "atk": 31, "def": 31, "spa": 31, "spd": 31, "spe": 31}, "item": "Leftovers", "teraType": "Poison", "role": "Bulky Support", "bvs": {"hp": 85, "atk": 85, "def": 100, "spa": 95, "spd": 135, "spe": 70}, "stats": {"hp": 277, "atk": 189, "def": 214, "spa": 205, "spd": 272, "spe": 164}, "types": ["Dark", "Grass"]}, "Lugia": {"name": "Lugia", "species": "Lugia", "speciesId": "lugia", "gender": "N", "shiny": false, "level": 73, "moves": ["calmmind", "earthpower", "recover", "aeroblast"], "ability": "Multiscale", "evs": {"hp": 85, "atk": 0, "def": 85, "spa": 85, "spd": 85, "spe": 85}, "ivs": {"hp": 31, "atk": 0, "def": 31, "spa": 31, "spd": 31, "spe": 31}, "item": "Heavy-Duty Boots", "teraType": "Steel", "role": "Bulky Setup", "bvs": {"hp": 106, "atk": 90, "def": 130, "spa": 90, "spd": 154, "spe": 110}, "stats": {"hp": 275, "atk": 136, "def": 232, "spa": 174, "spd": 267, "spe": 203}, "types": ["Psychic", "Flying"]}, "Ursaluna": {"name": "Ursaluna", "species": "Ursaluna-Bloodmoon", "speciesId": "ursalunabloodmoon", "gender": "M", "shiny": false, "level": 79, "moves": ["moonlight", "calmmind", "bloodmoon", "earthpower"], "ability": "Mind's Eye", "evs": {"hp": 85, "atk": 0, "def": 85, "spa": 85, "spd": 85, "spe": 85}, "ivs": {"hp": 31, "atk": 0, "def": 31, "spa": 31, "spd": 31, "spe": 31}, "item": "Leftovers", "teraType": "Normal", "role": "Bulky Attacker", "bvs": {"hp": 113, "atk": 70, "def": 120, "spa": 135, "spd": 65, "spe": 52}, "stats": {"hp": 308, "atk": 115, "def": 235, "spa": 259, "spd": 148, "spe": 128}, "types": ["Ground", "Normal"]}}, {"Annihilape": {"name": "Annihilape", "species": "Annihilape", "speciesId": "annihilape", "gender": "M", "shiny": false, "level": 76, "moves": ["bulkup", "drainpunch", "rest", "ragefist"], "ability": "Defiant", "evs": {"hp": 85, "atk": 85, "def": 85, "spa": 85, "spd": 85, "spe": 85}, "ivs": {"hp": 31, "atk": 31, "def": 31, "spa": 31, "spd": 31, "spe": 31}, "item": "Chesto Berry", "teraType": "Steel", "role": "Bulky Setup", "bvs": {"hp": 110, "atk": 115, "def": 80, "spa": 50, "spd": 90, "spe": 90}, "stats": {"hp": 292, "atk": 219, "def": 166, "spa": 120, "spd": 181, "spe": 181}, "types": ["Fighting", "Ghost"]}, "Dondozo": {"name": "Dondozo", "species": "Dondozo", "speciesId": "dondozo", "gender": "F", "shiny": false, "level": 78, "moves": ["wavecrash", "curse", "sleeptalk", "rest"], "ability": "Unaware", "evs": {"hp": 85, "atk": 85, "def": 85, "spa": 85, "spd": 85, "spe": 85}, "ivs": {"hp": 31, "atk": 31, "def": 31, "spa": 31, "spd": 31, "spe": 31}, "item": "Leftovers", "teraType": "Dragon", "role": "Bulky Setup", "bvs": {"hp": 150, "atk": 100, "def": 115, "spa": 65, "spd": 65, "spe": 35}, "stats": {"hp": 362, "atk": 201, "def": 224, "spa": 146, "spd": 146, "spe": 100}, "types": ["Water"]}, "Slaking": {"name": "Slaking", "species": "Slaking", "speciesId": "slaking", "gender": "M", "shiny": false, "level": 84, "moves": ["earthquake", "knockoff", "gigaimpact", "doubleedge"], "ability": "Truant", "evs": {"hp": 85, "atk": 85, "def": 85, "spa": 85, "spd": 85, "spe": 85}, "ivs": {"hp": 31, "atk": 31, "def": 31, "spa": 31, "spd": 31, "spe": 31}, "item": "Choice Band", "teraType": "Normal", "role": "Fast Attacker", "bvs": {"hp": 150, "atk": 160, "def": 100, "spa": 95, "spd": 65, "spe": 100}, "stats": {"hp": 389, "atk": 317, "def": 216, "spa": 208, "spd": 157, "spe": 216}, "types": ["Normal"]}, "Kleavor": {"name": "Kleavor", "species": "Kleavor", "speciesId": "kleavor", "gender": "F", "shiny": false, "level": 78, "moves": ["defog", "stoneaxe", "xscissor", "uturn"], "ability": "Sharpness", "evs": {"hp": 85, "atk": 85, "def": 85, "spa": 85, "spd": 85, "spe": 85}, "ivs": {"hp": 31, "atk": 31, "def": 31, "spa": 31, "spd": 31, "spe": 31}, "item": "Heavy-Duty Boots", "teraType": "Rock", "role": "Bulky Attacker", "bvs": {"hp": 70, "atk": 135, "def": 95, "spa": 45, "spd": 70, "spe": 85}, "stats": {"hp": 237, "atk": 256, "def": 193, "spa": 115, "spd": 154, "spe": 178}, "types": ["Bug", "Rock"]}, "Heatran": {"name": "Heatran", "species": "Heatran", "speciesId": "heatran", "gender": "M", "shiny": false, "level": 79, "moves": ["lavaplume", "heavyslam", "earthpower", "magmastorm"], "ability": "Flash Fire", "evs": {"hp": 85, "atk": 85, "def": 85, "spa": 85, "spd": 85, "spe": 85}, "ivs": {"hp": 31, "atk": 31, "def": 31, "spa": 31, "spd": 31, "spe": 31}, "item": "Assault Vest", "teraType": "Grass", "role": "Bulky Support", "bvs": {"hp": 91, "atk": 90, "def": 106, "spa": 130, "spd": 106, "spe": 77}, "stats": {"hp": 273, "atk": 188, "def": 213, "spa": 251, "spd": 213, "spe": 167}, "types": ["Fire", "Steel"]}, "Duraludon": {"name": "Duraludon", "species": "Duraludon", "speciesId": "duraludon", "gender": "M", "shiny": false, "level": 82, "moves": ["bodypress", "dragontail", "dracometeor", "flashcannon"], "ability": "Light Metal", "evs": {"hp": 85, "atk": 85, "def": 85, "spa": 85, "spd": 85, "spe": 85}, "ivs": {"hp": 31, "atk": 31, "def": 31, "spa": 31, "spd": 31, "spe": 31}, "item": "Eviolite", "teraType": "Fighting", "role": "Bulky Attacker", "bvs": {"hp": 70, "atk": 95, "def": 115, "spa": 120, "spd": 50, "spe": 85}, "stats": {"hp": 249, "atk": 203, "def": 236, "spa": 244, "spd": 129, "spe": 187}, "types": ["Steel", "Dragon"]}}]}