{"id": "gen9randombattle-2631786303", "format": "[Gen 9] Random Battle", "players": ["woxihuanni", "Saaskin"], "log": "|j|\u2606woxihuanni\n|j|\u2606Saaskin\n|t:|1781439469\n|gametype|singles\n|player|p1|woxihuanni|169|2086\n|player|p2|Saaskin|265|2034\n|gen|9\n|tier|[Gen 9] Random Battle\n|rated|\n|rule|Species Clause: Limit one of each Pok\u00e9mon\n|rule|HP Percentage Mod: HP is shown in percentages\n|rule|Sleep Clause Mod: Limit one foe put to sleep\n|rule|Illusion Level Mod: Illusion disguises the Pok\u00e9mon's true level\n|\n|t:|1781439469\n|teamsize|p1|6\n|teamsize|p2|6\n|start\n|switch|p1a: Polteageist|Polteageist, L78|222/222\n|switch|p2a: Bisharp|Bisharp, L79, F|232/232\n|turn|1\n|inactive|Battle timer is ON: inactive players will automatically lose when time's up. (requested by Saaskin)\n|\n|t:|1781439487\n|switch|p1a: Probopass|Probopass, L91, M|257/257\n|move|p2a: Bisharp|Stealth Rock|p1a: Probopass\n|-sidestart|p1: woxihuanni|move: Stealth Rock\n|\n|upkeep\n|turn|2\n|\n|t:|1781439495\n|move|p2a: Bisharp|Iron Head|p1a: Probopass\n|-damage|p1a: Probopass|205/257\n|move|p1a: Probopass|Thunder Wave|p2a: Bisharp\n|-status|p2a: Bisharp|par\n|\n|-heal|p1a: Probopass|221/257|[from] item: Leftovers\n|upkeep\n|turn|3\n|\n|t:|1781439498\n|move|p1a: Probopass|Body Press|p2a: Bisharp\n|-supereffective|p2a: Bisharp\n|-damage|p2a: Bisharp|0 fnt\n|faint|p2a: Bisharp\n|\n|-heal|p1a: Probopass|237/257|[from] item: Leftovers\n|upkeep\n|\n|t:|1781439509\n|switch|p2a: Ludicolo|Ludicolo, L90, M|290/290\n|turn|4\n|\n|t:|1781439513\n|move|p2a: Ludicolo|Hydro Pump|p1a: Probopass\n|-supereffective|p1a: Probopass\n|-damage|p1a: Probopass|0 fnt\n|faint|p1a: Probopass\n|\n|upkeep\n|\n|t:|1781439515\n|switch|p1a: Komala|Komala, L88, M|258/258\n|-damage|p1a: Komala|226/258|[from] Stealth Rock\n|-ability|p1a: Komala|Comatose\n|turn|5\n|\n|t:|1781439526\n|move|p2a: Ludicolo|Hydro Pump|p1a: Komala\n|-damage|p1a: Komala|105/258\n|move|p1a: Komala|Rapid Spin|p2a: Ludicolo\n|-damage|p2a: Ludicolo|212/290\n|-boost|p1a: Komala|spe|1\n|-sideend|p1: woxihuanni|Stealth Rock|[from] move: Rapid Spin|[of] p1a: Komala\n|\n|upkeep\n|turn|6\n|\n|t:|1781439534\n|move|p1a: Komala|U-turn|p2a: Ludicolo\n|-supereffective|p2a: Ludicolo\n|-damage|p2a: Ludicolo|60/290\n|\n|t:|1781439537\n|switch|p1a: Latios|Latios, L78, M|253/253|[from] U-turn\n|move|p2a: Ludicolo|Hydro Pump|p1a: Latios\n|-resisted|p1a: Latios\n|-damage|p1a: Latios|168/253\n|\n|upkeep\n|turn|7\n|\n|t:|1781439547\n|move|p1a: Latios|Aura Sphere|p2a: Ludicolo\n|-damage|p2a: Ludicolo|0 fnt\n|faint|p2a: Ludicolo\n|\n|upkeep\n|\n|t:|1781439553\n|switch|p2a: Slowbro|Slowbro-Galar, L87, M|235/235\n|turn|8\n|\n|t:|1781439557\n|switch|p1a: Komala|Komala, L88, M|105/258\n|-ability|p1a: Komala|Comatose\n|move|p2a: Slowbro|Nasty Plot|p2a: Slowbro\n|-boost|p2a: Slowbro|spa|2\n|\n|upkeep\n|turn|9\n|\n|t:|1781439562\n|move|p2a: Slowbro|Sludge Bomb|p1a: Komala\n|-damage|p1a: Komala|0 fnt\n|faint|p1a: Komala\n|-damage|p2a: Slowbro|212/235|[from] item: Life Orb\n|\n|upkeep\n|\n|t:|1781439568\n|switch|p1a: Cresselia|Cresselia, L80, F|323/323\n|turn|10\n|\n|t:|1781439573\n|move|p2a: Slowbro|Dark Pulse|p1a: Cresselia\n|-supereffective|p1a: Cresselia\n|-damage|p1a: Cresselia|0 fnt\n|faint|p1a: Cresselia\n|-damage|p2a: Slowbro|189/235|[from] item: Life Orb\n|\n|upkeep\n|\n|t:|1781439577\n|switch|p1a: Raikou|Raikou, L81|278/278\n|-ability|p1a: Raikou|Pressure\n|turn|11\n|\n|t:|1781439581\n|move|p1a: Raikou|Calm Mind|p1a: Raikou\n|-boost|p1a: Raikou|spa|1\n|-boost|p1a: Raikou|spd|1\n|move|p2a: Slowbro|Dark Pulse|p1a: Raikou\n|-damage|p1a: Raikou|109/278\n|-damage|p2a: Slowbro|166/235|[from] item: Life Orb\n|\n|-heal|p1a: Raikou|126/278|[from] item: Leftovers\n|upkeep\n|turn|12\n|\n|t:|1781439584\n|switch|p2a: Abomasnow|Abomasnow, L84, M|287/287\n|-weather|Snowscape|[from] ability: Snow Warning|[of] p2a: Abomasnow\n|move|p1a: Raikou|Substitute|p1a: Raikou\n|-start|p1a: Raikou|Substitute\n|-damage|p1a: Raikou|57/278\n|\n|-weather|Snowscape|[upkeep]\n|-heal|p1a: Raikou|74/278|[from] item: Leftovers\n|upkeep\n|turn|13\n|\n|t:|1781439590\n|move|p1a: Raikou|Scald|p2a: Abomasnow\n|-resisted|p2a: Abomasnow\n|-damage|p2a: Abomasnow|240/287\n|move|p2a: Abomasnow|Earthquake|p1a: Raikou\n|-supereffective|p1a: Raikou\n|-crit|p1a: Raikou\n|-end|p1a: Raikou|Substitute\n|\n|-weather|Snowscape|[upkeep]\n|-heal|p1a: Raikou|91/278|[from] item: Leftovers\n|upkeep\n|turn|14\n|\n|t:|1781439595\n|move|p1a: Raikou|Thunderbolt|p2a: Abomasnow\n|-resisted|p2a: Abomasnow\n|-damage|p2a: Abomasnow|165/287\n|move|p2a: Abomasnow|Earthquake|p1a: Raikou\n|-supereffective|p1a: Raikou\n|-damage|p1a: Raikou|0 fnt\n|faint|p1a: Raikou\n|\n|-weather|Snowscape|[upkeep]\n|upkeep\n|\n|t:|1781439597\n|switch|p1a: Polteageist|Polteageist, L78|222/222\n|turn|15\n|\n|t:|1781439600\n|move|p1a: Polteageist|Shell Smash|p1a: Polteageist\n|-unboost|p1a: Polteageist|def|1\n|-unboost|p1a: Polteageist|spd|1\n|-boost|p1a: Polteageist|atk|2\n|-boost|p1a: Polteageist|spa|2\n|-boost|p1a: Polteageist|spe|2\n|-enditem|p1a: Polteageist|White Herb\n|-clearnegativeboost|p1a: Polteageist|[silent]\n|move|p2a: Abomasnow|Aurora Veil|p2a: Abomasnow\n|-sidestart|p2: Saaskin|move: Aurora Veil\n|\n|-weather|Snowscape|[upkeep]\n|upkeep\n|turn|16\n|\n|t:|1781439604\n|-terastallize|p1a: Polteageist|Fighting\n|move|p1a: Polteageist|Tera Blast|p2a: Abomasnow|[anim] Tera Blast Fighting\n|-supereffective|p2a: Abomasnow\n|-damage|p2a: Abomasnow|0 fnt\n|faint|p2a: Abomasnow\n|\n|-weather|none\n|upkeep\n|\n|t:|1781439610\n|switch|p2a: Slowbro|Slowbro-Galar, L87, M|307/307\n|turn|17\n|\n|t:|1781439613\n|move|p1a: Polteageist|Shadow Ball|p2a: Slowbro\n|-supereffective|p2a: Slowbro\n|-damage|p2a: Slowbro|174/307\n|move|p2a: Slowbro|Psychic|p1a: Polteageist\n|-supereffective|p1a: Polteageist\n|-damage|p1a: Polteageist|42/222\n|-start|p2a: Slowbro|Disable|Psychic|[from] ability: Cursed Body|[of] p1a: Polteageist\n|\n|upkeep\n|turn|18\n|\n|t:|1781439621\n|-terastallize|p2a: Slowbro|Dark\n|move|p1a: Polteageist|Shadow Ball|p2a: Slowbro\n|-resisted|p2a: Slowbro\n|-damage|p2a: Slowbro|137/307\n|-unboost|p2a: Slowbro|spd|1\n|move|p2a: Slowbro|Shell Side Arm|p1a: Polteageist|[anim] Shell Side Arm Physical\n|-damage|p1a: Polteageist|0 fnt\n|-hint|Physical Shell Side Arm\n|faint|p1a: Polteageist\n|\n|upkeep\n|-message|woxihuanni forfeited.\n|\n|win|Saaskin\n|raw|woxihuanni's rating: 2086 &rarr; <strong>2063</strong><br />(-23 for losing)\n|raw|Saaskin's rating: 2034 &rarr; <strong>2057</strong><br />(+23 for winning)\n|l|\u2606woxihuanni\n|player|p1|\n", "inputlog": ">version a8376a258c1d4662feba110a92103f3664a72141\n>start {\"formatid\":\"gen9randombattle\",\"seed\":\"sodium,bf0fde7ec20c133ecf6754b7404e147a\",\"rated\":\"Rated battle\"}\n>player p1 {\"name\":\"woxihuanni\",\"avatar\":\"169\",\"rating\":2086,\"seed\":\"sodium,7449128a537bd9b96da9f1f05964d176\"}\n>player p2 {\"name\":\"Saaskin\",\"avatar\":\"265\",\"rating\":2034,\"seed\":\"sodium,d1154363a16b3c98aa8a2f2a82d7a4bb\"}\n>p1 switch 4\n>p2 move stealthrock\n>p1 move thunderwave\n>p2 move ironhead\n>p1 move bodypress\n>p2 move ironhead\n>p2 switch 6\n>p1 move thunderwave\n>p2 move hydropump\n>p1 switch 5\n>p1 move rapidspin\n>p2 move hydropump\n>p1 move uturn\n>p2 move hydropump\n>p1 switch 2\n>p1 move aurasphere\n>p2 move hydropump\n>p2 switch 4\n>p1 switch 2\n>p2 move nastyplot\n>p1 move knockoff\n>p2 move sludgebomb\n>p1 switch 6\n>p1 move calmmind\n>p2 move darkpulse\n>p1 switch 3\n>p1 move calmmind\n>p2 move darkpulse\n>p1 move substitute\n>p2 switch 3\n>p1 move scald\n>p2 move earthquake\n>p1 move thunderbolt\n>p2 move earthquake\n>p1 switch 4\n>p1 move shellsmash\n>p2 move auroraveil\n>p1 move terablast terastallize\n>p2 move woodhammer\n>p2 switch 5\n>p1 move shadowball\n>p2 move psychic\n>p1 move shadowball\n>p2 move shellsidearm terastallize\n>forcelose p1", "uploadtime": 1781439470, "views": 7, "formatid": "gen9randombattle", "rating": 2057, "private": 0, "password": null}