{"id": "gen9randombattle-2631626942", "format": "[Gen 9] Random Battle", "players": ["mysteriondcrown", "masbahlilganteng"], "log": "|j|\u2606mysteriondcrown\n|j|\u2606masbahlilganteng\n|t:|1781411044\n|gametype|singles\n|player|p1|mysteriondcrown|102|1916\n|player|p2|masbahlilganteng|hoopster|2099\n|gen|9\n|tier|[Gen 9] Random Battle\n|rated|\n|rule|Species Clause: Limit one of each Pok\u00e9mon\n|rule|HP Percentage Mod: HP is shown in percentages\n|rule|Sleep Clause Mod: Limit one foe put to sleep\n|rule|Illusion Level Mod: Illusion disguises the Pok\u00e9mon's true level\n|\n|t:|1781411045\n|teamsize|p1|6\n|teamsize|p2|6\n|start\n|switch|p1a: Ursaluna|Ursaluna-Bloodmoon, L79, M|308/308\n|switch|p2a: Lucario|Lucario, L84, M|255/255\n|turn|1\n|inactive|Battle timer is ON: inactive players will automatically lose when time's up. (requested by masbahlilganteng)\n|j| Hapro22\n|inactive|mysteriondcrown has 120 seconds left.\n|\n|t:|1781411086\n|switch|p1a: Salazzle|Salazzle, L83, F|249/249\n|move|p2a: Lucario|Close Combat|p1a: Salazzle\n|-resisted|p1a: Salazzle\n|-damage|p1a: Salazzle|104/249\n|-unboost|p2a: Lucario|def|1\n|-unboost|p2a: Lucario|spd|1\n|\n|-heal|p1a: Salazzle|119/249|[from] item: Leftovers\n|upkeep\n|turn|2\n|\n|t:|1781411095\n|switch|p2a: Munkidori|Munkidori, L79, M|269/269\n|move|p1a: Salazzle|Toxic|p2a: Munkidori\n|-status|p2a: Munkidori|tox\n|\n|-heal|p1a: Salazzle|134/249|[from] item: Leftovers\n|-damage|p2a: Munkidori|253/269 tox|[from] psn\n|upkeep\n|turn|3\n|\n|t:|1781411100\n|move|p1a: Salazzle|Protect|p1a: Salazzle\n|-singleturn|p1a: Salazzle|Protect\n|move|p2a: Munkidori|Fake Out|p1a: Salazzle\n|-activate|p1a: Salazzle|move: Protect\n|\n|-heal|p1a: Salazzle|149/249|[from] item: Leftovers\n|-damage|p2a: Munkidori|221/269 tox|[from] psn\n|upkeep\n|turn|4\n|\n|t:|1781411105\n|switch|p1a: Zarude|Zarude-Dada, L77|288/288\n|move|p2a: Munkidori|U-turn|p1a: Zarude\n|-supereffective|p1a: Zarude\n|-damage|p1a: Zarude|144/288\n|\n|t:|1781411118\n|switch|p2a: Salazzle|Salazzle, L83, F|249/249|[from] U-turn\n|\n|upkeep\n|turn|5\n|\n|t:|1781411126\n|switch|p1a: Ursaluna|Ursaluna-Bloodmoon, L79, M|308/308\n|move|p2a: Salazzle|Flamethrower|p1a: Ursaluna\n|-damage|p1a: Ursaluna|176/308\n|-status|p1a: Ursaluna|brn\n|\n|-heal|p1a: Ursaluna|195/308 brn|[from] item: Leftovers\n|-damage|p1a: Ursaluna|176/308 brn|[from] brn\n|upkeep\n|turn|6\n|\n|t:|1781411136\n|move|p2a: Salazzle|Substitute|p2a: Salazzle\n|-start|p2a: Salazzle|Substitute\n|-damage|p2a: Salazzle|187/249\n|move|p1a: Ursaluna|Earth Power|p2a: Salazzle\n|-supereffective|p2a: Salazzle\n|-end|p2a: Salazzle|Substitute\n|\n|-heal|p2a: Salazzle|202/249|[from] item: Leftovers\n|-heal|p1a: Ursaluna|195/308 brn|[from] item: Leftovers\n|-damage|p1a: Ursaluna|176/308 brn|[from] brn\n|upkeep\n|turn|7\n|\n|t:|1781411144\n|move|p2a: Salazzle|Flamethrower|p1a: Ursaluna\n|-damage|p1a: Ursaluna|47/308 brn\n|move|p1a: Ursaluna|Calm Mind|p1a: Ursaluna\n|-boost|p1a: Ursaluna|spa|1\n|-boost|p1a: Ursaluna|spd|1\n|\n|-heal|p2a: Salazzle|217/249|[from] item: Leftovers\n|-heal|p1a: Ursaluna|66/308 brn|[from] item: Leftovers\n|-damage|p1a: Ursaluna|47/308 brn|[from] brn\n|upkeep\n|turn|8\n|\n|t:|1781411150\n|move|p2a: Salazzle|Flamethrower|p1a: Ursaluna\n|-damage|p1a: Ursaluna|0 fnt\n|faint|p1a: Ursaluna\n|\n|-heal|p2a: Salazzle|232/249|[from] item: Leftovers\n|upkeep\n|\n|t:|1781411153\n|switch|p1a: Feraligatr|Feraligatr, L79, F|264/264\n|turn|9\n|\n|t:|1781411157\n|move|p2a: Salazzle|Toxic|p1a: Feraligatr\n|-status|p1a: Feraligatr|tox\n|move|p1a: Feraligatr|Dragon Dance|p1a: Feraligatr\n|-boost|p1a: Feraligatr|atk|1\n|-boost|p1a: Feraligatr|spe|1\n|\n|-heal|p2a: Salazzle|247/249|[from] item: Leftovers\n|-damage|p1a: Feraligatr|248/264 tox|[from] psn\n|upkeep\n|turn|10\n|l| Hapro22\n|\n|t:|1781411164\n|move|p1a: Feraligatr|Liquidation|p2a: Salazzle\n|-supereffective|p2a: Salazzle\n|-damage|p2a: Salazzle|0 fnt\n|faint|p2a: Salazzle\n|\n|-damage|p1a: Feraligatr|216/264 tox|[from] psn\n|upkeep\n|\n|t:|1781411168\n|switch|p2a: Ditto|Ditto, L87|225/225\n|-transform|p2a: Ditto|p1a: Feraligatr|[from] ability: Imposter\n|turn|11\n|\n|t:|1781411182\n|switch|p1a: Zarude|Zarude-Dada, L77|144/288\n|move|p2a: Ditto|Trailblaze|p1a: Zarude\n|-resisted|p1a: Zarude\n|-damage|p1a: Zarude|110/288\n|\n|upkeep\n|turn|12\n|\n|t:|1781411201\n|switch|p2a: Lucario|Lucario, L84, M|255/255\n|move|p1a: Zarude|Close Combat|p2a: Lucario\n|-supereffective|p2a: Lucario\n|-crit|p2a: Lucario\n|-damage|p2a: Lucario|0 fnt\n|-unboost|p1a: Zarude|def|1\n|-unboost|p1a: Zarude|spd|1\n|faint|p2a: Lucario\n|-damage|p1a: Zarude|82/288|[from] item: Life Orb\n|\n|upkeep\n|\n|t:|1781411217\n|switch|p2a: Munkidori|Munkidori, L79, M|221/269 tox\n|turn|13\n|\n|t:|1781411229\n|move|p2a: Munkidori|U-turn|p1a: Zarude\n|-supereffective|p1a: Zarude\n|-damage|p1a: Zarude|0 fnt\n|faint|p1a: Zarude\n|\n|t:|1781411234\n|switch|p2a: Bellossom|Bellossom, L84, F|263/263|[from] U-turn\n|\n|upkeep\n|\n|t:|1781411249\n|switch|p1a: Salazzle|Salazzle, L83, F|149/249\n|turn|14\n|\n|t:|1781411258\n|switch|p2a: Munkidori|Munkidori, L79, M|221/269 tox\n|move|p1a: Salazzle|Toxic|p2a: Munkidori\n|-fail|p2a: Munkidori|tox\n|\n|-heal|p1a: Salazzle|164/249|[from] item: Leftovers\n|-damage|p2a: Munkidori|205/269 tox|[from] psn\n|upkeep\n|turn|15\n|\n|t:|1781411261\n|move|p1a: Salazzle|Protect|p1a: Salazzle\n|-singleturn|p1a: Salazzle|Protect\n|move|p2a: Munkidori|Psychic Noise|p1a: Salazzle\n|-activate|p1a: Salazzle|move: Protect\n|\n|-heal|p1a: Salazzle|179/249|[from] item: Leftovers\n|-damage|p2a: Munkidori|173/269 tox|[from] psn\n|upkeep\n|turn|16\n|\n|t:|1781411269\n|switch|p1a: Feraligatr|Feraligatr, L79, F|216/264 tox\n|move|p2a: Munkidori|Psychic Noise|p1a: Feraligatr\n|-damage|p1a: Feraligatr|125/264 tox\n|-start|p1a: Feraligatr|move: Heal Block\n|\n|-damage|p2a: Munkidori|125/269 tox|[from] psn\n|-damage|p1a: Feraligatr|109/264 tox|[from] psn\n|upkeep\n|turn|17\n|\n|t:|1781411281\n|move|p2a: Munkidori|U-turn|p1a: Feraligatr\n|-damage|p1a: Feraligatr|72/264 tox\n|\n|t:|1781411284\n|switch|p2a: Bellossom|Bellossom, L84, F|263/263|[from] U-turn\n|move|p1a: Feraligatr|Ice Punch|p2a: Bellossom\n|-supereffective|p2a: Bellossom\n|-damage|p2a: Bellossom|112/263\n|\n|-heal|p2a: Bellossom|128/263|[from] item: Leftovers\n|-damage|p1a: Feraligatr|40/264 tox|[from] psn\n|-end|p1a: Feraligatr|move: Heal Block\n|upkeep\n|turn|18\n|inactive|masbahlilganteng has 120 seconds left.\n|\n|t:|1781411347\n|-terastallize|p2a: Bellossom|Poison\n|move|p1a: Feraligatr|Ice Punch|p2a: Bellossom\n|-damage|p2a: Bellossom|47/263\n|move|p2a: Bellossom|Strength Sap|p1a: Feraligatr\n|-unboost|p1a: Feraligatr|atk|1\n|-heal|p2a: Bellossom|258/263\n|\n|-heal|p2a: Bellossom|263/263|[from] item: Leftovers\n|-damage|p1a: Feraligatr|0 fnt|[from] psn\n|faint|p1a: Feraligatr\n|upkeep\n|\n|t:|1781411357\n|switch|p1a: Gumshoos|Gumshoos, L95, M|321/321\n|turn|19\n|\n|t:|1781411363\n|switch|p2a: Zamazenta|Zamazenta, L71|248/248\n|-ability|p2a: Zamazenta|Dauntless Shield|boost\n|-boost|p2a: Zamazenta|def|1\n|move|p1a: Gumshoos|Earthquake|p2a: Zamazenta\n|-damage|p2a: Zamazenta|44/248\n|\n|upkeep\n|turn|20\n|\n|t:|1781411371\n|switch|p1a: Ariados|Ariados, L95, M|287/287\n|move|p2a: Zamazenta|Close Combat|p1a: Ariados\n|-resisted|p1a: Ariados\n|-damage|p1a: Ariados|242/287\n|-unboost|p2a: Zamazenta|def|1\n|-unboost|p2a: Zamazenta|spd|1\n|\n|upkeep\n|turn|21\n|inactive|masbahlilganteng has 120 seconds left.\n|\n|t:|1781411388\n|switch|p2a: Bellossom|Bellossom, L84, F, tera:Poison|263/263\n|move|p1a: Ariados|Sticky Web|p2a: Bellossom\n|-sidestart|p2: masbahlilganteng|move: Sticky Web\n|\n|upkeep\n|turn|22\n|\n|t:|1781411392\n|switch|p1a: Salazzle|Salazzle, L83, F|179/249\n|move|p2a: Bellossom|Quiver Dance|p2a: Bellossom\n|-boost|p2a: Bellossom|spa|1\n|-boost|p2a: Bellossom|spd|1\n|-boost|p2a: Bellossom|spe|1\n|\n|-heal|p1a: Salazzle|194/249|[from] item: Leftovers\n|upkeep\n|turn|23\n|\n|t:|1781411420\n|move|p1a: Salazzle|Toxic|p2a: Bellossom\n|-status|p2a: Bellossom|tox\n|move|p2a: Bellossom|Sludge Bomb|p1a: Salazzle\n|-resisted|p1a: Salazzle\n|-damage|p1a: Salazzle|104/249\n|\n|-heal|p1a: Salazzle|119/249|[from] item: Leftovers\n|-damage|p2a: Bellossom|247/263 tox|[from] psn\n|upkeep\n|turn|24\n|\n|t:|1781411429\n|move|p1a: Salazzle|Protect|p1a: Salazzle\n|-singleturn|p1a: Salazzle|Protect\n|move|p2a: Bellossom|Quiver Dance|p2a: Bellossom\n|-boost|p2a: Bellossom|spa|1\n|-boost|p2a: Bellossom|spd|1\n|-boost|p2a: Bellossom|spe|1\n|\n|-heal|p2a: Bellossom|263/263 tox|[from] item: Leftovers\n|-heal|p1a: Salazzle|134/249|[from] item: Leftovers\n|-damage|p2a: Bellossom|231/263 tox|[from] psn\n|upkeep\n|turn|25\n|\n|t:|1781411436\n|move|p2a: Bellossom|Giga Drain|p1a: Salazzle\n|-resisted|p1a: Salazzle\n|-damage|p1a: Salazzle|85/249\n|-heal|p2a: Bellossom|256/263 tox|[from] drain|[of] p1a: Salazzle\n|move|p1a: Salazzle|Flamethrower|p2a: Bellossom\n|-damage|p2a: Bellossom|210/263 tox\n|\n|-heal|p2a: Bellossom|226/263 tox|[from] item: Leftovers\n|-heal|p1a: Salazzle|100/249|[from] item: Leftovers\n|-damage|p2a: Bellossom|178/263 tox|[from] psn\n|upkeep\n|turn|26\n|\n|t:|1781411442\n|move|p2a: Bellossom|Sludge Bomb|p1a: Salazzle\n|-resisted|p1a: Salazzle\n|-damage|p1a: Salazzle|0 fnt\n|faint|p1a: Salazzle\n|\n|-heal|p2a: Bellossom|194/263 tox|[from] item: Leftovers\n|-damage|p2a: Bellossom|130/263 tox|[from] psn\n|upkeep\n|\n|t:|1781411446\n|switch|p1a: Ariados|Ariados, L95, M|242/287\n|turn|27\n|\n|t:|1781411462\n|move|p2a: Bellossom|Strength Sap|p1a: Ariados\n|-unboost|p1a: Ariados|atk|1\n|-heal|p2a: Bellossom|263/263 tox\n|move|p1a: Ariados|Megahorn|p2a: Bellossom\n|-resisted|p2a: Bellossom\n|-damage|p2a: Bellossom|217/263 tox\n|\n|-heal|p2a: Bellossom|233/263 tox|[from] item: Leftovers\n|-damage|p2a: Bellossom|153/263 tox|[from] psn\n|upkeep\n|turn|28\n|\n|t:|1781411474\n|move|p2a: Bellossom|Sludge Bomb|p1a: Ariados\n|-resisted|p1a: Ariados\n|-damage|p1a: Ariados|153/287\n|move|p1a: Ariados|Megahorn|p2a: Bellossom\n|-resisted|p2a: Bellossom\n|-damage|p2a: Bellossom|104/263 tox\n|\n|-heal|p2a: Bellossom|120/263 tox|[from] item: Leftovers\n|-damage|p2a: Bellossom|24/263 tox|[from] psn\n|upkeep\n|turn|29\n|\n|t:|1781411487\n|move|p2a: Bellossom|Sludge Bomb|p1a: Ariados\n|-resisted|p1a: Ariados\n|-damage|p1a: Ariados|63/287\n|move|p1a: Ariados|Poison Jab|p2a: Bellossom\n|-resisted|p2a: Bellossom\n|-crit|p2a: Bellossom\n|-damage|p2a: Bellossom|0 fnt\n|faint|p2a: Bellossom\n|\n|upkeep\n|\n|t:|1781411493\n|switch|p2a: Munkidori|Munkidori, L79, M|125/269 tox\n|-activate|p2a: Munkidori|move: Sticky Web\n|-unboost|p2a: Munkidori|spe|1\n|turn|30\n|\n|t:|1781411503\n|-terastallize|p1a: Ariados|Ghost\n|move|p2a: Munkidori|Fake Out|p1a: Ariados\n|-immune|p1a: Ariados\n|move|p1a: Ariados|Megahorn|p2a: Munkidori\n|-damage|p2a: Munkidori|0 fnt\n|faint|p2a: Munkidori\n|\n|upkeep\n|\n|t:|1781411512\n|switch|p2a: Zamazenta|Zamazenta, L71|44/248\n|-activate|p2a: Zamazenta|move: Sticky Web\n|-unboost|p2a: Zamazenta|spe|1\n|turn|31\n|\n|t:|1781411517\n|move|p2a: Zamazenta|Crunch|p1a: Ariados\n|-supereffective|p1a: Ariados\n|-damage|p1a: Ariados|0 fnt\n|faint|p1a: Ariados\n|\n|upkeep\n|\n|t:|1781411519\n|switch|p1a: Gumshoos|Gumshoos, L95, M|321/321\n|turn|32\n|\n|t:|1781411529\n|move|p2a: Zamazenta|Crunch|p1a: Gumshoos\n|-damage|p1a: Gumshoos|237/321\n|move|p1a: Gumshoos|Double-Edge|p2a: Zamazenta\n|-damage|p2a: Zamazenta|0 fnt\n|faint|p2a: Zamazenta\n|-damage|p1a: Gumshoos|222/321|[from] Recoil\n|\n|upkeep\n|\n|t:|1781411535\n|switch|p2a: Ditto|Ditto, L87|225/225\n|-activate|p2a: Ditto|move: Sticky Web\n|-unboost|p2a: Ditto|spe|1\n|-transform|p2a: Ditto|p1a: Gumshoos|[from] ability: Imposter\n|turn|33\n|\n|t:|1781411547\n|move|p2a: Ditto|Double-Edge|p1a: Gumshoos\n|-damage|p1a: Gumshoos|32/321\n|-damage|p2a: Ditto|162/225|[from] Recoil\n|move|p1a: Gumshoos|Double-Edge|p2a: Ditto\n|-damage|p2a: Ditto|0 fnt\n|faint|p2a: Ditto\n|-damage|p1a: Gumshoos|0 fnt|[from] Recoil\n|faint|p1a: Gumshoos\n|\n|win|mysteriondcrown\n", "inputlog": ">version a8376a258c1d4662feba110a92103f3664a72141\n>start {\"formatid\":\"gen9randombattle\",\"seed\":\"sodium,e4e0474f9fb5632432246d12bb357e58\",\"rated\":\"Rated battle\"}\n>player p1 {\"name\":\"mysteriondcrown\",\"avatar\":\"102\",\"rating\":1916,\"seed\":\"sodium,8b6edd45e2dec576053b8e658728b7a3\"}\n>player p2 {\"name\":\"masbahlilganteng\",\"avatar\":\"hoopster\",\"rating\":2099,\"seed\":\"sodium,f97419c15f2af963169bf13b7b50bdc2\"}\n>p1 switch 6\n>p2 move closecombat\n>p1 move toxic\n>p2 switch 3\n>p1 move protect\n>p2 move fakeout\n>p1 switch 5\n>p2 move uturn\n>p2 switch 6\n>p1 switch 6\n>p2 move flamethrower\n>p1 move earthpower\n>p2 move substitute\n>p1 move calmmind\n>p2 move flamethrower\n>p1 move moonlight\n>p2 move flamethrower\n>p1 switch 4\n>p1 move dragondance\n>p2 move toxic\n>p1 move liquidation\n>p2 move substitute\n>p2 switch 5\n>p1 switch 6\n>p2 move trailblaze\n>p1 move closecombat\n>p2 switch 3\n>p2 switch 6\n>p1 move knockoff\n>p2 move uturn\n>p2 switch 4\n>p1 switch 5\n>p1 move toxic\n>p2 switch 4\n>p1 move protect\n>p2 move psychicnoise\n>p1 switch 6\n>p2 move psychicnoise\n>p1 move icepunch\n>p2 move uturn\n>p2 switch 4\n>p1 move icepunch\n>p2 move strengthsap terastallize\n>p1 switch 3\n>p1 move earthquake\n>p2 switch 2\n>p1 switch 2\n>p2 move closecombat\n>p1 move stickyweb\n>p2 switch 2\n>p1 switch 6\n>p2 move quiverdance\n>p1 move toxic\n>p2 move sludgebomb\n>p1 move protect\n>p2 move quiverdance\n>p1 move flamethrower\n>p2 move gigadrain\n>p1 move substitute\n>p2 move sludgebomb\n>p1 switch 6\n>p1 move megahorn\n>p2 move strengthsap\n>p1 move megahorn\n>p2 move sludgebomb\n>p1 move poisonjab\n>p2 move sludgebomb\n>p2 switch 4\n>p1 move megahorn terastallize\n>p2 move fakeout\n>p2 switch 2\n>p1 move poisonjab\n>p2 move crunch\n>p1 switch 2\n>p1 move doubleedge\n>p2 move crunch\n>p2 switch 3\n>p1 move doubleedge\n>p2 move doubleedge", "uploadtime": 1781411046, "views": 7, "formatid": "gen9randombattle", "rating": null, "private": 0, "password": null}