{"id": "gen9randombattle-2631397291", "format": "[Gen 9] Random Battle", "players": ["luxio249", "Gon03"], "log": "|j|\u2606luxio249\n|j|\u2606Gon03\n|t:|1781379773\n|gametype|singles\n|player|p1|luxio249|rocketgruntf|1951\n|player|p2|Gon03|102|1950\n|gen|9\n|tier|[Gen 9] Random Battle\n|rated|\n|rule|Species Clause: Limit one of each Pok\u00e9mon\n|rule|HP Percentage Mod: HP is shown in percentages\n|rule|Sleep Clause Mod: Limit one foe put to sleep\n|rule|Illusion Level Mod: Illusion disguises the Pok\u00e9mon's true level\n|\n|t:|1781379773\n|teamsize|p1|6\n|teamsize|p2|6\n|start\n|switch|p1a: Komala|Komala, L88, M|258/258\n|switch|p2a: Urshifu|Urshifu-Rapid-Strike, L75, M|274/274\n|-ability|p1a: Komala|Comatose\n|turn|1\n|inactive|Battle timer is ON: inactive players will automatically lose when time's up. (requested by luxio249)\n|\n|t:|1781379783\n|move|p2a: Urshifu|Close Combat|p1a: Komala\n|-supereffective|p1a: Komala\n|-damage|p1a: Komala|0 fnt\n|-unboost|p2a: Urshifu|def|1\n|-unboost|p2a: Urshifu|spd|1\n|faint|p1a: Komala\n|-damage|p2a: Urshifu|247/274|[from] item: Life Orb\n|\n|upkeep\n|l|\u2606Gon03\n|inactive|Gon03 disconnected and has a minute to reconnect!\n|player|p2|\n|\n|t:|1781379797\n|switch|p1a: Lurantis|Lurantis, L87, F|264/264\n|turn|2\n|j|\u2606Gon03\n|inactive|Gon03 reconnected and has 150 seconds left.\n|player|p2|Gon03|102|\n|\n|t:|1781379814\n|switch|p2a: Zebstrika|Zebstrika, L87, M|272/272\n|move|p1a: Lurantis|Superpower|p2a: Zebstrika\n|-damage|p2a: Zebstrika|156/272\n|-boost|p1a: Lurantis|atk|1\n|-boost|p1a: Lurantis|def|1\n|\n|upkeep\n|turn|3\n|j| Rabiesdfsdf\n|\n|t:|1781379833\n|switch|p1a: Deoxys|Deoxys-Defense, L84|221/221\n|-ability|p1a: Deoxys|Pressure\n|move|p2a: Zebstrika|Overheat|p1a: Deoxys\n|-damage|p1a: Deoxys|147/221\n|-unboost|p2a: Zebstrika|spa|2\n|-damage|p2a: Zebstrika|129/272|[from] item: Life Orb\n|\n|-heal|p1a: Deoxys|160/221|[from] item: Leftovers\n|upkeep\n|turn|4\n|\n|t:|1781379846\n|move|p2a: Zebstrika|Supercell Slam|p1a: Deoxys\n|-damage|p1a: Deoxys|74/221\n|-damage|p2a: Zebstrika|102/272|[from] item: Life Orb\n|move|p1a: Deoxys|Night Shade|p2a: Zebstrika\n|-damage|p2a: Zebstrika|18/272\n|\n|-heal|p1a: Deoxys|87/221|[from] item: Leftovers\n|upkeep\n|turn|5\n|\n|t:|1781379858\n|switch|p1a: Lurantis|Lurantis, L87, F|264/264\n|move|p2a: Zebstrika|Supercell Slam|p1a: Lurantis\n|-resisted|p1a: Lurantis\n|-damage|p1a: Lurantis|194/264\n|-damage|p2a: Zebstrika|0 fnt|[from] item: Life Orb\n|faint|p2a: Zebstrika\n|\n|-heal|p1a: Lurantis|210/264|[from] item: Leftovers\n|upkeep\n|\n|t:|1781379870\n|switch|p2a: Kilowattrel|Kilowattrel, L83, F|252/252\n|turn|6\n|\n|t:|1781379880\n|switch|p1a: Clefable|Clefable, L83, F|293/293\n|move|p2a: Kilowattrel|Hurricane|p1a: Clefable\n|-damage|p1a: Clefable|169/293\n|-start|p1a: Clefable|confusion\n|\n|-heal|p1a: Clefable|187/293|[from] item: Leftovers\n|upkeep\n|turn|7\n|\n|t:|1781379892\n|move|p2a: Kilowattrel|Thunderbolt|p1a: Clefable\n|-damage|p1a: Clefable|84/293\n|-activate|p1a: Clefable|confusion\n|move|p1a: Clefable|Stealth Rock|p2a: Kilowattrel\n|-sidestart|p2: Gon03|move: Stealth Rock\n|\n|-heal|p1a: Clefable|102/293|[from] item: Leftovers\n|upkeep\n|turn|8\n|\n|t:|1781379920\n|move|p2a: Kilowattrel|Thunderbolt|p1a: Clefable\n|-damage|p1a: Clefable|0 fnt\n|faint|p1a: Clefable\n|\n|upkeep\n|inactive|luxio249 has 120 seconds left.\n|\n|t:|1781379958\n|switch|p1a: Veluza|Veluza, L85, F|292/292\n|turn|9\n|\n|t:|1781379965\n|move|p2a: Kilowattrel|Thunderbolt|p1a: Veluza\n|-supereffective|p1a: Veluza\n|-damage|p1a: Veluza|28/292\n|move|p1a: Veluza|Aqua Cutter|p2a: Kilowattrel\n|-damage|p2a: Kilowattrel|78/252\n|\n|upkeep\n|turn|10\n|\n|t:|1781379974\n|switch|p1a: Dunsparce|Dunsparce, L86, M|312/312\n|move|p2a: Kilowattrel|Thunderbolt|p1a: Dunsparce\n|-damage|p1a: Dunsparce|231/312\n|\n|upkeep\n|turn|11\n|\n|t:|1781379982\n|move|p2a: Kilowattrel|Thunderbolt|p1a: Dunsparce\n|-damage|p1a: Dunsparce|150/312\n|move|p1a: Dunsparce|Coil|p1a: Dunsparce\n|-boost|p1a: Dunsparce|atk|1\n|-boost|p1a: Dunsparce|def|1\n|-boost|p1a: Dunsparce|accuracy|1\n|\n|upkeep\n|turn|12\n|\n|t:|1781379990\n|move|p2a: Kilowattrel|U-turn|p1a: Dunsparce\n|-damage|p1a: Dunsparce|131/312\n|\n|t:|1781379998\n|switch|p2a: Urshifu|Urshifu-Rapid-Strike, L75, M|247/274|[from] U-turn\n|-damage|p2a: Urshifu|230/274|[from] Stealth Rock\n|move|p1a: Dunsparce|Roost|p1a: Dunsparce\n|-heal|p1a: Dunsparce|287/312\n|-singleturn|p1a: Dunsparce|move: Roost\n|\n|upkeep\n|turn|13\n|inactive|luxio249 has 120 seconds left.\n|\n|t:|1781380016\n|-terastallize|p2a: Urshifu|Water\n|move|p2a: Urshifu|Surging Strikes|p1a: Dunsparce\n|-crit|p1a: Dunsparce\n|-damage|p1a: Dunsparce|235/312\n|-crit|p1a: Dunsparce\n|-damage|p1a: Dunsparce|180/312\n|-crit|p1a: Dunsparce\n|-damage|p1a: Dunsparce|123/312\n|-hitcount|p1a: Dunsparce|3\n|-damage|p2a: Urshifu|203/274|[from] item: Life Orb\n|move|p1a: Dunsparce|Roost|p1a: Dunsparce\n|-heal|p1a: Dunsparce|279/312\n|-singleturn|p1a: Dunsparce|move: Roost\n|\n|upkeep\n|turn|14\n|inactive|luxio249 has 120 seconds left.\n|\n|t:|1781380033\n|-terastallize|p1a: Dunsparce|Ghost\n|move|p2a: Urshifu|Swords Dance|p2a: Urshifu\n|-boost|p2a: Urshifu|atk|2\n|move|p1a: Dunsparce|Body Slam|p2a: Urshifu\n|-damage|p2a: Urshifu|95/274\n|-status|p2a: Urshifu|par\n|\n|upkeep\n|turn|15\n|\n|t:|1781380043\n|move|p1a: Dunsparce|Body Slam|p2a: Urshifu\n|-damage|p2a: Urshifu|0 fnt\n|faint|p2a: Urshifu\n|\n|upkeep\n|\n|t:|1781380052\n|switch|p2a: Arceus|Arceus, L68|276/276\n|-damage|p2a: Arceus|242/276|[from] Stealth Rock\n|turn|16\n|\n|t:|1781380057\n|move|p2a: Arceus|Swords Dance|p2a: Arceus\n|-boost|p2a: Arceus|atk|2\n|move|p1a: Dunsparce|Coil|p1a: Dunsparce\n|-boost|p1a: Dunsparce|atk|1\n|-boost|p1a: Dunsparce|def|1\n|-boost|p1a: Dunsparce|accuracy|1\n|\n|-heal|p2a: Arceus|259/276|[from] item: Leftovers\n|upkeep\n|turn|17\n|\n|t:|1781380066\n|move|p2a: Arceus|Shadow Claw|p1a: Dunsparce\n|-supereffective|p1a: Dunsparce\n|-damage|p1a: Dunsparce|213/312\n|move|p1a: Dunsparce|Body Slam|p2a: Arceus\n|-damage|p2a: Arceus|127/276\n|-status|p2a: Arceus|par\n|\n|-heal|p2a: Arceus|144/276 par|[from] item: Leftovers\n|upkeep\n|turn|18\n|\n|t:|1781380076\n|move|p1a: Dunsparce|Body Slam|p2a: Arceus\n|-damage|p2a: Arceus|0 fnt\n|faint|p2a: Arceus\n|\n|upkeep\n|-message|Gon03 forfeited.\n|\n|win|luxio249\n", "inputlog": ">version a8376a258c1d4662feba110a92103f3664a72141\n>start {\"formatid\":\"gen9randombattle\",\"seed\":\"sodium,671b814d397a2691eb0a286fd3d64e48\",\"rated\":\"Rated battle\"}\n>player p1 {\"name\":\"luxio249\",\"avatar\":\"rocketgruntf\",\"rating\":1951,\"seed\":\"sodium,b68e47c356e45409027b494c94fb057d\"}\n>player p2 {\"name\":\"Gon03\",\"avatar\":\"102\",\"rating\":1950,\"seed\":\"sodium,4d97dc69bb18a53513ce09fb821939a7\"}\n>p1 move uturn\n>p2 move closecombat\n>p1 switch 2\n>p1 move superpower\n>p2 switch 5\n>p1 switch 4\n>p2 move overheat\n>p1 move nightshade\n>p2 move supercellslam\n>p1 switch 4\n>p2 move supercellslam\n>p2 switch 2\n>p1 switch 5\n>p2 move hurricane\n>p1 move stealthrock\n>p2 move thunderbolt\n>p1 move moonlight\n>p2 move thunderbolt\n>p1 switch 6\n>p1 move aquacutter\n>p2 move thunderbolt\n>p1 switch 3\n>p2 move thunderbolt\n>p1 move coil\n>p2 move thunderbolt\n>p1 move roost\n>p2 move uturn\n>p2 switch 5\n>p1 move roost\n>p2 move surgingstrikes terastallize\n>p1 move bodyslam terastallize\n>p2 move swordsdance\n>p1 move bodyslam\n>p2 move surgingstrikes\n>p2 switch 6\n>p1 move coil\n>p2 move swordsdance\n>p1 move bodyslam\n>p2 move shadowclaw\n>p1 move bodyslam\n>p2 move shadowclaw\n>forcelose p2", "uploadtime": 1781379775, "views": 8, "formatid": "gen9randombattle", "rating": null, "private": 0, "password": null}