{"id": "gen9randombattle-2631460815", "format": "[Gen 9] Random Battle", "players": ["Chronos125", "Antitsu"], "log": "|j|\u2606Chronos125\n|j|\u2606Antitsu\n|t:|1781387474\n|gametype|singles\n|player|p1|Chronos125|palmer|1000\n|player|p2|Antitsu|swimmerf|1027\n|gen|9\n|tier|[Gen 9] Random Battle\n|rated|\n|rule|Species Clause: Limit one of each Pok\u00e9mon\n|rule|HP Percentage Mod: HP is shown in percentages\n|rule|Sleep Clause Mod: Limit one foe put to sleep\n|rule|Illusion Level Mod: Illusion disguises the Pok\u00e9mon's true level\n|\n|t:|1781387474\n|teamsize|p1|6\n|teamsize|p2|6\n|start\n|switch|p1a: Dipplin|Dipplin, L88, M|284/284\n|switch|p2a: Flapple|Flapple, L88, F|266/266\n|turn|1\n|\n|t:|1781387493\n|-terastallize|p1a: Dipplin|Steel\n|move|p2a: Flapple|Outrage|p1a: Dipplin\n|-resisted|p1a: Dipplin\n|-damage|p1a: Dipplin|218/284\n|move|p1a: Dipplin|Dragon Pulse|p2a: Flapple\n|-supereffective|p2a: Flapple\n|-damage|p2a: Flapple|30/266\n|\n|upkeep\n|turn|2\n|\n|t:|1781387506\n|move|p1a: Dipplin|Sucker Punch|p2a: Flapple\n|-damage|p2a: Flapple|0 fnt\n|faint|p2a: Flapple\n|\n|upkeep\n|\n|t:|1781387520\n|switch|p2a: Clawitzer|Clawitzer, L87, F|265/265\n|turn|3\n|\n|t:|1781387530\n|switch|p1a: Comfey|Comfey, L85, F|225/225\n|move|p2a: Clawitzer|Aura Sphere|p1a: Comfey\n|-resisted|p1a: Comfey\n|-damage|p1a: Comfey|159/225\n|\n|-heal|p1a: Comfey|173/225|[from] item: Leftovers\n|upkeep\n|turn|4\n|\n|t:|1781387544\n|switch|p2a: Bisharp|Bisharp, L79, M|232/232\n|move|p1a: Comfey|Giga Drain|p2a: Bisharp\n|-resisted|p2a: Bisharp\n|-damage|p2a: Bisharp|211/232\n|-heal|p1a: Comfey|184/225|[from] drain|[of] p2a: Bisharp\n|\n|-heal|p1a: Comfey|198/225|[from] item: Leftovers\n|upkeep\n|turn|5\n|\n|t:|1781387589\n|switch|p1a: Rabsca|Rabsca, L91, M|284/284\n|move|p2a: Bisharp|Iron Head|p1a: Rabsca\n|-damage|p1a: Rabsca|203/284\n|\n|upkeep\n|turn|6\n|\n|t:|1781387605\n|move|p2a: Bisharp|Swords Dance|p2a: Bisharp\n|-boost|p2a: Bisharp|atk|2\n|move|p1a: Rabsca|Earth Power|p2a: Bisharp\n|-supereffective|p2a: Bisharp\n|-damage|p2a: Bisharp|79/232\n|\n|upkeep\n|turn|7\n|\n|t:|1781387613\n|move|p2a: Bisharp|Sucker Punch|p1a: Rabsca\n|-supereffective|p1a: Rabsca\n|-damage|p1a: Rabsca|0 fnt\n|faint|p1a: Rabsca\n|\n|upkeep\n|j| AnToO300\n|l| AnToO300\n|\n|t:|1781387642\n|switch|p1a: Mabosstiff|Mabosstiff, L86, M|278/278\n|turn|8\n|\n|t:|1781387649\n|move|p1a: Mabosstiff|Wild Charge|p2a: Bisharp\n|-damage|p2a: Bisharp|5/232\n|-damage|p1a: Mabosstiff|259/278|[from] Recoil\n|move|p2a: Bisharp|Iron Head|p1a: Mabosstiff\n|-damage|p1a: Mabosstiff|99/278\n|\n|upkeep\n|turn|9\n|\n|t:|1781387659\n|move|p2a: Bisharp|Sucker Punch|p1a: Mabosstiff\n|-resisted|p1a: Mabosstiff\n|-damage|p1a: Mabosstiff|25/278\n|move|p1a: Mabosstiff|Wild Charge|p2a: Bisharp\n|-damage|p2a: Bisharp|0 fnt\n|faint|p2a: Bisharp\n|-damage|p1a: Mabosstiff|24/278|[from] Recoil\n|\n|upkeep\n|\n|t:|1781387677\n|switch|p2a: Munkidori|Munkidori, L79, M|269/269\n|turn|10\n|\n|t:|1781387693\n|switch|p1a: Comfey|Comfey, L85, F|198/225\n|move|p2a: Munkidori|U-turn|p1a: Comfey\n|-resisted|p1a: Comfey\n|-damage|p1a: Comfey|180/225\n|\n|t:|1781387706\n|switch|p2a: Mew|Mew, L82|298/298|[from] U-turn\n|\n|-heal|p1a: Comfey|194/225|[from] item: Leftovers\n|upkeep\n|turn|11\n|\n|t:|1781387731\n|move|p1a: Comfey|Draining Kiss|p2a: Mew\n|-damage|p2a: Mew|249/298\n|-heal|p1a: Comfey|225/225|[from] drain|[of] p2a: Mew\n|move|p2a: Mew|Toxic Spikes|p1a: Comfey\n|-sidestart|p1: Chronos125|move: Toxic Spikes\n|\n|-heal|p2a: Mew|267/298|[from] item: Leftovers\n|upkeep\n|turn|12\n|\n|t:|1781387742\n|move|p1a: Comfey|Tera Blast|p2a: Mew\n|-damage|p2a: Mew|219/298\n|move|p2a: Mew|Psychic|p1a: Comfey\n|-damage|p1a: Comfey|144/225\n|\n|-heal|p1a: Comfey|158/225|[from] item: Leftovers\n|-heal|p2a: Mew|237/298|[from] item: Leftovers\n|upkeep\n|turn|13\n|\n|t:|1781387759\n|switch|p1a: Mabosstiff|Mabosstiff, L86, M|24/278\n|-status|p1a: Mabosstiff|psn\n|move|p2a: Mew|U-turn|p1a: Mabosstiff\n|-supereffective|p1a: Mabosstiff\n|-damage|p1a: Mabosstiff|0 fnt\n|faint|p1a: Mabosstiff\n|\n|t:|1781387768\n|switch|p2a: Munkidori|Munkidori, L79, M|269/269|[from] U-turn\n|\n|upkeep\n|\n|t:|1781387775\n|switch|p1a: Dipplin|Dipplin, L88, M, tera:Steel|218/284\n|turn|14\n|\n|t:|1781387797\n|move|p2a: Munkidori|Fake Out|p1a: Dipplin\n|-resisted|p1a: Dipplin\n|-damage|p1a: Dipplin|212/284\n|cant|p1a: Dipplin|flinch\n|\n|upkeep\n|turn|15\n|\n|t:|1781387810\n|move|p2a: Munkidori|U-turn|p1a: Dipplin\n|-resisted|p1a: Dipplin\n|-damage|p1a: Dipplin|202/284\n|\n|t:|1781387813\n|switch|p2a: Clawitzer|Clawitzer, L87, F|265/265|[from] U-turn\n|move|p1a: Dipplin|Dragon Pulse|p2a: Clawitzer\n|-damage|p2a: Clawitzer|171/265\n|\n|upkeep\n|turn|16\n|\n|t:|1781387821\n|switch|p1a: Comfey|Comfey, L85, F|158/225\n|-status|p1a: Comfey|psn\n|move|p2a: Clawitzer|Aura Sphere|p1a: Comfey\n|-resisted|p1a: Comfey\n|-damage|p1a: Comfey|97/225 psn\n|\n|-heal|p1a: Comfey|111/225 psn|[from] item: Leftovers\n|-damage|p1a: Comfey|83/225 psn|[from] psn\n|upkeep\n|turn|17\n|\n|t:|1781387837\n|switch|p2a: Munkidori|Munkidori, L79, M|269/269\n|move|p1a: Comfey|Draining Kiss|p2a: Munkidori\n|-resisted|p2a: Munkidori\n|-damage|p2a: Munkidori|251/269\n|-heal|p1a: Comfey|97/225 psn|[from] drain|[of] p2a: Munkidori\n|\n|-heal|p1a: Comfey|111/225 psn|[from] item: Leftovers\n|-damage|p1a: Comfey|83/225 psn|[from] psn\n|upkeep\n|turn|18\n|\n|t:|1781387847\n|switch|p1a: Pelipper|Pelipper, L86, M|243/243\n|-weather|RainDance|[from] ability: Drizzle|[of] p1a: Pelipper\n|move|p2a: Munkidori|Fake Out|p1a: Pelipper\n|-damage|p1a: Pelipper|223/243\n|-status|p1a: Pelipper|tox|[from] ability: Toxic Chain|[of] p2a: Munkidori\n|\n|-weather|RainDance|[upkeep]\n|-damage|p1a: Pelipper|208/243 tox|[from] psn\n|upkeep\n|turn|19\n|\n|t:|1781387867\n|move|p2a: Munkidori|Psychic Noise|p1a: Pelipper\n|-damage|p1a: Pelipper|111/243 tox\n|-start|p1a: Pelipper|move: Heal Block\n|move|p1a: Pelipper|Hurricane|p2a: Munkidori\n|-damage|p2a: Munkidori|169/269\n|\n|-weather|RainDance|[upkeep]\n|-damage|p1a: Pelipper|81/243 tox|[from] psn\n|upkeep\n|turn|20\n|\n|t:|1781387881\n|move|p2a: Munkidori|Psychic Noise|p1a: Pelipper\n|-damage|p1a: Pelipper|0 fnt\n|faint|p1a: Pelipper\n|\n|-weather|RainDance|[upkeep]\n|upkeep\n|\n|t:|1781387890\n|switch|p1a: Bronzong|Bronzong, L88|261/261\n|turn|21\n|\n|t:|1781387896\n|move|p2a: Munkidori|U-turn|p1a: Bronzong\n|-damage|p1a: Bronzong|233/261\n|\n|t:|1781387898\n|switch|p2a: Mew|Mew, L82|237/298|[from] U-turn\n|move|p1a: Bronzong|Stealth Rock|p2a: Mew\n|-sidestart|p2: Antitsu|move: Stealth Rock\n|\n|-weather|RainDance|[upkeep]\n|-heal|p2a: Mew|255/298|[from] item: Leftovers\n|-heal|p1a: Bronzong|249/261|[from] item: Leftovers\n|upkeep\n|turn|22\n|\n|t:|1781387916\n|move|p2a: Mew|Knock Off|p1a: Bronzong\n|-supereffective|p1a: Bronzong\n|-damage|p1a: Bronzong|149/261\n|-enditem|p1a: Bronzong|Leftovers|[from] move: Knock Off|[of] p2a: Mew\n|move|p1a: Bronzong|Earthquake|p2a: Mew\n|-damage|p2a: Mew|185/298\n|\n|-weather|none\n|-heal|p2a: Mew|203/298|[from] item: Leftovers\n|upkeep\n|turn|23\n|\n|t:|1781387926\n|move|p2a: Mew|Knock Off|p1a: Bronzong\n|-supereffective|p1a: Bronzong\n|-damage|p1a: Bronzong|75/261\n|move|p1a: Bronzong|Earthquake|p2a: Mew\n|-crit|p2a: Mew\n|-damage|p2a: Mew|98/298\n|\n|-heal|p2a: Mew|116/298|[from] item: Leftovers\n|upkeep\n|turn|24\n|\n|t:|1781387940\n|switch|p1a: Comfey|Comfey, L85, F|83/225 psn\n|move|p2a: Mew|Knock Off|p1a: Comfey\n|-resisted|p1a: Comfey\n|-damage|p1a: Comfey|52/225 psn\n|-enditem|p1a: Comfey|Leftovers|[from] move: Knock Off|[of] p2a: Mew\n|\n|-heal|p2a: Mew|134/298|[from] item: Leftovers\n|-damage|p1a: Comfey|24/225 psn|[from] psn\n|upkeep\n|turn|25\n|\n|t:|1781387953\n|move|p1a: Comfey|Tera Blast|p2a: Mew\n|-damage|p2a: Mew|83/298\n|move|p2a: Mew|U-turn|p1a: Comfey\n|-resisted|p1a: Comfey\n|-damage|p1a: Comfey|2/225 psn\n|\n|t:|1781387960\n|switch|p2a: Munkidori|Munkidori, L79, M|169/269|[from] U-turn\n|-damage|p2a: Munkidori|136/269|[from] Stealth Rock\n|\n|-damage|p1a: Comfey|0 fnt|[from] psn\n|faint|p1a: Comfey\n|upkeep\n|\n|t:|1781387968\n|switch|p1a: Bronzong|Bronzong, L88|75/261\n|turn|26\n|\n|t:|1781387973\n|move|p2a: Munkidori|Fake Out|p1a: Bronzong\n|-resisted|p1a: Bronzong\n|-damage|p1a: Bronzong|67/261\n|cant|p1a: Bronzong|flinch\n|\n|upkeep\n|turn|27\n|\n|t:|1781387980\n|move|p2a: Munkidori|U-turn|p1a: Bronzong\n|-damage|p1a: Bronzong|40/261\n|\n|t:|1781387983\n|switch|p2a: Mew|Mew, L82|83/298|[from] U-turn\n|-damage|p2a: Mew|46/298|[from] Stealth Rock\n|move|p1a: Bronzong|Earthquake|p2a: Mew\n|-damage|p2a: Mew|0 fnt\n|faint|p2a: Mew\n|\n|upkeep\n|\n|t:|1781387993\n|switch|p2a: Munkidori|Munkidori, L79, M|136/269\n|-damage|p2a: Munkidori|103/269|[from] Stealth Rock\n|turn|28\n|\n|t:|1781388003\n|move|p2a: Munkidori|Fake Out|p1a: Bronzong\n|-resisted|p1a: Bronzong\n|-damage|p1a: Bronzong|32/261\n|cant|p1a: Bronzong|flinch\n|\n|upkeep\n|turn|29\n|\n|t:|1781388009\n|move|p2a: Munkidori|Psychic Noise|p1a: Bronzong\n|-resisted|p1a: Bronzong\n|-damage|p1a: Bronzong|16/261\n|-start|p1a: Bronzong|move: Heal Block\n|move|p1a: Bronzong|Earthquake|p2a: Munkidori\n|-supereffective|p2a: Munkidori\n|-damage|p2a: Munkidori|0 fnt\n|faint|p2a: Munkidori\n|\n|upkeep\n|\n|t:|1781388020\n|switch|p2a: Alcremie|Alcremie, L90, F|263/263\n|-damage|p2a: Alcremie|231/263|[from] Stealth Rock\n|turn|30\n|\n|t:|1781388033\n|move|p2a: Alcremie|Psyshock|p1a: Bronzong\n|-resisted|p1a: Bronzong\n|-damage|p1a: Bronzong|2/261\n|move|p1a: Bronzong|Iron Head|p2a: Alcremie\n|-supereffective|p2a: Alcremie\n|-damage|p2a: Alcremie|63/263\n|\n|-heal|p2a: Alcremie|79/263|[from] item: Leftovers\n|-end|p1a: Bronzong|move: Heal Block\n|upkeep\n|turn|31\n|\n|t:|1781388047\n|move|p2a: Alcremie|Psyshock|p1a: Bronzong\n|-resisted|p1a: Bronzong\n|-damage|p1a: Bronzong|0 fnt\n|faint|p1a: Bronzong\n|\n|-heal|p2a: Alcremie|95/263|[from] item: Leftovers\n|upkeep\n|\n|t:|1781388054\n|switch|p1a: Dipplin|Dipplin, L88, M, tera:Steel|202/284\n|turn|32\n|\n|t:|1781388060\n|move|p2a: Alcremie|Recover|p2a: Alcremie\n|-heal|p2a: Alcremie|227/263\n|move|p1a: Dipplin|Giga Drain|p2a: Alcremie\n|-damage|p2a: Alcremie|158/263\n|-heal|p1a: Dipplin|237/284|[from] drain|[of] p2a: Alcremie\n|\n|-heal|p2a: Alcremie|174/263|[from] item: Leftovers\n|upkeep\n|turn|33\n|\n|t:|1781388069\n|move|p2a: Alcremie|Psyshock|p1a: Dipplin\n|-resisted|p1a: Dipplin\n|-damage|p1a: Dipplin|217/284\n|move|p1a: Dipplin|Giga Drain|p2a: Alcremie\n|-crit|p2a: Alcremie\n|-damage|p2a: Alcremie|86/263\n|-heal|p1a: Dipplin|261/284|[from] drain|[of] p2a: Alcremie\n|\n|-heal|p2a: Alcremie|102/263|[from] item: Leftovers\n|upkeep\n|turn|34\n|\n|t:|1781388081\n|move|p2a: Alcremie|Recover|p2a: Alcremie\n|-heal|p2a: Alcremie|234/263\n|move|p1a: Dipplin|Giga Drain|p2a: Alcremie\n|-damage|p2a: Alcremie|174/263\n|-heal|p1a: Dipplin|284/284|[from] drain|[of] p2a: Alcremie\n|\n|-heal|p2a: Alcremie|190/263|[from] item: Leftovers\n|upkeep\n|turn|35\n|\n|t:|1781388093\n|move|p2a: Alcremie|Calm Mind|p2a: Alcremie\n|-boost|p2a: Alcremie|spa|1\n|-boost|p2a: Alcremie|spd|1\n|move|p1a: Dipplin|Giga Drain|p2a: Alcremie\n|-damage|p2a: Alcremie|148/263\n|\n|-heal|p2a: Alcremie|164/263|[from] item: Leftovers\n|upkeep\n|turn|36\n|\n|t:|1781388103\n|move|p1a: Dipplin|Sucker Punch||[still]\n|-fail|p1a: Dipplin\n|move|p2a: Alcremie|Calm Mind|p2a: Alcremie\n|-boost|p2a: Alcremie|spa|1\n|-boost|p2a: Alcremie|spd|1\n|\n|-heal|p2a: Alcremie|180/263|[from] item: Leftovers\n|upkeep\n|turn|37\n|\n|t:|1781388140\n|move|p2a: Alcremie|Calm Mind|p2a: Alcremie\n|-boost|p2a: Alcremie|spa|1\n|-boost|p2a: Alcremie|spd|1\n|move|p1a: Dipplin|Giga Drain|p2a: Alcremie\n|-damage|p2a: Alcremie|155/263\n|\n|-heal|p2a: Alcremie|171/263|[from] item: Leftovers\n|upkeep\n|turn|38\n|\n|t:|1781388149\n|move|p2a: Alcremie|Recover|p2a: Alcremie\n|-heal|p2a: Alcremie|263/263\n|move|p1a: Dipplin|Giga Drain|p2a: Alcremie\n|-damage|p2a: Alcremie|236/263\n|\n|-heal|p2a: Alcremie|252/263|[from] item: Leftovers\n|upkeep\n|turn|39\n|-message|Chronos125 forfeited.\n|\n|win|Antitsu\n|raw|Chronos125's rating: 1000 &rarr; <strong>1000</strong><br />(+0 for losing)\n|raw|Antitsu's rating: 1027 &rarr; <strong>1060</strong><br />(+33 for winning)\n|l|\u2606Chronos125\n|player|p1|\n", "uploadtime": 1781388172, "views": 12, "formatid": "gen9randombattle", "rating": 1000, "private": 0, "password": null}