{"id": "gen9randombattle-2631704852", "format": "[Gen 9] Random Battle", "players": ["Saaskin", "Elysia_773"], "log": "|j|\u2606Saaskin\n|j|\u2606Elysia_773\n|t:|1781425298\n|gametype|singles\n|player|p1|Saaskin|265|2044\n|player|p2|Elysia_773|miku-flying|2045\n|gen|9\n|tier|[Gen 9] Random Battle\n|rated|\n|rule|Species Clause: Limit one of each Pok\u00e9mon\n|rule|HP Percentage Mod: HP is shown in percentages\n|rule|Sleep Clause Mod: Limit one foe put to sleep\n|rule|Illusion Level Mod: Illusion disguises the Pok\u00e9mon's true level\n|\n|t:|1781425298\n|teamsize|p1|6\n|teamsize|p2|6\n|start\n|switch|p1a: Mudsdale|Mudsdale, L83, M|302/302\n|switch|p2a: Torterra|Torterra, L78, M|276/276\n|turn|1\n|inactive|Battle timer is ON: inactive players will automatically lose when time's up. (requested by Saaskin)\n|inactive|Elysia_773 also wants the timer to be on.\n|\n|t:|1781425310\n|switch|p2a: Grumpig|Grumpig, L92, M|297/297\n|move|p1a: Mudsdale|Stealth Rock|p2a: Grumpig\n|-sidestart|p2: Elysia_773|move: Stealth Rock\n|\n|upkeep\n|turn|2\n|\n|t:|1781425324\n|switch|p1a: Rampardos|Rampardos, L90, M|321/321\n|move|p2a: Grumpig|Nasty Plot|p2a: Grumpig\n|-boost|p2a: Grumpig|spa|2\n|\n|upkeep\n|turn|3\n|\n|t:|1781425329\n|move|p1a: Rampardos|Head Smash|p2a: Grumpig\n|-damage|p2a: Grumpig|0 fnt\n|faint|p2a: Grumpig\n|-damage|p1a: Rampardos|172/321|[from] Recoil\n|\n|upkeep\n|\n|t:|1781425334\n|switch|p2a: Empoleon|Empoleon, L84, M|278/278\n|-damage|p2a: Empoleon|261/278|[from] Stealth Rock\n|turn|4\n|\n|t:|1781425349\n|switch|p1a: Alomomola|Alomomola, L87, M|429/429\n|move|p2a: Empoleon|Stealth Rock|p1a: Alomomola\n|-sidestart|p1: Saaskin|move: Stealth Rock\n|\n|-heal|p2a: Empoleon|278/278|[from] item: Leftovers\n|upkeep\n|turn|5\n|\n|t:|1781425356\n|switch|p2a: Torterra|Torterra, L78, M|276/276\n|-damage|p2a: Torterra|259/276|[from] Stealth Rock\n|move|p1a: Alomomola|Scald|p2a: Torterra\n|-damage|p2a: Torterra|204/276\n|\n|upkeep\n|turn|6\n|\n|t:|1781425363\n|move|p1a: Alomomola|Scald|p2a: Torterra\n|-damage|p2a: Torterra|153/276\n|move|p2a: Torterra|Shell Smash|p2a: Torterra\n|-unboost|p2a: Torterra|def|1\n|-unboost|p2a: Torterra|spd|1\n|-boost|p2a: Torterra|atk|2\n|-boost|p2a: Torterra|spa|2\n|-boost|p2a: Torterra|spe|2\n|\n|upkeep\n|turn|7\n|\n|t:|1781425372\n|move|p2a: Torterra|Bullet Seed|p1a: Alomomola\n|-supereffective|p1a: Alomomola\n|-damage|p1a: Alomomola|321/429\n|-supereffective|p1a: Alomomola\n|-damage|p1a: Alomomola|223/429\n|-supereffective|p1a: Alomomola\n|-damage|p1a: Alomomola|115/429\n|-supereffective|p1a: Alomomola\n|-damage|p1a: Alomomola|7/429\n|-supereffective|p1a: Alomomola\n|-damage|p1a: Alomomola|0 fnt\n|faint|p1a: Alomomola\n|-hitcount|p1: Alomomola|5\n|\n|upkeep\n|\n|t:|1781425377\n|switch|p1a: Mudsdale|Mudsdale, L83, M|302/302\n|-damage|p1a: Mudsdale|284/302|[from] Stealth Rock\n|turn|8\n|\n|t:|1781425392\n|move|p2a: Torterra|Bullet Seed|p1a: Mudsdale\n|-supereffective|p1a: Mudsdale\n|-damage|p1a: Mudsdale|192/302\n|-ability|p1a: Mudsdale|Stamina|boost\n|-boost|p1a: Mudsdale|def|1\n|-supereffective|p1a: Mudsdale\n|-damage|p1a: Mudsdale|130/302\n|-ability|p1a: Mudsdale|Stamina|boost\n|-boost|p1a: Mudsdale|def|1\n|-supereffective|p1a: Mudsdale\n|-damage|p1a: Mudsdale|80/302\n|-ability|p1a: Mudsdale|Stamina|boost\n|-boost|p1a: Mudsdale|def|1\n|-supereffective|p1a: Mudsdale\n|-damage|p1a: Mudsdale|38/302\n|-ability|p1a: Mudsdale|Stamina|boost\n|-boost|p1a: Mudsdale|def|1\n|-supereffective|p1a: Mudsdale\n|-damage|p1a: Mudsdale|0 fnt\n|faint|p1a: Mudsdale\n|-hitcount|p1: Mudsdale|5\n|\n|upkeep\n|\n|t:|1781425397\n|switch|p1a: Ambipom|Ambipom, L84, M|263/263\n|-damage|p1a: Ambipom|231/263|[from] Stealth Rock\n|turn|9\n|\n|t:|1781425401\n|move|p2a: Torterra|Bullet Seed|p1a: Ambipom\n|-damage|p1a: Ambipom|171/263\n|-damage|p1a: Ambipom|111/263\n|-damage|p1a: Ambipom|53/263\n|-damage|p1a: Ambipom|0 fnt\n|faint|p1a: Ambipom\n|-hitcount|p1: Ambipom|4\n|\n|upkeep\n|-message|Saaskin forfeited.\n|\n|win|Elysia_773\n", "inputlog": ">version a8376a258c1d4662feba110a92103f3664a72141\n>start {\"formatid\":\"gen9randombattle\",\"seed\":\"sodium,a1ebe45d73d22d557041775fe42f44fb\",\"rated\":\"Rated battle\"}\n>player p1 {\"name\":\"Saaskin\",\"avatar\":\"265\",\"rating\":2044,\"seed\":\"sodium,301dc7e1b15c26bc80cbba3a02191e20\"}\n>player p2 {\"name\":\"Elysia_773\",\"avatar\":\"miku-flying\",\"rating\":2045,\"seed\":\"sodium,7c499d02ecb7d7263d87dbdb78ed2a8d\"}\n>p1 move stealthrock\n>p2 switch 3\n>p1 switch 5\n>p2 move nastyplot\n>p1 move headsmash\n>p2 move earthpower\n>p2 switch 2\n>p1 switch 4\n>p2 move stealthrock\n>p1 move scald\n>p2 switch 3\n>p1 move scald\n>p2 move shellsmash\n>p1 move scald\n>p2 move bulletseed\n>p1 switch 5\n>p1 move heavyslam\n>p2 move bulletseed\n>p1 switch 3\n>p1 move doubleedge\n>p2 move bulletseed\n>forcelose p1", "uploadtime": 1781425300, "views": 5, "formatid": "gen9randombattle", "rating": null, "private": 0, "password": null}