{"id": "gen9randombattle-2631505843", "format": "[Gen 9] Random Battle", "players": ["f91swdg", "mztmztmzt123"], "log": "|j|\u2606f91swdg\n|j|\u2606mztmztmzt123\n|t:|1781393769\n|gametype|singles\n|player|p1|f91swdg|biker-gen4|2203\n|player|p2|mztmztmzt123|266|2216\n|gen|9\n|tier|[Gen 9] Random Battle\n|rated|\n|rule|Species Clause: Limit one of each Pok\u00e9mon\n|rule|HP Percentage Mod: HP is shown in percentages\n|rule|Sleep Clause Mod: Limit one foe put to sleep\n|rule|Illusion Level Mod: Illusion disguises the Pok\u00e9mon's true level\n|\n|t:|1781393769\n|teamsize|p1|6\n|teamsize|p2|6\n|start\n|switch|p1a: Conkeldurr|Conkeldurr, L80, F|299/299\n|switch|p2a: Overqwil|Overqwil, L82, F|274/274\n|-ability|p2a: Overqwil|Intimidate|boost\n|-unboost|p1a: Conkeldurr|atk|1\n|turn|1\n|inactive|Battle timer is ON: inactive players will automatically lose when time's up. (requested by f91swdg)\n|\n|t:|1781393787\n|move|p2a: Overqwil|Gunk Shot|p1a: Conkeldurr\n|-damage|p1a: Conkeldurr|82/299\n|move|p1a: Conkeldurr|Knock Off|p2a: Overqwil\n|-resisted|p2a: Overqwil\n|-damage|p2a: Overqwil|245/274\n|-enditem|p2a: Overqwil|Choice Band|[from] move: Knock Off|[of] p1a: Conkeldurr\n|\n|-status|p1a: Conkeldurr|brn|[from] item: Flame Orb\n|upkeep\n|turn|2\n|\n|t:|1781393793\n|move|p2a: Overqwil|Liquidation|p1a: Conkeldurr\n|-damage|p1a: Conkeldurr|15/299 brn\n|move|p1a: Conkeldurr|Close Combat|p2a: Overqwil\n|-damage|p2a: Overqwil|85/274\n|-unboost|p1a: Conkeldurr|def|1\n|-unboost|p1a: Conkeldurr|spd|1\n|\n|-damage|p1a: Conkeldurr|0 fnt|[from] brn\n|faint|p1a: Conkeldurr\n|upkeep\n|j| Rabiesdfsdf\n|\n|t:|1781393802\n|switch|p1a: Ogerpon|Ogerpon-Hearthflame, L74, F|239/239\n|-ability|p1a: Ogerpon|Mold Breaker\n|turn|3\n|inactive|mztmztmzt123 has 120 seconds left.\n|\n|t:|1781393843\n|move|p1a: Ogerpon|Ivy Cudgel|p2a: Overqwil|[anim] Ivy Cudgel Fire\n|-damage|p2a: Overqwil|0 fnt\n|faint|p2a: Overqwil\n|\n|upkeep\n|\n|t:|1781393851\n|switch|p2a: Kilowattrel|Kilowattrel, L83, F|252/252\n|turn|4\n|\n|t:|1781393866\n|switch|p1a: Latias|Latias, L79, F|256/256\n|move|p2a: Kilowattrel|U-turn|p1a: Latias\n|-supereffective|p1a: Latias\n|-damage|p1a: Latias|172/256\n|inactive|mztmztmzt123 has 120 seconds left.\n|inactive|mztmztmzt123 has 90 seconds left.\n|\n|t:|1781393918\n|switch|p2a: Flutter Mane|Flutter Mane, L74|203/203|[from] U-turn\n|\n|upkeep\n|turn|5\n|\n|t:|1781393927\n|move|p2a: Flutter Mane|Shadow Ball|p1a: Latias\n|-supereffective|p1a: Latias\n|-damage|p1a: Latias|0 fnt\n|faint|p1a: Latias\n|-damage|p2a: Flutter Mane|183/203|[from] item: Life Orb\n|\n|upkeep\n|\n|t:|1781393935\n|switch|p1a: Ogerpon|Ogerpon-Hearthflame, L74, F|239/239\n|-ability|p1a: Ogerpon|Mold Breaker\n|turn|6\n|inactive|mztmztmzt123 has 90 seconds left.\n|\n|t:|1781393959\n|-end|p2a: Flutter Mane|Protosynthesis|[silent]\n|switch|p2a: Salazzle|Salazzle, L83, F|249/249\n|-terastallize|p1a: Ogerpon|Fire\n|detailschange|p1a: Ogerpon|Ogerpon-Hearthflame-Tera, L74, F, tera:Fire\n|-ability|p1a: Ogerpon|Embody Aspect (Hearthflame)|boost\n|-boost|p1a: Ogerpon|atk|1\n|move|p1a: Ogerpon|Ivy Cudgel|p2a: Salazzle|[anim] Ivy Cudgel Fire\n|-resisted|p2a: Salazzle\n|-damage|p2a: Salazzle|89/249\n|\n|-heal|p2a: Salazzle|104/249|[from] item: Leftovers\n|upkeep\n|turn|7\n|inactive|mztmztmzt123 has 90 seconds left.\n|\n|t:|1781393970\n|move|p2a: Salazzle|Protect|p2a: Salazzle\n|-singleturn|p2a: Salazzle|Protect\n|move|p1a: Ogerpon|Ivy Cudgel|p2a: Salazzle|[anim] Ivy Cudgel Fire\n|-activate|p2a: Salazzle|move: Protect\n|\n|-heal|p2a: Salazzle|119/249|[from] item: Leftovers\n|upkeep\n|turn|8\n|\n|t:|1781393973\n|move|p2a: Salazzle|Toxic|p1a: Ogerpon\n|-status|p1a: Ogerpon|tox\n|move|p1a: Ogerpon|Ivy Cudgel|p2a: Salazzle|[anim] Ivy Cudgel Fire\n|-resisted|p2a: Salazzle\n|-damage|p2a: Salazzle|0 fnt\n|faint|p2a: Salazzle\n|\n|-damage|p1a: Ogerpon|225/239 tox|[from] psn\n|upkeep\n|\n|t:|1781393977\n|switch|p2a: Dugtrio|Dugtrio, L84, M|196/196\n|turn|9\n|\n|t:|1781393982\n|move|p2a: Dugtrio|Earthquake|p1a: Ogerpon\n|-supereffective|p1a: Ogerpon\n|-damage|p1a: Ogerpon|0 fnt\n|faint|p1a: Ogerpon\n|detailschange|p1: Ogerpon|Ogerpon-Hearthflame, L74, F|[silent]\n|\n|upkeep\n|\n|t:|1781393985\n|switch|p1a: Chesnaught|Chesnaught, L84, M|285/285\n|turn|10\n|\n|t:|1781393993\n|switch|p2a: Spectrier|Spectrier, L75|274/274\n|move|p1a: Chesnaught|Iron Defense|p1a: Chesnaught\n|-boost|p1a: Chesnaught|def|2\n|\n|upkeep\n|turn|11\n|\n|t:|1781393996\n|move|p2a: Spectrier|Will-O-Wisp|p1a: Chesnaught|[miss]\n|-miss|p2a: Spectrier|p1a: Chesnaught\n|move|p1a: Chesnaught|Trailblaze|p2a: Spectrier\n|-damage|p2a: Spectrier|193/274\n|-boost|p1a: Chesnaught|spe|1\n|\n|upkeep\n|turn|12\n|\n|t:|1781394000\n|switch|p1a: Flutter Mane|Flutter Mane, L74|203/203\n|move|p2a: Spectrier|Will-O-Wisp|p1a: Flutter Mane\n|-status|p1a: Flutter Mane|brn\n|\n|-damage|p1a: Flutter Mane|191/203 brn|[from] brn\n|upkeep\n|turn|13\n|\n|t:|1781394007\n|switch|p2a: Kilowattrel|Kilowattrel, L83, F|252/252\n|move|p1a: Flutter Mane|Calm Mind|p1a: Flutter Mane\n|-boost|p1a: Flutter Mane|spa|1\n|-boost|p1a: Flutter Mane|spd|1\n|\n|-damage|p1a: Flutter Mane|179/203 brn|[from] brn\n|upkeep\n|turn|14\n|\n|t:|1781394013\n|move|p2a: Kilowattrel|Discharge|p1a: Flutter Mane\n|-damage|p1a: Flutter Mane|128/203 brn\n|move|p1a: Flutter Mane|Shadow Ball|p2a: Kilowattrel\n|-damage|p2a: Kilowattrel|26/252\n|-damage|p1a: Flutter Mane|108/203 brn|[from] item: Life Orb\n|\n|-damage|p1a: Flutter Mane|96/203 brn|[from] brn\n|upkeep\n|turn|15\n|\n|t:|1781394020\n|move|p2a: Kilowattrel|Discharge|p1a: Flutter Mane\n|-damage|p1a: Flutter Mane|48/203 brn\n|move|p1a: Flutter Mane|Moonblast|p2a: Kilowattrel\n|-damage|p2a: Kilowattrel|0 fnt\n|faint|p2a: Kilowattrel\n|-damage|p1a: Flutter Mane|28/203 brn|[from] item: Life Orb\n|\n|-damage|p1a: Flutter Mane|16/203 brn|[from] brn\n|upkeep\n|\n|t:|1781394023\n|switch|p2a: Dugtrio|Dugtrio, L84, M|196/196\n|turn|16\n|\n|t:|1781394027\n|move|p2a: Dugtrio|Earthquake|p1a: Flutter Mane\n|-damage|p1a: Flutter Mane|0 fnt\n|faint|p1a: Flutter Mane\n|-end|p1a: Flutter Mane|Protosynthesis|[silent]\n|\n|upkeep\n|\n|t:|1781394040\n|switch|p1a: Chesnaught|Chesnaught, L84, M|285/285\n|turn|17\n|\n|t:|1781394042\n|switch|p2a: Spectrier|Spectrier, L75|193/274\n|move|p1a: Chesnaught|Trailblaze|p2a: Spectrier\n|-damage|p2a: Spectrier|106/274\n|-boost|p1a: Chesnaught|spe|1\n|\n|upkeep\n|turn|18\n|\n|t:|1781394047\n|move|p2a: Spectrier|Will-O-Wisp|p1a: Chesnaught\n|-status|p1a: Chesnaught|brn\n|move|p1a: Chesnaught|Trailblaze|p2a: Spectrier\n|-damage|p2a: Spectrier|65/274\n|-boost|p1a: Chesnaught|spe|1\n|\n|-damage|p1a: Chesnaught|268/285 brn|[from] brn\n|upkeep\n|turn|19\n|-message|f91swdg forfeited.\n|\n|win|mztmztmzt123\n", "inputlog": ">version a8376a258c1d4662feba110a92103f3664a72141\n>start {\"formatid\":\"gen9randombattle\",\"seed\":\"sodium,f9a38df0660c00fc203b6a88e9f44d1e\",\"rated\":\"Rated battle\"}\n>player p1 {\"name\":\"f91swdg\",\"avatar\":\"biker-gen4\",\"rating\":2203,\"seed\":\"sodium,e81e7913e2238dc125d786cbae82dc40\"}\n>player p2 {\"name\":\"mztmztmzt123\",\"avatar\":\"266\",\"rating\":2216,\"seed\":\"sodium,29f2b3aed0054d8bcac952445b181e90\"}\n>p1 move knockoff\n>p2 move gunkshot\n>p1 move closecombat\n>p2 move liquidation\n>p1 switch 4\n>p1 move ivycudgel\n>p2 move gunkshot\n>p2 switch 3\n>p1 switch 6\n>p2 move uturn\n>p2 switch 4\n>p1 move psyshock\n>p2 move shadowball\n>p1 switch 6\n>p1 move ivycudgel terastallize\n>p2 switch 6\n>p1 move ivycudgel\n>p2 move protect\n>p1 move ivycudgel\n>p2 move toxic\n>p2 switch 5\n>p1 move hornleech\n>p2 move earthquake\n>p1 switch 5\n>p1 move irondefense\n>p2 switch 2\n>p1 move trailblaze\n>p2 move willowisp\n>p1 switch 3\n>p2 move willowisp\n>p1 move calmmind\n>p2 switch 4\n>p1 move shadowball\n>p2 move discharge\n>p1 move moonblast\n>p2 move discharge\n>p2 switch 2\n>p1 move moonblast\n>p2 move earthquake\n>p1 switch 3\n>p1 move trailblaze\n>p2 switch 4\n>p1 move trailblaze\n>p2 move willowisp\n>forcelose p1", "uploadtime": 1781393772, "views": 5, "formatid": "gen9randombattle", "rating": null, "private": 0, "password": null}