{"id": "gen9randombattle-2631624691", "format": "[Gen 9] Random Battle", "players": ["jonuz", "Hunrito"], "log": "|j|\u2606jonuz\n|j|\u2606Hunrito\n|t:|1781410688\n|gametype|singles\n|player|p1|jonuz|265|1940\n|player|p2|Hunrito|170|1946\n|gen|9\n|tier|[Gen 9] Random Battle\n|rated|\n|rule|Species Clause: Limit one of each Pok\u00e9mon\n|rule|HP Percentage Mod: HP is shown in percentages\n|rule|Sleep Clause Mod: Limit one foe put to sleep\n|rule|Illusion Level Mod: Illusion disguises the Pok\u00e9mon's true level\n|\n|t:|1781410688\n|teamsize|p1|6\n|teamsize|p2|6\n|start\n|switch|p1a: Cinccino|Cinccino, L83, F|260/260\n|switch|p2a: Drifblim|Drifblim, L86, F|396/396\n|turn|1\n|inactive|Battle timer is ON: inactive players will automatically lose when time's up. (requested by Hunrito)\n|\n|t:|1781410695\n|move|p1a: Cinccino|U-turn|p2a: Drifblim\n|-resisted|p2a: Drifblim\n|-damage|p2a: Drifblim|378/396\n|\n|t:|1781410703\n|switch|p1a: Darkrai|Darkrai, L77|234/234|[from] U-turn\n|move|p2a: Drifblim|Strength Sap|p1a: Darkrai\n|-unboost|p1a: Darkrai|atk|1\n|-heal|p2a: Drifblim|396/396\n|\n|upkeep\n|turn|2\n|\n|t:|1781410714\n|switch|p2a: Klefki|Klefki, L84, M|233/233\n|move|p1a: Darkrai|Nasty Plot|p1a: Darkrai\n|-boost|p1a: Darkrai|spa|2\n|\n|upkeep\n|turn|3\n|\n|t:|1781410720\n|move|p1a: Darkrai|Focus Blast|p2a: Klefki\n|-damage|p2a: Klefki|0 fnt\n|faint|p2a: Klefki\n|-damage|p1a: Darkrai|211/234|[from] item: Life Orb\n|\n|upkeep\n|\n|t:|1781410730\n|switch|p2a: Greedent|Greedent, L86, F|347/347\n|turn|4\n|\n|t:|1781410739\n|move|p1a: Darkrai|Focus Blast|p2a: Greedent|[miss]\n|-miss|p1a: Darkrai|p2a: Greedent\n|move|p2a: Greedent|Double-Edge|p1a: Darkrai\n|-damage|p1a: Darkrai|73/234\n|-damage|p2a: Greedent|301/347|[from] Recoil\n|\n|upkeep\n|turn|5\n|\n|t:|1781410753\n|move|p1a: Darkrai|Focus Blast|p2a: Greedent\n|-supereffective|p2a: Greedent\n|-damage|p2a: Greedent|0 fnt\n|faint|p2a: Greedent\n|-damage|p1a: Darkrai|50/234|[from] item: Life Orb\n|\n|upkeep\n|\n|t:|1781410763\n|switch|p2a: Toedscruel|Toedscruel, L87, M|281/281\n|turn|6\n|\n|t:|1781410767\n|move|p1a: Darkrai|Dark Pulse|p2a: Toedscruel\n|-damage|p2a: Toedscruel|163/281\n|-damage|p1a: Darkrai|27/234|[from] item: Life Orb\n|move|p2a: Toedscruel|Giga Drain|p1a: Darkrai\n|-damage|p1a: Darkrai|0 fnt\n|-heal|p2a: Toedscruel|177/281|[from] drain|[of] p1a: Darkrai\n|faint|p1a: Darkrai\n|\n|upkeep\n|\n|t:|1781410771\n|switch|p1a: Cinccino|Cinccino, L83, F|260/260\n|turn|7\n|\n|t:|1781410775\n|switch|p2a: Drifblim|Drifblim, L86, F|396/396\n|move|p1a: Cinccino|Triple Axel|p2a: Drifblim\n|-supereffective|p2a: Drifblim\n|-damage|p2a: Drifblim|332/396\n|-supereffective|p2a: Drifblim\n|-damage|p2a: Drifblim|198/396\n|-enditem|p2a: Drifblim|Sitrus Berry|[eat]\n|-heal|p2a: Drifblim|297/396|[from] item: Sitrus Berry\n|-supereffective|p2a: Drifblim\n|-damage|p2a: Drifblim|87/396\n|-hitcount|p2a: Drifblim|3\n|\n|upkeep\n|turn|8\n|\n|t:|1781410780\n|switch|p1a: Raging Bolt|Raging Bolt, L78|323/323\n|move|p2a: Drifblim|Strength Sap|p1a: Raging Bolt\n|-unboost|p1a: Raging Bolt|atk|1\n|-heal|p2a: Drifblim|205/396\n|\n|upkeep\n|turn|9\n|\n|t:|1781410785\n|switch|p2a: Toedscruel|Toedscruel, L87, M|177/281\n|move|p1a: Raging Bolt|Draco Meteor|p2a: Toedscruel\n|-damage|p2a: Toedscruel|102/281\n|-unboost|p1a: Raging Bolt|spa|2\n|\n|upkeep\n|turn|10\n|\n|t:|1781410789\n|-end|p1a: Raging Bolt|Protosynthesis|[silent]\n|switch|p1a: Girafarig|Girafarig, L89, F|269/269\n|move|p2a: Toedscruel|Rapid Spin|p1a: Girafarig\n|-damage|p1a: Girafarig|247/269\n|-boost|p2a: Toedscruel|spe|1\n|\n|upkeep\n|turn|11\n|\n|t:|1781410793\n|move|p2a: Toedscruel|Knock Off|p1a: Girafarig\n|-supereffective|p1a: Girafarig\n|-damage|p1a: Girafarig|147/269\n|-enditem|p1a: Girafarig|Eviolite|[from] move: Knock Off|[of] p2a: Toedscruel\n|move|p1a: Girafarig|Psyshock|p2a: Toedscruel\n|-damage|p2a: Toedscruel|2/281\n|\n|upkeep\n|turn|12\n|\n|t:|1781410796\n|move|p2a: Toedscruel|Earth Power|p1a: Girafarig\n|-damage|p1a: Girafarig|50/269\n|move|p1a: Girafarig|Psyshock|p2a: Toedscruel\n|-damage|p2a: Toedscruel|0 fnt\n|faint|p2a: Toedscruel\n|\n|upkeep\n|\n|t:|1781410799\n|switch|p2a: Drifblim|Drifblim, L86, F|205/396\n|turn|13\n|\n|t:|1781410804\n|move|p1a: Girafarig|Thunderbolt|p2a: Drifblim\n|-supereffective|p2a: Drifblim\n|-damage|p2a: Drifblim|11/396\n|move|p2a: Drifblim|Air Slash|p1a: Girafarig\n|-damage|p1a: Girafarig|0 fnt\n|faint|p1a: Girafarig\n|\n|upkeep\n|\n|t:|1781410807\n|switch|p1a: Cinccino|Cinccino, L83, F|260/260\n|turn|14\n|\n|t:|1781410810\n|move|p1a: Cinccino|Bullet Seed|p2a: Drifblim\n|-resisted|p2a: Drifblim\n|-damage|p2a: Drifblim|0 fnt\n|faint|p2a: Drifblim\n|-hitcount|p2: Drifblim|1\n|\n|upkeep\n|\n|t:|1781410817\n|switch|p2a: Baxcalibur|Baxcalibur, L75, F|295/295\n|turn|15\n|\n|t:|1781410827\n|move|p1a: Cinccino|Tail Slap|p2a: Baxcalibur\n|-crit|p2a: Baxcalibur\n|-damage|p2a: Baxcalibur|226/295\n|-damage|p2a: Baxcalibur|184/295\n|-damage|p2a: Baxcalibur|144/295\n|-damage|p2a: Baxcalibur|105/295\n|-damage|p2a: Baxcalibur|65/295\n|-hitcount|p2a: Baxcalibur|5\n|move|p2a: Baxcalibur|Scale Shot|p1a: Cinccino\n|-damage|p1a: Cinccino|218/260\n|-damage|p1a: Cinccino|175/260\n|-damage|p1a: Cinccino|138/260\n|-damage|p1a: Cinccino|98/260\n|-hitcount|p1a: Cinccino|4\n|-unboost|p2a: Baxcalibur|def|1\n|-boost|p2a: Baxcalibur|spe|1\n|\n|upkeep\n|turn|16\n|\n|t:|1781410835\n|move|p2a: Baxcalibur|Icicle Spear|p1a: Cinccino\n|-damage|p1a: Cinccino|56/260\n|-damage|p1a: Cinccino|14/260\n|-damage|p1a: Cinccino|0 fnt\n|faint|p1a: Cinccino\n|-hitcount|p1: Cinccino|3\n|\n|upkeep\n|\n|t:|1781410841\n|switch|p1a: Hitmonchan|Hitmonchan, L87, M|229/229\n|turn|17\n|\n|t:|1781410847\n|move|p2a: Baxcalibur|Icicle Spear|p1a: Hitmonchan\n|-crit|p1a: Hitmonchan\n|-damage|p1a: Hitmonchan|181/229\n|-damage|p1a: Hitmonchan|147/229\n|-damage|p1a: Hitmonchan|116/229\n|-damage|p1a: Hitmonchan|83/229\n|-hitcount|p1a: Hitmonchan|4\n|move|p1a: Hitmonchan|Drain Punch|p2a: Baxcalibur\n|-supereffective|p2a: Baxcalibur\n|-damage|p2a: Baxcalibur|0 fnt\n|-heal|p1a: Hitmonchan|116/229|[from] drain|[of] p2a: Baxcalibur\n|faint|p2a: Baxcalibur\n|-damage|p1a: Hitmonchan|94/229|[from] item: Life Orb\n|\n|upkeep\n|\n|t:|1781410848\n|switch|p2a: Cloyster|Cloyster, L80, F|211/211\n|turn|18\n|\n|t:|1781410855\n|move|p1a: Hitmonchan|Drain Punch|p2a: Cloyster\n|-supereffective|p2a: Cloyster\n|-damage|p2a: Cloyster|52/211\n|-heal|p1a: Hitmonchan|174/229|[from] drain|[of] p2a: Cloyster\n|-damage|p1a: Hitmonchan|152/229|[from] item: Life Orb\n|move|p2a: Cloyster|Shell Smash|p2a: Cloyster\n|-unboost|p2a: Cloyster|def|1\n|-unboost|p2a: Cloyster|spd|1\n|-boost|p2a: Cloyster|atk|2\n|-boost|p2a: Cloyster|spa|2\n|-boost|p2a: Cloyster|spe|2\n|-enditem|p2a: Cloyster|White Herb\n|-clearnegativeboost|p2a: Cloyster|[silent]\n|\n|upkeep\n|turn|19\n|\n|t:|1781410859\n|move|p2a: Cloyster|Icicle Spear|p1a: Hitmonchan\n|-damage|p1a: Hitmonchan|98/229\n|-damage|p1a: Hitmonchan|49/229\n|-damage|p1a: Hitmonchan|0 fnt\n|faint|p1a: Hitmonchan\n|-hitcount|p1: Hitmonchan|3\n|\n|upkeep\n|\n|t:|1781410863\n|switch|p1a: Gouging Fire|Gouging Fire, L74|277/277\n|turn|20\n|\n|t:|1781410869\n|-terastallize|p1a: Gouging Fire|Fairy\n|move|p2a: Cloyster|Rock Blast|p1a: Gouging Fire\n|-damage|p1a: Gouging Fire|249/277\n|-damage|p1a: Gouging Fire|220/277\n|-damage|p1a: Gouging Fire|190/277\n|-damage|p1a: Gouging Fire|161/277\n|-damage|p1a: Gouging Fire|132/277\n|-hitcount|p1a: Gouging Fire|5\n|move|p1a: Gouging Fire|Outrage|p2a: Cloyster\n|-crit|p2a: Cloyster\n|-damage|p2a: Cloyster|0 fnt\n|faint|p2a: Cloyster\n|\n|win|jonuz\n", "uploadtime": 1781410689, "views": 3, "formatid": "gen9randombattle", "rating": null, "private": 0, "password": null}