{"id": "gen9randombattle-2631973591", "format": "[Gen 9] Random Battle", "players": ["randomdude8876", "NEMOASUKA"], "log": "|j|\u2606randomdude8876\n|j|\u2606NEMOASUKA\n|t:|1781461582\n|gametype|singles\n|player|p1|randomdude8876|hiker-gen4|1943\n|player|p2|NEMOASUKA|lucas|1977\n|gen|9\n|tier|[Gen 9] Random Battle\n|rated|\n|rule|Species Clause: Limit one of each Pok\u00e9mon\n|rule|HP Percentage Mod: HP is shown in percentages\n|rule|Sleep Clause Mod: Limit one foe put to sleep\n|rule|Illusion Level Mod: Illusion disguises the Pok\u00e9mon's true level\n|\n|t:|1781461582\n|teamsize|p1|6\n|teamsize|p2|6\n|start\n|switch|p1a: Grimmsnarl|Grimmsnarl, L83, M|293/293\n|switch|p2a: Ceruledge|Ceruledge, L78, M|245/245\n|turn|1\n|inactive|Battle timer is ON: inactive players will automatically lose when time's up. (requested by randomdude8876)\n|\n|t:|1781461601\n|switch|p2a: Krookodile|Krookodile, L79, F|280/280\n|-ability|p2a: Krookodile|Intimidate|boost\n|-unboost|p1a: Grimmsnarl|atk|1\n|move|p1a: Grimmsnarl|Taunt|p2a: Krookodile\n|-hint|Since gen 7, Dark is immune to Prankster moves.\n|-immune|p2a: Krookodile\n|\n|upkeep\n|turn|2\n|\n|t:|1781461620\n|switch|p1a: Ditto|Ditto, L87|225/225\n|-transform|p1a: Ditto|p2a: Krookodile|[from] ability: Imposter\n|-ability|p1a: Ditto|Intimidate|boost\n|-unboost|p2a: Krookodile|atk|1\n|move|p2a: Krookodile|Bulk Up|p2a: Krookodile\n|-boost|p2a: Krookodile|atk|1\n|-boost|p2a: Krookodile|def|1\n|\n|upkeep\n|turn|3\n|\n|t:|1781461636\n|switch|p2a: Slither Wing|Slither Wing, L81|270/270\n|move|p1a: Ditto|Knock Off|p2a: Slither Wing\n|-resisted|p2a: Slither Wing\n|-damage|p2a: Slither Wing|205/270\n|-enditem|p2a: Slither Wing|Heavy-Duty Boots|[from] move: Knock Off|[of] p1a: Ditto\n|\n|upkeep\n|turn|4\n|\n|t:|1781461647\n|switch|p1a: Salamence|Salamence, L77, M|273/273\n|move|p2a: Slither Wing|Will-O-Wisp|p1a: Salamence\n|-status|p1a: Salamence|brn\n|\n|-damage|p1a: Salamence|256/273 brn|[from] brn\n|upkeep\n|turn|5\n|\n|t:|1781461663\n|-end|p2a: Slither Wing|Protosynthesis|[silent]\n|switch|p2a: Krookodile|Krookodile, L79, F|280/280\n|-ability|p2a: Krookodile|Intimidate|boost\n|-unboost|p1a: Salamence|atk|1\n|move|p1a: Salamence|Dragon Dance|p1a: Salamence\n|-boost|p1a: Salamence|atk|1\n|-boost|p1a: Salamence|spe|1\n|\n|-damage|p1a: Salamence|239/273 brn|[from] brn\n|upkeep\n|turn|6\n|\n|t:|1781461674\n|move|p1a: Salamence|Dual Wingbeat|p2a: Krookodile\n|-damage|p2a: Krookodile|256/280\n|-damage|p2a: Krookodile|231/280\n|-hitcount|p2a: Krookodile|2\n|move|p2a: Krookodile|Bulk Up|p2a: Krookodile\n|-boost|p2a: Krookodile|atk|1\n|-boost|p2a: Krookodile|def|1\n|\n|-heal|p2a: Krookodile|248/280|[from] item: Leftovers\n|-damage|p1a: Salamence|222/273 brn|[from] brn\n|upkeep\n|turn|7\n|\n|t:|1781461678\n|move|p1a: Salamence|Dual Wingbeat|p2a: Krookodile\n|-damage|p2a: Krookodile|231/280\n|-damage|p2a: Krookodile|212/280\n|-hitcount|p2a: Krookodile|2\n|move|p2a: Krookodile|Knock Off|p1a: Salamence\n|-damage|p1a: Salamence|33/273 brn\n|-enditem|p1a: Salamence|Heavy-Duty Boots|[from] move: Knock Off|[of] p2a: Krookodile\n|\n|-heal|p2a: Krookodile|229/280|[from] item: Leftovers\n|-damage|p1a: Salamence|16/273 brn|[from] brn\n|upkeep\n|turn|8\n|\n|t:|1781461691\n|move|p1a: Salamence|Dual Wingbeat|p2a: Krookodile\n|-damage|p2a: Krookodile|213/280\n|-damage|p2a: Krookodile|196/280\n|-hitcount|p2a: Krookodile|2\n|move|p2a: Krookodile|Knock Off|p1a: Salamence\n|-damage|p1a: Salamence|0 fnt\n|faint|p1a: Salamence\n|\n|-heal|p2a: Krookodile|213/280|[from] item: Leftovers\n|upkeep\n|\n|t:|1781461699\n|switch|p1a: Lumineon|Lumineon, L93, M|279/279\n|turn|9\n|\n|t:|1781461704\n|switch|p2a: Dewgong|Dewgong, L94, M|322/322\n|move|p1a: Lumineon|Hydro Pump|p2a: Dewgong\n|-resisted|p2a: Dewgong\n|-damage|p2a: Dewgong|283/322\n|-damage|p1a: Lumineon|252/279|[from] item: Life Orb\n|\n|upkeep\n|turn|10\n|\n|t:|1781461722\n|switch|p1a: Grimmsnarl|Grimmsnarl, L83, M|293/293\n|move|p2a: Dewgong|Flip Turn|p1a: Grimmsnarl\n|-crit|p1a: Grimmsnarl\n|-damage|p1a: Grimmsnarl|181/293\n|\n|t:|1781461736\n|switch|p2a: Krookodile|Krookodile, L79, F|213/280|[from] Flip Turn\n|-ability|p2a: Krookodile|Intimidate|boost\n|-unboost|p1a: Grimmsnarl|atk|1\n|\n|-heal|p2a: Krookodile|230/280|[from] item: Leftovers\n|-heal|p1a: Grimmsnarl|199/293|[from] item: Leftovers\n|upkeep\n|turn|11\n|\n|t:|1781461751\n|move|p2a: Krookodile|Knock Off|p1a: Grimmsnarl\n|-resisted|p1a: Grimmsnarl\n|-damage|p1a: Grimmsnarl|165/293\n|-enditem|p1a: Grimmsnarl|Leftovers|[from] move: Knock Off|[of] p2a: Krookodile\n|move|p1a: Grimmsnarl|Spirit Break|p2a: Krookodile\n|-supereffective|p2a: Krookodile\n|-damage|p2a: Krookodile|78/280\n|-unboost|p2a: Krookodile|spa|1\n|\n|-heal|p2a: Krookodile|95/280|[from] item: Leftovers\n|upkeep\n|turn|12\n|\n|t:|1781461767\n|switch|p1a: Lumineon|Lumineon, L93, M|252/279\n|move|p2a: Krookodile|Gunk Shot|p1a: Lumineon\n|-damage|p1a: Lumineon|162/279\n|-status|p1a: Lumineon|psn\n|\n|-heal|p2a: Krookodile|112/280|[from] item: Leftovers\n|-damage|p1a: Lumineon|128/279 psn|[from] psn\n|upkeep\n|turn|13\n|\n|t:|1781461775\n|switch|p2a: Dewgong|Dewgong, L94, M|283/322\n|move|p1a: Lumineon|Alluring Voice|p2a: Dewgong\n|-damage|p2a: Dewgong|244/322\n|-damage|p1a: Lumineon|101/279 psn|[from] item: Life Orb\n|\n|-damage|p1a: Lumineon|67/279 psn|[from] psn\n|upkeep\n|turn|14\n|\n|t:|1781461781\n|move|p1a: Lumineon|Alluring Voice|p2a: Dewgong\n|-damage|p2a: Dewgong|205/322\n|-damage|p1a: Lumineon|40/279 psn|[from] item: Life Orb\n|move|p2a: Dewgong|Flip Turn|p1a: Lumineon\n|-ability|p1a: Lumineon|Storm Drain|boost\n|-boost|p1a: Lumineon|spa|1\n|\n|-damage|p1a: Lumineon|6/279 psn|[from] psn\n|upkeep\n|turn|15\n|\n|t:|1781461795\n|move|p1a: Lumineon|Hydro Pump|p2a: Dewgong\n|-resisted|p2a: Dewgong\n|-damage|p2a: Dewgong|143/322\n|-damage|p1a: Lumineon|0 fnt|[from] item: Life Orb\n|faint|p1a: Lumineon\n|move|p2a: Dewgong|Knock Off|p1: Lumineon|[notarget]\n|-fail|p2a: Dewgong\n|\n|upkeep\n|\n|t:|1781461803\n|switch|p1a: Grimmsnarl|Grimmsnarl, L83, M|165/293\n|turn|16\n|\n|t:|1781461809\n|move|p2a: Dewgong|Flip Turn|p1a: Grimmsnarl\n|-damage|p1a: Grimmsnarl|83/293\n|\n|t:|1781461824\n|switch|p2a: Uxie|Uxie, L83|260/260|[from] Flip Turn\n|move|p1a: Grimmsnarl|Spirit Break|p2a: Uxie\n|-damage|p2a: Uxie|187/260\n|-unboost|p2a: Uxie|spa|1\n|\n|-heal|p2a: Uxie|203/260|[from] item: Leftovers\n|upkeep\n|turn|17\n|\n|t:|1781461829\n|move|p1a: Grimmsnarl|Parting Shot|p2a: Uxie\n|-unboost|p2a: Uxie|atk|1\n|-unboost|p2a: Uxie|spa|1\n|\n|t:|1781461832\n|switch|p1a: Groudon|Groudon, L72|263/263|[from] Parting Shot\n|-weather|SunnyDay|[from] ability: Drought|[of] p1a: Groudon\n|move|p2a: Uxie|Stealth Rock|p1a: Groudon\n|-sidestart|p1: randomdude8876|move: Stealth Rock\n|\n|-weather|SunnyDay|[upkeep]\n|-heal|p2a: Uxie|219/260|[from] item: Leftovers\n|upkeep\n|turn|18\n|\n|t:|1781461839\n|move|p2a: Uxie|Yawn|p1a: Groudon\n|-start|p1a: Groudon|move: Yawn|[of] p2a: Uxie\n|move|p1a: Groudon|Stealth Rock|p2a: Uxie\n|-sidestart|p2: NEMOASUKA|move: Stealth Rock\n|\n|-weather|SunnyDay|[upkeep]\n|-heal|p2a: Uxie|235/260|[from] item: Leftovers\n|upkeep\n|turn|19\n|\n|t:|1781461848\n|move|p2a: Uxie|U-turn|p1a: Groudon\n|-damage|p1a: Groudon|242/263\n|\n|t:|1781461864\n|switch|p2a: Ceruledge|Ceruledge, L78, M|245/245|[from] U-turn\n|move|p1a: Groudon|Spikes|p2a: Ceruledge\n|-sidestart|p2: NEMOASUKA|Spikes\n|\n|-weather|SunnyDay|[upkeep]\n|-heal|p1a: Groudon|258/263|[from] item: Leftovers\n|-end|p1a: Groudon|move: Yawn|[silent]\n|-status|p1a: Groudon|slp\n|upkeep\n|turn|20\n|\n|t:|1781461872\n|move|p2a: Ceruledge|Bitter Blade|p1a: Groudon\n|-damage|p1a: Groudon|126/263 slp\n|cant|p1a: Groudon|slp\n|\n|-weather|SunnyDay|[upkeep]\n|-heal|p1a: Groudon|142/263 slp|[from] item: Leftovers\n|upkeep\n|turn|21\n|\n|t:|1781461879\n|-terastallize|p1a: Groudon|Fire\n|move|p2a: Ceruledge|Bitter Blade|p1a: Groudon\n|-resisted|p1a: Groudon\n|-damage|p1a: Groudon|85/263 slp\n|cant|p1a: Groudon|slp\n|\n|-weather|none\n|-heal|p1a: Groudon|101/263 slp|[from] item: Leftovers\n|upkeep\n|turn|22\n|\n|t:|1781461885\n|move|p2a: Ceruledge|Poltergeist|p1a: Groudon\n|-activate|p1a: Groudon|move: Poltergeist|Leftovers\n|-damage|p1a: Groudon|0 fnt\n|faint|p1a: Groudon\n|\n|upkeep\n|\n|t:|1781461890\n|switch|p1a: Ditto|Ditto, L87|225/225\n|-damage|p1a: Ditto|197/225|[from] Stealth Rock\n|-transform|p1a: Ditto|p2a: Ceruledge|[from] ability: Imposter\n|turn|23\n|\n|t:|1781461901\n|switch|p2a: Dewgong|Dewgong, L94, M|143/322\n|-damage|p2a: Dewgong|63/322|[from] Stealth Rock\n|-damage|p2a: Dewgong|23/322|[from] Spikes\n|move|p1a: Ditto|Poltergeist|p2a: Dewgong\n|-activate|p2a: Dewgong|move: Poltergeist|Assault Vest\n|-damage|p2a: Dewgong|0 fnt\n|faint|p2a: Dewgong\n|\n|upkeep\n|inactive|NEMOASUKA has 120 seconds left.\n|\n|t:|1781461931\n|switch|p2a: Krookodile|Krookodile, L79, F|112/280\n|-damage|p2a: Krookodile|95/280|[from] Stealth Rock\n|-damage|p2a: Krookodile|60/280|[from] Spikes\n|-ability|p2a: Krookodile|Intimidate|boost\n|-unboost|p1a: Ditto|atk|1\n|turn|24\n|\n|t:|1781461937\n|move|p1a: Ditto|Poltergeist|p2a: Krookodile\n|-activate|p2a: Krookodile|move: Poltergeist|Leftovers\n|-resisted|p2a: Krookodile\n|-damage|p2a: Krookodile|12/280\n|move|p2a: Krookodile|Earthquake|p1a: Ditto\n|-supereffective|p1a: Ditto\n|-damage|p1a: Ditto|0 fnt\n|faint|p1a: Ditto\n|\n|-heal|p2a: Krookodile|29/280|[from] item: Leftovers\n|upkeep\n|\n|t:|1781461950\n|switch|p1a: Grimmsnarl|Grimmsnarl, L83, M|83/293\n|-damage|p1a: Grimmsnarl|47/293|[from] Stealth Rock\n|turn|25\n|\n|t:|1781461953\n|move|p1a: Grimmsnarl|Sucker Punch|p2a: Krookodile\n|-resisted|p2a: Krookodile\n|-damage|p2a: Krookodile|0 fnt\n|faint|p2a: Krookodile\n|\n|upkeep\n|\n|t:|1781461961\n|switch|p2a: Bisharp|Bisharp, L79, M|232/232\n|-damage|p2a: Bisharp|218/232|[from] Stealth Rock\n|-damage|p2a: Bisharp|189/232|[from] Spikes\n|turn|26\n|-message|randomdude8876 forfeited.\n|\n|win|NEMOASUKA\n", "uploadtime": 1781461584, "views": 3, "formatid": "gen9randombattle", "rating": null, "private": 0, "password": null}