{"id": "gen9randombattle-2631955991", "format": "[Gen 9] Random Battle", "players": ["magicaldc", "Wigglystuff"], "log": "|j|\u2606magicaldc\n|j|\u2606Wigglystuff\n|t:|1781459676\n|gametype|singles\n|player|p1|magicaldc|102|1952\n|player|p2|Wigglystuff|265|2097\n|gen|9\n|tier|[Gen 9] Random Battle\n|rated|\n|rule|Species Clause: Limit one of each Pok\u00e9mon\n|rule|HP Percentage Mod: HP is shown in percentages\n|rule|Sleep Clause Mod: Limit one foe put to sleep\n|rule|Illusion Level Mod: Illusion disguises the Pok\u00e9mon's true level\n|\n|t:|1781459676\n|teamsize|p1|6\n|teamsize|p2|6\n|start\n|switch|p1a: Avalugg|Avalugg, L88, F|310/310\n|switch|p2a: Moltres|Moltres, L81|278/278\n|turn|1\n|\n|t:|1781459684\n|switch|p1a: Toxapex|Toxapex, L82, M|216/216\n|move|p2a: Moltres|Fire Blast|p1a: Toxapex\n|-resisted|p1a: Toxapex\n|-damage|p1a: Toxapex|174/216\n|\n|upkeep\n|turn|2\n|\n|t:|1781459699\n|move|p2a: Moltres|Scorching Sands|p1a: Toxapex\n|-supereffective|p1a: Toxapex\n|-damage|p1a: Toxapex|96/216\n|move|p1a: Toxapex|Toxic|p2a: Moltres\n|-status|p2a: Moltres|tox\n|\n|-damage|p2a: Moltres|261/278 tox|[from] psn\n|upkeep\n|turn|3\n|\n|t:|1781459709\n|move|p2a: Moltres|Scorching Sands|p1a: Toxapex\n|-supereffective|p1a: Toxapex\n|-damage|p1a: Toxapex|20/216\n|move|p1a: Toxapex|Recover|p1a: Toxapex\n|-heal|p1a: Toxapex|128/216\n|\n|-damage|p2a: Moltres|227/278 tox|[from] psn\n|upkeep\n|turn|4\n|\n|t:|1781459715\n|move|p2a: Moltres|Scorching Sands|p1a: Toxapex\n|-supereffective|p1a: Toxapex\n|-damage|p1a: Toxapex|54/216\n|move|p1a: Toxapex|Recover|p1a: Toxapex\n|-heal|p1a: Toxapex|162/216\n|\n|-damage|p2a: Moltres|176/278 tox|[from] psn\n|upkeep\n|turn|5\n|\n|t:|1781459720\n|move|p2a: Moltres|Scorching Sands|p1a: Toxapex\n|-supereffective|p1a: Toxapex\n|-damage|p1a: Toxapex|82/216\n|-status|p1a: Toxapex|brn\n|move|p1a: Toxapex|Liquidation|p2a: Moltres\n|-supereffective|p2a: Moltres\n|-damage|p2a: Moltres|115/278 tox\n|\n|-damage|p2a: Moltres|47/278 tox|[from] psn\n|-damage|p1a: Toxapex|69/216 brn|[from] brn\n|upkeep\n|turn|6\n|\n|t:|1781459730\n|switch|p1a: Toucannon|Toucannon, L88, M|284/284\n|move|p2a: Moltres|Scorching Sands|p1a: Toucannon\n|-immune|p1a: Toucannon\n|\n|-damage|p2a: Moltres|0 fnt|[from] psn\n|faint|p2a: Moltres\n|upkeep\n|\n|t:|1781459752\n|switch|p2a: Sceptile|Sceptile, L87, M|264/264\n|turn|7\n|\n|t:|1781459759\n|-terastallize|p2a: Sceptile|Steel\n|move|p2a: Sceptile|Leech Seed|p1a: Toucannon\n|-start|p1a: Toucannon|move: Leech Seed\n|move|p1a: Toucannon|U-turn|p2a: Sceptile\n|-resisted|p2a: Sceptile\n|-damage|p2a: Sceptile|227/264\n|\n|t:|1781459765\n|switch|p1a: Torkoal|Torkoal, L88, M|266/266|[from] U-turn\n|-weather|SunnyDay|[from] ability: Drought|[of] p1a: Torkoal\n|\n|-weather|SunnyDay|[upkeep]\n|-heal|p2a: Sceptile|243/264|[from] item: Leftovers\n|upkeep\n|turn|8\n|\n|t:|1781459780\n|move|p2a: Sceptile|Substitute|p2a: Sceptile\n|-start|p2a: Sceptile|Substitute\n|-damage|p2a: Sceptile|177/264\n|move|p1a: Torkoal|Lava Plume|p2a: Sceptile\n|-supereffective|p2a: Sceptile\n|-end|p2a: Sceptile|Substitute\n|\n|-weather|SunnyDay|[upkeep]\n|-heal|p2a: Sceptile|193/264|[from] item: Leftovers\n|upkeep\n|turn|9\n|\n|t:|1781459796\n|switch|p2a: Rayquaza|Rayquaza, L72|270/270\n|-ability|p2a: Rayquaza|Air Lock\n|move|p1a: Torkoal|Lava Plume|p2a: Rayquaza\n|-resisted|p2a: Rayquaza\n|-damage|p2a: Rayquaza|220/270\n|-status|p2a: Rayquaza|brn\n|\n|-weather|SunnyDay|[upkeep]\n|-damage|p2a: Rayquaza|204/270 brn|[from] brn\n|upkeep\n|turn|10\n|-message|Wigglystuff forfeited.\n|\n|win|magicaldc\n", "inputlog": ">version a8376a258c1d4662feba110a92103f3664a72141\n>start {\"formatid\":\"gen9randombattle\",\"seed\":\"sodium,030440cce0673a1942007f15b6e904bc\",\"rated\":\"Rated battle\"}\n>player p1 {\"name\":\"magicaldc\",\"avatar\":\"102\",\"rating\":1952,\"seed\":\"sodium,7e5af36762b317f625501e3faf2a8dbd\"}\n>player p2 {\"name\":\"Wigglystuff\",\"avatar\":\"265\",\"rating\":2097,\"seed\":\"sodium,da663131cc17f484e46ddde8c659b9e0\"}\n>p1 switch 2\n>p2 move fireblast\n>p1 move toxic\n>p2 move scorchingsands\n>p1 move recover\n>p2 move scorchingsands\n>p1 move recover\n>p2 move scorchingsands\n>p1 move liquidation\n>p2 move scorchingsands\n>p1 switch 6\n>p2 move scorchingsands\n>p2 switch 6\n>p1 move uturn\n>p2 move leechseed terastallize\n>p1 switch 4\n>p1 move lavaplume\n>p2 move substitute\n>p1 move lavaplume\n>p2 switch 2\n>forcelose p2", "uploadtime": 1781459679, "views": 4, "formatid": "gen9randombattle", "rating": null, "private": 0, "password": null}