{"id": "gen9randombattle-2631871458", "format": "[Gen 9] Random Battle", "players": ["kyroshero", "telluri"], "log": "|j|\u2606kyroshero\n|j|\u2606telluri\n|t:|1781450408\n|gametype|singles\n|player|p1|kyroshero|drayden|1342\n|player|p2|telluri|102|1359\n|gen|9\n|tier|[Gen 9] Random Battle\n|rated|\n|rule|Species Clause: Limit one of each Pok\u00e9mon\n|rule|HP Percentage Mod: HP is shown in percentages\n|rule|Sleep Clause Mod: Limit one foe put to sleep\n|rule|Illusion Level Mod: Illusion disguises the Pok\u00e9mon's true level\n|\n|t:|1781450408\n|teamsize|p1|6\n|teamsize|p2|6\n|start\n|switch|p1a: Mabosstiff|Mabosstiff, L86, F|278/278\n|switch|p2a: Gardevoir|Gardevoir, L83, F|249/249\n|-ability|p2a: Gardevoir|Stakeout|Trace|[from] ability: Trace|[of] p1a: Mabosstiff\n|turn|1\n|inactive|Battle timer is ON: inactive players will automatically lose when time's up. (requested by kyroshero)\n|\n|t:|1781450418\n|switch|p1a: Magcargo|Magcargo, L95, M|268/268\n|move|p2a: Gardevoir|Moonblast|p1a: Magcargo\n|-resisted|p1a: Magcargo\n|-damage|p1a: Magcargo|147/268\n|\n|upkeep\n|turn|2\n|\n|t:|1781450427\n|switch|p2a: Toxapex|Toxapex, L82, F|216/216\n|move|p1a: Magcargo|Stealth Rock|p2a: Toxapex\n|-sidestart|p2: telluri|move: Stealth Rock\n|\n|upkeep\n|turn|3\n|\n|t:|1781450437\n|move|p1a: Magcargo|Lava Plume|p2a: Toxapex\n|-resisted|p2a: Toxapex\n|-damage|p2a: Toxapex|180/216\n|move|p2a: Toxapex|Toxic|p1a: Magcargo\n|-status|p1a: Magcargo|tox\n|\n|-damage|p1a: Magcargo|131/268 tox|[from] psn\n|upkeep\n|turn|4\n|\n|t:|1781450443\n|move|p1a: Magcargo|Lava Plume|p2a: Toxapex\n|-resisted|p2a: Toxapex\n|-damage|p2a: Toxapex|143/216\n|move|p2a: Toxapex|Liquidation|p1a: Magcargo\n|-supereffective|p1a: Magcargo\n|-damage|p1a: Magcargo|0 fnt\n|faint|p1a: Magcargo\n|\n|upkeep\n|\n|t:|1781450446\n|switch|p1a: Espathra|Espathra, L80, M|283/283\n|turn|5\n|\n|t:|1781450452\n|move|p1a: Espathra|Calm Mind|p1a: Espathra\n|-boost|p1a: Espathra|spa|1\n|-boost|p1a: Espathra|spd|1\n|move|p2a: Toxapex|Toxic|p1a: Espathra\n|-status|p1a: Espathra|tox\n|\n|-damage|p1a: Espathra|266/283 tox|[from] psn\n|-ability|p1a: Espathra|Speed Boost|boost\n|-boost|p1a: Espathra|spe|1\n|upkeep\n|turn|6\n|\n|t:|1781450457\n|move|p1a: Espathra|Calm Mind|p1a: Espathra\n|-boost|p1a: Espathra|spa|1\n|-boost|p1a: Espathra|spd|1\n|move|p2a: Toxapex|Haze|p2a: Toxapex\n|-clearallboost\n|\n|-heal|p1a: Espathra|283/283 tox|[from] item: Leftovers\n|-damage|p1a: Espathra|249/283 tox|[from] psn\n|-ability|p1a: Espathra|Speed Boost|boost\n|-boost|p1a: Espathra|spe|1\n|upkeep\n|turn|7\n|\n|t:|1781450464\n|move|p1a: Espathra|Calm Mind|p1a: Espathra\n|-boost|p1a: Espathra|spa|1\n|-boost|p1a: Espathra|spd|1\n|move|p2a: Toxapex|Haze|p2a: Toxapex\n|-clearallboost\n|\n|-heal|p1a: Espathra|266/283 tox|[from] item: Leftovers\n|-damage|p1a: Espathra|215/283 tox|[from] psn\n|-ability|p1a: Espathra|Speed Boost|boost\n|-boost|p1a: Espathra|spe|1\n|upkeep\n|turn|8\n|\n|t:|1781450467\n|move|p1a: Espathra|Stored Power|p2a: Toxapex\n|-supereffective|p2a: Toxapex\n|-damage|p2a: Toxapex|83/216\n|move|p2a: Toxapex|Haze|p2a: Toxapex\n|-clearallboost\n|\n|-heal|p1a: Espathra|232/283 tox|[from] item: Leftovers\n|-damage|p1a: Espathra|164/283 tox|[from] psn\n|-ability|p1a: Espathra|Speed Boost|boost\n|-boost|p1a: Espathra|spe|1\n|upkeep\n|turn|9\n|\n|t:|1781450471\n|move|p1a: Espathra|Stored Power|p2a: Toxapex\n|-supereffective|p2a: Toxapex\n|-crit|p2a: Toxapex\n|-damage|p2a: Toxapex|0 fnt\n|faint|p2a: Toxapex\n|\n|-heal|p1a: Espathra|181/283 tox|[from] item: Leftovers\n|-damage|p1a: Espathra|96/283 tox|[from] psn\n|-ability|p1a: Espathra|Speed Boost|boost\n|-boost|p1a: Espathra|spe|1\n|upkeep\n|\n|t:|1781450475\n|switch|p2a: Iron Jugulis|Iron Jugulis, L77|271/271\n|-damage|p2a: Iron Jugulis|204/271|[from] Stealth Rock\n|turn|10\n|\n|t:|1781450478\n|move|p1a: Espathra|Dazzling Gleam|p2a: Iron Jugulis\n|-supereffective|p2a: Iron Jugulis\n|-damage|p2a: Iron Jugulis|86/271\n|move|p2a: Iron Jugulis|Dark Pulse|p1a: Espathra\n|-supereffective|p1a: Espathra\n|-damage|p1a: Espathra|0 fnt\n|faint|p1a: Espathra\n|\n|upkeep\n|\n|t:|1781450483\n|switch|p1a: Froslass|Froslass, L87, F|263/263\n|turn|11\n|\n|t:|1781450487\n|move|p1a: Froslass|Triple Axel|p2a: Iron Jugulis\n|-supereffective|p2a: Iron Jugulis\n|-damage|p2a: Iron Jugulis|38/271\n|-supereffective|p2a: Iron Jugulis\n|-damage|p2a: Iron Jugulis|0 fnt\n|faint|p2a: Iron Jugulis\n|-end|p2a: Iron Jugulis|Quark Drive|[silent]\n|-hitcount|p2: Iron Jugulis|2\n|\n|upkeep\n|\n|t:|1781450494\n|switch|p2a: Spidops|Spidops, L96, F|271/271\n|turn|12\n|\n|t:|1781450497\n|move|p1a: Froslass|Taunt|p2a: Spidops\n|-start|p2a: Spidops|move: Taunt\n|cant|p2a: Spidops|move: Taunt|Sticky Web\n|\n|upkeep\n|turn|13\n|\n|t:|1781450506\n|move|p1a: Froslass|Poltergeist|p2a: Spidops\n|-activate|p2a: Spidops|move: Poltergeist|Heavy-Duty Boots\n|-crit|p2a: Spidops\n|-damage|p2a: Spidops|129/271\n|move|p2a: Spidops|Knock Off|p1a: Froslass\n|-supereffective|p1a: Froslass\n|-damage|p1a: Froslass|89/263\n|-start|p2a: Spidops|Disable|Knock Off|[from] ability: Cursed Body|[of] p1a: Froslass\n|-enditem|p1a: Froslass|Wide Lens|[from] move: Knock Off|[of] p2a: Spidops\n|\n|upkeep\n|turn|14\n|\n|t:|1781450515\n|move|p1a: Froslass|Poltergeist|p2a: Spidops\n|-activate|p2a: Spidops|move: Poltergeist|Heavy-Duty Boots\n|-damage|p2a: Spidops|32/271\n|move|p2a: Spidops|U-turn|p1a: Froslass\n|-resisted|p1a: Froslass\n|-damage|p1a: Froslass|41/263\n|\n|t:|1781450519\n|switch|p2a: Tatsugiri|Tatsugiri, L87, F|260/260|[from] U-turn\n|\n|upkeep\n|turn|15\n|\n|t:|1781450529\n|move|p1a: Froslass|Poltergeist|p2a: Tatsugiri\n|-activate|p2a: Tatsugiri|move: Poltergeist|Heavy-Duty Boots\n|-damage|p2a: Tatsugiri|118/260\n|move|p2a: Tatsugiri|Draco Meteor|p1a: Froslass|[miss]\n|-miss|p2a: Tatsugiri|p1a: Froslass\n|\n|upkeep\n|turn|16\n|\n|t:|1781450535\n|move|p1a: Froslass|Poltergeist|p2a: Tatsugiri|[miss]\n|-miss|p1a: Froslass|p2a: Tatsugiri\n|move|p2a: Tatsugiri|Hydro Pump|p1a: Froslass\n|-damage|p1a: Froslass|0 fnt\n|faint|p1a: Froslass\n|\n|upkeep\n|\n|t:|1781450538\n|switch|p1a: Lilligant|Lilligant, L86, F|261/261\n|turn|17\n|l|\u2606telluri\n|inactive|telluri disconnected and has a minute to reconnect!\n|player|p2|\n|inactive|telluri has 30 seconds to reconnect!\n|inactive|telluri has 20 seconds to reconnect!\n|inactive|telluri has 15 seconds to reconnect!\n|inactive|telluri has 10 seconds to reconnect!\n|inactive|telluri has 5 seconds to reconnect!\n|-message|telluri lost due to inactivity.\n|\n|win|kyroshero\n|raw|kyroshero's rating: 1342 &rarr; <strong>1363</strong><br />(+21 for winning)\n|raw|telluri's rating: 1359 &rarr; <strong>1338</strong><br />(-21 for losing)\n", "uploadtime": 1781450615, "views": 3, "formatid": "gen9randombattle", "rating": 1338, "private": 0, "password": null}