{"id": "gen9randombattle-2631515575", "format": "[Gen 9] Random Battle", "players": ["diomaiale33", "gbrbbhhnnrhbrgbg"], "log": "|j|\u2606diomaiale33\n|j|\u2606gbrbbhhnnrhbrgbg\n|t:|1781395154\n|gametype|singles\n|player|p1|diomaiale33|265|1000\n|player|p2|gbrbbhhnnrhbrgbg|266|1000\n|gen|9\n|tier|[Gen 9] Random Battle\n|rated|\n|rule|Species Clause: Limit one of each Pok\u00e9mon\n|rule|HP Percentage Mod: HP is shown in percentages\n|rule|Sleep Clause Mod: Limit one foe put to sleep\n|rule|Illusion Level Mod: Illusion disguises the Pok\u00e9mon's true level\n|\n|t:|1781395154\n|teamsize|p1|6\n|teamsize|p2|6\n|start\n|switch|p1a: Drednaw|Drednaw, L81, F|278/278\n|switch|p2a: Granbull|Granbull, L88, M|302/302\n|-ability|p2a: Granbull|Intimidate|boost\n|-unboost|p1a: Drednaw|atk|1\n|-enditem|p1a: Drednaw|White Herb\n|-clearnegativeboost|p1a: Drednaw|[silent]\n|turn|1\n|\n|t:|1781395172\n|-terastallize|p1a: Drednaw|Dark\n|move|p1a: Drednaw|Liquidation|p2a: Granbull\n|-damage|p2a: Granbull|203/302\n|move|p2a: Granbull|Encore|p1a: Drednaw\n|-start|p1a: Drednaw|Encore\n|\n|-heal|p2a: Granbull|221/302|[from] item: Leftovers\n|upkeep\n|turn|2\n|\n|t:|1781395181\n|move|p1a: Drednaw|Liquidation|p2a: Granbull\n|-damage|p2a: Granbull|113/302\n|move|p2a: Granbull|Thunder Wave|p1a: Drednaw\n|-status|p1a: Drednaw|par\n|\n|-heal|p2a: Granbull|131/302|[from] item: Leftovers\n|upkeep\n|turn|3\n|\n|t:|1781395188\n|move|p2a: Granbull|Play Rough|p1a: Drednaw\n|-supereffective|p1a: Drednaw\n|-damage|p1a: Drednaw|8/278 par\n|move|p1a: Drednaw|Liquidation|p2a: Granbull\n|-damage|p2a: Granbull|20/302\n|\n|-heal|p2a: Granbull|38/302|[from] item: Leftovers\n|upkeep\n|turn|4\n|\n|t:|1781395197\n|move|p2a: Granbull|Earthquake|p1a: Drednaw\n|-damage|p1a: Drednaw|0 fnt\n|faint|p1a: Drednaw\n|\n|-heal|p2a: Granbull|56/302|[from] item: Leftovers\n|upkeep\n|\n|t:|1781395205\n|switch|p1a: Volbeat|Volbeat, L90, M|263/263\n|turn|5\n|\n|t:|1781395212\n|switch|p2a: Donphan|Donphan, L84, M|288/288\n|move|p1a: Volbeat|Lunge|p2a: Donphan\n|-damage|p2a: Donphan|219/288\n|-unboost|p2a: Donphan|atk|1\n|\n|-heal|p2a: Donphan|237/288|[from] item: Leftovers\n|upkeep\n|turn|6\n|\n|t:|1781395222\n|move|p1a: Volbeat|Thunder Wave|p2a: Donphan\n|-immune|p2a: Donphan\n|move|p2a: Donphan|Stealth Rock|p1a: Volbeat\n|-sidestart|p1: diomaiale33|move: Stealth Rock\n|\n|-heal|p2a: Donphan|255/288|[from] item: Leftovers\n|upkeep\n|turn|7\n|\n|t:|1781395231\n|switch|p2a: Granbull|Granbull, L88, M|56/302\n|-ability|p2a: Granbull|Intimidate|boost\n|-unboost|p1a: Volbeat|atk|1\n|move|p1a: Volbeat|Encore||[still]\n|-fail|p1a: Volbeat\n|\n|-heal|p2a: Granbull|74/302|[from] item: Leftovers\n|upkeep\n|turn|8\n|\n|t:|1781395239\n|move|p1a: Volbeat|Thunder Wave|p2a: Granbull\n|-status|p2a: Granbull|par\n|cant|p2a: Granbull|par\n|\n|-heal|p2a: Granbull|92/302 par|[from] item: Leftovers\n|upkeep\n|turn|9\n|\n|t:|1781395245\n|move|p1a: Volbeat|Lunge|p2a: Granbull\n|-resisted|p2a: Granbull\n|-damage|p2a: Granbull|62/302 par\n|-unboost|p2a: Granbull|atk|1\n|move|p2a: Granbull|Thunder Wave|p1a: Volbeat|[miss]\n|-miss|p2a: Granbull|p1a: Volbeat\n|\n|-heal|p2a: Granbull|80/302 par|[from] item: Leftovers\n|upkeep\n|turn|10\n|\n|t:|1781395260\n|move|p1a: Volbeat|Lunge|p2a: Granbull\n|-resisted|p2a: Granbull\n|-damage|p2a: Granbull|52/302 par\n|-unboost|p2a: Granbull|atk|1\n|move|p2a: Granbull|Thunder Wave|p1a: Volbeat\n|-status|p1a: Volbeat|par\n|\n|-heal|p2a: Granbull|70/302 par|[from] item: Leftovers\n|upkeep\n|turn|11\n|\n|t:|1781395272\n|move|p1a: Volbeat|Lunge|p2a: Granbull\n|-resisted|p2a: Granbull\n|-damage|p2a: Granbull|40/302 par\n|-unboost|p2a: Granbull|atk|1\n|cant|p2a: Granbull|par\n|\n|-heal|p2a: Granbull|58/302 par|[from] item: Leftovers\n|upkeep\n|turn|12\n|\n|t:|1781395282\n|move|p1a: Volbeat|Roost||[still]\n|-fail|p1a: Volbeat|heal\n|move|p2a: Granbull|Play Rough|p1a: Volbeat\n|-damage|p1a: Volbeat|211/263 par\n|\n|-heal|p2a: Granbull|76/302 par|[from] item: Leftovers\n|upkeep\n|turn|13\n|\n|t:|1781395289\n|move|p1a: Volbeat|Lunge|p2a: Granbull\n|-resisted|p2a: Granbull\n|-damage|p2a: Granbull|46/302 par\n|-unboost|p2a: Granbull|atk|1\n|cant|p2a: Granbull|par\n|\n|-heal|p2a: Granbull|64/302 par|[from] item: Leftovers\n|upkeep\n|turn|14\n|\n|t:|1781395296\n|move|p1a: Volbeat|Lunge|p2a: Granbull\n|-resisted|p2a: Granbull\n|-damage|p2a: Granbull|34/302 par\n|-unboost|p2a: Granbull|atk|1\n|move|p2a: Granbull|Play Rough|p1a: Volbeat\n|-damage|p1a: Volbeat|174/263 par\n|\n|-heal|p2a: Granbull|52/302 par|[from] item: Leftovers\n|upkeep\n|turn|15\n|\n|t:|1781395305\n|move|p1a: Volbeat|Lunge|p2a: Granbull\n|-resisted|p2a: Granbull\n|-damage|p2a: Granbull|22/302 par\n|-unboost|p2a: Granbull|atk|1\n|move|p2a: Granbull|Encore|p1a: Volbeat\n|-start|p1a: Volbeat|Encore\n|\n|-heal|p2a: Granbull|40/302 par|[from] item: Leftovers\n|upkeep\n|turn|16\n|\n|t:|1781395313\n|move|p1a: Volbeat|Lunge|p2a: Granbull\n|-resisted|p2a: Granbull\n|-damage|p2a: Granbull|11/302 par\n|move|p2a: Granbull|Play Rough|p1a: Volbeat|[miss]\n|-miss|p2a: Granbull|p1a: Volbeat\n|\n|-heal|p2a: Granbull|29/302 par|[from] item: Leftovers\n|upkeep\n|turn|17\n|\n|t:|1781395320\n|move|p1a: Volbeat|Lunge|p2a: Granbull\n|-resisted|p2a: Granbull\n|-damage|p2a: Granbull|0 fnt\n|faint|p2a: Granbull\n|\n|upkeep\n|\n|t:|1781395324\n|switch|p2a: Roaring Moon|Roaring Moon, L72|270/270\n|-enditem|p2a: Roaring Moon|Booster Energy\n|-activate|p2a: Roaring Moon|ability: Protosynthesis|[fromitem]\n|-start|p2a: Roaring Moon|protosynthesisatk\n|turn|18\n|\n|t:|1781395332\n|move|p2a: Roaring Moon|Acrobatics|p1a: Volbeat\n|-supereffective|p1a: Volbeat\n|-damage|p1a: Volbeat|0 fnt\n|faint|p1a: Volbeat\n|\n|upkeep\n|\n|t:|1781395339\n|switch|p1a: Goodra|Goodra, L85, F|292/292\n|-damage|p1a: Goodra|256/292|[from] Stealth Rock\n|turn|19\n|\n|t:|1781395346\n|move|p2a: Roaring Moon|Outrage|p1a: Goodra\n|-supereffective|p1a: Goodra\n|-damage|p1a: Goodra|0 fnt\n|faint|p1a: Goodra\n|\n|upkeep\n|\n|t:|1781395352\n|switch|p1a: Gholdengo|Gholdengo, L77|261/261\n|-damage|p1a: Gholdengo|245/261|[from] Stealth Rock\n|turn|20\n|\n|t:|1781395357\n|move|p2a: Roaring Moon|Outrage|p1a: Gholdengo|[from] lockedmove\n|-resisted|p1a: Gholdengo\n|-damage|p1a: Gholdengo|159/261\n|-start|p2a: Roaring Moon|confusion|[fatigue]\n|move|p1a: Gholdengo|Focus Blast|p2a: Roaring Moon\n|-supereffective|p2a: Roaring Moon\n|-damage|p2a: Roaring Moon|92/270\n|\n|-heal|p1a: Gholdengo|175/261|[from] item: Leftovers\n|upkeep\n|turn|21\n|\n|t:|1781395374\n|-activate|p2a: Roaring Moon|confusion\n|move|p2a: Roaring Moon|Knock Off|p1a: Gholdengo\n|-supereffective|p1a: Gholdengo\n|-damage|p1a: Gholdengo|0 fnt\n|-enditem|p1a: Gholdengo|Leftovers|[from] move: Knock Off|[of] p2a: Roaring Moon\n|faint|p1a: Gholdengo\n|\n|upkeep\n|\n|t:|1781395380\n|switch|p1a: Solgaleo|Solgaleo, L74|325/325\n|-damage|p1a: Solgaleo|305/325|[from] Stealth Rock\n|turn|22\n|\n|t:|1781395399\n|-activate|p2a: Roaring Moon|confusion\n|move|p2a: Roaring Moon|Knock Off|p1a: Solgaleo\n|-supereffective|p1a: Solgaleo\n|-damage|p1a: Solgaleo|63/325\n|-enditem|p1a: Solgaleo|Weakness Policy\n|-boost|p1a: Solgaleo|atk|2|[from] item: Weakness Policy\n|-boost|p1a: Solgaleo|spa|2|[from] item: Weakness Policy\n|move|p1a: Solgaleo|Sunsteel Strike|p2a: Roaring Moon\n|-damage|p2a: Roaring Moon|0 fnt\n|faint|p2a: Roaring Moon\n|-end|p2a: Roaring Moon|Protosynthesis|[silent]\n|\n|upkeep\n|\n|t:|1781395404\n|switch|p2a: Weavile|Weavile, L79, M|239/239\n|turn|23\n|\n|t:|1781395417\n|move|p2a: Weavile|Knock Off|p1a: Solgaleo\n|-supereffective|p1a: Solgaleo\n|-damage|p1a: Solgaleo|0 fnt\n|faint|p1a: Solgaleo\n|\n|upkeep\n|\n|t:|1781395422\n|switch|p1a: Umbreon|Umbreon, L84, M|297/297\n|-damage|p1a: Umbreon|260/297|[from] Stealth Rock\n|turn|24\n|\n|t:|1781395436\n|move|p2a: Weavile|Knock Off|p1a: Umbreon\n|-resisted|p1a: Umbreon\n|-crit|p1a: Umbreon\n|-damage|p1a: Umbreon|161/297\n|-enditem|p1a: Umbreon|Leftovers|[from] move: Knock Off|[of] p2a: Weavile\n|move|p1a: Umbreon|Foul Play|p2a: Weavile\n|-resisted|p2a: Weavile\n|-damage|p2a: Weavile|161/239\n|\n|upkeep\n|turn|25\n|\n|t:|1781395454\n|switch|p2a: Donphan|Donphan, L84, M|255/288\n|move|p1a: Umbreon|Foul Play|p2a: Donphan\n|-damage|p2a: Donphan|170/288\n|\n|-heal|p2a: Donphan|188/288|[from] item: Leftovers\n|upkeep\n|turn|26\n|\n|t:|1781395463\n|move|p1a: Umbreon|Wish|p1a: Umbreon\n|move|p2a: Donphan|Earthquake|p1a: Umbreon\n|-damage|p1a: Umbreon|49/297\n|\n|-heal|p2a: Donphan|206/288|[from] item: Leftovers\n|upkeep\n|turn|27\n|\n|t:|1781395476\n|move|p1a: Umbreon|Foul Play|p2a: Donphan\n|-damage|p2a: Donphan|112/288\n|move|p2a: Donphan|Earthquake|p1a: Umbreon\n|-damage|p1a: Umbreon|0 fnt\n|faint|p1a: Umbreon\n|\n|win|gbrbbhhnnrhbrgbg\n|raw|diomaiale33's rating: 1000 &rarr; <strong>1000</strong><br />(+0 for losing)\n|raw|gbrbbhhnnrhbrgbg's rating: 1000 &rarr; <strong>1040</strong><br />(+40 for winning)\n", "inputlog": ">version a8376a258c1d4662feba110a92103f3664a72141\n>start {\"formatid\":\"gen9randombattle\",\"seed\":\"sodium,d98539cfc73886ce6e144b0cdca0ac3d\",\"rated\":\"Rated battle\"}\n>player p1 {\"name\":\"diomaiale33\",\"avatar\":\"265\",\"rating\":1000,\"seed\":\"sodium,b7eacd11a0f0ba8ddcf011f65b97e439\"}\n>player p2 {\"name\":\"gbrbbhhnnrhbrgbg\",\"avatar\":\"266\",\"rating\":1000,\"seed\":\"sodium,a0e7923377b12be3d58f03ad68d21dad\"}\n>p1 move liquidation terastallize\n>p2 move encore\n>p1 move liquidation\n>p2 move thunderwave\n>p1 move liquidation\n>p2 move playrough\n>p1 move liquidation\n>p2 move earthquake\n>p1 switch 3\n>p1 move lunge\n>p2 switch 6\n>p1 move thunderwave\n>p2 move stealthrock\n>p1 move encore\n>p2 switch 6\n>p1 move thunderwave\n>p2 move thunderwave\n>p1 move lunge\n>p2 move thunderwave\n>p1 move lunge\n>p2 move thunderwave\n>p1 move lunge\n>p2 move encore\n>p1 move roost\n>p2 move playrough\n>p1 move lunge\n>p2 move playrough\n>p1 move lunge\n>p2 move playrough\n>p1 move lunge\n>p2 move encore\n>p1 move lunge\n>p2 move playrough\n>p1 move lunge\n>p2 move playrough\n>p2 switch 2\n>p1 move lunge\n>p2 move acrobatics\n>p1 switch 5\n>p1 move dracometeor\n>p2 move outrage\n>p1 switch 4\n>p1 move focusblast\n>p2 move outrage\n>p1 move makeitrain\n>p2 move knockoff\n>p1 switch 6\n>p1 move sunsteelstrike\n>p2 move knockoff\n>p2 switch 3\n>p1 move sunsteelstrike\n>p2 move knockoff\n>p1 switch 2\n>p1 move foulplay\n>p2 move knockoff\n>p1 move foulplay\n>p2 switch 6\n>p1 move wish\n>p2 move earthquake\n>p1 move foulplay\n>p2 move earthquake", "uploadtime": 1781395478, "views": 9, "formatid": "gen9randombattle", "rating": 1000, "private": 0, "password": null}