{"id": "gen9randombattle-2631870430", "format": "[Gen 9] Random Battle", "players": ["JAVASB", "zsmith544"], "log": "|j|\u2606JAVASB\n|j|\u2606zsmith544\n|t:|1781450293\n|gametype|singles\n|player|p1|JAVASB|101|2189\n|player|p2|zsmith544|265|2080\n|gen|9\n|tier|[Gen 9] Random Battle\n|rated|\n|rule|Species Clause: Limit one of each Pok\u00e9mon\n|rule|HP Percentage Mod: HP is shown in percentages\n|rule|Sleep Clause Mod: Limit one foe put to sleep\n|rule|Illusion Level Mod: Illusion disguises the Pok\u00e9mon's true level\n|\n|t:|1781450293\n|teamsize|p1|6\n|teamsize|p2|6\n|start\n|switch|p1a: Delphox|Delphox, L84, F|263/263\n|switch|p2a: Basculegion|Basculegion-F, L83, F|335/335\n|turn|1\n|inactive|Battle timer is ON: inactive players will automatically lose when time's up. (requested by zsmith544)\n|\n|t:|1781450308\n|move|p1a: Delphox|Grass Knot|p2a: Basculegion\n|-supereffective|p2a: Basculegion\n|-damage|p2a: Basculegion|39/335\n|move|p2a: Basculegion|Hydro Pump|p1a: Delphox|[miss]\n|-miss|p2a: Basculegion|p1a: Delphox\n|\n|upkeep\n|turn|2\n|\n|t:|1781450316\n|switch|p2a: Vivillon|Vivillon-Sun, L83, M|268/268\n|move|p1a: Delphox|Grass Knot|p2a: Vivillon\n|-resisted|p2a: Vivillon\n|-damage|p2a: Vivillon|252/268\n|\n|upkeep\n|turn|3\n|\n|t:|1781450345\n|switch|p1a: Charizard|Charizard, L85, F|271/271\n|switch|p2a: Heatran|Heatran, L79, M|273/273\n|-item|p2a: Heatran|Air Balloon\n|\n|upkeep\n|turn|4\n|\n|t:|1781450355\n|switch|p1a: Delphox|Delphox, L84, F|263/263\n|move|p2a: Heatran|Stealth Rock|p1a: Delphox\n|-sidestart|p1: JAVASB|move: Stealth Rock\n|\n|upkeep\n|turn|5\n|\n|t:|1781450365\n|move|p1a: Delphox|Psyshock|p2a: Heatran\n|-resisted|p2a: Heatran\n|-damage|p2a: Heatran|213/273\n|-enditem|p2a: Heatran|Air Balloon\n|move|p2a: Heatran|Earth Power|p1a: Delphox\n|-supereffective|p1a: Delphox\n|-damage|p1a: Delphox|131/263\n|\n|upkeep\n|turn|6\n|\n|t:|1781450373\n|switch|p1a: Charizard|Charizard, L85, F|271/271\n|move|p2a: Heatran|Earth Power|p1a: Charizard\n|-immune|p1a: Charizard\n|\n|upkeep\n|turn|7\n|\n|t:|1781450382\n|switch|p2a: Vivillon|Vivillon-Sun, L83, M|252/268\n|move|p1a: Charizard|Dragon Dance|p1a: Charizard\n|-boost|p1a: Charizard|atk|1\n|-boost|p1a: Charizard|spe|1\n|\n|upkeep\n|turn|8\n|\n|t:|1781450398\n|-terastallize|p2a: Vivillon|Flying\n|move|p1a: Charizard|Flare Blitz|p2a: Vivillon\n|-damage|p2a: Vivillon|0 fnt\n|faint|p2a: Vivillon\n|-damage|p1a: Charizard|188/271|[from] Recoil\n|\n|upkeep\n|\n|t:|1781450409\n|switch|p2a: Swanna|Swanna, L89, M|278/278\n|turn|9\n|\n|t:|1781450418\n|-terastallize|p1a: Charizard|Dragon\n|move|p1a: Charizard|Outrage|p2a: Swanna\n|-damage|p2a: Swanna|67/278\n|move|p2a: Swanna|Hydro Pump|p1a: Charizard\n|-resisted|p1a: Charizard\n|-damage|p1a: Charizard|129/271\n|\n|upkeep\n|turn|10\n|\n|t:|1781450431\n|move|p1a: Charizard|Outrage|p2a: Swanna|[from] lockedmove\n|-damage|p2a: Swanna|0 fnt\n|faint|p2a: Swanna\n|-start|p1a: Charizard|confusion|[fatigue]\n|\n|upkeep\n|\n|t:|1781450440\n|switch|p2a: Heatran|Heatran, L79, M|213/273\n|turn|11\n|\n|t:|1781450447\n|-activate|p1a: Charizard|confusion\n|move|p1a: Charizard|Earthquake|p2a: Heatran\n|-supereffective|p2a: Heatran\n|-damage|p2a: Heatran|0 fnt\n|faint|p2a: Heatran\n|\n|upkeep\n|\n|t:|1781450459\n|switch|p2a: Basculegion|Basculegion-F, L83, F|39/335\n|turn|12\n|\n|t:|1781450462\n|-activate|p1a: Charizard|confusion\n|move|p1a: Charizard|Earthquake|p2a: Basculegion\n|-damage|p2a: Basculegion|0 fnt\n|faint|p2a: Basculegion\n|\n|upkeep\n|\n|t:|1781450474\n|switch|p2a: Jolteon|Jolteon, L84, F|246/246\n|turn|13\n|\n|t:|1781450485\n|-activate|p1a: Charizard|confusion\n|move|p1a: Charizard|Earthquake|p2a: Jolteon\n|-supereffective|p2a: Jolteon\n|-crit|p2a: Jolteon\n|-damage|p2a: Jolteon|0 fnt\n|faint|p2a: Jolteon\n|\n|upkeep\n|\n|t:|1781450491\n|switch|p2a: Bisharp|Bisharp, L79, F|232/232\n|turn|14\n|\n|t:|1781450502\n|-end|p1a: Charizard|confusion\n|move|p1a: Charizard|Flare Blitz|p2a: Bisharp\n|-supereffective|p2a: Bisharp\n|-damage|p2a: Bisharp|4/232\n|-damage|p1a: Charizard|54/271|[from] Recoil\n|move|p2a: Bisharp|Swords Dance|p2a: Bisharp\n|-boost|p2a: Bisharp|atk|2\n|\n|upkeep\n|turn|15\n|\n|t:|1781450516\n|switch|p1a: Oinkologne|Oinkologne-F, L92, F|361/361\n|-damage|p1a: Oinkologne|316/361|[from] Stealth Rock\n|move|p2a: Bisharp|Sucker Punch||[still]\n|-fail|p2a: Bisharp\n|\n|-heal|p1a: Oinkologne|338/361|[from] item: Leftovers\n|upkeep\n|turn|16\n|\n|t:|1781450526\n|move|p1a: Oinkologne|Body Slam|p2a: Bisharp\n|-resisted|p2a: Bisharp\n|-damage|p2a: Bisharp|0 fnt\n|faint|p2a: Bisharp\n|\n|win|JAVASB\n", "inputlog": ">version a8376a258c1d4662feba110a92103f3664a72141\n>start {\"formatid\":\"gen9randombattle\",\"seed\":\"sodium,dceead69d38a57ce1ab53171e95f4807\",\"rated\":\"Rated battle\"}\n>player p1 {\"name\":\"JAVASB\",\"avatar\":\"101\",\"rating\":2189,\"seed\":\"sodium,09e105235bc74515927ccd8b15016327\"}\n>player p2 {\"name\":\"zsmith544\",\"avatar\":\"265\",\"rating\":2080,\"seed\":\"sodium,8c47d7d0bbf353a2b4172a9b26b61b03\"}\n>p1 move grassknot\n>p2 move hydropump\n>p1 move grassknot\n>p2 switch 4\n>p1 switch 6\n>p2 switch 5\n>p1 switch 6\n>p2 move stealthrock\n>p1 move psyshock\n>p2 move earthpower\n>p1 switch 6\n>p2 move earthpower\n>p1 move dragondance\n>p2 switch 5\n>p1 move flareblitz\n>p2 move sleeppowder terastallize\n>p2 switch 6\n>p1 move outrage terastallize\n>p2 move hydropump\n>p1 move outrage\n>p2 move bravebird\n>p2 switch 5\n>p1 move earthquake\n>p2 move heavyslam\n>p2 switch 4\n>p1 move earthquake\n>p2 move shadowball\n>p2 switch 2\n>p1 move earthquake\n>p2 move alluringvoice\n>p2 switch 3\n>p1 move flareblitz\n>p2 move swordsdance\n>p1 switch 2\n>p2 move suckerpunch\n>p1 move bodyslam\n>p2 move throatchop", "uploadtime": 1781450294, "views": 4, "formatid": "gen9randombattle", "rating": null, "private": 0, "password": null}