{"id": "gen9randombattle-2631531247", "format": "[Gen 9] Random Battle", "players": ["pokemonepic111", "AerachAisteach"], "log": "|j|\u2606pokemonepic111\n|j|\u2606AerachAisteach\n|t:|1781397372\n|gametype|singles\n|player|p1|pokemonepic111|170|1967\n|player|p2|AerachAisteach|169|1984\n|gen|9\n|tier|[Gen 9] Random Battle\n|rated|\n|rule|Species Clause: Limit one of each Pok\u00e9mon\n|rule|HP Percentage Mod: HP is shown in percentages\n|rule|Sleep Clause Mod: Limit one foe put to sleep\n|rule|Illusion Level Mod: Illusion disguises the Pok\u00e9mon's true level\n|\n|t:|1781397372\n|teamsize|p1|6\n|teamsize|p2|6\n|start\n|switch|p1a: Conkeldurr|Conkeldurr, L80, F|299/299\n|switch|p2a: Miraidon|Miraidon, L65|238/238\n|-fieldstart|move: Electric Terrain|[from] ability: Hadron Engine|[of] p2a: Miraidon\n|turn|1\n|\n|t:|1781397387\n|move|p2a: Miraidon|Volt Switch|p1a: Conkeldurr\n|-damage|p1a: Conkeldurr|97/299\n|\n|t:|1781397390\n|switch|p2a: Florges|Florges-Blue, L85, F|271/271|[from] Volt Switch\n|move|p1a: Conkeldurr|Knock Off|p2a: Florges\n|-resisted|p2a: Florges\n|-damage|p2a: Florges|217/271\n|-enditem|p2a: Florges|Leftovers|[from] move: Knock Off|[of] p1a: Conkeldurr\n|\n|-status|p1a: Conkeldurr|brn|[from] item: Flame Orb\n|upkeep\n|turn|2\n|inactive|Battle timer is ON: inactive players will automatically lose when time's up. (requested by pokemonepic111)\n|\n|t:|1781397399\n|move|p2a: Florges|Moonblast|p1a: Conkeldurr\n|-supereffective|p1a: Conkeldurr\n|-damage|p1a: Conkeldurr|0 fnt\n|faint|p1a: Conkeldurr\n|\n|upkeep\n|\n|t:|1781397422\n|switch|p1a: Hoopa|Hoopa, L85|275/275\n|turn|3\n|\n|t:|1781397429\n|move|p2a: Florges|Protect|p2a: Florges\n|-singleturn|p2a: Florges|Protect\n|move|p1a: Hoopa|Trick|p2a: Florges\n|-activate|p2a: Florges|move: Protect\n|\n|upkeep\n|turn|4\n|\n|t:|1781397433\n|move|p1a: Hoopa|Trick|p2a: Florges\n|-activate|p1a: Hoopa|move: Trick|[of] p2a: Florges\n|-item|p2a: Florges|Choice Scarf|[from] move: Trick\n|-enditem|p1a: Hoopa|Choice Scarf|[silent]|[from] move: Trick\n|move|p2a: Florges|Moonblast|p1a: Hoopa\n|-damage|p1a: Hoopa|190/275\n|\n|upkeep\n|turn|5\n|\n|t:|1781397441\n|move|p2a: Florges|Moonblast|p1a: Hoopa\n|-damage|p1a: Hoopa|111/275\n|move|p1a: Hoopa|Psychic|p2a: Florges\n|-damage|p2a: Florges|132/271\n|-item|p1a: Hoopa|Choice Scarf|[from] ability: Magician|[of] p2a: Florges\n|\n|-fieldend|move: Electric Terrain\n|upkeep\n|turn|6\n|\n|t:|1781397447\n|move|p1a: Hoopa|Psychic|p2a: Florges\n|-damage|p2a: Florges|39/271\n|move|p2a: Florges|Moonblast|p1a: Hoopa\n|-damage|p1a: Hoopa|24/275\n|-unboost|p1a: Hoopa|spa|1\n|\n|upkeep\n|turn|7\n|\n|t:|1781397457\n|switch|p2a: Gothitelle|Gothitelle, L90, F|272/272\n|move|p1a: Hoopa|Psychic|p2a: Gothitelle\n|-resisted|p2a: Gothitelle\n|-damage|p2a: Gothitelle|239/272\n|\n|upkeep\n|turn|8\n|\n|t:|1781397464\n|move|p2a: Gothitelle|Dark Pulse|p1a: Hoopa\n|-supereffective|p1a: Hoopa\n|-damage|p1a: Hoopa|0 fnt\n|faint|p1a: Hoopa\n|\n|upkeep\n|\n|t:|1781397471\n|switch|p1a: Zekrom|Zekrom, L71|259/259\n|-ability|p1a: Zekrom|Teravolt\n|turn|9\n|\n|t:|1781397476\n|switch|p2a: Wigglytuff|Wigglytuff, L96, F|424/424\n|move|p1a: Zekrom|Dragon Dance|p1a: Zekrom\n|-boost|p1a: Zekrom|atk|1\n|-boost|p1a: Zekrom|spe|1\n|\n|upkeep\n|turn|10\n|\n|t:|1781397484\n|-terastallize|p1a: Zekrom|Steel\n|move|p1a: Zekrom|Dragon Dance|p1a: Zekrom\n|-boost|p1a: Zekrom|atk|1\n|-boost|p1a: Zekrom|spe|1\n|move|p2a: Wigglytuff|Alluring Voice|p1a: Zekrom\n|-resisted|p1a: Zekrom\n|-damage|p1a: Zekrom|204/259\n|-start|p1a: Zekrom|confusion\n|\n|-heal|p1a: Zekrom|220/259|[from] item: Leftovers\n|upkeep\n|turn|11\n|\n|t:|1781397487\n|-activate|p1a: Zekrom|confusion\n|move|p1a: Zekrom|Bolt Strike|p2a: Wigglytuff\n|-damage|p2a: Wigglytuff|55/424\n|-status|p2a: Wigglytuff|par\n|move|p2a: Wigglytuff|Thunder Wave|p1a: Zekrom\n|-status|p1a: Zekrom|par\n|\n|-heal|p1a: Zekrom|236/259 par|[from] item: Leftovers\n|-heal|p2a: Wigglytuff|81/424 par|[from] item: Leftovers\n|upkeep\n|turn|12\n|\n|t:|1781397491\n|-end|p1a: Zekrom|confusion\n|move|p1a: Zekrom|Bolt Strike|p2a: Wigglytuff\n|-damage|p2a: Wigglytuff|0 fnt\n|faint|p2a: Wigglytuff\n|\n|-heal|p1a: Zekrom|252/259 par|[from] item: Leftovers\n|upkeep\n|\n|t:|1781397503\n|switch|p2a: Milotic|Milotic, L83, M|293/293\n|turn|13\n|\n|t:|1781397506\n|move|p2a: Milotic|Haze|p2a: Milotic\n|-clearallboost\n|move|p1a: Zekrom|Bolt Strike|p2a: Milotic\n|-supereffective|p2a: Milotic\n|-damage|p2a: Milotic|0 fnt\n|faint|p2a: Milotic\n|\n|-heal|p1a: Zekrom|259/259 par|[from] item: Leftovers\n|upkeep\n|\n|t:|1781397515\n|switch|p2a: Florges|Florges-Blue, L85, F|39/271\n|turn|14\n|\n|t:|1781397518\n|move|p2a: Florges|Moonblast|p1a: Zekrom\n|-resisted|p1a: Zekrom\n|-damage|p1a: Zekrom|200/259 par\n|cant|p1a: Zekrom|par\n|\n|-heal|p1a: Zekrom|216/259 par|[from] item: Leftovers\n|upkeep\n|turn|15\n|\n|t:|1781397526\n|move|p2a: Florges|Moonblast|p1a: Zekrom\n|-resisted|p1a: Zekrom\n|-damage|p1a: Zekrom|158/259 par\n|cant|p1a: Zekrom|par\n|\n|-heal|p1a: Zekrom|174/259 par|[from] item: Leftovers\n|upkeep\n|turn|16\n|\n|t:|1781397532\n|move|p2a: Florges|Moonblast|p1a: Zekrom\n|-resisted|p1a: Zekrom\n|-damage|p1a: Zekrom|108/259 par\n|move|p1a: Zekrom|Bolt Strike|p2a: Florges|[miss]\n|-miss|p1a: Zekrom|p2a: Florges\n|\n|-heal|p1a: Zekrom|124/259 par|[from] item: Leftovers\n|upkeep\n|turn|17\n|\n|t:|1781397536\n|move|p2a: Florges|Moonblast|p1a: Zekrom\n|-resisted|p1a: Zekrom\n|-damage|p1a: Zekrom|57/259 par\n|move|p1a: Zekrom|Bolt Strike|p2a: Florges\n|-damage|p2a: Florges|0 fnt\n|faint|p2a: Florges\n|\n|-heal|p1a: Zekrom|73/259 par|[from] item: Leftovers\n|upkeep\n|\n|t:|1781397543\n|switch|p2a: Palafin|Palafin, L77, M|281/281\n|turn|18\n|\n|t:|1781397551\n|move|p2a: Palafin|Wave Crash|p1a: Zekrom\n|-damage|p1a: Zekrom|0 fnt\n|faint|p1a: Zekrom\n|-damage|p2a: Palafin|257/281|[from] Recoil\n|\n|upkeep\n|\n|t:|1781397557\n|switch|p1a: Latios|Latios, L78, M|253/253\n|turn|19\n|\n|t:|1781397564\n|detailschange|p2a: Palafin|Palafin-Hero, L77, M\n|switch|p2a: Gothitelle|Gothitelle, L90, F|239/272\n|move|p1a: Latios|Luster Purge|p2a: Gothitelle\n|-resisted|p2a: Gothitelle\n|-damage|p2a: Gothitelle|183/272\n|\n|upkeep\n|turn|20\n|\n|t:|1781397572\n|move|p2a: Gothitelle|Trick|p1a: Latios\n|-activate|p2a: Gothitelle|move: Trick|[of] p1a: Latios\n|-item|p1a: Latios|Choice Scarf|[from] move: Trick\n|-item|p2a: Gothitelle|Soul Dew|[from] move: Trick\n|move|p1a: Latios|Draco Meteor|p2a: Gothitelle|[miss]\n|-miss|p1a: Latios|p2a: Gothitelle\n|\n|upkeep\n|turn|21\n|\n|t:|1781397577\n|move|p1a: Latios|Draco Meteor|p2a: Gothitelle\n|-damage|p2a: Gothitelle|68/272\n|-unboost|p1a: Latios|spa|2\n|move|p2a: Gothitelle|Dark Pulse|p1a: Latios\n|-supereffective|p1a: Latios\n|-damage|p1a: Latios|145/253\n|\n|upkeep\n|turn|22\n|\n|t:|1781397582\n|move|p1a: Latios|Draco Meteor|p2a: Gothitelle\n|-crit|p2a: Gothitelle\n|-damage|p2a: Gothitelle|0 fnt\n|-unboost|p1a: Latios|spa|2\n|faint|p2a: Gothitelle\n|\n|upkeep\n|\n|t:|1781397588\n|switch|p2a: Palafin|Palafin-Hero, L77, M|257/281\n|-activate|p2a: Palafin|ability: Zero to Hero\n|turn|23\n|\n|t:|1781397599\n|switch|p1a: Iron Thorns|Iron Thorns, L83|302/302\n|move|p2a: Palafin|Wave Crash|p1a: Iron Thorns\n|-supereffective|p1a: Iron Thorns\n|-damage|p1a: Iron Thorns|0 fnt\n|faint|p1a: Iron Thorns\n|-end|p1a: Iron Thorns|Quark Drive|[silent]\n|-damage|p2a: Palafin|157/281|[from] Recoil\n|\n|upkeep\n|\n|t:|1781397602\n|switch|p1a: Latios|Latios, L78, M|145/253\n|turn|24\n|\n|t:|1781397605\n|move|p1a: Latios|Luster Purge|p2a: Palafin\n|-damage|p2a: Palafin|43/281\n|-unboost|p2a: Palafin|spd|1\n|move|p2a: Palafin|Wave Crash|p1a: Latios\n|-resisted|p1a: Latios\n|-damage|p1a: Latios|13/253\n|-damage|p2a: Palafin|0 fnt|[from] Recoil\n|faint|p2a: Palafin\n|\n|upkeep\n|\n|t:|1781397608\n|switch|p2a: Miraidon|Miraidon, L65|238/238\n|-fieldstart|move: Electric Terrain|[from] ability: Hadron Engine|[of] p2a: Miraidon\n|turn|25\n|\n|t:|1781397615\n|switch|p1a: Drednaw|Drednaw, L81, F|278/278\n|move|p2a: Miraidon|Electro Drift|p1a: Drednaw\n|-supereffective|p1a: Drednaw\n|-damage|p1a: Drednaw|0 fnt\n|faint|p1a: Drednaw\n|\n|upkeep\n|\n|t:|1781397617\n|switch|p1a: Latios|Latios, L78, M|13/253\n|turn|26\n|\n|t:|1781397618\n|-terastallize|p2a: Miraidon|Electric\n|move|p1a: Latios|Draco Meteor|p2a: Miraidon\n|-damage|p2a: Miraidon|84/238\n|-unboost|p1a: Latios|spa|2\n|move|p2a: Miraidon|Electro Drift|p1a: Latios\n|-resisted|p1a: Latios\n|-damage|p1a: Latios|0 fnt\n|faint|p1a: Latios\n|\n|win|AerachAisteach\n", "inputlog": ">version a8376a258c1d4662feba110a92103f3664a72141\n>start {\"formatid\":\"gen9randombattle\",\"seed\":\"sodium,e13e5a1f4a08466170ba2ae1425dc425\",\"rated\":\"Rated battle\"}\n>player p1 {\"name\":\"pokemonepic111\",\"avatar\":\"170\",\"rating\":1967,\"seed\":\"sodium,5c6d8d00691e04ec75fce3b50b957b39\"}\n>player p2 {\"name\":\"AerachAisteach\",\"avatar\":\"169\",\"rating\":1984,\"seed\":\"sodium,ec6f626f3a58e41f21dd4eea52bbf018\"}\n>p1 move knockoff\n>p2 move voltswitch\n>p2 switch 3\n>p1 move facade\n>p2 move moonblast\n>p1 switch 2\n>p1 move trick\n>p2 move protect\n>p1 move trick\n>p2 move moonblast\n>p1 move psychic\n>p2 move moonblast\n>p1 move psychic\n>p2 move moonblast\n>p1 move psychic\n>p2 switch 5\n>p1 move psychic\n>p2 move darkpulse\n>p1 switch 3\n>p1 move dragondance\n>p2 switch 4\n>p1 move dragondance terastallize\n>p2 move alluringvoice\n>p1 move boltstrike\n>p2 move thunderwave\n>p1 move boltstrike\n>p2 move fireblast\n>p2 switch 6\n>p1 move boltstrike\n>p2 move haze\n>p2 switch 5\n>p1 move boltstrike\n>p2 move moonblast\n>p1 move boltstrike\n>p2 move moonblast\n>p1 move boltstrike\n>p2 move moonblast\n>p1 move boltstrike\n>p2 move moonblast\n>p2 switch 2\n>p1 move boltstrike\n>p2 move wavecrash\n>p1 switch 6\n>p1 move lusterpurge\n>p2 switch 4\n>p1 move dracometeor\n>p2 move trick\n>p1 move dracometeor\n>p2 move darkpulse\n>p1 move dracometeor\n>p2 move darkpulse\n>p2 switch 4\n>p1 switch 5\n>p2 move wavecrash\n>p1 switch 5\n>p1 move lusterpurge\n>p2 move wavecrash\n>p2 switch 3\n>p1 switch 4\n>p2 move electrodrift\n>p1 switch 4\n>p1 move dracometeor\n>p2 move electrodrift terastallize", "uploadtime": 1781397373, "views": 7, "formatid": "gen9randombattle", "rating": null, "private": 0, "password": null}