{"id": "gen9randombattle-2631924416", "format": "[Gen 9] Random Battle", "players": ["Daruma", "orenado8"], "log": "|j|\u2606Daruma\n|j|\u2606orenado8\n|t:|1781456179\n|gametype|singles\n|player|p1|Daruma|#ruplixsleekslushrushers|2108\n|player|p2|orenado8|palmer|2123\n|gen|9\n|tier|[Gen 9] Random Battle\n|rated|\n|rule|Species Clause: Limit one of each Pok\u00e9mon\n|rule|HP Percentage Mod: HP is shown in percentages\n|rule|Sleep Clause Mod: Limit one foe put to sleep\n|rule|Illusion Level Mod: Illusion disguises the Pok\u00e9mon's true level\n|\n|t:|1781456179\n|teamsize|p1|6\n|teamsize|p2|6\n|start\n|switch|p1a: Mimikyu|Mimikyu, L79, M|216/216\n|switch|p2a: Espeon|Espeon, L84, M|246/246\n|turn|1\n|inactive|Battle timer is ON: inactive players will automatically lose when time's up. (requested by Daruma)\n|\n|t:|1781456192\n|switch|p2a: Pyroar|Pyroar, L88, M|295/295\n|-ability|p2a: Pyroar|Unnerve\n|move|p1a: Mimikyu|Swords Dance|p1a: Mimikyu\n|-boost|p1a: Mimikyu|atk|2\n|\n|upkeep\n|turn|2\n|\n|t:|1781456198\n|switch|p1a: Gothitelle|Gothitelle, L90, F|272/272\n|move|p2a: Pyroar|Will-O-Wisp|p1a: Gothitelle\n|-status|p1a: Gothitelle|brn\n|\n|-damage|p1a: Gothitelle|255/272 brn|[from] brn\n|upkeep\n|turn|3\n|j| Rabiesdfsdf\n|\n|t:|1781456206\n|move|p1a: Gothitelle|Focus Blast|p2a: Pyroar\n|-supereffective|p2a: Pyroar\n|-damage|p2a: Pyroar|55/295\n|move|p2a: Pyroar|Dark Pulse|p1a: Gothitelle\n|-supereffective|p1a: Gothitelle\n|-damage|p1a: Gothitelle|155/272 brn\n|\n|-damage|p1a: Gothitelle|138/272 brn|[from] brn\n|upkeep\n|turn|4\n|l| Rabiesdfsdf\n|\n|t:|1781456211\n|move|p1a: Gothitelle|Focus Blast|p2a: Pyroar\n|-supereffective|p2a: Pyroar\n|-damage|p2a: Pyroar|0 fnt\n|faint|p2a: Pyroar\n|\n|-damage|p1a: Gothitelle|121/272 brn|[from] brn\n|upkeep\n|\n|t:|1781456223\n|switch|p2a: Froslass|Froslass, L87, F|263/263\n|turn|5\n|\n|t:|1781456227\n|switch|p1a: Volcanion|Volcanion, L79|256/256\n|move|p2a: Froslass|Spikes|p1a: Volcanion\n|-sidestart|p1: Daruma|Spikes\n|\n|upkeep\n|turn|6\n|\n|t:|1781456240\n|switch|p2a: Espeon|Espeon, L84, M|246/246\n|move|p1a: Volcanion|Flamethrower|p2a: Espeon\n|-damage|p2a: Espeon|143/246\n|-status|p2a: Espeon|brn\n|\n|-damage|p2a: Espeon|128/246 brn|[from] brn\n|upkeep\n|turn|7\n|\n|t:|1781456250\n|move|p2a: Espeon|Shadow Ball|p1a: Volcanion\n|-damage|p1a: Volcanion|160/256\n|-damage|p2a: Espeon|104/246 brn|[from] item: Life Orb\n|move|p1a: Volcanion|Steam Eruption|p2a: Espeon\n|-damage|p2a: Espeon|0 fnt\n|faint|p2a: Espeon\n|\n|upkeep\n|\n|t:|1781456261\n|switch|p2a: Floatzel|Floatzel, L86, F|286/286\n|turn|8\n|\n|t:|1781456264\n|move|p2a: Floatzel|Crunch|p1a: Volcanion\n|-damage|p1a: Volcanion|81/256\n|-unboost|p1a: Volcanion|def|1\n|move|p1a: Volcanion|Earth Power|p2a: Floatzel\n|-damage|p2a: Floatzel|185/286\n|\n|upkeep\n|turn|9\n|\n|t:|1781456269\n|switch|p1a: Gothitelle|Gothitelle, L90, F|121/272 brn\n|-damage|p1a: Gothitelle|87/272 brn|[from] Spikes\n|move|p2a: Floatzel|Crunch|p1a: Gothitelle\n|-supereffective|p1a: Gothitelle\n|-damage|p1a: Gothitelle|0 fnt\n|faint|p1a: Gothitelle\n|\n|upkeep\n|\n|t:|1781456273\n|switch|p1a: Venomoth|Venomoth, L84, M|255/255\n|turn|10\n|\n|t:|1781456292\n|switch|p2a: Froslass|Froslass, L87, F|263/263\n|move|p1a: Venomoth|Quiver Dance|p1a: Venomoth\n|-boost|p1a: Venomoth|spa|1\n|-boost|p1a: Venomoth|spd|1\n|-boost|p1a: Venomoth|spe|1\n|\n|upkeep\n|turn|11\n|\n|t:|1781456299\n|move|p1a: Venomoth|Bug Buzz|p2a: Froslass\n|-resisted|p2a: Froslass\n|-crit|p2a: Froslass\n|-damage|p2a: Froslass|29/263\n|move|p2a: Froslass|Triple Axel|p1a: Venomoth\n|-damage|p1a: Venomoth|227/255\n|-damage|p1a: Venomoth|178/255\n|-damage|p1a: Venomoth|96/255\n|-hitcount|p1a: Venomoth|3\n|\n|upkeep\n|turn|12\n|\n|t:|1781456309\n|move|p1a: Venomoth|Bug Buzz|p2a: Froslass\n|-resisted|p2a: Froslass\n|-crit|p2a: Froslass\n|-damage|p2a: Froslass|0 fnt\n|-start|p1a: Venomoth|Disable|Bug Buzz|[from] ability: Cursed Body|[of] p2a: Froslass\n|faint|p2a: Froslass\n|\n|upkeep\n|\n|t:|1781456323\n|switch|p2a: Bronzong|Bronzong, L88|261/261\n|turn|13\n|\n|t:|1781456329\n|move|p1a: Venomoth|Sleep Powder|p2a: Bronzong\n|-status|p2a: Bronzong|slp|[from] move: Sleep Powder\n|cant|p2a: Bronzong|slp\n|\n|upkeep\n|turn|14\n|\n|t:|1781456331\n|switch|p1a: Volcanion|Volcanion, L79|81/256\n|cant|p2a: Bronzong|slp\n|\n|upkeep\n|turn|15\n|\n|t:|1781456349\n|switch|p2a: Floatzel|Floatzel, L86, F|185/286\n|move|p1a: Volcanion|Flamethrower|p2a: Floatzel\n|-resisted|p2a: Floatzel\n|-damage|p2a: Floatzel|106/286\n|\n|upkeep\n|turn|16\n|\n|t:|1781456358\n|switch|p1a: Venomoth|Venomoth, L84, M|96/255\n|move|p2a: Floatzel|Crunch|p1a: Venomoth\n|-damage|p1a: Venomoth|0 fnt\n|faint|p1a: Venomoth\n|\n|upkeep\n|\n|t:|1781456363\n|switch|p1a: Mimikyu|Mimikyu, L79, M|216/216\n|-damage|p1a: Mimikyu|189/216|[from] Spikes\n|turn|17\n|\n|t:|1781456375\n|move|p2a: Floatzel|Crunch|p1a: Mimikyu\n|-activate|p1a: Mimikyu|ability: Disguise\n|-damage|p1a: Mimikyu|189/216\n|-unboost|p1a: Mimikyu|def|1\n|detailschange|p1a: Mimikyu|Mimikyu-Busted, L79, M\n|-damage|p1a: Mimikyu|162/216|[from] pokemon: Mimikyu-Busted\n|move|p1a: Mimikyu|Swords Dance|p1a: Mimikyu\n|-boost|p1a: Mimikyu|atk|2\n|\n|upkeep\n|turn|18\n|\n|t:|1781456400\n|switch|p2a: Magearna|Magearna, L77|250/250\n|move|p1a: Mimikyu|Shadow Sneak|p2a: Magearna\n|-damage|p2a: Magearna|168/250\n|-damage|p1a: Mimikyu|141/216|[from] item: Life Orb\n|\n|-heal|p2a: Magearna|183/250|[from] item: Leftovers\n|upkeep\n|turn|19\n|\n|t:|1781456413\n|move|p1a: Mimikyu|Shadow Claw|p2a: Magearna\n|-damage|p2a: Magearna|35/250\n|-damage|p1a: Mimikyu|120/216|[from] item: Life Orb\n|move|p2a: Magearna|Flash Cannon|p1a: Mimikyu\n|-supereffective|p1a: Mimikyu\n|-damage|p1a: Mimikyu|0 fnt\n|faint|p1a: Mimikyu\n|-ability|p2a: Magearna|Soul-Heart|boost\n|-boost|p2a: Magearna|spa|1\n|\n|-heal|p2a: Magearna|50/250|[from] item: Leftovers\n|upkeep\n|\n|t:|1781456420\n|switch|p1a: Volcanion|Volcanion, L79|81/256\n|turn|20\n|\n|t:|1781456433\n|move|p1a: Volcanion|Earth Power|p2a: Magearna\n|-supereffective|p2a: Magearna\n|-damage|p2a: Magearna|0 fnt\n|faint|p2a: Magearna\n|\n|upkeep\n|inactive|orenado8 has 120 seconds left.\n|\n|t:|1781456457\n|switch|p2a: Floatzel|Floatzel, L86, F|106/286\n|turn|21\n|\n|t:|1781456465\n|move|p2a: Floatzel|Crunch|p1a: Volcanion\n|-damage|p1a: Volcanion|3/256\n|move|p1a: Volcanion|Earth Power|p2a: Floatzel\n|-damage|p2a: Floatzel|0 fnt\n|faint|p2a: Floatzel\n|\n|upkeep\n|\n|t:|1781456470\n|switch|p2a: Bronzong|Bronzong, L88|261/261 slp\n|turn|22\n|\n|t:|1781456475\n|-terastallize|p2a: Bronzong|Electric\n|move|p1a: Volcanion|Steam Eruption|p2a: Bronzong\n|-damage|p2a: Bronzong|164/261 slp\n|cant|p2a: Bronzong|slp\n|\n|-heal|p2a: Bronzong|180/261 slp|[from] item: Leftovers\n|upkeep\n|turn|23\n|\n|t:|1781456481\n|move|p1a: Volcanion|Steam Eruption|p2a: Bronzong\n|-damage|p2a: Bronzong|83/261 slp\n|-curestatus|p2a: Bronzong|slp|[msg]\n|move|p2a: Bronzong|Earthquake|p1a: Volcanion\n|-supereffective|p1a: Volcanion\n|-damage|p1a: Volcanion|0 fnt\n|faint|p1a: Volcanion\n|\n|-heal|p2a: Bronzong|99/261|[from] item: Leftovers\n|upkeep\n|\n|t:|1781456484\n|switch|p1a: Latios|Latios, L78, M|253/253\n|turn|24\n|\n|t:|1781456486\n|move|p1a: Latios|Luster Purge|p2a: Bronzong\n|-damage|p2a: Bronzong|0 fnt\n|faint|p2a: Bronzong\n|\n|win|Daruma\n", "inputlog": ">version a8376a258c1d4662feba110a92103f3664a72141\n>start {\"formatid\":\"gen9randombattle\",\"seed\":\"sodium,ca0b7eed4e031f5c15fd8dbe64954f89\",\"rated\":\"Rated battle\"}\n>player p1 {\"name\":\"Daruma\",\"avatar\":\"#ruplixsleekslushrushers\",\"rating\":2108,\"seed\":\"sodium,6fd6a83c2ac8a0746235e296511266dd\"}\n>player p2 {\"name\":\"orenado8\",\"avatar\":\"palmer\",\"rating\":2123,\"seed\":\"sodium,8c2c22b73bd9b71171b6bef6fd44140c\"}\n>p1 move swordsdance\n>p2 switch 6\n>p1 switch 4\n>p2 move willowisp\n>p1 move focusblast\n>p2 move darkpulse\n>p1 move focusblast\n>p2 move darkpulse\n>p2 switch 5\n>p1 switch 6\n>p2 move spikes\n>p1 move flamethrower\n>p2 switch 6\n>p1 move steameruption\n>p2 move shadowball\n>p2 switch 4\n>p1 move earthpower\n>p2 move crunch\n>p1 switch 6\n>p2 move crunch\n>p1 switch 5\n>p1 move quiverdance\n>p2 switch 6\n>p1 move bugbuzz\n>p2 move tripleaxel\n>p1 move bugbuzz\n>p2 move poltergeist\n>p2 switch 2\n>p1 move sleeppowder\n>p2 move ironhead\n>p1 switch 6\n>p2 move ironhead\n>p1 move flamethrower\n>p2 switch 6\n>p1 switch 6\n>p2 move crunch\n>p1 switch 4\n>p1 move swordsdance\n>p2 move crunch\n>p1 move shadowsneak\n>p2 switch 3\n>p1 move shadowclaw\n>p2 move flashcannon\n>p1 switch 6\n>p1 move earthpower\n>p2 move fleurcannon\n>p2 switch 3\n>p1 move earthpower\n>p2 move crunch\n>p2 switch 6\n>p1 move steameruption\n>p2 move earthquake terastallize\n>p1 move steameruption\n>p2 move earthquake\n>p1 switch 3\n>p1 move lusterpurge\n>p2 move hypnosis", "uploadtime": 1781456180, "views": 6, "formatid": "gen9randombattle", "rating": null, "private": 0, "password": null}