{"id": "gen9randombattle-2631851573", "format": "[Gen 9] Random Battle", "players": ["Davide070701", "pagenfranskane"], "log": "|j|\u2606Davide070701\n|j|\u2606pagenfranskane\n|t:|1781448142\n|gametype|singles\n|player|p1|Davide070701|102|1932\n|player|p2|pagenfranskane|battlegirl|2005\n|gen|9\n|tier|[Gen 9] Random Battle\n|rated|\n|rule|Species Clause: Limit one of each Pok\u00e9mon\n|rule|HP Percentage Mod: HP is shown in percentages\n|rule|Sleep Clause Mod: Limit one foe put to sleep\n|rule|Illusion Level Mod: Illusion disguises the Pok\u00e9mon's true level\n|\n|t:|1781448142\n|teamsize|p1|6\n|teamsize|p2|6\n|start\n|switch|p1a: Dialga|Dialga-Origin, L73|266/266\n|switch|p2a: Greninja|Greninja, L80, M|246/246\n|-ability|p1a: Dialga|Pressure\n|turn|1\n|inactive|Battle timer is ON: inactive players will automatically lose when time's up. (requested by pagenfranskane)\n|\n|t:|1781448155\n|switch|p2a: Galvantula|Galvantula, L82, M|249/249\n|move|p1a: Dialga|Thunder Wave|p2a: Galvantula\n|-immune|p2a: Galvantula\n|\n|upkeep\n|turn|2\n|\n|t:|1781448166\n|move|p2a: Galvantula|Sticky Web|p1a: Dialga\n|-sidestart|p1: Davide070701|move: Sticky Web\n|move|p1a: Dialga|Stealth Rock|p2a: Galvantula\n|-sidestart|p2: pagenfranskane|move: Stealth Rock\n|\n|upkeep\n|turn|3\n|\n|t:|1781448170\n|move|p2a: Galvantula|Thunder|p1a: Dialga\n|-resisted|p1a: Dialga\n|-damage|p1a: Dialga|216/266\n|move|p1a: Dialga|Draco Meteor|p2a: Galvantula\n|-damage|p2a: Galvantula|15/249\n|-unboost|p1a: Dialga|spa|2\n|\n|upkeep\n|turn|4\n|\n|t:|1781448177\n|move|p2a: Galvantula|Thunder|p1a: Dialga\n|-resisted|p1a: Dialga\n|-damage|p1a: Dialga|164/266\n|-status|p1a: Dialga|par\n|move|p1a: Dialga|Flash Cannon|p2a: Galvantula\n|-resisted|p2a: Galvantula\n|-damage|p2a: Galvantula|0 fnt\n|faint|p2a: Galvantula\n|\n|upkeep\n|\n|t:|1781448185\n|switch|p2a: Iron Hands|Iron Hands, L79|373/373\n|-damage|p2a: Iron Hands|350/373|[from] Stealth Rock\n|turn|5\n|\n|t:|1781448195\n|switch|p1a: Hypno|Hypno, L95, M|315/315\n|-activate|p1a: Hypno|move: Sticky Web\n|-unboost|p1a: Hypno|spe|1\n|move|p2a: Iron Hands|Swords Dance|p2a: Iron Hands\n|-boost|p2a: Iron Hands|atk|2\n|\n|-heal|p2a: Iron Hands|373/373|[from] item: Leftovers\n|upkeep\n|turn|6\n|\n|t:|1781448205\n|move|p2a: Iron Hands|Wild Charge|p1a: Hypno\n|-damage|p1a: Hypno|90/315\n|-damage|p2a: Iron Hands|317/373|[from] Recoil\n|move|p1a: Hypno|Psychic Noise|p2a: Iron Hands\n|-supereffective|p2a: Iron Hands\n|-damage|p2a: Iron Hands|95/373\n|-start|p2a: Iron Hands|move: Heal Block\n|\n|-heal|p1a: Hypno|109/315|[from] item: Leftovers\n|upkeep\n|turn|7\n|\n|t:|1781448214\n|switch|p1a: Krookodile|Krookodile, L79, F|280/280\n|-activate|p1a: Krookodile|move: Sticky Web\n|-unboost|p1a: Krookodile|spe|1\n|-ability|p1a: Krookodile|Intimidate|boost\n|-unboost|p2a: Iron Hands|atk|1\n|move|p2a: Iron Hands|Wild Charge|p1a: Krookodile\n|-immune|p1a: Krookodile\n|\n|-end|p2a: Iron Hands|move: Heal Block\n|upkeep\n|turn|8\n|\n|t:|1781448220\n|move|p1a: Krookodile|Earthquake|p2a: Iron Hands\n|-supereffective|p2a: Iron Hands\n|-damage|p2a: Iron Hands|0 fnt\n|faint|p2a: Iron Hands\n|-end|p2a: Iron Hands|Quark Drive|[silent]\n|\n|upkeep\n|\n|t:|1781448224\n|switch|p2a: Ogerpon|Ogerpon, L80, F|259/259\n|-damage|p2a: Ogerpon|227/259|[from] Stealth Rock\n|turn|9\n|\n|t:|1781448235\n|switch|p1a: Chesnaught|Chesnaught, L84, M|285/285\n|-activate|p1a: Chesnaught|move: Sticky Web\n|-unboost|p1a: Chesnaught|spe|1\n|move|p2a: Ogerpon|Swords Dance|p2a: Ogerpon\n|-boost|p2a: Ogerpon|atk|2\n|\n|upkeep\n|turn|10\n|\n|t:|1781448253\n|move|p2a: Ogerpon|Superpower|p1a: Chesnaught\n|-damage|p1a: Chesnaught|108/285\n|-unboost|p2a: Ogerpon|atk|1\n|-unboost|p2a: Ogerpon|def|1\n|-damage|p2a: Ogerpon|202/259|[from] item: Life Orb\n|move|p1a: Chesnaught|Body Press|p2a: Ogerpon\n|-damage|p2a: Ogerpon|48/259\n|\n|-heal|p1a: Chesnaught|125/285|[from] item: Leftovers\n|upkeep\n|turn|11\n|\n|t:|1781448282\n|switch|p1a: Hypno|Hypno, L95, M|109/315\n|-activate|p1a: Hypno|move: Sticky Web\n|-unboost|p1a: Hypno|spe|1\n|move|p2a: Ogerpon|Superpower|p1a: Hypno\n|-resisted|p1a: Hypno\n|-damage|p1a: Hypno|19/315\n|-unboost|p2a: Ogerpon|atk|1\n|-unboost|p2a: Ogerpon|def|1\n|-damage|p2a: Ogerpon|23/259|[from] item: Life Orb\n|\n|-heal|p1a: Hypno|38/315|[from] item: Leftovers\n|upkeep\n|turn|12\n|\n|t:|1781448292\n|move|p2a: Ogerpon|Knock Off|p1a: Hypno\n|-supereffective|p1a: Hypno\n|-damage|p1a: Hypno|0 fnt\n|-enditem|p1a: Hypno|Leftovers|[from] move: Knock Off|[of] p2a: Ogerpon\n|faint|p1a: Hypno\n|-damage|p2a: Ogerpon|0 fnt|[from] item: Life Orb\n|faint|p2a: Ogerpon\n|\n|upkeep\n|inactive|Davide070701 has 120 seconds left.\n|\n|t:|1781448307\n|switch|p2a: Goodra|Goodra-Hisui, L82, M|265/265\n|switch|p1a: Regice|Regice, L88|284/284\n|-damage|p2a: Goodra|249/265|[from] Stealth Rock\n|turn|13\n|\n|t:|1781448317\n|switch|p1a: Dialga|Dialga-Origin, L73|164/266 par\n|-activate|p1a: Dialga|move: Sticky Web\n|-unboost|p1a: Dialga|spe|1\n|-ability|p1a: Dialga|Pressure\n|move|p2a: Goodra|Dragon Tail|p1a: Dialga\n|-damage|p1a: Dialga|107/266 par\n|drag|p1a: Pawmot|Pawmot, L80, M|243/243\n|-activate|p1a: Pawmot|move: Sticky Web\n|-unboost|p1a: Pawmot|spe|1\n|\n|upkeep\n|turn|14\n|\n|t:|1781448334\n|move|p2a: Goodra|Draco Meteor|p1a: Pawmot\n|-damage|p1a: Pawmot|41/243\n|-unboost|p2a: Goodra|spa|2\n|move|p1a: Pawmot|Close Combat|p2a: Goodra\n|-supereffective|p2a: Goodra\n|-damage|p2a: Goodra|0 fnt\n|-unboost|p1a: Pawmot|def|1\n|-unboost|p1a: Pawmot|spd|1\n|faint|p2a: Goodra\n|-damage|p1a: Pawmot|17/243|[from] item: Life Orb\n|\n|upkeep\n|\n|t:|1781448338\n|switch|p2a: Greninja|Greninja, L80, M|246/246\n|-damage|p2a: Greninja|216/246|[from] Stealth Rock\n|turn|15\n|\n|t:|1781448345\n|switch|p1a: Regice|Regice, L88|284/284\n|move|p2a: Greninja|Gunk Shot|p1a: Regice\n|-start|p2a: Greninja|typechange|Poison|[from] ability: Protean\n|-damage|p1a: Regice|154/284\n|-status|p1a: Regice|psn\n|-damage|p2a: Greninja|192/246|[from] item: Life Orb\n|\n|-damage|p1a: Regice|119/284 psn|[from] psn\n|upkeep\n|turn|16\n|\n|t:|1781448356\n|move|p2a: Greninja|Gunk Shot|p1a: Regice\n|-damage|p1a: Regice|0 fnt\n|faint|p1a: Regice\n|-damage|p2a: Greninja|168/246|[from] item: Life Orb\n|\n|upkeep\n|\n|t:|1781448364\n|switch|p1a: Krookodile|Krookodile, L79, F|280/280\n|-activate|p1a: Krookodile|move: Sticky Web\n|-unboost|p1a: Krookodile|spe|1\n|-ability|p1a: Krookodile|Intimidate|boost\n|-unboost|p2a: Greninja|atk|1\n|turn|17\n|\n|t:|1781448373\n|-terastallize|p1a: Krookodile|Poison\n|move|p2a: Greninja|Hydro Pump|p1a: Krookodile\n|-damage|p1a: Krookodile|163/280\n|-damage|p2a: Greninja|144/246|[from] item: Life Orb\n|move|p1a: Krookodile|Earthquake|p2a: Greninja\n|-supereffective|p2a: Greninja\n|-damage|p2a: Greninja|0 fnt\n|faint|p2a: Greninja\n|\n|-heal|p1a: Krookodile|180/280|[from] item: Leftovers\n|upkeep\n|\n|t:|1781448376\n|switch|p2a: Meowstic|Meowstic-F, L89, F|277/277\n|-damage|p2a: Meowstic|243/277|[from] Stealth Rock\n|turn|18\n|\n|t:|1781448384\n|switch|p1a: Pawmot|Pawmot, L80, M|17/243\n|-activate|p1a: Pawmot|move: Sticky Web\n|-unboost|p1a: Pawmot|spe|1\n|move|p2a: Meowstic|Nasty Plot|p2a: Meowstic\n|-boost|p2a: Meowstic|spa|2\n|\n|upkeep\n|turn|19\n|\n|t:|1781448392\n|move|p2a: Meowstic|Dark Pulse|p1a: Pawmot\n|-resisted|p1a: Pawmot\n|-damage|p1a: Pawmot|0 fnt\n|faint|p1a: Pawmot\n|-damage|p2a: Meowstic|216/277|[from] item: Life Orb\n|\n|upkeep\n|\n|t:|1781448395\n|switch|p1a: Krookodile|Krookodile, L79, F, tera:Poison|180/280\n|-activate|p1a: Krookodile|move: Sticky Web\n|-unboost|p1a: Krookodile|spe|1\n|-ability|p1a: Krookodile|Intimidate|boost\n|-unboost|p2a: Meowstic|atk|1\n|-ability|p2a: Meowstic|Competitive|boost\n|-boost|p2a: Meowstic|spa|2\n|turn|20\n|\n|t:|1781448400\n|move|p2a: Meowstic|Psychic|p1a: Krookodile\n|-supereffective|p1a: Krookodile\n|-crit|p1a: Krookodile\n|-damage|p1a: Krookodile|0 fnt\n|faint|p1a: Krookodile\n|-damage|p2a: Meowstic|189/277|[from] item: Life Orb\n|\n|upkeep\n|-message|Davide070701 forfeited.\n|\n|win|pagenfranskane\n", "inputlog": ">version a8376a258c1d4662feba110a92103f3664a72141\n>start {\"formatid\":\"gen9randombattle\",\"seed\":\"sodium,31c9122732b27290bb64ab433496aa93\",\"rated\":\"Rated battle\"}\n>player p1 {\"name\":\"Davide070701\",\"avatar\":\"102\",\"rating\":1932,\"seed\":\"sodium,f7a8a5d062ca3a1da53bc2c1706073cb\"}\n>player p2 {\"name\":\"pagenfranskane\",\"avatar\":\"battlegirl\",\"rating\":2005,\"seed\":\"sodium,7d5d835c5d4917954b5b1c9978e401d1\"}\n>p1 move thunderwave\n>p2 switch 3\n>p1 move stealthrock\n>p2 move stickyweb\n>p1 move dracometeor\n>p2 move thunder\n>p1 move flashcannon\n>p2 move thunder\n>p2 switch 5\n>p1 switch 3\n>p2 move swordsdance\n>p1 move psychicnoise\n>p2 move wildcharge\n>p1 switch 5\n>p2 move wildcharge\n>p1 move earthquake\n>p2 move drainpunch\n>p2 switch 2\n>p1 switch 4\n>p2 move swordsdance\n>p1 move bodypress\n>p2 move superpower\n>p1 switch 5\n>p2 move superpower\n>p1 move knockoff\n>p2 move knockoff\n>p1 switch 2\n>p2 switch 6\n>p1 switch 3\n>p2 move dragontail\n>p1 move closecombat\n>p2 move dracometeor\n>p2 switch 3\n>p1 switch 3\n>p2 move gunkshot\n>p1 move icebeam\n>p2 move gunkshot\n>p1 switch 4\n>p1 move earthquake terastallize\n>p2 move hydropump\n>p2 switch 4\n>p1 switch 3\n>p2 move nastyplot\n>p1 move doubleshock\n>p2 move darkpulse\n>p1 switch 3\n>p1 move knockoff\n>p2 move psychic\n>forcelose p1", "uploadtime": 1781448144, "views": 5, "formatid": "gen9randombattle", "rating": null, "private": 0, "password": null}