{"id": "gen9randombattle-2631620114", "format": "[Gen 9] Random Battle", "players": ["Rideq", "AtlasFear243"], "log": "|j|\u2606Rideq\n|j|\u2606AtlasFear243\n|t:|1781409965\n|gametype|singles\n|player|p1|Rideq|morty|1047\n|player|p2|AtlasFear243|169|1000\n|gen|9\n|tier|[Gen 9] Random Battle\n|rated|\n|rule|Species Clause: Limit one of each Pok\u00e9mon\n|rule|HP Percentage Mod: HP is shown in percentages\n|rule|Sleep Clause Mod: Limit one foe put to sleep\n|rule|Illusion Level Mod: Illusion disguises the Pok\u00e9mon's true level\n|\n|t:|1781409965\n|teamsize|p1|6\n|teamsize|p2|6\n|start\n|switch|p1a: Iron Crown|Iron Crown, L78|268/268\n|switch|p2a: Comfey|Comfey, L85, F|225/225\n|turn|1\n|inactive|Battle timer is ON: inactive players will automatically lose when time's up. (requested by Rideq)\n|\n|t:|1781409976\n|move|p2a: Comfey|Calm Mind|p2a: Comfey\n|-boost|p2a: Comfey|spa|1\n|-boost|p2a: Comfey|spd|1\n|move|p1a: Iron Crown|Tachyon Cutter|p2a: Comfey\n|-supereffective|p2a: Comfey\n|-damage|p2a: Comfey|165/225\n|-supereffective|p2a: Comfey\n|-damage|p2a: Comfey|105/225\n|-hitcount|p2a: Comfey|2\n|\n|-heal|p2a: Comfey|119/225|[from] item: Leftovers\n|upkeep\n|turn|2\n|\n|t:|1781409990\n|move|p2a: Comfey|Giga Drain|p1a: Iron Crown\n|-resisted|p1a: Iron Crown\n|-damage|p1a: Iron Crown|234/268\n|-heal|p2a: Comfey|136/225|[from] drain|[of] p1a: Iron Crown\n|move|p1a: Iron Crown|Calm Mind|p1a: Iron Crown\n|-boost|p1a: Iron Crown|spa|1\n|-boost|p1a: Iron Crown|spd|1\n|\n|-heal|p2a: Comfey|150/225|[from] item: Leftovers\n|-heal|p1a: Iron Crown|250/268|[from] item: Leftovers\n|upkeep\n|turn|3\n|\n|t:|1781410003\n|move|p2a: Comfey|Draining Kiss|p1a: Iron Crown\n|-resisted|p1a: Iron Crown\n|-damage|p1a: Iron Crown|229/268\n|-heal|p2a: Comfey|166/225|[from] drain|[of] p1a: Iron Crown\n|move|p1a: Iron Crown|Calm Mind|p1a: Iron Crown\n|-boost|p1a: Iron Crown|spa|1\n|-boost|p1a: Iron Crown|spd|1\n|\n|-heal|p2a: Comfey|180/225|[from] item: Leftovers\n|-heal|p1a: Iron Crown|245/268|[from] item: Leftovers\n|upkeep\n|turn|4\n|\n|t:|1781410024\n|move|p2a: Comfey|Giga Drain|p1a: Iron Crown\n|-resisted|p1a: Iron Crown\n|-damage|p1a: Iron Crown|228/268\n|-heal|p2a: Comfey|189/225|[from] drain|[of] p1a: Iron Crown\n|move|p1a: Iron Crown|Tachyon Cutter|p2a: Comfey\n|-supereffective|p2a: Comfey\n|-damage|p2a: Comfey|63/225\n|-supereffective|p2a: Comfey\n|-damage|p2a: Comfey|0 fnt\n|faint|p2a: Comfey\n|-hitcount|p2: Comfey|2\n|\n|-heal|p1a: Iron Crown|244/268|[from] item: Leftovers\n|upkeep\n|\n|t:|1781410038\n|switch|p2a: Meloetta|Meloetta, L82|298/298\n|turn|5\n|\n|t:|1781410045\n|move|p1a: Iron Crown|Tachyon Cutter|p2a: Meloetta\n|-damage|p2a: Meloetta|216/298\n|-damage|p2a: Meloetta|126/298\n|-hitcount|p2a: Meloetta|2\n|move|p2a: Meloetta|Knock Off|p1a: Iron Crown\n|-supereffective|p1a: Iron Crown\n|-damage|p1a: Iron Crown|101/268\n|-enditem|p1a: Iron Crown|Leftovers|[from] move: Knock Off|[of] p2a: Meloetta\n|-damage|p2a: Meloetta|97/298|[from] item: Life Orb\n|\n|upkeep\n|turn|6\n|inactive|Rideq has 120 seconds left.\n|\n|t:|1781410097\n|move|p1a: Iron Crown|Tachyon Cutter|p2a: Meloetta\n|-damage|p2a: Meloetta|10/298\n|-damage|p2a: Meloetta|0 fnt\n|faint|p2a: Meloetta\n|-hitcount|p2: Meloetta|2\n|\n|upkeep\n|\n|t:|1781410106\n|switch|p2a: Inteleon|Inteleon, L81, M|246/246\n|turn|7\n|\n|t:|1781410111\n|move|p2a: Inteleon|Ice Beam|p1a: Iron Crown\n|-resisted|p1a: Iron Crown\n|-damage|p1a: Iron Crown|78/268\n|move|p1a: Iron Crown|Psyshock|p2a: Inteleon\n|-damage|p2a: Inteleon|2/246\n|\n|upkeep\n|turn|8\n|inactive|Rideq has 120 seconds left.\n|\n|t:|1781410119\n|move|p2a: Inteleon|Ice Beam|p1a: Iron Crown\n|-resisted|p1a: Iron Crown\n|-damage|p1a: Iron Crown|53/268\n|move|p1a: Iron Crown|Tachyon Cutter|p2a: Inteleon\n|-resisted|p2a: Inteleon\n|-damage|p2a: Inteleon|0 fnt\n|faint|p2a: Inteleon\n|-hitcount|p2: Inteleon|1\n|\n|upkeep\n|\n|t:|1781410130\n|switch|p2a: Sinistcha|Sinistcha-Masterpiece, L83|254/254\n|turn|9\n|inactive|Rideq has 120 seconds left.\n|\n|t:|1781410153\n|move|p1a: Iron Crown|Psyshock|p2a: Sinistcha\n|-damage|p2a: Sinistcha|106/254\n|move|p2a: Sinistcha|Matcha Gotcha|p1a: Iron Crown\n|-resisted|p1a: Iron Crown\n|-damage|p1a: Iron Crown|32/268\n|-heal|p2a: Sinistcha|117/254|[from] drain|[of] p1a: Iron Crown\n|\n|-heal|p2a: Sinistcha|132/254|[from] item: Leftovers\n|upkeep\n|turn|10\n|\n|t:|1781410166\n|move|p1a: Iron Crown|Psyshock|p2a: Sinistcha\n|-damage|p2a: Sinistcha|0 fnt\n|faint|p2a: Sinistcha\n|\n|upkeep\n|\n|t:|1781410171\n|switch|p2a: Glaceon|Glaceon, L94, M|275/275\n|turn|11\n|\n|t:|1781410179\n|move|p1a: Iron Crown|Focus Blast|p2a: Glaceon|[miss]\n|-miss|p1a: Iron Crown|p2a: Glaceon\n|move|p2a: Glaceon|Freeze-Dry|p1a: Iron Crown\n|-resisted|p1a: Iron Crown\n|-damage|p1a: Iron Crown|5/268\n|\n|upkeep\n|turn|12\n|\n|t:|1781410190\n|move|p1a: Iron Crown|Tachyon Cutter|p2a: Glaceon\n|-supereffective|p2a: Glaceon\n|-damage|p2a: Glaceon|93/275\n|-supereffective|p2a: Glaceon\n|-damage|p2a: Glaceon|0 fnt\n|faint|p2a: Glaceon\n|-hitcount|p2: Glaceon|2\n|\n|upkeep\n|\n|t:|1781410197\n|switch|p2a: Heatran|Heatran, L79, F|273/273\n|-item|p2a: Heatran|Air Balloon\n|turn|13\n|\n|t:|1781410211\n|move|p1a: Iron Crown|Focus Blast|p2a: Heatran\n|-supereffective|p2a: Heatran\n|-damage|p2a: Heatran|0 fnt\n|-enditem|p2a: Heatran|Air Balloon\n|faint|p2a: Heatran\n|\n|win|Rideq\n|raw|Rideq's rating: 1047 &rarr; <strong>1076</strong><br />(+29 for winning)\n|raw|AtlasFear243's rating: 1000 &rarr; <strong>1000</strong><br />(+0 for losing)\n|c|\u2606Rideq|gg\n|l|\u2606AtlasFear243\n|player|p2|\n", "inputlog": ">version a8376a258c1d4662feba110a92103f3664a72141\n>start {\"formatid\":\"gen9randombattle\",\"seed\":\"sodium,23626a57edcb393dce92830c775277af\",\"rated\":\"Rated battle\"}\n>player p1 {\"name\":\"Rideq\",\"avatar\":\"morty\",\"rating\":1047,\"seed\":\"sodium,a4a31c164768a80a81f83933cea99ac6\"}\n>player p2 {\"name\":\"AtlasFear243\",\"avatar\":\"169\",\"rating\":1000,\"seed\":\"sodium,57b987a14344149c476ca18f9843000f\"}\n>p1 move tachyoncutter\n>p2 move calmmind\n>p1 move calmmind\n>p2 move gigadrain\n>p1 move calmmind\n>p2 move drainingkiss\n>p1 move tachyoncutter\n>p2 move gigadrain\n>p2 switch 6\n>p1 move tachyoncutter\n>p2 move knockoff\n>p1 move tachyoncutter\n>p2 move tripleaxel\n>p2 switch 4\n>p1 move psyshock\n>p2 move icebeam\n>p1 move tachyoncutter\n>p2 move icebeam\n>p2 switch 5\n>p1 move psyshock\n>p2 move matchagotcha\n>p1 move psyshock\n>p2 move strengthsap\n>p2 switch 2\n>p1 move focusblast\n>p2 move freezedry\n>p1 move tachyoncutter\n>p2 move freezedry\n>p2 switch 3\n>p1 move focusblast\n>p2 move stealthrock", "uploadtime": 1781410484, "views": 4, "formatid": "gen9randombattle", "rating": 1000, "private": 0, "password": null}