{"id": "gen9randombattle-2631899077", "format": "[Gen 9] Random Battle", "players": ["jsierra32", "huijokp"], "log": "|j|\u2606jsierra32\n|j|\u2606huijokp\n|t:|1781453445\n|gametype|singles\n|player|p1|jsierra32|170|1932\n|player|p2|huijokp|266|1961\n|gen|9\n|tier|[Gen 9] Random Battle\n|rated|\n|rule|Species Clause: Limit one of each Pok\u00e9mon\n|rule|HP Percentage Mod: HP is shown in percentages\n|rule|Sleep Clause Mod: Limit one foe put to sleep\n|rule|Illusion Level Mod: Illusion disguises the Pok\u00e9mon's true level\n|\n|t:|1781453445\n|teamsize|p1|6\n|teamsize|p2|6\n|start\n|switch|p1a: Chimecho|Chimecho, L93, F|290/290\n|switch|p2a: Weezing|Weezing-Galar, L86, M|252/252\n|turn|1\n|inactive|Battle timer is ON: inactive players will automatically lose when time's up. (requested by jsierra32)\n|\n|t:|1781453461\n|switch|p2a: Muk|Muk-Alola, L82, F|306/306\n|move|p1a: Chimecho|Thunder Wave|p2a: Muk\n|-status|p2a: Muk|par\n|\n|upkeep\n|turn|2\n|\n|t:|1781453467\n|switch|p1a: Conkeldurr|Conkeldurr, L80, F|299/299\n|cant|p2a: Muk|par\n|\n|-status|p1a: Conkeldurr|brn|[from] item: Flame Orb\n|upkeep\n|turn|3\n|\n|t:|1781453477\n|switch|p2a: Weezing|Weezing-Galar, L86, M|252/252\n|move|p1a: Conkeldurr|Facade|p2a: Weezing\n|-damage|p2a: Weezing|107/252\n|\n|-heal|p2a: Weezing|122/252|[from] item: Leftovers\n|-damage|p1a: Conkeldurr|281/299 brn|[from] brn\n|upkeep\n|turn|4\n|\n|t:|1781453482\n|move|p2a: Weezing|Pain Split|p1a: Conkeldurr\n|-sethp|p1a: Conkeldurr|201/299 brn|[from] move: Pain Split|[silent]\n|-sethp|p2a: Weezing|201/252|[from] move: Pain Split\n|move|p1a: Conkeldurr|Facade|p2a: Weezing\n|-damage|p2a: Weezing|71/252\n|\n|-heal|p2a: Weezing|86/252|[from] item: Leftovers\n|-damage|p1a: Conkeldurr|183/299 brn|[from] brn\n|upkeep\n|turn|5\n|\n|t:|1781453492\n|move|p2a: Weezing|Strange Steam|p1a: Conkeldurr\n|-supereffective|p1a: Conkeldurr\n|-damage|p1a: Conkeldurr|0 fnt\n|faint|p1a: Conkeldurr\n|\n|-heal|p2a: Weezing|101/252|[from] item: Leftovers\n|upkeep\n|\n|t:|1781453498\n|switch|p1a: Entei|Entei, L78|307/307\n|turn|6\n|\n|t:|1781453503\n|move|p1a: Entei|Sacred Fire|p2a: Weezing\n|-damage|p2a: Weezing|0 fnt\n|faint|p2a: Weezing\n|\n|upkeep\n|\n|t:|1781453509\n|switch|p2a: Sableye|Sableye, L88, M|231/231\n|turn|7\n|\n|t:|1781453520\n|move|p2a: Sableye|Thunder Wave|p1a: Entei\n|-status|p1a: Entei|par\n|move|p1a: Entei|Sacred Fire|p2a: Sableye\n|-damage|p2a: Sableye|74/231\n|\n|-heal|p2a: Sableye|88/231|[from] item: Leftovers\n|upkeep\n|turn|8\n|inactive|huijokp has 120 seconds left.\n|\n|t:|1781453574\n|move|p2a: Sableye|Recover|p2a: Sableye\n|-heal|p2a: Sableye|204/231\n|cant|p1a: Entei|par\n|\n|-heal|p2a: Sableye|218/231|[from] item: Leftovers\n|upkeep\n|turn|9\n|\n|t:|1781453585\n|move|p2a: Sableye|Knock Off|p1a: Entei\n|-damage|p1a: Entei|201/307 par\n|-enditem|p1a: Entei|Choice Band|[from] move: Knock Off|[of] p2a: Sableye\n|cant|p1a: Entei|par\n|\n|-heal|p2a: Sableye|231/231|[from] item: Leftovers\n|upkeep\n|turn|10\n|\n|t:|1781453595\n|switch|p2a: Dipplin|Dipplin, L88, F|284/284\n|cant|p1a: Entei|par\n|\n|upkeep\n|turn|11\n|\n|t:|1781453606\n|switch|p1a: Chimecho|Chimecho, L93, F|290/290\n|move|p2a: Dipplin|Dragon Pulse|p1a: Chimecho\n|-damage|p1a: Chimecho|205/290\n|\n|-heal|p1a: Chimecho|223/290|[from] item: Leftovers\n|upkeep\n|turn|12\n|inactive|huijokp has 120 seconds left.\n|\n|t:|1781453620\n|switch|p2a: Muk|Muk-Alola, L82, F|306/306 par\n|move|p1a: Chimecho|Heal Bell|p1a: Chimecho\n|-activate|p1a: Chimecho|move: Heal Bell\n|-curestatus|p1: Entei|par|[msg]\n|\n|-heal|p1a: Chimecho|241/290|[from] item: Leftovers\n|upkeep\n|turn|13\n|\n|t:|1781453624\n|switch|p1a: Entei|Entei, L78|201/307\n|move|p2a: Muk|Knock Off|p1a: Entei\n|-damage|p1a: Entei|129/307\n|\n|upkeep\n|turn|14\n|inactive|huijokp has 120 seconds left.\n|\n|t:|1781453658\n|switch|p2a: Sableye|Sableye, L88, M|231/231\n|move|p1a: Entei|Flare Blitz|p2a: Sableye\n|-damage|p2a: Sableye|102/231\n|-damage|p1a: Entei|86/307|[from] Recoil\n|\n|-heal|p2a: Sableye|116/231|[from] item: Leftovers\n|upkeep\n|turn|15\n|inactive|huijokp has 120 seconds left.\n|\n|t:|1781453663\n|move|p2a: Sableye|Recover|p2a: Sableye\n|-heal|p2a: Sableye|231/231\n|move|p1a: Entei|Flare Blitz|p2a: Sableye\n|-damage|p2a: Sableye|95/231\n|-damage|p1a: Entei|41/307|[from] Recoil\n|\n|-heal|p2a: Sableye|109/231|[from] item: Leftovers\n|upkeep\n|turn|16\n|\n|t:|1781453670\n|move|p2a: Sableye|Recover|p2a: Sableye\n|-heal|p2a: Sableye|225/231\n|move|p1a: Entei|Sacred Fire|p2a: Sableye\n|-damage|p2a: Sableye|110/231\n|-status|p2a: Sableye|brn\n|\n|-heal|p2a: Sableye|124/231 brn|[from] item: Leftovers\n|-damage|p2a: Sableye|110/231 brn|[from] brn\n|upkeep\n|turn|17\n|\n|t:|1781453675\n|move|p2a: Sableye|Recover|p2a: Sableye\n|-heal|p2a: Sableye|226/231 brn\n|move|p1a: Entei|Sacred Fire|p2a: Sableye\n|-damage|p2a: Sableye|103/231 brn\n|\n|-heal|p2a: Sableye|117/231 brn|[from] item: Leftovers\n|-damage|p2a: Sableye|103/231 brn|[from] brn\n|upkeep\n|turn|18\n|\n|t:|1781453687\n|move|p2a: Sableye|Recover|p2a: Sableye\n|-heal|p2a: Sableye|219/231 brn\n|move|p1a: Entei|Sacred Fire|p2a: Sableye\n|-damage|p2a: Sableye|107/231 brn\n|\n|-heal|p2a: Sableye|121/231 brn|[from] item: Leftovers\n|-damage|p2a: Sableye|107/231 brn|[from] brn\n|upkeep\n|turn|19\n|\n|t:|1781453692\n|move|p2a: Sableye|Encore|p1a: Entei\n|-start|p1a: Entei|Encore\n|move|p1a: Entei|Sacred Fire|p2a: Sableye\n|-damage|p2a: Sableye|0 fnt\n|faint|p2a: Sableye\n|\n|upkeep\n|\n|t:|1781453695\n|switch|p2a: Tornadus|Tornadus, L82, M|263/263\n|turn|20\n|\n|t:|1781453698\n|move|p2a: Tornadus|U-turn|p1a: Entei\n|-resisted|p1a: Entei\n|-damage|p1a: Entei|9/307\n|\n|t:|1781453701\n|switch|p2a: Dipplin|Dipplin, L88, F|284/284|[from] U-turn\n|move|p1a: Entei|Sacred Fire|p2a: Dipplin\n|-damage|p2a: Dipplin|227/284\n|\n|upkeep\n|turn|21\n|\n|t:|1781453708\n|move|p1a: Entei|Sacred Fire|p2a: Dipplin\n|-damage|p2a: Dipplin|169/284\n|move|p2a: Dipplin|Dragon Pulse|p1a: Entei\n|-damage|p1a: Entei|0 fnt\n|faint|p1a: Entei\n|\n|upkeep\n|\n|t:|1781453724\n|switch|p1a: Chimecho|Chimecho, L93, F|241/290\n|turn|22\n|inactive|huijokp has 120 seconds left.\n|\n|t:|1781453768\n|switch|p1a: Coalossal|Coalossal, L89, M|341/341\n|switch|p2a: Muk|Muk-Alola, L82, F|306/306 par\n|\n|upkeep\n|turn|23\n|\n|t:|1781453778\n|move|p1a: Coalossal|Stone Edge|p2a: Muk\n|-damage|p2a: Muk|183/306 par\n|move|p2a: Muk|Drain Punch|p1a: Coalossal\n|-supereffective|p1a: Coalossal\n|-damage|p1a: Coalossal|265/341\n|-heal|p2a: Muk|221/306 par|[from] drain|[of] p1a: Coalossal\n|\n|upkeep\n|turn|24\n|\n|t:|1781453787\n|switch|p2a: Dipplin|Dipplin, L88, F|169/284\n|move|p1a: Coalossal|Stone Edge|p2a: Dipplin\n|-crit|p2a: Dipplin\n|-damage|p2a: Dipplin|78/284\n|\n|upkeep\n|turn|25\n|\n|t:|1781453803\n|switch|p1a: Polteageist|Polteageist-Antique, L78|222/222\n|move|p2a: Dipplin|Recover|p2a: Dipplin\n|-heal|p2a: Dipplin|220/284\n|\n|upkeep\n|turn|26\n|inactive|huijokp has 120 seconds left.\n|\n|t:|1781453838\n|move|p1a: Polteageist|Shell Smash|p1a: Polteageist\n|-unboost|p1a: Polteageist|def|1\n|-unboost|p1a: Polteageist|spd|1\n|-boost|p1a: Polteageist|atk|2\n|-boost|p1a: Polteageist|spa|2\n|-boost|p1a: Polteageist|spe|2\n|-enditem|p1a: Polteageist|White Herb\n|-clearnegativeboost|p1a: Polteageist|[silent]\n|move|p2a: Dipplin|Dragon Tail|p1a: Polteageist\n|-damage|p1a: Polteageist|140/222\n|drag|p1a: Coalossal|Coalossal, L89, M|265/341\n|\n|upkeep\n|turn|27\n|\n|t:|1781453850\n|move|p2a: Dipplin|Giga Drain|p1a: Coalossal\n|-damage|p1a: Coalossal|186/341\n|-heal|p2a: Dipplin|260/284|[from] drain|[of] p1a: Coalossal\n|move|p1a: Coalossal|Stone Edge|p2a: Dipplin\n|-damage|p2a: Dipplin|205/284\n|\n|upkeep\n|turn|28\n|\n|t:|1781453857\n|move|p2a: Dipplin|Giga Drain|p1a: Coalossal\n|-damage|p1a: Coalossal|108/341\n|-heal|p2a: Dipplin|244/284|[from] drain|[of] p1a: Coalossal\n|move|p1a: Coalossal|Will-O-Wisp|p2a: Dipplin\n|-status|p2a: Dipplin|brn\n|\n|-damage|p2a: Dipplin|227/284 brn|[from] brn\n|upkeep\n|turn|29\n|\n|t:|1781453864\n|move|p2a: Dipplin|Giga Drain|p1a: Coalossal\n|-damage|p1a: Coalossal|24/341\n|-heal|p2a: Dipplin|269/284 brn|[from] drain|[of] p1a: Coalossal\n|move|p1a: Coalossal|Rapid Spin|p2a: Dipplin\n|-damage|p2a: Dipplin|251/284 brn\n|-boost|p1a: Coalossal|spe|1\n|\n|-damage|p2a: Dipplin|234/284 brn|[from] brn\n|upkeep\n|turn|30\n|\n|t:|1781453869\n|move|p1a: Coalossal|Overheat|p2a: Dipplin\n|-damage|p2a: Dipplin|147/284 brn\n|-unboost|p1a: Coalossal|spa|2\n|move|p2a: Dipplin|Giga Drain|p1a: Coalossal\n|-damage|p1a: Coalossal|0 fnt\n|-heal|p2a: Dipplin|159/284 brn|[from] drain|[of] p1a: Coalossal\n|faint|p1a: Coalossal\n|\n|-damage|p2a: Dipplin|142/284 brn|[from] brn\n|upkeep\n|\n|t:|1781453875\n|switch|p1a: Polteageist|Polteageist-Antique, L78|140/222\n|turn|31\n|\n|t:|1781453879\n|move|p1a: Polteageist|Shadow Ball|p2a: Dipplin\n|-damage|p2a: Dipplin|76/284 brn\n|move|p2a: Dipplin|Dragon Tail|p1a: Polteageist\n|-damage|p1a: Polteageist|101/222\n|-start|p2a: Dipplin|Disable|Dragon Tail|[from] ability: Cursed Body|[of] p1a: Polteageist\n|drag|p1a: Dondozo|Dondozo, L78, F|362/362\n|\n|-damage|p2a: Dipplin|59/284 brn|[from] brn\n|upkeep\n|turn|32\n|\n|t:|1781453885\n|switch|p1a: Polteageist|Polteageist-Antique, L78|101/222\n|move|p2a: Dipplin|Giga Drain|p1a: Polteageist\n|-damage|p1a: Polteageist|31/222\n|-heal|p2a: Dipplin|94/284 brn|[from] drain|[of] p1a: Polteageist\n|\n|-damage|p2a: Dipplin|77/284 brn|[from] brn\n|upkeep\n|turn|33\n|\n|t:|1781453908\n|move|p1a: Polteageist|Strength Sap|p2a: Dipplin\n|-unboost|p2a: Dipplin|atk|1\n|-heal|p1a: Polteageist|222/222\n|move|p2a: Dipplin|Giga Drain|p1a: Polteageist\n|-damage|p1a: Polteageist|147/222\n|-heal|p2a: Dipplin|115/284 brn|[from] drain|[of] p1a: Polteageist\n|\n|-damage|p2a: Dipplin|98/284 brn|[from] brn\n|upkeep\n|turn|34\n|\n|t:|1781453913\n|switch|p2a: Muk|Muk-Alola, L82, F|221/306 par\n|move|p1a: Polteageist|Shell Smash|p1a: Polteageist\n|-unboost|p1a: Polteageist|def|1\n|-unboost|p1a: Polteageist|spd|1\n|-boost|p1a: Polteageist|atk|2\n|-boost|p1a: Polteageist|spa|2\n|-boost|p1a: Polteageist|spe|2\n|\n|upkeep\n|turn|35\n|\n|t:|1781453918\n|-terastallize|p1a: Polteageist|Dark\n|move|p1a: Polteageist|Strength Sap|p2a: Muk\n|-unboost|p2a: Muk|atk|1\n|-heal|p1a: Polteageist|222/222\n|move|p2a: Muk|Knock Off|p1a: Polteageist\n|-resisted|p1a: Polteageist\n|-damage|p1a: Polteageist|176/222\n|\n|upkeep\n|turn|36\n|\n|t:|1781453921\n|move|p1a: Polteageist|Shadow Ball|p2a: Muk\n|-resisted|p2a: Muk\n|-damage|p2a: Muk|164/306 par\n|move|p2a: Muk|Drain Punch|p1a: Polteageist\n|-supereffective|p1a: Polteageist\n|-damage|p1a: Polteageist|28/222\n|-heal|p2a: Muk|238/306 par|[from] drain|[of] p1a: Polteageist\n|\n|upkeep\n|turn|37\n|\n|t:|1781453928\n|move|p1a: Polteageist|Strength Sap|p2a: Muk\n|-unboost|p2a: Muk|atk|1\n|-heal|p1a: Polteageist|174/222\n|move|p2a: Muk|Drain Punch|p1a: Polteageist\n|-supereffective|p1a: Polteageist\n|-damage|p1a: Polteageist|68/222\n|-heal|p2a: Muk|291/306 par|[from] drain|[of] p1a: Polteageist\n|\n|upkeep\n|turn|38\n|\n|t:|1781453934\n|move|p1a: Polteageist|Strength Sap|p2a: Muk\n|-unboost|p2a: Muk|atk|1\n|-heal|p1a: Polteageist|177/222\n|move|p2a: Muk|Drain Punch|p1a: Polteageist\n|-supereffective|p1a: Polteageist\n|-damage|p1a: Polteageist|93/222\n|-heal|p2a: Muk|306/306 par|[from] drain|[of] p1a: Polteageist\n|\n|upkeep\n|turn|39\n|\n|t:|1781453938\n|switch|p2a: Dipplin|Dipplin, L88, F|98/284 brn\n|move|p1a: Polteageist|Strength Sap|p2a: Dipplin\n|-unboost|p2a: Dipplin|atk|1\n|-heal|p1a: Polteageist|222/222\n|\n|-damage|p2a: Dipplin|81/284 brn|[from] brn\n|upkeep\n|turn|40\n|\n|t:|1781453942\n|move|p1a: Polteageist|Shadow Ball|p2a: Dipplin\n|-damage|p2a: Dipplin|0 fnt\n|faint|p2a: Dipplin\n|\n|upkeep\n|\n|t:|1781453948\n|switch|p2a: Tornadus|Tornadus, L82, M|263/263\n|turn|41\n|\n|t:|1781453951\n|move|p1a: Polteageist|Stored Power|p2a: Tornadus\n|-damage|p2a: Tornadus|4/263\n|move|p2a: Tornadus|U-turn|p1a: Polteageist\n|-supereffective|p1a: Polteageist\n|-damage|p1a: Polteageist|24/222\n|\n|t:|1781453957\n|switch|p2a: Magnezone|Magnezone, L85|258/258|[from] U-turn\n|\n|upkeep\n|turn|42\n|\n|t:|1781453981\n|move|p1a: Polteageist|Shadow Ball|p2a: Magnezone\n|-crit|p2a: Magnezone\n|-damage|p2a: Magnezone|0 fnt\n|faint|p2a: Magnezone\n|\n|upkeep\n|inactive|huijokp has 120 seconds left.\n|\n|t:|1781454011\n|switch|p2a: Muk|Muk-Alola, L82, F|306/306 par\n|turn|43\n|\n|t:|1781454016\n|-terastallize|p2a: Muk|Fighting\n|move|p1a: Polteageist|Strength Sap|p2a: Muk\n|-unboost|p2a: Muk|atk|1\n|-heal|p1a: Polteageist|222/222\n|move|p2a: Muk|Drain Punch|p1a: Polteageist\n|-supereffective|p1a: Polteageist\n|-damage|p1a: Polteageist|12/222\n|\n|upkeep\n|turn|44\n|\n|t:|1781454025\n|move|p1a: Polteageist|Strength Sap|p2a: Muk\n|-unboost|p2a: Muk|atk|1\n|-heal|p1a: Polteageist|158/222\n|move|p2a: Muk|Drain Punch|p1a: Polteageist\n|-supereffective|p1a: Polteageist\n|-damage|p1a: Polteageist|6/222\n|-status|p1a: Polteageist|psn|[from] ability: Poison Touch|[of] p2a: Muk\n|\n|-damage|p1a: Polteageist|0 fnt|[from] psn\n|faint|p1a: Polteageist\n|upkeep\n|\n|t:|1781454033\n|switch|p1a: Chimecho|Chimecho, L93, F|241/290\n|turn|45\n|\n|t:|1781454036\n|move|p1a: Chimecho|Psychic Noise|p2a: Muk\n|-supereffective|p2a: Muk\n|-damage|p2a: Muk|184/306 par\n|-start|p2a: Muk|move: Heal Block\n|move|p2a: Muk|Knock Off|p1a: Chimecho\n|-supereffective|p1a: Chimecho\n|-damage|p1a: Chimecho|145/290\n|-enditem|p1a: Chimecho|Leftovers|[from] move: Knock Off|[of] p2a: Muk\n|\n|upkeep\n|turn|46\n|\n|t:|1781454041\n|switch|p2a: Tornadus|Tornadus, L82, M|4/263\n|move|p1a: Chimecho|Recover|p1a: Chimecho\n|-heal|p1a: Chimecho|290/290\n|\n|upkeep\n|turn|47\n|\n|t:|1781454044\n|move|p2a: Tornadus|U-turn|p1a: Chimecho\n|-supereffective|p1a: Chimecho\n|-damage|p1a: Chimecho|182/290\n|\n|t:|1781454047\n|switch|p2a: Muk|Muk-Alola, L82, F, tera:Fighting|184/306 par|[from] U-turn\n|move|p1a: Chimecho|Psychic Noise|p2a: Muk\n|-supereffective|p2a: Muk\n|-damage|p2a: Muk|64/306 par\n|-start|p2a: Muk|move: Heal Block\n|\n|upkeep\n|turn|48\n|\n|t:|1781454050\n|move|p1a: Chimecho|Psychic Noise|p2a: Muk\n|-supereffective|p2a: Muk\n|-damage|p2a: Muk|0 fnt\n|faint|p2a: Muk\n|\n|upkeep\n|\n|t:|1781454053\n|switch|p2a: Tornadus|Tornadus, L82, M|4/263\n|turn|49\n|\n|t:|1781454054\n|move|p2a: Tornadus|Bleakwind Storm|p1a: Chimecho\n|-damage|p1a: Chimecho|17/290\n|-unboost|p1a: Chimecho|spe|1\n|move|p1a: Chimecho|Psychic Noise|p2a: Tornadus\n|-damage|p2a: Tornadus|0 fnt\n|faint|p2a: Tornadus\n|\n|win|jsierra32\n", "inputlog": ">version a8376a258c1d4662feba110a92103f3664a72141\n>start {\"formatid\":\"gen9randombattle\",\"seed\":\"sodium,8dd880aaf088991dd3d1307e8ace06c8\",\"rated\":\"Rated battle\"}\n>player p1 {\"name\":\"jsierra32\",\"avatar\":\"170\",\"rating\":1932,\"seed\":\"sodium,771201f0fc7d4cfc46b9f5361e60b854\"}\n>player p2 {\"name\":\"huijokp\",\"avatar\":\"266\",\"rating\":1961,\"seed\":\"sodium,75a88071f6c38be69b3ba4f2b356ca09\"}\n>p1 move thunderwave\n>p2 switch 3\n>p1 switch 2\n>p2 move knockoff\n>p1 move facade\n>p2 switch 3\n>p1 move facade\n>p2 move painsplit\n>p1 move facade\n>p2 move strangesteam\n>p1 switch 4\n>p1 move sacredfire\n>p2 move painsplit\n>p2 switch 5\n>p1 move sacredfire\n>p2 move thunderwave\n>p1 move sacredfire\n>p2 move recover\n>p1 move sacredfire\n>p2 move knockoff\n>p1 move sacredfire\n>p2 switch 6\n>p1 switch 2\n>p2 move dragonpulse\n>p1 move healbell\n>p2 switch 3\n>p1 switch 2\n>p2 move knockoff\n>p1 move flareblitz\n>p2 switch 6\n>p1 move flareblitz\n>p2 move recover\n>p1 move sacredfire\n>p2 move recover\n>p1 move sacredfire\n>p2 move recover\n>p1 move sacredfire\n>p2 move recover\n>p1 move sacredfire\n>p2 move encore\n>p2 switch 4\n>p1 move sacredfire\n>p2 move uturn\n>p2 switch 3\n>p1 move sacredfire\n>p2 move dragonpulse\n>p1 switch 2\n>p1 switch 5\n>p2 switch 6\n>p1 move stoneedge\n>p2 move drainpunch\n>p1 move stoneedge\n>p2 switch 6\n>p1 switch 3\n>p2 move recover\n>p1 move shellsmash\n>p2 move dragontail\n>p1 move stoneedge\n>p2 move gigadrain\n>p1 move willowisp\n>p2 move gigadrain\n>p1 move rapidspin\n>p2 move gigadrain\n>p1 move overheat\n>p2 move gigadrain\n>p1 switch 3\n>p1 move shadowball\n>p2 move dragontail\n>p1 switch 6\n>p2 move gigadrain\n>p1 move strengthsap\n>p2 move gigadrain\n>p1 move shellsmash\n>p2 switch 6\n>p1 move strengthsap terastallize\n>p2 move knockoff\n>p1 move shadowball\n>p2 move drainpunch\n>p1 move strengthsap\n>p2 move drainpunch\n>p1 move strengthsap\n>p2 move drainpunch\n>p1 move strengthsap\n>p2 switch 6\n>p1 move shadowball\n>p2 move dragontail\n>p2 switch 3\n>p1 move storedpower\n>p2 move uturn\n>p2 switch 2\n>p1 move shadowball\n>p2 move bodypress\n>p2 switch 6\n>p1 move strengthsap\n>p2 move drainpunch terastallize\n>p1 move strengthsap\n>p2 move drainpunch\n>p1 switch 5\n>p1 move psychicnoise\n>p2 move knockoff\n>p1 move recover\n>p2 switch 2\n>p1 move psychicnoise\n>p2 move uturn\n>p2 switch 2\n>p1 move psychicnoise\n>p2 move poisonjab\n>p2 switch 2\n>p1 move psychicnoise\n>p2 move bleakwindstorm", "uploadtime": 1781453447, "views": 4, "formatid": "gen9randombattle", "rating": null, "private": 0, "password": null}