{"id": "gen9randombattle-2631595130", "format": "[Gen 9] Random Battle", "players": ["Roface", "iseeY0shi"], "log": "|j|\u2606Roface\n|j|\u2606iseeY0shi\n|t:|1781406182\n|gametype|singles\n|player|p1|Roface|yancy|2100\n|player|p2|iseeY0shi|102|2132\n|gen|9\n|tier|[Gen 9] Random Battle\n|rated|\n|rule|Species Clause: Limit one of each Pok\u00e9mon\n|rule|HP Percentage Mod: HP is shown in percentages\n|rule|Sleep Clause Mod: Limit one foe put to sleep\n|rule|Illusion Level Mod: Illusion disguises the Pok\u00e9mon's true level\n|\n|t:|1781406182\n|teamsize|p1|6\n|teamsize|p2|6\n|start\n|switch|p1a: Hariyama|Hariyama, L87, F|392/392\n|switch|p2a: Phione|Phione, L91|293/293\n|turn|1\n|inactive|Battle timer is ON: inactive players will automatically lose when time's up. (requested by Roface)\n|\n|t:|1781406217\n|switch|p2a: Dusknoir|Dusknoir, L89, M|225/225\n|-item|p1a: Hariyama|Assault Vest|[from] ability: Frisk|[of] p2a: Dusknoir\n|move|p1a: Hariyama|Knock Off|p2a: Dusknoir\n|-supereffective|p2a: Dusknoir\n|-damage|p2a: Dusknoir|117/225\n|-enditem|p2a: Dusknoir|Leftovers|[from] move: Knock Off|[of] p1a: Hariyama\n|\n|upkeep\n|turn|2\n|\n|t:|1781406241\n|switch|p1a: Toucannon|Toucannon, L88, F|284/284\n|move|p2a: Dusknoir|Pain Split|p1a: Toucannon\n|-sethp|p1a: Toucannon|200/284|[from] move: Pain Split|[silent]\n|-sethp|p2a: Dusknoir|200/225|[from] move: Pain Split\n|\n|upkeep\n|turn|3\n|\n|t:|1781406244\n|-singleturn|p1a: Toucannon|move: Beak Blast\n|move|p2a: Dusknoir|Will-O-Wisp|p1a: Toucannon\n|-status|p1a: Toucannon|brn\n|move|p1a: Toucannon|Beak Blast|p2a: Dusknoir\n|-damage|p2a: Dusknoir|152/225\n|\n|-damage|p1a: Toucannon|183/284 brn|[from] brn\n|upkeep\n|turn|4\n|\n|t:|1781406259\n|switch|p2a: Phione|Phione, L91|293/293\n|move|p1a: Toucannon|Roost|p1a: Toucannon\n|-heal|p1a: Toucannon|284/284 brn\n|-singleturn|p1a: Toucannon|move: Roost\n|\n|-damage|p1a: Toucannon|267/284 brn|[from] brn\n|upkeep\n|turn|5\n|\n|t:|1781406267\n|move|p2a: Phione|Take Heart|p2a: Phione\n|-boost|p2a: Phione|spa|1\n|-boost|p2a: Phione|spd|1\n|move|p1a: Toucannon|U-turn|p2a: Phione\n|-damage|p2a: Phione|262/293\n|\n|t:|1781406271\n|switch|p1a: Girafarig|Girafarig, L89, M|269/269|[from] U-turn\n|\n|-heal|p2a: Phione|280/293|[from] item: Leftovers\n|upkeep\n|turn|6\n|\n|t:|1781406275\n|move|p1a: Girafarig|Nasty Plot|p1a: Girafarig\n|-boost|p1a: Girafarig|spa|2\n|move|p2a: Phione|Scald|p1a: Girafarig\n|-damage|p1a: Girafarig|158/269\n|-status|p1a: Girafarig|brn\n|\n|-heal|p2a: Phione|293/293|[from] item: Leftovers\n|-damage|p1a: Girafarig|142/269 brn|[from] brn\n|upkeep\n|turn|7\n|\n|t:|1781406281\n|move|p1a: Girafarig|Thunderbolt|p2a: Phione\n|-supereffective|p2a: Phione\n|-damage|p2a: Phione|103/293\n|move|p2a: Phione|Scald|p1a: Girafarig\n|-damage|p1a: Girafarig|36/269 brn\n|\n|-heal|p2a: Phione|121/293|[from] item: Leftovers\n|-damage|p1a: Girafarig|20/269 brn|[from] brn\n|upkeep\n|turn|8\n|\n|t:|1781406286\n|switch|p2a: Scrafty|Scrafty, L83, F|244/244\n|move|p1a: Girafarig|Psyshock|p2a: Scrafty\n|-immune|p2a: Scrafty\n|\n|-damage|p1a: Girafarig|4/269 brn|[from] brn\n|upkeep\n|turn|9\n|\n|t:|1781406295\n|switch|p2a: Phione|Phione, L91|121/293\n|move|p1a: Girafarig|Thunderbolt|p2a: Phione\n|-supereffective|p2a: Phione\n|-damage|p2a: Phione|0 fnt\n|faint|p2a: Phione\n|\n|-damage|p1a: Girafarig|0 fnt|[from] brn\n|faint|p1a: Girafarig\n|upkeep\n|\n|t:|1781406304\n|switch|p1a: Shaymin|Shaymin-Sky, L73|266/266\n|switch|p2a: Grimmsnarl|Grimmsnarl, L83, M|293/293\n|turn|10\n|\n|t:|1781406311\n|switch|p1a: Toucannon|Toucannon, L88, F|267/284 brn\n|move|p2a: Grimmsnarl|Spirit Break|p1a: Toucannon\n|-damage|p1a: Toucannon|167/284 brn\n|-unboost|p1a: Toucannon|spa|1\n|\n|-damage|p1a: Toucannon|150/284 brn|[from] brn\n|upkeep\n|turn|11\n|\n|t:|1781406320\n|-singleturn|p1a: Toucannon|move: Beak Blast\n|move|p2a: Grimmsnarl|Taunt|p1a: Toucannon\n|-start|p1a: Toucannon|move: Taunt\n|move|p1a: Toucannon|Beak Blast|p2a: Grimmsnarl\n|-damage|p2a: Grimmsnarl|211/293\n|\n|-heal|p2a: Grimmsnarl|229/293|[from] item: Leftovers\n|-damage|p1a: Toucannon|133/284 brn|[from] brn\n|upkeep\n|turn|12\n|\n|t:|1781406324\n|move|p1a: Toucannon|Boomburst|p2a: Grimmsnarl\n|-damage|p2a: Grimmsnarl|132/293\n|move|p2a: Grimmsnarl|Spirit Break|p1a: Toucannon\n|-damage|p1a: Toucannon|28/284 brn\n|-unboost|p1a: Toucannon|spa|1\n|\n|-heal|p2a: Grimmsnarl|150/293|[from] item: Leftovers\n|-damage|p1a: Toucannon|11/284 brn|[from] brn\n|upkeep\n|turn|13\n|\n|t:|1781406327\n|-singleturn|p1a: Toucannon|move: Beak Blast\n|move|p2a: Grimmsnarl|Sucker Punch|p1a: Toucannon\n|-damage|p1a: Toucannon|0 fnt\n|-status|p2a: Grimmsnarl|brn\n|faint|p1a: Toucannon\n|\n|-heal|p2a: Grimmsnarl|168/293 brn|[from] item: Leftovers\n|-damage|p2a: Grimmsnarl|150/293 brn|[from] brn\n|upkeep\n|\n|t:|1781406333\n|switch|p1a: Shaymin|Shaymin-Sky, L73|266/266\n|turn|14\n|\n|t:|1781406338\n|move|p2a: Grimmsnarl|Thunder Wave|p1a: Shaymin\n|-status|p1a: Shaymin|par\n|cant|p1a: Shaymin|par\n|\n|-heal|p2a: Grimmsnarl|168/293 brn|[from] item: Leftovers\n|-damage|p2a: Grimmsnarl|150/293 brn|[from] brn\n|upkeep\n|turn|15\n|\n|t:|1781406341\n|move|p2a: Grimmsnarl|Spirit Break|p1a: Shaymin\n|-damage|p1a: Shaymin|204/266 par\n|-unboost|p1a: Shaymin|spa|1\n|move|p1a: Shaymin|Seed Flare|p2a: Grimmsnarl\n|-damage|p2a: Grimmsnarl|66/293 brn\n|-unboost|p2a: Grimmsnarl|spd|2\n|\n|-heal|p2a: Grimmsnarl|84/293 brn|[from] item: Leftovers\n|-damage|p2a: Grimmsnarl|66/293 brn|[from] brn\n|upkeep\n|turn|16\n|\n|t:|1781406347\n|switch|p2a: Snorlax|Snorlax, L82, F|397/397\n|move|p1a: Shaymin|Air Slash|p2a: Snorlax\n|-damage|p2a: Snorlax|355/397\n|\n|upkeep\n|turn|17\n|\n|t:|1781406350\n|move|p1a: Shaymin|Seed Flare|p2a: Snorlax\n|-damage|p2a: Snorlax|291/397\n|move|p2a: Snorlax|Curse|p2a: Snorlax\n|-unboost|p2a: Snorlax|spe|1\n|-boost|p2a: Snorlax|atk|1\n|-boost|p2a: Snorlax|def|1\n|\n|upkeep\n|turn|18\n|\n|t:|1781406352\n|move|p1a: Shaymin|Seed Flare|p2a: Snorlax|[miss]\n|-miss|p1a: Shaymin|p2a: Snorlax\n|move|p2a: Snorlax|Body Slam|p1a: Shaymin\n|-damage|p1a: Shaymin|23/266 par\n|\n|upkeep\n|turn|19\n|\n|t:|1781406355\n|cant|p1a: Shaymin|par\n|move|p2a: Snorlax|Body Slam|p1a: Shaymin\n|-damage|p1a: Shaymin|0 fnt\n|faint|p1a: Shaymin\n|\n|upkeep\n|\n|t:|1781406357\n|switch|p1a: Hariyama|Hariyama, L87, F|392/392\n|turn|20\n|\n|t:|1781406361\n|-terastallize|p2a: Snorlax|Ground\n|move|p1a: Hariyama|Knock Off|p2a: Snorlax\n|-damage|p2a: Snorlax|216/397\n|-enditem|p2a: Snorlax|Chesto Berry|[from] move: Knock Off|[of] p1a: Hariyama\n|move|p2a: Snorlax|Body Slam|p1a: Hariyama\n|-damage|p1a: Hariyama|220/392\n|-status|p1a: Hariyama|par\n|\n|upkeep\n|turn|21\n|\n|t:|1781406368\n|move|p1a: Hariyama|Close Combat|p2a: Snorlax\n|-damage|p2a: Snorlax|75/397\n|-unboost|p1a: Hariyama|def|1\n|-unboost|p1a: Hariyama|spd|1\n|move|p2a: Snorlax|Earthquake|p1a: Hariyama\n|-damage|p1a: Hariyama|0 fnt\n|faint|p1a: Hariyama\n|\n|upkeep\n|\n|t:|1781406373\n|switch|p1a: Keldeo|Keldeo-Resolute, L79|273/273\n|turn|22\n|\n|t:|1781406377\n|move|p1a: Keldeo|Flip Turn|p2a: Snorlax\n|-supereffective|p2a: Snorlax\n|-damage|p2a: Snorlax|0 fnt\n|faint|p2a: Snorlax\n|\n|t:|1781406379\n|switch|p1a: Wugtrio|Wugtrio, L91, M|212/212|[from] Flip Turn\n|\n|upkeep\n|\n|t:|1781406383\n|switch|p2a: Grimmsnarl|Grimmsnarl, L83, M|66/293 brn\n|turn|23\n|\n|t:|1781406389\n|move|p1a: Wugtrio|Aqua Jet|p2a: Grimmsnarl\n|-damage|p2a: Grimmsnarl|0 fnt\n|faint|p2a: Grimmsnarl\n|\n|upkeep\n|\n|t:|1781406397\n|switch|p2a: Dusknoir|Dusknoir, L89, M|152/225\n|-item|p1a: Wugtrio|Choice Band|[from] ability: Frisk|[of] p2a: Dusknoir\n|turn|24\n|\n|t:|1781406406\n|move|p1a: Wugtrio|Aqua Jet|p2a: Dusknoir\n|-crit|p2a: Dusknoir\n|-damage|p2a: Dusknoir|79/225\n|move|p2a: Dusknoir|Pain Split|p1a: Wugtrio\n|-sethp|p1a: Wugtrio|145/212|[from] move: Pain Split|[silent]\n|-sethp|p2a: Dusknoir|145/225|[from] move: Pain Split\n|\n|upkeep\n|turn|25\n|\n|t:|1781406409\n|move|p1a: Wugtrio|Aqua Jet|p2a: Dusknoir\n|-damage|p2a: Dusknoir|90/225\n|move|p2a: Dusknoir|Poltergeist|p1a: Wugtrio\n|-activate|p1a: Wugtrio|move: Poltergeist|Choice Band\n|-damage|p1a: Wugtrio|0 fnt\n|faint|p1a: Wugtrio\n|\n|upkeep\n|\n|t:|1781406411\n|switch|p1a: Keldeo|Keldeo-Resolute, L79|273/273\n|turn|26\n|\n|t:|1781406414\n|move|p1a: Keldeo|Hydro Pump|p2a: Dusknoir\n|-damage|p2a: Dusknoir|0 fnt\n|faint|p2a: Dusknoir\n|\n|upkeep\n|\n|t:|1781406423\n|switch|p2a: Scrafty|Scrafty, L83, F|244/244\n|turn|27\n|\n|t:|1781406428\n|-terastallize|p1a: Keldeo|Water\n|move|p1a: Keldeo|Hydro Pump|p2a: Scrafty\n|-damage|p2a: Scrafty|20/244\n|move|p2a: Scrafty|Drain Punch|p1a: Keldeo\n|-damage|p1a: Keldeo|194/273\n|-heal|p2a: Scrafty|60/244|[from] drain|[of] p1a: Keldeo\n|\n|-heal|p2a: Scrafty|75/244|[from] item: Leftovers\n|upkeep\n|turn|28\n|\n|t:|1781406436\n|move|p1a: Keldeo|Hydro Pump|p2a: Scrafty\n|-damage|p2a: Scrafty|0 fnt\n|faint|p2a: Scrafty\n|\n|upkeep\n|\n|t:|1781406437\n|switch|p2a: Stonjourner|Stonjourner, L91, M|330/330\n|turn|29\n|\n|t:|1781406439\n|move|p1a: Keldeo|Hydro Pump|p2a: Stonjourner|[miss]\n|-miss|p1a: Keldeo|p2a: Stonjourner\n|move|p2a: Stonjourner|Stone Edge|p1a: Keldeo\n|-crit|p1a: Keldeo\n|-damage|p1a: Keldeo|0 fnt\n|faint|p1a: Keldeo\n|-damage|p2a: Stonjourner|297/330|[from] item: Life Orb\n|\n|win|iseeY0shi\n|raw|Roface's rating: 2100 &rarr; <strong>2082</strong><br />(-18 for losing)\n|raw|iseeY0shi's rating: 2132 &rarr; <strong>2150</strong><br />(+18 for winning)\n", "inputlog": ">version a8376a258c1d4662feba110a92103f3664a72141\n>start {\"formatid\":\"gen9randombattle\",\"seed\":\"sodium,2bf48f723183e5379edd4657aa1a5825\",\"rated\":\"Rated battle\"}\n>player p1 {\"name\":\"Roface\",\"avatar\":\"yancy\",\"rating\":2100,\"seed\":\"sodium,b9232d0be7ea14241e80b4f4e69ae344\"}\n>player p2 {\"name\":\"iseeY0shi\",\"avatar\":\"102\",\"rating\":2132,\"seed\":\"sodium,633574ada6e326ec754c820f1a50f0fd\"}\n>p1 move knockoff\n>p2 switch 6\n>p1 switch 5\n>p2 move painsplit\n>p1 move beakblast\n>p2 move willowisp\n>p1 move roost\n>p2 switch 6\n>p1 move uturn\n>p2 move takeheart\n>p1 switch 6\n>p1 move nastyplot\n>p2 move scald\n>p1 move thunderbolt\n>p2 move scald\n>p1 move psyshock\n>p2 switch 4\n>p1 move thunderbolt\n>p2 switch 4\n>p1 switch 4\n>p2 switch 5\n>p1 switch 6\n>p2 move spiritbreak\n>p1 move beakblast\n>p2 move taunt\n>p1 move boomburst\n>p2 move spiritbreak\n>p1 move beakblast\n>p2 move suckerpunch\n>p1 switch 6\n>p1 move seedflare\n>p2 move thunderwave\n>p1 move seedflare\n>p2 move spiritbreak\n>p1 move airslash\n>p2 switch 3\n>p1 move seedflare\n>p2 move curse\n>p1 move seedflare\n>p2 move bodyslam\n>p1 move seedflare\n>p2 move bodyslam\n>p1 switch 5\n>p1 move knockoff\n>p2 move bodyslam terastallize\n>p1 move closecombat\n>p2 move earthquake\n>p1 switch 3\n>p1 move flipturn\n>p2 move earthquake\n>p1 switch 2\n>p2 switch 3\n>p1 move aquajet\n>p2 move thunderwave\n>p2 switch 6\n>p1 move aquajet\n>p2 move painsplit\n>p1 move aquajet\n>p2 move poltergeist\n>p1 switch 2\n>p1 move hydropump\n>p2 move poltergeist\n>p2 switch 4\n>p1 move hydropump terastallize\n>p2 move drainpunch\n>p1 move hydropump\n>p2 move drainpunch\n>p2 switch 2\n>p1 move hydropump\n>p2 move stoneedge", "uploadtime": 1781406183, "views": 7, "formatid": "gen9randombattle", "rating": 2082, "private": 0, "password": null}