{"id": "gen9randombattle-2631813283", "format": "[Gen 9] Random Battle", "players": ["espeonagee", "Aoyama0811"], "log": "|j|\u2606espeonagee\n|j|\u2606Aoyama0811\n|t:|1781443364\n|gametype|singles\n|player|p1|espeonagee|169|2223\n|player|p2|Aoyama0811|acetrainerf|2102\n|gen|9\n|tier|[Gen 9] Random Battle\n|rated|\n|rule|Species Clause: Limit one of each Pok\u00e9mon\n|rule|HP Percentage Mod: HP is shown in percentages\n|rule|Sleep Clause Mod: Limit one foe put to sleep\n|rule|Illusion Level Mod: Illusion disguises the Pok\u00e9mon's true level\n|\n|t:|1781443364\n|teamsize|p1|6\n|teamsize|p2|6\n|start\n|switch|p1a: Forretress|Forretress, L84, F|263/263\n|switch|p2a: Flapple|Flapple, L88, F|266/266\n|turn|1\n|\n|t:|1781443374\n|switch|p2a: Heatran|Heatran, L79, M|273/273\n|-item|p2a: Heatran|Air Balloon\n|move|p1a: Forretress|Stealth Rock|p2a: Heatran\n|-sidestart|p2: Aoyama0811|move: Stealth Rock\n|\n|upkeep\n|turn|2\n|inactive|Battle timer is ON: inactive players will automatically lose when time's up. (requested by Aoyama0811)\n|\n|t:|1781443385\n|switch|p1a: Ho-Oh|Ho-Oh, L71|268/268\n|move|p2a: Heatran|Magma Storm|p1a: Ho-Oh\n|-resisted|p1a: Ho-Oh\n|-damage|p1a: Ho-Oh|222/268\n|-activate|p1a: Ho-Oh|move: Magma Storm|[of] p2a: Heatran\n|\n|-damage|p1a: Ho-Oh|189/268|[from] move: Magma Storm|[partiallytrapped]\n|upkeep\n|turn|3\n|\n|t:|1781443392\n|move|p1a: Ho-Oh|Brave Bird|p2a: Heatran\n|-resisted|p2a: Heatran\n|-damage|p2a: Heatran|221/273\n|-enditem|p2a: Heatran|Air Balloon\n|-damage|p1a: Ho-Oh|172/268|[from] Recoil\n|move|p2a: Heatran|Stealth Rock|p1a: Ho-Oh\n|-sidestart|p1: espeonagee|move: Stealth Rock\n|\n|-damage|p1a: Ho-Oh|139/268|[from] move: Magma Storm|[partiallytrapped]\n|upkeep\n|turn|4\n|\n|t:|1781443400\n|switch|p2a: Tauros|Tauros-Paldea-Aqua, L81, M|254/254\n|-damage|p2a: Tauros|239/254|[from] Stealth Rock\n|-ability|p2a: Tauros|Intimidate|boost\n|-unboost|p1a: Ho-Oh|atk|1\n|move|p1a: Ho-Oh|Earthquake|p2a: Tauros\n|-damage|p2a: Tauros|203/254\n|\n|-end|p1a: Ho-Oh|Magma Storm|[partiallytrapped]|[silent]\n|upkeep\n|turn|5\n|\n|t:|1781443405\n|switch|p1a: Swanna|Swanna, L89, F|278/278\n|move|p2a: Tauros|Bulk Up|p2a: Tauros\n|-boost|p2a: Tauros|atk|1\n|-boost|p2a: Tauros|def|1\n|\n|upkeep\n|turn|6\n|\n|t:|1781443415\n|switch|p2a: Raging Bolt|Raging Bolt, L78|323/323\n|-damage|p2a: Raging Bolt|283/323|[from] Stealth Rock\n|-enditem|p2a: Raging Bolt|Booster Energy\n|-activate|p2a: Raging Bolt|ability: Protosynthesis|[fromitem]\n|-start|p2a: Raging Bolt|protosynthesisspa\n|move|p1a: Swanna|Brave Bird|p2a: Raging Bolt\n|-resisted|p2a: Raging Bolt\n|-damage|p2a: Raging Bolt|214/323\n|-damage|p1a: Swanna|255/278|[from] Recoil\n|\n|upkeep\n|turn|7\n|\n|t:|1781443420\n|switch|p1a: Florges|Florges-Orange, L85, F|271/271\n|-damage|p1a: Florges|238/271|[from] Stealth Rock\n|move|p2a: Raging Bolt|Thunderbolt|p1a: Florges\n|-damage|p1a: Florges|154/271\n|\n|-heal|p1a: Florges|170/271|[from] item: Leftovers\n|upkeep\n|turn|8\n|\n|t:|1781443432\n|-end|p2a: Raging Bolt|Protosynthesis|[silent]\n|switch|p2a: Heatran|Heatran, L79, M|221/273\n|-damage|p2a: Heatran|187/273|[from] Stealth Rock\n|move|p1a: Florges|Wish|p1a: Florges\n|\n|-heal|p1a: Florges|186/271|[from] item: Leftovers\n|upkeep\n|turn|9\n|\n|t:|1781443436\n|switch|p2a: Raging Bolt|Raging Bolt, L78|214/323\n|-damage|p2a: Raging Bolt|174/323|[from] Stealth Rock\n|move|p1a: Florges|Protect||[still]\n|-fail|p1a: Florges\n|\n|-heal|p1a: Florges|271/271|[from] move: Wish|[wisher] Florges\n|upkeep\n|turn|10\n|\n|t:|1781443439\n|-end|p2a: Raging Bolt|Protosynthesis|[silent]\n|switch|p2a: Heatran|Heatran, L79, M|187/273\n|-damage|p2a: Heatran|153/273|[from] Stealth Rock\n|move|p1a: Florges|Moonblast|p2a: Heatran\n|-resisted|p2a: Heatran\n|-damage|p2a: Heatran|124/273\n|-unboost|p2a: Heatran|spa|1\n|\n|upkeep\n|turn|11\n|\n|t:|1781443445\n|switch|p1a: Ho-Oh|Ho-Oh, L71|228/268\n|move|p2a: Heatran|Heavy Slam|p1a: Ho-Oh\n|-resisted|p1a: Ho-Oh\n|-damage|p1a: Ho-Oh|195/268\n|\n|upkeep\n|turn|12\n|\n|t:|1781443450\n|switch|p2a: Tauros|Tauros-Paldea-Aqua, L81, M|203/254\n|-damage|p2a: Tauros|188/254|[from] Stealth Rock\n|-ability|p2a: Tauros|Intimidate|boost\n|-unboost|p1a: Ho-Oh|atk|1\n|move|p1a: Ho-Oh|Earthquake|p2a: Tauros\n|-damage|p2a: Tauros|147/254\n|\n|upkeep\n|turn|13\n|\n|t:|1781443454\n|switch|p1a: Swanna|Swanna, L89, F|255/278\n|move|p2a: Tauros|Close Combat|p1a: Swanna\n|-resisted|p1a: Swanna\n|-damage|p1a: Swanna|152/278\n|-unboost|p2a: Tauros|def|1\n|-unboost|p2a: Tauros|spd|1\n|-damage|p2a: Tauros|122/254|[from] item: Life Orb\n|\n|upkeep\n|turn|14\n|\n|t:|1781443461\n|switch|p2a: Raging Bolt|Raging Bolt, L78|174/323\n|-damage|p2a: Raging Bolt|134/323|[from] Stealth Rock\n|move|p1a: Swanna|Roost|p1a: Swanna\n|-heal|p1a: Swanna|278/278\n|-singleturn|p1a: Swanna|move: Roost\n|\n|upkeep\n|turn|15\n|\n|t:|1781443466\n|switch|p1a: Florges|Florges-Orange, L85, F|271/271\n|-damage|p1a: Florges|238/271|[from] Stealth Rock\n|move|p2a: Raging Bolt|Thunderbolt|p1a: Florges\n|-damage|p1a: Florges|169/271\n|-status|p1a: Florges|par\n|\n|-heal|p1a: Florges|185/271 par|[from] item: Leftovers\n|upkeep\n|turn|16\n|\n|t:|1781443472\n|-end|p2a: Raging Bolt|Protosynthesis|[silent]\n|switch|p2a: Heatran|Heatran, L79, M|124/273\n|-damage|p2a: Heatran|90/273|[from] Stealth Rock\n|move|p1a: Florges|Wish|p1a: Florges\n|\n|-heal|p1a: Florges|201/271 par|[from] item: Leftovers\n|upkeep\n|turn|17\n|\n|t:|1781443477\n|switch|p1a: Ho-Oh|Ho-Oh, L71|268/268\n|move|p2a: Heatran|Magma Storm|p1a: Ho-Oh\n|-resisted|p1a: Ho-Oh\n|-damage|p1a: Ho-Oh|227/268\n|-activate|p1a: Ho-Oh|move: Magma Storm|[of] p2a: Heatran\n|\n|-heal|p1a: Ho-Oh|268/268|[from] move: Wish|[wisher] Florges\n|-damage|p1a: Ho-Oh|235/268|[from] move: Magma Storm|[partiallytrapped]\n|upkeep\n|turn|18\n|\n|t:|1781443487\n|switch|p2a: Raging Bolt|Raging Bolt, L78|134/323\n|-damage|p2a: Raging Bolt|94/323|[from] Stealth Rock\n|move|p1a: Ho-Oh|Earthquake|p2a: Raging Bolt\n|-supereffective|p2a: Raging Bolt\n|-damage|p2a: Raging Bolt|0 fnt\n|faint|p2a: Raging Bolt\n|-end|p2a: Raging Bolt|Protosynthesis|[silent]\n|\n|-end|p1a: Ho-Oh|Magma Storm|[partiallytrapped]|[silent]\n|upkeep\n|\n|t:|1781443495\n|switch|p2a: Tauros|Tauros-Paldea-Aqua, L81, M|122/254\n|-damage|p2a: Tauros|107/254|[from] Stealth Rock\n|-ability|p2a: Tauros|Intimidate|boost\n|-unboost|p1a: Ho-Oh|atk|1\n|turn|19\n|\n|t:|1781443501\n|switch|p1a: Swanna|Swanna, L89, F|278/278\n|move|p2a: Tauros|Liquidation|p1a: Swanna\n|-resisted|p1a: Swanna\n|-damage|p1a: Swanna|201/278\n|-damage|p2a: Tauros|82/254|[from] item: Life Orb\n|\n|upkeep\n|turn|20\n|\n|t:|1781443508\n|switch|p2a: Heatran|Heatran, L79, M|90/273\n|-damage|p2a: Heatran|56/273|[from] Stealth Rock\n|move|p1a: Swanna|Brave Bird|p2a: Heatran\n|-resisted|p2a: Heatran\n|-damage|p2a: Heatran|0 fnt\n|faint|p2a: Heatran\n|-damage|p1a: Swanna|183/278|[from] Recoil\n|\n|upkeep\n|\n|t:|1781443509\n|switch|p2a: Flapple|Flapple, L88, F|266/266\n|-damage|p2a: Flapple|233/266|[from] Stealth Rock\n|turn|21\n|\n|t:|1781443513\n|-terastallize|p2a: Flapple|Fire\n|move|p1a: Swanna|Brave Bird|p2a: Flapple\n|-damage|p2a: Flapple|101/266\n|-damage|p1a: Swanna|139/278|[from] Recoil\n|move|p2a: Flapple|Dragon Dance|p2a: Flapple\n|-boost|p2a: Flapple|atk|1\n|-boost|p2a: Flapple|spe|1\n|\n|upkeep\n|turn|22\n|\n|t:|1781443520\n|move|p2a: Flapple|Grav Apple|p1a: Swanna\n|-damage|p1a: Swanna|0 fnt\n|faint|p1a: Swanna\n|\n|upkeep\n|\n|t:|1781443540\n|switch|p1a: Ho-Oh|Ho-Oh, L71|268/268\n|turn|23\n|\n|t:|1781443546\n|-terastallize|p1a: Ho-Oh|Steel\n|move|p2a: Flapple|Outrage|p1a: Ho-Oh\n|-resisted|p1a: Ho-Oh\n|-damage|p1a: Ho-Oh|77/268\n|move|p1a: Ho-Oh|Earthquake|p2a: Flapple\n|-supereffective|p2a: Flapple\n|-damage|p2a: Flapple|0 fnt\n|faint|p2a: Flapple\n|\n|upkeep\n|\n|t:|1781443549\n|switch|p2a: Delphox|Delphox, L84, F|263/263\n|turn|24\n|\n|t:|1781443556\n|switch|p1a: Florges|Florges-Orange, L85, F|201/271 par\n|-damage|p1a: Florges|168/271 par|[from] Stealth Rock\n|move|p2a: Delphox|Nasty Plot|p2a: Delphox\n|-boost|p2a: Delphox|spa|2\n|\n|-heal|p1a: Florges|184/271 par|[from] item: Leftovers\n|upkeep\n|turn|25\n|\n|t:|1781443562\n|move|p2a: Delphox|Nasty Plot|p2a: Delphox\n|-boost|p2a: Delphox|spa|2\n|move|p1a: Florges|Moonblast|p2a: Delphox\n|-resisted|p2a: Delphox\n|-damage|p2a: Delphox|212/263\n|-unboost|p2a: Delphox|spa|1\n|\n|-heal|p1a: Florges|200/271 par|[from] item: Leftovers\n|upkeep\n|turn|26\n|\n|t:|1781443567\n|move|p2a: Delphox|Nasty Plot|p2a: Delphox\n|-boost|p2a: Delphox|spa|2\n|cant|p1a: Florges|par\n|\n|-heal|p1a: Florges|216/271 par|[from] item: Leftovers\n|upkeep\n|turn|27\n|\n|t:|1781443571\n|move|p2a: Delphox|Psyshock|p1a: Florges\n|-damage|p1a: Florges|0 fnt\n|faint|p1a: Florges\n|\n|upkeep\n|\n|t:|1781443584\n|switch|p1a: Furret|Furret, L94, M|312/312\n|-damage|p1a: Furret|273/312|[from] Stealth Rock\n|-item|p2a: Delphox|Heavy-Duty Boots|[from] ability: Frisk|[of] p1a: Furret\n|turn|28\n|\n|t:|1781443598\n|move|p2a: Delphox|Psyshock|p1a: Furret\n|-damage|p1a: Furret|0 fnt\n|faint|p1a: Furret\n|\n|upkeep\n|\n|t:|1781443602\n|switch|p1a: Galvantula|Galvantula, L82, F|249/249\n|turn|29\n|\n|t:|1781443613\n|move|p1a: Galvantula|Thunder|p2a: Delphox\n|-damage|p2a: Delphox|119/263\n|-status|p2a: Delphox|par\n|move|p2a: Delphox|Psyshock|p1a: Galvantula\n|-damage|p1a: Galvantula|0 fnt\n|faint|p1a: Galvantula\n|\n|upkeep\n|\n|t:|1781443618\n|switch|p1a: Ho-Oh|Ho-Oh, L71, tera:Steel|166/268\n|turn|30\n|\n|t:|1781443623\n|move|p1a: Ho-Oh|Earthquake|p2a: Delphox\n|-supereffective|p2a: Delphox\n|-damage|p2a: Delphox|0 fnt\n|faint|p2a: Delphox\n|\n|upkeep\n|\n|t:|1781443625\n|switch|p2a: Tauros|Tauros-Paldea-Aqua, L81, M|82/254\n|-damage|p2a: Tauros|67/254|[from] Stealth Rock\n|-ability|p2a: Tauros|Intimidate|boost\n|-unboost|p1a: Ho-Oh|atk|1\n|turn|31\n|\n|t:|1781443628\n|switch|p1a: Forretress|Forretress, L84, F|263/263\n|-damage|p1a: Forretress|231/263|[from] Stealth Rock\n|move|p2a: Tauros|Close Combat|p1a: Forretress\n|-damage|p1a: Forretress|110/263\n|-unboost|p2a: Tauros|def|1\n|-unboost|p2a: Tauros|spd|1\n|-damage|p2a: Tauros|42/254|[from] item: Life Orb\n|\n|-heal|p1a: Forretress|126/263|[from] item: Leftovers\n|upkeep\n|turn|32\n|\n|t:|1781443639\n|switch|p2a: Scyther|Scyther, L82, F|249/249\n|move|p1a: Forretress|Iron Head|p2a: Scyther\n|-damage|p2a: Scyther|164/249\n|\n|-heal|p1a: Forretress|142/263|[from] item: Leftovers\n|upkeep\n|turn|33\n|\n|t:|1781443648\n|move|p2a: Scyther|Swords Dance|p2a: Scyther\n|-boost|p2a: Scyther|atk|2\n|move|p1a: Forretress|Rapid Spin|p2a: Scyther\n|-damage|p2a: Scyther|128/249\n|-boost|p1a: Forretress|spe|1\n|-sideend|p1: espeonagee|Stealth Rock|[from] move: Rapid Spin|[of] p1a: Forretress\n|\n|-heal|p1a: Forretress|158/263|[from] item: Leftovers\n|upkeep\n|turn|34\n|\n|t:|1781443651\n|move|p2a: Scyther|Dual Wingbeat|p1a: Forretress\n|-damage|p1a: Forretress|70/263\n|-damage|p1a: Forretress|0 fnt\n|faint|p1a: Forretress\n|-hitcount|p1: Forretress|2\n|\n|upkeep\n|\n|t:|1781443654\n|switch|p1a: Ho-Oh|Ho-Oh, L71, tera:Steel|255/268\n|turn|35\n|\n|t:|1781443657\n|move|p2a: Scyther|Close Combat|p1a: Ho-Oh\n|-supereffective|p1a: Ho-Oh\n|-damage|p1a: Ho-Oh|0 fnt\n|-unboost|p2a: Scyther|def|1\n|-unboost|p2a: Scyther|spd|1\n|faint|p1a: Ho-Oh\n|\n|win|Aoyama0811\n", "inputlog": ">version a8376a258c1d4662feba110a92103f3664a72141\n>start {\"formatid\":\"gen9randombattle\",\"seed\":\"sodium,a017df922d5180a77716f9e6ab2b2263\",\"rated\":\"Rated battle\"}\n>player p1 {\"name\":\"espeonagee\",\"avatar\":\"169\",\"rating\":2223,\"seed\":\"sodium,cce943f2069c27e9e3d747d5dcb42d01\"}\n>player p2 {\"name\":\"Aoyama0811\",\"avatar\":\"acetrainerf\",\"rating\":2102,\"seed\":\"sodium,44adc060bfe6fbb608450502c42bec9b\"}\n>p1 move stealthrock\n>p2 switch 4\n>p1 switch 4\n>p2 move magmastorm\n>p1 move bravebird\n>p2 move stealthrock\n>p1 move earthquake\n>p2 switch 3\n>p1 switch 6\n>p2 move bulkup\n>p1 move bravebird\n>p2 switch 5\n>p1 switch 3\n>p2 move thunderbolt\n>p1 move wish\n>p2 switch 3\n>p1 move protect\n>p2 switch 3\n>p1 move moonblast\n>p2 switch 3\n>p1 switch 6\n>p2 move heavyslam\n>p1 move earthquake\n>p2 switch 5\n>p1 switch 3\n>p2 move closecombat\n>p1 move roost\n>p2 switch 3\n>p1 switch 6\n>p2 move thunderbolt\n>p1 move wish\n>p2 switch 5\n>p1 switch 3\n>p2 move magmastorm\n>p1 move earthquake\n>p2 switch 5\n>p2 switch 3\n>p1 switch 6\n>p2 move liquidation\n>p1 move bravebird\n>p2 switch 5\n>p2 switch 4\n>p1 move bravebird\n>p2 move dragondance terastallize\n>p1 move bravebird\n>p2 move gravapple\n>p1 switch 6\n>p1 move earthquake terastallize\n>p2 move outrage\n>p2 switch 6\n>p1 switch 3\n>p2 move nastyplot\n>p1 move moonblast\n>p2 move nastyplot\n>p1 move moonblast\n>p2 move nastyplot\n>p1 move moonblast\n>p2 move psyshock\n>p1 switch 2\n>p1 move knockoff\n>p2 move psyshock\n>p1 switch 5\n>p1 move thunder\n>p2 move psyshock\n>p1 switch 3\n>p1 move earthquake\n>p2 move fireblast\n>p2 switch 5\n>p1 switch 4\n>p2 move closecombat\n>p1 move ironhead\n>p2 switch 2\n>p1 move rapidspin\n>p2 move swordsdance\n>p1 move rapidspin\n>p2 move dualwingbeat\n>p1 switch 4\n>p1 move earthquake\n>p2 move closecombat", "uploadtime": 1781443366, "views": 8, "formatid": "gen9randombattle", "rating": null, "private": 0, "password": null}