{"id": "gen9randombattle-2631529461", "format": "[Gen 9] Random Battle", "players": ["Siouxforever1", "Spectrumy"], "log": "|j|\u2606Siouxforever1\n|j|\u2606Spectrumy\n|t:|1781397128\n|gametype|singles\n|player|p1|Siouxforever1|169|1962\n|player|p2|Spectrumy|1|1907\n|gen|9\n|tier|[Gen 9] Random Battle\n|rated|\n|rule|Species Clause: Limit one of each Pok\u00e9mon\n|rule|HP Percentage Mod: HP is shown in percentages\n|rule|Sleep Clause Mod: Limit one foe put to sleep\n|rule|Illusion Level Mod: Illusion disguises the Pok\u00e9mon's true level\n|\n|t:|1781397128\n|teamsize|p1|6\n|teamsize|p2|6\n|start\n|switch|p1a: Qwilfish|Qwilfish-Hisui, L83, F|244/244\n|switch|p2a: Weezing|Weezing-Galar, L86, F|252/252\n|-ability|p1a: Qwilfish|Intimidate|boost\n|-unboost|p2a: Weezing|atk|1\n|turn|1\n|\n|t:|1781397161\n|move|p1a: Qwilfish|Toxic Spikes|p2a: Weezing\n|-sidestart|p2: Spectrumy|move: Toxic Spikes\n|move|p2a: Weezing|Strange Steam|p1a: Qwilfish\n|-damage|p1a: Qwilfish|151/244\n|\n|upkeep\n|turn|2\n|\n|t:|1781397181\n|move|p1a: Qwilfish|Gunk Shot|p2a: Weezing|[miss]\n|-miss|p1a: Qwilfish|p2a: Weezing\n|move|p2a: Weezing|Strange Steam|p1a: Qwilfish\n|-damage|p1a: Qwilfish|72/244\n|\n|upkeep\n|turn|3\n|\n|t:|1781397191\n|move|p1a: Qwilfish|Toxic Spikes|p2a: Weezing\n|-sidestart|p2: Spectrumy|move: Toxic Spikes\n|move|p2a: Weezing|Strange Steam|p1a: Qwilfish\n|-damage|p1a: Qwilfish|0 fnt\n|faint|p1a: Qwilfish\n|\n|upkeep\n|\n|t:|1781397201\n|switch|p1a: Gliscor|Gliscor, L76, F|239/239\n|turn|4\n|\n|t:|1781397208\n|move|p1a: Gliscor|Protect|p1a: Gliscor\n|-singleturn|p1a: Gliscor|Protect\n|move|p2a: Weezing|Defog|p1a: Gliscor\n|-activate|p1a: Gliscor|move: Protect\n|\n|-status|p1a: Gliscor|tox|[from] item: Toxic Orb\n|upkeep\n|turn|5\n|\n|t:|1781397218\n|move|p1a: Gliscor|Knock Off|p2a: Weezing\n|-resisted|p2a: Weezing\n|-damage|p2a: Weezing|229/252\n|-enditem|p2a: Weezing|Leftovers|[from] move: Knock Off|[of] p1a: Gliscor\n|move|p2a: Weezing|Defog|p1a: Gliscor\n|-unboost|p1a: Gliscor|evasion|1\n|-sideend|p2: Spectrumy|Toxic Spikes|[from] move: Defog|[of] p2a: Weezing\n|\n|upkeep\n|turn|6\n|\n|t:|1781397253\n|switch|p1a: Feraligatr|Feraligatr, L79, M|264/264\n|move|p2a: Weezing|Strange Steam|p1a: Feraligatr\n|-damage|p1a: Feraligatr|168/264\n|\n|upkeep\n|turn|7\n|\n|t:|1781397262\n|move|p1a: Feraligatr|Liquidation|p2a: Weezing\n|-crit|p2a: Weezing\n|-damage|p2a: Weezing|61/252\n|move|p2a: Weezing|Strange Steam|p1a: Feraligatr\n|-damage|p1a: Feraligatr|71/264\n|\n|upkeep\n|turn|8\n|\n|t:|1781397271\n|move|p1a: Feraligatr|Liquidation|p2a: Weezing\n|-damage|p2a: Weezing|0 fnt\n|faint|p2a: Weezing\n|\n|upkeep\n|\n|t:|1781397294\n|switch|p2a: Articuno|Articuno-Galar, L84|288/288\n|turn|9\n|\n|t:|1781397311\n|-terastallize|p1a: Feraligatr|Dark\n|move|p2a: Articuno|Freezing Glare|p1a: Feraligatr\n|-immune|p1a: Feraligatr\n|move|p1a: Feraligatr|Dragon Dance|p1a: Feraligatr\n|-boost|p1a: Feraligatr|atk|1\n|-boost|p1a: Feraligatr|spe|1\n|\n|upkeep\n|turn|10\n|\n|t:|1781397333\n|-terastallize|p2a: Articuno|Steel\n|move|p1a: Feraligatr|Crunch|p2a: Articuno\n|-damage|p2a: Articuno|100/288\n|move|p2a: Articuno|Hurricane|p1a: Feraligatr|[miss]\n|-miss|p2a: Articuno|p1a: Feraligatr\n|\n|upkeep\n|turn|11\n|\n|t:|1781397346\n|move|p1a: Feraligatr|Liquidation|p2a: Articuno\n|-damage|p2a: Articuno|0 fnt\n|faint|p2a: Articuno\n|\n|upkeep\n|\n|t:|1781397393\n|switch|p2a: Tauros|Tauros-Paldea-Blaze, L81, M|254/254\n|-ability|p2a: Tauros|Intimidate|boost\n|-unboost|p1a: Feraligatr|atk|1\n|turn|12\n|\n|t:|1781397400\n|move|p1a: Feraligatr|Liquidation|p2a: Tauros\n|-supereffective|p2a: Tauros\n|-damage|p2a: Tauros|4/254\n|move|p2a: Tauros|Close Combat|p1a: Feraligatr\n|-supereffective|p1a: Feraligatr\n|-damage|p1a: Feraligatr|0 fnt\n|-unboost|p2a: Tauros|def|1\n|-unboost|p2a: Tauros|spd|1\n|faint|p1a: Feraligatr\n|\n|upkeep\n|\n|t:|1781397412\n|switch|p1a: Gliscor|Gliscor, L76, F|239/239 tox\n|turn|13\n|\n|t:|1781397424\n|switch|p2a: Ho-Oh|Ho-Oh, L71|268/268\n|move|p1a: Gliscor|Knock Off|p2a: Ho-Oh\n|-damage|p2a: Ho-Oh|207/268\n|-enditem|p2a: Ho-Oh|Heavy-Duty Boots|[from] move: Knock Off|[of] p1a: Gliscor\n|\n|upkeep\n|turn|14\n|\n|t:|1781397434\n|switch|p2a: Gumshoos|Gumshoos, L95, F|321/321\n|move|p1a: Gliscor|Toxic|p2a: Gumshoos\n|-status|p2a: Gumshoos|tox\n|\n|-damage|p2a: Gumshoos|301/321 tox|[from] psn\n|upkeep\n|turn|15\n|\n|t:|1781397443\n|move|p1a: Gliscor|Protect|p1a: Gliscor\n|-singleturn|p1a: Gliscor|Protect\n|move|p2a: Gumshoos|Double-Edge|p1a: Gliscor\n|-activate|p1a: Gliscor|move: Protect\n|\n|-damage|p2a: Gumshoos|261/321 tox|[from] psn\n|upkeep\n|turn|16\n|\n|t:|1781397454\n|move|p1a: Gliscor|Knock Off|p2a: Gumshoos\n|-crit|p2a: Gumshoos\n|-damage|p2a: Gumshoos|166/321 tox\n|-enditem|p2a: Gumshoos|Choice Band|[from] move: Knock Off|[of] p1a: Gliscor\n|move|p2a: Gumshoos|Double-Edge|p1a: Gliscor\n|-damage|p1a: Gliscor|86/239 tox\n|-damage|p2a: Gumshoos|116/321 tox|[from] Recoil\n|\n|-heal|p1a: Gliscor|115/239 tox|[from] ability: Poison Heal\n|-damage|p2a: Gumshoos|56/321 tox|[from] psn\n|upkeep\n|turn|17\n|\n|t:|1781397468\n|switch|p2a: Tauros|Tauros-Paldea-Blaze, L81, M|4/254\n|-ability|p2a: Tauros|Intimidate|boost\n|-unboost|p1a: Gliscor|atk|1\n|move|p1a: Gliscor|Earthquake|p2a: Tauros\n|-supereffective|p2a: Tauros\n|-damage|p2a: Tauros|0 fnt\n|faint|p2a: Tauros\n|\n|-heal|p1a: Gliscor|144/239 tox|[from] ability: Poison Heal\n|upkeep\n|\n|t:|1781397485\n|switch|p2a: Ho-Oh|Ho-Oh, L71|268/268\n|turn|18\n|\n|t:|1781397489\n|move|p1a: Gliscor|Toxic|p2a: Ho-Oh|[miss]\n|-miss|p1a: Gliscor|p2a: Ho-Oh\n|move|p2a: Ho-Oh|Brave Bird|p1a: Gliscor\n|-damage|p1a: Gliscor|53/239 tox\n|-damage|p2a: Ho-Oh|238/268|[from] Recoil\n|\n|-heal|p1a: Gliscor|82/239 tox|[from] ability: Poison Heal\n|upkeep\n|turn|19\n|\n|t:|1781397499\n|move|p1a: Gliscor|Protect|p1a: Gliscor\n|-singleturn|p1a: Gliscor|Protect\n|move|p2a: Ho-Oh|Brave Bird|p1a: Gliscor\n|-activate|p1a: Gliscor|move: Protect\n|\n|-heal|p1a: Gliscor|111/239 tox|[from] ability: Poison Heal\n|upkeep\n|turn|20\n|\n|t:|1781397514\n|move|p1a: Gliscor|Toxic|p2a: Ho-Oh\n|-status|p2a: Ho-Oh|tox\n|move|p2a: Ho-Oh|Brave Bird|p1a: Gliscor\n|-damage|p1a: Gliscor|9/239 tox\n|-damage|p2a: Ho-Oh|204/268 tox|[from] Recoil\n|\n|-heal|p1a: Gliscor|38/239 tox|[from] ability: Poison Heal\n|-damage|p2a: Ho-Oh|188/268 tox|[from] psn\n|upkeep\n|turn|21\n|\n|t:|1781397525\n|switch|p2a: Galvantula|Galvantula, L82, M|249/249\n|move|p1a: Gliscor|Protect||[still]\n|-fail|p1a: Gliscor\n|\n|-heal|p1a: Gliscor|67/239 tox|[from] ability: Poison Heal\n|upkeep\n|turn|22\n|\n|t:|1781397544\n|move|p2a: Galvantula|Bug Buzz|p1a: Gliscor\n|-resisted|p1a: Gliscor\n|-damage|p1a: Gliscor|16/239 tox\n|move|p1a: Gliscor|Toxic|p2a: Galvantula\n|-status|p2a: Galvantula|tox\n|\n|-damage|p2a: Galvantula|234/249 tox|[from] psn\n|-heal|p1a: Gliscor|45/239 tox|[from] ability: Poison Heal\n|upkeep\n|turn|23\n|\n|t:|1781397556\n|move|p1a: Gliscor|Protect|p1a: Gliscor\n|-singleturn|p1a: Gliscor|Protect\n|move|p2a: Galvantula|Bug Buzz|p1a: Gliscor\n|-activate|p1a: Gliscor|move: Protect\n|\n|-damage|p2a: Galvantula|204/249 tox|[from] psn\n|-heal|p1a: Gliscor|74/239 tox|[from] ability: Poison Heal\n|upkeep\n|turn|24\n|\n|t:|1781397572\n|move|p2a: Galvantula|Bug Buzz|p1a: Gliscor\n|-resisted|p1a: Gliscor\n|-damage|p1a: Gliscor|15/239 tox\n|move|p1a: Gliscor|Knock Off|p2a: Galvantula\n|-damage|p2a: Galvantula|151/249 tox\n|-enditem|p2a: Galvantula|Heavy-Duty Boots|[from] move: Knock Off|[of] p1a: Gliscor\n|\n|-damage|p2a: Galvantula|106/249 tox|[from] psn\n|-heal|p1a: Gliscor|44/239 tox|[from] ability: Poison Heal\n|upkeep\n|turn|25\n|\n|t:|1781397583\n|switch|p2a: Ho-Oh|Ho-Oh, L71|268/268 tox\n|move|p1a: Gliscor|Protect||[still]\n|-fail|p1a: Gliscor\n|\n|-heal|p1a: Gliscor|73/239 tox|[from] ability: Poison Heal\n|-damage|p2a: Ho-Oh|252/268 tox|[from] psn\n|upkeep\n|turn|26\n|\n|t:|1781397592\n|move|p1a: Gliscor|Protect|p1a: Gliscor\n|-singleturn|p1a: Gliscor|Protect\n|move|p2a: Ho-Oh|Brave Bird|p1a: Gliscor\n|-activate|p1a: Gliscor|move: Protect\n|\n|-heal|p1a: Gliscor|102/239 tox|[from] ability: Poison Heal\n|-damage|p2a: Ho-Oh|220/268 tox|[from] psn\n|upkeep\n|turn|27\n|\n|t:|1781397606\n|move|p1a: Gliscor|Knock Off|p2a: Ho-Oh\n|-damage|p2a: Ho-Oh|192/268 tox\n|move|p2a: Ho-Oh|Brave Bird|p1a: Gliscor\n|-crit|p1a: Gliscor\n|-damage|p1a: Gliscor|0 fnt\n|faint|p1a: Gliscor\n|-damage|p2a: Ho-Oh|158/268 tox|[from] Recoil\n|\n|-damage|p2a: Ho-Oh|110/268 tox|[from] psn\n|upkeep\n|\n|t:|1781397614\n|switch|p1a: Wugtrio|Wugtrio, L91, M|212/212\n|turn|28\n|\n|t:|1781397624\n|switch|p2a: Gumshoos|Gumshoos, L95, F|56/321 tox\n|move|p1a: Wugtrio|Liquidation|p2a: Gumshoos\n|-crit|p2a: Gumshoos\n|-damage|p2a: Gumshoos|0 fnt\n|faint|p2a: Gumshoos\n|\n|upkeep\n|c|\u2606Siouxforever1|Gg\n|\n|t:|1781397630\n|switch|p2a: Ho-Oh|Ho-Oh, L71|199/268 tox\n|turn|29\n|\n|t:|1781397633\n|move|p1a: Wugtrio|Liquidation|p2a: Ho-Oh\n|-supereffective|p2a: Ho-Oh\n|-damage|p2a: Ho-Oh|0 fnt\n|faint|p2a: Ho-Oh\n|\n|upkeep\n|-message|Spectrumy forfeited.\n|\n|win|Siouxforever1\n", "inputlog": ">version a8376a258c1d4662feba110a92103f3664a72141\n>start {\"formatid\":\"gen9randombattle\",\"seed\":\"sodium,f6cc6fb82a82f9ecb573d04196688b76\",\"rated\":\"Rated battle\"}\n>player p1 {\"name\":\"Siouxforever1\",\"avatar\":\"169\",\"rating\":1962,\"seed\":\"sodium,1cef467be433294409806746faa3edf4\"}\n>player p2 {\"name\":\"Spectrumy\",\"avatar\":\"1\",\"rating\":1907,\"seed\":\"sodium,1f25d8941c05ffbdf1a6317c2d27feff\"}\n>p1 move toxicspikes\n>p2 move strangesteam\n>p1 move gunkshot\n>p2 move strangesteam\n>p1 move toxicspikes\n>p2 move strangesteam\n>p1 switch 2\n>p1 move protect\n>p2 move defog\n>p1 move knockoff\n>p2 move defog\n>p1 switch 4\n>p2 move strangesteam\n>p1 move liquidation\n>p2 move strangesteam\n>p1 move liquidation\n>p2 move strangesteam\n>p2 switch 3\n>p1 move dragondance terastallize\n>p2 move freezingglare\n>p1 move crunch\n>p2 move hurricane terastallize\n>p1 move liquidation\n>p2 move hurricane\n>p2 switch 6\n>p1 move liquidation\n>p2 move closecombat\n>p1 switch 4\n>p1 move knockoff\n>p2 switch 5\n>p1 move toxic\n>p2 switch 4\n>p1 move protect\n>p2 move doubleedge\n>p1 move knockoff\n>p2 move doubleedge\n>p1 move earthquake\n>p2 switch 5\n>p2 switch 4\n>p1 move toxic\n>p2 move bravebird\n>p1 move protect\n>p2 move bravebird\n>p1 move toxic\n>p2 move bravebird\n>p1 move protect\n>p2 switch 2\n>p1 move toxic\n>p2 move bugbuzz\n>p1 move protect\n>p2 move bugbuzz\n>p1 move knockoff\n>p2 move bugbuzz\n>p1 move protect\n>p2 switch 2\n>p1 move protect\n>p2 move bravebird\n>p1 move knockoff\n>p2 move bravebird\n>p1 switch 3\n>p1 move liquidation\n>p2 switch 5\n>chat \u2606Siouxforever1|Gg\n>p2 switch 5\n>p1 move liquidation\n>p2 move bravebird\n>forcelose p2", "uploadtime": 1781397132, "views": 7, "formatid": "gen9randombattle", "rating": null, "private": 0, "password": null}