{"id": "gen9randombattle-2631506540", "format": "[Gen 9] Random Battle", "players": ["pandadogunited", "Goggyo"], "log": "|j|\u2606pandadogunited\n|j|\u2606Goggyo\n|t:|1781393864\n|gametype|singles\n|player|p1|pandadogunited|102|2060\n|player|p2|Goggyo|169|2109\n|gen|9\n|tier|[Gen 9] Random Battle\n|rated|\n|rule|Species Clause: Limit one of each Pok\u00e9mon\n|rule|HP Percentage Mod: HP is shown in percentages\n|rule|Sleep Clause Mod: Limit one foe put to sleep\n|rule|Illusion Level Mod: Illusion disguises the Pok\u00e9mon's true level\n|\n|t:|1781393864\n|teamsize|p1|6\n|teamsize|p2|6\n|start\n|switch|p1a: Regieleki|Regieleki, L79|256/256\n|switch|p2a: Thundurus|Thundurus-Therian, L80, M|258/258\n|turn|1\n|inactive|Battle timer is ON: inactive players will automatically lose when time's up. (requested by pandadogunited)\n|\n|t:|1781393884\n|switch|p1a: Dedenne|Dedenne, L88, M|261/261\n|move|p2a: Thundurus|Grass Knot|p1a: Dedenne\n|-damage|p1a: Dedenne|229/261\n|\n|upkeep\n|turn|2\n|\n|t:|1781393894\n|switch|p2a: Piloswine|Piloswine, L85, F|309/309\n|move|p1a: Dedenne|Super Fang|p2a: Piloswine|[miss]\n|-miss|p1a: Dedenne|p2a: Piloswine\n|\n|upkeep\n|turn|3\n|\n|t:|1781393904\n|move|p1a: Dedenne|U-turn|p2a: Piloswine\n|-damage|p2a: Piloswine|282/309\n|\n|t:|1781393911\n|switch|p1a: Breloom|Breloom, L83, M|235/235|[from] U-turn\n|move|p2a: Piloswine|Stealth Rock|p1a: Breloom\n|-sidestart|p1: pandadogunited|move: Stealth Rock\n|\n|upkeep\n|turn|4\n|\n|t:|1781393919\n|switch|p2a: Gothitelle|Gothitelle, L90, F|272/272\n|move|p1a: Breloom|Rock Tomb|p2a: Gothitelle\n|-damage|p2a: Gothitelle|188/272\n|-unboost|p2a: Gothitelle|spe|1\n|-damage|p1a: Breloom|212/235|[from] item: Life Orb\n|\n|-heal|p2a: Gothitelle|205/272|[from] item: Leftovers\n|upkeep\n|turn|5\n|\n|t:|1781393926\n|move|p1a: Breloom|Bullet Seed|p2a: Gothitelle\n|-damage|p2a: Gothitelle|153/272\n|-damage|p2a: Gothitelle|91/272\n|-damage|p2a: Gothitelle|36/272\n|-hitcount|p2a: Gothitelle|3\n|-damage|p1a: Breloom|189/235|[from] item: Life Orb\n|move|p2a: Gothitelle|Psychic Noise|p1a: Breloom\n|-supereffective|p1a: Breloom\n|-damage|p1a: Breloom|0 fnt\n|faint|p1a: Breloom\n|\n|-heal|p2a: Gothitelle|53/272|[from] item: Leftovers\n|upkeep\n|\n|t:|1781393943\n|switch|p1a: Regieleki|Regieleki, L79|256/256\n|-damage|p1a: Regieleki|224/256|[from] Stealth Rock\n|turn|6\n|\n|t:|1781393958\n|switch|p2a: Piloswine|Piloswine, L85, F|282/309\n|move|p1a: Regieleki|Rapid Spin|p2a: Piloswine\n|-damage|p2a: Piloswine|258/309\n|-boost|p1a: Regieleki|spe|1\n|-sideend|p1: pandadogunited|Stealth Rock|[from] move: Rapid Spin|[of] p1a: Regieleki\n|\n|upkeep\n|turn|7\n|\n|t:|1781393982\n|switch|p1a: Snorlax|Snorlax, L82, F|397/397\n|move|p2a: Piloswine|Stealth Rock|p1a: Snorlax\n|-sidestart|p1: pandadogunited|move: Stealth Rock\n|\n|upkeep\n|turn|8\n|\n|t:|1781393987\n|move|p1a: Snorlax|Body Slam|p2a: Piloswine\n|-damage|p2a: Piloswine|185/309\n|move|p2a: Piloswine|Roar|p1a: Snorlax\n|drag|p1a: Honchkrow|Honchkrow, L86, M|312/312\n|\n|upkeep\n|turn|9\n|\n|t:|1781394004\n|switch|p1a: Snorlax|Snorlax, L82, F|397/397\n|-damage|p1a: Snorlax|348/397|[from] Stealth Rock\n|move|p2a: Piloswine|Roar|p1a: Snorlax\n|drag|p1a: Honchkrow|Honchkrow, L86, M|312/312\n|\n|upkeep\n|turn|10\n|\n|t:|1781394014\n|switch|p1a: Snorlax|Snorlax, L82, F|348/397\n|-damage|p1a: Snorlax|299/397|[from] Stealth Rock\n|switch|p2a: Probopass|Probopass, L91, M|257/257\n|\n|upkeep\n|turn|11\n|\n|t:|1781394025\n|move|p2a: Probopass|Body Press|p1a: Snorlax\n|-supereffective|p1a: Snorlax\n|-damage|p1a: Snorlax|79/397\n|move|p1a: Snorlax|Earthquake|p2a: Probopass\n|-supereffective|p2a: Probopass\n|-damage|p2a: Probopass|61/257\n|\n|-heal|p2a: Probopass|77/257|[from] item: Leftovers\n|upkeep\n|turn|12\n|\n|t:|1781394030\n|switch|p1a: Dedenne|Dedenne, L88, M|229/261\n|-damage|p1a: Dedenne|197/261|[from] Stealth Rock\n|move|p2a: Probopass|Body Press|p1a: Dedenne\n|-resisted|p1a: Dedenne\n|-damage|p1a: Dedenne|134/261\n|\n|-heal|p2a: Probopass|93/257|[from] item: Leftovers\n|upkeep\n|turn|13\n|\n|t:|1781394047\n|switch|p2a: Piloswine|Piloswine, L85, F|185/309\n|move|p1a: Dedenne|Thunderbolt|p2a: Piloswine\n|-immune|p2a: Piloswine\n|\n|upkeep\n|turn|14\n|\n|t:|1781394060\n|move|p1a: Dedenne|U-turn|p2a: Piloswine\n|-damage|p2a: Piloswine|156/309\n|\n|t:|1781394075\n|switch|p1a: Honchkrow|Honchkrow, L86, M|312/312|[from] U-turn\n|move|p2a: Piloswine|Icicle Crash|p1a: Honchkrow\n|-supereffective|p1a: Honchkrow\n|-damage|p1a: Honchkrow|40/312\n|\n|upkeep\n|turn|15\n|\n|t:|1781394086\n|move|p1a: Honchkrow|Sucker Punch|p2a: Piloswine\n|-damage|p2a: Piloswine|83/309\n|move|p2a: Piloswine|Icicle Crash|p1a: Honchkrow|[miss]\n|-miss|p2a: Piloswine|p1a: Honchkrow\n|\n|upkeep\n|turn|16\n|\n|t:|1781394097\n|move|p1a: Honchkrow|Sucker Punch||[still]\n|-fail|p1a: Honchkrow\n|move|p2a: Piloswine|Roar|p1a: Honchkrow\n|drag|p1a: Dedenne|Dedenne, L88, M|134/261\n|-damage|p1a: Dedenne|102/261|[from] Stealth Rock\n|-enditem|p1a: Dedenne|Sitrus Berry|[eat]\n|-heal|p1a: Dedenne|167/261|[from] item: Sitrus Berry\n|-heal|p1a: Dedenne|254/261|[from] ability: Cheek Pouch\n|\n|upkeep\n|turn|17\n|\n|t:|1781394104\n|move|p1a: Dedenne|U-turn|p2a: Piloswine\n|-damage|p2a: Piloswine|54/309\n|\n|t:|1781394125\n|switch|p1a: Girafarig|Girafarig, L89, F|269/269|[from] U-turn\n|-damage|p1a: Girafarig|236/269|[from] Stealth Rock\n|move|p2a: Piloswine|Icicle Crash|p1a: Girafarig\n|-damage|p1a: Girafarig|157/269\n|\n|upkeep\n|turn|18\n|\n|t:|1781394136\n|move|p1a: Girafarig|Psychic|p2a: Piloswine\n|-damage|p2a: Piloswine|0 fnt\n|faint|p2a: Piloswine\n|\n|upkeep\n|inactive|Goggyo has 120 seconds left.\n|\n|t:|1781394170\n|switch|p2a: Thundurus|Thundurus-Therian, L80, M|258/258\n|turn|19\n|\n|t:|1781394185\n|move|p2a: Thundurus|Sludge Wave|p1a: Girafarig\n|-damage|p1a: Girafarig|53/269\n|move|p1a: Girafarig|Psychic|p2a: Thundurus\n|-damage|p2a: Thundurus|143/258\n|\n|upkeep\n|turn|20\n|\n|t:|1781394200\n|move|p2a: Thundurus|Sludge Wave|p1a: Girafarig\n|-damage|p1a: Girafarig|0 fnt\n|faint|p1a: Girafarig\n|\n|upkeep\n|\n|t:|1781394202\n|switch|p1a: Regieleki|Regieleki, L79|224/256\n|-damage|p1a: Regieleki|192/256|[from] Stealth Rock\n|turn|21\n|\n|t:|1781394207\n|move|p1a: Regieleki|Rapid Spin|p2a: Thundurus\n|-damage|p2a: Thundurus|106/258\n|-boost|p1a: Regieleki|spe|1\n|-sideend|p1: pandadogunited|Stealth Rock|[from] move: Rapid Spin|[of] p1a: Regieleki\n|move|p2a: Thundurus|Sludge Wave|p1a: Regieleki\n|-damage|p1a: Regieleki|0 fnt\n|faint|p1a: Regieleki\n|\n|upkeep\n|\n|t:|1781394218\n|switch|p1a: Honchkrow|Honchkrow, L86, M|40/312\n|turn|22\n|\n|t:|1781394225\n|switch|p2a: Falinks|Falinks, L84|246/246\n|move|p1a: Honchkrow|Sucker Punch||[still]\n|-fail|p1a: Honchkrow\n|\n|upkeep\n|turn|23\n|\n|t:|1781394231\n|move|p2a: Falinks|Knock Off|p1a: Honchkrow\n|-resisted|p1a: Honchkrow\n|-damage|p1a: Honchkrow|0 fnt\n|-enditem|p1a: Honchkrow|Heavy-Duty Boots|[from] move: Knock Off|[of] p2a: Falinks\n|faint|p1a: Honchkrow\n|-damage|p2a: Falinks|222/246|[from] item: Life Orb\n|\n|upkeep\n|\n|t:|1781394234\n|switch|p1a: Dedenne|Dedenne, L88, M|254/261\n|turn|24\n|\n|t:|1781394240\n|move|p1a: Dedenne|Dazzling Gleam|p2a: Falinks\n|-supereffective|p2a: Falinks\n|-damage|p2a: Falinks|22/246\n|move|p2a: Falinks|No Retreat|p2a: Falinks\n|-boost|p2a: Falinks|atk|1\n|-boost|p2a: Falinks|def|1\n|-boost|p2a: Falinks|spa|1\n|-boost|p2a: Falinks|spd|1\n|-boost|p2a: Falinks|spe|1\n|-start|p2a: Falinks|move: No Retreat\n|\n|upkeep\n|turn|25\n|\n|t:|1781394247\n|move|p2a: Falinks|Close Combat|p1a: Dedenne\n|-resisted|p1a: Dedenne\n|-damage|p1a: Dedenne|105/261\n|-unboost|p2a: Falinks|def|1\n|-unboost|p2a: Falinks|spd|1\n|-damage|p2a: Falinks|0 fnt|[from] item: Life Orb\n|faint|p2a: Falinks\n|move|p1a: Dedenne|Dazzling Gleam|p2: Falinks|[notarget]\n|-fail|p1a: Dedenne\n|\n|upkeep\n|\n|t:|1781394253\n|switch|p2a: Thundurus|Thundurus-Therian, L80, M|106/258\n|turn|26\n|\n|t:|1781394256\n|move|p1a: Dedenne|Dazzling Gleam|p2a: Thundurus\n|-damage|p2a: Thundurus|9/258\n|move|p2a: Thundurus|Sludge Wave|p1a: Dedenne\n|-supereffective|p1a: Dedenne\n|-damage|p1a: Dedenne|0 fnt\n|faint|p1a: Dedenne\n|\n|upkeep\n|\n|t:|1781394261\n|switch|p1a: Snorlax|Snorlax, L82, F|79/397\n|turn|27\n|\n|t:|1781394263\n|-terastallize|p1a: Snorlax|Poison\n|move|p2a: Thundurus|Sludge Wave|p1a: Snorlax\n|-resisted|p1a: Snorlax\n|-damage|p1a: Snorlax|28/397\n|move|p1a: Snorlax|Rest|p1a: Snorlax\n|-status|p1a: Snorlax|slp|[from] move: Rest\n|-heal|p1a: Snorlax|397/397 slp|[silent]\n|-enditem|p1a: Snorlax|Chesto Berry|[eat]\n|-curestatus|p1a: Snorlax|slp|[msg]\n|\n|upkeep\n|turn|28\n|\n|t:|1781394269\n|switch|p2a: Probopass|Probopass, L91, M|93/257\n|move|p1a: Snorlax|Curse|p1a: Snorlax\n|-unboost|p1a: Snorlax|spe|1\n|-boost|p1a: Snorlax|atk|1\n|-boost|p1a: Snorlax|def|1\n|\n|-heal|p2a: Probopass|109/257|[from] item: Leftovers\n|upkeep\n|turn|29\n|\n|t:|1781394275\n|move|p2a: Probopass|Flash Cannon|p1a: Snorlax\n|-damage|p1a: Snorlax|327/397\n|move|p1a: Snorlax|Curse|p1a: Snorlax\n|-unboost|p1a: Snorlax|spe|1\n|-boost|p1a: Snorlax|atk|1\n|-boost|p1a: Snorlax|def|1\n|\n|-heal|p2a: Probopass|125/257|[from] item: Leftovers\n|upkeep\n|turn|30\n|\n|t:|1781394277\n|move|p2a: Probopass|Flash Cannon|p1a: Snorlax\n|-damage|p1a: Snorlax|254/397\n|move|p1a: Snorlax|Curse|p1a: Snorlax\n|-unboost|p1a: Snorlax|spe|1\n|-boost|p1a: Snorlax|atk|1\n|-boost|p1a: Snorlax|def|1\n|\n|-heal|p2a: Probopass|141/257|[from] item: Leftovers\n|upkeep\n|turn|31\n|\n|t:|1781394282\n|move|p2a: Probopass|Iron Defense|p2a: Probopass\n|-boost|p2a: Probopass|def|2\n|move|p1a: Snorlax|Curse|p1a: Snorlax\n|-unboost|p1a: Snorlax|spe|1\n|-boost|p1a: Snorlax|atk|1\n|-boost|p1a: Snorlax|def|1\n|\n|-heal|p2a: Probopass|157/257|[from] item: Leftovers\n|upkeep\n|turn|32\n|\n|t:|1781394291\n|move|p2a: Probopass|Flash Cannon|p1a: Snorlax\n|-damage|p1a: Snorlax|187/397\n|move|p1a: Snorlax|Body Slam|p2a: Probopass\n|-resisted|p2a: Probopass\n|-damage|p2a: Probopass|136/257\n|-status|p2a: Probopass|par\n|\n|-heal|p2a: Probopass|152/257 par|[from] item: Leftovers\n|upkeep\n|turn|33\n|\n|t:|1781394295\n|move|p2a: Probopass|Flash Cannon|p1a: Snorlax\n|-damage|p1a: Snorlax|117/397\n|move|p1a: Snorlax|Curse|p1a: Snorlax\n|-unboost|p1a: Snorlax|spe|1\n|-boost|p1a: Snorlax|atk|1\n|-boost|p1a: Snorlax|def|1\n|\n|-heal|p2a: Probopass|168/257 par|[from] item: Leftovers\n|upkeep\n|turn|34\n|\n|t:|1781394298\n|move|p2a: Probopass|Flash Cannon|p1a: Snorlax\n|-damage|p1a: Snorlax|50/397\n|move|p1a: Snorlax|Rest|p1a: Snorlax\n|-status|p1a: Snorlax|slp|[from] move: Rest\n|-heal|p1a: Snorlax|397/397 slp|[silent]\n|\n|-heal|p2a: Probopass|184/257 par|[from] item: Leftovers\n|upkeep\n|turn|35\n|\n|t:|1781394301\n|move|p2a: Probopass|Iron Defense|p2a: Probopass\n|-boost|p2a: Probopass|def|2\n|cant|p1a: Snorlax|slp\n|\n|-heal|p2a: Probopass|200/257 par|[from] item: Leftovers\n|upkeep\n|turn|36\n|\n|t:|1781394304\n|cant|p2a: Probopass|par\n|cant|p1a: Snorlax|slp\n|\n|-heal|p2a: Probopass|216/257 par|[from] item: Leftovers\n|upkeep\n|turn|37\n|\n|t:|1781394307\n|move|p2a: Probopass|Iron Defense|p2a: Probopass\n|-boost|p2a: Probopass|def|2\n|-curestatus|p1a: Snorlax|slp|[msg]\n|move|p1a: Snorlax|Earthquake|p2a: Probopass\n|-supereffective|p2a: Probopass\n|-damage|p2a: Probopass|48/257 par\n|\n|-heal|p2a: Probopass|64/257 par|[from] item: Leftovers\n|upkeep\n|turn|38\n|\n|t:|1781394313\n|move|p2a: Probopass|Body Press|p1a: Snorlax\n|-resisted|p1a: Snorlax\n|-damage|p1a: Snorlax|327/397\n|move|p1a: Snorlax|Curse|p1a: Snorlax\n|-unboost|p1a: Snorlax|spe|1\n|-boost|p1a: Snorlax|atk|1\n|-boost|p1a: Snorlax|def|1\n|\n|-heal|p2a: Probopass|80/257 par|[from] item: Leftovers\n|upkeep\n|turn|39\n|\n|t:|1781394317\n|move|p2a: Probopass|Body Press|p1a: Snorlax\n|-resisted|p1a: Snorlax\n|-damage|p1a: Snorlax|272/397\n|move|p1a: Snorlax|Earthquake|p2a: Probopass\n|-supereffective|p2a: Probopass\n|-damage|p2a: Probopass|0 fnt\n|faint|p2a: Probopass\n|\n|upkeep\n|\n|t:|1781394322\n|switch|p2a: Gothitelle|Gothitelle, L90, F|53/272\n|turn|40\n|\n|t:|1781394325\n|move|p2a: Gothitelle|Psychic Noise|p1a: Snorlax\n|-supereffective|p1a: Snorlax\n|-damage|p1a: Snorlax|114/397\n|-start|p1a: Snorlax|move: Heal Block\n|move|p1a: Snorlax|Body Slam|p2a: Gothitelle\n|-damage|p2a: Gothitelle|0 fnt\n|faint|p2a: Gothitelle\n|\n|upkeep\n|\n|t:|1781394329\n|switch|p2a: Thundurus|Thundurus-Therian, L80, M|9/258\n|turn|41\n|\n|t:|1781394332\n|-terastallize|p2a: Thundurus|Psychic\n|move|p2a: Thundurus|Psychic|p1a: Snorlax\n|-supereffective|p1a: Snorlax\n|-damage|p1a: Snorlax|0 fnt\n|faint|p1a: Snorlax\n|\n|win|Goggyo\n", "inputlog": ">version a8376a258c1d4662feba110a92103f3664a72141\n>start {\"formatid\":\"gen9randombattle\",\"seed\":\"sodium,46b0576ddc063e4149015cf03f2e0f22\",\"rated\":\"Rated battle\"}\n>player p1 {\"name\":\"pandadogunited\",\"avatar\":\"102\",\"rating\":2060,\"seed\":\"sodium,b7a7133a6cbaf614c66d2a108d555b73\"}\n>player p2 {\"name\":\"Goggyo\",\"avatar\":\"169\",\"rating\":2109,\"seed\":\"sodium,8a6b8632f889a09a8e0746e3e08ef2c5\"}\n>p1 switch 4\n>p2 move grassknot\n>p1 move superfang\n>p2 switch 3\n>p1 move uturn\n>p2 move stealthrock\n>p1 switch 2\n>p1 move rocktomb\n>p2 switch 2\n>p1 move bulletseed\n>p2 move psychicnoise\n>p1 switch 4\n>p1 move rapidspin\n>p2 switch 2\n>p1 switch 3\n>p2 move stealthrock\n>p1 move bodyslam\n>p2 move roar\n>p1 switch 6\n>p2 move roar\n>p1 switch 6\n>p2 switch 6\n>p1 move earthquake\n>p2 move bodypress\n>p1 switch 2\n>p2 move bodypress\n>p1 move thunderbolt\n>p2 switch 6\n>p1 move uturn\n>p2 move iciclecrash\n>p1 switch 6\n>p1 move suckerpunch\n>p2 move iciclecrash\n>p1 move suckerpunch\n>p2 move roar\n>p1 move uturn\n>p2 move iciclecrash\n>p1 switch 5\n>p1 move psychic\n>p2 move earthquake\n>p2 switch 3\n>p1 move psychic\n>p2 move sludgewave\n>p1 move psychic\n>p2 move sludgewave\n>p1 switch 3\n>p1 move rapidspin\n>p2 move sludgewave\n>p1 switch 6\n>p1 move suckerpunch\n>p2 switch 4\n>p1 move bravebird\n>p2 move knockoff\n>p1 switch 5\n>p1 move dazzlinggleam\n>p2 move noretreat\n>p1 move dazzlinggleam\n>p2 move closecombat\n>p2 switch 4\n>p1 move dazzlinggleam\n>p2 move sludgewave\n>p1 switch 2\n>p1 move rest terastallize\n>p2 move sludgewave\n>p1 move curse\n>p2 switch 6\n>p1 move curse\n>p2 move flashcannon\n>p1 move curse\n>p2 move flashcannon\n>p1 move curse\n>p2 move irondefense\n>p1 move bodyslam\n>p2 move flashcannon\n>p1 move curse\n>p2 move flashcannon\n>p1 move rest\n>p2 move flashcannon\n>p1 move curse\n>p2 move irondefense\n>p1 move curse\n>p2 move irondefense\n>p1 move earthquake\n>p2 move irondefense\n>p1 move curse\n>p2 move bodypress\n>p1 move earthquake\n>p2 move bodypress\n>p2 switch 2\n>p1 move bodyslam\n>p2 move psychicnoise\n>p2 switch 6\n>p1 move bodyslam\n>p2 move psychic terastallize", "uploadtime": 1781393865, "views": 7, "formatid": "gen9randombattle", "rating": null, "private": 0, "password": null}