{"id": "gen9randombattle-2631529217", "format": "[Gen 9] Random Battle", "players": ["TY SM MY GUY", "JustOut459"], "log": "|badge|p2|silver|gen9randombattle|30-9\n|badge|p2|silver|gen9nu|30-9\n|uhtml|medal-msg|<div class=\"broadcast-blue\">Curious what those medals under the avatar are? PS now has Ladder Seasons! For more information, check out the <a href=\"https://www.smogon.com/forums/threads/3740067/\">thread on Smogon.</a></div>\n|j|\u2606TY SM MY GUY\n|j|\u2606JustOut459\n|t:|1781397093\n|gametype|singles\n|player|p1|TY SM MY GUY|hoopster|2237\n|player|p2|JustOut459|parasollady|2396\n|gen|9\n|tier|[Gen 9] Random Battle\n|rated|\n|rule|Species Clause: Limit one of each Pok\u00e9mon\n|rule|HP Percentage Mod: HP is shown in percentages\n|rule|Sleep Clause Mod: Limit one foe put to sleep\n|rule|Illusion Level Mod: Illusion disguises the Pok\u00e9mon's true level\n|\n|t:|1781397093\n|teamsize|p1|6\n|teamsize|p2|6\n|start\n|switch|p1a: Tyranitar|Tyranitar, L78, M|284/284\n|switch|p2a: Cryogonal|Cryogonal, L89|287/287\n|-weather|Sandstorm|[from] ability: Sand Stream|[of] p1a: Tyranitar\n|turn|1\n|\n|t:|1781397143\n|switch|p2a: Skarmory|Skarmory, L80, F|235/235\n|move|p1a: Tyranitar|Dragon Dance|p1a: Tyranitar\n|-boost|p1a: Tyranitar|atk|1\n|-boost|p1a: Tyranitar|spe|1\n|\n|-weather|Sandstorm|[upkeep]\n|upkeep\n|turn|2\n|\n|t:|1781397151\n|move|p1a: Tyranitar|Knock Off|p2a: Skarmory\n|-damage|p2a: Skarmory|115/235\n|-damage|p1a: Tyranitar|237/284|[from] item: Rocky Helmet|[of] p2a: Skarmory\n|-enditem|p2a: Skarmory|Rocky Helmet|[from] move: Knock Off|[of] p1a: Tyranitar\n|move|p2a: Skarmory|Body Press|p1a: Tyranitar\n|-supereffective|p1a: Tyranitar\n|-damage|p1a: Tyranitar|0 fnt\n|faint|p1a: Tyranitar\n|\n|-weather|Sandstorm|[upkeep]\n|upkeep\n|\n|t:|1781397165\n|switch|p1a: Skeledirge|Skeledirge, L79, F|294/294\n|turn|3\n|\n|t:|1781397175\n|move|p2a: Skarmory|Stealth Rock|p1a: Skeledirge\n|-sidestart|p1: TY SM MY GUY|move: Stealth Rock\n|move|p1a: Skeledirge|Flame Charge|p2a: Skarmory\n|-supereffective|p2a: Skarmory\n|-damage|p2a: Skarmory|59/235\n|-boost|p1a: Skeledirge|spe|1\n|\n|-weather|Sandstorm|[upkeep]\n|-damage|p1a: Skeledirge|276/294|[from] Sandstorm\n|upkeep\n|turn|4\n|\n|t:|1781397181\n|switch|p2a: Eelektross|Eelektross, L87, F|290/290\n|move|p1a: Skeledirge|Flame Charge|p2a: Eelektross\n|-damage|p2a: Eelektross|250/290\n|-boost|p1a: Skeledirge|spe|1\n|\n|-weather|Sandstorm|[upkeep]\n|-damage|p1a: Skeledirge|258/294|[from] Sandstorm\n|-damage|p2a: Eelektross|232/290|[from] Sandstorm\n|upkeep\n|turn|5\n|\n|t:|1781397184\n|move|p1a: Skeledirge|Torch Song|p2a: Eelektross\n|-damage|p2a: Eelektross|174/290\n|-boost|p1a: Skeledirge|spa|1\n|move|p2a: Eelektross|Knock Off|p1a: Skeledirge\n|-supereffective|p1a: Skeledirge\n|-damage|p1a: Skeledirge|102/294\n|-enditem|p1a: Skeledirge|Heavy-Duty Boots|[from] move: Knock Off|[of] p2a: Eelektross\n|\n|-weather|none\n|upkeep\n|turn|6\n|\n|t:|1781397187\n|move|p1a: Skeledirge|Slack Off|p1a: Skeledirge\n|-heal|p1a: Skeledirge|249/294\n|move|p2a: Eelektross|Discharge|p1a: Skeledirge\n|-damage|p1a: Skeledirge|126/294\n|\n|upkeep\n|turn|7\n|\n|t:|1781397189\n|move|p1a: Skeledirge|Torch Song|p2a: Eelektross\n|-damage|p2a: Eelektross|83/290\n|-boost|p1a: Skeledirge|spa|1\n|move|p2a: Eelektross|Discharge|p1a: Skeledirge\n|-damage|p1a: Skeledirge|14/294\n|\n|upkeep\n|turn|8\n|\n|t:|1781397193\n|move|p1a: Skeledirge|Slack Off|p1a: Skeledirge\n|-heal|p1a: Skeledirge|161/294\n|move|p2a: Eelektross|Discharge|p1a: Skeledirge\n|-damage|p1a: Skeledirge|37/294\n|\n|upkeep\n|turn|9\n|\n|t:|1781397195\n|move|p1a: Skeledirge|Slack Off|p1a: Skeledirge\n|-heal|p1a: Skeledirge|184/294\n|move|p2a: Eelektross|Discharge|p1a: Skeledirge\n|-damage|p1a: Skeledirge|64/294\n|-status|p1a: Skeledirge|par\n|\n|upkeep\n|turn|10\n|\n|t:|1781397197\n|cant|p1a: Skeledirge|par\n|move|p2a: Eelektross|Discharge|p1a: Skeledirge\n|-damage|p1a: Skeledirge|0 fnt\n|faint|p1a: Skeledirge\n|\n|upkeep\n|\n|t:|1781397201\n|switch|p1a: Gurdurr|Gurdurr, L85, M|283/283\n|-damage|p1a: Gurdurr|266/283|[from] Stealth Rock\n|turn|11\n|\n|t:|1781397207\n|move|p2a: Eelektross|Knock Off|p1a: Gurdurr\n|-resisted|p1a: Gurdurr\n|-damage|p1a: Gurdurr|237/283\n|-enditem|p1a: Gurdurr|Eviolite|[from] move: Knock Off|[of] p2a: Eelektross\n|move|p1a: Gurdurr|Bulk Up|p1a: Gurdurr\n|-boost|p1a: Gurdurr|atk|1\n|-boost|p1a: Gurdurr|def|1\n|\n|upkeep\n|turn|12\n|\n|t:|1781397212\n|move|p2a: Eelektross|Discharge|p1a: Gurdurr\n|-crit|p1a: Gurdurr\n|-damage|p1a: Gurdurr|39/283\n|move|p1a: Gurdurr|Drain Punch|p2a: Eelektross\n|-damage|p2a: Eelektross|0 fnt\n|-heal|p1a: Gurdurr|81/283|[from] drain|[of] p2a: Eelektross\n|faint|p2a: Eelektross\n|\n|upkeep\n|\n|t:|1781397220\n|switch|p2a: Misdreavus|Misdreavus, L90, M|254/254\n|turn|13\n|\n|t:|1781397224\n|-terastallize|p1a: Gurdurr|Steel\n|move|p2a: Misdreavus|Shadow Ball|p1a: Gurdurr\n|-damage|p1a: Gurdurr|0 fnt\n|faint|p1a: Gurdurr\n|\n|upkeep\n|\n|t:|1781397229\n|switch|p1a: Ludicolo|Ludicolo, L90, F|290/290\n|-damage|p1a: Ludicolo|254/290|[from] Stealth Rock\n|turn|14\n|\n|t:|1781397234\n|move|p2a: Misdreavus|Calm Mind|p2a: Misdreavus\n|-boost|p2a: Misdreavus|spa|1\n|-boost|p2a: Misdreavus|spd|1\n|move|p1a: Ludicolo|Rain Dance|p1a: Ludicolo\n|-weather|RainDance\n|\n|-weather|RainDance|[upkeep]\n|upkeep\n|turn|15\n|c|\u2606TY SM MY GUY|Lol im playin this like a bot\n|\n|t:|1781397250\n|move|p1a: Ludicolo|Hydro Pump|p2a: Misdreavus\n|-damage|p2a: Misdreavus|149/254\n|-damage|p1a: Ludicolo|225/290|[from] item: Life Orb\n|move|p2a: Misdreavus|Calm Mind|p2a: Misdreavus\n|-boost|p2a: Misdreavus|spa|1\n|-boost|p2a: Misdreavus|spd|1\n|\n|-weather|RainDance|[upkeep]\n|upkeep\n|turn|16\n|\n|t:|1781397257\n|move|p1a: Ludicolo|Hydro Pump|p2a: Misdreavus\n|-crit|p2a: Misdreavus\n|-damage|p2a: Misdreavus|0 fnt\n|faint|p2a: Misdreavus\n|-damage|p1a: Ludicolo|196/290|[from] item: Life Orb\n|\n|-weather|RainDance|[upkeep]\n|upkeep\n|\n|t:|1781397260\n|switch|p2a: Cryogonal|Cryogonal, L89|287/287\n|turn|17\n|\n|t:|1781397265\n|move|p1a: Ludicolo|Hydro Pump|p2a: Cryogonal\n|-damage|p2a: Cryogonal|118/287\n|-damage|p1a: Ludicolo|167/290|[from] item: Life Orb\n|move|p2a: Cryogonal|Recover|p2a: Cryogonal\n|-heal|p2a: Cryogonal|262/287\n|\n|-weather|RainDance|[upkeep]\n|upkeep\n|turn|18\n|\n|t:|1781397270\n|move|p1a: Ludicolo|Hydro Pump|p2a: Cryogonal\n|-damage|p2a: Cryogonal|94/287\n|-damage|p1a: Ludicolo|138/290|[from] item: Life Orb\n|move|p2a: Cryogonal|Ice Beam|p1a: Ludicolo\n|-damage|p1a: Ludicolo|44/290\n|\n|-weather|none\n|upkeep\n|turn|19\n|\n|t:|1781397274\n|move|p2a: Cryogonal|Ice Beam|p1a: Ludicolo\n|-damage|p1a: Ludicolo|0 fnt\n|faint|p1a: Ludicolo\n|\n|upkeep\n|\n|t:|1781397276\n|switch|p1a: Coalossal|Coalossal, L89, F|341/341\n|turn|20\n|\n|t:|1781397283\n|switch|p2a: Copperajah|Copperajah, L86, M|349/349\n|move|p1a: Coalossal|Rapid Spin|p2a: Copperajah\n|-resisted|p2a: Copperajah\n|-damage|p2a: Copperajah|331/349\n|-boost|p1a: Coalossal|spe|1\n|-sideend|p1: TY SM MY GUY|Stealth Rock|[from] move: Rapid Spin|[of] p1a: Coalossal\n|\n|upkeep\n|turn|21\n|\n|t:|1781397287\n|move|p1a: Coalossal|Overheat|p2a: Copperajah\n|-supereffective|p2a: Copperajah\n|-damage|p2a: Copperajah|31/349\n|-unboost|p1a: Coalossal|spa|2\n|move|p2a: Copperajah|Earthquake|p1a: Coalossal\n|-supereffective|p1a: Coalossal\n|-damage|p1a: Coalossal|0 fnt\n|faint|p1a: Coalossal\n|\n|upkeep\n|\n|t:|1781397290\n|switch|p1a: Alomomola|Alomomola, L87, F|429/429\n|turn|22\n|\n|t:|1781397293\n|move|p1a: Alomomola|Scald|p2a: Copperajah\n|-damage|p2a: Copperajah|0 fnt\n|faint|p2a: Copperajah\n|\n|upkeep\n|\n|t:|1781397302\n|switch|p2a: Cryogonal|Cryogonal, L89|94/287\n|turn|23\n|\n|t:|1781397304\n|move|p2a: Cryogonal|Recover|p2a: Cryogonal\n|-heal|p2a: Cryogonal|238/287\n|move|p1a: Alomomola|Scald|p2a: Cryogonal\n|-damage|p2a: Cryogonal|207/287\n|-status|p2a: Cryogonal|brn\n|\n|-damage|p2a: Cryogonal|190/287 brn|[from] brn\n|upkeep\n|turn|24\n|\n|t:|1781397307\n|-terastallize|p2a: Cryogonal|Electric\n|move|p2a: Cryogonal|Tera Blast|p1a: Alomomola|[anim] Tera Blast Electric\n|-supereffective|p1a: Alomomola\n|-damage|p1a: Alomomola|135/429\n|move|p1a: Alomomola|Scald|p2a: Cryogonal\n|-damage|p2a: Cryogonal|157/287 brn\n|\n|-damage|p2a: Cryogonal|140/287 brn|[from] brn\n|upkeep\n|turn|25\n|\n|t:|1781397311\n|move|p2a: Cryogonal|Tera Blast|p1a: Alomomola|[anim] Tera Blast Electric\n|-supereffective|p1a: Alomomola\n|-damage|p1a: Alomomola|0 fnt\n|faint|p1a: Alomomola\n|\n|win|JustOut459\n", "inputlog": ">version a8376a258c1d4662feba110a92103f3664a72141\n>start {\"formatid\":\"gen9randombattle\",\"seed\":\"sodium,db53a45dfe5c64ee9953998e631ed143\",\"rated\":\"Rated battle\"}\n>player p1 {\"name\":\"TY SM MY GUY\",\"avatar\":\"hoopster\",\"rating\":2237,\"seed\":\"sodium,f224c83a364c77bd72f300bf75e4fbba\"}\n>player p2 {\"name\":\"JustOut459\",\"avatar\":\"parasollady\",\"rating\":2396,\"seed\":\"sodium,c49d52b1fb8b332d1877c75b7f8c7f25\"}\n>p1 move dragondance\n>p2 switch 3\n>p1 move knockoff\n>p2 move bodypress\n>p1 switch 6\n>p1 move flamecharge\n>p2 move stealthrock\n>p1 move flamecharge\n>p2 switch 2\n>p1 move torchsong\n>p2 move knockoff\n>p1 move slackoff\n>p2 move discharge\n>p1 move torchsong\n>p2 move discharge\n>p1 move slackoff\n>p2 move discharge\n>p1 move slackoff\n>p2 move discharge\n>p1 move slackoff\n>p2 move discharge\n>p1 switch 3\n>p1 move bulkup\n>p2 move knockoff\n>p1 move drainpunch\n>p2 move discharge\n>p2 switch 5\n>p1 move knockoff terastallize\n>p2 move shadowball\n>p1 switch 5\n>p1 move raindance\n>p2 move calmmind\n>chat \u2606TY SM MY GUY| Lol im playin this like a bot \n>p1 move hydropump\n>p2 move calmmind\n>p1 move hydropump\n>p2 move drainingkiss\n>p2 switch 3\n>p1 move hydropump\n>p2 move recover\n>p1 move hydropump\n>p2 move icebeam\n>p1 move raindance\n>p2 move icebeam\n>p1 switch 2\n>p1 move rapidspin\n>p2 switch 4\n>p1 move overheat\n>p2 move earthquake\n>p1 switch 4\n>p1 move scald\n>p2 move earthquake\n>p2 switch 4\n>p1 move scald\n>p2 move recover\n>p1 move scald\n>p2 move terablast terastallize\n>p1 move scald\n>p2 move terablast", "uploadtime": 1781397094, "views": 6, "formatid": "gen9randombattle", "rating": null, "private": 0, "password": null}