{"id": "gen9randombattle-2631393036", "format": "[Gen 9] Random Battle", "players": ["muiballer", "General Nova64"], "log": "|j|\u2606muiballer\n|j|\u2606General Nova64\n|t:|1781379297\n|gametype|singles\n|player|p1|muiballer|101|2013\n|player|p2|General Nova64|169|2074\n|gen|9\n|tier|[Gen 9] Random Battle\n|rated|\n|rule|Species Clause: Limit one of each Pok\u00e9mon\n|rule|HP Percentage Mod: HP is shown in percentages\n|rule|Sleep Clause Mod: Limit one foe put to sleep\n|rule|Illusion Level Mod: Illusion disguises the Pok\u00e9mon's true level\n|\n|t:|1781379297\n|teamsize|p1|6\n|teamsize|p2|6\n|start\n|switch|p1a: Roaring Moon|Roaring Moon, L72|270/270\n|switch|p2a: Regidrago|Regidrago, L77|435/435\n|turn|1\n|\n|t:|1781379318\n|switch|p2a: Duraludon|Duraludon, L82, F|249/249\n|-terastallize|p1a: Roaring Moon|Poison\n|move|p1a: Roaring Moon|Dragon Dance|p1a: Roaring Moon\n|-boost|p1a: Roaring Moon|atk|1\n|-boost|p1a: Roaring Moon|spe|1\n|\n|upkeep\n|turn|2\n|\n|t:|1781379325\n|move|p1a: Roaring Moon|Knock Off|p2a: Duraludon\n|-damage|p2a: Duraludon|168/249\n|-enditem|p2a: Duraludon|Eviolite|[from] move: Knock Off|[of] p1a: Roaring Moon\n|move|p2a: Duraludon|Flash Cannon|p1a: Roaring Moon\n|-damage|p1a: Roaring Moon|176/270\n|-unboost|p1a: Roaring Moon|spd|1\n|\n|upkeep\n|turn|3\n|\n|t:|1781379333\n|-end|p1a: Roaring Moon|Protosynthesis|[silent]\n|switch|p1a: Dialga|Dialga, L73|266/266\n|-ability|p1a: Dialga|Pressure\n|move|p2a: Duraludon|Draco Meteor|p1a: Dialga\n|-damage|p1a: Dialga|152/266\n|-unboost|p2a: Duraludon|spa|2\n|\n|upkeep\n|turn|4\n|\n|t:|1781379340\n|move|p2a: Duraludon|Stealth Rock|p1a: Dialga\n|-sidestart|p1: muiballer|move: Stealth Rock\n|move|p1a: Dialga|Dragon Tail|p2a: Duraludon\n|-damage|p2a: Duraludon|116/249\n|drag|p2a: Polteageist|Polteageist, L78|222/222\n|\n|upkeep\n|turn|5\n|\n|t:|1781379345\n|switch|p2a: Duraludon|Duraludon, L82, F|116/249\n|move|p1a: Dialga|Heavy Slam|p2a: Duraludon\n|-resisted|p2a: Duraludon\n|-damage|p2a: Duraludon|68/249\n|\n|upkeep\n|turn|6\n|\n|t:|1781379354\n|switch|p1a: Glimmora|Glimmora, L75, M|248/248\n|-damage|p1a: Glimmora|217/248|[from] Stealth Rock\n|move|p2a: Duraludon|Body Press|p1a: Glimmora\n|-damage|p1a: Glimmora|144/248\n|-activate|p1a: Glimmora|ability: Toxic Debris\n|-sidestart|p2: General Nova64|move: Toxic Spikes\n|\n|upkeep\n|turn|7\n|\n|t:|1781379376\n|switch|p1a: Toucannon|Toucannon, L88, M|284/284\n|move|p2a: Duraludon|Flash Cannon|p1a: Toucannon\n|-damage|p1a: Toucannon|188/284\n|\n|upkeep\n|turn|8\n|\n|t:|1781379381\n|move|p2a: Duraludon|Flash Cannon|p1a: Toucannon\n|-damage|p1a: Toucannon|88/284\n|-unboost|p1a: Toucannon|spd|1\n|move|p1a: Toucannon|Roost|p1a: Toucannon\n|-heal|p1a: Toucannon|230/284\n|-singleturn|p1a: Toucannon|move: Roost\n|\n|upkeep\n|turn|9\n|\n|t:|1781379388\n|switch|p1a: Dialga|Dialga, L73|152/266\n|-damage|p1a: Dialga|136/266|[from] Stealth Rock\n|-ability|p1a: Dialga|Pressure\n|move|p2a: Duraludon|Flash Cannon|p1a: Dialga\n|-resisted|p1a: Dialga\n|-damage|p1a: Dialga|100/266\n|\n|upkeep\n|turn|10\n|\n|t:|1781379392\n|move|p2a: Duraludon|Flash Cannon|p1a: Dialga\n|-resisted|p1a: Dialga\n|-damage|p1a: Dialga|69/266\n|move|p1a: Dialga|Heavy Slam|p2a: Duraludon\n|-resisted|p2a: Duraludon\n|-damage|p2a: Duraludon|23/249\n|\n|upkeep\n|turn|11\n|\n|t:|1781379395\n|move|p2a: Duraludon|Flash Cannon|p1a: Dialga\n|-resisted|p1a: Dialga\n|-damage|p1a: Dialga|37/266\n|move|p1a: Dialga|Heavy Slam|p2a: Duraludon\n|-resisted|p2a: Duraludon\n|-damage|p2a: Duraludon|0 fnt\n|faint|p2a: Duraludon\n|\n|upkeep\n|\n|t:|1781379413\n|switch|p2a: Farigiraf|Farigiraf, L90, M|362/362\n|-status|p2a: Farigiraf|psn\n|turn|12\n|\n|t:|1781379419\n|move|p1a: Dialga|Draco Meteor|p2a: Farigiraf\n|-damage|p2a: Farigiraf|206/362 psn\n|-unboost|p1a: Dialga|spa|2\n|move|p2a: Farigiraf|Psychic Noise|p1a: Dialga\n|-resisted|p1a: Dialga\n|-damage|p1a: Dialga|2/266\n|-start|p1a: Dialga|move: Heal Block\n|\n|-heal|p2a: Farigiraf|228/362 psn|[from] item: Leftovers\n|-damage|p2a: Farigiraf|183/362 psn|[from] psn\n|upkeep\n|turn|13\n|\n|t:|1781379426\n|move|p2a: Farigiraf|Wish|p2a: Farigiraf\n|move|p1a: Dialga|Dragon Tail|p2a: Farigiraf\n|-damage|p2a: Farigiraf|120/362 psn\n|drag|p2a: Minior|Minior-Yellow, L79|224/224\n|-formechange|p2a: Minior|Minior-Meteor||[from] ability: Shields Down\n|\n|-end|p1a: Dialga|move: Heal Block\n|upkeep\n|turn|14\n|\n|t:|1781379431\n|switch|p2a: Farigiraf|Farigiraf, L90, M|120/362 psn\n|move|p1a: Dialga|Heavy Slam|p2a: Farigiraf\n|-damage|p2a: Farigiraf|20/362 psn\n|\n|-heal|p2a: Farigiraf|201/362 psn|[from] move: Wish|[wisher] Farigiraf\n|-heal|p2a: Farigiraf|223/362 psn|[from] item: Leftovers\n|-damage|p2a: Farigiraf|178/362 psn|[from] psn\n|upkeep\n|turn|15\n|\n|t:|1781379441\n|move|p2a: Farigiraf|Body Slam|p1a: Dialga\n|-resisted|p1a: Dialga\n|-damage|p1a: Dialga|0 fnt\n|faint|p1a: Dialga\n|\n|-heal|p2a: Farigiraf|200/362 psn|[from] item: Leftovers\n|-damage|p2a: Farigiraf|155/362 psn|[from] psn\n|upkeep\n|\n|t:|1781379446\n|switch|p1a: Glimmora|Glimmora, L75, M|144/248\n|-damage|p1a: Glimmora|113/248|[from] Stealth Rock\n|turn|16\n|\n|t:|1781379448\n|move|p1a: Glimmora|Meteor Beam||[still]\n|-prepare|p1a: Glimmora|Meteor Beam\n|-boost|p1a: Glimmora|spa|1\n|-enditem|p1a: Glimmora|Power Herb\n|-anim|p1a: Glimmora|Meteor Beam|p2a: Farigiraf\n|-damage|p2a: Farigiraf|0 fnt\n|faint|p2a: Farigiraf\n|\n|upkeep\n|\n|t:|1781379465\n|switch|p2a: Polteageist|Polteageist, L78|222/222\n|-status|p2a: Polteageist|psn\n|turn|17\n|\n|t:|1781379473\n|move|p1a: Glimmora|Energy Ball|p2a: Polteageist\n|-damage|p2a: Polteageist|131/222 psn\n|move|p2a: Polteageist|Shell Smash|p2a: Polteageist\n|-unboost|p2a: Polteageist|def|1\n|-unboost|p2a: Polteageist|spd|1\n|-boost|p2a: Polteageist|atk|2\n|-boost|p2a: Polteageist|spa|2\n|-boost|p2a: Polteageist|spe|2\n|-enditem|p2a: Polteageist|White Herb\n|-clearnegativeboost|p2a: Polteageist|[silent]\n|\n|-damage|p2a: Polteageist|104/222 psn|[from] psn\n|upkeep\n|turn|18\n|\n|t:|1781379486\n|move|p2a: Polteageist|Stored Power|p1a: Glimmora\n|-supereffective|p1a: Glimmora\n|-damage|p1a: Glimmora|0 fnt\n|faint|p1a: Glimmora\n|\n|-damage|p2a: Polteageist|77/222 psn|[from] psn\n|upkeep\n|\n|t:|1781379490\n|switch|p1a: Rotom|Rotom-Mow, L87|229/229\n|-damage|p1a: Rotom|201/229|[from] Stealth Rock\n|turn|19\n|\n|t:|1781379496\n|-terastallize|p2a: Polteageist|Psychic\n|move|p2a: Polteageist|Stored Power|p1a: Rotom\n|-damage|p1a: Rotom|0 fnt\n|faint|p1a: Rotom\n|\n|-damage|p2a: Polteageist|50/222 psn|[from] psn\n|upkeep\n|\n|t:|1781379499\n|switch|p1a: Roaring Moon|Roaring Moon, L72, tera:Poison|176/270\n|-damage|p1a: Roaring Moon|143/270|[from] Stealth Rock\n|turn|20\n|-message|muiballer forfeited.\n|\n|win|General Nova64\n", "inputlog": ">version a8376a258c1d4662feba110a92103f3664a72141\n>start {\"formatid\":\"gen9randombattle\",\"seed\":\"sodium,66ab70eb52ac111be3ef65129a82a2b4\",\"rated\":\"Rated battle\"}\n>player p1 {\"name\":\"muiballer\",\"avatar\":\"101\",\"rating\":2013,\"seed\":\"sodium,c969215045142d617b1015efca56b69c\"}\n>player p2 {\"name\":\"General Nova64\",\"avatar\":\"169\",\"rating\":2074,\"seed\":\"sodium,2114f514773d99524af78e8a212b6f13\"}\n>p1 move dragondance terastallize\n>p2 switch 3\n>p1 move knockoff\n>p2 move flashcannon\n>p1 switch 2\n>p2 move dracometeor\n>p1 move dragontail\n>p2 move stealthrock\n>p1 move heavyslam\n>p2 switch 2\n>p1 switch 5\n>p2 move bodypress\n>p1 switch 6\n>p2 move flashcannon\n>p1 move roost\n>p2 move flashcannon\n>p1 switch 5\n>p2 move flashcannon\n>p1 move heavyslam\n>p2 move flashcannon\n>p1 move heavyslam\n>p2 move flashcannon\n>p2 switch 6\n>p1 move dracometeor\n>p2 move psychicnoise\n>p1 move dragontail\n>p2 move wish\n>p1 move heavyslam\n>p2 switch 5\n>p1 move dragontail\n>p2 move bodyslam\n>p1 switch 6\n>p1 move meteorbeam\n>p2 move psychicnoise\n>p2 switch 2\n>p1 move energyball\n>p2 move shellsmash\n>p1 move energyball\n>p2 move storedpower\n>p1 switch 3\n>p1 move thunderbolt\n>p2 move storedpower terastallize\n>p1 switch 2\n>forcelose p1", "uploadtime": 1781379301, "views": 11, "formatid": "gen9randombattle", "rating": null, "private": 0, "password": null}