{"id": "gen9randombattle-2631863985", "format": "[Gen 9] Random Battle", "players": ["deathler", "ElyasTheGreat"], "log": "|badge|p1|bronze|gen9randombattle|100-9\n|uhtml|medal-msg|<div class=\"broadcast-blue\">Curious what those medals under the avatar are? PS now has Ladder Seasons! For more information, check out the <a href=\"https://www.smogon.com/forums/threads/3740067/\">thread on Smogon.</a></div>\n|badge|p2|bronze|gen9randombattle|100-9\n|uhtml|medal-msg|<div class=\"broadcast-blue\">Curious what those medals under the avatar are? PS now has Ladder Seasons! For more information, check out the <a href=\"https://www.smogon.com/forums/threads/3740067/\">thread on Smogon.</a></div>\n|j|\u2606deathler\n|j|\u2606ElyasTheGreat\n|t:|1781449574\n|gametype|singles\n|player|p1|deathler|cyrus|2341\n|player|p2|ElyasTheGreat|alder|2355\n|gen|9\n|tier|[Gen 9] Random Battle\n|rated|\n|rule|Species Clause: Limit one of each Pok\u00e9mon\n|rule|HP Percentage Mod: HP is shown in percentages\n|rule|Sleep Clause Mod: Limit one foe put to sleep\n|rule|Illusion Level Mod: Illusion disguises the Pok\u00e9mon's true level\n|\n|t:|1781449574\n|teamsize|p1|6\n|teamsize|p2|6\n|start\n|switch|p1a: Venusaur|Venusaur, L84, M|272/272\n|switch|p2a: Flygon|Flygon, L82, F|265/265\n|turn|1\n|inactive|Battle timer is ON: inactive players will automatically lose when time's up. (requested by deathler)\n|\n|t:|1781449627\n|move|p2a: Flygon|Dragon Dance|p2a: Flygon\n|-boost|p2a: Flygon|atk|1\n|-boost|p2a: Flygon|spe|1\n|move|p1a: Venusaur|Knock Off|p2a: Flygon\n|-damage|p2a: Flygon|195/265\n|-enditem|p2a: Flygon|Lum Berry|[from] move: Knock Off|[of] p1a: Venusaur\n|\n|upkeep\n|turn|2\n|\n|t:|1781449633\n|move|p2a: Flygon|Earthquake|p1a: Venusaur\n|-damage|p1a: Venusaur|124/272\n|move|p1a: Venusaur|Energy Ball|p2a: Flygon\n|-damage|p2a: Flygon|80/265\n|\n|-heal|p1a: Venusaur|141/272|[from] item: Leftovers\n|upkeep\n|turn|3\n|\n|t:|1781449643\n|switch|p1a: Porygon2|Porygon2, L81|270/270\n|-ability|p1a: Porygon2|Download|boost\n|-boost|p1a: Porygon2|spa|1\n|move|p2a: Flygon|Outrage|p1a: Porygon2\n|-damage|p1a: Porygon2|149/270\n|\n|upkeep\n|turn|4\n|\n|t:|1781449649\n|switch|p1a: Comfey|Comfey, L85, M|225/225\n|move|p2a: Flygon|Outrage|p1a: Comfey|[from] lockedmove\n|-immune|p1a: Comfey\n|-start|p2a: Flygon|confusion|[fatigue]\n|\n|upkeep\n|turn|5\n|\n|t:|1781449654\n|switch|p2a: Flareon|Flareon, L90, M|263/263\n|move|p1a: Comfey|Draining Kiss|p2a: Flareon\n|-resisted|p2a: Flareon\n|-damage|p2a: Flareon|242/263\n|\n|-status|p2a: Flareon|tox|[from] item: Toxic Orb\n|upkeep\n|turn|6\n|\n|t:|1781449665\n|switch|p1a: Oranguru|Oranguru, L92, M|315/315\n|move|p2a: Flareon|Facade|p1a: Oranguru\n|-damage|p1a: Oranguru|107/315\n|\n|-heal|p1a: Oranguru|126/315|[from] item: Leftovers\n|-damage|p2a: Flareon|226/263 tox|[from] psn\n|upkeep\n|turn|7\n|\n|t:|1781449670\n|move|p2a: Flareon|Facade|p1a: Oranguru\n|-damage|p1a: Oranguru|0 fnt\n|faint|p1a: Oranguru\n|\n|-damage|p2a: Flareon|194/263 tox|[from] psn\n|upkeep\n|\n|t:|1781449674\n|switch|p1a: Golduck|Golduck, L90, M|290/290\n|-ability|p1a: Golduck|Cloud Nine\n|turn|8\n|\n|t:|1781449703\n|switch|p2a: Flygon|Flygon, L82, F|80/265\n|move|p1a: Golduck|Hydro Pump|p2a: Flygon|[miss]\n|-miss|p1a: Golduck|p2a: Flygon\n|\n|upkeep\n|turn|9\n|\n|t:|1781449708\n|switch|p1a: Comfey|Comfey, L85, M|225/225\n|move|p2a: Flygon|Earthquake|p1a: Comfey\n|-damage|p1a: Comfey|119/225\n|\n|-heal|p1a: Comfey|133/225|[from] item: Leftovers\n|upkeep\n|turn|10\n|\n|t:|1781449715\n|move|p1a: Comfey|Calm Mind|p1a: Comfey\n|-boost|p1a: Comfey|spa|1\n|-boost|p1a: Comfey|spd|1\n|move|p2a: Flygon|Earthquake|p1a: Comfey\n|-damage|p1a: Comfey|36/225\n|\n|-heal|p1a: Comfey|50/225|[from] item: Leftovers\n|upkeep\n|turn|11\n|\n|t:|1781449720\n|move|p1a: Comfey|Draining Kiss|p2a: Flygon\n|-supereffective|p2a: Flygon\n|-damage|p2a: Flygon|0 fnt\n|-heal|p1a: Comfey|110/225|[from] drain|[of] p2a: Flygon\n|faint|p2a: Flygon\n|\n|-heal|p1a: Comfey|124/225|[from] item: Leftovers\n|upkeep\n|\n|t:|1781449721\n|switch|p2a: Flareon|Flareon, L90, M|194/263 tox\n|turn|12\n|\n|t:|1781449737\n|switch|p1a: Porygon2|Porygon2, L81|149/270\n|-ability|p1a: Porygon2|Download|boost\n|-boost|p1a: Porygon2|atk|1\n|move|p2a: Flareon|Facade|p1a: Porygon2\n|-damage|p1a: Porygon2|0 fnt\n|faint|p1a: Porygon2\n|\n|-damage|p2a: Flareon|178/263 tox|[from] psn\n|upkeep\n|\n|t:|1781449740\n|switch|p1a: Golduck|Golduck, L90, M|290/290\n|-ability|p1a: Golduck|Cloud Nine\n|turn|13\n|\n|t:|1781449756\n|move|p2a: Flareon|Quick Attack|p1a: Golduck\n|-damage|p1a: Golduck|224/290\n|move|p1a: Golduck|Hydro Pump|p2a: Flareon\n|-supereffective|p2a: Flareon\n|-damage|p2a: Flareon|0 fnt\n|faint|p2a: Flareon\n|-damage|p1a: Golduck|195/290|[from] item: Life Orb\n|\n|upkeep\n|\n|t:|1781449758\n|switch|p2a: Thundurus|Thundurus-Therian, L80, M|258/258\n|turn|14\n|\n|t:|1781449763\n|switch|p1a: Glastrier|Glastrier, L86|312/312\n|move|p2a: Thundurus|Thunderbolt|p1a: Glastrier\n|-damage|p1a: Glastrier|204/312\n|\n|upkeep\n|turn|15\n|\n|t:|1781449768\n|switch|p2a: Lucario|Lucario, L84, F|255/255\n|move|p1a: Glastrier|Icicle Crash|p2a: Lucario|[miss]\n|-miss|p1a: Glastrier|p2a: Lucario\n|\n|upkeep\n|turn|16\n|\n|t:|1781449775\n|move|p2a: Lucario|Aura Sphere|p1a: Glastrier\n|-supereffective|p1a: Glastrier\n|-damage|p1a: Glastrier|0 fnt\n|faint|p1a: Glastrier\n|-damage|p2a: Lucario|230/255|[from] item: Life Orb\n|\n|upkeep\n|\n|t:|1781449781\n|switch|p1a: Golduck|Golduck, L90, M|195/290\n|-ability|p1a: Golduck|Cloud Nine\n|turn|17\n|\n|t:|1781449788\n|move|p1a: Golduck|Hydro Pump|p2a: Lucario\n|-damage|p2a: Lucario|43/255\n|-damage|p1a: Golduck|166/290|[from] item: Life Orb\n|move|p2a: Lucario|Aura Sphere|p1a: Golduck\n|-damage|p1a: Golduck|33/290\n|-damage|p2a: Lucario|18/255|[from] item: Life Orb\n|\n|upkeep\n|turn|18\n|\n|t:|1781449793\n|switch|p1a: Venusaur|Venusaur, L84, M|141/272\n|move|p2a: Lucario|Vacuum Wave|p1a: Venusaur\n|-resisted|p1a: Venusaur\n|-damage|p1a: Venusaur|110/272\n|-damage|p2a: Lucario|0 fnt|[from] item: Life Orb\n|faint|p2a: Lucario\n|\n|-heal|p1a: Venusaur|127/272|[from] item: Leftovers\n|upkeep\n|\n|t:|1781449797\n|switch|p2a: Staraptor|Staraptor, L79, F|263/263\n|turn|19\n|\n|t:|1781449806\n|switch|p1a: Golduck|Golduck, L90, M|33/290\n|-ability|p1a: Golduck|Cloud Nine\n|move|p2a: Staraptor|Brave Bird|p1a: Golduck\n|-damage|p1a: Golduck|0 fnt\n|faint|p1a: Golduck\n|-damage|p2a: Staraptor|252/263|[from] Recoil\n|\n|upkeep\n|\n|t:|1781449808\n|switch|p1a: Comfey|Comfey, L85, M|124/225\n|turn|20\n|\n|t:|1781449811\n|-terastallize|p1a: Comfey|Steel\n|move|p1a: Comfey|Calm Mind|p1a: Comfey\n|-boost|p1a: Comfey|spa|1\n|-boost|p1a: Comfey|spd|1\n|move|p2a: Staraptor|Brave Bird|p1a: Comfey\n|-resisted|p1a: Comfey\n|-damage|p1a: Comfey|4/225\n|-damage|p2a: Staraptor|212/263|[from] Recoil\n|\n|-heal|p1a: Comfey|18/225|[from] item: Leftovers\n|upkeep\n|turn|21\n|\n|t:|1781449817\n|move|p1a: Comfey|Draining Kiss|p2a: Staraptor\n|-damage|p2a: Staraptor|115/263\n|-heal|p1a: Comfey|91/225|[from] drain|[of] p2a: Staraptor\n|move|p2a: Staraptor|Brave Bird|p1a: Comfey\n|-resisted|p1a: Comfey\n|-damage|p1a: Comfey|0 fnt\n|faint|p1a: Comfey\n|-damage|p2a: Staraptor|85/263|[from] Recoil\n|\n|upkeep\n|-message|deathler forfeited.\n|\n|win|ElyasTheGreat\n", "inputlog": ">version a8376a258c1d4662feba110a92103f3664a72141\n>start {\"formatid\":\"gen9randombattle\",\"seed\":\"sodium,fdb2f8459c9d2892594d76ccdbe4769f\",\"rated\":\"Rated battle\"}\n>player p1 {\"name\":\"deathler\",\"avatar\":\"cyrus\",\"rating\":2341,\"seed\":\"sodium,5f1fed5d149e1ed56029742f056fbdf0\"}\n>player p2 {\"name\":\"ElyasTheGreat\",\"avatar\":\"alder\",\"rating\":2355,\"seed\":\"sodium,2972016ea1bc2ada5b2378aaa98c5450\"}\n>p1 move knockoff\n>p2 move dragondance\n>p1 move energyball\n>p2 move earthquake\n>p1 switch 3\n>p2 move outrage\n>p1 switch 6\n>p2 move outrage\n>p1 move drainingkiss\n>p2 switch 4\n>p1 switch 2\n>p2 move facade\n>p1 move psyshock\n>p2 move facade\n>p1 switch 4\n>p1 move hydropump\n>p2 switch 4\n>p1 switch 2\n>p2 move earthquake\n>p1 move calmmind\n>p2 move earthquake\n>p1 move drainingkiss\n>p2 move earthquake\n>p2 switch 4\n>p1 switch 6\n>p2 move facade\n>p1 switch 2\n>p1 move hydropump\n>p2 move quickattack\n>p2 switch 2\n>p1 switch 5\n>p2 move thunderbolt\n>p1 move iciclecrash\n>p2 switch 5\n>p1 move closecombat\n>p2 move aurasphere\n>p1 switch 5\n>p1 move hydropump\n>p2 move aurasphere\n>p1 switch 3\n>p2 move vacuumwave\n>p2 switch 3\n>p1 switch 3\n>p2 move bravebird\n>p1 switch 6\n>p1 move calmmind terastallize\n>p2 move bravebird\n>p1 move drainingkiss\n>p2 move bravebird\n>forcelose p1", "uploadtime": 1781449577, "views": 4, "formatid": "gen9randombattle", "rating": null, "private": 0, "password": null}