{"id": "gen9randombattle-2631629401", "format": "[Gen 9] Random Battle", "players": ["Elite 4 Waally", "jsjsiis"], "log": "|j|\u2606Elite 4 Waally\n|j|\u2606jsjsiis\n|t:|1781411434\n|gametype|singles\n|player|p1|Elite 4 Waally|wally|1958\n|player|p2|jsjsiis|1|1920\n|gen|9\n|tier|[Gen 9] Random Battle\n|rated|\n|rule|Species Clause: Limit one of each Pok\u00e9mon\n|rule|HP Percentage Mod: HP is shown in percentages\n|rule|Sleep Clause Mod: Limit one foe put to sleep\n|rule|Illusion Level Mod: Illusion disguises the Pok\u00e9mon's true level\n|\n|t:|1781411434\n|teamsize|p1|6\n|teamsize|p2|6\n|start\n|switch|p1a: Sudowoodo|Sudowoodo, L94, M|284/284\n|switch|p2a: Sableye|Sableye, L88, M|231/231\n|turn|1\n|inactive|Battle timer is ON: inactive players will automatically lose when time's up. (requested by jsjsiis)\n|\n|t:|1781411442\n|move|p2a: Sableye|Will-O-Wisp|p1a: Sudowoodo\n|-status|p1a: Sudowoodo|brn\n|move|p1a: Sudowoodo|Stealth Rock|p2a: Sableye\n|-sidestart|p2: jsjsiis|move: Stealth Rock\n|\n|-damage|p1a: Sudowoodo|267/284 brn|[from] brn\n|upkeep\n|turn|2\n|\n|t:|1781411449\n|move|p2a: Sableye|Encore|p1a: Sudowoodo\n|-start|p1a: Sudowoodo|Encore\n|move|p1a: Sudowoodo|Stealth Rock||[still]\n|-fail|p1a: Sudowoodo\n|\n|-heal|p1a: Sudowoodo|284/284 brn|[from] item: Leftovers\n|-damage|p1a: Sudowoodo|267/284 brn|[from] brn\n|upkeep\n|turn|3\n|\n|t:|1781411458\n|switch|p1a: Mudsdale|Mudsdale, L83, F|302/302\n|move|p2a: Sableye|Knock Off|p1a: Mudsdale\n|-crit|p1a: Mudsdale\n|-damage|p1a: Mudsdale|161/302\n|-ability|p1a: Mudsdale|Stamina|boost\n|-boost|p1a: Mudsdale|def|1\n|-enditem|p1a: Mudsdale|Leftovers|[from] move: Knock Off|[of] p2a: Sableye\n|\n|upkeep\n|turn|4\n|\n|t:|1781411463\n|switch|p1a: Meowscarada|Meowscarada, L78, M|247/247\n|move|p2a: Sableye|Will-O-Wisp|p1a: Meowscarada\n|-hint|Since gen 7, Dark is immune to Prankster moves.\n|-immune|p1a: Meowscarada\n|\n|upkeep\n|turn|5\n|\n|t:|1781411473\n|switch|p2a: Sneasler|Sneasler, L74, F|240/240\n|-damage|p2a: Sneasler|225/240|[from] Stealth Rock\n|move|p1a: Meowscarada|Knock Off|p2a: Sneasler\n|-start|p1a: Meowscarada|typechange|Dark|[from] ability: Protean\n|-resisted|p2a: Sneasler\n|-damage|p2a: Sneasler|135/240\n|-enditem|p2a: Sneasler|White Herb|[from] move: Knock Off|[of] p1a: Meowscarada\n|-damage|p1a: Meowscarada|223/247|[from] item: Life Orb\n|\n|upkeep\n|turn|6\n|\n|t:|1781411483\n|switch|p1a: Sudowoodo|Sudowoodo, L94, M|267/284 brn\n|move|p2a: Sneasler|Swords Dance|p2a: Sneasler\n|-boost|p2a: Sneasler|atk|2\n|\n|-heal|p1a: Sudowoodo|284/284 brn|[from] item: Leftovers\n|-damage|p1a: Sudowoodo|267/284 brn|[from] brn\n|upkeep\n|turn|7\n|\n|t:|1781411488\n|move|p2a: Sneasler|Close Combat|p1a: Sudowoodo\n|-supereffective|p1a: Sudowoodo\n|-damage|p1a: Sudowoodo|0 fnt\n|-unboost|p2a: Sneasler|def|1\n|-unboost|p2a: Sneasler|spd|1\n|faint|p1a: Sudowoodo\n|\n|upkeep\n|\n|t:|1781411494\n|switch|p1a: Crabominable|Crabominable, L90, F|321/321\n|turn|8\n|\n|t:|1781411498\n|-terastallize|p1a: Crabominable|Fighting\n|move|p2a: Sneasler|Close Combat|p1a: Crabominable\n|-damage|p1a: Crabominable|63/321\n|-unboost|p2a: Sneasler|def|1\n|-unboost|p2a: Sneasler|spd|1\n|move|p1a: Crabominable|Drain Punch|p2a: Sneasler\n|-resisted|p2a: Sneasler\n|-crit|p2a: Sneasler\n|-damage|p2a: Sneasler|0 fnt\n|-heal|p1a: Crabominable|131/321|[from] drain|[of] p2a: Sneasler\n|faint|p2a: Sneasler\n|\n|upkeep\n|\n|t:|1781411509\n|switch|p2a: Palkia|Palkia, L75|259/259\n|-damage|p2a: Palkia|227/259|[from] Stealth Rock\n|-ability|p2a: Palkia|Pressure\n|turn|9\n|\n|t:|1781411515\n|switch|p1a: Mudsdale|Mudsdale, L83, F|161/302\n|move|p2a: Palkia|Spacial Rend|p1a: Mudsdale\n|-damage|p1a: Mudsdale|20/302\n|-ability|p1a: Mudsdale|Stamina|boost\n|-boost|p1a: Mudsdale|def|1\n|\n|upkeep\n|turn|10\n|\n|t:|1781411518\n|move|p2a: Palkia|Spacial Rend|p1a: Mudsdale\n|-crit|p1a: Mudsdale\n|-damage|p1a: Mudsdale|0 fnt\n|faint|p1a: Mudsdale\n|\n|upkeep\n|\n|t:|1781411522\n|switch|p1a: Meowscarada|Meowscarada, L78, M|223/247\n|turn|11\n|\n|t:|1781411526\n|move|p1a: Meowscarada|Toxic Spikes|p2a: Palkia\n|-start|p1a: Meowscarada|typechange|Poison|[from] ability: Protean\n|-sidestart|p2: jsjsiis|move: Toxic Spikes\n|move|p2a: Palkia|Fire Blast|p1a: Meowscarada|[miss]\n|-miss|p2a: Palkia|p1a: Meowscarada\n|\n|upkeep\n|turn|12\n|\n|t:|1781411531\n|move|p1a: Meowscarada|Knock Off|p2a: Palkia\n|-damage|p2a: Palkia|144/259\n|-enditem|p2a: Palkia|Lustrous Orb|[from] move: Knock Off|[of] p1a: Meowscarada\n|-damage|p1a: Meowscarada|199/247|[from] item: Life Orb\n|move|p2a: Palkia|Thunder Wave|p1a: Meowscarada\n|-status|p1a: Meowscarada|par\n|\n|upkeep\n|turn|13\n|\n|t:|1781411535\n|move|p2a: Palkia|Spacial Rend|p1a: Meowscarada\n|-crit|p1a: Meowscarada\n|-damage|p1a: Meowscarada|0 fnt\n|faint|p1a: Meowscarada\n|\n|upkeep\n|\n|t:|1781411540\n|switch|p1a: Deoxys|Deoxys-Attack, L72|191/191\n|-ability|p1a: Deoxys|Pressure\n|turn|14\n|\n|t:|1781411544\n|move|p1a: Deoxys|Psycho Boost|p2a: Palkia\n|-damage|p2a: Palkia|0 fnt\n|-unboost|p1a: Deoxys|spa|2\n|faint|p2a: Palkia\n|-damage|p1a: Deoxys|172/191|[from] item: Life Orb\n|\n|upkeep\n|\n|t:|1781411547\n|switch|p2a: Tentacruel|Tentacruel, L84, F|272/272\n|-damage|p2a: Tentacruel|238/272|[from] Stealth Rock\n|-sideend|p2: jsjsiis|move: Toxic Spikes|[of] p2a: Tentacruel\n|turn|15\n|\n|t:|1781411550\n|move|p1a: Deoxys|Psycho Boost|p2a: Tentacruel\n|-supereffective|p2a: Tentacruel\n|-damage|p2a: Tentacruel|126/272\n|-unboost|p1a: Deoxys|spa|2\n|-damage|p1a: Deoxys|153/191|[from] item: Life Orb\n|move|p2a: Tentacruel|Rapid Spin|p1a: Deoxys\n|-damage|p1a: Deoxys|71/191\n|-boost|p2a: Tentacruel|spe|1\n|-sideend|p2: jsjsiis|Stealth Rock|[from] move: Rapid Spin|[of] p2a: Tentacruel\n|\n|upkeep\n|turn|16\n|-message|Elite 4 Waally forfeited.\n|\n|win|jsjsiis\n", "inputlog": ">version a8376a258c1d4662feba110a92103f3664a72141\n>start {\"formatid\":\"gen9randombattle\",\"seed\":\"sodium,22f3aaf76cff0abb69805eaf6e24e365\",\"rated\":\"Rated battle\"}\n>player p1 {\"name\":\"Elite 4 Waally\",\"avatar\":\"wally\",\"rating\":1958,\"seed\":\"sodium,b8b734a8d2307776a5518d9ecbb2e0dd\"}\n>player p2 {\"name\":\"jsjsiis\",\"avatar\":\"1\",\"rating\":1920,\"seed\":\"sodium,4711196504ec1bbba708bfebba31bd0d\"}\n>p1 move stealthrock\n>p2 move willowisp\n>p1 move headsmash\n>p2 move encore\n>p1 switch 6\n>p2 move knockoff\n>p1 switch 3\n>p2 move willowisp\n>p1 move knockoff\n>p2 switch 2\n>p1 switch 6\n>p2 move swordsdance\n>p1 move headsmash\n>p2 move closecombat\n>p1 switch 2\n>p1 move drainpunch terastallize\n>p2 move closecombat\n>p2 switch 4\n>p1 switch 3\n>p2 move spacialrend\n>p1 move earthquake\n>p2 move spacialrend\n>p1 switch 6\n>p1 move toxicspikes\n>p2 move fireblast\n>p1 move knockoff\n>p2 move thunderwave\n>p1 move flowertrick\n>p2 move spacialrend\n>p1 switch 5\n>p1 move psychoboost\n>p2 move spacialrend\n>p2 switch 3\n>p1 move psychoboost\n>p2 move rapidspin\n>forcelose p1", "uploadtime": 1781411435, "views": 7, "formatid": "gen9randombattle", "rating": null, "private": 0, "password": null}