{"id": "gen9randombattle-2631767128", "format": "[Gen 9] Random Battle", "players": ["Barniekiller42064", "masbahlilganteng"], "log": "|j|\u2606Barniekiller42064\n|j|\u2606masbahlilganteng\n|t:|1781436436\n|gametype|singles\n|player|p1|Barniekiller42064|crasherwake|2065\n|player|p2|masbahlilganteng|hoopster|2062\n|gen|9\n|tier|[Gen 9] Random Battle\n|rated|\n|rule|Species Clause: Limit one of each Pok\u00e9mon\n|rule|HP Percentage Mod: HP is shown in percentages\n|rule|Sleep Clause Mod: Limit one foe put to sleep\n|rule|Illusion Level Mod: Illusion disguises the Pok\u00e9mon's true level\n|\n|t:|1781436436\n|teamsize|p1|6\n|teamsize|p2|6\n|start\n|switch|p1a: Kyurem|Kyurem-Black, L71|295/295\n|switch|p2a: Glimmora|Glimmora, L75, F|248/248\n|-ability|p1a: Kyurem|Teravolt\n|turn|1\n|inactive|Battle timer is ON: inactive players will automatically lose when time's up. (requested by masbahlilganteng)\n|inactive|Barniekiller42064 also wants the timer to be on.\n|\n|t:|1781436447\n|switch|p1a: Latios|Latios, L78, M|253/253\n|move|p2a: Glimmora|Stealth Rock|p1a: Latios\n|-sidestart|p1: Barniekiller42064|move: Stealth Rock\n|\n|upkeep\n|turn|2\n|\n|t:|1781436463\n|switch|p2a: Excadrill|Excadrill, L79, F|303/303\n|-ability|p2a: Excadrill|Mold Breaker\n|move|p1a: Latios|Psyshock|p2a: Excadrill\n|-resisted|p2a: Excadrill\n|-damage|p2a: Excadrill|219/303\n|\n|upkeep\n|turn|3\n|\n|t:|1781436482\n|switch|p1a: Cobalion|Cobalion, L80|277/277\n|-damage|p1a: Cobalion|269/277|[from] Stealth Rock\n|move|p2a: Excadrill|Earthquake|p1a: Cobalion\n|-supereffective|p1a: Cobalion\n|-damage|p1a: Cobalion|83/277\n|\n|-heal|p1a: Cobalion|100/277|[from] item: Leftovers\n|upkeep\n|turn|4\n|\n|t:|1781436493\n|switch|p2a: Muk|Muk, L86, M|321/321\n|move|p1a: Cobalion|Close Combat|p2a: Muk\n|-resisted|p2a: Muk\n|-damage|p2a: Muk|258/321\n|-unboost|p1a: Cobalion|def|1\n|-unboost|p1a: Cobalion|spd|1\n|\n|-heal|p1a: Cobalion|117/277|[from] item: Leftovers\n|upkeep\n|turn|5\n|\n|t:|1781436505\n|move|p2a: Muk|Shadow Sneak|p1a: Cobalion\n|-damage|p1a: Cobalion|79/277\n|move|p1a: Cobalion|Swords Dance|p1a: Cobalion\n|-boost|p1a: Cobalion|atk|2\n|\n|-heal|p1a: Cobalion|96/277|[from] item: Leftovers\n|upkeep\n|turn|6\n|\n|t:|1781436512\n|move|p2a: Muk|Shadow Sneak|p1a: Cobalion\n|-damage|p1a: Cobalion|59/277\n|move|p1a: Cobalion|Iron Head|p2a: Muk\n|-damage|p2a: Muk|98/321\n|\n|-heal|p1a: Cobalion|76/277|[from] item: Leftovers\n|upkeep\n|turn|7\n|\n|t:|1781436529\n|move|p2a: Muk|Shadow Sneak|p1a: Cobalion\n|-damage|p1a: Cobalion|38/277\n|move|p1a: Cobalion|Iron Head|p2a: Muk\n|-damage|p2a: Muk|0 fnt\n|faint|p2a: Muk\n|\n|-heal|p1a: Cobalion|55/277|[from] item: Leftovers\n|upkeep\n|\n|t:|1781436536\n|switch|p2a: Shaymin|Shaymin-Sky, L73|266/266\n|turn|8\n|\n|t:|1781436543\n|switch|p1a: Chien-Pao|Chien-Pao, L72|234/234\n|-ability|p1a: Chien-Pao|Sword of Ruin\n|move|p2a: Shaymin|Air Slash|p1a: Chien-Pao\n|-damage|p1a: Chien-Pao|131/234\n|\n|upkeep\n|turn|9\n|\n|t:|1781436559\n|move|p1a: Chien-Pao|Swords Dance|p1a: Chien-Pao\n|-boost|p1a: Chien-Pao|atk|2\n|move|p2a: Shaymin|Seed Flare|p1a: Chien-Pao\n|-damage|p1a: Chien-Pao|0 fnt\n|faint|p1a: Chien-Pao\n|\n|upkeep\n|\n|t:|1781436588\n|switch|p1a: Kyurem|Kyurem-Black, L71|295/295\n|-damage|p1a: Kyurem|222/295|[from] Stealth Rock\n|-ability|p1a: Kyurem|Teravolt\n|turn|10\n|\n|t:|1781436597\n|move|p2a: Shaymin|Substitute|p2a: Shaymin\n|-start|p2a: Shaymin|Substitute\n|-damage|p2a: Shaymin|200/266\n|move|p1a: Kyurem|Dragon Dance|p1a: Kyurem\n|-boost|p1a: Kyurem|atk|1\n|-boost|p1a: Kyurem|spe|1\n|\n|-heal|p2a: Shaymin|216/266|[from] item: Leftovers\n|upkeep\n|turn|11\n|\n|t:|1781436608\n|move|p1a: Kyurem|Icicle Spear|p2a: Shaymin\n|-supereffective|p2a: Shaymin\n|-crit|p2a: Shaymin\n|-end|p2a: Shaymin|Substitute\n|-supereffective|p2a: Shaymin\n|-damage|p2a: Shaymin|0 fnt\n|faint|p2a: Shaymin\n|-hitcount|p2: Shaymin|2\n|\n|upkeep\n|\n|t:|1781436615\n|switch|p2a: Glimmora|Glimmora, L75, F|248/248\n|turn|12\n|\n|t:|1781436620\n|move|p1a: Kyurem|Icicle Spear|p2a: Glimmora\n|-damage|p2a: Glimmora|197/248\n|-activate|p2a: Glimmora|ability: Toxic Debris\n|-sidestart|p1: Barniekiller42064|move: Toxic Spikes\n|-damage|p2a: Glimmora|149/248\n|-activate|p2a: Glimmora|ability: Toxic Debris\n|-sidestart|p1: Barniekiller42064|move: Toxic Spikes\n|-damage|p2a: Glimmora|103/248\n|-damage|p2a: Glimmora|51/248\n|-damage|p2a: Glimmora|0 fnt\n|faint|p2a: Glimmora\n|-hitcount|p2: Glimmora|5\n|\n|upkeep\n|\n|t:|1781436626\n|switch|p2a: Spidops|Spidops, L96, M|271/271\n|turn|13\n|\n|t:|1781436637\n|-terastallize|p2a: Spidops|Ghost\n|move|p1a: Kyurem|Icicle Spear|p2a: Spidops\n|-damage|p2a: Spidops|231/271\n|-crit|p2a: Spidops\n|-damage|p2a: Spidops|173/271\n|-damage|p2a: Spidops|136/271\n|-crit|p2a: Spidops\n|-damage|p2a: Spidops|76/271\n|-hitcount|p2a: Spidops|4\n|move|p2a: Spidops|Circle Throw|p1a: Kyurem|[miss]\n|-miss|p2a: Spidops|p1a: Kyurem\n|\n|upkeep\n|turn|14\n|\n|t:|1781436645\n|move|p1a: Kyurem|Icicle Spear|p2a: Spidops\n|-damage|p2a: Spidops|36/271\n|-damage|p2a: Spidops|0 fnt\n|faint|p2a: Spidops\n|-hitcount|p2: Spidops|2\n|\n|upkeep\n|-message|masbahlilganteng forfeited.\n|\n|win|Barniekiller42064\n", "inputlog": ">version a8376a258c1d4662feba110a92103f3664a72141\n>start {\"formatid\":\"gen9randombattle\",\"seed\":\"sodium,729003de4d5c15c545007644b00d095b\",\"rated\":\"Rated battle\"}\n>player p1 {\"name\":\"Barniekiller42064\",\"avatar\":\"crasherwake\",\"rating\":2065,\"seed\":\"sodium,16634cc8b16df8fd93086069d73097e2\"}\n>player p2 {\"name\":\"masbahlilganteng\",\"avatar\":\"hoopster\",\"rating\":2062,\"seed\":\"sodium,7eaccddc3d12a98eba89475ddb830eda\"}\n>p1 switch 4\n>p2 move stealthrock\n>p1 move psyshock\n>p2 switch 3\n>p1 switch 3\n>p2 move earthquake\n>p1 move closecombat\n>p2 switch 2\n>p1 move swordsdance\n>p2 move shadowsneak\n>p1 move ironhead\n>p2 move shadowsneak\n>p1 move ironhead\n>p2 move shadowsneak\n>p2 switch 4\n>p1 switch 6\n>p2 move airslash\n>p1 move swordsdance\n>p2 move seedflare\n>p1 switch 4\n>p1 move dragondance\n>p2 move substitute\n>p1 move iciclespear\n>p2 move leechseed\n>p2 switch 3\n>p1 move iciclespear\n>p2 move sludgewave\n>p2 switch 6\n>p1 move iciclespear\n>p2 move circlethrow terastallize\n>p1 move iciclespear\n>p2 move circlethrow\n>forcelose p2", "uploadtime": 1781436438, "views": 7, "formatid": "gen9randombattle", "rating": null, "private": 0, "password": null}