{"id": "gen9randombattle-2631774508", "format": "[Gen 9] Random Battle", "players": ["meme slurper", "ChadInteleonUser"], "log": "|j|\u2606meme slurper\n|j|\u2606ChadInteleonUser\n|t:|1781437625\n|gametype|singles\n|player|p1|meme slurper|burglar|2022\n|player|p2|ChadInteleonUser|wallace|2214\n|gen|9\n|tier|[Gen 9] Random Battle\n|rated|\n|rule|Species Clause: Limit one of each Pok\u00e9mon\n|rule|HP Percentage Mod: HP is shown in percentages\n|rule|Sleep Clause Mod: Limit one foe put to sleep\n|rule|Illusion Level Mod: Illusion disguises the Pok\u00e9mon's true level\n|\n|t:|1781437625\n|teamsize|p1|6\n|teamsize|p2|6\n|start\n|switch|p1a: Vivillon|Vivillon-Jungle, L83, M|268/268\n|switch|p2a: Appletun|Appletun, L92, M|352/352\n|turn|1\n|inactive|Battle timer is ON: inactive players will automatically lose when time's up. (requested by meme slurper)\n|inactive|ChadInteleonUser also wants the timer to be on.\n|\n|t:|1781437645\n|move|p1a: Vivillon|Quiver Dance|p1a: Vivillon\n|-boost|p1a: Vivillon|spa|1\n|-boost|p1a: Vivillon|spd|1\n|-boost|p1a: Vivillon|spe|1\n|move|p2a: Appletun|Draco Meteor|p1a: Vivillon\n|-damage|p1a: Vivillon|109/268\n|-unboost|p2a: Appletun|spa|2\n|\n|upkeep\n|turn|2\n|\n|t:|1781437652\n|switch|p2a: Jirachi|Jirachi, L80|291/291\n|move|p1a: Vivillon|Hurricane|p2a: Jirachi\n|-resisted|p2a: Jirachi\n|-damage|p2a: Jirachi|210/291\n|\n|-heal|p2a: Jirachi|228/291|[from] item: Leftovers\n|upkeep\n|turn|3\n|\n|t:|1781437663\n|move|p1a: Vivillon|Sleep Powder|p2a: Jirachi\n|-status|p2a: Jirachi|slp|[from] move: Sleep Powder\n|cant|p2a: Jirachi|slp\n|\n|-heal|p2a: Jirachi|246/291 slp|[from] item: Leftovers\n|upkeep\n|turn|4\n|\n|t:|1781437667\n|switch|p2a: Electivire|Electivire, L84, F|263/263\n|move|p1a: Vivillon|Bug Buzz|p2a: Electivire\n|-damage|p2a: Electivire|122/263\n|\n|upkeep\n|turn|5\n|\n|t:|1781437677\n|move|p1a: Vivillon|Bug Buzz|p2a: Electivire\n|-damage|p2a: Electivire|0 fnt\n|faint|p2a: Electivire\n|\n|upkeep\n|\n|t:|1781437681\n|switch|p2a: Cinderace|Cinderace, L77, M|249/249\n|turn|6\n|\n|t:|1781437688\n|move|p1a: Vivillon|Hurricane|p2a: Cinderace|[miss]\n|-miss|p1a: Vivillon|p2a: Cinderace\n|move|p2a: Cinderace|Pyro Ball|p1a: Vivillon\n|-supereffective|p1a: Vivillon\n|-damage|p1a: Vivillon|0 fnt\n|faint|p1a: Vivillon\n|\n|upkeep\n|\n|t:|1781437690\n|switch|p1a: Samurott|Samurott-Hisui, L77, F|265/265\n|turn|7\n|\n|t:|1781437694\n|move|p2a: Cinderace|High Jump Kick|p1a: Samurott\n|-start|p2a: Cinderace|typechange|Fighting|[from] ability: Libero\n|-supereffective|p1a: Samurott\n|-damage|p1a: Samurott|0 fnt\n|faint|p1a: Samurott\n|\n|upkeep\n|\n|t:|1781437703\n|switch|p1a: Regieleki|Regieleki, L79|256/256\n|turn|8\n|\n|t:|1781437707\n|switch|p2a: Appletun|Appletun, L92, M|352/352\n|move|p1a: Regieleki|Volt Switch|p2a: Appletun\n|-resisted|p2a: Appletun\n|-damage|p2a: Appletun|324/352\n|\n|t:|1781437709\n|switch|p1a: Iron Bundle|Iron Bundle, L78|215/215|[from] Volt Switch\n|\n|-heal|p2a: Appletun|346/352|[from] item: Leftovers\n|upkeep\n|turn|9\n|\n|t:|1781437714\n|-terastallize|p1a: Iron Bundle|Ice\n|move|p1a: Iron Bundle|Ice Beam|p2a: Appletun\n|-supereffective|p2a: Appletun\n|-damage|p2a: Appletun|0 fnt\n|faint|p2a: Appletun\n|\n|upkeep\n|\n|t:|1781437719\n|switch|p2a: Cinderace|Cinderace, L77, M|249/249\n|turn|10\n|\n|t:|1781437724\n|-end|p1a: Iron Bundle|Quark Drive|[silent]\n|switch|p1a: Excadrill|Excadrill, L79, M|303/303\n|-ability|p1a: Excadrill|Mold Breaker\n|move|p2a: Cinderace|Pyro Ball|p1a: Excadrill\n|-supereffective|p1a: Excadrill\n|-damage|p1a: Excadrill|0 fnt\n|faint|p1a: Excadrill\n|\n|upkeep\n|\n|t:|1781437727\n|switch|p1a: Iron Bundle|Iron Bundle, L78, tera:Ice|215/215\n|turn|11\n|\n|t:|1781437730\n|switch|p2a: Bruxish|Bruxish, L85, F|254/254\n|move|p1a: Iron Bundle|Hydro Pump|p2a: Bruxish\n|-resisted|p2a: Bruxish\n|-damage|p2a: Bruxish|137/254\n|\n|upkeep\n|turn|12\n|\n|t:|1781437735\n|-end|p1a: Iron Bundle|Quark Drive|[silent]\n|switch|p1a: Victreebel|Victreebel, L90, F|290/290\n|move|p2a: Bruxish|Psychic Fangs|p1a: Victreebel\n|-supereffective|p1a: Victreebel\n|-damage|p1a: Victreebel|0 fnt\n|faint|p1a: Victreebel\n|-damage|p2a: Bruxish|112/254|[from] item: Life Orb\n|\n|upkeep\n|\n|t:|1781437737\n|switch|p1a: Iron Bundle|Iron Bundle, L78, tera:Ice|215/215\n|turn|13\n|\n|t:|1781437741\n|move|p1a: Iron Bundle|Freeze-Dry|p2a: Bruxish\n|-supereffective|p2a: Bruxish\n|-damage|p2a: Bruxish|0 fnt\n|faint|p2a: Bruxish\n|\n|upkeep\n|\n|t:|1781437744\n|switch|p2a: Cinderace|Cinderace, L77, M|249/249\n|turn|14\n|\n|t:|1781437748\n|move|p1a: Iron Bundle|Freeze-Dry|p2a: Cinderace\n|-resisted|p2a: Cinderace\n|-damage|p2a: Cinderace|147/249\n|move|p2a: Cinderace|Pyro Ball|p1a: Iron Bundle\n|-supereffective|p1a: Iron Bundle\n|-damage|p1a: Iron Bundle|3/215\n|\n|upkeep\n|turn|15\n|\n|t:|1781437752\n|move|p1a: Iron Bundle|Freeze-Dry|p2a: Cinderace\n|-resisted|p2a: Cinderace\n|-damage|p2a: Cinderace|42/249\n|move|p2a: Cinderace|U-turn|p1a: Iron Bundle\n|-start|p2a: Cinderace|typechange|Bug|[from] ability: Libero\n|-crit|p1a: Iron Bundle\n|-damage|p1a: Iron Bundle|0 fnt\n|faint|p1a: Iron Bundle\n|-end|p1a: Iron Bundle|Quark Drive|[silent]\n|\n|t:|1781437760\n|switch|p2a: Comfey|Comfey, L85, M|225/225|[from] U-turn\n|\n|upkeep\n|\n|t:|1781437762\n|switch|p1a: Regieleki|Regieleki, L79|256/256\n|turn|16\n|\n|t:|1781437765\n|move|p1a: Regieleki|Thunderbolt|p2a: Comfey\n|-damage|p2a: Comfey|117/225\n|move|p2a: Comfey|Calm Mind|p2a: Comfey\n|-boost|p2a: Comfey|spa|1\n|-boost|p2a: Comfey|spd|1\n|\n|-heal|p2a: Comfey|131/225|[from] item: Leftovers\n|upkeep\n|turn|17\n|c|\u2606ChadInteleonUser|gg\n|c|\u2606ChadInteleonUser|fun game\n|\n|t:|1781437786\n|move|p1a: Regieleki|Thunderbolt|p2a: Comfey\n|-damage|p2a: Comfey|53/225\n|move|p2a: Comfey|Calm Mind|p2a: Comfey\n|-boost|p2a: Comfey|spa|1\n|-boost|p2a: Comfey|spd|1\n|\n|-heal|p2a: Comfey|67/225|[from] item: Leftovers\n|upkeep\n|turn|18\n|c|\u2606ChadInteleonUser|just going full blow for blow lmfao\n|\n|t:|1781437789\n|move|p2a: Comfey|Draining Kiss|p1a: Regieleki\n|-damage|p1a: Regieleki|105/256\n|-heal|p2a: Comfey|180/225|[from] drain|[of] p1a: Regieleki\n|move|p1a: Regieleki|Thunderbolt|p2a: Comfey\n|-damage|p2a: Comfey|122/225\n|-status|p2a: Comfey|par\n|\n|-heal|p2a: Comfey|136/225 par|[from] item: Leftovers\n|upkeep\n|turn|19\n|\n|t:|1781437792\n|move|p2a: Comfey|Draining Kiss|p1a: Regieleki\n|-damage|p1a: Regieleki|0 fnt\n|-heal|p2a: Comfey|215/225 par|[from] drain|[of] p1a: Regieleki\n|faint|p1a: Regieleki\n|\n|win|ChadInteleonUser\n", "uploadtime": 1781437627, "views": 7, "formatid": "gen9randombattle", "rating": null, "private": 0, "password": null}