{"id": "gen9randombattle-2631909413", "format": "[Gen 9] Random Battle", "players": ["SyxthSence", "julfersi1"], "log": "|j|\u2606SyxthSence\n|j|\u2606julfersi1\n|t:|1781454565\n|gametype|singles\n|player|p1|SyxthSence|170|2141\n|player|p2|julfersi1|169|2213\n|gen|9\n|tier|[Gen 9] Random Battle\n|rated|\n|rule|Species Clause: Limit one of each Pok\u00e9mon\n|rule|HP Percentage Mod: HP is shown in percentages\n|rule|Sleep Clause Mod: Limit one foe put to sleep\n|rule|Illusion Level Mod: Illusion disguises the Pok\u00e9mon's true level\n|\n|t:|1781454565\n|teamsize|p1|6\n|teamsize|p2|6\n|start\n|switch|p1a: Ditto|Ditto, L87|225/225\n|switch|p2a: Porygon2|Porygon2, L81|270/270\n|-transform|p1a: Ditto|p2a: Porygon2|[from] ability: Imposter\n|-ability|p1a: Ditto|Download|boost\n|-boost|p1a: Ditto|atk|1\n|-ability|p2a: Porygon2|Download|boost\n|-boost|p2a: Porygon2|atk|1\n|turn|1\n|inactive|Battle timer is ON: inactive players will automatically lose when time's up. (requested by SyxthSence)\n|\n|t:|1781454584\n|switch|p1a: Iron Crown|Iron Crown, L78|268/268\n|move|p2a: Porygon2|Tri Attack|p1a: Iron Crown\n|-resisted|p1a: Iron Crown\n|-damage|p1a: Iron Crown|229/268\n|-status|p1a: Iron Crown|brn\n|\n|-heal|p1a: Iron Crown|245/268 brn|[from] item: Leftovers\n|-damage|p1a: Iron Crown|229/268 brn|[from] brn\n|upkeep\n|turn|2\n|\n|t:|1781454598\n|-end|p1a: Iron Crown|Quark Drive|[silent]\n|switch|p1a: Mandibuzz|Mandibuzz, L85, F|326/326\n|switch|p2a: Wyrdeer|Wyrdeer, L87, M|321/321\n|-ability|p2a: Wyrdeer|Intimidate|boost\n|-unboost|p1a: Mandibuzz|atk|1\n|\n|upkeep\n|turn|3\n|\n|t:|1781454602\n|switch|p2a: Garganacl|Garganacl, L80, F|291/291\n|move|p1a: Mandibuzz|Foul Play|p2a: Garganacl\n|-damage|p2a: Garganacl|215/291\n|\n|-heal|p2a: Garganacl|233/291|[from] item: Leftovers\n|upkeep\n|turn|4\n|\n|t:|1781454614\n|move|p1a: Mandibuzz|Foul Play|p2a: Garganacl\n|-damage|p2a: Garganacl|151/291\n|move|p2a: Garganacl|Salt Cure|p1a: Mandibuzz\n|-supereffective|p1a: Mandibuzz\n|-damage|p1a: Mandibuzz|254/326\n|-start|p1a: Mandibuzz|Salt Cure\n|\n|-heal|p2a: Garganacl|169/291|[from] item: Leftovers\n|-damage|p1a: Mandibuzz|214/326|[from] Salt Cure\n|upkeep\n|turn|5\n|\n|t:|1781454618\n|switch|p1a: Lapras|Lapras, L87, M|367/367\n|move|p2a: Garganacl|Salt Cure|p1a: Lapras\n|-supereffective|p1a: Lapras\n|-damage|p1a: Lapras|275/367\n|-start|p1a: Lapras|Salt Cure\n|\n|-heal|p2a: Garganacl|187/291|[from] item: Leftovers\n|-damage|p1a: Lapras|184/367|[from] Salt Cure\n|upkeep\n|turn|6\n|\n|t:|1781454625\n|switch|p1a: Iron Crown|Iron Crown, L78|229/268 brn\n|switch|p2a: Porygon2|Porygon2, L81|270/270\n|-ability|p2a: Porygon2|Download|boost\n|-boost|p2a: Porygon2|atk|1\n|\n|-heal|p1a: Iron Crown|245/268 brn|[from] item: Leftovers\n|-damage|p1a: Iron Crown|229/268 brn|[from] brn\n|upkeep\n|turn|7\n|\n|t:|1781454632\n|switch|p2a: Wyrdeer|Wyrdeer, L87, M|321/321\n|-ability|p2a: Wyrdeer|Intimidate|boost\n|-unboost|p1a: Iron Crown|atk|1\n|move|p1a: Iron Crown|Calm Mind|p1a: Iron Crown\n|-boost|p1a: Iron Crown|spa|1\n|-boost|p1a: Iron Crown|spd|1\n|\n|-heal|p1a: Iron Crown|245/268 brn|[from] item: Leftovers\n|-damage|p1a: Iron Crown|229/268 brn|[from] brn\n|upkeep\n|turn|8\n|\n|t:|1781454636\n|move|p1a: Iron Crown|Tachyon Cutter|p2a: Wyrdeer\n|-damage|p2a: Wyrdeer|261/321\n|-crit|p2a: Wyrdeer\n|-damage|p2a: Wyrdeer|171/321\n|-hitcount|p2a: Wyrdeer|2\n|move|p2a: Wyrdeer|Body Slam|p1a: Iron Crown\n|-resisted|p1a: Iron Crown\n|-damage|p1a: Iron Crown|179/268 brn\n|\n|-heal|p1a: Iron Crown|195/268 brn|[from] item: Leftovers\n|-damage|p1a: Iron Crown|179/268 brn|[from] brn\n|upkeep\n|turn|9\n|\n|t:|1781454640\n|move|p1a: Iron Crown|Tachyon Cutter|p2a: Wyrdeer\n|-damage|p2a: Wyrdeer|105/321\n|-damage|p2a: Wyrdeer|39/321\n|-hitcount|p2a: Wyrdeer|2\n|move|p2a: Wyrdeer|Earthquake|p1a: Iron Crown\n|-supereffective|p1a: Iron Crown\n|-damage|p1a: Iron Crown|29/268 brn\n|\n|-heal|p1a: Iron Crown|45/268 brn|[from] item: Leftovers\n|-damage|p1a: Iron Crown|29/268 brn|[from] brn\n|upkeep\n|turn|10\n|\n|t:|1781454646\n|move|p1a: Iron Crown|Tachyon Cutter|p2a: Wyrdeer\n|-damage|p2a: Wyrdeer|0 fnt\n|faint|p2a: Wyrdeer\n|-hitcount|p2: Wyrdeer|1\n|\n|-heal|p1a: Iron Crown|45/268 brn|[from] item: Leftovers\n|-damage|p1a: Iron Crown|29/268 brn|[from] brn\n|upkeep\n|\n|t:|1781454648\n|switch|p2a: Bruxish|Bruxish, L85, M|254/254\n|turn|11\n|\n|t:|1781454664\n|-end|p1a: Iron Crown|Quark Drive|[silent]\n|switch|p1a: Rhydon|Rhydon, L85, M|317/317\n|move|p2a: Bruxish|Flip Turn|p1a: Rhydon\n|-supereffective|p1a: Rhydon\n|-damage|p1a: Rhydon|169/317\n|\n|t:|1781454669\n|switch|p2a: Gyarados|Gyarados, L79, M|280/280|[from] Flip Turn\n|-ability|p2a: Gyarados|Intimidate|boost\n|-unboost|p1a: Rhydon|atk|1\n|\n|upkeep\n|turn|12\n|\n|t:|1781454675\n|switch|p1a: Lapras|Lapras, L87, M|184/367\n|move|p2a: Gyarados|Waterfall|p1a: Lapras\n|-heal|p1a: Lapras|275/367|[from] ability: Water Absorb|[of] p2a: Gyarados\n|\n|upkeep\n|turn|13\n|\n|t:|1781454681\n|switch|p2a: Misdreavus|Misdreavus, L90, F|254/254\n|move|p1a: Lapras|Freeze-Dry|p2a: Misdreavus\n|-damage|p2a: Misdreavus|185/254\n|\n|upkeep\n|turn|14\n|\n|t:|1781454696\n|switch|p1a: Delphox|Delphox, L84, M|263/263\n|move|p2a: Misdreavus|Shadow Ball|p1a: Delphox\n|-supereffective|p1a: Delphox\n|-damage|p1a: Delphox|105/263\n|\n|upkeep\n|turn|15\n|\n|t:|1781454705\n|move|p1a: Delphox|Psyshock|p2a: Misdreavus\n|-damage|p2a: Misdreavus|107/254\n|move|p2a: Misdreavus|Shadow Ball|p1a: Delphox\n|-supereffective|p1a: Delphox\n|-damage|p1a: Delphox|0 fnt\n|faint|p1a: Delphox\n|\n|upkeep\n|\n|t:|1781454716\n|switch|p1a: Rhydon|Rhydon, L85, M|169/317\n|turn|16\n|\n|t:|1781454718\n|move|p2a: Misdreavus|Will-O-Wisp|p1a: Rhydon\n|-status|p1a: Rhydon|brn\n|move|p1a: Rhydon|Stone Edge|p2a: Misdreavus\n|-damage|p2a: Misdreavus|46/254\n|\n|-damage|p1a: Rhydon|150/317 brn|[from] brn\n|upkeep\n|turn|17\n|\n|t:|1781454726\n|move|p2a: Misdreavus|Draining Kiss|p1a: Rhydon\n|-damage|p1a: Rhydon|111/317 brn\n|-heal|p2a: Misdreavus|75/254|[from] drain|[of] p1a: Rhydon\n|move|p1a: Rhydon|Stone Edge|p2a: Misdreavus\n|-crit|p2a: Misdreavus\n|-damage|p2a: Misdreavus|0 fnt\n|faint|p2a: Misdreavus\n|\n|-damage|p1a: Rhydon|92/317 brn|[from] brn\n|upkeep\n|\n|t:|1781454744\n|switch|p2a: Porygon2|Porygon2, L81|270/270\n|-ability|p2a: Porygon2|Download|boost\n|-boost|p2a: Porygon2|spa|1\n|turn|18\n|\n|t:|1781454759\n|move|p2a: Porygon2|Tri Attack|p1a: Rhydon\n|-resisted|p1a: Rhydon\n|-damage|p1a: Rhydon|20/317 brn\n|move|p1a: Rhydon|Stone Edge|p2a: Porygon2\n|-damage|p2a: Porygon2|225/270\n|\n|-damage|p1a: Rhydon|1/317 brn|[from] brn\n|upkeep\n|turn|19\n|\n|t:|1781454763\n|move|p2a: Porygon2|Tri Attack|p1a: Rhydon\n|-resisted|p1a: Rhydon\n|-crit|p1a: Rhydon\n|-damage|p1a: Rhydon|0 fnt\n|faint|p1a: Rhydon\n|\n|upkeep\n|\n|t:|1781454771\n|switch|p1a: Iron Crown|Iron Crown, L78|29/268 brn\n|turn|20\n|\n|t:|1781454776\n|switch|p2a: Bruxish|Bruxish, L85, M|254/254\n|move|p1a: Iron Crown|Focus Blast|p2a: Bruxish|[miss]\n|-miss|p1a: Iron Crown|p2a: Bruxish\n|\n|-heal|p1a: Iron Crown|45/268 brn|[from] item: Leftovers\n|-damage|p1a: Iron Crown|29/268 brn|[from] brn\n|upkeep\n|turn|21\n|\n|t:|1781454783\n|move|p2a: Bruxish|Psychic Fangs|p1a: Iron Crown\n|-resisted|p1a: Iron Crown\n|-damage|p1a: Iron Crown|0 fnt\n|faint|p1a: Iron Crown\n|-end|p1a: Iron Crown|Quark Drive|[silent]\n|\n|upkeep\n|\n|t:|1781454786\n|switch|p1a: Mandibuzz|Mandibuzz, L85, F|214/326\n|turn|22\n|\n|t:|1781454793\n|switch|p2a: Garganacl|Garganacl, L80, F|187/291\n|switch|p1a: Lapras|Lapras, L87, M|275/367\n|\n|-heal|p2a: Garganacl|205/291|[from] item: Leftovers\n|upkeep\n|turn|23\n|\n|t:|1781454804\n|move|p1a: Lapras|Freeze-Dry|p2a: Garganacl\n|-damage|p2a: Garganacl|100/291\n|move|p2a: Garganacl|Salt Cure|p1a: Lapras\n|-supereffective|p1a: Lapras\n|-damage|p1a: Lapras|189/367\n|-start|p1a: Lapras|Salt Cure\n|\n|-heal|p2a: Garganacl|118/291|[from] item: Leftovers\n|-damage|p1a: Lapras|98/367|[from] Salt Cure\n|upkeep\n|turn|24\n|\n|t:|1781454809\n|switch|p1a: Mandibuzz|Mandibuzz, L85, F|214/326\n|move|p2a: Garganacl|Recover|p2a: Garganacl\n|-heal|p2a: Garganacl|264/291\n|\n|-heal|p2a: Garganacl|282/291|[from] item: Leftovers\n|upkeep\n|turn|25\n|\n|t:|1781454816\n|switch|p1a: Lapras|Lapras, L87, M|98/367\n|move|p2a: Garganacl|Salt Cure|p1a: Lapras\n|-supereffective|p1a: Lapras\n|-damage|p1a: Lapras|18/367\n|-start|p1a: Lapras|Salt Cure\n|\n|-heal|p2a: Garganacl|291/291|[from] item: Leftovers\n|-damage|p1a: Lapras|0 fnt|[from] Salt Cure\n|faint|p1a: Lapras\n|upkeep\n|\n|t:|1781454818\n|switch|p1a: Mandibuzz|Mandibuzz, L85, F|214/326\n|turn|26\n|-message|SyxthSence forfeited.\n|\n|win|julfersi1\n", "inputlog": ">version a8376a258c1d4662feba110a92103f3664a72141\n>start {\"formatid\":\"gen9randombattle\",\"seed\":\"sodium,80b8c5225cfd2a5b1dbbae043190d51d\",\"rated\":\"Rated battle\"}\n>player p1 {\"name\":\"SyxthSence\",\"avatar\":\"170\",\"rating\":2141,\"seed\":\"sodium,3792022a42f7b6ec0f5c5bb8978e23d4\"}\n>player p2 {\"name\":\"julfersi1\",\"avatar\":\"169\",\"rating\":2213,\"seed\":\"sodium,f92aea45fd11669a6f1546ce36e24fc3\"}\n>p1 switch 3\n>p2 move triattack\n>p1 switch 2\n>p2 switch 3\n>p1 move foulplay\n>p2 switch 2\n>p1 move foulplay\n>p2 move saltcure\n>p1 switch 6\n>p2 move saltcure\n>p1 switch 2\n>p2 switch 3\n>p1 move calmmind\n>p2 switch 2\n>p1 move tachyoncutter\n>p2 move bodyslam\n>p1 move tachyoncutter\n>p2 move earthquake\n>p1 move tachyoncutter\n>p2 move earthquake\n>p2 switch 4\n>p1 switch 5\n>p2 move flipturn\n>p2 switch 5\n>p1 switch 2\n>p2 move waterfall\n>p1 move freezedry\n>p2 switch 6\n>p1 switch 4\n>p2 move shadowball\n>p1 move psyshock\n>p2 move shadowball\n>p1 switch 2\n>p1 move stoneedge\n>p2 move willowisp\n>p1 move stoneedge\n>p2 move drainingkiss\n>p2 switch 2\n>p1 move stoneedge\n>p2 move triattack\n>p1 move earthquake\n>p2 move triattack\n>p1 switch 5\n>p1 move focusblast\n>p2 switch 5\n>p1 move tachyoncutter\n>p2 move psychicfangs\n>p1 switch 6\n>p1 switch 4\n>p2 switch 3\n>p1 move freezedry\n>p2 move saltcure\n>p1 switch 4\n>p2 move recover\n>p1 switch 4\n>p2 move saltcure\n>p1 switch 4\n>forcelose p1", "uploadtime": 1781454567, "views": 9, "formatid": "gen9randombattle", "rating": null, "private": 0, "password": null}