{"id": "gen9randombattle-2631431037", "format": "[Gen 9] Random Battle", "players": ["Pokeoke", "rhinoshark007"], "log": "|badge|p2|bronze|gen9randombattle|100-9\n|uhtml|medal-msg|<div class=\"broadcast-blue\">Curious what those medals under the avatar are? PS now has Ladder Seasons! For more information, check out the <a href=\"https://www.smogon.com/forums/threads/3740067/\">thread on Smogon.</a></div>\n|j|\u2606Pokeoke\n|j|\u2606rhinoshark007\n|t:|1781383792\n|gametype|singles\n|player|p1|Pokeoke|101|2109\n|player|p2|rhinoshark007|elesa|2343\n|gen|9\n|tier|[Gen 9] Random Battle\n|rated|\n|rule|Species Clause: Limit one of each Pok\u00e9mon\n|rule|HP Percentage Mod: HP is shown in percentages\n|rule|Sleep Clause Mod: Limit one foe put to sleep\n|rule|Illusion Level Mod: Illusion disguises the Pok\u00e9mon's true level\n|\n|t:|1781383792\n|teamsize|p1|6\n|teamsize|p2|6\n|start\n|switch|p1a: Swanna|Swanna, L89, F|278/278\n|switch|p2a: Iron Hands|Iron Hands, L79|373/373\n|turn|1\n|inactive|Battle timer is ON: inactive players will automatically lose when time's up. (requested by rhinoshark007)\n|\n|t:|1781383816\n|switch|p1a: Virizion|Virizion, L82|283/283\n|move|p2a: Iron Hands|Volt Switch|p1a: Virizion\n|-resisted|p1a: Virizion\n|-damage|p1a: Virizion|266/283\n|\n|t:|1781383825\n|-end|p2a: Iron Hands|Quark Drive|[silent]\n|switch|p2a: Iron Jugulis|Iron Jugulis, L77|271/271|[from] Volt Switch\n|\n|upkeep\n|turn|2\n|\n|t:|1781383844\n|move|p1a: Virizion|Stone Edge|p2a: Iron Jugulis\n|-supereffective|p2a: Iron Jugulis\n|-damage|p2a: Iron Jugulis|84/271\n|-damage|p1a: Virizion|238/283|[from] item: Life Orb\n|move|p2a: Iron Jugulis|Hurricane|p1a: Virizion\n|-supereffective|p1a: Virizion\n|-damage|p1a: Virizion|0 fnt\n|faint|p1a: Virizion\n|\n|upkeep\n|\n|t:|1781383847\n|switch|p1a: Rampardos|Rampardos, L90, F|321/321\n|turn|3\n|\n|t:|1781383853\n|move|p1a: Rampardos|Earthquake|p2a: Iron Jugulis\n|-immune|p2a: Iron Jugulis\n|move|p2a: Iron Jugulis|Hurricane|p1a: Rampardos\n|-resisted|p1a: Rampardos\n|-damage|p1a: Rampardos|206/321\n|\n|upkeep\n|turn|4\n|\n|t:|1781383858\n|switch|p1a: Klawf|Klawf, L90, F|272/272\n|move|p2a: Iron Jugulis|Hurricane|p1a: Klawf|[miss]\n|-miss|p2a: Iron Jugulis|p1a: Klawf\n|\n|upkeep\n|turn|5\n|\n|t:|1781383864\n|-end|p2a: Iron Jugulis|Quark Drive|[silent]\n|switch|p2a: Wugtrio|Wugtrio, L91, M|212/212\n|move|p1a: Klawf|Swords Dance|p1a: Klawf\n|-boost|p1a: Klawf|atk|2\n|\n|upkeep\n|turn|6\n|\n|t:|1781383869\n|switch|p1a: Meowscarada|Meowscarada, L78, M|247/247\n|move|p2a: Wugtrio|Liquidation|p1a: Meowscarada\n|-resisted|p1a: Meowscarada\n|-damage|p1a: Meowscarada|142/247\n|\n|upkeep\n|turn|7\n|\n|t:|1781383873\n|switch|p2a: Iron Hands|Iron Hands, L79|373/373\n|move|p1a: Meowscarada|U-turn|p2a: Iron Hands\n|-start|p1a: Meowscarada|typechange|Bug|[from] ability: Protean\n|-resisted|p2a: Iron Hands\n|-damage|p2a: Iron Hands|326/373\n|\n|t:|1781383880\n|switch|p1a: Mismagius|Mismagius, L86, F|243/243|[from] U-turn\n|\n|upkeep\n|turn|8\n|\n|t:|1781383883\n|move|p1a: Mismagius|Dazzling Gleam|p2a: Iron Hands\n|-supereffective|p2a: Iron Hands\n|-damage|p2a: Iron Hands|154/373\n|move|p2a: Iron Hands|Volt Switch|p1a: Mismagius\n|-damage|p1a: Mismagius|207/243\n|\n|t:|1781383893\n|-end|p2a: Iron Hands|Quark Drive|[silent]\n|switch|p2a: Tyranitar|Tyranitar, L78, M|284/284|[from] Volt Switch\n|-weather|Sandstorm|[from] ability: Sand Stream|[of] p2a: Tyranitar\n|\n|-weather|Sandstorm|[upkeep]\n|-damage|p1a: Mismagius|192/243|[from] Sandstorm\n|upkeep\n|turn|9\n|\n|t:|1781383898\n|switch|p1a: Klawf|Klawf, L90, F|272/272\n|move|p2a: Tyranitar|Knock Off|p1a: Klawf\n|-damage|p1a: Klawf|182/272\n|-enditem|p1a: Klawf|Sitrus Berry|[from] move: Knock Off|[of] p2a: Tyranitar\n|\n|-weather|Sandstorm|[upkeep]\n|upkeep\n|turn|10\n|\n|t:|1781383903\n|move|p1a: Klawf|Crabhammer|p2a: Tyranitar\n|-supereffective|p2a: Tyranitar\n|-damage|p2a: Tyranitar|120/284\n|move|p2a: Tyranitar|Dragon Tail|p1a: Klawf\n|-damage|p1a: Klawf|144/272\n|drag|p1a: Mismagius|Mismagius, L86, F|192/243\n|\n|-weather|Sandstorm|[upkeep]\n|-damage|p1a: Mismagius|177/243|[from] Sandstorm\n|upkeep\n|turn|11\n|\n|t:|1781383912\n|switch|p1a: Klawf|Klawf, L90, F|144/272\n|move|p2a: Tyranitar|Stone Edge|p1a: Klawf\n|-damage|p1a: Klawf|51/272\n|-ability|p1a: Klawf|Anger Shell|boost\n|-boost|p1a: Klawf|atk|1\n|-boost|p1a: Klawf|spa|1\n|-boost|p1a: Klawf|spe|1\n|-unboost|p1a: Klawf|def|1\n|-unboost|p1a: Klawf|spd|1\n|\n|-weather|Sandstorm|[upkeep]\n|upkeep\n|turn|12\n|\n|t:|1781383923\n|move|p1a: Klawf|Stone Edge|p2a: Tyranitar\n|-damage|p2a: Tyranitar|0 fnt\n|faint|p2a: Tyranitar\n|\n|-weather|none\n|upkeep\n|\n|t:|1781383934\n|switch|p2a: Wugtrio|Wugtrio, L91, M|212/212\n|turn|13\n|\n|t:|1781383937\n|switch|p1a: Swanna|Swanna, L89, F|278/278\n|move|p2a: Wugtrio|Aqua Jet|p1a: Swanna\n|-resisted|p1a: Swanna\n|-damage|p1a: Swanna|236/278\n|\n|upkeep\n|turn|14\n|\n|t:|1781383940\n|switch|p2a: Ninetales|Ninetales-Alola, L78, F|242/242\n|-weather|Snowscape|[from] ability: Snow Warning|[of] p2a: Ninetales\n|move|p1a: Swanna|Brave Bird|p2a: Ninetales\n|-damage|p2a: Ninetales|140/242\n|-damage|p1a: Swanna|202/278|[from] Recoil\n|\n|-weather|Snowscape|[upkeep]\n|upkeep\n|turn|15\n|\n|t:|1781383948\n|move|p1a: Swanna|Defog|p2a: Ninetales\n|-unboost|p2a: Ninetales|evasion|1\n|move|p2a: Ninetales|Freeze-Dry|p1a: Swanna\n|-supereffective|p1a: Swanna\n|-damage|p1a: Swanna|0 fnt\n|faint|p1a: Swanna\n|\n|-weather|Snowscape|[upkeep]\n|upkeep\n|\n|t:|1781383953\n|switch|p1a: Rampardos|Rampardos, L90, F|206/321\n|turn|16\n|\n|t:|1781383966\n|-terastallize|p2a: Ninetales|Steel\n|move|p1a: Rampardos|Head Smash|p2a: Ninetales\n|-resisted|p2a: Ninetales\n|-damage|p2a: Ninetales|0 fnt\n|faint|p2a: Ninetales\n|-damage|p1a: Rampardos|136/321|[from] Recoil\n|\n|-weather|Snowscape|[upkeep]\n|upkeep\n|\n|t:|1781383973\n|switch|p2a: Wugtrio|Wugtrio, L91, M|212/212\n|turn|17\n|\n|t:|1781383984\n|move|p2a: Wugtrio|Liquidation|p1a: Rampardos\n|-supereffective|p1a: Rampardos\n|-crit|p1a: Rampardos\n|-damage|p1a: Rampardos|0 fnt\n|faint|p1a: Rampardos\n|\n|-weather|Snowscape|[upkeep]\n|upkeep\n|\n|t:|1781383986\n|switch|p1a: Meowscarada|Meowscarada, L78, M|142/247\n|turn|18\n|\n|t:|1781383993\n|switch|p2a: Iron Jugulis|Iron Jugulis, L77|84/271\n|move|p1a: Meowscarada|Flower Trick|p2a: Iron Jugulis\n|-start|p1a: Meowscarada|typechange|Grass|[from] ability: Protean\n|-resisted|p2a: Iron Jugulis\n|-crit|p2a: Iron Jugulis\n|-damage|p2a: Iron Jugulis|0 fnt\n|faint|p2a: Iron Jugulis\n|-end|p2a: Iron Jugulis|Quark Drive|[silent]\n|\n|-weather|none\n|upkeep\n|\n|t:|1781384001\n|switch|p2a: Maushold|Maushold-Four, L76|238/238\n|turn|19\n|\n|t:|1781384008\n|move|p1a: Meowscarada|Flower Trick|p2a: Maushold\n|-crit|p2a: Maushold\n|-damage|p2a: Maushold|39/238\n|move|p2a: Maushold|Tidy Up|p2a: Maushold\n|-boost|p2a: Maushold|atk|1\n|-boost|p2a: Maushold|spe|1\n|\n|upkeep\n|turn|20\n|\n|t:|1781384013\n|switch|p1a: Klawf|Klawf, L90, F|51/272\n|move|p2a: Maushold|Population Bomb|p1a: Klawf\n|-resisted|p1a: Klawf\n|-damage|p1a: Klawf|39/272\n|-resisted|p1a: Klawf\n|-damage|p1a: Klawf|27/272\n|-resisted|p1a: Klawf\n|-damage|p1a: Klawf|15/272\n|-resisted|p1a: Klawf\n|-damage|p1a: Klawf|3/272\n|-resisted|p1a: Klawf\n|-damage|p1a: Klawf|0 fnt\n|faint|p1a: Klawf\n|-hitcount|p1: Klawf|5\n|\n|upkeep\n|\n|t:|1781384019\n|switch|p1a: Mismagius|Mismagius, L86, F|177/243\n|turn|21\n|\n|t:|1781384035\n|-terastallize|p1a: Mismagius|Fire\n|move|p2a: Maushold|Population Bomb|p1a: Mismagius\n|-damage|p1a: Mismagius|138/243\n|-damage|p1a: Mismagius|95/243\n|-damage|p1a: Mismagius|52/243\n|-crit|p1a: Mismagius\n|-damage|p1a: Mismagius|0 fnt\n|faint|p1a: Mismagius\n|-hitcount|p1: Mismagius|4\n|\n|upkeep\n|-message|Pokeoke forfeited.\n|\n|win|rhinoshark007\n", "inputlog": ">version a8376a258c1d4662feba110a92103f3664a72141\n>start {\"formatid\":\"gen9randombattle\",\"seed\":\"sodium,1b1c4c5fbf6b23e9d3220b93b89e1ce8\",\"rated\":\"Rated battle\"}\n>player p1 {\"name\":\"Pokeoke\",\"avatar\":\"101\",\"rating\":2109,\"seed\":\"sodium,eab51bc31768e29b39ea63280e7ac876\"}\n>player p2 {\"name\":\"rhinoshark007\",\"avatar\":\"elesa\",\"rating\":2343,\"seed\":\"sodium,3fdbe4fad2c3cd81bf014c8edadb791e\"}\n>p1 switch 2\n>p2 move voltswitch\n>p2 switch 4\n>p1 move stoneedge\n>p2 move hurricane\n>p1 switch 4\n>p1 move earthquake\n>p2 move hurricane\n>p1 switch 3\n>p2 move hurricane\n>p1 move swordsdance\n>p2 switch 2\n>p1 switch 5\n>p2 move liquidation\n>p1 move uturn\n>p2 switch 4\n>p1 switch 6\n>p1 move dazzlinggleam\n>p2 move voltswitch\n>p2 switch 6\n>p1 switch 5\n>p2 move knockoff\n>p1 move crabhammer\n>p2 move dragontail\n>p1 switch 5\n>p2 move stoneedge\n>p1 move stoneedge\n>p2 move knockoff\n>p2 switch 4\n>p1 switch 2\n>p2 move aquajet\n>p1 move bravebird\n>p2 switch 5\n>p1 move defog\n>p2 move freezedry\n>p1 switch 3\n>p1 move headsmash\n>p2 move auroraveil terastallize\n>p2 switch 5\n>p1 move headsmash\n>p2 move liquidation\n>p1 switch 6\n>p1 move flowertrick\n>p2 switch 2\n>p2 switch 3\n>p1 move flowertrick\n>p2 move tidyup\n>p1 switch 2\n>p2 move populationbomb\n>p1 switch 5\n>p1 move dazzlinggleam terastallize\n>p2 move populationbomb\n>forcelose p1", "uploadtime": 1781383795, "views": 13, "formatid": "gen9randombattle", "rating": null, "private": 0, "password": null}