{"id": "gen9randombattle-2631372528", "format": "[Gen 9] Random Battle", "players": ["GoofierBowl1040", "cee09"], "log": "|j|\u2606GoofierBowl1040\n|j|\u2606cee09\n|t:|1781376914\n|gametype|singles\n|player|p1|GoofierBowl1040|miku-ghost|1938\n|player|p2|cee09|rocket-gen1rb|1949\n|gen|9\n|tier|[Gen 9] Random Battle\n|rated|\n|rule|Species Clause: Limit one of each Pok\u00e9mon\n|rule|HP Percentage Mod: HP is shown in percentages\n|rule|Sleep Clause Mod: Limit one foe put to sleep\n|rule|Illusion Level Mod: Illusion disguises the Pok\u00e9mon's true level\n|\n|t:|1781376914\n|teamsize|p1|6\n|teamsize|p2|6\n|start\n|switch|p1a: Trevenant|Trevenant, L89, M|296/296\n|switch|p2a: Iron Crown|Iron Crown, L78|268/268\n|turn|1\n|inactive|Battle timer is ON: inactive players will automatically lose when time's up. (requested by cee09)\n|\n|t:|1781376922\n|move|p2a: Iron Crown|Volt Switch|p1a: Trevenant\n|-resisted|p1a: Trevenant\n|-damage|p1a: Trevenant|260/296\n|\n|t:|1781376924\n|-end|p2a: Iron Crown|Quark Drive|[silent]\n|switch|p2a: Krookodile|Krookodile, L79, F|280/280|[from] Volt Switch\n|-ability|p2a: Krookodile|Intimidate|boost\n|-unboost|p1a: Trevenant|atk|1\n|move|p1a: Trevenant|Poltergeist|p2a: Krookodile\n|-activate|p2a: Krookodile|move: Poltergeist|Choice Band\n|-resisted|p2a: Krookodile\n|-damage|p2a: Krookodile|229/280\n|\n|upkeep\n|turn|2\n|\n|t:|1781376934\n|move|p2a: Krookodile|Knock Off|p1a: Trevenant\n|-supereffective|p1a: Trevenant\n|-damage|p1a: Trevenant|0 fnt\n|-enditem|p1a: Trevenant|Sitrus Berry|[from] move: Knock Off|[of] p2a: Krookodile\n|faint|p1a: Trevenant\n|\n|upkeep\n|\n|t:|1781376938\n|switch|p1a: Cramorant|Cramorant, L86, M|261/261\n|turn|3\n|\n|t:|1781376945\n|move|p1a: Cramorant|Surf|p2a: Krookodile\n|-formechange|p1a: Cramorant|Cramorant-Gulping|\n|-supereffective|p2a: Krookodile\n|-damage|p2a: Krookodile|13/280\n|move|p2a: Krookodile|Knock Off|p1a: Cramorant\n|-damage|p1a: Cramorant|29/261\n|-damage|p2a: Krookodile|0 fnt|[from] ability: Gulp Missile|[of] p1a: Cramorant\n|-formechange|p1a: Cramorant|Cramorant|\n|faint|p2a: Krookodile\n|\n|upkeep\n|\n|t:|1781376949\n|switch|p2a: Iron Crown|Iron Crown, L78|268/268\n|turn|4\n|\n|t:|1781376952\n|switch|p1a: Greedent|Greedent, L86, M|347/347\n|move|p2a: Iron Crown|Tachyon Cutter|p1a: Greedent\n|-damage|p1a: Greedent|253/347\n|-damage|p1a: Greedent|157/347\n|-enditem|p1a: Greedent|Sitrus Berry|[eat]\n|-heal|p1a: Greedent|243/347|[from] item: Sitrus Berry\n|-heal|p1a: Greedent|347/347|[from] ability: Cheek Pouch\n|-hitcount|p1a: Greedent|2\n|\n|upkeep\n|turn|5\n|\n|t:|1781376955\n|move|p2a: Iron Crown|Tachyon Cutter|p1a: Greedent\n|-damage|p1a: Greedent|254/347\n|-damage|p1a: Greedent|161/347\n|-hitcount|p1a: Greedent|2\n|move|p1a: Greedent|Knock Off|p2a: Iron Crown\n|-supereffective|p2a: Iron Crown\n|-damage|p2a: Iron Crown|128/268\n|-enditem|p2a: Iron Crown|Choice Specs|[from] move: Knock Off|[of] p1a: Greedent\n|\n|upkeep\n|turn|6\n|\n|t:|1781376960\n|move|p2a: Iron Crown|Focus Blast|p1a: Greedent\n|-supereffective|p1a: Greedent\n|-damage|p1a: Greedent|0 fnt\n|faint|p1a: Greedent\n|\n|upkeep\n|\n|t:|1781376965\n|switch|p1a: Espeon|Espeon, L84, M|246/246\n|turn|7\n|\n|t:|1781376969\n|move|p1a: Espeon|Calm Mind|p1a: Espeon\n|-boost|p1a: Espeon|spa|1\n|-boost|p1a: Espeon|spd|1\n|move|p2a: Iron Crown|Volt Switch|p1a: Espeon\n|-damage|p1a: Espeon|215/246\n|\n|t:|1781376973\n|-end|p2a: Iron Crown|Quark Drive|[silent]\n|switch|p2a: Okidogi|Okidogi, L77, M|262/262|[from] Volt Switch\n|\n|upkeep\n|turn|8\n|\n|t:|1781376983\n|move|p1a: Espeon|Alluring Voice|p2a: Okidogi\n|-damage|p2a: Okidogi|100/262\n|-damage|p1a: Espeon|191/246|[from] item: Life Orb\n|move|p2a: Okidogi|Knock Off|p1a: Espeon\n|-supereffective|p1a: Espeon\n|-damage|p1a: Espeon|7/246\n|-enditem|p1a: Espeon|Life Orb|[from] move: Knock Off|[of] p2a: Okidogi\n|\n|-heal|p2a: Okidogi|116/262|[from] item: Leftovers\n|upkeep\n|turn|9\n|\n|t:|1781376988\n|move|p1a: Espeon|Alluring Voice|p2a: Okidogi\n|-damage|p2a: Okidogi|0 fnt\n|faint|p2a: Okidogi\n|\n|upkeep\n|\n|t:|1781376990\n|switch|p2a: Glaceon|Glaceon, L94, M|275/275\n|turn|10\n|\n|t:|1781376994\n|switch|p1a: Azelf|Azelf, L82|257/257\n|move|p2a: Glaceon|Freeze-Dry|p1a: Azelf\n|-damage|p1a: Azelf|127/257\n|\n|upkeep\n|turn|11\n|\n|t:|1781376997\n|move|p1a: Azelf|Fire Blast|p2a: Glaceon\n|-supereffective|p2a: Glaceon\n|-damage|p2a: Glaceon|55/275\n|move|p2a: Glaceon|Freeze-Dry|p1a: Azelf\n|-damage|p1a: Azelf|0 fnt\n|faint|p1a: Azelf\n|\n|upkeep\n|\n|t:|1781377000\n|switch|p1a: Cramorant|Cramorant, L86, M|29/261\n|turn|12\n|\n|t:|1781377004\n|move|p2a: Glaceon|Protect|p2a: Glaceon\n|-singleturn|p2a: Glaceon|Protect\n|move|p1a: Cramorant|Surf|p2a: Glaceon\n|-activate|p2a: Glaceon|move: Protect\n|\n|upkeep\n|turn|13\n|\n|t:|1781377008\n|move|p1a: Cramorant|Surf|p2a: Glaceon\n|-formechange|p1a: Cramorant|Cramorant-Gorging|\n|-damage|p2a: Glaceon|0 fnt\n|faint|p2a: Glaceon\n|\n|upkeep\n|\n|t:|1781377009\n|switch|p2a: Iron Crown|Iron Crown, L78|128/268\n|turn|14\n|\n|t:|1781377014\n|move|p2a: Iron Crown|Psyshock|p1a: Cramorant\n|-damage|p1a: Cramorant|0 fnt\n|-damage|p2a: Iron Crown|61/268|[from] ability: Gulp Missile|[of] p1a: Cramorant\n|-status|p2a: Iron Crown|par\n|-formechange|p1a: Cramorant|Cramorant|\n|faint|p1a: Cramorant\n|\n|upkeep\n|\n|t:|1781377017\n|switch|p1a: Espeon|Espeon, L84, M|7/246\n|turn|15\n|\n|t:|1781377019\n|move|p1a: Espeon|Shadow Ball|p2a: Iron Crown\n|-supereffective|p2a: Iron Crown\n|-damage|p2a: Iron Crown|0 fnt\n|faint|p2a: Iron Crown\n|-end|p2a: Iron Crown|Quark Drive|[silent]\n|\n|upkeep\n|\n|t:|1781377022\n|switch|p2a: Hydrapple|Hydrapple, L83, F|312/312\n|turn|16\n|\n|t:|1781377028\n|move|p1a: Espeon|Psyshock|p2a: Hydrapple\n|-damage|p2a: Hydrapple|221/312\n|move|p2a: Hydrapple|Earth Power|p1a: Espeon\n|-damage|p1a: Espeon|0 fnt\n|faint|p1a: Espeon\n|\n|upkeep\n|\n|t:|1781377029\n|switch|p1a: Lilligant|Lilligant, L86, F|261/261\n|turn|17\n|\n|t:|1781377031\n|switch|p2a: Dragalge|Dragalge, L88, F|258/258\n|move|p1a: Lilligant|Quiver Dance|p1a: Lilligant\n|-boost|p1a: Lilligant|spa|1\n|-boost|p1a: Lilligant|spd|1\n|-boost|p1a: Lilligant|spe|1\n|\n|upkeep\n|turn|18\n|\n|t:|1781377035\n|move|p1a: Lilligant|Sleep Powder|p2a: Dragalge\n|-status|p2a: Dragalge|slp|[from] move: Sleep Powder\n|cant|p2a: Dragalge|slp\n|\n|upkeep\n|turn|19\n|\n|t:|1781377039\n|move|p1a: Lilligant|Quiver Dance|p1a: Lilligant\n|-boost|p1a: Lilligant|spa|1\n|-boost|p1a: Lilligant|spd|1\n|-boost|p1a: Lilligant|spe|1\n|-curestatus|p2a: Dragalge|slp|[msg]\n|move|p2a: Dragalge|Sludge Wave|p1a: Lilligant\n|-supereffective|p1a: Lilligant\n|-damage|p1a: Lilligant|105/261\n|\n|upkeep\n|turn|20\n|\n|t:|1781377042\n|move|p1a: Lilligant|Sleep Powder|p2a: Dragalge\n|-status|p2a: Dragalge|slp|[from] move: Sleep Powder\n|cant|p2a: Dragalge|slp\n|\n|upkeep\n|turn|21\n|\n|t:|1781377048\n|-terastallize|p1a: Lilligant|Rock\n|move|p1a: Lilligant|Quiver Dance|p1a: Lilligant\n|-boost|p1a: Lilligant|spa|1\n|-boost|p1a: Lilligant|spd|1\n|-boost|p1a: Lilligant|spe|1\n|cant|p2a: Dragalge|slp\n|\n|upkeep\n|turn|22\n|\n|t:|1781377051\n|move|p1a: Lilligant|Tera Blast|p2a: Dragalge|[anim] Tera Blast Rock\n|-damage|p2a: Dragalge|19/258 slp\n|-damage|p1a: Lilligant|79/261|[from] item: Life Orb\n|-curestatus|p2a: Dragalge|slp|[msg]\n|move|p2a: Dragalge|Draco Meteor|p1a: Lilligant\n|-damage|p1a: Lilligant|0 fnt\n|-unboost|p2a: Dragalge|spa|2\n|faint|p1a: Lilligant\n|\n|win|cee09\n|raw|GoofierBowl1040's rating: 1938 &rarr; <strong>1919</strong><br />(-19 for losing)\n|raw|cee09's rating: 1949 &rarr; <strong>1968</strong><br />(+19 for winning)\n", "inputlog": ">version a8376a258c1d4662feba110a92103f3664a72141\n>start {\"formatid\":\"gen9randombattle\",\"seed\":\"sodium,bb08ede008f7f7e25c40e5bdb56bbdab\",\"rated\":\"Rated battle\"}\n>player p1 {\"name\":\"GoofierBowl1040\",\"avatar\":\"miku-ghost\",\"rating\":1938,\"seed\":\"sodium,2da0ce9901b9f6330b7cd36e4716f23e\"}\n>player p2 {\"name\":\"cee09\",\"avatar\":\"rocket-gen1rb\",\"rating\":1949,\"seed\":\"sodium,cade037d183e507b2e729400bfe8513e\"}\n>p1 move poltergeist\n>p2 move voltswitch\n>p2 switch 5\n>p1 move drainpunch\n>p2 move knockoff\n>p1 switch 5\n>p1 move surf\n>p2 move knockoff\n>p2 switch 5\n>p1 switch 6\n>p2 move tachyoncutter\n>p1 move knockoff\n>p2 move tachyoncutter\n>p1 move earthquake\n>p2 move focusblast\n>p1 switch 4\n>p1 move calmmind\n>p2 move voltswitch\n>p2 switch 6\n>p1 move alluringvoice\n>p2 move knockoff\n>p1 move alluringvoice\n>p2 move drainpunch\n>p2 switch 3\n>p1 switch 3\n>p2 move freezedry\n>p1 move fireblast\n>p2 move freezedry\n>p1 switch 6\n>p1 move surf\n>p2 move protect\n>p1 move surf\n>p2 move freezedry\n>p2 switch 6\n>p1 move roost\n>p2 move psyshock\n>p1 switch 3\n>p1 move shadowball\n>p2 move tachyoncutter\n>p2 switch 4\n>p1 move psyshock\n>p2 move earthpower\n>p1 switch 2\n>p1 move quiverdance\n>p2 switch 2\n>p1 move sleeppowder\n>p2 move sludgewave\n>p1 move quiverdance\n>p2 move sludgewave\n>p1 move sleeppowder\n>p2 move sludgewave\n>p1 move quiverdance terastallize\n>p2 move sludgewave\n>p1 move terablast\n>p2 move dracometeor", "uploadtime": 1781376916, "views": 8, "formatid": "gen9randombattle", "rating": 1919, "private": 0, "password": null}