{"id": "gen9randombattle-2631550838", "format": "[Gen 9] Random Battle", "players": ["Arsenal0394", "samuelayers"], "log": "|j|\u203dArsenal0394\n|j|\u2606samuelayers\n|t:|1781400084\n|gametype|singles\n|player|p1|Arsenal0394|2|2049\n|player|p2|samuelayers|gentleman-gen4dp|2131\n|gen|9\n|tier|[Gen 9] Random Battle\n|rated|\n|rule|Species Clause: Limit one of each Pok\u00e9mon\n|rule|HP Percentage Mod: HP is shown in percentages\n|rule|Sleep Clause Mod: Limit one foe put to sleep\n|rule|Illusion Level Mod: Illusion disguises the Pok\u00e9mon's true level\n|\n|t:|1781400084\n|teamsize|p1|6\n|teamsize|p2|6\n|start\n|switch|p1a: Iron Valiant|Iron Valiant, L78|244/244\n|switch|p2a: Copperajah|Copperajah, L86, F|350/350\n|turn|1\n|inactive|Battle timer is ON: inactive players will automatically lose when time's up. (requested by samuelayers)\n|inactive|Arsenal0394 has 120 seconds left.\n|\n|t:|1781400133\n|switch|p2a: Venomoth|Venomoth, L84, M|255/255\n|move|p1a: Iron Valiant|Close Combat|p2a: Venomoth\n|-resisted|p2a: Venomoth\n|-damage|p2a: Venomoth|200/255\n|-unboost|p1a: Iron Valiant|def|1\n|-unboost|p1a: Iron Valiant|spd|1\n|-damage|p1a: Iron Valiant|220/244|[from] item: Life Orb\n|\n|upkeep\n|turn|2\n|\n|t:|1781400139\n|move|p1a: Iron Valiant|Psychic|p2a: Venomoth\n|-supereffective|p2a: Venomoth\n|-damage|p2a: Venomoth|10/255\n|-damage|p1a: Iron Valiant|196/244|[from] item: Life Orb\n|move|p2a: Venomoth|Quiver Dance|p2a: Venomoth\n|-boost|p2a: Venomoth|spa|1\n|-boost|p2a: Venomoth|spd|1\n|-boost|p2a: Venomoth|spe|1\n|\n|upkeep\n|turn|3\n|\n|t:|1781400148\n|-end|p1a: Iron Valiant|Quark Drive|[silent]\n|switch|p1a: Emboar|Emboar, L84, F|322/322\n|move|p2a: Venomoth|Sludge Wave|p1a: Emboar\n|-damage|p1a: Emboar|198/322\n|\n|upkeep\n|turn|4\n|\n|t:|1781400155\n|move|p2a: Venomoth|Sleep Powder|p1a: Emboar|[miss]\n|-miss|p2a: Venomoth|p1a: Emboar\n|move|p1a: Emboar|Flare Blitz|p2a: Venomoth\n|-supereffective|p2a: Venomoth\n|-damage|p2a: Venomoth|0 fnt\n|faint|p2a: Venomoth\n|-damage|p1a: Emboar|195/322|[from] Recoil\n|\n|upkeep\n|\n|t:|1781400161\n|switch|p2a: Alomomola|Alomomola, L87, M|429/429\n|turn|5\n|\n|t:|1781400166\n|move|p2a: Alomomola|Flip Turn|p1a: Emboar\n|-supereffective|p1a: Emboar\n|-damage|p1a: Emboar|57/322\n|\n|t:|1781400170\n|switch|p2a: Florges|Florges-Blue, L85, F|271/271|[from] Flip Turn\n|move|p1a: Emboar|Knock Off|p2a: Florges\n|-resisted|p2a: Florges\n|-damage|p2a: Florges|221/271\n|-enditem|p2a: Florges|Leftovers|[from] move: Knock Off|[of] p1a: Emboar\n|\n|upkeep\n|turn|6\n|\n|t:|1781400180\n|switch|p1a: Clefable|Clefable, L83, F|293/293\n|move|p2a: Florges|Moonblast|p1a: Clefable\n|-damage|p1a: Clefable|184/293\n|\n|upkeep\n|turn|7\n|\n|t:|1781400185\n|switch|p2a: Copperajah|Copperajah, L86, F|350/350\n|move|p1a: Clefable|Thunder Wave|p2a: Copperajah\n|-status|p2a: Copperajah|par\n|\n|upkeep\n|turn|8\n|\n|t:|1781400193\n|move|p1a: Clefable|Stealth Rock|p2a: Copperajah\n|-sidestart|p2: samuelayers|move: Stealth Rock\n|move|p2a: Copperajah|Stealth Rock|p1a: Clefable\n|-sidestart|p1: Arsenal0394|move: Stealth Rock\n|\n|upkeep\n|turn|9\n|\n|t:|1781400199\n|switch|p1a: Emboar|Emboar, L84, F|57/322\n|-damage|p1a: Emboar|17/322|[from] Stealth Rock\n|move|p2a: Copperajah|Iron Head|p1a: Emboar\n|-resisted|p1a: Emboar\n|-damage|p1a: Emboar|0 fnt\n|faint|p1a: Emboar\n|\n|upkeep\n|\n|t:|1781400216\n|switch|p1a: Raichu|Raichu, L88, M|249/249\n|-damage|p1a: Raichu|218/249|[from] Stealth Rock\n|turn|10\n|\n|t:|1781400221\n|switch|p2a: Florges|Florges-Blue, L85, F|221/271\n|-damage|p2a: Florges|188/271|[from] Stealth Rock\n|move|p1a: Raichu|Thunderbolt|p2a: Florges\n|-damage|p2a: Florges|92/271\n|\n|upkeep\n|turn|11\n|\n|t:|1781400232\n|switch|p1a: Iron Valiant|Iron Valiant, L78|196/244\n|-damage|p1a: Iron Valiant|181/244|[from] Stealth Rock\n|-terastallize|p2a: Florges|Ground\n|move|p2a: Florges|Synthesis|p2a: Florges\n|-heal|p2a: Florges|227/271\n|\n|upkeep\n|turn|12\n|\n|t:|1781400242\n|switch|p2a: Alomomola|Alomomola, L87, M|429/429\n|move|p1a: Iron Valiant|Close Combat|p2a: Alomomola\n|-damage|p2a: Alomomola|238/429\n|-unboost|p1a: Iron Valiant|def|1\n|-unboost|p1a: Iron Valiant|spd|1\n|-damage|p1a: Iron Valiant|157/244|[from] item: Life Orb\n|\n|upkeep\n|turn|13\n|\n|t:|1781400249\n|move|p1a: Iron Valiant|Moonblast|p2a: Alomomola\n|-damage|p2a: Alomomola|26/429\n|-damage|p1a: Iron Valiant|133/244|[from] item: Life Orb\n|move|p2a: Alomomola|Flip Turn|p1a: Iron Valiant\n|-damage|p1a: Iron Valiant|45/244\n|\n|t:|1781400252\n|switch|p2a: Articuno|Articuno, L86|295/295|[from] Flip Turn\n|-ability|p2a: Articuno|Pressure\n|\n|upkeep\n|turn|14\n|\n|t:|1781400258\n|move|p1a: Iron Valiant|Moonblast|p2a: Articuno\n|-damage|p2a: Articuno|198/295\n|-damage|p1a: Iron Valiant|21/244|[from] item: Life Orb\n|move|p2a: Articuno|Freeze-Dry|p1a: Iron Valiant\n|-damage|p1a: Iron Valiant|0 fnt\n|faint|p1a: Iron Valiant\n|-end|p1a: Iron Valiant|Quark Drive|[silent]\n|\n|upkeep\n|\n|t:|1781400268\n|switch|p1a: Raichu|Raichu, L88, M|218/249\n|-damage|p1a: Raichu|187/249|[from] Stealth Rock\n|turn|15\n|\n|t:|1781400274\n|switch|p2a: Florges|Florges-Blue, L85, F, tera:Ground|227/271\n|-damage|p2a: Florges|211/271|[from] Stealth Rock\n|move|p1a: Raichu|Surf|p2a: Florges\n|-supereffective|p2a: Florges\n|-damage|p2a: Florges|87/271\n|\n|upkeep\n|turn|16\n|\n|t:|1781400286\n|switch|p2a: Articuno|Articuno, L86|198/295\n|-ability|p2a: Articuno|Pressure\n|move|p1a: Raichu|Surf|p2a: Articuno\n|-damage|p2a: Articuno|121/295\n|\n|upkeep\n|turn|17\n|\n|t:|1781400294\n|switch|p1a: Clefable|Clefable, L83, F|184/293\n|move|p2a: Articuno|Roost|p2a: Articuno\n|-heal|p2a: Articuno|269/295\n|-singleturn|p2a: Articuno|move: Roost\n|\n|upkeep\n|turn|18\n|\n|t:|1781400303\n|switch|p1a: Raichu|Raichu, L88, M|187/249\n|-damage|p1a: Raichu|156/249|[from] Stealth Rock\n|move|p2a: Articuno|U-turn|p1a: Raichu\n|-damage|p1a: Raichu|88/249\n|\n|t:|1781400307\n|switch|p2a: Honchkrow|Honchkrow, L86, M|312/312|[from] U-turn\n|\n|upkeep\n|turn|19\n|\n|t:|1781400310\n|move|p2a: Honchkrow|Sucker Punch|p1a: Raichu\n|-damage|p1a: Raichu|0 fnt\n|faint|p1a: Raichu\n|-ability|p2a: Honchkrow|Moxie|boost\n|-boost|p2a: Honchkrow|atk|1\n|\n|upkeep\n|\n|t:|1781400315\n|switch|p1a: Clefable|Clefable, L83, F|184/293\n|turn|20\n|\n|t:|1781400321\n|switch|p1a: Kingambit|Kingambit, L74, F|270/270\n|-damage|p1a: Kingambit|254/270|[from] Stealth Rock\n|-activate|p1a: Kingambit|ability: Supreme Overlord\n|-start|p1a: Kingambit|fallen3|[silent]\n|move|p2a: Honchkrow|Brave Bird|p1a: Kingambit\n|-resisted|p1a: Kingambit\n|-damage|p1a: Kingambit|149/270\n|-damage|p2a: Honchkrow|277/312|[from] Recoil\n|\n|-heal|p1a: Kingambit|165/270|[from] item: Leftovers\n|upkeep\n|turn|21\n|\n|t:|1781400325\n|move|p2a: Honchkrow|Heat Wave|p1a: Kingambit\n|-supereffective|p1a: Kingambit\n|-damage|p1a: Kingambit|0 fnt\n|faint|p1a: Kingambit\n|-end|p1a: Kingambit|fallen3|[silent]\n|-ability|p2a: Honchkrow|Moxie|boost\n|-boost|p2a: Honchkrow|atk|1\n|\n|upkeep\n|-message|Arsenal0394 forfeited.\n|\n|win|samuelayers\n", "inputlog": ">version a8376a258c1d4662feba110a92103f3664a72141\n>start {\"formatid\":\"gen9randombattle\",\"seed\":\"sodium,033b6e80f9f674080a7d6b996776c011\",\"rated\":\"Rated battle\"}\n>player p1 {\"name\":\"Arsenal0394\",\"avatar\":\"2\",\"rating\":2049,\"seed\":\"sodium,4cc36a4fc2df3c20bccd7711abaf1641\"}\n>player p2 {\"name\":\"samuelayers\",\"avatar\":\"gentleman-gen4dp\",\"rating\":2131,\"seed\":\"sodium,f405cd95994c6370bda2427cf2f2f576\"}\n>p1 move closecombat\n>p2 switch 6\n>p1 move psychic\n>p2 move quiverdance\n>p1 switch 2\n>p2 move sludgewave\n>p1 move flareblitz\n>p2 move sleeppowder\n>p2 switch 4\n>p1 move knockoff\n>p2 move flipturn\n>p2 switch 2\n>p1 switch 4\n>p2 move moonblast\n>p1 move thunderwave\n>p2 switch 6\n>p1 move stealthrock\n>p2 move stealthrock\n>p1 switch 4\n>p2 move ironhead\n>p1 switch 6\n>p1 move thunderbolt\n>p2 switch 6\n>p1 switch 2\n>p2 move synthesis terastallize\n>p1 move closecombat\n>p2 switch 2\n>p1 move moonblast\n>p2 move flipturn\n>p2 switch 5\n>p1 move moonblast\n>p2 move freezedry\n>p1 switch 2\n>p1 move surf\n>p2 switch 2\n>p1 move surf\n>p2 switch 2\n>p1 switch 4\n>p2 move roost\n>p1 switch 4\n>p2 move uturn\n>p2 switch 3\n>p1 move alluringvoice\n>p2 move suckerpunch\n>p1 switch 4\n>p1 switch 5\n>p2 move bravebird\n>p1 move ironhead\n>p2 move heatwave\n>forcelose p1", "uploadtime": 1781400087, "views": 6, "formatid": "gen9randombattle", "rating": null, "private": 0, "password": null}