{"id": "gen9randombattle-2631993809", "format": "[Gen 9] Random Battle", "players": ["E-w-a-n-32", "theoboi597"], "log": "|j|\u2606E-w-a-n-32\n|j|\u2606theoboi597\n|t:|1781463803\n|gametype|singles\n|player|p1|E-w-a-n-32|169|1179\n|player|p2|theoboi597|2|1205\n|gen|9\n|tier|[Gen 9] Random Battle\n|rated|\n|rule|Species Clause: Limit one of each Pok\u00e9mon\n|rule|HP Percentage Mod: HP is shown in percentages\n|rule|Sleep Clause Mod: Limit one foe put to sleep\n|rule|Illusion Level Mod: Illusion disguises the Pok\u00e9mon's true level\n|\n|t:|1781463803\n|teamsize|p1|6\n|teamsize|p2|6\n|start\n|switch|p1a: Duraludon|Duraludon, L82, M|249/249\n|switch|p2a: Metagross|Metagross, L79|256/256\n|turn|1\n|\n|t:|1781463829\n|-terastallize|p1a: Duraludon|Fighting\n|move|p1a: Duraludon|Body Press|p2a: Metagross\n|-damage|p2a: Metagross|180/256\n|move|p2a: Metagross|Agility|p2a: Metagross\n|-boost|p2a: Metagross|spe|2\n|\n|upkeep\n|turn|2\n|\n|t:|1781463839\n|move|p2a: Metagross|Psychic Fangs|p1a: Duraludon\n|-supereffective|p1a: Duraludon\n|-damage|p1a: Duraludon|139/249\n|move|p1a: Duraludon|Dragon Tail|p2a: Metagross|[miss]\n|-miss|p1a: Duraludon|p2a: Metagross\n|\n|upkeep\n|turn|3\n|\n|t:|1781463854\n|switch|p1a: Wo-Chien|Wo-Chien, L83|277/277\n|-ability|p1a: Wo-Chien|Tablets of Ruin\n|move|p2a: Metagross|Psychic Fangs|p1a: Wo-Chien\n|-immune|p1a: Wo-Chien\n|\n|upkeep\n|turn|4\n|\n|t:|1781463866\n|move|p2a: Metagross|Heavy Slam|p1a: Wo-Chien\n|-damage|p1a: Wo-Chien|175/277\n|move|p1a: Wo-Chien|Knock Off|p2a: Metagross\n|-supereffective|p2a: Metagross\n|-damage|p2a: Metagross|42/256\n|-enditem|p2a: Metagross|Weakness Policy\n|-boost|p2a: Metagross|atk|2|[from] item: Weakness Policy\n|-boost|p2a: Metagross|spa|2|[from] item: Weakness Policy\n|\n|-heal|p1a: Wo-Chien|192/277|[from] item: Leftovers\n|upkeep\n|turn|5\n|\n|t:|1781463882\n|move|p2a: Metagross|Heavy Slam|p1a: Wo-Chien\n|-damage|p1a: Wo-Chien|0 fnt\n|faint|p1a: Wo-Chien\n|\n|upkeep\n|\n|t:|1781463899\n|switch|p1a: Hariyama|Hariyama, L87, F|392/392\n|turn|6\n|\n|t:|1781463907\n|move|p1a: Hariyama|Fake Out|p2a: Metagross\n|-resisted|p2a: Metagross\n|-damage|p2a: Metagross|27/256\n|cant|p2a: Metagross|flinch\n|\n|-status|p1a: Hariyama|brn|[from] item: Flame Orb\n|upkeep\n|turn|7\n|\n|t:|1781463919\n|move|p2a: Metagross|Psychic Fangs|p1a: Hariyama\n|-supereffective|p1a: Hariyama\n|-crit|p1a: Hariyama\n|-damage|p1a: Hariyama|0 fnt\n|faint|p1a: Hariyama\n|\n|upkeep\n|\n|t:|1781463928\n|switch|p1a: Copperajah|Copperajah, L86, M|349/349\n|turn|8\n|\n|t:|1781463944\n|move|p2a: Metagross|Earthquake|p1a: Copperajah\n|-supereffective|p1a: Copperajah\n|-damage|p1a: Copperajah|0 fnt\n|faint|p1a: Copperajah\n|\n|upkeep\n|\n|t:|1781463949\n|switch|p1a: Misdreavus|Misdreavus, L90, M|254/254\n|turn|9\n|\n|t:|1781463956\n|move|p2a: Metagross|Heavy Slam|p1a: Misdreavus\n|-damage|p1a: Misdreavus|14/254\n|move|p1a: Misdreavus|Shadow Ball|p2a: Metagross\n|-supereffective|p2a: Metagross\n|-damage|p2a: Metagross|0 fnt\n|faint|p2a: Metagross\n|\n|upkeep\n|\n|t:|1781463985\n|switch|p2a: Quagsire|Quagsire, L84, F|297/297\n|turn|10\n|c|\u2606theoboi597|QUAG\n|\n|t:|1781464001\n|move|p1a: Misdreavus|Draining Kiss|p2a: Quagsire\n|-damage|p2a: Quagsire|249/297\n|-heal|p1a: Misdreavus|50/254|[from] drain|[of] p2a: Quagsire\n|move|p2a: Quagsire|Earthquake|p1a: Misdreavus\n|-immune|p1a: Misdreavus|[from] ability: Levitate\n|\n|-heal|p2a: Quagsire|267/297|[from] item: Leftovers\n|upkeep\n|turn|11\n|\n|t:|1781464012\n|move|p1a: Misdreavus|Will-O-Wisp|p2a: Quagsire\n|-status|p2a: Quagsire|brn\n|move|p2a: Quagsire|Toxic|p1a: Misdreavus\n|-status|p1a: Misdreavus|tox\n|\n|-heal|p2a: Quagsire|285/297 brn|[from] item: Leftovers\n|-damage|p1a: Misdreavus|35/254 tox|[from] psn\n|-damage|p2a: Quagsire|267/297 brn|[from] brn\n|upkeep\n|turn|12\n|c|\u2606theoboi597|fine\n|\n|t:|1781464035\n|switch|p1a: Spidops|Spidops, L96, F|271/271\n|move|p2a: Quagsire|Spikes|p1a: Spidops\n|-sidestart|p1: E-w-a-n-32|Spikes\n|\n|-heal|p2a: Quagsire|285/297 brn|[from] item: Leftovers\n|-damage|p2a: Quagsire|267/297 brn|[from] brn\n|upkeep\n|turn|13\n|\n|t:|1781464044\n|move|p1a: Spidops|Knock Off|p2a: Quagsire\n|-damage|p2a: Quagsire|186/297 brn\n|-enditem|p2a: Quagsire|Leftovers|[from] move: Knock Off|[of] p1a: Spidops\n|move|p2a: Quagsire|Toxic|p1a: Spidops\n|-status|p1a: Spidops|tox\n|\n|-damage|p1a: Spidops|255/271 tox|[from] psn\n|-damage|p2a: Quagsire|168/297 brn|[from] brn\n|upkeep\n|turn|14\n|\n|t:|1781464062\n|move|p2a: Quagsire|Recover|p2a: Quagsire\n|-heal|p2a: Quagsire|297/297 brn\n|move|p1a: Spidops|Circle Throw|p2a: Quagsire\n|-damage|p2a: Quagsire|249/297 brn\n|drag|p2a: Noctowl|Noctowl, L95, M|344/344\n|\n|-damage|p1a: Spidops|223/271 tox|[from] psn\n|upkeep\n|turn|15\n|\n|t:|1781464073\n|move|p2a: Noctowl|Hurricane|p1a: Spidops\n|-supereffective|p1a: Spidops\n|-damage|p1a: Spidops|0 fnt\n|faint|p1a: Spidops\n|\n|upkeep\n|-message|E-w-a-n-32 forfeited.\n|\n|win|theoboi597\n|raw|E-w-a-n-32's rating: 1179 &rarr; <strong>1156</strong><br />(-23 for losing)\n|raw|theoboi597's rating: 1205 &rarr; <strong>1228</strong><br />(+23 for winning)\n|l|\u2606E-w-a-n-32\n|player|p1|\n", "uploadtime": 1781464088, "views": 3, "formatid": "gen9randombattle", "rating": 1156, "private": 0, "password": null}