{"id": "gen9randombattle-2631397005", "format": "[Gen 9] Random Battle", "players": ["4gy664rswryy", "blazakinlion"], "log": "|j|\u26064gy664rswryy\n|j|\u2606blazakinlion\n|t:|1781379740\n|gametype|singles\n|player|p1|4gy664rswryy|266|1078\n|player|p2|blazakinlion|102|1062\n|gen|9\n|tier|[Gen 9] Random Battle\n|rated|\n|rule|Species Clause: Limit one of each Pok\u00e9mon\n|rule|HP Percentage Mod: HP is shown in percentages\n|rule|Sleep Clause Mod: Limit one foe put to sleep\n|rule|Illusion Level Mod: Illusion disguises the Pok\u00e9mon's true level\n|\n|t:|1781379740\n|teamsize|p1|6\n|teamsize|p2|6\n|start\n|switch|p1a: Crawdaunt|Crawdaunt, L84, F|243/243\n|switch|p2a: Palossand|Palossand, L89, M|296/296\n|turn|1\n|c|\u2606blazakinlion|im gonna kick ur ass\n|\n|t:|1781379754\n|switch|p2a: Ninetales|Ninetales-Alola, L78, F|242/242\n|-weather|Snowscape|[from] ability: Snow Warning|[of] p2a: Ninetales\n|move|p1a: Crawdaunt|Dragon Dance|p1a: Crawdaunt\n|-boost|p1a: Crawdaunt|atk|1\n|-boost|p1a: Crawdaunt|spe|1\n|\n|-weather|Snowscape|[upkeep]\n|upkeep\n|turn|2\n|\n|t:|1781379760\n|switch|p1a: Volcarona|Volcarona, L77, F|257/257\n|move|p2a: Ninetales|Moonblast|p1a: Volcarona\n|-resisted|p1a: Volcarona\n|-damage|p1a: Volcarona|219/257\n|\n|-weather|Snowscape|[upkeep]\n|upkeep\n|turn|3\n|\n|t:|1781379815\n|switch|p2a: Palossand|Palossand, L89, M|296/296\n|move|p1a: Volcarona|Quiver Dance|p1a: Volcarona\n|-boost|p1a: Volcarona|spa|1\n|-boost|p1a: Volcarona|spd|1\n|-boost|p1a: Volcarona|spe|1\n|\n|-weather|Snowscape|[upkeep]\n|upkeep\n|turn|4\n|\n|t:|1781379825\n|move|p1a: Volcarona|Fire Blast|p2a: Palossand\n|-damage|p2a: Palossand|100/296\n|move|p2a: Palossand|Shadow Ball|p1a: Volcarona\n|-damage|p1a: Volcarona|156/257\n|\n|-weather|Snowscape|[upkeep]\n|-heal|p2a: Palossand|118/296|[from] item: Leftovers\n|upkeep\n|turn|5\n|\n|t:|1781379841\n|move|p1a: Volcarona|Fire Blast|p2a: Palossand\n|-damage|p2a: Palossand|0 fnt\n|faint|p2a: Palossand\n|\n|-weather|none\n|upkeep\n|\n|t:|1781379846\n|switch|p2a: Noivern|Noivern, L82, F|274/274\n|turn|6\n|\n|t:|1781379869\n|move|p1a: Volcarona|Tera Blast|p2a: Noivern\n|-damage|p2a: Noivern|166/274\n|move|p2a: Noivern|Hurricane|p1a: Volcarona|[miss]\n|-miss|p2a: Noivern|p1a: Volcarona\n|\n|upkeep\n|turn|7\n|\n|t:|1781379880\n|move|p1a: Volcarona|Tera Blast|p2a: Noivern\n|-damage|p2a: Noivern|73/274\n|move|p2a: Noivern|Hurricane|p1a: Volcarona\n|-supereffective|p1a: Volcarona\n|-damage|p1a: Volcarona|18/257\n|\n|upkeep\n|turn|8\n|\n|t:|1781379886\n|move|p1a: Volcarona|Tera Blast|p2a: Noivern\n|-damage|p2a: Noivern|0 fnt\n|faint|p2a: Noivern\n|\n|upkeep\n|\n|t:|1781379891\n|switch|p2a: Smeargle|Smeargle, L95, F|258/258\n|turn|9\n|\n|t:|1781379897\n|move|p1a: Volcarona|Bug Buzz|p2a: Smeargle\n|-damage|p2a: Smeargle|32/258\n|move|p2a: Smeargle|Ceaseless Edge|p1a: Volcarona|[miss]\n|-miss|p2a: Smeargle|p1a: Volcarona\n|\n|upkeep\n|turn|10\n|\n|t:|1781379901\n|move|p1a: Volcarona|Bug Buzz|p2a: Smeargle\n|-damage|p2a: Smeargle|0 fnt\n|faint|p2a: Smeargle\n|\n|upkeep\n|\n|t:|1781379928\n|switch|p2a: Dedenne|Dedenne, L88, M|261/261\n|turn|11\n|\n|t:|1781379933\n|move|p1a: Volcarona|Fire Blast|p2a: Dedenne\n|-damage|p2a: Dedenne|39/261\n|-enditem|p2a: Dedenne|Sitrus Berry|[eat]\n|-heal|p2a: Dedenne|104/261|[from] item: Sitrus Berry\n|-heal|p2a: Dedenne|191/261|[from] ability: Cheek Pouch\n|move|p2a: Dedenne|Nuzzle|p1a: Volcarona\n|-damage|p1a: Volcarona|0 fnt\n|-status|p2a: Dedenne|brn|[from] ability: Flame Body|[of] p1a: Volcarona\n|faint|p1a: Volcarona\n|\n|-damage|p2a: Dedenne|175/261 brn|[from] brn\n|upkeep\n|\n|t:|1781379941\n|switch|p1a: Torterra|Torterra, L78, M|276/276\n|turn|12\n|\n|t:|1781379995\n|move|p2a: Dedenne|U-turn|p1a: Torterra\n|-supereffective|p1a: Torterra\n|-damage|p1a: Torterra|241/276\n|\n|t:|1781380000\n|switch|p2a: Ninetales|Ninetales-Alola, L78, F|242/242|[from] U-turn\n|-weather|Snowscape|[from] ability: Snow Warning|[of] p2a: Ninetales\n|move|p1a: Torterra|Shell Smash|p1a: Torterra\n|-unboost|p1a: Torterra|def|1\n|-unboost|p1a: Torterra|spd|1\n|-boost|p1a: Torterra|atk|2\n|-boost|p1a: Torterra|spa|2\n|-boost|p1a: Torterra|spe|2\n|\n|-weather|Snowscape|[upkeep]\n|upkeep\n|turn|13\n|\n|t:|1781380009\n|move|p1a: Torterra|Rock Blast|p2a: Ninetales\n|-supereffective|p2a: Ninetales\n|-damage|p2a: Ninetales|184/242\n|-supereffective|p2a: Ninetales\n|-damage|p2a: Ninetales|130/242\n|-supereffective|p2a: Ninetales\n|-damage|p2a: Ninetales|72/242\n|-supereffective|p2a: Ninetales\n|-damage|p2a: Ninetales|18/242\n|-supereffective|p2a: Ninetales\n|-damage|p2a: Ninetales|0 fnt\n|faint|p2a: Ninetales\n|-hitcount|p2: Ninetales|5\n|\n|-weather|Snowscape|[upkeep]\n|upkeep\n|\n|t:|1781380023\n|switch|p2a: Dedenne|Dedenne, L88, M|175/261 brn\n|turn|14\n|\n|t:|1781380027\n|-terastallize|p2a: Dedenne|Flying\n|move|p1a: Torterra|Rock Blast|p2a: Dedenne\n|-supereffective|p2a: Dedenne\n|-damage|p2a: Dedenne|81/261 brn\n|-supereffective|p2a: Dedenne\n|-damage|p2a: Dedenne|0 fnt\n|faint|p2a: Dedenne\n|-hitcount|p2: Dedenne|2\n|\n|-weather|Snowscape|[upkeep]\n|upkeep\n|\n|t:|1781380030\n|switch|p2a: Oranguru|Oranguru, L92, F|315/315\n|turn|15\n|\n|t:|1781380034\n|move|p1a: Torterra|Bullet Seed|p2a: Oranguru\n|-damage|p2a: Oranguru|266/315\n|-damage|p2a: Oranguru|215/315\n|-damage|p2a: Oranguru|163/315\n|-damage|p2a: Oranguru|112/315\n|-hitcount|p2a: Oranguru|4\n|move|p2a: Oranguru|Focus Blast|p1a: Torterra|[miss]\n|-miss|p2a: Oranguru|p1a: Torterra\n|\n|-weather|Snowscape|[upkeep]\n|-heal|p2a: Oranguru|131/315|[from] item: Leftovers\n|upkeep\n|turn|16\n|\n|t:|1781380038\n|move|p1a: Torterra|Bullet Seed|p2a: Oranguru\n|-damage|p2a: Oranguru|83/315\n|-damage|p2a: Oranguru|37/315\n|-damage|p2a: Oranguru|0 fnt\n|faint|p2a: Oranguru\n|-hitcount|p2: Oranguru|3\n|\n|win|4gy664rswryy\n", "inputlog": ">version a8376a258c1d4662feba110a92103f3664a72141\n>start {\"formatid\":\"gen9randombattle\",\"seed\":\"sodium,377c4dc006e94452eb69c791e8742109\",\"rated\":\"Rated battle\"}\n>player p1 {\"name\":\"4gy664rswryy\",\"avatar\":\"266\",\"rating\":1078,\"seed\":\"sodium,230803a212dbce477e823cf2de268ef8\"}\n>player p2 {\"name\":\"blazakinlion\",\"avatar\":\"102\",\"rating\":1062,\"seed\":\"sodium,717b5222597e94eca560633cac0b5e15\"}\n>chat \u2606blazakinlion|im gonna kick ur ass\n>p1 move dragondance\n>p2 switch 2\n>p1 switch 3\n>p2 move moonblast\n>p1 move quiverdance\n>p2 switch 2\n>p1 move fireblast\n>p2 move shadowball\n>p1 move fireblast\n>p2 move earthpower\n>p2 switch 3\n>p1 move terablast\n>p2 move hurricane\n>p1 move terablast\n>p2 move hurricane\n>p1 move terablast\n>p2 move hurricane\n>p2 switch 4\n>p1 move bugbuzz\n>p2 move ceaselessedge\n>p1 move bugbuzz\n>p2 move ceaselessedge\n>p2 switch 6\n>p1 move fireblast\n>p2 move nuzzle\n>p1 switch 5\n>p1 move shellsmash\n>p2 move uturn\n>p2 switch 2\n>p1 move rockblast\n>p2 move blizzard\n>p2 switch 2\n>p1 move rockblast\n>p2 move dazzlinggleam terastallize\n>p2 switch 5\n>p1 move bulletseed\n>p2 move focusblast\n>p1 move bulletseed\n>p2 move focusblast", "uploadtime": 1781379744, "views": 6, "formatid": "gen9randombattle", "rating": null, "private": 0, "password": null}