{"id": "gen9randombattle-2631973082", "format": "[Gen 9] Random Battle", "players": ["SaberTB", "centrallimittheory"], "log": "|j|\u2606SaberTB\n|j|\u2606centrallimittheory\n|t:|1781461527\n|gametype|singles\n|player|p1|SaberTB|169|2076\n|player|p2|centrallimittheory|crasherwake|1997\n|gen|9\n|tier|[Gen 9] Random Battle\n|rated|\n|rule|Species Clause: Limit one of each Pok\u00e9mon\n|rule|HP Percentage Mod: HP is shown in percentages\n|rule|Sleep Clause Mod: Limit one foe put to sleep\n|rule|Illusion Level Mod: Illusion disguises the Pok\u00e9mon's true level\n|\n|t:|1781461527\n|teamsize|p1|6\n|teamsize|p2|6\n|start\n|switch|p1a: Flutter Mane|Flutter Mane, L74|203/203\n|switch|p2a: Venomoth|Venomoth, L84, M|255/255\n|turn|1\n|inactive|Battle timer is ON: inactive players will automatically lose when time's up. (requested by centrallimittheory)\n|\n|t:|1781461538\n|-end|p1a: Flutter Mane|Protosynthesis|[silent]\n|switch|p1a: Golurk|Golurk, L87|297/297\n|move|p2a: Venomoth|Quiver Dance|p2a: Venomoth\n|-boost|p2a: Venomoth|spa|1\n|-boost|p2a: Venomoth|spd|1\n|-boost|p2a: Venomoth|spe|1\n|\n|upkeep\n|turn|2\n|\n|t:|1781461547\n|switch|p2a: Magearna|Magearna, L77|250/250\n|move|p1a: Golurk|Poltergeist|p2a: Magearna\n|-activate|p2a: Magearna|move: Poltergeist|Leftovers\n|-damage|p2a: Magearna|57/250\n|\n|-heal|p2a: Magearna|72/250|[from] item: Leftovers\n|upkeep\n|turn|3\n|\n|t:|1781461554\n|move|p1a: Golurk|Poltergeist|p2a: Magearna\n|-activate|p2a: Magearna|move: Poltergeist|Leftovers\n|-damage|p2a: Magearna|0 fnt\n|faint|p2a: Magearna\n|\n|upkeep\n|\n|t:|1781461559\n|switch|p2a: Ogerpon|Ogerpon-Wellspring, L76, F|247/247\n|turn|4\n|\n|t:|1781461564\n|-terastallize|p1a: Golurk|Ghost\n|move|p2a: Ogerpon|Ivy Cudgel|p1a: Golurk|[anim] Ivy Cudgel Water\n|-damage|p1a: Golurk|168/297\n|move|p1a: Golurk|Poltergeist|p2a: Ogerpon\n|-activate|p2a: Ogerpon|move: Poltergeist|Wellspring Mask\n|-damage|p2a: Ogerpon|0 fnt\n|faint|p2a: Ogerpon\n|\n|upkeep\n|c|\u2606centrallimittheory|hmmm\n|c|\u2606centrallimittheory|this is not ideal\n|\n|t:|1781461592\n|switch|p2a: Zapdos|Zapdos, L78|268/268\n|turn|5\n|\n|t:|1781461596\n|move|p2a: Zapdos|Thunderbolt|p1a: Golurk\n|-damage|p1a: Golurk|69/297\n|move|p1a: Golurk|Poltergeist|p2a: Zapdos\n|-activate|p2a: Zapdos|move: Poltergeist|Heavy-Duty Boots\n|-damage|p2a: Zapdos|0 fnt\n|faint|p2a: Zapdos\n|\n|upkeep\n|\n|t:|1781461601\n|switch|p2a: Kyurem|Kyurem-Black, L71|295/295\n|-ability|p2a: Kyurem|Teravolt\n|turn|6\n|\n|t:|1781461608\n|switch|p1a: Iron Treads|Iron Treads, L77|265/265\n|move|p2a: Kyurem|Scale Shot|p1a: Iron Treads\n|-resisted|p1a: Iron Treads\n|-damage|p1a: Iron Treads|253/265\n|-resisted|p1a: Iron Treads\n|-damage|p1a: Iron Treads|240/265\n|-resisted|p1a: Iron Treads\n|-damage|p1a: Iron Treads|227/265\n|-resisted|p1a: Iron Treads\n|-damage|p1a: Iron Treads|214/265\n|-hitcount|p1a: Iron Treads|4\n|-unboost|p2a: Kyurem|def|1\n|-boost|p2a: Kyurem|spe|1\n|\n|upkeep\n|turn|7\n|\n|t:|1781461619\n|switch|p2a: Venomoth|Venomoth, L84, M|255/255\n|move|p1a: Iron Treads|Iron Head|p2a: Venomoth\n|-damage|p2a: Venomoth|147/255\n|\n|upkeep\n|turn|8\n|\n|t:|1781461623\n|move|p1a: Iron Treads|Earthquake|p2a: Venomoth\n|-damage|p2a: Venomoth|23/255\n|move|p2a: Venomoth|Quiver Dance|p2a: Venomoth\n|-boost|p2a: Venomoth|spa|1\n|-boost|p2a: Venomoth|spd|1\n|-boost|p2a: Venomoth|spe|1\n|\n|upkeep\n|turn|9\n|\n|t:|1781461629\n|move|p2a: Venomoth|Sleep Powder|p1a: Iron Treads\n|-status|p1a: Iron Treads|slp|[from] move: Sleep Powder\n|cant|p1a: Iron Treads|slp\n|\n|upkeep\n|turn|10\n|\n|t:|1781461639\n|-end|p1a: Iron Treads|Quark Drive|[silent]\n|switch|p1a: Flutter Mane|Flutter Mane, L74|203/203\n|move|p2a: Venomoth|Bug Buzz|p1a: Flutter Mane\n|-resisted|p1a: Flutter Mane\n|-damage|p1a: Flutter Mane|153/203\n|\n|upkeep\n|turn|11\n|\n|t:|1781461643\n|move|p2a: Venomoth|Sludge Wave|p1a: Flutter Mane\n|-damage|p1a: Flutter Mane|33/203\n|-status|p1a: Flutter Mane|psn\n|move|p1a: Flutter Mane|Moonblast|p2a: Venomoth\n|-resisted|p2a: Venomoth\n|-damage|p2a: Venomoth|0 fnt\n|faint|p2a: Venomoth\n|-damage|p1a: Flutter Mane|13/203 psn|[from] item: Life Orb\n|\n|-damage|p1a: Flutter Mane|0 fnt|[from] psn\n|faint|p1a: Flutter Mane\n|-end|p1a: Flutter Mane|Protosynthesis|[silent]\n|upkeep\n|\n|t:|1781461649\n|switch|p1a: Chien-Pao|Chien-Pao, L72|234/234\n|switch|p2a: Kyurem|Kyurem-Black, L71|295/295\n|-ability|p1a: Chien-Pao|Sword of Ruin\n|-ability|p2a: Kyurem|Teravolt\n|turn|12\n|\n|t:|1781461653\n|move|p1a: Chien-Pao|Throat Chop|p2a: Kyurem\n|-damage|p2a: Kyurem|195/295\n|-start|p2a: Kyurem|Throat Chop|[silent]\n|move|p2a: Kyurem|Dragon Dance|p2a: Kyurem\n|-boost|p2a: Kyurem|atk|1\n|-boost|p2a: Kyurem|spe|1\n|\n|upkeep\n|turn|13\n|\n|t:|1781461656\n|move|p2a: Kyurem|Scale Shot|p1a: Chien-Pao\n|-damage|p1a: Chien-Pao|180/234\n|-damage|p1a: Chien-Pao|123/234\n|-damage|p1a: Chien-Pao|60/234\n|-damage|p1a: Chien-Pao|0 fnt\n|faint|p1a: Chien-Pao\n|-hitcount|p1: Chien-Pao|4\n|-unboost|p2a: Kyurem|def|1\n|-boost|p2a: Kyurem|spe|1\n|\n|-end|p2a: Kyurem|Throat Chop|[silent]\n|upkeep\n|\n|t:|1781461663\n|switch|p1a: Baxcalibur|Baxcalibur, L75, M|295/295\n|turn|14\n|\n|t:|1781461672\n|switch|p1a: Iron Treads|Iron Treads, L77|214/265 slp\n|move|p2a: Kyurem|Scale Shot|p1a: Iron Treads\n|-resisted|p1a: Iron Treads\n|-damage|p1a: Iron Treads|194/265 slp\n|-resisted|p1a: Iron Treads\n|-damage|p1a: Iron Treads|176/265 slp\n|-resisted|p1a: Iron Treads\n|-damage|p1a: Iron Treads|157/265 slp\n|-resisted|p1a: Iron Treads\n|-damage|p1a: Iron Treads|138/265 slp\n|-hitcount|p1a: Iron Treads|4\n|-unboost|p2a: Kyurem|def|1\n|-boost|p2a: Kyurem|spe|1\n|\n|upkeep\n|turn|15\n|\n|t:|1781461679\n|move|p2a: Kyurem|Icicle Spear|p1a: Iron Treads\n|-damage|p1a: Iron Treads|99/265 slp\n|-damage|p1a: Iron Treads|62/265 slp\n|-damage|p1a: Iron Treads|25/265 slp\n|-damage|p1a: Iron Treads|0 fnt\n|faint|p1a: Iron Treads\n|-end|p1a: Iron Treads|Quark Drive|[silent]\n|-hitcount|p1: Iron Treads|4\n|\n|upkeep\n|\n|t:|1781461685\n|switch|p1a: Baxcalibur|Baxcalibur, L75, M|295/295\n|turn|16\n|\n|t:|1781461711\n|move|p1a: Baxcalibur|Ice Shard|p2a: Kyurem\n|-damage|p2a: Kyurem|42/295\n|move|p2a: Kyurem|Scale Shot|p1a: Baxcalibur\n|-supereffective|p1a: Baxcalibur\n|-damage|p1a: Baxcalibur|187/295\n|-supereffective|p1a: Baxcalibur\n|-damage|p1a: Baxcalibur|91/295\n|-supereffective|p1a: Baxcalibur\n|-damage|p1a: Baxcalibur|1/295\n|-supereffective|p1a: Baxcalibur\n|-damage|p1a: Baxcalibur|0 fnt\n|faint|p1a: Baxcalibur\n|-hitcount|p1: Baxcalibur|4\n|-unboost|p2a: Kyurem|def|1\n|-boost|p2a: Kyurem|spe|1\n|\n|upkeep\n|\n|t:|1781461716\n|switch|p1a: Latios|Latios, L78, M|253/253\n|turn|17\n|-message|SaberTB forfeited.\n|\n|win|centrallimittheory\n", "inputlog": ">version a8376a258c1d4662feba110a92103f3664a72141\n>start {\"formatid\":\"gen9randombattle\",\"seed\":\"sodium,e538c0411e39219469a8a8fef5965a1b\",\"rated\":\"Rated battle\"}\n>player p1 {\"name\":\"SaberTB\",\"avatar\":\"169\",\"rating\":2076,\"seed\":\"sodium,a75854a4b156314c93415c1a5ad7f42e\"}\n>player p2 {\"name\":\"centrallimittheory\",\"avatar\":\"crasherwake\",\"rating\":1997,\"seed\":\"sodium,78eca143c1950c7d409d1eb3998eda51\"}\n>p1 switch 3\n>p2 move quiverdance\n>p1 move poltergeist\n>p2 switch 2\n>p1 move poltergeist\n>p2 move fleurcannon\n>p2 switch 4\n>p1 move poltergeist terastallize\n>p2 move ivycudgel\n>chat \u2606centrallimittheory|hmmm\n>chat \u2606centrallimittheory|this is not ideal\n>p2 switch 3\n>p1 move poltergeist\n>p2 move thunderbolt\n>p2 switch 5\n>p1 switch 4\n>p2 move scaleshot\n>p1 move ironhead\n>p2 switch 2\n>p1 move earthquake\n>p2 move quiverdance\n>p1 move rapidspin\n>p2 move sleeppowder\n>p1 switch 3\n>p2 move bugbuzz\n>p1 move moonblast\n>p2 move sludgewave\n>p1 switch 6\n>p2 switch 2\n>p1 move throatchop\n>p2 move dragondance\n>p1 move throatchop\n>p2 move scaleshot\n>p1 switch 2\n>p1 switch 3\n>p2 move scaleshot\n>p1 move ironhead\n>p2 move iciclespear\n>p1 switch 3\n>p1 move iceshard\n>p2 move scaleshot\n>p1 switch 5\n>forcelose p1", "uploadtime": 1781461529, "views": 6, "formatid": "gen9randombattle", "rating": null, "private": 0, "password": null}