{"id": "gen9randombattle-2631929299", "format": "[Gen 9] Random Battle", "players": ["WumboMumboJumbo", "AmroE13"], "log": "|j|\u2606WumboMumboJumbo\n|j|\u2606AmroE13\n|t:|1781456724\n|gametype|singles\n|player|p1|WumboMumboJumbo|265|1999\n|player|p2|AmroE13|169|2022\n|gen|9\n|tier|[Gen 9] Random Battle\n|rated|\n|rule|Species Clause: Limit one of each Pok\u00e9mon\n|rule|HP Percentage Mod: HP is shown in percentages\n|rule|Sleep Clause Mod: Limit one foe put to sleep\n|rule|Illusion Level Mod: Illusion disguises the Pok\u00e9mon's true level\n|\n|t:|1781456724\n|teamsize|p1|6\n|teamsize|p2|6\n|start\n|switch|p1a: Clefable|Clefable, L83, F|293/293\n|switch|p2a: Baxcalibur|Baxcalibur, L75, F|295/295\n|turn|1\n|inactive|Battle timer is ON: inactive players will automatically lose when time's up. (requested by WumboMumboJumbo)\n|inactive|AmroE13 has 120 seconds left.\n|\n|t:|1781456776\n|switch|p2a: Porygon2|Porygon2, L81|270/270\n|-ability|p2a: Porygon2|Download|boost\n|-boost|p2a: Porygon2|atk|1\n|move|p1a: Clefable|Moonblast|p2a: Porygon2\n|-damage|p2a: Porygon2|187/270\n|\n|upkeep\n|turn|2\n|\n|t:|1781456796\n|move|p1a: Clefable|Calm Mind|p1a: Clefable\n|-boost|p1a: Clefable|spa|1\n|-boost|p1a: Clefable|spd|1\n|move|p2a: Porygon2|Discharge|p1a: Clefable\n|-damage|p1a: Clefable|254/293\n|\n|upkeep\n|turn|3\n|\n|t:|1781456811\n|move|p1a: Clefable|Calm Mind|p1a: Clefable\n|-boost|p1a: Clefable|spa|1\n|-boost|p1a: Clefable|spd|1\n|move|p2a: Porygon2|Discharge|p1a: Clefable\n|-damage|p1a: Clefable|225/293\n|\n|upkeep\n|turn|4\n|\n|t:|1781456815\n|move|p1a: Clefable|Moonblast|p2a: Porygon2\n|-damage|p2a: Porygon2|31/270\n|move|p2a: Porygon2|Discharge|p1a: Clefable\n|-damage|p1a: Clefable|196/293\n|-status|p1a: Clefable|par\n|\n|upkeep\n|turn|5\n|\n|t:|1781456821\n|move|p2a: Porygon2|Recover|p2a: Porygon2\n|-heal|p2a: Porygon2|166/270\n|cant|p1a: Clefable|par\n|\n|upkeep\n|turn|6\n|\n|t:|1781456829\n|move|p2a: Porygon2|Tri Attack|p1a: Clefable\n|-damage|p1a: Clefable|154/293 par\n|move|p1a: Clefable|Moonblast|p2a: Porygon2\n|-damage|p2a: Porygon2|10/270\n|-unboost|p2a: Porygon2|spa|1\n|\n|upkeep\n|turn|7\n|\n|t:|1781456837\n|switch|p2a: Zangoose|Zangoose, L85, M|263/263\n|move|p1a: Clefable|Moonlight|p1a: Clefable\n|-heal|p1a: Clefable|293/293 par\n|\n|-status|p2a: Zangoose|tox|[from] item: Toxic Orb\n|upkeep\n|turn|8\n|\n|t:|1781456851\n|move|p2a: Zangoose|Facade|p1a: Clefable\n|-damage|p1a: Clefable|0 fnt\n|faint|p1a: Clefable\n|\n|-damage|p2a: Zangoose|247/263 tox|[from] psn\n|upkeep\n|\n|t:|1781456857\n|switch|p1a: Urshifu|Urshifu-Rapid-Strike, L75, M|274/274\n|turn|9\n|inactive|AmroE13 has 120 seconds left.\n|\n|t:|1781456902\n|switch|p2a: Porygon2|Porygon2, L81|10/270\n|-ability|p2a: Porygon2|Download|boost\n|-boost|p2a: Porygon2|spa|1\n|move|p1a: Urshifu|Close Combat|p2a: Porygon2\n|-supereffective|p2a: Porygon2\n|-damage|p2a: Porygon2|0 fnt\n|-unboost|p1a: Urshifu|def|1\n|-unboost|p1a: Urshifu|spd|1\n|faint|p2a: Porygon2\n|\n|upkeep\n|inactive|AmroE13 has 90 seconds left.\n|\n|t:|1781456932\n|switch|p2a: Hitmontop|Hitmontop, L88, M|231/231\n|turn|10\n|\n|t:|1781456943\n|switch|p1a: Veluza|Veluza, L85, F|292/292\n|move|p2a: Hitmontop|Rapid Spin|p1a: Veluza\n|-damage|p1a: Veluza|225/292\n|-boost|p2a: Hitmontop|spe|1\n|\n|upkeep\n|turn|11\n|\n|t:|1781456956\n|move|p2a: Hitmontop|Close Combat|p1a: Veluza\n|-resisted|p1a: Veluza\n|-crit|p1a: Veluza\n|-damage|p1a: Veluza|99/292\n|-unboost|p2a: Hitmontop|def|1\n|-unboost|p2a: Hitmontop|spd|1\n|-enditem|p1a: Veluza|Sitrus Berry|[eat]\n|-heal|p1a: Veluza|172/292|[from] item: Sitrus Berry\n|move|p1a: Veluza|Psycho Cut|p2a: Hitmontop\n|-supereffective|p2a: Hitmontop\n|-damage|p2a: Hitmontop|0 fnt\n|faint|p2a: Hitmontop\n|\n|upkeep\n|inactive|AmroE13 has 90 seconds left.\n|\n|t:|1781456986\n|switch|p2a: Zangoose|Zangoose, L85, M|247/263 tox\n|turn|12\n|\n|t:|1781456991\n|move|p2a: Zangoose|Facade|p1a: Veluza\n|-damage|p1a: Veluza|0 fnt\n|faint|p1a: Veluza\n|\n|-damage|p2a: Zangoose|231/263 tox|[from] psn\n|upkeep\n|\n|t:|1781456994\n|switch|p1a: Urshifu|Urshifu-Rapid-Strike, L75, M|274/274\n|turn|13\n|\n|t:|1781457001\n|switch|p2a: Carbink|Carbink, L90|236/236\n|move|p1a: Urshifu|Close Combat|p2a: Carbink\n|-damage|p2a: Carbink|152/236\n|-unboost|p1a: Urshifu|def|1\n|-unboost|p1a: Urshifu|spd|1\n|\n|upkeep\n|turn|14\n|\n|t:|1781457018\n|switch|p1a: Dugtrio|Dugtrio, L84, M|196/196\n|move|p2a: Carbink|Iron Defense|p2a: Carbink\n|-boost|p2a: Carbink|def|2\n|\n|upkeep\n|turn|15\n|\n|t:|1781457023\n|-terastallize|p2a: Carbink|Fighting\n|move|p1a: Dugtrio|Earthquake|p2a: Carbink\n|-damage|p2a: Carbink|105/236\n|-damage|p1a: Dugtrio|177/196|[from] item: Life Orb\n|move|p2a: Carbink|Iron Defense|p2a: Carbink\n|-boost|p2a: Carbink|def|2\n|\n|upkeep\n|turn|16\n|\n|t:|1781457035\n|move|p1a: Dugtrio|Earthquake|p2a: Carbink\n|-damage|p2a: Carbink|76/236\n|-damage|p1a: Dugtrio|158/196|[from] item: Life Orb\n|move|p2a: Carbink|Rest|p2a: Carbink\n|-status|p2a: Carbink|slp|[from] move: Rest\n|-heal|p2a: Carbink|236/236 slp|[silent]\n|-enditem|p2a: Carbink|Chesto Berry|[eat]\n|-curestatus|p2a: Carbink|slp|[msg]\n|\n|upkeep\n|turn|17\n|\n|t:|1781457039\n|move|p1a: Dugtrio|Swords Dance|p1a: Dugtrio\n|-boost|p1a: Dugtrio|atk|2\n|move|p2a: Carbink|Body Press|p1a: Dugtrio\n|-damage|p1a: Dugtrio|0 fnt\n|faint|p1a: Dugtrio\n|\n|upkeep\n|\n|t:|1781457046\n|switch|p1a: Dunsparce|Dunsparce, L86, F|312/312\n|turn|18\n|\n|t:|1781457052\n|-terastallize|p1a: Dunsparce|Ghost\n|move|p2a: Carbink|Moonblast|p1a: Dunsparce\n|-damage|p1a: Dunsparce|257/312\n|-unboost|p1a: Dunsparce|spa|1\n|move|p1a: Dunsparce|Coil|p1a: Dunsparce\n|-boost|p1a: Dunsparce|atk|1\n|-boost|p1a: Dunsparce|def|1\n|-boost|p1a: Dunsparce|accuracy|1\n|\n|upkeep\n|turn|19\n|\n|t:|1781457079\n|move|p2a: Carbink|Moonblast|p1a: Dunsparce\n|-damage|p1a: Dunsparce|200/312\n|move|p1a: Dunsparce|Coil|p1a: Dunsparce\n|-boost|p1a: Dunsparce|atk|1\n|-boost|p1a: Dunsparce|def|1\n|-boost|p1a: Dunsparce|accuracy|1\n|\n|upkeep\n|turn|20\n|\n|t:|1781457088\n|move|p2a: Carbink|Iron Defense|p2a: Carbink\n|-boost|p2a: Carbink|def|2\n|move|p1a: Dunsparce|Roost|p1a: Dunsparce\n|-heal|p1a: Dunsparce|312/312\n|\n|upkeep\n|turn|21\n|\n|t:|1781457096\n|move|p2a: Carbink|Moonblast|p1a: Dunsparce\n|-damage|p1a: Dunsparce|255/312\n|move|p1a: Dunsparce|Coil|p1a: Dunsparce\n|-boost|p1a: Dunsparce|atk|1\n|-boost|p1a: Dunsparce|def|1\n|-boost|p1a: Dunsparce|accuracy|1\n|\n|upkeep\n|turn|22\n|\n|t:|1781457099\n|move|p2a: Carbink|Moonblast|p1a: Dunsparce\n|-damage|p1a: Dunsparce|191/312\n|move|p1a: Dunsparce|Coil|p1a: Dunsparce\n|-boost|p1a: Dunsparce|atk|1\n|-boost|p1a: Dunsparce|def|1\n|-boost|p1a: Dunsparce|accuracy|1\n|\n|upkeep\n|turn|23\n|\n|t:|1781457115\n|move|p2a: Carbink|Moonblast|p1a: Dunsparce\n|-damage|p1a: Dunsparce|136/312\n|move|p1a: Dunsparce|Roost|p1a: Dunsparce\n|-heal|p1a: Dunsparce|292/312\n|\n|upkeep\n|turn|24\n|\n|t:|1781457119\n|move|p2a: Carbink|Moonblast|p1a: Dunsparce\n|-damage|p1a: Dunsparce|228/312\n|-unboost|p1a: Dunsparce|spa|1\n|move|p1a: Dunsparce|Coil|p1a: Dunsparce\n|-boost|p1a: Dunsparce|atk|1\n|-boost|p1a: Dunsparce|def|1\n|-boost|p1a: Dunsparce|accuracy|1\n|\n|upkeep\n|turn|25\n|\n|t:|1781457131\n|move|p2a: Carbink|Moonblast|p1a: Dunsparce\n|-damage|p1a: Dunsparce|168/312\n|move|p1a: Dunsparce|Coil|p1a: Dunsparce\n|-boost|p1a: Dunsparce|atk|1\n|-boost|p1a: Dunsparce|def|1\n|-boost|p1a: Dunsparce|accuracy|1\n|\n|upkeep\n|turn|26\n|\n|t:|1781457135\n|move|p2a: Carbink|Moonblast|p1a: Dunsparce\n|-damage|p1a: Dunsparce|110/312\n|move|p1a: Dunsparce|Roost|p1a: Dunsparce\n|-heal|p1a: Dunsparce|266/312\n|\n|upkeep\n|turn|27\n|\n|t:|1781457138\n|move|p2a: Carbink|Moonblast|p1a: Dunsparce\n|-damage|p1a: Dunsparce|206/312\n|-unboost|p1a: Dunsparce|spa|1\n|move|p1a: Dunsparce|Body Slam|p2a: Carbink\n|-damage|p2a: Carbink|193/236\n|-status|p2a: Carbink|par\n|\n|upkeep\n|turn|28\n|\n|t:|1781457148\n|move|p1a: Dunsparce|Earthquake|p2a: Carbink\n|-damage|p2a: Carbink|158/236 par\n|cant|p2a: Carbink|par\n|\n|upkeep\n|turn|29\n|\n|t:|1781457151\n|move|p1a: Dunsparce|Earthquake|p2a: Carbink\n|-damage|p2a: Carbink|120/236 par\n|cant|p2a: Carbink|par\n|\n|upkeep\n|turn|30\n|\n|t:|1781457164\n|move|p1a: Dunsparce|Earthquake|p2a: Carbink\n|-damage|p2a: Carbink|85/236 par\n|cant|p2a: Carbink|par\n|\n|upkeep\n|turn|31\n|\n|t:|1781457168\n|move|p1a: Dunsparce|Earthquake|p2a: Carbink\n|-damage|p2a: Carbink|50/236 par\n|move|p2a: Carbink|Rest|p2a: Carbink\n|-status|p2a: Carbink|slp|[from] move: Rest\n|-heal|p2a: Carbink|236/236 slp|[silent]\n|\n|upkeep\n|turn|32\n|\n|t:|1781457172\n|cant|p2a: Carbink|slp\n|move|p1a: Dunsparce|Earthquake|p2a: Carbink\n|-damage|p2a: Carbink|199/236 slp\n|\n|upkeep\n|turn|33\n|\n|t:|1781457175\n|cant|p2a: Carbink|slp\n|move|p1a: Dunsparce|Earthquake|p2a: Carbink\n|-damage|p2a: Carbink|163/236 slp\n|\n|upkeep\n|turn|34\n|\n|t:|1781457188\n|-curestatus|p2a: Carbink|slp|[msg]\n|move|p2a: Carbink|Moonblast|p1a: Dunsparce\n|-damage|p1a: Dunsparce|143/312\n|move|p1a: Dunsparce|Earthquake|p2a: Carbink\n|-damage|p2a: Carbink|128/236\n|\n|upkeep\n|turn|35\n|\n|t:|1781457196\n|move|p2a: Carbink|Moonblast|p1a: Dunsparce\n|-damage|p1a: Dunsparce|83/312\n|-unboost|p1a: Dunsparce|spa|1\n|move|p1a: Dunsparce|Roost|p1a: Dunsparce\n|-heal|p1a: Dunsparce|239/312\n|\n|upkeep\n|turn|36\n|\n|t:|1781457201\n|move|p2a: Carbink|Moonblast|p1a: Dunsparce\n|-damage|p1a: Dunsparce|181/312\n|move|p1a: Dunsparce|Body Slam|p2a: Carbink\n|-damage|p2a: Carbink|79/236\n|\n|upkeep\n|turn|37\n|\n|t:|1781457210\n|move|p2a: Carbink|Rest|p2a: Carbink\n|-status|p2a: Carbink|slp|[from] move: Rest\n|-heal|p2a: Carbink|236/236 slp|[silent]\n|move|p1a: Dunsparce|Body Slam|p2a: Carbink\n|-damage|p2a: Carbink|194/236 slp\n|\n|upkeep\n|turn|38\n|\n|t:|1781457217\n|switch|p1a: Urshifu|Urshifu-Rapid-Strike, L75, M|274/274\n|cant|p2a: Carbink|slp\n|\n|upkeep\n|turn|39\n|\n|t:|1781457225\n|move|p1a: Urshifu|Surging Strikes|p2a: Carbink\n|-crit|p2a: Carbink\n|-damage|p2a: Carbink|167/236 slp\n|-crit|p2a: Carbink\n|-damage|p2a: Carbink|142/236 slp\n|-crit|p2a: Carbink\n|-damage|p2a: Carbink|115/236 slp\n|-hitcount|p2a: Carbink|3\n|cant|p2a: Carbink|slp\n|\n|upkeep\n|turn|40\n|\n|t:|1781457237\n|move|p1a: Urshifu|Surging Strikes|p2a: Carbink\n|-crit|p2a: Carbink\n|-damage|p2a: Carbink|91/236 slp\n|-crit|p2a: Carbink\n|-damage|p2a: Carbink|63/236 slp\n|-crit|p2a: Carbink\n|-damage|p2a: Carbink|36/236 slp\n|-hitcount|p2a: Carbink|3\n|-curestatus|p2a: Carbink|slp|[msg]\n|move|p2a: Carbink|Moonblast|p1a: Urshifu\n|-supereffective|p1a: Urshifu\n|-damage|p1a: Urshifu|76/274\n|-unboost|p1a: Urshifu|spa|1\n|\n|upkeep\n|turn|41\n|\n|t:|1781457260\n|switch|p2a: Baxcalibur|Baxcalibur, L75, F|295/295\n|move|p1a: Urshifu|Surging Strikes|p2a: Baxcalibur\n|-resisted|p2a: Baxcalibur\n|-crit|p2a: Baxcalibur\n|-damage|p2a: Baxcalibur|271/295\n|-resisted|p2a: Baxcalibur\n|-crit|p2a: Baxcalibur\n|-damage|p2a: Baxcalibur|250/295\n|-resisted|p2a: Baxcalibur\n|-crit|p2a: Baxcalibur\n|-damage|p2a: Baxcalibur|227/295\n|-hitcount|p2a: Baxcalibur|3\n|\n|upkeep\n|turn|42\n|\n|t:|1781457266\n|switch|p1a: Crabominable|Crabominable, L90, M|321/321\n|move|p2a: Baxcalibur|Icicle Crash|p1a: Crabominable\n|-resisted|p1a: Crabominable\n|-damage|p1a: Crabominable|249/321\n|\n|upkeep\n|turn|43\n|\n|t:|1781457270\n|switch|p2a: Raikou|Raikou, L81|278/278\n|-ability|p2a: Raikou|Pressure\n|move|p1a: Crabominable|Drain Punch|p2a: Raikou\n|-damage|p2a: Raikou|44/278\n|-heal|p1a: Crabominable|321/321|[from] drain|[of] p2a: Raikou\n|\n|-heal|p2a: Raikou|61/278|[from] item: Leftovers\n|upkeep\n|turn|44\n|\n|t:|1781457278\n|move|p2a: Raikou|Scald|p1a: Crabominable\n|-damage|p1a: Crabominable|254/321\n|move|p1a: Crabominable|Drain Punch|p2a: Raikou\n|-damage|p2a: Raikou|0 fnt\n|-heal|p1a: Crabominable|285/321|[from] drain|[of] p2a: Raikou\n|faint|p2a: Raikou\n|\n|upkeep\n|\n|t:|1781457283\n|switch|p2a: Zangoose|Zangoose, L85, M|231/263 tox\n|turn|45\n|\n|t:|1781457289\n|move|p2a: Zangoose|Close Combat|p1a: Crabominable\n|-supereffective|p1a: Crabominable\n|-damage|p1a: Crabominable|1/321\n|-unboost|p2a: Zangoose|def|1\n|-unboost|p2a: Zangoose|spd|1\n|move|p1a: Crabominable|Drain Punch|p2a: Zangoose\n|-supereffective|p2a: Zangoose\n|-damage|p2a: Zangoose|0 fnt\n|-heal|p1a: Crabominable|117/321|[from] drain|[of] p2a: Zangoose\n|faint|p2a: Zangoose\n|\n|upkeep\n|\n|t:|1781457293\n|switch|p2a: Baxcalibur|Baxcalibur, L75, F|227/295\n|turn|46\n|\n|t:|1781457302\n|move|p2a: Baxcalibur|Glaive Rush|p1a: Crabominable\n|-damage|p1a: Crabominable|0 fnt\n|-singlemove|p2a: Baxcalibur|Glaive Rush|[silent]\n|faint|p1a: Crabominable\n|\n|upkeep\n|\n|t:|1781457305\n|switch|p1a: Urshifu|Urshifu-Rapid-Strike, L75, M|76/274\n|turn|47\n|\n|t:|1781457307\n|move|p1a: Urshifu|Close Combat|p2a: Baxcalibur\n|-supereffective|p2a: Baxcalibur\n|-crit|p2a: Baxcalibur\n|-damage|p2a: Baxcalibur|0 fnt\n|-unboost|p1a: Urshifu|def|1\n|-unboost|p1a: Urshifu|spd|1\n|faint|p2a: Baxcalibur\n|\n|upkeep\n|l|\u2606AmroE13\n|inactive|AmroE13 disconnected and has a minute to reconnect!\n|player|p2|\n|inactive|AmroE13 has 30 seconds to reconnect!\n|inactive|AmroE13 has 20 seconds to reconnect!\n|inactive|AmroE13 has 15 seconds to reconnect!\n|inactive|AmroE13 has 10 seconds to reconnect!\n|inactive|AmroE13 has 5 seconds to reconnect!\n|-message|AmroE13 lost due to inactivity.\n|\n|win|WumboMumboJumbo\n", "inputlog": ">version a8376a258c1d4662feba110a92103f3664a72141\n>start {\"formatid\":\"gen9randombattle\",\"seed\":\"sodium,46590204a5b87a5987b77bb26bb3cd64\",\"rated\":\"Rated battle\"}\n>player p1 {\"name\":\"WumboMumboJumbo\",\"avatar\":\"265\",\"rating\":1999,\"seed\":\"sodium,24063547722749dd80f6341cca022b4c\"}\n>player p2 {\"name\":\"AmroE13\",\"avatar\":\"169\",\"rating\":2022,\"seed\":\"sodium,5fe93b4b52b63237697c081887697c93\"}\n>p1 move moonblast\n>p2 switch 3\n>p1 move calmmind\n>p2 move discharge\n>p1 move calmmind\n>p2 move discharge\n>p1 move moonblast\n>p2 move discharge\n>p1 move moonblast\n>p2 move recover\n>p1 move moonblast\n>p2 move triattack\n>p1 move moonlight\n>p2 switch 2\n>p1 move moonblast\n>p2 move facade\n>p1 switch 6\n>p1 move closecombat\n>p2 switch 2\n>p2 switch 4\n>p1 switch 5\n>p2 move rapidspin\n>p1 move psychocut\n>p2 move closecombat\n>p2 switch 2\n>p1 move psychocut\n>p2 move facade\n>p1 switch 5\n>p1 move closecombat\n>p2 switch 5\n>p1 switch 3\n>p2 move irondefense\n>p1 move earthquake\n>p2 move irondefense terastallize\n>p1 move earthquake\n>p2 move rest\n>p1 move swordsdance\n>p2 move bodypress\n>p1 switch 2\n>p1 move coil terastallize\n>p2 move moonblast\n>p1 move coil\n>p2 move moonblast\n>p1 move roost\n>p2 move irondefense\n>p1 move coil\n>p2 move moonblast\n>p1 move coil\n>p2 move moonblast\n>p1 move roost\n>p2 move moonblast\n>p1 move coil\n>p2 move moonblast\n>p1 move coil\n>p2 move moonblast\n>p1 move roost\n>p2 move moonblast\n>p1 move bodyslam\n>p2 move moonblast\n>p1 move earthquake\n>p2 move moonblast\n>p1 move earthquake\n>p2 move moonblast\n>p1 move earthquake\n>p2 move rest\n>p1 move earthquake\n>p2 move rest\n>p1 move earthquake\n>p2 move moonblast\n>p1 move earthquake\n>p2 move irondefense\n>p1 move earthquake\n>p2 move moonblast\n>p1 move roost\n>p2 move moonblast\n>p1 move bodyslam\n>p2 move moonblast\n>p1 move bodyslam\n>p2 move rest\n>p1 switch 3\n>p2 move irondefense\n>p1 move surgingstrikes\n>p2 move moonblast\n>p1 move surgingstrikes\n>p2 move moonblast\n>p1 move surgingstrikes\n>p2 switch 3\n>p1 switch 4\n>p2 move iciclecrash\n>p1 move drainpunch\n>p2 switch 6\n>p1 move drainpunch\n>p2 move scald\n>p2 switch 5\n>p1 move drainpunch\n>p2 move closecombat\n>p2 switch 6\n>p1 move drainpunch\n>p2 move glaiverush\n>p1 switch 4\n>p1 move closecombat\n>p2 move glaiverush\n>forcelose p2", "uploadtime": 1781456726, "views": 5, "formatid": "gen9randombattle", "rating": null, "private": 0, "password": null}