{"id": "gen9randombattle-2631729510", "format": "[Gen 9] Random Battle", "players": ["Mcnoodle", "hong hoornstaart"], "log": "|j|\u2606Mcnoodle\n|j|\u2606hong hoornstaart\n|t:|1781429900\n|gametype|singles\n|player|p1|Mcnoodle|backpacker|2103\n|player|p2|hong hoornstaart|medium|2261\n|gen|9\n|tier|[Gen 9] Random Battle\n|rated|\n|rule|Species Clause: Limit one of each Pok\u00e9mon\n|rule|HP Percentage Mod: HP is shown in percentages\n|rule|Sleep Clause Mod: Limit one foe put to sleep\n|rule|Illusion Level Mod: Illusion disguises the Pok\u00e9mon's true level\n|\n|t:|1781429900\n|teamsize|p1|6\n|teamsize|p2|6\n|start\n|switch|p1a: Mandibuzz|Mandibuzz, L85, F|326/326\n|switch|p2a: Azumarill|Azumarill, L82, M|298/298\n|turn|1\n|inactive|Battle timer is ON: inactive players will automatically lose when time's up. (requested by Mcnoodle)\n|\n|t:|1781429925\n|switch|p1a: Regirock|Regirock, L83|268/268\n|move|p2a: Azumarill|Liquidation|p1a: Regirock\n|-supereffective|p1a: Regirock\n|-damage|p1a: Regirock|94/268\n|\n|-heal|p1a: Regirock|110/268|[from] item: Leftovers\n|upkeep\n|turn|2\n|\n|t:|1781429933\n|switch|p1a: Manaphy|Manaphy, L78|284/284\n|move|p2a: Azumarill|Liquidation|p1a: Manaphy\n|-resisted|p1a: Manaphy\n|-damage|p1a: Manaphy|206/284\n|-unboost|p1a: Manaphy|def|1\n|\n|-heal|p1a: Manaphy|223/284|[from] item: Leftovers\n|upkeep\n|turn|3\n|\n|t:|1781429939\n|move|p1a: Manaphy|Tail Glow|p1a: Manaphy\n|-boost|p1a: Manaphy|spa|3\n|move|p2a: Azumarill|Liquidation|p1a: Manaphy\n|-resisted|p1a: Manaphy\n|-damage|p1a: Manaphy|117/284\n|\n|-heal|p1a: Manaphy|134/284|[from] item: Leftovers\n|upkeep\n|turn|4\n|\n|t:|1781429947\n|move|p1a: Manaphy|Surf|p2a: Azumarill\n|-resisted|p2a: Azumarill\n|-damage|p2a: Azumarill|172/298\n|move|p2a: Azumarill|Liquidation|p1a: Manaphy\n|-resisted|p1a: Manaphy\n|-damage|p1a: Manaphy|23/284\n|\n|-heal|p1a: Manaphy|40/284|[from] item: Leftovers\n|upkeep\n|turn|5\n|\n|t:|1781429951\n|switch|p2a: Ninetales|Ninetales-Alola, L78, M|242/242\n|-weather|Snowscape|[from] ability: Snow Warning|[of] p2a: Ninetales\n|move|p1a: Manaphy|Energy Ball|p2a: Ninetales\n|-damage|p2a: Ninetales|98/242\n|\n|-weather|Snowscape|[upkeep]\n|-heal|p1a: Manaphy|57/284|[from] item: Leftovers\n|upkeep\n|turn|6\n|\n|t:|1781429970\n|move|p2a: Ninetales|Moonblast|p1a: Manaphy\n|-damage|p1a: Manaphy|0 fnt\n|faint|p1a: Manaphy\n|\n|-weather|Snowscape|[upkeep]\n|upkeep\n|inactive|Mcnoodle has 120 seconds left.\n|\n|t:|1781430004\n|switch|p1a: Regirock|Regirock, L83|110/268\n|turn|7\n|\n|t:|1781430009\n|move|p2a: Ninetales|Blizzard|p1a: Regirock\n|-damage|p1a: Regirock|29/268\n|move|p1a: Regirock|Stone Edge|p2a: Ninetales\n|-supereffective|p2a: Ninetales\n|-crit|p2a: Ninetales\n|-damage|p2a: Ninetales|0 fnt\n|faint|p2a: Ninetales\n|\n|-weather|Snowscape|[upkeep]\n|-heal|p1a: Regirock|45/268|[from] item: Leftovers\n|upkeep\n|\n|t:|1781430015\n|switch|p2a: Heatran|Heatran, L79, M|273/273\n|-item|p2a: Heatran|Air Balloon\n|turn|8\n|\n|t:|1781430021\n|move|p2a: Heatran|Earth Power|p1a: Regirock\n|-supereffective|p1a: Regirock\n|-damage|p1a: Regirock|0 fnt\n|faint|p1a: Regirock\n|\n|-weather|Snowscape|[upkeep]\n|upkeep\n|\n|t:|1781430023\n|switch|p1a: Umbreon|Umbreon, L84, M|297/297\n|turn|9\n|\n|t:|1781430034\n|move|p2a: Heatran|Stealth Rock|p1a: Umbreon\n|-sidestart|p1: Mcnoodle|move: Stealth Rock\n|move|p1a: Umbreon|Foul Play|p2a: Heatran\n|-damage|p2a: Heatran|191/273\n|-enditem|p2a: Heatran|Air Balloon\n|\n|-weather|none\n|upkeep\n|turn|10\n|\n|t:|1781430043\n|switch|p2a: Azumarill|Azumarill, L82, M|172/298\n|move|p1a: Umbreon|Foul Play|p2a: Azumarill\n|-resisted|p2a: Azumarill\n|-damage|p2a: Azumarill|136/298\n|\n|upkeep\n|turn|11\n|\n|t:|1781430045\n|move|p1a: Umbreon|Protect|p1a: Umbreon\n|-singleturn|p1a: Umbreon|Protect\n|move|p2a: Azumarill|Play Rough|p1a: Umbreon\n|-activate|p1a: Umbreon|move: Protect\n|\n|upkeep\n|turn|12\n|\n|t:|1781430057\n|switch|p1a: Articuno|Articuno-Galar, L84|288/288\n|move|p2a: Azumarill|Play Rough|p1a: Articuno\n|-damage|p1a: Articuno|120/288\n|\n|upkeep\n|turn|13\n|\n|t:|1781430067\n|switch|p2a: Beartic|Beartic, L91, M|321/321\n|move|p1a: Articuno|Recover|p1a: Articuno\n|-heal|p1a: Articuno|264/288\n|\n|upkeep\n|turn|14\n|\n|t:|1781430097\n|move|p1a: Articuno|Freezing Glare|p2a: Beartic\n|-damage|p2a: Beartic|195/321\n|move|p2a: Beartic|Close Combat|p1a: Articuno\n|-resisted|p1a: Articuno\n|-damage|p1a: Articuno|219/288\n|-unboost|p2a: Beartic|def|1\n|-unboost|p2a: Beartic|spd|1\n|\n|upkeep\n|turn|15\n|\n|t:|1781430103\n|switch|p2a: Farigiraf|Farigiraf, L90, M|362/362\n|move|p1a: Articuno|Hurricane|p2a: Farigiraf|[miss]\n|-miss|p1a: Articuno|p2a: Farigiraf\n|\n|upkeep\n|turn|16\n|\n|t:|1781430114\n|move|p1a: Articuno|Calm Mind|p1a: Articuno\n|-boost|p1a: Articuno|spa|1\n|-boost|p1a: Articuno|spd|1\n|move|p2a: Farigiraf|Body Slam|p1a: Articuno\n|-damage|p1a: Articuno|125/288\n|-status|p1a: Articuno|par\n|\n|upkeep\n|turn|17\n|\n|t:|1781430119\n|move|p2a: Farigiraf|Psychic Noise|p1a: Articuno\n|-resisted|p1a: Articuno\n|-crit|p1a: Articuno\n|-damage|p1a: Articuno|56/288 par\n|-start|p1a: Articuno|move: Heal Block\n|move|p1a: Articuno|Hurricane|p2a: Farigiraf|[miss]\n|-miss|p1a: Articuno|p2a: Farigiraf\n|\n|upkeep\n|turn|18\n|\n|t:|1781430122\n|move|p2a: Farigiraf|Body Slam|p1a: Articuno\n|-damage|p1a: Articuno|0 fnt\n|faint|p1a: Articuno\n|\n|upkeep\n|\n|t:|1781430127\n|switch|p1a: Umbreon|Umbreon, L84, M|297/297\n|-damage|p1a: Umbreon|260/297|[from] Stealth Rock\n|turn|19\n|\n|t:|1781430134\n|move|p2a: Farigiraf|Body Slam|p1a: Umbreon\n|-damage|p1a: Umbreon|175/297\n|-status|p1a: Umbreon|par\n|-activate|p1a: Umbreon|ability: Synchronize\n|-status|p2a: Farigiraf|par\n|move|p1a: Umbreon|Toxic||[still]\n|-fail|p1a: Umbreon\n|\n|-heal|p1a: Umbreon|193/297 par|[from] item: Leftovers\n|upkeep\n|turn|20\n|\n|t:|1781430142\n|cant|p2a: Farigiraf|par\n|cant|p1a: Umbreon|par\n|\n|-heal|p1a: Umbreon|211/297 par|[from] item: Leftovers\n|upkeep\n|turn|21\n|\n|t:|1781430146\n|move|p2a: Farigiraf|Wish|p2a: Farigiraf\n|move|p1a: Umbreon|Foul Play|p2a: Farigiraf\n|-supereffective|p2a: Farigiraf\n|-damage|p2a: Farigiraf|138/362 par\n|\n|-heal|p2a: Farigiraf|160/362 par|[from] item: Leftovers\n|-heal|p1a: Umbreon|229/297 par|[from] item: Leftovers\n|upkeep\n|turn|22\n|\n|t:|1781430150\n|switch|p2a: Azumarill|Azumarill, L82, M|136/298\n|move|p1a: Umbreon|Wish|p1a: Umbreon\n|\n|-heal|p2a: Azumarill|298/298|[from] move: Wish|[wisher] Farigiraf\n|-heal|p1a: Umbreon|247/297 par|[from] item: Leftovers\n|upkeep\n|turn|23\n|\n|t:|1781430153\n|move|p2a: Azumarill|Play Rough|p1a: Umbreon\n|-supereffective|p1a: Umbreon\n|-damage|p1a: Umbreon|0 fnt\n|faint|p1a: Umbreon\n|\n|upkeep\n|\n|t:|1781430164\n|switch|p1a: Great Tusk|Great Tusk, L77|304/304\n|-damage|p1a: Great Tusk|295/304|[from] Stealth Rock\n|-enditem|p1a: Great Tusk|Booster Energy\n|-activate|p1a: Great Tusk|ability: Protosynthesis|[fromitem]\n|-start|p1a: Great Tusk|protosynthesisatk\n|turn|24\n|\n|t:|1781430175\n|-terastallize|p1a: Great Tusk|Ground\n|move|p1a: Great Tusk|Bulk Up|p1a: Great Tusk\n|-boost|p1a: Great Tusk|atk|1\n|-boost|p1a: Great Tusk|def|1\n|move|p2a: Azumarill|Play Rough|p1a: Great Tusk\n|-damage|p1a: Great Tusk|202/304\n|\n|upkeep\n|turn|25\n|\n|t:|1781430183\n|move|p1a: Great Tusk|Bulk Up|p1a: Great Tusk\n|-boost|p1a: Great Tusk|atk|1\n|-boost|p1a: Great Tusk|def|1\n|move|p2a: Azumarill|Play Rough|p1a: Great Tusk\n|-damage|p1a: Great Tusk|139/304\n|\n|upkeep\n|turn|26\n|\n|t:|1781430194\n|switch|p2a: Heatran|Heatran, L79, M|191/273\n|move|p1a: Great Tusk|Earthquake|p2a: Heatran\n|-supereffective|p2a: Heatran\n|-damage|p2a: Heatran|0 fnt\n|faint|p2a: Heatran\n|\n|upkeep\n|\n|t:|1781430201\n|switch|p2a: Beartic|Beartic, L91, M|195/321\n|turn|27\n|\n|t:|1781430203\n|move|p2a: Beartic|Aqua Jet|p1a: Great Tusk\n|-supereffective|p1a: Great Tusk\n|-damage|p1a: Great Tusk|85/304\n|move|p1a: Great Tusk|Earthquake|p2a: Beartic\n|-damage|p2a: Beartic|0 fnt\n|faint|p2a: Beartic\n|\n|upkeep\n|\n|t:|1781430210\n|switch|p2a: Bronzong|Bronzong, L88|261/261\n|turn|28\n|\n|t:|1781430214\n|move|p1a: Great Tusk|Close Combat|p2a: Bronzong\n|-damage|p2a: Bronzong|0 fnt\n|-unboost|p1a: Great Tusk|def|1\n|-unboost|p1a: Great Tusk|spd|1\n|faint|p2a: Bronzong\n|\n|upkeep\n|\n|t:|1781430217\n|switch|p2a: Azumarill|Azumarill, L82, M|298/298\n|turn|29\n|\n|t:|1781430219\n|-terastallize|p2a: Azumarill|Water\n|move|p2a: Azumarill|Aqua Jet|p1a: Great Tusk\n|-supereffective|p1a: Great Tusk\n|-damage|p1a: Great Tusk|0 fnt\n|faint|p1a: Great Tusk\n|-end|p1a: Great Tusk|Protosynthesis|[silent]\n|\n|upkeep\n|\n|t:|1781430223\n|switch|p1a: Mandibuzz|Mandibuzz, L85, F|326/326\n|turn|30\n|\n|t:|1781430227\n|switch|p2a: Farigiraf|Farigiraf, L90, M|160/362 par\n|move|p1a: Mandibuzz|Knock Off|p2a: Farigiraf\n|-supereffective|p2a: Farigiraf\n|-damage|p2a: Farigiraf|0 fnt\n|-enditem|p2a: Farigiraf|Leftovers|[from] move: Knock Off|[of] p1a: Mandibuzz\n|faint|p2a: Farigiraf\n|\n|upkeep\n|\n|t:|1781430229\n|switch|p2a: Azumarill|Azumarill, L82, M, tera:Water|298/298\n|turn|31\n|\n|t:|1781430231\n|move|p1a: Mandibuzz|Toxic|p2a: Azumarill|[miss]\n|-miss|p1a: Mandibuzz|p2a: Azumarill\n|move|p2a: Azumarill|Play Rough|p1a: Mandibuzz\n|-supereffective|p1a: Mandibuzz\n|-damage|p1a: Mandibuzz|20/326\n|\n|upkeep\n|turn|32\n|\n|t:|1781430236\n|move|p1a: Mandibuzz|Toxic|p2a: Azumarill\n|-status|p2a: Azumarill|tox\n|move|p2a: Azumarill|Play Rough|p1a: Mandibuzz\n|-supereffective|p1a: Mandibuzz\n|-damage|p1a: Mandibuzz|0 fnt\n|faint|p1a: Mandibuzz\n|\n|win|hong hoornstaart\n", "uploadtime": 1781429902, "views": 5, "formatid": "gen9randombattle", "rating": null, "private": 0, "password": null}