{"id": "gen9randombattle-2631899182", "format": "[Gen 9] Random Battle", "players": ["MMF6G", "Profschnitzel"], "log": "|j|\u2606MMF6G\n|j|\u2606Profschnitzel\n|t:|1781453456\n|gametype|singles\n|player|p1|MMF6G|veteran|2017\n|player|p2|Profschnitzel|steven|2024\n|gen|9\n|tier|[Gen 9] Random Battle\n|rated|\n|rule|Species Clause: Limit one of each Pok\u00e9mon\n|rule|HP Percentage Mod: HP is shown in percentages\n|rule|Sleep Clause Mod: Limit one foe put to sleep\n|rule|Illusion Level Mod: Illusion disguises the Pok\u00e9mon's true level\n|\n|t:|1781453456\n|teamsize|p1|6\n|teamsize|p2|6\n|start\n|switch|p1a: Malamar|Malamar, L82, F|275/275\n|switch|p2a: Noivern|Noivern, L82, M|274/274\n|turn|1\n|inactive|Battle timer is ON: inactive players will automatically lose when time's up. (requested by Profschnitzel)\n|inactive|MMF6G also wants the timer to be on.\n|\n|t:|1781453472\n|switch|p1a: Uxie|Uxie, L83|260/260\n|move|p2a: Noivern|U-turn|p1a: Uxie\n|-supereffective|p1a: Uxie\n|-damage|p1a: Uxie|198/260\n|\n|t:|1781453476\n|switch|p2a: Mandibuzz|Mandibuzz, L85, F|326/326|[from] U-turn\n|\n|-heal|p1a: Uxie|214/260|[from] item: Leftovers\n|upkeep\n|turn|2\n|\n|t:|1781453482\n|move|p1a: Uxie|U-turn|p2a: Mandibuzz\n|-damage|p2a: Mandibuzz|287/326\n|\n|t:|1781453488\n|switch|p1a: Camerupt|Camerupt, L91, M|275/275|[from] U-turn\n|move|p2a: Mandibuzz|Toxic|p1a: Camerupt\n|-status|p1a: Camerupt|tox\n|\n|-damage|p1a: Camerupt|258/275 tox|[from] psn\n|upkeep\n|turn|3\n|\n|t:|1781453505\n|move|p2a: Mandibuzz|Knock Off|p1a: Camerupt\n|-damage|p1a: Camerupt|171/275 tox\n|-enditem|p1a: Camerupt|Leftovers|[from] move: Knock Off|[of] p2a: Mandibuzz\n|move|p1a: Camerupt|Stealth Rock|p2a: Mandibuzz\n|-sidestart|p2: Profschnitzel|move: Stealth Rock\n|\n|-damage|p1a: Camerupt|137/275 tox|[from] psn\n|upkeep\n|turn|4\n|\n|t:|1781453515\n|move|p2a: Mandibuzz|Brave Bird|p1a: Camerupt\n|-damage|p1a: Camerupt|34/275 tox\n|-damage|p2a: Mandibuzz|253/326|[from] Recoil\n|move|p1a: Camerupt|Will-O-Wisp|p2a: Mandibuzz|[miss]\n|-miss|p1a: Camerupt|p2a: Mandibuzz\n|\n|-damage|p1a: Camerupt|0 fnt|[from] psn\n|faint|p1a: Camerupt\n|upkeep\n|\n|t:|1781453535\n|switch|p1a: Drifblim|Drifblim, L86, F|396/396\n|turn|5\n|\n|t:|1781453540\n|move|p1a: Drifblim|Calm Mind|p1a: Drifblim\n|-boost|p1a: Drifblim|spa|1\n|-boost|p1a: Drifblim|spd|1\n|move|p2a: Mandibuzz|Toxic|p1a: Drifblim\n|-status|p1a: Drifblim|tox\n|\n|-damage|p1a: Drifblim|372/396 tox|[from] psn\n|upkeep\n|turn|6\n|\n|t:|1781453553\n|move|p1a: Drifblim|Calm Mind|p1a: Drifblim\n|-boost|p1a: Drifblim|spa|1\n|-boost|p1a: Drifblim|spd|1\n|move|p2a: Mandibuzz|Knock Off|p1a: Drifblim\n|-supereffective|p1a: Drifblim\n|-damage|p1a: Drifblim|118/396 tox\n|-enditem|p1a: Drifblim|Sitrus Berry|[from] move: Knock Off|[of] p2a: Mandibuzz\n|\n|-damage|p1a: Drifblim|70/396 tox|[from] psn\n|upkeep\n|turn|7\n|\n|t:|1781453568\n|switch|p2a: Revavroom|Revavroom, L79, F|256/256\n|-damage|p2a: Revavroom|240/256|[from] Stealth Rock\n|move|p1a: Drifblim|Strength Sap|p2a: Revavroom\n|-unboost|p2a: Revavroom|atk|1\n|-heal|p1a: Drifblim|304/396 tox\n|\n|-damage|p1a: Drifblim|232/396 tox|[from] psn\n|upkeep\n|turn|8\n|\n|t:|1781453578\n|move|p1a: Drifblim|Shadow Ball|p2a: Revavroom\n|-damage|p2a: Revavroom|15/256\n|move|p2a: Revavroom|Shift Gear|p2a: Revavroom\n|-boost|p2a: Revavroom|spe|2\n|-boost|p2a: Revavroom|atk|1\n|\n|-damage|p1a: Drifblim|136/396 tox|[from] psn\n|upkeep\n|turn|9\n|\n|t:|1781453585\n|move|p2a: Revavroom|Iron Head|p1a: Drifblim\n|-damage|p1a: Drifblim|0 fnt\n|faint|p1a: Drifblim\n|-damage|p2a: Revavroom|0 fnt|[from] item: Life Orb\n|faint|p2a: Revavroom\n|\n|upkeep\n|\n|t:|1781453592\n|switch|p2a: Abomasnow|Abomasnow, L84, F|287/287\n|switch|p1a: Malamar|Malamar, L82, F|275/275\n|-damage|p2a: Abomasnow|216/287|[from] Stealth Rock\n|-weather|Snowscape|[from] ability: Snow Warning|[of] p2a: Abomasnow\n|turn|10\n|\n|t:|1781453599\n|move|p1a: Malamar|Superpower|p2a: Abomasnow\n|-supereffective|p2a: Abomasnow\n|-damage|p2a: Abomasnow|92/287\n|-boost|p1a: Malamar|atk|1\n|-boost|p1a: Malamar|def|1\n|move|p2a: Abomasnow|Aurora Veil|p2a: Abomasnow\n|-sidestart|p2: Profschnitzel|move: Aurora Veil\n|\n|-weather|Snowscape|[upkeep]\n|upkeep\n|turn|11\n|\n|t:|1781453605\n|move|p1a: Malamar|Superpower|p2a: Abomasnow\n|-supereffective|p2a: Abomasnow\n|-damage|p2a: Abomasnow|6/287\n|-boost|p1a: Malamar|atk|1\n|-boost|p1a: Malamar|def|1\n|move|p2a: Abomasnow|Blizzard|p1a: Malamar\n|-damage|p1a: Malamar|145/275\n|\n|-weather|Snowscape|[upkeep]\n|upkeep\n|turn|12\n|\n|t:|1781453609\n|move|p1a: Malamar|Superpower|p2a: Abomasnow\n|-supereffective|p2a: Abomasnow\n|-damage|p2a: Abomasnow|0 fnt\n|-boost|p1a: Malamar|atk|1\n|-boost|p1a: Malamar|def|1\n|faint|p2a: Abomasnow\n|\n|-weather|Snowscape|[upkeep]\n|upkeep\n|\n|t:|1781453611\n|switch|p2a: Sunflora|Sunflora, M|312/312\n|-damage|p2a: Sunflora|273/312|[from] Stealth Rock\n|turn|13\n|\n|t:|1781453621\n|-terastallize|p1a: Malamar|Poison\n|move|p1a: Malamar|Knock Off|p2a: Sunflora\n|-damage|p2a: Sunflora|135/312\n|-enditem|p2a: Sunflora|Life Orb|[from] move: Knock Off|[of] p1a: Malamar\n|move|p2a: Sunflora|Sunny Day|p2a: Sunflora\n|-weather|SunnyDay\n|\n|-weather|SunnyDay|[upkeep]\n|upkeep\n|turn|14\n|\n|t:|1781453630\n|switch|p1a: Uxie|Uxie, L83|214/260\n|move|p2a: Sunflora|Earth Power|p1a: Uxie\n|-immune|p1a: Uxie|[from] ability: Levitate\n|\n|-weather|SunnyDay|[upkeep]\n|-heal|p1a: Uxie|230/260|[from] item: Leftovers\n|upkeep\n|turn|15\n|\n|t:|1781453634\n|move|p2a: Sunflora|Weather Ball|p1a: Uxie\n|-damage|p1a: Uxie|111/260\n|move|p1a: Uxie|Thunder Wave|p2a: Sunflora\n|-status|p2a: Sunflora|par\n|\n|-weather|SunnyDay|[upkeep]\n|-heal|p1a: Uxie|127/260|[from] item: Leftovers\n|upkeep\n|turn|16\n|\n|t:|1781453639\n|move|p1a: Uxie|Psychic Noise|p2a: Sunflora\n|-damage|p2a: Sunflora|105/312 par\n|-start|p2a: Sunflora|move: Heal Block\n|move|p2a: Sunflora|Solar Beam||[still]\n|-prepare|p2a: Sunflora|Solar Beam\n|-anim|p2a: Sunflora|Solar Beam|p1a: Uxie\n|-damage|p1a: Uxie|0 fnt\n|faint|p1a: Uxie\n|\n|-weather|SunnyDay|[upkeep]\n|upkeep\n|\n|t:|1781453650\n|switch|p1a: Talonflame|Talonflame, L83, F|265/265\n|turn|17\n|\n|t:|1781453653\n|move|p1a: Talonflame|Swords Dance|p1a: Talonflame\n|-boost|p1a: Talonflame|atk|2\n|move|p2a: Sunflora|Weather Ball|p1a: Talonflame\n|-resisted|p1a: Talonflame\n|-damage|p1a: Talonflame|176/265\n|\n|-weather|none\n|-end|p2a: Sunflora|move: Heal Block\n|-sideend|p2: Profschnitzel|move: Aurora Veil\n|upkeep\n|turn|18\n|\n|t:|1781453671\n|switch|p2a: Mandibuzz|Mandibuzz, L85, F|253/326\n|move|p1a: Talonflame|Swords Dance|p1a: Talonflame\n|-boost|p1a: Talonflame|atk|2\n|\n|upkeep\n|turn|19\n|\n|t:|1781453680\n|move|p1a: Talonflame|Brave Bird|p2a: Mandibuzz\n|-damage|p2a: Mandibuzz|0 fnt\n|faint|p2a: Mandibuzz\n|-damage|p1a: Talonflame|93/265|[from] Recoil\n|\n|upkeep\n|\n|t:|1781453686\n|switch|p2a: Noivern|Noivern, L82, M|274/274\n|-damage|p2a: Noivern|206/274|[from] Stealth Rock\n|turn|20\n|\n|t:|1781453689\n|move|p1a: Talonflame|Brave Bird|p2a: Noivern\n|-damage|p2a: Noivern|0 fnt\n|faint|p2a: Noivern\n|-damage|p1a: Talonflame|25/265|[from] Recoil\n|\n|upkeep\n|\n|t:|1781453692\n|switch|p2a: Sunflora|Sunflora, M|105/312 par\n|-damage|p2a: Sunflora|66/312 par|[from] Stealth Rock\n|turn|21\n|\n|t:|1781453699\n|move|p1a: Talonflame|Brave Bird|p2a: Sunflora\n|-supereffective|p2a: Sunflora\n|-damage|p2a: Sunflora|0 fnt\n|faint|p2a: Sunflora\n|-damage|p1a: Talonflame|3/265|[from] Recoil\n|\n|upkeep\n|\n|t:|1781453702\n|switch|p2a: Falinks|Falinks, L84|246/246\n|-damage|p2a: Falinks|231/246|[from] Stealth Rock\n|turn|22\n|\n|t:|1781453705\n|-terastallize|p2a: Falinks|Dark\n|move|p1a: Talonflame|Brave Bird|p2a: Falinks\n|-damage|p2a: Falinks|0 fnt\n|faint|p2a: Falinks\n|-damage|p1a: Talonflame|0 fnt|[from] Recoil\n|faint|p1a: Talonflame\n|\n|win|MMF6G\n", "inputlog": ">version a8376a258c1d4662feba110a92103f3664a72141\n>start {\"formatid\":\"gen9randombattle\",\"seed\":\"sodium,f1efd802a5226c44174326c7207ba03e\",\"rated\":\"Rated battle\"}\n>player p1 {\"name\":\"MMF6G\",\"avatar\":\"veteran\",\"rating\":2017,\"seed\":\"sodium,4a898348ec9ef81689c707d1d014fa3a\"}\n>player p2 {\"name\":\"Profschnitzel\",\"avatar\":\"steven\",\"rating\":2024,\"seed\":\"sodium,a863ac15b141fe53ac98cf5b95aae79f\"}\n>p1 switch 6\n>p2 move uturn\n>p2 switch 2\n>p1 move uturn\n>p2 move toxic\n>p1 switch 2\n>p1 move stealthrock\n>p2 move knockoff\n>p1 move willowisp\n>p2 move bravebird\n>p1 switch 4\n>p1 move calmmind\n>p2 move toxic\n>p1 move calmmind\n>p2 move knockoff\n>p1 move strengthsap\n>p2 switch 3\n>p1 move shadowball\n>p2 move shiftgear\n>p1 move shadowball\n>p2 move ironhead\n>p1 switch 6\n>p2 switch 4\n>p1 move superpower\n>p2 move auroraveil\n>p1 move superpower\n>p2 move blizzard\n>p1 move superpower\n>p2 move blizzard\n>p2 switch 6\n>p1 move knockoff terastallize\n>p2 move sunnyday\n>p1 switch 2\n>p2 move earthpower\n>p1 move thunderwave\n>p2 move weatherball\n>p1 move psychicnoise\n>p2 move solarbeam\n>p1 switch 3\n>p1 move swordsdance\n>p2 move weatherball\n>p1 move swordsdance\n>p2 switch 3\n>p1 move bravebird\n>p2 move bravebird\n>p2 switch 2\n>p1 move bravebird\n>p2 move boomburst\n>p2 switch 3\n>p1 move bravebird\n>p2 move earthpower\n>p2 switch 5\n>p1 move bravebird\n>p2 move noretreat terastallize", "uploadtime": 1781453458, "views": 4, "formatid": "gen9randombattle", "rating": null, "private": 0, "password": null}