{"id": "gen9randombattle-2631513715", "format": "[Gen 9] Random Battle", "players": ["Poopoo mcnuts", "bigolron"], "log": "|j|\u203dPoopoo mcnuts\n|j|\u2606bigolron\n|t:|1781394871\n|gametype|singles\n|player|p1|Poopoo mcnuts|koga|1911\n|player|p2|bigolron|mars|1908\n|gen|9\n|tier|[Gen 9] Random Battle\n|rated|\n|rule|Species Clause: Limit one of each Pok\u00e9mon\n|rule|HP Percentage Mod: HP is shown in percentages\n|rule|Sleep Clause Mod: Limit one foe put to sleep\n|rule|Illusion Level Mod: Illusion disguises the Pok\u00e9mon's true level\n|\n|t:|1781394871\n|teamsize|p1|6\n|teamsize|p2|6\n|start\n|switch|p1a: Hatterene|Hatterene, L85, F|236/236\n|switch|p2a: Forretress|Forretress, L84, F|263/263\n|turn|1\n|\n|t:|1781394887\n|switch|p2a: Dusknoir|Dusknoir, L89, M|225/225\n|-item|p1a: Hatterene|Leftovers|[from] ability: Frisk|[of] p2a: Dusknoir\n|move|p1a: Hatterene|Mystical Fire|p2a: Dusknoir\n|-damage|p2a: Dusknoir|180/225\n|-unboost|p2a: Dusknoir|spa|1\n|\n|-heal|p2a: Dusknoir|194/225|[from] item: Leftovers\n|upkeep\n|turn|2\n|\n|t:|1781394906\n|move|p2a: Dusknoir|Poltergeist|p1a: Hatterene\n|-activate|p1a: Hatterene|move: Poltergeist|Leftovers\n|-supereffective|p1a: Hatterene\n|-damage|p1a: Hatterene|0 fnt\n|faint|p1a: Hatterene\n|\n|-heal|p2a: Dusknoir|208/225|[from] item: Leftovers\n|upkeep\n|\n|t:|1781394918\n|switch|p1a: Chi-Yu|Chi-Yu, L77|211/211\n|-ability|p1a: Chi-Yu|Beads of Ruin\n|turn|3\n|\n|t:|1781394923\n|switch|p2a: Scrafty|Scrafty, L83, F|244/244\n|-ability|p2a: Scrafty|Intimidate|boost\n|-unboost|p1a: Chi-Yu|atk|1\n|move|p1a: Chi-Yu|Dark Pulse|p2a: Scrafty\n|-resisted|p2a: Scrafty\n|-damage|p2a: Scrafty|209/244\n|\n|-heal|p2a: Scrafty|224/244|[from] item: Leftovers\n|upkeep\n|turn|4\n|\n|t:|1781394935\n|switch|p1a: Espeon|Espeon, L84, F|246/246\n|move|p2a: Scrafty|Knock Off|p1a: Espeon\n|-supereffective|p1a: Espeon\n|-damage|p1a: Espeon|12/246\n|-enditem|p1a: Espeon|Choice Specs|[from] move: Knock Off|[of] p2a: Scrafty\n|\n|-heal|p2a: Scrafty|239/244|[from] item: Leftovers\n|upkeep\n|turn|5\n|\n|t:|1781394944\n|switch|p2a: Ampharos|Ampharos, L88, F|302/302\n|move|p1a: Espeon|Alluring Voice|p2a: Ampharos\n|-damage|p2a: Ampharos|256/302\n|\n|upkeep\n|turn|6\n|\n|t:|1781394950\n|switch|p1a: Excadrill|Excadrill, L79, M|303/303\n|-ability|p1a: Excadrill|Mold Breaker\n|move|p2a: Ampharos|Volt Switch|p1a: Excadrill\n|-immune|p1a: Excadrill\n|\n|upkeep\n|turn|7\n|\n|t:|1781394962\n|switch|p2a: Talonflame|Talonflame, L83, F|265/265\n|move|p1a: Excadrill|Earthquake|p2a: Talonflame\n|-immune|p2a: Talonflame\n|\n|upkeep\n|turn|8\n|\n|t:|1781394966\n|switch|p1a: Toxtricity|Toxtricity, L82, M|257/257\n|move|p2a: Talonflame|Overheat|p1a: Toxtricity\n|-damage|p1a: Toxtricity|119/257\n|-unboost|p2a: Talonflame|spa|2\n|\n|upkeep\n|turn|9\n|\n|t:|1781394973\n|switch|p2a: Ampharos|Ampharos, L88, F|256/302\n|move|p1a: Toxtricity|Volt Switch|p2a: Ampharos\n|-resisted|p2a: Ampharos\n|-damage|p2a: Ampharos|219/302\n|\n|t:|1781394980\n|switch|p1a: Excadrill|Excadrill, L79, M|303/303|[from] Volt Switch\n|-ability|p1a: Excadrill|Mold Breaker\n|\n|upkeep\n|turn|10\n|\n|t:|1781394986\n|move|p1a: Excadrill|Earthquake|p2a: Ampharos\n|-supereffective|p2a: Ampharos\n|-damage|p2a: Ampharos|0 fnt\n|faint|p2a: Ampharos\n|\n|upkeep\n|\n|t:|1781394994\n|switch|p2a: Salazzle|Salazzle, L83, F|249/249\n|turn|11\n|\n|t:|1781395012\n|move|p2a: Salazzle|Substitute|p2a: Salazzle\n|-start|p2a: Salazzle|Substitute\n|-damage|p2a: Salazzle|187/249\n|move|p1a: Excadrill|Earthquake|p2a: Salazzle\n|-supereffective|p2a: Salazzle\n|-end|p2a: Salazzle|Substitute\n|\n|-heal|p2a: Salazzle|202/249|[from] item: Leftovers\n|upkeep\n|turn|12\n|\n|t:|1781395017\n|switch|p2a: Talonflame|Talonflame, L83, F|265/265\n|move|p1a: Excadrill|Rapid Spin|p2a: Talonflame\n|-damage|p2a: Talonflame|218/265\n|-boost|p1a: Excadrill|spe|1\n|\n|upkeep\n|turn|13\n|\n|t:|1781395033\n|switch|p1a: Espeon|Espeon, L84, F|12/246\n|move|p2a: Talonflame|Overheat|p1a: Espeon|[miss]\n|-miss|p2a: Talonflame|p1a: Espeon\n|\n|upkeep\n|turn|14\n|\n|t:|1781395042\n|move|p2a: Talonflame|Brave Bird|p1a: Espeon\n|-damage|p1a: Espeon|0 fnt\n|faint|p1a: Espeon\n|-damage|p2a: Talonflame|214/265|[from] Recoil\n|\n|upkeep\n|\n|t:|1781395047\n|switch|p1a: Chi-Yu|Chi-Yu, L77|211/211\n|-ability|p1a: Chi-Yu|Beads of Ruin\n|turn|15\n|\n|t:|1781395059\n|move|p2a: Talonflame|Brave Bird|p1a: Chi-Yu\n|-damage|p1a: Chi-Yu|79/211\n|-damage|p2a: Talonflame|170/265|[from] Recoil\n|move|p1a: Chi-Yu|Overheat|p2a: Talonflame\n|-resisted|p2a: Talonflame\n|-damage|p2a: Talonflame|0 fnt\n|-unboost|p1a: Chi-Yu|spa|2\n|faint|p2a: Talonflame\n|\n|upkeep\n|\n|t:|1781395061\n|switch|p2a: Scrafty|Scrafty, L83, F|239/244\n|-ability|p2a: Scrafty|Intimidate|boost\n|-unboost|p1a: Chi-Yu|atk|1\n|turn|16\n|\n|t:|1781395072\n|switch|p1a: Toxtricity|Toxtricity, L82, M|119/257\n|move|p2a: Scrafty|Dragon Dance|p2a: Scrafty\n|-boost|p2a: Scrafty|atk|1\n|-boost|p2a: Scrafty|spe|1\n|\n|-heal|p2a: Scrafty|244/244|[from] item: Leftovers\n|upkeep\n|turn|17\n|\n|t:|1781395077\n|move|p2a: Scrafty|Knock Off|p1a: Toxtricity\n|-damage|p1a: Toxtricity|0 fnt\n|-enditem|p1a: Toxtricity|Choice Specs|[from] move: Knock Off|[of] p2a: Scrafty\n|faint|p1a: Toxtricity\n|\n|upkeep\n|\n|t:|1781395081\n|switch|p1a: Excadrill|Excadrill, L79, M|303/303\n|-ability|p1a: Excadrill|Mold Breaker\n|turn|18\n|\n|t:|1781395084\n|-terastallize|p1a: Excadrill|Grass\n|move|p2a: Scrafty|Drain Punch|p1a: Excadrill\n|-damage|p1a: Excadrill|146/303\n|move|p1a: Excadrill|Rapid Spin|p2a: Scrafty\n|-damage|p2a: Scrafty|212/244\n|-boost|p1a: Excadrill|spe|1\n|\n|-heal|p1a: Excadrill|164/303|[from] item: Leftovers\n|-heal|p2a: Scrafty|227/244|[from] item: Leftovers\n|upkeep\n|turn|19\n|\n|t:|1781395090\n|move|p1a: Excadrill|Iron Head|p2a: Scrafty\n|-damage|p2a: Scrafty|149/244\n|cant|p2a: Scrafty|flinch\n|\n|-heal|p1a: Excadrill|182/303|[from] item: Leftovers\n|-heal|p2a: Scrafty|164/244|[from] item: Leftovers\n|upkeep\n|turn|20\n|\n|t:|1781395095\n|move|p1a: Excadrill|Iron Head|p2a: Scrafty\n|-damage|p2a: Scrafty|83/244\n|move|p2a: Scrafty|Poison Jab|p1a: Excadrill\n|-supereffective|p1a: Excadrill\n|-damage|p1a: Excadrill|0 fnt\n|faint|p1a: Excadrill\n|\n|-heal|p2a: Scrafty|98/244|[from] item: Leftovers\n|upkeep\n|\n|t:|1781395101\n|switch|p1a: Chien-Pao|Chien-Pao, L72|234/234\n|-ability|p1a: Chien-Pao|Sword of Ruin\n|turn|21\n|\n|t:|1781395104\n|-terastallize|p2a: Scrafty|Poison\n|move|p1a: Chien-Pao|Ice Shard|p2a: Scrafty\n|-damage|p2a: Scrafty|56/244\n|move|p2a: Scrafty|Drain Punch|p1a: Chien-Pao\n|-supereffective|p1a: Chien-Pao\n|-damage|p1a: Chien-Pao|0 fnt\n|-heal|p2a: Scrafty|173/244|[from] drain|[of] p1a: Chien-Pao\n|faint|p1a: Chien-Pao\n|\n|-heal|p2a: Scrafty|188/244|[from] item: Leftovers\n|upkeep\n|-message|Poopoo mcnuts forfeited.\n|\n|win|bigolron\n", "uploadtime": 1781394872, "views": 3, "formatid": "gen9randombattle", "rating": null, "private": 0, "password": null}