{"id": "gen9randombattle-2631502422", "format": "[Gen 9] Random Battle", "players": ["crustlemuscle", "Meowerdoom"], "log": "|j|\u2606crustlemuscle\n|j|\u2606Meowerdoom\n|t:|1781393293\n|gametype|singles\n|player|p1|crustlemuscle|102|1976\n|player|p2|Meowerdoom|burgh|2103\n|gen|9\n|tier|[Gen 9] Random Battle\n|rated|\n|rule|Species Clause: Limit one of each Pok\u00e9mon\n|rule|HP Percentage Mod: HP is shown in percentages\n|rule|Sleep Clause Mod: Limit one foe put to sleep\n|rule|Illusion Level Mod: Illusion disguises the Pok\u00e9mon's true level\n|\n|t:|1781393293\n|teamsize|p1|6\n|teamsize|p2|6\n|start\n|switch|p1a: Pyroar|Pyroar, L88, F|295/295\n|switch|p2a: Luvdisc|Luvdisc, F|247/247\n|-ability|p1a: Pyroar|Unnerve\n|turn|1\n|\n|t:|1781393316\n|switch|p1a: Exeggutor|Exeggutor-Alola, L89, F|314/314\n|move|p2a: Luvdisc|Surf|p1a: Exeggutor\n|-resisted|p1a: Exeggutor\n|-damage|p1a: Exeggutor|295/314\n|\n|upkeep\n|turn|2\n|\n|t:|1781393334\n|move|p2a: Luvdisc|Substitute|p2a: Luvdisc\n|-start|p2a: Luvdisc|Substitute\n|-damage|p2a: Luvdisc|186/247\n|move|p1a: Exeggutor|Calm Mind|p1a: Exeggutor\n|-boost|p1a: Exeggutor|spa|1\n|-boost|p1a: Exeggutor|spd|1\n|\n|upkeep\n|turn|3\n|\n|t:|1781393340\n|move|p2a: Luvdisc|Whirlpool|p1a: Exeggutor\n|-resisted|p1a: Exeggutor\n|-damage|p1a: Exeggutor|290/314\n|-activate|p1a: Exeggutor|move: Whirlpool|[of] p2a: Luvdisc\n|move|p1a: Exeggutor|Giga Drain|p2a: Luvdisc\n|-supereffective|p2a: Luvdisc\n|-end|p2a: Luvdisc|Substitute\n|-heal|p1a: Exeggutor|314/314|[from] drain|[of] p2a: Luvdisc\n|\n|-damage|p1a: Exeggutor|275/314|[from] move: Whirlpool|[partiallytrapped]\n|upkeep\n|turn|4\n|\n|t:|1781393351\n|move|p2a: Luvdisc|Substitute|p2a: Luvdisc\n|-start|p2a: Luvdisc|Substitute\n|-damage|p2a: Luvdisc|125/247\n|move|p1a: Exeggutor|Giga Drain|p2a: Luvdisc\n|-supereffective|p2a: Luvdisc\n|-end|p2a: Luvdisc|Substitute\n|-heal|p1a: Exeggutor|306/314|[from] drain|[of] p2a: Luvdisc\n|\n|-damage|p1a: Exeggutor|267/314|[from] move: Whirlpool|[partiallytrapped]\n|upkeep\n|turn|5\n|\n|t:|1781393360\n|move|p2a: Luvdisc|Substitute|p2a: Luvdisc\n|-start|p2a: Luvdisc|Substitute\n|-damage|p2a: Luvdisc|64/247\n|move|p1a: Exeggutor|Giga Drain|p2a: Luvdisc\n|-supereffective|p2a: Luvdisc\n|-end|p2a: Luvdisc|Substitute\n|-heal|p1a: Exeggutor|298/314|[from] drain|[of] p2a: Luvdisc\n|\n|-damage|p1a: Exeggutor|259/314|[from] move: Whirlpool|[partiallytrapped]\n|upkeep\n|turn|6\n|\n|t:|1781393368\n|move|p2a: Luvdisc|Substitute|p2a: Luvdisc\n|-start|p2a: Luvdisc|Substitute\n|-damage|p2a: Luvdisc|3/247\n|move|p1a: Exeggutor|Giga Drain|p2a: Luvdisc\n|-supereffective|p2a: Luvdisc\n|-end|p2a: Luvdisc|Substitute\n|-heal|p1a: Exeggutor|290/314|[from] drain|[of] p2a: Luvdisc\n|\n|-damage|p1a: Exeggutor|251/314|[from] move: Whirlpool|[partiallytrapped]\n|upkeep\n|turn|7\n|\n|t:|1781393394\n|switch|p2a: Bombirdier|Bombirdier, L85, F|258/258\n|move|p1a: Exeggutor|Giga Drain|p2a: Bombirdier\n|-resisted|p2a: Bombirdier\n|-damage|p2a: Bombirdier|177/258\n|-heal|p1a: Exeggutor|292/314|[from] drain|[of] p2a: Bombirdier\n|\n|-end|p1a: Exeggutor|Whirlpool|[partiallytrapped]|[silent]\n|upkeep\n|turn|8\n|\n|t:|1781393412\n|switch|p1a: Copperajah|Copperajah, L86, M|349/349\n|move|p2a: Bombirdier|Brave Bird|p1a: Copperajah\n|-resisted|p1a: Copperajah\n|-damage|p1a: Copperajah|269/349\n|-damage|p2a: Bombirdier|151/258|[from] Recoil\n|\n|upkeep\n|turn|9\n|\n|t:|1781393421\n|move|p2a: Bombirdier|U-turn|p1a: Copperajah\n|-resisted|p1a: Copperajah\n|-damage|p1a: Copperajah|237/349\n|\n|t:|1781393423\n|switch|p2a: Kricketune|Kricketune, L99, M|312/312|[from] U-turn\n|move|p1a: Copperajah|Heavy Slam|p2a: Kricketune\n|-damage|p2a: Kricketune|6/312\n|\n|upkeep\n|turn|10\n|\n|t:|1781393430\n|move|p2a: Kricketune|Sticky Web|p1a: Copperajah\n|-sidestart|p1: crustlemuscle|move: Sticky Web\n|move|p1a: Copperajah|Heavy Slam|p2a: Kricketune\n|-damage|p2a: Kricketune|0 fnt\n|faint|p2a: Kricketune\n|\n|upkeep\n|\n|t:|1781393435\n|switch|p2a: Swanna|Swanna, L89, M|278/278\n|turn|11\n|\n|t:|1781393441\n|switch|p1a: Gyarados|Gyarados, L79, M|280/280\n|-ability|p1a: Gyarados|Intimidate|boost\n|-unboost|p2a: Swanna|atk|1\n|move|p2a: Swanna|Hydro Pump|p1a: Gyarados\n|-resisted|p1a: Gyarados\n|-damage|p1a: Gyarados|220/280\n|\n|upkeep\n|turn|12\n|\n|t:|1781393459\n|switch|p2a: Klawf|Klawf, L90, M|272/272\n|move|p1a: Gyarados|Dragon Dance|p1a: Gyarados\n|-boost|p1a: Gyarados|atk|1\n|-boost|p1a: Gyarados|spe|1\n|\n|upkeep\n|turn|13\n|\n|t:|1781393471\n|move|p1a: Gyarados|Waterfall|p2a: Klawf\n|-supereffective|p2a: Klawf\n|-damage|p2a: Klawf|74/272\n|-ability|p2a: Klawf|Anger Shell|boost\n|-boost|p2a: Klawf|atk|1\n|-boost|p2a: Klawf|spa|1\n|-boost|p2a: Klawf|spe|1\n|-unboost|p2a: Klawf|def|1\n|-unboost|p2a: Klawf|spd|1\n|move|p2a: Klawf|Swords Dance|p2a: Klawf\n|-boost|p2a: Klawf|atk|2\n|\n|upkeep\n|turn|14\n|\n|t:|1781393486\n|switch|p1a: Copperajah|Copperajah, L86, M|237/349\n|-activate|p1a: Copperajah|move: Sticky Web\n|-unboost|p1a: Copperajah|spe|1\n|move|p2a: Klawf|Knock Off|p1a: Copperajah\n|-damage|p1a: Copperajah|11/349\n|-enditem|p1a: Copperajah|Choice Band|[from] move: Knock Off|[of] p2a: Klawf\n|\n|upkeep\n|turn|15\n|\n|t:|1781393494\n|move|p2a: Klawf|Knock Off|p1a: Copperajah\n|-damage|p1a: Copperajah|0 fnt\n|faint|p1a: Copperajah\n|\n|upkeep\n|\n|t:|1781393508\n|switch|p1a: Exeggutor|Exeggutor-Alola, L89, F|292/314\n|-activate|p1a: Exeggutor|move: Sticky Web\n|-unboost|p1a: Exeggutor|spe|1\n|turn|16\n|\n|t:|1781393514\n|move|p2a: Klawf|Stone Edge|p1a: Exeggutor\n|-damage|p1a: Exeggutor|0 fnt\n|faint|p1a: Exeggutor\n|\n|upkeep\n|\n|t:|1781393519\n|switch|p1a: Rhydon|Rhydon, L85, F|317/317\n|-activate|p1a: Rhydon|move: Sticky Web\n|-unboost|p1a: Rhydon|spe|1\n|turn|17\n|\n|t:|1781393537\n|-terastallize|p1a: Rhydon|Fairy\n|move|p2a: Klawf|Crabhammer|p1a: Rhydon\n|-damage|p1a: Rhydon|210/317\n|move|p1a: Rhydon|Earthquake|p2a: Klawf\n|-supereffective|p2a: Klawf\n|-damage|p2a: Klawf|0 fnt\n|faint|p2a: Klawf\n|\n|upkeep\n|\n|t:|1781393552\n|switch|p2a: Luvdisc|Luvdisc, F|3/247\n|turn|18\n|\n|t:|1781393558\n|move|p2a: Luvdisc|Endeavor|p1a: Rhydon\n|-damage|p1a: Rhydon|3/317\n|move|p1a: Rhydon|Earthquake|p2a: Luvdisc\n|-damage|p2a: Luvdisc|0 fnt\n|faint|p2a: Luvdisc\n|\n|upkeep\n|\n|t:|1781393580\n|switch|p2a: Bombirdier|Bombirdier, L85, F|151/258\n|turn|19\n|\n|t:|1781393582\n|move|p2a: Bombirdier|Knock Off|p1a: Rhydon\n|-resisted|p1a: Rhydon\n|-damage|p1a: Rhydon|0 fnt\n|-enditem|p1a: Rhydon|Eviolite|[from] move: Knock Off|[of] p2a: Bombirdier\n|faint|p1a: Rhydon\n|\n|upkeep\n|\n|t:|1781393588\n|switch|p1a: Gyarados|Gyarados, L79, M|220/280\n|-ability|p1a: Gyarados|Intimidate|boost\n|-unboost|p2a: Bombirdier|atk|1\n|turn|20\n|\n|t:|1781393599\n|move|p2a: Bombirdier|Brave Bird|p1a: Gyarados\n|-damage|p1a: Gyarados|121/280\n|-damage|p2a: Bombirdier|118/258|[from] Recoil\n|move|p1a: Gyarados|Dragon Dance|p1a: Gyarados\n|-boost|p1a: Gyarados|atk|1\n|-boost|p1a: Gyarados|spe|1\n|\n|upkeep\n|turn|21\n|\n|t:|1781393606\n|move|p1a: Gyarados|Waterfall|p2a: Bombirdier\n|-damage|p2a: Bombirdier|0 fnt\n|faint|p2a: Bombirdier\n|\n|upkeep\n|\n|t:|1781393614\n|switch|p2a: Muk|Muk, L86, M|321/321\n|turn|22\n|\n|t:|1781393617\n|-terastallize|p2a: Muk|Dark\n|move|p1a: Gyarados|Earthquake|p2a: Muk\n|-damage|p2a: Muk|198/321\n|move|p2a: Muk|Knock Off|p1a: Gyarados\n|-damage|p1a: Gyarados|0 fnt\n|-enditem|p1a: Gyarados|Heavy-Duty Boots|[from] move: Knock Off|[of] p2a: Muk\n|faint|p1a: Gyarados\n|\n|-heal|p2a: Muk|218/321|[from] item: Leftovers\n|upkeep\n|\n|t:|1781393629\n|switch|p1a: Ribombee|Ribombee, L83, F|235/235\n|turn|23\n|\n|t:|1781393633\n|move|p1a: Ribombee|Moonblast|p2a: Muk\n|-supereffective|p2a: Muk\n|-damage|p2a: Muk|54/321\n|move|p2a: Muk|Poison Jab|p1a: Ribombee\n|-supereffective|p1a: Ribombee\n|-damage|p1a: Ribombee|0 fnt\n|faint|p1a: Ribombee\n|\n|-heal|p2a: Muk|74/321|[from] item: Leftovers\n|upkeep\n|\n|t:|1781393641\n|switch|p1a: Pyroar|Pyroar, L88, F|295/295\n|-ability|p1a: Pyroar|Unnerve\n|turn|24\n|\n|t:|1781393647\n|move|p1a: Pyroar|Hyper Voice|p2a: Muk\n|-damage|p2a: Muk|0 fnt\n|faint|p2a: Muk\n|\n|upkeep\n|\n|t:|1781393648\n|switch|p2a: Swanna|Swanna, L89, M|278/278\n|turn|25\n|\n|t:|1781393653\n|move|p1a: Pyroar|Hyper Voice|p2a: Swanna\n|-damage|p2a: Swanna|146/278\n|move|p2a: Swanna|Hydro Pump|p1a: Pyroar\n|-supereffective|p1a: Pyroar\n|-crit|p1a: Pyroar\n|-damage|p1a: Pyroar|0 fnt\n|faint|p1a: Pyroar\n|\n|win|Meowerdoom\n", "inputlog": ">version a8376a258c1d4662feba110a92103f3664a72141\n>start {\"formatid\":\"gen9randombattle\",\"seed\":\"sodium,dbb7ef71129dc0e5603e3a8adfa9eded\",\"rated\":\"Rated battle\"}\n>player p1 {\"name\":\"crustlemuscle\",\"avatar\":\"102\",\"rating\":1976,\"seed\":\"sodium,4a9760f6b6f05625a963efdaf84f124c\"}\n>player p2 {\"name\":\"Meowerdoom\",\"avatar\":\"burgh\",\"rating\":2103,\"seed\":\"sodium,0d8d03b919a8d5f7284b6d5529145ed9\"}\n>p1 switch 3\n>p2 move surf\n>p1 move calmmind\n>p2 move substitute\n>p1 move gigadrain\n>p2 move whirlpool\n>p1 move gigadrain\n>p2 move substitute\n>p1 move gigadrain\n>p2 move substitute\n>p1 move gigadrain\n>p2 move substitute\n>p1 move gigadrain\n>p2 switch 5\n>p1 switch 5\n>p2 move bravebird\n>p1 move heavyslam\n>p2 move uturn\n>p2 switch 4\n>p1 move heavyslam\n>p2 move stickyweb\n>p2 switch 3\n>p1 switch 6\n>p2 move hydropump\n>p1 move dragondance\n>p2 switch 6\n>p1 move waterfall\n>p2 move swordsdance\n>p1 switch 6\n>p2 move knockoff\n>p1 move heavyslam\n>p2 move knockoff\n>p1 switch 5\n>p1 move gigadrain\n>p2 move stoneedge\n>p1 switch 4\n>p1 move earthquake terastallize\n>p2 move crabhammer\n>p2 switch 5\n>p1 move earthquake\n>p2 move endeavor\n>p2 switch 4\n>p1 move stealthrock\n>p2 move knockoff\n>p1 switch 6\n>p1 move dragondance\n>p2 move bravebird\n>p1 move waterfall\n>p2 move bravebird\n>p2 switch 2\n>p1 move earthquake\n>p2 move knockoff terastallize\n>p1 switch 2\n>p1 move moonblast\n>p2 move poisonjab\n>p1 switch 3\n>p1 move hypervoice\n>p2 move haze\n>p2 switch 6\n>p1 move hypervoice\n>p2 move hydropump", "uploadtime": 1781393296, "views": 5, "formatid": "gen9randombattle", "rating": null, "private": 0, "password": null}