{"id": "gen9randombattle-2631769092", "format": "[Gen 9] Random Battle", "players": ["lopunny luvr", "dc inversion"], "log": "|j|\u2606lopunny luvr\n|j|\u2606dc inversion\n|t:|1781436751\n|gametype|singles\n|player|p1|lopunny luvr|sailor|2104\n|player|p2|dc inversion|265|2154\n|gen|9\n|tier|[Gen 9] Random Battle\n|rated|\n|rule|Species Clause: Limit one of each Pok\u00e9mon\n|rule|HP Percentage Mod: HP is shown in percentages\n|rule|Sleep Clause Mod: Limit one foe put to sleep\n|rule|Illusion Level Mod: Illusion disguises the Pok\u00e9mon's true level\n|\n|t:|1781436751\n|teamsize|p1|6\n|teamsize|p2|6\n|start\n|switch|p1a: Sinistcha|Sinistcha, L83|254/254\n|switch|p2a: Gurdurr|Gurdurr, L85, M|283/283\n|turn|1\n|\n|t:|1781436783\n|move|p1a: Sinistcha|Calm Mind|p1a: Sinistcha\n|-boost|p1a: Sinistcha|spa|1\n|-boost|p1a: Sinistcha|spd|1\n|move|p2a: Gurdurr|Knock Off|p1a: Sinistcha\n|-supereffective|p1a: Sinistcha\n|-crit|p1a: Sinistcha\n|-damage|p1a: Sinistcha|64/254\n|-enditem|p1a: Sinistcha|Leftovers|[from] move: Knock Off|[of] p2a: Gurdurr\n|\n|upkeep\n|turn|2\n|inactive|Battle timer is ON: inactive players will automatically lose when time's up. (requested by lopunny luvr)\n|\n|t:|1781436796\n|switch|p2a: Masquerain|Masquerain, L87, M|264/264\n|-ability|p2a: Masquerain|Intimidate|boost\n|-unboost|p1a: Sinistcha|atk|1\n|move|p1a: Sinistcha|Strength Sap|p2a: Masquerain\n|-unboost|p2a: Masquerain|atk|1\n|-heal|p1a: Sinistcha|173/254\n|\n|upkeep\n|turn|3\n|inactive|lopunny luvr has 120 seconds left.\n|\n|t:|1781436831\n|switch|p1a: Mamoswine|Mamoswine, L81, F|311/311\n|move|p2a: Masquerain|Quiver Dance|p2a: Masquerain\n|-boost|p2a: Masquerain|spa|1\n|-boost|p2a: Masquerain|spd|1\n|-boost|p2a: Masquerain|spe|1\n|\n|upkeep\n|turn|4\n|inactive|lopunny luvr has 120 seconds left.\n|\n|t:|1781436855\n|switch|p1a: Copperajah|Copperajah, L86, M|350/350\n|-terastallize|p2a: Masquerain|Water\n|move|p2a: Masquerain|Hydro Pump|p1a: Copperajah\n|-damage|p1a: Copperajah|110/350\n|\n|upkeep\n|turn|5\n|\n|t:|1781436869\n|move|p2a: Masquerain|Hydro Pump|p1a: Copperajah\n|-damage|p1a: Copperajah|0 fnt\n|faint|p1a: Copperajah\n|\n|upkeep\n|j| HelloRaymond\n|inactive|lopunny luvr has 90 seconds left.\n|\n|t:|1781436890\n|switch|p1a: Golem|Golem-Alola, L93, F|300/300\n|turn|6\n|\n|t:|1781436895\n|-terastallize|p1a: Golem|Flying\n|move|p2a: Masquerain|Hydro Pump|p1a: Golem\n|-damage|p1a: Golem|89/300\n|move|p1a: Golem|Double-Edge|p2a: Masquerain\n|-supereffective|p2a: Masquerain\n|-damage|p2a: Masquerain|0 fnt\n|faint|p2a: Masquerain\n|-damage|p1a: Golem|2/300|[from] Recoil\n|-damage|p1a: Golem|0 fnt|[from] item: Life Orb\n|faint|p1a: Golem\n|\n|upkeep\n|inactive|lopunny luvr has 90 seconds left.\n|\n|t:|1781436919\n|switch|p2a: Spectrier|Spectrier, L75|274/274\n|switch|p1a: Necrozma|Necrozma-Dawn-Wings, L76|272/272\n|turn|7\n|inactive|lopunny luvr has 90 seconds left.\n|\n|t:|1781436938\n|switch|p1a: Mamoswine|Mamoswine, L81, F|311/311\n|move|p2a: Spectrier|Shadow Ball|p1a: Mamoswine\n|-damage|p1a: Mamoswine|151/311\n|-unboost|p1a: Mamoswine|spd|1\n|-damage|p2a: Spectrier|247/274|[from] item: Life Orb\n|\n|upkeep\n|turn|8\n|\n|t:|1781436942\n|move|p1a: Mamoswine|Ice Shard|p2a: Spectrier\n|-damage|p2a: Spectrier|139/274\n|move|p2a: Spectrier|Shadow Ball|p1a: Mamoswine\n|-damage|p1a: Mamoswine|0 fnt\n|faint|p1a: Mamoswine\n|-ability|p2a: Spectrier|Grim Neigh|boost\n|-boost|p2a: Spectrier|spa|1\n|-damage|p2a: Spectrier|112/274|[from] item: Life Orb\n|\n|upkeep\n|\n|t:|1781436945\n|switch|p1a: Kleavor|Kleavor, L78, M|237/237\n|turn|9\n|\n|t:|1781436949\n|move|p2a: Spectrier|Shadow Ball|p1a: Kleavor\n|-damage|p1a: Kleavor|0 fnt\n|faint|p1a: Kleavor\n|-ability|p2a: Spectrier|Grim Neigh|boost\n|-boost|p2a: Spectrier|spa|1\n|-damage|p2a: Spectrier|85/274|[from] item: Life Orb\n|\n|upkeep\n|-message|lopunny luvr forfeited.\n|\n|win|dc inversion\n", "inputlog": ">version a8376a258c1d4662feba110a92103f3664a72141\n>start {\"formatid\":\"gen9randombattle\",\"seed\":\"sodium,bc6b8c1e5199a40784f02d2678a98e35\",\"rated\":\"Rated battle\"}\n>player p1 {\"name\":\"lopunny luvr\",\"avatar\":\"sailor\",\"rating\":2104,\"seed\":\"sodium,4e1a76e854def37603b7d60c214605e3\"}\n>player p2 {\"name\":\"dc inversion\",\"avatar\":\"265\",\"rating\":2154,\"seed\":\"sodium,c359fc5550ac70a1a3b6c0d5965e5e0d\"}\n>p1 move calmmind\n>p2 move knockoff\n>p1 move strengthsap\n>p2 switch 6\n>p1 switch 4\n>p2 move quiverdance\n>p1 switch 3\n>p2 move hydropump terastallize\n>p1 move earthquake\n>p2 move hydropump\n>p1 switch 2\n>p1 move doubleedge terastallize\n>p2 move hydropump\n>p1 switch 6\n>p2 switch 2\n>p1 switch 3\n>p2 move shadowball\n>p1 move iceshard\n>p2 move shadowball\n>p1 switch 5\n>p1 move stoneaxe\n>p2 move shadowball\n>forcelose p1", "uploadtime": 1781436753, "views": 4, "formatid": "gen9randombattle", "rating": null, "private": 0, "password": null}