{"id": "gen9randombattle-2631471836", "format": "[Gen 9] Random Battle", "players": ["philschmil", "SteelixPrismGX"], "log": "|j|\u2606philschmil\n|j|\u2606SteelixPrismGX\n|t:|1781388988\n|gametype|singles\n|player|p1|philschmil|alder|1961\n|player|p2|SteelixPrismGX|siebold|2034\n|gen|9\n|tier|[Gen 9] Random Battle\n|rated|\n|rule|Species Clause: Limit one of each Pok\u00e9mon\n|rule|HP Percentage Mod: HP is shown in percentages\n|rule|Sleep Clause Mod: Limit one foe put to sleep\n|rule|Illusion Level Mod: Illusion disguises the Pok\u00e9mon's true level\n|\n|t:|1781388988\n|teamsize|p1|6\n|teamsize|p2|6\n|start\n|switch|p1a: Pecharunt|Pecharunt, L77|262/262\n|switch|p2a: Torkoal|Torkoal, L88, M|266/266\n|-weather|SunnyDay|[from] ability: Drought|[of] p2a: Torkoal\n|turn|1\n|inactive|Battle timer is ON: inactive players will automatically lose when time's up. (requested by philschmil)\n|\n|t:|1781389004\n|move|p1a: Pecharunt|Malignant Chain|p2a: Torkoal\n|-damage|p2a: Torkoal|181/266\n|-status|p2a: Torkoal|tox\n|-start|p2a: Torkoal|confusion|[from] ability: Poison Puppeteer|[of] p1a: Pecharunt\n|-activate|p2a: Torkoal|confusion\n|move|p2a: Torkoal|Lava Plume|p1a: Pecharunt\n|-damage|p1a: Pecharunt|126/262\n|\n|-weather|SunnyDay|[upkeep]\n|-heal|p1a: Pecharunt|142/262|[from] item: Leftovers\n|-damage|p2a: Torkoal|165/266 tox|[from] psn\n|upkeep\n|turn|2\n|\n|t:|1781389016\n|switch|p2a: Iron Crown|Iron Crown, L78|268/268\n|move|p1a: Pecharunt|Parting Shot|p2a: Iron Crown\n|-unboost|p2a: Iron Crown|atk|1\n|-unboost|p2a: Iron Crown|spa|1\n|\n|t:|1781389025\n|switch|p1a: Scizor|Scizor, L79, F|240/240|[from] Parting Shot\n|\n|-weather|SunnyDay|[upkeep]\n|upkeep\n|turn|3\n|\n|t:|1781389029\n|move|p2a: Iron Crown|Volt Switch|p1a: Scizor\n|-damage|p1a: Scizor|186/240\n|\n|t:|1781389034\n|-end|p2a: Iron Crown|Quark Drive|[silent]\n|switch|p2a: Torkoal|Torkoal, L88, M|165/266 tox|[from] Volt Switch\n|move|p1a: Scizor|Swords Dance|p1a: Scizor\n|-boost|p1a: Scizor|atk|2\n|\n|-weather|SunnyDay|[upkeep]\n|-damage|p2a: Torkoal|149/266 tox|[from] psn\n|upkeep\n|turn|4\n|\n|t:|1781389039\n|move|p1a: Scizor|Knock Off|p2a: Torkoal\n|-damage|p2a: Torkoal|10/266 tox\n|-enditem|p2a: Torkoal|Heavy-Duty Boots|[from] move: Knock Off|[of] p1a: Scizor\n|-damage|p1a: Scizor|162/240|[from] item: Life Orb\n|move|p2a: Torkoal|Lava Plume|p1a: Scizor\n|-supereffective|p1a: Scizor\n|-damage|p1a: Scizor|0 fnt\n|faint|p1a: Scizor\n|\n|-weather|SunnyDay|[upkeep]\n|-damage|p2a: Torkoal|0 fnt|[from] psn\n|faint|p2a: Torkoal\n|upkeep\n|\n|t:|1781389051\n|switch|p1a: Noctowl|Noctowl, L95, M|344/344\n|switch|p2a: Iron Crown|Iron Crown, L78|268/268\n|turn|5\n|\n|t:|1781389060\n|move|p2a: Iron Crown|Psyshock|p1a: Noctowl\n|-damage|p1a: Noctowl|175/344\n|move|p1a: Noctowl|Hyper Voice|p2a: Iron Crown\n|-resisted|p2a: Iron Crown\n|-damage|p2a: Iron Crown|170/268\n|\n|-weather|none\n|upkeep\n|turn|6\n|\n|t:|1781389066\n|move|p2a: Iron Crown|Psyshock|p1a: Noctowl\n|-damage|p1a: Noctowl|6/344\n|move|p1a: Noctowl|Roost|p1a: Noctowl\n|-heal|p1a: Noctowl|178/344\n|-singleturn|p1a: Noctowl|move: Roost\n|\n|upkeep\n|turn|7\n|\n|t:|1781389073\n|switch|p1a: Beartic|Beartic, L91, M|321/321\n|move|p2a: Iron Crown|Psyshock|p1a: Beartic\n|-damage|p1a: Beartic|198/321\n|\n|upkeep\n|turn|8\n|\n|t:|1781389083\n|-end|p2a: Iron Crown|Quark Drive|[silent]\n|switch|p2a: Stonjourner|Stonjourner, L91, M|330/330\n|move|p1a: Beartic|Snowscape|p1a: Beartic\n|-weather|Snowscape\n|\n|-weather|Snowscape|[upkeep]\n|upkeep\n|turn|9\n|\n|t:|1781389095\n|move|p1a: Beartic|Close Combat|p2a: Stonjourner\n|-supereffective|p2a: Stonjourner\n|-damage|p2a: Stonjourner|168/330\n|-unboost|p1a: Beartic|def|1\n|-unboost|p1a: Beartic|spd|1\n|move|p2a: Stonjourner|Rock Polish|p2a: Stonjourner\n|-boost|p2a: Stonjourner|spe|2\n|\n|-weather|Snowscape|[upkeep]\n|upkeep\n|turn|10\n|\n|t:|1781389101\n|move|p2a: Stonjourner|Stone Edge|p1a: Beartic\n|-supereffective|p1a: Beartic\n|-damage|p1a: Beartic|0 fnt\n|faint|p1a: Beartic\n|-damage|p2a: Stonjourner|135/330|[from] item: Life Orb\n|\n|-weather|Snowscape|[upkeep]\n|upkeep\n|\n|t:|1781389105\n|switch|p1a: Poliwrath|Poliwrath, L88, M|302/302\n|turn|11\n|\n|t:|1781389111\n|move|p2a: Stonjourner|Earthquake|p1a: Poliwrath\n|-damage|p1a: Poliwrath|179/302\n|-damage|p2a: Stonjourner|102/330|[from] item: Life Orb\n|move|p1a: Poliwrath|Rain Dance|p1a: Poliwrath\n|-weather|RainDance\n|\n|-weather|RainDance|[upkeep]\n|upkeep\n|turn|12\n|\n|t:|1781389115\n|move|p2a: Stonjourner|Earthquake|p1a: Poliwrath\n|-damage|p1a: Poliwrath|50/302\n|-damage|p2a: Stonjourner|69/330|[from] item: Life Orb\n|move|p1a: Poliwrath|Liquidation|p2a: Stonjourner\n|-supereffective|p2a: Stonjourner\n|-damage|p2a: Stonjourner|0 fnt\n|faint|p2a: Stonjourner\n|-damage|p1a: Poliwrath|20/302|[from] item: Life Orb\n|\n|-weather|RainDance|[upkeep]\n|upkeep\n|\n|t:|1781389119\n|switch|p2a: Barraskewda|Barraskewda, L81, M|231/231\n|turn|13\n|\n|t:|1781389124\n|move|p2a: Barraskewda|Flip Turn|p1a: Poliwrath\n|-resisted|p1a: Poliwrath\n|-damage|p1a: Poliwrath|0 fnt\n|faint|p1a: Poliwrath\n|\n|t:|1781389130\n|switch|p2a: Iron Crown|Iron Crown, L78|170/268|[from] Flip Turn\n|\n|-weather|RainDance|[upkeep]\n|upkeep\n|\n|t:|1781389138\n|switch|p1a: Okidogi|Okidogi, L77, M|262/262\n|turn|14\n|\n|t:|1781389144\n|-terastallize|p1a: Okidogi|Dark\n|move|p2a: Iron Crown|Tachyon Cutter|p1a: Okidogi\n|-damage|p1a: Okidogi|175/262\n|-damage|p1a: Okidogi|87/262\n|-hitcount|p1a: Okidogi|2\n|move|p1a: Okidogi|Bulk Up|p1a: Okidogi\n|-boost|p1a: Okidogi|atk|1\n|-boost|p1a: Okidogi|def|1\n|\n|-weather|RainDance|[upkeep]\n|-heal|p1a: Okidogi|103/262|[from] item: Leftovers\n|upkeep\n|turn|15\n|\n|t:|1781389148\n|move|p2a: Iron Crown|Tachyon Cutter|p1a: Okidogi\n|-damage|p1a: Okidogi|9/262\n|-damage|p1a: Okidogi|0 fnt\n|faint|p1a: Okidogi\n|-hitcount|p1: Okidogi|2\n|\n|-weather|none\n|upkeep\n|-message|philschmil forfeited.\n|\n|win|SteelixPrismGX\n|raw|philschmil's rating: 1961 &rarr; <strong>1945</strong><br />(-16 for losing)\n|raw|SteelixPrismGX's rating: 2034 &rarr; <strong>2050</strong><br />(+16 for winning)\n|l|\u2606philschmil\n|player|p1|\n", "inputlog": ">version a8376a258c1d4662feba110a92103f3664a72141\n>start {\"formatid\":\"gen9randombattle\",\"seed\":\"sodium,5153e4c88bb49088ee38c5a40c6a339d\",\"rated\":\"Rated battle\"}\n>player p1 {\"name\":\"philschmil\",\"avatar\":\"alder\",\"rating\":1961,\"seed\":\"sodium,931d28ccc10c9b0ea98decf904af8ade\"}\n>player p2 {\"name\":\"SteelixPrismGX\",\"avatar\":\"siebold\",\"rating\":2034,\"seed\":\"sodium,5558577f89567bdfa0c85312d80d1b55\"}\n>p1 move malignantchain\n>p2 move lavaplume\n>p1 move partingshot\n>p2 switch 3\n>p1 switch 4\n>p1 move swordsdance\n>p2 move voltswitch\n>p2 switch 3\n>p1 move knockoff\n>p2 move lavaplume\n>p1 switch 6\n>p2 switch 3\n>p1 move hypervoice\n>p2 move psyshock\n>p1 move roost\n>p2 move psyshock\n>p1 switch 2\n>p2 move psyshock\n>p1 move snowscape\n>p2 switch 5\n>p1 move closecombat\n>p2 move rockpolish\n>p1 move closecombat\n>p2 move stoneedge\n>p1 switch 5\n>p1 move raindance\n>p2 move earthquake\n>p1 move liquidation\n>p2 move earthquake\n>p2 switch 4\n>p1 move knockoff\n>p2 move flipturn\n>p2 switch 5\n>p1 switch 3\n>p1 move bulkup terastallize\n>p2 move tachyoncutter\n>p1 move knockoff\n>p2 move tachyoncutter\n>forcelose p1", "uploadtime": 1781388989, "views": 8, "formatid": "gen9randombattle", "rating": 1945, "private": 0, "password": null}