{"id": "gen9randombattle-2631401875", "format": "[Gen 9] Random Battle", "players": ["this_guy_rules", "thepatodonald"], "log": "|j|\u2606this_guy_rules\n|j|\u2606thepatodonald\n|t:|1781380305\n|gametype|singles\n|player|p1|this_guy_rules|169|1301\n|player|p2|thepatodonald|ghetsis|1324\n|gen|9\n|tier|[Gen 9] Random Battle\n|rated|\n|rule|Species Clause: Limit one of each Pok\u00e9mon\n|rule|HP Percentage Mod: HP is shown in percentages\n|rule|Sleep Clause Mod: Limit one foe put to sleep\n|rule|Illusion Level Mod: Illusion disguises the Pok\u00e9mon's true level\n|\n|t:|1781380305\n|teamsize|p1|6\n|teamsize|p2|6\n|start\n|switch|p1a: Glastrier|Glastrier, L86|311/311\n|switch|p2a: Rotom|Rotom-Wash, L82|216/216\n|turn|1\n|inactive|Battle timer is ON: inactive players will automatically lose when time's up. (requested by this_guy_rules)\n|\n|t:|1781380328\n|switch|p1a: Munkidori|Munkidori, L79, M|269/269\n|move|p2a: Rotom|Will-O-Wisp|p1a: Munkidori\n|-status|p1a: Munkidori|brn\n|\n|-damage|p1a: Munkidori|253/269 brn|[from] brn\n|upkeep\n|turn|2\n|\n|t:|1781380336\n|move|p1a: Munkidori|Psyshock|p2a: Rotom\n|-damage|p2a: Rotom|86/216\n|move|p2a: Rotom|Nasty Plot|p2a: Rotom\n|-boost|p2a: Rotom|spa|2\n|\n|-heal|p2a: Rotom|99/216|[from] item: Leftovers\n|-damage|p1a: Munkidori|237/269 brn|[from] brn\n|upkeep\n|turn|3\n|\n|t:|1781380351\n|switch|p2a: Krookodile|Krookodile, L79, M|280/280\n|-ability|p2a: Krookodile|Intimidate|boost\n|-unboost|p1a: Munkidori|atk|1\n|move|p1a: Munkidori|Psyshock|p2a: Krookodile\n|-immune|p2a: Krookodile\n|\n|-damage|p1a: Munkidori|221/269 brn|[from] brn\n|upkeep\n|turn|4\n|\n|t:|1781380362\n|switch|p1a: Glastrier|Glastrier, L86|311/311\n|move|p2a: Krookodile|Knock Off|p1a: Glastrier\n|-damage|p1a: Glastrier|242/311\n|-enditem|p1a: Glastrier|Choice Band|[from] move: Knock Off|[of] p2a: Krookodile\n|\n|upkeep\n|turn|5\n|\n|t:|1781380374\n|switch|p2a: Registeel|Registeel, L81|262/262\n|move|p1a: Glastrier|Close Combat|p2a: Registeel\n|-supereffective|p2a: Registeel\n|-damage|p2a: Registeel|98/262\n|-unboost|p1a: Glastrier|def|1\n|-unboost|p1a: Glastrier|spd|1\n|\n|upkeep\n|turn|6\n|\n|t:|1781380386\n|move|p2a: Registeel|Body Press|p1a: Glastrier\n|-supereffective|p1a: Glastrier\n|-damage|p1a: Glastrier|86/311\n|move|p1a: Glastrier|High Horsepower|p2a: Registeel\n|-supereffective|p2a: Registeel\n|-damage|p2a: Registeel|0 fnt\n|faint|p2a: Registeel\n|-ability|p1a: Glastrier|Chilling Neigh|boost\n|-boost|p1a: Glastrier|atk|1\n|\n|upkeep\n|\n|t:|1781380395\n|switch|p2a: Krookodile|Krookodile, L79, M|280/280\n|-ability|p2a: Krookodile|Intimidate|boost\n|-unboost|p1a: Glastrier|atk|1\n|turn|7\n|\n|t:|1781380401\n|move|p2a: Krookodile|Gunk Shot|p1a: Glastrier\n|-damage|p1a: Glastrier|0 fnt\n|faint|p1a: Glastrier\n|\n|upkeep\n|\n|t:|1781380409\n|switch|p1a: Araquanid|Araquanid, L82, M|246/246\n|turn|8\n|\n|t:|1781380417\n|switch|p2a: Avalugg|Avalugg, L88, M|310/310\n|move|p1a: Araquanid|Sticky Web|p2a: Avalugg\n|-sidestart|p2: thepatodonald|move: Sticky Web\n|\n|upkeep\n|turn|9\n|\n|t:|1781380426\n|move|p1a: Araquanid|Liquidation|p2a: Avalugg\n|-damage|p2a: Avalugg|238/310\n|move|p2a: Avalugg|Rapid Spin|p1a: Araquanid\n|-damage|p1a: Araquanid|200/246\n|-boost|p2a: Avalugg|spe|1\n|-sideend|p2: thepatodonald|Sticky Web|[from] move: Rapid Spin|[of] p2a: Avalugg\n|\n|upkeep\n|turn|10\n|\n|t:|1781380435\n|move|p1a: Araquanid|Leech Life|p2a: Avalugg\n|-damage|p2a: Avalugg|202/310\n|-heal|p1a: Araquanid|218/246|[from] drain|[of] p2a: Avalugg\n|move|p2a: Avalugg|Avalanche|p1a: Araquanid\n|-resisted|p1a: Araquanid\n|-crit|p1a: Araquanid\n|-damage|p1a: Araquanid|89/246\n|\n|upkeep\n|turn|11\n|\n|t:|1781380444\n|switch|p1a: Munkidori|Munkidori, L79, M|221/269 brn\n|move|p2a: Avalugg|Avalanche|p1a: Munkidori\n|-damage|p1a: Munkidori|122/269 brn\n|\n|-damage|p1a: Munkidori|106/269 brn|[from] brn\n|upkeep\n|turn|12\n|\n|t:|1781380458\n|move|p1a: Munkidori|Focus Blast|p2a: Avalugg|[miss]\n|-miss|p1a: Munkidori|p2a: Avalugg\n|move|p2a: Avalugg|Avalanche|p1a: Munkidori\n|-damage|p1a: Munkidori|0 fnt\n|faint|p1a: Munkidori\n|\n|upkeep\n|\n|t:|1781380470\n|switch|p1a: Furret|Furret, L94, M|312/312\n|-item|p2a: Avalugg|Heavy-Duty Boots|[from] ability: Frisk|[of] p1a: Furret\n|turn|13\n|\n|t:|1781380480\n|move|p1a: Furret|Trick|p2a: Avalugg\n|-activate|p1a: Furret|move: Trick|[of] p2a: Avalugg\n|-item|p2a: Avalugg|Choice Band|[from] move: Trick\n|-item|p1a: Furret|Heavy-Duty Boots|[from] move: Trick\n|move|p2a: Avalugg|Body Press|p1a: Furret\n|-supereffective|p1a: Furret\n|-damage|p1a: Furret|0 fnt\n|faint|p1a: Furret\n|\n|upkeep\n|\n|t:|1781380488\n|switch|p1a: Araquanid|Araquanid, L82, M|89/246\n|turn|14\n|inactive|thepatodonald has 120 seconds left.\n|\n|t:|1781380530\n|move|p2a: Avalugg|Body Press|p1a: Araquanid\n|-resisted|p1a: Araquanid\n|-damage|p1a: Araquanid|17/246\n|move|p1a: Araquanid|Sticky Web|p2a: Avalugg\n|-sidestart|p2: thepatodonald|move: Sticky Web\n|\n|upkeep\n|turn|15\n|\n|t:|1781380538\n|move|p2a: Avalugg|Body Press|p1a: Araquanid\n|-resisted|p1a: Araquanid\n|-damage|p1a: Araquanid|0 fnt\n|faint|p1a: Araquanid\n|\n|upkeep\n|\n|t:|1781380541\n|switch|p1a: Jumpluff|Jumpluff, L87, M|271/271\n|turn|16\n|inactive|thepatodonald has 120 seconds left.\n|inactive|thepatodonald has 90 seconds left.\n|\n|t:|1781380607\n|move|p1a: Jumpluff|Acrobatics|p2a: Avalugg\n|-crit|p2a: Avalugg\n|-damage|p2a: Avalugg|136/310\n|move|p2a: Avalugg|Body Press|p1a: Jumpluff\n|-resisted|p1a: Jumpluff\n|-damage|p1a: Jumpluff|178/271\n|\n|upkeep\n|turn|17\n|\n|t:|1781380631\n|move|p1a: Jumpluff|Acrobatics|p2a: Avalugg\n|-damage|p2a: Avalugg|91/310\n|move|p2a: Avalugg|Body Press|p1a: Jumpluff\n|-resisted|p1a: Jumpluff\n|-damage|p1a: Jumpluff|92/271\n|\n|upkeep\n|turn|18\n|\n|t:|1781380641\n|move|p1a: Jumpluff|Strength Sap|p2a: Avalugg\n|-unboost|p2a: Avalugg|atk|1\n|-heal|p1a: Jumpluff|271/271\n|move|p2a: Avalugg|Body Press|p1a: Jumpluff\n|-resisted|p1a: Jumpluff\n|-damage|p1a: Jumpluff|176/271\n|\n|upkeep\n|turn|19\n|\n|t:|1781380649\n|move|p1a: Jumpluff|Acrobatics|p2a: Avalugg\n|-damage|p2a: Avalugg|45/310\n|move|p2a: Avalugg|Body Press|p1a: Jumpluff\n|-resisted|p1a: Jumpluff\n|-damage|p1a: Jumpluff|91/271\n|\n|upkeep\n|turn|20\n|\n|t:|1781380655\n|move|p1a: Jumpluff|Strength Sap|p2a: Avalugg\n|-unboost|p2a: Avalugg|atk|1\n|-heal|p1a: Jumpluff|261/271\n|move|p2a: Avalugg|Body Press|p1a: Jumpluff\n|-resisted|p1a: Jumpluff\n|-damage|p1a: Jumpluff|169/271\n|\n|upkeep\n|turn|21\n|\n|t:|1781380665\n|move|p1a: Jumpluff|Acrobatics|p2a: Avalugg\n|-damage|p2a: Avalugg|0 fnt\n|faint|p2a: Avalugg\n|\n|upkeep\n|\n|t:|1781380669\n|switch|p2a: Krookodile|Krookodile, L79, M|280/280\n|-activate|p2a: Krookodile|move: Sticky Web\n|-unboost|p2a: Krookodile|spe|1\n|-ability|p2a: Krookodile|Intimidate|boost\n|-unboost|p1a: Jumpluff|atk|1\n|turn|22\n|\n|t:|1781380681\n|move|p1a: Jumpluff|Strength Sap|p2a: Krookodile\n|-unboost|p2a: Krookodile|atk|1\n|-heal|p1a: Jumpluff|271/271\n|move|p2a: Krookodile|Gunk Shot|p1a: Jumpluff\n|-supereffective|p1a: Jumpluff\n|-damage|p1a: Jumpluff|133/271\n|\n|upkeep\n|turn|23\n|inactive|thepatodonald has 90 seconds left.\n|\n|t:|1781380690\n|move|p1a: Jumpluff|U-turn|p2a: Krookodile\n|-supereffective|p2a: Krookodile\n|-damage|p2a: Krookodile|224/280\n|\n|t:|1781380699\n|switch|p1a: Wyrdeer|Wyrdeer, L87, M|321/321|[from] U-turn\n|-ability|p1a: Wyrdeer|Intimidate|boost\n|-unboost|p2a: Krookodile|atk|1\n|move|p2a: Krookodile|Gunk Shot|p1a: Wyrdeer\n|-damage|p1a: Wyrdeer|276/321\n|\n|-heal|p1a: Wyrdeer|296/321|[from] item: Leftovers\n|-heal|p2a: Krookodile|241/280|[from] item: Leftovers\n|upkeep\n|turn|24\n|\n|t:|1781380712\n|move|p1a: Wyrdeer|Body Slam|p2a: Krookodile\n|-crit|p2a: Krookodile\n|-damage|p2a: Krookodile|81/280\n|move|p2a: Krookodile|Knock Off|p1a: Wyrdeer\n|-supereffective|p1a: Wyrdeer\n|-damage|p1a: Wyrdeer|176/321\n|-enditem|p1a: Wyrdeer|Leftovers|[from] move: Knock Off|[of] p2a: Krookodile\n|\n|-heal|p2a: Krookodile|98/280|[from] item: Leftovers\n|upkeep\n|turn|25\n|\n|t:|1781380721\n|move|p1a: Wyrdeer|Body Slam|p2a: Krookodile\n|-damage|p2a: Krookodile|0 fnt\n|faint|p2a: Krookodile\n|\n|upkeep\n|\n|t:|1781380727\n|switch|p2a: Rotom|Rotom-Wash, L82|99/216\n|turn|26\n|inactive|this_guy_rules has 120 seconds left.\n|\n|t:|1781380761\n|move|p2a: Rotom|Hydro Pump|p1a: Wyrdeer\n|-damage|p1a: Wyrdeer|41/321\n|move|p1a: Wyrdeer|Psychic Noise|p2a: Rotom\n|-damage|p2a: Rotom|23/216\n|-start|p2a: Rotom|move: Heal Block\n|\n|upkeep\n|turn|27\n|inactive|thepatodonald has 90 seconds left.\n|inactive|this_guy_rules has 120 seconds left.\n|\n|t:|1781380821\n|-terastallize|p1a: Wyrdeer|Ground\n|move|p2a: Rotom|Thunderbolt|p1a: Wyrdeer\n|-immune|p1a: Wyrdeer\n|move|p1a: Wyrdeer|Body Slam|p2a: Rotom\n|-damage|p2a: Rotom|0 fnt\n|faint|p2a: Rotom\n|\n|upkeep\n|\n|t:|1781380831\n|switch|p2a: Venomoth|Venomoth, L84, F|255/255\n|turn|28\n|\n|t:|1781380839\n|move|p2a: Venomoth|Quiver Dance|p2a: Venomoth\n|-boost|p2a: Venomoth|spa|1\n|-boost|p2a: Venomoth|spd|1\n|-boost|p2a: Venomoth|spe|1\n|move|p1a: Wyrdeer|Thunder Wave|p2a: Venomoth\n|-status|p2a: Venomoth|par\n|\n|upkeep\n|turn|29\n|inactive|this_guy_rules has 120 seconds left.\n|\n|t:|1781380853\n|move|p1a: Wyrdeer|Psychic Noise|p2a: Venomoth\n|-supereffective|p2a: Venomoth\n|-damage|p2a: Venomoth|115/255 par\n|-start|p2a: Venomoth|move: Heal Block\n|move|p2a: Venomoth|Quiver Dance|p2a: Venomoth\n|-boost|p2a: Venomoth|spa|1\n|-boost|p2a: Venomoth|spd|1\n|-boost|p2a: Venomoth|spe|1\n|\n|upkeep\n|turn|30\n|\n|t:|1781380864\n|move|p2a: Venomoth|Bug Buzz|p1a: Wyrdeer\n|-damage|p1a: Wyrdeer|0 fnt\n|faint|p1a: Wyrdeer\n|\n|-end|p2a: Venomoth|move: Heal Block\n|upkeep\n|\n|t:|1781380866\n|switch|p1a: Jumpluff|Jumpluff, L87, M|133/271\n|turn|31\n|\n|t:|1781380877\n|move|p1a: Jumpluff|Acrobatics|p2a: Venomoth\n|-supereffective|p2a: Venomoth\n|-damage|p2a: Venomoth|0 fnt\n|faint|p2a: Venomoth\n|\n|upkeep\n|\n|t:|1781380882\n|switch|p2a: Hippowdon|Hippowdon, L82, M|311/311\n|-activate|p2a: Hippowdon|move: Sticky Web\n|-unboost|p2a: Hippowdon|spe|1\n|-weather|Sandstorm|[from] ability: Sand Stream|[of] p2a: Hippowdon\n|turn|32\n|inactive|thepatodonald has 90 seconds left.\n|-message|thepatodonald forfeited.\n|\n|win|this_guy_rules\n|raw|this_guy_rules's rating: 1301 &rarr; <strong>1322</strong><br />(+21 for winning)\n|raw|thepatodonald's rating: 1324 &rarr; <strong>1303</strong><br />(-21 for losing)\n|l|\u2606thepatodonald\n|player|p2|\n", "uploadtime": 1781380903, "views": 16, "formatid": "gen9randombattle", "rating": 1303, "private": 0, "password": null}