{"id": "gen9randombattle-2631382376", "format": "[Gen 9] Random Battle", "players": ["Atelophobia", "PotatoeOfLife"], "log": "|j|\u2606Atelophobia\n|j|\u2606PotatoeOfLife\n|t:|1781378067\n|gametype|singles\n|player|p1|Atelophobia|1|1981\n|player|p2|PotatoeOfLife|pokemonbreeder-gen4|1929\n|gen|9\n|tier|[Gen 9] Random Battle\n|rated|\n|rule|Species Clause: Limit one of each Pok\u00e9mon\n|rule|HP Percentage Mod: HP is shown in percentages\n|rule|Sleep Clause Mod: Limit one foe put to sleep\n|rule|Illusion Level Mod: Illusion disguises the Pok\u00e9mon's true level\n|\n|t:|1781378067\n|teamsize|p1|6\n|teamsize|p2|6\n|start\n|switch|p1a: Metagross|Metagross, L79|256/256\n|switch|p2a: Solgaleo|Solgaleo, L74|325/325\n|turn|1\n|\n|t:|1781378087\n|switch|p2a: Alomomola|Alomomola, L87, F|429/429\n|move|p1a: Metagross|Agility|p1a: Metagross\n|-boost|p1a: Metagross|spe|2\n|\n|upkeep\n|turn|2\n|\n|t:|1781378095\n|switch|p1a: Tatsugiri|Tatsugiri, L87, M|260/260\n|move|p2a: Alomomola|Scald|p1a: Tatsugiri\n|-ability|p1a: Tatsugiri|Storm Drain|boost\n|-boost|p1a: Tatsugiri|spa|1\n|\n|upkeep\n|turn|3\n|\n|t:|1781378100\n|switch|p2a: Tentacruel|Tentacruel, L84, F|272/272\n|move|p1a: Tatsugiri|Nasty Plot|p1a: Tatsugiri\n|-boost|p1a: Tatsugiri|spa|2\n|\n|upkeep\n|turn|4\n|\n|t:|1781378103\n|move|p2a: Tentacruel|Knock Off|p1a: Tatsugiri\n|-damage|p1a: Tatsugiri|194/260\n|-enditem|p1a: Tatsugiri|Heavy-Duty Boots|[from] move: Knock Off|[of] p2a: Tentacruel\n|move|p1a: Tatsugiri|Draco Meteor|p2a: Tentacruel|[miss]\n|-miss|p1a: Tatsugiri|p2a: Tentacruel\n|\n|upkeep\n|turn|5\n|\n|t:|1781378109\n|move|p2a: Tentacruel|Sludge Bomb|p1a: Tatsugiri\n|-damage|p1a: Tatsugiri|119/260\n|move|p1a: Tatsugiri|Rapid Spin|p2a: Tentacruel\n|-damage|p2a: Tentacruel|240/272\n|-boost|p1a: Tatsugiri|spe|1\n|\n|upkeep\n|turn|6\n|\n|t:|1781378113\n|move|p1a: Tatsugiri|Draco Meteor|p2a: Tentacruel\n|-damage|p2a: Tentacruel|14/272\n|-unboost|p1a: Tatsugiri|spa|2\n|move|p2a: Tentacruel|Sludge Bomb|p1a: Tatsugiri\n|-damage|p1a: Tatsugiri|44/260\n|\n|upkeep\n|turn|7\n|\n|t:|1781378130\n|move|p1a: Tatsugiri|Rapid Spin|p2a: Tentacruel\n|-damage|p2a: Tentacruel|0 fnt\n|-boost|p1a: Tatsugiri|spe|1\n|faint|p2a: Tentacruel\n|\n|upkeep\n|\n|t:|1781378145\n|switch|p2a: Jirachi|Jirachi, L80|291/291\n|turn|8\n|\n|t:|1781378147\n|move|p1a: Tatsugiri|Surf|p2a: Jirachi\n|-damage|p2a: Jirachi|116/291\n|move|p2a: Jirachi|U-turn|p1a: Tatsugiri\n|-damage|p1a: Tatsugiri|0 fnt\n|faint|p1a: Tatsugiri\n|\n|t:|1781378168\n|switch|p2a: Solgaleo|Solgaleo, L74|325/325|[from] U-turn\n|\n|upkeep\n|\n|t:|1781378177\n|switch|p1a: Cacturne|Cacturne, L92, M|278/278\n|turn|9\n|\n|t:|1781378199\n|-terastallize|p2a: Solgaleo|Fighting\n|move|p2a: Solgaleo|Flame Charge|p1a: Cacturne\n|-supereffective|p1a: Cacturne\n|-damage|p1a: Cacturne|192/278\n|-boost|p2a: Solgaleo|spe|1\n|move|p1a: Cacturne|Swords Dance|p1a: Cacturne\n|-boost|p1a: Cacturne|atk|2\n|\n|upkeep\n|turn|10\n|\n|t:|1781378208\n|move|p2a: Solgaleo|Close Combat|p1a: Cacturne\n|-supereffective|p1a: Cacturne\n|-damage|p1a: Cacturne|0 fnt\n|-unboost|p2a: Solgaleo|def|1\n|-unboost|p2a: Solgaleo|spd|1\n|faint|p1a: Cacturne\n|\n|upkeep\n|\n|t:|1781378213\n|switch|p1a: Pelipper|Pelipper, L86, M|243/243\n|-weather|RainDance|[from] ability: Drizzle|[of] p1a: Pelipper\n|turn|11\n|\n|t:|1781378217\n|switch|p2a: Alomomola|Alomomola, L87, F|429/429\n|move|p1a: Pelipper|Hurricane|p2a: Alomomola\n|-damage|p2a: Alomomola|146/429\n|\n|-weather|RainDance|[upkeep]\n|-heal|p2a: Alomomola|172/429|[from] item: Leftovers\n|upkeep\n|turn|12\n|\n|t:|1781378220\n|move|p2a: Alomomola|Protect|p2a: Alomomola\n|-singleturn|p2a: Alomomola|Protect\n|move|p1a: Pelipper|Hurricane|p2a: Alomomola\n|-activate|p2a: Alomomola|move: Protect\n|\n|-weather|RainDance|[upkeep]\n|-heal|p2a: Alomomola|198/429|[from] item: Leftovers\n|upkeep\n|turn|13\n|\n|t:|1781378244\n|switch|p2a: Komala|Komala, L88, M|258/258\n|-ability|p2a: Komala|Comatose\n|switch|p1a: Noctowl|Noctowl, L95, F|344/344\n|\n|-weather|RainDance|[upkeep]\n|upkeep\n|turn|14\n|\n|t:|1781378254\n|move|p2a: Komala|Body Slam|p1a: Noctowl\n|-damage|p1a: Noctowl|197/344\n|move|p1a: Noctowl|Hurricane|p2a: Komala\n|-damage|p2a: Komala|128/258\n|\n|-weather|RainDance|[upkeep]\n|upkeep\n|turn|15\n|\n|t:|1781378263\n|move|p2a: Komala|Body Slam|p1a: Noctowl\n|-damage|p1a: Noctowl|43/344\n|move|p1a: Noctowl|Hurricane|p2a: Komala\n|-damage|p2a: Komala|0 fnt\n|faint|p2a: Komala\n|\n|-weather|none\n|upkeep\n|\n|t:|1781378277\n|switch|p2a: Jirachi|Jirachi, L80|116/291\n|turn|16\n|\n|t:|1781378283\n|switch|p1a: Pelipper|Pelipper, L86, M|243/243\n|-weather|RainDance|[from] ability: Drizzle|[of] p1a: Pelipper\n|move|p2a: Jirachi|Psychic|p1a: Pelipper\n|-damage|p1a: Pelipper|134/243\n|\n|-weather|RainDance|[upkeep]\n|upkeep\n|turn|17\n|\n|t:|1781378298\n|move|p2a: Jirachi|Psychic|p1a: Pelipper\n|-damage|p1a: Pelipper|29/243\n|-unboost|p1a: Pelipper|spd|1\n|move|p1a: Pelipper|Hurricane|p2a: Jirachi\n|-resisted|p2a: Jirachi\n|-damage|p2a: Jirachi|38/291\n|\n|-weather|RainDance|[upkeep]\n|upkeep\n|turn|18\n|\n|t:|1781378301\n|switch|p1a: Metagross|Metagross, L79|256/256\n|move|p2a: Jirachi|Psychic|p1a: Metagross\n|-resisted|p1a: Metagross\n|-damage|p1a: Metagross|231/256\n|\n|-weather|RainDance|[upkeep]\n|upkeep\n|turn|19\n|\n|t:|1781378310\n|switch|p2a: Alomomola|Alomomola, L87, F|341/429\n|switch|p1a: Rotom|Rotom-Frost, L87|229/229\n|\n|-weather|RainDance|[upkeep]\n|-heal|p2a: Alomomola|367/429|[from] item: Leftovers\n|upkeep\n|turn|20\n|\n|t:|1781378316\n|move|p1a: Rotom|Thunderbolt|p2a: Alomomola\n|-supereffective|p2a: Alomomola\n|-damage|p2a: Alomomola|43/429\n|-status|p2a: Alomomola|par\n|move|p2a: Alomomola|Flip Turn|p1a: Rotom\n|-damage|p1a: Rotom|153/229\n|\n|t:|1781378321\n|switch|p2a: Solgaleo|Solgaleo, L74, tera:Fighting|325/325|[from] Flip Turn\n|\n|-weather|none\n|upkeep\n|turn|21\n|\n|t:|1781378324\n|move|p1a: Rotom|Will-O-Wisp|p2a: Solgaleo|[miss]\n|-miss|p1a: Rotom|p2a: Solgaleo\n|move|p2a: Solgaleo|Flame Charge|p1a: Rotom\n|-supereffective|p1a: Rotom\n|-damage|p1a: Rotom|91/229\n|-boost|p2a: Solgaleo|spe|1\n|\n|upkeep\n|turn|22\n|\n|t:|1781378331\n|move|p2a: Solgaleo|Close Combat|p1a: Rotom\n|-supereffective|p1a: Rotom\n|-damage|p1a: Rotom|0 fnt\n|-unboost|p2a: Solgaleo|def|1\n|-unboost|p2a: Solgaleo|spd|1\n|faint|p1a: Rotom\n|\n|upkeep\n|\n|t:|1781378336\n|switch|p1a: Metagross|Metagross, L79|231/256\n|turn|23\n|\n|t:|1781378350\n|switch|p2a: Alomomola|Alomomola, L87, F|186/429 par\n|move|p1a: Metagross|Agility|p1a: Metagross\n|-boost|p1a: Metagross|spe|2\n|\n|-heal|p2a: Alomomola|212/429 par|[from] item: Leftovers\n|upkeep\n|turn|24\n|\n|t:|1781378354\n|move|p1a: Metagross|Psychic Fangs|p2a: Alomomola\n|-damage|p2a: Alomomola|113/429 par\n|move|p2a: Alomomola|Scald|p1a: Metagross\n|-damage|p1a: Metagross|177/256\n|-status|p1a: Metagross|brn\n|\n|-heal|p2a: Alomomola|139/429 par|[from] item: Leftovers\n|-damage|p1a: Metagross|161/256 brn|[from] brn\n|upkeep\n|turn|25\n|\n|t:|1781378364\n|switch|p1a: Pelipper|Pelipper, L86, M|29/243\n|-weather|RainDance|[from] ability: Drizzle|[of] p1a: Pelipper\n|move|p2a: Alomomola|Wish|p2a: Alomomola\n|\n|-weather|RainDance|[upkeep]\n|-heal|p2a: Alomomola|165/429 par|[from] item: Leftovers\n|upkeep\n|turn|26\n|\n|t:|1781378377\n|cant|p2a: Alomomola|par\n|move|p1a: Pelipper|Hurricane|p2a: Alomomola\n|-damage|p2a: Alomomola|0 fnt\n|faint|p2a: Alomomola\n|\n|-weather|RainDance|[upkeep]\n|upkeep\n|\n|t:|1781378380\n|switch|p2a: Jirachi|Jirachi, L80|38/291\n|turn|27\n|\n|t:|1781378392\n|switch|p1a: Metagross|Metagross, L79|161/256 brn\n|move|p2a: Jirachi|Psychic|p1a: Metagross\n|-resisted|p1a: Metagross\n|-damage|p1a: Metagross|140/256 brn\n|\n|-weather|RainDance|[upkeep]\n|-damage|p1a: Metagross|124/256 brn|[from] brn\n|upkeep\n|turn|28\n|\n|t:|1781378404\n|switch|p2a: Hitmonchan|Hitmonchan, L87, M|229/229\n|move|p1a: Metagross|Agility|p1a: Metagross\n|-boost|p1a: Metagross|spe|2\n|\n|-weather|RainDance|[upkeep]\n|-damage|p1a: Metagross|108/256 brn|[from] brn\n|upkeep\n|turn|29\n|\n|t:|1781378409\n|move|p1a: Metagross|Psychic Fangs|p2a: Hitmonchan\n|-supereffective|p2a: Hitmonchan\n|-damage|p2a: Hitmonchan|118/229\n|move|p2a: Hitmonchan|Knock Off|p1a: Metagross\n|-supereffective|p1a: Metagross\n|-damage|p1a: Metagross|0 fnt\n|-enditem|p1a: Metagross|Weakness Policy|[from] move: Knock Off|[of] p2a: Hitmonchan\n|faint|p1a: Metagross\n|-damage|p2a: Hitmonchan|96/229|[from] item: Life Orb\n|\n|-weather|none\n|upkeep\n|\n|t:|1781378417\n|switch|p1a: Noctowl|Noctowl, L95, F|43/344\n|turn|30\n|\n|t:|1781378421\n|move|p1a: Noctowl|Hyper Voice|p2a: Hitmonchan\n|-crit|p2a: Hitmonchan\n|-damage|p2a: Hitmonchan|0 fnt\n|faint|p2a: Hitmonchan\n|\n|upkeep\n|\n|t:|1781378424\n|switch|p2a: Jirachi|Jirachi, L80|38/291\n|turn|31\n|\n|t:|1781378427\n|move|p2a: Jirachi|Psychic|p1a: Noctowl\n|-damage|p1a: Noctowl|0 fnt\n|faint|p1a: Noctowl\n|\n|upkeep\n|\n|t:|1781378428\n|switch|p1a: Pelipper|Pelipper, L86, M|29/243\n|-weather|RainDance|[from] ability: Drizzle|[of] p1a: Pelipper\n|turn|32\n|\n|t:|1781378431\n|move|p2a: Jirachi|Psychic|p1a: Pelipper\n|-damage|p1a: Pelipper|0 fnt\n|faint|p1a: Pelipper\n|\n|win|PotatoeOfLife\n", "inputlog": ">version a8376a258c1d4662feba110a92103f3664a72141\n>start {\"formatid\":\"gen9randombattle\",\"seed\":\"sodium,71035ba38845bc93e3b4e7f2c2ab44bc\",\"rated\":\"Rated battle\"}\n>player p1 {\"name\":\"Atelophobia\",\"avatar\":\"1\",\"rating\":1981,\"seed\":\"sodium,1f4fe1f51b0aca12cb104e451fb08c2e\"}\n>player p2 {\"name\":\"PotatoeOfLife\",\"avatar\":\"pokemonbreeder-gen4\",\"rating\":1929,\"seed\":\"sodium,a8575299f5b853259bf3c72df0b6154b\"}\n>p1 move agility\n>p2 switch 2\n>p1 switch 2\n>p2 move scald\n>p1 move nastyplot\n>p2 switch 3\n>p1 move dracometeor\n>p2 move knockoff\n>p1 move rapidspin\n>p2 move sludgebomb\n>p1 move dracometeor\n>p2 move sludgebomb\n>p1 move rapidspin\n>p2 move sludgebomb\n>p2 switch 4\n>p1 move surf\n>p2 move uturn\n>p2 switch 2\n>p1 switch 4\n>p1 move swordsdance\n>p2 move flamecharge terastallize\n>p1 move seedbomb\n>p2 move closecombat\n>p1 switch 3\n>p1 move hurricane\n>p2 switch 3\n>p1 move hurricane\n>p2 move protect\n>p1 switch 6\n>p2 switch 5\n>p1 move hurricane\n>p2 move bodyslam\n>p1 move hurricane\n>p2 move bodyslam\n>p2 switch 2\n>p1 switch 6\n>p2 move psychic\n>p1 move hurricane\n>p2 move psychic\n>p1 switch 2\n>p2 move psychic\n>p1 switch 5\n>p2 switch 5\n>p1 move thunderbolt\n>p2 move flipturn\n>p2 switch 3\n>p1 move willowisp\n>p2 move flamecharge\n>p1 move willowisp\n>p2 move closecombat\n>p1 switch 5\n>p1 move agility\n>p2 switch 3\n>p1 move psychicfangs\n>p2 move scald\n>p1 switch 2\n>p2 move wish\n>p1 move hurricane\n>p2 move protect\n>p2 switch 5\n>p1 switch 2\n>p2 move psychic\n>p1 move agility\n>p2 switch 6\n>p1 move psychicfangs\n>p2 move knockoff\n>p1 switch 6\n>p1 move hypervoice\n>p2 move knockoff\n>p2 switch 6\n>p1 move hypervoice\n>p2 move psychic\n>p1 switch 2\n>p1 move hurricane\n>p2 move psychic", "uploadtime": 1781378070, "views": 7, "formatid": "gen9randombattle", "rating": null, "private": 0, "password": null}