{"id": "gen9randombattle-2631947087", "format": "[Gen 9] Random Battle", "players": ["mysticle\u2666marshadow", "kenny powers"], "log": "|j|\u2606mysticle\u2666marshadow\n|j|\u2606kenny powers\n|t:|1781458704\n|gametype|singles\n|player|p1|mysticle\u2666marshadow|unknownf|1918\n|player|p2|kenny powers|265|1931\n|gen|9\n|tier|[Gen 9] Random Battle\n|rated|\n|rule|Species Clause: Limit one of each Pok\u00e9mon\n|rule|HP Percentage Mod: HP is shown in percentages\n|rule|Sleep Clause Mod: Limit one foe put to sleep\n|rule|Illusion Level Mod: Illusion disguises the Pok\u00e9mon's true level\n|\n|t:|1781458704\n|teamsize|p1|6\n|teamsize|p2|6\n|start\n|switch|p1a: Chi-Yu|Chi-Yu, L77|211/211\n|switch|p2a: Hydrapple|Hydrapple, L83, F|312/312\n|-ability|p1a: Chi-Yu|Beads of Ruin\n|turn|1\n|\n|t:|1781458719\n|switch|p1a: Fezandipiti|Fezandipiti, L82, M|278/278\n|move|p2a: Hydrapple|Earth Power|p1a: Fezandipiti\n|-supereffective|p1a: Fezandipiti\n|-damage|p1a: Fezandipiti|94/278\n|\n|-heal|p1a: Fezandipiti|111/278|[from] item: Leftovers\n|upkeep\n|turn|2\n|\n|t:|1781458729\n|switch|p2a: Metagross|Metagross, L79|256/256\n|move|p1a: Fezandipiti|Gunk Shot|p2a: Metagross\n|-immune|p2a: Metagross\n|\n|-heal|p1a: Fezandipiti|128/278|[from] item: Leftovers\n|upkeep\n|turn|3\n|\n|t:|1781458747\n|switch|p1a: Swanna|Swanna, L89, M|278/278\n|move|p2a: Metagross|Earthquake|p1a: Swanna\n|-immune|p1a: Swanna\n|\n|upkeep\n|turn|4\n|\n|t:|1781458756\n|switch|p2a: Snorlax|Snorlax, L82, F|397/397\n|move|p1a: Swanna|Hydro Pump|p2a: Snorlax\n|-damage|p2a: Snorlax|295/397\n|\n|-heal|p2a: Snorlax|319/397|[from] item: Leftovers\n|upkeep\n|turn|5\n|\n|t:|1781458765\n|switch|p1a: Banette|Banette, L93, M|270/270\n|move|p2a: Snorlax|Body Slam|p1a: Banette\n|-immune|p1a: Banette\n|\n|-heal|p2a: Snorlax|343/397|[from] item: Leftovers\n|upkeep\n|turn|6\n|inactive|Battle timer is ON: inactive players will automatically lose when time's up. (requested by mysticle\u2666marshadow)\n|\n|t:|1781458806\n|move|p1a: Banette|Gunk Shot|p2a: Snorlax\n|-damage|p2a: Snorlax|158/397\n|-damage|p1a: Banette|243/270|[from] item: Life Orb\n|move|p2a: Snorlax|Curse|p2a: Snorlax\n|-unboost|p2a: Snorlax|spe|1\n|-boost|p2a: Snorlax|atk|1\n|-boost|p2a: Snorlax|def|1\n|\n|-heal|p2a: Snorlax|182/397|[from] item: Leftovers\n|upkeep\n|turn|7\n|\n|t:|1781458816\n|move|p1a: Banette|Swords Dance|p1a: Banette\n|-boost|p1a: Banette|atk|2\n|move|p2a: Snorlax|Rest|p2a: Snorlax\n|-status|p2a: Snorlax|slp|[from] move: Rest\n|-heal|p2a: Snorlax|397/397 slp|[silent]\n|\n|upkeep\n|turn|8\n|\n|t:|1781458823\n|move|p1a: Banette|Gunk Shot|p2a: Snorlax\n|-damage|p2a: Snorlax|151/397 slp\n|-damage|p1a: Banette|216/270|[from] item: Life Orb\n|cant|p2a: Snorlax|slp\n|move|p2a: Snorlax|Sleep Talk|p2a: Snorlax\n|move|p2a: Snorlax|Body Slam|p1a: Banette|[from] move: Sleep Talk\n|-immune|p1a: Banette\n|\n|-heal|p2a: Snorlax|175/397 slp|[from] item: Leftovers\n|upkeep\n|turn|9\n|\n|t:|1781458834\n|move|p1a: Banette|Gunk Shot|p2a: Snorlax\n|-damage|p2a: Snorlax|0 fnt\n|faint|p2a: Snorlax\n|-damage|p1a: Banette|189/270|[from] item: Life Orb\n|\n|upkeep\n|\n|t:|1781458858\n|switch|p2a: Tsareena|Tsareena, L87, F|267/267\n|turn|10\n|\n|t:|1781458872\n|switch|p1a: Fezandipiti|Fezandipiti, L82, M|128/278\n|move|p2a: Tsareena|Power Whip|p1a: Fezandipiti|[miss]\n|-miss|p2a: Tsareena|p1a: Fezandipiti\n|\n|-heal|p1a: Fezandipiti|145/278|[from] item: Leftovers\n|upkeep\n|turn|11\n|\n|t:|1781458883\n|switch|p1a: Banette|Banette, L93, M|189/270\n|switch|p2a: Metagross|Metagross, L79|256/256\n|\n|upkeep\n|turn|12\n|inactive|kenny powers has 120 seconds left.\n|\n|t:|1781458912\n|-terastallize|p2a: Metagross|Water\n|move|p1a: Banette|Poltergeist|p2a: Metagross\n|-activate|p2a: Metagross|move: Poltergeist|Choice Band\n|-damage|p2a: Metagross|96/256\n|-damage|p1a: Banette|162/270|[from] item: Life Orb\n|move|p2a: Metagross|Heavy Slam|p1a: Banette\n|-damage|p1a: Banette|0 fnt\n|faint|p1a: Banette\n|\n|upkeep\n|\n|t:|1781458924\n|switch|p1a: Porygon-Z|Porygon-Z, L83|277/277\n|turn|13\n|\n|t:|1781458927\n|move|p1a: Porygon-Z|Tri Attack|p2a: Metagross\n|-damage|p2a: Metagross|0 fnt\n|faint|p2a: Metagross\n|-damage|p1a: Porygon-Z|250/277|[from] item: Life Orb\n|\n|upkeep\n|\n|t:|1781458941\n|switch|p2a: Iron Moth|Iron Moth, L78|253/253\n|turn|14\n|inactive|kenny powers has 120 seconds left.\n|\n|t:|1781458963\n|move|p2a: Iron Moth|Sludge Wave|p1a: Porygon-Z\n|-damage|p1a: Porygon-Z|124/277\n|move|p1a: Porygon-Z|Tri Attack|p2a: Iron Moth\n|-damage|p2a: Iron Moth|81/253\n|-damage|p1a: Porygon-Z|97/277|[from] item: Life Orb\n|\n|upkeep\n|turn|15\n|\n|t:|1781458970\n|switch|p1a: Slowking|Slowking-Galar, L85, F|300/300\n|move|p2a: Iron Moth|Fiery Dance|p1a: Slowking\n|-damage|p1a: Slowking|242/300\n|\n|upkeep\n|turn|16\n|\n|t:|1781458985\n|move|p2a: Iron Moth|Sludge Wave|p1a: Slowking\n|-resisted|p1a: Slowking\n|-damage|p1a: Slowking|207/300\n|move|p1a: Slowking|Psychic Noise|p2a: Iron Moth\n|-supereffective|p2a: Iron Moth\n|-crit|p2a: Iron Moth\n|-damage|p2a: Iron Moth|0 fnt\n|faint|p2a: Iron Moth\n|-end|p2a: Iron Moth|Quark Drive|[silent]\n|\n|upkeep\n|inactive|kenny powers has 120 seconds left.\n|\n|t:|1781459012\n|switch|p2a: Hydrapple|Hydrapple, L83, F|312/312\n|turn|17\n|\n|t:|1781459024\n|move|p2a: Hydrapple|Fickle Beam|p1a: Slowking\n|-damage|p1a: Slowking|119/300\n|move|p1a: Slowking|Sludge Bomb|p2a: Hydrapple\n|-supereffective|p2a: Hydrapple\n|-damage|p2a: Hydrapple|94/312\n|\n|upkeep\n|turn|18\n|\n|t:|1781459031\n|switch|p1a: Swanna|Swanna, L89, M|278/278\n|move|p2a: Hydrapple|Fickle Beam|p1a: Swanna\n|-damage|p1a: Swanna|109/278\n|\n|upkeep\n|turn|19\n|\n|t:|1781459038\n|move|p1a: Swanna|Brave Bird|p2a: Hydrapple\n|-supereffective|p2a: Hydrapple\n|-damage|p2a: Hydrapple|0 fnt\n|faint|p2a: Hydrapple\n|-damage|p1a: Swanna|78/278|[from] Recoil\n|\n|upkeep\n|\n|t:|1781459046\n|switch|p2a: Cinderace|Cinderace, L77, F|249/249\n|turn|20\n|inactive|kenny powers has 120 seconds left.\n|\n|t:|1781459071\n|move|p2a: Cinderace|Gunk Shot|p1a: Swanna\n|-start|p2a: Cinderace|typechange|Poison|[from] ability: Libero\n|-crit|p1a: Swanna\n|-damage|p1a: Swanna|0 fnt\n|faint|p1a: Swanna\n|\n|upkeep\n|\n|t:|1781459077\n|switch|p1a: Slowking|Slowking-Galar, L85, F|219/300\n|turn|21\n|inactive|kenny powers has 120 seconds left.\n|\n|t:|1781459087\n|switch|p2a: Tsareena|Tsareena, L87, F|267/267\n|move|p1a: Slowking|Psychic Noise|p2a: Tsareena\n|-damage|p2a: Tsareena|183/267\n|-start|p2a: Tsareena|move: Heal Block\n|\n|upkeep\n|turn|22\n|inactive|kenny powers has 120 seconds left.\n|\n|t:|1781459099\n|switch|p1a: Chi-Yu|Chi-Yu, L77|211/211\n|-ability|p1a: Chi-Yu|Beads of Ruin\n|move|p2a: Tsareena|Triple Axel|p1a: Chi-Yu\n|-resisted|p1a: Chi-Yu\n|-damage|p1a: Chi-Yu|194/211\n|-resisted|p1a: Chi-Yu\n|-damage|p1a: Chi-Yu|163/211\n|-resisted|p1a: Chi-Yu\n|-damage|p1a: Chi-Yu|114/211\n|-hitcount|p1a: Chi-Yu|3\n|\n|-end|p2a: Tsareena|move: Heal Block\n|upkeep\n|turn|23\n|inactive|kenny powers has 120 seconds left.\n|\n|t:|1781459113\n|switch|p2a: Cinderace|Cinderace, L77, F|249/249\n|move|p1a: Chi-Yu|Flamethrower|p2a: Cinderace\n|-resisted|p2a: Cinderace\n|-damage|p2a: Cinderace|164/249\n|\n|upkeep\n|turn|24\n|inactive|kenny powers has 120 seconds left.\n|\n|t:|1781459129\n|switch|p1a: Porygon-Z|Porygon-Z, L83|97/277\n|move|p2a: Cinderace|Pyro Ball|p1a: Porygon-Z\n|-damage|p1a: Porygon-Z|0 fnt\n|faint|p1a: Porygon-Z\n|\n|upkeep\n|\n|t:|1781459143\n|switch|p1a: Slowking|Slowking-Galar, L85, F|300/300\n|turn|25\n|\n|t:|1781459146\n|move|p2a: Cinderace|Pyro Ball|p1a: Slowking\n|-damage|p1a: Slowking|95/300\n|move|p1a: Slowking|Sludge Bomb|p2a: Cinderace\n|-damage|p2a: Cinderace|41/249\n|\n|upkeep\n|turn|26\n|\n|t:|1781459161\n|move|p2a: Cinderace|Pyro Ball|p1a: Slowking\n|-damage|p1a: Slowking|0 fnt\n|faint|p1a: Slowking\n|\n|upkeep\n|\n|t:|1781459162\n|switch|p1a: Chi-Yu|Chi-Yu, L77|114/211\n|-ability|p1a: Chi-Yu|Beads of Ruin\n|turn|27\n|\n|t:|1781459168\n|move|p1a: Chi-Yu|Flamethrower|p2a: Cinderace\n|-resisted|p2a: Cinderace\n|-damage|p2a: Cinderace|0 fnt\n|faint|p2a: Cinderace\n|\n|upkeep\n|\n|t:|1781459174\n|switch|p2a: Tsareena|Tsareena, L87, F|183/267\n|turn|28\n|c|\u2606kenny powers|only bad options left\n|inactive|kenny powers has 120 seconds left.\n|\n|t:|1781459206\n|move|p1a: Chi-Yu|Flamethrower|p2a: Tsareena\n|-supereffective|p2a: Tsareena\n|-damage|p2a: Tsareena|0 fnt\n|faint|p2a: Tsareena\n|\n|win|mysticle\u2666marshadow\n", "inputlog": ">version a8376a258c1d4662feba110a92103f3664a72141\n>start {\"formatid\":\"gen9randombattle\",\"seed\":\"sodium,1d9d98f1085a33f303d3ebb0438c4f53\",\"rated\":\"Rated battle\"}\n>player p1 {\"name\":\"mysticle\u2666marshadow\",\"avatar\":\"unknownf\",\"rating\":1918,\"seed\":\"sodium,9580297880cef9cf03aa02c0bbcfb292\"}\n>player p2 {\"name\":\"kenny powers\",\"avatar\":\"265\",\"rating\":1931,\"seed\":\"sodium,7a06245cc39604ea0623601a133dcc4a\"}\n>p1 switch 2\n>p2 move earthpower\n>p1 move gunkshot\n>p2 switch 2\n>p1 switch 5\n>p2 move earthquake\n>p1 move hydropump\n>p2 switch 5\n>p1 switch 3\n>p2 move bodyslam\n>p1 move gunkshot\n>p2 move curse\n>p1 move swordsdance\n>p2 move rest\n>p1 move gunkshot\n>p2 move sleeptalk\n>p1 move gunkshot\n>p2 move sleeptalk\n>p2 switch 3\n>p1 switch 5\n>p2 move powerwhip\n>p1 switch 5\n>p2 switch 5\n>p1 move poltergeist\n>p2 move heavyslam terastallize\n>p1 switch 6\n>p1 move triattack\n>p2 move heavyslam\n>p2 switch 6\n>p1 move triattack\n>p2 move sludgewave\n>p1 switch 4\n>p2 move fierydance\n>p1 move psychicnoise\n>p2 move sludgewave\n>p2 switch 2\n>p1 move sludgebomb\n>p2 move ficklebeam\n>p1 switch 3\n>p2 move ficklebeam\n>p1 move bravebird\n>p2 move ficklebeam\n>p2 switch 4\n>p1 move hydropump\n>p2 move gunkshot\n>p1 switch 3\n>p1 move psychicnoise\n>p2 switch 5\n>p1 switch 2\n>p2 move tripleaxel\n>p1 move flamethrower\n>p2 switch 5\n>p1 switch 4\n>p2 move pyroball\n>p1 switch 2\n>p1 move sludgebomb\n>p2 move pyroball\n>p1 move sludgebomb\n>p2 move pyroball\n>p1 switch 4\n>p1 move flamethrower\n>p2 move pyroball\n>p2 switch 5\n>chat \u2606kenny powers|only bad options left\n>p1 move flamethrower\n>p2 move tripleaxel", "uploadtime": 1781458706, "views": 5, "formatid": "gen9randombattle", "rating": null, "private": 0, "password": null}