{"id": "gen9randombattle-2631769189", "format": "[Gen 9] Random Battle", "players": ["pagenfranskane", "Tuki VN"], "log": "|j|\u2606pagenfranskane\n|j|\u2606Tuki VN\n|t:|1781436769\n|gametype|singles\n|player|p1|pagenfranskane|battlegirl|1979\n|player|p2|Tuki VN|lance-gen1rb|2016\n|gen|9\n|tier|[Gen 9] Random Battle\n|rated|\n|rule|Species Clause: Limit one of each Pok\u00e9mon\n|rule|HP Percentage Mod: HP is shown in percentages\n|rule|Sleep Clause Mod: Limit one foe put to sleep\n|rule|Illusion Level Mod: Illusion disguises the Pok\u00e9mon's true level\n|\n|t:|1781436769\n|teamsize|p1|6\n|teamsize|p2|6\n|start\n|switch|p1a: Mightyena|Mightyena, L96, M|290/290\n|switch|p2a: Iron Jugulis|Iron Jugulis, L77|271/271\n|-ability|p1a: Mightyena|Intimidate|boost\n|-unboost|p2a: Iron Jugulis|atk|1\n|turn|1\n|inactive|Battle timer is ON: inactive players will automatically lose when time's up. (requested by Tuki VN)\n|\n|t:|1781436821\n|move|p2a: Iron Jugulis|Meteor Beam||[still]\n|-prepare|p2a: Iron Jugulis|Meteor Beam\n|-boost|p2a: Iron Jugulis|spa|1\n|-enditem|p2a: Iron Jugulis|Power Herb\n|-anim|p2a: Iron Jugulis|Meteor Beam|p1a: Mightyena\n|-damage|p1a: Mightyena|195/290\n|move|p1a: Mightyena|Play Rough|p2a: Iron Jugulis\n|-supereffective|p2a: Iron Jugulis\n|-damage|p2a: Iron Jugulis|107/271\n|\n|upkeep\n|turn|2\n|\n|t:|1781436827\n|move|p2a: Iron Jugulis|Hurricane|p1a: Mightyena\n|-damage|p1a: Mightyena|60/290\n|move|p1a: Mightyena|Play Rough|p2a: Iron Jugulis|[miss]\n|-miss|p1a: Mightyena|p2a: Iron Jugulis\n|\n|upkeep\n|turn|3\n|\n|t:|1781436834\n|move|p1a: Mightyena|Sucker Punch|p2a: Iron Jugulis\n|-resisted|p2a: Iron Jugulis\n|-damage|p2a: Iron Jugulis|55/271\n|move|p2a: Iron Jugulis|Earth Power|p1a: Mightyena\n|-damage|p1a: Mightyena|0 fnt\n|faint|p1a: Mightyena\n|\n|upkeep\n|\n|t:|1781436842\n|switch|p1a: Hoopa|Hoopa, L85|275/275\n|turn|4\n|\n|t:|1781436847\n|move|p1a: Hoopa|Shadow Ball|p2a: Iron Jugulis\n|-resisted|p2a: Iron Jugulis\n|-damage|p2a: Iron Jugulis|0 fnt\n|faint|p2a: Iron Jugulis\n|-end|p2a: Iron Jugulis|Quark Drive|[silent]\n|\n|upkeep\n|\n|t:|1781436858\n|switch|p2a: Pawmot|Pawmot, L80, M|243/243\n|turn|5\n|\n|t:|1781436865\n|move|p1a: Hoopa|Shadow Ball|p2a: Pawmot\n|-damage|p2a: Pawmot|74/243\n|move|p2a: Pawmot|Knock Off|p1a: Hoopa\n|-supereffective|p1a: Hoopa\n|-damage|p1a: Hoopa|0 fnt\n|-enditem|p1a: Hoopa|Choice Scarf|[from] move: Knock Off|[of] p2a: Pawmot\n|faint|p1a: Hoopa\n|-damage|p2a: Pawmot|50/243|[from] item: Life Orb\n|\n|upkeep\n|\n|t:|1781436875\n|switch|p1a: Metagross|Metagross, L79|256/256\n|turn|6\n|\n|t:|1781436885\n|move|p2a: Pawmot|Double Shock|p1a: Metagross\n|-damage|p1a: Metagross|127/256\n|-start|p2a: Pawmot|typechange|???/Fighting|[from] move: Double Shock\n|-damage|p2a: Pawmot|26/243|[from] item: Life Orb\n|move|p1a: Metagross|Agility|p1a: Metagross\n|-boost|p1a: Metagross|spe|2\n|\n|upkeep\n|turn|7\n|\n|t:|1781436896\n|switch|p2a: Ceruledge|Ceruledge, L78, F|245/245\n|move|p1a: Metagross|Knock Off|p2a: Ceruledge\n|-supereffective|p2a: Ceruledge\n|-damage|p2a: Ceruledge|59/245\n|-ability|p2a: Ceruledge|Weak Armor|boost\n|-unboost|p2a: Ceruledge|def|1\n|-boost|p2a: Ceruledge|spe|2\n|-enditem|p2a: Ceruledge|Heavy-Duty Boots|[from] move: Knock Off|[of] p1a: Metagross\n|\n|upkeep\n|turn|8\n|\n|t:|1781436909\n|move|p2a: Ceruledge|Poltergeist|p1a: Metagross\n|-activate|p1a: Metagross|move: Poltergeist|Weakness Policy\n|-supereffective|p1a: Metagross\n|-damage|p1a: Metagross|0 fnt\n|faint|p1a: Metagross\n|\n|upkeep\n|\n|t:|1781436912\n|switch|p1a: Politoed|Politoed, L88, M|302/302\n|-weather|RainDance|[from] ability: Drizzle|[of] p1a: Politoed\n|turn|9\n|\n|t:|1781436917\n|move|p2a: Ceruledge|Poltergeist|p1a: Politoed\n|-activate|p1a: Politoed|move: Poltergeist|Choice Specs\n|-damage|p1a: Politoed|157/302\n|move|p1a: Politoed|Weather Ball|p2a: Ceruledge\n|-supereffective|p2a: Ceruledge\n|-damage|p2a: Ceruledge|0 fnt\n|faint|p2a: Ceruledge\n|\n|-weather|RainDance|[upkeep]\n|upkeep\n|\n|t:|1781436924\n|switch|p2a: Pawmot|Pawmot, L80, M|26/243\n|turn|10\n|\n|t:|1781436928\n|move|p2a: Pawmot|Double Shock|p1a: Politoed\n|-supereffective|p1a: Politoed\n|-damage|p1a: Politoed|0 fnt\n|-start|p2a: Pawmot|typechange|???/Fighting|[from] move: Double Shock\n|faint|p1a: Politoed\n|-damage|p2a: Pawmot|2/243|[from] item: Life Orb\n|\n|-weather|RainDance|[upkeep]\n|upkeep\n|\n|t:|1781436935\n|switch|p1a: Skeledirge|Skeledirge, L79, F|294/294\n|turn|11\n|\n|t:|1781436944\n|move|p2a: Pawmot|Knock Off|p1a: Skeledirge\n|-supereffective|p1a: Skeledirge\n|-damage|p1a: Skeledirge|122/294\n|-enditem|p1a: Skeledirge|Heavy-Duty Boots|[from] move: Knock Off|[of] p2a: Pawmot\n|-damage|p2a: Pawmot|0 fnt|[from] item: Life Orb\n|faint|p2a: Pawmot\n|move|p1a: Skeledirge|Flame Charge|p2: Pawmot|[notarget]\n|-fail|p1a: Skeledirge\n|\n|-weather|RainDance|[upkeep]\n|upkeep\n|\n|t:|1781436960\n|switch|p2a: Haxorus|Haxorus, L77, F|244/244\n|-ability|p2a: Haxorus|Mold Breaker\n|turn|12\n|\n|t:|1781436970\n|move|p2a: Haxorus|Earthquake|p1a: Skeledirge\n|-supereffective|p1a: Skeledirge\n|-damage|p1a: Skeledirge|0 fnt\n|faint|p1a: Skeledirge\n|\n|-weather|RainDance|[upkeep]\n|upkeep\n|\n|t:|1781436972\n|switch|p1a: Bastiodon|Bastiodon, L89, M|252/252\n|turn|13\n|\n|t:|1781436990\n|move|p2a: Haxorus|Swords Dance|p2a: Haxorus\n|-boost|p2a: Haxorus|atk|2\n|move|p1a: Bastiodon|Iron Defense|p1a: Bastiodon\n|-boost|p1a: Bastiodon|def|2\n|\n|-weather|none\n|upkeep\n|turn|14\n|\n|t:|1781436996\n|-terastallize|p1a: Bastiodon|Fighting\n|move|p2a: Haxorus|Swords Dance|p2a: Haxorus\n|-boost|p2a: Haxorus|atk|2\n|move|p1a: Bastiodon|Iron Defense|p1a: Bastiodon\n|-boost|p1a: Bastiodon|def|2\n|\n|upkeep\n|turn|15\n|\n|t:|1781437004\n|move|p2a: Haxorus|Iron Head|p1a: Bastiodon\n|-crit|p1a: Bastiodon\n|-damage|p1a: Bastiodon|78/252\n|move|p1a: Bastiodon|Iron Defense|p1a: Bastiodon\n|-boost|p1a: Bastiodon|def|2\n|\n|upkeep\n|turn|16\n|\n|t:|1781437015\n|move|p2a: Haxorus|Swords Dance|p2a: Haxorus\n|-boost|p2a: Haxorus|atk|2\n|move|p1a: Bastiodon|Rest|p1a: Bastiodon\n|-status|p1a: Bastiodon|slp|[from] move: Rest\n|-heal|p1a: Bastiodon|252/252 slp|[silent]\n|-enditem|p1a: Bastiodon|Chesto Berry|[eat]\n|-curestatus|p1a: Bastiodon|slp|[msg]\n|\n|upkeep\n|turn|17\n|\n|t:|1781437029\n|move|p2a: Haxorus|Iron Head|p1a: Bastiodon\n|-damage|p1a: Bastiodon|214/252\n|move|p1a: Bastiodon|Body Press|p2a: Haxorus\n|-damage|p2a: Haxorus|0 fnt\n|faint|p2a: Haxorus\n|\n|upkeep\n|-message|Tuki VN forfeited.\n|\n|win|pagenfranskane\n", "inputlog": ">version a8376a258c1d4662feba110a92103f3664a72141\n>start {\"formatid\":\"gen9randombattle\",\"seed\":\"sodium,92356c47ac44ac0231e9ff8c6b46f431\",\"rated\":\"Rated battle\"}\n>player p1 {\"name\":\"pagenfranskane\",\"avatar\":\"battlegirl\",\"rating\":1979,\"seed\":\"sodium,f4bfaf189140e2800020a1ca55c5ec7a\"}\n>player p2 {\"name\":\"Tuki VN\",\"avatar\":\"lance-gen1rb\",\"rating\":2016,\"seed\":\"sodium,862f67b8d7f2d02eb4d9c066c93b305f\"}\n>p1 move playrough\n>p2 move meteorbeam\n>p1 move playrough\n>p2 move hurricane\n>p1 move suckerpunch\n>p2 move earthpower\n>p1 switch 2\n>p1 move shadowball\n>p2 move darkpulse\n>p2 switch 4\n>p1 move shadowball\n>p2 move knockoff\n>p1 switch 6\n>p1 move agility\n>p2 move doubleshock\n>p1 move knockoff\n>p2 switch 5\n>p1 move knockoff\n>p2 move poltergeist\n>p1 switch 4\n>p1 move weatherball\n>p2 move poltergeist\n>p2 switch 5\n>p1 move weatherball\n>p2 move doubleshock\n>p1 switch 5\n>p1 move flamecharge\n>p2 move knockoff\n>p2 switch 3\n>p1 move shadowball\n>p2 move earthquake\n>p1 switch 3\n>p1 move irondefense\n>p2 move swordsdance\n>p1 move irondefense terastallize\n>p2 move swordsdance\n>p1 move irondefense\n>p2 move ironhead\n>p1 move rest\n>p2 move swordsdance\n>p1 move bodypress\n>p2 move ironhead\n>forcelose p2", "uploadtime": 1781436771, "views": 4, "formatid": "gen9randombattle", "rating": null, "private": 0, "password": null}