{"id": "gen9randombattle-2631493691", "format": "[Gen 9] Random Battle", "players": ["TheSkiDY", "boxhero147"], "log": "|j|\u2606TheSkiDY\n|j|\u2606boxhero147\n|t:|1781392077\n|gametype|singles\n|player|p1|TheSkiDY|backersf|1995\n|player|p2|boxhero147|169|2029\n|gen|9\n|tier|[Gen 9] Random Battle\n|rated|\n|rule|Species Clause: Limit one of each Pok\u00e9mon\n|rule|HP Percentage Mod: HP is shown in percentages\n|rule|Sleep Clause Mod: Limit one foe put to sleep\n|rule|Illusion Level Mod: Illusion disguises the Pok\u00e9mon's true level\n|\n|t:|1781392077\n|teamsize|p1|6\n|teamsize|p2|6\n|start\n|switch|p1a: Gallade|Gallade, L80, M|240/240\n|switch|p2a: Scyther|Scyther, L82, M|249/249\n|turn|1\n|\n|t:|1781392099\n|switch|p1a: Tyranitar|Tyranitar, L78, M|284/284\n|-weather|Sandstorm|[from] ability: Sand Stream|[of] p1a: Tyranitar\n|move|p2a: Scyther|Swords Dance|p2a: Scyther\n|-boost|p2a: Scyther|atk|2\n|\n|-weather|Sandstorm|[upkeep]\n|-damage|p2a: Scyther|234/249|[from] Sandstorm\n|upkeep\n|turn|2\n|\n|t:|1781392115\n|switch|p1a: Salamence|Salamence, L77, F|273/273\n|-ability|p1a: Salamence|Intimidate|boost\n|-unboost|p2a: Scyther|atk|1\n|move|p2a: Scyther|Close Combat|p1a: Salamence\n|-resisted|p1a: Salamence\n|-damage|p1a: Salamence|200/273\n|-unboost|p2a: Scyther|def|1\n|-unboost|p2a: Scyther|spd|1\n|\n|-weather|Sandstorm|[upkeep]\n|-damage|p2a: Scyther|219/249|[from] Sandstorm\n|-damage|p1a: Salamence|183/273|[from] Sandstorm\n|upkeep\n|turn|3\n|\n|t:|1781392129\n|move|p2a: Scyther|Dual Wingbeat|p1a: Salamence\n|-damage|p1a: Salamence|72/273\n|-damage|p1a: Salamence|0 fnt\n|faint|p1a: Salamence\n|-hitcount|p1: Salamence|2\n|\n|-weather|Sandstorm|[upkeep]\n|-damage|p2a: Scyther|204/249|[from] Sandstorm\n|upkeep\n|\n|t:|1781392133\n|switch|p1a: Iron Bundle|Iron Bundle, L78|215/215\n|turn|4\n|\n|t:|1781392139\n|-terastallize|p2a: Scyther|Fighting\n|move|p1a: Iron Bundle|Freeze-Dry|p2a: Scyther\n|-crit|p2a: Scyther\n|-damage|p2a: Scyther|5/249\n|move|p2a: Scyther|Close Combat|p1a: Iron Bundle\n|-supereffective|p1a: Iron Bundle\n|-damage|p1a: Iron Bundle|0 fnt\n|-unboost|p2a: Scyther|def|1\n|-unboost|p2a: Scyther|spd|1\n|faint|p1a: Iron Bundle\n|-end|p1a: Iron Bundle|Quark Drive|[silent]\n|\n|-weather|Sandstorm|[upkeep]\n|-damage|p2a: Scyther|0 fnt|[from] Sandstorm\n|faint|p2a: Scyther\n|upkeep\n|\n|t:|1781392162\n|switch|p1a: Blastoise|Blastoise, L80, M|258/258\n|switch|p2a: Leafeon|Leafeon, L88, M|258/258\n|turn|5\n|\n|t:|1781392172\n|switch|p1a: Lilligant|Lilligant, L86, F|261/261\n|move|p2a: Leafeon|Leaf Blade|p1a: Lilligant\n|-resisted|p1a: Lilligant\n|-damage|p1a: Lilligant|174/261\n|-damage|p2a: Leafeon|233/258|[from] item: Life Orb\n|\n|-weather|none\n|upkeep\n|turn|6\n|\n|t:|1781392181\n|switch|p2a: Oricorio|Oricorio-Pom-Pom, L82, F|257/257\n|move|p1a: Lilligant|Quiver Dance|p1a: Lilligant\n|-boost|p1a: Lilligant|spa|1\n|-boost|p1a: Lilligant|spd|1\n|-boost|p1a: Lilligant|spe|1\n|-activate|p2a: Oricorio|ability: Dancer\n|move|p2a: Oricorio|Quiver Dance|p2a: Oricorio|[from] ability: Dancer\n|-boost|p2a: Oricorio|spa|1\n|-boost|p2a: Oricorio|spd|1\n|-boost|p2a: Oricorio|spe|1\n|\n|upkeep\n|turn|7\n|c|\u2606boxhero147|XD\n|\n|t:|1781392199\n|switch|p1a: Tyranitar|Tyranitar, L78, M|284/284\n|-weather|Sandstorm|[from] ability: Sand Stream|[of] p1a: Tyranitar\n|move|p2a: Oricorio|Hurricane|p1a: Tyranitar\n|-resisted|p1a: Tyranitar\n|-damage|p1a: Tyranitar|231/284\n|-start|p1a: Tyranitar|confusion\n|\n|-weather|Sandstorm|[upkeep]\n|-damage|p2a: Oricorio|241/257|[from] Sandstorm\n|-heal|p1a: Tyranitar|248/284|[from] item: Leftovers\n|upkeep\n|turn|8\n|\n|t:|1781392206\n|switch|p2a: Leafeon|Leafeon, L88, M|233/258\n|-activate|p1a: Tyranitar|confusion\n|move|p1a: Tyranitar|Stone Edge|p2a: Leafeon\n|-damage|p2a: Leafeon|146/258\n|\n|-weather|Sandstorm|[upkeep]\n|-damage|p2a: Leafeon|130/258|[from] Sandstorm\n|-heal|p1a: Tyranitar|265/284|[from] item: Leftovers\n|upkeep\n|turn|9\n|\n|t:|1781392217\n|move|p2a: Leafeon|Leaf Blade|p1a: Tyranitar\n|-supereffective|p1a: Tyranitar\n|-damage|p1a: Tyranitar|0 fnt\n|faint|p1a: Tyranitar\n|-damage|p2a: Leafeon|105/258|[from] item: Life Orb\n|\n|-weather|Sandstorm|[upkeep]\n|-damage|p2a: Leafeon|89/258|[from] Sandstorm\n|upkeep\n|-message|TheSkiDY forfeited.\n|\n|win|boxhero147\n", "inputlog": ">version a8376a258c1d4662feba110a92103f3664a72141\n>start {\"formatid\":\"gen9randombattle\",\"seed\":\"sodium,555341fd869be2f07efbf440b810519a\",\"rated\":\"Rated battle\"}\n>player p1 {\"name\":\"TheSkiDY\",\"avatar\":\"backersf\",\"rating\":1995,\"seed\":\"sodium,f3fb9e5061ae14ba64b7220561a78878\"}\n>player p2 {\"name\":\"boxhero147\",\"avatar\":\"169\",\"rating\":2029,\"seed\":\"sodium,e5220e720b2b5c182886811049d76d72\"}\n>p1 switch 5\n>p2 move swordsdance\n>p1 switch 2\n>p2 move closecombat\n>p1 move dualwingbeat\n>p2 move dualwingbeat\n>p1 switch 4\n>p1 move freezedry\n>p2 move closecombat terastallize\n>p1 switch 6\n>p2 switch 5\n>p1 switch 3\n>p2 move leafblade\n>p1 move quiverdance\n>p2 switch 4\n>chat \u2606boxhero147|XD\n>p1 switch 2\n>p2 move hurricane\n>p1 move stoneedge\n>p2 switch 4\n>p1 move thunderwave\n>p2 move leafblade\n>forcelose p1", "uploadtime": 1781392078, "views": 4, "formatid": "gen9randombattle", "rating": null, "private": 0, "password": null}