{"id": "gen9randombattle-2631856069", "format": "[Gen 9] Random Battle", "players": ["chopperchwan", "kylerr"], "log": "|j|\u2606chopperchwan\n|j|\u2606kylerr\n|t:|1781448666\n|gametype|singles\n|player|p1|chopperchwan|ninjaboy|1719\n|player|p2|kylerr|cameraman|1691\n|gen|9\n|tier|[Gen 9] Random Battle\n|rated|\n|rule|Species Clause: Limit one of each Pok\u00e9mon\n|rule|HP Percentage Mod: HP is shown in percentages\n|rule|Sleep Clause Mod: Limit one foe put to sleep\n|rule|Illusion Level Mod: Illusion disguises the Pok\u00e9mon's true level\n|\n|t:|1781448666\n|teamsize|p1|6\n|teamsize|p2|6\n|start\n|switch|p1a: Miraidon|Miraidon, L65|238/238\n|switch|p2a: Regidrago|Regidrago, L77|435/435\n|-fieldstart|move: Electric Terrain|[from] ability: Hadron Engine|[of] p1a: Miraidon\n|turn|1\n|inactive|Battle timer is ON: inactive players will automatically lose when time's up. (requested by chopperchwan)\n|inactive|chopperchwan has 120 seconds left.\n|\n|t:|1781448702\n|switch|p1a: Chimecho|Chimecho, L93, M|290/290\n|switch|p2a: Spiritomb|Spiritomb, L89, M|234/234\n|\n|upkeep\n|turn|2\n|\n|t:|1781448715\n|switch|p1a: Pelipper|Pelipper, L86, F|243/243\n|-weather|RainDance|[from] ability: Drizzle|[of] p1a: Pelipper\n|move|p2a: Spiritomb|Toxic|p1a: Pelipper\n|-status|p1a: Pelipper|tox\n|\n|-weather|RainDance|[upkeep]\n|-damage|p1a: Pelipper|228/243 tox|[from] psn\n|upkeep\n|turn|3\n|\n|t:|1781448726\n|switch|p2a: Rayquaza|Rayquaza, L72|270/270\n|-ability|p2a: Rayquaza|Air Lock\n|move|p1a: Pelipper|Weather Ball|p2a: Rayquaza\n|-damage|p2a: Rayquaza|202/270\n|\n|-weather|RainDance|[upkeep]\n|-damage|p1a: Pelipper|198/243 tox|[from] psn\n|upkeep\n|turn|4\n|\n|t:|1781448749\n|switch|p2a: Spiritomb|Spiritomb, L89, M|234/234\n|switch|p1a: Raichu|Raichu-Alola, L87, F|246/246\n|\n|-weather|RainDance|[upkeep]\n|upkeep\n|turn|5\n|\n|t:|1781448765\n|switch|p1a: Pelipper|Pelipper, L86, F|198/243 tox\n|move|p2a: Spiritomb|Poltergeist|p1a: Pelipper\n|-activate|p1a: Pelipper|move: Poltergeist|Choice Specs\n|-damage|p1a: Pelipper|93/243 tox\n|\n|-weather|RainDance|[upkeep]\n|-damage|p1a: Pelipper|78/243 tox|[from] psn\n|-fieldend|move: Electric Terrain\n|upkeep\n|turn|6\n|\n|t:|1781448778\n|move|p2a: Spiritomb|Shadow Sneak|p1a: Pelipper\n|-damage|p1a: Pelipper|41/243 tox\n|move|p1a: Pelipper|Hurricane|p2a: Spiritomb\n|-damage|p2a: Spiritomb|98/234\n|\n|-weather|none\n|-heal|p2a: Spiritomb|112/234|[from] item: Leftovers\n|-damage|p1a: Pelipper|11/243 tox|[from] psn\n|upkeep\n|turn|7\n|\n|t:|1781448787\n|move|p2a: Spiritomb|Shadow Sneak|p1a: Pelipper\n|-damage|p1a: Pelipper|0 fnt\n|faint|p1a: Pelipper\n|\n|-heal|p2a: Spiritomb|126/234|[from] item: Leftovers\n|upkeep\n|\n|t:|1781448800\n|switch|p1a: Dugtrio|Dugtrio, L84, F|196/196\n|turn|8\n|\n|t:|1781448809\n|move|p1a: Dugtrio|Earthquake|p2a: Spiritomb\n|-damage|p2a: Spiritomb|13/234\n|-damage|p1a: Dugtrio|177/196|[from] item: Life Orb\n|move|p2a: Spiritomb|Foul Play|p1a: Dugtrio\n|-damage|p1a: Dugtrio|15/196\n|\n|-heal|p2a: Spiritomb|27/234|[from] item: Leftovers\n|upkeep\n|turn|9\n|\n|t:|1781448822\n|move|p1a: Dugtrio|Sucker Punch|p2a: Spiritomb\n|-damage|p2a: Spiritomb|0 fnt\n|faint|p2a: Spiritomb\n|-damage|p1a: Dugtrio|0 fnt|[from] item: Life Orb\n|faint|p1a: Dugtrio\n|\n|upkeep\n|\n|t:|1781448831\n|switch|p1a: Miraidon|Miraidon, L65|238/238\n|switch|p2a: Plusle|Plusle, L95, M|268/268\n|-fieldstart|move: Electric Terrain|[from] ability: Hadron Engine|[of] p1a: Miraidon\n|turn|10\n|\n|t:|1781448845\n|switch|p1a: Chimecho|Chimecho, L93, M|290/290\n|move|p2a: Plusle|Nasty Plot|p2a: Plusle\n|-boost|p2a: Plusle|spa|2\n|\n|upkeep\n|turn|11\n|\n|t:|1781448856\n|move|p2a: Plusle|Thunderbolt|p1a: Chimecho\n|-damage|p1a: Chimecho|0 fnt\n|faint|p1a: Chimecho\n|-damage|p2a: Plusle|242/268|[from] item: Life Orb\n|\n|upkeep\n|\n|t:|1781448863\n|switch|p1a: Raichu|Raichu-Alola, L87, F|246/246\n|turn|12\n|\n|t:|1781448876\n|move|p1a: Raichu|Nasty Plot|p1a: Raichu\n|-boost|p1a: Raichu|spa|2\n|move|p2a: Plusle|Thunderbolt|p1a: Raichu\n|-resisted|p1a: Raichu\n|-damage|p1a: Raichu|54/246\n|-damage|p2a: Plusle|216/268|[from] item: Life Orb\n|\n|upkeep\n|turn|13\n|\n|t:|1781448890\n|move|p1a: Raichu|Psyshock|p2a: Plusle\n|-damage|p2a: Plusle|0 fnt\n|faint|p2a: Plusle\n|-damage|p1a: Raichu|30/246|[from] item: Life Orb\n|\n|upkeep\n|\n|t:|1781448902\n|switch|p2a: Regidrago|Regidrago, L77|435/435\n|turn|14\n|\n|t:|1781448906\n|move|p1a: Raichu|Psyshock|p2a: Regidrago\n|-damage|p2a: Regidrago|45/435\n|-damage|p1a: Raichu|6/246|[from] item: Life Orb\n|move|p2a: Regidrago|Dragon Dance|p2a: Regidrago\n|-boost|p2a: Regidrago|atk|1\n|-boost|p2a: Regidrago|spe|1\n|\n|-fieldend|move: Electric Terrain\n|upkeep\n|turn|15\n|\n|t:|1781448917\n|move|p2a: Regidrago|Earthquake|p1a: Raichu\n|-supereffective|p1a: Raichu\n|-damage|p1a: Raichu|0 fnt\n|faint|p1a: Raichu\n|\n|upkeep\n|\n|t:|1781448921\n|switch|p1a: Mismagius|Mismagius, L86, F|243/243\n|turn|16\n|\n|t:|1781448928\n|move|p2a: Regidrago|Outrage|p1a: Mismagius\n|-damage|p1a: Mismagius|0 fnt\n|faint|p1a: Mismagius\n|\n|upkeep\n|\n|t:|1781448933\n|switch|p1a: Miraidon|Miraidon, L65|238/238\n|-fieldstart|move: Electric Terrain|[from] ability: Hadron Engine|[of] p1a: Miraidon\n|turn|17\n|c|\u2606kylerr|Gg\n|\n|t:|1781448941\n|-terastallize|p1a: Miraidon|Electric\n|move|p2a: Regidrago|Outrage|p1a: Miraidon|[from] lockedmove\n|-damage|p1a: Miraidon|0 fnt\n|faint|p1a: Miraidon\n|\n|win|kylerr\n|raw|chopperchwan's rating: 1719 &rarr; <strong>1697</strong><br />(-22 for losing)\n|raw|kylerr's rating: 1691 &rarr; <strong>1713</strong><br />(+22 for winning)\n|l|\u2606chopperchwan\n|player|p1|\n", "inputlog": ">version a8376a258c1d4662feba110a92103f3664a72141\n>start {\"formatid\":\"gen9randombattle\",\"seed\":\"sodium,3381eff17a633b2711bb9e272df383e7\",\"rated\":\"Rated battle\"}\n>player p1 {\"name\":\"chopperchwan\",\"avatar\":\"ninjaboy\",\"rating\":1719,\"seed\":\"sodium,75c72e54ea769930508bedaf86f1ee45\"}\n>player p2 {\"name\":\"kylerr\",\"avatar\":\"cameraman\",\"rating\":1691,\"seed\":\"sodium,98456010429506db0d3f8baf3838f605\"}\n>p1 switch 3\n>p2 switch 3\n>p1 switch 4\n>p2 move toxic\n>p1 move weatherball\n>p2 switch 6\n>p1 switch 6\n>p2 switch 6\n>p1 switch 6\n>p2 move poltergeist\n>p1 move hurricane\n>p2 move shadowsneak\n>p1 move hurricane\n>p2 move shadowsneak\n>p1 switch 2\n>p1 move earthquake\n>p2 move foulplay\n>p1 move suckerpunch\n>p2 move shadowsneak\n>p1 switch 3\n>p2 switch 2\n>p1 switch 4\n>p2 move nastyplot\n>p1 move cosmicpower\n>p2 move thunderbolt\n>p1 switch 6\n>p1 move nastyplot\n>p2 move thunderbolt\n>p1 move psyshock\n>p2 move thunderbolt\n>p2 switch 3\n>p1 move psyshock\n>p2 move dragondance\n>p1 move psyshock\n>p2 move earthquake\n>p1 switch 5\n>p1 move shadowball\n>p2 move outrage\n>p1 switch 4\n>chat \u2606kylerr|Gg\n>p1 move electrodrift terastallize\n>p2 move outrage", "uploadtime": 1781448952, "views": 7, "formatid": "gen9randombattle", "rating": 1697, "private": 0, "password": null}