{"id": "gen9randombattle-2631504007", "format": "[Gen 9] Random Battle", "players": ["swint4", "Thejavi02"], "log": "|j|\u2606swint4\n|j|\u2606Thejavi02\n|t:|1781393521\n|gametype|singles\n|player|p1|swint4|266|\n|player|p2|Thejavi02|102|\n|gen|9\n|tier|[Gen 9] Random Battle\n|rule|Species Clause: Limit one of each Pok\u00e9mon\n|rule|HP Percentage Mod: HP is shown in percentages\n|rule|Sleep Clause Mod: Limit one foe put to sleep\n|rule|Illusion Level Mod: Illusion disguises the Pok\u00e9mon's true level\n|\n|t:|1781393521\n|teamsize|p1|6\n|teamsize|p2|6\n|start\n|switch|p1a: Terapagos|Terapagos, L77, M|265/265\n|switch|p2a: Coalossal|Coalossal, L89, F|341/341\n|-activate|p1a: Terapagos|ability: Tera Shift\n|detailschange|p1a: Terapagos|Terapagos-Terastal, L77, M\n|-heal|p1a: Terapagos|273/273|[silent]\n|turn|1\n|\n|t:|1781393554\n|switch|p2a: Hitmonlee|Hitmonlee, L85, M|223/223\n|move|p1a: Terapagos|Dark Pulse|p2a: Hitmonlee\n|-resisted|p2a: Hitmonlee\n|-damage|p2a: Hitmonlee|200/223\n|\n|upkeep\n|turn|2\n|\n|t:|1781393566\n|-terastallize|p1a: Terapagos|Stellar\n|detailschange|p1a: Terapagos|Terapagos-Stellar, L77, M, tera:Stellar\n|-heal|p1a: Terapagos|373/373|[silent]\n|move|p2a: Hitmonlee|High Jump Kick|p1a: Terapagos\n|-supereffective|p1a: Terapagos\n|-damage|p1a: Terapagos|0 fnt\n|faint|p1a: Terapagos\n|detailschange|p1: Terapagos|Terapagos, L77, M|[silent]\n|\n|upkeep\n|\n|t:|1781393577\n|switch|p1a: Corviknight|Corviknight, L80, F|288/288\n|-ability|p1a: Corviknight|Pressure\n|turn|3\n|\n|t:|1781393596\n|move|p2a: Hitmonlee|High Jump Kick|p1a: Corviknight\n|-damage|p1a: Corviknight|0 fnt\n|faint|p1a: Corviknight\n|\n|upkeep\n|\n|t:|1781393604\n|switch|p1a: Raging Bolt|Raging Bolt, L78|323/323\n|-enditem|p1a: Raging Bolt|Booster Energy\n|-activate|p1a: Raging Bolt|ability: Protosynthesis|[fromitem]\n|-start|p1a: Raging Bolt|protosynthesisspa\n|turn|4\n|\n|t:|1781393613\n|move|p2a: Hitmonlee|High Jump Kick|p1a: Raging Bolt\n|-damage|p1a: Raging Bolt|32/323\n|move|p1a: Raging Bolt|Thunderbolt|p2a: Hitmonlee\n|-crit|p2a: Hitmonlee\n|-damage|p2a: Hitmonlee|13/223\n|\n|upkeep\n|turn|5\n|\n|t:|1781393627\n|move|p2a: Hitmonlee|High Jump Kick|p1a: Raging Bolt\n|-damage|p1a: Raging Bolt|0 fnt\n|faint|p1a: Raging Bolt\n|-end|p1a: Raging Bolt|Protosynthesis|[silent]\n|\n|upkeep\n|\n|t:|1781393633\n|switch|p1a: Weezing|Weezing, L88, M|258/258\n|turn|6\n|\n|t:|1781393663\n|move|p2a: Hitmonlee|High Jump Kick|p1a: Weezing\n|-resisted|p1a: Weezing\n|-damage|p1a: Weezing|136/258\n|move|p1a: Weezing|Sludge Bomb|p2a: Hitmonlee\n|-damage|p2a: Hitmonlee|0 fnt\n|faint|p2a: Hitmonlee\n|\n|-heal|p1a: Weezing|152/258|[from] item: Leftovers\n|upkeep\n|\n|t:|1781393698\n|switch|p2a: Coalossal|Coalossal, L89, F|341/341\n|turn|7\n|\n|t:|1781393719\n|switch|p1a: Snorlax|Snorlax, L82, F|397/397\n|move|p2a: Coalossal|Stone Edge|p1a: Snorlax\n|-damage|p1a: Snorlax|256/397\n|\n|-heal|p1a: Snorlax|280/397|[from] item: Leftovers\n|upkeep\n|turn|8\n|\n|t:|1781393741\n|move|p2a: Coalossal|Stealth Rock|p1a: Snorlax\n|-sidestart|p1: swint4|move: Stealth Rock\n|move|p1a: Snorlax|Sleep Talk||[still]\n|-fail|p1a: Snorlax\n|\n|-heal|p1a: Snorlax|304/397|[from] item: Leftovers\n|upkeep\n|turn|9\n|\n|t:|1781393758\n|move|p2a: Coalossal|Flamethrower|p1a: Snorlax\n|-damage|p1a: Snorlax|265/397\n|move|p1a: Snorlax|Rest|p1a: Snorlax\n|-status|p1a: Snorlax|slp|[from] move: Rest\n|-heal|p1a: Snorlax|397/397 slp|[silent]\n|\n|upkeep\n|turn|10\n|\n|t:|1781393767\n|move|p2a: Coalossal|Flamethrower|p1a: Snorlax\n|-damage|p1a: Snorlax|360/397 slp\n|cant|p1a: Snorlax|slp\n|\n|-heal|p1a: Snorlax|384/397 slp|[from] item: Leftovers\n|upkeep\n|turn|11\n|\n|t:|1781393776\n|move|p2a: Coalossal|Flamethrower|p1a: Snorlax\n|-damage|p1a: Snorlax|345/397 slp\n|cant|p1a: Snorlax|slp\n|\n|-heal|p1a: Snorlax|369/397 slp|[from] item: Leftovers\n|upkeep\n|turn|12\n|\n|t:|1781393782\n|move|p2a: Coalossal|Flamethrower|p1a: Snorlax\n|-damage|p1a: Snorlax|330/397 slp\n|-curestatus|p1a: Snorlax|slp|[msg]\n|move|p1a: Snorlax|Body Slam|p2a: Coalossal\n|-resisted|p2a: Coalossal\n|-damage|p2a: Coalossal|308/341\n|-status|p1a: Snorlax|brn|[from] ability: Flame Body|[of] p2a: Coalossal\n|\n|-heal|p1a: Snorlax|354/397 brn|[from] item: Leftovers\n|-damage|p1a: Snorlax|330/397 brn|[from] brn\n|upkeep\n|turn|13\n|\n|t:|1781393808\n|move|p2a: Coalossal|Stone Edge|p1a: Snorlax\n|-crit|p1a: Snorlax\n|-damage|p1a: Snorlax|138/397 brn\n|move|p1a: Snorlax|Rest|p1a: Snorlax\n|-status|p1a: Snorlax|slp|[from] move: Rest\n|-heal|p1a: Snorlax|397/397 slp|[silent]\n|\n|upkeep\n|turn|14\n|\n|t:|1781393818\n|move|p2a: Coalossal|Flamethrower|p1a: Snorlax\n|-damage|p1a: Snorlax|360/397 slp\n|cant|p1a: Snorlax|slp\n|\n|-heal|p1a: Snorlax|384/397 slp|[from] item: Leftovers\n|upkeep\n|turn|15\n|\n|t:|1781393825\n|move|p2a: Coalossal|Flamethrower|p1a: Snorlax\n|-damage|p1a: Snorlax|347/397 slp\n|cant|p1a: Snorlax|slp\n|\n|-heal|p1a: Snorlax|371/397 slp|[from] item: Leftovers\n|upkeep\n|turn|16\n|\n|t:|1781393831\n|switch|p2a: Arceus|Arceus-Electric, L70|284/284\n|-curestatus|p1a: Snorlax|slp|[msg]\n|move|p1a: Snorlax|Curse|p1a: Snorlax\n|-unboost|p1a: Snorlax|spe|1\n|-boost|p1a: Snorlax|atk|1\n|-boost|p1a: Snorlax|def|1\n|\n|-heal|p1a: Snorlax|395/397|[from] item: Leftovers\n|upkeep\n|turn|17\n|\n|t:|1781393844\n|move|p2a: Arceus|Judgment|p1a: Snorlax\n|-damage|p1a: Snorlax|307/397\n|move|p1a: Snorlax|Curse|p1a: Snorlax\n|-unboost|p1a: Snorlax|spe|1\n|-boost|p1a: Snorlax|atk|1\n|-boost|p1a: Snorlax|def|1\n|\n|-heal|p1a: Snorlax|331/397|[from] item: Leftovers\n|upkeep\n|turn|18\n|\n|t:|1781393859\n|move|p2a: Arceus|Calm Mind|p2a: Arceus\n|-boost|p2a: Arceus|spa|1\n|-boost|p2a: Arceus|spd|1\n|move|p1a: Snorlax|Curse|p1a: Snorlax\n|-unboost|p1a: Snorlax|spe|1\n|-boost|p1a: Snorlax|atk|1\n|-boost|p1a: Snorlax|def|1\n|\n|-heal|p1a: Snorlax|355/397|[from] item: Leftovers\n|upkeep\n|turn|19\n|\n|t:|1781393867\n|move|p2a: Arceus|Calm Mind|p2a: Arceus\n|-boost|p2a: Arceus|spa|1\n|-boost|p2a: Arceus|spd|1\n|move|p1a: Snorlax|Curse|p1a: Snorlax\n|-unboost|p1a: Snorlax|spe|1\n|-boost|p1a: Snorlax|atk|1\n|-boost|p1a: Snorlax|def|1\n|\n|-heal|p1a: Snorlax|379/397|[from] item: Leftovers\n|upkeep\n|turn|20\n|\n|t:|1781393875\n|move|p2a: Arceus|Calm Mind|p2a: Arceus\n|-boost|p2a: Arceus|spa|1\n|-boost|p2a: Arceus|spd|1\n|move|p1a: Snorlax|Curse|p1a: Snorlax\n|-unboost|p1a: Snorlax|spe|1\n|-boost|p1a: Snorlax|atk|1\n|-boost|p1a: Snorlax|def|1\n|\n|-heal|p1a: Snorlax|397/397|[from] item: Leftovers\n|upkeep\n|turn|21\n|\n|t:|1781393883\n|move|p2a: Arceus|Calm Mind|p2a: Arceus\n|-boost|p2a: Arceus|spa|1\n|-boost|p2a: Arceus|spd|1\n|move|p1a: Snorlax|Curse|p1a: Snorlax\n|-unboost|p1a: Snorlax|spe|1\n|-boost|p1a: Snorlax|atk|1\n|-boost|p1a: Snorlax|def|1\n|\n|upkeep\n|turn|22\n|\n|t:|1781393899\n|move|p2a: Arceus|Ice Beam|p1a: Snorlax\n|-damage|p1a: Snorlax|333/397\n|move|p1a: Snorlax|Curse|p1a: Snorlax\n|\n|-heal|p1a: Snorlax|357/397|[from] item: Leftovers\n|upkeep\n|turn|23\n|\n|t:|1781393906\n|move|p2a: Arceus|Ice Beam|p1a: Snorlax\n|-damage|p1a: Snorlax|293/397\n|move|p1a: Snorlax|Body Slam|p2a: Arceus\n|-damage|p2a: Arceus|0 fnt\n|faint|p2a: Arceus\n|\n|-heal|p1a: Snorlax|317/397|[from] item: Leftovers\n|upkeep\n|\n|t:|1781393919\n|switch|p2a: Iron Jugulis|Iron Jugulis, L77|271/271\n|turn|24\n|\n|t:|1781393931\n|move|p2a: Iron Jugulis|Earth Power|p1a: Snorlax\n|-damage|p1a: Snorlax|230/397\n|move|p1a: Snorlax|Body Slam|p2a: Iron Jugulis\n|-crit|p2a: Iron Jugulis\n|-damage|p2a: Iron Jugulis|0 fnt\n|faint|p2a: Iron Jugulis\n|-end|p2a: Iron Jugulis|Quark Drive|[silent]\n|\n|-heal|p1a: Snorlax|254/397|[from] item: Leftovers\n|upkeep\n|\n|t:|1781393941\n|switch|p2a: Rotom|Rotom-Mow, L87|229/229\n|turn|25\n|\n|t:|1781393957\n|move|p2a: Rotom|Will-O-Wisp|p1a: Snorlax\n|-status|p1a: Snorlax|brn\n|move|p1a: Snorlax|Body Slam|p2a: Rotom\n|-damage|p2a: Rotom|63/229\n|\n|-heal|p2a: Rotom|77/229|[from] item: Leftovers\n|-heal|p1a: Snorlax|278/397 brn|[from] item: Leftovers\n|-damage|p1a: Snorlax|254/397 brn|[from] brn\n|upkeep\n|turn|26\n|\n|t:|1781393969\n|move|p2a: Rotom|Leaf Storm|p1a: Snorlax\n|-damage|p1a: Snorlax|118/397 brn\n|-unboost|p2a: Rotom|spa|2\n|move|p1a: Snorlax|Rest|p1a: Snorlax\n|-status|p1a: Snorlax|slp|[from] move: Rest\n|-heal|p1a: Snorlax|397/397 slp|[silent]\n|\n|-heal|p2a: Rotom|91/229|[from] item: Leftovers\n|upkeep\n|turn|27\n|\n|t:|1781393979\n|move|p2a: Rotom|Will-O-Wisp||[still]\n|-fail|p2a: Rotom\n|cant|p1a: Snorlax|slp\n|\n|-heal|p2a: Rotom|105/229|[from] item: Leftovers\n|upkeep\n|turn|28\n|\n|t:|1781393987\n|move|p2a: Rotom|Leaf Storm|p1a: Snorlax\n|-damage|p1a: Snorlax|334/397 slp\n|-unboost|p2a: Rotom|spa|2\n|cant|p1a: Snorlax|slp\n|\n|-heal|p2a: Rotom|119/229|[from] item: Leftovers\n|-heal|p1a: Snorlax|358/397 slp|[from] item: Leftovers\n|upkeep\n|turn|29\n|\n|t:|1781393998\n|move|p2a: Rotom|Thunderbolt|p1a: Snorlax\n|-crit|p1a: Snorlax\n|-damage|p1a: Snorlax|211/397 slp\n|-curestatus|p1a: Snorlax|slp|[msg]\n|move|p1a: Snorlax|Body Slam|p2a: Rotom\n|-damage|p2a: Rotom|0 fnt\n|faint|p2a: Rotom\n|\n|-heal|p1a: Snorlax|235/397|[from] item: Leftovers\n|upkeep\n|\n|t:|1781394008\n|switch|p2a: Coalossal|Coalossal, L89, F|308/341\n|turn|30\n|\n|t:|1781394012\n|move|p2a: Coalossal|Flamethrower|p1a: Snorlax\n|-damage|p1a: Snorlax|196/397\n|move|p1a: Snorlax|Body Slam|p2a: Coalossal\n|-resisted|p2a: Coalossal\n|-damage|p2a: Coalossal|179/341\n|-status|p2a: Coalossal|par\n|-status|p1a: Snorlax|brn|[from] ability: Flame Body|[of] p2a: Coalossal\n|\n|-heal|p1a: Snorlax|220/397 brn|[from] item: Leftovers\n|-damage|p1a: Snorlax|196/397 brn|[from] brn\n|upkeep\n|turn|31\n|\n|t:|1781394024\n|cant|p2a: Coalossal|par\n|move|p1a: Snorlax|Rest|p1a: Snorlax\n|-status|p1a: Snorlax|slp|[from] move: Rest\n|-heal|p1a: Snorlax|397/397 slp|[silent]\n|\n|upkeep\n|turn|32\n|\n|t:|1781394034\n|move|p2a: Coalossal|Stone Edge|p1a: Snorlax\n|-damage|p1a: Snorlax|364/397 slp\n|cant|p1a: Snorlax|slp\n|\n|-heal|p1a: Snorlax|388/397 slp|[from] item: Leftovers\n|upkeep\n|turn|33\n|\n|t:|1781394047\n|cant|p2a: Coalossal|par\n|cant|p1a: Snorlax|slp\n|\n|-heal|p1a: Snorlax|397/397 slp|[from] item: Leftovers\n|upkeep\n|turn|34\n|\n|t:|1781394057\n|move|p2a: Coalossal|Rapid Spin|p1a: Snorlax\n|-damage|p1a: Snorlax|386/397 slp\n|-boost|p2a: Coalossal|spe|1\n|-curestatus|p1a: Snorlax|slp|[msg]\n|move|p1a: Snorlax|Body Slam|p2a: Coalossal\n|-resisted|p2a: Coalossal\n|-damage|p2a: Coalossal|52/341 par\n|-status|p1a: Snorlax|brn|[from] ability: Flame Body|[of] p2a: Coalossal\n|\n|-heal|p1a: Snorlax|397/397 brn|[from] item: Leftovers\n|-damage|p1a: Snorlax|373/397 brn|[from] brn\n|upkeep\n|turn|35\n|\n|t:|1781394078\n|cant|p2a: Coalossal|par\n|move|p1a: Snorlax|Body Slam|p2a: Coalossal\n|-resisted|p2a: Coalossal\n|-damage|p2a: Coalossal|0 fnt\n|faint|p2a: Coalossal\n|\n|-heal|p1a: Snorlax|397/397 brn|[from] item: Leftovers\n|-damage|p1a: Snorlax|373/397 brn|[from] brn\n|upkeep\n|\n|t:|1781394086\n|switch|p2a: Noctowl|Noctowl, L95, F|344/344\n|turn|36\n|\n|t:|1781394096\n|move|p2a: Noctowl|Hurricane|p1a: Snorlax\n|-damage|p1a: Snorlax|247/397 brn\n|-start|p1a: Snorlax|confusion\n|-activate|p1a: Snorlax|confusion\n|move|p1a: Snorlax|Body Slam|p2a: Noctowl\n|-damage|p2a: Noctowl|108/344\n|-status|p2a: Noctowl|par\n|\n|-heal|p1a: Snorlax|271/397 brn|[from] item: Leftovers\n|-damage|p1a: Snorlax|247/397 brn|[from] brn\n|upkeep\n|turn|37\n|\n|t:|1781394109\n|-terastallize|p2a: Noctowl|Normal\n|move|p2a: Noctowl|Hurricane|p1a: Snorlax\n|-damage|p1a: Snorlax|127/397 brn\n|-end|p1a: Snorlax|confusion\n|move|p1a: Snorlax|Body Slam|p2a: Noctowl\n|-damage|p2a: Noctowl|0 fnt\n|faint|p2a: Noctowl\n|\n|win|swint4\n", "uploadtime": 1781394144, "views": 6, "formatid": "gen9randombattle", "rating": null, "private": 0, "password": null}