{"id": "gen9randombattle-2631916090", "format": "[Gen 9] Random Battle", "players": ["Tutudile", "F Boogie"], "log": "|j|\u2606Tutudile\n|j|\u2606F Boogie\n|t:|1781455271\n|gametype|singles\n|player|p1|Tutudile|red|2199\n|player|p2|F Boogie|veteran-gen4|2130\n|gen|9\n|tier|[Gen 9] Random Battle\n|rated|\n|rule|Species Clause: Limit one of each Pok\u00e9mon\n|rule|HP Percentage Mod: HP is shown in percentages\n|rule|Sleep Clause Mod: Limit one foe put to sleep\n|rule|Illusion Level Mod: Illusion disguises the Pok\u00e9mon's true level\n|\n|t:|1781455271\n|teamsize|p1|6\n|teamsize|p2|6\n|start\n|switch|p1a: Klefki|Klefki, L84, F|233/233\n|switch|p2a: Forretress|Forretress, L84, F|263/263\n|turn|1\n|inactive|Battle timer is ON: inactive players will automatically lose when time's up. (requested by Tutudile)\n|inactive|Tutudile has 120 seconds left.\n|\n|t:|1781455305\n|switch|p1a: Phione|Phione, L91|293/293\n|move|p2a: Forretress|Stealth Rock|p1a: Phione\n|-sidestart|p1: Tutudile|move: Stealth Rock\n|\n|upkeep\n|turn|2\n|\n|t:|1781455313\n|move|p1a: Phione|Scald|p2a: Forretress\n|-damage|p2a: Forretress|158/263\n|move|p2a: Forretress|Spikes|p1a: Phione\n|-sidestart|p1: Tutudile|Spikes\n|\n|-heal|p2a: Forretress|174/263|[from] item: Leftovers\n|upkeep\n|turn|3\n|\n|t:|1781455321\n|move|p1a: Phione|Scald|p2a: Forretress\n|-damage|p2a: Forretress|59/263\n|move|p2a: Forretress|Spikes|p1a: Phione\n|-sidestart|p1: Tutudile|Spikes\n|\n|-heal|p2a: Forretress|75/263|[from] item: Leftovers\n|upkeep\n|turn|4\n|\n|t:|1781455330\n|switch|p2a: Ursaring|Ursaring, L84, M|288/288\n|move|p1a: Phione|Scald|p2a: Ursaring\n|-damage|p2a: Ursaring|227/288\n|\n|upkeep\n|turn|5\n|\n|t:|1781455341\n|switch|p1a: Golurk|Golurk, L87|297/297\n|-damage|p1a: Golurk|279/297|[from] Stealth Rock\n|-damage|p1a: Golurk|230/297|[from] Spikes\n|move|p2a: Ursaring|Body Slam|p1a: Golurk\n|-immune|p1a: Golurk\n|\n|upkeep\n|turn|6\n|\n|t:|1781455350\n|switch|p2a: Basculin|Basculin-Blue-Striped, L86, F|261/261\n|move|p1a: Golurk|Dynamic Punch|p2a: Basculin\n|-damage|p2a: Basculin|103/261\n|-start|p2a: Basculin|confusion\n|\n|upkeep\n|turn|7\n|\n|t:|1781455361\n|switch|p1a: Cacturne|Cacturne, L92, M|278/278\n|-damage|p1a: Cacturne|244/278|[from] Stealth Rock\n|-damage|p1a: Cacturne|198/278|[from] Spikes\n|-activate|p2a: Basculin|confusion\n|move|p2a: Basculin|Flip Turn|p1a: Cacturne\n|-heal|p1a: Cacturne|267/278|[from] ability: Water Absorb|[of] p2a: Basculin\n|\n|upkeep\n|turn|8\n|\n|t:|1781455371\n|switch|p2a: Ursaring|Ursaring, L84, M|227/288\n|move|p1a: Cacturne|Knock Off|p2a: Ursaring\n|-damage|p2a: Ursaring|102/288\n|-enditem|p2a: Ursaring|Eviolite|[from] move: Knock Off|[of] p1a: Cacturne\n|-damage|p1a: Cacturne|240/278|[from] item: Life Orb\n|\n|upkeep\n|turn|9\n|\n|t:|1781455392\n|move|p1a: Cacturne|Leaf Storm|p2a: Ursaring\n|-damage|p2a: Ursaring|0 fnt\n|-unboost|p1a: Cacturne|spa|2\n|faint|p2a: Ursaring\n|-damage|p1a: Cacturne|213/278|[from] item: Life Orb\n|\n|upkeep\n|\n|t:|1781455397\n|switch|p2a: Chesnaught|Chesnaught, L84, F|285/285\n|turn|10\n|inactive|Tutudile has 120 seconds left.\n|\n|t:|1781455444\n|switch|p1a: Klefki|Klefki, L84, F|233/233\n|-damage|p1a: Klefki|219/233|[from] Stealth Rock\n|-damage|p1a: Klefki|181/233|[from] Spikes\n|move|p2a: Chesnaught|Body Press|p1a: Klefki\n|-damage|p1a: Klefki|75/233\n|\n|-heal|p1a: Klefki|89/233|[from] item: Leftovers\n|upkeep\n|turn|11\n|\n|t:|1781455455\n|move|p1a: Klefki|Dazzling Gleam|p2a: Chesnaught\n|-supereffective|p2a: Chesnaught\n|-damage|p2a: Chesnaught|121/285\n|move|p2a: Chesnaught|Body Press|p1a: Klefki\n|-damage|p1a: Klefki|0 fnt\n|faint|p1a: Klefki\n|\n|upkeep\n|\n|t:|1781455468\n|switch|p1a: Phione|Phione, L91|293/293\n|-damage|p1a: Phione|257/293|[from] Stealth Rock\n|-damage|p1a: Phione|209/293|[from] Spikes\n|turn|12\n|\n|t:|1781455473\n|move|p1a: Phione|Ice Beam|p2a: Chesnaught\n|-supereffective|p2a: Chesnaught\n|-damage|p2a: Chesnaught|0 fnt\n|faint|p2a: Chesnaught\n|\n|-heal|p1a: Phione|227/293|[from] item: Leftovers\n|upkeep\n|\n|t:|1781455476\n|switch|p2a: Morpeko|Morpeko, L88, M|245/245\n|turn|13\n|\n|t:|1781455493\n|switch|p1a: Golurk|Golurk, L87|230/297\n|-damage|p1a: Golurk|212/297|[from] Stealth Rock\n|-damage|p1a: Golurk|163/297|[from] Spikes\n|move|p2a: Morpeko|Aura Wheel|p1a: Golurk\n|-immune|p1a: Golurk\n|\n|-formechange|p2a: Morpeko|Morpeko-Hangry||[from] ability: Hunger Switch\n|upkeep\n|turn|14\n|inactive|Tutudile has 90 seconds left.\n|\n|t:|1781455522\n|-terastallize|p1a: Golurk|Ground\n|move|p2a: Morpeko|Knock Off|p1a: Golurk\n|-damage|p1a: Golurk|54/297\n|-enditem|p1a: Golurk|Choice Band|[from] move: Knock Off|[of] p2a: Morpeko\n|move|p1a: Golurk|Earthquake|p2a: Morpeko\n|-supereffective|p2a: Morpeko\n|-damage|p2a: Morpeko|0 fnt\n|faint|p2a: Morpeko\n|\n|upkeep\n|\n|t:|1781455533\n|switch|p2a: Basculin|Basculin-Blue-Striped, L86, F|103/261\n|turn|15\n|\n|t:|1781455537\n|move|p2a: Basculin|Double-Edge|p1a: Golurk\n|-damage|p1a: Golurk|0 fnt\n|faint|p1a: Golurk\n|-damage|p2a: Basculin|85/261|[from] Recoil\n|\n|upkeep\n|\n|t:|1781455544\n|switch|p1a: Klawf|Klawf, L90, F|272/272\n|-damage|p1a: Klawf|238/272|[from] Stealth Rock\n|-damage|p1a: Klawf|193/272|[from] Spikes\n|turn|16\n|\n|t:|1781455554\n|switch|p2a: Forretress|Forretress, L84, F|75/263\n|move|p1a: Klawf|Stone Edge|p2a: Forretress\n|-damage|p2a: Forretress|0 fnt\n|faint|p2a: Forretress\n|-damage|p1a: Klawf|166/272|[from] item: Life Orb\n|\n|upkeep\n|\n|t:|1781455557\n|switch|p2a: Archaludon|Archaludon, L78, M|268/268\n|turn|17\n|\n|t:|1781455575\n|move|p1a: Klawf|High Horsepower|p2a: Archaludon|[miss]\n|-miss|p1a: Klawf|p2a: Archaludon\n|move|p2a: Archaludon|Thunder Wave|p1a: Klawf\n|-status|p1a: Klawf|par\n|\n|upkeep\n|turn|18\n|\n|t:|1781455582\n|move|p2a: Archaludon|Flash Cannon|p1a: Klawf\n|-supereffective|p1a: Klawf\n|-damage|p1a: Klawf|0 fnt\n|faint|p1a: Klawf\n|\n|upkeep\n|\n|t:|1781455590\n|switch|p1a: Phione|Phione, L91|227/293\n|-damage|p1a: Phione|191/293|[from] Stealth Rock\n|-damage|p1a: Phione|143/293|[from] Spikes\n|turn|19\n|\n|t:|1781455599\n|move|p1a: Phione|Scald|p2a: Archaludon\n|-resisted|p2a: Archaludon\n|-damage|p2a: Archaludon|211/268\n|-ability|p2a: Archaludon|Stamina|boost\n|-boost|p2a: Archaludon|def|1\n|move|p2a: Archaludon|Body Press|p1a: Phione\n|-damage|p1a: Phione|53/293\n|\n|-heal|p1a: Phione|71/293|[from] item: Leftovers\n|-heal|p2a: Archaludon|227/268|[from] item: Leftovers\n|upkeep\n|turn|20\n|\n|t:|1781455613\n|move|p1a: Phione|Ice Beam|p2a: Archaludon\n|-damage|p2a: Archaludon|146/268\n|-ability|p2a: Archaludon|Stamina|boost\n|-boost|p2a: Archaludon|def|1\n|move|p2a: Archaludon|Thunder Wave|p1a: Phione\n|-status|p1a: Phione|par\n|\n|-heal|p2a: Archaludon|162/268|[from] item: Leftovers\n|-heal|p1a: Phione|89/293 par|[from] item: Leftovers\n|upkeep\n|turn|21\n|-message|Tutudile forfeited.\n|\n|win|F Boogie\n", "inputlog": ">version a8376a258c1d4662feba110a92103f3664a72141\n>start {\"formatid\":\"gen9randombattle\",\"seed\":\"sodium,719c466b7f5d20d4f4cc5c55d0080cc1\",\"rated\":\"Rated battle\"}\n>player p1 {\"name\":\"Tutudile\",\"avatar\":\"red\",\"rating\":2199,\"seed\":\"sodium,321fd2ea2198f0e0b13ab92cc8491494\"}\n>player p2 {\"name\":\"F Boogie\",\"avatar\":\"veteran-gen4\",\"rating\":2130,\"seed\":\"sodium,ae17d6a1d668b993a2cc26d215629fa9\"}\n>p1 switch 5\n>p2 move stealthrock\n>p1 move scald\n>p2 move spikes\n>p1 move scald\n>p2 move spikes\n>p1 move scald\n>p2 switch 6\n>p1 switch 3\n>p2 move bodyslam\n>p1 move dynamicpunch\n>p2 switch 4\n>p1 switch 6\n>p2 move flipturn\n>p1 move knockoff\n>p2 switch 4\n>p1 move leafstorm\n>p2 move bodyslam\n>p2 switch 3\n>p1 switch 5\n>p2 move bodypress\n>p1 move dazzlinggleam\n>p2 move bodypress\n>p1 switch 3\n>p1 move icebeam\n>p2 move synthesis\n>p2 switch 2\n>p1 switch 6\n>p2 move aurawheel\n>p1 move earthquake terastallize\n>p2 move knockoff\n>p2 switch 4\n>p1 move earthquake\n>p2 move doubleedge\n>p1 switch 2\n>p1 move stoneedge\n>p2 switch 6\n>p2 switch 5\n>p1 move highhorsepower\n>p2 move thunderwave\n>p1 move highhorsepower\n>p2 move flashcannon\n>p1 switch 6\n>p1 move scald\n>p2 move bodypress\n>p1 move icebeam\n>p2 move thunderwave\n>forcelose p1", "uploadtime": 1781455274, "views": 4, "formatid": "gen9randombattle", "rating": null, "private": 0, "password": null}