{"id": "gen9randombattle-2631615150", "format": "[Gen 9] Random Battle", "players": ["Spindon't", "Z10101"], "log": "|j|\u2606Spindon't\n|j|\u2606Z10101\n|t:|1781409207\n|gametype|singles\n|player|p1|Spindon't|boarder|2010\n|player|p2|Z10101|102|2074\n|gen|9\n|tier|[Gen 9] Random Battle\n|rated|\n|rule|Species Clause: Limit one of each Pok\u00e9mon\n|rule|HP Percentage Mod: HP is shown in percentages\n|rule|Sleep Clause Mod: Limit one foe put to sleep\n|rule|Illusion Level Mod: Illusion disguises the Pok\u00e9mon's true level\n|\n|t:|1781409207\n|teamsize|p1|6\n|teamsize|p2|6\n|start\n|switch|p1a: Annihilape|Annihilape, L76, M|292/292\n|switch|p2a: Gholdengo|Gholdengo, L77|261/261\n|turn|1\n|\n|t:|1781409227\n|switch|p1a: Hydreigon|Hydreigon, L79, M|275/275\n|move|p2a: Gholdengo|Shadow Ball|p1a: Hydreigon\n|-resisted|p1a: Hydreigon\n|-damage|p1a: Hydreigon|232/275\n|\n|upkeep\n|turn|2\n|\n|t:|1781409232\n|switch|p2a: Ursaluna|Ursaluna, L79, F|335/335\n|move|p1a: Hydreigon|Dark Pulse|p2a: Ursaluna\n|-damage|p2a: Ursaluna|230/335\n|\n|-status|p2a: Ursaluna|brn|[from] item: Flame Orb\n|upkeep\n|turn|3\n|\n|t:|1781409236\n|switch|p1a: Annihilape|Annihilape, L76, M|292/292\n|move|p2a: Ursaluna|Trailblaze|p1a: Annihilape\n|-damage|p1a: Annihilape|216/292\n|-boost|p2a: Ursaluna|spe|1\n|\n|-heal|p1a: Annihilape|234/292|[from] item: Leftovers\n|-damage|p2a: Ursaluna|210/335 brn|[from] brn\n|upkeep\n|turn|4\n|\n|t:|1781409244\n|move|p2a: Ursaluna|Crunch|p1a: Annihilape\n|-damage|p1a: Annihilape|121/292\n|-unboost|p1a: Annihilape|def|1\n|-ability|p1a: Annihilape|Defiant|boost\n|-boost|p1a: Annihilape|atk|2\n|move|p1a: Annihilape|Drain Punch|p2a: Ursaluna\n|-supereffective|p2a: Ursaluna\n|-damage|p2a: Ursaluna|0 fnt\n|-heal|p1a: Annihilape|226/292|[from] drain|[of] p2a: Ursaluna\n|faint|p2a: Ursaluna\n|\n|-heal|p1a: Annihilape|244/292|[from] item: Leftovers\n|upkeep\n|\n|t:|1781409250\n|switch|p2a: Gholdengo|Gholdengo, L77|261/261\n|turn|5\n|\n|t:|1781409266\n|move|p2a: Gholdengo|Trick|p1a: Annihilape\n|-activate|p2a: Gholdengo|move: Trick|[of] p1a: Annihilape\n|-item|p1a: Annihilape|Choice Scarf|[from] move: Trick\n|-item|p2a: Gholdengo|Leftovers|[from] move: Trick\n|move|p1a: Annihilape|Rage Fist|p2a: Gholdengo\n|-supereffective|p2a: Gholdengo\n|-damage|p2a: Gholdengo|0 fnt\n|faint|p2a: Gholdengo\n|\n|upkeep\n|inactive|Battle timer is ON: inactive players will automatically lose when time's up. (requested by Spindon't)\n|\n|t:|1781409277\n|switch|p2a: Zapdos|Zapdos-Galar, L77|265/265\n|turn|6\n|\n|t:|1781409281\n|move|p1a: Annihilape|Rage Fist|p2a: Zapdos\n|-damage|p2a: Zapdos|0 fnt\n|faint|p2a: Zapdos\n|\n|upkeep\n|\n|t:|1781409286\n|switch|p2a: Zebstrika|Zebstrika, L87, F|272/272\n|turn|7\n|\n|t:|1781409290\n|move|p1a: Annihilape|Rage Fist|p2a: Zebstrika\n|-damage|p2a: Zebstrika|0 fnt\n|faint|p2a: Zebstrika\n|\n|upkeep\n|\n|t:|1781409294\n|switch|p2a: Lumineon|Lumineon, L93, F|279/279\n|turn|8\n|\n|t:|1781409297\n|move|p1a: Annihilape|Rage Fist|p2a: Lumineon\n|-damage|p2a: Lumineon|0 fnt\n|faint|p2a: Lumineon\n|\n|upkeep\n|-message|Z10101 forfeited.\n|\n|win|Spindon't\n", "inputlog": ">version a8376a258c1d4662feba110a92103f3664a72141\n>start {\"formatid\":\"gen9randombattle\",\"seed\":\"sodium,9a0e0ed02d80748958c376fb3d232579\",\"rated\":\"Rated battle\"}\n>player p1 {\"name\":\"Spindon't\",\"avatar\":\"boarder\",\"rating\":2010,\"seed\":\"sodium,3844f0539b78e6b2ca68041fb5c74829\"}\n>player p2 {\"name\":\"Z10101\",\"avatar\":\"102\",\"rating\":2074,\"seed\":\"sodium,86b35bebff3ac20b15085adcbed271e8\"}\n>p1 switch 3\n>p2 move shadowball\n>p1 move darkpulse\n>p2 switch 2\n>p1 switch 3\n>p2 move trailblaze\n>p1 move drainpunch\n>p2 move crunch\n>p2 switch 2\n>p1 move ragefist\n>p2 move trick\n>p2 switch 4\n>p1 move ragefist\n>p2 move bravebird\n>p2 switch 5\n>p1 move ragefist\n>p2 move supercellslam\n>p2 switch 6\n>p1 move ragefist\n>p2 move hydropump\n>forcelose p2", "uploadtime": 1781409209, "views": 5, "formatid": "gen9randombattle", "rating": null, "private": 0, "password": null}