{"id": "gen9randombattle-2631573806", "format": "[Gen 9] Random Battle", "players": ["Danielm24", "jetpackuser"], "log": "|j|\u2606Danielm24\n|j|\u2606jetpackuser\n|t:|1781403235\n|gametype|singles\n|player|p1|Danielm24|1|2183\n|player|p2|jetpackuser|2|2206\n|gen|9\n|tier|[Gen 9] Random Battle\n|rated|\n|rule|Species Clause: Limit one of each Pok\u00e9mon\n|rule|HP Percentage Mod: HP is shown in percentages\n|rule|Sleep Clause Mod: Limit one foe put to sleep\n|rule|Illusion Level Mod: Illusion disguises the Pok\u00e9mon's true level\n|\n|t:|1781403235\n|teamsize|p1|6\n|teamsize|p2|6\n|start\n|switch|p1a: Stonjourner|Stonjourner, L91, F|330/330\n|switch|p2a: Ogerpon|Ogerpon-Hearthflame, L74, F|239/239\n|-ability|p2a: Ogerpon|Mold Breaker\n|turn|1\n|inactive|Battle timer is ON: inactive players will automatically lose when time's up. (requested by jetpackuser)\n|inactive|jetpackuser has 120 seconds left.\n|\n|t:|1781403278\n|switch|p2a: Okidogi|Okidogi, L77, M|262/262\n|move|p1a: Stonjourner|Stone Edge|p2a: Okidogi\n|-resisted|p2a: Okidogi\n|-damage|p2a: Okidogi|168/262\n|-damage|p1a: Stonjourner|297/330|[from] item: Life Orb\n|\n|upkeep\n|turn|2\n|\n|t:|1781403293\n|switch|p2a: Sinistcha|Sinistcha-Masterpiece, L83|254/254\n|move|p1a: Stonjourner|Earthquake|p2a: Sinistcha\n|-resisted|p2a: Sinistcha\n|-damage|p2a: Sinistcha|193/254\n|-damage|p1a: Stonjourner|264/330|[from] item: Life Orb\n|\n|-heal|p2a: Sinistcha|208/254|[from] item: Leftovers\n|upkeep\n|turn|3\n|\n|t:|1781403311\n|switch|p1a: Bombirdier|Bombirdier, L85, F|258/258\n|move|p2a: Sinistcha|Shadow Ball|p1a: Bombirdier\n|-resisted|p1a: Bombirdier\n|-damage|p1a: Bombirdier|205/258\n|\n|-heal|p2a: Sinistcha|223/254|[from] item: Leftovers\n|upkeep\n|turn|4\n|\n|t:|1781403324\n|switch|p2a: Torkoal|Torkoal, L88, F|266/266\n|-weather|SunnyDay|[from] ability: Drought|[of] p2a: Torkoal\n|move|p1a: Bombirdier|Brave Bird|p2a: Torkoal\n|-damage|p2a: Torkoal|166/266\n|-damage|p1a: Bombirdier|172/258|[from] Recoil\n|\n|-weather|SunnyDay|[upkeep]\n|upkeep\n|turn|5\n|\n|t:|1781403352\n|switch|p1a: Hippowdon|Hippowdon, L82, M|311/311\n|-weather|Sandstorm|[from] ability: Sand Stream|[of] p1a: Hippowdon\n|move|p2a: Torkoal|Fire Blast|p1a: Hippowdon|[miss]\n|-miss|p2a: Torkoal|p1a: Hippowdon\n|\n|-weather|Sandstorm|[upkeep]\n|-damage|p2a: Torkoal|150/266|[from] Sandstorm\n|upkeep\n|turn|6\n|\n|t:|1781403374\n|move|p1a: Hippowdon|Stealth Rock|p2a: Torkoal\n|-sidestart|p2: jetpackuser|move: Stealth Rock\n|move|p2a: Torkoal|Fire Blast|p1a: Hippowdon\n|-damage|p1a: Hippowdon|184/311\n|\n|-weather|Sandstorm|[upkeep]\n|-damage|p2a: Torkoal|134/266|[from] Sandstorm\n|upkeep\n|turn|7\n|\n|t:|1781403385\n|move|p2a: Torkoal|Yawn|p1a: Hippowdon\n|-start|p1a: Hippowdon|move: Yawn|[of] p2a: Torkoal\n|move|p1a: Hippowdon|Whirlwind|p2a: Torkoal\n|drag|p2a: Sinistcha|Sinistcha-Masterpiece, L83|223/254\n|-damage|p2a: Sinistcha|192/254|[from] Stealth Rock\n|\n|-weather|Sandstorm|[upkeep]\n|-damage|p2a: Sinistcha|177/254|[from] Sandstorm\n|-heal|p2a: Sinistcha|192/254|[from] item: Leftovers\n|upkeep\n|turn|8\n|\n|t:|1781403394\n|switch|p2a: Torkoal|Torkoal, L88, F|134/266\n|-weather|SunnyDay|[from] ability: Drought|[of] p2a: Torkoal\n|switch|p1a: Bombirdier|Bombirdier, L85, F|172/258\n|\n|-weather|SunnyDay|[upkeep]\n|upkeep\n|turn|9\n|\n|t:|1781403402\n|move|p1a: Bombirdier|Stone Edge|p2a: Torkoal\n|-supereffective|p2a: Torkoal\n|-damage|p2a: Torkoal|0 fnt\n|faint|p2a: Torkoal\n|\n|-weather|SunnyDay|[upkeep]\n|upkeep\n|inactive|jetpackuser has 120 seconds left.\n|inactive|jetpackuser has 90 seconds left.\n|inactive|jetpackuser has 60 seconds left.\n|\n|t:|1781403514\n|switch|p2a: Okidogi|Okidogi, L77, M|168/262\n|-damage|p2a: Okidogi|152/262|[from] Stealth Rock\n|turn|10\n|\n|t:|1781403522\n|move|p1a: Bombirdier|Brave Bird|p2a: Okidogi\n|-supereffective|p2a: Okidogi\n|-damage|p2a: Okidogi|0 fnt\n|faint|p2a: Okidogi\n|-damage|p1a: Bombirdier|122/258|[from] Recoil\n|\n|-weather|SunnyDay|[upkeep]\n|upkeep\n|c|\u2606jetpackuser|wait\n|c|\u2606jetpackuser|what\n|c|\u2606jetpackuser|i thought it gets edge only on choice sets\n|c|\u2606jetpackuser|okay...\n|inactive|jetpackuser has 30 seconds left.\n|inactive|jetpackuser has 20 seconds left.\n|\n|t:|1781403567\n|switch|p2a: Kyurem|Kyurem-White, L73|303/303\n|-damage|p2a: Kyurem|228/303|[from] Stealth Rock\n|-ability|p2a: Kyurem|Turboblaze\n|turn|11\n|inactive|jetpackuser has 30 seconds left this turn.\n|\n|t:|1781403593\n|move|p2a: Kyurem|Ice Beam|p1a: Bombirdier\n|-supereffective|p1a: Bombirdier\n|-damage|p1a: Bombirdier|0 fnt\n|faint|p1a: Bombirdier\n|\n|-weather|SunnyDay|[upkeep]\n|upkeep\n|\n|t:|1781403601\n|switch|p1a: Glalie|Glalie, L96, M|309/309\n|turn|12\n|inactive|jetpackuser has 30 seconds left.\n|inactive|jetpackuser has 20 seconds left.\n|inactive|jetpackuser has 15 seconds left.\n|inactive|jetpackuser has 10 seconds left.\n|\n|t:|1781403635\n|switch|p2a: Sinistcha|Sinistcha-Masterpiece, L83|192/254\n|-damage|p2a: Sinistcha|161/254|[from] Stealth Rock\n|move|p1a: Glalie|Spikes|p2a: Sinistcha\n|-sidestart|p2: jetpackuser|Spikes\n|\n|-weather|none\n|-heal|p2a: Sinistcha|176/254|[from] item: Leftovers\n|upkeep\n|turn|13\n|inactive|jetpackuser has 20 seconds left this turn.\n|inactive|jetpackuser has 15 seconds left.\n|inactive|jetpackuser has 10 seconds left.\n|\n|t:|1781403647\n|move|p1a: Glalie|Freeze-Dry|p2a: Sinistcha\n|-supereffective|p2a: Sinistcha\n|-damage|p2a: Sinistcha|0 fnt\n|faint|p2a: Sinistcha\n|\n|upkeep\n|inactive|jetpackuser has 15 seconds left this turn.\n|\n|t:|1781403650\n|switch|p2a: Ogerpon|Ogerpon-Hearthflame, L74, F|239/239\n|-damage|p2a: Ogerpon|180/239|[from] Stealth Rock\n|-damage|p2a: Ogerpon|151/239|[from] Spikes\n|-ability|p2a: Ogerpon|Mold Breaker\n|turn|14\n|inactive|jetpackuser has 25 seconds left this turn.\n|inactive|jetpackuser has 20 seconds left.\n|inactive|jetpackuser has 15 seconds left.\n|inactive|jetpackuser has 10 seconds left.\n|\n|t:|1781403666\n|switch|p1a: Hippowdon|Hippowdon, L82, M|184/311\n|-weather|Sandstorm|[from] ability: Sand Stream|[of] p1a: Hippowdon\n|move|p2a: Ogerpon|Swords Dance|p2a: Ogerpon\n|-boost|p2a: Ogerpon|atk|2\n|\n|-weather|Sandstorm|[upkeep]\n|-damage|p2a: Ogerpon|137/239|[from] Sandstorm\n|upkeep\n|turn|15\n|inactive|jetpackuser has 20 seconds left this turn.\n|inactive|jetpackuser has 15 seconds left.\n|\n|t:|1781403680\n|move|p2a: Ogerpon|Trailblaze|p1a: Hippowdon\n|-supereffective|p1a: Hippowdon\n|-damage|p1a: Hippowdon|0 fnt\n|-boost|p2a: Ogerpon|spe|1\n|-damage|p2a: Ogerpon|98/239|[from] item: Rocky Helmet|[of] p1a: Hippowdon\n|faint|p1a: Hippowdon\n|\n|-weather|Sandstorm|[upkeep]\n|-damage|p2a: Ogerpon|84/239|[from] Sandstorm\n|upkeep\n|\n|t:|1781403700\n|switch|p1a: Lugia|Lugia, L73|275/275\n|turn|16\n|inactive|jetpackuser has 30 seconds left this turn.\n|inactive|jetpackuser has 20 seconds left.\n|\n|t:|1781403715\n|-terastallize|p2a: Ogerpon|Fire\n|detailschange|p2a: Ogerpon|Ogerpon-Hearthflame-Tera, L74, F, tera:Fire\n|-ability|p2a: Ogerpon|Embody Aspect (Hearthflame)|boost\n|-boost|p2a: Ogerpon|atk|1\n|move|p2a: Ogerpon|Horn Leech|p1a: Lugia\n|-resisted|p1a: Lugia\n|-damage|p1a: Lugia|229/275\n|-heal|p2a: Ogerpon|107/239|[from] drain|[of] p1a: Lugia\n|move|p1a: Lugia|Aeroblast|p2a: Ogerpon\n|-damage|p2a: Ogerpon|22/239\n|\n|-weather|Sandstorm|[upkeep]\n|-damage|p2a: Ogerpon|8/239|[from] Sandstorm\n|-damage|p1a: Lugia|212/275|[from] Sandstorm\n|upkeep\n|turn|17\n|inactive|jetpackuser has 30 seconds left this turn.\n|inactive|jetpackuser has 20 seconds left.\n|\n|t:|1781403738\n|move|p2a: Ogerpon|Ivy Cudgel|p1a: Lugia|[anim] Ivy Cudgel Fire\n|-damage|p1a: Lugia|0 fnt\n|faint|p1a: Lugia\n|\n|-weather|Sandstorm|[upkeep]\n|-damage|p2a: Ogerpon|0 fnt|[from] Sandstorm\n|faint|p2a: Ogerpon\n|detailschange|p2: Ogerpon|Ogerpon-Hearthflame, L74, F|[silent]\n|upkeep\n|inactive|jetpackuser has 25 seconds left this turn.\n|inactive|jetpackuser has 20 seconds left.\n|inactive|Danielm24 has 120 seconds left.\n|\n|t:|1781403762\n|switch|p2a: Espeon|Espeon, L84, M|246/246\n|switch|p1a: Glalie|Glalie, L96, M|309/309\n|-damage|p2a: Espeon|216/246|[from] Stealth Rock\n|-damage|p2a: Espeon|186/246|[from] Spikes\n|turn|18\n|inactive|jetpackuser has 30 seconds left this turn.\n|inactive|Danielm24 has 120 seconds left.\n|\n|t:|1781403771\n|move|p2a: Espeon|Calm Mind|p2a: Espeon\n|-boost|p2a: Espeon|spa|1\n|-boost|p2a: Espeon|spd|1\n|move|p1a: Glalie|Earthquake|p2a: Espeon\n|-damage|p2a: Espeon|78/246\n|\n|-weather|none\n|upkeep\n|turn|19\n|inactive|jetpackuser has 30 seconds left.\n|inactive|Danielm24 has 120 seconds left.\n|\n|t:|1781403788\n|switch|p1a: Vaporeon|Vaporeon, L86, F|364/364\n|move|p2a: Espeon|Morning Sun|p2a: Espeon\n|-heal|p2a: Espeon|201/246\n|\n|upkeep\n|turn|20\n|inactive|Danielm24 has 120 seconds left.\n|\n|t:|1781403796\n|move|p2a: Espeon|Psychic|p1a: Vaporeon\n|-damage|p1a: Vaporeon|140/364\n|-damage|p2a: Espeon|177/246|[from] item: Life Orb\n|move|p1a: Vaporeon|Haze|p1a: Vaporeon\n|-clearallboost\n|\n|-heal|p1a: Vaporeon|162/364|[from] item: Leftovers\n|upkeep\n|turn|21\n|inactive|Danielm24 has 120 seconds left.\n|\n|t:|1781403809\n|move|p2a: Espeon|Calm Mind|p2a: Espeon\n|-boost|p2a: Espeon|spa|1\n|-boost|p2a: Espeon|spd|1\n|move|p1a: Vaporeon|Wish|p1a: Vaporeon\n|\n|-heal|p1a: Vaporeon|184/364|[from] item: Leftovers\n|upkeep\n|turn|22\n|inactive|Danielm24 has 120 seconds left.\n|\n|t:|1781403846\n|move|p1a: Vaporeon|Protect|p1a: Vaporeon\n|-singleturn|p1a: Vaporeon|Protect\n|move|p2a: Espeon|Psychic|p1a: Vaporeon\n|-activate|p1a: Vaporeon|move: Protect\n|\n|-heal|p1a: Vaporeon|364/364|[from] move: Wish|[wisher] Vaporeon\n|upkeep\n|turn|23\n|\n|t:|1781403853\n|move|p2a: Espeon|Psychic|p1a: Vaporeon\n|-damage|p1a: Vaporeon|152/364\n|-damage|p2a: Espeon|153/246|[from] item: Life Orb\n|move|p1a: Vaporeon|Haze|p1a: Vaporeon\n|-clearallboost\n|\n|-heal|p1a: Vaporeon|174/364|[from] item: Leftovers\n|upkeep\n|turn|24\n|\n|t:|1781403860\n|move|p2a: Espeon|Calm Mind|p2a: Espeon\n|-boost|p2a: Espeon|spa|1\n|-boost|p2a: Espeon|spd|1\n|move|p1a: Vaporeon|Scald|p2a: Espeon\n|-damage|p2a: Espeon|96/246\n|-status|p2a: Espeon|brn\n|\n|-heal|p1a: Vaporeon|196/364|[from] item: Leftovers\n|-damage|p2a: Espeon|81/246 brn|[from] brn\n|upkeep\n|turn|25\n|inactive|jetpackuser has 60 seconds left.\n|\n|t:|1781403883\n|move|p2a: Espeon|Calm Mind|p2a: Espeon\n|-boost|p2a: Espeon|spa|1\n|-boost|p2a: Espeon|spd|1\n|move|p1a: Vaporeon|Haze|p1a: Vaporeon\n|-clearallboost\n|\n|-heal|p1a: Vaporeon|218/364|[from] item: Leftovers\n|-damage|p2a: Espeon|66/246 brn|[from] brn\n|upkeep\n|turn|26\n|\n|t:|1781403894\n|move|p2a: Espeon|Morning Sun|p2a: Espeon\n|-heal|p2a: Espeon|189/246 brn\n|move|p1a: Vaporeon|Scald|p2a: Espeon\n|-damage|p2a: Espeon|102/246 brn\n|\n|-heal|p1a: Vaporeon|240/364|[from] item: Leftovers\n|-damage|p2a: Espeon|87/246 brn|[from] brn\n|upkeep\n|turn|27\n|c|\u2606jetpackuser|who plays like this dued\n|inactive|jetpackuser has 60 seconds left.\n|c|\u2606jetpackuser|just elying on 50-50s\n|c|\u2606jetpackuser|why make the optimal play right?\n|\n|t:|1781403910\n|move|p2a: Espeon|Morning Sun|p2a: Espeon\n|-heal|p2a: Espeon|210/246 brn\n|move|p1a: Vaporeon|Scald|p2a: Espeon\n|-damage|p2a: Espeon|111/246 brn\n|\n|-heal|p1a: Vaporeon|262/364|[from] item: Leftovers\n|-damage|p2a: Espeon|96/246 brn|[from] brn\n|upkeep\n|turn|28\n|\n|t:|1781403922\n|move|p2a: Espeon|Morning Sun|p2a: Espeon\n|-heal|p2a: Espeon|219/246 brn\n|move|p1a: Vaporeon|Scald|p2a: Espeon\n|-damage|p2a: Espeon|129/246 brn\n|\n|-heal|p1a: Vaporeon|284/364|[from] item: Leftovers\n|-damage|p2a: Espeon|114/246 brn|[from] brn\n|upkeep\n|turn|29\n|\n|t:|1781403927\n|switch|p2a: Kyurem|Kyurem-White, L73|228/303\n|-damage|p2a: Kyurem|153/303|[from] Stealth Rock\n|-damage|p2a: Kyurem|116/303|[from] Spikes\n|-ability|p2a: Kyurem|Turboblaze\n|move|p1a: Vaporeon|Scald|p2a: Kyurem\n|-resisted|p2a: Kyurem\n|-damage|p2a: Kyurem|64/303\n|\n|-heal|p1a: Vaporeon|306/364|[from] item: Leftovers\n|upkeep\n|turn|30\n|-message|jetpackuser forfeited.\n|\n|win|Danielm24\n", "inputlog": ">version a8376a258c1d4662feba110a92103f3664a72141\n>start {\"formatid\":\"gen9randombattle\",\"seed\":\"sodium,e34f5551290ca087faad0f512738837f\",\"rated\":\"Rated battle\"}\n>player p1 {\"name\":\"Danielm24\",\"avatar\":\"1\",\"rating\":2183,\"seed\":\"sodium,1b4356ed419a70240e73ca7286525cf7\"}\n>player p2 {\"name\":\"jetpackuser\",\"avatar\":\"2\",\"rating\":2206,\"seed\":\"sodium,58d7a0db0b8c85972c6fe70633416399\"}\n>p1 move stoneedge\n>p2 switch 5\n>p1 move earthquake\n>p2 switch 4\n>p1 switch 4\n>p2 move shadowball\n>p1 move bravebird\n>p2 switch 6\n>p1 switch 6\n>p2 move fireblast\n>p1 move stealthrock\n>p2 move fireblast\n>p1 move whirlwind\n>p2 move yawn\n>p1 switch 6\n>p2 switch 6\n>p1 move stoneedge\n>p2 move fireblast\n>p2 switch 4\n>p1 move bravebird\n>p2 move drainpunch\n>chat \u2606jetpackuser|wait\n>chat \u2606jetpackuser|what\n>chat \u2606jetpackuser|i thought it gets edge only on choice sets\n>chat \u2606jetpackuser|okay...\n>p2 switch 3\n>p1 move stoneedge\n>p2 move icebeam\n>p1 switch 3\n>p1 move spikes\n>p2 switch 6\n>p1 move freezedry\n>p2 move matchagotcha\n>p2 switch 5\n>p1 switch 6\n>p2 move swordsdance\n>p1 move whirlwind\n>p2 move trailblaze\n>p1 switch 2\n>p1 move aeroblast\n>p2 move hornleech terastallize\n>p1 move aeroblast\n>p2 move ivycudgel\n>p1 switch 6\n>p2 switch 2\n>p1 move earthquake\n>p2 move calmmind\n>p1 switch 5\n>p2 move morningsun\n>p1 move haze\n>p2 move psychic\n>p1 move wish\n>p2 move calmmind\n>p1 move protect\n>p2 move psychic\n>p1 move haze\n>p2 move psychic\n>p1 move scald\n>p2 move calmmind\n>p1 move haze\n>p2 move calmmind\n>p1 move scald\n>p2 move morningsun\n>chat \u2606jetpackuser|who plays like this dued\n>chat \u2606jetpackuser|just elying on 50-50s\n>chat \u2606jetpackuser|why make the optimal play right?\n>p1 move scald\n>p2 move morningsun\n>p1 move scald\n>p2 move morningsun\n>p1 move scald\n>p2 switch 6\n>forcelose p2", "uploadtime": 1781403237, "views": 9, "formatid": "gen9randombattle", "rating": null, "private": 0, "password": null}