{"id": "gen9randombattle-2631549295", "format": "[Gen 9] Random Battle", "players": ["CCJPCR", "hdjci"], "log": "|j|\u2606CCJPCR\n|j|\u2606hdjci\n|t:|1781399868\n|gametype|singles\n|player|p1|CCJPCR|101|1957\n|player|p2|hdjci|170|1935\n|gen|9\n|tier|[Gen 9] Random Battle\n|rated|\n|rule|Species Clause: Limit one of each Pok\u00e9mon\n|rule|HP Percentage Mod: HP is shown in percentages\n|rule|Sleep Clause Mod: Limit one foe put to sleep\n|rule|Illusion Level Mod: Illusion disguises the Pok\u00e9mon's true level\n|\n|t:|1781399868\n|teamsize|p1|6\n|teamsize|p2|6\n|start\n|switch|p1a: Armarouge|Armarouge, L80, F|267/267\n|switch|p2a: Regice|Regice, L88|284/284\n|turn|1\n|\n|t:|1781399883\n|switch|p2a: Tyranitar|Tyranitar, L78, M|284/284\n|-weather|Sandstorm|[from] ability: Sand Stream|[of] p2a: Tyranitar\n|move|p1a: Armarouge|Meteor Beam||[still]\n|-prepare|p1a: Armarouge|Meteor Beam\n|-boost|p1a: Armarouge|spa|1\n|-enditem|p1a: Armarouge|Power Herb\n|-anim|p1a: Armarouge|Meteor Beam|p2a: Tyranitar\n|-damage|p2a: Tyranitar|185/284\n|\n|-weather|Sandstorm|[upkeep]\n|-damage|p1a: Armarouge|251/267|[from] Sandstorm\n|upkeep\n|turn|2\n|\n|t:|1781399902\n|move|p1a: Armarouge|Energy Ball|p2a: Tyranitar\n|-supereffective|p2a: Tyranitar\n|-crit|p2a: Tyranitar\n|-damage|p2a: Tyranitar|0 fnt\n|faint|p2a: Tyranitar\n|\n|-weather|Sandstorm|[upkeep]\n|-damage|p1a: Armarouge|235/267|[from] Sandstorm\n|upkeep\n|\n|t:|1781399916\n|switch|p2a: Clawitzer|Clawitzer, L87, F|265/265\n|turn|3\n|\n|t:|1781399921\n|move|p1a: Armarouge|Energy Ball|p2a: Clawitzer\n|-supereffective|p2a: Clawitzer\n|-damage|p2a: Clawitzer|63/265\n|move|p2a: Clawitzer|Water Pulse|p1a: Armarouge\n|-supereffective|p1a: Armarouge\n|-damage|p1a: Armarouge|0 fnt\n|faint|p1a: Armarouge\n|\n|-weather|Sandstorm|[upkeep]\n|-damage|p2a: Clawitzer|47/265|[from] Sandstorm\n|upkeep\n|\n|t:|1781399941\n|switch|p1a: Giratina|Giratina-Origin, L72|335/335\n|turn|4\n|\n|t:|1781399954\n|switch|p2a: Regice|Regice, L88|284/284\n|move|p1a: Giratina|Poltergeist|p2a: Regice|[miss]\n|-miss|p1a: Giratina|p2a: Regice\n|\n|-weather|Sandstorm|[upkeep]\n|-damage|p1a: Giratina|315/335|[from] Sandstorm\n|-damage|p2a: Regice|267/284|[from] Sandstorm\n|upkeep\n|turn|5\n|\n|t:|1781399960\n|switch|p1a: Magcargo|Magcargo, L95, M|268/268\n|move|p2a: Regice|Ice Beam|p1a: Magcargo\n|-resisted|p1a: Magcargo\n|-crit|p1a: Magcargo\n|-damage|p1a: Magcargo|212/268\n|\n|-weather|none\n|upkeep\n|turn|6\n|\n|t:|1781399972\n|switch|p2a: Clawitzer|Clawitzer, L87, F|47/265\n|move|p1a: Magcargo|Stealth Rock|p2a: Clawitzer\n|-sidestart|p2: hdjci|move: Stealth Rock\n|\n|upkeep\n|turn|7\n|\n|t:|1781399979\n|switch|p1a: Giratina|Giratina-Origin, L72|315/335\n|move|p2a: Clawitzer|Water Pulse|p1a: Giratina\n|-resisted|p1a: Giratina\n|-damage|p1a: Giratina|214/335\n|\n|upkeep\n|turn|8\n|\n|t:|1781399983\n|move|p1a: Giratina|Poltergeist|p2a: Clawitzer\n|-activate|p2a: Clawitzer|move: Poltergeist|Choice Specs\n|-damage|p2a: Clawitzer|0 fnt\n|faint|p2a: Clawitzer\n|\n|upkeep\n|inactive|Battle timer is ON: inactive players will automatically lose when time's up. (requested by CCJPCR)\n|\n|t:|1781400014\n|switch|p2a: Regice|Regice, L88|267/284\n|turn|9\n|inactive|hdjci has 120 seconds left.\n|inactive|hdjci has 90 seconds left.\n|inactive|hdjci has 60 seconds left.\n|inactive|hdjci has 30 seconds left.\n|inactive|hdjci has 20 seconds left.\n|inactive|hdjci has 15 seconds left.\n|inactive|hdjci has 10 seconds left.\n|inactive|hdjci has 5 seconds left.\n|-message|hdjci lost due to inactivity.\n|\n|win|CCJPCR\n|raw|CCJPCR's rating: 1957 &rarr; <strong>1976</strong><br />(+19 for winning)\n|raw|hdjci's rating: 1935 &rarr; <strong>1916</strong><br />(-19 for losing)\n", "inputlog": ">version a8376a258c1d4662feba110a92103f3664a72141\n>start {\"formatid\":\"gen9randombattle\",\"seed\":\"sodium,7c85e5feac2f96276d9ce2afe4b9e917\",\"rated\":\"Rated battle\"}\n>player p1 {\"name\":\"CCJPCR\",\"avatar\":\"101\",\"rating\":1957,\"seed\":\"sodium,9050d75a4696aa87b9923da7d2cb4750\"}\n>player p2 {\"name\":\"hdjci\",\"avatar\":\"170\",\"rating\":1935,\"seed\":\"sodium,99d0d137adc912137d121ec133280d15\"}\n>p1 move meteorbeam\n>p2 switch 5\n>p1 move energyball\n>p2 move dragondance\n>p2 switch 4\n>p1 move energyball\n>p2 move waterpulse\n>p1 switch 4\n>p1 move poltergeist\n>p2 switch 5\n>p1 switch 5\n>p2 move icebeam\n>p1 move stealthrock\n>p2 switch 5\n>p1 switch 5\n>p2 move waterpulse\n>p1 move poltergeist\n>p2 move waterpulse\n>p2 switch 5\n>forcelose p2", "uploadtime": 1781399870, "views": 6, "formatid": "gen9randombattle", "rating": 1916, "private": 0, "password": null}