{"id": "gen9randombattle-2631985274", "format": "[Gen 9] Random Battle", "players": ["UseTheHood", "Isitshine11"], "log": "|j|\u2606UseTheHood\n|j|\u2606Isitshine11\n|t:|1781462857\n|gametype|singles\n|player|p1|UseTheHood|170|2000\n|player|p2|Isitshine11|medium|2016\n|gen|9\n|tier|[Gen 9] Random Battle\n|rated|\n|rule|Species Clause: Limit one of each Pok\u00e9mon\n|rule|HP Percentage Mod: HP is shown in percentages\n|rule|Sleep Clause Mod: Limit one foe put to sleep\n|rule|Illusion Level Mod: Illusion disguises the Pok\u00e9mon's true level\n|\n|t:|1781462857\n|teamsize|p1|6\n|teamsize|p2|6\n|start\n|switch|p1a: Mightyena|Mightyena, L96, F|290/290\n|switch|p2a: Coalossal|Coalossal, L89, M|341/341\n|-ability|p1a: Mightyena|Intimidate|boost\n|-unboost|p2a: Coalossal|atk|1\n|turn|1\n|inactive|Battle timer is ON: inactive players will automatically lose when time's up. (requested by Isitshine11)\n|\n|t:|1781462874\n|switch|p1a: Dondozo|Dondozo, L78, M|362/362\n|move|p2a: Coalossal|Stealth Rock|p1a: Dondozo\n|-sidestart|p1: UseTheHood|move: Stealth Rock\n|\n|upkeep\n|turn|2\n|\n|t:|1781462882\n|switch|p2a: Noivern|Noivern, L82, F|274/274\n|switch|p1a: Coalossal|Coalossal, L89, F|341/341\n|\n|upkeep\n|turn|3\n|\n|t:|1781462892\n|switch|p2a: Grumpig|Grumpig, L92, F|297/297\n|move|p1a: Coalossal|Rapid Spin|p2a: Grumpig\n|-damage|p2a: Grumpig|255/297\n|-boost|p1a: Coalossal|spe|1\n|-sideend|p1: UseTheHood|Stealth Rock|[from] move: Rapid Spin|[of] p1a: Coalossal\n|\n|-heal|p2a: Grumpig|273/297|[from] item: Leftovers\n|upkeep\n|turn|4\n|\n|t:|1781462908\n|switch|p1a: Mightyena|Mightyena, L96, F|290/290\n|-ability|p1a: Mightyena|Intimidate|boost\n|-unboost|p2a: Grumpig|atk|1\n|move|p2a: Grumpig|Earth Power|p1a: Mightyena\n|-damage|p1a: Mightyena|208/290\n|\n|-heal|p2a: Grumpig|291/297|[from] item: Leftovers\n|upkeep\n|turn|5\n|\n|t:|1781462916\n|switch|p2a: Coalossal|Coalossal, L89, M|341/341\n|move|p1a: Mightyena|Poison Fang|p2a: Coalossal\n|-resisted|p2a: Coalossal\n|-damage|p2a: Coalossal|317/341\n|-status|p1a: Mightyena|brn|[from] ability: Flame Body|[of] p2a: Coalossal\n|\n|-damage|p1a: Mightyena|190/290 brn|[from] brn\n|upkeep\n|turn|6\n|\n|t:|1781462924\n|move|p1a: Mightyena|Poison Fang|p2a: Coalossal\n|-resisted|p2a: Coalossal\n|-damage|p2a: Coalossal|305/341\n|-status|p2a: Coalossal|tox\n|move|p2a: Coalossal|Stealth Rock|p1a: Mightyena\n|-sidestart|p1: UseTheHood|move: Stealth Rock\n|\n|-damage|p2a: Coalossal|284/341 tox|[from] psn\n|-damage|p1a: Mightyena|172/290 brn|[from] brn\n|upkeep\n|turn|7\n|\n|t:|1781462932\n|switch|p1a: Appletun|Appletun, L92, F|352/352\n|-damage|p1a: Appletun|308/352|[from] Stealth Rock\n|move|p2a: Coalossal|Stone Edge|p1a: Appletun\n|-damage|p1a: Appletun|215/352\n|\n|-heal|p1a: Appletun|237/352|[from] item: Leftovers\n|-damage|p2a: Coalossal|242/341 tox|[from] psn\n|upkeep\n|turn|8\n|\n|t:|1781462939\n|switch|p2a: Grumpig|Grumpig, L92, F|291/297\n|move|p1a: Appletun|Recover|p1a: Appletun\n|-heal|p1a: Appletun|352/352\n|\n|-heal|p2a: Grumpig|297/297|[from] item: Leftovers\n|upkeep\n|turn|9\n|inactive|UseTheHood has 120 seconds left.\n|\n|t:|1781462989\n|move|p2a: Grumpig|Nasty Plot|p2a: Grumpig\n|-boost|p2a: Grumpig|spa|2\n|move|p1a: Appletun|Apple Acid|p2a: Grumpig\n|-damage|p2a: Grumpig|213/297\n|-unboost|p2a: Grumpig|spd|1\n|\n|-heal|p2a: Grumpig|231/297|[from] item: Leftovers\n|upkeep\n|turn|10\n|\n|t:|1781462997\n|switch|p1a: Dondozo|Dondozo, L78, M|362/362\n|-damage|p1a: Dondozo|317/362|[from] Stealth Rock\n|move|p2a: Grumpig|Dazzling Gleam|p1a: Dondozo\n|-damage|p1a: Dondozo|237/362\n|\n|-heal|p2a: Grumpig|249/297|[from] item: Leftovers\n|-heal|p1a: Dondozo|259/362|[from] item: Leftovers\n|upkeep\n|turn|11\n|\n|t:|1781463006\n|switch|p2a: Ludicolo|Ludicolo, L90, F|290/290\n|move|p1a: Dondozo|Wave Crash|p2a: Ludicolo\n|-resisted|p2a: Ludicolo\n|-damage|p2a: Ludicolo|261/290\n|-damage|p1a: Dondozo|249/362|[from] Recoil\n|\n|-heal|p1a: Dondozo|271/362|[from] item: Leftovers\n|upkeep\n|turn|12\n|inactive|UseTheHood has 120 seconds left.\n|\n|t:|1781463015\n|switch|p1a: Mightyena|Mightyena, L96, F|172/290 brn\n|-damage|p1a: Mightyena|136/290 brn|[from] Stealth Rock\n|-ability|p1a: Mightyena|Intimidate|boost\n|-unboost|p2a: Ludicolo|atk|1\n|move|p2a: Ludicolo|Rain Dance|p2a: Ludicolo\n|-weather|RainDance\n|\n|-weather|RainDance|[upkeep]\n|-damage|p1a: Mightyena|118/290 brn|[from] brn\n|upkeep\n|turn|13\n|\n|t:|1781463021\n|move|p1a: Mightyena|Sucker Punch|p2a: Ludicolo\n|-damage|p2a: Ludicolo|182/290\n|move|p2a: Ludicolo|Hydro Pump|p1a: Mightyena\n|-damage|p1a: Mightyena|0 fnt\n|faint|p1a: Mightyena\n|-damage|p2a: Ludicolo|153/290|[from] item: Life Orb\n|\n|-weather|RainDance|[upkeep]\n|upkeep\n|inactive|UseTheHood has 120 seconds left.\n|\n|t:|1781463033\n|switch|p1a: Appletun|Appletun, L92, F|352/352\n|-damage|p1a: Appletun|308/352|[from] Stealth Rock\n|turn|14\n|\n|t:|1781463037\n|move|p2a: Ludicolo|Hydro Pump|p1a: Appletun|[miss]\n|-miss|p2a: Ludicolo|p1a: Appletun\n|move|p1a: Appletun|Recover|p1a: Appletun\n|-heal|p1a: Appletun|352/352\n|\n|-weather|RainDance|[upkeep]\n|upkeep\n|turn|15\n|\n|t:|1781463041\n|move|p2a: Ludicolo|Ice Beam|p1a: Appletun\n|-supereffective|p1a: Appletun\n|-damage|p1a: Appletun|175/352\n|-damage|p2a: Ludicolo|124/290|[from] item: Life Orb\n|move|p1a: Appletun|Recover|p1a: Appletun\n|-heal|p1a: Appletun|351/352\n|\n|-weather|RainDance|[upkeep]\n|-heal|p1a: Appletun|352/352|[from] item: Leftovers\n|upkeep\n|turn|16\n|\n|t:|1781463048\n|switch|p2a: Illumise|Illumise, L91, F|266/266\n|move|p1a: Appletun|Recover||[still]\n|-fail|p1a: Appletun|heal\n|\n|-weather|none\n|upkeep\n|turn|17\n|\n|t:|1781463053\n|switch|p1a: Coalossal|Coalossal, L89, F|341/341\n|move|p2a: Illumise|Thunder Wave|p1a: Coalossal\n|-status|p1a: Coalossal|par\n|\n|upkeep\n|turn|18\n|\n|t:|1781463058\n|switch|p2a: Grumpig|Grumpig, L92, F|249/297\n|move|p1a: Coalossal|Rapid Spin|p2a: Grumpig\n|-damage|p2a: Grumpig|207/297\n|-boost|p1a: Coalossal|spe|1\n|-sideend|p1: UseTheHood|Stealth Rock|[from] move: Rapid Spin|[of] p1a: Coalossal\n|\n|-heal|p2a: Grumpig|225/297|[from] item: Leftovers\n|upkeep\n|turn|19\n|\n|t:|1781463063\n|switch|p1a: Diancie|Diancie, L82|216/216\n|move|p2a: Grumpig|Dazzling Gleam|p1a: Diancie\n|-damage|p1a: Diancie|173/216\n|\n|-heal|p2a: Grumpig|243/297|[from] item: Leftovers\n|-heal|p1a: Diancie|186/216|[from] item: Leftovers\n|upkeep\n|turn|20\n|\n|t:|1781463068\n|move|p2a: Grumpig|Nasty Plot|p2a: Grumpig\n|-boost|p2a: Grumpig|spa|2\n|move|p1a: Diancie|Stealth Rock|p2a: Grumpig\n|-sidestart|p2: Isitshine11|move: Stealth Rock\n|\n|-heal|p2a: Grumpig|261/297|[from] item: Leftovers\n|-heal|p1a: Diancie|199/216|[from] item: Leftovers\n|upkeep\n|turn|21\n|\n|t:|1781463072\n|switch|p1a: Dondozo|Dondozo, L78, M|271/362\n|move|p2a: Grumpig|Earth Power|p1a: Dondozo\n|-damage|p1a: Dondozo|183/362\n|\n|-heal|p2a: Grumpig|279/297|[from] item: Leftovers\n|-heal|p1a: Dondozo|205/362|[from] item: Leftovers\n|upkeep\n|turn|22\n|\n|t:|1781463079\n|switch|p1a: Diancie|Diancie, L82|199/216\n|move|p2a: Grumpig|Psyshock|p1a: Diancie\n|-damage|p1a: Diancie|79/216\n|\n|-heal|p2a: Grumpig|297/297|[from] item: Leftovers\n|-heal|p1a: Diancie|92/216|[from] item: Leftovers\n|upkeep\n|turn|23\n|\n|t:|1781463087\n|move|p2a: Grumpig|Psyshock|p1a: Diancie\n|-damage|p1a: Diancie|0 fnt\n|faint|p1a: Diancie\n|\n|upkeep\n|\n|t:|1781463090\n|switch|p1a: Dondozo|Dondozo, L78, M|205/362\n|turn|24\n|\n|t:|1781463092\n|move|p2a: Grumpig|Psyshock|p1a: Dondozo\n|-damage|p1a: Dondozo|126/362\n|move|p1a: Dondozo|Rest|p1a: Dondozo\n|-status|p1a: Dondozo|slp|[from] move: Rest\n|-heal|p1a: Dondozo|362/362 slp|[silent]\n|\n|upkeep\n|turn|25\n|\n|t:|1781463104\n|switch|p2a: Ludicolo|Ludicolo, L90, F|124/290\n|-damage|p2a: Ludicolo|88/290|[from] Stealth Rock\n|cant|p1a: Dondozo|slp\n|move|p1a: Dondozo|Sleep Talk|p1a: Dondozo\n|move|p1a: Dondozo|Rest||[from] move: Sleep Talk|[still]\n|-fail|p1a: Dondozo\n|\n|upkeep\n|turn|26\n|\n|t:|1781463111\n|switch|p1a: Appletun|Appletun, L92, F|352/352\n|move|p2a: Ludicolo|Hydro Pump|p1a: Appletun\n|-resisted|p1a: Appletun\n|-damage|p1a: Appletun|312/352\n|-damage|p2a: Ludicolo|59/290|[from] item: Life Orb\n|\n|-heal|p1a: Appletun|334/352|[from] item: Leftovers\n|upkeep\n|turn|27\n|\n|t:|1781463116\n|move|p2a: Ludicolo|Ice Beam|p1a: Appletun\n|-supereffective|p1a: Appletun\n|-damage|p1a: Appletun|152/352\n|-status|p1a: Appletun|frz\n|-damage|p2a: Ludicolo|30/290|[from] item: Life Orb\n|cant|p1a: Appletun|frz\n|\n|-heal|p1a: Appletun|174/352 frz|[from] item: Leftovers\n|upkeep\n|turn|28\n|\n|t:|1781463121\n|move|p2a: Ludicolo|Ice Beam|p1a: Appletun\n|-supereffective|p1a: Appletun\n|-damage|p1a: Appletun|0 fnt\n|faint|p1a: Appletun\n|-damage|p2a: Ludicolo|1/290|[from] item: Life Orb\n|\n|upkeep\n|\n|t:|1781463125\n|switch|p1a: Greninja|Greninja, L80, M|246/246\n|turn|29\n|\n|t:|1781463131\n|switch|p2a: Coalossal|Coalossal, L89, M|242/341 tox\n|move|p1a: Greninja|Dark Pulse|p2a: Coalossal\n|-damage|p2a: Coalossal|148/341 tox\n|-damage|p1a: Greninja|222/246|[from] item: Life Orb\n|\n|-damage|p2a: Coalossal|127/341 tox|[from] psn\n|upkeep\n|turn|30\n|\n|t:|1781463143\n|switch|p2a: Noivern|Noivern, L82, F|274/274\n|move|p1a: Greninja|Hydro Pump|p2a: Noivern|[miss]\n|-miss|p1a: Greninja|p2a: Noivern\n|\n|upkeep\n|turn|31\n|\n|t:|1781463155\n|move|p2a: Noivern|Draco Meteor|p1a: Greninja|[miss]\n|-miss|p2a: Noivern|p1a: Greninja\n|move|p1a: Greninja|Ice Beam|p2a: Noivern\n|-supereffective|p2a: Noivern\n|-damage|p2a: Noivern|0 fnt\n|faint|p2a: Noivern\n|-ability|p1a: Greninja|Battle Bond|boost\n|-boost|p1a: Greninja|atk|1\n|-boost|p1a: Greninja|spa|1\n|-boost|p1a: Greninja|spe|1\n|-activate|p1a: Greninja|ability: Battle Bond\n|-damage|p1a: Greninja|198/246|[from] item: Life Orb\n|\n|upkeep\n|\n|t:|1781463165\n|switch|p2a: Illumise|Illumise, L91, F|266/266\n|turn|32\n|\n|t:|1781463170\n|move|p1a: Greninja|Dark Pulse|p2a: Illumise\n|-damage|p2a: Illumise|113/266\n|-damage|p1a: Greninja|174/246|[from] item: Life Orb\n|move|p2a: Illumise|Bug Buzz|p1a: Greninja\n|-supereffective|p1a: Greninja\n|-damage|p1a: Greninja|0 fnt\n|faint|p1a: Greninja\n|\n|upkeep\n|\n|t:|1781463177\n|switch|p1a: Coalossal|Coalossal, L89, F|341/341 par\n|turn|33\n|\n|t:|1781463182\n|switch|p2a: Coalossal|Coalossal, L89, M|127/341 tox\n|move|p1a: Coalossal|Stone Edge|p2a: Coalossal\n|-supereffective|p2a: Coalossal\n|-crit|p2a: Coalossal\n|-damage|p2a: Coalossal|0 fnt\n|faint|p2a: Coalossal\n|\n|upkeep\n|\n|t:|1781463185\n|switch|p2a: Grumpig|Grumpig, L92, F|297/297\n|-damage|p2a: Grumpig|260/297|[from] Stealth Rock\n|turn|34\n|\n|t:|1781463189\n|switch|p1a: Dondozo|Dondozo, L78, M|362/362 slp\n|move|p2a: Grumpig|Earth Power|p1a: Dondozo\n|-damage|p1a: Dondozo|264/362 slp\n|\n|-heal|p2a: Grumpig|278/297|[from] item: Leftovers\n|-heal|p1a: Dondozo|286/362 slp|[from] item: Leftovers\n|upkeep\n|turn|35\n|\n|t:|1781463193\n|switch|p2a: Mismagius|Mismagius, L86, M|243/243\n|-damage|p2a: Mismagius|213/243|[from] Stealth Rock\n|cant|p1a: Dondozo|slp\n|move|p1a: Dondozo|Sleep Talk|p1a: Dondozo\n|move|p1a: Dondozo|Rest||[from] move: Sleep Talk|[still]\n|-fail|p1a: Dondozo\n|\n|-heal|p2a: Mismagius|228/243|[from] item: Leftovers\n|-heal|p1a: Dondozo|308/362 slp|[from] item: Leftovers\n|upkeep\n|turn|36\n|\n|t:|1781463196\n|move|p2a: Mismagius|Shadow Ball|p1a: Dondozo\n|-damage|p1a: Dondozo|185/362 slp\n|-curestatus|p1a: Dondozo|slp|[msg]\n|move|p1a: Dondozo|Wave Crash|p2a: Mismagius\n|-damage|p2a: Mismagius|92/243\n|-damage|p1a: Dondozo|140/362|[from] Recoil\n|\n|-heal|p2a: Mismagius|107/243|[from] item: Leftovers\n|-heal|p1a: Dondozo|162/362|[from] item: Leftovers\n|upkeep\n|turn|37\n|\n|t:|1781463209\n|switch|p2a: Illumise|Illumise, L91, F|113/266\n|-terastallize|p1a: Dondozo|Fairy\n|move|p1a: Dondozo|Rest|p1a: Dondozo\n|-status|p1a: Dondozo|slp|[from] move: Rest\n|-heal|p1a: Dondozo|362/362 slp|[silent]\n|\n|upkeep\n|turn|38\n|\n|t:|1781463214\n|switch|p1a: Coalossal|Coalossal, L89, F|341/341 par\n|move|p2a: Illumise|Roost|p2a: Illumise\n|-heal|p2a: Illumise|246/266\n|-singleturn|p2a: Illumise|move: Roost\n|\n|upkeep\n|turn|39\n|\n|t:|1781463220\n|switch|p2a: Grumpig|Grumpig, L92, F|278/297\n|-damage|p2a: Grumpig|241/297|[from] Stealth Rock\n|switch|p1a: Dondozo|Dondozo, L78, M, tera:Fairy|362/362 slp\n|\n|-heal|p2a: Grumpig|259/297|[from] item: Leftovers\n|upkeep\n|turn|40\n|\n|t:|1781463225\n|switch|p2a: Illumise|Illumise, L91, F|246/266\n|cant|p1a: Dondozo|slp\n|move|p1a: Dondozo|Sleep Talk|p1a: Dondozo\n|move|p1a: Dondozo|Curse|p1a: Dondozo|[from] move: Sleep Talk\n|-unboost|p1a: Dondozo|spe|1\n|-boost|p1a: Dondozo|atk|1\n|-boost|p1a: Dondozo|def|1\n|\n|upkeep\n|turn|41\n|\n|t:|1781463229\n|switch|p1a: Coalossal|Coalossal, L89, F|341/341 par\n|move|p2a: Illumise|Encore||[still]\n|-fail|p2a: Illumise\n|\n|upkeep\n|turn|42\n|\n|t:|1781463233\n|switch|p2a: Grumpig|Grumpig, L92, F|259/297\n|-damage|p2a: Grumpig|222/297|[from] Stealth Rock\n|move|p1a: Coalossal|Stone Edge|p2a: Grumpig\n|-damage|p2a: Grumpig|104/297\n|\n|-heal|p2a: Grumpig|122/297|[from] item: Leftovers\n|upkeep\n|turn|43\n|\n|t:|1781463241\n|switch|p1a: Dondozo|Dondozo, L78, M, tera:Fairy|362/362 slp\n|move|p2a: Grumpig|Psyshock|p1a: Dondozo\n|-damage|p1a: Dondozo|283/362 slp\n|\n|-heal|p2a: Grumpig|140/297|[from] item: Leftovers\n|-heal|p1a: Dondozo|305/362 slp|[from] item: Leftovers\n|upkeep\n|turn|44\n|\n|t:|1781463247\n|move|p2a: Grumpig|Earth Power|p1a: Dondozo\n|-damage|p1a: Dondozo|208/362 slp\n|cant|p1a: Dondozo|slp\n|move|p1a: Dondozo|Sleep Talk|p1a: Dondozo\n|move|p1a: Dondozo|Rest||[from] move: Sleep Talk|[still]\n|-fail|p1a: Dondozo\n|\n|-heal|p2a: Grumpig|158/297|[from] item: Leftovers\n|-heal|p1a: Dondozo|230/362 slp|[from] item: Leftovers\n|upkeep\n|turn|45\n|\n|t:|1781463260\n|move|p2a: Grumpig|Earth Power|p1a: Dondozo\n|-damage|p1a: Dondozo|142/362 slp\n|-curestatus|p1a: Dondozo|slp|[msg]\n|move|p1a: Dondozo|Rest|p1a: Dondozo\n|-status|p1a: Dondozo|slp|[from] move: Rest\n|-heal|p1a: Dondozo|362/362 slp|[silent]\n|\n|-heal|p2a: Grumpig|176/297|[from] item: Leftovers\n|upkeep\n|turn|46\n|\n|t:|1781463266\n|move|p2a: Grumpig|Earth Power|p1a: Dondozo\n|-damage|p1a: Dondozo|258/362 slp\n|cant|p1a: Dondozo|slp\n|move|p1a: Dondozo|Sleep Talk|p1a: Dondozo\n|move|p1a: Dondozo|Wave Crash|p2a: Grumpig|[from] move: Sleep Talk\n|-damage|p2a: Grumpig|58/297\n|-damage|p1a: Dondozo|219/362 slp|[from] Recoil\n|\n|-heal|p2a: Grumpig|76/297|[from] item: Leftovers\n|-heal|p1a: Dondozo|241/362 slp|[from] item: Leftovers\n|upkeep\n|turn|47\n|\n|t:|1781463269\n|move|p2a: Grumpig|Earth Power|p1a: Dondozo\n|-damage|p1a: Dondozo|143/362 slp\n|cant|p1a: Dondozo|slp\n|move|p1a: Dondozo|Sleep Talk|p1a: Dondozo\n|move|p1a: Dondozo|Curse|p1a: Dondozo|[from] move: Sleep Talk\n|-unboost|p1a: Dondozo|spe|1\n|-boost|p1a: Dondozo|atk|1\n|-boost|p1a: Dondozo|def|1\n|\n|-heal|p2a: Grumpig|94/297|[from] item: Leftovers\n|-heal|p1a: Dondozo|165/362 slp|[from] item: Leftovers\n|upkeep\n|turn|48\n|\n|t:|1781463274\n|move|p2a: Grumpig|Earth Power|p1a: Dondozo\n|-damage|p1a: Dondozo|73/362 slp\n|-curestatus|p1a: Dondozo|slp|[msg]\n|move|p1a: Dondozo|Rest|p1a: Dondozo\n|-status|p1a: Dondozo|slp|[from] move: Rest\n|-heal|p1a: Dondozo|362/362 slp|[silent]\n|\n|-heal|p2a: Grumpig|112/297|[from] item: Leftovers\n|upkeep\n|turn|49\n|\n|t:|1781463279\n|move|p2a: Grumpig|Earth Power|p1a: Dondozo\n|-damage|p1a: Dondozo|260/362 slp\n|cant|p1a: Dondozo|slp\n|move|p1a: Dondozo|Sleep Talk|p1a: Dondozo\n|move|p1a: Dondozo|Rest||[from] move: Sleep Talk|[still]\n|-fail|p1a: Dondozo\n|\n|-heal|p2a: Grumpig|130/297|[from] item: Leftovers\n|-heal|p1a: Dondozo|282/362 slp|[from] item: Leftovers\n|upkeep\n|turn|50\n|\n|t:|1781463282\n|move|p2a: Grumpig|Earth Power|p1a: Dondozo\n|-crit|p1a: Dondozo\n|-damage|p1a: Dondozo|139/362 slp\n|cant|p1a: Dondozo|slp\n|move|p1a: Dondozo|Sleep Talk|p1a: Dondozo\n|move|p1a: Dondozo|Wave Crash|p2a: Grumpig|[from] move: Sleep Talk\n|-damage|p2a: Grumpig|0 fnt\n|faint|p2a: Grumpig\n|-damage|p1a: Dondozo|96/362 slp|[from] Recoil\n|\n|-heal|p1a: Dondozo|118/362 slp|[from] item: Leftovers\n|upkeep\n|\n|t:|1781463287\n|switch|p2a: Mismagius|Mismagius, L86, M|107/243\n|-damage|p2a: Mismagius|77/243|[from] Stealth Rock\n|turn|51\n|\n|t:|1781463291\n|move|p2a: Mismagius|Shadow Ball|p1a: Dondozo\n|-damage|p1a: Dondozo|0 fnt\n|faint|p1a: Dondozo\n|\n|-heal|p2a: Mismagius|92/243|[from] item: Leftovers\n|upkeep\n|\n|t:|1781463294\n|switch|p1a: Coalossal|Coalossal, L89, F|341/341 par\n|turn|52\n|\n|t:|1781463300\n|-terastallize|p2a: Mismagius|Fighting\n|move|p2a: Mismagius|Tera Blast|p1a: Coalossal|[anim] Tera Blast Fighting\n|-supereffective|p1a: Coalossal\n|-damage|p1a: Coalossal|155/341 par\n|move|p1a: Coalossal|Stone Edge|p2a: Mismagius\n|-resisted|p2a: Mismagius\n|-damage|p2a: Mismagius|28/243\n|\n|-heal|p2a: Mismagius|43/243|[from] item: Leftovers\n|upkeep\n|turn|53\n|\n|t:|1781463307\n|move|p2a: Mismagius|Tera Blast|p1a: Coalossal|[anim] Tera Blast Fighting\n|-supereffective|p1a: Coalossal\n|-damage|p1a: Coalossal|0 fnt\n|faint|p1a: Coalossal\n|\n|win|Isitshine11\n|raw|UseTheHood's rating: 2000 &rarr; <strong>1981</strong><br />(-19 for losing)\n|raw|Isitshine11's rating: 2016 &rarr; <strong>2035</strong><br />(+19 for winning)\n", "inputlog": ">version a8376a258c1d4662feba110a92103f3664a72141\n>start {\"formatid\":\"gen9randombattle\",\"seed\":\"sodium,db09fce7902fc75bce2631df890cad65\",\"rated\":\"Rated battle\"}\n>player p1 {\"name\":\"UseTheHood\",\"avatar\":\"170\",\"rating\":2000,\"seed\":\"sodium,6a200ce8d3d2d74da48e595328f69ef5\"}\n>player p2 {\"name\":\"Isitshine11\",\"avatar\":\"medium\",\"rating\":2016,\"seed\":\"sodium,ce075f21ffc0ac953a3147a0e997e7fc\"}\n>p1 switch 6\n>p2 move stealthrock\n>p1 switch 5\n>p2 switch 4\n>p1 move rapidspin\n>p2 switch 5\n>p1 switch 6\n>p2 move earthpower\n>p1 move poisonfang\n>p2 switch 4\n>p1 move poisonfang\n>p2 move stealthrock\n>p1 switch 4\n>p2 move stoneedge\n>p1 move recover\n>p2 switch 4\n>p1 move appleacid\n>p2 move nastyplot\n>p1 switch 5\n>p2 move dazzlinggleam\n>p1 move wavecrash\n>p2 switch 6\n>p1 switch 4\n>p2 move raindance\n>p1 move suckerpunch\n>p2 move hydropump\n>p1 switch 5\n>p1 move recover\n>p2 move hydropump\n>p1 move recover\n>p2 move icebeam\n>p1 move recover\n>p2 switch 3\n>p1 switch 6\n>p2 move thunderwave\n>p1 move rapidspin\n>p2 switch 6\n>p1 switch 2\n>p2 move dazzlinggleam\n>p1 move stealthrock\n>p2 move nastyplot\n>p1 switch 4\n>p2 move earthpower\n>p1 switch 4\n>p2 move psyshock\n>p1 move diamondstorm\n>p2 move psyshock\n>p1 switch 4\n>p1 move rest\n>p2 move psyshock\n>p1 move sleeptalk\n>p2 switch 3\n>p1 switch 6\n>p2 move hydropump\n>p1 move appleacid\n>p2 move icebeam\n>p1 move appleacid\n>p2 move icebeam\n>p1 switch 3\n>p1 move darkpulse\n>p2 switch 4\n>p1 move hydropump\n>p2 switch 5\n>p1 move icebeam\n>p2 move dracometeor\n>p2 switch 6\n>p1 move darkpulse\n>p2 move bugbuzz\n>p1 switch 2\n>p1 move stoneedge\n>p2 switch 5\n>p2 switch 3\n>p1 switch 6\n>p2 move earthpower\n>p1 move sleeptalk\n>p2 switch 2\n>p1 move wavecrash\n>p2 move shadowball\n>p1 move rest terastallize\n>p2 switch 5\n>p1 switch 6\n>p2 move roost\n>p1 switch 6\n>p2 switch 2\n>p1 move sleeptalk\n>p2 switch 2\n>p1 switch 6\n>p2 move encore\n>p1 move stoneedge\n>p2 switch 2\n>p1 switch 6\n>p2 move psyshock\n>p1 move sleeptalk\n>p2 move earthpower\n>p1 move rest\n>p2 move earthpower\n>p1 move sleeptalk\n>p2 move earthpower\n>p1 move sleeptalk\n>p2 move earthpower\n>p1 move rest\n>p2 move earthpower\n>p1 move sleeptalk\n>p2 move earthpower\n>p1 move sleeptalk\n>p2 move earthpower\n>p2 switch 5\n>p1 move rest\n>p2 move shadowball\n>p1 switch 6\n>p1 move stoneedge\n>p2 move terablast terastallize\n>p1 move rapidspin\n>p2 move terablast", "uploadtime": 1781462860, "views": 7, "formatid": "gen9randombattle", "rating": 1981, "private": 0, "password": null, "player_dets": [{"name": "UseTheHood", "avatar": "170", "rating": 2000, "seed": "sodium,6a200ce8d3d2d74da48e595328f69ef5"}, {"name": "Isitshine11", "avatar": "medium", "rating": 2016, "seed": "sodium,ce075f21ffc0ac953a3147a0e997e7fc"}], "teams_full": [{"Mightyena": {"name": "Mightyena", "species": "Mightyena", "speciesId": "mightyena", "gender": "F", "shiny": false, "level": 96, "moves": ["poisonfang", "suckerpunch", "crunch", "playrough"], "ability": "Intimidate", "evs": {"hp": 85, "atk": 85, "def": 85, "spa": 85, "spd": 85, "spe": 85}, "ivs": {"hp": 31, "atk": 31, "def": 31, "spa": 31, "spd": 31, "spe": 31}, "item": "Choice Band", "teraType": "Poison", "role": "Bulky Attacker", "bvs": {"hp": 70, "atk": 90, "def": 70, "spa": 60, "spd": 60, "spe": 70}, "stats": {"hp": 290, "atk": 227, "def": 189, "spa": 170, "spd": 170, "spe": 189}}, "Diancie": {"name": "Diancie", "species": "Diancie", "speciesId": "diancie", "gender": "N", "shiny": false, "level": 82, "moves": ["moonblast", "diamondstorm", "bodypress", "stealthrock"], "ability": "Clear Body", "evs": {"hp": 85, "atk": 85, "def": 85, "spa": 85, "spd": 85, "spe": 85}, "ivs": {"hp": 31, "atk": 31, "def": 31, "spa": 31, "spd": 31, "spe": 31}, "item": "Leftovers", "teraType": "Fighting", "role": "Bulky Attacker", "bvs": {"hp": 50, "atk": 100, "def": 150, "spa": 100, "spd": 150, "spe": 50}, "stats": {"hp": 216, "atk": 211, "def": 293, "spa": 211, "spd": 293, "spe": 129}}, "Greninja": {"name": "Greninja", "species": "Greninja-Bond", "speciesId": "greninjabond", "gender": "M", "shiny": false, "level": 80, "moves": ["gunkshot", "darkpulse", "icebeam", "hydropump"], "ability": "Battle Bond", "evs": {"hp": 85, "atk": 85, "def": 85, "spa": 85, "spd": 85, "spe": 85}, "ivs": {"hp": 31, "atk": 31, "def": 31, "spa": 31, "spd": 31, "spe": 31}, "item": "Life Orb", "teraType": "Water", "role": "Fast Attacker", "bvs": {"hp": 72, "atk": 95, "def": 67, "spa": 103, "spd": 71, "spe": 122}, "stats": {"hp": 246, "atk": 198, "def": 153, "spa": 211, "spd": 160, "spe": 241}}, "Appletun": {"name": "Appletun", "species": "Appletun", "speciesId": "appletun", "gender": "F", "shiny": false, "level": 92, "moves": ["recover", "dracometeor", "appleacid", "dragontail"], "ability": "Thick Fat", "evs": {"hp": 85, "atk": 85, "def": 85, "spa": 85, "spd": 85, "spe": 85}, "ivs": {"hp": 31, "atk": 31, "def": 31, "spa": 31, "spd": 31, "spe": 31}, "item": "Leftovers", "teraType": "Steel", "role": "Bulky Attacker", "bvs": {"hp": 110, "atk": 85, "def": 80, "spa": 100, "spd": 80, "spe": 30}, "stats": {"hp": 352, "atk": 209, "def": 200, "spa": 236, "spd": 200, "spe": 108}}, "Coalossal": {"name": "Coalossal", "species": "Coalossal", "speciesId": "coalossal", "gender": "F", "shiny": false, "level": 89, "moves": ["willowisp", "overheat", "rapidspin", "stoneedge"], "ability": "Flame Body", "evs": {"hp": 85, "atk": 85, "def": 85, "spa": 85, "spd": 85, "spe": 85}, "ivs": {"hp": 31, "atk": 31, "def": 31, "spa": 31, "spd": 31, "spe": 31}, "item": "Heavy-Duty Boots", "teraType": "Ghost", "role": "Bulky Support", "bvs": {"hp": 110, "atk": 80, "def": 120, "spa": 80, "spd": 90, "spe": 30}, "stats": {"hp": 341, "atk": 193, "def": 264, "spa": 193, "spd": 211, "spe": 104}}, "Dondozo": {"name": "Dondozo", "species": "Dondozo", "speciesId": "dondozo", "gender": "M", "shiny": false, "level": 78, "moves": ["wavecrash", "curse", "sleeptalk", "rest"], "ability": "Unaware", "evs": {"hp": 85, "atk": 85, "def": 85, "spa": 85, "spd": 85, "spe": 85}, "ivs": {"hp": 31, "atk": 31, "def": 31, "spa": 31, "spd": 31, "spe": 31}, "item": "Leftovers", "teraType": "Fairy", "role": "Bulky Setup", "bvs": {"hp": 150, "atk": 100, "def": 115, "spa": 65, "spd": 65, "spe": 35}, "stats": {"hp": 362, "atk": 201, "def": 224, "spa": 146, "spd": 146, "spe": 100}}}, {"Coalossal": {"name": "Coalossal", "species": "Coalossal", "speciesId": "coalossal", "gender": "M", "shiny": false, "level": 89, "moves": ["flamethrower", "rapidspin", "stoneedge", "stealthrock"], "ability": "Flame Body", "evs": {"hp": 85, "atk": 85, "def": 85, "spa": 85, "spd": 85, "spe": 85}, "ivs": {"hp": 31, "atk": 31, "def": 31, "spa": 31, "spd": 31, "spe": 31}, "item": "Heavy-Duty Boots", "teraType": "Ghost", "role": "Bulky Support", "bvs": {"hp": 110, "atk": 80, "def": 120, "spa": 80, "spd": 90, "spe": 30}, "stats": {"hp": 341, "atk": 193, "def": 264, "spa": 193, "spd": 211, "spe": 104}}, "Mismagius": {"name": "Mismagius", "species": "Mismagius", "speciesId": "mismagius", "gender": "M", "shiny": false, "level": 86, "moves": ["nastyplot", "shadowball", "terablast", "substitute"], "ability": "Levitate", "evs": {"hp": 85, "atk": 0, "def": 85, "spa": 85, "spd": 85, "spe": 85}, "ivs": {"hp": 31, "atk": 0, "def": 31, "spa": 31, "spd": 31, "spe": 31}, "item": "Leftovers", "teraType": "Fighting", "role": "Tera Blast user", "bvs": {"hp": 60, "atk": 60, "def": 60, "spa": 105, "spd": 105, "spe": 105}, "stats": {"hp": 243, "atk": 108, "def": 152, "spa": 230, "spd": 230, "spe": 230}}, "Illumise": {"name": "Illumise", "species": "Illumise", "speciesId": "illumise", "gender": "F", "shiny": false, "level": 91, "moves": ["bugbuzz", "roost", "encore", "thunderwave"], "ability": "Prankster", "evs": {"hp": 85, "atk": 0, "def": 85, "spa": 85, "spd": 85, "spe": 85}, "ivs": {"hp": 31, "atk": 0, "def": 31, "spa": 31, "spd": 31, "spe": 31}, "item": "Heavy-Duty Boots", "teraType": "Steel", "role": "Bulky Support", "bvs": {"hp": 65, "atk": 47, "def": 75, "spa": 73, "spd": 85, "spe": 85}, "stats": {"hp": 266, "atk": 90, "def": 188, "spa": 185, "spd": 207, "spe": 207}}, "Noivern": {"name": "Noivern", "species": "Noivern", "speciesId": "noivern", "gender": "F", "shiny": false, "level": 82, "moves": ["flamethrower", "dracometeor", "roost", "hurricane"], "ability": "Infiltrator", "evs": {"hp": 85, "atk": 0, "def": 85, "spa": 85, "spd": 85, "spe": 85}, "ivs": {"hp": 31, "atk": 0, "def": 31, "spa": 31, "spd": 31, "spe": 31}, "item": "Heavy-Duty Boots", "teraType": "Fire", "role": "Fast Support", "bvs": {"hp": 85, "atk": 70, "def": 80, "spa": 97, "spd": 80, "spe": 123}, "stats": {"hp": 274, "atk": 119, "def": 178, "spa": 206, "spd": 178, "spe": 249}}, "Grumpig": {"name": "Grumpig", "species": "Grumpig", "speciesId": "grumpig", "gender": "F", "shiny": false, "level": 92, "moves": ["earthpower", "psyshock", "dazzlinggleam", "nastyplot"], "ability": "Thick Fat", "evs": {"hp": 85, "atk": 0, "def": 85, "spa": 85, "spd": 85, "spe": 85}, "ivs": {"hp": 31, "atk": 0, "def": 31, "spa": 31, "spd": 31, "spe": 31}, "item": "Leftovers", "teraType": "Fairy", "role": "Bulky Setup", "bvs": {"hp": 80, "atk": 45, "def": 65, "spa": 90, "spd": 110, "spe": 80}, "stats": {"hp": 297, "atk": 87, "def": 172, "spa": 218, "spd": 255, "spe": 200}}, "Ludicolo": {"name": "Ludicolo", "species": "Ludicolo", "speciesId": "ludicolo", "gender": "F", "shiny": false, "level": 90, "moves": ["raindance", "hydropump", "icebeam", "gigadrain"], "ability": "Swift Swim", "evs": {"hp": 85, "atk": 0, "def": 85, "spa": 85, "spd": 85, "spe": 85}, "ivs": {"hp": 31, "atk": 0, "def": 31, "spa": 31, "spd": 31, "spe": 31}, "item": "Life Orb", "teraType": "Steel", "role": "Setup Sweeper", "bvs": {"hp": 80, "atk": 70, "def": 70, "spa": 90, "spd": 100, "spe": 70}, "stats": {"hp": 290, "atk": 131, "def": 177, "spa": 213, "spd": 231, "spe": 177}}}]}