{"id": "gen9randombattle-2631920630", "format": "[Gen 9] Random Battle", "players": ["dumbydumb", "degentew"], "log": "|j|\u2606dumbydumb\n|j|\u2606degentew\n|t:|1781455765\n|gametype|singles\n|player|p1|dumbydumb|102|2019\n|player|p2|degentew|miku-flying|1973\n|gen|9\n|tier|[Gen 9] Random Battle\n|rated|\n|rule|Species Clause: Limit one of each Pok\u00e9mon\n|rule|HP Percentage Mod: HP is shown in percentages\n|rule|Sleep Clause Mod: Limit one foe put to sleep\n|rule|Illusion Level Mod: Illusion disguises the Pok\u00e9mon's true level\n|\n|t:|1781455765\n|teamsize|p1|6\n|teamsize|p2|6\n|start\n|switch|p1a: Giratina|Giratina, L75|349/349\n|switch|p2a: Dachsbun|Dachsbun, L92, M|254/254\n|-ability|p1a: Giratina|Pressure\n|turn|1\n|inactive|Battle timer is ON: inactive players will automatically lose when time's up. (requested by degentew)\n|\n|t:|1781455778\n|switch|p2a: Conkeldurr|Conkeldurr, L80, F|299/299\n|switch|p1a: Volbeat|Volbeat, L90, M|263/263\n|\n|-status|p2a: Conkeldurr|brn|[from] item: Flame Orb\n|upkeep\n|turn|2\n|\n|t:|1781455799\n|move|p1a: Volbeat|Lunge|p2a: Conkeldurr\n|-resisted|p2a: Conkeldurr\n|-damage|p2a: Conkeldurr|261/299 brn\n|-unboost|p2a: Conkeldurr|atk|1\n|move|p2a: Conkeldurr|Facade|p1a: Volbeat\n|-damage|p1a: Volbeat|135/263\n|\n|-damage|p2a: Conkeldurr|243/299 brn|[from] brn\n|upkeep\n|turn|3\n|\n|t:|1781455818\n|move|p1a: Volbeat|Lunge|p2a: Conkeldurr\n|-resisted|p2a: Conkeldurr\n|-damage|p2a: Conkeldurr|204/299 brn\n|-unboost|p2a: Conkeldurr|atk|1\n|move|p2a: Conkeldurr|Facade|p1a: Volbeat\n|-damage|p1a: Volbeat|35/263\n|\n|-damage|p2a: Conkeldurr|186/299 brn|[from] brn\n|upkeep\n|turn|4\n|\n|t:|1781455839\n|switch|p2a: Grimmsnarl|Grimmsnarl, L83, M|293/293\n|move|p1a: Volbeat|Roost|p1a: Volbeat\n|-heal|p1a: Volbeat|167/263\n|-singleturn|p1a: Volbeat|move: Roost\n|\n|upkeep\n|turn|5\n|\n|t:|1781455854\n|switch|p1a: Raikou|Raikou, L81|278/278\n|-ability|p1a: Raikou|Pressure\n|move|p2a: Grimmsnarl|Thunder Wave|p1a: Raikou\n|-immune|p1a: Raikou\n|\n|upkeep\n|turn|6\n|\n|t:|1781455868\n|move|p1a: Raikou|Thunderbolt|p2a: Grimmsnarl\n|-damage|p2a: Grimmsnarl|116/293\n|move|p2a: Grimmsnarl|Spirit Break|p1a: Raikou\n|-damage|p1a: Raikou|172/278\n|-unboost|p1a: Raikou|spa|1\n|\n|-heal|p2a: Grimmsnarl|134/293|[from] item: Leftovers\n|upkeep\n|turn|7\n|\n|t:|1781455897\n|move|p2a: Grimmsnarl|Parting Shot|p1a: Raikou\n|-unboost|p1a: Raikou|atk|1\n|-unboost|p1a: Raikou|spa|1\n|inactive|degentew has 120 seconds left.\n|\n|t:|1781455931\n|switch|p2a: Grumpig|Grumpig, L92, F|297/297|[from] Parting Shot\n|move|p1a: Raikou|Thunderbolt|p2a: Grumpig\n|-damage|p2a: Grumpig|243/297\n|\n|-heal|p2a: Grumpig|261/297|[from] item: Leftovers\n|upkeep\n|turn|8\n|inactive|dumbydumb has 120 seconds left.\n|\n|t:|1781455956\n|switch|p1a: Volbeat|Volbeat, L90, M|167/263\n|move|p2a: Grumpig|Psychic|p1a: Volbeat\n|-damage|p1a: Volbeat|68/263\n|\n|-heal|p2a: Grumpig|279/297|[from] item: Leftovers\n|upkeep\n|turn|9\n|\n|t:|1781455969\n|move|p1a: Volbeat|Roost|p1a: Volbeat\n|-heal|p1a: Volbeat|200/263\n|-singleturn|p1a: Volbeat|move: Roost\n|move|p2a: Grumpig|Psychic|p1a: Volbeat\n|-damage|p1a: Volbeat|100/263\n|\n|-heal|p2a: Grumpig|297/297|[from] item: Leftovers\n|upkeep\n|turn|10\n|\n|t:|1781455978\n|switch|p2a: Grimmsnarl|Grimmsnarl, L83, M|134/293\n|move|p1a: Volbeat|Roost|p1a: Volbeat\n|-heal|p1a: Volbeat|232/263\n|-singleturn|p1a: Volbeat|move: Roost\n|\n|-heal|p2a: Grimmsnarl|152/293|[from] item: Leftovers\n|upkeep\n|turn|11\n|inactive|degentew has 120 seconds left.\n|\n|t:|1781456031\n|switch|p1a: Raikou|Raikou, L81|172/278\n|-ability|p1a: Raikou|Pressure\n|move|p2a: Grimmsnarl|Parting Shot|p1a: Raikou\n|-unboost|p1a: Raikou|atk|1\n|-unboost|p1a: Raikou|spa|1\n|\n|t:|1781456035\n|switch|p2a: Ludicolo|Ludicolo, L90, M|290/290|[from] Parting Shot\n|\n|upkeep\n|turn|12\n|\n|t:|1781456043\n|move|p1a: Raikou|Volt Switch|p2a: Ludicolo\n|-damage|p2a: Ludicolo|227/290\n|\n|t:|1781456051\n|switch|p1a: Volbeat|Volbeat, L90, M|232/263|[from] Volt Switch\n|move|p2a: Ludicolo|Rain Dance|p2a: Ludicolo\n|-weather|RainDance\n|\n|-weather|RainDance|[upkeep]\n|upkeep\n|turn|13\n|inactive|degentew has 120 seconds left.\n|\n|t:|1781456075\n|move|p1a: Volbeat|Encore|p2a: Ludicolo\n|-start|p2a: Ludicolo|Encore\n|move|p2a: Ludicolo|Rain Dance||[still]\n|-fail|p2a: Ludicolo\n|\n|-weather|RainDance|[upkeep]\n|upkeep\n|turn|14\n|\n|t:|1781456078\n|switch|p2a: Conkeldurr|Conkeldurr, L80, F|186/299 brn\n|move|p1a: Volbeat|Lunge|p2a: Conkeldurr\n|-resisted|p2a: Conkeldurr\n|-damage|p2a: Conkeldurr|147/299 brn\n|-unboost|p2a: Conkeldurr|atk|1\n|\n|-weather|RainDance|[upkeep]\n|-damage|p2a: Conkeldurr|129/299 brn|[from] brn\n|upkeep\n|turn|15\n|\n|t:|1781456086\n|switch|p2a: Dachsbun|Dachsbun, L92, M|254/254\n|move|p1a: Volbeat|Lunge|p2a: Dachsbun\n|-resisted|p2a: Dachsbun\n|-damage|p2a: Dachsbun|224/254\n|-unboost|p2a: Dachsbun|atk|1\n|\n|-weather|RainDance|[upkeep]\n|-heal|p2a: Dachsbun|239/254|[from] item: Leftovers\n|upkeep\n|turn|16\n|\n|t:|1781456091\n|move|p1a: Volbeat|Thunder Wave|p2a: Dachsbun\n|-status|p2a: Dachsbun|par\n|cant|p2a: Dachsbun|par\n|\n|-weather|none\n|-heal|p2a: Dachsbun|254/254 par|[from] item: Leftovers\n|upkeep\n|turn|17\n|-message|degentew forfeited.\n|\n|win|dumbydumb\n", "inputlog": ">version a8376a258c1d4662feba110a92103f3664a72141\n>start {\"formatid\":\"gen9randombattle\",\"seed\":\"sodium,bcd76d7c2617bba4bda681d8015b3cf4\",\"rated\":\"Rated battle\"}\n>player p1 {\"name\":\"dumbydumb\",\"avatar\":\"102\",\"rating\":2019,\"seed\":\"sodium,1d9ed197d77c24413378ea6820923c17\"}\n>player p2 {\"name\":\"degentew\",\"avatar\":\"miku-flying\",\"rating\":1973,\"seed\":\"sodium,241b08c1610a7ab14f786eaadd6e7138\"}\n>p1 switch 3\n>p2 switch 3\n>p1 move lunge\n>p2 move facade\n>p1 move lunge\n>p2 move facade\n>p1 move roost\n>p2 switch 2\n>p1 switch 5\n>p2 move thunderwave\n>p1 move thunderbolt\n>p2 move spiritbreak\n>p1 move thunderbolt\n>p2 move partingshot\n>p2 switch 5\n>p1 switch 5\n>p2 move psychic\n>p1 move roost\n>p2 move psychic\n>p1 move roost\n>p2 switch 5\n>p1 switch 5\n>p2 move partingshot\n>p2 switch 6\n>p1 move voltswitch\n>p2 move raindance\n>p1 switch 5\n>p1 move encore\n>p2 move hydropump\n>p1 move lunge\n>p2 switch 2\n>p1 move lunge\n>p2 switch 3\n>p1 move thunderwave\n>p2 move playrough\n>forcelose p2", "uploadtime": 1781455767, "views": 10, "formatid": "gen9randombattle", "rating": null, "private": 0, "password": null}