{"id": "gen9randombattle-2631380819", "format": "[Gen 9] Random Battle", "players": ["Poulin", "sirrna"], "log": "|j|\u2606Poulin\n|j|\u203dsirrna\n|t:|1781377886\n|gametype|singles\n|player|p1|Poulin|170|1983\n|player|p2|sirrna|102|2034\n|gen|9\n|tier|[Gen 9] Random Battle\n|rated|\n|rule|Species Clause: Limit one of each Pok\u00e9mon\n|rule|HP Percentage Mod: HP is shown in percentages\n|rule|Sleep Clause Mod: Limit one foe put to sleep\n|rule|Illusion Level Mod: Illusion disguises the Pok\u00e9mon's true level\n|\n|t:|1781377886\n|teamsize|p1|6\n|teamsize|p2|6\n|start\n|switch|p1a: Basculin|Basculin-Blue-Striped, L86, F|261/261\n|switch|p2a: Furret|Furret, L94, F|312/312\n|-item|p1a: Basculin|Choice Band|[from] ability: Frisk|[of] p2a: Furret\n|turn|1\n|inactive|Battle timer is ON: inactive players will automatically lose when time's up. (requested by Poulin)\n|\n|t:|1781377900\n|switch|p1a: Duraludon|Duraludon, L82, F|249/249\n|move|p2a: Furret|U-turn|p1a: Duraludon\n|-resisted|p1a: Duraludon\n|-damage|p1a: Duraludon|229/249\n|\n|t:|1781377906\n|switch|p2a: Luvdisc|Luvdisc, M|247/247|[from] U-turn\n|\n|upkeep\n|turn|2\n|inactive|Poulin has 120 seconds left.\n|\n|t:|1781377954\n|move|p2a: Luvdisc|Whirlpool|p1a: Duraludon\n|-resisted|p1a: Duraludon\n|-damage|p1a: Duraludon|215/249\n|-activate|p1a: Duraludon|move: Whirlpool|[of] p2a: Luvdisc\n|move|p1a: Duraludon|Body Press|p2a: Luvdisc\n|-damage|p2a: Luvdisc|177/247\n|\n|-damage|p1a: Duraludon|184/249|[from] move: Whirlpool|[partiallytrapped]\n|upkeep\n|turn|3\n|\n|t:|1781377965\n|move|p2a: Luvdisc|Substitute|p2a: Luvdisc\n|-start|p2a: Luvdisc|Substitute\n|-damage|p2a: Luvdisc|116/247\n|move|p1a: Duraludon|Dragon Tail|p2a: Luvdisc\n|-end|p2a: Luvdisc|Substitute\n|\n|-damage|p1a: Duraludon|153/249|[from] move: Whirlpool|[partiallytrapped]\n|upkeep\n|turn|4\n|\n|t:|1781377970\n|move|p2a: Luvdisc|Substitute|p2a: Luvdisc\n|-start|p2a: Luvdisc|Substitute\n|-damage|p2a: Luvdisc|55/247\n|move|p1a: Duraludon|Body Press|p2a: Luvdisc\n|-end|p2a: Luvdisc|Substitute\n|\n|-damage|p1a: Duraludon|122/249|[from] move: Whirlpool|[partiallytrapped]\n|upkeep\n|turn|5\n|\n|t:|1781377980\n|switch|p2a: Dusknoir|Dusknoir, L89, M|225/225\n|-item|p1a: Duraludon|Eviolite|[from] ability: Frisk|[of] p2a: Dusknoir\n|move|p1a: Duraludon|Body Press|p2a: Dusknoir\n|-immune|p2a: Dusknoir\n|\n|-end|p1a: Duraludon|Whirlpool|[partiallytrapped]|[silent]\n|upkeep\n|turn|6\n|\n|t:|1781377990\n|move|p1a: Duraludon|Draco Meteor|p2a: Dusknoir\n|-damage|p2a: Dusknoir|122/225\n|-unboost|p1a: Duraludon|spa|2\n|move|p2a: Dusknoir|Substitute|p2a: Dusknoir\n|-start|p2a: Dusknoir|Substitute\n|-damage|p2a: Dusknoir|66/225\n|\n|-heal|p2a: Dusknoir|80/225|[from] item: Leftovers\n|upkeep\n|turn|7\n|\n|t:|1781377993\n|-singleturn|p2a: Dusknoir|move: Focus Punch\n|move|p1a: Duraludon|Flash Cannon|p2a: Dusknoir\n|-activate|p2a: Dusknoir|move: Substitute|[damage]\n|move|p2a: Dusknoir|Focus Punch|p1a: Duraludon\n|-supereffective|p1a: Duraludon\n|-damage|p1a: Duraludon|0 fnt\n|faint|p1a: Duraludon\n|\n|-heal|p2a: Dusknoir|94/225|[from] item: Leftovers\n|upkeep\n|\n|t:|1781377996\n|switch|p1a: Basculin|Basculin-Blue-Striped, L86, F|261/261\n|turn|8\n|\n|t:|1781378007\n|-singleturn|p2a: Dusknoir|move: Focus Punch\n|move|p1a: Basculin|Flip Turn|p2a: Dusknoir\n|-end|p2a: Dusknoir|Substitute\n|\n|t:|1781378010\n|switch|p1a: Dragalge|Dragalge, L88, M|258/258|[from] Flip Turn\n|move|p2a: Dusknoir|Focus Punch|p1a: Dragalge\n|-resisted|p1a: Dragalge\n|-damage|p1a: Dragalge|202/258\n|\n|-heal|p2a: Dusknoir|108/225|[from] item: Leftovers\n|-heal|p1a: Dragalge|218/258|[from] item: Leftovers\n|upkeep\n|turn|9\n|\n|t:|1781378015\n|move|p2a: Dusknoir|Poltergeist|p1a: Dragalge\n|-activate|p1a: Dragalge|move: Poltergeist|Leftovers\n|-damage|p1a: Dragalge|103/258\n|move|p1a: Dragalge|Toxic Spikes|p2a: Dusknoir\n|-sidestart|p2: sirrna|move: Toxic Spikes\n|\n|-heal|p2a: Dusknoir|122/225|[from] item: Leftovers\n|-heal|p1a: Dragalge|119/258|[from] item: Leftovers\n|upkeep\n|turn|10\n|\n|t:|1781378022\n|move|p2a: Dusknoir|Poltergeist|p1a: Dragalge\n|-activate|p1a: Dragalge|move: Poltergeist|Leftovers\n|-damage|p1a: Dragalge|0 fnt\n|faint|p1a: Dragalge\n|\n|-heal|p2a: Dusknoir|136/225|[from] item: Leftovers\n|upkeep\n|\n|t:|1781378027\n|switch|p1a: Kyogre|Kyogre, L71|259/259\n|-weather|RainDance|[from] ability: Drizzle|[of] p1a: Kyogre\n|turn|11\n|\n|t:|1781378036\n|move|p1a: Kyogre|Origin Pulse|p2a: Dusknoir\n|-damage|p2a: Dusknoir|16/225\n|move|p2a: Dusknoir|Pain Split|p1a: Kyogre\n|-sethp|p1a: Kyogre|137/259|[from] move: Pain Split|[silent]\n|-sethp|p2a: Dusknoir|137/225|[from] move: Pain Split\n|\n|-weather|RainDance|[upkeep]\n|-heal|p1a: Kyogre|153/259|[from] item: Leftovers\n|-heal|p2a: Dusknoir|151/225|[from] item: Leftovers\n|upkeep\n|turn|12\n|\n|t:|1781378041\n|move|p1a: Kyogre|Calm Mind|p1a: Kyogre\n|-boost|p1a: Kyogre|spa|1\n|-boost|p1a: Kyogre|spd|1\n|move|p2a: Dusknoir|Poltergeist|p1a: Kyogre\n|-activate|p1a: Kyogre|move: Poltergeist|Leftovers\n|-damage|p1a: Kyogre|2/259\n|\n|-weather|RainDance|[upkeep]\n|-heal|p1a: Kyogre|18/259|[from] item: Leftovers\n|-heal|p2a: Dusknoir|165/225|[from] item: Leftovers\n|upkeep\n|turn|13\n|\n|t:|1781378048\n|move|p1a: Kyogre|Origin Pulse|p2a: Dusknoir\n|-damage|p2a: Dusknoir|0 fnt\n|faint|p2a: Dusknoir\n|\n|-weather|RainDance|[upkeep]\n|-heal|p1a: Kyogre|34/259|[from] item: Leftovers\n|upkeep\n|\n|t:|1781378057\n|switch|p2a: Noivern|Noivern, L82, F|274/274\n|turn|14\n|\n|t:|1781378059\n|move|p2a: Noivern|Hurricane|p1a: Kyogre\n|-damage|p1a: Kyogre|0 fnt\n|faint|p1a: Kyogre\n|\n|-weather|RainDance|[upkeep]\n|upkeep\n|\n|t:|1781378063\n|switch|p1a: Crabominable|Crabominable, L90, M|321/321\n|turn|15\n|\n|t:|1781378071\n|move|p2a: Noivern|Hurricane|p1a: Crabominable\n|-supereffective|p1a: Crabominable\n|-damage|p1a: Crabominable|79/321\n|move|p1a: Crabominable|Ice Hammer|p2a: Noivern\n|-supereffective|p2a: Noivern\n|-damage|p2a: Noivern|0 fnt\n|-unboost|p1a: Crabominable|spe|1\n|faint|p2a: Noivern\n|\n|-weather|none\n|upkeep\n|\n|t:|1781378076\n|switch|p2a: Luvdisc|Luvdisc, M|55/247\n|turn|16\n|\n|t:|1781378083\n|move|p2a: Luvdisc|Surf|p1a: Crabominable\n|-damage|p1a: Crabominable|0 fnt\n|faint|p1a: Crabominable\n|\n|upkeep\n|\n|t:|1781378085\n|switch|p1a: Basculin|Basculin-Blue-Striped, L86, F|261/261\n|turn|17\n|\n|t:|1781378087\n|move|p1a: Basculin|Aqua Jet|p2a: Luvdisc\n|-resisted|p2a: Luvdisc\n|-damage|p2a: Luvdisc|2/247\n|move|p2a: Luvdisc|Endeavor|p1a: Basculin\n|-damage|p1a: Basculin|2/261\n|\n|upkeep\n|turn|18\n|\n|t:|1781378094\n|switch|p2a: Lugia|Lugia, L73|275/275\n|move|p1a: Basculin|Aqua Jet|p2a: Lugia\n|-damage|p2a: Lugia|236/275\n|\n|upkeep\n|turn|19\n|\n|t:|1781378099\n|switch|p1a: Infernape|Infernape, L82, F|259/259\n|move|p2a: Lugia|Calm Mind|p2a: Lugia\n|-boost|p2a: Lugia|spa|1\n|-boost|p2a: Lugia|spd|1\n|\n|upkeep\n|turn|20\n|\n|t:|1781378103\n|-terastallize|p2a: Lugia|Steel\n|move|p1a: Infernape|Swords Dance|p1a: Infernape\n|-boost|p1a: Infernape|atk|2\n|move|p2a: Lugia|Psychic Noise|p1a: Infernape\n|-supereffective|p1a: Infernape\n|-damage|p1a: Infernape|61/259\n|-start|p1a: Infernape|move: Heal Block\n|\n|upkeep\n|turn|21\n|\n|t:|1781378108\n|move|p1a: Infernape|Close Combat|p2a: Lugia\n|-supereffective|p2a: Lugia\n|-damage|p2a: Lugia|0 fnt\n|-unboost|p1a: Infernape|def|1\n|-unboost|p1a: Infernape|spd|1\n|faint|p2a: Lugia\n|-damage|p1a: Infernape|36/259|[from] item: Life Orb\n|\n|-end|p1a: Infernape|move: Heal Block\n|upkeep\n|-message|Poulin forfeited.\n|\n|win|sirrna\n", "inputlog": ">version a8376a258c1d4662feba110a92103f3664a72141\n>start {\"formatid\":\"gen9randombattle\",\"seed\":\"sodium,063c4295a08d78ff9543d8d06c34c1da\",\"rated\":\"Rated battle\"}\n>player p1 {\"name\":\"Poulin\",\"avatar\":\"170\",\"rating\":1983,\"seed\":\"sodium,ba5d567334bbff16d66e30d028c38785\"}\n>player p2 {\"name\":\"sirrna\",\"avatar\":\"102\",\"rating\":2034,\"seed\":\"sodium,3597338222a0aafb4bc15b7f68da1e09\"}\n>p1 switch 4\n>p2 move uturn\n>p2 switch 2\n>p1 move bodypress\n>p2 move whirlpool\n>p1 move dragontail\n>p2 move substitute\n>p1 move bodypress\n>p2 move substitute\n>p1 move bodypress\n>p2 switch 6\n>p1 move dracometeor\n>p2 move substitute\n>p1 move flashcannon\n>p2 move focuspunch\n>p1 switch 4\n>p1 move flipturn\n>p2 move focuspunch\n>p1 switch 5\n>p1 move toxicspikes\n>p2 move poltergeist\n>p1 move dracometeor\n>p2 move poltergeist\n>p1 switch 3\n>p1 move originpulse\n>p2 move painsplit\n>p1 move calmmind\n>p2 move poltergeist\n>p1 move originpulse\n>p2 move poltergeist\n>p2 switch 4\n>p1 move icebeam\n>p2 move hurricane\n>p1 switch 6\n>p1 move icehammer\n>p2 move hurricane\n>p2 switch 6\n>p1 move icehammer\n>p2 move surf\n>p1 switch 5\n>p1 move aquajet\n>p2 move endeavor\n>p1 move aquajet\n>p2 switch 5\n>p1 switch 2\n>p2 move calmmind\n>p1 move swordsdance\n>p2 move psychicnoise terastallize\n>p1 move closecombat\n>p2 move psychicnoise\n>forcelose p1", "uploadtime": 1781377888, "views": 8, "formatid": "gen9randombattle", "rating": null, "private": 0, "password": null}