{"id": "gen9randombattle-2631389697", "format": "[Gen 9] Random Battle", "players": ["regu2", "bilabong"], "log": "|j|\u2606regu2\n|j|\u2606bilabong\n|t:|1781378913\n|gametype|singles\n|player|p1|regu2|1|2042\n|player|p2|bilabong|2|2012\n|gen|9\n|tier|[Gen 9] Random Battle\n|rated|\n|rule|Species Clause: Limit one of each Pok\u00e9mon\n|rule|HP Percentage Mod: HP is shown in percentages\n|rule|Sleep Clause Mod: Limit one foe put to sleep\n|rule|Illusion Level Mod: Illusion disguises the Pok\u00e9mon's true level\n|\n|t:|1781378913\n|teamsize|p1|6\n|teamsize|p2|6\n|start\n|switch|p1a: Probopass|Probopass, L91, F|257/257\n|switch|p2a: Rotom|Rotom, L88|231/231\n|turn|1\n|inactive|Battle timer is ON: inactive players will automatically lose when time's up. (requested by regu2)\n|\n|t:|1781378924\n|switch|p1a: Vileplume|Vileplume, L85, M|266/266\n|move|p2a: Rotom|Trick|p1a: Vileplume\n|-activate|p2a: Rotom|move: Trick|[of] p1a: Vileplume\n|-item|p1a: Vileplume|Choice Scarf|[from] move: Trick\n|-item|p2a: Rotom|Leftovers|[from] move: Trick\n|\n|upkeep\n|turn|2\n|\n|t:|1781378934\n|move|p2a: Rotom|Volt Switch|p1a: Vileplume\n|-resisted|p1a: Vileplume\n|-damage|p1a: Vileplume|224/266\n|\n|t:|1781378941\n|switch|p2a: Empoleon|Empoleon, L84, M|278/278|[from] Volt Switch\n|move|p1a: Vileplume|Sleep Powder|p2a: Empoleon\n|-status|p2a: Empoleon|slp|[from] move: Sleep Powder\n|\n|upkeep\n|turn|3\n|\n|t:|1781378953\n|switch|p1a: Palafin|Palafin, L77, F|281/281\n|switch|p2a: Hariyama|Hariyama, L87, M|392/392\n|\n|-status|p2a: Hariyama|brn|[from] item: Flame Orb\n|upkeep\n|turn|4\n|\n|t:|1781378962\n|detailschange|p1a: Palafin|Palafin-Hero, L77, F\n|switch|p1a: Vileplume|Vileplume, L85, M|224/266\n|move|p2a: Hariyama|Close Combat|p1a: Vileplume\n|-resisted|p1a: Vileplume\n|-damage|p1a: Vileplume|109/266\n|-unboost|p2a: Hariyama|def|1\n|-unboost|p2a: Hariyama|spd|1\n|\n|-damage|p2a: Hariyama|368/392 brn|[from] brn\n|upkeep\n|turn|5\n|\n|t:|1781378967\n|move|p1a: Vileplume|Strength Sap|p2a: Hariyama\n|-unboost|p2a: Hariyama|atk|1\n|-heal|p1a: Vileplume|266/266\n|move|p2a: Hariyama|Facade|p1a: Vileplume\n|-damage|p1a: Vileplume|150/266\n|\n|-damage|p2a: Hariyama|344/392 brn|[from] brn\n|upkeep\n|turn|6\n|\n|t:|1781378978\n|switch|p1a: Hitmontop|Hitmontop, L88, M|231/231\n|-ability|p1a: Hitmontop|Intimidate|boost\n|-unboost|p2a: Hariyama|atk|1\n|switch|p2a: Rotom|Rotom, L88|231/231\n|\n|upkeep\n|turn|7\n|\n|t:|1781378991\n|move|p2a: Rotom|Thunderbolt|p1a: Hitmontop\n|-damage|p1a: Hitmontop|177/231\n|move|p1a: Hitmontop|Stone Edge|p2a: Rotom\n|-damage|p2a: Rotom|156/231\n|\n|-heal|p2a: Rotom|170/231|[from] item: Leftovers\n|upkeep\n|turn|8\n|\n|t:|1781379002\n|move|p2a: Rotom|Volt Switch|p1a: Hitmontop\n|-damage|p1a: Hitmontop|137/231\n|\n|t:|1781379005\n|switch|p2a: Reuniclus|Reuniclus, L88, M|337/337|[from] Volt Switch\n|move|p1a: Hitmontop|Stone Edge|p2a: Reuniclus\n|-damage|p2a: Reuniclus|247/337\n|\n|upkeep\n|turn|9\n|\n|t:|1781379011\n|switch|p1a: Brute Bonnet|Brute Bonnet, L80|309/309\n|move|p2a: Reuniclus|Psyshock|p1a: Brute Bonnet\n|-immune|p1a: Brute Bonnet\n|\n|upkeep\n|turn|10\n|\n|t:|1781379018\n|switch|p2a: Hariyama|Hariyama, L87, M|344/392 brn\n|move|p1a: Brute Bonnet|Close Combat|p2a: Hariyama\n|-damage|p2a: Hariyama|211/392 brn\n|-unboost|p1a: Brute Bonnet|def|1\n|-unboost|p1a: Brute Bonnet|spd|1\n|\n|-damage|p2a: Hariyama|187/392 brn|[from] brn\n|upkeep\n|turn|11\n|\n|t:|1781379024\n|-end|p1a: Brute Bonnet|Protosynthesis|[silent]\n|switch|p1a: Vileplume|Vileplume, L85, M|150/266\n|move|p2a: Hariyama|Close Combat|p1a: Vileplume\n|-resisted|p1a: Vileplume\n|-damage|p1a: Vileplume|38/266\n|-unboost|p2a: Hariyama|def|1\n|-unboost|p2a: Hariyama|spd|1\n|\n|-damage|p2a: Hariyama|163/392 brn|[from] brn\n|upkeep\n|turn|12\n|\n|t:|1781379028\n|switch|p2a: Rotom|Rotom, L88|170/231\n|move|p1a: Vileplume|Strength Sap|p2a: Rotom\n|-unboost|p2a: Rotom|atk|1\n|-heal|p1a: Vileplume|131/266\n|\n|-heal|p2a: Rotom|184/231|[from] item: Leftovers\n|upkeep\n|turn|13\n|\n|t:|1781379034\n|switch|p1a: Hitmontop|Hitmontop, L88, M|137/231\n|-ability|p1a: Hitmontop|Intimidate|boost\n|-unboost|p2a: Rotom|atk|1\n|move|p2a: Rotom|Volt Switch|p1a: Hitmontop\n|-damage|p1a: Hitmontop|92/231\n|\n|t:|1781379045\n|switch|p2a: Reuniclus|Reuniclus, L88, M|247/337|[from] Volt Switch\n|\n|upkeep\n|turn|14\n|\n|t:|1781379054\n|move|p1a: Hitmontop|Earthquake|p2a: Reuniclus\n|-damage|p2a: Reuniclus|164/337\n|move|p2a: Reuniclus|Focus Blast|p1a: Hitmontop\n|-damage|p1a: Hitmontop|11/231\n|\n|upkeep\n|turn|15\n|\n|t:|1781379059\n|switch|p1a: Brute Bonnet|Brute Bonnet, L80|309/309\n|move|p2a: Reuniclus|Recover|p2a: Reuniclus\n|-heal|p2a: Reuniclus|333/337\n|\n|upkeep\n|turn|16\n|\n|t:|1781379065\n|switch|p2a: Regice|Regice, L88|284/284\n|move|p1a: Brute Bonnet|Crunch|p2a: Regice\n|-damage|p2a: Regice|194/284\n|\n|upkeep\n|turn|17\n|\n|t:|1781379075\n|-end|p1a: Brute Bonnet|Protosynthesis|[silent]\n|switch|p1a: Vileplume|Vileplume, L85, M|131/266\n|move|p2a: Regice|Thunder Wave|p1a: Vileplume\n|-status|p1a: Vileplume|par\n|\n|upkeep\n|turn|18\n|\n|t:|1781379081\n|move|p2a: Regice|Ice Beam|p1a: Vileplume\n|-supereffective|p1a: Vileplume\n|-damage|p1a: Vileplume|0 fnt\n|faint|p1a: Vileplume\n|\n|upkeep\n|\n|t:|1781379083\n|switch|p1a: Hitmontop|Hitmontop, L88, M|11/231\n|-ability|p1a: Hitmontop|Intimidate|boost\n|-fail|p2a: Regice|unboost|[from] ability: Clear Body|[of] p2a: Regice\n|turn|19\n|inactive|bilabong has 120 seconds left.\n|\n|t:|1781379133\n|switch|p2a: Rotom|Rotom, L88|184/231\n|move|p1a: Hitmontop|Stone Edge|p2a: Rotom\n|-damage|p2a: Rotom|103/231\n|\n|-heal|p2a: Rotom|117/231|[from] item: Leftovers\n|upkeep\n|turn|20\n|\n|t:|1781379141\n|move|p2a: Rotom|Thunderbolt|p1a: Hitmontop\n|-crit|p1a: Hitmontop\n|-damage|p1a: Hitmontop|0 fnt\n|faint|p1a: Hitmontop\n|\n|-heal|p2a: Rotom|131/231|[from] item: Leftovers\n|upkeep\n|\n|t:|1781379143\n|switch|p1a: Brute Bonnet|Brute Bonnet, L80|309/309\n|turn|21\n|inactive|bilabong has 120 seconds left.\n|\n|t:|1781379151\n|move|p2a: Rotom|Volt Switch|p1a: Brute Bonnet\n|-resisted|p1a: Brute Bonnet\n|-damage|p1a: Brute Bonnet|270/309\n|inactive|bilabong has 120 seconds left.\n|\n|t:|1781379156\n|switch|p2a: Regice|Regice, L88|194/284|[from] Volt Switch\n|move|p1a: Brute Bonnet|Crunch|p2a: Regice\n|-damage|p2a: Regice|115/284\n|\n|-heal|p1a: Brute Bonnet|289/309|[from] item: Leftovers\n|upkeep\n|turn|22\n|\n|t:|1781379164\n|move|p2a: Regice|Ice Beam|p1a: Brute Bonnet\n|-supereffective|p1a: Brute Bonnet\n|-damage|p1a: Brute Bonnet|91/309\n|move|p1a: Brute Bonnet|Close Combat|p2a: Regice\n|-supereffective|p2a: Regice\n|-damage|p2a: Regice|0 fnt\n|-unboost|p1a: Brute Bonnet|def|1\n|-unboost|p1a: Brute Bonnet|spd|1\n|faint|p2a: Regice\n|\n|-heal|p1a: Brute Bonnet|110/309|[from] item: Leftovers\n|upkeep\n|\n|t:|1781379172\n|switch|p2a: Hariyama|Hariyama, L87, M|163/392 brn\n|turn|23\n|\n|t:|1781379176\n|move|p1a: Brute Bonnet|Sucker Punch|p2a: Hariyama\n|-resisted|p2a: Hariyama\n|-damage|p2a: Hariyama|113/392 brn\n|move|p2a: Hariyama|Facade|p1a: Brute Bonnet\n|-damage|p1a: Brute Bonnet|0 fnt\n|faint|p1a: Brute Bonnet\n|-end|p1a: Brute Bonnet|Protosynthesis|[silent]\n|\n|-damage|p2a: Hariyama|89/392 brn|[from] brn\n|upkeep\n|\n|t:|1781379184\n|switch|p1a: Vaporeon|Vaporeon, L86, F|364/364\n|turn|24\n|\n|t:|1781379189\n|switch|p2a: Empoleon|Empoleon, L84, M|278/278 slp\n|move|p1a: Vaporeon|Scald|p2a: Empoleon\n|-resisted|p2a: Empoleon\n|-damage|p2a: Empoleon|238/278 slp\n|\n|-heal|p2a: Empoleon|255/278 slp|[from] item: Leftovers\n|upkeep\n|turn|25\n|\n|t:|1781379196\n|move|p1a: Vaporeon|Flip Turn|p2a: Empoleon\n|-resisted|p2a: Empoleon\n|-damage|p2a: Empoleon|228/278 slp\n|\n|t:|1781379197\n|switch|p1a: Palafin|Palafin-Hero, L77, F|281/281|[from] Flip Turn\n|-activate|p1a: Palafin|ability: Zero to Hero\n|cant|p2a: Empoleon|slp\n|\n|-heal|p2a: Empoleon|245/278 slp|[from] item: Leftovers\n|upkeep\n|turn|26\n|\n|t:|1781379203\n|move|p1a: Palafin|Bulk Up|p1a: Palafin\n|-boost|p1a: Palafin|atk|1\n|-boost|p1a: Palafin|def|1\n|cant|p2a: Empoleon|slp\n|\n|-heal|p2a: Empoleon|262/278 slp|[from] item: Leftovers\n|upkeep\n|turn|27\n|\n|t:|1781379206\n|move|p1a: Palafin|Drain Punch|p2a: Empoleon\n|-supereffective|p2a: Empoleon\n|-damage|p2a: Empoleon|50/278 slp\n|cant|p2a: Empoleon|slp\n|\n|-heal|p2a: Empoleon|67/278 slp|[from] item: Leftovers\n|upkeep\n|turn|28\n|\n|t:|1781379212\n|move|p1a: Palafin|Drain Punch|p2a: Empoleon\n|-supereffective|p2a: Empoleon\n|-damage|p2a: Empoleon|0 fnt\n|faint|p2a: Empoleon\n|\n|upkeep\n|\n|t:|1781379225\n|switch|p2a: Reuniclus|Reuniclus, L88, M|333/337\n|turn|29\n|\n|t:|1781379233\n|move|p1a: Palafin|Jet Punch|p2a: Reuniclus\n|-damage|p2a: Reuniclus|198/337\n|move|p2a: Reuniclus|Calm Mind|p2a: Reuniclus\n|-boost|p2a: Reuniclus|spa|1\n|-boost|p2a: Reuniclus|spd|1\n|\n|upkeep\n|turn|30\n|\n|t:|1781379238\n|move|p1a: Palafin|Bulk Up|p1a: Palafin\n|-boost|p1a: Palafin|atk|1\n|-boost|p1a: Palafin|def|1\n|move|p2a: Reuniclus|Recover|p2a: Reuniclus\n|-heal|p2a: Reuniclus|337/337\n|\n|upkeep\n|turn|31\n|\n|t:|1781379243\n|-terastallize|p2a: Reuniclus|Fighting\n|move|p1a: Palafin|Jet Punch|p2a: Reuniclus\n|-damage|p2a: Reuniclus|151/337\n|move|p2a: Reuniclus|Focus Blast|p1a: Palafin\n|-damage|p1a: Palafin|0 fnt\n|faint|p1a: Palafin\n|\n|upkeep\n|\n|t:|1781379257\n|switch|p1a: Probopass|Probopass, L91, F|257/257\n|turn|32\n|\n|t:|1781379262\n|-terastallize|p1a: Probopass|Fighting\n|move|p1a: Probopass|Body Press|p2a: Reuniclus\n|-damage|p2a: Reuniclus|3/337\n|move|p2a: Reuniclus|Focus Blast|p1a: Probopass\n|-damage|p1a: Probopass|70/257\n|\n|-heal|p1a: Probopass|86/257|[from] item: Leftovers\n|upkeep\n|turn|33\n|\n|t:|1781379270\n|move|p1a: Probopass|Flash Cannon|p2a: Reuniclus\n|-damage|p2a: Reuniclus|0 fnt\n|faint|p2a: Reuniclus\n|\n|-heal|p1a: Probopass|102/257|[from] item: Leftovers\n|upkeep\n|\n|t:|1781379286\n|switch|p2a: Hariyama|Hariyama, L87, M|89/392 brn\n|turn|34\n|\n|t:|1781379289\n|move|p2a: Hariyama|Close Combat|p1a: Probopass\n|-damage|p1a: Probopass|0 fnt\n|-unboost|p2a: Hariyama|def|1\n|-unboost|p2a: Hariyama|spd|1\n|faint|p1a: Probopass\n|\n|-damage|p2a: Hariyama|65/392 brn|[from] brn\n|upkeep\n|\n|t:|1781379291\n|switch|p1a: Vaporeon|Vaporeon, L86, F|364/364\n|turn|35\n|\n|t:|1781379296\n|move|p1a: Vaporeon|Scald|p2a: Hariyama\n|-damage|p2a: Hariyama|0 fnt\n|faint|p2a: Hariyama\n|\n|upkeep\n|\n|t:|1781379300\n|switch|p2a: Rotom|Rotom, L88|131/231\n|turn|36\n|\n|t:|1781379304\n|move|p2a: Rotom|Thunderbolt|p1a: Vaporeon\n|-supereffective|p1a: Vaporeon\n|-damage|p1a: Vaporeon|172/364\n|move|p1a: Vaporeon|Scald|p2a: Rotom\n|-damage|p2a: Rotom|29/231\n|\n|-heal|p2a: Rotom|43/231|[from] item: Leftovers\n|-heal|p1a: Vaporeon|194/364|[from] item: Leftovers\n|upkeep\n|turn|37\n|\n|t:|1781379308\n|move|p1a: Vaporeon|Protect|p1a: Vaporeon\n|-singleturn|p1a: Vaporeon|Protect\n|move|p2a: Rotom|Thunderbolt|p1a: Vaporeon\n|-activate|p1a: Vaporeon|move: Protect\n|\n|-heal|p2a: Rotom|57/231|[from] item: Leftovers\n|-heal|p1a: Vaporeon|216/364|[from] item: Leftovers\n|upkeep\n|turn|38\n|\n|t:|1781379310\n|move|p2a: Rotom|Thunderbolt|p1a: Vaporeon\n|-supereffective|p1a: Vaporeon\n|-damage|p1a: Vaporeon|36/364\n|-status|p1a: Vaporeon|par\n|move|p1a: Vaporeon|Wish|p1a: Vaporeon\n|\n|-heal|p2a: Rotom|71/231|[from] item: Leftovers\n|-heal|p1a: Vaporeon|58/364 par|[from] item: Leftovers\n|upkeep\n|turn|39\n|\n|t:|1781379314\n|move|p1a: Vaporeon|Protect|p1a: Vaporeon\n|-singleturn|p1a: Vaporeon|Protect\n|move|p2a: Rotom|Thunderbolt|p1a: Vaporeon\n|-activate|p1a: Vaporeon|move: Protect\n|\n|-heal|p1a: Vaporeon|240/364 par|[from] move: Wish|[wisher] Vaporeon\n|-heal|p2a: Rotom|85/231|[from] item: Leftovers\n|-heal|p1a: Vaporeon|262/364 par|[from] item: Leftovers\n|upkeep\n|turn|40\n|\n|t:|1781379316\n|move|p2a: Rotom|Thunderbolt|p1a: Vaporeon\n|-supereffective|p1a: Vaporeon\n|-crit|p1a: Vaporeon\n|-damage|p1a: Vaporeon|0 fnt\n|faint|p1a: Vaporeon\n|\n|win|bilabong\n", "uploadtime": 1781378915, "views": 8, "formatid": "gen9randombattle", "rating": null, "private": 0, "password": null}