{"id": "gen9randombattle-2631573260", "format": "[Gen 9] Random Battle", "players": ["Eonlicious", "zsmith544"], "log": "|j|\u2606Eonlicious\n|j|\u2606zsmith544\n|t:|1781403160\n|gametype|singles\n|player|p1|Eonlicious|102|2008\n|player|p2|zsmith544|266|2041\n|gen|9\n|tier|[Gen 9] Random Battle\n|rated|\n|rule|Species Clause: Limit one of each Pok\u00e9mon\n|rule|HP Percentage Mod: HP is shown in percentages\n|rule|Sleep Clause Mod: Limit one foe put to sleep\n|rule|Illusion Level Mod: Illusion disguises the Pok\u00e9mon's true level\n|\n|t:|1781403160\n|teamsize|p1|6\n|teamsize|p2|6\n|start\n|switch|p1a: Tauros|Tauros-Paldea-Blaze, L81, M|254/254\n|switch|p2a: Dunsparce|Dunsparce, L86, M|312/312\n|-ability|p1a: Tauros|Intimidate|boost\n|-unboost|p2a: Dunsparce|atk|1\n|turn|1\n|inactive|Battle timer is ON: inactive players will automatically lose when time's up. (requested by zsmith544)\n|inactive|Eonlicious also wants the timer to be on.\n|\n|t:|1781403174\n|switch|p2a: Oricorio|Oricorio-Sensu, L85, F|266/266\n|move|p1a: Tauros|Close Combat|p2a: Oricorio\n|-immune|p2a: Oricorio\n|\n|upkeep\n|turn|2\n|\n|t:|1781403186\n|switch|p1a: Umbreon|Umbreon, L84, M|297/297\n|move|p2a: Oricorio|Quiver Dance|p2a: Oricorio\n|-boost|p2a: Oricorio|spa|1\n|-boost|p2a: Oricorio|spd|1\n|-boost|p2a: Oricorio|spe|1\n|\n|upkeep\n|turn|3\n|\n|t:|1781403204\n|-terastallize|p2a: Oricorio|Fighting\n|move|p2a: Oricorio|Revelation Dance|p1a: Umbreon\n|-supereffective|p1a: Umbreon\n|-damage|p1a: Umbreon|57/297\n|move|p1a: Umbreon|Toxic|p2a: Oricorio\n|-status|p2a: Oricorio|tox\n|\n|-heal|p1a: Umbreon|75/297|[from] item: Leftovers\n|-damage|p2a: Oricorio|250/266 tox|[from] psn\n|upkeep\n|turn|4\n|\n|t:|1781403216\n|move|p2a: Oricorio|Quiver Dance|p2a: Oricorio\n|-boost|p2a: Oricorio|spa|1\n|-boost|p2a: Oricorio|spd|1\n|-boost|p2a: Oricorio|spe|1\n|move|p1a: Umbreon|Wish|p1a: Umbreon\n|\n|-heal|p1a: Umbreon|93/297|[from] item: Leftovers\n|-damage|p2a: Oricorio|218/266 tox|[from] psn\n|upkeep\n|turn|5\n|\n|t:|1781403225\n|switch|p1a: Qwilfish|Qwilfish, L86, F|252/252\n|-ability|p1a: Qwilfish|Intimidate|boost\n|-unboost|p2a: Oricorio|atk|1\n|move|p2a: Oricorio|Revelation Dance|p1a: Qwilfish\n|-resisted|p1a: Qwilfish\n|-damage|p1a: Qwilfish|129/252\n|\n|-heal|p1a: Qwilfish|252/252|[from] move: Wish|[wisher] Umbreon\n|-damage|p2a: Oricorio|170/266 tox|[from] psn\n|upkeep\n|turn|6\n|\n|t:|1781403238\n|move|p2a: Oricorio|Hurricane|p1a: Qwilfish\n|-damage|p1a: Qwilfish|0 fnt\n|faint|p1a: Qwilfish\n|\n|-damage|p2a: Oricorio|106/266 tox|[from] psn\n|upkeep\n|\n|t:|1781403244\n|switch|p1a: Scream Tail|Scream Tail, L84|330/330\n|turn|7\n|\n|t:|1781403248\n|move|p2a: Oricorio|Hurricane|p1a: Scream Tail|[miss]\n|-miss|p2a: Oricorio|p1a: Scream Tail\n|move|p1a: Scream Tail|Wish|p1a: Scream Tail\n|\n|-damage|p2a: Oricorio|26/266 tox|[from] psn\n|upkeep\n|turn|8\n|inactive|Eonlicious has 120 seconds left.\n|\n|t:|1781403306\n|switch|p2a: Grumpig|Grumpig, L92, F|297/297\n|move|p1a: Scream Tail|Wish||[still]\n|-fail|p1a: Scream Tail\n|\n|upkeep\n|turn|9\n|\n|t:|1781403315\n|move|p1a: Scream Tail|Wish|p1a: Scream Tail\n|move|p2a: Grumpig|Shadow Ball|p1a: Scream Tail\n|-supereffective|p1a: Scream Tail\n|-crit|p1a: Scream Tail\n|-damage|p1a: Scream Tail|96/330\n|\n|-heal|p1a: Scream Tail|116/330|[from] item: Leftovers\n|upkeep\n|turn|10\n|\n|t:|1781403322\n|move|p1a: Scream Tail|Protect|p1a: Scream Tail\n|-singleturn|p1a: Scream Tail|Protect\n|move|p2a: Grumpig|Shadow Ball|p1a: Scream Tail\n|-activate|p1a: Scream Tail|move: Protect\n|\n|-heal|p1a: Scream Tail|281/330|[from] move: Wish|[wisher] Scream Tail\n|-heal|p1a: Scream Tail|301/330|[from] item: Leftovers\n|upkeep\n|turn|11\n|inactive|Eonlicious has 120 seconds left.\n|\n|t:|1781403332\n|move|p1a: Scream Tail|Wish|p1a: Scream Tail\n|move|p2a: Grumpig|Shadow Ball|p1a: Scream Tail\n|-supereffective|p1a: Scream Tail\n|-damage|p1a: Scream Tail|147/330\n|\n|-heal|p1a: Scream Tail|167/330|[from] item: Leftovers\n|upkeep\n|turn|12\n|\n|t:|1781403339\n|-end|p1a: Scream Tail|Protosynthesis|[silent]\n|switch|p1a: Umbreon|Umbreon, L84, M|93/297\n|move|p2a: Grumpig|Shadow Ball|p1a: Umbreon\n|-resisted|p1a: Umbreon\n|-damage|p1a: Umbreon|59/297\n|\n|-heal|p1a: Umbreon|224/297|[from] move: Wish|[wisher] Scream Tail\n|-heal|p1a: Umbreon|242/297|[from] item: Leftovers\n|upkeep\n|turn|13\n|\n|t:|1781403354\n|switch|p2a: Oricorio|Oricorio-Sensu, L85, F, tera:Fighting|26/266 tox\n|move|p1a: Umbreon|Wish|p1a: Umbreon\n|\n|-heal|p1a: Umbreon|260/297|[from] item: Leftovers\n|-damage|p2a: Oricorio|10/266 tox|[from] psn\n|upkeep\n|turn|14\n|\n|t:|1781403361\n|move|p1a: Umbreon|Protect|p1a: Umbreon\n|-singleturn|p1a: Umbreon|Protect\n|move|p2a: Oricorio|Roost|p2a: Oricorio\n|-heal|p2a: Oricorio|143/266 tox\n|\n|-heal|p1a: Umbreon|297/297|[from] move: Wish|[wisher] Umbreon\n|-damage|p2a: Oricorio|111/266 tox|[from] psn\n|upkeep\n|turn|15\n|\n|t:|1781403371\n|move|p2a: Oricorio|Roost|p2a: Oricorio\n|-heal|p2a: Oricorio|244/266 tox\n|move|p1a: Umbreon|Wish|p1a: Umbreon\n|\n|-damage|p2a: Oricorio|196/266 tox|[from] psn\n|upkeep\n|turn|16\n|\n|t:|1781403378\n|switch|p2a: Iron Hands|Iron Hands, L79|373/373\n|switch|p1a: Scream Tail|Scream Tail, L84|167/330\n|\n|-heal|p1a: Scream Tail|315/330|[from] move: Wish|[wisher] Umbreon\n|-heal|p1a: Scream Tail|330/330|[from] item: Leftovers\n|upkeep\n|turn|17\n|\n|t:|1781403388\n|-end|p2a: Iron Hands|Quark Drive|[silent]\n|switch|p2a: Dunsparce|Dunsparce, L86, M|312/312\n|move|p1a: Scream Tail|Dazzling Gleam|p2a: Dunsparce\n|-damage|p2a: Dunsparce|260/312\n|\n|upkeep\n|turn|18\n|\n|t:|1781403395\n|-end|p1a: Scream Tail|Protosynthesis|[silent]\n|switch|p1a: Umbreon|Umbreon, L84, M|297/297\n|move|p2a: Dunsparce|Body Slam|p1a: Umbreon\n|-damage|p1a: Umbreon|231/297\n|\n|-heal|p1a: Umbreon|249/297|[from] item: Leftovers\n|upkeep\n|turn|19\n|\n|t:|1781403403\n|move|p1a: Umbreon|Toxic|p2a: Dunsparce\n|-status|p2a: Dunsparce|tox\n|move|p2a: Dunsparce|Body Slam||[still]\n|-damage|p1a: Umbreon|183/297\n|-status|p1a: Umbreon|par\n|-activate|p1a: Umbreon|ability: Synchronize\n|-fail|p1a: Umbreon\n|\n|-heal|p1a: Umbreon|201/297 par|[from] item: Leftovers\n|-damage|p2a: Dunsparce|241/312 tox|[from] psn\n|upkeep\n|turn|20\n|\n|t:|1781403418\n|switch|p2a: Mightyena|Mightyena, L96, M|290/290\n|-ability|p2a: Mightyena|Intimidate|boost\n|-unboost|p1a: Umbreon|atk|1\n|move|p1a: Umbreon|Wish|p1a: Umbreon\n|\n|-heal|p1a: Umbreon|219/297 par|[from] item: Leftovers\n|upkeep\n|turn|21\n|\n|t:|1781403428\n|move|p2a: Mightyena|Play Rough|p1a: Umbreon\n|-supereffective|p1a: Umbreon\n|-damage|p1a: Umbreon|83/297 par\n|move|p1a: Umbreon|Toxic|p2a: Mightyena\n|-status|p2a: Mightyena|tox\n|\n|-heal|p1a: Umbreon|231/297 par|[from] move: Wish|[wisher] Umbreon\n|-heal|p1a: Umbreon|249/297 par|[from] item: Leftovers\n|-damage|p2a: Mightyena|272/290 tox|[from] psn\n|upkeep\n|turn|22\n|\n|t:|1781403444\n|switch|p1a: Tauros|Tauros-Paldea-Blaze, L81, M|254/254\n|-ability|p1a: Tauros|Intimidate|boost\n|-unboost|p2a: Mightyena|atk|1\n|move|p2a: Mightyena|Play Rough|p1a: Tauros\n|-damage|p1a: Tauros|205/254\n|\n|-damage|p2a: Mightyena|236/290 tox|[from] psn\n|upkeep\n|turn|23\n|\n|t:|1781403462\n|move|p1a: Tauros|Flare Blitz|p2a: Mightyena\n|-damage|p2a: Mightyena|43/290 tox\n|-damage|p1a: Tauros|141/254|[from] Recoil\n|move|p2a: Mightyena|Poison Fang|p1a: Tauros\n|-damage|p1a: Tauros|114/254\n|\n|-damage|p2a: Mightyena|0 fnt|[from] psn\n|faint|p2a: Mightyena\n|upkeep\n|inactive|zsmith544 has 120 seconds left.\n|\n|t:|1781403483\n|switch|p2a: Grumpig|Grumpig, L92, F|297/297\n|turn|24\n|inactive|zsmith544 has 120 seconds left.\n|\n|t:|1781403492\n|move|p1a: Tauros|Flare Blitz|p2a: Grumpig\n|-damage|p2a: Grumpig|180/297\n|-damage|p1a: Tauros|75/254|[from] Recoil\n|move|p2a: Grumpig|Earth Power|p1a: Tauros\n|-supereffective|p1a: Tauros\n|-damage|p1a: Tauros|0 fnt\n|faint|p1a: Tauros\n|\n|upkeep\n|\n|t:|1781403496\n|switch|p1a: Slither Wing|Slither Wing, L81|270/270\n|-enditem|p1a: Slither Wing|Booster Energy\n|-activate|p1a: Slither Wing|ability: Protosynthesis|[fromitem]\n|-start|p1a: Slither Wing|protosynthesisatk\n|turn|25\n|\n|t:|1781403506\n|switch|p2a: Dunsparce|Dunsparce, L86, M|241/312 tox\n|move|p1a: Slither Wing|Close Combat|p2a: Dunsparce\n|-supereffective|p2a: Dunsparce\n|-damage|p2a: Dunsparce|0 fnt\n|-unboost|p1a: Slither Wing|def|1\n|-unboost|p1a: Slither Wing|spd|1\n|faint|p2a: Dunsparce\n|\n|upkeep\n|inactive|zsmith544 has 120 seconds left.\n|\n|t:|1781403517\n|switch|p2a: Squawkabilly|Squawkabilly, L85, M|278/278\n|turn|26\n|\n|t:|1781403523\n|-terastallize|p1a: Slither Wing|Electric\n|move|p2a: Squawkabilly|Brave Bird|p1a: Slither Wing\n|-resisted|p1a: Slither Wing\n|-crit|p1a: Slither Wing\n|-damage|p1a: Slither Wing|110/270\n|-damage|p2a: Squawkabilly|225/278|[from] Recoil\n|move|p1a: Slither Wing|Close Combat|p2a: Squawkabilly\n|-damage|p2a: Squawkabilly|0 fnt\n|-unboost|p1a: Slither Wing|def|1\n|-unboost|p1a: Slither Wing|spd|1\n|faint|p2a: Squawkabilly\n|\n|upkeep\n|inactive|zsmith544 has 120 seconds left.\n|\n|t:|1781403538\n|switch|p2a: Grumpig|Grumpig, L92, F|180/297\n|turn|27\n|\n|t:|1781403547\n|-end|p1a: Slither Wing|Protosynthesis|[silent]\n|switch|p1a: Umbreon|Umbreon, L84, M|249/297 par\n|move|p2a: Grumpig|Earth Power|p1a: Umbreon\n|-damage|p1a: Umbreon|167/297 par\n|\n|-heal|p1a: Umbreon|185/297 par|[from] item: Leftovers\n|upkeep\n|turn|28\n|\n|t:|1781403556\n|switch|p2a: Oricorio|Oricorio-Sensu, L85, F, tera:Fighting|196/266 tox\n|switch|p1a: Scream Tail|Scream Tail, L84|330/330\n|\n|-damage|p2a: Oricorio|180/266 tox|[from] psn\n|upkeep\n|turn|29\n|\n|t:|1781403564\n|move|p1a: Scream Tail|Encore||[still]\n|-fail|p1a: Scream Tail\n|move|p2a: Oricorio|Hurricane|p1a: Scream Tail|[miss]\n|-miss|p2a: Oricorio|p1a: Scream Tail\n|\n|-damage|p2a: Oricorio|148/266 tox|[from] psn\n|upkeep\n|turn|30\n|\n|t:|1781403571\n|move|p1a: Scream Tail|Dazzling Gleam|p2a: Oricorio\n|-supereffective|p2a: Oricorio\n|-damage|p2a: Oricorio|0 fnt\n|faint|p2a: Oricorio\n|\n|upkeep\n|\n|t:|1781403577\n|switch|p2a: Grumpig|Grumpig, L92, F|180/297\n|turn|31\n|\n|t:|1781403585\n|move|p1a: Scream Tail|Wish|p1a: Scream Tail\n|move|p2a: Grumpig|Shadow Ball|p1a: Scream Tail\n|-supereffective|p1a: Scream Tail\n|-damage|p1a: Scream Tail|180/330\n|\n|-heal|p1a: Scream Tail|200/330|[from] item: Leftovers\n|upkeep\n|turn|32\n|\n|t:|1781403593\n|-end|p1a: Scream Tail|Protosynthesis|[silent]\n|switch|p1a: Slither Wing|Slither Wing, L81, tera:Electric|110/270\n|move|p2a: Grumpig|Shadow Ball|p1a: Slither Wing\n|-damage|p1a: Slither Wing|21/270\n|\n|-heal|p1a: Slither Wing|186/270|[from] move: Wish|[wisher] Scream Tail\n|upkeep\n|turn|33\n|\n|t:|1781403601\n|move|p2a: Grumpig|Shadow Ball|p1a: Slither Wing\n|-damage|p1a: Slither Wing|104/270\n|move|p1a: Slither Wing|Leech Life|p2a: Grumpig\n|-supereffective|p2a: Grumpig\n|-damage|p2a: Grumpig|0 fnt\n|-heal|p1a: Slither Wing|194/270|[from] drain|[of] p2a: Grumpig\n|faint|p2a: Grumpig\n|\n|upkeep\n|\n|t:|1781403628\n|switch|p2a: Iron Hands|Iron Hands, L79|373/373\n|turn|34\n|c|\u2606zsmith544|glad you got both umbreon and scream tail. so fun\n|-message|zsmith544 forfeited.\n|\n|win|Eonlicious\n", "inputlog": ">version a8376a258c1d4662feba110a92103f3664a72141\n>start {\"formatid\":\"gen9randombattle\",\"seed\":\"sodium,9a94f7d9a24b65b92a8836d32872f1e9\",\"rated\":\"Rated battle\"}\n>player p1 {\"name\":\"Eonlicious\",\"avatar\":\"102\",\"rating\":2008,\"seed\":\"sodium,0d8097932a245ff71daf5beb9a0e8fff\"}\n>player p2 {\"name\":\"zsmith544\",\"avatar\":\"266\",\"rating\":2041,\"seed\":\"sodium,516bcad0c466693feff61d68df4e9bea\"}\n>p1 move closecombat\n>p2 switch 3\n>p1 switch 3\n>p2 move quiverdance\n>p1 move toxic\n>p2 move revelationdance terastallize\n>p1 move wish\n>p2 move quiverdance\n>p1 switch 5\n>p2 move revelationdance\n>p1 move gunkshot\n>p2 move hurricane\n>p1 switch 2\n>p1 move wish\n>p2 move hurricane\n>p1 move wish\n>p2 switch 6\n>p1 move wish\n>p2 move shadowball\n>p1 move protect\n>p2 move shadowball\n>p1 move wish\n>p2 move shadowball\n>p1 switch 5\n>p2 move shadowball\n>p1 move wish\n>p2 switch 6\n>p1 move protect\n>p2 move roost\n>p1 move wish\n>p2 move roost\n>p1 switch 5\n>p2 switch 5\n>p1 move dazzlinggleam\n>p2 switch 3\n>p1 switch 5\n>p2 move bodyslam\n>p1 move toxic\n>p2 move bodyslam\n>p1 move wish\n>p2 switch 4\n>p1 move toxic\n>p2 move playrough\n>p1 switch 3\n>p2 move playrough\n>p1 move flareblitz\n>p2 move poisonfang\n>p2 switch 6\n>p1 move flareblitz\n>p2 move earthpower\n>p1 switch 4\n>p1 move closecombat\n>p2 switch 4\n>p2 switch 2\n>p1 move closecombat terastallize\n>p2 move bravebird\n>p2 switch 4\n>p1 switch 3\n>p2 move earthpower\n>p1 switch 5\n>p2 switch 5\n>p1 move encore\n>p2 move hurricane\n>p1 move dazzlinggleam\n>p2 move roost\n>p2 switch 5\n>p1 move wish\n>p2 move shadowball\n>p1 switch 3\n>p2 move shadowball\n>p1 move leechlife\n>p2 move shadowball\n>p2 switch 3\n>chat \u2606zsmith544|glad you got both umbreon and scream tail. so fun\n>forcelose p2", "uploadtime": 1781403163, "views": 6, "formatid": "gen9randombattle", "rating": null, "private": 0, "password": null}