{"id": "gen9randombattle-2631599453", "format": "[Gen 9] Random Battle", "players": ["latias999999999", "SingWay"], "log": "|j|\u2606latias999999999\n|j|\u2606SingWay\n|t:|1781406796\n|gametype|singles\n|player|p1|latias999999999|gardenia|2098\n|player|p2|SingWay|burglar|2072\n|gen|9\n|tier|[Gen 9] Random Battle\n|rated|\n|rule|Species Clause: Limit one of each Pok\u00e9mon\n|rule|HP Percentage Mod: HP is shown in percentages\n|rule|Sleep Clause Mod: Limit one foe put to sleep\n|rule|Illusion Level Mod: Illusion disguises the Pok\u00e9mon's true level\n|\n|t:|1781406796\n|teamsize|p1|6\n|teamsize|p2|6\n|start\n|switch|p1a: Oranguru|Oranguru, L92, F|315/315\n|switch|p2a: Meloetta|Meloetta, L82|298/298\n|turn|1\n|inactive|Battle timer is ON: inactive players will automatically lose when time's up. (requested by latias999999999)\n|\n|t:|1781406811\n|move|p2a: Meloetta|U-turn|p1a: Oranguru\n|-supereffective|p1a: Oranguru\n|-damage|p1a: Oranguru|239/315\n|\n|t:|1781406814\n|switch|p2a: Morpeko|Morpeko, L88, M|245/245|[from] U-turn\n|move|p1a: Oranguru|Nasty Plot|p1a: Oranguru\n|-boost|p1a: Oranguru|spa|2\n|\n|-heal|p1a: Oranguru|258/315|[from] item: Leftovers\n|-formechange|p2a: Morpeko|Morpeko-Hangry||[from] ability: Hunger Switch\n|upkeep\n|turn|2\n|\n|t:|1781406824\n|switch|p1a: Arcanine|Arcanine, L84, F|288/288\n|-ability|p1a: Arcanine|Intimidate|boost\n|-unboost|p2a: Morpeko|atk|1\n|move|p2a: Morpeko|Aura Wheel|p1a: Arcanine\n|-damage|p1a: Arcanine|198/288\n|-boost|p2a: Morpeko|spe|1\n|\n|-formechange|p2a: Morpeko|Morpeko||[from] ability: Hunger Switch\n|upkeep\n|turn|3\n|\n|t:|1781406831\n|move|p2a: Morpeko|Parting Shot|p1a: Arcanine\n|-unboost|p1a: Arcanine|atk|1\n|-unboost|p1a: Arcanine|spa|1\n|\n|t:|1781406846\n|switch|p2a: Dipplin|Dipplin, L88, M|284/284|[from] Parting Shot\n|move|p1a: Arcanine|Flare Blitz|p2a: Dipplin\n|-damage|p2a: Dipplin|233/284\n|-damage|p1a: Arcanine|181/288|[from] Recoil\n|\n|upkeep\n|turn|4\n|\n|t:|1781406870\n|switch|p1a: Gardevoir|Gardevoir, L83, M|249/249\n|-ability|p1a: Gardevoir|Sticky Hold|Trace|[from] ability: Trace|[of] p2a: Dipplin\n|move|p2a: Dipplin|Dragon Tail|p1a: Gardevoir\n|-immune|p1a: Gardevoir\n|\n|upkeep\n|turn|5\n|\n|t:|1781406879\n|switch|p2a: Iron Moth|Iron Moth, L78|253/253\n|move|p1a: Gardevoir|Calm Mind|p1a: Gardevoir\n|-boost|p1a: Gardevoir|spa|1\n|-boost|p1a: Gardevoir|spd|1\n|\n|upkeep\n|turn|6\n|\n|t:|1781406887\n|move|p2a: Iron Moth|U-turn|p1a: Gardevoir\n|-damage|p1a: Gardevoir|204/249\n|\n|t:|1781406890\n|-end|p2a: Iron Moth|Quark Drive|[silent]\n|switch|p2a: Morpeko|Morpeko, L88, M|245/245|[from] U-turn\n|move|p1a: Gardevoir|Psyshock|p2a: Morpeko\n|-immune|p2a: Morpeko\n|\n|-formechange|p2a: Morpeko|Morpeko-Hangry||[from] ability: Hunger Switch\n|upkeep\n|turn|7\n|\n|t:|1781406902\n|move|p2a: Morpeko|Aura Wheel|p1a: Gardevoir\n|-damage|p1a: Gardevoir|48/249\n|-boost|p2a: Morpeko|spe|1\n|move|p1a: Gardevoir|Moonblast|p2a: Morpeko\n|-supereffective|p2a: Morpeko\n|-damage|p2a: Morpeko|0 fnt\n|faint|p2a: Morpeko\n|-damage|p1a: Gardevoir|24/249|[from] item: Life Orb\n|\n|upkeep\n|\n|t:|1781406914\n|switch|p2a: Iron Moth|Iron Moth, L78|253/253\n|turn|8\n|\n|t:|1781406926\n|switch|p1a: Rotom|Rotom-Wash, L82|216/216\n|move|p2a: Iron Moth|Sludge Wave|p1a: Rotom\n|-damage|p1a: Rotom|69/216\n|\n|-heal|p1a: Rotom|82/216|[from] item: Leftovers\n|upkeep\n|turn|9\n|\n|t:|1781406933\n|move|p2a: Iron Moth|Sludge Wave|p1a: Rotom\n|-damage|p1a: Rotom|0 fnt\n|faint|p1a: Rotom\n|\n|upkeep\n|\n|t:|1781406938\n|switch|p1a: Oranguru|Oranguru, L92, F|258/315\n|turn|10\n|\n|t:|1781406968\n|-end|p2a: Iron Moth|Quark Drive|[silent]\n|switch|p2a: Dipplin|Dipplin, L88, M|233/284\n|move|p1a: Oranguru|Nasty Plot|p1a: Oranguru\n|-boost|p1a: Oranguru|spa|2\n|\n|-heal|p1a: Oranguru|277/315|[from] item: Leftovers\n|upkeep\n|turn|11\n|\n|t:|1781406973\n|move|p1a: Oranguru|Psychic|p2a: Dipplin\n|-damage|p2a: Dipplin|94/284\n|move|p2a: Dipplin|Dragon Tail|p1a: Oranguru\n|-damage|p1a: Oranguru|214/315\n|drag|p1a: Sinistcha|Sinistcha, L83|254/254\n|\n|upkeep\n|turn|12\n|\n|t:|1781406981\n|switch|p1a: Gardevoir|Gardevoir, L83, M|24/249\n|-ability|p1a: Gardevoir|Sticky Hold|Trace|[from] ability: Trace|[of] p2a: Dipplin\n|move|p2a: Dipplin|Recover|p2a: Dipplin\n|-heal|p2a: Dipplin|236/284\n|\n|upkeep\n|turn|13\n|\n|t:|1781406986\n|move|p1a: Gardevoir|Psyshock|p2a: Dipplin\n|-damage|p2a: Dipplin|166/284\n|-damage|p1a: Gardevoir|0 fnt|[from] item: Life Orb\n|faint|p1a: Gardevoir\n|move|p2a: Dipplin|Giga Drain|p1: Gardevoir|[notarget]\n|-fail|p2a: Dipplin\n|\n|upkeep\n|\n|t:|1781406993\n|switch|p1a: Oranguru|Oranguru, L92, F|214/315\n|turn|14\n|\n|t:|1781406997\n|move|p1a: Oranguru|Psychic|p2a: Dipplin\n|-damage|p2a: Dipplin|88/284\n|move|p2a: Dipplin|Dragon Pulse|p1a: Oranguru\n|-damage|p1a: Oranguru|144/315\n|\n|-heal|p1a: Oranguru|163/315|[from] item: Leftovers\n|upkeep\n|turn|15\n|\n|t:|1781407002\n|move|p1a: Oranguru|Nasty Plot|p1a: Oranguru\n|-boost|p1a: Oranguru|spa|2\n|move|p2a: Dipplin|Dragon Tail|p1a: Oranguru\n|-damage|p1a: Oranguru|105/315\n|drag|p1a: Cinccino|Cinccino, L83, F|260/260\n|\n|upkeep\n|turn|16\n|\n|t:|1781407013\n|switch|p2a: Dusknoir|Dusknoir, L89, M|225/225\n|-item|p1a: Cinccino|Loaded Dice|[from] ability: Frisk|[of] p2a: Dusknoir\n|move|p1a: Cinccino|Triple Axel|p2a: Dusknoir\n|-damage|p2a: Dusknoir|211/225\n|-damage|p2a: Dusknoir|183/225\n|-damage|p2a: Dusknoir|144/225\n|-hitcount|p2a: Dusknoir|3\n|\n|-heal|p2a: Dusknoir|158/225|[from] item: Leftovers\n|upkeep\n|turn|17\n|\n|t:|1781407023\n|move|p1a: Cinccino|U-turn|p2a: Dusknoir\n|-resisted|p2a: Dusknoir\n|-damage|p2a: Dusknoir|141/225\n|\n|t:|1781407025\n|switch|p1a: Arcanine|Arcanine, L84, F|181/288|[from] U-turn\n|-ability|p1a: Arcanine|Intimidate|boost\n|-unboost|p2a: Dusknoir|atk|1\n|move|p2a: Dusknoir|Will-O-Wisp|p1a: Arcanine\n|-immune|p1a: Arcanine\n|\n|-heal|p2a: Dusknoir|155/225|[from] item: Leftovers\n|upkeep\n|turn|18\n|\n|t:|1781407034\n|switch|p2a: Delphox|Delphox, L84, M|263/263\n|move|p1a: Arcanine|Flare Blitz|p2a: Delphox\n|-resisted|p2a: Delphox\n|-damage|p2a: Delphox|185/263\n|-damage|p1a: Arcanine|155/288|[from] Recoil\n|\n|upkeep\n|turn|19\n|\n|t:|1781407046\n|move|p1a: Arcanine|Extreme Speed|p2a: Delphox\n|-damage|p2a: Delphox|111/263\n|move|p2a: Delphox|Fire Blast|p1a: Arcanine\n|-resisted|p1a: Arcanine\n|-damage|p1a: Arcanine|87/288\n|\n|upkeep\n|turn|20\n|\n|t:|1781407055\n|move|p2a: Delphox|Psyshock|p1a: Arcanine\n|-damage|p1a: Arcanine|0 fnt\n|faint|p1a: Arcanine\n|\n|upkeep\n|\n|t:|1781407060\n|switch|p1a: Cinccino|Cinccino, L83, F|260/260\n|turn|21\n|\n|t:|1781407068\n|move|p1a: Cinccino|Tail Slap|p2a: Delphox\n|-damage|p2a: Delphox|65/263\n|-damage|p2a: Delphox|17/263\n|-damage|p2a: Delphox|0 fnt\n|faint|p2a: Delphox\n|-hitcount|p2: Delphox|3\n|\n|upkeep\n|\n|t:|1781407077\n|switch|p2a: Dusknoir|Dusknoir, L89, M|155/225\n|-item|p1a: Cinccino|Loaded Dice|[from] ability: Frisk|[of] p2a: Dusknoir\n|turn|22\n|\n|t:|1781407085\n|move|p1a: Cinccino|U-turn|p2a: Dusknoir\n|-resisted|p2a: Dusknoir\n|-damage|p2a: Dusknoir|140/225\n|\n|t:|1781407087\n|switch|p1a: Oranguru|Oranguru, L92, F|105/315|[from] U-turn\n|move|p2a: Dusknoir|Will-O-Wisp|p1a: Oranguru\n|-status|p1a: Oranguru|brn\n|\n|-heal|p1a: Oranguru|124/315 brn|[from] item: Leftovers\n|-heal|p2a: Dusknoir|154/225|[from] item: Leftovers\n|-damage|p1a: Oranguru|105/315 brn|[from] brn\n|upkeep\n|turn|23\n|\n|t:|1781407092\n|switch|p2a: Dipplin|Dipplin, L88, M|88/284\n|move|p1a: Oranguru|Psychic|p2a: Dipplin\n|-crit|p2a: Dipplin\n|-damage|p2a: Dipplin|0 fnt\n|faint|p2a: Dipplin\n|\n|-heal|p1a: Oranguru|124/315 brn|[from] item: Leftovers\n|-damage|p1a: Oranguru|105/315 brn|[from] brn\n|upkeep\n|\n|t:|1781407098\n|switch|p2a: Iron Moth|Iron Moth, L78|253/253\n|turn|24\n|\n|t:|1781407101\n|move|p2a: Iron Moth|Sludge Wave|p1a: Oranguru\n|-damage|p1a: Oranguru|0 fnt\n|faint|p1a: Oranguru\n|\n|upkeep\n|\n|t:|1781407117\n|switch|p1a: Sinistcha|Sinistcha, L83|254/254\n|turn|25\n|\n|t:|1781407123\n|-end|p2a: Iron Moth|Quark Drive|[silent]\n|switch|p2a: Meloetta|Meloetta, L82|298/298\n|-terastallize|p1a: Sinistcha|Steel\n|move|p1a: Sinistcha|Calm Mind|p1a: Sinistcha\n|-boost|p1a: Sinistcha|spa|1\n|-boost|p1a: Sinistcha|spd|1\n|\n|upkeep\n|turn|26\n|\n|t:|1781407132\n|move|p2a: Meloetta|Focus Blast|p1a: Sinistcha\n|-supereffective|p1a: Sinistcha\n|-damage|p1a: Sinistcha|36/254\n|move|p1a: Sinistcha|Calm Mind|p1a: Sinistcha\n|-boost|p1a: Sinistcha|spa|1\n|-boost|p1a: Sinistcha|spd|1\n|\n|-heal|p1a: Sinistcha|51/254|[from] item: Leftovers\n|upkeep\n|turn|27\n|\n|t:|1781407137\n|move|p2a: Meloetta|Focus Blast|p1a: Sinistcha\n|-supereffective|p1a: Sinistcha\n|-damage|p1a: Sinistcha|0 fnt\n|faint|p1a: Sinistcha\n|\n|upkeep\n|-message|latias999999999 forfeited.\n|\n|win|SingWay\n", "inputlog": ">version a8376a258c1d4662feba110a92103f3664a72141\n>start {\"formatid\":\"gen9randombattle\",\"seed\":\"sodium,1aa9562a402ad3c338ad90ca71ae5189\",\"rated\":\"Rated battle\"}\n>player p1 {\"name\":\"latias999999999\",\"avatar\":\"gardenia\",\"rating\":2098,\"seed\":\"sodium,51f221a2c854518e283986bb2720ce24\"}\n>player p2 {\"name\":\"SingWay\",\"avatar\":\"burglar\",\"rating\":2072,\"seed\":\"sodium,0fb806c5e89b6cee35b0d849cedec7fa\"}\n>p1 move nastyplot\n>p2 move uturn\n>p2 switch 5\n>p1 switch 4\n>p2 move aurawheel\n>p1 move flareblitz\n>p2 move partingshot\n>p2 switch 3\n>p1 switch 2\n>p2 move dragontail\n>p1 move calmmind\n>p2 switch 4\n>p1 move psyshock\n>p2 move uturn\n>p2 switch 3\n>p1 move moonblast\n>p2 move aurawheel\n>p2 switch 3\n>p1 switch 5\n>p2 move sludgewave\n>p1 move hydropump\n>p2 move sludgewave\n>p1 switch 4\n>p1 move nastyplot\n>p2 switch 4\n>p1 move psychic\n>p2 move dragontail\n>p1 switch 5\n>p2 move recover\n>p1 move psyshock\n>p2 move gigadrain\n>p1 switch 3\n>p1 move psychic\n>p2 move dragonpulse\n>p1 move nastyplot\n>p2 move dragontail\n>p1 move tripleaxel\n>p2 switch 6\n>p1 move uturn\n>p2 move willowisp\n>p1 switch 2\n>p1 move flareblitz\n>p2 switch 2\n>p1 move extremespeed\n>p2 move fireblast\n>p1 move morningsun\n>p2 move psyshock\n>p1 switch 2\n>p1 move tailslap\n>p2 move focusblast\n>p2 switch 2\n>p1 move uturn\n>p2 move willowisp\n>p1 switch 6\n>p1 move psychic\n>p2 switch 6\n>p2 switch 4\n>p1 move psychic\n>p2 move sludgewave\n>p1 switch 5\n>p1 move calmmind terastallize\n>p2 switch 5\n>p1 move calmmind\n>p2 move focusblast\n>p1 move strengthsap\n>p2 move focusblast\n>forcelose p1", "uploadtime": 1781406798, "views": 4, "formatid": "gen9randombattle", "rating": null, "private": 0, "password": null}