{"id": "gen9randombattle-2631577899", "format": "[Gen 9] Random Battle", "players": ["SeviperGliscor", "mpingul2"], "log": "|j|\u2606SeviperGliscor\n|j|\u2606mpingul2\n|t:|1781403792\n|gametype|singles\n|player|p1|SeviperGliscor|170|1333\n|player|p2|mpingul2|169|1334\n|gen|9\n|tier|[Gen 9] Random Battle\n|rated|\n|rule|Species Clause: Limit one of each Pok\u00e9mon\n|rule|HP Percentage Mod: HP is shown in percentages\n|rule|Sleep Clause Mod: Limit one foe put to sleep\n|rule|Illusion Level Mod: Illusion disguises the Pok\u00e9mon's true level\n|\n|t:|1781403792\n|teamsize|p1|6\n|teamsize|p2|6\n|start\n|switch|p1a: Dudunsparce|Dudunsparce-Three-Segment, L83, F|343/343\n|switch|p2a: Glimmora|Glimmora, L75, M|248/248\n|turn|1\n|inactive|Battle timer is ON: inactive players will automatically lose when time's up. (requested by mpingul2)\n|\n|t:|1781403816\n|switch|p2a: Eiscue|Eiscue, L88, M|274/274\n|-terastallize|p1a: Dudunsparce|Poison\n|move|p1a: Dudunsparce|Calm Mind|p1a: Dudunsparce\n|-boost|p1a: Dudunsparce|spa|1\n|-boost|p1a: Dudunsparce|spd|1\n|\n|upkeep\n|turn|2\n|\n|t:|1781403826\n|move|p1a: Dudunsparce|Boomburst|p2a: Eiscue\n|-damage|p2a: Eiscue|81/274\n|-enditem|p2a: Eiscue|Sitrus Berry|[eat]\n|-heal|p2a: Eiscue|149/274|[from] item: Sitrus Berry\n|move|p2a: Eiscue|Zen Headbutt|p1a: Dudunsparce\n|-supereffective|p1a: Dudunsparce\n|-damage|p1a: Dudunsparce|223/343\n|\n|-heal|p1a: Dudunsparce|244/343|[from] item: Leftovers\n|upkeep\n|turn|3\n|\n|t:|1781403835\n|move|p1a: Dudunsparce|Calm Mind|p1a: Dudunsparce\n|-boost|p1a: Dudunsparce|spa|1\n|-boost|p1a: Dudunsparce|spd|1\n|move|p2a: Eiscue|Zen Headbutt|p1a: Dudunsparce\n|-supereffective|p1a: Dudunsparce\n|-damage|p1a: Dudunsparce|134/343\n|\n|-heal|p1a: Dudunsparce|155/343|[from] item: Leftovers\n|upkeep\n|turn|4\n|\n|t:|1781403844\n|move|p1a: Dudunsparce|Roost|p1a: Dudunsparce\n|-heal|p1a: Dudunsparce|327/343\n|move|p2a: Eiscue|Zen Headbutt|p1a: Dudunsparce\n|-supereffective|p1a: Dudunsparce\n|-damage|p1a: Dudunsparce|207/343\n|\n|-heal|p1a: Dudunsparce|228/343|[from] item: Leftovers\n|upkeep\n|turn|5\n|\n|t:|1781403849\n|move|p1a: Dudunsparce|Calm Mind|p1a: Dudunsparce\n|-boost|p1a: Dudunsparce|spa|1\n|-boost|p1a: Dudunsparce|spd|1\n|move|p2a: Eiscue|Zen Headbutt|p1a: Dudunsparce\n|-supereffective|p1a: Dudunsparce\n|-damage|p1a: Dudunsparce|108/343\n|\n|-heal|p1a: Dudunsparce|129/343|[from] item: Leftovers\n|upkeep\n|turn|6\n|\n|t:|1781403859\n|move|p1a: Dudunsparce|Roost|p1a: Dudunsparce\n|-heal|p1a: Dudunsparce|301/343\n|move|p2a: Eiscue|Zen Headbutt|p1a: Dudunsparce\n|-supereffective|p1a: Dudunsparce\n|-damage|p1a: Dudunsparce|185/343\n|\n|-heal|p1a: Dudunsparce|206/343|[from] item: Leftovers\n|upkeep\n|turn|7\n|\n|t:|1781403865\n|move|p1a: Dudunsparce|Calm Mind|p1a: Dudunsparce\n|-boost|p1a: Dudunsparce|spa|1\n|-boost|p1a: Dudunsparce|spd|1\n|move|p2a: Eiscue|Zen Headbutt|p1a: Dudunsparce\n|-supereffective|p1a: Dudunsparce\n|-damage|p1a: Dudunsparce|90/343\n|\n|-heal|p1a: Dudunsparce|111/343|[from] item: Leftovers\n|upkeep\n|turn|8\n|\n|t:|1781403874\n|move|p1a: Dudunsparce|Roost|p1a: Dudunsparce\n|-heal|p1a: Dudunsparce|283/343\n|move|p2a: Eiscue|Zen Headbutt|p1a: Dudunsparce\n|-supereffective|p1a: Dudunsparce\n|-damage|p1a: Dudunsparce|155/343\n|\n|-heal|p1a: Dudunsparce|176/343|[from] item: Leftovers\n|upkeep\n|turn|9\n|\n|t:|1781403879\n|move|p1a: Dudunsparce|Boomburst|p2a: Eiscue\n|-damage|p2a: Eiscue|0 fnt\n|faint|p2a: Eiscue\n|\n|-heal|p1a: Dudunsparce|197/343|[from] item: Leftovers\n|upkeep\n|\n|t:|1781403898\n|switch|p2a: Indeedee|Indeedee-F, L90, F|272/272\n|-fieldstart|move: Psychic Terrain|[from] ability: Psychic Surge|[of] p2a: Indeedee\n|turn|10\n|\n|t:|1781403905\n|move|p2a: Indeedee|Psyshock|p1a: Dudunsparce\n|-supereffective|p1a: Dudunsparce\n|-damage|p1a: Dudunsparce|0 fnt\n|faint|p1a: Dudunsparce\n|\n|upkeep\n|\n|t:|1781403917\n|switch|p1a: Weavile|Weavile, L79, F|240/240\n|turn|11\n|\n|t:|1781403925\n|switch|p2a: Hitmonchan|Hitmonchan, L87, M|229/229\n|move|p1a: Weavile|Swords Dance|p1a: Weavile\n|-boost|p1a: Weavile|atk|2\n|\n|upkeep\n|turn|12\n|\n|t:|1781403942\n|switch|p1a: Mimikyu|Mimikyu, L79, F|216/216\n|move|p2a: Hitmonchan|Drain Punch|p1a: Mimikyu\n|-immune|p1a: Mimikyu\n|\n|upkeep\n|turn|13\n|\n|t:|1781403950\n|move|p1a: Mimikyu|Swords Dance|p1a: Mimikyu\n|-boost|p1a: Mimikyu|atk|2\n|move|p2a: Hitmonchan|Poison Jab|p1a: Mimikyu\n|-activate|p1a: Mimikyu|ability: Disguise\n|-damage|p1a: Mimikyu|216/216\n|detailschange|p1a: Mimikyu|Mimikyu-Busted, L79, F\n|-damage|p1a: Mimikyu|189/216|[from] pokemon: Mimikyu-Busted\n|\n|upkeep\n|turn|14\n|\n|t:|1781403956\n|move|p1a: Mimikyu|Play Rough|p2a: Hitmonchan\n|-supereffective|p2a: Hitmonchan\n|-crit|p2a: Hitmonchan\n|-damage|p2a: Hitmonchan|0 fnt\n|faint|p2a: Hitmonchan\n|-damage|p1a: Mimikyu|168/216|[from] item: Life Orb\n|\n|-fieldend|move: Psychic Terrain\n|upkeep\n|\n|t:|1781403974\n|switch|p2a: Indeedee|Indeedee-F, L90, F|272/272\n|-fieldstart|move: Psychic Terrain|[from] ability: Psychic Surge|[of] p2a: Indeedee\n|turn|15\n|\n|t:|1781403980\n|move|p2a: Indeedee|Psyshock|p1a: Mimikyu\n|-damage|p1a: Mimikyu|21/216\n|move|p1a: Mimikyu|Play Rough|p2a: Indeedee\n|-damage|p2a: Indeedee|38/272\n|-damage|p1a: Mimikyu|0 fnt|[from] item: Life Orb\n|faint|p1a: Mimikyu\n|\n|upkeep\n|\n|t:|1781403990\n|switch|p1a: Gardevoir|Gardevoir, L83, F|249/249\n|-ability|p1a: Gardevoir|Psychic Surge|Trace|[from] ability: Trace|[of] p2a: Indeedee\n|turn|16\n|\n|t:|1781403996\n|move|p2a: Indeedee|Psyshock|p1a: Gardevoir\n|-resisted|p1a: Gardevoir\n|-crit|p1a: Gardevoir\n|-damage|p1a: Gardevoir|130/249\n|move|p1a: Gardevoir|Psychic|p2a: Indeedee\n|-resisted|p2a: Indeedee\n|-damage|p2a: Indeedee|0 fnt\n|faint|p2a: Indeedee\n|\n|upkeep\n|\n|t:|1781404000\n|switch|p2a: Glimmora|Glimmora, L75, M|248/248\n|turn|17\n|\n|t:|1781404004\n|switch|p2a: Lunala|Lunala, L70|308/308\n|move|p1a: Gardevoir|Psychic|p2a: Lunala\n|-resisted|p2a: Lunala\n|-damage|p2a: Lunala|269/308\n|-unboost|p2a: Lunala|spd|1\n|\n|-heal|p2a: Lunala|288/308|[from] item: Leftovers\n|upkeep\n|turn|18\n|\n|t:|1781404012\n|switch|p1a: Empoleon|Empoleon, L84, F|278/278\n|move|p2a: Lunala|Calm Mind|p2a: Lunala\n|-boost|p2a: Lunala|spa|1\n|-boost|p2a: Lunala|spd|1\n|\n|-heal|p2a: Lunala|307/308|[from] item: Leftovers\n|upkeep\n|turn|19\n|\n|t:|1781404024\n|move|p2a: Lunala|Psyshock|p1a: Empoleon\n|-resisted|p1a: Empoleon\n|-damage|p1a: Empoleon|206/278\n|move|p1a: Empoleon|Yawn|p2a: Lunala\n|-start|p2a: Lunala|move: Yawn|[of] p1a: Empoleon\n|\n|-heal|p2a: Lunala|308/308|[from] item: Leftovers\n|-heal|p1a: Empoleon|223/278|[from] item: Leftovers\n|-fieldend|move: Psychic Terrain\n|upkeep\n|turn|20\n|\n|t:|1781404030\n|switch|p2a: Glimmora|Glimmora, L75, M|248/248\n|move|p1a: Empoleon|Surf|p2a: Glimmora\n|-supereffective|p2a: Glimmora\n|-damage|p2a: Glimmora|8/248\n|\n|-heal|p1a: Empoleon|240/278|[from] item: Leftovers\n|upkeep\n|turn|21\n|\n|t:|1781404038\n|move|p2a: Glimmora|Earth Power|p1a: Empoleon\n|-supereffective|p1a: Empoleon\n|-damage|p1a: Empoleon|120/278\n|move|p1a: Empoleon|Surf|p2a: Glimmora\n|-supereffective|p2a: Glimmora\n|-damage|p2a: Glimmora|0 fnt\n|faint|p2a: Glimmora\n|\n|-heal|p1a: Empoleon|137/278|[from] item: Leftovers\n|upkeep\n|\n|t:|1781404040\n|switch|p2a: Lunala|Lunala, L70|308/308\n|turn|22\n|\n|t:|1781404047\n|move|p2a: Lunala|Moongeist Beam|p1a: Empoleon\n|-damage|p1a: Empoleon|38/278\n|move|p1a: Empoleon|Yawn|p2a: Lunala\n|-start|p2a: Lunala|move: Yawn|[of] p1a: Empoleon\n|\n|-heal|p1a: Empoleon|55/278|[from] item: Leftovers\n|upkeep\n|turn|23\n|\n|t:|1781404052\n|move|p2a: Lunala|Moongeist Beam|p1a: Empoleon\n|-damage|p1a: Empoleon|0 fnt\n|faint|p1a: Empoleon\n|\n|-end|p2a: Lunala|move: Yawn|[silent]\n|-status|p2a: Lunala|slp\n|upkeep\n|\n|t:|1781404055\n|switch|p1a: Weavile|Weavile, L79, F|240/240\n|turn|24\n|\n|t:|1781404071\n|move|p1a: Weavile|Swords Dance|p1a: Weavile\n|-boost|p1a: Weavile|atk|2\n|cant|p2a: Lunala|slp\n|\n|upkeep\n|turn|25\n|\n|t:|1781404079\n|move|p1a: Weavile|Knock Off|p2a: Lunala\n|-supereffective|p2a: Lunala\n|-damage|p2a: Lunala|0 fnt\n|-enditem|p2a: Lunala|Leftovers|[from] move: Knock Off|[of] p1a: Weavile\n|faint|p2a: Lunala\n|\n|upkeep\n|\n|t:|1781404082\n|switch|p2a: Houndstone|Houndstone, L86, F|264/264\n|turn|26\n|\n|t:|1781404084\n|-terastallize|p2a: Houndstone|Fighting\n|move|p1a: Weavile|Knock Off|p2a: Houndstone\n|-resisted|p2a: Houndstone\n|-damage|p2a: Houndstone|215/264\n|-enditem|p2a: Houndstone|Leftovers|[from] move: Knock Off|[of] p1a: Weavile\n|move|p2a: Houndstone|Body Press|p1a: Weavile\n|-supereffective|p1a: Weavile\n|-damage|p1a: Weavile|0 fnt\n|faint|p1a: Weavile\n|\n|upkeep\n|\n|t:|1781404094\n|switch|p1a: Gardevoir|Gardevoir, L83, F|130/249\n|-ability|p1a: Gardevoir|Fluffy|Trace|[from] ability: Trace|[of] p2a: Houndstone\n|turn|27\n|\n|t:|1781404102\n|move|p1a: Gardevoir|Moonblast|p2a: Houndstone\n|-supereffective|p2a: Houndstone\n|-damage|p2a: Houndstone|0 fnt\n|faint|p2a: Houndstone\n|\n|win|SeviperGliscor\n|raw|SeviperGliscor's rating: 1333 &rarr; <strong>1353</strong><br />(+20 for winning)\n|raw|mpingul2's rating: 1334 &rarr; <strong>1314</strong><br />(-20 for losing)\n", "inputlog": ">version a8376a258c1d4662feba110a92103f3664a72141\n>start {\"formatid\":\"gen9randombattle\",\"seed\":\"sodium,3cc455dad1ebec6bd120db87ad367945\",\"rated\":\"Rated battle\"}\n>player p1 {\"name\":\"SeviperGliscor\",\"avatar\":\"170\",\"rating\":1333,\"seed\":\"sodium,1d231b3af2e3dfb1da7053acb5f73153\"}\n>player p2 {\"name\":\"mpingul2\",\"avatar\":\"169\",\"rating\":1334,\"seed\":\"sodium,b3cf959178a3e090cdbbe8d72edf5c03\"}\n>p1 move calmmind terastallize\n>p2 switch 4\n>p1 move boomburst\n>p2 move zenheadbutt\n>p1 move calmmind\n>p2 move zenheadbutt\n>p1 move roost\n>p2 move zenheadbutt\n>p1 move calmmind\n>p2 move zenheadbutt\n>p1 move roost\n>p2 move zenheadbutt\n>p1 move calmmind\n>p2 move zenheadbutt\n>p1 move roost\n>p2 move zenheadbutt\n>p1 move boomburst\n>p2 move zenheadbutt\n>p2 switch 6\n>p1 move boomburst\n>p2 move psyshock\n>p1 switch 4\n>p1 move swordsdance\n>p2 switch 5\n>p1 switch 6\n>p2 move drainpunch\n>p1 move swordsdance\n>p2 move poisonjab\n>p1 move playrough\n>p2 move poisonjab\n>p2 switch 5\n>p1 move playrough\n>p2 move psyshock\n>p1 switch 3\n>p1 move psychic\n>p2 move psyshock\n>p2 switch 4\n>p1 move psychic\n>p2 switch 2\n>p1 switch 2\n>p2 move calmmind\n>p1 move yawn\n>p2 move psyshock\n>p1 move surf\n>p2 switch 2\n>p1 move surf\n>p2 move earthpower\n>p2 switch 2\n>p1 move yawn\n>p2 move moongeistbeam\n>p1 move surf\n>p2 move moongeistbeam\n>p1 switch 6\n>p1 move swordsdance\n>p2 move moonlight\n>p1 move knockoff\n>p2 move moongeistbeam\n>p2 switch 3\n>p1 move knockoff\n>p2 move bodypress terastallize\n>p1 switch 2\n>p1 move moonblast\n>p2 move poltergeist", "uploadtime": 1781404103, "views": 4, "formatid": "gen9randombattle", "rating": 1314, "private": 0, "password": null}