{"id": "gen9randombattle-2632005481", "format": "[Gen 9] Random Battle", "players": ["omg_its_daddy", "ColdWaterSteam"], "log": "|j|\u2606omg_its_daddy\n|j|\u2606ColdWaterSteam\n|t:|1781465090\n|gametype|singles\n|player|p1|omg_its_daddy|blaine|1924\n|player|p2|ColdWaterSteam|1|2042\n|gen|9\n|tier|[Gen 9] Random Battle\n|rated|\n|rule|Species Clause: Limit one of each Pok\u00e9mon\n|rule|HP Percentage Mod: HP is shown in percentages\n|rule|Sleep Clause Mod: Limit one foe put to sleep\n|rule|Illusion Level Mod: Illusion disguises the Pok\u00e9mon's true level\n|\n|t:|1781465090\n|teamsize|p1|6\n|teamsize|p2|6\n|start\n|switch|p1a: Virizion|Virizion, L82|283/283\n|switch|p2a: Krookodile|Krookodile, L79, M|280/280\n|-ability|p2a: Krookodile|Intimidate|boost\n|-unboost|p1a: Virizion|atk|1\n|turn|1\n|inactive|Battle timer is ON: inactive players will automatically lose when time's up. (requested by ColdWaterSteam)\n|inactive|ColdWaterSteam has 120 seconds left.\n|\n|t:|1781465121\n|move|p1a: Virizion|Swords Dance|p1a: Virizion\n|-boost|p1a: Virizion|atk|2\n|move|p2a: Krookodile|Gunk Shot|p1a: Virizion\n|-supereffective|p1a: Virizion\n|-damage|p1a: Virizion|65/283\n|\n|upkeep\n|turn|2\n|\n|t:|1781465141\n|switch|p2a: Salazzle|Salazzle, L83, F|249/249\n|move|p1a: Virizion|Close Combat|p2a: Salazzle\n|-resisted|p2a: Salazzle\n|-damage|p2a: Salazzle|105/249\n|-unboost|p1a: Virizion|def|1\n|-unboost|p1a: Virizion|spd|1\n|-damage|p1a: Virizion|37/283|[from] item: Life Orb\n|\n|-heal|p2a: Salazzle|120/249|[from] item: Leftovers\n|upkeep\n|turn|3\n|\n|t:|1781465159\n|move|p2a: Salazzle|Substitute|p2a: Salazzle\n|-start|p2a: Salazzle|Substitute\n|-damage|p2a: Salazzle|58/249\n|move|p1a: Virizion|Close Combat|p2a: Salazzle\n|-resisted|p2a: Salazzle\n|-end|p2a: Salazzle|Substitute\n|-unboost|p1a: Virizion|def|1\n|-unboost|p1a: Virizion|spd|1\n|-damage|p1a: Virizion|9/283|[from] item: Life Orb\n|\n|-heal|p2a: Salazzle|73/249|[from] item: Leftovers\n|upkeep\n|turn|4\n|\n|t:|1781465169\n|move|p2a: Salazzle|Flamethrower|p1a: Virizion\n|-supereffective|p1a: Virizion\n|-damage|p1a: Virizion|0 fnt\n|faint|p1a: Virizion\n|\n|-heal|p2a: Salazzle|88/249|[from] item: Leftovers\n|upkeep\n|inactive|omg_its_daddy has 120 seconds left.\n|\n|t:|1781465202\n|switch|p1a: Whiscash|Whiscash, L88, M|337/337\n|turn|5\n|\n|t:|1781465223\n|move|p2a: Salazzle|Substitute|p2a: Salazzle\n|-start|p2a: Salazzle|Substitute\n|-damage|p2a: Salazzle|26/249\n|move|p1a: Whiscash|Liquidation|p2a: Salazzle\n|-supereffective|p2a: Salazzle\n|-end|p2a: Salazzle|Substitute\n|-damage|p1a: Whiscash|304/337|[from] item: Life Orb\n|\n|-heal|p2a: Salazzle|41/249|[from] item: Leftovers\n|upkeep\n|turn|6\n|inactive|omg_its_daddy has 120 seconds left.\n|\n|t:|1781465230\n|switch|p2a: Hydrapple|Hydrapple, L83, M|312/312\n|move|p1a: Whiscash|Dragon Dance|p1a: Whiscash\n|-boost|p1a: Whiscash|atk|1\n|-boost|p1a: Whiscash|spe|1\n|\n|upkeep\n|turn|7\n|inactive|omg_its_daddy has 120 seconds left.\n|\n|t:|1781465242\n|switch|p1a: Incineroar|Incineroar, L82, F|290/290\n|-ability|p1a: Incineroar|Intimidate|boost\n|-unboost|p2a: Hydrapple|atk|1\n|move|p2a: Hydrapple|Giga Drain|p1a: Incineroar\n|-resisted|p1a: Incineroar\n|-damage|p1a: Incineroar|246/290\n|\n|upkeep\n|turn|8\n|\n|t:|1781465252\n|move|p1a: Incineroar|Knock Off|p2a: Hydrapple\n|-damage|p2a: Hydrapple|212/312\n|-enditem|p2a: Hydrapple|Leftovers|[from] move: Knock Off|[of] p1a: Incineroar\n|move|p2a: Hydrapple|Fickle Beam|p1a: Incineroar\n|-damage|p1a: Incineroar|146/290\n|\n|upkeep\n|turn|9\n|\n|t:|1781465266\n|switch|p1a: Houndstone|Houndstone, L86, M|264/264\n|move|p2a: Hydrapple|Recover|p2a: Hydrapple\n|-heal|p2a: Hydrapple|312/312\n|\n|upkeep\n|turn|10\n|\n|t:|1781465277\n|switch|p2a: Krookodile|Krookodile, L79, M|280/280\n|-ability|p2a: Krookodile|Intimidate|boost\n|-unboost|p1a: Houndstone|atk|1\n|move|p1a: Houndstone|Body Press|p2a: Krookodile\n|-supereffective|p2a: Krookodile\n|-damage|p2a: Krookodile|138/280\n|\n|-heal|p2a: Krookodile|155/280|[from] item: Leftovers\n|upkeep\n|turn|11\n|\n|t:|1781465285\n|switch|p1a: Incineroar|Incineroar, L82, F|146/290\n|-ability|p1a: Incineroar|Intimidate|boost\n|-unboost|p2a: Krookodile|atk|1\n|move|p2a: Krookodile|Bulk Up|p2a: Krookodile\n|-boost|p2a: Krookodile|atk|1\n|-boost|p2a: Krookodile|def|1\n|\n|-heal|p2a: Krookodile|172/280|[from] item: Leftovers\n|upkeep\n|turn|12\n|\n|t:|1781465306\n|switch|p1a: Koraidon|Koraidon, L64|235/235\n|-weather|SunnyDay|[from] ability: Orichalcum Pulse|[of] p1a: Koraidon\n|-activate|p1a: Koraidon|Orichalcum Pulse|[source]\n|move|p2a: Krookodile|Earthquake|p1a: Koraidon\n|-damage|p1a: Koraidon|109/235\n|\n|-weather|SunnyDay|[upkeep]\n|-heal|p2a: Krookodile|189/280|[from] item: Leftovers\n|upkeep\n|turn|13\n|\n|t:|1781465324\n|move|p1a: Koraidon|Close Combat|p2a: Krookodile\n|-supereffective|p2a: Krookodile\n|-damage|p2a: Krookodile|0 fnt\n|-unboost|p1a: Koraidon|def|1\n|-unboost|p1a: Koraidon|spd|1\n|faint|p2a: Krookodile\n|\n|-weather|SunnyDay|[upkeep]\n|upkeep\n|inactive|ColdWaterSteam has 120 seconds left.\n|\n|t:|1781465359\n|switch|p2a: Salazzle|Salazzle, L83, F|41/249\n|turn|14\n|\n|t:|1781465366\n|move|p2a: Salazzle|Flamethrower|p1a: Koraidon\n|-resisted|p1a: Koraidon\n|-damage|p1a: Koraidon|0 fnt\n|faint|p1a: Koraidon\n|\n|-weather|SunnyDay|[upkeep]\n|-heal|p2a: Salazzle|56/249|[from] item: Leftovers\n|upkeep\n|\n|t:|1781465375\n|switch|p1a: Whiscash|Whiscash, L88, M|304/337\n|turn|15\n|\n|t:|1781465383\n|move|p2a: Salazzle|Toxic|p1a: Whiscash\n|-status|p1a: Whiscash|tox\n|move|p1a: Whiscash|Dragon Dance|p1a: Whiscash\n|-boost|p1a: Whiscash|atk|1\n|-boost|p1a: Whiscash|spe|1\n|\n|-weather|SunnyDay|[upkeep]\n|-heal|p2a: Salazzle|71/249|[from] item: Leftovers\n|-damage|p1a: Whiscash|283/337 tox|[from] psn\n|upkeep\n|turn|16\n|\n|t:|1781465390\n|move|p2a: Salazzle|Protect|p2a: Salazzle\n|-singleturn|p2a: Salazzle|Protect\n|move|p1a: Whiscash|Liquidation|p2a: Salazzle\n|-activate|p2a: Salazzle|move: Protect\n|\n|-weather|none\n|-heal|p2a: Salazzle|86/249|[from] item: Leftovers\n|-damage|p1a: Whiscash|241/337 tox|[from] psn\n|upkeep\n|turn|17\n|\n|t:|1781465410\n|switch|p2a: Hydrapple|Hydrapple, L83, M|312/312\n|move|p1a: Whiscash|Earthquake|p2a: Hydrapple\n|-resisted|p2a: Hydrapple\n|-damage|p2a: Hydrapple|231/312\n|-damage|p1a: Whiscash|208/337 tox|[from] item: Life Orb\n|\n|-damage|p1a: Whiscash|145/337 tox|[from] psn\n|upkeep\n|turn|18\n|\n|t:|1781465418\n|move|p1a: Whiscash|Stone Edge|p2a: Hydrapple\n|-damage|p2a: Hydrapple|124/312\n|-damage|p1a: Whiscash|112/337 tox|[from] item: Life Orb\n|move|p2a: Hydrapple|Recover|p2a: Hydrapple\n|-heal|p2a: Hydrapple|280/312\n|\n|-damage|p1a: Whiscash|28/337 tox|[from] psn\n|upkeep\n|turn|19\n|\n|t:|1781465427\n|move|p1a: Whiscash|Stone Edge|p2a: Hydrapple\n|-damage|p2a: Hydrapple|179/312\n|-damage|p1a: Whiscash|0 fnt|[from] item: Life Orb\n|faint|p1a: Whiscash\n|move|p2a: Hydrapple|Nasty Plot|p2a: Hydrapple\n|-boost|p2a: Hydrapple|spa|2\n|\n|upkeep\n|\n|t:|1781465436\n|switch|p1a: Slaking|Slaking, L84, M|389/389\n|turn|20\n|\n|t:|1781465448\n|move|p1a: Slaking|Double-Edge|p2a: Hydrapple\n|-damage|p2a: Hydrapple|0 fnt\n|faint|p2a: Hydrapple\n|-damage|p1a: Slaking|330/389|[from] Recoil\n|\n|upkeep\n|\n|t:|1781465452\n|switch|p2a: Salazzle|Salazzle, L83, F|86/249\n|turn|21\n|\n|t:|1781465465\n|switch|p1a: Houndstone|Houndstone, L86, M|264/264\n|move|p2a: Salazzle|Toxic|p1a: Houndstone\n|-status|p1a: Houndstone|tox\n|\n|-heal|p2a: Salazzle|101/249|[from] item: Leftovers\n|-damage|p1a: Houndstone|248/264 tox|[from] psn\n|upkeep\n|turn|22\n|\n|t:|1781465472\n|move|p2a: Salazzle|Protect|p2a: Salazzle\n|-singleturn|p2a: Salazzle|Protect\n|move|p1a: Houndstone|Poltergeist|p2a: Salazzle\n|-activate|p2a: Salazzle|move: Protect\n|\n|-heal|p2a: Salazzle|116/249|[from] item: Leftovers\n|-heal|p1a: Houndstone|264/264 tox|[from] item: Leftovers\n|-damage|p1a: Houndstone|232/264 tox|[from] psn\n|upkeep\n|turn|23\n|\n|t:|1781465482\n|switch|p2a: Electivire|Electivire, L84, M|263/263\n|move|p1a: Houndstone|Poltergeist|p2a: Electivire\n|-activate|p2a: Electivire|move: Poltergeist|Life Orb\n|-damage|p2a: Electivire|119/263\n|\n|-heal|p1a: Houndstone|248/264 tox|[from] item: Leftovers\n|-damage|p1a: Houndstone|200/264 tox|[from] psn\n|upkeep\n|turn|24\n|\n|t:|1781465489\n|move|p2a: Electivire|Supercell Slam|p1a: Houndstone\n|-damage|p1a: Houndstone|122/264 tox\n|-damage|p2a: Electivire|93/263|[from] item: Life Orb\n|move|p1a: Houndstone|Rest|p1a: Houndstone\n|-status|p1a: Houndstone|slp|[from] move: Rest\n|-heal|p1a: Houndstone|264/264 slp|[silent]\n|\n|upkeep\n|turn|25\n|\n|t:|1781465493\n|move|p2a: Electivire|Knock Off|p1a: Houndstone\n|-supereffective|p1a: Houndstone\n|-damage|p1a: Houndstone|176/264 slp\n|-enditem|p1a: Houndstone|Leftovers|[from] move: Knock Off|[of] p2a: Electivire\n|-damage|p2a: Electivire|67/263|[from] item: Life Orb\n|cant|p1a: Houndstone|slp\n|move|p1a: Houndstone|Sleep Talk|p1a: Houndstone\n|move|p1a: Houndstone|Rest||[from] move: Sleep Talk|[still]\n|-fail|p1a: Houndstone\n|\n|upkeep\n|turn|26\n|\n|t:|1781465512\n|move|p2a: Electivire|Supercell Slam|p1a: Houndstone\n|-damage|p1a: Houndstone|97/264 slp\n|-damage|p2a: Electivire|41/263|[from] item: Life Orb\n|cant|p1a: Houndstone|slp\n|move|p1a: Houndstone|Sleep Talk|p1a: Houndstone\n|move|p1a: Houndstone|Rest||[from] move: Sleep Talk|[still]\n|-fail|p1a: Houndstone\n|\n|upkeep\n|turn|27\n|\n|t:|1781465517\n|move|p2a: Electivire|Volt Switch|p1a: Houndstone\n|-damage|p1a: Houndstone|2/264 slp\n|-damage|p2a: Electivire|15/263|[from] item: Life Orb\n|\n|t:|1781465525\n|switch|p2a: Kingdra|Kingdra, L84, F|263/263|[from] Volt Switch\n|-curestatus|p1a: Houndstone|slp|[msg]\n|move|p1a: Houndstone|Rest|p1a: Houndstone\n|-status|p1a: Houndstone|slp|[from] move: Rest\n|-heal|p1a: Houndstone|264/264 slp|[silent]\n|\n|upkeep\n|turn|28\n|\n|t:|1781465538\n|move|p2a: Kingdra|Hurricane|p1a: Houndstone|[miss]\n|-miss|p2a: Kingdra|p1a: Houndstone\n|cant|p1a: Houndstone|slp\n|move|p1a: Houndstone|Sleep Talk|p1a: Houndstone\n|move|p1a: Houndstone|Body Press|p2a: Kingdra|[from] move: Sleep Talk\n|-damage|p2a: Kingdra|209/263\n|\n|upkeep\n|turn|29\n|\n|t:|1781465542\n|move|p2a: Kingdra|Hurricane|p1a: Houndstone\n|-damage|p1a: Houndstone|181/264 slp\n|-damage|p2a: Kingdra|183/263|[from] item: Life Orb\n|cant|p1a: Houndstone|slp\n|move|p1a: Houndstone|Sleep Talk|p1a: Houndstone\n|move|p1a: Houndstone|Rest||[from] move: Sleep Talk|[still]\n|-fail|p1a: Houndstone\n|\n|upkeep\n|turn|30\n|\n|t:|1781465553\n|switch|p2a: Electivire|Electivire, L84, M|15/263\n|-curestatus|p1a: Houndstone|slp|[msg]\n|move|p1a: Houndstone|Poltergeist|p2a: Electivire\n|-activate|p2a: Electivire|move: Poltergeist|Life Orb\n|-damage|p2a: Electivire|0 fnt\n|faint|p2a: Electivire\n|\n|upkeep\n|\n|t:|1781465563\n|switch|p2a: Kingdra|Kingdra, L84, F|183/263\n|turn|31\n|\n|t:|1781465580\n|move|p2a: Kingdra|Draco Meteor|p1a: Houndstone\n|-damage|p1a: Houndstone|24/264\n|-unboost|p2a: Kingdra|spa|2\n|-damage|p2a: Kingdra|157/263|[from] item: Life Orb\n|move|p1a: Houndstone|Poltergeist|p2a: Kingdra\n|-activate|p2a: Kingdra|move: Poltergeist|Life Orb\n|-damage|p2a: Kingdra|31/263\n|\n|upkeep\n|turn|32\n|\n|t:|1781465587\n|move|p2a: Kingdra|Wave Crash|p1a: Houndstone\n|-damage|p1a: Houndstone|0 fnt\n|faint|p1a: Houndstone\n|-damage|p2a: Kingdra|23/263|[from] Recoil\n|-damage|p2a: Kingdra|0 fnt|[from] item: Life Orb\n|faint|p2a: Kingdra\n|\n|upkeep\n|\n|t:|1781465599\n|switch|p2a: Salazzle|Salazzle, L83, F|116/249\n|switch|p1a: Incineroar|Incineroar, L82, F|146/290\n|-ability|p1a: Incineroar|Intimidate|boost\n|-unboost|p2a: Salazzle|atk|1\n|turn|33\n|\n|t:|1781465613\n|move|p2a: Salazzle|Protect|p2a: Salazzle\n|-singleturn|p2a: Salazzle|Protect\n|move|p1a: Incineroar|Knock Off|p2a: Salazzle\n|-activate|p2a: Salazzle|move: Protect\n|\n|-heal|p2a: Salazzle|131/249|[from] item: Leftovers\n|upkeep\n|turn|34\n|\n|t:|1781465635\n|switch|p2a: Iron Leaves|Iron Leaves, L80|275/275\n|move|p1a: Incineroar|Knock Off|p2a: Iron Leaves\n|-supereffective|p2a: Iron Leaves\n|-damage|p2a: Iron Leaves|33/275\n|-enditem|p2a: Iron Leaves|Choice Band|[from] move: Knock Off|[of] p1a: Incineroar\n|\n|upkeep\n|turn|35\n|\n|t:|1781465644\n|switch|p1a: Slaking|Slaking, L84, M|330/389\n|move|p2a: Iron Leaves|Close Combat|p1a: Slaking\n|-supereffective|p1a: Slaking\n|-damage|p1a: Slaking|142/389\n|-unboost|p2a: Iron Leaves|def|1\n|-unboost|p2a: Iron Leaves|spd|1\n|\n|upkeep\n|turn|36\n|\n|t:|1781465660\n|move|p1a: Slaking|Earthquake|p2a: Iron Leaves\n|-resisted|p2a: Iron Leaves\n|-damage|p2a: Iron Leaves|0 fnt\n|faint|p2a: Iron Leaves\n|-end|p2a: Iron Leaves|Quark Drive|[silent]\n|\n|upkeep\n|\n|t:|1781465662\n|switch|p2a: Salazzle|Salazzle, L83, F|131/249\n|turn|37\n|\n|t:|1781465678\n|move|p2a: Salazzle|Substitute|p2a: Salazzle\n|-start|p2a: Salazzle|Substitute\n|-damage|p2a: Salazzle|69/249\n|cant|p1a: Slaking|ability: Truant\n|\n|-heal|p2a: Salazzle|84/249|[from] item: Leftovers\n|upkeep\n|turn|38\n|\n|t:|1781465685\n|switch|p1a: Incineroar|Incineroar, L82, F|146/290\n|-ability|p1a: Incineroar|Intimidate|boost\n|-immune|p2a: Salazzle\n|move|p2a: Salazzle|Protect||[still]\n|-fail|p2a: Salazzle\n|\n|-heal|p2a: Salazzle|99/249|[from] item: Leftovers\n|upkeep\n|turn|39\n|\n|t:|1781465699\n|move|p2a: Salazzle|Protect|p2a: Salazzle\n|-singleturn|p2a: Salazzle|Protect\n|move|p1a: Incineroar|Knock Off|p2a: Salazzle\n|-activate|p2a: Salazzle|move: Protect\n|\n|-heal|p2a: Salazzle|114/249|[from] item: Leftovers\n|upkeep\n|turn|40\n|\n|t:|1781465705\n|move|p2a: Salazzle|Toxic|p1a: Incineroar\n|-status|p1a: Incineroar|tox\n|move|p1a: Incineroar|Knock Off|p2a: Salazzle\n|-end|p2a: Salazzle|Substitute\n|\n|-heal|p2a: Salazzle|129/249|[from] item: Leftovers\n|-damage|p1a: Incineroar|128/290 tox|[from] psn\n|upkeep\n|turn|41\n|\n|t:|1781465713\n|move|p2a: Salazzle|Protect|p2a: Salazzle\n|-singleturn|p2a: Salazzle|Protect\n|move|p1a: Incineroar|Knock Off|p2a: Salazzle\n|-activate|p2a: Salazzle|move: Protect\n|\n|-heal|p2a: Salazzle|144/249|[from] item: Leftovers\n|-damage|p1a: Incineroar|92/290 tox|[from] psn\n|upkeep\n|turn|42\n|\n|t:|1781465723\n|move|p2a: Salazzle|Substitute|p2a: Salazzle\n|-start|p2a: Salazzle|Substitute\n|-damage|p2a: Salazzle|82/249\n|move|p1a: Incineroar|Knock Off|p2a: Salazzle\n|-end|p2a: Salazzle|Substitute\n|\n|-heal|p2a: Salazzle|97/249|[from] item: Leftovers\n|-damage|p1a: Incineroar|38/290 tox|[from] psn\n|upkeep\n|turn|43\n|\n|t:|1781465731\n|move|p2a: Salazzle|Flamethrower|p1a: Incineroar\n|-resisted|p1a: Incineroar\n|-damage|p1a: Incineroar|0 fnt\n|faint|p1a: Incineroar\n|\n|-heal|p2a: Salazzle|112/249|[from] item: Leftovers\n|upkeep\n|\n|t:|1781465734\n|switch|p1a: Slaking|Slaking, L84, M|142/389\n|turn|44\n|\n|t:|1781465743\n|-terastallize|p1a: Slaking|Ghost\n|move|p2a: Salazzle|Protect|p2a: Salazzle\n|-singleturn|p2a: Salazzle|Protect\n|move|p1a: Slaking|Giga Impact|p2a: Salazzle\n|-activate|p2a: Salazzle|move: Protect\n|\n|-heal|p2a: Salazzle|127/249|[from] item: Leftovers\n|upkeep\n|turn|45\n|\n|t:|1781465749\n|move|p2a: Salazzle|Flamethrower|p1a: Slaking\n|-damage|p1a: Slaking|9/389\n|cant|p1a: Slaking|ability: Truant\n|\n|-heal|p2a: Salazzle|142/249|[from] item: Leftovers\n|upkeep\n|turn|46\n|\n|t:|1781465752\n|move|p2a: Salazzle|Protect|p2a: Salazzle\n|-singleturn|p2a: Salazzle|Protect\n|move|p1a: Slaking|Giga Impact|p2a: Salazzle\n|-activate|p2a: Salazzle|move: Protect\n|\n|-heal|p2a: Salazzle|157/249|[from] item: Leftovers\n|upkeep\n|turn|47\n|\n|t:|1781465754\n|move|p2a: Salazzle|Flamethrower|p1a: Slaking\n|-damage|p1a: Slaking|0 fnt\n|faint|p1a: Slaking\n|\n|win|ColdWaterSteam\n", "inputlog": ">version a8376a258c1d4662feba110a92103f3664a72141\n>start {\"formatid\":\"gen9randombattle\",\"seed\":\"sodium,33880ff8e714bf7ba805dbbe90e15bf7\",\"rated\":\"Rated battle\"}\n>player p1 {\"name\":\"omg_its_daddy\",\"avatar\":\"blaine\",\"rating\":1924,\"seed\":\"sodium,4da9245dfd2c6f2f22d4ef71e3bbc837\"}\n>player p2 {\"name\":\"ColdWaterSteam\",\"avatar\":\"1\",\"rating\":2042,\"seed\":\"sodium,ba5fd6a31e0ef8028c1068e7cc596d28\"}\n>p1 move swordsdance\n>p2 move gunkshot\n>p1 move closecombat\n>p2 switch 3\n>p1 move closecombat\n>p2 move substitute\n>p1 move closecombat\n>p2 move flamethrower\n>p1 switch 6\n>p1 move liquidation\n>p2 move substitute\n>p1 move dragondance\n>p2 switch 6\n>p1 switch 5\n>p2 move gigadrain\n>p1 move knockoff\n>p2 move ficklebeam\n>p1 switch 3\n>p2 move recover\n>p1 move bodypress\n>p2 switch 3\n>p1 switch 3\n>p2 move bulkup\n>p1 switch 2\n>p2 move earthquake\n>p1 move closecombat\n>p2 move earthquake\n>p2 switch 6\n>p1 move closecombat\n>p2 move flamethrower\n>p1 switch 5\n>p1 move dragondance\n>p2 move toxic\n>p1 move liquidation\n>p2 move protect\n>p1 move earthquake\n>p2 switch 3\n>p1 move stoneedge\n>p2 move recover\n>p1 move stoneedge\n>p2 move nastyplot\n>p1 switch 4\n>p1 move doubleedge\n>p2 move gigadrain\n>p2 switch 3\n>p1 switch 3\n>p2 move toxic\n>p1 move poltergeist\n>p2 move protect\n>p1 move poltergeist\n>p2 switch 5\n>p1 move rest\n>p2 move supercellslam\n>p1 move sleeptalk\n>p2 move knockoff\n>p1 move sleeptalk\n>p2 move supercellslam\n>p1 move rest\n>p2 move voltswitch\n>p2 switch 4\n>p1 move sleeptalk\n>p2 move hurricane\n>p1 move sleeptalk\n>p2 move hurricane\n>p1 move poltergeist\n>p2 switch 4\n>p2 switch 4\n>p1 move poltergeist\n>p2 move dracometeor\n>p1 move rest\n>p2 move wavecrash\n>p1 switch 2\n>p2 switch 5\n>p1 move knockoff\n>p2 move protect\n>p1 move knockoff\n>p2 switch 2\n>p1 switch 3\n>p2 move closecombat\n>p1 move earthquake\n>p2 move closecombat\n>p2 switch 2\n>p1 move earthquake\n>p2 move substitute\n>p1 switch 3\n>p2 move protect\n>p1 move knockoff\n>p2 move protect\n>p1 move knockoff\n>p2 move toxic\n>p1 move knockoff\n>p2 move protect\n>p1 move knockoff\n>p2 move substitute\n>p1 move knockoff\n>p2 move flamethrower\n>p1 switch 3\n>p1 move gigaimpact terastallize\n>p2 move protect\n>p1 move gigaimpact\n>p2 move flamethrower\n>p1 move gigaimpact\n>p2 move protect\n>p1 move gigaimpact\n>p2 move flamethrower", "uploadtime": 1781465092, "views": 8, "formatid": "gen9randombattle", "rating": null, "private": 0, "password": null}