{"id": "gen9randombattle-2631429523", "format": "[Gen 9] Random Battle", "players": ["yuishidid", "bellenguer2"], "log": "|j|\u2606yuishidid\n|j|\u2606bellenguer2\n|t:|1781383609\n|gametype|singles\n|player|p1|yuishidid|bruno|1519\n|player|p2|bellenguer2|dawn|1547\n|gen|9\n|tier|[Gen 9] Random Battle\n|rated|\n|rule|Species Clause: Limit one of each Pok\u00e9mon\n|rule|HP Percentage Mod: HP is shown in percentages\n|rule|Sleep Clause Mod: Limit one foe put to sleep\n|rule|Illusion Level Mod: Illusion disguises the Pok\u00e9mon's true level\n|\n|t:|1781383609\n|teamsize|p1|6\n|teamsize|p2|6\n|start\n|switch|p1a: Eiscue|Eiscue, L88, M|274/274\n|switch|p2a: Meloetta|Meloetta, L82|298/298\n|turn|1\n|\n|t:|1781383622\n|switch|p1a: Wo-Chien|Wo-Chien, L83|277/277\n|-ability|p1a: Wo-Chien|Tablets of Ruin\n|move|p2a: Meloetta|Hyper Voice|p1a: Wo-Chien\n|-damage|p1a: Wo-Chien|189/277\n|\n|-heal|p1a: Wo-Chien|206/277|[from] item: Leftovers\n|upkeep\n|turn|2\n|inactive|Battle timer is ON: inactive players will automatically lose when time's up. (requested by yuishidid)\n|\n|t:|1781383642\n|move|p2a: Meloetta|Focus Blast|p1a: Wo-Chien\n|-supereffective|p1a: Wo-Chien\n|-damage|p1a: Wo-Chien|62/277\n|move|p1a: Wo-Chien|Stun Spore|p2a: Meloetta|[miss]\n|-miss|p1a: Wo-Chien|p2a: Meloetta\n|\n|-heal|p1a: Wo-Chien|79/277|[from] item: Leftovers\n|upkeep\n|turn|3\n|\n|t:|1781383652\n|move|p2a: Meloetta|Hyper Voice|p1a: Wo-Chien\n|-damage|p1a: Wo-Chien|0 fnt\n|faint|p1a: Wo-Chien\n|\n|upkeep\n|\n|t:|1781383664\n|switch|p1a: Diancie|Diancie, L82|216/216\n|turn|4\n|inactive|bellenguer2 has 120 seconds left.\n|\n|t:|1781383708\n|switch|p2a: Sandy Shocks|Sandy Shocks, L80|267/267\n|move|p1a: Diancie|Diamond Storm|p2a: Sandy Shocks\n|-resisted|p2a: Sandy Shocks\n|-damage|p2a: Sandy Shocks|216/267\n|-boost|p1a: Diancie|def|2\n|\n|upkeep\n|turn|5\n|\n|t:|1781383717\n|move|p2a: Sandy Shocks|Earth Power|p1a: Diancie\n|-supereffective|p1a: Diancie\n|-damage|p1a: Diancie|118/216\n|move|p1a: Diancie|Body Press|p2a: Sandy Shocks\n|-damage|p2a: Sandy Shocks|56/267\n|\n|upkeep\n|turn|6\n|inactive|yuishidid has 120 seconds left.\n|\n|t:|1781383762\n|move|p2a: Sandy Shocks|Earth Power|p1a: Diancie\n|-supereffective|p1a: Diancie\n|-damage|p1a: Diancie|28/216\n|move|p1a: Diancie|Body Press|p2a: Sandy Shocks\n|-damage|p2a: Sandy Shocks|0 fnt\n|faint|p2a: Sandy Shocks\n|-end|p2a: Sandy Shocks|Protosynthesis|[silent]\n|\n|upkeep\n|inactive|bellenguer2 has 120 seconds left.\n|\n|t:|1781383784\n|switch|p2a: Hypno|Hypno, L95, M|315/315\n|turn|7\n|\n|t:|1781383789\n|move|p2a: Hypno|Psychic Noise|p1a: Diancie\n|-damage|p1a: Diancie|0 fnt\n|faint|p1a: Diancie\n|\n|upkeep\n|inactive|yuishidid has 120 seconds left.\n|\n|t:|1781383800\n|switch|p1a: Glalie|Glalie, L96, M|309/309\n|turn|8\n|\n|t:|1781383805\n|move|p1a: Glalie|Taunt|p2a: Hypno\n|-start|p2a: Hypno|move: Taunt\n|move|p2a: Hypno|Focus Blast|p1a: Glalie\n|-supereffective|p1a: Glalie\n|-damage|p1a: Glalie|129/309\n|\n|upkeep\n|turn|9\n|\n|t:|1781383813\n|move|p1a: Glalie|Spikes|p2a: Hypno\n|-sidestart|p2: bellenguer2|Spikes\n|move|p2a: Hypno|Focus Blast|p1a: Glalie\n|-supereffective|p1a: Glalie\n|-damage|p1a: Glalie|0 fnt\n|faint|p1a: Glalie\n|\n|upkeep\n|\n|t:|1781383820\n|switch|p1a: Zekrom|Zekrom, L71|259/259\n|-ability|p1a: Zekrom|Teravolt\n|turn|10\n|\n|t:|1781383829\n|move|p2a: Hypno|Psychic Noise|p1a: Zekrom\n|-damage|p1a: Zekrom|162/259\n|-start|p1a: Zekrom|move: Heal Block\n|move|p1a: Zekrom|Dragon Dance|p1a: Zekrom\n|-boost|p1a: Zekrom|atk|1\n|-boost|p1a: Zekrom|spe|1\n|\n|-end|p2a: Hypno|move: Taunt\n|upkeep\n|turn|11\n|\n|t:|1781383834\n|move|p1a: Zekrom|Substitute|p1a: Zekrom\n|-start|p1a: Zekrom|Substitute\n|-damage|p1a: Zekrom|98/259\n|move|p2a: Hypno|Toxic||[still]\n|-fail|p2a: Hypno\n|\n|-end|p1a: Zekrom|move: Heal Block\n|upkeep\n|turn|12\n|\n|t:|1781383839\n|move|p1a: Zekrom|Dragon Dance|p1a: Zekrom\n|-boost|p1a: Zekrom|atk|1\n|-boost|p1a: Zekrom|spe|1\n|move|p2a: Hypno|Psychic Noise|p1a: Zekrom\n|-crit|p1a: Zekrom\n|-damage|p1a: Zekrom|0 fnt\n|faint|p1a: Zekrom\n|\n|upkeep\n|-message|yuishidid forfeited.\n|\n|win|bellenguer2\n|raw|yuishidid's rating: 1519 &rarr; <strong>1501</strong><br />(-18 for losing)\n|raw|bellenguer2's rating: 1547 &rarr; <strong>1565</strong><br />(+18 for winning)\n|l|\u2606yuishidid\n|player|p1|\n", "inputlog": ">version a8376a258c1d4662feba110a92103f3664a72141\n>start {\"formatid\":\"gen9randombattle\",\"seed\":\"sodium,e3fe7ce0ffa9835701c1534ad6f83047\",\"rated\":\"Rated battle\"}\n>player p1 {\"name\":\"yuishidid\",\"avatar\":\"bruno\",\"rating\":1519,\"seed\":\"sodium,f6f46c8bbbde26ab9829e79eb319a9a1\"}\n>player p2 {\"name\":\"bellenguer2\",\"avatar\":\"dawn\",\"rating\":1547,\"seed\":\"sodium,422eea969e443f2e0d50db47b79c9845\"}\n>p1 switch 5\n>p2 move hypervoice\n>p1 move stunspore\n>p2 move focusblast\n>p1 move stunspore\n>p2 move hypervoice\n>p1 switch 6\n>p1 move diamondstorm\n>p2 switch 5\n>p1 move bodypress\n>p2 move earthpower\n>p1 move bodypress\n>p2 move earthpower\n>p2 switch 6\n>p1 move diamondstorm\n>p2 move psychicnoise\n>p1 switch 3\n>p1 move taunt\n>p2 move focusblast\n>p1 move spikes\n>p2 move focusblast\n>p1 switch 4\n>p1 move dragondance\n>p2 move psychicnoise\n>p1 move substitute\n>p2 move toxic\n>p1 move dragondance\n>p2 move psychicnoise\n>forcelose p1", "uploadtime": 1781383855, "views": 10, "formatid": "gen9randombattle", "rating": 1501, "private": 0, "password": null}