{"id": "gen9randombattle-2631982978", "format": "[Gen 9] Random Battle", "players": ["Insectjoy", "Mcnoodle"], "log": "|j|\u2606Insectjoy\n|j|\u2606Mcnoodle\n|t:|1781462606\n|gametype|singles\n|player|p1|Insectjoy|2|2083\n|player|p2|Mcnoodle|backpacker|2014\n|gen|9\n|tier|[Gen 9] Random Battle\n|rated|\n|rule|Species Clause: Limit one of each Pok\u00e9mon\n|rule|HP Percentage Mod: HP is shown in percentages\n|rule|Sleep Clause Mod: Limit one foe put to sleep\n|rule|Illusion Level Mod: Illusion disguises the Pok\u00e9mon's true level\n|\n|t:|1781462606\n|teamsize|p1|6\n|teamsize|p2|6\n|start\n|switch|p1a: Flygon|Flygon, L82, F|265/265\n|switch|p2a: Primarina|Primarina, L83, F|268/268\n|turn|1\n|inactive|Battle timer is ON: inactive players will automatically lose when time's up. (requested by Mcnoodle)\n|c|\u2606Insectjoy|Glhf\n|\n|t:|1781462637\n|move|p1a: Flygon|U-turn|p2a: Primarina\n|-resisted|p2a: Primarina\n|-damage|p2a: Primarina|241/268\n|\n|t:|1781462643\n|switch|p1a: Hoopa|Hoopa, L85|275/275|[from] U-turn\n|move|p2a: Primarina|Sparkling Aria|p1a: Hoopa\n|-crit|p1a: Hoopa\n|-damage|p1a: Hoopa|152/275\n|\n|-heal|p2a: Primarina|257/268|[from] item: Leftovers\n|upkeep\n|turn|2\n|inactive|Mcnoodle has 120 seconds left.\n|\n|t:|1781462694\n|switch|p2a: Noctowl|Noctowl, L95, F|344/344\n|move|p1a: Hoopa|Psyshock|p2a: Noctowl\n|-damage|p2a: Noctowl|172/344\n|\n|upkeep\n|turn|3\n|\n|t:|1781462702\n|move|p1a: Hoopa|Psyshock|p2a: Noctowl\n|-damage|p2a: Noctowl|21/344\n|move|p2a: Noctowl|Roost|p2a: Noctowl\n|-heal|p2a: Noctowl|193/344\n|-singleturn|p2a: Noctowl|move: Roost\n|\n|upkeep\n|turn|4\n|\n|t:|1781462714\n|switch|p2a: Lunala|Lunala, L70|308/308\n|move|p1a: Hoopa|Psyshock|p2a: Lunala\n|-resisted|p2a: Lunala\n|-damage|p2a: Lunala|272/308\n|\n|-heal|p2a: Lunala|291/308|[from] item: Leftovers\n|upkeep\n|turn|5\n|\n|t:|1781462742\n|switch|p1a: Uxie|Uxie, L83|260/260\n|move|p2a: Lunala|Moongeist Beam|p1a: Uxie\n|-supereffective|p1a: Uxie\n|-damage|p1a: Uxie|116/260\n|\n|-heal|p1a: Uxie|132/260|[from] item: Leftovers\n|-heal|p2a: Lunala|308/308|[from] item: Leftovers\n|upkeep\n|turn|6\n|inactive|Insectjoy has 120 seconds left.\n|inactive|Mcnoodle has 90 seconds left.\n|inactive|Mcnoodle has 60 seconds left.\n|\n|t:|1781462794\n|switch|p2a: Primarina|Primarina, L83, F|257/268\n|move|p1a: Uxie|Psychic Noise|p2a: Primarina\n|-damage|p2a: Primarina|199/268\n|-start|p2a: Primarina|move: Heal Block\n|\n|-heal|p1a: Uxie|148/260|[from] item: Leftovers\n|upkeep\n|turn|7\n|inactive|Mcnoodle has 60 seconds left.\n|inactive|Insectjoy has 90 seconds left.\n|\n|t:|1781462834\n|move|p1a: Uxie|Knock Off|p2a: Primarina\n|-resisted|p2a: Primarina\n|-damage|p2a: Primarina|168/268\n|-enditem|p2a: Primarina|Leftovers|[from] move: Knock Off|[of] p1a: Uxie\n|move|p2a: Primarina|Sparkling Aria|p1a: Uxie\n|-damage|p1a: Uxie|61/260\n|\n|-heal|p1a: Uxie|77/260|[from] item: Leftovers\n|-end|p2a: Primarina|move: Heal Block\n|upkeep\n|turn|8\n|inactive|Mcnoodle has 60 seconds left.\n|\n|t:|1781462848\n|move|p1a: Uxie|U-turn|p2a: Primarina\n|-resisted|p2a: Primarina\n|-damage|p2a: Primarina|143/268\n|\n|t:|1781462859\n|switch|p1a: Hoopa|Hoopa, L85|152/275|[from] U-turn\n|move|p2a: Primarina|Sparkling Aria|p1a: Hoopa\n|-damage|p1a: Hoopa|62/275\n|\n|upkeep\n|turn|9\n|inactive|Mcnoodle has 60 seconds left.\n|\n|t:|1781462880\n|switch|p2a: Noctowl|Noctowl, L95, F|193/344\n|move|p1a: Hoopa|Psyshock|p2a: Noctowl\n|-damage|p2a: Noctowl|21/344\n|\n|upkeep\n|turn|10\n|inactive|Mcnoodle has 60 seconds left.\n|\n|t:|1781462888\n|move|p1a: Hoopa|Psyshock|p2a: Noctowl\n|-damage|p2a: Noctowl|0 fnt\n|faint|p2a: Noctowl\n|\n|upkeep\n|\n|t:|1781462892\n|switch|p2a: Lunala|Lunala, L70|308/308\n|turn|11\n|inactive|Insectjoy has 90 seconds left.\n|\n|t:|1781462906\n|switch|p1a: Camerupt|Camerupt, L91, F|275/275\n|move|p2a: Lunala|Moongeist Beam|p1a: Camerupt\n|-damage|p1a: Camerupt|167/275\n|\n|-heal|p1a: Camerupt|184/275|[from] item: Leftovers\n|upkeep\n|turn|12\n|inactive|Insectjoy has 90 seconds left.\n|\n|t:|1781462917\n|switch|p2a: Primarina|Primarina, L83, F|143/268\n|move|p1a: Camerupt|Stealth Rock|p2a: Primarina\n|-sidestart|p2: Mcnoodle|move: Stealth Rock\n|\n|-heal|p1a: Camerupt|201/275|[from] item: Leftovers\n|upkeep\n|turn|13\n|inactive|Insectjoy has 90 seconds left.\n|\n|t:|1781462937\n|switch|p1a: Flygon|Flygon, L82, F|265/265\n|move|p2a: Primarina|Sparkling Aria|p1a: Flygon\n|-crit|p1a: Flygon\n|-damage|p1a: Flygon|82/265\n|\n|upkeep\n|turn|14\n|\n|t:|1781462944\n|move|p1a: Flygon|Earthquake|p2a: Primarina\n|-damage|p2a: Primarina|32/268\n|move|p2a: Primarina|Draining Kiss|p1a: Flygon\n|-supereffective|p1a: Flygon\n|-damage|p1a: Flygon|0 fnt\n|-heal|p2a: Primarina|94/268|[from] drain|[of] p1a: Flygon\n|faint|p1a: Flygon\n|\n|upkeep\n|\n|t:|1781462961\n|switch|p1a: Hoopa|Hoopa, L85|62/275\n|turn|15\n|\n|t:|1781462967\n|switch|p2a: Cyclizar|Cyclizar, L83, M|252/252\n|move|p1a: Hoopa|Psyshock|p2a: Cyclizar\n|-damage|p2a: Cyclizar|105/252\n|\n|upkeep\n|turn|16\n|\n|t:|1781462975\n|switch|p2a: Lunala|Lunala, L70|308/308\n|-damage|p2a: Lunala|270/308|[from] Stealth Rock\n|move|p1a: Hoopa|Psyshock|p2a: Lunala\n|-resisted|p2a: Lunala\n|-damage|p2a: Lunala|198/308\n|\n|-heal|p2a: Lunala|217/308|[from] item: Leftovers\n|upkeep\n|turn|17\n|inactive|Insectjoy has 90 seconds left.\n|inactive|Mcnoodle has 120 seconds left.\n|\n|t:|1781463002\n|switch|p1a: Uxie|Uxie, L83|77/260\n|move|p2a: Lunala|Moongeist Beam|p1a: Uxie\n|-supereffective|p1a: Uxie\n|-damage|p1a: Uxie|0 fnt\n|faint|p1a: Uxie\n|\n|-heal|p2a: Lunala|236/308|[from] item: Leftovers\n|upkeep\n|\n|t:|1781463013\n|switch|p1a: Conkeldurr|Conkeldurr, L80, M|299/299\n|turn|18\n|\n|t:|1781463026\n|switch|p2a: Ariados|Ariados, L95, F|287/287\n|-terastallize|p1a: Conkeldurr|Normal\n|move|p1a: Conkeldurr|Knock Off|p2a: Ariados\n|-damage|p2a: Ariados|195/287\n|-enditem|p2a: Ariados|Heavy-Duty Boots|[from] move: Knock Off|[of] p1a: Conkeldurr\n|\n|-status|p1a: Conkeldurr|brn|[from] item: Flame Orb\n|upkeep\n|turn|19\n|inactive|Mcnoodle has 120 seconds left.\n|\n|t:|1781463047\n|move|p2a: Ariados|Sticky Web|p1a: Conkeldurr\n|-sidestart|p1: Insectjoy|move: Sticky Web\n|move|p1a: Conkeldurr|Facade|p2a: Ariados\n|-damage|p2a: Ariados|0 fnt\n|faint|p2a: Ariados\n|\n|-damage|p1a: Conkeldurr|281/299 brn|[from] brn\n|upkeep\n|\n|t:|1781463057\n|switch|p2a: Primarina|Primarina, L83, F|94/268\n|-damage|p2a: Primarina|61/268|[from] Stealth Rock\n|turn|20\n|inactive|Mcnoodle has 120 seconds left.\n|inactive|Insectjoy has 60 seconds left.\n|\n|t:|1781463092\n|switch|p1a: Kyogre|Kyogre, L71|259/259\n|-activate|p1a: Kyogre|move: Sticky Web\n|-unboost|p1a: Kyogre|spe|1\n|-weather|RainDance|[from] ability: Drizzle|[of] p1a: Kyogre\n|move|p2a: Primarina|Sparkling Aria|p1a: Kyogre\n|-resisted|p1a: Kyogre\n|-damage|p1a: Kyogre|149/259\n|\n|-weather|RainDance|[upkeep]\n|upkeep\n|turn|21\n|inactive|Insectjoy has 60 seconds left.\n|inactive|Mcnoodle has 120 seconds left.\n|\n|t:|1781463111\n|move|p1a: Kyogre|Thunder|p2a: Primarina\n|-supereffective|p2a: Primarina\n|-damage|p2a: Primarina|0 fnt\n|faint|p2a: Primarina\n|\n|-weather|RainDance|[upkeep]\n|upkeep\n|\n|t:|1781463124\n|switch|p2a: Cyclizar|Cyclizar, L83, M|189/252\n|turn|22\n|\n|t:|1781463127\n|move|p2a: Cyclizar|Rapid Spin|p1a: Kyogre\n|-damage|p1a: Kyogre|89/259\n|-boost|p2a: Cyclizar|spe|1\n|-sideend|p2: Mcnoodle|Stealth Rock|[from] move: Rapid Spin|[of] p2a: Cyclizar\n|move|p1a: Kyogre|Thunder|p2a: Cyclizar\n|-resisted|p2a: Cyclizar\n|-damage|p2a: Cyclizar|143/252\n|\n|-weather|RainDance|[upkeep]\n|upkeep\n|turn|23\n|inactive|Mcnoodle has 120 seconds left.\n|\n|t:|1781463149\n|move|p2a: Cyclizar|Knock Off|p1a: Kyogre\n|-damage|p1a: Kyogre|9/259\n|-enditem|p1a: Kyogre|Choice Scarf|[from] move: Knock Off|[of] p2a: Cyclizar\n|move|p1a: Kyogre|Thunder|p2a: Cyclizar\n|-resisted|p2a: Cyclizar\n|-damage|p2a: Cyclizar|95/252\n|\n|-weather|RainDance|[upkeep]\n|upkeep\n|turn|24\n|\n|t:|1781463170\n|switch|p2a: Lunala|Lunala, L70|236/308\n|move|p1a: Kyogre|Ice Beam|p2a: Lunala\n|-damage|p2a: Lunala|174/308\n|\n|-weather|none\n|-heal|p2a: Lunala|193/308|[from] item: Leftovers\n|upkeep\n|turn|25\n|\n|t:|1781463192\n|move|p2a: Lunala|Moonlight|p2a: Lunala\n|-heal|p2a: Lunala|308/308\n|move|p1a: Kyogre|Origin Pulse|p2a: Lunala\n|-damage|p2a: Lunala|251/308\n|\n|-heal|p2a: Lunala|270/308|[from] item: Leftovers\n|upkeep\n|turn|26\n|\n|t:|1781463202\n|switch|p1a: Camerupt|Camerupt, L91, F|201/275\n|-activate|p1a: Camerupt|move: Sticky Web\n|-unboost|p1a: Camerupt|spe|1\n|move|p2a: Lunala|Calm Mind|p2a: Lunala\n|-boost|p2a: Lunala|spa|1\n|-boost|p2a: Lunala|spd|1\n|\n|-heal|p2a: Lunala|289/308|[from] item: Leftovers\n|-heal|p1a: Camerupt|218/275|[from] item: Leftovers\n|upkeep\n|turn|27\n|\n|t:|1781463217\n|move|p2a: Lunala|Moongeist Beam|p1a: Camerupt\n|-damage|p1a: Camerupt|49/275\n|move|p1a: Camerupt|Roar|p2a: Lunala\n|drag|p2a: Baxcalibur|Baxcalibur, L75, M|295/295\n|\n|-heal|p1a: Camerupt|66/275|[from] item: Leftovers\n|upkeep\n|turn|28\n|\n|t:|1781463246\n|move|p2a: Baxcalibur|Icicle Crash|p1a: Camerupt\n|-damage|p1a: Camerupt|0 fnt\n|faint|p1a: Camerupt\n|\n|upkeep\n|inactive|Insectjoy has 60 seconds left.\n|\n|t:|1781463263\n|switch|p1a: Conkeldurr|Conkeldurr, L80, M, tera:Normal|281/299 brn\n|-activate|p1a: Conkeldurr|move: Sticky Web\n|-unboost|p1a: Conkeldurr|spe|1\n|turn|29\n|inactive|Insectjoy has 60 seconds left.\n|\n|t:|1781463280\n|move|p2a: Baxcalibur|Icicle Crash|p1a: Conkeldurr\n|-damage|p1a: Conkeldurr|136/299 brn\n|move|p1a: Conkeldurr|Knock Off|p2a: Baxcalibur\n|-damage|p2a: Baxcalibur|149/295\n|-enditem|p2a: Baxcalibur|Choice Band|[from] move: Knock Off|[of] p1a: Conkeldurr\n|\n|-damage|p1a: Conkeldurr|118/299 brn|[from] brn\n|upkeep\n|turn|30\n|inactive|Insectjoy has 60 seconds left.\n|inactive|Mcnoodle has 90 seconds left.\n|\n|t:|1781463296\n|move|p1a: Conkeldurr|Mach Punch|p2a: Baxcalibur\n|-supereffective|p2a: Baxcalibur\n|-damage|p2a: Baxcalibur|0 fnt\n|faint|p2a: Baxcalibur\n|\n|-damage|p1a: Conkeldurr|100/299 brn|[from] brn\n|upkeep\n|\n|t:|1781463299\n|switch|p2a: Lunala|Lunala, L70|289/308\n|turn|31\n|\n|t:|1781463307\n|move|p2a: Lunala|Psyshock|p1a: Conkeldurr\n|-damage|p1a: Conkeldurr|27/299 brn\n|move|p1a: Conkeldurr|Knock Off|p2a: Lunala\n|-supereffective|p2a: Lunala\n|-damage|p2a: Lunala|0 fnt\n|-enditem|p2a: Lunala|Leftovers|[from] move: Knock Off|[of] p1a: Conkeldurr\n|faint|p2a: Lunala\n|\n|-damage|p1a: Conkeldurr|9/299 brn|[from] brn\n|upkeep\n|\n|t:|1781463310\n|switch|p2a: Cyclizar|Cyclizar, L83, M|179/252\n|turn|32\n|-message|Mcnoodle forfeited.\n|\n|win|Insectjoy\n", "inputlog": ">version a8376a258c1d4662feba110a92103f3664a72141\n>start {\"formatid\":\"gen9randombattle\",\"seed\":\"sodium,5a83b07fac782bf962d3de0c00779280\",\"rated\":\"Rated battle\"}\n>player p1 {\"name\":\"Insectjoy\",\"avatar\":\"2\",\"rating\":2083,\"seed\":\"sodium,5c0239706dcb562350ce1b03c45a3f75\"}\n>player p2 {\"name\":\"Mcnoodle\",\"avatar\":\"backpacker\",\"rating\":2014,\"seed\":\"sodium,c6bcb1e2cab6fa8f5014b8fc4dfbf940\"}\n>chat \u2606Insectjoy|Glhf\n>p1 move uturn\n>p2 move sparklingaria\n>p1 switch 3\n>p1 move psyshock\n>p2 switch 4\n>p1 move psyshock\n>p2 move roost\n>p1 move psyshock\n>p2 switch 6\n>p1 switch 4\n>p2 move moongeistbeam\n>p1 move psychicnoise\n>p2 switch 4\n>p1 move knockoff\n>p2 move sparklingaria\n>p1 move uturn\n>p2 move sparklingaria\n>p1 switch 4\n>p1 move psyshock\n>p2 switch 6\n>p1 move psyshock\n>p2 move hurricane\n>p2 switch 4\n>p1 switch 2\n>p2 move moongeistbeam\n>p1 move stealthrock\n>p2 switch 6\n>p1 switch 3\n>p2 move sparklingaria\n>p1 move earthquake\n>p2 move drainingkiss\n>p1 switch 2\n>p1 move psyshock\n>p2 switch 3\n>p1 move psyshock\n>p2 switch 6\n>p1 switch 4\n>p2 move moongeistbeam\n>p1 switch 5\n>p1 move knockoff terastallize\n>p2 switch 5\n>p1 move facade\n>p2 move stickyweb\n>p2 switch 3\n>p1 switch 6\n>p2 move sparklingaria\n>p1 move thunder\n>p2 move drainingkiss\n>p2 switch 6\n>p1 move thunder\n>p2 move rapidspin\n>p1 move thunder\n>p2 move knockoff\n>p1 move icebeam\n>p2 switch 5\n>p1 move originpulse\n>p2 move moonlight\n>p1 switch 3\n>p2 move calmmind\n>p1 move roar\n>p2 move moongeistbeam\n>p1 move earthquake\n>p2 move iciclecrash\n>p1 switch 6\n>p1 move knockoff\n>p2 move iciclecrash\n>p1 move machpunch\n>p2 move glaiverush\n>p2 switch 2\n>p1 move knockoff\n>p2 move psyshock\n>p2 switch 5\n>forcelose p2", "uploadtime": 1781462608, "views": 8, "formatid": "gen9randombattle", "rating": null, "private": 0, "password": null}