{"id": "gen9randombattle-2631499685", "format": "[Gen 9] Random Battle", "players": ["philschmil", "blechas"], "log": "|j|\u2606philschmil\n|j|\u2606blechas\n|t:|1781392907\n|gametype|singles\n|player|p1|philschmil|alder|1956\n|player|p2|blechas|102|1971\n|gen|9\n|tier|[Gen 9] Random Battle\n|rated|\n|rule|Species Clause: Limit one of each Pok\u00e9mon\n|rule|HP Percentage Mod: HP is shown in percentages\n|rule|Sleep Clause Mod: Limit one foe put to sleep\n|rule|Illusion Level Mod: Illusion disguises the Pok\u00e9mon's true level\n|\n|t:|1781392907\n|teamsize|p1|6\n|teamsize|p2|6\n|start\n|switch|p1a: Glastrier|Glastrier, L86|312/312\n|switch|p2a: Reshiram|Reshiram, L76|277/277\n|-ability|p2a: Reshiram|Turboblaze\n|turn|1\n|inactive|Battle timer is ON: inactive players will automatically lose when time's up. (requested by philschmil)\n|\n|t:|1781392917\n|move|p2a: Reshiram|Blue Flare|p1a: Glastrier\n|-supereffective|p1a: Glastrier\n|-damage|p1a: Glastrier|40/312\n|move|p1a: Glastrier|High Horsepower|p2a: Reshiram\n|-supereffective|p2a: Reshiram\n|-crit|p2a: Reshiram\n|-damage|p2a: Reshiram|0 fnt\n|faint|p2a: Reshiram\n|-ability|p1a: Glastrier|Chilling Neigh|boost\n|-boost|p1a: Glastrier|atk|1\n|\n|upkeep\n|\n|t:|1781392930\n|switch|p2a: Poliwrath|Poliwrath, L88, M|302/302\n|turn|2\n|\n|t:|1781392936\n|move|p2a: Poliwrath|Drain Punch|p1a: Glastrier\n|-supereffective|p1a: Glastrier\n|-damage|p1a: Glastrier|0 fnt\n|faint|p1a: Glastrier\n|\n|upkeep\n|\n|t:|1781392939\n|switch|p1a: Eiscue|Eiscue, L88, M|274/274\n|turn|3\n|\n|t:|1781392948\n|switch|p2a: Jolteon|Jolteon, L84, M|246/246\n|move|p1a: Eiscue|Belly Drum|p1a: Eiscue\n|-damage|p1a: Eiscue|137/274\n|-setboost|p1a: Eiscue|atk|6|[from] move: Belly Drum\n|-enditem|p1a: Eiscue|Sitrus Berry|[eat]\n|-heal|p1a: Eiscue|205/274|[from] item: Sitrus Berry\n|\n|upkeep\n|turn|4\n|inactive|blechas has 120 seconds left.\n|\n|t:|1781392992\n|move|p2a: Jolteon|Volt Switch|p1a: Eiscue\n|-crit|p1a: Eiscue\n|-damage|p1a: Eiscue|22/274\n|\n|t:|1781393004\n|switch|p2a: Fezandipiti|Fezandipiti, L82, M|278/278|[from] Volt Switch\n|move|p1a: Eiscue|Liquidation|p2a: Fezandipiti\n|-damage|p2a: Fezandipiti|31/278\n|\n|-heal|p2a: Fezandipiti|48/278|[from] item: Leftovers\n|upkeep\n|turn|5\n|\n|t:|1781393014\n|move|p2a: Fezandipiti|Tera Blast|p1a: Eiscue\n|-damage|p1a: Eiscue|0 fnt\n|faint|p1a: Eiscue\n|\n|-heal|p2a: Fezandipiti|65/278|[from] item: Leftovers\n|upkeep\n|\n|t:|1781393019\n|switch|p1a: Hitmonchan|Hitmonchan, L87, M|229/229\n|turn|6\n|inactive|blechas has 120 seconds left.\n|\n|t:|1781393027\n|move|p2a: Fezandipiti|Play Rough|p1a: Hitmonchan\n|-supereffective|p1a: Hitmonchan\n|-damage|p1a: Hitmonchan|43/229\n|move|p1a: Hitmonchan|Ice Punch|p2a: Fezandipiti\n|-damage|p2a: Fezandipiti|0 fnt\n|faint|p2a: Fezandipiti\n|-damage|p1a: Hitmonchan|21/229|[from] item: Life Orb\n|\n|upkeep\n|inactive|blechas has 120 seconds left.\n|\n|t:|1781393038\n|switch|p2a: Flutter Mane|Flutter Mane, L74|203/203\n|turn|7\n|\n|t:|1781393043\n|move|p2a: Flutter Mane|Moonblast|p1a: Hitmonchan\n|-supereffective|p1a: Hitmonchan\n|-damage|p1a: Hitmonchan|0 fnt\n|faint|p1a: Hitmonchan\n|\n|upkeep\n|\n|t:|1781393046\n|switch|p1a: Moltres|Moltres, L81|278/278\n|turn|8\n|\n|t:|1781393050\n|-end|p2a: Flutter Mane|Protosynthesis|[silent]\n|switch|p2a: Blissey|Blissey, L85, F|572/572\n|move|p1a: Moltres|Brave Bird|p2a: Blissey\n|-damage|p2a: Blissey|230/572\n|-damage|p1a: Moltres|165/278|[from] Recoil\n|\n|-heal|p2a: Blissey|265/572|[from] item: Leftovers\n|upkeep\n|turn|9\n|\n|t:|1781393055\n|switch|p2a: Jolteon|Jolteon, L84, M|246/246\n|move|p1a: Moltres|Brave Bird|p2a: Jolteon\n|-resisted|p2a: Jolteon\n|-damage|p2a: Jolteon|172/246\n|-damage|p1a: Moltres|141/278|[from] Recoil\n|\n|upkeep\n|turn|10\n|\n|t:|1781393060\n|-terastallize|p1a: Moltres|Ground\n|move|p2a: Jolteon|Volt Switch|p1a: Moltres\n|-immune|p1a: Moltres\n|move|p1a: Moltres|Scorching Sands|p2a: Jolteon\n|-supereffective|p2a: Jolteon\n|-damage|p2a: Jolteon|26/246\n|\n|upkeep\n|turn|11\n|\n|t:|1781393067\n|switch|p2a: Blissey|Blissey, L85, F|265/572\n|move|p1a: Moltres|Roost|p1a: Moltres\n|-heal|p1a: Moltres|278/278\n|\n|-heal|p2a: Blissey|300/572|[from] item: Leftovers\n|upkeep\n|turn|12\n|\n|t:|1781393074\n|move|p1a: Moltres|Brave Bird|p2a: Blissey\n|-damage|p2a: Blissey|0 fnt\n|faint|p2a: Blissey\n|-damage|p1a: Moltres|179/278|[from] Recoil\n|\n|upkeep\n|\n|t:|1781393077\n|switch|p2a: Poliwrath|Poliwrath, L88, M|302/302\n|turn|13\n|\n|t:|1781393086\n|switch|p1a: Shiftry|Shiftry, L89, M|305/305\n|-terastallize|p2a: Poliwrath|Water\n|move|p2a: Poliwrath|Liquidation|p1a: Shiftry\n|-resisted|p1a: Shiftry\n|-damage|p1a: Shiftry|228/305\n|\n|upkeep\n|turn|14\n|\n|t:|1781393096\n|move|p1a: Shiftry|Tailwind|p1a: Shiftry\n|-sidestart|p1: philschmil|move: Tailwind\n|-ability|p1a: Shiftry|Wind Rider|boost\n|-boost|p1a: Shiftry|atk|1\n|move|p2a: Poliwrath|Drain Punch|p1a: Shiftry\n|-supereffective|p1a: Shiftry\n|-damage|p1a: Shiftry|22/305\n|\n|upkeep\n|turn|15\n|\n|t:|1781393104\n|switch|p2a: Jolteon|Jolteon, L84, M|26/246\n|move|p1a: Shiftry|Leaf Blade|p2a: Jolteon\n|-damage|p2a: Jolteon|0 fnt\n|faint|p2a: Jolteon\n|-damage|p1a: Shiftry|0 fnt|[from] item: Life Orb\n|faint|p1a: Shiftry\n|\n|upkeep\n|\n|t:|1781393108\n|switch|p2a: Poliwrath|Poliwrath, L88, M, tera:Water|302/302\n|switch|p1a: Golurk|Golurk, L87|297/297\n|turn|16\n|\n|t:|1781393115\n|move|p1a: Golurk|Earthquake|p2a: Poliwrath\n|-damage|p2a: Poliwrath|106/302\n|move|p2a: Poliwrath|Liquidation|p1a: Golurk\n|-supereffective|p1a: Golurk\n|-damage|p1a: Golurk|25/297\n|\n|-heal|p2a: Poliwrath|124/302|[from] item: Leftovers\n|upkeep\n|turn|17\n|\n|t:|1781393124\n|move|p1a: Golurk|Earthquake|p2a: Poliwrath\n|-damage|p2a: Poliwrath|0 fnt\n|faint|p2a: Poliwrath\n|\n|-sideend|p1: philschmil|move: Tailwind\n|upkeep\n|\n|t:|1781393126\n|switch|p2a: Flutter Mane|Flutter Mane, L74|203/203\n|turn|18\n|\n|t:|1781393130\n|move|p2a: Flutter Mane|Shadow Ball|p1a: Golurk\n|-supereffective|p1a: Golurk\n|-damage|p1a: Golurk|0 fnt\n|faint|p1a: Golurk\n|\n|upkeep\n|\n|t:|1781393132\n|switch|p1a: Moltres|Moltres, L81, tera:Ground|179/278\n|turn|19\n|\n|t:|1781393139\n|move|p2a: Flutter Mane|Shadow Ball|p1a: Moltres\n|-damage|p1a: Moltres|52/278\n|move|p1a: Moltres|Brave Bird|p2a: Flutter Mane\n|-damage|p2a: Flutter Mane|26/203\n|-damage|p1a: Moltres|0 fnt|[from] Recoil\n|faint|p1a: Moltres\n|\n|win|blechas\n", "inputlog": ">version a8376a258c1d4662feba110a92103f3664a72141\n>start {\"formatid\":\"gen9randombattle\",\"seed\":\"sodium,936e6d82cf6fad2aad31dc292d0e3bda\",\"rated\":\"Rated battle\"}\n>player p1 {\"name\":\"philschmil\",\"avatar\":\"alder\",\"rating\":1956,\"seed\":\"sodium,5b469c99910ce3e3957acc4b1979b6e6\"}\n>player p2 {\"name\":\"blechas\",\"avatar\":\"102\",\"rating\":1971,\"seed\":\"sodium,26adf82d265dff2ede328e9d23527a1f\"}\n>p1 move highhorsepower\n>p2 move blueflare\n>p2 switch 6\n>p1 move closecombat\n>p2 move drainpunch\n>p1 switch 4\n>p1 move bellydrum\n>p2 switch 2\n>p1 move liquidation\n>p2 move voltswitch\n>p2 switch 5\n>p1 move liquidation\n>p2 move terablast\n>p1 switch 6\n>p1 move icepunch\n>p2 move playrough\n>p2 switch 3\n>p1 move knockoff\n>p2 move moonblast\n>p1 switch 2\n>p1 move bravebird\n>p2 switch 4\n>p1 move bravebird\n>p2 switch 5\n>p1 move scorchingsands terastallize\n>p2 move voltswitch\n>p1 move roost\n>p2 switch 5\n>p1 move bravebird\n>p2 move softboiled\n>p2 switch 2\n>p1 switch 3\n>p2 move liquidation terastallize\n>p1 move tailwind\n>p2 move drainpunch\n>p1 move leafblade\n>p2 switch 5\n>p1 switch 5\n>p2 switch 5\n>p1 move earthquake\n>p2 move liquidation\n>p1 move earthquake\n>p2 move liquidation\n>p2 switch 4\n>p1 move earthquake\n>p2 move shadowball\n>p1 switch 3\n>p1 move bravebird\n>p2 move shadowball", "uploadtime": 1781392908, "views": 6, "formatid": "gen9randombattle", "rating": null, "private": 0, "password": null}