{"id": "gen9randombattle-2631563308", "format": "[Gen 9] Random Battle", "players": ["Node", "SoCapable"], "log": "|j|\u2606Node\n|j|\u2606SoCapable\n|t:|1781401822\n|gametype|singles\n|player|p1|Node|#rbtt9phantoms2|2330\n|player|p2|SoCapable|silver|2244\n|gen|9\n|tier|[Gen 9] Random Battle\n|rated|\n|rule|Species Clause: Limit one of each Pok\u00e9mon\n|rule|HP Percentage Mod: HP is shown in percentages\n|rule|Sleep Clause Mod: Limit one foe put to sleep\n|rule|Illusion Level Mod: Illusion disguises the Pok\u00e9mon's true level\n|\n|t:|1781401822\n|teamsize|p1|6\n|teamsize|p2|6\n|start\n|switch|p1a: Bisharp|Bisharp, L79, M|232/232\n|switch|p2a: Rayquaza|Rayquaza, L72|270/270\n|-ability|p2a: Rayquaza|Air Lock\n|turn|1\n|\n|t:|1781401833\n|switch|p2a: Phione|Phione, L91|293/293\n|move|p1a: Bisharp|Swords Dance|p1a: Bisharp\n|-boost|p1a: Bisharp|atk|2\n|\n|upkeep\n|turn|2\n|inactive|Battle timer is ON: inactive players will automatically lose when time's up. (requested by SoCapable)\n|\n|t:|1781401840\n|move|p2a: Phione|Scald|p1a: Bisharp\n|-damage|p1a: Bisharp|157/232\n|move|p1a: Bisharp|Throat Chop|p2a: Phione\n|-damage|p2a: Phione|125/293\n|-start|p2a: Phione|Throat Chop|[silent]\n|\n|-heal|p2a: Phione|143/293|[from] item: Leftovers\n|upkeep\n|turn|3\n|\n|t:|1781401862\n|move|p2a: Phione|Take Heart|p2a: Phione\n|-boost|p2a: Phione|spa|1\n|-boost|p2a: Phione|spd|1\n|move|p1a: Bisharp|Throat Chop|p2a: Phione\n|-damage|p2a: Phione|0 fnt\n|faint|p2a: Phione\n|\n|upkeep\n|\n|t:|1781401868\n|switch|p2a: Sneasler|Sneasler, L74, M|240/240\n|turn|4\n|\n|t:|1781401871\n|-terastallize|p1a: Bisharp|Ghost\n|move|p2a: Sneasler|Close Combat|p1a: Bisharp\n|-immune|p1a: Bisharp\n|move|p1a: Bisharp|Iron Head|p2a: Sneasler\n|-damage|p2a: Sneasler|0 fnt\n|faint|p2a: Sneasler\n|\n|upkeep\n|\n|t:|1781401890\n|switch|p2a: Roaring Moon|Roaring Moon, L72|270/270\n|-enditem|p2a: Roaring Moon|Booster Energy\n|-activate|p2a: Roaring Moon|ability: Protosynthesis|[fromitem]\n|-start|p2a: Roaring Moon|protosynthesisatk\n|turn|5\n|\n|t:|1781401906\n|switch|p1a: Mightyena|Mightyena, L96, F|290/290\n|-ability|p1a: Mightyena|Intimidate|boost\n|-unboost|p2a: Roaring Moon|atk|1\n|move|p2a: Roaring Moon|Knock Off|p1a: Mightyena\n|-resisted|p1a: Mightyena\n|-damage|p1a: Mightyena|244/290\n|-enditem|p1a: Mightyena|Choice Band|[from] move: Knock Off|[of] p2a: Roaring Moon\n|\n|upkeep\n|turn|6\n|\n|t:|1781401914\n|-end|p2a: Roaring Moon|Protosynthesis|[silent]\n|switch|p2a: Snorlax|Snorlax, L82, F|397/397\n|move|p1a: Mightyena|Play Rough|p2a: Snorlax\n|-damage|p2a: Snorlax|291/397\n|\n|-heal|p2a: Snorlax|315/397|[from] item: Leftovers\n|upkeep\n|turn|7\n|\n|t:|1781401922\n|switch|p1a: Regigigas|Regigigas, L84|322/322\n|-start|p1a: Regigigas|ability: Slow Start\n|move|p2a: Snorlax|Earthquake|p1a: Regigigas\n|-damage|p1a: Regigigas|257/322\n|\n|-heal|p1a: Regigigas|277/322|[from] item: Leftovers\n|-heal|p2a: Snorlax|339/397|[from] item: Leftovers\n|upkeep\n|turn|8\n|\n|t:|1781401933\n|move|p1a: Regigigas|Knock Off|p2a: Snorlax\n|-damage|p2a: Snorlax|268/397\n|-enditem|p2a: Snorlax|Leftovers|[from] move: Knock Off|[of] p1a: Regigigas\n|move|p2a: Snorlax|Body Slam|p1a: Regigigas\n|-damage|p1a: Regigigas|199/322\n|-status|p1a: Regigigas|par\n|\n|-heal|p1a: Regigigas|219/322 par|[from] item: Leftovers\n|upkeep\n|turn|9\n|j| xander_pole\n|\n|t:|1781401951\n|move|p2a: Snorlax|Curse|p2a: Snorlax\n|-unboost|p2a: Snorlax|spe|1\n|-boost|p2a: Snorlax|atk|1\n|-boost|p2a: Snorlax|def|1\n|cant|p1a: Regigigas|par\n|\n|-heal|p1a: Regigigas|239/322 par|[from] item: Leftovers\n|upkeep\n|turn|10\n|l| xander_pole\n|\n|t:|1781401966\n|move|p2a: Snorlax|Body Slam|p1a: Regigigas\n|-damage|p1a: Regigigas|112/322 par\n|move|p1a: Regigigas|Body Slam|p2a: Snorlax\n|-damage|p2a: Snorlax|208/397\n|\n|-heal|p1a: Regigigas|132/322 par|[from] item: Leftovers\n|upkeep\n|turn|11\n|\n|t:|1781401989\n|move|p2a: Snorlax|Crunch|p1a: Regigigas\n|-damage|p1a: Regigigas|59/322 par\n|move|p1a: Regigigas|Body Slam|p2a: Snorlax\n|-damage|p2a: Snorlax|151/397\n|-status|p2a: Snorlax|par\n|\n|-heal|p1a: Regigigas|79/322 par|[from] item: Leftovers\n|upkeep\n|turn|12\n|\n|t:|1781401993\n|move|p1a: Regigigas|Body Slam|p2a: Snorlax\n|-damage|p2a: Snorlax|97/397 par\n|move|p2a: Snorlax|Body Slam|p1a: Regigigas\n|-damage|p1a: Regigigas|0 fnt\n|faint|p1a: Regigigas\n|-end|p1a: Regigigas|Slow Start|[silent]\n|\n|upkeep\n|inactive|Node has 120 seconds left.\n|\n|t:|1781402041\n|switch|p1a: Clawitzer|Clawitzer, L87, F|265/265\n|turn|13\n|\n|t:|1781402051\n|move|p1a: Clawitzer|Water Pulse|p2a: Snorlax\n|-damage|p2a: Snorlax|0 fnt\n|faint|p2a: Snorlax\n|\n|upkeep\n|\n|t:|1781402053\n|switch|p2a: Rillaboom|Rillaboom, L79, F|288/288\n|-fieldstart|move: Grassy Terrain|[from] ability: Grassy Surge|[of] p2a: Rillaboom\n|turn|14\n|\n|t:|1781402065\n|switch|p1a: Noctowl|Noctowl, L95, M|344/344\n|move|p2a: Rillaboom|Wood Hammer|p1a: Noctowl\n|-resisted|p1a: Noctowl\n|-damage|p1a: Noctowl|163/344\n|-damage|p2a: Rillaboom|228/288|[from] Recoil\n|\n|-heal|p2a: Rillaboom|246/288|[from] Grassy Terrain\n|upkeep\n|turn|15\n|\n|t:|1781402075\n|switch|p2a: Rayquaza|Rayquaza, L72|270/270\n|-ability|p2a: Rayquaza|Air Lock\n|move|p1a: Noctowl|Hurricane|p2a: Rayquaza\n|-crit|p2a: Rayquaza\n|-damage|p2a: Rayquaza|26/270\n|\n|upkeep\n|turn|16\n|inactive|Node has 120 seconds left.\n|\n|t:|1781402082\n|move|p2a: Rayquaza|Extreme Speed|p1a: Noctowl\n|-damage|p1a: Noctowl|87/344\n|move|p1a: Noctowl|Hyper Voice|p2a: Rayquaza\n|-damage|p2a: Rayquaza|0 fnt\n|faint|p2a: Rayquaza\n|\n|upkeep\n|\n|t:|1781402088\n|switch|p2a: Rillaboom|Rillaboom, L79, F|246/288\n|turn|17\n|\n|t:|1781402092\n|-terastallize|p2a: Rillaboom|Grass\n|move|p2a: Rillaboom|Grassy Glide|p1a: Noctowl\n|-resisted|p1a: Noctowl\n|-damage|p1a: Noctowl|0 fnt\n|faint|p1a: Noctowl\n|\n|-heal|p2a: Rillaboom|264/288|[from] Grassy Terrain\n|upkeep\n|\n|t:|1781402099\n|switch|p1a: Revavroom|Revavroom, L79, M|256/256\n|turn|18\n|-message|SoCapable forfeited.\n|\n|win|Node\n", "inputlog": ">version a8376a258c1d4662feba110a92103f3664a72141\n>start {\"formatid\":\"gen9randombattle\",\"seed\":\"sodium,4b48ce897afb684c96527cb1ab8f090d\",\"rated\":\"Rated battle\"}\n>player p1 {\"name\":\"Node\",\"avatar\":\"#rbtt9phantoms2\",\"rating\":2330,\"seed\":\"sodium,06c8db359a36c47a6e4d3fa4c72dcd92\"}\n>player p2 {\"name\":\"SoCapable\",\"avatar\":\"silver\",\"rating\":2244,\"seed\":\"sodium,139668def7fa3058a53dbe75376db8f1\"}\n>p1 move swordsdance\n>p2 switch 5\n>p1 move throatchop\n>p2 move scald\n>p1 move throatchop\n>p2 move takeheart\n>p2 switch 3\n>p1 move ironhead terastallize\n>p2 move closecombat\n>p2 switch 4\n>p1 switch 3\n>p2 move knockoff\n>p1 move playrough\n>p2 switch 6\n>p1 switch 6\n>p2 move earthquake\n>p1 move knockoff\n>p2 move bodyslam\n>p1 move bodyslam\n>p2 move curse\n>p1 move bodyslam\n>p2 move bodyslam\n>p1 move bodyslam\n>p2 move crunch\n>p1 move bodyslam\n>p2 move bodyslam\n>p1 switch 2\n>p1 move waterpulse\n>p2 move bodyslam\n>p2 switch 2\n>p1 switch 4\n>p2 move woodhammer\n>p1 move hurricane\n>p2 switch 5\n>p1 move hypervoice\n>p2 move extremespeed\n>p2 switch 5\n>p1 move hurricane\n>p2 move grassyglide terastallize\n>p1 switch 5\n>forcelose p2", "uploadtime": 1781401824, "views": 6, "formatid": "gen9randombattle", "rating": null, "private": 0, "password": null}