{"id": "gen9randombattle-2631710750", "format": "[Gen 9] Random Battle", "players": ["Crysys1", "Davide070701"], "log": "|j|\u2606Crysys1\n|j|\u2606Davide070701\n|t:|1781426414\n|gametype|singles\n|player|p1|Crysys1|265|2067\n|player|p2|Davide070701|170|2001\n|gen|9\n|tier|[Gen 9] Random Battle\n|rated|\n|rule|Species Clause: Limit one of each Pok\u00e9mon\n|rule|HP Percentage Mod: HP is shown in percentages\n|rule|Sleep Clause Mod: Limit one foe put to sleep\n|rule|Illusion Level Mod: Illusion disguises the Pok\u00e9mon's true level\n|\n|t:|1781426414\n|teamsize|p1|6\n|teamsize|p2|6\n|start\n|switch|p1a: Eternatus|Eternatus, L69|308/308\n|switch|p2a: Medicham|Medicham, L86, F|243/243\n|-ability|p1a: Eternatus|Pressure\n|turn|1\n|inactive|Battle timer is ON: inactive players will automatically lose when time's up. (requested by Davide070701)\n|\n|t:|1781426434\n|move|p1a: Eternatus|Dynamax Cannon|p2a: Medicham\n|-damage|p2a: Medicham|131/243\n|move|p2a: Medicham|Trick|p1a: Eternatus\n|-activate|p2a: Medicham|move: Trick|[of] p1a: Eternatus\n|-item|p1a: Eternatus|Choice Band|[from] move: Trick\n|-item|p2a: Medicham|Power Herb|[from] move: Trick\n|\n|upkeep\n|turn|2\n|\n|t:|1781426444\n|switch|p2a: Forretress|Forretress, L84, F|263/263\n|move|p1a: Eternatus|Dynamax Cannon|p2a: Forretress\n|-resisted|p2a: Forretress\n|-damage|p2a: Forretress|196/263\n|\n|-heal|p2a: Forretress|212/263|[from] item: Leftovers\n|upkeep\n|turn|3\n|\n|t:|1781426449\n|switch|p1a: Arcanine|Arcanine-Hisui, L79, M|280/280\n|move|p2a: Forretress|Stealth Rock|p1a: Arcanine\n|-sidestart|p1: Crysys1|move: Stealth Rock\n|\n|-heal|p2a: Forretress|228/263|[from] item: Leftovers\n|upkeep\n|turn|4\n|\n|t:|1781426456\n|switch|p2a: Pecharunt|Pecharunt, L77|262/262\n|move|p1a: Arcanine|Flare Blitz|p2a: Pecharunt\n|-damage|p2a: Pecharunt|171/262\n|\n|-heal|p2a: Pecharunt|187/262|[from] item: Leftovers\n|upkeep\n|turn|5\n|\n|t:|1781426464\n|move|p1a: Arcanine|Flare Blitz|p2a: Pecharunt\n|-damage|p2a: Pecharunt|105/262\n|move|p2a: Pecharunt|Shadow Ball|p1a: Arcanine\n|-damage|p1a: Arcanine|210/280\n|\n|-heal|p2a: Pecharunt|121/262|[from] item: Leftovers\n|upkeep\n|turn|6\n|\n|t:|1781426469\n|move|p1a: Arcanine|Head Smash|p2a: Pecharunt\n|-damage|p2a: Pecharunt|3/262\n|move|p2a: Pecharunt|Recover|p2a: Pecharunt\n|-heal|p2a: Pecharunt|134/262\n|\n|-heal|p2a: Pecharunt|150/262|[from] item: Leftovers\n|upkeep\n|turn|7\n|\n|t:|1781426476\n|move|p1a: Arcanine|Flare Blitz|p2a: Pecharunt\n|-damage|p2a: Pecharunt|59/262\n|move|p2a: Pecharunt|Recover|p2a: Pecharunt\n|-heal|p2a: Pecharunt|190/262\n|\n|-heal|p2a: Pecharunt|206/262|[from] item: Leftovers\n|upkeep\n|turn|8\n|\n|t:|1781426482\n|switch|p1a: Eternatus|Eternatus, L69|308/308\n|-damage|p1a: Eternatus|270/308|[from] Stealth Rock\n|-ability|p1a: Eternatus|Pressure\n|move|p2a: Pecharunt|Recover|p2a: Pecharunt\n|-heal|p2a: Pecharunt|262/262\n|\n|upkeep\n|turn|9\n|\n|t:|1781426489\n|move|p1a: Eternatus|Fire Blast|p2a: Pecharunt\n|-damage|p2a: Pecharunt|185/262\n|move|p2a: Pecharunt|Shadow Ball|p1a: Eternatus\n|-damage|p1a: Eternatus|191/308\n|\n|-heal|p2a: Pecharunt|201/262|[from] item: Leftovers\n|upkeep\n|turn|10\n|\n|t:|1781426496\n|move|p1a: Eternatus|Fire Blast|p2a: Pecharunt\n|-damage|p2a: Pecharunt|115/262\n|move|p2a: Pecharunt|Nasty Plot|p2a: Pecharunt\n|-boost|p2a: Pecharunt|spa|2\n|\n|-heal|p2a: Pecharunt|131/262|[from] item: Leftovers\n|upkeep\n|turn|11\n|\n|t:|1781426508\n|switch|p1a: Espathra|Espathra, L80, M|283/283\n|-damage|p1a: Espathra|248/283|[from] Stealth Rock\n|move|p2a: Pecharunt|Recover|p2a: Pecharunt\n|-heal|p2a: Pecharunt|262/262\n|\n|upkeep\n|turn|12\n|\n|t:|1781426514\n|move|p1a: Espathra|Lumina Crash|p2a: Pecharunt\n|-supereffective|p2a: Pecharunt\n|-damage|p2a: Pecharunt|8/262\n|-unboost|p2a: Pecharunt|spd|2\n|move|p2a: Pecharunt|Shadow Ball|p1a: Espathra\n|-supereffective|p1a: Espathra\n|-damage|p1a: Espathra|0 fnt\n|faint|p1a: Espathra\n|\n|-heal|p2a: Pecharunt|24/262|[from] item: Leftovers\n|upkeep\n|\n|t:|1781426522\n|switch|p1a: Arcanine|Arcanine-Hisui, L79, M|210/280\n|turn|13\n|\n|t:|1781426527\n|move|p1a: Arcanine|Flare Blitz|p2a: Pecharunt\n|-damage|p2a: Pecharunt|0 fnt\n|faint|p2a: Pecharunt\n|\n|upkeep\n|\n|t:|1781426532\n|switch|p2a: Donphan|Donphan, L84, F|288/288\n|turn|14\n|\n|t:|1781426544\n|switch|p1a: Landorus|Landorus-Therian, L76, M|260/260\n|-damage|p1a: Landorus|228/260|[from] Stealth Rock\n|-ability|p1a: Landorus|Intimidate|boost\n|-unboost|p2a: Donphan|atk|1\n|move|p2a: Donphan|Earthquake|p1a: Landorus\n|-immune|p1a: Landorus\n|\n|-heal|p1a: Landorus|244/260|[from] item: Leftovers\n|upkeep\n|turn|15\n|\n|t:|1781426550\n|switch|p1a: Beartic|Beartic, L91, M|321/321\n|move|p2a: Donphan|Ice Spinner|p1a: Beartic\n|-resisted|p1a: Beartic\n|-damage|p1a: Beartic|298/321\n|\n|upkeep\n|turn|16\n|\n|t:|1781426556\n|switch|p2a: Forretress|Forretress, L84, F|228/263\n|move|p1a: Beartic|Swords Dance|p1a: Beartic\n|-boost|p1a: Beartic|atk|2\n|\n|-heal|p2a: Forretress|244/263|[from] item: Leftovers\n|upkeep\n|turn|17\n|\n|t:|1781426565\n|move|p1a: Beartic|Earthquake|p2a: Forretress\n|-damage|p2a: Forretress|92/263\n|move|p2a: Forretress|Body Press|p1a: Beartic\n|-supereffective|p1a: Beartic\n|-damage|p1a: Beartic|138/321\n|\n|-heal|p2a: Forretress|108/263|[from] item: Leftovers\n|upkeep\n|turn|18\n|\n|t:|1781426571\n|move|p1a: Beartic|Earthquake|p2a: Forretress\n|-damage|p2a: Forretress|0 fnt\n|faint|p2a: Forretress\n|\n|upkeep\n|\n|t:|1781426574\n|switch|p2a: Medicham|Medicham, L86, F|131/243\n|turn|19\n|\n|t:|1781426591\n|switch|p1a: Landorus|Landorus-Therian, L76, M|244/260\n|-damage|p1a: Landorus|212/260|[from] Stealth Rock\n|-ability|p1a: Landorus|Intimidate|boost\n|-unboost|p2a: Medicham|atk|1\n|move|p2a: Medicham|Close Combat|p1a: Landorus\n|-resisted|p1a: Landorus\n|-damage|p1a: Landorus|147/260\n|-unboost|p2a: Medicham|def|1\n|-unboost|p2a: Medicham|spd|1\n|\n|-heal|p1a: Landorus|163/260|[from] item: Leftovers\n|upkeep\n|turn|20\n|\n|t:|1781426599\n|switch|p2a: Donphan|Donphan, L84, F|288/288\n|move|p1a: Landorus|Earthquake|p2a: Donphan\n|-damage|p2a: Donphan|195/288\n|\n|-heal|p1a: Landorus|179/260|[from] item: Leftovers\n|upkeep\n|turn|21\n|\n|t:|1781426606\n|move|p1a: Landorus|U-turn|p2a: Donphan\n|-damage|p2a: Donphan|150/288\n|\n|t:|1781426608\n|switch|p1a: Beartic|Beartic, L91, M|138/321|[from] U-turn\n|move|p2a: Donphan|Ice Spinner|p1a: Beartic\n|-resisted|p1a: Beartic\n|-damage|p1a: Beartic|106/321\n|\n|upkeep\n|turn|22\n|\n|t:|1781426616\n|move|p1a: Beartic|Icicle Crash|p2a: Donphan\n|-supereffective|p2a: Donphan\n|-damage|p2a: Donphan|0 fnt\n|faint|p2a: Donphan\n|\n|upkeep\n|\n|t:|1781426619\n|switch|p2a: Medicham|Medicham, L86, F|131/243\n|turn|23\n|\n|t:|1781426638\n|move|p1a: Beartic|Aqua Jet|p2a: Medicham\n|-damage|p2a: Medicham|85/243\n|move|p2a: Medicham|Zen Headbutt|p1a: Beartic\n|-crit|p1a: Beartic\n|-damage|p1a: Beartic|0 fnt\n|faint|p1a: Beartic\n|\n|upkeep\n|\n|t:|1781426644\n|switch|p1a: Eternatus|Eternatus, L69|191/308\n|-damage|p1a: Eternatus|153/308|[from] Stealth Rock\n|-ability|p1a: Eternatus|Pressure\n|turn|24\n|\n|t:|1781426649\n|move|p1a: Eternatus|Dynamax Cannon|p2a: Medicham\n|-damage|p2a: Medicham|0 fnt\n|faint|p2a: Medicham\n|\n|upkeep\n|\n|t:|1781426656\n|switch|p2a: Wo-Chien|Wo-Chien, L83|277/277\n|-ability|p2a: Wo-Chien|Tablets of Ruin\n|turn|25\n|\n|t:|1781426661\n|switch|p1a: Landorus|Landorus-Therian, L76, M|179/260\n|-damage|p1a: Landorus|147/260|[from] Stealth Rock\n|-ability|p1a: Landorus|Intimidate|boost\n|-unboost|p2a: Wo-Chien|atk|1\n|move|p2a: Wo-Chien|Stun Spore|p1a: Landorus\n|-status|p1a: Landorus|par\n|\n|-heal|p1a: Landorus|163/260 par|[from] item: Leftovers\n|upkeep\n|turn|26\n|\n|t:|1781426668\n|move|p2a: Wo-Chien|Knock Off|p1a: Landorus\n|-damage|p1a: Landorus|99/260 par\n|-enditem|p1a: Landorus|Leftovers|[from] move: Knock Off|[of] p2a: Wo-Chien\n|move|p1a: Landorus|U-turn|p2a: Wo-Chien\n|-supereffective|p2a: Wo-Chien\n|-damage|p2a: Wo-Chien|121/277\n|\n|t:|1781426674\n|switch|p1a: Arcanine|Arcanine-Hisui, L79, M|210/280|[from] U-turn\n|\n|-heal|p2a: Wo-Chien|138/277|[from] item: Leftovers\n|upkeep\n|turn|27\n|\n|t:|1781426682\n|move|p1a: Arcanine|Flare Blitz|p2a: Wo-Chien\n|-supereffective|p2a: Wo-Chien\n|-damage|p2a: Wo-Chien|0 fnt\n|faint|p2a: Wo-Chien\n|\n|upkeep\n|\n|t:|1781426684\n|switch|p2a: Decidueye|Decidueye-Hisui, L87, M|295/295\n|turn|28\n|\n|t:|1781426693\n|-terastallize|p1a: Arcanine|Fire\n|-terastallize|p2a: Decidueye|Steel\n|move|p1a: Arcanine|Flare Blitz|p2a: Decidueye\n|-supereffective|p2a: Decidueye\n|-damage|p2a: Decidueye|0 fnt\n|faint|p2a: Decidueye\n|\n|win|Crysys1\n", "uploadtime": 1781426416, "views": 3, "formatid": "gen9randombattle", "rating": null, "private": 0, "password": null}