{"id": "gen9randombattle-2631585392", "format": "[Gen 9] Random Battle", "players": ["claydolconnoisseur", "qetjdncfgh"], "log": "|j|\u2606claydolconnoisseur\n|j|\u2606qetjdncfgh\n|t:|1781404830\n|gametype|singles\n|player|p1|claydolconnoisseur|burglar-gen1|1066\n|player|p2|qetjdncfgh|265|1055\n|gen|9\n|tier|[Gen 9] Random Battle\n|rated|\n|rule|Species Clause: Limit one of each Pok\u00e9mon\n|rule|HP Percentage Mod: HP is shown in percentages\n|rule|Sleep Clause Mod: Limit one foe put to sleep\n|rule|Illusion Level Mod: Illusion disguises the Pok\u00e9mon's true level\n|\n|t:|1781404830\n|teamsize|p1|6\n|teamsize|p2|6\n|start\n|switch|p1a: Porygon2|Porygon2, L81|270/270\n|switch|p2a: Swalot|Swalot, L90, M|326/326\n|-ability|p1a: Porygon2|Download|boost\n|-boost|p1a: Porygon2|spa|1\n|turn|1\n|inactive|Battle timer is ON: inactive players will automatically lose when time's up. (requested by claydolconnoisseur)\n|\n|t:|1781404842\n|move|p2a: Swalot|Toxic|p1a: Porygon2\n|-status|p1a: Porygon2|tox\n|move|p1a: Porygon2|Tri Attack|p2a: Swalot\n|-damage|p2a: Swalot|196/326\n|\n|-heal|p2a: Swalot|216/326|[from] item: Leftovers\n|-damage|p1a: Porygon2|254/270 tox|[from] psn\n|upkeep\n|turn|2\n|\n|t:|1781404853\n|move|p2a: Swalot|Protect|p2a: Swalot\n|-singleturn|p2a: Swalot|Protect\n|move|p1a: Porygon2|Tri Attack|p2a: Swalot\n|-activate|p2a: Swalot|move: Protect\n|\n|-heal|p2a: Swalot|236/326|[from] item: Leftovers\n|-damage|p1a: Porygon2|222/270 tox|[from] psn\n|upkeep\n|turn|3\n|\n|t:|1781404861\n|move|p2a: Swalot|Earthquake|p1a: Porygon2\n|-crit|p1a: Porygon2\n|-damage|p1a: Porygon2|151/270 tox\n|move|p1a: Porygon2|Tri Attack|p2a: Swalot\n|-crit|p2a: Swalot\n|-damage|p2a: Swalot|59/326\n|-status|p2a: Swalot|par\n|\n|-heal|p2a: Swalot|79/326 par|[from] item: Leftovers\n|-damage|p1a: Porygon2|103/270 tox|[from] psn\n|upkeep\n|turn|4\n|\n|t:|1781404872\n|cant|p2a: Swalot|par\n|move|p1a: Porygon2|Recover|p1a: Porygon2\n|-heal|p1a: Porygon2|238/270 tox\n|\n|-heal|p2a: Swalot|99/326 par|[from] item: Leftovers\n|-damage|p1a: Porygon2|174/270 tox|[from] psn\n|upkeep\n|turn|5\n|\n|t:|1781404880\n|switch|p1a: Okidogi|Okidogi, L77, M|262/262\n|move|p2a: Swalot|Protect||[still]\n|-fail|p2a: Swalot\n|\n|-heal|p2a: Swalot|119/326 par|[from] item: Leftovers\n|upkeep\n|turn|6\n|\n|t:|1781404887\n|move|p1a: Okidogi|High Horsepower|p2a: Swalot\n|-supereffective|p2a: Swalot\n|-damage|p2a: Swalot|0 fnt\n|faint|p2a: Swalot\n|\n|upkeep\n|\n|t:|1781404892\n|switch|p2a: Palossand|Palossand, L89, F|296/296\n|turn|7\n|\n|t:|1781404911\n|switch|p1a: Porygon2|Porygon2, L81|174/270 tox\n|-ability|p1a: Porygon2|Download|boost\n|-boost|p1a: Porygon2|spa|1\n|move|p2a: Palossand|Earth Power|p1a: Porygon2\n|-damage|p1a: Porygon2|104/270 tox\n|\n|-damage|p1a: Porygon2|88/270 tox|[from] psn\n|upkeep\n|turn|8\n|inactive|qetjdncfgh has 120 seconds left.\n|\n|t:|1781404948\n|move|p1a: Porygon2|Recover|p1a: Porygon2\n|-heal|p1a: Porygon2|223/270 tox\n|move|p2a: Palossand|Earth Power|p1a: Porygon2\n|-damage|p1a: Porygon2|153/270 tox\n|\n|-damage|p1a: Porygon2|121/270 tox|[from] psn\n|upkeep\n|turn|9\n|inactive|qetjdncfgh has 120 seconds left.\n|\n|t:|1781404956\n|move|p1a: Porygon2|Ice Beam|p2a: Palossand\n|-supereffective|p2a: Palossand\n|-damage|p2a: Palossand|106/296\n|move|p2a: Palossand|Earth Power|p1a: Porygon2\n|-damage|p1a: Porygon2|46/270 tox\n|\n|-heal|p2a: Palossand|124/296|[from] item: Leftovers\n|-damage|p1a: Porygon2|0 fnt|[from] psn\n|faint|p1a: Porygon2\n|upkeep\n|\n|t:|1781404965\n|switch|p1a: Serperior|Serperior, L79, F|248/248\n|turn|10\n|\n|t:|1781404974\n|move|p1a: Serperior|Leaf Storm|p2a: Palossand\n|-supereffective|p2a: Palossand\n|-damage|p2a: Palossand|0 fnt\n|-boost|p1a: Serperior|spa|2\n|faint|p2a: Palossand\n|\n|upkeep\n|\n|t:|1781404986\n|switch|p2a: Orthworm|Orthworm, L88, M|266/266\n|turn|11\n|\n|t:|1781405000\n|move|p1a: Serperior|Leaf Storm|p2a: Orthworm\n|-resisted|p2a: Orthworm\n|-damage|p2a: Orthworm|129/266\n|-boost|p1a: Serperior|spa|2\n|move|p2a: Orthworm|Heavy Slam|p1a: Serperior\n|-damage|p1a: Serperior|149/248\n|\n|-heal|p1a: Serperior|164/248|[from] item: Leftovers\n|-heal|p2a: Orthworm|145/266|[from] item: Leftovers\n|upkeep\n|turn|12\n|inactive|qetjdncfgh has 120 seconds left.\n|\n|t:|1781405039\n|move|p1a: Serperior|Leaf Storm|p2a: Orthworm\n|-resisted|p2a: Orthworm\n|-crit|p2a: Orthworm\n|-damage|p2a: Orthworm|0 fnt\n|-boost|p1a: Serperior|spa|2\n|faint|p2a: Orthworm\n|\n|-heal|p1a: Serperior|179/248|[from] item: Leftovers\n|upkeep\n|inactive|qetjdncfgh has 90 seconds left.\n|inactive|qetjdncfgh has 60 seconds left.\n|inactive|qetjdncfgh has 30 seconds left.\n|inactive|qetjdncfgh has 20 seconds left.\n|inactive|qetjdncfgh has 15 seconds left.\n|inactive|qetjdncfgh has 10 seconds left.\n|inactive|qetjdncfgh has 5 seconds left.\n|-message|qetjdncfgh lost due to inactivity.\n|\n|win|claydolconnoisseur\n|raw|claydolconnoisseur's rating: 1066 &rarr; <strong>1095</strong><br />(+29 for winning)\n|raw|qetjdncfgh's rating: 1055 &rarr; <strong>1037</strong><br />(-18 for losing)\n", "inputlog": ">version a8376a258c1d4662feba110a92103f3664a72141\n>start {\"formatid\":\"gen9randombattle\",\"seed\":\"sodium,f0ea01da0175f34d3cac67ebac7064f8\",\"rated\":\"Rated battle\"}\n>player p1 {\"name\":\"claydolconnoisseur\",\"avatar\":\"burglar-gen1\",\"rating\":1066,\"seed\":\"sodium,430bac21dc6809400cbba75bb9714c26\"}\n>player p2 {\"name\":\"qetjdncfgh\",\"avatar\":\"265\",\"rating\":1055,\"seed\":\"sodium,a933bc269a4cbd09bed717a00d661569\"}\n>p1 move triattack\n>p2 move toxic\n>p1 move triattack\n>p2 move protect\n>p1 move triattack\n>p2 move earthquake\n>p1 move recover\n>p2 move protect\n>p1 switch 2\n>p2 move protect\n>p1 move highhorsepower\n>p2 move earthquake\n>p2 switch 3\n>p1 switch 2\n>p2 move earthpower\n>p1 move recover\n>p2 move earthpower\n>p1 move icebeam\n>p2 move earthpower\n>p1 switch 4\n>p1 move leafstorm\n>p2 move sludgebomb\n>p2 switch 2\n>p1 move leafstorm\n>p2 move heavyslam\n>p1 move leafstorm\n>p2 move heavyslam\n>forcelose p2", "uploadtime": 1781405160, "views": 4, "formatid": "gen9randombattle", "rating": 1037, "private": 0, "password": null}