{"id": "gen9randombattle-2631705348", "format": "[Gen 9] Random Battle", "players": ["Davide070701", "scampy789"], "log": "|j|\u2606Davide070701\n|j|\u2606scampy789\n|t:|1781425390\n|gametype|singles\n|player|p1|Davide070701|170|2024\n|player|p2|scampy789|2|2077\n|gen|9\n|tier|[Gen 9] Random Battle\n|rated|\n|rule|Species Clause: Limit one of each Pok\u00e9mon\n|rule|HP Percentage Mod: HP is shown in percentages\n|rule|Sleep Clause Mod: Limit one foe put to sleep\n|rule|Illusion Level Mod: Illusion disguises the Pok\u00e9mon's true level\n|\n|t:|1781425390\n|teamsize|p1|6\n|teamsize|p2|6\n|start\n|switch|p1a: Medicham|Medicham, L86, M|243/243\n|switch|p2a: Girafarig|Girafarig, L89, M|269/269\n|turn|1\n|inactive|Battle timer is ON: inactive players will automatically lose when time's up. (requested by scampy789)\n|\n|t:|1781425413\n|move|p2a: Girafarig|Hyper Voice|p1a: Medicham\n|-damage|p1a: Medicham|137/243\n|move|p1a: Medicham|Close Combat|p2a: Girafarig\n|-damage|p2a: Girafarig|53/269\n|-unboost|p1a: Medicham|def|1\n|-unboost|p1a: Medicham|spd|1\n|\n|upkeep\n|turn|2\n|\n|t:|1781425423\n|switch|p2a: Sinistcha|Sinistcha-Masterpiece, L83|254/254\n|switch|p1a: Garganacl|Garganacl, L80, F|291/291\n|\n|upkeep\n|turn|3\n|\n|t:|1781425436\n|move|p2a: Sinistcha|Matcha Gotcha|p1a: Garganacl\n|-supereffective|p1a: Garganacl\n|-damage|p1a: Garganacl|73/291\n|move|p1a: Garganacl|Salt Cure|p2a: Sinistcha\n|-damage|p2a: Sinistcha|215/254\n|-start|p2a: Sinistcha|Salt Cure\n|\n|-heal|p2a: Sinistcha|230/254|[from] item: Leftovers\n|-heal|p1a: Garganacl|91/291|[from] item: Leftovers\n|-damage|p2a: Sinistcha|199/254|[from] Salt Cure\n|upkeep\n|turn|4\n|\n|t:|1781425449\n|move|p1a: Garganacl|Protect|p1a: Garganacl\n|-singleturn|p1a: Garganacl|Protect\n|move|p2a: Sinistcha|Matcha Gotcha|p1a: Garganacl\n|-activate|p1a: Garganacl|move: Protect\n|\n|-heal|p2a: Sinistcha|214/254|[from] item: Leftovers\n|-heal|p1a: Garganacl|109/291|[from] item: Leftovers\n|-damage|p2a: Sinistcha|183/254|[from] Salt Cure\n|upkeep\n|turn|5\n|\n|t:|1781425460\n|-terastallize|p1a: Garganacl|Dragon\n|move|p2a: Sinistcha|Matcha Gotcha|p1a: Garganacl\n|-resisted|p1a: Garganacl\n|-damage|p1a: Garganacl|54/291\n|-heal|p2a: Sinistcha|211/254|[from] drain|[of] p1a: Garganacl\n|move|p1a: Garganacl|Recover|p1a: Garganacl\n|-heal|p1a: Garganacl|200/291\n|\n|-heal|p2a: Sinistcha|226/254|[from] item: Leftovers\n|-heal|p1a: Garganacl|218/291|[from] item: Leftovers\n|-damage|p2a: Sinistcha|195/254|[from] Salt Cure\n|upkeep\n|turn|6\n|inactive|scampy789 has 120 seconds left.\n|\n|t:|1781425496\n|switch|p2a: Scrafty|Scrafty, L83, F|244/244\n|move|p1a: Garganacl|Salt Cure|p2a: Scrafty\n|-resisted|p2a: Scrafty\n|-damage|p2a: Scrafty|229/244\n|-start|p2a: Scrafty|Salt Cure\n|\n|-heal|p2a: Scrafty|244/244|[from] item: Leftovers\n|-heal|p1a: Garganacl|236/291|[from] item: Leftovers\n|-damage|p2a: Scrafty|214/244|[from] Salt Cure\n|upkeep\n|turn|7\n|inactive|scampy789 has 120 seconds left.\n|\n|t:|1781425511\n|switch|p1a: Medicham|Medicham, L86, M|137/243\n|move|p2a: Scrafty|Knock Off|p1a: Medicham\n|-damage|p1a: Medicham|25/243\n|-enditem|p1a: Medicham|Choice Band|[from] move: Knock Off|[of] p2a: Scrafty\n|\n|-heal|p2a: Scrafty|229/244|[from] item: Leftovers\n|-damage|p2a: Scrafty|199/244|[from] Salt Cure\n|upkeep\n|turn|8\n|inactive|scampy789 has 120 seconds left.\n|\n|t:|1781425536\n|switch|p2a: Girafarig|Girafarig, L89, M|53/269\n|move|p1a: Medicham|Close Combat|p2a: Girafarig\n|-damage|p2a: Girafarig|0 fnt\n|-unboost|p1a: Medicham|def|1\n|-unboost|p1a: Medicham|spd|1\n|faint|p2a: Girafarig\n|\n|upkeep\n|\n|t:|1781425541\n|switch|p2a: Zangoose|Zangoose, L85, M|263/263\n|turn|9\n|\n|t:|1781425551\n|move|p2a: Zangoose|Knock Off|p1a: Medicham\n|-damage|p1a: Medicham|0 fnt\n|faint|p1a: Medicham\n|\n|-status|p2a: Zangoose|tox|[from] item: Toxic Orb\n|upkeep\n|\n|t:|1781425554\n|switch|p1a: Passimian|Passimian, L83, F|302/302\n|turn|10\n|inactive|scampy789 has 120 seconds left.\n|\n|t:|1781425570\n|move|p2a: Zangoose|Facade|p1a: Passimian\n|-damage|p1a: Passimian|19/302\n|move|p1a: Passimian|Drain Punch|p2a: Zangoose\n|-supereffective|p2a: Zangoose\n|-crit|p2a: Zangoose\n|-damage|p2a: Zangoose|0 fnt\n|-heal|p1a: Passimian|151/302|[from] drain|[of] p2a: Zangoose\n|faint|p2a: Zangoose\n|\n|-heal|p1a: Passimian|169/302|[from] item: Leftovers\n|upkeep\n|\n|t:|1781425582\n|switch|p2a: Mienshao|Mienshao, L83, F|243/243\n|turn|11\n|\n|t:|1781425589\n|move|p2a: Mienshao|High Jump Kick|p1a: Passimian\n|-damage|p1a: Passimian|0 fnt\n|faint|p1a: Passimian\n|\n|upkeep\n|\n|t:|1781425599\n|switch|p1a: Camerupt|Camerupt, L91, F|275/275\n|turn|12\n|\n|t:|1781425605\n|move|p2a: Mienshao|High Jump Kick|p1a: Camerupt\n|-damage|p1a: Camerupt|0 fnt\n|faint|p1a: Camerupt\n|\n|upkeep\n|\n|t:|1781425610\n|switch|p1a: Kleavor|Kleavor, L78, M|237/237\n|turn|13\n|\n|t:|1781425614\n|move|p2a: Mienshao|High Jump Kick|p1a: Kleavor\n|-damage|p1a: Kleavor|0 fnt\n|faint|p1a: Kleavor\n|\n|upkeep\n|\n|t:|1781425617\n|switch|p1a: Toedscruel|Toedscruel, L87, M|281/281\n|turn|14\n|\n|t:|1781425621\n|move|p1a: Toedscruel|Rapid Spin|p2a: Mienshao\n|-damage|p2a: Mienshao|206/243\n|-boost|p1a: Toedscruel|spe|1\n|move|p2a: Mienshao|High Jump Kick|p1a: Toedscruel\n|-damage|p1a: Toedscruel|0 fnt\n|faint|p1a: Toedscruel\n|\n|upkeep\n|-message|Davide070701 forfeited.\n|\n|win|scampy789\n", "inputlog": ">version a8376a258c1d4662feba110a92103f3664a72141\n>start {\"formatid\":\"gen9randombattle\",\"seed\":\"sodium,3929911639096c5ea632f24be7317221\",\"rated\":\"Rated battle\"}\n>player p1 {\"name\":\"Davide070701\",\"avatar\":\"170\",\"rating\":2024,\"seed\":\"sodium,300edf5b191cc9334de0f34dcc52ae92\"}\n>player p2 {\"name\":\"scampy789\",\"avatar\":\"2\",\"rating\":2077,\"seed\":\"sodium,34e99f23324f4882f608fe62083e23b0\"}\n>p1 move closecombat\n>p2 move hypervoice\n>p1 switch 4\n>p2 switch 5\n>p1 move saltcure\n>p2 move matchagotcha\n>p1 move protect\n>p2 move matchagotcha\n>p1 move recover terastallize\n>p2 move matchagotcha\n>p1 move saltcure\n>p2 switch 2\n>p1 switch 4\n>p2 move knockoff\n>p1 move closecombat\n>p2 switch 5\n>p2 switch 4\n>p1 move closecombat\n>p2 move knockoff\n>p1 switch 2\n>p1 move drainpunch\n>p2 move facade\n>p2 switch 3\n>p1 move drainpunch\n>p2 move highjumpkick\n>p1 switch 6\n>p1 move willowisp\n>p2 move highjumpkick\n>p1 switch 3\n>p1 move closecombat\n>p2 move highjumpkick\n>p1 switch 5\n>p1 move rapidspin\n>p2 move highjumpkick\n>forcelose p1", "uploadtime": 1781425393, "views": 4, "formatid": "gen9randombattle", "rating": null, "private": 0, "password": null}