{"id": "gen9randombattle-2631380229", "format": "[Gen 9] Random Battle", "players": ["Usummega", "hepooo"], "log": "|j|\u2606Usummega\n|j|\u2606hepooo\n|t:|1781377815\n|gametype|singles\n|player|p1|Usummega|maxie-gen6|2255\n|player|p2|hepooo|morty|2229\n|gen|9\n|tier|[Gen 9] Random Battle\n|rated|\n|rule|Species Clause: Limit one of each Pok\u00e9mon\n|rule|HP Percentage Mod: HP is shown in percentages\n|rule|Sleep Clause Mod: Limit one foe put to sleep\n|rule|Illusion Level Mod: Illusion disguises the Pok\u00e9mon's true level\n|\n|t:|1781377815\n|teamsize|p1|6\n|teamsize|p2|6\n|start\n|switch|p1a: Plusle|Plusle, L95, F|268/268\n|switch|p2a: Palafin|Palafin, L77, M|281/281\n|turn|1\n|inactive|Battle timer is ON: inactive players will automatically lose when time's up. (requested by hepooo)\n|\n|t:|1781377888\n|detailschange|p2a: Palafin|Palafin-Hero, L77, M\n|switch|p2a: Jolteon|Jolteon, L84, F|246/246\n|move|p1a: Plusle|Nasty Plot|p1a: Plusle\n|-boost|p1a: Plusle|spa|2\n|\n|upkeep\n|turn|2\n|\n|t:|1781377910\n|switch|p2a: Luvdisc|Luvdisc, F|247/247\n|switch|p1a: Donphan|Donphan, L84, M|288/288\n|\n|upkeep\n|turn|3\n|\n|t:|1781377934\n|switch|p1a: Whimsicott|Whimsicott, L84, F|238/238\n|move|p2a: Luvdisc|Whirlpool|p1a: Whimsicott\n|-resisted|p1a: Whimsicott\n|-damage|p1a: Whimsicott|220/238\n|-activate|p1a: Whimsicott|move: Whirlpool|[of] p2a: Luvdisc\n|\n|-damage|p1a: Whimsicott|191/238|[from] move: Whirlpool|[partiallytrapped]\n|upkeep\n|turn|4\n|\n|t:|1781377948\n|move|p2a: Luvdisc|Substitute|p2a: Luvdisc\n|-start|p2a: Luvdisc|Substitute\n|-damage|p2a: Luvdisc|186/247\n|move|p1a: Whimsicott|Moonblast|p2a: Luvdisc\n|-end|p2a: Luvdisc|Substitute\n|\n|-damage|p1a: Whimsicott|162/238|[from] move: Whirlpool|[partiallytrapped]\n|upkeep\n|turn|5\n|\n|t:|1781377960\n|switch|p2a: Forretress|Forretress, L84, F|263/263\n|move|p1a: Whimsicott|Moonblast|p2a: Forretress\n|-resisted|p2a: Forretress\n|-damage|p2a: Forretress|210/263\n|\n|-heal|p2a: Forretress|226/263|[from] item: Leftovers\n|-end|p1a: Whimsicott|Whirlpool|[partiallytrapped]|[silent]\n|upkeep\n|turn|6\n|\n|t:|1781377976\n|switch|p2a: Luvdisc|Luvdisc, F|186/247\n|move|p1a: Whimsicott|U-turn|p2a: Luvdisc\n|-damage|p2a: Luvdisc|145/247\n|\n|t:|1781377988\n|switch|p1a: Charizard|Charizard, L85, M|271/271|[from] U-turn\n|\n|upkeep\n|turn|7\n|\n|t:|1781377995\n|switch|p1a: Whimsicott|Whimsicott, L84, F|162/238\n|move|p2a: Luvdisc|Substitute|p2a: Luvdisc\n|-start|p2a: Luvdisc|Substitute\n|-damage|p2a: Luvdisc|84/247\n|\n|upkeep\n|turn|8\n|\n|t:|1781377999\n|move|p1a: Whimsicott|Encore|p2a: Luvdisc\n|-start|p2a: Luvdisc|Encore\n|move|p2a: Luvdisc|Substitute|p2a: Luvdisc\n|-fail|p2a: Luvdisc|move: Substitute\n|\n|upkeep\n|turn|9\n|\n|t:|1781378004\n|switch|p2a: Forretress|Forretress, L84, F|226/263\n|move|p1a: Whimsicott|Giga Drain|p2a: Forretress\n|-resisted|p2a: Forretress\n|-damage|p2a: Forretress|205/263\n|-heal|p1a: Whimsicott|173/238|[from] drain|[of] p2a: Forretress\n|\n|-heal|p2a: Forretress|221/263|[from] item: Leftovers\n|upkeep\n|turn|10\n|\n|t:|1781378007\n|move|p1a: Whimsicott|U-turn|p2a: Forretress\n|-resisted|p2a: Forretress\n|-damage|p2a: Forretress|207/263\n|\n|t:|1781378010\n|switch|p1a: Donphan|Donphan, L84, M|288/288|[from] U-turn\n|move|p2a: Forretress|Volt Switch|p1a: Donphan\n|-immune|p1a: Donphan\n|\n|-heal|p2a: Forretress|223/263|[from] item: Leftovers\n|upkeep\n|turn|11\n|\n|t:|1781378021\n|switch|p2a: Palafin|Palafin-Hero, L77, M|281/281\n|-activate|p2a: Palafin|ability: Zero to Hero\n|move|p1a: Donphan|Knock Off|p2a: Palafin\n|-damage|p2a: Palafin|203/281\n|-enditem|p2a: Palafin|Leftovers|[from] move: Knock Off|[of] p1a: Donphan\n|\n|upkeep\n|turn|12\n|inactive|Usummega has 120 seconds left.\n|\n|t:|1781378063\n|switch|p1a: Whimsicott|Whimsicott, L84, F|173/238\n|move|p2a: Palafin|Ice Punch|p1a: Whimsicott\n|-supereffective|p1a: Whimsicott\n|-damage|p1a: Whimsicott|35/238\n|\n|upkeep\n|turn|13\n|\n|t:|1781378070\n|move|p2a: Palafin|Jet Punch|p1a: Whimsicott\n|-resisted|p1a: Whimsicott\n|-damage|p1a: Whimsicott|0 fnt\n|faint|p1a: Whimsicott\n|\n|upkeep\n|\n|t:|1781378080\n|switch|p1a: Greedent|Greedent, L86, M|347/347\n|turn|14\n|\n|t:|1781378093\n|move|p2a: Palafin|Bulk Up|p2a: Palafin\n|-boost|p2a: Palafin|atk|1\n|-boost|p2a: Palafin|def|1\n|move|p1a: Greedent|Swords Dance|p1a: Greedent\n|-boost|p1a: Greedent|atk|2\n|\n|upkeep\n|turn|15\n|\n|t:|1781378097\n|move|p2a: Palafin|Bulk Up|p2a: Palafin\n|-boost|p2a: Palafin|atk|1\n|-boost|p2a: Palafin|def|1\n|move|p1a: Greedent|Double-Edge|p2a: Palafin\n|-damage|p2a: Palafin|79/281\n|-damage|p1a: Greedent|306/347|[from] Recoil\n|\n|upkeep\n|turn|16\n|\n|t:|1781378104\n|move|p2a: Palafin|Drain Punch|p1a: Greedent\n|-supereffective|p1a: Greedent\n|-damage|p1a: Greedent|60/347\n|-heal|p2a: Palafin|202/281|[from] drain|[of] p1a: Greedent\n|-enditem|p1a: Greedent|Sitrus Berry|[eat]\n|-heal|p1a: Greedent|146/347|[from] item: Sitrus Berry\n|-heal|p1a: Greedent|261/347|[from] ability: Cheek Pouch\n|move|p1a: Greedent|Double-Edge|p2a: Palafin\n|-crit|p2a: Palafin\n|-damage|p2a: Palafin|0 fnt\n|faint|p2a: Palafin\n|-damage|p1a: Greedent|194/347|[from] Recoil\n|\n|upkeep\n|j| JDJJXJXJ\n|\n|t:|1781378117\n|switch|p2a: Forretress|Forretress, L84, F|223/263\n|turn|17\n|\n|t:|1781378123\n|move|p2a: Forretress|Iron Head|p1a: Greedent\n|-damage|p1a: Greedent|121/347\n|move|p1a: Greedent|Knock Off|p2a: Forretress\n|-damage|p2a: Forretress|133/263\n|-enditem|p2a: Forretress|Leftovers|[from] move: Knock Off|[of] p1a: Greedent\n|\n|upkeep\n|turn|18\n|\n|t:|1781378133\n|move|p2a: Forretress|Iron Head|p1a: Greedent\n|-damage|p1a: Greedent|52/347\n|move|p1a: Greedent|Earthquake|p2a: Forretress\n|-damage|p2a: Forretress|38/263\n|\n|upkeep\n|turn|19\n|l| JDJJXJXJ\n|\n|t:|1781378158\n|move|p2a: Forretress|Iron Head|p1a: Greedent\n|-damage|p1a: Greedent|0 fnt\n|faint|p1a: Greedent\n|\n|upkeep\n|\n|t:|1781378166\n|switch|p1a: Donphan|Donphan, L84, M|288/288\n|turn|20\n|inactive|Usummega has 120 seconds left.\n|\n|t:|1781378193\n|move|p1a: Donphan|Rapid Spin|p2a: Forretress\n|-resisted|p2a: Forretress\n|-damage|p2a: Forretress|24/263\n|-boost|p1a: Donphan|spe|1\n|move|p2a: Forretress|Iron Head|p1a: Donphan\n|-damage|p1a: Donphan|228/288\n|\n|upkeep\n|turn|21\n|inactive|Usummega has 120 seconds left.\n|\n|t:|1781378214\n|move|p1a: Donphan|Rapid Spin|p2a: Forretress\n|-resisted|p2a: Forretress\n|-damage|p2a: Forretress|9/263\n|-boost|p1a: Donphan|spe|1\n|move|p2a: Forretress|Iron Head|p1a: Donphan\n|-damage|p1a: Donphan|167/288\n|\n|upkeep\n|turn|22\n|inactive|hepooo has 120 seconds left.\n|\n|t:|1781378235\n|move|p1a: Donphan|Rapid Spin|p2a: Forretress\n|-resisted|p2a: Forretress\n|-damage|p2a: Forretress|0 fnt\n|-boost|p1a: Donphan|spe|1\n|faint|p2a: Forretress\n|\n|upkeep\n|\n|t:|1781378238\n|switch|p2a: Krookodile|Krookodile, L79, M|280/280\n|-ability|p2a: Krookodile|Intimidate|boost\n|-unboost|p1a: Donphan|atk|1\n|turn|23\n|inactive|Usummega has 120 seconds left.\n|\n|t:|1781378253\n|move|p1a: Donphan|Knock Off|p2a: Krookodile\n|-resisted|p2a: Krookodile\n|-damage|p2a: Krookodile|248/280\n|-enditem|p2a: Krookodile|Choice Band|[from] move: Knock Off|[of] p1a: Donphan\n|move|p2a: Krookodile|Knock Off|p1a: Donphan\n|-damage|p1a: Donphan|83/288\n|-enditem|p1a: Donphan|Assault Vest|[from] move: Knock Off|[of] p2a: Krookodile\n|\n|upkeep\n|turn|24\n|inactive|Usummega has 120 seconds left.\n|inactive|hepooo has 120 seconds left.\n|\n|t:|1781378276\n|move|p1a: Donphan|Ice Spinner|p2a: Krookodile\n|-supereffective|p2a: Krookodile\n|-damage|p2a: Krookodile|150/280\n|move|p2a: Krookodile|Earthquake|p1a: Donphan\n|-damage|p1a: Donphan|0 fnt\n|faint|p1a: Donphan\n|\n|upkeep\n|inactive|Usummega has 120 seconds left.\n|inactive|Usummega has 90 seconds left.\n|\n|t:|1781378312\n|switch|p1a: Plusle|Plusle, L95, F|268/268\n|turn|25\n|inactive|hepooo has 120 seconds left.\n|\n|t:|1781378333\n|switch|p2a: Luvdisc|Luvdisc, F|84/247\n|move|p1a: Plusle|Grass Knot|p2a: Luvdisc\n|-supereffective|p2a: Luvdisc\n|-damage|p2a: Luvdisc|35/247\n|-damage|p1a: Plusle|242/268|[from] item: Life Orb\n|\n|upkeep\n|turn|26\n|inactive|hepooo has 120 seconds left.\n|\n|t:|1781378341\n|move|p2a: Luvdisc|Endeavor|p1a: Plusle\n|-damage|p1a: Plusle|35/268\n|move|p1a: Plusle|Grass Knot|p2a: Luvdisc\n|-supereffective|p2a: Luvdisc\n|-damage|p2a: Luvdisc|0 fnt\n|faint|p2a: Luvdisc\n|-damage|p1a: Plusle|9/268|[from] item: Life Orb\n|\n|upkeep\n|inactive|hepooo has 120 seconds left.\n|\n|t:|1781378346\n|switch|p2a: Jolteon|Jolteon, L84, F|246/246\n|turn|27\n|\n|t:|1781378349\n|move|p2a: Jolteon|Tera Blast|p1a: Plusle\n|-damage|p1a: Plusle|0 fnt\n|faint|p1a: Plusle\n|\n|upkeep\n|\n|t:|1781378362\n|switch|p1a: Glastrier|Glastrier, L86|312/312\n|turn|28\n|\n|t:|1781378370\n|move|p2a: Jolteon|Substitute|p2a: Jolteon\n|-start|p2a: Jolteon|Substitute\n|-damage|p2a: Jolteon|185/246\n|move|p1a: Glastrier|Icicle Crash|p2a: Jolteon\n|-end|p2a: Jolteon|Substitute\n|\n|-heal|p2a: Jolteon|200/246|[from] item: Leftovers\n|upkeep\n|turn|29\n|inactive|Usummega has 120 seconds left.\n|\n|t:|1781378385\n|-terastallize|p2a: Jolteon|Ice\n|move|p2a: Jolteon|Substitute|p2a: Jolteon\n|-start|p2a: Jolteon|Substitute\n|-damage|p2a: Jolteon|139/246\n|move|p1a: Glastrier|Icicle Crash|p2a: Jolteon\n|-resisted|p2a: Jolteon\n|-end|p2a: Jolteon|Substitute\n|\n|-heal|p2a: Jolteon|154/246|[from] item: Leftovers\n|upkeep\n|turn|30\n|inactive|Usummega has 120 seconds left.\n|\n|t:|1781378396\n|move|p2a: Jolteon|Thunderbolt|p1a: Glastrier\n|-damage|p1a: Glastrier|221/312\n|move|p1a: Glastrier|Icicle Crash|p2a: Jolteon\n|-resisted|p2a: Jolteon\n|-crit|p2a: Jolteon\n|-damage|p2a: Jolteon|19/246\n|\n|-heal|p2a: Jolteon|34/246|[from] item: Leftovers\n|upkeep\n|turn|31\n|inactive|Usummega has 120 seconds left.\n|\n|t:|1781378421\n|move|p2a: Jolteon|Thunderbolt|p1a: Glastrier\n|-damage|p1a: Glastrier|136/312\n|move|p1a: Glastrier|Icicle Crash|p2a: Jolteon\n|-resisted|p2a: Jolteon\n|-damage|p2a: Jolteon|0 fnt\n|faint|p2a: Jolteon\n|-ability|p1a: Glastrier|Chilling Neigh|boost\n|-boost|p1a: Glastrier|atk|1\n|\n|upkeep\n|\n|t:|1781378432\n|switch|p2a: Hawlucha|Hawlucha, L80, M|256/256\n|turn|32\n|inactive|Usummega has 120 seconds left.\n|\n|t:|1781378455\n|-terastallize|p1a: Glastrier|Ground\n|move|p2a: Hawlucha|Close Combat|p1a: Glastrier\n|-damage|p1a: Glastrier|58/312\n|-unboost|p2a: Hawlucha|def|1\n|-unboost|p2a: Hawlucha|spd|1\n|-enditem|p2a: Hawlucha|White Herb\n|-clearnegativeboost|p2a: Hawlucha|[silent]\n|move|p1a: Glastrier|Icicle Crash|p2a: Hawlucha\n|-supereffective|p2a: Hawlucha\n|-damage|p2a: Hawlucha|0 fnt\n|faint|p2a: Hawlucha\n|-ability|p1a: Glastrier|Chilling Neigh|boost\n|-boost|p1a: Glastrier|atk|1\n|\n|upkeep\n|inactive|hepooo has 120 seconds left.\n|\n|t:|1781378486\n|switch|p2a: Krookodile|Krookodile, L79, M|150/280\n|-ability|p2a: Krookodile|Intimidate|boost\n|-unboost|p1a: Glastrier|atk|1\n|turn|33\n|inactive|Usummega has 120 seconds left.\n|\n|t:|1781378504\n|move|p2a: Krookodile|Earthquake|p1a: Glastrier\n|-damage|p1a: Glastrier|0 fnt\n|faint|p1a: Glastrier\n|\n|upkeep\n|\n|t:|1781378507\n|switch|p1a: Charizard|Charizard, L85, M|271/271\n|turn|34\n|inactive|hepooo has 120 seconds left.\n|\n|t:|1781378519\n|move|p1a: Charizard|Flare Blitz|p2a: Krookodile\n|-damage|p2a: Krookodile|18/280\n|-status|p2a: Krookodile|brn\n|-damage|p1a: Charizard|227/271|[from] Recoil\n|move|p2a: Krookodile|Stone Edge|p1a: Charizard\n|-supereffective|p1a: Charizard\n|-damage|p1a: Charizard|81/271\n|\n|-damage|p2a: Krookodile|1/280 brn|[from] brn\n|upkeep\n|turn|35\n|\n|t:|1781378526\n|move|p1a: Charizard|Flare Blitz|p2a: Krookodile\n|-damage|p2a: Krookodile|0 fnt\n|faint|p2a: Krookodile\n|-damage|p1a: Charizard|80/271|[from] Recoil\n|\n|win|Usummega\n", "inputlog": ">version a8376a258c1d4662feba110a92103f3664a72141\n>start {\"formatid\":\"gen9randombattle\",\"seed\":\"sodium,69f2616c4cd02dd60cf8efad268a61d1\",\"rated\":\"Rated battle\"}\n>player p1 {\"name\":\"Usummega\",\"avatar\":\"maxie-gen6\",\"rating\":2255,\"seed\":\"sodium,5c7d98c75cbcff5e7c914e80a0bc8d2b\"}\n>player p2 {\"name\":\"hepooo\",\"avatar\":\"morty\",\"rating\":2229,\"seed\":\"sodium,ee34762db4ad78d25f5d37325aeea020\"}\n>p1 move nastyplot\n>p2 switch 2\n>p1 switch 4\n>p2 switch 3\n>p1 switch 3\n>p2 move whirlpool\n>p1 move moonblast\n>p2 move substitute\n>p1 move moonblast\n>p2 switch 6\n>p1 move uturn\n>p2 switch 6\n>p1 switch 2\n>p1 switch 2\n>p2 move substitute\n>p1 move encore\n>p2 move endeavor\n>p1 move gigadrain\n>p2 switch 6\n>p1 move uturn\n>p2 move voltswitch\n>p1 switch 3\n>p1 move knockoff\n>p2 switch 2\n>p1 switch 3\n>p2 move icepunch\n>p1 move gigadrain\n>p2 move jetpunch\n>p1 switch 5\n>p1 move swordsdance\n>p2 move bulkup\n>p1 move doubleedge\n>p2 move bulkup\n>p1 move doubleedge\n>p2 move drainpunch\n>p2 switch 2\n>p1 move knockoff\n>p2 move ironhead\n>p1 move earthquake\n>p2 move ironhead\n>p1 move doubleedge\n>p2 move ironhead\n>p1 switch 3\n>p1 move rapidspin\n>p2 move ironhead\n>p1 move rapidspin\n>p2 move ironhead\n>p1 move rapidspin\n>p2 move ironhead\n>p2 switch 4\n>p1 move knockoff\n>p2 move knockoff\n>p1 move icespinner\n>p2 move earthquake\n>p1 switch 4\n>p1 move grassknot\n>p2 switch 6\n>p1 move grassknot\n>p2 move endeavor\n>p2 switch 3\n>p1 move encore\n>p2 move terablast\n>p1 switch 6\n>p1 move iciclecrash\n>p2 move substitute\n>p1 move iciclecrash\n>p2 move substitute terastallize\n>p1 move iciclecrash\n>p2 move thunderbolt\n>p1 move iciclecrash\n>p2 move thunderbolt\n>p2 switch 5\n>p1 move iciclecrash terastallize\n>p2 move closecombat\n>p2 switch 6\n>p1 move highhorsepower\n>p2 move earthquake\n>p1 switch 2\n>p1 move flareblitz\n>p2 move stoneedge\n>p1 move flareblitz\n>p2 move stoneedge", "uploadtime": 1781377817, "views": 9, "formatid": "gen9randombattle", "rating": null, "private": 0, "password": null}