{"id": "gen9randombattle-2631747600", "format": "[Gen 9] Random Battle", "players": ["Galaxy Zodiac 24", "Bigouden"], "log": "|j|\u2606Galaxy Zodiac 24\n|j|\u2606Bigouden\n|t:|1781433126\n|gametype|singles\n|player|p1|Galaxy Zodiac 24|265|2132\n|player|p2|Bigouden|maid|2041\n|gen|9\n|tier|[Gen 9] Random Battle\n|rated|\n|rule|Species Clause: Limit one of each Pok\u00e9mon\n|rule|HP Percentage Mod: HP is shown in percentages\n|rule|Sleep Clause Mod: Limit one foe put to sleep\n|rule|Illusion Level Mod: Illusion disguises the Pok\u00e9mon's true level\n|\n|t:|1781433126\n|teamsize|p1|6\n|teamsize|p2|6\n|start\n|switch|p1a: Volcarona|Volcarona, L77, M|257/257\n|switch|p2a: Rampardos|Rampardos, L90, M|321/321\n|turn|1\n|l|\u2606Galaxy Zodiac 24\n|player|p1|\n|inactive|Battle timer is ON: inactive players will automatically lose when time's up. (requested by Bigouden)\n|j|\u2606Galaxy Zodiac 24\n|inactive|Galaxy Zodiac 24 reconnected and has 130 seconds left.\n|player|p1|Galaxy Zodiac 24|265|\n|inactive|Galaxy Zodiac 24 also wants the timer to be on.\n|inactive|Galaxy Zodiac 24 has 120 seconds left.\n|\n|t:|1781433170\n|move|p1a: Volcarona|Giga Drain|p2a: Rampardos\n|-supereffective|p2a: Rampardos\n|-damage|p2a: Rampardos|159/321\n|move|p2a: Rampardos|Rock Slide|p1a: Volcarona\n|-supereffective|p1a: Volcarona\n|-damage|p1a: Volcarona|0 fnt\n|faint|p1a: Volcarona\n|\n|upkeep\n|\n|t:|1781433175\n|switch|p1a: Vaporeon|Vaporeon, L86, M|364/364\n|turn|2\n|\n|t:|1781433187\n|switch|p2a: Moltres|Moltres-Galar, L79|271/271\n|move|p1a: Vaporeon|Scald|p2a: Moltres\n|-damage|p2a: Moltres|198/271\n|\n|upkeep\n|turn|3\n|\n|t:|1781433208\n|move|p2a: Moltres|Nasty Plot|p2a: Moltres\n|-boost|p2a: Moltres|spa|2\n|move|p1a: Vaporeon|Ice Beam|p2a: Moltres\n|-supereffective|p2a: Moltres\n|-damage|p2a: Moltres|76/271\n|-status|p2a: Moltres|frz\n|-ability|p2a: Moltres|Berserk|boost\n|-boost|p2a: Moltres|spa|1\n|\n|upkeep\n|turn|4\n|\n|t:|1781433223\n|-curestatus|p2a: Moltres|frz|[msg]\n|move|p2a: Moltres|Rest|p2a: Moltres\n|-status|p2a: Moltres|slp|[from] move: Rest\n|-heal|p2a: Moltres|271/271 slp|[silent]\n|-enditem|p2a: Moltres|Chesto Berry|[eat]\n|-curestatus|p2a: Moltres|slp|[msg]\n|move|p1a: Vaporeon|Ice Beam|p2a: Moltres\n|-supereffective|p2a: Moltres\n|-damage|p2a: Moltres|143/271\n|\n|upkeep\n|turn|5\n|inactive|Galaxy Zodiac 24 has 120 seconds left.\n|\n|t:|1781433259\n|move|p2a: Moltres|Fiery Wrath|p1a: Vaporeon\n|-damage|p1a: Vaporeon|168/364\n|move|p1a: Vaporeon|Ice Beam|p2a: Moltres\n|-supereffective|p2a: Moltres\n|-damage|p2a: Moltres|33/271\n|-ability|p2a: Moltres|Berserk|boost\n|-boost|p2a: Moltres|spa|1\n|\n|-heal|p1a: Vaporeon|190/364|[from] item: Leftovers\n|upkeep\n|turn|6\n|inactive|Galaxy Zodiac 24 has 120 seconds left.\n|\n|t:|1781433274\n|move|p2a: Moltres|Fiery Wrath|p1a: Vaporeon\n|-damage|p1a: Vaporeon|0 fnt\n|faint|p1a: Vaporeon\n|\n|upkeep\n|inactive|Galaxy Zodiac 24 has 120 seconds left.\n|\n|t:|1781433305\n|switch|p1a: Entei|Entei, L78|307/307\n|turn|7\n|\n|t:|1781433313\n|move|p1a: Entei|Extreme Speed|p2a: Moltres\n|-damage|p2a: Moltres|0 fnt\n|faint|p2a: Moltres\n|\n|upkeep\n|\n|t:|1781433319\n|switch|p2a: Iron Thorns|Iron Thorns, L83|302/302\n|-enditem|p2a: Iron Thorns|Booster Energy\n|-activate|p2a: Iron Thorns|ability: Quark Drive|[fromitem]\n|-start|p2a: Iron Thorns|quarkdriveatk\n|turn|8\n|\n|t:|1781433338\n|switch|p1a: Dudunsparce|Dudunsparce, L83, F|343/343\n|move|p2a: Iron Thorns|Dragon Dance|p2a: Iron Thorns\n|-boost|p2a: Iron Thorns|atk|1\n|-boost|p2a: Iron Thorns|spe|1\n|\n|upkeep\n|turn|9\n|inactive|Bigouden has 120 seconds left.\n|inactive|Bigouden has 90 seconds left.\n|inactive|Bigouden has 60 seconds left.\n|\n|t:|1781433447\n|move|p2a: Iron Thorns|Stone Edge|p1a: Dudunsparce\n|-damage|p1a: Dudunsparce|39/343\n|move|p1a: Dudunsparce|Earthquake|p2a: Iron Thorns\n|-supereffective|p2a: Iron Thorns\n|-damage|p2a: Iron Thorns|54/302\n|\n|-heal|p1a: Dudunsparce|60/343|[from] item: Leftovers\n|upkeep\n|turn|10\n|\n|t:|1781433457\n|move|p2a: Iron Thorns|Earthquake|p1a: Dudunsparce\n|-damage|p1a: Dudunsparce|0 fnt\n|faint|p1a: Dudunsparce\n|\n|upkeep\n|\n|t:|1781433461\n|switch|p1a: Entei|Entei, L78|307/307\n|turn|11\n|inactive|Bigouden has 60 seconds left.\n|\n|t:|1781433494\n|move|p1a: Entei|Extreme Speed|p2a: Iron Thorns\n|-resisted|p2a: Iron Thorns\n|-damage|p2a: Iron Thorns|16/302\n|move|p2a: Iron Thorns|Earthquake|p1a: Entei\n|-supereffective|p1a: Entei\n|-damage|p1a: Entei|0 fnt\n|faint|p1a: Entei\n|\n|upkeep\n|\n|t:|1781433507\n|switch|p1a: Ursaring|Ursaring, L84, M|288/288\n|turn|12\n|inactive|Bigouden has 30 seconds left.\n|inactive|Bigouden has 20 seconds left.\n|inactive|Bigouden has 15 seconds left.\n|\n|t:|1781433544\n|move|p2a: Iron Thorns|Stone Edge|p1a: Ursaring|[miss]\n|-miss|p2a: Iron Thorns|p1a: Ursaring\n|move|p1a: Ursaring|Throat Chop|p2a: Iron Thorns\n|-crit|p2a: Iron Thorns\n|-damage|p2a: Iron Thorns|0 fnt\n|faint|p2a: Iron Thorns\n|-end|p2a: Iron Thorns|Quark Drive|[silent]\n|\n|-status|p1a: Ursaring|tox|[from] item: Toxic Orb\n|upkeep\n|inactive|Bigouden has 20 seconds left this turn.\n|inactive|Bigouden has 15 seconds left.\n|inactive|Bigouden has 10 seconds left.\n|\n|t:|1781433558\n|switch|p2a: Vigoroth|Vigoroth, L85, M|275/275\n|turn|13\n|inactive|Bigouden has 20 seconds left this turn.\n|\n|t:|1781433563\n|move|p1a: Ursaring|Swords Dance|p1a: Ursaring\n|-boost|p1a: Ursaring|atk|2\n|move|p2a: Vigoroth|Bulk Up|p2a: Vigoroth\n|-boost|p2a: Vigoroth|atk|1\n|-boost|p2a: Vigoroth|def|1\n|\n|-damage|p1a: Ursaring|270/288 tox|[from] psn\n|upkeep\n|turn|14\n|inactive|Bigouden has 30 seconds left this turn.\n|inactive|Bigouden has 20 seconds left.\n|\n|t:|1781433574\n|move|p1a: Ursaring|Close Combat|p2a: Vigoroth\n|-supereffective|p2a: Vigoroth\n|-damage|p2a: Vigoroth|89/275\n|-unboost|p1a: Ursaring|def|1\n|-unboost|p1a: Ursaring|spd|1\n|move|p2a: Vigoroth|Body Slam|p1a: Ursaring\n|-damage|p1a: Ursaring|78/288 tox\n|\n|-damage|p1a: Ursaring|42/288 tox|[from] psn\n|upkeep\n|turn|15\n|inactive|Bigouden has 30 seconds left this turn.\n|inactive|Bigouden has 20 seconds left.\n|\n|t:|1781433586\n|move|p1a: Ursaring|Throat Chop|p2a: Vigoroth\n|-damage|p2a: Vigoroth|20/275\n|-start|p2a: Vigoroth|Throat Chop|[silent]\n|move|p2a: Vigoroth|Body Slam|p1a: Ursaring\n|-damage|p1a: Ursaring|0 fnt\n|faint|p1a: Ursaring\n|\n|upkeep\n|\n|t:|1781433590\n|switch|p1a: Swalot|Swalot, L90, F|326/326\n|turn|16\n|\n|t:|1781433592\n|-terastallize|p1a: Swalot|Ground\n|move|p2a: Vigoroth|Body Slam|p1a: Swalot\n|-damage|p1a: Swalot|215/326\n|move|p1a: Swalot|Earthquake|p2a: Vigoroth\n|-damage|p2a: Vigoroth|0 fnt\n|faint|p2a: Vigoroth\n|\n|-heal|p1a: Swalot|235/326|[from] item: Leftovers\n|upkeep\n|inactive|Bigouden has 30 seconds left.\n|c|\u2606Bigouden|good throat chop cause i almost terad that turn\n|inactive|Bigouden has 20 seconds left.\n|\n|t:|1781433617\n|switch|p2a: Latios|Latios, L78, M|253/253\n|turn|17\n|inactive|Bigouden has 30 seconds left this turn.\n|\n|t:|1781433626\n|move|p2a: Latios|Luster Purge|p1a: Swalot\n|-damage|p1a: Swalot|82/326\n|-unboost|p1a: Swalot|spd|1\n|move|p1a: Swalot|Swords Dance|p1a: Swalot\n|-boost|p1a: Swalot|atk|2\n|\n|-heal|p1a: Swalot|102/326|[from] item: Leftovers\n|upkeep\n|turn|18\n|inactive|Bigouden has 30 seconds left.\n|\n|t:|1781433631\n|move|p2a: Latios|Luster Purge|p1a: Swalot\n|-damage|p1a: Swalot|0 fnt\n|faint|p1a: Swalot\n|\n|win|Bigouden\n", "inputlog": ">version a8376a258c1d4662feba110a92103f3664a72141\n>start {\"formatid\":\"gen9randombattle\",\"seed\":\"sodium,9771e45f87707adfdd74e5d2af36403b\",\"rated\":\"Rated battle\"}\n>player p1 {\"name\":\"Galaxy Zodiac 24\",\"avatar\":\"265\",\"rating\":2132,\"seed\":\"sodium,5f665c91a0a0add68a7cfd119f73f1ef\"}\n>player p2 {\"name\":\"Bigouden\",\"avatar\":\"maid\",\"rating\":2041,\"seed\":\"sodium,f126895e922e69c5c6b80cfdccd81f56\"}\n>p1 move gigadrain\n>p2 move rockslide\n>p1 switch 6\n>p1 move scald\n>p2 switch 6\n>p1 move icebeam\n>p2 move nastyplot\n>p1 move icebeam\n>p2 move rest\n>p1 move icebeam\n>p2 move fierywrath\n>p1 move icebeam\n>p2 move fierywrath\n>p1 switch 5\n>p1 move extremespeed\n>p2 move fierywrath\n>p2 switch 3\n>p1 switch 3\n>p2 move dragondance\n>p1 move earthquake\n>p2 move stoneedge\n>p1 move earthquake\n>p2 move earthquake\n>p1 switch 3\n>p1 move extremespeed\n>p2 move earthquake\n>p1 switch 4\n>p1 move throatchop\n>p2 move stoneedge\n>p2 switch 2\n>p1 move swordsdance\n>p2 move bulkup\n>p1 move closecombat\n>p2 move bodyslam\n>p1 move throatchop\n>p2 move bodyslam\n>p1 switch 2\n>p1 move earthquake terastallize\n>p2 move bodyslam\n>chat \u2606Bigouden|good throat chop cause i almost terad that turn\n>p2 switch 4\n>p1 move swordsdance\n>p2 move lusterpurge\n>p1 move knockoff\n>p2 move lusterpurge", "uploadtime": 1781433128, "views": 16, "formatid": "gen9randombattle", "rating": null, "private": 0, "password": null}