{"id": "gen9randombattle-2631603375", "format": "[Gen 9] Random Battle", "players": ["grass1234567", "schleeby"], "log": "|j|\u2606grass1234567\n|j|\u2606schleeby\n|t:|1781407402\n|gametype|singles\n|player|p1|grass1234567|pokemaniac|2029\n|player|p2|schleeby|rosa|2009\n|gen|9\n|tier|[Gen 9] Random Battle\n|rated|\n|rule|Species Clause: Limit one of each Pok\u00e9mon\n|rule|HP Percentage Mod: HP is shown in percentages\n|rule|Sleep Clause Mod: Limit one foe put to sleep\n|rule|Illusion Level Mod: Illusion disguises the Pok\u00e9mon's true level\n|\n|t:|1781407402\n|teamsize|p1|6\n|teamsize|p2|6\n|start\n|switch|p1a: Ariados|Ariados, L95, M|287/287\n|switch|p2a: Coalossal|Coalossal, L89, F|341/341\n|turn|1\n|\n|t:|1781407443\n|switch|p1a: Hoopa|Hoopa, L85|275/275\n|move|p2a: Coalossal|Flamethrower|p1a: Hoopa\n|-damage|p1a: Hoopa|212/275\n|\n|upkeep\n|turn|2\n|\n|t:|1781407454\n|switch|p2a: Hydrapple|Hydrapple, L83, M|312/312\n|-terastallize|p1a: Hoopa|Fighting\n|move|p1a: Hoopa|Focus Blast|p2a: Hydrapple\n|-damage|p2a: Hydrapple|133/312\n|-damage|p1a: Hoopa|185/275|[from] item: Life Orb\n|\n|upkeep\n|turn|3\n|\n|t:|1781407472\n|switch|p1a: Whimsicott|Whimsicott, L84, F|238/238\n|move|p2a: Hydrapple|Dragon Tail|p1a: Whimsicott\n|-immune|p1a: Whimsicott\n|\n|upkeep\n|turn|4\n|\n|t:|1781407480\n|switch|p2a: Incineroar|Incineroar, L82, F|290/290\n|-ability|p2a: Incineroar|Intimidate|boost\n|-unboost|p1a: Whimsicott|atk|1\n|move|p1a: Whimsicott|Substitute|p1a: Whimsicott\n|-start|p1a: Whimsicott|Substitute\n|-damage|p1a: Whimsicott|179/238\n|\n|-heal|p1a: Whimsicott|193/238|[from] item: Leftovers\n|upkeep\n|turn|5\n|\n|t:|1781407489\n|move|p1a: Whimsicott|Moonblast|p2a: Incineroar\n|-damage|p2a: Incineroar|200/290\n|move|p2a: Incineroar|Flare Blitz|p1a: Whimsicott\n|-supereffective|p1a: Whimsicott\n|-end|p1a: Whimsicott|Substitute\n|-damage|p2a: Incineroar|181/290|[from] Recoil|[of] p1a: Whimsicott\n|\n|-heal|p1a: Whimsicott|207/238|[from] item: Leftovers\n|upkeep\n|turn|6\n|\n|t:|1781407504\n|move|p1a: Whimsicott|Substitute|p1a: Whimsicott\n|-start|p1a: Whimsicott|Substitute\n|-damage|p1a: Whimsicott|148/238\n|move|p2a: Incineroar|Flare Blitz|p1a: Whimsicott\n|-supereffective|p1a: Whimsicott\n|-end|p1a: Whimsicott|Substitute\n|-damage|p2a: Incineroar|162/290|[from] Recoil|[of] p1a: Whimsicott\n|\n|-heal|p1a: Whimsicott|162/238|[from] item: Leftovers\n|upkeep\n|turn|7\n|\n|t:|1781407513\n|switch|p1a: Stonjourner|Stonjourner, L91, F|330/330\n|move|p2a: Incineroar|Flare Blitz|p1a: Stonjourner\n|-resisted|p1a: Stonjourner\n|-damage|p1a: Stonjourner|282/330\n|-damage|p2a: Incineroar|146/290|[from] Recoil\n|\n|upkeep\n|turn|8\n|\n|t:|1781407520\n|switch|p2a: Conkeldurr|Conkeldurr, L80, F|299/299\n|move|p1a: Stonjourner|Stealth Rock|p2a: Conkeldurr\n|-sidestart|p2: schleeby|move: Stealth Rock\n|\n|-status|p2a: Conkeldurr|brn|[from] item: Flame Orb\n|upkeep\n|turn|9\n|\n|t:|1781407533\n|switch|p1a: Ariados|Ariados, L95, M|287/287\n|move|p2a: Conkeldurr|Knock Off|p1a: Ariados\n|-damage|p1a: Ariados|148/287\n|-enditem|p1a: Ariados|Focus Sash|[from] move: Knock Off|[of] p2a: Conkeldurr\n|\n|-damage|p2a: Conkeldurr|281/299 brn|[from] brn\n|upkeep\n|turn|10\n|\n|t:|1781407550\n|move|p1a: Ariados|Sticky Web|p2a: Conkeldurr\n|-sidestart|p2: schleeby|move: Sticky Web\n|move|p2a: Conkeldurr|Facade|p1a: Ariados\n|-damage|p1a: Ariados|0 fnt\n|faint|p1a: Ariados\n|\n|-damage|p2a: Conkeldurr|263/299 brn|[from] brn\n|upkeep\n|\n|t:|1781407568\n|switch|p1a: Stonjourner|Stonjourner, L91, F|282/330\n|turn|11\n|j| BislikeDlacks\n|l| BislikeDlacks\n|\n|t:|1781407596\n|switch|p1a: Whimsicott|Whimsicott, L84, F|162/238\n|move|p2a: Conkeldurr|Close Combat|p1a: Whimsicott\n|-resisted|p1a: Whimsicott\n|-damage|p1a: Whimsicott|46/238\n|-unboost|p2a: Conkeldurr|def|1\n|-unboost|p2a: Conkeldurr|spd|1\n|\n|-heal|p1a: Whimsicott|60/238|[from] item: Leftovers\n|-damage|p2a: Conkeldurr|245/299 brn|[from] brn\n|upkeep\n|turn|12\n|inactive|Battle timer is ON: inactive players will automatically lose when time's up. (requested by schleeby)\n|\n|t:|1781407606\n|switch|p2a: Coalossal|Coalossal, L89, F|341/341\n|move|p1a: Whimsicott|Moonblast|p2a: Coalossal\n|-resisted|p2a: Coalossal\n|-damage|p2a: Coalossal|299/341\n|-unboost|p2a: Coalossal|spa|1\n|\n|-heal|p1a: Whimsicott|74/238|[from] item: Leftovers\n|upkeep\n|turn|13\n|\n|t:|1781407620\n|switch|p1a: Stonjourner|Stonjourner, L91, F|282/330\n|move|p2a: Coalossal|Rapid Spin|p1a: Stonjourner\n|-resisted|p1a: Stonjourner\n|-damage|p1a: Stonjourner|271/330\n|-boost|p2a: Coalossal|spe|1\n|-sideend|p2: schleeby|Stealth Rock|[from] move: Rapid Spin|[of] p2a: Coalossal\n|-sideend|p2: schleeby|Sticky Web|[from] move: Rapid Spin|[of] p2a: Coalossal\n|\n|upkeep\n|turn|14\n|\n|t:|1781407628\n|switch|p2a: Conkeldurr|Conkeldurr, L80, F|245/299 brn\n|move|p1a: Stonjourner|Stone Edge|p2a: Conkeldurr\n|-resisted|p2a: Conkeldurr\n|-damage|p2a: Conkeldurr|141/299 brn\n|-damage|p1a: Stonjourner|238/330|[from] item: Life Orb\n|\n|-damage|p2a: Conkeldurr|123/299 brn|[from] brn\n|upkeep\n|turn|15\n|\n|t:|1781407637\n|move|p2a: Conkeldurr|Mach Punch|p1a: Stonjourner\n|-supereffective|p1a: Stonjourner\n|-damage|p1a: Stonjourner|130/330\n|move|p1a: Stonjourner|Heat Crash|p2a: Conkeldurr\n|-damage|p2a: Conkeldurr|0 fnt\n|faint|p2a: Conkeldurr\n|-damage|p1a: Stonjourner|97/330|[from] item: Life Orb\n|\n|upkeep\n|\n|t:|1781407645\n|switch|p2a: Lycanroc|Lycanroc-Midnight, L89, F|296/296\n|turn|16\n|inactive|grass1234567 has 120 seconds left.\n|\n|t:|1781407676\n|move|p2a: Lycanroc|Stone Edge|p1a: Stonjourner\n|-crit|p1a: Stonjourner\n|-damage|p1a: Stonjourner|0 fnt\n|faint|p1a: Stonjourner\n|-damage|p2a: Lycanroc|267/296|[from] item: Life Orb\n|\n|upkeep\n|inactive|grass1234567 has 120 seconds left.\n|\n|t:|1781407703\n|switch|p1a: Mabosstiff|Mabosstiff, L86, F|278/278\n|turn|17\n|\n|t:|1781407711\n|move|p1a: Mabosstiff|Crunch|p2a: Lycanroc\n|-damage|p2a: Lycanroc|146/296\n|move|p2a: Lycanroc|Stone Edge|p1a: Mabosstiff\n|-crit|p1a: Mabosstiff\n|-damage|p1a: Mabosstiff|19/278\n|-damage|p2a: Lycanroc|117/296|[from] item: Life Orb\n|\n|upkeep\n|turn|18\n|\n|t:|1781407718\n|switch|p2a: Incineroar|Incineroar, L82, F|146/290\n|-ability|p2a: Incineroar|Intimidate|boost\n|-unboost|p1a: Mabosstiff|atk|1\n|move|p1a: Mabosstiff|Crunch|p2a: Incineroar\n|-resisted|p2a: Incineroar\n|-damage|p2a: Incineroar|77/290\n|\n|upkeep\n|turn|19\n|\n|t:|1781407729\n|switch|p1a: Roaring Moon|Roaring Moon, L72|270/270\n|-enditem|p1a: Roaring Moon|Booster Energy\n|-activate|p1a: Roaring Moon|ability: Protosynthesis|[fromitem]\n|-start|p1a: Roaring Moon|protosynthesisatk\n|move|p2a: Incineroar|Flare Blitz|p1a: Roaring Moon\n|-resisted|p1a: Roaring Moon\n|-damage|p1a: Roaring Moon|177/270\n|-damage|p2a: Incineroar|46/290|[from] Recoil\n|\n|upkeep\n|turn|20\n|\n|t:|1781407742\n|move|p2a: Incineroar|Flare Blitz|p1a: Roaring Moon\n|-resisted|p1a: Roaring Moon\n|-damage|p1a: Roaring Moon|76/270\n|-damage|p2a: Incineroar|13/290|[from] Recoil\n|move|p1a: Roaring Moon|Acrobatics|p2a: Incineroar\n|-crit|p2a: Incineroar\n|-damage|p2a: Incineroar|0 fnt\n|faint|p2a: Incineroar\n|\n|upkeep\n|\n|t:|1781407747\n|switch|p2a: Lokix|Lokix, L82, M|251/251\n|turn|21\n|inactive|grass1234567 has 120 seconds left.\n|\n|t:|1781407773\n|-end|p1a: Roaring Moon|Protosynthesis|[silent]\n|switch|p1a: Mabosstiff|Mabosstiff, L86, F|19/278\n|move|p2a: Lokix|First Impression|p1a: Mabosstiff\n|-supereffective|p1a: Mabosstiff\n|-damage|p1a: Mabosstiff|0 fnt\n|faint|p1a: Mabosstiff\n|\n|upkeep\n|\n|t:|1781407782\n|switch|p1a: Hoopa|Hoopa, L85, tera:Fighting|185/275\n|turn|22\n|\n|t:|1781407785\n|switch|p2a: Lycanroc|Lycanroc-Midnight, L89, F|117/296\n|move|p1a: Hoopa|Focus Blast|p2a: Lycanroc\n|-supereffective|p2a: Lycanroc\n|-damage|p2a: Lycanroc|0 fnt\n|faint|p2a: Lycanroc\n|-damage|p1a: Hoopa|158/275|[from] item: Life Orb\n|\n|upkeep\n|\n|t:|1781407799\n|switch|p2a: Lokix|Lokix, L82, M|251/251\n|turn|23\n|\n|t:|1781407803\n|move|p2a: Lokix|First Impression|p1a: Hoopa\n|-resisted|p1a: Hoopa\n|-damage|p1a: Hoopa|12/275\n|move|p1a: Hoopa|Focus Blast|p2a: Lokix\n|-damage|p2a: Lokix|0 fnt\n|faint|p2a: Lokix\n|-damage|p1a: Hoopa|0 fnt|[from] item: Life Orb\n|faint|p1a: Hoopa\n|\n|upkeep\n|inactive|grass1234567 has 120 seconds left.\n|\n|t:|1781407820\n|switch|p2a: Hydrapple|Hydrapple, L83, M|237/312\n|switch|p1a: Roaring Moon|Roaring Moon, L72|76/270\n|turn|24\n|\n|t:|1781407827\n|move|p1a: Roaring Moon|Outrage|p2a: Hydrapple\n|-supereffective|p2a: Hydrapple\n|-damage|p2a: Hydrapple|21/312\n|move|p2a: Hydrapple|Leaf Storm|p1a: Roaring Moon\n|-resisted|p1a: Roaring Moon\n|-damage|p1a: Roaring Moon|0 fnt\n|-unboost|p2a: Hydrapple|spa|2\n|faint|p1a: Roaring Moon\n|-end|p1a: Roaring Moon|Protosynthesis|[silent]\n|\n|upkeep\n|\n|t:|1781407835\n|switch|p1a: Whimsicott|Whimsicott, L84, F|74/238\n|turn|25\n|\n|t:|1781407842\n|switch|p2a: Coalossal|Coalossal, L89, F|299/341\n|move|p1a: Whimsicott|Substitute|p1a: Whimsicott\n|-start|p1a: Whimsicott|Substitute\n|-damage|p1a: Whimsicott|15/238\n|\n|-heal|p1a: Whimsicott|29/238|[from] item: Leftovers\n|upkeep\n|turn|26\n|\n|t:|1781407850\n|move|p1a: Whimsicott|Leech Seed|p2a: Coalossal\n|-start|p2a: Coalossal|move: Leech Seed\n|move|p2a: Coalossal|Flamethrower|p1a: Whimsicott\n|-supereffective|p1a: Whimsicott\n|-end|p1a: Whimsicott|Substitute\n|\n|-heal|p1a: Whimsicott|43/238|[from] item: Leftovers\n|-damage|p2a: Coalossal|257/341|[from] Leech Seed|[of] p1a: Whimsicott\n|-heal|p1a: Whimsicott|85/238|[silent]\n|upkeep\n|turn|27\n|\n|t:|1781407861\n|move|p1a: Whimsicott|Substitute|p1a: Whimsicott\n|-start|p1a: Whimsicott|Substitute\n|-damage|p1a: Whimsicott|26/238\n|move|p2a: Coalossal|Flamethrower|p1a: Whimsicott\n|-supereffective|p1a: Whimsicott\n|-end|p1a: Whimsicott|Substitute\n|\n|-heal|p1a: Whimsicott|40/238|[from] item: Leftovers\n|-damage|p2a: Coalossal|215/341|[from] Leech Seed|[of] p1a: Whimsicott\n|-heal|p1a: Whimsicott|82/238|[silent]\n|upkeep\n|turn|28\n|\n|t:|1781407870\n|switch|p2a: Hydrapple|Hydrapple, L83, M|125/312\n|move|p1a: Whimsicott|Substitute|p1a: Whimsicott\n|-start|p1a: Whimsicott|Substitute\n|-damage|p1a: Whimsicott|23/238\n|\n|-heal|p1a: Whimsicott|37/238|[from] item: Leftovers\n|upkeep\n|turn|29\n|\n|t:|1781407877\n|move|p1a: Whimsicott|Moonblast|p2a: Hydrapple\n|-supereffective|p2a: Hydrapple\n|-damage|p2a: Hydrapple|9/312\n|-unboost|p2a: Hydrapple|spa|1\n|move|p2a: Hydrapple|Earth Power|p1a: Whimsicott\n|-resisted|p1a: Whimsicott\n|-activate|p1a: Whimsicott|move: Substitute|[damage]\n|\n|-heal|p1a: Whimsicott|51/238|[from] item: Leftovers\n|upkeep\n|turn|30\n|\n|t:|1781407893\n|move|p1a: Whimsicott|Moonblast|p2a: Hydrapple\n|-supereffective|p2a: Hydrapple\n|-damage|p2a: Hydrapple|0 fnt\n|faint|p2a: Hydrapple\n|\n|-heal|p1a: Whimsicott|65/238|[from] item: Leftovers\n|upkeep\n|\n|t:|1781407895\n|switch|p2a: Coalossal|Coalossal, L89, F|215/341\n|turn|31\n|\n|t:|1781407901\n|move|p1a: Whimsicott|Leech Seed|p2a: Coalossal\n|-start|p2a: Coalossal|move: Leech Seed\n|move|p2a: Coalossal|Rapid Spin|p1a: Whimsicott\n|-end|p1a: Whimsicott|Substitute\n|-end|p2a: Coalossal|Leech Seed|[from] move: Rapid Spin|[of] p2a: Coalossal\n|-boost|p2a: Coalossal|spe|1\n|\n|-heal|p1a: Whimsicott|79/238|[from] item: Leftovers\n|upkeep\n|turn|32\n|\n|t:|1781407910\n|move|p1a: Whimsicott|Encore|p2a: Coalossal\n|-start|p2a: Coalossal|Encore\n|move|p2a: Coalossal|Rapid Spin|p1a: Whimsicott\n|-damage|p1a: Whimsicott|46/238\n|-boost|p2a: Coalossal|spe|1\n|\n|-heal|p1a: Whimsicott|60/238|[from] item: Leftovers\n|upkeep\n|turn|33\n|c|\u2606schleeby|coalossal's beyblade lookin ass\n|inactive|grass1234567 has 120 seconds left.\n|\n|t:|1781407960\n|move|p1a: Whimsicott|Moonblast|p2a: Coalossal\n|-resisted|p2a: Coalossal\n|-damage|p2a: Coalossal|179/341\n|move|p2a: Coalossal|Rapid Spin|p1a: Whimsicott\n|-damage|p1a: Whimsicott|25/238\n|-boost|p2a: Coalossal|spe|1\n|\n|-heal|p1a: Whimsicott|39/238|[from] item: Leftovers\n|upkeep\n|turn|34\n|\n|t:|1781407968\n|move|p2a: Coalossal|Rapid Spin|p1a: Whimsicott\n|-damage|p1a: Whimsicott|4/238\n|-boost|p2a: Coalossal|spe|1\n|move|p1a: Whimsicott|Moonblast|p2a: Coalossal\n|-resisted|p2a: Coalossal\n|-damage|p2a: Coalossal|137/341\n|\n|-heal|p1a: Whimsicott|18/238|[from] item: Leftovers\n|-end|p2a: Coalossal|Encore\n|upkeep\n|turn|35\n|\n|t:|1781407977\n|-terastallize|p2a: Coalossal|Water\n|move|p2a: Coalossal|Rapid Spin|p1a: Whimsicott\n|-damage|p1a: Whimsicott|0 fnt\n|-boost|p2a: Coalossal|spe|1\n|faint|p1a: Whimsicott\n|\n|win|schleeby\n", "inputlog": ">version a8376a258c1d4662feba110a92103f3664a72141\n>start {\"formatid\":\"gen9randombattle\",\"seed\":\"sodium,f6882e807a59ba0add121d007aeeb0b1\",\"rated\":\"Rated battle\"}\n>player p1 {\"name\":\"grass1234567\",\"avatar\":\"pokemaniac\",\"rating\":2029,\"seed\":\"sodium,016eb3d1f77a21252b934aa1718a49d0\"}\n>player p2 {\"name\":\"schleeby\",\"avatar\":\"rosa\",\"rating\":2009,\"seed\":\"sodium,b4ba6df87623818d894fa01aaf390be5\"}\n>p1 switch 4\n>p2 move flamethrower\n>p1 move focusblast terastallize\n>p2 switch 5\n>p1 switch 3\n>p2 move dragontail\n>p1 move substitute\n>p2 switch 3\n>p1 move moonblast\n>p2 move flareblitz\n>p1 move substitute\n>p2 move flareblitz\n>p1 switch 6\n>p2 move flareblitz\n>p1 move stealthrock\n>p2 switch 2\n>p1 switch 4\n>p2 move knockoff\n>p1 move stickyweb\n>p2 move facade\n>p1 switch 4\n>p1 switch 6\n>p2 move closecombat\n>p1 move moonblast\n>p2 switch 5\n>p1 switch 6\n>p2 move rapidspin\n>p1 move stoneedge\n>p2 switch 5\n>p1 move heatcrash\n>p2 move machpunch\n>p2 switch 6\n>p1 move earthquake\n>p2 move stoneedge\n>p1 switch 5\n>p1 move crunch\n>p2 move stoneedge\n>p1 move crunch\n>p2 switch 2\n>p1 switch 2\n>p2 move flareblitz\n>p1 move acrobatics\n>p2 move flareblitz\n>p2 switch 4\n>p1 switch 2\n>p2 move firstimpression\n>p1 switch 3\n>p1 move focusblast\n>p2 switch 2\n>p2 switch 2\n>p1 move focusblast\n>p2 move firstimpression\n>p1 switch 2\n>p2 switch 3\n>p1 move outrage\n>p2 move leafstorm\n>p1 switch 6\n>p1 move substitute\n>p2 switch 5\n>p1 move leechseed\n>p2 move flamethrower\n>p1 move substitute\n>p2 move flamethrower\n>p1 move substitute\n>p2 switch 5\n>p1 move moonblast\n>p2 move earthpower\n>p1 move moonblast\n>p2 move leafstorm\n>p2 switch 5\n>p1 move leechseed\n>p2 move rapidspin\n>p1 move encore\n>p2 move flamethrower\n>chat \u2606schleeby|coalossal's beyblade lookin ass\n>p1 move moonblast\n>p2 move rapidspin\n>p1 move moonblast\n>p2 move rapidspin\n>p1 move moonblast\n>p2 move rapidspin terastallize", "uploadtime": 1781407403, "views": 7, "formatid": "gen9randombattle", "rating": null, "private": 0, "password": null}