{"id": "gen9randombattle-2631777433", "format": "[Gen 9] Random Battle", "players": ["Mamut<33", "misty's magic"], "log": "|j|\u2606Mamut<33\n|j|\u2606misty's magic\n|t:|1781438096\n|gametype|singles\n|player|p1|Mamut<33|giovanni|1959\n|player|p2|misty's magic|169|1945\n|gen|9\n|tier|[Gen 9] Random Battle\n|rated|\n|rule|Species Clause: Limit one of each Pok\u00e9mon\n|rule|HP Percentage Mod: HP is shown in percentages\n|rule|Sleep Clause Mod: Limit one foe put to sleep\n|rule|Illusion Level Mod: Illusion disguises the Pok\u00e9mon's true level\n|\n|t:|1781438096\n|teamsize|p1|6\n|teamsize|p2|6\n|start\n|switch|p1a: Alcremie|Alcremie-Salted-Cream, L90, F|263/263\n|switch|p2a: Mewtwo|Mewtwo, L72|272/272\n|-ability|p2a: Mewtwo|Pressure\n|turn|1\n|inactive|Battle timer is ON: inactive players will automatically lose when time's up. (requested by Mamut<33)\n|\n|t:|1781438105\n|move|p2a: Mewtwo|Nasty Plot|p2a: Mewtwo\n|-boost|p2a: Mewtwo|spa|2\n|move|p1a: Alcremie|Alluring Voice|p2a: Mewtwo\n|-damage|p2a: Mewtwo|154/272\n|-start|p2a: Mewtwo|confusion\n|\n|upkeep\n|turn|2\n|\n|t:|1781438113\n|switch|p1a: Scrafty|Scrafty, L83, F|244/244\n|-ability|p1a: Scrafty|Intimidate|boost\n|-unboost|p2a: Mewtwo|atk|1\n|-activate|p2a: Mewtwo|confusion\n|move|p2a: Mewtwo|Psystrike|p1a: Scrafty\n|-immune|p1a: Scrafty\n|\n|upkeep\n|turn|3\n|\n|t:|1781438119\n|switch|p2a: Qwilfish|Qwilfish-Hisui, L83, M|244/244\n|-ability|p2a: Qwilfish|Intimidate|boost\n|-unboost|p1a: Scrafty|atk|1\n|move|p1a: Scrafty|Knock Off|p2a: Qwilfish\n|-resisted|p2a: Qwilfish\n|-damage|p2a: Qwilfish|220/244\n|-enditem|p2a: Qwilfish|Eviolite|[from] move: Knock Off|[of] p1a: Scrafty\n|\n|upkeep\n|turn|4\n|\n|t:|1781438125\n|switch|p1a: Donphan|Donphan, L84, M|288/288\n|move|p2a: Qwilfish|Toxic Spikes|p1a: Donphan\n|-sidestart|p1: Mamut<33|move: Toxic Spikes\n|\n|upkeep\n|turn|5\n|\n|t:|1781438135\n|switch|p2a: Rabsca|Rabsca, L91, F|284/284\n|move|p1a: Donphan|Stealth Rock|p2a: Rabsca\n|-sidestart|p2: misty's magic|move: Stealth Rock\n|\n|upkeep\n|turn|6\n|\n|t:|1781438142\n|move|p1a: Donphan|Rapid Spin|p2a: Rabsca\n|-damage|p2a: Rabsca|241/284\n|-boost|p1a: Donphan|spe|1\n|-sideend|p1: Mamut<33|Toxic Spikes|[from] move: Rapid Spin|[of] p1a: Donphan\n|move|p2a: Rabsca|Bug Buzz|p1a: Donphan\n|-damage|p1a: Donphan|131/288\n|\n|-heal|p1a: Donphan|149/288|[from] item: Leftovers\n|upkeep\n|turn|7\n|\n|t:|1781438146\n|switch|p1a: Iron Jugulis|Iron Jugulis, L77|271/271\n|move|p2a: Rabsca|Bug Buzz|p1a: Iron Jugulis\n|-damage|p1a: Iron Jugulis|123/271\n|\n|upkeep\n|turn|8\n|\n|t:|1781438153\n|switch|p2a: Morpeko|Morpeko, L88, M|245/245\n|-damage|p2a: Morpeko|215/245|[from] Stealth Rock\n|move|p1a: Iron Jugulis|Meteor Beam||[still]\n|-prepare|p1a: Iron Jugulis|Meteor Beam\n|-boost|p1a: Iron Jugulis|spa|1\n|-enditem|p1a: Iron Jugulis|Power Herb\n|-anim|p1a: Iron Jugulis|Meteor Beam|p2a: Morpeko\n|-damage|p2a: Morpeko|44/245\n|\n|-heal|p2a: Morpeko|59/245|[from] item: Leftovers\n|-formechange|p2a: Morpeko|Morpeko-Hangry||[from] ability: Hunger Switch\n|upkeep\n|turn|9\n|\n|t:|1781438159\n|move|p2a: Morpeko|Protect|p2a: Morpeko\n|-singleturn|p2a: Morpeko|Protect\n|move|p1a: Iron Jugulis|Earth Power|p2a: Morpeko\n|-activate|p2a: Morpeko|move: Protect\n|\n|-heal|p2a: Morpeko|74/245|[from] item: Leftovers\n|-formechange|p2a: Morpeko|Morpeko||[from] ability: Hunger Switch\n|upkeep\n|turn|10\n|\n|t:|1781438163\n|-terastallize|p1a: Iron Jugulis|Ground\n|move|p2a: Morpeko|Aura Wheel|p1a: Iron Jugulis\n|-immune|p1a: Iron Jugulis\n|move|p1a: Iron Jugulis|Earth Power|p2a: Morpeko\n|-supereffective|p2a: Morpeko\n|-damage|p2a: Morpeko|0 fnt\n|faint|p2a: Morpeko\n|\n|upkeep\n|\n|t:|1781438168\n|switch|p2a: Mewtwo|Mewtwo, L72|154/272\n|-damage|p2a: Mewtwo|120/272|[from] Stealth Rock\n|-ability|p2a: Mewtwo|Pressure\n|turn|11\n|\n|t:|1781438173\n|-end|p1a: Iron Jugulis|Quark Drive|[silent]\n|switch|p1a: Scrafty|Scrafty, L83, F|244/244\n|-ability|p1a: Scrafty|Intimidate|boost\n|-unboost|p2a: Mewtwo|atk|1\n|move|p2a: Mewtwo|Psystrike|p1a: Scrafty\n|-immune|p1a: Scrafty\n|\n|upkeep\n|turn|12\n|\n|t:|1781438177\n|switch|p2a: Qwilfish|Qwilfish-Hisui, L83, M|220/244\n|-damage|p2a: Qwilfish|190/244|[from] Stealth Rock\n|-ability|p2a: Qwilfish|Intimidate|boost\n|-unboost|p1a: Scrafty|atk|1\n|move|p1a: Scrafty|Dragon Dance|p1a: Scrafty\n|-boost|p1a: Scrafty|atk|1\n|-boost|p1a: Scrafty|spe|1\n|\n|upkeep\n|turn|13\n|\n|t:|1781438194\n|move|p1a: Scrafty|Dragon Dance|p1a: Scrafty\n|-boost|p1a: Scrafty|atk|1\n|-boost|p1a: Scrafty|spe|1\n|move|p2a: Qwilfish|Toxic Spikes|p1a: Scrafty\n|-sidestart|p1: Mamut<33|move: Toxic Spikes\n|\n|upkeep\n|turn|14\n|\n|t:|1781438198\n|move|p1a: Scrafty|Dragon Dance|p1a: Scrafty\n|-boost|p1a: Scrafty|atk|1\n|-boost|p1a: Scrafty|spe|1\n|move|p2a: Qwilfish|Gunk Shot|p1a: Scrafty\n|-damage|p1a: Scrafty|145/244\n|-status|p1a: Scrafty|psn\n|\n|-heal|p1a: Scrafty|160/244 psn|[from] item: Leftovers\n|-damage|p1a: Scrafty|130/244 psn|[from] psn\n|upkeep\n|turn|15\n|\n|t:|1781438201\n|move|p1a: Scrafty|Drain Punch|p2a: Qwilfish\n|-damage|p2a: Qwilfish|33/244\n|-heal|p1a: Scrafty|209/244 psn|[from] drain|[of] p2a: Qwilfish\n|move|p2a: Qwilfish|Spikes|p1a: Scrafty\n|-sidestart|p1: Mamut<33|Spikes\n|\n|-heal|p1a: Scrafty|224/244 psn|[from] item: Leftovers\n|-damage|p1a: Scrafty|194/244 psn|[from] psn\n|upkeep\n|turn|16\n|\n|t:|1781438206\n|switch|p2a: Mewtwo|Mewtwo, L72|120/272\n|-damage|p2a: Mewtwo|86/272|[from] Stealth Rock\n|-ability|p2a: Mewtwo|Pressure\n|move|p1a: Scrafty|Drain Punch|p2a: Mewtwo\n|-resisted|p2a: Mewtwo\n|-damage|p2a: Mewtwo|0 fnt\n|-heal|p1a: Scrafty|237/244 psn|[from] drain|[of] p2a: Mewtwo\n|faint|p2a: Mewtwo\n|\n|-heal|p1a: Scrafty|244/244 psn|[from] item: Leftovers\n|-damage|p1a: Scrafty|214/244 psn|[from] psn\n|upkeep\n|\n|t:|1781438208\n|switch|p2a: Qwilfish|Qwilfish-Hisui, L83, M|33/244\n|-damage|p2a: Qwilfish|3/244|[from] Stealth Rock\n|-ability|p2a: Qwilfish|Intimidate|boost\n|-unboost|p1a: Scrafty|atk|1\n|turn|17\n|\n|t:|1781438215\n|move|p1a: Scrafty|Drain Punch|p2a: Qwilfish\n|-crit|p2a: Qwilfish\n|-damage|p2a: Qwilfish|0 fnt\n|-heal|p1a: Scrafty|216/244 psn|[from] drain|[of] p2a: Qwilfish\n|faint|p2a: Qwilfish\n|\n|-heal|p1a: Scrafty|231/244 psn|[from] item: Leftovers\n|-damage|p1a: Scrafty|201/244 psn|[from] psn\n|upkeep\n|\n|t:|1781438217\n|switch|p2a: Rabsca|Rabsca, L91, F|241/284\n|turn|18\n|\n|t:|1781438220\n|-terastallize|p2a: Rabsca|Steel\n|move|p1a: Scrafty|Knock Off|p2a: Rabsca\n|-damage|p2a: Rabsca|94/284\n|-enditem|p2a: Rabsca|Heavy-Duty Boots|[from] move: Knock Off|[of] p1a: Scrafty\n|move|p2a: Rabsca|Trick Room|p2a: Rabsca\n|-fieldstart|move: Trick Room|[of] p2a: Rabsca\n|\n|-heal|p1a: Scrafty|216/244 psn|[from] item: Leftovers\n|-damage|p1a: Scrafty|186/244 psn|[from] psn\n|upkeep\n|turn|19\n|\n|t:|1781438232\n|move|p2a: Rabsca|Bug Buzz|p1a: Scrafty\n|-damage|p1a: Scrafty|75/244 psn\n|move|p1a: Scrafty|Drain Punch|p2a: Rabsca\n|-supereffective|p2a: Rabsca\n|-damage|p2a: Rabsca|0 fnt\n|-heal|p1a: Scrafty|122/244 psn|[from] drain|[of] p2a: Rabsca\n|faint|p2a: Rabsca\n|\n|-heal|p1a: Scrafty|137/244 psn|[from] item: Leftovers\n|-damage|p1a: Scrafty|107/244 psn|[from] psn\n|upkeep\n|\n|t:|1781438236\n|switch|p2a: Flygon|Flygon, L82, M|265/265\n|-damage|p2a: Flygon|249/265|[from] Stealth Rock\n|turn|20\n|\n|t:|1781438240\n|move|p2a: Flygon|Earthquake|p1a: Scrafty\n|-damage|p1a: Scrafty|17/244 psn\n|move|p1a: Scrafty|Drain Punch|p2a: Flygon\n|-damage|p2a: Flygon|123/265\n|-heal|p1a: Scrafty|80/244 psn|[from] drain|[of] p2a: Flygon\n|\n|-heal|p1a: Scrafty|95/244 psn|[from] item: Leftovers\n|-damage|p1a: Scrafty|65/244 psn|[from] psn\n|upkeep\n|turn|21\n|\n|t:|1781438244\n|move|p2a: Flygon|Earthquake|p1a: Scrafty\n|-damage|p1a: Scrafty|0 fnt\n|faint|p1a: Scrafty\n|\n|upkeep\n|\n|t:|1781438247\n|switch|p1a: Donphan|Donphan, L84, M|149/288\n|-status|p1a: Donphan|psn\n|-damage|p1a: Donphan|113/288 psn|[from] Spikes\n|turn|22\n|\n|t:|1781438251\n|move|p1a: Donphan|Rapid Spin|p2a: Flygon\n|-damage|p2a: Flygon|78/265\n|-boost|p1a: Donphan|spe|1\n|-sideend|p1: Mamut<33|Spikes|[from] move: Rapid Spin|[of] p1a: Donphan\n|-sideend|p1: Mamut<33|Toxic Spikes|[from] move: Rapid Spin|[of] p1a: Donphan\n|move|p2a: Flygon|Dragon Dance|p2a: Flygon\n|-boost|p2a: Flygon|atk|1\n|-boost|p2a: Flygon|spe|1\n|\n|-heal|p1a: Donphan|131/288 psn|[from] item: Leftovers\n|-damage|p1a: Donphan|95/288 psn|[from] psn\n|-fieldend|move: Trick Room\n|upkeep\n|turn|23\n|\n|t:|1781438257\n|move|p2a: Flygon|Earthquake|p1a: Donphan\n|-damage|p1a: Donphan|0 fnt\n|faint|p1a: Donphan\n|\n|upkeep\n|\n|t:|1781438264\n|switch|p1a: Carbink|Carbink, L90|236/236\n|turn|24\n|\n|t:|1781438268\n|move|p2a: Flygon|Earthquake|p1a: Carbink\n|-supereffective|p1a: Carbink\n|-damage|p1a: Carbink|66/236\n|move|p1a: Carbink|Moonblast|p2a: Flygon\n|-supereffective|p2a: Flygon\n|-damage|p2a: Flygon|0 fnt\n|faint|p2a: Flygon\n|\n|upkeep\n|\n|t:|1781438271\n|switch|p2a: Dugtrio|Dugtrio-Alola, L84, M|196/196\n|-damage|p2a: Dugtrio|190/196|[from] Stealth Rock\n|turn|25\n|\n|t:|1781438274\n|move|p2a: Dugtrio|Iron Head|p1a: Carbink\n|-supereffective|p1a: Carbink\n|-damage|p1a: Carbink|0 fnt\n|faint|p1a: Carbink\n|-damage|p2a: Dugtrio|171/196|[from] item: Life Orb\n|\n|upkeep\n|\n|t:|1781438277\n|switch|p1a: Iron Jugulis|Iron Jugulis, L77, tera:Ground|123/271\n|turn|26\n|\n|t:|1781438280\n|move|p2a: Dugtrio|Earthquake|p1a: Iron Jugulis\n|-damage|p1a: Iron Jugulis|0 fnt\n|faint|p1a: Iron Jugulis\n|-end|p1a: Iron Jugulis|Quark Drive|[silent]\n|-damage|p2a: Dugtrio|152/196|[from] item: Life Orb\n|\n|upkeep\n|\n|t:|1781438283\n|switch|p1a: Kyogre|Kyogre, L71|259/259\n|-weather|RainDance|[from] ability: Drizzle|[of] p1a: Kyogre\n|turn|27\n|\n|t:|1781438286\n|move|p1a: Kyogre|Water Spout|p2a: Dugtrio\n|-supereffective|p2a: Dugtrio\n|-damage|p2a: Dugtrio|0 fnt\n|faint|p2a: Dugtrio\n|\n|win|Mamut<33\n", "inputlog": ">version a8376a258c1d4662feba110a92103f3664a72141\n>start {\"formatid\":\"gen9randombattle\",\"seed\":\"sodium,8d0c07e978c5bbad70c51edf633589b5\",\"rated\":\"Rated battle\"}\n>player p1 {\"name\":\"Mamut<33\",\"avatar\":\"giovanni\",\"rating\":1959,\"seed\":\"sodium,d332aefd8871f08140067646153697b3\"}\n>player p2 {\"name\":\"misty's magic\",\"avatar\":\"169\",\"rating\":1945,\"seed\":\"sodium,d30601d118880cbc34939c8fd916a88a\"}\n>p1 move alluringvoice\n>p2 move nastyplot\n>p1 switch 3\n>p2 move psystrike\n>p1 move knockoff\n>p2 switch 6\n>p1 switch 2\n>p2 move toxicspikes\n>p1 move stealthrock\n>p2 switch 5\n>p1 move rapidspin\n>p2 move bugbuzz\n>p1 switch 4\n>p2 move bugbuzz\n>p1 move meteorbeam\n>p2 switch 4\n>p1 move earthpower\n>p2 move protect\n>p1 move earthpower terastallize\n>p2 move aurawheel\n>p2 switch 6\n>p1 switch 2\n>p2 move psystrike\n>p1 move dragondance\n>p2 switch 5\n>p1 move dragondance\n>p2 move toxicspikes\n>p1 move dragondance\n>p2 move gunkshot\n>p1 move drainpunch\n>p2 move spikes\n>p1 move drainpunch\n>p2 switch 5\n>p2 switch 5\n>p1 move drainpunch\n>p2 move gunkshot\n>p2 switch 4\n>p1 move knockoff\n>p2 move trickroom terastallize\n>p1 move drainpunch\n>p2 move bugbuzz\n>p2 switch 2\n>p1 move drainpunch\n>p2 move earthquake\n>p1 move drainpunch\n>p2 move earthquake\n>p1 switch 4\n>p1 move rapidspin\n>p2 move dragondance\n>p1 move icespinner\n>p2 move earthquake\n>p1 switch 5\n>p1 move moonblast\n>p2 move earthquake\n>p2 switch 3\n>p1 move bodypress\n>p2 move ironhead\n>p1 switch 2\n>p1 move earthpower\n>p2 move earthquake\n>p1 switch 6\n>p1 move waterspout\n>p2 move earthquake", "uploadtime": 1781438099, "views": 6, "formatid": "gen9randombattle", "rating": null, "private": 0, "password": null}