{"id": "gen9randombattle-2631677598", "format": "[Gen 9] Random Battle", "players": ["FirdasPd", "bobforte22"], "log": "|j|\u2606FirdasPd\n|j|\u2606bobforte22\n|t:|1781419953\n|gametype|singles\n|player|p1|FirdasPd|102|1459\n|player|p2|bobforte22|102|1428\n|gen|9\n|tier|[Gen 9] Random Battle\n|rated|\n|rule|Species Clause: Limit one of each Pok\u00e9mon\n|rule|HP Percentage Mod: HP is shown in percentages\n|rule|Sleep Clause Mod: Limit one foe put to sleep\n|rule|Illusion Level Mod: Illusion disguises the Pok\u00e9mon's true level\n|\n|t:|1781419953\n|teamsize|p1|6\n|teamsize|p2|6\n|start\n|switch|p1a: Kyurem|Kyurem, L77|319/319\n|switch|p2a: Dachsbun|Dachsbun, L92, M|254/254\n|-ability|p1a: Kyurem|Pressure\n|turn|1\n|inactive|Battle timer is ON: inactive players will automatically lose when time's up. (requested by bobforte22)\n|\n|t:|1781419975\n|switch|p1a: Probopass|Probopass, L91, F|257/257\n|move|p2a: Dachsbun|Play Rough|p1a: Probopass\n|-resisted|p1a: Probopass\n|-damage|p1a: Probopass|227/257\n|-unboost|p1a: Probopass|atk|1\n|\n|-heal|p1a: Probopass|243/257|[from] item: Leftovers\n|upkeep\n|turn|2\n|\n|t:|1781419984\n|switch|p2a: Volcarona|Volcarona, L77, M|257/257\n|move|p1a: Probopass|Iron Defense|p1a: Probopass\n|-boost|p1a: Probopass|def|2\n|\n|-heal|p1a: Probopass|257/257|[from] item: Leftovers\n|upkeep\n|turn|3\n|\n|t:|1781419992\n|move|p2a: Volcarona|Fiery Dance|p1a: Probopass\n|-damage|p1a: Probopass|206/257\n|move|p1a: Probopass|Thunder Wave|p2a: Volcarona\n|-status|p2a: Volcarona|par\n|\n|-heal|p1a: Probopass|222/257|[from] item: Leftovers\n|upkeep\n|turn|4\n|\n|t:|1781420004\n|switch|p2a: Lumineon|Lumineon, L93, F|279/279\n|move|p1a: Probopass|Body Press|p2a: Lumineon\n|-damage|p2a: Lumineon|87/279\n|\n|-heal|p1a: Probopass|238/257|[from] item: Leftovers\n|upkeep\n|turn|5\n|\n|t:|1781420011\n|move|p2a: Lumineon|Hydro Pump|p1a: Probopass|[miss]\n|-miss|p2a: Lumineon|p1a: Probopass\n|move|p1a: Probopass|Body Press|p2a: Lumineon\n|-damage|p2a: Lumineon|0 fnt\n|faint|p2a: Lumineon\n|\n|-heal|p1a: Probopass|254/257|[from] item: Leftovers\n|upkeep\n|\n|t:|1781420014\n|switch|p2a: Beartic|Beartic, L91, F|321/321\n|turn|6\n|\n|t:|1781420021\n|move|p2a: Beartic|Close Combat|p1a: Probopass\n|-supereffective|p1a: Probopass\n|-damage|p1a: Probopass|0 fnt\n|-unboost|p2a: Beartic|def|1\n|-unboost|p2a: Beartic|spd|1\n|faint|p1a: Probopass\n|\n|upkeep\n|\n|t:|1781420035\n|switch|p1a: Illumise|Illumise, L91, F|266/266\n|turn|7\n|inactive|bobforte22 has 120 seconds left.\n|\n|t:|1781420076\n|switch|p2a: Volcarona|Volcarona, L77, M|257/257 par\n|move|p1a: Illumise|Bug Buzz|p2a: Volcarona\n|-resisted|p2a: Volcarona\n|-damage|p2a: Volcarona|213/257 par\n|\n|upkeep\n|turn|8\n|\n|t:|1781420097\n|switch|p1a: Raikou|Raikou, L81|278/278\n|-ability|p1a: Raikou|Pressure\n|move|p2a: Volcarona|Fiery Dance|p1a: Raikou\n|-damage|p1a: Raikou|190/278\n|-boost|p2a: Volcarona|spa|1\n|\n|-heal|p1a: Raikou|207/278|[from] item: Leftovers\n|upkeep\n|turn|9\n|inactive|bobforte22 has 120 seconds left.\n|\n|t:|1781420110\n|move|p1a: Raikou|Calm Mind|p1a: Raikou\n|-boost|p1a: Raikou|spa|1\n|-boost|p1a: Raikou|spd|1\n|move|p2a: Volcarona|Fiery Dance|p1a: Raikou\n|-crit|p1a: Raikou\n|-damage|p1a: Raikou|5/278\n|\n|-heal|p1a: Raikou|22/278|[from] item: Leftovers\n|upkeep\n|turn|10\n|\n|t:|1781420118\n|move|p1a: Raikou|Scald|p2a: Volcarona\n|-supereffective|p2a: Volcarona\n|-damage|p2a: Volcarona|41/257 par\n|cant|p2a: Volcarona|par\n|\n|-heal|p1a: Raikou|39/278|[from] item: Leftovers\n|upkeep\n|turn|11\n|\n|t:|1781420130\n|move|p1a: Raikou|Thunderbolt|p2a: Volcarona\n|-damage|p2a: Volcarona|0 fnt\n|faint|p2a: Volcarona\n|\n|-heal|p1a: Raikou|56/278|[from] item: Leftovers\n|upkeep\n|\n|t:|1781420140\n|switch|p2a: Beartic|Beartic, L91, F|321/321\n|turn|12\n|\n|t:|1781420149\n|move|p2a: Beartic|Aqua Jet|p1a: Raikou\n|-damage|p1a: Raikou|0 fnt\n|faint|p1a: Raikou\n|\n|upkeep\n|\n|t:|1781420163\n|switch|p1a: Kyurem|Kyurem, L77|319/319\n|-ability|p1a: Kyurem|Pressure\n|turn|13\n|\n|t:|1781420171\n|switch|p2a: Dachsbun|Dachsbun, L92, M|254/254\n|move|p1a: Kyurem|Earth Power|p2a: Dachsbun\n|-damage|p2a: Dachsbun|155/254\n|\n|-heal|p2a: Dachsbun|170/254|[from] item: Leftovers\n|upkeep\n|turn|14\n|\n|t:|1781420180\n|switch|p1a: Illumise|Illumise, L91, F|266/266\n|move|p2a: Dachsbun|Play Rough|p1a: Illumise|[miss]\n|-miss|p2a: Dachsbun|p1a: Illumise\n|\n|-heal|p2a: Dachsbun|185/254|[from] item: Leftovers\n|upkeep\n|turn|15\n|\n|t:|1781420189\n|switch|p2a: Regirock|Regirock, L83|268/268\n|move|p1a: Illumise|Thunder Wave|p2a: Regirock\n|-status|p2a: Regirock|par\n|\n|upkeep\n|turn|16\n|\n|t:|1781420196\n|switch|p1a: Krookodile|Krookodile, L79, M|280/280\n|-ability|p1a: Krookodile|Intimidate|boost\n|-fail|p2a: Regirock|unboost|[from] ability: Clear Body|[of] p2a: Regirock\n|move|p2a: Regirock|Stone Edge|p1a: Krookodile\n|-resisted|p1a: Krookodile\n|-damage|p1a: Krookodile|220/280\n|\n|upkeep\n|turn|17\n|\n|t:|1781420208\n|move|p1a: Krookodile|Earthquake|p2a: Regirock\n|-supereffective|p2a: Regirock\n|-damage|p2a: Regirock|164/268 par\n|cant|p2a: Regirock|par\n|\n|-heal|p2a: Regirock|180/268 par|[from] item: Leftovers\n|upkeep\n|turn|18\n|\n|t:|1781420222\n|switch|p1a: Vikavolt|Vikavolt, L83, M|263/263\n|move|p2a: Regirock|Body Press|p1a: Vikavolt\n|-resisted|p1a: Vikavolt\n|-damage|p1a: Vikavolt|214/263\n|\n|-heal|p2a: Regirock|196/268 par|[from] item: Leftovers\n|upkeep\n|turn|19\n|\n|t:|1781420230\n|move|p1a: Vikavolt|Sticky Web|p2a: Regirock\n|-sidestart|p2: bobforte22|move: Sticky Web\n|move|p2a: Regirock|Stone Edge|p1a: Vikavolt\n|-supereffective|p1a: Vikavolt\n|-damage|p1a: Vikavolt|0 fnt\n|faint|p1a: Vikavolt\n|\n|-heal|p2a: Regirock|212/268 par|[from] item: Leftovers\n|upkeep\n|\n|t:|1781420239\n|switch|p1a: Kyurem|Kyurem, L77|319/319\n|-ability|p1a: Kyurem|Pressure\n|turn|20\n|\n|t:|1781420243\n|move|p1a: Kyurem|Earth Power|p2a: Regirock\n|-supereffective|p2a: Regirock\n|-damage|p2a: Regirock|38/268 par\n|move|p2a: Regirock|Body Press|p1a: Kyurem\n|-supereffective|p1a: Kyurem\n|-damage|p1a: Kyurem|101/319\n|\n|-heal|p2a: Regirock|54/268 par|[from] item: Leftovers\n|upkeep\n|turn|21\n|\n|t:|1781420248\n|move|p1a: Kyurem|Earth Power|p2a: Regirock\n|-supereffective|p2a: Regirock\n|-damage|p2a: Regirock|0 fnt\n|faint|p2a: Regirock\n|\n|upkeep\n|\n|t:|1781420255\n|switch|p2a: Beartic|Beartic, L91, F|321/321\n|-activate|p2a: Beartic|move: Sticky Web\n|-unboost|p2a: Beartic|spe|1\n|turn|22\n|\n|t:|1781420263\n|switch|p1a: Illumise|Illumise, L91, F|266/266\n|move|p2a: Beartic|Close Combat|p1a: Illumise\n|-resisted|p1a: Illumise\n|-damage|p1a: Illumise|166/266\n|-unboost|p2a: Beartic|def|1\n|-unboost|p2a: Beartic|spd|1\n|\n|upkeep\n|turn|23\n|\n|t:|1781420273\n|switch|p2a: Dachsbun|Dachsbun, L92, M|185/254\n|-activate|p2a: Dachsbun|move: Sticky Web\n|-unboost|p2a: Dachsbun|spe|1\n|move|p1a: Illumise|Roost|p1a: Illumise\n|-heal|p1a: Illumise|266/266\n|-singleturn|p1a: Illumise|move: Roost\n|\n|-heal|p2a: Dachsbun|200/254|[from] item: Leftovers\n|upkeep\n|turn|24\n|\n|t:|1781420283\n|move|p1a: Illumise|Thunder Wave|p2a: Dachsbun\n|-status|p2a: Dachsbun|par\n|move|p2a: Dachsbun|Wish|p2a: Dachsbun\n|\n|-heal|p2a: Dachsbun|215/254 par|[from] item: Leftovers\n|upkeep\n|turn|25\n|\n|t:|1781420293\n|move|p1a: Illumise|Encore|p2a: Dachsbun\n|-start|p2a: Dachsbun|Encore\n|move|p2a: Dachsbun|Wish||[still]\n|-fail|p2a: Dachsbun\n|\n|-heal|p2a: Dachsbun|254/254 par|[from] move: Wish|[wisher] Dachsbun\n|upkeep\n|turn|26\n|\n|t:|1781420302\n|move|p1a: Illumise|Bug Buzz|p2a: Dachsbun\n|-resisted|p2a: Dachsbun\n|-damage|p2a: Dachsbun|211/254 par\n|move|p2a: Dachsbun|Wish|p2a: Dachsbun\n|\n|-heal|p2a: Dachsbun|226/254 par|[from] item: Leftovers\n|upkeep\n|turn|27\n|\n|t:|1781420314\n|switch|p1a: Krookodile|Krookodile, L79, M|220/280\n|-ability|p1a: Krookodile|Intimidate|boost\n|-unboost|p2a: Dachsbun|atk|1\n|switch|p2a: Grafaiai|Grafaiai, L86, M|249/249\n|-activate|p2a: Grafaiai|move: Sticky Web\n|-unboost|p2a: Grafaiai|spe|1\n|\n|upkeep\n|turn|28\n|\n|t:|1781420325\n|move|p1a: Krookodile|Earthquake|p2a: Grafaiai\n|-supereffective|p2a: Grafaiai\n|-damage|p2a: Grafaiai|0 fnt\n|faint|p2a: Grafaiai\n|\n|upkeep\n|\n|t:|1781420328\n|switch|p2a: Beartic|Beartic, L91, F|321/321\n|-activate|p2a: Beartic|move: Sticky Web\n|-unboost|p2a: Beartic|spe|1\n|turn|29\n|\n|t:|1781420336\n|switch|p1a: Kyurem|Kyurem, L77|101/319\n|-ability|p1a: Kyurem|Pressure\n|move|p2a: Beartic|Icicle Crash|p1a: Kyurem\n|-damage|p1a: Kyurem|0 fnt\n|faint|p1a: Kyurem\n|\n|upkeep\n|\n|t:|1781420345\n|switch|p1a: Illumise|Illumise, L91, F|266/266\n|turn|30\n|\n|t:|1781420360\n|-terastallize|p2a: Beartic|Ground\n|move|p1a: Illumise|Bug Buzz|p2a: Beartic\n|-damage|p2a: Beartic|227/321\n|move|p2a: Beartic|Icicle Crash|p1a: Illumise|[miss]\n|-miss|p2a: Beartic|p1a: Illumise\n|\n|upkeep\n|turn|31\n|\n|t:|1781420368\n|move|p1a: Illumise|Bug Buzz|p2a: Beartic\n|-damage|p2a: Beartic|130/321\n|move|p2a: Beartic|Icicle Crash|p1a: Illumise|[miss]\n|-miss|p2a: Beartic|p1a: Illumise\n|\n|upkeep\n|turn|32\n|\n|t:|1781420374\n|move|p1a: Illumise|Bug Buzz|p2a: Beartic\n|-damage|p2a: Beartic|46/321\n|-unboost|p2a: Beartic|spd|1\n|move|p2a: Beartic|Icicle Crash|p1a: Illumise\n|-damage|p1a: Illumise|49/266\n|\n|upkeep\n|turn|33\n|\n|t:|1781420378\n|switch|p2a: Dachsbun|Dachsbun, L92, M|226/254 par\n|-activate|p2a: Dachsbun|move: Sticky Web\n|-unboost|p2a: Dachsbun|spe|1\n|move|p1a: Illumise|Bug Buzz|p2a: Dachsbun\n|-resisted|p2a: Dachsbun\n|-damage|p2a: Dachsbun|184/254 par\n|\n|-heal|p2a: Dachsbun|199/254 par|[from] item: Leftovers\n|upkeep\n|turn|34\n|\n|t:|1781420389\n|move|p1a: Illumise|Roost|p1a: Illumise\n|-heal|p1a: Illumise|182/266\n|-singleturn|p1a: Illumise|move: Roost\n|move|p2a: Dachsbun|Wish|p2a: Dachsbun\n|\n|-heal|p2a: Dachsbun|214/254 par|[from] item: Leftovers\n|upkeep\n|turn|35\n|\n|t:|1781420397\n|switch|p2a: Beartic|Beartic, L91, F, tera:Ground|46/321\n|-activate|p2a: Beartic|move: Sticky Web\n|-unboost|p2a: Beartic|spe|1\n|move|p1a: Illumise|Encore||[still]\n|-fail|p1a: Illumise\n|\n|-heal|p2a: Beartic|173/321|[from] move: Wish|[wisher] Dachsbun\n|upkeep\n|turn|36\n|\n|t:|1781420400\n|move|p1a: Illumise|Bug Buzz|p2a: Beartic\n|-damage|p2a: Beartic|79/321\n|move|p2a: Beartic|Icicle Crash|p1a: Illumise\n|-damage|p1a: Illumise|0 fnt\n|faint|p1a: Illumise\n|\n|upkeep\n|\n|t:|1781420403\n|switch|p1a: Krookodile|Krookodile, L79, M|220/280\n|-ability|p1a: Krookodile|Intimidate|boost\n|-unboost|p2a: Beartic|atk|1\n|turn|37\n|inactive|FirdasPd has 120 seconds left.\n|\n|t:|1781420439\n|-terastallize|p1a: Krookodile|Poison\n|move|p1a: Krookodile|Gunk Shot|p2a: Beartic\n|-resisted|p2a: Beartic\n|-damage|p2a: Beartic|13/321\n|move|p2a: Beartic|Icicle Crash|p1a: Krookodile\n|-crit|p1a: Krookodile\n|-damage|p1a: Krookodile|0 fnt\n|faint|p1a: Krookodile\n|\n|win|bobforte22\n|raw|FirdasPd's rating: 1459 &rarr; <strong>1437</strong><br />(-22 for losing)\n|raw|bobforte22's rating: 1428 &rarr; <strong>1450</strong><br />(+22 for winning)\n|l|\u2606FirdasPd\n|player|p1|\n", "inputlog": ">version a8376a258c1d4662feba110a92103f3664a72141\n>start {\"formatid\":\"gen9randombattle\",\"seed\":\"sodium,31e2c1413bb67aba1d71b2addabd39da\",\"rated\":\"Rated battle\"}\n>player p1 {\"name\":\"FirdasPd\",\"avatar\":\"102\",\"rating\":1459,\"seed\":\"sodium,08f8e194393c1202fe1fa72c552b5f46\"}\n>player p2 {\"name\":\"bobforte22\",\"avatar\":\"102\",\"rating\":1428,\"seed\":\"sodium,862ee29a03ad87b1feeeb0bbc6c1ae53\"}\n>p1 switch 3\n>p2 move playrough\n>p1 move irondefense\n>p2 switch 6\n>p1 move thunderwave\n>p2 move fierydance\n>p1 move bodypress\n>p2 switch 2\n>p1 move bodypress\n>p2 move hydropump\n>p2 switch 5\n>p1 move bodypress\n>p2 move closecombat\n>p1 switch 6\n>p1 move bugbuzz\n>p2 switch 2\n>p1 switch 4\n>p2 move fierydance\n>p1 move calmmind\n>p2 move fierydance\n>p1 move scald\n>p2 move bugbuzz\n>p1 move thunderbolt\n>p2 move morningsun\n>p2 switch 2\n>p1 move thunderbolt\n>p2 move aquajet\n>p1 switch 3\n>p1 move earthpower\n>p2 switch 6\n>p1 switch 4\n>p2 move playrough\n>p1 move thunderwave\n>p2 switch 3\n>p1 switch 2\n>p2 move stoneedge\n>p1 move earthquake\n>p2 move bodypress\n>p1 switch 5\n>p2 move bodypress\n>p1 move stickyweb\n>p2 move stoneedge\n>p1 switch 4\n>p1 move earthpower\n>p2 move bodypress\n>p1 move earthpower\n>p2 move thunderwave\n>p2 switch 6\n>p1 switch 2\n>p2 move closecombat\n>p1 move roost\n>p2 switch 3\n>p1 move thunderwave\n>p2 move wish\n>p1 move encore\n>p2 move playrough\n>p1 move bugbuzz\n>p2 move wish\n>p1 switch 5\n>p2 switch 4\n>p1 move earthquake\n>p2 move lowkick\n>p2 switch 3\n>p1 switch 2\n>p2 move iciclecrash\n>p1 switch 5\n>p1 move bugbuzz\n>p2 move iciclecrash terastallize\n>p1 move bugbuzz\n>p2 move iciclecrash\n>p1 move bugbuzz\n>p2 move iciclecrash\n>p1 move bugbuzz\n>p2 switch 4\n>p1 move roost\n>p2 move wish\n>p1 move encore\n>p2 switch 4\n>p1 move bugbuzz\n>p2 move iciclecrash\n>p1 switch 2\n>p1 move gunkshot terastallize\n>p2 move iciclecrash", "uploadtime": 1781420446, "views": 9, "formatid": "gen9randombattle", "rating": 1437, "private": 0, "password": null}