{"id": "gen9randombattle-2631519383", "format": "[Gen 9] Random Battle", "players": ["lizzypark", "DaMoistAvocado"], "log": "|j|\u2606lizzypark\n|j|\u2606DaMoistAvocado\n|t:|1781395716\n|gametype|singles\n|player|p1|lizzypark|doctor|1910\n|player|p2|DaMoistAvocado|steven|1929\n|gen|9\n|tier|[Gen 9] Random Battle\n|rated|\n|rule|Species Clause: Limit one of each Pok\u00e9mon\n|rule|HP Percentage Mod: HP is shown in percentages\n|rule|Sleep Clause Mod: Limit one foe put to sleep\n|rule|Illusion Level Mod: Illusion disguises the Pok\u00e9mon's true level\n|\n|t:|1781395716\n|teamsize|p1|6\n|teamsize|p2|6\n|start\n|switch|p1a: Arcanine|Arcanine, L84, M|288/288\n|switch|p2a: Vespiquen|Vespiquen, L99, F|299/299\n|-ability|p1a: Arcanine|Intimidate|boost\n|-unboost|p2a: Vespiquen|atk|1\n|-ability|p2a: Vespiquen|Pressure\n|turn|1\n|inactive|Battle timer is ON: inactive players will automatically lose when time's up. (requested by lizzypark)\n|\n|t:|1781395735\n|switch|p2a: Qwilfish|Qwilfish, L86, M|252/252\n|-ability|p2a: Qwilfish|Intimidate|boost\n|-unboost|p1a: Arcanine|atk|1\n|move|p1a: Arcanine|Flare Blitz|p2a: Qwilfish\n|-resisted|p2a: Qwilfish\n|-damage|p2a: Qwilfish|201/252\n|-damage|p1a: Arcanine|271/288|[from] Recoil\n|\n|-heal|p2a: Qwilfish|216/252|[from] item: Leftovers\n|upkeep\n|turn|2\n|\n|t:|1781395749\n|switch|p1a: Oinkologne|Oinkologne-F, L92, F|361/361\n|move|p2a: Qwilfish|Spikes|p1a: Oinkologne\n|-sidestart|p1: lizzypark|Spikes\n|\n|-heal|p2a: Qwilfish|231/252|[from] item: Leftovers\n|upkeep\n|turn|3\n|\n|t:|1781395754\n|move|p2a: Qwilfish|Taunt|p1a: Oinkologne\n|-start|p1a: Oinkologne|move: Taunt\n|cant|p1a: Oinkologne|move: Taunt|Curse\n|\n|-heal|p2a: Qwilfish|246/252|[from] item: Leftovers\n|upkeep\n|turn|4\n|\n|t:|1781395762\n|move|p2a: Qwilfish|Gunk Shot|p1a: Oinkologne|[miss]\n|-miss|p2a: Qwilfish|p1a: Oinkologne\n|move|p1a: Oinkologne|Body Slam|p2a: Qwilfish\n|-damage|p2a: Qwilfish|144/252\n|\n|-heal|p2a: Qwilfish|159/252|[from] item: Leftovers\n|upkeep\n|turn|5\n|\n|t:|1781395768\n|move|p2a: Qwilfish|Gunk Shot|p1a: Oinkologne|[miss]\n|-miss|p2a: Qwilfish|p1a: Oinkologne\n|move|p1a: Oinkologne|Body Slam|p2a: Qwilfish\n|-damage|p2a: Qwilfish|66/252\n|\n|-heal|p2a: Qwilfish|81/252|[from] item: Leftovers\n|-end|p1a: Oinkologne|move: Taunt\n|upkeep\n|turn|6\n|\n|t:|1781395772\n|move|p2a: Qwilfish|Gunk Shot|p1a: Oinkologne\n|-damage|p1a: Oinkologne|214/361\n|-status|p1a: Oinkologne|psn\n|move|p1a: Oinkologne|Body Slam|p2a: Qwilfish\n|-damage|p2a: Qwilfish|0 fnt\n|faint|p2a: Qwilfish\n|\n|-heal|p1a: Oinkologne|236/361 psn|[from] item: Leftovers\n|-damage|p1a: Oinkologne|191/361 psn|[from] psn\n|upkeep\n|\n|t:|1781395775\n|switch|p2a: Koraidon|Koraidon, L64|235/235\n|-weather|SunnyDay|[from] ability: Orichalcum Pulse|[of] p2a: Koraidon\n|-activate|p2a: Koraidon|Orichalcum Pulse|[source]\n|turn|7\n|\n|t:|1781395782\n|switch|p1a: Pelipper|Pelipper, L86, F|243/243\n|-weather|RainDance|[from] ability: Drizzle|[of] p1a: Pelipper\n|move|p2a: Koraidon|Close Combat|p1a: Pelipper\n|-resisted|p1a: Pelipper\n|-damage|p1a: Pelipper|175/243\n|-unboost|p2a: Koraidon|def|1\n|-unboost|p2a: Koraidon|spd|1\n|\n|-weather|RainDance|[upkeep]\n|upkeep\n|turn|8\n|l|\u2606lizzypark\n|inactive|lizzypark disconnected and has a minute to reconnect!\n|player|p1|\n|j|\u2606lizzypark\n|inactive|lizzypark reconnected and has 120 seconds left.\n|player|p1|lizzypark|doctor|\n|\n|t:|1781395816\n|switch|p2a: Oranguru|Oranguru, L92, F|315/315\n|move|p1a: Pelipper|Hurricane|p2a: Oranguru\n|-damage|p2a: Oranguru|218/315\n|\n|-weather|RainDance|[upkeep]\n|upkeep\n|turn|9\n|inactive|lizzypark has 120 seconds left.\n|\n|t:|1781395842\n|move|p2a: Oranguru|Hyper Voice|p1a: Pelipper\n|-damage|p1a: Pelipper|0 fnt\n|faint|p1a: Pelipper\n|\n|-weather|RainDance|[upkeep]\n|upkeep\n|inactive|lizzypark has 120 seconds left.\n|\n|t:|1781395857\n|switch|p1a: Mew|Mew, L82|298/298\n|-damage|p1a: Mew|261/298|[from] Spikes\n|turn|10\n|inactive|DaMoistAvocado has 120 seconds left.\n|\n|t:|1781395889\n|move|p1a: Mew|Knock Off|p2a: Oranguru\n|-supereffective|p2a: Oranguru\n|-damage|p2a: Oranguru|88/315\n|-enditem|p2a: Oranguru|Choice Specs|[from] move: Knock Off|[of] p1a: Mew\n|move|p2a: Oranguru|Hyper Voice|p1a: Mew\n|-damage|p1a: Mew|153/298\n|\n|-weather|RainDance|[upkeep]\n|-heal|p1a: Mew|171/298|[from] item: Leftovers\n|upkeep\n|turn|11\n|inactive|lizzypark has 120 seconds left.\n|\n|t:|1781395911\n|switch|p2a: Lucario|Lucario, L84, F|255/255\n|move|p1a: Mew|Knock Off|p2a: Lucario\n|-resisted|p2a: Lucario\n|-damage|p2a: Lucario|216/255\n|-ability|p2a: Lucario|Justified|boost\n|-boost|p2a: Lucario|atk|1\n|-enditem|p2a: Lucario|Life Orb|[from] move: Knock Off|[of] p1a: Mew\n|\n|-weather|none\n|-heal|p1a: Mew|189/298|[from] item: Leftovers\n|upkeep\n|turn|12\n|inactive|lizzypark has 120 seconds left.\n|inactive|DaMoistAvocado has 120 seconds left.\n|\n|t:|1781395932\n|move|p1a: Mew|Psychic Noise|p2a: Lucario\n|-damage|p2a: Lucario|126/255\n|-start|p2a: Lucario|move: Heal Block\n|move|p2a: Lucario|Close Combat|p1a: Mew\n|-resisted|p1a: Mew\n|-damage|p1a: Mew|96/298\n|-unboost|p2a: Lucario|def|1\n|-unboost|p2a: Lucario|spd|1\n|\n|-heal|p1a: Mew|114/298|[from] item: Leftovers\n|upkeep\n|turn|13\n|\n|t:|1781395940\n|move|p2a: Lucario|Extreme Speed|p1a: Mew\n|-damage|p1a: Mew|24/298\n|move|p1a: Mew|Will-O-Wisp|p2a: Lucario\n|-status|p2a: Lucario|brn\n|\n|-heal|p1a: Mew|42/298|[from] item: Leftovers\n|-damage|p2a: Lucario|111/255 brn|[from] brn\n|-end|p2a: Lucario|move: Heal Block\n|upkeep\n|turn|14\n|\n|t:|1781395944\n|switch|p1a: Arcanine|Arcanine, L84, M|271/288\n|-ability|p1a: Arcanine|Intimidate|boost\n|-unboost|p2a: Lucario|atk|1\n|move|p2a: Lucario|Extreme Speed|p1a: Arcanine\n|-damage|p1a: Arcanine|239/288\n|\n|-damage|p2a: Lucario|96/255 brn|[from] brn\n|upkeep\n|turn|15\n|\n|t:|1781395950\n|switch|p1a: Oinkologne|Oinkologne-F, L92, F|191/361 psn\n|-damage|p1a: Oinkologne|146/361 psn|[from] Spikes\n|move|p2a: Lucario|Close Combat|p1a: Oinkologne\n|-supereffective|p1a: Oinkologne\n|-damage|p1a: Oinkologne|4/361 psn\n|-unboost|p2a: Lucario|def|1\n|-unboost|p2a: Lucario|spd|1\n|\n|-heal|p1a: Oinkologne|26/361 psn|[from] item: Leftovers\n|-damage|p1a: Oinkologne|0 fnt|[from] psn\n|faint|p1a: Oinkologne\n|-damage|p2a: Lucario|81/255 brn|[from] brn\n|upkeep\n|\n|t:|1781395956\n|switch|p1a: Regidrago|Regidrago, L77|435/435\n|-damage|p1a: Regidrago|381/435|[from] Spikes\n|turn|16\n|\n|t:|1781395962\n|move|p2a: Lucario|Extreme Speed|p1a: Regidrago\n|-damage|p1a: Regidrago|330/435\n|move|p1a: Regidrago|Dragon Dance|p1a: Regidrago\n|-boost|p1a: Regidrago|atk|1\n|-boost|p1a: Regidrago|spe|1\n|\n|-damage|p2a: Lucario|66/255 brn|[from] brn\n|upkeep\n|turn|17\n|\n|t:|1781395967\n|move|p1a: Regidrago|Dragon Dance|p1a: Regidrago\n|-boost|p1a: Regidrago|atk|1\n|-boost|p1a: Regidrago|spe|1\n|move|p2a: Lucario|Close Combat|p1a: Regidrago\n|-damage|p1a: Regidrago|216/435\n|-unboost|p2a: Lucario|def|1\n|-unboost|p2a: Lucario|spd|1\n|\n|-damage|p2a: Lucario|51/255 brn|[from] brn\n|upkeep\n|turn|18\n|\n|t:|1781395982\n|move|p2a: Lucario|Extreme Speed|p1a: Regidrago\n|-damage|p1a: Regidrago|163/435\n|move|p1a: Regidrago|Earthquake|p2a: Lucario\n|-supereffective|p2a: Lucario\n|-crit|p2a: Lucario\n|-damage|p2a: Lucario|0 fnt\n|faint|p2a: Lucario\n|\n|upkeep\n|\n|t:|1781395992\n|switch|p2a: Vespiquen|Vespiquen, L99, F|299/299\n|-ability|p2a: Vespiquen|Pressure\n|turn|19\n|\n|t:|1781395998\n|-terastallize|p1a: Regidrago|Dragon\n|-terastallize|p2a: Vespiquen|Steel\n|move|p1a: Regidrago|Outrage|p2a: Vespiquen\n|-resisted|p2a: Vespiquen\n|-damage|p2a: Vespiquen|133/299\n|move|p2a: Vespiquen|Hurricane|p1a: Regidrago|[miss]\n|-miss|p2a: Vespiquen|p1a: Regidrago\n|\n|upkeep\n|turn|20\n|\n|t:|1781396008\n|move|p1a: Regidrago|Outrage|p2a: Vespiquen|[from] lockedmove\n|-resisted|p2a: Vespiquen\n|-damage|p2a: Vespiquen|0 fnt\n|faint|p2a: Vespiquen\n|-start|p1a: Regidrago|confusion|[fatigue]\n|-enditem|p1a: Regidrago|Lum Berry|[eat]\n|-end|p1a: Regidrago|confusion\n|\n|upkeep\n|\n|t:|1781396015\n|switch|p2a: Oranguru|Oranguru, L92, F|88/315\n|turn|21\n|\n|t:|1781396022\n|move|p1a: Regidrago|Earthquake|p2a: Oranguru\n|-damage|p2a: Oranguru|0 fnt\n|faint|p2a: Oranguru\n|\n|upkeep\n|\n|t:|1781396024\n|switch|p2a: Venusaur|Venusaur, L84, F|272/272\n|turn|22\n|\n|t:|1781396034\n|move|p1a: Regidrago|Outrage|p2a: Venusaur\n|-damage|p2a: Venusaur|0 fnt\n|faint|p2a: Venusaur\n|\n|upkeep\n|\n|t:|1781396038\n|switch|p2a: Koraidon|Koraidon, L64|235/235\n|-weather|SunnyDay|[from] ability: Orichalcum Pulse|[of] p2a: Koraidon\n|-activate|p2a: Koraidon|Orichalcum Pulse|[source]\n|turn|23\n|\n|t:|1781396042\n|move|p1a: Regidrago|Outrage|p2a: Koraidon|[from] lockedmove\n|-supereffective|p2a: Koraidon\n|-damage|p2a: Koraidon|0 fnt\n|faint|p2a: Koraidon\n|\n|win|lizzypark\n", "uploadtime": 1781395717, "views": 3, "formatid": "gen9randombattle", "rating": null, "private": 0, "password": null}