{"id": "gen9randombattle-2631972983", "format": "[Gen 9] Random Battle", "players": ["Okidoyuuki", "Puppebaerbel2"], "log": "|j|\u2606Okidoyuuki\n|j|\u2606Puppebaerbel2\n|t:|1781461516\n|gametype|singles\n|player|p1|Okidoyuuki|2|1978\n|player|p2|Puppebaerbel2|265|1964\n|gen|9\n|tier|[Gen 9] Random Battle\n|rated|\n|rule|Species Clause: Limit one of each Pok\u00e9mon\n|rule|HP Percentage Mod: HP is shown in percentages\n|rule|Sleep Clause Mod: Limit one foe put to sleep\n|rule|Illusion Level Mod: Illusion disguises the Pok\u00e9mon's true level\n|\n|t:|1781461516\n|teamsize|p1|6\n|teamsize|p2|6\n|start\n|switch|p1a: Dewgong|Dewgong, L94, F|322/322\n|switch|p2a: Braviary|Braviary-Hisui, L85, M|326/326\n|turn|1\n|\n|t:|1781461525\n|switch|p2a: Forretress|Forretress, L84, F|263/263\n|move|p1a: Dewgong|Knock Off|p2a: Forretress\n|-damage|p2a: Forretress|219/263\n|-enditem|p2a: Forretress|Leftovers|[from] move: Knock Off|[of] p1a: Dewgong\n|\n|upkeep\n|turn|2\n|\n|t:|1781461536\n|move|p1a: Dewgong|Surf|p2a: Forretress\n|-damage|p2a: Forretress|96/263\n|move|p2a: Forretress|Stealth Rock|p1a: Dewgong\n|-sidestart|p1: Okidoyuuki|move: Stealth Rock\n|\n|upkeep\n|turn|3\n|\n|t:|1781461556\n|switch|p2a: Feraligatr|Feraligatr, L79, F|264/264\n|move|p1a: Dewgong|Surf|p2a: Feraligatr\n|-resisted|p2a: Feraligatr\n|-damage|p2a: Feraligatr|208/264\n|\n|upkeep\n|turn|4\n|\n|t:|1781461569\n|move|p1a: Dewgong|Knock Off|p2a: Feraligatr\n|-crit|p2a: Feraligatr\n|-damage|p2a: Feraligatr|106/264\n|-enditem|p2a: Feraligatr|Life Orb|[from] move: Knock Off|[of] p1a: Dewgong\n|move|p2a: Feraligatr|Dragon Dance|p2a: Feraligatr\n|-boost|p2a: Feraligatr|atk|1\n|-boost|p2a: Feraligatr|spe|1\n|\n|upkeep\n|turn|5\n|\n|t:|1781461578\n|switch|p1a: Trevenant|Trevenant, L89, F|296/296\n|-damage|p1a: Trevenant|259/296|[from] Stealth Rock\n|move|p2a: Feraligatr|Crunch|p1a: Trevenant\n|-supereffective|p1a: Trevenant\n|-damage|p1a: Trevenant|49/296\n|\n|upkeep\n|turn|6\n|\n|t:|1781461587\n|move|p2a: Feraligatr|Crunch|p1a: Trevenant\n|-supereffective|p1a: Trevenant\n|-damage|p1a: Trevenant|0 fnt\n|faint|p1a: Trevenant\n|\n|upkeep\n|\n|t:|1781461591\n|switch|p1a: Mimikyu|Mimikyu, L79, F|216/216\n|-damage|p1a: Mimikyu|189/216|[from] Stealth Rock\n|turn|7\n|\n|t:|1781461600\n|move|p2a: Feraligatr|Crunch|p1a: Mimikyu\n|-activate|p1a: Mimikyu|ability: Disguise\n|-damage|p1a: Mimikyu|189/216\n|detailschange|p1a: Mimikyu|Mimikyu-Busted, L79, F\n|-damage|p1a: Mimikyu|162/216|[from] pokemon: Mimikyu-Busted\n|move|p1a: Mimikyu|Swords Dance|p1a: Mimikyu\n|-boost|p1a: Mimikyu|atk|2\n|\n|upkeep\n|turn|8\n|\n|t:|1781461609\n|-terastallize|p1a: Mimikyu|Ghost\n|move|p1a: Mimikyu|Shadow Sneak|p2a: Feraligatr\n|-damage|p2a: Feraligatr|0 fnt\n|faint|p2a: Feraligatr\n|-damage|p1a: Mimikyu|141/216|[from] item: Life Orb\n|\n|upkeep\n|\n|t:|1781461619\n|switch|p2a: Persian|Persian, L92, F|269/269\n|turn|9\n|\n|t:|1781461628\n|switch|p1a: Araquanid|Araquanid, L82, M|246/246\n|move|p2a: Persian|Knock Off|p1a: Araquanid\n|-damage|p1a: Araquanid|151/246\n|-enditem|p1a: Araquanid|Heavy-Duty Boots|[from] move: Knock Off|[of] p2a: Persian\n|\n|upkeep\n|turn|10\n|\n|t:|1781461642\n|switch|p2a: Pikachu|Pikachu-Hoenn, L93, M|216/216\n|move|p1a: Araquanid|Sticky Web|p2a: Pikachu\n|-sidestart|p2: Puppebaerbel2|move: Sticky Web\n|\n|upkeep\n|turn|11\n|\n|t:|1781461648\n|move|p2a: Pikachu|Volt Switch|p1a: Araquanid\n|-supereffective|p1a: Araquanid\n|-damage|p1a: Araquanid|0 fnt\n|faint|p1a: Araquanid\n|\n|t:|1781461656\n|switch|p2a: Braviary|Braviary-Hisui, L85, M|326/326|[from] Volt Switch\n|\n|upkeep\n|\n|t:|1781461662\n|switch|p1a: Dewgong|Dewgong, L94, F|322/322\n|-damage|p1a: Dewgong|242/322|[from] Stealth Rock\n|turn|12\n|\n|t:|1781461666\n|move|p1a: Dewgong|Triple Axel|p2a: Braviary\n|-supereffective|p2a: Braviary\n|-damage|p2a: Braviary|272/326\n|-supereffective|p2a: Braviary\n|-damage|p2a: Braviary|164/326\n|-supereffective|p2a: Braviary\n|-damage|p2a: Braviary|20/326\n|-hitcount|p2a: Braviary|3\n|move|p2a: Braviary|Defog|p1a: Dewgong\n|-unboost|p1a: Dewgong|evasion|1\n|-sideend|p1: Okidoyuuki|Stealth Rock|[from] move: Defog|[of] p2a: Braviary\n|-sideend|p2: Puppebaerbel2|Sticky Web|[from] move: Defog|[of] p2a: Braviary\n|\n|upkeep\n|turn|13\n|\n|t:|1781461678\n|move|p1a: Dewgong|Knock Off|p2a: Braviary\n|-supereffective|p2a: Braviary\n|-damage|p2a: Braviary|0 fnt\n|-enditem|p2a: Braviary|Heavy-Duty Boots|[from] move: Knock Off|[of] p1a: Dewgong\n|faint|p2a: Braviary\n|\n|upkeep\n|\n|t:|1781461685\n|switch|p2a: Pikachu|Pikachu-Hoenn, L93, M|216/216\n|turn|14\n|\n|t:|1781461704\n|switch|p1a: Mimikyu|Mimikyu-Busted, L79, F, tera:Ghost|141/216\n|move|p2a: Pikachu|Volt Tackle|p1a: Mimikyu\n|-damage|p1a: Mimikyu|0 fnt\n|faint|p1a: Mimikyu\n|-damage|p2a: Pikachu|169/216|[from] Recoil\n|\n|upkeep\n|\n|t:|1781461712\n|switch|p1a: Revavroom|Revavroom, L79, F|256/256\n|turn|15\n|\n|t:|1781461722\n|move|p2a: Pikachu|Surf|p1a: Revavroom\n|-damage|p1a: Revavroom|130/256\n|move|p1a: Revavroom|Shift Gear|p1a: Revavroom\n|-boost|p1a: Revavroom|spe|2\n|-boost|p1a: Revavroom|atk|1\n|\n|upkeep\n|turn|16\n|\n|t:|1781461728\n|switch|p2a: Forretress|Forretress, L84, F|96/263\n|move|p1a: Revavroom|High Horsepower|p2a: Forretress\n|-damage|p2a: Forretress|9/263\n|-damage|p1a: Revavroom|105/256|[from] item: Life Orb\n|\n|upkeep\n|turn|17\n|\n|t:|1781461739\n|move|p1a: Revavroom|Iron Head|p2a: Forretress\n|-resisted|p2a: Forretress\n|-damage|p2a: Forretress|0 fnt\n|faint|p2a: Forretress\n|-damage|p1a: Revavroom|80/256|[from] item: Life Orb\n|\n|upkeep\n|\n|t:|1781461744\n|switch|p2a: Pikachu|Pikachu-Hoenn, L93, M|169/216\n|turn|18\n|\n|t:|1781461748\n|move|p2a: Pikachu|Fake Out|p1a: Revavroom\n|-resisted|p1a: Revavroom\n|-damage|p1a: Revavroom|58/256\n|cant|p1a: Revavroom|flinch\n|\n|upkeep\n|turn|19\n|\n|t:|1781461757\n|switch|p2a: Persian|Persian, L92, F|269/269\n|move|p1a: Revavroom|Gunk Shot|p2a: Persian\n|-damage|p2a: Persian|0 fnt\n|faint|p2a: Persian\n|-damage|p1a: Revavroom|33/256|[from] item: Life Orb\n|\n|upkeep\n|\n|t:|1781461767\n|switch|p2a: Cinderace|Cinderace, L77, F|249/249\n|turn|20\n|\n|t:|1781461775\n|move|p1a: Revavroom|Gunk Shot|p2a: Cinderace\n|-damage|p2a: Cinderace|0 fnt\n|faint|p2a: Cinderace\n|-damage|p1a: Revavroom|8/256|[from] item: Life Orb\n|\n|upkeep\n|\n|t:|1781461779\n|switch|p2a: Pikachu|Pikachu-Hoenn, L93, M|169/216\n|turn|21\n|\n|t:|1781461783\n|move|p2a: Pikachu|Fake Out|p1a: Revavroom\n|-resisted|p1a: Revavroom\n|-damage|p1a: Revavroom|0 fnt\n|faint|p1a: Revavroom\n|\n|upkeep\n|\n|t:|1781461787\n|switch|p1a: Indeedee|Indeedee-F, L90, F|272/272\n|-fieldstart|move: Psychic Terrain|[from] ability: Psychic Surge|[of] p1a: Indeedee\n|turn|22\n|\n|t:|1781461800\n|move|p2a: Pikachu|Volt Tackle|p1a: Indeedee\n|-damage|p1a: Indeedee|22/272\n|-damage|p2a: Pikachu|86/216|[from] Recoil\n|move|p1a: Indeedee|Psychic|p2a: Pikachu\n|-damage|p2a: Pikachu|0 fnt\n|faint|p2a: Pikachu\n|-damage|p1a: Indeedee|0 fnt|[from] item: Life Orb\n|faint|p1a: Indeedee\n|\n|win|Okidoyuuki\n", "inputlog": ">version a8376a258c1d4662feba110a92103f3664a72141\n>start {\"formatid\":\"gen9randombattle\",\"seed\":\"sodium,fd2930a13a4fbff91d2cbfe146844cc9\",\"rated\":\"Rated battle\"}\n>player p1 {\"name\":\"Okidoyuuki\",\"avatar\":\"2\",\"rating\":1978,\"seed\":\"sodium,88e86b03c788a120b71f25692ee80851\"}\n>player p2 {\"name\":\"Puppebaerbel2\",\"avatar\":\"265\",\"rating\":1964,\"seed\":\"sodium,e6fef0731ec93e77bc33c9472c83ff4e\"}\n>p1 move knockoff\n>p2 switch 5\n>p1 move surf\n>p2 move stealthrock\n>p1 move surf\n>p2 switch 4\n>p1 move knockoff\n>p2 move dragondance\n>p1 switch 3\n>p2 move crunch\n>p1 move hornleech\n>p2 move crunch\n>p1 switch 6\n>p1 move swordsdance\n>p2 move crunch\n>p1 move shadowsneak terastallize\n>p2 move liquidation\n>p2 switch 6\n>p1 switch 2\n>p2 move knockoff\n>p1 move stickyweb\n>p2 switch 3\n>p1 move liquidation\n>p2 move voltswitch\n>p2 switch 5\n>p1 switch 3\n>p1 move tripleaxel\n>p2 move defog\n>p1 move knockoff\n>p2 move esperwing\n>p2 switch 5\n>p1 switch 2\n>p2 move volttackle\n>p1 switch 5\n>p1 move shiftgear\n>p2 move surf\n>p1 move highhorsepower\n>p2 switch 4\n>p1 move ironhead\n>p2 move bodypress\n>p2 switch 4\n>p1 move gunkshot\n>p2 move fakeout\n>p1 move gunkshot\n>p2 switch 3\n>p2 switch 2\n>p1 move gunkshot\n>p2 move pyroball\n>p2 switch 3\n>p1 move gunkshot\n>p2 move fakeout\n>p1 switch 4\n>p1 move psychic\n>p2 move volttackle", "uploadtime": 1781461517, "views": 9, "formatid": "gen9randombattle", "rating": null, "private": 0, "password": null}