{"id": "gen9randombattle-2631693870", "format": "[Gen 9] Random Battle", "players": ["thenegativetwo", "secondchx"], "log": "|j|\u2606thenegativetwo\n|j|\u2606secondchx\n|t:|1781423158\n|gametype|singles\n|player|p1|thenegativetwo|depotagent|1681\n|player|p2|secondchx|169|1699\n|gen|9\n|tier|[Gen 9] Random Battle\n|rated|\n|rule|Species Clause: Limit one of each Pok\u00e9mon\n|rule|HP Percentage Mod: HP is shown in percentages\n|rule|Sleep Clause Mod: Limit one foe put to sleep\n|rule|Illusion Level Mod: Illusion disguises the Pok\u00e9mon's true level\n|\n|t:|1781423158\n|teamsize|p1|6\n|teamsize|p2|6\n|start\n|switch|p1a: Pecharunt|Pecharunt, L77|262/262\n|switch|p2a: Heatran|Heatran, L79, F|273/273\n|-item|p2a: Heatran|Air Balloon\n|turn|1\n|\n|t:|1781423179\n|move|p1a: Pecharunt|Shadow Ball|p2a: Heatran\n|-damage|p2a: Heatran|212/273\n|-unboost|p2a: Heatran|spd|1\n|-enditem|p2a: Heatran|Air Balloon\n|move|p2a: Heatran|Magma Storm|p1a: Pecharunt\n|-damage|p1a: Pecharunt|130/262\n|-activate|p1a: Pecharunt|move: Magma Storm|[of] p2a: Heatran\n|\n|-damage|p1a: Pecharunt|98/262|[from] move: Magma Storm|[partiallytrapped]\n|upkeep\n|turn|2\n|\n|t:|1781423191\n|move|p1a: Pecharunt|Parting Shot|p2a: Heatran\n|-unboost|p2a: Heatran|atk|1\n|-unboost|p2a: Heatran|spa|1\n|\n|t:|1781423194\n|switch|p1a: Komala|Komala, L88, M|258/258|[from] Parting Shot\n|-ability|p1a: Komala|Comatose\n|move|p2a: Heatran|Stealth Rock|p1a: Komala\n|-sidestart|p1: thenegativetwo|move: Stealth Rock\n|\n|upkeep\n|turn|3\n|\n|t:|1781423208\n|switch|p2a: Gholdengo|Gholdengo, L77|261/261\n|move|p1a: Komala|Earthquake|p2a: Gholdengo\n|-supereffective|p2a: Gholdengo\n|-damage|p2a: Gholdengo|81/261\n|\n|-heal|p2a: Gholdengo|97/261|[from] item: Leftovers\n|upkeep\n|turn|4\n|\n|t:|1781423228\n|move|p2a: Gholdengo|Focus Blast|p1a: Komala\n|-supereffective|p1a: Komala\n|-damage|p1a: Komala|142/258\n|move|p1a: Komala|Earthquake|p2a: Gholdengo\n|-supereffective|p2a: Gholdengo\n|-damage|p2a: Gholdengo|0 fnt\n|faint|p2a: Gholdengo\n|\n|upkeep\n|\n|t:|1781423245\n|switch|p2a: Veluza|Veluza, L85, F|292/292\n|turn|5\n|\n|t:|1781423253\n|move|p2a: Veluza|Aqua Cutter|p1a: Komala\n|-crit|p1a: Komala\n|-damage|p1a: Komala|0 fnt\n|faint|p1a: Komala\n|\n|upkeep\n|\n|t:|1781423267\n|switch|p1a: Pecharunt|Pecharunt, L77|98/262\n|-damage|p1a: Pecharunt|66/262|[from] Stealth Rock\n|turn|6\n|\n|t:|1781423274\n|switch|p2a: Blissey|Blissey, L85, F|572/572\n|move|p1a: Pecharunt|Recover|p1a: Pecharunt\n|-heal|p1a: Pecharunt|197/262\n|\n|upkeep\n|turn|7\n|\n|t:|1781423285\n|move|p1a: Pecharunt|Malignant Chain|p2a: Blissey\n|-crit|p2a: Blissey\n|-damage|p2a: Blissey|481/572\n|-status|p2a: Blissey|tox\n|-start|p2a: Blissey|confusion|[from] ability: Poison Puppeteer|[of] p1a: Pecharunt\n|-activate|p2a: Blissey|confusion\n|move|p2a: Blissey|Thunder Wave|p1a: Pecharunt\n|-status|p1a: Pecharunt|par\n|\n|-heal|p2a: Blissey|516/572 tox|[from] item: Leftovers\n|-damage|p2a: Blissey|481/572 tox|[from] psn\n|upkeep\n|turn|8\n|\n|t:|1781423300\n|-curestatus|p2a: Blissey|tox|[from] ability: Natural Cure|[silent]\n|switch|p2a: Heatran|Heatran, L79, F|212/273\n|switch|p1a: Dugtrio|Dugtrio-Alola, L84, F|196/196\n|-damage|p1a: Dugtrio|190/196|[from] Stealth Rock\n|\n|upkeep\n|turn|9\n|\n|t:|1781423314\n|-terastallize|p2a: Heatran|Flying\n|move|p1a: Dugtrio|Earthquake|p2a: Heatran\n|-immune|p2a: Heatran\n|move|p2a: Heatran|Magma Storm|p1a: Dugtrio\n|-supereffective|p1a: Dugtrio\n|-damage|p1a: Dugtrio|0 fnt\n|faint|p1a: Dugtrio\n|\n|upkeep\n|\n|t:|1781423331\n|switch|p1a: Grimmsnarl|Grimmsnarl, L83, M|293/293\n|-damage|p1a: Grimmsnarl|257/293|[from] Stealth Rock\n|turn|10\n|inactive|Battle timer is ON: inactive players will automatically lose when time's up. (requested by thenegativetwo)\n|\n|t:|1781423348\n|switch|p2a: Blissey|Blissey, L85, F|481/572\n|move|p1a: Grimmsnarl|Spirit Break|p2a: Blissey\n|-damage|p2a: Blissey|208/572\n|-unboost|p2a: Blissey|spa|1\n|\n|-heal|p1a: Grimmsnarl|275/293|[from] item: Leftovers\n|-heal|p2a: Blissey|243/572|[from] item: Leftovers\n|upkeep\n|turn|11\n|inactive|secondchx has 120 seconds left.\n|\n|t:|1781423381\n|switch|p2a: Rabsca|Rabsca, L91, M|284/284\n|move|p1a: Grimmsnarl|Spirit Break|p2a: Rabsca\n|-damage|p2a: Rabsca|196/284\n|-unboost|p2a: Rabsca|spa|1\n|\n|-heal|p1a: Grimmsnarl|293/293|[from] item: Leftovers\n|upkeep\n|turn|12\n|inactive|secondchx has 120 seconds left.\n|\n|t:|1781423392\n|move|p1a: Grimmsnarl|Taunt|p2a: Rabsca\n|-start|p2a: Rabsca|move: Taunt\n|cant|p2a: Rabsca|move: Taunt|Revival Blessing\n|\n|upkeep\n|turn|13\n|\n|t:|1781423397\n|move|p1a: Grimmsnarl|Sucker Punch|p2a: Rabsca\n|-supereffective|p2a: Rabsca\n|-damage|p2a: Rabsca|16/284\n|move|p2a: Rabsca|Bug Buzz|p1a: Grimmsnarl\n|-damage|p1a: Grimmsnarl|188/293\n|-unboost|p1a: Grimmsnarl|spd|1\n|\n|-heal|p1a: Grimmsnarl|206/293|[from] item: Leftovers\n|upkeep\n|turn|14\n|inactive|secondchx has 120 seconds left.\n|\n|t:|1781423415\n|switch|p2a: Dragalge|Dragalge, L88, F|258/258\n|move|p1a: Grimmsnarl|Spirit Break|p2a: Dragalge\n|-damage|p2a: Dragalge|168/258\n|-unboost|p2a: Dragalge|spa|1\n|\n|-heal|p1a: Grimmsnarl|224/293|[from] item: Leftovers\n|upkeep\n|turn|15\n|inactive|secondchx has 120 seconds left.\n|\n|t:|1781423427\n|move|p1a: Grimmsnarl|Parting Shot|p2a: Dragalge\n|-unboost|p2a: Dragalge|atk|1\n|-unboost|p2a: Dragalge|spa|1\n|\n|t:|1781423431\n|switch|p1a: Slowbro|Slowbro-Galar, L87, F|307/307|[from] Parting Shot\n|-damage|p1a: Slowbro|269/307|[from] Stealth Rock\n|move|p2a: Dragalge|Sludge Wave|p1a: Slowbro\n|-resisted|p1a: Slowbro\n|-damage|p1a: Slowbro|228/307\n|\n|upkeep\n|turn|16\n|inactive|secondchx has 120 seconds left.\n|\n|t:|1781423447\n|switch|p2a: Rabsca|Rabsca, L91, M|16/284\n|move|p1a: Slowbro|Psychic|p2a: Rabsca\n|-resisted|p2a: Rabsca\n|-damage|p2a: Rabsca|0 fnt\n|faint|p2a: Rabsca\n|\n|upkeep\n|inactive|secondchx has 120 seconds left.\n|\n|t:|1781423466\n|switch|p2a: Heatran|Heatran, L79, F, tera:Flying|212/273\n|turn|17\n|\n|t:|1781423472\n|move|p2a: Heatran|Magma Storm|p1a: Slowbro\n|-damage|p1a: Slowbro|96/307\n|-activate|p1a: Slowbro|move: Magma Storm|[of] p2a: Heatran\n|move|p1a: Slowbro|Thunder Wave|p2a: Heatran\n|-status|p2a: Heatran|par\n|\n|-damage|p1a: Slowbro|58/307|[from] move: Magma Storm|[partiallytrapped]\n|upkeep\n|turn|18\n|\n|t:|1781423490\n|move|p1a: Slowbro|Shell Side Arm|p2a: Heatran|[anim] Shell Side Arm Physical\n|-damage|p2a: Heatran|109/273 par\n|-hint|Physical Shell Side Arm\n|cant|p2a: Heatran|par\n|\n|-damage|p1a: Slowbro|20/307|[from] move: Magma Storm|[partiallytrapped]\n|upkeep\n|turn|19\n|\n|t:|1781423501\n|move|p1a: Slowbro|Slack Off|p1a: Slowbro\n|-heal|p1a: Slowbro|174/307\n|cant|p2a: Heatran|par\n|\n|-damage|p1a: Slowbro|136/307|[from] move: Magma Storm|[partiallytrapped]\n|upkeep\n|turn|20\n|\n|t:|1781423509\n|move|p1a: Slowbro|Slack Off|p1a: Slowbro\n|-heal|p1a: Slowbro|290/307\n|cant|p2a: Heatran|par\n|\n|-damage|p1a: Slowbro|252/307|[from] move: Magma Storm|[partiallytrapped]\n|upkeep\n|turn|21\n|\n|t:|1781423516\n|move|p1a: Slowbro|Shell Side Arm|p2a: Heatran|[anim] Shell Side Arm Physical\n|-damage|p2a: Heatran|6/273 par\n|-hint|Physical Shell Side Arm\n|cant|p2a: Heatran|par\n|\n|-end|p1a: Slowbro|Magma Storm|[partiallytrapped]\n|upkeep\n|turn|22\n|\n|t:|1781423524\n|move|p1a: Slowbro|Shell Side Arm|p2a: Heatran|[anim] Shell Side Arm Special\n|-damage|p2a: Heatran|0 fnt\n|-hint|Special Shell Side Arm\n|faint|p2a: Heatran\n|\n|upkeep\n|\n|t:|1781423531\n|switch|p2a: Veluza|Veluza, L85, F|292/292\n|turn|23\n|\n|t:|1781423535\n|move|p2a: Veluza|Fillet Away|p2a: Veluza\n|-boost|p2a: Veluza|atk|2\n|-boost|p2a: Veluza|spa|2\n|-boost|p2a: Veluza|spe|2\n|-damage|p2a: Veluza|146/292\n|-enditem|p2a: Veluza|Sitrus Berry|[eat]\n|-heal|p2a: Veluza|219/292|[from] item: Sitrus Berry\n|move|p1a: Slowbro|Thunder Wave|p2a: Veluza\n|-status|p2a: Veluza|par\n|\n|upkeep\n|turn|24\n|\n|t:|1781423547\n|move|p2a: Veluza|Night Slash|p1a: Slowbro\n|-supereffective|p1a: Slowbro\n|-damage|p1a: Slowbro|0 fnt\n|-damage|p2a: Veluza|171/292 par|[from] item: Rocky Helmet|[of] p1a: Slowbro\n|faint|p1a: Slowbro\n|\n|upkeep\n|\n|t:|1781423553\n|switch|p1a: Pecharunt|Pecharunt, L77|197/262 par\n|-damage|p1a: Pecharunt|165/262 par|[from] Stealth Rock\n|turn|25\n|\n|t:|1781423558\n|move|p2a: Veluza|Night Slash|p1a: Pecharunt\n|-supereffective|p1a: Pecharunt\n|-damage|p1a: Pecharunt|0 fnt\n|-damage|p2a: Veluza|123/292 par|[from] item: Rocky Helmet|[of] p1a: Pecharunt\n|faint|p1a: Pecharunt\n|\n|upkeep\n|\n|t:|1781423564\n|switch|p1a: Grimmsnarl|Grimmsnarl, L83, M|224/293\n|-damage|p1a: Grimmsnarl|188/293|[from] Stealth Rock\n|turn|26\n|\n|t:|1781423571\n|switch|p2a: Dragalge|Dragalge, L88, F|168/258\n|move|p1a: Grimmsnarl|Sucker Punch||[still]\n|-fail|p1a: Grimmsnarl\n|\n|-heal|p1a: Grimmsnarl|206/293|[from] item: Leftovers\n|upkeep\n|turn|27\n|\n|t:|1781423582\n|move|p1a: Grimmsnarl|Taunt|p2a: Dragalge\n|-start|p2a: Dragalge|move: Taunt\n|move|p2a: Dragalge|Sludge Wave|p1a: Grimmsnarl\n|-supereffective|p1a: Grimmsnarl\n|-damage|p1a: Grimmsnarl|0 fnt\n|faint|p1a: Grimmsnarl\n|\n|upkeep\n|\n|t:|1781423589\n|switch|p1a: Mew|Mew, L82|298/298\n|-damage|p1a: Mew|261/298|[from] Stealth Rock\n|turn|28\n|\n|t:|1781423596\n|move|p1a: Mew|Swords Dance|p1a: Mew\n|-boost|p1a: Mew|atk|2\n|move|p2a: Dragalge|Sludge Wave|p1a: Mew\n|-damage|p1a: Mew|127/298\n|\n|upkeep\n|turn|29\n|\n|t:|1781423602\n|move|p1a: Mew|Psychic Fangs|p2a: Dragalge\n|-supereffective|p2a: Dragalge\n|-damage|p2a: Dragalge|0 fnt\n|faint|p2a: Dragalge\n|-damage|p1a: Mew|98/298|[from] item: Life Orb\n|\n|upkeep\n|\n|t:|1781423618\n|switch|p2a: Veluza|Veluza, L85, F|123/292 par\n|turn|30\n|\n|t:|1781423622\n|move|p1a: Mew|Leech Life|p2a: Veluza\n|-supereffective|p2a: Veluza\n|-damage|p2a: Veluza|0 fnt\n|-heal|p1a: Mew|160/298|[from] drain|[of] p2a: Veluza\n|faint|p2a: Veluza\n|-damage|p1a: Mew|131/298|[from] item: Life Orb\n|\n|upkeep\n|c|\u2606secondchx|fuckyoumother\n|-message|secondchx forfeited.\n|\n|win|thenegativetwo\n", "inputlog": ">version a8376a258c1d4662feba110a92103f3664a72141\n>start {\"formatid\":\"gen9randombattle\",\"seed\":\"sodium,47ece1dafefbc2223bc47c7dc12354ec\",\"rated\":\"Rated battle\"}\n>player p1 {\"name\":\"thenegativetwo\",\"avatar\":\"depotagent\",\"rating\":1681,\"seed\":\"sodium,88d05c1439bc327e3da5be20503c9088\"}\n>player p2 {\"name\":\"secondchx\",\"avatar\":\"169\",\"rating\":1699,\"seed\":\"sodium,028a1a507c5894a695b59b62c8c89609\"}\n>p1 move shadowball\n>p2 move magmastorm\n>p1 move partingshot\n>p2 move stealthrock\n>p1 switch 6\n>p1 move earthquake\n>p2 switch 4\n>p1 move earthquake\n>p2 move focusblast\n>p2 switch 2\n>p1 move knockoff\n>p2 move aquacutter\n>p1 switch 6\n>p1 move recover\n>p2 switch 3\n>p1 move malignantchain\n>p2 move thunderwave\n>p1 switch 3\n>p2 switch 4\n>p1 move earthquake\n>p2 move magmastorm terastallize\n>p1 switch 5\n>p1 move spiritbreak\n>p2 switch 4\n>p1 move spiritbreak\n>p2 switch 6\n>p1 move taunt\n>p2 move revivalblessing\n>p1 move suckerpunch\n>p2 move bugbuzz\n>p1 move spiritbreak\n>p2 switch 5\n>p1 move partingshot\n>p2 move sludgewave\n>p1 switch 2\n>p1 move psychic\n>p2 switch 5\n>p2 switch 4\n>p1 move thunderwave\n>p2 move magmastorm\n>p1 move shellsidearm\n>p2 move earthpower\n>p1 move slackoff\n>p2 move earthpower\n>p1 move slackoff\n>p2 move earthpower\n>p1 move shellsidearm\n>p2 move earthpower\n>p1 move shellsidearm\n>p2 move magmastorm\n>p2 switch 3\n>p1 move thunderwave\n>p2 move filletaway\n>p1 move shellsidearm\n>p2 move nightslash\n>p1 switch 3\n>p1 move shadowball\n>p2 move nightslash\n>p1 switch 2\n>p1 move suckerpunch\n>p2 switch 5\n>p1 move taunt\n>p2 move sludgewave\n>p1 switch 4\n>p1 move swordsdance\n>p2 move sludgewave\n>p1 move psychicfangs\n>p2 move dracometeor\n>p2 switch 5\n>p1 move leechlife\n>p2 move aquacutter\n>chat \u2606secondchx|fuckyoumother\n>forcelose p2", "uploadtime": 1781423644, "views": 8, "formatid": "gen9randombattle", "rating": null, "private": 0, "password": null}