{"id": "gen9randombattle-2631950314", "format": "[Gen 9] Random Battle", "players": ["grabschaender", "Drop a nickname"], "log": "|j|\u2606grabschaender\n|j|\u2606Drop a nickname\n|t:|1781459051\n|gametype|singles\n|player|p1|grabschaender|candice|2218\n|player|p2|Drop a nickname|1|2265\n|gen|9\n|tier|[Gen 9] Random Battle\n|rated|\n|rule|Species Clause: Limit one of each Pok\u00e9mon\n|rule|HP Percentage Mod: HP is shown in percentages\n|rule|Sleep Clause Mod: Limit one foe put to sleep\n|rule|Illusion Level Mod: Illusion disguises the Pok\u00e9mon's true level\n|\n|t:|1781459051\n|teamsize|p1|6\n|teamsize|p2|6\n|start\n|switch|p1a: Cacturne|Cacturne, L92, M|278/278\n|switch|p2a: Infernape|Infernape, L82, F|259/259\n|turn|1\n|\n|t:|1781459059\n|switch|p1a: Granbull|Granbull, L88, M|302/302\n|-ability|p1a: Granbull|Intimidate|boost\n|-unboost|p2a: Infernape|atk|1\n|move|p2a: Infernape|Flare Blitz|p1a: Granbull\n|-damage|p1a: Granbull|160/302\n|-damage|p2a: Infernape|212/259|[from] Recoil\n|\n|-heal|p1a: Granbull|178/302|[from] item: Leftovers\n|upkeep\n|turn|2\n|\n|t:|1781459064\n|move|p2a: Infernape|Flare Blitz|p1a: Granbull\n|-damage|p1a: Granbull|40/302\n|-damage|p2a: Infernape|166/259|[from] Recoil\n|move|p1a: Granbull|Thunder Wave|p2a: Infernape\n|-status|p2a: Infernape|par\n|\n|-heal|p1a: Granbull|58/302|[from] item: Leftovers\n|upkeep\n|turn|3\n|inactive|Battle timer is ON: inactive players will automatically lose when time's up. (requested by Drop a nickname)\n|\n|t:|1781459066\n|move|p1a: Granbull|Earthquake|p2a: Infernape\n|-supereffective|p2a: Infernape\n|-damage|p2a: Infernape|0 fnt\n|faint|p2a: Infernape\n|\n|-heal|p1a: Granbull|76/302|[from] item: Leftovers\n|upkeep\n|\n|t:|1781459068\n|switch|p2a: Grumpig|Grumpig, L92, F|297/297\n|turn|4\n|\n|t:|1781459075\n|switch|p1a: Cacturne|Cacturne, L92, M|278/278\n|move|p2a: Grumpig|Psyshock|p1a: Cacturne\n|-immune|p1a: Cacturne\n|\n|upkeep\n|turn|5\n|\n|t:|1781459080\n|switch|p2a: Florges|Florges-Blue, L85, F|271/271\n|move|p1a: Cacturne|Spikes|p2a: Florges\n|-sidestart|p2: Drop a nickname|Spikes\n|\n|upkeep\n|turn|6\n|\n|t:|1781459086\n|switch|p1a: Magcargo|Magcargo, L95, M|268/268\n|move|p2a: Florges|Moonblast|p1a: Magcargo\n|-resisted|p1a: Magcargo\n|-damage|p1a: Magcargo|210/268\n|\n|upkeep\n|turn|7\n|\n|t:|1781459089\n|move|p2a: Florges|Moonblast|p1a: Magcargo\n|-resisted|p1a: Magcargo\n|-damage|p1a: Magcargo|155/268\n|-unboost|p1a: Magcargo|spa|1\n|move|p1a: Magcargo|Shell Smash|p1a: Magcargo\n|-unboost|p1a: Magcargo|def|1\n|-unboost|p1a: Magcargo|spd|1\n|-boost|p1a: Magcargo|atk|2\n|-boost|p1a: Magcargo|spa|2\n|-boost|p1a: Magcargo|spe|2\n|\n|upkeep\n|turn|8\n|\n|t:|1781459093\n|move|p1a: Magcargo|Fire Blast|p2a: Florges\n|-damage|p2a: Florges|139/271\n|move|p2a: Florges|Calm Mind|p2a: Florges\n|-boost|p2a: Florges|spa|1\n|-boost|p2a: Florges|spd|1\n|\n|-heal|p2a: Florges|155/271|[from] item: Leftovers\n|upkeep\n|turn|9\n|\n|t:|1781459099\n|move|p1a: Magcargo|Fire Blast|p2a: Florges\n|-damage|p2a: Florges|67/271\n|move|p2a: Florges|Wish|p2a: Florges\n|\n|-heal|p2a: Florges|83/271|[from] item: Leftovers\n|upkeep\n|turn|10\n|\n|t:|1781459107\n|switch|p1a: Whimsicott|Whimsicott, L84, M|238/238\n|move|p2a: Florges|Calm Mind|p2a: Florges\n|-boost|p2a: Florges|spa|1\n|-boost|p2a: Florges|spd|1\n|\n|-heal|p2a: Florges|218/271|[from] move: Wish|[wisher] Florges\n|-heal|p2a: Florges|234/271|[from] item: Leftovers\n|upkeep\n|turn|11\n|\n|t:|1781459109\n|move|p1a: Whimsicott|Encore|p2a: Florges\n|-start|p2a: Florges|Encore\n|move|p2a: Florges|Calm Mind|p2a: Florges\n|-boost|p2a: Florges|spa|1\n|-boost|p2a: Florges|spd|1\n|\n|-heal|p2a: Florges|250/271|[from] item: Leftovers\n|upkeep\n|turn|12\n|\n|t:|1781459112\n|switch|p2a: Tropius|Tropius, L91, M|328/328\n|move|p1a: Whimsicott|Leech Seed|p2a: Tropius\n|-immune|p2a: Tropius\n|\n|upkeep\n|turn|13\n|\n|t:|1781459117\n|switch|p1a: Tyranitar|Tyranitar, L78, M|284/284\n|-weather|Sandstorm|[from] ability: Sand Stream|[of] p1a: Tyranitar\n|move|p2a: Tropius|Dragon Dance|p2a: Tropius\n|-boost|p2a: Tropius|atk|1\n|-boost|p2a: Tropius|spe|1\n|\n|-weather|Sandstorm|[upkeep]\n|-damage|p2a: Tropius|308/328|[from] Sandstorm\n|upkeep\n|turn|14\n|\n|t:|1781459129\n|-terastallize|p2a: Tropius|Ground\n|move|p2a: Tropius|Dragon Dance|p2a: Tropius\n|-boost|p2a: Tropius|atk|1\n|-boost|p2a: Tropius|spe|1\n|move|p1a: Tyranitar|Thunder Wave|p2a: Tropius\n|-immune|p2a: Tropius\n|\n|-weather|Sandstorm|[upkeep]\n|upkeep\n|turn|15\n|\n|t:|1781459136\n|move|p2a: Tropius|Earthquake|p1a: Tyranitar\n|-supereffective|p1a: Tyranitar\n|-damage|p1a: Tyranitar|0 fnt\n|faint|p1a: Tyranitar\n|\n|-weather|Sandstorm|[upkeep]\n|upkeep\n|\n|t:|1781459139\n|switch|p1a: Granbull|Granbull, L88, M|76/302\n|-ability|p1a: Granbull|Intimidate|boost\n|-unboost|p2a: Tropius|atk|1\n|turn|16\n|\n|t:|1781459142\n|move|p2a: Tropius|Dual Wingbeat|p1a: Granbull\n|-damage|p1a: Granbull|9/302\n|-damage|p1a: Granbull|0 fnt\n|faint|p1a: Granbull\n|-hitcount|p1: Granbull|2\n|\n|-weather|Sandstorm|[upkeep]\n|upkeep\n|\n|t:|1781459150\n|switch|p1a: Cacturne|Cacturne, L92, M|278/278\n|turn|17\n|\n|t:|1781459153\n|move|p2a: Tropius|Dual Wingbeat|p1a: Cacturne\n|-supereffective|p1a: Cacturne\n|-damage|p1a: Cacturne|126/278\n|-supereffective|p1a: Cacturne\n|-crit|p1a: Cacturne\n|-damage|p1a: Cacturne|0 fnt\n|faint|p1a: Cacturne\n|-hitcount|p1: Cacturne|2\n|\n|-weather|none\n|upkeep\n|-message|grabschaender forfeited.\n|\n|win|Drop a nickname\n", "inputlog": ">version a8376a258c1d4662feba110a92103f3664a72141\n>start {\"formatid\":\"gen9randombattle\",\"seed\":\"sodium,a12df1fa2e48ffd3378c9faf33d74a83\",\"rated\":\"Rated battle\"}\n>player p1 {\"name\":\"grabschaender\",\"avatar\":\"candice\",\"rating\":2218,\"seed\":\"sodium,6a468a97dc92830670ccbf7b84b48ad4\"}\n>player p2 {\"name\":\"Drop a nickname\",\"avatar\":\"1\",\"rating\":2265,\"seed\":\"sodium,beb14307cacb1bedce3f0149f2d9b8f1\"}\n>p1 switch 5\n>p2 move flareblitz\n>p1 move thunderwave\n>p2 move flareblitz\n>p1 move earthquake\n>p2 move flareblitz\n>p2 switch 3\n>p1 switch 5\n>p2 move psyshock\n>p1 move spikes\n>p2 switch 6\n>p1 switch 3\n>p2 move moonblast\n>p1 move shellsmash\n>p2 move moonblast\n>p1 move fireblast\n>p2 move calmmind\n>p1 move fireblast\n>p2 move wish\n>p1 switch 2\n>p2 move calmmind\n>p1 move encore\n>p2 move moonblast\n>p1 move leechseed\n>p2 switch 5\n>p1 switch 4\n>p2 move dragondance\n>p1 move thunderwave\n>p2 move dragondance terastallize\n>p1 move knockoff\n>p2 move earthquake\n>p1 switch 5\n>p1 move roar\n>p2 move dualwingbeat\n>p1 switch 3\n>p1 move leafstorm\n>p2 move dualwingbeat\n>forcelose p1", "uploadtime": 1781459054, "views": 5, "formatid": "gen9randombattle", "rating": null, "private": 0, "password": null}