{"id": "gen9randombattle-2631902160", "format": "[Gen 9] Random Battle", "players": ["Circz", "junghoking"], "log": "|j|\u2606Circz\n|j|\u2606junghoking\n|t:|1781453778\n|gametype|singles\n|player|p1|Circz|dawn|1940\n|player|p2|junghoking|nate|1941\n|gen|9\n|tier|[Gen 9] Random Battle\n|rated|\n|rule|Species Clause: Limit one of each Pok\u00e9mon\n|rule|HP Percentage Mod: HP is shown in percentages\n|rule|Sleep Clause Mod: Limit one foe put to sleep\n|rule|Illusion Level Mod: Illusion disguises the Pok\u00e9mon's true level\n|\n|t:|1781453778\n|teamsize|p1|6\n|teamsize|p2|6\n|start\n|switch|p1a: Mabosstiff|Mabosstiff, L86, M|278/278\n|switch|p2a: Abomasnow|Abomasnow, L84, F|287/287\n|-weather|Snowscape|[from] ability: Snow Warning|[of] p2a: Abomasnow\n|turn|1\n|inactive|Battle timer is ON: inactive players will automatically lose when time's up. (requested by Circz)\n|\n|t:|1781453789\n|switch|p1a: Groudon|Groudon, L72|263/263\n|-weather|SunnyDay|[from] ability: Drought|[of] p1a: Groudon\n|move|p2a: Abomasnow|Aurora Veil||[still]\n|-fail|p2a: Abomasnow\n|\n|-weather|SunnyDay|[upkeep]\n|upkeep\n|turn|2\n|\n|t:|1781453810\n|switch|p2a: Oranguru|Oranguru, L92, M|315/315\n|move|p1a: Groudon|Heat Crash|p2a: Oranguru\n|-damage|p2a: Oranguru|180/315\n|\n|-weather|SunnyDay|[upkeep]\n|upkeep\n|turn|3\n|\n|t:|1781453828\n|switch|p1a: Mabosstiff|Mabosstiff, L86, M|278/278\n|move|p2a: Oranguru|Hyper Voice|p1a: Mabosstiff\n|-damage|p1a: Mabosstiff|83/278\n|\n|-weather|SunnyDay|[upkeep]\n|upkeep\n|turn|4\n|\n|t:|1781453836\n|move|p1a: Mabosstiff|Crunch|p2a: Oranguru\n|-supereffective|p2a: Oranguru\n|-damage|p2a: Oranguru|0 fnt\n|faint|p2a: Oranguru\n|\n|-weather|SunnyDay|[upkeep]\n|upkeep\n|\n|t:|1781453845\n|switch|p2a: Iron Valiant|Iron Valiant, L78|244/244\n|turn|5\n|\n|t:|1781453858\n|switch|p1a: Salazzle|Salazzle, L83, F|249/249\n|move|p2a: Iron Valiant|Moonblast|p1a: Salazzle\n|-resisted|p1a: Salazzle\n|-damage|p1a: Salazzle|205/249\n|-unboost|p1a: Salazzle|spa|1\n|-damage|p2a: Iron Valiant|220/244|[from] item: Life Orb\n|\n|-weather|none\n|upkeep\n|turn|6\n|\n|t:|1781453866\n|move|p1a: Salazzle|Sludge Wave|p2a: Iron Valiant\n|-supereffective|p2a: Iron Valiant\n|-damage|p2a: Iron Valiant|4/244\n|move|p2a: Iron Valiant|Knock Off|p1a: Salazzle\n|-damage|p1a: Salazzle|82/249\n|-enditem|p1a: Salazzle|Heavy-Duty Boots|[from] move: Knock Off|[of] p2a: Iron Valiant\n|-damage|p2a: Iron Valiant|0 fnt|[from] item: Life Orb\n|faint|p2a: Iron Valiant\n|-end|p2a: Iron Valiant|Quark Drive|[silent]\n|\n|upkeep\n|\n|t:|1781453874\n|switch|p2a: Raichu|Raichu, L88, F|249/249\n|turn|7\n|\n|t:|1781453879\n|switch|p1a: Mabosstiff|Mabosstiff, L86, M|83/278\n|move|p2a: Raichu|Volt Switch|p1a: Mabosstiff\n|-damage|p1a: Mabosstiff|0 fnt\n|faint|p1a: Mabosstiff\n|\n|t:|1781453884\n|switch|p2a: Raikou|Raikou, L81|278/278|[from] Volt Switch\n|-ability|p2a: Raikou|Pressure\n|\n|upkeep\n|\n|t:|1781453898\n|switch|p1a: Groudon|Groudon, L72|263/263\n|-weather|SunnyDay|[from] ability: Drought|[of] p1a: Groudon\n|turn|8\n|\n|t:|1781453904\n|switch|p2a: Abomasnow|Abomasnow, L84, F|287/287\n|-weather|Snowscape|[from] ability: Snow Warning|[of] p2a: Abomasnow\n|move|p1a: Groudon|Precipice Blades|p2a: Abomasnow\n|-resisted|p2a: Abomasnow\n|-damage|p2a: Abomasnow|241/287\n|\n|-weather|Snowscape|[upkeep]\n|upkeep\n|turn|9\n|\n|t:|1781453909\n|move|p1a: Groudon|Heat Crash|p2a: Abomasnow\n|-supereffective|p2a: Abomasnow\n|-damage|p2a: Abomasnow|0 fnt\n|faint|p2a: Abomasnow\n|\n|-weather|Snowscape|[upkeep]\n|upkeep\n|\n|t:|1781453915\n|switch|p2a: Venomoth|Venomoth, L84, M|255/255\n|turn|10\n|\n|t:|1781453926\n|move|p2a: Venomoth|Sleep Powder|p1a: Groudon\n|-status|p1a: Groudon|slp|[from] move: Sleep Powder\n|cant|p1a: Groudon|slp\n|\n|-weather|Snowscape|[upkeep]\n|upkeep\n|turn|11\n|\n|t:|1781453930\n|move|p2a: Venomoth|Quiver Dance|p2a: Venomoth\n|-boost|p2a: Venomoth|spa|1\n|-boost|p2a: Venomoth|spd|1\n|-boost|p2a: Venomoth|spe|1\n|cant|p1a: Groudon|slp\n|\n|-weather|Snowscape|[upkeep]\n|upkeep\n|turn|12\n|\n|t:|1781453941\n|-terastallize|p1a: Groudon|Fire\n|move|p2a: Venomoth|Bug Buzz|p1a: Groudon\n|-resisted|p1a: Groudon\n|-damage|p1a: Groudon|123/263 slp\n|-curestatus|p1a: Groudon|slp|[msg]\n|move|p1a: Groudon|Heat Crash|p2a: Venomoth\n|-supereffective|p2a: Venomoth\n|-crit|p2a: Venomoth\n|-damage|p2a: Venomoth|0 fnt\n|faint|p2a: Venomoth\n|\n|-weather|none\n|-heal|p1a: Groudon|139/263|[from] item: Leftovers\n|upkeep\n|\n|t:|1781453947\n|switch|p2a: Raikou|Raikou, L81|278/278\n|-ability|p2a: Raikou|Pressure\n|turn|13\n|\n|t:|1781453951\n|move|p2a: Raikou|Scald|p1a: Groudon\n|-supereffective|p1a: Groudon\n|-damage|p1a: Groudon|0 fnt\n|faint|p1a: Groudon\n|\n|upkeep\n|\n|t:|1781453954\n|switch|p1a: Salazzle|Salazzle, L83, F|82/249\n|turn|14\n|\n|t:|1781453958\n|move|p1a: Salazzle|Fire Blast|p2a: Raikou\n|-damage|p2a: Raikou|151/278\n|move|p2a: Raikou|Thunderbolt|p1a: Salazzle\n|-damage|p1a: Salazzle|0 fnt\n|faint|p1a: Salazzle\n|\n|-heal|p2a: Raikou|168/278|[from] item: Leftovers\n|upkeep\n|\n|t:|1781453967\n|switch|p1a: Ribombee|Ribombee, L83, F|235/235\n|turn|15\n|\n|t:|1781453976\n|move|p1a: Ribombee|Moonblast|p2a: Raikou\n|-damage|p2a: Raikou|81/278\n|move|p2a: Raikou|Calm Mind|p2a: Raikou\n|-boost|p2a: Raikou|spa|1\n|-boost|p2a: Raikou|spd|1\n|\n|-heal|p2a: Raikou|98/278|[from] item: Leftovers\n|upkeep\n|turn|16\n|\n|t:|1781453982\n|move|p1a: Ribombee|Moonblast|p2a: Raikou\n|-damage|p2a: Raikou|32/278\n|-unboost|p2a: Raikou|spa|1\n|move|p2a: Raikou|Thunderbolt|p1a: Ribombee\n|-damage|p1a: Ribombee|115/235\n|\n|-heal|p2a: Raikou|49/278|[from] item: Leftovers\n|upkeep\n|turn|17\n|\n|t:|1781453990\n|move|p1a: Ribombee|Moonblast|p2a: Raikou\n|-damage|p2a: Raikou|0 fnt\n|faint|p2a: Raikou\n|\n|upkeep\n|\n|t:|1781453991\n|switch|p2a: Raichu|Raichu, L88, F|249/249\n|turn|18\n|\n|t:|1781453995\n|move|p1a: Ribombee|Moonblast|p2a: Raichu\n|-damage|p2a: Raichu|182/249\n|move|p2a: Raichu|Thunderbolt|p1a: Ribombee\n|-damage|p1a: Ribombee|1/235\n|\n|upkeep\n|turn|19\n|\n|t:|1781454000\n|move|p1a: Ribombee|Moonblast|p2a: Raichu\n|-damage|p2a: Raichu|113/249\n|move|p2a: Raichu|Thunderbolt|p1a: Ribombee\n|-damage|p1a: Ribombee|0 fnt\n|faint|p1a: Ribombee\n|\n|upkeep\n|\n|t:|1781454003\n|switch|p1a: Latios|Latios, L78, M|253/253\n|turn|20\n|\n|t:|1781454007\n|move|p2a: Raichu|Knock Off|p1a: Latios\n|-supereffective|p1a: Latios\n|-damage|p1a: Latios|79/253\n|-enditem|p1a: Latios|Soul Dew|[from] move: Knock Off|[of] p2a: Raichu\n|move|p1a: Latios|Draco Meteor|p2a: Raichu|[miss]\n|-miss|p1a: Latios|p2a: Raichu\n|\n|upkeep\n|turn|21\n|\n|t:|1781454013\n|move|p2a: Raichu|Knock Off|p1a: Latios\n|-supereffective|p1a: Latios\n|-damage|p1a: Latios|0 fnt\n|faint|p1a: Latios\n|\n|upkeep\n|\n|t:|1781454017\n|switch|p1a: Iron Jugulis|Iron Jugulis, L77|271/271\n|turn|22\n|\n|t:|1781454026\n|move|p2a: Raichu|Thunderbolt|p1a: Iron Jugulis\n|-supereffective|p1a: Iron Jugulis\n|-damage|p1a: Iron Jugulis|41/271\n|move|p1a: Iron Jugulis|Hurricane|p2a: Raichu|[miss]\n|-miss|p1a: Iron Jugulis|p2a: Raichu\n|\n|upkeep\n|turn|23\n|-message|Circz forfeited.\n|\n|win|junghoking\n", "inputlog": ">version a8376a258c1d4662feba110a92103f3664a72141\n>start {\"formatid\":\"gen9randombattle\",\"seed\":\"sodium,58acaeace16023ad0e08c18e699060f5\",\"rated\":\"Rated battle\"}\n>player p1 {\"name\":\"Circz\",\"avatar\":\"dawn\",\"rating\":1940,\"seed\":\"sodium,e6ab0e36ad3b005740b9c98551362603\"}\n>player p2 {\"name\":\"junghoking\",\"avatar\":\"nate\",\"rating\":1941,\"seed\":\"sodium,0df9d91d64fbf8e47ac2423eb74bf640\"}\n>p1 switch 2\n>p2 move auroraveil\n>p1 move heatcrash\n>p2 switch 3\n>p1 switch 2\n>p2 move hypervoice\n>p1 move crunch\n>p2 move hypervoice\n>p2 switch 6\n>p1 switch 5\n>p2 move moonblast\n>p1 move sludgewave\n>p2 move knockoff\n>p2 switch 4\n>p1 switch 5\n>p2 move voltswitch\n>p2 switch 5\n>p1 switch 2\n>p1 move precipiceblades\n>p2 switch 3\n>p1 move heatcrash\n>p2 move auroraveil\n>p2 switch 2\n>p1 move thunderwave\n>p2 move sleeppowder\n>p1 move thunderwave\n>p2 move quiverdance\n>p1 move heatcrash terastallize\n>p2 move bugbuzz\n>p2 switch 3\n>p1 move precipiceblades\n>p2 move scald\n>p1 switch 5\n>p1 move fireblast\n>p2 move thunderbolt\n>p1 switch 6\n>p1 move moonblast\n>p2 move calmmind\n>p1 move moonblast\n>p2 move thunderbolt\n>p1 move moonblast\n>p2 move thunderbolt\n>p2 switch 5\n>p1 move moonblast\n>p2 move thunderbolt\n>p1 move moonblast\n>p2 move thunderbolt\n>p1 switch 4\n>p1 move dracometeor\n>p2 move knockoff\n>p1 move recover\n>p2 move knockoff\n>p1 switch 3\n>p1 move hurricane\n>p2 move thunderbolt\n>forcelose p1", "uploadtime": 1781453781, "views": 7, "formatid": "gen9randombattle", "rating": null, "private": 0, "password": null}