{"id": "gen9randombattle-2631826606", "format": "[Gen 9] Random Battle", "players": ["kp999", "megamon20xx"], "log": "|j|\u2606kp999\n|j|\u2606megamon20xx\n|t:|1781445113\n|gametype|singles\n|player|p1|kp999|1|1480\n|player|p2|megamon20xx|plasmagrunt-gen5bw|1494\n|gen|9\n|tier|[Gen 9] Random Battle\n|rated|\n|rule|Species Clause: Limit one of each Pok\u00e9mon\n|rule|HP Percentage Mod: HP is shown in percentages\n|rule|Sleep Clause Mod: Limit one foe put to sleep\n|rule|Illusion Level Mod: Illusion disguises the Pok\u00e9mon's true level\n|\n|t:|1781445113\n|teamsize|p1|6\n|teamsize|p2|6\n|start\n|switch|p1a: Gogoat|Gogoat, L88, M|360/360\n|switch|p2a: Yanmega|Yanmega, L82, F|275/275\n|turn|1\n|inactive|Battle timer is ON: inactive players will automatically lose when time's up. (requested by kp999)\n|\n|t:|1781445130\n|switch|p1a: Coalossal|Coalossal, L89, F|341/341\n|move|p2a: Yanmega|Bug Buzz|p1a: Coalossal\n|-resisted|p1a: Coalossal\n|-damage|p1a: Coalossal|195/341\n|-unboost|p1a: Coalossal|spd|1\n|\n|upkeep\n|turn|2\n|\n|t:|1781445141\n|move|p2a: Yanmega|Bug Buzz|p1a: Coalossal\n|-resisted|p1a: Coalossal\n|-damage|p1a: Coalossal|0 fnt\n|faint|p1a: Coalossal\n|\n|upkeep\n|\n|t:|1781445149\n|switch|p1a: Infernape|Infernape, L82, M|259/259\n|turn|3\n|\n|t:|1781445160\n|switch|p2a: Furret|Furret, L94, F|312/312\n|-item|p1a: Infernape|Choice Band|[from] ability: Frisk|[of] p2a: Furret\n|move|p1a: Infernape|Flare Blitz|p2a: Furret\n|-damage|p2a: Furret|107/312\n|-damage|p1a: Infernape|191/259|[from] Recoil\n|\n|upkeep\n|turn|4\n|\n|t:|1781445170\n|move|p1a: Infernape|Flare Blitz|p2a: Furret\n|-damage|p2a: Furret|0 fnt\n|faint|p2a: Furret\n|-damage|p1a: Infernape|156/259|[from] Recoil\n|\n|upkeep\n|\n|t:|1781445178\n|switch|p2a: Haxorus|Haxorus, L77, F|244/244\n|-ability|p2a: Haxorus|Mold Breaker\n|turn|5\n|\n|t:|1781445199\n|switch|p1a: Feraligatr|Feraligatr, L79, M|264/264\n|move|p2a: Haxorus|Swords Dance|p2a: Haxorus\n|-boost|p2a: Haxorus|atk|2\n|\n|upkeep\n|turn|6\n|\n|t:|1781445211\n|-terastallize|p2a: Haxorus|Steel\n|move|p2a: Haxorus|Scale Shot|p1a: Feraligatr\n|-damage|p1a: Feraligatr|200/264\n|-damage|p1a: Feraligatr|143/264\n|-crit|p1a: Feraligatr\n|-damage|p1a: Feraligatr|44/264\n|-damage|p1a: Feraligatr|0 fnt\n|faint|p1a: Feraligatr\n|-hitcount|p1: Feraligatr|4\n|-unboost|p2a: Haxorus|def|1\n|-boost|p2a: Haxorus|spe|1\n|\n|upkeep\n|\n|t:|1781445226\n|switch|p1a: Infernape|Infernape, L82, M|156/259\n|turn|7\n|\n|t:|1781445237\n|move|p1a: Infernape|Mach Punch|p2a: Haxorus\n|-supereffective|p2a: Haxorus\n|-damage|p2a: Haxorus|4/244\n|move|p2a: Haxorus|Scale Shot|p1a: Infernape\n|-damage|p1a: Infernape|83/259\n|-damage|p1a: Infernape|10/259\n|-damage|p1a: Infernape|0 fnt\n|faint|p1a: Infernape\n|-hitcount|p1: Infernape|3\n|-unboost|p2a: Haxorus|def|1\n|-boost|p2a: Haxorus|spe|1\n|\n|upkeep\n|inactive|kp999 has 120 seconds left.\n|\n|t:|1781445251\n|switch|p1a: Hoopa|Hoopa-Unbound, L80|259/259\n|turn|8\n|inactive|kp999 has 120 seconds left.\n|\n|t:|1781445264\n|move|p2a: Haxorus|Scale Shot|p1a: Hoopa|[miss]\n|-miss|p2a: Haxorus|p1a: Hoopa\n|move|p1a: Hoopa|Psychic|p2a: Haxorus\n|-resisted|p2a: Haxorus\n|-damage|p2a: Haxorus|0 fnt\n|faint|p2a: Haxorus\n|\n|upkeep\n|\n|t:|1781445270\n|switch|p2a: Yanmega|Yanmega, L82, F|275/275\n|turn|9\n|inactive|kp999 has 120 seconds left.\n|\n|t:|1781445288\n|-terastallize|p1a: Hoopa|Fighting\n|move|p1a: Hoopa|Psychic|p2a: Yanmega\n|-damage|p2a: Yanmega|82/275\n|move|p2a: Yanmega|Bug Buzz|p1a: Hoopa\n|-resisted|p1a: Hoopa\n|-damage|p1a: Hoopa|141/259\n|\n|upkeep\n|turn|10\n|\n|t:|1781445296\n|switch|p2a: Glalie|Glalie, L96, F|309/309\n|move|p1a: Hoopa|Psychic|p2a: Glalie\n|-damage|p2a: Glalie|179/309\n|\n|upkeep\n|turn|11\n|inactive|kp999 has 120 seconds left.\n|\n|t:|1781445312\n|move|p1a: Hoopa|Psychic|p2a: Glalie\n|-damage|p2a: Glalie|37/309\n|move|p2a: Glalie|Earthquake|p1a: Hoopa\n|-damage|p1a: Hoopa|40/259\n|\n|upkeep\n|turn|12\n|\n|t:|1781445320\n|move|p1a: Hoopa|Psychic|p2a: Glalie\n|-damage|p2a: Glalie|0 fnt\n|faint|p2a: Glalie\n|\n|upkeep\n|\n|t:|1781445322\n|switch|p2a: Rotom|Rotom-Frost, L87|229/229\n|turn|13\n|\n|t:|1781445329\n|move|p1a: Hoopa|Psychic|p2a: Rotom\n|-damage|p2a: Rotom|118/229\n|move|p2a: Rotom|Volt Switch|p1a: Hoopa\n|-damage|p1a: Hoopa|0 fnt\n|faint|p1a: Hoopa\n|\n|t:|1781445335\n|switch|p2a: Yanmega|Yanmega, L82, F|82/275|[from] Volt Switch\n|\n|upkeep\n|\n|t:|1781445343\n|switch|p1a: Dipplin|Dipplin, L88, M|284/284\n|turn|14\n|\n|t:|1781445350\n|move|p2a: Yanmega|Bug Buzz|p1a: Dipplin\n|-supereffective|p1a: Dipplin\n|-damage|p1a: Dipplin|80/284\n|move|p1a: Dipplin|Dragon Pulse|p2a: Yanmega\n|-damage|p2a: Yanmega|0 fnt\n|faint|p2a: Yanmega\n|\n|upkeep\n|\n|t:|1781445360\n|switch|p2a: Rotom|Rotom-Frost, L87|118/229\n|turn|15\n|\n|t:|1781445366\n|move|p2a: Rotom|Blizzard|p1a: Dipplin\n|-supereffective|p1a: Dipplin\n|-damage|p1a: Dipplin|0 fnt\n|faint|p1a: Dipplin\n|\n|upkeep\n|\n|t:|1781445370\n|switch|p1a: Gogoat|Gogoat, L88, M|360/360\n|turn|16\n|\n|t:|1781445382\n|move|p2a: Rotom|Will-O-Wisp|p1a: Gogoat\n|-status|p1a: Gogoat|brn\n|move|p1a: Gogoat|Bulk Up|p1a: Gogoat\n|-boost|p1a: Gogoat|atk|1\n|-boost|p1a: Gogoat|def|1\n|\n|-damage|p1a: Gogoat|338/360 brn|[from] brn\n|upkeep\n|turn|17\n|\n|t:|1781445390\n|move|p2a: Rotom|Blizzard|p1a: Gogoat\n|-supereffective|p1a: Gogoat\n|-damage|p1a: Gogoat|62/360 brn\n|move|p1a: Gogoat|Bulk Up|p1a: Gogoat\n|-boost|p1a: Gogoat|atk|1\n|-boost|p1a: Gogoat|def|1\n|\n|-heal|p1a: Gogoat|84/360 brn|[from] item: Leftovers\n|-damage|p1a: Gogoat|62/360 brn|[from] brn\n|upkeep\n|turn|18\n|\n|t:|1781445396\n|move|p2a: Rotom|Will-O-Wisp|p1a: Gogoat|[miss]\n|-miss|p2a: Rotom|p1a: Gogoat\n|move|p1a: Gogoat|Horn Leech|p2a: Rotom\n|-crit|p2a: Rotom\n|-damage|p2a: Rotom|8/229\n|-heal|p1a: Gogoat|117/360 brn|[from] drain|[of] p2a: Rotom\n|\n|-heal|p1a: Gogoat|139/360 brn|[from] item: Leftovers\n|-damage|p1a: Gogoat|117/360 brn|[from] brn\n|upkeep\n|turn|19\n|\n|t:|1781445406\n|move|p2a: Rotom|Will-O-Wisp|p1a: Gogoat\n|-fail|p1a: Gogoat|brn\n|move|p1a: Gogoat|Horn Leech|p2a: Rotom\n|-damage|p2a: Rotom|0 fnt\n|-heal|p1a: Gogoat|121/360 brn|[from] drain|[of] p2a: Rotom\n|faint|p2a: Rotom\n|\n|-heal|p1a: Gogoat|143/360 brn|[from] item: Leftovers\n|-damage|p1a: Gogoat|121/360 brn|[from] brn\n|upkeep\n|\n|t:|1781445408\n|switch|p2a: Clodsire|Clodsire, L81, M|343/343\n|turn|20\n|\n|t:|1781445418\n|move|p1a: Gogoat|Earthquake|p2a: Clodsire\n|-supereffective|p2a: Clodsire\n|-damage|p2a: Clodsire|227/343\n|move|p2a: Clodsire|Stealth Rock|p1a: Gogoat\n|-sidestart|p1: kp999|move: Stealth Rock\n|\n|-heal|p1a: Gogoat|143/360 brn|[from] item: Leftovers\n|-heal|p2a: Clodsire|248/343|[from] item: Leftovers\n|-damage|p1a: Gogoat|121/360 brn|[from] brn\n|upkeep\n|turn|21\n|\n|t:|1781445426\n|move|p1a: Gogoat|Milk Drink|p1a: Gogoat\n|-heal|p1a: Gogoat|301/360 brn\n|move|p2a: Clodsire|Recover|p2a: Clodsire\n|-heal|p2a: Clodsire|343/343\n|\n|-heal|p1a: Gogoat|323/360 brn|[from] item: Leftovers\n|-damage|p1a: Gogoat|301/360 brn|[from] brn\n|upkeep\n|turn|22\n|\n|t:|1781445439\n|move|p1a: Gogoat|Bulk Up|p1a: Gogoat\n|-boost|p1a: Gogoat|atk|1\n|-boost|p1a: Gogoat|def|1\n|move|p2a: Clodsire|Earthquake|p1a: Gogoat\n|-resisted|p1a: Gogoat\n|-damage|p1a: Gogoat|253/360 brn\n|\n|-heal|p1a: Gogoat|275/360 brn|[from] item: Leftovers\n|-damage|p1a: Gogoat|253/360 brn|[from] brn\n|upkeep\n|turn|23\n|\n|t:|1781445447\n|move|p1a: Gogoat|Bulk Up|p1a: Gogoat\n|-boost|p1a: Gogoat|atk|1\n|-boost|p1a: Gogoat|def|1\n|move|p2a: Clodsire|Poison Jab|p1a: Gogoat\n|-supereffective|p1a: Gogoat\n|-damage|p1a: Gogoat|103/360 brn\n|\n|-heal|p1a: Gogoat|125/360 brn|[from] item: Leftovers\n|-damage|p1a: Gogoat|103/360 brn|[from] brn\n|upkeep\n|turn|24\n|\n|t:|1781445456\n|move|p1a: Gogoat|Milk Drink|p1a: Gogoat\n|-heal|p1a: Gogoat|283/360 brn\n|move|p2a: Clodsire|Stealth Rock||[still]\n|-fail|p2a: Clodsire\n|\n|-heal|p1a: Gogoat|305/360 brn|[from] item: Leftovers\n|-damage|p1a: Gogoat|283/360 brn|[from] brn\n|upkeep\n|turn|25\n|\n|t:|1781445464\n|move|p1a: Gogoat|Bulk Up|p1a: Gogoat\n|-boost|p1a: Gogoat|atk|1\n|-boost|p1a: Gogoat|def|1\n|move|p2a: Clodsire|Poison Jab|p1a: Gogoat\n|-supereffective|p1a: Gogoat\n|-damage|p1a: Gogoat|113/360 brn\n|\n|-heal|p1a: Gogoat|135/360 brn|[from] item: Leftovers\n|-damage|p1a: Gogoat|113/360 brn|[from] brn\n|upkeep\n|turn|26\n|\n|t:|1781445473\n|move|p1a: Gogoat|Milk Drink|p1a: Gogoat\n|-heal|p1a: Gogoat|293/360 brn\n|move|p2a: Clodsire|Poison Jab|p1a: Gogoat\n|-supereffective|p1a: Gogoat\n|-crit|p1a: Gogoat\n|-damage|p1a: Gogoat|63/360 brn\n|\n|-heal|p1a: Gogoat|85/360 brn|[from] item: Leftovers\n|-damage|p1a: Gogoat|63/360 brn|[from] brn\n|upkeep\n|turn|27\n|\n|t:|1781445481\n|move|p1a: Gogoat|Milk Drink|p1a: Gogoat\n|-heal|p1a: Gogoat|243/360 brn\n|move|p2a: Clodsire|Stealth Rock||[still]\n|-fail|p2a: Clodsire\n|\n|-heal|p1a: Gogoat|265/360 brn|[from] item: Leftovers\n|-damage|p1a: Gogoat|243/360 brn|[from] brn\n|upkeep\n|turn|28\n|\n|t:|1781445491\n|move|p1a: Gogoat|Bulk Up|p1a: Gogoat\n|-boost|p1a: Gogoat|atk|1\n|-boost|p1a: Gogoat|def|1\n|move|p2a: Clodsire|Poison Jab|p1a: Gogoat\n|-supereffective|p1a: Gogoat\n|-damage|p1a: Gogoat|91/360 brn\n|\n|-heal|p1a: Gogoat|113/360 brn|[from] item: Leftovers\n|-damage|p1a: Gogoat|91/360 brn|[from] brn\n|upkeep\n|turn|29\n|\n|t:|1781445498\n|move|p1a: Gogoat|Milk Drink|p1a: Gogoat\n|-heal|p1a: Gogoat|271/360 brn\n|move|p2a: Clodsire|Earthquake|p1a: Gogoat\n|-resisted|p1a: Gogoat\n|-damage|p1a: Gogoat|221/360 brn\n|\n|-heal|p1a: Gogoat|243/360 brn|[from] item: Leftovers\n|-damage|p1a: Gogoat|221/360 brn|[from] brn\n|upkeep\n|turn|30\n|\n|t:|1781445504\n|move|p1a: Gogoat|Horn Leech|p2a: Clodsire\n|-damage|p2a: Clodsire|283/343\n|-heal|p1a: Gogoat|251/360 brn|[from] drain|[of] p2a: Clodsire\n|move|p2a: Clodsire|Poison Jab|p1a: Gogoat\n|-supereffective|p1a: Gogoat\n|-damage|p1a: Gogoat|81/360 brn\n|\n|-heal|p1a: Gogoat|103/360 brn|[from] item: Leftovers\n|-heal|p2a: Clodsire|304/343|[from] item: Leftovers\n|-damage|p1a: Gogoat|81/360 brn|[from] brn\n|upkeep\n|turn|31\n|\n|t:|1781445513\n|move|p1a: Gogoat|Milk Drink|p1a: Gogoat\n|-heal|p1a: Gogoat|261/360 brn\n|move|p2a: Clodsire|Earthquake|p1a: Gogoat\n|-resisted|p1a: Gogoat\n|-damage|p1a: Gogoat|208/360 brn\n|\n|-heal|p1a: Gogoat|230/360 brn|[from] item: Leftovers\n|-heal|p2a: Clodsire|325/343|[from] item: Leftovers\n|-damage|p1a: Gogoat|208/360 brn|[from] brn\n|upkeep\n|turn|32\n|\n|t:|1781445519\n|move|p1a: Gogoat|Earthquake|p2a: Clodsire\n|-supereffective|p2a: Clodsire\n|-damage|p2a: Clodsire|207/343\n|move|p2a: Clodsire|Poison Jab|p1a: Gogoat\n|-supereffective|p1a: Gogoat\n|-damage|p1a: Gogoat|44/360 brn\n|\n|-heal|p1a: Gogoat|66/360 brn|[from] item: Leftovers\n|-heal|p2a: Clodsire|228/343|[from] item: Leftovers\n|-damage|p1a: Gogoat|44/360 brn|[from] brn\n|upkeep\n|turn|33\n|\n|t:|1781445525\n|move|p1a: Gogoat|Horn Leech|p2a: Clodsire\n|-damage|p2a: Clodsire|168/343\n|-heal|p1a: Gogoat|74/360 brn|[from] drain|[of] p2a: Clodsire\n|move|p2a: Clodsire|Earthquake|p1a: Gogoat\n|-resisted|p1a: Gogoat\n|-damage|p1a: Gogoat|26/360 brn\n|\n|-heal|p1a: Gogoat|48/360 brn|[from] item: Leftovers\n|-heal|p2a: Clodsire|189/343|[from] item: Leftovers\n|-damage|p1a: Gogoat|26/360 brn|[from] brn\n|upkeep\n|turn|34\n|\n|t:|1781445531\n|move|p1a: Gogoat|Milk Drink|p1a: Gogoat\n|-heal|p1a: Gogoat|206/360 brn\n|move|p2a: Clodsire|Recover|p2a: Clodsire\n|-heal|p2a: Clodsire|343/343\n|\n|-heal|p1a: Gogoat|228/360 brn|[from] item: Leftovers\n|-damage|p1a: Gogoat|206/360 brn|[from] brn\n|upkeep\n|turn|35\n|\n|t:|1781445539\n|move|p1a: Gogoat|Horn Leech|p2a: Clodsire\n|-damage|p2a: Clodsire|277/343\n|-heal|p1a: Gogoat|239/360 brn|[from] drain|[of] p2a: Clodsire\n|move|p2a: Clodsire|Poison Jab|p1a: Gogoat\n|-supereffective|p1a: Gogoat\n|-damage|p1a: Gogoat|65/360 brn\n|\n|-heal|p1a: Gogoat|87/360 brn|[from] item: Leftovers\n|-heal|p2a: Clodsire|298/343|[from] item: Leftovers\n|-damage|p1a: Gogoat|65/360 brn|[from] brn\n|upkeep\n|turn|36\n|-message|kp999 forfeited.\n|\n|win|megamon20xx\n|raw|kp999's rating: 1480 &rarr; <strong>1461</strong><br />(-19 for losing)\n|raw|megamon20xx's rating: 1494 &rarr; <strong>1513</strong><br />(+19 for winning)\n|l|\u2606kp999\n|player|p1|\n|c|\u2606megamon20xx|lol\n", "inputlog": ">version a8376a258c1d4662feba110a92103f3664a72141\n>start {\"formatid\":\"gen9randombattle\",\"seed\":\"sodium,03857df04d5fe5b43d52c7902312b557\",\"rated\":\"Rated battle\"}\n>player p1 {\"name\":\"kp999\",\"avatar\":\"1\",\"rating\":1480,\"seed\":\"sodium,e33290deb39fd7167071aac8ec93d178\"}\n>player p2 {\"name\":\"megamon20xx\",\"avatar\":\"plasmagrunt-gen5bw\",\"rating\":1494,\"seed\":\"sodium,f8f21cc56cc3e629e82c02f68c80ce28\"}\n>p1 switch 3\n>p2 move bugbuzz\n>p1 move stealthrock\n>p2 move bugbuzz\n>p1 switch 5\n>p1 move flareblitz\n>p2 switch 3\n>p1 move flareblitz\n>p2 move doubleedge\n>p2 switch 5\n>p1 switch 6\n>p2 move swordsdance\n>p1 move dragondance\n>p2 move scaleshot terastallize\n>p1 switch 6\n>p1 move machpunch\n>p2 move scaleshot\n>p1 switch 4\n>p1 move psychic\n>p2 move scaleshot\n>p2 switch 3\n>p1 move psychic terastallize\n>p2 move bugbuzz\n>p1 move psychic\n>p2 switch 2\n>p1 move psychic\n>p2 move earthquake\n>p1 move psychic\n>p2 move earthquake\n>p2 switch 6\n>p1 move psychic\n>p2 move voltswitch\n>p2 switch 2\n>p1 switch 2\n>p1 move dragonpulse\n>p2 move bugbuzz\n>p2 switch 2\n>p1 move dragonpulse\n>p2 move blizzard\n>p1 switch 3\n>p1 move bulkup\n>p2 move willowisp\n>p1 move bulkup\n>p2 move blizzard\n>p1 move hornleech\n>p2 move willowisp\n>p1 move hornleech\n>p2 move willowisp\n>p2 switch 4\n>p1 move earthquake\n>p2 move stealthrock\n>p1 move milkdrink\n>p2 move recover\n>p1 move bulkup\n>p2 move earthquake\n>p1 move bulkup\n>p2 move poisonjab\n>p1 move milkdrink\n>p2 move stealthrock\n>p1 move bulkup\n>p2 move poisonjab\n>p1 move milkdrink\n>p2 move poisonjab\n>p1 move milkdrink\n>p2 move stealthrock\n>p1 move bulkup\n>p2 move poisonjab\n>p1 move milkdrink\n>p2 move earthquake\n>p1 move hornleech\n>p2 move poisonjab\n>p1 move milkdrink\n>p2 move earthquake\n>p1 move earthquake\n>p2 move poisonjab\n>p1 move hornleech\n>p2 move earthquake\n>p1 move milkdrink\n>p2 move recover\n>p1 move hornleech\n>p2 move poisonjab\n>forcelose p1", "uploadtime": 1781445115, "views": 23, "formatid": "gen9randombattle", "rating": 1461, "private": 0, "password": null}