{"id": "gen9randombattle-2631554889", "format": "[Gen 9] Random Battle", "players": ["randbatsluvr", "SeviperGliscor"], "log": "|j|\u2606randbatsluvr\n|j|\u2606SeviperGliscor\n|t:|1781400640\n|gametype|singles\n|player|p1|randbatsluvr|265|1350\n|player|p2|SeviperGliscor|170|1312\n|gen|9\n|tier|[Gen 9] Random Battle\n|rated|\n|rule|Species Clause: Limit one of each Pok\u00e9mon\n|rule|HP Percentage Mod: HP is shown in percentages\n|rule|Sleep Clause Mod: Limit one foe put to sleep\n|rule|Illusion Level Mod: Illusion disguises the Pok\u00e9mon's true level\n|\n|t:|1781400640\n|teamsize|p1|6\n|teamsize|p2|6\n|start\n|switch|p1a: Mightyena|Mightyena, L96, F|290/290\n|switch|p2a: Venomoth|Venomoth, L84, F|255/255\n|-ability|p1a: Mightyena|Intimidate|boost\n|-unboost|p2a: Venomoth|atk|1\n|turn|1\n|inactive|Battle timer is ON: inactive players will automatically lose when time's up. (requested by randbatsluvr)\n|\n|t:|1781400648\n|-terastallize|p1a: Mightyena|Poison\n|move|p1a: Mightyena|Sucker Punch||[still]\n|-fail|p1a: Mightyena\n|move|p2a: Venomoth|Quiver Dance|p2a: Venomoth\n|-boost|p2a: Venomoth|spa|1\n|-boost|p2a: Venomoth|spd|1\n|-boost|p2a: Venomoth|spe|1\n|\n|upkeep\n|turn|2\n|\n|t:|1781400654\n|move|p1a: Mightyena|Sucker Punch||[still]\n|-fail|p1a: Mightyena\n|move|p2a: Venomoth|Quiver Dance|p2a: Venomoth\n|-boost|p2a: Venomoth|spa|1\n|-boost|p2a: Venomoth|spd|1\n|-boost|p2a: Venomoth|spe|1\n|\n|upkeep\n|turn|3\n|\n|t:|1781400659\n|move|p1a: Mightyena|Sucker Punch||[still]\n|-fail|p1a: Mightyena\n|move|p2a: Venomoth|Quiver Dance|p2a: Venomoth\n|-boost|p2a: Venomoth|spa|1\n|-boost|p2a: Venomoth|spd|1\n|-boost|p2a: Venomoth|spe|1\n|\n|upkeep\n|turn|4\n|\n|t:|1781400663\n|move|p1a: Mightyena|Sucker Punch||[still]\n|-fail|p1a: Mightyena\n|move|p2a: Venomoth|Quiver Dance|p2a: Venomoth\n|-boost|p2a: Venomoth|spa|1\n|-boost|p2a: Venomoth|spd|1\n|-boost|p2a: Venomoth|spe|1\n|\n|upkeep\n|turn|5\n|\n|t:|1781400666\n|move|p1a: Mightyena|Sucker Punch||[still]\n|-fail|p1a: Mightyena\n|move|p2a: Venomoth|Quiver Dance|p2a: Venomoth\n|-boost|p2a: Venomoth|spa|1\n|-boost|p2a: Venomoth|spd|1\n|-boost|p2a: Venomoth|spe|1\n|\n|upkeep\n|turn|6\n|\n|t:|1781400668\n|move|p1a: Mightyena|Sucker Punch||[still]\n|-fail|p1a: Mightyena\n|move|p2a: Venomoth|Quiver Dance|p2a: Venomoth\n|-boost|p2a: Venomoth|spa|1\n|-boost|p2a: Venomoth|spd|1\n|-boost|p2a: Venomoth|spe|1\n|\n|upkeep\n|turn|7\n|\n|t:|1781400671\n|move|p1a: Mightyena|Sucker Punch|p2a: Venomoth\n|-damage|p2a: Venomoth|62/255\n|move|p2a: Venomoth|Sludge Wave|p1a: Mightyena\n|-resisted|p1a: Mightyena\n|-damage|p1a: Mightyena|0 fnt\n|faint|p1a: Mightyena\n|\n|upkeep\n|\n|t:|1781400673\n|switch|p1a: Delibird|Delibird, M|252/252\n|turn|8\n|\n|t:|1781400678\n|move|p1a: Delibird|Ice Shard|p2a: Venomoth|[miss]\n|-miss|p1a: Delibird|p2a: Venomoth\n|move|p2a: Venomoth|Sludge Wave|p1a: Delibird\n|-crit|p1a: Delibird\n|-damage|p1a: Delibird|0 fnt\n|faint|p1a: Delibird\n|\n|upkeep\n|\n|t:|1781400682\n|switch|p1a: Araquanid|Araquanid, L82, F|246/246\n|turn|9\n|\n|t:|1781400690\n|move|p2a: Venomoth|Bug Buzz|p1a: Araquanid\n|-damage|p1a: Araquanid|0 fnt\n|faint|p1a: Araquanid\n|\n|upkeep\n|\n|t:|1781400696\n|switch|p1a: Iron Leaves|Iron Leaves, L80|275/275\n|turn|10\n|\n|t:|1781400700\n|move|p2a: Venomoth|Bug Buzz|p1a: Iron Leaves\n|-supereffective|p1a: Iron Leaves\n|-damage|p1a: Iron Leaves|0 fnt\n|faint|p1a: Iron Leaves\n|-end|p1a: Iron Leaves|Quark Drive|[silent]\n|\n|upkeep\n|\n|t:|1781400703\n|switch|p1a: Meganium|Meganium, L90, F|290/290\n|turn|11\n|\n|t:|1781400709\n|move|p2a: Venomoth|Sludge Wave|p1a: Meganium\n|-supereffective|p1a: Meganium\n|-damage|p1a: Meganium|0 fnt\n|faint|p1a: Meganium\n|\n|upkeep\n|\n|t:|1781400716\n|switch|p1a: Raging Bolt|Raging Bolt, L78|323/323\n|-enditem|p1a: Raging Bolt|Booster Energy\n|-activate|p1a: Raging Bolt|ability: Protosynthesis|[fromitem]\n|-start|p1a: Raging Bolt|protosynthesisspa\n|turn|12\n|\n|t:|1781400723\n|move|p1a: Raging Bolt|Thunderclap|p2a: Venomoth\n|-damage|p2a: Venomoth|32/255\n|move|p2a: Venomoth|Bug Buzz|p1a: Raging Bolt\n|-damage|p1a: Raging Bolt|0 fnt\n|faint|p1a: Raging Bolt\n|-end|p1a: Raging Bolt|Protosynthesis|[silent]\n|\n|win|SeviperGliscor\n|raw|randbatsluvr's rating: 1331 &rarr; <strong>1310</strong><br />(-21 for losing)\n|raw|SeviperGliscor's rating: 1312 &rarr; <strong>1333</strong><br />(+21 for winning)\n", "inputlog": ">version a8376a258c1d4662feba110a92103f3664a72141\n>start {\"formatid\":\"gen9randombattle\",\"seed\":\"sodium,4e17a35431b3fffc7fa6d1600d097978\",\"rated\":\"Rated battle\"}\n>player p1 {\"name\":\"randbatsluvr\",\"avatar\":\"265\",\"rating\":1350,\"seed\":\"sodium,6e67699c4ed245384311da92e9fde64c\"}\n>player p2 {\"name\":\"SeviperGliscor\",\"avatar\":\"170\",\"rating\":1312,\"seed\":\"sodium,af5959eabb27586f9838d28b03d392da\"}\n>p1 move suckerpunch terastallize\n>p2 move quiverdance\n>p1 move suckerpunch\n>p2 move quiverdance\n>p1 move suckerpunch\n>p2 move quiverdance\n>p1 move suckerpunch\n>p2 move quiverdance\n>p1 move suckerpunch\n>p2 move quiverdance\n>p1 move suckerpunch\n>p2 move quiverdance\n>p1 move suckerpunch\n>p2 move sludgewave\n>p1 switch 3\n>p1 move iceshard\n>p2 move sludgewave\n>p1 switch 6\n>p1 move liquidation\n>p2 move bugbuzz\n>p1 switch 5\n>p1 move psyblade\n>p2 move bugbuzz\n>p1 switch 2\n>p1 move knockoff\n>p2 move sludgewave\n>p1 switch 4\n>p1 move thunderclap\n>p2 move bugbuzz", "uploadtime": 1781400727, "views": 3, "formatid": "gen9randombattle", "rating": 1310, "private": 0, "password": null}