{"id": "gen9randombattle-2631507485", "format": "[Gen 9] Random Battle", "players": ["Colddeckj", "Cheezrat"], "log": "|j|\u2606Colddeckj\n|j|\u2606Cheezrat\n|t:|1781393999\n|gametype|singles\n|player|p1|Colddeckj|wattson|2070\n|player|p2|Cheezrat|101|2024\n|gen|9\n|tier|[Gen 9] Random Battle\n|rated|\n|rule|Species Clause: Limit one of each Pok\u00e9mon\n|rule|HP Percentage Mod: HP is shown in percentages\n|rule|Sleep Clause Mod: Limit one foe put to sleep\n|rule|Illusion Level Mod: Illusion disguises the Pok\u00e9mon's true level\n|\n|t:|1781393999\n|teamsize|p1|6\n|teamsize|p2|6\n|start\n|switch|p1a: Gouging Fire|Gouging Fire, L74|277/277\n|switch|p2a: Clawitzer|Clawitzer, L87, F|265/265\n|turn|1\n|inactive|Battle timer is ON: inactive players will automatically lose when time's up. (requested by Colddeckj)\n|\n|t:|1781394018\n|-end|p1a: Gouging Fire|Protosynthesis|[silent]\n|switch|p1a: Swampert|Swampert, L83, M|302/302\n|move|p2a: Clawitzer|U-turn|p1a: Swampert\n|-damage|p1a: Swampert|262/302\n|\n|t:|1781394023\n|switch|p2a: Rotom|Rotom-Mow, L87|229/229|[from] U-turn\n|\n|-heal|p1a: Swampert|280/302|[from] item: Leftovers\n|upkeep\n|turn|2\n|\n|t:|1781394035\n|move|p2a: Rotom|Volt Switch|p1a: Swampert\n|-immune|p1a: Swampert\n|move|p1a: Swampert|Stealth Rock|p2a: Rotom\n|-sidestart|p2: Cheezrat|move: Stealth Rock\n|\n|-heal|p1a: Swampert|298/302|[from] item: Leftovers\n|upkeep\n|turn|3\n|\n|t:|1781394047\n|switch|p1a: Pikachu|Pikachu-Partner, L93, M|216/216\n|move|p2a: Rotom|Volt Switch|p1a: Pikachu\n|-ability|p1a: Pikachu|Lightning Rod|boost\n|-boost|p1a: Pikachu|spa|1\n|\n|upkeep\n|turn|4\n|\n|t:|1781394057\n|move|p1a: Pikachu|Fake Out|p2a: Rotom\n|-damage|p2a: Rotom|193/229\n|cant|p2a: Rotom|flinch\n|\n|-heal|p2a: Rotom|207/229|[from] item: Leftovers\n|upkeep\n|turn|5\n|\n|t:|1781394067\n|switch|p1a: Ho-Oh|Ho-Oh, L71|268/268\n|move|p2a: Rotom|Volt Switch|p1a: Ho-Oh\n|-supereffective|p1a: Ho-Oh\n|-damage|p1a: Ho-Oh|134/268\n|\n|t:|1781394088\n|switch|p2a: Clawitzer|Clawitzer, L87, F|265/265|[from] Volt Switch\n|-damage|p2a: Clawitzer|232/265|[from] Stealth Rock\n|\n|upkeep\n|turn|6\n|\n|t:|1781394095\n|switch|p1a: Swampert|Swampert, L83, M|298/302\n|move|p2a: Clawitzer|Water Pulse|p1a: Swampert\n|-damage|p1a: Swampert|186/302\n|\n|-heal|p1a: Swampert|204/302|[from] item: Leftovers\n|upkeep\n|turn|7\n|\n|t:|1781394105\n|move|p2a: Clawitzer|Water Pulse|p1a: Swampert\n|-damage|p1a: Swampert|83/302\n|move|p1a: Swampert|Ice Beam|p2a: Clawitzer\n|-resisted|p2a: Clawitzer\n|-damage|p2a: Clawitzer|214/265\n|\n|-heal|p1a: Swampert|101/302|[from] item: Leftovers\n|upkeep\n|turn|8\n|\n|t:|1781394111\n|move|p2a: Clawitzer|Water Pulse|p1a: Swampert\n|-damage|p1a: Swampert|0 fnt\n|faint|p1a: Swampert\n|\n|upkeep\n|\n|t:|1781394119\n|switch|p1a: Cinccino|Cinccino, L83, M|260/260\n|turn|9\n|\n|t:|1781394134\n|move|p1a: Cinccino|Bullet Seed|p2a: Clawitzer\n|-supereffective|p2a: Clawitzer\n|-damage|p2a: Clawitzer|164/265\n|-supereffective|p2a: Clawitzer\n|-damage|p2a: Clawitzer|110/265\n|-supereffective|p2a: Clawitzer\n|-damage|p2a: Clawitzer|60/265\n|-supereffective|p2a: Clawitzer\n|-damage|p2a: Clawitzer|6/265\n|-hitcount|p2a: Clawitzer|4\n|move|p2a: Clawitzer|Aura Sphere|p1a: Cinccino\n|-supereffective|p1a: Cinccino\n|-damage|p1a: Cinccino|0 fnt\n|faint|p1a: Cinccino\n|\n|upkeep\n|\n|t:|1781394149\n|switch|p1a: Uxie|Uxie, L83|260/260\n|turn|10\n|\n|t:|1781394167\n|move|p1a: Uxie|Psychic Noise|p2a: Clawitzer\n|-damage|p2a: Clawitzer|0 fnt\n|faint|p2a: Clawitzer\n|\n|upkeep\n|inactive|Cheezrat has 120 seconds left.\n|\n|t:|1781394192\n|switch|p2a: Slowbro|Slowbro, L85, M|300/300\n|-damage|p2a: Slowbro|263/300|[from] Stealth Rock\n|turn|11\n|\n|t:|1781394198\n|move|p1a: Uxie|U-turn|p2a: Slowbro\n|-supereffective|p2a: Slowbro\n|-damage|p2a: Slowbro|197/300\n|\n|t:|1781394201\n|switch|p1a: Pikachu|Pikachu-Partner, L93, M|216/216|[from] U-turn\n|move|p2a: Slowbro|Thunder Wave|p1a: Pikachu\n|-ability|p1a: Pikachu|Lightning Rod|boost\n|-boost|p1a: Pikachu|spa|1\n|\n|-heal|p2a: Slowbro|215/300|[from] item: Leftovers\n|upkeep\n|turn|12\n|\n|t:|1781394209\n|switch|p2a: Luxray|Luxray, L88, M|284/284\n|-damage|p2a: Luxray|249/284|[from] Stealth Rock\n|-ability|p2a: Luxray|Intimidate|boost\n|-unboost|p1a: Pikachu|atk|1\n|move|p1a: Pikachu|Volt Tackle|p2a: Luxray\n|-resisted|p2a: Luxray\n|-damage|p2a: Luxray|181/284\n|-damage|p1a: Pikachu|194/216|[from] Recoil\n|\n|upkeep\n|turn|13\n|\n|t:|1781394223\n|move|p1a: Pikachu|Surf|p2a: Luxray\n|-damage|p2a: Luxray|85/284\n|move|p2a: Luxray|Throat Chop|p1a: Pikachu\n|-damage|p1a: Pikachu|73/216\n|-start|p1a: Pikachu|Throat Chop|[silent]\n|\n|upkeep\n|turn|14\n|\n|t:|1781394229\n|move|p1a: Pikachu|Surf|p2a: Luxray\n|-damage|p2a: Luxray|0 fnt\n|faint|p2a: Luxray\n|\n|-end|p1a: Pikachu|Throat Chop|[silent]\n|upkeep\n|\n|t:|1781394238\n|switch|p2a: Rotom|Rotom-Mow, L87|207/229\n|-damage|p2a: Rotom|179/229|[from] Stealth Rock\n|turn|15\n|\n|t:|1781394244\n|move|p1a: Pikachu|Volt Tackle|p2a: Rotom\n|-resisted|p2a: Rotom\n|-damage|p2a: Rotom|151/229\n|-damage|p1a: Pikachu|64/216|[from] Recoil\n|move|p2a: Rotom|Leaf Storm|p1a: Pikachu\n|-damage|p1a: Pikachu|0 fnt\n|-unboost|p2a: Rotom|spa|2\n|faint|p1a: Pikachu\n|\n|-heal|p2a: Rotom|165/229|[from] item: Leftovers\n|upkeep\n|\n|t:|1781394255\n|switch|p1a: Ho-Oh|Ho-Oh, L71|223/268\n|turn|16\n|\n|t:|1781394262\n|move|p2a: Rotom|Volt Switch|p1a: Ho-Oh\n|-supereffective|p1a: Ho-Oh\n|-damage|p1a: Ho-Oh|163/268\n|\n|t:|1781394265\n|switch|p2a: Slowbro|Slowbro, L85, M|300/300|[from] Volt Switch\n|-damage|p2a: Slowbro|263/300|[from] Stealth Rock\n|move|p1a: Ho-Oh|Brave Bird|p2a: Slowbro\n|-damage|p2a: Slowbro|173/300\n|-damage|p1a: Ho-Oh|133/268|[from] Recoil\n|\n|-heal|p2a: Slowbro|191/300|[from] item: Leftovers\n|upkeep\n|turn|17\n|\n|t:|1781394271\n|switch|p1a: Uxie|Uxie, L83|260/260\n|move|p2a: Slowbro|Thunder Wave|p1a: Uxie\n|-status|p1a: Uxie|par\n|\n|-heal|p2a: Slowbro|209/300|[from] item: Leftovers\n|upkeep\n|turn|18\n|\n|t:|1781394287\n|cant|p1a: Uxie|par\n|move|p2a: Slowbro|Psychic Noise|p1a: Uxie\n|-resisted|p1a: Uxie\n|-damage|p1a: Uxie|228/260 par\n|-start|p1a: Uxie|move: Heal Block\n|\n|-heal|p2a: Slowbro|227/300|[from] item: Leftovers\n|upkeep\n|turn|19\n|\n|t:|1781394298\n|move|p1a: Uxie|Yawn|p2a: Slowbro\n|-start|p2a: Slowbro|move: Yawn|[of] p1a: Uxie\n|move|p2a: Slowbro|Scald|p1a: Uxie\n|-damage|p1a: Uxie|158/260 par\n|\n|-heal|p2a: Slowbro|245/300|[from] item: Leftovers\n|-end|p1a: Uxie|move: Heal Block\n|upkeep\n|turn|20\n|\n|t:|1781394314\n|switch|p2a: Rotom|Rotom-Mow, L87|165/229\n|-damage|p2a: Rotom|137/229|[from] Stealth Rock\n|cant|p1a: Uxie|par\n|\n|-heal|p2a: Rotom|151/229|[from] item: Leftovers\n|-heal|p1a: Uxie|174/260 par|[from] item: Leftovers\n|upkeep\n|turn|21\n|\n|t:|1781394320\n|move|p2a: Rotom|Thunderbolt|p1a: Uxie\n|-damage|p1a: Uxie|90/260 par\n|cant|p1a: Uxie|par\n|\n|-heal|p2a: Rotom|165/229|[from] item: Leftovers\n|-heal|p1a: Uxie|106/260 par|[from] item: Leftovers\n|upkeep\n|turn|22\n|\n|t:|1781394324\n|move|p2a: Rotom|Thunderbolt|p1a: Uxie\n|-damage|p1a: Uxie|21/260 par\n|move|p1a: Uxie|U-turn|p2a: Rotom\n|-supereffective|p2a: Rotom\n|-damage|p2a: Rotom|101/229\n|\n|t:|1781394331\n|switch|p1a: Ho-Oh|Ho-Oh, L71|222/268|[from] U-turn\n|\n|-heal|p2a: Rotom|115/229|[from] item: Leftovers\n|upkeep\n|turn|23\n|\n|t:|1781394338\n|-terastallize|p1a: Ho-Oh|Steel\n|move|p2a: Rotom|Thunderbolt|p1a: Ho-Oh\n|-damage|p1a: Ho-Oh|137/268\n|move|p1a: Ho-Oh|Sacred Fire|p2a: Rotom\n|-supereffective|p2a: Rotom\n|-damage|p2a: Rotom|0 fnt\n|faint|p2a: Rotom\n|\n|upkeep\n|\n|t:|1781394346\n|switch|p2a: Slowbro|Slowbro, L85, M|300/300\n|-damage|p2a: Slowbro|263/300|[from] Stealth Rock\n|turn|24\n|\n|t:|1781394351\n|move|p1a: Ho-Oh|Brave Bird|p2a: Slowbro\n|-damage|p2a: Slowbro|160/300\n|-damage|p1a: Ho-Oh|103/268|[from] Recoil\n|move|p2a: Slowbro|Scald|p1a: Ho-Oh\n|-damage|p1a: Ho-Oh|28/268\n|\n|-heal|p2a: Slowbro|178/300|[from] item: Leftovers\n|upkeep\n|turn|25\n|\n|t:|1781394359\n|switch|p1a: Uxie|Uxie, L83|21/260 par\n|move|p2a: Slowbro|Slack Off|p2a: Slowbro\n|-heal|p2a: Slowbro|300/300\n|\n|-heal|p1a: Uxie|37/260 par|[from] item: Leftovers\n|upkeep\n|turn|26\n|\n|t:|1781394364\n|cant|p1a: Uxie|par\n|move|p2a: Slowbro|Scald|p1a: Uxie\n|-damage|p1a: Uxie|0 fnt\n|faint|p1a: Uxie\n|\n|upkeep\n|\n|t:|1781394366\n|switch|p1a: Gouging Fire|Gouging Fire, L74|277/277\n|turn|27\n|\n|t:|1781394370\n|move|p1a: Gouging Fire|Dragon Dance|p1a: Gouging Fire\n|-boost|p1a: Gouging Fire|atk|1\n|-boost|p1a: Gouging Fire|spe|1\n|move|p2a: Slowbro|Thunder Wave|p1a: Gouging Fire\n|-status|p1a: Gouging Fire|par\n|\n|upkeep\n|turn|28\n|\n|t:|1781394380\n|cant|p1a: Gouging Fire|par\n|move|p2a: Slowbro|Scald|p1a: Gouging Fire\n|-damage|p1a: Gouging Fire|171/277 par\n|\n|upkeep\n|turn|29\n|\n|t:|1781394384\n|move|p1a: Gouging Fire|Dragon Dance|p1a: Gouging Fire\n|-boost|p1a: Gouging Fire|atk|1\n|-boost|p1a: Gouging Fire|spe|1\n|move|p2a: Slowbro|Scald|p1a: Gouging Fire\n|-damage|p1a: Gouging Fire|66/277 par\n|\n|upkeep\n|turn|30\n|\n|t:|1781394388\n|-terastallize|p2a: Slowbro|Fairy\n|move|p1a: Gouging Fire|Morning Sun|p1a: Gouging Fire\n|-heal|p1a: Gouging Fire|204/277 par\n|move|p2a: Slowbro|Scald|p1a: Gouging Fire\n|-damage|p1a: Gouging Fire|113/277 par\n|\n|upkeep\n|turn|31\n|\n|t:|1781394399\n|cant|p1a: Gouging Fire|par\n|move|p2a: Slowbro|Psychic Noise|p1a: Gouging Fire\n|-damage|p1a: Gouging Fire|25/277 par\n|-start|p1a: Gouging Fire|move: Heal Block\n|\n|upkeep\n|turn|32\n|\n|t:|1781394402\n|move|p1a: Gouging Fire|Heat Crash|p2a: Slowbro\n|-damage|p2a: Slowbro|123/300\n|move|p2a: Slowbro|Scald|p1a: Gouging Fire\n|-damage|p1a: Gouging Fire|0 fnt\n|faint|p1a: Gouging Fire\n|-end|p1a: Gouging Fire|Protosynthesis|[silent]\n|\n|-heal|p2a: Slowbro|141/300|[from] item: Leftovers\n|upkeep\n|\n|t:|1781394405\n|switch|p1a: Ho-Oh|Ho-Oh, L71, tera:Steel|117/268\n|turn|33\n|\n|t:|1781394408\n|move|p1a: Ho-Oh|Brave Bird|p2a: Slowbro\n|-damage|p2a: Slowbro|41/300\n|-damage|p1a: Ho-Oh|84/268|[from] Recoil\n|move|p2a: Slowbro|Thunder Wave|p1a: Ho-Oh\n|-status|p1a: Ho-Oh|par\n|\n|-heal|p2a: Slowbro|59/300|[from] item: Leftovers\n|upkeep\n|turn|34\n|\n|t:|1781394413\n|move|p2a: Slowbro|Slack Off|p2a: Slowbro\n|-heal|p2a: Slowbro|209/300\n|cant|p1a: Ho-Oh|par\n|\n|-heal|p2a: Slowbro|227/300|[from] item: Leftovers\n|upkeep\n|turn|35\n|\n|t:|1781394418\n|move|p2a: Slowbro|Scald|p1a: Ho-Oh\n|-damage|p1a: Ho-Oh|12/268 par\n|move|p1a: Ho-Oh|Recover|p1a: Ho-Oh\n|-heal|p1a: Ho-Oh|146/268 par\n|\n|-heal|p2a: Slowbro|245/300|[from] item: Leftovers\n|upkeep\n|turn|36\n|\n|t:|1781394419\n|move|p2a: Slowbro|Psychic Noise|p1a: Ho-Oh\n|-resisted|p1a: Ho-Oh\n|-damage|p1a: Ho-Oh|113/268 par\n|-start|p1a: Ho-Oh|move: Heal Block\n|cant|p1a: Ho-Oh|move: Heal Block|Recover\n|\n|-heal|p2a: Slowbro|263/300|[from] item: Leftovers\n|upkeep\n|turn|37\n|\n|t:|1781394421\n|move|p2a: Slowbro|Scald|p1a: Ho-Oh\n|-damage|p1a: Ho-Oh|43/268 par\n|move|p1a: Ho-Oh|Sacred Fire|p2a: Slowbro\n|-damage|p2a: Slowbro|187/300\n|\n|-heal|p2a: Slowbro|205/300|[from] item: Leftovers\n|-end|p1a: Ho-Oh|move: Heal Block\n|upkeep\n|turn|38\n|\n|t:|1781394424\n|move|p2a: Slowbro|Psychic Noise|p1a: Ho-Oh\n|-resisted|p1a: Ho-Oh\n|-damage|p1a: Ho-Oh|10/268 par\n|-start|p1a: Ho-Oh|move: Heal Block\n|cant|p1a: Ho-Oh|par\n|\n|-heal|p2a: Slowbro|223/300|[from] item: Leftovers\n|upkeep\n|turn|39\n|\n|t:|1781394426\n|move|p2a: Slowbro|Scald|p1a: Ho-Oh\n|-damage|p1a: Ho-Oh|0 fnt\n|faint|p1a: Ho-Oh\n|\n|win|Cheezrat\n", "inputlog": ">version a8376a258c1d4662feba110a92103f3664a72141\n>start {\"formatid\":\"gen9randombattle\",\"seed\":\"sodium,9bb0e595a2dec98951e22f32d6505ee0\",\"rated\":\"Rated battle\"}\n>player p1 {\"name\":\"Colddeckj\",\"avatar\":\"wattson\",\"rating\":2070,\"seed\":\"sodium,e6ab67b8e6c096f0dd537c8b5c611c90\"}\n>player p2 {\"name\":\"Cheezrat\",\"avatar\":\"101\",\"rating\":2024,\"seed\":\"sodium,61ff280be168ef19c8a158933de2e1b2\"}\n>p1 switch 5\n>p2 move uturn\n>p2 switch 4\n>p1 move stealthrock\n>p2 move voltswitch\n>p1 switch 6\n>p2 move voltswitch\n>p1 move fakeout\n>p2 move leafstorm\n>p1 switch 2\n>p2 move voltswitch\n>p2 switch 4\n>p1 switch 6\n>p2 move waterpulse\n>p1 move icebeam\n>p2 move waterpulse\n>p1 move earthquake\n>p2 move waterpulse\n>p1 switch 3\n>p1 move bulletseed\n>p2 move aurasphere\n>p1 switch 4\n>p1 move psychicnoise\n>p2 move uturn\n>p2 switch 2\n>p1 move uturn\n>p2 move thunderwave\n>p1 switch 2\n>p1 move volttackle\n>p2 switch 6\n>p1 move surf\n>p2 move throatchop\n>p1 move surf\n>p2 move throatchop\n>p2 switch 4\n>p1 move volttackle\n>p2 move leafstorm\n>p1 switch 6\n>p1 move bravebird\n>p2 move voltswitch\n>p2 switch 6\n>p1 switch 2\n>p2 move thunderwave\n>p1 move yawn\n>p2 move psychicnoise\n>p1 move yawn\n>p2 move scald\n>p1 move uturn\n>p2 switch 6\n>p1 move uturn\n>p2 move thunderbolt\n>p1 move uturn\n>p2 move thunderbolt\n>p1 switch 2\n>p1 move sacredfire terastallize\n>p2 move thunderbolt\n>p2 switch 6\n>p1 move bravebird\n>p2 move scald\n>p1 switch 2\n>p2 move slackoff\n>p1 move uturn\n>p2 move scald\n>p1 switch 5\n>p1 move dragondance\n>p2 move thunderwave\n>p1 move dragondance\n>p2 move scald\n>p1 move dragondance\n>p2 move scald\n>p1 move morningsun\n>p2 move scald terastallize\n>p1 move heatcrash\n>p2 move psychicnoise\n>p1 move heatcrash\n>p2 move scald\n>p1 switch 2\n>p1 move bravebird\n>p2 move thunderwave\n>p1 move bravebird\n>p2 move slackoff\n>p1 move recover\n>p2 move scald\n>p1 move recover\n>p2 move psychicnoise\n>p1 move sacredfire\n>p2 move scald\n>p1 move sacredfire\n>p2 move psychicnoise\n>p1 move sacredfire\n>p2 move scald", "uploadtime": 1781394000, "views": 5, "formatid": "gen9randombattle", "rating": null, "private": 0, "password": null}