{"id": "gen9randombattle-2631787254", "format": "[Gen 9] Random Battle", "players": ["Ggstarmie", "jsjsiis"], "log": "|j|\u2606Ggstarmie\n|j|\u2606jsjsiis\n|t:|1781439609\n|gametype|singles\n|player|p1|Ggstarmie|1|2061\n|player|p2|jsjsiis|1|2006\n|gen|9\n|tier|[Gen 9] Random Battle\n|rated|\n|rule|Species Clause: Limit one of each Pok\u00e9mon\n|rule|HP Percentage Mod: HP is shown in percentages\n|rule|Sleep Clause Mod: Limit one foe put to sleep\n|rule|Illusion Level Mod: Illusion disguises the Pok\u00e9mon's true level\n|\n|t:|1781439609\n|teamsize|p1|6\n|teamsize|p2|6\n|start\n|switch|p1a: Barraskewda|Barraskewda, L81, F|231/231\n|switch|p2a: Ludicolo|Ludicolo, L90, F|290/290\n|turn|1\n|inactive|Battle timer is ON: inactive players will automatically lose when time's up. (requested by jsjsiis)\n|\n|t:|1781439620\n|move|p1a: Barraskewda|Flip Turn|p2a: Ludicolo\n|-resisted|p2a: Ludicolo\n|-damage|p2a: Ludicolo|262/290\n|\n|t:|1781439622\n|switch|p1a: Venusaur|Venusaur, L84, M|272/272|[from] Flip Turn\n|move|p2a: Ludicolo|Giga Drain|p1a: Venusaur\n|-resisted|p1a: Venusaur\n|-damage|p1a: Venusaur|242/272\n|-heal|p2a: Ludicolo|277/290|[from] drain|[of] p1a: Venusaur\n|\n|-heal|p1a: Venusaur|259/272|[from] item: Leftovers\n|upkeep\n|turn|2\n|\n|t:|1781439627\n|switch|p2a: Bronzong|Bronzong, L88|261/261\n|move|p1a: Venusaur|Sludge Bomb|p2a: Bronzong\n|-immune|p2a: Bronzong\n|\n|-heal|p1a: Venusaur|272/272|[from] item: Leftovers\n|upkeep\n|turn|3\n|\n|t:|1781439633\n|switch|p1a: Malamar|Malamar, L82, M|275/275\n|move|p2a: Bronzong|Stealth Rock|p1a: Malamar\n|-sidestart|p1: Ggstarmie|move: Stealth Rock\n|\n|upkeep\n|turn|4\n|\n|t:|1781439638\n|switch|p2a: Kilowattrel|Kilowattrel, L83, M|252/252\n|move|p1a: Malamar|Superpower|p2a: Kilowattrel\n|-resisted|p2a: Kilowattrel\n|-damage|p2a: Kilowattrel|199/252\n|-boost|p1a: Malamar|atk|1\n|-boost|p1a: Malamar|def|1\n|\n|upkeep\n|turn|5\n|\n|t:|1781439641\n|move|p2a: Kilowattrel|Discharge|p1a: Malamar\n|-crit|p1a: Malamar\n|-damage|p1a: Malamar|124/275\n|-status|p1a: Malamar|par\n|move|p1a: Malamar|Knock Off|p2a: Kilowattrel\n|-damage|p2a: Kilowattrel|7/252\n|-enditem|p2a: Kilowattrel|Heavy-Duty Boots|[from] move: Knock Off|[of] p1a: Malamar\n|\n|upkeep\n|turn|6\n|\n|t:|1781439650\n|switch|p1a: Altaria|Altaria, L89, M|278/278\n|move|p2a: Kilowattrel|U-turn|p1a: Altaria\n|-resisted|p1a: Altaria\n|-damage|p1a: Altaria|261/278\n|\n|t:|1781439658\n|switch|p2a: Ludicolo|Ludicolo, L90, F|277/290|[from] U-turn\n|\n|upkeep\n|turn|7\n|\n|t:|1781439669\n|switch|p1a: Barraskewda|Barraskewda, L81, F|231/231\n|-damage|p1a: Barraskewda|203/231|[from] Stealth Rock\n|move|p2a: Ludicolo|Ice Beam|p1a: Barraskewda\n|-resisted|p1a: Barraskewda\n|-damage|p1a: Barraskewda|130/231\n|\n|upkeep\n|turn|8\n|\n|t:|1781439675\n|move|p1a: Barraskewda|Flip Turn|p2a: Ludicolo\n|-resisted|p2a: Ludicolo\n|-damage|p2a: Ludicolo|249/290\n|\n|t:|1781439677\n|switch|p1a: Venusaur|Venusaur, L84, M|272/272|[from] Flip Turn\n|-damage|p1a: Venusaur|238/272|[from] Stealth Rock\n|move|p2a: Ludicolo|Ice Beam|p1a: Venusaur\n|-supereffective|p1a: Venusaur\n|-damage|p1a: Venusaur|38/272\n|\n|-heal|p1a: Venusaur|55/272|[from] item: Leftovers\n|upkeep\n|turn|9\n|\n|t:|1781439682\n|switch|p2a: Bronzong|Bronzong, L88|261/261\n|move|p1a: Venusaur|Leech Seed|p2a: Bronzong\n|-start|p2a: Bronzong|move: Leech Seed\n|\n|-heal|p1a: Venusaur|72/272|[from] item: Leftovers\n|-damage|p2a: Bronzong|229/261|[from] Leech Seed|[of] p1a: Venusaur\n|-heal|p1a: Venusaur|104/272|[silent]\n|upkeep\n|turn|10\n|\n|t:|1781439688\n|switch|p1a: Malamar|Malamar, L82, M|124/275 par\n|-damage|p1a: Malamar|90/275 par|[from] Stealth Rock\n|switch|p2a: Kilowattrel|Kilowattrel, L83, M|7/252\n|\n|upkeep\n|turn|11\n|\n|t:|1781439694\n|switch|p1a: Altaria|Altaria, L89, M|261/278\n|move|p2a: Kilowattrel|U-turn|p1a: Altaria\n|-resisted|p1a: Altaria\n|-damage|p1a: Altaria|243/278\n|\n|t:|1781439697\n|switch|p2a: Ludicolo|Ludicolo, L90, F|249/290|[from] U-turn\n|\n|upkeep\n|turn|12\n|\n|t:|1781439702\n|move|p1a: Altaria|Brave Bird|p2a: Ludicolo\n|-supereffective|p2a: Ludicolo\n|-damage|p2a: Ludicolo|19/290\n|-damage|p1a: Altaria|167/278|[from] Recoil\n|move|p2a: Ludicolo|Ice Beam|p1a: Altaria\n|-supereffective|p1a: Altaria\n|-damage|p1a: Altaria|0 fnt\n|faint|p1a: Altaria\n|\n|upkeep\n|\n|t:|1781439713\n|switch|p1a: Barraskewda|Barraskewda, L81, F|130/231\n|-damage|p1a: Barraskewda|102/231|[from] Stealth Rock\n|turn|13\n|\n|t:|1781439716\n|move|p1a: Barraskewda|Flip Turn|p2a: Ludicolo\n|-resisted|p2a: Ludicolo\n|-crit|p2a: Ludicolo\n|-damage|p2a: Ludicolo|0 fnt\n|faint|p2a: Ludicolo\n|\n|t:|1781439720\n|switch|p1a: Bruxish|Bruxish, L85, F|254/254|[from] Flip Turn\n|-damage|p1a: Bruxish|223/254|[from] Stealth Rock\n|\n|upkeep\n|\n|t:|1781439731\n|switch|p2a: Virizion|Virizion, L82|283/283\n|turn|14\n|\n|t:|1781439735\n|switch|p2a: Bronzong|Bronzong, L88|229/261\n|move|p1a: Bruxish|Psychic Fangs|p2a: Bronzong\n|-resisted|p2a: Bronzong\n|-damage|p2a: Bronzong|201/261\n|\n|-heal|p2a: Bronzong|217/261|[from] item: Leftovers\n|upkeep\n|turn|15\n|\n|t:|1781439741\n|switch|p1a: Venusaur|Venusaur, L84, M|104/272\n|-damage|p1a: Venusaur|70/272|[from] Stealth Rock\n|move|p2a: Bronzong|Earthquake|p1a: Venusaur\n|-damage|p1a: Venusaur|0 fnt\n|faint|p1a: Venusaur\n|\n|-heal|p2a: Bronzong|233/261|[from] item: Leftovers\n|upkeep\n|\n|t:|1781439751\n|switch|p1a: Stonjourner|Stonjourner, L91, F|330/330\n|-damage|p1a: Stonjourner|289/330|[from] Stealth Rock\n|turn|16\n|\n|t:|1781439755\n|move|p1a: Stonjourner|Stealth Rock|p2a: Bronzong\n|-sidestart|p2: jsjsiis|move: Stealth Rock\n|move|p2a: Bronzong|Psychic Noise|p1a: Stonjourner\n|-damage|p1a: Stonjourner|127/330\n|-start|p1a: Stonjourner|move: Heal Block\n|\n|-heal|p2a: Bronzong|249/261|[from] item: Leftovers\n|upkeep\n|turn|17\n|\n|t:|1781439757\n|move|p1a: Stonjourner|Heat Crash|p2a: Bronzong\n|-supereffective|p2a: Bronzong\n|-damage|p2a: Bronzong|124/261\n|-damage|p1a: Stonjourner|94/330|[from] item: Life Orb\n|move|p2a: Bronzong|Psychic Noise|p1a: Stonjourner\n|-damage|p1a: Stonjourner|0 fnt\n|faint|p1a: Stonjourner\n|\n|-heal|p2a: Bronzong|140/261|[from] item: Leftovers\n|upkeep\n|\n|t:|1781439762\n|switch|p1a: Barraskewda|Barraskewda, L81, F|102/231\n|-damage|p1a: Barraskewda|74/231|[from] Stealth Rock\n|turn|18\n|\n|t:|1781439774\n|move|p1a: Barraskewda|Waterfall|p2a: Bronzong\n|-damage|p2a: Bronzong|34/261\n|move|p2a: Bronzong|Earthquake|p1a: Barraskewda\n|-damage|p1a: Barraskewda|0 fnt\n|faint|p1a: Barraskewda\n|\n|-heal|p2a: Bronzong|50/261|[from] item: Leftovers\n|upkeep\n|\n|t:|1781439788\n|switch|p1a: Malamar|Malamar, L82, M|90/275 par\n|-damage|p1a: Malamar|56/275 par|[from] Stealth Rock\n|turn|19\n|\n|t:|1781439791\n|move|p2a: Bronzong|Earthquake|p1a: Malamar\n|-damage|p1a: Malamar|0 fnt\n|faint|p1a: Malamar\n|\n|-heal|p2a: Bronzong|66/261|[from] item: Leftovers\n|upkeep\n|\n|t:|1781439793\n|switch|p1a: Bruxish|Bruxish, L85, F|223/254\n|-damage|p1a: Bruxish|192/254|[from] Stealth Rock\n|turn|20\n|\n|t:|1781439800\n|move|p1a: Bruxish|Psychic Fangs|p2a: Bronzong\n|-resisted|p2a: Bronzong\n|-damage|p2a: Bronzong|39/261\n|move|p2a: Bronzong|Hypnosis|p1a: Bruxish|[miss]\n|-miss|p2a: Bronzong|p1a: Bruxish\n|\n|-heal|p2a: Bronzong|55/261|[from] item: Leftovers\n|upkeep\n|turn|21\n|\n|t:|1781439803\n|move|p1a: Bruxish|Psychic Fangs|p2a: Bronzong\n|-resisted|p2a: Bronzong\n|-damage|p2a: Bronzong|26/261\n|move|p2a: Bronzong|Hypnosis|p1a: Bruxish\n|-status|p1a: Bruxish|slp|[from] move: Hypnosis\n|\n|-heal|p2a: Bronzong|42/261|[from] item: Leftovers\n|upkeep\n|turn|22\n|-message|Ggstarmie forfeited.\n|\n|win|jsjsiis\n|raw|Ggstarmie's rating: 2061 &rarr; <strong>2038</strong><br />(-23 for losing)\n|raw|jsjsiis's rating: 2006 &rarr; <strong>2029</strong><br />(+23 for winning)\n", "inputlog": ">version a8376a258c1d4662feba110a92103f3664a72141\n>start {\"formatid\":\"gen9randombattle\",\"seed\":\"sodium,53300902059944fb48f4212995ef8966\",\"rated\":\"Rated battle\"}\n>player p1 {\"name\":\"Ggstarmie\",\"avatar\":\"1\",\"rating\":2061,\"seed\":\"sodium,71592d55daaf7f5d7a43e11ad26b8931\"}\n>player p2 {\"name\":\"jsjsiis\",\"avatar\":\"1\",\"rating\":2006,\"seed\":\"sodium,15d055c1f7729b2c223f182307f570fd\"}\n>p1 move flipturn\n>p2 move gigadrain\n>p1 switch 4\n>p1 move sludgebomb\n>p2 switch 3\n>p1 switch 5\n>p2 move stealthrock\n>p1 move superpower\n>p2 switch 5\n>p1 move knockoff\n>p2 move discharge\n>p1 switch 3\n>p2 move uturn\n>p2 switch 3\n>p1 switch 4\n>p2 move icebeam\n>p1 move flipturn\n>p2 move icebeam\n>p1 switch 5\n>p1 move leechseed\n>p2 switch 5\n>p1 switch 3\n>p2 switch 3\n>p1 switch 4\n>p2 move uturn\n>p2 switch 5\n>p1 move bravebird\n>p2 move icebeam\n>p1 switch 5\n>p1 move flipturn\n>p2 move icebeam\n>p1 switch 2\n>p2 switch 4\n>p1 move psychicfangs\n>p2 switch 3\n>p1 switch 3\n>p2 move earthquake\n>p1 switch 6\n>p1 move stealthrock\n>p2 move psychicnoise\n>p1 move heatcrash\n>p2 move psychicnoise\n>p1 switch 2\n>p1 move waterfall\n>p2 move earthquake\n>p1 switch 4\n>p1 move rest\n>p2 move earthquake\n>p1 switch 3\n>p1 move psychicfangs\n>p2 move hypnosis\n>p1 move psychicfangs\n>p2 move hypnosis\n>forcelose p1", "uploadtime": 1781439612, "views": 6, "formatid": "gen9randombattle", "rating": 2029, "private": 0, "password": null}