{"id": "gen9randombattle-2631510694", "format": "[Gen 9] Random Battle", "players": ["Littenluvr777", "Staticgudyg"], "log": "|j|\u2606Littenluvr777\n|j|\u2606Staticgudyg\n|t:|1781394446\n|gametype|singles\n|player|p1|Littenluvr777|n|\n|player|p2|Staticgudyg|266|\n|gen|9\n|tier|[Gen 9] Random Battle\n|rule|Species Clause: Limit one of each Pok\u00e9mon\n|rule|HP Percentage Mod: HP is shown in percentages\n|rule|Sleep Clause Mod: Limit one foe put to sleep\n|rule|Illusion Level Mod: Illusion disguises the Pok\u00e9mon's true level\n|\n|t:|1781394446\n|teamsize|p1|6\n|teamsize|p2|6\n|start\n|switch|p1a: Porygon-Z|Porygon-Z, L83|277/277\n|switch|p2a: Torterra|Torterra, L78, M|276/276\n|turn|1\n|inactive|Battle timer is ON: inactive players will automatically lose when time's up. (requested by Staticgudyg)\n|\n|t:|1781394471\n|move|p1a: Porygon-Z|Nasty Plot|p1a: Porygon-Z\n|-boost|p1a: Porygon-Z|spa|2\n|move|p2a: Torterra|Shell Smash|p2a: Torterra\n|-unboost|p2a: Torterra|def|1\n|-unboost|p2a: Torterra|spd|1\n|-boost|p2a: Torterra|atk|2\n|-boost|p2a: Torterra|spa|2\n|-boost|p2a: Torterra|spe|2\n|\n|upkeep\n|turn|2\n|\n|t:|1781394497\n|-terastallize|p1a: Porygon-Z|Fighting\n|move|p2a: Torterra|Shell Smash|p2a: Torterra\n|-unboost|p2a: Torterra|def|1\n|-unboost|p2a: Torterra|spd|1\n|-boost|p2a: Torterra|atk|2\n|-boost|p2a: Torterra|spa|2\n|-boost|p2a: Torterra|spe|2\n|move|p1a: Porygon-Z|Tera Blast|p2a: Torterra|[anim] Tera Blast Fighting\n|-damage|p2a: Torterra|0 fnt\n|faint|p2a: Torterra\n|-damage|p1a: Porygon-Z|250/277|[from] item: Life Orb\n|\n|upkeep\n|\n|t:|1781394507\n|switch|p2a: Whimsicott|Whimsicott, L84, F|238/238\n|turn|3\n|\n|t:|1781394516\n|move|p2a: Whimsicott|Encore|p1a: Porygon-Z\n|-start|p1a: Porygon-Z|Encore\n|move|p1a: Porygon-Z|Tera Blast|p2a: Whimsicott|[anim] Tera Blast Fighting\n|-resisted|p2a: Whimsicott\n|-damage|p2a: Whimsicott|27/238\n|-damage|p1a: Porygon-Z|223/277|[from] item: Life Orb\n|\n|-heal|p2a: Whimsicott|41/238|[from] item: Leftovers\n|upkeep\n|turn|4\n|\n|t:|1781394526\n|move|p2a: Whimsicott|Stun Spore|p1a: Porygon-Z|[miss]\n|-miss|p2a: Whimsicott|p1a: Porygon-Z\n|move|p1a: Porygon-Z|Tera Blast|p2a: Whimsicott|[anim] Tera Blast Fighting\n|-resisted|p2a: Whimsicott\n|-damage|p2a: Whimsicott|0 fnt\n|faint|p2a: Whimsicott\n|-damage|p1a: Porygon-Z|196/277|[from] item: Life Orb\n|\n|upkeep\n|\n|t:|1781394530\n|switch|p2a: Chimecho|Chimecho, L93, F|290/290\n|turn|5\n|\n|t:|1781394537\n|move|p1a: Porygon-Z|Tera Blast|p2a: Chimecho|[anim] Tera Blast Fighting\n|-resisted|p2a: Chimecho\n|-damage|p2a: Chimecho|130/290\n|-damage|p1a: Porygon-Z|169/277|[from] item: Life Orb\n|move|p2a: Chimecho|Dazzling Gleam|p1a: Porygon-Z\n|-supereffective|p1a: Porygon-Z\n|-damage|p1a: Porygon-Z|21/277\n|\n|-heal|p2a: Chimecho|148/290|[from] item: Leftovers\n|-end|p1a: Porygon-Z|Encore\n|upkeep\n|turn|6\n|\n|t:|1781394549\n|move|p1a: Porygon-Z|Shadow Ball|p2a: Chimecho\n|-supereffective|p2a: Chimecho\n|-damage|p2a: Chimecho|0 fnt\n|faint|p2a: Chimecho\n|-damage|p1a: Porygon-Z|0 fnt|[from] item: Life Orb\n|faint|p1a: Porygon-Z\n|\n|upkeep\n|inactive|Littenluvr777 has 270 seconds left.\n|\n|t:|1781394581\n|switch|p1a: Sableye|Sableye, L88, F|231/231\n|switch|p2a: Ceruledge|Ceruledge, L78, F|245/245\n|turn|7\n|inactive|Littenluvr777 has 270 seconds left.\n|inactive|Staticgudyg has 270 seconds left.\n|\n|t:|1781394597\n|-terastallize|p2a: Ceruledge|Fighting\n|move|p1a: Sableye|Thunder Wave|p2a: Ceruledge\n|-status|p2a: Ceruledge|par\n|move|p2a: Ceruledge|Swords Dance|p2a: Ceruledge\n|-boost|p2a: Ceruledge|atk|2\n|\n|upkeep\n|turn|8\n|inactive|Littenluvr777 has 270 seconds left.\n|\n|t:|1781394606\n|move|p1a: Sableye|Encore|p2a: Ceruledge\n|-start|p2a: Ceruledge|Encore\n|move|p2a: Ceruledge|Swords Dance|p2a: Ceruledge\n|-boost|p2a: Ceruledge|atk|2\n|\n|upkeep\n|turn|9\n|\n|t:|1781394614\n|move|p1a: Sableye|Knock Off|p2a: Ceruledge\n|-resisted|p2a: Ceruledge\n|-damage|p2a: Ceruledge|190/245 par\n|-ability|p2a: Ceruledge|Weak Armor|boost\n|-unboost|p2a: Ceruledge|def|1\n|-boost|p2a: Ceruledge|spe|2\n|-enditem|p2a: Ceruledge|Heavy-Duty Boots|[from] move: Knock Off|[of] p1a: Sableye\n|cant|p2a: Ceruledge|par\n|\n|upkeep\n|turn|10\n|\n|t:|1781394628\n|switch|p1a: Gallade|Gallade, L80, M|240/240\n|move|p2a: Ceruledge|Swords Dance|p2a: Ceruledge\n|-boost|p2a: Ceruledge|atk|2\n|\n|-end|p2a: Ceruledge|Encore\n|upkeep\n|turn|11\n|\n|t:|1781394640\n|move|p2a: Ceruledge|Bitter Blade|p1a: Gallade\n|-damage|p1a: Gallade|0 fnt\n|-heal|p2a: Ceruledge|245/245 par|[from] drain|[of] p1a: Gallade\n|faint|p1a: Gallade\n|\n|upkeep\n|inactive|Littenluvr777 has 270 seconds left.\n|\n|t:|1781394660\n|switch|p1a: Noctowl|Noctowl, L95, M|344/344\n|turn|12\n|\n|t:|1781394668\n|move|p1a: Noctowl|Hurricane|p2a: Ceruledge|[miss]\n|-miss|p1a: Noctowl|p2a: Ceruledge\n|move|p2a: Ceruledge|Bitter Blade|p1a: Noctowl\n|-damage|p1a: Noctowl|0 fnt\n|faint|p1a: Noctowl\n|\n|upkeep\n|\n|t:|1781394684\n|switch|p1a: Cinderace|Cinderace, L77, F|250/250\n|turn|13\n|\n|t:|1781394689\n|move|p1a: Cinderace|Pyro Ball|p2a: Ceruledge\n|-damage|p2a: Ceruledge|22/245 par\n|-ability|p2a: Ceruledge|Weak Armor|boost\n|-unboost|p2a: Ceruledge|def|1\n|-boost|p2a: Ceruledge|spe|2\n|move|p2a: Ceruledge|Close Combat|p1a: Cinderace\n|-damage|p1a: Cinderace|0 fnt\n|-unboost|p2a: Ceruledge|def|1\n|-unboost|p2a: Ceruledge|spd|1\n|faint|p1a: Cinderace\n|\n|upkeep\n|\n|t:|1781394705\n|switch|p1a: Sableye|Sableye, L88, F|231/231\n|turn|14\n|\n|t:|1781394710\n|move|p2a: Ceruledge|Bitter Blade|p1a: Sableye\n|-crit|p1a: Sableye\n|-damage|p1a: Sableye|0 fnt\n|-heal|p2a: Ceruledge|138/245 par|[from] drain|[of] p1a: Sableye\n|faint|p1a: Sableye\n|\n|upkeep\n|\n|t:|1781394717\n|switch|p1a: Iron Hands|Iron Hands, L79|373/373\n|turn|15\n|\n|t:|1781394727\n|move|p2a: Ceruledge|Bitter Blade|p1a: Iron Hands\n|-damage|p1a: Iron Hands|0 fnt\n|-heal|p2a: Ceruledge|245/245 par|[from] drain|[of] p1a: Iron Hands\n|faint|p1a: Iron Hands\n|-end|p1a: Iron Hands|Quark Drive|[silent]\n|\n|win|Staticgudyg\n|l|\u2606Staticgudyg\n|player|p2|\n", "inputlog": ">version a8376a258c1d4662feba110a92103f3664a72141\n>start {\"formatid\":\"gen9randombattle\",\"seed\":\"sodium,0be9fd86db875cc1bcad97b3072de4a9\"}\n>player p1 {\"name\":\"Littenluvr777\",\"avatar\":\"n\",\"rating\":0,\"seed\":\"sodium,f99f0108cf7266b1d3c937393df99a18\"}\n>player p2 {\"name\":\"Staticgudyg\",\"avatar\":\"266\",\"rating\":0,\"seed\":\"sodium,1e1e4b20b14901bcb115a2f337f570fa\"}\n>p1 move nastyplot\n>p2 move shellsmash\n>p1 move terablast terastallize\n>p2 move shellsmash\n>p2 switch 5\n>p1 move shadowball\n>p2 move encore\n>p1 move terablast\n>p2 move stunspore\n>p2 switch 2\n>p1 move terablast\n>p2 move dazzlinggleam\n>p1 move shadowball\n>p2 move dazzlinggleam\n>p1 switch 3\n>p2 switch 6\n>p1 move thunderwave\n>p2 move swordsdance terastallize\n>p1 move encore\n>p2 move bitterblade\n>p1 move knockoff\n>p2 move swordsdance\n>p1 switch 5\n>p2 move swordsdance\n>p1 move psychocut\n>p2 move bitterblade\n>p1 switch 6\n>p1 move hurricane\n>p2 move bitterblade\n>p1 switch 2\n>p1 move pyroball\n>p2 move closecombat\n>p1 switch 5\n>p1 move knockoff\n>p2 move bitterblade\n>p1 switch 4\n>p1 move wildcharge\n>p2 move bitterblade", "uploadtime": 1781394734, "views": 6, "formatid": "gen9randombattle", "rating": null, "private": 0, "password": null}