{"id": "gen9randombattle-2631919766", "format": "[Gen 9] Random Battle", "players": ["S\ufe0fMystX", "ftaochaphet"], "log": "|j|\u2606S\ufe0fMystX\n|j|\u2606ftaochaphet\n|t:|1781455670\n|gametype|singles\n|player|p1|S\ufe0fMystX|1|2141\n|player|p2|ftaochaphet|265|2216\n|gen|9\n|tier|[Gen 9] Random Battle\n|rated|\n|rule|Species Clause: Limit one of each Pok\u00e9mon\n|rule|HP Percentage Mod: HP is shown in percentages\n|rule|Sleep Clause Mod: Limit one foe put to sleep\n|rule|Illusion Level Mod: Illusion disguises the Pok\u00e9mon's true level\n|\n|t:|1781455670\n|teamsize|p1|6\n|teamsize|p2|6\n|start\n|switch|p1a: Metagross|Metagross, L79|256/256\n|switch|p2a: Morpeko|Morpeko, L88, F|245/245\n|turn|1\n|inactive|Battle timer is ON: inactive players will automatically lose when time's up. (requested by ftaochaphet)\n|\n|t:|1781455681\n|move|p2a: Morpeko|Aura Wheel|p1a: Metagross\n|-damage|p1a: Metagross|148/256\n|-boost|p2a: Morpeko|spe|1\n|move|p1a: Metagross|Stealth Rock|p2a: Morpeko\n|-sidestart|p2: ftaochaphet|move: Stealth Rock\n|\n|-heal|p1a: Metagross|164/256|[from] item: Leftovers\n|-formechange|p2a: Morpeko|Morpeko-Hangry||[from] ability: Hunger Switch\n|upkeep\n|turn|2\n|\n|t:|1781455689\n|switch|p1a: Diancie|Diancie, L82|216/216\n|move|p2a: Morpeko|Rapid Spin|p1a: Diancie\n|-resisted|p1a: Diancie\n|-damage|p1a: Diancie|204/216\n|-boost|p2a: Morpeko|spe|1\n|-sideend|p2: ftaochaphet|Stealth Rock|[from] move: Rapid Spin|[of] p2a: Morpeko\n|\n|-formechange|p2a: Morpeko|Morpeko||[from] ability: Hunger Switch\n|upkeep\n|turn|3\n|\n|t:|1781455697\n|switch|p2a: Calyrex|Calyrex, L93|337/337\n|-ability|p2a: Calyrex|Unnerve\n|move|p1a: Diancie|Body Press|p2a: Calyrex\n|-resisted|p2a: Calyrex\n|-damage|p2a: Calyrex|301/337\n|\n|-heal|p2a: Calyrex|322/337|[from] item: Leftovers\n|upkeep\n|turn|4\n|\n|t:|1781455713\n|switch|p1a: Salazzle|Salazzle, L83, F|249/249\n|move|p2a: Calyrex|Calm Mind|p2a: Calyrex\n|-boost|p2a: Calyrex|spa|1\n|-boost|p2a: Calyrex|spd|1\n|\n|-heal|p2a: Calyrex|337/337|[from] item: Leftovers\n|upkeep\n|turn|5\n|\n|t:|1781455722\n|switch|p1a: Metagross|Metagross, L79|164/256\n|move|p2a: Calyrex|Psyshock|p1a: Metagross\n|-resisted|p1a: Metagross\n|-damage|p1a: Metagross|139/256\n|\n|-heal|p1a: Metagross|155/256|[from] item: Leftovers\n|upkeep\n|turn|6\n|\n|t:|1781455729\n|move|p2a: Calyrex|Calm Mind|p2a: Calyrex\n|-boost|p2a: Calyrex|spa|1\n|-boost|p2a: Calyrex|spd|1\n|move|p1a: Metagross|Heavy Slam|p2a: Calyrex\n|-damage|p2a: Calyrex|196/337\n|\n|-heal|p2a: Calyrex|217/337|[from] item: Leftovers\n|-heal|p1a: Metagross|171/256|[from] item: Leftovers\n|upkeep\n|turn|7\n|\n|t:|1781455740\n|move|p2a: Calyrex|Giga Drain|p1a: Metagross\n|-resisted|p1a: Metagross\n|-damage|p1a: Metagross|90/256\n|-heal|p2a: Calyrex|258/337|[from] drain|[of] p1a: Metagross\n|move|p1a: Metagross|Heavy Slam|p2a: Calyrex\n|-damage|p2a: Calyrex|108/337\n|\n|-heal|p2a: Calyrex|129/337|[from] item: Leftovers\n|-heal|p1a: Metagross|106/256|[from] item: Leftovers\n|upkeep\n|turn|8\n|\n|t:|1781455751\n|move|p2a: Calyrex|Giga Drain|p1a: Metagross\n|-resisted|p1a: Metagross\n|-damage|p1a: Metagross|16/256\n|-heal|p2a: Calyrex|174/337|[from] drain|[of] p1a: Metagross\n|move|p1a: Metagross|Heavy Slam|p2a: Calyrex\n|-damage|p2a: Calyrex|36/337\n|\n|-heal|p2a: Calyrex|57/337|[from] item: Leftovers\n|-heal|p1a: Metagross|32/256|[from] item: Leftovers\n|upkeep\n|turn|9\n|\n|t:|1781455755\n|move|p1a: Metagross|Bullet Punch|p2a: Calyrex\n|-damage|p2a: Calyrex|11/337\n|move|p2a: Calyrex|Giga Drain|p1a: Metagross\n|-resisted|p1a: Metagross\n|-damage|p1a: Metagross|0 fnt\n|-heal|p2a: Calyrex|27/337|[from] drain|[of] p1a: Metagross\n|faint|p1a: Metagross\n|\n|-heal|p2a: Calyrex|48/337|[from] item: Leftovers\n|upkeep\n|\n|t:|1781455767\n|switch|p1a: Flygon|Flygon, L82, F|265/265\n|turn|10\n|\n|t:|1781455772\n|move|p1a: Flygon|Stone Edge|p2a: Calyrex|[miss]\n|-miss|p1a: Flygon|p2a: Calyrex\n|move|p2a: Calyrex|Giga Drain|p1a: Flygon\n|-damage|p1a: Flygon|96/265\n|-heal|p2a: Calyrex|133/337|[from] drain|[of] p1a: Flygon\n|\n|-heal|p2a: Calyrex|154/337|[from] item: Leftovers\n|upkeep\n|turn|11\n|\n|t:|1781455777\n|move|p1a: Flygon|Outrage|p2a: Calyrex\n|-damage|p2a: Calyrex|36/337\n|move|p2a: Calyrex|Giga Drain|p1a: Flygon\n|-crit|p1a: Flygon\n|-damage|p1a: Flygon|0 fnt\n|-heal|p2a: Calyrex|84/337|[from] drain|[of] p1a: Flygon\n|faint|p1a: Flygon\n|\n|-heal|p2a: Calyrex|105/337|[from] item: Leftovers\n|upkeep\n|\n|t:|1781455794\n|switch|p1a: Salazzle|Salazzle, L83, F|249/249\n|turn|12\n|\n|t:|1781455806\n|move|p1a: Salazzle|Toxic|p2a: Calyrex\n|-status|p2a: Calyrex|tox\n|move|p2a: Calyrex|Psyshock|p1a: Salazzle\n|-supereffective|p1a: Salazzle\n|-damage|p1a: Salazzle|0 fnt\n|faint|p1a: Salazzle\n|\n|-heal|p2a: Calyrex|126/337 tox|[from] item: Leftovers\n|-damage|p2a: Calyrex|105/337 tox|[from] psn\n|upkeep\n|\n|t:|1781455815\n|switch|p1a: Sableye|Sableye, L88, M|231/231\n|turn|13\n|\n|t:|1781455827\n|switch|p2a: Indeedee|Indeedee, L84, M|238/238\n|-fieldstart|move: Psychic Terrain|[from] ability: Psychic Surge|[of] p2a: Indeedee\n|move|p1a: Sableye|Encore|p2a: Indeedee\n|-activate|p2a: Indeedee|move: Psychic Terrain\n|\n|upkeep\n|turn|14\n|\n|t:|1781455835\n|switch|p2a: Morpeko|Morpeko, L88, F|245/245\n|move|p1a: Sableye|Knock Off|p2a: Morpeko\n|-resisted|p2a: Morpeko\n|-damage|p2a: Morpeko|185/245\n|-enditem|p2a: Morpeko|Heavy-Duty Boots|[from] move: Knock Off|[of] p1a: Sableye\n|\n|-formechange|p2a: Morpeko|Morpeko-Hangry||[from] ability: Hunger Switch\n|upkeep\n|turn|15\n|\n|t:|1781455841\n|switch|p1a: Diancie|Diancie, L82|204/216\n|move|p2a: Morpeko|Parting Shot|p1a: Diancie\n|-fail|p1a: Diancie|unboost|[from] ability: Clear Body|[of] p1a: Diancie\n|\n|-formechange|p2a: Morpeko|Morpeko||[from] ability: Hunger Switch\n|upkeep\n|turn|16\n|\n|t:|1781455849\n|switch|p2a: Calyrex|Calyrex, L93|105/337 tox\n|-ability|p2a: Calyrex|Unnerve\n|move|p1a: Diancie|Diamond Storm|p2a: Calyrex\n|-damage|p2a: Calyrex|9/337 tox\n|-boost|p1a: Diancie|def|2\n|\n|-heal|p2a: Calyrex|30/337 tox|[from] item: Leftovers\n|-damage|p2a: Calyrex|9/337 tox|[from] psn\n|upkeep\n|turn|17\n|\n|t:|1781455863\n|switch|p1a: Sableye|Sableye, L88, M|231/231\n|move|p2a: Calyrex|Giga Drain|p1a: Sableye\n|-damage|p1a: Sableye|137/231\n|-heal|p2a: Calyrex|56/337 tox|[from] drain|[of] p1a: Sableye\n|\n|-heal|p2a: Calyrex|77/337 tox|[from] item: Leftovers\n|-heal|p1a: Sableye|151/231|[from] item: Leftovers\n|-damage|p2a: Calyrex|35/337 tox|[from] psn\n|-fieldend|move: Psychic Terrain\n|upkeep\n|turn|18\n|\n|t:|1781455869\n|move|p1a: Sableye|Recover|p1a: Sableye\n|-heal|p1a: Sableye|231/231\n|move|p2a: Calyrex|Giga Drain|p1a: Sableye\n|-damage|p1a: Sableye|128/231\n|-heal|p2a: Calyrex|87/337 tox|[from] drain|[of] p1a: Sableye\n|\n|-heal|p2a: Calyrex|108/337 tox|[from] item: Leftovers\n|-heal|p1a: Sableye|142/231|[from] item: Leftovers\n|-damage|p2a: Calyrex|45/337 tox|[from] psn\n|upkeep\n|turn|19\n|\n|t:|1781455878\n|move|p1a: Sableye|Recover|p1a: Sableye\n|-heal|p1a: Sableye|231/231\n|move|p2a: Calyrex|Encore|p1a: Sableye\n|-start|p1a: Sableye|Encore\n|\n|-heal|p2a: Calyrex|66/337 tox|[from] item: Leftovers\n|-damage|p2a: Calyrex|0 fnt|[from] psn\n|faint|p2a: Calyrex\n|upkeep\n|\n|t:|1781455885\n|switch|p2a: Pikachu|Pikachu-Unova, L93, M|216/216\n|turn|20\n|\n|t:|1781455892\n|switch|p1a: Clawitzer|Clawitzer, L87, M|265/265\n|move|p2a: Pikachu|Volt Tackle|p1a: Clawitzer\n|-supereffective|p1a: Clawitzer\n|-damage|p1a: Clawitzer|0 fnt\n|faint|p1a: Clawitzer\n|-damage|p2a: Pikachu|129/216|[from] Recoil\n|\n|upkeep\n|\n|t:|1781455896\n|switch|p1a: Diancie|Diancie, L82|204/216\n|turn|21\n|\n|t:|1781455908\n|switch|p2a: Dunsparce|Dunsparce, L86, F|312/312\n|move|p1a: Diancie|Diamond Storm|p2a: Dunsparce\n|-damage|p2a: Dunsparce|233/312\n|\n|upkeep\n|turn|22\n|\n|t:|1781455914\n|move|p1a: Diancie|Diamond Storm|p2a: Dunsparce\n|-damage|p2a: Dunsparce|154/312\n|-boost|p1a: Diancie|def|2\n|move|p2a: Dunsparce|Body Slam|p1a: Diancie\n|-resisted|p1a: Diancie\n|-damage|p1a: Diancie|192/216\n|-status|p1a: Diancie|par\n|\n|upkeep\n|turn|23\n|\n|t:|1781455920\n|move|p2a: Dunsparce|Earthquake|p1a: Diancie\n|-supereffective|p1a: Diancie\n|-damage|p1a: Diancie|150/216 par\n|cant|p1a: Diancie|par\n|\n|upkeep\n|turn|24\n|\n|t:|1781455924\n|move|p2a: Dunsparce|Earthquake|p1a: Diancie\n|-supereffective|p1a: Diancie\n|-damage|p1a: Diancie|110/216 par\n|cant|p1a: Diancie|par\n|\n|upkeep\n|turn|25\n|\n|t:|1781455928\n|move|p2a: Dunsparce|Earthquake|p1a: Diancie\n|-supereffective|p1a: Diancie\n|-damage|p1a: Diancie|70/216 par\n|move|p1a: Diancie|Diamond Storm|p2a: Dunsparce\n|-damage|p2a: Dunsparce|79/312\n|-boost|p1a: Diancie|def|2\n|\n|upkeep\n|turn|26\n|\n|t:|1781455931\n|move|p2a: Dunsparce|Earthquake|p1a: Diancie\n|-supereffective|p1a: Diancie\n|-damage|p1a: Diancie|44/216 par\n|move|p1a: Diancie|Body Press|p2a: Dunsparce\n|-supereffective|p2a: Dunsparce\n|-damage|p2a: Dunsparce|0 fnt\n|faint|p2a: Dunsparce\n|\n|upkeep\n|\n|t:|1781455941\n|switch|p2a: Indeedee|Indeedee, L84, M|238/238\n|-fieldstart|move: Psychic Terrain|[from] ability: Psychic Surge|[of] p2a: Indeedee\n|turn|27\n|\n|t:|1781455944\n|switch|p1a: Sableye|Sableye, L88, M|231/231\n|move|p2a: Indeedee|Dazzling Gleam|p1a: Sableye\n|-supereffective|p1a: Sableye\n|-damage|p1a: Sableye|33/231\n|\n|-heal|p1a: Sableye|47/231|[from] item: Leftovers\n|upkeep\n|turn|28\n|\n|t:|1781455955\n|-terastallize|p1a: Sableye|Poison\n|move|p1a: Sableye|Recover|p1a: Sableye\n|-heal|p1a: Sableye|163/231\n|move|p2a: Indeedee|Dazzling Gleam|p1a: Sableye\n|-resisted|p1a: Sableye\n|-crit|p1a: Sableye\n|-damage|p1a: Sableye|85/231\n|\n|-heal|p1a: Sableye|99/231|[from] item: Leftovers\n|upkeep\n|turn|29\n|\n|t:|1781455962\n|switch|p2a: Pikachu|Pikachu-Unova, L93, M|129/216\n|move|p1a: Sableye|Knock Off|p2a: Pikachu\n|-damage|p2a: Pikachu|0 fnt\n|-enditem|p2a: Pikachu|Light Ball|[from] move: Knock Off|[of] p1a: Sableye\n|faint|p2a: Pikachu\n|\n|-heal|p1a: Sableye|113/231|[from] item: Leftovers\n|upkeep\n|\n|t:|1781455965\n|switch|p2a: Indeedee|Indeedee, L84, M|238/238\n|turn|30\n|\n|t:|1781455973\n|-terastallize|p2a: Indeedee|Psychic\n|move|p1a: Sableye|Recover|p1a: Sableye\n|-heal|p1a: Sableye|229/231\n|move|p2a: Indeedee|Expanding Force|p1a: Sableye\n|-supereffective|p1a: Sableye\n|-damage|p1a: Sableye|0 fnt\n|faint|p1a: Sableye\n|\n|upkeep\n|\n|t:|1781455980\n|switch|p1a: Diancie|Diancie, L82|44/216 par\n|turn|31\n|\n|t:|1781455984\n|move|p2a: Indeedee|Expanding Force|p1a: Diancie\n|-damage|p1a: Diancie|0 fnt\n|faint|p1a: Diancie\n|\n|win|ftaochaphet\n", "inputlog": ">version a8376a258c1d4662feba110a92103f3664a72141\n>start {\"formatid\":\"gen9randombattle\",\"seed\":\"sodium,d8c4a42d7d03ef982fc447392bbc3976\",\"rated\":\"Rated battle\"}\n>player p1 {\"name\":\"S\ufe0fMystX\",\"avatar\":\"1\",\"rating\":2141,\"seed\":\"sodium,00c40ca387d60d25dc691acc614ee08b\"}\n>player p2 {\"name\":\"ftaochaphet\",\"avatar\":\"265\",\"rating\":2216,\"seed\":\"sodium,fbe93c9da48bed61169a7f3beea9d2b5\"}\n>p1 move stealthrock\n>p2 move aurawheel\n>p1 switch 5\n>p2 move rapidspin\n>p1 move bodypress\n>p2 switch 6\n>p1 switch 3\n>p2 move calmmind\n>p1 switch 5\n>p2 move psyshock\n>p1 move heavyslam\n>p2 move calmmind\n>p1 move heavyslam\n>p2 move gigadrain\n>p1 move heavyslam\n>p2 move gigadrain\n>p1 move bulletpunch\n>p2 move gigadrain\n>p1 switch 6\n>p1 move stoneedge\n>p2 move gigadrain\n>p1 move outrage\n>p2 move gigadrain\n>p1 switch 5\n>p1 move toxic\n>p2 move psyshock\n>p1 switch 2\n>p1 move encore\n>p2 switch 4\n>p1 move knockoff\n>p2 switch 6\n>p1 switch 3\n>p2 move partingshot\n>p1 move diamondstorm\n>p2 switch 4\n>p1 switch 3\n>p2 move gigadrain\n>p1 move recover\n>p2 move gigadrain\n>p1 move recover\n>p2 move encore\n>p2 switch 2\n>p1 switch 4\n>p2 move volttackle\n>p1 switch 3\n>p1 move diamondstorm\n>p2 switch 5\n>p1 move diamondstorm\n>p2 move bodyslam\n>p1 move diamondstorm\n>p2 move earthquake\n>p1 move diamondstorm\n>p2 move earthquake\n>p1 move diamondstorm\n>p2 move earthquake\n>p1 move bodypress\n>p2 move earthquake\n>p2 switch 6\n>p1 switch 4\n>p2 move dazzlinggleam\n>p1 move recover terastallize\n>p2 move dazzlinggleam\n>p1 move knockoff\n>p2 switch 5\n>p2 switch 5\n>p1 move recover\n>p2 move expandingforce terastallize\n>p1 switch 4\n>p1 move bodypress\n>p2 move expandingforce", "uploadtime": 1781455672, "views": 5, "formatid": "gen9randombattle", "rating": null, "private": 0, "password": null}