{"id": "gen9randombattle-2631375867", "format": "[Gen 9] Random Battle", "players": ["franzy613", "Pepe Zombi"], "log": "|j|\u2606franzy613\n|j|\u2606Pepe Zombi\n|t:|1781377301\n|gametype|singles\n|player|p1|franzy613|flannery|1959\n|player|p2|Pepe Zombi|miku-ghost|2177\n|gen|9\n|tier|[Gen 9] Random Battle\n|rated|\n|rule|Species Clause: Limit one of each Pok\u00e9mon\n|rule|HP Percentage Mod: HP is shown in percentages\n|rule|Sleep Clause Mod: Limit one foe put to sleep\n|rule|Illusion Level Mod: Illusion disguises the Pok\u00e9mon's true level\n|\n|t:|1781377301\n|teamsize|p1|6\n|teamsize|p2|6\n|start\n|switch|p1a: Magnezone|Magnezone, L85|258/258\n|switch|p2a: Uxie|Uxie, L83|260/260\n|turn|1\n|inactive|Battle timer is ON: inactive players will automatically lose when time's up. (requested by Pepe Zombi)\n|inactive|franzy613 also wants the timer to be on.\n|\n|t:|1781377320\n|switch|p1a: Skeledirge|Skeledirge, L79, M|294/294\n|move|p2a: Uxie|Knock Off|p1a: Skeledirge\n|-supereffective|p1a: Skeledirge\n|-damage|p1a: Skeledirge|188/294\n|-enditem|p1a: Skeledirge|Heavy-Duty Boots|[from] move: Knock Off|[of] p2a: Uxie\n|\n|upkeep\n|turn|2\n|\n|t:|1781377326\n|move|p2a: Uxie|Thunder Wave|p1a: Skeledirge\n|-status|p1a: Skeledirge|par\n|cant|p1a: Skeledirge|par\n|\n|upkeep\n|turn|3\n|\n|t:|1781377331\n|move|p2a: Uxie|Psychic Noise|p1a: Skeledirge\n|-damage|p1a: Skeledirge|109/294 par\n|-start|p1a: Skeledirge|move: Heal Block\n|cant|p1a: Skeledirge|move: Heal Block|Slack Off\n|\n|upkeep\n|turn|4\n|\n|t:|1781377341\n|move|p2a: Uxie|Knock Off|p1a: Skeledirge\n|-supereffective|p1a: Skeledirge\n|-damage|p1a: Skeledirge|35/294 par\n|move|p1a: Skeledirge|Will-O-Wisp|p2a: Uxie\n|-status|p2a: Uxie|brn\n|\n|-damage|p2a: Uxie|244/260 brn|[from] brn\n|-end|p1a: Skeledirge|move: Heal Block\n|upkeep\n|turn|5\n|\n|t:|1781377348\n|switch|p1a: Magnezone|Magnezone, L85|258/258\n|move|p2a: Uxie|Psychic Noise|p1a: Magnezone\n|-resisted|p1a: Magnezone\n|-damage|p1a: Magnezone|227/258\n|-start|p1a: Magnezone|move: Heal Block\n|\n|-heal|p2a: Uxie|260/260 brn|[from] item: Leftovers\n|-damage|p2a: Uxie|244/260 brn|[from] brn\n|upkeep\n|turn|6\n|\n|t:|1781377351\n|move|p2a: Uxie|Knock Off|p1a: Magnezone\n|-damage|p1a: Magnezone|205/258\n|-enditem|p1a: Magnezone|Leftovers|[from] move: Knock Off|[of] p2a: Uxie\n|move|p1a: Magnezone|Iron Defense|p1a: Magnezone\n|-boost|p1a: Magnezone|def|2\n|\n|-heal|p2a: Uxie|260/260 brn|[from] item: Leftovers\n|-damage|p2a: Uxie|244/260 brn|[from] brn\n|-end|p1a: Magnezone|move: Heal Block\n|upkeep\n|turn|7\n|\n|t:|1781377357\n|move|p2a: Uxie|Encore|p1a: Magnezone\n|-start|p1a: Magnezone|Encore\n|move|p1a: Magnezone|Iron Defense|p1a: Magnezone\n|-boost|p1a: Magnezone|def|2\n|\n|-heal|p2a: Uxie|260/260 brn|[from] item: Leftovers\n|-damage|p2a: Uxie|244/260 brn|[from] brn\n|upkeep\n|turn|8\n|\n|t:|1781377371\n|switch|p2a: Delphox|Delphox, L84, M|263/263\n|switch|p1a: Skeledirge|Skeledirge, L79, M|35/294 par\n|\n|upkeep\n|turn|9\n|\n|t:|1781377375\n|move|p2a: Delphox|Psyshock|p1a: Skeledirge\n|-damage|p1a: Skeledirge|0 fnt\n|faint|p1a: Skeledirge\n|\n|upkeep\n|\n|t:|1781377379\n|switch|p1a: Komala|Komala, L88, F|258/258\n|-ability|p1a: Komala|Comatose\n|turn|10\n|\n|t:|1781377383\n|switch|p2a: Qwilfish|Qwilfish-Hisui, L83, M|244/244\n|-ability|p2a: Qwilfish|Intimidate|boost\n|-unboost|p1a: Komala|atk|1\n|move|p1a: Komala|Knock Off|p2a: Qwilfish\n|-resisted|p2a: Qwilfish\n|-damage|p2a: Qwilfish|223/244\n|-enditem|p2a: Qwilfish|Eviolite|[from] move: Knock Off|[of] p1a: Komala\n|\n|upkeep\n|turn|11\n|\n|t:|1781377398\n|move|p2a: Qwilfish|Crunch|p1a: Komala\n|-damage|p1a: Komala|159/258\n|move|p1a: Komala|U-turn|p2a: Qwilfish\n|-damage|p2a: Qwilfish|178/244\n|\n|t:|1781377406\n|switch|p1a: Magnezone|Magnezone, L85|205/258|[from] U-turn\n|\n|upkeep\n|turn|12\n|\n|t:|1781377409\n|switch|p1a: Heracross|Heracross, L80, F|259/259\n|move|p2a: Qwilfish|Taunt|p1a: Heracross\n|-start|p1a: Heracross|move: Taunt\n|\n|upkeep\n|turn|13\n|\n|t:|1781377413\n|move|p1a: Heracross|Earthquake|p2a: Qwilfish\n|-supereffective|p2a: Qwilfish\n|-damage|p2a: Qwilfish|4/244\n|move|p2a: Qwilfish|Spikes|p1a: Heracross\n|-sidestart|p1: franzy613|Spikes\n|\n|upkeep\n|turn|14\n|\n|t:|1781377417\n|switch|p1a: Magnezone|Magnezone, L85|205/258\n|-damage|p1a: Magnezone|173/258|[from] Spikes\n|switch|p2a: Uxie|Uxie, L83|244/260 brn\n|\n|-heal|p2a: Uxie|260/260 brn|[from] item: Leftovers\n|-damage|p2a: Uxie|244/260 brn|[from] brn\n|upkeep\n|turn|15\n|\n|t:|1781377422\n|move|p2a: Uxie|Psychic Noise|p1a: Magnezone\n|-resisted|p1a: Magnezone\n|-damage|p1a: Magnezone|143/258\n|-start|p1a: Magnezone|move: Heal Block\n|move|p1a: Magnezone|Flash Cannon|p2a: Uxie\n|-damage|p2a: Uxie|163/260 brn\n|\n|-heal|p2a: Uxie|179/260 brn|[from] item: Leftovers\n|-damage|p2a: Uxie|163/260 brn|[from] brn\n|upkeep\n|turn|16\n|\n|t:|1781377425\n|move|p2a: Uxie|Psychic Noise|p1a: Magnezone\n|-resisted|p1a: Magnezone\n|-damage|p1a: Magnezone|114/258\n|move|p1a: Magnezone|Discharge|p2a: Uxie\n|-crit|p2a: Uxie\n|-damage|p2a: Uxie|34/260 brn\n|\n|-heal|p2a: Uxie|50/260 brn|[from] item: Leftovers\n|-damage|p2a: Uxie|34/260 brn|[from] brn\n|-end|p1a: Magnezone|move: Heal Block\n|upkeep\n|turn|17\n|\n|t:|1781377427\n|move|p2a: Uxie|Psychic Noise|p1a: Magnezone\n|-resisted|p1a: Magnezone\n|-damage|p1a: Magnezone|82/258\n|-start|p1a: Magnezone|move: Heal Block\n|move|p1a: Magnezone|Discharge|p2a: Uxie\n|-damage|p2a: Uxie|0 fnt\n|faint|p2a: Uxie\n|\n|upkeep\n|\n|t:|1781377431\n|switch|p2a: Breloom|Breloom, L83, F|235/235\n|turn|18\n|\n|t:|1781377438\n|switch|p1a: Mesprit|Mesprit, L85|275/275\n|move|p2a: Breloom|Mach Punch|p1a: Mesprit\n|-resisted|p1a: Mesprit\n|-damage|p1a: Mesprit|232/275\n|-damage|p2a: Breloom|212/235|[from] item: Life Orb\n|\n|-heal|p1a: Mesprit|249/275|[from] item: Leftovers\n|upkeep\n|turn|19\n|\n|t:|1781377444\n|switch|p2a: Qwilfish|Qwilfish-Hisui, L83, M|4/244\n|-ability|p2a: Qwilfish|Intimidate|boost\n|-unboost|p1a: Mesprit|atk|1\n|move|p1a: Mesprit|Thunder Wave|p2a: Qwilfish|[miss]\n|-miss|p1a: Mesprit|p2a: Qwilfish\n|\n|-heal|p1a: Mesprit|266/275|[from] item: Leftovers\n|upkeep\n|turn|20\n|c|\u2606franzy613|XD\n|\n|t:|1781377464\n|switch|p1a: Carbink|Carbink, L90|236/236\n|-damage|p1a: Carbink|207/236|[from] Spikes\n|move|p2a: Qwilfish|Taunt|p1a: Carbink\n|-start|p1a: Carbink|move: Taunt\n|\n|-heal|p1a: Carbink|221/236|[from] item: Leftovers\n|upkeep\n|turn|21\n|\n|t:|1781377470\n|move|p2a: Qwilfish|Gunk Shot|p1a: Carbink\n|-damage|p1a: Carbink|149/236\n|-status|p1a: Carbink|psn\n|move|p1a: Carbink|Moonblast|p2a: Qwilfish\n|-damage|p2a: Qwilfish|0 fnt\n|faint|p2a: Qwilfish\n|\n|-heal|p1a: Carbink|163/236 psn|[from] item: Leftovers\n|-damage|p1a: Carbink|134/236 psn|[from] psn\n|upkeep\n|\n|t:|1781377479\n|switch|p2a: Breloom|Breloom, L83, F|212/235\n|turn|22\n|\n|t:|1781377483\n|switch|p1a: Heracross|Heracross, L80, F|259/259\n|-damage|p1a: Heracross|227/259|[from] Spikes\n|move|p2a: Breloom|Bullet Seed|p1a: Heracross\n|-resisted|p1a: Heracross\n|-damage|p1a: Heracross|188/259\n|-resisted|p1a: Heracross\n|-damage|p1a: Heracross|153/259\n|-resisted|p1a: Heracross\n|-damage|p1a: Heracross|115/259\n|-resisted|p1a: Heracross\n|-damage|p1a: Heracross|76/259\n|-hitcount|p1a: Heracross|4\n|-damage|p2a: Breloom|189/235|[from] item: Life Orb\n|\n|upkeep\n|turn|23\n|\n|t:|1781377489\n|switch|p2a: Regirock|Regirock, L83|268/268\n|move|p1a: Heracross|Close Combat|p2a: Regirock\n|-supereffective|p2a: Regirock\n|-damage|p2a: Regirock|116/268\n|-unboost|p1a: Heracross|def|1\n|-unboost|p1a: Heracross|spd|1\n|\n|-heal|p2a: Regirock|132/268|[from] item: Leftovers\n|upkeep\n|turn|24\n|\n|t:|1781377497\n|move|p1a: Heracross|Close Combat|p2a: Regirock\n|-supereffective|p2a: Regirock\n|-damage|p2a: Regirock|0 fnt\n|-unboost|p1a: Heracross|def|1\n|-unboost|p1a: Heracross|spd|1\n|faint|p2a: Regirock\n|-ability|p1a: Heracross|Moxie|boost\n|-boost|p1a: Heracross|atk|1\n|\n|upkeep\n|\n|t:|1781377500\n|switch|p2a: Lokix|Lokix, L82, M|251/251\n|turn|25\n|\n|t:|1781377504\n|switch|p1a: Carbink|Carbink, L90|134/236 psn\n|-damage|p1a: Carbink|105/236 psn|[from] Spikes\n|move|p2a: Lokix|First Impression|p1a: Carbink\n|-resisted|p1a: Carbink\n|-damage|p1a: Carbink|39/236 psn\n|\n|-heal|p1a: Carbink|53/236 psn|[from] item: Leftovers\n|-damage|p1a: Carbink|24/236 psn|[from] psn\n|upkeep\n|turn|26\n|\n|t:|1781377508\n|move|p2a: Lokix|Knock Off|p1a: Carbink\n|-resisted|p1a: Carbink\n|-damage|p1a: Carbink|0 fnt\n|-enditem|p1a: Carbink|Leftovers|[from] move: Knock Off|[of] p2a: Lokix\n|faint|p1a: Carbink\n|\n|upkeep\n|\n|t:|1781377513\n|switch|p1a: Komala|Komala, L88, F|159/258\n|-damage|p1a: Komala|127/258|[from] Spikes\n|-ability|p1a: Komala|Comatose\n|turn|27\n|\n|t:|1781377521\n|switch|p2a: Delphox|Delphox, L84, M|263/263\n|move|p1a: Komala|U-turn|p2a: Delphox\n|-damage|p2a: Delphox|188/263\n|\n|t:|1781377525\n|switch|p1a: Heracross|Heracross, L80, F|76/259|[from] U-turn\n|-damage|p1a: Heracross|44/259|[from] Spikes\n|\n|upkeep\n|turn|28\n|\n|t:|1781377533\n|move|p1a: Heracross|Stone Edge|p2a: Delphox\n|-supereffective|p2a: Delphox\n|-damage|p2a: Delphox|8/263\n|move|p2a: Delphox|Psyshock|p1a: Heracross\n|-supereffective|p1a: Heracross\n|-damage|p1a: Heracross|0 fnt\n|faint|p1a: Heracross\n|\n|upkeep\n|\n|t:|1781377537\n|switch|p1a: Mesprit|Mesprit, L85|266/275\n|turn|29\n|\n|t:|1781377542\n|switch|p2a: Breloom|Breloom, L83, F|189/235\n|move|p1a: Mesprit|Psychic Noise|p2a: Breloom\n|-supereffective|p2a: Breloom\n|-damage|p2a: Breloom|0 fnt\n|faint|p2a: Breloom\n|\n|-heal|p1a: Mesprit|275/275|[from] item: Leftovers\n|upkeep\n|\n|t:|1781377543\n|switch|p2a: Lokix|Lokix, L82, M|251/251\n|turn|30\n|inactive|franzy613 has 120 seconds left.\n|inactive|franzy613 has 90 seconds left.\n|\n|t:|1781377610\n|-terastallize|p2a: Lokix|Bug\n|-terastallize|p1a: Mesprit|Steel\n|move|p2a: Lokix|First Impression|p1a: Mesprit\n|-resisted|p1a: Mesprit\n|-damage|p1a: Mesprit|147/275\n|move|p1a: Mesprit|Thunder Wave|p2a: Lokix\n|-status|p2a: Lokix|par\n|\n|-heal|p1a: Mesprit|164/275|[from] item: Leftovers\n|upkeep\n|turn|31\n|inactive|franzy613 has 90 seconds left.\n|\n|t:|1781377630\n|move|p1a: Mesprit|Psychic Noise|p2a: Lokix\n|-crit|p2a: Lokix\n|-damage|p2a: Lokix|58/251 par\n|-start|p2a: Lokix|move: Heal Block\n|move|p2a: Lokix|U-turn|p1a: Mesprit\n|-resisted|p1a: Mesprit\n|-damage|p1a: Mesprit|58/275\n|\n|t:|1781377632\n|switch|p2a: Delphox|Delphox, L84, M|8/263|[from] U-turn\n|\n|-heal|p1a: Mesprit|75/275|[from] item: Leftovers\n|upkeep\n|turn|32\n|\n|t:|1781377636\n|move|p2a: Delphox|Fire Blast|p1a: Mesprit\n|-supereffective|p1a: Mesprit\n|-damage|p1a: Mesprit|0 fnt\n|faint|p1a: Mesprit\n|\n|upkeep\n|\n|t:|1781377640\n|switch|p1a: Magnezone|Magnezone, L85|82/258\n|-damage|p1a: Magnezone|50/258|[from] Spikes\n|turn|33\n|\n|t:|1781377644\n|move|p2a: Delphox|Fire Blast|p1a: Magnezone|[miss]\n|-miss|p2a: Delphox|p1a: Magnezone\n|move|p1a: Magnezone|Flash Cannon|p2a: Delphox\n|-resisted|p2a: Delphox\n|-damage|p2a: Delphox|0 fnt\n|faint|p2a: Delphox\n|\n|upkeep\n|\n|t:|1781377645\n|switch|p2a: Lokix|Lokix, L82, M, tera:Bug|58/251 par\n|turn|34\n|\n|t:|1781377649\n|move|p2a: Lokix|First Impression|p1a: Magnezone\n|-resisted|p1a: Magnezone\n|-damage|p1a: Magnezone|0 fnt\n|faint|p1a: Magnezone\n|\n|upkeep\n|\n|t:|1781377650\n|switch|p1a: Komala|Komala, L88, F|127/258\n|-damage|p1a: Komala|95/258|[from] Spikes\n|-ability|p1a: Komala|Comatose\n|turn|35\n|\n|t:|1781377657\n|cant|p2a: Lokix|par\n|move|p1a: Komala|Body Slam|p2a: Lokix\n|-damage|p2a: Lokix|0 fnt\n|faint|p2a: Lokix\n|\n|win|franzy613\n", "inputlog": ">version a8376a258c1d4662feba110a92103f3664a72141\n>start {\"formatid\":\"gen9randombattle\",\"seed\":\"sodium,7efe8c03b4787dd25ae488abdb41667a\",\"rated\":\"Rated battle\"}\n>player p1 {\"name\":\"franzy613\",\"avatar\":\"flannery\",\"rating\":1959,\"seed\":\"sodium,88710d66c91d07f2c48548fb8e2c5942\"}\n>player p2 {\"name\":\"Pepe Zombi\",\"avatar\":\"miku-ghost\",\"rating\":2177,\"seed\":\"sodium,54ab8afbe4ed5e56da309b483dc331b6\"}\n>p1 switch 4\n>p2 move knockoff\n>p1 move willowisp\n>p2 move thunderwave\n>p1 move slackoff\n>p2 move psychicnoise\n>p1 move willowisp\n>p2 move knockoff\n>p1 switch 4\n>p2 move psychicnoise\n>p1 move irondefense\n>p2 move knockoff\n>p1 move discharge\n>p2 move encore\n>p1 switch 4\n>p2 switch 3\n>p1 move hex\n>p2 move psyshock\n>p1 switch 5\n>p1 move knockoff\n>p2 switch 4\n>p1 move uturn\n>p2 move crunch\n>p1 switch 4\n>p1 switch 2\n>p2 move taunt\n>p1 move earthquake\n>p2 move spikes\n>p1 switch 2\n>p2 switch 3\n>p1 move flashcannon\n>p2 move psychicnoise\n>p1 move discharge\n>p2 move psychicnoise\n>p1 move discharge\n>p2 move psychicnoise\n>p2 switch 6\n>p1 switch 6\n>p2 move machpunch\n>p1 move thunderwave\n>p2 switch 3\n>chat \u2606franzy613|XD\n>p1 switch 3\n>p2 move taunt\n>p1 move moonblast\n>p2 move gunkshot\n>p2 switch 3\n>p1 switch 2\n>p2 move bulletseed\n>p1 move closecombat\n>p2 switch 5\n>p1 move closecombat\n>p2 move thunderwave\n>p2 switch 2\n>p1 switch 2\n>p2 move firstimpression\n>p1 move moonblast\n>p2 move knockoff\n>p1 switch 4\n>p1 move uturn\n>p2 switch 4\n>p1 switch 2\n>p1 move stoneedge\n>p2 move psyshock\n>p1 switch 3\n>p1 move psychicnoise\n>p2 switch 5\n>p2 switch 4\n>p1 move thunderwave terastallize\n>p2 move firstimpression terastallize\n>p1 move psychicnoise\n>p2 move uturn\n>p2 switch 5\n>p1 move psychicnoise\n>p2 move fireblast\n>p1 switch 6\n>p1 move flashcannon\n>p2 move fireblast\n>p2 switch 5\n>p1 move flashcannon\n>p2 move firstimpression\n>p1 switch 2\n>p1 move bodyslam\n>p2 move suckerpunch", "uploadtime": 1781377303, "views": 9, "formatid": "gen9randombattle", "rating": null, "private": 0, "password": null}