{"id": "gen9randombattle-2631909011", "format": "[Gen 9] Random Battle", "players": ["beef shawarma", "Aceryuzu"], "log": "|j|\u2606beef shawarma\n|j|\u2606Aceryuzu\n|t:|1781454522\n|gametype|singles\n|player|p1|beef shawarma|102|1601\n|player|p2|Aceryuzu|steven|1627\n|gen|9\n|tier|[Gen 9] Random Battle\n|rated|\n|rule|Species Clause: Limit one of each Pok\u00e9mon\n|rule|HP Percentage Mod: HP is shown in percentages\n|rule|Sleep Clause Mod: Limit one foe put to sleep\n|rule|Illusion Level Mod: Illusion disguises the Pok\u00e9mon's true level\n|\n|t:|1781454522\n|teamsize|p1|6\n|teamsize|p2|6\n|start\n|switch|p1a: Zarude|Zarude-Dada, L77|288/288\n|switch|p2a: Volcanion|Volcanion, L79|256/256\n|turn|1\n|inactive|Battle timer is ON: inactive players will automatically lose when time's up. (requested by beef shawarma)\n|\n|t:|1781454531\n|move|p1a: Zarude|U-turn|p2a: Volcanion\n|-resisted|p2a: Volcanion\n|-damage|p2a: Volcanion|226/256\n|\n|t:|1781454539\n|switch|p1a: Reshiram|Reshiram, L76|277/277|[from] U-turn\n|-ability|p1a: Reshiram|Turboblaze\n|move|p2a: Volcanion|Flamethrower|p1a: Reshiram\n|-resisted|p1a: Reshiram\n|-damage|p1a: Reshiram|252/277\n|\n|upkeep\n|turn|2\n|\n|t:|1781454548\n|move|p1a: Reshiram|Dragon Dance|p1a: Reshiram\n|-boost|p1a: Reshiram|atk|1\n|-boost|p1a: Reshiram|spe|1\n|move|p2a: Volcanion|Earth Power|p1a: Reshiram\n|-supereffective|p1a: Reshiram\n|-damage|p1a: Reshiram|118/277\n|\n|upkeep\n|turn|3\n|\n|t:|1781454553\n|move|p1a: Reshiram|Stone Edge|p2a: Volcanion\n|-supereffective|p2a: Volcanion\n|-damage|p2a: Volcanion|52/256\n|move|p2a: Volcanion|Earth Power|p1a: Reshiram\n|-supereffective|p1a: Reshiram\n|-damage|p1a: Reshiram|0 fnt\n|faint|p1a: Reshiram\n|\n|upkeep\n|\n|t:|1781454558\n|switch|p1a: Zarude|Zarude-Dada, L77|288/288\n|turn|4\n|\n|t:|1781454567\n|switch|p2a: Breloom|Breloom, L83, F|235/235\n|move|p1a: Zarude|Knock Off|p2a: Breloom\n|-resisted|p2a: Breloom\n|-damage|p2a: Breloom|156/235\n|-enditem|p2a: Breloom|Life Orb|[from] move: Knock Off|[of] p1a: Zarude\n|\n|upkeep\n|turn|5\n|c|\u2606beef shawarma|Goodluck have fun\n|c|\u2606beef shawarma|May the best trainer win\n|inactive|beef shawarma has 120 seconds left.\n|\n|t:|1781454610\n|switch|p1a: Sableye|Sableye, L88, M|231/231\n|move|p2a: Breloom|Rock Tomb|p1a: Sableye\n|-damage|p1a: Sableye|146/231\n|-unboost|p1a: Sableye|spe|1\n|\n|-heal|p1a: Sableye|160/231|[from] item: Leftovers\n|upkeep\n|turn|6\n|\n|t:|1781454625\n|move|p1a: Sableye|Encore|p2a: Breloom\n|-start|p2a: Breloom|Encore\n|move|p2a: Breloom|Rock Tomb|p1a: Sableye\n|-crit|p1a: Sableye\n|-damage|p1a: Sableye|40/231\n|-unboost|p1a: Sableye|spe|1\n|\n|-heal|p1a: Sableye|54/231|[from] item: Leftovers\n|upkeep\n|turn|7\n|\n|t:|1781454628\n|move|p1a: Sableye|Recover|p1a: Sableye\n|-heal|p1a: Sableye|170/231\n|move|p2a: Breloom|Rock Tomb|p1a: Sableye\n|-damage|p1a: Sableye|78/231\n|-unboost|p1a: Sableye|spe|1\n|\n|-heal|p1a: Sableye|92/231|[from] item: Leftovers\n|upkeep\n|turn|8\n|\n|t:|1781454637\n|move|p1a: Sableye|Recover|p1a: Sableye\n|-heal|p1a: Sableye|208/231\n|move|p2a: Breloom|Rock Tomb|p1a: Sableye|[miss]\n|-miss|p2a: Breloom|p1a: Sableye\n|\n|-heal|p1a: Sableye|222/231|[from] item: Leftovers\n|-end|p2a: Breloom|Encore\n|upkeep\n|turn|9\n|\n|t:|1781454644\n|move|p1a: Sableye|Encore|p2a: Breloom\n|-start|p2a: Breloom|Encore\n|move|p2a: Breloom|Rock Tomb|p1a: Sableye\n|-damage|p1a: Sableye|132/231\n|-unboost|p1a: Sableye|spe|1\n|\n|-heal|p1a: Sableye|146/231|[from] item: Leftovers\n|upkeep\n|turn|10\n|\n|t:|1781454649\n|move|p1a: Sableye|Thunder Wave|p2a: Breloom\n|-status|p2a: Breloom|par\n|move|p2a: Breloom|Rock Tomb|p1a: Sableye\n|-damage|p1a: Sableye|53/231\n|-unboost|p1a: Sableye|spe|1\n|\n|-heal|p1a: Sableye|67/231|[from] item: Leftovers\n|upkeep\n|turn|11\n|\n|t:|1781454670\n|switch|p2a: Volcanion|Volcanion, L79|52/256\n|move|p1a: Sableye|Recover|p1a: Sableye\n|-heal|p1a: Sableye|183/231\n|\n|-heal|p1a: Sableye|197/231|[from] item: Leftovers\n|upkeep\n|turn|12\n|\n|t:|1781454678\n|move|p1a: Sableye|Thunder Wave|p2a: Volcanion\n|-status|p2a: Volcanion|par\n|move|p2a: Volcanion|Steam Eruption|p1a: Sableye\n|-damage|p1a: Sableye|29/231\n|-status|p1a: Sableye|brn\n|\n|-heal|p1a: Sableye|43/231 brn|[from] item: Leftovers\n|-damage|p1a: Sableye|29/231 brn|[from] brn\n|upkeep\n|turn|13\n|\n|t:|1781454704\n|move|p1a: Sableye|Encore|p2a: Volcanion\n|-start|p2a: Volcanion|Encore\n|move|p2a: Volcanion|Steam Eruption|p1a: Sableye\n|-damage|p1a: Sableye|0 fnt\n|faint|p1a: Sableye\n|\n|upkeep\n|\n|t:|1781454711\n|switch|p1a: Pelipper|Pelipper, L86, F|243/243\n|-weather|RainDance|[from] ability: Drizzle|[of] p1a: Pelipper\n|turn|14\n|\n|t:|1781454717\n|move|p1a: Pelipper|Hurricane|p2a: Volcanion\n|-damage|p2a: Volcanion|0 fnt\n|faint|p2a: Volcanion\n|\n|-weather|RainDance|[upkeep]\n|upkeep\n|\n|t:|1781454726\n|switch|p2a: Cresselia|Cresselia, L80, F|323/323\n|turn|15\n|\n|t:|1781454744\n|move|p2a: Cresselia|Thunderbolt|p1a: Pelipper\n|-supereffective|p1a: Pelipper\n|-damage|p1a: Pelipper|7/243\n|move|p1a: Pelipper|Hurricane|p2a: Cresselia\n|-damage|p2a: Cresselia|232/323\n|-start|p2a: Cresselia|confusion\n|\n|-weather|RainDance|[upkeep]\n|-heal|p2a: Cresselia|252/323|[from] item: Leftovers\n|upkeep\n|turn|16\n|c|\u2606beef shawarma|Nice one\n|\n|t:|1781454769\n|switch|p1a: Zarude|Zarude-Dada, L77|288/288\n|-activate|p2a: Cresselia|confusion\n|move|p2a: Cresselia|Thunderbolt|p1a: Zarude\n|-resisted|p1a: Zarude\n|-damage|p1a: Zarude|265/288\n|\n|-weather|RainDance|[upkeep]\n|-heal|p2a: Cresselia|272/323|[from] item: Leftovers\n|upkeep\n|turn|17\n|\n|t:|1781454777\n|switch|p2a: Breloom|Breloom, L83, F|156/235 par\n|move|p1a: Zarude|U-turn|p2a: Breloom\n|-damage|p2a: Breloom|75/235 par\n|\n|t:|1781454779\n|switch|p1a: Pelipper|Pelipper, L86, F|7/243|[from] U-turn\n|\n|-weather|RainDance|[upkeep]\n|upkeep\n|turn|18\n|\n|t:|1781454782\n|move|p2a: Breloom|Mach Punch|p1a: Pelipper\n|-resisted|p1a: Pelipper\n|-damage|p1a: Pelipper|0 fnt\n|faint|p1a: Pelipper\n|\n|-weather|none\n|upkeep\n|\n|t:|1781454805\n|switch|p1a: Jirachi|Jirachi, L80|291/291\n|turn|19\n|\n|t:|1781454810\n|move|p1a: Jirachi|Body Slam|p2a: Breloom\n|-damage|p2a: Breloom|15/235 par\n|move|p2a: Breloom|Spore|p1a: Jirachi\n|-status|p1a: Jirachi|slp|[from] move: Spore\n|\n|upkeep\n|turn|20\n|\n|t:|1781454819\n|switch|p2a: Reshiram|Reshiram, L76|277/277\n|-ability|p2a: Reshiram|Turboblaze\n|cant|p1a: Jirachi|slp\n|\n|upkeep\n|turn|21\n|\n|t:|1781454829\n|-terastallize|p1a: Jirachi|Fighting\n|cant|p1a: Jirachi|slp\n|move|p2a: Reshiram|Dragon Dance|p2a: Reshiram\n|-boost|p2a: Reshiram|atk|1\n|-boost|p2a: Reshiram|spe|1\n|\n|upkeep\n|turn|22\n|\n|t:|1781454836\n|move|p2a: Reshiram|Flare Blitz|p1a: Jirachi\n|-damage|p1a: Jirachi|102/291 slp\n|-damage|p2a: Reshiram|215/277|[from] Recoil\n|cant|p1a: Jirachi|slp\n|\n|upkeep\n|turn|23\n|\n|t:|1781454839\n|move|p2a: Reshiram|Flare Blitz|p1a: Jirachi\n|-damage|p1a: Jirachi|0 fnt\n|faint|p1a: Jirachi\n|-damage|p2a: Reshiram|181/277|[from] Recoil\n|\n|upkeep\n|\n|t:|1781454846\n|switch|p1a: Orthworm|Orthworm, L88, M|266/266\n|turn|24\n|c|\u2606Aceryuzu|gg\n|\n|t:|1781454859\n|move|p2a: Reshiram|Flare Blitz|p1a: Orthworm\n|-supereffective|p1a: Orthworm\n|-damage|p1a: Orthworm|38/266\n|-damage|p2a: Reshiram|106/277|[from] Recoil\n|move|p1a: Orthworm|Body Press|p2a: Reshiram\n|-damage|p2a: Reshiram|13/277\n|\n|upkeep\n|turn|25\n|inactive|beef shawarma has 120 seconds left.\n|inactive|beef shawarma has 90 seconds left.\n|inactive|beef shawarma has 60 seconds left.\n|c|\u2606beef shawarma|Ggwp\n|\n|t:|1781454957\n|move|p2a: Reshiram|Flare Blitz|p1a: Orthworm\n|-supereffective|p1a: Orthworm\n|-damage|p1a: Orthworm|0 fnt\n|faint|p1a: Orthworm\n|-damage|p2a: Reshiram|0 fnt|[from] Recoil\n|faint|p2a: Reshiram\n|\n|upkeep\n|\n|t:|1781454968\n|switch|p2a: Qwilfish|Qwilfish, L86, F|252/252\n|switch|p1a: Zarude|Zarude-Dada, L77|265/288\n|-ability|p2a: Qwilfish|Intimidate|boost\n|-unboost|p1a: Zarude|atk|1\n|turn|26\n|c|\u2606beef shawarma|And the intimidate nice\n|inactive|beef shawarma has 60 seconds left.\n|c|\u2606Aceryuzu|ik thanks\n|\n|t:|1781454984\n|switch|p2a: Breloom|Breloom, L83, F|15/235 par\n|move|p1a: Zarude|U-turn|p2a: Breloom\n|-damage|p2a: Breloom|0 fnt\n|faint|p2a: Breloom\n|\n|upkeep\n|\n|t:|1781454987\n|switch|p2a: Qwilfish|Qwilfish, L86, F|252/252\n|-ability|p2a: Qwilfish|Intimidate|boost\n|-unboost|p1a: Zarude|atk|1\n|turn|27\n|\n|t:|1781454992\n|move|p1a: Zarude|U-turn|p2a: Qwilfish\n|-resisted|p2a: Qwilfish\n|-damage|p2a: Qwilfish|233/252\n|move|p2a: Qwilfish|Gunk Shot|p1a: Zarude\n|-supereffective|p1a: Zarude\n|-damage|p1a: Zarude|5/288\n|\n|upkeep\n|turn|28\n|-message|beef shawarma forfeited.\n|\n|win|Aceryuzu\n|raw|beef shawarma's rating: 1601 &rarr; <strong>1582</strong><br />(-19 for losing)\n|raw|Aceryuzu's rating: 1627 &rarr; <strong>1646</strong><br />(+19 for winning)\n|l|\u2606beef shawarma\n|player|p1|\n", "inputlog": ">version a8376a258c1d4662feba110a92103f3664a72141\n>start {\"formatid\":\"gen9randombattle\",\"seed\":\"sodium,d9c2a71babc9243fddb203fd5ef4f55c\",\"rated\":\"Rated battle\"}\n>player p1 {\"name\":\"beef shawarma\",\"avatar\":\"102\",\"rating\":1601,\"seed\":\"sodium,f278ca5b8a96a72224b0a7895fa929d9\"}\n>player p2 {\"name\":\"Aceryuzu\",\"avatar\":\"steven\",\"rating\":1627,\"seed\":\"sodium,72c71dde75ae4eda0e3d2ea6aee12d85\"}\n>p1 move uturn\n>p2 move flamethrower\n>p1 switch 2\n>p1 move dragondance\n>p2 move earthpower\n>p1 move stoneedge\n>p2 move earthpower\n>p1 switch 2\n>p1 move knockoff\n>p2 switch 5\n>chat \u2606beef shawarma|Goodluck have fun\n>chat \u2606beef shawarma|May the best trainer win \n>p1 switch 5\n>p2 move rocktomb\n>p1 move encore\n>p2 move bulletseed\n>p1 move recover\n>p2 move rocktomb\n>p1 move recover\n>p2 move rocktomb\n>p1 move encore\n>p2 move bulletseed\n>p1 move thunderwave\n>p2 move rocktomb\n>p1 move recover\n>p2 switch 5\n>p1 move thunderwave\n>p2 move steameruption\n>p1 move encore\n>p2 move flamethrower\n>p1 switch 3\n>p1 move hurricane\n>p2 move steameruption\n>p2 switch 6\n>p1 move hurricane\n>p2 move thunderbolt\n>chat \u2606beef shawarma|Nice one\n>p1 switch 5\n>p2 move thunderbolt\n>p1 move uturn\n>p2 switch 5\n>p1 switch 5\n>p1 move roost\n>p2 move machpunch\n>p1 switch 6\n>p1 move bodyslam\n>p2 move spore\n>p1 move bodyslam\n>p2 switch 4\n>p1 move bodyslam terastallize\n>p2 move dragondance\n>p1 move bodyslam\n>p2 move flareblitz\n>p1 move bodyslam\n>p2 move flareblitz\n>p1 switch 4\n>chat \u2606Aceryuzu|gg\n>p1 move bodypress\n>p2 move flareblitz\n>chat \u2606beef shawarma|Ggwp\n>p1 move bodypress\n>p2 move flareblitz\n>p1 switch 5\n>p2 switch 2\n>chat \u2606beef shawarma|And the intimidate nice\n>chat \u2606Aceryuzu|ik thanks\n>p1 move uturn\n>p2 switch 4\n>p2 switch 4\n>p1 move uturn\n>p2 move gunkshot\n>forcelose p1", "uploadtime": 1781454997, "views": 3, "formatid": "gen9randombattle", "rating": 1582, "private": 0, "password": null}