{"id": "gen9randombattle-2631444350", "format": "[Gen 9] Random Battle", "players": ["turbointing", "bellenguer2"], "log": "|j|\u2606turbointing\n|j|\u2606bellenguer2\n|t:|1781385428\n|gametype|singles\n|player|p1|turbointing|170|1561\n|player|p2|bellenguer2|dawn|1565\n|gen|9\n|tier|[Gen 9] Random Battle\n|rated|\n|rule|Species Clause: Limit one of each Pok\u00e9mon\n|rule|HP Percentage Mod: HP is shown in percentages\n|rule|Sleep Clause Mod: Limit one foe put to sleep\n|rule|Illusion Level Mod: Illusion disguises the Pok\u00e9mon's true level\n|\n|t:|1781385428\n|teamsize|p1|6\n|teamsize|p2|6\n|start\n|switch|p1a: Tauros|Tauros-Paldea-Combat, L82, M|257/257\n|switch|p2a: Dachsbun|Dachsbun, L92, F|254/254\n|-ability|p1a: Tauros|Intimidate|boost\n|-unboost|p2a: Dachsbun|atk|1\n|turn|1\n|\n|t:|1781385443\n|move|p2a: Dachsbun|Play Rough|p1a: Tauros\n|-supereffective|p1a: Tauros\n|-damage|p1a: Tauros|143/257\n|move|p1a: Tauros|Iron Head|p2a: Dachsbun\n|-supereffective|p2a: Dachsbun\n|-damage|p2a: Dachsbun|130/254\n|\n|-heal|p2a: Dachsbun|145/254|[from] item: Leftovers\n|upkeep\n|turn|2\n|inactive|Battle timer is ON: inactive players will automatically lose when time's up. (requested by turbointing)\n|\n|t:|1781385486\n|switch|p1a: Gholdengo|Gholdengo, L77|261/261\n|move|p2a: Dachsbun|Play Rough|p1a: Gholdengo\n|-resisted|p1a: Gholdengo\n|-damage|p1a: Gholdengo|230/261\n|\n|-heal|p2a: Dachsbun|160/254|[from] item: Leftovers\n|-heal|p1a: Gholdengo|246/261|[from] item: Leftovers\n|upkeep\n|turn|3\n|inactive|turbointing has 120 seconds left.\n|inactive|turbointing has 90 seconds left.\n|inactive|turbointing has 60 seconds left.\n|\n|t:|1781385586\n|switch|p2a: Lumineon|Lumineon, L93, M|279/279\n|move|p1a: Gholdengo|Nasty Plot|p1a: Gholdengo\n|-boost|p1a: Gholdengo|spa|2\n|\n|-heal|p1a: Gholdengo|261/261|[from] item: Leftovers\n|upkeep\n|turn|4\n|inactive|turbointing has 60 seconds left.\n|\n|t:|1781385608\n|switch|p1a: Miraidon|Miraidon, L65|238/238\n|-fieldstart|move: Electric Terrain|[from] ability: Hadron Engine|[of] p1a: Miraidon\n|move|p2a: Lumineon|Hydro Pump|p1a: Miraidon\n|-resisted|p1a: Miraidon\n|-damage|p1a: Miraidon|156/238\n|-damage|p2a: Lumineon|252/279|[from] item: Life Orb\n|\n|upkeep\n|turn|5\n|inactive|turbointing has 60 seconds left.\n|\n|t:|1781385630\n|-terastallize|p1a: Miraidon|Electric\n|move|p2a: Lumineon|Ice Beam|p1a: Miraidon\n|-damage|p1a: Miraidon|72/238\n|-damage|p2a: Lumineon|225/279|[from] item: Life Orb\n|move|p1a: Miraidon|Volt Switch|p2a: Lumineon\n|-supereffective|p2a: Lumineon\n|-damage|p2a: Lumineon|0 fnt\n|faint|p2a: Lumineon\n|\n|t:|1781385642\n|switch|p1a: Gholdengo|Gholdengo, L77|261/261|[from] Volt Switch\n|\n|upkeep\n|\n|t:|1781385664\n|switch|p2a: Pecharunt|Pecharunt, L77|262/262\n|turn|6\n|inactive|turbointing has 30 seconds left.\n|\n|t:|1781385689\n|switch|p1a: Bastiodon|Bastiodon, L89, M|252/252\n|move|p2a: Pecharunt|Shadow Ball|p1a: Bastiodon\n|-damage|p1a: Bastiodon|206/252\n|\n|upkeep\n|turn|7\n|inactive|turbointing has 30 seconds left.\n|inactive|turbointing has 20 seconds left.\n|inactive|bellenguer2 has 120 seconds left.\n|inactive|bellenguer2 has 90 seconds left.\n|\n|t:|1781385766\n|switch|p1a: Tauros|Tauros-Paldea-Combat, L82, M|143/257\n|-ability|p1a: Tauros|Intimidate|boost\n|-unboost|p2a: Pecharunt|atk|1\n|move|p2a: Pecharunt|Nasty Plot|p2a: Pecharunt\n|-boost|p2a: Pecharunt|spa|2\n|\n|upkeep\n|turn|8\n|inactive|turbointing has 30 seconds left this turn.\n|\n|t:|1781385775\n|move|p1a: Tauros|Throat Chop|p2a: Pecharunt\n|-supereffective|p2a: Pecharunt\n|-damage|p2a: Pecharunt|138/262\n|-start|p2a: Pecharunt|Throat Chop|[silent]\n|move|p2a: Pecharunt|Malignant Chain|p1a: Tauros\n|-damage|p1a: Tauros|0 fnt\n|faint|p1a: Tauros\n|\n|-heal|p2a: Pecharunt|154/262|[from] item: Leftovers\n|-fieldend|move: Electric Terrain\n|upkeep\n|inactive|turbointing has 30 seconds left this turn.\n|\n|t:|1781385784\n|switch|p1a: Miraidon|Miraidon, L65, tera:Electric|72/238\n|-fieldstart|move: Electric Terrain|[from] ability: Hadron Engine|[of] p1a: Miraidon\n|turn|9\n|\n|t:|1781385789\n|move|p1a: Miraidon|Electro Drift|p2a: Pecharunt\n|-damage|p2a: Pecharunt|0 fnt\n|faint|p2a: Pecharunt\n|\n|upkeep\n|\n|t:|1781385806\n|switch|p2a: Dachsbun|Dachsbun, L92, F|160/254\n|turn|10\n|\n|t:|1781385811\n|switch|p1a: Gholdengo|Gholdengo, L77|261/261\n|move|p2a: Dachsbun|Play Rough|p1a: Gholdengo\n|-resisted|p1a: Gholdengo\n|-damage|p1a: Gholdengo|212/261\n|\n|-heal|p2a: Dachsbun|175/254|[from] item: Leftovers\n|-heal|p1a: Gholdengo|228/261|[from] item: Leftovers\n|upkeep\n|turn|11\n|inactive|bellenguer2 has 60 seconds left.\n|\n|t:|1781385859\n|switch|p2a: Scizor|Scizor, L79, F|240/240\n|move|p1a: Gholdengo|Nasty Plot|p1a: Gholdengo\n|-boost|p1a: Gholdengo|spa|2\n|\n|-heal|p1a: Gholdengo|244/261|[from] item: Leftovers\n|upkeep\n|turn|12\n|inactive|turbointing has 60 seconds left.\n|\n|t:|1781385869\n|move|p1a: Gholdengo|Shadow Ball|p2a: Scizor\n|-damage|p2a: Scizor|47/240\n|-unboost|p2a: Scizor|spd|1\n|move|p2a: Scizor|Knock Off|p1a: Gholdengo\n|-supereffective|p1a: Gholdengo\n|-damage|p1a: Gholdengo|18/261\n|-enditem|p1a: Gholdengo|Leftovers|[from] move: Knock Off|[of] p2a: Scizor\n|\n|upkeep\n|turn|13\n|inactive|turbointing has 60 seconds left.\n|inactive|bellenguer2 has 60 seconds left.\n|\n|t:|1781385882\n|switch|p1a: Wugtrio|Wugtrio, L91, M|212/212\n|move|p2a: Scizor|Knock Off|p1a: Wugtrio\n|-damage|p1a: Wugtrio|61/212\n|-ability|p1a: Wugtrio|Gooey\n|-unboost|p2a: Scizor|spe|1\n|-enditem|p1a: Wugtrio|Choice Band|[from] move: Knock Off|[of] p2a: Scizor\n|\n|-fieldend|move: Electric Terrain\n|upkeep\n|turn|14\n|inactive|bellenguer2 has 60 seconds left.\n|inactive|turbointing has 60 seconds left.\n|\n|t:|1781385893\n|move|p1a: Wugtrio|Liquidation|p2a: Scizor\n|-damage|p2a: Scizor|0 fnt\n|faint|p2a: Scizor\n|\n|upkeep\n|inactive|bellenguer2 has 60 seconds left.\n|\n|t:|1781385899\n|switch|p2a: Dachsbun|Dachsbun, L92, F|175/254\n|turn|15\n|inactive|turbointing has 60 seconds left.\n|\n|t:|1781385925\n|switch|p1a: Bastiodon|Bastiodon, L89, M|206/252\n|move|p2a: Dachsbun|Play Rough|p1a: Bastiodon\n|-resisted|p1a: Bastiodon\n|-damage|p1a: Bastiodon|177/252\n|\n|-heal|p2a: Dachsbun|190/254|[from] item: Leftovers\n|upkeep\n|turn|16\n|inactive|turbointing has 60 seconds left.\n|\n|t:|1781385939\n|switch|p2a: Slither Wing|Slither Wing, L81|270/270\n|switch|p1a: Gholdengo|Gholdengo, L77|18/261\n|\n|upkeep\n|turn|17\n|inactive|turbointing has 60 seconds left.\n|\n|t:|1781385955\n|move|p2a: Slither Wing|First Impression|p1a: Gholdengo\n|-resisted|p1a: Gholdengo\n|-damage|p1a: Gholdengo|0 fnt\n|faint|p1a: Gholdengo\n|-damage|p2a: Slither Wing|243/270|[from] item: Life Orb\n|\n|upkeep\n|\n|t:|1781385957\n|switch|p1a: Malamar|Malamar, L82, M|275/275\n|turn|18\n|inactive|bellenguer2 has 60 seconds left.\n|inactive|turbointing has 60 seconds left.\n|inactive|bellenguer2 has 30 seconds left.\n|inactive|bellenguer2 has 20 seconds left.\n|inactive|bellenguer2 has 15 seconds left.\n|inactive|bellenguer2 has 10 seconds left.\n|inactive|bellenguer2 has 5 seconds left.\n|-message|bellenguer2 lost due to inactivity.\n|\n|win|turbointing\n|raw|turbointing's rating: 1561 &rarr; <strong>1581</strong><br />(+20 for winning)\n|raw|bellenguer2's rating: 1565 &rarr; <strong>1545</strong><br />(-20 for losing)\n|l|\u2606turbointing\n|player|p1|\n", "inputlog": ">version a8376a258c1d4662feba110a92103f3664a72141\n>start {\"formatid\":\"gen9randombattle\",\"seed\":\"sodium,2811dcec692e0d2bc3b19bdc7849b330\",\"rated\":\"Rated battle\"}\n>player p1 {\"name\":\"turbointing\",\"avatar\":\"170\",\"rating\":1561,\"seed\":\"sodium,eb80bfe2fc96d27e44ef75add7e6c5a9\"}\n>player p2 {\"name\":\"bellenguer2\",\"avatar\":\"dawn\",\"rating\":1565,\"seed\":\"sodium,d2245a9cbfc2487ae2b82f7167ddf0c7\"}\n>p1 move ironhead\n>p2 move playrough\n>p1 switch 3\n>p2 move playrough\n>p1 move nastyplot\n>p2 switch 6\n>p1 switch 5\n>p2 move hydropump\n>p1 move voltswitch terastallize\n>p2 move icebeam\n>p1 switch 5\n>p2 switch 5\n>p1 switch 4\n>p2 move shadowball\n>p1 switch 3\n>p2 move nastyplot\n>p1 move throatchop\n>p2 move malignantchain\n>p1 switch 5\n>p1 move electrodrift\n>p2 move recover\n>p2 switch 6\n>p1 switch 4\n>p2 move playrough\n>p1 move nastyplot\n>p2 switch 4\n>p1 move shadowball\n>p2 move knockoff\n>p1 switch 2\n>p2 move knockoff\n>p1 move liquidation\n>p2 move knockoff\n>p2 switch 4\n>p1 switch 3\n>p2 move playrough\n>p1 switch 2\n>p2 switch 2\n>p1 move shadowball\n>p2 move firstimpression\n>p1 switch 6\n>forcelose p2", "uploadtime": 1781386104, "views": 6, "formatid": "gen9randombattle", "rating": 1545, "private": 0, "password": null}