{"id": "gen9randombattle-2631867185", "format": "[Gen 9] Random Battle", "players": ["kyroshero", "jackyman92"], "log": "|j|\u2606kyroshero\n|j|\u2606jackyman92\n|t:|1781449929\n|gametype|singles\n|player|p1|kyroshero|drayden|1340\n|player|p2|jackyman92|266|1320\n|gen|9\n|tier|[Gen 9] Random Battle\n|rated|\n|rule|Species Clause: Limit one of each Pok\u00e9mon\n|rule|HP Percentage Mod: HP is shown in percentages\n|rule|Sleep Clause Mod: Limit one foe put to sleep\n|rule|Illusion Level Mod: Illusion disguises the Pok\u00e9mon's true level\n|\n|t:|1781449929\n|teamsize|p1|6\n|teamsize|p2|6\n|start\n|switch|p1a: Exeggutor|Exeggutor-Alola, L89, F|314/314\n|switch|p2a: Azumarill|Azumarill, L82, M|298/298\n|turn|1\n|inactive|Battle timer is ON: inactive players will automatically lose when time's up. (requested by kyroshero)\n|\n|t:|1781449948\n|switch|p1a: Registeel|Registeel, L81|262/262\n|switch|p2a: Noivern|Noivern, L82, F|274/274\n|\n|upkeep\n|turn|2\n|\n|t:|1781449955\n|move|p2a: Noivern|U-turn|p1a: Registeel\n|-resisted|p1a: Registeel\n|-damage|p1a: Registeel|249/262\n|\n|t:|1781449964\n|switch|p2a: Uxie|Uxie, L83|260/260|[from] U-turn\n|move|p1a: Registeel|Iron Defense|p1a: Registeel\n|-boost|p1a: Registeel|def|2\n|\n|upkeep\n|turn|3\n|\n|t:|1781449969\n|move|p2a: Uxie|Encore|p1a: Registeel\n|-start|p1a: Registeel|Encore\n|move|p1a: Registeel|Iron Defense|p1a: Registeel\n|-boost|p1a: Registeel|def|2\n|\n|upkeep\n|turn|4\n|\n|t:|1781449973\n|switch|p1a: Whimsicott|Whimsicott, L84, F|238/238\n|move|p2a: Uxie|Yawn|p1a: Whimsicott\n|-start|p1a: Whimsicott|move: Yawn|[of] p2a: Uxie\n|\n|upkeep\n|turn|5\n|\n|t:|1781449989\n|switch|p1a: Frosmoth|Frosmoth, L82, M|249/249\n|move|p2a: Uxie|Psychic Noise|p1a: Frosmoth\n|-damage|p1a: Frosmoth|214/249\n|-start|p1a: Frosmoth|move: Heal Block\n|\n|upkeep\n|turn|6\n|\n|t:|1781449998\n|move|p2a: Uxie|U-turn|p1a: Frosmoth\n|-damage|p1a: Frosmoth|156/249\n|\n|t:|1781450002\n|switch|p2a: Vigoroth|Vigoroth, L85, M|275/275|[from] U-turn\n|move|p1a: Frosmoth|Quiver Dance|p1a: Frosmoth\n|-boost|p1a: Frosmoth|spa|1\n|-boost|p1a: Frosmoth|spd|1\n|-boost|p1a: Frosmoth|spe|1\n|\n|-end|p1a: Frosmoth|move: Heal Block\n|upkeep\n|turn|7\n|\n|t:|1781450013\n|move|p1a: Frosmoth|Hurricane|p2a: Vigoroth\n|-damage|p2a: Vigoroth|146/275\n|move|p2a: Vigoroth|Knock Off|p1a: Frosmoth\n|-damage|p1a: Frosmoth|75/249\n|-enditem|p1a: Frosmoth|Heavy-Duty Boots|[from] move: Knock Off|[of] p2a: Vigoroth\n|\n|upkeep\n|turn|8\n|\n|t:|1781450022\n|move|p1a: Frosmoth|Ice Beam|p2a: Vigoroth\n|-damage|p2a: Vigoroth|0 fnt\n|faint|p2a: Vigoroth\n|\n|upkeep\n|\n|t:|1781450032\n|switch|p2a: Azumarill|Azumarill, L82, M|298/298\n|turn|9\n|\n|t:|1781450041\n|move|p1a: Frosmoth|Hurricane|p2a: Azumarill\n|-damage|p2a: Azumarill|138/298\n|-enditem|p2a: Azumarill|Sitrus Berry|[eat]\n|-heal|p2a: Azumarill|212/298|[from] item: Sitrus Berry\n|move|p2a: Azumarill|Belly Drum|p2a: Azumarill\n|-damage|p2a: Azumarill|63/298\n|-setboost|p2a: Azumarill|atk|6|[from] move: Belly Drum\n|\n|upkeep\n|turn|10\n|\n|t:|1781450046\n|move|p2a: Azumarill|Aqua Jet|p1a: Frosmoth\n|-damage|p1a: Frosmoth|0 fnt\n|faint|p1a: Frosmoth\n|\n|upkeep\n|\n|t:|1781450048\n|switch|p1a: Exeggutor|Exeggutor-Alola, L89, F|314/314\n|turn|11\n|\n|t:|1781450055\n|move|p2a: Azumarill|Aqua Jet|p1a: Exeggutor\n|-resisted|p1a: Exeggutor\n|-damage|p1a: Exeggutor|264/314\n|move|p1a: Exeggutor|Giga Drain|p2a: Azumarill\n|-supereffective|p2a: Azumarill\n|-damage|p2a: Azumarill|0 fnt\n|-heal|p1a: Exeggutor|296/314|[from] drain|[of] p2a: Azumarill\n|faint|p2a: Azumarill\n|\n|upkeep\n|\n|t:|1781450060\n|switch|p2a: Noivern|Noivern, L82, F|274/274\n|turn|12\n|\n|t:|1781450065\n|-terastallize|p1a: Exeggutor|Steel\n|move|p2a: Noivern|Hurricane|p1a: Exeggutor\n|-resisted|p1a: Exeggutor\n|-damage|p1a: Exeggutor|209/314\n|-start|p1a: Exeggutor|confusion\n|-activate|p1a: Exeggutor|confusion\n|move|p1a: Exeggutor|Calm Mind|p1a: Exeggutor\n|-boost|p1a: Exeggutor|spa|1\n|-boost|p1a: Exeggutor|spd|1\n|\n|upkeep\n|turn|13\n|\n|t:|1781450074\n|switch|p2a: Uxie|Uxie, L83|260/260\n|-activate|p1a: Exeggutor|confusion\n|-damage|p1a: Exeggutor|185/314|[from] confusion\n|\n|upkeep\n|turn|14\n|\n|t:|1781450079\n|move|p2a: Uxie|Encore|p1a: Exeggutor\n|-start|p1a: Exeggutor|Encore\n|-end|p1a: Exeggutor|confusion\n|move|p1a: Exeggutor|Calm Mind|p1a: Exeggutor\n|-boost|p1a: Exeggutor|spa|1\n|-boost|p1a: Exeggutor|spd|1\n|\n|upkeep\n|turn|15\n|\n|t:|1781450082\n|switch|p1a: Basculin|Basculin, L86, M|261/261\n|move|p2a: Uxie|Yawn|p1a: Basculin\n|-start|p1a: Basculin|move: Yawn|[of] p2a: Uxie\n|\n|upkeep\n|turn|16\n|\n|t:|1781450088\n|switch|p2a: Spiritomb|Spiritomb, L89, F|234/234\n|move|p1a: Basculin|Wave Crash|p2a: Spiritomb\n|-damage|p2a: Spiritomb|20/234\n|-damage|p1a: Basculin|190/261|[from] Recoil\n|\n|-heal|p2a: Spiritomb|34/234|[from] item: Leftovers\n|-end|p1a: Basculin|move: Yawn|[silent]\n|-status|p1a: Basculin|slp\n|upkeep\n|turn|17\n|\n|t:|1781450096\n|switch|p1a: Whimsicott|Whimsicott, L84, F|238/238\n|move|p2a: Spiritomb|Poltergeist|p1a: Whimsicott\n|-activate|p1a: Whimsicott|move: Poltergeist|Leftovers\n|-damage|p1a: Whimsicott|120/238\n|\n|-heal|p1a: Whimsicott|134/238|[from] item: Leftovers\n|-heal|p2a: Spiritomb|48/234|[from] item: Leftovers\n|upkeep\n|turn|18\n|\n|t:|1781450102\n|move|p1a: Whimsicott|Moonblast|p2a: Spiritomb\n|-supereffective|p2a: Spiritomb\n|-damage|p2a: Spiritomb|0 fnt\n|faint|p2a: Spiritomb\n|\n|-heal|p1a: Whimsicott|148/238|[from] item: Leftovers\n|upkeep\n|\n|t:|1781450105\n|switch|p2a: Uxie|Uxie, L83|260/260\n|turn|19\n|\n|t:|1781450109\n|move|p1a: Whimsicott|Leech Seed|p2a: Uxie\n|-start|p2a: Uxie|move: Leech Seed\n|move|p2a: Uxie|Yawn|p1a: Whimsicott\n|-start|p1a: Whimsicott|move: Yawn|[of] p2a: Uxie\n|\n|-heal|p1a: Whimsicott|162/238|[from] item: Leftovers\n|-damage|p2a: Uxie|228/260|[from] Leech Seed|[of] p1a: Whimsicott\n|-heal|p1a: Whimsicott|194/238|[silent]\n|upkeep\n|turn|20\n|\n|t:|1781450114\n|move|p1a: Whimsicott|Encore|p2a: Uxie\n|-start|p2a: Uxie|Encore\n|move|p2a: Uxie|Yawn||[still]\n|-fail|p2a: Uxie\n|\n|-heal|p1a: Whimsicott|208/238|[from] item: Leftovers\n|-heal|p2a: Uxie|244/260|[from] item: Leftovers\n|-damage|p2a: Uxie|212/260|[from] Leech Seed|[of] p1a: Whimsicott\n|-heal|p1a: Whimsicott|238/238|[silent]\n|-end|p1a: Whimsicott|move: Yawn|[silent]\n|-message|Sleep Clause Mod activated.\n|-hint|Sleep Clause Mod prevents players from putting more than one of their opponent's Pok\u00e9mon to sleep at a time\n|upkeep\n|turn|21\n|\n|t:|1781450128\n|switch|p2a: Noivern|Noivern, L82, F|274/274\n|move|p1a: Whimsicott|Substitute|p1a: Whimsicott\n|-start|p1a: Whimsicott|Substitute\n|-damage|p1a: Whimsicott|179/238\n|\n|-heal|p1a: Whimsicott|193/238|[from] item: Leftovers\n|upkeep\n|turn|22\n|\n|t:|1781450136\n|-terastallize|p2a: Noivern|Normal\n|move|p1a: Whimsicott|Leech Seed|p2a: Noivern\n|-start|p2a: Noivern|move: Leech Seed\n|move|p2a: Noivern|Boomburst|p1a: Whimsicott\n|-damage|p1a: Whimsicott|0 fnt\n|faint|p1a: Whimsicott\n|\n|upkeep\n|c|\u2606jackyman92|Wp\n|\n|t:|1781450147\n|switch|p1a: Registeel|Registeel, L81|249/262\n|turn|23\n|\n|t:|1781450152\n|switch|p2a: Uxie|Uxie, L83|212/260\n|move|p1a: Registeel|Body Press|p2a: Uxie\n|-resisted|p2a: Uxie\n|-damage|p2a: Uxie|183/260\n|\n|-heal|p2a: Uxie|199/260|[from] item: Leftovers\n|upkeep\n|turn|24\n|\n|t:|1781450158\n|move|p2a: Uxie|Encore|p1a: Registeel\n|-start|p1a: Registeel|Encore\n|move|p1a: Registeel|Body Press|p2a: Uxie\n|-resisted|p2a: Uxie\n|-damage|p2a: Uxie|170/260\n|\n|-heal|p2a: Uxie|186/260|[from] item: Leftovers\n|upkeep\n|turn|25\n|\n|t:|1781450160\n|switch|p1a: Exeggutor|Exeggutor-Alola, L89, F, tera:Steel|185/314\n|move|p2a: Uxie|Psychic Noise|p1a: Exeggutor\n|-resisted|p1a: Exeggutor\n|-damage|p1a: Exeggutor|149/314\n|-start|p1a: Exeggutor|move: Heal Block\n|\n|-heal|p2a: Uxie|202/260|[from] item: Leftovers\n|upkeep\n|turn|26\n|\n|t:|1781450165\n|move|p2a: Uxie|Psychic Noise|p1a: Exeggutor\n|-resisted|p1a: Exeggutor\n|-damage|p1a: Exeggutor|113/314\n|move|p1a: Exeggutor|Calm Mind|p1a: Exeggutor\n|-boost|p1a: Exeggutor|spa|1\n|-boost|p1a: Exeggutor|spd|1\n|\n|-heal|p2a: Uxie|218/260|[from] item: Leftovers\n|-end|p1a: Exeggutor|move: Heal Block\n|upkeep\n|-enditem|p1a: Exeggutor|Sitrus Berry|[eat]\n|-heal|p1a: Exeggutor|191/314|[from] item: Sitrus Berry\n|turn|27\n|\n|t:|1781450172\n|switch|p1a: Registeel|Registeel, L81|249/262\n|move|p2a: Uxie|Encore||[still]\n|-fail|p2a: Uxie\n|\n|-heal|p2a: Uxie|234/260|[from] item: Leftovers\n|upkeep\n|turn|28\n|\n|t:|1781450177\n|move|p2a: Uxie|Psychic Noise|p1a: Registeel\n|-resisted|p1a: Registeel\n|-damage|p1a: Registeel|225/262\n|-start|p1a: Registeel|move: Heal Block\n|move|p1a: Registeel|Iron Head|p2a: Uxie\n|-damage|p2a: Uxie|188/260\n|\n|-heal|p2a: Uxie|204/260|[from] item: Leftovers\n|upkeep\n|turn|29\n|\n|t:|1781450184\n|move|p2a: Uxie|Encore|p1a: Registeel\n|-start|p1a: Registeel|Encore\n|move|p1a: Registeel|Iron Head|p2a: Uxie\n|-damage|p2a: Uxie|155/260\n|\n|-heal|p2a: Uxie|171/260|[from] item: Leftovers\n|-end|p1a: Registeel|move: Heal Block\n|upkeep\n|turn|30\n|\n|t:|1781450189\n|move|p2a: Uxie|Psychic Noise|p1a: Registeel\n|-resisted|p1a: Registeel\n|-damage|p1a: Registeel|204/262\n|-start|p1a: Registeel|move: Heal Block\n|move|p1a: Registeel|Iron Head|p2a: Uxie\n|-damage|p2a: Uxie|123/260\n|\n|-heal|p2a: Uxie|139/260|[from] item: Leftovers\n|upkeep\n|turn|31\n|\n|t:|1781450197\n|move|p2a: Uxie|U-turn|p1a: Registeel\n|-resisted|p1a: Registeel\n|-damage|p1a: Registeel|190/262\n|\n|t:|1781450201\n|switch|p2a: Noivern|Noivern, L82, F, tera:Normal|274/274|[from] U-turn\n|move|p1a: Registeel|Iron Head|p2a: Noivern\n|-damage|p2a: Noivern|205/274\n|\n|-end|p1a: Registeel|Encore\n|-end|p1a: Registeel|move: Heal Block\n|upkeep\n|turn|32\n|\n|t:|1781450208\n|move|p2a: Noivern|Hurricane|p1a: Registeel\n|-resisted|p1a: Registeel\n|-damage|p1a: Registeel|133/262\n|-start|p1a: Registeel|confusion\n|-activate|p1a: Registeel|confusion\n|move|p1a: Registeel|Body Press|p2a: Noivern\n|-supereffective|p2a: Noivern\n|-damage|p2a: Noivern|29/274\n|\n|upkeep\n|turn|33\n|\n|t:|1781450216\n|move|p2a: Noivern|Hurricane|p1a: Registeel\n|-resisted|p1a: Registeel\n|-damage|p1a: Registeel|77/262\n|-activate|p1a: Registeel|confusion\n|move|p1a: Registeel|Iron Head|p2a: Noivern\n|-damage|p2a: Noivern|0 fnt\n|faint|p2a: Noivern\n|\n|upkeep\n|\n|t:|1781450221\n|switch|p2a: Darkrai|Darkrai, L77|234/234\n|turn|34\n|\n|t:|1781450228\n|move|p2a: Darkrai|Focus Blast|p1a: Registeel\n|-supereffective|p1a: Registeel\n|-damage|p1a: Registeel|0 fnt\n|faint|p1a: Registeel\n|-damage|p2a: Darkrai|211/234|[from] item: Life Orb\n|\n|upkeep\n|\n|t:|1781450236\n|switch|p1a: Basculin|Basculin, L86, M|190/261 slp\n|turn|35\n|\n|t:|1781450240\n|move|p2a: Darkrai|Nasty Plot|p2a: Darkrai\n|-boost|p2a: Darkrai|spa|2\n|cant|p1a: Basculin|slp\n|\n|-damage|p1a: Basculin|158/261 slp|[from] ability: Bad Dreams|[of] p2a: Darkrai\n|upkeep\n|turn|36\n|\n|t:|1781450251\n|move|p2a: Darkrai|Dark Pulse|p1a: Basculin\n|-damage|p1a: Basculin|0 fnt\n|faint|p1a: Basculin\n|-damage|p2a: Darkrai|188/234|[from] item: Life Orb\n|\n|upkeep\n|\n|t:|1781450254\n|switch|p1a: Archaludon|Archaludon, L78, M|268/268\n|turn|37\n|\n|t:|1781450258\n|move|p2a: Darkrai|Focus Blast|p1a: Archaludon|[miss]\n|-miss|p2a: Darkrai|p1a: Archaludon\n|move|p1a: Archaludon|Outrage|p2a: Darkrai\n|-damage|p2a: Darkrai|70/234\n|\n|upkeep\n|turn|38\n|\n|t:|1781450264\n|move|p2a: Darkrai|Focus Blast|p1a: Archaludon\n|-supereffective|p1a: Archaludon\n|-damage|p1a: Archaludon|0 fnt\n|faint|p1a: Archaludon\n|-damage|p2a: Darkrai|47/234|[from] item: Life Orb\n|\n|upkeep\n|\n|t:|1781450266\n|switch|p1a: Exeggutor|Exeggutor-Alola, L89, F, tera:Steel|191/314\n|turn|39\n|\n|t:|1781450270\n|move|p2a: Darkrai|Focus Blast|p1a: Exeggutor|[miss]\n|-miss|p2a: Darkrai|p1a: Exeggutor\n|move|p1a: Exeggutor|Dragon Pulse|p2a: Darkrai\n|-damage|p2a: Darkrai|0 fnt\n|faint|p2a: Darkrai\n|\n|-item|p1a: Exeggutor|Sitrus Berry|[from] ability: Harvest\n|upkeep\n|\n|t:|1781450271\n|switch|p2a: Uxie|Uxie, L83|139/260\n|turn|40\n|\n|t:|1781450277\n|move|p2a: Uxie|Encore|p1a: Exeggutor\n|-start|p1a: Exeggutor|Encore\n|move|p1a: Exeggutor|Dragon Pulse|p2a: Uxie\n|-damage|p2a: Uxie|43/260\n|\n|-heal|p2a: Uxie|59/260|[from] item: Leftovers\n|upkeep\n|turn|41\n|\n|t:|1781450282\n|move|p2a: Uxie|Yawn|p1a: Exeggutor\n|-start|p1a: Exeggutor|move: Yawn|[of] p2a: Uxie\n|move|p1a: Exeggutor|Dragon Pulse|p2a: Uxie\n|-damage|p2a: Uxie|0 fnt\n|faint|p2a: Uxie\n|\n|win|kyroshero\n|raw|kyroshero's rating: 1340 &rarr; <strong>1359</strong><br />(+19 for winning)\n|raw|jackyman92's rating: 1320 &rarr; <strong>1301</strong><br />(-19 for losing)\n|l|\u2606jackyman92\n|player|p2|\n", "inputlog": ">version a8376a258c1d4662feba110a92103f3664a72141\n>start {\"formatid\":\"gen9randombattle\",\"seed\":\"sodium,01858a4c9fd18a5b3954eec01bd42dea\",\"rated\":\"Rated battle\"}\n>player p1 {\"name\":\"kyroshero\",\"avatar\":\"drayden\",\"rating\":1340,\"seed\":\"sodium,211cdc9e9ecb918cbbef0ccb7e0fba65\"}\n>player p2 {\"name\":\"jackyman92\",\"avatar\":\"266\",\"rating\":1320,\"seed\":\"sodium,d87823d74e40f07ef462abc2707cd59b\"}\n>p1 switch 6\n>p2 switch 2\n>p1 move irondefense\n>p2 move uturn\n>p2 switch 3\n>p1 move irondefense\n>p2 move encore\n>p1 switch 2\n>p2 move yawn\n>p1 switch 4\n>p2 move psychicnoise\n>p1 move quiverdance\n>p2 move uturn\n>p2 switch 4\n>p1 move hurricane\n>p2 move knockoff\n>p1 move icebeam\n>p2 move slackoff\n>p2 switch 2\n>p1 move hurricane\n>p2 move bellydrum\n>p1 move hurricane\n>p2 move aquajet\n>p1 switch 6\n>p1 move gigadrain\n>p2 move aquajet\n>p2 switch 3\n>p1 move calmmind terastallize\n>p2 move hurricane\n>p1 move dragonpulse\n>p2 switch 4\n>p1 move dragonpulse\n>p2 move encore\n>p1 switch 5\n>p2 move yawn\n>p1 move wavecrash\n>p2 switch 6\n>p1 switch 4\n>p2 move poltergeist\n>p1 move moonblast\n>p2 move toxic\n>p2 switch 6\n>p1 move leechseed\n>p2 move yawn\n>p1 move encore\n>p2 move yawn\n>p1 move substitute\n>p2 switch 4\n>p1 move leechseed\n>p2 move boomburst terastallize\n>chat \u2606jackyman92|Wp\n>p1 switch 2\n>p1 move bodypress\n>p2 switch 4\n>p1 move ironhead\n>p2 move encore\n>p1 switch 5\n>p2 move psychicnoise\n>p1 move calmmind\n>p2 move psychicnoise\n>p1 switch 5\n>p2 move encore\n>p1 move ironhead\n>p2 move psychicnoise\n>p1 move ironhead\n>p2 move encore\n>p1 move ironhead\n>p2 move psychicnoise\n>p1 move ironhead\n>p2 move uturn\n>p2 switch 4\n>p1 move bodypress\n>p2 move hurricane\n>p1 move ironhead\n>p2 move hurricane\n>p2 switch 5\n>p1 move bodypress\n>p2 move focusblast\n>p1 switch 4\n>p1 move wavecrash\n>p2 move nastyplot\n>p1 move wavecrash\n>p2 move darkpulse\n>p1 switch 3\n>p1 move outrage\n>p2 move focusblast\n>p1 move outrage\n>p2 move focusblast\n>p1 switch 5\n>p1 move dragonpulse\n>p2 move focusblast\n>p2 switch 4\n>p1 move dragonpulse\n>p2 move encore\n>p1 move dragonpulse\n>p2 move yawn", "uploadtime": 1781450286, "views": 3, "formatid": "gen9randombattle", "rating": 1301, "private": 0, "password": null}