{"id": "gen9randombattle-2631672055", "format": "[Gen 9] Random Battle", "players": ["hnrysml", "Jadasteel"], "log": "|j|\u2606hnrysml\n|j|\u2606Jadasteel\n|t:|1781418912\n|gametype|singles\n|player|p1|hnrysml|birdkeeper-gen4dp|2075\n|player|p2|Jadasteel|fantina|2064\n|gen|9\n|tier|[Gen 9] Random Battle\n|rated|\n|rule|Species Clause: Limit one of each Pok\u00e9mon\n|rule|HP Percentage Mod: HP is shown in percentages\n|rule|Sleep Clause Mod: Limit one foe put to sleep\n|rule|Illusion Level Mod: Illusion disguises the Pok\u00e9mon's true level\n|\n|t:|1781418912\n|teamsize|p1|6\n|teamsize|p2|6\n|start\n|switch|p1a: Regice|Regice, L88|284/284\n|switch|p2a: Excadrill|Excadrill, L79, M|303/303\n|-ability|p2a: Excadrill|Mold Breaker\n|turn|1\n|c|\u2606hnrysml|glhf\n|inactive|Battle timer is ON: inactive players will automatically lose when time's up. (requested by hnrysml)\n|\n|t:|1781418923\n|move|p2a: Excadrill|Swords Dance|p2a: Excadrill\n|-boost|p2a: Excadrill|atk|2\n|move|p1a: Regice|Body Press|p2a: Excadrill\n|-supereffective|p2a: Excadrill\n|-damage|p2a: Excadrill|121/303\n|\n|-heal|p2a: Excadrill|139/303|[from] item: Leftovers\n|upkeep\n|turn|2\n|\n|t:|1781418933\n|move|p2a: Excadrill|Iron Head|p1a: Regice\n|-supereffective|p1a: Regice\n|-damage|p1a: Regice|0 fnt\n|faint|p1a: Regice\n|\n|-heal|p2a: Excadrill|157/303|[from] item: Leftovers\n|upkeep\n|\n|t:|1781418939\n|switch|p1a: Iron Moth|Iron Moth, L78|253/253\n|turn|3\n|\n|t:|1781418946\n|switch|p2a: Dragalge|Dragalge, L88, M|258/258\n|move|p1a: Iron Moth|Energy Ball|p2a: Dragalge\n|-resisted|p2a: Dragalge\n|-damage|p2a: Dragalge|244/258\n|\n|upkeep\n|turn|4\n|\n|t:|1781418952\n|-end|p1a: Iron Moth|Quark Drive|[silent]\n|switch|p1a: Gumshoos|Gumshoos, L95, F|321/321\n|move|p2a: Dragalge|Dragon Tail|p1a: Gumshoos|[miss]\n|-miss|p2a: Dragalge|p1a: Gumshoos\n|\n|upkeep\n|turn|5\n|\n|t:|1781418969\n|move|p1a: Gumshoos|Double-Edge|p2a: Dragalge\n|-damage|p2a: Dragalge|3/258\n|-damage|p1a: Gumshoos|241/321|[from] Recoil\n|move|p2a: Dragalge|Focus Blast|p1a: Gumshoos|[miss]\n|-miss|p2a: Dragalge|p1a: Gumshoos\n|\n|upkeep\n|turn|6\n|\n|t:|1781418979\n|move|p1a: Gumshoos|Double-Edge|p2a: Dragalge\n|-damage|p2a: Dragalge|0 fnt\n|faint|p2a: Dragalge\n|-damage|p1a: Gumshoos|240/321|[from] Recoil\n|\n|upkeep\n|\n|t:|1781418986\n|switch|p2a: Stonjourner|Stonjourner, L91, M|330/330\n|turn|7\n|\n|t:|1781418997\n|switch|p1a: Gardevoir|Gardevoir, L83, M|249/249\n|-ability|p1a: Gardevoir|Power Spot|Trace|[from] ability: Trace|[of] p2a: Stonjourner\n|move|p2a: Stonjourner|Rock Polish|p2a: Stonjourner\n|-boost|p2a: Stonjourner|spe|2\n|\n|upkeep\n|turn|8\n|\n|t:|1781419005\n|-terastallize|p2a: Stonjourner|Fire\n|move|p2a: Stonjourner|Heat Crash|p1a: Gardevoir\n|-damage|p1a: Gardevoir|0 fnt\n|faint|p1a: Gardevoir\n|-damage|p2a: Stonjourner|297/330|[from] item: Life Orb\n|\n|upkeep\n|\n|t:|1781419008\n|switch|p1a: Gumshoos|Gumshoos, L95, F|240/321\n|turn|9\n|\n|t:|1781419016\n|move|p2a: Stonjourner|Heat Crash|p1a: Gumshoos\n|-damage|p1a: Gumshoos|0 fnt\n|faint|p1a: Gumshoos\n|-damage|p2a: Stonjourner|264/330|[from] item: Life Orb\n|\n|upkeep\n|\n|t:|1781419029\n|switch|p1a: Iron Moth|Iron Moth, L78|253/253\n|turn|10\n|\n|t:|1781419036\n|-terastallize|p1a: Iron Moth|Grass\n|move|p2a: Stonjourner|Heat Crash|p1a: Iron Moth\n|-supereffective|p1a: Iron Moth\n|-damage|p1a: Iron Moth|0 fnt\n|faint|p1a: Iron Moth\n|-end|p1a: Iron Moth|Quark Drive|[silent]\n|-damage|p2a: Stonjourner|231/330|[from] item: Life Orb\n|\n|upkeep\n|c|\u2606hnrysml|gg\n|-message|hnrysml forfeited.\n|\n|win|Jadasteel\n|raw|hnrysml's rating: 2075 &rarr; <strong>2054</strong><br />(-21 for losing)\n|raw|Jadasteel's rating: 2064 &rarr; <strong>2085</strong><br />(+21 for winning)\n", "inputlog": ">version a8376a258c1d4662feba110a92103f3664a72141\n>start {\"formatid\":\"gen9randombattle\",\"seed\":\"sodium,468517412abff6b8a0e961c8e1e48e54\",\"rated\":\"Rated battle\"}\n>player p1 {\"name\":\"hnrysml\",\"avatar\":\"birdkeeper-gen4dp\",\"rating\":2075,\"seed\":\"sodium,0e748d539753425e48d0c5b19787e4a8\"}\n>player p2 {\"name\":\"Jadasteel\",\"avatar\":\"fantina\",\"rating\":2064,\"seed\":\"sodium,148a781180770963e8120af1ca5c8622\"}\n>chat \u2606hnrysml|glhf\n>p1 move bodypress\n>p2 move swordsdance\n>p1 move bodypress\n>p2 move ironhead\n>p1 switch 2\n>p1 move energyball\n>p2 switch 3\n>p1 switch 4\n>p2 move dragontail\n>p1 move doubleedge\n>p2 move focusblast\n>p1 move doubleedge\n>p2 move focusblast\n>p2 switch 6\n>p1 switch 5\n>p2 move rockpolish\n>p1 move moonblast\n>p2 move heatcrash terastallize\n>p1 switch 5\n>p1 move earthquake\n>p2 move heatcrash\n>p1 switch 4\n>p1 move sludgewave terastallize\n>p2 move heatcrash\n>chat \u2606hnrysml|gg\n>forcelose p1", "uploadtime": 1781419041, "views": 8, "formatid": "gen9randombattle", "rating": 2054, "private": 0, "password": null}