{"id": "gen9randombattle-2631649564", "format": "[Gen 9] Random Battle", "players": ["personanongrattata", "gothampaladin"], "log": "|badge|p2|bronze|gen9randombattle|100-9\n|uhtml|medal-msg|<div class=\"broadcast-blue\">Curious what those medals under the avatar are? PS now has Ladder Seasons! For more information, check out the <a href=\"https://www.smogon.com/forums/threads/3740067/\">thread on Smogon.</a></div>\n|j|\u2606personanongrattata\n|j|\u2606gothampaladin\n|t:|1781414812\n|gametype|singles\n|player|p1|personanongrattata|youngster-gen4dp|2050\n|player|p2|gothampaladin|flannery|2290\n|gen|9\n|tier|[Gen 9] Random Battle\n|rated|\n|rule|Species Clause: Limit one of each Pok\u00e9mon\n|rule|HP Percentage Mod: HP is shown in percentages\n|rule|Sleep Clause Mod: Limit one foe put to sleep\n|rule|Illusion Level Mod: Illusion disguises the Pok\u00e9mon's true level\n|\n|t:|1781414812\n|teamsize|p1|6\n|teamsize|p2|6\n|start\n|switch|p1a: Palossand|Palossand, L89, F|296/296\n|switch|p2a: Regirock|Regirock, L83|268/268\n|turn|1\n|inactive|Battle timer is ON: inactive players will automatically lose when time's up. (requested by personanongrattata)\n|inactive|gothampaladin has 120 seconds left.\n|\n|t:|1781414846\n|switch|p1a: Vikavolt|Vikavolt, L83, M|263/263\n|move|p2a: Regirock|Stealth Rock|p1a: Vikavolt\n|-sidestart|p1: personanongrattata|move: Stealth Rock\n|\n|upkeep\n|turn|2\n|\n|t:|1781414853\n|move|p2a: Regirock|Stone Edge|p1a: Vikavolt|[miss]\n|-miss|p2a: Regirock|p1a: Vikavolt\n|move|p1a: Vikavolt|Sticky Web|p2a: Regirock\n|-sidestart|p2: gothampaladin|move: Sticky Web\n|\n|upkeep\n|turn|3\n|\n|t:|1781414855\n|switch|p1a: Palossand|Palossand, L89, F|296/296\n|-damage|p1a: Palossand|278/296|[from] Stealth Rock\n|move|p2a: Regirock|Stone Edge|p1a: Palossand\n|-resisted|p1a: Palossand\n|-damage|p1a: Palossand|236/296\n|\n|-heal|p1a: Palossand|254/296|[from] item: Leftovers\n|upkeep\n|turn|4\n|\n|t:|1781414862\n|switch|p2a: Ribombee|Ribombee, L83, F|235/235\n|move|p1a: Palossand|Earth Power|p2a: Ribombee\n|-resisted|p2a: Ribombee\n|-damage|p2a: Ribombee|169/235\n|\n|-heal|p1a: Palossand|272/296|[from] item: Leftovers\n|upkeep\n|turn|5\n|\n|t:|1781414869\n|move|p2a: Ribombee|Quiver Dance|p2a: Ribombee\n|-boost|p2a: Ribombee|spa|1\n|-boost|p2a: Ribombee|spd|1\n|-boost|p2a: Ribombee|spe|1\n|move|p1a: Palossand|Sludge Bomb|p2a: Ribombee\n|-supereffective|p2a: Ribombee\n|-damage|p2a: Ribombee|45/235\n|\n|-heal|p1a: Palossand|290/296|[from] item: Leftovers\n|upkeep\n|turn|6\n|\n|t:|1781414875\n|move|p2a: Ribombee|Moonblast|p1a: Palossand\n|-damage|p1a: Palossand|122/296\n|-unboost|p1a: Palossand|spa|1\n|move|p1a: Palossand|Shadow Ball|p2a: Ribombee\n|-damage|p2a: Ribombee|0 fnt\n|faint|p2a: Ribombee\n|\n|-heal|p1a: Palossand|140/296|[from] item: Leftovers\n|upkeep\n|\n|t:|1781414880\n|switch|p2a: Primarina|Primarina, L83, F|268/268\n|-activate|p2a: Primarina|move: Sticky Web\n|-unboost|p2a: Primarina|spe|1\n|turn|7\n|\n|t:|1781414887\n|switch|p1a: Vikavolt|Vikavolt, L83, M|263/263\n|move|p2a: Primarina|Sparkling Aria|p1a: Vikavolt\n|-damage|p1a: Vikavolt|134/263\n|\n|upkeep\n|turn|8\n|\n|t:|1781414890\n|switch|p2a: Kilowattrel|Kilowattrel, L83, F|252/252\n|move|p1a: Vikavolt|Discharge|p2a: Kilowattrel\n|-immune|p2a: Kilowattrel|[from] ability: Volt Absorb\n|\n|upkeep\n|turn|9\n|\n|t:|1781414895\n|switch|p1a: Klawf|Klawf, L90, F|272/272\n|-damage|p1a: Klawf|238/272|[from] Stealth Rock\n|move|p2a: Kilowattrel|Hurricane|p1a: Klawf\n|-resisted|p1a: Klawf\n|-crit|p1a: Klawf\n|-damage|p1a: Klawf|109/272\n|-start|p1a: Klawf|confusion\n|\n|upkeep\n|turn|10\n|\n|t:|1781414905\n|switch|p2a: Regirock|Regirock, L83|268/268\n|-activate|p2a: Regirock|move: Sticky Web\n|-fail|p2a: Regirock|unboost|[from] ability: Clear Body|[of] p2a: Regirock\n|-activate|p1a: Klawf|confusion\n|move|p1a: Klawf|Knock Off|p2a: Regirock\n|-damage|p2a: Regirock|213/268\n|-enditem|p2a: Regirock|Leftovers|[from] move: Knock Off|[of] p1a: Klawf\n|-damage|p1a: Klawf|82/272|[from] item: Life Orb\n|\n|upkeep\n|turn|11\n|\n|t:|1781414909\n|switch|p1a: Palossand|Palossand, L89, F|140/296\n|-damage|p1a: Palossand|122/296|[from] Stealth Rock\n|switch|p2a: Primarina|Primarina, L83, F|268/268\n|-activate|p2a: Primarina|move: Sticky Web\n|-unboost|p2a: Primarina|spe|1\n|\n|-heal|p1a: Palossand|140/296|[from] item: Leftovers\n|upkeep\n|turn|12\n|\n|t:|1781414915\n|switch|p1a: Altaria|Altaria, L89, F|278/278\n|move|p2a: Primarina|Sparkling Aria|p1a: Altaria\n|-resisted|p1a: Altaria\n|-damage|p1a: Altaria|230/278\n|\n|upkeep\n|turn|13\n|\n|t:|1781414920\n|move|p1a: Altaria|Dragon Dance|p1a: Altaria\n|-boost|p1a: Altaria|atk|1\n|-boost|p1a: Altaria|spe|1\n|move|p2a: Primarina|Draining Kiss|p1a: Altaria\n|-supereffective|p1a: Altaria\n|-damage|p1a: Altaria|132/278\n|\n|upkeep\n|turn|14\n|\n|t:|1781414933\n|move|p1a: Altaria|Brave Bird|p2a: Primarina\n|-damage|p2a: Primarina|76/268\n|-damage|p1a: Altaria|69/278|[from] Recoil\n|move|p2a: Primarina|Draining Kiss|p1a: Altaria\n|-supereffective|p1a: Altaria\n|-damage|p1a: Altaria|0 fnt\n|-heal|p2a: Primarina|128/268|[from] drain|[of] p1a: Altaria\n|faint|p1a: Altaria\n|\n|-heal|p2a: Primarina|144/268|[from] item: Leftovers\n|upkeep\n|\n|t:|1781414939\n|switch|p1a: Vikavolt|Vikavolt, L83, M|134/263\n|turn|15\n|\n|t:|1781414958\n|switch|p2a: Kilowattrel|Kilowattrel, L83, F|252/252\n|move|p1a: Vikavolt|Energy Ball|p2a: Kilowattrel\n|-resisted|p2a: Kilowattrel\n|-damage|p2a: Kilowattrel|194/252\n|\n|upkeep\n|turn|16\n|\n|t:|1781414976\n|switch|p1a: Klawf|Klawf, L90, F|172/272\n|-damage|p1a: Klawf|138/272|[from] Stealth Rock\n|move|p2a: Kilowattrel|Hurricane|p1a: Klawf\n|-resisted|p1a: Klawf\n|-damage|p1a: Klawf|62/272\n|\n|upkeep\n|turn|17\n|\n|t:|1781414984\n|switch|p1a: Palossand|Palossand, L89, F|140/296\n|-damage|p1a: Palossand|122/296|[from] Stealth Rock\n|move|p2a: Kilowattrel|Discharge|p1a: Palossand\n|-immune|p1a: Palossand\n|\n|-heal|p1a: Palossand|140/296|[from] item: Leftovers\n|upkeep\n|turn|18\n|\n|t:|1781414988\n|move|p2a: Kilowattrel|Hurricane|p1a: Palossand\n|-damage|p1a: Palossand|20/296\n|move|p1a: Palossand|Shore Up|p1a: Palossand\n|-heal|p1a: Palossand|168/296\n|\n|-heal|p1a: Palossand|186/296|[from] item: Leftovers\n|upkeep\n|turn|19\n|\n|t:|1781414995\n|switch|p2a: Tornadus|Tornadus-Therian, L79, M|254/254\n|move|p1a: Palossand|Shore Up|p1a: Palossand\n|-heal|p1a: Palossand|296/296\n|\n|upkeep\n|turn|20\n|\n|t:|1781414997\n|move|p2a: Tornadus|Knock Off|p1a: Palossand\n|-supereffective|p1a: Palossand\n|-damage|p1a: Palossand|196/296\n|-enditem|p1a: Palossand|Leftovers|[from] move: Knock Off|[of] p2a: Tornadus\n|move|p1a: Palossand|Sludge Bomb|p2a: Tornadus\n|-damage|p2a: Tornadus|204/254\n|\n|upkeep\n|turn|21\n|\n|t:|1781415003\n|move|p2a: Tornadus|Bleakwind Storm|p1a: Palossand\n|-damage|p1a: Palossand|93/296\n|move|p1a: Palossand|Shore Up|p1a: Palossand\n|-heal|p1a: Palossand|241/296\n|\n|upkeep\n|turn|22\n|\n|t:|1781415008\n|move|p2a: Tornadus|Bleakwind Storm|p1a: Palossand\n|-damage|p1a: Palossand|136/296\n|move|p1a: Palossand|Sludge Bomb|p2a: Tornadus\n|-damage|p2a: Tornadus|157/254\n|-status|p2a: Tornadus|psn\n|\n|-damage|p2a: Tornadus|126/254 psn|[from] psn\n|upkeep\n|turn|23\n|\n|t:|1781415012\n|move|p2a: Tornadus|Bleakwind Storm|p1a: Palossand\n|-damage|p1a: Palossand|28/296\n|move|p1a: Palossand|Shore Up|p1a: Palossand\n|-heal|p1a: Palossand|176/296\n|\n|-damage|p2a: Tornadus|95/254 psn|[from] psn\n|upkeep\n|turn|24\n|\n|t:|1781415017\n|move|p2a: Tornadus|U-turn|p1a: Palossand\n|-resisted|p1a: Palossand\n|-damage|p1a: Palossand|157/296\n|\n|t:|1781415021\n|switch|p2a: Regirock|Regirock, L83|213/268|[from] U-turn\n|-activate|p2a: Regirock|move: Sticky Web\n|-fail|p2a: Regirock|unboost|[from] ability: Clear Body|[of] p2a: Regirock\n|move|p1a: Palossand|Shore Up|p1a: Palossand\n|-heal|p1a: Palossand|296/296\n|\n|upkeep\n|turn|25\n|\n|t:|1781415028\n|switch|p2a: Rillaboom|Rillaboom, L79, M|288/288\n|-activate|p2a: Rillaboom|move: Sticky Web\n|-unboost|p2a: Rillaboom|spe|1\n|-fieldstart|move: Grassy Terrain|[from] ability: Grassy Surge|[of] p2a: Rillaboom\n|move|p1a: Palossand|Shadow Ball|p2a: Rillaboom\n|-damage|p2a: Rillaboom|173/288\n|\n|-heal|p2a: Rillaboom|191/288|[from] Grassy Terrain\n|upkeep\n|turn|26\n|\n|t:|1781415034\n|switch|p1a: Vikavolt|Vikavolt, L83, M|134/263\n|move|p2a: Rillaboom|Wood Hammer|p1a: Vikavolt\n|-resisted|p1a: Vikavolt\n|-damage|p1a: Vikavolt|9/263\n|-damage|p2a: Rillaboom|150/288|[from] Recoil\n|-damage|p2a: Rillaboom|122/288|[from] item: Life Orb\n|\n|-heal|p2a: Rillaboom|140/288|[from] Grassy Terrain\n|upkeep\n|turn|27\n|\n|t:|1781415041\n|switch|p1a: Koraidon|Koraidon, L64|235/235\n|-damage|p1a: Koraidon|221/235|[from] Stealth Rock\n|-weather|SunnyDay|[from] ability: Orichalcum Pulse|[of] p1a: Koraidon\n|-activate|p1a: Koraidon|Orichalcum Pulse|[source]\n|move|p2a: Rillaboom|Grassy Glide|p1a: Koraidon\n|-resisted|p1a: Koraidon\n|-damage|p1a: Koraidon|166/235\n|-damage|p2a: Rillaboom|112/288|[from] item: Life Orb\n|\n|-weather|SunnyDay|[upkeep]\n|-heal|p1a: Koraidon|180/235|[from] Grassy Terrain\n|-heal|p2a: Rillaboom|130/288|[from] Grassy Terrain\n|upkeep\n|turn|28\n|\n|t:|1781415051\n|switch|p2a: Regirock|Regirock, L83|213/268\n|-activate|p2a: Regirock|move: Sticky Web\n|-fail|p2a: Regirock|unboost|[from] ability: Clear Body|[of] p2a: Regirock\n|move|p1a: Koraidon|Collision Course|p2a: Regirock\n|-supereffective|p2a: Regirock\n|-damage|p2a: Regirock|57/268\n|\n|-weather|SunnyDay|[upkeep]\n|-heal|p1a: Koraidon|194/235|[from] Grassy Terrain\n|-heal|p2a: Regirock|73/268|[from] Grassy Terrain\n|upkeep\n|turn|29\n|\n|t:|1781415055\n|switch|p2a: Tornadus|Tornadus-Therian, L79, M|179/254 psn\n|move|p1a: Koraidon|Collision Course|p2a: Tornadus\n|-resisted|p2a: Tornadus\n|-damage|p2a: Tornadus|117/254 psn\n|\n|-weather|SunnyDay|[upkeep]\n|-heal|p1a: Koraidon|208/235|[from] Grassy Terrain\n|-damage|p2a: Tornadus|86/254 psn|[from] psn\n|-fieldend|move: Grassy Terrain\n|upkeep\n|turn|30\n|\n|t:|1781415061\n|switch|p1a: Palossand|Palossand, L89, F|296/296\n|-damage|p1a: Palossand|278/296|[from] Stealth Rock\n|move|p2a: Tornadus|Bleakwind Storm|p1a: Palossand\n|-damage|p1a: Palossand|167/296\n|\n|-weather|SunnyDay|[upkeep]\n|-damage|p2a: Tornadus|55/254 psn|[from] psn\n|upkeep\n|turn|31\n|\n|t:|1781415067\n|move|p2a: Tornadus|U-turn|p1a: Palossand\n|-resisted|p1a: Palossand\n|-damage|p1a: Palossand|147/296\n|\n|t:|1781415072\n|switch|p2a: Kilowattrel|Kilowattrel, L83, F|194/252|[from] U-turn\n|move|p1a: Palossand|Shadow Ball|p2a: Kilowattrel\n|-damage|p2a: Kilowattrel|65/252\n|-unboost|p2a: Kilowattrel|spd|1\n|\n|-weather|none\n|upkeep\n|turn|32\n|\n|t:|1781415079\n|move|p2a: Kilowattrel|Hurricane|p1a: Palossand|[miss]\n|-miss|p2a: Kilowattrel|p1a: Palossand\n|move|p1a: Palossand|Shore Up|p1a: Palossand\n|-heal|p1a: Palossand|295/296\n|\n|upkeep\n|turn|33\n|\n|t:|1781415085\n|move|p2a: Kilowattrel|U-turn|p1a: Palossand\n|-resisted|p1a: Palossand\n|-damage|p1a: Palossand|279/296\n|\n|t:|1781415086\n|switch|p2a: Regirock|Regirock, L83|73/268|[from] U-turn\n|-activate|p2a: Regirock|move: Sticky Web\n|-fail|p2a: Regirock|unboost|[from] ability: Clear Body|[of] p2a: Regirock\n|move|p1a: Palossand|Shadow Ball|p2a: Regirock\n|-crit|p2a: Regirock\n|-damage|p2a: Regirock|0 fnt\n|faint|p2a: Regirock\n|\n|upkeep\n|\n|t:|1781415088\n|switch|p2a: Rillaboom|Rillaboom, L79, M|130/288\n|-activate|p2a: Rillaboom|move: Sticky Web\n|-unboost|p2a: Rillaboom|spe|1\n|-fieldstart|move: Grassy Terrain|[from] ability: Grassy Surge|[of] p2a: Rillaboom\n|turn|34\n|\n|t:|1781415099\n|switch|p1a: Klawf|Klawf, L90, F|152/272\n|-damage|p1a: Klawf|118/272|[from] Stealth Rock\n|move|p2a: Rillaboom|Wood Hammer|p1a: Klawf\n|-supereffective|p1a: Klawf\n|-damage|p1a: Klawf|0 fnt\n|faint|p1a: Klawf\n|-damage|p2a: Rillaboom|91/288|[from] Recoil\n|-damage|p2a: Rillaboom|63/288|[from] item: Life Orb\n|\n|-heal|p2a: Rillaboom|81/288|[from] Grassy Terrain\n|upkeep\n|\n|t:|1781415101\n|switch|p1a: Koraidon|Koraidon, L64|208/235\n|-damage|p1a: Koraidon|194/235|[from] Stealth Rock\n|-weather|SunnyDay|[from] ability: Orichalcum Pulse|[of] p1a: Koraidon\n|-activate|p1a: Koraidon|Orichalcum Pulse|[source]\n|turn|35\n|\n|t:|1781415107\n|switch|p2a: Kilowattrel|Kilowattrel, L83, F|65/252\n|move|p1a: Koraidon|Collision Course|p2a: Kilowattrel\n|-resisted|p2a: Kilowattrel\n|-damage|p2a: Kilowattrel|0 fnt\n|faint|p2a: Kilowattrel\n|\n|-weather|SunnyDay|[upkeep]\n|-heal|p1a: Koraidon|208/235|[from] Grassy Terrain\n|upkeep\n|\n|t:|1781415109\n|switch|p2a: Primarina|Primarina, L83, F|144/268\n|-activate|p2a: Primarina|move: Sticky Web\n|-unboost|p2a: Primarina|spe|1\n|turn|36\n|inactive|personanongrattata has 120 seconds left.\n|\n|t:|1781415140\n|-terastallize|p1a: Koraidon|Fire\n|move|p1a: Koraidon|Flare Blitz|p2a: Primarina\n|-resisted|p2a: Primarina\n|-damage|p2a: Primarina|28/268\n|-damage|p1a: Koraidon|170/235|[from] Recoil\n|move|p2a: Primarina|Calm Mind|p2a: Primarina\n|-boost|p2a: Primarina|spa|1\n|-boost|p2a: Primarina|spd|1\n|\n|-weather|SunnyDay|[upkeep]\n|-heal|p1a: Koraidon|184/235|[from] Grassy Terrain\n|-heal|p2a: Primarina|44/268|[from] Grassy Terrain\n|-heal|p2a: Primarina|60/268|[from] item: Leftovers\n|upkeep\n|turn|37\n|\n|t:|1781415151\n|switch|p2a: Rillaboom|Rillaboom, L79, M|81/288\n|-activate|p2a: Rillaboom|move: Sticky Web\n|-unboost|p2a: Rillaboom|spe|1\n|move|p1a: Koraidon|Flare Blitz|p2a: Rillaboom\n|-supereffective|p2a: Rillaboom\n|-damage|p2a: Rillaboom|0 fnt\n|faint|p2a: Rillaboom\n|-damage|p1a: Koraidon|157/235|[from] Recoil\n|\n|-weather|SunnyDay|[upkeep]\n|-heal|p1a: Koraidon|171/235|[from] Grassy Terrain\n|upkeep\n|\n|t:|1781415152\n|switch|p2a: Tornadus|Tornadus-Therian, L79, M|139/254 psn\n|turn|38\n|\n|t:|1781415159\n|move|p2a: Tornadus|Bleakwind Storm|p1a: Koraidon\n|-damage|p1a: Koraidon|42/235\n|-unboost|p1a: Koraidon|spe|1\n|move|p1a: Koraidon|Flare Blitz|p2a: Tornadus\n|-damage|p2a: Tornadus|0 fnt\n|faint|p2a: Tornadus\n|-damage|p1a: Koraidon|0 fnt|[from] Recoil\n|faint|p1a: Koraidon\n|\n|-weather|SunnyDay|[upkeep]\n|-fieldend|move: Grassy Terrain\n|upkeep\n|-message|gothampaladin forfeited.\n|\n|win|personanongrattata\n", "inputlog": ">version a8376a258c1d4662feba110a92103f3664a72141\n>start {\"formatid\":\"gen9randombattle\",\"seed\":\"sodium,1d5ffcec36d302a8a90d8a60b3a6af58\",\"rated\":\"Rated battle\"}\n>player p1 {\"name\":\"personanongrattata\",\"avatar\":\"youngster-gen4dp\",\"rating\":2050,\"seed\":\"sodium,5b529931df111589d4fd3f354c1cfb97\"}\n>player p2 {\"name\":\"gothampaladin\",\"avatar\":\"flannery\",\"rating\":2290,\"seed\":\"sodium,f15b49a50e3f7271a5e234de5f07badf\"}\n>p1 switch 4\n>p2 move stealthrock\n>p1 move stickyweb\n>p2 move stoneedge\n>p1 switch 4\n>p2 move stoneedge\n>p1 move earthpower\n>p2 switch 3\n>p1 move sludgebomb\n>p2 move quiverdance\n>p1 move shadowball\n>p2 move moonblast\n>p2 switch 5\n>p1 switch 4\n>p2 move sparklingaria\n>p1 move discharge\n>p2 switch 6\n>p1 switch 6\n>p2 move hurricane\n>p1 move knockoff\n>p2 switch 3\n>p1 switch 4\n>p2 switch 6\n>p1 switch 5\n>p2 move sparklingaria\n>p1 move dragondance\n>p2 move drainingkiss\n>p1 move bravebird\n>p2 move drainingkiss\n>p1 switch 6\n>p1 move energyball\n>p2 switch 3\n>p1 switch 4\n>p2 move hurricane\n>p1 switch 5\n>p2 move discharge\n>p1 move shoreup\n>p2 move hurricane\n>p1 move shoreup\n>p2 switch 2\n>p1 move sludgebomb\n>p2 move knockoff\n>p1 move shoreup\n>p2 move bleakwindstorm\n>p1 move sludgebomb\n>p2 move bleakwindstorm\n>p1 move shoreup\n>p2 move bleakwindstorm\n>p1 move shoreup\n>p2 move uturn\n>p2 switch 6\n>p1 move shadowball\n>p2 switch 4\n>p1 switch 4\n>p2 move woodhammer\n>p1 switch 2\n>p2 move grassyglide\n>p1 move collisioncourse\n>p2 switch 4\n>p1 move collisioncourse\n>p2 switch 6\n>p1 switch 4\n>p2 move bleakwindstorm\n>p1 move shadowball\n>p2 move uturn\n>p2 switch 2\n>p1 move shoreup\n>p2 move hurricane\n>p1 move shadowball\n>p2 move uturn\n>p2 switch 6\n>p2 switch 4\n>p1 switch 5\n>p2 move woodhammer\n>p1 switch 4\n>p1 move collisioncourse\n>p2 switch 6\n>p2 switch 3\n>p1 move flareblitz terastallize\n>p2 move calmmind\n>p1 move flareblitz\n>p2 switch 6\n>p2 switch 2\n>p1 move flareblitz\n>p2 move bleakwindstorm\n>forcelose p2", "uploadtime": 1781414814, "views": 4, "formatid": "gen9randombattle", "rating": null, "private": 0, "password": null}