{"id": "gen9randombattle-2631997095", "format": "[Gen 9] Random Battle", "players": ["w1zardar", "Yomi-BeanSprout"], "log": "|j|\u2606w1zardar\n|j|\u2606Yomi-BeanSprout\n|t:|1781464167\n|gametype|singles\n|player|p1|w1zardar|nate|1801\n|player|p2|Yomi-BeanSprout|266|1783\n|gen|9\n|tier|[Gen 9] Random Battle\n|rated|\n|rule|Species Clause: Limit one of each Pok\u00e9mon\n|rule|HP Percentage Mod: HP is shown in percentages\n|rule|Sleep Clause Mod: Limit one foe put to sleep\n|rule|Illusion Level Mod: Illusion disguises the Pok\u00e9mon's true level\n|\n|t:|1781464167\n|teamsize|p1|6\n|teamsize|p2|6\n|start\n|switch|p1a: Feraligatr|Feraligatr, L79, M|264/264\n|switch|p2a: Ninetales|Ninetales-Alola, L78, M|242/242\n|-weather|Snowscape|[from] ability: Snow Warning|[of] p2a: Ninetales\n|turn|1\n|inactive|Battle timer is ON: inactive players will automatically lose when time's up. (requested by Yomi-BeanSprout)\n|\n|t:|1781464185\n|move|p2a: Ninetales|Aurora Veil|p2a: Ninetales\n|-sidestart|p2: Yomi-BeanSprout|move: Aurora Veil\n|move|p1a: Feraligatr|Dragon Dance|p1a: Feraligatr\n|-boost|p1a: Feraligatr|atk|1\n|-boost|p1a: Feraligatr|spe|1\n|\n|-weather|Snowscape|[upkeep]\n|upkeep\n|turn|2\n|\n|t:|1781464194\n|switch|p2a: Mightyena|Mightyena, L96, M|290/290\n|-ability|p2a: Mightyena|Intimidate|boost\n|-unboost|p1a: Feraligatr|atk|1\n|move|p1a: Feraligatr|Dragon Dance|p1a: Feraligatr\n|-boost|p1a: Feraligatr|atk|1\n|-boost|p1a: Feraligatr|spe|1\n|\n|-weather|Snowscape|[upkeep]\n|upkeep\n|turn|3\n|\n|t:|1781464201\n|move|p1a: Feraligatr|Liquidation|p2a: Mightyena\n|-damage|p2a: Mightyena|174/290\n|move|p2a: Mightyena|Crunch|p1a: Feraligatr\n|-damage|p1a: Feraligatr|159/264\n|\n|-weather|Snowscape|[upkeep]\n|upkeep\n|turn|4\n|\n|t:|1781464209\n|move|p1a: Feraligatr|Liquidation|p2a: Mightyena\n|-damage|p2a: Mightyena|55/290\n|move|p2a: Mightyena|Crunch|p1a: Feraligatr\n|-damage|p1a: Feraligatr|63/264\n|\n|-weather|Snowscape|[upkeep]\n|upkeep\n|turn|5\n|\n|t:|1781464216\n|switch|p1a: Azumarill|Azumarill, L82, F|298/298\n|move|p2a: Mightyena|Sucker Punch||[still]\n|-fail|p2a: Mightyena\n|\n|-weather|none\n|upkeep\n|turn|6\n|\n|t:|1781464222\n|move|p2a: Mightyena|Poison Fang|p1a: Azumarill\n|-supereffective|p1a: Azumarill\n|-damage|p1a: Azumarill|198/298\n|move|p1a: Azumarill|Liquidation|p2a: Mightyena\n|-damage|p2a: Mightyena|4/290\n|\n|upkeep\n|turn|7\n|\n|t:|1781464228\n|move|p1a: Azumarill|Aqua Jet|p2a: Mightyena\n|-damage|p2a: Mightyena|0 fnt\n|faint|p2a: Mightyena\n|\n|upkeep\n|\n|t:|1781464248\n|switch|p2a: Toucannon|Toucannon, L88, M|284/284\n|turn|8\n|\n|t:|1781464272\n|switch|p1a: Feraligatr|Feraligatr, L79, M|63/264\n|-singleturn|p2a: Toucannon|move: Beak Blast\n|move|p2a: Toucannon|Beak Blast|p1a: Feraligatr\n|-damage|p1a: Feraligatr|0 fnt\n|faint|p1a: Feraligatr\n|\n|-sideend|p2: Yomi-BeanSprout|move: Aurora Veil\n|upkeep\n|\n|t:|1781464281\n|switch|p1a: Mabosstiff|Mabosstiff, L86, M|278/278\n|turn|9\n|\n|t:|1781464285\n|-singleturn|p2a: Toucannon|move: Beak Blast\n|move|p1a: Mabosstiff|Wild Charge|p2a: Toucannon\n|-supereffective|p2a: Toucannon\n|-damage|p2a: Toucannon|36/284\n|-status|p1a: Mabosstiff|brn\n|-damage|p1a: Mabosstiff|216/278 brn|[from] Recoil\n|move|p2a: Toucannon|Beak Blast|p1a: Mabosstiff\n|-damage|p1a: Mabosstiff|93/278 brn\n|\n|-damage|p1a: Mabosstiff|76/278 brn|[from] brn\n|upkeep\n|turn|10\n|\n|t:|1781464289\n|move|p1a: Mabosstiff|Wild Charge|p2a: Toucannon\n|-supereffective|p2a: Toucannon\n|-damage|p2a: Toucannon|0 fnt\n|faint|p2a: Toucannon\n|-damage|p1a: Mabosstiff|67/278 brn|[from] Recoil\n|\n|-damage|p1a: Mabosstiff|50/278 brn|[from] brn\n|upkeep\n|\n|t:|1781464293\n|switch|p2a: Ninetales|Ninetales-Alola, L78, M|242/242\n|-weather|Snowscape|[from] ability: Snow Warning|[of] p2a: Ninetales\n|turn|11\n|\n|t:|1781464308\n|switch|p1a: Frosmoth|Frosmoth, L82, F|249/249\n|move|p2a: Ninetales|Aurora Veil|p2a: Ninetales\n|-sidestart|p2: Yomi-BeanSprout|move: Aurora Veil\n|\n|-weather|Snowscape|[upkeep]\n|upkeep\n|turn|12\n|\n|t:|1781464318\n|switch|p2a: Cramorant|Cramorant, L86, M|261/261\n|move|p1a: Frosmoth|Quiver Dance|p1a: Frosmoth\n|-boost|p1a: Frosmoth|spa|1\n|-boost|p1a: Frosmoth|spd|1\n|-boost|p1a: Frosmoth|spe|1\n|\n|-weather|Snowscape|[upkeep]\n|upkeep\n|turn|13\n|\n|t:|1781464331\n|move|p1a: Frosmoth|Ice Beam|p2a: Cramorant\n|-damage|p2a: Cramorant|182/261\n|-status|p2a: Cramorant|frz\n|cant|p2a: Cramorant|frz\n|\n|-weather|Snowscape|[upkeep]\n|upkeep\n|turn|14\n|\n|t:|1781464335\n|move|p1a: Frosmoth|Ice Beam|p2a: Cramorant\n|-damage|p2a: Cramorant|105/261 frz\n|-curestatus|p2a: Cramorant|frz|[msg]\n|move|p2a: Cramorant|Brave Bird|p1a: Frosmoth\n|-supereffective|p1a: Frosmoth\n|-damage|p1a: Frosmoth|39/249\n|-damage|p2a: Cramorant|36/261|[from] Recoil\n|\n|-weather|Snowscape|[upkeep]\n|upkeep\n|turn|15\n|\n|t:|1781464341\n|move|p1a: Frosmoth|Ice Beam|p2a: Cramorant\n|-damage|p2a: Cramorant|0 fnt\n|faint|p2a: Cramorant\n|\n|-weather|none\n|upkeep\n|\n|t:|1781464346\n|switch|p2a: Jirachi|Jirachi, L80|291/291\n|turn|16\n|\n|t:|1781464353\n|move|p1a: Frosmoth|Bug Buzz|p2a: Jirachi\n|-damage|p2a: Jirachi|212/291\n|move|p2a: Jirachi|Iron Head|p1a: Frosmoth\n|-supereffective|p1a: Frosmoth\n|-damage|p1a: Frosmoth|0 fnt\n|faint|p1a: Frosmoth\n|\n|-heal|p2a: Jirachi|230/291|[from] item: Leftovers\n|upkeep\n|\n|t:|1781464360\n|switch|p1a: Golurk|Golurk, L87|297/297\n|turn|17\n|\n|t:|1781464370\n|move|p2a: Jirachi|Iron Head|p1a: Golurk\n|-damage|p1a: Golurk|218/297\n|move|p1a: Golurk|Stealth Rock|p2a: Jirachi\n|-sidestart|p2: Yomi-BeanSprout|move: Stealth Rock\n|\n|-heal|p2a: Jirachi|248/291|[from] item: Leftovers\n|upkeep\n|turn|18\n|\n|t:|1781464376\n|move|p2a: Jirachi|Iron Head|p1a: Golurk\n|-damage|p1a: Golurk|128/297\n|move|p1a: Golurk|Poltergeist|p2a: Jirachi\n|-activate|p2a: Jirachi|move: Poltergeist|Leftovers\n|-supereffective|p2a: Jirachi\n|-damage|p2a: Jirachi|75/291\n|-damage|p1a: Golurk|99/297|[from] item: Life Orb\n|\n|-heal|p2a: Jirachi|93/291|[from] item: Leftovers\n|-sideend|p2: Yomi-BeanSprout|move: Aurora Veil\n|upkeep\n|turn|19\n|\n|t:|1781464380\n|move|p2a: Jirachi|Iron Head|p1a: Golurk\n|-damage|p1a: Golurk|14/297\n|cant|p1a: Golurk|flinch\n|\n|-heal|p2a: Jirachi|111/291|[from] item: Leftovers\n|upkeep\n|turn|20\n|\n|t:|1781464386\n|move|p2a: Jirachi|Protect|p2a: Jirachi\n|-singleturn|p2a: Jirachi|Protect\n|move|p1a: Golurk|Earthquake|p2a: Jirachi\n|-activate|p2a: Jirachi|move: Protect\n|\n|-heal|p2a: Jirachi|129/291|[from] item: Leftovers\n|upkeep\n|turn|21\n|\n|t:|1781464388\n|move|p2a: Jirachi|Psychic|p1a: Golurk\n|-damage|p1a: Golurk|0 fnt\n|faint|p1a: Golurk\n|\n|-heal|p2a: Jirachi|147/291|[from] item: Leftovers\n|upkeep\n|\n|t:|1781464394\n|switch|p1a: Ceruledge|Ceruledge, L78, M|245/245\n|turn|22\n|\n|t:|1781464399\n|move|p2a: Jirachi|Psychic|p1a: Ceruledge\n|-damage|p1a: Ceruledge|155/245\n|-unboost|p1a: Ceruledge|spd|1\n|move|p1a: Ceruledge|Swords Dance|p1a: Ceruledge\n|-boost|p1a: Ceruledge|atk|2\n|\n|-heal|p2a: Jirachi|165/291|[from] item: Leftovers\n|upkeep\n|turn|23\n|\n|t:|1781464406\n|move|p2a: Jirachi|Psychic|p1a: Ceruledge\n|-damage|p1a: Ceruledge|14/245\n|move|p1a: Ceruledge|Bitter Blade|p2a: Jirachi\n|-supereffective|p2a: Jirachi\n|-damage|p2a: Jirachi|0 fnt\n|-heal|p1a: Ceruledge|97/245|[from] drain|[of] p2a: Jirachi\n|faint|p2a: Jirachi\n|\n|upkeep\n|\n|t:|1781464408\n|switch|p2a: Ninetales|Ninetales-Alola, L78, M|242/242\n|-damage|p2a: Ninetales|182/242|[from] Stealth Rock\n|-weather|Snowscape|[from] ability: Snow Warning|[of] p2a: Ninetales\n|turn|24\n|\n|t:|1781464423\n|switch|p1a: Mabosstiff|Mabosstiff, L86, M|50/278 brn\n|move|p2a: Ninetales|Blizzard|p1a: Mabosstiff\n|-damage|p1a: Mabosstiff|0 fnt\n|faint|p1a: Mabosstiff\n|\n|-weather|Snowscape|[upkeep]\n|upkeep\n|\n|t:|1781464428\n|switch|p1a: Azumarill|Azumarill, L82, F|198/298\n|turn|25\n|\n|t:|1781464433\n|move|p2a: Ninetales|Aurora Veil|p2a: Ninetales\n|-sidestart|p2: Yomi-BeanSprout|move: Aurora Veil\n|move|p1a: Azumarill|Liquidation|p2a: Ninetales\n|-damage|p2a: Ninetales|137/242\n|\n|-weather|Snowscape|[upkeep]\n|upkeep\n|turn|26\n|\n|t:|1781464436\n|move|p2a: Ninetales|Nasty Plot|p2a: Ninetales\n|-boost|p2a: Ninetales|spa|2\n|move|p1a: Azumarill|Liquidation|p2a: Ninetales\n|-damage|p2a: Ninetales|98/242\n|\n|-weather|Snowscape|[upkeep]\n|upkeep\n|turn|27\n|\n|t:|1781464440\n|move|p2a: Ninetales|Moonblast|p1a: Azumarill\n|-damage|p1a: Azumarill|15/298\n|-enditem|p1a: Azumarill|Sitrus Berry|[eat]\n|-heal|p1a: Azumarill|89/298|[from] item: Sitrus Berry\n|move|p1a: Azumarill|Liquidation|p2a: Ninetales\n|-damage|p2a: Ninetales|55/242\n|\n|-weather|Snowscape|[upkeep]\n|upkeep\n|turn|28\n|\n|t:|1781464444\n|move|p1a: Azumarill|Aqua Jet|p2a: Ninetales\n|-damage|p2a: Ninetales|36/242\n|move|p2a: Ninetales|Moonblast|p1a: Azumarill\n|-damage|p1a: Azumarill|0 fnt\n|faint|p1a: Azumarill\n|\n|-weather|none\n|upkeep\n|\n|t:|1781464448\n|switch|p1a: Ceruledge|Ceruledge, L78, M|97/245\n|turn|29\n|\n|t:|1781464450\n|move|p2a: Ninetales|Moonblast|p1a: Ceruledge\n|-resisted|p1a: Ceruledge\n|-damage|p1a: Ceruledge|16/245\n|-unboost|p1a: Ceruledge|spa|1\n|move|p1a: Ceruledge|Bitter Blade|p2a: Ninetales\n|-supereffective|p2a: Ninetales\n|-damage|p2a: Ninetales|0 fnt\n|-heal|p1a: Ceruledge|34/245|[from] drain|[of] p2a: Ninetales\n|faint|p2a: Ninetales\n|\n|upkeep\n|\n|t:|1781464454\n|switch|p2a: Klefki|Klefki, L84, M|233/233\n|-damage|p2a: Klefki|219/233|[from] Stealth Rock\n|turn|30\n|\n|t:|1781464457\n|-terastallize|p2a: Klefki|Flying\n|move|p1a: Ceruledge|Bitter Blade|p2a: Klefki\n|-damage|p2a: Klefki|169/233\n|-heal|p1a: Ceruledge|59/245|[from] drain|[of] p2a: Klefki\n|move|p2a: Klefki|Dazzling Gleam|p1a: Ceruledge\n|-resisted|p1a: Ceruledge\n|-damage|p1a: Ceruledge|22/245\n|\n|-heal|p2a: Klefki|183/233|[from] item: Leftovers\n|upkeep\n|turn|31\n|\n|t:|1781464468\n|-terastallize|p1a: Ceruledge|Fire\n|move|p2a: Klefki|Thunder Wave|p1a: Ceruledge\n|-status|p1a: Ceruledge|par\n|move|p1a: Ceruledge|Bitter Blade|p2a: Klefki\n|-damage|p2a: Klefki|121/233\n|-heal|p1a: Ceruledge|53/245 par|[from] drain|[of] p2a: Klefki\n|\n|-heal|p2a: Klefki|135/233|[from] item: Leftovers\n|upkeep\n|turn|32\n|\n|t:|1781464473\n|move|p2a: Klefki|Dazzling Gleam|p1a: Ceruledge\n|-resisted|p1a: Ceruledge\n|-damage|p1a: Ceruledge|14/245 par\n|move|p1a: Ceruledge|Bitter Blade|p2a: Klefki\n|-damage|p2a: Klefki|73/233\n|-heal|p1a: Ceruledge|45/245 par|[from] drain|[of] p2a: Klefki\n|\n|-heal|p2a: Klefki|87/233|[from] item: Leftovers\n|-sideend|p2: Yomi-BeanSprout|move: Aurora Veil\n|upkeep\n|turn|33\n|\n|t:|1781464476\n|move|p2a: Klefki|Dazzling Gleam|p1a: Ceruledge\n|-resisted|p1a: Ceruledge\n|-crit|p1a: Ceruledge\n|-damage|p1a: Ceruledge|0 fnt\n|faint|p1a: Ceruledge\n|\n|win|Yomi-BeanSprout\n|raw|w1zardar's rating: 1801 &rarr; <strong>1780</strong><br />(-21 for losing)\n|raw|Yomi-BeanSprout's rating: 1783 &rarr; <strong>1804</strong><br />(+21 for winning)\n|l|\u2606w1zardar\n|player|p1|\n", "uploadtime": 1781464483, "views": 2, "formatid": "gen9randombattle", "rating": 1780, "private": 0, "password": null}