{"id": "gen9randombattle-2631411724", "format": "[Gen 9] Random Battle", "players": ["nocomment3", "Dr3ntel"], "log": "|j|\u2606nocomment3\n|j|\u203dDr3ntel\n|t:|1781381461\n|gametype|singles\n|player|p1|nocomment3|2|2053\n|player|p2|Dr3ntel|102|2042\n|gen|9\n|tier|[Gen 9] Random Battle\n|rated|\n|rule|Species Clause: Limit one of each Pok\u00e9mon\n|rule|HP Percentage Mod: HP is shown in percentages\n|rule|Sleep Clause Mod: Limit one foe put to sleep\n|rule|Illusion Level Mod: Illusion disguises the Pok\u00e9mon's true level\n|\n|t:|1781381461\n|teamsize|p1|6\n|teamsize|p2|6\n|start\n|switch|p1a: Kingambit|Kingambit, L74, M|270/270\n|switch|p2a: Magmortar|Magmortar, L88, F|275/275\n|turn|1\n|inactive|Battle timer is ON: inactive players will automatically lose when time's up. (requested by Dr3ntel)\n|\n|t:|1781381494\n|move|p1a: Kingambit|Sucker Punch|p2a: Magmortar\n|-damage|p2a: Magmortar|188/275\n|-status|p1a: Kingambit|brn|[from] ability: Flame Body|[of] p2a: Magmortar\n|move|p2a: Magmortar|Knock Off|p1a: Kingambit\n|-resisted|p1a: Kingambit\n|-damage|p1a: Kingambit|236/270 brn\n|-enditem|p1a: Kingambit|Leftovers|[from] move: Knock Off|[of] p2a: Magmortar\n|\n|-damage|p1a: Kingambit|220/270 brn|[from] brn\n|upkeep\n|turn|2\n|\n|t:|1781381500\n|move|p1a: Kingambit|Sucker Punch|p2a: Magmortar\n|-damage|p2a: Magmortar|143/275\n|move|p2a: Magmortar|Fire Blast|p1a: Kingambit|[miss]\n|-miss|p2a: Magmortar|p1a: Kingambit\n|\n|-damage|p1a: Kingambit|204/270 brn|[from] brn\n|upkeep\n|turn|3\n|\n|t:|1781381509\n|move|p1a: Kingambit|Sucker Punch|p2a: Magmortar\n|-damage|p2a: Magmortar|101/275\n|move|p2a: Magmortar|Fire Blast|p1a: Kingambit\n|-supereffective|p1a: Kingambit\n|-crit|p1a: Kingambit\n|-damage|p1a: Kingambit|0 fnt\n|faint|p1a: Kingambit\n|-end|p1a: Kingambit|fallenundefined|[silent]\n|\n|upkeep\n|\n|t:|1781381518\n|switch|p1a: Dodrio|Dodrio, L85, M|241/241\n|turn|4\n|\n|t:|1781381524\n|move|p1a: Dodrio|Drill Run|p2a: Magmortar\n|-supereffective|p2a: Magmortar\n|-damage|p2a: Magmortar|0 fnt\n|faint|p2a: Magmortar\n|\n|upkeep\n|\n|t:|1781381537\n|switch|p2a: Clawitzer|Clawitzer, L87, M|265/265\n|turn|5\n|\n|t:|1781381552\n|switch|p1a: Medicham|Medicham, L86, F|243/243\n|move|p2a: Clawitzer|Water Pulse|p1a: Medicham\n|-damage|p1a: Medicham|105/243\n|\n|upkeep\n|turn|6\n|\n|t:|1781381562\n|move|p1a: Medicham|Close Combat|p2a: Clawitzer\n|-damage|p2a: Clawitzer|0 fnt\n|-unboost|p1a: Medicham|def|1\n|-unboost|p1a: Medicham|spd|1\n|faint|p2a: Clawitzer\n|\n|upkeep\n|\n|t:|1781381570\n|switch|p2a: Maushold|Maushold, L76|238/238\n|turn|7\n|\n|t:|1781381587\n|switch|p1a: Dunsparce|Dunsparce, L86, F|312/312\n|move|p2a: Maushold|Population Bomb|p1a: Dunsparce\n|-damage|p1a: Dunsparce|294/312\n|-damage|p1a: Dunsparce|276/312\n|-damage|p1a: Dunsparce|258/312\n|-damage|p1a: Dunsparce|242/312\n|-damage|p1a: Dunsparce|226/312\n|-damage|p1a: Dunsparce|208/312\n|-damage|p1a: Dunsparce|190/312\n|-damage|p1a: Dunsparce|174/312\n|-damage|p1a: Dunsparce|155/312\n|-damage|p1a: Dunsparce|139/312\n|-hitcount|p1a: Dunsparce|10\n|\n|upkeep\n|turn|8\n|inactive|nocomment3 has 120 seconds left.\n|\n|t:|1781381612\n|-terastallize|p1a: Dunsparce|Ghost\n|move|p2a: Maushold|Population Bomb|p1a: Dunsparce\n|-immune|p1a: Dunsparce\n|move|p1a: Dunsparce|Body Slam|p2a: Maushold\n|-damage|p2a: Maushold|138/238\n|\n|upkeep\n|turn|9\n|\n|t:|1781381636\n|-terastallize|p2a: Maushold|Ghost\n|move|p2a: Maushold|Encore|p1a: Dunsparce\n|-start|p1a: Dunsparce|Encore\n|move|p1a: Dunsparce|Body Slam|p2a: Maushold\n|-immune|p2a: Maushold\n|\n|upkeep\n|turn|10\n|\n|t:|1781381643\n|switch|p1a: Cacturne|Cacturne, L92, M|278/278\n|move|p2a: Maushold|Tidy Up|p2a: Maushold\n|-boost|p2a: Maushold|atk|1\n|-boost|p2a: Maushold|spe|1\n|\n|upkeep\n|turn|11\n|\n|t:|1781381656\n|move|p2a: Maushold|Population Bomb|p1a: Cacturne\n|-damage|p1a: Cacturne|238/278\n|-damage|p1a: Cacturne|199/278\n|-damage|p1a: Cacturne|160/278\n|-crit|p1a: Cacturne\n|-damage|p1a: Cacturne|103/278\n|-damage|p1a: Cacturne|66/278\n|-damage|p1a: Cacturne|29/278\n|-damage|p1a: Cacturne|0 fnt\n|faint|p1a: Cacturne\n|-hitcount|p1: Cacturne|7\n|\n|upkeep\n|\n|t:|1781381665\n|switch|p1a: Dunsparce|Dunsparce, L86, F, tera:Ghost|139/312\n|turn|12\n|\n|t:|1781381683\n|move|p2a: Maushold|Bite|p1a: Dunsparce\n|-supereffective|p1a: Dunsparce\n|-damage|p1a: Dunsparce|33/312\n|cant|p1a: Dunsparce|flinch\n|\n|upkeep\n|turn|13\n|-message|nocomment3 forfeited.\n|\n|win|Dr3ntel\n", "inputlog": ">version a8376a258c1d4662feba110a92103f3664a72141\n>start {\"formatid\":\"gen9randombattle\",\"seed\":\"sodium,b19fa710231661e8ce12dee3489764bd\",\"rated\":\"Rated battle\"}\n>player p1 {\"name\":\"nocomment3\",\"avatar\":\"2\",\"rating\":2053,\"seed\":\"sodium,6548f1be00c47716c7ab81f79095f9c9\"}\n>player p2 {\"name\":\"Dr3ntel\",\"avatar\":\"102\",\"rating\":2042,\"seed\":\"sodium,cee411daf1b4cd83cb7a76fdfadda571\"}\n>p1 move suckerpunch\n>p2 move knockoff\n>p1 move suckerpunch\n>p2 move fireblast\n>p1 move suckerpunch\n>p2 move fireblast\n>p1 switch 4\n>p1 move drillrun\n>p2 move fireblast\n>p2 switch 4\n>p1 switch 5\n>p2 move waterpulse\n>p1 move closecombat\n>p2 move waterpulse\n>p2 switch 3\n>p1 switch 6\n>p2 move populationbomb\n>p1 move bodyslam terastallize\n>p2 move populationbomb\n>p1 move bodyslam\n>p2 move encore terastallize\n>p1 switch 2\n>p2 move tidyup\n>p1 move knockoff\n>p2 move populationbomb\n>p1 switch 2\n>p1 move roost\n>p2 move bite\n>forcelose p1", "uploadtime": 1781381464, "views": 9, "formatid": "gen9randombattle", "rating": null, "private": 0, "password": null}