{"id": "gen9randombattle-2631797594", "format": "[Gen 9] Random Battle", "players": ["PrimalRazz", "UmbreonSolitario"], "log": "|j|\u2606PrimalRazz\n|j|\u2606UmbreonSolitario\n|t:|1781441144\n|gametype|singles\n|player|p1|PrimalRazz|scientist|1907\n|player|p2|UmbreonSolitario|1|1954\n|gen|9\n|tier|[Gen 9] Random Battle\n|rated|\n|rule|Species Clause: Limit one of each Pok\u00e9mon\n|rule|HP Percentage Mod: HP is shown in percentages\n|rule|Sleep Clause Mod: Limit one foe put to sleep\n|rule|Illusion Level Mod: Illusion disguises the Pok\u00e9mon's true level\n|\n|t:|1781441144\n|teamsize|p1|6\n|teamsize|p2|6\n|start\n|switch|p1a: Chien-Pao|Chien-Pao, L72|234/234\n|switch|p2a: Clefable|Clefable, L83, M|293/293\n|-ability|p1a: Chien-Pao|Sword of Ruin\n|turn|1\n|\n|t:|1781441169\n|switch|p1a: Scizor|Scizor, L79, M|240/240\n|move|p2a: Clefable|Thunder Wave|p1a: Scizor\n|-status|p1a: Scizor|par\n|\n|upkeep\n|turn|2\n|inactive|Battle timer is ON: inactive players will automatically lose when time's up. (requested by PrimalRazz)\n|\n|t:|1781441183\n|move|p1a: Scizor|Bullet Punch|p2a: Clefable\n|-supereffective|p2a: Clefable\n|-damage|p2a: Clefable|137/293\n|move|p2a: Clefable|Stealth Rock|p1a: Scizor\n|-sidestart|p1: PrimalRazz|move: Stealth Rock\n|\n|upkeep\n|turn|3\n|\n|t:|1781441192\n|switch|p2a: Uxie|Uxie, L83|260/260\n|move|p1a: Scizor|Defog|p2a: Uxie\n|-unboost|p2a: Uxie|evasion|1\n|-sideend|p1: PrimalRazz|Stealth Rock|[from] move: Defog|[of] p1a: Scizor\n|\n|upkeep\n|turn|4\n|\n|t:|1781441197\n|move|p2a: Uxie|Encore|p1a: Scizor\n|-start|p1a: Scizor|Encore\n|move|p1a: Scizor|Defog|p2a: Uxie\n|-unboost|p2a: Uxie|evasion|1\n|\n|upkeep\n|turn|5\n|\n|t:|1781441216\n|switch|p1a: Houndoom|Houndoom, L87, F|272/272\n|move|p2a: Uxie|Knock Off|p1a: Houndoom\n|-resisted|p1a: Houndoom\n|-damage|p1a: Houndoom|231/272\n|-enditem|p1a: Houndoom|Heavy-Duty Boots|[from] move: Knock Off|[of] p2a: Uxie\n|\n|upkeep\n|turn|6\n|\n|t:|1781441221\n|move|p1a: Houndoom|Sludge Bomb|p2a: Uxie\n|-crit|p2a: Uxie\n|-damage|p2a: Uxie|179/260\n|move|p2a: Uxie|Thunder Wave|p1a: Houndoom\n|-status|p1a: Houndoom|par\n|\n|-heal|p2a: Uxie|195/260|[from] item: Leftovers\n|upkeep\n|turn|7\n|\n|t:|1781441249\n|switch|p2a: Beartic|Beartic, L91, F|321/321\n|move|p1a: Houndoom|Sludge Bomb|p2a: Beartic\n|-damage|p2a: Beartic|252/321\n|\n|upkeep\n|turn|8\n|\n|t:|1781441260\n|move|p2a: Beartic|Earthquake|p1a: Houndoom\n|-supereffective|p1a: Houndoom\n|-damage|p1a: Houndoom|0 fnt\n|faint|p1a: Houndoom\n|\n|upkeep\n|\n|t:|1781441271\n|switch|p1a: Scizor|Scizor, L79, M|240/240 par\n|turn|9\n|\n|t:|1781441275\n|move|p2a: Beartic|Earthquake|p1a: Scizor\n|-damage|p1a: Scizor|88/240 par\n|move|p1a: Scizor|Knock Off|p2a: Beartic\n|-damage|p2a: Beartic|171/321\n|-enditem|p2a: Beartic|Choice Band|[from] move: Knock Off|[of] p1a: Scizor\n|\n|-heal|p1a: Scizor|103/240 par|[from] item: Leftovers\n|upkeep\n|turn|10\n|\n|t:|1781441282\n|cant|p1a: Scizor|par\n|move|p2a: Beartic|Earthquake|p1a: Scizor\n|-crit|p1a: Scizor\n|-damage|p1a: Scizor|0 fnt\n|faint|p1a: Scizor\n|\n|upkeep\n|\n|t:|1781441292\n|switch|p1a: Chien-Pao|Chien-Pao, L72|234/234\n|-ability|p1a: Chien-Pao|Sword of Ruin\n|turn|11\n|\n|t:|1781441301\n|move|p1a: Chien-Pao|Crunch|p2a: Beartic\n|-damage|p2a: Beartic|36/321\n|move|p2a: Beartic|Close Combat|p1a: Chien-Pao\n|-supereffective|p1a: Chien-Pao\n|-damage|p1a: Chien-Pao|0 fnt\n|-unboost|p2a: Beartic|def|1\n|-unboost|p2a: Beartic|spd|1\n|faint|p1a: Chien-Pao\n|\n|upkeep\n|\n|t:|1781441319\n|switch|p1a: Braviary|Braviary, L85, M|309/309\n|turn|12\n|\n|t:|1781441323\n|move|p2a: Beartic|Aqua Jet|p1a: Braviary\n|-damage|p1a: Braviary|258/309\n|move|p1a: Braviary|Brave Bird|p2a: Beartic\n|-damage|p2a: Beartic|0 fnt\n|faint|p2a: Beartic\n|-damage|p1a: Braviary|246/309|[from] Recoil\n|\n|upkeep\n|\n|t:|1781441329\n|switch|p2a: Uxie|Uxie, L83|195/260\n|turn|13\n|\n|t:|1781441337\n|move|p2a: Uxie|Thunder Wave|p1a: Braviary\n|-status|p1a: Braviary|par\n|move|p1a: Braviary|Brave Bird|p2a: Uxie\n|-damage|p2a: Uxie|84/260\n|-damage|p1a: Braviary|209/309 par|[from] Recoil\n|\n|-heal|p2a: Uxie|100/260|[from] item: Leftovers\n|upkeep\n|turn|14\n|\n|t:|1781441343\n|move|p2a: Uxie|Psychic Noise|p1a: Braviary\n|-damage|p1a: Braviary|131/309 par\n|-start|p1a: Braviary|move: Heal Block\n|move|p1a: Braviary|Brave Bird|p2a: Uxie\n|-damage|p2a: Uxie|0 fnt\n|faint|p2a: Uxie\n|-damage|p1a: Braviary|98/309 par|[from] Recoil\n|\n|upkeep\n|\n|t:|1781441352\n|switch|p2a: Clefable|Clefable, L83, M|137/293\n|turn|15\n|\n|t:|1781441358\n|move|p2a: Clefable|Moonblast|p1a: Braviary\n|-damage|p1a: Braviary|0 fnt\n|faint|p1a: Braviary\n|\n|upkeep\n|\n|t:|1781441369\n|switch|p1a: Haxorus|Haxorus, L77, M|244/244\n|-ability|p1a: Haxorus|Mold Breaker\n|turn|16\n|\n|t:|1781441373\n|move|p1a: Haxorus|Iron Head|p2a: Clefable\n|-supereffective|p2a: Clefable\n|-damage|p2a: Clefable|0 fnt\n|faint|p2a: Clefable\n|\n|upkeep\n|\n|t:|1781441380\n|switch|p2a: Staraptor|Staraptor, L79, F|263/263\n|turn|17\n|\n|t:|1781441388\n|-terastallize|p2a: Staraptor|Fighting\n|-terastallize|p1a: Haxorus|Steel\n|move|p2a: Staraptor|Close Combat|p1a: Haxorus\n|-supereffective|p1a: Haxorus\n|-damage|p1a: Haxorus|0 fnt\n|-unboost|p2a: Staraptor|def|1\n|-unboost|p2a: Staraptor|spd|1\n|faint|p1a: Haxorus\n|\n|upkeep\n|\n|t:|1781441391\n|switch|p1a: Sinistcha|Sinistcha-Masterpiece, L83|254/254\n|turn|18\n|\n|t:|1781441395\n|switch|p2a: Cacturne|Cacturne, L92, M|278/278\n|move|p1a: Sinistcha|Calm Mind|p1a: Sinistcha\n|-boost|p1a: Sinistcha|spa|1\n|-boost|p1a: Sinistcha|spd|1\n|\n|upkeep\n|turn|19\n|c|\u2606PrimalRazz|gg\n|-message|PrimalRazz forfeited.\n|\n|win|UmbreonSolitario\n", "inputlog": ">version a8376a258c1d4662feba110a92103f3664a72141\n>start {\"formatid\":\"gen9randombattle\",\"seed\":\"sodium,7a8d60cceb5beee379cc4cd7a6248c04\",\"rated\":\"Rated battle\"}\n>player p1 {\"name\":\"PrimalRazz\",\"avatar\":\"scientist\",\"rating\":1907,\"seed\":\"sodium,bec0b75601c99ed4c59266109959aa93\"}\n>player p2 {\"name\":\"UmbreonSolitario\",\"avatar\":\"1\",\"rating\":1954,\"seed\":\"sodium,bb823058ed7ab5dbdf697beb481bd5a4\"}\n>p1 switch 2\n>p2 move thunderwave\n>p1 move bulletpunch\n>p2 move stealthrock\n>p1 move defog\n>p2 switch 2\n>p1 move knockoff\n>p2 move encore\n>p1 switch 6\n>p2 move knockoff\n>p1 move sludgebomb\n>p2 move thunderwave\n>p1 move sludgebomb\n>p2 switch 5\n>p1 move fireblast\n>p2 move earthquake\n>p1 switch 6\n>p1 move knockoff\n>p2 move earthquake\n>p1 move bulletpunch\n>p2 move earthquake\n>p1 switch 2\n>p1 move crunch\n>p2 move closecombat\n>p1 switch 5\n>p1 move bravebird\n>p2 move aquajet\n>p2 switch 5\n>p1 move bravebird\n>p2 move thunderwave\n>p1 move bravebird\n>p2 move psychicnoise\n>p2 switch 2\n>p1 move bravebird\n>p2 move moonblast\n>p1 switch 3\n>p1 move ironhead\n>p2 move thunderwave\n>p2 switch 6\n>p1 move dragondance terastallize\n>p2 move closecombat terastallize\n>p1 switch 4\n>p1 move calmmind\n>p2 switch 4\n>chat \u2606PrimalRazz|gg\n>forcelose p1", "uploadtime": 1781441146, "views": 5, "formatid": "gen9randombattle", "rating": null, "private": 0, "password": null}