{"id": "gen9randombattle-2631503307", "format": "[Gen 9] Random Battle", "players": ["Christmasrieth12", "MakotoV7"], "log": "|j|\u2606Christmasrieth12\n|j|\u2606MakotoV7\n|t:|1781393420\n|gametype|singles\n|player|p1|Christmasrieth12|2|2227\n|player|p2|MakotoV7|steven|2134\n|gen|9\n|tier|[Gen 9] Random Battle\n|rated|\n|rule|Species Clause: Limit one of each Pok\u00e9mon\n|rule|HP Percentage Mod: HP is shown in percentages\n|rule|Sleep Clause Mod: Limit one foe put to sleep\n|rule|Illusion Level Mod: Illusion disguises the Pok\u00e9mon's true level\n|\n|t:|1781393420\n|teamsize|p1|6\n|teamsize|p2|6\n|start\n|switch|p1a: Poliwrath|Poliwrath, L88, F|302/302\n|switch|p2a: Mabosstiff|Mabosstiff, L86, M|278/278\n|turn|1\n|inactive|Battle timer is ON: inactive players will automatically lose when time's up. (requested by MakotoV7)\n|\n|t:|1781393430\n|move|p2a: Mabosstiff|Play Rough|p1a: Poliwrath\n|-supereffective|p1a: Poliwrath\n|-damage|p1a: Poliwrath|80/302\n|move|p1a: Poliwrath|Close Combat|p2a: Mabosstiff\n|-supereffective|p2a: Mabosstiff\n|-damage|p2a: Mabosstiff|26/278\n|-unboost|p1a: Poliwrath|def|1\n|-unboost|p1a: Poliwrath|spd|1\n|\n|upkeep\n|turn|2\n|\n|t:|1781393444\n|switch|p1a: Torkoal|Torkoal, L88, F|266/266\n|-weather|SunnyDay|[from] ability: Drought|[of] p1a: Torkoal\n|move|p2a: Mabosstiff|Play Rough|p1a: Torkoal\n|-resisted|p1a: Torkoal\n|-damage|p1a: Torkoal|188/266\n|\n|-weather|SunnyDay|[upkeep]\n|upkeep\n|turn|3\n|\n|t:|1781393453\n|switch|p2a: Vaporeon|Vaporeon, L86, M|364/364\n|move|p1a: Torkoal|Rapid Spin|p2a: Vaporeon\n|-damage|p2a: Vaporeon|319/364\n|-boost|p1a: Torkoal|spe|1\n|\n|-weather|SunnyDay|[upkeep]\n|-heal|p2a: Vaporeon|341/364|[from] item: Leftovers\n|upkeep\n|turn|4\n|\n|t:|1781393458\n|switch|p1a: Poliwrath|Poliwrath, L88, F|80/302\n|move|p2a: Vaporeon|Calm Mind|p2a: Vaporeon\n|-boost|p2a: Vaporeon|spa|1\n|-boost|p2a: Vaporeon|spd|1\n|\n|-weather|SunnyDay|[upkeep]\n|-heal|p2a: Vaporeon|363/364|[from] item: Leftovers\n|upkeep\n|turn|5\n|\n|t:|1781393461\n|move|p2a: Vaporeon|Wish|p2a: Vaporeon\n|move|p1a: Poliwrath|Circle Throw|p2a: Vaporeon\n|-damage|p2a: Vaporeon|273/364\n|drag|p2a: Eternatus|Eternatus, L69|308/308\n|-ability|p2a: Eternatus|Pressure\n|\n|-weather|SunnyDay|[upkeep]\n|upkeep\n|turn|6\n|\n|t:|1781393470\n|move|p2a: Eternatus|Sludge Bomb|p1a: Poliwrath\n|-damage|p1a: Poliwrath|23/302\n|move|p1a: Poliwrath|Circle Throw|p2a: Eternatus\n|-resisted|p2a: Eternatus\n|-damage|p2a: Eternatus|271/308\n|drag|p2a: Vaporeon|Vaporeon, L86, M|273/364\n|\n|-weather|none\n|-heal|p2a: Vaporeon|364/364|[from] move: Wish|[wisher] Vaporeon\n|upkeep\n|turn|7\n|\n|t:|1781393478\n|move|p1a: Poliwrath|Knock Off|p2a: Vaporeon\n|-damage|p2a: Vaporeon|265/364\n|-enditem|p2a: Vaporeon|Leftovers|[from] move: Knock Off|[of] p1a: Poliwrath\n|move|p2a: Vaporeon|Wish|p2a: Vaporeon\n|\n|upkeep\n|turn|8\n|\n|t:|1781393485\n|switch|p2a: Eternatus|Eternatus, L69|271/308\n|-ability|p2a: Eternatus|Pressure\n|move|p1a: Poliwrath|Knock Off|p2a: Eternatus\n|-damage|p2a: Eternatus|192/308\n|-enditem|p2a: Eternatus|Leftovers|[from] move: Knock Off|[of] p1a: Poliwrath\n|\n|-heal|p2a: Eternatus|308/308|[from] move: Wish|[wisher] Vaporeon\n|upkeep\n|turn|9\n|\n|t:|1781393490\n|move|p2a: Eternatus|Sludge Bomb|p1a: Poliwrath\n|-damage|p1a: Poliwrath|0 fnt\n|faint|p1a: Poliwrath\n|\n|upkeep\n|\n|t:|1781393495\n|switch|p1a: Groudon|Groudon, L72|263/263\n|-weather|SunnyDay|[from] ability: Drought|[of] p1a: Groudon\n|turn|10\n|\n|t:|1781393498\n|move|p2a: Eternatus|Fire Blast|p1a: Groudon|[miss]\n|-miss|p2a: Eternatus|p1a: Groudon\n|move|p1a: Groudon|Precipice Blades|p2a: Eternatus|[miss]\n|-miss|p1a: Groudon|p2a: Eternatus\n|\n|-weather|SunnyDay|[upkeep]\n|upkeep\n|turn|11\n|\n|t:|1781393504\n|move|p2a: Eternatus|Fire Blast|p1a: Groudon\n|-crit|p1a: Groudon\n|-damage|p1a: Groudon|66/263\n|move|p1a: Groudon|Precipice Blades|p2a: Eternatus\n|-supereffective|p2a: Eternatus\n|-damage|p2a: Eternatus|0 fnt\n|faint|p2a: Eternatus\n|\n|-weather|SunnyDay|[upkeep]\n|-heal|p1a: Groudon|82/263|[from] item: Leftovers\n|upkeep\n|\n|t:|1781393511\n|switch|p2a: Mabosstiff|Mabosstiff, L86, M|26/278\n|turn|12\n|\n|t:|1781393513\n|move|p2a: Mabosstiff|Crunch|p1a: Groudon\n|-damage|p1a: Groudon|0 fnt\n|faint|p1a: Groudon\n|\n|-weather|SunnyDay|[upkeep]\n|upkeep\n|\n|t:|1781393519\n|switch|p1a: Palafin|Palafin, L77, M|281/281\n|turn|13\n|\n|t:|1781393524\n|switch|p2a: Vaporeon|Vaporeon, L86, M|265/364\n|move|p1a: Palafin|Close Combat|p2a: Vaporeon\n|-damage|p2a: Vaporeon|154/364\n|-unboost|p1a: Palafin|def|1\n|-unboost|p1a: Palafin|spd|1\n|\n|-weather|SunnyDay|[upkeep]\n|upkeep\n|turn|14\n|\n|t:|1781393530\n|detailschange|p1a: Palafin|Palafin-Hero, L77, M\n|switch|p1a: Malamar|Malamar, L82, F|275/275\n|move|p2a: Vaporeon|Wish|p2a: Vaporeon\n|\n|-weather|none\n|upkeep\n|turn|15\n|\n|t:|1781393535\n|move|p1a: Malamar|Superpower|p2a: Vaporeon\n|-crit|p2a: Vaporeon\n|-damage|p2a: Vaporeon|2/364\n|-boost|p1a: Malamar|atk|1\n|-boost|p1a: Malamar|def|1\n|move|p2a: Vaporeon|Scald|p1a: Malamar\n|-damage|p1a: Malamar|170/275\n|-status|p1a: Malamar|brn\n|\n|-heal|p2a: Vaporeon|184/364|[from] move: Wish|[wisher] Vaporeon\n|-damage|p1a: Malamar|153/275 brn|[from] brn\n|upkeep\n|turn|16\n|\n|t:|1781393542\n|move|p1a: Malamar|Rest|p1a: Malamar\n|-status|p1a: Malamar|slp|[from] move: Rest\n|-heal|p1a: Malamar|275/275 slp|[silent]\n|-enditem|p1a: Malamar|Chesto Berry|[eat]\n|-curestatus|p1a: Malamar|slp|[msg]\n|move|p2a: Vaporeon|Calm Mind|p2a: Vaporeon\n|-boost|p2a: Vaporeon|spa|1\n|-boost|p2a: Vaporeon|spd|1\n|\n|upkeep\n|turn|17\n|\n|t:|1781393551\n|move|p2a: Vaporeon|Protect|p2a: Vaporeon\n|-singleturn|p2a: Vaporeon|Protect\n|move|p1a: Malamar|Psycho Cut|p2a: Vaporeon\n|-activate|p2a: Vaporeon|move: Protect\n|\n|upkeep\n|turn|18\n|\n|t:|1781393554\n|move|p1a: Malamar|Superpower|p2a: Vaporeon\n|-damage|p2a: Vaporeon|44/364\n|-boost|p1a: Malamar|atk|1\n|-boost|p1a: Malamar|def|1\n|move|p2a: Vaporeon|Scald|p1a: Malamar\n|-damage|p1a: Malamar|95/275\n|\n|upkeep\n|turn|19\n|\n|t:|1781393562\n|switch|p2a: Giratina|Giratina-Origin, L72|335/335\n|move|p1a: Malamar|Superpower|p2a: Giratina\n|-immune|p2a: Giratina\n|\n|upkeep\n|turn|20\n|\n|t:|1781393570\n|move|p2a: Giratina|Draco Meteor|p1a: Malamar\n|-damage|p1a: Malamar|0 fnt\n|-unboost|p2a: Giratina|spa|2\n|faint|p1a: Malamar\n|\n|upkeep\n|\n|t:|1781393578\n|switch|p1a: Garchomp|Garchomp, L74, M|282/282\n|turn|21\n|\n|t:|1781393581\n|move|p1a: Garchomp|Spikes|p2a: Giratina\n|-sidestart|p2: MakotoV7|Spikes\n|move|p2a: Giratina|Will-O-Wisp|p1a: Garchomp\n|-status|p1a: Garchomp|brn\n|\n|-damage|p1a: Garchomp|265/282 brn|[from] brn\n|upkeep\n|turn|22\n|\n|t:|1781393593\n|move|p2a: Giratina|Poltergeist|p1a: Garchomp\n|-activate|p1a: Garchomp|move: Poltergeist|Rocky Helmet\n|-crit|p1a: Garchomp\n|-damage|p1a: Garchomp|82/282 brn\n|move|p1a: Garchomp|Dragon Tail|p2a: Giratina\n|-supereffective|p2a: Giratina\n|-damage|p2a: Giratina|265/335\n|drag|p2a: Mabosstiff|Mabosstiff, L86, M|26/278\n|-damage|p2a: Mabosstiff|0 fnt|[from] Spikes\n|faint|p2a: Mabosstiff\n|\n|-damage|p1a: Garchomp|65/282 brn|[from] brn\n|upkeep\n|\n|t:|1781393605\n|switch|p2a: Giratina|Giratina-Origin, L72|265/335\n|turn|23\n|\n|t:|1781393613\n|move|p2a: Giratina|Shadow Sneak|p1a: Garchomp\n|-damage|p1a: Garchomp|13/282 brn\n|-damage|p2a: Giratina|224/335|[from] ability: Rough Skin|[of] p1a: Garchomp\n|-damage|p2a: Giratina|169/335|[from] item: Rocky Helmet|[of] p1a: Garchomp\n|move|p1a: Garchomp|Outrage|p2a: Giratina\n|-supereffective|p2a: Giratina\n|-damage|p2a: Giratina|28/335\n|\n|-damage|p1a: Garchomp|0 fnt|[from] brn\n|faint|p1a: Garchomp\n|upkeep\n|\n|t:|1781393619\n|switch|p1a: Palafin|Palafin-Hero, L77, M|281/281\n|-activate|p1a: Palafin|ability: Zero to Hero\n|turn|24\n|\n|t:|1781393622\n|move|p1a: Palafin|Flip Turn|p2a: Giratina\n|-resisted|p2a: Giratina\n|-damage|p2a: Giratina|0 fnt\n|faint|p2a: Giratina\n|\n|t:|1781393624\n|switch|p1a: Torkoal|Torkoal, L88, F|188/266|[from] Flip Turn\n|-weather|SunnyDay|[from] ability: Drought|[of] p1a: Torkoal\n|\n|-weather|SunnyDay|[upkeep]\n|upkeep\n|\n|t:|1781393627\n|switch|p2a: Vaporeon|Vaporeon, L86, M|44/364\n|-damage|p2a: Vaporeon|0 fnt|[from] Spikes\n|faint|p2a: Vaporeon\n|\n|t:|1781393633\n|switch|p2a: Venusaur|Venusaur, L84, F|272/272\n|-damage|p2a: Venusaur|238/272|[from] Spikes\n|turn|25\n|\n|t:|1781393637\n|move|p2a: Venusaur|Sleep Powder|p1a: Torkoal\n|-status|p1a: Torkoal|slp|[from] move: Sleep Powder\n|cant|p1a: Torkoal|slp\n|\n|-weather|SunnyDay|[upkeep]\n|-heal|p2a: Venusaur|255/272|[from] item: Leftovers\n|upkeep\n|turn|26\n|\n|t:|1781393639\n|move|p2a: Venusaur|Earth Power|p1a: Torkoal\n|-supereffective|p1a: Torkoal\n|-damage|p1a: Torkoal|52/266 slp\n|-curestatus|p1a: Torkoal|slp|[msg]\n|move|p1a: Torkoal|Fire Blast|p2a: Venusaur\n|-supereffective|p2a: Venusaur\n|-damage|p2a: Venusaur|0 fnt\n|faint|p2a: Venusaur\n|\n|-weather|SunnyDay|[upkeep]\n|upkeep\n|\n|t:|1781393647\n|switch|p2a: Armarouge|Armarouge, L80, M|267/267\n|-damage|p2a: Armarouge|234/267|[from] Spikes\n|turn|27\n|\n|t:|1781393650\n|move|p2a: Armarouge|Meteor Beam||[still]\n|-prepare|p2a: Armarouge|Meteor Beam\n|-boost|p2a: Armarouge|spa|1\n|-enditem|p2a: Armarouge|Power Herb\n|-anim|p2a: Armarouge|Meteor Beam|p1a: Torkoal\n|-supereffective|p1a: Torkoal\n|-damage|p1a: Torkoal|0 fnt\n|faint|p1a: Torkoal\n|\n|-weather|SunnyDay|[upkeep]\n|upkeep\n|\n|t:|1781393653\n|switch|p1a: Palafin|Palafin-Hero, L77, M|281/281\n|turn|28\n|\n|t:|1781393657\n|-terastallize|p1a: Palafin|Fighting\n|-terastallize|p2a: Armarouge|Fire\n|move|p1a: Palafin|Close Combat|p2a: Armarouge\n|-damage|p2a: Armarouge|18/267\n|-unboost|p1a: Palafin|def|1\n|-unboost|p1a: Palafin|spd|1\n|-ability|p2a: Armarouge|Weak Armor|boost\n|-unboost|p2a: Armarouge|def|1\n|-boost|p2a: Armarouge|spe|2\n|move|p2a: Armarouge|Energy Ball|p1a: Palafin\n|-damage|p1a: Palafin|106/281\n|\n|-weather|none\n|upkeep\n|turn|29\n|\n|t:|1781393663\n|move|p2a: Armarouge|Armor Cannon|p1a: Palafin\n|-damage|p1a: Palafin|0 fnt\n|-unboost|p2a: Armarouge|def|1\n|-unboost|p2a: Armarouge|spd|1\n|faint|p1a: Palafin\n|\n|win|MakotoV7\n", "inputlog": ">version a8376a258c1d4662feba110a92103f3664a72141\n>start {\"formatid\":\"gen9randombattle\",\"seed\":\"sodium,40c2aabb7dd919b90df410356a25c7ae\",\"rated\":\"Rated battle\"}\n>player p1 {\"name\":\"Christmasrieth12\",\"avatar\":\"2\",\"rating\":2227,\"seed\":\"sodium,0f393371e6cb57164971f8912cca9d81\"}\n>player p2 {\"name\":\"MakotoV7\",\"avatar\":\"steven\",\"rating\":2134,\"seed\":\"sodium,9a5715f75eaa1d1112d0297f1caf1f32\"}\n>p1 move closecombat\n>p2 move playrough\n>p1 switch 5\n>p2 move playrough\n>p1 move rapidspin\n>p2 switch 2\n>p1 switch 5\n>p2 move calmmind\n>p1 move circlethrow\n>p2 move wish\n>p1 move circlethrow\n>p2 move sludgebomb\n>p1 move knockoff\n>p2 move wish\n>p1 move knockoff\n>p2 switch 3\n>p1 move circlethrow\n>p2 move sludgebomb\n>p1 switch 4\n>p1 move precipiceblades\n>p2 move fireblast\n>p1 move precipiceblades\n>p2 move fireblast\n>p2 switch 2\n>p1 move heatcrash\n>p2 move crunch\n>p1 switch 6\n>p1 move closecombat\n>p2 switch 3\n>p1 switch 3\n>p2 move wish\n>p1 move superpower\n>p2 move scald\n>p1 move rest\n>p2 move calmmind\n>p1 move psychocut\n>p2 move protect\n>p1 move superpower\n>p2 move scald\n>p1 move superpower\n>p2 switch 5\n>p1 move knockoff\n>p2 move dracometeor\n>p1 switch 2\n>p1 move spikes\n>p2 move willowisp\n>p1 move dragontail\n>p2 move poltergeist\n>p2 switch 3\n>p1 move outrage\n>p2 move shadowsneak\n>p1 switch 3\n>p1 move flipturn\n>p2 move willowisp\n>p1 switch 5\n>p2 switch 5\n>p2 switch 6\n>p1 move fireblast\n>p2 move sleeppowder\n>p1 move fireblast\n>p2 move earthpower\n>p2 switch 4\n>p1 move earthquake\n>p2 move meteorbeam\n>p1 switch 5\n>p1 move closecombat terastallize\n>p2 move energyball terastallize\n>p1 move closecombat\n>p2 move armorcannon", "uploadtime": 1781393422, "views": 5, "formatid": "gen9randombattle", "rating": null, "private": 0, "password": null}