{"id": "gen9randombattle-2631891539", "format": "[Gen 9] Random Battle", "players": ["SyxthSence", "DEVILICEMIN"], "log": "|j|\u2606SyxthSence\n|j|\u2606DEVILICEMIN\n|t:|1781452640\n|gametype|singles\n|player|p1|SyxthSence|170|2125\n|player|p2|DEVILICEMIN|265|2091\n|gen|9\n|tier|[Gen 9] Random Battle\n|rated|\n|rule|Species Clause: Limit one of each Pok\u00e9mon\n|rule|HP Percentage Mod: HP is shown in percentages\n|rule|Sleep Clause Mod: Limit one foe put to sleep\n|rule|Illusion Level Mod: Illusion disguises the Pok\u00e9mon's true level\n|\n|t:|1781452640\n|teamsize|p1|6\n|teamsize|p2|6\n|start\n|switch|p1a: Dugtrio|Dugtrio-Alola, L84, M|196/196\n|switch|p2a: Kyogre|Kyogre, L71|259/259\n|-weather|RainDance|[from] ability: Drizzle|[of] p2a: Kyogre\n|turn|1\n|l|\u2606DEVILICEMIN\n|player|p2|\n|inactive|Battle timer is ON: inactive players will automatically lose when time's up. (requested by SyxthSence)\n|j|\u2606DEVILICEMIN\n|inactive|DEVILICEMIN reconnected and has 135 seconds left.\n|player|p2|DEVILICEMIN|265|\n|\n|t:|1781452671\n|switch|p1a: Rayquaza|Rayquaza, L72|270/270\n|-ability|p1a: Rayquaza|Air Lock\n|move|p2a: Kyogre|Origin Pulse|p1a: Rayquaza|[miss]\n|-miss|p2a: Kyogre|p1a: Rayquaza\n|\n|-weather|RainDance|[upkeep]\n|upkeep\n|turn|2\n|\n|t:|1781452694\n|switch|p1a: Barraskewda|Barraskewda, L81, F|231/231\n|move|p2a: Kyogre|Ice Beam|p1a: Barraskewda\n|-resisted|p1a: Barraskewda\n|-damage|p1a: Barraskewda|185/231\n|\n|-weather|RainDance|[upkeep]\n|upkeep\n|turn|3\n|\n|t:|1781452706\n|switch|p2a: Tauros|Tauros-Paldea-Aqua, L81, M|254/254\n|-ability|p2a: Tauros|Intimidate|boost\n|-unboost|p1a: Barraskewda|atk|1\n|move|p1a: Barraskewda|Flip Turn|p2a: Tauros\n|-resisted|p2a: Tauros\n|-crit|p2a: Tauros\n|-damage|p2a: Tauros|149/254\n|\n|t:|1781452711\n|switch|p1a: Rayquaza|Rayquaza, L72|270/270|[from] Flip Turn\n|-ability|p1a: Rayquaza|Air Lock\n|\n|-weather|RainDance|[upkeep]\n|upkeep\n|turn|4\n|\n|t:|1781452715\n|move|p2a: Tauros|Stone Edge|p1a: Rayquaza\n|-supereffective|p1a: Rayquaza\n|-damage|p1a: Rayquaza|36/270\n|move|p1a: Rayquaza|Dragon Ascent|p2a: Tauros\n|-supereffective|p2a: Tauros\n|-damage|p2a: Tauros|0 fnt\n|-unboost|p1a: Rayquaza|def|1\n|-unboost|p1a: Rayquaza|spd|1\n|faint|p2a: Tauros\n|\n|-weather|RainDance|[upkeep]\n|upkeep\n|\n|t:|1781452728\n|switch|p2a: Iron Valiant|Iron Valiant, L78|244/244\n|turn|5\n|\n|t:|1781452735\n|move|p2a: Iron Valiant|Knock Off|p1a: Rayquaza\n|-damage|p1a: Rayquaza|0 fnt\n|-enditem|p1a: Rayquaza|Heavy-Duty Boots|[from] move: Knock Off|[of] p2a: Iron Valiant\n|faint|p1a: Rayquaza\n|-damage|p2a: Iron Valiant|220/244|[from] item: Life Orb\n|\n|-weather|none\n|upkeep\n|\n|t:|1781452738\n|switch|p1a: Barraskewda|Barraskewda, L81, F|185/231\n|turn|6\n|\n|t:|1781452745\n|-terastallize|p1a: Barraskewda|Water\n|move|p1a: Barraskewda|Flip Turn|p2a: Iron Valiant\n|-damage|p2a: Iron Valiant|70/244\n|\n|t:|1781452749\n|switch|p1a: Dachsbun|Dachsbun, L92, M|254/254|[from] Flip Turn\n|move|p2a: Iron Valiant|Spirit Break|p1a: Dachsbun\n|-damage|p1a: Dachsbun|172/254\n|-unboost|p1a: Dachsbun|spa|1\n|-damage|p2a: Iron Valiant|46/244|[from] item: Life Orb\n|\n|-heal|p1a: Dachsbun|187/254|[from] item: Leftovers\n|upkeep\n|turn|7\n|\n|t:|1781452767\n|-end|p2a: Iron Valiant|Quark Drive|[silent]\n|switch|p2a: Magcargo|Magcargo, L95, F|268/268\n|move|p1a: Dachsbun|Play Rough|p2a: Magcargo\n|-resisted|p2a: Magcargo\n|-damage|p2a: Magcargo|231/268\n|-ability|p2a: Magcargo|Weak Armor|boost\n|-unboost|p2a: Magcargo|def|1\n|-boost|p2a: Magcargo|spe|2\n|\n|-heal|p1a: Dachsbun|202/254|[from] item: Leftovers\n|upkeep\n|turn|8\n|\n|t:|1781452779\n|move|p1a: Dachsbun|Yawn|p2a: Magcargo\n|-start|p2a: Magcargo|move: Yawn|[of] p1a: Dachsbun\n|move|p2a: Magcargo|Power Gem|p1a: Dachsbun\n|-damage|p1a: Dachsbun|109/254\n|\n|-heal|p1a: Dachsbun|124/254|[from] item: Leftovers\n|upkeep\n|turn|9\n|\n|t:|1781452787\n|switch|p2a: Iron Valiant|Iron Valiant, L78|46/244\n|move|p1a: Dachsbun|Wish|p1a: Dachsbun\n|\n|-heal|p1a: Dachsbun|139/254|[from] item: Leftovers\n|upkeep\n|turn|10\n|\n|t:|1781452792\n|move|p1a: Dachsbun|Play Rough|p2a: Iron Valiant\n|-supereffective|p2a: Iron Valiant\n|-damage|p2a: Iron Valiant|0 fnt\n|faint|p2a: Iron Valiant\n|-end|p2a: Iron Valiant|Quark Drive|[silent]\n|\n|-heal|p1a: Dachsbun|254/254|[from] move: Wish|[wisher] Dachsbun\n|upkeep\n|\n|t:|1781452800\n|switch|p2a: Magcargo|Magcargo, L95, F|231/268\n|turn|11\n|\n|t:|1781452805\n|move|p1a: Dachsbun|Yawn|p2a: Magcargo\n|-start|p2a: Magcargo|move: Yawn|[of] p1a: Dachsbun\n|move|p2a: Magcargo|Power Gem|p1a: Dachsbun\n|-damage|p1a: Dachsbun|145/254\n|\n|-heal|p1a: Dachsbun|160/254|[from] item: Leftovers\n|upkeep\n|turn|12\n|\n|t:|1781452809\n|move|p1a: Dachsbun|Wish|p1a: Dachsbun\n|move|p2a: Magcargo|Power Gem|p1a: Dachsbun\n|-damage|p1a: Dachsbun|55/254\n|\n|-heal|p1a: Dachsbun|70/254|[from] item: Leftovers\n|-end|p2a: Magcargo|move: Yawn|[silent]\n|-status|p2a: Magcargo|slp\n|upkeep\n|turn|13\n|\n|t:|1781452821\n|move|p1a: Dachsbun|Protect|p1a: Dachsbun\n|-singleturn|p1a: Dachsbun|Protect\n|cant|p2a: Magcargo|slp\n|\n|-heal|p1a: Dachsbun|197/254|[from] move: Wish|[wisher] Dachsbun\n|-heal|p1a: Dachsbun|212/254|[from] item: Leftovers\n|upkeep\n|turn|14\n|\n|t:|1781452829\n|switch|p1a: Barraskewda|Barraskewda, L81, F, tera:Water|185/231\n|-curestatus|p2a: Magcargo|slp|[msg]\n|move|p2a: Magcargo|Shell Smash|p2a: Magcargo\n|-unboost|p2a: Magcargo|def|1\n|-unboost|p2a: Magcargo|spd|1\n|-boost|p2a: Magcargo|atk|2\n|-boost|p2a: Magcargo|spa|2\n|-boost|p2a: Magcargo|spe|2\n|\n|upkeep\n|turn|15\n|\n|t:|1781452844\n|-terastallize|p2a: Magcargo|Dragon\n|move|p1a: Barraskewda|Flip Turn|p2a: Magcargo\n|-resisted|p2a: Magcargo\n|-damage|p2a: Magcargo|154/268\n|-ability|p2a: Magcargo|Weak Armor|boost\n|-unboost|p2a: Magcargo|def|1\n|-boost|p2a: Magcargo|spe|2\n|\n|t:|1781452848\n|switch|p1a: Dugtrio|Dugtrio-Alola, L84, M|196/196|[from] Flip Turn\n|move|p2a: Magcargo|Shell Smash|p2a: Magcargo\n|-unboost|p2a: Magcargo|def|1\n|-unboost|p2a: Magcargo|spd|1\n|-boost|p2a: Magcargo|atk|2\n|-boost|p2a: Magcargo|spa|2\n|-boost|p2a: Magcargo|spe|2\n|\n|upkeep\n|turn|16\n|\n|t:|1781452853\n|move|p2a: Magcargo|Earth Power|p1a: Dugtrio\n|-supereffective|p1a: Dugtrio\n|-damage|p1a: Dugtrio|0 fnt\n|faint|p1a: Dugtrio\n|\n|upkeep\n|\n|t:|1781452855\n|switch|p1a: Ditto|Ditto, L87|225/225\n|-transform|p1a: Ditto|p2a: Magcargo|[from] ability: Imposter\n|-start|p1a: Ditto|typechange|Fire/Rock|[silent]\n|turn|17\n|\n|t:|1781452862\n|move|p1a: Ditto|Power Gem|p2a: Magcargo\n|-damage|p2a: Magcargo|0 fnt\n|faint|p2a: Magcargo\n|\n|upkeep\n|\n|t:|1781452864\n|switch|p2a: Golurk|Golurk, L87|297/297\n|turn|18\n|\n|t:|1781452869\n|switch|p1a: Dachsbun|Dachsbun, L92, M|212/254\n|move|p2a: Golurk|Earthquake|p1a: Dachsbun\n|-damage|p1a: Dachsbun|74/254\n|-damage|p2a: Golurk|268/297|[from] item: Life Orb\n|\n|-heal|p1a: Dachsbun|89/254|[from] item: Leftovers\n|upkeep\n|turn|19\n|\n|t:|1781452874\n|move|p1a: Dachsbun|Protect|p1a: Dachsbun\n|-singleturn|p1a: Dachsbun|Protect\n|move|p2a: Golurk|Earthquake|p1a: Dachsbun\n|-activate|p1a: Dachsbun|move: Protect\n|\n|-heal|p1a: Dachsbun|104/254|[from] item: Leftovers\n|upkeep\n|turn|20\n|\n|t:|1781452883\n|move|p1a: Dachsbun|Play Rough|p2a: Golurk\n|-damage|p2a: Golurk|169/297\n|move|p2a: Golurk|Earthquake|p1a: Dachsbun\n|-damage|p1a: Dachsbun|0 fnt\n|faint|p1a: Dachsbun\n|-damage|p2a: Golurk|140/297|[from] item: Life Orb\n|\n|upkeep\n|\n|t:|1781452884\n|switch|p1a: Barraskewda|Barraskewda, L81, F, tera:Water|185/231\n|turn|21\n|\n|t:|1781452889\n|move|p1a: Barraskewda|Flip Turn|p2a: Golurk\n|-supereffective|p2a: Golurk\n|-damage|p2a: Golurk|0 fnt\n|faint|p2a: Golurk\n|\n|t:|1781452891\n|switch|p1a: Espeon|Espeon, L84, M|246/246|[from] Flip Turn\n|\n|upkeep\n|\n|t:|1781452902\n|switch|p2a: Kyogre|Kyogre, L71|259/259\n|-weather|RainDance|[from] ability: Drizzle|[of] p2a: Kyogre\n|turn|22\n|\n|t:|1781452909\n|move|p1a: Espeon|Psyshock|p2a: Kyogre\n|-damage|p2a: Kyogre|63/259\n|move|p2a: Kyogre|Thunder|p1a: Espeon\n|-damage|p1a: Espeon|173/246\n|\n|-weather|RainDance|[upkeep]\n|-heal|p2a: Kyogre|79/259|[from] item: Leftovers\n|upkeep\n|turn|23\n|\n|t:|1781452911\n|move|p1a: Espeon|Psyshock|p2a: Kyogre\n|-crit|p2a: Kyogre\n|-damage|p2a: Kyogre|0 fnt\n|faint|p2a: Kyogre\n|\n|-weather|RainDance|[upkeep]\n|upkeep\n|\n|t:|1781452913\n|switch|p2a: Noivern|Noivern, L82, M|274/274\n|turn|24\n|\n|t:|1781452926\n|move|p2a: Noivern|Hurricane|p1a: Espeon\n|-damage|p1a: Espeon|62/246\n|move|p1a: Espeon|Psyshock|p2a: Noivern\n|-damage|p2a: Noivern|102/274\n|\n|-weather|RainDance|[upkeep]\n|upkeep\n|turn|25\n|\n|t:|1781452931\n|move|p2a: Noivern|Hurricane|p1a: Espeon\n|-damage|p1a: Espeon|0 fnt\n|faint|p1a: Espeon\n|\n|-weather|RainDance|[upkeep]\n|upkeep\n|\n|t:|1781452933\n|switch|p1a: Barraskewda|Barraskewda, L81, F, tera:Water|185/231\n|turn|26\n|\n|t:|1781452935\n|move|p1a: Barraskewda|Waterfall|p2a: Noivern\n|-resisted|p2a: Noivern\n|-damage|p2a: Noivern|0 fnt\n|faint|p2a: Noivern\n|\n|win|SyxthSence\n", "inputlog": ">version a8376a258c1d4662feba110a92103f3664a72141\n>start {\"formatid\":\"gen9randombattle\",\"seed\":\"sodium,cca1ea82451390695e38979c7dea2cf8\",\"rated\":\"Rated battle\"}\n>player p1 {\"name\":\"SyxthSence\",\"avatar\":\"170\",\"rating\":2125,\"seed\":\"sodium,8406e31588110f7c6898eb8b85e0da4e\"}\n>player p2 {\"name\":\"DEVILICEMIN\",\"avatar\":\"265\",\"rating\":2091,\"seed\":\"sodium,7cd432764466bf5c44320f070c5270e0\"}\n>p1 switch 3\n>p2 move originpulse\n>p1 switch 2\n>p2 move icebeam\n>p1 move flipturn\n>p2 switch 3\n>p1 switch 2\n>p1 move dragonascent\n>p2 move stoneedge\n>p2 switch 6\n>p1 move dragonascent\n>p2 move knockoff\n>p1 switch 2\n>p1 move flipturn terastallize\n>p2 move spiritbreak\n>p1 switch 4\n>p1 move playrough\n>p2 switch 5\n>p1 move yawn\n>p2 move powergem\n>p1 move wish\n>p2 switch 5\n>p1 move playrough\n>p2 move spiritbreak\n>p2 switch 5\n>p1 move yawn\n>p2 move powergem\n>p1 move wish\n>p2 move powergem\n>p1 move protect\n>p2 move powergem\n>p1 switch 4\n>p2 move shellsmash\n>p1 move flipturn\n>p2 move shellsmash terastallize\n>p1 switch 3\n>p1 move stealthrock\n>p2 move earthpower\n>p1 switch 5\n>p1 move powergem\n>p2 move powergem\n>p2 switch 2\n>p1 switch 4\n>p2 move earthquake\n>p1 move protect\n>p2 move earthquake\n>p1 move playrough\n>p2 move earthquake\n>p1 switch 3\n>p1 move flipturn\n>p2 move dynamicpunch\n>p1 switch 6\n>p2 switch 3\n>p1 move psyshock\n>p2 move thunder\n>p1 move psyshock\n>p2 move originpulse\n>p2 switch 4\n>p1 move psyshock\n>p2 move hurricane\n>p1 move psyshock\n>p2 move hurricane\n>p1 switch 6\n>p1 move waterfall\n>p2 move roost", "uploadtime": 1781452642, "views": 8, "formatid": "gen9randombattle", "rating": null, "private": 0, "password": null}