{"id": "gen9randombattle-2631414305", "format": "[Gen 9] Random Battle", "players": ["HudsonStyles30", "Sel2a707"], "log": "|j|\u2606HudsonStyles30\n|j|\u2606Sel2a707\n|t:|1781381771\n|gametype|singles\n|player|p1|HudsonStyles30|266|2040\n|player|p2|Sel2a707|youngster-gen4dp|2170\n|gen|9\n|tier|[Gen 9] Random Battle\n|rated|\n|rule|Species Clause: Limit one of each Pok\u00e9mon\n|rule|HP Percentage Mod: HP is shown in percentages\n|rule|Sleep Clause Mod: Limit one foe put to sleep\n|rule|Illusion Level Mod: Illusion disguises the Pok\u00e9mon's true level\n|\n|t:|1781381771\n|teamsize|p1|6\n|teamsize|p2|6\n|start\n|switch|p1a: Tropius|Tropius, L91, F|328/328\n|switch|p2a: Raging Bolt|Raging Bolt, L78|323/323\n|turn|1\n|inactive|Battle timer is ON: inactive players will automatically lose when time's up. (requested by Sel2a707)\n|\n|t:|1781381788\n|move|p2a: Raging Bolt|Volt Switch|p1a: Tropius\n|-damage|p1a: Tropius|247/328\n|\n|t:|1781381799\n|-end|p2a: Raging Bolt|Protosynthesis|[silent]\n|switch|p2a: Stonjourner|Stonjourner, L91, F|330/330|[from] Volt Switch\n|move|p1a: Tropius|Leech Seed|p2a: Stonjourner\n|-start|p2a: Stonjourner|move: Leech Seed\n|\n|-damage|p2a: Stonjourner|289/330|[from] Leech Seed|[of] p1a: Tropius\n|-heal|p1a: Tropius|288/328|[silent]\n|upkeep\n|turn|2\n|\n|t:|1781381821\n|switch|p2a: Dragalge|Dragalge, L88, F|258/258\n|switch|p1a: Inteleon|Inteleon, L81, F|246/246\n|\n|upkeep\n|turn|3\n|inactive|HudsonStyles30 has 120 seconds left.\n|\n|t:|1781381857\n|move|p1a: Inteleon|U-turn|p2a: Dragalge\n|-resisted|p2a: Dragalge\n|-damage|p2a: Dragalge|238/258\n|\n|t:|1781381861\n|switch|p1a: Mesprit|Mesprit, L85|275/275|[from] U-turn\n|move|p2a: Dragalge|Sludge Wave|p1a: Mesprit\n|-damage|p1a: Mesprit|151/275\n|-status|p1a: Mesprit|psn\n|\n|-damage|p1a: Mesprit|117/275 psn|[from] psn\n|upkeep\n|turn|4\n|inactive|HudsonStyles30 has 120 seconds left.\n|\n|t:|1781381873\n|switch|p2a: Mandibuzz|Mandibuzz, L85, F|326/326\n|move|p1a: Mesprit|Psychic|p2a: Mandibuzz\n|-immune|p2a: Mandibuzz\n|\n|-damage|p1a: Mesprit|83/275 psn|[from] psn\n|upkeep\n|turn|5\n|inactive|HudsonStyles30 has 120 seconds left.\n|\n|t:|1781381892\n|switch|p1a: Skuntank|Skuntank, L84, M|310/310\n|move|p2a: Mandibuzz|Foul Play|p1a: Skuntank\n|-resisted|p1a: Skuntank\n|-damage|p1a: Skuntank|248/310\n|\n|upkeep\n|turn|6\n|inactive|HudsonStyles30 has 120 seconds left.\n|\n|t:|1781381901\n|move|p1a: Skuntank|Knock Off|p2a: Mandibuzz\n|-resisted|p2a: Mandibuzz\n|-damage|p2a: Mandibuzz|269/326\n|-enditem|p2a: Mandibuzz|Heavy-Duty Boots|[from] move: Knock Off|[of] p1a: Skuntank\n|-damage|p1a: Skuntank|217/310|[from] item: Life Orb\n|move|p2a: Mandibuzz|Foul Play|p1a: Skuntank\n|-resisted|p1a: Skuntank\n|-damage|p1a: Skuntank|158/310\n|\n|upkeep\n|turn|7\n|\n|t:|1781381914\n|move|p1a: Skuntank|Gunk Shot|p2a: Mandibuzz\n|-damage|p2a: Mandibuzz|129/326\n|-damage|p1a: Skuntank|127/310|[from] item: Life Orb\n|move|p2a: Mandibuzz|Toxic|p1a: Skuntank|[miss]\n|-miss|p2a: Mandibuzz|p1a: Skuntank\n|\n|upkeep\n|turn|8\n|\n|t:|1781381924\n|move|p1a: Skuntank|Knock Off|p2a: Mandibuzz\n|-resisted|p2a: Mandibuzz\n|-crit|p2a: Mandibuzz\n|-damage|p2a: Mandibuzz|76/326\n|-damage|p1a: Skuntank|96/310|[from] item: Life Orb\n|move|p2a: Mandibuzz|Roost|p2a: Mandibuzz\n|-heal|p2a: Mandibuzz|239/326\n|-singleturn|p2a: Mandibuzz|move: Roost\n|\n|upkeep\n|turn|9\n|\n|t:|1781381935\n|move|p1a: Skuntank|Gunk Shot|p2a: Mandibuzz\n|-damage|p2a: Mandibuzz|103/326\n|-damage|p1a: Skuntank|65/310|[from] item: Life Orb\n|move|p2a: Mandibuzz|Roost|p2a: Mandibuzz\n|-heal|p2a: Mandibuzz|266/326\n|-singleturn|p2a: Mandibuzz|move: Roost\n|\n|upkeep\n|turn|10\n|\n|t:|1781381950\n|switch|p2a: Stonjourner|Stonjourner, L91, F|289/330\n|move|p1a: Skuntank|Gunk Shot|p2a: Stonjourner\n|-resisted|p2a: Stonjourner\n|-damage|p2a: Stonjourner|234/330\n|-status|p2a: Stonjourner|psn\n|-damage|p1a: Skuntank|34/310|[from] item: Life Orb\n|\n|-damage|p2a: Stonjourner|193/330 psn|[from] psn\n|upkeep\n|turn|11\n|inactive|HudsonStyles30 has 120 seconds left.\n|\n|t:|1781381970\n|move|p1a: Skuntank|Taunt|p2a: Stonjourner\n|-start|p2a: Stonjourner|move: Taunt\n|cant|p2a: Stonjourner|move: Taunt|Rock Polish\n|\n|-damage|p2a: Stonjourner|152/330 psn|[from] psn\n|upkeep\n|turn|12\n|inactive|HudsonStyles30 has 120 seconds left.\n|\n|t:|1781381984\n|move|p1a: Skuntank|Sucker Punch|p2a: Stonjourner\n|-damage|p2a: Stonjourner|86/330 psn\n|-damage|p1a: Skuntank|3/310|[from] item: Life Orb\n|move|p2a: Stonjourner|Heat Crash|p1a: Skuntank\n|-damage|p1a: Skuntank|0 fnt\n|-damage|p2a: Stonjourner|4/330 psn|[from] ability: Aftermath|[of] p1a: Skuntank\n|faint|p1a: Skuntank\n|-damage|p2a: Stonjourner|0 fnt|[from] item: Life Orb\n|faint|p2a: Stonjourner\n|\n|upkeep\n|\n|t:|1781382010\n|switch|p1a: Glalie|Glalie, L96, M|309/309\n|switch|p2a: Mandibuzz|Mandibuzz, L85, F|266/326\n|turn|13\n|\n|t:|1781382022\n|move|p1a: Glalie|Taunt|p2a: Mandibuzz\n|-start|p2a: Mandibuzz|move: Taunt\n|cant|p2a: Mandibuzz|move: Taunt|Toxic\n|\n|upkeep\n|turn|14\n|\n|t:|1781382030\n|move|p1a: Glalie|Spikes|p2a: Mandibuzz\n|-sidestart|p2: Sel2a707|Spikes\n|move|p2a: Mandibuzz|Foul Play|p1a: Glalie\n|-damage|p1a: Glalie|209/309\n|\n|upkeep\n|turn|15\n|\n|t:|1781382041\n|move|p1a: Glalie|Spikes|p2a: Mandibuzz\n|-sidestart|p2: Sel2a707|Spikes\n|move|p2a: Mandibuzz|Foul Play|p1a: Glalie\n|-damage|p1a: Glalie|115/309\n|\n|-end|p2a: Mandibuzz|move: Taunt\n|upkeep\n|turn|16\n|\n|t:|1781382051\n|move|p1a: Glalie|Freeze-Dry|p2a: Mandibuzz\n|-supereffective|p2a: Mandibuzz\n|-damage|p2a: Mandibuzz|120/326\n|-status|p2a: Mandibuzz|frz\n|cant|p2a: Mandibuzz|frz\n|\n|upkeep\n|turn|17\n|-message|Sel2a707 forfeited.\n|\n|win|HudsonStyles30\n", "inputlog": ">version a8376a258c1d4662feba110a92103f3664a72141\n>start {\"formatid\":\"gen9randombattle\",\"seed\":\"sodium,7ccb72b9eba9e00337070ba266e1f7ed\",\"rated\":\"Rated battle\"}\n>player p1 {\"name\":\"HudsonStyles30\",\"avatar\":\"266\",\"rating\":2040,\"seed\":\"sodium,478ef9e36f25268a15d2409028dd350c\"}\n>player p2 {\"name\":\"Sel2a707\",\"avatar\":\"youngster-gen4dp\",\"rating\":2170,\"seed\":\"sodium,a6642e6e7d676ce11120d0dc0537fdc0\"}\n>p1 move leechseed\n>p2 move voltswitch\n>p2 switch 6\n>p1 switch 4\n>p2 switch 3\n>p1 move uturn\n>p2 move sludgewave\n>p1 switch 5\n>p1 move psychic\n>p2 switch 5\n>p1 switch 2\n>p2 move foulplay\n>p1 move knockoff\n>p2 move foulplay\n>p1 move gunkshot\n>p2 move toxic\n>p1 move knockoff\n>p2 move roost\n>p1 move gunkshot\n>p2 move roost\n>p1 move gunkshot\n>p2 switch 3\n>p1 move taunt\n>p2 move rockpolish\n>p1 move suckerpunch\n>p2 move heatcrash\n>p1 switch 3\n>p2 switch 3\n>p1 move taunt\n>p2 move toxic\n>p1 move spikes\n>p2 move foulplay\n>p1 move spikes\n>p2 move foulplay\n>p1 move freezedry\n>p2 move defog\n>forcelose p2", "uploadtime": 1781381773, "views": 11, "formatid": "gen9randombattle", "rating": null, "private": 0, "password": null}