{"id": "gen9randombattle-2631758972", "format": "[Gen 9] Random Battle", "players": ["b3npaii", "ChadInteleonUser"], "log": "|j|\u2606b3npaii\n|j|\u2606ChadInteleonUser\n|t:|1781435059\n|gametype|singles\n|player|p1|b3npaii|elesa|2137\n|player|p2|ChadInteleonUser|wallace|2092\n|gen|9\n|tier|[Gen 9] Random Battle\n|rated|\n|rule|Species Clause: Limit one of each Pok\u00e9mon\n|rule|HP Percentage Mod: HP is shown in percentages\n|rule|Sleep Clause Mod: Limit one foe put to sleep\n|rule|Illusion Level Mod: Illusion disguises the Pok\u00e9mon's true level\n|\n|t:|1781435059\n|teamsize|p1|6\n|teamsize|p2|6\n|start\n|switch|p1a: Glimmora|Glimmora, L75, F|248/248\n|switch|p2a: Vikavolt|Vikavolt, L83, F|263/263\n|turn|1\n|inactive|Battle timer is ON: inactive players will automatically lose when time's up. (requested by ChadInteleonUser)\n|inactive|b3npaii also wants the timer to be on.\n|\n|t:|1781435070\n|switch|p2a: Toedscruel|Toedscruel, L87, F|281/281\n|move|p1a: Glimmora|Stealth Rock|p2a: Toedscruel\n|-sidestart|p2: ChadInteleonUser|move: Stealth Rock\n|\n|upkeep\n|turn|2\n|\n|t:|1781435087\n|switch|p1a: Shaymin|Shaymin, L82|298/298\n|move|p2a: Toedscruel|Earth Power|p1a: Shaymin\n|-resisted|p1a: Shaymin\n|-damage|p1a: Shaymin|257/298\n|\n|-heal|p1a: Shaymin|275/298|[from] item: Leftovers\n|upkeep\n|turn|3\n|\n|t:|1781435092\n|move|p2a: Toedscruel|Rapid Spin|p1a: Shaymin\n|-damage|p1a: Shaymin|248/298\n|-boost|p2a: Toedscruel|spe|1\n|-sideend|p2: ChadInteleonUser|Stealth Rock|[from] move: Rapid Spin|[of] p2a: Toedscruel\n|move|p1a: Shaymin|Substitute|p1a: Shaymin\n|-start|p1a: Shaymin|Substitute\n|-damage|p1a: Shaymin|174/298\n|\n|-heal|p1a: Shaymin|192/298|[from] item: Leftovers\n|upkeep\n|turn|4\n|j| rufoush\n|\n|t:|1781435102\n|switch|p2a: Scream Tail|Scream Tail, L84|330/330\n|move|p1a: Shaymin|Air Slash|p2a: Scream Tail\n|-damage|p2a: Scream Tail|284/330\n|\n|-heal|p2a: Scream Tail|304/330|[from] item: Leftovers\n|-heal|p1a: Shaymin|210/298|[from] item: Leftovers\n|upkeep\n|turn|5\n|\n|t:|1781435106\n|move|p2a: Scream Tail|Encore|p1a: Shaymin\n|-start|p1a: Shaymin|Encore\n|move|p1a: Shaymin|Air Slash|p2a: Scream Tail\n|-damage|p2a: Scream Tail|261/330\n|\n|-heal|p2a: Scream Tail|281/330|[from] item: Leftovers\n|-heal|p1a: Shaymin|228/298|[from] item: Leftovers\n|upkeep\n|turn|6\n|\n|t:|1781435118\n|switch|p1a: Glimmora|Glimmora, L75, F|248/248\n|move|p2a: Scream Tail|Play Rough|p1a: Glimmora\n|-resisted|p1a: Glimmora\n|-damage|p1a: Glimmora|208/248\n|-activate|p1a: Glimmora|ability: Toxic Debris\n|-sidestart|p2: ChadInteleonUser|move: Toxic Spikes\n|\n|-heal|p2a: Scream Tail|301/330|[from] item: Leftovers\n|upkeep\n|turn|7\n|\n|t:|1781435124\n|-end|p2a: Scream Tail|Protosynthesis|[silent]\n|switch|p2a: Revavroom|Revavroom, L79, F|256/256\n|-sideend|p2: ChadInteleonUser|move: Toxic Spikes|[of] p2a: Revavroom\n|move|p1a: Glimmora|Mortal Spin|p2a: Revavroom\n|-immune|p2a: Revavroom\n|\n|upkeep\n|turn|8\n|\n|t:|1781435131\n|switch|p1a: Whiscash|Whiscash, L88, F|337/337\n|move|p2a: Revavroom|Iron Head|p1a: Whiscash\n|-resisted|p1a: Whiscash\n|-damage|p1a: Whiscash|271/337\n|-damage|p2a: Revavroom|231/256|[from] item: Life Orb\n|\n|upkeep\n|turn|9\n|\n|t:|1781435136\n|switch|p2a: Toedscruel|Toedscruel, L87, F|281/281\n|move|p1a: Whiscash|Dragon Dance|p1a: Whiscash\n|-boost|p1a: Whiscash|atk|1\n|-boost|p1a: Whiscash|spe|1\n|\n|upkeep\n|turn|10\n|\n|t:|1781435141\n|move|p1a: Whiscash|Liquidation|p2a: Toedscruel\n|-damage|p2a: Toedscruel|94/281\n|-damage|p1a: Whiscash|238/337|[from] item: Life Orb\n|move|p2a: Toedscruel|Giga Drain|p1a: Whiscash\n|-supereffective|p1a: Whiscash\n|-damage|p1a: Whiscash|0 fnt\n|-heal|p2a: Toedscruel|213/281|[from] drain|[of] p1a: Whiscash\n|faint|p1a: Whiscash\n|\n|upkeep\n|\n|t:|1781435144\n|switch|p1a: Dodrio|Dodrio, L85, F|241/241\n|turn|11\n|\n|t:|1781435149\n|switch|p2a: Duraludon|Duraludon, L82, M|249/249\n|move|p1a: Dodrio|Quick Attack|p2a: Duraludon\n|-resisted|p2a: Duraludon\n|-damage|p2a: Duraludon|227/249\n|\n|upkeep\n|turn|12\n|\n|t:|1781435155\n|switch|p1a: Copperajah|Copperajah, L86, M|350/350\n|move|p2a: Duraludon|Thunder Wave|p1a: Copperajah|[miss]\n|-miss|p2a: Duraludon|p1a: Copperajah\n|\n|upkeep\n|turn|13\n|\n|t:|1781435164\n|move|p2a: Duraludon|Thunder Wave|p1a: Copperajah\n|-status|p1a: Copperajah|par\n|cant|p1a: Copperajah|par\n|\n|upkeep\n|turn|14\n|\n|t:|1781435167\n|move|p2a: Duraludon|Body Press|p1a: Copperajah\n|-supereffective|p1a: Copperajah\n|-damage|p1a: Copperajah|194/350 par\n|move|p1a: Copperajah|Heavy Slam|p2a: Duraludon\n|-resisted|p2a: Duraludon\n|-damage|p2a: Duraludon|164/249\n|\n|upkeep\n|turn|15\n|\n|t:|1781435182\n|switch|p1a: Shaymin|Shaymin, L82|228/298\n|move|p2a: Duraludon|Body Press|p1a: Shaymin\n|-damage|p1a: Shaymin|167/298\n|\n|-heal|p1a: Shaymin|185/298|[from] item: Leftovers\n|upkeep\n|turn|16\n|\n|t:|1781435186\n|move|p1a: Shaymin|Substitute|p1a: Shaymin\n|-start|p1a: Shaymin|Substitute\n|-damage|p1a: Shaymin|111/298\n|move|p2a: Duraludon|Flash Cannon|p1a: Shaymin\n|-end|p1a: Shaymin|Substitute\n|\n|-heal|p1a: Shaymin|129/298|[from] item: Leftovers\n|upkeep\n|turn|17\n|\n|t:|1781435188\n|move|p1a: Shaymin|Leech Seed|p2a: Duraludon\n|-start|p2a: Duraludon|move: Leech Seed\n|move|p2a: Duraludon|Flash Cannon|p1a: Shaymin\n|-damage|p1a: Shaymin|36/298\n|\n|-heal|p1a: Shaymin|54/298|[from] item: Leftovers\n|-damage|p2a: Duraludon|133/249|[from] Leech Seed|[of] p1a: Shaymin\n|-heal|p1a: Shaymin|85/298|[silent]\n|upkeep\n|turn|18\n|\n|t:|1781435193\n|switch|p2a: Scream Tail|Scream Tail, L84|301/330\n|move|p1a: Shaymin|Substitute|p1a: Shaymin\n|-start|p1a: Shaymin|Substitute\n|-damage|p1a: Shaymin|11/298\n|\n|-heal|p2a: Scream Tail|321/330|[from] item: Leftovers\n|-heal|p1a: Shaymin|29/298|[from] item: Leftovers\n|upkeep\n|turn|19\n|\n|t:|1781435205\n|switch|p1a: Copperajah|Copperajah, L86, M|194/350 par\n|move|p2a: Scream Tail|Encore||[still]\n|-fail|p2a: Scream Tail\n|\n|-heal|p2a: Scream Tail|330/330|[from] item: Leftovers\n|upkeep\n|turn|20\n|\n|t:|1781435208\n|move|p2a: Scream Tail|Protect|p2a: Scream Tail\n|-singleturn|p2a: Scream Tail|Protect\n|move|p1a: Copperajah|Knock Off|p2a: Scream Tail\n|-activate|p2a: Scream Tail|move: Protect\n|\n|upkeep\n|turn|21\n|\n|t:|1781435217\n|-end|p2a: Scream Tail|Protosynthesis|[silent]\n|switch|p2a: Vikavolt|Vikavolt, L83, F|263/263\n|move|p1a: Copperajah|Knock Off|p2a: Vikavolt\n|-damage|p2a: Vikavolt|138/263\n|-enditem|p2a: Vikavolt|Heavy-Duty Boots|[from] move: Knock Off|[of] p1a: Copperajah\n|\n|upkeep\n|turn|22\n|\n|t:|1781435221\n|switch|p1a: Glimmora|Glimmora, L75, F|208/248\n|move|p2a: Vikavolt|Sticky Web|p1a: Glimmora\n|-sidestart|p1: b3npaii|move: Sticky Web\n|\n|upkeep\n|turn|23\n|\n|t:|1781435229\n|move|p1a: Glimmora|Earth Power|p2a: Vikavolt\n|-immune|p2a: Vikavolt|[from] ability: Levitate\n|move|p2a: Vikavolt|Thunderbolt|p1a: Glimmora\n|-damage|p1a: Glimmora|52/248\n|\n|upkeep\n|turn|24\n|\n|t:|1781435236\n|move|p1a: Glimmora|Mortal Spin|p2a: Vikavolt\n|-damage|p2a: Vikavolt|117/263\n|-status|p2a: Vikavolt|psn\n|-sideend|p1: b3npaii|Sticky Web|[from] move: Mortal Spin|[of] p1a: Glimmora\n|move|p2a: Vikavolt|Thunderbolt|p1a: Glimmora\n|-damage|p1a: Glimmora|0 fnt\n|faint|p1a: Glimmora\n|\n|-damage|p2a: Vikavolt|85/263 psn|[from] psn\n|upkeep\n|\n|t:|1781435239\n|switch|p1a: Dodrio|Dodrio, L85, F|241/241\n|turn|25\n|\n|t:|1781435245\n|switch|p2a: Duraludon|Duraludon, L82, M|133/249\n|move|p1a: Dodrio|Brave Bird|p2a: Duraludon\n|-resisted|p2a: Duraludon\n|-damage|p2a: Duraludon|71/249\n|-damage|p1a: Dodrio|221/241|[from] Recoil\n|\n|upkeep\n|turn|26\n|\n|t:|1781435257\n|move|p1a: Dodrio|Brave Bird|p2a: Duraludon\n|-resisted|p2a: Duraludon\n|-damage|p2a: Duraludon|9/249\n|-damage|p1a: Dodrio|201/241|[from] Recoil\n|move|p2a: Duraludon|Draco Meteor|p1a: Dodrio\n|-damage|p1a: Dodrio|3/241\n|-unboost|p2a: Duraludon|spa|2\n|\n|upkeep\n|turn|27\n|\n|t:|1781435262\n|move|p1a: Dodrio|Brave Bird|p2a: Duraludon\n|-resisted|p2a: Duraludon\n|-damage|p2a: Duraludon|0 fnt\n|faint|p2a: Duraludon\n|-damage|p1a: Dodrio|0 fnt|[from] Recoil\n|faint|p1a: Dodrio\n|\n|upkeep\n|\n|t:|1781435273\n|switch|p1a: Sneasler|Sneasler, L74, M|240/240\n|switch|p2a: Toedscruel|Toedscruel, L87, F|213/281\n|turn|28\n|\n|t:|1781435281\n|switch|p1a: Shaymin|Shaymin, L82|29/298\n|move|p2a: Toedscruel|Earth Power|p1a: Shaymin\n|-resisted|p1a: Shaymin\n|-damage|p1a: Shaymin|0 fnt\n|faint|p1a: Shaymin\n|\n|upkeep\n|\n|t:|1781435283\n|switch|p1a: Sneasler|Sneasler, L74, M|240/240\n|turn|29\n|\n|t:|1781435290\n|switch|p2a: Vikavolt|Vikavolt, L83, F|85/263 psn\n|-terastallize|p1a: Sneasler|Flying\n|move|p1a: Sneasler|Swords Dance|p1a: Sneasler\n|-boost|p1a: Sneasler|atk|2\n|\n|-damage|p2a: Vikavolt|53/263 psn|[from] psn\n|upkeep\n|turn|30\n|\n|t:|1781435297\n|move|p1a: Sneasler|Close Combat|p2a: Vikavolt\n|-resisted|p2a: Vikavolt\n|-damage|p2a: Vikavolt|0 fnt\n|-unboost|p1a: Sneasler|def|1\n|-unboost|p1a: Sneasler|spd|1\n|faint|p2a: Vikavolt\n|-enditem|p1a: Sneasler|White Herb\n|-clearnegativeboost|p1a: Sneasler|[silent]\n|\n|upkeep\n|\n|t:|1781435312\n|switch|p2a: Scream Tail|Scream Tail, L84|330/330\n|turn|31\n|\n|t:|1781435316\n|-terastallize|p2a: Scream Tail|Poison\n|move|p1a: Sneasler|Dire Claw|p2a: Scream Tail\n|-resisted|p2a: Scream Tail\n|-crit|p2a: Scream Tail\n|-damage|p2a: Scream Tail|210/330\n|move|p2a: Scream Tail|Encore|p1a: Sneasler\n|-start|p1a: Sneasler|Encore\n|\n|-heal|p2a: Scream Tail|230/330|[from] item: Leftovers\n|upkeep\n|turn|32\n|\n|t:|1781435323\n|move|p1a: Sneasler|Dire Claw|p2a: Scream Tail\n|-resisted|p2a: Scream Tail\n|-damage|p2a: Scream Tail|161/330\n|move|p2a: Scream Tail|Play Rough|p1a: Sneasler\n|-damage|p1a: Sneasler|129/240\n|\n|-heal|p2a: Scream Tail|181/330|[from] item: Leftovers\n|upkeep\n|turn|33\n|\n|t:|1781435328\n|move|p1a: Sneasler|Dire Claw|p2a: Scream Tail\n|-resisted|p2a: Scream Tail\n|-damage|p2a: Scream Tail|103/330\n|move|p2a: Scream Tail|Wish|p2a: Scream Tail\n|\n|-heal|p2a: Scream Tail|123/330|[from] item: Leftovers\n|upkeep\n|turn|34\n|\n|t:|1781435336\n|move|p1a: Sneasler|Dire Claw|p2a: Scream Tail\n|-resisted|p2a: Scream Tail\n|-damage|p2a: Scream Tail|43/330\n|move|p2a: Scream Tail|Play Rough|p1a: Sneasler\n|-damage|p1a: Sneasler|21/240\n|\n|-heal|p2a: Scream Tail|208/330|[from] move: Wish|[wisher] Scream Tail\n|-heal|p2a: Scream Tail|228/330|[from] item: Leftovers\n|-end|p1a: Sneasler|Encore\n|upkeep\n|turn|35\n|\n|t:|1781435344\n|move|p1a: Sneasler|Acrobatics|p2a: Scream Tail\n|-damage|p2a: Scream Tail|5/330\n|move|p2a: Scream Tail|Play Rough|p1a: Sneasler\n|-damage|p1a: Sneasler|0 fnt\n|faint|p1a: Sneasler\n|\n|-heal|p2a: Scream Tail|25/330|[from] item: Leftovers\n|upkeep\n|c|\u2606ChadInteleonUser|gg\n|c|\u2606b3npaii|\u201c50%\u201d status\n|-message|b3npaii forfeited.\n|\n|win|ChadInteleonUser\n|raw|b3npaii's rating: 2137 &rarr; <strong>2114</strong><br />(-23 for losing)\n|raw|ChadInteleonUser's rating: 2092 &rarr; <strong>2115</strong><br />(+23 for winning)\n", "uploadtime": 1781435062, "views": 3, "formatid": "gen9randombattle", "rating": 2114, "private": 0, "password": null}