{"id": "gen9randombattle-2632009118", "format": "[Gen 9] Random Battle", "players": ["zhqtababa", "hectorleon"], "log": "|j|\u2606zhqtababa\n|j|\u2606hectorleon\n|t:|1781465486\n|gametype|singles\n|player|p1|zhqtababa|2|1163\n|player|p2|hectorleon|1|1154\n|gen|9\n|tier|[Gen 9] Random Battle\n|rated|\n|rule|Species Clause: Limit one of each Pok\u00e9mon\n|rule|HP Percentage Mod: HP is shown in percentages\n|rule|Sleep Clause Mod: Limit one foe put to sleep\n|rule|Illusion Level Mod: Illusion disguises the Pok\u00e9mon's true level\n|\n|t:|1781465486\n|teamsize|p1|6\n|teamsize|p2|6\n|start\n|switch|p1a: Iron Crown|Iron Crown, L78|268/268\n|switch|p2a: Arceus|Arceus-Dark, L71|288/288\n|turn|1\n|inactive|Battle timer is ON: inactive players will automatically lose when time's up. (requested by zhqtababa)\n|\n|t:|1781465506\n|-end|p1a: Iron Crown|Quark Drive|[silent]\n|switch|p1a: Flutter Mane|Flutter Mane, L74|203/203\n|move|p2a: Arceus|Calm Mind|p2a: Arceus\n|-boost|p2a: Arceus|spa|1\n|-boost|p2a: Arceus|spd|1\n|\n|upkeep\n|turn|2\n|\n|t:|1781465522\n|-terastallize|p2a: Arceus|Poison\n|move|p1a: Flutter Mane|Moonblast|p2a: Arceus\n|-resisted|p2a: Arceus\n|-damage|p2a: Arceus|242/288\n|-unboost|p2a: Arceus|spa|1\n|move|p2a: Arceus|Calm Mind|p2a: Arceus\n|-boost|p2a: Arceus|spa|1\n|-boost|p2a: Arceus|spd|1\n|\n|upkeep\n|turn|3\n|\n|t:|1781465532\n|-end|p1a: Flutter Mane|Protosynthesis|[silent]\n|switch|p1a: Seviper|Seviper, L93, M|287/287\n|move|p2a: Arceus|Calm Mind|p2a: Arceus\n|-boost|p2a: Arceus|spa|1\n|-boost|p2a: Arceus|spd|1\n|\n|upkeep\n|turn|4\n|\n|t:|1781465540\n|move|p2a: Arceus|Judgment|p1a: Seviper\n|-damage|p1a: Seviper|37/287\n|move|p1a: Seviper|Earthquake|p2a: Arceus\n|-supereffective|p2a: Arceus\n|-damage|p2a: Arceus|21/288\n|-damage|p1a: Seviper|9/287|[from] item: Life Orb\n|\n|upkeep\n|turn|5\n|\n|t:|1781465549\n|move|p2a: Arceus|Judgment|p1a: Seviper\n|-crit|p1a: Seviper\n|-damage|p1a: Seviper|0 fnt\n|faint|p1a: Seviper\n|\n|upkeep\n|\n|t:|1781465554\n|switch|p1a: Flutter Mane|Flutter Mane, L74|203/203\n|turn|6\n|\n|t:|1781465567\n|switch|p2a: Arbok|Arbok, L87, F|246/246\n|-ability|p2a: Arbok|Intimidate|boost\n|-unboost|p1a: Flutter Mane|atk|1\n|move|p1a: Flutter Mane|Psyshock|p2a: Arbok\n|-supereffective|p2a: Arbok\n|-damage|p2a: Arbok|46/246\n|\n|-heal|p2a: Arbok|61/246|[from] item: Leftovers\n|upkeep\n|turn|7\n|\n|t:|1781465579\n|switch|p2a: Dialga|Dialga-Origin, L73|266/266\n|-ability|p2a: Dialga|Pressure\n|move|p1a: Flutter Mane|Psyshock|p2a: Dialga\n|-resisted|p2a: Dialga\n|-damage|p2a: Dialga|230/266\n|\n|upkeep\n|turn|8\n|\n|t:|1781465589\n|-end|p1a: Flutter Mane|Protosynthesis|[silent]\n|switch|p1a: Iron Crown|Iron Crown, L78|268/268\n|move|p2a: Dialga|Dragon Tail|p1a: Iron Crown\n|-resisted|p1a: Iron Crown\n|-damage|p1a: Iron Crown|239/268\n|-end|p1a: Iron Crown|Quark Drive|[silent]\n|drag|p1a: Flutter Mane|Flutter Mane, L74|203/203\n|\n|upkeep\n|turn|9\n|\n|t:|1781465601\n|-end|p1a: Flutter Mane|Protosynthesis|[silent]\n|switch|p1a: Iron Crown|Iron Crown, L78|239/268\n|move|p2a: Dialga|Flash Cannon|p1a: Iron Crown\n|-resisted|p1a: Iron Crown\n|-damage|p1a: Iron Crown|190/268\n|\n|upkeep\n|turn|10\n|\n|t:|1781465612\n|move|p1a: Iron Crown|Focus Blast|p2a: Dialga\n|-supereffective|p2a: Dialga\n|-damage|p2a: Dialga|6/266\n|move|p2a: Dialga|Fire Blast|p1a: Iron Crown\n|-supereffective|p1a: Iron Crown\n|-damage|p1a: Iron Crown|24/268\n|-status|p1a: Iron Crown|brn\n|\n|-damage|p1a: Iron Crown|8/268 brn|[from] brn\n|upkeep\n|turn|11\n|\n|t:|1781465626\n|switch|p2a: Arbok|Arbok, L87, F|61/246\n|-ability|p2a: Arbok|Intimidate|boost\n|-unboost|p1a: Iron Crown|atk|1\n|move|p1a: Iron Crown|Focus Blast|p2a: Arbok|[miss]\n|-miss|p1a: Iron Crown|p2a: Arbok\n|\n|-heal|p2a: Arbok|76/246|[from] item: Leftovers\n|-damage|p1a: Iron Crown|0 fnt|[from] brn\n|faint|p1a: Iron Crown\n|-end|p1a: Iron Crown|Quark Drive|[silent]\n|upkeep\n|\n|t:|1781465635\n|switch|p1a: Minior|Minior-Yellow, L79|224/224\n|-formechange|p1a: Minior|Minior-Meteor||[from] ability: Shields Down\n|turn|12\n|\n|t:|1781465645\n|move|p2a: Arbok|Gunk Shot|p1a: Minior|[miss]\n|-miss|p2a: Arbok|p1a: Minior\n|move|p1a: Minior|Shell Smash|p1a: Minior\n|-unboost|p1a: Minior|def|1\n|-unboost|p1a: Minior|spd|1\n|-boost|p1a: Minior|atk|2\n|-boost|p1a: Minior|spa|2\n|-boost|p1a: Minior|spe|2\n|-enditem|p1a: Minior|White Herb\n|-clearnegativeboost|p1a: Minior|[silent]\n|\n|-heal|p2a: Arbok|91/246|[from] item: Leftovers\n|upkeep\n|turn|13\n|-message|hectorleon forfeited.\n|\n|win|zhqtababa\n|raw|zhqtababa's rating: 1163 &rarr; <strong>1187</strong><br />(+24 for winning)\n|raw|hectorleon's rating: 1154 &rarr; <strong>1130</strong><br />(-24 for losing)\n|l|\u2606hectorleon\n|player|p2|\n", "uploadtime": 1781465652, "views": 6, "formatid": "gen9randombattle", "rating": 1130, "private": 0, "password": null}