{"id": "gen9randombattle-2631593933", "format": "[Gen 9] Random Battle", "players": ["licenciado mundo 2", "Balanced Ha"], "log": "|j|\u2606licenciado mundo 2\n|j|\u2606Balanced Ha\n|t:|1781406004\n|gametype|singles\n|player|p1|licenciado mundo 2|veteran|1000\n|player|p2|Balanced Ha|biker|1000\n|gen|9\n|tier|[Gen 9] Random Battle\n|rated|\n|rule|Species Clause: Limit one of each Pok\u00e9mon\n|rule|HP Percentage Mod: HP is shown in percentages\n|rule|Sleep Clause Mod: Limit one foe put to sleep\n|rule|Illusion Level Mod: Illusion disguises the Pok\u00e9mon's true level\n|\n|t:|1781406004\n|teamsize|p1|6\n|teamsize|p2|6\n|start\n|switch|p1a: Heatran|Heatran, L79, M|273/273\n|switch|p2a: Altaria|Altaria, L89, M|278/278\n|-item|p1a: Heatran|Air Balloon\n|turn|1\n|inactive|Battle timer is ON: inactive players will automatically lose when time's up. (requested by Balanced Ha)\n|inactive|licenciado mundo 2 has 120 seconds left.\n|inactive|Balanced Ha has 120 seconds left.\n|inactive|Balanced Ha has 90 seconds left.\n|inactive|Balanced Ha has 60 seconds left.\n|\n|t:|1781406115\n|switch|p2a: Flutter Mane|Flutter Mane, L74|203/203\n|move|p1a: Heatran|Stealth Rock|p2a: Flutter Mane\n|-sidestart|p2: Balanced Ha|move: Stealth Rock\n|\n|upkeep\n|turn|2\n|\n|t:|1781406140\n|-end|p2a: Flutter Mane|Protosynthesis|[silent]\n|switch|p2a: Swanna|Swanna, L89, F|278/278\n|switch|p1a: Mew|Mew, L82|298/298\n|\n|upkeep\n|turn|3\n|inactive|Balanced Ha has 90 seconds left.\n|\n|t:|1781406172\n|switch|p2a: Darkrai|Darkrai, L77|234/234\n|-damage|p2a: Darkrai|205/234|[from] Stealth Rock\n|move|p1a: Mew|Psychic|p2a: Darkrai\n|-immune|p2a: Darkrai\n|\n|upkeep\n|turn|4\n|inactive|licenciado mundo 2 has 120 seconds left.\n|\n|t:|1781406195\n|-terastallize|p1a: Mew|Fire\n|move|p2a: Darkrai|Dark Pulse|p1a: Mew\n|-damage|p1a: Mew|188/298\n|-damage|p2a: Darkrai|182/234|[from] item: Life Orb\n|move|p1a: Mew|Fire Blast|p2a: Darkrai|[miss]\n|-miss|p1a: Mew|p2a: Darkrai\n|\n|upkeep\n|turn|5\n|inactive|licenciado mundo 2 has 120 seconds left.\n|inactive|Balanced Ha has 90 seconds left.\n|\n|t:|1781406225\n|switch|p2a: Altaria|Altaria, L89, M|278/278\n|switch|p1a: Heatran|Heatran, L79, M|273/273\n|-item|p1a: Heatran|Air Balloon\n|\n|upkeep\n|turn|6\n|\n|t:|1781406240\n|move|p2a: Altaria|Defog|p1a: Heatran\n|-unboost|p1a: Heatran|evasion|1\n|-sideend|p2: Balanced Ha|Stealth Rock|[from] move: Defog|[of] p2a: Altaria\n|move|p1a: Heatran|Lava Plume|p2a: Altaria\n|-resisted|p2a: Altaria\n|-damage|p2a: Altaria|242/278\n|-status|p2a: Altaria|brn\n|\n|-damage|p2a: Altaria|225/278 brn|[from] brn\n|upkeep\n|turn|7\n|inactive|licenciado mundo 2 has 90 seconds left.\n|\n|t:|1781406258\n|-curestatus|p2a: Altaria|brn|[from] ability: Natural Cure|[silent]\n|switch|p2a: Swanna|Swanna, L89, F|278/278\n|move|p1a: Heatran|Stealth Rock|p2a: Swanna\n|-sidestart|p2: Balanced Ha|move: Stealth Rock\n|\n|upkeep\n|turn|8\n|inactive|licenciado mundo 2 has 90 seconds left.\n|\n|t:|1781406280\n|switch|p1a: Palossand|Palossand, L89, F|296/296\n|move|p2a: Swanna|Hydro Pump|p1a: Palossand|[miss]\n|-miss|p2a: Swanna|p1a: Palossand\n|\n|upkeep\n|turn|9\n|inactive|licenciado mundo 2 has 90 seconds left.\n|\n|t:|1781406301\n|move|p2a: Swanna|Knock Off|p1a: Palossand\n|-supereffective|p1a: Palossand\n|-damage|p1a: Palossand|194/296\n|-enditem|p1a: Palossand|Leftovers|[from] move: Knock Off|[of] p2a: Swanna\n|move|p1a: Palossand|Shadow Ball|p2a: Swanna\n|-damage|p2a: Swanna|151/278\n|\n|upkeep\n|turn|10\n|inactive|Balanced Ha has 60 seconds left.\n|\n|t:|1781406325\n|move|p2a: Swanna|Hydro Pump|p1a: Palossand|[miss]\n|-miss|p2a: Swanna|p1a: Palossand\n|move|p1a: Palossand|Shadow Ball|p2a: Swanna\n|-damage|p2a: Swanna|34/278\n|\n|upkeep\n|turn|11\n|inactive|Balanced Ha has 60 seconds left.\n|\n|t:|1781406336\n|move|p2a: Swanna|Hydro Pump|p1a: Palossand\n|-supereffective|p1a: Palossand\n|-damage|p1a: Palossand|0 fnt\n|faint|p1a: Palossand\n|\n|upkeep\n|\n|t:|1781406347\n|switch|p1a: Iron Jugulis|Iron Jugulis, L77|271/271\n|turn|12\n|\n|t:|1781406356\n|switch|p2a: Flutter Mane|Flutter Mane, L74|203/203\n|-damage|p2a: Flutter Mane|178/203|[from] Stealth Rock\n|move|p1a: Iron Jugulis|Dark Pulse|p2a: Flutter Mane\n|-damage|p2a: Flutter Mane|79/203\n|\n|upkeep\n|turn|13\n|\n|t:|1781406365\n|move|p2a: Flutter Mane|Moonblast|p1a: Iron Jugulis\n|-supereffective|p1a: Iron Jugulis\n|-damage|p1a: Iron Jugulis|0 fnt\n|faint|p1a: Iron Jugulis\n|-end|p1a: Iron Jugulis|Quark Drive|[silent]\n|-damage|p2a: Flutter Mane|59/203|[from] item: Life Orb\n|\n|upkeep\n|\n|t:|1781406373\n|switch|p1a: Pyroar|Pyroar, L88, M|295/295\n|-ability|p1a: Pyroar|Unnerve\n|turn|14\n|inactive|licenciado mundo 2 has 90 seconds left.\n|\n|t:|1781406384\n|move|p2a: Flutter Mane|Psyshock|p1a: Pyroar\n|-damage|p1a: Pyroar|214/295\n|-damage|p2a: Flutter Mane|39/203|[from] item: Life Orb\n|move|p1a: Pyroar|Work Up|p1a: Pyroar\n|-boost|p1a: Pyroar|atk|1\n|-boost|p1a: Pyroar|spa|1\n|\n|upkeep\n|turn|15\n|inactive|licenciado mundo 2 has 90 seconds left.\n|inactive|Balanced Ha has 90 seconds left.\n|\n|t:|1781406393\n|move|p2a: Flutter Mane|Psyshock|p1a: Pyroar\n|-damage|p1a: Pyroar|130/295\n|-damage|p2a: Flutter Mane|19/203|[from] item: Life Orb\n|move|p1a: Pyroar|Dark Pulse|p2a: Flutter Mane\n|-damage|p2a: Flutter Mane|0 fnt\n|faint|p2a: Flutter Mane\n|-end|p2a: Flutter Mane|Protosynthesis|[silent]\n|\n|upkeep\n|inactive|Balanced Ha has 90 seconds left.\n|\n|t:|1781406413\n|switch|p2a: Gengar|Gengar, L81, M|230/230\n|-damage|p2a: Gengar|202/230|[from] Stealth Rock\n|turn|16\n|\n|t:|1781406418\n|move|p1a: Pyroar|Dark Pulse|p2a: Gengar\n|-supereffective|p2a: Gengar\n|-damage|p2a: Gengar|0 fnt\n|faint|p2a: Gengar\n|\n|upkeep\n|\n|t:|1781406432\n|switch|p2a: Darkrai|Darkrai, L77|182/234\n|-damage|p2a: Darkrai|153/234|[from] Stealth Rock\n|turn|17\n|\n|t:|1781406438\n|move|p2a: Darkrai|Dark Pulse|p1a: Pyroar\n|-damage|p1a: Pyroar|0 fnt\n|faint|p1a: Pyroar\n|-damage|p2a: Darkrai|130/234|[from] item: Life Orb\n|\n|upkeep\n|\n|t:|1781406447\n|switch|p1a: Cramorant|Cramorant, L86, F|261/261\n|turn|18\n|inactive|licenciado mundo 2 has 120 seconds left.\n|\n|t:|1781406456\n|move|p2a: Darkrai|Dark Pulse|p1a: Cramorant\n|-damage|p1a: Cramorant|144/261\n|-damage|p2a: Darkrai|107/234|[from] item: Life Orb\n|move|p1a: Cramorant|Brave Bird|p2a: Darkrai\n|-damage|p2a: Darkrai|0 fnt\n|faint|p2a: Darkrai\n|-damage|p1a: Cramorant|109/261|[from] Recoil\n|\n|upkeep\n|inactive|Balanced Ha has 90 seconds left.\n|\n|t:|1781406473\n|switch|p2a: Swanna|Swanna, L89, F|34/278\n|turn|19\n|\n|t:|1781406478\n|move|p2a: Swanna|Brave Bird|p1a: Cramorant\n|-damage|p1a: Cramorant|0 fnt\n|faint|p1a: Cramorant\n|-damage|p2a: Swanna|0 fnt|[from] Recoil\n|faint|p2a: Swanna\n|\n|upkeep\n|\n|t:|1781406485\n|switch|p2a: Altaria|Altaria, L89, M|225/278\n|switch|p1a: Heatran|Heatran, L79, M|273/273\n|-item|p1a: Heatran|Air Balloon\n|turn|20\n|\n|t:|1781406495\n|move|p2a: Altaria|Brave Bird|p1a: Heatran\n|-resisted|p1a: Heatran\n|-damage|p1a: Heatran|225/273\n|-enditem|p1a: Heatran|Air Balloon\n|-damage|p2a: Altaria|209/278|[from] Recoil\n|move|p1a: Heatran|Heavy Slam|p2a: Altaria\n|-damage|p2a: Altaria|106/278\n|\n|upkeep\n|turn|21\n|\n|t:|1781406505\n|move|p2a: Altaria|Defog|p1a: Heatran\n|-unboost|p1a: Heatran|evasion|1\n|-sideend|p2: Balanced Ha|Stealth Rock|[from] move: Defog|[of] p2a: Altaria\n|move|p1a: Heatran|Lava Plume|p2a: Altaria\n|-resisted|p2a: Altaria\n|-damage|p2a: Altaria|70/278\n|-status|p2a: Altaria|brn\n|\n|-damage|p2a: Altaria|53/278 brn|[from] brn\n|upkeep\n|turn|22\n|\n|t:|1781406518\n|move|p2a: Altaria|Brave Bird|p1a: Heatran\n|-resisted|p1a: Heatran\n|-damage|p1a: Heatran|198/273\n|-damage|p2a: Altaria|44/278 brn|[from] Recoil\n|move|p1a: Heatran|Heavy Slam|p2a: Altaria\n|-damage|p2a: Altaria|0 fnt\n|faint|p2a: Altaria\n|\n|upkeep\n|\n|t:|1781406526\n|switch|p2a: Sandy Shocks|Sandy Shocks, L80|267/267\n|turn|23\n|\n|t:|1781406532\n|move|p2a: Sandy Shocks|Earth Power|p1a: Heatran\n|-supereffective|p1a: Heatran\n|-damage|p1a: Heatran|0 fnt\n|faint|p1a: Heatran\n|\n|upkeep\n|\n|t:|1781406537\n|switch|p1a: Mew|Mew, L82, tera:Fire|188/298\n|turn|24\n|\n|t:|1781406546\n|move|p1a: Mew|Hydro Pump|p2a: Sandy Shocks\n|-supereffective|p2a: Sandy Shocks\n|-damage|p2a: Sandy Shocks|72/267\n|-damage|p1a: Mew|159/298|[from] item: Life Orb\n|move|p2a: Sandy Shocks|Earth Power|p1a: Mew\n|-supereffective|p1a: Mew\n|-damage|p1a: Mew|0 fnt\n|faint|p1a: Mew\n|\n|win|Balanced Ha\n|raw|licenciado mundo 2's rating: 1000 &rarr; <strong>1000</strong><br />(+0 for losing)\n|raw|Balanced Ha's rating: 1000 &rarr; <strong>1040</strong><br />(+40 for winning)\n|l|\u2606licenciado mundo 2\n|player|p1|\n", "inputlog": ">version a8376a258c1d4662feba110a92103f3664a72141\n>start {\"formatid\":\"gen9randombattle\",\"seed\":\"sodium,0a5043b2a08fa6a12354d4572c2331fe\",\"rated\":\"Rated battle\"}\n>player p1 {\"name\":\"licenciado mundo 2\",\"avatar\":\"veteran\",\"rating\":1000,\"seed\":\"sodium,245be10e1c9024bd1d3916a972424c02\"}\n>player p2 {\"name\":\"Balanced Ha\",\"avatar\":\"biker\",\"rating\":1000,\"seed\":\"sodium,a71c9a9b6c22c0b403abb1683dadd8d9\"}\n>p1 move stealthrock\n>p2 switch 4\n>p1 switch 4\n>p2 switch 6\n>p1 move psychic\n>p2 switch 5\n>p1 move fireblast terastallize\n>p2 move darkpulse\n>p1 switch 4\n>p2 switch 4\n>p1 move lavaplume\n>p2 move defog\n>p1 move stealthrock\n>p2 switch 5\n>p1 switch 6\n>p2 move hydropump\n>p1 move shadowball\n>p2 move knockoff\n>p1 move shadowball\n>p2 move hydropump\n>p1 move shadowball\n>p2 move hydropump\n>p1 switch 3\n>p1 move darkpulse\n>p2 switch 6\n>p1 move darkpulse\n>p2 move moonblast\n>p1 switch 2\n>p1 move workup\n>p2 move psyshock\n>p1 move darkpulse\n>p2 move psyshock\n>p2 switch 2\n>p1 move darkpulse\n>p2 move sludgewave\n>p2 switch 4\n>p1 move fireblast\n>p2 move darkpulse\n>p1 switch 5\n>p1 move bravebird\n>p2 move darkpulse\n>p2 switch 6\n>p1 move bravebird\n>p2 move bravebird\n>p1 switch 6\n>p2 switch 5\n>p1 move heavyslam\n>p2 move bravebird\n>p1 move lavaplume\n>p2 move defog\n>p1 move heavyslam\n>p2 move bravebird\n>p2 switch 3\n>p1 move lavaplume\n>p2 move earthpower\n>p1 switch 4\n>p1 move hydropump\n>p2 move earthpower", "uploadtime": 1781406567, "views": 7, "formatid": "gen9randombattle", "rating": 1000, "private": 0, "password": null}