{"id": "gen9randombattle-2631822335", "format": "[Gen 9] Random Battle", "players": ["Beldumdebildu", "sarodiya"], "log": "|j|\u2606Beldumdebildu\n|j|\u2606sarodiya\n|t:|1781444559\n|gametype|singles\n|player|p1|Beldumdebildu|colress|1744\n|player|p2|sarodiya|1|1754\n|gen|9\n|tier|[Gen 9] Random Battle\n|rated|\n|rule|Species Clause: Limit one of each Pok\u00e9mon\n|rule|HP Percentage Mod: HP is shown in percentages\n|rule|Sleep Clause Mod: Limit one foe put to sleep\n|rule|Illusion Level Mod: Illusion disguises the Pok\u00e9mon's true level\n|\n|t:|1781444559\n|teamsize|p1|6\n|teamsize|p2|6\n|start\n|switch|p1a: Minun|Minun, L95, M|268/268\n|switch|p2a: Regieleki|Regieleki, L79|256/256\n|turn|1\n|inactive|Battle timer is ON: inactive players will automatically lose when time's up. (requested by sarodiya)\n|\n|t:|1781444575\n|switch|p2a: Illumise|Illumise, L91, F|266/266\n|move|p1a: Minun|Nasty Plot|p1a: Minun\n|-boost|p1a: Minun|spa|2\n|\n|upkeep\n|turn|2\n|\n|t:|1781444587\n|switch|p1a: Kricketune|Kricketune, L99, F|312/312\n|move|p2a: Illumise|Encore||[still]\n|-fail|p2a: Illumise\n|\n|upkeep\n|turn|3\n|\n|t:|1781444592\n|move|p2a: Illumise|Thunder Wave|p1a: Kricketune\n|-status|p1a: Kricketune|par\n|move|p1a: Kricketune|Sticky Web|p2a: Illumise\n|-sidestart|p2: sarodiya|move: Sticky Web\n|\n|upkeep\n|turn|4\n|\n|t:|1781444598\n|move|p2a: Illumise|Bug Buzz|p1a: Kricketune\n|-damage|p1a: Kricketune|197/312 par\n|move|p1a: Kricketune|Taunt|p2a: Illumise\n|-start|p2a: Illumise|move: Taunt\n|\n|upkeep\n|turn|5\n|\n|t:|1781444603\n|move|p2a: Illumise|Bug Buzz|p1a: Kricketune\n|-damage|p1a: Kricketune|92/312 par\n|move|p1a: Kricketune|Knock Off|p2a: Illumise\n|-damage|p2a: Illumise|180/266\n|-enditem|p2a: Illumise|Heavy-Duty Boots|[from] move: Knock Off|[of] p1a: Kricketune\n|\n|upkeep\n|turn|6\n|\n|t:|1781444609\n|move|p2a: Illumise|Bug Buzz|p1a: Kricketune\n|-damage|p1a: Kricketune|0 fnt\n|faint|p1a: Kricketune\n|\n|upkeep\n|\n|t:|1781444622\n|switch|p1a: Palkia|Palkia-Origin, L72|249/249\n|-ability|p1a: Palkia|Pressure\n|turn|7\n|\n|t:|1781444634\n|move|p1a: Palkia|Fire Blast|p2a: Illumise\n|-supereffective|p2a: Illumise\n|-damage|p2a: Illumise|38/266\n|move|p2a: Illumise|Bug Buzz|p1a: Palkia\n|-damage|p1a: Palkia|165/249\n|\n|-end|p2a: Illumise|move: Taunt\n|upkeep\n|turn|8\n|\n|t:|1781444642\n|move|p2a: Illumise|Roost|p2a: Illumise\n|-heal|p2a: Illumise|171/266\n|-singleturn|p2a: Illumise|move: Roost\n|move|p1a: Palkia|Spacial Rend|p2a: Illumise\n|-damage|p2a: Illumise|51/266\n|\n|upkeep\n|turn|9\n|\n|t:|1781444646\n|move|p2a: Illumise|Roost|p2a: Illumise\n|-heal|p2a: Illumise|184/266\n|-singleturn|p2a: Illumise|move: Roost\n|move|p1a: Palkia|Spacial Rend|p2a: Illumise\n|-damage|p2a: Illumise|63/266\n|\n|upkeep\n|turn|10\n|\n|t:|1781444648\n|move|p2a: Illumise|Roost|p2a: Illumise\n|-heal|p2a: Illumise|196/266\n|-singleturn|p2a: Illumise|move: Roost\n|move|p1a: Palkia|Thunder Wave|p2a: Illumise\n|-status|p2a: Illumise|par\n|\n|upkeep\n|turn|11\n|\n|t:|1781444651\n|move|p2a: Illumise|Thunder Wave|p1a: Palkia\n|-status|p1a: Palkia|par\n|move|p1a: Palkia|Spacial Rend|p2a: Illumise\n|-damage|p2a: Illumise|72/266 par\n|\n|upkeep\n|turn|12\n|\n|t:|1781444656\n|move|p2a: Illumise|Roost|p2a: Illumise\n|-heal|p2a: Illumise|205/266 par\n|-singleturn|p2a: Illumise|move: Roost\n|move|p1a: Palkia|Spacial Rend|p2a: Illumise\n|-damage|p2a: Illumise|82/266 par\n|\n|upkeep\n|turn|13\n|\n|t:|1781444658\n|move|p2a: Illumise|Roost|p2a: Illumise\n|-heal|p2a: Illumise|215/266 par\n|-singleturn|p2a: Illumise|move: Roost\n|cant|p1a: Palkia|par\n|\n|upkeep\n|turn|14\n|\n|t:|1781444662\n|cant|p1a: Palkia|par\n|move|p2a: Illumise|Bug Buzz|p1a: Palkia\n|-damage|p1a: Palkia|83/249 par\n|\n|upkeep\n|turn|15\n|\n|t:|1781444665\n|cant|p1a: Palkia|par\n|move|p2a: Illumise|Bug Buzz|p1a: Palkia\n|-damage|p1a: Palkia|0 fnt\n|faint|p1a: Palkia\n|\n|upkeep\n|c|\u2606Beldumdebildu|3 vs 0\n|c|\u2606Beldumdebildu|omg\n|\n|t:|1781444676\n|switch|p1a: Oricorio|Oricorio-Pom-Pom, L82, F|257/257\n|turn|16\n|\n|t:|1781444683\n|move|p1a: Oricorio|Hurricane|p2a: Illumise|[miss]\n|-miss|p1a: Oricorio|p2a: Illumise\n|cant|p2a: Illumise|par\n|\n|upkeep\n|turn|17\n|\n|t:|1781444688\n|cant|p2a: Illumise|par\n|move|p1a: Oricorio|Hurricane|p2a: Illumise|[miss]\n|-miss|p1a: Oricorio|p2a: Illumise\n|\n|upkeep\n|turn|18\n|\n|t:|1781444692\n|move|p2a: Illumise|Encore|p1a: Oricorio\n|-start|p1a: Oricorio|Encore\n|move|p1a: Oricorio|Hurricane|p2a: Illumise\n|-supereffective|p2a: Illumise\n|-damage|p2a: Illumise|0 fnt\n|faint|p2a: Illumise\n|\n|upkeep\n|\n|t:|1781444695\n|switch|p2a: Regieleki|Regieleki, L79|256/256\n|-activate|p2a: Regieleki|move: Sticky Web\n|-unboost|p2a: Regieleki|spe|1\n|turn|19\n|\n|t:|1781444703\n|switch|p1a: Minun|Minun, L95, M|268/268\n|move|p2a: Regieleki|Rapid Spin|p1a: Minun\n|-damage|p1a: Minun|224/268\n|-boost|p2a: Regieleki|spe|1\n|-sideend|p2: sarodiya|Sticky Web|[from] move: Rapid Spin|[of] p2a: Regieleki\n|\n|upkeep\n|turn|20\n|\n|t:|1781444717\n|move|p2a: Regieleki|Rapid Spin|p1a: Minun\n|-damage|p1a: Minun|180/268\n|-boost|p2a: Regieleki|spe|1\n|move|p1a: Minun|Nasty Plot|p1a: Minun\n|-boost|p1a: Minun|spa|2\n|\n|upkeep\n|turn|21\n|\n|t:|1781444722\n|move|p2a: Regieleki|Explosion|p1a: Minun\n|-damage|p1a: Minun|0 fnt\n|faint|p2a: Regieleki\n|faint|p1a: Minun\n|\n|upkeep\n|\n|t:|1781444728\n|switch|p2a: Golurk|Golurk, L87|297/297\n|switch|p1a: Oricorio|Oricorio-Pom-Pom, L82, F|257/257\n|turn|22\n|\n|t:|1781444734\n|move|p1a: Oricorio|Quiver Dance|p1a: Oricorio\n|-boost|p1a: Oricorio|spa|1\n|-boost|p1a: Oricorio|spd|1\n|-boost|p1a: Oricorio|spe|1\n|move|p2a: Golurk|Poltergeist|p1a: Oricorio\n|-activate|p1a: Oricorio|move: Poltergeist|Heavy-Duty Boots\n|-crit|p1a: Oricorio\n|-damage|p1a: Oricorio|0 fnt\n|faint|p1a: Oricorio\n|\n|upkeep\n|\n|t:|1781444745\n|switch|p1a: Bellossom|Bellossom, L84, F|263/263\n|turn|23\n|\n|t:|1781444752\n|switch|p2a: Sableye|Sableye, L88, F|231/231\n|move|p1a: Bellossom|Quiver Dance|p1a: Bellossom\n|-boost|p1a: Bellossom|spa|1\n|-boost|p1a: Bellossom|spd|1\n|-boost|p1a: Bellossom|spe|1\n|\n|upkeep\n|turn|24\n|\n|t:|1781444757\n|switch|p1a: Kingdra|Kingdra, L84, M|263/263\n|move|p2a: Sableye|Encore||[still]\n|-fail|p2a: Sableye\n|\n|upkeep\n|turn|25\n|\n|t:|1781444764\n|move|p2a: Sableye|Will-O-Wisp|p1a: Kingdra\n|-status|p1a: Kingdra|brn\n|move|p1a: Kingdra|Wave Crash|p2a: Sableye\n|-damage|p2a: Sableye|136/231\n|-damage|p1a: Kingdra|232/263 brn|[from] Recoil\n|-damage|p1a: Kingdra|206/263 brn|[from] item: Life Orb\n|\n|-heal|p2a: Sableye|150/231|[from] item: Leftovers\n|-damage|p1a: Kingdra|190/263 brn|[from] brn\n|upkeep\n|turn|26\n|\n|t:|1781444768\n|move|p1a: Kingdra|Draco Meteor|p2a: Sableye\n|-damage|p2a: Sableye|0 fnt\n|-unboost|p1a: Kingdra|spa|2\n|faint|p2a: Sableye\n|-damage|p1a: Kingdra|164/263 brn|[from] item: Life Orb\n|\n|-damage|p1a: Kingdra|148/263 brn|[from] brn\n|upkeep\n|\n|t:|1781444772\n|switch|p2a: Revavroom|Revavroom, L79, F|256/256\n|turn|27\n|\n|t:|1781444782\n|switch|p1a: Bellossom|Bellossom, L84, F|263/263\n|move|p2a: Revavroom|Shift Gear|p2a: Revavroom\n|-boost|p2a: Revavroom|spe|2\n|-boost|p2a: Revavroom|atk|1\n|\n|upkeep\n|turn|28\n|\n|t:|1781444791\n|-terastallize|p1a: Bellossom|Poison\n|move|p2a: Revavroom|Shift Gear|p2a: Revavroom\n|-boost|p2a: Revavroom|spe|2\n|-boost|p2a: Revavroom|atk|1\n|move|p1a: Bellossom|Strength Sap|p2a: Revavroom\n|-unboost|p2a: Revavroom|atk|1\n|\n|upkeep\n|turn|29\n|\n|t:|1781444797\n|-terastallize|p2a: Revavroom|Ground\n|move|p2a: Revavroom|High Horsepower|p1a: Bellossom\n|-supereffective|p1a: Bellossom\n|-damage|p1a: Bellossom|0 fnt\n|faint|p1a: Bellossom\n|-damage|p2a: Revavroom|231/256|[from] item: Life Orb\n|\n|upkeep\n|\n|t:|1781444801\n|switch|p1a: Kingdra|Kingdra, L84, M|148/263 brn\n|turn|30\n|\n|t:|1781444803\n|move|p2a: Revavroom|High Horsepower|p1a: Kingdra\n|-damage|p1a: Kingdra|0 fnt\n|faint|p1a: Kingdra\n|-damage|p2a: Revavroom|206/256|[from] item: Life Orb\n|\n|win|sarodiya\n|raw|Beldumdebildu's rating: 1744 &rarr; <strong>1725</strong><br />(-19 for losing)\n|raw|sarodiya's rating: 1754 &rarr; <strong>1773</strong><br />(+19 for winning)\n", "inputlog": ">version a8376a258c1d4662feba110a92103f3664a72141\n>start {\"formatid\":\"gen9randombattle\",\"seed\":\"sodium,aea6b558e78cc9f40823a3e9dcf260d3\",\"rated\":\"Rated battle\"}\n>player p1 {\"name\":\"Beldumdebildu\",\"avatar\":\"colress\",\"rating\":1744,\"seed\":\"sodium,e5f79c025fbc806c5b79f4c00d7c4cc5\"}\n>player p2 {\"name\":\"sarodiya\",\"avatar\":\"1\",\"rating\":1754,\"seed\":\"sodium,ac3d0e822b9fd8e2de0c26845e56f4ca\"}\n>p1 move nastyplot\n>p2 switch 6\n>p1 switch 6\n>p2 move encore\n>p1 move stickyweb\n>p2 move thunderwave\n>p1 move taunt\n>p2 move bugbuzz\n>p1 move knockoff\n>p2 move bugbuzz\n>p1 move pounce\n>p2 move bugbuzz\n>p1 switch 4\n>p1 move fireblast\n>p2 move bugbuzz\n>p1 move spacialrend\n>p2 move roost\n>p1 move spacialrend\n>p2 move roost\n>p1 move thunderwave\n>p2 move roost\n>p1 move spacialrend\n>p2 move thunderwave\n>p1 move spacialrend\n>p2 move roost\n>p1 move spacialrend\n>p2 move roost\n>p1 move spacialrend\n>p2 move bugbuzz\n>p1 move spacialrend\n>p2 move bugbuzz\n>chat \u2606Beldumdebildu|3 vs 0\n>chat \u2606Beldumdebildu|omg\n>p1 switch 5\n>p1 move hurricane\n>p2 move bugbuzz\n>p1 move hurricane\n>p2 move encore\n>p1 move hurricane\n>p2 move encore\n>p2 switch 6\n>p1 switch 6\n>p2 move rapidspin\n>p1 move nastyplot\n>p2 move rapidspin\n>p1 move alluringvoice\n>p2 move explosion\n>p1 switch 6\n>p2 switch 3\n>p1 move quiverdance\n>p2 move poltergeist\n>p1 switch 3\n>p1 move quiverdance\n>p2 switch 5\n>p1 switch 2\n>p2 move encore\n>p1 move wavecrash\n>p2 move willowisp\n>p1 move dracometeor\n>p2 move knockoff\n>p2 switch 4\n>p1 switch 2\n>p2 move shiftgear\n>p1 move strengthsap terastallize\n>p2 move shiftgear\n>p1 move quiverdance\n>p2 move highhorsepower terastallize\n>p1 switch 2\n>p1 move wavecrash\n>p2 move highhorsepower", "uploadtime": 1781444806, "views": 8, "formatid": "gen9randombattle", "rating": 1725, "private": 0, "password": null}