{"id": "gen9randombattle-2631490932", "format": "[Gen 9] Random Battle", "players": ["Miercalito", "i'm_new_so_be_cool"], "log": "|badge|p2|bronze|gen9ubers|100-9\n|uhtml|medal-msg|<div class=\"broadcast-blue\">Curious what those medals under the avatar are? PS now has Ladder Seasons! For more information, check out the <a href=\"https://www.smogon.com/forums/threads/3740067/\">thread on Smogon.</a></div>\n|j|\u2606Miercalito\n|j|\u2606i'm_new_so_be_cool\n|t:|1781391727\n|gametype|singles\n|player|p1|Miercalito|266|2230\n|player|p2|i'm_new_so_be_cool|unknown|2194\n|gen|9\n|tier|[Gen 9] Random Battle\n|rated|\n|rule|Species Clause: Limit one of each Pok\u00e9mon\n|rule|HP Percentage Mod: HP is shown in percentages\n|rule|Sleep Clause Mod: Limit one foe put to sleep\n|rule|Illusion Level Mod: Illusion disguises the Pok\u00e9mon's true level\n|\n|t:|1781391727\n|teamsize|p1|6\n|teamsize|p2|6\n|start\n|switch|p1a: Iron Bundle|Iron Bundle, L78|215/215\n|switch|p2a: Bruxish|Bruxish, L85, M|254/254\n|turn|1\n|inactive|Battle timer is ON: inactive players will automatically lose when time's up. (requested by Miercalito)\n|\n|t:|1781391751\n|move|p1a: Iron Bundle|Freeze-Dry|p2a: Bruxish\n|-supereffective|p2a: Bruxish\n|-damage|p2a: Bruxish|80/254\n|move|p2a: Bruxish|Psychic Fangs|p1a: Iron Bundle\n|-damage|p1a: Iron Bundle|51/215\n|-damage|p2a: Bruxish|55/254|[from] item: Life Orb\n|\n|upkeep\n|turn|2\n|\n|t:|1781391761\n|switch|p2a: Duraludon|Duraludon, L82, M|249/249\n|move|p1a: Iron Bundle|Freeze-Dry|p2a: Duraludon\n|-damage|p2a: Duraludon|173/249\n|\n|upkeep\n|turn|3\n|\n|t:|1781391771\n|-end|p1a: Iron Bundle|Quark Drive|[silent]\n|switch|p1a: Espeon|Espeon, L84, F|246/246\n|move|p2a: Duraludon|Flash Cannon|p1a: Espeon\n|-damage|p1a: Espeon|150/246\n|\n|upkeep\n|turn|4\n|j| rufoush\n|inactive|i'm_new_so_be_cool has 120 seconds left.\n|inactive|i'm_new_so_be_cool has 90 seconds left.\n|\n|t:|1781391849\n|move|p1a: Espeon|Calm Mind|p1a: Espeon\n|-boost|p1a: Espeon|spa|1\n|-boost|p1a: Espeon|spd|1\n|move|p2a: Duraludon|Draco Meteor|p1a: Espeon\n|-damage|p1a: Espeon|59/246\n|-unboost|p2a: Duraludon|spa|2\n|\n|upkeep\n|turn|5\n|l| rufoush\n|\n|t:|1781391866\n|switch|p2a: Dondozo|Dondozo, L78, F|362/362\n|move|p1a: Espeon|Shadow Ball|p2a: Dondozo\n|-damage|p2a: Dondozo|229/362\n|-damage|p1a: Espeon|35/246|[from] item: Life Orb\n|\n|-heal|p2a: Dondozo|251/362|[from] item: Leftovers\n|upkeep\n|turn|6\n|\n|t:|1781391874\n|move|p1a: Espeon|Psychic|p2a: Dondozo\n|-damage|p2a: Dondozo|55/362\n|-unboost|p2a: Dondozo|spd|1\n|-damage|p1a: Espeon|11/246|[from] item: Life Orb\n|move|p2a: Dondozo|Wave Crash|p1a: Espeon\n|-damage|p1a: Espeon|0 fnt\n|faint|p1a: Espeon\n|-damage|p2a: Dondozo|51/362|[from] Recoil\n|\n|-heal|p2a: Dondozo|73/362|[from] item: Leftovers\n|upkeep\n|\n|t:|1781391891\n|switch|p1a: Iron Bundle|Iron Bundle, L78|51/215\n|turn|7\n|inactive|i'm_new_so_be_cool has 60 seconds left.\n|\n|t:|1781391949\n|move|p1a: Iron Bundle|Freeze-Dry|p2a: Dondozo\n|-supereffective|p2a: Dondozo\n|-damage|p2a: Dondozo|0 fnt\n|faint|p2a: Dondozo\n|\n|upkeep\n|inactive|i'm_new_so_be_cool has 30 seconds left.\n|\n|t:|1781391967\n|switch|p2a: Duraludon|Duraludon, L82, M|173/249\n|turn|8\n|\n|t:|1781391970\n|-end|p1a: Iron Bundle|Quark Drive|[silent]\n|switch|p1a: Chimecho|Chimecho, L93, M|290/290\n|move|p2a: Duraludon|Flash Cannon|p1a: Chimecho\n|-damage|p1a: Chimecho|208/290\n|\n|-heal|p1a: Chimecho|226/290|[from] item: Leftovers\n|upkeep\n|turn|9\n|inactive|i'm_new_so_be_cool has 30 seconds left.\n|inactive|i'm_new_so_be_cool has 20 seconds left.\n|inactive|i'm_new_so_be_cool has 15 seconds left.\n|inactive|i'm_new_so_be_cool has 10 seconds left.\n|inactive|i'm_new_so_be_cool has 5 seconds left.\n|\n|t:|1781392017\n|switch|p2a: Bruxish|Bruxish, L85, M|55/254\n|move|p1a: Chimecho|Dazzling Gleam|p2a: Bruxish\n|-damage|p2a: Bruxish|0 fnt\n|faint|p2a: Bruxish\n|\n|-heal|p1a: Chimecho|244/290|[from] item: Leftovers\n|upkeep\n|inactive|i'm_new_so_be_cool has 10 seconds left this turn.\n|j| rufoush\n|\n|t:|1781392021\n|switch|p2a: Leavanny|Leavanny, L86, M|269/269\n|turn|10\n|inactive|i'm_new_so_be_cool has 20 seconds left this turn.\n|inactive|i'm_new_so_be_cool has 15 seconds left.\n|\n|t:|1781392035\n|move|p2a: Leavanny|Sticky Web|p1a: Chimecho\n|-sidestart|p1: Miercalito|move: Sticky Web\n|move|p1a: Chimecho|Calm Mind|p1a: Chimecho\n|-boost|p1a: Chimecho|spa|1\n|-boost|p1a: Chimecho|spd|1\n|\n|-heal|p1a: Chimecho|262/290|[from] item: Leftovers\n|upkeep\n|turn|11\n|inactive|i'm_new_so_be_cool has 25 seconds left this turn.\n|inactive|i'm_new_so_be_cool has 20 seconds left.\n|inactive|i'm_new_so_be_cool has 15 seconds left.\n|\n|t:|1781392048\n|move|p2a: Leavanny|Knock Off|p1a: Chimecho\n|-supereffective|p1a: Chimecho\n|-damage|p1a: Chimecho|118/290\n|-enditem|p1a: Chimecho|Leftovers|[from] move: Knock Off|[of] p2a: Leavanny\n|move|p1a: Chimecho|Recover|p1a: Chimecho\n|-heal|p1a: Chimecho|263/290\n|\n|upkeep\n|turn|12\n|inactive|i'm_new_so_be_cool has 25 seconds left this turn.\n|inactive|i'm_new_so_be_cool has 20 seconds left.\n|\n|t:|1781392053\n|move|p2a: Leavanny|Lunge|p1a: Chimecho\n|-supereffective|p1a: Chimecho\n|-damage|p1a: Chimecho|65/290\n|-unboost|p1a: Chimecho|atk|1\n|move|p1a: Chimecho|Psychic Noise|p2a: Leavanny\n|-damage|p2a: Leavanny|118/269\n|-start|p2a: Leavanny|move: Heal Block\n|\n|upkeep\n|turn|13\n|inactive|i'm_new_so_be_cool has 30 seconds left this turn.\n|\n|t:|1781392062\n|move|p2a: Leavanny|Lunge|p1a: Chimecho\n|-supereffective|p1a: Chimecho\n|-damage|p1a: Chimecho|0 fnt\n|faint|p1a: Chimecho\n|\n|-end|p2a: Leavanny|move: Heal Block\n|upkeep\n|\n|t:|1781392064\n|switch|p1a: Iron Bundle|Iron Bundle, L78|51/215\n|turn|14\n|inactive|i'm_new_so_be_cool has 30 seconds left.\n|inactive|i'm_new_so_be_cool has 20 seconds left.\n|inactive|i'm_new_so_be_cool has 15 seconds left.\n|inactive|i'm_new_so_be_cool has 10 seconds left.\n|inactive|i'm_new_so_be_cool has 5 seconds left.\n|\n|t:|1781392106\n|-terastallize|p2a: Leavanny|Ghost\n|move|p1a: Iron Bundle|Ice Beam|p2a: Leavanny\n|-damage|p2a: Leavanny|13/269\n|move|p2a: Leavanny|Knock Off|p1a: Iron Bundle\n|-damage|p1a: Iron Bundle|0 fnt\n|-enditem|p1a: Iron Bundle|Heavy-Duty Boots|[from] move: Knock Off|[of] p2a: Leavanny\n|faint|p1a: Iron Bundle\n|-end|p1a: Iron Bundle|Quark Drive|[silent]\n|\n|upkeep\n|\n|t:|1781392117\n|switch|p1a: Crabominable|Crabominable, L90, F|321/321\n|-activate|p1a: Crabominable|move: Sticky Web\n|-unboost|p1a: Crabominable|spe|1\n|turn|15\n|inactive|i'm_new_so_be_cool has 20 seconds left this turn.\n|inactive|i'm_new_so_be_cool has 15 seconds left.\n|inactive|i'm_new_so_be_cool has 10 seconds left.\n|\n|t:|1781392130\n|move|p2a: Leavanny|Lunge|p1a: Crabominable\n|-resisted|p1a: Crabominable\n|-damage|p1a: Crabominable|243/321\n|-unboost|p1a: Crabominable|atk|1\n|move|p1a: Crabominable|Knock Off|p2a: Leavanny\n|-supereffective|p2a: Leavanny\n|-damage|p2a: Leavanny|0 fnt\n|-enditem|p2a: Leavanny|Heavy-Duty Boots|[from] move: Knock Off|[of] p1a: Crabominable\n|faint|p2a: Leavanny\n|\n|upkeep\n|inactive|i'm_new_so_be_cool has 15 seconds left this turn.\n|inactive|i'm_new_so_be_cool has 10 seconds left.\n|\n|t:|1781392135\n|switch|p2a: Medicham|Medicham, L86, M|243/243\n|turn|16\n|inactive|i'm_new_so_be_cool has 20 seconds left this turn.\n|\n|t:|1781392145\n|move|p2a: Medicham|Close Combat|p1a: Crabominable\n|-supereffective|p1a: Crabominable\n|-damage|p1a: Crabominable|0 fnt\n|-unboost|p2a: Medicham|def|1\n|-unboost|p2a: Medicham|spd|1\n|faint|p1a: Crabominable\n|\n|upkeep\n|\n|t:|1781392148\n|switch|p1a: Passimian|Passimian, L83, M|302/302\n|-activate|p1a: Passimian|move: Sticky Web\n|-unboost|p1a: Passimian|spe|1\n|-ability|p1a: Passimian|Defiant|boost\n|-boost|p1a: Passimian|atk|2\n|turn|17\n|inactive|i'm_new_so_be_cool has 30 seconds left.\n|inactive|i'm_new_so_be_cool has 20 seconds left.\n|inactive|i'm_new_so_be_cool has 15 seconds left.\n|\n|t:|1781392173\n|move|p2a: Medicham|Close Combat|p1a: Passimian\n|-damage|p1a: Passimian|23/302\n|-unboost|p2a: Medicham|def|1\n|-unboost|p2a: Medicham|spd|1\n|move|p1a: Passimian|Bulk Up|p1a: Passimian\n|-boost|p1a: Passimian|atk|1\n|-boost|p1a: Passimian|def|1\n|\n|-heal|p1a: Passimian|41/302|[from] item: Leftovers\n|upkeep\n|turn|18\n|inactive|i'm_new_so_be_cool has 25 seconds left this turn.\n|inactive|i'm_new_so_be_cool has 20 seconds left.\n|-message|Miercalito forfeited.\n|\n|win|i'm_new_so_be_cool\n", "inputlog": ">version a8376a258c1d4662feba110a92103f3664a72141\n>start {\"formatid\":\"gen9randombattle\",\"seed\":\"sodium,0546bfe3133fee7284eca4dae764a61f\",\"rated\":\"Rated battle\"}\n>player p1 {\"name\":\"Miercalito\",\"avatar\":\"266\",\"rating\":2230,\"seed\":\"sodium,29d10becbf5c8ab7a51b4cf1f4302c92\"}\n>player p2 {\"name\":\"i'm_new_so_be_cool\",\"avatar\":\"unknown\",\"rating\":2194,\"seed\":\"sodium,ee87c44153ffe3bb99ea124f73767799\"}\n>p1 move freezedry\n>p2 move psychicfangs\n>p1 move freezedry\n>p2 switch 2\n>p1 switch 6\n>p2 move flashcannon\n>p1 move calmmind\n>p2 move dracometeor\n>p1 move shadowball\n>p2 switch 5\n>p1 move psychic\n>p2 move wavecrash\n>p1 switch 6\n>p1 move freezedry\n>p2 move rest\n>p2 switch 5\n>p1 switch 2\n>p2 move flashcannon\n>p1 move dazzlinggleam\n>p2 switch 2\n>p2 switch 3\n>p1 move calmmind\n>p2 move stickyweb\n>p1 move recover\n>p2 move knockoff\n>p1 move psychicnoise\n>p2 move lunge\n>p1 move recover\n>p2 move lunge\n>p1 switch 2\n>p1 move icebeam\n>p2 move knockoff terastallize\n>p1 switch 4\n>p1 move knockoff\n>p2 move lunge\n>p2 switch 6\n>p1 move icehammer\n>p2 move closecombat\n>p1 switch 5\n>p1 move bulkup\n>p2 move closecombat\n>forcelose p1", "uploadtime": 1781391729, "views": 5, "formatid": "gen9randombattle", "rating": null, "private": 0, "password": null}