{"id": "gen9randombattle-2631755046", "format": "[Gen 9] Random Battle", "players": ["joebidenfan1245", "Rheny"], "log": "|j|\u2606joebidenfan1245\n|j|\u2606Rheny\n|t:|1781434402\n|gametype|singles\n|player|p1|joebidenfan1245|265|1961\n|player|p2|Rheny|miku-ghost|1961\n|gen|9\n|tier|[Gen 9] Random Battle\n|rated|\n|rule|Species Clause: Limit one of each Pok\u00e9mon\n|rule|HP Percentage Mod: HP is shown in percentages\n|rule|Sleep Clause Mod: Limit one foe put to sleep\n|rule|Illusion Level Mod: Illusion disguises the Pok\u00e9mon's true level\n|\n|t:|1781434402\n|teamsize|p1|6\n|teamsize|p2|6\n|start\n|switch|p1a: Milotic|Milotic, L83, M|293/293\n|switch|p2a: Meowscarada|Meowscarada, L78, F|247/247\n|turn|1\n|\n|t:|1781434417\n|switch|p1a: Granbull|Granbull, L88, F|302/302\n|-ability|p1a: Granbull|Intimidate|boost\n|-unboost|p2a: Meowscarada|atk|1\n|move|p2a: Meowscarada|U-turn|p1a: Granbull\n|-start|p2a: Meowscarada|typechange|Bug|[from] ability: Protean\n|-resisted|p1a: Granbull\n|-damage|p1a: Granbull|263/302\n|\n|t:|1781434430\n|switch|p2a: Tentacruel|Tentacruel, L84, F|272/272|[from] U-turn\n|\n|-heal|p1a: Granbull|281/302|[from] item: Leftovers\n|upkeep\n|turn|2\n|\n|t:|1781434448\n|move|p2a: Tentacruel|Sludge Bomb|p1a: Granbull\n|-supereffective|p1a: Granbull\n|-damage|p1a: Granbull|63/302\n|-status|p1a: Granbull|psn\n|move|p1a: Granbull|Thunder Wave|p2a: Tentacruel\n|-status|p2a: Tentacruel|par\n|\n|-heal|p1a: Granbull|81/302 psn|[from] item: Leftovers\n|-damage|p1a: Granbull|44/302 psn|[from] psn\n|upkeep\n|turn|3\n|\n|t:|1781434454\n|move|p1a: Granbull|Earthquake|p2a: Tentacruel\n|-supereffective|p2a: Tentacruel\n|-damage|p2a: Tentacruel|30/272 par\n|move|p2a: Tentacruel|Rapid Spin|p1a: Granbull\n|-damage|p1a: Granbull|13/302 psn\n|-boost|p2a: Tentacruel|spe|1\n|\n|-heal|p2a: Tentacruel|47/272 par|[from] item: Leftovers\n|-heal|p1a: Granbull|31/302 psn|[from] item: Leftovers\n|-damage|p1a: Granbull|0 fnt|[from] psn\n|faint|p1a: Granbull\n|upkeep\n|\n|t:|1781434469\n|switch|p1a: Dragapult|Dragapult, L77, F|262/262\n|turn|4\n|\n|t:|1781434483\n|switch|p2a: Florges|Florges-Yellow, L85, F|271/271\n|move|p1a: Dragapult|Dragon Dance|p1a: Dragapult\n|-boost|p1a: Dragapult|atk|1\n|-boost|p1a: Dragapult|spe|1\n|\n|upkeep\n|turn|5\n|\n|t:|1781434496\n|-terastallize|p1a: Dragapult|Ghost\n|move|p1a: Dragapult|Tera Blast|p2a: Florges|[anim] Tera Blast Ghost\n|-damage|p2a: Florges|24/271\n|-damage|p1a: Dragapult|236/262|[from] item: Life Orb\n|move|p2a: Florges|Moonblast|p1a: Dragapult\n|-damage|p1a: Dragapult|92/262\n|\n|-heal|p2a: Florges|40/271|[from] item: Leftovers\n|upkeep\n|turn|6\n|inactive|Battle timer is ON: inactive players will automatically lose when time's up. (requested by joebidenfan1245)\n|\n|t:|1781434516\n|move|p1a: Dragapult|Tera Blast|p2a: Florges|[anim] Tera Blast Ghost\n|-damage|p2a: Florges|0 fnt\n|faint|p2a: Florges\n|-damage|p1a: Dragapult|66/262|[from] item: Life Orb\n|\n|upkeep\n|\n|t:|1781434525\n|switch|p2a: Rotom|Rotom-Wash, L82|216/216\n|turn|7\n|\n|t:|1781434536\n|move|p1a: Dragapult|Dragon Darts|p2a: Rotom\n|-damage|p2a: Rotom|129/216\n|-anim|p1a: Dragapult|Dragon Darts|p2a: Rotom\n|-damage|p2a: Rotom|35/216\n|-damage|p1a: Dragapult|40/262|[from] item: Life Orb\n|move|p2a: Rotom|Hydro Pump|p1a: Dragapult\n|-damage|p1a: Dragapult|0 fnt\n|faint|p1a: Dragapult\n|\n|upkeep\n|\n|t:|1781434552\n|switch|p1a: Cramorant|Cramorant, L86, M|261/261\n|turn|8\n|\n|t:|1781434557\n|switch|p2a: Tentacruel|Tentacruel, L84, F|47/272 par\n|move|p1a: Cramorant|Brave Bird|p2a: Tentacruel\n|-damage|p2a: Tentacruel|0 fnt\n|faint|p2a: Tentacruel\n|-damage|p1a: Cramorant|245/261|[from] Recoil\n|\n|upkeep\n|\n|t:|1781434560\n|switch|p2a: Rotom|Rotom-Wash, L82|35/216\n|turn|9\n|\n|t:|1781434566\n|switch|p1a: Rhydon|Rhydon, L85, M|317/317\n|move|p2a: Rotom|Volt Switch|p1a: Rhydon\n|-ability|p1a: Rhydon|Lightning Rod|boost\n|-boost|p1a: Rhydon|spa|1\n|\n|upkeep\n|turn|10\n|\n|t:|1781434576\n|switch|p2a: Beartic|Beartic, L91, M|321/321\n|move|p1a: Rhydon|Megahorn|p2a: Beartic\n|-damage|p2a: Beartic|218/321\n|\n|upkeep\n|turn|11\n|\n|t:|1781434587\n|move|p2a: Beartic|Close Combat|p1a: Rhydon\n|-supereffective|p1a: Rhydon\n|-damage|p1a: Rhydon|179/317\n|-unboost|p2a: Beartic|def|1\n|-unboost|p2a: Beartic|spd|1\n|move|p1a: Rhydon|Stone Edge|p2a: Beartic\n|-supereffective|p2a: Beartic\n|-crit|p2a: Beartic\n|-damage|p2a: Beartic|0 fnt\n|faint|p2a: Beartic\n|\n|upkeep\n|\n|t:|1781434590\n|switch|p2a: Meowscarada|Meowscarada, L78, F|247/247\n|turn|12\n|\n|t:|1781434596\n|switch|p1a: Passimian|Passimian, L83, F|302/302\n|move|p2a: Meowscarada|Flower Trick|p1a: Passimian\n|-start|p2a: Meowscarada|typechange|Grass|[from] ability: Protean\n|-crit|p1a: Passimian\n|-damage|p1a: Passimian|142/302\n|\n|-heal|p1a: Passimian|160/302|[from] item: Leftovers\n|upkeep\n|turn|13\n|\n|t:|1781434603\n|switch|p2a: Gouging Fire|Gouging Fire, L74|277/277\n|move|p1a: Passimian|Drain Punch|p2a: Gouging Fire\n|-damage|p2a: Gouging Fire|196/277\n|-heal|p1a: Passimian|201/302|[from] drain|[of] p2a: Gouging Fire\n|\n|-heal|p1a: Passimian|219/302|[from] item: Leftovers\n|upkeep\n|turn|14\n|\n|t:|1781434611\n|move|p1a: Passimian|Bulk Up|p1a: Passimian\n|-boost|p1a: Passimian|atk|1\n|-boost|p1a: Passimian|def|1\n|move|p2a: Gouging Fire|Dragon Dance|p2a: Gouging Fire\n|-boost|p2a: Gouging Fire|atk|1\n|-boost|p2a: Gouging Fire|spe|1\n|\n|-heal|p1a: Passimian|237/302|[from] item: Leftovers\n|upkeep\n|turn|15\n|\n|t:|1781434616\n|move|p2a: Gouging Fire|Outrage|p1a: Passimian\n|-damage|p1a: Passimian|132/302\n|move|p1a: Passimian|Drain Punch|p2a: Gouging Fire\n|-damage|p2a: Gouging Fire|81/277\n|-heal|p1a: Passimian|190/302|[from] drain|[of] p2a: Gouging Fire\n|\n|-heal|p1a: Passimian|208/302|[from] item: Leftovers\n|upkeep\n|turn|16\n|\n|t:|1781434620\n|move|p2a: Gouging Fire|Outrage|p1a: Passimian|[from] lockedmove\n|-damage|p1a: Passimian|93/302\n|-start|p2a: Gouging Fire|confusion|[fatigue]\n|move|p1a: Passimian|Drain Punch|p2a: Gouging Fire\n|-damage|p2a: Gouging Fire|0 fnt\n|-heal|p1a: Passimian|134/302|[from] drain|[of] p2a: Gouging Fire\n|faint|p2a: Gouging Fire\n|-end|p2a: Gouging Fire|Protosynthesis|[silent]\n|\n|-heal|p1a: Passimian|152/302|[from] item: Leftovers\n|upkeep\n|\n|t:|1781434626\n|switch|p2a: Rotom|Rotom-Wash, L82|35/216\n|turn|17\n|inactive|joebidenfan1245 has 120 seconds left.\n|\n|t:|1781434667\n|switch|p1a: Milotic|Milotic, L83, M|293/293\n|move|p2a: Rotom|Hydro Pump|p1a: Milotic\n|-resisted|p1a: Milotic\n|-damage|p1a: Milotic|251/293\n|\n|-heal|p1a: Milotic|269/293|[from] item: Leftovers\n|upkeep\n|turn|18\n|\n|t:|1781434679\n|switch|p2a: Meowscarada|Meowscarada, L78, F|247/247\n|move|p1a: Milotic|Ice Beam|p2a: Meowscarada\n|-supereffective|p2a: Meowscarada\n|-damage|p2a: Meowscarada|89/247\n|\n|-heal|p1a: Milotic|287/293|[from] item: Leftovers\n|upkeep\n|turn|19\n|\n|t:|1781434695\n|move|p2a: Meowscarada|Flower Trick|p1a: Milotic\n|-start|p2a: Meowscarada|typechange|Grass|[from] ability: Protean\n|-supereffective|p1a: Milotic\n|-crit|p1a: Milotic\n|-damage|p1a: Milotic|0 fnt\n|faint|p1a: Milotic\n|\n|upkeep\n|\n|t:|1781434711\n|switch|p1a: Cramorant|Cramorant, L86, M|245/261\n|turn|20\n|\n|t:|1781434716\n|move|p2a: Meowscarada|Flower Trick|p1a: Cramorant\n|-crit|p1a: Cramorant\n|-damage|p1a: Cramorant|38/261\n|move|p1a: Cramorant|Brave Bird|p2a: Meowscarada\n|-supereffective|p2a: Meowscarada\n|-damage|p2a: Meowscarada|0 fnt\n|faint|p2a: Meowscarada\n|-damage|p1a: Cramorant|9/261|[from] Recoil\n|\n|upkeep\n|\n|t:|1781434721\n|switch|p2a: Rotom|Rotom-Wash, L82|35/216\n|turn|21\n|\n|t:|1781434727\n|move|p2a: Rotom|Hydro Pump|p1a: Cramorant\n|-resisted|p1a: Cramorant\n|-crit|p1a: Cramorant\n|-damage|p1a: Cramorant|0 fnt\n|faint|p1a: Cramorant\n|\n|upkeep\n|\n|t:|1781434729\n|switch|p1a: Passimian|Passimian, L83, F|152/302\n|turn|22\n|\n|t:|1781434733\n|move|p2a: Rotom|Hydro Pump|p1a: Passimian|[miss]\n|-miss|p2a: Rotom|p1a: Passimian\n|move|p1a: Passimian|Drain Punch|p2a: Rotom\n|-damage|p2a: Rotom|0 fnt\n|-heal|p1a: Passimian|170/302|[from] drain|[of] p2a: Rotom\n|faint|p2a: Rotom\n|\n|win|joebidenfan1245\n", "inputlog": ">version a8376a258c1d4662feba110a92103f3664a72141\n>start {\"formatid\":\"gen9randombattle\",\"seed\":\"sodium,9a385b035204a8b8ebf0da67fa1cf69f\",\"rated\":\"Rated battle\"}\n>player p1 {\"name\":\"joebidenfan1245\",\"avatar\":\"265\",\"rating\":1961,\"seed\":\"sodium,f4f18e56fd8bb5018ebfa3f9b60de282\"}\n>player p2 {\"name\":\"Rheny\",\"avatar\":\"miku-ghost\",\"rating\":1961,\"seed\":\"sodium,a38f1360e9183d5b2eef18f6ad9037e0\"}\n>p1 switch 3\n>p2 move uturn\n>p2 switch 3\n>p1 move thunderwave\n>p2 move sludgebomb\n>p1 move earthquake\n>p2 move rapidspin\n>p1 switch 2\n>p1 move dragondance\n>p2 switch 5\n>p1 move terablast terastallize\n>p2 move moonblast\n>p1 move terablast\n>p2 move moonblast\n>p2 switch 6\n>p1 move dragondarts\n>p2 move hydropump\n>p1 switch 6\n>p1 move bravebird\n>p2 switch 5\n>p2 switch 5\n>p1 switch 4\n>p2 move voltswitch\n>p1 move megahorn\n>p2 switch 2\n>p1 move stoneedge\n>p2 move closecombat\n>p2 switch 3\n>p1 switch 5\n>p2 move flowertrick\n>p1 move drainpunch\n>p2 switch 4\n>p1 move bulkup\n>p2 move dragondance\n>p1 move drainpunch\n>p2 move outrage\n>p1 move drainpunch\n>p2 move outrage\n>p2 switch 2\n>p1 switch 3\n>p2 move hydropump\n>p1 move icebeam\n>p2 switch 4\n>p1 move icebeam\n>p2 move flowertrick\n>p1 switch 4\n>p1 move bravebird\n>p2 move flowertrick\n>p2 switch 4\n>p1 move bravebird\n>p2 move hydropump\n>p1 switch 3\n>p1 move drainpunch\n>p2 move hydropump", "uploadtime": 1781434404, "views": 5, "formatid": "gen9randombattle", "rating": null, "private": 0, "password": null}