{"id": "gen9randombattle-2631531516", "format": "[Gen 9] Random Battle", "players": ["Christmasrieth12", "Tutudile"], "log": "|j|\u2606Christmasrieth12\n|j|\u2606Tutudile\n|t:|1781397407\n|gametype|singles\n|player|p1|Christmasrieth12|2|2195\n|player|p2|Tutudile|red|2163\n|gen|9\n|tier|[Gen 9] Random Battle\n|rated|\n|rule|Species Clause: Limit one of each Pok\u00e9mon\n|rule|HP Percentage Mod: HP is shown in percentages\n|rule|Sleep Clause Mod: Limit one foe put to sleep\n|rule|Illusion Level Mod: Illusion disguises the Pok\u00e9mon's true level\n|\n|t:|1781397407\n|teamsize|p1|6\n|teamsize|p2|6\n|start\n|switch|p1a: Leavanny|Leavanny, L86, F|269/269\n|switch|p2a: Porygon2|Porygon2, L81|270/270\n|-ability|p2a: Porygon2|Download|boost\n|-boost|p2a: Porygon2|spa|1\n|turn|1\n|\n|t:|1781397428\n|move|p1a: Leavanny|Sticky Web|p2a: Porygon2\n|-sidestart|p2: Tutudile|move: Sticky Web\n|move|p2a: Porygon2|Ice Beam|p1a: Leavanny\n|-supereffective|p1a: Leavanny\n|-crit|p1a: Leavanny\n|-enditem|p1a: Leavanny|Focus Sash\n|-damage|p1a: Leavanny|1/269\n|\n|upkeep\n|turn|2\n|\n|t:|1781397438\n|move|p1a: Leavanny|Knock Off|p2a: Porygon2\n|-damage|p2a: Porygon2|220/270\n|-enditem|p2a: Porygon2|Eviolite|[from] move: Knock Off|[of] p1a: Leavanny\n|move|p2a: Porygon2|Ice Beam|p1a: Leavanny\n|-supereffective|p1a: Leavanny\n|-damage|p1a: Leavanny|0 fnt\n|faint|p1a: Leavanny\n|\n|upkeep\n|inactive|Battle timer is ON: inactive players will automatically lose when time's up. (requested by Tutudile)\n|inactive|Christmasrieth12 has 120 seconds left.\n|\n|t:|1781397472\n|switch|p1a: Entei|Entei, L78|307/307\n|turn|3\n|\n|t:|1781397480\n|move|p1a: Entei|Flare Blitz|p2a: Porygon2\n|-damage|p2a: Porygon2|30/270\n|-damage|p1a: Entei|244/307|[from] Recoil\n|move|p2a: Porygon2|Tri Attack|p1a: Entei\n|-damage|p1a: Entei|81/307\n|\n|upkeep\n|turn|4\n|\n|t:|1781397489\n|move|p1a: Entei|Flare Blitz|p2a: Porygon2\n|-damage|p2a: Porygon2|0 fnt\n|faint|p2a: Porygon2\n|-damage|p1a: Entei|71/307|[from] Recoil\n|\n|upkeep\n|\n|t:|1781397505\n|switch|p2a: Kyogre|Kyogre, L71|259/259\n|-activate|p2a: Kyogre|move: Sticky Web\n|-unboost|p2a: Kyogre|spe|1\n|-weather|RainDance|[from] ability: Drizzle|[of] p2a: Kyogre\n|turn|5\n|\n|t:|1781397512\n|move|p1a: Entei|Flare Blitz|p2a: Kyogre\n|-resisted|p2a: Kyogre\n|-damage|p2a: Kyogre|209/259\n|-damage|p1a: Entei|54/307|[from] Recoil\n|move|p2a: Kyogre|Thunder|p1a: Entei\n|-damage|p1a: Entei|0 fnt\n|faint|p1a: Entei\n|\n|-weather|RainDance|[upkeep]\n|-heal|p2a: Kyogre|225/259|[from] item: Leftovers\n|upkeep\n|\n|t:|1781397517\n|switch|p1a: Sawsbuck|Sawsbuck-Winter, L88, M|284/284\n|turn|6\n|\n|t:|1781397530\n|switch|p2a: Farigiraf|Farigiraf, L90, F|362/362\n|-activate|p2a: Farigiraf|move: Sticky Web\n|-unboost|p2a: Farigiraf|spe|1\n|move|p1a: Sawsbuck|Horn Leech|p2a: Farigiraf\n|-ability|p2a: Farigiraf|Sap Sipper|boost\n|-boost|p2a: Farigiraf|atk|1\n|\n|-weather|RainDance|[upkeep]\n|upkeep\n|turn|7\n|\n|t:|1781397541\n|move|p1a: Sawsbuck|Swords Dance|p1a: Sawsbuck\n|-boost|p1a: Sawsbuck|atk|2\n|move|p2a: Farigiraf|Body Slam|p1a: Sawsbuck\n|-damage|p1a: Sawsbuck|113/284\n|\n|-weather|RainDance|[upkeep]\n|upkeep\n|turn|8\n|\n|t:|1781397549\n|move|p1a: Sawsbuck|Double-Edge|p2a: Farigiraf\n|-damage|p2a: Farigiraf|0 fnt\n|faint|p2a: Farigiraf\n|-damage|p1a: Sawsbuck|0 fnt|[from] Recoil\n|faint|p1a: Sawsbuck\n|\n|-weather|RainDance|[upkeep]\n|upkeep\n|\n|t:|1781397560\n|switch|p1a: Manaphy|Manaphy, L78|284/284\n|switch|p2a: Electrode|Electrode, L92|260/260\n|-activate|p2a: Electrode|move: Sticky Web\n|-unboost|p2a: Electrode|spe|1\n|turn|9\n|\n|t:|1781397569\n|switch|p1a: Dunsparce|Dunsparce, L86, F|312/312\n|move|p2a: Electrode|Volt Switch|p1a: Dunsparce\n|-damage|p1a: Dunsparce|226/312\n|-damage|p2a: Electrode|234/260|[from] item: Life Orb\n|\n|t:|1781397585\n|switch|p2a: Pikachu|Pikachu-Alola, L93, F|216/216|[from] Volt Switch\n|-activate|p2a: Pikachu|move: Sticky Web\n|-unboost|p2a: Pikachu|spe|1\n|\n|-weather|none\n|upkeep\n|turn|10\n|\n|t:|1781397598\n|move|p2a: Pikachu|Volt Tackle|p1a: Dunsparce\n|-damage|p1a: Dunsparce|61/312\n|-damage|p2a: Pikachu|162/216|[from] Recoil\n|move|p1a: Dunsparce|Coil|p1a: Dunsparce\n|-boost|p1a: Dunsparce|atk|1\n|-boost|p1a: Dunsparce|def|1\n|-boost|p1a: Dunsparce|accuracy|1\n|\n|upkeep\n|turn|11\n|\n|t:|1781397608\n|move|p2a: Pikachu|Volt Switch|p1a: Dunsparce\n|-damage|p1a: Dunsparce|0 fnt\n|faint|p1a: Dunsparce\n|\n|t:|1781397612\n|switch|p2a: Electrode|Electrode, L92|234/260|[from] Volt Switch\n|-activate|p2a: Electrode|move: Sticky Web\n|-unboost|p2a: Electrode|spe|1\n|\n|upkeep\n|\n|t:|1781397624\n|switch|p1a: Manaphy|Manaphy, L78|284/284\n|turn|12\n|\n|t:|1781397627\n|-terastallize|p1a: Manaphy|Grass\n|move|p2a: Electrode|Taunt|p1a: Manaphy\n|-start|p1a: Manaphy|move: Taunt\n|cant|p1a: Manaphy|move: Taunt|Tail Glow\n|\n|upkeep\n|turn|13\n|\n|t:|1781397635\n|-terastallize|p2a: Electrode|Ice\n|move|p2a: Electrode|Tera Blast|p1a: Manaphy|[anim] Tera Blast Ice\n|-supereffective|p1a: Manaphy\n|-damage|p1a: Manaphy|50/284\n|-damage|p2a: Electrode|208/260|[from] item: Life Orb\n|move|p1a: Manaphy|Energy Ball|p2a: Electrode\n|-damage|p2a: Electrode|123/260\n|\n|-heal|p1a: Manaphy|67/284|[from] item: Leftovers\n|upkeep\n|turn|14\n|-message|Christmasrieth12 forfeited.\n|\n|win|Tutudile\n|raw|Christmasrieth12's rating: 2195 &rarr; <strong>2173</strong><br />(-22 for losing)\n|raw|Tutudile's rating: 2163 &rarr; <strong>2185</strong><br />(+22 for winning)\n", "inputlog": ">version a8376a258c1d4662feba110a92103f3664a72141\n>start {\"formatid\":\"gen9randombattle\",\"seed\":\"sodium,7dd8b3ced69bd8be344ef750d268715b\",\"rated\":\"Rated battle\"}\n>player p1 {\"name\":\"Christmasrieth12\",\"avatar\":\"2\",\"rating\":2195,\"seed\":\"sodium,88ed68d5c4627e99ae6d0aa285bdab5a\"}\n>player p2 {\"name\":\"Tutudile\",\"avatar\":\"red\",\"rating\":2163,\"seed\":\"sodium,cc46a2d5e05cc333bd9034b1fed6c605\"}\n>p1 move stickyweb\n>p2 move icebeam\n>p1 move knockoff\n>p2 move icebeam\n>p1 switch 6\n>p1 move flareblitz\n>p2 move triattack\n>p1 move flareblitz\n>p2 move triattack\n>p2 switch 6\n>p1 move flareblitz\n>p2 move thunder\n>p1 switch 4\n>p1 move hornleech\n>p2 switch 5\n>p1 move swordsdance\n>p2 move bodyslam\n>p1 move doubleedge\n>p2 move psychicnoise\n>p1 switch 5\n>p2 switch 2\n>p1 switch 3\n>p2 move voltswitch\n>p2 switch 3\n>p1 move coil\n>p2 move volttackle\n>p1 move roost\n>p2 move voltswitch\n>p2 switch 3\n>p1 switch 3\n>p1 move tailglow terastallize\n>p2 move taunt\n>p1 move energyball\n>p2 move terablast terastallize\n>forcelose p1", "uploadtime": 1781397409, "views": 9, "formatid": "gen9randombattle", "rating": 2173, "private": 0, "password": null}