{"id": "gen9randombattle-2631504389", "format": "[Gen 9] Random Battle", "players": ["whatisnexthuh", "i'm_new_so_be_cool"], "log": "|badge|p2|bronze|gen9ubers|100-9\n|uhtml|medal-msg|<div class=\"broadcast-blue\">Curious what those medals under the avatar are? PS now has Ladder Seasons! For more information, check out the <a href=\"https://www.smogon.com/forums/threads/3740067/\">thread on Smogon.</a></div>\n|j|\u2606whatisnexthuh\n|j|\u2606i'm_new_so_be_cool\n|t:|1781393574\n|gametype|singles\n|player|p1|whatisnexthuh|aromalady|2171\n|player|p2|i'm_new_so_be_cool|unknown|2219\n|gen|9\n|tier|[Gen 9] Random Battle\n|rated|\n|rule|Species Clause: Limit one of each Pok\u00e9mon\n|rule|HP Percentage Mod: HP is shown in percentages\n|rule|Sleep Clause Mod: Limit one foe put to sleep\n|rule|Illusion Level Mod: Illusion disguises the Pok\u00e9mon's true level\n|\n|t:|1781393574\n|teamsize|p1|6\n|teamsize|p2|6\n|start\n|switch|p1a: Probopass|Probopass, L91, M|257/257\n|switch|p2a: Kyogre|Kyogre, L71|259/259\n|-weather|RainDance|[from] ability: Drizzle|[of] p2a: Kyogre\n|turn|1\n|\n|t:|1781393609\n|switch|p1a: Amoonguss|Amoonguss, L82, M|321/321\n|move|p2a: Kyogre|Origin Pulse|p1a: Amoonguss|[miss]\n|-miss|p2a: Kyogre|p1a: Amoonguss\n|\n|-weather|RainDance|[upkeep]\n|upkeep\n|turn|2\n|\n|t:|1781393665\n|switch|p2a: Eternatus|Eternatus, L69|308/308\n|-ability|p2a: Eternatus|Pressure\n|move|p1a: Amoonguss|Sludge Bomb|p2a: Eternatus\n|-resisted|p2a: Eternatus\n|-damage|p2a: Eternatus|263/308\n|\n|-weather|RainDance|[upkeep]\n|upkeep\n|turn|3\n|\n|t:|1781393683\n|move|p2a: Eternatus|Dynamax Cannon|p1a: Amoonguss\n|-damage|p1a: Amoonguss|212/321\n|move|p1a: Amoonguss|Spore|p2a: Eternatus\n|-status|p2a: Eternatus|slp|[from] move: Spore\n|\n|-weather|RainDance|[upkeep]\n|upkeep\n|turn|4\n|\n|t:|1781393694\n|switch|p1a: Farigiraf|Farigiraf, L90, F|362/362\n|cant|p2a: Eternatus|slp\n|\n|-weather|RainDance|[upkeep]\n|upkeep\n|turn|5\n|\n|t:|1781393704\n|switch|p2a: Duraludon|Duraludon, L82, M|249/249\n|move|p1a: Farigiraf|Psychic Noise|p2a: Duraludon\n|-resisted|p2a: Duraludon\n|-damage|p2a: Duraludon|199/249\n|-start|p2a: Duraludon|move: Heal Block\n|\n|-weather|none\n|upkeep\n|turn|6\n|\n|t:|1781393757\n|switch|p1a: Probopass|Probopass, L91, M|257/257\n|move|p2a: Duraludon|Thunder Wave|p1a: Probopass\n|-status|p1a: Probopass|par\n|\n|-end|p2a: Duraludon|move: Heal Block\n|upkeep\n|turn|7\n|\n|t:|1781393772\n|switch|p1a: Amoonguss|Amoonguss, L82, M|319/321\n|move|p2a: Duraludon|Body Press|p1a: Amoonguss\n|-resisted|p1a: Amoonguss\n|-damage|p1a: Amoonguss|283/321\n|-damage|p2a: Duraludon|158/249|[from] item: Rocky Helmet|[of] p1a: Amoonguss\n|\n|upkeep\n|turn|8\n|\n|t:|1781393791\n|switch|p1a: Zebstrika|Zebstrika, L87, M|272/272\n|move|p2a: Duraludon|Thunder Wave|p1a: Zebstrika\n|-immune|p1a: Zebstrika\n|\n|upkeep\n|turn|9\n|\n|t:|1781393863\n|move|p1a: Zebstrika|Volt Switch|p2a: Duraludon\n|-resisted|p2a: Duraludon\n|-damage|p2a: Duraludon|114/249\n|-damage|p1a: Zebstrika|245/272|[from] item: Life Orb\n|\n|t:|1781393899\n|switch|p1a: Amoonguss|Amoonguss, L82, M|321/321|[from] Volt Switch\n|move|p2a: Duraludon|Draco Meteor|p1a: Amoonguss\n|-damage|p1a: Amoonguss|141/321\n|-unboost|p2a: Duraludon|spa|2\n|\n|upkeep\n|turn|10\n|\n|t:|1781393920\n|switch|p2a: Staraptor|Staraptor, L79, M|263/263\n|switch|p1a: Zebstrika|Zebstrika, L87, M|245/272\n|\n|upkeep\n|turn|11\n|\n|t:|1781394030\n|move|p2a: Staraptor|U-turn|p1a: Zebstrika\n|-damage|p1a: Zebstrika|182/272\n|inactive|Battle timer is ON: inactive players will automatically lose when time's up. (requested by whatisnexthuh)\n|\n|t:|1781394055\n|switch|p2a: Duraludon|Duraludon, L82, M|114/249|[from] U-turn\n|move|p1a: Zebstrika|Volt Switch|p2a: Duraludon\n|-resisted|p2a: Duraludon\n|-crit|p2a: Duraludon\n|-damage|p2a: Duraludon|50/249\n|-damage|p1a: Zebstrika|155/272|[from] item: Life Orb\n|\n|t:|1781394073\n|switch|p1a: Sneasler|Sneasler, L74, M|240/240|[from] Volt Switch\n|\n|upkeep\n|turn|12\n|\n|t:|1781394093\n|move|p1a: Sneasler|Close Combat|p2a: Duraludon\n|-supereffective|p2a: Duraludon\n|-damage|p2a: Duraludon|0 fnt\n|-unboost|p1a: Sneasler|def|1\n|-unboost|p1a: Sneasler|spd|1\n|faint|p2a: Duraludon\n|\n|upkeep\n|inactive|i'm_new_so_be_cool has 120 seconds left.\n|\n|t:|1781394129\n|switch|p2a: Iron Crown|Iron Crown, L78|268/268\n|turn|13\n|inactive|i'm_new_so_be_cool has 90 seconds left.\n|inactive|whatisnexthuh has 120 seconds left.\n|inactive|whatisnexthuh has 90 seconds left.\n|\n|t:|1781394202\n|switch|p1a: Probopass|Probopass, L91, M|257/257 par\n|move|p2a: Iron Crown|Tachyon Cutter|p1a: Probopass\n|-damage|p1a: Probopass|206/257 par\n|-damage|p1a: Probopass|151/257 par\n|-hitcount|p1a: Probopass|2\n|\n|-heal|p1a: Probopass|167/257 par|[from] item: Leftovers\n|upkeep\n|turn|14\n|\n|t:|1781394211\n|move|p2a: Iron Crown|Tachyon Cutter|p1a: Probopass\n|-damage|p1a: Probopass|118/257 par\n|-damage|p1a: Probopass|67/257 par\n|-hitcount|p1a: Probopass|2\n|move|p1a: Probopass|Body Press|p2a: Iron Crown\n|-damage|p2a: Iron Crown|176/268\n|\n|-heal|p1a: Probopass|83/257 par|[from] item: Leftovers\n|upkeep\n|turn|15\n|inactive|whatisnexthuh has 90 seconds left.\n|inactive|whatisnexthuh has 60 seconds left.\n|inactive|whatisnexthuh has 30 seconds left.\n|\n|t:|1781394280\n|move|p2a: Iron Crown|Tachyon Cutter|p1a: Probopass\n|-damage|p1a: Probopass|34/257 par\n|-damage|p1a: Probopass|0 fnt\n|faint|p1a: Probopass\n|-hitcount|p1: Probopass|2\n|\n|upkeep\n|inactive|whatisnexthuh has 30 seconds left.\n|inactive|whatisnexthuh has 20 seconds left.\n|inactive|whatisnexthuh has 15 seconds left.\n|\n|t:|1781394304\n|switch|p1a: Sneasler|Sneasler, L74, M|240/240\n|turn|16\n|inactive|whatisnexthuh has 25 seconds left this turn.\n|inactive|i'm_new_so_be_cool has 90 seconds left.\n|inactive|i'm_new_so_be_cool has 60 seconds left.\n|\n|t:|1781394345\n|-end|p2a: Iron Crown|Quark Drive|[silent]\n|switch|p2a: Staraptor|Staraptor, L79, M|263/263\n|move|p1a: Sneasler|Close Combat|p2a: Staraptor\n|-damage|p2a: Staraptor|20/263\n|-unboost|p1a: Sneasler|def|1\n|-unboost|p1a: Sneasler|spd|1\n|-status|p2a: Staraptor|psn|[from] ability: Poison Touch|[of] p1a: Sneasler\n|\n|-damage|p2a: Staraptor|0 fnt|[from] psn\n|faint|p2a: Staraptor\n|upkeep\n|inactive|i'm_new_so_be_cool has 30 seconds left.\n|\n|t:|1781394382\n|switch|p2a: Kyogre|Kyogre, L71|259/259\n|-weather|RainDance|[from] ability: Drizzle|[of] p2a: Kyogre\n|turn|17\n|inactive|i'm_new_so_be_cool has 30 seconds left.\n|inactive|whatisnexthuh has 30 seconds left.\n|inactive|whatisnexthuh has 20 seconds left.\n|inactive|whatisnexthuh has 15 seconds left.\n|\n|t:|1781394412\n|switch|p1a: Amoonguss|Amoonguss, L82, M|248/321\n|move|p2a: Kyogre|Water Spout|p1a: Amoonguss\n|-resisted|p1a: Amoonguss\n|-damage|p1a: Amoonguss|110/321\n|\n|-weather|RainDance|[upkeep]\n|upkeep\n|turn|18\n|inactive|whatisnexthuh has 25 seconds left this turn.\n|inactive|whatisnexthuh has 20 seconds left.\n|inactive|whatisnexthuh has 15 seconds left.\n|inactive|whatisnexthuh has 10 seconds left.\n|inactive|whatisnexthuh has 5 seconds left.\n|\n|t:|1781394434\n|switch|p1a: Zebstrika|Zebstrika, L87, M|155/272\n|move|p2a: Kyogre|Water Spout|p1a: Zebstrika\n|-damage|p1a: Zebstrika|0 fnt\n|faint|p1a: Zebstrika\n|\n|-weather|RainDance|[upkeep]\n|upkeep\n|inactive|whatisnexthuh has 10 seconds left this turn.\n|\n|t:|1781394436\n|switch|p1a: Farigiraf|Farigiraf, L90, F|362/362\n|turn|19\n|inactive|whatisnexthuh has 20 seconds left this turn.\n|inactive|i'm_new_so_be_cool has 30 seconds left.\n|\n|t:|1781394457\n|switch|p2a: Iron Crown|Iron Crown, L78|176/268\n|move|p1a: Farigiraf|Body Slam|p2a: Iron Crown\n|-resisted|p2a: Iron Crown\n|-damage|p2a: Iron Crown|128/268\n|\n|-weather|RainDance|[upkeep]\n|upkeep\n|turn|20\n|inactive|whatisnexthuh has 30 seconds left this turn.\n|inactive|i'm_new_so_be_cool has 30 seconds left.\n|\n|t:|1781394467\n|move|p1a: Farigiraf|Protect|p1a: Farigiraf\n|-singleturn|p1a: Farigiraf|Protect\n|move|p2a: Iron Crown|Tachyon Cutter|p1a: Farigiraf\n|-activate|p1a: Farigiraf|move: Protect\n|\n|-weather|RainDance|[upkeep]\n|upkeep\n|turn|21\n|\n|t:|1781394472\n|move|p2a: Iron Crown|Tachyon Cutter|p1a: Farigiraf\n|-damage|p1a: Farigiraf|262/362\n|-damage|p1a: Farigiraf|171/362\n|-hitcount|p1a: Farigiraf|2\n|move|p1a: Farigiraf|Wish|p1a: Farigiraf\n|\n|-weather|none\n|-heal|p1a: Farigiraf|193/362|[from] item: Leftovers\n|upkeep\n|turn|22\n|\n|t:|1781394487\n|move|p1a: Farigiraf|Protect|p1a: Farigiraf\n|-singleturn|p1a: Farigiraf|Protect\n|move|p2a: Iron Crown|Tachyon Cutter|p1a: Farigiraf\n|-activate|p1a: Farigiraf|move: Protect\n|\n|-heal|p1a: Farigiraf|362/362|[from] move: Wish|[wisher] Farigiraf\n|upkeep\n|turn|23\n|\n|t:|1781394498\n|move|p2a: Iron Crown|Tachyon Cutter|p1a: Farigiraf\n|-damage|p1a: Farigiraf|266/362\n|-damage|p1a: Farigiraf|176/362\n|-hitcount|p1a: Farigiraf|2\n|move|p1a: Farigiraf|Wish|p1a: Farigiraf\n|\n|-heal|p1a: Farigiraf|198/362|[from] item: Leftovers\n|upkeep\n|turn|24\n|inactive|i'm_new_so_be_cool has 30 seconds left.\n|inactive|i'm_new_so_be_cool has 20 seconds left.\n|inactive|i'm_new_so_be_cool has 15 seconds left.\n|\n|t:|1781394533\n|move|p1a: Farigiraf|Protect|p1a: Farigiraf\n|-singleturn|p1a: Farigiraf|Protect\n|move|p2a: Iron Crown|Tachyon Cutter|p1a: Farigiraf\n|-activate|p1a: Farigiraf|move: Protect\n|\n|-heal|p1a: Farigiraf|362/362|[from] move: Wish|[wisher] Farigiraf\n|upkeep\n|turn|25\n|inactive|i'm_new_so_be_cool has 25 seconds left this turn.\n|\n|t:|1781394537\n|-terastallize|p2a: Iron Crown|Steel\n|move|p2a: Iron Crown|Tachyon Cutter|p1a: Farigiraf\n|-damage|p1a: Farigiraf|240/362\n|-damage|p1a: Farigiraf|120/362\n|-hitcount|p1a: Farigiraf|2\n|move|p1a: Farigiraf|Wish|p1a: Farigiraf\n|\n|-heal|p1a: Farigiraf|142/362|[from] item: Leftovers\n|upkeep\n|turn|26\n|inactive|i'm_new_so_be_cool has 30 seconds left.\n|inactive|i'm_new_so_be_cool has 20 seconds left.\n|inactive|i'm_new_so_be_cool has 15 seconds left.\n|inactive|i'm_new_so_be_cool has 10 seconds left.\n|\n|t:|1781394565\n|move|p1a: Farigiraf|Protect|p1a: Farigiraf\n|-singleturn|p1a: Farigiraf|Protect\n|move|p2a: Iron Crown|Tachyon Cutter|p1a: Farigiraf\n|-activate|p1a: Farigiraf|move: Protect\n|\n|-heal|p1a: Farigiraf|323/362|[from] move: Wish|[wisher] Farigiraf\n|-heal|p1a: Farigiraf|345/362|[from] item: Leftovers\n|upkeep\n|turn|27\n|inactive|i'm_new_so_be_cool has 20 seconds left this turn.\n|\n|t:|1781394572\n|move|p2a: Iron Crown|Tachyon Cutter|p1a: Farigiraf\n|-damage|p1a: Farigiraf|229/362\n|-damage|p1a: Farigiraf|111/362\n|-hitcount|p1a: Farigiraf|2\n|move|p1a: Farigiraf|Wish|p1a: Farigiraf\n|\n|-heal|p1a: Farigiraf|133/362|[from] item: Leftovers\n|upkeep\n|turn|28\n|inactive|i'm_new_so_be_cool has 30 seconds left this turn.\n|inactive|i'm_new_so_be_cool has 20 seconds left.\n|\n|t:|1781394583\n|-end|p2a: Iron Crown|Quark Drive|[silent]\n|switch|p2a: Blastoise|Blastoise, L80, F|258/258\n|move|p1a: Farigiraf|Protect||[still]\n|-fail|p1a: Farigiraf\n|\n|-heal|p1a: Farigiraf|314/362|[from] move: Wish|[wisher] Farigiraf\n|-heal|p1a: Farigiraf|336/362|[from] item: Leftovers\n|upkeep\n|turn|29\n|inactive|i'm_new_so_be_cool has 30 seconds left this turn.\n|inactive|whatisnexthuh has 90 seconds left.\n|\n|t:|1781394589\n|move|p2a: Blastoise|Shell Smash|p2a: Blastoise\n|-unboost|p2a: Blastoise|def|1\n|-unboost|p2a: Blastoise|spd|1\n|-boost|p2a: Blastoise|atk|2\n|-boost|p2a: Blastoise|spa|2\n|-boost|p2a: Blastoise|spe|2\n|-enditem|p2a: Blastoise|White Herb\n|-clearnegativeboost|p2a: Blastoise|[silent]\n|move|p1a: Farigiraf|Body Slam|p2a: Blastoise\n|-damage|p2a: Blastoise|167/258\n|\n|-heal|p1a: Farigiraf|358/362|[from] item: Leftovers\n|upkeep\n|turn|30\n|inactive|i'm_new_so_be_cool has 30 seconds left.\n|\n|t:|1781394596\n|-terastallize|p1a: Farigiraf|Water\n|move|p2a: Blastoise|Hydro Pump|p1a: Farigiraf\n|-resisted|p1a: Farigiraf\n|-damage|p1a: Farigiraf|242/362\n|move|p1a: Farigiraf|Body Slam|p2a: Blastoise\n|-damage|p2a: Blastoise|77/258\n|\n|-heal|p1a: Farigiraf|264/362|[from] item: Leftovers\n|upkeep\n|turn|31\n|inactive|i'm_new_so_be_cool has 30 seconds left.\n|inactive|i'm_new_so_be_cool has 20 seconds left.\n|inactive|i'm_new_so_be_cool has 15 seconds left.\n|\n|t:|1781394623\n|move|p2a: Blastoise|Shell Smash|p2a: Blastoise\n|-unboost|p2a: Blastoise|def|1\n|-unboost|p2a: Blastoise|spd|1\n|-boost|p2a: Blastoise|atk|2\n|-boost|p2a: Blastoise|spa|2\n|-boost|p2a: Blastoise|spe|2\n|move|p1a: Farigiraf|Body Slam|p2a: Blastoise\n|-damage|p2a: Blastoise|0 fnt\n|faint|p2a: Blastoise\n|\n|-heal|p1a: Farigiraf|286/362|[from] item: Leftovers\n|upkeep\n|inactive|i'm_new_so_be_cool has 20 seconds left this turn.\n|\n|t:|1781394626\n|switch|p2a: Kyogre|Kyogre, L71|259/259\n|-weather|RainDance|[from] ability: Drizzle|[of] p2a: Kyogre\n|turn|32\n|inactive|i'm_new_so_be_cool has 30 seconds left this turn.\n|\n|t:|1781394636\n|move|p1a: Farigiraf|Protect|p1a: Farigiraf\n|-singleturn|p1a: Farigiraf|Protect\n|move|p2a: Kyogre|Thunder|p1a: Farigiraf\n|-activate|p1a: Farigiraf|move: Protect\n|\n|-weather|RainDance|[upkeep]\n|-heal|p1a: Farigiraf|308/362|[from] item: Leftovers\n|upkeep\n|turn|33\n|inactive|i'm_new_so_be_cool has 30 seconds left.\n|\n|t:|1781394654\n|switch|p1a: Amoonguss|Amoonguss, L82, M|217/321\n|move|p2a: Kyogre|Thunder|p1a: Amoonguss\n|-resisted|p1a: Amoonguss\n|-damage|p1a: Amoonguss|175/321\n|\n|-weather|RainDance|[upkeep]\n|upkeep\n|turn|34\n|inactive|whatisnexthuh has 120 seconds left.\n|\n|t:|1781394685\n|switch|p2a: Eternatus|Eternatus, L69|263/308 slp\n|-ability|p2a: Eternatus|Pressure\n|move|p1a: Amoonguss|Giga Drain|p2a: Eternatus\n|-resisted|p2a: Eternatus\n|-damage|p2a: Eternatus|244/308 slp\n|-heal|p1a: Amoonguss|185/321|[from] drain|[of] p2a: Eternatus\n|\n|-weather|RainDance|[upkeep]\n|upkeep\n|turn|35\n|inactive|i'm_new_so_be_cool has 30 seconds left.\n|inactive|i'm_new_so_be_cool has 20 seconds left.\n|\n|t:|1781394713\n|switch|p1a: Farigiraf|Farigiraf, L90, F, tera:Water|308/362\n|-curestatus|p2a: Eternatus|slp|[msg]\n|move|p2a: Eternatus|Meteor Beam||[still]\n|-prepare|p2a: Eternatus|Meteor Beam\n|-boost|p2a: Eternatus|spa|1\n|-enditem|p2a: Eternatus|Power Herb\n|-anim|p2a: Eternatus|Meteor Beam|p1a: Farigiraf\n|-crit|p1a: Farigiraf\n|-damage|p1a: Farigiraf|103/362\n|\n|-weather|RainDance|[upkeep]\n|-heal|p1a: Farigiraf|125/362|[from] item: Leftovers\n|upkeep\n|turn|36\n|inactive|i'm_new_so_be_cool has 30 seconds left this turn.\n|inactive|i'm_new_so_be_cool has 20 seconds left.\n|inactive|i'm_new_so_be_cool has 15 seconds left.\n|inactive|i'm_new_so_be_cool has 10 seconds left.\n|inactive|whatisnexthuh has 90 seconds left.\n|\n|t:|1781394752\n|move|p1a: Farigiraf|Protect|p1a: Farigiraf\n|-singleturn|p1a: Farigiraf|Protect\n|move|p2a: Eternatus|Dynamax Cannon|p1a: Farigiraf\n|-activate|p1a: Farigiraf|move: Protect\n|\n|-weather|none\n|-heal|p1a: Farigiraf|147/362|[from] item: Leftovers\n|upkeep\n|turn|37\n|inactive|i'm_new_so_be_cool has 20 seconds left this turn.\n|inactive|whatisnexthuh has 90 seconds left.\n|\n|t:|1781394759\n|switch|p1a: Sneasler|Sneasler, L74, M|240/240\n|move|p2a: Eternatus|Dynamax Cannon|p1a: Sneasler\n|-damage|p1a: Sneasler|47/240\n|\n|upkeep\n|turn|38\n|inactive|i'm_new_so_be_cool has 30 seconds left this turn.\n|inactive|i'm_new_so_be_cool has 20 seconds left.\n|inactive|i'm_new_so_be_cool has 15 seconds left.\n|inactive|i'm_new_so_be_cool has 10 seconds left.\n|\n|t:|1781394784\n|move|p1a: Sneasler|Dire Claw|p2a: Eternatus\n|-resisted|p2a: Eternatus\n|-damage|p2a: Eternatus|178/308\n|move|p2a: Eternatus|Dynamax Cannon|p1a: Sneasler\n|-damage|p1a: Sneasler|0 fnt\n|faint|p1a: Sneasler\n|\n|upkeep\n|inactive|whatisnexthuh has 90 seconds left.\n|\n|t:|1781394811\n|switch|p1a: Spectrier|Spectrier, L75|274/274\n|turn|39\n|inactive|i'm_new_so_be_cool has 25 seconds left this turn.\n|inactive|i'm_new_so_be_cool has 20 seconds left.\n|inactive|i'm_new_so_be_cool has 15 seconds left.\n|inactive|i'm_new_so_be_cool has 10 seconds left.\n|\n|t:|1781394826\n|move|p1a: Spectrier|Nasty Plot|p1a: Spectrier\n|-boost|p1a: Spectrier|spa|2\n|move|p2a: Eternatus|Dynamax Cannon|p1a: Spectrier\n|-damage|p1a: Spectrier|97/274\n|\n|upkeep\n|turn|40\n|inactive|i'm_new_so_be_cool has 20 seconds left this turn.\n|inactive|whatisnexthuh has 90 seconds left.\n|inactive|i'm_new_so_be_cool has 15 seconds left.\n|inactive|i'm_new_so_be_cool has 10 seconds left.\n|inactive|i'm_new_so_be_cool has 5 seconds left.\n|-message|i'm_new_so_be_cool lost due to inactivity.\n|\n|win|whatisnexthuh\n", "inputlog": ">version a8376a258c1d4662feba110a92103f3664a72141\n>start {\"formatid\":\"gen9randombattle\",\"seed\":\"sodium,8799da32b2d6a78968c86cc77d8c98f2\",\"rated\":\"Rated battle\"}\n>player p1 {\"name\":\"whatisnexthuh\",\"avatar\":\"aromalady\",\"rating\":2171,\"seed\":\"sodium,01e961359637c38b7ca2ed832f99e861\"}\n>player p2 {\"name\":\"i'm_new_so_be_cool\",\"avatar\":\"unknown\",\"rating\":2219,\"seed\":\"sodium,9cf433e0312a2a1577b647039517283d\"}\n>p1 switch 3\n>p2 move originpulse\n>p1 move sludgebomb\n>p2 switch 2\n>p1 move spore\n>p2 move dynamaxcannon\n>p1 switch 6\n>p2 move dynamaxcannon\n>p1 move psychicnoise\n>p2 switch 6\n>p1 switch 3\n>p2 move thunderwave\n>p1 switch 6\n>p2 move bodypress\n>p1 switch 4\n>p2 move thunderwave\n>p1 move voltswitch\n>p2 move dracometeor\n>p1 switch 4\n>p1 switch 4\n>p2 switch 3\n>p1 move voltswitch\n>p2 move uturn\n>p2 switch 3\n>p1 switch 2\n>p1 move closecombat\n>p2 move thunderwave\n>p2 switch 5\n>p1 switch 6\n>p2 move tachyoncutter\n>p1 move bodypress\n>p2 move tachyoncutter\n>p1 move bodypress\n>p2 move tachyoncutter\n>p1 switch 6\n>p1 move closecombat\n>p2 switch 3\n>p2 switch 2\n>p1 switch 4\n>p2 move waterspout\n>p1 switch 2\n>p2 move waterspout\n>p1 switch 3\n>p1 move bodyslam\n>p2 switch 3\n>p1 move protect\n>p2 move tachyoncutter\n>p1 move wish\n>p2 move tachyoncutter\n>p1 move protect\n>p2 move tachyoncutter\n>p1 move wish\n>p2 move tachyoncutter\n>p1 move protect\n>p2 move tachyoncutter\n>p1 move wish\n>p2 move tachyoncutter terastallize\n>p1 move protect\n>p2 move tachyoncutter\n>p1 move wish\n>p2 move tachyoncutter\n>p1 move protect\n>p2 switch 4\n>p1 move bodyslam\n>p2 move shellsmash\n>p1 move bodyslam terastallize\n>p2 move hydropump\n>p1 move bodyslam\n>p2 move shellsmash\n>p2 switch 3\n>p1 move protect\n>p2 move thunder\n>p1 switch 2\n>p2 move thunder\n>p1 move gigadrain\n>p2 switch 6\n>p1 switch 2\n>p2 move meteorbeam\n>p1 move protect\n>p2 move dynamaxcannon\n>p1 switch 4\n>p2 move dynamaxcannon\n>p1 move direclaw\n>p2 move dynamaxcannon\n>p1 switch 5\n>p1 move nastyplot\n>p2 move dynamaxcannon\n>forcelose p2", "uploadtime": 1781393576, "views": 4, "formatid": "gen9randombattle", "rating": null, "private": 0, "password": null}