{"id": "gen9randombattle-2631857270", "format": "[Gen 9] Random Battle", "players": ["mike_3500", "T3am_Sky_f4n"], "log": "|j|\u2606mike_3500\n|j|\u2606T3am_Sky_f4n\n|t:|1781448803\n|gametype|singles\n|player|p1|mike_3500|2|\n|player|p2|T3am_Sky_f4n|102|\n|gen|9\n|tier|[Gen 9] Random Battle\n|rule|Species Clause: Limit one of each Pok\u00e9mon\n|rule|HP Percentage Mod: HP is shown in percentages\n|rule|Sleep Clause Mod: Limit one foe put to sleep\n|rule|Illusion Level Mod: Illusion disguises the Pok\u00e9mon's true level\n|\n|t:|1781448803\n|teamsize|p1|6\n|teamsize|p2|6\n|start\n|switch|p1a: Dachsbun|Dachsbun, L92, M|254/254\n|switch|p2a: Tropius|Tropius, L91, M|328/328\n|turn|1\n|\n|t:|1781448831\n|move|p1a: Dachsbun|Yawn|p2a: Tropius\n|-start|p2a: Tropius|move: Yawn|[of] p1a: Dachsbun\n|move|p2a: Tropius|Leech Seed|p1a: Dachsbun\n|-start|p1a: Dachsbun|move: Leech Seed\n|\n|-damage|p1a: Dachsbun|223/254|[from] Leech Seed|[of] p2a: Tropius\n|upkeep\n|turn|2\n|\n|t:|1781448876\n|switch|p1a: Revavroom|Revavroom, L79, F|256/256\n|switch|p2a: Klefki|Klefki, L84, M|233/233\n|\n|upkeep\n|turn|3\n|\n|t:|1781448890\n|move|p2a: Klefki|Thunder Wave|p1a: Revavroom|[miss]\n|-miss|p2a: Klefki|p1a: Revavroom\n|move|p1a: Revavroom|High Horsepower|p2a: Klefki\n|-supereffective|p2a: Klefki\n|-damage|p2a: Klefki|48/233\n|-damage|p1a: Revavroom|231/256|[from] item: Life Orb\n|\n|-heal|p2a: Klefki|62/233|[from] item: Leftovers\n|upkeep\n|turn|4\n|\n|t:|1781448902\n|move|p2a: Klefki|Thunder Wave|p1a: Revavroom\n|-status|p1a: Revavroom|par\n|cant|p1a: Revavroom|par\n|\n|-heal|p2a: Klefki|76/233|[from] item: Leftovers\n|upkeep\n|turn|5\n|\n|t:|1781448925\n|move|p2a: Klefki|Magnet Rise|p2a: Klefki\n|-start|p2a: Klefki|Magnet Rise\n|move|p1a: Revavroom|High Horsepower|p2a: Klefki\n|-immune|p2a: Klefki\n|\n|-heal|p2a: Klefki|90/233|[from] item: Leftovers\n|upkeep\n|turn|6\n|\n|t:|1781448935\n|move|p2a: Klefki|Spikes|p1a: Revavroom\n|-sidestart|p1: mike_3500|Spikes\n|move|p1a: Revavroom|Shift Gear|p1a: Revavroom\n|-boost|p1a: Revavroom|spe|2\n|-boost|p1a: Revavroom|atk|1\n|\n|-heal|p2a: Klefki|104/233|[from] item: Leftovers\n|upkeep\n|turn|7\n|\n|t:|1781448944\n|move|p2a: Klefki|Spikes|p1a: Revavroom\n|-sidestart|p1: mike_3500|Spikes\n|move|p1a: Revavroom|Shift Gear|p1a: Revavroom\n|-boost|p1a: Revavroom|spe|2\n|-boost|p1a: Revavroom|atk|1\n|\n|-heal|p2a: Klefki|118/233|[from] item: Leftovers\n|upkeep\n|turn|8\n|\n|t:|1781448953\n|move|p2a: Klefki|Spikes|p1a: Revavroom\n|-sidestart|p1: mike_3500|Spikes\n|move|p1a: Revavroom|Iron Head|p2a: Klefki\n|-damage|p2a: Klefki|0 fnt\n|faint|p2a: Klefki\n|-damage|p1a: Revavroom|206/256 par|[from] item: Life Orb\n|\n|upkeep\n|\n|t:|1781448972\n|switch|p2a: Krookodile|Krookodile, L79, M|280/280\n|-ability|p2a: Krookodile|Intimidate|boost\n|-unboost|p1a: Revavroom|atk|1\n|turn|9\n|\n|t:|1781448992\n|move|p1a: Revavroom|High Horsepower|p2a: Krookodile\n|-damage|p2a: Krookodile|123/280\n|-damage|p1a: Revavroom|181/256 par|[from] item: Life Orb\n|move|p2a: Krookodile|Bulk Up|p2a: Krookodile\n|-boost|p2a: Krookodile|atk|1\n|-boost|p2a: Krookodile|def|1\n|\n|-heal|p2a: Krookodile|140/280|[from] item: Leftovers\n|upkeep\n|turn|10\n|\n|t:|1781449006\n|move|p1a: Revavroom|Iron Head|p2a: Krookodile\n|-damage|p2a: Krookodile|11/280\n|-damage|p1a: Revavroom|156/256 par|[from] item: Life Orb\n|cant|p2a: Krookodile|flinch\n|\n|-heal|p2a: Krookodile|28/280|[from] item: Leftovers\n|upkeep\n|turn|11\n|\n|t:|1781449016\n|cant|p1a: Revavroom|par\n|move|p2a: Krookodile|Earthquake|p1a: Revavroom\n|-supereffective|p1a: Revavroom\n|-damage|p1a: Revavroom|0 fnt\n|faint|p1a: Revavroom\n|\n|-heal|p2a: Krookodile|45/280|[from] item: Leftovers\n|upkeep\n|\n|t:|1781449025\n|switch|p1a: Dachsbun|Dachsbun, L92, M|223/254\n|-damage|p1a: Dachsbun|160/254|[from] Spikes\n|turn|12\n|c|\u2606T3am_Sky_f4n|... Was gonna crash out at the flinch\n|\n|t:|1781449037\n|move|p1a: Dachsbun|Play Rough|p2a: Krookodile\n|-supereffective|p2a: Krookodile\n|-damage|p2a: Krookodile|0 fnt\n|faint|p2a: Krookodile\n|\n|-heal|p1a: Dachsbun|175/254|[from] item: Leftovers\n|upkeep\n|\n|t:|1781449050\n|switch|p2a: Tropius|Tropius, L91, M|328/328\n|turn|13\n|\n|t:|1781449059\n|move|p1a: Dachsbun|Wish|p1a: Dachsbun\n|move|p2a: Tropius|Leech Seed|p1a: Dachsbun\n|-start|p1a: Dachsbun|move: Leech Seed\n|\n|-heal|p1a: Dachsbun|190/254|[from] item: Leftovers\n|-damage|p1a: Dachsbun|159/254|[from] Leech Seed|[of] p2a: Tropius\n|upkeep\n|turn|14\n|\n|t:|1781449073\n|switch|p1a: Ursaluna|Ursaluna-Bloodmoon, L79, M|308/308\n|-damage|p1a: Ursaluna|231/308|[from] Spikes\n|move|p2a: Tropius|Air Slash|p1a: Ursaluna\n|-damage|p1a: Ursaluna|123/308\n|\n|-heal|p1a: Ursaluna|250/308|[from] move: Wish|[wisher] Dachsbun\n|-heal|p1a: Ursaluna|269/308|[from] item: Leftovers\n|upkeep\n|turn|15\n|\n|t:|1781449101\n|move|p2a: Tropius|Leech Seed|p1a: Ursaluna\n|-start|p1a: Ursaluna|move: Leech Seed\n|move|p1a: Ursaluna|Blood Moon|p2a: Tropius\n|-damage|p2a: Tropius|165/328\n|\n|-heal|p1a: Ursaluna|288/308|[from] item: Leftovers\n|-damage|p1a: Ursaluna|250/308|[from] Leech Seed|[of] p2a: Tropius\n|-heal|p2a: Tropius|203/328|[silent]\n|upkeep\n|turn|16\n|\n|t:|1781449124\n|move|p2a: Tropius|Air Slash|p1a: Ursaluna\n|-damage|p1a: Ursaluna|154/308\n|move|p1a: Ursaluna|Calm Mind|p1a: Ursaluna\n|-boost|p1a: Ursaluna|spa|1\n|-boost|p1a: Ursaluna|spd|1\n|\n|-heal|p1a: Ursaluna|173/308|[from] item: Leftovers\n|-damage|p1a: Ursaluna|135/308|[from] Leech Seed|[of] p2a: Tropius\n|-heal|p2a: Tropius|241/328|[silent]\n|upkeep\n|turn|17\n|\n|t:|1781449135\n|move|p2a: Tropius|Protect|p2a: Tropius\n|-singleturn|p2a: Tropius|Protect\n|move|p1a: Ursaluna|Calm Mind|p1a: Ursaluna\n|-boost|p1a: Ursaluna|spa|1\n|-boost|p1a: Ursaluna|spd|1\n|\n|-heal|p1a: Ursaluna|154/308|[from] item: Leftovers\n|-damage|p1a: Ursaluna|116/308|[from] Leech Seed|[of] p2a: Tropius\n|-heal|p2a: Tropius|279/328|[silent]\n|upkeep\n|turn|18\n|\n|t:|1781449146\n|-terastallize|p2a: Tropius|Steel\n|move|p2a: Tropius|Substitute|p2a: Tropius\n|-start|p2a: Tropius|Substitute\n|-damage|p2a: Tropius|197/328\n|move|p1a: Ursaluna|Blood Moon|p2a: Tropius\n|-resisted|p2a: Tropius\n|-end|p2a: Tropius|Substitute\n|\n|-heal|p1a: Ursaluna|135/308|[from] item: Leftovers\n|-damage|p1a: Ursaluna|97/308|[from] Leech Seed|[of] p2a: Tropius\n|-heal|p2a: Tropius|235/328|[silent]\n|upkeep\n|turn|19\n|\n|t:|1781449162\n|move|p1a: Ursaluna|Vacuum Wave|p2a: Tropius\n|-supereffective|p2a: Tropius\n|-damage|p2a: Tropius|103/328\n|-enditem|p2a: Tropius|Sitrus Berry|[eat]\n|-heal|p2a: Tropius|185/328|[from] item: Sitrus Berry\n|move|p2a: Tropius|Substitute|p2a: Tropius\n|-start|p2a: Tropius|Substitute\n|-damage|p2a: Tropius|103/328\n|\n|-heal|p1a: Ursaluna|116/308|[from] item: Leftovers\n|-damage|p1a: Ursaluna|78/308|[from] Leech Seed|[of] p2a: Tropius\n|-heal|p2a: Tropius|141/328|[silent]\n|-item|p2a: Tropius|Sitrus Berry|[from] ability: Harvest\n|upkeep\n|-enditem|p2a: Tropius|Sitrus Berry|[eat]\n|-heal|p2a: Tropius|223/328|[from] item: Sitrus Berry\n|turn|20\n|\n|t:|1781449186\n|move|p2a: Tropius|Protect|p2a: Tropius\n|-singleturn|p2a: Tropius|Protect\n|move|p1a: Ursaluna|Moonlight|p1a: Ursaluna\n|-heal|p1a: Ursaluna|232/308\n|\n|-heal|p1a: Ursaluna|251/308|[from] item: Leftovers\n|-damage|p1a: Ursaluna|213/308|[from] Leech Seed|[of] p2a: Tropius\n|-heal|p2a: Tropius|261/328|[silent]\n|-item|p2a: Tropius|Sitrus Berry|[from] ability: Harvest\n|upkeep\n|turn|21\n|\n|t:|1781449203\n|move|p1a: Ursaluna|Vacuum Wave|p2a: Tropius\n|-supereffective|p2a: Tropius\n|-end|p2a: Tropius|Substitute\n|move|p2a: Tropius|Air Slash|p1a: Ursaluna\n|-damage|p1a: Ursaluna|162/308\n|\n|-heal|p1a: Ursaluna|181/308|[from] item: Leftovers\n|-damage|p1a: Ursaluna|143/308|[from] Leech Seed|[of] p2a: Tropius\n|-heal|p2a: Tropius|299/328|[silent]\n|upkeep\n|turn|22\n|\n|t:|1781449220\n|move|p2a: Tropius|Air Slash|p1a: Ursaluna\n|-damage|p1a: Ursaluna|97/308\n|cant|p1a: Ursaluna|flinch\n|\n|-heal|p1a: Ursaluna|116/308|[from] item: Leftovers\n|-damage|p1a: Ursaluna|78/308|[from] Leech Seed|[of] p2a: Tropius\n|-heal|p2a: Tropius|328/328|[silent]\n|upkeep\n|turn|23\n|\n|t:|1781449229\n|move|p2a: Tropius|Air Slash|p1a: Ursaluna\n|-damage|p1a: Ursaluna|27/308\n|move|p1a: Ursaluna|Moonlight|p1a: Ursaluna\n|-heal|p1a: Ursaluna|181/308\n|\n|-heal|p1a: Ursaluna|200/308|[from] item: Leftovers\n|-damage|p1a: Ursaluna|162/308|[from] Leech Seed|[of] p2a: Tropius\n|upkeep\n|turn|24\n|\n|t:|1781449240\n|move|p2a: Tropius|Air Slash|p1a: Ursaluna\n|-damage|p1a: Ursaluna|116/308\n|move|p1a: Ursaluna|Moonlight|p1a: Ursaluna\n|-heal|p1a: Ursaluna|270/308\n|\n|-heal|p1a: Ursaluna|289/308|[from] item: Leftovers\n|-damage|p1a: Ursaluna|251/308|[from] Leech Seed|[of] p2a: Tropius\n|upkeep\n|turn|25\n|\n|t:|1781449249\n|move|p1a: Ursaluna|Vacuum Wave|p2a: Tropius\n|-supereffective|p2a: Tropius\n|-damage|p2a: Tropius|196/328\n|move|p2a: Tropius|Air Slash|p1a: Ursaluna\n|-damage|p1a: Ursaluna|199/308\n|\n|-heal|p1a: Ursaluna|218/308|[from] item: Leftovers\n|-damage|p1a: Ursaluna|180/308|[from] Leech Seed|[of] p2a: Tropius\n|-heal|p2a: Tropius|234/328|[silent]\n|upkeep\n|turn|26\n|\n|t:|1781449262\n|move|p1a: Ursaluna|Vacuum Wave|p2a: Tropius\n|-supereffective|p2a: Tropius\n|-damage|p2a: Tropius|100/328\n|-enditem|p2a: Tropius|Sitrus Berry|[eat]\n|-heal|p2a: Tropius|182/328|[from] item: Sitrus Berry\n|move|p2a: Tropius|Leech Seed|p1a: Ursaluna|[miss]\n|-miss|p2a: Tropius|p1a: Ursaluna\n|\n|-heal|p1a: Ursaluna|199/308|[from] item: Leftovers\n|-damage|p1a: Ursaluna|161/308|[from] Leech Seed|[of] p2a: Tropius\n|-heal|p2a: Tropius|220/328|[silent]\n|-item|p2a: Tropius|Sitrus Berry|[from] ability: Harvest\n|upkeep\n|turn|27\n|\n|t:|1781449277\n|move|p2a: Tropius|Leech Seed||[still]\n|-fail|p2a: Tropius\n|move|p1a: Ursaluna|Calm Mind|p1a: Ursaluna\n|-boost|p1a: Ursaluna|spa|1\n|-boost|p1a: Ursaluna|spd|1\n|\n|-heal|p1a: Ursaluna|180/308|[from] item: Leftovers\n|-damage|p1a: Ursaluna|142/308|[from] Leech Seed|[of] p2a: Tropius\n|-heal|p2a: Tropius|258/328|[silent]\n|upkeep\n|turn|28\n|\n|t:|1781449288\n|move|p2a: Tropius|Leech Seed|p1a: Ursaluna|[miss]\n|-miss|p2a: Tropius|p1a: Ursaluna\n|move|p1a: Ursaluna|Calm Mind|p1a: Ursaluna\n|-boost|p1a: Ursaluna|spa|1\n|-boost|p1a: Ursaluna|spd|1\n|\n|-heal|p1a: Ursaluna|161/308|[from] item: Leftovers\n|-damage|p1a: Ursaluna|123/308|[from] Leech Seed|[of] p2a: Tropius\n|-heal|p2a: Tropius|296/328|[silent]\n|upkeep\n|turn|29\n|\n|t:|1781449299\n|move|p2a: Tropius|Leech Seed||[still]\n|-fail|p2a: Tropius\n|move|p1a: Ursaluna|Calm Mind|p1a: Ursaluna\n|-boost|p1a: Ursaluna|spa|1\n|-boost|p1a: Ursaluna|spd|1\n|\n|-heal|p1a: Ursaluna|142/308|[from] item: Leftovers\n|-damage|p1a: Ursaluna|104/308|[from] Leech Seed|[of] p2a: Tropius\n|-heal|p2a: Tropius|328/328|[silent]\n|upkeep\n|turn|30\n|\n|t:|1781449324\n|move|p2a: Tropius|Air Slash|p1a: Ursaluna\n|-damage|p1a: Ursaluna|73/308\n|cant|p1a: Ursaluna|flinch\n|\n|-heal|p1a: Ursaluna|92/308|[from] item: Leftovers\n|-damage|p1a: Ursaluna|54/308|[from] Leech Seed|[of] p2a: Tropius\n|upkeep\n|turn|31\n|\n|t:|1781449334\n|move|p2a: Tropius|Leech Seed||[still]\n|-fail|p2a: Tropius\n|move|p1a: Ursaluna|Moonlight|p1a: Ursaluna\n|-heal|p1a: Ursaluna|208/308\n|\n|-heal|p1a: Ursaluna|227/308|[from] item: Leftovers\n|-damage|p1a: Ursaluna|189/308|[from] Leech Seed|[of] p2a: Tropius\n|upkeep\n|turn|32\n|\n|t:|1781449347\n|move|p1a: Ursaluna|Vacuum Wave|p2a: Tropius\n|-supereffective|p2a: Tropius\n|-damage|p2a: Tropius|124/328\n|-enditem|p2a: Tropius|Sitrus Berry|[eat]\n|-heal|p2a: Tropius|206/328|[from] item: Sitrus Berry\n|move|p2a: Tropius|Leech Seed||[still]\n|-fail|p2a: Tropius\n|\n|-heal|p1a: Ursaluna|208/308|[from] item: Leftovers\n|-damage|p1a: Ursaluna|170/308|[from] Leech Seed|[of] p2a: Tropius\n|-heal|p2a: Tropius|244/328|[silent]\n|-item|p2a: Tropius|Sitrus Berry|[from] ability: Harvest\n|upkeep\n|turn|33\n|\n|t:|1781449359\n|move|p1a: Ursaluna|Vacuum Wave|p2a: Tropius\n|-supereffective|p2a: Tropius\n|-damage|p2a: Tropius|44/328\n|-enditem|p2a: Tropius|Sitrus Berry|[eat]\n|-heal|p2a: Tropius|126/328|[from] item: Sitrus Berry\n|move|p2a: Tropius|Leech Seed|p1a: Ursaluna|[miss]\n|-miss|p2a: Tropius|p1a: Ursaluna\n|\n|-heal|p1a: Ursaluna|189/308|[from] item: Leftovers\n|-damage|p1a: Ursaluna|151/308|[from] Leech Seed|[of] p2a: Tropius\n|-heal|p2a: Tropius|164/328|[silent]\n|upkeep\n|turn|34\n|\n|t:|1781449371\n|move|p1a: Ursaluna|Vacuum Wave|p2a: Tropius\n|-supereffective|p2a: Tropius\n|-damage|p2a: Tropius|0 fnt\n|faint|p2a: Tropius\n|\n|-heal|p1a: Ursaluna|170/308|[from] item: Leftovers\n|upkeep\n|\n|t:|1781449377\n|switch|p2a: Iron Boulder|Iron Boulder, L77|265/265\n|turn|35\n|\n|t:|1781449391\n|move|p1a: Ursaluna|Vacuum Wave|p2a: Iron Boulder\n|-damage|p2a: Iron Boulder|164/265\n|move|p2a: Iron Boulder|Close Combat|p1a: Ursaluna\n|-supereffective|p1a: Ursaluna\n|-damage|p1a: Ursaluna|0 fnt\n|-unboost|p2a: Iron Boulder|def|1\n|-unboost|p2a: Iron Boulder|spd|1\n|faint|p1a: Ursaluna\n|-damage|p2a: Iron Boulder|138/265|[from] item: Life Orb\n|\n|upkeep\n|\n|t:|1781449410\n|switch|p1a: Sceptile|Sceptile, L87, M|264/264\n|-damage|p1a: Sceptile|198/264|[from] Spikes\n|turn|36\n|\n|t:|1781449426\n|-end|p2a: Iron Boulder|Quark Drive|[silent]\n|switch|p2a: Enamorus|Enamorus-Therian, L83, F|259/259\n|move|p1a: Sceptile|Leaf Storm|p2a: Enamorus|[miss]\n|-miss|p1a: Sceptile|p2a: Enamorus\n|\n|upkeep\n|turn|37\n|\n|t:|1781449444\n|move|p1a: Sceptile|Shed Tail|p1a: Sceptile\n|-start|p1a: Sceptile|Substitute|[from] move: Shed Tail\n|-damage|p1a: Sceptile|66/264\n|\n|t:|1781449450\n|switch|p1a: Fezandipiti|Fezandipiti, L82, M|278/278|[from] Shed Tail\n|-damage|p1a: Fezandipiti|209/278|[from] Spikes\n|move|p2a: Enamorus|Psychic|p1a: Fezandipiti\n|-supereffective|p1a: Fezandipiti\n|-end|p1a: Fezandipiti|Substitute\n|\n|-heal|p1a: Fezandipiti|226/278|[from] item: Leftovers\n|upkeep\n|turn|38\n|\n|t:|1781449465\n|-terastallize|p1a: Fezandipiti|Steel\n|move|p1a: Fezandipiti|Gunk Shot|p2a: Enamorus\n|-supereffective|p2a: Enamorus\n|-damage|p2a: Enamorus|71/259\n|-status|p2a: Enamorus|psn\n|move|p2a: Enamorus|Psychic|p1a: Fezandipiti\n|-resisted|p1a: Fezandipiti\n|-damage|p1a: Fezandipiti|181/278\n|\n|-heal|p1a: Fezandipiti|198/278|[from] item: Leftovers\n|-damage|p2a: Enamorus|39/259 psn|[from] psn\n|upkeep\n|turn|39\n|\n|t:|1781449480\n|move|p1a: Fezandipiti|U-turn|p2a: Enamorus\n|-resisted|p2a: Enamorus\n|-damage|p2a: Enamorus|30/259 psn\n|\n|t:|1781449486\n|switch|p1a: Dachsbun|Dachsbun, L92, M|159/254|[from] U-turn\n|-damage|p1a: Dachsbun|96/254|[from] Spikes\n|move|p2a: Enamorus|Psychic|p1a: Dachsbun\n|-damage|p1a: Dachsbun|0 fnt\n|faint|p1a: Dachsbun\n|\n|-damage|p2a: Enamorus|0 fnt|[from] psn\n|faint|p2a: Enamorus\n|upkeep\n|\n|t:|1781449505\n|switch|p1a: Fezandipiti|Fezandipiti, L82, M, tera:Steel|198/278\n|switch|p2a: Lanturn|Lanturn, L89, M|367/367\n|-damage|p1a: Fezandipiti|129/278|[from] Spikes\n|turn|40\n|\n|t:|1781449514\n|move|p1a: Fezandipiti|Roost|p1a: Fezandipiti\n|-heal|p1a: Fezandipiti|268/278\n|move|p2a: Lanturn|Thunder Wave|p1a: Fezandipiti\n|-status|p1a: Fezandipiti|par\n|\n|-heal|p1a: Fezandipiti|278/278 par|[from] item: Leftovers\n|upkeep\n|turn|41\n|\n|t:|1781449526\n|move|p2a: Lanturn|Thunderbolt|p1a: Fezandipiti\n|-damage|p1a: Fezandipiti|205/278 par\n|cant|p1a: Fezandipiti|par\n|\n|-heal|p1a: Fezandipiti|222/278 par|[from] item: Leftovers\n|upkeep\n|turn|42\n|\n|t:|1781449571\n|move|p2a: Lanturn|Thunderbolt|p1a: Fezandipiti\n|-damage|p1a: Fezandipiti|152/278 par\n|move|p1a: Fezandipiti|Moonblast|p2a: Lanturn\n|-damage|p2a: Lanturn|294/367\n|\n|-heal|p1a: Fezandipiti|169/278 par|[from] item: Leftovers\n|upkeep\n|turn|43\n|\n|t:|1781449593\n|move|p2a: Lanturn|Volt Switch|p1a: Fezandipiti\n|-damage|p1a: Fezandipiti|112/278 par\n|\n|t:|1781449596\n|switch|p2a: Iron Boulder|Iron Boulder, L77|138/265|[from] Volt Switch\n|move|p1a: Fezandipiti|U-turn|p2a: Iron Boulder\n|-supereffective|p2a: Iron Boulder\n|-damage|p2a: Iron Boulder|28/265\n|\n|t:|1781449669\n|switch|p1a: Dipplin|Dipplin, L88, F|284/284|[from] U-turn\n|-damage|p1a: Dipplin|213/284|[from] Spikes\n|\n|upkeep\n|turn|44\n|\n|t:|1781449689\n|move|p1a: Dipplin|Sucker Punch|p2a: Iron Boulder\n|-supereffective|p2a: Iron Boulder\n|-damage|p2a: Iron Boulder|0 fnt\n|faint|p2a: Iron Boulder\n|-end|p2a: Iron Boulder|Quark Drive|[silent]\n|\n|upkeep\n|\n|t:|1781449693\n|switch|p2a: Lanturn|Lanturn, L89, M|294/367\n|turn|45\n|\n|t:|1781449699\n|move|p2a: Lanturn|Thunder Wave|p1a: Dipplin\n|-status|p1a: Dipplin|par\n|move|p1a: Dipplin|Giga Drain|p2a: Lanturn\n|-supereffective|p2a: Lanturn\n|-damage|p2a: Lanturn|102/367\n|-heal|p1a: Dipplin|284/284 par|[from] drain|[of] p2a: Lanturn\n|\n|upkeep\n|turn|46\n|\n|t:|1781449719\n|move|p2a: Lanturn|Scald|p1a: Dipplin\n|-resisted|p1a: Dipplin\n|-damage|p1a: Dipplin|270/284 par\n|cant|p1a: Dipplin|par\n|\n|upkeep\n|turn|47\n|\n|t:|1781449727\n|move|p2a: Lanturn|Thunderbolt|p1a: Dipplin\n|-resisted|p1a: Dipplin\n|-damage|p1a: Dipplin|255/284 par\n|move|p1a: Dipplin|Giga Drain|p2a: Lanturn\n|-supereffective|p2a: Lanturn\n|-damage|p2a: Lanturn|0 fnt\n|-heal|p1a: Dipplin|284/284 par|[from] drain|[of] p2a: Lanturn\n|faint|p2a: Lanturn\n|\n|win|mike_3500\n", "inputlog": ">version a8376a258c1d4662feba110a92103f3664a72141\n>start {\"formatid\":\"gen9randombattle\",\"seed\":\"sodium,92f56c0795026e131150a3ca59ea3627\"}\n>player p1 {\"name\":\"mike_3500\",\"avatar\":\"2\",\"rating\":0,\"seed\":\"sodium,e1d6d69b74eb0ac875e962a41eb8c74e\"}\n>player p2 {\"name\":\"T3am_Sky_f4n\",\"avatar\":\"102\",\"rating\":0,\"seed\":\"sodium,00ebd8c6b0dd9030eaee3be110d0f24b\"}\n>p1 move yawn\n>p2 move leechseed\n>p1 switch 5\n>p2 switch 3\n>p1 move highhorsepower\n>p2 move thunderwave\n>p1 move highhorsepower\n>p2 move thunderwave\n>p1 move highhorsepower\n>p2 move magnetrise\n>p1 move shiftgear\n>p2 move spikes\n>p1 move shiftgear\n>p2 move spikes\n>p1 move ironhead\n>p2 move spikes\n>p2 switch 6\n>p1 move highhorsepower\n>p2 move bulkup\n>p1 move ironhead\n>p2 move earthquake\n>p1 move ironhead\n>p2 move earthquake\n>p1 switch 5\n>chat \u2606T3am_Sky_f4n|... Was gonna crash out at the flinch\n>p1 move playrough\n>p2 move gunkshot\n>p2 switch 3\n>p1 move wish\n>p2 move leechseed\n>p1 switch 4\n>p2 move airslash\n>p1 move bloodmoon\n>p2 move leechseed\n>p1 move calmmind\n>p2 move airslash\n>p1 move calmmind\n>p2 move protect\n>p1 move bloodmoon\n>p2 move substitute terastallize\n>p1 move vacuumwave\n>p2 move substitute\n>p1 move moonlight\n>p2 move protect\n>p1 move vacuumwave\n>p2 move airslash\n>p1 move calmmind\n>p2 move airslash\n>p1 move moonlight\n>p2 move airslash\n>p1 move moonlight\n>p2 move airslash\n>p1 move vacuumwave\n>p2 move airslash\n>p1 move vacuumwave\n>p2 move leechseed\n>p1 move calmmind\n>p2 move leechseed\n>p1 move calmmind\n>p2 move leechseed\n>p1 move calmmind\n>p2 move leechseed\n>p1 move calmmind\n>p2 move airslash\n>p1 move moonlight\n>p2 move leechseed\n>p1 move vacuumwave\n>p2 move leechseed\n>p1 move vacuumwave\n>p2 move leechseed\n>p1 move vacuumwave\n>p2 move leechseed\n>p2 switch 4\n>p1 move vacuumwave\n>p2 move closecombat\n>p1 switch 6\n>p1 move leafstorm\n>p2 switch 5\n>p1 move shedtail\n>p2 move psychic\n>p1 switch 2\n>p1 move gunkshot terastallize\n>p2 move psychic\n>p1 move uturn\n>p2 move psychic\n>p1 switch 4\n>p1 switch 4\n>p2 switch 2\n>p1 move roost\n>p2 move thunderwave\n>p1 move gunkshot\n>p2 move thunderbolt\n>p1 move moonblast\n>p2 move thunderbolt\n>p1 move uturn\n>p2 move voltswitch\n>p2 switch 5\n>p1 switch 3\n>p1 move suckerpunch\n>p2 move closecombat\n>p2 switch 5\n>p1 move gigadrain\n>p2 move thunderwave\n>p1 move gigadrain\n>p2 move scald\n>p1 move gigadrain\n>p2 move thunderbolt", "uploadtime": 1781449737, "views": 5, "formatid": "gen9randombattle", "rating": null, "private": 0, "password": null, "player_dets": [{"name": "mike_3500", "avatar": "2", "rating": 0, "seed": "sodium,e1d6d69b74eb0ac875e962a41eb8c74e"}, {"name": "T3am_Sky_f4n", "avatar": "102", "rating": 0, "seed": "sodium,00ebd8c6b0dd9030eaee3be110d0f24b"}], "teams_full": [{"Dachsbun": {"name": "Dachsbun", "species": "Dachsbun", "speciesId": "dachsbun", "gender": "M", "shiny": false, "level": 92, "moves": ["playrough", "protect", "yawn", "wish"], "ability": "Well-Baked Body", "evs": {"hp": 85, "atk": 85, "def": 85, "spa": 85, "spd": 85, "spe": 85}, "ivs": {"hp": 31, "atk": 31, "def": 31, "spa": 31, "spd": 31, "spe": 31}, "item": "Leftovers", "teraType": "Steel", "role": "Bulky Support", "bvs": {"hp": 57, "atk": 80, "def": 115, "spa": 50, "spd": 80, "spe": 95}, "stats": {"hp": 254, "atk": 200, "def": 264, "spa": 144, "spd": 200, "spe": 227}}, "Fezandipiti": {"name": "Fezandipiti", "species": "Fezandipiti", "speciesId": "fezandipiti", "gender": "M", "shiny": false, "level": 82, "moves": ["moonblast", "roost", "gunkshot", "uturn"], "ability": "Toxic Chain", "evs": {"hp": 85, "atk": 85, "def": 85, "spa": 85, "spd": 85, "spe": 85}, "ivs": {"hp": 31, "atk": 31, "def": 31, "spa": 31, "spd": 31, "spe": 31}, "item": "Leftovers", "teraType": "Steel", "role": "Bulky Attacker", "bvs": {"hp": 88, "atk": 91, "def": 82, "spa": 70, "spd": 125, "spe": 99}, "stats": {"hp": 278, "atk": 196, "def": 182, "spa": 162, "spd": 252, "spe": 210}}, "Dipplin": {"name": "Dipplin", "species": "Dipplin", "speciesId": "dipplin", "gender": "F", "shiny": false, "level": 88, "moves": ["suckerpunch", "dragonpulse", "gigadrain", "recover"], "ability": "Sticky Hold", "evs": {"hp": 85, "atk": 85, "def": 85, "spa": 85, "spd": 85, "spe": 85}, "ivs": {"hp": 31, "atk": 31, "def": 31, "spa": 31, "spd": 31, "spe": 31}, "item": "Eviolite", "teraType": "Steel", "role": "Bulky Attacker", "bvs": {"hp": 80, "atk": 80, "def": 110, "spa": 95, "spd": 80, "spe": 40}, "stats": {"hp": 284, "atk": 191, "def": 244, "spa": 217, "spd": 191, "spe": 121}}, "Ursaluna": {"name": "Ursaluna", "species": "Ursaluna-Bloodmoon", "speciesId": "ursalunabloodmoon", "gender": "M", "shiny": false, "level": 79, "moves": ["vacuumwave", "moonlight", "bloodmoon", "calmmind"], "ability": "Mind's Eye", "evs": {"hp": 85, "atk": 0, "def": 85, "spa": 85, "spd": 85, "spe": 85}, "ivs": {"hp": 31, "atk": 0, "def": 31, "spa": 31, "spd": 31, "spe": 31}, "item": "Leftovers", "teraType": "Ghost", "role": "Bulky Setup", "bvs": {"hp": 113, "atk": 70, "def": 120, "spa": 135, "spd": 65, "spe": 52}, "stats": {"hp": 308, "atk": 115, "def": 235, "spa": 259, "spd": 148, "spe": 128}}, "Revavroom": {"name": "Revavroom", "species": "Revavroom", "speciesId": "revavroom", "gender": "F", "shiny": false, "level": 79, "moves": ["gunkshot", "shiftgear", "ironhead", "highhorsepower"], "ability": "Filter", "evs": {"hp": 85, "atk": 85, "def": 85, "spa": 85, "spd": 85, "spe": 85}, "ivs": {"hp": 31, "atk": 31, "def": 31, "spa": 31, "spd": 31, "spe": 31}, "item": "Life Orb", "teraType": "Ground", "role": "Fast Attacker", "bvs": {"hp": 80, "atk": 119, "def": 90, "spa": 54, "spd": 67, "spe": 90}, "stats": {"hp": 256, "atk": 234, "def": 188, "spa": 131, "spd": 151, "spe": 188}}, "Sceptile": {"name": "Sceptile", "species": "Sceptile", "speciesId": "sceptile", "gender": "M", "shiny": false, "level": 87, "moves": ["focusblast", "earthquake", "leafstorm", "shedtail"], "ability": "Overgrow", "evs": {"hp": 85, "atk": 85, "def": 85, "spa": 85, "spd": 85, "spe": 85}, "ivs": {"hp": 31, "atk": 31, "def": 31, "spa": 31, "spd": 31, "spe": 31}, "item": "Life Orb", "teraType": "Ground", "role": "Fast Attacker", "bvs": {"hp": 70, "atk": 85, "def": 65, "spa": 105, "spd": 85, "spe": 120}, "stats": {"hp": 264, "atk": 198, "def": 163, "spa": 232, "spd": 198, "spe": 259}}}, {"Tropius": {"name": "Tropius", "species": "Tropius", "speciesId": "tropius", "gender": "M", "shiny": false, "level": 91, "moves": ["airslash", "substitute", "leechseed", "protect"], "ability": "Harvest", "evs": {"hp": 85, "atk": 0, "def": 85, "spa": 85, "spd": 85, "spe": 85}, "ivs": {"hp": 31, "atk": 0, "def": 31, "spa": 31, "spd": 31, "spe": 31}, "item": "Sitrus Berry", "teraType": "Steel", "role": "Bulky Support", "bvs": {"hp": 99, "atk": 68, "def": 83, "spa": 72, "spd": 87, "spe": 51}, "stats": {"hp": 328, "atk": 128, "def": 203, "spa": 183, "spd": 210, "spe": 145}}, "Lanturn": {"name": "Lanturn", "species": "Lanturn", "speciesId": "lanturn", "gender": "M", "shiny": false, "level": 89, "moves": ["thunderwave", "scald", "voltswitch", "thunderbolt"], "ability": "Volt Absorb", "evs": {"hp": 85, "atk": 0, "def": 85, "spa": 85, "spd": 85, "spe": 85}, "ivs": {"hp": 31, "atk": 0, "def": 31, "spa": 31, "spd": 31, "spe": 31}, "item": "Heavy-Duty Boots", "teraType": "Flying", "role": "Fast Support", "bvs": {"hp": 125, "atk": 58, "def": 58, "spa": 76, "spd": 76, "spe": 67}, "stats": {"hp": 367, "atk": 108, "def": 154, "spa": 186, "spd": 186, "spe": 170}}, "Klefki": {"name": "Klefki", "species": "Klefki", "speciesId": "klefki", "gender": "M", "shiny": false, "level": 84, "moves": ["playrough", "magnetrise", "thunderwave", "spikes"], "ability": "Prankster", "evs": {"hp": 85, "atk": 85, "def": 85, "spa": 85, "spd": 85, "spe": 85}, "ivs": {"hp": 31, "atk": 31, "def": 31, "spa": 31, "spd": 31, "spe": 31}, "item": "Leftovers", "teraType": "Water", "role": "Bulky Support", "bvs": {"hp": 57, "atk": 80, "def": 91, "spa": 80, "spd": 87, "spe": 75}, "stats": {"hp": 233, "atk": 183, "def": 201, "spa": 183, "spd": 194, "spe": 174}}, "Iron Boulder": {"name": "Iron Boulder", "species": "Iron Boulder", "speciesId": "ironboulder", "gender": "N", "shiny": false, "level": 77, "moves": ["mightycleave", "swordsdance", "closecombat", "zenheadbutt"], "ability": "Quark Drive", "evs": {"hp": 85, "atk": 85, "def": 85, "spa": 85, "spd": 85, "spe": 85}, "ivs": {"hp": 31, "atk": 31, "def": 31, "spa": 31, "spd": 31, "spe": 31}, "item": "Life Orb", "teraType": "Fighting", "role": "Setup Sweeper", "bvs": {"hp": 90, "atk": 120, "def": 80, "spa": 68, "spd": 108, "spe": 124}, "stats": {"hp": 265, "atk": 229, "def": 168, "spa": 149, "spd": 211, "spe": 236}}, "Enamorus": {"name": "Enamorus", "species": "Enamorus-Therian", "speciesId": "enamorustherian", "gender": "F", "shiny": false, "level": 83, "moves": ["earthpower", "moonblast", "psychic", "mysticalfire"], "ability": "Overcoat", "evs": {"hp": 85, "atk": 0, "def": 85, "spa": 85, "spd": 85, "spe": 85}, "ivs": {"hp": 31, "atk": 0, "def": 31, "spa": 31, "spd": 31, "spe": 31}, "item": "Choice Specs", "teraType": "Ground", "role": "Bulky Attacker", "bvs": {"hp": 74, "atk": 115, "def": 110, "spa": 135, "spd": 100, "spe": 46}, "stats": {"hp": 259, "atk": 195, "def": 230, "spa": 272, "spd": 214, "spe": 124}}, "Krookodile": {"name": "Krookodile", "species": "Krookodile", "speciesId": "krookodile", "gender": "M", "shiny": false, "level": 79, "moves": ["knockoff", "earthquake", "bulkup", "gunkshot"], "ability": "Intimidate", "evs": {"hp": 85, "atk": 85, "def": 85, "spa": 85, "spd": 85, "spe": 85}, "ivs": {"hp": 31, "atk": 31, "def": 31, "spa": 31, "spd": 31, "spe": 31}, "item": "Leftovers", "teraType": "Poison", "role": "Bulky Setup", "bvs": {"hp": 95, "atk": 117, "def": 80, "spa": 65, "spd": 70, "spe": 92}, "stats": {"hp": 280, "atk": 230, "def": 172, "spa": 148, "spd": 156, "spe": 191}}}]}