{"id": "gen9randombattle-2631824326", "format": "[Gen 9] Random Battle", "players": ["Cygnus11235", "Kieskauer"], "log": "|j|\u2606Cygnus11235\n|j|\u2606Kieskauer\n|t:|1781444821\n|gametype|singles\n|player|p1|Cygnus11235|169|1960\n|player|p2|Kieskauer|265|2040\n|gen|9\n|tier|[Gen 9] Random Battle\n|rated|\n|rule|Species Clause: Limit one of each Pok\u00e9mon\n|rule|HP Percentage Mod: HP is shown in percentages\n|rule|Sleep Clause Mod: Limit one foe put to sleep\n|rule|Illusion Level Mod: Illusion disguises the Pok\u00e9mon's true level\n|\n|t:|1781444821\n|teamsize|p1|6\n|teamsize|p2|6\n|start\n|switch|p1a: Hippowdon|Hippowdon, L82, M|311/311\n|switch|p2a: Honchkrow|Honchkrow, L86, F|312/312\n|-weather|Sandstorm|[from] ability: Sand Stream|[of] p1a: Hippowdon\n|turn|1\n|\n|t:|1781444849\n|switch|p2a: Ogerpon|Ogerpon, L80, F|259/259\n|move|p1a: Hippowdon|Curse|p1a: Hippowdon\n|-unboost|p1a: Hippowdon|spe|1\n|-boost|p1a: Hippowdon|atk|1\n|-boost|p1a: Hippowdon|def|1\n|\n|-weather|Sandstorm|[upkeep]\n|-damage|p2a: Ogerpon|243/259|[from] Sandstorm\n|upkeep\n|turn|2\n|\n|t:|1781444852\n|switch|p1a: Ariados|Ariados, L95, F|287/287\n|move|p2a: Ogerpon|Encore||[still]\n|-fail|p2a: Ogerpon\n|\n|-weather|Sandstorm|[upkeep]\n|-damage|p2a: Ogerpon|227/259|[from] Sandstorm\n|-damage|p1a: Ariados|270/287|[from] Sandstorm\n|upkeep\n|turn|3\n|\n|t:|1781444858\n|move|p2a: Ogerpon|U-turn|p1a: Ariados\n|-resisted|p1a: Ariados\n|-damage|p1a: Ariados|241/287\n|\n|t:|1781444864\n|switch|p2a: Honchkrow|Honchkrow, L86, F|312/312|[from] U-turn\n|move|p1a: Ariados|Sticky Web|p2a: Honchkrow\n|-sidestart|p2: Kieskauer|move: Sticky Web\n|\n|-weather|Sandstorm|[upkeep]\n|-damage|p2a: Honchkrow|293/312|[from] Sandstorm\n|-damage|p1a: Ariados|224/287|[from] Sandstorm\n|upkeep\n|turn|4\n|\n|t:|1781444870\n|switch|p1a: Klefki|Klefki, L84, F|233/233\n|move|p2a: Honchkrow|Brave Bird|p1a: Klefki\n|-resisted|p1a: Klefki\n|-damage|p1a: Klefki|149/233\n|-damage|p2a: Honchkrow|265/312|[from] Recoil\n|\n|-weather|Sandstorm|[upkeep]\n|-damage|p2a: Honchkrow|246/312|[from] Sandstorm\n|-heal|p1a: Klefki|163/233|[from] item: Leftovers\n|upkeep\n|turn|5\n|\n|t:|1781444882\n|switch|p2a: Rhyperior|Rhyperior, L82, M|323/323\n|-activate|p2a: Rhyperior|move: Sticky Web\n|-unboost|p2a: Rhyperior|spe|1\n|move|p1a: Klefki|Spikes|p2a: Rhyperior\n|-sidestart|p2: Kieskauer|Spikes\n|\n|-weather|none\n|-heal|p1a: Klefki|177/233|[from] item: Leftovers\n|upkeep\n|turn|6\n|\n|t:|1781444898\n|switch|p1a: Hippowdon|Hippowdon, L82, M|311/311\n|-weather|Sandstorm|[from] ability: Sand Stream|[of] p1a: Hippowdon\n|move|p2a: Rhyperior|Earthquake|p1a: Hippowdon\n|-damage|p1a: Hippowdon|191/311\n|\n|-weather|Sandstorm|[upkeep]\n|-heal|p1a: Hippowdon|210/311|[from] item: Leftovers\n|upkeep\n|turn|7\n|\n|t:|1781444909\n|move|p1a: Hippowdon|Slack Off|p1a: Hippowdon\n|-heal|p1a: Hippowdon|311/311\n|move|p2a: Rhyperior|Rock Polish|p2a: Rhyperior\n|-boost|p2a: Rhyperior|spe|2\n|\n|-weather|Sandstorm|[upkeep]\n|upkeep\n|turn|8\n|\n|t:|1781444914\n|move|p2a: Rhyperior|Earthquake|p1a: Hippowdon\n|-damage|p1a: Hippowdon|209/311\n|move|p1a: Hippowdon|Curse|p1a: Hippowdon\n|-unboost|p1a: Hippowdon|spe|1\n|-boost|p1a: Hippowdon|atk|1\n|-boost|p1a: Hippowdon|def|1\n|\n|-weather|Sandstorm|[upkeep]\n|-heal|p1a: Hippowdon|228/311|[from] item: Leftovers\n|upkeep\n|turn|9\n|\n|t:|1781444921\n|switch|p2a: Ogerpon|Ogerpon, L80, F|227/259\n|move|p1a: Hippowdon|Curse|p1a: Hippowdon\n|-unboost|p1a: Hippowdon|spe|1\n|-boost|p1a: Hippowdon|atk|1\n|-boost|p1a: Hippowdon|def|1\n|\n|-weather|Sandstorm|[upkeep]\n|-damage|p2a: Ogerpon|211/259|[from] Sandstorm\n|-heal|p1a: Hippowdon|247/311|[from] item: Leftovers\n|upkeep\n|turn|10\n|\n|t:|1781444928\n|move|p2a: Ogerpon|U-turn|p1a: Hippowdon\n|-damage|p1a: Hippowdon|226/311\n|\n|t:|1781444933\n|switch|p2a: Honchkrow|Honchkrow, L86, F|246/312|[from] U-turn\n|move|p1a: Hippowdon|Stone Edge|p2a: Honchkrow\n|-supereffective|p2a: Honchkrow\n|-damage|p2a: Honchkrow|0 fnt\n|faint|p2a: Honchkrow\n|\n|-weather|none\n|-heal|p1a: Hippowdon|245/311|[from] item: Leftovers\n|upkeep\n|\n|t:|1781444941\n|switch|p2a: Ogerpon|Ogerpon, L80, F|211/259\n|turn|11\n|\n|t:|1781444943\n|switch|p1a: Ariados|Ariados, L95, F|224/287\n|move|p2a: Ogerpon|Ivy Cudgel|p1a: Ariados\n|-resisted|p1a: Ariados\n|-damage|p1a: Ariados|193/287\n|\n|upkeep\n|turn|12\n|\n|t:|1781444947\n|move|p2a: Ogerpon|U-turn|p1a: Ariados\n|-resisted|p1a: Ariados\n|-damage|p1a: Ariados|165/287\n|\n|t:|1781444953\n|switch|p2a: Metagross|Metagross, L79|256/256|[from] U-turn\n|-activate|p2a: Metagross|move: Sticky Web\n|-fail|p2a: Metagross|unboost|[from] ability: Clear Body|[of] p2a: Metagross\n|-damage|p2a: Metagross|224/256|[from] Spikes\n|move|p1a: Ariados|Megahorn|p2a: Metagross\n|-damage|p2a: Metagross|104/256\n|\n|-heal|p2a: Metagross|120/256|[from] item: Leftovers\n|upkeep\n|turn|13\n|\n|t:|1781444963\n|move|p1a: Ariados|Sucker Punch||[still]\n|-fail|p1a: Ariados\n|move|p2a: Metagross|Stealth Rock|p1a: Ariados\n|-sidestart|p1: Cygnus11235|move: Stealth Rock\n|\n|-heal|p2a: Metagross|136/256|[from] item: Leftovers\n|upkeep\n|turn|14\n|\n|t:|1781444968\n|move|p1a: Ariados|Sucker Punch|p2a: Metagross\n|-supereffective|p2a: Metagross\n|-damage|p2a: Metagross|42/256\n|move|p2a: Metagross|Heavy Slam|p1a: Ariados\n|-damage|p1a: Ariados|0 fnt\n|faint|p1a: Ariados\n|\n|-heal|p2a: Metagross|58/256|[from] item: Leftovers\n|upkeep\n|\n|t:|1781444979\n|switch|p1a: Pyroar|Pyroar, L88, M|295/295\n|-ability|p1a: Pyroar|Unnerve\n|turn|15\n|\n|t:|1781444993\n|move|p2a: Metagross|Bullet Punch|p1a: Pyroar\n|-resisted|p1a: Pyroar\n|-damage|p1a: Pyroar|269/295\n|move|p1a: Pyroar|Work Up|p1a: Pyroar\n|-boost|p1a: Pyroar|atk|1\n|-boost|p1a: Pyroar|spa|1\n|\n|-heal|p2a: Metagross|74/256|[from] item: Leftovers\n|upkeep\n|turn|16\n|inactive|Battle timer is ON: inactive players will automatically lose when time's up. (requested by Kieskauer)\n|\n|t:|1781445018\n|move|p1a: Pyroar|Work Up|p1a: Pyroar\n|-boost|p1a: Pyroar|atk|1\n|-boost|p1a: Pyroar|spa|1\n|move|p2a: Metagross|Earthquake|p1a: Pyroar\n|-supereffective|p1a: Pyroar\n|-damage|p1a: Pyroar|101/295\n|\n|-heal|p2a: Metagross|90/256|[from] item: Leftovers\n|upkeep\n|turn|17\n|\n|t:|1781445027\n|move|p1a: Pyroar|Dark Pulse|p2a: Metagross\n|-supereffective|p2a: Metagross\n|-damage|p2a: Metagross|0 fnt\n|faint|p2a: Metagross\n|\n|upkeep\n|\n|t:|1781445033\n|switch|p2a: Weavile|Weavile, L79, M|240/240\n|turn|18\n|\n|t:|1781445050\n|-terastallize|p2a: Weavile|Dark\n|move|p2a: Weavile|Knock Off|p1a: Pyroar\n|-damage|p1a: Pyroar|0 fnt\n|-enditem|p1a: Pyroar|Heavy-Duty Boots|[from] move: Knock Off|[of] p2a: Weavile\n|faint|p1a: Pyroar\n|\n|upkeep\n|\n|t:|1781445053\n|switch|p1a: Klefki|Klefki, L84, F|177/233\n|-damage|p1a: Klefki|163/233|[from] Stealth Rock\n|turn|19\n|\n|t:|1781445058\n|switch|p2a: Rhyperior|Rhyperior, L82, M|323/323\n|-activate|p2a: Rhyperior|move: Sticky Web\n|-unboost|p2a: Rhyperior|spe|1\n|-damage|p2a: Rhyperior|283/323|[from] Spikes\n|move|p1a: Klefki|Dazzling Gleam|p2a: Rhyperior\n|-damage|p2a: Rhyperior|175/323\n|\n|-heal|p1a: Klefki|177/233|[from] item: Leftovers\n|upkeep\n|turn|20\n|\n|t:|1781445064\n|move|p1a: Klefki|Dazzling Gleam|p2a: Rhyperior\n|-damage|p2a: Rhyperior|67/323\n|move|p2a: Rhyperior|Earthquake|p1a: Klefki\n|-supereffective|p1a: Klefki\n|-damage|p1a: Klefki|0 fnt\n|faint|p1a: Klefki\n|\n|upkeep\n|\n|t:|1781445074\n|switch|p1a: Stonjourner|Stonjourner, L91, M|330/330\n|-damage|p1a: Stonjourner|289/330|[from] Stealth Rock\n|turn|21\n|\n|t:|1781445079\n|move|p1a: Stonjourner|Rock Polish|p1a: Stonjourner\n|-boost|p1a: Stonjourner|spe|2\n|move|p2a: Rhyperior|Earthquake|p1a: Stonjourner\n|-supereffective|p1a: Stonjourner\n|-damage|p1a: Stonjourner|115/330\n|\n|upkeep\n|turn|22\n|\n|t:|1781445088\n|move|p1a: Stonjourner|Earthquake|p2a: Rhyperior\n|-supereffective|p2a: Rhyperior\n|-damage|p2a: Rhyperior|0 fnt\n|faint|p2a: Rhyperior\n|-damage|p1a: Stonjourner|82/330|[from] item: Life Orb\n|\n|upkeep\n|\n|t:|1781445108\n|switch|p2a: Oinkologne|Oinkologne-F, L92, F|361/361\n|-activate|p2a: Oinkologne|move: Sticky Web\n|-unboost|p2a: Oinkologne|spe|1\n|-damage|p2a: Oinkologne|316/361|[from] Spikes\n|turn|23\n|\n|t:|1781445119\n|move|p1a: Stonjourner|Stone Edge|p2a: Oinkologne\n|-damage|p2a: Oinkologne|92/361\n|-damage|p1a: Stonjourner|49/330|[from] item: Life Orb\n|move|p2a: Oinkologne|Body Slam|p1a: Stonjourner\n|-resisted|p1a: Stonjourner\n|-damage|p1a: Stonjourner|14/330\n|-status|p1a: Stonjourner|par\n|\n|-heal|p2a: Oinkologne|114/361|[from] item: Leftovers\n|upkeep\n|turn|24\n|\n|t:|1781445127\n|move|p1a: Stonjourner|Stone Edge|p2a: Oinkologne\n|-damage|p2a: Oinkologne|0 fnt\n|faint|p2a: Oinkologne\n|-damage|p1a: Stonjourner|0 fnt|[from] item: Life Orb\n|faint|p1a: Stonjourner\n|\n|upkeep\n|\n|t:|1781445141\n|switch|p1a: Hippowdon|Hippowdon, L82, M|245/311\n|switch|p2a: Ogerpon|Ogerpon, L80, F|211/259\n|-damage|p1a: Hippowdon|226/311|[from] Stealth Rock\n|-weather|Sandstorm|[from] ability: Sand Stream|[of] p1a: Hippowdon\n|turn|25\n|\n|t:|1781445146\n|switch|p1a: Oranguru|Oranguru, L92, F|315/315\n|-damage|p1a: Oranguru|276/315|[from] Stealth Rock\n|move|p2a: Ogerpon|Ivy Cudgel|p1a: Oranguru\n|-crit|p1a: Oranguru\n|-damage|p1a: Oranguru|120/315\n|\n|-weather|Sandstorm|[upkeep]\n|-damage|p2a: Ogerpon|195/259|[from] Sandstorm\n|-damage|p1a: Oranguru|101/315|[from] Sandstorm\n|upkeep\n|turn|26\n|\n|t:|1781445156\n|move|p2a: Ogerpon|Ivy Cudgel|p1a: Oranguru\n|-damage|p1a: Oranguru|0 fnt\n|faint|p1a: Oranguru\n|\n|-weather|Sandstorm|[upkeep]\n|-damage|p2a: Ogerpon|179/259|[from] Sandstorm\n|upkeep\n|-message|Cygnus11235 forfeited.\n|\n|win|Kieskauer\n", "inputlog": ">version a8376a258c1d4662feba110a92103f3664a72141\n>start {\"formatid\":\"gen9randombattle\",\"seed\":\"sodium,563cd5e6c7d3120e1034017caf568778\",\"rated\":\"Rated battle\"}\n>player p1 {\"name\":\"Cygnus11235\",\"avatar\":\"169\",\"rating\":1960,\"seed\":\"sodium,c6203d3f23252763a45bfab76e496b8f\"}\n>player p2 {\"name\":\"Kieskauer\",\"avatar\":\"265\",\"rating\":2040,\"seed\":\"sodium,ca8c56624e373fa88c62f22ede8a5e60\"}\n>p1 move curse\n>p2 switch 3\n>p1 switch 5\n>p2 move encore\n>p1 move stickyweb\n>p2 move uturn\n>p2 switch 3\n>p1 switch 2\n>p2 move bravebird\n>p1 move spikes\n>p2 switch 5\n>p1 switch 5\n>p2 move earthquake\n>p1 move slackoff\n>p2 move rockpolish\n>p1 move curse\n>p2 move earthquake\n>p1 move curse\n>p2 switch 3\n>p1 move stoneedge\n>p2 move uturn\n>p2 switch 5\n>p2 switch 5\n>p1 switch 2\n>p2 move ivycudgel\n>p1 move megahorn\n>p2 move uturn\n>p2 switch 6\n>p1 move suckerpunch\n>p2 move stealthrock\n>p1 move suckerpunch\n>p2 move heavyslam\n>p1 switch 4\n>p1 move workup\n>p2 move bulletpunch\n>p1 move workup\n>p2 move earthquake\n>p1 move darkpulse\n>p2 move earthquake\n>p2 switch 2\n>p1 move fireblast\n>p2 move knockoff terastallize\n>p1 switch 5\n>p1 move dazzlinggleam\n>p2 switch 3\n>p1 move dazzlinggleam\n>p2 move earthquake\n>p1 switch 3\n>p1 move rockpolish\n>p2 move earthquake\n>p1 move earthquake\n>p2 move earthquake\n>p2 switch 4\n>p1 move stoneedge\n>p2 move bodyslam\n>p1 move stoneedge\n>p2 move rest\n>p1 switch 2\n>p2 switch 6\n>p1 switch 6\n>p2 move ivycudgel\n>p1 move hypervoice\n>p2 move ivycudgel\n>forcelose p1", "uploadtime": 1781444822, "views": 6, "formatid": "gen9randombattle", "rating": null, "private": 0, "password": null}