{"id": "gen9randombattle-2631538898", "format": "[Gen 9] Random Battle", "players": ["zenkijooj", "mfcorrea11"], "log": "|j|\u2606zenkijooj\n|j|\u2606mfcorrea11\n|t:|1781398439\n|gametype|singles\n|player|p1|zenkijooj|rosa|1924\n|player|p2|mfcorrea11|169|1950\n|gen|9\n|tier|[Gen 9] Random Battle\n|rated|\n|rule|Species Clause: Limit one of each Pok\u00e9mon\n|rule|HP Percentage Mod: HP is shown in percentages\n|rule|Sleep Clause Mod: Limit one foe put to sleep\n|rule|Illusion Level Mod: Illusion disguises the Pok\u00e9mon's true level\n|\n|t:|1781398439\n|teamsize|p1|6\n|teamsize|p2|6\n|start\n|switch|p1a: Sandy Shocks|Sandy Shocks, L80|267/267\n|switch|p2a: Rayquaza|Rayquaza, L72|270/270\n|-ability|p2a: Rayquaza|Air Lock\n|turn|1\n|\n|t:|1781398464\n|move|p1a: Sandy Shocks|Volt Switch|p2a: Rayquaza\n|-crit|p2a: Rayquaza\n|-damage|p2a: Rayquaza|117/270\n|\n|t:|1781398477\n|-end|p1a: Sandy Shocks|Protosynthesis|[silent]\n|switch|p1a: Regigigas|Regigigas, L84|322/322|[from] Volt Switch\n|-start|p1a: Regigigas|ability: Slow Start\n|move|p2a: Rayquaza|Earthquake|p1a: Regigigas\n|-damage|p1a: Regigigas|234/322\n|\n|-heal|p1a: Regigigas|254/322|[from] item: Leftovers\n|upkeep\n|turn|2\n|\n|t:|1781398502\n|switch|p2a: Diancie|Diancie, L82|216/216\n|move|p1a: Regigigas|Knock Off|p2a: Diancie\n|-resisted|p2a: Diancie\n|-damage|p2a: Diancie|200/216\n|-enditem|p2a: Diancie|Leftovers|[from] move: Knock Off|[of] p1a: Regigigas\n|\n|-heal|p1a: Regigigas|274/322|[from] item: Leftovers\n|upkeep\n|turn|3\n|\n|t:|1781398525\n|switch|p1a: Sandy Shocks|Sandy Shocks, L80|267/267\n|move|p2a: Diancie|Calm Mind|p2a: Diancie\n|-boost|p2a: Diancie|spa|1\n|-boost|p2a: Diancie|spd|1\n|\n|upkeep\n|turn|4\n|\n|t:|1781398543\n|move|p1a: Sandy Shocks|Volt Switch|p2a: Diancie\n|-damage|p2a: Diancie|164/216\n|\n|t:|1781398548\n|-end|p1a: Sandy Shocks|Protosynthesis|[silent]\n|switch|p1a: Sawsbuck|Sawsbuck-Winter, L88, F|284/284|[from] Volt Switch\n|move|p2a: Diancie|Earth Power|p1a: Sawsbuck\n|-resisted|p1a: Sawsbuck\n|-damage|p1a: Sawsbuck|232/284\n|\n|upkeep\n|turn|5\n|\n|t:|1781398556\n|switch|p2a: Vileplume|Vileplume, L85, M|266/266\n|move|p1a: Sawsbuck|Swords Dance|p1a: Sawsbuck\n|-boost|p1a: Sawsbuck|atk|2\n|\n|upkeep\n|turn|6\n|\n|t:|1781398562\n|move|p1a: Sawsbuck|Headbutt|p2a: Vileplume\n|-damage|p2a: Vileplume|36/266\n|-damage|p1a: Sawsbuck|204/284|[from] item: Life Orb\n|cant|p2a: Vileplume|flinch\n|\n|-heal|p2a: Vileplume|52/266|[from] item: Leftovers\n|upkeep\n|turn|7\n|\n|t:|1781398571\n|move|p1a: Sawsbuck|Headbutt|p2a: Vileplume\n|-damage|p2a: Vileplume|0 fnt\n|faint|p2a: Vileplume\n|-damage|p1a: Sawsbuck|176/284|[from] item: Life Orb\n|\n|upkeep\n|-message|mfcorrea11 forfeited.\n|\n|win|zenkijooj\n|raw|zenkijooj's rating: 1924 &rarr; <strong>1945</strong><br />(+21 for winning)\n|raw|mfcorrea11's rating: 1950 &rarr; <strong>1929</strong><br />(-21 for losing)\n", "inputlog": ">version a8376a258c1d4662feba110a92103f3664a72141\n>start {\"formatid\":\"gen9randombattle\",\"seed\":\"sodium,398895c0e7b74ebd180f02362e98fef5\",\"rated\":\"Rated battle\"}\n>player p1 {\"name\":\"zenkijooj\",\"avatar\":\"rosa\",\"rating\":1924,\"seed\":\"sodium,bc7484b0ed17d2dcc6c1535de46fab95\"}\n>player p2 {\"name\":\"mfcorrea11\",\"avatar\":\"169\",\"rating\":1950,\"seed\":\"sodium,dbf38b37eb60fa3899cf8caf9433c5b4\"}\n>p1 move voltswitch\n>p2 move earthquake\n>p1 switch 6\n>p1 move knockoff\n>p2 switch 4\n>p1 switch 6\n>p2 move calmmind\n>p1 move voltswitch\n>p2 move earthpower\n>p1 switch 2\n>p1 move swordsdance\n>p2 switch 5\n>p1 move headbutt\n>p2 move sludgebomb\n>p1 move headbutt\n>p2 move sludgebomb\n>forcelose p2", "uploadtime": 1781398441, "views": 11, "formatid": "gen9randombattle", "rating": 1929, "private": 0, "password": null}