{"id": "gen9randombattle-2631726617", "format": "[Gen 9] Random Battle", "players": ["joa_27", "vogabal"], "log": "|j|\u2606joa_27\n|j|\u2606vogabal\n|t:|1781429386\n|gametype|singles\n|player|p1|joa_27|harlequin|1904\n|player|p2|vogabal|169|1999\n|gen|9\n|tier|[Gen 9] Random Battle\n|rated|\n|rule|Species Clause: Limit one of each Pok\u00e9mon\n|rule|HP Percentage Mod: HP is shown in percentages\n|rule|Sleep Clause Mod: Limit one foe put to sleep\n|rule|Illusion Level Mod: Illusion disguises the Pok\u00e9mon's true level\n|\n|t:|1781429386\n|teamsize|p1|6\n|teamsize|p2|6\n|start\n|switch|p1a: Bronzong|Bronzong, L88|261/261\n|switch|p2a: Beartic|Beartic, L91, F|321/321\n|turn|1\n|\n|t:|1781429394\n|switch|p2a: Swampert|Swampert, L83, M|302/302\n|move|p1a: Bronzong|Iron Defense|p1a: Bronzong\n|-boost|p1a: Bronzong|def|2\n|\n|upkeep\n|turn|2\n|\n|t:|1781429399\n|move|p2a: Swampert|Stealth Rock|p1a: Bronzong\n|-sidestart|p1: joa_27|move: Stealth Rock\n|move|p1a: Bronzong|Body Press|p2a: Swampert\n|-damage|p2a: Swampert|148/302\n|\n|-heal|p2a: Swampert|166/302|[from] item: Leftovers\n|upkeep\n|turn|3\n|\n|t:|1781429402\n|move|p1a: Bronzong|Psychic Noise|p2a: Swampert\n|-damage|p2a: Swampert|96/302\n|-start|p2a: Swampert|move: Heal Block\n|move|p2a: Swampert|Roar|p1a: Bronzong\n|drag|p1a: Mesprit|Mesprit, L85|275/275\n|-damage|p1a: Mesprit|241/275|[from] Stealth Rock\n|\n|upkeep\n|turn|4\n|\n|t:|1781429415\n|move|p1a: Mesprit|Drain Punch|p2a: Swampert\n|-damage|p2a: Swampert|34/302\n|-heal|p1a: Mesprit|272/275|[from] drain|[of] p2a: Swampert\n|move|p2a: Swampert|Roar|p1a: Mesprit\n|drag|p1a: Roaring Moon|Roaring Moon, L72|270/270\n|-damage|p1a: Roaring Moon|237/270|[from] Stealth Rock\n|-enditem|p1a: Roaring Moon|Booster Energy\n|-activate|p1a: Roaring Moon|ability: Protosynthesis|[fromitem]\n|-start|p1a: Roaring Moon|protosynthesisatk\n|\n|-end|p2a: Swampert|move: Heal Block\n|upkeep\n|turn|5\n|\n|t:|1781429429\n|move|p1a: Roaring Moon|Knock Off|p2a: Swampert\n|-damage|p2a: Swampert|0 fnt\n|-enditem|p2a: Swampert|Leftovers|[from] move: Knock Off|[of] p1a: Roaring Moon\n|faint|p2a: Swampert\n|\n|upkeep\n|\n|t:|1781429433\n|switch|p2a: Beartic|Beartic, L91, F|321/321\n|turn|6\n|\n|t:|1781429467\n|move|p1a: Roaring Moon|Iron Head|p2a: Beartic\n|-supereffective|p2a: Beartic\n|-damage|p2a: Beartic|173/321\n|move|p2a: Beartic|Close Combat|p1a: Roaring Moon\n|-supereffective|p1a: Roaring Moon\n|-damage|p1a: Roaring Moon|0 fnt\n|-unboost|p2a: Beartic|def|1\n|-unboost|p2a: Beartic|spd|1\n|faint|p1a: Roaring Moon\n|-end|p1a: Roaring Moon|Protosynthesis|[silent]\n|\n|upkeep\n|\n|t:|1781429473\n|switch|p1a: Bronzong|Bronzong, L88|261/261\n|-damage|p1a: Bronzong|245/261|[from] Stealth Rock\n|turn|7\n|\n|t:|1781429480\n|switch|p2a: Hawlucha|Hawlucha, L80, M|256/256\n|move|p1a: Bronzong|Iron Defense|p1a: Bronzong\n|-boost|p1a: Bronzong|def|2\n|\n|upkeep\n|turn|8\n|\n|t:|1781429490\n|switch|p2a: Beartic|Beartic, L91, F|173/321\n|move|p1a: Bronzong|Psychic Noise|p2a: Beartic\n|-damage|p2a: Beartic|97/321\n|-start|p2a: Beartic|move: Heal Block\n|\n|upkeep\n|turn|9\n|\n|t:|1781429503\n|move|p2a: Beartic|Close Combat|p1a: Bronzong\n|-damage|p1a: Bronzong|192/261\n|-unboost|p2a: Beartic|def|1\n|-unboost|p2a: Beartic|spd|1\n|move|p1a: Bronzong|Psychic Noise|p2a: Beartic\n|-damage|p2a: Beartic|0 fnt\n|faint|p2a: Beartic\n|\n|upkeep\n|\n|t:|1781429504\n|switch|p2a: Dudunsparce|Dudunsparce-Three-Segment, L83, F|343/343\n|turn|10\n|\n|t:|1781429510\n|-terastallize|p2a: Dudunsparce|Ghost\n|move|p2a: Dudunsparce|Calm Mind|p2a: Dudunsparce\n|-boost|p2a: Dudunsparce|spa|1\n|-boost|p2a: Dudunsparce|spd|1\n|move|p1a: Bronzong|Body Press|p2a: Dudunsparce\n|-immune|p2a: Dudunsparce\n|\n|upkeep\n|turn|11\n|\n|t:|1781429517\n|move|p2a: Dudunsparce|Shadow Ball|p1a: Bronzong\n|-supereffective|p1a: Bronzong\n|-damage|p1a: Bronzong|24/261\n|move|p1a: Bronzong|Psychic Noise|p2a: Dudunsparce\n|-damage|p2a: Dudunsparce|289/343\n|-start|p2a: Dudunsparce|move: Heal Block\n|\n|upkeep\n|turn|12\n|\n|t:|1781429522\n|move|p2a: Dudunsparce|Shadow Ball|p1a: Bronzong\n|-supereffective|p1a: Bronzong\n|-damage|p1a: Bronzong|0 fnt\n|faint|p1a: Bronzong\n|\n|-end|p2a: Dudunsparce|move: Heal Block\n|upkeep\n|\n|t:|1781429534\n|switch|p1a: Mesprit|Mesprit, L85|272/275\n|-damage|p1a: Mesprit|238/275|[from] Stealth Rock\n|turn|13\n|\n|t:|1781429536\n|move|p1a: Mesprit|Knock Off|p2a: Dudunsparce\n|-supereffective|p2a: Dudunsparce\n|-damage|p2a: Dudunsparce|127/343\n|-ability|p2a: Dudunsparce|Rattled|boost\n|-boost|p2a: Dudunsparce|spe|1\n|-enditem|p2a: Dudunsparce|Leftovers|[from] move: Knock Off|[of] p1a: Mesprit\n|move|p2a: Dudunsparce|Shadow Ball|p1a: Mesprit\n|-supereffective|p1a: Mesprit\n|-damage|p1a: Mesprit|98/275\n|\n|upkeep\n|turn|14\n|\n|t:|1781429542\n|move|p2a: Dudunsparce|Roost|p2a: Dudunsparce\n|-heal|p2a: Dudunsparce|299/343\n|move|p1a: Mesprit|Knock Off|p2a: Dudunsparce\n|-supereffective|p2a: Dudunsparce\n|-damage|p2a: Dudunsparce|191/343\n|-ability|p2a: Dudunsparce|Rattled|boost\n|-boost|p2a: Dudunsparce|spe|1\n|\n|upkeep\n|turn|15\n|\n|t:|1781429551\n|move|p2a: Dudunsparce|Roost|p2a: Dudunsparce\n|-heal|p2a: Dudunsparce|343/343\n|move|p1a: Mesprit|Knock Off|p2a: Dudunsparce\n|-supereffective|p2a: Dudunsparce\n|-damage|p2a: Dudunsparce|231/343\n|-ability|p2a: Dudunsparce|Rattled|boost\n|-boost|p2a: Dudunsparce|spe|1\n|\n|upkeep\n|turn|16\n|\n|t:|1781429558\n|move|p2a: Dudunsparce|Calm Mind|p2a: Dudunsparce\n|-boost|p2a: Dudunsparce|spa|1\n|-boost|p2a: Dudunsparce|spd|1\n|move|p1a: Mesprit|Knock Off|p2a: Dudunsparce\n|-supereffective|p2a: Dudunsparce\n|-damage|p2a: Dudunsparce|123/343\n|-ability|p2a: Dudunsparce|Rattled|boost\n|-boost|p2a: Dudunsparce|spe|1\n|\n|upkeep\n|turn|17\n|\n|t:|1781429562\n|switch|p1a: Chi-Yu|Chi-Yu, L77|211/211\n|-damage|p1a: Chi-Yu|159/211|[from] Stealth Rock\n|-ability|p1a: Chi-Yu|Beads of Ruin\n|move|p2a: Dudunsparce|Roost|p2a: Dudunsparce\n|-heal|p2a: Dudunsparce|295/343\n|\n|upkeep\n|turn|18\n|-message|joa_27 forfeited.\n|\n|win|vogabal\n", "inputlog": ">version a8376a258c1d4662feba110a92103f3664a72141\n>start {\"formatid\":\"gen9randombattle\",\"seed\":\"sodium,b2a218202dadb27b7e0c371b2f959efc\",\"rated\":\"Rated battle\"}\n>player p1 {\"name\":\"joa_27\",\"avatar\":\"harlequin\",\"rating\":1904,\"seed\":\"sodium,d1183911f3e23e09a74497d221467e9f\"}\n>player p2 {\"name\":\"vogabal\",\"avatar\":\"169\",\"rating\":1999,\"seed\":\"sodium,a960664737f4e0a616c01f45e579779d\"}\n>p1 move irondefense\n>p2 switch 4\n>p1 move bodypress\n>p2 move stealthrock\n>p1 move psychicnoise\n>p2 move roar\n>p1 move drainpunch\n>p2 move roar\n>p1 move knockoff\n>p2 move earthquake\n>p2 switch 4\n>p1 move ironhead\n>p2 move closecombat\n>p1 switch 6\n>p1 move irondefense\n>p2 switch 6\n>p1 move psychicnoise\n>p2 switch 6\n>p1 move psychicnoise\n>p2 move closecombat\n>p2 switch 2\n>p1 move bodypress\n>p2 move calmmind terastallize\n>p1 move psychicnoise\n>p2 move shadowball\n>p1 move psychicnoise\n>p2 move shadowball\n>p1 switch 5\n>p1 move knockoff\n>p2 move shadowball\n>p1 move knockoff\n>p2 move roost\n>p1 move knockoff\n>p2 move roost\n>p1 move knockoff\n>p2 move calmmind\n>p1 switch 4\n>p2 move roost\n>forcelose p1", "uploadtime": 1781429387, "views": 8, "formatid": "gen9randombattle", "rating": null, "private": 0, "password": null}