{"id": "gen9randombattle-2631372891", "format": "[Gen 9] Random Battle", "players": ["reeeee9696", "RoRoy8"], "log": "|j|\u2606reeeee9696\n|j|\u2606RoRoy8\n|t:|1781376956\n|gametype|singles\n|player|p1|reeeee9696|170|1349\n|player|p2|RoRoy8|benga|1374\n|gen|9\n|tier|[Gen 9] Random Battle\n|rated|\n|rule|Species Clause: Limit one of each Pok\u00e9mon\n|rule|HP Percentage Mod: HP is shown in percentages\n|rule|Sleep Clause Mod: Limit one foe put to sleep\n|rule|Illusion Level Mod: Illusion disguises the Pok\u00e9mon's true level\n|\n|t:|1781376956\n|teamsize|p1|6\n|teamsize|p2|6\n|start\n|switch|p1a: Walking Wake|Walking Wake, L79|286/286\n|switch|p2a: Toxtricity|Toxtricity, L82, M|257/257\n|turn|1\n|\n|t:|1781376973\n|move|p1a: Walking Wake|Flip Turn|p2a: Toxtricity\n|-damage|p2a: Toxtricity|200/257\n|\n|t:|1781376977\n|-end|p1a: Walking Wake|Protosynthesis|[silent]\n|switch|p1a: Dugtrio|Dugtrio-Alola, L84, M|196/196|[from] Flip Turn\n|move|p2a: Toxtricity|Shift Gear|p2a: Toxtricity\n|-boost|p2a: Toxtricity|spe|2\n|-boost|p2a: Toxtricity|atk|1\n|\n|upkeep\n|turn|2\n|\n|t:|1781376987\n|-terastallize|p2a: Toxtricity|Normal\n|move|p2a: Toxtricity|Boomburst|p1a: Dugtrio\n|-resisted|p1a: Dugtrio\n|-damage|p1a: Dugtrio|81/196\n|-enditem|p2a: Toxtricity|Throat Spray\n|-boost|p2a: Toxtricity|spa|1|[from] item: Throat Spray\n|move|p1a: Dugtrio|Earthquake|p2a: Toxtricity\n|-crit|p2a: Toxtricity\n|-damage|p2a: Toxtricity|0 fnt\n|faint|p2a: Toxtricity\n|-damage|p1a: Dugtrio|62/196|[from] item: Life Orb\n|\n|upkeep\n|\n|t:|1781377003\n|switch|p2a: Drednaw|Drednaw, L81, F|278/278\n|turn|3\n|\n|t:|1781377010\n|move|p1a: Dugtrio|Earthquake|p2a: Drednaw\n|-supereffective|p2a: Drednaw\n|-damage|p2a: Drednaw|0 fnt\n|faint|p2a: Drednaw\n|-damage|p1a: Dugtrio|43/196|[from] item: Life Orb\n|\n|upkeep\n|\n|t:|1781377013\n|switch|p2a: Blastoise|Blastoise, L80, F|258/258\n|turn|4\n|\n|t:|1781377020\n|move|p1a: Dugtrio|Earthquake|p2a: Blastoise\n|-damage|p2a: Blastoise|128/258\n|-damage|p1a: Dugtrio|24/196|[from] item: Life Orb\n|move|p2a: Blastoise|Shell Smash|p2a: Blastoise\n|-unboost|p2a: Blastoise|def|1\n|-unboost|p2a: Blastoise|spd|1\n|-boost|p2a: Blastoise|atk|2\n|-boost|p2a: Blastoise|spa|2\n|-boost|p2a: Blastoise|spe|2\n|-enditem|p2a: Blastoise|White Herb\n|-clearnegativeboost|p2a: Blastoise|[silent]\n|\n|upkeep\n|turn|5\n|\n|t:|1781377031\n|switch|p1a: Walking Wake|Walking Wake, L79|286/286\n|move|p2a: Blastoise|Hydro Pump|p1a: Walking Wake\n|-resisted|p1a: Walking Wake\n|-damage|p1a: Walking Wake|234/286\n|\n|upkeep\n|turn|6\n|\n|t:|1781377038\n|move|p2a: Blastoise|Ice Beam|p1a: Walking Wake\n|-damage|p1a: Walking Wake|114/286\n|move|p1a: Walking Wake|Draco Meteor|p2a: Blastoise\n|-damage|p2a: Blastoise|0 fnt\n|-unboost|p1a: Walking Wake|spa|2\n|faint|p2a: Blastoise\n|\n|upkeep\n|\n|t:|1781377045\n|switch|p2a: Zebstrika|Zebstrika, L87, M|272/272\n|turn|7\n|\n|t:|1781377053\n|move|p2a: Zebstrika|High Horsepower|p1a: Walking Wake|[miss]\n|-miss|p2a: Zebstrika|p1a: Walking Wake\n|move|p1a: Walking Wake|Draco Meteor|p2a: Zebstrika\n|-damage|p2a: Zebstrika|124/272\n|-unboost|p1a: Walking Wake|spa|2\n|\n|upkeep\n|turn|8\n|\n|t:|1781377057\n|move|p2a: Zebstrika|High Horsepower|p1a: Walking Wake\n|-damage|p1a: Walking Wake|23/286\n|-damage|p2a: Zebstrika|97/272|[from] item: Life Orb\n|move|p1a: Walking Wake|Draco Meteor|p2a: Zebstrika\n|-damage|p2a: Zebstrika|13/272\n|-unboost|p1a: Walking Wake|spa|2\n|\n|upkeep\n|turn|9\n|c|\u2606RoRoy8|gg\n|-message|RoRoy8 forfeited.\n|\n|win|reeeee9696\n|raw|reeeee9696's rating: 1329 &rarr; <strong>1352</strong><br />(+23 for winning)\n|raw|RoRoy8's rating: 1374 &rarr; <strong>1351</strong><br />(-23 for losing)\n|l|\u2606RoRoy8\n|player|p2|\n", "inputlog": ">version a8376a258c1d4662feba110a92103f3664a72141\n>start {\"formatid\":\"gen9randombattle\",\"seed\":\"sodium,1d97b155de851d247fc6aa1acaf30531\",\"rated\":\"Rated battle\"}\n>player p1 {\"name\":\"reeeee9696\",\"avatar\":\"170\",\"rating\":1349,\"seed\":\"sodium,a8227f21626de4c6e1c7de010a5886d4\"}\n>player p2 {\"name\":\"RoRoy8\",\"avatar\":\"benga\",\"rating\":1374,\"seed\":\"sodium,50aae791c3ea64dcede60a5d17d8f217\"}\n>p1 move flipturn\n>p2 move shiftgear\n>p1 switch 6\n>p1 move earthquake\n>p2 move boomburst terastallize\n>p2 switch 3\n>p1 move earthquake\n>p2 move shellsmash\n>p2 switch 5\n>p1 move earthquake\n>p2 move shellsmash\n>p1 switch 6\n>p2 move hydropump\n>p1 move dracometeor\n>p2 move icebeam\n>p2 switch 6\n>p1 move dracometeor\n>p2 move highhorsepower\n>p1 move dracometeor\n>p2 move highhorsepower\n>chat \u2606RoRoy8|gg\n>forcelose p2", "uploadtime": 1781377069, "views": 20, "formatid": "gen9randombattle", "rating": 1351, "private": 0, "password": null}