{"id": "gen9randombattle-2631482429", "format": "[Gen 9] Random Battle", "players": ["lionbark", "boxhero147"], "log": "|j|\u2606lionbark\n|j|\u2606boxhero147\n|t:|1781390549\n|gametype|singles\n|player|p1|lionbark|102|2109\n|player|p2|boxhero147|169|2103\n|gen|9\n|tier|[Gen 9] Random Battle\n|rated|\n|rule|Species Clause: Limit one of each Pok\u00e9mon\n|rule|HP Percentage Mod: HP is shown in percentages\n|rule|Sleep Clause Mod: Limit one foe put to sleep\n|rule|Illusion Level Mod: Illusion disguises the Pok\u00e9mon's true level\n|\n|t:|1781390549\n|teamsize|p1|6\n|teamsize|p2|6\n|start\n|switch|p1a: Decidueye|Decidueye-Hisui, L87, F|295/295\n|switch|p2a: Emboar|Emboar, L84, F|322/322\n|turn|1\n|inactive|Battle timer is ON: inactive players will automatically lose when time's up. (requested by lionbark)\n|inactive|lionbark has 120 seconds left.\n|\n|t:|1781390583\n|switch|p1a: Uxie|Uxie, L83|260/260\n|move|p2a: Emboar|Bulk Up|p2a: Emboar\n|-boost|p2a: Emboar|atk|1\n|-boost|p2a: Emboar|def|1\n|\n|upkeep\n|turn|2\n|\n|t:|1781390593\n|-terastallize|p2a: Emboar|Grass\n|move|p1a: Uxie|Stealth Rock|p2a: Emboar\n|-sidestart|p2: boxhero147|move: Stealth Rock\n|move|p2a: Emboar|Trailblaze|p1a: Uxie\n|-damage|p1a: Uxie|173/260\n|-boost|p2a: Emboar|spe|1\n|\n|-heal|p1a: Uxie|189/260|[from] item: Leftovers\n|upkeep\n|turn|3\n|\n|t:|1781390615\n|move|p2a: Emboar|Flare Blitz|p1a: Uxie\n|-damage|p1a: Uxie|0 fnt\n|faint|p1a: Uxie\n|-damage|p2a: Emboar|260/322|[from] Recoil\n|\n|-heal|p2a: Emboar|280/322|[from] item: Leftovers\n|upkeep\n|inactive|lionbark has 120 seconds left.\n|\n|t:|1781390630\n|switch|p1a: Groudon|Groudon, L72|263/263\n|-weather|SunnyDay|[from] ability: Drought|[of] p1a: Groudon\n|turn|4\n|\n|t:|1781390639\n|-terastallize|p1a: Groudon|Fire\n|move|p2a: Emboar|Bulk Up|p2a: Emboar\n|-boost|p2a: Emboar|atk|1\n|-boost|p2a: Emboar|def|1\n|move|p1a: Groudon|Heat Crash|p2a: Emboar\n|-supereffective|p2a: Emboar\n|-crit|p2a: Emboar\n|-damage|p2a: Emboar|0 fnt\n|faint|p2a: Emboar\n|\n|-weather|SunnyDay|[upkeep]\n|upkeep\n|c|\u2606boxhero147|crit\n|c|\u2606boxhero147|XD\n|\n|t:|1781390658\n|switch|p2a: Iron Leaves|Iron Leaves, L80|275/275\n|-damage|p2a: Iron Leaves|241/275|[from] Stealth Rock\n|turn|5\n|\n|t:|1781390665\n|move|p2a: Iron Leaves|Psyblade|p1a: Groudon\n|-damage|p1a: Groudon|137/263\n|move|p1a: Groudon|Heat Crash|p2a: Iron Leaves\n|-supereffective|p2a: Iron Leaves\n|-damage|p2a: Iron Leaves|0 fnt\n|faint|p2a: Iron Leaves\n|-end|p2a: Iron Leaves|Quark Drive|[silent]\n|\n|-weather|SunnyDay|[upkeep]\n|-heal|p1a: Groudon|153/263|[from] item: Leftovers\n|upkeep\n|\n|t:|1781390672\n|switch|p2a: Azelf|Azelf, L82|257/257\n|-damage|p2a: Azelf|225/257|[from] Stealth Rock\n|turn|6\n|\n|t:|1781390678\n|move|p2a: Azelf|Psychic|p1a: Groudon\n|-damage|p1a: Groudon|38/263\n|move|p1a: Groudon|Heat Crash|p2a: Azelf\n|-damage|p2a: Azelf|0 fnt\n|faint|p2a: Azelf\n|\n|-weather|SunnyDay|[upkeep]\n|-heal|p1a: Groudon|54/263|[from] item: Leftovers\n|upkeep\n|\n|t:|1781390690\n|switch|p2a: Basculin|Basculin, L86, M|261/261\n|-damage|p2a: Basculin|229/261|[from] Stealth Rock\n|turn|7\n|\n|t:|1781390710\n|move|p2a: Basculin|Double-Edge|p1a: Groudon\n|-damage|p1a: Groudon|0 fnt\n|faint|p1a: Groudon\n|-damage|p2a: Basculin|211/261|[from] Recoil\n|\n|-weather|SunnyDay|[upkeep]\n|upkeep\n|\n|t:|1781390718\n|switch|p1a: Bisharp|Bisharp, L79, M|232/232\n|turn|8\n|\n|t:|1781390723\n|switch|p2a: Bisharp|Bisharp, L79, F|232/232\n|-damage|p2a: Bisharp|218/232|[from] Stealth Rock\n|move|p1a: Bisharp|Swords Dance|p1a: Bisharp\n|-boost|p1a: Bisharp|atk|2\n|\n|-weather|none\n|upkeep\n|turn|9\n|\n|t:|1781390734\n|move|p1a: Bisharp|Swords Dance|p1a: Bisharp\n|-boost|p1a: Bisharp|atk|2\n|move|p2a: Bisharp|Swords Dance|p2a: Bisharp\n|-boost|p2a: Bisharp|atk|2\n|\n|upkeep\n|turn|10\n|\n|t:|1781390739\n|move|p1a: Bisharp|Swords Dance|p1a: Bisharp\n|-boost|p1a: Bisharp|atk|2\n|move|p2a: Bisharp|Swords Dance|p2a: Bisharp\n|-boost|p2a: Bisharp|atk|2\n|\n|upkeep\n|turn|11\n|\n|t:|1781390745\n|move|p1a: Bisharp|Iron Head|p2a: Bisharp\n|-resisted|p2a: Bisharp\n|-damage|p2a: Bisharp|98/232\n|move|p2a: Bisharp|Throat Chop|p1a: Bisharp\n|-resisted|p1a: Bisharp\n|-damage|p1a: Bisharp|151/232\n|-start|p1a: Bisharp|Throat Chop|[silent]\n|\n|upkeep\n|turn|12\n|\n|t:|1781390752\n|move|p2a: Bisharp|Sucker Punch|p1a: Bisharp\n|-resisted|p1a: Bisharp\n|-damage|p1a: Bisharp|76/232\n|move|p1a: Bisharp|Iron Head|p2a: Bisharp\n|-resisted|p2a: Bisharp\n|-damage|p2a: Bisharp|0 fnt\n|faint|p2a: Bisharp\n|\n|-end|p1a: Bisharp|Throat Chop|[silent]\n|upkeep\n|\n|t:|1781390759\n|switch|p2a: Basculin|Basculin, L86, M|211/261\n|-damage|p2a: Basculin|179/261|[from] Stealth Rock\n|turn|13\n|\n|t:|1781390769\n|move|p2a: Basculin|Aqua Jet|p1a: Bisharp\n|-damage|p1a: Bisharp|20/232\n|move|p1a: Bisharp|Sucker Punch||[still]\n|-fail|p1a: Bisharp\n|\n|upkeep\n|turn|14\n|\n|t:|1781390780\n|switch|p1a: Decidueye|Decidueye-Hisui, L87, F|295/295\n|move|p2a: Basculin|Aqua Jet|p1a: Decidueye\n|-resisted|p1a: Decidueye\n|-damage|p1a: Decidueye|249/295\n|\n|-heal|p1a: Decidueye|267/295|[from] item: Leftovers\n|upkeep\n|turn|15\n|\n|t:|1781390783\n|switch|p2a: Tinkaton|Tinkaton, L82, F|274/274\n|-damage|p2a: Tinkaton|257/274|[from] Stealth Rock\n|-ability|p2a: Tinkaton|Mold Breaker\n|move|p1a: Decidueye|Swords Dance|p1a: Decidueye\n|-boost|p1a: Decidueye|atk|2\n|\n|-heal|p2a: Tinkaton|274/274|[from] item: Leftovers\n|-heal|p1a: Decidueye|285/295|[from] item: Leftovers\n|upkeep\n|turn|16\n|\n|t:|1781390790\n|move|p2a: Tinkaton|Play Rough|p1a: Decidueye\n|-supereffective|p1a: Decidueye\n|-damage|p1a: Decidueye|121/295\n|move|p1a: Decidueye|Triple Arrows|p2a: Tinkaton\n|-damage|p2a: Tinkaton|22/274\n|\n|-heal|p2a: Tinkaton|39/274|[from] item: Leftovers\n|-heal|p1a: Decidueye|139/295|[from] item: Leftovers\n|upkeep\n|turn|17\n|\n|t:|1781390802\n|move|p2a: Tinkaton|Play Rough|p1a: Decidueye\n|-supereffective|p1a: Decidueye\n|-damage|p1a: Decidueye|0 fnt\n|faint|p1a: Decidueye\n|\n|-heal|p2a: Tinkaton|56/274|[from] item: Leftovers\n|upkeep\n|\n|t:|1781390812\n|switch|p1a: Miraidon|Miraidon, L65|238/238\n|-fieldstart|move: Electric Terrain|[from] ability: Hadron Engine|[of] p1a: Miraidon\n|turn|18\n|\n|t:|1781390817\n|move|p1a: Miraidon|Electro Drift|p2a: Tinkaton\n|-damage|p2a: Tinkaton|0 fnt\n|faint|p2a: Tinkaton\n|\n|upkeep\n|\n|t:|1781390820\n|switch|p2a: Basculin|Basculin, L86, M|179/261\n|-damage|p2a: Basculin|147/261|[from] Stealth Rock\n|turn|19\n|\n|t:|1781390826\n|move|p2a: Basculin|Wave Crash|p1a: Miraidon\n|-resisted|p1a: Miraidon\n|-damage|p1a: Miraidon|94/238\n|-damage|p2a: Basculin|99/261|[from] Recoil\n|move|p1a: Miraidon|Electro Drift|p2a: Basculin\n|-supereffective|p2a: Basculin\n|-damage|p2a: Basculin|0 fnt\n|faint|p2a: Basculin\n|\n|win|lionbark\n", "inputlog": ">version a8376a258c1d4662feba110a92103f3664a72141\n>start {\"formatid\":\"gen9randombattle\",\"seed\":\"sodium,02912e8d0386f410ac6602e4ff83d0a3\",\"rated\":\"Rated battle\"}\n>player p1 {\"name\":\"lionbark\",\"avatar\":\"102\",\"rating\":2109,\"seed\":\"sodium,e480807aa644dacfaedf27c982376799\"}\n>player p2 {\"name\":\"boxhero147\",\"avatar\":\"169\",\"rating\":2103,\"seed\":\"sodium,658ad1a8d5336597e1b47795c5d42ec0\"}\n>p1 switch 6\n>p2 move bulkup\n>p1 move stealthrock\n>p2 move trailblaze terastallize\n>p1 move thunderwave\n>p2 move flareblitz\n>p1 switch 3\n>p1 move heatcrash terastallize\n>p2 move bulkup\n>chat \u2606boxhero147|crit\n>chat \u2606boxhero147|XD\n>p2 switch 6\n>p1 move heatcrash\n>p2 move psyblade\n>p2 switch 3\n>p1 move heatcrash\n>p2 move psychic\n>p2 switch 2\n>p1 move heatcrash\n>p2 move doubleedge\n>p1 switch 2\n>p1 move swordsdance\n>p2 switch 5\n>p1 move swordsdance\n>p2 move swordsdance\n>p1 move swordsdance\n>p2 move swordsdance\n>p1 move ironhead\n>p2 move throatchop\n>p1 move ironhead\n>p2 move suckerpunch\n>p2 switch 5\n>p1 move suckerpunch\n>p2 move aquajet\n>p1 switch 6\n>p2 move aquajet\n>p1 move swordsdance\n>p2 switch 4\n>p1 move triplearrows\n>p2 move playrough\n>p1 move triplearrows\n>p2 move playrough\n>p1 switch 4\n>p1 move electrodrift\n>p2 move playrough\n>p2 switch 4\n>p1 move electrodrift\n>p2 move wavecrash", "uploadtime": 1781390551, "views": 4, "formatid": "gen9randombattle", "rating": null, "private": 0, "password": null}