{"id": "gen9randombattle-2631384644", "format": "[Gen 9] Random Battle", "players": ["MELENDI123733", "tapeintro"], "log": "|j|\u2606MELENDI123733\n|j|\u2606tapeintro\n|t:|1781378329\n|gametype|singles\n|player|p1|MELENDI123733|170|1043\n|player|p2|tapeintro|pokemaniac|1056\n|gen|9\n|tier|[Gen 9] Random Battle\n|rated|\n|rule|Species Clause: Limit one of each Pok\u00e9mon\n|rule|HP Percentage Mod: HP is shown in percentages\n|rule|Sleep Clause Mod: Limit one foe put to sleep\n|rule|Illusion Level Mod: Illusion disguises the Pok\u00e9mon's true level\n|\n|t:|1781378329\n|teamsize|p1|6\n|teamsize|p2|6\n|start\n|switch|p1a: Rayquaza|Rayquaza, L72|270/270\n|switch|p2a: Keldeo|Keldeo-Resolute, L79|273/273\n|-ability|p1a: Rayquaza|Air Lock\n|turn|1\n|\n|t:|1781378345\n|move|p2a: Keldeo|Air Slash|p1a: Rayquaza\n|-damage|p1a: Rayquaza|207/270\n|move|p1a: Rayquaza|Dragon Ascent|p2a: Keldeo\n|-supereffective|p2a: Keldeo\n|-damage|p2a: Keldeo|0 fnt\n|-unboost|p1a: Rayquaza|def|1\n|-unboost|p1a: Rayquaza|spd|1\n|faint|p2a: Keldeo\n|\n|upkeep\n|\n|t:|1781378355\n|switch|p2a: Regice|Regice, L88|284/284\n|turn|2\n|\n|t:|1781378364\n|switch|p1a: Ceruledge|Ceruledge, L78, M|245/245\n|move|p2a: Regice|Ice Beam|p1a: Ceruledge\n|-resisted|p1a: Ceruledge\n|-damage|p1a: Ceruledge|188/245\n|\n|upkeep\n|turn|3\n|\n|t:|1781378370\n|move|p1a: Ceruledge|Bitter Blade|p2a: Regice\n|-supereffective|p2a: Regice\n|-damage|p2a: Regice|104/284\n|-heal|p1a: Ceruledge|245/245|[from] drain|[of] p2a: Regice\n|move|p2a: Regice|Thunder Wave|p1a: Ceruledge\n|-status|p1a: Ceruledge|par\n|\n|upkeep\n|turn|4\n|\n|t:|1781378377\n|move|p2a: Regice|Thunderbolt|p1a: Ceruledge\n|-damage|p1a: Ceruledge|170/245 par\n|move|p1a: Ceruledge|Bitter Blade|p2a: Regice\n|-supereffective|p2a: Regice\n|-damage|p2a: Regice|0 fnt\n|-heal|p1a: Ceruledge|222/245 par|[from] drain|[of] p2a: Regice\n|faint|p2a: Regice\n|\n|upkeep\n|\n|t:|1781378386\n|switch|p2a: Zangoose|Zangoose, L85, F, shiny|263/263\n|turn|5\n|\n|t:|1781378393\n|switch|p1a: Crabominable|Crabominable, L90, M|321/321\n|move|p2a: Zangoose|Swords Dance|p2a: Zangoose\n|-boost|p2a: Zangoose|atk|2\n|\n|-status|p2a: Zangoose|tox|[from] item: Toxic Orb\n|upkeep\n|turn|6\n|\n|t:|1781378402\n|move|p2a: Zangoose|Facade|p1a: Crabominable\n|-damage|p1a: Crabominable|0 fnt\n|faint|p1a: Crabominable\n|\n|-damage|p2a: Zangoose|247/263 tox|[from] psn\n|upkeep\n|\n|t:|1781378421\n|switch|p1a: Hypno|Hypno, L95, M|315/315\n|turn|7\n|\n|t:|1781378427\n|move|p2a: Zangoose|Knock Off|p1a: Hypno\n|-supereffective|p1a: Hypno\n|-damage|p1a: Hypno|0 fnt\n|-enditem|p1a: Hypno|Leftovers|[from] move: Knock Off|[of] p2a: Zangoose\n|faint|p1a: Hypno\n|\n|-damage|p2a: Zangoose|215/263 tox|[from] psn\n|upkeep\n|\n|t:|1781378434\n|switch|p1a: Blastoise|Blastoise, L80, F|258/258\n|turn|8\n|\n|t:|1781378440\n|move|p2a: Zangoose|Facade|p1a: Blastoise\n|-damage|p1a: Blastoise|0 fnt\n|faint|p1a: Blastoise\n|\n|-damage|p2a: Zangoose|167/263 tox|[from] psn\n|upkeep\n|\n|t:|1781378447\n|switch|p1a: Rayquaza|Rayquaza, L72|207/270\n|-ability|p1a: Rayquaza|Air Lock\n|turn|9\n|\n|t:|1781378452\n|move|p2a: Zangoose|Facade|p1a: Rayquaza\n|-damage|p1a: Rayquaza|0 fnt\n|faint|p1a: Rayquaza\n|\n|-damage|p2a: Zangoose|103/263 tox|[from] psn\n|upkeep\n|\n|t:|1781378458\n|switch|p1a: Ceruledge|Ceruledge, L78, M|222/245 par\n|turn|10\n|\n|t:|1781378462\n|move|p2a: Zangoose|Knock Off|p1a: Ceruledge\n|-supereffective|p1a: Ceruledge\n|-damage|p1a: Ceruledge|0 fnt\n|-enditem|p1a: Ceruledge|Heavy-Duty Boots|[from] move: Knock Off|[of] p2a: Zangoose\n|faint|p1a: Ceruledge\n|\n|-damage|p2a: Zangoose|23/263 tox|[from] psn\n|upkeep\n|\n|t:|1781378469\n|switch|p1a: Brambleghast|Brambleghast, L88, F|240/240\n|turn|11\n|\n|t:|1781378473\n|move|p1a: Brambleghast|Rapid Spin|p2a: Zangoose\n|-damage|p2a: Zangoose|0 fnt\n|-boost|p1a: Brambleghast|spe|1\n|faint|p2a: Zangoose\n|\n|upkeep\n|\n|t:|1781378481\n|switch|p2a: Meloetta|Meloetta, L82|298/298\n|turn|12\n|\n|t:|1781378490\n|move|p1a: Brambleghast|Poltergeist|p2a: Meloetta\n|-immune|p2a: Meloetta\n|move|p2a: Meloetta|Knock Off|p1a: Brambleghast\n|-supereffective|p1a: Brambleghast\n|-damage|p1a: Brambleghast|84/240\n|-enditem|p1a: Brambleghast|Heavy-Duty Boots|[from] move: Knock Off|[of] p2a: Meloetta\n|-damage|p2a: Meloetta|269/298|[from] item: Life Orb\n|\n|upkeep\n|turn|13\n|\n|t:|1781378503\n|-terastallize|p2a: Meloetta|Dark\n|move|p1a: Brambleghast|Power Whip|p2a: Meloetta\n|-damage|p2a: Meloetta|95/298\n|move|p2a: Meloetta|Knock Off|p1a: Brambleghast\n|-supereffective|p1a: Brambleghast\n|-damage|p1a: Brambleghast|0 fnt\n|faint|p1a: Brambleghast\n|-damage|p2a: Meloetta|66/298|[from] item: Life Orb\n|\n|win|tapeintro\n|raw|MELENDI123733's rating: 1043 &rarr; <strong>1027</strong><br />(-16 for losing)\n|raw|tapeintro's rating: 1056 &rarr; <strong>1086</strong><br />(+30 for winning)\n", "inputlog": ">version a8376a258c1d4662feba110a92103f3664a72141\n>start {\"formatid\":\"gen9randombattle\",\"seed\":\"sodium,470d560b5e5fa07e987b561fadc3a851\",\"rated\":\"Rated battle\"}\n>player p1 {\"name\":\"MELENDI123733\",\"avatar\":\"170\",\"rating\":1043,\"seed\":\"sodium,35a95070926d8b9caba886627ccea1f5\"}\n>player p2 {\"name\":\"tapeintro\",\"avatar\":\"pokemaniac\",\"rating\":1056,\"seed\":\"sodium,34d9b1dc111de6de396396a56f739830\"}\n>p1 move dragonascent\n>p2 move airslash\n>p2 switch 6\n>p1 switch 6\n>p2 move icebeam\n>p1 move bitterblade\n>p2 move thunderwave\n>p1 move bitterblade\n>p2 move thunderbolt\n>p2 switch 2\n>p1 switch 2\n>p2 move swordsdance\n>p1 move drainpunch\n>p2 move facade\n>p1 switch 4\n>p1 move thunderwave\n>p2 move knockoff\n>p1 switch 3\n>p1 move hydropump\n>p2 move facade\n>p1 switch 6\n>p1 move dragonascent\n>p2 move facade\n>p1 switch 2\n>p1 move bitterblade\n>p2 move knockoff\n>p1 switch 5\n>p1 move rapidspin\n>p2 move knockoff\n>p2 switch 4\n>p1 move poltergeist\n>p2 move knockoff\n>p1 move powerwhip\n>p2 move knockoff terastallize", "uploadtime": 1781378505, "views": 7, "formatid": "gen9randombattle", "rating": 1027, "private": 0, "password": null}