{"id": "gen9randombattle-2631992023", "format": "[Gen 9] Random Battle", "players": ["zicafeliped", "discodiscogoodgood"], "log": "|j|\u2606zicafeliped\n|j|\u2606discodiscogoodgood\n|t:|1781463607\n|gametype|singles\n|player|p1|zicafeliped|beauty-gen4dp|2165\n|player|p2|discodiscogoodgood|musician|2123\n|gen|9\n|tier|[Gen 9] Random Battle\n|rated|\n|rule|Species Clause: Limit one of each Pok\u00e9mon\n|rule|HP Percentage Mod: HP is shown in percentages\n|rule|Sleep Clause Mod: Limit one foe put to sleep\n|rule|Illusion Level Mod: Illusion disguises the Pok\u00e9mon's true level\n|\n|t:|1781463607\n|teamsize|p1|6\n|teamsize|p2|6\n|start\n|switch|p1a: Leavanny|Leavanny, L86, M|269/269\n|switch|p2a: Mesprit|Mesprit, L85|275/275\n|turn|1\n|inactive|Battle timer is ON: inactive players will automatically lose when time's up. (requested by zicafeliped)\n|\n|t:|1781463622\n|switch|p2a: Appletun|Appletun, L92, M|352/352\n|move|p1a: Leavanny|Sticky Web|p2a: Appletun\n|-sidestart|p2: discodiscogoodgood|move: Sticky Web\n|\n|upkeep\n|turn|2\n|\n|t:|1781463628\n|move|p1a: Leavanny|Lunge|p2a: Appletun\n|-supereffective|p2a: Appletun\n|-damage|p2a: Appletun|166/352\n|-unboost|p2a: Appletun|atk|1\n|move|p2a: Appletun|Dragon Tail|p1a: Leavanny\n|-damage|p1a: Leavanny|218/269\n|drag|p1a: Blissey|Blissey, L85, F|572/572\n|\n|-heal|p2a: Appletun|188/352|[from] item: Leftovers\n|upkeep\n|turn|3\n|\n|t:|1781463642\n|switch|p1a: Leavanny|Leavanny, L86, M|218/269\n|switch|p2a: Golurk|Golurk, L87|297/297\n|-activate|p2a: Golurk|move: Sticky Web\n|-unboost|p2a: Golurk|spe|1\n|\n|upkeep\n|turn|4\n|\n|t:|1781463653\n|switch|p2a: Zebstrika|Zebstrika, L87, M|272/272\n|-activate|p2a: Zebstrika|move: Sticky Web\n|-unboost|p2a: Zebstrika|spe|1\n|move|p1a: Leavanny|Knock Off|p2a: Zebstrika\n|-damage|p2a: Zebstrika|184/272\n|-enditem|p2a: Zebstrika|Life Orb|[from] move: Knock Off|[of] p1a: Leavanny\n|\n|upkeep\n|turn|5\n|\n|t:|1781463665\n|switch|p1a: Heatran|Heatran, L79, F|273/273\n|-item|p1a: Heatran|Air Balloon\n|move|p2a: Zebstrika|Overheat|p1a: Heatran\n|-start|p1a: Heatran|ability: Flash Fire\n|\n|upkeep\n|turn|6\n|\n|t:|1781463676\n|move|p2a: Zebstrika|Volt Switch|p1a: Heatran\n|-damage|p1a: Heatran|215/273\n|-enditem|p1a: Heatran|Air Balloon\n|\n|t:|1781463683\n|switch|p2a: Mesprit|Mesprit, L85|275/275|[from] Volt Switch\n|move|p1a: Heatran|Magma Storm|p2a: Mesprit|[miss]\n|-miss|p1a: Heatran|p2a: Mesprit\n|\n|upkeep\n|turn|7\n|\n|t:|1781463693\n|move|p2a: Mesprit|Thunder Wave|p1a: Heatran\n|-status|p1a: Heatran|par\n|move|p1a: Heatran|Stealth Rock|p2a: Mesprit\n|-sidestart|p2: discodiscogoodgood|move: Stealth Rock\n|\n|upkeep\n|turn|8\n|\n|t:|1781463703\n|move|p2a: Mesprit|Encore|p1a: Heatran\n|-start|p1a: Heatran|Encore\n|move|p1a: Heatran|Stealth Rock||[still]\n|-fail|p1a: Heatran\n|\n|upkeep\n|turn|9\n|\n|t:|1781463709\n|switch|p2a: Araquanid|Araquanid, L82, F|246/246\n|-end|p1a: Heatran|ability: Flash Fire|[silent]\n|switch|p1a: Leavanny|Leavanny, L86, M|218/269\n|\n|upkeep\n|turn|10\n|\n|t:|1781463722\n|move|p1a: Leavanny|Lunge|p2a: Araquanid\n|-damage|p2a: Araquanid|152/246\n|-unboost|p2a: Araquanid|atk|1\n|move|p2a: Araquanid|Sticky Web|p1a: Leavanny\n|-sidestart|p1: zicafeliped|move: Sticky Web\n|\n|upkeep\n|turn|11\n|\n|t:|1781463731\n|move|p1a: Leavanny|Lunge|p2a: Araquanid\n|-damage|p2a: Araquanid|62/246\n|-unboost|p2a: Araquanid|atk|1\n|move|p2a: Araquanid|Leech Life|p1a: Leavanny\n|-supereffective|p1a: Leavanny\n|-damage|p1a: Leavanny|150/269\n|-heal|p2a: Araquanid|96/246|[from] drain|[of] p1a: Leavanny\n|\n|upkeep\n|turn|12\n|\n|t:|1781463738\n|move|p1a: Leavanny|Leaf Blade|p2a: Araquanid\n|-damage|p2a: Araquanid|0 fnt\n|faint|p2a: Araquanid\n|\n|upkeep\n|\n|t:|1781463743\n|switch|p2a: Grumpig|Grumpig, L92, M|297/297\n|-activate|p2a: Grumpig|move: Sticky Web\n|-unboost|p2a: Grumpig|spe|1\n|-damage|p2a: Grumpig|260/297|[from] Stealth Rock\n|turn|13\n|\n|t:|1781463753\n|move|p1a: Leavanny|Knock Off|p2a: Grumpig\n|-supereffective|p2a: Grumpig\n|-crit|p2a: Grumpig\n|-damage|p2a: Grumpig|6/297\n|-enditem|p2a: Grumpig|Leftovers|[from] move: Knock Off|[of] p1a: Leavanny\n|move|p2a: Grumpig|Psyshock|p1a: Leavanny\n|-damage|p1a: Leavanny|42/269\n|\n|upkeep\n|turn|14\n|\n|t:|1781463762\n|move|p1a: Leavanny|Knock Off|p2a: Grumpig\n|-supereffective|p2a: Grumpig\n|-damage|p2a: Grumpig|0 fnt\n|faint|p2a: Grumpig\n|\n|upkeep\n|\n|t:|1781463767\n|switch|p2a: Mesprit|Mesprit, L85|275/275\n|-damage|p2a: Mesprit|241/275|[from] Stealth Rock\n|turn|15\n|\n|t:|1781463771\n|move|p1a: Leavanny|Lunge|p2a: Mesprit\n|-supereffective|p2a: Mesprit\n|-damage|p2a: Mesprit|19/275\n|-unboost|p2a: Mesprit|atk|1\n|move|p2a: Mesprit|Psychic Noise|p1a: Leavanny\n|-damage|p1a: Leavanny|0 fnt\n|faint|p1a: Leavanny\n|\n|-heal|p2a: Mesprit|36/275|[from] item: Leftovers\n|upkeep\n|\n|t:|1781463781\n|switch|p1a: Shaymin|Shaymin-Sky, L73|266/266\n|turn|16\n|\n|t:|1781463794\n|move|p1a: Shaymin|Air Slash|p2a: Mesprit\n|-damage|p2a: Mesprit|0 fnt\n|faint|p2a: Mesprit\n|\n|upkeep\n|\n|t:|1781463797\n|switch|p2a: Zebstrika|Zebstrika, L87, M|184/272\n|-activate|p2a: Zebstrika|move: Sticky Web\n|-unboost|p2a: Zebstrika|spe|1\n|-damage|p2a: Zebstrika|150/272|[from] Stealth Rock\n|turn|17\n|\n|t:|1781463806\n|switch|p1a: Heatran|Heatran, L79, F|215/273 par\n|-activate|p1a: Heatran|move: Sticky Web\n|-unboost|p1a: Heatran|spe|1\n|move|p2a: Zebstrika|Supercell Slam|p1a: Heatran\n|-damage|p1a: Heatran|115/273 par\n|\n|upkeep\n|turn|18\n|\n|t:|1781463818\n|switch|p2a: Appletun|Appletun, L92, M|188/352\n|-activate|p2a: Appletun|move: Sticky Web\n|-unboost|p2a: Appletun|spe|1\n|-damage|p2a: Appletun|144/352|[from] Stealth Rock\n|switch|p1a: Shaymin|Shaymin-Sky, L73|266/266\n|\n|-heal|p2a: Appletun|166/352|[from] item: Leftovers\n|upkeep\n|turn|19\n|\n|t:|1781463823\n|-terastallize|p2a: Appletun|Steel\n|move|p1a: Shaymin|Air Slash|p2a: Appletun\n|-resisted|p2a: Appletun\n|-damage|p2a: Appletun|108/352\n|cant|p2a: Appletun|flinch\n|\n|-heal|p2a: Appletun|130/352|[from] item: Leftovers\n|upkeep\n|turn|20\n|\n|t:|1781463830\n|switch|p1a: Heatran|Heatran, L79, F|115/273 par\n|-activate|p1a: Heatran|move: Sticky Web\n|-unboost|p1a: Heatran|spe|1\n|move|p2a: Appletun|Recover|p2a: Appletun\n|-heal|p2a: Appletun|306/352\n|\n|-heal|p2a: Appletun|328/352|[from] item: Leftovers\n|upkeep\n|turn|21\n|\n|t:|1781463837\n|switch|p2a: Golurk|Golurk, L87|297/297\n|-activate|p2a: Golurk|move: Sticky Web\n|-unboost|p2a: Golurk|spe|1\n|-damage|p2a: Golurk|279/297|[from] Stealth Rock\n|move|p1a: Heatran|Magma Storm|p2a: Golurk\n|-damage|p2a: Golurk|165/297\n|-activate|p2a: Golurk|move: Magma Storm|[of] p1a: Heatran\n|\n|-damage|p2a: Golurk|128/297|[from] move: Magma Storm|[partiallytrapped]\n|upkeep\n|turn|22\n|\n|t:|1781463848\n|move|p2a: Golurk|Dynamic Punch|p1a: Heatran\n|-supereffective|p1a: Heatran\n|-damage|p1a: Heatran|0 fnt\n|faint|p1a: Heatran\n|-damage|p2a: Golurk|99/297|[from] item: Life Orb\n|\n|-end|p2a: Golurk|Magma Storm|[partiallytrapped]|[silent]\n|upkeep\n|\n|t:|1781463855\n|switch|p1a: Pecharunt|Pecharunt, L77|262/262\n|-activate|p1a: Pecharunt|move: Sticky Web\n|-unboost|p1a: Pecharunt|spe|1\n|turn|23\n|\n|t:|1781463862\n|move|p1a: Pecharunt|Shadow Ball|p2a: Golurk\n|-supereffective|p2a: Golurk\n|-damage|p2a: Golurk|0 fnt\n|faint|p2a: Golurk\n|\n|upkeep\n|\n|t:|1781463864\n|switch|p2a: Appletun|Appletun, L92, M, tera:Steel|328/352\n|-activate|p2a: Appletun|move: Sticky Web\n|-unboost|p2a: Appletun|spe|1\n|-damage|p2a: Appletun|306/352|[from] Stealth Rock\n|turn|24\n|\n|t:|1781463873\n|move|p1a: Pecharunt|Nasty Plot|p1a: Pecharunt\n|-boost|p1a: Pecharunt|spa|2\n|move|p2a: Appletun|Dragon Tail|p1a: Pecharunt\n|-damage|p1a: Pecharunt|217/262\n|drag|p1a: Shaymin|Shaymin-Sky, L73|266/266\n|\n|-heal|p2a: Appletun|328/352|[from] item: Leftovers\n|upkeep\n|turn|25\n|\n|t:|1781463880\n|move|p1a: Shaymin|Earth Power|p2a: Appletun\n|-supereffective|p2a: Appletun\n|-damage|p2a: Appletun|160/352\n|-unboost|p2a: Appletun|spd|1\n|move|p2a: Appletun|Apple Acid|p1a: Shaymin\n|-resisted|p1a: Shaymin\n|-damage|p1a: Shaymin|235/266\n|-unboost|p1a: Shaymin|spd|1\n|\n|-heal|p2a: Appletun|182/352|[from] item: Leftovers\n|upkeep\n|turn|26\n|\n|t:|1781463887\n|switch|p2a: Zebstrika|Zebstrika, L87, M|150/272\n|-activate|p2a: Zebstrika|move: Sticky Web\n|-unboost|p2a: Zebstrika|spe|1\n|-damage|p2a: Zebstrika|116/272|[from] Stealth Rock\n|move|p1a: Shaymin|Earth Power|p2a: Zebstrika\n|-supereffective|p2a: Zebstrika\n|-damage|p2a: Zebstrika|0 fnt\n|faint|p2a: Zebstrika\n|\n|upkeep\n|\n|t:|1781463890\n|switch|p2a: Appletun|Appletun, L92, M, tera:Steel|182/352\n|-activate|p2a: Appletun|move: Sticky Web\n|-unboost|p2a: Appletun|spe|1\n|-damage|p2a: Appletun|160/352|[from] Stealth Rock\n|turn|27\n|\n|t:|1781463892\n|move|p1a: Shaymin|Earth Power|p2a: Appletun\n|-supereffective|p2a: Appletun\n|-damage|p2a: Appletun|0 fnt\n|faint|p2a: Appletun\n|\n|win|zicafeliped\n", "inputlog": ">version a8376a258c1d4662feba110a92103f3664a72141\n>start {\"formatid\":\"gen9randombattle\",\"seed\":\"sodium,477380e1b6c89e150c4992c746782f7a\",\"rated\":\"Rated battle\"}\n>player p1 {\"name\":\"zicafeliped\",\"avatar\":\"beauty-gen4dp\",\"rating\":2165,\"seed\":\"sodium,43fa331e7e3a64d46c030a3c7a45be51\"}\n>player p2 {\"name\":\"discodiscogoodgood\",\"avatar\":\"musician\",\"rating\":2123,\"seed\":\"sodium,af0f0d041d071a9cc69556c3631e62fa\"}\n>p1 move stickyweb\n>p2 switch 5\n>p1 move lunge\n>p2 move dragontail\n>p1 switch 3\n>p2 switch 6\n>p1 move knockoff\n>p2 switch 4\n>p1 switch 2\n>p2 move overheat\n>p1 move magmastorm\n>p2 move voltswitch\n>p2 switch 5\n>p1 move stealthrock\n>p2 move thunderwave\n>p1 move magmastorm\n>p2 move encore\n>p1 switch 2\n>p2 switch 2\n>p1 move lunge\n>p2 move stickyweb\n>p1 move lunge\n>p2 move leechlife\n>p1 move leafblade\n>p2 move leechlife\n>p2 switch 3\n>p1 move knockoff\n>p2 move psyshock\n>p1 move knockoff\n>p2 move psyshock\n>p2 switch 2\n>p1 move lunge\n>p2 move psychicnoise\n>p1 switch 6\n>p1 move airslash\n>p2 move thunderwave\n>p2 switch 5\n>p1 switch 2\n>p2 move supercellslam\n>p1 switch 2\n>p2 switch 6\n>p1 move airslash\n>p2 move recover terastallize\n>p1 switch 2\n>p2 move recover\n>p1 move magmastorm\n>p2 switch 4\n>p1 move magmastorm\n>p2 move dynamicpunch\n>p1 switch 4\n>p1 move shadowball\n>p2 move earthquake\n>p2 switch 4\n>p1 move nastyplot\n>p2 move dragontail\n>p1 move earthpower\n>p2 move appleacid\n>p1 move earthpower\n>p2 switch 6\n>p2 switch 6\n>p1 move earthpower\n>p2 move recover", "uploadtime": 1781463609, "views": 4, "formatid": "gen9randombattle", "rating": null, "private": 0, "password": null}