{"id": "gen9randombattle-2631509679", "format": "[Gen 9] Random Battle", "players": ["adalgoudil", "Mr.Superfreak"], "log": "|j|\u2606adalgoudil\n|j|\u2606Mr.Superfreak\n|t:|1781394298\n|gametype|singles\n|player|p1|adalgoudil|169|2161\n|player|p2|Mr.Superfreak|ballguy|2180\n|gen|9\n|tier|[Gen 9] Random Battle\n|rated|\n|rule|Species Clause: Limit one of each Pok\u00e9mon\n|rule|HP Percentage Mod: HP is shown in percentages\n|rule|Sleep Clause Mod: Limit one foe put to sleep\n|rule|Illusion Level Mod: Illusion disguises the Pok\u00e9mon's true level\n|\n|t:|1781394298\n|teamsize|p1|6\n|teamsize|p2|6\n|start\n|switch|p1a: Wugtrio|Wugtrio, L91, F|212/212\n|switch|p2a: Heatran|Heatran, L79, M|273/273\n|-item|p2a: Heatran|Air Balloon\n|turn|1\n|\n|t:|1781394309\n|switch|p2a: Tauros|Tauros-Paldea-Aqua, L81, M|254/254\n|-ability|p2a: Tauros|Intimidate|boost\n|-unboost|p1a: Wugtrio|atk|1\n|move|p1a: Wugtrio|Liquidation|p2a: Tauros\n|-resisted|p2a: Tauros\n|-damage|p2a: Tauros|206/254\n|\n|upkeep\n|turn|2\n|\n|t:|1781394315\n|switch|p1a: Spidops|Spidops, L96, F|271/271\n|move|p2a: Tauros|Close Combat|p1a: Spidops\n|-resisted|p1a: Spidops\n|-damage|p1a: Spidops|205/271\n|-unboost|p2a: Tauros|def|1\n|-unboost|p2a: Tauros|spd|1\n|-damage|p2a: Tauros|181/254|[from] item: Life Orb\n|\n|upkeep\n|turn|3\n|\n|t:|1781394327\n|switch|p2a: Ditto|Ditto, L87|225/225\n|-transform|p2a: Ditto|p1a: Spidops|[from] ability: Imposter\n|move|p1a: Spidops|Sticky Web|p2a: Ditto\n|-sidestart|p2: Mr.Superfreak|move: Sticky Web\n|\n|upkeep\n|turn|4\n|\n|t:|1781394333\n|move|p2a: Ditto|Sticky Web|p1a: Spidops\n|-sidestart|p1: adalgoudil|move: Sticky Web\n|move|p1a: Spidops|Toxic Spikes|p2a: Ditto\n|-sidestart|p2: Mr.Superfreak|move: Toxic Spikes\n|\n|upkeep\n|turn|5\n|\n|t:|1781394335\n|switch|p2a: Qwilfish|Qwilfish-Hisui, L83, F|244/244\n|-activate|p2a: Qwilfish|move: Sticky Web\n|-unboost|p2a: Qwilfish|spe|1\n|-sideend|p2: Mr.Superfreak|move: Toxic Spikes|[of] p2a: Qwilfish\n|-ability|p2a: Qwilfish|Intimidate|boost\n|-unboost|p1a: Spidops|atk|1\n|move|p1a: Spidops|Toxic Spikes|p2a: Qwilfish\n|-sidestart|p2: Mr.Superfreak|move: Toxic Spikes\n|\n|upkeep\n|turn|6\n|\n|t:|1781394339\n|move|p2a: Qwilfish|Spikes|p1a: Spidops\n|-sidestart|p1: adalgoudil|Spikes\n|move|p1a: Spidops|Toxic Spikes|p2a: Qwilfish\n|-sidestart|p2: Mr.Superfreak|move: Toxic Spikes\n|\n|upkeep\n|turn|7\n|\n|t:|1781394342\n|move|p2a: Qwilfish|Spikes|p1a: Spidops\n|-sidestart|p1: adalgoudil|Spikes\n|move|p1a: Spidops|U-turn|p2a: Qwilfish\n|-damage|p2a: Qwilfish|207/244\n|\n|t:|1781394346\n|switch|p1a: Glaceon|Glaceon, L94, M|275/275|[from] U-turn\n|\n|upkeep\n|turn|8\n|\n|t:|1781394353\n|switch|p2a: Heatran|Heatran, L79, M|273/273\n|-item|p2a: Heatran|Air Balloon\n|move|p1a: Glaceon|Calm Mind|p1a: Glaceon\n|-boost|p1a: Glaceon|spa|1\n|-boost|p1a: Glaceon|spd|1\n|\n|upkeep\n|turn|9\n|\n|t:|1781394364\n|move|p1a: Glaceon|Freeze-Dry|p2a: Heatran\n|-resisted|p2a: Heatran\n|-damage|p2a: Heatran|231/273\n|-enditem|p2a: Heatran|Air Balloon\n|move|p2a: Heatran|Heavy Slam|p1a: Glaceon\n|-supereffective|p1a: Glaceon\n|-damage|p1a: Glaceon|99/275\n|\n|upkeep\n|turn|10\n|\n|t:|1781394370\n|switch|p2a: Qwilfish|Qwilfish-Hisui, L83, F|207/244\n|-activate|p2a: Qwilfish|move: Sticky Web\n|-unboost|p2a: Qwilfish|spe|1\n|-sideend|p2: Mr.Superfreak|move: Toxic Spikes|[of] p2a: Qwilfish\n|-ability|p2a: Qwilfish|Intimidate|boost\n|-unboost|p1a: Glaceon|atk|1\n|move|p1a: Glaceon|Protect||[still]\n|-fail|p1a: Glaceon\n|\n|upkeep\n|turn|11\n|\n|t:|1781394374\n|move|p1a: Glaceon|Wish|p1a: Glaceon\n|move|p2a: Qwilfish|Gunk Shot|p1a: Glaceon|[miss]\n|-miss|p2a: Qwilfish|p1a: Glaceon\n|\n|upkeep\n|turn|12\n|\n|t:|1781394378\n|move|p1a: Glaceon|Freeze-Dry|p2a: Qwilfish\n|-damage|p2a: Qwilfish|35/244\n|move|p2a: Qwilfish|Spikes|p1a: Glaceon\n|-sidestart|p1: adalgoudil|Spikes\n|\n|-heal|p1a: Glaceon|236/275|[from] move: Wish|[wisher] Glaceon\n|upkeep\n|turn|13\n|\n|t:|1781394382\n|move|p1a: Glaceon|Freeze-Dry|p2a: Qwilfish\n|-damage|p2a: Qwilfish|0 fnt\n|faint|p2a: Qwilfish\n|\n|upkeep\n|\n|t:|1781394384\n|switch|p2a: Heatran|Heatran, L79, M|231/273\n|-activate|p2a: Heatran|move: Sticky Web\n|-unboost|p2a: Heatran|spe|1\n|turn|14\n|\n|t:|1781394390\n|switch|p1a: Wugtrio|Wugtrio, L91, F|212/212\n|-activate|p1a: Wugtrio|move: Sticky Web\n|-unboost|p1a: Wugtrio|spe|1\n|-damage|p1a: Wugtrio|159/212|[from] Spikes\n|move|p2a: Heatran|Heavy Slam|p1a: Wugtrio\n|-resisted|p1a: Wugtrio\n|-damage|p1a: Wugtrio|85/212\n|-ability|p1a: Wugtrio|Gooey\n|-unboost|p2a: Heatran|spe|1\n|\n|upkeep\n|turn|15\n|\n|t:|1781394393\n|switch|p2a: Tauros|Tauros-Paldea-Aqua, L81, M|181/254\n|-activate|p2a: Tauros|move: Sticky Web\n|-unboost|p2a: Tauros|spe|1\n|-ability|p2a: Tauros|Intimidate|boost\n|-unboost|p1a: Wugtrio|atk|1\n|move|p1a: Wugtrio|Stomping Tantrum|p2a: Tauros\n|-damage|p2a: Tauros|124/254\n|\n|upkeep\n|turn|16\n|\n|t:|1781394398\n|switch|p1a: Spidops|Spidops, L96, F|205/271\n|move|p2a: Tauros|Bulk Up|p2a: Tauros\n|-boost|p2a: Tauros|atk|1\n|-boost|p2a: Tauros|def|1\n|\n|upkeep\n|turn|17\n|\n|t:|1781394402\n|move|p2a: Tauros|Liquidation|p1a: Spidops\n|-damage|p1a: Spidops|40/271\n|-damage|p2a: Tauros|99/254|[from] item: Life Orb\n|move|p1a: Spidops|Circle Throw|p2a: Tauros\n|-damage|p2a: Tauros|70/254\n|drag|p2a: Ditto|Ditto, L87|225/225\n|-activate|p2a: Ditto|move: Sticky Web\n|-unboost|p2a: Ditto|spe|1\n|-transform|p2a: Ditto|p1a: Spidops|[from] ability: Imposter\n|\n|upkeep\n|turn|18\n|\n|t:|1781394410\n|move|p2a: Ditto|U-turn|p1a: Spidops\n|-damage|p1a: Spidops|0 fnt\n|faint|p1a: Spidops\n|\n|t:|1781394416\n|switch|p2a: Gurdurr|Gurdurr, L85, M|283/283|[from] U-turn\n|-activate|p2a: Gurdurr|move: Sticky Web\n|-unboost|p2a: Gurdurr|spe|1\n|\n|upkeep\n|\n|t:|1781394424\n|switch|p1a: Dipplin|Dipplin, L88, M|284/284\n|-activate|p1a: Dipplin|move: Sticky Web\n|-unboost|p1a: Dipplin|spe|1\n|-damage|p1a: Dipplin|213/284|[from] Spikes\n|turn|19\n|\n|t:|1781394434\n|move|p2a: Gurdurr|Drain Punch|p1a: Dipplin\n|-damage|p1a: Dipplin|168/284\n|move|p1a: Dipplin|Dragon Tail|p2a: Gurdurr\n|-damage|p2a: Gurdurr|244/283\n|drag|p2a: Braviary|Braviary-Hisui, L85, M|326/326\n|\n|upkeep\n|turn|20\n|\n|t:|1781394440\n|switch|p1a: Sandy Shocks|Sandy Shocks, L80|267/267\n|move|p2a: Braviary|Hurricane|p1a: Sandy Shocks\n|-resisted|p1a: Sandy Shocks\n|-damage|p1a: Sandy Shocks|47/267\n|\n|upkeep\n|turn|21\n|\n|t:|1781394444\n|switch|p2a: Ditto|Ditto, L87|225/225\n|-activate|p2a: Ditto|move: Sticky Web\n|-unboost|p2a: Ditto|spe|1\n|-transform|p2a: Ditto|p1a: Sandy Shocks|[from] ability: Imposter\n|move|p1a: Sandy Shocks|Volt Switch|p2a: Ditto\n|-immune|p2a: Ditto\n|\n|upkeep\n|turn|22\n|\n|t:|1781394451\n|-end|p1a: Sandy Shocks|Protosynthesis|[silent]\n|switch|p1a: Dipplin|Dipplin, L88, M|168/284\n|-activate|p1a: Dipplin|move: Sticky Web\n|-unboost|p1a: Dipplin|spe|1\n|-damage|p1a: Dipplin|97/284|[from] Spikes\n|move|p2a: Ditto|Volt Switch|p1a: Dipplin\n|-resisted|p1a: Dipplin\n|-damage|p1a: Dipplin|84/284\n|\n|t:|1781394455\n|-end|p2a: Ditto|Protosynthesis|[silent]\n|switch|p2a: Braviary|Braviary-Hisui, L85, M|326/326|[from] Volt Switch\n|\n|upkeep\n|turn|23\n|\n|t:|1781394459\n|move|p2a: Braviary|Esper Wing|p1a: Dipplin\n|-damage|p1a: Dipplin|0 fnt\n|-boost|p2a: Braviary|spe|1\n|faint|p1a: Dipplin\n|\n|upkeep\n|\n|t:|1781394462\n|switch|p1a: Glaceon|Glaceon, L94, M|236/275\n|turn|24\n|\n|t:|1781394465\n|switch|p2a: Heatran|Heatran, L79, M|231/273\n|-activate|p2a: Heatran|move: Sticky Web\n|-unboost|p2a: Heatran|spe|1\n|move|p1a: Glaceon|Freeze-Dry|p2a: Heatran\n|-resisted|p2a: Heatran\n|-damage|p2a: Heatran|204/273\n|-status|p2a: Heatran|frz\n|\n|upkeep\n|turn|25\n|\n|t:|1781394472\n|switch|p1a: Wugtrio|Wugtrio, L91, F|85/212\n|-activate|p1a: Wugtrio|move: Sticky Web\n|-unboost|p1a: Wugtrio|spe|1\n|-damage|p1a: Wugtrio|32/212|[from] Spikes\n|-curestatus|p2a: Heatran|frz|[msg]\n|move|p2a: Heatran|Heavy Slam|p1a: Wugtrio\n|-resisted|p1a: Wugtrio\n|-damage|p1a: Wugtrio|0 fnt\n|-ability|p1a: Wugtrio|Gooey\n|-unboost|p2a: Heatran|spe|1\n|faint|p1a: Wugtrio\n|\n|upkeep\n|\n|t:|1781394476\n|switch|p1a: Furret|Furret, L94, M|312/312\n|-activate|p1a: Furret|move: Sticky Web\n|-unboost|p1a: Furret|spe|1\n|-damage|p1a: Furret|234/312|[from] Spikes\n|turn|26\n|\n|t:|1781394479\n|move|p1a: Furret|Tidy Up|p1a: Furret\n|-sideend|p1: adalgoudil|Spikes\n|-sideend|p1: adalgoudil|Sticky Web\n|-sideend|p2: Mr.Superfreak|Sticky Web\n|-activate|p1a: Furret|move: Tidy Up\n|-boost|p1a: Furret|atk|1\n|-boost|p1a: Furret|spe|1\n|move|p2a: Heatran|Lava Plume|p1a: Furret\n|-damage|p1a: Furret|125/312\n|\n|upkeep\n|turn|27\n|\n|t:|1781394484\n|move|p1a: Furret|Brick Break|p2a: Heatran\n|-supereffective|p2a: Heatran\n|-damage|p2a: Heatran|25/273\n|-damage|p1a: Furret|94/312|[from] item: Life Orb\n|move|p2a: Heatran|Lava Plume|p1a: Furret\n|-damage|p1a: Furret|0 fnt\n|faint|p1a: Furret\n|\n|upkeep\n|\n|t:|1781394488\n|switch|p1a: Sandy Shocks|Sandy Shocks, L80|47/267\n|turn|28\n|\n|t:|1781394491\n|move|p1a: Sandy Shocks|Earth Power|p2a: Heatran\n|-supereffective|p2a: Heatran\n|-damage|p2a: Heatran|0 fnt\n|faint|p2a: Heatran\n|\n|upkeep\n|\n|t:|1781394498\n|switch|p2a: Gurdurr|Gurdurr, L85, M|244/283\n|turn|29\n|\n|t:|1781394502\n|move|p2a: Gurdurr|Mach Punch|p1a: Sandy Shocks\n|-damage|p1a: Sandy Shocks|2/267\n|move|p1a: Sandy Shocks|Volt Switch|p2a: Gurdurr\n|-damage|p2a: Gurdurr|159/283\n|\n|t:|1781394504\n|-end|p1a: Sandy Shocks|Protosynthesis|[silent]\n|switch|p1a: Glaceon|Glaceon, L94, M|236/275|[from] Volt Switch\n|\n|upkeep\n|turn|30\n|\n|t:|1781394514\n|-terastallize|p1a: Glaceon|Water\n|move|p1a: Glaceon|Calm Mind|p1a: Glaceon\n|-boost|p1a: Glaceon|spa|1\n|-boost|p1a: Glaceon|spd|1\n|move|p2a: Gurdurr|Drain Punch|p1a: Glaceon\n|-damage|p1a: Glaceon|173/275\n|-heal|p2a: Gurdurr|191/283|[from] drain|[of] p1a: Glaceon\n|\n|upkeep\n|turn|31\n|\n|t:|1781394518\n|move|p1a: Glaceon|Wish|p1a: Glaceon\n|move|p2a: Gurdurr|Knock Off|p1a: Glaceon\n|-damage|p1a: Glaceon|111/275\n|-enditem|p1a: Glaceon|Heavy-Duty Boots|[from] move: Knock Off|[of] p2a: Gurdurr\n|\n|upkeep\n|turn|32\n|\n|t:|1781394521\n|move|p1a: Glaceon|Freeze-Dry|p2a: Gurdurr\n|-damage|p2a: Gurdurr|25/283\n|move|p2a: Gurdurr|Bulk Up|p2a: Gurdurr\n|-boost|p2a: Gurdurr|atk|1\n|-boost|p2a: Gurdurr|def|1\n|\n|-heal|p1a: Glaceon|248/275|[from] move: Wish|[wisher] Glaceon\n|upkeep\n|turn|33\n|\n|t:|1781394524\n|move|p2a: Gurdurr|Mach Punch|p1a: Glaceon\n|-damage|p1a: Glaceon|197/275\n|move|p1a: Glaceon|Freeze-Dry|p2a: Gurdurr\n|-damage|p2a: Gurdurr|0 fnt\n|faint|p2a: Gurdurr\n|\n|upkeep\n|\n|t:|1781394528\n|switch|p2a: Tauros|Tauros-Paldea-Aqua, L81, M|70/254\n|-ability|p2a: Tauros|Intimidate|boost\n|-unboost|p1a: Glaceon|atk|1\n|turn|34\n|\n|t:|1781394532\n|move|p2a: Tauros|Close Combat|p1a: Glaceon\n|-crit|p1a: Glaceon\n|-damage|p1a: Glaceon|0 fnt\n|-unboost|p2a: Tauros|def|1\n|-unboost|p2a: Tauros|spd|1\n|faint|p1a: Glaceon\n|-damage|p2a: Tauros|45/254|[from] item: Life Orb\n|\n|upkeep\n|\n|t:|1781394534\n|switch|p1a: Sandy Shocks|Sandy Shocks, L80|2/267\n|turn|35\n|\n|t:|1781394536\n|move|p2a: Tauros|Aqua Jet|p1a: Sandy Shocks\n|-supereffective|p1a: Sandy Shocks\n|-damage|p1a: Sandy Shocks|0 fnt\n|faint|p1a: Sandy Shocks\n|-end|p1a: Sandy Shocks|Protosynthesis|[silent]\n|-damage|p2a: Tauros|20/254|[from] item: Life Orb\n|\n|win|Mr.Superfreak\n", "inputlog": ">version a8376a258c1d4662feba110a92103f3664a72141\n>start {\"formatid\":\"gen9randombattle\",\"seed\":\"sodium,b083dd5b991c7b10479ab3474db7870e\",\"rated\":\"Rated battle\"}\n>player p1 {\"name\":\"adalgoudil\",\"avatar\":\"169\",\"rating\":2161,\"seed\":\"sodium,1dff7f04318181a09d694abf20fdadf9\"}\n>player p2 {\"name\":\"Mr.Superfreak\",\"avatar\":\"ballguy\",\"rating\":2180,\"seed\":\"sodium,2e3b5c4c0ec0e79576f286b4858fe794\"}\n>p1 move liquidation\n>p2 switch 5\n>p1 switch 6\n>p2 move closecombat\n>p1 move stickyweb\n>p2 switch 4\n>p1 move toxicspikes\n>p2 move stickyweb\n>p1 move toxicspikes\n>p2 switch 2\n>p1 move toxicspikes\n>p2 move spikes\n>p1 move uturn\n>p2 move spikes\n>p1 switch 4\n>p1 move calmmind\n>p2 switch 5\n>p1 move freezedry\n>p2 move heavyslam\n>p1 move protect\n>p2 switch 5\n>p1 move wish\n>p2 move gunkshot\n>p1 move freezedry\n>p2 move spikes\n>p1 move freezedry\n>p2 move gunkshot\n>p2 switch 5\n>p1 switch 6\n>p2 move heavyslam\n>p1 move stompingtantrum\n>p2 switch 4\n>p1 switch 4\n>p2 move bulkup\n>p1 move circlethrow\n>p2 move liquidation\n>p1 move toxicspikes\n>p2 move uturn\n>p2 switch 6\n>p1 switch 3\n>p1 move dragontail\n>p2 move drainpunch\n>p1 switch 2\n>p2 move hurricane\n>p1 move voltswitch\n>p2 switch 6\n>p1 switch 2\n>p2 move voltswitch\n>p2 switch 6\n>p1 move recover\n>p2 move esperwing\n>p1 switch 6\n>p1 move freezedry\n>p2 switch 4\n>p1 switch 4\n>p2 move heavyslam\n>p1 switch 5\n>p1 move tidyup\n>p2 move lavaplume\n>p1 move brickbreak\n>p2 move lavaplume\n>p1 switch 2\n>p1 move earthpower\n>p2 move lavaplume\n>p2 switch 3\n>p1 move voltswitch\n>p2 move machpunch\n>p1 switch 4\n>p1 move calmmind terastallize\n>p2 move drainpunch\n>p1 move wish\n>p2 move knockoff\n>p1 move freezedry\n>p2 move bulkup\n>p1 move freezedry\n>p2 move machpunch\n>p2 switch 2\n>p1 move wish\n>p2 move closecombat\n>p1 switch 4\n>p1 move earthpower\n>p2 move aquajet", "uploadtime": 1781394300, "views": 11, "formatid": "gen9randombattle", "rating": null, "private": 0, "password": null}