{"id": "gen9randombattle-2631936913", "format": "[Gen 9] Random Battle", "players": ["kytfvb2", "Son of Sandslash"], "log": "|j|\u2606kytfvb2\n|j|\u2606Son of Sandslash\n|t:|1781457572\n|gametype|singles\n|player|p1|kytfvb2|shadowtriad|2014\n|player|p2|Son of Sandslash|102|1999\n|gen|9\n|tier|[Gen 9] Random Battle\n|rated|\n|rule|Species Clause: Limit one of each Pok\u00e9mon\n|rule|HP Percentage Mod: HP is shown in percentages\n|rule|Sleep Clause Mod: Limit one foe put to sleep\n|rule|Illusion Level Mod: Illusion disguises the Pok\u00e9mon's true level\n|\n|t:|1781457572\n|teamsize|p1|6\n|teamsize|p2|6\n|start\n|switch|p1a: Empoleon|Empoleon, L84, M|278/278\n|switch|p2a: Golem|Golem-Alola, L93, M|300/300\n|turn|1\n|\n|t:|1781457586\n|switch|p2a: Zekrom|Zekrom, L71|259/259\n|-ability|p2a: Zekrom|Teravolt\n|move|p1a: Empoleon|Flip Turn|p2a: Zekrom\n|-resisted|p2a: Zekrom\n|-damage|p2a: Zekrom|233/259\n|\n|t:|1781457595\n|switch|p1a: Mimikyu|Mimikyu, L79, F|216/216|[from] Flip Turn\n|\n|-heal|p2a: Zekrom|249/259|[from] item: Leftovers\n|upkeep\n|turn|2\n|\n|t:|1781457607\n|switch|p2a: Venusaur|Venusaur, L84, M|272/272\n|move|p1a: Mimikyu|Play Rough|p2a: Venusaur\n|-resisted|p2a: Venusaur\n|-damage|p2a: Venusaur|221/272\n|-unboost|p2a: Venusaur|atk|1\n|-damage|p1a: Mimikyu|195/216|[from] item: Life Orb\n|\n|-heal|p2a: Venusaur|238/272|[from] item: Leftovers\n|upkeep\n|turn|3\n|\n|t:|1781457621\n|switch|p1a: Tentacruel|Tentacruel, L84, F|272/272\n|move|p2a: Venusaur|Knock Off|p1a: Tentacruel\n|-damage|p1a: Tentacruel|220/272\n|-enditem|p1a: Tentacruel|Leftovers|[from] move: Knock Off|[of] p2a: Venusaur\n|\n|-heal|p2a: Venusaur|255/272|[from] item: Leftovers\n|upkeep\n|turn|4\n|\n|t:|1781457636\n|move|p1a: Tentacruel|Sludge Bomb|p2a: Venusaur\n|-damage|p2a: Venusaur|176/272\n|move|p2a: Venusaur|Energy Ball|p1a: Tentacruel\n|-damage|p1a: Tentacruel|148/272\n|\n|-heal|p2a: Venusaur|193/272|[from] item: Leftovers\n|upkeep\n|turn|5\n|\n|t:|1781457643\n|switch|p1a: Shaymin|Shaymin-Sky, L73|266/266\n|move|p2a: Venusaur|Synthesis|p2a: Venusaur\n|-heal|p2a: Venusaur|272/272\n|\n|upkeep\n|turn|6\n|\n|t:|1781457651\n|switch|p2a: Zekrom|Zekrom, L71|249/259\n|-ability|p2a: Zekrom|Teravolt\n|move|p1a: Shaymin|Substitute|p1a: Shaymin\n|-start|p1a: Shaymin|Substitute\n|-damage|p1a: Shaymin|200/266\n|\n|-heal|p1a: Shaymin|216/266|[from] item: Leftovers\n|-heal|p2a: Zekrom|259/259|[from] item: Leftovers\n|upkeep\n|turn|7\n|\n|t:|1781457660\n|move|p1a: Shaymin|Leech Seed|p2a: Zekrom\n|-start|p2a: Zekrom|move: Leech Seed\n|move|p2a: Zekrom|Bolt Strike|p1a: Shaymin\n|-end|p1a: Shaymin|Substitute\n|\n|-heal|p1a: Shaymin|232/266|[from] item: Leftovers\n|-damage|p2a: Zekrom|227/259|[from] Leech Seed|[of] p1a: Shaymin\n|-heal|p1a: Shaymin|264/266|[silent]\n|upkeep\n|turn|8\n|\n|t:|1781457676\n|switch|p2a: Muk|Muk-Alola, L82, F|306/306\n|move|p1a: Shaymin|Substitute|p1a: Shaymin\n|-start|p1a: Shaymin|Substitute\n|-damage|p1a: Shaymin|198/266\n|\n|-heal|p1a: Shaymin|214/266|[from] item: Leftovers\n|upkeep\n|turn|9\n|\n|t:|1781457710\n|move|p1a: Shaymin|Leech Seed|p2a: Muk\n|-start|p2a: Muk|move: Leech Seed\n|move|p2a: Muk|Poison Jab|p1a: Shaymin\n|-supereffective|p1a: Shaymin\n|-end|p1a: Shaymin|Substitute\n|\n|-heal|p1a: Shaymin|230/266|[from] item: Leftovers\n|-damage|p2a: Muk|268/306|[from] Leech Seed|[of] p1a: Shaymin\n|-heal|p1a: Shaymin|266/266|[silent]\n|upkeep\n|turn|10\n|\n|t:|1781457722\n|switch|p1a: Tentacruel|Tentacruel, L84, F|148/272\n|switch|p2a: Zekrom|Zekrom, L71|227/259\n|-ability|p2a: Zekrom|Teravolt\n|\n|-heal|p2a: Zekrom|243/259|[from] item: Leftovers\n|upkeep\n|turn|11\n|c|\u2606kytfvb2|yeah wp\n|\n|t:|1781457741\n|move|p1a: Tentacruel|Sludge Bomb|p2a: Zekrom\n|-damage|p2a: Zekrom|161/259\n|-status|p2a: Zekrom|psn\n|move|p2a: Zekrom|Bolt Strike|p1a: Tentacruel\n|-supereffective|p1a: Tentacruel\n|-damage|p1a: Tentacruel|0 fnt\n|faint|p1a: Tentacruel\n|\n|-heal|p2a: Zekrom|177/259 psn|[from] item: Leftovers\n|-damage|p2a: Zekrom|145/259 psn|[from] psn\n|upkeep\n|\n|t:|1781457746\n|switch|p1a: Gardevoir|Gardevoir, L83, F|249/249\n|-ability|p1a: Gardevoir|Teravolt|Trace|[from] ability: Trace|[of] p2a: Zekrom\n|-ability|p1a: Gardevoir|Teravolt\n|turn|12\n|\n|t:|1781457767\n|switch|p1a: Empoleon|Empoleon, L84, M|278/278\n|switch|p2a: Venusaur|Venusaur, L84, M|272/272\n|\n|upkeep\n|turn|13\n|\n|t:|1781457773\n|move|p2a: Venusaur|Knock Off|p1a: Empoleon\n|-damage|p1a: Empoleon|214/278\n|-enditem|p1a: Empoleon|Leftovers|[from] move: Knock Off|[of] p2a: Venusaur\n|move|p1a: Empoleon|Flip Turn|p2a: Venusaur\n|-resisted|p2a: Venusaur\n|-damage|p2a: Venusaur|242/272\n|\n|t:|1781457778\n|switch|p1a: Dragalge|Dragalge, L88, F|258/258|[from] Flip Turn\n|\n|-heal|p2a: Venusaur|259/272|[from] item: Leftovers\n|upkeep\n|turn|14\n|\n|t:|1781457815\n|move|p2a: Venusaur|Knock Off|p1a: Dragalge\n|-damage|p1a: Dragalge|205/258\n|-enditem|p1a: Dragalge|Assault Vest|[from] move: Knock Off|[of] p2a: Venusaur\n|move|p1a: Dragalge|Sludge Wave|p2a: Venusaur\n|-damage|p2a: Venusaur|131/272\n|\n|-heal|p2a: Venusaur|148/272|[from] item: Leftovers\n|upkeep\n|turn|15\n|\n|t:|1781457830\n|move|p2a: Venusaur|Synthesis|p2a: Venusaur\n|-heal|p2a: Venusaur|272/272\n|move|p1a: Dragalge|Draco Meteor|p2a: Venusaur\n|-damage|p2a: Venusaur|84/272\n|-unboost|p1a: Dragalge|spa|2\n|\n|-heal|p2a: Venusaur|101/272|[from] item: Leftovers\n|upkeep\n|turn|16\n|\n|t:|1781457851\n|switch|p1a: Shaymin|Shaymin-Sky, L73|266/266\n|move|p2a: Venusaur|Synthesis|p2a: Venusaur\n|-heal|p2a: Venusaur|237/272\n|\n|-heal|p2a: Venusaur|254/272|[from] item: Leftovers\n|upkeep\n|turn|17\n|\n|t:|1781457877\n|switch|p2a: Muk|Muk-Alola, L82, F|268/306\n|move|p1a: Shaymin|Air Slash|p2a: Muk\n|-damage|p2a: Muk|220/306\n|\n|upkeep\n|turn|18\n|\n|t:|1781457901\n|switch|p1a: Dragalge|Dragalge, L88, F|205/258\n|move|p2a: Muk|Knock Off|p1a: Dragalge\n|-damage|p1a: Dragalge|139/258\n|\n|upkeep\n|turn|19\n|\n|t:|1781457926\n|switch|p2a: Venusaur|Venusaur, L84, M|254/272\n|move|p1a: Dragalge|Dragon Tail|p2a: Venusaur\n|-damage|p2a: Venusaur|168/272\n|drag|p2a: Zangoose|Zangoose, L85, M|263/263\n|\n|-status|p2a: Zangoose|tox|[from] item: Toxic Orb\n|upkeep\n|turn|20\n|\n|t:|1781457936\n|switch|p1a: Mimikyu|Mimikyu, L79, F|195/216\n|move|p2a: Zangoose|Facade|p1a: Mimikyu\n|-immune|p1a: Mimikyu\n|\n|-damage|p2a: Zangoose|247/263 tox|[from] psn\n|upkeep\n|turn|21\n|\n|t:|1781457957\n|move|p2a: Zangoose|Knock Off|p1a: Mimikyu\n|-activate|p1a: Mimikyu|ability: Disguise\n|-damage|p1a: Mimikyu|195/216\n|-enditem|p1a: Mimikyu|Life Orb|[from] move: Knock Off|[of] p2a: Zangoose\n|detailschange|p1a: Mimikyu|Mimikyu-Busted, L79, F\n|-damage|p1a: Mimikyu|168/216|[from] pokemon: Mimikyu-Busted\n|move|p1a: Mimikyu|Swords Dance|p1a: Mimikyu\n|-boost|p1a: Mimikyu|atk|2\n|\n|-damage|p2a: Zangoose|215/263 tox|[from] psn\n|upkeep\n|turn|22\n|\n|t:|1781457970\n|switch|p2a: Venusaur|Venusaur, L84, M|168/272\n|move|p1a: Mimikyu|Drain Punch|p2a: Venusaur\n|-resisted|p2a: Venusaur\n|-damage|p2a: Venusaur|119/272\n|-heal|p1a: Mimikyu|193/216|[from] drain|[of] p2a: Venusaur\n|\n|-heal|p2a: Venusaur|136/272|[from] item: Leftovers\n|upkeep\n|turn|23\n|\n|t:|1781457994\n|move|p1a: Mimikyu|Play Rough|p2a: Venusaur\n|-resisted|p2a: Venusaur\n|-damage|p2a: Venusaur|58/272\n|move|p2a: Venusaur|Synthesis|p2a: Venusaur\n|-heal|p2a: Venusaur|194/272\n|\n|-heal|p2a: Venusaur|211/272|[from] item: Leftovers\n|upkeep\n|turn|24\n|\n|t:|1781458003\n|move|p1a: Mimikyu|Swords Dance|p1a: Mimikyu\n|-boost|p1a: Mimikyu|atk|2\n|move|p2a: Venusaur|Sludge Bomb|p1a: Mimikyu\n|-damage|p1a: Mimikyu|100/216\n|-status|p1a: Mimikyu|psn\n|\n|-heal|p2a: Venusaur|228/272|[from] item: Leftovers\n|-damage|p1a: Mimikyu|73/216 psn|[from] psn\n|upkeep\n|turn|25\n|\n|t:|1781458017\n|move|p1a: Mimikyu|Play Rough|p2a: Venusaur\n|-resisted|p2a: Venusaur\n|-damage|p2a: Venusaur|110/272\n|move|p2a: Venusaur|Synthesis|p2a: Venusaur\n|-heal|p2a: Venusaur|246/272\n|\n|-heal|p2a: Venusaur|263/272|[from] item: Leftovers\n|-damage|p1a: Mimikyu|46/216 psn|[from] psn\n|upkeep\n|turn|26\n|\n|t:|1781458026\n|move|p1a: Mimikyu|Play Rough|p2a: Venusaur|[miss]\n|-miss|p1a: Mimikyu|p2a: Venusaur\n|move|p2a: Venusaur|Energy Ball|p1a: Mimikyu\n|-damage|p1a: Mimikyu|0 fnt\n|faint|p1a: Mimikyu\n|\n|-heal|p2a: Venusaur|272/272|[from] item: Leftovers\n|upkeep\n|\n|t:|1781458031\n|switch|p1a: Gardevoir|Gardevoir, L83, F|249/249\n|-ability|p1a: Gardevoir|Overgrow|Trace|[from] ability: Trace|[of] p2a: Venusaur\n|turn|27\n|\n|t:|1781458047\n|switch|p2a: Muk|Muk-Alola, L82, F|220/306\n|move|p1a: Gardevoir|Psychic|p2a: Muk\n|-immune|p2a: Muk\n|\n|upkeep\n|turn|28\n|c|\u2606kytfvb2|gg doubt I could win this\n|-message|kytfvb2 forfeited.\n|\n|win|Son of Sandslash\n", "inputlog": ">version a8376a258c1d4662feba110a92103f3664a72141\n>start {\"formatid\":\"gen9randombattle\",\"seed\":\"sodium,c5121cecdc4e129143afd65e765dd6d8\",\"rated\":\"Rated battle\"}\n>player p1 {\"name\":\"kytfvb2\",\"avatar\":\"shadowtriad\",\"rating\":2014,\"seed\":\"sodium,356029718579dd9aca04faa3818ae02c\"}\n>player p2 {\"name\":\"Son of Sandslash\",\"avatar\":\"102\",\"rating\":1999,\"seed\":\"sodium,580cd62d0585c2cda2cd9492fc5b1bdc\"}\n>p1 move flipturn\n>p2 switch 4\n>p1 switch 6\n>p1 move playrough\n>p2 switch 5\n>p1 switch 4\n>p2 move knockoff\n>p1 move sludgebomb\n>p2 move energyball\n>p1 switch 3\n>p2 move synthesis\n>p1 move substitute\n>p2 switch 5\n>p1 move leechseed\n>p2 move boltstrike\n>p1 move substitute\n>p2 switch 3\n>p1 move leechseed\n>p2 move poisonjab\n>p1 switch 3\n>p2 switch 3\n>chat \u2606kytfvb2|yeah wp\n>p1 move sludgebomb\n>p2 move boltstrike\n>p1 switch 5\n>p1 switch 6\n>p2 switch 5\n>p1 move flipturn\n>p2 move knockoff\n>p1 switch 2\n>p1 move sludgewave\n>p2 move knockoff\n>p1 move dracometeor\n>p2 move synthesis\n>p1 switch 3\n>p2 move synthesis\n>p1 move airslash\n>p2 switch 3\n>p1 switch 3\n>p2 move knockoff\n>p1 move dragontail\n>p2 switch 3\n>p1 switch 4\n>p2 move facade\n>p1 move swordsdance\n>p2 move knockoff\n>p1 move drainpunch\n>p2 switch 6\n>p1 move playrough\n>p2 move synthesis\n>p1 move swordsdance\n>p2 move sludgebomb\n>p1 move playrough\n>p2 move synthesis\n>p1 move playrough\n>p2 move energyball\n>p1 switch 6\n>p1 move psychic\n>p2 switch 3\n>chat \u2606kytfvb2|gg doubt I could win this\n>forcelose p1", "uploadtime": 1781457574, "views": 4, "formatid": "gen9randombattle", "rating": null, "private": 0, "password": null}