{"id": "gen9randombattle-2631980486", "format": "[Gen 9] Random Battle", "players": ["popo4456", "Magikarpitalism"], "log": "|j|\u203dpopo4456\n|j|\u2606Magikarpitalism\n|t:|1781462337\n|gametype|singles\n|player|p1|popo4456|galacticgrunt|2126\n|player|p2|Magikarpitalism|steven|2220\n|gen|9\n|tier|[Gen 9] Random Battle\n|rated|\n|rule|Species Clause: Limit one of each Pok\u00e9mon\n|rule|HP Percentage Mod: HP is shown in percentages\n|rule|Sleep Clause Mod: Limit one foe put to sleep\n|rule|Illusion Level Mod: Illusion disguises the Pok\u00e9mon's true level\n|\n|t:|1781462337\n|teamsize|p1|6\n|teamsize|p2|6\n|start\n|switch|p1a: Duraludon|Duraludon, L82, M|249/249\n|switch|p2a: Cloyster|Cloyster, L80, M|211/211\n|turn|1\n|\n|t:|1781462363\n|switch|p2a: Grumpig|Grumpig, L92, F|297/297\n|move|p1a: Duraludon|Iron Defense|p1a: Duraludon\n|-boost|p1a: Duraludon|def|2\n|\n|upkeep\n|turn|2\n|\n|t:|1781462372\n|move|p2a: Grumpig|Earth Power|p1a: Duraludon\n|-supereffective|p1a: Duraludon\n|-damage|p1a: Duraludon|107/249\n|move|p1a: Duraludon|Flash Cannon|p2a: Grumpig\n|-damage|p2a: Grumpig|221/297\n|\n|upkeep\n|turn|3\n|\n|t:|1781462379\n|switch|p1a: Mismagius|Mismagius, L86, M|243/243\n|move|p2a: Grumpig|Earth Power|p1a: Mismagius\n|-immune|p1a: Mismagius|[from] ability: Levitate\n|\n|upkeep\n|turn|4\n|\n|t:|1781462383\n|switch|p2a: Overqwil|Overqwil, L82, M|274/274\n|-ability|p2a: Overqwil|Intimidate|boost\n|-unboost|p1a: Mismagius|atk|1\n|move|p1a: Mismagius|Nasty Plot|p1a: Mismagius\n|-boost|p1a: Mismagius|spa|2\n|\n|upkeep\n|turn|5\n|\n|t:|1781462389\n|move|p1a: Mismagius|Dazzling Gleam|p2a: Overqwil\n|-damage|p2a: Overqwil|127/274\n|move|p2a: Overqwil|Scale Shot|p1a: Mismagius\n|-damage|p1a: Mismagius|219/243\n|-damage|p1a: Mismagius|192/243\n|-damage|p1a: Mismagius|168/243\n|-damage|p1a: Mismagius|141/243\n|-hitcount|p1a: Mismagius|4\n|-unboost|p2a: Overqwil|def|1\n|-boost|p2a: Overqwil|spe|1\n|\n|-heal|p1a: Mismagius|156/243|[from] item: Leftovers\n|upkeep\n|turn|6\n|\n|t:|1781462399\n|switch|p1a: Alcremie|Alcremie-Mint-Cream, L90, F|263/263\n|move|p2a: Overqwil|Crunch|p1a: Alcremie\n|-resisted|p1a: Alcremie\n|-damage|p1a: Alcremie|213/263\n|\n|-heal|p1a: Alcremie|229/263|[from] item: Leftovers\n|upkeep\n|turn|7\n|\n|t:|1781462403\n|switch|p1a: Toxicroak|Toxicroak, L84, M|277/277\n|move|p2a: Overqwil|Gunk Shot|p1a: Toxicroak|[miss]\n|-miss|p2a: Overqwil|p1a: Toxicroak\n|\n|upkeep\n|turn|8\n|\n|t:|1781462411\n|switch|p2a: Grumpig|Grumpig, L92, F|221/297\n|move|p1a: Toxicroak|Earthquake|p2a: Grumpig\n|-damage|p2a: Grumpig|112/297\n|-damage|p1a: Toxicroak|250/277|[from] item: Life Orb\n|\n|upkeep\n|turn|9\n|\n|t:|1781462417\n|switch|p1a: Duraludon|Duraludon, L82, M|107/249\n|move|p2a: Grumpig|Psyshock|p1a: Duraludon\n|-resisted|p1a: Duraludon\n|-damage|p1a: Duraludon|80/249\n|\n|upkeep\n|turn|10\n|\n|t:|1781462423\n|switch|p2a: Overqwil|Overqwil, L82, M|127/274\n|-ability|p2a: Overqwil|Intimidate|boost\n|-unboost|p1a: Duraludon|atk|1\n|move|p1a: Duraludon|Flash Cannon|p2a: Overqwil\n|-damage|p2a: Overqwil|3/274\n|\n|upkeep\n|turn|11\n|\n|t:|1781462428\n|move|p1a: Duraludon|Flash Cannon|p2a: Overqwil\n|-damage|p2a: Overqwil|0 fnt\n|faint|p2a: Overqwil\n|\n|upkeep\n|\n|t:|1781462436\n|switch|p2a: Inteleon|Inteleon, L81, M|246/246\n|turn|12\n|\n|t:|1781462440\n|move|p2a: Inteleon|Ice Beam|p1a: Duraludon\n|-damage|p1a: Duraludon|0 fnt\n|faint|p1a: Duraludon\n|\n|upkeep\n|\n|t:|1781462443\n|switch|p1a: Toxicroak|Toxicroak, L84, M|250/277\n|turn|13\n|\n|t:|1781462447\n|switch|p2a: Grumpig|Grumpig, L92, F|112/297\n|move|p1a: Toxicroak|Gunk Shot|p2a: Grumpig\n|-damage|p2a: Grumpig|0 fnt\n|faint|p2a: Grumpig\n|-damage|p1a: Toxicroak|223/277|[from] item: Life Orb\n|\n|upkeep\n|\n|t:|1781462450\n|switch|p2a: Cloyster|Cloyster, L80, M|211/211\n|turn|14\n|\n|t:|1781462453\n|move|p1a: Toxicroak|Close Combat|p2a: Cloyster\n|-supereffective|p2a: Cloyster\n|-damage|p2a: Cloyster|16/211\n|-unboost|p1a: Toxicroak|def|1\n|-unboost|p1a: Toxicroak|spd|1\n|-damage|p1a: Toxicroak|196/277|[from] item: Life Orb\n|move|p2a: Cloyster|Shell Smash|p2a: Cloyster\n|-unboost|p2a: Cloyster|def|1\n|-unboost|p2a: Cloyster|spd|1\n|-boost|p2a: Cloyster|atk|2\n|-boost|p2a: Cloyster|spa|2\n|-boost|p2a: Cloyster|spe|2\n|-enditem|p2a: Cloyster|White Herb\n|-clearnegativeboost|p2a: Cloyster|[silent]\n|\n|upkeep\n|turn|15\n|\n|t:|1781462463\n|switch|p1a: Alcremie|Alcremie-Mint-Cream, L90, F|229/263\n|move|p2a: Cloyster|Icicle Spear|p1a: Alcremie\n|-damage|p1a: Alcremie|178/263\n|-damage|p1a: Alcremie|123/263\n|-damage|p1a: Alcremie|74/263\n|-damage|p1a: Alcremie|23/263\n|-damage|p1a: Alcremie|0 fnt\n|faint|p1a: Alcremie\n|-hitcount|p1: Alcremie|5\n|\n|upkeep\n|\n|t:|1781462467\n|switch|p1a: Houndoom|Houndoom, L87, M|272/272\n|turn|16\n|\n|t:|1781462479\n|move|p1a: Houndoom|Sucker Punch|p2a: Cloyster\n|-damage|p2a: Cloyster|0 fnt\n|faint|p2a: Cloyster\n|\n|upkeep\n|\n|t:|1781462482\n|switch|p2a: Iron Thorns|Iron Thorns, L83|302/302\n|turn|17\n|\n|t:|1781462493\n|switch|p1a: Mismagius|Mismagius, L86, M|156/243\n|move|p2a: Iron Thorns|Stone Edge|p1a: Mismagius\n|-damage|p1a: Mismagius|0 fnt\n|faint|p1a: Mismagius\n|\n|upkeep\n|\n|t:|1781462497\n|switch|p1a: Toxicroak|Toxicroak, L84, M|196/277\n|turn|18\n|\n|t:|1781462500\n|-end|p2a: Iron Thorns|Quark Drive|[silent]\n|switch|p2a: Jumpluff|Jumpluff, L87, F|271/271\n|move|p1a: Toxicroak|Earthquake|p2a: Jumpluff\n|-immune|p2a: Jumpluff\n|\n|upkeep\n|turn|19\n|\n|t:|1781462504\n|-terastallize|p1a: Toxicroak|Ground\n|move|p2a: Jumpluff|Substitute|p2a: Jumpluff\n|-start|p2a: Jumpluff|Substitute\n|-damage|p2a: Jumpluff|204/271\n|move|p1a: Toxicroak|Gunk Shot|p2a: Jumpluff|[miss]\n|-miss|p1a: Toxicroak|p2a: Jumpluff\n|\n|upkeep\n|turn|20\n|\n|t:|1781462509\n|move|p2a: Jumpluff|Acrobatics|p1a: Toxicroak\n|-damage|p1a: Toxicroak|85/277\n|move|p1a: Toxicroak|Gunk Shot|p2a: Jumpluff\n|-supereffective|p2a: Jumpluff\n|-end|p2a: Jumpluff|Substitute\n|-damage|p1a: Toxicroak|58/277|[from] item: Life Orb\n|\n|upkeep\n|turn|21\n|\n|t:|1781462515\n|move|p2a: Jumpluff|Acrobatics|p1a: Toxicroak\n|-damage|p1a: Toxicroak|0 fnt\n|faint|p1a: Toxicroak\n|\n|upkeep\n|\n|t:|1781462517\n|switch|p1a: Houndoom|Houndoom, L87, M|272/272\n|turn|22\n|\n|t:|1781462524\n|switch|p2a: Inteleon|Inteleon, L81, M|246/246\n|move|p1a: Houndoom|Dark Pulse|p2a: Inteleon\n|-damage|p2a: Inteleon|128/246\n|\n|upkeep\n|turn|23\n|\n|t:|1781462531\n|move|p1a: Houndoom|Sucker Punch|p2a: Inteleon\n|-damage|p2a: Inteleon|34/246\n|move|p2a: Inteleon|Hydro Pump|p1a: Houndoom\n|-supereffective|p1a: Houndoom\n|-damage|p1a: Houndoom|0 fnt\n|faint|p1a: Houndoom\n|\n|upkeep\n|\n|t:|1781462535\n|switch|p1a: Hawlucha|Hawlucha, L80, M|256/256\n|turn|24\n|\n|t:|1781462552\n|move|p2a: Inteleon|Hydro Pump|p1a: Hawlucha\n|-damage|p1a: Hawlucha|0 fnt\n|faint|p1a: Hawlucha\n|\n|win|Magikarpitalism\n|raw|popo4456's rating: 2126 &rarr; <strong>2111</strong><br />(-15 for losing)\n|raw|Magikarpitalism's rating: 2220 &rarr; <strong>2235</strong><br />(+15 for winning)\n", "inputlog": ">version a8376a258c1d4662feba110a92103f3664a72141\n>start {\"formatid\":\"gen9randombattle\",\"seed\":\"sodium,05d12251b248976d3648931da9db7e96\",\"rated\":\"Rated battle\"}\n>player p1 {\"name\":\"popo4456\",\"avatar\":\"galacticgrunt\",\"rating\":2126,\"seed\":\"sodium,ad57f181fc9acf07158d8ee6a062b3cb\"}\n>player p2 {\"name\":\"Magikarpitalism\",\"avatar\":\"steven\",\"rating\":2220,\"seed\":\"sodium,dd91a4306e93f304feacd30d5b09e1c7\"}\n>p1 move irondefense\n>p2 switch 6\n>p1 move flashcannon\n>p2 move earthpower\n>p1 switch 6\n>p2 move earthpower\n>p1 move nastyplot\n>p2 switch 5\n>p1 move dazzlinggleam\n>p2 move scaleshot\n>p1 switch 5\n>p2 move crunch\n>p1 switch 2\n>p2 move gunkshot\n>p1 move earthquake\n>p2 switch 5\n>p1 switch 6\n>p2 move psyshock\n>p1 move flashcannon\n>p2 switch 5\n>p1 move flashcannon\n>p2 move crunch\n>p2 switch 2\n>p1 move bodypress\n>p2 move icebeam\n>p1 switch 6\n>p1 move gunkshot\n>p2 switch 5\n>p2 switch 6\n>p1 move closecombat\n>p2 move shellsmash\n>p1 switch 2\n>p2 move iciclespear\n>p1 switch 4\n>p1 move suckerpunch\n>p2 move hydropump\n>p2 switch 3\n>p1 switch 5\n>p2 move stoneedge\n>p1 switch 2\n>p1 move earthquake\n>p2 switch 4\n>p1 move gunkshot terastallize\n>p2 move substitute\n>p1 move gunkshot\n>p2 move acrobatics\n>p1 move gunkshot\n>p2 move acrobatics\n>p1 switch 5\n>p1 move darkpulse\n>p2 switch 5\n>p1 move suckerpunch\n>p2 move hydropump\n>p1 switch 3\n>p1 move closecombat\n>p2 move hydropump", "uploadtime": 1781462338, "views": 7, "formatid": "gen9randombattle", "rating": 2111, "private": 0, "password": null}