{"id": "gen9randombattle-2631837323", "format": "[Gen 9] Random Battle", "players": ["bimiuchiratnhieu", "moritzvb"], "log": "|j|\u2606bimiuchiratnhieu\n|j|\u2606moritzvb\n|t:|1781446422\n|gametype|singles\n|player|p1|bimiuchiratnhieu|hilda|2178\n|player|p2|moritzvb|ariana|2120\n|gen|9\n|tier|[Gen 9] Random Battle\n|rated|\n|rule|Species Clause: Limit one of each Pok\u00e9mon\n|rule|HP Percentage Mod: HP is shown in percentages\n|rule|Sleep Clause Mod: Limit one foe put to sleep\n|rule|Illusion Level Mod: Illusion disguises the Pok\u00e9mon's true level\n|\n|t:|1781446422\n|teamsize|p1|6\n|teamsize|p2|6\n|start\n|switch|p1a: Metagross|Metagross, L79|256/256\n|switch|p2a: Luvdisc|Luvdisc, F|247/247\n|turn|1\n|inactive|Battle timer is ON: inactive players will automatically lose when time's up. (requested by bimiuchiratnhieu)\n|\n|t:|1781446437\n|move|p2a: Luvdisc|Whirlpool|p1a: Metagross\n|-damage|p1a: Metagross|222/256\n|-activate|p1a: Metagross|move: Whirlpool|[of] p2a: Luvdisc\n|move|p1a: Metagross|Earthquake|p2a: Luvdisc\n|-damage|p2a: Luvdisc|153/247\n|\n|-damage|p1a: Metagross|190/256|[from] move: Whirlpool|[partiallytrapped]\n|upkeep\n|turn|2\n|\n|t:|1781446455\n|move|p2a: Luvdisc|Surf|p1a: Metagross\n|-damage|p1a: Metagross|106/256\n|move|p1a: Metagross|Earthquake|p2a: Luvdisc\n|-damage|p2a: Luvdisc|65/247\n|\n|-damage|p1a: Metagross|74/256|[from] move: Whirlpool|[partiallytrapped]\n|upkeep\n|turn|3\n|\n|t:|1781446471\n|move|p2a: Luvdisc|Surf|p1a: Metagross\n|-damage|p1a: Metagross|0 fnt\n|faint|p1a: Metagross\n|\n|upkeep\n|\n|t:|1781446489\n|switch|p1a: Zarude|Zarude-Dada, L77|288/288\n|turn|4\n|\n|t:|1781446494\n|switch|p2a: Fezandipiti|Fezandipiti, L82, M|278/278\n|move|p1a: Zarude|Knock Off|p2a: Fezandipiti\n|-resisted|p2a: Fezandipiti\n|-damage|p2a: Fezandipiti|227/278\n|-enditem|p2a: Fezandipiti|Leftovers|[from] move: Knock Off|[of] p1a: Zarude\n|\n|upkeep\n|turn|5\n|\n|t:|1781446520\n|switch|p1a: Sandslash|Sandslash, L89, M|278/278\n|move|p2a: Fezandipiti|Beat Up|p1a: Sandslash\n|-damage|p1a: Sandslash|270/278\n|-damage|p1a: Sandslash|264/278\n|-damage|p1a: Sandslash|255/278\n|-damage|p1a: Sandslash|250/278\n|-damage|p1a: Sandslash|244/278\n|-damage|p1a: Sandslash|237/278\n|-hitcount|p1a: Sandslash|6\n|\n|-heal|p1a: Sandslash|254/278|[from] item: Leftovers\n|upkeep\n|turn|6\n|inactive|bimiuchiratnhieu has 120 seconds left.\n|\n|t:|1781446541\n|switch|p2a: Palossand|Palossand, L89, M|296/296\n|move|p1a: Sandslash|Rapid Spin|p2a: Palossand\n|-immune|p2a: Palossand\n|\n|-heal|p1a: Sandslash|271/278|[from] item: Leftovers\n|upkeep\n|turn|7\n|inactive|bimiuchiratnhieu has 120 seconds left.\n|\n|t:|1781446550\n|move|p1a: Sandslash|Swords Dance|p1a: Sandslash\n|-boost|p1a: Sandslash|atk|2\n|move|p2a: Palossand|Sludge Bomb|p1a: Sandslash\n|-resisted|p1a: Sandslash\n|-damage|p1a: Sandslash|221/278\n|\n|-heal|p1a: Sandslash|238/278|[from] item: Leftovers\n|upkeep\n|turn|8\n|inactive|bimiuchiratnhieu has 120 seconds left.\n|\n|t:|1781446561\n|move|p1a: Sandslash|Earthquake|p2a: Palossand\n|-damage|p2a: Palossand|92/296\n|move|p2a: Palossand|Earth Power|p1a: Sandslash\n|-crit|p1a: Sandslash\n|-damage|p1a: Sandslash|28/278\n|\n|-heal|p1a: Sandslash|45/278|[from] item: Leftovers\n|-heal|p2a: Palossand|110/296|[from] item: Leftovers\n|upkeep\n|turn|9\n|\n|t:|1781446573\n|move|p1a: Sandslash|Earthquake|p2a: Palossand\n|-damage|p2a: Palossand|0 fnt\n|faint|p2a: Palossand\n|\n|-heal|p1a: Sandslash|62/278|[from] item: Leftovers\n|upkeep\n|\n|t:|1781446580\n|switch|p2a: Fezandipiti|Fezandipiti, L82, M|227/278\n|turn|10\n|\n|t:|1781446583\n|move|p2a: Fezandipiti|Moonblast|p1a: Sandslash\n|-damage|p1a: Sandslash|0 fnt\n|faint|p1a: Sandslash\n|\n|upkeep\n|\n|t:|1781446595\n|switch|p1a: Delibird|Delibird, F|252/252\n|turn|11\n|\n|t:|1781446611\n|switch|p2a: Terapagos|Terapagos, L77, F|265/265\n|-activate|p2a: Terapagos|ability: Tera Shift\n|detailschange|p2a: Terapagos|Terapagos-Terastal, L77, F\n|-heal|p2a: Terapagos|273/273|[silent]\n|move|p1a: Delibird|Brave Bird|p2a: Terapagos\n|-activate|p2a: Terapagos|ability: Tera Shell\n|-resisted|p2a: Terapagos\n|-damage|p2a: Terapagos|219/273\n|-damage|p1a: Delibird|234/252|[from] Recoil\n|\n|upkeep\n|turn|12\n|\n|t:|1781446622\n|switch|p1a: Skuntank|Skuntank, L84, F|310/310\n|move|p2a: Terapagos|Tera Starstorm|p1a: Skuntank\n|-damage|p1a: Skuntank|169/310\n|\n|upkeep\n|turn|13\n|\n|t:|1781446631\n|move|p1a: Skuntank|Knock Off|p2a: Terapagos\n|-damage|p2a: Terapagos|106/273\n|-enditem|p2a: Terapagos|Chesto Berry|[from] move: Knock Off|[of] p1a: Skuntank\n|-damage|p1a: Skuntank|138/310|[from] item: Life Orb\n|move|p2a: Terapagos|Tera Starstorm|p1a: Skuntank\n|-damage|p1a: Skuntank|0 fnt\n|faint|p1a: Skuntank\n|\n|upkeep\n|inactive|bimiuchiratnhieu has 120 seconds left.\n|inactive|bimiuchiratnhieu has 90 seconds left.\n|\n|t:|1781446707\n|switch|p1a: Delibird|Delibird, F|234/252\n|turn|14\n|\n|t:|1781446716\n|move|p1a: Delibird|Brave Bird|p2a: Terapagos\n|-damage|p2a: Terapagos|4/273\n|-damage|p1a: Delibird|200/252|[from] Recoil\n|move|p2a: Terapagos|Tera Starstorm|p1a: Delibird\n|-damage|p1a: Delibird|49/252\n|\n|upkeep\n|turn|15\n|inactive|bimiuchiratnhieu has 90 seconds left.\n|\n|t:|1781446730\n|move|p1a: Delibird|Freeze-Dry|p2a: Terapagos\n|-damage|p2a: Terapagos|0 fnt\n|faint|p2a: Terapagos\n|\n|upkeep\n|\n|t:|1781446748\n|switch|p2a: Regieleki|Regieleki, L79|256/256\n|turn|16\n|inactive|bimiuchiratnhieu has 90 seconds left.\n|\n|t:|1781446776\n|move|p2a: Regieleki|Volt Switch|p1a: Delibird\n|-supereffective|p1a: Delibird\n|-damage|p1a: Delibird|0 fnt\n|faint|p1a: Delibird\n|\n|t:|1781446784\n|switch|p2a: Fezandipiti|Fezandipiti, L82, M|227/278|[from] Volt Switch\n|\n|upkeep\n|\n|t:|1781446801\n|switch|p1a: Zarude|Zarude-Dada, L77|288/288\n|turn|17\n|\n|t:|1781446815\n|move|p1a: Zarude|Power Whip|p2a: Fezandipiti\n|-resisted|p2a: Fezandipiti\n|-damage|p2a: Fezandipiti|155/278\n|move|p2a: Fezandipiti|Moonblast|p1a: Zarude\n|-supereffective|p1a: Zarude\n|-damage|p1a: Zarude|126/288\n|-status|p1a: Zarude|tox|[from] ability: Toxic Chain|[of] p2a: Fezandipiti\n|\n|-damage|p1a: Zarude|108/288 tox|[from] psn\n|upkeep\n|turn|18\n|\n|t:|1781446823\n|move|p1a: Zarude|Power Whip|p2a: Fezandipiti\n|-resisted|p2a: Fezandipiti\n|-damage|p2a: Fezandipiti|87/278\n|move|p2a: Fezandipiti|Roost|p2a: Fezandipiti\n|-heal|p2a: Fezandipiti|226/278\n|-singleturn|p2a: Fezandipiti|move: Roost\n|\n|-damage|p1a: Zarude|72/288 tox|[from] psn\n|upkeep\n|turn|19\n|inactive|bimiuchiratnhieu has 90 seconds left.\n|\n|t:|1781446828\n|move|p1a: Zarude|Power Whip|p2a: Fezandipiti\n|-resisted|p2a: Fezandipiti\n|-damage|p2a: Fezandipiti|164/278\n|move|p2a: Fezandipiti|Roost|p2a: Fezandipiti\n|-heal|p2a: Fezandipiti|278/278\n|-singleturn|p2a: Fezandipiti|move: Roost\n|\n|-damage|p1a: Zarude|18/288 tox|[from] psn\n|upkeep\n|turn|20\n|\n|t:|1781446835\n|switch|p1a: Hitmontop|Hitmontop, L88, M|231/231\n|-ability|p1a: Hitmontop|Intimidate|boost\n|-unboost|p2a: Fezandipiti|atk|1\n|move|p2a: Fezandipiti|Roost||[still]\n|-fail|p2a: Fezandipiti|heal\n|\n|upkeep\n|turn|21\n|inactive|bimiuchiratnhieu has 90 seconds left.\n|c|\u2606moritzvb|gg\n|\n|t:|1781446860\n|switch|p2a: Sableye|Sableye, L88, M|231/231\n|-terastallize|p1a: Hitmontop|Steel\n|move|p1a: Hitmontop|Earthquake|p2a: Sableye\n|-damage|p2a: Sableye|106/231\n|\n|-heal|p2a: Sableye|120/231|[from] item: Leftovers\n|upkeep\n|turn|22\n|inactive|bimiuchiratnhieu has 90 seconds left.\n|inactive|moritzvb has 120 seconds left.\n|\n|t:|1781446892\n|switch|p1a: Zarude|Zarude-Dada, L77|18/288 tox\n|move|p2a: Sableye|Thunder Wave|p1a: Zarude\n|-hint|Since gen 7, Dark is immune to Prankster moves.\n|-immune|p1a: Zarude\n|\n|-heal|p2a: Sableye|134/231|[from] item: Leftovers\n|-damage|p1a: Zarude|0 fnt|[from] psn\n|faint|p1a: Zarude\n|upkeep\n|\n|t:|1781446896\n|switch|p1a: Hitmontop|Hitmontop, L88, M, tera:Steel|231/231\n|-ability|p1a: Hitmontop|Intimidate|boost\n|-unboost|p2a: Sableye|atk|1\n|turn|23\n|inactive|bimiuchiratnhieu has 90 seconds left.\n|\n|t:|1781446907\n|move|p2a: Sableye|Recover|p2a: Sableye\n|-heal|p2a: Sableye|231/231\n|move|p1a: Hitmontop|Earthquake|p2a: Sableye\n|-damage|p2a: Sableye|100/231\n|\n|-heal|p2a: Sableye|114/231|[from] item: Leftovers\n|upkeep\n|turn|24\n|\n|t:|1781446911\n|move|p2a: Sableye|Thunder Wave|p1a: Hitmontop|[miss]\n|-miss|p2a: Sableye|p1a: Hitmontop\n|move|p1a: Hitmontop|Earthquake|p2a: Sableye\n|-damage|p2a: Sableye|0 fnt\n|faint|p2a: Sableye\n|\n|upkeep\n|\n|t:|1781446916\n|switch|p2a: Luvdisc|Luvdisc, F|65/247\n|turn|25\n|\n|t:|1781446941\n|move|p2a: Luvdisc|Endeavor|p1a: Hitmontop\n|-damage|p1a: Hitmontop|65/231\n|move|p1a: Hitmontop|Earthquake|p2a: Luvdisc\n|-damage|p2a: Luvdisc|0 fnt\n|faint|p2a: Luvdisc\n|\n|upkeep\n|\n|t:|1781446955\n|switch|p2a: Fezandipiti|Fezandipiti, L82, M|278/278\n|turn|26\n|\n|t:|1781446959\n|move|p2a: Fezandipiti|Moonblast|p1a: Hitmontop\n|-resisted|p1a: Hitmontop\n|-damage|p1a: Hitmontop|33/231\n|move|p1a: Hitmontop|Earthquake|p2a: Fezandipiti\n|-supereffective|p2a: Fezandipiti\n|-damage|p2a: Fezandipiti|32/278\n|\n|upkeep\n|turn|27\n|\n|t:|1781446962\n|move|p2a: Fezandipiti|Moonblast|p1a: Hitmontop\n|-resisted|p1a: Hitmontop\n|-damage|p1a: Hitmontop|5/231\n|move|p1a: Hitmontop|Earthquake|p2a: Fezandipiti\n|-supereffective|p2a: Fezandipiti\n|-damage|p2a: Fezandipiti|0 fnt\n|faint|p2a: Fezandipiti\n|\n|upkeep\n|\n|t:|1781446965\n|switch|p2a: Regieleki|Regieleki, L79|256/256\n|turn|28\n|-message|bimiuchiratnhieu forfeited.\n|\n|win|moritzvb\n", "inputlog": ">version a8376a258c1d4662feba110a92103f3664a72141\n>start {\"formatid\":\"gen9randombattle\",\"seed\":\"sodium,02766573e911c716244b8295bd961a98\",\"rated\":\"Rated battle\"}\n>player p1 {\"name\":\"bimiuchiratnhieu\",\"avatar\":\"hilda\",\"rating\":2178,\"seed\":\"sodium,98a8416ef783217f61597f07bf61839e\"}\n>player p2 {\"name\":\"moritzvb\",\"avatar\":\"ariana\",\"rating\":2120,\"seed\":\"sodium,9ff834d7421b45787b227aaefca51b32\"}\n>p1 move earthquake\n>p2 move whirlpool\n>p1 move earthquake\n>p2 move surf\n>p1 move earthquake\n>p2 move surf\n>p1 switch 2\n>p1 move knockoff\n>p2 switch 4\n>p1 switch 3\n>p2 move beatup\n>p1 move rapidspin\n>p2 switch 6\n>p1 move swordsdance\n>p2 move sludgebomb\n>p1 move earthquake\n>p2 move earthpower\n>p1 move earthquake\n>p2 move earthpower\n>p2 switch 6\n>p1 move rapidspin\n>p2 move moonblast\n>p1 switch 5\n>p1 move bravebird\n>p2 switch 5\n>p1 switch 6\n>p2 move terastarstorm\n>p1 move knockoff\n>p2 move terastarstorm\n>p1 switch 6\n>p1 move bravebird\n>p2 move terastarstorm\n>p1 move freezedry\n>p2 move terastarstorm\n>p2 switch 3\n>p1 move freezedry\n>p2 move voltswitch\n>p2 switch 5\n>p1 switch 3\n>p1 move powerwhip\n>p2 move moonblast\n>p1 move powerwhip\n>p2 move roost\n>p1 move powerwhip\n>p2 move roost\n>p1 switch 4\n>p2 move roost\n>chat \u2606moritzvb|gg\n>p1 move earthquake terastallize\n>p2 switch 2\n>p1 switch 4\n>p2 move thunderwave\n>p1 switch 4\n>p1 move earthquake\n>p2 move recover\n>p1 move earthquake\n>p2 move thunderwave\n>p2 switch 4\n>p1 move earthquake\n>p2 move endeavor\n>p2 switch 2\n>p1 move earthquake\n>p2 move moonblast\n>p1 move earthquake\n>p2 move moonblast\n>p2 switch 5\n>forcelose p1", "uploadtime": 1781446424, "views": 4, "formatid": "gen9randombattle", "rating": null, "private": 0, "password": null}