{"id": "gen9randombattle-2631374532", "format": "[Gen 9] Random Battle", "players": ["bluesun000", "discodiscogoodgood"], "log": "|j|\u2606bluesun000\n|j|\u2606discodiscogoodgood\n|t:|1781377147\n|gametype|singles\n|player|p1|bluesun000|palmer|1964\n|player|p2|discodiscogoodgood|musician|2014\n|gen|9\n|tier|[Gen 9] Random Battle\n|rated|\n|rule|Species Clause: Limit one of each Pok\u00e9mon\n|rule|HP Percentage Mod: HP is shown in percentages\n|rule|Sleep Clause Mod: Limit one foe put to sleep\n|rule|Illusion Level Mod: Illusion disguises the Pok\u00e9mon's true level\n|\n|t:|1781377147\n|teamsize|p1|6\n|teamsize|p2|6\n|start\n|switch|p1a: Chien-Pao|Chien-Pao, L72|234/234\n|switch|p2a: Cinderace|Cinderace, L77, M|249/249\n|-ability|p1a: Chien-Pao|Sword of Ruin\n|turn|1\n|inactive|Battle timer is ON: inactive players will automatically lose when time's up. (requested by bluesun000)\n|\n|t:|1781377173\n|switch|p1a: Salamence|Salamence, L77, M|273/273\n|move|p2a: Cinderace|U-turn|p1a: Salamence\n|-start|p2a: Cinderace|typechange|Bug|[from] ability: Libero\n|-resisted|p1a: Salamence\n|-damage|p1a: Salamence|213/273\n|\n|t:|1781377183\n|switch|p2a: Kleavor|Kleavor, L78, F|237/237|[from] U-turn\n|\n|upkeep\n|turn|2\n|\n|t:|1781377199\n|-terastallize|p1a: Salamence|Ground\n|move|p1a: Salamence|Dragon Dance|p1a: Salamence\n|-boost|p1a: Salamence|atk|1\n|-boost|p1a: Salamence|spe|1\n|move|p2a: Kleavor|Stone Axe|p1a: Salamence\n|-resisted|p1a: Salamence\n|-damage|p1a: Salamence|140/273\n|-sidestart|p1: bluesun000|move: Stealth Rock\n|\n|upkeep\n|turn|3\n|\n|t:|1781377215\n|move|p1a: Salamence|Dragon Dance|p1a: Salamence\n|-boost|p1a: Salamence|atk|1\n|-boost|p1a: Salamence|spe|1\n|move|p2a: Kleavor|X-Scissor|p1a: Salamence\n|-damage|p1a: Salamence|0 fnt\n|faint|p1a: Salamence\n|\n|upkeep\n|\n|t:|1781377226\n|switch|p1a: Greninja|Greninja, L80, M|246/246\n|-damage|p1a: Greninja|216/246|[from] Stealth Rock\n|turn|4\n|\n|t:|1781377234\n|switch|p2a: Cryogonal|Cryogonal, L89|287/287\n|move|p1a: Greninja|Hydro Pump|p2a: Cryogonal\n|-start|p1a: Greninja|typechange|Water|[from] ability: Protean\n|-damage|p2a: Cryogonal|192/287\n|-damage|p1a: Greninja|192/246|[from] item: Life Orb\n|\n|upkeep\n|turn|5\n|\n|t:|1781377242\n|move|p1a: Greninja|Gunk Shot|p2a: Cryogonal\n|-damage|p2a: Cryogonal|44/287\n|-status|p2a: Cryogonal|psn\n|-damage|p1a: Greninja|168/246|[from] item: Life Orb\n|move|p2a: Cryogonal|Ice Beam|p1a: Greninja\n|-resisted|p1a: Greninja\n|-damage|p1a: Greninja|105/246\n|\n|-damage|p2a: Cryogonal|9/287 psn|[from] psn\n|upkeep\n|turn|6\n|\n|t:|1781377251\n|switch|p2a: Ditto|Ditto, L87|225/225\n|-transform|p2a: Ditto|p1a: Greninja|[from] ability: Imposter\n|move|p1a: Greninja|Toxic Spikes|p2a: Ditto\n|-sidestart|p2: discodiscogoodgood|move: Toxic Spikes\n|\n|upkeep\n|turn|7\n|\n|t:|1781377263\n|switch|p1a: Forretress|Forretress, L84, F|263/263\n|-damage|p1a: Forretress|231/263|[from] Stealth Rock\n|move|p2a: Ditto|Dark Pulse|p1a: Forretress\n|-start|p2a: Ditto|typechange|Dark|[from] ability: Protean\n|-crit|p1a: Forretress\n|-damage|p1a: Forretress|51/263\n|\n|-heal|p1a: Forretress|67/263|[from] item: Leftovers\n|upkeep\n|turn|8\n|\n|t:|1781377269\n|move|p2a: Ditto|Dark Pulse|p1a: Forretress\n|-damage|p1a: Forretress|0 fnt\n|faint|p1a: Forretress\n|\n|upkeep\n|\n|t:|1781377277\n|switch|p1a: Chien-Pao|Chien-Pao, L72|234/234\n|-ability|p1a: Chien-Pao|Sword of Ruin\n|turn|9\n|inactive|bluesun000 has 120 seconds left.\n|\n|t:|1781377314\n|switch|p2a: Cryogonal|Cryogonal, L89|9/287 psn\n|move|p1a: Chien-Pao|Throat Chop|p2a: Cryogonal\n|-damage|p2a: Cryogonal|0 fnt\n|faint|p2a: Cryogonal\n|\n|upkeep\n|\n|t:|1781377322\n|switch|p2a: Cinderace|Cinderace, L77, M|249/249\n|-status|p2a: Cinderace|psn\n|turn|10\n|inactive|bluesun000 has 120 seconds left.\n|\n|t:|1781377343\n|switch|p1a: Ludicolo|Ludicolo, L90, M|290/290\n|-damage|p1a: Ludicolo|254/290|[from] Stealth Rock\n|move|p2a: Cinderace|U-turn|p1a: Ludicolo\n|-start|p2a: Cinderace|typechange|Bug|[from] ability: Libero\n|-supereffective|p1a: Ludicolo\n|-damage|p1a: Ludicolo|26/290\n|\n|t:|1781377352\n|switch|p2a: Kleavor|Kleavor, L78, F|237/237|[from] U-turn\n|\n|upkeep\n|turn|11\n|\n|t:|1781377357\n|move|p2a: Kleavor|X-Scissor|p1a: Ludicolo\n|-supereffective|p1a: Ludicolo\n|-damage|p1a: Ludicolo|0 fnt\n|faint|p1a: Ludicolo\n|\n|upkeep\n|\n|t:|1781377361\n|switch|p1a: Greninja|Greninja, L80, M|105/246\n|-damage|p1a: Greninja|75/246|[from] Stealth Rock\n|turn|12\n|\n|t:|1781377377\n|switch|p2a: Tsareena|Tsareena, L87, F|267/267\n|-status|p2a: Tsareena|psn\n|move|p1a: Greninja|Gunk Shot|p2a: Tsareena\n|-start|p1a: Greninja|typechange|Poison|[from] ability: Protean\n|-supereffective|p2a: Tsareena\n|-damage|p2a: Tsareena|15/267 psn\n|-damage|p1a: Greninja|51/246|[from] item: Life Orb\n|\n|-damage|p2a: Tsareena|0 fnt|[from] psn\n|faint|p2a: Tsareena\n|upkeep\n|\n|t:|1781377385\n|switch|p2a: Ditto|Ditto, L87|225/225\n|-status|p2a: Ditto|psn\n|-transform|p2a: Ditto|p1a: Greninja|[from] ability: Imposter\n|turn|13\n|\n|t:|1781377395\n|switch|p1a: Chansey|Chansey, L85, F|564/564\n|-damage|p1a: Chansey|494/564|[from] Stealth Rock\n|move|p2a: Ditto|Hydro Pump|p1a: Chansey\n|-start|p2a: Ditto|typechange|Water|[from] ability: Protean\n|-damage|p1a: Chansey|422/564\n|\n|-damage|p2a: Ditto|197/225 psn|[from] psn\n|upkeep\n|turn|14\n|\n|t:|1781377402\n|switch|p2a: Cinderace|Cinderace, L77, M|249/249 psn\n|move|p1a: Chansey|Thunder Wave||[still]\n|-fail|p1a: Chansey\n|\n|-damage|p2a: Cinderace|218/249 psn|[from] psn\n|upkeep\n|turn|15\n|\n|t:|1781377408\n|move|p2a: Cinderace|Pyro Ball|p1a: Chansey\n|-damage|p1a: Chansey|37/564\n|move|p1a: Chansey|Stealth Rock|p2a: Cinderace\n|-sidestart|p2: discodiscogoodgood|move: Stealth Rock\n|\n|-damage|p2a: Cinderace|187/249 psn|[from] psn\n|upkeep\n|turn|16\n|\n|t:|1781377412\n|move|p2a: Cinderace|Pyro Ball|p1a: Chansey\n|-damage|p1a: Chansey|0 fnt\n|faint|p1a: Chansey\n|\n|-damage|p2a: Cinderace|156/249 psn|[from] psn\n|upkeep\n|\n|t:|1781377429\n|switch|p1a: Greninja|Greninja, L80, M|51/246\n|-damage|p1a: Greninja|21/246|[from] Stealth Rock\n|turn|17\n|\n|t:|1781377453\n|move|p1a: Greninja|Dark Pulse|p2a: Cinderace\n|-start|p1a: Greninja|typechange|Dark|[from] ability: Protean\n|-damage|p2a: Cinderace|20/249 psn\n|-damage|p1a: Greninja|0 fnt|[from] item: Life Orb\n|faint|p1a: Greninja\n|move|p2a: Cinderace|Pyro Ball|p1: Greninja|[notarget]\n|-fail|p2a: Cinderace\n|\n|-damage|p2a: Cinderace|0 fnt|[from] psn\n|faint|p2a: Cinderace\n|upkeep\n|\n|t:|1781377464\n|switch|p1a: Chien-Pao|Chien-Pao, L72|234/234\n|switch|p2a: Kleavor|Kleavor, L78, F|237/237\n|-ability|p1a: Chien-Pao|Sword of Ruin\n|turn|18\n|\n|t:|1781377475\n|move|p1a: Chien-Pao|Icicle Crash|p2a: Kleavor\n|-damage|p2a: Kleavor|132/237\n|move|p2a: Kleavor|Close Combat|p1a: Chien-Pao\n|-supereffective|p1a: Chien-Pao\n|-damage|p1a: Chien-Pao|0 fnt\n|-unboost|p2a: Kleavor|def|1\n|-unboost|p2a: Kleavor|spd|1\n|faint|p1a: Chien-Pao\n|\n|win|discodiscogoodgood\n", "uploadtime": 1781377149, "views": 6, "formatid": "gen9randombattle", "rating": null, "private": 0, "password": null}