{"id": "gen9randombattle-2631790996", "format": "[Gen 9] Random Battle", "players": ["rktkm", "nivekun"], "log": "|j|\u2606rktkm\n|j|\u2606nivekun\n|t:|1781440170\n|gametype|singles\n|player|p1|rktkm|170|2016\n|player|p2|nivekun|2|1933\n|gen|9\n|tier|[Gen 9] Random Battle\n|rated|\n|rule|Species Clause: Limit one of each Pok\u00e9mon\n|rule|HP Percentage Mod: HP is shown in percentages\n|rule|Sleep Clause Mod: Limit one foe put to sleep\n|rule|Illusion Level Mod: Illusion disguises the Pok\u00e9mon's true level\n|\n|t:|1781440170\n|teamsize|p1|6\n|teamsize|p2|6\n|start\n|switch|p1a: Hypno|Hypno, L95, M|315/315\n|switch|p2a: Bellibolt|Bellibolt, L84, F|320/320\n|turn|1\n|inactive|Battle timer is ON: inactive players will automatically lose when time's up. (requested by rktkm)\n|\n|t:|1781440184\n|switch|p1a: Dragalge|Dragalge, L88, M|258/258\n|switch|p2a: Tinkaton|Tinkaton, L82, F|274/274\n|-ability|p2a: Tinkaton|Mold Breaker\n|\n|upkeep\n|turn|2\n|\n|t:|1781440201\n|switch|p1a: Gholdengo|Gholdengo, L77|261/261\n|move|p2a: Tinkaton|Knock Off|p1a: Gholdengo\n|-supereffective|p1a: Gholdengo\n|-damage|p1a: Gholdengo|157/261\n|-enditem|p1a: Gholdengo|Choice Scarf|[from] move: Knock Off|[of] p2a: Tinkaton\n|\n|upkeep\n|turn|3\n|\n|t:|1781440220\n|move|p2a: Tinkaton|Knock Off|p1a: Gholdengo\n|-supereffective|p1a: Gholdengo\n|-damage|p1a: Gholdengo|83/261\n|move|p1a: Gholdengo|Shadow Ball|p2a: Tinkaton\n|-damage|p2a: Tinkaton|195/274\n|\n|-heal|p2a: Tinkaton|212/274|[from] item: Leftovers\n|upkeep\n|turn|4\n|\n|t:|1781440230\n|move|p2a: Tinkaton|Knock Off|p1a: Gholdengo\n|-supereffective|p1a: Gholdengo\n|-damage|p1a: Gholdengo|11/261\n|move|p1a: Gholdengo|Make It Rain|p2a: Tinkaton\n|-damage|p2a: Tinkaton|100/274\n|-unboost|p1a: Gholdengo|spa|1\n|\n|-heal|p2a: Tinkaton|117/274|[from] item: Leftovers\n|upkeep\n|turn|5\n|\n|t:|1781440241\n|move|p2a: Tinkaton|Knock Off|p1a: Gholdengo\n|-supereffective|p1a: Gholdengo\n|-damage|p1a: Gholdengo|0 fnt\n|faint|p1a: Gholdengo\n|\n|-heal|p2a: Tinkaton|134/274|[from] item: Leftovers\n|upkeep\n|inactive|rktkm has 120 seconds left.\n|\n|t:|1781440259\n|switch|p1a: Noivern|Noivern, L82, F|274/274\n|turn|6\n|\n|t:|1781440275\n|switch|p2a: Piloswine|Piloswine, L85, M|309/309\n|move|p1a: Noivern|Flamethrower|p2a: Piloswine\n|-supereffective|p2a: Piloswine\n|-damage|p2a: Piloswine|229/309\n|\n|upkeep\n|turn|7\n|\n|t:|1781440290\n|switch|p1a: Hypno|Hypno, L95, M|315/315\n|move|p2a: Piloswine|Stealth Rock|p1a: Hypno\n|-sidestart|p1: rktkm|move: Stealth Rock\n|\n|upkeep\n|turn|8\n|\n|t:|1781440297\n|switch|p2a: Tinkaton|Tinkaton, L82, F|134/274\n|-ability|p2a: Tinkaton|Mold Breaker\n|move|p1a: Hypno|Knock Off|p2a: Tinkaton\n|-resisted|p2a: Tinkaton\n|-damage|p2a: Tinkaton|93/274\n|-enditem|p2a: Tinkaton|Leftovers|[from] move: Knock Off|[of] p1a: Hypno\n|\n|upkeep\n|turn|9\n|\n|t:|1781440306\n|move|p2a: Tinkaton|Knock Off|p1a: Hypno\n|-supereffective|p1a: Hypno\n|-damage|p1a: Hypno|207/315\n|-enditem|p1a: Hypno|Leftovers|[from] move: Knock Off|[of] p2a: Tinkaton\n|move|p1a: Hypno|Thunder Wave|p2a: Tinkaton\n|-status|p2a: Tinkaton|par\n|\n|upkeep\n|turn|10\n|\n|t:|1781440326\n|switch|p1a: Jolteon|Jolteon, L84, M|246/246\n|-damage|p1a: Jolteon|216/246|[from] Stealth Rock\n|move|p2a: Tinkaton|Gigaton Hammer|p1a: Jolteon\n|-resisted|p1a: Jolteon\n|-damage|p1a: Jolteon|136/246\n|\n|-heal|p1a: Jolteon|151/246|[from] item: Leftovers\n|upkeep\n|turn|11\n|\n|t:|1781440339\n|switch|p2a: Piloswine|Piloswine, L85, M|229/309\n|move|p1a: Jolteon|Substitute|p1a: Jolteon\n|-start|p1a: Jolteon|Substitute\n|-damage|p1a: Jolteon|90/246\n|\n|-heal|p1a: Jolteon|105/246|[from] item: Leftovers\n|upkeep\n|turn|12\n|inactive|rktkm has 120 seconds left.\n|\n|t:|1781440354\n|move|p1a: Jolteon|Tera Blast|p2a: Piloswine\n|-damage|p2a: Piloswine|178/309\n|move|p2a: Piloswine|Roar|p1a: Jolteon\n|drag|p1a: Hypno|Hypno, L95, M|207/315\n|-damage|p1a: Hypno|168/315|[from] Stealth Rock\n|\n|upkeep\n|turn|13\n|\n|t:|1781440364\n|switch|p2a: Tinkaton|Tinkaton, L82, F|93/274 par\n|-ability|p2a: Tinkaton|Mold Breaker\n|move|p1a: Hypno|Psychic Noise|p2a: Tinkaton\n|-resisted|p2a: Tinkaton\n|-damage|p2a: Tinkaton|55/274 par\n|-start|p2a: Tinkaton|move: Heal Block\n|\n|upkeep\n|turn|14\n|\n|t:|1781440375\n|move|p1a: Hypno|Psychic Noise|p2a: Tinkaton\n|-resisted|p2a: Tinkaton\n|-crit|p2a: Tinkaton\n|-damage|p2a: Tinkaton|4/274 par\n|move|p2a: Tinkaton|Gigaton Hammer|p1a: Hypno\n|-damage|p1a: Hypno|24/315\n|\n|-end|p2a: Tinkaton|move: Heal Block\n|upkeep\n|turn|15\n|\n|t:|1781440385\n|move|p1a: Hypno|Knock Off|p2a: Tinkaton\n|-resisted|p2a: Tinkaton\n|-damage|p2a: Tinkaton|0 fnt\n|faint|p2a: Tinkaton\n|\n|upkeep\n|\n|t:|1781440407\n|switch|p2a: Grafaiai|Grafaiai, L86, F|249/249\n|turn|16\n|\n|t:|1781440413\n|move|p2a: Grafaiai|Knock Off|p1a: Hypno\n|-supereffective|p1a: Hypno\n|-damage|p1a: Hypno|0 fnt\n|faint|p1a: Hypno\n|-damage|p2a: Grafaiai|225/249|[from] item: Life Orb\n|\n|upkeep\n|\n|t:|1781440423\n|switch|p1a: Dragalge|Dragalge, L88, M|258/258\n|-damage|p1a: Dragalge|226/258|[from] Stealth Rock\n|turn|17\n|\n|t:|1781440438\n|switch|p2a: Scizor|Scizor, L79, F|240/240\n|move|p1a: Dragalge|Draco Meteor|p2a: Scizor\n|-resisted|p2a: Scizor\n|-damage|p2a: Scizor|76/240\n|-unboost|p1a: Dragalge|spa|2\n|\n|upkeep\n|turn|18\n|\n|t:|1781440450\n|move|p2a: Scizor|Knock Off|p1a: Dragalge\n|-damage|p1a: Dragalge|127/258\n|-enditem|p1a: Dragalge|Choice Specs|[from] move: Knock Off|[of] p2a: Scizor\n|-damage|p2a: Scizor|52/240|[from] item: Life Orb\n|move|p1a: Dragalge|Draco Meteor|p2a: Scizor|[miss]\n|-miss|p1a: Dragalge|p2a: Scizor\n|\n|upkeep\n|turn|19\n|\n|t:|1781440462\n|move|p2a: Scizor|Bullet Punch|p1a: Dragalge\n|-damage|p1a: Dragalge|45/258\n|-damage|p2a: Scizor|28/240|[from] item: Life Orb\n|move|p1a: Dragalge|Flip Turn|p2a: Scizor\n|-damage|p2a: Scizor|0 fnt\n|faint|p2a: Scizor\n|\n|t:|1781440475\n|switch|p1a: Noivern|Noivern, L82, F|274/274|[from] Flip Turn\n|-damage|p1a: Noivern|206/274|[from] Stealth Rock\n|\n|upkeep\n|\n|t:|1781440480\n|switch|p2a: Piloswine|Piloswine, L85, M|178/309\n|turn|20\n|\n|t:|1781440491\n|move|p1a: Noivern|Draco Meteor|p2a: Piloswine\n|-damage|p2a: Piloswine|1/309\n|-unboost|p1a: Noivern|spa|2\n|move|p2a: Piloswine|Icicle Crash|p1a: Noivern\n|-supereffective|p1a: Noivern\n|-damage|p1a: Noivern|0 fnt\n|faint|p1a: Noivern\n|\n|upkeep\n|\n|t:|1781440507\n|switch|p1a: Jolteon|Jolteon, L84, M|105/246\n|-damage|p1a: Jolteon|75/246|[from] Stealth Rock\n|turn|21\n|\n|t:|1781440514\n|move|p1a: Jolteon|Tera Blast|p2a: Piloswine\n|-crit|p2a: Piloswine\n|-damage|p2a: Piloswine|0 fnt\n|faint|p2a: Piloswine\n|\n|-heal|p1a: Jolteon|90/246|[from] item: Leftovers\n|upkeep\n|\n|t:|1781440529\n|switch|p2a: Grafaiai|Grafaiai, L86, F|225/249\n|turn|22\n|\n|t:|1781440532\n|move|p1a: Jolteon|Thunderbolt|p2a: Grafaiai\n|-damage|p2a: Grafaiai|116/249\n|move|p2a: Grafaiai|Knock Off|p1a: Jolteon\n|-damage|p1a: Jolteon|0 fnt\n|-enditem|p1a: Jolteon|Leftovers|[from] move: Knock Off|[of] p2a: Grafaiai\n|faint|p1a: Jolteon\n|-damage|p2a: Grafaiai|92/249|[from] item: Life Orb\n|\n|upkeep\n|\n|t:|1781440546\n|switch|p1a: Oricorio|Oricorio-Pa'u, L87, M|272/272\n|turn|23\n|\n|t:|1781440554\n|-terastallize|p1a: Oricorio|Ground\n|move|p2a: Grafaiai|Knock Off|p1a: Oricorio\n|-damage|p1a: Oricorio|165/272\n|-status|p1a: Oricorio|psn|[from] ability: Poison Touch|[of] p2a: Grafaiai\n|-enditem|p1a: Oricorio|Heavy-Duty Boots|[from] move: Knock Off|[of] p2a: Grafaiai\n|-damage|p2a: Grafaiai|68/249|[from] item: Life Orb\n|move|p1a: Oricorio|Quiver Dance|p1a: Oricorio\n|-boost|p1a: Oricorio|spa|1\n|-boost|p1a: Oricorio|spd|1\n|-boost|p1a: Oricorio|spe|1\n|\n|-damage|p1a: Oricorio|131/272 psn|[from] psn\n|upkeep\n|turn|24\n|\n|t:|1781440570\n|move|p1a: Oricorio|Roost|p1a: Oricorio\n|-heal|p1a: Oricorio|267/272 psn\n|move|p2a: Grafaiai|Knock Off|p1a: Oricorio\n|-damage|p1a: Oricorio|197/272 psn\n|-damage|p2a: Grafaiai|44/249|[from] item: Life Orb\n|\n|-damage|p1a: Oricorio|163/272 psn|[from] psn\n|upkeep\n|turn|25\n|\n|t:|1781440583\n|move|p1a: Oricorio|Revelation Dance|p2a: Grafaiai\n|-supereffective|p2a: Grafaiai\n|-damage|p2a: Grafaiai|0 fnt\n|faint|p2a: Grafaiai\n|\n|-damage|p1a: Oricorio|129/272 psn|[from] psn\n|upkeep\n|\n|t:|1781440591\n|switch|p2a: Lunala|Lunala, L70|308/308\n|turn|26\n|\n|t:|1781440597\n|move|p1a: Oricorio|Hurricane|p2a: Lunala|[miss]\n|-miss|p1a: Oricorio|p2a: Lunala\n|move|p2a: Lunala|Calm Mind|p2a: Lunala\n|-boost|p2a: Lunala|spa|1\n|-boost|p2a: Lunala|spd|1\n|\n|-damage|p1a: Oricorio|95/272 psn|[from] psn\n|upkeep\n|turn|27\n|-message|rktkm forfeited.\n|\n|win|nivekun\n", "inputlog": ">version a8376a258c1d4662feba110a92103f3664a72141\n>start {\"formatid\":\"gen9randombattle\",\"seed\":\"sodium,2b5e4990379192c2490f8349380319d6\",\"rated\":\"Rated battle\"}\n>player p1 {\"name\":\"rktkm\",\"avatar\":\"170\",\"rating\":2016,\"seed\":\"sodium,67c116257a079cee6e6b6e488c5b0b75\"}\n>player p2 {\"name\":\"nivekun\",\"avatar\":\"2\",\"rating\":1933,\"seed\":\"sodium,f56cf0c687d91b4950f49f6e0b4de10c\"}\n>p1 switch 6\n>p2 switch 3\n>p1 switch 5\n>p2 move knockoff\n>p1 move shadowball\n>p2 move knockoff\n>p1 move makeitrain\n>p2 move knockoff\n>p1 move shadowball\n>p2 move knockoff\n>p1 switch 4\n>p1 move flamethrower\n>p2 switch 5\n>p1 switch 6\n>p2 move stealthrock\n>p1 move knockoff\n>p2 switch 5\n>p1 move thunderwave\n>p2 move knockoff\n>p1 switch 3\n>p2 move gigatonhammer\n>p1 move substitute\n>p2 switch 5\n>p1 move terablast\n>p2 move roar\n>p1 move psychicnoise\n>p2 switch 5\n>p1 move psychicnoise\n>p2 move gigatonhammer\n>p1 move knockoff\n>p2 move knockoff\n>p2 switch 4\n>p1 move psychicnoise\n>p2 move knockoff\n>p1 switch 5\n>p1 move dracometeor\n>p2 switch 2\n>p1 move dracometeor\n>p2 move knockoff\n>p1 move flipturn\n>p2 move bulletpunch\n>p1 switch 6\n>p2 switch 5\n>p1 move dracometeor\n>p2 move iciclecrash\n>p1 switch 3\n>p1 move terablast\n>p2 move earthquake\n>p2 switch 2\n>p1 move thunderbolt\n>p2 move knockoff\n>p1 switch 2\n>p1 move quiverdance terastallize\n>p2 move knockoff\n>p1 move roost\n>p2 move knockoff\n>p1 move revelationdance\n>p2 move knockoff\n>p2 switch 6\n>p1 move hurricane\n>p2 move calmmind\n>forcelose p1", "uploadtime": 1781440173, "views": 5, "formatid": "gen9randombattle", "rating": null, "private": 0, "password": null}