{"id": "gen9randombattle-2631998797", "format": "[Gen 9] Random Battle", "players": ["catlib", "sonicteamrocket"], "log": "|j|\u2606catlib\n|j|\u203dsonicteamrocket\n|t:|1781464358\n|gametype|singles\n|player|p1|catlib|birdkeeper|2048\n|player|p2|sonicteamrocket|rocketgrunt|2121\n|gen|9\n|tier|[Gen 9] Random Battle\n|rated|\n|rule|Species Clause: Limit one of each Pok\u00e9mon\n|rule|HP Percentage Mod: HP is shown in percentages\n|rule|Sleep Clause Mod: Limit one foe put to sleep\n|rule|Illusion Level Mod: Illusion disguises the Pok\u00e9mon's true level\n|\n|t:|1781464358\n|teamsize|p1|6\n|teamsize|p2|6\n|start\n|switch|p1a: Grafaiai|Grafaiai, L86, F|249/249\n|switch|p2a: Walking Wake|Walking Wake, L79|286/286\n|turn|1\n|inactive|Battle timer is ON: inactive players will automatically lose when time's up. (requested by catlib)\n|\n|t:|1781464412\n|move|p1a: Grafaiai|U-turn|p2a: Walking Wake\n|-damage|p2a: Walking Wake|234/286\n|\n|t:|1781464434\n|switch|p1a: Milotic|Milotic, L83, F|293/293|[from] U-turn\n|move|p2a: Walking Wake|Draco Meteor|p1a: Milotic\n|-damage|p1a: Milotic|127/293\n|-unboost|p2a: Walking Wake|spa|2\n|\n|-heal|p1a: Milotic|145/293|[from] item: Leftovers\n|upkeep\n|turn|2\n|inactive|sonicteamrocket has 120 seconds left.\n|\n|t:|1781464491\n|-end|p2a: Walking Wake|Protosynthesis|[silent]\n|switch|p2a: Tentacruel|Tentacruel, L84, M|272/272\n|move|p1a: Milotic|Recover|p1a: Milotic\n|-heal|p1a: Milotic|292/293\n|\n|-heal|p1a: Milotic|293/293|[from] item: Leftovers\n|upkeep\n|turn|3\n|\n|t:|1781464518\n|switch|p1a: Luxray|Luxray, L88, F|283/283\n|move|p2a: Tentacruel|Sludge Bomb|p1a: Luxray\n|-damage|p1a: Luxray|193/283\n|\n|-status|p1a: Luxray|brn|[from] item: Flame Orb\n|upkeep\n|turn|4\n|\n|t:|1781464537\n|switch|p2a: Garchomp|Garchomp, L74, M|282/282\n|move|p1a: Luxray|Supercell Slam|p2a: Garchomp\n|-immune|p2a: Garchomp\n|-damage|p1a: Luxray|52/283 brn|[from] supercellslam\n|\n|-damage|p1a: Luxray|35/283 brn|[from] brn\n|upkeep\n|turn|5\n|\n|t:|1781464547\n|move|p2a: Garchomp|Earthquake|p1a: Luxray\n|-supereffective|p1a: Luxray\n|-damage|p1a: Luxray|0 fnt\n|faint|p1a: Luxray\n|\n|upkeep\n|\n|t:|1781464556\n|switch|p1a: Milotic|Milotic, L83, F|293/293\n|turn|6\n|inactive|sonicteamrocket has 120 seconds left.\n|\n|t:|1781464580\n|switch|p2a: Tentacruel|Tentacruel, L84, M|272/272\n|move|p1a: Milotic|Dragon Tail|p2a: Tentacruel\n|-damage|p2a: Tentacruel|231/272\n|drag|p2a: Revavroom|Revavroom, L79, M|256/256\n|\n|upkeep\n|turn|7\n|\n|t:|1781464588\n|move|p2a: Revavroom|Shift Gear|p2a: Revavroom\n|-boost|p2a: Revavroom|spe|2\n|-boost|p2a: Revavroom|atk|1\n|move|p1a: Milotic|Scald|p2a: Revavroom\n|-damage|p2a: Revavroom|150/256\n|-status|p2a: Revavroom|brn\n|\n|-damage|p2a: Revavroom|134/256 brn|[from] brn\n|upkeep\n|turn|8\n|inactive|sonicteamrocket has 120 seconds left.\n|\n|t:|1781464623\n|switch|p1a: Landorus|Landorus, L75, M|257/257\n|move|p2a: Revavroom|Gunk Shot|p1a: Landorus\n|-resisted|p1a: Landorus\n|-damage|p1a: Landorus|192/257\n|-damage|p2a: Revavroom|109/256 brn|[from] item: Life Orb\n|\n|-damage|p2a: Revavroom|93/256 brn|[from] brn\n|upkeep\n|turn|9\n|\n|t:|1781464639\n|move|p2a: Revavroom|Iron Head|p1a: Landorus\n|-damage|p1a: Landorus|101/257\n|-damage|p2a: Revavroom|68/256 brn|[from] item: Life Orb\n|cant|p1a: Landorus|flinch\n|\n|-damage|p2a: Revavroom|52/256 brn|[from] brn\n|upkeep\n|turn|10\n|\n|t:|1781464654\n|switch|p1a: Ceruledge|Ceruledge, L78, M|245/245\n|move|p2a: Revavroom|Iron Head|p1a: Ceruledge\n|-resisted|p1a: Ceruledge\n|-damage|p1a: Ceruledge|197/245\n|-ability|p1a: Ceruledge|Weak Armor|boost\n|-unboost|p1a: Ceruledge|def|1\n|-boost|p1a: Ceruledge|spe|2\n|-damage|p2a: Revavroom|27/256 brn|[from] item: Life Orb\n|\n|-damage|p2a: Revavroom|11/256 brn|[from] brn\n|upkeep\n|turn|11\n|\n|t:|1781464666\n|move|p2a: Revavroom|Gunk Shot|p1a: Ceruledge|[miss]\n|-miss|p2a: Revavroom|p1a: Ceruledge\n|move|p1a: Ceruledge|Bitter Blade|p2a: Revavroom\n|-supereffective|p2a: Revavroom\n|-damage|p2a: Revavroom|0 fnt\n|-heal|p1a: Ceruledge|203/245|[from] drain|[of] p2a: Revavroom\n|faint|p2a: Revavroom\n|\n|upkeep\n|\n|t:|1781464676\n|switch|p2a: Walking Wake|Walking Wake, L79|234/286\n|turn|12\n|\n|t:|1781464687\n|switch|p1a: Milotic|Milotic, L83, F|293/293\n|move|p2a: Walking Wake|Flip Turn|p1a: Milotic\n|-resisted|p1a: Milotic\n|-damage|p1a: Milotic|265/293\n|\n|t:|1781464691\n|-end|p2a: Walking Wake|Protosynthesis|[silent]\n|switch|p2a: Tentacruel|Tentacruel, L84, M|231/272|[from] Flip Turn\n|\n|-heal|p2a: Tentacruel|248/272|[from] item: Leftovers\n|-heal|p1a: Milotic|283/293|[from] item: Leftovers\n|upkeep\n|turn|13\n|\n|t:|1781464695\n|move|p2a: Tentacruel|Sludge Bomb|p1a: Milotic\n|-damage|p1a: Milotic|216/293\n|move|p1a: Milotic|Dragon Tail|p2a: Tentacruel\n|-damage|p2a: Tentacruel|207/272\n|drag|p2a: Eiscue|Eiscue, L88, M|274/274\n|\n|-heal|p1a: Milotic|234/293|[from] item: Leftovers\n|upkeep\n|turn|14\n|\n|t:|1781464706\n|switch|p2a: Tentacruel|Tentacruel, L84, M|207/272\n|move|p1a: Milotic|Scald|p2a: Tentacruel\n|-resisted|p2a: Tentacruel\n|-damage|p2a: Tentacruel|175/272\n|\n|-heal|p2a: Tentacruel|192/272|[from] item: Leftovers\n|-heal|p1a: Milotic|252/293|[from] item: Leftovers\n|upkeep\n|turn|15\n|\n|t:|1781464721\n|switch|p1a: Grafaiai|Grafaiai, L86, F|249/249\n|move|p2a: Tentacruel|Sludge Bomb|p1a: Grafaiai\n|-resisted|p1a: Grafaiai\n|-damage|p1a: Grafaiai|219/249\n|\n|-heal|p2a: Tentacruel|209/272|[from] item: Leftovers\n|upkeep\n|turn|16\n|\n|t:|1781464729\n|move|p1a: Grafaiai|Super Fang|p2a: Tentacruel\n|-damage|p2a: Tentacruel|105/272\n|move|p2a: Tentacruel|Surf|p1a: Grafaiai\n|-damage|p1a: Grafaiai|156/249\n|\n|-heal|p2a: Tentacruel|122/272|[from] item: Leftovers\n|upkeep\n|turn|17\n|\n|t:|1781464735\n|move|p1a: Grafaiai|Knock Off|p2a: Tentacruel\n|-damage|p2a: Tentacruel|28/272\n|-enditem|p2a: Tentacruel|Leftovers|[from] move: Knock Off|[of] p1a: Grafaiai\n|move|p2a: Tentacruel|Surf|p1a: Grafaiai\n|-damage|p1a: Grafaiai|89/249\n|\n|upkeep\n|turn|18\n|\n|t:|1781464740\n|move|p1a: Grafaiai|U-turn|p2a: Tentacruel\n|-resisted|p2a: Tentacruel\n|-damage|p2a: Tentacruel|0 fnt\n|faint|p2a: Tentacruel\n|\n|t:|1781464746\n|switch|p1a: Milotic|Milotic, L83, F|252/293|[from] U-turn\n|\n|-heal|p1a: Milotic|270/293|[from] item: Leftovers\n|upkeep\n|\n|t:|1781464748\n|switch|p2a: Leafeon|Leafeon, L88, F|258/258\n|turn|19\n|\n|t:|1781464762\n|switch|p1a: Landorus|Landorus, L75, M|101/257\n|move|p2a: Leafeon|Knock Off|p1a: Landorus\n|-damage|p1a: Landorus|0 fnt\n|-enditem|p1a: Landorus|Life Orb|[from] move: Knock Off|[of] p2a: Leafeon\n|faint|p1a: Landorus\n|-damage|p2a: Leafeon|233/258|[from] item: Life Orb\n|\n|upkeep\n|\n|t:|1781464770\n|switch|p1a: Grafaiai|Grafaiai, L86, F|89/249\n|turn|20\n|\n|t:|1781464778\n|-terastallize|p2a: Leafeon|Dark\n|move|p1a: Grafaiai|Gunk Shot|p2a: Leafeon\n|-damage|p2a: Leafeon|146/258\n|move|p2a: Leafeon|Knock Off|p1a: Grafaiai\n|-damage|p1a: Grafaiai|0 fnt\n|-enditem|p1a: Grafaiai|Assault Vest|[from] move: Knock Off|[of] p2a: Leafeon\n|faint|p1a: Grafaiai\n|-damage|p2a: Leafeon|121/258|[from] item: Life Orb\n|\n|upkeep\n|\n|t:|1781464791\n|switch|p1a: Sandaconda|Sandaconda, L84, M|258/258\n|turn|21\n|\n|t:|1781464805\n|move|p2a: Leafeon|Synthesis|p2a: Leafeon\n|-heal|p2a: Leafeon|250/258\n|move|p1a: Sandaconda|Coil|p1a: Sandaconda\n|-boost|p1a: Sandaconda|atk|1\n|-boost|p1a: Sandaconda|def|1\n|-boost|p1a: Sandaconda|accuracy|1\n|\n|upkeep\n|turn|22\n|\n|t:|1781464817\n|-terastallize|p1a: Sandaconda|Dragon\n|move|p2a: Leafeon|Swords Dance|p2a: Leafeon\n|-boost|p2a: Leafeon|atk|2\n|move|p1a: Sandaconda|Scale Shot|p2a: Leafeon\n|-damage|p2a: Leafeon|220/258\n|-damage|p2a: Leafeon|189/258\n|-damage|p2a: Leafeon|155/258\n|-damage|p2a: Leafeon|122/258\n|-hitcount|p2a: Leafeon|4\n|-unboost|p1a: Sandaconda|def|1\n|-boost|p1a: Sandaconda|spe|1\n|\n|upkeep\n|turn|23\n|\n|t:|1781464827\n|move|p1a: Sandaconda|Scale Shot|p2a: Leafeon\n|-damage|p2a: Leafeon|89/258\n|-damage|p2a: Leafeon|61/258\n|-damage|p2a: Leafeon|31/258\n|-damage|p2a: Leafeon|0 fnt\n|faint|p2a: Leafeon\n|-hitcount|p2: Leafeon|4\n|-unboost|p1a: Sandaconda|def|1\n|-boost|p1a: Sandaconda|spe|1\n|\n|upkeep\n|\n|t:|1781464835\n|switch|p2a: Eiscue|Eiscue, L88, M|274/274\n|turn|24\n|\n|t:|1781464839\n|move|p1a: Sandaconda|Rock Blast|p2a: Eiscue\n|-activate|p2a: Eiscue|ability: Ice Face\n|-damage|p2a: Eiscue|274/274\n|detailschange|p2a: Eiscue|Eiscue-Noice, L88, M\n|-supereffective|p2a: Eiscue\n|-damage|p2a: Eiscue|202/274\n|-supereffective|p2a: Eiscue\n|-damage|p2a: Eiscue|140/274\n|-supereffective|p2a: Eiscue\n|-damage|p2a: Eiscue|78/274\n|-enditem|p2a: Eiscue|Sitrus Berry|[eat]\n|-heal|p2a: Eiscue|146/274|[from] item: Sitrus Berry\n|-supereffective|p2a: Eiscue\n|-damage|p2a: Eiscue|82/274\n|-hitcount|p2a: Eiscue|5\n|move|p2a: Eiscue|Ice Spinner|p1a: Sandaconda\n|-supereffective|p1a: Sandaconda\n|-crit|p1a: Sandaconda\n|-damage|p1a: Sandaconda|0 fnt\n|faint|p1a: Sandaconda\n|\n|upkeep\n|\n|t:|1781464857\n|switch|p1a: Ceruledge|Ceruledge, L78, M|203/245\n|turn|25\n|\n|t:|1781464866\n|switch|p2a: Garchomp|Garchomp, L74, M|282/282\n|move|p1a: Ceruledge|Swords Dance|p1a: Ceruledge\n|-boost|p1a: Ceruledge|atk|2\n|\n|upkeep\n|turn|26\n|\n|t:|1781464873\n|switch|p1a: Milotic|Milotic, L83, F|270/293\n|move|p2a: Garchomp|Scale Shot|p1a: Milotic\n|-damage|p1a: Milotic|239/293\n|-damage|p1a: Milotic|206/293\n|-damage|p1a: Milotic|176/293\n|-damage|p1a: Milotic|145/293\n|-damage|p1a: Milotic|114/293\n|-hitcount|p1a: Milotic|5\n|-unboost|p2a: Garchomp|def|1\n|-boost|p2a: Garchomp|spe|1\n|\n|-heal|p1a: Milotic|132/293|[from] item: Leftovers\n|upkeep\n|turn|27\n|\n|t:|1781464888\n|move|p2a: Garchomp|Scale Shot|p1a: Milotic\n|-damage|p1a: Milotic|101/293\n|-damage|p1a: Milotic|71/293\n|-damage|p1a: Milotic|40/293\n|-damage|p1a: Milotic|7/293\n|-hitcount|p1a: Milotic|4\n|-unboost|p2a: Garchomp|def|1\n|-boost|p2a: Garchomp|spe|1\n|move|p1a: Milotic|Recover|p1a: Milotic\n|-heal|p1a: Milotic|154/293\n|\n|-heal|p1a: Milotic|172/293|[from] item: Leftovers\n|upkeep\n|turn|28\n|\n|t:|1781464895\n|switch|p2a: Walking Wake|Walking Wake, L79|234/286\n|move|p1a: Milotic|Recover|p1a: Milotic\n|-heal|p1a: Milotic|293/293\n|\n|upkeep\n|turn|29\n|\n|t:|1781464899\n|move|p2a: Walking Wake|Flip Turn|p1a: Milotic\n|-resisted|p1a: Milotic\n|-damage|p1a: Milotic|266/293\n|\n|t:|1781464901\n|-end|p2a: Walking Wake|Protosynthesis|[silent]\n|switch|p2a: Eiscue|Eiscue-Noice, L88, M|82/274|[from] Flip Turn\n|move|p1a: Milotic|Ice Beam|p2a: Eiscue\n|-resisted|p2a: Eiscue\n|-damage|p2a: Eiscue|38/274\n|\n|-heal|p1a: Milotic|284/293|[from] item: Leftovers\n|upkeep\n|turn|30\n|\n|t:|1781464908\n|move|p2a: Eiscue|Liquidation|p1a: Milotic\n|-resisted|p1a: Milotic\n|-damage|p1a: Milotic|250/293\n|move|p1a: Milotic|Scald|p2a: Eiscue\n|-damage|p2a: Eiscue|0 fnt\n|faint|p2a: Eiscue\n|\n|-heal|p1a: Milotic|268/293|[from] item: Leftovers\n|upkeep\n|\n|t:|1781464915\n|switch|p2a: Garchomp|Garchomp, L74, M|282/282\n|turn|31\n|\n|t:|1781464918\n|move|p2a: Garchomp|Swords Dance|p2a: Garchomp\n|-boost|p2a: Garchomp|atk|2\n|move|p1a: Milotic|Ice Beam|p2a: Garchomp\n|-supereffective|p2a: Garchomp\n|-damage|p2a: Garchomp|0 fnt\n|faint|p2a: Garchomp\n|\n|-heal|p1a: Milotic|286/293|[from] item: Leftovers\n|upkeep\n|-message|sonicteamrocket forfeited.\n|\n|win|catlib\n|raw|catlib's rating: 2048 &rarr; <strong>2072</strong><br />(+24 for winning)\n|raw|sonicteamrocket's rating: 2121 &rarr; <strong>2097</strong><br />(-24 for losing)\n|l|\u203dsonicteamrocket\n|player|p2|\n|l|\u2606catlib\n|player|p1|\n|j|\u2606catlib\n|player|p1|catlib|birdkeeper|\n", "inputlog": ">version a8376a258c1d4662feba110a92103f3664a72141\n>start {\"formatid\":\"gen9randombattle\",\"seed\":\"sodium,866596ea22a2da5e1054c995e6ec9499\",\"rated\":\"Rated battle\"}\n>player p1 {\"name\":\"catlib\",\"avatar\":\"birdkeeper\",\"rating\":2048,\"seed\":\"sodium,038872d4ad361de5221194fae9b822dc\"}\n>player p2 {\"name\":\"sonicteamrocket\",\"avatar\":\"rocketgrunt\",\"rating\":2121,\"seed\":\"sodium,e6f3fc82b0653e7279ba29d80cf6ded4\"}\n>p1 move uturn\n>p2 move dracometeor\n>p1 switch 4\n>p1 move recover\n>p2 switch 4\n>p1 switch 6\n>p2 move sludgebomb\n>p1 move supercellslam\n>p2 switch 2\n>p1 move trailblaze\n>p2 move earthquake\n>p1 switch 6\n>p1 move dragontail\n>p2 switch 2\n>p1 move scald\n>p2 move shiftgear\n>p1 switch 5\n>p2 move gunkshot\n>p1 move earthpower\n>p2 move ironhead\n>p1 switch 3\n>p2 move ironhead\n>p1 move bitterblade\n>p2 move gunkshot\n>p2 switch 4\n>p1 switch 5\n>p2 move flipturn\n>p2 switch 5\n>p1 move dragontail\n>p2 move sludgebomb\n>p1 move scald\n>p2 switch 3\n>p1 switch 4\n>p2 move sludgebomb\n>p1 move superfang\n>p2 move surf\n>p1 move knockoff\n>p2 move surf\n>p1 move uturn\n>p2 move surf\n>p1 switch 4\n>p2 switch 6\n>p1 switch 3\n>p2 move knockoff\n>p1 switch 4\n>p1 move gunkshot\n>p2 move knockoff terastallize\n>p1 switch 2\n>p1 move coil\n>p2 move synthesis\n>p1 move scaleshot terastallize\n>p2 move swordsdance\n>p1 move scaleshot\n>p2 move knockoff\n>p2 switch 3\n>p1 move rockblast\n>p2 move icespinner\n>p1 switch 5\n>p1 move swordsdance\n>p2 switch 2\n>p1 switch 3\n>p2 move scaleshot\n>p1 move recover\n>p2 move scaleshot\n>p1 move recover\n>p2 switch 5\n>p1 move icebeam\n>p2 move flipturn\n>p2 switch 2\n>p1 move scald\n>p2 move liquidation\n>p2 switch 5\n>p1 move icebeam\n>p2 move swordsdance\n>forcelose p2", "uploadtime": 1781464360, "views": 9, "formatid": "gen9randombattle", "rating": 2072, "private": 0, "password": null}