{"id": "gen9randombattle-2631437862", "format": "[Gen 9] Random Battle", "players": ["koolcreatorx", "Sacred Quill"], "log": "|j|\u2606koolcreatorx\n|j|\u203dSacred Quill\n|t:|1781384633\n|gametype|singles\n|player|p1|koolcreatorx|unknown|1739\n|player|p2|Sacred Quill|clerk|1714\n|gen|9\n|tier|[Gen 9] Random Battle\n|rated|\n|rule|Species Clause: Limit one of each Pok\u00e9mon\n|rule|HP Percentage Mod: HP is shown in percentages\n|rule|Sleep Clause Mod: Limit one foe put to sleep\n|rule|Illusion Level Mod: Illusion disguises the Pok\u00e9mon's true level\n|\n|t:|1781384633\n|teamsize|p1|6\n|teamsize|p2|6\n|start\n|switch|p1a: Cetitan|Cetitan, L82, M|413/413\n|switch|p2a: Inteleon|Inteleon, L81, M|246/246\n|turn|1\n|\n|t:|1781384647\n|switch|p1a: Hitmontop|Hitmontop, L88, M|231/231\n|move|p2a: Inteleon|Scald|p1a: Hitmontop\n|-damage|p1a: Hitmontop|123/231\n|-status|p1a: Hitmontop|brn\n|\n|-heal|p1a: Hitmontop|137/231 brn|[from] item: Leftovers\n|-damage|p1a: Hitmontop|123/231 brn|[from] brn\n|upkeep\n|turn|2\n|\n|t:|1781384651\n|move|p2a: Inteleon|Scald|p1a: Hitmontop\n|-damage|p1a: Hitmontop|8/231 brn\n|move|p1a: Hitmontop|Close Combat|p2a: Inteleon\n|-damage|p2a: Inteleon|162/246\n|-unboost|p1a: Hitmontop|def|1\n|-unboost|p1a: Hitmontop|spd|1\n|\n|-heal|p1a: Hitmontop|22/231 brn|[from] item: Leftovers\n|-damage|p1a: Hitmontop|8/231 brn|[from] brn\n|upkeep\n|turn|3\n|\n|t:|1781384657\n|move|p2a: Inteleon|Scald|p1a: Hitmontop\n|-damage|p1a: Hitmontop|0 fnt\n|faint|p1a: Hitmontop\n|\n|upkeep\n|\n|t:|1781384666\n|switch|p1a: Meowscarada|Meowscarada, L78, F|247/247\n|turn|4\n|\n|t:|1781384672\n|switch|p2a: Slowbro|Slowbro-Galar, L87, M|307/307\n|move|p1a: Meowscarada|Flower Trick|p2a: Slowbro\n|-start|p1a: Meowscarada|typechange|Grass|[from] ability: Protean\n|-resisted|p2a: Slowbro\n|-crit|p2a: Slowbro\n|-damage|p2a: Slowbro|230/307\n|\n|upkeep\n|turn|5\n|\n|t:|1781384678\n|switch|p1a: Muk|Muk-Alola, L82, F|306/306\n|move|p2a: Slowbro|Thunder Wave|p1a: Muk\n|-status|p1a: Muk|par\n|\n|upkeep\n|turn|6\n|\n|t:|1781384689\n|switch|p2a: Wo-Chien|Wo-Chien, L83|277/277\n|-ability|p2a: Wo-Chien|Tablets of Ruin\n|move|p1a: Muk|Knock Off|p2a: Wo-Chien\n|-resisted|p2a: Wo-Chien\n|-damage|p2a: Wo-Chien|244/277\n|-enditem|p2a: Wo-Chien|Leftovers|[from] move: Knock Off|[of] p1a: Muk\n|\n|upkeep\n|turn|7\n|\n|t:|1781384695\n|move|p2a: Wo-Chien|Leech Seed|p1a: Muk\n|-start|p1a: Muk|move: Leech Seed\n|move|p1a: Muk|Poison Jab|p2a: Wo-Chien\n|-supereffective|p2a: Wo-Chien\n|-damage|p2a: Wo-Chien|128/277\n|\n|-damage|p1a: Muk|268/306 par|[from] Leech Seed|[of] p2a: Wo-Chien\n|-heal|p2a: Wo-Chien|166/277|[silent]\n|upkeep\n|turn|8\n|\n|t:|1781384702\n|switch|p1a: Cetitan|Cetitan, L82, M|413/413\n|move|p2a: Wo-Chien|Knock Off|p1a: Cetitan\n|-damage|p1a: Cetitan|295/413\n|-enditem|p1a: Cetitan|Life Orb|[from] move: Knock Off|[of] p2a: Wo-Chien\n|\n|upkeep\n|turn|9\n|\n|t:|1781384711\n|switch|p2a: Politoed|Politoed, L88, F|302/302\n|-weather|RainDance|[from] ability: Drizzle|[of] p2a: Politoed\n|move|p1a: Cetitan|Icicle Crash|p2a: Politoed\n|-resisted|p2a: Politoed\n|-damage|p2a: Politoed|236/302\n|\n|-weather|RainDance|[upkeep]\n|-heal|p2a: Politoed|254/302|[from] item: Leftovers\n|upkeep\n|turn|10\n|\n|t:|1781384722\n|switch|p1a: Meowscarada|Meowscarada, L78, F|247/247\n|move|p2a: Politoed|Hypnosis|p1a: Meowscarada|[miss]\n|-miss|p2a: Politoed|p1a: Meowscarada\n|\n|-weather|RainDance|[upkeep]\n|-heal|p2a: Politoed|272/302|[from] item: Leftovers\n|upkeep\n|turn|11\n|\n|t:|1781384730\n|switch|p2a: Wo-Chien|Wo-Chien, L83|166/277\n|-ability|p2a: Wo-Chien|Tablets of Ruin\n|move|p1a: Meowscarada|U-turn|p2a: Wo-Chien\n|-start|p1a: Meowscarada|typechange|Bug|[from] ability: Protean\n|-supereffective|p2a: Wo-Chien\n|-damage|p2a: Wo-Chien|0 fnt\n|faint|p2a: Wo-Chien\n|\n|t:|1781384747\n|switch|p1a: Muk|Muk-Alola, L82, F|268/306 par|[from] U-turn\n|\n|-weather|RainDance|[upkeep]\n|upkeep\n|\n|t:|1781384751\n|switch|p2a: Politoed|Politoed, L88, F|272/302\n|turn|12\n|\n|t:|1781384756\n|move|p2a: Politoed|Hydro Pump|p1a: Muk\n|-damage|p1a: Muk|153/306 par\n|move|p1a: Muk|Knock Off|p2a: Politoed\n|-damage|p2a: Politoed|166/302\n|-enditem|p2a: Politoed|Leftovers|[from] move: Knock Off|[of] p1a: Muk\n|\n|-weather|RainDance|[upkeep]\n|upkeep\n|turn|13\n|\n|t:|1781384762\n|move|p2a: Politoed|Hydro Pump|p1a: Muk\n|-damage|p1a: Muk|35/306 par\n|move|p1a: Muk|Poison Jab|p2a: Politoed\n|-damage|p2a: Politoed|82/302\n|\n|-weather|none\n|upkeep\n|turn|14\n|\n|t:|1781384768\n|move|p1a: Muk|Shadow Sneak|p2a: Politoed\n|-damage|p2a: Politoed|52/302\n|move|p2a: Politoed|Hydro Pump|p1a: Muk|[miss]\n|-miss|p2a: Politoed|p1a: Muk\n|\n|upkeep\n|turn|15\n|\n|t:|1781384772\n|move|p2a: Politoed|Ice Beam|p1a: Muk\n|-damage|p1a: Muk|0 fnt\n|faint|p1a: Muk\n|\n|upkeep\n|\n|t:|1781384780\n|switch|p1a: Meowscarada|Meowscarada, L78, F|247/247\n|turn|16\n|\n|t:|1781384786\n|move|p1a: Meowscarada|Knock Off|p2a: Politoed\n|-start|p1a: Meowscarada|typechange|Dark|[from] ability: Protean\n|-damage|p2a: Politoed|0 fnt\n|faint|p2a: Politoed\n|\n|upkeep\n|\n|t:|1781384798\n|switch|p2a: Gouging Fire|Gouging Fire, L74|277/277\n|turn|17\n|\n|t:|1781384803\n|move|p1a: Meowscarada|Knock Off|p2a: Gouging Fire\n|-damage|p2a: Gouging Fire|141/277\n|-enditem|p2a: Gouging Fire|Heavy-Duty Boots|[from] move: Knock Off|[of] p1a: Meowscarada\n|move|p2a: Gouging Fire|Dragon Dance|p2a: Gouging Fire\n|-boost|p2a: Gouging Fire|atk|1\n|-boost|p2a: Gouging Fire|spe|1\n|\n|upkeep\n|turn|18\n|\n|t:|1781384814\n|switch|p1a: Cetitan|Cetitan, L82, M|295/413\n|move|p2a: Gouging Fire|Morning Sun|p2a: Gouging Fire\n|-heal|p2a: Gouging Fire|277/277\n|\n|upkeep\n|turn|19\n|\n|t:|1781384821\n|-terastallize|p1a: Cetitan|Water\n|move|p2a: Gouging Fire|Heat Crash|p1a: Cetitan\n|-resisted|p1a: Cetitan\n|-damage|p1a: Cetitan|262/413\n|move|p1a: Cetitan|Liquidation|p2a: Gouging Fire\n|-damage|p2a: Gouging Fire|163/277\n|\n|upkeep\n|turn|20\n|\n|t:|1781384826\n|move|p2a: Gouging Fire|Outrage|p1a: Cetitan\n|-damage|p1a: Cetitan|52/413\n|move|p1a: Cetitan|Liquidation|p2a: Gouging Fire\n|-damage|p2a: Gouging Fire|61/277\n|\n|upkeep\n|turn|21\n|\n|t:|1781384834\n|move|p1a: Cetitan|Ice Shard|p2a: Gouging Fire\n|-damage|p2a: Gouging Fire|19/277\n|move|p2a: Gouging Fire|Outrage|p1a: Cetitan|[from] lockedmove\n|-damage|p1a: Cetitan|0 fnt\n|faint|p1a: Cetitan\n|\n|upkeep\n|\n|t:|1781384842\n|switch|p1a: Rhydon|Rhydon, L85, M|317/317\n|turn|22\n|\n|t:|1781384846\n|move|p2a: Gouging Fire|Outrage|p1a: Rhydon|[from] lockedmove\n|-damage|p1a: Rhydon|235/317\n|-start|p2a: Gouging Fire|confusion|[fatigue]\n|move|p1a: Rhydon|Earthquake|p2a: Gouging Fire\n|-supereffective|p2a: Gouging Fire\n|-damage|p2a: Gouging Fire|0 fnt\n|faint|p2a: Gouging Fire\n|-end|p2a: Gouging Fire|Protosynthesis|[silent]\n|\n|upkeep\n|\n|t:|1781384850\n|switch|p2a: Inteleon|Inteleon, L81, M|162/246\n|turn|23\n|\n|t:|1781384859\n|move|p2a: Inteleon|Ice Beam|p1a: Rhydon\n|-supereffective|p1a: Rhydon\n|-damage|p1a: Rhydon|0 fnt\n|faint|p1a: Rhydon\n|\n|upkeep\n|\n|t:|1781384867\n|switch|p1a: Meowscarada|Meowscarada, L78, F|247/247\n|turn|24\n|\n|t:|1781384875\n|move|p2a: Inteleon|Ice Beam|p1a: Meowscarada\n|-supereffective|p1a: Meowscarada\n|-damage|p1a: Meowscarada|0 fnt\n|faint|p1a: Meowscarada\n|\n|upkeep\n|-message|koolcreatorx forfeited.\n|\n|win|Sacred Quill\n|raw|koolcreatorx's rating: 1739 &rarr; <strong>1718</strong><br />(-21 for losing)\n|raw|Sacred Quill's rating: 1714 &rarr; <strong>1735</strong><br />(+21 for winning)\n|l|\u2606koolcreatorx\n|player|p1|\n", "inputlog": ">version a8376a258c1d4662feba110a92103f3664a72141\n>start {\"formatid\":\"gen9randombattle\",\"seed\":\"sodium,e70ae7e6936a5dd24b73b383e951c962\",\"rated\":\"Rated battle\"}\n>player p1 {\"name\":\"koolcreatorx\",\"avatar\":\"unknown\",\"rating\":1739,\"seed\":\"sodium,b06e434c06ec4944f52ab2ed6a9b386d\"}\n>player p2 {\"name\":\"Sacred Quill\",\"avatar\":\"clerk\",\"rating\":1714,\"seed\":\"sodium,fb9ffb51af52f55c4dc8295696a4ae8d\"}\n>p1 switch 4\n>p2 move scald\n>p1 move closecombat\n>p2 move scald\n>p1 move closecombat\n>p2 move scald\n>p1 switch 6\n>p1 move flowertrick\n>p2 switch 5\n>p1 switch 5\n>p2 move thunderwave\n>p1 move knockoff\n>p2 switch 6\n>p1 move poisonjab\n>p2 move leechseed\n>p1 switch 4\n>p2 move knockoff\n>p1 move iciclecrash\n>p2 switch 3\n>p1 switch 5\n>p2 move hypnosis\n>p1 move uturn\n>p2 switch 3\n>p1 switch 4\n>p2 switch 3\n>p1 move knockoff\n>p2 move hydropump\n>p1 move poisonjab\n>p2 move hydropump\n>p1 move shadowsneak\n>p2 move hydropump\n>p1 move poisonjab\n>p2 move icebeam\n>p1 switch 4\n>p1 move knockoff\n>p2 move icebeam\n>p2 switch 4\n>p1 move knockoff\n>p2 move dragondance\n>p1 switch 5\n>p2 move morningsun\n>p1 move liquidation terastallize\n>p2 move heatcrash\n>p1 move liquidation\n>p2 move outrage\n>p1 move iceshard\n>p2 move outrage\n>p1 switch 2\n>p1 move earthquake\n>p2 move outrage\n>p2 switch 5\n>p1 move earthquake\n>p2 move icebeam\n>p1 switch 5\n>p1 move knockoff\n>p2 move icebeam\n>forcelose p1", "uploadtime": 1781384882, "views": 9, "formatid": "gen9randombattle", "rating": 1718, "private": 0, "password": null}