{"id": "gen9randombattle-2631544270", "format": "[Gen 9] Random Battle", "players": ["ethlod", "Kosaji"], "log": "|j|\u2606ethlod\n|j|\u2606Kosaji\n|t:|1781399184\n|gametype|singles\n|player|p1|ethlod|ethan|1933\n|player|p2|Kosaji|zinnia-masters|1944\n|gen|9\n|tier|[Gen 9] Random Battle\n|rated|\n|rule|Species Clause: Limit one of each Pok\u00e9mon\n|rule|HP Percentage Mod: HP is shown in percentages\n|rule|Sleep Clause Mod: Limit one foe put to sleep\n|rule|Illusion Level Mod: Illusion disguises the Pok\u00e9mon's true level\n|\n|t:|1781399184\n|teamsize|p1|6\n|teamsize|p2|6\n|start\n|switch|p1a: Mienshao|Mienshao, L83, M|244/244\n|switch|p2a: Emboar|Emboar, L84, F|322/322\n|turn|1\n|inactive|Battle timer is ON: inactive players will automatically lose when time's up. (requested by Kosaji)\n|inactive|ethlod also wants the timer to be on.\n|\n|t:|1781399208\n|switch|p1a: Mesprit|Mesprit, L85|275/275\n|switch|p2a: Wyrdeer|Wyrdeer, L87, F|321/321\n|-ability|p2a: Wyrdeer|Intimidate|boost\n|-unboost|p1a: Mesprit|atk|1\n|\n|upkeep\n|turn|2\n|\n|t:|1781399212\n|move|p1a: Mesprit|U-turn|p2a: Wyrdeer\n|-supereffective|p2a: Wyrdeer\n|-damage|p2a: Wyrdeer|239/321\n|\n|t:|1781399227\n|switch|p1a: Porygon2|Porygon2, L81|270/270|[from] U-turn\n|-ability|p1a: Porygon2|Download|boost\n|-boost|p1a: Porygon2|atk|1\n|move|p2a: Wyrdeer|Thunder Wave|p1a: Porygon2\n|-status|p1a: Porygon2|par\n|\n|-heal|p2a: Wyrdeer|259/321|[from] item: Leftovers\n|upkeep\n|turn|3\n|\n|t:|1781399248\n|switch|p2a: Wo-Chien|Wo-Chien, L83|277/277\n|-ability|p2a: Wo-Chien|Tablets of Ruin\n|move|p1a: Porygon2|Thunder Wave|p2a: Wo-Chien\n|-status|p2a: Wo-Chien|par\n|\n|upkeep\n|turn|4\n|\n|t:|1781399259\n|switch|p1a: Cacturne|Cacturne, L92, M|278/278\n|move|p2a: Wo-Chien|Knock Off|p1a: Cacturne\n|-resisted|p1a: Cacturne\n|-damage|p1a: Cacturne|220/278\n|-enditem|p1a: Cacturne|Life Orb|[from] move: Knock Off|[of] p2a: Wo-Chien\n|\n|upkeep\n|turn|5\n|\n|t:|1781399276\n|move|p1a: Cacturne|Toxic Spikes|p2a: Wo-Chien\n|-sidestart|p2: Kosaji|move: Toxic Spikes\n|move|p2a: Wo-Chien|Ruination|p1a: Cacturne|[miss]\n|-miss|p2a: Wo-Chien|p1a: Cacturne\n|\n|upkeep\n|turn|6\n|\n|t:|1781399282\n|switch|p2a: Emboar|Emboar, L84, F|322/322\n|-status|p2a: Emboar|psn\n|move|p1a: Cacturne|Toxic Spikes|p2a: Emboar\n|-sidestart|p2: Kosaji|move: Toxic Spikes\n|\n|-damage|p2a: Emboar|282/322 psn|[from] psn\n|upkeep\n|turn|7\n|\n|t:|1781399292\n|switch|p1a: Porygon2|Porygon2, L81|270/270 par\n|-ability|p1a: Porygon2|Download|boost\n|-boost|p1a: Porygon2|spa|1\n|move|p2a: Emboar|Trailblaze|p1a: Porygon2\n|-damage|p1a: Porygon2|239/270 par\n|-boost|p2a: Emboar|spe|1\n|\n|-heal|p2a: Emboar|302/322 psn|[from] item: Leftovers\n|-damage|p2a: Emboar|262/322 psn|[from] psn\n|upkeep\n|turn|8\n|\n|t:|1781399312\n|move|p2a: Emboar|Bulk Up|p2a: Emboar\n|-boost|p2a: Emboar|atk|1\n|-boost|p2a: Emboar|def|1\n|move|p1a: Porygon2|Tera Blast|p2a: Emboar\n|-damage|p2a: Emboar|96/322 psn\n|\n|-heal|p2a: Emboar|116/322 psn|[from] item: Leftovers\n|-damage|p2a: Emboar|76/322 psn|[from] psn\n|upkeep\n|turn|9\n|\n|t:|1781399325\n|-terastallize|p1a: Porygon2|Fairy\n|move|p2a: Emboar|Drain Punch|p1a: Porygon2\n|-resisted|p1a: Porygon2\n|-damage|p1a: Porygon2|186/270 par\n|-heal|p2a: Emboar|103/322 psn|[from] drain|[of] p1a: Porygon2\n|cant|p1a: Porygon2|par\n|\n|-heal|p2a: Emboar|123/322 psn|[from] item: Leftovers\n|-damage|p2a: Emboar|83/322 psn|[from] psn\n|upkeep\n|turn|10\n|\n|t:|1781399330\n|move|p2a: Emboar|Flare Blitz|p1a: Porygon2\n|-damage|p1a: Porygon2|5/270 par\n|-damage|p2a: Emboar|23/322 psn|[from] Recoil\n|cant|p1a: Porygon2|par\n|\n|-heal|p2a: Emboar|43/322 psn|[from] item: Leftovers\n|-damage|p2a: Emboar|3/322 psn|[from] psn\n|upkeep\n|turn|11\n|\n|t:|1781399336\n|move|p2a: Emboar|Drain Punch|p1a: Porygon2\n|-resisted|p1a: Porygon2\n|-damage|p1a: Porygon2|0 fnt\n|-heal|p2a: Emboar|6/322 psn|[from] drain|[of] p1a: Porygon2\n|faint|p1a: Porygon2\n|\n|-heal|p2a: Emboar|26/322 psn|[from] item: Leftovers\n|-damage|p2a: Emboar|0 fnt|[from] psn\n|faint|p2a: Emboar\n|upkeep\n|\n|t:|1781399342\n|switch|p2a: Delibird|Delibird, F|252/252\n|switch|p1a: Mesprit|Mesprit, L85|275/275\n|turn|12\n|\n|t:|1781399351\n|move|p2a: Delibird|Rapid Spin|p1a: Mesprit\n|-damage|p1a: Mesprit|246/275\n|-boost|p2a: Delibird|spe|1\n|-sideend|p2: Kosaji|Toxic Spikes|[from] move: Rapid Spin|[of] p2a: Delibird\n|move|p1a: Mesprit|Psychic|p2a: Delibird\n|-damage|p2a: Delibird|50/252\n|-unboost|p2a: Delibird|spd|1\n|\n|upkeep\n|turn|13\n|\n|t:|1781399359\n|switch|p1a: Cacturne|Cacturne, L92, M|220/278\n|move|p2a: Delibird|Spikes|p1a: Cacturne\n|-sidestart|p1: ethlod|Spikes\n|\n|upkeep\n|turn|14\n|\n|t:|1781399364\n|move|p1a: Cacturne|Sucker Punch||[still]\n|-fail|p1a: Cacturne\n|move|p2a: Delibird|Spikes|p1a: Cacturne\n|-sidestart|p1: ethlod|Spikes\n|\n|upkeep\n|turn|15\n|\n|t:|1781399367\n|move|p2a: Delibird|Brave Bird|p1a: Cacturne\n|-supereffective|p1a: Cacturne\n|-damage|p1a: Cacturne|0 fnt\n|faint|p1a: Cacturne\n|-damage|p2a: Delibird|0 fnt|[from] Recoil\n|faint|p2a: Delibird\n|\n|upkeep\n|\n|t:|1781399381\n|switch|p2a: Wyrdeer|Wyrdeer, L87, F|259/321\n|switch|p1a: Mesprit|Mesprit, L85|246/275\n|-ability|p2a: Wyrdeer|Intimidate|boost\n|-unboost|p1a: Mesprit|atk|1\n|turn|16\n|\n|t:|1781399386\n|move|p1a: Mesprit|U-turn|p2a: Wyrdeer\n|-supereffective|p2a: Wyrdeer\n|-damage|p2a: Wyrdeer|171/321\n|\n|t:|1781399389\n|switch|p1a: Probopass|Probopass, L91, F|257/257|[from] U-turn\n|-damage|p1a: Probopass|215/257|[from] Spikes\n|move|p2a: Wyrdeer|Thunder Wave|p1a: Probopass|[miss]\n|-miss|p2a: Wyrdeer|p1a: Probopass\n|\n|-heal|p2a: Wyrdeer|191/321|[from] item: Leftovers\n|-heal|p1a: Probopass|231/257|[from] item: Leftovers\n|upkeep\n|turn|17\n|\n|t:|1781399399\n|move|p2a: Wyrdeer|Earthquake|p1a: Probopass\n|-supereffective|p1a: Probopass\n|-damage|p1a: Probopass|23/257\n|move|p1a: Probopass|Iron Defense|p1a: Probopass\n|-boost|p1a: Probopass|def|2\n|\n|-heal|p2a: Wyrdeer|211/321|[from] item: Leftovers\n|-heal|p1a: Probopass|39/257|[from] item: Leftovers\n|upkeep\n|turn|18\n|\n|t:|1781399404\n|switch|p1a: Mesprit|Mesprit, L85|246/275\n|move|p2a: Wyrdeer|Earthquake|p1a: Mesprit\n|-immune|p1a: Mesprit|[from] ability: Levitate\n|\n|-heal|p2a: Wyrdeer|231/321|[from] item: Leftovers\n|upkeep\n|turn|19\n|\n|t:|1781399407\n|move|p1a: Mesprit|U-turn|p2a: Wyrdeer\n|-supereffective|p2a: Wyrdeer\n|-damage|p2a: Wyrdeer|111/321\n|\n|t:|1781399410\n|switch|p1a: Probopass|Probopass, L91, F|39/257|[from] U-turn\n|-damage|p1a: Probopass|0 fnt|[from] Spikes\n|faint|p1a: Probopass\n|move|p2a: Wyrdeer|Thunder Wave|p1: Probopass|[notarget]\n|-fail|p2a: Wyrdeer\n|\n|-heal|p2a: Wyrdeer|131/321|[from] item: Leftovers\n|upkeep\n|\n|t:|1781399412\n|switch|p1a: Mienshao|Mienshao, L83, M|244/244\n|-damage|p1a: Mienshao|204/244|[from] Spikes\n|turn|20\n|\n|t:|1781399417\n|switch|p2a: Wo-Chien|Wo-Chien, L83|277/277 par\n|-ability|p2a: Wo-Chien|Tablets of Ruin\n|move|p1a: Mienshao|Knock Off|p2a: Wo-Chien\n|-resisted|p2a: Wo-Chien\n|-damage|p2a: Wo-Chien|243/277 par\n|-enditem|p2a: Wo-Chien|Leftovers|[from] move: Knock Off|[of] p1a: Mienshao\n|-damage|p1a: Mienshao|180/244|[from] item: Life Orb\n|\n|upkeep\n|turn|21\n|\n|t:|1781399422\n|move|p1a: Mienshao|Swords Dance|p1a: Mienshao\n|-boost|p1a: Mienshao|atk|2\n|cant|p2a: Wo-Chien|par\n|\n|upkeep\n|turn|22\n|\n|t:|1781399429\n|move|p1a: Mienshao|Close Combat|p2a: Wo-Chien\n|-supereffective|p2a: Wo-Chien\n|-damage|p2a: Wo-Chien|0 fnt\n|-unboost|p1a: Mienshao|def|1\n|-unboost|p1a: Mienshao|spd|1\n|faint|p2a: Wo-Chien\n|-damage|p1a: Mienshao|156/244|[from] item: Life Orb\n|\n|upkeep\n|\n|t:|1781399436\n|switch|p2a: Avalugg|Avalugg, L88, F|310/310\n|turn|23\n|\n|t:|1781399445\n|move|p1a: Mienshao|Knock Off|p2a: Avalugg\n|-damage|p2a: Avalugg|202/310\n|-enditem|p2a: Avalugg|Heavy-Duty Boots|[from] move: Knock Off|[of] p1a: Mienshao\n|-damage|p1a: Mienshao|132/244|[from] item: Life Orb\n|move|p2a: Avalugg|Avalanche|p1a: Mienshao\n|-damage|p1a: Mienshao|0 fnt\n|faint|p1a: Mienshao\n|\n|upkeep\n|\n|t:|1781399450\n|switch|p1a: Blastoise|Blastoise, L80, M|258/258\n|-damage|p1a: Blastoise|215/258|[from] Spikes\n|turn|24\n|\n|t:|1781399467\n|move|p1a: Blastoise|Shell Smash|p1a: Blastoise\n|-unboost|p1a: Blastoise|def|1\n|-unboost|p1a: Blastoise|spd|1\n|-boost|p1a: Blastoise|atk|2\n|-boost|p1a: Blastoise|spa|2\n|-boost|p1a: Blastoise|spe|2\n|-enditem|p1a: Blastoise|White Herb\n|-clearnegativeboost|p1a: Blastoise|[silent]\n|move|p2a: Avalugg|Recover|p2a: Avalugg\n|-heal|p2a: Avalugg|310/310\n|\n|upkeep\n|turn|25\n|\n|t:|1781399477\n|move|p1a: Blastoise|Earthquake|p2a: Avalugg\n|-damage|p2a: Avalugg|250/310\n|move|p2a: Avalugg|Body Press|p1a: Blastoise\n|-damage|p1a: Blastoise|117/258\n|\n|upkeep\n|turn|26\n|\n|t:|1781399489\n|move|p1a: Blastoise|Hydro Pump|p2a: Avalugg\n|-damage|p2a: Avalugg|0 fnt\n|faint|p2a: Avalugg\n|\n|upkeep\n|\n|t:|1781399501\n|switch|p2a: Chi-Yu|Chi-Yu, L77|211/211\n|-ability|p2a: Chi-Yu|Beads of Ruin\n|turn|27\n|\n|t:|1781399508\n|switch|p2a: Wyrdeer|Wyrdeer, L87, F|131/321\n|-ability|p2a: Wyrdeer|Intimidate|boost\n|-unboost|p1a: Blastoise|atk|1\n|move|p1a: Blastoise|Hydro Pump|p2a: Wyrdeer\n|-damage|p2a: Wyrdeer|0 fnt\n|faint|p2a: Wyrdeer\n|\n|upkeep\n|\n|t:|1781399511\n|switch|p2a: Chi-Yu|Chi-Yu, L77|211/211\n|-ability|p2a: Chi-Yu|Beads of Ruin\n|turn|28\n|\n|t:|1781399519\n|move|p1a: Blastoise|Hydro Pump|p2a: Chi-Yu|[miss]\n|-miss|p1a: Blastoise|p2a: Chi-Yu\n|move|p2a: Chi-Yu|Dark Pulse|p1a: Blastoise\n|-damage|p1a: Blastoise|2/258\n|\n|upkeep\n|turn|29\n|\n|t:|1781399526\n|move|p1a: Blastoise|Hydro Pump|p2a: Chi-Yu\n|-supereffective|p2a: Chi-Yu\n|-damage|p2a: Chi-Yu|0 fnt\n|faint|p2a: Chi-Yu\n|\n|win|ethlod\n", "inputlog": ">version a8376a258c1d4662feba110a92103f3664a72141\n>start {\"formatid\":\"gen9randombattle\",\"seed\":\"sodium,405dbf22f1221778bbaa36f65c6cd995\",\"rated\":\"Rated battle\"}\n>player p1 {\"name\":\"ethlod\",\"avatar\":\"ethan\",\"rating\":1933,\"seed\":\"sodium,ffa7f1f30101057435a3bbacdbb005a1\"}\n>player p2 {\"name\":\"Kosaji\",\"avatar\":\"zinnia-masters\",\"rating\":1944,\"seed\":\"sodium,2d172755ae02ecf2b9cd0f4e7f8a3aff\"}\n>p1 switch 6\n>p2 switch 4\n>p1 move uturn\n>p2 move thunderwave\n>p1 switch 5\n>p1 move thunderwave\n>p2 switch 2\n>p1 switch 3\n>p2 move knockoff\n>p1 move toxicspikes\n>p2 move ruination\n>p1 move toxicspikes\n>p2 switch 4\n>p1 switch 3\n>p2 move trailblaze\n>p1 move terablast\n>p2 move bulkup\n>p1 move terablast terastallize\n>p2 move drainpunch\n>p1 move terablast\n>p2 move flareblitz\n>p1 move recover\n>p2 move drainpunch\n>p1 switch 5\n>p2 switch 3\n>p1 move psychic\n>p2 move rapidspin\n>p1 switch 3\n>p2 move spikes\n>p1 move suckerpunch\n>p2 move spikes\n>p1 move knockoff\n>p2 move bravebird\n>p1 switch 3\n>p2 switch 2\n>p1 move uturn\n>p2 move thunderwave\n>p1 switch 4\n>p1 move irondefense\n>p2 move earthquake\n>p1 switch 4\n>p2 move earthquake\n>p1 move uturn\n>p2 move thunderwave\n>p1 switch 4\n>p1 switch 6\n>p1 move knockoff\n>p2 switch 4\n>p1 move swordsdance\n>p2 move knockoff\n>p1 move closecombat\n>p2 move stunspore\n>p2 switch 5\n>p1 move knockoff\n>p2 move avalanche\n>p1 switch 2\n>p1 move shellsmash\n>p2 move recover\n>p1 move earthquake\n>p2 move bodypress\n>p1 move hydropump\n>p2 move bodypress\n>p2 switch 6\n>p1 move hydropump\n>p2 switch 4\n>p2 switch 4\n>p1 move hydropump\n>p2 move darkpulse\n>p1 move hydropump\n>p2 move darkpulse", "uploadtime": 1781399186, "views": 4, "formatid": "gen9randombattle", "rating": null, "private": 0, "password": null}