{"id": "gen9randombattle-2631373700", "format": "[Gen 9] Random Battle", "players": ["Goggyo", "laloe281088"], "log": "|j|\u2606Goggyo\n|j|\u2606laloe281088\n|t:|1781377051\n|gametype|singles\n|player|p1|Goggyo|169|2045\n|player|p2|laloe281088|265|2074\n|gen|9\n|tier|[Gen 9] Random Battle\n|rated|\n|rule|Species Clause: Limit one of each Pok\u00e9mon\n|rule|HP Percentage Mod: HP is shown in percentages\n|rule|Sleep Clause Mod: Limit one foe put to sleep\n|rule|Illusion Level Mod: Illusion disguises the Pok\u00e9mon's true level\n|\n|t:|1781377051\n|teamsize|p1|6\n|teamsize|p2|6\n|start\n|switch|p1a: Hitmontop|Hitmontop, L88, M|231/231\n|switch|p2a: Rotom|Rotom-Heat, L83|219/219\n|-ability|p1a: Hitmontop|Intimidate|boost\n|-unboost|p2a: Rotom|atk|1\n|turn|1\n|\n|t:|1781377070\n|move|p2a: Rotom|Discharge|p1a: Hitmontop\n|-damage|p1a: Hitmontop|182/231\n|-status|p1a: Hitmontop|par\n|move|p1a: Hitmontop|Stone Edge|p2a: Rotom\n|-supereffective|p2a: Rotom\n|-damage|p2a: Rotom|79/219\n|\n|upkeep\n|turn|2\n|\n|t:|1781377080\n|move|p2a: Rotom|Pain Split|p1a: Hitmontop\n|-sethp|p1a: Hitmontop|130/231 par|[from] move: Pain Split|[silent]\n|-sethp|p2a: Rotom|130/219|[from] move: Pain Split\n|cant|p1a: Hitmontop|par\n|\n|upkeep\n|turn|3\n|\n|t:|1781377090\n|move|p2a: Rotom|Volt Switch|p1a: Hitmontop\n|-damage|p1a: Hitmontop|85/231 par\n|\n|t:|1781377096\n|switch|p2a: Malamar|Malamar, L82, M|275/275|[from] Volt Switch\n|move|p1a: Hitmontop|Close Combat|p2a: Malamar\n|-damage|p2a: Malamar|122/275\n|-unboost|p1a: Hitmontop|def|1\n|-unboost|p1a: Hitmontop|spd|1\n|\n|-heal|p2a: Malamar|139/275|[from] item: Leftovers\n|upkeep\n|turn|4\n|\n|t:|1781377107\n|move|p2a: Malamar|Superpower|p1a: Hitmontop\n|-damage|p1a: Hitmontop|0 fnt\n|-boost|p2a: Malamar|atk|1\n|-boost|p2a: Malamar|def|1\n|faint|p1a: Hitmontop\n|\n|-heal|p2a: Malamar|156/275|[from] item: Leftovers\n|upkeep\n|\n|t:|1781377142\n|switch|p1a: Tentacruel|Tentacruel, L84, M|272/272\n|turn|5\n|inactive|Battle timer is ON: inactive players will automatically lose when time's up. (requested by laloe281088)\n|\n|t:|1781377150\n|-terastallize|p2a: Malamar|Poison\n|move|p1a: Tentacruel|Sludge Bomb|p2a: Malamar\n|-resisted|p2a: Malamar\n|-damage|p2a: Malamar|111/275\n|move|p2a: Malamar|Rest|p2a: Malamar\n|-status|p2a: Malamar|slp|[from] move: Rest\n|-heal|p2a: Malamar|275/275 slp|[silent]\n|\n|upkeep\n|turn|6\n|\n|t:|1781377161\n|move|p1a: Tentacruel|Surf|p2a: Malamar\n|-damage|p2a: Malamar|179/275 slp\n|cant|p2a: Malamar|slp\n|move|p2a: Malamar|Sleep Talk|p2a: Malamar\n|move|p2a: Malamar|Superpower|p1a: Tentacruel|[from] move: Sleep Talk\n|-resisted|p1a: Tentacruel\n|-damage|p1a: Tentacruel|202/272\n|-boost|p2a: Malamar|atk|1\n|-boost|p2a: Malamar|def|1\n|\n|-heal|p1a: Tentacruel|219/272|[from] item: Leftovers\n|-heal|p2a: Malamar|196/275 slp|[from] item: Leftovers\n|upkeep\n|turn|7\n|\n|t:|1781377176\n|move|p1a: Tentacruel|Haze|p1a: Tentacruel\n|-clearallboost\n|cant|p2a: Malamar|slp\n|move|p2a: Malamar|Sleep Talk|p2a: Malamar\n|move|p2a: Malamar|Rest||[from] move: Sleep Talk|[still]\n|-fail|p2a: Malamar\n|\n|-heal|p1a: Tentacruel|236/272|[from] item: Leftovers\n|-heal|p2a: Malamar|213/275 slp|[from] item: Leftovers\n|upkeep\n|turn|8\n|\n|t:|1781377187\n|move|p1a: Tentacruel|Surf|p2a: Malamar\n|-damage|p2a: Malamar|117/275 slp\n|-curestatus|p2a: Malamar|slp|[msg]\n|move|p2a: Malamar|Knock Off|p1a: Tentacruel\n|-damage|p1a: Tentacruel|116/272\n|-enditem|p1a: Tentacruel|Leftovers|[from] move: Knock Off|[of] p2a: Malamar\n|\n|-heal|p2a: Malamar|134/275|[from] item: Leftovers\n|upkeep\n|turn|9\n|\n|t:|1781377198\n|move|p1a: Tentacruel|Surf|p2a: Malamar\n|-damage|p2a: Malamar|34/275\n|move|p2a: Malamar|Rest|p2a: Malamar\n|-status|p2a: Malamar|slp|[from] move: Rest\n|-heal|p2a: Malamar|275/275 slp|[silent]\n|\n|upkeep\n|turn|10\n|\n|t:|1781377216\n|switch|p2a: Gholdengo|Gholdengo, L77|261/261\n|move|p1a: Tentacruel|Surf|p2a: Gholdengo\n|-damage|p2a: Gholdengo|165/261\n|\n|-heal|p2a: Gholdengo|181/261|[from] item: Leftovers\n|upkeep\n|turn|11\n|\n|t:|1781377226\n|move|p1a: Tentacruel|Flip Turn|p2a: Gholdengo\n|-damage|p2a: Gholdengo|126/261\n|\n|t:|1781377231\n|switch|p1a: Bisharp|Bisharp, L79, M|232/232|[from] Flip Turn\n|move|p2a: Gholdengo|Shadow Ball|p1a: Bisharp\n|-resisted|p1a: Bisharp\n|-damage|p1a: Bisharp|193/232\n|\n|-heal|p2a: Gholdengo|142/261|[from] item: Leftovers\n|upkeep\n|turn|12\n|\n|t:|1781377244\n|move|p2a: Gholdengo|Focus Blast|p1a: Bisharp\n|-supereffective|p1a: Bisharp\n|-damage|p1a: Bisharp|0 fnt\n|faint|p1a: Bisharp\n|\n|-heal|p2a: Gholdengo|158/261|[from] item: Leftovers\n|upkeep\n|\n|t:|1781377260\n|switch|p1a: Gouging Fire|Gouging Fire, L74|277/277\n|turn|13\n|\n|t:|1781377271\n|switch|p2a: Cyclizar|Cyclizar, L83, F|252/252\n|move|p1a: Gouging Fire|Dragon Dance|p1a: Gouging Fire\n|-boost|p1a: Gouging Fire|atk|1\n|-boost|p1a: Gouging Fire|spe|1\n|\n|upkeep\n|turn|14\n|\n|t:|1781377289\n|switch|p2a: Enamorus|Enamorus-Therian, L83, F|259/259\n|-terastallize|p1a: Gouging Fire|Fairy\n|move|p1a: Gouging Fire|Dragon Dance|p1a: Gouging Fire\n|-boost|p1a: Gouging Fire|atk|1\n|-boost|p1a: Gouging Fire|spe|1\n|\n|upkeep\n|turn|15\n|\n|t:|1781377299\n|move|p1a: Gouging Fire|Heat Crash|p2a: Enamorus\n|-damage|p2a: Enamorus|81/259\n|move|p2a: Enamorus|Moonblast|p1a: Gouging Fire\n|-damage|p1a: Gouging Fire|130/277\n|-unboost|p1a: Gouging Fire|spa|1\n|\n|upkeep\n|turn|16\n|\n|t:|1781377313\n|switch|p2a: Gholdengo|Gholdengo, L77|158/261\n|move|p1a: Gouging Fire|Heat Crash|p2a: Gholdengo\n|-supereffective|p2a: Gholdengo\n|-damage|p2a: Gholdengo|0 fnt\n|faint|p2a: Gholdengo\n|\n|upkeep\n|\n|t:|1781377322\n|switch|p2a: Cyclizar|Cyclizar, L83, F|252/252\n|turn|17\n|\n|t:|1781377329\n|move|p1a: Gouging Fire|Heat Crash|p2a: Cyclizar\n|-resisted|p2a: Cyclizar\n|-crit|p2a: Cyclizar\n|-damage|p2a: Cyclizar|45/252\n|move|p2a: Cyclizar|Rapid Spin|p1a: Gouging Fire\n|-damage|p1a: Gouging Fire|87/277\n|-boost|p2a: Cyclizar|spe|1\n|\n|upkeep\n|turn|18\n|\n|t:|1781377341\n|move|p2a: Cyclizar|Taunt|p1a: Gouging Fire\n|-start|p1a: Gouging Fire|move: Taunt\n|cant|p1a: Gouging Fire|move: Taunt|Morning Sun\n|\n|upkeep\n|turn|19\n|\n|t:|1781377347\n|move|p2a: Cyclizar|Rapid Spin|p1a: Gouging Fire\n|-damage|p1a: Gouging Fire|41/277\n|-boost|p2a: Cyclizar|spe|1\n|move|p1a: Gouging Fire|Heat Crash|p2a: Cyclizar\n|-resisted|p2a: Cyclizar\n|-damage|p2a: Cyclizar|0 fnt\n|faint|p2a: Cyclizar\n|\n|upkeep\n|\n|t:|1781377356\n|switch|p2a: Rotom|Rotom-Heat, L83|130/219\n|turn|20\n|\n|t:|1781377370\n|move|p1a: Gouging Fire|Outrage|p2a: Rotom\n|-damage|p2a: Rotom|0 fnt\n|faint|p2a: Rotom\n|\n|-end|p1a: Gouging Fire|move: Taunt\n|upkeep\n|\n|t:|1781377377\n|switch|p2a: Enamorus|Enamorus-Therian, L83, F|81/259\n|turn|21\n|\n|t:|1781377381\n|move|p1a: Gouging Fire|Outrage|p2a: Enamorus|[from] lockedmove\n|-immune|p2a: Enamorus\n|-start|p1a: Gouging Fire|confusion|[fatigue]\n|move|p2a: Enamorus|Moonblast|p1a: Gouging Fire\n|-damage|p1a: Gouging Fire|0 fnt\n|faint|p1a: Gouging Fire\n|-end|p1a: Gouging Fire|Protosynthesis|[silent]\n|\n|upkeep\n|\n|t:|1781377388\n|switch|p1a: Tentacruel|Tentacruel, L84, M|116/272\n|turn|22\n|\n|t:|1781377395\n|move|p1a: Tentacruel|Sludge Bomb|p2a: Enamorus\n|-supereffective|p2a: Enamorus\n|-damage|p2a: Enamorus|0 fnt\n|faint|p2a: Enamorus\n|\n|upkeep\n|\n|t:|1781377402\n|switch|p2a: Malamar|Malamar, L82, M, tera:Poison|275/275 slp\n|turn|23\n|\n|t:|1781377409\n|move|p1a: Tentacruel|Surf|p2a: Malamar\n|-damage|p2a: Malamar|176/275 slp\n|cant|p2a: Malamar|slp\n|move|p2a: Malamar|Sleep Talk|p2a: Malamar\n|move|p2a: Malamar|Superpower|p1a: Tentacruel|[from] move: Sleep Talk\n|-resisted|p1a: Tentacruel\n|-damage|p1a: Tentacruel|64/272\n|-boost|p2a: Malamar|atk|1\n|-boost|p2a: Malamar|def|1\n|\n|-heal|p2a: Malamar|193/275 slp|[from] item: Leftovers\n|upkeep\n|turn|24\n|inactive|laloe281088 has 120 seconds left.\n|inactive|laloe281088 has 90 seconds left.\n|inactive|laloe281088 has 60 seconds left.\n|\n|t:|1781377513\n|move|p1a: Tentacruel|Surf|p2a: Malamar\n|-damage|p2a: Malamar|100/275 slp\n|cant|p2a: Malamar|slp\n|move|p2a: Malamar|Sleep Talk|p2a: Malamar\n|move|p2a: Malamar|Knock Off|p1a: Tentacruel|[from] move: Sleep Talk\n|-damage|p1a: Tentacruel|0 fnt\n|faint|p1a: Tentacruel\n|\n|-heal|p2a: Malamar|117/275 slp|[from] item: Leftovers\n|upkeep\n|\n|t:|1781377522\n|switch|p1a: Virizion|Virizion, L82|283/283\n|turn|25\n|inactive|laloe281088 has 60 seconds left.\n|\n|t:|1781377528\n|move|p1a: Virizion|Swords Dance|p1a: Virizion\n|-boost|p1a: Virizion|atk|2\n|-curestatus|p2a: Malamar|slp|[msg]\n|move|p2a: Malamar|Rest|p2a: Malamar\n|-status|p2a: Malamar|slp|[from] move: Rest\n|-heal|p2a: Malamar|275/275 slp|[silent]\n|\n|upkeep\n|turn|26\n|\n|t:|1781377537\n|move|p1a: Virizion|Swords Dance|p1a: Virizion\n|-boost|p1a: Virizion|atk|2\n|cant|p2a: Malamar|slp\n|move|p2a: Malamar|Sleep Talk|p2a: Malamar\n|move|p2a: Malamar|Knock Off|p1a: Virizion|[from] move: Sleep Talk\n|-resisted|p1a: Virizion\n|-damage|p1a: Virizion|199/283\n|-ability|p1a: Virizion|Justified|boost\n|-boost|p1a: Virizion|atk|1\n|-enditem|p1a: Virizion|Life Orb|[from] move: Knock Off|[of] p2a: Malamar\n|\n|upkeep\n|turn|27\n|\n|t:|1781377549\n|move|p1a: Virizion|Stone Edge|p2a: Malamar|[miss]\n|-miss|p1a: Virizion|p2a: Malamar\n|cant|p2a: Malamar|slp\n|move|p2a: Malamar|Sleep Talk|p2a: Malamar\n|move|p2a: Malamar|Rest||[from] move: Sleep Talk|[still]\n|-fail|p2a: Malamar\n|\n|upkeep\n|turn|28\n|\n|t:|1781377559\n|move|p1a: Virizion|Stone Edge|p2a: Malamar\n|-damage|p2a: Malamar|130/275 slp\n|-curestatus|p2a: Malamar|slp|[msg]\n|move|p2a: Malamar|Superpower|p1a: Virizion\n|-damage|p1a: Virizion|59/283\n|-boost|p2a: Malamar|atk|1\n|-boost|p2a: Malamar|def|1\n|\n|-heal|p2a: Malamar|147/275|[from] item: Leftovers\n|upkeep\n|turn|29\n|\n|t:|1781377571\n|move|p1a: Virizion|Stone Edge|p2a: Malamar\n|-damage|p2a: Malamar|29/275\n|move|p2a: Malamar|Rest|p2a: Malamar\n|-status|p2a: Malamar|slp|[from] move: Rest\n|-heal|p2a: Malamar|275/275 slp|[silent]\n|\n|upkeep\n|turn|30\n|\n|t:|1781377578\n|move|p1a: Virizion|Stone Edge|p2a: Malamar\n|-damage|p2a: Malamar|161/275 slp\n|cant|p2a: Malamar|slp\n|move|p2a: Malamar|Sleep Talk|p2a: Malamar\n|move|p2a: Malamar|Knock Off|p1a: Virizion|[from] move: Sleep Talk\n|-resisted|p1a: Virizion\n|-damage|p1a: Virizion|0 fnt\n|faint|p1a: Virizion\n|\n|-heal|p2a: Malamar|178/275 slp|[from] item: Leftovers\n|upkeep\n|-message|Goggyo forfeited.\n|\n|win|laloe281088\n", "inputlog": ">version a8376a258c1d4662feba110a92103f3664a72141\n>start {\"formatid\":\"gen9randombattle\",\"seed\":\"sodium,308a99ca516716e60711e802f7eb35e5\",\"rated\":\"Rated battle\"}\n>player p1 {\"name\":\"Goggyo\",\"avatar\":\"169\",\"rating\":2045,\"seed\":\"sodium,0c377ee7d06417569b55cb6ec6c28f37\"}\n>player p2 {\"name\":\"laloe281088\",\"avatar\":\"265\",\"rating\":2074,\"seed\":\"sodium,c3c905efd376566f837e87e86f61d08e\"}\n>p1 move stoneedge\n>p2 move discharge\n>p1 move closecombat\n>p2 move painsplit\n>p1 move closecombat\n>p2 move voltswitch\n>p2 switch 4\n>p1 move closecombat\n>p2 move superpower\n>p1 switch 2\n>p1 move sludgebomb\n>p2 move rest terastallize\n>p1 move surf\n>p2 move sleeptalk\n>p1 move haze\n>p2 move sleeptalk\n>p1 move surf\n>p2 move knockoff\n>p1 move surf\n>p2 move rest\n>p1 move surf\n>p2 switch 2\n>p1 move flipturn\n>p2 move shadowball\n>p1 switch 3\n>p1 move throatchop\n>p2 move focusblast\n>p1 switch 5\n>p1 move dragondance\n>p2 switch 5\n>p1 move dragondance terastallize\n>p2 switch 3\n>p1 move heatcrash\n>p2 move moonblast\n>p1 move heatcrash\n>p2 switch 5\n>p2 switch 3\n>p1 move heatcrash\n>p2 move rapidspin\n>p1 move morningsun\n>p2 move taunt\n>p1 move heatcrash\n>p2 move rapidspin\n>p2 switch 4\n>p1 move outrage\n>p2 move voltswitch\n>p2 switch 5\n>p1 move outrage\n>p2 move moonblast\n>p1 switch 3\n>p1 move sludgebomb\n>p2 move earthpower\n>p2 switch 2\n>p1 move surf\n>p2 move sleeptalk\n>p1 move surf\n>p2 move sleeptalk\n>p1 switch 6\n>p1 move swordsdance\n>p2 move rest\n>p1 move swordsdance\n>p2 move sleeptalk\n>p1 move stoneedge\n>p2 move sleeptalk\n>p1 move stoneedge\n>p2 move superpower\n>p1 move stoneedge\n>p2 move rest\n>p1 move stoneedge\n>p2 move sleeptalk\n>forcelose p1", "uploadtime": 1781377054, "views": 9, "formatid": "gen9randombattle", "rating": null, "private": 0, "password": null}