{"id": "gen9randombattle-2631988723", "format": "[Gen 9] Random Battle", "players": ["Zabalilla", "randomdude8876"], "log": "|j|\u2606Zabalilla\n|j|\u2606randomdude8876\n|t:|1781463240\n|gametype|singles\n|player|p1|Zabalilla|101|1934\n|player|p2|randomdude8876|hiker-gen4|1909\n|gen|9\n|tier|[Gen 9] Random Battle\n|rated|\n|rule|Species Clause: Limit one of each Pok\u00e9mon\n|rule|HP Percentage Mod: HP is shown in percentages\n|rule|Sleep Clause Mod: Limit one foe put to sleep\n|rule|Illusion Level Mod: Illusion disguises the Pok\u00e9mon's true level\n|\n|t:|1781463240\n|teamsize|p1|6\n|teamsize|p2|6\n|start\n|switch|p1a: Electrode|Electrode-Hisui, L87|246/246\n|switch|p2a: Glimmora|Glimmora, L75, M|248/248\n|turn|1\n|inactive|Battle timer is ON: inactive players will automatically lose when time's up. (requested by randomdude8876)\n|\n|t:|1781463248\n|move|p1a: Electrode|Thunderbolt|p2a: Glimmora\n|-damage|p2a: Glimmora|104/248\n|-damage|p1a: Electrode|222/246|[from] item: Life Orb\n|move|p2a: Glimmora|Sludge Wave|p1a: Electrode\n|-supereffective|p1a: Electrode\n|-damage|p1a: Electrode|6/246\n|\n|upkeep\n|turn|2\n|\n|t:|1781463262\n|switch|p2a: Oranguru|Oranguru, L92, M|315/315\n|move|p1a: Electrode|Thunderbolt|p2a: Oranguru\n|-damage|p2a: Oranguru|218/315\n|-damage|p1a: Electrode|0 fnt|[from] item: Life Orb\n|faint|p1a: Electrode\n|\n|-heal|p2a: Oranguru|237/315|[from] item: Leftovers\n|upkeep\n|\n|t:|1781463269\n|switch|p1a: Iron Jugulis|Iron Jugulis, L77|271/271\n|turn|3\n|\n|t:|1781463280\n|move|p1a: Iron Jugulis|Dark Pulse|p2a: Oranguru\n|-supereffective|p2a: Oranguru\n|-damage|p2a: Oranguru|111/315\n|move|p2a: Oranguru|Thunderbolt|p1a: Iron Jugulis\n|-supereffective|p1a: Iron Jugulis\n|-damage|p1a: Iron Jugulis|105/271\n|\n|-heal|p2a: Oranguru|130/315|[from] item: Leftovers\n|upkeep\n|turn|4\n|\n|t:|1781463289\n|switch|p2a: Houndoom|Houndoom, L87, F|272/272\n|move|p1a: Iron Jugulis|Dark Pulse|p2a: Houndoom\n|-resisted|p2a: Houndoom\n|-damage|p2a: Houndoom|229/272\n|\n|upkeep\n|turn|5\n|\n|t:|1781463295\n|move|p2a: Houndoom|Fire Blast|p1a: Iron Jugulis\n|-damage|p1a: Iron Jugulis|0 fnt\n|faint|p1a: Iron Jugulis\n|-end|p1a: Iron Jugulis|Quark Drive|[silent]\n|\n|upkeep\n|\n|t:|1781463299\n|switch|p1a: Gurdurr|Gurdurr, L85, M|283/283\n|turn|6\n|\n|t:|1781463303\n|move|p2a: Houndoom|Fire Blast|p1a: Gurdurr\n|-damage|p1a: Gurdurr|144/283\n|move|p1a: Gurdurr|Knock Off|p2a: Houndoom\n|-resisted|p2a: Houndoom\n|-damage|p2a: Houndoom|176/272\n|-enditem|p2a: Houndoom|Heavy-Duty Boots|[from] move: Knock Off|[of] p1a: Gurdurr\n|\n|upkeep\n|turn|7\n|\n|t:|1781463311\n|move|p2a: Houndoom|Fire Blast|p1a: Gurdurr|[miss]\n|-miss|p2a: Houndoom|p1a: Gurdurr\n|move|p1a: Gurdurr|Drain Punch|p2a: Houndoom\n|-supereffective|p2a: Houndoom\n|-damage|p2a: Houndoom|0 fnt\n|-heal|p1a: Gurdurr|232/283|[from] drain|[of] p2a: Houndoom\n|faint|p2a: Houndoom\n|\n|upkeep\n|\n|t:|1781463315\n|switch|p2a: Oranguru|Oranguru, L92, M|130/315\n|turn|8\n|\n|t:|1781463319\n|switch|p1a: Iron Crown|Iron Crown, L78|268/268\n|move|p2a: Oranguru|Psyshock|p1a: Iron Crown\n|-resisted|p1a: Iron Crown\n|-damage|p1a: Iron Crown|246/268\n|\n|-heal|p1a: Iron Crown|262/268|[from] item: Leftovers\n|-heal|p2a: Oranguru|149/315|[from] item: Leftovers\n|upkeep\n|turn|9\n|\n|t:|1781463330\n|move|p1a: Iron Crown|Calm Mind|p1a: Iron Crown\n|-boost|p1a: Iron Crown|spa|1\n|-boost|p1a: Iron Crown|spd|1\n|move|p2a: Oranguru|Focus Blast|p1a: Iron Crown\n|-damage|p1a: Iron Crown|202/268\n|\n|-heal|p1a: Iron Crown|218/268|[from] item: Leftovers\n|-heal|p2a: Oranguru|168/315|[from] item: Leftovers\n|upkeep\n|turn|10\n|\n|t:|1781463344\n|move|p1a: Iron Crown|Calm Mind|p1a: Iron Crown\n|-boost|p1a: Iron Crown|spa|1\n|-boost|p1a: Iron Crown|spd|1\n|move|p2a: Oranguru|Nasty Plot|p2a: Oranguru\n|-boost|p2a: Oranguru|spa|2\n|\n|-heal|p1a: Iron Crown|234/268|[from] item: Leftovers\n|-heal|p2a: Oranguru|187/315|[from] item: Leftovers\n|upkeep\n|turn|11\n|\n|t:|1781463349\n|move|p1a: Iron Crown|Tachyon Cutter|p2a: Oranguru\n|-damage|p2a: Oranguru|103/315\n|-damage|p2a: Oranguru|24/315\n|-hitcount|p2a: Oranguru|2\n|move|p2a: Oranguru|Nasty Plot|p2a: Oranguru\n|-boost|p2a: Oranguru|spa|2\n|\n|-heal|p1a: Iron Crown|250/268|[from] item: Leftovers\n|-heal|p2a: Oranguru|43/315|[from] item: Leftovers\n|upkeep\n|turn|12\n|\n|t:|1781463357\n|move|p1a: Iron Crown|Tachyon Cutter|p2a: Oranguru\n|-damage|p2a: Oranguru|0 fnt\n|faint|p2a: Oranguru\n|-hitcount|p2: Oranguru|1\n|\n|-heal|p1a: Iron Crown|266/268|[from] item: Leftovers\n|upkeep\n|\n|t:|1781463360\n|switch|p2a: Polteageist|Polteageist-Antique, L78|222/222\n|turn|13\n|\n|t:|1781463366\n|move|p1a: Iron Crown|Calm Mind|p1a: Iron Crown\n|-boost|p1a: Iron Crown|spa|1\n|-boost|p1a: Iron Crown|spd|1\n|move|p2a: Polteageist|Shell Smash|p2a: Polteageist\n|-unboost|p2a: Polteageist|def|1\n|-unboost|p2a: Polteageist|spd|1\n|-boost|p2a: Polteageist|atk|2\n|-boost|p2a: Polteageist|spa|2\n|-boost|p2a: Polteageist|spe|2\n|-enditem|p2a: Polteageist|White Herb\n|-clearnegativeboost|p2a: Polteageist|[silent]\n|\n|-heal|p1a: Iron Crown|268/268|[from] item: Leftovers\n|upkeep\n|turn|14\n|\n|t:|1781463369\n|move|p2a: Polteageist|Shadow Ball|p1a: Iron Crown\n|-supereffective|p1a: Iron Crown\n|-damage|p1a: Iron Crown|124/268\n|move|p1a: Iron Crown|Psyshock|p2a: Polteageist\n|-damage|p2a: Polteageist|0 fnt\n|faint|p2a: Polteageist\n|\n|-heal|p1a: Iron Crown|140/268|[from] item: Leftovers\n|upkeep\n|\n|t:|1781463376\n|switch|p2a: Urshifu|Urshifu-Rapid-Strike, L75, M|274/274\n|turn|15\n|\n|t:|1781463388\n|-terastallize|p2a: Urshifu|Water\n|move|p2a: Urshifu|Aqua Jet|p1a: Iron Crown\n|-damage|p1a: Iron Crown|62/268\n|move|p1a: Iron Crown|Psyshock|p2a: Urshifu\n|-damage|p2a: Urshifu|63/274\n|\n|-heal|p1a: Iron Crown|78/268|[from] item: Leftovers\n|upkeep\n|turn|16\n|\n|t:|1781463395\n|move|p2a: Urshifu|Aqua Jet|p1a: Iron Crown\n|-damage|p1a: Iron Crown|0 fnt\n|faint|p1a: Iron Crown\n|-end|p1a: Iron Crown|Quark Drive|[silent]\n|\n|upkeep\n|\n|t:|1781463397\n|switch|p1a: Walking Wake|Walking Wake, L79|286/286\n|turn|17\n|\n|t:|1781463401\n|switch|p2a: Glimmora|Glimmora, L75, M|104/248\n|move|p1a: Walking Wake|Sunny Day|p1a: Walking Wake\n|-weather|SunnyDay\n|-activate|p1a: Walking Wake|ability: Protosynthesis\n|-start|p1a: Walking Wake|protosynthesisspa\n|\n|-weather|SunnyDay|[upkeep]\n|upkeep\n|turn|18\n|\n|t:|1781463407\n|move|p1a: Walking Wake|Hydro Steam|p2a: Glimmora\n|-supereffective|p2a: Glimmora\n|-damage|p2a: Glimmora|0 fnt\n|faint|p2a: Glimmora\n|-damage|p1a: Walking Wake|258/286|[from] item: Life Orb\n|\n|-weather|SunnyDay|[upkeep]\n|upkeep\n|\n|t:|1781463409\n|switch|p2a: Lugia|Lugia, L73|275/275\n|turn|19\n|\n|t:|1781463413\n|-end|p1a: Walking Wake|Protosynthesis|[silent]\n|switch|p1a: Typhlosion|Typhlosion, L84, F|267/267\n|move|p2a: Lugia|Calm Mind|p2a: Lugia\n|-boost|p2a: Lugia|spa|1\n|-boost|p2a: Lugia|spd|1\n|\n|-weather|SunnyDay|[upkeep]\n|upkeep\n|turn|20\n|\n|t:|1781463420\n|move|p1a: Typhlosion|Eruption|p2a: Lugia\n|-damage|p2a: Lugia|212/275\n|move|p2a: Lugia|Aeroblast|p1a: Typhlosion\n|-damage|p1a: Typhlosion|153/267\n|\n|-weather|SunnyDay|[upkeep]\n|upkeep\n|turn|21\n|\n|t:|1781463424\n|switch|p1a: Gurdurr|Gurdurr, L85, M|232/283\n|move|p2a: Lugia|Calm Mind|p2a: Lugia\n|-boost|p2a: Lugia|spa|1\n|-boost|p2a: Lugia|spd|1\n|\n|-weather|none\n|upkeep\n|turn|22\n|\n|t:|1781463431\n|-terastallize|p1a: Gurdurr|Steel\n|move|p2a: Lugia|Recover|p2a: Lugia\n|-heal|p2a: Lugia|275/275\n|move|p1a: Gurdurr|Bulk Up|p1a: Gurdurr\n|-boost|p1a: Gurdurr|atk|1\n|-boost|p1a: Gurdurr|def|1\n|\n|upkeep\n|turn|23\n|\n|t:|1781463436\n|move|p2a: Lugia|Aeroblast|p1a: Gurdurr\n|-resisted|p1a: Gurdurr\n|-damage|p1a: Gurdurr|163/283\n|move|p1a: Gurdurr|Knock Off|p2a: Lugia\n|-supereffective|p2a: Lugia\n|-damage|p2a: Lugia|173/275\n|-enditem|p2a: Lugia|Heavy-Duty Boots|[from] move: Knock Off|[of] p1a: Gurdurr\n|\n|upkeep\n|turn|24\n|\n|t:|1781463444\n|move|p2a: Lugia|Psychic Noise|p1a: Gurdurr\n|-resisted|p1a: Gurdurr\n|-damage|p1a: Gurdurr|105/283\n|-start|p1a: Gurdurr|move: Heal Block\n|move|p1a: Gurdurr|Knock Off|p2a: Lugia\n|-supereffective|p2a: Lugia\n|-damage|p2a: Lugia|41/275\n|\n|upkeep\n|turn|25\n|\n|t:|1781463451\n|move|p2a: Lugia|Recover|p2a: Lugia\n|-heal|p2a: Lugia|179/275\n|move|p1a: Gurdurr|Knock Off|p2a: Lugia\n|-supereffective|p2a: Lugia\n|-damage|p2a: Lugia|45/275\n|\n|-end|p1a: Gurdurr|move: Heal Block\n|upkeep\n|turn|26\n|\n|t:|1781463458\n|move|p2a: Lugia|Recover|p2a: Lugia\n|-heal|p2a: Lugia|183/275\n|move|p1a: Gurdurr|Knock Off|p2a: Lugia\n|-supereffective|p2a: Lugia\n|-damage|p2a: Lugia|53/275\n|\n|upkeep\n|turn|27\n|\n|t:|1781463461\n|move|p2a: Lugia|Aeroblast|p1a: Gurdurr\n|-resisted|p1a: Gurdurr\n|-crit|p1a: Gurdurr\n|-damage|p1a: Gurdurr|0 fnt\n|faint|p1a: Gurdurr\n|\n|upkeep\n|\n|t:|1781463464\n|switch|p1a: Walking Wake|Walking Wake, L79|258/286\n|turn|28\n|\n|t:|1781463467\n|move|p1a: Walking Wake|Draco Meteor|p2a: Lugia\n|-damage|p2a: Lugia|0 fnt\n|-unboost|p1a: Walking Wake|spa|2\n|faint|p2a: Lugia\n|-damage|p1a: Walking Wake|230/286|[from] item: Life Orb\n|\n|upkeep\n|-message|randomdude8876 forfeited.\n|\n|win|Zabalilla\n", "inputlog": ">version a8376a258c1d4662feba110a92103f3664a72141\n>start {\"formatid\":\"gen9randombattle\",\"seed\":\"sodium,1f0d14c910588c383ae906b7f21c75a2\",\"rated\":\"Rated battle\"}\n>player p1 {\"name\":\"Zabalilla\",\"avatar\":\"101\",\"rating\":1934,\"seed\":\"sodium,6e3d1e8c54c5d75ef1a1e4866c528786\"}\n>player p2 {\"name\":\"randomdude8876\",\"avatar\":\"hiker-gen4\",\"rating\":1909,\"seed\":\"sodium,02617ad9f6368f648da46cb533c59f3d\"}\n>p1 move thunderbolt\n>p2 move sludgewave\n>p1 move thunderbolt\n>p2 switch 3\n>p1 switch 3\n>p1 move darkpulse\n>p2 move thunderbolt\n>p1 move darkpulse\n>p2 switch 6\n>p1 move meteorbeam\n>p2 move fireblast\n>p1 switch 5\n>p1 move knockoff\n>p2 move fireblast\n>p1 move drainpunch\n>p2 move fireblast\n>p2 switch 6\n>p1 switch 4\n>p2 move psyshock\n>p1 move calmmind\n>p2 move focusblast\n>p1 move calmmind\n>p2 move nastyplot\n>p1 move tachyoncutter\n>p2 move nastyplot\n>p1 move tachyoncutter\n>p2 move focusblast\n>p2 switch 5\n>p1 move calmmind\n>p2 move shellsmash\n>p1 move psyshock\n>p2 move shadowball\n>p2 switch 2\n>p1 move psyshock\n>p2 move aquajet terastallize\n>p1 move psyshock\n>p2 move aquajet\n>p1 switch 2\n>p1 move sunnyday\n>p2 switch 3\n>p1 move hydrosteam\n>p2 move sludgewave\n>p2 switch 4\n>p1 switch 6\n>p2 move calmmind\n>p1 move eruption\n>p2 move aeroblast\n>p1 switch 4\n>p2 move calmmind\n>p1 move bulkup terastallize\n>p2 move recover\n>p1 move knockoff\n>p2 move aeroblast\n>p1 move knockoff\n>p2 move psychicnoise\n>p1 move knockoff\n>p2 move recover\n>p1 move knockoff\n>p2 move recover\n>p1 move knockoff\n>p2 move aeroblast\n>p1 switch 6\n>p1 move dracometeor\n>p2 move recover\n>forcelose p2", "uploadtime": 1781463243, "views": 5, "formatid": "gen9randombattle", "rating": null, "private": 0, "password": null}