{"id": "gen9randombattle-2631956669", "format": "[Gen 9] Random Battle", "players": ["hot limon", "Ze Memerr"], "log": "|j|\u2606hot limon\n|j|\u2606Ze Memerr\n|t:|1781459751\n|gametype|singles\n|player|p1|hot limon|2|1927\n|player|p2|Ze Memerr|101|1922\n|gen|9\n|tier|[Gen 9] Random Battle\n|rated|\n|rule|Species Clause: Limit one of each Pok\u00e9mon\n|rule|HP Percentage Mod: HP is shown in percentages\n|rule|Sleep Clause Mod: Limit one foe put to sleep\n|rule|Illusion Level Mod: Illusion disguises the Pok\u00e9mon's true level\n|\n|t:|1781459751\n|teamsize|p1|6\n|teamsize|p2|6\n|start\n|switch|p1a: Pecharunt|Pecharunt, L77|262/262\n|switch|p2a: Copperajah|Copperajah, L86, F|350/350\n|turn|1\n|inactive|Battle timer is ON: inactive players will automatically lose when time's up. (requested by hot limon)\n|\n|t:|1781459763\n|move|p1a: Pecharunt|Nasty Plot|p1a: Pecharunt\n|-boost|p1a: Pecharunt|spa|2\n|move|p2a: Copperajah|Heavy Slam|p1a: Pecharunt\n|-damage|p1a: Pecharunt|82/262\n|\n|-heal|p1a: Pecharunt|98/262|[from] item: Leftovers\n|upkeep\n|turn|2\n|\n|t:|1781459771\n|move|p1a: Pecharunt|Shadow Ball|p2a: Copperajah\n|-damage|p2a: Copperajah|196/350\n|-unboost|p2a: Copperajah|spd|1\n|move|p2a: Copperajah|Heavy Slam|p1a: Pecharunt\n|-damage|p1a: Pecharunt|0 fnt\n|faint|p1a: Pecharunt\n|\n|upkeep\n|\n|t:|1781459776\n|switch|p1a: Ceruledge|Ceruledge, L78, F|245/245\n|turn|3\n|\n|t:|1781459793\n|switch|p2a: Crawdaunt|Crawdaunt, L84, F|243/243\n|move|p1a: Ceruledge|Swords Dance|p1a: Ceruledge\n|-boost|p1a: Ceruledge|atk|2\n|\n|upkeep\n|turn|4\n|\n|t:|1781459809\n|move|p2a: Crawdaunt|Aqua Jet|p1a: Ceruledge\n|-supereffective|p1a: Ceruledge\n|-damage|p1a: Ceruledge|42/245\n|-ability|p1a: Ceruledge|Weak Armor|boost\n|-unboost|p1a: Ceruledge|def|1\n|-boost|p1a: Ceruledge|spe|2\n|-damage|p2a: Crawdaunt|219/243|[from] item: Life Orb\n|move|p1a: Ceruledge|Close Combat|p2a: Crawdaunt\n|-supereffective|p2a: Crawdaunt\n|-damage|p2a: Crawdaunt|0 fnt\n|-unboost|p1a: Ceruledge|def|1\n|-unboost|p1a: Ceruledge|spd|1\n|faint|p2a: Crawdaunt\n|\n|upkeep\n|\n|t:|1781459818\n|switch|p2a: Banette|Banette, L93, F|270/270\n|turn|5\n|inactive|hot limon has 120 seconds left.\n|l|\u2606hot limon\n|inactive|hot limon disconnected and has a minute to reconnect!\n|player|p1|\n|inactive|hot limon has 30 seconds to reconnect!\n|j|\u2606hot limon\n|inactive|hot limon reconnected and has 85 seconds left.\n|player|p1|hot limon|2|\n|\n|t:|1781459885\n|switch|p1a: Darkrai|Darkrai, L77|234/234\n|move|p2a: Banette|Shadow Sneak|p1a: Darkrai\n|-resisted|p1a: Darkrai\n|-damage|p1a: Darkrai|190/234\n|-damage|p2a: Banette|243/270|[from] item: Life Orb\n|\n|upkeep\n|turn|6\n|inactive|hot limon has 90 seconds left.\n|\n|t:|1781459896\n|switch|p2a: Glastrier|Glastrier, L86|312/312\n|move|p1a: Darkrai|Dark Pulse|p2a: Glastrier\n|-damage|p2a: Glastrier|203/312\n|-damage|p1a: Darkrai|167/234|[from] item: Life Orb\n|\n|upkeep\n|turn|7\n|inactive|hot limon has 90 seconds left.\n|\n|t:|1781459906\n|move|p1a: Darkrai|Hypnosis|p2a: Glastrier\n|-status|p2a: Glastrier|slp|[from] move: Hypnosis\n|cant|p2a: Glastrier|slp\n|\n|-damage|p2a: Glastrier|164/312 slp|[from] ability: Bad Dreams|[of] p1a: Darkrai\n|upkeep\n|turn|8\n|\n|t:|1781459917\n|switch|p2a: Blastoise|Blastoise, L80, M|258/258\n|move|p1a: Darkrai|Nasty Plot|p1a: Darkrai\n|-boost|p1a: Darkrai|spa|2\n|\n|upkeep\n|turn|9\n|inactive|hot limon has 90 seconds left.\n|inactive|hot limon has 60 seconds left.\n|inactive|hot limon has 30 seconds left.\n|inactive|hot limon has 20 seconds left.\n|inactive|hot limon has 15 seconds left.\n|inactive|hot limon has 10 seconds left.\n|inactive|hot limon has 5 seconds left.\n|-message|hot limon lost due to inactivity.\n|\n|win|Ze Memerr\n", "uploadtime": 1781459752, "views": 4, "formatid": "gen9randombattle", "rating": null, "private": 0, "password": null}