{"id": "gen9randombattle-2631627125", "format": "[Gen 9] Random Battle", "players": ["lalo's pollos", "arts5278"], "log": "|j|\u2606lalo's pollos\n|j|\u2606arts5278\n|t:|1781411072\n|gametype|singles\n|player|p1|lalo's pollos|1|1958\n|player|p2|arts5278|2|1995\n|gen|9\n|tier|[Gen 9] Random Battle\n|rated|\n|rule|Species Clause: Limit one of each Pok\u00e9mon\n|rule|HP Percentage Mod: HP is shown in percentages\n|rule|Sleep Clause Mod: Limit one foe put to sleep\n|rule|Illusion Level Mod: Illusion disguises the Pok\u00e9mon's true level\n|\n|t:|1781411072\n|teamsize|p1|6\n|teamsize|p2|6\n|start\n|switch|p1a: Hypno|Hypno, L95, F|315/315\n|switch|p2a: Deoxys|Deoxys-Speed, L82|216/216\n|-ability|p2a: Deoxys|Pressure\n|turn|1\n|j| xiaozenguu\n|inactive|Battle timer is ON: inactive players will automatically lose when time's up. (requested by arts5278)\n|\n|t:|1781411126\n|switch|p2a: Kingambit|Kingambit, L74, M|270/270\n|move|p1a: Hypno|Toxic|p2a: Kingambit|[miss]\n|-miss|p1a: Hypno|p2a: Kingambit\n|\n|upkeep\n|turn|2\n|\n|t:|1781411132\n|move|p1a: Hypno|Focus Blast|p2a: Kingambit\n|-supereffective|p2a: Kingambit\n|-crit|p2a: Kingambit\n|-damage|p2a: Kingambit|0 fnt\n|faint|p2a: Kingambit\n|-end|p2a: Kingambit|fallenundefined|[silent]\n|\n|upkeep\n|\n|t:|1781411138\n|switch|p2a: Illumise|Illumise, L91, F|266/266\n|turn|3\n|\n|t:|1781411150\n|move|p2a: Illumise|Encore|p1a: Hypno\n|-start|p1a: Hypno|Encore\n|move|p1a: Hypno|Focus Blast|p2a: Illumise\n|-resisted|p2a: Illumise\n|-damage|p2a: Illumise|222/266\n|\n|upkeep\n|turn|4\n|\n|t:|1781411155\n|switch|p1a: Eelektross|Eelektross, L87, F|290/290\n|move|p2a: Illumise|Thunder Wave|p1a: Eelektross\n|-immune|p1a: Eelektross\n|\n|upkeep\n|turn|5\n|\n|t:|1781411158\n|switch|p2a: Donphan|Donphan, L84, M|288/288\n|move|p1a: Eelektross|U-turn|p2a: Donphan\n|-damage|p2a: Donphan|243/288\n|\n|t:|1781411166\n|switch|p1a: Frosmoth|Frosmoth, L82, M|249/249|[from] U-turn\n|\n|upkeep\n|turn|6\n|\n|t:|1781411171\n|switch|p2a: Tinkaton|Tinkaton, L82, F|274/274\n|-ability|p2a: Tinkaton|Mold Breaker\n|move|p1a: Frosmoth|Quiver Dance|p1a: Frosmoth\n|-boost|p1a: Frosmoth|spa|1\n|-boost|p1a: Frosmoth|spd|1\n|-boost|p1a: Frosmoth|spe|1\n|\n|upkeep\n|turn|7\n|\n|t:|1781411186\n|-terastallize|p1a: Frosmoth|Ground\n|move|p1a: Frosmoth|Quiver Dance|p1a: Frosmoth\n|-boost|p1a: Frosmoth|spa|1\n|-boost|p1a: Frosmoth|spd|1\n|-boost|p1a: Frosmoth|spe|1\n|move|p2a: Tinkaton|Gigaton Hammer|p1a: Frosmoth\n|-damage|p1a: Frosmoth|74/249\n|\n|upkeep\n|turn|8\n|\n|t:|1781411199\n|move|p1a: Frosmoth|Tera Blast|p2a: Tinkaton|[anim] Tera Blast Ground\n|-supereffective|p2a: Tinkaton\n|-damage|p2a: Tinkaton|0 fnt\n|faint|p2a: Tinkaton\n|\n|upkeep\n|\n|t:|1781411201\n|switch|p2a: Illumise|Illumise, L91, F|222/266\n|turn|9\n|\n|t:|1781411205\n|move|p2a: Illumise|Encore|p1a: Frosmoth\n|-start|p1a: Frosmoth|Encore\n|move|p1a: Frosmoth|Tera Blast|p2a: Illumise|[anim] Tera Blast Ground\n|-resisted|p2a: Illumise\n|-damage|p2a: Illumise|126/266\n|\n|upkeep\n|turn|10\n|\n|t:|1781411212\n|move|p2a: Illumise|Roost|p2a: Illumise\n|-heal|p2a: Illumise|259/266\n|-singleturn|p2a: Illumise|move: Roost\n|move|p1a: Frosmoth|Tera Blast|p2a: Illumise|[anim] Tera Blast Ground\n|-resisted|p2a: Illumise\n|-damage|p2a: Illumise|166/266\n|\n|upkeep\n|turn|11\n|\n|t:|1781411217\n|switch|p1a: Hypno|Hypno, L95, F|315/315\n|move|p2a: Illumise|Bug Buzz|p1a: Hypno\n|-supereffective|p1a: Hypno\n|-damage|p1a: Hypno|177/315\n|-unboost|p1a: Hypno|spd|1\n|\n|-heal|p1a: Hypno|196/315|[from] item: Leftovers\n|upkeep\n|turn|12\n|\n|t:|1781411220\n|move|p2a: Illumise|Bug Buzz|p1a: Hypno\n|-supereffective|p1a: Hypno\n|-damage|p1a: Hypno|14/315\n|move|p1a: Hypno|Toxic|p2a: Illumise\n|-status|p2a: Illumise|tox\n|\n|-heal|p1a: Hypno|33/315|[from] item: Leftovers\n|-damage|p2a: Illumise|150/266 tox|[from] psn\n|upkeep\n|turn|13\n|\n|t:|1781411226\n|move|p1a: Hypno|Protect|p1a: Hypno\n|-singleturn|p1a: Hypno|Protect\n|move|p2a: Illumise|Roost|p2a: Illumise\n|-heal|p2a: Illumise|266/266 tox\n|-singleturn|p2a: Illumise|move: Roost\n|\n|-heal|p1a: Hypno|52/315|[from] item: Leftovers\n|-damage|p2a: Illumise|234/266 tox|[from] psn\n|upkeep\n|turn|14\n|\n|t:|1781411230\n|move|p2a: Illumise|Bug Buzz|p1a: Hypno\n|-supereffective|p1a: Hypno\n|-damage|p1a: Hypno|0 fnt\n|faint|p1a: Hypno\n|\n|-damage|p2a: Illumise|186/266 tox|[from] psn\n|upkeep\n|\n|t:|1781411237\n|switch|p1a: Eelektross|Eelektross, L87, F|290/290\n|turn|15\n|\n|t:|1781411244\n|switch|p2a: Donphan|Donphan, L84, M|243/288\n|move|p1a: Eelektross|Flamethrower|p2a: Donphan\n|-damage|p2a: Donphan|175/288\n|\n|upkeep\n|turn|16\n|\n|t:|1781411247\n|move|p1a: Eelektross|Flamethrower|p2a: Donphan\n|-damage|p2a: Donphan|109/288\n|move|p2a: Donphan|Knock Off|p1a: Eelektross\n|-damage|p1a: Eelektross|208/290\n|-enditem|p1a: Eelektross|Assault Vest|[from] move: Knock Off|[of] p2a: Donphan\n|\n|upkeep\n|turn|17\n|\n|t:|1781411256\n|move|p1a: Eelektross|Flamethrower|p2a: Donphan\n|-damage|p2a: Donphan|46/288\n|move|p2a: Donphan|Rapid Spin|p1a: Eelektross\n|-damage|p1a: Eelektross|164/290\n|-boost|p2a: Donphan|spe|1\n|\n|upkeep\n|turn|18\n|\n|t:|1781411261\n|move|p2a: Donphan|Knock Off|p1a: Eelektross\n|-damage|p1a: Eelektross|107/290\n|move|p1a: Eelektross|Flamethrower|p2a: Donphan\n|-damage|p2a: Donphan|0 fnt\n|faint|p2a: Donphan\n|\n|upkeep\n|\n|t:|1781411265\n|switch|p2a: Deoxys|Deoxys-Speed, L82|216/216\n|-ability|p2a: Deoxys|Pressure\n|turn|19\n|\n|t:|1781411269\n|move|p2a: Deoxys|Nasty Plot|p2a: Deoxys\n|-boost|p2a: Deoxys|spa|2\n|move|p1a: Eelektross|Discharge|p2a: Deoxys\n|-damage|p2a: Deoxys|128/216\n|\n|upkeep\n|turn|20\n|\n|t:|1781411276\n|move|p2a: Deoxys|Dark Pulse|p1a: Eelektross\n|-damage|p1a: Eelektross|0 fnt\n|faint|p1a: Eelektross\n|-damage|p2a: Deoxys|107/216|[from] item: Life Orb\n|\n|upkeep\n|\n|t:|1781411281\n|switch|p1a: Regirock|Regirock, L83|268/268\n|turn|21\n|\n|t:|1781411289\n|move|p2a: Deoxys|Focus Blast|p1a: Regirock\n|-supereffective|p1a: Regirock\n|-damage|p1a: Regirock|0 fnt\n|faint|p1a: Regirock\n|-damage|p2a: Deoxys|86/216|[from] item: Life Orb\n|\n|upkeep\n|\n|t:|1781411298\n|switch|p1a: Weavile|Weavile, L79, M|240/240\n|turn|22\n|\n|t:|1781411303\n|move|p1a: Weavile|Ice Shard|p2a: Deoxys\n|-damage|p2a: Deoxys|38/216\n|move|p2a: Deoxys|Focus Blast|p1a: Weavile|[miss]\n|-miss|p2a: Deoxys|p1a: Weavile\n|\n|upkeep\n|turn|23\n|\n|t:|1781411307\n|move|p1a: Weavile|Ice Shard|p2a: Deoxys\n|-damage|p2a: Deoxys|0 fnt\n|faint|p2a: Deoxys\n|\n|upkeep\n|\n|t:|1781411311\n|switch|p2a: Dudunsparce|Dudunsparce-Three-Segment, L83, F|343/343\n|turn|24\n|\n|t:|1781411317\n|switch|p1a: Virizion|Virizion, L82|283/283\n|move|p2a: Dudunsparce|Toxic|p1a: Virizion\n|-status|p1a: Virizion|tox\n|\n|-damage|p1a: Virizion|266/283 tox|[from] psn\n|upkeep\n|turn|25\n|\n|t:|1781411320\n|switch|p2a: Illumise|Illumise, L91, F|186/266 tox\n|move|p1a: Virizion|Swords Dance|p1a: Virizion\n|-boost|p1a: Virizion|atk|2\n|\n|-damage|p1a: Virizion|232/283 tox|[from] psn\n|-damage|p2a: Illumise|170/266 tox|[from] psn\n|upkeep\n|turn|26\n|\n|t:|1781411325\n|switch|p1a: Frosmoth|Frosmoth, L82, M, tera:Ground|74/249\n|move|p2a: Illumise|Bug Buzz|p1a: Frosmoth\n|-damage|p1a: Frosmoth|28/249\n|\n|-damage|p2a: Illumise|138/266 tox|[from] psn\n|upkeep\n|turn|27\n|\n|t:|1781411331\n|move|p2a: Illumise|Bug Buzz|p1a: Frosmoth\n|-damage|p1a: Frosmoth|0 fnt\n|faint|p1a: Frosmoth\n|\n|-damage|p2a: Illumise|90/266 tox|[from] psn\n|upkeep\n|\n|t:|1781411336\n|switch|p1a: Weavile|Weavile, L79, M|240/240\n|turn|28\n|\n|t:|1781411341\n|move|p1a: Weavile|Knock Off|p2a: Illumise\n|-damage|p2a: Illumise|0 fnt\n|-enditem|p2a: Illumise|Heavy-Duty Boots|[from] move: Knock Off|[of] p1a: Weavile\n|faint|p2a: Illumise\n|\n|upkeep\n|\n|t:|1781411343\n|switch|p2a: Dudunsparce|Dudunsparce-Three-Segment, L83, F|343/343\n|turn|29\n|\n|t:|1781411348\n|switch|p1a: Virizion|Virizion, L82|232/283 tox\n|move|p2a: Dudunsparce|Boomburst|p1a: Virizion\n|-damage|p1a: Virizion|123/283 tox\n|\n|-damage|p1a: Virizion|106/283 tox|[from] psn\n|upkeep\n|turn|30\n|\n|t:|1781411362\n|-terastallize|p2a: Dudunsparce|Ghost\n|move|p1a: Virizion|Close Combat|p2a: Dudunsparce\n|-immune|p2a: Dudunsparce\n|move|p2a: Dudunsparce|Boomburst|p1a: Virizion\n|-damage|p1a: Virizion|10/283 tox\n|\n|-damage|p1a: Virizion|0 fnt|[from] psn\n|faint|p1a: Virizion\n|upkeep\n|\n|t:|1781411365\n|switch|p1a: Weavile|Weavile, L79, M|240/240\n|turn|31\n|\n|t:|1781411370\n|move|p1a: Weavile|Swords Dance|p1a: Weavile\n|-boost|p1a: Weavile|atk|2\n|move|p2a: Dudunsparce|Boomburst|p1a: Weavile\n|-damage|p1a: Weavile|105/240\n|\n|upkeep\n|turn|32\n|\n|t:|1781411373\n|move|p1a: Weavile|Knock Off|p2a: Dudunsparce\n|-supereffective|p2a: Dudunsparce\n|-damage|p2a: Dudunsparce|0 fnt\n|-enditem|p2a: Dudunsparce|Leftovers|[from] move: Knock Off|[of] p1a: Weavile\n|faint|p2a: Dudunsparce\n|\n|win|lalo's pollos\n", "inputlog": ">version a8376a258c1d4662feba110a92103f3664a72141\n>start {\"formatid\":\"gen9randombattle\",\"seed\":\"sodium,e6c0ec427f4021ba7f3d10704c58b073\",\"rated\":\"Rated battle\"}\n>player p1 {\"name\":\"lalo's pollos\",\"avatar\":\"1\",\"rating\":1958,\"seed\":\"sodium,304fc457093f322150ad3b5046b51563\"}\n>player p2 {\"name\":\"arts5278\",\"avatar\":\"2\",\"rating\":1995,\"seed\":\"sodium,29475cb02997a18ed4b6bfa752df7132\"}\n>p1 move toxic\n>p2 switch 6\n>p1 move focusblast\n>p2 move ironhead\n>p2 switch 2\n>p1 move toxic\n>p2 move encore\n>p1 switch 5\n>p2 move thunderwave\n>p1 move uturn\n>p2 switch 4\n>p1 switch 3\n>p1 move quiverdance\n>p2 switch 5\n>p1 move quiverdance terastallize\n>p2 move gigatonhammer\n>p1 move terablast\n>p2 move playrough\n>p2 switch 4\n>p1 move bugbuzz\n>p2 move encore\n>p1 move terablast\n>p2 move roost\n>p1 switch 5\n>p2 move bugbuzz\n>p1 move toxic\n>p2 move bugbuzz\n>p1 move protect\n>p2 move roost\n>p1 move psychicnoise\n>p2 move bugbuzz\n>p1 switch 3\n>p1 move flamethrower\n>p2 switch 5\n>p1 move flamethrower\n>p2 move knockoff\n>p1 move flamethrower\n>p2 move rapidspin\n>p1 move flamethrower\n>p2 move knockoff\n>p2 switch 6\n>p1 move discharge\n>p2 move nastyplot\n>p1 move dragontail\n>p2 move darkpulse\n>p1 switch 6\n>p1 move thunderwave\n>p2 move focusblast\n>p1 switch 2\n>p1 move iceshard\n>p2 move focusblast\n>p1 move iceshard\n>p2 move focusblast\n>p2 switch 3\n>p1 switch 4\n>p2 move toxic\n>p1 move swordsdance\n>p2 switch 5\n>p1 switch 5\n>p2 move bugbuzz\n>p1 move bugbuzz\n>p2 move bugbuzz\n>p1 switch 4\n>p1 move knockoff\n>p2 move bugbuzz\n>p2 switch 5\n>p1 switch 5\n>p2 move boomburst\n>p1 move closecombat\n>p2 move boomburst terastallize\n>p1 switch 5\n>p1 move swordsdance\n>p2 move boomburst\n>p1 move knockoff\n>p2 move boomburst", "uploadtime": 1781411074, "views": 6, "formatid": "gen9randombattle", "rating": null, "private": 0, "password": null}