{"id": "gen9randombattle-2631956719", "format": "[Gen 9] Random Battle", "players": ["lanchinho10", "wlsnndclosmdlcodo"], "log": "|j|\u2606lanchinho10\n|j|\u2606wlsnndclosmdlcodo\n|t:|1781459757\n|gametype|singles\n|player|p1|lanchinho10|steven|1083\n|player|p2|wlsnndclosmdlcodo|1|1079\n|gen|9\n|tier|[Gen 9] Random Battle\n|rated|\n|rule|Species Clause: Limit one of each Pok\u00e9mon\n|rule|HP Percentage Mod: HP is shown in percentages\n|rule|Sleep Clause Mod: Limit one foe put to sleep\n|rule|Illusion Level Mod: Illusion disguises the Pok\u00e9mon's true level\n|\n|t:|1781459757\n|teamsize|p1|6\n|teamsize|p2|6\n|start\n|switch|p1a: Vileplume|Vileplume, L85, M|266/266\n|switch|p2a: Diancie|Diancie, L82|216/216\n|turn|1\n|\n|t:|1781459780\n|move|p1a: Vileplume|Sleep Powder|p2a: Diancie\n|-status|p2a: Diancie|slp|[from] move: Sleep Powder\n|cant|p2a: Diancie|slp\n|\n|upkeep\n|turn|2\n|\n|t:|1781459789\n|move|p1a: Vileplume|Giga Drain|p2a: Diancie\n|-supereffective|p2a: Diancie\n|-damage|p2a: Diancie|84/216 slp\n|-curestatus|p2a: Diancie|slp|[msg]\n|move|p2a: Diancie|Diamond Storm|p1a: Vileplume\n|-damage|p1a: Vileplume|170/266\n|-boost|p2a: Diancie|def|2\n|\n|-heal|p1a: Vileplume|186/266|[from] item: Leftovers\n|-heal|p2a: Diancie|97/216|[from] item: Leftovers\n|upkeep\n|turn|3\n|\n|t:|1781459819\n|switch|p2a: Orthworm|Orthworm, L88, F|266/266\n|move|p1a: Vileplume|Giga Drain|p2a: Orthworm\n|-resisted|p2a: Orthworm\n|-damage|p2a: Orthworm|208/266\n|-heal|p1a: Vileplume|215/266|[from] drain|[of] p2a: Orthworm\n|\n|-heal|p2a: Orthworm|224/266|[from] item: Leftovers\n|-heal|p1a: Vileplume|231/266|[from] item: Leftovers\n|upkeep\n|turn|4\n|\n|t:|1781459855\n|switch|p1a: Cyclizar|Cyclizar, L83, F|252/252\n|move|p2a: Orthworm|Heavy Slam|p1a: Cyclizar\n|-damage|p1a: Cyclizar|120/252\n|\n|-heal|p2a: Orthworm|240/266|[from] item: Leftovers\n|upkeep\n|turn|5\n|\n|t:|1781459873\n|switch|p1a: Metagross|Metagross, L79|256/256\n|move|p2a: Orthworm|Body Press|p1a: Metagross\n|-damage|p1a: Metagross|192/256\n|\n|-heal|p2a: Orthworm|256/266|[from] item: Leftovers\n|upkeep\n|turn|6\n|\n|t:|1781459902\n|switch|p2a: Hoopa|Hoopa, L85|275/275\n|move|p1a: Metagross|Earthquake|p2a: Hoopa\n|-damage|p2a: Hoopa|165/275\n|\n|upkeep\n|turn|7\n|\n|t:|1781459915\n|switch|p1a: Cyclizar|Cyclizar, L83, F|204/252\n|move|p2a: Hoopa|Focus Blast|p1a: Cyclizar\n|-supereffective|p1a: Cyclizar\n|-damage|p1a: Cyclizar|0 fnt\n|faint|p1a: Cyclizar\n|-damage|p2a: Hoopa|138/275|[from] item: Life Orb\n|\n|upkeep\n|\n|t:|1781459924\n|switch|p1a: Metagross|Metagross, L79|192/256\n|turn|8\n|\n|t:|1781459927\n|move|p1a: Metagross|Knock Off|p2a: Hoopa\n|-supereffective|p2a: Hoopa\n|-damage|p2a: Hoopa|0 fnt\n|-enditem|p2a: Hoopa|Life Orb|[from] move: Knock Off|[of] p1a: Metagross\n|faint|p2a: Hoopa\n|\n|upkeep\n|\n|t:|1781459936\n|switch|p2a: Samurott|Samurott-Hisui, L77, F|265/265\n|turn|9\n|\n|t:|1781459954\n|switch|p1a: Scream Tail|Scream Tail, L84|330/330\n|move|p2a: Samurott|Ceaseless Edge|p1a: Scream Tail\n|-damage|p1a: Scream Tail|223/330\n|-sidestart|p1: lanchinho10|Spikes\n|-damage|p2a: Samurott|239/265|[from] item: Life Orb\n|\n|-heal|p1a: Scream Tail|243/330|[from] item: Leftovers\n|upkeep\n|turn|10\n|\n|t:|1781459969\n|switch|p2a: Iron Leaves|Iron Leaves, L80|275/275\n|move|p1a: Scream Tail|Dazzling Gleam|p2a: Iron Leaves\n|-crit|p2a: Iron Leaves\n|-damage|p2a: Iron Leaves|191/275\n|\n|-heal|p1a: Scream Tail|263/330|[from] item: Leftovers\n|upkeep\n|turn|11\n|\n|t:|1781459987\n|move|p1a: Scream Tail|Wish|p1a: Scream Tail\n|move|p2a: Iron Leaves|Swords Dance|p2a: Iron Leaves\n|-boost|p2a: Iron Leaves|atk|2\n|\n|-heal|p1a: Scream Tail|283/330|[from] item: Leftovers\n|upkeep\n|turn|12\n|\n|t:|1781459997\n|-end|p1a: Scream Tail|Protosynthesis|[silent]\n|switch|p1a: Vileplume|Vileplume, L85, M|231/266\n|-damage|p1a: Vileplume|198/266|[from] Spikes\n|move|p2a: Iron Leaves|Swords Dance|p2a: Iron Leaves\n|-boost|p2a: Iron Leaves|atk|2\n|\n|-heal|p1a: Vileplume|266/266|[from] move: Wish|[wisher] Scream Tail\n|upkeep\n|turn|13\n|\n|t:|1781460010\n|move|p2a: Iron Leaves|Psyblade|p1a: Vileplume\n|-supereffective|p1a: Vileplume\n|-damage|p1a: Vileplume|0 fnt\n|faint|p1a: Vileplume\n|-damage|p2a: Iron Leaves|164/275|[from] item: Life Orb\n|\n|upkeep\n|\n|t:|1781460028\n|switch|p1a: Glastrier|Glastrier, L86|311/311\n|-damage|p1a: Glastrier|273/311|[from] Spikes\n|turn|14\n|\n|t:|1781460039\n|move|p2a: Iron Leaves|Close Combat|p1a: Glastrier\n|-supereffective|p1a: Glastrier\n|-damage|p1a: Glastrier|0 fnt\n|-unboost|p2a: Iron Leaves|def|1\n|-unboost|p2a: Iron Leaves|spd|1\n|faint|p1a: Glastrier\n|-damage|p2a: Iron Leaves|137/275|[from] item: Life Orb\n|\n|upkeep\n|\n|t:|1781460051\n|switch|p1a: Metagross|Metagross, L79|192/256\n|-damage|p1a: Metagross|160/256|[from] Spikes\n|turn|15\n|\n|t:|1781460059\n|move|p1a: Metagross|Knock Off|p2a: Iron Leaves\n|-supereffective|p2a: Iron Leaves\n|-crit|p2a: Iron Leaves\n|-damage|p2a: Iron Leaves|0 fnt\n|-enditem|p2a: Iron Leaves|Life Orb|[from] move: Knock Off|[of] p1a: Metagross\n|faint|p2a: Iron Leaves\n|-end|p2a: Iron Leaves|Quark Drive|[silent]\n|\n|upkeep\n|\n|t:|1781460075\n|switch|p2a: Samurott|Samurott-Hisui, L77, F|239/265\n|turn|16\n|\n|t:|1781460085\n|switch|p1a: Scream Tail|Scream Tail, L84|283/330\n|-damage|p1a: Scream Tail|242/330|[from] Spikes\n|move|p2a: Samurott|Ceaseless Edge|p1a: Scream Tail\n|-damage|p1a: Scream Tail|139/330\n|-sidestart|p1: lanchinho10|Spikes\n|-damage|p2a: Samurott|213/265|[from] item: Life Orb\n|\n|-heal|p1a: Scream Tail|159/330|[from] item: Leftovers\n|upkeep\n|turn|17\n|\n|t:|1781460105\n|switch|p2a: Orthworm|Orthworm, L88, F|256/266\n|move|p1a: Scream Tail|Wish|p1a: Scream Tail\n|\n|-heal|p1a: Scream Tail|179/330|[from] item: Leftovers\n|-heal|p2a: Orthworm|266/266|[from] item: Leftovers\n|upkeep\n|turn|18\n|\n|t:|1781460120\n|-end|p1a: Scream Tail|Protosynthesis|[silent]\n|switch|p1a: Metagross|Metagross, L79|160/256\n|-damage|p1a: Metagross|118/256|[from] Spikes\n|move|p2a: Orthworm|Stealth Rock|p1a: Metagross\n|-sidestart|p1: lanchinho10|move: Stealth Rock\n|\n|-heal|p1a: Metagross|256/256|[from] move: Wish|[wisher] Scream Tail\n|upkeep\n|turn|19\n|\n|t:|1781460152\n|move|p1a: Metagross|Earthquake|p2a: Orthworm\n|-immune|p2a: Orthworm|[from] ability: Earth Eater\n|move|p2a: Orthworm|Shed Tail|p2a: Orthworm\n|-start|p2a: Orthworm|Substitute|[from] move: Shed Tail\n|-damage|p2a: Orthworm|133/266\n|\n|t:|1781460158\n|switch|p2a: Kyogre|Kyogre, L71|259/259|[from] Shed Tail\n|-weather|RainDance|[from] ability: Drizzle|[of] p2a: Kyogre\n|\n|-weather|RainDance|[upkeep]\n|upkeep\n|turn|20\n|\n|t:|1781460178\n|move|p1a: Metagross|Earthquake|p2a: Kyogre\n|-end|p2a: Kyogre|Substitute\n|move|p2a: Kyogre|Calm Mind|p2a: Kyogre\n|-boost|p2a: Kyogre|spa|1\n|-boost|p2a: Kyogre|spd|1\n|\n|-weather|RainDance|[upkeep]\n|upkeep\n|turn|21\n|\n|t:|1781460195\n|move|p1a: Metagross|Earthquake|p2a: Kyogre\n|-damage|p2a: Kyogre|160/259\n|move|p2a: Kyogre|Thunder|p1a: Metagross\n|-damage|p1a: Metagross|128/256\n|-status|p1a: Metagross|par\n|\n|-weather|RainDance|[upkeep]\n|-heal|p2a: Kyogre|176/259|[from] item: Leftovers\n|upkeep\n|turn|22\n|c|\u2606lanchinho10|filho da put*\n|\n|t:|1781460206\n|switch|p1a: Hydrapple|Hydrapple, L83, F|312/312\n|-damage|p1a: Hydrapple|260/312|[from] Spikes\n|-damage|p1a: Hydrapple|221/312|[from] Stealth Rock\n|move|p2a: Kyogre|Thunder|p1a: Hydrapple\n|-resisted|p1a: Hydrapple\n|-damage|p1a: Hydrapple|189/312\n|\n|-weather|RainDance|[upkeep]\n|-heal|p2a: Kyogre|192/259|[from] item: Leftovers\n|upkeep\n|turn|23\n|\n|t:|1781460218\n|move|p2a: Kyogre|Ice Beam|p1a: Hydrapple\n|-supereffective|p1a: Hydrapple\n|-damage|p1a: Hydrapple|0 fnt\n|faint|p1a: Hydrapple\n|\n|-weather|none\n|-heal|p2a: Kyogre|208/259|[from] item: Leftovers\n|upkeep\n|\n|t:|1781460226\n|switch|p1a: Scream Tail|Scream Tail, L84|179/330\n|-damage|p1a: Scream Tail|124/330|[from] Spikes\n|-damage|p1a: Scream Tail|83/330|[from] Stealth Rock\n|turn|24\n|\n|t:|1781460238\n|move|p1a: Scream Tail|Thunder Wave|p2a: Kyogre\n|-status|p2a: Kyogre|par\n|cant|p2a: Kyogre|par\n|\n|-heal|p1a: Scream Tail|103/330|[from] item: Leftovers\n|-heal|p2a: Kyogre|224/259 par|[from] item: Leftovers\n|upkeep\n|turn|25\n|\n|t:|1781460259\n|move|p1a: Scream Tail|Wish|p1a: Scream Tail\n|move|p2a: Kyogre|Origin Pulse|p1a: Scream Tail\n|-damage|p1a: Scream Tail|0 fnt\n|faint|p1a: Scream Tail\n|-end|p1a: Scream Tail|Protosynthesis|[silent]\n|\n|-heal|p2a: Kyogre|240/259 par|[from] item: Leftovers\n|upkeep\n|\n|t:|1781460265\n|switch|p1a: Metagross|Metagross, L79|128/256 par\n|-damage|p1a: Metagross|86/256 par|[from] Spikes\n|-damage|p1a: Metagross|70/256 par|[from] Stealth Rock\n|turn|26\n|\n|t:|1781460310\n|cant|p1a: Metagross|par\n|move|p2a: Kyogre|Origin Pulse|p1a: Metagross\n|-damage|p1a: Metagross|0 fnt\n|faint|p1a: Metagross\n|\n|win|wlsnndclosmdlcodo\n", "inputlog": ">version a8376a258c1d4662feba110a92103f3664a72141\n>start {\"formatid\":\"gen9randombattle\",\"seed\":\"sodium,cd50e841beb93a71b3d99839bd1b6d63\",\"rated\":\"Rated battle\"}\n>player p1 {\"name\":\"lanchinho10\",\"avatar\":\"steven\",\"rating\":1083,\"seed\":\"sodium,04a79672db502927880f6ce2884efee9\"}\n>player p2 {\"name\":\"wlsnndclosmdlcodo\",\"avatar\":\"1\",\"rating\":1079,\"seed\":\"sodium,7b9d1f1e28a413a4ed625a68cd80d24f\"}\n>p1 move sleeppowder\n>p2 move diamondstorm\n>p1 move gigadrain\n>p2 move diamondstorm\n>p1 move gigadrain\n>p2 switch 3\n>p1 switch 6\n>p2 move heavyslam\n>p1 switch 3\n>p2 move bodypress\n>p1 move earthquake\n>p2 switch 6\n>p1 switch 3\n>p2 move focusblast\n>p1 switch 3\n>p1 move knockoff\n>p2 move focusblast\n>p2 switch 5\n>p1 switch 2\n>p2 move ceaselessedge\n>p1 move dazzlinggleam\n>p2 switch 2\n>p1 move wish\n>p2 move swordsdance\n>p1 switch 6\n>p2 move swordsdance\n>p1 move sludgebomb\n>p2 move psyblade\n>p1 switch 4\n>p1 move iciclecrash\n>p2 move closecombat\n>p1 switch 2\n>p1 move knockoff\n>p2 move closecombat\n>p2 switch 2\n>p1 switch 6\n>p2 move ceaselessedge\n>p1 move wish\n>p2 switch 6\n>p1 switch 6\n>p2 move stealthrock\n>p1 move earthquake\n>p2 move shedtail\n>p2 switch 4\n>p1 move earthquake\n>p2 move calmmind\n>p1 move earthquake\n>p2 move thunder\n>chat \u2606lanchinho10|filho da put*\n>p1 switch 5\n>p2 move thunder\n>p1 move leafstorm\n>p2 move icebeam\n>p1 switch 6\n>p1 move thunderwave\n>p2 move calmmind\n>p1 move wish\n>p2 move originpulse\n>p1 switch 5\n>p1 move heavyslam\n>p2 move originpulse", "uploadtime": 1781460196, "views": 3, "formatid": "gen9randombattle", "rating": null, "private": 0, "password": null}