{"id": "gen9randombattle-2631607125", "format": "[Gen 9] Random Battle", "players": ["WezTheNub", "It'sOnlyRed?"], "log": "|j|\u2606WezTheNub\n|j|\u2606It'sOnlyRed?\n|t:|1781407981\n|gametype|singles\n|player|p1|WezTheNub|norman|1990\n|player|p2|It'sOnlyRed?|blue-gen3|2028\n|gen|9\n|tier|[Gen 9] Random Battle\n|rated|\n|rule|Species Clause: Limit one of each Pok\u00e9mon\n|rule|HP Percentage Mod: HP is shown in percentages\n|rule|Sleep Clause Mod: Limit one foe put to sleep\n|rule|Illusion Level Mod: Illusion disguises the Pok\u00e9mon's true level\n|\n|t:|1781407981\n|teamsize|p1|6\n|teamsize|p2|6\n|start\n|switch|p1a: Carbink|Carbink, L90|236/236\n|switch|p2a: Scyther|Scyther, L82, F|249/249\n|turn|1\n|inactive|Battle timer is ON: inactive players will automatically lose when time's up. (requested by It'sOnlyRed?)\n|\n|t:|1781408004\n|move|p2a: Scyther|Bug Bite|p1a: Carbink\n|-resisted|p1a: Carbink\n|-damage|p1a: Carbink|204/236\n|move|p1a: Carbink|Moonblast|p2a: Scyther\n|-damage|p2a: Scyther|197/249\n|\n|-heal|p1a: Carbink|218/236|[from] item: Leftovers\n|upkeep\n|turn|2\n|\n|t:|1781408018\n|switch|p2a: Ludicolo|Ludicolo, L90, M|290/290\n|move|p1a: Carbink|Moonblast|p2a: Ludicolo\n|-damage|p2a: Ludicolo|221/290\n|-unboost|p2a: Ludicolo|spa|1\n|\n|-heal|p1a: Carbink|232/236|[from] item: Leftovers\n|upkeep\n|turn|3\n|\n|t:|1781408027\n|switch|p1a: Blissey|Blissey, L85, F|572/572\n|move|p2a: Ludicolo|Hydro Pump|p1a: Blissey\n|-damage|p1a: Blissey|476/572\n|\n|-heal|p1a: Blissey|511/572|[from] item: Leftovers\n|upkeep\n|turn|4\n|\n|t:|1781408047\n|switch|p2a: Lurantis|Lurantis, L87, M|264/264\n|move|p1a: Blissey|Stealth Rock|p2a: Lurantis\n|-sidestart|p2: It'sOnlyRed?|move: Stealth Rock\n|\n|-heal|p1a: Blissey|546/572|[from] item: Leftovers\n|upkeep\n|turn|5\n|\n|t:|1781408061\n|switch|p1a: Trevenant|Trevenant, L89, M|296/296\n|move|p2a: Lurantis|Superpower|p1a: Trevenant\n|-immune|p1a: Trevenant\n|\n|upkeep\n|turn|6\n|inactive|It'sOnlyRed? has 120 seconds left.\n|\n|t:|1781408092\n|switch|p2a: Ludicolo|Ludicolo, L90, M|221/290\n|-damage|p2a: Ludicolo|185/290|[from] Stealth Rock\n|move|p1a: Trevenant|Poltergeist|p2a: Ludicolo\n|-activate|p2a: Ludicolo|move: Poltergeist|Choice Specs\n|-damage|p2a: Ludicolo|17/290\n|\n|upkeep\n|turn|7\n|\n|t:|1781408103\n|switch|p1a: Blissey|Blissey, L85, F|546/572\n|move|p2a: Ludicolo|Ice Beam|p1a: Blissey\n|-damage|p1a: Blissey|467/572\n|\n|-heal|p1a: Blissey|502/572|[from] item: Leftovers\n|upkeep\n|turn|8\n|\n|t:|1781408111\n|switch|p2a: Lurantis|Lurantis, L87, M|264/264\n|-damage|p2a: Lurantis|231/264|[from] Stealth Rock\n|move|p1a: Blissey|Seismic Toss|p2a: Lurantis\n|-damage|p2a: Lurantis|146/264\n|\n|-heal|p1a: Blissey|537/572|[from] item: Leftovers\n|-heal|p2a: Lurantis|162/264|[from] item: Leftovers\n|upkeep\n|turn|9\n|\n|t:|1781408118\n|switch|p1a: Trevenant|Trevenant, L89, M|296/296\n|move|p2a: Lurantis|Defog|p1a: Trevenant\n|-unboost|p1a: Trevenant|evasion|1\n|-sideend|p2: It'sOnlyRed?|Stealth Rock|[from] move: Defog|[of] p2a: Lurantis\n|\n|-heal|p2a: Lurantis|178/264|[from] item: Leftovers\n|upkeep\n|turn|10\n|\n|t:|1781408125\n|switch|p2a: Ludicolo|Ludicolo, L90, M|17/290\n|move|p1a: Trevenant|Poltergeist|p2a: Ludicolo\n|-activate|p2a: Ludicolo|move: Poltergeist|Choice Specs\n|-damage|p2a: Ludicolo|0 fnt\n|faint|p2a: Ludicolo\n|\n|upkeep\n|\n|t:|1781408128\n|switch|p2a: Scyther|Scyther, L82, F|197/249\n|turn|11\n|\n|t:|1781408131\n|switch|p1a: Carbink|Carbink, L90|232/236\n|move|p2a: Scyther|Bug Bite|p1a: Carbink\n|-resisted|p1a: Carbink\n|-damage|p1a: Carbink|199/236\n|\n|-heal|p1a: Carbink|213/236|[from] item: Leftovers\n|upkeep\n|turn|12\n|inactive|It'sOnlyRed? has 120 seconds left.\n|\n|t:|1781408164\n|switch|p2a: Lurantis|Lurantis, L87, M|178/264\n|move|p1a: Carbink|Moonblast|p2a: Lurantis\n|-damage|p2a: Lurantis|114/264\n|-boost|p2a: Lurantis|spa|1\n|\n|-heal|p1a: Carbink|227/236|[from] item: Leftovers\n|-heal|p2a: Lurantis|130/264|[from] item: Leftovers\n|upkeep\n|turn|13\n|inactive|It'sOnlyRed? has 120 seconds left.\n|\n|t:|1781408177\n|switch|p1a: Trevenant|Trevenant, L89, M|296/296\n|move|p2a: Lurantis|Synthesis|p2a: Lurantis\n|-heal|p2a: Lurantis|262/264\n|\n|-heal|p2a: Lurantis|264/264|[from] item: Leftovers\n|upkeep\n|turn|14\n|inactive|It'sOnlyRed? has 120 seconds left.\n|\n|t:|1781408195\n|switch|p2a: Scyther|Scyther, L82, F|197/249\n|move|p1a: Trevenant|Poltergeist|p2a: Scyther\n|-activate|p2a: Scyther|move: Poltergeist|Eviolite\n|-damage|p2a: Scyther|100/249\n|\n|upkeep\n|turn|15\n|inactive|It'sOnlyRed? has 120 seconds left.\n|\n|t:|1781408204\n|switch|p1a: Carbink|Carbink, L90|227/236\n|move|p2a: Scyther|Bug Bite|p1a: Carbink\n|-resisted|p1a: Carbink\n|-damage|p1a: Carbink|197/236\n|\n|-heal|p1a: Carbink|211/236|[from] item: Leftovers\n|upkeep\n|turn|16\n|\n|t:|1781408223\n|switch|p2a: Lurantis|Lurantis, L87, M|264/264\n|move|p1a: Carbink|Moonblast|p2a: Lurantis\n|-damage|p2a: Lurantis|192/264\n|\n|-heal|p1a: Carbink|225/236|[from] item: Leftovers\n|-heal|p2a: Lurantis|208/264|[from] item: Leftovers\n|upkeep\n|turn|17\n|\n|t:|1781408235\n|switch|p1a: Trevenant|Trevenant, L89, M|296/296\n|switch|p2a: Scyther|Scyther, L82, F|100/249\n|\n|upkeep\n|turn|18\n|\n|t:|1781408240\n|switch|p1a: Carbink|Carbink, L90|225/236\n|move|p2a: Scyther|Dual Wingbeat|p1a: Carbink|[miss]\n|-miss|p2a: Scyther|p1a: Carbink\n|\n|-heal|p1a: Carbink|236/236|[from] item: Leftovers\n|upkeep\n|turn|19\n|\n|t:|1781408246\n|switch|p2a: Lurantis|Lurantis, L87, M|208/264\n|move|p1a: Carbink|Moonblast|p2a: Lurantis\n|-damage|p2a: Lurantis|139/264\n|-boost|p2a: Lurantis|spa|1\n|\n|-heal|p2a: Lurantis|155/264|[from] item: Leftovers\n|upkeep\n|turn|20\n|\n|t:|1781408249\n|switch|p1a: Trevenant|Trevenant, L89, M|296/296\n|move|p2a: Lurantis|Synthesis|p2a: Lurantis\n|-heal|p2a: Lurantis|264/264\n|\n|upkeep\n|turn|21\n|\n|t:|1781408263\n|switch|p2a: Scyther|Scyther, L82, F|100/249\n|move|p1a: Trevenant|Toxic|p2a: Scyther\n|-status|p2a: Scyther|tox\n|\n|-damage|p2a: Scyther|85/249 tox|[from] psn\n|upkeep\n|turn|22\n|\n|t:|1781408272\n|switch|p1a: Carbink|Carbink, L90|236/236\n|move|p2a: Scyther|Swords Dance|p2a: Scyther\n|-boost|p2a: Scyther|atk|2\n|\n|-damage|p2a: Scyther|55/249 tox|[from] psn\n|upkeep\n|turn|23\n|\n|t:|1781408275\n|move|p2a: Scyther|Close Combat|p1a: Carbink\n|-damage|p1a: Carbink|128/236\n|-unboost|p2a: Scyther|def|1\n|-unboost|p2a: Scyther|spd|1\n|move|p1a: Carbink|Moonblast|p2a: Scyther\n|-damage|p2a: Scyther|0 fnt\n|faint|p2a: Scyther\n|\n|-heal|p1a: Carbink|142/236|[from] item: Leftovers\n|upkeep\n|\n|t:|1781408290\n|switch|p2a: Inteleon|Inteleon, L81, F|246/246\n|turn|24\n|\n|t:|1781408305\n|switch|p1a: Blissey|Blissey, L85, F|537/572\n|move|p2a: Inteleon|Scald|p1a: Blissey\n|-damage|p1a: Blissey|437/572\n|-status|p1a: Blissey|brn\n|\n|-heal|p1a: Blissey|472/572 brn|[from] item: Leftovers\n|-damage|p1a: Blissey|437/572 brn|[from] brn\n|upkeep\n|turn|25\n|\n|t:|1781408312\n|switch|p2a: Lurantis|Lurantis, L87, M|264/264\n|move|p1a: Blissey|Stealth Rock|p2a: Lurantis\n|-sidestart|p2: It'sOnlyRed?|move: Stealth Rock\n|\n|-heal|p1a: Blissey|472/572 brn|[from] item: Leftovers\n|-damage|p1a: Blissey|437/572 brn|[from] brn\n|upkeep\n|turn|26\n|\n|t:|1781408315\n|-curestatus|p1a: Blissey|brn|[from] ability: Natural Cure|[silent]\n|switch|p1a: Trevenant|Trevenant, L89, M|296/296\n|move|p2a: Lurantis|Defog|p1a: Trevenant\n|-unboost|p1a: Trevenant|evasion|1\n|-sideend|p2: It'sOnlyRed?|Stealth Rock|[from] move: Defog|[of] p2a: Lurantis\n|\n|upkeep\n|turn|27\n|inactive|It'sOnlyRed? has 120 seconds left.\n|\n|t:|1781408365\n|move|p1a: Trevenant|Toxic|p2a: Lurantis\n|-status|p2a: Lurantis|tox\n|move|p2a: Lurantis|Synthesis|p2a: Lurantis\n|-fail|p2a: Lurantis|heal\n|\n|-damage|p2a: Lurantis|248/264 tox|[from] psn\n|upkeep\n|turn|28\n|\n|t:|1781408380\n|move|p1a: Trevenant|Poltergeist|p2a: Lurantis\n|-activate|p2a: Lurantis|move: Poltergeist|Leftovers\n|-damage|p2a: Lurantis|118/264 tox\n|move|p2a: Lurantis|Leaf Storm|p1a: Trevenant\n|-resisted|p1a: Trevenant\n|-damage|p1a: Trevenant|228/296\n|-boost|p2a: Lurantis|spa|2\n|\n|-heal|p2a: Lurantis|134/264 tox|[from] item: Leftovers\n|-damage|p2a: Lurantis|102/264 tox|[from] psn\n|upkeep\n|turn|29\n|\n|t:|1781408386\n|move|p1a: Trevenant|Poltergeist|p2a: Lurantis\n|-activate|p2a: Lurantis|move: Poltergeist|Leftovers\n|-damage|p2a: Lurantis|0 fnt\n|faint|p2a: Lurantis\n|\n|upkeep\n|\n|t:|1781408389\n|switch|p2a: Reuniclus|Reuniclus, L88, M|337/337\n|turn|30\n|inactive|It'sOnlyRed? has 120 seconds left.\n|\n|t:|1781408400\n|-terastallize|p2a: Reuniclus|Fighting\n|move|p1a: Trevenant|Poltergeist|p2a: Reuniclus\n|-activate|p2a: Reuniclus|move: Poltergeist|Life Orb\n|-damage|p2a: Reuniclus|175/337\n|move|p2a: Reuniclus|Psychic|p1a: Trevenant\n|-damage|p1a: Trevenant|60/296\n|-enditem|p1a: Trevenant|Sitrus Berry|[eat]\n|-heal|p1a: Trevenant|134/296|[from] item: Sitrus Berry\n|\n|upkeep\n|turn|31\n|inactive|It'sOnlyRed? has 120 seconds left.\n|\n|t:|1781408416\n|switch|p1a: Carbink|Carbink, L90|142/236\n|move|p2a: Reuniclus|Recover|p2a: Reuniclus\n|-heal|p2a: Reuniclus|337/337\n|\n|-heal|p1a: Carbink|156/236|[from] item: Leftovers\n|upkeep\n|turn|32\n|\n|t:|1781408425\n|move|p1a: Carbink|Moonblast|p2a: Reuniclus\n|-supereffective|p2a: Reuniclus\n|-damage|p2a: Reuniclus|187/337\n|move|p2a: Reuniclus|Focus Blast|p1a: Carbink\n|-damage|p1a: Carbink|18/236\n|\n|-heal|p1a: Carbink|32/236|[from] item: Leftovers\n|upkeep\n|turn|33\n|\n|t:|1781408432\n|switch|p2a: Inteleon|Inteleon, L81, F|246/246\n|move|p1a: Carbink|Moonblast|p2a: Inteleon\n|-damage|p2a: Inteleon|149/246\n|\n|-heal|p1a: Carbink|46/236|[from] item: Leftovers\n|upkeep\n|turn|34\n|\n|t:|1781408435\n|switch|p1a: Blissey|Blissey, L85, F|437/572\n|move|p2a: Inteleon|Scald|p1a: Blissey\n|-damage|p1a: Blissey|328/572\n|\n|-heal|p1a: Blissey|363/572|[from] item: Leftovers\n|upkeep\n|turn|35\n|\n|t:|1781408450\n|switch|p2a: Reuniclus|Reuniclus, L88, M, tera:Fighting|187/337\n|move|p1a: Blissey|Seismic Toss|p2a: Reuniclus\n|-damage|p2a: Reuniclus|102/337\n|\n|-heal|p1a: Blissey|398/572|[from] item: Leftovers\n|upkeep\n|turn|36\n|\n|t:|1781408455\n|switch|p1a: Carbink|Carbink, L90|46/236\n|move|p2a: Reuniclus|Recover|p2a: Reuniclus\n|-heal|p2a: Reuniclus|271/337\n|\n|-heal|p1a: Carbink|60/236|[from] item: Leftovers\n|upkeep\n|turn|37\n|\n|t:|1781408461\n|move|p1a: Carbink|Moonblast|p2a: Reuniclus\n|-supereffective|p2a: Reuniclus\n|-damage|p2a: Reuniclus|125/337\n|move|p2a: Reuniclus|Psychic|p1a: Carbink\n|-damage|p1a: Carbink|0 fnt\n|faint|p1a: Carbink\n|\n|upkeep\n|\n|t:|1781408474\n|switch|p1a: Trevenant|Trevenant, L89, M|134/296\n|turn|38\n|\n|t:|1781408486\n|switch|p2a: Inteleon|Inteleon, L81, F|149/246\n|move|p1a: Trevenant|Poltergeist|p2a: Inteleon\n|-activate|p2a: Inteleon|move: Poltergeist|Choice Specs\n|-damage|p2a: Inteleon|0 fnt\n|faint|p2a: Inteleon\n|\n|-item|p1a: Trevenant|Sitrus Berry|[from] ability: Harvest\n|upkeep\n|-enditem|p1a: Trevenant|Sitrus Berry|[eat]\n|-heal|p1a: Trevenant|208/296|[from] item: Sitrus Berry\n|\n|t:|1781408494\n|switch|p2a: Froslass|Froslass, L87, F|263/263\n|turn|39\n|\n|t:|1781408503\n|-terastallize|p1a: Trevenant|Fairy\n|move|p2a: Froslass|Triple Axel|p1a: Trevenant\n|-damage|p1a: Trevenant|187/296\n|-damage|p1a: Trevenant|147/296\n|-damage|p1a: Trevenant|90/296\n|-hitcount|p1a: Trevenant|3\n|move|p1a: Trevenant|Poltergeist|p2a: Froslass\n|-activate|p2a: Froslass|move: Poltergeist|Wide Lens\n|-supereffective|p2a: Froslass\n|-damage|p2a: Froslass|0 fnt\n|faint|p2a: Froslass\n|\n|-item|p1a: Trevenant|Sitrus Berry|[from] ability: Harvest\n|upkeep\n|-enditem|p1a: Trevenant|Sitrus Berry|[eat]\n|-heal|p1a: Trevenant|164/296|[from] item: Sitrus Berry\n|\n|t:|1781408505\n|switch|p2a: Reuniclus|Reuniclus, L88, M, tera:Fighting|125/337\n|turn|40\n|\n|t:|1781408509\n|move|p1a: Trevenant|Drain Punch|p2a: Reuniclus\n|-damage|p2a: Reuniclus|50/337\n|-heal|p1a: Trevenant|202/296|[from] drain|[of] p2a: Reuniclus\n|move|p2a: Reuniclus|Recover|p2a: Reuniclus\n|-heal|p2a: Reuniclus|219/337\n|\n|upkeep\n|turn|41\n|\n|t:|1781408514\n|move|p1a: Trevenant|Drain Punch|p2a: Reuniclus\n|-damage|p2a: Reuniclus|147/337\n|-heal|p1a: Trevenant|238/296|[from] drain|[of] p2a: Reuniclus\n|move|p2a: Reuniclus|Recover|p2a: Reuniclus\n|-heal|p2a: Reuniclus|316/337\n|\n|upkeep\n|turn|42\n|\n|t:|1781408522\n|move|p1a: Trevenant|Protect|p1a: Trevenant\n|-singleturn|p1a: Trevenant|Protect\n|move|p2a: Reuniclus|Calm Mind|p2a: Reuniclus\n|-boost|p2a: Reuniclus|spa|1\n|-boost|p2a: Reuniclus|spd|1\n|\n|-item|p1a: Trevenant|Sitrus Berry|[from] ability: Harvest\n|upkeep\n|turn|43\n|\n|t:|1781408526\n|move|p1a: Trevenant|Drain Punch|p2a: Reuniclus\n|-damage|p2a: Reuniclus|248/337\n|-heal|p1a: Trevenant|272/296|[from] drain|[of] p2a: Reuniclus\n|move|p2a: Reuniclus|Calm Mind|p2a: Reuniclus\n|-boost|p2a: Reuniclus|spa|1\n|-boost|p2a: Reuniclus|spd|1\n|\n|upkeep\n|turn|44\n|\n|t:|1781408528\n|move|p1a: Trevenant|Drain Punch|p2a: Reuniclus\n|-damage|p2a: Reuniclus|175/337\n|-heal|p1a: Trevenant|296/296|[from] drain|[of] p2a: Reuniclus\n|move|p2a: Reuniclus|Calm Mind|p2a: Reuniclus\n|-boost|p2a: Reuniclus|spa|1\n|-boost|p2a: Reuniclus|spd|1\n|\n|upkeep\n|turn|45\n|\n|t:|1781408530\n|move|p1a: Trevenant|Drain Punch|p2a: Reuniclus\n|-damage|p2a: Reuniclus|98/337\n|move|p2a: Reuniclus|Calm Mind|p2a: Reuniclus\n|-boost|p2a: Reuniclus|spa|1\n|-boost|p2a: Reuniclus|spd|1\n|\n|upkeep\n|turn|46\n|\n|t:|1781408534\n|move|p1a: Trevenant|Drain Punch|p2a: Reuniclus\n|-damage|p2a: Reuniclus|26/337\n|move|p2a: Reuniclus|Recover|p2a: Reuniclus\n|-heal|p2a: Reuniclus|195/337\n|\n|upkeep\n|turn|47\n|\n|t:|1781408537\n|move|p1a: Trevenant|Drain Punch|p2a: Reuniclus\n|-damage|p2a: Reuniclus|129/337\n|move|p2a: Reuniclus|Recover|p2a: Reuniclus\n|-heal|p2a: Reuniclus|298/337\n|\n|upkeep\n|turn|48\n|\n|t:|1781408540\n|move|p1a: Trevenant|Drain Punch|p2a: Reuniclus\n|-damage|p2a: Reuniclus|231/337\n|move|p2a: Reuniclus|Calm Mind|p2a: Reuniclus\n|-boost|p2a: Reuniclus|spa|1\n|-boost|p2a: Reuniclus|spd|1\n|\n|upkeep\n|turn|49\n|\n|t:|1781408543\n|move|p1a: Trevenant|Drain Punch|p2a: Reuniclus\n|-damage|p2a: Reuniclus|165/337\n|move|p2a: Reuniclus|Calm Mind|p2a: Reuniclus\n|-boost|p2a: Reuniclus|spa|1\n|-boost|p2a: Reuniclus|spd|1\n|\n|upkeep\n|turn|50\n|\n|t:|1781408546\n|move|p1a: Trevenant|Drain Punch|p2a: Reuniclus\n|-damage|p2a: Reuniclus|99/337\n|move|p2a: Reuniclus|Recover|p2a: Reuniclus\n|-heal|p2a: Reuniclus|268/337\n|\n|upkeep\n|turn|51\n|\n|t:|1781408549\n|move|p1a: Trevenant|Drain Punch|p2a: Reuniclus\n|-damage|p2a: Reuniclus|199/337\n|move|p2a: Reuniclus|Recover|p2a: Reuniclus\n|-heal|p2a: Reuniclus|337/337\n|\n|upkeep\n|turn|52\n|\n|t:|1781408552\n|move|p1a: Trevenant|Drain Punch|p2a: Reuniclus\n|-damage|p2a: Reuniclus|268/337\n|move|p2a: Reuniclus|Psychic|p1a: Trevenant\n|-damage|p1a: Trevenant|0 fnt\n|faint|p1a: Trevenant\n|\n|upkeep\n|\n|t:|1781408557\n|switch|p1a: Okidogi|Okidogi, L77, M|262/262\n|turn|53\n|\n|t:|1781408560\n|move|p1a: Okidogi|Gunk Shot|p2a: Reuniclus\n|-damage|p2a: Reuniclus|127/337\n|move|p2a: Reuniclus|Psychic|p1a: Okidogi\n|-supereffective|p1a: Okidogi\n|-damage|p1a: Okidogi|0 fnt\n|faint|p1a: Okidogi\n|\n|upkeep\n|\n|t:|1781408563\n|switch|p1a: Baxcalibur|Baxcalibur, L75, M|296/296\n|turn|54\n|\n|t:|1781408567\n|move|p1a: Baxcalibur|Glaive Rush|p2a: Reuniclus\n|-damage|p2a: Reuniclus|0 fnt\n|-singlemove|p1a: Baxcalibur|Glaive Rush|[silent]\n|faint|p2a: Reuniclus\n|\n|win|WezTheNub\n", "inputlog": ">version a8376a258c1d4662feba110a92103f3664a72141\n>start {\"formatid\":\"gen9randombattle\",\"seed\":\"sodium,1e8d4b112c42f6e00dcc03cdfefdbc0e\",\"rated\":\"Rated battle\"}\n>player p1 {\"name\":\"WezTheNub\",\"avatar\":\"norman\",\"rating\":1990,\"seed\":\"sodium,6cfb7db81ee7882f9680df7c73016785\"}\n>player p2 {\"name\":\"It'sOnlyRed?\",\"avatar\":\"blue-gen3\",\"rating\":2028,\"seed\":\"sodium,4ccc86e239589cc85beaee1b32f73495\"}\n>p1 move moonblast\n>p2 move bugbite\n>p1 move moonblast\n>p2 switch 6\n>p1 switch 4\n>p2 move hydropump\n>p1 move stealthrock\n>p2 switch 3\n>p1 switch 5\n>p2 move superpower\n>p1 move poltergeist\n>p2 switch 3\n>p1 switch 5\n>p2 move icebeam\n>p1 move seismictoss\n>p2 switch 3\n>p1 switch 5\n>p2 move defog\n>p1 move poltergeist\n>p2 switch 3\n>p2 switch 6\n>p1 switch 4\n>p2 move bugbite\n>p1 move moonblast\n>p2 switch 3\n>p1 switch 4\n>p2 move synthesis\n>p1 move poltergeist\n>p2 switch 3\n>p1 switch 4\n>p2 move bugbite\n>p1 move moonblast\n>p2 switch 3\n>p1 switch 4\n>p2 switch 3\n>p1 switch 4\n>p2 move dualwingbeat\n>p1 move moonblast\n>p2 switch 3\n>p1 switch 4\n>p2 move synthesis\n>p1 move toxic\n>p2 switch 3\n>p1 switch 4\n>p2 move swordsdance\n>p1 move moonblast\n>p2 move closecombat\n>p2 switch 4\n>p1 switch 5\n>p2 move scald\n>p1 move stealthrock\n>p2 switch 3\n>p1 switch 4\n>p2 move defog\n>p1 move toxic\n>p2 move synthesis\n>p1 move poltergeist\n>p2 move leafstorm\n>p1 move poltergeist\n>p2 move synthesis\n>p2 switch 5\n>p1 move poltergeist\n>p2 move psychic terastallize\n>p1 switch 5\n>p2 move recover\n>p1 move moonblast\n>p2 move focusblast\n>p1 move moonblast\n>p2 switch 3\n>p1 switch 4\n>p2 move scald\n>p1 move seismictoss\n>p2 switch 3\n>p1 switch 4\n>p2 move recover\n>p1 move moonblast\n>p2 move psychic\n>p1 switch 5\n>p1 move poltergeist\n>p2 switch 3\n>p2 switch 2\n>p1 move poltergeist terastallize\n>p2 move tripleaxel\n>p2 switch 3\n>p1 move drainpunch\n>p2 move recover\n>p1 move drainpunch\n>p2 move recover\n>p1 move protect\n>p2 move calmmind\n>p1 move drainpunch\n>p2 move calmmind\n>p1 move drainpunch\n>p2 move calmmind\n>p1 move drainpunch\n>p2 move calmmind\n>p1 move drainpunch\n>p2 move recover\n>p1 move drainpunch\n>p2 move recover\n>p1 move drainpunch\n>p2 move calmmind\n>p1 move drainpunch\n>p2 move calmmind\n>p1 move drainpunch\n>p2 move recover\n>p1 move drainpunch\n>p2 move recover\n>p1 move drainpunch\n>p2 move psychic\n>p1 switch 6\n>p1 move gunkshot\n>p2 move psychic\n>p1 switch 3\n>p1 move glaiverush\n>p2 move psychic", "uploadtime": 1781407982, "views": 5, "formatid": "gen9randombattle", "rating": null, "private": 0, "password": null}