{"id": "gen9randombattle-2632001786", "format": "[Gen 9] Random Battle", "players": ["TSM-Virgil", "erobbbrittdivorce"], "log": "|j|\u2606TSM-Virgil\n|j|\u2606erobbbrittdivorce\n|t:|1781464682\n|gametype|singles\n|player|p1|TSM-Virgil|acetrainer|2121\n|player|p2|erobbbrittdivorce|265|2180\n|gen|9\n|tier|[Gen 9] Random Battle\n|rated|\n|rule|Species Clause: Limit one of each Pok\u00e9mon\n|rule|HP Percentage Mod: HP is shown in percentages\n|rule|Sleep Clause Mod: Limit one foe put to sleep\n|rule|Illusion Level Mod: Illusion disguises the Pok\u00e9mon's true level\n|\n|t:|1781464682\n|teamsize|p1|6\n|teamsize|p2|6\n|start\n|switch|p1a: Rampardos|Rampardos, L90, F|321/321\n|switch|p2a: Toucannon|Toucannon, L88, F|284/284\n|turn|1\n|inactive|Battle timer is ON: inactive players will automatically lose when time's up. (requested by erobbbrittdivorce)\n|inactive|TSM-Virgil also wants the timer to be on.\n|\n|t:|1781464706\n|switch|p2a: Incineroar|Incineroar, L82, M|290/290\n|-ability|p2a: Incineroar|Intimidate|boost\n|-unboost|p1a: Rampardos|atk|1\n|move|p1a: Rampardos|Rock Slide|p2a: Incineroar\n|-supereffective|p2a: Incineroar\n|-damage|p2a: Incineroar|0 fnt\n|faint|p2a: Incineroar\n|\n|upkeep\n|\n|t:|1781464717\n|switch|p2a: Fezandipiti|Fezandipiti, L82, M|278/278\n|turn|2\n|\n|t:|1781464736\n|switch|p1a: Masquerain|Masquerain, L87, F|264/264\n|-ability|p1a: Masquerain|Intimidate|boost\n|-unboost|p2a: Fezandipiti|atk|1\n|move|p2a: Fezandipiti|Moonblast|p1a: Masquerain\n|-damage|p1a: Masquerain|192/264\n|-status|p1a: Masquerain|tox|[from] ability: Toxic Chain|[of] p2a: Fezandipiti\n|\n|-damage|p1a: Masquerain|176/264 tox|[from] psn\n|upkeep\n|turn|3\n|\n|t:|1781464744\n|switch|p2a: Cryogonal|Cryogonal, L89|287/287\n|move|p1a: Masquerain|Sticky Web|p2a: Cryogonal\n|-sidestart|p2: erobbbrittdivorce|move: Sticky Web\n|\n|-damage|p1a: Masquerain|144/264 tox|[from] psn\n|upkeep\n|turn|4\n|inactive|TSM-Virgil has 120 seconds left.\n|\n|t:|1781464782\n|switch|p1a: Pachirisu|Pachirisu, L96, F|271/271\n|move|p2a: Cryogonal|Rapid Spin|p1a: Pachirisu\n|-damage|p1a: Pachirisu|247/271\n|-boost|p2a: Cryogonal|spe|1\n|-sideend|p2: erobbbrittdivorce|Sticky Web|[from] move: Rapid Spin|[of] p2a: Cryogonal\n|\n|upkeep\n|turn|5\n|\n|t:|1781464787\n|switch|p2a: Fezandipiti|Fezandipiti, L82, M|278/278\n|move|p1a: Pachirisu|Discharge|p2a: Fezandipiti\n|-damage|p2a: Fezandipiti|232/278\n|-status|p2a: Fezandipiti|par\n|\n|-heal|p2a: Fezandipiti|249/278 par|[from] item: Leftovers\n|upkeep\n|turn|6\n|\n|t:|1781464802\n|move|p1a: Pachirisu|U-turn|p2a: Fezandipiti\n|-resisted|p2a: Fezandipiti\n|-damage|p2a: Fezandipiti|239/278 par\n|\n|t:|1781464804\n|switch|p1a: Masquerain|Masquerain, L87, F|144/264 tox|[from] U-turn\n|-ability|p1a: Masquerain|Intimidate|boost\n|-unboost|p2a: Fezandipiti|atk|1\n|cant|p2a: Fezandipiti|par\n|\n|-heal|p2a: Fezandipiti|256/278 par|[from] item: Leftovers\n|-damage|p1a: Masquerain|128/264 tox|[from] psn\n|upkeep\n|turn|7\n|\n|t:|1781464814\n|switch|p2a: Cryogonal|Cryogonal, L89|287/287\n|move|p1a: Masquerain|Sticky Web|p2a: Cryogonal\n|-sidestart|p2: erobbbrittdivorce|move: Sticky Web\n|\n|-damage|p1a: Masquerain|96/264 tox|[from] psn\n|upkeep\n|turn|8\n|inactive|TSM-Virgil has 120 seconds left.\n|\n|t:|1781464847\n|move|p2a: Cryogonal|Rapid Spin|p1a: Masquerain\n|-damage|p1a: Masquerain|66/264 tox\n|-boost|p2a: Cryogonal|spe|1\n|-sideend|p2: erobbbrittdivorce|Sticky Web|[from] move: Rapid Spin|[of] p2a: Cryogonal\n|move|p1a: Masquerain|Stun Spore|p2a: Cryogonal|[miss]\n|-miss|p1a: Masquerain|p2a: Cryogonal\n|\n|-damage|p1a: Masquerain|18/264 tox|[from] psn\n|upkeep\n|turn|9\n|\n|t:|1781464853\n|switch|p1a: Pachirisu|Pachirisu, L96, F|247/271\n|move|p2a: Cryogonal|Freeze-Dry|p1a: Pachirisu\n|-damage|p1a: Pachirisu|171/271\n|\n|upkeep\n|turn|10\n|\n|t:|1781464860\n|switch|p2a: Fezandipiti|Fezandipiti, L82, M|256/278 par\n|move|p1a: Pachirisu|U-turn|p2a: Fezandipiti\n|-resisted|p2a: Fezandipiti\n|-damage|p2a: Fezandipiti|246/278 par\n|\n|t:|1781464863\n|switch|p1a: Rampardos|Rampardos, L90, F|321/321|[from] U-turn\n|\n|-heal|p2a: Fezandipiti|263/278 par|[from] item: Leftovers\n|upkeep\n|turn|11\n|\n|t:|1781464870\n|switch|p2a: Toucannon|Toucannon, L88, F|284/284\n|move|p1a: Rampardos|Rock Slide|p2a: Toucannon\n|-supereffective|p2a: Toucannon\n|-damage|p2a: Toucannon|0 fnt\n|faint|p2a: Toucannon\n|\n|upkeep\n|\n|t:|1781464876\n|switch|p2a: Regidrago|Regidrago, L77|435/435\n|turn|12\n|\n|t:|1781464881\n|switch|p1a: Masquerain|Masquerain, L87, F|18/264 tox\n|-ability|p1a: Masquerain|Intimidate|boost\n|-unboost|p2a: Regidrago|atk|1\n|-terastallize|p2a: Regidrago|Steel\n|move|p2a: Regidrago|Dragon Dance|p2a: Regidrago\n|-boost|p2a: Regidrago|atk|1\n|-boost|p2a: Regidrago|spe|1\n|\n|-damage|p1a: Masquerain|2/264 tox|[from] psn\n|upkeep\n|turn|13\n|\n|t:|1781464894\n|move|p2a: Regidrago|Tera Blast|p1a: Masquerain|[anim] Tera Blast Steel\n|-damage|p1a: Masquerain|0 fnt\n|faint|p1a: Masquerain\n|-damage|p2a: Regidrago|392/435|[from] item: Life Orb\n|\n|upkeep\n|\n|t:|1781464904\n|switch|p1a: Iron Bundle|Iron Bundle, L78|215/215\n|turn|14\n|\n|t:|1781464909\n|move|p1a: Iron Bundle|Encore|p2a: Regidrago\n|-start|p2a: Regidrago|Encore\n|move|p2a: Regidrago|Tera Blast|p1a: Iron Bundle|[anim] Tera Blast Steel\n|-damage|p1a: Iron Bundle|86/215\n|-damage|p2a: Regidrago|349/435|[from] item: Life Orb\n|\n|upkeep\n|turn|15\n|\n|t:|1781464917\n|move|p1a: Iron Bundle|Flip Turn|p2a: Regidrago\n|-damage|p2a: Regidrago|274/435\n|\n|t:|1781464919\n|-end|p1a: Iron Bundle|Quark Drive|[silent]\n|switch|p1a: Koraidon|Koraidon, L64|235/235|[from] Flip Turn\n|-weather|SunnyDay|[from] ability: Orichalcum Pulse|[of] p1a: Koraidon\n|-activate|p1a: Koraidon|Orichalcum Pulse|[source]\n|move|p2a: Regidrago|Tera Blast|p1a: Koraidon|[anim] Tera Blast Steel\n|-damage|p1a: Koraidon|125/235\n|-damage|p2a: Regidrago|231/435|[from] item: Life Orb\n|\n|-weather|SunnyDay|[upkeep]\n|upkeep\n|turn|16\n|\n|t:|1781464925\n|switch|p2a: Fezandipiti|Fezandipiti, L82, M|263/278 par\n|move|p1a: Koraidon|Collision Course|p2a: Fezandipiti\n|-resisted|p2a: Fezandipiti\n|-damage|p2a: Fezandipiti|232/278 par\n|\n|-weather|SunnyDay|[upkeep]\n|-heal|p2a: Fezandipiti|249/278 par|[from] item: Leftovers\n|upkeep\n|turn|17\n|\n|t:|1781464934\n|move|p1a: Koraidon|Flare Blitz|p2a: Fezandipiti\n|-damage|p2a: Fezandipiti|113/278 par\n|-damage|p1a: Koraidon|80/235|[from] Recoil\n|cant|p2a: Fezandipiti|par\n|\n|-weather|SunnyDay|[upkeep]\n|-heal|p2a: Fezandipiti|130/278 par|[from] item: Leftovers\n|upkeep\n|turn|18\n|\n|t:|1781464937\n|move|p1a: Koraidon|Flare Blitz|p2a: Fezandipiti\n|-damage|p2a: Fezandipiti|0 fnt\n|faint|p2a: Fezandipiti\n|-damage|p1a: Koraidon|37/235|[from] Recoil\n|\n|-weather|SunnyDay|[upkeep]\n|upkeep\n|\n|t:|1781464941\n|switch|p2a: Cryogonal|Cryogonal, L89|287/287\n|turn|19\n|\n|t:|1781464944\n|move|p2a: Cryogonal|Freeze-Dry|p1a: Koraidon\n|-supereffective|p1a: Koraidon\n|-damage|p1a: Koraidon|0 fnt\n|faint|p1a: Koraidon\n|\n|-weather|none\n|upkeep\n|\n|t:|1781464947\n|switch|p1a: Rampardos|Rampardos, L90, F|321/321\n|turn|20\n|\n|t:|1781464950\n|move|p2a: Cryogonal|Flash Cannon|p1a: Rampardos\n|-supereffective|p1a: Rampardos\n|-damage|p1a: Rampardos|149/321\n|move|p1a: Rampardos|Fire Punch|p2a: Cryogonal\n|-supereffective|p2a: Cryogonal\n|-damage|p2a: Cryogonal|0 fnt\n|faint|p2a: Cryogonal\n|\n|upkeep\n|\n|t:|1781464953\n|switch|p2a: Infernape|Infernape, L82, F|259/259\n|turn|21\n|\n|t:|1781464958\n|switch|p1a: Pachirisu|Pachirisu, L96, F|171/271\n|move|p2a: Infernape|Swords Dance|p2a: Infernape\n|-boost|p2a: Infernape|atk|2\n|\n|upkeep\n|turn|22\n|inactive|erobbbrittdivorce has 120 seconds left.\n|\n|t:|1781464990\n|move|p2a: Infernape|Mach Punch|p1a: Pachirisu\n|-damage|p1a: Pachirisu|66/271\n|-damage|p2a: Infernape|234/259|[from] item: Life Orb\n|move|p1a: Pachirisu|Encore|p2a: Infernape\n|-start|p2a: Infernape|Encore\n|\n|upkeep\n|turn|23\n|\n|t:|1781464999\n|move|p2a: Infernape|Mach Punch|p1a: Pachirisu\n|-damage|p1a: Pachirisu|0 fnt\n|faint|p1a: Pachirisu\n|-damage|p2a: Infernape|209/259|[from] item: Life Orb\n|\n|upkeep\n|\n|t:|1781465000\n|switch|p1a: Rayquaza|Rayquaza, L72|270/270\n|-ability|p1a: Rayquaza|Air Lock\n|turn|24\n|\n|t:|1781465004\n|switch|p2a: Regidrago|Regidrago, L77, tera:Steel|231/435\n|move|p1a: Rayquaza|Dragon Dance|p1a: Rayquaza\n|-boost|p1a: Rayquaza|atk|1\n|-boost|p1a: Rayquaza|spe|1\n|\n|upkeep\n|turn|25\n|\n|t:|1781465010\n|move|p1a: Rayquaza|Earthquake|p2a: Regidrago\n|-supereffective|p2a: Regidrago\n|-damage|p2a: Regidrago|0 fnt\n|faint|p2a: Regidrago\n|\n|upkeep\n|\n|t:|1781465011\n|switch|p2a: Infernape|Infernape, L82, F|209/259\n|turn|26\n|\n|t:|1781465013\n|move|p1a: Rayquaza|Dragon Ascent|p2a: Infernape\n|-supereffective|p2a: Infernape\n|-damage|p2a: Infernape|0 fnt\n|-unboost|p1a: Rayquaza|def|1\n|-unboost|p1a: Rayquaza|spd|1\n|faint|p2a: Infernape\n|\n|win|TSM-Virgil\n", "uploadtime": 1781464683, "views": 2, "formatid": "gen9randombattle", "rating": null, "private": 0, "password": null}