{"id": "gen9randombattle-2631736039", "format": "[Gen 9] Random Battle", "players": ["JeanPaulPot", "wang_zj"], "log": "|j|\u2606JeanPaulPot\n|j|\u2606wang_zj\n|t:|1781431085\n|gametype|singles\n|player|p1|JeanPaulPot|infielder|2037\n|player|p2|wang_zj|101|2008\n|gen|9\n|tier|[Gen 9] Random Battle\n|rated|\n|rule|Species Clause: Limit one of each Pok\u00e9mon\n|rule|HP Percentage Mod: HP is shown in percentages\n|rule|Sleep Clause Mod: Limit one foe put to sleep\n|rule|Illusion Level Mod: Illusion disguises the Pok\u00e9mon's true level\n|\n|t:|1781431085\n|teamsize|p1|6\n|teamsize|p2|6\n|start\n|switch|p1a: Haxorus|Haxorus, L77, M|244/244\n|switch|p2a: Walking Wake|Walking Wake, L79|286/286\n|-ability|p1a: Haxorus|Mold Breaker\n|turn|1\n|inactive|Battle timer is ON: inactive players will automatically lose when time's up. (requested by wang_zj)\n|\n|t:|1781431147\n|switch|p1a: Slowking|Slowking-Galar, L85, F|300/300\n|move|p2a: Walking Wake|Draco Meteor|p1a: Slowking\n|-damage|p1a: Slowking|190/300\n|-unboost|p2a: Walking Wake|spa|2\n|-damage|p2a: Walking Wake|258/286|[from] item: Life Orb\n|\n|upkeep\n|turn|2\n|\n|t:|1781431170\n|-end|p2a: Walking Wake|Protosynthesis|[silent]\n|switch|p2a: Gothitelle|Gothitelle, L90, M|272/272\n|move|p1a: Slowking|Sludge Bomb|p2a: Gothitelle\n|-damage|p2a: Gothitelle|188/272\n|\n|-heal|p2a: Gothitelle|205/272|[from] item: Leftovers\n|upkeep\n|turn|3\n|\n|t:|1781431182\n|move|p2a: Gothitelle|Calm Mind|p2a: Gothitelle\n|-boost|p2a: Gothitelle|spa|1\n|-boost|p2a: Gothitelle|spd|1\n|move|p1a: Slowking|Sludge Bomb|p2a: Gothitelle\n|-damage|p2a: Gothitelle|147/272\n|-status|p2a: Gothitelle|psn\n|\n|-heal|p2a: Gothitelle|164/272 psn|[from] item: Leftovers\n|-damage|p2a: Gothitelle|130/272 psn|[from] psn\n|upkeep\n|turn|4\n|inactive|JeanPaulPot has 120 seconds left.\n|\n|t:|1781431214\n|move|p2a: Gothitelle|Psychic Noise|p1a: Slowking\n|-damage|p1a: Slowking|118/300\n|-start|p1a: Slowking|move: Heal Block\n|move|p1a: Slowking|Sludge Bomb|p2a: Gothitelle\n|-damage|p2a: Gothitelle|78/272 psn\n|\n|-heal|p2a: Gothitelle|95/272 psn|[from] item: Leftovers\n|-damage|p2a: Gothitelle|61/272 psn|[from] psn\n|upkeep\n|turn|5\n|inactive|JeanPaulPot has 120 seconds left.\n|\n|t:|1781431231\n|move|p2a: Gothitelle|Psychic Noise|p1a: Slowking\n|-damage|p1a: Slowking|49/300\n|move|p1a: Slowking|Sludge Bomb|p2a: Gothitelle\n|-damage|p2a: Gothitelle|7/272 psn\n|\n|-heal|p2a: Gothitelle|24/272 psn|[from] item: Leftovers\n|-damage|p2a: Gothitelle|0 fnt|[from] psn\n|faint|p2a: Gothitelle\n|-end|p1a: Slowking|move: Heal Block\n|upkeep\n|inactive|wang_zj has 120 seconds left.\n|\n|t:|1781431254\n|switch|p2a: Cinccino|Cinccino, L83, M|260/260\n|turn|6\n|inactive|wang_zj has 120 seconds left.\n|\n|t:|1781431263\n|switch|p1a: Ceruledge|Ceruledge, L78, M|245/245\n|move|p2a: Cinccino|Tail Slap|p1a: Ceruledge\n|-immune|p1a: Ceruledge\n|\n|upkeep\n|turn|7\n|inactive|wang_zj has 120 seconds left.\n|\n|t:|1781431279\n|switch|p2a: Cyclizar|Cyclizar, L83, M|252/252\n|move|p1a: Ceruledge|Poltergeist|p2a: Cyclizar\n|-immune|p2a: Cyclizar\n|\n|upkeep\n|turn|8\n|inactive|wang_zj has 120 seconds left.\n|inactive|JeanPaulPot has 120 seconds left.\n|inactive|JeanPaulPot has 90 seconds left.\n|\n|t:|1781431328\n|switch|p1a: Delibird|Delibird, F|252/252\n|move|p2a: Cyclizar|Knock Off|p1a: Delibird\n|-damage|p1a: Delibird|161/252\n|-enditem|p1a: Delibird|Heavy-Duty Boots|[from] move: Knock Off|[of] p2a: Cyclizar\n|\n|upkeep\n|turn|9\n|inactive|wang_zj has 120 seconds left.\n|\n|t:|1781431340\n|move|p2a: Cyclizar|Shed Tail|p2a: Cyclizar\n|-start|p2a: Cyclizar|Substitute|[from] move: Shed Tail\n|-damage|p2a: Cyclizar|126/252\n|\n|t:|1781431344\n|switch|p2a: Veluza|Veluza, L85, F|292/292|[from] Shed Tail\n|move|p1a: Delibird|Ice Spinner|p2a: Veluza\n|-resisted|p2a: Veluza\n|-end|p2a: Veluza|Substitute\n|\n|upkeep\n|turn|10\n|inactive|wang_zj has 120 seconds left.\n|\n|t:|1781431362\n|switch|p1a: Appletun|Appletun, L92, F|352/352\n|move|p2a: Veluza|Psycho Cut|p1a: Appletun\n|-damage|p1a: Appletun|231/352\n|\n|-heal|p1a: Appletun|253/352|[from] item: Leftovers\n|upkeep\n|turn|11\n|inactive|JeanPaulPot has 90 seconds left.\n|inactive|wang_zj has 120 seconds left.\n|\n|t:|1781431387\n|switch|p2a: Sinistcha|Sinistcha, L83|254/254\n|move|p1a: Appletun|Apple Acid|p2a: Sinistcha\n|-resisted|p2a: Sinistcha\n|-damage|p2a: Sinistcha|200/254\n|-unboost|p2a: Sinistcha|spd|1\n|\n|-heal|p2a: Sinistcha|215/254|[from] item: Leftovers\n|-heal|p1a: Appletun|275/352|[from] item: Leftovers\n|upkeep\n|turn|12\n|inactive|JeanPaulPot has 90 seconds left.\n|inactive|wang_zj has 120 seconds left.\n|\n|t:|1781431405\n|switch|p1a: Delibird|Delibird, F|161/252\n|move|p2a: Sinistcha|Calm Mind|p2a: Sinistcha\n|-boost|p2a: Sinistcha|spa|1\n|-boost|p2a: Sinistcha|spd|1\n|\n|-heal|p2a: Sinistcha|230/254|[from] item: Leftovers\n|upkeep\n|turn|13\n|\n|t:|1781431425\n|-terastallize|p2a: Sinistcha|Steel\n|move|p1a: Delibird|Brave Bird|p2a: Sinistcha\n|-resisted|p2a: Sinistcha\n|-damage|p2a: Sinistcha|151/254\n|-damage|p1a: Delibird|135/252|[from] Recoil\n|move|p2a: Sinistcha|Matcha Gotcha|p1a: Delibird\n|-resisted|p1a: Delibird\n|-damage|p1a: Delibird|41/252\n|-heal|p2a: Sinistcha|198/254|[from] drain|[of] p1a: Delibird\n|\n|-heal|p2a: Sinistcha|213/254|[from] item: Leftovers\n|upkeep\n|turn|14\n|\n|t:|1781431443\n|move|p1a: Delibird|Drill Run|p2a: Sinistcha|[miss]\n|-miss|p1a: Delibird|p2a: Sinistcha\n|move|p2a: Sinistcha|Strength Sap|p1a: Delibird\n|-unboost|p1a: Delibird|atk|1\n|-heal|p2a: Sinistcha|254/254\n|\n|upkeep\n|turn|15\n|inactive|JeanPaulPot has 60 seconds left.\n|\n|t:|1781431474\n|move|p1a: Delibird|Spikes|p2a: Sinistcha\n|-sidestart|p2: wang_zj|Spikes\n|move|p2a: Sinistcha|Calm Mind|p2a: Sinistcha\n|-boost|p2a: Sinistcha|spa|1\n|-boost|p2a: Sinistcha|spd|1\n|\n|upkeep\n|turn|16\n|\n|t:|1781431485\n|switch|p1a: Jirachi|Jirachi, L80|291/291\n|move|p2a: Sinistcha|Calm Mind|p2a: Sinistcha\n|-boost|p2a: Sinistcha|spa|1\n|-boost|p2a: Sinistcha|spd|1\n|\n|upkeep\n|turn|17\n|\n|t:|1781431492\n|move|p1a: Jirachi|Body Slam|p2a: Sinistcha\n|-resisted|p2a: Sinistcha\n|-damage|p2a: Sinistcha|230/254\n|-status|p2a: Sinistcha|par\n|cant|p2a: Sinistcha|par\n|\n|-heal|p2a: Sinistcha|245/254 par|[from] item: Leftovers\n|upkeep\n|turn|18\n|inactive|JeanPaulPot has 60 seconds left.\n|\n|t:|1781431519\n|move|p1a: Jirachi|Drain Punch|p2a: Sinistcha\n|-supereffective|p2a: Sinistcha\n|-damage|p2a: Sinistcha|161/254 par\n|move|p2a: Sinistcha|Shadow Ball|p1a: Jirachi\n|-supereffective|p1a: Jirachi\n|-damage|p1a: Jirachi|3/291\n|\n|-heal|p2a: Sinistcha|176/254 par|[from] item: Leftovers\n|upkeep\n|turn|19\n|inactive|wang_zj has 120 seconds left.\n|\n|t:|1781431532\n|move|p1a: Jirachi|U-turn|p2a: Sinistcha\n|-resisted|p2a: Sinistcha\n|-damage|p2a: Sinistcha|156/254 par\n|\n|t:|1781431533\n|switch|p1a: Slowking|Slowking-Galar, L85, F|149/300|[from] U-turn\n|move|p2a: Sinistcha|Shadow Ball|p1a: Slowking\n|-supereffective|p1a: Slowking\n|-damage|p1a: Slowking|0 fnt\n|faint|p1a: Slowking\n|\n|-heal|p2a: Sinistcha|171/254 par|[from] item: Leftovers\n|upkeep\n|\n|t:|1781431558\n|switch|p1a: Ceruledge|Ceruledge, L78, M|245/245\n|turn|20\n|inactive|JeanPaulPot has 30 seconds left.\n|inactive|JeanPaulPot has 20 seconds left.\n|inactive|JeanPaulPot has 15 seconds left.\n|inactive|JeanPaulPot has 10 seconds left.\n|inactive|JeanPaulPot has 5 seconds left.\n|\n|t:|1781431599\n|-terastallize|p1a: Ceruledge|Fighting\n|move|p1a: Ceruledge|Close Combat|p2a: Sinistcha\n|-supereffective|p2a: Sinistcha\n|-damage|p2a: Sinistcha|0 fnt\n|-unboost|p1a: Ceruledge|def|1\n|-unboost|p1a: Ceruledge|spd|1\n|faint|p2a: Sinistcha\n|\n|upkeep\n|inactive|wang_zj has 120 seconds left.\n|\n|t:|1781431614\n|switch|p2a: Cinccino|Cinccino, L83, M|260/260\n|-damage|p2a: Cinccino|228/260|[from] Spikes\n|turn|21\n|inactive|JeanPaulPot has 20 seconds left this turn.\n|inactive|JeanPaulPot has 15 seconds left.\n|inactive|JeanPaulPot has 10 seconds left.\n|inactive|JeanPaulPot has 5 seconds left.\n|\n|t:|1781431631\n|move|p2a: Cinccino|Tail Slap|p1a: Ceruledge\n|-crit|p1a: Ceruledge\n|-damage|p1a: Ceruledge|142/245\n|-ability|p1a: Ceruledge|Weak Armor|boost\n|-unboost|p1a: Ceruledge|def|1\n|-boost|p1a: Ceruledge|spe|2\n|-damage|p1a: Ceruledge|52/245\n|-ability|p1a: Ceruledge|Weak Armor|boost\n|-unboost|p1a: Ceruledge|def|1\n|-boost|p1a: Ceruledge|spe|2\n|-damage|p1a: Ceruledge|0 fnt\n|faint|p1a: Ceruledge\n|-hitcount|p1: Ceruledge|3\n|\n|upkeep\n|inactive|JeanPaulPot has 10 seconds left this turn.\n|inactive|JeanPaulPot has 5 seconds left.\n|-message|JeanPaulPot lost due to inactivity.\n|\n|win|wang_zj\n", "uploadtime": 1781431087, "views": 4, "formatid": "gen9randombattle", "rating": null, "private": 0, "password": null}