{"id": "gen9randombattle-2631645020", "format": "[Gen 9] Random Battle", "players": ["Sushi4928", "youto2"], "log": "|j|\u2606Sushi4928\n|j|\u2606youto2\n|t:|1781414015\n|gametype|singles\n|player|p1|Sushi4928|266|2057\n|player|p2|youto2|101|2050\n|gen|9\n|tier|[Gen 9] Random Battle\n|rated|\n|rule|Species Clause: Limit one of each Pok\u00e9mon\n|rule|HP Percentage Mod: HP is shown in percentages\n|rule|Sleep Clause Mod: Limit one foe put to sleep\n|rule|Illusion Level Mod: Illusion disguises the Pok\u00e9mon's true level\n|\n|t:|1781414015\n|teamsize|p1|6\n|teamsize|p2|6\n|start\n|switch|p1a: Volcarona|Volcarona, L77, F|257/257\n|switch|p2a: Cinccino|Cinccino, L83, M|260/260\n|turn|1\n|inactive|Battle timer is ON: inactive players will automatically lose when time's up. (requested by Sushi4928)\n|\n|t:|1781414031\n|switch|p2a: Landorus|Landorus-Therian, L76, M|260/260\n|-ability|p2a: Landorus|Intimidate|boost\n|-unboost|p1a: Volcarona|atk|1\n|switch|p1a: Uxie|Uxie, L83|260/260\n|\n|upkeep\n|turn|2\n|\n|t:|1781414043\n|move|p1a: Uxie|Knock Off|p2a: Landorus\n|-damage|p2a: Landorus|203/260\n|-enditem|p2a: Landorus|Leftovers|[from] move: Knock Off|[of] p1a: Uxie\n|move|p2a: Landorus|Stealth Rock|p1a: Uxie\n|-sidestart|p1: Sushi4928|move: Stealth Rock\n|\n|upkeep\n|turn|3\n|\n|t:|1781414050\n|switch|p2a: Shiftry|Shiftry, L89, F|305/305\n|move|p1a: Uxie|Psychic Noise|p2a: Shiftry\n|-immune|p2a: Shiftry\n|\n|upkeep\n|turn|4\n|\n|t:|1781414055\n|move|p1a: Uxie|U-turn|p2a: Shiftry\n|-supereffective|p2a: Shiftry\n|-damage|p2a: Shiftry|105/305\n|\n|t:|1781414060\n|switch|p1a: Passimian|Passimian, L83, M|302/302|[from] U-turn\n|-damage|p1a: Passimian|284/302|[from] Stealth Rock\n|move|p2a: Shiftry|Knock Off|p1a: Passimian\n|-resisted|p1a: Passimian\n|-damage|p1a: Passimian|221/302\n|-enditem|p1a: Passimian|Choice Band|[from] move: Knock Off|[of] p2a: Shiftry\n|\n|upkeep\n|turn|5\n|\n|t:|1781414069\n|switch|p2a: Landorus|Landorus-Therian, L76, M|203/260\n|-ability|p2a: Landorus|Intimidate|boost\n|-unboost|p1a: Passimian|atk|1\n|-ability|p1a: Passimian|Defiant|boost\n|-boost|p1a: Passimian|atk|2\n|move|p1a: Passimian|Close Combat|p2a: Landorus\n|-resisted|p2a: Landorus\n|-damage|p2a: Landorus|78/260\n|-unboost|p1a: Passimian|def|1\n|-unboost|p1a: Passimian|spd|1\n|\n|upkeep\n|turn|6\n|\n|t:|1781414075\n|move|p2a: Landorus|Earthquake|p1a: Passimian\n|-damage|p1a: Passimian|37/302\n|move|p1a: Passimian|Close Combat|p2a: Landorus\n|-resisted|p2a: Landorus\n|-damage|p2a: Landorus|0 fnt\n|-unboost|p1a: Passimian|def|1\n|-unboost|p1a: Passimian|spd|1\n|faint|p2a: Landorus\n|\n|upkeep\n|\n|t:|1781414083\n|switch|p2a: Shiftry|Shiftry, L89, F|105/305\n|turn|7\n|\n|t:|1781414085\n|move|p2a: Shiftry|Knock Off|p1a: Passimian\n|-resisted|p1a: Passimian\n|-damage|p1a: Passimian|0 fnt\n|faint|p1a: Passimian\n|\n|upkeep\n|\n|t:|1781414087\n|switch|p1a: Uxie|Uxie, L83|260/260\n|-damage|p1a: Uxie|228/260|[from] Stealth Rock\n|turn|8\n|\n|t:|1781414089\n|move|p1a: Uxie|U-turn|p2a: Shiftry\n|-supereffective|p2a: Shiftry\n|-damage|p2a: Shiftry|0 fnt\n|faint|p2a: Shiftry\n|\n|t:|1781414095\n|switch|p1a: Zangoose|Zangoose, L85, M|263/263|[from] U-turn\n|-damage|p1a: Zangoose|231/263|[from] Stealth Rock\n|\n|-status|p1a: Zangoose|tox|[from] item: Toxic Orb\n|upkeep\n|\n|t:|1781414100\n|switch|p2a: Sneasler|Sneasler, L74, F|240/240\n|turn|9\n|\n|t:|1781414104\n|move|p2a: Sneasler|Close Combat|p1a: Zangoose\n|-supereffective|p1a: Zangoose\n|-damage|p1a: Zangoose|0 fnt\n|-unboost|p2a: Sneasler|def|1\n|-unboost|p2a: Sneasler|spd|1\n|faint|p1a: Zangoose\n|-enditem|p2a: Sneasler|White Herb\n|-clearnegativeboost|p2a: Sneasler|[silent]\n|\n|upkeep\n|\n|t:|1781414108\n|switch|p1a: Uxie|Uxie, L83|228/260\n|-damage|p1a: Uxie|196/260|[from] Stealth Rock\n|turn|10\n|\n|t:|1781414119\n|-terastallize|p2a: Sneasler|Flying\n|move|p2a: Sneasler|Swords Dance|p2a: Sneasler\n|-boost|p2a: Sneasler|atk|2\n|move|p1a: Uxie|Yawn|p2a: Sneasler\n|-start|p2a: Sneasler|move: Yawn|[of] p1a: Uxie\n|\n|-heal|p1a: Uxie|212/260|[from] item: Leftovers\n|upkeep\n|turn|11\n|\n|t:|1781414137\n|move|p2a: Sneasler|Acrobatics|p1a: Uxie\n|-damage|p1a: Uxie|35/260\n|move|p1a: Uxie|U-turn|p2a: Sneasler\n|-resisted|p2a: Sneasler\n|-damage|p2a: Sneasler|208/240\n|\n|t:|1781414139\n|switch|p1a: Hawlucha|Hawlucha, L80, F|256/256|[from] U-turn\n|-damage|p1a: Hawlucha|224/256|[from] Stealth Rock\n|\n|-end|p2a: Sneasler|move: Yawn|[silent]\n|-status|p2a: Sneasler|slp\n|upkeep\n|turn|12\n|\n|t:|1781414143\n|cant|p2a: Sneasler|slp\n|move|p1a: Hawlucha|Swords Dance|p1a: Hawlucha\n|-boost|p1a: Hawlucha|atk|2\n|\n|upkeep\n|turn|13\n|\n|t:|1781414145\n|cant|p2a: Sneasler|slp\n|move|p1a: Hawlucha|Close Combat|p2a: Sneasler\n|-resisted|p2a: Sneasler\n|-damage|p2a: Sneasler|31/240 slp\n|-unboost|p1a: Hawlucha|def|1\n|-unboost|p1a: Hawlucha|spd|1\n|-enditem|p1a: Hawlucha|White Herb\n|-clearnegativeboost|p1a: Hawlucha|[silent]\n|\n|upkeep\n|turn|14\n|\n|t:|1781414148\n|move|p1a: Hawlucha|Acrobatics|p2a: Sneasler\n|-damage|p2a: Sneasler|0 fnt\n|faint|p2a: Sneasler\n|\n|upkeep\n|\n|t:|1781414160\n|switch|p2a: Eiscue|Eiscue, L88, M|274/274\n|turn|15\n|\n|t:|1781414165\n|move|p1a: Hawlucha|Swords Dance|p1a: Hawlucha\n|-boost|p1a: Hawlucha|atk|2\n|move|p2a: Eiscue|Ice Spinner|p1a: Hawlucha\n|-supereffective|p1a: Hawlucha\n|-damage|p1a: Hawlucha|20/256\n|\n|upkeep\n|turn|16\n|\n|t:|1781414175\n|move|p1a: Hawlucha|Encore|p2a: Eiscue\n|-start|p2a: Eiscue|Encore\n|move|p2a: Eiscue|Ice Spinner|p1a: Hawlucha\n|-supereffective|p1a: Hawlucha\n|-damage|p1a: Hawlucha|0 fnt\n|faint|p1a: Hawlucha\n|\n|upkeep\n|\n|t:|1781414176\n|switch|p1a: Volcarona|Volcarona, L77, F|257/257\n|turn|17\n|\n|t:|1781414180\n|switch|p2a: Slowking|Slowking-Galar, L85, F|300/300\n|move|p1a: Volcarona|Quiver Dance|p1a: Volcarona\n|-boost|p1a: Volcarona|spa|1\n|-boost|p1a: Volcarona|spd|1\n|-boost|p1a: Volcarona|spe|1\n|\n|upkeep\n|turn|18\n|\n|t:|1781414185\n|-terastallize|p1a: Volcarona|Ground\n|move|p1a: Volcarona|Quiver Dance|p1a: Volcarona\n|-boost|p1a: Volcarona|spa|1\n|-boost|p1a: Volcarona|spd|1\n|-boost|p1a: Volcarona|spe|1\n|move|p2a: Slowking|Psyshock|p1a: Volcarona\n|-damage|p1a: Volcarona|136/257\n|\n|upkeep\n|turn|19\n|\n|t:|1781414190\n|move|p1a: Volcarona|Tera Blast|p2a: Slowking|[anim] Tera Blast Ground\n|-supereffective|p2a: Slowking\n|-damage|p2a: Slowking|0 fnt\n|faint|p2a: Slowking\n|\n|upkeep\n|\n|t:|1781414192\n|switch|p2a: Cinccino|Cinccino, L83, M|260/260\n|turn|20\n|\n|t:|1781414197\n|move|p1a: Volcarona|Tera Blast|p2a: Cinccino|[anim] Tera Blast Ground\n|-damage|p2a: Cinccino|25/260\n|move|p2a: Cinccino|Bullet Seed|p1a: Volcarona\n|-supereffective|p1a: Volcarona\n|-damage|p1a: Volcarona|72/257\n|-supereffective|p1a: Volcarona\n|-damage|p1a: Volcarona|0 fnt\n|faint|p1a: Volcarona\n|-hitcount|p1: Volcarona|2\n|\n|upkeep\n|\n|t:|1781414201\n|switch|p1a: Munkidori|Munkidori, L79, M|269/269\n|-damage|p1a: Munkidori|236/269|[from] Stealth Rock\n|turn|21\n|\n|t:|1781414208\n|move|p2a: Cinccino|Tail Slap|p1a: Munkidori|[miss]\n|-miss|p2a: Cinccino|p1a: Munkidori\n|move|p1a: Munkidori|Sludge Wave|p2a: Cinccino\n|-damage|p2a: Cinccino|0 fnt\n|faint|p2a: Cinccino\n|-damage|p1a: Munkidori|210/269|[from] item: Life Orb\n|\n|upkeep\n|\n|t:|1781414209\n|switch|p2a: Eiscue|Eiscue, L88, M|274/274\n|turn|22\n|\n|t:|1781414215\n|move|p1a: Munkidori|Sludge Wave|p2a: Eiscue\n|-damage|p2a: Eiscue|145/274\n|-damage|p1a: Munkidori|184/269|[from] item: Life Orb\n|move|p2a: Eiscue|Belly Drum|p2a: Eiscue\n|-damage|p2a: Eiscue|8/274\n|-setboost|p2a: Eiscue|atk|6|[from] move: Belly Drum\n|-enditem|p2a: Eiscue|Sitrus Berry|[eat]\n|-heal|p2a: Eiscue|76/274|[from] item: Sitrus Berry\n|\n|upkeep\n|turn|23\n|\n|t:|1781414217\n|move|p1a: Munkidori|Sludge Wave|p2a: Eiscue\n|-damage|p2a: Eiscue|0 fnt\n|faint|p2a: Eiscue\n|-damage|p1a: Munkidori|158/269|[from] item: Life Orb\n|\n|win|Sushi4928\n", "uploadtime": 1781414017, "views": 5, "formatid": "gen9randombattle", "rating": null, "private": 0, "password": null}