{"id": "gen9randombattle-2631747880", "format": "[Gen 9] Random Battle", "players": ["da_frogger", "Rheny"], "log": "|j|\u2606da_frogger\n|j|\u2606Rheny\n|t:|1781433175\n|gametype|singles\n|player|p1|da_frogger|1|1953\n|player|p2|Rheny|miku-ghost|1992\n|gen|9\n|tier|[Gen 9] Random Battle\n|rated|\n|rule|Species Clause: Limit one of each Pok\u00e9mon\n|rule|HP Percentage Mod: HP is shown in percentages\n|rule|Sleep Clause Mod: Limit one foe put to sleep\n|rule|Illusion Level Mod: Illusion disguises the Pok\u00e9mon's true level\n|\n|t:|1781433175\n|teamsize|p1|6\n|teamsize|p2|6\n|start\n|switch|p1a: Chien-Pao|Chien-Pao, L72|234/234\n|switch|p2a: Cinccino|Cinccino, L83, M|260/260\n|-ability|p1a: Chien-Pao|Sword of Ruin\n|turn|1\n|\n|t:|1781433195\n|switch|p2a: Hoopa|Hoopa, L85|275/275\n|switch|p1a: Sableye|Sableye, L88, M|231/231\n|\n|upkeep\n|turn|2\n|\n|t:|1781433209\n|switch|p2a: Seviper|Seviper, L93, F|287/287\n|move|p1a: Sableye|Knock Off|p2a: Seviper\n|-damage|p2a: Seviper|179/287\n|-enditem|p2a: Seviper|Life Orb|[from] move: Knock Off|[of] p1a: Sableye\n|\n|upkeep\n|turn|3\n|\n|t:|1781433218\n|switch|p1a: Swalot|Swalot, L90, F|326/326\n|move|p2a: Seviper|Knock Off|p1a: Swalot\n|-damage|p1a: Swalot|241/326\n|-enditem|p1a: Swalot|Leftovers|[from] move: Knock Off|[of] p2a: Seviper\n|\n|upkeep\n|turn|4\n|\n|t:|1781433227\n|switch|p2a: Chimecho|Chimecho, L93, F|290/290\n|move|p1a: Swalot|Earthquake|p2a: Chimecho\n|-immune|p2a: Chimecho|[from] ability: Levitate\n|\n|upkeep\n|turn|5\n|\n|t:|1781433231\n|move|p2a: Chimecho|Cosmic Power|p2a: Chimecho\n|-boost|p2a: Chimecho|def|1\n|-boost|p2a: Chimecho|spd|1\n|move|p1a: Swalot|Toxic|p2a: Chimecho\n|-status|p2a: Chimecho|tox\n|\n|-damage|p2a: Chimecho|272/290 tox|[from] psn\n|upkeep\n|turn|6\n|\n|t:|1781433240\n|switch|p1a: Chien-Pao|Chien-Pao, L72|234/234\n|-ability|p1a: Chien-Pao|Sword of Ruin\n|move|p2a: Chimecho|Dazzling Gleam|p1a: Chien-Pao\n|-supereffective|p1a: Chien-Pao\n|-damage|p1a: Chien-Pao|54/234\n|\n|-heal|p2a: Chimecho|290/290 tox|[from] item: Leftovers\n|-damage|p2a: Chimecho|254/290 tox|[from] psn\n|upkeep\n|turn|7\n|\n|t:|1781433245\n|switch|p1a: Swalot|Swalot, L90, F|241/326\n|move|p2a: Chimecho|Dazzling Gleam|p1a: Swalot\n|-resisted|p1a: Swalot\n|-damage|p1a: Swalot|207/326\n|\n|-heal|p2a: Chimecho|272/290 tox|[from] item: Leftovers\n|-damage|p2a: Chimecho|218/290 tox|[from] psn\n|upkeep\n|turn|8\n|\n|t:|1781433252\n|move|p2a: Chimecho|Stored Power|p1a: Swalot\n|-supereffective|p1a: Swalot\n|-damage|p1a: Swalot|57/326\n|move|p1a: Swalot|Sludge Bomb|p2a: Chimecho\n|-damage|p2a: Chimecho|164/290 tox\n|\n|-heal|p2a: Chimecho|182/290 tox|[from] item: Leftovers\n|-damage|p2a: Chimecho|110/290 tox|[from] psn\n|upkeep\n|turn|9\n|\n|t:|1781433257\n|move|p2a: Chimecho|Dazzling Gleam|p1a: Swalot\n|-resisted|p1a: Swalot\n|-damage|p1a: Swalot|21/326\n|move|p1a: Swalot|Toxic|p2a: Chimecho\n|-fail|p2a: Chimecho|tox\n|\n|-heal|p2a: Chimecho|128/290 tox|[from] item: Leftovers\n|-damage|p2a: Chimecho|38/290 tox|[from] psn\n|upkeep\n|turn|10\n|\n|t:|1781433271\n|switch|p2a: Fezandipiti|Fezandipiti, L82, M|278/278\n|move|p1a: Swalot|Sludge Bomb|p2a: Fezandipiti\n|-damage|p2a: Fezandipiti|206/278\n|\n|-heal|p2a: Fezandipiti|223/278|[from] item: Leftovers\n|upkeep\n|turn|11\n|\n|t:|1781433275\n|move|p2a: Fezandipiti|Tera Blast|p1a: Swalot\n|-damage|p1a: Swalot|0 fnt\n|faint|p1a: Swalot\n|\n|-heal|p2a: Fezandipiti|240/278|[from] item: Leftovers\n|upkeep\n|\n|t:|1781433286\n|switch|p1a: Chien-Pao|Chien-Pao, L72|54/234\n|-ability|p1a: Chien-Pao|Sword of Ruin\n|turn|12\n|\n|t:|1781433291\n|switch|p2a: Chimecho|Chimecho, L93, F|38/290 tox\n|move|p1a: Chien-Pao|Icicle Crash|p2a: Chimecho\n|-damage|p2a: Chimecho|0 fnt\n|faint|p2a: Chimecho\n|\n|upkeep\n|\n|t:|1781433295\n|switch|p2a: Cinccino|Cinccino, L83, M|260/260\n|turn|13\n|\n|t:|1781433300\n|move|p1a: Chien-Pao|Sucker Punch|p2a: Cinccino\n|-damage|p2a: Cinccino|145/260\n|move|p2a: Cinccino|Bullet Seed|p1a: Chien-Pao\n|-damage|p1a: Chien-Pao|23/234\n|-damage|p1a: Chien-Pao|0 fnt\n|faint|p1a: Chien-Pao\n|-hitcount|p1: Chien-Pao|2\n|\n|upkeep\n|\n|t:|1781433326\n|switch|p1a: Sableye|Sableye, L88, M|231/231\n|turn|14\n|\n|t:|1781433334\n|switch|p2a: Bisharp|Bisharp, L79, F|232/232\n|move|p1a: Sableye|Thunder Wave|p2a: Bisharp\n|-hint|Since gen 7, Dark is immune to Prankster moves.\n|-immune|p2a: Bisharp\n|\n|upkeep\n|turn|15\n|\n|t:|1781433343\n|move|p2a: Bisharp|Swords Dance|p2a: Bisharp\n|-boost|p2a: Bisharp|atk|2\n|move|p1a: Sableye|Knock Off|p2a: Bisharp\n|-resisted|p2a: Bisharp\n|-damage|p2a: Bisharp|201/232\n|-enditem|p2a: Bisharp|Eviolite|[from] move: Knock Off|[of] p1a: Sableye\n|\n|upkeep\n|turn|16\n|\n|t:|1781433350\n|switch|p1a: Misdreavus|Misdreavus, L90, M|254/254\n|move|p2a: Bisharp|Iron Head|p1a: Misdreavus\n|-damage|p1a: Misdreavus|109/254\n|\n|upkeep\n|turn|17\n|\n|t:|1781433361\n|move|p1a: Misdreavus|Will-O-Wisp|p2a: Bisharp\n|-status|p2a: Bisharp|brn\n|move|p2a: Bisharp|Throat Chop|p1a: Misdreavus\n|-supereffective|p1a: Misdreavus\n|-damage|p1a: Misdreavus|0 fnt\n|faint|p1a: Misdreavus\n|\n|-damage|p2a: Bisharp|187/232 brn|[from] brn\n|upkeep\n|\n|t:|1781433368\n|switch|p1a: Reshiram|Reshiram, L76|277/277\n|-ability|p1a: Reshiram|Turboblaze\n|turn|18\n|\n|t:|1781433373\n|move|p1a: Reshiram|Dragon Dance|p1a: Reshiram\n|-boost|p1a: Reshiram|atk|1\n|-boost|p1a: Reshiram|spe|1\n|move|p2a: Bisharp|Throat Chop|p1a: Reshiram\n|-damage|p1a: Reshiram|187/277\n|-start|p1a: Reshiram|Throat Chop|[silent]\n|\n|-damage|p2a: Bisharp|173/232 brn|[from] brn\n|upkeep\n|turn|19\n|\n|t:|1781433382\n|move|p2a: Bisharp|Sucker Punch|p1a: Reshiram\n|-damage|p1a: Reshiram|109/277\n|move|p1a: Reshiram|Flare Blitz|p2a: Bisharp\n|-supereffective|p2a: Bisharp\n|-crit|p2a: Bisharp\n|-damage|p2a: Bisharp|0 fnt\n|faint|p2a: Bisharp\n|-damage|p1a: Reshiram|52/277|[from] Recoil\n|\n|-end|p1a: Reshiram|Throat Chop|[silent]\n|upkeep\n|\n|t:|1781433386\n|switch|p2a: Seviper|Seviper, L93, F|179/287\n|turn|20\n|\n|t:|1781433395\n|move|p1a: Reshiram|Outrage|p2a: Seviper\n|-damage|p2a: Seviper|0 fnt\n|faint|p2a: Seviper\n|\n|upkeep\n|\n|t:|1781433398\n|switch|p2a: Fezandipiti|Fezandipiti, L82, M|240/278\n|turn|21\n|\n|t:|1781433406\n|move|p1a: Reshiram|Outrage|p2a: Fezandipiti|[from] lockedmove\n|-immune|p2a: Fezandipiti\n|-start|p1a: Reshiram|confusion|[fatigue]\n|move|p2a: Fezandipiti|Play Rough|p1a: Reshiram\n|-damage|p1a: Reshiram|0 fnt\n|faint|p1a: Reshiram\n|\n|-heal|p2a: Fezandipiti|257/278|[from] item: Leftovers\n|upkeep\n|\n|t:|1781433421\n|switch|p1a: Glaceon|Glaceon, L94, F|275/275\n|turn|22\n|\n|t:|1781433428\n|move|p2a: Fezandipiti|Play Rough|p1a: Glaceon\n|-damage|p1a: Glaceon|209/275\n|move|p1a: Glaceon|Calm Mind|p1a: Glaceon\n|-boost|p1a: Glaceon|spa|1\n|-boost|p1a: Glaceon|spd|1\n|\n|-heal|p2a: Fezandipiti|274/278|[from] item: Leftovers\n|upkeep\n|turn|23\n|\n|t:|1781433437\n|move|p2a: Fezandipiti|Gunk Shot|p1a: Glaceon|[miss]\n|-miss|p2a: Fezandipiti|p1a: Glaceon\n|move|p1a: Glaceon|Wish|p1a: Glaceon\n|\n|-heal|p2a: Fezandipiti|278/278|[from] item: Leftovers\n|upkeep\n|turn|24\n|\n|t:|1781433441\n|move|p2a: Fezandipiti|Gunk Shot|p1a: Glaceon\n|-damage|p1a: Glaceon|128/275\n|move|p1a: Glaceon|Freeze-Dry|p2a: Fezandipiti\n|-damage|p2a: Fezandipiti|137/278\n|\n|-heal|p1a: Glaceon|265/275|[from] move: Wish|[wisher] Glaceon\n|-heal|p2a: Fezandipiti|154/278|[from] item: Leftovers\n|upkeep\n|turn|25\n|\n|t:|1781433448\n|move|p2a: Fezandipiti|Gunk Shot|p1a: Glaceon|[miss]\n|-miss|p2a: Fezandipiti|p1a: Glaceon\n|move|p1a: Glaceon|Calm Mind|p1a: Glaceon\n|-boost|p1a: Glaceon|spa|1\n|-boost|p1a: Glaceon|spd|1\n|\n|-heal|p2a: Fezandipiti|171/278|[from] item: Leftovers\n|upkeep\n|turn|26\n|\n|t:|1781433453\n|move|p1a: Glaceon|Protect|p1a: Glaceon\n|-singleturn|p1a: Glaceon|Protect\n|move|p2a: Fezandipiti|Gunk Shot|p1a: Glaceon\n|-activate|p1a: Glaceon|move: Protect\n|\n|-heal|p2a: Fezandipiti|188/278|[from] item: Leftovers\n|upkeep\n|turn|27\n|c|\u2606Rheny|lol\n|\n|t:|1781433460\n|move|p2a: Fezandipiti|Gunk Shot|p1a: Glaceon\n|-damage|p1a: Glaceon|178/275\n|-status|p1a: Glaceon|tox|[from] ability: Toxic Chain|[of] p2a: Fezandipiti\n|move|p1a: Glaceon|Freeze-Dry|p2a: Fezandipiti\n|-damage|p2a: Fezandipiti|1/278\n|\n|-heal|p2a: Fezandipiti|18/278|[from] item: Leftovers\n|-damage|p1a: Glaceon|161/275 tox|[from] psn\n|upkeep\n|turn|28\n|\n|t:|1781433466\n|move|p2a: Fezandipiti|Swords Dance|p2a: Fezandipiti\n|-boost|p2a: Fezandipiti|atk|2\n|move|p1a: Glaceon|Freeze-Dry|p2a: Fezandipiti\n|-damage|p2a: Fezandipiti|0 fnt\n|faint|p2a: Fezandipiti\n|\n|-damage|p1a: Glaceon|127/275 tox|[from] psn\n|upkeep\n|\n|t:|1781433475\n|switch|p2a: Cinccino|Cinccino, L83, M|145/260\n|turn|29\n|\n|t:|1781433487\n|move|p2a: Cinccino|Tail Slap|p1a: Glaceon|[miss]\n|-miss|p2a: Cinccino|p1a: Glaceon\n|move|p1a: Glaceon|Freeze-Dry|p2a: Cinccino\n|-damage|p2a: Cinccino|0 fnt\n|faint|p2a: Cinccino\n|\n|-damage|p1a: Glaceon|76/275 tox|[from] psn\n|upkeep\n|c|\u2606Rheny|HAHAHAH\n|\n|t:|1781433492\n|switch|p2a: Hoopa|Hoopa, L85|275/275\n|turn|30\n|\n|t:|1781433503\n|move|p2a: Hoopa|Trick|p1a: Glaceon\n|-activate|p2a: Hoopa|move: Trick|[of] p1a: Glaceon\n|-item|p1a: Glaceon|Choice Scarf|[from] move: Trick\n|-item|p2a: Hoopa|Heavy-Duty Boots|[from] move: Trick\n|move|p1a: Glaceon|Freeze-Dry|p2a: Hoopa\n|-damage|p2a: Hoopa|92/275\n|\n|-damage|p1a: Glaceon|8/275 tox|[from] psn\n|upkeep\n|turn|31\n|\n|t:|1781433510\n|move|p1a: Glaceon|Freeze-Dry|p2a: Hoopa\n|-damage|p2a: Hoopa|0 fnt\n|faint|p2a: Hoopa\n|\n|win|da_frogger\n", "inputlog": ">version a8376a258c1d4662feba110a92103f3664a72141\n>start {\"formatid\":\"gen9randombattle\",\"seed\":\"sodium,3e571f1cae2ebfd2a9ca7b5ac1a01e15\",\"rated\":\"Rated battle\"}\n>player p1 {\"name\":\"da_frogger\",\"avatar\":\"1\",\"rating\":1953,\"seed\":\"sodium,efd965748392cd2fd655f6fb24d4241c\"}\n>player p2 {\"name\":\"Rheny\",\"avatar\":\"miku-ghost\",\"rating\":1992,\"seed\":\"sodium,ed8b43919f389cf8b81895897ae2b9f4\"}\n>p1 switch 4\n>p2 switch 6\n>p1 move knockoff\n>p2 switch 2\n>p1 switch 3\n>p2 move knockoff\n>p1 move earthquake\n>p2 switch 3\n>p1 move toxic\n>p2 move cosmicpower\n>p1 switch 4\n>p2 move dazzlinggleam\n>p1 switch 4\n>p2 move dazzlinggleam\n>p1 move sludgebomb\n>p2 move storedpower\n>p1 move toxic\n>p2 move dazzlinggleam\n>p1 move sludgebomb\n>p2 switch 5\n>p1 move earthquake\n>p2 move terablast\n>p1 switch 4\n>p1 move iciclecrash\n>p2 switch 5\n>p2 switch 6\n>p1 move suckerpunch\n>p2 move bulletseed\n>p1 switch 3\n>p1 move thunderwave\n>p2 switch 4\n>p1 move knockoff\n>p2 move swordsdance\n>p1 switch 6\n>p2 move ironhead\n>p1 move willowisp\n>p2 move throatchop\n>p1 switch 5\n>p1 move dragondance\n>p2 move throatchop\n>p1 move flareblitz\n>p2 move suckerpunch\n>p2 switch 3\n>p1 move outrage\n>p2 move earthquake\n>p2 switch 5\n>p1 move outrage\n>p2 move playrough\n>p1 switch 2\n>p1 move calmmind\n>p2 move playrough\n>p1 move wish\n>p2 move gunkshot\n>p1 move freezedry\n>p2 move gunkshot\n>p1 move calmmind\n>p2 move gunkshot\n>p1 move protect\n>p2 move gunkshot\n>chat \u2606Rheny|lol\n>p1 move freezedry\n>p2 move gunkshot\n>p1 move freezedry\n>p2 move swordsdance\n>p2 switch 4\n>p1 move freezedry\n>p2 move tailslap\n>chat \u2606Rheny|HAHAHAH\n>p2 switch 2\n>p1 move freezedry\n>p2 move trick\n>p1 move freezedry\n>p2 move shadowball", "uploadtime": 1781433177, "views": 5, "formatid": "gen9randombattle", "rating": null, "private": 0, "password": null}