{"id": "gen9randombattle-2631588245", "format": "[Gen 9] Random Battle", "players": ["Lujay7", "Fuk ICE"], "log": "|j|\u2606Lujay7\n|j|\u2606Fuk ICE\n|t:|1781405215\n|gametype|singles\n|player|p1|Lujay7|101|2077\n|player|p2|Fuk ICE|265|2129\n|gen|9\n|tier|[Gen 9] Random Battle\n|rated|\n|rule|Species Clause: Limit one of each Pok\u00e9mon\n|rule|HP Percentage Mod: HP is shown in percentages\n|rule|Sleep Clause Mod: Limit one foe put to sleep\n|rule|Illusion Level Mod: Illusion disguises the Pok\u00e9mon's true level\n|\n|t:|1781405215\n|teamsize|p1|6\n|teamsize|p2|6\n|start\n|switch|p1a: Abomasnow|Abomasnow, L84, F|287/287\n|switch|p2a: Registeel|Registeel, L81|262/262\n|-weather|Snowscape|[from] ability: Snow Warning|[of] p1a: Abomasnow\n|turn|1\n|inactive|Battle timer is ON: inactive players will automatically lose when time's up. (requested by Lujay7)\n|\n|t:|1781405242\n|move|p1a: Abomasnow|Aurora Veil|p1a: Abomasnow\n|-sidestart|p1: Lujay7|move: Aurora Veil\n|move|p2a: Registeel|Thunder Wave|p1a: Abomasnow\n|-status|p1a: Abomasnow|par\n|\n|-weather|Snowscape|[upkeep]\n|upkeep\n|turn|2\n|\n|t:|1781405246\n|switch|p1a: Iron Jugulis|Iron Jugulis, L77|271/271\n|move|p2a: Registeel|Stealth Rock|p1a: Iron Jugulis\n|-sidestart|p1: Lujay7|move: Stealth Rock\n|\n|-weather|Snowscape|[upkeep]\n|upkeep\n|turn|3\n|\n|t:|1781405251\n|move|p1a: Iron Jugulis|Earth Power|p2a: Registeel\n|-supereffective|p2a: Registeel\n|-damage|p2a: Registeel|140/262\n|move|p2a: Registeel|Thunder Wave|p1a: Iron Jugulis\n|-status|p1a: Iron Jugulis|par\n|\n|-weather|Snowscape|[upkeep]\n|-heal|p2a: Registeel|156/262|[from] item: Leftovers\n|upkeep\n|turn|4\n|\n|t:|1781405259\n|switch|p2a: Bombirdier|Bombirdier, L85, M|258/258\n|move|p1a: Iron Jugulis|Earth Power|p2a: Bombirdier\n|-immune|p2a: Bombirdier\n|\n|-weather|Snowscape|[upkeep]\n|upkeep\n|turn|5\n|\n|t:|1781405272\n|-end|p1a: Iron Jugulis|Quark Drive|[silent]\n|switch|p1a: Umbreon|Umbreon, L84, F|297/297\n|-damage|p1a: Umbreon|260/297|[from] Stealth Rock\n|move|p2a: Bombirdier|Knock Off|p1a: Umbreon\n|-resisted|p1a: Umbreon\n|-damage|p1a: Umbreon|235/297\n|-enditem|p1a: Umbreon|Leftovers|[from] move: Knock Off|[of] p2a: Bombirdier\n|\n|-weather|none\n|upkeep\n|turn|6\n|inactive|Fuk ICE has 120 seconds left.\n|\n|t:|1781405323\n|switch|p2a: Registeel|Registeel, L81|156/262\n|move|p1a: Umbreon|Wish|p1a: Umbreon\n|\n|-heal|p2a: Registeel|172/262|[from] item: Leftovers\n|upkeep\n|turn|7\n|\n|t:|1781405331\n|switch|p1a: Hatterene|Hatterene, L85, F|236/236\n|-damage|p1a: Hatterene|207/236|[from] Stealth Rock\n|move|p2a: Registeel|Body Press|p1a: Hatterene\n|-resisted|p1a: Hatterene\n|-damage|p1a: Hatterene|198/236\n|\n|-heal|p1a: Hatterene|236/236|[from] move: Wish|[wisher] Umbreon\n|-heal|p2a: Registeel|188/262|[from] item: Leftovers\n|upkeep\n|turn|8\n|\n|t:|1781405337\n|move|p2a: Registeel|Iron Head|p1a: Hatterene\n|-supereffective|p1a: Hatterene\n|-crit|p1a: Hatterene\n|-damage|p1a: Hatterene|56/236\n|move|p1a: Hatterene|Mystical Fire|p2a: Registeel\n|-supereffective|p2a: Registeel\n|-damage|p2a: Registeel|82/262\n|\n|-heal|p2a: Registeel|98/262|[from] item: Leftovers\n|-sideend|p1: Lujay7|move: Aurora Veil\n|upkeep\n|turn|9\n|\n|t:|1781405345\n|switch|p1a: Iron Jugulis|Iron Jugulis, L77|271/271 par\n|-damage|p1a: Iron Jugulis|204/271 par|[from] Stealth Rock\n|move|p2a: Registeel|Iron Head|p1a: Iron Jugulis\n|-damage|p1a: Iron Jugulis|126/271 par\n|\n|-heal|p2a: Registeel|114/262|[from] item: Leftovers\n|upkeep\n|turn|10\n|\n|t:|1781405355\n|move|p2a: Registeel|Iron Head|p1a: Iron Jugulis\n|-damage|p1a: Iron Jugulis|56/271 par\n|move|p1a: Iron Jugulis|Dark Pulse|p2a: Registeel\n|-damage|p2a: Registeel|35/262\n|\n|-heal|p2a: Registeel|51/262|[from] item: Leftovers\n|upkeep\n|turn|11\n|\n|t:|1781405360\n|move|p2a: Registeel|Iron Head|p1a: Iron Jugulis\n|-damage|p1a: Iron Jugulis|0 fnt\n|faint|p1a: Iron Jugulis\n|-end|p1a: Iron Jugulis|Quark Drive|[silent]\n|\n|-heal|p2a: Registeel|67/262|[from] item: Leftovers\n|upkeep\n|\n|t:|1781405365\n|switch|p1a: Primarina|Primarina, L83, F|268/268\n|-damage|p1a: Primarina|235/268|[from] Stealth Rock\n|turn|12\n|\n|t:|1781405382\n|switch|p2a: Basculin|Basculin-Blue-Striped, L86, M|261/261\n|move|p1a: Primarina|Sparkling Aria|p2a: Basculin\n|-resisted|p2a: Basculin\n|-damage|p2a: Basculin|180/261\n|\n|-heal|p1a: Primarina|251/268|[from] item: Leftovers\n|upkeep\n|turn|13\n|\n|t:|1781405397\n|switch|p1a: Abomasnow|Abomasnow, L84, F|287/287 par\n|-damage|p1a: Abomasnow|216/287 par|[from] Stealth Rock\n|-weather|Snowscape|[from] ability: Snow Warning|[of] p1a: Abomasnow\n|move|p2a: Basculin|Wave Crash|p1a: Abomasnow\n|-resisted|p1a: Abomasnow\n|-damage|p1a: Abomasnow|121/287 par\n|-damage|p2a: Basculin|149/261|[from] Recoil\n|\n|-weather|Snowscape|[upkeep]\n|upkeep\n|turn|14\n|\n|t:|1781405427\n|move|p2a: Basculin|Wave Crash|p1a: Abomasnow\n|-resisted|p1a: Abomasnow\n|-damage|p1a: Abomasnow|24/287 par\n|-damage|p2a: Basculin|117/261|[from] Recoil\n|move|p1a: Abomasnow|Aurora Veil|p1a: Abomasnow\n|-sidestart|p1: Lujay7|move: Aurora Veil\n|\n|-weather|Snowscape|[upkeep]\n|upkeep\n|turn|15\n|\n|t:|1781405430\n|move|p2a: Basculin|Wave Crash|p1a: Abomasnow\n|-resisted|p1a: Abomasnow\n|-damage|p1a: Abomasnow|0 fnt\n|faint|p1a: Abomasnow\n|-damage|p2a: Basculin|109/261|[from] Recoil\n|\n|-weather|Snowscape|[upkeep]\n|upkeep\n|\n|t:|1781405438\n|switch|p1a: Tentacruel|Tentacruel, L84, F|272/272\n|-damage|p1a: Tentacruel|238/272|[from] Stealth Rock\n|turn|16\n|\n|t:|1781405456\n|switch|p2a: Registeel|Registeel, L81|67/262\n|move|p1a: Tentacruel|Rapid Spin|p2a: Registeel\n|-resisted|p2a: Registeel\n|-damage|p2a: Registeel|58/262\n|-boost|p1a: Tentacruel|spe|1\n|-sideend|p1: Lujay7|Stealth Rock|[from] move: Rapid Spin|[of] p1a: Tentacruel\n|\n|-weather|Snowscape|[upkeep]\n|-heal|p1a: Tentacruel|255/272|[from] item: Leftovers\n|-heal|p2a: Registeel|74/262|[from] item: Leftovers\n|upkeep\n|turn|17\n|inactive|Lujay7 has 120 seconds left.\n|\n|t:|1781405496\n|move|p1a: Tentacruel|Toxic Spikes|p2a: Registeel\n|-sidestart|p2: Fuk ICE|move: Toxic Spikes\n|move|p2a: Registeel|Thunder Wave|p1a: Tentacruel|[miss]\n|-miss|p2a: Registeel|p1a: Tentacruel\n|\n|-weather|none\n|-heal|p1a: Tentacruel|272/272|[from] item: Leftovers\n|-heal|p2a: Registeel|90/262|[from] item: Leftovers\n|upkeep\n|turn|18\n|\n|t:|1781405501\n|move|p1a: Tentacruel|Surf|p2a: Registeel\n|-damage|p2a: Registeel|30/262\n|move|p2a: Registeel|Thunder Wave|p1a: Tentacruel\n|-status|p1a: Tentacruel|par\n|\n|-heal|p2a: Registeel|46/262|[from] item: Leftovers\n|upkeep\n|turn|19\n|\n|t:|1781405510\n|move|p1a: Tentacruel|Toxic Spikes|p2a: Registeel\n|-sidestart|p2: Fuk ICE|move: Toxic Spikes\n|move|p2a: Registeel|Stealth Rock|p1a: Tentacruel\n|-sidestart|p1: Lujay7|move: Stealth Rock\n|\n|-heal|p2a: Registeel|62/262|[from] item: Leftovers\n|upkeep\n|turn|20\n|\n|t:|1781405540\n|switch|p2a: Basculin|Basculin-Blue-Striped, L86, M|109/261\n|-status|p2a: Basculin|tox\n|cant|p1a: Tentacruel|par\n|\n|-damage|p2a: Basculin|93/261 tox|[from] psn\n|upkeep\n|turn|21\n|\n|t:|1781405561\n|move|p2a: Basculin|Double-Edge|p1a: Tentacruel\n|-damage|p1a: Tentacruel|199/272 par\n|-damage|p2a: Basculin|69/261 tox|[from] Recoil\n|move|p1a: Tentacruel|Rapid Spin|p2a: Basculin\n|-damage|p2a: Basculin|32/261 tox\n|-boost|p1a: Tentacruel|spe|1\n|-sideend|p1: Lujay7|Stealth Rock|[from] move: Rapid Spin|[of] p1a: Tentacruel\n|\n|-heal|p1a: Tentacruel|216/272 par|[from] item: Leftovers\n|-damage|p2a: Basculin|0 fnt|[from] psn\n|faint|p2a: Basculin\n|-sideend|p1: Lujay7|move: Aurora Veil\n|upkeep\n|\n|t:|1781405574\n|switch|p2a: Azelf|Azelf, L82|257/257\n|turn|22\n|\n|t:|1781405594\n|switch|p1a: Hatterene|Hatterene, L85, F|56/236\n|move|p2a: Azelf|Psychic|p1a: Hatterene\n|-resisted|p1a: Hatterene\n|-damage|p1a: Hatterene|24/236\n|-unboost|p1a: Hatterene|spd|1\n|\n|upkeep\n|turn|23\n|\n|t:|1781405607\n|switch|p1a: Umbreon|Umbreon, L84, F|235/297\n|move|p2a: Azelf|Knock Off|p1a: Umbreon\n|-resisted|p1a: Umbreon\n|-damage|p1a: Umbreon|211/297\n|\n|upkeep\n|turn|24\n|\n|t:|1781405630\n|move|p2a: Azelf|U-turn|p1a: Umbreon\n|-supereffective|p1a: Umbreon\n|-damage|p1a: Umbreon|119/297\n|\n|t:|1781405640\n|switch|p2a: Registeel|Registeel, L81|62/262|[from] U-turn\n|move|p1a: Umbreon|Foul Play|p2a: Registeel\n|-damage|p2a: Registeel|11/262\n|\n|-heal|p2a: Registeel|27/262|[from] item: Leftovers\n|upkeep\n|turn|25\n|\n|t:|1781405648\n|switch|p2a: Bombirdier|Bombirdier, L85, M|258/258\n|move|p1a: Umbreon|Foul Play|p2a: Bombirdier\n|-resisted|p2a: Bombirdier\n|-damage|p2a: Bombirdier|205/258\n|\n|upkeep\n|turn|26\n|\n|t:|1781405654\n|move|p1a: Umbreon|Protect|p1a: Umbreon\n|-singleturn|p1a: Umbreon|Protect\n|move|p2a: Bombirdier|Brave Bird|p1a: Umbreon\n|-activate|p1a: Umbreon|move: Protect\n|\n|upkeep\n|turn|27\n|\n|t:|1781405672\n|switch|p1a: Hatterene|Hatterene, L85, F|24/236\n|move|p2a: Bombirdier|Brave Bird|p1a: Hatterene\n|-crit|p1a: Hatterene\n|-damage|p1a: Hatterene|0 fnt\n|faint|p1a: Hatterene\n|-damage|p2a: Bombirdier|197/258|[from] Recoil\n|\n|upkeep\n|\n|t:|1781405677\n|switch|p1a: Primarina|Primarina, L83, F|251/268\n|turn|28\n|\n|t:|1781405688\n|switch|p2a: Registeel|Registeel, L81|27/262\n|move|p1a: Primarina|Draining Kiss|p2a: Registeel\n|-resisted|p2a: Registeel\n|-damage|p2a: Registeel|5/262\n|-heal|p1a: Primarina|268/268|[from] drain|[of] p2a: Registeel\n|\n|-heal|p2a: Registeel|21/262|[from] item: Leftovers\n|upkeep\n|turn|29\n|\n|t:|1781405713\n|move|p1a: Primarina|Sparkling Aria|p2a: Registeel\n|-damage|p2a: Registeel|0 fnt\n|faint|p2a: Registeel\n|\n|upkeep\n|\n|t:|1781405719\n|switch|p2a: Jolteon|Jolteon, L84, F|246/246\n|-status|p2a: Jolteon|tox\n|turn|30\n|inactive|Lujay7 has 120 seconds left.\n|\n|t:|1781405748\n|-terastallize|p1a: Primarina|Poison\n|move|p2a: Jolteon|Thunderbolt|p1a: Primarina\n|-damage|p1a: Primarina|139/268\n|move|p1a: Primarina|Calm Mind|p1a: Primarina\n|-boost|p1a: Primarina|spa|1\n|-boost|p1a: Primarina|spd|1\n|\n|-heal|p1a: Primarina|155/268|[from] item: Leftovers\n|-damage|p2a: Jolteon|231/246 tox|[from] psn\n|upkeep\n|turn|31\n|inactive|Lujay7 has 120 seconds left.\n|\n|t:|1781405778\n|move|p2a: Jolteon|Thunderbolt|p1a: Primarina\n|-damage|p1a: Primarina|65/268\n|move|p1a: Primarina|Draining Kiss|p2a: Jolteon\n|-damage|p2a: Jolteon|138/246 tox\n|-heal|p1a: Primarina|135/268|[from] drain|[of] p2a: Jolteon\n|\n|-heal|p1a: Primarina|151/268|[from] item: Leftovers\n|-damage|p2a: Jolteon|108/246 tox|[from] psn\n|upkeep\n|turn|32\n|\n|t:|1781405794\n|move|p2a: Jolteon|Thunderbolt|p1a: Primarina\n|-damage|p1a: Primarina|67/268\n|move|p1a: Primarina|Draining Kiss|p2a: Jolteon\n|-damage|p2a: Jolteon|14/246 tox\n|-heal|p1a: Primarina|138/268|[from] drain|[of] p2a: Jolteon\n|\n|-heal|p1a: Primarina|154/268|[from] item: Leftovers\n|-damage|p2a: Jolteon|0 fnt|[from] psn\n|faint|p2a: Jolteon\n|upkeep\n|\n|t:|1781405795\n|switch|p2a: Eternatus|Eternatus, L69|308/308\n|-sideend|p2: Fuk ICE|move: Toxic Spikes|[of] p2a: Eternatus\n|-ability|p2a: Eternatus|Pressure\n|turn|33\n|inactive|Lujay7 has 120 seconds left.\n|\n|t:|1781405810\n|switch|p2a: Azelf|Azelf, L82|257/257\n|move|p1a: Primarina|Calm Mind|p1a: Primarina\n|-boost|p1a: Primarina|spa|1\n|-boost|p1a: Primarina|spd|1\n|\n|-heal|p1a: Primarina|170/268|[from] item: Leftovers\n|upkeep\n|turn|34\n|\n|t:|1781405815\n|move|p2a: Azelf|Explosion|p1a: Primarina\n|-damage|p1a: Primarina|0 fnt\n|faint|p2a: Azelf\n|faint|p1a: Primarina\n|\n|upkeep\n|\n|t:|1781405823\n|switch|p2a: Bombirdier|Bombirdier, L85, M|197/258\n|switch|p1a: Tentacruel|Tentacruel, L84, F|216/272 par\n|turn|35\n|\n|t:|1781405830\n|move|p2a: Bombirdier|Brave Bird|p1a: Tentacruel\n|-damage|p1a: Tentacruel|48/272 par\n|-damage|p2a: Bombirdier|142/258|[from] Recoil\n|move|p1a: Tentacruel|Sludge Bomb|p2a: Bombirdier\n|-damage|p2a: Bombirdier|57/258\n|\n|-heal|p1a: Tentacruel|65/272 par|[from] item: Leftovers\n|upkeep\n|turn|36\n|\n|t:|1781405833\n|move|p2a: Bombirdier|Brave Bird|p1a: Tentacruel\n|-damage|p1a: Tentacruel|0 fnt\n|faint|p1a: Tentacruel\n|-damage|p2a: Bombirdier|36/258|[from] Recoil\n|\n|upkeep\n|\n|t:|1781405835\n|switch|p1a: Umbreon|Umbreon, L84, F|119/297\n|turn|37\n|\n|t:|1781405841\n|move|p2a: Bombirdier|Brave Bird|p1a: Umbreon\n|-damage|p1a: Umbreon|1/297\n|-damage|p2a: Bombirdier|0 fnt|[from] Recoil\n|faint|p2a: Bombirdier\n|move|p1a: Umbreon|Wish|p1a: Umbreon\n|\n|upkeep\n|\n|t:|1781405842\n|switch|p2a: Eternatus|Eternatus, L69|308/308\n|-ability|p2a: Eternatus|Pressure\n|turn|38\n|\n|t:|1781405849\n|move|p1a: Umbreon|Protect|p1a: Umbreon\n|-singleturn|p1a: Umbreon|Protect\n|move|p2a: Eternatus|Fire Blast|p1a: Umbreon\n|-activate|p1a: Umbreon|move: Protect\n|\n|-heal|p1a: Umbreon|149/297|[from] move: Wish|[wisher] Umbreon\n|upkeep\n|turn|39\n|\n|t:|1781405853\n|move|p2a: Eternatus|Sludge Bomb|p1a: Umbreon\n|-damage|p1a: Umbreon|77/297\n|-status|p1a: Umbreon|psn\n|-activate|p1a: Umbreon|ability: Synchronize\n|-immune|p2a: Eternatus\n|move|p1a: Umbreon|Wish|p1a: Umbreon\n|\n|-damage|p1a: Umbreon|40/297 psn|[from] psn\n|upkeep\n|turn|40\n|\n|t:|1781405856\n|move|p1a: Umbreon|Protect|p1a: Umbreon\n|-singleturn|p1a: Umbreon|Protect\n|move|p2a: Eternatus|Fire Blast|p1a: Umbreon\n|-activate|p1a: Umbreon|move: Protect\n|\n|-heal|p1a: Umbreon|188/297 psn|[from] move: Wish|[wisher] Umbreon\n|-damage|p1a: Umbreon|151/297 psn|[from] psn\n|upkeep\n|turn|41\n|\n|t:|1781405859\n|move|p2a: Eternatus|Sludge Bomb|p1a: Umbreon\n|-damage|p1a: Umbreon|87/297 psn\n|move|p1a: Umbreon|Wish|p1a: Umbreon\n|\n|-damage|p1a: Umbreon|50/297 psn|[from] psn\n|upkeep\n|turn|42\n|\n|t:|1781405862\n|move|p1a: Umbreon|Protect|p1a: Umbreon\n|-singleturn|p1a: Umbreon|Protect\n|move|p2a: Eternatus|Sludge Bomb|p1a: Umbreon\n|-activate|p1a: Umbreon|move: Protect\n|\n|-heal|p1a: Umbreon|198/297 psn|[from] move: Wish|[wisher] Umbreon\n|-damage|p1a: Umbreon|161/297 psn|[from] psn\n|upkeep\n|turn|43\n|\n|t:|1781405865\n|move|p2a: Eternatus|Sludge Bomb|p1a: Umbreon\n|-damage|p1a: Umbreon|98/297 psn\n|move|p1a: Umbreon|Wish|p1a: Umbreon\n|\n|-damage|p1a: Umbreon|61/297 psn|[from] psn\n|upkeep\n|turn|44\n|\n|t:|1781405867\n|move|p1a: Umbreon|Protect|p1a: Umbreon\n|-singleturn|p1a: Umbreon|Protect\n|move|p2a: Eternatus|Sludge Bomb|p1a: Umbreon\n|-activate|p1a: Umbreon|move: Protect\n|\n|-heal|p1a: Umbreon|209/297 psn|[from] move: Wish|[wisher] Umbreon\n|-damage|p1a: Umbreon|172/297 psn|[from] psn\n|upkeep\n|turn|45\n|\n|t:|1781405870\n|move|p2a: Eternatus|Sludge Bomb|p1a: Umbreon\n|-damage|p1a: Umbreon|106/297 psn\n|move|p1a: Umbreon|Wish|p1a: Umbreon\n|\n|-damage|p1a: Umbreon|69/297 psn|[from] psn\n|upkeep\n|turn|46\n|\n|t:|1781405872\n|move|p1a: Umbreon|Protect|p1a: Umbreon\n|-singleturn|p1a: Umbreon|Protect\n|move|p2a: Eternatus|Sludge Bomb|p1a: Umbreon\n|-activate|p1a: Umbreon|move: Protect\n|\n|-heal|p1a: Umbreon|217/297 psn|[from] move: Wish|[wisher] Umbreon\n|-damage|p1a: Umbreon|180/297 psn|[from] psn\n|upkeep\n|turn|47\n|\n|t:|1781405876\n|move|p2a: Eternatus|Sludge Bomb|p1a: Umbreon\n|-damage|p1a: Umbreon|113/297 psn\n|move|p1a: Umbreon|Wish|p1a: Umbreon\n|\n|-damage|p1a: Umbreon|76/297 psn|[from] psn\n|upkeep\n|turn|48\n|\n|t:|1781405880\n|move|p1a: Umbreon|Protect|p1a: Umbreon\n|-singleturn|p1a: Umbreon|Protect\n|move|p2a: Eternatus|Sludge Bomb|p1a: Umbreon\n|-activate|p1a: Umbreon|move: Protect\n|\n|-heal|p1a: Umbreon|224/297 psn|[from] move: Wish|[wisher] Umbreon\n|-damage|p1a: Umbreon|187/297 psn|[from] psn\n|upkeep\n|turn|49\n|\n|t:|1781405883\n|move|p2a: Eternatus|Sludge Bomb|p1a: Umbreon\n|-damage|p1a: Umbreon|121/297 psn\n|move|p1a: Umbreon|Wish|p1a: Umbreon\n|\n|-damage|p1a: Umbreon|84/297 psn|[from] psn\n|upkeep\n|turn|50\n|\n|t:|1781405886\n|move|p1a: Umbreon|Protect|p1a: Umbreon\n|-singleturn|p1a: Umbreon|Protect\n|move|p2a: Eternatus|Sludge Bomb|p1a: Umbreon\n|-activate|p1a: Umbreon|move: Protect\n|\n|-heal|p1a: Umbreon|232/297 psn|[from] move: Wish|[wisher] Umbreon\n|-damage|p1a: Umbreon|195/297 psn|[from] psn\n|upkeep\n|turn|51\n|\n|t:|1781405888\n|move|p2a: Eternatus|Sludge Bomb|p1a: Umbreon\n|-damage|p1a: Umbreon|132/297 psn\n|move|p1a: Umbreon|Wish|p1a: Umbreon\n|\n|-damage|p1a: Umbreon|95/297 psn|[from] psn\n|upkeep\n|turn|52\n|\n|t:|1781405892\n|move|p1a: Umbreon|Protect|p1a: Umbreon\n|-singleturn|p1a: Umbreon|Protect\n|move|p2a: Eternatus|Fire Blast|p1a: Umbreon\n|-activate|p1a: Umbreon|move: Protect\n|\n|-heal|p1a: Umbreon|243/297 psn|[from] move: Wish|[wisher] Umbreon\n|-damage|p1a: Umbreon|206/297 psn|[from] psn\n|upkeep\n|turn|53\n|\n|t:|1781405896\n|move|p2a: Eternatus|Sludge Bomb|p1a: Umbreon\n|-damage|p1a: Umbreon|145/297 psn\n|move|p1a: Umbreon|Wish|p1a: Umbreon\n|\n|-damage|p1a: Umbreon|108/297 psn|[from] psn\n|upkeep\n|turn|54\n|\n|t:|1781405900\n|move|p1a: Umbreon|Protect|p1a: Umbreon\n|-singleturn|p1a: Umbreon|Protect\n|move|p2a: Eternatus|Fire Blast|p1a: Umbreon\n|-activate|p1a: Umbreon|move: Protect\n|\n|-heal|p1a: Umbreon|256/297 psn|[from] move: Wish|[wisher] Umbreon\n|-damage|p1a: Umbreon|219/297 psn|[from] psn\n|upkeep\n|turn|55\n|\n|t:|1781405904\n|move|p2a: Eternatus|Sludge Bomb|p1a: Umbreon\n|-damage|p1a: Umbreon|150/297 psn\n|move|p1a: Umbreon|Wish|p1a: Umbreon\n|\n|-damage|p1a: Umbreon|113/297 psn|[from] psn\n|upkeep\n|turn|56\n|\n|t:|1781405910\n|move|p1a: Umbreon|Protect|p1a: Umbreon\n|-singleturn|p1a: Umbreon|Protect\n|move|p2a: Eternatus|Fire Blast|p1a: Umbreon\n|-activate|p1a: Umbreon|move: Protect\n|\n|-heal|p1a: Umbreon|261/297 psn|[from] move: Wish|[wisher] Umbreon\n|-damage|p1a: Umbreon|224/297 psn|[from] psn\n|upkeep\n|turn|57\n|\n|t:|1781405914\n|move|p2a: Eternatus|Sludge Bomb|p1a: Umbreon\n|-damage|p1a: Umbreon|158/297 psn\n|move|p1a: Umbreon|Wish|p1a: Umbreon\n|\n|-damage|p1a: Umbreon|121/297 psn|[from] psn\n|upkeep\n|turn|58\n|\n|t:|1781405917\n|move|p1a: Umbreon|Protect|p1a: Umbreon\n|-singleturn|p1a: Umbreon|Protect\n|move|p2a: Eternatus|Fire Blast|p1a: Umbreon\n|-activate|p1a: Umbreon|move: Protect\n|\n|-heal|p1a: Umbreon|269/297 psn|[from] move: Wish|[wisher] Umbreon\n|-damage|p1a: Umbreon|232/297 psn|[from] psn\n|upkeep\n|turn|59\n|\n|t:|1781405920\n|move|p2a: Eternatus|Sludge Bomb|p1a: Umbreon\n|-damage|p1a: Umbreon|165/297 psn\n|move|p1a: Umbreon|Wish|p1a: Umbreon\n|\n|-damage|p1a: Umbreon|128/297 psn|[from] psn\n|upkeep\n|turn|60\n|\n|t:|1781405923\n|move|p1a: Umbreon|Protect|p1a: Umbreon\n|-singleturn|p1a: Umbreon|Protect\n|move|p2a: Eternatus|Fire Blast|p1a: Umbreon\n|-activate|p1a: Umbreon|move: Protect\n|\n|-heal|p1a: Umbreon|276/297 psn|[from] move: Wish|[wisher] Umbreon\n|-damage|p1a: Umbreon|239/297 psn|[from] psn\n|upkeep\n|turn|61\n|\n|t:|1781405928\n|-terastallize|p2a: Eternatus|Dragon\n|move|p2a: Eternatus|Dynamax Cannon|p1a: Umbreon\n|-damage|p1a: Umbreon|145/297 psn\n|move|p1a: Umbreon|Wish|p1a: Umbreon\n|\n|-damage|p1a: Umbreon|108/297 psn|[from] psn\n|upkeep\n|turn|62\n|\n|t:|1781405933\n|move|p1a: Umbreon|Protect|p1a: Umbreon\n|-singleturn|p1a: Umbreon|Protect\n|move|p2a: Eternatus|Fire Blast|p1a: Umbreon\n|-activate|p1a: Umbreon|move: Protect\n|\n|-heal|p1a: Umbreon|256/297 psn|[from] move: Wish|[wisher] Umbreon\n|-damage|p1a: Umbreon|219/297 psn|[from] psn\n|upkeep\n|turn|63\n|\n|t:|1781405936\n|move|p2a: Eternatus|Dynamax Cannon|p1a: Umbreon\n|-damage|p1a: Umbreon|119/297 psn\n|move|p1a: Umbreon|Wish|p1a: Umbreon\n|\n|-damage|p1a: Umbreon|82/297 psn|[from] psn\n|upkeep\n|turn|64\n|\n|t:|1781405939\n|move|p1a: Umbreon|Protect|p1a: Umbreon\n|-singleturn|p1a: Umbreon|Protect\n|move|p2a: Eternatus|Dynamax Cannon|p1a: Umbreon\n|-activate|p1a: Umbreon|move: Protect\n|\n|-heal|p1a: Umbreon|230/297 psn|[from] move: Wish|[wisher] Umbreon\n|-damage|p1a: Umbreon|193/297 psn|[from] psn\n|upkeep\n|turn|65\n|\n|t:|1781405941\n|move|p2a: Eternatus|Dynamax Cannon|p1a: Umbreon\n|-damage|p1a: Umbreon|91/297 psn\n|move|p1a: Umbreon|Foul Play|p2a: Eternatus\n|-damage|p2a: Eternatus|244/308\n|\n|-heal|p2a: Eternatus|263/308|[from] item: Leftovers\n|-damage|p1a: Umbreon|54/297 psn|[from] psn\n|upkeep\n|turn|66\n|\n|t:|1781405944\n|move|p2a: Eternatus|Recover|p2a: Eternatus\n|-heal|p2a: Eternatus|308/308\n|move|p1a: Umbreon|Foul Play|p2a: Eternatus\n|-damage|p2a: Eternatus|238/308\n|\n|-heal|p2a: Eternatus|257/308|[from] item: Leftovers\n|-damage|p1a: Umbreon|17/297 psn|[from] psn\n|upkeep\n|turn|67\n|\n|t:|1781405947\n|move|p2a: Eternatus|Dynamax Cannon|p1a: Umbreon\n|-damage|p1a: Umbreon|0 fnt\n|faint|p1a: Umbreon\n|\n|win|Fuk ICE\n", "inputlog": ">version a8376a258c1d4662feba110a92103f3664a72141\n>start {\"formatid\":\"gen9randombattle\",\"seed\":\"sodium,c51e2399cbb30feb4fa42de8768ff4db\",\"rated\":\"Rated battle\"}\n>player p1 {\"name\":\"Lujay7\",\"avatar\":\"101\",\"rating\":2077,\"seed\":\"sodium,b51f61de9d4050ace4d91e8e2abec8db\"}\n>player p2 {\"name\":\"Fuk ICE\",\"avatar\":\"265\",\"rating\":2129,\"seed\":\"sodium,9e8d5ca138fcee24b4020614785efac5\"}\n>p1 move auroraveil\n>p2 move thunderwave\n>p1 switch 2\n>p2 move stealthrock\n>p1 move earthpower\n>p2 move thunderwave\n>p1 move earthpower\n>p2 switch 3\n>p1 switch 5\n>p2 move knockoff\n>p1 move wish\n>p2 switch 3\n>p1 switch 4\n>p2 move bodypress\n>p1 move mysticalfire\n>p2 move ironhead\n>p1 switch 5\n>p2 move ironhead\n>p1 move darkpulse\n>p2 move ironhead\n>p1 move darkpulse\n>p2 move ironhead\n>p1 switch 6\n>p1 move sparklingaria\n>p2 switch 6\n>p1 switch 2\n>p2 move wavecrash\n>p1 move auroraveil\n>p2 move wavecrash\n>p1 move earthquake\n>p2 move wavecrash\n>p1 switch 3\n>p1 move rapidspin\n>p2 switch 6\n>p1 move toxicspikes\n>p2 move thunderwave\n>p1 move surf\n>p2 move thunderwave\n>p1 move toxicspikes\n>p2 move stealthrock\n>p1 move surf\n>p2 switch 6\n>p1 move rapidspin\n>p2 move doubleedge\n>p2 switch 5\n>p1 switch 5\n>p2 move psychic\n>p1 switch 4\n>p2 move knockoff\n>p1 move foulplay\n>p2 move uturn\n>p2 switch 6\n>p1 move foulplay\n>p2 switch 3\n>p1 move protect\n>p2 move bravebird\n>p1 switch 4\n>p2 move bravebird\n>p1 switch 2\n>p1 move drainingkiss\n>p2 switch 3\n>p1 move sparklingaria\n>p2 move thunderwave\n>p2 switch 2\n>p1 move calmmind terastallize\n>p2 move thunderbolt\n>p1 move drainingkiss\n>p2 move thunderbolt\n>p1 move drainingkiss\n>p2 move thunderbolt\n>p2 switch 4\n>p1 move calmmind\n>p2 switch 6\n>p1 move drainingkiss\n>p2 move explosion\n>p1 switch 5\n>p2 switch 3\n>p1 move sludgebomb\n>p2 move bravebird\n>p1 move sludgebomb\n>p2 move bravebird\n>p1 switch 4\n>p1 move wish\n>p2 move bravebird\n>p2 switch 6\n>p1 move protect\n>p2 move fireblast\n>p1 move wish\n>p2 move sludgebomb\n>p1 move protect\n>p2 move fireblast\n>p1 move wish\n>p2 move sludgebomb\n>p1 move protect\n>p2 move sludgebomb\n>p1 move wish\n>p2 move sludgebomb\n>p1 move protect\n>p2 move sludgebomb\n>p1 move wish\n>p2 move sludgebomb\n>p1 move protect\n>p2 move sludgebomb\n>p1 move wish\n>p2 move sludgebomb\n>p1 move protect\n>p2 move sludgebomb\n>p1 move wish\n>p2 move sludgebomb\n>p1 move protect\n>p2 move sludgebomb\n>p1 move wish\n>p2 move sludgebomb\n>p1 move protect\n>p2 move fireblast\n>p1 move wish\n>p2 move sludgebomb\n>p1 move protect\n>p2 move fireblast\n>p1 move wish\n>p2 move sludgebomb\n>p1 move protect\n>p2 move fireblast\n>p1 move wish\n>p2 move sludgebomb\n>p1 move protect\n>p2 move fireblast\n>p1 move wish\n>p2 move sludgebomb\n>p1 move protect\n>p2 move fireblast\n>p1 move wish\n>p2 move dynamaxcannon terastallize\n>p1 move protect\n>p2 move fireblast\n>p1 move wish\n>p2 move dynamaxcannon\n>p1 move protect\n>p2 move dynamaxcannon\n>p1 move foulplay\n>p2 move dynamaxcannon\n>p1 move foulplay\n>p2 move recover\n>p1 move foulplay\n>p2 move dynamaxcannon", "uploadtime": 1781405217, "views": 4, "formatid": "gen9randombattle", "rating": null, "private": 0, "password": null, "player_dets": [{"name": "Lujay7", "avatar": "101", "rating": 2077, "seed": "sodium,b51f61de9d4050ace4d91e8e2abec8db"}, {"name": "Fuk ICE", "avatar": "265", "rating": 2129, "seed": "sodium,9e8d5ca138fcee24b4020614785efac5"}], "teams_full": [{"Abomasnow": {"name": "Abomasnow", "species": "Abomasnow", "speciesId": "abomasnow", "gender": "F", "shiny": false, "level": 84, "moves": ["earthquake", "iceshard", "blizzard", "auroraveil"], "ability": "Snow Warning", "evs": {"hp": 77, "atk": 85, "def": 85, "spa": 85, "spd": 85, "spe": 85}, "ivs": {"hp": 31, "atk": 31, "def": 31, "spa": 31, "spd": 31, "spe": 31}, "item": "Light Clay", "teraType": "Ghost", "role": "Bulky Support", "bvs": {"hp": 90, "atk": 92, "def": 75, "spa": 92, "spd": 85, "spe": 60}, "stats": {"hp": 287, "atk": 203, "def": 174, "spa": 203, "spd": 191, "spe": 149}}, "Iron Jugulis": {"name": "Iron Jugulis", "species": "Iron Jugulis", "speciesId": "ironjugulis", "gender": "N", "shiny": false, "level": 77, "moves": ["hydropump", "earthpower", "hurricane", "darkpulse"], "ability": "Quark Drive", "evs": {"hp": 85, "atk": 0, "def": 85, "spa": 85, "spd": 85, "spe": 85}, "ivs": {"hp": 31, "atk": 0, "def": 31, "spa": 31, "spd": 31, "spe": 31}, "item": "Choice Specs", "teraType": "Flying", "role": "Wallbreaker", "bvs": {"hp": 94, "atk": 80, "def": 86, "spa": 122, "spd": 80, "spe": 108}, "stats": {"hp": 271, "atk": 128, "def": 177, "spa": 232, "spd": 168, "spe": 211}}, "Tentacruel": {"name": "Tentacruel", "species": "Tentacruel", "speciesId": "tentacruel", "gender": "F", "shiny": false, "level": 84, "moves": ["rapidspin", "sludgebomb", "surf", "toxicspikes"], "ability": "Liquid Ooze", "evs": {"hp": 85, "atk": 85, "def": 85, "spa": 85, "spd": 85, "spe": 85}, "ivs": {"hp": 31, "atk": 31, "def": 31, "spa": 31, "spd": 31, "spe": 31}, "item": "Leftovers", "teraType": "Grass", "role": "Bulky Support", "bvs": {"hp": 80, "atk": 70, "def": 65, "spa": 80, "spd": 120, "spe": 100}, "stats": {"hp": 272, "atk": 166, "def": 157, "spa": 183, "spd": 250, "spe": 216}}, "Hatterene": {"name": "Hatterene", "species": "Hatterene", "speciesId": "hatterene", "gender": "F", "shiny": false, "level": 85, "moves": ["psychicnoise", "drainingkiss", "mysticalfire", "nuzzle"], "ability": "Magic Bounce", "evs": {"hp": 85, "atk": 85, "def": 85, "spa": 85, "spd": 85, "spe": 85}, "ivs": {"hp": 31, "atk": 31, "def": 31, "spa": 31, "spd": 31, "spe": 31}, "item": "Assault Vest", "teraType": "Fairy", "role": "AV Pivot", "bvs": {"hp": 57, "atk": 90, "def": 95, "spa": 136, "spd": 103, "spe": 29}, "stats": {"hp": 236, "atk": 202, "def": 210, "spa": 280, "spd": 224, "spe": 98}}, "Umbreon": {"name": "Umbreon", "species": "Umbreon", "speciesId": "umbreon", "gender": "F", "shiny": false, "level": 84, "moves": ["toxic", "foulplay", "protect", "wish"], "ability": "Synchronize", "evs": {"hp": 85, "atk": 0, "def": 85, "spa": 85, "spd": 85, "spe": 85}, "ivs": {"hp": 31, "atk": 0, "def": 31, "spa": 31, "spd": 31, "spe": 31}, "item": "Leftovers", "teraType": "Poison", "role": "Bulky Support", "bvs": {"hp": 95, "atk": 65, "def": 110, "spa": 60, "spd": 130, "spe": 65}, "stats": {"hp": 297, "atk": 114, "def": 233, "spa": 149, "spd": 267, "spe": 157}}, "Primarina": {"name": "Primarina", "species": "Primarina", "speciesId": "primarina", "gender": "F", "shiny": false, "level": 83, "moves": ["sparklingaria", "psychic", "calmmind", "drainingkiss"], "ability": "Torrent", "evs": {"hp": 85, "atk": 0, "def": 85, "spa": 85, "spd": 85, "spe": 85}, "ivs": {"hp": 31, "atk": 0, "def": 31, "spa": 31, "spd": 31, "spe": 31}, "item": "Leftovers", "teraType": "Poison", "role": "Bulky Attacker", "bvs": {"hp": 80, "atk": 74, "def": 74, "spa": 126, "spd": 116, "spe": 60}, "stats": {"hp": 268, "atk": 127, "def": 171, "spa": 257, "spd": 240, "spe": 147}}}, {"Registeel": {"name": "Registeel", "species": "Registeel", "speciesId": "registeel", "gender": "N", "shiny": false, "level": 81, "moves": ["thunderwave", "bodypress", "ironhead", "stealthrock"], "ability": "Clear Body", "evs": {"hp": 85, "atk": 85, "def": 85, "spa": 85, "spd": 85, "spe": 85}, "ivs": {"hp": 31, "atk": 31, "def": 31, "spa": 31, "spd": 31, "spe": 31}, "item": "Leftovers", "teraType": "Fighting", "role": "Bulky Support", "bvs": {"hp": 80, "atk": 75, "def": 150, "spa": 75, "spd": 150, "spe": 50}, "stats": {"hp": 262, "atk": 168, "def": 290, "spa": 168, "spd": 290, "spe": 128}}, "Jolteon": {"name": "Jolteon", "species": "Jolteon", "speciesId": "jolteon", "gender": "F", "shiny": false, "level": 84, "moves": ["alluringvoice", "shadowball", "thunderbolt", "voltswitch"], "ability": "Volt Absorb", "evs": {"hp": 85, "atk": 0, "def": 85, "spa": 85, "spd": 85, "spe": 85}, "ivs": {"hp": 31, "atk": 0, "def": 31, "spa": 31, "spd": 31, "spe": 31}, "item": "Choice Specs", "teraType": "Electric", "role": "Fast Attacker", "bvs": {"hp": 65, "atk": 65, "def": 60, "spa": 110, "spd": 95, "spe": 130}, "stats": {"hp": 246, "atk": 114, "def": 149, "spa": 233, "spd": 208, "spe": 267}}, "Bombirdier": {"name": "Bombirdier", "species": "Bombirdier", "speciesId": "bombirdier", "gender": "M", "shiny": false, "level": 85, "moves": ["knockoff", "bravebird", "stoneedge", "uturn"], "ability": "Rocky Payload", "evs": {"hp": 85, "atk": 85, "def": 85, "spa": 85, "spd": 85, "spe": 85}, "ivs": {"hp": 31, "atk": 31, "def": 31, "spa": 31, "spd": 31, "spe": 31}, "item": "Choice Scarf", "teraType": "Rock", "role": "Fast Attacker", "bvs": {"hp": 70, "atk": 103, "def": 85, "spa": 60, "spd": 85, "spe": 82}, "stats": {"hp": 258, "atk": 224, "def": 193, "spa": 151, "spd": 193, "spe": 188}}, "Eternatus": {"name": "Eternatus", "species": "Eternatus", "speciesId": "eternatus", "gender": "N", "shiny": false, "level": 69, "moves": ["recover", "sludgebomb", "dynamaxcannon", "fireblast"], "ability": "Pressure", "evs": {"hp": 85, "atk": 0, "def": 85, "spa": 85, "spd": 85, "spe": 85}, "ivs": {"hp": 31, "atk": 0, "def": 31, "spa": 31, "spd": 31, "spe": 31}, "item": "Leftovers", "teraType": "Dragon", "role": "Bulky Attacker", "bvs": {"hp": 140, "atk": 85, "def": 95, "spa": 145, "spd": 95, "spe": 130}, "stats": {"hp": 308, "atk": 122, "def": 171, "spa": 240, "spd": 171, "spe": 220}}, "Azelf": {"name": "Azelf", "species": "Azelf", "speciesId": "azelf", "gender": "N", "shiny": false, "level": 82, "moves": ["psychic", "uturn", "explosion", "knockoff"], "ability": "Levitate", "evs": {"hp": 85, "atk": 85, "def": 85, "spa": 85, "spd": 85, "spe": 85}, "ivs": {"hp": 31, "atk": 31, "def": 31, "spa": 31, "spd": 31, "spe": 31}, "item": "Assault Vest", "teraType": "Dark", "role": "Fast Support", "bvs": {"hp": 75, "atk": 125, "def": 70, "spa": 125, "spd": 70, "spe": 115}, "stats": {"hp": 257, "atk": 252, "def": 162, "spa": 252, "spd": 162, "spe": 236}}, "Basculin": {"name": "Basculin", "species": "Basculin-Blue-Striped", "speciesId": "basculin", "gender": "M", "shiny": false, "level": 86, "moves": ["flipturn", "doubleedge", "wavecrash", "aquajet"], "ability": "Adaptability", "evs": {"hp": 85, "atk": 85, "def": 85, "spa": 85, "spd": 85, "spe": 85}, "ivs": {"hp": 31, "atk": 31, "def": 31, "spa": 31, "spd": 31, "spe": 31}, "item": "Choice Band", "teraType": "Water", "role": "Wallbreaker", "bvs": {"hp": 70, "atk": 92, "def": 65, "spa": 80, "spd": 55, "spe": 98}, "stats": {"hp": 261, "atk": 207, "def": 161, "spa": 187, "spd": 144, "spe": 218}}}]}