{"id": "gen9randombattle-2631453832", "format": "[Gen 9] Random Battle", "players": ["Malog7", "taipeiqueen22"], "log": "|j|\u2606Malog7\n|j|\u2606taipeiqueen22\n|t:|1781386591\n|gametype|singles\n|player|p1|Malog7|steven|2034\n|player|p2|taipeiqueen22|erika|1979\n|gen|9\n|tier|[Gen 9] Random Battle\n|rated|\n|rule|Species Clause: Limit one of each Pok\u00e9mon\n|rule|HP Percentage Mod: HP is shown in percentages\n|rule|Sleep Clause Mod: Limit one foe put to sleep\n|rule|Illusion Level Mod: Illusion disguises the Pok\u00e9mon's true level\n|\n|t:|1781386591\n|teamsize|p1|6\n|teamsize|p2|6\n|start\n|switch|p1a: Umbreon|Umbreon, L84, M|297/297\n|switch|p2a: Galvantula|Galvantula, L82, M|249/249\n|turn|1\n|inactive|Battle timer is ON: inactive players will automatically lose when time's up. (requested by Malog7)\n|\n|t:|1781386604\n|move|p2a: Galvantula|Sticky Web|p1a: Umbreon\n|-sidestart|p1: Malog7|move: Sticky Web\n|move|p1a: Umbreon|Toxic|p2a: Galvantula\n|-status|p2a: Galvantula|tox\n|\n|-damage|p2a: Galvantula|234/249 tox|[from] psn\n|upkeep\n|turn|2\n|\n|t:|1781386617\n|move|p2a: Galvantula|Bug Buzz|p1a: Umbreon\n|-supereffective|p1a: Umbreon\n|-damage|p1a: Umbreon|163/297\n|move|p1a: Umbreon|Wish|p1a: Umbreon\n|\n|-heal|p1a: Umbreon|181/297|[from] item: Leftovers\n|-damage|p2a: Galvantula|204/249 tox|[from] psn\n|upkeep\n|turn|3\n|\n|t:|1781386624\n|switch|p2a: Muk|Muk-Alola, L82, M|306/306\n|move|p1a: Umbreon|Foul Play|p2a: Muk\n|-resisted|p2a: Muk\n|-damage|p2a: Muk|252/306\n|\n|-heal|p1a: Umbreon|297/297|[from] move: Wish|[wisher] Umbreon\n|upkeep\n|turn|4\n|\n|t:|1781386637\n|move|p1a: Umbreon|Protect|p1a: Umbreon\n|-singleturn|p1a: Umbreon|Protect\n|move|p2a: Muk|Knock Off|p1a: Umbreon\n|-activate|p1a: Umbreon|move: Protect\n|\n|upkeep\n|turn|5\n|\n|t:|1781386644\n|switch|p1a: Eelektross|Eelektross, L87, F|290/290\n|move|p2a: Muk|Knock Off|p1a: Eelektross\n|-damage|p1a: Eelektross|182/290\n|-enditem|p1a: Eelektross|Leftovers|[from] move: Knock Off|[of] p2a: Muk\n|\n|upkeep\n|turn|6\n|inactive|taipeiqueen22 has 120 seconds left.\n|\n|t:|1781386696\n|switch|p2a: Torterra|Torterra, L78, M|276/276\n|move|p1a: Eelektross|Supercell Slam|p2a: Torterra\n|-immune|p2a: Torterra\n|-damage|p1a: Eelektross|37/290|[from] supercellslam\n|\n|upkeep\n|turn|7\n|\n|t:|1781386704\n|move|p1a: Eelektross|Knock Off|p2a: Torterra\n|-damage|p2a: Torterra|197/276\n|-enditem|p2a: Torterra|Loaded Dice|[from] move: Knock Off|[of] p1a: Eelektross\n|move|p2a: Torterra|Shell Smash|p2a: Torterra\n|-unboost|p2a: Torterra|def|1\n|-unboost|p2a: Torterra|spd|1\n|-boost|p2a: Torterra|atk|2\n|-boost|p2a: Torterra|spa|2\n|-boost|p2a: Torterra|spe|2\n|\n|upkeep\n|turn|8\n|\n|t:|1781386711\n|move|p2a: Torterra|Bullet Seed|p1a: Eelektross\n|-damage|p1a: Eelektross|0 fnt\n|faint|p1a: Eelektross\n|-hitcount|p1: Eelektross|1\n|\n|upkeep\n|\n|t:|1781386719\n|switch|p1a: Umbreon|Umbreon, L84, M|297/297\n|-activate|p1a: Umbreon|move: Sticky Web\n|-unboost|p1a: Umbreon|spe|1\n|turn|9\n|inactive|taipeiqueen22 has 120 seconds left.\n|\n|t:|1781386731\n|move|p2a: Torterra|Headlong Rush|p1a: Umbreon\n|-damage|p1a: Umbreon|75/297\n|-unboost|p2a: Torterra|def|1\n|-unboost|p2a: Torterra|spd|1\n|move|p1a: Umbreon|Foul Play|p2a: Torterra\n|-damage|p2a: Torterra|0 fnt\n|faint|p2a: Torterra\n|\n|-heal|p1a: Umbreon|93/297|[from] item: Leftovers\n|upkeep\n|inactive|taipeiqueen22 has 120 seconds left.\n|\n|t:|1781386746\n|switch|p2a: Crabominable|Crabominable, L90, M|321/321\n|turn|10\n|\n|t:|1781386750\n|move|p1a: Umbreon|Protect|p1a: Umbreon\n|-singleturn|p1a: Umbreon|Protect\n|move|p2a: Crabominable|Ice Hammer|p1a: Umbreon\n|-activate|p1a: Umbreon|move: Protect\n|\n|-heal|p1a: Umbreon|111/297|[from] item: Leftovers\n|upkeep\n|turn|11\n|\n|t:|1781386759\n|switch|p1a: Politoed|Politoed, L88, F|302/302\n|-activate|p1a: Politoed|move: Sticky Web\n|-unboost|p1a: Politoed|spe|1\n|-weather|RainDance|[from] ability: Drizzle|[of] p1a: Politoed\n|move|p2a: Crabominable|Ice Hammer|p1a: Politoed\n|-resisted|p1a: Politoed\n|-damage|p1a: Politoed|147/302\n|-unboost|p2a: Crabominable|spe|1\n|\n|-weather|RainDance|[upkeep]\n|upkeep\n|turn|12\n|inactive|taipeiqueen22 has 120 seconds left.\n|\n|t:|1781386787\n|switch|p2a: Muk|Muk-Alola, L82, M|252/306\n|move|p1a: Politoed|Hydro Pump|p2a: Muk|[miss]\n|-miss|p1a: Politoed|p2a: Muk\n|\n|-weather|RainDance|[upkeep]\n|upkeep\n|turn|13\n|\n|t:|1781386798\n|move|p2a: Muk|Gunk Shot|p1a: Politoed\n|-damage|p1a: Politoed|6/302\n|move|p1a: Politoed|Hydro Pump|p2a: Muk\n|-damage|p2a: Muk|92/306\n|\n|-weather|RainDance|[upkeep]\n|upkeep\n|turn|14\n|\n|t:|1781386803\n|move|p2a: Muk|Knock Off|p1a: Politoed\n|-damage|p1a: Politoed|0 fnt\n|-enditem|p1a: Politoed|Choice Specs|[from] move: Knock Off|[of] p2a: Muk\n|faint|p1a: Politoed\n|\n|-weather|RainDance|[upkeep]\n|upkeep\n|\n|t:|1781386811\n|switch|p1a: Iron Valiant|Iron Valiant, L78|244/244\n|-activate|p1a: Iron Valiant|move: Sticky Web\n|-unboost|p1a: Iron Valiant|spe|1\n|turn|15\n|\n|t:|1781386829\n|move|p2a: Muk|Shadow Sneak|p1a: Iron Valiant\n|-damage|p1a: Iron Valiant|213/244\n|-status|p1a: Iron Valiant|psn|[from] ability: Poison Touch|[of] p2a: Muk\n|move|p1a: Iron Valiant|Close Combat|p2a: Muk\n|-damage|p2a: Muk|0 fnt\n|-unboost|p1a: Iron Valiant|def|1\n|-unboost|p1a: Iron Valiant|spd|1\n|faint|p2a: Muk\n|-damage|p1a: Iron Valiant|189/244 psn|[from] item: Life Orb\n|\n|-weather|none\n|-damage|p1a: Iron Valiant|159/244 psn|[from] psn\n|upkeep\n|\n|t:|1781386848\n|switch|p2a: Galvantula|Galvantula, L82, M|204/249 tox\n|turn|16\n|\n|t:|1781386864\n|move|p2a: Galvantula|Thunder|p1a: Iron Valiant\n|-damage|p1a: Iron Valiant|0 fnt\n|faint|p1a: Iron Valiant\n|-end|p1a: Iron Valiant|Quark Drive|[silent]\n|\n|-damage|p2a: Galvantula|189/249 tox|[from] psn\n|upkeep\n|\n|t:|1781386870\n|switch|p1a: Electivire|Electivire, L84, F|263/263\n|-activate|p1a: Electivire|move: Sticky Web\n|-unboost|p1a: Electivire|spe|1\n|turn|17\n|\n|t:|1781386887\n|move|p2a: Galvantula|Bug Buzz|p1a: Electivire\n|-damage|p1a: Electivire|175/263\n|move|p1a: Electivire|Flamethrower|p2a: Galvantula\n|-supereffective|p2a: Galvantula\n|-damage|p2a: Galvantula|0 fnt\n|faint|p2a: Galvantula\n|-damage|p1a: Electivire|149/263|[from] item: Life Orb\n|\n|upkeep\n|\n|t:|1781386902\n|switch|p2a: Hitmonchan|Hitmonchan, L87, M|229/229\n|turn|18\n|\n|t:|1781386905\n|move|p2a: Hitmonchan|Bulk Up|p2a: Hitmonchan\n|-boost|p2a: Hitmonchan|atk|1\n|-boost|p2a: Hitmonchan|def|1\n|move|p1a: Electivire|Supercell Slam|p2a: Hitmonchan\n|-damage|p2a: Hitmonchan|119/229\n|-damage|p1a: Electivire|123/263|[from] item: Life Orb\n|\n|-heal|p2a: Hitmonchan|133/229|[from] item: Leftovers\n|upkeep\n|turn|19\n|\n|t:|1781386912\n|move|p2a: Hitmonchan|Drain Punch|p1a: Electivire\n|-damage|p1a: Electivire|0 fnt\n|-heal|p2a: Hitmonchan|195/229|[from] drain|[of] p1a: Electivire\n|faint|p1a: Electivire\n|\n|-heal|p2a: Hitmonchan|209/229|[from] item: Leftovers\n|upkeep\n|\n|t:|1781386913\n|switch|p1a: Medicham|Medicham, L86, F|243/243\n|-activate|p1a: Medicham|move: Sticky Web\n|-unboost|p1a: Medicham|spe|1\n|turn|20\n|\n|t:|1781386924\n|move|p2a: Hitmonchan|Knock Off|p1a: Medicham\n|-damage|p1a: Medicham|123/243\n|-enditem|p1a: Medicham|Choice Band|[from] move: Knock Off|[of] p2a: Hitmonchan\n|move|p1a: Medicham|Zen Headbutt|p2a: Hitmonchan\n|-supereffective|p2a: Hitmonchan\n|-damage|p2a: Hitmonchan|41/229\n|\n|-heal|p2a: Hitmonchan|55/229|[from] item: Leftovers\n|upkeep\n|turn|21\n|\n|t:|1781386932\n|move|p2a: Hitmonchan|Drain Punch|p1a: Medicham\n|-resisted|p1a: Medicham\n|-damage|p1a: Medicham|32/243\n|-heal|p2a: Hitmonchan|101/229|[from] drain|[of] p1a: Medicham\n|move|p1a: Medicham|Zen Headbutt|p2a: Hitmonchan\n|-supereffective|p2a: Hitmonchan\n|-damage|p2a: Hitmonchan|0 fnt\n|faint|p2a: Hitmonchan\n|\n|upkeep\n|\n|t:|1781386947\n|switch|p2a: Pyroar|Pyroar, L88, F|295/295\n|-ability|p2a: Pyroar|Unnerve\n|turn|22\n|\n|t:|1781386952\n|move|p2a: Pyroar|Hyper Voice|p1a: Medicham\n|-damage|p1a: Medicham|0 fnt\n|faint|p1a: Medicham\n|\n|upkeep\n|\n|t:|1781386954\n|switch|p1a: Umbreon|Umbreon, L84, M|111/297\n|-activate|p1a: Umbreon|move: Sticky Web\n|-unboost|p1a: Umbreon|spe|1\n|turn|23\n|\n|t:|1781386963\n|-terastallize|p2a: Pyroar|Fire\n|move|p2a: Pyroar|Fire Blast|p1a: Umbreon\n|-damage|p1a: Umbreon|0 fnt\n|faint|p1a: Umbreon\n|\n|win|taipeiqueen22\n", "inputlog": ">version a8376a258c1d4662feba110a92103f3664a72141\n>start {\"formatid\":\"gen9randombattle\",\"seed\":\"sodium,9887e2c30034429b0dcd99bf9d890e95\",\"rated\":\"Rated battle\"}\n>player p1 {\"name\":\"Malog7\",\"avatar\":\"steven\",\"rating\":2034,\"seed\":\"sodium,59a28bf6446add019bd8adb32729969c\"}\n>player p2 {\"name\":\"taipeiqueen22\",\"avatar\":\"erika\",\"rating\":1979,\"seed\":\"sodium,841f8f40f7d9492e2c1bc542effefc08\"}\n>p1 move toxic\n>p2 move stickyweb\n>p1 move wish\n>p2 move bugbuzz\n>p1 move foulplay\n>p2 switch 3\n>p1 move protect\n>p2 move knockoff\n>p1 switch 4\n>p2 move knockoff\n>p1 move supercellslam\n>p2 switch 5\n>p1 move knockoff\n>p2 move shellsmash\n>p1 move drainpunch\n>p2 move bulletseed\n>p1 switch 4\n>p1 move foulplay\n>p2 move headlongrush\n>p2 switch 4\n>p1 move protect\n>p2 move icehammer\n>p1 switch 6\n>p2 move icehammer\n>p1 move hydropump\n>p2 switch 5\n>p1 move hydropump\n>p2 move gunkshot\n>p1 move hydropump\n>p2 move knockoff\n>p1 switch 5\n>p1 move closecombat\n>p2 move shadowsneak\n>p2 switch 3\n>p1 move spiritbreak\n>p2 move thunder\n>p1 switch 3\n>p1 move flamethrower\n>p2 move bugbuzz\n>p2 switch 6\n>p1 move supercellslam\n>p2 move bulkup\n>p1 move supercellslam\n>p2 move drainpunch\n>p1 switch 2\n>p1 move zenheadbutt\n>p2 move knockoff\n>p1 move zenheadbutt\n>p2 move drainpunch\n>p2 switch 2\n>p1 move closecombat\n>p2 move hypervoice\n>p1 switch 6\n>p1 move wish\n>p2 move fireblast terastallize", "uploadtime": 1781386593, "views": 5, "formatid": "gen9randombattle", "rating": null, "private": 0, "password": null}