{"id": "gen9randombattle-2631480366", "format": "[Gen 9] Random Battle", "players": ["Salazzle Dazzle 1", "jim150454"], "log": "|j|\u2606Salazzle Dazzle 1\n|j|\u2606jim150454\n|t:|1781390236\n|gametype|singles\n|player|p1|Salazzle Dazzle 1|lenora|1999\n|player|p2|jim150454|169|2067\n|gen|9\n|tier|[Gen 9] Random Battle\n|rated|\n|rule|Species Clause: Limit one of each Pok\u00e9mon\n|rule|HP Percentage Mod: HP is shown in percentages\n|rule|Sleep Clause Mod: Limit one foe put to sleep\n|rule|Illusion Level Mod: Illusion disguises the Pok\u00e9mon's true level\n|\n|t:|1781390236\n|teamsize|p1|6\n|teamsize|p2|6\n|start\n|switch|p1a: Toxtricity|Toxtricity, L82, M|257/257\n|switch|p2a: Spidops|Spidops, L96, F|271/271\n|turn|1\n|inactive|Battle timer is ON: inactive players will automatically lose when time's up. (requested by jim150454)\n|\n|t:|1781390249\n|move|p1a: Toxtricity|Volt Switch|p2a: Spidops\n|-damage|p2a: Spidops|202/271\n|\n|t:|1781390255\n|switch|p1a: Cramorant|Cramorant, L86, F|261/261|[from] Volt Switch\n|move|p2a: Spidops|Knock Off|p1a: Cramorant\n|-damage|p1a: Cramorant|53/261\n|-enditem|p1a: Cramorant|Heavy-Duty Boots|[from] move: Knock Off|[of] p2a: Spidops\n|\n|upkeep\n|turn|2\n|\n|t:|1781390267\n|switch|p2a: Iron Jugulis|Iron Jugulis, L77|271/271\n|move|p1a: Cramorant|Roost|p1a: Cramorant\n|-heal|p1a: Cramorant|184/261\n|-singleturn|p1a: Cramorant|move: Roost\n|\n|upkeep\n|turn|3\n|\n|t:|1781390282\n|switch|p1a: Toxtricity|Toxtricity, L82, M|257/257\n|move|p2a: Iron Jugulis|Meteor Beam||[still]\n|-prepare|p2a: Iron Jugulis|Meteor Beam\n|-boost|p2a: Iron Jugulis|spa|1\n|-enditem|p2a: Iron Jugulis|Power Herb\n|-anim|p2a: Iron Jugulis|Meteor Beam|p1a: Toxtricity\n|-damage|p1a: Toxtricity|91/257\n|\n|upkeep\n|turn|4\n|\n|t:|1781390294\n|move|p1a: Toxtricity|Volt Switch|p2a: Iron Jugulis\n|-supereffective|p2a: Iron Jugulis\n|-damage|p2a: Iron Jugulis|89/271\n|\n|t:|1781390301\n|switch|p1a: Leafeon|Leafeon, L88, F|258/258|[from] Volt Switch\n|move|p2a: Iron Jugulis|Dark Pulse|p1a: Leafeon\n|-damage|p1a: Leafeon|101/258\n|\n|upkeep\n|turn|5\n|\n|t:|1781390313\n|move|p1a: Leafeon|Double-Edge|p2a: Iron Jugulis\n|-damage|p2a: Iron Jugulis|0 fnt\n|faint|p2a: Iron Jugulis\n|-end|p2a: Iron Jugulis|Quark Drive|[silent]\n|-damage|p1a: Leafeon|72/258|[from] Recoil\n|-damage|p1a: Leafeon|47/258|[from] item: Life Orb\n|\n|upkeep\n|\n|t:|1781390316\n|switch|p2a: Spidops|Spidops, L96, F|202/271\n|turn|6\n|\n|t:|1781390321\n|move|p1a: Leafeon|Knock Off|p2a: Spidops\n|-crit|p2a: Spidops\n|-damage|p2a: Spidops|68/271\n|-enditem|p2a: Spidops|Heavy-Duty Boots|[from] move: Knock Off|[of] p1a: Leafeon\n|-damage|p1a: Leafeon|22/258|[from] item: Life Orb\n|move|p2a: Spidops|Sticky Web|p1a: Leafeon\n|-sidestart|p1: Salazzle Dazzle 1|move: Sticky Web\n|\n|upkeep\n|turn|7\n|\n|t:|1781390327\n|move|p1a: Leafeon|Double-Edge|p2a: Spidops\n|-crit|p2a: Spidops\n|-damage|p2a: Spidops|0 fnt\n|faint|p2a: Spidops\n|-damage|p1a: Leafeon|0 fnt|[from] Recoil\n|faint|p1a: Leafeon\n|\n|upkeep\n|\n|t:|1781390330\n|switch|p1a: Cramorant|Cramorant, L86, F|184/261\n|switch|p2a: Meowscarada|Meowscarada, L78, F|247/247\n|turn|8\n|\n|t:|1781390336\n|move|p2a: Meowscarada|Flower Trick|p1a: Cramorant\n|-start|p2a: Meowscarada|typechange|Grass|[from] ability: Protean\n|-crit|p1a: Cramorant\n|-damage|p1a: Cramorant|0 fnt\n|faint|p1a: Cramorant\n|\n|upkeep\n|\n|t:|1781390346\n|switch|p1a: Baxcalibur|Baxcalibur, L75, M|295/295\n|-activate|p1a: Baxcalibur|move: Sticky Web\n|-unboost|p1a: Baxcalibur|spe|1\n|turn|9\n|\n|t:|1781390351\n|switch|p2a: Vigoroth|Vigoroth, L85, F|275/275\n|move|p1a: Baxcalibur|Icicle Crash|p2a: Vigoroth\n|-damage|p2a: Vigoroth|169/275\n|\n|upkeep\n|turn|10\n|\n|t:|1781390359\n|move|p2a: Vigoroth|Body Slam|p1a: Baxcalibur\n|-damage|p1a: Baxcalibur|213/295\n|move|p1a: Baxcalibur|Icicle Crash|p2a: Vigoroth\n|-damage|p2a: Vigoroth|69/275\n|\n|upkeep\n|turn|11\n|\n|t:|1781390363\n|switch|p1a: Maushold|Maushold-Four, L76|238/238\n|-activate|p1a: Maushold|move: Sticky Web\n|-unboost|p1a: Maushold|spe|1\n|move|p2a: Vigoroth|Slack Off|p2a: Vigoroth\n|-heal|p2a: Vigoroth|207/275\n|\n|upkeep\n|turn|12\n|\n|t:|1781390370\n|move|p2a: Vigoroth|Body Slam|p1a: Maushold\n|-damage|p1a: Maushold|139/238\n|move|p1a: Maushold|Tidy Up|p1a: Maushold\n|-sideend|p1: Salazzle Dazzle 1|Sticky Web\n|-activate|p1a: Maushold|move: Tidy Up\n|-boost|p1a: Maushold|atk|1\n|-boost|p1a: Maushold|spe|1\n|\n|upkeep\n|turn|13\n|\n|t:|1781390376\n|move|p1a: Maushold|Population Bomb|p2a: Vigoroth\n|-damage|p2a: Vigoroth|185/275\n|-damage|p2a: Vigoroth|160/275\n|-damage|p2a: Vigoroth|138/275\n|-damage|p2a: Vigoroth|111/275\n|-damage|p2a: Vigoroth|87/275\n|-damage|p2a: Vigoroth|65/275\n|-damage|p2a: Vigoroth|40/275\n|-damage|p2a: Vigoroth|18/275\n|-damage|p2a: Vigoroth|0 fnt\n|faint|p2a: Vigoroth\n|-hitcount|p2: Vigoroth|9\n|\n|upkeep\n|\n|t:|1781390379\n|switch|p2a: Mismagius|Mismagius, L86, F|243/243\n|turn|14\n|\n|t:|1781390388\n|move|p2a: Mismagius|Nasty Plot|p2a: Mismagius\n|-boost|p2a: Mismagius|spa|2\n|move|p1a: Maushold|Tidy Up|p1a: Maushold\n|-boost|p1a: Maushold|atk|1\n|-boost|p1a: Maushold|spe|1\n|\n|upkeep\n|turn|15\n|\n|t:|1781390391\n|-terastallize|p2a: Mismagius|Fighting\n|move|p1a: Maushold|Bite|p2a: Mismagius\n|-resisted|p2a: Mismagius\n|-damage|p2a: Mismagius|184/243\n|cant|p2a: Mismagius|flinch\n|\n|-heal|p2a: Mismagius|199/243|[from] item: Leftovers\n|upkeep\n|turn|16\n|\n|t:|1781390396\n|switch|p2a: Drifblim|Drifblim, L86, F|398/398\n|move|p1a: Maushold|Population Bomb|p2a: Drifblim\n|-immune|p2a: Drifblim\n|\n|upkeep\n|turn|17\n|\n|t:|1781390400\n|move|p1a: Maushold|Bite|p2a: Drifblim\n|-supereffective|p2a: Drifblim\n|-damage|p2a: Drifblim|116/398\n|move|p2a: Drifblim|Strength Sap|p1a: Maushold\n|-unboost|p1a: Maushold|atk|1\n|-heal|p2a: Drifblim|398/398\n|\n|upkeep\n|turn|18\n|\n|t:|1781390407\n|move|p1a: Maushold|Bite|p2a: Drifblim\n|-supereffective|p2a: Drifblim\n|-damage|p2a: Drifblim|176/398\n|move|p2a: Drifblim|Strength Sap|p1a: Maushold\n|-unboost|p1a: Maushold|atk|1\n|-heal|p2a: Drifblim|398/398\n|\n|upkeep\n|turn|19\n|\n|t:|1781390412\n|move|p1a: Maushold|Encore|p2a: Drifblim\n|-start|p2a: Drifblim|Encore\n|move|p2a: Drifblim|Strength Sap|p1a: Maushold\n|-unboost|p1a: Maushold|atk|1\n|\n|upkeep\n|turn|20\n|\n|t:|1781390416\n|move|p1a: Maushold|Population Bomb|p2a: Drifblim\n|-immune|p2a: Drifblim\n|move|p2a: Drifblim|Strength Sap|p1a: Maushold\n|-unboost|p1a: Maushold|atk|1\n|\n|upkeep\n|turn|21\n|\n|t:|1781390421\n|switch|p1a: Jolteon|Jolteon, L84, F|246/246\n|move|p2a: Drifblim|Strength Sap|p1a: Jolteon\n|-unboost|p1a: Jolteon|atk|1\n|\n|-end|p2a: Drifblim|Encore\n|upkeep\n|turn|22\n|\n|t:|1781390427\n|switch|p2a: Meowscarada|Meowscarada, L78, F|247/247\n|move|p1a: Jolteon|Calm Mind|p1a: Jolteon\n|-boost|p1a: Jolteon|spa|1\n|-boost|p1a: Jolteon|spd|1\n|\n|upkeep\n|turn|23\n|\n|t:|1781390432\n|move|p1a: Jolteon|Substitute|p1a: Jolteon\n|-start|p1a: Jolteon|Substitute\n|-damage|p1a: Jolteon|185/246\n|move|p2a: Meowscarada|Triple Axel|p1a: Jolteon\n|-start|p2a: Meowscarada|typechange|Ice|[from] ability: Protean\n|-activate|p1a: Jolteon|move: Substitute|[damage]\n|-end|p1a: Jolteon|Substitute\n|-damage|p1a: Jolteon|55/246\n|-hitcount|p1a: Jolteon|3\n|\n|-heal|p1a: Jolteon|70/246|[from] item: Leftovers\n|upkeep\n|turn|24\n|\n|t:|1781390438\n|move|p1a: Jolteon|Thunderbolt|p2a: Meowscarada\n|-damage|p2a: Meowscarada|49/247\n|move|p2a: Meowscarada|Triple Axel|p1a: Jolteon\n|-damage|p1a: Jolteon|33/246\n|-damage|p1a: Jolteon|0 fnt\n|faint|p1a: Jolteon\n|-hitcount|p1: Jolteon|2\n|\n|upkeep\n|\n|t:|1781390443\n|switch|p1a: Toxtricity|Toxtricity, L82, M|91/257\n|turn|25\n|\n|t:|1781390461\n|move|p1a: Toxtricity|Overdrive|p2a: Meowscarada\n|-damage|p2a: Meowscarada|0 fnt\n|faint|p2a: Meowscarada\n|\n|upkeep\n|\n|t:|1781390463\n|switch|p2a: Mismagius|Mismagius, L86, F, tera:Fighting|199/243\n|turn|26\n|\n|t:|1781390487\n|move|p1a: Toxtricity|Overdrive|p2a: Mismagius\n|-damage|p2a: Mismagius|96/243\n|move|p2a: Mismagius|Nasty Plot|p2a: Mismagius\n|-boost|p2a: Mismagius|spa|2\n|\n|-heal|p2a: Mismagius|111/243|[from] item: Leftovers\n|upkeep\n|turn|27\n|\n|t:|1781390491\n|move|p1a: Toxtricity|Overdrive|p2a: Mismagius\n|-damage|p2a: Mismagius|6/243\n|move|p2a: Mismagius|Shadow Ball|p1a: Toxtricity\n|-damage|p1a: Toxtricity|0 fnt\n|faint|p1a: Toxtricity\n|\n|-heal|p2a: Mismagius|21/243|[from] item: Leftovers\n|upkeep\n|\n|t:|1781390496\n|switch|p1a: Baxcalibur|Baxcalibur, L75, M|213/295\n|turn|28\n|\n|t:|1781390500\n|move|p1a: Baxcalibur|Ice Shard|p2a: Mismagius\n|-damage|p2a: Mismagius|0 fnt\n|faint|p2a: Mismagius\n|\n|upkeep\n|\n|t:|1781390502\n|switch|p2a: Drifblim|Drifblim, L86, F|398/398\n|turn|29\n|\n|t:|1781390509\n|switch|p1a: Maushold|Maushold-Four, L76|139/238\n|move|p2a: Drifblim|Air Slash|p1a: Maushold\n|-damage|p1a: Maushold|39/238\n|\n|upkeep\n|turn|30\n|\n|t:|1781390534\n|move|p1a: Maushold|Encore|p2a: Drifblim\n|-start|p2a: Drifblim|Encore\n|move|p2a: Drifblim|Air Slash|p1a: Maushold\n|-damage|p1a: Maushold|0 fnt\n|faint|p1a: Maushold\n|\n|upkeep\n|\n|t:|1781390536\n|switch|p1a: Baxcalibur|Baxcalibur, L75, M|213/295\n|turn|31\n|\n|t:|1781390540\n|move|p1a: Baxcalibur|Ice Shard|p2a: Drifblim\n|-supereffective|p2a: Drifblim\n|-damage|p2a: Drifblim|186/398\n|move|p2a: Drifblim|Air Slash|p1a: Baxcalibur\n|-damage|p1a: Baxcalibur|129/295\n|\n|upkeep\n|turn|32\n|\n|t:|1781390545\n|move|p1a: Baxcalibur|Ice Shard|p2a: Drifblim\n|-supereffective|p2a: Drifblim\n|-damage|p2a: Drifblim|0 fnt\n|faint|p2a: Drifblim\n|\n|win|Salazzle Dazzle 1\n", "inputlog": ">version a8376a258c1d4662feba110a92103f3664a72141\n>start {\"formatid\":\"gen9randombattle\",\"seed\":\"sodium,e6b8ffde3e5c1cdf87c347d6c58c7255\",\"rated\":\"Rated battle\"}\n>player p1 {\"name\":\"Salazzle Dazzle 1\",\"avatar\":\"lenora\",\"rating\":1999,\"seed\":\"sodium,b426541ec28030cea5b63bb3dbe65e2a\"}\n>player p2 {\"name\":\"jim150454\",\"avatar\":\"169\",\"rating\":2067,\"seed\":\"sodium,83ab0f8af6b8ed1ed0de5aa0234bfe56\"}\n>p1 move voltswitch\n>p2 move knockoff\n>p1 switch 2\n>p1 move roost\n>p2 switch 2\n>p1 switch 2\n>p2 move meteorbeam\n>p1 move voltswitch\n>p2 move darkpulse\n>p1 switch 3\n>p1 move doubleedge\n>p2 move darkpulse\n>p2 switch 2\n>p1 move knockoff\n>p2 move stickyweb\n>p1 move doubleedge\n>p2 move circlethrow\n>p1 switch 2\n>p2 switch 4\n>p1 move defog\n>p2 move flowertrick\n>p1 switch 4\n>p1 move iciclecrash\n>p2 switch 6\n>p1 move iciclecrash\n>p2 move bodyslam\n>p1 switch 5\n>p2 move slackoff\n>p1 move tidyup\n>p2 move bodyslam\n>p1 move populationbomb\n>p2 move bodyslam\n>p2 switch 5\n>p1 move tidyup\n>p2 move nastyplot\n>p1 move bite\n>p2 move terablast terastallize\n>p1 move populationbomb\n>p2 switch 3\n>p1 move bite\n>p2 move strengthsap\n>p1 move bite\n>p2 move strengthsap\n>p1 move encore\n>p2 move airslash\n>p1 move populationbomb\n>p2 move strengthsap\n>p1 switch 6\n>p2 move strengthsap\n>p1 move calmmind\n>p2 switch 6\n>p1 move substitute\n>p2 move tripleaxel\n>p1 move thunderbolt\n>p2 move tripleaxel\n>p1 switch 3\n>p1 move overdrive\n>p2 move tripleaxel\n>p2 switch 3\n>p1 move overdrive\n>p2 move nastyplot\n>p1 move overdrive\n>p2 move shadowball\n>p1 switch 5\n>p1 move iceshard\n>p2 move terablast\n>p2 switch 6\n>p1 switch 6\n>p2 move airslash\n>p1 move encore\n>p2 move airslash\n>p1 switch 6\n>p1 move iceshard\n>p2 move airslash\n>p1 move iceshard\n>p2 move airslash", "uploadtime": 1781390239, "views": 7, "formatid": "gen9randombattle", "rating": null, "private": 0, "password": null}