{"id": "gen9randombattle-2631884557", "format": "[Gen 9] Random Battle", "players": ["personanongrattata", "F Boogie"], "log": "|j|\u2606personanongrattata\n|j|\u2606F Boogie\n|t:|1781451875\n|gametype|singles\n|player|p1|personanongrattata|youngster-gen4dp|2143\n|player|p2|F Boogie|veteran-gen4|2130\n|gen|9\n|tier|[Gen 9] Random Battle\n|rated|\n|rule|Species Clause: Limit one of each Pok\u00e9mon\n|rule|HP Percentage Mod: HP is shown in percentages\n|rule|Sleep Clause Mod: Limit one foe put to sleep\n|rule|Illusion Level Mod: Illusion disguises the Pok\u00e9mon's true level\n|\n|t:|1781451875\n|teamsize|p1|6\n|teamsize|p2|6\n|start\n|switch|p1a: Barraskewda|Barraskewda, L81, F|231/231\n|switch|p2a: Heatran|Heatran, L79, F|273/273\n|-item|p2a: Heatran|Air Balloon\n|turn|1\n|inactive|Battle timer is ON: inactive players will automatically lose when time's up. (requested by personanongrattata)\n|\n|t:|1781451889\n|switch|p2a: Vileplume|Vileplume, L85, F|266/266\n|move|p1a: Barraskewda|Flip Turn|p2a: Vileplume\n|-resisted|p2a: Vileplume\n|-damage|p2a: Vileplume|215/266\n|\n|t:|1781451901\n|switch|p1a: Coalossal|Coalossal, L89, M|341/341|[from] Flip Turn\n|\n|-heal|p2a: Vileplume|231/266|[from] item: Leftovers\n|upkeep\n|turn|2\n|\n|t:|1781451908\n|move|p2a: Vileplume|Leech Seed|p1a: Coalossal|[miss]\n|-miss|p2a: Vileplume|p1a: Coalossal\n|move|p1a: Coalossal|Stealth Rock|p2a: Vileplume\n|-sidestart|p2: F Boogie|move: Stealth Rock\n|\n|-heal|p2a: Vileplume|247/266|[from] item: Leftovers\n|upkeep\n|turn|3\n|\n|t:|1781451912\n|switch|p2a: Heatran|Heatran, L79, F|273/273\n|-damage|p2a: Heatran|239/273|[from] Stealth Rock\n|-item|p2a: Heatran|Air Balloon\n|move|p1a: Coalossal|Rapid Spin|p2a: Heatran\n|-resisted|p2a: Heatran\n|-damage|p2a: Heatran|223/273\n|-boost|p1a: Coalossal|spe|1\n|-enditem|p2a: Heatran|Air Balloon\n|\n|upkeep\n|turn|4\n|\n|t:|1781451922\n|move|p2a: Heatran|Earth Power|p1a: Coalossal\n|-supereffective|p1a: Coalossal\n|-damage|p1a: Coalossal|77/341\n|move|p1a: Coalossal|Stone Edge|p2a: Heatran\n|-damage|p2a: Heatran|133/273\n|\n|upkeep\n|turn|5\n|\n|t:|1781451930\n|switch|p1a: Swampert|Swampert, L83, M|302/302\n|move|p2a: Heatran|Earth Power|p1a: Swampert\n|-damage|p1a: Swampert|227/302\n|\n|-heal|p1a: Swampert|245/302|[from] item: Leftovers\n|upkeep\n|turn|6\n|\n|t:|1781451934\n|move|p2a: Heatran|Stealth Rock|p1a: Swampert\n|-sidestart|p1: personanongrattata|move: Stealth Rock\n|move|p1a: Swampert|Knock Off|p2a: Heatran\n|-damage|p2a: Heatran|86/273\n|\n|-heal|p1a: Swampert|263/302|[from] item: Leftovers\n|upkeep\n|turn|7\n|\n|t:|1781451938\n|switch|p2a: Vileplume|Vileplume, L85, F|247/266\n|-damage|p2a: Vileplume|214/266|[from] Stealth Rock\n|move|p1a: Swampert|Flip Turn|p2a: Vileplume\n|-resisted|p2a: Vileplume\n|-damage|p2a: Vileplume|181/266\n|\n|t:|1781451941\n|switch|p1a: Tornadus|Tornadus-Therian, L79, M|254/254|[from] Flip Turn\n|-damage|p1a: Tornadus|191/254|[from] Stealth Rock\n|\n|-heal|p2a: Vileplume|197/266|[from] item: Leftovers\n|upkeep\n|turn|8\n|\n|t:|1781451946\n|move|p1a: Tornadus|Bleakwind Storm|p2a: Vileplume|[miss]\n|-miss|p1a: Tornadus|p2a: Vileplume\n|move|p2a: Vileplume|Leech Seed|p1a: Tornadus\n|-start|p1a: Tornadus|move: Leech Seed\n|\n|-heal|p2a: Vileplume|213/266|[from] item: Leftovers\n|-damage|p1a: Tornadus|160/254|[from] Leech Seed|[of] p2a: Vileplume\n|-heal|p2a: Vileplume|244/266|[silent]\n|upkeep\n|turn|9\n|\n|t:|1781451949\n|switch|p2a: Alcremie|Alcremie-Caramel-Swirl, L90, F|263/263\n|-damage|p2a: Alcremie|231/263|[from] Stealth Rock\n|move|p1a: Tornadus|Bleakwind Storm|p2a: Alcremie\n|-damage|p2a: Alcremie|108/263\n|-unboost|p2a: Alcremie|spe|1\n|\n|-heal|p2a: Alcremie|124/263|[from] item: Leftovers\n|-damage|p1a: Tornadus|129/254|[from] Leech Seed|[of] p2a: Alcremie\n|-heal|p2a: Alcremie|155/263|[silent]\n|upkeep\n|turn|10\n|\n|t:|1781451957\n|switch|p1a: Swampert|Swampert, L83, M|263/302\n|-damage|p1a: Swampert|245/302|[from] Stealth Rock\n|move|p2a: Alcremie|Calm Mind|p2a: Alcremie\n|-boost|p2a: Alcremie|spa|1\n|-boost|p2a: Alcremie|spd|1\n|\n|-heal|p1a: Swampert|263/302|[from] item: Leftovers\n|-heal|p2a: Alcremie|171/263|[from] item: Leftovers\n|upkeep\n|turn|11\n|\n|t:|1781451960\n|move|p2a: Alcremie|Alluring Voice|p1a: Swampert\n|-damage|p1a: Swampert|92/302\n|move|p1a: Swampert|Roar|p2a: Alcremie\n|drag|p2a: Mimikyu|Mimikyu, L79, M|216/216\n|-damage|p2a: Mimikyu|189/216|[from] Stealth Rock\n|\n|-heal|p1a: Swampert|110/302|[from] item: Leftovers\n|upkeep\n|turn|12\n|\n|t:|1781451964\n|move|p2a: Mimikyu|Play Rough|p1a: Swampert\n|-damage|p1a: Swampert|7/302\n|-damage|p2a: Mimikyu|168/216|[from] item: Life Orb\n|move|p1a: Swampert|Flip Turn|p2a: Mimikyu\n|-activate|p2a: Mimikyu|ability: Disguise\n|-damage|p2a: Mimikyu|168/216\n|detailschange|p2a: Mimikyu|Mimikyu-Busted, L79, M\n|-damage|p2a: Mimikyu|141/216|[from] pokemon: Mimikyu-Busted\n|\n|t:|1781451985\n|switch|p1a: Barraskewda|Barraskewda, L81, F|231/231|[from] Flip Turn\n|-damage|p1a: Barraskewda|203/231|[from] Stealth Rock\n|\n|upkeep\n|turn|13\n|\n|t:|1781451988\n|move|p2a: Mimikyu|Shadow Sneak|p1a: Barraskewda\n|-damage|p1a: Barraskewda|145/231\n|-damage|p2a: Mimikyu|120/216|[from] item: Life Orb\n|move|p1a: Barraskewda|Waterfall|p2a: Mimikyu\n|-damage|p2a: Mimikyu|0 fnt\n|faint|p2a: Mimikyu\n|\n|upkeep\n|\n|t:|1781451991\n|switch|p2a: Vileplume|Vileplume, L85, F|244/266\n|-damage|p2a: Vileplume|211/266|[from] Stealth Rock\n|turn|14\n|\n|t:|1781451995\n|switch|p1a: Swampert|Swampert, L83, M|7/302\n|-damage|p1a: Swampert|0 fnt|[from] Stealth Rock\n|faint|p1a: Swampert\n|move|p2a: Vileplume|Strength Sap|p1: Swampert|[notarget]\n|-fail|p2a: Vileplume\n|\n|-heal|p2a: Vileplume|227/266|[from] item: Leftovers\n|upkeep\n|\n|t:|1781452003\n|switch|p1a: Tornadus|Tornadus-Therian, L79, M|213/254\n|-damage|p1a: Tornadus|150/254|[from] Stealth Rock\n|turn|15\n|\n|t:|1781452011\n|switch|p2a: Heatran|Heatran, L79, F|86/273\n|-damage|p2a: Heatran|52/273|[from] Stealth Rock\n|move|p1a: Tornadus|Bleakwind Storm|p2a: Heatran\n|-resisted|p2a: Heatran\n|-damage|p2a: Heatran|0 fnt\n|faint|p2a: Heatran\n|\n|upkeep\n|\n|t:|1781452015\n|switch|p2a: Alcremie|Alcremie-Caramel-Swirl, L90, F|171/263\n|-damage|p2a: Alcremie|139/263|[from] Stealth Rock\n|turn|16\n|\n|t:|1781452021\n|switch|p1a: Zangoose|Zangoose, L85, M|263/263\n|-damage|p1a: Zangoose|231/263|[from] Stealth Rock\n|move|p2a: Alcremie|Recover|p2a: Alcremie\n|-heal|p2a: Alcremie|263/263\n|\n|-status|p1a: Zangoose|tox|[from] item: Toxic Orb\n|upkeep\n|turn|17\n|\n|t:|1781452026\n|switch|p2a: Gyarados|Gyarados, L79, F|280/280\n|-ability|p2a: Gyarados|Intimidate|boost\n|-unboost|p1a: Zangoose|atk|1\n|move|p1a: Zangoose|Facade|p2a: Gyarados\n|-damage|p2a: Gyarados|93/280\n|\n|-damage|p1a: Zangoose|215/263 tox|[from] psn\n|upkeep\n|turn|18\n|\n|t:|1781452041\n|switch|p2a: Klawf|Klawf, L90, F|272/272\n|-damage|p2a: Klawf|238/272|[from] Stealth Rock\n|move|p1a: Zangoose|Facade|p2a: Klawf\n|-resisted|p2a: Klawf\n|-crit|p2a: Klawf\n|-damage|p2a: Klawf|94/272\n|-ability|p2a: Klawf|Anger Shell|boost\n|-boost|p2a: Klawf|atk|1\n|-boost|p2a: Klawf|spa|1\n|-boost|p2a: Klawf|spe|1\n|-unboost|p2a: Klawf|def|1\n|-unboost|p2a: Klawf|spd|1\n|\n|-damage|p1a: Zangoose|183/263 tox|[from] psn\n|upkeep\n|turn|19\n|\n|t:|1781452048\n|switch|p1a: Coalossal|Coalossal, L89, M|77/341\n|move|p2a: Klawf|Stone Edge|p1a: Coalossal\n|-supereffective|p1a: Coalossal\n|-damage|p1a: Coalossal|0 fnt\n|faint|p1a: Coalossal\n|\n|upkeep\n|\n|t:|1781452059\n|switch|p1a: Iron Valiant|Iron Valiant, L78|244/244\n|-damage|p1a: Iron Valiant|229/244|[from] Stealth Rock\n|turn|20\n|\n|t:|1781452063\n|move|p2a: Klawf|High Horsepower|p1a: Iron Valiant\n|-damage|p1a: Iron Valiant|92/244\n|move|p1a: Iron Valiant|Moonblast|p2a: Klawf\n|-damage|p2a: Klawf|0 fnt\n|faint|p2a: Klawf\n|-damage|p1a: Iron Valiant|68/244|[from] item: Life Orb\n|\n|upkeep\n|\n|t:|1781452068\n|switch|p2a: Alcremie|Alcremie-Caramel-Swirl, L90, F|263/263\n|-damage|p2a: Alcremie|231/263|[from] Stealth Rock\n|turn|21\n|\n|t:|1781452075\n|move|p1a: Iron Valiant|Knock Off|p2a: Alcremie\n|-resisted|p2a: Alcremie\n|-damage|p2a: Alcremie|179/263\n|-enditem|p2a: Alcremie|Leftovers|[from] move: Knock Off|[of] p1a: Iron Valiant\n|-damage|p1a: Iron Valiant|44/244|[from] item: Life Orb\n|move|p2a: Alcremie|Alluring Voice|p1a: Iron Valiant\n|-supereffective|p1a: Iron Valiant\n|-damage|p1a: Iron Valiant|0 fnt\n|faint|p1a: Iron Valiant\n|-end|p1a: Iron Valiant|Quark Drive|[silent]\n|\n|upkeep\n|\n|t:|1781452080\n|switch|p1a: Zangoose|Zangoose, L85, M|183/263 tox\n|-damage|p1a: Zangoose|151/263 tox|[from] Stealth Rock\n|turn|22\n|\n|t:|1781452091\n|-terastallize|p1a: Zangoose|Normal\n|-terastallize|p2a: Alcremie|Steel\n|move|p1a: Zangoose|Facade|p2a: Alcremie\n|-resisted|p2a: Alcremie\n|-damage|p2a: Alcremie|0 fnt\n|faint|p2a: Alcremie\n|\n|-damage|p1a: Zangoose|135/263 tox|[from] psn\n|upkeep\n|\n|t:|1781452095\n|switch|p2a: Gyarados|Gyarados, L79, F|93/280\n|-ability|p2a: Gyarados|Intimidate|boost\n|-unboost|p1a: Zangoose|atk|1\n|turn|23\n|\n|t:|1781452100\n|move|p1a: Zangoose|Facade|p2a: Gyarados\n|-damage|p2a: Gyarados|0 fnt\n|faint|p2a: Gyarados\n|\n|-damage|p1a: Zangoose|103/263 tox|[from] psn\n|upkeep\n|\n|t:|1781452102\n|switch|p2a: Vileplume|Vileplume, L85, F|227/266\n|-damage|p2a: Vileplume|194/266|[from] Stealth Rock\n|turn|24\n|\n|t:|1781452104\n|move|p1a: Zangoose|Swords Dance|p1a: Zangoose\n|-boost|p1a: Zangoose|atk|2\n|move|p2a: Vileplume|Strength Sap|p1a: Zangoose\n|-unboost|p1a: Zangoose|atk|1\n|-heal|p2a: Vileplume|266/266\n|\n|-damage|p1a: Zangoose|55/263 tox|[from] psn\n|upkeep\n|turn|25\n|\n|t:|1781452111\n|switch|p1a: Barraskewda|Barraskewda, L81, F|145/231\n|-damage|p1a: Barraskewda|117/231|[from] Stealth Rock\n|move|p2a: Vileplume|Giga Drain|p1a: Barraskewda\n|-supereffective|p1a: Barraskewda\n|-damage|p1a: Barraskewda|0 fnt\n|faint|p1a: Barraskewda\n|\n|upkeep\n|\n|t:|1781452115\n|switch|p1a: Tornadus|Tornadus-Therian, L79, M|234/254\n|-damage|p1a: Tornadus|171/254|[from] Stealth Rock\n|turn|26\n|\n|t:|1781452117\n|move|p1a: Tornadus|Heat Wave|p2a: Vileplume\n|-supereffective|p2a: Vileplume\n|-damage|p2a: Vileplume|80/266\n|move|p2a: Vileplume|Strength Sap|p1a: Tornadus\n|-unboost|p1a: Tornadus|atk|1\n|-heal|p2a: Vileplume|266/266\n|\n|upkeep\n|turn|27\n|\n|t:|1781452121\n|move|p1a: Tornadus|Heat Wave|p2a: Vileplume\n|-supereffective|p2a: Vileplume\n|-damage|p2a: Vileplume|90/266\n|move|p2a: Vileplume|Sludge Bomb|p1a: Tornadus\n|-damage|p1a: Tornadus|48/254\n|\n|-heal|p2a: Vileplume|106/266|[from] item: Leftovers\n|upkeep\n|turn|28\n|\n|t:|1781452124\n|move|p1a: Tornadus|Heat Wave|p2a: Vileplume\n|-supereffective|p2a: Vileplume\n|-damage|p2a: Vileplume|0 fnt\n|faint|p2a: Vileplume\n|\n|win|personanongrattata\n", "inputlog": ">version a8376a258c1d4662feba110a92103f3664a72141\n>start {\"formatid\":\"gen9randombattle\",\"seed\":\"sodium,1a26ebb141f05a53138fd572e5adb8b1\",\"rated\":\"Rated battle\"}\n>player p1 {\"name\":\"personanongrattata\",\"avatar\":\"youngster-gen4dp\",\"rating\":2143,\"seed\":\"sodium,b09291970de00cebbcad8d6bae087fea\"}\n>player p2 {\"name\":\"F Boogie\",\"avatar\":\"veteran-gen4\",\"rating\":2130,\"seed\":\"sodium,70b511f7ff5b797123d99fccaedc69fb\"}\n>p1 move flipturn\n>p2 switch 2\n>p1 switch 2\n>p1 move stealthrock\n>p2 move leechseed\n>p1 move rapidspin\n>p2 switch 2\n>p1 move stoneedge\n>p2 move earthpower\n>p1 switch 3\n>p2 move earthpower\n>p1 move knockoff\n>p2 move stealthrock\n>p1 move flipturn\n>p2 switch 2\n>p1 switch 5\n>p1 move bleakwindstorm\n>p2 move leechseed\n>p1 move bleakwindstorm\n>p2 switch 3\n>p1 switch 5\n>p2 move calmmind\n>p1 move roar\n>p2 move alluringvoice\n>p1 move flipturn\n>p2 move playrough\n>p1 switch 2\n>p1 move waterfall\n>p2 move shadowsneak\n>p2 switch 3\n>p1 switch 2\n>p2 move strengthsap\n>p1 switch 5\n>p1 move bleakwindstorm\n>p2 switch 2\n>p2 switch 6\n>p1 switch 4\n>p2 move recover\n>p1 move facade\n>p2 switch 4\n>p1 move facade\n>p2 switch 5\n>p1 switch 3\n>p2 move stoneedge\n>p1 switch 6\n>p1 move moonblast\n>p2 move highhorsepower\n>p2 switch 4\n>p1 move knockoff\n>p2 move alluringvoice\n>p1 switch 3\n>p1 move facade terastallize\n>p2 move recover terastallize\n>p2 switch 5\n>p1 move facade\n>p2 move waterfall\n>p2 switch 2\n>p1 move swordsdance\n>p2 move strengthsap\n>p1 switch 2\n>p2 move gigadrain\n>p1 switch 4\n>p1 move heatwave\n>p2 move strengthsap\n>p1 move heatwave\n>p2 move sludgebomb\n>p1 move heatwave\n>p2 move strengthsap", "uploadtime": 1781451877, "views": 8, "formatid": "gen9randombattle", "rating": null, "private": 0, "password": null}