{"id": "gen9randombattle-2631998363", "format": "[Gen 9] Random Battle", "players": ["ranger 0", "Grabbb"], "log": "|badge|p2|bronze|gen9nu|100-9\n|uhtml|medal-msg|<div class=\"broadcast-blue\">Curious what those medals under the avatar are? PS now has Ladder Seasons! For more information, check out the <a href=\"https://www.smogon.com/forums/threads/3740067/\">thread on Smogon.</a></div>\n|j|\u2606ranger 0\n|j|\u2606Grabbb\n|t:|1781464312\n|gametype|singles\n|player|p1|ranger 0|pokemonranger-gen4|1913\n|player|p2|Grabbb|102|1921\n|gen|9\n|tier|[Gen 9] Random Battle\n|rated|\n|rule|Species Clause: Limit one of each Pok\u00e9mon\n|rule|HP Percentage Mod: HP is shown in percentages\n|rule|Sleep Clause Mod: Limit one foe put to sleep\n|rule|Illusion Level Mod: Illusion disguises the Pok\u00e9mon's true level\n|\n|t:|1781464312\n|teamsize|p1|6\n|teamsize|p2|6\n|start\n|switch|p1a: Toedscruel|Toedscruel, L87, M|281/281\n|switch|p2a: Lunala|Lunala, L70|308/308\n|turn|1\n|\n|t:|1781464338\n|switch|p2a: Empoleon|Empoleon, L84, M|278/278\n|move|p1a: Toedscruel|Toxic|p2a: Empoleon\n|-immune|p2a: Empoleon\n|\n|upkeep\n|turn|2\n|inactive|Battle timer is ON: inactive players will automatically lose when time's up. (requested by Grabbb)\n|\n|t:|1781464374\n|move|p1a: Toedscruel|Earth Power|p2a: Empoleon\n|-supereffective|p2a: Empoleon\n|-damage|p2a: Empoleon|120/278\n|move|p2a: Empoleon|Ice Beam|p1a: Toedscruel\n|-supereffective|p1a: Toedscruel\n|-damage|p1a: Toedscruel|53/281\n|\n|-heal|p1a: Toedscruel|70/281|[from] item: Leftovers\n|-heal|p2a: Empoleon|137/278|[from] item: Leftovers\n|upkeep\n|turn|3\n|\n|t:|1781464384\n|switch|p2a: Squawkabilly|Squawkabilly, L85, M|278/278\n|move|p1a: Toedscruel|Earth Power|p2a: Squawkabilly\n|-immune|p2a: Squawkabilly\n|\n|-heal|p1a: Toedscruel|87/281|[from] item: Leftovers\n|-status|p2a: Squawkabilly|brn|[from] item: Flame Orb\n|upkeep\n|turn|4\n|\n|t:|1781464393\n|switch|p1a: Coalossal|Coalossal, L89, F|341/341\n|move|p2a: Squawkabilly|Quick Attack|p1a: Coalossal\n|-resisted|p1a: Coalossal\n|-damage|p1a: Coalossal|318/341\n|\n|-damage|p2a: Squawkabilly|261/278 brn|[from] brn\n|upkeep\n|turn|5\n|\n|t:|1781464407\n|switch|p2a: Magcargo|Magcargo, L95, M|268/268\n|move|p1a: Coalossal|Stealth Rock|p2a: Magcargo\n|-sidestart|p2: Grabbb|move: Stealth Rock\n|\n|upkeep\n|turn|6\n|\n|t:|1781464418\n|move|p2a: Magcargo|Power Gem|p1a: Coalossal\n|-supereffective|p1a: Coalossal\n|-damage|p1a: Coalossal|138/341\n|move|p1a: Coalossal|Stone Edge|p2a: Magcargo\n|-supereffective|p2a: Magcargo\n|-damage|p2a: Magcargo|112/268\n|\n|upkeep\n|turn|7\n|\n|t:|1781464426\n|switch|p1a: Dragapult|Dragapult, L77, F|262/262\n|move|p2a: Magcargo|Power Gem|p1a: Dragapult\n|-damage|p1a: Dragapult|142/262\n|\n|upkeep\n|turn|8\n|\n|t:|1781464433\n|move|p1a: Dragapult|Shadow Ball|p2a: Magcargo\n|-damage|p2a: Magcargo|10/268\n|move|p2a: Magcargo|Recover|p2a: Magcargo\n|-heal|p2a: Magcargo|144/268\n|\n|upkeep\n|turn|9\n|\n|t:|1781464439\n|switch|p1a: Barraskewda|Barraskewda, L81, M|231/231\n|move|p2a: Magcargo|Recover|p2a: Magcargo\n|-heal|p2a: Magcargo|268/268\n|\n|upkeep\n|turn|10\n|\n|t:|1781464455\n|-terastallize|p2a: Magcargo|Dragon\n|move|p1a: Barraskewda|Waterfall|p2a: Magcargo\n|-resisted|p2a: Magcargo\n|-damage|p2a: Magcargo|220/268\n|-status|p1a: Barraskewda|brn|[from] ability: Flame Body|[of] p2a: Magcargo\n|move|p2a: Magcargo|Power Gem|p1a: Barraskewda\n|-damage|p1a: Barraskewda|66/231 brn\n|\n|-damage|p1a: Barraskewda|52/231 brn|[from] brn\n|upkeep\n|turn|11\n|\n|t:|1781464468\n|switch|p1a: Dragapult|Dragapult, L77, F|142/262\n|move|p2a: Magcargo|Yawn|p1a: Dragapult\n|-start|p1a: Dragapult|move: Yawn|[of] p2a: Magcargo\n|\n|upkeep\n|turn|12\n|\n|t:|1781464473\n|switch|p2a: Flutter Mane|Flutter Mane, L74|203/203\n|-damage|p2a: Flutter Mane|178/203|[from] Stealth Rock\n|move|p1a: Dragapult|U-turn|p2a: Flutter Mane\n|-resisted|p2a: Flutter Mane\n|-damage|p2a: Flutter Mane|158/203\n|\n|t:|1781464477\n|switch|p1a: Cobalion|Cobalion, L80|277/277|[from] U-turn\n|\n|upkeep\n|turn|13\n|\n|t:|1781464484\n|-end|p2a: Flutter Mane|Protosynthesis|[silent]\n|switch|p2a: Empoleon|Empoleon, L84, M|137/278\n|-damage|p2a: Empoleon|120/278|[from] Stealth Rock\n|move|p1a: Cobalion|Iron Head|p2a: Empoleon\n|-resisted|p2a: Empoleon\n|-damage|p2a: Empoleon|103/278\n|\n|-heal|p2a: Empoleon|120/278|[from] item: Leftovers\n|upkeep\n|turn|14\n|\n|t:|1781464491\n|move|p1a: Cobalion|Close Combat|p2a: Empoleon\n|-supereffective|p2a: Empoleon\n|-damage|p2a: Empoleon|0 fnt\n|-unboost|p1a: Cobalion|def|1\n|-unboost|p1a: Cobalion|spd|1\n|faint|p2a: Empoleon\n|\n|upkeep\n|\n|t:|1781464504\n|switch|p2a: Flutter Mane|Flutter Mane, L74|158/203\n|-damage|p2a: Flutter Mane|133/203|[from] Stealth Rock\n|turn|15\n|\n|t:|1781464510\n|move|p2a: Flutter Mane|Moonblast|p1a: Cobalion\n|-damage|p1a: Cobalion|26/277\n|-damage|p2a: Flutter Mane|113/203|[from] item: Life Orb\n|move|p1a: Cobalion|Iron Head|p2a: Flutter Mane\n|-supereffective|p2a: Flutter Mane\n|-crit|p2a: Flutter Mane\n|-damage|p2a: Flutter Mane|0 fnt\n|faint|p2a: Flutter Mane\n|-end|p2a: Flutter Mane|Protosynthesis|[silent]\n|\n|-heal|p1a: Cobalion|43/277|[from] item: Leftovers\n|upkeep\n|\n|t:|1781464514\n|switch|p2a: Persian|Persian, L92, F|269/269\n|-damage|p2a: Persian|236/269|[from] Stealth Rock\n|turn|16\n|\n|t:|1781464522\n|switch|p1a: Coalossal|Coalossal, L89, F|138/341\n|move|p2a: Persian|Knock Off|p1a: Coalossal\n|-damage|p1a: Coalossal|68/341\n|-status|p2a: Persian|brn|[from] ability: Flame Body|[of] p1a: Coalossal\n|-enditem|p1a: Coalossal|Heavy-Duty Boots|[from] move: Knock Off|[of] p2a: Persian\n|\n|-damage|p2a: Persian|220/269 brn|[from] brn\n|upkeep\n|turn|17\n|\n|t:|1781464534\n|switch|p2a: Magcargo|Magcargo, L95, M, tera:Dragon|220/268\n|move|p1a: Coalossal|Spikes|p2a: Magcargo\n|-sidestart|p2: Grabbb|Spikes\n|\n|upkeep\n|turn|18\n|\n|t:|1781464537\n|move|p2a: Magcargo|Power Gem|p1a: Coalossal\n|-supereffective|p1a: Coalossal\n|-damage|p1a: Coalossal|0 fnt\n|faint|p1a: Coalossal\n|\n|upkeep\n|\n|t:|1781464540\n|switch|p1a: Dragapult|Dragapult, L77, F|142/262\n|turn|19\n|\n|t:|1781464564\n|switch|p2a: Persian|Persian, L92, F|220/269 brn\n|-damage|p2a: Persian|187/269 brn|[from] Stealth Rock\n|-damage|p2a: Persian|154/269 brn|[from] Spikes\n|move|p1a: Dragapult|Draco Meteor|p2a: Persian\n|-damage|p2a: Persian|0 fnt\n|-unboost|p1a: Dragapult|spa|2\n|faint|p2a: Persian\n|\n|upkeep\n|\n|t:|1781464573\n|switch|p2a: Lunala|Lunala, L70|308/308\n|-damage|p2a: Lunala|270/308|[from] Stealth Rock\n|-damage|p2a: Lunala|232/308|[from] Spikes\n|turn|20\n|\n|t:|1781464586\n|switch|p1a: Toedscruel|Toedscruel, L87, M|87/281\n|move|p2a: Lunala|Moonlight|p2a: Lunala\n|-heal|p2a: Lunala|308/308\n|\n|-heal|p1a: Toedscruel|104/281|[from] item: Leftovers\n|upkeep\n|turn|21\n|\n|t:|1781464592\n|move|p2a: Lunala|Moongeist Beam|p1a: Toedscruel\n|-damage|p1a: Toedscruel|29/281\n|move|p1a: Toedscruel|Toxic|p2a: Lunala\n|-status|p2a: Lunala|tox\n|\n|-heal|p1a: Toedscruel|46/281|[from] item: Leftovers\n|-damage|p2a: Lunala|289/308 tox|[from] psn\n|upkeep\n|turn|22\n|\n|t:|1781464600\n|move|p1a: Toedscruel|Leaf Storm|p2a: Lunala|[miss]\n|-miss|p1a: Toedscruel|p2a: Lunala\n|move|p2a: Lunala|Moongeist Beam|p1a: Toedscruel\n|-damage|p1a: Toedscruel|0 fnt\n|faint|p1a: Toedscruel\n|\n|-heal|p2a: Lunala|308/308 tox|[from] item: Leftovers\n|-damage|p2a: Lunala|270/308 tox|[from] psn\n|upkeep\n|\n|t:|1781464603\n|switch|p1a: Dragapult|Dragapult, L77, F|142/262\n|turn|23\n|\n|t:|1781464605\n|move|p1a: Dragapult|Shadow Ball|p2a: Lunala\n|-supereffective|p2a: Lunala\n|-damage|p2a: Lunala|0 fnt\n|faint|p2a: Lunala\n|\n|upkeep\n|\n|t:|1781464614\n|switch|p2a: Magcargo|Magcargo, L95, M, tera:Dragon|220/268\n|turn|24\n|\n|t:|1781464624\n|switch|p1a: Barraskewda|Barraskewda, L81, M|52/231 brn\n|move|p2a: Magcargo|Lava Plume|p1a: Barraskewda\n|-resisted|p1a: Barraskewda\n|-damage|p1a: Barraskewda|0 fnt\n|faint|p1a: Barraskewda\n|\n|upkeep\n|\n|t:|1781464627\n|switch|p1a: Dragapult|Dragapult, L77, F|142/262\n|turn|25\n|\n|t:|1781464632\n|switch|p2a: Squawkabilly|Squawkabilly, L85, M|261/278 brn\n|-damage|p2a: Squawkabilly|192/278 brn|[from] Stealth Rock\n|move|p1a: Dragapult|Draco Meteor|p2a: Squawkabilly\n|-damage|p2a: Squawkabilly|0 fnt\n|-unboost|p1a: Dragapult|spa|2\n|faint|p2a: Squawkabilly\n|\n|upkeep\n|\n|t:|1781464634\n|switch|p2a: Magcargo|Magcargo, L95, M, tera:Dragon|220/268\n|turn|26\n|\n|t:|1781464637\n|switch|p1a: Cobalion|Cobalion, L80|43/277\n|move|p2a: Magcargo|Lava Plume|p1a: Cobalion\n|-supereffective|p1a: Cobalion\n|-damage|p1a: Cobalion|0 fnt\n|faint|p1a: Cobalion\n|\n|upkeep\n|\n|t:|1781464640\n|switch|p1a: Dragapult|Dragapult, L77, F|142/262\n|turn|27\n|\n|t:|1781464644\n|move|p1a: Dragapult|Draco Meteor|p2a: Magcargo\n|-supereffective|p2a: Magcargo\n|-damage|p2a: Magcargo|0 fnt\n|-unboost|p1a: Dragapult|spa|2\n|faint|p2a: Magcargo\n|\n|win|ranger 0\n", "uploadtime": 1781464314, "views": 3, "formatid": "gen9randombattle", "rating": null, "private": 0, "password": null}