{"id": "gen9randombattle-2631790214", "format": "[Gen 9] Random Battle", "players": ["woxihuanni", "BoonLikker"], "log": "|j|\u2606woxihuanni\n|j|\u2606BoonLikker\n|t:|1781440053\n|gametype|singles\n|player|p1|woxihuanni|169|2106\n|player|p2|BoonLikker|1|2150\n|gen|9\n|tier|[Gen 9] Random Battle\n|rated|\n|rule|Species Clause: Limit one of each Pok\u00e9mon\n|rule|HP Percentage Mod: HP is shown in percentages\n|rule|Sleep Clause Mod: Limit one foe put to sleep\n|rule|Illusion Level Mod: Illusion disguises the Pok\u00e9mon's true level\n|\n|t:|1781440053\n|teamsize|p1|6\n|teamsize|p2|6\n|start\n|switch|p1a: Torterra|Torterra, L78, M|276/276\n|switch|p2a: Greninja|Greninja, L80, M|246/246\n|turn|1\n|\n|t:|1781440076\n|move|p2a: Greninja|Hydro Pump|p1a: Torterra|[miss]\n|-miss|p2a: Greninja|p1a: Torterra\n|move|p1a: Torterra|Shell Smash|p1a: Torterra\n|-unboost|p1a: Torterra|def|1\n|-unboost|p1a: Torterra|spd|1\n|-boost|p1a: Torterra|atk|2\n|-boost|p1a: Torterra|spa|2\n|-boost|p1a: Torterra|spe|2\n|\n|upkeep\n|turn|2\n|inactive|Battle timer is ON: inactive players will automatically lose when time's up. (requested by woxihuanni)\n|\n|t:|1781440085\n|switch|p2a: Skarmory|Skarmory, L80, F|235/235\n|move|p1a: Torterra|Bullet Seed|p2a: Skarmory\n|-resisted|p2a: Skarmory\n|-damage|p2a: Skarmory|226/235\n|-resisted|p2a: Skarmory\n|-damage|p2a: Skarmory|217/235\n|-resisted|p2a: Skarmory\n|-damage|p2a: Skarmory|208/235\n|-resisted|p2a: Skarmory\n|-damage|p2a: Skarmory|199/235\n|-hitcount|p2a: Skarmory|4\n|\n|upkeep\n|turn|3\n|\n|t:|1781440092\n|move|p1a: Torterra|Rock Blast|p2a: Skarmory\n|-damage|p2a: Skarmory|172/235\n|-damage|p2a: Skarmory|147/235\n|-damage|p2a: Skarmory|121/235\n|-damage|p2a: Skarmory|96/235\n|-hitcount|p2a: Skarmory|4\n|move|p2a: Skarmory|Brave Bird|p1a: Torterra\n|-supereffective|p1a: Torterra\n|-damage|p1a: Torterra|0 fnt\n|faint|p1a: Torterra\n|-damage|p2a: Skarmory|5/235|[from] Recoil\n|\n|upkeep\n|\n|t:|1781440103\n|switch|p1a: Mandibuzz|Mandibuzz, L85, F|326/326\n|turn|4\n|\n|t:|1781440121\n|switch|p2a: Regirock|Regirock, L83|268/268\n|move|p1a: Mandibuzz|Foul Play|p2a: Regirock\n|-damage|p2a: Regirock|208/268\n|\n|-heal|p2a: Regirock|224/268|[from] item: Leftovers\n|upkeep\n|turn|5\n|\n|t:|1781440126\n|move|p1a: Mandibuzz|U-turn|p2a: Regirock\n|-damage|p2a: Regirock|201/268\n|\n|t:|1781440128\n|switch|p1a: Excadrill|Excadrill, L79, F|303/303|[from] U-turn\n|-ability|p1a: Excadrill|Mold Breaker\n|move|p2a: Regirock|Thunder Wave|p1a: Excadrill\n|-immune|p1a: Excadrill\n|\n|-heal|p2a: Regirock|217/268|[from] item: Leftovers\n|upkeep\n|turn|6\n|\n|t:|1781440139\n|-terastallize|p2a: Regirock|Fighting\n|move|p1a: Excadrill|Iron Head|p2a: Regirock\n|-damage|p2a: Regirock|171/268\n|cant|p2a: Regirock|flinch\n|\n|-heal|p2a: Regirock|187/268|[from] item: Leftovers\n|upkeep\n|turn|7\n|\n|t:|1781440143\n|switch|p1a: Sylveon|Sylveon, L85, F|300/300\n|move|p2a: Regirock|Iron Defense|p2a: Regirock\n|-boost|p2a: Regirock|def|2\n|\n|-heal|p2a: Regirock|203/268|[from] item: Leftovers\n|upkeep\n|turn|8\n|\n|t:|1781440151\n|switch|p2a: Porygon2|Porygon2, L81|270/270\n|-ability|p2a: Porygon2|Download|boost\n|-boost|p2a: Porygon2|atk|1\n|move|p1a: Sylveon|Hyper Voice|p2a: Porygon2\n|-damage|p2a: Porygon2|179/270\n|\n|upkeep\n|turn|9\n|\n|t:|1781440157\n|switch|p1a: Mandibuzz|Mandibuzz, L85, F|326/326\n|move|p2a: Porygon2|Recover|p2a: Porygon2\n|-heal|p2a: Porygon2|270/270\n|\n|upkeep\n|turn|10\n|\n|t:|1781440163\n|move|p1a: Mandibuzz|Toxic|p2a: Porygon2\n|-status|p2a: Porygon2|tox\n|move|p2a: Porygon2|Discharge|p1a: Mandibuzz\n|-supereffective|p1a: Mandibuzz\n|-damage|p1a: Mandibuzz|214/326\n|\n|-damage|p2a: Porygon2|254/270 tox|[from] psn\n|upkeep\n|turn|11\n|\n|t:|1781440172\n|move|p1a: Mandibuzz|Foul Play|p2a: Porygon2\n|-damage|p2a: Porygon2|185/270 tox\n|move|p2a: Porygon2|Tri Attack|p1a: Mandibuzz\n|-damage|p1a: Mandibuzz|138/326\n|\n|-damage|p2a: Porygon2|153/270 tox|[from] psn\n|upkeep\n|turn|12\n|\n|t:|1781440177\n|move|p1a: Mandibuzz|Roost|p1a: Mandibuzz\n|-heal|p1a: Mandibuzz|301/326\n|-singleturn|p1a: Mandibuzz|move: Roost\n|move|p2a: Porygon2|Recover|p2a: Porygon2\n|-heal|p2a: Porygon2|270/270 tox\n|\n|-damage|p2a: Porygon2|222/270 tox|[from] psn\n|upkeep\n|turn|13\n|\n|t:|1781440182\n|switch|p1a: Excadrill|Excadrill, L79, F|303/303\n|-ability|p1a: Excadrill|Mold Breaker\n|switch|p2a: Regirock|Regirock, L83, tera:Fighting|203/268\n|\n|-heal|p2a: Regirock|219/268|[from] item: Leftovers\n|upkeep\n|turn|14\n|\n|t:|1781440197\n|switch|p2a: Skarmory|Skarmory, L80, F|5/235\n|move|p1a: Excadrill|Iron Head|p2a: Skarmory\n|-resisted|p2a: Skarmory\n|-crit|p2a: Skarmory\n|-damage|p2a: Skarmory|0 fnt\n|-damage|p1a: Excadrill|253/303|[from] item: Rocky Helmet|[of] p2a: Skarmory\n|faint|p2a: Skarmory\n|\n|upkeep\n|\n|t:|1781440200\n|switch|p2a: Greninja|Greninja, L80, M|246/246\n|turn|15\n|\n|t:|1781440211\n|move|p2a: Greninja|Hydro Pump|p1a: Excadrill\n|-supereffective|p1a: Excadrill\n|-damage|p1a: Excadrill|0 fnt\n|faint|p1a: Excadrill\n|-ability|p2a: Greninja|Battle Bond|boost\n|-boost|p2a: Greninja|atk|1\n|-boost|p2a: Greninja|spa|1\n|-boost|p2a: Greninja|spe|1\n|-activate|p2a: Greninja|ability: Battle Bond\n|-damage|p2a: Greninja|222/246|[from] item: Life Orb\n|\n|upkeep\n|\n|t:|1781440218\n|switch|p1a: Scrafty|Scrafty, L83, F|244/244\n|-ability|p1a: Scrafty|Intimidate|boost\n|-unboost|p2a: Greninja|atk|1\n|turn|16\n|\n|t:|1781440230\n|switch|p2a: Regirock|Regirock, L83, tera:Fighting|219/268\n|move|p1a: Scrafty|Drain Punch|p2a: Regirock\n|-damage|p2a: Regirock|179/268\n|\n|-heal|p2a: Regirock|195/268|[from] item: Leftovers\n|upkeep\n|turn|17\n|\n|t:|1781440236\n|move|p1a: Scrafty|Knock Off|p2a: Regirock\n|-resisted|p2a: Regirock\n|-damage|p2a: Regirock|171/268\n|-enditem|p2a: Regirock|Leftovers|[from] move: Knock Off|[of] p1a: Scrafty\n|move|p2a: Regirock|Body Press|p1a: Scrafty\n|-supereffective|p1a: Scrafty\n|-damage|p1a: Scrafty|10/244\n|\n|-heal|p1a: Scrafty|25/244|[from] item: Leftovers\n|upkeep\n|turn|18\n|\n|t:|1781440242\n|move|p1a: Scrafty|Drain Punch|p2a: Regirock\n|-damage|p2a: Regirock|132/268\n|-heal|p1a: Scrafty|45/244|[from] drain|[of] p2a: Regirock\n|move|p2a: Regirock|Thunder Wave|p1a: Scrafty\n|-status|p1a: Scrafty|par\n|\n|-heal|p1a: Scrafty|60/244 par|[from] item: Leftovers\n|upkeep\n|turn|19\n|\n|t:|1781440247\n|switch|p1a: Sylveon|Sylveon, L85, F|300/300\n|move|p2a: Regirock|Body Press|p1a: Sylveon\n|-resisted|p1a: Sylveon\n|-damage|p1a: Sylveon|199/300\n|\n|-heal|p1a: Sylveon|217/300|[from] item: Leftovers\n|upkeep\n|turn|20\n|\n|t:|1781440253\n|move|p1a: Sylveon|Hyper Voice|p2a: Regirock\n|-supereffective|p2a: Regirock\n|-damage|p2a: Regirock|0 fnt\n|faint|p2a: Regirock\n|\n|-heal|p1a: Sylveon|235/300|[from] item: Leftovers\n|upkeep\n|\n|t:|1781440256\n|switch|p2a: Greninja|Greninja, L80, M|222/246\n|turn|21\n|\n|t:|1781440261\n|-terastallize|p1a: Sylveon|Steel\n|move|p2a: Greninja|Gunk Shot|p1a: Sylveon\n|-immune|p1a: Sylveon\n|move|p1a: Sylveon|Hyper Voice|p2a: Greninja\n|-supereffective|p2a: Greninja\n|-damage|p2a: Greninja|0 fnt\n|faint|p2a: Greninja\n|\n|-heal|p1a: Sylveon|253/300|[from] item: Leftovers\n|upkeep\n|\n|t:|1781440267\n|switch|p2a: Iron Boulder|Iron Boulder, L77|265/265\n|-enditem|p2a: Iron Boulder|Booster Energy\n|-activate|p2a: Iron Boulder|ability: Quark Drive|[fromitem]\n|-start|p2a: Iron Boulder|quarkdrivespe\n|turn|22\n|\n|t:|1781440272\n|move|p2a: Iron Boulder|Swords Dance|p2a: Iron Boulder\n|-boost|p2a: Iron Boulder|atk|2\n|move|p1a: Sylveon|Hyper Voice|p2a: Iron Boulder\n|-damage|p2a: Iron Boulder|154/265\n|\n|-heal|p1a: Sylveon|271/300|[from] item: Leftovers\n|upkeep\n|turn|23\n|\n|t:|1781440277\n|switch|p1a: Scrafty|Scrafty, L83, F|60/244 par\n|-ability|p1a: Scrafty|Intimidate|boost\n|-unboost|p2a: Iron Boulder|atk|1\n|move|p2a: Iron Boulder|Close Combat|p1a: Scrafty\n|-supereffective|p1a: Scrafty\n|-damage|p1a: Scrafty|0 fnt\n|-unboost|p2a: Iron Boulder|def|1\n|-unboost|p2a: Iron Boulder|spd|1\n|faint|p1a: Scrafty\n|\n|upkeep\n|\n|t:|1781440280\n|switch|p1a: Mandibuzz|Mandibuzz, L85, F|301/326\n|turn|24\n|\n|t:|1781440284\n|move|p2a: Iron Boulder|Mighty Cleave|p1a: Mandibuzz\n|-supereffective|p1a: Mandibuzz\n|-damage|p1a: Mandibuzz|53/326\n|move|p1a: Mandibuzz|Foul Play|p2a: Iron Boulder\n|-supereffective|p2a: Iron Boulder\n|-damage|p2a: Iron Boulder|0 fnt\n|faint|p2a: Iron Boulder\n|-end|p2a: Iron Boulder|Quark Drive|[silent]\n|\n|upkeep\n|\n|t:|1781440292\n|switch|p2a: Passimian|Passimian, L83, M|302/302\n|turn|25\n|\n|t:|1781440295\n|move|p2a: Passimian|Close Combat|p1a: Mandibuzz\n|-damage|p1a: Mandibuzz|0 fnt\n|-unboost|p2a: Passimian|def|1\n|-unboost|p2a: Passimian|spd|1\n|faint|p1a: Mandibuzz\n|\n|upkeep\n|\n|t:|1781440297\n|switch|p1a: Indeedee|Indeedee-F, L90, F|272/272\n|-fieldstart|move: Psychic Terrain|[from] ability: Psychic Surge|[of] p1a: Indeedee\n|turn|26\n|\n|t:|1781440303\n|switch|p2a: Porygon2|Porygon2, L81|222/270 tox\n|-ability|p2a: Porygon2|Download|boost\n|-boost|p2a: Porygon2|atk|1\n|move|p1a: Indeedee|Psyshock|p2a: Porygon2\n|-damage|p2a: Porygon2|87/270 tox\n|\n|-damage|p2a: Porygon2|71/270 tox|[from] psn\n|upkeep\n|turn|27\n|\n|t:|1781440306\n|move|p1a: Indeedee|Psyshock|p2a: Porygon2\n|-damage|p2a: Porygon2|0 fnt\n|faint|p2a: Porygon2\n|\n|upkeep\n|\n|t:|1781440307\n|switch|p2a: Passimian|Passimian, L83, M|302/302\n|turn|28\n|\n|t:|1781440310\n|move|p2a: Passimian|Knock Off|p1a: Indeedee\n|-supereffective|p1a: Indeedee\n|-damage|p1a: Indeedee|82/272\n|-enditem|p1a: Indeedee|Choice Specs|[from] move: Knock Off|[of] p2a: Passimian\n|move|p1a: Indeedee|Psyshock|p2a: Passimian\n|-supereffective|p2a: Passimian\n|-damage|p2a: Passimian|48/302\n|\n|upkeep\n|turn|29\n|\n|t:|1781440313\n|move|p2a: Passimian|Knock Off|p1a: Indeedee\n|-supereffective|p1a: Indeedee\n|-damage|p1a: Indeedee|0 fnt\n|faint|p1a: Indeedee\n|\n|upkeep\n|\n|t:|1781440314\n|switch|p1a: Sylveon|Sylveon, L85, F, tera:Steel|271/300\n|turn|30\n|-message|BoonLikker forfeited.\n|\n|win|woxihuanni\n", "inputlog": ">version a8376a258c1d4662feba110a92103f3664a72141\n>start {\"formatid\":\"gen9randombattle\",\"seed\":\"sodium,9602d2ae24f7718b0f34f11055bc69e7\",\"rated\":\"Rated battle\"}\n>player p1 {\"name\":\"woxihuanni\",\"avatar\":\"169\",\"rating\":2106,\"seed\":\"sodium,4e0d60da913af4b7a5772ee786927a2c\"}\n>player p2 {\"name\":\"BoonLikker\",\"avatar\":\"1\",\"rating\":2150,\"seed\":\"sodium,3fd2ccadb7e5313d5380835df78f61d4\"}\n>p1 move shellsmash\n>p2 move hydropump\n>p1 move bulletseed\n>p2 switch 3\n>p1 move rockblast\n>p2 move bravebird\n>p1 switch 3\n>p1 move foulplay\n>p2 switch 2\n>p1 move uturn\n>p2 move thunderwave\n>p1 switch 2\n>p1 move ironhead\n>p2 move irondefense terastallize\n>p1 switch 6\n>p2 move irondefense\n>p1 move hypervoice\n>p2 switch 4\n>p1 switch 2\n>p2 move recover\n>p1 move toxic\n>p2 move discharge\n>p1 move foulplay\n>p2 move triattack\n>p1 move roost\n>p2 move recover\n>p1 switch 6\n>p2 switch 4\n>p1 move ironhead\n>p2 switch 2\n>p2 switch 3\n>p1 move rapidspin\n>p2 move hydropump\n>p1 switch 4\n>p1 move drainpunch\n>p2 switch 2\n>p1 move knockoff\n>p2 move bodypress\n>p1 move drainpunch\n>p2 move thunderwave\n>p1 switch 2\n>p2 move bodypress\n>p1 move hypervoice\n>p2 move stoneedge\n>p2 switch 2\n>p1 move hypervoice terastallize\n>p2 move gunkshot\n>p2 switch 5\n>p1 move hypervoice\n>p2 move swordsdance\n>p1 switch 2\n>p2 move closecombat\n>p1 switch 6\n>p1 move foulplay\n>p2 move mightycleave\n>p2 switch 6\n>p1 move toxic\n>p2 move closecombat\n>p1 switch 5\n>p1 move psyshock\n>p2 switch 4\n>p1 move psyshock\n>p2 move discharge\n>p2 switch 4\n>p1 move psyshock\n>p2 move knockoff\n>p1 move psyshock\n>p2 move knockoff\n>p1 switch 2\n>forcelose p2", "uploadtime": 1781440055, "views": 6, "formatid": "gen9randombattle", "rating": null, "private": 0, "password": null}