{"id": "gen9randombattle-2631851089", "format": "[Gen 9] Random Battle", "players": ["andriychayka", "YoungSwagon"], "log": "|j|\u2606andriychayka\n|j|\u2606YoungSwagon\n|t:|1781448083\n|gametype|singles\n|player|p1|andriychayka|170|1129\n|player|p2|YoungSwagon|veteran|1079\n|gen|9\n|tier|[Gen 9] Random Battle\n|rated|\n|rule|Species Clause: Limit one of each Pok\u00e9mon\n|rule|HP Percentage Mod: HP is shown in percentages\n|rule|Sleep Clause Mod: Limit one foe put to sleep\n|rule|Illusion Level Mod: Illusion disguises the Pok\u00e9mon's true level\n|\n|t:|1781448083\n|teamsize|p1|6\n|teamsize|p2|6\n|start\n|switch|p1a: Dewgong|Dewgong, L94, M|322/322\n|switch|p2a: Phione|Phione, L91|293/293\n|turn|1\n|inactive|Battle timer is ON: inactive players will automatically lose when time's up. (requested by andriychayka)\n|\n|t:|1781448092\n|move|p2a: Phione|Take Heart|p2a: Phione\n|-boost|p2a: Phione|spa|1\n|-boost|p2a: Phione|spd|1\n|move|p1a: Dewgong|Knock Off|p2a: Phione\n|-damage|p2a: Phione|231/293\n|-enditem|p2a: Phione|Leftovers|[from] move: Knock Off|[of] p1a: Dewgong\n|\n|upkeep\n|turn|2\n|\n|t:|1781448113\n|switch|p1a: Gothitelle|Gothitelle, L90, F|272/272\n|move|p2a: Phione|Take Heart|p2a: Phione\n|-boost|p2a: Phione|spa|1\n|-boost|p2a: Phione|spd|1\n|\n|upkeep\n|turn|3\n|inactive|andriychayka has 120 seconds left.\n|\n|t:|1781448134\n|move|p2a: Phione|Scald|p1a: Gothitelle\n|-damage|p1a: Gothitelle|131/272\n|-status|p1a: Gothitelle|brn\n|move|p1a: Gothitelle|Thunderbolt|p2a: Phione\n|-supereffective|p2a: Phione\n|-damage|p2a: Phione|163/293\n|\n|-heal|p1a: Gothitelle|148/272 brn|[from] item: Leftovers\n|-damage|p1a: Gothitelle|131/272 brn|[from] brn\n|upkeep\n|turn|4\n|inactive|andriychayka has 120 seconds left.\n|\n|t:|1781448144\n|move|p2a: Phione|Scald|p1a: Gothitelle\n|-damage|p1a: Gothitelle|0 fnt\n|faint|p1a: Gothitelle\n|\n|upkeep\n|inactive|andriychayka has 120 seconds left.\n|\n|t:|1781448151\n|switch|p1a: Ninetales|Ninetales, L85, F|263/263\n|-weather|SunnyDay|[from] ability: Drought|[of] p1a: Ninetales\n|turn|5\n|\n|t:|1781448158\n|-terastallize|p1a: Ninetales|Grass\n|move|p1a: Ninetales|Nasty Plot|p1a: Ninetales\n|-boost|p1a: Ninetales|spa|2\n|move|p2a: Phione|Scald|p1a: Ninetales\n|-resisted|p1a: Ninetales\n|-damage|p1a: Ninetales|225/263\n|\n|-weather|SunnyDay|[upkeep]\n|upkeep\n|turn|6\n|\n|t:|1781448167\n|-terastallize|p2a: Phione|Grass\n|move|p1a: Ninetales|Solar Beam||[still]\n|-prepare|p1a: Ninetales|Solar Beam\n|-anim|p1a: Ninetales|Solar Beam|p2a: Phione\n|-resisted|p2a: Phione\n|-damage|p2a: Phione|105/293\n|move|p2a: Phione|Ice Beam|p1a: Ninetales\n|-supereffective|p1a: Ninetales\n|-damage|p1a: Ninetales|0 fnt\n|faint|p1a: Ninetales\n|\n|-weather|SunnyDay|[upkeep]\n|upkeep\n|inactive|andriychayka has 120 seconds left.\n|\n|t:|1781448188\n|switch|p1a: Vileplume|Vileplume, L85, M|266/266\n|turn|7\n|\n|t:|1781448193\n|move|p2a: Phione|Ice Beam|p1a: Vileplume\n|-supereffective|p1a: Vileplume\n|-damage|p1a: Vileplume|30/266\n|move|p1a: Vileplume|Sludge Bomb|p2a: Phione\n|-supereffective|p2a: Phione\n|-damage|p2a: Phione|0 fnt\n|faint|p2a: Phione\n|\n|-weather|SunnyDay|[upkeep]\n|-heal|p1a: Vileplume|46/266|[from] item: Leftovers\n|upkeep\n|\n|t:|1781448210\n|switch|p2a: Rillaboom|Rillaboom, L79, F|288/288\n|-fieldstart|move: Grassy Terrain|[from] ability: Grassy Surge|[of] p2a: Rillaboom\n|turn|8\n|\n|t:|1781448225\n|move|p2a: Rillaboom|High Horsepower|p1a: Vileplume\n|-damage|p1a: Vileplume|0 fnt\n|faint|p1a: Vileplume\n|\n|-weather|SunnyDay|[upkeep]\n|upkeep\n|\n|t:|1781448233\n|switch|p1a: Reshiram|Reshiram, L76|277/277\n|-ability|p1a: Reshiram|Turboblaze\n|turn|9\n|\n|t:|1781448245\n|switch|p2a: Delphox|Delphox, L84, M|263/263\n|move|p1a: Reshiram|Blue Flare|p2a: Delphox\n|-resisted|p2a: Delphox\n|-damage|p2a: Delphox|152/263\n|\n|-weather|none\n|-heal|p2a: Delphox|168/263|[from] Grassy Terrain\n|upkeep\n|turn|10\n|inactive|andriychayka has 120 seconds left.\n|\n|t:|1781448272\n|move|p2a: Delphox|Psyshock|p1a: Reshiram\n|-damage|p1a: Reshiram|181/277\n|move|p1a: Reshiram|Earth Power|p2a: Delphox\n|-supereffective|p2a: Delphox\n|-damage|p2a: Delphox|26/263\n|\n|-heal|p2a: Delphox|42/263|[from] Grassy Terrain\n|-heal|p1a: Reshiram|198/277|[from] Grassy Terrain\n|upkeep\n|turn|11\n|inactive|andriychayka has 120 seconds left.\n|\n|t:|1781448283\n|move|p2a: Delphox|Psyshock|p1a: Reshiram\n|-damage|p1a: Reshiram|101/277\n|move|p1a: Reshiram|Earth Power|p2a: Delphox\n|-supereffective|p2a: Delphox\n|-damage|p2a: Delphox|0 fnt\n|faint|p2a: Delphox\n|\n|-heal|p1a: Reshiram|118/277|[from] Grassy Terrain\n|upkeep\n|inactive|YoungSwagon has 120 seconds left.\n|inactive|YoungSwagon has 90 seconds left.\n|\n|t:|1781448346\n|switch|p2a: Weezing|Weezing, L88, M|258/258\n|turn|12\n|inactive|YoungSwagon has 90 seconds left.\n|inactive|andriychayka has 120 seconds left.\n|\n|t:|1781448371\n|move|p1a: Reshiram|Will-O-Wisp|p2a: Weezing\n|-status|p2a: Weezing|brn\n|move|p2a: Weezing|Sludge Bomb|p1a: Reshiram\n|-damage|p1a: Reshiram|31/277\n|\n|-heal|p1a: Reshiram|48/277|[from] Grassy Terrain\n|-damage|p2a: Weezing|242/258 brn|[from] brn\n|-fieldend|move: Grassy Terrain\n|upkeep\n|turn|13\n|inactive|andriychayka has 120 seconds left.\n|inactive|YoungSwagon has 90 seconds left.\n|\n|t:|1781448388\n|move|p1a: Reshiram|Draco Meteor|p2a: Weezing\n|-damage|p2a: Weezing|61/258 brn\n|-unboost|p1a: Reshiram|spa|2\n|move|p2a: Weezing|Sludge Bomb|p1a: Reshiram\n|-damage|p1a: Reshiram|0 fnt\n|faint|p1a: Reshiram\n|\n|-heal|p2a: Weezing|77/258 brn|[from] item: Leftovers\n|-damage|p2a: Weezing|61/258 brn|[from] brn\n|upkeep\n|inactive|andriychayka has 120 seconds left.\n|\n|t:|1781448401\n|switch|p1a: Wyrdeer|Wyrdeer, L87, M|321/321\n|-ability|p1a: Wyrdeer|Intimidate|boost\n|-unboost|p2a: Weezing|atk|1\n|turn|14\n|inactive|andriychayka has 120 seconds left.\n|inactive|YoungSwagon has 90 seconds left.\n|\n|t:|1781448416\n|move|p1a: Wyrdeer|Body Slam|p2a: Weezing\n|-damage|p2a: Weezing|0 fnt\n|faint|p2a: Weezing\n|\n|upkeep\n|inactive|YoungSwagon has 90 seconds left.\n|\n|t:|1781448423\n|switch|p2a: Scrafty|Scrafty, L83, F|244/244\n|turn|15\n|\n|t:|1781448432\n|move|p1a: Wyrdeer|Thunder Wave|p2a: Scrafty\n|-status|p2a: Scrafty|par\n|move|p2a: Scrafty|Knock Off|p1a: Wyrdeer\n|-supereffective|p1a: Wyrdeer\n|-damage|p1a: Wyrdeer|121/321\n|-enditem|p1a: Wyrdeer|Leftovers|[from] move: Knock Off|[of] p2a: Scrafty\n|\n|upkeep\n|turn|16\n|\n|t:|1781448441\n|switch|p1a: Dewgong|Dewgong, L94, M|322/322\n|move|p2a: Scrafty|Bulk Up|p2a: Scrafty\n|-boost|p2a: Scrafty|atk|1\n|-boost|p2a: Scrafty|def|1\n|\n|upkeep\n|turn|17\n|\n|t:|1781448456\n|move|p1a: Dewgong|Surf|p2a: Scrafty\n|-damage|p2a: Scrafty|172/244 par\n|cant|p2a: Scrafty|par\n|\n|-heal|p2a: Scrafty|187/244 par|[from] item: Leftovers\n|upkeep\n|turn|18\n|\n|t:|1781448479\n|switch|p1a: Wyrdeer|Wyrdeer, L87, M|121/321\n|-ability|p1a: Wyrdeer|Intimidate|boost\n|-unboost|p2a: Scrafty|atk|1\n|move|p2a: Scrafty|Drain Punch|p1a: Wyrdeer\n|-damage|p1a: Wyrdeer|36/321\n|-heal|p2a: Scrafty|230/244 par|[from] drain|[of] p1a: Wyrdeer\n|\n|-activate|p2a: Scrafty|ability: Shed Skin\n|-curestatus|p2a: Scrafty|par|[msg]\n|-heal|p2a: Scrafty|244/244|[from] item: Leftovers\n|upkeep\n|turn|19\n|\n|t:|1781448501\n|move|p1a: Wyrdeer|Thunder Wave|p2a: Scrafty\n|-status|p2a: Scrafty|par\n|move|p2a: Scrafty|Knock Off|p1a: Wyrdeer\n|-supereffective|p1a: Wyrdeer\n|-damage|p1a: Wyrdeer|0 fnt\n|faint|p1a: Wyrdeer\n|\n|upkeep\n|\n|t:|1781448505\n|switch|p1a: Dewgong|Dewgong, L94, M|322/322\n|turn|20\n|\n|t:|1781448513\n|move|p1a: Dewgong|Ice Beam|p2a: Scrafty\n|-damage|p2a: Scrafty|163/244 par\n|move|p2a: Scrafty|Drain Punch|p1a: Dewgong\n|-supereffective|p1a: Dewgong\n|-damage|p1a: Dewgong|188/322\n|-heal|p2a: Scrafty|230/244 par|[from] drain|[of] p1a: Dewgong\n|\n|-activate|p2a: Scrafty|ability: Shed Skin\n|-curestatus|p2a: Scrafty|par|[msg]\n|-heal|p2a: Scrafty|244/244|[from] item: Leftovers\n|upkeep\n|turn|21\n|\n|t:|1781448533\n|move|p1a: Dewgong|Ice Beam|p2a: Scrafty\n|-damage|p2a: Scrafty|168/244\n|move|p2a: Scrafty|Bulk Up|p2a: Scrafty\n|-boost|p2a: Scrafty|atk|1\n|-boost|p2a: Scrafty|def|1\n|\n|-heal|p2a: Scrafty|183/244|[from] item: Leftovers\n|upkeep\n|turn|22\n|-message|andriychayka forfeited.\n|\n|win|YoungSwagon\n|raw|andriychayka's rating: 1129 &rarr; <strong>1100</strong><br />(-29 for losing)\n|raw|YoungSwagon's rating: 1079 &rarr; <strong>1111</strong><br />(+32 for winning)\n|l|\u2606andriychayka\n|player|p1|\n|j|\u2606andriychayka\n|player|p1|andriychayka|170|\n", "uploadtime": 1781448543, "views": 10, "formatid": "gen9randombattle", "rating": 1100, "private": 0, "password": null}