{"id": "gen9randombattle-2631635152", "format": "[Gen 9] Random Battle", "players": ["moomoo798", "masbahlilganteng"], "log": "|j|\u2606moomoo798\n|j|\u2606masbahlilganteng\n|t:|1781412368\n|gametype|singles\n|player|p1|moomoo798|jasmine|1976\n|player|p2|masbahlilganteng|hoopster|2045\n|gen|9\n|tier|[Gen 9] Random Battle\n|rated|\n|rule|Species Clause: Limit one of each Pok\u00e9mon\n|rule|HP Percentage Mod: HP is shown in percentages\n|rule|Sleep Clause Mod: Limit one foe put to sleep\n|rule|Illusion Level Mod: Illusion disguises the Pok\u00e9mon's true level\n|\n|t:|1781412368\n|teamsize|p1|6\n|teamsize|p2|6\n|start\n|switch|p1a: Vaporeon|Vaporeon, L86, F|364/364\n|switch|p2a: Electrode|Electrode-Hisui, L87|246/246\n|turn|1\n|inactive|Battle timer is ON: inactive players will automatically lose when time's up. (requested by masbahlilganteng)\n|inactive|moomoo798 also wants the timer to be on.\n|\n|t:|1781412383\n|switch|p1a: Ogerpon|Ogerpon, L80, F|259/259\n|move|p2a: Electrode|Substitute|p2a: Electrode\n|-start|p2a: Electrode|Substitute\n|-damage|p2a: Electrode|185/246\n|\n|-heal|p2a: Electrode|200/246|[from] item: Leftovers\n|upkeep\n|turn|2\n|\n|t:|1781412401\n|move|p2a: Electrode|Thunderbolt|p1a: Ogerpon\n|-resisted|p1a: Ogerpon\n|-damage|p1a: Ogerpon|218/259\n|move|p1a: Ogerpon|Spikes|p2a: Electrode\n|-sidestart|p2: masbahlilganteng|Spikes\n|\n|-heal|p2a: Electrode|215/246|[from] item: Leftovers\n|-heal|p1a: Ogerpon|234/259|[from] item: Leftovers\n|upkeep\n|turn|3\n|\n|t:|1781412424\n|switch|p2a: Yanmega|Yanmega, L82, F|275/275\n|move|p1a: Ogerpon|Spikes|p2a: Yanmega\n|-sidestart|p2: masbahlilganteng|Spikes\n|\n|-heal|p1a: Ogerpon|250/259|[from] item: Leftovers\n|upkeep\n|turn|4\n|\n|t:|1781412431\n|switch|p1a: Vaporeon|Vaporeon, L86, F|364/364\n|move|p2a: Yanmega|Bug Buzz|p1a: Vaporeon\n|-damage|p1a: Vaporeon|271/364\n|\n|-heal|p1a: Vaporeon|293/364|[from] item: Leftovers\n|-ability|p2a: Yanmega|Speed Boost|boost\n|-boost|p2a: Yanmega|spe|1\n|upkeep\n|turn|5\n|\n|t:|1781412447\n|move|p2a: Yanmega|Air Slash|p1a: Vaporeon\n|-damage|p1a: Vaporeon|215/364\n|move|p1a: Vaporeon|Wish|p1a: Vaporeon\n|\n|-heal|p1a: Vaporeon|237/364|[from] item: Leftovers\n|-ability|p2a: Yanmega|Speed Boost|boost\n|-boost|p2a: Yanmega|spe|1\n|upkeep\n|turn|6\n|\n|t:|1781412452\n|switch|p2a: Volcanion|Volcanion, L79|256/256\n|move|p1a: Vaporeon|Scald|p2a: Volcanion\n|-immune|p2a: Volcanion|[from] ability: Water Absorb\n|\n|-heal|p1a: Vaporeon|364/364|[from] move: Wish|[wisher] Vaporeon\n|upkeep\n|turn|7\n|\n|t:|1781412459\n|move|p1a: Vaporeon|Wish|p1a: Vaporeon\n|move|p2a: Volcanion|Earth Power|p1a: Vaporeon\n|-damage|p1a: Vaporeon|303/364\n|-unboost|p1a: Vaporeon|spd|1\n|\n|-heal|p1a: Vaporeon|325/364|[from] item: Leftovers\n|upkeep\n|turn|8\n|\n|t:|1781412472\n|switch|p1a: Clawitzer|Clawitzer, L87, F|265/265\n|move|p2a: Volcanion|Flamethrower|p1a: Clawitzer\n|-resisted|p1a: Clawitzer\n|-damage|p1a: Clawitzer|229/265\n|\n|-heal|p1a: Clawitzer|265/265|[from] move: Wish|[wisher] Vaporeon\n|upkeep\n|turn|9\n|\n|t:|1781412479\n|move|p2a: Volcanion|Earth Power|p1a: Clawitzer\n|-damage|p1a: Clawitzer|220/265\n|move|p1a: Clawitzer|Dragon Pulse|p2a: Volcanion\n|-damage|p2a: Volcanion|137/256\n|\n|upkeep\n|turn|10\n|\n|t:|1781412488\n|move|p2a: Volcanion|Earth Power|p1a: Clawitzer\n|-damage|p1a: Clawitzer|173/265\n|move|p1a: Clawitzer|Dragon Pulse|p2a: Volcanion\n|-damage|p2a: Volcanion|10/256\n|\n|upkeep\n|turn|11\n|inactive|masbahlilganteng has 120 seconds left.\n|\n|t:|1781412522\n|switch|p2a: Hitmonlee|Hitmonlee, L85, M|224/224\n|-damage|p2a: Hitmonlee|187/224|[from] Spikes\n|switch|p1a: Vaporeon|Vaporeon, L86, F|325/364\n|\n|-heal|p1a: Vaporeon|347/364|[from] item: Leftovers\n|upkeep\n|turn|12\n|inactive|moomoo798 has 120 seconds left.\n|\n|t:|1781412571\n|move|p2a: Hitmonlee|Swords Dance|p2a: Hitmonlee\n|-boost|p2a: Hitmonlee|atk|2\n|move|p1a: Vaporeon|Scald|p2a: Hitmonlee\n|-damage|p2a: Hitmonlee|111/224\n|\n|-heal|p1a: Vaporeon|364/364|[from] item: Leftovers\n|upkeep\n|turn|13\n|inactive|moomoo798 has 90 seconds left.\n|\n|t:|1781412607\n|switch|p1a: Clawitzer|Clawitzer, L87, F|173/265\n|move|p2a: Hitmonlee|Close Combat|p1a: Clawitzer\n|-damage|p1a: Clawitzer|0 fnt\n|-unboost|p2a: Hitmonlee|def|1\n|-unboost|p2a: Hitmonlee|spd|1\n|faint|p1a: Clawitzer\n|-enditem|p2a: Hitmonlee|White Herb\n|-clearnegativeboost|p2a: Hitmonlee|[silent]\n|\n|upkeep\n|\n|t:|1781412609\n|switch|p1a: Probopass|Probopass, L91, F|257/257\n|turn|14\n|\n|t:|1781412621\n|-terastallize|p1a: Probopass|Fighting\n|move|p2a: Hitmonlee|Close Combat|p1a: Probopass\n|-damage|p1a: Probopass|71/257\n|-unboost|p2a: Hitmonlee|def|1\n|-unboost|p2a: Hitmonlee|spd|1\n|move|p1a: Probopass|Body Press|p2a: Hitmonlee\n|-damage|p2a: Hitmonlee|0 fnt\n|faint|p2a: Hitmonlee\n|\n|upkeep\n|\n|t:|1781412630\n|switch|p2a: Volcanion|Volcanion, L79|10/256\n|turn|15\n|inactive|moomoo798 has 90 seconds left.\n|\n|t:|1781412658\n|move|p2a: Volcanion|Steam Eruption|p1a: Probopass|[miss]\n|-miss|p2a: Volcanion|p1a: Probopass\n|move|p1a: Probopass|Body Press|p2a: Volcanion\n|-damage|p2a: Volcanion|0 fnt\n|faint|p2a: Volcanion\n|\n|upkeep\n|\n|t:|1781412667\n|switch|p2a: Golem|Golem, L87, M|281/281\n|-damage|p2a: Golem|235/281|[from] Spikes\n|turn|16\n|\n|t:|1781412684\n|move|p2a: Golem|Rock Polish|p2a: Golem\n|-boost|p2a: Golem|spe|2\n|move|p1a: Probopass|Rest|p1a: Probopass\n|-status|p1a: Probopass|slp|[from] move: Rest\n|-heal|p1a: Probopass|257/257 slp|[silent]\n|-enditem|p1a: Probopass|Chesto Berry|[eat]\n|-curestatus|p1a: Probopass|slp|[msg]\n|\n|upkeep\n|turn|17\n|\n|t:|1781412691\n|move|p2a: Golem|Earthquake|p1a: Probopass\n|-damage|p1a: Probopass|176/257\n|move|p1a: Probopass|Iron Defense|p1a: Probopass\n|-boost|p1a: Probopass|def|2\n|\n|upkeep\n|turn|18\n|\n|t:|1781412697\n|switch|p2a: Yanmega|Yanmega, L82, F|275/275\n|move|p1a: Probopass|Body Press|p2a: Yanmega\n|-resisted|p2a: Yanmega\n|-damage|p2a: Yanmega|198/275\n|\n|upkeep\n|turn|19\n|\n|t:|1781412701\n|move|p2a: Yanmega|Air Slash|p1a: Probopass\n|-supereffective|p1a: Probopass\n|-damage|p1a: Probopass|66/257\n|move|p1a: Probopass|Power Gem|p2a: Yanmega\n|-supereffective|p2a: Yanmega\n|-damage|p2a: Yanmega|0 fnt\n|faint|p2a: Yanmega\n|\n|upkeep\n|\n|t:|1781412705\n|switch|p2a: Electrode|Electrode-Hisui, L87|215/246\n|-damage|p2a: Electrode|174/246|[from] Spikes\n|turn|20\n|\n|t:|1781412725\n|move|p2a: Electrode|Thunderbolt|p1a: Probopass\n|-damage|p1a: Probopass|14/257\n|move|p1a: Probopass|Body Press|p2a: Electrode\n|-damage|p2a: Electrode|0 fnt\n|faint|p2a: Electrode\n|\n|upkeep\n|\n|t:|1781412734\n|switch|p2a: Scrafty|Scrafty, L83, M|244/244\n|-damage|p2a: Scrafty|204/244|[from] Spikes\n|-ability|p2a: Scrafty|Intimidate|boost\n|-unboost|p1a: Probopass|atk|1\n|turn|21\n|\n|t:|1781412741\n|move|p2a: Scrafty|Drain Punch|p1a: Probopass\n|-damage|p1a: Probopass|0 fnt\n|-heal|p2a: Scrafty|211/244|[from] drain|[of] p1a: Probopass\n|faint|p1a: Probopass\n|\n|-heal|p2a: Scrafty|226/244|[from] item: Leftovers\n|upkeep\n|\n|t:|1781412760\n|switch|p1a: Vaporeon|Vaporeon, L86, F|364/364\n|turn|22\n|\n|t:|1781412764\n|move|p1a: Vaporeon|Calm Mind|p1a: Vaporeon\n|-boost|p1a: Vaporeon|spa|1\n|-boost|p1a: Vaporeon|spd|1\n|move|p2a: Scrafty|Knock Off|p1a: Vaporeon\n|-damage|p1a: Vaporeon|237/364\n|-enditem|p1a: Vaporeon|Leftovers|[from] move: Knock Off|[of] p2a: Scrafty\n|\n|-heal|p2a: Scrafty|241/244|[from] item: Leftovers\n|upkeep\n|turn|23\n|\n|t:|1781412770\n|move|p1a: Vaporeon|Scald|p2a: Scrafty\n|-damage|p2a: Scrafty|117/244\n|move|p2a: Scrafty|Poison Jab|p1a: Vaporeon\n|-damage|p1a: Vaporeon|172/364\n|\n|-heal|p2a: Scrafty|132/244|[from] item: Leftovers\n|upkeep\n|turn|24\n|\n|t:|1781412779\n|move|p1a: Vaporeon|Scald|p2a: Scrafty\n|-damage|p2a: Scrafty|2/244\n|move|p2a: Scrafty|Drain Punch|p1a: Vaporeon\n|-damage|p1a: Vaporeon|70/364\n|-heal|p2a: Scrafty|53/244|[from] drain|[of] p1a: Vaporeon\n|\n|-heal|p2a: Scrafty|68/244|[from] item: Leftovers\n|upkeep\n|turn|25\n|\n|t:|1781412788\n|move|p1a: Vaporeon|Scald|p2a: Scrafty\n|-damage|p2a: Scrafty|0 fnt\n|faint|p2a: Scrafty\n|\n|upkeep\n|\n|t:|1781412791\n|switch|p2a: Golem|Golem, L87, M|235/281\n|-damage|p2a: Golem|189/281|[from] Spikes\n|turn|26\n|\n|t:|1781412796\n|-terastallize|p2a: Golem|Ground\n|move|p1a: Vaporeon|Scald|p2a: Golem\n|-supereffective|p2a: Golem\n|-damage|p2a: Golem|0 fnt\n|faint|p2a: Golem\n|\n|win|moomoo798\n", "inputlog": ">version a8376a258c1d4662feba110a92103f3664a72141\n>start {\"formatid\":\"gen9randombattle\",\"seed\":\"sodium,2bf3dafd02f24eef17d80d56631ac3ca\",\"rated\":\"Rated battle\"}\n>player p1 {\"name\":\"moomoo798\",\"avatar\":\"jasmine\",\"rating\":1976,\"seed\":\"sodium,c6e530c295dda3769bc93c9f498ead74\"}\n>player p2 {\"name\":\"masbahlilganteng\",\"avatar\":\"hoopster\",\"rating\":2045,\"seed\":\"sodium,b4dd24b8325125e69d2178e92b8dc377\"}\n>p1 switch 6\n>p2 move substitute\n>p1 move spikes\n>p2 move thunderbolt\n>p1 move spikes\n>p2 switch 5\n>p1 switch 6\n>p2 move bugbuzz\n>p1 move wish\n>p2 move airslash\n>p1 move scald\n>p2 switch 3\n>p1 move wish\n>p2 move earthpower\n>p1 switch 3\n>p2 move flamethrower\n>p1 move dragonpulse\n>p2 move earthpower\n>p1 move dragonpulse\n>p2 move earthpower\n>p1 switch 3\n>p2 switch 6\n>p1 move scald\n>p2 move swordsdance\n>p1 switch 3\n>p2 move closecombat\n>p1 switch 2\n>p1 move bodypress terastallize\n>p2 move closecombat\n>p2 switch 6\n>p1 move bodypress\n>p2 move steameruption\n>p2 switch 4\n>p1 move rest\n>p2 move rockpolish\n>p1 move irondefense\n>p2 move earthquake\n>p1 move bodypress\n>p2 switch 3\n>p1 move powergem\n>p2 move airslash\n>p2 switch 5\n>p1 move bodypress\n>p2 move thunderbolt\n>p2 switch 2\n>p1 move bodypress\n>p2 move drainpunch\n>p1 switch 3\n>p1 move calmmind\n>p2 move knockoff\n>p1 move scald\n>p2 move poisonjab\n>p1 move scald\n>p2 move drainpunch\n>p1 move scald\n>p2 move drainpunch\n>p2 switch 3\n>p1 move scald\n>p2 move rockpolish terastallize", "uploadtime": 1781412370, "views": 4, "formatid": "gen9randombattle", "rating": null, "private": 0, "password": null}