{"id": "gen9randombattle-2631972632", "format": "[Gen 9] Random Battle", "players": ["SirFenix", "adri4n10"], "log": "|j|\u2606SirFenix\n|j|\u2606adri4n10\n|t:|1781461479\n|gametype|singles\n|player|p1|SirFenix|blackbelt-gen4|\n|player|p2|adri4n10|volkner|\n|gen|9\n|tier|[Gen 9] Random Battle\n|rule|Species Clause: Limit one of each Pok\u00e9mon\n|rule|HP Percentage Mod: HP is shown in percentages\n|rule|Sleep Clause Mod: Limit one foe put to sleep\n|rule|Illusion Level Mod: Illusion disguises the Pok\u00e9mon's true level\n|\n|t:|1781461479\n|teamsize|p1|6\n|teamsize|p2|6\n|start\n|switch|p1a: Mismagius|Mismagius, L86, F|243/243\n|switch|p2a: Altaria|Altaria, L89, F|278/278\n|turn|1\n|\n|t:|1781461501\n|switch|p2a: Whimsicott|Whimsicott, L84, F|238/238\n|move|p1a: Mismagius|Shadow Ball|p2a: Whimsicott\n|-crit|p2a: Whimsicott\n|-damage|p2a: Whimsicott|0 fnt\n|faint|p2a: Whimsicott\n|\n|upkeep\n|\n|t:|1781461507\n|switch|p2a: Zacian|Zacian, L69|241/241\n|-ability|p2a: Zacian|Intrepid Sword|boost\n|-boost|p2a: Zacian|atk|1\n|turn|2\n|\n|t:|1781461514\n|move|p2a: Zacian|Crunch|p1a: Mismagius\n|-supereffective|p1a: Mismagius\n|-crit|p1a: Mismagius\n|-damage|p1a: Mismagius|0 fnt\n|faint|p1a: Mismagius\n|\n|upkeep\n|\n|t:|1781461520\n|switch|p1a: Scizor|Scizor, L79, M|240/240\n|turn|3\n|\n|t:|1781461525\n|switch|p2a: Altaria|Altaria, L89, F|278/278\n|move|p1a: Scizor|Swords Dance|p1a: Scizor\n|-boost|p1a: Scizor|atk|2\n|\n|upkeep\n|turn|4\n|\n|t:|1781461543\n|move|p2a: Altaria|Haze|p2a: Altaria\n|-clearallboost\n|move|p1a: Scizor|Knock Off|p2a: Altaria\n|-damage|p2a: Altaria|187/278\n|-enditem|p2a: Altaria|Heavy-Duty Boots|[from] move: Knock Off|[of] p1a: Scizor\n|-damage|p1a: Scizor|216/240|[from] item: Life Orb\n|\n|upkeep\n|turn|5\n|\n|t:|1781461567\n|switch|p1a: Pincurchin|Pincurchin, M|258/258\n|-fieldstart|move: Electric Terrain|[from] ability: Electric Surge|[of] p1a: Pincurchin\n|move|p2a: Altaria|Brave Bird|p1a: Pincurchin\n|-resisted|p1a: Pincurchin\n|-damage|p1a: Pincurchin|216/258\n|-damage|p2a: Altaria|173/278|[from] Recoil\n|\n|-heal|p1a: Pincurchin|232/258|[from] item: Leftovers\n|upkeep\n|turn|6\n|\n|t:|1781461587\n|-terastallize|p2a: Altaria|Steel\n|move|p2a: Altaria|Roost|p2a: Altaria\n|-heal|p2a: Altaria|278/278\n|move|p1a: Pincurchin|Toxic Spikes|p2a: Altaria\n|-sidestart|p2: adri4n10|move: Toxic Spikes\n|\n|-heal|p1a: Pincurchin|248/258|[from] item: Leftovers\n|upkeep\n|turn|7\n|\n|t:|1781461597\n|switch|p2a: Zacian|Zacian, L69|241/241\n|-status|p2a: Zacian|psn\n|move|p1a: Pincurchin|Thunderbolt|p2a: Zacian\n|-damage|p2a: Zacian|69/241 psn\n|\n|-heal|p1a: Pincurchin|258/258|[from] item: Leftovers\n|-damage|p2a: Zacian|39/241 psn|[from] psn\n|upkeep\n|turn|8\n|\n|t:|1781461606\n|move|p2a: Zacian|Close Combat|p1a: Pincurchin\n|-damage|p1a: Pincurchin|183/258\n|-unboost|p2a: Zacian|def|1\n|-unboost|p2a: Zacian|spd|1\n|move|p1a: Pincurchin|Thunderbolt|p2a: Zacian\n|-damage|p2a: Zacian|0 fnt\n|faint|p2a: Zacian\n|\n|-heal|p1a: Pincurchin|199/258|[from] item: Leftovers\n|upkeep\n|\n|t:|1781461616\n|switch|p2a: Furret|Furret, L94, M|312/312\n|-status|p2a: Furret|psn\n|-item|p1a: Pincurchin|Leftovers|[from] ability: Frisk|[of] p2a: Furret\n|turn|9\n|\n|t:|1781461623\n|move|p2a: Furret|Tidy Up|p2a: Furret\n|-sideend|p2: adri4n10|Toxic Spikes\n|-activate|p2a: Furret|move: Tidy Up\n|-boost|p2a: Furret|atk|1\n|-boost|p2a: Furret|spe|1\n|move|p1a: Pincurchin|Thunderbolt|p2a: Furret\n|-damage|p2a: Furret|86/312 psn\n|\n|-heal|p1a: Pincurchin|215/258|[from] item: Leftovers\n|-damage|p2a: Furret|47/312 psn|[from] psn\n|-fieldend|move: Electric Terrain\n|upkeep\n|turn|10\n|\n|t:|1781461634\n|move|p2a: Furret|Double-Edge|p1a: Pincurchin\n|-damage|p1a: Pincurchin|0 fnt\n|faint|p1a: Pincurchin\n|-damage|p2a: Furret|0 fnt|[from] Recoil\n|faint|p2a: Furret\n|\n|upkeep\n|\n|t:|1781461645\n|switch|p2a: Inteleon|Inteleon, L81, M|246/246\n|switch|p1a: Scizor|Scizor, L79, M|216/240\n|turn|11\n|\n|t:|1781461650\n|move|p2a: Inteleon|Scald|p1a: Scizor\n|-damage|p1a: Scizor|47/240\n|move|p1a: Scizor|Knock Off|p2a: Inteleon\n|-damage|p2a: Inteleon|117/246\n|-enditem|p2a: Inteleon|Choice Specs|[from] move: Knock Off|[of] p1a: Scizor\n|-damage|p1a: Scizor|23/240|[from] item: Life Orb\n|\n|upkeep\n|turn|12\n|\n|t:|1781461669\n|switch|p2a: Altaria|Altaria, L89, F, tera:Steel|278/278\n|move|p1a: Scizor|Bullet Punch|p2a: Altaria\n|-resisted|p2a: Altaria\n|-damage|p2a: Altaria|231/278\n|-damage|p1a: Scizor|0 fnt|[from] item: Life Orb\n|faint|p1a: Scizor\n|\n|upkeep\n|\n|t:|1781461690\n|switch|p1a: Flareon|Flareon, L90, M|263/263\n|turn|13\n|\n|t:|1781461709\n|move|p2a: Altaria|Brave Bird|p1a: Flareon\n|-damage|p1a: Flareon|116/263\n|-damage|p2a: Altaria|182/278|[from] Recoil\n|move|p1a: Flareon|Trailblaze|p2a: Altaria\n|-resisted|p2a: Altaria\n|-damage|p2a: Altaria|159/278\n|-boost|p1a: Flareon|spe|1\n|\n|-status|p1a: Flareon|tox|[from] item: Toxic Orb\n|upkeep\n|turn|14\n|\n|t:|1781461721\n|move|p1a: Flareon|Flare Blitz|p2a: Altaria\n|-supereffective|p2a: Altaria\n|-damage|p2a: Altaria|0 fnt\n|faint|p2a: Altaria\n|-damage|p1a: Flareon|64/263 tox|[from] Recoil\n|\n|-damage|p1a: Flareon|48/263 tox|[from] psn\n|upkeep\n|\n|t:|1781461724\n|switch|p2a: Staraptor|Staraptor, L79, F|263/263\n|turn|15\n|\n|t:|1781461732\n|move|p2a: Staraptor|Quick Attack|p1a: Flareon\n|-damage|p1a: Flareon|0 fnt\n|faint|p1a: Flareon\n|\n|upkeep\n|\n|t:|1781461739\n|switch|p1a: Raichu|Raichu, L88, M|249/249\n|turn|16\n|\n|t:|1781461744\n|move|p2a: Staraptor|Quick Attack|p1a: Raichu\n|-damage|p1a: Raichu|161/249\n|move|p1a: Raichu|Thunderbolt|p2a: Staraptor\n|-supereffective|p2a: Staraptor\n|-damage|p2a: Staraptor|0 fnt\n|faint|p2a: Staraptor\n|\n|upkeep\n|\n|t:|1781461746\n|switch|p2a: Inteleon|Inteleon, L81, M|117/246\n|turn|17\n|\n|t:|1781461754\n|move|p1a: Raichu|Thunderbolt|p2a: Inteleon\n|-supereffective|p2a: Inteleon\n|-damage|p2a: Inteleon|0 fnt\n|faint|p2a: Inteleon\n|\n|win|SirFenix\n", "inputlog": ">version a8376a258c1d4662feba110a92103f3664a72141\n>start {\"formatid\":\"gen9randombattle\",\"seed\":\"sodium,5b705f62036e5cc5e1eda05730f72378\"}\n>player p1 {\"name\":\"SirFenix\",\"avatar\":\"blackbelt-gen4\",\"rating\":0,\"seed\":\"sodium,865fadb1f589789032ed8eb8954fb3c7\"}\n>player p2 {\"name\":\"adri4n10\",\"avatar\":\"volkner\",\"rating\":0,\"seed\":\"sodium,68f0757e0737ede1f880047b2dc39a77\"}\n>p1 move shadowball\n>p2 switch 3\n>p2 switch 2\n>p1 move shadowball\n>p2 move crunch\n>p1 switch 3\n>p1 move swordsdance\n>p2 switch 3\n>p1 move knockoff\n>p2 move haze\n>p1 switch 2\n>p2 move bravebird\n>p1 move toxicspikes\n>p2 move roost terastallize\n>p1 move thunderbolt\n>p2 switch 3\n>p1 move thunderbolt\n>p2 move closecombat\n>p2 switch 4\n>p1 move thunderbolt\n>p2 move tidyup\n>p1 move thunderbolt\n>p2 move doubleedge\n>p1 switch 2\n>p2 switch 5\n>p1 move knockoff\n>p2 move scald\n>p1 move bulletpunch\n>p2 switch 3\n>p1 switch 6\n>p1 move trailblaze\n>p2 move bravebird\n>p1 move flareblitz\n>p2 move bravebird\n>p2 switch 6\n>p1 move flareblitz\n>p2 move quickattack\n>p1 switch 5\n>p1 move thunderbolt\n>p2 move quickattack\n>p2 switch 3\n>p1 move thunderbolt\n>p2 move hydropump", "uploadtime": 1781461759, "views": 5, "formatid": "gen9randombattle", "rating": null, "private": 0, "password": null}