{"id": "gen9randombattle-2631853394", "format": "[Gen 9] Random Battle", "players": ["mannipuliert", "shifty1234"], "log": "|j|\u2606mannipuliert\n|j|\u2606shifty1234\n|t:|1781448351\n|gametype|singles\n|player|p1|mannipuliert|policeman-gen4|1906\n|player|p2|shifty1234|n|1910\n|gen|9\n|tier|[Gen 9] Random Battle\n|rated|\n|rule|Species Clause: Limit one of each Pok\u00e9mon\n|rule|HP Percentage Mod: HP is shown in percentages\n|rule|Sleep Clause Mod: Limit one foe put to sleep\n|rule|Illusion Level Mod: Illusion disguises the Pok\u00e9mon's true level\n|\n|t:|1781448351\n|teamsize|p1|6\n|teamsize|p2|6\n|start\n|switch|p1a: Incineroar|Incineroar, L82, M|290/290\n|switch|p2a: Deoxys|Deoxys-Speed, L82|216/216\n|-ability|p2a: Deoxys|Pressure\n|-ability|p1a: Incineroar|Intimidate|boost\n|-unboost|p2a: Deoxys|atk|1\n|turn|1\n|inactive|Battle timer is ON: inactive players will automatically lose when time's up. (requested by shifty1234)\n|\n|t:|1781448368\n|move|p2a: Deoxys|Stealth Rock|p1a: Incineroar\n|-sidestart|p1: mannipuliert|move: Stealth Rock\n|move|p1a: Incineroar|U-turn|p2a: Deoxys\n|-supereffective|p2a: Deoxys\n|-damage|p2a: Deoxys|104/216\n|\n|t:|1781448386\n|switch|p1a: Excadrill|Excadrill, L79, F|303/303|[from] U-turn\n|-damage|p1a: Excadrill|294/303|[from] Stealth Rock\n|-ability|p1a: Excadrill|Mold Breaker\n|\n|upkeep\n|turn|2\n|\n|t:|1781448396\n|switch|p2a: Talonflame|Talonflame, L83, M|265/265\n|move|p1a: Excadrill|Rapid Spin|p2a: Talonflame\n|-damage|p2a: Talonflame|220/265\n|-boost|p1a: Excadrill|spe|1\n|-status|p1a: Excadrill|brn|[from] ability: Flame Body|[of] p2a: Talonflame\n|-sideend|p1: mannipuliert|Stealth Rock|[from] move: Rapid Spin|[of] p1a: Excadrill\n|\n|-damage|p1a: Excadrill|276/303 brn|[from] brn\n|upkeep\n|turn|3\n|\n|t:|1781448402\n|switch|p2a: Iron Treads|Iron Treads, L77|265/265\n|move|p1a: Excadrill|Rock Slide|p2a: Iron Treads\n|-resisted|p2a: Iron Treads\n|-damage|p2a: Iron Treads|259/265\n|\n|-damage|p1a: Excadrill|258/303 brn|[from] brn\n|upkeep\n|turn|4\n|\n|t:|1781448421\n|switch|p1a: Thundurus|Thundurus, L80, M|258/258\n|move|p2a: Iron Treads|Earthquake|p1a: Thundurus\n|-immune|p1a: Thundurus\n|\n|upkeep\n|turn|5\n|\n|t:|1781448450\n|-end|p2a: Iron Treads|Quark Drive|[silent]\n|switch|p2a: Chimecho|Chimecho, L93, M|290/290\n|move|p1a: Thundurus|Focus Blast|p2a: Chimecho\n|-resisted|p2a: Chimecho\n|-damage|p2a: Chimecho|250/290\n|\n|-heal|p2a: Chimecho|268/290|[from] item: Leftovers\n|upkeep\n|turn|6\n|inactive|mannipuliert has 120 seconds left.\n|\n|t:|1781448492\n|move|p1a: Thundurus|Taunt|p2a: Chimecho\n|-start|p2a: Chimecho|move: Taunt\n|move|p2a: Chimecho|Knock Off|p1a: Thundurus\n|-crit|p1a: Thundurus\n|-damage|p1a: Thundurus|165/258\n|-enditem|p1a: Thundurus|Heavy-Duty Boots|[from] move: Knock Off|[of] p2a: Chimecho\n|\n|-heal|p2a: Chimecho|286/290|[from] item: Leftovers\n|upkeep\n|turn|7\n|\n|t:|1781448501\n|switch|p1a: Incineroar|Incineroar, L82, M|290/290\n|-ability|p1a: Incineroar|Intimidate|boost\n|-unboost|p2a: Chimecho|atk|1\n|move|p2a: Chimecho|Psychic Noise|p1a: Incineroar\n|-immune|p1a: Incineroar\n|\n|-heal|p2a: Chimecho|290/290|[from] item: Leftovers\n|upkeep\n|turn|8\n|\n|t:|1781448512\n|switch|p2a: Iron Treads|Iron Treads, L77|259/265\n|move|p1a: Incineroar|Knock Off|p2a: Iron Treads\n|-damage|p2a: Iron Treads|163/265\n|-enditem|p2a: Iron Treads|Assault Vest|[from] move: Knock Off|[of] p1a: Incineroar\n|\n|upkeep\n|turn|9\n|\n|t:|1781448535\n|move|p2a: Iron Treads|Earthquake|p1a: Incineroar\n|-supereffective|p1a: Incineroar\n|-damage|p1a: Incineroar|104/290\n|move|p1a: Incineroar|Overheat|p2a: Iron Treads\n|-supereffective|p2a: Iron Treads\n|-damage|p2a: Iron Treads|0 fnt\n|-unboost|p1a: Incineroar|spa|2\n|faint|p2a: Iron Treads\n|-end|p2a: Iron Treads|Quark Drive|[silent]\n|\n|upkeep\n|\n|t:|1781448550\n|switch|p2a: Talonflame|Talonflame, L83, M|220/265\n|turn|10\n|inactive|mannipuliert has 90 seconds left.\n|\n|t:|1781448594\n|switch|p1a: Thundurus|Thundurus, L80, M|165/258\n|move|p2a: Talonflame|Brave Bird|p1a: Thundurus\n|-resisted|p1a: Thundurus\n|-damage|p1a: Thundurus|101/258\n|-damage|p2a: Talonflame|199/265|[from] Recoil\n|\n|upkeep\n|turn|11\n|inactive|shifty1234 has 120 seconds left.\n|\n|t:|1781448629\n|switch|p1a: Incineroar|Incineroar, L82, M|104/290\n|-ability|p1a: Incineroar|Intimidate|boost\n|-unboost|p2a: Talonflame|atk|1\n|move|p2a: Talonflame|Overheat|p1a: Incineroar\n|-resisted|p1a: Incineroar\n|-damage|p1a: Incineroar|69/290\n|-unboost|p2a: Talonflame|spa|2\n|\n|upkeep\n|turn|12\n|\n|t:|1781448639\n|switch|p1a: Thundurus|Thundurus, L80, M|101/258\n|move|p2a: Talonflame|Brave Bird|p1a: Thundurus\n|-resisted|p1a: Thundurus\n|-damage|p1a: Thundurus|54/258\n|-damage|p2a: Talonflame|183/265|[from] Recoil\n|\n|upkeep\n|turn|13\n|inactive|shifty1234 has 120 seconds left.\n|\n|t:|1781448661\n|move|p2a: Talonflame|Overheat|p1a: Thundurus\n|-damage|p1a: Thundurus|0 fnt\n|-unboost|p2a: Talonflame|spa|2\n|faint|p1a: Thundurus\n|\n|upkeep\n|inactive|mannipuliert has 60 seconds left.\n|\n|t:|1781448694\n|switch|p1a: Incineroar|Incineroar, L82, M|69/290\n|-ability|p1a: Incineroar|Intimidate|boost\n|-unboost|p2a: Talonflame|atk|1\n|turn|14\n|\n|t:|1781448707\n|switch|p2a: Feraligatr|Feraligatr, L79, M|264/264\n|move|p1a: Incineroar|Knock Off|p2a: Feraligatr\n|-damage|p2a: Feraligatr|159/264\n|-enditem|p2a: Feraligatr|Life Orb|[from] move: Knock Off|[of] p1a: Incineroar\n|\n|upkeep\n|turn|15\n|\n|t:|1781448733\n|move|p2a: Feraligatr|Dragon Dance|p2a: Feraligatr\n|-boost|p2a: Feraligatr|atk|1\n|-boost|p2a: Feraligatr|spe|1\n|move|p1a: Incineroar|U-turn|p2a: Feraligatr\n|-crit|p2a: Feraligatr\n|-damage|p2a: Feraligatr|77/264\n|inactive|mannipuliert has 30 seconds left.\n|\n|t:|1781448748\n|switch|p1a: Milotic|Milotic, L83, M|293/293|[from] U-turn\n|\n|upkeep\n|turn|16\n|\n|t:|1781448755\n|move|p2a: Feraligatr|Trailblaze|p1a: Milotic\n|-supereffective|p1a: Milotic\n|-crit|p1a: Milotic\n|-damage|p1a: Milotic|97/293\n|move|p1a: Milotic|Dragon Tail|p2a: Feraligatr\n|-damage|p2a: Feraligatr|46/264\n|drag|p2a: Chimecho|Chimecho, L93, M|290/290\n|\n|-heal|p1a: Milotic|115/293|[from] item: Leftovers\n|upkeep\n|turn|17\n|\n|t:|1781448764\n|move|p2a: Chimecho|Knock Off|p1a: Milotic\n|-damage|p1a: Milotic|62/293\n|-enditem|p1a: Milotic|Leftovers|[from] move: Knock Off|[of] p2a: Chimecho\n|move|p1a: Milotic|Dragon Tail|p2a: Chimecho\n|-damage|p2a: Chimecho|262/290\n|drag|p2a: Talonflame|Talonflame, L83, M|183/265\n|\n|upkeep\n|turn|18\n|inactive|mannipuliert has 30 seconds left.\n|\n|t:|1781448791\n|switch|p1a: Incineroar|Incineroar, L82, M|69/290\n|-ability|p1a: Incineroar|Intimidate|boost\n|-unboost|p2a: Talonflame|atk|1\n|move|p2a: Talonflame|Brave Bird|p1a: Incineroar\n|-damage|p1a: Incineroar|0 fnt\n|faint|p1a: Incineroar\n|-damage|p2a: Talonflame|160/265|[from] Recoil\n|\n|upkeep\n|inactive|mannipuliert has 30 seconds left this turn.\n|\n|t:|1781448796\n|switch|p1a: Wugtrio|Wugtrio, L91, F|212/212\n|turn|19\n|inactive|mannipuliert has 30 seconds left.\n|\n|t:|1781448804\n|switch|p2a: Feraligatr|Feraligatr, L79, M|46/264\n|move|p1a: Wugtrio|Liquidation|p2a: Feraligatr\n|-resisted|p2a: Feraligatr\n|-damage|p2a: Feraligatr|0 fnt\n|faint|p2a: Feraligatr\n|\n|upkeep\n|\n|t:|1781448813\n|switch|p2a: Chimecho|Chimecho, L93, M|262/290\n|turn|20\n|inactive|mannipuliert has 30 seconds left.\n|inactive|mannipuliert has 20 seconds left.\n|\n|t:|1781448842\n|switch|p1a: Excadrill|Excadrill, L79, F|258/303 brn\n|-ability|p1a: Excadrill|Mold Breaker\n|move|p2a: Chimecho|Psychic Noise|p1a: Excadrill\n|-resisted|p1a: Excadrill\n|-damage|p1a: Excadrill|213/303 brn\n|-start|p1a: Excadrill|move: Heal Block\n|\n|-heal|p2a: Chimecho|280/290|[from] item: Leftovers\n|-damage|p1a: Excadrill|195/303 brn|[from] brn\n|upkeep\n|turn|21\n|inactive|mannipuliert has 30 seconds left this turn.\n|inactive|mannipuliert has 20 seconds left.\n|\n|t:|1781448855\n|switch|p1a: Milotic|Milotic, L83, M|62/293\n|move|p2a: Chimecho|Knock Off|p1a: Milotic\n|-damage|p1a: Milotic|19/293\n|\n|-heal|p2a: Chimecho|290/290|[from] item: Leftovers\n|upkeep\n|turn|22\n|inactive|mannipuliert has 30 seconds left this turn.\n|\n|t:|1781448862\n|move|p1a: Milotic|Scald|p2a: Chimecho\n|-damage|p2a: Chimecho|212/290\n|move|p2a: Chimecho|Encore|p1a: Milotic\n|-start|p1a: Milotic|Encore\n|\n|-heal|p2a: Chimecho|230/290|[from] item: Leftovers\n|upkeep\n|turn|23\n|inactive|mannipuliert has 30 seconds left.\n|\n|t:|1781448873\n|switch|p1a: Wugtrio|Wugtrio, L91, F|212/212\n|move|p2a: Chimecho|Knock Off|p1a: Wugtrio\n|-damage|p1a: Wugtrio|137/212\n|-ability|p1a: Wugtrio|Gooey\n|-unboost|p2a: Chimecho|spe|1\n|-enditem|p1a: Wugtrio|Choice Band|[from] move: Knock Off|[of] p2a: Chimecho\n|\n|-heal|p2a: Chimecho|248/290|[from] item: Leftovers\n|upkeep\n|turn|24\n|inactive|mannipuliert has 30 seconds left.\n|inactive|mannipuliert has 20 seconds left.\n|\n|t:|1781448890\n|-terastallize|p1a: Wugtrio|Dark\n|move|p1a: Wugtrio|Throat Chop|p2a: Chimecho\n|-supereffective|p2a: Chimecho\n|-damage|p2a: Chimecho|42/290\n|-start|p2a: Chimecho|Throat Chop|[silent]\n|cant|p2a: Chimecho|move: Throat Chop\n|\n|-heal|p2a: Chimecho|60/290|[from] item: Leftovers\n|upkeep\n|turn|25\n|inactive|mannipuliert has 30 seconds left this turn.\n|inactive|mannipuliert has 20 seconds left.\n|\n|t:|1781448903\n|switch|p2a: Florges|Florges-Yellow, L85, F|271/271\n|move|p1a: Wugtrio|Liquidation|p2a: Florges\n|-damage|p2a: Florges|130/271\n|\n|-heal|p2a: Florges|146/271|[from] item: Leftovers\n|upkeep\n|turn|26\n|inactive|mannipuliert has 30 seconds left this turn.\n|\n|t:|1781448910\n|switch|p1a: Milotic|Milotic, L83, M|19/293\n|move|p2a: Florges|Moonblast|p1a: Milotic\n|-damage|p1a: Milotic|0 fnt\n|faint|p1a: Milotic\n|\n|-heal|p2a: Florges|162/271|[from] item: Leftovers\n|upkeep\n|inactive|mannipuliert has 30 seconds left this turn.\n|\n|t:|1781448915\n|switch|p1a: Excadrill|Excadrill, L79, F|195/303 brn\n|-ability|p1a: Excadrill|Mold Breaker\n|turn|27\n|\n|t:|1781448923\n|move|p2a: Florges|Protect|p2a: Florges\n|-singleturn|p2a: Florges|Protect\n|move|p1a: Excadrill|Iron Head|p2a: Florges\n|-activate|p2a: Florges|move: Protect\n|\n|-heal|p2a: Florges|178/271|[from] item: Leftovers\n|-damage|p1a: Excadrill|177/303 brn|[from] brn\n|upkeep\n|turn|28\n|\n|t:|1781448931\n|switch|p2a: Chimecho|Chimecho, L93, M|60/290\n|move|p1a: Excadrill|Iron Head|p2a: Chimecho\n|-damage|p2a: Chimecho|17/290\n|\n|-heal|p2a: Chimecho|35/290|[from] item: Leftovers\n|-damage|p1a: Excadrill|159/303 brn|[from] brn\n|upkeep\n|turn|29\n|\n|t:|1781448943\n|move|p1a: Excadrill|Earthquake|p2a: Chimecho\n|-damage|p2a: Chimecho|0 fnt\n|faint|p2a: Chimecho\n|\n|-damage|p1a: Excadrill|141/303 brn|[from] brn\n|upkeep\n|\n|t:|1781448950\n|switch|p2a: Deoxys|Deoxys-Speed, L82|104/216\n|-ability|p2a: Deoxys|Pressure\n|turn|30\n|\n|t:|1781448973\n|switch|p1a: Noivern|Noivern, L82, F|274/274\n|move|p2a: Deoxys|Superpower|p1a: Noivern\n|-resisted|p1a: Noivern\n|-damage|p1a: Noivern|230/274\n|-unboost|p2a: Deoxys|atk|1\n|-unboost|p2a: Deoxys|def|1\n|\n|upkeep\n|turn|31\n|\n|t:|1781448985\n|switch|p2a: Florges|Florges-Yellow, L85, F|178/271\n|move|p1a: Noivern|Hurricane|p2a: Florges\n|-damage|p2a: Florges|112/271\n|\n|-heal|p2a: Florges|128/271|[from] item: Leftovers\n|upkeep\n|turn|32\n|\n|t:|1781448993\n|switch|p1a: Excadrill|Excadrill, L79, F|141/303 brn\n|-ability|p1a: Excadrill|Mold Breaker\n|move|p2a: Florges|Wish|p2a: Florges\n|\n|-heal|p2a: Florges|144/271|[from] item: Leftovers\n|-damage|p1a: Excadrill|123/303 brn|[from] brn\n|upkeep\n|turn|33\n|inactive|mannipuliert has 30 seconds left.\n|\n|t:|1781449014\n|switch|p2a: Talonflame|Talonflame, L83, M|160/265\n|move|p1a: Excadrill|Rapid Spin|p2a: Talonflame\n|-damage|p2a: Talonflame|135/265\n|-boost|p1a: Excadrill|spe|1\n|\n|-heal|p2a: Talonflame|265/265|[from] move: Wish|[wisher] Florges\n|-damage|p1a: Excadrill|105/303 brn|[from] brn\n|upkeep\n|turn|34\n|inactive|mannipuliert has 30 seconds left.\n|\n|t:|1781449025\n|move|p1a: Excadrill|Rock Slide|p2a: Talonflame\n|-supereffective|p2a: Talonflame\n|-damage|p2a: Talonflame|125/265\n|move|p2a: Talonflame|Overheat|p1a: Excadrill\n|-supereffective|p1a: Excadrill\n|-damage|p1a: Excadrill|0 fnt\n|-unboost|p2a: Talonflame|spa|2\n|faint|p1a: Excadrill\n|\n|upkeep\n|inactive|mannipuliert has 30 seconds left.\n|\n|t:|1781449040\n|switch|p1a: Wugtrio|Wugtrio, L91, F, tera:Dark|137/212\n|turn|35\n|inactive|mannipuliert has 30 seconds left.\n|inactive|mannipuliert has 20 seconds left.\n|\n|t:|1781449055\n|move|p1a: Wugtrio|Liquidation|p2a: Talonflame\n|-supereffective|p2a: Talonflame\n|-damage|p2a: Talonflame|0 fnt\n|faint|p2a: Talonflame\n|\n|upkeep\n|\n|t:|1781449058\n|switch|p2a: Florges|Florges-Yellow, L85, F|144/271\n|turn|36\n|inactive|mannipuliert has 30 seconds left.\n|\n|t:|1781449067\n|move|p1a: Wugtrio|Liquidation|p2a: Florges\n|-damage|p2a: Florges|11/271\n|move|p2a: Florges|Moonblast|p1a: Wugtrio\n|-supereffective|p1a: Wugtrio\n|-damage|p1a: Wugtrio|0 fnt\n|faint|p1a: Wugtrio\n|\n|-heal|p2a: Florges|27/271|[from] item: Leftovers\n|upkeep\n|\n|t:|1781449072\n|switch|p1a: Noivern|Noivern, L82, F|230/274\n|turn|37\n|\n|t:|1781449078\n|move|p2a: Florges|Protect|p2a: Florges\n|-singleturn|p2a: Florges|Protect\n|move|p1a: Noivern|Flamethrower|p2a: Florges\n|-activate|p2a: Florges|move: Protect\n|\n|-heal|p2a: Florges|43/271|[from] item: Leftovers\n|upkeep\n|turn|38\n|\n|t:|1781449087\n|move|p1a: Noivern|Hurricane|p2a: Florges\n|-damage|p2a: Florges|0 fnt\n|faint|p2a: Florges\n|\n|upkeep\n|\n|t:|1781449089\n|switch|p2a: Deoxys|Deoxys-Speed, L82|104/216\n|-ability|p2a: Deoxys|Pressure\n|turn|39\n|inactive|mannipuliert has 60 seconds left.\n|\n|t:|1781449096\n|move|p2a: Deoxys|Psycho Boost|p1a: Noivern\n|-damage|p1a: Noivern|91/274\n|-unboost|p2a: Deoxys|spa|2\n|move|p1a: Noivern|Draco Meteor|p2a: Deoxys|[miss]\n|-miss|p1a: Noivern|p2a: Deoxys\n|\n|upkeep\n|turn|40\n|\n|t:|1781449106\n|move|p2a: Deoxys|Psycho Boost|p1a: Noivern\n|-damage|p1a: Noivern|18/274\n|-unboost|p2a: Deoxys|spa|2\n|move|p1a: Noivern|Roost|p1a: Noivern\n|-heal|p1a: Noivern|155/274\n|-singleturn|p1a: Noivern|move: Roost\n|\n|upkeep\n|turn|41\n|\n|t:|1781449112\n|move|p2a: Deoxys|Taunt|p1a: Noivern\n|-start|p1a: Noivern|move: Taunt\n|move|p1a: Noivern|Draco Meteor|p2a: Deoxys\n|-damage|p2a: Deoxys|0 fnt\n|-unboost|p1a: Noivern|spa|2\n|faint|p2a: Deoxys\n|\n|win|mannipuliert\n", "inputlog": ">version a8376a258c1d4662feba110a92103f3664a72141\n>start {\"formatid\":\"gen9randombattle\",\"seed\":\"sodium,231426c64dfafb8f45f85fd7db18d58c\",\"rated\":\"Rated battle\"}\n>player p1 {\"name\":\"mannipuliert\",\"avatar\":\"policeman-gen4\",\"rating\":1906,\"seed\":\"sodium,78cff9985022429121ffd1aac0183f97\"}\n>player p2 {\"name\":\"shifty1234\",\"avatar\":\"n\",\"rating\":1910,\"seed\":\"sodium,7212755737dce821cca33dac622c1266\"}\n>p1 move uturn\n>p2 move stealthrock\n>p1 switch 2\n>p1 move rapidspin\n>p2 switch 2\n>p1 move rockslide\n>p2 switch 6\n>p1 switch 4\n>p2 move earthquake\n>p1 move focusblast\n>p2 switch 4\n>p1 move taunt\n>p2 move knockoff\n>p1 switch 2\n>p2 move psychicnoise\n>p1 move knockoff\n>p2 switch 4\n>p1 move overheat\n>p2 move earthquake\n>p2 switch 6\n>p1 switch 2\n>p2 move bravebird\n>p1 switch 2\n>p2 move overheat\n>p1 switch 2\n>p2 move bravebird\n>p1 move thunderbolt\n>p2 move overheat\n>p1 switch 2\n>p1 move knockoff\n>p2 switch 3\n>p1 move uturn\n>p2 move dragondance\n>p1 switch 6\n>p1 move dragontail\n>p2 move trailblaze\n>p1 move dragontail\n>p2 move knockoff\n>p1 switch 6\n>p2 move bravebird\n>p1 switch 5\n>p1 move liquidation\n>p2 switch 4\n>p2 switch 3\n>p1 switch 4\n>p2 move psychicnoise\n>p1 switch 6\n>p2 move knockoff\n>p1 move scald\n>p2 move encore\n>p1 switch 4\n>p2 move knockoff\n>p1 move throatchop terastallize\n>p2 move psychicnoise\n>p1 move liquidation\n>p2 switch 5\n>p1 switch 4\n>p2 move moonblast\n>p1 switch 6\n>p1 move ironhead\n>p2 move protect\n>p1 move ironhead\n>p2 switch 5\n>p1 move earthquake\n>p2 move recover\n>p2 switch 2\n>p1 switch 3\n>p2 move superpower\n>p1 move hurricane\n>p2 switch 5\n>p1 switch 3\n>p2 move wish\n>p1 move rapidspin\n>p2 switch 4\n>p1 move rockslide\n>p2 move overheat\n>p1 switch 4\n>p1 move liquidation\n>p2 move willowisp\n>p2 switch 4\n>p1 move liquidation\n>p2 move moonblast\n>p1 switch 3\n>p1 move flamethrower\n>p2 move protect\n>p1 move hurricane\n>p2 move moonblast\n>p2 switch 5\n>p1 move dracometeor\n>p2 move psychoboost\n>p1 move roost\n>p2 move psychoboost\n>p1 move dracometeor\n>p2 move taunt", "uploadtime": 1781448353, "views": 4, "formatid": "gen9randombattle", "rating": null, "private": 0, "password": null}