{"id": "gen9randombattle-2631445854", "format": "[Gen 9] Random Battle", "players": ["PotatoCorp", "catastrophic star"], "log": "|j|\u2606PotatoCorp\n|j|\u2606catastrophic star\n|t:|1781385604\n|gametype|singles\n|player|p1|PotatoCorp|cynthia-gen4|1327\n|player|p2|catastrophic star|swimmerf-gen4dp|1312\n|gen|9\n|tier|[Gen 9] Random Battle\n|rated|\n|rule|Species Clause: Limit one of each Pok\u00e9mon\n|rule|HP Percentage Mod: HP is shown in percentages\n|rule|Sleep Clause Mod: Limit one foe put to sleep\n|rule|Illusion Level Mod: Illusion disguises the Pok\u00e9mon's true level\n|\n|t:|1781385604\n|teamsize|p1|6\n|teamsize|p2|6\n|start\n|switch|p1a: Samurott|Samurott-Hisui, L77, F|265/265\n|switch|p2a: Gengar|Gengar, L81, F|230/230\n|turn|1\n|inactive|Battle timer is ON: inactive players will automatically lose when time's up. (requested by PotatoCorp)\n|\n|t:|1781385634\n|switch|p2a: Victreebel|Victreebel, L90, F|290/290\n|move|p1a: Samurott|Ceaseless Edge|p2a: Victreebel\n|-damage|p2a: Victreebel|141/290\n|-sidestart|p2: catastrophic star|Spikes\n|-damage|p1a: Samurott|239/265|[from] item: Life Orb\n|\n|upkeep\n|turn|2\n|\n|t:|1781385650\n|switch|p1a: Masquerain|Masquerain, L87, M|264/264\n|-ability|p1a: Masquerain|Intimidate|boost\n|-unboost|p2a: Victreebel|atk|1\n|move|p2a: Victreebel|Power Whip|p1a: Masquerain\n|-resisted|p1a: Masquerain\n|-damage|p1a: Masquerain|225/264\n|-damage|p2a: Victreebel|112/290|[from] item: Life Orb\n|\n|upkeep\n|turn|3\n|\n|t:|1781385667\n|move|p1a: Masquerain|Quiver Dance|p1a: Masquerain\n|-boost|p1a: Masquerain|spa|1\n|-boost|p1a: Masquerain|spd|1\n|-boost|p1a: Masquerain|spe|1\n|move|p2a: Victreebel|Sunny Day|p2a: Victreebel\n|-weather|SunnyDay\n|\n|-weather|SunnyDay|[upkeep]\n|upkeep\n|turn|4\n|\n|t:|1781385685\n|-terastallize|p1a: Masquerain|Water\n|move|p2a: Victreebel|Weather Ball|p1a: Masquerain\n|-resisted|p1a: Masquerain\n|-damage|p1a: Masquerain|167/264\n|-damage|p2a: Victreebel|83/290|[from] item: Life Orb\n|move|p1a: Masquerain|Quiver Dance|p1a: Masquerain\n|-boost|p1a: Masquerain|spa|1\n|-boost|p1a: Masquerain|spd|1\n|-boost|p1a: Masquerain|spe|1\n|\n|-weather|SunnyDay|[upkeep]\n|upkeep\n|turn|5\n|\n|t:|1781385696\n|move|p1a: Masquerain|Bug Buzz|p2a: Victreebel\n|-damage|p2a: Victreebel|0 fnt\n|faint|p2a: Victreebel\n|\n|-weather|SunnyDay|[upkeep]\n|upkeep\n|\n|t:|1781385707\n|switch|p2a: Kyogre|Kyogre, L71|259/259\n|-damage|p2a: Kyogre|227/259|[from] Spikes\n|-weather|RainDance|[from] ability: Drizzle|[of] p2a: Kyogre\n|turn|6\n|\n|t:|1781385713\n|move|p1a: Masquerain|Hurricane|p2a: Kyogre\n|-damage|p2a: Kyogre|16/259\n|move|p2a: Kyogre|Thunder|p1a: Masquerain\n|-supereffective|p1a: Masquerain\n|-damage|p1a: Masquerain|87/264\n|\n|-weather|RainDance|[upkeep]\n|-heal|p2a: Kyogre|32/259|[from] item: Leftovers\n|upkeep\n|turn|7\n|\n|t:|1781385730\n|move|p1a: Masquerain|Bug Buzz|p2a: Kyogre\n|-damage|p2a: Kyogre|0 fnt\n|faint|p2a: Kyogre\n|\n|-weather|RainDance|[upkeep]\n|upkeep\n|inactive|catastrophic star has 120 seconds left.\n|\n|t:|1781385748\n|switch|p2a: Abomasnow|Abomasnow, L84, F|287/287\n|-damage|p2a: Abomasnow|252/287|[from] Spikes\n|-weather|Snowscape|[from] ability: Snow Warning|[of] p2a: Abomasnow\n|turn|8\n|c|\u2606PotatoCorp|Bro got all the weather\n|\n|t:|1781385767\n|move|p2a: Abomasnow|Ice Shard|p1a: Masquerain\n|-resisted|p1a: Masquerain\n|-damage|p1a: Masquerain|60/264\n|move|p1a: Masquerain|Hurricane|p2a: Abomasnow\n|-supereffective|p2a: Abomasnow\n|-damage|p2a: Abomasnow|0 fnt\n|faint|p2a: Abomasnow\n|\n|-weather|Snowscape|[upkeep]\n|upkeep\n|inactive|catastrophic star has 120 seconds left.\n|\n|t:|1781385781\n|switch|p2a: Groudon|Groudon, L72|263/263\n|-damage|p2a: Groudon|231/263|[from] Spikes\n|-weather|SunnyDay|[from] ability: Drought|[of] p2a: Groudon\n|turn|9\n|\n|t:|1781385792\n|move|p1a: Masquerain|Hydro Pump|p2a: Groudon\n|-supereffective|p2a: Groudon\n|-damage|p2a: Groudon|0 fnt\n|faint|p2a: Groudon\n|\n|-weather|SunnyDay|[upkeep]\n|upkeep\n|\n|t:|1781385799\n|switch|p2a: Archaludon|Archaludon, L78, M|268/268\n|-damage|p2a: Archaludon|235/268|[from] Spikes\n|turn|10\n|\n|t:|1781385816\n|move|p1a: Masquerain|Bug Buzz|p2a: Archaludon\n|-resisted|p2a: Archaludon\n|-damage|p2a: Archaludon|105/268\n|-ability|p2a: Archaludon|Stamina|boost\n|-boost|p2a: Archaludon|def|1\n|move|p2a: Archaludon|Iron Head|p1a: Masquerain\n|-resisted|p1a: Masquerain\n|-damage|p1a: Masquerain|7/264\n|\n|-weather|SunnyDay|[upkeep]\n|upkeep\n|turn|11\n|\n|t:|1781385828\n|move|p1a: Masquerain|Bug Buzz|p2a: Archaludon\n|-resisted|p2a: Archaludon\n|-crit|p2a: Archaludon\n|-damage|p2a: Archaludon|0 fnt\n|faint|p2a: Archaludon\n|\n|-weather|SunnyDay|[upkeep]\n|upkeep\n|\n|t:|1781385832\n|switch|p2a: Gengar|Gengar, L81, F|230/230\n|-damage|p2a: Gengar|202/230|[from] Spikes\n|turn|12\n|\n|t:|1781385839\n|-terastallize|p2a: Gengar|Ghost\n|move|p1a: Masquerain|Bug Buzz|p2a: Gengar\n|-resisted|p2a: Gengar\n|-damage|p2a: Gengar|88/230\n|move|p2a: Gengar|Sludge Wave|p1a: Masquerain\n|-damage|p1a: Masquerain|0 fnt\n|faint|p1a: Masquerain\n|-damage|p2a: Gengar|65/230|[from] item: Life Orb\n|\n|-weather|SunnyDay|[upkeep]\n|upkeep\n|\n|t:|1781385846\n|switch|p1a: Mismagius|Mismagius, L86, F|243/243\n|turn|13\n|\n|t:|1781385854\n|move|p1a: Mismagius|Shadow Ball|p2a: Gengar\n|-supereffective|p2a: Gengar\n|-damage|p2a: Gengar|0 fnt\n|-start|p1a: Mismagius|Disable|Shadow Ball|[from] ability: Cursed Body|[of] p2a: Gengar\n|faint|p2a: Gengar\n|\n|win|PotatoCorp\n|raw|PotatoCorp's rating: 1327 &rarr; <strong>1346</strong><br />(+19 for winning)\n|raw|catastrophic star's rating: 1312 &rarr; <strong>1293</strong><br />(-19 for losing)\n", "inputlog": ">version a8376a258c1d4662feba110a92103f3664a72141\n>start {\"formatid\":\"gen9randombattle\",\"seed\":\"sodium,d8d4b5e9b6ef7cbde30fb7270dc54a64\",\"rated\":\"Rated battle\"}\n>player p1 {\"name\":\"PotatoCorp\",\"avatar\":\"cynthia-gen4\",\"rating\":1327,\"seed\":\"sodium,f1bc48869cb3a3e11696b9a979074b95\"}\n>player p2 {\"name\":\"catastrophic star\",\"avatar\":\"swimmerf-gen4dp\",\"rating\":1312,\"seed\":\"sodium,1320ba06014bb609f38a30dca5f6c1cd\"}\n>p1 move ceaselessedge\n>p2 switch 2\n>p1 switch 5\n>p2 move powerwhip\n>p1 move quiverdance\n>p2 move sunnyday\n>p1 move quiverdance terastallize\n>p2 move weatherball\n>p1 move bugbuzz\n>p2 move powerwhip\n>p2 switch 4\n>p1 move hurricane\n>p2 move thunder\n>p1 move bugbuzz\n>p2 move thunder\n>p2 switch 5\n>chat \u2606PotatoCorp|Bro got all the weather \n>p1 move hurricane\n>p2 move iceshard\n>p2 switch 3\n>p1 move hydropump\n>p2 move thunderwave\n>p2 switch 6\n>p1 move bugbuzz\n>p2 move ironhead\n>p1 move bugbuzz\n>p2 move ironhead\n>p2 switch 2\n>p1 move bugbuzz\n>p2 move sludgewave terastallize\n>p1 switch 2\n>p1 move shadowball\n>p2 move shadowball", "uploadtime": 1781385862, "views": 8, "formatid": "gen9randombattle", "rating": 1293, "private": 0, "password": null}