{"id": "gen9randombattle-2631420781", "format": "[Gen 9] Random Battle", "players": ["ArbysDealer23", "opik8"], "log": "|j|\u2606ArbysDealer23\n|j|\u2606opik8\n|t:|1781382549\n|gametype|singles\n|player|p1|ArbysDealer23|miku-fire|1957\n|player|p2|opik8|colress|1963\n|gen|9\n|tier|[Gen 9] Random Battle\n|rated|\n|rule|Species Clause: Limit one of each Pok\u00e9mon\n|rule|HP Percentage Mod: HP is shown in percentages\n|rule|Sleep Clause Mod: Limit one foe put to sleep\n|rule|Illusion Level Mod: Illusion disguises the Pok\u00e9mon's true level\n|\n|t:|1781382549\n|teamsize|p1|6\n|teamsize|p2|6\n|start\n|switch|p1a: Porygon-Z|Porygon-Z, L83|277/277\n|switch|p2a: Inteleon|Inteleon, L81, F|246/246\n|-ability|p1a: Porygon-Z|Download|boost\n|-boost|p1a: Porygon-Z|spa|1\n|turn|1\n|inactive|Battle timer is ON: inactive players will automatically lose when time's up. (requested by ArbysDealer23)\n|\n|t:|1781382554\n|move|p1a: Porygon-Z|Tri Attack|p2a: Inteleon\n|-damage|p2a: Inteleon|44/246\n|move|p2a: Inteleon|U-turn|p1a: Porygon-Z\n|-crit|p1a: Porygon-Z\n|-damage|p1a: Porygon-Z|208/277\n|\n|t:|1781382562\n|switch|p2a: Conkeldurr|Conkeldurr, L80, M|299/299|[from] U-turn\n|\n|-status|p2a: Conkeldurr|brn|[from] item: Flame Orb\n|upkeep\n|turn|2\n|\n|t:|1781382572\n|switch|p1a: Dedenne|Dedenne, L88, F|261/261\n|move|p2a: Conkeldurr|Mach Punch|p1a: Dedenne\n|-resisted|p1a: Dedenne\n|-damage|p1a: Dedenne|215/261\n|\n|-damage|p2a: Conkeldurr|281/299 brn|[from] brn\n|upkeep\n|turn|3\n|\n|t:|1781382581\n|move|p1a: Dedenne|Dazzling Gleam|p2a: Conkeldurr\n|-supereffective|p2a: Conkeldurr\n|-crit|p2a: Conkeldurr\n|-damage|p2a: Conkeldurr|0 fnt\n|faint|p2a: Conkeldurr\n|\n|upkeep\n|\n|t:|1781382588\n|switch|p2a: Inteleon|Inteleon, L81, F|44/246\n|turn|4\n|\n|t:|1781382593\n|switch|p1a: Kingdra|Kingdra, L84, F|263/263\n|move|p2a: Inteleon|Hydro Pump|p1a: Kingdra|[miss]\n|-miss|p2a: Inteleon|p1a: Kingdra\n|\n|upkeep\n|turn|5\n|\n|t:|1781382602\n|switch|p2a: Clefable|Clefable, L83, M|293/293\n|move|p1a: Kingdra|Rain Dance|p1a: Kingdra\n|-weather|RainDance\n|\n|-weather|RainDance|[upkeep]\n|upkeep\n|turn|6\n|\n|t:|1781382609\n|move|p1a: Kingdra|Wave Crash|p2a: Clefable\n|-damage|p2a: Clefable|19/293\n|-damage|p1a: Kingdra|173/263|[from] Recoil\n|-damage|p1a: Kingdra|147/263|[from] item: Life Orb\n|move|p2a: Clefable|Thunder Wave|p1a: Kingdra\n|-status|p1a: Kingdra|par\n|\n|-weather|RainDance|[upkeep]\n|upkeep\n|turn|7\n|\n|t:|1781382618\n|switch|p2a: Inteleon|Inteleon, L81, F|44/246\n|move|p1a: Kingdra|Wave Crash|p2a: Inteleon\n|-resisted|p2a: Inteleon\n|-damage|p2a: Inteleon|0 fnt\n|faint|p2a: Inteleon\n|-damage|p1a: Kingdra|132/263 par|[from] Recoil\n|-damage|p1a: Kingdra|106/263 par|[from] item: Life Orb\n|\n|-weather|RainDance|[upkeep]\n|upkeep\n|\n|t:|1781382624\n|switch|p2a: Lilligant|Lilligant-Hisui, L79, F|240/240\n|turn|8\n|\n|t:|1781382629\n|-terastallize|p2a: Lilligant|Steel\n|move|p2a: Lilligant|Victory Dance|p2a: Lilligant\n|-boost|p2a: Lilligant|atk|1\n|-boost|p2a: Lilligant|def|1\n|-boost|p2a: Lilligant|spe|1\n|move|p1a: Kingdra|Hurricane|p2a: Lilligant\n|-resisted|p2a: Lilligant\n|-damage|p2a: Lilligant|178/240\n|-damage|p1a: Kingdra|80/263 par|[from] item: Life Orb\n|\n|-weather|RainDance|[upkeep]\n|upkeep\n|turn|9\n|\n|t:|1781382641\n|move|p2a: Lilligant|Leaf Blade|p1a: Kingdra\n|-damage|p1a: Kingdra|0 fnt\n|faint|p1a: Kingdra\n|\n|-weather|none\n|upkeep\n|\n|t:|1781382654\n|switch|p1a: Ditto|Ditto, L87|225/225\n|-transform|p1a: Ditto|p2a: Lilligant|[from] ability: Imposter\n|-start|p1a: Ditto|typechange|Grass/Fighting|[silent]\n|turn|10\n|\n|t:|1781382664\n|move|p1a: Ditto|Close Combat|p2a: Lilligant\n|-supereffective|p2a: Lilligant\n|-damage|p2a: Lilligant|0 fnt\n|-unboost|p1a: Ditto|def|1\n|-unboost|p1a: Ditto|spd|1\n|faint|p2a: Lilligant\n|\n|upkeep\n|\n|t:|1781382669\n|switch|p2a: Terapagos|Terapagos, L77, M|265/265\n|-activate|p2a: Terapagos|ability: Tera Shift\n|detailschange|p2a: Terapagos|Terapagos-Terastal, L77, M\n|-heal|p2a: Terapagos|273/273|[silent]\n|turn|11\n|\n|t:|1781382673\n|move|p1a: Ditto|Close Combat|p2a: Terapagos\n|-activate|p2a: Terapagos|ability: Tera Shell\n|-resisted|p2a: Terapagos\n|-damage|p2a: Terapagos|130/273\n|-unboost|p1a: Ditto|def|1\n|-unboost|p1a: Ditto|spd|1\n|move|p2a: Terapagos|Tera Starstorm|p1a: Ditto\n|-damage|p1a: Ditto|0 fnt\n|faint|p1a: Ditto\n|\n|upkeep\n|\n|t:|1781382686\n|switch|p1a: Iron Jugulis|Iron Jugulis, L77|271/271\n|turn|12\n|\n|t:|1781382692\n|move|p1a: Iron Jugulis|Meteor Beam||[still]\n|-prepare|p1a: Iron Jugulis|Meteor Beam\n|-boost|p1a: Iron Jugulis|spa|1\n|-enditem|p1a: Iron Jugulis|Power Herb\n|-anim|p1a: Iron Jugulis|Meteor Beam|p2a: Terapagos\n|-damage|p2a: Terapagos|7/273\n|move|p2a: Terapagos|Rest|p2a: Terapagos\n|-status|p2a: Terapagos|slp|[from] move: Rest\n|-heal|p2a: Terapagos|273/273 slp|[silent]\n|-enditem|p2a: Terapagos|Chesto Berry|[eat]\n|-curestatus|p2a: Terapagos|slp|[msg]\n|\n|upkeep\n|turn|13\n|\n|t:|1781382704\n|move|p1a: Iron Jugulis|Dark Pulse|p2a: Terapagos\n|-activate|p2a: Terapagos|ability: Tera Shell\n|-resisted|p2a: Terapagos\n|-damage|p2a: Terapagos|215/273\n|move|p2a: Terapagos|Calm Mind|p2a: Terapagos\n|-boost|p2a: Terapagos|spa|1\n|-boost|p2a: Terapagos|spd|1\n|\n|upkeep\n|turn|14\n|\n|t:|1781382715\n|move|p1a: Iron Jugulis|Hurricane|p2a: Terapagos|[miss]\n|-miss|p1a: Iron Jugulis|p2a: Terapagos\n|move|p2a: Terapagos|Calm Mind|p2a: Terapagos\n|-boost|p2a: Terapagos|spa|1\n|-boost|p2a: Terapagos|spd|1\n|\n|upkeep\n|turn|15\n|\n|t:|1781382720\n|-end|p1a: Iron Jugulis|Quark Drive|[silent]\n|switch|p1a: Tyranitar|Tyranitar, L78, M|284/284\n|-weather|Sandstorm|[from] ability: Sand Stream|[of] p1a: Tyranitar\n|move|p2a: Terapagos|Tera Starstorm|p1a: Tyranitar\n|-resisted|p1a: Tyranitar\n|-damage|p1a: Tyranitar|208/284\n|\n|-weather|Sandstorm|[upkeep]\n|-damage|p2a: Terapagos|198/273|[from] Sandstorm\n|-heal|p1a: Tyranitar|225/284|[from] item: Leftovers\n|upkeep\n|turn|16\n|\n|t:|1781382726\n|move|p2a: Terapagos|Earth Power|p1a: Tyranitar\n|-supereffective|p1a: Tyranitar\n|-damage|p1a: Tyranitar|73/284\n|-unboost|p1a: Tyranitar|spd|1\n|move|p1a: Tyranitar|Thunder Wave|p2a: Terapagos\n|-status|p2a: Terapagos|par\n|\n|-weather|Sandstorm|[upkeep]\n|-damage|p2a: Terapagos|181/273 par|[from] Sandstorm\n|-heal|p1a: Tyranitar|90/284|[from] item: Leftovers\n|upkeep\n|turn|17\n|\n|t:|1781382748\n|move|p1a: Tyranitar|Stone Edge|p2a: Terapagos\n|-damage|p2a: Terapagos|63/273 par\n|move|p2a: Terapagos|Rest|p2a: Terapagos\n|-status|p2a: Terapagos|slp|[from] move: Rest\n|-heal|p2a: Terapagos|273/273 slp|[silent]\n|\n|-weather|Sandstorm|[upkeep]\n|-damage|p2a: Terapagos|256/273 slp|[from] Sandstorm\n|-heal|p1a: Tyranitar|107/284|[from] item: Leftovers\n|upkeep\n|turn|18\n|\n|t:|1781382758\n|cant|p2a: Terapagos|slp\n|move|p1a: Tyranitar|Stone Edge|p2a: Terapagos\n|-damage|p2a: Terapagos|148/273 slp\n|\n|-weather|Sandstorm|[upkeep]\n|-damage|p2a: Terapagos|131/273 slp|[from] Sandstorm\n|-heal|p1a: Tyranitar|124/284|[from] item: Leftovers\n|upkeep\n|turn|19\n|\n|t:|1781382776\n|cant|p2a: Terapagos|slp\n|move|p1a: Tyranitar|Stone Edge|p2a: Terapagos|[miss]\n|-miss|p1a: Tyranitar|p2a: Terapagos\n|\n|-weather|none\n|-heal|p1a: Tyranitar|141/284|[from] item: Leftovers\n|upkeep\n|turn|20\n|\n|t:|1781382783\n|switch|p1a: Dedenne|Dedenne, L88, F|215/261\n|-curestatus|p2a: Terapagos|slp|[msg]\n|move|p2a: Terapagos|Tera Starstorm|p1a: Dedenne\n|-damage|p1a: Dedenne|0 fnt\n|faint|p1a: Dedenne\n|\n|upkeep\n|\n|t:|1781382790\n|switch|p1a: Porygon-Z|Porygon-Z, L83|208/277\n|-ability|p1a: Porygon-Z|Download|boost\n|-boost|p1a: Porygon-Z|atk|1\n|turn|21\n|\n|t:|1781382805\n|-terastallize|p1a: Porygon-Z|Ghost\n|move|p1a: Porygon-Z|Trick|p2a: Terapagos\n|-activate|p1a: Porygon-Z|move: Trick|[of] p2a: Terapagos\n|-item|p2a: Terapagos|Choice Scarf|[from] move: Trick\n|-enditem|p1a: Porygon-Z|Choice Scarf|[silent]|[from] move: Trick\n|move|p2a: Terapagos|Tera Starstorm|p1a: Porygon-Z\n|-immune|p1a: Porygon-Z\n|\n|upkeep\n|turn|22\n|\n|t:|1781382822\n|switch|p2a: Clefable|Clefable, L83, M|19/293\n|move|p1a: Porygon-Z|Tri Attack|p2a: Clefable\n|-damage|p2a: Clefable|0 fnt\n|faint|p2a: Clefable\n|\n|upkeep\n|\n|t:|1781382823\n|switch|p2a: Ditto|Ditto, L87|225/225\n|-transform|p2a: Ditto|p1a: Porygon-Z|[from] ability: Imposter\n|-ability|p2a: Ditto|Download|boost\n|-boost|p2a: Ditto|atk|1\n|-start|p2a: Ditto|typechange|Normal|[silent]\n|turn|23\n|\n|t:|1781382837\n|switch|p1a: Iron Jugulis|Iron Jugulis, L77|271/271\n|move|p2a: Ditto|Shadow Ball|p1a: Iron Jugulis\n|-resisted|p1a: Iron Jugulis\n|-damage|p1a: Iron Jugulis|231/271\n|\n|upkeep\n|turn|24\n|\n|t:|1781382848\n|switch|p2a: Terapagos|Terapagos-Terastal, L77, M|131/273\n|move|p1a: Iron Jugulis|Dark Pulse|p2a: Terapagos\n|-damage|p2a: Terapagos|58/273\n|\n|upkeep\n|turn|25\n|\n|t:|1781382853\n|move|p2a: Terapagos|Rest|p2a: Terapagos\n|-status|p2a: Terapagos|slp|[from] move: Rest\n|-heal|p2a: Terapagos|273/273 slp|[silent]\n|move|p1a: Iron Jugulis|Dark Pulse|p2a: Terapagos\n|-activate|p2a: Terapagos|ability: Tera Shell\n|-resisted|p2a: Terapagos\n|-damage|p2a: Terapagos|231/273 slp\n|\n|upkeep\n|turn|26\n|\n|t:|1781382862\n|switch|p2a: Ditto|Ditto, L87|225/225\n|-transform|p2a: Ditto|p1a: Iron Jugulis|[from] ability: Imposter\n|move|p1a: Iron Jugulis|Earth Power|p2a: Ditto\n|-immune|p2a: Ditto\n|\n|upkeep\n|turn|27\n|\n|t:|1781382873\n|-end|p1a: Iron Jugulis|Quark Drive|[silent]\n|switch|p1a: Porygon-Z|Porygon-Z, L83, tera:Ghost|208/277\n|-ability|p1a: Porygon-Z|Download|boost\n|-boost|p1a: Porygon-Z|spa|1\n|move|p2a: Ditto|Meteor Beam||[still]\n|-prepare|p2a: Ditto|Meteor Beam\n|-boost|p2a: Ditto|spa|1\n|\n|upkeep\n|turn|28\n|\n|t:|1781382883\n|move|p2a: Ditto|Meteor Beam|p1a: Porygon-Z|[from] lockedmove\n|-damage|p1a: Porygon-Z|55/277\n|move|p1a: Porygon-Z|Tri Attack|p2a: Ditto\n|-crit|p2a: Ditto\n|-damage|p2a: Ditto|0 fnt\n|faint|p2a: Ditto\n|-end|p2a: Ditto|Quark Drive|[silent]\n|\n|upkeep\n|-message|opik8 forfeited.\n|\n|win|ArbysDealer23\n|raw|ArbysDealer23's rating: 1957 &rarr; <strong>1977</strong><br />(+20 for winning)\n|raw|opik8's rating: 1963 &rarr; <strong>1943</strong><br />(-20 for losing)\n|l|\u2606opik8\n|player|p2|\n", "inputlog": ">version a8376a258c1d4662feba110a92103f3664a72141\n>start {\"formatid\":\"gen9randombattle\",\"seed\":\"sodium,31f5770e3dc4de0e84da49c803a7b646\",\"rated\":\"Rated battle\"}\n>player p1 {\"name\":\"ArbysDealer23\",\"avatar\":\"miku-fire\",\"rating\":1957,\"seed\":\"sodium,bd6cc37cd1c1307d049af3fea450652f\"}\n>player p2 {\"name\":\"opik8\",\"avatar\":\"colress\",\"rating\":1963,\"seed\":\"sodium,70a2d386de50adf298137dba132c25a8\"}\n>p1 move triattack\n>p2 move uturn\n>p2 switch 6\n>p1 switch 6\n>p2 move machpunch\n>p1 move dazzlinggleam\n>p2 move facade\n>p2 switch 6\n>p1 switch 3\n>p2 move hydropump\n>p1 move raindance\n>p2 switch 3\n>p1 move wavecrash\n>p2 move thunderwave\n>p1 move wavecrash\n>p2 switch 3\n>p2 switch 2\n>p1 move hurricane\n>p2 move victorydance terastallize\n>p1 move wavecrash\n>p2 move leafblade\n>p1 switch 4\n>p1 move closecombat\n>p2 move closecombat\n>p2 switch 4\n>p1 move closecombat\n>p2 move terastarstorm\n>p1 switch 2\n>p1 move meteorbeam\n>p2 move rest\n>p1 move darkpulse\n>p2 move calmmind\n>p1 move hurricane\n>p2 move calmmind\n>p1 switch 5\n>p2 move terastarstorm\n>p1 move thunderwave\n>p2 move earthpower\n>p1 move stoneedge\n>p2 move rest\n>p1 move stoneedge\n>p2 move terastarstorm\n>p1 move stoneedge\n>p2 move terastarstorm\n>p1 switch 3\n>p2 move terastarstorm\n>p1 switch 6\n>p1 move trick terastallize\n>p2 move terastarstorm\n>p1 move triattack\n>p2 switch 3\n>p2 switch 5\n>p1 switch 5\n>p2 move shadowball\n>p1 move darkpulse\n>p2 switch 3\n>p1 move darkpulse\n>p2 move rest\n>p1 move earthpower\n>p2 switch 3\n>p1 switch 5\n>p2 move meteorbeam\n>p1 move triattack\n>p2 move meteorbeam\n>forcelose p2", "uploadtime": 1781382551, "views": 17, "formatid": "gen9randombattle", "rating": 1943, "private": 0, "password": null}