{"id": "gen9randombattle-2631940901", "format": "[Gen 9] Random Battle", "players": ["schleeby", "Mugshit"], "log": "|j|\u2606schleeby\n|j|\u2606Mugshit\n|t:|1781458013\n|gametype|singles\n|player|p1|schleeby|rosa|2054\n|player|p2|Mugshit|265|2064\n|gen|9\n|tier|[Gen 9] Random Battle\n|rated|\n|rule|Species Clause: Limit one of each Pok\u00e9mon\n|rule|HP Percentage Mod: HP is shown in percentages\n|rule|Sleep Clause Mod: Limit one foe put to sleep\n|rule|Illusion Level Mod: Illusion disguises the Pok\u00e9mon's true level\n|\n|t:|1781458013\n|teamsize|p1|6\n|teamsize|p2|6\n|start\n|switch|p1a: Rhyperior|Rhyperior, L82, M|323/323\n|switch|p2a: Quaquaval|Quaquaval, L79, F|264/264\n|turn|1\n|inactive|Battle timer is ON: inactive players will automatically lose when time's up. (requested by Mugshit)\n|\n|t:|1781458027\n|switch|p2a: Corviknight|Corviknight, L80, M|288/288\n|move|p1a: Rhyperior|Earthquake|p2a: Corviknight\n|-immune|p2a: Corviknight\n|\n|upkeep\n|turn|2\n|\n|t:|1781458039\n|switch|p1a: Ceruledge|Ceruledge, L78, M|245/245\n|move|p2a: Corviknight|U-turn|p1a: Ceruledge\n|-resisted|p1a: Ceruledge\n|-damage|p1a: Ceruledge|233/245\n|-ability|p1a: Ceruledge|Weak Armor|boost\n|-unboost|p1a: Ceruledge|def|1\n|-boost|p1a: Ceruledge|spe|2\n|\n|t:|1781458047\n|switch|p2a: Quaquaval|Quaquaval, L79, F|264/264|[from] U-turn\n|\n|upkeep\n|turn|3\n|\n|t:|1781458049\n|switch|p1a: Gothitelle|Gothitelle, L90, M|272/272\n|move|p2a: Quaquaval|Aqua Step|p1a: Gothitelle\n|-damage|p1a: Gothitelle|162/272\n|-boost|p2a: Quaquaval|spe|1\n|-damage|p2a: Quaquaval|238/264|[from] item: Life Orb\n|\n|upkeep\n|turn|4\n|\n|t:|1781458058\n|-terastallize|p2a: Quaquaval|Steel\n|move|p2a: Quaquaval|Swords Dance|p2a: Quaquaval\n|-boost|p2a: Quaquaval|atk|2\n|move|p1a: Gothitelle|Psychic|p2a: Quaquaval\n|-resisted|p2a: Quaquaval\n|-damage|p2a: Quaquaval|172/264\n|\n|upkeep\n|turn|5\n|\n|t:|1781458069\n|move|p2a: Quaquaval|Aqua Step|p1a: Gothitelle\n|-damage|p1a: Gothitelle|0 fnt\n|-boost|p2a: Quaquaval|spe|1\n|faint|p1a: Gothitelle\n|-ability|p2a: Quaquaval|Moxie|boost\n|-boost|p2a: Quaquaval|atk|1\n|-damage|p2a: Quaquaval|146/264|[from] item: Life Orb\n|\n|upkeep\n|\n|t:|1781458074\n|switch|p1a: Umbreon|Umbreon, L84, F|297/297\n|turn|6\n|\n|t:|1781458084\n|move|p1a: Umbreon|Protect|p1a: Umbreon\n|-singleturn|p1a: Umbreon|Protect\n|move|p2a: Quaquaval|Aqua Step|p1a: Umbreon\n|-activate|p1a: Umbreon|move: Protect\n|\n|upkeep\n|turn|7\n|\n|t:|1781458088\n|-terastallize|p1a: Umbreon|Poison\n|move|p2a: Quaquaval|Close Combat|p1a: Umbreon\n|-resisted|p1a: Umbreon\n|-damage|p1a: Umbreon|122/297\n|-unboost|p2a: Quaquaval|def|1\n|-unboost|p2a: Quaquaval|spd|1\n|-damage|p2a: Quaquaval|120/264|[from] item: Life Orb\n|move|p1a: Umbreon|Foul Play|p2a: Quaquaval\n|-damage|p2a: Quaquaval|0 fnt\n|faint|p2a: Quaquaval\n|\n|-heal|p1a: Umbreon|140/297|[from] item: Leftovers\n|upkeep\n|\n|t:|1781458096\n|switch|p2a: Ogerpon|Ogerpon-Wellspring, L76, F|247/247\n|turn|8\n|\n|t:|1781458106\n|move|p2a: Ogerpon|Ivy Cudgel|p1a: Umbreon|[anim] Ivy Cudgel Water\n|-damage|p1a: Umbreon|35/297\n|move|p1a: Umbreon|Foul Play|p2a: Ogerpon\n|-crit|p2a: Ogerpon\n|-damage|p2a: Ogerpon|60/247\n|\n|-heal|p1a: Umbreon|53/297|[from] item: Leftovers\n|upkeep\n|turn|9\n|\n|t:|1781458111\n|move|p1a: Umbreon|Protect|p1a: Umbreon\n|-singleturn|p1a: Umbreon|Protect\n|move|p2a: Ogerpon|Ivy Cudgel|p1a: Umbreon|[anim] Ivy Cudgel Water\n|-activate|p1a: Umbreon|move: Protect\n|\n|-heal|p1a: Umbreon|71/297|[from] item: Leftovers\n|upkeep\n|turn|10\n|\n|t:|1781458114\n|switch|p1a: Samurott|Samurott-Hisui, L77, F|265/265\n|move|p2a: Ogerpon|Ivy Cudgel|p1a: Samurott|[anim] Ivy Cudgel Water\n|-resisted|p1a: Samurott\n|-damage|p1a: Samurott|199/265\n|\n|upkeep\n|turn|11\n|\n|t:|1781458119\n|move|p2a: Ogerpon|Power Whip|p1a: Samurott\n|-supereffective|p1a: Samurott\n|-damage|p1a: Samurott|0 fnt\n|faint|p1a: Samurott\n|\n|upkeep\n|\n|t:|1781458124\n|switch|p1a: Dragalge|Dragalge, L88, M|258/258\n|turn|12\n|\n|t:|1781458132\n|switch|p2a: Vigoroth|Vigoroth, L85, M|275/275\n|move|p1a: Dragalge|Dragon Tail|p2a: Vigoroth\n|-damage|p2a: Vigoroth|215/275\n|drag|p2a: Crabominable|Crabominable, L90, F|321/321\n|\n|upkeep\n|turn|13\n|\n|t:|1781458141\n|switch|p1a: Umbreon|Umbreon, L84, F, tera:Poison|71/297\n|move|p2a: Crabominable|Knock Off|p1a: Umbreon\n|-damage|p1a: Umbreon|0 fnt\n|-enditem|p1a: Umbreon|Leftovers|[from] move: Knock Off|[of] p2a: Crabominable\n|faint|p1a: Umbreon\n|\n|upkeep\n|\n|t:|1781458143\n|switch|p1a: Ceruledge|Ceruledge, L78, M|233/245\n|turn|14\n|\n|t:|1781458150\n|move|p1a: Ceruledge|Swords Dance|p1a: Ceruledge\n|-boost|p1a: Ceruledge|atk|2\n|move|p2a: Crabominable|Knock Off|p1a: Ceruledge\n|-supereffective|p1a: Ceruledge\n|-damage|p1a: Ceruledge|0 fnt\n|-enditem|p1a: Ceruledge|Heavy-Duty Boots|[from] move: Knock Off|[of] p2a: Crabominable\n|faint|p1a: Ceruledge\n|\n|upkeep\n|-message|schleeby forfeited.\n|\n|win|Mugshit\n", "inputlog": ">version a8376a258c1d4662feba110a92103f3664a72141\n>start {\"formatid\":\"gen9randombattle\",\"seed\":\"sodium,a4da5c26d520e80056f9b0b202b1c5e5\",\"rated\":\"Rated battle\"}\n>player p1 {\"name\":\"schleeby\",\"avatar\":\"rosa\",\"rating\":2054,\"seed\":\"sodium,ab1b8e2a75f344667d5e604f42887b38\"}\n>player p2 {\"name\":\"Mugshit\",\"avatar\":\"265\",\"rating\":2064,\"seed\":\"sodium,5badd0a3f65db647a0e67481c0a884dc\"}\n>p1 move earthquake\n>p2 switch 3\n>p1 switch 6\n>p2 move uturn\n>p2 switch 3\n>p1 switch 2\n>p2 move aquastep\n>p1 move psychic\n>p2 move swordsdance terastallize\n>p1 move psychic\n>p2 move aquastep\n>p1 switch 4\n>p1 move protect\n>p2 move aquastep\n>p1 move foulplay terastallize\n>p2 move closecombat\n>p2 switch 6\n>p1 move foulplay\n>p2 move ivycudgel\n>p1 move protect\n>p2 move ivycudgel\n>p1 switch 3\n>p2 move ivycudgel\n>p1 move ceaselessedge\n>p2 move powerwhip\n>p1 switch 5\n>p1 move dragontail\n>p2 switch 2\n>p1 switch 3\n>p2 move knockoff\n>p1 switch 2\n>p1 move swordsdance\n>p2 move knockoff\n>forcelose p1", "uploadtime": 1781458015, "views": 4, "formatid": "gen9randombattle", "rating": null, "private": 0, "password": null}