{"id": "gen9randombattle-2631917477", "format": "[Gen 9] Random Battle", "players": ["yuzuyuja", "PlasticPinnochio"], "log": "|j|\u2606yuzuyuja\n|j|\u2606PlasticPinnochio\n|t:|1781455426\n|gametype|singles\n|player|p1|yuzuyuja|jacinthe|1913\n|player|p2|PlasticPinnochio|policeman-gen4|1915\n|gen|9\n|tier|[Gen 9] Random Battle\n|rated|\n|rule|Species Clause: Limit one of each Pok\u00e9mon\n|rule|HP Percentage Mod: HP is shown in percentages\n|rule|Sleep Clause Mod: Limit one foe put to sleep\n|rule|Illusion Level Mod: Illusion disguises the Pok\u00e9mon's true level\n|\n|t:|1781455426\n|teamsize|p1|6\n|teamsize|p2|6\n|start\n|switch|p1a: Mienshao|Mienshao, L83, M|244/244\n|switch|p2a: Duraludon|Duraludon, L82, M|249/249\n|turn|1\n|inactive|Battle timer is ON: inactive players will automatically lose when time's up. (requested by PlasticPinnochio)\n|\n|t:|1781455448\n|switch|p1a: Hariyama|Hariyama, L87, M|392/392\n|switch|p2a: Sylveon|Sylveon, L85, M|300/300\n|\n|-status|p1a: Hariyama|brn|[from] item: Flame Orb\n|upkeep\n|turn|2\n|\n|t:|1781455466\n|move|p1a: Hariyama|Fake Out|p2a: Sylveon\n|-damage|p2a: Sylveon|233/300\n|cant|p2a: Sylveon|flinch\n|\n|-heal|p2a: Sylveon|251/300|[from] item: Leftovers\n|-damage|p1a: Hariyama|368/392 brn|[from] brn\n|upkeep\n|turn|3\n|\n|t:|1781455487\n|-terastallize|p1a: Hariyama|Normal\n|move|p2a: Sylveon|Protect|p2a: Sylveon\n|-singleturn|p2a: Sylveon|Protect\n|move|p1a: Hariyama|Facade|p2a: Sylveon\n|-activate|p2a: Sylveon|move: Protect\n|\n|-heal|p2a: Sylveon|269/300|[from] item: Leftovers\n|-damage|p1a: Hariyama|344/392 brn|[from] brn\n|upkeep\n|turn|4\n|\n|t:|1781455498\n|switch|p2a: Cetitan|Cetitan, L82, M|412/412\n|move|p1a: Hariyama|Facade|p2a: Cetitan\n|-damage|p2a: Cetitan|76/412\n|-enditem|p2a: Cetitan|Sitrus Berry|[eat]\n|-heal|p2a: Cetitan|179/412|[from] item: Sitrus Berry\n|\n|-damage|p1a: Hariyama|320/392 brn|[from] brn\n|upkeep\n|turn|5\n|\n|t:|1781455509\n|move|p2a: Cetitan|Ice Spinner|p1a: Hariyama\n|-damage|p1a: Hariyama|211/392 brn\n|move|p1a: Hariyama|Facade|p2a: Cetitan\n|-damage|p2a: Cetitan|0 fnt\n|faint|p2a: Cetitan\n|\n|-damage|p1a: Hariyama|187/392 brn|[from] brn\n|upkeep\n|\n|t:|1781455511\n|switch|p2a: Sylveon|Sylveon, L85, M|269/300\n|turn|6\n|\n|t:|1781455515\n|move|p2a: Sylveon|Hyper Voice|p1a: Hariyama\n|-damage|p1a: Hariyama|30/392 brn\n|move|p1a: Hariyama|Facade|p2a: Sylveon\n|-damage|p2a: Sylveon|0 fnt\n|faint|p2a: Sylveon\n|\n|-damage|p1a: Hariyama|6/392 brn|[from] brn\n|upkeep\n|\n|t:|1781455523\n|switch|p2a: Duraludon|Duraludon, L82, M|249/249\n|turn|7\n|\n|t:|1781455543\n|switch|p1a: Groudon|Groudon, L72|263/263\n|-weather|SunnyDay|[from] ability: Drought|[of] p1a: Groudon\n|move|p2a: Duraludon|Body Press|p1a: Groudon\n|-damage|p1a: Groudon|212/263\n|\n|-weather|SunnyDay|[upkeep]\n|-heal|p1a: Groudon|228/263|[from] item: Leftovers\n|upkeep\n|turn|8\n|\n|t:|1781455551\n|switch|p2a: Sunflora|Sunflora, F|312/312\n|move|p1a: Groudon|Precipice Blades|p2a: Sunflora\n|-resisted|p2a: Sunflora\n|-damage|p2a: Sunflora|234/312\n|\n|-weather|SunnyDay|[upkeep]\n|-heal|p1a: Groudon|244/263|[from] item: Leftovers\n|upkeep\n|turn|9\n|\n|t:|1781455567\n|switch|p1a: Rabsca|Rabsca, L91, M|284/284\n|move|p2a: Sunflora|Solar Beam||[still]\n|-prepare|p2a: Sunflora|Solar Beam\n|-anim|p2a: Sunflora|Solar Beam|p1a: Rabsca\n|-resisted|p1a: Rabsca\n|-damage|p1a: Rabsca|174/284\n|-damage|p2a: Sunflora|203/312|[from] item: Life Orb\n|\n|-weather|SunnyDay|[upkeep]\n|upkeep\n|turn|10\n|inactive|yuzuyuja has 120 seconds left.\n|\n|t:|1781455601\n|switch|p1a: Zekrom|Zekrom, L71|259/259\n|-ability|p1a: Zekrom|Teravolt\n|move|p2a: Sunflora|Weather Ball|p1a: Zekrom\n|-resisted|p1a: Zekrom\n|-damage|p1a: Zekrom|150/259\n|-damage|p2a: Sunflora|172/312|[from] item: Life Orb\n|\n|-weather|SunnyDay|[upkeep]\n|-heal|p1a: Zekrom|166/259|[from] item: Leftovers\n|upkeep\n|turn|11\n|inactive|yuzuyuja has 120 seconds left.\n|\n|t:|1781455610\n|move|p2a: Sunflora|Weather Ball|p1a: Zekrom\n|-resisted|p1a: Zekrom\n|-damage|p1a: Zekrom|56/259\n|-damage|p2a: Sunflora|141/312|[from] item: Life Orb\n|move|p1a: Zekrom|Dragon Dance|p1a: Zekrom\n|-boost|p1a: Zekrom|atk|1\n|-boost|p1a: Zekrom|spe|1\n|\n|-weather|none\n|-heal|p1a: Zekrom|72/259|[from] item: Leftovers\n|upkeep\n|turn|12\n|\n|t:|1781455614\n|move|p1a: Zekrom|Outrage|p2a: Sunflora\n|-damage|p2a: Sunflora|0 fnt\n|faint|p2a: Sunflora\n|\n|-heal|p1a: Zekrom|88/259|[from] item: Leftovers\n|upkeep\n|\n|t:|1781455619\n|switch|p2a: Duraludon|Duraludon, L82, M|249/249\n|turn|13\n|\n|t:|1781455622\n|move|p1a: Zekrom|Outrage|p2a: Duraludon|[from] lockedmove\n|-damage|p2a: Duraludon|146/249\n|move|p2a: Duraludon|Dragon Tail|p1a: Zekrom\n|-supereffective|p1a: Zekrom\n|-damage|p1a: Zekrom|0 fnt\n|faint|p1a: Zekrom\n|\n|upkeep\n|\n|t:|1781455632\n|switch|p1a: Groudon|Groudon, L72|244/263\n|-weather|SunnyDay|[from] ability: Drought|[of] p1a: Groudon\n|turn|14\n|\n|t:|1781455635\n|switch|p2a: Tornadus|Tornadus-Therian, L79, M|254/254\n|move|p1a: Groudon|Precipice Blades|p2a: Tornadus\n|-immune|p2a: Tornadus\n|\n|-weather|SunnyDay|[upkeep]\n|-heal|p1a: Groudon|260/263|[from] item: Leftovers\n|upkeep\n|turn|15\n|\n|t:|1781455647\n|switch|p1a: Mismagius|Mismagius, L86, F|243/243\n|move|p2a: Tornadus|Heat Wave|p1a: Mismagius\n|-damage|p1a: Mismagius|159/243\n|\n|-weather|SunnyDay|[upkeep]\n|upkeep\n|turn|16\n|\n|t:|1781455660\n|move|p2a: Tornadus|U-turn|p1a: Mismagius\n|-resisted|p1a: Mismagius\n|-damage|p1a: Mismagius|130/243\n|\n|t:|1781455663\n|switch|p2a: Duraludon|Duraludon, L82, M|146/249|[from] U-turn\n|move|p1a: Mismagius|Mystical Fire|p2a: Duraludon\n|-damage|p2a: Duraludon|13/249\n|-unboost|p2a: Duraludon|spa|1\n|\n|-weather|SunnyDay|[upkeep]\n|upkeep\n|turn|17\n|\n|t:|1781455670\n|move|p1a: Mismagius|Mystical Fire|p2a: Duraludon\n|-damage|p2a: Duraludon|0 fnt\n|faint|p2a: Duraludon\n|\n|-weather|SunnyDay|[upkeep]\n|upkeep\n|\n|t:|1781455672\n|switch|p2a: Tornadus|Tornadus-Therian, L79, M|254/254\n|turn|18\n|\n|t:|1781455700\n|switch|p1a: Rabsca|Rabsca, L91, M|174/284\n|move|p2a: Tornadus|Knock Off|p1a: Rabsca\n|-supereffective|p1a: Rabsca\n|-damage|p1a: Rabsca|44/284\n|-enditem|p1a: Rabsca|Heavy-Duty Boots|[from] move: Knock Off|[of] p2a: Tornadus\n|\n|-weather|none\n|upkeep\n|turn|19\n|\n|t:|1781455710\n|move|p2a: Tornadus|Heat Wave|p1a: Rabsca\n|-supereffective|p1a: Rabsca\n|-damage|p1a: Rabsca|0 fnt\n|faint|p1a: Rabsca\n|\n|upkeep\n|inactive|yuzuyuja has 120 seconds left.\n|\n|t:|1781455723\n|switch|p1a: Hariyama|Hariyama, L87, M, tera:Normal|6/392 brn\n|turn|20\n|\n|t:|1781455727\n|move|p1a: Hariyama|Fake Out|p2a: Tornadus\n|-damage|p2a: Tornadus|170/254\n|cant|p2a: Tornadus|flinch\n|\n|-damage|p1a: Hariyama|0 fnt|[from] brn\n|faint|p1a: Hariyama\n|upkeep\n|\n|t:|1781455736\n|switch|p1a: Groudon|Groudon, L72|260/263\n|-weather|SunnyDay|[from] ability: Drought|[of] p1a: Groudon\n|turn|21\n|\n|t:|1781455743\n|move|p2a: Tornadus|U-turn|p1a: Groudon\n|-damage|p1a: Groudon|223/263\n|\n|t:|1781455746\n|switch|p2a: Hydreigon|Hydreigon, L79, M|275/275|[from] U-turn\n|move|p1a: Groudon|Thunder Wave|p2a: Hydreigon\n|-status|p2a: Hydreigon|par\n|\n|-weather|SunnyDay|[upkeep]\n|-heal|p1a: Groudon|239/263|[from] item: Leftovers\n|upkeep\n|turn|22\n|\n|t:|1781455763\n|switch|p1a: Mismagius|Mismagius, L86, F|130/243\n|move|p2a: Hydreigon|Fire Blast|p1a: Mismagius|[miss]\n|-miss|p2a: Hydreigon|p1a: Mismagius\n|\n|-weather|SunnyDay|[upkeep]\n|upkeep\n|turn|23\n|\n|t:|1781455768\n|switch|p2a: Tornadus|Tornadus-Therian, L79, M|254/254\n|move|p1a: Mismagius|Dazzling Gleam|p2a: Tornadus\n|-damage|p2a: Tornadus|184/254\n|\n|-weather|SunnyDay|[upkeep]\n|upkeep\n|turn|24\n|\n|t:|1781455772\n|move|p2a: Tornadus|Knock Off|p1a: Mismagius\n|-supereffective|p1a: Mismagius\n|-damage|p1a: Mismagius|0 fnt\n|-enditem|p1a: Mismagius|Choice Specs|[from] move: Knock Off|[of] p2a: Tornadus\n|faint|p1a: Mismagius\n|\n|-weather|SunnyDay|[upkeep]\n|upkeep\n|\n|t:|1781455775\n|switch|p1a: Groudon|Groudon, L72|239/263\n|turn|25\n|\n|t:|1781455785\n|move|p2a: Tornadus|U-turn|p1a: Groudon\n|-damage|p1a: Groudon|204/263\n|\n|t:|1781455787\n|switch|p2a: Hydreigon|Hydreigon, L79, M|275/275 par|[from] U-turn\n|move|p1a: Groudon|Swords Dance|p1a: Groudon\n|-boost|p1a: Groudon|atk|2\n|\n|-weather|none\n|-heal|p1a: Groudon|220/263|[from] item: Leftovers\n|upkeep\n|turn|26\n|\n|t:|1781455792\n|move|p1a: Groudon|Heat Crash|p2a: Hydreigon\n|-resisted|p2a: Hydreigon\n|-damage|p2a: Hydreigon|184/275 par\n|cant|p2a: Hydreigon|par\n|\n|-heal|p1a: Groudon|236/263|[from] item: Leftovers\n|upkeep\n|turn|27\n|\n|t:|1781455800\n|move|p1a: Groudon|Heat Crash|p2a: Hydreigon\n|-resisted|p2a: Hydreigon\n|-damage|p2a: Hydreigon|87/275 par\n|cant|p2a: Hydreigon|par\n|\n|-heal|p1a: Groudon|252/263|[from] item: Leftovers\n|upkeep\n|turn|28\n|\n|t:|1781455807\n|move|p1a: Groudon|Heat Crash|p2a: Hydreigon\n|-resisted|p2a: Hydreigon\n|-crit|p2a: Hydreigon\n|-damage|p2a: Hydreigon|0 fnt\n|faint|p2a: Hydreigon\n|\n|-heal|p1a: Groudon|263/263|[from] item: Leftovers\n|upkeep\n|\n|t:|1781455812\n|switch|p2a: Tornadus|Tornadus-Therian, L79, M|254/254\n|turn|29\n|\n|t:|1781455817\n|move|p2a: Tornadus|Bleakwind Storm|p1a: Groudon|[miss]\n|-miss|p2a: Tornadus|p1a: Groudon\n|move|p1a: Groudon|Heat Crash|p2a: Tornadus\n|-damage|p2a: Tornadus|50/254\n|\n|upkeep\n|turn|30\n|\n|t:|1781455823\n|move|p2a: Tornadus|Bleakwind Storm|p1a: Groudon\n|-damage|p1a: Groudon|139/263\n|move|p1a: Groudon|Heat Crash|p2a: Tornadus\n|-damage|p2a: Tornadus|0 fnt\n|faint|p2a: Tornadus\n|\n|win|yuzuyuja\n", "inputlog": ">version a8376a258c1d4662feba110a92103f3664a72141\n>start {\"formatid\":\"gen9randombattle\",\"seed\":\"sodium,1bba01569edd2d724d1007bfd908347b\",\"rated\":\"Rated battle\"}\n>player p1 {\"name\":\"yuzuyuja\",\"avatar\":\"jacinthe\",\"rating\":1913,\"seed\":\"sodium,c174555ec9ff5e83fd2be3f2d295a7af\"}\n>player p2 {\"name\":\"PlasticPinnochio\",\"avatar\":\"policeman-gen4\",\"rating\":1915,\"seed\":\"sodium,fa01bbb52fa2200300f8f4135a04e637\"}\n>p1 switch 3\n>p2 switch 2\n>p1 move fakeout\n>p2 move wish\n>p1 move facade terastallize\n>p2 move protect\n>p1 move facade\n>p2 switch 6\n>p1 move facade\n>p2 move icespinner\n>p2 switch 6\n>p1 move facade\n>p2 move hypervoice\n>p2 switch 2\n>p1 switch 6\n>p2 move bodypress\n>p1 move precipiceblades\n>p2 switch 4\n>p1 switch 2\n>p2 move solarbeam\n>p1 switch 4\n>p2 move weatherball\n>p1 move dragondance\n>p2 move weatherball\n>p1 move outrage\n>p2 move weatherball\n>p2 switch 4\n>p1 move outrage\n>p2 move dragontail\n>p1 switch 2\n>p1 move precipiceblades\n>p2 switch 3\n>p1 switch 5\n>p2 move heatwave\n>p1 move mysticalfire\n>p2 move uturn\n>p2 switch 3\n>p1 move mysticalfire\n>p2 move flashcannon\n>p2 switch 3\n>p1 switch 4\n>p2 move knockoff\n>p1 move revivalblessing\n>p2 move heatwave\n>p1 switch 6\n>p1 move fakeout\n>p2 move heatwave\n>p1 switch 5\n>p1 move thunderwave\n>p2 move uturn\n>p2 switch 5\n>p1 switch 4\n>p2 move fireblast\n>p1 move dazzlinggleam\n>p2 switch 5\n>p1 move dazzlinggleam\n>p2 move knockoff\n>p1 switch 4\n>p1 move swordsdance\n>p2 move uturn\n>p2 switch 5\n>p1 move heatcrash\n>p2 move dracometeor\n>p1 move heatcrash\n>p2 move dracometeor\n>p1 move heatcrash\n>p2 move dracometeor\n>p2 switch 5\n>p1 move heatcrash\n>p2 move bleakwindstorm\n>p1 move heatcrash\n>p2 move bleakwindstorm", "uploadtime": 1781455428, "views": 4, "formatid": "gen9randombattle", "rating": null, "private": 0, "password": null}