{"id": "gen9randombattle-2631896234", "format": "[Gen 9] Random Battle", "players": ["Allioideae", "HopefulNeko"], "log": "|j|\u2606Allioideae\n|j|\u2606HopefulNeko\n|t:|1781453143\n|gametype|singles\n|player|p1|Allioideae|102|\n|player|p2|HopefulNeko|miku-ghost|\n|gen|9\n|tier|[Gen 9] Random Battle\n|rule|Species Clause: Limit one of each Pok\u00e9mon\n|rule|HP Percentage Mod: HP is shown in percentages\n|rule|Sleep Clause Mod: Limit one foe put to sleep\n|rule|Illusion Level Mod: Illusion disguises the Pok\u00e9mon's true level\n|\n|t:|1781453143\n|teamsize|p1|6\n|teamsize|p2|6\n|start\n|switch|p1a: Wyrdeer|Wyrdeer, L87, M|321/321\n|switch|p2a: Toucannon|Toucannon, L88, M|284/284\n|-ability|p1a: Wyrdeer|Intimidate|boost\n|-unboost|p2a: Toucannon|atk|1\n|turn|1\n|\n|t:|1781453161\n|switch|p1a: Regirock|Regirock, L83|268/268\n|move|p2a: Toucannon|Knock Off|p1a: Regirock\n|-damage|p1a: Regirock|239/268\n|-enditem|p1a: Regirock|Chesto Berry|[from] move: Knock Off|[of] p2a: Toucannon\n|\n|upkeep\n|turn|2\n|\n|t:|1781453175\n|switch|p2a: Muk|Muk-Alola, L82, M|306/306\n|move|p1a: Regirock|Stone Edge|p2a: Muk|[miss]\n|-miss|p1a: Regirock|p2a: Muk\n|\n|upkeep\n|turn|3\n|\n|t:|1781453187\n|move|p1a: Regirock|Iron Defense|p1a: Regirock\n|-boost|p1a: Regirock|def|2\n|move|p2a: Muk|Drain Punch|p1a: Regirock\n|-supereffective|p1a: Regirock\n|-damage|p1a: Regirock|213/268\n|\n|upkeep\n|turn|4\n|\n|t:|1781453203\n|move|p1a: Regirock|Stone Edge|p2a: Muk\n|-damage|p2a: Muk|185/306\n|move|p2a: Muk|Poison Jab|p1a: Regirock\n|-resisted|p1a: Regirock\n|-damage|p1a: Regirock|201/268\n|\n|upkeep\n|turn|5\n|\n|t:|1781453211\n|move|p1a: Regirock|Body Press|p2a: Muk\n|-damage|p2a: Muk|0 fnt\n|faint|p2a: Muk\n|\n|upkeep\n|\n|t:|1781453216\n|switch|p2a: Toucannon|Toucannon, L88, M|284/284\n|turn|6\n|\n|t:|1781453221\n|move|p2a: Toucannon|Knock Off|p1a: Regirock\n|-damage|p1a: Regirock|183/268\n|move|p1a: Regirock|Body Press|p2a: Toucannon\n|-damage|p2a: Toucannon|68/284\n|\n|upkeep\n|turn|7\n|\n|t:|1781453228\n|-singleturn|p2a: Toucannon|move: Beak Blast\n|move|p1a: Regirock|Stone Edge|p2a: Toucannon|[miss]\n|-miss|p1a: Regirock|p2a: Toucannon\n|move|p2a: Toucannon|Beak Blast|p1a: Regirock\n|-resisted|p1a: Regirock\n|-damage|p1a: Regirock|165/268\n|\n|upkeep\n|turn|8\n|\n|t:|1781453238\n|move|p2a: Toucannon|Roost|p2a: Toucannon\n|-heal|p2a: Toucannon|210/284\n|-singleturn|p2a: Toucannon|move: Roost\n|move|p1a: Regirock|Stone Edge|p2a: Toucannon\n|-damage|p2a: Toucannon|90/284\n|\n|upkeep\n|turn|9\n|\n|t:|1781453245\n|move|p2a: Toucannon|Roost|p2a: Toucannon\n|-heal|p2a: Toucannon|232/284\n|-singleturn|p2a: Toucannon|move: Roost\n|move|p1a: Regirock|Stone Edge|p2a: Toucannon\n|-damage|p2a: Toucannon|112/284\n|\n|upkeep\n|turn|10\n|\n|t:|1781453253\n|move|p2a: Toucannon|Roost|p2a: Toucannon\n|-heal|p2a: Toucannon|254/284\n|-singleturn|p2a: Toucannon|move: Roost\n|move|p1a: Regirock|Body Press|p2a: Toucannon\n|-supereffective|p2a: Toucannon\n|-damage|p2a: Toucannon|0 fnt\n|faint|p2a: Toucannon\n|\n|upkeep\n|\n|t:|1781453262\n|switch|p2a: Houndstone|Houndstone, L86, M|264/264\n|turn|11\n|\n|t:|1781453271\n|move|p2a: Houndstone|Body Press|p1a: Regirock\n|-supereffective|p1a: Regirock\n|-damage|p1a: Regirock|133/268\n|move|p1a: Regirock|Stone Edge|p2a: Houndstone\n|-damage|p2a: Houndstone|161/264\n|\n|-heal|p2a: Houndstone|177/264|[from] item: Leftovers\n|upkeep\n|turn|12\n|\n|t:|1781453280\n|move|p2a: Houndstone|Body Press|p1a: Regirock\n|-supereffective|p1a: Regirock\n|-damage|p1a: Regirock|99/268\n|move|p1a: Regirock|Stone Edge|p2a: Houndstone\n|-damage|p2a: Houndstone|86/264\n|\n|-heal|p2a: Houndstone|102/264|[from] item: Leftovers\n|upkeep\n|turn|13\n|\n|t:|1781453289\n|move|p2a: Houndstone|Body Press|p1a: Regirock\n|-supereffective|p1a: Regirock\n|-damage|p1a: Regirock|65/268\n|move|p1a: Regirock|Stone Edge|p2a: Houndstone\n|-damage|p2a: Houndstone|6/264\n|\n|-heal|p2a: Houndstone|22/264|[from] item: Leftovers\n|upkeep\n|turn|14\n|\n|t:|1781453307\n|move|p2a: Houndstone|Body Press|p1a: Regirock\n|-supereffective|p1a: Regirock\n|-damage|p1a: Regirock|33/268\n|move|p1a: Regirock|Body Press|p2a: Houndstone\n|-immune|p2a: Houndstone\n|\n|-heal|p2a: Houndstone|38/264|[from] item: Leftovers\n|upkeep\n|turn|15\n|\n|t:|1781453319\n|move|p2a: Houndstone|Rest|p2a: Houndstone\n|-status|p2a: Houndstone|slp|[from] move: Rest\n|-heal|p2a: Houndstone|264/264 slp|[silent]\n|move|p1a: Regirock|Body Press|p2a: Houndstone\n|-immune|p2a: Houndstone\n|\n|upkeep\n|turn|16\n|\n|t:|1781453331\n|cant|p2a: Houndstone|slp\n|move|p2a: Houndstone|Sleep Talk|p2a: Houndstone\n|move|p2a: Houndstone|Rest||[from] move: Sleep Talk|[still]\n|-fail|p2a: Houndstone\n|move|p1a: Regirock|Body Press|p2a: Houndstone\n|-immune|p2a: Houndstone\n|\n|upkeep\n|turn|17\n|\n|t:|1781453340\n|cant|p2a: Houndstone|slp\n|move|p2a: Houndstone|Sleep Talk|p2a: Houndstone\n|move|p2a: Houndstone|Rest||[from] move: Sleep Talk|[still]\n|-fail|p2a: Houndstone\n|move|p1a: Regirock|Body Press|p2a: Houndstone\n|-immune|p2a: Houndstone\n|\n|upkeep\n|turn|18\n|\n|t:|1781453349\n|-curestatus|p2a: Houndstone|slp|[msg]\n|move|p2a: Houndstone|Sleep Talk||[still]\n|-fail|p2a: Houndstone\n|move|p1a: Regirock|Body Press|p2a: Houndstone\n|-immune|p2a: Houndstone\n|\n|upkeep\n|turn|19\n|\n|t:|1781453357\n|move|p2a: Houndstone|Body Press|p1a: Regirock\n|-supereffective|p1a: Regirock\n|-damage|p1a: Regirock|0 fnt\n|faint|p1a: Regirock\n|\n|upkeep\n|\n|t:|1781453367\n|switch|p1a: Giratina|Giratina-Origin, L72|335/335\n|turn|20\n|\n|t:|1781453372\n|move|p1a: Giratina|Poltergeist|p2a: Houndstone|[miss]\n|-miss|p1a: Giratina|p2a: Houndstone\n|move|p2a: Houndstone|Poltergeist|p1a: Giratina\n|-activate|p1a: Giratina|move: Poltergeist|Griseous Core\n|-supereffective|p1a: Giratina\n|-damage|p1a: Giratina|87/335\n|\n|upkeep\n|turn|21\n|\n|t:|1781453384\n|move|p1a: Giratina|Poltergeist|p2a: Houndstone\n|-activate|p2a: Houndstone|move: Poltergeist|Leftovers\n|-supereffective|p2a: Houndstone\n|-damage|p2a: Houndstone|46/264\n|move|p2a: Houndstone|Poltergeist|p1a: Giratina|[miss]\n|-miss|p2a: Houndstone|p1a: Giratina\n|\n|-heal|p2a: Houndstone|62/264|[from] item: Leftovers\n|upkeep\n|turn|22\n|\n|t:|1781453395\n|move|p1a: Giratina|Poltergeist|p2a: Houndstone\n|-activate|p2a: Houndstone|move: Poltergeist|Leftovers\n|-supereffective|p2a: Houndstone\n|-damage|p2a: Houndstone|0 fnt\n|faint|p2a: Houndstone\n|\n|upkeep\n|\n|t:|1781453401\n|switch|p2a: Illumise|Illumise, L91, F|266/266\n|turn|23\n|\n|t:|1781453411\n|move|p2a: Illumise|Thunder Wave|p1a: Giratina\n|-status|p1a: Giratina|par\n|move|p1a: Giratina|Draco Meteor|p2a: Illumise\n|-damage|p2a: Illumise|136/266\n|-unboost|p1a: Giratina|spa|2\n|\n|upkeep\n|turn|24\n|\n|t:|1781453423\n|move|p2a: Illumise|Bug Buzz|p1a: Giratina\n|-resisted|p1a: Giratina\n|-damage|p1a: Giratina|37/335 par\n|-unboost|p1a: Giratina|spd|1\n|cant|p1a: Giratina|par\n|\n|upkeep\n|turn|25\n|\n|t:|1781453430\n|move|p2a: Illumise|Bug Buzz|p1a: Giratina\n|-resisted|p1a: Giratina\n|-damage|p1a: Giratina|0 fnt\n|faint|p1a: Giratina\n|\n|upkeep\n|\n|t:|1781453437\n|switch|p1a: Clodsire|Clodsire, L81, F|343/343\n|turn|26\n|\n|t:|1781453442\n|move|p2a: Illumise|Roost|p2a: Illumise\n|-heal|p2a: Illumise|266/266\n|-singleturn|p2a: Illumise|move: Roost\n|move|p1a: Clodsire|Gunk Shot|p2a: Illumise\n|-damage|p2a: Illumise|169/266\n|-status|p2a: Illumise|psn\n|\n|-damage|p2a: Illumise|136/266 psn|[from] psn\n|upkeep\n|turn|27\n|\n|t:|1781453455\n|move|p2a: Illumise|Bug Buzz|p1a: Clodsire\n|-resisted|p1a: Clodsire\n|-crit|p1a: Clodsire\n|-damage|p1a: Clodsire|280/343\n|move|p1a: Clodsire|Gunk Shot|p2a: Illumise\n|-damage|p2a: Illumise|39/266 psn\n|\n|-heal|p1a: Clodsire|301/343|[from] item: Leftovers\n|-damage|p2a: Illumise|6/266 psn|[from] psn\n|upkeep\n|turn|28\n|\n|t:|1781453465\n|move|p2a: Illumise|Bug Buzz|p1a: Clodsire\n|-resisted|p1a: Clodsire\n|-damage|p1a: Clodsire|262/343\n|move|p1a: Clodsire|Gunk Shot|p2a: Illumise\n|-damage|p2a: Illumise|0 fnt\n|faint|p2a: Illumise\n|\n|-heal|p1a: Clodsire|283/343|[from] item: Leftovers\n|upkeep\n|\n|t:|1781453473\n|switch|p2a: Sandy Shocks|Sandy Shocks, L80|267/267\n|turn|29\n|\n|t:|1781453478\n|-terastallize|p2a: Sandy Shocks|Ground\n|move|p2a: Sandy Shocks|Earth Power|p1a: Clodsire\n|-supereffective|p1a: Clodsire\n|-damage|p1a: Clodsire|27/343\n|move|p1a: Clodsire|Earthquake|p2a: Sandy Shocks\n|-damage|p2a: Sandy Shocks|183/267\n|\n|-heal|p1a: Clodsire|48/343|[from] item: Leftovers\n|upkeep\n|turn|30\n|\n|t:|1781453489\n|move|p2a: Sandy Shocks|Earth Power|p1a: Clodsire\n|-supereffective|p1a: Clodsire\n|-damage|p1a: Clodsire|0 fnt\n|faint|p1a: Clodsire\n|\n|upkeep\n|\n|t:|1781453495\n|switch|p1a: Quaquaval|Quaquaval, L79, F|264/264\n|turn|31\n|\n|t:|1781453502\n|move|p2a: Sandy Shocks|Thunderbolt|p1a: Quaquaval\n|-supereffective|p1a: Quaquaval\n|-damage|p1a: Quaquaval|0 fnt\n|faint|p1a: Quaquaval\n|\n|upkeep\n|\n|t:|1781453511\n|switch|p1a: Reuniclus|Reuniclus, L88, M|337/337\n|turn|32\n|\n|t:|1781453517\n|move|p2a: Sandy Shocks|Thunder Wave|p1a: Reuniclus\n|-status|p1a: Reuniclus|par\n|move|p1a: Reuniclus|Psyshock|p2a: Sandy Shocks\n|-damage|p2a: Sandy Shocks|43/267\n|\n|upkeep\n|turn|33\n|\n|t:|1781453528\n|move|p2a: Sandy Shocks|Earth Power|p1a: Reuniclus\n|-damage|p1a: Reuniclus|193/337 par\n|-unboost|p1a: Reuniclus|spd|1\n|move|p1a: Reuniclus|Psyshock|p2a: Sandy Shocks\n|-damage|p2a: Sandy Shocks|0 fnt\n|faint|p2a: Sandy Shocks\n|-end|p2a: Sandy Shocks|Protosynthesis|[silent]\n|\n|upkeep\n|\n|t:|1781453536\n|switch|p2a: Iron Jugulis|Iron Jugulis, L77|271/271\n|turn|34\n|\n|t:|1781453547\n|move|p2a: Iron Jugulis|Dark Pulse|p1a: Reuniclus\n|-supereffective|p1a: Reuniclus\n|-damage|p1a: Reuniclus|0 fnt\n|faint|p1a: Reuniclus\n|\n|upkeep\n|\n|t:|1781453553\n|switch|p1a: Wyrdeer|Wyrdeer, L87, M|321/321\n|-ability|p1a: Wyrdeer|Intimidate|boost\n|-unboost|p2a: Iron Jugulis|atk|1\n|turn|35\n|\n|t:|1781453564\n|-terastallize|p1a: Wyrdeer|Ground\n|move|p2a: Iron Jugulis|Dark Pulse|p1a: Wyrdeer\n|-damage|p1a: Wyrdeer|227/321\n|cant|p1a: Wyrdeer|flinch\n|\n|upkeep\n|turn|36\n|\n|t:|1781453572\n|move|p2a: Iron Jugulis|Dark Pulse|p1a: Wyrdeer\n|-crit|p1a: Wyrdeer\n|-damage|p1a: Wyrdeer|88/321\n|cant|p1a: Wyrdeer|flinch\n|\n|upkeep\n|turn|37\n|\n|t:|1781453578\n|move|p2a: Iron Jugulis|Dark Pulse|p1a: Wyrdeer\n|-damage|p1a: Wyrdeer|0 fnt\n|faint|p1a: Wyrdeer\n|\n|win|HopefulNeko\n|l|\u2606Allioideae\n|player|p1|\n", "inputlog": ">version a8376a258c1d4662feba110a92103f3664a72141\n>start {\"formatid\":\"gen9randombattle\",\"seed\":\"sodium,55fb9d4eb314d374f775ac6d8b64cc57\"}\n>player p1 {\"name\":\"Allioideae\",\"avatar\":\"102\",\"rating\":0,\"seed\":\"sodium,2d073f1df44136b47c1d24384df8d6b1\"}\n>player p2 {\"name\":\"HopefulNeko\",\"avatar\":\"miku-ghost\",\"rating\":0,\"seed\":\"sodium,1c72e57b8e4a5044ca7e397f7d7c58e5\"}\n>p1 switch 4\n>p2 move knockoff\n>p1 move stoneedge\n>p2 switch 3\n>p1 move irondefense\n>p2 move drainpunch\n>p1 move stoneedge\n>p2 move poisonjab\n>p1 move bodypress\n>p2 move poisonjab\n>p2 switch 3\n>p1 move bodypress\n>p2 move knockoff\n>p1 move stoneedge\n>p2 move beakblast\n>p1 move stoneedge\n>p2 move roost\n>p1 move stoneedge\n>p2 move roost\n>p1 move bodypress\n>p2 move roost\n>p2 switch 5\n>p1 move stoneedge\n>p2 move bodypress\n>p1 move stoneedge\n>p2 move bodypress\n>p1 move stoneedge\n>p2 move bodypress\n>p1 move bodypress\n>p2 move bodypress\n>p1 move bodypress\n>p2 move rest\n>p1 move bodypress\n>p2 move sleeptalk\n>p1 move bodypress\n>p2 move sleeptalk\n>p1 move bodypress\n>p2 move sleeptalk\n>p1 move bodypress\n>p2 move bodypress\n>p1 switch 3\n>p1 move poltergeist\n>p2 move poltergeist\n>p1 move poltergeist\n>p2 move poltergeist\n>p1 move poltergeist\n>p2 move poltergeist\n>p2 switch 2\n>p1 move dracometeor\n>p2 move thunderwave\n>p1 move poltergeist\n>p2 move bugbuzz\n>p1 move poltergeist\n>p2 move bugbuzz\n>p1 switch 5\n>p1 move gunkshot\n>p2 move roost\n>p1 move gunkshot\n>p2 move bugbuzz\n>p1 move gunkshot\n>p2 move bugbuzz\n>p2 switch 6\n>p1 move earthquake\n>p2 move earthpower terastallize\n>p1 move toxic\n>p2 move earthpower\n>p1 switch 6\n>p1 move aquastep\n>p2 move thunderbolt\n>p1 switch 2\n>p1 move psyshock\n>p2 move thunderwave\n>p1 move psyshock\n>p2 move earthpower\n>p2 switch 4\n>p1 move focusblast\n>p2 move darkpulse\n>p1 switch 4\n>p1 move bodyslam terastallize\n>p2 move darkpulse\n>p1 move bodyslam\n>p2 move darkpulse\n>p1 move bodyslam\n>p2 move darkpulse", "uploadtime": 1781453594, "views": 7, "formatid": "gen9randombattle", "rating": null, "private": 0, "password": null}