{"id": "gen9randombattle-2631636538", "format": "[Gen 9] Random Battle", "players": ["Twarr", "RegularZebra"], "log": "|j|\u2606Twarr\n|j|\u2606RegularZebra\n|t:|1781412594\n|gametype|singles\n|player|p1|Twarr|266|1579\n|player|p2|RegularZebra|bruno|1634\n|gen|9\n|tier|[Gen 9] Random Battle\n|rated|\n|rule|Species Clause: Limit one of each Pok\u00e9mon\n|rule|HP Percentage Mod: HP is shown in percentages\n|rule|Sleep Clause Mod: Limit one foe put to sleep\n|rule|Illusion Level Mod: Illusion disguises the Pok\u00e9mon's true level\n|\n|t:|1781412594\n|teamsize|p1|6\n|teamsize|p2|6\n|start\n|switch|p1a: Amoonguss|Amoonguss, L82, F|321/321\n|switch|p2a: Regidrago|Regidrago, L77|435/435\n|turn|1\n|\n|t:|1781412609\n|switch|p2a: Goodra|Goodra, L85, M|292/292\n|move|p1a: Amoonguss|Spore|p2a: Goodra\n|-ability|p2a: Goodra|Sap Sipper|boost\n|-boost|p2a: Goodra|atk|1\n|\n|upkeep\n|turn|2\n|\n|t:|1781412620\n|switch|p1a: Whimsicott|Whimsicott, L84, F|238/238\n|move|p2a: Goodra|Dragon Tail|p1a: Whimsicott\n|-immune|p1a: Whimsicott\n|\n|upkeep\n|turn|3\n|\n|t:|1781412625\n|switch|p2a: Excadrill|Excadrill, L79, M|303/303\n|-ability|p2a: Excadrill|Mold Breaker\n|move|p1a: Whimsicott|Encore||[still]\n|-fail|p1a: Whimsicott\n|\n|upkeep\n|turn|4\n|\n|t:|1781412635\n|move|p1a: Whimsicott|Substitute|p1a: Whimsicott\n|-start|p1a: Whimsicott|Substitute\n|-damage|p1a: Whimsicott|179/238\n|move|p2a: Excadrill|Iron Head|p1a: Whimsicott\n|-supereffective|p1a: Whimsicott\n|-end|p1a: Whimsicott|Substitute\n|\n|-heal|p1a: Whimsicott|193/238|[from] item: Leftovers\n|upkeep\n|turn|5\n|\n|t:|1781412644\n|switch|p1a: Entei|Entei, L78|307/307\n|move|p2a: Excadrill|Iron Head|p1a: Entei\n|-resisted|p1a: Entei\n|-damage|p1a: Entei|254/307\n|\n|upkeep\n|turn|6\n|\n|t:|1781412651\n|switch|p2a: Regidrago|Regidrago, L77|435/435\n|move|p1a: Entei|Sacred Fire|p2a: Regidrago\n|-resisted|p2a: Regidrago\n|-damage|p2a: Regidrago|300/435\n|-status|p2a: Regidrago|brn\n|\n|-damage|p2a: Regidrago|273/435 brn|[from] brn\n|upkeep\n|turn|7\n|\n|t:|1781412660\n|switch|p1a: Whimsicott|Whimsicott, L84, F|193/238\n|move|p2a: Regidrago|Dragon Dance|p2a: Regidrago\n|-boost|p2a: Regidrago|atk|1\n|-boost|p2a: Regidrago|spe|1\n|\n|-heal|p1a: Whimsicott|207/238|[from] item: Leftovers\n|-damage|p2a: Regidrago|246/435 brn|[from] brn\n|upkeep\n|turn|8\n|\n|t:|1781412668\n|switch|p2a: Excadrill|Excadrill, L79, M|303/303\n|-ability|p2a: Excadrill|Mold Breaker\n|move|p1a: Whimsicott|Encore||[still]\n|-fail|p1a: Whimsicott\n|\n|-heal|p1a: Whimsicott|221/238|[from] item: Leftovers\n|upkeep\n|turn|9\n|\n|t:|1781412672\n|move|p1a: Whimsicott|Substitute|p1a: Whimsicott\n|-start|p1a: Whimsicott|Substitute\n|-damage|p1a: Whimsicott|162/238\n|move|p2a: Excadrill|Earthquake|p1a: Whimsicott\n|-resisted|p1a: Whimsicott\n|-end|p1a: Whimsicott|Substitute\n|\n|-heal|p1a: Whimsicott|176/238|[from] item: Leftovers\n|upkeep\n|turn|10\n|\n|t:|1781412678\n|move|p1a: Whimsicott|Encore|p2a: Excadrill\n|-start|p2a: Excadrill|Encore\n|move|p2a: Excadrill|Earthquake|p1a: Whimsicott\n|-resisted|p1a: Whimsicott\n|-damage|p1a: Whimsicott|113/238\n|\n|-heal|p1a: Whimsicott|127/238|[from] item: Leftovers\n|upkeep\n|turn|11\n|\n|t:|1781412683\n|move|p1a: Whimsicott|Leech Seed|p2a: Excadrill|[miss]\n|-miss|p1a: Whimsicott|p2a: Excadrill\n|move|p2a: Excadrill|Earthquake|p1a: Whimsicott\n|-resisted|p1a: Whimsicott\n|-damage|p1a: Whimsicott|61/238\n|\n|-heal|p1a: Whimsicott|75/238|[from] item: Leftovers\n|upkeep\n|turn|12\n|\n|t:|1781412695\n|switch|p2a: Slowking|Slowking, L88, F|310/310\n|move|p1a: Whimsicott|Leech Seed|p2a: Slowking\n|-start|p2a: Slowking|move: Leech Seed\n|\n|-heal|p1a: Whimsicott|89/238|[from] item: Leftovers\n|-damage|p2a: Slowking|272/310|[from] Leech Seed|[of] p1a: Whimsicott\n|-heal|p1a: Whimsicott|127/238|[silent]\n|upkeep\n|turn|13\n|\n|t:|1781412723\n|switch|p1a: Hypno|Hypno, L95, M|315/315\n|switch|p2a: Excadrill|Excadrill, L79, M|303/303\n|-ability|p2a: Excadrill|Mold Breaker\n|\n|upkeep\n|turn|14\n|\n|t:|1781412744\n|switch|p1a: Sandaconda|Sandaconda, L84, M|258/258\n|move|p2a: Excadrill|Swords Dance|p2a: Excadrill\n|-boost|p2a: Excadrill|atk|2\n|\n|upkeep\n|turn|15\n|\n|t:|1781412753\n|-terastallize|p2a: Excadrill|Grass\n|move|p2a: Excadrill|Rapid Spin|p1a: Sandaconda\n|-damage|p1a: Sandaconda|192/258\n|-boost|p2a: Excadrill|spe|1\n|move|p1a: Sandaconda|Earthquake|p2a: Excadrill\n|-resisted|p2a: Excadrill\n|-damage|p2a: Excadrill|225/303\n|\n|-heal|p2a: Excadrill|243/303|[from] item: Leftovers\n|-heal|p1a: Sandaconda|208/258|[from] item: Leftovers\n|upkeep\n|turn|16\n|\n|t:|1781412762\n|move|p2a: Excadrill|Earthquake|p1a: Sandaconda\n|-damage|p1a: Sandaconda|16/258\n|move|p1a: Sandaconda|Glare|p2a: Excadrill\n|-status|p2a: Excadrill|par\n|\n|-heal|p1a: Sandaconda|32/258|[from] item: Leftovers\n|-heal|p2a: Excadrill|261/303 par|[from] item: Leftovers\n|upkeep\n|turn|17\n|\n|t:|1781412771\n|move|p1a: Sandaconda|Rest|p1a: Sandaconda\n|-status|p1a: Sandaconda|slp|[from] move: Rest\n|-heal|p1a: Sandaconda|258/258 slp|[silent]\n|move|p2a: Excadrill|Rapid Spin|p1a: Sandaconda\n|-damage|p1a: Sandaconda|193/258 slp\n|-boost|p2a: Excadrill|spe|1\n|\n|-heal|p2a: Excadrill|279/303 par|[from] item: Leftovers\n|-heal|p1a: Sandaconda|209/258 slp|[from] item: Leftovers\n|upkeep\n|turn|18\n|\n|t:|1781412778\n|switch|p1a: Entei|Entei, L78|254/307\n|cant|p2a: Excadrill|par\n|\n|-heal|p2a: Excadrill|297/303 par|[from] item: Leftovers\n|upkeep\n|turn|19\n|\n|t:|1781412785\n|move|p1a: Entei|Flare Blitz|p2a: Excadrill\n|-supereffective|p2a: Excadrill\n|-crit|p2a: Excadrill\n|-damage|p2a: Excadrill|0 fnt\n|faint|p2a: Excadrill\n|-damage|p1a: Entei|156/307|[from] Recoil\n|\n|upkeep\n|\n|t:|1781412792\n|switch|p2a: Garganacl|Garganacl, L80, F|291/291\n|turn|20\n|\n|t:|1781412801\n|switch|p1a: Amoonguss|Amoonguss, L82, F|321/321\n|move|p2a: Garganacl|Salt Cure|p1a: Amoonguss\n|-damage|p1a: Amoonguss|272/321\n|-start|p1a: Amoonguss|Salt Cure\n|\n|-heal|p1a: Amoonguss|292/321|[from] item: Leftovers\n|-damage|p1a: Amoonguss|252/321|[from] Salt Cure\n|upkeep\n|turn|21\n|\n|t:|1781412810\n|switch|p2a: Goodra|Goodra, L85, M|292/292\n|move|p1a: Amoonguss|Stomping Tantrum|p2a: Goodra\n|-damage|p2a: Goodra|236/292\n|\n|-heal|p1a: Amoonguss|272/321|[from] item: Leftovers\n|-damage|p1a: Amoonguss|232/321|[from] Salt Cure\n|upkeep\n|turn|22\n|\n|t:|1781412823\n|switch|p1a: Sandaconda|Sandaconda, L84, M|209/258 slp\n|move|p2a: Goodra|Earthquake|p1a: Sandaconda\n|-damage|p1a: Sandaconda|153/258 slp\n|\n|-heal|p1a: Sandaconda|169/258 slp|[from] item: Leftovers\n|upkeep\n|turn|23\n|\n|t:|1781412832\n|move|p2a: Goodra|Scald|p1a: Sandaconda\n|-supereffective|p1a: Sandaconda\n|-damage|p1a: Sandaconda|15/258 slp\n|cant|p1a: Sandaconda|slp\n|\n|-heal|p1a: Sandaconda|31/258 slp|[from] item: Leftovers\n|upkeep\n|turn|24\n|\n|t:|1781412839\n|move|p2a: Goodra|Earthquake|p1a: Sandaconda\n|-damage|p1a: Sandaconda|0 fnt\n|faint|p1a: Sandaconda\n|\n|upkeep\n|\n|t:|1781412842\n|switch|p1a: Whimsicott|Whimsicott, L84, F|127/238\n|turn|25\n|\n|t:|1781412852\n|switch|p2a: Regidrago|Regidrago, L77|246/435 brn\n|move|p1a: Whimsicott|Moonblast|p2a: Regidrago\n|-supereffective|p2a: Regidrago\n|-damage|p2a: Regidrago|0 fnt\n|faint|p2a: Regidrago\n|\n|-heal|p1a: Whimsicott|141/238|[from] item: Leftovers\n|upkeep\n|\n|t:|1781412855\n|switch|p2a: Zamazenta|Zamazenta-Crowned, L68|238/238\n|-ability|p2a: Zamazenta|Dauntless Shield|boost\n|-boost|p2a: Zamazenta|def|1\n|turn|26\n|\n|t:|1781412879\n|switch|p1a: Hypno|Hypno, L95, M|315/315\n|move|p2a: Zamazenta|Stone Edge|p1a: Hypno\n|-crit|p1a: Hypno\n|-damage|p1a: Hypno|223/315\n|\n|-heal|p1a: Hypno|242/315|[from] item: Leftovers\n|upkeep\n|turn|27\n|\n|t:|1781412886\n|switch|p2a: Garganacl|Garganacl, L80, F|291/291\n|move|p1a: Hypno|Encore||[still]\n|-fail|p1a: Hypno\n|\n|-heal|p1a: Hypno|261/315|[from] item: Leftovers\n|upkeep\n|turn|28\n|\n|t:|1781412893\n|move|p1a: Hypno|Psychic Noise|p2a: Garganacl\n|-damage|p2a: Garganacl|204/291\n|-start|p2a: Garganacl|move: Heal Block\n|move|p2a: Garganacl|Salt Cure|p1a: Hypno\n|-damage|p1a: Hypno|222/315\n|-start|p1a: Hypno|Salt Cure\n|\n|-heal|p1a: Hypno|241/315|[from] item: Leftovers\n|-damage|p1a: Hypno|202/315|[from] Salt Cure\n|upkeep\n|turn|29\n|\n|t:|1781412900\n|move|p2a: Garganacl|Protect|p2a: Garganacl\n|-singleturn|p2a: Garganacl|Protect\n|move|p1a: Hypno|Knock Off|p2a: Garganacl\n|-activate|p2a: Garganacl|move: Protect\n|\n|-heal|p1a: Hypno|221/315|[from] item: Leftovers\n|-damage|p1a: Hypno|182/315|[from] Salt Cure\n|-end|p2a: Garganacl|move: Heal Block\n|upkeep\n|turn|30\n|\n|t:|1781412909\n|switch|p2a: Zamazenta|Zamazenta-Crowned, L68|238/238\n|move|p1a: Hypno|Encore||[still]\n|-fail|p1a: Hypno\n|\n|-heal|p1a: Hypno|201/315|[from] item: Leftovers\n|-damage|p1a: Hypno|162/315|[from] Salt Cure\n|upkeep\n|turn|31\n|\n|t:|1781412915\n|move|p2a: Zamazenta|Heavy Slam|p1a: Hypno\n|-damage|p1a: Hypno|62/315\n|move|p1a: Hypno|Psychic Noise|p2a: Zamazenta\n|-damage|p2a: Zamazenta|168/238\n|-start|p2a: Zamazenta|move: Heal Block\n|\n|-heal|p1a: Hypno|81/315|[from] item: Leftovers\n|-damage|p1a: Hypno|42/315|[from] Salt Cure\n|upkeep\n|turn|32\n|\n|t:|1781412926\n|move|p2a: Zamazenta|Heavy Slam|p1a: Hypno\n|-damage|p1a: Hypno|0 fnt\n|faint|p1a: Hypno\n|\n|-end|p2a: Zamazenta|move: Heal Block\n|upkeep\n|\n|t:|1781412939\n|switch|p1a: Amoonguss|Amoonguss, L82, F|321/321\n|turn|33\n|\n|t:|1781412954\n|switch|p2a: Goodra|Goodra, L85, M|236/292\n|move|p1a: Amoonguss|Stomping Tantrum|p2a: Goodra\n|-damage|p2a: Goodra|184/292\n|\n|upkeep\n|turn|34\n|\n|t:|1781412964\n|switch|p1a: Whimsicott|Whimsicott, L84, F|141/238\n|move|p2a: Goodra|Earthquake|p1a: Whimsicott\n|-resisted|p1a: Whimsicott\n|-damage|p1a: Whimsicott|104/238\n|\n|-heal|p1a: Whimsicott|118/238|[from] item: Leftovers\n|upkeep\n|turn|35\n|\n|t:|1781412978\n|switch|p2a: Zamazenta|Zamazenta-Crowned, L68|168/238\n|move|p1a: Whimsicott|Moonblast|p2a: Zamazenta\n|-damage|p2a: Zamazenta|92/238\n|\n|-heal|p1a: Whimsicott|132/238|[from] item: Leftovers\n|upkeep\n|turn|36\n|\n|t:|1781413007\n|move|p1a: Whimsicott|Moonblast|p2a: Zamazenta\n|-damage|p2a: Zamazenta|25/238\n|move|p2a: Zamazenta|Heavy Slam|p1a: Whimsicott\n|-supereffective|p1a: Whimsicott\n|-damage|p1a: Whimsicott|0 fnt\n|faint|p1a: Whimsicott\n|\n|upkeep\n|\n|t:|1781413016\n|switch|p1a: Entei|Entei, L78|156/307\n|turn|37\n|\n|t:|1781413030\n|-terastallize|p1a: Entei|Normal\n|move|p1a: Entei|Extreme Speed|p2a: Zamazenta\n|-resisted|p2a: Zamazenta\n|-damage|p2a: Zamazenta|0 fnt\n|faint|p2a: Zamazenta\n|\n|upkeep\n|\n|t:|1781413034\n|switch|p2a: Garganacl|Garganacl, L80, F|204/291\n|turn|38\n|\n|t:|1781413043\n|switch|p1a: Amoonguss|Amoonguss, L82, F|321/321\n|move|p2a: Garganacl|Recover|p2a: Garganacl\n|-heal|p2a: Garganacl|291/291\n|\n|upkeep\n|turn|39\n|\n|t:|1781413050\n|switch|p2a: Goodra|Goodra, L85, M|184/292\n|move|p1a: Amoonguss|Stomping Tantrum|p2a: Goodra\n|-damage|p2a: Goodra|135/292\n|\n|upkeep\n|turn|40\n|\n|t:|1781413057\n|move|p2a: Goodra|Draco Meteor|p1a: Amoonguss\n|-damage|p1a: Amoonguss|144/321\n|-unboost|p2a: Goodra|spa|2\n|move|p1a: Amoonguss|Sludge Bomb|p2a: Goodra\n|-damage|p2a: Goodra|96/292\n|-status|p2a: Goodra|psn\n|\n|-heal|p1a: Amoonguss|164/321|[from] item: Leftovers\n|-damage|p2a: Goodra|60/292 psn|[from] psn\n|upkeep\n|turn|41\n|\n|t:|1781413071\n|move|p2a: Goodra|Draco Meteor|p1a: Amoonguss|[miss]\n|-miss|p2a: Goodra|p1a: Amoonguss\n|move|p1a: Amoonguss|Sludge Bomb|p2a: Goodra\n|-damage|p2a: Goodra|23/292 psn\n|\n|-heal|p1a: Amoonguss|184/321|[from] item: Leftovers\n|-damage|p2a: Goodra|0 fnt|[from] psn\n|faint|p2a: Goodra\n|upkeep\n|\n|t:|1781413076\n|switch|p2a: Slowking|Slowking, L88, F|310/310\n|turn|42\n|\n|t:|1781413095\n|switch|p1a: Calyrex|Calyrex-Ice, L72|263/263\n|-ability|p1a: Calyrex|As One\n|-ability|p1a: Calyrex|Unnerve\n|move|p2a: Slowking|Psychic Noise|p1a: Calyrex\n|-resisted|p1a: Calyrex\n|-damage|p1a: Calyrex|224/263\n|-start|p1a: Calyrex|move: Heal Block\n|\n|upkeep\n|turn|43\n|\n|t:|1781413110\n|move|p2a: Slowking|Scald|p1a: Calyrex\n|-damage|p1a: Calyrex|139/263\n|move|p1a: Calyrex|Trick Room|p1a: Calyrex\n|-fieldstart|move: Trick Room|[of] p1a: Calyrex\n|\n|-end|p1a: Calyrex|move: Heal Block\n|upkeep\n|turn|44\n|\n|t:|1781413116\n|move|p1a: Calyrex|High Horsepower|p2a: Slowking\n|-damage|p2a: Slowking|232/310\n|move|p2a: Slowking|Psychic Noise|p1a: Calyrex\n|-resisted|p1a: Calyrex\n|-damage|p1a: Calyrex|102/263\n|-start|p1a: Calyrex|move: Heal Block\n|\n|upkeep\n|turn|45\n|\n|t:|1781413131\n|move|p1a: Calyrex|High Horsepower|p2a: Slowking|[miss]\n|-miss|p1a: Calyrex|p2a: Slowking\n|move|p2a: Slowking|Scald|p1a: Calyrex\n|-damage|p1a: Calyrex|12/263\n|\n|-end|p1a: Calyrex|move: Heal Block\n|upkeep\n|turn|46\n|\n|t:|1781413141\n|move|p1a: Calyrex|High Horsepower|p2a: Slowking\n|-damage|p2a: Slowking|152/310\n|move|p2a: Slowking|Slack Off|p2a: Slowking\n|-heal|p2a: Slowking|307/310\n|\n|upkeep\n|turn|47\n|\n|t:|1781413149\n|move|p1a: Calyrex|High Horsepower|p2a: Slowking\n|-damage|p2a: Slowking|223/310\n|move|p2a: Slowking|Scald|p1a: Calyrex\n|-damage|p1a: Calyrex|0 fnt\n|faint|p1a: Calyrex\n|\n|-fieldend|move: Trick Room\n|upkeep\n|\n|t:|1781413158\n|switch|p1a: Entei|Entei, L78, tera:Normal|156/307\n|turn|48\n|\n|t:|1781413166\n|move|p1a: Entei|Extreme Speed|p2a: Slowking\n|-damage|p2a: Slowking|85/310\n|move|p2a: Slowking|Slack Off|p2a: Slowking\n|-heal|p2a: Slowking|240/310\n|\n|upkeep\n|turn|49\n|\n|t:|1781413175\n|move|p1a: Entei|Extreme Speed|p2a: Slowking\n|-damage|p2a: Slowking|110/310\n|move|p2a: Slowking|Psychic Noise|p1a: Entei\n|-damage|p1a: Entei|42/307\n|-start|p1a: Entei|move: Heal Block\n|\n|upkeep\n|turn|50\n|\n|t:|1781413180\n|switch|p2a: Garganacl|Garganacl, L80, F|291/291\n|move|p1a: Entei|Extreme Speed|p2a: Garganacl\n|-resisted|p2a: Garganacl\n|-damage|p2a: Garganacl|242/291\n|\n|-heal|p2a: Garganacl|260/291|[from] item: Leftovers\n|-end|p1a: Entei|move: Heal Block\n|upkeep\n|turn|51\n|\n|t:|1781413183\n|switch|p1a: Amoonguss|Amoonguss, L82, F|291/321\n|move|p2a: Garganacl|Salt Cure|p1a: Amoonguss\n|-damage|p1a: Amoonguss|243/321\n|-start|p1a: Amoonguss|Salt Cure\n|\n|-heal|p2a: Garganacl|278/291|[from] item: Leftovers\n|-heal|p1a: Amoonguss|263/321|[from] item: Leftovers\n|-damage|p1a: Amoonguss|223/321|[from] Salt Cure\n|upkeep\n|turn|52\n|\n|t:|1781413189\n|move|p2a: Garganacl|Protect|p2a: Garganacl\n|-singleturn|p2a: Garganacl|Protect\n|move|p1a: Amoonguss|Spore|p2a: Garganacl\n|-activate|p2a: Garganacl|move: Protect\n|\n|-heal|p2a: Garganacl|291/291|[from] item: Leftovers\n|-heal|p1a: Amoonguss|243/321|[from] item: Leftovers\n|-damage|p1a: Amoonguss|203/321|[from] Salt Cure\n|upkeep\n|turn|53\n|\n|t:|1781413192\n|move|p2a: Garganacl|Salt Cure|p1a: Amoonguss\n|-damage|p1a: Amoonguss|152/321\n|move|p1a: Amoonguss|Spore|p2a: Garganacl\n|-immune|p2a: Garganacl|[from] ability: Purifying Salt\n|\n|-heal|p1a: Amoonguss|172/321|[from] item: Leftovers\n|-damage|p1a: Amoonguss|132/321|[from] Salt Cure\n|upkeep\n|turn|54\n|\n|t:|1781413200\n|move|p2a: Garganacl|Protect|p2a: Garganacl\n|-singleturn|p2a: Garganacl|Protect\n|move|p1a: Amoonguss|Giga Drain|p2a: Garganacl\n|-activate|p2a: Garganacl|move: Protect\n|\n|-heal|p1a: Amoonguss|152/321|[from] item: Leftovers\n|-damage|p1a: Amoonguss|112/321|[from] Salt Cure\n|upkeep\n|turn|55\n|\n|t:|1781413207\n|move|p2a: Garganacl|Body Press|p1a: Amoonguss\n|-resisted|p1a: Amoonguss\n|-damage|p1a: Amoonguss|75/321\n|move|p1a: Amoonguss|Giga Drain|p2a: Garganacl\n|-supereffective|p2a: Garganacl\n|-damage|p2a: Garganacl|139/291\n|-heal|p1a: Amoonguss|151/321|[from] drain|[of] p2a: Garganacl\n|\n|-heal|p2a: Garganacl|157/291|[from] item: Leftovers\n|-heal|p1a: Amoonguss|171/321|[from] item: Leftovers\n|-damage|p1a: Amoonguss|131/321|[from] Salt Cure\n|upkeep\n|turn|56\n|\n|t:|1781413214\n|switch|p2a: Slowking|Slowking, L88, F|213/310\n|move|p1a: Amoonguss|Giga Drain|p2a: Slowking\n|-supereffective|p2a: Slowking\n|-crit|p2a: Slowking\n|-damage|p2a: Slowking|51/310\n|-heal|p1a: Amoonguss|212/321|[from] drain|[of] p2a: Slowking\n|\n|-heal|p1a: Amoonguss|232/321|[from] item: Leftovers\n|-damage|p1a: Amoonguss|192/321|[from] Salt Cure\n|upkeep\n|turn|57\n|\n|t:|1781413219\n|move|p2a: Slowking|Psychic Noise|p1a: Amoonguss\n|-supereffective|p1a: Amoonguss\n|-crit|p1a: Amoonguss\n|-damage|p1a: Amoonguss|0 fnt\n|faint|p1a: Amoonguss\n|\n|upkeep\n|\n|t:|1781413223\n|switch|p1a: Entei|Entei, L78, tera:Normal|42/307\n|turn|58\n|\n|t:|1781413233\n|move|p1a: Entei|Stone Edge|p2a: Slowking\n|-damage|p2a: Slowking|0 fnt\n|faint|p2a: Slowking\n|\n|upkeep\n|\n|t:|1781413235\n|switch|p2a: Garganacl|Garganacl, L80, F|157/291\n|turn|59\n|\n|t:|1781413238\n|move|p2a: Garganacl|Protect|p2a: Garganacl\n|-singleturn|p2a: Garganacl|Protect\n|move|p1a: Entei|Stone Edge|p2a: Garganacl\n|-activate|p2a: Garganacl|move: Protect\n|\n|-heal|p2a: Garganacl|175/291|[from] item: Leftovers\n|upkeep\n|turn|60\n|\n|t:|1781413242\n|move|p1a: Entei|Stone Edge|p2a: Garganacl\n|-crit|p2a: Garganacl\n|-damage|p2a: Garganacl|57/291\n|move|p2a: Garganacl|Body Press|p1a: Entei\n|-supereffective|p1a: Entei\n|-damage|p1a: Entei|0 fnt\n|faint|p1a: Entei\n|\n|win|RegularZebra\n|raw|Twarr's rating: 1579 &rarr; <strong>1562</strong><br />(-17 for losing)\n|raw|RegularZebra's rating: 1634 &rarr; <strong>1651</strong><br />(+17 for winning)\n|l|\u2606Twarr\n|player|p1|\n", "inputlog": ">version a8376a258c1d4662feba110a92103f3664a72141\n>start {\"formatid\":\"gen9randombattle\",\"seed\":\"sodium,11c270b1ae6346bf0be8af0406e7f382\",\"rated\":\"Rated battle\"}\n>player p1 {\"name\":\"Twarr\",\"avatar\":\"266\",\"rating\":1579,\"seed\":\"sodium,23bd663b4e3f695a8280c56c7697d788\"}\n>player p2 {\"name\":\"RegularZebra\",\"avatar\":\"bruno\",\"rating\":1634,\"seed\":\"sodium,c188e00210143bcf2106e6ef871d1b6e\"}\n>p1 move spore\n>p2 switch 3\n>p1 switch 4\n>p2 move dragontail\n>p1 move encore\n>p2 switch 4\n>p1 move substitute\n>p2 move ironhead\n>p1 switch 2\n>p2 move ironhead\n>p1 move sacredfire\n>p2 switch 3\n>p1 switch 2\n>p2 move dragondance\n>p1 move encore\n>p2 switch 3\n>p1 move substitute\n>p2 move earthquake\n>p1 move encore\n>p2 move earthquake\n>p1 move leechseed\n>p2 move earthquake\n>p1 move leechseed\n>p2 switch 6\n>p1 switch 6\n>p2 switch 6\n>p1 switch 5\n>p2 move swordsdance\n>p1 move earthquake\n>p2 move rapidspin terastallize\n>p1 move glare\n>p2 move earthquake\n>p1 move rest\n>p2 move rapidspin\n>p1 switch 2\n>p2 move rapidspin\n>p1 move flareblitz\n>p2 move earthquake\n>p2 switch 5\n>p1 switch 4\n>p2 move saltcure\n>p1 move stompingtantrum\n>p2 switch 4\n>p1 switch 2\n>p2 move earthquake\n>p1 move glare\n>p2 move scald\n>p1 move glare\n>p2 move earthquake\n>p1 switch 6\n>p1 move moonblast\n>p2 switch 3\n>p2 switch 2\n>p1 switch 5\n>p2 move stoneedge\n>p1 move encore\n>p2 switch 4\n>p1 move psychicnoise\n>p2 move saltcure\n>p1 move knockoff\n>p2 move protect\n>p1 move encore\n>p2 switch 4\n>p1 move psychicnoise\n>p2 move heavyslam\n>p1 move encore\n>p2 move heavyslam\n>p1 switch 2\n>p1 move stompingtantrum\n>p2 switch 3\n>p1 switch 5\n>p2 move earthquake\n>p1 move moonblast\n>p2 switch 3\n>p1 move moonblast\n>p2 move heavyslam\n>p1 switch 4\n>p1 move extremespeed terastallize\n>p2 move bodypress\n>p2 switch 4\n>p1 switch 5\n>p2 move recover\n>p1 move stompingtantrum\n>p2 switch 3\n>p1 move sludgebomb\n>p2 move dracometeor\n>p1 move sludgebomb\n>p2 move dracometeor\n>p2 switch 6\n>p1 switch 3\n>p2 move psychicnoise\n>p1 move trickroom\n>p2 move scald\n>p1 move highhorsepower\n>p2 move psychicnoise\n>p1 move highhorsepower\n>p2 move scald\n>p1 move highhorsepower\n>p2 move slackoff\n>p1 move highhorsepower\n>p2 move scald\n>p1 switch 5\n>p1 move extremespeed\n>p2 move slackoff\n>p1 move extremespeed\n>p2 move psychicnoise\n>p1 move extremespeed\n>p2 switch 3\n>p1 switch 3\n>p2 move saltcure\n>p1 move spore\n>p2 move protect\n>p1 move spore\n>p2 move saltcure\n>p1 move gigadrain\n>p2 move protect\n>p1 move gigadrain\n>p2 move bodypress\n>p1 move gigadrain\n>p2 switch 3\n>p1 move gigadrain\n>p2 move psychicnoise\n>p1 switch 3\n>p1 move stoneedge\n>p2 move slackoff\n>p2 switch 3\n>p1 move stoneedge\n>p2 move protect\n>p1 move stoneedge\n>p2 move bodypress", "uploadtime": 1781413264, "views": 4, "formatid": "gen9randombattle", "rating": 1562, "private": 0, "password": null}