{"id": "gen9randombattle-2631809357", "format": "[Gen 9] Random Battle", "players": ["Bigolron", "benpie"], "log": "|j|\u2606Bigolron\n|j|\u2606benpie\n|t:|1781442828\n|gametype|singles\n|player|p1|Bigolron|102|1908\n|player|p2|benpie|red|1932\n|gen|9\n|tier|[Gen 9] Random Battle\n|rated|\n|rule|Species Clause: Limit one of each Pok\u00e9mon\n|rule|HP Percentage Mod: HP is shown in percentages\n|rule|Sleep Clause Mod: Limit one foe put to sleep\n|rule|Illusion Level Mod: Illusion disguises the Pok\u00e9mon's true level\n|\n|t:|1781442828\n|teamsize|p1|6\n|teamsize|p2|6\n|start\n|switch|p1a: Incineroar|Incineroar, L82, M|290/290\n|switch|p2a: Giratina|Giratina-Origin, L72|335/335\n|-ability|p1a: Incineroar|Intimidate|boost\n|-unboost|p2a: Giratina|atk|1\n|turn|1\n|\n|t:|1781442853\n|switch|p2a: Dachsbun|Dachsbun, L92, M|254/254\n|move|p1a: Incineroar|Knock Off|p2a: Dachsbun\n|-resisted|p2a: Dachsbun\n|-damage|p2a: Dachsbun|216/254\n|-enditem|p2a: Dachsbun|Leftovers|[from] move: Knock Off|[of] p1a: Incineroar\n|\n|upkeep\n|turn|2\n|inactive|Battle timer is ON: inactive players will automatically lose when time's up. (requested by benpie)\n|\n|t:|1781442869\n|move|p2a: Dachsbun|Yawn|p1a: Incineroar\n|-start|p1a: Incineroar|move: Yawn|[of] p2a: Dachsbun\n|move|p1a: Incineroar|U-turn|p2a: Dachsbun\n|-resisted|p2a: Dachsbun\n|-damage|p2a: Dachsbun|196/254\n|\n|t:|1781442874\n|switch|p1a: Iron Treads|Iron Treads, L77|265/265|[from] U-turn\n|\n|upkeep\n|turn|3\n|\n|t:|1781442884\n|move|p2a: Dachsbun|Wish|p2a: Dachsbun\n|move|p1a: Iron Treads|Stealth Rock|p2a: Dachsbun\n|-sidestart|p2: benpie|move: Stealth Rock\n|\n|upkeep\n|turn|4\n|\n|t:|1781442896\n|switch|p2a: Sandaconda|Sandaconda, L84, M|258/258\n|-damage|p2a: Sandaconda|242/258|[from] Stealth Rock\n|move|p1a: Iron Treads|Iron Head|p2a: Sandaconda\n|-damage|p2a: Sandaconda|185/258\n|\n|-heal|p2a: Sandaconda|258/258|[from] move: Wish|[wisher] Dachsbun\n|upkeep\n|turn|5\n|\n|t:|1781442909\n|-end|p1a: Iron Treads|Quark Drive|[silent]\n|switch|p1a: Incineroar|Incineroar, L82, M|290/290\n|-ability|p1a: Incineroar|Intimidate|boost\n|-unboost|p2a: Sandaconda|atk|1\n|move|p2a: Sandaconda|Stealth Rock|p1a: Incineroar\n|-sidestart|p1: Bigolron|move: Stealth Rock\n|\n|upkeep\n|turn|6\n|\n|t:|1781442916\n|move|p2a: Sandaconda|Glare|p1a: Incineroar\n|-status|p1a: Incineroar|par\n|move|p1a: Incineroar|Overheat|p2a: Sandaconda\n|-damage|p2a: Sandaconda|132/258\n|-unboost|p1a: Incineroar|spa|2\n|\n|-heal|p2a: Sandaconda|148/258|[from] item: Leftovers\n|upkeep\n|turn|7\n|\n|t:|1781442932\n|move|p2a: Sandaconda|Earthquake|p1a: Incineroar\n|-supereffective|p1a: Incineroar\n|-damage|p1a: Incineroar|134/290 par\n|move|p1a: Incineroar|U-turn|p2a: Sandaconda\n|-damage|p2a: Sandaconda|110/258\n|\n|t:|1781442934\n|switch|p1a: Flamigo|Flamigo, L82, M|269/269|[from] U-turn\n|-damage|p1a: Flamigo|236/269|[from] Stealth Rock\n|\n|-heal|p2a: Sandaconda|126/258|[from] item: Leftovers\n|upkeep\n|turn|8\n|\n|t:|1781442961\n|move|p1a: Flamigo|Brave Bird|p2a: Sandaconda\n|-damage|p2a: Sandaconda|26/258\n|-damage|p1a: Flamigo|203/269|[from] Recoil\n|move|p2a: Sandaconda|Glare|p1a: Flamigo\n|-status|p1a: Flamigo|par\n|\n|-heal|p2a: Sandaconda|42/258|[from] item: Leftovers\n|upkeep\n|turn|9\n|inactive|benpie has 120 seconds left.\n|\n|t:|1781442999\n|move|p2a: Sandaconda|Stone Edge|p1a: Flamigo|[miss]\n|-miss|p2a: Sandaconda|p1a: Flamigo\n|cant|p1a: Flamigo|par\n|\n|-heal|p2a: Sandaconda|58/258|[from] item: Leftovers\n|upkeep\n|turn|10\n|\n|t:|1781443002\n|move|p2a: Sandaconda|Stone Edge|p1a: Flamigo\n|-damage|p1a: Flamigo|141/269 par\n|cant|p1a: Flamigo|par\n|\n|-heal|p2a: Sandaconda|74/258|[from] item: Leftovers\n|upkeep\n|turn|11\n|\n|t:|1781443006\n|move|p2a: Sandaconda|Stone Edge|p1a: Flamigo\n|-damage|p1a: Flamigo|77/269 par\n|cant|p1a: Flamigo|par\n|\n|-heal|p2a: Sandaconda|90/258|[from] item: Leftovers\n|upkeep\n|turn|12\n|\n|t:|1781443011\n|move|p2a: Sandaconda|Stone Edge|p1a: Flamigo\n|-damage|p1a: Flamigo|15/269 par\n|move|p1a: Flamigo|Brave Bird|p2a: Sandaconda\n|-damage|p2a: Sandaconda|0 fnt\n|faint|p2a: Sandaconda\n|-damage|p1a: Flamigo|0 fnt|[from] Recoil\n|faint|p1a: Flamigo\n|\n|upkeep\n|c|\u2606Bigolron|Awful game\n|c|\u2606benpie|sorry\n|\n|t:|1781443028\n|switch|p1a: Iron Treads|Iron Treads, L77|265/265\n|switch|p2a: Excadrill|Excadrill, L79, M|303/303\n|-damage|p1a: Iron Treads|257/265|[from] Stealth Rock\n|-damage|p2a: Excadrill|294/303|[from] Stealth Rock\n|-ability|p2a: Excadrill|Mold Breaker\n|turn|13\n|\n|t:|1781443037\n|move|p1a: Iron Treads|Earthquake|p2a: Excadrill\n|-supereffective|p2a: Excadrill\n|-damage|p2a: Excadrill|34/303\n|move|p2a: Excadrill|Earthquake|p1a: Iron Treads\n|-supereffective|p1a: Iron Treads\n|-damage|p1a: Iron Treads|39/265\n|\n|-heal|p1a: Iron Treads|55/265|[from] item: Leftovers\n|upkeep\n|turn|14\n|\n|t:|1781443055\n|move|p1a: Iron Treads|Rapid Spin|p2a: Excadrill\n|-resisted|p2a: Excadrill\n|-damage|p2a: Excadrill|11/303\n|-boost|p1a: Iron Treads|spe|1\n|-sideend|p1: Bigolron|Stealth Rock|[from] move: Rapid Spin|[of] p1a: Iron Treads\n|move|p2a: Excadrill|Rapid Spin|p1a: Iron Treads\n|-resisted|p1a: Iron Treads\n|-damage|p1a: Iron Treads|36/265\n|-boost|p2a: Excadrill|spe|1\n|-sideend|p2: benpie|Stealth Rock|[from] move: Rapid Spin|[of] p2a: Excadrill\n|\n|-heal|p1a: Iron Treads|52/265|[from] item: Leftovers\n|upkeep\n|turn|15\n|\n|t:|1781443064\n|move|p1a: Iron Treads|Iron Head|p2a: Excadrill\n|-resisted|p2a: Excadrill\n|-damage|p2a: Excadrill|0 fnt\n|faint|p2a: Excadrill\n|\n|-heal|p1a: Iron Treads|68/265|[from] item: Leftovers\n|upkeep\n|inactive|benpie has 120 seconds left.\n|\n|t:|1781443087\n|switch|p2a: Basculegion|Basculegion-F, L83, F|335/335\n|turn|16\n|inactive|benpie has 120 seconds left.\n|\n|t:|1781443093\n|move|p1a: Iron Treads|Stealth Rock|p2a: Basculegion\n|-sidestart|p2: benpie|move: Stealth Rock\n|move|p2a: Basculegion|Flip Turn|p1a: Iron Treads\n|-supereffective|p1a: Iron Treads\n|-damage|p1a: Iron Treads|0 fnt\n|faint|p1a: Iron Treads\n|-end|p1a: Iron Treads|Quark Drive|[silent]\n|inactive|benpie has 120 seconds left.\n|\n|t:|1781443109\n|switch|p2a: Dachsbun|Dachsbun, L92, M|196/254|[from] Flip Turn\n|-damage|p2a: Dachsbun|165/254|[from] Stealth Rock\n|\n|upkeep\n|\n|t:|1781443114\n|switch|p1a: Hippowdon|Hippowdon, L82, M|311/311\n|-weather|Sandstorm|[from] ability: Sand Stream|[of] p1a: Hippowdon\n|turn|17\n|inactive|benpie has 120 seconds left.\n|\n|t:|1781443129\n|move|p2a: Dachsbun|Wish|p2a: Dachsbun\n|move|p1a: Hippowdon|Earthquake|p2a: Dachsbun\n|-damage|p2a: Dachsbun|80/254\n|\n|-weather|Sandstorm|[upkeep]\n|-damage|p2a: Dachsbun|65/254|[from] Sandstorm\n|upkeep\n|turn|18\n|\n|t:|1781443135\n|move|p2a: Dachsbun|Protect|p2a: Dachsbun\n|-singleturn|p2a: Dachsbun|Protect\n|move|p1a: Hippowdon|Curse|p1a: Hippowdon\n|-unboost|p1a: Hippowdon|spe|1\n|-boost|p1a: Hippowdon|atk|1\n|-boost|p1a: Hippowdon|def|1\n|\n|-weather|Sandstorm|[upkeep]\n|-damage|p2a: Dachsbun|50/254|[from] Sandstorm\n|-heal|p2a: Dachsbun|177/254|[from] move: Wish|[wisher] Dachsbun\n|upkeep\n|turn|19\n|\n|t:|1781443138\n|move|p2a: Dachsbun|Yawn|p1a: Hippowdon\n|-start|p1a: Hippowdon|move: Yawn|[of] p2a: Dachsbun\n|move|p1a: Hippowdon|Earthquake|p2a: Dachsbun\n|-damage|p2a: Dachsbun|60/254\n|\n|-weather|Sandstorm|[upkeep]\n|-damage|p2a: Dachsbun|45/254|[from] Sandstorm\n|upkeep\n|turn|20\n|\n|t:|1781443149\n|switch|p2a: Giratina|Giratina-Origin, L72|335/335\n|-damage|p2a: Giratina|294/335|[from] Stealth Rock\n|switch|p1a: Malamar|Malamar, L82, F|275/275\n|\n|-weather|Sandstorm|[upkeep]\n|-damage|p2a: Giratina|274/335|[from] Sandstorm\n|-damage|p1a: Malamar|258/275|[from] Sandstorm\n|-heal|p1a: Malamar|275/275|[from] item: Leftovers\n|upkeep\n|turn|21\n|\n|t:|1781443164\n|switch|p1a: Incineroar|Incineroar, L82, M|134/290 par\n|-ability|p1a: Incineroar|Intimidate|boost\n|-unboost|p2a: Giratina|atk|1\n|move|p2a: Giratina|Defog|p1a: Incineroar\n|-unboost|p1a: Incineroar|evasion|1\n|-sideend|p2: benpie|Stealth Rock|[from] move: Defog|[of] p2a: Giratina\n|\n|-weather|none\n|upkeep\n|turn|22\n|\n|t:|1781443184\n|move|p2a: Giratina|Draco Meteor|p1a: Incineroar\n|-damage|p1a: Incineroar|32/290 par\n|-unboost|p2a: Giratina|spa|2\n|cant|p1a: Incineroar|par\n|\n|upkeep\n|turn|23\n|-message|Bigolron forfeited.\n|\n|win|benpie\n", "uploadtime": 1781442830, "views": 3, "formatid": "gen9randombattle", "rating": null, "private": 0, "password": null}