{"id": "gen9randombattle-2631510314", "format": "[Gen 9] Random Battle", "players": ["renz3554", "memebraker"], "log": "|j|\u2606renz3554\n|j|\u2606memebraker\n|t:|1781394390\n|gametype|singles\n|player|p1|renz3554|169|2104\n|player|p2|memebraker|bugcatcher-gen4dp|2182\n|gen|9\n|tier|[Gen 9] Random Battle\n|rated|\n|rule|Species Clause: Limit one of each Pok\u00e9mon\n|rule|HP Percentage Mod: HP is shown in percentages\n|rule|Sleep Clause Mod: Limit one foe put to sleep\n|rule|Illusion Level Mod: Illusion disguises the Pok\u00e9mon's true level\n|\n|t:|1781394390\n|teamsize|p1|6\n|teamsize|p2|6\n|start\n|switch|p1a: Sableye|Sableye, L88, F|231/231\n|switch|p2a: Tinkaton|Tinkaton, L82, F|274/274\n|-ability|p2a: Tinkaton|Mold Breaker\n|turn|1\n|inactive|Battle timer is ON: inactive players will automatically lose when time's up. (requested by renz3554)\n|\n|t:|1781394402\n|switch|p2a: Chi-Yu|Chi-Yu, L77|211/211\n|-ability|p2a: Chi-Yu|Beads of Ruin\n|move|p1a: Sableye|Will-O-Wisp|p2a: Chi-Yu\n|-immune|p2a: Chi-Yu\n|\n|upkeep\n|turn|2\n|inactive|renz3554 has 120 seconds left.\n|\n|t:|1781394442\n|switch|p1a: Glimmora|Glimmora, L75, M|248/248\n|move|p2a: Chi-Yu|Flamethrower|p1a: Glimmora\n|-resisted|p1a: Glimmora\n|-damage|p1a: Glimmora|161/248\n|\n|upkeep\n|turn|3\n|\n|t:|1781394467\n|switch|p2a: Tinkaton|Tinkaton, L82, F|274/274\n|-ability|p2a: Tinkaton|Mold Breaker\n|move|p1a: Glimmora|Power Gem|p2a: Tinkaton\n|-resisted|p2a: Tinkaton\n|-damage|p2a: Tinkaton|238/274\n|\n|-heal|p2a: Tinkaton|255/274|[from] item: Leftovers\n|upkeep\n|turn|4\n|inactive|renz3554 has 120 seconds left.\n|\n|t:|1781394502\n|switch|p1a: Veluza|Veluza, L85, F|292/292\n|move|p2a: Tinkaton|Swords Dance|p2a: Tinkaton\n|-boost|p2a: Tinkaton|atk|2\n|\n|-heal|p2a: Tinkaton|272/274|[from] item: Leftovers\n|upkeep\n|turn|5\n|\n|t:|1781394509\n|move|p2a: Tinkaton|Play Rough|p1a: Veluza|[miss]\n|-miss|p2a: Tinkaton|p1a: Veluza\n|move|p1a: Veluza|Aqua Cutter|p2a: Tinkaton\n|-damage|p2a: Tinkaton|124/274\n|\n|-heal|p2a: Tinkaton|141/274|[from] item: Leftovers\n|upkeep\n|turn|6\n|\n|t:|1781394518\n|move|p2a: Tinkaton|Protect|p2a: Tinkaton\n|-singleturn|p2a: Tinkaton|Protect\n|move|p1a: Veluza|Aqua Cutter|p2a: Tinkaton\n|-activate|p2a: Tinkaton|move: Protect\n|\n|-heal|p2a: Tinkaton|158/274|[from] item: Leftovers\n|upkeep\n|turn|7\n|\n|t:|1781394523\n|move|p2a: Tinkaton|Play Rough|p1a: Veluza\n|-damage|p1a: Veluza|121/292\n|-enditem|p1a: Veluza|Sitrus Berry|[eat]\n|-heal|p1a: Veluza|194/292|[from] item: Sitrus Berry\n|move|p1a: Veluza|Aqua Cutter|p2a: Tinkaton\n|-damage|p2a: Tinkaton|25/274\n|\n|-heal|p2a: Tinkaton|42/274|[from] item: Leftovers\n|upkeep\n|turn|8\n|\n|t:|1781394541\n|move|p2a: Tinkaton|Play Rough|p1a: Veluza\n|-damage|p1a: Veluza|40/292\n|move|p1a: Veluza|Aqua Cutter|p2a: Tinkaton\n|-crit|p2a: Tinkaton\n|-damage|p2a: Tinkaton|0 fnt\n|faint|p2a: Tinkaton\n|\n|upkeep\n|\n|t:|1781394553\n|switch|p2a: Chi-Yu|Chi-Yu, L77|211/211\n|-ability|p2a: Chi-Yu|Beads of Ruin\n|turn|9\n|\n|t:|1781394558\n|move|p2a: Chi-Yu|Dark Pulse|p1a: Veluza\n|-supereffective|p1a: Veluza\n|-damage|p1a: Veluza|0 fnt\n|faint|p1a: Veluza\n|\n|upkeep\n|\n|t:|1781394560\n|switch|p1a: Ariados|Ariados, L95, M|287/287\n|turn|10\n|\n|t:|1781394565\n|move|p2a: Chi-Yu|Dark Pulse|p1a: Ariados\n|-damage|p1a: Ariados|103/287\n|move|p1a: Ariados|Sticky Web|p2a: Chi-Yu\n|-sidestart|p2: memebraker|move: Sticky Web\n|\n|upkeep\n|turn|11\n|\n|t:|1781394570\n|move|p1a: Ariados|Sucker Punch|p2a: Chi-Yu\n|-resisted|p2a: Chi-Yu\n|-damage|p2a: Chi-Yu|175/211\n|move|p2a: Chi-Yu|Dark Pulse|p1a: Ariados\n|-damage|p1a: Ariados|0 fnt\n|faint|p1a: Ariados\n|\n|upkeep\n|\n|t:|1781394573\n|switch|p1a: Glimmora|Glimmora, L75, M|161/248\n|turn|12\n|\n|t:|1781394575\n|move|p2a: Chi-Yu|Dark Pulse|p1a: Glimmora\n|-crit|p1a: Glimmora\n|-damage|p1a: Glimmora|0 fnt\n|faint|p1a: Glimmora\n|\n|upkeep\n|\n|t:|1781394582\n|switch|p1a: Metagross|Metagross, L79|256/256\n|turn|13\n|\n|t:|1781394586\n|move|p1a: Metagross|Earthquake|p2a: Chi-Yu\n|-supereffective|p2a: Chi-Yu\n|-damage|p2a: Chi-Yu|0 fnt\n|faint|p2a: Chi-Yu\n|\n|upkeep\n|\n|t:|1781394595\n|switch|p2a: Serperior|Serperior, L79, F|248/248\n|-activate|p2a: Serperior|move: Sticky Web\n|-boost|p2a: Serperior|spe|1\n|turn|14\n|\n|t:|1781394598\n|switch|p1a: Sableye|Sableye, L88, F|231/231\n|move|p2a: Serperior|Leaf Storm|p1a: Sableye\n|-damage|p1a: Sableye|63/231\n|-boost|p2a: Serperior|spa|2\n|-damage|p2a: Serperior|224/248|[from] item: Life Orb\n|\n|-heal|p1a: Sableye|77/231|[from] item: Leftovers\n|upkeep\n|turn|15\n|\n|t:|1781394603\n|move|p1a: Sableye|Encore|p2a: Serperior\n|-start|p2a: Serperior|Encore\n|move|p2a: Serperior|Leaf Storm|p1a: Sableye\n|-damage|p1a: Sableye|0 fnt\n|-boost|p2a: Serperior|spa|2\n|faint|p1a: Sableye\n|-damage|p2a: Serperior|200/248|[from] item: Life Orb\n|\n|upkeep\n|\n|t:|1781394605\n|switch|p1a: Metagross|Metagross, L79|256/256\n|turn|16\n|\n|t:|1781394609\n|move|p2a: Serperior|Leaf Storm|p1a: Metagross\n|-resisted|p1a: Metagross\n|-damage|p1a: Metagross|43/256\n|-boost|p2a: Serperior|spa|2\n|-damage|p2a: Serperior|176/248|[from] item: Life Orb\n|move|p1a: Metagross|Heavy Slam|p2a: Serperior\n|-damage|p2a: Serperior|40/248\n|\n|upkeep\n|turn|17\n|\n|t:|1781394617\n|move|p2a: Serperior|Leaf Storm|p1a: Metagross\n|-resisted|p1a: Metagross\n|-damage|p1a: Metagross|0 fnt\n|faint|p1a: Metagross\n|-damage|p2a: Serperior|16/248|[from] item: Life Orb\n|\n|-end|p2a: Serperior|Encore\n|upkeep\n|-message|renz3554 forfeited.\n|\n|win|memebraker\n", "uploadtime": 1781394392, "views": 5, "formatid": "gen9randombattle", "rating": null, "private": 0, "password": null}