{"id": "gen9randombattle-2631904857", "format": "[Gen 9] Random Battle", "players": ["haibaraa", "actuary97"], "log": "|j|\u2606haibaraa\n|j|\u2606actuary97\n|t:|1781454075\n|gametype|singles\n|player|p1|haibaraa|unknownf|2020\n|player|p2|actuary97|sabrina-frlg|1981\n|gen|9\n|tier|[Gen 9] Random Battle\n|rated|\n|rule|Species Clause: Limit one of each Pok\u00e9mon\n|rule|HP Percentage Mod: HP is shown in percentages\n|rule|Sleep Clause Mod: Limit one foe put to sleep\n|rule|Illusion Level Mod: Illusion disguises the Pok\u00e9mon's true level\n|\n|t:|1781454075\n|teamsize|p1|6\n|teamsize|p2|6\n|start\n|switch|p1a: Conkeldurr|Conkeldurr, L80, M|299/299\n|switch|p2a: Hariyama|Hariyama, L87, M|392/392\n|turn|1\n|\n|t:|1781454083\n|move|p2a: Hariyama|Knock Off|p1a: Conkeldurr\n|-resisted|p1a: Conkeldurr\n|-damage|p1a: Conkeldurr|259/299\n|-enditem|p1a: Conkeldurr|Flame Orb|[from] move: Knock Off|[of] p2a: Hariyama\n|move|p1a: Conkeldurr|Knock Off|p2a: Hariyama\n|-resisted|p2a: Hariyama\n|-damage|p2a: Hariyama|343/392\n|-enditem|p2a: Hariyama|Flame Orb|[from] move: Knock Off|[of] p1a: Conkeldurr\n|\n|upkeep\n|turn|2\n|c|\u2606actuary97|lol\n|\n|t:|1781454105\n|switch|p2a: Dragapult|Dragapult, L77, M|262/262\n|switch|p1a: Vespiquen|Vespiquen, L99, F|299/299\n|-ability|p1a: Vespiquen|Pressure\n|\n|upkeep\n|turn|3\n|\n|t:|1781454120\n|move|p2a: Dragapult|U-turn|p1a: Vespiquen\n|-resisted|p1a: Vespiquen\n|-damage|p1a: Vespiquen|282/299\n|\n|t:|1781454124\n|switch|p2a: Squawkabilly|Squawkabilly-Blue, L85, M|278/278|[from] U-turn\n|move|p1a: Vespiquen|Toxic|p2a: Squawkabilly\n|-status|p2a: Squawkabilly|tox\n|\n|-damage|p2a: Squawkabilly|261/278 tox|[from] psn\n|upkeep\n|turn|4\n|\n|t:|1781454134\n|switch|p1a: Jolteon|Jolteon, L84, F|246/246\n|move|p2a: Squawkabilly|Brave Bird|p1a: Jolteon\n|-resisted|p1a: Jolteon\n|-damage|p1a: Jolteon|123/246\n|-damage|p2a: Squawkabilly|220/278 tox|[from] Recoil\n|\n|-damage|p2a: Squawkabilly|186/278 tox|[from] psn\n|upkeep\n|turn|5\n|\n|t:|1781454150\n|switch|p2a: Okidogi|Okidogi, L77, M|262/262\n|move|p1a: Jolteon|Volt Switch|p2a: Okidogi\n|-damage|p2a: Okidogi|177/262\n|\n|t:|1781454169\n|switch|p1a: Palkia|Palkia, L75|259/259|[from] Volt Switch\n|-ability|p1a: Palkia|Pressure\n|\n|upkeep\n|turn|6\n|\n|t:|1781454178\n|move|p1a: Palkia|Spacial Rend|p2a: Okidogi\n|-damage|p2a: Okidogi|50/262\n|move|p2a: Okidogi|Gunk Shot|p1a: Palkia|[miss]\n|-miss|p2a: Okidogi|p1a: Palkia\n|\n|upkeep\n|turn|7\n|\n|t:|1781454190\n|move|p1a: Palkia|Spacial Rend|p2a: Okidogi\n|-damage|p2a: Okidogi|0 fnt\n|faint|p2a: Okidogi\n|\n|upkeep\n|\n|t:|1781454192\n|switch|p2a: Dragapult|Dragapult, L77, M|262/262\n|turn|8\n|\n|t:|1781454216\n|switch|p1a: Magearna|Magearna, L77|250/250\n|move|p2a: Dragapult|U-turn|p1a: Magearna\n|-resisted|p1a: Magearna\n|-damage|p1a: Magearna|240/250\n|\n|t:|1781454231\n|switch|p2a: Oricorio|Oricorio-Sensu, L85, M|266/266|[from] U-turn\n|\n|-heal|p1a: Magearna|250/250|[from] item: Leftovers\n|upkeep\n|turn|9\n|\n|t:|1781454235\n|move|p2a: Oricorio|Quiver Dance|p2a: Oricorio\n|-boost|p2a: Oricorio|spa|1\n|-boost|p2a: Oricorio|spd|1\n|-boost|p2a: Oricorio|spe|1\n|move|p1a: Magearna|Thunder Wave|p2a: Oricorio\n|-status|p2a: Oricorio|par\n|\n|upkeep\n|turn|10\n|\n|t:|1781454239\n|switch|p1a: Conkeldurr|Conkeldurr, L80, M|259/299\n|move|p2a: Oricorio|Quiver Dance|p2a: Oricorio\n|-boost|p2a: Oricorio|spa|1\n|-boost|p2a: Oricorio|spd|1\n|-boost|p2a: Oricorio|spe|1\n|\n|upkeep\n|turn|11\n|\n|t:|1781454243\n|move|p2a: Oricorio|Hurricane|p1a: Conkeldurr\n|-supereffective|p1a: Conkeldurr\n|-damage|p1a: Conkeldurr|0 fnt\n|faint|p1a: Conkeldurr\n|\n|upkeep\n|\n|t:|1781454248\n|switch|p1a: Jolteon|Jolteon, L84, F|123/246\n|turn|12\n|\n|t:|1781454255\n|move|p1a: Jolteon|Thunderbolt|p2a: Oricorio\n|-supereffective|p2a: Oricorio\n|-damage|p2a: Oricorio|74/266 par\n|move|p2a: Oricorio|Revelation Dance|p1a: Jolteon\n|-damage|p1a: Jolteon|0 fnt\n|faint|p1a: Jolteon\n|\n|upkeep\n|\n|t:|1781454258\n|switch|p1a: Palkia|Palkia, L75|259/259\n|-ability|p1a: Palkia|Pressure\n|turn|13\n|\n|t:|1781454262\n|move|p2a: Oricorio|Revelation Dance|p1a: Palkia\n|-damage|p1a: Palkia|90/259\n|move|p1a: Palkia|Spacial Rend|p2a: Oricorio\n|-damage|p2a: Oricorio|0 fnt\n|faint|p2a: Oricorio\n|\n|upkeep\n|\n|t:|1781454268\n|switch|p2a: Dragapult|Dragapult, L77, M|262/262\n|turn|14\n|\n|t:|1781454271\n|move|p2a: Dragapult|Shadow Ball|p1a: Palkia\n|-damage|p1a: Palkia|0 fnt\n|faint|p1a: Palkia\n|\n|upkeep\n|\n|t:|1781454278\n|switch|p1a: Magearna|Magearna, L77|250/250\n|turn|15\n|\n|t:|1781454284\n|-terastallize|p2a: Dragapult|Ghost\n|move|p2a: Dragapult|Shadow Ball|p1a: Magearna\n|-damage|p1a: Magearna|128/250\n|move|p1a: Magearna|Flash Cannon|p2a: Dragapult\n|-damage|p2a: Dragapult|147/262\n|\n|-heal|p1a: Magearna|143/250|[from] item: Leftovers\n|upkeep\n|turn|16\n|\n|t:|1781454290\n|move|p2a: Dragapult|Shadow Ball|p1a: Magearna\n|-damage|p1a: Magearna|25/250\n|move|p1a: Magearna|Thunder Wave|p2a: Dragapult\n|-status|p2a: Dragapult|par\n|\n|-heal|p1a: Magearna|40/250|[from] item: Leftovers\n|upkeep\n|turn|17\n|\n|t:|1781454295\n|move|p1a: Magearna|Fleur Cannon|p2a: Dragapult\n|-damage|p2a: Dragapult|0 fnt\n|-unboost|p1a: Magearna|spa|2\n|faint|p2a: Dragapult\n|-ability|p1a: Magearna|Soul-Heart|boost\n|-boost|p1a: Magearna|spa|1\n|\n|-heal|p1a: Magearna|55/250|[from] item: Leftovers\n|upkeep\n|\n|t:|1781454303\n|switch|p2a: Espathra|Espathra, L80, F|283/283\n|turn|18\n|\n|t:|1781454306\n|move|p2a: Espathra|Substitute|p2a: Espathra\n|-start|p2a: Espathra|Substitute\n|-damage|p2a: Espathra|213/283\n|move|p1a: Magearna|Thunder Wave||[still]\n|-fail|p1a: Magearna\n|\n|-heal|p2a: Espathra|230/283|[from] item: Leftovers\n|-heal|p1a: Magearna|70/250|[from] item: Leftovers\n|-ability|p2a: Espathra|Speed Boost|boost\n|-boost|p2a: Espathra|spe|1\n|upkeep\n|turn|19\n|-message|haibaraa forfeited.\n|\n|win|actuary97\n", "inputlog": ">version a8376a258c1d4662feba110a92103f3664a72141\n>start {\"formatid\":\"gen9randombattle\",\"seed\":\"sodium,5113af0917ab5209d3b2d3193050263b\",\"rated\":\"Rated battle\"}\n>player p1 {\"name\":\"haibaraa\",\"avatar\":\"unknownf\",\"rating\":2020,\"seed\":\"sodium,48b88996ae6e5396b197e5a46f4062d1\"}\n>player p2 {\"name\":\"actuary97\",\"avatar\":\"sabrina-frlg\",\"rating\":1981,\"seed\":\"sodium,e5e6ed4837e5ef0c07b72e480d718030\"}\n>p1 move knockoff\n>p2 move knockoff\n>chat \u2606actuary97|lol\n>p1 switch 3\n>p2 switch 4\n>p1 move toxic\n>p2 move uturn\n>p2 switch 2\n>p1 switch 4\n>p2 move bravebird\n>p1 move voltswitch\n>p2 switch 5\n>p1 switch 5\n>p1 move spacialrend\n>p2 move gunkshot\n>p1 move spacialrend\n>p2 move gunkshot\n>p2 switch 2\n>p1 switch 2\n>p2 move uturn\n>p2 switch 3\n>p1 move thunderwave\n>p2 move quiverdance\n>p1 switch 3\n>p2 move quiverdance\n>p1 move knockoff\n>p2 move hurricane\n>p1 switch 5\n>p1 move thunderbolt\n>p2 move revelationdance\n>p1 switch 2\n>p1 move spacialrend\n>p2 move revelationdance\n>p2 switch 3\n>p1 move spacialrend\n>p2 move shadowball\n>p1 switch 3\n>p1 move flashcannon\n>p2 move shadowball terastallize\n>p1 move thunderwave\n>p2 move shadowball\n>p1 move fleurcannon\n>p2 move shadowball\n>p2 switch 6\n>p1 move thunderwave\n>p2 move substitute\n>forcelose p1", "uploadtime": 1781454078, "views": 5, "formatid": "gen9randombattle", "rating": null, "private": 0, "password": null}