{"id": "gen9randombattle-2631589940", "format": "[Gen 9] Random Battle", "players": ["FatassThWinFairy69", "kaushik6767"], "log": "|j|\u203dFatassThWinFairy69\n|j|\u2606kaushik6767\n|t:|1781405446\n|gametype|singles\n|player|p1|FatassThWinFairy69|hiker-gen4|1045\n|player|p2|kaushik6767|steven|1000\n|gen|9\n|tier|[Gen 9] Random Battle\n|rated|\n|rule|Species Clause: Limit one of each Pok\u00e9mon\n|rule|HP Percentage Mod: HP is shown in percentages\n|rule|Sleep Clause Mod: Limit one foe put to sleep\n|rule|Illusion Level Mod: Illusion disguises the Pok\u00e9mon's true level\n|\n|t:|1781405446\n|teamsize|p1|6\n|teamsize|p2|6\n|start\n|switch|p1a: Shiftry|Shiftry, L89, M|305/305\n|switch|p2a: Oricorio|Oricorio-Pa'u, L87, F|272/272\n|turn|1\n|\n|t:|1781405465\n|move|p1a: Shiftry|Sucker Punch||[still]\n|-fail|p1a: Shiftry\n|move|p2a: Oricorio|Quiver Dance|p2a: Oricorio\n|-boost|p2a: Oricorio|spa|1\n|-boost|p2a: Oricorio|spd|1\n|-boost|p2a: Oricorio|spe|1\n|\n|upkeep\n|turn|2\n|\n|t:|1781405476\n|move|p1a: Shiftry|Sucker Punch|p2a: Oricorio\n|-supereffective|p2a: Oricorio\n|-damage|p2a: Oricorio|0 fnt\n|faint|p2a: Oricorio\n|-damage|p1a: Shiftry|275/305|[from] item: Life Orb\n|\n|upkeep\n|\n|t:|1781405484\n|switch|p2a: Baxcalibur|Baxcalibur, L75, F|296/296\n|turn|3\n|inactive|Battle timer is ON: inactive players will automatically lose when time's up. (requested by FatassThWinFairy69)\n|\n|t:|1781405495\n|move|p1a: Shiftry|Knock Off|p2a: Baxcalibur\n|-damage|p2a: Baxcalibur|124/296\n|-enditem|p2a: Baxcalibur|Heavy-Duty Boots|[from] move: Knock Off|[of] p1a: Shiftry\n|-damage|p1a: Shiftry|245/305|[from] item: Life Orb\n|move|p2a: Baxcalibur|Glaive Rush|p1a: Shiftry\n|-damage|p1a: Shiftry|56/305\n|-singlemove|p2a: Baxcalibur|Glaive Rush|[silent]\n|\n|upkeep\n|turn|4\n|\n|t:|1781405512\n|-terastallize|p2a: Baxcalibur|Ground\n|move|p1a: Shiftry|Sucker Punch|p2a: Baxcalibur\n|-damage|p2a: Baxcalibur|0 fnt\n|faint|p2a: Baxcalibur\n|-damage|p1a: Shiftry|26/305|[from] item: Life Orb\n|\n|upkeep\n|\n|t:|1781405520\n|switch|p2a: Hoopa|Hoopa, L85|275/275\n|turn|5\n|\n|t:|1781405531\n|move|p2a: Hoopa|Shadow Ball|p1a: Shiftry\n|-resisted|p1a: Shiftry\n|-damage|p1a: Shiftry|0 fnt\n|faint|p1a: Shiftry\n|\n|upkeep\n|\n|t:|1781405539\n|switch|p1a: Kingambit|Kingambit, L74, M|270/270\n|-activate|p1a: Kingambit|ability: Supreme Overlord\n|-start|p1a: Kingambit|fallen1|[silent]\n|turn|6\n|\n|t:|1781405547\n|switch|p2a: Inteleon|Inteleon, L81, M|246/246\n|move|p1a: Kingambit|Kowtow Cleave|p2a: Inteleon\n|-damage|p2a: Inteleon|105/246\n|\n|upkeep\n|turn|7\n|\n|t:|1781405561\n|move|p1a: Kingambit|Sucker Punch|p2a: Inteleon\n|-damage|p2a: Inteleon|2/246\n|move|p2a: Inteleon|Hydro Pump|p1a: Kingambit\n|-damage|p1a: Kingambit|0 fnt\n|faint|p1a: Kingambit\n|-end|p1a: Kingambit|fallen1|[silent]\n|\n|upkeep\n|\n|t:|1781405579\n|switch|p1a: Dodrio|Dodrio, L85, F|241/241\n|turn|8\n|\n|t:|1781405588\n|switch|p2a: Galvantula|Galvantula, L82, M|249/249\n|move|p1a: Dodrio|Quick Attack|p2a: Galvantula\n|-damage|p2a: Galvantula|155/249\n|\n|upkeep\n|turn|9\n|\n|t:|1781405608\n|switch|p1a: Ninetales|Ninetales, L85, M|263/263\n|-weather|SunnyDay|[from] ability: Drought|[of] p1a: Ninetales\n|move|p2a: Galvantula|Thunder|p1a: Ninetales\n|-damage|p1a: Ninetales|160/263\n|\n|-weather|SunnyDay|[upkeep]\n|upkeep\n|turn|10\n|\n|t:|1781405624\n|move|p2a: Galvantula|Volt Switch|p1a: Ninetales\n|-damage|p1a: Ninetales|100/263\n|\n|t:|1781405630\n|switch|p2a: Sableye|Sableye, L88, F|231/231|[from] Volt Switch\n|move|p1a: Ninetales|Fire Blast|p2a: Sableye|[miss]\n|-miss|p1a: Ninetales|p2a: Sableye\n|\n|-weather|SunnyDay|[upkeep]\n|upkeep\n|turn|11\n|\n|t:|1781405645\n|move|p1a: Ninetales|Fire Blast|p2a: Sableye|[miss]\n|-miss|p1a: Ninetales|p2a: Sableye\n|move|p2a: Sableye|Knock Off|p1a: Ninetales\n|-damage|p1a: Ninetales|0 fnt\n|-enditem|p1a: Ninetales|Heavy-Duty Boots|[from] move: Knock Off|[of] p2a: Sableye\n|faint|p1a: Ninetales\n|\n|-weather|SunnyDay|[upkeep]\n|upkeep\n|inactive|FatassThWinFairy69 has 120 seconds left.\n|\n|t:|1781405684\n|switch|p1a: Dodrio|Dodrio, L85, F|241/241\n|turn|12\n|\n|t:|1781405697\n|-terastallize|p1a: Dodrio|Flying\n|move|p2a: Sableye|Will-O-Wisp|p1a: Dodrio\n|-status|p1a: Dodrio|brn\n|move|p1a: Dodrio|Brave Bird|p2a: Sableye\n|-damage|p2a: Sableye|87/231\n|-damage|p1a: Dodrio|193/241 brn|[from] Recoil\n|\n|-weather|SunnyDay|[upkeep]\n|-heal|p2a: Sableye|101/231|[from] item: Leftovers\n|-damage|p1a: Dodrio|178/241 brn|[from] brn\n|upkeep\n|turn|13\n|\n|t:|1781405712\n|move|p1a: Dodrio|Brave Bird|p2a: Sableye\n|-damage|p2a: Sableye|0 fnt\n|faint|p2a: Sableye\n|-damage|p1a: Dodrio|145/241 brn|[from] Recoil\n|\n|-weather|none\n|-damage|p1a: Dodrio|130/241 brn|[from] brn\n|upkeep\n|\n|t:|1781405721\n|switch|p2a: Galvantula|Galvantula, L82, M|155/249\n|turn|14\n|\n|t:|1781405731\n|move|p1a: Dodrio|Brave Bird|p2a: Galvantula\n|-damage|p2a: Galvantula|0 fnt\n|faint|p2a: Galvantula\n|-damage|p1a: Dodrio|79/241 brn|[from] Recoil\n|\n|-damage|p1a: Dodrio|64/241 brn|[from] brn\n|upkeep\n|\n|t:|1781405744\n|switch|p2a: Hoopa|Hoopa, L85|275/275\n|turn|15\n|\n|t:|1781405753\n|switch|p1a: Rabsca|Rabsca, L91, F|284/284\n|move|p2a: Hoopa|Shadow Ball|p1a: Rabsca\n|-supereffective|p1a: Rabsca\n|-damage|p1a: Rabsca|68/284\n|\n|upkeep\n|turn|16\n|\n|t:|1781405763\n|move|p2a: Hoopa|Shadow Ball|p1a: Rabsca\n|-supereffective|p1a: Rabsca\n|-damage|p1a: Rabsca|0 fnt\n|faint|p1a: Rabsca\n|\n|upkeep\n|\n|t:|1781405766\n|switch|p1a: Flamigo|Flamigo, L82, F|269/269\n|turn|17\n|\n|t:|1781405772\n|move|p2a: Hoopa|Shadow Ball|p1a: Flamigo\n|-damage|p1a: Flamigo|106/269\n|-unboost|p1a: Flamigo|spd|1\n|move|p1a: Flamigo|Throat Chop|p2a: Hoopa\n|-supereffective|p2a: Hoopa\n|-damage|p2a: Hoopa|0 fnt\n|faint|p2a: Hoopa\n|\n|upkeep\n|\n|t:|1781405781\n|switch|p2a: Inteleon|Inteleon, L81, M|2/246\n|turn|18\n|\n|t:|1781405789\n|move|p2a: Inteleon|Ice Beam|p1a: Flamigo\n|-supereffective|p1a: Flamigo\n|-damage|p1a: Flamigo|0 fnt\n|faint|p1a: Flamigo\n|\n|upkeep\n|\n|t:|1781405792\n|switch|p1a: Dodrio|Dodrio, L85, F, tera:Flying|64/241 brn\n|turn|19\n|inactive|FatassThWinFairy69 has 120 seconds left.\n|-message|kaushik6767 forfeited.\n|\n|win|FatassThWinFairy69\n|raw|FatassThWinFairy69's rating: 1103 &rarr; <strong>1121</strong><br />(+18 for winning)\n|raw|kaushik6767's rating: 1000 &rarr; <strong>1000</strong><br />(+0 for losing)\n|l|\u2606kaushik6767\n|player|p2|\n", "inputlog": ">version a8376a258c1d4662feba110a92103f3664a72141\n>start {\"formatid\":\"gen9randombattle\",\"seed\":\"sodium,576222d4c4a7ebed205ba884ac5b1ec2\",\"rated\":\"Rated battle\"}\n>player p1 {\"name\":\"FatassThWinFairy69\",\"avatar\":\"hiker-gen4\",\"rating\":1045,\"seed\":\"sodium,b44196ac3b91ed70245440a65aaa3fda\"}\n>player p2 {\"name\":\"kaushik6767\",\"avatar\":\"steven\",\"rating\":1000,\"seed\":\"sodium,e84fee4a02b473f2f473d49619337c14\"}\n>p1 move suckerpunch\n>p2 move quiverdance\n>p1 move suckerpunch\n>p2 move hurricane\n>p2 switch 2\n>p1 move knockoff\n>p2 move glaiverush\n>p1 move suckerpunch\n>p2 move iciclecrash terastallize\n>p2 switch 3\n>p1 move knockoff\n>p2 move shadowball\n>p1 switch 2\n>p1 move kowtowcleave\n>p2 switch 4\n>p1 move suckerpunch\n>p2 move hydropump\n>p1 switch 6\n>p1 move quickattack\n>p2 switch 6\n>p1 switch 5\n>p2 move thunder\n>p1 move fireblast\n>p2 move voltswitch\n>p2 switch 5\n>p1 move fireblast\n>p2 move knockoff\n>p1 switch 5\n>p1 move bravebird terastallize\n>p2 move willowisp\n>p1 move bravebird\n>p2 move knockoff\n>p2 switch 5\n>p1 move bravebird\n>p2 move thunder\n>p2 switch 4\n>p1 switch 3\n>p2 move shadowball\n>p1 move revivalblessing\n>p2 move shadowball\n>p1 switch 4\n>p1 move throatchop\n>p2 move shadowball\n>p2 switch 6\n>p1 move throatchop\n>p2 move icebeam\n>p1 switch 3\n>forcelose p2", "uploadtime": 1781405908, "views": 3, "formatid": "gen9randombattle", "rating": 1000, "private": 0, "password": null}