{"id": "gen9randombattle-2631792794", "format": "[Gen 9] Random Battle", "players": ["Y0R MOM", "ColdWaterSteam"], "log": "|j|\u2606Y0R MOM\n|j|\u2606ColdWaterSteam\n|t:|1781440440\n|gametype|singles\n|player|p1|Y0R MOM|170|1995\n|player|p2|ColdWaterSteam|2|2084\n|gen|9\n|tier|[Gen 9] Random Battle\n|rated|\n|rule|Species Clause: Limit one of each Pok\u00e9mon\n|rule|HP Percentage Mod: HP is shown in percentages\n|rule|Sleep Clause Mod: Limit one foe put to sleep\n|rule|Illusion Level Mod: Illusion disguises the Pok\u00e9mon's true level\n|\n|t:|1781440440\n|teamsize|p1|6\n|teamsize|p2|6\n|start\n|switch|p1a: Scream Tail|Scream Tail, L84|330/330\n|switch|p2a: Masquerain|Masquerain, L87, F|264/264\n|-ability|p2a: Masquerain|Intimidate|boost\n|-unboost|p1a: Scream Tail|atk|1\n|turn|1\n|inactive|Battle timer is ON: inactive players will automatically lose when time's up. (requested by ColdWaterSteam)\n|\n|t:|1781440453\n|move|p1a: Scream Tail|Thunder Wave|p2a: Masquerain\n|-status|p2a: Masquerain|par\n|move|p2a: Masquerain|Sticky Web|p1a: Scream Tail\n|-sidestart|p1: Y0R MOM|move: Sticky Web\n|\n|upkeep\n|turn|2\n|\n|t:|1781440467\n|-end|p1a: Scream Tail|Protosynthesis|[silent]\n|switch|p1a: Ditto|Ditto, L87|225/225\n|-activate|p1a: Ditto|move: Sticky Web\n|-unboost|p1a: Ditto|spe|1\n|-transform|p1a: Ditto|p2a: Masquerain|[from] ability: Imposter\n|-ability|p1a: Ditto|Intimidate|boost\n|-unboost|p2a: Masquerain|atk|1\n|move|p2a: Masquerain|Bug Buzz|p1a: Ditto\n|-resisted|p1a: Ditto\n|-damage|p1a: Ditto|174/225\n|\n|upkeep\n|turn|3\n|\n|t:|1781440487\n|switch|p2a: Blaziken|Blaziken, L76, M|247/247\n|move|p1a: Ditto|Sticky Web|p2a: Blaziken\n|-sidestart|p2: ColdWaterSteam|move: Sticky Web\n|\n|upkeep\n|turn|4\n|\n|t:|1781440505\n|switch|p1a: Donphan|Donphan, L84, F|288/288\n|-activate|p1a: Donphan|move: Sticky Web\n|-unboost|p1a: Donphan|spe|1\n|move|p2a: Blaziken|Swords Dance|p2a: Blaziken\n|-boost|p2a: Blaziken|atk|2\n|\n|-ability|p2a: Blaziken|Speed Boost|boost\n|-boost|p2a: Blaziken|spe|1\n|upkeep\n|turn|5\n|\n|t:|1781440522\n|move|p2a: Blaziken|Close Combat|p1a: Donphan\n|-damage|p1a: Donphan|33/288\n|-unboost|p2a: Blaziken|def|1\n|-unboost|p2a: Blaziken|spd|1\n|-damage|p2a: Blaziken|223/247|[from] item: Life Orb\n|move|p1a: Donphan|Earthquake|p2a: Blaziken\n|-supereffective|p2a: Blaziken\n|-damage|p2a: Blaziken|0 fnt\n|faint|p2a: Blaziken\n|\n|upkeep\n|inactive|ColdWaterSteam has 120 seconds left.\n|inactive|ColdWaterSteam has 90 seconds left.\n|\n|t:|1781440570\n|switch|p2a: Cresselia|Cresselia, L80, F|323/323\n|turn|6\n|inactive|ColdWaterSteam has 90 seconds left.\n|l|\u2606Y0R MOM\n|inactive|Y0R MOM disconnected and has a minute to reconnect!\n|player|p1|\n|j|\u2606Y0R MOM\n|inactive|Y0R MOM reconnected and has 115 seconds left.\n|player|p1|Y0R MOM|170|\n|\n|t:|1781440615\n|move|p2a: Cresselia|Psyshock|p1a: Donphan\n|-damage|p1a: Donphan|0 fnt\n|faint|p1a: Donphan\n|\n|upkeep\n|\n|t:|1781440637\n|switch|p1a: Sudowoodo|Sudowoodo, L94, F|284/284\n|-activate|p1a: Sudowoodo|move: Sticky Web\n|-unboost|p1a: Sudowoodo|spe|1\n|turn|7\n|inactive|ColdWaterSteam has 90 seconds left.\n|\n|t:|1781440652\n|move|p2a: Cresselia|Calm Mind|p2a: Cresselia\n|-boost|p2a: Cresselia|spa|1\n|-boost|p2a: Cresselia|spd|1\n|move|p1a: Sudowoodo|Head Smash|p2a: Cresselia\n|-damage|p2a: Cresselia|146/323\n|\n|-heal|p2a: Cresselia|166/323|[from] item: Leftovers\n|upkeep\n|turn|8\n|\n|t:|1781440662\n|move|p2a: Cresselia|Moonlight|p2a: Cresselia\n|-heal|p2a: Cresselia|323/323\n|move|p1a: Sudowoodo|Head Smash|p2a: Cresselia\n|-damage|p2a: Cresselia|155/323\n|\n|-heal|p2a: Cresselia|175/323|[from] item: Leftovers\n|upkeep\n|turn|9\n|l|\u2606Y0R MOM\n|inactive|Y0R MOM disconnected and has a minute to reconnect!\n|player|p1|\n|inactive|Y0R MOM has 30 seconds to reconnect!\n|inactive|Y0R MOM has 20 seconds to reconnect!\n|inactive|Y0R MOM has 15 seconds to reconnect!\n|inactive|Y0R MOM has 10 seconds to reconnect!\n|inactive|Y0R MOM has 5 seconds to reconnect!\n|-message|Y0R MOM lost due to inactivity.\n|\n|win|ColdWaterSteam\n", "uploadtime": 1781440442, "views": 3, "formatid": "gen9randombattle", "rating": null, "private": 0, "password": null}