{"id": "gen9randombattle-2631827431", "format": "[Gen 9] Random Battle", "players": ["Emkatt", "BlitzBurn1992"], "log": "|badge|p1|bronze|gen9randombattle|100-9\n|uhtml|medal-msg|<div class=\"broadcast-blue\">Curious what those medals under the avatar are? PS now has Ladder Seasons! For more information, check out the <a href=\"https://www.smogon.com/forums/threads/3740067/\">thread on Smogon.</a></div>\n|badge|p2|bronze|gen9randombattle|100-9\n|uhtml|medal-msg|<div class=\"broadcast-blue\">Curious what those medals under the avatar are? PS now has Ladder Seasons! For more information, check out the <a href=\"https://www.smogon.com/forums/threads/3740067/\">thread on Smogon.</a></div>\n|j|\u2606Emkatt\n|j|\u2606BlitzBurn1992\n|t:|1781445213\n|gametype|singles\n|player|p1|Emkatt|acetrainer-gen2|2365\n|player|p2|BlitzBurn1992|266|2300\n|gen|9\n|tier|[Gen 9] Random Battle\n|rated|\n|rule|Species Clause: Limit one of each Pok\u00e9mon\n|rule|HP Percentage Mod: HP is shown in percentages\n|rule|Sleep Clause Mod: Limit one foe put to sleep\n|rule|Illusion Level Mod: Illusion disguises the Pok\u00e9mon's true level\n|\n|t:|1781445213\n|teamsize|p1|6\n|teamsize|p2|6\n|start\n|switch|p1a: Zapdos|Zapdos, L78|268/268\n|switch|p2a: Pawmot|Pawmot, L80, M|243/243\n|turn|1\n|\n|t:|1781445233\n|move|p2a: Pawmot|Ice Punch|p1a: Zapdos\n|-supereffective|p1a: Zapdos\n|-damage|p1a: Zapdos|83/268\n|-damage|p2a: Pawmot|219/243|[from] item: Life Orb\n|move|p1a: Zapdos|Hurricane|p2a: Pawmot\n|-damage|p2a: Pawmot|41/243\n|-start|p2a: Pawmot|confusion\n|\n|upkeep\n|turn|2\n|\n|t:|1781445264\n|switch|p1a: Froslass|Froslass, L87, F|263/263\n|-activate|p2a: Pawmot|confusion\n|move|p2a: Pawmot|Ice Punch|p1a: Froslass\n|-resisted|p1a: Froslass\n|-damage|p1a: Froslass|210/263\n|-start|p2a: Pawmot|Disable|Ice Punch|[from] ability: Cursed Body|[of] p1a: Froslass\n|-damage|p2a: Pawmot|17/243|[from] item: Life Orb\n|\n|upkeep\n|turn|3\n|\n|t:|1781445278\n|switch|p2a: Grimmsnarl|Grimmsnarl, L83, M|293/293\n|move|p1a: Froslass|Triple Axel|p2a: Grimmsnarl\n|-damage|p2a: Grimmsnarl|268/293\n|-damage|p2a: Grimmsnarl|220/293\n|-damage|p2a: Grimmsnarl|147/293\n|-hitcount|p2a: Grimmsnarl|3\n|\n|upkeep\n|turn|4\n|\n|t:|1781445313\n|switch|p1a: Zapdos|Zapdos, L78|83/268\n|move|p2a: Grimmsnarl|Spirit Break|p1a: Zapdos\n|-damage|p1a: Zapdos|0 fnt\n|-status|p2a: Grimmsnarl|par|[from] ability: Static|[of] p1a: Zapdos\n|faint|p1a: Zapdos\n|\n|upkeep\n|\n|t:|1781445335\n|switch|p1a: Abomasnow|Abomasnow, L84, F|287/287\n|-weather|Snowscape|[from] ability: Snow Warning|[of] p1a: Abomasnow\n|turn|5\n|\n|t:|1781445339\n|move|p2a: Grimmsnarl|Thunder Wave|p1a: Abomasnow\n|-status|p1a: Abomasnow|par\n|move|p1a: Abomasnow|Wood Hammer|p2a: Grimmsnarl\n|-damage|p2a: Grimmsnarl|0 fnt\n|faint|p2a: Grimmsnarl\n|-damage|p1a: Abomasnow|238/287 par|[from] Recoil\n|\n|-weather|Snowscape|[upkeep]\n|upkeep\n|\n|t:|1781445345\n|switch|p2a: Charizard|Charizard, L85, F|271/271\n|turn|6\n|\n|t:|1781445353\n|switch|p1a: Umbreon|Umbreon, L84, M|297/297\n|move|p2a: Charizard|Flare Blitz|p1a: Umbreon\n|-damage|p1a: Umbreon|197/297\n|-damage|p2a: Charizard|238/271|[from] Recoil\n|\n|-weather|Snowscape|[upkeep]\n|-heal|p1a: Umbreon|215/297|[from] item: Leftovers\n|upkeep\n|turn|7\n|inactive|Battle timer is ON: inactive players will automatically lose when time's up. (requested by Emkatt)\n|inactive|BlitzBurn1992 has 120 seconds left.\n|\n|t:|1781445401\n|switch|p2a: Pawmot|Pawmot, L80, M|17/243\n|move|p1a: Umbreon|Toxic|p2a: Pawmot\n|-status|p2a: Pawmot|tox\n|\n|-weather|Snowscape|[upkeep]\n|-heal|p1a: Umbreon|233/297|[from] item: Leftovers\n|-damage|p2a: Pawmot|2/243 tox|[from] psn\n|upkeep\n|turn|8\n|\n|t:|1781445416\n|switch|p1a: Abomasnow|Abomasnow, L84, F|238/287 par\n|move|p2a: Pawmot|Revival Blessing|p2a: Pawmot\n|\n|t:|1781445420\n|-heal|p2: Grimmsnarl|146/293|[from] move: Revival Blessing\n|\n|-weather|Snowscape|[upkeep]\n|-damage|p2a: Pawmot|0 fnt|[from] psn\n|faint|p2a: Pawmot\n|upkeep\n|\n|t:|1781445421\n|switch|p2a: Charizard|Charizard, L85, F|238/271\n|turn|9\n|\n|t:|1781445429\n|switch|p1a: Umbreon|Umbreon, L84, M|233/297\n|move|p2a: Charizard|Flare Blitz|p1a: Umbreon\n|-damage|p1a: Umbreon|130/297\n|-damage|p2a: Charizard|204/271|[from] Recoil\n|\n|-weather|none\n|-heal|p1a: Umbreon|148/297|[from] item: Leftovers\n|upkeep\n|turn|10\n|\n|t:|1781445434\n|move|p2a: Charizard|Swords Dance|p2a: Charizard\n|-boost|p2a: Charizard|atk|2\n|move|p1a: Umbreon|Wish|p1a: Umbreon\n|\n|-heal|p1a: Umbreon|166/297|[from] item: Leftovers\n|upkeep\n|turn|11\n|\n|t:|1781445442\n|move|p1a: Umbreon|Protect|p1a: Umbreon\n|-singleturn|p1a: Umbreon|Protect\n|move|p2a: Charizard|Flare Blitz|p1a: Umbreon\n|-activate|p1a: Umbreon|move: Protect\n|\n|-heal|p1a: Umbreon|297/297|[from] move: Wish|[wisher] Umbreon\n|upkeep\n|turn|12\n|\n|t:|1781445446\n|move|p2a: Charizard|Flare Blitz|p1a: Umbreon\n|-damage|p1a: Umbreon|84/297\n|-damage|p2a: Charizard|134/271|[from] Recoil\n|move|p1a: Umbreon|Foul Play|p2a: Charizard\n|-damage|p2a: Charizard|0 fnt\n|faint|p2a: Charizard\n|\n|-heal|p1a: Umbreon|102/297|[from] item: Leftovers\n|upkeep\n|\n|t:|1781445452\n|switch|p2a: Grimmsnarl|Grimmsnarl, L83, M|146/293\n|turn|13\n|\n|t:|1781445458\n|switch|p1a: Abomasnow|Abomasnow, L84, F|238/287 par\n|-weather|Snowscape|[from] ability: Snow Warning|[of] p1a: Abomasnow\n|move|p2a: Grimmsnarl|Spirit Break|p1a: Abomasnow\n|-damage|p1a: Abomasnow|166/287 par\n|-unboost|p1a: Abomasnow|spa|1\n|\n|-weather|Snowscape|[upkeep]\n|upkeep\n|turn|14\n|\n|t:|1781445464\n|switch|p2a: Palafin|Palafin, L77, F|281/281\n|move|p1a: Abomasnow|Wood Hammer|p2a: Palafin\n|-supereffective|p2a: Palafin\n|-damage|p2a: Palafin|0 fnt\n|faint|p2a: Palafin\n|-damage|p1a: Abomasnow|73/287 par|[from] Recoil\n|\n|-weather|Snowscape|[upkeep]\n|upkeep\n|\n|t:|1781445471\n|switch|p2a: Lunala|Lunala, L70|308/308\n|turn|15\n|\n|t:|1781445478\n|move|p2a: Lunala|Moongeist Beam|p1a: Abomasnow\n|-damage|p1a: Abomasnow|0 fnt\n|faint|p1a: Abomasnow\n|\n|-weather|Snowscape|[upkeep]\n|upkeep\n|\n|t:|1781445499\n|switch|p1a: Umbreon|Umbreon, L84, M|102/297\n|turn|16\n|\n|t:|1781445504\n|move|p2a: Lunala|Moonblast|p1a: Umbreon\n|-supereffective|p1a: Umbreon\n|-damage|p1a: Umbreon|12/297\n|move|p1a: Umbreon|Toxic|p2a: Lunala\n|-status|p2a: Lunala|tox\n|\n|-weather|Snowscape|[upkeep]\n|-heal|p1a: Umbreon|30/297|[from] item: Leftovers\n|-damage|p2a: Lunala|289/308 tox|[from] psn\n|upkeep\n|turn|17\n|\n|t:|1781445510\n|move|p1a: Umbreon|Protect|p1a: Umbreon\n|-singleturn|p1a: Umbreon|Protect\n|move|p2a: Lunala|Moongeist Beam|p1a: Umbreon\n|-activate|p1a: Umbreon|move: Protect\n|\n|-weather|none\n|-heal|p2a: Lunala|308/308 tox|[from] item: Leftovers\n|-heal|p1a: Umbreon|48/297|[from] item: Leftovers\n|-damage|p2a: Lunala|270/308 tox|[from] psn\n|upkeep\n|turn|18\n|\n|t:|1781445519\n|switch|p1a: Chimecho|Chimecho, L93, M|290/290\n|move|p2a: Lunala|Moongeist Beam|p1a: Chimecho\n|-supereffective|p1a: Chimecho\n|-damage|p1a: Chimecho|126/290\n|\n|-heal|p2a: Lunala|289/308 tox|[from] item: Leftovers\n|-heal|p1a: Chimecho|144/290|[from] item: Leftovers\n|-damage|p2a: Lunala|232/308 tox|[from] psn\n|upkeep\n|turn|19\n|\n|t:|1781445529\n|switch|p1a: Umbreon|Umbreon, L84, M|48/297\n|move|p2a: Lunala|Moongeist Beam|p1a: Umbreon\n|-resisted|p1a: Umbreon\n|-damage|p1a: Umbreon|12/297\n|\n|-heal|p2a: Lunala|251/308 tox|[from] item: Leftovers\n|-heal|p1a: Umbreon|30/297|[from] item: Leftovers\n|-damage|p2a: Lunala|175/308 tox|[from] psn\n|upkeep\n|turn|20\n|\n|t:|1781445539\n|switch|p2a: Grimmsnarl|Grimmsnarl, L83, M|146/293\n|move|p1a: Umbreon|Protect||[still]\n|-fail|p1a: Umbreon\n|\n|-heal|p1a: Umbreon|48/297|[from] item: Leftovers\n|upkeep\n|turn|21\n|\n|t:|1781445550\n|move|p1a: Umbreon|Toxic|p2a: Grimmsnarl\n|-status|p2a: Grimmsnarl|tox\n|move|p2a: Grimmsnarl|Spirit Break|p1a: Umbreon\n|-supereffective|p1a: Umbreon\n|-crit|p1a: Umbreon\n|-damage|p1a: Umbreon|0 fnt\n|faint|p1a: Umbreon\n|\n|-damage|p2a: Grimmsnarl|128/293 tox|[from] psn\n|upkeep\n|\n|t:|1781445555\n|switch|p1a: Chimecho|Chimecho, L93, M|144/290\n|turn|22\n|\n|t:|1781445561\n|move|p2a: Grimmsnarl|Thunder Wave|p1a: Chimecho\n|-status|p1a: Chimecho|par\n|move|p1a: Chimecho|Recover|p1a: Chimecho\n|-heal|p1a: Chimecho|289/290 par\n|\n|-heal|p1a: Chimecho|290/290 par|[from] item: Leftovers\n|-damage|p2a: Grimmsnarl|92/293 tox|[from] psn\n|upkeep\n|turn|23\n|\n|t:|1781445568\n|move|p2a: Grimmsnarl|Spirit Break|p1a: Chimecho\n|-crit|p1a: Chimecho\n|-damage|p1a: Chimecho|158/290 par\n|-unboost|p1a: Chimecho|spa|1\n|move|p1a: Chimecho|Calm Mind|p1a: Chimecho\n|-boost|p1a: Chimecho|spa|1\n|-boost|p1a: Chimecho|spd|1\n|\n|-heal|p1a: Chimecho|176/290 par|[from] item: Leftovers\n|-damage|p2a: Grimmsnarl|38/293 tox|[from] psn\n|upkeep\n|turn|24\n|\n|t:|1781445574\n|switch|p2a: Lunala|Lunala, L70|175/308 tox\n|move|p1a: Chimecho|Recover|p1a: Chimecho\n|-heal|p1a: Chimecho|290/290 par\n|\n|-heal|p2a: Lunala|194/308 tox|[from] item: Leftovers\n|-damage|p2a: Lunala|175/308 tox|[from] psn\n|upkeep\n|turn|25\n|\n|t:|1781445579\n|move|p2a: Lunala|Calm Mind|p2a: Lunala\n|-boost|p2a: Lunala|spa|1\n|-boost|p2a: Lunala|spd|1\n|move|p1a: Chimecho|Calm Mind|p1a: Chimecho\n|-boost|p1a: Chimecho|spa|1\n|-boost|p1a: Chimecho|spd|1\n|\n|-heal|p2a: Lunala|194/308 tox|[from] item: Leftovers\n|-damage|p2a: Lunala|156/308 tox|[from] psn\n|upkeep\n|turn|26\n|\n|t:|1781445586\n|move|p2a: Lunala|Calm Mind|p2a: Lunala\n|-boost|p2a: Lunala|spa|1\n|-boost|p2a: Lunala|spd|1\n|cant|p1a: Chimecho|par\n|\n|-heal|p2a: Lunala|175/308 tox|[from] item: Leftovers\n|-damage|p2a: Lunala|118/308 tox|[from] psn\n|upkeep\n|turn|27\n|\n|t:|1781445590\n|move|p2a: Lunala|Moongeist Beam|p1a: Chimecho\n|-supereffective|p1a: Chimecho\n|-damage|p1a: Chimecho|102/290 par\n|move|p1a: Chimecho|Calm Mind|p1a: Chimecho\n|-boost|p1a: Chimecho|spa|1\n|-boost|p1a: Chimecho|spd|1\n|\n|-heal|p2a: Lunala|137/308 tox|[from] item: Leftovers\n|-heal|p1a: Chimecho|120/290 par|[from] item: Leftovers\n|-damage|p2a: Lunala|61/308 tox|[from] psn\n|upkeep\n|turn|28\n|\n|t:|1781445594\n|move|p2a: Lunala|Moongeist Beam|p1a: Chimecho\n|-supereffective|p1a: Chimecho\n|-damage|p1a: Chimecho|0 fnt\n|faint|p1a: Chimecho\n|\n|-heal|p2a: Lunala|80/308 tox|[from] item: Leftovers\n|-damage|p2a: Lunala|0 fnt|[from] psn\n|faint|p2a: Lunala\n|upkeep\n|\n|t:|1781445615\n|switch|p2a: Grimmsnarl|Grimmsnarl, L83, M|38/293 tox\n|switch|p1a: Koraidon|Koraidon, L64|235/235\n|-weather|SunnyDay|[from] ability: Orichalcum Pulse|[of] p1a: Koraidon\n|-activate|p1a: Koraidon|Orichalcum Pulse|[source]\n|turn|29\n|\n|t:|1781445625\n|move|p2a: Grimmsnarl|Thunder Wave|p1a: Koraidon\n|-status|p1a: Koraidon|par\n|move|p1a: Koraidon|U-turn|p2a: Grimmsnarl\n|-damage|p2a: Grimmsnarl|0 fnt\n|faint|p2a: Grimmsnarl\n|\n|t:|1781445627\n|switch|p1a: Froslass|Froslass, L87, F|210/263|[from] U-turn\n|\n|-weather|SunnyDay|[upkeep]\n|upkeep\n|\n|t:|1781445630\n|switch|p2a: Meloetta|Meloetta, L82|298/298\n|turn|30\n|\n|t:|1781445638\n|-terastallize|p2a: Meloetta|Psychic\n|move|p1a: Froslass|Will-O-Wisp|p2a: Meloetta\n|-status|p2a: Meloetta|brn\n|move|p2a: Meloetta|Psyshock|p1a: Froslass\n|-damage|p1a: Froslass|0 fnt\n|-start|p2a: Meloetta|Disable|Psyshock|[from] ability: Cursed Body|[of] p1a: Froslass\n|faint|p1a: Froslass\n|\n|-weather|SunnyDay|[upkeep]\n|-damage|p2a: Meloetta|280/298 brn|[from] brn\n|upkeep\n|\n|t:|1781445643\n|switch|p1a: Koraidon|Koraidon, L64|235/235 par\n|-activate|p1a: Koraidon|ability: Orichalcum Pulse\n|turn|31\n|\n|t:|1781445650\n|-terastallize|p1a: Koraidon|Fire\n|-activate|p2a: Meloetta|move: Struggle\n|move|p2a: Meloetta|Struggle|p1a: Koraidon\n|-damage|p1a: Koraidon|220/235 par\n|-damage|p2a: Meloetta|205/298 brn|[from] recoil\n|cant|p1a: Koraidon|par\n|\n|-weather|SunnyDay|[upkeep]\n|-damage|p2a: Meloetta|187/298 brn|[from] brn\n|upkeep\n|turn|32\n|c|\u2606BlitzBurn1992|no way\n|c|\u2606Emkatt|watch me get full parad\n|\n|t:|1781445669\n|-activate|p2a: Meloetta|move: Struggle\n|move|p2a: Meloetta|Struggle|p1a: Koraidon\n|-damage|p1a: Koraidon|204/235 par\n|-damage|p2a: Meloetta|112/298 brn|[from] recoil\n|move|p1a: Koraidon|Flare Blitz|p2a: Meloetta\n|-damage|p2a: Meloetta|0 fnt\n|faint|p2a: Meloetta\n|-damage|p1a: Koraidon|167/235 par|[from] Recoil\n|\n|win|Emkatt\n", "inputlog": ">version a8376a258c1d4662feba110a92103f3664a72141\n>start {\"formatid\":\"gen9randombattle\",\"seed\":\"sodium,c7046fb5f8e5f7d60cd96ba7b5bba323\",\"rated\":\"Rated battle\"}\n>player p1 {\"name\":\"Emkatt\",\"avatar\":\"acetrainer-gen2\",\"rating\":2365,\"seed\":\"sodium,c03a65f93e90921b99ecd3008d374d13\"}\n>player p2 {\"name\":\"BlitzBurn1992\",\"avatar\":\"266\",\"rating\":2300,\"seed\":\"sodium,a732f305cfd1f6ebee461867944bd67a\"}\n>p1 move hurricane\n>p2 move icepunch\n>p1 switch 5\n>p2 move icepunch\n>p1 move tripleaxel\n>p2 switch 2\n>p1 switch 5\n>p2 move spiritbreak\n>p1 switch 2\n>p1 move woodhammer\n>p2 move thunderwave\n>p2 switch 6\n>p1 switch 3\n>p2 move flareblitz\n>p1 move toxic\n>p2 switch 2\n>p1 switch 3\n>p2 move revivalblessing\n>p2 switch 6\n>p2 switch 2\n>p1 switch 3\n>p2 move flareblitz\n>p1 move wish\n>p2 move swordsdance\n>p1 move protect\n>p2 move flareblitz\n>p1 move foulplay\n>p2 move flareblitz\n>p2 switch 6\n>p1 switch 3\n>p2 move spiritbreak\n>p1 move woodhammer\n>p2 switch 5\n>p2 switch 3\n>p1 move auroraveil\n>p2 move moongeistbeam\n>p1 switch 3\n>p1 move toxic\n>p2 move moonblast\n>p1 move protect\n>p2 move moongeistbeam\n>p1 switch 4\n>p2 move moongeistbeam\n>p1 switch 4\n>p2 move moongeistbeam\n>p1 move protect\n>p2 switch 5\n>p1 move toxic\n>p2 move spiritbreak\n>p1 switch 4\n>p1 move recover\n>p2 move thunderwave\n>p1 move calmmind\n>p2 move spiritbreak\n>p1 move recover\n>p2 switch 5\n>p1 move calmmind\n>p2 move calmmind\n>p1 move calmmind\n>p2 move calmmind\n>p1 move calmmind\n>p2 move moongeistbeam\n>p1 move calmmind\n>p2 move moongeistbeam\n>p1 switch 6\n>p2 switch 5\n>p1 move uturn\n>p2 move thunderwave\n>p1 switch 5\n>p2 switch 4\n>p1 move willowisp\n>p2 move psyshock terastallize\n>p1 switch 5\n>p1 move flareblitz terastallize\n>p2 move struggle\n>chat \u2606BlitzBurn1992|no way\n>chat \u2606Emkatt|watch me get full parad\n>p1 move flareblitz\n>p2 move struggle", "uploadtime": 1781445216, "views": 5, "formatid": "gen9randombattle", "rating": null, "private": 0, "password": null}