{"id": "gen9randombattle-2631712275", "format": "[Gen 9] Random Battle", "players": ["Crysys1", "Dghfff"], "log": "|j|\u2606Crysys1\n|j|\u2606Dghfff\n|t:|1781426707\n|gametype|singles\n|player|p1|Crysys1|265|2083\n|player|p2|Dghfff|170|2124\n|gen|9\n|tier|[Gen 9] Random Battle\n|rated|\n|rule|Species Clause: Limit one of each Pok\u00e9mon\n|rule|HP Percentage Mod: HP is shown in percentages\n|rule|Sleep Clause Mod: Limit one foe put to sleep\n|rule|Illusion Level Mod: Illusion disguises the Pok\u00e9mon's true level\n|\n|t:|1781426707\n|teamsize|p1|6\n|teamsize|p2|6\n|start\n|switch|p1a: Scyther|Scyther, L82, M|249/249\n|switch|p2a: Meowstic|Meowstic-F, L89, F|277/277\n|turn|1\n|\n|t:|1781426718\n|move|p2a: Meowstic|Thunderbolt|p1a: Scyther\n|-supereffective|p1a: Scyther\n|-damage|p1a: Scyther|70/249\n|-damage|p2a: Meowstic|250/277|[from] item: Life Orb\n|move|p1a: Scyther|U-turn|p2a: Meowstic\n|-supereffective|p2a: Meowstic\n|-damage|p2a: Meowstic|94/277\n|\n|t:|1781426735\n|switch|p1a: Vigoroth|Vigoroth, L85, M|275/275|[from] U-turn\n|\n|upkeep\n|turn|2\n|\n|t:|1781426745\n|move|p2a: Meowstic|Psychic|p1a: Vigoroth\n|-damage|p1a: Vigoroth|158/275\n|-damage|p2a: Meowstic|67/277|[from] item: Life Orb\n|move|p1a: Vigoroth|Knock Off|p2a: Meowstic\n|-supereffective|p2a: Meowstic\n|-damage|p2a: Meowstic|0 fnt\n|-enditem|p2a: Meowstic|Life Orb|[from] move: Knock Off|[of] p1a: Vigoroth\n|faint|p2a: Meowstic\n|\n|upkeep\n|\n|t:|1781426757\n|switch|p2a: Hippowdon|Hippowdon, L82, F|311/311\n|-weather|Sandstorm|[from] ability: Sand Stream|[of] p2a: Hippowdon\n|turn|3\n|\n|t:|1781426765\n|move|p1a: Vigoroth|Bulk Up|p1a: Vigoroth\n|-boost|p1a: Vigoroth|atk|1\n|-boost|p1a: Vigoroth|def|1\n|move|p2a: Hippowdon|Curse|p2a: Hippowdon\n|-unboost|p2a: Hippowdon|spe|1\n|-boost|p2a: Hippowdon|atk|1\n|-boost|p2a: Hippowdon|def|1\n|\n|-weather|Sandstorm|[upkeep]\n|-damage|p1a: Vigoroth|141/275|[from] Sandstorm\n|upkeep\n|turn|4\n|\n|t:|1781426770\n|move|p1a: Vigoroth|Knock Off|p2a: Hippowdon\n|-damage|p2a: Hippowdon|261/311\n|-enditem|p2a: Hippowdon|Leftovers|[from] move: Knock Off|[of] p1a: Vigoroth\n|move|p2a: Hippowdon|Curse|p2a: Hippowdon\n|-unboost|p2a: Hippowdon|spe|1\n|-boost|p2a: Hippowdon|atk|1\n|-boost|p2a: Hippowdon|def|1\n|\n|-weather|Sandstorm|[upkeep]\n|-damage|p1a: Vigoroth|124/275|[from] Sandstorm\n|upkeep\n|turn|5\n|\n|t:|1781426785\n|switch|p1a: Ninetales|Ninetales-Alola, L78, F|242/242\n|-weather|Snowscape|[from] ability: Snow Warning|[of] p1a: Ninetales\n|move|p2a: Hippowdon|Earthquake|p1a: Ninetales\n|-damage|p1a: Ninetales|67/242\n|\n|-weather|Snowscape|[upkeep]\n|upkeep\n|turn|6\n|\n|t:|1781426795\n|move|p1a: Ninetales|Blizzard|p2a: Hippowdon\n|-supereffective|p2a: Hippowdon\n|-damage|p2a: Hippowdon|49/311\n|move|p2a: Hippowdon|Earthquake|p1a: Ninetales\n|-damage|p1a: Ninetales|0 fnt\n|faint|p1a: Ninetales\n|\n|-weather|Snowscape|[upkeep]\n|upkeep\n|\n|t:|1781426801\n|switch|p1a: Basculegion|Basculegion-F, L83, F|335/335\n|turn|7\n|\n|t:|1781426808\n|move|p1a: Basculegion|Flip Turn|p2a: Hippowdon\n|-supereffective|p2a: Hippowdon\n|-damage|p2a: Hippowdon|0 fnt\n|faint|p2a: Hippowdon\n|\n|t:|1781426812\n|switch|p1a: Scyther|Scyther, L82, M|70/249|[from] Flip Turn\n|\n|-weather|Snowscape|[upkeep]\n|upkeep\n|\n|t:|1781426822\n|switch|p2a: Clefable|Clefable, L83, F|293/293\n|turn|8\n|\n|t:|1781426832\n|move|p1a: Scyther|Dual Wingbeat|p2a: Clefable\n|-damage|p2a: Clefable|221/293\n|-damage|p2a: Clefable|148/293\n|-hitcount|p2a: Clefable|2\n|move|p2a: Clefable|Moonblast|p1a: Scyther\n|-damage|p1a: Scyther|0 fnt\n|faint|p1a: Scyther\n|\n|-weather|Snowscape|[upkeep]\n|upkeep\n|\n|t:|1781426836\n|switch|p1a: Basculegion|Basculegion-F, L83, F|335/335\n|turn|9\n|\n|t:|1781426846\n|move|p1a: Basculegion|Shadow Ball|p2a: Clefable\n|-damage|p2a: Clefable|0 fnt\n|faint|p2a: Clefable\n|\n|-weather|none\n|upkeep\n|\n|t:|1781426851\n|switch|p2a: Bastiodon|Bastiodon, L89, M|252/252\n|turn|10\n|\n|t:|1781426868\n|switch|p1a: Palossand|Palossand, L89, F|296/296\n|move|p2a: Bastiodon|Iron Defense|p2a: Bastiodon\n|-boost|p2a: Bastiodon|def|2\n|\n|upkeep\n|turn|11\n|\n|t:|1781426874\n|switch|p2a: Brambleghast|Brambleghast, L88, F|240/240\n|move|p1a: Palossand|Earth Power|p2a: Brambleghast\n|-resisted|p2a: Brambleghast\n|-damage|p2a: Brambleghast|182/240\n|-unboost|p2a: Brambleghast|spd|1\n|\n|upkeep\n|turn|12\n|\n|t:|1781426884\n|move|p2a: Brambleghast|Power Whip|p1a: Palossand|[miss]\n|-miss|p2a: Brambleghast|p1a: Palossand\n|move|p1a: Palossand|Shadow Ball|p2a: Brambleghast\n|-supereffective|p2a: Brambleghast\n|-damage|p2a: Brambleghast|0 fnt\n|faint|p2a: Brambleghast\n|\n|upkeep\n|\n|t:|1781426891\n|switch|p2a: Chandelure|Chandelure, L83, F|235/235\n|turn|13\n|\n|t:|1781426902\n|move|p2a: Chandelure|Shadow Ball|p1a: Palossand\n|-supereffective|p1a: Palossand\n|-damage|p1a: Palossand|44/296\n|move|p1a: Palossand|Earth Power|p2a: Chandelure\n|-supereffective|p2a: Chandelure\n|-damage|p2a: Chandelure|25/235\n|\n|-heal|p1a: Palossand|62/296|[from] item: Leftovers\n|upkeep\n|turn|14\n|\n|t:|1781426913\n|move|p2a: Chandelure|Fire Blast|p1a: Palossand\n|-damage|p1a: Palossand|0 fnt\n|faint|p1a: Palossand\n|\n|upkeep\n|\n|t:|1781426921\n|switch|p1a: Vigoroth|Vigoroth, L85, M|124/275\n|turn|15\n|\n|t:|1781426924\n|move|p1a: Vigoroth|Knock Off|p2a: Chandelure\n|-supereffective|p2a: Chandelure\n|-damage|p2a: Chandelure|0 fnt\n|-enditem|p2a: Chandelure|Heavy-Duty Boots|[from] move: Knock Off|[of] p1a: Vigoroth\n|faint|p2a: Chandelure\n|\n|upkeep\n|\n|t:|1781426926\n|switch|p2a: Bastiodon|Bastiodon, L89, M|252/252\n|turn|16\n|\n|t:|1781426930\n|move|p1a: Vigoroth|Knock Off|p2a: Bastiodon\n|-damage|p2a: Bastiodon|216/252\n|-enditem|p2a: Bastiodon|Chesto Berry|[from] move: Knock Off|[of] p1a: Vigoroth\n|move|p2a: Bastiodon|Iron Defense|p2a: Bastiodon\n|-boost|p2a: Bastiodon|def|2\n|\n|upkeep\n|turn|17\n|\n|t:|1781426933\n|switch|p1a: Basculegion|Basculegion-F, L83, F|335/335\n|move|p2a: Bastiodon|Foul Play|p1a: Basculegion\n|-supereffective|p1a: Basculegion\n|-damage|p1a: Basculegion|153/335\n|\n|upkeep\n|turn|18\n|\n|t:|1781426952\n|-terastallize|p2a: Bastiodon|Fighting\n|move|p1a: Basculegion|Hydro Pump|p2a: Bastiodon\n|-damage|p2a: Bastiodon|70/252\n|move|p2a: Bastiodon|Foul Play|p1a: Basculegion\n|-supereffective|p1a: Basculegion\n|-damage|p1a: Basculegion|0 fnt\n|faint|p1a: Basculegion\n|\n|upkeep\n|\n|t:|1781426957\n|switch|p1a: Camerupt|Camerupt, L91, F|275/275\n|turn|19\n|\n|t:|1781426966\n|move|p1a: Camerupt|Overheat|p2a: Bastiodon\n|-damage|p2a: Bastiodon|0 fnt\n|-unboost|p1a: Camerupt|spa|2\n|faint|p2a: Bastiodon\n|\n|win|Crysys1\n", "uploadtime": 1781426710, "views": 4, "formatid": "gen9randombattle", "rating": null, "private": 0, "password": null}