{"id": "gen9randombattle-2631572648", "format": "[Gen 9] Random Battle", "players": ["Aeeeaplyuu", "wang_zj"], "log": "|j|\u2606Aeeeaplyuu\n|j|\u2606wang_zj\n|t:|1781403074\n|gametype|singles\n|player|p1|Aeeeaplyuu|265|2019\n|player|p2|wang_zj|170|2036\n|gen|9\n|tier|[Gen 9] Random Battle\n|rated|\n|rule|Species Clause: Limit one of each Pok\u00e9mon\n|rule|HP Percentage Mod: HP is shown in percentages\n|rule|Sleep Clause Mod: Limit one foe put to sleep\n|rule|Illusion Level Mod: Illusion disguises the Pok\u00e9mon's true level\n|\n|t:|1781403074\n|teamsize|p1|6\n|teamsize|p2|6\n|start\n|switch|p1a: Medicham|Medicham, L86, F|243/243\n|switch|p2a: Falinks|Falinks, L84|246/246\n|turn|1\n|\n|t:|1781403095\n|switch|p2a: Uxie|Uxie, L83|260/260\n|move|p1a: Medicham|Trick|p2a: Uxie\n|-activate|p1a: Medicham|move: Trick|[of] p2a: Uxie\n|-item|p2a: Uxie|Choice Band|[from] move: Trick\n|-item|p1a: Medicham|Leftovers|[from] move: Trick\n|\n|upkeep\n|turn|2\n|\n|t:|1781403112\n|switch|p1a: Ludicolo|Ludicolo, L90, M|290/290\n|move|p2a: Uxie|Encore||[still]\n|-fail|p2a: Uxie\n|\n|upkeep\n|turn|3\n|\n|t:|1781403121\n|switch|p2a: Vigoroth|Vigoroth, L85, M|275/275\n|move|p1a: Ludicolo|Ice Beam|p2a: Vigoroth\n|-damage|p2a: Vigoroth|183/275\n|\n|upkeep\n|turn|4\n|\n|t:|1781403131\n|switch|p1a: Bellossom|Bellossom, L84, M|263/263\n|move|p2a: Vigoroth|Body Slam|p1a: Bellossom\n|-damage|p1a: Bellossom|184/263\n|\n|-heal|p1a: Bellossom|200/263|[from] item: Leftovers\n|upkeep\n|turn|5\n|\n|t:|1781403142\n|switch|p2a: Eternatus|Eternatus, L69|308/308\n|-ability|p2a: Eternatus|Pressure\n|move|p1a: Bellossom|Quiver Dance|p1a: Bellossom\n|-boost|p1a: Bellossom|spa|1\n|-boost|p1a: Bellossom|spd|1\n|-boost|p1a: Bellossom|spe|1\n|\n|-heal|p1a: Bellossom|216/263|[from] item: Leftovers\n|upkeep\n|turn|6\n|\n|t:|1781403153\n|-terastallize|p1a: Bellossom|Poison\n|move|p2a: Eternatus|Sludge Bomb|p1a: Bellossom\n|-resisted|p1a: Bellossom\n|-damage|p1a: Bellossom|188/263\n|move|p1a: Bellossom|Quiver Dance|p1a: Bellossom\n|-boost|p1a: Bellossom|spa|1\n|-boost|p1a: Bellossom|spd|1\n|-boost|p1a: Bellossom|spe|1\n|\n|-heal|p1a: Bellossom|204/263|[from] item: Leftovers\n|upkeep\n|turn|7\n|\n|t:|1781403165\n|switch|p2a: Uxie|Uxie, L83|260/260\n|move|p1a: Bellossom|Quiver Dance|p1a: Bellossom\n|-boost|p1a: Bellossom|spa|1\n|-boost|p1a: Bellossom|spd|1\n|-boost|p1a: Bellossom|spe|1\n|\n|-heal|p1a: Bellossom|220/263|[from] item: Leftovers\n|upkeep\n|turn|8\n|\n|t:|1781403175\n|move|p1a: Bellossom|Sludge Bomb|p2a: Uxie\n|-damage|p2a: Uxie|104/260\n|move|p2a: Uxie|Psychic Noise|p1a: Bellossom\n|-supereffective|p1a: Bellossom\n|-damage|p1a: Bellossom|172/263\n|-start|p1a: Bellossom|move: Heal Block\n|\n|upkeep\n|turn|9\n|\n|t:|1781403184\n|move|p1a: Bellossom|Quiver Dance|p1a: Bellossom\n|-boost|p1a: Bellossom|spa|1\n|-boost|p1a: Bellossom|spd|1\n|-boost|p1a: Bellossom|spe|1\n|move|p2a: Uxie|Psychic Noise|p1a: Bellossom\n|-supereffective|p1a: Bellossom\n|-damage|p1a: Bellossom|130/263\n|\n|-end|p1a: Bellossom|move: Heal Block\n|upkeep\n|turn|10\n|\n|t:|1781403197\n|move|p1a: Bellossom|Giga Drain|p2a: Uxie\n|-damage|p2a: Uxie|0 fnt\n|-heal|p1a: Bellossom|182/263|[from] drain|[of] p2a: Uxie\n|faint|p2a: Uxie\n|\n|-heal|p1a: Bellossom|198/263|[from] item: Leftovers\n|upkeep\n|\n|t:|1781403205\n|switch|p2a: Whiscash|Whiscash, L88, M|337/337\n|turn|11\n|\n|t:|1781403210\n|-terastallize|p2a: Whiscash|Steel\n|move|p1a: Bellossom|Sludge Bomb|p2a: Whiscash\n|-immune|p2a: Whiscash\n|move|p2a: Whiscash|Earthquake|p1a: Bellossom\n|-supereffective|p1a: Bellossom\n|-damage|p1a: Bellossom|0 fnt\n|faint|p1a: Bellossom\n|-damage|p2a: Whiscash|304/337|[from] item: Life Orb\n|\n|upkeep\n|\n|t:|1781403214\n|switch|p1a: Medicham|Medicham, L86, F|243/243\n|turn|12\n|\n|t:|1781403232\n|switch|p2a: Eternatus|Eternatus, L69|308/308\n|-ability|p2a: Eternatus|Pressure\n|move|p1a: Medicham|Close Combat|p2a: Eternatus\n|-resisted|p2a: Eternatus\n|-damage|p2a: Eternatus|198/308\n|-unboost|p1a: Medicham|def|1\n|-unboost|p1a: Medicham|spd|1\n|-damage|p1a: Medicham|203/243|[from] item: Rocky Helmet|[of] p2a: Eternatus\n|\n|-heal|p1a: Medicham|218/243|[from] item: Leftovers\n|upkeep\n|turn|13\n|\n|t:|1781403252\n|move|p2a: Eternatus|Sludge Bomb|p1a: Medicham\n|-damage|p1a: Medicham|65/243\n|move|p1a: Medicham|Zen Headbutt|p2a: Eternatus\n|-supereffective|p2a: Eternatus\n|-damage|p2a: Eternatus|0 fnt\n|-damage|p1a: Medicham|25/243|[from] item: Rocky Helmet|[of] p2a: Eternatus\n|faint|p2a: Eternatus\n|\n|-heal|p1a: Medicham|40/243|[from] item: Leftovers\n|upkeep\n|\n|t:|1781403270\n|switch|p2a: Vigoroth|Vigoroth, L85, M|183/275\n|turn|14\n|\n|t:|1781403274\n|switch|p1a: Ludicolo|Ludicolo, L90, M|290/290\n|move|p2a: Vigoroth|Body Slam|p1a: Ludicolo\n|-damage|p1a: Ludicolo|205/290\n|\n|upkeep\n|turn|15\n|\n|t:|1781403282\n|move|p2a: Vigoroth|Knock Off|p1a: Ludicolo\n|-damage|p1a: Ludicolo|133/290\n|-enditem|p1a: Ludicolo|Choice Specs|[from] move: Knock Off|[of] p2a: Vigoroth\n|move|p1a: Ludicolo|Hydro Pump|p2a: Vigoroth\n|-damage|p2a: Vigoroth|62/275\n|\n|upkeep\n|turn|16\n|\n|t:|1781403290\n|move|p2a: Vigoroth|Slack Off|p2a: Vigoroth\n|-heal|p2a: Vigoroth|200/275\n|move|p1a: Ludicolo|Hydro Pump|p2a: Vigoroth\n|-damage|p2a: Vigoroth|91/275\n|\n|upkeep\n|turn|17\n|\n|t:|1781403297\n|move|p2a: Vigoroth|Slack Off|p2a: Vigoroth\n|-heal|p2a: Vigoroth|229/275\n|move|p1a: Ludicolo|Hydro Pump|p2a: Vigoroth\n|-damage|p2a: Vigoroth|121/275\n|\n|upkeep\n|turn|18\n|\n|t:|1781403304\n|move|p2a: Vigoroth|Slack Off|p2a: Vigoroth\n|-heal|p2a: Vigoroth|259/275\n|move|p1a: Ludicolo|Giga Drain|p2a: Vigoroth\n|-damage|p2a: Vigoroth|180/275\n|-heal|p1a: Ludicolo|173/290|[from] drain|[of] p2a: Vigoroth\n|\n|upkeep\n|turn|19\n|\n|t:|1781403313\n|move|p2a: Vigoroth|Body Slam|p1a: Ludicolo\n|-damage|p1a: Ludicolo|88/290\n|-status|p1a: Ludicolo|par\n|move|p1a: Ludicolo|Giga Drain|p2a: Vigoroth\n|-damage|p2a: Vigoroth|102/275\n|-heal|p1a: Ludicolo|127/290 par|[from] drain|[of] p2a: Vigoroth\n|\n|upkeep\n|turn|20\n|\n|t:|1781403322\n|move|p2a: Vigoroth|Slack Off|p2a: Vigoroth\n|-heal|p2a: Vigoroth|240/275\n|move|p1a: Ludicolo|Giga Drain|p2a: Vigoroth\n|-damage|p2a: Vigoroth|155/275\n|-heal|p1a: Ludicolo|170/290 par|[from] drain|[of] p2a: Vigoroth\n|\n|upkeep\n|turn|21\n|\n|t:|1781403330\n|move|p2a: Vigoroth|Slack Off|p2a: Vigoroth\n|-heal|p2a: Vigoroth|275/275\n|move|p1a: Ludicolo|Giga Drain|p2a: Vigoroth\n|-damage|p2a: Vigoroth|197/275\n|-heal|p1a: Ludicolo|209/290 par|[from] drain|[of] p2a: Vigoroth\n|\n|upkeep\n|turn|22\n|\n|t:|1781403338\n|move|p2a: Vigoroth|Bulk Up|p2a: Vigoroth\n|-boost|p2a: Vigoroth|atk|1\n|-boost|p2a: Vigoroth|def|1\n|move|p1a: Ludicolo|Giga Drain|p2a: Vigoroth\n|-damage|p2a: Vigoroth|112/275\n|-heal|p1a: Ludicolo|252/290 par|[from] drain|[of] p2a: Vigoroth\n|\n|upkeep\n|turn|23\n|\n|t:|1781403348\n|move|p2a: Vigoroth|Knock Off|p1a: Ludicolo\n|-damage|p1a: Ludicolo|188/290 par\n|move|p1a: Ludicolo|Giga Drain|p2a: Vigoroth\n|-damage|p2a: Vigoroth|24/275\n|-heal|p1a: Ludicolo|232/290 par|[from] drain|[of] p2a: Vigoroth\n|\n|upkeep\n|turn|24\n|\n|t:|1781403355\n|move|p2a: Vigoroth|Slack Off|p2a: Vigoroth\n|-heal|p2a: Vigoroth|162/275\n|move|p1a: Ludicolo|Giga Drain|p2a: Vigoroth\n|-damage|p2a: Vigoroth|83/275\n|-heal|p1a: Ludicolo|272/290 par|[from] drain|[of] p2a: Vigoroth\n|\n|upkeep\n|turn|25\n|\n|t:|1781403363\n|move|p2a: Vigoroth|Slack Off|p2a: Vigoroth\n|-heal|p2a: Vigoroth|221/275\n|move|p1a: Ludicolo|Giga Drain|p2a: Vigoroth\n|-damage|p2a: Vigoroth|145/275\n|-heal|p1a: Ludicolo|290/290 par|[from] drain|[of] p2a: Vigoroth\n|\n|upkeep\n|turn|26\n|\n|t:|1781403376\n|switch|p2a: Sandslash|Sandslash-Alola, L88, F|275/275\n|move|p1a: Ludicolo|Hydro Pump|p2a: Sandslash\n|-damage|p2a: Sandslash|167/275\n|\n|upkeep\n|turn|27\n|\n|t:|1781403387\n|move|p2a: Sandslash|Rapid Spin|p1a: Ludicolo\n|-damage|p1a: Ludicolo|248/290 par\n|-boost|p2a: Sandslash|spe|1\n|move|p1a: Ludicolo|Hydro Pump|p2a: Sandslash\n|-damage|p2a: Sandslash|74/275\n|\n|upkeep\n|turn|28\n|\n|t:|1781403395\n|move|p2a: Sandslash|Triple Axel|p1a: Ludicolo\n|-damage|p1a: Ludicolo|220/290 par\n|-damage|p1a: Ludicolo|168/290 par\n|-crit|p1a: Ludicolo\n|-damage|p1a: Ludicolo|41/290 par\n|-hitcount|p1a: Ludicolo|3\n|move|p1a: Ludicolo|Hydro Pump|p2a: Sandslash\n|-damage|p2a: Sandslash|0 fnt\n|faint|p2a: Sandslash\n|\n|upkeep\n|\n|t:|1781403406\n|switch|p2a: Vigoroth|Vigoroth, L85, M|145/275\n|turn|29\n|\n|t:|1781403421\n|move|p2a: Vigoroth|Body Slam|p1a: Ludicolo\n|-damage|p1a: Ludicolo|0 fnt\n|faint|p1a: Ludicolo\n|\n|upkeep\n|\n|t:|1781403425\n|switch|p1a: Raichu|Raichu, L88, F|249/249\n|turn|30\n|\n|t:|1781403429\n|switch|p2a: Whiscash|Whiscash, L88, M, tera:Steel|304/337\n|move|p1a: Raichu|Thunderbolt|p2a: Whiscash\n|-damage|p2a: Whiscash|193/337\n|\n|upkeep\n|turn|31\n|\n|t:|1781403440\n|move|p1a: Raichu|Thunderbolt|p2a: Whiscash\n|-damage|p2a: Whiscash|75/337\n|move|p2a: Whiscash|Dragon Dance|p2a: Whiscash\n|-boost|p2a: Whiscash|atk|1\n|-boost|p2a: Whiscash|spe|1\n|\n|upkeep\n|turn|32\n|\n|t:|1781403449\n|switch|p1a: Medicham|Medicham, L86, F|40/243\n|move|p2a: Whiscash|Earthquake|p1a: Medicham\n|-damage|p1a: Medicham|0 fnt\n|faint|p1a: Medicham\n|-damage|p2a: Whiscash|42/337|[from] item: Life Orb\n|\n|upkeep\n|\n|t:|1781403457\n|switch|p1a: Iron Bundle|Iron Bundle, L78|215/215\n|turn|33\n|l|\u2606Aeeeaplyuu\n|player|p1|\n|j|\u2606Aeeeaplyuu\n|player|p1|Aeeeaplyuu|265|\n|\n|t:|1781403483\n|move|p1a: Iron Bundle|Hydro Pump|p2a: Whiscash|[miss]\n|-miss|p1a: Iron Bundle|p2a: Whiscash\n|move|p2a: Whiscash|Earthquake|p1a: Iron Bundle\n|-damage|p1a: Iron Bundle|43/215\n|-damage|p2a: Whiscash|9/337|[from] item: Life Orb\n|\n|upkeep\n|turn|34\n|\n|t:|1781403492\n|move|p1a: Iron Bundle|Freeze-Dry|p2a: Whiscash\n|-resisted|p2a: Whiscash\n|-damage|p2a: Whiscash|0 fnt\n|faint|p2a: Whiscash\n|\n|upkeep\n|\n|t:|1781403499\n|switch|p2a: Falinks|Falinks, L84|246/246\n|turn|35\n|\n|t:|1781403514\n|move|p1a: Iron Bundle|Flip Turn|p2a: Falinks\n|-damage|p2a: Falinks|198/246\n|\n|t:|1781403517\n|-end|p1a: Iron Bundle|Quark Drive|[silent]\n|switch|p1a: Seviper|Seviper, L93, M|287/287|[from] Flip Turn\n|move|p2a: Falinks|No Retreat|p2a: Falinks\n|-boost|p2a: Falinks|atk|1\n|-boost|p2a: Falinks|def|1\n|-boost|p2a: Falinks|spa|1\n|-boost|p2a: Falinks|spd|1\n|-boost|p2a: Falinks|spe|1\n|-start|p2a: Falinks|move: No Retreat\n|\n|upkeep\n|turn|36\n|\n|t:|1781403528\n|move|p2a: Falinks|Knock Off|p1a: Seviper\n|-damage|p1a: Seviper|118/287\n|-enditem|p1a: Seviper|Leftovers|[from] move: Knock Off|[of] p2a: Falinks\n|-damage|p2a: Falinks|174/246|[from] item: Life Orb\n|move|p1a: Seviper|Gunk Shot|p2a: Falinks\n|-damage|p2a: Falinks|71/246\n|-status|p2a: Falinks|psn\n|\n|-damage|p2a: Falinks|41/246 psn|[from] psn\n|upkeep\n|turn|37\n|\n|t:|1781403541\n|move|p2a: Falinks|Iron Head|p1a: Seviper\n|-damage|p1a: Seviper|0 fnt\n|faint|p1a: Seviper\n|-damage|p2a: Falinks|17/246 psn|[from] item: Life Orb\n|\n|-damage|p2a: Falinks|0 fnt|[from] psn\n|faint|p2a: Falinks\n|upkeep\n|\n|t:|1781403549\n|switch|p2a: Vigoroth|Vigoroth, L85, M|145/275\n|switch|p1a: Iron Bundle|Iron Bundle, L78|43/215\n|turn|38\n|\n|t:|1781403556\n|move|p1a: Iron Bundle|Flip Turn|p2a: Vigoroth\n|-damage|p2a: Vigoroth|111/275\n|\n|t:|1781403557\n|-end|p1a: Iron Bundle|Quark Drive|[silent]\n|switch|p1a: Raichu|Raichu, L88, F|249/249|[from] Flip Turn\n|move|p2a: Vigoroth|Body Slam|p1a: Raichu\n|-damage|p1a: Raichu|140/249\n|\n|upkeep\n|turn|39\n|\n|t:|1781403566\n|move|p1a: Raichu|Thunderbolt|p2a: Vigoroth\n|-damage|p2a: Vigoroth|14/275\n|move|p2a: Vigoroth|Slack Off|p2a: Vigoroth\n|-heal|p2a: Vigoroth|152/275\n|\n|upkeep\n|turn|40\n|-message|wang_zj forfeited.\n|\n|win|Aeeeaplyuu\n", "inputlog": ">version a8376a258c1d4662feba110a92103f3664a72141\n>start {\"formatid\":\"gen9randombattle\",\"seed\":\"sodium,c066a7e09caf611c585705358dd35883\",\"rated\":\"Rated battle\"}\n>player p1 {\"name\":\"Aeeeaplyuu\",\"avatar\":\"265\",\"rating\":2019,\"seed\":\"sodium,6116029a540f5b2415d567a93d6de8da\"}\n>player p2 {\"name\":\"wang_zj\",\"avatar\":\"170\",\"rating\":2036,\"seed\":\"sodium,8ed3fbb39005d10012ca08af5546c169\"}\n>p1 move trick\n>p2 switch 5\n>p1 switch 4\n>p2 move encore\n>p1 move icebeam\n>p2 switch 6\n>p1 switch 5\n>p2 move bodyslam\n>p1 move quiverdance\n>p2 switch 2\n>p1 move quiverdance terastallize\n>p2 move sludgebomb\n>p1 move quiverdance\n>p2 switch 6\n>p1 move sludgebomb\n>p2 move psychicnoise\n>p1 move quiverdance\n>p2 move psychicnoise\n>p1 move gigadrain\n>p2 move psychicnoise\n>p2 switch 3\n>p1 move sludgebomb\n>p2 move earthquake terastallize\n>p1 switch 4\n>p1 move closecombat\n>p2 switch 6\n>p1 move zenheadbutt\n>p2 move sludgebomb\n>p2 switch 2\n>p1 switch 5\n>p2 move bodyslam\n>p1 move hydropump\n>p2 move knockoff\n>p1 move hydropump\n>p2 move slackoff\n>p1 move hydropump\n>p2 move slackoff\n>p1 move gigadrain\n>p2 move slackoff\n>p1 move gigadrain\n>p2 move bodyslam\n>p1 move gigadrain\n>p2 move slackoff\n>p1 move gigadrain\n>p2 move slackoff\n>p1 move gigadrain\n>p2 move bulkup\n>p1 move gigadrain\n>p2 move knockoff\n>p1 move gigadrain\n>p2 move slackoff\n>p1 move gigadrain\n>p2 move slackoff\n>p1 move hydropump\n>p2 switch 4\n>p1 move hydropump\n>p2 move rapidspin\n>p1 move hydropump\n>p2 move tripleaxel\n>p2 switch 4\n>p1 move leafstorm\n>p2 move bodyslam\n>p1 switch 3\n>p1 move thunderbolt\n>p2 switch 6\n>p1 move thunderbolt\n>p2 move dragondance\n>p1 switch 5\n>p2 move earthquake\n>p1 switch 6\n>p1 move hydropump\n>p2 move earthquake\n>p1 move freezedry\n>p2 move earthquake\n>p2 switch 5\n>p1 move flipturn\n>p2 move noretreat\n>p1 switch 2\n>p1 move gunkshot\n>p2 move knockoff\n>p1 move trailblaze\n>p2 move ironhead\n>p1 switch 2\n>p2 switch 6\n>p1 move flipturn\n>p2 move bodyslam\n>p1 switch 5\n>p1 move thunderbolt\n>p2 move slackoff\n>forcelose p2", "uploadtime": 1781403076, "views": 5, "formatid": "gen9randombattle", "rating": null, "private": 0, "password": null}