{"id": "gen9randombattle-2631898786", "format": "[Gen 9] Random Battle", "players": ["rrrpppp", "darkiway"], "log": "|j|\u2606rrrpppp\n|j|\u2606darkiway\n|t:|1781453413\n|gametype|singles\n|player|p1|rrrpppp|169|1987\n|player|p2|darkiway|lady|2010\n|gen|9\n|tier|[Gen 9] Random Battle\n|rated|\n|rule|Species Clause: Limit one of each Pok\u00e9mon\n|rule|HP Percentage Mod: HP is shown in percentages\n|rule|Sleep Clause Mod: Limit one foe put to sleep\n|rule|Illusion Level Mod: Illusion disguises the Pok\u00e9mon's true level\n|\n|t:|1781453413\n|teamsize|p1|6\n|teamsize|p2|6\n|start\n|switch|p1a: Cloyster|Cloyster, L80, F|211/211\n|switch|p2a: Lilligant|Lilligant-Hisui, L79, F|240/240\n|turn|1\n|\n|t:|1781453441\n|switch|p1a: Wyrdeer|Wyrdeer, L87, F|321/321\n|-ability|p1a: Wyrdeer|Intimidate|boost\n|-unboost|p2a: Lilligant|atk|1\n|move|p2a: Lilligant|Close Combat|p1a: Wyrdeer\n|-damage|p1a: Wyrdeer|134/321\n|-unboost|p2a: Lilligant|def|1\n|-unboost|p2a: Lilligant|spd|1\n|-damage|p2a: Lilligant|216/240|[from] item: Life Orb\n|\n|upkeep\n|turn|2\n|\n|t:|1781453452\n|switch|p1a: Talonflame|Talonflame, L83, F|265/265\n|move|p2a: Lilligant|Close Combat|p1a: Talonflame\n|-resisted|p1a: Talonflame\n|-damage|p1a: Talonflame|169/265\n|-unboost|p2a: Lilligant|def|1\n|-unboost|p2a: Lilligant|spd|1\n|-damage|p2a: Lilligant|192/240|[from] item: Life Orb\n|\n|upkeep\n|turn|3\n|\n|t:|1781453461\n|switch|p2a: Golem|Golem, L87, M|281/281\n|move|p1a: Talonflame|Will-O-Wisp|p2a: Golem\n|-status|p2a: Golem|brn\n|\n|-damage|p2a: Golem|264/281 brn|[from] brn\n|upkeep\n|turn|4\n|\n|t:|1781453469\n|switch|p1a: Wyrdeer|Wyrdeer, L87, F|134/321\n|-ability|p1a: Wyrdeer|Intimidate|boost\n|-unboost|p2a: Golem|atk|1\n|move|p2a: Golem|Stealth Rock|p1a: Wyrdeer\n|-sidestart|p1: rrrpppp|move: Stealth Rock\n|\n|-damage|p2a: Golem|247/281 brn|[from] brn\n|upkeep\n|turn|5\n|\n|t:|1781453482\n|move|p1a: Wyrdeer|Psychic Noise|p2a: Golem\n|-damage|p2a: Golem|147/281 brn\n|-start|p2a: Golem|move: Heal Block\n|move|p2a: Golem|Earthquake|p1a: Wyrdeer\n|-damage|p1a: Wyrdeer|89/321\n|\n|-damage|p2a: Golem|130/281 brn|[from] brn\n|upkeep\n|turn|6\n|\n|t:|1781453493\n|switch|p2a: Grimmsnarl|Grimmsnarl, L83, M|293/293\n|move|p1a: Wyrdeer|Psychic Noise|p2a: Grimmsnarl\n|-immune|p2a: Grimmsnarl\n|\n|upkeep\n|turn|7\n|\n|t:|1781453502\n|move|p1a: Wyrdeer|Body Slam|p2a: Grimmsnarl\n|-damage|p2a: Grimmsnarl|163/293\n|-status|p2a: Grimmsnarl|par\n|move|p2a: Grimmsnarl|Spirit Break|p1a: Wyrdeer\n|-damage|p1a: Wyrdeer|0 fnt\n|faint|p1a: Wyrdeer\n|\n|-heal|p2a: Grimmsnarl|181/293 par|[from] item: Leftovers\n|upkeep\n|\n|t:|1781453517\n|switch|p1a: Hoopa|Hoopa-Unbound, L80|259/259\n|-damage|p1a: Hoopa|227/259|[from] Stealth Rock\n|turn|8\n|\n|t:|1781453525\n|move|p1a: Hoopa|Gunk Shot|p2a: Grimmsnarl\n|-supereffective|p2a: Grimmsnarl\n|-crit|p2a: Grimmsnarl\n|-damage|p2a: Grimmsnarl|0 fnt\n|faint|p2a: Grimmsnarl\n|\n|upkeep\n|\n|t:|1781453546\n|switch|p2a: Kleavor|Kleavor, L78, M|237/237\n|turn|9\n|\n|t:|1781453564\n|switch|p1a: Lumineon|Lumineon, L93, F|279/279\n|move|p2a: Kleavor|Stone Axe|p1a: Lumineon\n|-damage|p1a: Lumineon|162/279\n|\n|upkeep\n|turn|10\n|\n|t:|1781453575\n|switch|p2a: Golem|Golem, L87, M|130/281 brn\n|move|p1a: Lumineon|Hydro Pump|p2a: Golem\n|-supereffective|p2a: Golem\n|-damage|p2a: Golem|0 fnt\n|faint|p2a: Golem\n|\n|upkeep\n|\n|t:|1781453602\n|switch|p2a: Lilligant|Lilligant-Hisui, L79, F|192/240\n|turn|11\n|\n|t:|1781453608\n|move|p1a: Lumineon|Ice Beam|p2a: Lilligant\n|-supereffective|p2a: Lilligant\n|-damage|p2a: Lilligant|58/240\n|move|p2a: Lilligant|Victory Dance|p2a: Lilligant\n|-boost|p2a: Lilligant|atk|1\n|-boost|p2a: Lilligant|def|1\n|-boost|p2a: Lilligant|spe|1\n|\n|upkeep\n|turn|12\n|\n|t:|1781453619\n|move|p2a: Lilligant|Leaf Blade|p1a: Lumineon|[miss]\n|-miss|p2a: Lilligant|p1a: Lumineon\n|move|p1a: Lumineon|Encore|p2a: Lilligant\n|-start|p2a: Lilligant|Encore\n|\n|upkeep\n|turn|13\n|\n|t:|1781453625\n|switch|p1a: Talonflame|Talonflame, L83, F|169/265\n|move|p2a: Lilligant|Leaf Blade|p1a: Talonflame\n|-resisted|p1a: Talonflame\n|-damage|p1a: Talonflame|91/265\n|-status|p2a: Lilligant|brn|[from] ability: Flame Body|[of] p1a: Talonflame\n|-damage|p2a: Lilligant|34/240 brn|[from] item: Life Orb\n|\n|-damage|p2a: Lilligant|19/240 brn|[from] brn\n|upkeep\n|turn|14\n|\n|t:|1781453635\n|move|p2a: Lilligant|Leaf Blade|p1a: Talonflame\n|-resisted|p1a: Talonflame\n|-damage|p1a: Talonflame|53/265\n|-damage|p2a: Lilligant|0 fnt|[from] item: Life Orb\n|faint|p2a: Lilligant\n|move|p1a: Talonflame|Roost|p1a: Talonflame\n|-heal|p1a: Talonflame|186/265\n|-singleturn|p1a: Talonflame|move: Roost\n|\n|upkeep\n|\n|t:|1781453638\n|switch|p2a: Kleavor|Kleavor, L78, M|237/237\n|turn|15\n|\n|t:|1781453653\n|switch|p1a: Lumineon|Lumineon, L93, F|162/279\n|move|p2a: Kleavor|Stone Axe|p1a: Lumineon\n|-damage|p1a: Lumineon|42/279\n|\n|upkeep\n|turn|16\n|\n|t:|1781453658\n|move|p2a: Kleavor|Stone Axe|p1a: Lumineon\n|-damage|p1a: Lumineon|0 fnt\n|faint|p1a: Lumineon\n|\n|upkeep\n|\n|t:|1781453666\n|switch|p1a: Hoopa|Hoopa-Unbound, L80|227/259\n|-damage|p1a: Hoopa|195/259|[from] Stealth Rock\n|turn|17\n|\n|t:|1781453678\n|switch|p2a: Cobalion|Cobalion, L80|277/277\n|move|p1a: Hoopa|Hyperspace Fury|p2a: Cobalion\n|-resisted|p2a: Cobalion\n|-damage|p2a: Cobalion|220/277\n|-unboost|p1a: Hoopa|def|1\n|-ability|p2a: Cobalion|Justified|boost\n|-boost|p2a: Cobalion|atk|1\n|\n|-heal|p2a: Cobalion|237/277|[from] item: Leftovers\n|upkeep\n|turn|18\n|\n|t:|1781453689\n|switch|p2a: Kleavor|Kleavor, L78, M|237/237\n|move|p1a: Hoopa|Focus Blast|p2a: Kleavor\n|-damage|p2a: Kleavor|84/237\n|\n|upkeep\n|turn|19\n|\n|t:|1781453703\n|switch|p1a: Raging Bolt|Raging Bolt, L78|323/323\n|-damage|p1a: Raging Bolt|283/323|[from] Stealth Rock\n|move|p2a: Kleavor|U-turn|p1a: Raging Bolt\n|-damage|p1a: Raging Bolt|189/323\n|\n|t:|1781453707\n|switch|p2a: Zacian|Zacian-Crowned, L64|225/225|[from] U-turn\n|-ability|p2a: Zacian|Intrepid Sword|boost\n|-boost|p2a: Zacian|atk|1\n|\n|-heal|p1a: Raging Bolt|209/323|[from] item: Leftovers\n|upkeep\n|turn|20\n|\n|t:|1781453722\n|move|p2a: Zacian|Play Rough|p1a: Raging Bolt\n|-supereffective|p1a: Raging Bolt\n|-damage|p1a: Raging Bolt|0 fnt\n|faint|p1a: Raging Bolt\n|-end|p1a: Raging Bolt|Protosynthesis|[silent]\n|\n|upkeep\n|\n|t:|1781453727\n|switch|p1a: Talonflame|Talonflame, L83, F|186/265\n|turn|21\n|\n|t:|1781453754\n|switch|p2a: Cobalion|Cobalion, L80|237/277\n|move|p1a: Talonflame|Will-O-Wisp|p2a: Cobalion\n|-status|p2a: Cobalion|brn\n|\n|-heal|p2a: Cobalion|254/277 brn|[from] item: Leftovers\n|-damage|p2a: Cobalion|237/277 brn|[from] brn\n|upkeep\n|turn|22\n|\n|t:|1781453767\n|switch|p1a: Hoopa|Hoopa-Unbound, L80|195/259\n|-damage|p1a: Hoopa|163/259|[from] Stealth Rock\n|move|p2a: Cobalion|Calm Mind|p2a: Cobalion\n|-boost|p2a: Cobalion|spa|1\n|-boost|p2a: Cobalion|spd|1\n|\n|-heal|p2a: Cobalion|254/277 brn|[from] item: Leftovers\n|-damage|p2a: Cobalion|237/277 brn|[from] brn\n|upkeep\n|turn|23\n|\n|t:|1781453780\n|move|p2a: Cobalion|Flash Cannon|p1a: Hoopa\n|-damage|p1a: Hoopa|105/259\n|-unboost|p1a: Hoopa|spd|1\n|move|p1a: Hoopa|Focus Blast|p2a: Cobalion\n|-supereffective|p2a: Cobalion\n|-crit|p2a: Cobalion\n|-damage|p2a: Cobalion|0 fnt\n|faint|p2a: Cobalion\n|\n|upkeep\n|\n|t:|1781453789\n|switch|p2a: Kleavor|Kleavor, L78, M|84/237\n|turn|24\n|\n|t:|1781453794\n|move|p2a: Kleavor|Stone Axe|p1a: Hoopa\n|-damage|p1a: Hoopa|0 fnt\n|faint|p1a: Hoopa\n|\n|upkeep\n|\n|t:|1781453805\n|switch|p1a: Cloyster|Cloyster, L80, F|211/211\n|-damage|p1a: Cloyster|159/211|[from] Stealth Rock\n|turn|25\n|\n|t:|1781453816\n|switch|p2a: Zacian|Zacian-Crowned, L64|225/225\n|-terastallize|p1a: Cloyster|Rock\n|move|p1a: Cloyster|Shell Smash|p1a: Cloyster\n|-unboost|p1a: Cloyster|def|1\n|-unboost|p1a: Cloyster|spd|1\n|-boost|p1a: Cloyster|atk|2\n|-boost|p1a: Cloyster|spa|2\n|-boost|p1a: Cloyster|spe|2\n|-enditem|p1a: Cloyster|White Herb\n|-clearnegativeboost|p1a: Cloyster|[silent]\n|\n|upkeep\n|turn|26\n|\n|t:|1781453838\n|move|p1a: Cloyster|Hydro Pump|p2a: Zacian\n|-damage|p2a: Zacian|6/225\n|move|p2a: Zacian|Behemoth Blade|p1a: Cloyster\n|-supereffective|p1a: Cloyster\n|-damage|p1a: Cloyster|45/211\n|\n|upkeep\n|turn|27\n|\n|t:|1781453846\n|move|p1a: Cloyster|Icicle Spear|p2a: Zacian\n|-resisted|p2a: Zacian\n|-damage|p2a: Zacian|0 fnt\n|faint|p2a: Zacian\n|-hitcount|p2: Zacian|1\n|\n|upkeep\n|\n|t:|1781453848\n|switch|p2a: Kleavor|Kleavor, L78, M|84/237\n|turn|28\n|\n|t:|1781453852\n|move|p1a: Cloyster|Icicle Spear|p2a: Kleavor\n|-damage|p2a: Kleavor|36/237\n|-damage|p2a: Kleavor|0 fnt\n|faint|p2a: Kleavor\n|-hitcount|p2: Kleavor|2\n|\n|win|rrrpppp\n", "inputlog": ">version a8376a258c1d4662feba110a92103f3664a72141\n>start {\"formatid\":\"gen9randombattle\",\"seed\":\"sodium,56cd63411152db3eb3daecace618d376\",\"rated\":\"Rated battle\"}\n>player p1 {\"name\":\"rrrpppp\",\"avatar\":\"169\",\"rating\":1987,\"seed\":\"sodium,51e22608028c6a3cc48673fabb8059db\"}\n>player p2 {\"name\":\"darkiway\",\"avatar\":\"lady\",\"rating\":2010,\"seed\":\"sodium,ff8fb3875c0d1a30161383f614a86b74\"}\n>p1 switch 6\n>p2 move closecombat\n>p1 switch 5\n>p2 move closecombat\n>p1 move willowisp\n>p2 switch 5\n>p1 switch 5\n>p2 move stealthrock\n>p1 move psychicnoise\n>p2 move earthquake\n>p1 move psychicnoise\n>p2 switch 3\n>p1 move bodyslam\n>p2 move spiritbreak\n>p1 switch 3\n>p1 move gunkshot\n>p2 move spiritbreak\n>p2 switch 6\n>p1 switch 4\n>p2 move stoneaxe\n>p1 move hydropump\n>p2 switch 3\n>p2 switch 5\n>p1 move icebeam\n>p2 move victorydance\n>p1 move encore\n>p2 move leafblade\n>p1 switch 5\n>p2 move leafblade\n>p1 move roost\n>p2 move leafblade\n>p2 switch 3\n>p1 switch 5\n>p2 move stoneaxe\n>p1 move hydropump\n>p2 move stoneaxe\n>p1 switch 4\n>p1 move hyperspacefury\n>p2 switch 4\n>p1 move focusblast\n>p2 switch 4\n>p1 switch 2\n>p2 move uturn\n>p2 switch 2\n>p1 move thunderbolt\n>p2 move playrough\n>p1 switch 5\n>p1 move willowisp\n>p2 switch 4\n>p1 switch 2\n>p2 move calmmind\n>p1 move focusblast\n>p2 move flashcannon\n>p2 switch 2\n>p1 move psychic\n>p2 move stoneaxe\n>p1 switch 6\n>p1 move shellsmash terastallize\n>p2 switch 4\n>p1 move hydropump\n>p2 move behemothblade\n>p1 move iciclespear\n>p2 move behemothblade\n>p2 switch 4\n>p1 move iciclespear\n>p2 move stoneaxe", "uploadtime": 1781453415, "views": 6, "formatid": "gen9randombattle", "rating": null, "private": 0, "password": null}