{"id": "gen9randombattle-2631685917", "format": "[Gen 9] Random Battle", "players": ["dumbidiotgirl", "Sir tickletoot"], "log": "|j|\u2606dumbidiotgirl\n|j|\u2606Sir tickletoot\n|t:|1781421575\n|gametype|singles\n|player|p1|dumbidiotgirl|wicke|1313\n|player|p2|Sir tickletoot|phillipe|1290\n|gen|9\n|tier|[Gen 9] Random Battle\n|rated|\n|rule|Species Clause: Limit one of each Pok\u00e9mon\n|rule|HP Percentage Mod: HP is shown in percentages\n|rule|Sleep Clause Mod: Limit one foe put to sleep\n|rule|Illusion Level Mod: Illusion disguises the Pok\u00e9mon's true level\n|\n|t:|1781421575\n|teamsize|p1|6\n|teamsize|p2|6\n|start\n|switch|p1a: Swampert|Swampert, L83, M|302/302\n|switch|p2a: Magcargo|Magcargo, L95, F|268/268\n|turn|1\n|\n|t:|1781421589\n|switch|p2a: Cacturne|Cacturne, L92, M|278/278\n|move|p1a: Swampert|Earthquake|p2a: Cacturne\n|-resisted|p2a: Cacturne\n|-damage|p2a: Cacturne|206/278\n|\n|upkeep\n|turn|2\n|\n|t:|1781421599\n|switch|p1a: Regice|Regice, L88|284/284\n|move|p2a: Cacturne|Seed Bomb|p1a: Regice\n|-damage|p1a: Regice|163/284\n|-damage|p2a: Cacturne|179/278|[from] item: Life Orb\n|\n|upkeep\n|turn|3\n|\n|t:|1781421604\n|-terastallize|p2a: Cacturne|Poison\n|move|p2a: Cacturne|Swords Dance|p2a: Cacturne\n|-boost|p2a: Cacturne|atk|2\n|move|p1a: Regice|Ice Beam|p2a: Cacturne\n|-damage|p2a: Cacturne|46/278\n|\n|upkeep\n|turn|4\n|\n|t:|1781421607\n|move|p2a: Cacturne|Seed Bomb|p1a: Regice\n|-damage|p1a: Regice|0 fnt\n|faint|p1a: Regice\n|-damage|p2a: Cacturne|19/278|[from] item: Life Orb\n|\n|upkeep\n|\n|t:|1781421612\n|switch|p1a: Ditto|Ditto, L87|225/225\n|-transform|p1a: Ditto|p2a: Cacturne|[from] ability: Imposter\n|-start|p1a: Ditto|typechange|Grass/Dark|[silent]\n|turn|5\n|\n|t:|1781421620\n|switch|p2a: Azumarill|Azumarill, L82, M|298/298\n|move|p1a: Ditto|Seed Bomb|p2a: Azumarill\n|-supereffective|p2a: Azumarill\n|-damage|p2a: Azumarill|0 fnt\n|faint|p2a: Azumarill\n|\n|upkeep\n|\n|t:|1781421630\n|switch|p2a: Magcargo|Magcargo, L95, F|268/268\n|turn|6\n|inactive|Battle timer is ON: inactive players will automatically lose when time's up. (requested by Sir tickletoot)\n|\n|t:|1781421639\n|-terastallize|p1a: Ditto|Ghost\n|move|p1a: Ditto|Seed Bomb|p2a: Magcargo\n|-damage|p2a: Magcargo|114/268\n|move|p2a: Magcargo|Lava Plume|p1a: Ditto\n|-damage|p1a: Ditto|96/225\n|-status|p1a: Ditto|brn\n|\n|-damage|p1a: Ditto|82/225 brn|[from] brn\n|upkeep\n|turn|7\n|\n|t:|1781421646\n|move|p1a: Ditto|Seed Bomb|p2a: Magcargo\n|-damage|p2a: Magcargo|45/268\n|move|p2a: Magcargo|Lava Plume|p1a: Ditto\n|-damage|p1a: Ditto|0 fnt\n|faint|p1a: Ditto\n|\n|upkeep\n|\n|t:|1781421650\n|switch|p1a: Swampert|Swampert, L83, M|302/302\n|turn|8\n|\n|t:|1781421666\n|move|p1a: Swampert|Earthquake|p2a: Magcargo\n|-supereffective|p2a: Magcargo\n|-damage|p2a: Magcargo|0 fnt\n|faint|p2a: Magcargo\n|\n|upkeep\n|\n|t:|1781421670\n|switch|p2a: Whimsicott|Whimsicott, L84, M|238/238\n|turn|9\n|\n|t:|1781421674\n|move|p2a: Whimsicott|Substitute|p2a: Whimsicott\n|-start|p2a: Whimsicott|Substitute\n|-damage|p2a: Whimsicott|179/238\n|move|p1a: Swampert|Ice Beam|p2a: Whimsicott\n|-supereffective|p2a: Whimsicott\n|-end|p2a: Whimsicott|Substitute\n|\n|-heal|p2a: Whimsicott|193/238|[from] item: Leftovers\n|upkeep\n|turn|10\n|\n|t:|1781421684\n|switch|p2a: Ampharos|Ampharos, L88, M|302/302\n|move|p1a: Swampert|Ice Beam|p2a: Ampharos\n|-damage|p2a: Ampharos|268/302\n|-status|p2a: Ampharos|frz\n|\n|upkeep\n|turn|11\n|\n|t:|1781421687\n|cant|p2a: Ampharos|frz\n|move|p1a: Swampert|Earthquake|p2a: Ampharos\n|-supereffective|p2a: Ampharos\n|-damage|p2a: Ampharos|38/302 frz\n|\n|upkeep\n|turn|12\n|\n|t:|1781421692\n|switch|p2a: Latios|Latios, L78, M|253/253\n|move|p1a: Swampert|Earthquake|p2a: Latios\n|-immune|p2a: Latios|[from] ability: Levitate\n|\n|upkeep\n|turn|13\n|\n|t:|1781421695\n|move|p2a: Latios|Luster Purge|p1a: Swampert\n|-damage|p1a: Swampert|178/302\n|-unboost|p1a: Swampert|spd|1\n|move|p1a: Swampert|Ice Beam|p2a: Latios\n|-supereffective|p2a: Latios\n|-damage|p2a: Latios|153/253\n|-status|p2a: Latios|frz\n|\n|-heal|p1a: Swampert|196/302|[from] item: Leftovers\n|upkeep\n|turn|14\n|inactive|Sir tickletoot has 120 seconds left.\n|inactive|Sir tickletoot has 90 seconds left.\n|\n|t:|1781421783\n|cant|p2a: Latios|frz\n|move|p1a: Swampert|Knock Off|p2a: Latios\n|-supereffective|p2a: Latios\n|-damage|p2a: Latios|0 fnt\n|-enditem|p2a: Latios|Soul Dew|[from] move: Knock Off|[of] p1a: Swampert\n|faint|p2a: Latios\n|\n|-heal|p1a: Swampert|214/302|[from] item: Leftovers\n|upkeep\n|\n|t:|1781421785\n|switch|p2a: Whimsicott|Whimsicott, L84, M|193/238\n|turn|15\n|\n|t:|1781421794\n|move|p2a: Whimsicott|Substitute|p2a: Whimsicott\n|-start|p2a: Whimsicott|Substitute\n|-damage|p2a: Whimsicott|134/238\n|move|p1a: Swampert|Ice Beam|p2a: Whimsicott\n|-supereffective|p2a: Whimsicott\n|-end|p2a: Whimsicott|Substitute\n|\n|-heal|p2a: Whimsicott|148/238|[from] item: Leftovers\n|-heal|p1a: Swampert|232/302|[from] item: Leftovers\n|upkeep\n|turn|16\n|inactive|Sir tickletoot has 60 seconds left.\n|\n|t:|1781421845\n|move|p2a: Whimsicott|Substitute|p2a: Whimsicott\n|-start|p2a: Whimsicott|Substitute\n|-damage|p2a: Whimsicott|89/238\n|move|p1a: Swampert|Ice Beam|p2a: Whimsicott\n|-supereffective|p2a: Whimsicott\n|-end|p2a: Whimsicott|Substitute\n|\n|-heal|p2a: Whimsicott|103/238|[from] item: Leftovers\n|-heal|p1a: Swampert|250/302|[from] item: Leftovers\n|upkeep\n|turn|17\n|\n|t:|1781421848\n|move|p2a: Whimsicott|Substitute|p2a: Whimsicott\n|-start|p2a: Whimsicott|Substitute\n|-damage|p2a: Whimsicott|44/238\n|move|p1a: Swampert|Ice Beam|p2a: Whimsicott\n|-supereffective|p2a: Whimsicott\n|-end|p2a: Whimsicott|Substitute\n|\n|-heal|p2a: Whimsicott|58/238|[from] item: Leftovers\n|-heal|p1a: Swampert|268/302|[from] item: Leftovers\n|upkeep\n|turn|18\n|inactiveoff|Battle timer is now OFF.\n|-message|Sir tickletoot forfeited.\n|\n|win|dumbidiotgirl\n|raw|dumbidiotgirl's rating: 1313 &rarr; <strong>1330</strong><br />(+17 for winning)\n|raw|Sir tickletoot's rating: 1260 &rarr; <strong>1239</strong><br />(-21 for losing)\n|l|\u2606Sir tickletoot\n|player|p2|\n", "inputlog": ">version a8376a258c1d4662feba110a92103f3664a72141\n>start {\"formatid\":\"gen9randombattle\",\"seed\":\"sodium,f633655850cefd7f0d851343c85b7c2b\",\"rated\":\"Rated battle\"}\n>player p1 {\"name\":\"dumbidiotgirl\",\"avatar\":\"wicke\",\"rating\":1313,\"seed\":\"sodium,4f03e120b4b50cbb56fddb437db30d18\"}\n>player p2 {\"name\":\"Sir tickletoot\",\"avatar\":\"phillipe\",\"rating\":1290,\"seed\":\"sodium,c23ce648255fbabbecf87a18a0f99f14\"}\n>p1 move earthquake\n>p2 switch 4\n>p1 switch 6\n>p2 move seedbomb\n>p1 move icebeam\n>p2 move swordsdance terastallize\n>p1 move icebeam\n>p2 move seedbomb\n>p1 switch 5\n>p1 move seedbomb\n>p2 switch 6\n>p2 switch 4\n>p1 move seedbomb terastallize\n>p2 move lavaplume\n>p1 move seedbomb\n>p2 move lavaplume\n>p1 switch 6\n>p1 move earthquake\n>p2 move recover\n>p2 switch 3\n>p1 move icebeam\n>p2 move substitute\n>p1 move icebeam\n>p2 switch 2\n>p1 move earthquake\n>p2 move voltswitch\n>p1 move earthquake\n>p2 switch 5\n>p1 move icebeam\n>p2 move lusterpurge\n>p1 move knockoff\n>p2 move recover\n>p2 switch 2\n>p1 move icebeam\n>p2 move substitute\n>p1 move icebeam\n>p2 move substitute\n>p1 move icebeam\n>p2 move substitute\n>forcelose p2", "uploadtime": 1781421866, "views": 3, "formatid": "gen9randombattle", "rating": 1239, "private": 0, "password": null}