{"id": "gen9randombattle-2631536492", "format": "[Gen 9] Random Battle", "players": ["dhdhdyududhfr", "KJRSERHT"], "log": "|j|\u2606dhdhdyududhfr\n|j|\u2606KJRSERHT\n|t:|1781398098\n|gametype|singles\n|player|p1|dhdhdyududhfr|2|1044\n|player|p2|KJRSERHT|rosa|1062\n|gen|9\n|tier|[Gen 9] Random Battle\n|rated|\n|rule|Species Clause: Limit one of each Pok\u00e9mon\n|rule|HP Percentage Mod: HP is shown in percentages\n|rule|Sleep Clause Mod: Limit one foe put to sleep\n|rule|Illusion Level Mod: Illusion disguises the Pok\u00e9mon's true level\n|\n|t:|1781398098\n|teamsize|p1|6\n|teamsize|p2|6\n|start\n|switch|p1a: Uxie|Uxie, L83|260/260\n|switch|p2a: Squawkabilly|Squawkabilly-White, L89, M|291/291\n|turn|1\n|\n|t:|1781398107\n|move|p2a: Squawkabilly|Parting Shot|p1a: Uxie\n|-unboost|p1a: Uxie|atk|1\n|-unboost|p1a: Uxie|spa|1\n|\n|t:|1781398119\n|switch|p2a: Banette|Banette, L93, F|270/270|[from] Parting Shot\n|move|p1a: Uxie|Thunder Wave|p2a: Banette\n|-status|p2a: Banette|par\n|\n|upkeep\n|turn|2\n|\n|t:|1781398133\n|move|p1a: Uxie|U-turn|p2a: Banette\n|-resisted|p2a: Banette\n|-damage|p2a: Banette|254/270 par\n|\n|t:|1781398139\n|switch|p1a: Chansey|Chansey, L85, F|564/564|[from] U-turn\n|move|p2a: Banette|Thunder Wave|p1a: Chansey\n|-status|p1a: Chansey|par\n|\n|upkeep\n|turn|3\n|inactive|Battle timer is ON: inactive players will automatically lose when time's up. (requested by KJRSERHT)\n|\n|t:|1781398148\n|-curestatus|p1a: Chansey|par|[from] ability: Natural Cure|[silent]\n|switch|p1a: Camerupt|Camerupt, L91, M|275/275\n|cant|p2a: Banette|par\n|\n|upkeep\n|turn|4\n|\n|t:|1781398163\n|switch|p2a: Dewgong|Dewgong, L94, M|322/322\n|move|p1a: Camerupt|Stealth Rock|p2a: Dewgong\n|-sidestart|p2: KJRSERHT|move: Stealth Rock\n|\n|upkeep\n|turn|5\n|\n|t:|1781398170\n|switch|p1a: Uxie|Uxie, L83|260/260\n|move|p2a: Dewgong|Encore||[still]\n|-fail|p2a: Dewgong\n|\n|upkeep\n|turn|6\n|\n|t:|1781398176\n|move|p1a: Uxie|Knock Off|p2a: Dewgong\n|-damage|p2a: Dewgong|271/322\n|-enditem|p2a: Dewgong|Heavy-Duty Boots|[from] move: Knock Off|[of] p1a: Uxie\n|move|p2a: Dewgong|Knock Off|p1a: Uxie\n|-supereffective|p1a: Uxie\n|-damage|p1a: Uxie|150/260\n|-enditem|p1a: Uxie|Leftovers|[from] move: Knock Off|[of] p2a: Dewgong\n|\n|upkeep\n|turn|7\n|\n|t:|1781398189\n|move|p1a: Uxie|Thunder Wave|p2a: Dewgong|[miss]\n|-miss|p1a: Uxie|p2a: Dewgong\n|move|p2a: Dewgong|Hydro Pump|p1a: Uxie\n|-damage|p1a: Uxie|63/260\n|\n|upkeep\n|turn|8\n|\n|t:|1781398202\n|switch|p2a: Banette|Banette, L93, F|254/270 par\n|-damage|p2a: Banette|221/270 par|[from] Stealth Rock\n|move|p1a: Uxie|U-turn|p2a: Banette\n|-resisted|p2a: Banette\n|-damage|p2a: Banette|199/270 par\n|\n|t:|1781398205\n|switch|p1a: Camerupt|Camerupt, L91, M|275/275|[from] U-turn\n|\n|upkeep\n|turn|9\n|\n|t:|1781398221\n|switch|p2a: Dewgong|Dewgong, L94, M|271/322\n|-damage|p2a: Dewgong|191/322|[from] Stealth Rock\n|move|p1a: Camerupt|Earthquake|p2a: Dewgong\n|-damage|p2a: Dewgong|71/322\n|\n|upkeep\n|turn|10\n|\n|t:|1781398230\n|switch|p1a: Uxie|Uxie, L83|63/260\n|move|p2a: Dewgong|Hydro Pump|p1a: Uxie\n|-damage|p1a: Uxie|0 fnt\n|faint|p1a: Uxie\n|\n|upkeep\n|\n|t:|1781398247\n|switch|p1a: Solgaleo|Solgaleo, L74|325/325\n|turn|11\n|\n|t:|1781398259\n|move|p1a: Solgaleo|Sunsteel Strike|p2a: Dewgong\n|-damage|p2a: Dewgong|0 fnt\n|faint|p2a: Dewgong\n|\n|upkeep\n|\n|t:|1781398273\n|switch|p2a: Banette|Banette, L93, F|199/270 par\n|-damage|p2a: Banette|166/270 par|[from] Stealth Rock\n|turn|12\n|\n|t:|1781398281\n|switch|p1a: Camerupt|Camerupt, L91, M|275/275\n|move|p2a: Banette|Thunder Wave|p1a: Camerupt\n|-immune|p1a: Camerupt\n|\n|upkeep\n|turn|13\n|-message|KJRSERHT forfeited.\n|\n|win|dhdhdyududhfr\n|raw|dhdhdyududhfr's rating: 1044 &rarr; <strong>1079</strong><br />(+35 for winning)\n|raw|KJRSERHT's rating: 1062 &rarr; <strong>1042</strong><br />(-20 for losing)\n|l|\u2606KJRSERHT\n|player|p2|\n", "inputlog": ">version a8376a258c1d4662feba110a92103f3664a72141\n>start {\"formatid\":\"gen9randombattle\",\"seed\":\"sodium,c3e1ef86a3ca27508992ef2fbdf972b1\",\"rated\":\"Rated battle\"}\n>player p1 {\"name\":\"dhdhdyududhfr\",\"avatar\":\"2\",\"rating\":1044,\"seed\":\"sodium,dc273b0cef09e197976e5a9d402b86c0\"}\n>player p2 {\"name\":\"KJRSERHT\",\"avatar\":\"rosa\",\"rating\":1062,\"seed\":\"sodium,6f11b0f0f5a87ab3f28ee9da0f031840\"}\n>p1 move thunderwave\n>p2 move partingshot\n>p2 switch 4\n>p1 move uturn\n>p2 move thunderwave\n>p1 switch 5\n>p1 switch 6\n>p2 move gunkshot\n>p1 move stealthrock\n>p2 switch 5\n>p1 switch 5\n>p2 move encore\n>p1 move knockoff\n>p2 move knockoff\n>p1 move thunderwave\n>p2 move hydropump\n>p1 move uturn\n>p2 switch 5\n>p1 switch 5\n>p1 move earthquake\n>p2 switch 5\n>p1 switch 5\n>p2 move hydropump\n>p1 switch 3\n>p1 move sunsteelstrike\n>p2 move knockoff\n>p2 switch 5\n>p1 switch 5\n>p2 move thunderwave\n>forcelose p2", "uploadtime": 1781398298, "views": 3, "formatid": "gen9randombattle", "rating": 1042, "private": 0, "password": null}