{"id": "gen9randombattle-2631910156", "format": "[Gen 9] Random Battle", "players": ["itsbaloney", "memegameguy"], "log": "|j|\u2606itsbaloney\n|j|\u2606memegameguy\n|t:|1781454644\n|gametype|singles\n|player|p1|itsbaloney|giovanni|2003\n|player|p2|memegameguy|hilbert|2018\n|gen|9\n|tier|[Gen 9] Random Battle\n|rated|\n|rule|Species Clause: Limit one of each Pok\u00e9mon\n|rule|HP Percentage Mod: HP is shown in percentages\n|rule|Sleep Clause Mod: Limit one foe put to sleep\n|rule|Illusion Level Mod: Illusion disguises the Pok\u00e9mon's true level\n|\n|t:|1781454644\n|teamsize|p1|6\n|teamsize|p2|6\n|start\n|switch|p1a: Chien-Pao|Chien-Pao, L72|234/234\n|switch|p2a: Swampert|Swampert, L83, M|302/302\n|-ability|p1a: Chien-Pao|Sword of Ruin\n|turn|1\n|inactive|Battle timer is ON: inactive players will automatically lose when time's up. (requested by itsbaloney)\n|\n|t:|1781454663\n|switch|p1a: Enamorus|Enamorus-Therian, L83, F|259/259\n|move|p2a: Swampert|Earthquake|p1a: Enamorus\n|-immune|p1a: Enamorus\n|\n|upkeep\n|turn|2\n|\n|t:|1781454670\n|move|p2a: Swampert|Stealth Rock|p1a: Enamorus\n|-sidestart|p1: itsbaloney|move: Stealth Rock\n|move|p1a: Enamorus|Moonblast|p2a: Swampert\n|-damage|p2a: Swampert|163/302\n|\n|-heal|p2a: Swampert|181/302|[from] item: Leftovers\n|upkeep\n|turn|3\n|\n|t:|1781454676\n|move|p2a: Swampert|Knock Off|p1a: Enamorus\n|-resisted|p1a: Enamorus\n|-damage|p1a: Enamorus|229/259\n|-enditem|p1a: Enamorus|Assault Vest|[from] move: Knock Off|[of] p2a: Swampert\n|move|p1a: Enamorus|Moonblast|p2a: Swampert\n|-damage|p2a: Swampert|57/302\n|-unboost|p2a: Swampert|spa|1\n|\n|-heal|p2a: Swampert|75/302|[from] item: Leftovers\n|upkeep\n|turn|4\n|\n|t:|1781454680\n|switch|p2a: Entei|Entei, L78|307/307\n|move|p1a: Enamorus|Moonblast|p2a: Entei\n|-resisted|p2a: Entei\n|-damage|p2a: Entei|223/307\n|\n|upkeep\n|turn|5\n|\n|t:|1781454692\n|move|p2a: Entei|Stone Edge|p1a: Enamorus\n|-supereffective|p1a: Enamorus\n|-damage|p1a: Enamorus|33/259\n|move|p1a: Enamorus|Earth Power|p2a: Entei\n|-supereffective|p2a: Entei\n|-damage|p2a: Entei|13/307\n|-unboost|p2a: Entei|spd|1\n|\n|upkeep\n|turn|6\n|\n|t:|1781454705\n|switch|p1a: Hippowdon|Hippowdon, L82, M|311/311\n|-damage|p1a: Hippowdon|292/311|[from] Stealth Rock\n|-weather|Sandstorm|[from] ability: Sand Stream|[of] p1a: Hippowdon\n|move|p2a: Entei|Stone Edge|p1a: Hippowdon\n|-resisted|p1a: Hippowdon\n|-damage|p1a: Hippowdon|247/311\n|\n|-weather|Sandstorm|[upkeep]\n|-damage|p2a: Entei|0 fnt|[from] Sandstorm\n|faint|p2a: Entei\n|upkeep\n|\n|t:|1781454713\n|switch|p2a: Swampert|Swampert, L83, M|75/302\n|turn|7\n|\n|t:|1781454722\n|switch|p1a: Salamence|Salamence, L77, F|273/273\n|-ability|p1a: Salamence|Intimidate|boost\n|-unboost|p2a: Swampert|atk|1\n|move|p2a: Swampert|Ice Beam|p1a: Salamence\n|-supereffective|p1a: Salamence\n|-damage|p1a: Salamence|25/273\n|\n|-weather|Sandstorm|[upkeep]\n|-damage|p1a: Salamence|8/273|[from] Sandstorm\n|-heal|p2a: Swampert|93/302|[from] item: Leftovers\n|upkeep\n|turn|8\n|\n|t:|1781454730\n|move|p1a: Salamence|Outrage|p2a: Swampert\n|-damage|p2a: Swampert|0 fnt\n|faint|p2a: Swampert\n|\n|-weather|Sandstorm|[upkeep]\n|-damage|p1a: Salamence|0 fnt|[from] Sandstorm\n|faint|p1a: Salamence\n|upkeep\n|c|\u2606itsbaloney|forgot u had gto have ice beam or surf, not both\n|\n|t:|1781454745\n|switch|p1a: Hippowdon|Hippowdon, L82, M|247/311\n|switch|p2a: Skuntank|Skuntank, L84, M|310/310\n|-damage|p1a: Hippowdon|228/311|[from] Stealth Rock\n|turn|9\n|\n|t:|1781454749\n|switch|p2a: Lugia|Lugia, L73|275/275\n|move|p1a: Hippowdon|Earthquake|p2a: Lugia\n|-immune|p2a: Lugia\n|\n|-weather|Sandstorm|[upkeep]\n|-damage|p2a: Lugia|258/275|[from] Sandstorm\n|upkeep\n|turn|10\n|\n|t:|1781454756\n|move|p2a: Lugia|Aeroblast|p1a: Hippowdon\n|-damage|p1a: Hippowdon|135/311\n|move|p1a: Hippowdon|Stone Edge|p2a: Lugia\n|-supereffective|p2a: Lugia\n|-damage|p2a: Lugia|126/275\n|\n|-weather|none\n|upkeep\n|turn|11\n|\n|t:|1781454763\n|move|p2a: Lugia|Recover|p2a: Lugia\n|-heal|p2a: Lugia|264/275\n|move|p1a: Hippowdon|Slack Off|p1a: Hippowdon\n|-heal|p1a: Hippowdon|291/311\n|\n|upkeep\n|turn|12\n|\n|t:|1781454768\n|switch|p1a: Magnezone|Magnezone, L85|258/258\n|-damage|p1a: Magnezone|242/258|[from] Stealth Rock\n|move|p2a: Lugia|Calm Mind|p2a: Lugia\n|-boost|p2a: Lugia|spa|1\n|-boost|p2a: Lugia|spd|1\n|\n|upkeep\n|turn|13\n|\n|t:|1781454775\n|move|p2a: Lugia|Aeroblast|p1a: Magnezone\n|-resisted|p1a: Magnezone\n|-damage|p1a: Magnezone|224/258\n|move|p1a: Magnezone|Thunderbolt|p2a: Lugia\n|-supereffective|p2a: Lugia\n|-damage|p2a: Lugia|112/275\n|\n|upkeep\n|turn|14\n|inactive|memegameguy has 120 seconds left.\n|\n|t:|1781454833\n|switch|p2a: Skuntank|Skuntank, L84, M|310/310\n|move|p1a: Magnezone|Volt Switch|p2a: Skuntank\n|-damage|p2a: Skuntank|150/310\n|\n|t:|1781454839\n|switch|p1a: Hippowdon|Hippowdon, L82, M|291/311|[from] Volt Switch\n|-damage|p1a: Hippowdon|272/311|[from] Stealth Rock\n|-weather|Sandstorm|[from] ability: Sand Stream|[of] p1a: Hippowdon\n|\n|-weather|Sandstorm|[upkeep]\n|-damage|p2a: Skuntank|131/310|[from] Sandstorm\n|upkeep\n|turn|15\n|\n|t:|1781454853\n|switch|p2a: Lugia|Lugia, L73|112/275\n|move|p1a: Hippowdon|Earthquake|p2a: Lugia\n|-immune|p2a: Lugia\n|\n|-weather|Sandstorm|[upkeep]\n|-damage|p2a: Lugia|95/275|[from] Sandstorm\n|upkeep\n|turn|16\n|\n|t:|1781454858\n|switch|p1a: Magnezone|Magnezone, L85|224/258\n|-damage|p1a: Magnezone|208/258|[from] Stealth Rock\n|move|p2a: Lugia|Recover|p2a: Lugia\n|-heal|p2a: Lugia|233/275\n|\n|-weather|Sandstorm|[upkeep]\n|-damage|p2a: Lugia|216/275|[from] Sandstorm\n|upkeep\n|turn|17\n|\n|t:|1781454863\n|switch|p2a: Skuntank|Skuntank, L84, M|131/310\n|move|p1a: Magnezone|Volt Switch|p2a: Skuntank\n|-crit|p2a: Skuntank\n|-damage|p2a: Skuntank|0 fnt\n|faint|p2a: Skuntank\n|\n|t:|1781454870\n|switch|p1a: Chien-Pao|Chien-Pao, L72|234/234|[from] Volt Switch\n|-damage|p1a: Chien-Pao|176/234|[from] Stealth Rock\n|-ability|p1a: Chien-Pao|Sword of Ruin\n|\n|-weather|Sandstorm|[upkeep]\n|-damage|p1a: Chien-Pao|162/234|[from] Sandstorm\n|upkeep\n|inactive|memegameguy has 120 seconds left.\n|\n|t:|1781454878\n|switch|p2a: Venomoth|Venomoth, L84, M|255/255\n|turn|18\n|\n|t:|1781454887\n|move|p1a: Chien-Pao|Throat Chop|p2a: Venomoth\n|-damage|p2a: Venomoth|50/255\n|-start|p2a: Venomoth|Throat Chop|[silent]\n|move|p2a: Venomoth|Quiver Dance|p2a: Venomoth\n|-boost|p2a: Venomoth|spa|1\n|-boost|p2a: Venomoth|spd|1\n|-boost|p2a: Venomoth|spe|1\n|\n|-weather|none\n|upkeep\n|turn|19\n|\n|t:|1781454894\n|switch|p1a: Enamorus|Enamorus-Therian, L83, F|33/259\n|-damage|p1a: Enamorus|0 fnt|[from] Stealth Rock\n|faint|p1a: Enamorus\n|move|p2a: Venomoth|Sleep Powder|p1: Enamorus|[notarget]\n|-fail|p2a: Venomoth\n|\n|-end|p2a: Venomoth|Throat Chop|[silent]\n|upkeep\n|\n|t:|1781454913\n|switch|p1a: Hippowdon|Hippowdon, L82, M|272/311\n|-damage|p1a: Hippowdon|253/311|[from] Stealth Rock\n|-weather|Sandstorm|[from] ability: Sand Stream|[of] p1a: Hippowdon\n|turn|20\n|\n|t:|1781454929\n|move|p2a: Venomoth|Sleep Powder|p1a: Hippowdon\n|-status|p1a: Hippowdon|slp|[from] move: Sleep Powder\n|cant|p1a: Hippowdon|slp\n|\n|-weather|Sandstorm|[upkeep]\n|-damage|p2a: Venomoth|35/255|[from] Sandstorm\n|upkeep\n|turn|21\n|\n|t:|1781454932\n|move|p2a: Venomoth|Bug Buzz|p1a: Hippowdon\n|-damage|p1a: Hippowdon|99/311 slp\n|cant|p1a: Hippowdon|slp\n|\n|-weather|Sandstorm|[upkeep]\n|-damage|p2a: Venomoth|20/255|[from] Sandstorm\n|upkeep\n|turn|22\n|\n|t:|1781454953\n|switch|p1a: Hitmonlee|Hitmonlee, L85, M|224/224\n|-damage|p1a: Hitmonlee|210/224|[from] Stealth Rock\n|move|p2a: Venomoth|Bug Buzz|p1a: Hitmonlee\n|-resisted|p1a: Hitmonlee\n|-damage|p1a: Hitmonlee|104/224\n|\n|-weather|Sandstorm|[upkeep]\n|-damage|p2a: Venomoth|5/255|[from] Sandstorm\n|-damage|p1a: Hitmonlee|90/224|[from] Sandstorm\n|upkeep\n|turn|23\n|\n|t:|1781454974\n|switch|p1a: Hippowdon|Hippowdon, L82, M|99/311 slp\n|-damage|p1a: Hippowdon|80/311 slp|[from] Stealth Rock\n|move|p2a: Venomoth|Bug Buzz|p1a: Hippowdon\n|-damage|p1a: Hippowdon|0 fnt\n|faint|p1a: Hippowdon\n|\n|-weather|Sandstorm|[upkeep]\n|-damage|p2a: Venomoth|0 fnt|[from] Sandstorm\n|faint|p2a: Venomoth\n|upkeep\n|\n|t:|1781454988\n|switch|p2a: Lugia|Lugia, L73|216/275\n|switch|p1a: Chien-Pao|Chien-Pao, L72|162/234\n|-damage|p1a: Chien-Pao|104/234|[from] Stealth Rock\n|-ability|p1a: Chien-Pao|Sword of Ruin\n|turn|24\n|\n|t:|1781454994\n|switch|p2a: Banette|Banette, L93, F|270/270\n|move|p1a: Chien-Pao|Throat Chop|p2a: Banette\n|-supereffective|p2a: Banette\n|-damage|p2a: Banette|0 fnt\n|faint|p2a: Banette\n|\n|-weather|none\n|upkeep\n|c|\u2606itsbaloney|gg\n|\n|t:|1781454999\n|switch|p2a: Lugia|Lugia, L73|216/275\n|turn|25\n|\n|t:|1781455003\n|-terastallize|p2a: Lugia|Steel\n|move|p1a: Chien-Pao|Throat Chop|p2a: Lugia\n|-damage|p2a: Lugia|95/275\n|-start|p2a: Lugia|Throat Chop|[silent]\n|move|p2a: Lugia|Recover|p2a: Lugia\n|-heal|p2a: Lugia|233/275\n|\n|upkeep\n|turn|26\n|\n|t:|1781455009\n|move|p1a: Chien-Pao|Throat Chop|p2a: Lugia\n|-damage|p2a: Lugia|98/275\n|move|p2a: Lugia|Recover|p2a: Lugia\n|-heal|p2a: Lugia|236/275\n|\n|-end|p2a: Lugia|Throat Chop|[silent]\n|upkeep\n|turn|27\n|\n|t:|1781455012\n|move|p1a: Chien-Pao|Throat Chop|p2a: Lugia\n|-damage|p2a: Lugia|109/275\n|-start|p2a: Lugia|Throat Chop|[silent]\n|move|p2a: Lugia|Recover|p2a: Lugia\n|-heal|p2a: Lugia|247/275\n|\n|upkeep\n|turn|28\n|\n|t:|1781455019\n|move|p1a: Chien-Pao|Throat Chop|p2a: Lugia\n|-damage|p2a: Lugia|124/275\n|move|p2a: Lugia|Aeroblast|p1a: Chien-Pao\n|-damage|p1a: Chien-Pao|0 fnt\n|faint|p1a: Chien-Pao\n|\n|-end|p2a: Lugia|Throat Chop|[silent]\n|upkeep\n|\n|t:|1781455021\n|switch|p1a: Magnezone|Magnezone, L85|208/258\n|-damage|p1a: Magnezone|192/258|[from] Stealth Rock\n|turn|29\n|\n|t:|1781455039\n|move|p2a: Lugia|Calm Mind|p2a: Lugia\n|-boost|p2a: Lugia|spa|1\n|-boost|p2a: Lugia|spd|1\n|move|p1a: Magnezone|Body Press|p2a: Lugia\n|-supereffective|p2a: Lugia\n|-damage|p2a: Lugia|0 fnt\n|faint|p2a: Lugia\n|\n|win|itsbaloney\n", "inputlog": ">version a8376a258c1d4662feba110a92103f3664a72141\n>start {\"formatid\":\"gen9randombattle\",\"seed\":\"sodium,3e4d45fe50d12638d325b397c399ced1\",\"rated\":\"Rated battle\"}\n>player p1 {\"name\":\"itsbaloney\",\"avatar\":\"giovanni\",\"rating\":2003,\"seed\":\"sodium,79c704dba41c1460039e472e807241d0\"}\n>player p2 {\"name\":\"memegameguy\",\"avatar\":\"hilbert\",\"rating\":2018,\"seed\":\"sodium,66046abcdafcd5649261c457dfe2d6f7\"}\n>p1 switch 2\n>p2 move earthquake\n>p1 move moonblast\n>p2 move stealthrock\n>p1 move moonblast\n>p2 move knockoff\n>p1 move moonblast\n>p2 switch 4\n>p1 move earthpower\n>p2 move stoneedge\n>p1 switch 5\n>p2 move stoneedge\n>p2 switch 4\n>p1 switch 3\n>p2 move icebeam\n>p1 move outrage\n>p2 move knockoff\n>chat \u2606itsbaloney|forgot u had gto have ice beam or surf, not both\n>p1 switch 3\n>p2 switch 5\n>p1 move earthquake\n>p2 switch 3\n>p1 move stoneedge\n>p2 move aeroblast\n>p1 move slackoff\n>p2 move recover\n>p1 switch 4\n>p2 move calmmind\n>p1 move thunderbolt\n>p2 move aeroblast\n>p1 move voltswitch\n>p2 switch 3\n>p1 switch 4\n>p1 move earthquake\n>p2 switch 3\n>p1 switch 4\n>p2 move recover\n>p1 move voltswitch\n>p2 switch 3\n>p1 switch 2\n>p2 switch 2\n>p1 move throatchop\n>p2 move quiverdance\n>p1 switch 5\n>p2 move sleeppowder\n>p1 switch 4\n>p1 move earthquake\n>p2 move sleeppowder\n>p1 move whirlwind\n>p2 move bugbuzz\n>p1 switch 6\n>p2 move bugbuzz\n>p1 switch 6\n>p2 move bugbuzz\n>p1 switch 5\n>p2 switch 3\n>p1 move throatchop\n>p2 switch 6\n>chat \u2606itsbaloney|gg\n>p2 switch 6\n>p1 move throatchop\n>p2 move recover terastallize\n>p1 move throatchop\n>p2 move recover\n>p1 move throatchop\n>p2 move recover\n>p1 move throatchop\n>p2 move aeroblast\n>p1 switch 2\n>p1 move bodypress\n>p2 move calmmind", "uploadtime": 1781454646, "views": 6, "formatid": "gen9randombattle", "rating": null, "private": 0, "password": null}