{"id": "gen9randombattle-2631482590", "format": "[Gen 9] Random Battle", "players": ["gangsta spongebob", "jim150454"], "log": "|j|\u2606gangsta spongebob\n|j|\u2606jim150454\n|t:|1781390574\n|gametype|singles\n|player|p1|gangsta spongebob|102|1997\n|player|p2|jim150454|169|2043\n|gen|9\n|tier|[Gen 9] Random Battle\n|rated|\n|rule|Species Clause: Limit one of each Pok\u00e9mon\n|rule|HP Percentage Mod: HP is shown in percentages\n|rule|Sleep Clause Mod: Limit one foe put to sleep\n|rule|Illusion Level Mod: Illusion disguises the Pok\u00e9mon's true level\n|\n|t:|1781390574\n|teamsize|p1|6\n|teamsize|p2|6\n|start\n|switch|p1a: Amoonguss|Amoonguss, L82, F|321/321\n|switch|p2a: Articuno|Articuno-Galar, L84|288/288\n|turn|1\n|c|\u2606gangsta spongebob|gl hf\n|\n|t:|1781390603\n|switch|p1a: Probopass|Probopass, L91, M|257/257\n|move|p2a: Articuno|Hurricane|p1a: Probopass\n|-resisted|p1a: Probopass\n|-damage|p1a: Probopass|237/257\n|\n|-heal|p1a: Probopass|253/257|[from] item: Leftovers\n|upkeep\n|turn|2\n|\n|t:|1781390640\n|switch|p2a: Iron Treads|Iron Treads, L77|265/265\n|move|p1a: Probopass|Thunder Wave|p2a: Iron Treads\n|-immune|p2a: Iron Treads\n|\n|-heal|p1a: Probopass|257/257|[from] item: Leftovers\n|upkeep\n|turn|3\n|inactive|Battle timer is ON: inactive players will automatically lose when time's up. (requested by gangsta spongebob)\n|\n|t:|1781390720\n|switch|p1a: Dondozo|Dondozo, L78, M|362/362\n|move|p2a: Iron Treads|Knock Off|p1a: Dondozo\n|-damage|p1a: Dondozo|309/362\n|-enditem|p1a: Dondozo|Leftovers|[from] move: Knock Off|[of] p2a: Iron Treads\n|\n|upkeep\n|turn|4\n|\n|t:|1781390737\n|-end|p2a: Iron Treads|Quark Drive|[silent]\n|switch|p2a: Calyrex|Calyrex, L93|337/337\n|-ability|p2a: Calyrex|Unnerve\n|move|p1a: Dondozo|Wave Crash|p2a: Calyrex\n|-resisted|p2a: Calyrex\n|-damage|p2a: Calyrex|286/337\n|-damage|p1a: Dondozo|292/362|[from] Recoil\n|\n|-heal|p2a: Calyrex|307/337|[from] item: Leftovers\n|upkeep\n|turn|5\n|\n|t:|1781390762\n|switch|p1a: Kilowattrel|Kilowattrel, L83, M|252/252\n|move|p2a: Calyrex|Leech Seed|p1a: Kilowattrel\n|-start|p1a: Kilowattrel|move: Leech Seed\n|\n|-heal|p2a: Calyrex|328/337|[from] item: Leftovers\n|-damage|p1a: Kilowattrel|221/252|[from] Leech Seed|[of] p2a: Calyrex\n|-heal|p2a: Calyrex|337/337|[silent]\n|upkeep\n|turn|6\n|\n|t:|1781390769\n|switch|p2a: Iron Treads|Iron Treads, L77|265/265\n|move|p1a: Kilowattrel|U-turn|p2a: Iron Treads\n|-resisted|p2a: Iron Treads\n|-damage|p2a: Iron Treads|248/265\n|\n|t:|1781390775\n|switch|p1a: Amoonguss|Amoonguss, L82, F|321/321|[from] U-turn\n|\n|upkeep\n|turn|7\n|\n|t:|1781390780\n|move|p2a: Iron Treads|Knock Off|p1a: Amoonguss\n|-damage|p1a: Amoonguss|249/321\n|-enditem|p1a: Amoonguss|Leftovers|[from] move: Knock Off|[of] p2a: Iron Treads\n|move|p1a: Amoonguss|Spore|p2a: Iron Treads\n|-status|p2a: Iron Treads|slp|[from] move: Spore\n|\n|upkeep\n|turn|8\n|\n|t:|1781390794\n|switch|p1a: Probopass|Probopass, L91, M|257/257\n|cant|p2a: Iron Treads|slp\n|\n|upkeep\n|turn|9\n|\n|t:|1781390796\n|cant|p2a: Iron Treads|slp\n|move|p1a: Probopass|Body Press|p2a: Iron Treads\n|-supereffective|p2a: Iron Treads\n|-damage|p2a: Iron Treads|104/265 slp\n|\n|upkeep\n|turn|10\n|\n|t:|1781390798\n|cant|p2a: Iron Treads|slp\n|move|p1a: Probopass|Body Press|p2a: Iron Treads\n|-supereffective|p2a: Iron Treads\n|-damage|p2a: Iron Treads|0 fnt\n|faint|p2a: Iron Treads\n|-end|p2a: Iron Treads|Quark Drive|[silent]\n|\n|upkeep\n|\n|t:|1781390801\n|switch|p2a: Ambipom|Ambipom, L84, F|263/263\n|turn|11\n|\n|t:|1781390810\n|switch|p1a: Amoonguss|Amoonguss, L82, F|321/321\n|move|p2a: Ambipom|Low Kick|p1a: Amoonguss\n|-resisted|p1a: Amoonguss\n|-damage|p1a: Amoonguss|281/321\n|\n|upkeep\n|turn|12\n|\n|t:|1781390814\n|switch|p2a: Articuno|Articuno-Galar, L84|288/288\n|move|p1a: Amoonguss|Sludge Bomb|p2a: Articuno\n|-damage|p2a: Articuno|209/288\n|-status|p2a: Articuno|psn\n|\n|-damage|p2a: Articuno|173/288 psn|[from] psn\n|upkeep\n|turn|13\n|\n|t:|1781390818\n|switch|p2a: Ambipom|Ambipom, L84, F|263/263\n|switch|p1a: Probopass|Probopass, L91, M|257/257\n|\n|upkeep\n|turn|14\n|\n|t:|1781390820\n|switch|p1a: Amoonguss|Amoonguss, L82, F|321/321\n|move|p2a: Ambipom|Double-Edge|p1a: Amoonguss\n|-damage|p1a: Amoonguss|98/321\n|-damage|p2a: Ambipom|189/263|[from] Recoil\n|\n|upkeep\n|turn|15\n|\n|t:|1781390823\n|switch|p1a: Probopass|Probopass, L91, M|257/257\n|move|p2a: Ambipom|Double-Edge|p1a: Probopass\n|-resisted|p1a: Probopass\n|-damage|p1a: Probopass|225/257\n|-damage|p2a: Ambipom|178/263|[from] Recoil\n|\n|-heal|p1a: Probopass|241/257|[from] item: Leftovers\n|upkeep\n|turn|16\n|\n|t:|1781390827\n|switch|p2a: Articuno|Articuno-Galar, L84|173/288 psn\n|move|p1a: Probopass|Flash Cannon|p2a: Articuno\n|-damage|p2a: Articuno|103/288 psn\n|-unboost|p2a: Articuno|spd|1\n|-ability|p2a: Articuno|Competitive|boost\n|-boost|p2a: Articuno|spa|2\n|\n|-heal|p1a: Probopass|257/257|[from] item: Leftovers\n|-damage|p2a: Articuno|67/288 psn|[from] psn\n|upkeep\n|turn|17\n|\n|t:|1781390830\n|move|p2a: Articuno|Recover|p2a: Articuno\n|-heal|p2a: Articuno|211/288 psn\n|move|p1a: Probopass|Flash Cannon|p2a: Articuno\n|-damage|p2a: Articuno|103/288 psn\n|\n|-damage|p2a: Articuno|67/288 psn|[from] psn\n|upkeep\n|turn|18\n|\n|t:|1781390836\n|move|p2a: Articuno|Freezing Glare|p1a: Probopass\n|-resisted|p1a: Probopass\n|-damage|p1a: Probopass|189/257\n|move|p1a: Probopass|Flash Cannon|p2a: Articuno\n|-damage|p2a: Articuno|0 fnt\n|faint|p2a: Articuno\n|\n|-heal|p1a: Probopass|205/257|[from] item: Leftovers\n|upkeep\n|\n|t:|1781390840\n|switch|p2a: Ambipom|Ambipom, L84, F|178/263\n|turn|19\n|\n|t:|1781390843\n|switch|p1a: Amoonguss|Amoonguss, L82, F|205/321\n|move|p2a: Ambipom|Double-Edge|p1a: Amoonguss\n|-damage|p1a: Amoonguss|0 fnt\n|faint|p1a: Amoonguss\n|-damage|p2a: Ambipom|110/263|[from] Recoil\n|\n|upkeep\n|\n|t:|1781390844\n|switch|p1a: Probopass|Probopass, L91, M|205/257\n|turn|20\n|\n|t:|1781390847\n|switch|p2a: Calyrex|Calyrex, L93|337/337\n|-ability|p2a: Calyrex|Unnerve\n|move|p1a: Probopass|Thunder Wave|p2a: Calyrex\n|-status|p2a: Calyrex|par\n|\n|-heal|p1a: Probopass|221/257|[from] item: Leftovers\n|upkeep\n|turn|21\n|\n|t:|1781390852\n|switch|p1a: Ursaring|Ursaring, L84, F|288/288\n|move|p2a: Calyrex|Leech Seed|p1a: Ursaring\n|-start|p1a: Ursaring|move: Leech Seed\n|\n|-damage|p1a: Ursaring|252/288|[from] Leech Seed|[of] p2a: Calyrex\n|-status|p1a: Ursaring|tox|[from] item: Toxic Orb\n|upkeep\n|turn|22\n|\n|t:|1781390862\n|switch|p2a: Ambipom|Ambipom, L84, F|110/263\n|move|p1a: Ursaring|Facade|p2a: Ambipom\n|-damage|p2a: Ambipom|0 fnt\n|faint|p2a: Ambipom\n|\n|-damage|p1a: Ursaring|234/288 tox|[from] psn\n|upkeep\n|\n|t:|1781390864\n|switch|p2a: Lurantis|Lurantis, L87, F|264/264\n|turn|23\n|inactive|gangsta spongebob has 120 seconds left.\n|\n|t:|1781390906\n|move|p1a: Ursaring|Facade|p2a: Lurantis\n|-damage|p2a: Lurantis|75/264\n|move|p2a: Lurantis|Superpower|p1a: Ursaring\n|-supereffective|p1a: Ursaring\n|-damage|p1a: Ursaring|24/288 tox\n|-boost|p2a: Lurantis|atk|1\n|-boost|p2a: Lurantis|def|1\n|\n|-damage|p1a: Ursaring|0 fnt|[from] Leech Seed|[of] p2a: Lurantis\n|-heal|p2a: Lurantis|99/264|[silent]\n|faint|p1a: Ursaring\n|upkeep\n|\n|t:|1781390909\n|switch|p1a: Kilowattrel|Kilowattrel, L83, M|221/252\n|turn|24\n|\n|t:|1781390918\n|move|p1a: Kilowattrel|Hurricane|p2a: Lurantis|[miss]\n|-miss|p1a: Kilowattrel|p2a: Lurantis\n|move|p2a: Lurantis|Knock Off|p1a: Kilowattrel\n|-damage|p1a: Kilowattrel|65/252\n|-enditem|p1a: Kilowattrel|Heavy-Duty Boots|[from] move: Knock Off|[of] p2a: Lurantis\n|\n|upkeep\n|turn|25\n|\n|t:|1781390927\n|move|p1a: Kilowattrel|Hurricane|p2a: Lurantis\n|-supereffective|p2a: Lurantis\n|-damage|p2a: Lurantis|0 fnt\n|faint|p2a: Lurantis\n|\n|upkeep\n|\n|t:|1781390931\n|switch|p2a: Cinderace|Cinderace, L77, M|249/249\n|turn|26\n|\n|t:|1781390935\n|switch|p1a: Dondozo|Dondozo, L78, M|292/362\n|move|p2a: Cinderace|High Jump Kick|p1a: Dondozo\n|-start|p2a: Cinderace|typechange|Fighting|[from] ability: Libero\n|-damage|p1a: Dondozo|109/362\n|\n|upkeep\n|turn|27\n|\n|t:|1781390941\n|move|p2a: Cinderace|High Jump Kick|p1a: Dondozo\n|-damage|p1a: Dondozo|0 fnt\n|faint|p1a: Dondozo\n|\n|upkeep\n|\n|t:|1781390946\n|switch|p1a: Kilowattrel|Kilowattrel, L83, M|65/252\n|turn|28\n|\n|t:|1781390948\n|move|p1a: Kilowattrel|Hurricane|p2a: Cinderace|[miss]\n|-miss|p1a: Kilowattrel|p2a: Cinderace\n|move|p2a: Cinderace|High Jump Kick|p1a: Kilowattrel|[miss]\n|-miss|p2a: Cinderace|p1a: Kilowattrel\n|-damage|p2a: Cinderace|125/249|[from] highjumpkick\n|\n|upkeep\n|turn|29\n|\n|t:|1781390952\n|move|p1a: Kilowattrel|Hurricane|p2a: Cinderace|[miss]\n|-miss|p1a: Kilowattrel|p2a: Cinderace\n|move|p2a: Cinderace|High Jump Kick|p1a: Kilowattrel\n|-resisted|p1a: Kilowattrel\n|-damage|p1a: Kilowattrel|0 fnt\n|faint|p1a: Kilowattrel\n|\n|upkeep\n|\n|t:|1781390957\n|switch|p1a: Regidrago|Regidrago, L77|435/435\n|turn|30\n|\n|t:|1781390962\n|move|p2a: Cinderace|High Jump Kick|p1a: Regidrago\n|-damage|p1a: Regidrago|123/435\n|move|p1a: Regidrago|Dragon Claw|p2a: Cinderace\n|-damage|p2a: Cinderace|0 fnt\n|faint|p2a: Cinderace\n|-damage|p1a: Regidrago|80/435|[from] item: Life Orb\n|\n|upkeep\n|\n|t:|1781390964\n|switch|p2a: Calyrex|Calyrex, L93|337/337 par\n|-ability|p2a: Calyrex|Unnerve\n|turn|31\n|\n|t:|1781390971\n|move|p1a: Regidrago|Dragon Claw|p2a: Calyrex\n|-damage|p2a: Calyrex|208/337 par\n|-damage|p1a: Regidrago|37/435|[from] item: Life Orb\n|move|p2a: Calyrex|Psychic|p1a: Regidrago\n|-damage|p1a: Regidrago|0 fnt\n|faint|p1a: Regidrago\n|\n|-heal|p2a: Calyrex|229/337 par|[from] item: Leftovers\n|upkeep\n|\n|t:|1781390973\n|switch|p1a: Probopass|Probopass, L91, M|221/257\n|turn|32\n|\n|t:|1781390976\n|move|p1a: Probopass|Iron Defense|p1a: Probopass\n|-boost|p1a: Probopass|def|2\n|move|p2a: Calyrex|Leech Seed|p1a: Probopass\n|-start|p1a: Probopass|move: Leech Seed\n|\n|-heal|p1a: Probopass|237/257|[from] item: Leftovers\n|-heal|p2a: Calyrex|250/337 par|[from] item: Leftovers\n|-damage|p1a: Probopass|205/257|[from] Leech Seed|[of] p2a: Calyrex\n|-heal|p2a: Calyrex|282/337 par|[silent]\n|upkeep\n|turn|33\n|\n|t:|1781390981\n|move|p1a: Probopass|Iron Defense|p1a: Probopass\n|-boost|p1a: Probopass|def|2\n|move|p2a: Calyrex|Giga Drain|p1a: Probopass\n|-damage|p1a: Probopass|153/257\n|-heal|p2a: Calyrex|308/337 par|[from] drain|[of] p1a: Probopass\n|\n|-heal|p1a: Probopass|169/257|[from] item: Leftovers\n|-heal|p2a: Calyrex|329/337 par|[from] item: Leftovers\n|-damage|p1a: Probopass|137/257|[from] Leech Seed|[of] p2a: Calyrex\n|-heal|p2a: Calyrex|337/337 par|[silent]\n|upkeep\n|turn|34\n|\n|t:|1781390983\n|move|p1a: Probopass|Iron Defense|p1a: Probopass\n|-boost|p1a: Probopass|def|2\n|cant|p2a: Calyrex|par\n|\n|-heal|p1a: Probopass|153/257|[from] item: Leftovers\n|-damage|p1a: Probopass|121/257|[from] Leech Seed|[of] p2a: Calyrex\n|upkeep\n|turn|35\n|\n|t:|1781390986\n|move|p1a: Probopass|Body Press|p2a: Calyrex\n|-resisted|p2a: Calyrex\n|-damage|p2a: Calyrex|175/337 par\n|move|p2a: Calyrex|Giga Drain|p1a: Probopass\n|-damage|p1a: Probopass|70/257\n|-heal|p2a: Calyrex|201/337 par|[from] drain|[of] p1a: Probopass\n|\n|-heal|p1a: Probopass|86/257|[from] item: Leftovers\n|-heal|p2a: Calyrex|222/337 par|[from] item: Leftovers\n|-damage|p1a: Probopass|54/257|[from] Leech Seed|[of] p2a: Calyrex\n|-heal|p2a: Calyrex|254/337 par|[silent]\n|upkeep\n|turn|36\n|\n|t:|1781390989\n|move|p1a: Probopass|Body Press|p2a: Calyrex\n|-resisted|p2a: Calyrex\n|-damage|p2a: Calyrex|88/337 par\n|move|p2a: Calyrex|Giga Drain|p1a: Probopass\n|-damage|p1a: Probopass|5/257\n|-heal|p2a: Calyrex|113/337 par|[from] drain|[of] p1a: Probopass\n|\n|-heal|p1a: Probopass|21/257|[from] item: Leftovers\n|-heal|p2a: Calyrex|134/337 par|[from] item: Leftovers\n|-damage|p1a: Probopass|0 fnt|[from] Leech Seed|[of] p2a: Calyrex\n|-heal|p2a: Calyrex|155/337 par|[silent]\n|faint|p1a: Probopass\n|\n|win|jim150454\n", "inputlog": ">version a8376a258c1d4662feba110a92103f3664a72141\n>start {\"formatid\":\"gen9randombattle\",\"seed\":\"sodium,872eb2a7d6501f57eb4c1a79a4cae23b\",\"rated\":\"Rated battle\"}\n>player p1 {\"name\":\"gangsta spongebob\",\"avatar\":\"102\",\"rating\":1997,\"seed\":\"sodium,33d9fc0fa05833e0f70cee46dbb7e3bb\"}\n>player p2 {\"name\":\"jim150454\",\"avatar\":\"169\",\"rating\":2043,\"seed\":\"sodium,294a1856b9f4c51e584831dec4955360\"}\n>chat \u2606gangsta spongebob|gl hf\n>p1 switch 2\n>p2 move hurricane\n>p1 move thunderwave\n>p2 switch 4\n>p1 switch 6\n>p2 move knockoff\n>p1 move wavecrash\n>p2 switch 3\n>p1 switch 4\n>p2 move leechseed\n>p1 move uturn\n>p2 switch 3\n>p1 switch 2\n>p1 move spore\n>p2 move knockoff\n>p1 switch 6\n>p2 move earthquake\n>p1 move bodypress\n>p2 move earthquake\n>p1 move bodypress\n>p2 move earthquake\n>p2 switch 5\n>p1 switch 6\n>p2 move lowkick\n>p1 move sludgebomb\n>p2 switch 4\n>p1 switch 6\n>p2 switch 4\n>p1 switch 6\n>p2 move doubleedge\n>p1 switch 6\n>p2 move doubleedge\n>p1 move flashcannon\n>p2 switch 4\n>p1 move flashcannon\n>p2 move recover\n>p1 move flashcannon\n>p2 move freezingglare\n>p2 switch 4\n>p1 switch 6\n>p2 move doubleedge\n>p1 switch 6\n>p1 move thunderwave\n>p2 switch 3\n>p1 switch 5\n>p2 move leechseed\n>p1 move facade\n>p2 switch 3\n>p2 switch 2\n>p1 move facade\n>p2 move superpower\n>p1 switch 2\n>p1 move hurricane\n>p2 move knockoff\n>p1 move hurricane\n>p2 move leechlife\n>p2 switch 6\n>p1 switch 4\n>p2 move highjumpkick\n>p1 move rest\n>p2 move highjumpkick\n>p1 switch 4\n>p1 move hurricane\n>p2 move highjumpkick\n>p1 move hurricane\n>p2 move highjumpkick\n>p1 switch 3\n>p1 move dragonclaw\n>p2 move highjumpkick\n>p2 switch 3\n>p1 move dragonclaw\n>p2 move psychic\n>p1 switch 5\n>p1 move irondefense\n>p2 move leechseed\n>p1 move irondefense\n>p2 move gigadrain\n>p1 move irondefense\n>p2 move calmmind\n>p1 move bodypress\n>p2 move gigadrain\n>p1 move bodypress\n>p2 move gigadrain", "uploadtime": 1781390576, "views": 5, "formatid": "gen9randombattle", "rating": null, "private": 0, "password": null}