{"id": "gen9randombattle-2631875509", "format": "[Gen 9] Random Battle", "players": ["pusherGOD700", "meoisil"], "log": "|j|\u2606pusherGOD700\n|j|\u2606meoisil\n|t:|1781450865\n|gametype|singles\n|player|p1|pusherGOD700|burglar|1304\n|player|p2|meoisil|sailor|1297\n|gen|9\n|tier|[Gen 9] Random Battle\n|rated|\n|rule|Species Clause: Limit one of each Pok\u00e9mon\n|rule|HP Percentage Mod: HP is shown in percentages\n|rule|Sleep Clause Mod: Limit one foe put to sleep\n|rule|Illusion Level Mod: Illusion disguises the Pok\u00e9mon's true level\n|\n|t:|1781450865\n|teamsize|p1|6\n|teamsize|p2|6\n|start\n|switch|p1a: Gouging Fire|Gouging Fire, L74|277/277\n|switch|p2a: Mismagius|Mismagius, L86, F|243/243\n|turn|1\n|inactive|Battle timer is ON: inactive players will automatically lose when time's up. (requested by pusherGOD700)\n|inactive|pusherGOD700 has 120 seconds left.\n|\n|t:|1781450913\n|move|p2a: Mismagius|Substitute|p2a: Mismagius\n|-start|p2a: Mismagius|Substitute\n|-damage|p2a: Mismagius|183/243\n|move|p1a: Gouging Fire|Dragon Dance|p1a: Gouging Fire\n|-boost|p1a: Gouging Fire|atk|1\n|-boost|p1a: Gouging Fire|spe|1\n|\n|-heal|p2a: Mismagius|198/243|[from] item: Leftovers\n|upkeep\n|turn|2\n|\n|t:|1781450924\n|move|p1a: Gouging Fire|Heat Crash|p2a: Mismagius\n|-end|p2a: Mismagius|Substitute\n|move|p2a: Mismagius|Nasty Plot|p2a: Mismagius\n|-boost|p2a: Mismagius|spa|2\n|\n|-heal|p2a: Mismagius|213/243|[from] item: Leftovers\n|upkeep\n|turn|3\n|\n|t:|1781450939\n|move|p1a: Gouging Fire|Heat Crash|p2a: Mismagius\n|-damage|p2a: Mismagius|5/243\n|move|p2a: Mismagius|Shadow Ball|p1a: Gouging Fire\n|-damage|p1a: Gouging Fire|85/277\n|\n|-heal|p2a: Mismagius|20/243|[from] item: Leftovers\n|upkeep\n|turn|4\n|\n|t:|1781450949\n|move|p1a: Gouging Fire|Heat Crash|p2a: Mismagius\n|-damage|p2a: Mismagius|0 fnt\n|faint|p2a: Mismagius\n|\n|upkeep\n|\n|t:|1781450964\n|switch|p2a: Armarouge|Armarouge, L80, F|267/267\n|turn|5\n|inactive|pusherGOD700 has 120 seconds left.\n|c|\u2606meoisil|can u play pls\n|inactive|pusherGOD700 has 90 seconds left.\n|c|\u2606pusherGOD700|ermm\n|c|\u2606pusherGOD700|can u play pls\n|c|\u2606pusherGOD700|\ud83e\udd13\n|\n|t:|1781451045\n|-end|p1a: Gouging Fire|Protosynthesis|[silent]\n|switch|p1a: Altaria|Altaria, L89, M|278/278\n|move|p2a: Armarouge|Psyshock|p1a: Altaria\n|-damage|p1a: Altaria|149/278\n|\n|upkeep\n|turn|6\n|c|\u2606meoisil|thx\n|c|\u2606pusherGOD700|thx \ud83e\udd13\n|\n|t:|1781451069\n|switch|p2a: Jirachi|Jirachi, L80|291/291\n|move|p1a: Altaria|Roost|p1a: Altaria\n|-heal|p1a: Altaria|278/278\n|-singleturn|p1a: Altaria|move: Roost\n|\n|upkeep\n|turn|7\n|inactive|pusherGOD700 has 60 seconds left.\n|inactive|meoisil has 120 seconds left.\n|\n|t:|1781451091\n|switch|p1a: Gouging Fire|Gouging Fire, L74|85/277\n|move|p2a: Jirachi|Iron Head|p1a: Gouging Fire\n|-resisted|p1a: Gouging Fire\n|-damage|p1a: Gouging Fire|46/277\n|\n|upkeep\n|turn|8\n|inactive|meoisil has 120 seconds left.\n|\n|t:|1781451102\n|move|p2a: Jirachi|Iron Head|p1a: Gouging Fire\n|-resisted|p1a: Gouging Fire\n|-damage|p1a: Gouging Fire|10/277\n|move|p1a: Gouging Fire|Heat Crash|p2a: Jirachi\n|-supereffective|p2a: Jirachi\n|-damage|p2a: Jirachi|67/291\n|\n|upkeep\n|turn|9\n|\n|t:|1781451112\n|-end|p1a: Gouging Fire|Protosynthesis|[silent]\n|switch|p1a: Bronzong|Bronzong, L88|261/261\n|move|p2a: Jirachi|Iron Head|p1a: Bronzong\n|-resisted|p1a: Bronzong\n|-damage|p1a: Bronzong|229/261\n|\n|-heal|p1a: Bronzong|245/261|[from] item: Leftovers\n|upkeep\n|turn|10\n|\n|t:|1781451123\n|switch|p2a: Hitmonlee|Hitmonlee, L85, M|224/224\n|move|p1a: Bronzong|Iron Defense|p1a: Bronzong\n|-boost|p1a: Bronzong|def|2\n|\n|-heal|p1a: Bronzong|261/261|[from] item: Leftovers\n|upkeep\n|turn|11\n|inactive|pusherGOD700 has 60 seconds left.\n|\n|t:|1781451157\n|move|p2a: Hitmonlee|Knock Off|p1a: Bronzong\n|-supereffective|p1a: Bronzong\n|-damage|p1a: Bronzong|195/261\n|-enditem|p1a: Bronzong|Leftovers|[from] move: Knock Off|[of] p2a: Hitmonlee\n|move|p1a: Bronzong|Iron Defense|p1a: Bronzong\n|-boost|p1a: Bronzong|def|2\n|\n|upkeep\n|turn|12\n|inactive|pusherGOD700 has 60 seconds left.\n|\n|t:|1781451167\n|switch|p2a: Armarouge|Armarouge, L80, F|267/267\n|-terastallize|p1a: Bronzong|Fighting\n|move|p1a: Bronzong|Body Press|p2a: Armarouge\n|-resisted|p2a: Armarouge\n|-damage|p2a: Armarouge|111/267\n|-ability|p2a: Armarouge|Weak Armor|boost\n|-unboost|p2a: Armarouge|def|1\n|-boost|p2a: Armarouge|spe|2\n|\n|upkeep\n|turn|13\n|\n|t:|1781451178\n|move|p2a: Armarouge|Psyshock|p1a: Bronzong\n|-supereffective|p1a: Bronzong\n|-damage|p1a: Bronzong|121/261\n|move|p1a: Bronzong|Body Press|p2a: Armarouge\n|-resisted|p2a: Armarouge\n|-crit|p2a: Armarouge\n|-damage|p2a: Armarouge|0 fnt\n|faint|p2a: Armarouge\n|\n|upkeep\n|c|\u2606pusherGOD700|erm\n|c|\u2606pusherGOD700|can you like\n|c|\u2606pusherGOD700|play\n|c|\u2606pusherGOD700|plis\n|inactive|meoisil has 120 seconds left.\n|c|\u2606pusherGOD700|\ud83e\udd13\n|\n|t:|1781451196\n|switch|p2a: Jirachi|Jirachi, L80|67/291\n|turn|14\n|\n|t:|1781451205\n|move|p2a: Jirachi|Psychic|p1a: Bronzong\n|-supereffective|p1a: Bronzong\n|-crit|p1a: Bronzong\n|-damage|p1a: Bronzong|0 fnt\n|faint|p1a: Bronzong\n|\n|upkeep\n|c|\u2606pusherGOD700|oay\n|c|\u2606pusherGOD700|okay\n|\n|t:|1781451222\n|switch|p1a: Illumise|Illumise, L91, F|266/266\n|turn|15\n|c|\u2606pusherGOD700|i see you\n|\n|t:|1781451231\n|switch|p2a: Scizor|Scizor, L79, F|240/240\n|move|p1a: Illumise|Thunder Wave|p2a: Scizor\n|-status|p2a: Scizor|par\n|\n|upkeep\n|turn|16\n|\n|t:|1781451243\n|switch|p1a: Gouging Fire|Gouging Fire, L74|10/277\n|move|p2a: Scizor|Knock Off|p1a: Gouging Fire\n|-damage|p1a: Gouging Fire|0 fnt\n|-enditem|p1a: Gouging Fire|Heavy-Duty Boots|[from] move: Knock Off|[of] p2a: Scizor\n|faint|p1a: Gouging Fire\n|-end|p1a: Gouging Fire|Protosynthesis|[silent]\n|-damage|p2a: Scizor|216/240 par|[from] item: Life Orb\n|\n|upkeep\n|inactive|pusherGOD700 has 60 seconds left.\n|\n|t:|1781451268\n|switch|p1a: Krookodile|Krookodile, L79, F|280/280\n|-ability|p1a: Krookodile|Intimidate|boost\n|-unboost|p2a: Scizor|atk|1\n|turn|17\n|\n|t:|1781451285\n|switch|p2a: Jirachi|Jirachi, L80|67/291\n|move|p1a: Krookodile|Knock Off|p2a: Jirachi\n|-supereffective|p2a: Jirachi\n|-damage|p2a: Jirachi|0 fnt\n|-enditem|p2a: Jirachi|Choice Scarf|[from] move: Knock Off|[of] p1a: Krookodile\n|faint|p2a: Jirachi\n|\n|upkeep\n|\n|t:|1781451294\n|switch|p2a: Cryogonal|Cryogonal, L89|287/287\n|turn|18\n|\n|t:|1781451307\n|switch|p1a: Illumise|Illumise, L91, F|266/266\n|move|p2a: Cryogonal|Freeze-Dry|p1a: Illumise\n|-damage|p1a: Illumise|190/266\n|\n|upkeep\n|turn|19\n|\n|t:|1781451322\n|move|p1a: Illumise|Thunder Wave|p2a: Cryogonal\n|-status|p2a: Cryogonal|par\n|cant|p2a: Cryogonal|par\n|\n|upkeep\n|turn|20\n|\n|t:|1781451327\n|move|p1a: Illumise|Roost|p1a: Illumise\n|-heal|p1a: Illumise|266/266\n|-singleturn|p1a: Illumise|move: Roost\n|move|p2a: Cryogonal|Flash Cannon|p1a: Illumise\n|-damage|p1a: Illumise|210/266\n|\n|upkeep\n|turn|21\n|inactive|pusherGOD700 has 90 seconds left.\n|\n|t:|1781451342\n|move|p1a: Illumise|Encore|p2a: Cryogonal\n|-start|p2a: Cryogonal|Encore\n|move|p2a: Cryogonal|Flash Cannon|p1a: Illumise\n|-damage|p1a: Illumise|149/266\n|\n|upkeep\n|turn|22\n|\n|t:|1781451347\n|switch|p1a: Altaria|Altaria, L89, M|278/278\n|move|p2a: Cryogonal|Flash Cannon|p1a: Altaria\n|-damage|p1a: Altaria|225/278\n|\n|upkeep\n|turn|23\n|\n|t:|1781451356\n|switch|p2a: Hitmonlee|Hitmonlee, L85, M|224/224\n|move|p1a: Altaria|Dragon Dance|p1a: Altaria\n|-boost|p1a: Altaria|atk|1\n|-boost|p1a: Altaria|spe|1\n|\n|upkeep\n|turn|24\n|\n|t:|1781451367\n|move|p1a: Altaria|Brave Bird|p2a: Hitmonlee\n|-supereffective|p2a: Hitmonlee\n|-damage|p2a: Hitmonlee|0 fnt\n|faint|p2a: Hitmonlee\n|-damage|p1a: Altaria|151/278|[from] Recoil\n|\n|upkeep\n|c|\u2606pusherGOD700|gg\n|\n|t:|1781451373\n|switch|p2a: Scizor|Scizor, L79, F|216/240 par\n|turn|25\n|c|\u2606pusherGOD700|thx\n|\n|t:|1781451380\n|move|p1a: Altaria|Roost|p1a: Altaria\n|-heal|p1a: Altaria|278/278\n|-singleturn|p1a: Altaria|move: Roost\n|move|p2a: Scizor|Knock Off|p1a: Altaria\n|-damage|p1a: Altaria|179/278\n|-enditem|p1a: Altaria|Heavy-Duty Boots|[from] move: Knock Off|[of] p2a: Scizor\n|-damage|p2a: Scizor|192/240 par|[from] item: Life Orb\n|\n|upkeep\n|turn|26\n|\n|t:|1781451391\n|move|p2a: Scizor|Bullet Punch|p1a: Altaria\n|-damage|p1a: Altaria|97/278\n|-damage|p2a: Scizor|168/240 par|[from] item: Life Orb\n|move|p1a: Altaria|Dragon Dance|p1a: Altaria\n|-boost|p1a: Altaria|atk|1\n|-boost|p1a: Altaria|spe|1\n|\n|upkeep\n|turn|27\n|\n|t:|1781451401\n|move|p2a: Scizor|Bullet Punch|p1a: Altaria\n|-damage|p1a: Altaria|7/278\n|-damage|p2a: Scizor|144/240 par|[from] item: Life Orb\n|move|p1a: Altaria|Roost|p1a: Altaria\n|-heal|p1a: Altaria|146/278\n|-singleturn|p1a: Altaria|move: Roost\n|\n|upkeep\n|turn|28\n|\n|t:|1781451410\n|cant|p2a: Scizor|par\n|move|p1a: Altaria|Roost|p1a: Altaria\n|-heal|p1a: Altaria|278/278\n|-singleturn|p1a: Altaria|move: Roost\n|\n|upkeep\n|turn|29\n|c|\u2606pusherGOD700|can you play\n|c|\u2606pusherGOD700|plsssss\n|inactive|meoisil has 120 seconds left.\n|c|\u2606pusherGOD700|\ud83d\ude4f\ud83d\ude4f\ud83d\ude4f\ud83d\ude4f\ud83d\ude4f\ud83d\ude4f\n|\n|t:|1781451467\n|-terastallize|p2a: Scizor|Steel\n|move|p2a: Scizor|Bullet Punch|p1a: Altaria\n|-damage|p1a: Altaria|158/278\n|-damage|p2a: Scizor|120/240 par|[from] item: Life Orb\n|move|p1a: Altaria|Brave Bird|p2a: Scizor\n|-resisted|p2a: Scizor\n|-damage|p2a: Scizor|9/240 par\n|-damage|p1a: Altaria|121/278|[from] Recoil\n|\n|upkeep\n|turn|30\n|\n|t:|1781451486\n|switch|p1a: Krookodile|Krookodile, L79, F|280/280\n|-ability|p1a: Krookodile|Intimidate|boost\n|-unboost|p2a: Scizor|atk|1\n|cant|p2a: Scizor|par\n|\n|upkeep\n|turn|31\n|inactive|meoisil has 90 seconds left.\n|inactive|pusherGOD700 has 120 seconds left.\n|\n|t:|1781451512\n|switch|p2a: Cryogonal|Cryogonal, L89|287/287 par\n|move|p1a: Krookodile|Bulk Up|p1a: Krookodile\n|-boost|p1a: Krookodile|atk|1\n|-boost|p1a: Krookodile|def|1\n|\n|upkeep\n|turn|32\n|\n|t:|1781451518\n|move|p1a: Krookodile|Knock Off|p2a: Cryogonal\n|-damage|p2a: Cryogonal|76/287 par\n|-enditem|p2a: Cryogonal|Heavy-Duty Boots|[from] move: Knock Off|[of] p1a: Krookodile\n|move|p2a: Cryogonal|Freeze-Dry|p1a: Krookodile\n|-supereffective|p1a: Krookodile\n|-damage|p1a: Krookodile|74/280\n|\n|-heal|p1a: Krookodile|91/280|[from] item: Leftovers\n|upkeep\n|turn|33\n|\n|t:|1781451528\n|move|p1a: Krookodile|Knock Off|p2a: Cryogonal\n|-damage|p2a: Cryogonal|0 fnt\n|faint|p2a: Cryogonal\n|\n|-heal|p1a: Krookodile|108/280|[from] item: Leftovers\n|upkeep\n|\n|t:|1781451533\n|switch|p2a: Scizor|Scizor, L79, F, tera:Steel|9/240 par\n|turn|34\n|inactive|meoisil has 90 seconds left.\n|inactive|meoisil has 60 seconds left.\n|inactive|meoisil has 30 seconds left.\n|inactive|meoisil has 20 seconds left.\n|inactive|meoisil has 15 seconds left.\n|c|\u2606pusherGOD700|lmao\n|inactive|meoisil has 10 seconds left.\n|inactive|meoisil has 5 seconds left.\n|-message|meoisil lost due to inactivity.\n|\n|win|pusherGOD700\n|raw|pusherGOD700's rating: 1304 &rarr; <strong>1324</strong><br />(+20 for winning)\n|raw|meoisil's rating: 1297 &rarr; <strong>1273</strong><br />(-24 for losing)\n", "uploadtime": 1781451651, "views": 12, "formatid": "gen9randombattle", "rating": 1273, "private": 0, "password": null}