{"id": "gen9randombattle-2631373275", "format": "[Gen 9] Random Battle", "players": ["SSlimeyy", "Teres bahji"], "log": "|badge|p2|bronze|gen9randombattle|100-9\n|uhtml|medal-msg|<div class=\"broadcast-blue\">Curious what those medals under the avatar are? PS now has Ladder Seasons! For more information, check out the <a href=\"https://www.smogon.com/forums/threads/3740067/\">thread on Smogon.</a></div>\n|j|\u2606SSlimeyy\n|j|\u2606Teres bahji\n|t:|1781377001\n|gametype|singles\n|player|p1|SSlimeyy|266|2162\n|player|p2|Teres bahji|#rbtt6teamzarudef|2379\n|gen|9\n|tier|[Gen 9] Random Battle\n|rated|\n|rule|Species Clause: Limit one of each Pok\u00e9mon\n|rule|HP Percentage Mod: HP is shown in percentages\n|rule|Sleep Clause Mod: Limit one foe put to sleep\n|rule|Illusion Level Mod: Illusion disguises the Pok\u00e9mon's true level\n|\n|t:|1781377001\n|teamsize|p1|6\n|teamsize|p2|6\n|start\n|switch|p1a: Vaporeon|Vaporeon, L86, F|364/364\n|switch|p2a: Diancie|Diancie, L82|216/216\n|turn|1\n|inactive|Battle timer is ON: inactive players will automatically lose when time's up. (requested by Teres bahji)\n|j| tudiesqueekos\n|\n|t:|1781377024\n|switch|p2a: Scrafty|Scrafty, L83, F|244/244\n|move|p1a: Vaporeon|Scald|p2a: Scrafty\n|-damage|p2a: Scrafty|160/244\n|-status|p2a: Scrafty|brn\n|\n|-heal|p2a: Scrafty|175/244 brn|[from] item: Leftovers\n|-damage|p2a: Scrafty|160/244 brn|[from] brn\n|upkeep\n|turn|2\n|\n|t:|1781377040\n|move|p1a: Vaporeon|Scald|p2a: Scrafty\n|-damage|p2a: Scrafty|81/244 brn\n|move|p2a: Scrafty|Knock Off|p1a: Vaporeon\n|-damage|p1a: Vaporeon|304/364\n|-enditem|p1a: Vaporeon|Leftovers|[from] move: Knock Off|[of] p2a: Scrafty\n|\n|-heal|p2a: Scrafty|96/244 brn|[from] item: Leftovers\n|-damage|p2a: Scrafty|81/244 brn|[from] brn\n|upkeep\n|turn|3\n|\n|t:|1781377051\n|move|p1a: Vaporeon|Scald|p2a: Scrafty\n|-damage|p2a: Scrafty|6/244 brn\n|move|p2a: Scrafty|Rest|p2a: Scrafty\n|-status|p2a: Scrafty|slp|[from] move: Rest\n|-heal|p2a: Scrafty|244/244 slp|[silent]\n|\n|upkeep\n|turn|4\n|\n|t:|1781377079\n|switch|p1a: Zapdos|Zapdos-Galar, L77|265/265\n|cant|p2a: Scrafty|slp\n|\n|upkeep\n|turn|5\n|\n|t:|1781377099\n|switch|p2a: Diancie|Diancie, L82|216/216\n|move|p1a: Zapdos|Close Combat|p2a: Diancie\n|-damage|p2a: Diancie|111/216\n|-unboost|p1a: Zapdos|def|1\n|-unboost|p1a: Zapdos|spd|1\n|-damage|p1a: Zapdos|239/265|[from] item: Life Orb\n|\n|-heal|p2a: Diancie|124/216|[from] item: Leftovers\n|upkeep\n|turn|6\n|\n|t:|1781377111\n|switch|p1a: Vaporeon|Vaporeon, L86, F|304/364\n|move|p2a: Diancie|Draining Kiss|p1a: Vaporeon\n|-damage|p1a: Vaporeon|255/364\n|-heal|p2a: Diancie|161/216|[from] drain|[of] p1a: Vaporeon\n|\n|-heal|p2a: Diancie|174/216|[from] item: Leftovers\n|upkeep\n|turn|7\n|\n|t:|1781377125\n|switch|p2a: Hydrapple|Hydrapple, L83, F|312/312\n|move|p1a: Vaporeon|Scald|p2a: Hydrapple\n|-resisted|p2a: Hydrapple\n|-damage|p2a: Hydrapple|284/312\n|\n|upkeep\n|turn|8\n|\n|t:|1781377136\n|move|p1a: Vaporeon|Ice Beam|p2a: Hydrapple\n|-supereffective|p2a: Hydrapple\n|-damage|p2a: Hydrapple|0 fnt\n|faint|p2a: Hydrapple\n|\n|upkeep\n|\n|t:|1781377146\n|switch|p2a: Haxorus|Haxorus, L77, F|244/244\n|-ability|p2a: Haxorus|Mold Breaker\n|turn|9\n|l| tudiesqueekos\n|\n|t:|1781377162\n|move|p2a: Haxorus|Dragon Dance|p2a: Haxorus\n|-boost|p2a: Haxorus|atk|1\n|-boost|p2a: Haxorus|spe|1\n|move|p1a: Vaporeon|Ice Beam|p2a: Haxorus\n|-supereffective|p2a: Haxorus\n|-damage|p2a: Haxorus|66/244\n|\n|upkeep\n|turn|10\n|\n|t:|1781377179\n|move|p2a: Haxorus|Outrage|p1a: Vaporeon\n|-damage|p1a: Vaporeon|0 fnt\n|faint|p1a: Vaporeon\n|\n|upkeep\n|\n|t:|1781377189\n|switch|p1a: Lokix|Lokix, L82, F|251/251\n|turn|11\n|\n|t:|1781377201\n|move|p1a: Lokix|First Impression|p2a: Haxorus\n|-damage|p2a: Haxorus|0 fnt\n|faint|p2a: Haxorus\n|-damage|p1a: Lokix|226/251|[from] item: Life Orb\n|\n|upkeep\n|\n|t:|1781377210\n|switch|p2a: Eiscue|Eiscue, L88, M|274/274\n|turn|12\n|\n|t:|1781377218\n|switch|p1a: Raikou|Raikou, L81|278/278\n|-ability|p1a: Raikou|Pressure\n|move|p2a: Eiscue|Belly Drum|p2a: Eiscue\n|-damage|p2a: Eiscue|137/274\n|-setboost|p2a: Eiscue|atk|6|[from] move: Belly Drum\n|-enditem|p2a: Eiscue|Sitrus Berry|[eat]\n|-heal|p2a: Eiscue|205/274|[from] item: Sitrus Berry\n|\n|upkeep\n|turn|13\n|\n|t:|1781377230\n|move|p1a: Raikou|Scald|p2a: Eiscue\n|-damage|p2a: Eiscue|144/274\n|move|p2a: Eiscue|Ice Spinner|p1a: Raikou\n|-damage|p1a: Raikou|0 fnt\n|faint|p1a: Raikou\n|\n|upkeep\n|inactive|SSlimeyy has 120 seconds left.\n|\n|t:|1781377262\n|switch|p1a: Ursaring|Ursaring, L84, M|288/288\n|turn|14\n|\n|t:|1781377271\n|move|p1a: Ursaring|Facade|p2a: Eiscue\n|-activate|p2a: Eiscue|ability: Ice Face\n|-damage|p2a: Eiscue|144/274\n|detailschange|p2a: Eiscue|Eiscue-Noice, L88, M\n|move|p2a: Eiscue|Ice Spinner|p1a: Ursaring\n|-damage|p1a: Ursaring|0 fnt\n|faint|p1a: Ursaring\n|\n|upkeep\n|\n|t:|1781377281\n|switch|p1a: Lokix|Lokix, L82, F|226/251\n|turn|15\n|\n|t:|1781377288\n|-terastallize|p1a: Lokix|Bug\n|move|p1a: Lokix|First Impression|p2a: Eiscue\n|-damage|p2a: Eiscue|0 fnt\n|faint|p2a: Eiscue\n|-damage|p1a: Lokix|201/251|[from] item: Life Orb\n|\n|upkeep\n|\n|t:|1781377298\n|switch|p2a: Infernape|Infernape, L82, F|259/259\n|turn|16\n|\n|t:|1781377318\n|switch|p1a: Shiftry|Shiftry, L89, F|305/305\n|move|p2a: Infernape|Flare Blitz|p1a: Shiftry\n|-supereffective|p1a: Shiftry\n|-damage|p1a: Shiftry|0 fnt\n|faint|p1a: Shiftry\n|-damage|p2a: Infernape|158/259|[from] Recoil\n|\n|upkeep\n|\n|t:|1781377320\n|switch|p1a: Zapdos|Zapdos-Galar, L77|239/265\n|turn|17\n|\n|t:|1781377337\n|switch|p2a: Scrafty|Scrafty, L83, F|244/244 slp\n|move|p1a: Zapdos|Close Combat|p2a: Scrafty\n|-supereffective|p2a: Scrafty\n|-damage|p2a: Scrafty|0 fnt\n|-unboost|p1a: Zapdos|def|1\n|-unboost|p1a: Zapdos|spd|1\n|faint|p2a: Scrafty\n|-damage|p1a: Zapdos|213/265|[from] item: Life Orb\n|\n|upkeep\n|\n|t:|1781377344\n|switch|p2a: Diancie|Diancie, L82|174/216\n|turn|18\n|\n|t:|1781377357\n|-terastallize|p2a: Diancie|Fairy\n|move|p1a: Zapdos|Close Combat|p2a: Diancie\n|-resisted|p2a: Diancie\n|-damage|p2a: Diancie|119/216\n|-unboost|p1a: Zapdos|def|1\n|-unboost|p1a: Zapdos|spd|1\n|-damage|p1a: Zapdos|187/265|[from] item: Life Orb\n|move|p2a: Diancie|Draining Kiss|p1a: Zapdos\n|-supereffective|p1a: Zapdos\n|-damage|p1a: Zapdos|0 fnt\n|-heal|p2a: Diancie|216/216|[from] drain|[of] p1a: Zapdos\n|faint|p1a: Zapdos\n|\n|upkeep\n|\n|t:|1781377360\n|switch|p1a: Lokix|Lokix, L82, F, tera:Bug|201/251\n|turn|19\n|\n|t:|1781377365\n|move|p1a: Lokix|First Impression|p2a: Diancie\n|-resisted|p2a: Diancie\n|-damage|p2a: Diancie|102/216\n|-damage|p1a: Lokix|176/251|[from] item: Life Orb\n|move|p2a: Diancie|Diamond Storm|p1a: Lokix\n|-supereffective|p1a: Lokix\n|-damage|p1a: Lokix|0 fnt\n|faint|p1a: Lokix\n|\n|win|Teres bahji\n", "uploadtime": 1781377003, "views": 6, "formatid": "gen9randombattle", "rating": null, "private": 0, "password": null}