{"id": "gen9randombattle-2631659621", "format": "[Gen 9] Random Battle", "players": ["100425DJ", "biosoul"], "log": "|j|\u2606100425DJ\n|j|\u2606biosoul\n|t:|1781416606\n|gametype|singles\n|player|p1|100425DJ|emmet|\n|player|p2|biosoul|cynthia|\n|gen|9\n|tier|[Gen 9] Random Battle\n|rule|Species Clause: Limit one of each Pok\u00e9mon\n|rule|HP Percentage Mod: HP is shown in percentages\n|rule|Sleep Clause Mod: Limit one foe put to sleep\n|rule|Illusion Level Mod: Illusion disguises the Pok\u00e9mon's true level\n|\n|t:|1781416606\n|teamsize|p1|6\n|teamsize|p2|6\n|start\n|switch|p1a: Forretress|Forretress, L84, M|263/263\n|switch|p2a: Granbull|Granbull, L88, F|302/302\n|-ability|p2a: Granbull|Intimidate|boost\n|-unboost|p1a: Forretress|atk|1\n|turn|1\n|j| jmyj\n|\n|t:|1781416631\n|move|p2a: Granbull|Thunder Wave|p1a: Forretress\n|-status|p1a: Forretress|par\n|move|p1a: Forretress|Iron Head|p2a: Granbull\n|-supereffective|p2a: Granbull\n|-damage|p2a: Granbull|182/302\n|\n|-heal|p2a: Granbull|200/302|[from] item: Leftovers\n|upkeep\n|turn|2\n|\n|t:|1781416645\n|move|p2a: Granbull|Earthquake|p1a: Forretress\n|-damage|p1a: Forretress|203/263 par\n|move|p1a: Forretress|Toxic Spikes|p2a: Granbull\n|-sidestart|p2: biosoul|move: Toxic Spikes\n|\n|-heal|p2a: Granbull|218/302|[from] item: Leftovers\n|-heal|p1a: Forretress|219/263 par|[from] item: Leftovers\n|upkeep\n|turn|3\n|\n|t:|1781416666\n|switch|p2a: Gliscor|Gliscor, L76, F|239/239\n|move|p1a: Forretress|Stealth Rock|p2a: Gliscor\n|-sidestart|p2: biosoul|move: Stealth Rock\n|\n|-heal|p1a: Forretress|235/263 par|[from] item: Leftovers\n|-status|p2a: Gliscor|tox|[from] item: Toxic Orb\n|upkeep\n|turn|4\n|\n|t:|1781416679\n|move|p2a: Gliscor|Knock Off|p1a: Forretress\n|-damage|p1a: Forretress|194/263 par\n|-enditem|p1a: Forretress|Leftovers|[from] move: Knock Off|[of] p2a: Gliscor\n|cant|p1a: Forretress|par\n|\n|upkeep\n|turn|5\n|\n|t:|1781416690\n|move|p2a: Gliscor|Toxic Spikes|p1a: Forretress\n|-sidestart|p1: 100425DJ|move: Toxic Spikes\n|cant|p1a: Forretress|par\n|\n|upkeep\n|turn|6\n|\n|t:|1781416699\n|move|p2a: Gliscor|Earthquake|p1a: Forretress\n|-damage|p1a: Forretress|137/263 par\n|cant|p1a: Forretress|par\n|\n|upkeep\n|turn|7\n|\n|t:|1781416706\n|move|p2a: Gliscor|Earthquake|p1a: Forretress\n|-damage|p1a: Forretress|74/263 par\n|move|p1a: Forretress|Iron Head|p2a: Gliscor\n|-damage|p2a: Gliscor|193/239 tox\n|\n|-heal|p2a: Gliscor|222/239 tox|[from] ability: Poison Heal\n|upkeep\n|turn|8\n|\n|t:|1781416721\n|move|p2a: Gliscor|Earthquake|p1a: Forretress\n|-damage|p1a: Forretress|19/263 par\n|move|p1a: Forretress|Toxic Spikes|p2a: Gliscor\n|-sidestart|p2: biosoul|move: Toxic Spikes\n|\n|-heal|p2a: Gliscor|239/239 tox|[from] ability: Poison Heal\n|upkeep\n|turn|9\n|\n|t:|1781416732\n|move|p2a: Gliscor|Earthquake|p1a: Forretress\n|-damage|p1a: Forretress|0 fnt\n|faint|p1a: Forretress\n|\n|upkeep\n|\n|t:|1781416750\n|switch|p1a: Crawdaunt|Crawdaunt, L84, F|243/243\n|-status|p1a: Crawdaunt|psn\n|turn|10\n|\n|t:|1781416762\n|move|p2a: Gliscor|Protect|p2a: Gliscor\n|-singleturn|p2a: Gliscor|Protect\n|move|p1a: Crawdaunt|Dragon Dance|p1a: Crawdaunt\n|-boost|p1a: Crawdaunt|atk|1\n|-boost|p1a: Crawdaunt|spe|1\n|\n|-damage|p1a: Crawdaunt|213/243 psn|[from] psn\n|upkeep\n|turn|11\n|\n|t:|1781416781\n|move|p2a: Gliscor|Protect||[still]\n|-fail|p2a: Gliscor\n|move|p1a: Crawdaunt|Crabhammer|p2a: Gliscor\n|-supereffective|p2a: Gliscor\n|-damage|p2a: Gliscor|0 fnt\n|faint|p2a: Gliscor\n|-damage|p1a: Crawdaunt|189/243 psn|[from] item: Life Orb\n|\n|-damage|p1a: Crawdaunt|159/243 psn|[from] psn\n|upkeep\n|\n|t:|1781416800\n|switch|p2a: Arboliva|Arboliva, L91, F|290/290\n|-status|p2a: Arboliva|tox\n|-damage|p2a: Arboliva|254/290 tox|[from] Stealth Rock\n|turn|12\n|\n|t:|1781416810\n|-terastallize|p1a: Crawdaunt|Water\n|-terastallize|p2a: Arboliva|Poison\n|move|p1a: Crawdaunt|Crabhammer|p2a: Arboliva\n|-damage|p2a: Arboliva|0 fnt\n|-fieldstart|move: Grassy Terrain|[from] ability: Seed Sower|[of] p2a: Arboliva\n|faint|p2a: Arboliva\n|-damage|p1a: Crawdaunt|135/243 psn|[from] item: Life Orb\n|\n|-heal|p1a: Crawdaunt|150/243 psn|[from] Grassy Terrain\n|-damage|p1a: Crawdaunt|120/243 psn|[from] psn\n|upkeep\n|\n|t:|1781416826\n|switch|p2a: Kilowattrel|Kilowattrel, L83, F|252/252\n|turn|13\n|\n|t:|1781416837\n|move|p2a: Kilowattrel|Discharge|p1a: Crawdaunt\n|-supereffective|p1a: Crawdaunt\n|-crit|p1a: Crawdaunt\n|-damage|p1a: Crawdaunt|0 fnt\n|faint|p1a: Crawdaunt\n|\n|upkeep\n|\n|t:|1781416854\n|switch|p1a: Baxcalibur|Baxcalibur, L75, F|295/295\n|-status|p1a: Baxcalibur|psn\n|turn|14\n|\n|t:|1781416864\n|move|p2a: Kilowattrel|U-turn|p1a: Baxcalibur\n|-damage|p1a: Baxcalibur|250/295 psn\n|\n|t:|1781416880\n|switch|p2a: Granbull|Granbull, L88, F|218/302|[from] U-turn\n|-status|p2a: Granbull|tox\n|-damage|p2a: Granbull|181/302 tox|[from] Stealth Rock\n|-ability|p2a: Granbull|Intimidate|boost\n|-unboost|p1a: Baxcalibur|atk|1\n|move|p1a: Baxcalibur|Swords Dance|p1a: Baxcalibur\n|-boost|p1a: Baxcalibur|atk|2\n|\n|-heal|p1a: Baxcalibur|268/295 psn|[from] Grassy Terrain\n|-heal|p2a: Granbull|199/302 tox|[from] Grassy Terrain\n|-heal|p2a: Granbull|217/302 tox|[from] item: Leftovers\n|-damage|p1a: Baxcalibur|232/295 psn|[from] psn\n|-damage|p2a: Granbull|199/302 tox|[from] psn\n|upkeep\n|turn|15\n|\n|t:|1781416900\n|move|p1a: Baxcalibur|Icicle Spear|p2a: Granbull\n|-damage|p2a: Granbull|151/302 tox\n|-crit|p2a: Granbull\n|-damage|p2a: Granbull|76/302 tox\n|-damage|p2a: Granbull|24/302 tox\n|-damage|p2a: Granbull|0 fnt\n|faint|p2a: Granbull\n|-hitcount|p2: Granbull|4\n|\n|-heal|p1a: Baxcalibur|250/295 psn|[from] Grassy Terrain\n|-damage|p1a: Baxcalibur|214/295 psn|[from] psn\n|upkeep\n|\n|t:|1781416914\n|switch|p2a: Espeon|Espeon, L84, M|246/246\n|-status|p2a: Espeon|tox\n|-damage|p2a: Espeon|216/246 tox|[from] Stealth Rock\n|turn|16\n|\n|t:|1781416925\n|move|p2a: Espeon|Alluring Voice|p1a: Baxcalibur\n|-supereffective|p1a: Baxcalibur\n|-damage|p1a: Baxcalibur|6/295 psn\n|-damage|p2a: Espeon|192/246 tox|[from] item: Life Orb\n|move|p1a: Baxcalibur|Scale Shot|p2a: Espeon\n|-damage|p2a: Espeon|132/246 tox\n|-damage|p2a: Espeon|74/246 tox\n|-damage|p2a: Espeon|17/246 tox\n|-damage|p2a: Espeon|0 fnt\n|faint|p2a: Espeon\n|-hitcount|p2: Espeon|4\n|-unboost|p1a: Baxcalibur|def|1\n|-boost|p1a: Baxcalibur|spe|1\n|\n|-heal|p1a: Baxcalibur|24/295 psn|[from] Grassy Terrain\n|-damage|p1a: Baxcalibur|0 fnt|[from] psn\n|faint|p1a: Baxcalibur\n|-fieldend|move: Grassy Terrain\n|upkeep\n|\n|t:|1781416952\n|switch|p2a: Kilowattrel|Kilowattrel, L83, F|252/252\n|switch|p1a: Hitmonchan|Hitmonchan, L87, M|229/229\n|-status|p1a: Hitmonchan|psn\n|turn|17\n|\n|t:|1781416963\n|move|p2a: Kilowattrel|Hurricane|p1a: Hitmonchan\n|-supereffective|p1a: Hitmonchan\n|-damage|p1a: Hitmonchan|47/229 psn\n|-start|p1a: Hitmonchan|confusion\n|-activate|p1a: Hitmonchan|confusion\n|move|p1a: Hitmonchan|Knock Off|p2a: Kilowattrel\n|-damage|p2a: Kilowattrel|147/252\n|-enditem|p2a: Kilowattrel|Heavy-Duty Boots|[from] move: Knock Off|[of] p1a: Hitmonchan\n|\n|-heal|p1a: Hitmonchan|61/229 psn|[from] item: Leftovers\n|-damage|p1a: Hitmonchan|33/229 psn|[from] psn\n|upkeep\n|turn|18\n|\n|t:|1781416976\n|move|p2a: Kilowattrel|Roost|p2a: Kilowattrel\n|-heal|p2a: Kilowattrel|252/252\n|-singleturn|p2a: Kilowattrel|move: Roost\n|-activate|p1a: Hitmonchan|confusion\n|-damage|p1a: Hitmonchan|0 fnt|[from] confusion\n|faint|p1a: Hitmonchan\n|\n|upkeep\n|\n|t:|1781416988\n|switch|p1a: Diancie|Diancie, L82|216/216\n|-status|p1a: Diancie|psn\n|turn|19\n|\n|t:|1781417000\n|move|p2a: Kilowattrel|U-turn|p1a: Diancie\n|-resisted|p1a: Diancie\n|-damage|p1a: Diancie|203/216 psn\n|\n|t:|1781417003\n|switch|p2a: Mewtwo|Mewtwo, L72|272/272|[from] U-turn\n|-ability|p2a: Mewtwo|Unnerve\n|-status|p2a: Mewtwo|tox\n|-damage|p2a: Mewtwo|238/272 tox|[from] Stealth Rock\n|move|p1a: Diancie|Diamond Storm|p2a: Mewtwo\n|-damage|p2a: Mewtwo|121/272 tox\n|\n|-heal|p1a: Diancie|216/216 psn|[from] item: Leftovers\n|-damage|p2a: Mewtwo|104/272 tox|[from] psn\n|-damage|p1a: Diancie|189/216 psn|[from] psn\n|upkeep\n|turn|20\n|\n|t:|1781417029\n|move|p2a: Mewtwo|Aura Sphere|p1a: Diancie\n|-damage|p1a: Diancie|136/216 psn\n|-damage|p2a: Mewtwo|77/272 tox|[from] item: Life Orb\n|move|p1a: Diancie|Calm Mind|p1a: Diancie\n|-boost|p1a: Diancie|spa|1\n|-boost|p1a: Diancie|spd|1\n|\n|-heal|p1a: Diancie|149/216 psn|[from] item: Leftovers\n|-damage|p2a: Mewtwo|43/272 tox|[from] psn\n|-damage|p1a: Diancie|122/216 psn|[from] psn\n|upkeep\n|turn|21\n|\n|t:|1781417045\n|move|p2a: Mewtwo|Psystrike|p1a: Diancie\n|-damage|p1a: Diancie|17/216 psn\n|-damage|p2a: Mewtwo|16/272 tox|[from] item: Life Orb\n|move|p1a: Diancie|Diamond Storm|p2a: Mewtwo\n|-damage|p2a: Mewtwo|0 fnt\n|faint|p2a: Mewtwo\n|\n|-heal|p1a: Diancie|30/216 psn|[from] item: Leftovers\n|-damage|p1a: Diancie|3/216 psn|[from] psn\n|upkeep\n|\n|t:|1781417057\n|switch|p2a: Kilowattrel|Kilowattrel, L83, F|252/252\n|-damage|p2a: Kilowattrel|189/252|[from] Stealth Rock\n|turn|22\n|\n|t:|1781417064\n|move|p2a: Kilowattrel|Discharge|p1a: Diancie\n|-damage|p1a: Diancie|0 fnt\n|faint|p1a: Diancie\n|\n|upkeep\n|\n|t:|1781417074\n|switch|p1a: Iron Crown|Iron Crown, L78|268/268\n|turn|23\n|\n|t:|1781417084\n|move|p2a: Kilowattrel|Discharge|p1a: Iron Crown\n|-damage|p1a: Iron Crown|189/268\n|move|p1a: Iron Crown|Psyshock|p2a: Kilowattrel\n|-damage|p2a: Kilowattrel|80/252\n|\n|-heal|p1a: Iron Crown|205/268|[from] item: Leftovers\n|upkeep\n|turn|24\n|\n|t:|1781417094\n|move|p2a: Kilowattrel|Roost|p2a: Kilowattrel\n|-heal|p2a: Kilowattrel|206/252\n|-singleturn|p2a: Kilowattrel|move: Roost\n|move|p1a: Iron Crown|Psyshock|p2a: Kilowattrel\n|-damage|p2a: Kilowattrel|95/252\n|\n|-heal|p1a: Iron Crown|221/268|[from] item: Leftovers\n|upkeep\n|turn|25\n|\n|t:|1781417110\n|move|p2a: Kilowattrel|Roost|p2a: Kilowattrel\n|-heal|p2a: Kilowattrel|221/252\n|-singleturn|p2a: Kilowattrel|move: Roost\n|move|p1a: Iron Crown|Focus Blast|p2a: Kilowattrel\n|-damage|p2a: Kilowattrel|100/252\n|\n|-heal|p1a: Iron Crown|237/268|[from] item: Leftovers\n|upkeep\n|turn|26\n|\n|t:|1781417119\n|move|p2a: Kilowattrel|Roost|p2a: Kilowattrel\n|-heal|p2a: Kilowattrel|226/252\n|-singleturn|p2a: Kilowattrel|move: Roost\n|move|p1a: Iron Crown|Calm Mind|p1a: Iron Crown\n|-boost|p1a: Iron Crown|spa|1\n|-boost|p1a: Iron Crown|spd|1\n|\n|-heal|p1a: Iron Crown|253/268|[from] item: Leftovers\n|upkeep\n|turn|27\n|\n|t:|1781417129\n|move|p2a: Kilowattrel|Discharge|p1a: Iron Crown\n|-damage|p1a: Iron Crown|202/268\n|move|p1a: Iron Crown|Calm Mind|p1a: Iron Crown\n|-boost|p1a: Iron Crown|spa|1\n|-boost|p1a: Iron Crown|spd|1\n|\n|-heal|p1a: Iron Crown|218/268|[from] item: Leftovers\n|upkeep\n|turn|28\n|\n|t:|1781417138\n|move|p2a: Kilowattrel|Discharge|p1a: Iron Crown\n|-crit|p1a: Iron Crown\n|-damage|p1a: Iron Crown|85/268\n|move|p1a: Iron Crown|Calm Mind|p1a: Iron Crown\n|-boost|p1a: Iron Crown|spa|1\n|-boost|p1a: Iron Crown|spd|1\n|\n|-heal|p1a: Iron Crown|101/268|[from] item: Leftovers\n|upkeep\n|turn|29\n|\n|t:|1781417149\n|move|p2a: Kilowattrel|Discharge|p1a: Iron Crown\n|-damage|p1a: Iron Crown|64/268\n|-status|p1a: Iron Crown|par\n|move|p1a: Iron Crown|Psyshock|p2a: Kilowattrel\n|-crit|p2a: Kilowattrel\n|-damage|p2a: Kilowattrel|0 fnt\n|faint|p2a: Kilowattrel\n|\n|win|100425DJ\n", "inputlog": ">version a8376a258c1d4662feba110a92103f3664a72141\n>start {\"formatid\":\"gen9randombattle\",\"seed\":\"sodium,8119f08b0d597dfcbd24c847206afd32\"}\n>player p1 {\"name\":\"100425DJ\",\"avatar\":\"emmet\",\"rating\":0,\"seed\":\"sodium,c8dae82f4eeea9885c74b90d787721b2\"}\n>player p2 {\"name\":\"biosoul\",\"avatar\":\"cynthia\",\"rating\":0,\"seed\":\"sodium,11258618c83c734c385ae3e3b343f67c\"}\n>p1 move ironhead\n>p2 move thunderwave\n>p1 move toxicspikes\n>p2 move earthquake\n>p1 move stealthrock\n>p2 switch 5\n>p1 move ironhead\n>p2 move knockoff\n>p1 move ironhead\n>p2 move toxicspikes\n>p1 move ironhead\n>p2 move earthquake\n>p1 move ironhead\n>p2 move earthquake\n>p1 move toxicspikes\n>p2 move earthquake\n>p1 move rapidspin\n>p2 move earthquake\n>p1 switch 4\n>p1 move dragondance\n>p2 move protect\n>p1 move crabhammer\n>p2 move protect\n>p2 switch 3\n>p1 move crabhammer terastallize\n>p2 move energyball terastallize\n>p2 switch 6\n>p1 move knockoff\n>p2 move discharge\n>p1 switch 5\n>p1 move swordsdance\n>p2 move uturn\n>p2 switch 5\n>p1 move iciclespear\n>p2 move thunderwave\n>p2 switch 4\n>p1 move scaleshot\n>p2 move alluringvoice\n>p1 switch 6\n>p2 switch 5\n>p1 move knockoff\n>p2 move hurricane\n>p1 move drainpunch\n>p2 move roost\n>p1 switch 3\n>p1 move diamondstorm\n>p2 move uturn\n>p2 switch 2\n>p1 move calmmind\n>p2 move aurasphere\n>p1 move diamondstorm\n>p2 move psystrike\n>p2 switch 2\n>p1 move diamondstorm\n>p2 move discharge\n>p1 switch 2\n>p1 move psyshock\n>p2 move discharge\n>p1 move psyshock\n>p2 move roost\n>p1 move focusblast\n>p2 move roost\n>p1 move calmmind\n>p2 move roost\n>p1 move calmmind\n>p2 move discharge\n>p1 move calmmind\n>p2 move discharge\n>p1 move psyshock\n>p2 move discharge", "uploadtime": 1781417175, "views": 5, "formatid": "gen9randombattle", "rating": null, "private": 0, "password": null}