{"id": "gen9randombattle-2631713709", "format": "[Gen 9] Random Battle", "players": ["dimweaker", "Richard94"], "log": "|j|\u2606dimweaker\n|j|\u2606Richard94\n|t:|1781426980\n|gametype|singles\n|player|p1|dimweaker|swimmerf-gen4|1573\n|player|p2|Richard94|266|1621\n|gen|9\n|tier|[Gen 9] Random Battle\n|rated|\n|rule|Species Clause: Limit one of each Pok\u00e9mon\n|rule|HP Percentage Mod: HP is shown in percentages\n|rule|Sleep Clause Mod: Limit one foe put to sleep\n|rule|Illusion Level Mod: Illusion disguises the Pok\u00e9mon's true level\n|\n|t:|1781426980\n|teamsize|p1|6\n|teamsize|p2|6\n|start\n|switch|p1a: Maushold|Maushold-Four, L76|238/238\n|switch|p2a: Mightyena|Mightyena, L96, F|290/290\n|-ability|p2a: Mightyena|Intimidate|boost\n|-unboost|p1a: Maushold|atk|1\n|turn|1\n|inactive|Battle timer is ON: inactive players will automatically lose when time's up. (requested by Richard94)\n|\n|t:|1781427003\n|switch|p1a: Chi-Yu|Chi-Yu, L77|211/211\n|-ability|p1a: Chi-Yu|Beads of Ruin\n|move|p2a: Mightyena|Poison Fang|p1a: Chi-Yu\n|-damage|p1a: Chi-Yu|157/211\n|\n|upkeep\n|turn|2\n|\n|t:|1781427022\n|switch|p2a: Chansey|Chansey, L85, F|564/564\n|move|p1a: Chi-Yu|Overheat|p2a: Chansey\n|-damage|p2a: Chansey|399/564\n|-unboost|p1a: Chi-Yu|spa|2\n|\n|upkeep\n|turn|3\n|\n|t:|1781427037\n|switch|p1a: Victreebel|Victreebel, L90, M|290/290\n|move|p2a: Chansey|Thunder Wave|p1a: Victreebel\n|-status|p1a: Victreebel|par\n|\n|upkeep\n|turn|4\n|\n|t:|1781427045\n|switch|p2a: Mightyena|Mightyena, L96, F|290/290\n|-ability|p2a: Mightyena|Intimidate|boost\n|-unboost|p1a: Victreebel|atk|1\n|move|p1a: Victreebel|Knock Off|p2a: Mightyena\n|-resisted|p2a: Mightyena\n|-damage|p2a: Mightyena|248/290\n|-enditem|p2a: Mightyena|Assault Vest|[from] move: Knock Off|[of] p1a: Victreebel\n|-damage|p1a: Victreebel|261/290 par|[from] item: Life Orb\n|\n|upkeep\n|turn|5\n|\n|t:|1781427057\n|move|p2a: Mightyena|Poison Fang|p1a: Victreebel\n|-damage|p1a: Victreebel|213/290 par\n|move|p1a: Victreebel|Strength Sap|p2a: Mightyena\n|-unboost|p2a: Mightyena|atk|1\n|-heal|p1a: Victreebel|290/290 par\n|\n|upkeep\n|turn|6\n|inactive|Richard94 has 120 seconds left.\n|l|\u2606Richard94\n|inactive|Richard94 disconnected and has a minute to reconnect!\n|player|p2|\n|j|\u2606Richard94\n|inactive|Richard94 reconnected and has 85 seconds left.\n|player|p2|Richard94|266|\n|\n|t:|1781427138\n|switch|p2a: Tropius|Tropius, L91, F|328/328\n|cant|p1a: Victreebel|par\n|\n|upkeep\n|turn|7\n|inactive|Richard94 has 60 seconds left.\n|\n|t:|1781427160\n|move|p2a: Tropius|Dragon Dance|p2a: Tropius\n|-boost|p2a: Tropius|atk|1\n|-boost|p2a: Tropius|spe|1\n|move|p1a: Victreebel|Sludge Wave|p2a: Tropius\n|-supereffective|p2a: Tropius\n|-damage|p2a: Tropius|52/328\n|-enditem|p2a: Tropius|Sitrus Berry|[eat]\n|-heal|p2a: Tropius|134/328|[from] item: Sitrus Berry\n|-damage|p1a: Victreebel|261/290 par|[from] item: Life Orb\n|\n|-item|p2a: Tropius|Sitrus Berry|[from] ability: Harvest\n|upkeep\n|-enditem|p2a: Tropius|Sitrus Berry|[eat]\n|-heal|p2a: Tropius|216/328|[from] item: Sitrus Berry\n|turn|8\n|\n|t:|1781427173\n|move|p2a: Tropius|Dual Wingbeat|p1a: Victreebel\n|-supereffective|p1a: Victreebel\n|-damage|p1a: Victreebel|127/290 par\n|-supereffective|p1a: Victreebel\n|-damage|p1a: Victreebel|0 fnt\n|faint|p1a: Victreebel\n|-hitcount|p1: Victreebel|2\n|\n|-item|p2a: Tropius|Sitrus Berry|[from] ability: Harvest\n|upkeep\n|\n|t:|1781427188\n|switch|p1a: Skeledirge|Skeledirge, L79, F|294/294\n|turn|9\n|\n|t:|1781427200\n|switch|p2a: Chansey|Chansey, L85, F|399/564\n|move|p1a: Skeledirge|Flame Charge|p2a: Chansey\n|-damage|p2a: Chansey|308/564\n|-boost|p1a: Skeledirge|spe|1\n|\n|upkeep\n|turn|10\n|\n|t:|1781427220\n|move|p1a: Skeledirge|Torch Song|p2a: Chansey\n|-damage|p2a: Chansey|254/564\n|-boost|p1a: Skeledirge|spa|1\n|move|p2a: Chansey|Thunder Wave|p1a: Skeledirge\n|-status|p1a: Skeledirge|par\n|\n|upkeep\n|turn|11\n|inactive|Richard94 has 90 seconds left.\n|\n|t:|1781427233\n|move|p2a: Chansey|Heal Bell||[still]\n|-activate|p2a: Chansey|move: Heal Bell\n|-fail|p2a: Chansey\n|move|p1a: Skeledirge|Torch Song|p2a: Chansey\n|-damage|p2a: Chansey|187/564\n|-boost|p1a: Skeledirge|spa|1\n|\n|upkeep\n|turn|12\n|\n|t:|1781427244\n|move|p2a: Chansey|Soft-Boiled|p2a: Chansey\n|-heal|p2a: Chansey|469/564\n|cant|p1a: Skeledirge|par\n|\n|upkeep\n|turn|13\n|\n|t:|1781427251\n|switch|p2a: Mightyena|Mightyena, L96, F|248/290\n|-ability|p2a: Mightyena|Intimidate|boost\n|-unboost|p1a: Skeledirge|atk|1\n|move|p1a: Skeledirge|Torch Song|p2a: Mightyena\n|-damage|p2a: Mightyena|49/290\n|-boost|p1a: Skeledirge|spa|1\n|\n|upkeep\n|turn|14\n|\n|t:|1781427273\n|-terastallize|p1a: Skeledirge|Water\n|move|p2a: Mightyena|Throat Chop|p1a: Skeledirge\n|-damage|p1a: Skeledirge|194/294 par\n|-start|p1a: Skeledirge|Throat Chop|[silent]\n|move|p1a: Skeledirge|Flame Charge|p2a: Mightyena\n|-damage|p2a: Mightyena|22/290\n|-boost|p1a: Skeledirge|spe|1\n|\n|upkeep\n|turn|15\n|\n|t:|1781427286\n|move|p2a: Mightyena|Throat Chop|p1a: Skeledirge\n|-damage|p1a: Skeledirge|101/294 par\n|move|p1a: Skeledirge|Flame Charge|p2a: Mightyena\n|-damage|p2a: Mightyena|0 fnt\n|-boost|p1a: Skeledirge|spe|1\n|faint|p2a: Mightyena\n|\n|-end|p1a: Skeledirge|Throat Chop|[silent]\n|upkeep\n|\n|t:|1781427296\n|switch|p2a: Ditto|Ditto, L87|225/225\n|-transform|p2a: Ditto|p1a: Skeledirge|[from] ability: Imposter\n|-start|p2a: Ditto|typechange|Fire/Ghost|[silent]\n|turn|16\n|\n|t:|1781427307\n|move|p2a: Ditto|Shadow Ball|p1a: Skeledirge\n|-damage|p1a: Skeledirge|0 fnt\n|faint|p1a: Skeledirge\n|\n|upkeep\n|\n|t:|1781427316\n|switch|p1a: Chi-Yu|Chi-Yu, L77|157/211\n|-ability|p1a: Chi-Yu|Beads of Ruin\n|turn|17\n|inactive|Richard94 has 90 seconds left.\n|\n|t:|1781427374\n|-terastallize|p2a: Ditto|Steel\n|move|p2a: Ditto|Shadow Ball|p1a: Chi-Yu\n|-resisted|p1a: Chi-Yu\n|-damage|p1a: Chi-Yu|62/211\n|move|p1a: Chi-Yu|Dark Pulse|p2a: Ditto\n|-damage|p2a: Ditto|14/225\n|\n|upkeep\n|turn|18\n|inactive|dimweaker has 120 seconds left.\n|\n|t:|1781427405\n|switch|p1a: Maushold|Maushold-Four, L76|238/238\n|move|p2a: Ditto|Shadow Ball|p1a: Maushold\n|-immune|p1a: Maushold\n|\n|upkeep\n|turn|19\n|inactive|dimweaker has 120 seconds left.\n|\n|t:|1781427421\n|switch|p2a: Heracross|Heracross, L80, M|259/259\n|move|p1a: Maushold|Tidy Up|p1a: Maushold\n|-boost|p1a: Maushold|atk|1\n|-boost|p1a: Maushold|spe|1\n|\n|upkeep\n|turn|20\n|l|\u2606Richard94\n|inactive|Richard94 disconnected and has a minute to reconnect!\n|player|p2|\n|inactive|dimweaker has 120 seconds left.\n|inactive|Richard94 has 30 seconds to reconnect!\n|inactive|Richard94 has 20 seconds to reconnect!\n|inactive|Richard94 has 15 seconds to reconnect!\n|inactive|Richard94 has 10 seconds to reconnect!\n|inactive|Richard94 has 5 seconds to reconnect!\n|-message|Richard94 lost due to inactivity.\n|\n|win|dimweaker\n|raw|dimweaker's rating: 1573 &rarr; <strong>1596</strong><br />(+23 for winning)\n|raw|Richard94's rating: 1621 &rarr; <strong>1598</strong><br />(-23 for losing)\n", "uploadtime": 1781427487, "views": 4, "formatid": "gen9randombattle", "rating": 1596, "private": 0, "password": null}