{"id": "gen9randombattle-2631926837", "format": "[Gen 9] Random Battle", "players": ["Katakatachi", "itsbaloney"], "log": "|j|\u2606Katakatachi\n|j|\u2606itsbaloney\n|t:|1781456445\n|gametype|singles\n|player|p1|Katakatachi|backersf|1987\n|player|p2|itsbaloney|giovanni|2019\n|gen|9\n|tier|[Gen 9] Random Battle\n|rated|\n|rule|Species Clause: Limit one of each Pok\u00e9mon\n|rule|HP Percentage Mod: HP is shown in percentages\n|rule|Sleep Clause Mod: Limit one foe put to sleep\n|rule|Illusion Level Mod: Illusion disguises the Pok\u00e9mon's true level\n|\n|t:|1781456445\n|teamsize|p1|6\n|teamsize|p2|6\n|start\n|switch|p1a: Trevenant|Trevenant, L89, F|296/296\n|switch|p2a: Dragapult|Dragapult, L77, M|262/262\n|turn|1\n|inactive|Battle timer is ON: inactive players will automatically lose when time's up. (requested by Katakatachi)\n|\n|t:|1781456461\n|move|p1a: Trevenant|Protect|p1a: Trevenant\n|-singleturn|p1a: Trevenant|Protect\n|move|p2a: Dragapult|U-turn|p1a: Trevenant\n|-activate|p1a: Trevenant|move: Protect\n|\n|upkeep\n|turn|2\n|\n|t:|1781456468\n|move|p2a: Dragapult|U-turn|p1a: Trevenant\n|-damage|p1a: Trevenant|243/296\n|\n|t:|1781456472\n|switch|p2a: Abomasnow|Abomasnow, L84, M|287/287|[from] U-turn\n|-weather|Snowscape|[from] ability: Snow Warning|[of] p2a: Abomasnow\n|move|p1a: Trevenant|Toxic|p2a: Abomasnow\n|-status|p2a: Abomasnow|tox\n|\n|-weather|Snowscape|[upkeep]\n|-damage|p2a: Abomasnow|270/287 tox|[from] psn\n|upkeep\n|turn|3\n|\n|t:|1781456497\n|switch|p1a: Ambipom|Ambipom, L84, F|263/263\n|move|p2a: Abomasnow|Aurora Veil|p2a: Abomasnow\n|-sidestart|p2: itsbaloney|move: Aurora Veil\n|\n|-weather|Snowscape|[upkeep]\n|-damage|p2a: Abomasnow|236/287 tox|[from] psn\n|upkeep\n|turn|4\n|\n|t:|1781456506\n|switch|p2a: Skarmory|Skarmory, L80, M|235/235\n|move|p1a: Ambipom|Fake Out|p2a: Skarmory\n|-resisted|p2a: Skarmory\n|-damage|p2a: Skarmory|220/235\n|\n|-weather|Snowscape|[upkeep]\n|-heal|p2a: Skarmory|234/235|[from] item: Leftovers\n|upkeep\n|turn|5\n|\n|t:|1781456516\n|move|p1a: Ambipom|U-turn|p2a: Skarmory\n|-resisted|p2a: Skarmory\n|-damage|p2a: Skarmory|230/235\n|\n|t:|1781456524\n|switch|p1a: Flareon|Flareon, L90, F|263/263|[from] U-turn\n|move|p2a: Skarmory|Stealth Rock|p1a: Flareon\n|-sidestart|p1: Katakatachi|move: Stealth Rock\n|\n|-weather|Snowscape|[upkeep]\n|-heal|p2a: Skarmory|235/235|[from] item: Leftovers\n|-status|p1a: Flareon|tox|[from] item: Toxic Orb\n|upkeep\n|turn|6\n|\n|t:|1781456536\n|switch|p2a: Golem|Golem-Alola, L93, F|300/300\n|move|p1a: Flareon|Flare Blitz|p2a: Golem\n|-resisted|p2a: Golem\n|-damage|p2a: Golem|256/300\n|-damage|p1a: Flareon|248/263 tox|[from] Recoil\n|\n|-weather|none\n|-damage|p1a: Flareon|232/263 tox|[from] psn\n|upkeep\n|turn|7\n|\n|t:|1781456546\n|switch|p1a: Gholdengo|Gholdengo, L77|261/261\n|-damage|p1a: Gholdengo|245/261|[from] Stealth Rock\n|move|p2a: Golem|Rock Polish|p2a: Golem\n|-boost|p2a: Golem|spe|2\n|\n|-heal|p1a: Gholdengo|261/261|[from] item: Leftovers\n|upkeep\n|turn|8\n|\n|t:|1781456554\n|move|p2a: Golem|Earthquake|p1a: Gholdengo\n|-supereffective|p1a: Gholdengo\n|-damage|p1a: Gholdengo|0 fnt\n|faint|p1a: Gholdengo\n|-damage|p2a: Golem|226/300|[from] item: Life Orb\n|\n|upkeep\n|\n|t:|1781456575\n|switch|p1a: Trevenant|Trevenant, L89, F|243/296\n|-damage|p1a: Trevenant|206/296|[from] Stealth Rock\n|turn|9\n|\n|t:|1781456586\n|move|p1a: Trevenant|Protect|p1a: Trevenant\n|-singleturn|p1a: Trevenant|Protect\n|move|p2a: Golem|Stone Edge|p1a: Trevenant\n|-activate|p1a: Trevenant|move: Protect\n|\n|upkeep\n|turn|10\n|\n|t:|1781456592\n|move|p2a: Golem|Stone Edge|p1a: Trevenant\n|-damage|p1a: Trevenant|0 fnt\n|faint|p1a: Trevenant\n|-damage|p2a: Golem|196/300|[from] item: Life Orb\n|\n|-sideend|p2: itsbaloney|move: Aurora Veil\n|upkeep\n|inactive|Katakatachi has 120 seconds left.\n|\n|t:|1781456624\n|switch|p1a: Noivern|Noivern, L82, M|274/274\n|turn|11\n|\n|t:|1781456628\n|move|p2a: Golem|Double-Edge|p1a: Noivern\n|-damage|p1a: Noivern|0 fnt\n|faint|p1a: Noivern\n|-damage|p2a: Golem|106/300|[from] Recoil\n|-damage|p2a: Golem|76/300|[from] item: Life Orb\n|\n|upkeep\n|inactive|Katakatachi has 120 seconds left.\n|c|\u2606Katakatachi|what a beast\n|c|\u2606itsbaloney|ye\n|c|\u2606itsbaloney|the big boi\n|c|\u2606Katakatachi|I think I just lose to this\n|c|\u2606itsbaloney|fair\n|\n|t:|1781456650\n|switch|p1a: Salazzle|Salazzle, L83, F|249/249\n|-damage|p1a: Salazzle|187/249|[from] Stealth Rock\n|turn|12\n|c|\u2606itsbaloney|i just needed stone edge to hit\n|\n|t:|1781456664\n|-terastallize|p1a: Salazzle|Grass\n|move|p2a: Golem|Double-Edge|p1a: Salazzle\n|-resisted|p1a: Salazzle\n|-damage|p1a: Salazzle|10/249\n|-damage|p2a: Golem|18/300|[from] Recoil\n|-damage|p2a: Golem|0 fnt|[from] item: Life Orb\n|faint|p2a: Golem\n|move|p1a: Salazzle|Flamethrower|p2: Golem|[notarget]\n|-fail|p1a: Salazzle\n|\n|-heal|p1a: Salazzle|25/249|[from] item: Leftovers\n|upkeep\n|c|\u2606itsbaloney|no tera flying outs\n|\n|t:|1781456673\n|switch|p2a: Dragapult|Dragapult, L77, M|262/262\n|turn|13\n|c|\u2606Katakatachi|gg\n|-message|Katakatachi forfeited.\n|\n|win|itsbaloney\n", "inputlog": ">version a8376a258c1d4662feba110a92103f3664a72141\n>start {\"formatid\":\"gen9randombattle\",\"seed\":\"sodium,39db03613fec05e7b50ed35ebc176fcd\",\"rated\":\"Rated battle\"}\n>player p1 {\"name\":\"Katakatachi\",\"avatar\":\"backersf\",\"rating\":1987,\"seed\":\"sodium,be9e7a73814be62f21702c89f331418d\"}\n>player p2 {\"name\":\"itsbaloney\",\"avatar\":\"giovanni\",\"rating\":2019,\"seed\":\"sodium,a8a0b321e59385684f346536435d12d1\"}\n>p1 move protect\n>p2 move uturn\n>p1 move toxic\n>p2 move uturn\n>p2 switch 3\n>p1 switch 5\n>p2 move auroraveil\n>p1 move fakeout\n>p2 switch 5\n>p1 move uturn\n>p2 move stealthrock\n>p1 switch 3\n>p1 move flareblitz\n>p2 switch 6\n>p1 switch 4\n>p2 move rockpolish\n>p1 move shadowball\n>p2 move earthquake\n>p1 switch 5\n>p1 move protect\n>p2 move stoneedge\n>p1 move toxic\n>p2 move stoneedge\n>p1 switch 2\n>p1 move dracometeor\n>p2 move doubleedge\n>chat \u2606Katakatachi|what a beast\n>chat \u2606itsbaloney|ye\n>chat \u2606itsbaloney|the big boi\n>chat \u2606Katakatachi|I think I just lose to this\n>chat \u2606itsbaloney|fair\n>p1 switch 6\n>chat \u2606itsbaloney|i just needed stone edge to hit\n>p1 move flamethrower terastallize\n>p2 move doubleedge\n>chat \u2606itsbaloney|no tera flying outs\n>p2 switch 3\n>chat \u2606Katakatachi|gg\n>forcelose p1", "uploadtime": 1781456447, "views": 4, "formatid": "gen9randombattle", "rating": null, "private": 0, "password": null}