{"id": "gen9randombattle-2631859348", "format": "[Gen 9] Random Battle", "players": ["sasfar", "cuerodeolancho"], "log": "|j|\u2606sasfar\n|j|\u2606cuerodeolancho\n|t:|1781449054\n|gametype|singles\n|player|p1|sasfar|red|2170\n|player|p2|cuerodeolancho|janitor|2179\n|gen|9\n|tier|[Gen 9] Random Battle\n|rated|\n|rule|Species Clause: Limit one of each Pok\u00e9mon\n|rule|HP Percentage Mod: HP is shown in percentages\n|rule|Sleep Clause Mod: Limit one foe put to sleep\n|rule|Illusion Level Mod: Illusion disguises the Pok\u00e9mon's true level\n|\n|t:|1781449054\n|teamsize|p1|6\n|teamsize|p2|6\n|start\n|switch|p1a: Zarude|Zarude-Dada, L77|288/288\n|switch|p2a: Salazzle|Salazzle, L83, F|249/249\n|turn|1\n|inactive|Battle timer is ON: inactive players will automatically lose when time's up. (requested by cuerodeolancho)\n|inactive|sasfar also wants the timer to be on.\n|inactive|sasfar has 120 seconds left.\n|\n|t:|1781449088\n|switch|p1a: Minior|Minior-Yellow, L79|224/224\n|-formechange|p1a: Minior|Minior-Meteor||[from] ability: Shields Down\n|move|p2a: Salazzle|Nasty Plot|p2a: Salazzle\n|-boost|p2a: Salazzle|spa|2\n|\n|upkeep\n|turn|2\n|\n|t:|1781449100\n|switch|p2a: Kleavor|Kleavor, L78, F|237/237\n|move|p1a: Minior|Shell Smash|p1a: Minior\n|-unboost|p1a: Minior|def|1\n|-unboost|p1a: Minior|spd|1\n|-boost|p1a: Minior|atk|2\n|-boost|p1a: Minior|spa|2\n|-boost|p1a: Minior|spe|2\n|-enditem|p1a: Minior|White Herb\n|-clearnegativeboost|p1a: Minior|[silent]\n|\n|upkeep\n|turn|3\n|\n|t:|1781449107\n|-terastallize|p2a: Kleavor|Fighting\n|move|p1a: Minior|Power Gem|p2a: Kleavor\n|-resisted|p2a: Kleavor\n|-damage|p2a: Kleavor|175/237\n|move|p2a: Kleavor|Stone Axe|p1a: Minior\n|-supereffective|p1a: Minior\n|-damage|p1a: Minior|0 fnt\n|-sidestart|p1: sasfar|move: Stealth Rock\n|faint|p1a: Minior\n|\n|upkeep\n|\n|t:|1781449115\n|switch|p1a: Annihilape|Annihilape, L76, F|292/292\n|-damage|p1a: Annihilape|274/292|[from] Stealth Rock\n|turn|4\n|\n|t:|1781449127\n|switch|p2a: Grumpig|Grumpig, L92, M|297/297\n|move|p1a: Annihilape|Bulk Up|p1a: Annihilape\n|-boost|p1a: Annihilape|atk|1\n|-boost|p1a: Annihilape|def|1\n|\n|-heal|p1a: Annihilape|292/292|[from] item: Leftovers\n|upkeep\n|turn|5\n|\n|t:|1781449136\n|move|p2a: Grumpig|Nasty Plot|p2a: Grumpig\n|-boost|p2a: Grumpig|spa|2\n|move|p1a: Annihilape|Rage Fist|p2a: Grumpig\n|-supereffective|p2a: Grumpig\n|-damage|p2a: Grumpig|117/297\n|\n|-heal|p2a: Grumpig|135/297|[from] item: Leftovers\n|upkeep\n|turn|6\n|\n|t:|1781449143\n|switch|p1a: Zarude|Zarude-Dada, L77|288/288\n|-damage|p1a: Zarude|252/288|[from] Stealth Rock\n|move|p2a: Grumpig|Psyshock|p1a: Zarude\n|-immune|p1a: Zarude\n|\n|-heal|p2a: Grumpig|153/297|[from] item: Leftovers\n|upkeep\n|turn|7\n|\n|t:|1781449147\n|move|p1a: Zarude|Knock Off|p2a: Grumpig\n|-supereffective|p2a: Grumpig\n|-damage|p2a: Grumpig|0 fnt\n|-enditem|p2a: Grumpig|Leftovers|[from] move: Knock Off|[of] p1a: Zarude\n|faint|p2a: Grumpig\n|-damage|p1a: Zarude|224/288|[from] item: Life Orb\n|\n|upkeep\n|\n|t:|1781449151\n|switch|p2a: Lokix|Lokix, L82, M|251/251\n|turn|8\n|\n|t:|1781449167\n|switch|p1a: Annihilape|Annihilape, L76, F|292/292\n|-damage|p1a: Annihilape|274/292|[from] Stealth Rock\n|move|p2a: Lokix|First Impression|p1a: Annihilape\n|-resisted|p1a: Annihilape\n|-damage|p1a: Annihilape|199/292\n|-damage|p2a: Lokix|226/251|[from] item: Life Orb\n|\n|-heal|p1a: Annihilape|217/292|[from] item: Leftovers\n|upkeep\n|turn|9\n|\n|t:|1781449177\n|switch|p2a: Mimikyu|Mimikyu, L79, M|216/216\n|move|p1a: Annihilape|Drain Punch|p2a: Mimikyu\n|-immune|p2a: Mimikyu\n|\n|-heal|p1a: Annihilape|235/292|[from] item: Leftovers\n|upkeep\n|turn|10\n|\n|t:|1781449180\n|move|p2a: Mimikyu|Swords Dance|p2a: Mimikyu\n|-boost|p2a: Mimikyu|atk|2\n|move|p1a: Annihilape|Taunt|p2a: Mimikyu\n|-start|p2a: Mimikyu|move: Taunt\n|\n|-heal|p1a: Annihilape|253/292|[from] item: Leftovers\n|upkeep\n|turn|11\n|\n|t:|1781449191\n|switch|p1a: Registeel|Registeel, L81|262/262\n|-damage|p1a: Registeel|246/262|[from] Stealth Rock\n|move|p2a: Mimikyu|Play Rough|p1a: Registeel\n|-resisted|p1a: Registeel\n|-damage|p1a: Registeel|171/262\n|-damage|p2a: Mimikyu|195/216|[from] item: Life Orb\n|\n|upkeep\n|turn|12\n|\n|t:|1781449199\n|move|p2a: Mimikyu|Drain Punch|p1a: Registeel\n|-supereffective|p1a: Registeel\n|-damage|p1a: Registeel|2/262\n|-heal|p2a: Mimikyu|216/216|[from] drain|[of] p1a: Registeel\n|-damage|p2a: Mimikyu|195/216|[from] item: Life Orb\n|move|p1a: Registeel|Iron Head|p2a: Mimikyu\n|-activate|p2a: Mimikyu|ability: Disguise\n|-damage|p2a: Mimikyu|195/216\n|detailschange|p2a: Mimikyu|Mimikyu-Busted, L79, M\n|-damage|p2a: Mimikyu|168/216|[from] pokemon: Mimikyu-Busted\n|\n|upkeep\n|turn|13\n|\n|t:|1781449203\n|move|p2a: Mimikyu|Drain Punch|p1a: Registeel\n|-supereffective|p1a: Registeel\n|-damage|p1a: Registeel|0 fnt\n|-heal|p2a: Mimikyu|169/216|[from] drain|[of] p1a: Registeel\n|faint|p1a: Registeel\n|-damage|p2a: Mimikyu|148/216|[from] item: Life Orb\n|\n|-end|p2a: Mimikyu|move: Taunt\n|upkeep\n|\n|t:|1781449224\n|switch|p1a: Zarude|Zarude-Dada, L77|224/288\n|-damage|p1a: Zarude|188/288|[from] Stealth Rock\n|turn|14\n|\n|t:|1781449228\n|move|p1a: Zarude|Power Whip|p2a: Mimikyu\n|-damage|p2a: Mimikyu|0 fnt\n|faint|p2a: Mimikyu\n|-damage|p1a: Zarude|160/288|[from] item: Life Orb\n|\n|upkeep\n|\n|t:|1781449235\n|switch|p2a: Salazzle|Salazzle, L83, F|249/249\n|turn|15\n|inactive|sasfar has 120 seconds left.\n|\n|t:|1781449273\n|move|p2a: Salazzle|Sludge Wave|p1a: Zarude\n|-supereffective|p1a: Zarude\n|-damage|p1a: Zarude|0 fnt\n|faint|p1a: Zarude\n|\n|upkeep\n|\n|t:|1781449275\n|switch|p1a: Barraskewda|Barraskewda, L81, M|231/231\n|-damage|p1a: Barraskewda|203/231|[from] Stealth Rock\n|turn|16\n|\n|t:|1781449290\n|switch|p2a: Golurk|Golurk, L87|297/297\n|move|p1a: Barraskewda|Flip Turn|p2a: Golurk\n|-supereffective|p2a: Golurk\n|-damage|p2a: Golurk|75/297\n|inactive|sasfar has 120 seconds left.\n|\n|t:|1781449313\n|switch|p1a: Lunala|Lunala, L70|308/308|[from] Flip Turn\n|-damage|p1a: Lunala|270/308|[from] Stealth Rock\n|\n|-heal|p1a: Lunala|289/308|[from] item: Leftovers\n|upkeep\n|turn|17\n|\n|t:|1781449319\n|move|p1a: Lunala|Moongeist Beam|p2a: Golurk\n|-supereffective|p2a: Golurk\n|-damage|p2a: Golurk|0 fnt\n|faint|p2a: Golurk\n|\n|-heal|p1a: Lunala|308/308|[from] item: Leftovers\n|upkeep\n|\n|t:|1781449331\n|switch|p2a: Kleavor|Kleavor, L78, F, tera:Fighting|175/237\n|turn|18\n|\n|t:|1781449347\n|switch|p1a: Annihilape|Annihilape, L76, F|253/292\n|-damage|p1a: Annihilape|235/292|[from] Stealth Rock\n|move|p2a: Kleavor|X-Scissor|p1a: Annihilape\n|-resisted|p1a: Annihilape\n|-damage|p1a: Annihilape|193/292\n|\n|-heal|p1a: Annihilape|211/292|[from] item: Leftovers\n|upkeep\n|turn|19\n|\n|t:|1781449360\n|switch|p2a: Salazzle|Salazzle, L83, F|249/249\n|move|p1a: Annihilape|Bulk Up|p1a: Annihilape\n|-boost|p1a: Annihilape|atk|1\n|-boost|p1a: Annihilape|def|1\n|\n|-heal|p1a: Annihilape|229/292|[from] item: Leftovers\n|upkeep\n|turn|20\n|\n|t:|1781449365\n|move|p2a: Salazzle|Fire Blast|p1a: Annihilape\n|-damage|p1a: Annihilape|81/292\n|move|p1a: Annihilape|Rage Fist|p2a: Salazzle\n|-damage|p2a: Salazzle|0 fnt\n|faint|p2a: Salazzle\n|\n|-heal|p1a: Annihilape|99/292|[from] item: Leftovers\n|upkeep\n|\n|t:|1781449368\n|switch|p2a: Lokix|Lokix, L82, M|226/251\n|turn|21\n|\n|t:|1781449396\n|move|p2a: Lokix|Knock Off|p1a: Annihilape\n|-damage|p1a: Annihilape|0 fnt\n|-enditem|p1a: Annihilape|Leftovers|[from] move: Knock Off|[of] p2a: Lokix\n|faint|p1a: Annihilape\n|-damage|p2a: Lokix|201/251|[from] item: Life Orb\n|\n|upkeep\n|inactive|sasfar has 120 seconds left.\n|inactive|sasfar has 90 seconds left.\n|\n|t:|1781449442\n|switch|p1a: Barraskewda|Barraskewda, L81, M|203/231\n|-damage|p1a: Barraskewda|175/231|[from] Stealth Rock\n|turn|22\n|inactive|sasfar has 90 seconds left.\n|inactive|sasfar has 60 seconds left.\n|\n|t:|1781449506\n|switch|p2a: Kleavor|Kleavor, L78, F, tera:Fighting|175/237\n|move|p1a: Barraskewda|Waterfall|p2a: Kleavor\n|-damage|p2a: Kleavor|40/237\n|\n|upkeep\n|turn|23\n|c|\u2606sasfar|gg\n|\n|t:|1781449526\n|move|p1a: Barraskewda|Waterfall|p2a: Kleavor\n|-damage|p2a: Kleavor|0 fnt\n|faint|p2a: Kleavor\n|\n|upkeep\n|c|\u2606cuerodeolancho|gg\n|\n|t:|1781449530\n|switch|p2a: Lokix|Lokix, L82, M|201/251\n|turn|24\n|c|\u2606cuerodeolancho|this shi not killing\n|\n|t:|1781449559\n|move|p2a: Lokix|First Impression|p1a: Barraskewda\n|-damage|p1a: Barraskewda|14/231\n|-damage|p2a: Lokix|176/251|[from] item: Life Orb\n|move|p1a: Barraskewda|Waterfall|p2a: Lokix\n|-damage|p2a: Lokix|28/251\n|\n|upkeep\n|turn|25\n|\n|t:|1781449564\n|move|p2a: Lokix|Sucker Punch|p1a: Barraskewda\n|-damage|p1a: Barraskewda|0 fnt\n|faint|p1a: Barraskewda\n|-damage|p2a: Lokix|3/251|[from] item: Life Orb\n|\n|upkeep\n|\n|t:|1781449566\n|switch|p1a: Lunala|Lunala, L70|308/308\n|-damage|p1a: Lunala|270/308|[from] Stealth Rock\n|turn|26\n|\n|t:|1781449574\n|-terastallize|p1a: Lunala|Fighting\n|move|p2a: Lokix|Leech Life|p1a: Lunala\n|-resisted|p1a: Lunala\n|-damage|p1a: Lunala|143/308\n|-heal|p2a: Lokix|67/251|[from] drain|[of] p1a: Lunala\n|-damage|p2a: Lokix|42/251|[from] item: Life Orb\n|move|p1a: Lunala|Moongeist Beam|p2a: Lokix\n|-resisted|p2a: Lokix\n|-damage|p2a: Lokix|0 fnt\n|faint|p2a: Lokix\n|\n|win|sasfar\n", "inputlog": ">version a8376a258c1d4662feba110a92103f3664a72141\n>start {\"formatid\":\"gen9randombattle\",\"seed\":\"sodium,d1e02dc2d6086324ed63e92b78ff2b03\",\"rated\":\"Rated battle\"}\n>player p1 {\"name\":\"sasfar\",\"avatar\":\"red\",\"rating\":2170,\"seed\":\"sodium,744f2370377e0a085c597788e702a897\"}\n>player p2 {\"name\":\"cuerodeolancho\",\"avatar\":\"janitor\",\"rating\":2179,\"seed\":\"sodium,8d9eab20946ab883c202ae30563580cb\"}\n>p1 switch 6\n>p2 move nastyplot\n>p1 move shellsmash\n>p2 switch 4\n>p1 move powergem\n>p2 move stoneaxe terastallize\n>p1 switch 2\n>p1 move bulkup\n>p2 switch 5\n>p1 move ragefist\n>p2 move nastyplot\n>p1 switch 6\n>p2 move psyshock\n>p1 move knockoff\n>p2 move focusblast\n>p2 switch 6\n>p1 switch 6\n>p2 move firstimpression\n>p1 move drainpunch\n>p2 switch 3\n>p1 move taunt\n>p2 move swordsdance\n>p1 switch 5\n>p2 move playrough\n>p1 move ironhead\n>p2 move drainpunch\n>p1 move ironhead\n>p2 move drainpunch\n>p1 switch 6\n>p1 move powerwhip\n>p2 move drainpunch\n>p2 switch 4\n>p1 move knockoff\n>p2 move sludgewave\n>p1 switch 4\n>p1 move flipturn\n>p2 switch 2\n>p1 switch 3\n>p1 move moongeistbeam\n>p2 move poltergeist\n>p2 switch 5\n>p1 switch 5\n>p2 move xscissor\n>p1 move bulkup\n>p2 switch 2\n>p1 move ragefist\n>p2 move fireblast\n>p2 switch 3\n>p1 move drainpunch\n>p2 move knockoff\n>p1 switch 3\n>p1 move waterfall\n>p2 switch 2\n>chat \u2606sasfar|gg\n>p1 move waterfall\n>p2 move xscissor\n>chat \u2606cuerodeolancho|gg\n>p2 switch 2\n>chat \u2606cuerodeolancho|this shi not killing\n>p1 move waterfall\n>p2 move firstimpression\n>p1 move waterfall\n>p2 move suckerpunch\n>p1 switch 5\n>p1 move moongeistbeam terastallize\n>p2 move leechlife", "uploadtime": 1781449058, "views": 6, "formatid": "gen9randombattle", "rating": null, "private": 0, "password": null}