{"id": "gen9randombattle-2631895550", "format": "[Gen 9] Random Battle", "players": ["WizardSpices", "Yepingjiang"], "log": "|j|\u2606WizardSpices\n|j|\u2606Yepingjiang\n|t:|1781453072\n|gametype|singles\n|player|p1|WizardSpices|brycenman|1713\n|player|p2|Yepingjiang|hilbert|1709\n|gen|9\n|tier|[Gen 9] Random Battle\n|rated|\n|rule|Species Clause: Limit one of each Pok\u00e9mon\n|rule|HP Percentage Mod: HP is shown in percentages\n|rule|Sleep Clause Mod: Limit one foe put to sleep\n|rule|Illusion Level Mod: Illusion disguises the Pok\u00e9mon's true level\n|\n|t:|1781453072\n|teamsize|p1|6\n|teamsize|p2|6\n|start\n|switch|p1a: Toxicroak|Toxicroak, L84, M|277/277\n|switch|p2a: Kleavor|Kleavor, L78, M|237/237\n|turn|1\n|inactive|Battle timer is ON: inactive players will automatically lose when time's up. (requested by Yepingjiang)\n|\n|t:|1781453099\n|switch|p2a: Farigiraf|Farigiraf, L90, M|362/362\n|move|p1a: Toxicroak|Swords Dance|p1a: Toxicroak\n|-boost|p1a: Toxicroak|atk|2\n|\n|upkeep\n|turn|2\n|\n|t:|1781453105\n|move|p1a: Toxicroak|Knock Off|p2a: Farigiraf\n|-supereffective|p2a: Farigiraf\n|-damage|p2a: Farigiraf|0 fnt\n|-enditem|p2a: Farigiraf|Leftovers|[from] move: Knock Off|[of] p1a: Toxicroak\n|faint|p2a: Farigiraf\n|-damage|p1a: Toxicroak|250/277|[from] item: Life Orb\n|\n|upkeep\n|\n|t:|1781453112\n|switch|p2a: Golem|Golem, L87, M|281/281\n|turn|3\n|\n|t:|1781453133\n|switch|p1a: Orthworm|Orthworm, L88, M|266/266\n|move|p2a: Golem|Earthquake|p1a: Orthworm\n|-immune|p1a: Orthworm|[from] ability: Earth Eater\n|\n|upkeep\n|turn|4\n|\n|t:|1781453139\n|switch|p2a: Qwilfish|Qwilfish-Hisui, L83, M|244/244\n|-ability|p2a: Qwilfish|Intimidate|boost\n|-unboost|p1a: Orthworm|atk|1\n|move|p1a: Orthworm|Coil|p1a: Orthworm\n|-boost|p1a: Orthworm|atk|1\n|-boost|p1a: Orthworm|def|1\n|-boost|p1a: Orthworm|accuracy|1\n|\n|upkeep\n|turn|5\n|\n|t:|1781453148\n|switch|p2a: Exeggutor|Exeggutor-Alola, L89, M|314/314\n|-item|p1a: Orthworm|Chesto Berry|[from] ability: Frisk|[of] p2a: Exeggutor\n|move|p1a: Orthworm|Coil|p1a: Orthworm\n|-boost|p1a: Orthworm|atk|1\n|-boost|p1a: Orthworm|def|1\n|-boost|p1a: Orthworm|accuracy|1\n|\n|upkeep\n|turn|6\n|\n|t:|1781453156\n|switch|p1a: Walking Wake|Walking Wake, L79|286/286\n|move|p2a: Exeggutor|Flamethrower|p1a: Walking Wake\n|-resisted|p1a: Walking Wake\n|-damage|p1a: Walking Wake|252/286\n|\n|upkeep\n|turn|7\n|\n|t:|1781453163\n|switch|p2a: Golem|Golem, L87, M|281/281\n|move|p1a: Walking Wake|Draco Meteor|p2a: Golem\n|-damage|p2a: Golem|28/281\n|-unboost|p1a: Walking Wake|spa|2\n|\n|upkeep\n|turn|8\n|\n|t:|1781453167\n|move|p1a: Walking Wake|Draco Meteor|p2a: Golem\n|-damage|p2a: Golem|0 fnt\n|-unboost|p1a: Walking Wake|spa|2\n|faint|p2a: Golem\n|\n|upkeep\n|\n|t:|1781453174\n|switch|p2a: Kleavor|Kleavor, L78, M|237/237\n|turn|9\n|\n|t:|1781453181\n|-end|p1a: Walking Wake|Protosynthesis|[silent]\n|switch|p1a: Orthworm|Orthworm, L88, M|266/266\n|move|p2a: Kleavor|Stone Axe|p1a: Orthworm\n|-resisted|p1a: Orthworm\n|-damage|p1a: Orthworm|227/266\n|-sidestart|p1: WizardSpices|move: Stealth Rock\n|\n|upkeep\n|turn|10\n|\n|t:|1781453190\n|switch|p2a: Exeggutor|Exeggutor-Alola, L89, M|314/314\n|-item|p1a: Orthworm|Chesto Berry|[from] ability: Frisk|[of] p2a: Exeggutor\n|switch|p1a: Walking Wake|Walking Wake, L79|252/286\n|-damage|p1a: Walking Wake|217/286|[from] Stealth Rock\n|\n|upkeep\n|turn|11\n|\n|t:|1781453197\n|switch|p2a: Kleavor|Kleavor, L78, M|237/237\n|move|p1a: Walking Wake|Draco Meteor|p2a: Kleavor\n|-damage|p2a: Kleavor|0 fnt\n|-unboost|p1a: Walking Wake|spa|2\n|faint|p2a: Kleavor\n|\n|upkeep\n|\n|t:|1781453199\n|switch|p2a: Exeggutor|Exeggutor-Alola, L89, M|314/314\n|-item|p1a: Walking Wake|Choice Specs|[from] ability: Frisk|[of] p2a: Exeggutor\n|turn|12\n|\n|t:|1781453203\n|-end|p1a: Walking Wake|Protosynthesis|[silent]\n|switch|p1a: Orthworm|Orthworm, L88, M|227/266\n|-damage|p1a: Orthworm|211/266|[from] Stealth Rock\n|move|p2a: Exeggutor|Flamethrower|p1a: Orthworm\n|-supereffective|p1a: Orthworm\n|-damage|p1a: Orthworm|0 fnt\n|faint|p1a: Orthworm\n|\n|upkeep\n|\n|t:|1781453207\n|switch|p1a: Walking Wake|Walking Wake, L79|217/286\n|-damage|p1a: Walking Wake|182/286|[from] Stealth Rock\n|turn|13\n|\n|t:|1781453209\n|switch|p2a: Qwilfish|Qwilfish-Hisui, L83, M|244/244\n|-ability|p2a: Qwilfish|Intimidate|boost\n|-unboost|p1a: Walking Wake|atk|1\n|move|p1a: Walking Wake|Draco Meteor|p2a: Qwilfish\n|-damage|p2a: Qwilfish|46/244\n|-unboost|p1a: Walking Wake|spa|2\n|\n|upkeep\n|turn|14\n|\n|t:|1781453213\n|move|p1a: Walking Wake|Draco Meteor|p2a: Qwilfish|[miss]\n|-miss|p1a: Walking Wake|p2a: Qwilfish\n|move|p2a: Qwilfish|Gunk Shot|p1a: Walking Wake\n|-damage|p1a: Walking Wake|56/286\n|\n|upkeep\n|turn|15\n|\n|t:|1781453216\n|move|p1a: Walking Wake|Draco Meteor|p2a: Qwilfish\n|-damage|p2a: Qwilfish|0 fnt\n|-unboost|p1a: Walking Wake|spa|2\n|faint|p2a: Qwilfish\n|\n|upkeep\n|\n|t:|1781453218\n|switch|p2a: Exeggutor|Exeggutor-Alola, L89, M|314/314\n|-item|p1a: Walking Wake|Choice Specs|[from] ability: Frisk|[of] p2a: Exeggutor\n|turn|16\n|\n|t:|1781453224\n|-end|p1a: Walking Wake|Protosynthesis|[silent]\n|switch|p1a: Farigiraf|Farigiraf, L90, F|362/362\n|-damage|p1a: Farigiraf|317/362|[from] Stealth Rock\n|move|p2a: Exeggutor|Giga Drain|p1a: Farigiraf\n|-ability|p1a: Farigiraf|Sap Sipper|boost\n|-boost|p1a: Farigiraf|atk|1\n|\n|-heal|p1a: Farigiraf|339/362|[from] item: Leftovers\n|upkeep\n|turn|17\n|\n|t:|1781453230\n|switch|p2a: Chien-Pao|Chien-Pao, L72|234/234\n|-ability|p2a: Chien-Pao|Sword of Ruin\n|move|p1a: Farigiraf|Body Slam|p2a: Chien-Pao\n|-damage|p2a: Chien-Pao|53/234\n|\n|-heal|p1a: Farigiraf|361/362|[from] item: Leftovers\n|upkeep\n|turn|18\n|\n|t:|1781453237\n|-terastallize|p1a: Farigiraf|Water\n|move|p2a: Chien-Pao|Icicle Crash|p1a: Farigiraf\n|-resisted|p1a: Farigiraf\n|-damage|p1a: Farigiraf|271/362\n|move|p1a: Farigiraf|Body Slam|p2a: Chien-Pao\n|-damage|p2a: Chien-Pao|0 fnt\n|faint|p2a: Chien-Pao\n|\n|-heal|p1a: Farigiraf|293/362|[from] item: Leftovers\n|upkeep\n|\n|t:|1781453241\n|switch|p2a: Exeggutor|Exeggutor-Alola, L89, M|314/314\n|-item|p1a: Farigiraf|Leftovers|[from] ability: Frisk|[of] p2a: Exeggutor\n|turn|19\n|-message|Yepingjiang forfeited.\n|\n|win|WizardSpices\n|raw|WizardSpices's rating: 1713 &rarr; <strong>1733</strong><br />(+20 for winning)\n|raw|Yepingjiang's rating: 1709 &rarr; <strong>1689</strong><br />(-20 for losing)\n|l|\u2606WizardSpices\n|player|p1|\n", "inputlog": ">version a8376a258c1d4662feba110a92103f3664a72141\n>start {\"formatid\":\"gen9randombattle\",\"seed\":\"sodium,d36b1063b8815fd25b17655674e999bc\",\"rated\":\"Rated battle\"}\n>player p1 {\"name\":\"WizardSpices\",\"avatar\":\"brycenman\",\"rating\":1713,\"seed\":\"sodium,1a7c85dbae234f05de212e0df0fbb336\"}\n>player p2 {\"name\":\"Yepingjiang\",\"avatar\":\"hilbert\",\"rating\":1709,\"seed\":\"sodium,40cd8e93b37f000c16e4fb2904e72735\"}\n>p1 move swordsdance\n>p2 switch 5\n>p1 move knockoff\n>p2 move psychicnoise\n>p2 switch 2\n>p1 switch 2\n>p2 move earthquake\n>p1 move coil\n>p2 switch 4\n>p1 move coil\n>p2 switch 6\n>p1 switch 5\n>p2 move flamethrower\n>p1 move dracometeor\n>p2 switch 4\n>p1 move dracometeor\n>p2 move rockpolish\n>p2 switch 5\n>p1 switch 5\n>p2 move stoneaxe\n>p1 switch 5\n>p2 switch 4\n>p1 move dracometeor\n>p2 switch 4\n>p2 switch 4\n>p1 switch 5\n>p2 move flamethrower\n>p1 switch 5\n>p1 move dracometeor\n>p2 switch 6\n>p1 move dracometeor\n>p2 move gunkshot\n>p1 move dracometeor\n>p2 move crunch\n>p2 switch 6\n>p1 switch 3\n>p2 move gigadrain\n>p1 move bodyslam\n>p2 switch 3\n>p1 move bodyslam terastallize\n>p2 move iciclecrash\n>p2 switch 3\n>forcelose p2", "uploadtime": 1781453249, "views": 13, "formatid": "gen9randombattle", "rating": 1689, "private": 0, "password": null}