{"id": "gen9randombattle-2631602263", "format": "[Gen 9] Random Battle", "players": ["schleeby", "nickolassbomfim"], "log": "|j|\u2606schleeby\n|j|\u2606nickolassbomfim\n|t:|1781407236\n|gametype|singles\n|player|p1|schleeby|rosa|1989\n|player|p2|nickolassbomfim|red-masters|1990\n|gen|9\n|tier|[Gen 9] Random Battle\n|rated|\n|rule|Species Clause: Limit one of each Pok\u00e9mon\n|rule|HP Percentage Mod: HP is shown in percentages\n|rule|Sleep Clause Mod: Limit one foe put to sleep\n|rule|Illusion Level Mod: Illusion disguises the Pok\u00e9mon's true level\n|\n|t:|1781407236\n|teamsize|p1|6\n|teamsize|p2|6\n|start\n|switch|p1a: Ogerpon|Ogerpon-Cornerstone, L76, F|247/247\n|switch|p2a: Sandslash|Sandslash, L89, F|278/278\n|turn|1\n|inactive|Battle timer is ON: inactive players will automatically lose when time's up. (requested by nickolassbomfim)\n|\n|t:|1781407261\n|move|p1a: Ogerpon|Power Whip|p2a: Sandslash\n|-supereffective|p2a: Sandslash\n|-damage|p2a: Sandslash|44/278\n|move|p2a: Sandslash|Rapid Spin|p1a: Ogerpon\n|-resisted|p1a: Ogerpon\n|-damage|p1a: Ogerpon|225/247\n|-boost|p2a: Sandslash|spe|1\n|\n|-heal|p2a: Sandslash|61/278|[from] item: Leftovers\n|upkeep\n|turn|2\n|\n|t:|1781407276\n|move|p2a: Sandslash|Earthquake|p1a: Ogerpon\n|-damage|p1a: Ogerpon|86/247\n|move|p1a: Ogerpon|Power Whip|p2a: Sandslash\n|-supereffective|p2a: Sandslash\n|-damage|p2a: Sandslash|0 fnt\n|faint|p2a: Sandslash\n|\n|upkeep\n|\n|t:|1781407281\n|switch|p2a: Minun|Minun, L95, F|268/268\n|turn|3\n|\n|t:|1781407288\n|switch|p1a: Electrode|Electrode-Hisui, L87|246/246\n|move|p2a: Minun|Alluring Voice|p1a: Electrode\n|-immune|p1a: Electrode|[from] ability: Soundproof\n|\n|upkeep\n|turn|4\n|\n|t:|1781407295\n|switch|p2a: Hypno|Hypno, L95, F|315/315\n|move|p1a: Electrode|Leech Seed|p2a: Hypno\n|-start|p2a: Hypno|move: Leech Seed\n|\n|-damage|p2a: Hypno|276/315|[from] Leech Seed|[of] p1a: Electrode\n|upkeep\n|turn|5\n|\n|t:|1781407300\n|switch|p1a: Gothitelle|Gothitelle, L90, M|272/272\n|move|p2a: Hypno|Toxic|p1a: Gothitelle\n|-status|p1a: Gothitelle|tox\n|\n|-heal|p2a: Hypno|295/315|[from] item: Leftovers\n|-damage|p2a: Hypno|256/315|[from] Leech Seed|[of] p1a: Gothitelle\n|-damage|p1a: Gothitelle|255/272 tox|[from] psn\n|upkeep\n|turn|6\n|\n|t:|1781407305\n|move|p1a: Gothitelle|Dark Pulse|p2a: Hypno\n|-supereffective|p2a: Hypno\n|-damage|p2a: Hypno|166/315\n|move|p2a: Hypno|Psychic Noise|p1a: Gothitelle\n|-resisted|p1a: Gothitelle\n|-damage|p1a: Gothitelle|219/272 tox\n|-start|p1a: Gothitelle|move: Heal Block\n|\n|-heal|p2a: Hypno|185/315|[from] item: Leftovers\n|-damage|p2a: Hypno|146/315|[from] Leech Seed|[of] p1a: Gothitelle\n|-damage|p1a: Gothitelle|185/272 tox|[from] psn\n|upkeep\n|turn|7\n|\n|t:|1781407308\n|move|p2a: Hypno|Protect|p2a: Hypno\n|-singleturn|p2a: Hypno|Protect\n|move|p1a: Gothitelle|Dark Pulse|p2a: Hypno\n|-activate|p2a: Hypno|move: Protect\n|\n|-heal|p2a: Hypno|165/315|[from] item: Leftovers\n|-damage|p2a: Hypno|126/315|[from] Leech Seed|[of] p1a: Gothitelle\n|-damage|p1a: Gothitelle|134/272 tox|[from] psn\n|-end|p1a: Gothitelle|move: Heal Block\n|upkeep\n|turn|8\n|\n|t:|1781407310\n|move|p1a: Gothitelle|Dark Pulse|p2a: Hypno\n|-supereffective|p2a: Hypno\n|-damage|p2a: Hypno|40/315\n|move|p2a: Hypno|Psychic Noise|p1a: Gothitelle\n|-resisted|p1a: Gothitelle\n|-damage|p1a: Gothitelle|100/272 tox\n|-start|p1a: Gothitelle|move: Heal Block\n|\n|-heal|p2a: Hypno|59/315|[from] item: Leftovers\n|-damage|p2a: Hypno|20/315|[from] Leech Seed|[of] p1a: Gothitelle\n|-damage|p1a: Gothitelle|32/272 tox|[from] psn\n|upkeep\n|turn|9\n|\n|t:|1781407314\n|switch|p1a: Electrode|Electrode-Hisui, L87|246/246\n|move|p2a: Hypno|Protect||[still]\n|-fail|p2a: Hypno\n|\n|-heal|p2a: Hypno|39/315|[from] item: Leftovers\n|-damage|p2a: Hypno|0 fnt|[from] Leech Seed|[of] p1a: Electrode\n|faint|p2a: Hypno\n|upkeep\n|\n|t:|1781407318\n|switch|p2a: Golduck|Golduck, L90, M|290/290\n|-ability|p2a: Golduck|Cloud Nine\n|turn|10\n|\n|t:|1781407321\n|-terastallize|p2a: Golduck|Grass\n|move|p1a: Electrode|Thunderbolt|p2a: Golduck\n|-resisted|p2a: Golduck\n|-damage|p2a: Golduck|244/290\n|move|p2a: Golduck|Ice Beam|p1a: Electrode\n|-supereffective|p1a: Electrode\n|-damage|p1a: Electrode|40/246\n|\n|-heal|p1a: Electrode|55/246|[from] item: Leftovers\n|upkeep\n|turn|11\n|\n|t:|1781407327\n|switch|p1a: Chansey|Chansey, L85, F|564/564\n|move|p2a: Golduck|Ice Beam|p1a: Chansey\n|-damage|p1a: Chansey|503/564\n|\n|upkeep\n|turn|12\n|\n|t:|1781407331\n|switch|p2a: Minun|Minun, L95, F|268/268\n|move|p1a: Chansey|Seismic Toss|p2a: Minun\n|-damage|p2a: Minun|183/268\n|\n|upkeep\n|turn|13\n|\n|t:|1781407340\n|switch|p2a: Braviary|Braviary, L85, M|309/309\n|move|p1a: Chansey|Seismic Toss|p2a: Braviary\n|-damage|p2a: Braviary|224/309\n|\n|upkeep\n|turn|14\n|\n|t:|1781407352\n|move|p2a: Braviary|Close Combat|p1a: Chansey\n|-supereffective|p1a: Chansey\n|-damage|p1a: Chansey|0 fnt\n|-unboost|p2a: Braviary|def|1\n|-unboost|p2a: Braviary|spd|1\n|faint|p1a: Chansey\n|\n|upkeep\n|\n|t:|1781407366\n|switch|p1a: Ogerpon|Ogerpon-Cornerstone, L76, F|86/247\n|turn|15\n|\n|t:|1781407369\n|switch|p2a: Cramorant|Cramorant, L86, F|261/261\n|move|p1a: Ogerpon|Ivy Cudgel|p2a: Cramorant|[anim] Ivy Cudgel Rock\n|-supereffective|p2a: Cramorant\n|-damage|p2a: Cramorant|0 fnt\n|faint|p2a: Cramorant\n|\n|upkeep\n|\n|t:|1781407374\n|switch|p2a: Minun|Minun, L95, F|183/268\n|turn|16\n|\n|t:|1781407378\n|switch|p1a: Electrode|Electrode-Hisui, L87|55/246\n|move|p2a: Minun|Nasty Plot|p2a: Minun\n|-boost|p2a: Minun|spa|2\n|\n|-heal|p1a: Electrode|70/246|[from] item: Leftovers\n|upkeep\n|turn|17\n|\n|t:|1781407384\n|move|p1a: Electrode|Giga Drain|p2a: Minun\n|-damage|p2a: Minun|111/268\n|-heal|p1a: Electrode|106/246|[from] drain|[of] p2a: Minun\n|move|p2a: Minun|Thunderbolt|p1a: Electrode\n|-resisted|p1a: Electrode\n|-damage|p1a: Electrode|38/246\n|-damage|p2a: Minun|85/268|[from] item: Life Orb\n|\n|-heal|p1a: Electrode|53/246|[from] item: Leftovers\n|upkeep\n|turn|18\n|\n|t:|1781407388\n|move|p1a: Electrode|Giga Drain|p2a: Minun\n|-damage|p2a: Minun|18/268\n|-heal|p1a: Electrode|87/246|[from] drain|[of] p2a: Minun\n|move|p2a: Minun|Thunderbolt|p1a: Electrode\n|-resisted|p1a: Electrode\n|-damage|p1a: Electrode|18/246\n|-damage|p2a: Minun|0 fnt|[from] item: Life Orb\n|faint|p2a: Minun\n|\n|-heal|p1a: Electrode|33/246|[from] item: Leftovers\n|upkeep\n|-message|nickolassbomfim forfeited.\n|\n|win|schleeby\n", "inputlog": ">version a8376a258c1d4662feba110a92103f3664a72141\n>start {\"formatid\":\"gen9randombattle\",\"seed\":\"sodium,57f3eb10ea783b43bb86827d7e881853\",\"rated\":\"Rated battle\"}\n>player p1 {\"name\":\"schleeby\",\"avatar\":\"rosa\",\"rating\":1989,\"seed\":\"sodium,5effb9983716cadb175830f17e833277\"}\n>player p2 {\"name\":\"nickolassbomfim\",\"avatar\":\"red-masters\",\"rating\":1990,\"seed\":\"sodium,8f1d3e63c4f35d27f2696eb723580b12\"}\n>p1 move powerwhip\n>p2 move rapidspin\n>p1 move powerwhip\n>p2 move earthquake\n>p2 switch 3\n>p1 switch 2\n>p2 move alluringvoice\n>p1 move leechseed\n>p2 switch 4\n>p1 switch 3\n>p2 move toxic\n>p1 move darkpulse\n>p2 move psychicnoise\n>p1 move darkpulse\n>p2 move protect\n>p1 move darkpulse\n>p2 move psychicnoise\n>p1 switch 3\n>p2 move protect\n>p2 switch 5\n>p1 move thunderbolt\n>p2 move icebeam terastallize\n>p1 switch 6\n>p2 move icebeam\n>p1 move seismictoss\n>p2 switch 4\n>p1 move seismictoss\n>p2 switch 6\n>p1 move seismictoss\n>p2 move closecombat\n>p1 switch 2\n>p1 move ivycudgel\n>p2 switch 2\n>p2 switch 6\n>p1 switch 6\n>p2 move nastyplot\n>p1 move gigadrain\n>p2 move thunderbolt\n>p1 move gigadrain\n>p2 move thunderbolt\n>forcelose p2", "uploadtime": 1781407238, "views": 7, "formatid": "gen9randombattle", "rating": null, "private": 0, "password": null}