{"id": "gen9randombattle-2631578349", "format": "[Gen 9] Random Battle", "players": ["Malog7", "tuankiet091002"], "log": "|j|\u2606Malog7\n|j|\u2606tuankiet091002\n|t:|1781403853\n|gametype|singles\n|player|p1|Malog7|steven|1967\n|player|p2|tuankiet091002|2|1950\n|gen|9\n|tier|[Gen 9] Random Battle\n|rated|\n|rule|Species Clause: Limit one of each Pok\u00e9mon\n|rule|HP Percentage Mod: HP is shown in percentages\n|rule|Sleep Clause Mod: Limit one foe put to sleep\n|rule|Illusion Level Mod: Illusion disguises the Pok\u00e9mon's true level\n|\n|t:|1781403853\n|teamsize|p1|6\n|teamsize|p2|6\n|start\n|switch|p1a: Iron Thorns|Iron Thorns, L83|302/302\n|switch|p2a: Eelektross|Eelektross, L87, M|290/290\n|-item|p1a: Iron Thorns|Air Balloon\n|turn|1\n|inactive|Battle timer is ON: inactive players will automatically lose when time's up. (requested by Malog7)\n|\n|t:|1781403870\n|move|p1a: Iron Thorns|Stone Edge|p2a: Eelektross\n|-damage|p2a: Eelektross|160/290\n|move|p2a: Eelektross|Flamethrower|p1a: Iron Thorns\n|-resisted|p1a: Iron Thorns\n|-damage|p1a: Iron Thorns|264/302\n|-enditem|p1a: Iron Thorns|Air Balloon\n|\n|upkeep\n|turn|2\n|\n|t:|1781403879\n|move|p1a: Iron Thorns|Stone Edge|p2a: Eelektross\n|-crit|p2a: Eelektross\n|-damage|p2a: Eelektross|0 fnt\n|faint|p2a: Eelektross\n|\n|upkeep\n|\n|t:|1781403884\n|switch|p2a: Torterra|Torterra, L78, F|276/276\n|turn|3\n|\n|t:|1781403890\n|-end|p1a: Iron Thorns|Quark Drive|[silent]\n|switch|p1a: Bronzong|Bronzong, L88|261/261\n|move|p2a: Torterra|Shell Smash|p2a: Torterra\n|-unboost|p2a: Torterra|def|1\n|-unboost|p2a: Torterra|spd|1\n|-boost|p2a: Torterra|atk|2\n|-boost|p2a: Torterra|spa|2\n|-boost|p2a: Torterra|spe|2\n|\n|upkeep\n|turn|4\n|\n|t:|1781403904\n|move|p2a: Torterra|Bullet Seed|p1a: Bronzong\n|-resisted|p1a: Bronzong\n|-crit|p1a: Bronzong\n|-damage|p1a: Bronzong|231/261\n|-resisted|p1a: Bronzong\n|-damage|p1a: Bronzong|210/261\n|-resisted|p1a: Bronzong\n|-damage|p1a: Bronzong|192/261\n|-resisted|p1a: Bronzong\n|-damage|p1a: Bronzong|172/261\n|-resisted|p1a: Bronzong\n|-damage|p1a: Bronzong|154/261\n|-hitcount|p1a: Bronzong|5\n|move|p1a: Bronzong|Body Press|p2a: Torterra\n|-damage|p2a: Torterra|175/276\n|\n|-heal|p1a: Bronzong|170/261|[from] item: Leftovers\n|upkeep\n|turn|5\n|\n|t:|1781403919\n|move|p2a: Torterra|Bullet Seed|p1a: Bronzong\n|-resisted|p1a: Bronzong\n|-damage|p1a: Bronzong|150/261\n|-resisted|p1a: Bronzong\n|-damage|p1a: Bronzong|131/261\n|-resisted|p1a: Bronzong\n|-damage|p1a: Bronzong|111/261\n|-resisted|p1a: Bronzong\n|-damage|p1a: Bronzong|93/261\n|-resisted|p1a: Bronzong\n|-crit|p1a: Bronzong\n|-damage|p1a: Bronzong|63/261\n|-hitcount|p1a: Bronzong|5\n|move|p1a: Bronzong|Iron Defense|p1a: Bronzong\n|-boost|p1a: Bronzong|def|2\n|\n|-heal|p1a: Bronzong|79/261|[from] item: Leftovers\n|upkeep\n|turn|6\n|\n|t:|1781403933\n|move|p2a: Torterra|Bullet Seed|p1a: Bronzong\n|-resisted|p1a: Bronzong\n|-damage|p1a: Bronzong|70/261\n|-resisted|p1a: Bronzong\n|-damage|p1a: Bronzong|60/261\n|-resisted|p1a: Bronzong\n|-damage|p1a: Bronzong|51/261\n|-resisted|p1a: Bronzong\n|-damage|p1a: Bronzong|42/261\n|-resisted|p1a: Bronzong\n|-damage|p1a: Bronzong|33/261\n|-hitcount|p1a: Bronzong|5\n|move|p1a: Bronzong|Body Press|p2a: Torterra\n|-damage|p2a: Torterra|0 fnt\n|faint|p2a: Torterra\n|\n|-heal|p1a: Bronzong|49/261|[from] item: Leftovers\n|upkeep\n|\n|t:|1781403950\n|switch|p2a: Oricorio|Oricorio-Sensu, L85, F|266/266\n|turn|7\n|\n|t:|1781403954\n|move|p2a: Oricorio|Revelation Dance|p1a: Bronzong\n|-supereffective|p1a: Bronzong\n|-damage|p1a: Bronzong|0 fnt\n|faint|p1a: Bronzong\n|\n|upkeep\n|\n|t:|1781403965\n|switch|p1a: Basculin|Basculin, L86, F|261/261\n|turn|8\n|\n|t:|1781403980\n|move|p1a: Basculin|Wave Crash|p2a: Oricorio\n|-damage|p2a: Oricorio|0 fnt\n|faint|p2a: Oricorio\n|-damage|p1a: Basculin|173/261|[from] Recoil\n|\n|upkeep\n|\n|t:|1781403985\n|switch|p2a: Breloom|Breloom, L83, M|235/235\n|turn|9\n|\n|t:|1781403993\n|move|p1a: Basculin|Wave Crash|p2a: Breloom\n|-resisted|p2a: Breloom\n|-crit|p2a: Breloom\n|-damage|p2a: Breloom|28/235\n|-damage|p1a: Basculin|105/261|[from] Recoil\n|move|p2a: Breloom|Swords Dance|p2a: Breloom\n|-boost|p2a: Breloom|atk|2\n|\n|upkeep\n|turn|10\n|\n|t:|1781404001\n|switch|p1a: Comfey|Comfey, L85, M|225/225\n|move|p2a: Breloom|Mach Punch|p1a: Comfey\n|-resisted|p1a: Comfey\n|-damage|p1a: Comfey|124/225\n|-damage|p2a: Breloom|5/235|[from] item: Life Orb\n|\n|-heal|p1a: Comfey|138/225|[from] item: Leftovers\n|upkeep\n|turn|11\n|\n|t:|1781404009\n|switch|p2a: Fezandipiti|Fezandipiti, L82, M|278/278\n|move|p1a: Comfey|Draining Kiss|p2a: Fezandipiti\n|-resisted|p2a: Fezandipiti\n|-damage|p2a: Fezandipiti|259/278\n|-heal|p1a: Comfey|152/225|[from] drain|[of] p2a: Fezandipiti\n|\n|-heal|p1a: Comfey|166/225|[from] item: Leftovers\n|-heal|p2a: Fezandipiti|276/278|[from] item: Leftovers\n|upkeep\n|turn|12\n|\n|t:|1781404023\n|switch|p1a: Iron Thorns|Iron Thorns, L83|264/302\n|move|p2a: Fezandipiti|Beat Up|p1a: Iron Thorns\n|-damage|p1a: Iron Thorns|255/302\n|-status|p1a: Iron Thorns|tox|[from] ability: Toxic Chain|[of] p2a: Fezandipiti\n|-damage|p1a: Iron Thorns|249/302 tox\n|-damage|p1a: Iron Thorns|239/302 tox\n|-hitcount|p1a: Iron Thorns|3\n|\n|-heal|p2a: Fezandipiti|278/278|[from] item: Leftovers\n|-damage|p1a: Iron Thorns|221/302 tox|[from] psn\n|upkeep\n|turn|13\n|\n|t:|1781404047\n|move|p2a: Fezandipiti|Moonblast|p1a: Iron Thorns\n|-damage|p1a: Iron Thorns|136/302 tox\n|-unboost|p1a: Iron Thorns|spa|1\n|move|p1a: Iron Thorns|Spikes|p2a: Fezandipiti\n|-sidestart|p2: tuankiet091002|Spikes\n|\n|-damage|p1a: Iron Thorns|100/302 tox|[from] psn\n|upkeep\n|turn|14\n|\n|t:|1781404054\n|move|p2a: Fezandipiti|Moonblast|p1a: Iron Thorns\n|-damage|p1a: Iron Thorns|15/302 tox\n|move|p1a: Iron Thorns|Stone Edge|p2a: Fezandipiti\n|-damage|p2a: Fezandipiti|140/278\n|\n|-heal|p2a: Fezandipiti|157/278|[from] item: Leftovers\n|-damage|p1a: Iron Thorns|0 fnt|[from] psn\n|faint|p1a: Iron Thorns\n|-end|p1a: Iron Thorns|Quark Drive|[silent]\n|upkeep\n|\n|t:|1781404063\n|switch|p1a: Basculin|Basculin, L86, F|105/261\n|turn|15\n|\n|t:|1781404068\n|switch|p2a: Breloom|Breloom, L83, M|5/235\n|-damage|p2a: Breloom|0 fnt|[from] Spikes\n|faint|p2a: Breloom\n|move|p1a: Basculin|Wave Crash|p2: Breloom|[notarget]\n|-fail|p1a: Basculin\n|\n|upkeep\n|\n|t:|1781404074\n|switch|p2a: Cryogonal|Cryogonal, L89|287/287\n|turn|16\n|\n|t:|1781404083\n|switch|p1a: Empoleon|Empoleon, L84, M|278/278\n|-terastallize|p2a: Cryogonal|Electric\n|move|p2a: Cryogonal|Tera Blast|p1a: Empoleon|[anim] Tera Blast Electric\n|-supereffective|p1a: Empoleon\n|-damage|p1a: Empoleon|120/278\n|\n|-heal|p1a: Empoleon|137/278|[from] item: Leftovers\n|upkeep\n|turn|17\n|\n|t:|1781404092\n|move|p2a: Cryogonal|Tera Blast|p1a: Empoleon|[anim] Tera Blast Electric\n|-supereffective|p1a: Empoleon\n|-damage|p1a: Empoleon|0 fnt\n|faint|p1a: Empoleon\n|\n|upkeep\n|\n|t:|1781404096\n|switch|p1a: Comfey|Comfey, L85, M|166/225\n|turn|18\n|\n|t:|1781404103\n|switch|p2a: Fezandipiti|Fezandipiti, L82, M|157/278\n|-damage|p2a: Fezandipiti|123/278|[from] Spikes\n|move|p1a: Comfey|Calm Mind|p1a: Comfey\n|-boost|p1a: Comfey|spa|1\n|-boost|p1a: Comfey|spd|1\n|\n|-heal|p1a: Comfey|180/225|[from] item: Leftovers\n|-heal|p2a: Fezandipiti|140/278|[from] item: Leftovers\n|upkeep\n|turn|19\n|\n|t:|1781404111\n|-terastallize|p1a: Comfey|Poison\n|move|p1a: Comfey|Calm Mind|p1a: Comfey\n|-boost|p1a: Comfey|spa|1\n|-boost|p1a: Comfey|spd|1\n|move|p2a: Fezandipiti|Gunk Shot|p1a: Comfey\n|-resisted|p1a: Comfey\n|-damage|p1a: Comfey|124/225\n|\n|-heal|p1a: Comfey|138/225|[from] item: Leftovers\n|-heal|p2a: Fezandipiti|157/278|[from] item: Leftovers\n|upkeep\n|turn|20\n|\n|t:|1781404120\n|move|p1a: Comfey|Calm Mind|p1a: Comfey\n|-boost|p1a: Comfey|spa|1\n|-boost|p1a: Comfey|spd|1\n|move|p2a: Fezandipiti|Roost|p2a: Fezandipiti\n|-heal|p2a: Fezandipiti|278/278\n|-singleturn|p2a: Fezandipiti|move: Roost\n|\n|-heal|p1a: Comfey|152/225|[from] item: Leftovers\n|upkeep\n|turn|21\n|-message|tuankiet091002 forfeited.\n|\n|win|Malog7\n", "inputlog": ">version a8376a258c1d4662feba110a92103f3664a72141\n>start {\"formatid\":\"gen9randombattle\",\"seed\":\"sodium,0f03743ead0d51006036a17e1b5df32f\",\"rated\":\"Rated battle\"}\n>player p1 {\"name\":\"Malog7\",\"avatar\":\"steven\",\"rating\":1967,\"seed\":\"sodium,1251456410b9b59a799cbdbaf92dacf7\"}\n>player p2 {\"name\":\"tuankiet091002\",\"avatar\":\"2\",\"rating\":1950,\"seed\":\"sodium,5a756d4f3c18e113810fe716563882db\"}\n>p1 move stoneedge\n>p2 move flamethrower\n>p1 move stoneedge\n>p2 move uturn\n>p2 switch 6\n>p1 switch 5\n>p2 move shellsmash\n>p1 move bodypress\n>p2 move bulletseed\n>p1 move irondefense\n>p2 move bulletseed\n>p1 move bodypress\n>p2 move bulletseed\n>p2 switch 3\n>p1 move ironhead\n>p2 move revelationdance\n>p1 switch 3\n>p1 move wavecrash\n>p2 move quiverdance\n>p2 switch 5\n>p1 move wavecrash\n>p2 move swordsdance\n>p1 switch 6\n>p2 move machpunch\n>p1 move drainingkiss\n>p2 switch 4\n>p1 switch 5\n>p2 move beatup\n>p1 move spikes\n>p2 move moonblast\n>p1 move stoneedge\n>p2 move moonblast\n>p1 switch 6\n>p1 move wavecrash\n>p2 switch 4\n>p2 switch 2\n>p1 switch 4\n>p2 move terablast terastallize\n>p1 move yawn\n>p2 move terablast\n>p1 switch 5\n>p1 move calmmind\n>p2 switch 4\n>p1 move calmmind terastallize\n>p2 move gunkshot\n>p1 move calmmind\n>p2 move roost\n>forcelose p2", "uploadtime": 1781403855, "views": 5, "formatid": "gen9randombattle", "rating": null, "private": 0, "password": null}