{"id": "gen9randombattle-2631978854", "format": "[Gen 9] Random Battle", "players": ["nanofan_lad", "guyfishing12"], "log": "|j|\u2606nanofan_lad\n|j|\u2606guyfishing12\n|t:|1781462156\n|gametype|singles\n|player|p1|nanofan_lad|1|2003\n|player|p2|guyfishing12|169|1982\n|gen|9\n|tier|[Gen 9] Random Battle\n|rated|\n|rule|Species Clause: Limit one of each Pok\u00e9mon\n|rule|HP Percentage Mod: HP is shown in percentages\n|rule|Sleep Clause Mod: Limit one foe put to sleep\n|rule|Illusion Level Mod: Illusion disguises the Pok\u00e9mon's true level\n|\n|t:|1781462156\n|teamsize|p1|6\n|teamsize|p2|6\n|start\n|switch|p1a: Tinkaton|Tinkaton, L82, F|274/274\n|switch|p2a: Wyrdeer|Wyrdeer, L87, M|321/321\n|-ability|p1a: Tinkaton|Mold Breaker\n|-ability|p2a: Wyrdeer|Intimidate|boost\n|-unboost|p1a: Tinkaton|atk|1\n|turn|1\n|inactive|Battle timer is ON: inactive players will automatically lose when time's up. (requested by nanofan_lad)\n|\n|t:|1781462177\n|switch|p1a: Azelf|Azelf, L82|257/257\n|move|p2a: Wyrdeer|Thunder Wave|p1a: Azelf\n|-status|p1a: Azelf|par\n|\n|upkeep\n|turn|2\n|\n|t:|1781462184\n|switch|p2a: Moltres|Moltres-Galar, L79|271/271\n|move|p1a: Azelf|Stealth Rock|p2a: Moltres\n|-sidestart|p2: guyfishing12|move: Stealth Rock\n|\n|upkeep\n|turn|3\n|\n|t:|1781462192\n|move|p2a: Moltres|Fiery Wrath|p1a: Azelf\n|-supereffective|p1a: Azelf\n|-damage|p1a: Azelf|59/257 par\n|cant|p1a: Azelf|flinch\n|\n|-heal|p1a: Azelf|75/257 par|[from] item: Leftovers\n|upkeep\n|turn|4\n|\n|t:|1781462197\n|move|p2a: Moltres|Fiery Wrath|p1a: Azelf\n|-supereffective|p1a: Azelf\n|-damage|p1a: Azelf|0 fnt\n|faint|p1a: Azelf\n|\n|upkeep\n|\n|t:|1781462209\n|switch|p1a: Lucario|Lucario, L84, M|255/255\n|turn|5\n|\n|t:|1781462214\n|switch|p2a: Altaria|Altaria, L89, F|278/278\n|move|p1a: Lucario|Swords Dance|p1a: Lucario\n|-boost|p1a: Lucario|atk|2\n|\n|upkeep\n|turn|6\n|\n|t:|1781462224\n|switch|p2a: Toxapex|Toxapex, L82, F|216/216\n|-damage|p2a: Toxapex|189/216|[from] Stealth Rock\n|move|p1a: Lucario|Meteor Mash|p2a: Toxapex|[miss]\n|-miss|p1a: Lucario|p2a: Toxapex\n|\n|-heal|p2a: Toxapex|202/216|[from] item: Leftovers\n|upkeep\n|turn|7\n|\n|t:|1781462244\n|move|p1a: Lucario|Meteor Mash|p2a: Toxapex\n|-resisted|p2a: Toxapex\n|-damage|p2a: Toxapex|107/216\n|-damage|p1a: Lucario|230/255|[from] item: Life Orb\n|move|p2a: Toxapex|Haze|p2a: Toxapex\n|-clearallboost\n|\n|-heal|p2a: Toxapex|120/216|[from] item: Leftovers\n|upkeep\n|turn|8\n|\n|t:|1781462254\n|switch|p1a: Lurantis|Lurantis, L87, F|264/264\n|move|p2a: Toxapex|Recover|p2a: Toxapex\n|-heal|p2a: Toxapex|216/216\n|\n|upkeep\n|turn|9\n|\n|t:|1781462261\n|move|p1a: Lurantis|Leaf Storm|p2a: Toxapex\n|-damage|p2a: Toxapex|125/216\n|-boost|p1a: Lurantis|spa|2\n|move|p2a: Toxapex|Toxic|p1a: Lurantis\n|-status|p1a: Lurantis|tox\n|\n|-heal|p2a: Toxapex|138/216|[from] item: Leftovers\n|-damage|p1a: Lurantis|248/264 tox|[from] psn\n|upkeep\n|turn|10\n|\n|t:|1781462267\n|switch|p2a: Altaria|Altaria, L89, F|278/278\n|move|p1a: Lurantis|Leaf Storm|p2a: Altaria\n|-resisted|p2a: Altaria\n|-damage|p2a: Altaria|230/278\n|-boost|p1a: Lurantis|spa|2\n|\n|-damage|p1a: Lurantis|216/264 tox|[from] psn\n|upkeep\n|turn|11\n|\n|t:|1781462273\n|move|p2a: Altaria|Defog|p1a: Lurantis\n|-boost|p1a: Lurantis|evasion|1\n|-sideend|p2: guyfishing12|Stealth Rock|[from] move: Defog|[of] p2a: Altaria\n|move|p1a: Lurantis|Superpower|p2a: Altaria\n|-resisted|p2a: Altaria\n|-damage|p2a: Altaria|186/278\n|-boost|p1a: Lurantis|atk|1\n|-boost|p1a: Lurantis|def|1\n|\n|-damage|p1a: Lurantis|168/264 tox|[from] psn\n|upkeep\n|turn|12\n|\n|t:|1781462279\n|move|p2a: Altaria|Brave Bird|p1a: Lurantis\n|-supereffective|p1a: Lurantis\n|-damage|p1a: Lurantis|22/264 tox\n|-damage|p2a: Altaria|138/278|[from] Recoil\n|move|p1a: Lurantis|Knock Off|p2a: Altaria\n|-damage|p2a: Altaria|39/278\n|-enditem|p2a: Altaria|Heavy-Duty Boots|[from] move: Knock Off|[of] p1a: Lurantis\n|\n|-damage|p1a: Lurantis|0 fnt|[from] psn\n|faint|p1a: Lurantis\n|upkeep\n|\n|t:|1781462289\n|switch|p1a: Lucario|Lucario, L84, M|230/255\n|turn|13\n|\n|t:|1781462292\n|switch|p2a: Toxapex|Toxapex, L82, F|210/216\n|move|p1a: Lucario|Swords Dance|p1a: Lucario\n|-boost|p1a: Lucario|atk|2\n|\n|-heal|p2a: Toxapex|216/216|[from] item: Leftovers\n|upkeep\n|turn|14\n|\n|t:|1781462297\n|move|p1a: Lucario|Close Combat|p2a: Toxapex\n|-resisted|p2a: Toxapex\n|-damage|p2a: Toxapex|104/216\n|-unboost|p1a: Lucario|def|1\n|-unboost|p1a: Lucario|spd|1\n|-damage|p1a: Lucario|205/255|[from] item: Life Orb\n|move|p2a: Toxapex|Haze|p2a: Toxapex\n|-clearallboost\n|\n|-heal|p2a: Toxapex|117/216|[from] item: Leftovers\n|upkeep\n|turn|15\n|\n|t:|1781462311\n|move|p1a: Lucario|Swords Dance|p1a: Lucario\n|-boost|p1a: Lucario|atk|2\n|move|p2a: Toxapex|Recover|p2a: Toxapex\n|-heal|p2a: Toxapex|216/216\n|\n|upkeep\n|turn|16\n|\n|t:|1781462313\n|move|p1a: Lucario|Close Combat|p2a: Toxapex\n|-resisted|p2a: Toxapex\n|-damage|p2a: Toxapex|95/216\n|-unboost|p1a: Lucario|def|1\n|-unboost|p1a: Lucario|spd|1\n|-damage|p1a: Lucario|180/255|[from] item: Life Orb\n|move|p2a: Toxapex|Haze|p2a: Toxapex\n|-clearallboost\n|\n|-heal|p2a: Toxapex|108/216|[from] item: Leftovers\n|upkeep\n|turn|17\n|\n|t:|1781462330\n|switch|p1a: Tinkaton|Tinkaton, L82, F|274/274\n|-ability|p1a: Tinkaton|Mold Breaker\n|move|p2a: Toxapex|Recover|p2a: Toxapex\n|-heal|p2a: Toxapex|216/216\n|\n|upkeep\n|turn|18\n|\n|t:|1781462340\n|switch|p2a: Wyrdeer|Wyrdeer, L87, M|321/321\n|-ability|p2a: Wyrdeer|Intimidate|boost\n|-unboost|p1a: Tinkaton|atk|1\n|move|p1a: Tinkaton|Knock Off|p2a: Wyrdeer\n|-supereffective|p2a: Wyrdeer\n|-crit|p2a: Wyrdeer\n|-damage|p2a: Wyrdeer|139/321\n|-enditem|p2a: Wyrdeer|Leftovers|[from] move: Knock Off|[of] p1a: Tinkaton\n|\n|upkeep\n|turn|19\n|c|\u2606nanofan_lad|mb\n|\n|t:|1781462353\n|move|p1a: Tinkaton|Swords Dance|p1a: Tinkaton\n|-boost|p1a: Tinkaton|atk|2\n|move|p2a: Wyrdeer|Thunder Wave|p1a: Tinkaton\n|-status|p1a: Tinkaton|par\n|\n|upkeep\n|turn|20\n|\n|t:|1781462361\n|move|p2a: Wyrdeer|Earthquake|p1a: Tinkaton\n|-supereffective|p1a: Tinkaton\n|-damage|p1a: Tinkaton|96/274 par\n|cant|p1a: Tinkaton|par\n|\n|-heal|p1a: Tinkaton|113/274 par|[from] item: Leftovers\n|upkeep\n|turn|21\n|\n|t:|1781462370\n|switch|p1a: Braviary|Braviary, L85, M|309/309\n|move|p2a: Wyrdeer|Earthquake|p1a: Braviary\n|-immune|p1a: Braviary\n|\n|upkeep\n|turn|22\n|\n|t:|1781462376\n|switch|p2a: Glimmora|Glimmora, L75, F|248/248\n|move|p1a: Braviary|Brave Bird|p2a: Glimmora\n|-resisted|p2a: Glimmora\n|-damage|p2a: Glimmora|166/248\n|-activate|p2a: Glimmora|ability: Toxic Debris\n|-sidestart|p1: nanofan_lad|move: Toxic Spikes\n|-damage|p1a: Braviary|282/309|[from] Recoil\n|\n|upkeep\n|turn|23\n|\n|t:|1781462384\n|-terastallize|p1a: Braviary|Fighting\n|move|p1a: Braviary|Bulk Up|p1a: Braviary\n|-boost|p1a: Braviary|atk|1\n|-boost|p1a: Braviary|def|1\n|move|p2a: Glimmora|Meteor Beam||[still]\n|-prepare|p2a: Glimmora|Meteor Beam\n|-boost|p2a: Glimmora|spa|1\n|-enditem|p2a: Glimmora|Power Herb\n|-anim|p2a: Glimmora|Meteor Beam|p1a: Braviary\n|-resisted|p1a: Braviary\n|-damage|p1a: Braviary|177/309\n|\n|upkeep\n|turn|24\n|\n|t:|1781462389\n|move|p1a: Braviary|Close Combat|p2a: Glimmora\n|-damage|p2a: Glimmora|0 fnt\n|-unboost|p1a: Braviary|def|1\n|-unboost|p1a: Braviary|spd|1\n|-activate|p2a: Glimmora|ability: Toxic Debris\n|-sidestart|p1: nanofan_lad|move: Toxic Spikes\n|faint|p2a: Glimmora\n|\n|upkeep\n|\n|t:|1781462392\n|switch|p2a: Azelf|Azelf, L82|257/257\n|turn|25\n|\n|t:|1781462397\n|move|p2a: Azelf|Psyshock|p1a: Braviary\n|-supereffective|p1a: Braviary\n|-damage|p1a: Braviary|0 fnt\n|faint|p1a: Braviary\n|-damage|p2a: Azelf|232/257|[from] item: Life Orb\n|\n|upkeep\n|\n|t:|1781462402\n|switch|p1a: Tinkaton|Tinkaton, L82, F|113/274 par\n|-ability|p1a: Tinkaton|Mold Breaker\n|turn|26\n|\n|t:|1781462407\n|switch|p2a: Wyrdeer|Wyrdeer, L87, M|139/321\n|-ability|p2a: Wyrdeer|Intimidate|boost\n|-unboost|p1a: Tinkaton|atk|1\n|move|p1a: Tinkaton|Knock Off|p2a: Wyrdeer\n|-supereffective|p2a: Wyrdeer\n|-damage|p2a: Wyrdeer|85/321\n|\n|-heal|p1a: Tinkaton|130/274 par|[from] item: Leftovers\n|upkeep\n|turn|27\n|\n|t:|1781462416\n|move|p2a: Wyrdeer|Earthquake|p1a: Tinkaton\n|-supereffective|p1a: Tinkaton\n|-damage|p1a: Tinkaton|0 fnt\n|faint|p1a: Tinkaton\n|\n|upkeep\n|\n|t:|1781462433\n|switch|p1a: Haxorus|Haxorus, L77, F|244/244\n|-status|p1a: Haxorus|tox\n|-enditem|p1a: Haxorus|Lum Berry|[eat]\n|-curestatus|p1a: Haxorus|tox|[msg]\n|-ability|p1a: Haxorus|Mold Breaker\n|turn|28\n|\n|t:|1781462440\n|move|p1a: Haxorus|Dragon Dance|p1a: Haxorus\n|-boost|p1a: Haxorus|atk|1\n|-boost|p1a: Haxorus|spe|1\n|move|p2a: Wyrdeer|Thunder Wave|p1a: Haxorus\n|-status|p1a: Haxorus|par\n|\n|upkeep\n|turn|29\n|\n|t:|1781462444\n|move|p2a: Wyrdeer|Psychic Noise|p1a: Haxorus\n|-damage|p1a: Haxorus|130/244 par\n|-start|p1a: Haxorus|move: Heal Block\n|move|p1a: Haxorus|Dragon Dance|p1a: Haxorus\n|-boost|p1a: Haxorus|atk|1\n|-boost|p1a: Haxorus|spe|1\n|\n|upkeep\n|turn|30\n|\n|t:|1781462458\n|move|p1a: Haxorus|Dragon Dance|p1a: Haxorus\n|-boost|p1a: Haxorus|atk|1\n|-boost|p1a: Haxorus|spe|1\n|move|p2a: Wyrdeer|Earthquake|p1a: Haxorus\n|-damage|p1a: Haxorus|49/244 par\n|\n|-end|p1a: Haxorus|move: Heal Block\n|upkeep\n|turn|31\n|\n|t:|1781462462\n|cant|p1a: Haxorus|par\n|move|p2a: Wyrdeer|Psychic Noise|p1a: Haxorus\n|-damage|p1a: Haxorus|0 fnt\n|faint|p1a: Haxorus\n|\n|upkeep\n|\n|t:|1781462465\n|switch|p1a: Lucario|Lucario, L84, M|180/255\n|turn|32\n|\n|t:|1781462469\n|move|p1a: Lucario|Meteor Mash|p2a: Wyrdeer\n|-damage|p2a: Wyrdeer|0 fnt\n|faint|p2a: Wyrdeer\n|-damage|p1a: Lucario|155/255|[from] item: Life Orb\n|\n|upkeep\n|\n|t:|1781462471\n|switch|p2a: Toxapex|Toxapex, L82, F|216/216\n|turn|33\n|\n|t:|1781462475\n|move|p1a: Lucario|Swords Dance|p1a: Lucario\n|-boost|p1a: Lucario|atk|2\n|move|p2a: Toxapex|Liquidation|p1a: Lucario\n|-damage|p1a: Lucario|80/255\n|\n|upkeep\n|turn|34\n|\n|t:|1781462481\n|move|p1a: Lucario|Close Combat|p2a: Toxapex\n|-resisted|p2a: Toxapex\n|-damage|p2a: Toxapex|89/216\n|-unboost|p1a: Lucario|def|1\n|-unboost|p1a: Lucario|spd|1\n|-damage|p1a: Lucario|55/255|[from] item: Life Orb\n|move|p2a: Toxapex|Haze|p2a: Toxapex\n|-clearallboost\n|\n|-heal|p2a: Toxapex|102/216|[from] item: Leftovers\n|upkeep\n|turn|35\n|\n|t:|1781462486\n|move|p1a: Lucario|Close Combat|p2a: Toxapex\n|-resisted|p2a: Toxapex\n|-damage|p2a: Toxapex|40/216\n|-unboost|p1a: Lucario|def|1\n|-unboost|p1a: Lucario|spd|1\n|-damage|p1a: Lucario|30/255|[from] item: Life Orb\n|move|p2a: Toxapex|Recover|p2a: Toxapex\n|-heal|p2a: Toxapex|148/216\n|\n|-heal|p2a: Toxapex|161/216|[from] item: Leftovers\n|upkeep\n|turn|36\n|\n|t:|1781462490\n|move|p1a: Lucario|Close Combat|p2a: Toxapex\n|-resisted|p2a: Toxapex\n|-damage|p2a: Toxapex|99/216\n|-unboost|p1a: Lucario|def|1\n|-unboost|p1a: Lucario|spd|1\n|-damage|p1a: Lucario|5/255|[from] item: Life Orb\n|move|p2a: Toxapex|Liquidation|p1a: Lucario\n|-damage|p1a: Lucario|0 fnt\n|faint|p1a: Lucario\n|\n|win|guyfishing12\n|raw|nanofan_lad's rating: 2003 &rarr; <strong>1982</strong><br />(-21 for losing)\n|raw|guyfishing12's rating: 1982 &rarr; <strong>2003</strong><br />(+21 for winning)\n", "inputlog": ">version a8376a258c1d4662feba110a92103f3664a72141\n>start {\"formatid\":\"gen9randombattle\",\"seed\":\"sodium,6a8bd105348aac15d3ff60451dded30c\",\"rated\":\"Rated battle\"}\n>player p1 {\"name\":\"nanofan_lad\",\"avatar\":\"1\",\"rating\":2003,\"seed\":\"sodium,8e3fa9444fc27f91ace58131c8c4e0a7\"}\n>player p2 {\"name\":\"guyfishing12\",\"avatar\":\"169\",\"rating\":1982,\"seed\":\"sodium,2ea63e29feffa1a33eedd330895473bd\"}\n>p1 switch 6\n>p2 move thunderwave\n>p1 move stealthrock\n>p2 switch 2\n>p1 move encore\n>p2 move fierywrath\n>p1 move encore\n>p2 move fierywrath\n>p1 switch 5\n>p1 move swordsdance\n>p2 switch 6\n>p1 move meteormash\n>p2 switch 5\n>p1 move meteormash\n>p2 move haze\n>p1 switch 2\n>p2 move recover\n>p1 move leafstorm\n>p2 move toxic\n>p1 move leafstorm\n>p2 switch 5\n>p1 move superpower\n>p2 move defog\n>p1 move knockoff\n>p2 move bravebird\n>p1 switch 2\n>p1 move swordsdance\n>p2 switch 5\n>p1 move closecombat\n>p2 move haze\n>p1 move swordsdance\n>p2 move recover\n>p1 move closecombat\n>p2 move haze\n>p1 switch 6\n>p2 move recover\n>p1 move knockoff\n>p2 switch 2\n>chat \u2606nanofan_lad|mb\n>p1 move swordsdance\n>p2 move thunderwave\n>p1 move gigatonhammer\n>p2 move earthquake\n>p1 switch 4\n>p2 move earthquake\n>p1 move bravebird\n>p2 switch 4\n>p1 move bulkup terastallize\n>p2 move meteorbeam\n>p1 move closecombat\n>p2 move sludgewave\n>p2 switch 3\n>p1 move bravebird\n>p2 move psyshock\n>p1 switch 4\n>p1 move knockoff\n>p2 switch 4\n>p1 move gigatonhammer\n>p2 move earthquake\n>p1 switch 3\n>p1 move dragondance\n>p2 move thunderwave\n>p1 move dragondance\n>p2 move psychicnoise\n>p1 move dragondance\n>p2 move earthquake\n>p1 move ironhead\n>p2 move psychicnoise\n>p1 switch 6\n>p1 move meteormash\n>p2 move earthquake\n>p2 switch 2\n>p1 move swordsdance\n>p2 move liquidation\n>p1 move closecombat\n>p2 move haze\n>p1 move closecombat\n>p2 move recover\n>p1 move closecombat\n>p2 move liquidation", "uploadtime": 1781462158, "views": 6, "formatid": "gen9randombattle", "rating": 1982, "private": 0, "password": null}