{"id": "gen9randombattle-2631851849", "format": "[Gen 9] Random Battle", "players": ["annomoy", "tdikyd"], "log": "|j|\u2606annomoy\n|j|\u2606tdikyd\n|t:|1781448172\n|gametype|singles\n|player|p1|annomoy|266|1075\n|player|p2|tdikyd|265|1075\n|gen|9\n|tier|[Gen 9] Random Battle\n|rated|\n|rule|Species Clause: Limit one of each Pok\u00e9mon\n|rule|HP Percentage Mod: HP is shown in percentages\n|rule|Sleep Clause Mod: Limit one foe put to sleep\n|rule|Illusion Level Mod: Illusion disguises the Pok\u00e9mon's true level\n|\n|t:|1781448172\n|teamsize|p1|6\n|teamsize|p2|6\n|start\n|switch|p1a: Kleavor|Kleavor, L78, F|237/237\n|switch|p2a: Shiftry|Shiftry, L89, M|305/305\n|turn|1\n|\n|t:|1781448203\n|switch|p2a: Registeel|Registeel, L81|262/262\n|move|p1a: Kleavor|X-Scissor|p2a: Registeel\n|-resisted|p2a: Registeel\n|-damage|p2a: Registeel|186/262\n|\n|-heal|p2a: Registeel|202/262|[from] item: Leftovers\n|upkeep\n|turn|2\n|\n|t:|1781448216\n|-terastallize|p1a: Kleavor|Rock\n|move|p1a: Kleavor|X-Scissor|p2a: Registeel\n|-resisted|p2a: Registeel\n|-damage|p2a: Registeel|130/262\n|move|p2a: Registeel|Iron Head|p1a: Kleavor\n|-supereffective|p1a: Kleavor\n|-damage|p1a: Kleavor|93/237\n|\n|-heal|p2a: Registeel|146/262|[from] item: Leftovers\n|upkeep\n|turn|3\n|\n|t:|1781448228\n|move|p1a: Kleavor|X-Scissor|p2a: Registeel\n|-resisted|p2a: Registeel\n|-damage|p2a: Registeel|74/262\n|move|p2a: Registeel|Iron Head|p1a: Kleavor\n|-supereffective|p1a: Kleavor\n|-damage|p1a: Kleavor|0 fnt\n|faint|p1a: Kleavor\n|\n|-heal|p2a: Registeel|90/262|[from] item: Leftovers\n|upkeep\n|inactive|Battle timer is ON: inactive players will automatically lose when time's up. (requested by tdikyd)\n|\n|t:|1781448259\n|switch|p1a: Flygon|Flygon, L82, M|265/265\n|turn|4\n|\n|t:|1781448278\n|switch|p2a: Whimsicott|Whimsicott, L84, F|238/238\n|move|p1a: Flygon|Earthquake|p2a: Whimsicott\n|-resisted|p2a: Whimsicott\n|-damage|p2a: Whimsicott|182/238\n|\n|upkeep\n|turn|5\n|\n|t:|1781448303\n|move|p2a: Whimsicott|Moonblast|p1a: Flygon\n|-supereffective|p1a: Flygon\n|-damage|p1a: Flygon|83/265\n|-unboost|p1a: Flygon|spa|1\n|move|p1a: Flygon|Stone Edge|p2a: Whimsicott\n|-damage|p2a: Whimsicott|116/238\n|\n|upkeep\n|turn|6\n|\n|t:|1781448316\n|switch|p1a: Cloyster|Cloyster, L80, F|211/211\n|move|p2a: Whimsicott|Moonblast|p1a: Cloyster\n|-damage|p1a: Cloyster|66/211\n|-unboost|p1a: Cloyster|spa|1\n|-enditem|p1a: Cloyster|White Herb\n|-clearnegativeboost|p1a: Cloyster|[silent]\n|\n|upkeep\n|turn|7\n|\n|t:|1781448329\n|move|p2a: Whimsicott|Giga Drain|p1a: Cloyster\n|-supereffective|p1a: Cloyster\n|-damage|p1a: Cloyster|0 fnt\n|-heal|p2a: Whimsicott|149/238|[from] drain|[of] p1a: Cloyster\n|faint|p1a: Cloyster\n|\n|upkeep\n|\n|t:|1781448335\n|switch|p1a: Sandy Shocks|Sandy Shocks, L80|267/267\n|turn|8\n|\n|t:|1781448342\n|move|p2a: Whimsicott|Giga Drain|p1a: Sandy Shocks\n|-supereffective|p1a: Sandy Shocks\n|-damage|p1a: Sandy Shocks|117/267\n|-heal|p2a: Whimsicott|224/238|[from] drain|[of] p1a: Sandy Shocks\n|move|p1a: Sandy Shocks|Earth Power|p2a: Whimsicott\n|-resisted|p2a: Whimsicott\n|-damage|p2a: Whimsicott|167/238\n|\n|-heal|p1a: Sandy Shocks|133/267|[from] item: Leftovers\n|upkeep\n|turn|9\n|-message|annomoy forfeited.\n|\n|win|tdikyd\n|raw|annomoy's rating: 1075 &rarr; <strong>1054</strong><br />(-21 for losing)\n|raw|tdikyd's rating: 1075 &rarr; <strong>1104</strong><br />(+29 for winning)\n|l|\u2606annomoy\n|player|p1|\n", "inputlog": ">version a8376a258c1d4662feba110a92103f3664a72141\n>start {\"formatid\":\"gen9randombattle\",\"seed\":\"sodium,99a0cd6071e7d346971dac1610dbb8c9\",\"rated\":\"Rated battle\"}\n>player p1 {\"name\":\"annomoy\",\"avatar\":\"266\",\"rating\":1075,\"seed\":\"sodium,45a614a94d481906972fd33b2938cf69\"}\n>player p2 {\"name\":\"tdikyd\",\"avatar\":\"265\",\"rating\":1075,\"seed\":\"sodium,3bb455d451312ffceb36c32a427cdb16\"}\n>p1 move xscissor\n>p2 switch 5\n>p1 move xscissor terastallize\n>p2 move ironhead\n>p1 move xscissor\n>p2 move ironhead\n>p1 switch 2\n>p1 move earthquake\n>p2 switch 3\n>p1 move stoneedge\n>p2 move moonblast\n>p1 switch 6\n>p2 move moonblast\n>p1 move rockblast\n>p2 move gigadrain\n>p1 switch 3\n>p1 move earthpower\n>p2 move gigadrain\n>forcelose p1", "uploadtime": 1781448373, "views": 3, "formatid": "gen9randombattle", "rating": 1054, "private": 0, "password": null}