{"id": "gen9randombattle-2631860642", "format": "[Gen 9] Random Battle", "players": ["WhatEver2102", "matthewma654321"], "log": "|j|\u2606WhatEver2102\n|j|\u2606matthewma654321\n|t:|1781449202\n|gametype|singles\n|player|p1|WhatEver2102|juan|1994\n|player|p2|matthewma654321|102|1937\n|gen|9\n|tier|[Gen 9] Random Battle\n|rated|\n|rule|Species Clause: Limit one of each Pok\u00e9mon\n|rule|HP Percentage Mod: HP is shown in percentages\n|rule|Sleep Clause Mod: Limit one foe put to sleep\n|rule|Illusion Level Mod: Illusion disguises the Pok\u00e9mon's true level\n|\n|t:|1781449202\n|teamsize|p1|6\n|teamsize|p2|6\n|start\n|switch|p1a: Infernape|Infernape, L82, M|259/259\n|switch|p2a: Drednaw|Drednaw, L81, F|278/278\n|turn|1\n|\n|t:|1781449238\n|switch|p2a: Hawlucha|Hawlucha, L80, F|256/256\n|move|p1a: Infernape|U-turn|p2a: Hawlucha\n|-resisted|p2a: Hawlucha\n|-damage|p2a: Hawlucha|236/256\n|\n|t:|1781449245\n|switch|p1a: Enamorus|Enamorus-Therian, L83, F|259/259|[from] U-turn\n|\n|upkeep\n|turn|2\n|\n|t:|1781449264\n|switch|p2a: Chansey|Chansey, L85, F|564/564\n|move|p1a: Enamorus|Moonblast|p2a: Chansey\n|-damage|p2a: Chansey|491/564\n|\n|upkeep\n|turn|3\n|\n|t:|1781449275\n|move|p2a: Chansey|Thunder Wave|p1a: Enamorus\n|-status|p1a: Enamorus|par\n|move|p1a: Enamorus|Superpower|p2a: Chansey\n|-supereffective|p2a: Chansey\n|-damage|p2a: Chansey|87/564\n|-unboost|p1a: Enamorus|atk|1\n|-unboost|p1a: Enamorus|def|1\n|\n|upkeep\n|turn|4\n|\n|t:|1781449284\n|switch|p1a: Infernape|Infernape, L82, M|259/259\n|move|p2a: Chansey|Stealth Rock|p1a: Infernape\n|-sidestart|p1: WhatEver2102|move: Stealth Rock\n|\n|upkeep\n|turn|5\n|\n|t:|1781449289\n|move|p1a: Infernape|U-turn|p2a: Chansey\n|-damage|p2a: Chansey|0 fnt\n|faint|p2a: Chansey\n|\n|t:|1781449300\n|switch|p1a: Azumarill|Azumarill, L82, F|298/298|[from] U-turn\n|-damage|p1a: Azumarill|261/298|[from] Stealth Rock\n|\n|upkeep\n|inactive|Battle timer is ON: inactive players will automatically lose when time's up. (requested by WhatEver2102)\n|\n|t:|1781449320\n|switch|p2a: Medicham|Medicham, L86, F|243/243\n|turn|6\n|\n|t:|1781449345\n|move|p2a: Medicham|Poison Jab|p1a: Azumarill\n|-supereffective|p1a: Azumarill\n|-damage|p1a: Azumarill|0 fnt\n|faint|p1a: Azumarill\n|\n|upkeep\n|\n|t:|1781449354\n|switch|p1a: Arcanine|Arcanine-Hisui, L79, F|279/279\n|-damage|p1a: Arcanine|210/279|[from] Stealth Rock\n|turn|7\n|\n|t:|1781449362\n|switch|p2a: Magcargo|Magcargo, L95, F|268/268\n|move|p1a: Arcanine|Head Smash|p2a: Magcargo\n|-supereffective|p2a: Magcargo\n|-damage|p2a: Magcargo|0 fnt\n|faint|p2a: Magcargo\n|\n|upkeep\n|\n|t:|1781449368\n|switch|p2a: Hawlucha|Hawlucha, L80, F|236/256\n|turn|8\n|\n|t:|1781449372\n|move|p2a: Hawlucha|Swords Dance|p2a: Hawlucha\n|-boost|p2a: Hawlucha|atk|2\n|move|p1a: Arcanine|Head Smash|p2a: Hawlucha\n|-damage|p2a: Hawlucha|0 fnt\n|faint|p2a: Hawlucha\n|\n|upkeep\n|-message|matthewma654321 forfeited.\n|\n|win|WhatEver2102\n", "uploadtime": 1781449204, "views": 3, "formatid": "gen9randombattle", "rating": null, "private": 0, "password": null}