{"id": "gen9randombattle-2631763493", "format": "[Gen 9] Random Battle", "players": ["Tuki VN", "ChadInteleonUser"], "log": "|j|\u2606Tuki VN\n|j|\u2606ChadInteleonUser\n|t:|1781435835\n|gametype|singles\n|player|p1|Tuki VN|lance-gen1rb|2030\n|player|p2|ChadInteleonUser|wallace|2131\n|gen|9\n|tier|[Gen 9] Random Battle\n|rated|\n|rule|Species Clause: Limit one of each Pok\u00e9mon\n|rule|HP Percentage Mod: HP is shown in percentages\n|rule|Sleep Clause Mod: Limit one foe put to sleep\n|rule|Illusion Level Mod: Illusion disguises the Pok\u00e9mon's true level\n|\n|t:|1781435835\n|teamsize|p1|6\n|teamsize|p2|6\n|start\n|switch|p1a: Gastrodon|Gastrodon, L86, F|331/331\n|switch|p2a: Sylveon|Sylveon, L85, M|300/300\n|turn|1\n|inactive|Battle timer is ON: inactive players will automatically lose when time's up. (requested by ChadInteleonUser)\n|\n|t:|1781435846\n|switch|p2a: Weezing|Weezing-Galar, L86, M|252/252\n|move|p1a: Gastrodon|Stealth Rock|p2a: Weezing\n|-sidestart|p2: ChadInteleonUser|move: Stealth Rock\n|\n|upkeep\n|turn|2\n|\n|t:|1781435857\n|switch|p1a: Indeedee|Indeedee-F, L90, F|272/272\n|-fieldstart|move: Psychic Terrain|[from] ability: Psychic Surge|[of] p1a: Indeedee\n|move|p2a: Weezing|Will-O-Wisp|p1a: Indeedee\n|-status|p1a: Indeedee|brn\n|\n|-damage|p1a: Indeedee|255/272 brn|[from] brn\n|upkeep\n|turn|3\n|\n|t:|1781435863\n|switch|p2a: Magnezone|Magnezone, L85|258/258\n|-damage|p2a: Magnezone|242/258|[from] Stealth Rock\n|move|p1a: Indeedee|Calm Mind|p1a: Indeedee\n|-boost|p1a: Indeedee|spa|1\n|-boost|p1a: Indeedee|spd|1\n|\n|-heal|p2a: Magnezone|258/258|[from] item: Leftovers\n|-damage|p1a: Indeedee|238/272 brn|[from] brn\n|upkeep\n|turn|4\n|\n|t:|1781435868\n|move|p1a: Indeedee|Calm Mind|p1a: Indeedee\n|-boost|p1a: Indeedee|spa|1\n|-boost|p1a: Indeedee|spd|1\n|move|p2a: Magnezone|Iron Defense|p2a: Magnezone\n|-boost|p2a: Magnezone|def|2\n|\n|-damage|p1a: Indeedee|221/272 brn|[from] brn\n|upkeep\n|turn|5\n|\n|t:|1781435873\n|move|p1a: Indeedee|Hyper Voice|p2a: Magnezone\n|-resisted|p2a: Magnezone\n|-damage|p2a: Magnezone|133/258\n|-damage|p1a: Indeedee|194/272 brn|[from] item: Life Orb\n|move|p2a: Magnezone|Body Press|p1a: Indeedee\n|-damage|p1a: Indeedee|47/272 brn\n|\n|-heal|p2a: Magnezone|149/258|[from] item: Leftovers\n|-damage|p1a: Indeedee|30/272 brn|[from] brn\n|upkeep\n|turn|6\n|\n|t:|1781435880\n|move|p1a: Indeedee|Hyper Voice|p2a: Magnezone\n|-resisted|p2a: Magnezone\n|-damage|p2a: Magnezone|9/258\n|-damage|p1a: Indeedee|3/272 brn|[from] item: Life Orb\n|move|p2a: Magnezone|Body Press|p1a: Indeedee\n|-crit|p1a: Indeedee\n|-damage|p1a: Indeedee|0 fnt\n|faint|p1a: Indeedee\n|\n|-heal|p2a: Magnezone|25/258|[from] item: Leftovers\n|-fieldend|move: Psychic Terrain\n|upkeep\n|\n|t:|1781435893\n|switch|p1a: Raikou|Raikou, L81|278/278\n|-ability|p1a: Raikou|Pressure\n|turn|7\n|\n|t:|1781435904\n|switch|p2a: Sylveon|Sylveon, L85, M|300/300\n|-damage|p2a: Sylveon|263/300|[from] Stealth Rock\n|move|p1a: Raikou|Thunderbolt|p2a: Sylveon\n|-damage|p2a: Sylveon|188/300\n|\n|-heal|p2a: Sylveon|206/300|[from] item: Leftovers\n|upkeep\n|turn|8\n|\n|t:|1781435911\n|switch|p1a: Volbeat|Volbeat, L90, M|263/263\n|move|p2a: Sylveon|Calm Mind|p2a: Sylveon\n|-boost|p2a: Sylveon|spa|1\n|-boost|p2a: Sylveon|spd|1\n|\n|-heal|p2a: Sylveon|224/300|[from] item: Leftovers\n|upkeep\n|turn|9\n|j| GoPlayCatch\n|\n|t:|1781435919\n|switch|p2a: Magnezone|Magnezone, L85|25/258\n|-damage|p2a: Magnezone|9/258|[from] Stealth Rock\n|move|p1a: Volbeat|Lunge|p2a: Magnezone\n|-resisted|p2a: Magnezone\n|-damage|p2a: Magnezone|0 fnt\n|faint|p2a: Magnezone\n|\n|upkeep\n|\n|t:|1781435922\n|switch|p2a: Weezing|Weezing-Galar, L86, M|252/252\n|-damage|p2a: Weezing|221/252|[from] Stealth Rock\n|turn|10\n|\n|t:|1781435929\n|move|p1a: Volbeat|Thunder Wave|p2a: Weezing\n|-status|p2a: Weezing|par\n|move|p2a: Weezing|Will-O-Wisp|p1a: Volbeat\n|-status|p1a: Volbeat|brn\n|\n|-heal|p2a: Weezing|236/252 par|[from] item: Leftovers\n|-damage|p1a: Volbeat|247/263 brn|[from] brn\n|upkeep\n|turn|11\n|\n|t:|1781435933\n|move|p1a: Volbeat|Encore|p2a: Weezing\n|-start|p2a: Weezing|Encore\n|move|p2a: Weezing|Will-O-Wisp|p1a: Volbeat\n|-fail|p1a: Volbeat|brn\n|\n|-heal|p2a: Weezing|251/252 par|[from] item: Leftovers\n|-damage|p1a: Volbeat|231/263 brn|[from] brn\n|upkeep\n|turn|12\n|\n|t:|1781435941\n|switch|p1a: Wugtrio|Wugtrio, L91, M|212/212\n|move|p2a: Weezing|Will-O-Wisp|p1a: Wugtrio\n|-status|p1a: Wugtrio|brn\n|\n|-heal|p2a: Weezing|252/252 par|[from] item: Leftovers\n|-damage|p1a: Wugtrio|199/212 brn|[from] brn\n|upkeep\n|turn|13\n|\n|t:|1781435947\n|move|p1a: Wugtrio|Liquidation|p2a: Weezing\n|-damage|p2a: Weezing|193/252 par\n|move|p2a: Weezing|Will-O-Wisp|p1a: Wugtrio|[miss]\n|-miss|p2a: Weezing|p1a: Wugtrio\n|\n|-heal|p2a: Weezing|208/252 par|[from] item: Leftovers\n|-damage|p1a: Wugtrio|186/212 brn|[from] brn\n|-end|p2a: Weezing|Encore\n|upkeep\n|turn|14\n|\n|t:|1781435954\n|move|p1a: Wugtrio|Liquidation|p2a: Weezing\n|-damage|p2a: Weezing|141/252 par\n|cant|p2a: Weezing|par\n|\n|-heal|p2a: Weezing|156/252 par|[from] item: Leftovers\n|-damage|p1a: Wugtrio|173/212 brn|[from] brn\n|upkeep\n|turn|15\n|\n|t:|1781435958\n|move|p1a: Wugtrio|Liquidation|p2a: Weezing\n|-crit|p2a: Weezing\n|-damage|p2a: Weezing|62/252 par\n|move|p2a: Weezing|Gunk Shot|p1a: Wugtrio|[miss]\n|-miss|p2a: Weezing|p1a: Wugtrio\n|\n|-heal|p2a: Weezing|77/252 par|[from] item: Leftovers\n|-damage|p1a: Wugtrio|160/212 brn|[from] brn\n|upkeep\n|turn|16\n|\n|t:|1781435963\n|move|p1a: Wugtrio|Liquidation|p2a: Weezing\n|-damage|p2a: Weezing|13/252 par\n|move|p2a: Weezing|Gunk Shot|p1a: Wugtrio\n|-damage|p1a: Wugtrio|0 fnt\n|faint|p1a: Wugtrio\n|\n|-heal|p2a: Weezing|28/252 par|[from] item: Leftovers\n|upkeep\n|\n|t:|1781435971\n|switch|p1a: Moltres|Moltres-Galar, L79|271/271\n|turn|17\n|\n|t:|1781435974\n|move|p1a: Moltres|Nasty Plot|p1a: Moltres\n|-boost|p1a: Moltres|spa|2\n|move|p2a: Weezing|Gunk Shot|p1a: Moltres|[miss]\n|-miss|p2a: Weezing|p1a: Moltres\n|\n|-heal|p2a: Weezing|43/252 par|[from] item: Leftovers\n|upkeep\n|turn|18\n|\n|t:|1781435980\n|move|p1a: Moltres|Fiery Wrath|p2a: Weezing\n|-resisted|p2a: Weezing\n|-damage|p2a: Weezing|0 fnt\n|faint|p2a: Weezing\n|\n|upkeep\n|\n|t:|1781435983\n|switch|p2a: Sylveon|Sylveon, L85, M|224/300\n|-damage|p2a: Sylveon|187/300|[from] Stealth Rock\n|turn|19\n|\n|t:|1781435986\n|-terastallize|p1a: Moltres|Steel\n|move|p1a: Moltres|Nasty Plot|p1a: Moltres\n|-boost|p1a: Moltres|spa|2\n|move|p2a: Sylveon|Calm Mind|p2a: Sylveon\n|-boost|p2a: Sylveon|spa|1\n|-boost|p2a: Sylveon|spd|1\n|\n|-heal|p2a: Sylveon|205/300|[from] item: Leftovers\n|upkeep\n|turn|20\n|\n|t:|1781435992\n|-terastallize|p2a: Sylveon|Steel\n|move|p1a: Moltres|Nasty Plot|p1a: Moltres\n|-boost|p1a: Moltres|spa|2\n|move|p2a: Sylveon|Calm Mind|p2a: Sylveon\n|-boost|p2a: Sylveon|spa|1\n|-boost|p2a: Sylveon|spd|1\n|\n|-heal|p2a: Sylveon|223/300|[from] item: Leftovers\n|upkeep\n|turn|21\n|\n|t:|1781435998\n|move|p1a: Moltres|Fiery Wrath|p2a: Sylveon\n|-damage|p2a: Sylveon|90/300\n|move|p2a: Sylveon|Calm Mind|p2a: Sylveon\n|-boost|p2a: Sylveon|spa|1\n|-boost|p2a: Sylveon|spd|1\n|\n|-heal|p2a: Sylveon|108/300|[from] item: Leftovers\n|upkeep\n|turn|22\n|\n|t:|1781436001\n|move|p1a: Moltres|Fiery Wrath|p2a: Sylveon\n|-damage|p2a: Sylveon|14/300\n|move|p2a: Sylveon|Wish|p2a: Sylveon\n|\n|-heal|p2a: Sylveon|32/300|[from] item: Leftovers\n|upkeep\n|turn|23\n|\n|t:|1781436006\n|move|p2a: Sylveon|Protect|p2a: Sylveon\n|-singleturn|p2a: Sylveon|Protect\n|move|p1a: Moltres|Fiery Wrath|p2a: Sylveon\n|-activate|p2a: Sylveon|move: Protect\n|\n|-heal|p2a: Sylveon|182/300|[from] move: Wish|[wisher] Sylveon\n|-heal|p2a: Sylveon|200/300|[from] item: Leftovers\n|upkeep\n|turn|24\n|\n|t:|1781436010\n|move|p1a: Moltres|Hurricane|p2a: Sylveon\n|-resisted|p2a: Sylveon\n|-damage|p2a: Sylveon|140/300\n|move|p2a: Sylveon|Calm Mind|p2a: Sylveon\n|-boost|p2a: Sylveon|spa|1\n|-boost|p2a: Sylveon|spd|1\n|\n|-heal|p2a: Sylveon|158/300|[from] item: Leftovers\n|upkeep\n|turn|25\n|\n|t:|1781436013\n|move|p1a: Moltres|Hurricane|p2a: Sylveon\n|-resisted|p2a: Sylveon\n|-damage|p2a: Sylveon|103/300\n|-start|p2a: Sylveon|confusion\n|-activate|p2a: Sylveon|confusion\n|move|p2a: Sylveon|Wish|p2a: Sylveon\n|\n|-heal|p2a: Sylveon|121/300|[from] item: Leftovers\n|upkeep\n|turn|26\n|\n|t:|1781436016\n|-end|p2a: Sylveon|confusion\n|move|p2a: Sylveon|Protect|p2a: Sylveon\n|-singleturn|p2a: Sylveon|Protect\n|move|p1a: Moltres|Fiery Wrath|p2a: Sylveon\n|-activate|p2a: Sylveon|move: Protect\n|\n|-heal|p2a: Sylveon|271/300|[from] move: Wish|[wisher] Sylveon\n|-heal|p2a: Sylveon|289/300|[from] item: Leftovers\n|upkeep\n|turn|27\n|\n|t:|1781436021\n|switch|p1a: Volbeat|Volbeat, L90, M|231/263 brn\n|move|p2a: Sylveon|Hyper Voice|p1a: Volbeat\n|-damage|p1a: Volbeat|0 fnt\n|faint|p1a: Volbeat\n|\n|-heal|p2a: Sylveon|300/300|[from] item: Leftovers\n|upkeep\n|-message|Tuki VN forfeited.\n|\n|win|ChadInteleonUser\n", "inputlog": ">version a8376a258c1d4662feba110a92103f3664a72141\n>start {\"formatid\":\"gen9randombattle\",\"seed\":\"sodium,2daf12cded1c8ec6b4c37160b4170dbb\",\"rated\":\"Rated battle\"}\n>player p1 {\"name\":\"Tuki VN\",\"avatar\":\"lance-gen1rb\",\"rating\":2030,\"seed\":\"sodium,faf0cacb8efcb743a10b54d9fc66a501\"}\n>player p2 {\"name\":\"ChadInteleonUser\",\"avatar\":\"wallace\",\"rating\":2131,\"seed\":\"sodium,f930f0e192bc08f8598fd05df16c0d95\"}\n>p1 move stealthrock\n>p2 switch 2\n>p1 switch 5\n>p2 move willowisp\n>p1 move calmmind\n>p2 switch 3\n>p1 move calmmind\n>p2 move irondefense\n>p1 move hypervoice\n>p2 move bodypress\n>p1 move hypervoice\n>p2 move bodypress\n>p1 switch 6\n>p1 move thunderbolt\n>p2 switch 2\n>p1 switch 4\n>p2 move calmmind\n>p1 move lunge\n>p2 switch 2\n>p2 switch 3\n>p1 move thunderwave\n>p2 move willowisp\n>p1 move encore\n>p2 move gunkshot\n>p1 switch 3\n>p2 move willowisp\n>p1 move liquidation\n>p2 move willowisp\n>p1 move liquidation\n>p2 move gunkshot\n>p1 move liquidation\n>p2 move gunkshot\n>p1 move liquidation\n>p2 move gunkshot\n>p1 switch 2\n>p1 move nastyplot\n>p2 move gunkshot\n>p1 move fierywrath\n>p2 move gunkshot\n>p2 switch 2\n>p1 move nastyplot terastallize\n>p2 move calmmind\n>p1 move nastyplot\n>p2 move calmmind terastallize\n>p1 move fierywrath\n>p2 move calmmind\n>p1 move fierywrath\n>p2 move wish\n>p1 move fierywrath\n>p2 move protect\n>p1 move hurricane\n>p2 move calmmind\n>p1 move hurricane\n>p2 move wish\n>p1 move fierywrath\n>p2 move protect\n>p1 switch 3\n>p2 move hypervoice\n>forcelose p1", "uploadtime": 1781435836, "views": 7, "formatid": "gen9randombattle", "rating": null, "private": 0, "password": null}