{"id": "gen9randombattle-2631957112", "format": "[Gen 9] Random Battle", "players": ["shhhdonttellmyboss", "migui92"], "log": "|j|\u2606shhhdonttellmyboss\n|j|\u2606migui92\n|t:|1781459799\n|gametype|singles\n|player|p1|shhhdonttellmyboss|101|1890\n|player|p2|migui92|265|1910\n|gen|9\n|tier|[Gen 9] Random Battle\n|rated|\n|rule|Species Clause: Limit one of each Pok\u00e9mon\n|rule|HP Percentage Mod: HP is shown in percentages\n|rule|Sleep Clause Mod: Limit one foe put to sleep\n|rule|Illusion Level Mod: Illusion disguises the Pok\u00e9mon's true level\n|\n|t:|1781459799\n|teamsize|p1|6\n|teamsize|p2|6\n|start\n|switch|p1a: Mesprit|Mesprit, L85|275/275\n|switch|p2a: Venomoth|Venomoth, L84, M|255/255\n|turn|1\n|inactive|Battle timer is ON: inactive players will automatically lose when time's up. (requested by shhhdonttellmyboss)\n|\n|t:|1781459820\n|move|p2a: Venomoth|Sleep Powder|p1a: Mesprit\n|-status|p1a: Mesprit|slp|[from] move: Sleep Powder\n|cant|p1a: Mesprit|slp\n|\n|upkeep\n|turn|2\n|\n|t:|1781459826\n|move|p2a: Venomoth|Quiver Dance|p2a: Venomoth\n|-boost|p2a: Venomoth|spa|1\n|-boost|p2a: Venomoth|spd|1\n|-boost|p2a: Venomoth|spe|1\n|cant|p1a: Mesprit|slp\n|\n|upkeep\n|turn|3\n|\n|t:|1781459833\n|move|p2a: Venomoth|Quiver Dance|p2a: Venomoth\n|-boost|p2a: Venomoth|spa|1\n|-boost|p2a: Venomoth|spd|1\n|-boost|p2a: Venomoth|spe|1\n|-curestatus|p1a: Mesprit|slp|[msg]\n|move|p1a: Mesprit|Psychic|p2a: Venomoth\n|-supereffective|p2a: Venomoth\n|-damage|p2a: Venomoth|91/255\n|\n|upkeep\n|turn|4\n|\n|t:|1781459844\n|switch|p1a: Goodra|Goodra-Hisui, L82, M|265/265\n|move|p2a: Venomoth|Sleep Powder|p1a: Goodra\n|-ability|p1a: Goodra|Sap Sipper|boost\n|-boost|p1a: Goodra|atk|1\n|\n|upkeep\n|turn|5\n|\n|t:|1781459853\n|move|p2a: Venomoth|Bug Buzz|p1a: Goodra\n|-resisted|p1a: Goodra\n|-damage|p1a: Goodra|185/265\n|-unboost|p1a: Goodra|spd|1\n|move|p1a: Goodra|Heavy Slam|p2a: Venomoth\n|-damage|p2a: Venomoth|0 fnt\n|faint|p2a: Venomoth\n|\n|upkeep\n|\n|t:|1781459873\n|switch|p2a: Skeledirge|Skeledirge, L79, F|294/294\n|turn|6\n|\n|t:|1781459878\n|switch|p1a: Quaquaval|Quaquaval, L79, M|264/264\n|move|p2a: Skeledirge|Will-O-Wisp|p1a: Quaquaval\n|-status|p1a: Quaquaval|brn\n|\n|-damage|p1a: Quaquaval|248/264 brn|[from] brn\n|upkeep\n|turn|7\n|\n|t:|1781459890\n|move|p1a: Quaquaval|Aqua Step|p2a: Skeledirge\n|-supereffective|p2a: Skeledirge\n|-damage|p2a: Skeledirge|174/294\n|-boost|p1a: Quaquaval|spe|1\n|move|p2a: Skeledirge|Torch Song|p1a: Quaquaval\n|-resisted|p1a: Quaquaval\n|-damage|p1a: Quaquaval|197/264 brn\n|-boost|p2a: Skeledirge|spa|1\n|\n|-damage|p1a: Quaquaval|181/264 brn|[from] brn\n|upkeep\n|turn|8\n|\n|t:|1781459902\n|move|p1a: Quaquaval|Aqua Step|p2a: Skeledirge\n|-supereffective|p2a: Skeledirge\n|-damage|p2a: Skeledirge|51/294\n|-boost|p1a: Quaquaval|spe|1\n|move|p2a: Skeledirge|Slack Off|p2a: Skeledirge\n|-heal|p2a: Skeledirge|198/294\n|\n|-damage|p1a: Quaquaval|165/264 brn|[from] brn\n|upkeep\n|turn|9\n|\n|t:|1781459912\n|move|p1a: Quaquaval|Aqua Step|p2a: Skeledirge\n|-supereffective|p2a: Skeledirge\n|-damage|p2a: Skeledirge|65/294\n|-boost|p1a: Quaquaval|spe|1\n|move|p2a: Skeledirge|Slack Off|p2a: Skeledirge\n|-heal|p2a: Skeledirge|212/294\n|\n|-damage|p1a: Quaquaval|149/264 brn|[from] brn\n|upkeep\n|turn|10\n|\n|t:|1781459924\n|move|p1a: Quaquaval|Aqua Step|p2a: Skeledirge\n|-supereffective|p2a: Skeledirge\n|-damage|p2a: Skeledirge|76/294\n|-boost|p1a: Quaquaval|spe|1\n|move|p2a: Skeledirge|Slack Off|p2a: Skeledirge\n|-heal|p2a: Skeledirge|223/294\n|\n|-damage|p1a: Quaquaval|133/264 brn|[from] brn\n|upkeep\n|turn|11\n|\n|t:|1781459940\n|-terastallize|p2a: Skeledirge|Water\n|move|p1a: Quaquaval|Aqua Step|p2a: Skeledirge\n|-resisted|p2a: Skeledirge\n|-damage|p2a: Skeledirge|189/294\n|-boost|p1a: Quaquaval|spe|1\n|move|p2a: Skeledirge|Torch Song|p1a: Quaquaval\n|-resisted|p1a: Quaquaval\n|-damage|p1a: Quaquaval|61/264 brn\n|-boost|p2a: Skeledirge|spa|1\n|\n|-damage|p1a: Quaquaval|45/264 brn|[from] brn\n|upkeep\n|turn|12\n|\n|t:|1781459953\n|switch|p1a: Goodra|Goodra-Hisui, L82, M|185/265\n|move|p2a: Skeledirge|Slack Off|p2a: Skeledirge\n|-heal|p2a: Skeledirge|294/294\n|\n|upkeep\n|turn|13\n|\n|t:|1781459959\n|move|p2a: Skeledirge|Will-O-Wisp|p1a: Goodra|[miss]\n|-miss|p2a: Skeledirge|p1a: Goodra\n|move|p1a: Goodra|Draco Meteor|p2a: Skeledirge|[miss]\n|-miss|p1a: Goodra|p2a: Skeledirge\n|\n|upkeep\n|turn|14\n|\n|t:|1781459967\n|move|p2a: Skeledirge|Will-O-Wisp|p1a: Goodra\n|-status|p1a: Goodra|brn\n|move|p1a: Goodra|Draco Meteor|p2a: Skeledirge\n|-damage|p2a: Skeledirge|113/294\n|-unboost|p1a: Goodra|spa|2\n|\n|-damage|p1a: Goodra|169/265 brn|[from] brn\n|upkeep\n|turn|15\n|\n|t:|1781459978\n|move|p2a: Skeledirge|Hex|p1a: Goodra\n|-damage|p1a: Goodra|49/265 brn\n|move|p1a: Goodra|Draco Meteor|p2a: Skeledirge\n|-damage|p2a: Skeledirge|0 fnt\n|-unboost|p1a: Goodra|spa|2\n|faint|p2a: Skeledirge\n|\n|-damage|p1a: Goodra|33/265 brn|[from] brn\n|upkeep\n|\n|t:|1781459997\n|switch|p2a: Golem|Golem, L87, M|281/281\n|turn|16\n|\n|t:|1781460002\n|move|p1a: Goodra|Hydro Pump|p2a: Golem\n|-supereffective|p2a: Golem\n|-damage|p2a: Golem|149/281\n|move|p2a: Golem|Stealth Rock|p1a: Goodra\n|-sidestart|p1: shhhdonttellmyboss|move: Stealth Rock\n|\n|-damage|p1a: Goodra|17/265 brn|[from] brn\n|upkeep\n|turn|17\n|\n|t:|1781460013\n|switch|p2a: Roaring Moon|Roaring Moon, L72|270/270\n|move|p1a: Goodra|Hydro Pump|p2a: Roaring Moon\n|-resisted|p2a: Roaring Moon\n|-damage|p2a: Roaring Moon|256/270\n|\n|-damage|p1a: Goodra|1/265 brn|[from] brn\n|upkeep\n|turn|18\n|\n|t:|1781460023\n|move|p2a: Roaring Moon|Dragon Dance|p2a: Roaring Moon\n|-boost|p2a: Roaring Moon|atk|1\n|-boost|p2a: Roaring Moon|spe|1\n|move|p1a: Goodra|Draco Meteor|p2a: Roaring Moon\n|-supereffective|p2a: Roaring Moon\n|-damage|p2a: Roaring Moon|152/270\n|-unboost|p1a: Goodra|spa|2\n|\n|-damage|p1a: Goodra|0 fnt|[from] brn\n|faint|p1a: Goodra\n|upkeep\n|\n|t:|1781460027\n|switch|p1a: Weezing|Weezing-Galar, L86, M|252/252\n|-damage|p1a: Weezing|221/252|[from] Stealth Rock\n|turn|19\n|\n|t:|1781460043\n|move|p2a: Roaring Moon|Knock Off|p1a: Weezing\n|-resisted|p1a: Weezing\n|-damage|p1a: Weezing|158/252\n|-enditem|p1a: Weezing|Leftovers|[from] move: Knock Off|[of] p2a: Roaring Moon\n|move|p1a: Weezing|Strange Steam|p2a: Roaring Moon\n|-supereffective|p2a: Roaring Moon\n|-damage|p2a: Roaring Moon|0 fnt\n|faint|p2a: Roaring Moon\n|-end|p2a: Roaring Moon|Protosynthesis|[silent]\n|\n|upkeep\n|\n|t:|1781460063\n|switch|p2a: Hariyama|Hariyama, L87, M|392/392\n|turn|20\n|\n|t:|1781460068\n|move|p1a: Weezing|Strange Steam|p2a: Hariyama\n|-supereffective|p2a: Hariyama\n|-damage|p2a: Hariyama|228/392\n|move|p2a: Hariyama|Heavy Slam|p1a: Weezing\n|-supereffective|p1a: Weezing\n|-damage|p1a: Weezing|0 fnt\n|faint|p1a: Weezing\n|\n|upkeep\n|\n|t:|1781460074\n|switch|p1a: Mesprit|Mesprit, L85|275/275\n|-damage|p1a: Mesprit|241/275|[from] Stealth Rock\n|turn|21\n|\n|t:|1781460087\n|move|p1a: Mesprit|Psychic|p2a: Hariyama\n|-supereffective|p2a: Hariyama\n|-damage|p2a: Hariyama|0 fnt\n|faint|p2a: Hariyama\n|\n|upkeep\n|\n|t:|1781460098\n|switch|p2a: Shaymin|Shaymin, L82|298/298\n|turn|22\n|\n|t:|1781460105\n|switch|p1a: Quaquaval|Quaquaval, L79, M|45/264 brn\n|-damage|p1a: Quaquaval|29/264 brn|[from] Stealth Rock\n|move|p2a: Shaymin|Leech Seed|p1a: Quaquaval\n|-start|p1a: Quaquaval|move: Leech Seed\n|\n|-damage|p1a: Quaquaval|0 fnt|[from] Leech Seed|[of] p2a: Shaymin\n|faint|p1a: Quaquaval\n|upkeep\n|\n|t:|1781460109\n|switch|p1a: Yanmega|Yanmega, L82, M|275/275\n|turn|23\n|\n|t:|1781460120\n|move|p2a: Shaymin|Leech Seed|p1a: Yanmega\n|-start|p1a: Yanmega|move: Leech Seed\n|move|p1a: Yanmega|Bug Buzz|p2a: Shaymin\n|-supereffective|p2a: Shaymin\n|-damage|p2a: Shaymin|110/298\n|\n|-heal|p2a: Shaymin|128/298|[from] item: Leftovers\n|-damage|p1a: Yanmega|241/275|[from] Leech Seed|[of] p2a: Shaymin\n|-heal|p2a: Shaymin|162/298|[silent]\n|-ability|p1a: Yanmega|Speed Boost|boost\n|-boost|p1a: Yanmega|spe|1\n|upkeep\n|turn|24\n|\n|t:|1781460132\n|move|p1a: Yanmega|Bug Buzz|p2a: Shaymin\n|-supereffective|p2a: Shaymin\n|-damage|p2a: Shaymin|0 fnt\n|faint|p2a: Shaymin\n|\n|-ability|p1a: Yanmega|Speed Boost|boost\n|-boost|p1a: Yanmega|spe|1\n|upkeep\n|-message|migui92 forfeited.\n|\n|win|shhhdonttellmyboss\n|raw|shhhdonttellmyboss's rating: 1890 &rarr; <strong>1911</strong><br />(+21 for winning)\n|raw|migui92's rating: 1910 &rarr; <strong>1889</strong><br />(-21 for losing)\n", "inputlog": ">version a8376a258c1d4662feba110a92103f3664a72141\n>start {\"formatid\":\"gen9randombattle\",\"seed\":\"sodium,58dac775d3644a6de0faabec87dc33e6\",\"rated\":\"Rated battle\"}\n>player p1 {\"name\":\"shhhdonttellmyboss\",\"avatar\":\"101\",\"rating\":1890,\"seed\":\"sodium,706c152198ed1d9dff171cfd10130cd4\"}\n>player p2 {\"name\":\"migui92\",\"avatar\":\"265\",\"rating\":1910,\"seed\":\"sodium,38c965e07ea0755e007667cb0c36422b\"}\n>p1 move psychic\n>p2 move sleeppowder\n>p1 move psychic\n>p2 move quiverdance\n>p1 move psychic\n>p2 move quiverdance\n>p1 switch 6\n>p2 move sleeppowder\n>p1 move heavyslam\n>p2 move bugbuzz\n>p2 switch 2\n>p1 switch 2\n>p2 move willowisp\n>p1 move aquastep\n>p2 move torchsong\n>p1 move aquastep\n>p2 move slackoff\n>p1 move aquastep\n>p2 move slackoff\n>p1 move aquastep\n>p2 move slackoff\n>p1 move aquastep\n>p2 move torchsong terastallize\n>p1 switch 2\n>p2 move slackoff\n>p1 move dracometeor\n>p2 move willowisp\n>p1 move dracometeor\n>p2 move willowisp\n>p1 move dracometeor\n>p2 move hex\n>p2 switch 3\n>p1 move hydropump\n>p2 move stealthrock\n>p1 move hydropump\n>p2 switch 4\n>p1 move dracometeor\n>p2 move dragondance\n>p1 switch 4\n>p1 move strangesteam\n>p2 move knockoff\n>p2 switch 5\n>p1 move strangesteam\n>p2 move heavyslam\n>p1 switch 6\n>p1 move psychic\n>p2 move knockoff\n>p2 switch 6\n>p1 switch 2\n>p2 move leechseed\n>p1 switch 5\n>p1 move bugbuzz\n>p2 move leechseed\n>p1 move bugbuzz\n>p2 move airslash\n>forcelose p2", "uploadtime": 1781460142, "views": 5, "formatid": "gen9randombattle", "rating": 1889, "private": 0, "password": null}