{"id": "gen9randombattle-2631449506", "format": "[Gen 9] Random Battle", "players": ["UmbreonSolitario", "I_Like_Banette"], "log": "|j|\u2606UmbreonSolitario\n|j|\u2606I_Like_Banette\n|t:|1781386055\n|gametype|singles\n|player|p1|UmbreonSolitario|102|1957\n|player|p2|I_Like_Banette|sage|1911\n|gen|9\n|tier|[Gen 9] Random Battle\n|rated|\n|rule|Species Clause: Limit one of each Pok\u00e9mon\n|rule|HP Percentage Mod: HP is shown in percentages\n|rule|Sleep Clause Mod: Limit one foe put to sleep\n|rule|Illusion Level Mod: Illusion disguises the Pok\u00e9mon's true level\n|\n|t:|1781386055\n|teamsize|p1|6\n|teamsize|p2|6\n|start\n|switch|p1a: Ho-Oh|Ho-Oh, L71|268/268\n|switch|p2a: Torterra|Torterra, L78, M|276/276\n|turn|1\n|\n|t:|1781386081\n|move|p1a: Ho-Oh|Sacred Fire|p2a: Torterra\n|-supereffective|p2a: Torterra\n|-damage|p2a: Torterra|90/276\n|move|p2a: Torterra|Rock Blast|p1a: Ho-Oh|[miss]\n|-miss|p2a: Torterra|p1a: Ho-Oh\n|\n|upkeep\n|turn|2\n|\n|t:|1781386089\n|switch|p2a: Chandelure|Chandelure, L83, M|235/235\n|move|p1a: Ho-Oh|Sacred Fire|p2a: Chandelure\n|-start|p2a: Chandelure|ability: Flash Fire\n|\n|upkeep\n|turn|3\n|\n|t:|1781386095\n|move|p2a: Chandelure|Trick|p1a: Ho-Oh\n|-activate|p2a: Chandelure|move: Trick|[of] p1a: Ho-Oh\n|-item|p1a: Ho-Oh|Choice Scarf|[from] move: Trick\n|-item|p2a: Chandelure|Heavy-Duty Boots|[from] move: Trick\n|move|p1a: Ho-Oh|Earthquake|p2a: Chandelure\n|-supereffective|p2a: Chandelure\n|-damage|p2a: Chandelure|113/235\n|\n|upkeep\n|turn|4\n|\n|t:|1781386102\n|switch|p1a: Zapdos|Zapdos, L78|268/268\n|-end|p2a: Chandelure|ability: Flash Fire|[silent]\n|switch|p2a: Brute Bonnet|Brute Bonnet, L80|309/309\n|\n|upkeep\n|turn|5\n|\n|t:|1781386109\n|move|p1a: Zapdos|Hurricane|p2a: Brute Bonnet\n|-supereffective|p2a: Brute Bonnet\n|-damage|p2a: Brute Bonnet|67/309\n|-start|p2a: Brute Bonnet|confusion\n|-activate|p2a: Brute Bonnet|confusion\n|-damage|p2a: Brute Bonnet|37/309|[from] confusion\n|\n|-heal|p2a: Brute Bonnet|56/309|[from] item: Leftovers\n|upkeep\n|turn|6\n|\n|t:|1781386114\n|move|p1a: Zapdos|Thunderbolt|p2a: Brute Bonnet\n|-resisted|p2a: Brute Bonnet\n|-damage|p2a: Brute Bonnet|8/309\n|-activate|p2a: Brute Bonnet|confusion\n|move|p2a: Brute Bonnet|Spore|p1a: Zapdos\n|-status|p1a: Zapdos|slp|[from] move: Spore\n|\n|-heal|p2a: Brute Bonnet|27/309|[from] item: Leftovers\n|upkeep\n|turn|7\n|\n|t:|1781386121\n|switch|p1a: Perrserker|Perrserker, L89, F|269/269\n|-end|p2a: Brute Bonnet|Protosynthesis|[silent]\n|switch|p2a: Torterra|Torterra, L78, M|90/276\n|\n|upkeep\n|turn|8\n|\n|t:|1781386128\n|switch|p2a: Brute Bonnet|Brute Bonnet, L80|27/309\n|move|p1a: Perrserker|Iron Head|p2a: Brute Bonnet\n|-damage|p2a: Brute Bonnet|0 fnt\n|faint|p2a: Brute Bonnet\n|-end|p2a: Brute Bonnet|Protosynthesis|[silent]\n|-damage|p1a: Perrserker|243/269|[from] item: Life Orb\n|\n|upkeep\n|\n|t:|1781386133\n|switch|p2a: Alomomola|Alomomola, L87, F|429/429\n|turn|9\n|\n|t:|1781386137\n|move|p2a: Alomomola|Wish|p2a: Alomomola\n|move|p1a: Perrserker|U-turn|p2a: Alomomola\n|-damage|p2a: Alomomola|330/429\n|-damage|p1a: Perrserker|217/269|[from] item: Life Orb\n|\n|t:|1781386148\n|switch|p1a: Lilligant|Lilligant, L86, F|261/261|[from] U-turn\n|\n|upkeep\n|turn|10\n|\n|t:|1781386156\n|switch|p2a: Zangoose|Zangoose, L85, F|263/263\n|move|p1a: Lilligant|Quiver Dance|p1a: Lilligant\n|-boost|p1a: Lilligant|spa|1\n|-boost|p1a: Lilligant|spd|1\n|-boost|p1a: Lilligant|spe|1\n|\n|-status|p2a: Zangoose|tox|[from] item: Toxic Orb\n|upkeep\n|turn|11\n|\n|t:|1781386163\n|switch|p1a: Perrserker|Perrserker, L89, F|217/269\n|move|p2a: Zangoose|Facade|p1a: Perrserker\n|-resisted|p1a: Perrserker\n|-damage|p1a: Perrserker|98/269\n|\n|-damage|p2a: Zangoose|247/263 tox|[from] psn\n|upkeep\n|turn|12\n|\n|t:|1781386174\n|move|p2a: Zangoose|Facade|p1a: Perrserker\n|-resisted|p1a: Perrserker\n|-damage|p1a: Perrserker|0 fnt\n|faint|p1a: Perrserker\n|\n|-damage|p2a: Zangoose|215/263 tox|[from] psn\n|upkeep\n|\n|t:|1781386186\n|switch|p1a: Ho-Oh|Ho-Oh, L71|268/268\n|turn|13\n|\n|t:|1781386191\n|switch|p2a: Alomomola|Alomomola, L87, F|429/429\n|move|p1a: Ho-Oh|Brave Bird|p2a: Alomomola\n|-damage|p2a: Alomomola|311/429\n|-damage|p1a: Ho-Oh|229/268|[from] Recoil\n|\n|upkeep\n|turn|14\n|\n|t:|1781386195\n|switch|p1a: Lilligant|Lilligant, L86, F|261/261\n|move|p2a: Alomomola|Flip Turn|p1a: Lilligant\n|-resisted|p1a: Lilligant\n|-damage|p1a: Lilligant|230/261\n|\n|t:|1781386198\n|switch|p2a: Zangoose|Zangoose, L85, F|215/263 tox|[from] Flip Turn\n|\n|-damage|p2a: Zangoose|199/263 tox|[from] psn\n|upkeep\n|turn|15\n|inactive|Battle timer is ON: inactive players will automatically lose when time's up. (requested by I_Like_Banette)\n|\n|t:|1781386217\n|switch|p1a: Zapdos|Zapdos, L78|268/268 slp\n|move|p2a: Zangoose|Facade|p1a: Zapdos\n|-crit|p1a: Zapdos\n|-damage|p1a: Zapdos|0 fnt\n|faint|p1a: Zapdos\n|\n|-damage|p2a: Zangoose|167/263 tox|[from] psn\n|upkeep\n|\n|t:|1781386222\n|switch|p1a: Ho-Oh|Ho-Oh, L71|268/268\n|turn|16\n|\n|t:|1781386227\n|switch|p1a: Lilligant|Lilligant, L86, F|230/261\n|switch|p2a: Alomomola|Alomomola, L87, F|429/429\n|\n|upkeep\n|turn|17\n|\n|t:|1781386236\n|move|p1a: Lilligant|Quiver Dance|p1a: Lilligant\n|-boost|p1a: Lilligant|spa|1\n|-boost|p1a: Lilligant|spd|1\n|-boost|p1a: Lilligant|spe|1\n|move|p2a: Alomomola|Flip Turn|p1a: Lilligant\n|-resisted|p1a: Lilligant\n|-damage|p1a: Lilligant|200/261\n|\n|t:|1781386243\n|switch|p2a: Toxtricity|Toxtricity, L82, F|257/257|[from] Flip Turn\n|\n|upkeep\n|turn|18\n|\n|t:|1781386259\n|move|p1a: Lilligant|Sleep Powder|p2a: Toxtricity\n|-status|p2a: Toxtricity|slp|[from] move: Sleep Powder\n|cant|p2a: Toxtricity|slp\n|\n|upkeep\n|turn|19\n|\n|t:|1781386261\n|move|p1a: Lilligant|Quiver Dance|p1a: Lilligant\n|-boost|p1a: Lilligant|spa|1\n|-boost|p1a: Lilligant|spd|1\n|-boost|p1a: Lilligant|spe|1\n|cant|p2a: Toxtricity|slp\n|\n|upkeep\n|turn|20\n|\n|t:|1781386266\n|move|p1a: Lilligant|Tera Blast|p2a: Toxtricity\n|-damage|p2a: Toxtricity|53/257 slp\n|-damage|p1a: Lilligant|174/261|[from] item: Life Orb\n|cant|p2a: Toxtricity|slp\n|\n|upkeep\n|turn|21\n|\n|t:|1781386270\n|move|p1a: Lilligant|Giga Drain|p2a: Toxtricity\n|-resisted|p2a: Toxtricity\n|-damage|p2a: Toxtricity|0 fnt\n|-heal|p1a: Lilligant|201/261|[from] drain|[of] p2a: Toxtricity\n|faint|p2a: Toxtricity\n|-damage|p1a: Lilligant|175/261|[from] item: Life Orb\n|\n|upkeep\n|\n|t:|1781386279\n|switch|p2a: Chandelure|Chandelure, L83, M|113/235\n|turn|22\n|\n|t:|1781386283\n|move|p1a: Lilligant|Sleep Powder|p2a: Chandelure|[miss]\n|-miss|p1a: Lilligant|p2a: Chandelure\n|move|p2a: Chandelure|Fire Blast|p1a: Lilligant\n|-supereffective|p1a: Lilligant\n|-damage|p1a: Lilligant|0 fnt\n|faint|p1a: Lilligant\n|\n|upkeep\n|\n|t:|1781386291\n|switch|p1a: Ho-Oh|Ho-Oh, L71|268/268\n|turn|23\n|\n|t:|1781386296\n|switch|p2a: Alomomola|Alomomola, L87, F|429/429\n|move|p1a: Ho-Oh|Brave Bird|p2a: Alomomola\n|-damage|p2a: Alomomola|303/429\n|-damage|p1a: Ho-Oh|226/268|[from] Recoil\n|\n|upkeep\n|turn|24\n|\n|t:|1781386299\n|move|p1a: Ho-Oh|Brave Bird|p2a: Alomomola\n|-damage|p2a: Alomomola|183/429\n|-damage|p1a: Ho-Oh|186/268|[from] Recoil\n|move|p2a: Alomomola|Wish|p2a: Alomomola\n|\n|upkeep\n|turn|25\n|\n|t:|1781386306\n|move|p1a: Ho-Oh|Brave Bird|p2a: Alomomola\n|-damage|p2a: Alomomola|59/429\n|-damage|p1a: Ho-Oh|145/268|[from] Recoil\n|move|p2a: Alomomola|Scald|p1a: Ho-Oh\n|-supereffective|p1a: Ho-Oh\n|-damage|p1a: Ho-Oh|67/268\n|\n|-heal|p2a: Alomomola|273/429|[from] move: Wish|[wisher] Alomomola\n|upkeep\n|turn|26\n|\n|t:|1781386310\n|move|p1a: Ho-Oh|Brave Bird|p2a: Alomomola\n|-damage|p2a: Alomomola|162/429\n|-damage|p1a: Ho-Oh|30/268|[from] Recoil\n|move|p2a: Alomomola|Wish|p2a: Alomomola\n|\n|upkeep\n|turn|27\n|\n|t:|1781386315\n|move|p2a: Alomomola|Protect|p2a: Alomomola\n|-singleturn|p2a: Alomomola|Protect\n|move|p1a: Ho-Oh|Brave Bird|p2a: Alomomola\n|-activate|p2a: Alomomola|move: Protect\n|\n|-heal|p2a: Alomomola|376/429|[from] move: Wish|[wisher] Alomomola\n|upkeep\n|turn|28\n|\n|t:|1781386318\n|move|p1a: Ho-Oh|Brave Bird|p2a: Alomomola\n|-damage|p2a: Alomomola|255/429\n|-damage|p1a: Ho-Oh|0 fnt|[from] Recoil\n|faint|p1a: Ho-Oh\n|move|p2a: Alomomola|Wish|p2a: Alomomola\n|\n|upkeep\n|\n|t:|1781386322\n|switch|p1a: Passimian|Passimian, L83, M|302/302\n|turn|29\n|\n|t:|1781386328\n|move|p1a: Passimian|Bulk Up|p1a: Passimian\n|-boost|p1a: Passimian|atk|1\n|-boost|p1a: Passimian|def|1\n|move|p2a: Alomomola|Scald|p1a: Passimian\n|-damage|p1a: Passimian|230/302\n|\n|-heal|p2a: Alomomola|429/429|[from] move: Wish|[wisher] Alomomola\n|-heal|p1a: Passimian|248/302|[from] item: Leftovers\n|upkeep\n|turn|30\n|\n|t:|1781386333\n|move|p1a: Passimian|Bulk Up|p1a: Passimian\n|-boost|p1a: Passimian|atk|1\n|-boost|p1a: Passimian|def|1\n|move|p2a: Alomomola|Flip Turn|p1a: Passimian\n|-damage|p1a: Passimian|220/302\n|\n|t:|1781386337\n|switch|p2a: Chandelure|Chandelure, L83, M|113/235|[from] Flip Turn\n|\n|-heal|p1a: Passimian|238/302|[from] item: Leftovers\n|upkeep\n|turn|31\n|\n|t:|1781386342\n|move|p1a: Passimian|Knock Off|p2a: Chandelure\n|-supereffective|p2a: Chandelure\n|-damage|p2a: Chandelure|0 fnt\n|-enditem|p2a: Chandelure|Heavy-Duty Boots|[from] move: Knock Off|[of] p1a: Passimian\n|faint|p2a: Chandelure\n|\n|-heal|p1a: Passimian|256/302|[from] item: Leftovers\n|upkeep\n|\n|t:|1781386349\n|switch|p2a: Zangoose|Zangoose, L85, F|167/263 tox\n|turn|32\n|\n|t:|1781386352\n|-terastallize|p2a: Zangoose|Normal\n|move|p2a: Zangoose|Facade|p1a: Passimian\n|-damage|p1a: Passimian|82/302\n|move|p1a: Passimian|Drain Punch|p2a: Zangoose\n|-supereffective|p2a: Zangoose\n|-damage|p2a: Zangoose|0 fnt\n|-heal|p1a: Passimian|166/302|[from] drain|[of] p2a: Zangoose\n|faint|p2a: Zangoose\n|\n|-heal|p1a: Passimian|184/302|[from] item: Leftovers\n|upkeep\n|\n|t:|1781386357\n|switch|p2a: Alomomola|Alomomola, L87, F|429/429\n|turn|33\n|\n|t:|1781386365\n|move|p1a: Passimian|Bulk Up|p1a: Passimian\n|-boost|p1a: Passimian|atk|1\n|-boost|p1a: Passimian|def|1\n|move|p2a: Alomomola|Scald|p1a: Passimian\n|-damage|p1a: Passimian|118/302\n|-status|p1a: Passimian|brn\n|\n|-heal|p1a: Passimian|136/302 brn|[from] item: Leftovers\n|-damage|p1a: Passimian|118/302 brn|[from] brn\n|upkeep\n|turn|34\n|\n|t:|1781386371\n|move|p1a: Passimian|Drain Punch|p2a: Alomomola\n|-damage|p2a: Alomomola|315/429\n|-heal|p1a: Passimian|175/302 brn|[from] drain|[of] p2a: Alomomola\n|move|p2a: Alomomola|Scald|p1a: Passimian\n|-crit|p1a: Passimian\n|-damage|p1a: Passimian|79/302 brn\n|\n|-heal|p1a: Passimian|97/302 brn|[from] item: Leftovers\n|-damage|p1a: Passimian|79/302 brn|[from] brn\n|upkeep\n|turn|35\n|\n|t:|1781386378\n|move|p1a: Passimian|Drain Punch|p2a: Alomomola\n|-damage|p2a: Alomomola|191/429\n|-heal|p1a: Passimian|141/302 brn|[from] drain|[of] p2a: Alomomola\n|move|p2a: Alomomola|Scald|p1a: Passimian\n|-damage|p1a: Passimian|75/302 brn\n|\n|-heal|p1a: Passimian|93/302 brn|[from] item: Leftovers\n|-damage|p1a: Passimian|75/302 brn|[from] brn\n|upkeep\n|turn|36\n|\n|t:|1781386388\n|move|p2a: Alomomola|Protect|p2a: Alomomola\n|-singleturn|p2a: Alomomola|Protect\n|move|p1a: Passimian|Bulk Up|p1a: Passimian\n|-boost|p1a: Passimian|atk|1\n|-boost|p1a: Passimian|def|1\n|\n|-heal|p1a: Passimian|93/302 brn|[from] item: Leftovers\n|-damage|p1a: Passimian|75/302 brn|[from] brn\n|upkeep\n|turn|37\n|\n|t:|1781386399\n|move|p1a: Passimian|Drain Punch|p2a: Alomomola\n|-damage|p2a: Alomomola|53/429\n|-heal|p1a: Passimian|144/302 brn|[from] drain|[of] p2a: Alomomola\n|move|p2a: Alomomola|Scald|p1a: Passimian\n|-damage|p1a: Passimian|84/302 brn\n|\n|-heal|p1a: Passimian|102/302 brn|[from] item: Leftovers\n|-damage|p1a: Passimian|84/302 brn|[from] brn\n|upkeep\n|turn|38\n|\n|t:|1781386407\n|switch|p2a: Torterra|Torterra, L78, M|90/276\n|move|p1a: Passimian|Drain Punch|p2a: Torterra\n|-damage|p2a: Torterra|0 fnt\n|-heal|p1a: Passimian|129/302 brn|[from] drain|[of] p2a: Torterra\n|faint|p2a: Torterra\n|\n|-heal|p1a: Passimian|147/302 brn|[from] item: Leftovers\n|-damage|p1a: Passimian|129/302 brn|[from] brn\n|upkeep\n|\n|t:|1781386409\n|switch|p2a: Alomomola|Alomomola, L87, F|196/429\n|turn|39\n|\n|t:|1781386413\n|move|p1a: Passimian|Bulk Up|p1a: Passimian\n|-boost|p1a: Passimian|atk|1\n|-boost|p1a: Passimian|def|1\n|move|p2a: Alomomola|Wish|p2a: Alomomola\n|\n|-heal|p1a: Passimian|147/302 brn|[from] item: Leftovers\n|-damage|p1a: Passimian|129/302 brn|[from] brn\n|upkeep\n|turn|40\n|\n|t:|1781386424\n|-terastallize|p1a: Passimian|Dark\n|move|p1a: Passimian|Knock Off|p2a: Alomomola\n|-damage|p2a: Alomomola|0 fnt\n|-enditem|p2a: Alomomola|Heavy-Duty Boots|[from] move: Knock Off|[of] p1a: Passimian\n|faint|p2a: Alomomola\n|\n|win|UmbreonSolitario\n", "inputlog": ">version a8376a258c1d4662feba110a92103f3664a72141\n>start {\"formatid\":\"gen9randombattle\",\"seed\":\"sodium,7e03f778401f337ccbe62b15ea21cd4b\",\"rated\":\"Rated battle\"}\n>player p1 {\"name\":\"UmbreonSolitario\",\"avatar\":\"102\",\"rating\":1957,\"seed\":\"sodium,c62bc30171eabae2b66d72428a2dc618\"}\n>player p2 {\"name\":\"I_Like_Banette\",\"avatar\":\"sage\",\"rating\":1911,\"seed\":\"sodium,58508358cf08829f751d5eb535e3220b\"}\n>p1 move sacredfire\n>p2 move rockblast\n>p1 move sacredfire\n>p2 switch 3\n>p1 move earthquake\n>p2 move trick\n>p1 switch 4\n>p2 switch 6\n>p1 move hurricane\n>p2 move spore\n>p1 move thunderbolt\n>p2 move spore\n>p1 switch 3\n>p2 switch 3\n>p1 move ironhead\n>p2 switch 3\n>p2 switch 4\n>p1 move uturn\n>p2 move wish\n>p1 switch 2\n>p1 move quiverdance\n>p2 switch 5\n>p1 switch 2\n>p2 move facade\n>p1 move stealthrock\n>p2 move facade\n>p1 switch 4\n>p1 move bravebird\n>p2 switch 5\n>p1 switch 2\n>p2 move flipturn\n>p2 switch 5\n>p1 switch 3\n>p2 move facade\n>p1 switch 2\n>p1 switch 3\n>p2 switch 5\n>p1 move quiverdance\n>p2 move flipturn\n>p2 switch 2\n>p1 move sleeppowder\n>p2 move shiftgear\n>p1 move quiverdance\n>p2 move shiftgear\n>p1 move terablast\n>p2 move gunkshot\n>p1 move gigadrain\n>p2 move gunkshot\n>p2 switch 6\n>p1 move sleeppowder\n>p2 move fireblast\n>p1 switch 3\n>p1 move bravebird\n>p2 switch 2\n>p1 move bravebird\n>p2 move wish\n>p1 move bravebird\n>p2 move scald\n>p1 move bravebird\n>p2 move wish\n>p1 move bravebird\n>p2 move protect\n>p1 move bravebird\n>p2 move wish\n>p1 switch 5\n>p1 move bulkup\n>p2 move scald\n>p1 move bulkup\n>p2 move flipturn\n>p2 switch 2\n>p1 move knockoff\n>p2 move fireblast\n>p2 switch 5\n>p1 move drainpunch\n>p2 move facade terastallize\n>p2 switch 2\n>p1 move bulkup\n>p2 move scald\n>p1 move drainpunch\n>p2 move scald\n>p1 move drainpunch\n>p2 move scald\n>p1 move bulkup\n>p2 move protect\n>p1 move drainpunch\n>p2 move scald\n>p1 move drainpunch\n>p2 switch 3\n>p2 switch 3\n>p1 move bulkup\n>p2 move wish\n>p1 move knockoff terastallize\n>p2 move scald", "uploadtime": 1781386057, "views": 7, "formatid": "gen9randombattle", "rating": null, "private": 0, "password": null}