{"id": "gen9randombattle-2632017157", "format": "[Gen 9] Random Battle", "players": ["TSM-Virgil", "randbatsto90gxe"], "log": "|j|\u2606TSM-Virgil\n|j|\u2606randbatsto90gxe\n|t:|1781466369\n|gametype|singles\n|player|p1|TSM-Virgil|acetrainer|2069\n|player|p2|randbatsto90gxe|n|2001\n|gen|9\n|tier|[Gen 9] Random Battle\n|rated|\n|rule|Species Clause: Limit one of each Pok\u00e9mon\n|rule|HP Percentage Mod: HP is shown in percentages\n|rule|Sleep Clause Mod: Limit one foe put to sleep\n|rule|Illusion Level Mod: Illusion disguises the Pok\u00e9mon's true level\n|\n|t:|1781466369\n|teamsize|p1|6\n|teamsize|p2|6\n|start\n|switch|p1a: Veluza|Veluza, L85, M|292/292\n|switch|p2a: Magmortar|Magmortar, L88, F|275/275\n|turn|1\n|inactive|Battle timer is ON: inactive players will automatically lose when time's up. (requested by randbatsto90gxe)\n|inactive|TSM-Virgil also wants the timer to be on.\n|\n|t:|1781466379\n|move|p1a: Veluza|Flip Turn|p2a: Magmortar\n|-supereffective|p2a: Magmortar\n|-crit|p2a: Magmortar\n|-damage|p2a: Magmortar|15/275\n|\n|t:|1781466385\n|switch|p1a: Electivire|Electivire, L84, F|263/263|[from] Flip Turn\n|move|p2a: Magmortar|Will-O-Wisp|p1a: Electivire\n|-status|p1a: Electivire|brn\n|\n|-damage|p1a: Electivire|247/263 brn|[from] brn\n|upkeep\n|turn|2\n|\n|t:|1781466394\n|switch|p2a: Amoonguss|Amoonguss, L82, F|321/321\n|move|p1a: Electivire|Bulk Up|p1a: Electivire\n|-boost|p1a: Electivire|atk|1\n|-boost|p1a: Electivire|def|1\n|\n|-damage|p1a: Electivire|231/263 brn|[from] brn\n|upkeep\n|turn|3\n|\n|t:|1781466401\n|move|p1a: Electivire|Ice Punch|p2a: Amoonguss\n|-supereffective|p2a: Amoonguss\n|-damage|p2a: Amoonguss|183/321\n|-status|p2a: Amoonguss|frz\n|-damage|p1a: Electivire|188/263 brn|[from] item: Rocky Helmet|[of] p2a: Amoonguss\n|-damage|p1a: Electivire|162/263 brn|[from] item: Life Orb\n|cant|p2a: Amoonguss|frz\n|\n|-damage|p1a: Electivire|146/263 brn|[from] brn\n|upkeep\n|turn|4\n|\n|t:|1781466415\n|switch|p2a: Mienshao|Mienshao, L83, F|244/244\n|move|p1a: Electivire|Ice Punch|p2a: Mienshao\n|-damage|p2a: Mienshao|166/244\n|-damage|p1a: Electivire|120/263 brn|[from] item: Life Orb\n|\n|-damage|p1a: Electivire|104/263 brn|[from] brn\n|upkeep\n|turn|5\n|\n|t:|1781466420\n|move|p2a: Mienshao|Fake Out|p1a: Electivire\n|-damage|p1a: Electivire|76/263 brn\n|cant|p1a: Electivire|flinch\n|\n|-damage|p1a: Electivire|60/263 brn|[from] brn\n|upkeep\n|turn|6\n|\n|t:|1781466427\n|move|p2a: Mienshao|Close Combat|p1a: Electivire\n|-damage|p1a: Electivire|0 fnt\n|-unboost|p2a: Mienshao|def|1\n|-unboost|p2a: Mienshao|spd|1\n|faint|p1a: Electivire\n|\n|upkeep\n|\n|t:|1781466430\n|switch|p1a: Veluza|Veluza, L85, M|292/292\n|turn|7\n|\n|t:|1781466440\n|switch|p2a: Magmortar|Magmortar, L88, F|15/275\n|move|p1a: Veluza|Psycho Cut|p2a: Magmortar\n|-damage|p2a: Magmortar|0 fnt\n|faint|p2a: Magmortar\n|\n|upkeep\n|\n|t:|1781466447\n|switch|p2a: Wigglytuff|Wigglytuff, L96, M|424/424\n|turn|8\n|\n|t:|1781466458\n|switch|p1a: Gliscor|Gliscor, L76, F|239/239\n|move|p2a: Wigglytuff|Knock Off|p1a: Gliscor\n|-damage|p1a: Gliscor|179/239\n|-enditem|p1a: Gliscor|Toxic Orb|[from] move: Knock Off|[of] p2a: Wigglytuff\n|\n|upkeep\n|turn|9\n|\n|t:|1781466470\n|switch|p2a: Amoonguss|Amoonguss, L82, F|290/321 frz\n|move|p1a: Gliscor|Toxic||[still]\n|-fail|p1a: Gliscor\n|\n|upkeep\n|turn|10\n|\n|t:|1781466481\n|switch|p2a: Wigglytuff|Wigglytuff, L96, M|424/424\n|move|p1a: Gliscor|Substitute|p1a: Gliscor\n|-start|p1a: Gliscor|Substitute\n|-damage|p1a: Gliscor|120/239\n|\n|upkeep\n|turn|11\n|\n|t:|1781466488\n|switch|p2a: Amoonguss|Amoonguss, L82, F|321/321 frz\n|move|p1a: Gliscor|Toxic||[still]\n|-fail|p1a: Gliscor\n|\n|upkeep\n|turn|12\n|\n|t:|1781466501\n|move|p1a: Gliscor|Earthquake|p2a: Amoonguss\n|-damage|p2a: Amoonguss|212/321 frz\n|cant|p2a: Amoonguss|frz\n|\n|upkeep\n|turn|13\n|\n|t:|1781466507\n|move|p1a: Gliscor|Earthquake|p2a: Amoonguss\n|-damage|p2a: Amoonguss|115/321 frz\n|cant|p2a: Amoonguss|frz\n|\n|upkeep\n|turn|14\n|inactive|TSM-Virgil has 120 seconds left.\n|\n|t:|1781466541\n|switch|p2a: Wigglytuff|Wigglytuff, L96, M|424/424\n|move|p1a: Gliscor|Earthquake|p2a: Wigglytuff\n|-damage|p2a: Wigglytuff|309/424\n|\n|-heal|p2a: Wigglytuff|335/424|[from] item: Leftovers\n|upkeep\n|turn|15\n|\n|t:|1781466547\n|move|p2a: Wigglytuff|Protect|p2a: Wigglytuff\n|-singleturn|p2a: Wigglytuff|Protect\n|move|p1a: Gliscor|Toxic|p2a: Wigglytuff\n|-activate|p2a: Wigglytuff|move: Protect\n|\n|-heal|p2a: Wigglytuff|361/424|[from] item: Leftovers\n|upkeep\n|turn|16\n|\n|t:|1781466552\n|switch|p2a: Amoonguss|Amoonguss, L82, F|222/321 frz\n|move|p1a: Gliscor|Earthquake|p2a: Amoonguss\n|-damage|p2a: Amoonguss|119/321 frz\n|\n|upkeep\n|turn|17\n|\n|t:|1781466559\n|move|p1a: Gliscor|Earthquake|p2a: Amoonguss\n|-crit|p2a: Amoonguss\n|-damage|p2a: Amoonguss|0 fnt\n|faint|p2a: Amoonguss\n|\n|upkeep\n|c|\u2606randbatsto90gxe|bruh\n|\n|t:|1781466573\n|switch|p2a: Wigglytuff|Wigglytuff, L96, M|361/424\n|turn|18\n|\n|t:|1781466586\n|move|p2a: Wigglytuff|Protect|p2a: Wigglytuff\n|-singleturn|p2a: Wigglytuff|Protect\n|move|p1a: Gliscor|Toxic|p2a: Wigglytuff\n|-activate|p2a: Wigglytuff|move: Protect\n|\n|-heal|p2a: Wigglytuff|387/424|[from] item: Leftovers\n|upkeep\n|turn|19\n|\n|t:|1781466593\n|move|p1a: Gliscor|Toxic|p2a: Wigglytuff\n|-status|p2a: Wigglytuff|tox\n|move|p2a: Wigglytuff|Dazzling Gleam|p1a: Gliscor\n|-end|p1a: Gliscor|Substitute\n|\n|-heal|p2a: Wigglytuff|413/424 tox|[from] item: Leftovers\n|-damage|p2a: Wigglytuff|387/424 tox|[from] psn\n|upkeep\n|turn|20\n|\n|t:|1781466600\n|move|p1a: Gliscor|Earthquake|p2a: Wigglytuff\n|-damage|p2a: Wigglytuff|260/424 tox\n|move|p2a: Wigglytuff|Dazzling Gleam|p1a: Gliscor\n|-crit|p1a: Gliscor\n|-damage|p1a: Gliscor|0 fnt\n|faint|p1a: Gliscor\n|\n|-heal|p2a: Wigglytuff|286/424 tox|[from] item: Leftovers\n|-damage|p2a: Wigglytuff|234/424 tox|[from] psn\n|upkeep\n|\n|t:|1781466614\n|switch|p1a: Veluza|Veluza, L85, M|292/292\n|turn|21\n|\n|t:|1781466621\n|move|p1a: Veluza|Aqua Cutter|p2a: Wigglytuff\n|-damage|p2a: Wigglytuff|75/424 tox\n|move|p2a: Wigglytuff|Knock Off|p1a: Veluza\n|-supereffective|p1a: Veluza\n|-damage|p1a: Veluza|126/292\n|-enditem|p1a: Veluza|Choice Scarf|[from] move: Knock Off|[of] p2a: Wigglytuff\n|\n|-heal|p2a: Wigglytuff|101/424 tox|[from] item: Leftovers\n|-damage|p2a: Wigglytuff|23/424 tox|[from] psn\n|upkeep\n|turn|22\n|\n|t:|1781466627\n|move|p1a: Veluza|Aqua Cutter|p2a: Wigglytuff\n|-damage|p2a: Wigglytuff|0 fnt\n|faint|p2a: Wigglytuff\n|\n|upkeep\n|\n|t:|1781466645\n|switch|p2a: Mienshao|Mienshao, L83, F|244/244\n|turn|23\n|\n|t:|1781466648\n|move|p2a: Mienshao|Fake Out|p1a: Veluza\n|-damage|p1a: Veluza|85/292\n|cant|p1a: Veluza|flinch\n|\n|upkeep\n|turn|24\n|\n|t:|1781466651\n|move|p2a: Mienshao|Knock Off|p1a: Veluza\n|-supereffective|p1a: Veluza\n|-damage|p1a: Veluza|0 fnt\n|faint|p1a: Veluza\n|\n|upkeep\n|\n|t:|1781466659\n|switch|p1a: Regidrago|Regidrago, L77|435/435\n|turn|25\n|\n|t:|1781466668\n|move|p2a: Mienshao|U-turn|p1a: Regidrago\n|-damage|p1a: Regidrago|338/435\n|\n|t:|1781466671\n|switch|p2a: Zacian|Zacian, L69|241/241|[from] U-turn\n|-ability|p2a: Zacian|Intrepid Sword|boost\n|-boost|p2a: Zacian|atk|1\n|move|p1a: Regidrago|Dragon Dance|p1a: Regidrago\n|-boost|p1a: Regidrago|atk|1\n|-boost|p1a: Regidrago|spe|1\n|\n|upkeep\n|turn|26\n|\n|t:|1781466682\n|switch|p1a: Gumshoos|Gumshoos, L95, M|321/321\n|move|p2a: Zacian|Play Rough|p1a: Gumshoos|[miss]\n|-miss|p2a: Zacian|p1a: Gumshoos\n|\n|upkeep\n|turn|27\n|\n|t:|1781466691\n|-terastallize|p2a: Zacian|Fighting\n|move|p2a: Zacian|Close Combat|p1a: Gumshoos\n|-supereffective|p1a: Gumshoos\n|-damage|p1a: Gumshoos|0 fnt\n|-unboost|p2a: Zacian|def|1\n|-unboost|p2a: Zacian|spd|1\n|faint|p1a: Gumshoos\n|-damage|p2a: Zacian|217/241|[from] item: Life Orb\n|\n|upkeep\n|\n|t:|1781466695\n|switch|p1a: Hydreigon|Hydreigon, L79, F|275/275\n|turn|28\n|\n|t:|1781466701\n|move|p2a: Zacian|Play Rough|p1a: Hydreigon\n|-supereffective|p1a: Hydreigon\n|-damage|p1a: Hydreigon|0 fnt\n|faint|p1a: Hydreigon\n|-damage|p2a: Zacian|193/241|[from] item: Life Orb\n|\n|upkeep\n|c|\u2606TSM-Virgil|gg wp\n|c|\u2606TSM-Virgil|Well that was bad draw near the end\n|\n|t:|1781466709\n|switch|p1a: Regidrago|Regidrago, L77|338/435\n|turn|29\n|\n|t:|1781466726\n|-terastallize|p1a: Regidrago|Dragon\n|move|p2a: Zacian|Play Rough|p1a: Regidrago\n|-supereffective|p1a: Regidrago\n|-damage|p1a: Regidrago|0 fnt\n|faint|p1a: Regidrago\n|-damage|p2a: Zacian|169/241|[from] item: Life Orb\n|\n|win|randbatsto90gxe\n", "inputlog": ">version a8376a258c1d4662feba110a92103f3664a72141\n>start {\"formatid\":\"gen9randombattle\",\"seed\":\"sodium,2b6e99f277a798b1c90139cf4ce375c2\",\"rated\":\"Rated battle\"}\n>player p1 {\"name\":\"TSM-Virgil\",\"avatar\":\"acetrainer\",\"rating\":2069,\"seed\":\"sodium,93cba368dbb289d2af06e5bb5da13f01\"}\n>player p2 {\"name\":\"randbatsto90gxe\",\"avatar\":\"n\",\"rating\":2001,\"seed\":\"sodium,95fbbe5e10b7b1c797c7c7347b995a9f\"}\n>p1 move flipturn\n>p2 move willowisp\n>p1 switch 2\n>p1 move bulkup\n>p2 switch 5\n>p1 move icepunch\n>p2 move clearsmog\n>p1 move icepunch\n>p2 switch 3\n>p1 move supercellslam\n>p2 move fakeout\n>p1 move supercellslam\n>p2 move closecombat\n>p1 switch 2\n>p1 move psychocut\n>p2 switch 5\n>p2 switch 4\n>p1 switch 3\n>p2 move knockoff\n>p1 move toxic\n>p2 switch 3\n>p1 move substitute\n>p2 switch 3\n>p1 move toxic\n>p2 switch 3\n>p1 move earthquake\n>p2 move gigadrain\n>p1 move earthquake\n>p2 move gigadrain\n>p1 move earthquake\n>p2 switch 3\n>p1 move toxic\n>p2 move protect\n>p1 move earthquake\n>p2 switch 3\n>p1 move earthquake\n>p2 move gigadrain\n>chat \u2606randbatsto90gxe|bruh\n>p2 switch 3\n>p1 move toxic\n>p2 move protect\n>p1 move toxic\n>p2 move dazzlinggleam\n>p1 move earthquake\n>p2 move dazzlinggleam\n>p1 switch 3\n>p1 move aquacutter\n>p2 move knockoff\n>p1 move aquacutter\n>p2 move wish\n>p2 switch 5\n>p1 move aquacutter\n>p2 move fakeout\n>p1 move aquacutter\n>p2 move knockoff\n>p1 switch 5\n>p1 move dragondance\n>p2 move uturn\n>p2 switch 6\n>p1 switch 4\n>p2 move playrough\n>p1 move doubleedge\n>p2 move closecombat terastallize\n>p1 switch 6\n>p1 move dracometeor\n>p2 move playrough\n>chat \u2606TSM-Virgil|gg wp\n>chat \u2606TSM-Virgil|Well that was bad draw near the end\n>p1 switch 4\n>p1 move dragondance terastallize\n>p2 move playrough", "uploadtime": 1781466372, "views": 7, "formatid": "gen9randombattle", "rating": null, "private": 0, "password": null}