{"id": "gen9randombattle-2631810978", "format": "[Gen 9] Random Battle", "players": ["duuhhao", "MasterJ007"], "log": "|badge|p2|bronze|gen9randombattle|100-9\n|uhtml|medal-msg|<div class=\"broadcast-blue\">Curious what those medals under the avatar are? PS now has Ladder Seasons! For more information, check out the <a href=\"https://www.smogon.com/forums/threads/3740067/\">thread on Smogon.</a></div>\n|j|\u2606duuhhao\n|j|\u2606MasterJ007\n|t:|1781443057\n|gametype|singles\n|player|p1|duuhhao|clair|2193\n|player|p2|MasterJ007|#rbtt7teamsuicune|2306\n|gen|9\n|tier|[Gen 9] Random Battle\n|rated|\n|rule|Species Clause: Limit one of each Pok\u00e9mon\n|rule|HP Percentage Mod: HP is shown in percentages\n|rule|Sleep Clause Mod: Limit one foe put to sleep\n|rule|Illusion Level Mod: Illusion disguises the Pok\u00e9mon's true level\n|\n|t:|1781443057\n|teamsize|p1|6\n|teamsize|p2|6\n|start\n|switch|p1a: Lilligant|Lilligant, L86, F|261/261\n|switch|p2a: Dragapult|Dragapult, L77, F|262/262\n|turn|1\n|inactive|Battle timer is ON: inactive players will automatically lose when time's up. (requested by MasterJ007)\n|\n|t:|1781443074\n|move|p2a: Dragapult|Dragon Darts|p1a: Lilligant\n|-damage|p1a: Lilligant|182/261\n|-anim|p2a: Dragapult|Dragon Darts|p1a: Lilligant\n|-damage|p1a: Lilligant|100/261\n|-damage|p2a: Dragapult|236/262|[from] item: Life Orb\n|move|p1a: Lilligant|Quiver Dance|p1a: Lilligant\n|-boost|p1a: Lilligant|spa|1\n|-boost|p1a: Lilligant|spd|1\n|-boost|p1a: Lilligant|spe|1\n|\n|upkeep\n|turn|2\n|\n|t:|1781443096\n|switch|p2a: Reshiram|Reshiram, L76|277/277\n|-ability|p2a: Reshiram|Turboblaze\n|move|p1a: Lilligant|Alluring Voice|p2a: Reshiram\n|-damage|p2a: Reshiram|169/277\n|-damage|p1a: Lilligant|74/261|[from] item: Life Orb\n|\n|upkeep\n|turn|3\n|\n|t:|1781443104\n|move|p1a: Lilligant|Sleep Powder|p2a: Reshiram\n|-status|p2a: Reshiram|slp|[from] move: Sleep Powder\n|cant|p2a: Reshiram|slp\n|\n|upkeep\n|turn|4\n|\n|t:|1781443108\n|move|p1a: Lilligant|Alluring Voice|p2a: Reshiram\n|-damage|p2a: Reshiram|61/277 slp\n|-damage|p1a: Lilligant|48/261|[from] item: Life Orb\n|cant|p2a: Reshiram|slp\n|\n|upkeep\n|turn|5\n|\n|t:|1781443119\n|move|p1a: Lilligant|Alluring Voice|p2a: Reshiram\n|-damage|p2a: Reshiram|0 fnt\n|faint|p2a: Reshiram\n|-damage|p1a: Lilligant|22/261|[from] item: Life Orb\n|\n|upkeep\n|\n|t:|1781443131\n|switch|p2a: Samurott|Samurott, L88, F|310/310\n|turn|6\n|\n|t:|1781443138\n|switch|p2a: Overqwil|Overqwil, L82, F|274/274\n|-ability|p2a: Overqwil|Intimidate|boost\n|-fail|p1a: Lilligant|unboost|Attack|[from] ability: Own Tempo|[of] p1a: Lilligant\n|move|p1a: Lilligant|Sleep Powder|p2a: Overqwil|[miss]\n|-miss|p1a: Lilligant|p2a: Overqwil\n|\n|upkeep\n|turn|7\n|\n|t:|1781443146\n|move|p1a: Lilligant|Sleep Powder|p2a: Overqwil\n|-status|p2a: Overqwil|slp|[from] move: Sleep Powder\n|cant|p2a: Overqwil|slp\n|\n|upkeep\n|turn|8\n|\n|t:|1781443150\n|move|p1a: Lilligant|Alluring Voice|p2a: Overqwil\n|-damage|p2a: Overqwil|106/274 slp\n|-damage|p1a: Lilligant|0 fnt|[from] item: Life Orb\n|faint|p1a: Lilligant\n|cant|p2a: Overqwil|slp\n|\n|upkeep\n|\n|t:|1781443163\n|switch|p1a: Bellibolt|Bellibolt, L84, M|320/320\n|turn|9\n|\n|t:|1781443171\n|-curestatus|p2a: Overqwil|slp|[msg]\n|move|p2a: Overqwil|Gunk Shot|p1a: Bellibolt\n|-damage|p1a: Bellibolt|184/320\n|-start|p1a: Bellibolt|Charge|Gunk Shot|[from] ability: Electromorphosis\n|move|p1a: Bellibolt|Thunderbolt|p2a: Overqwil\n|-damage|p2a: Overqwil|0 fnt\n|faint|p2a: Overqwil\n|-end|p1a: Bellibolt|Charge|[silent]\n|\n|-heal|p1a: Bellibolt|204/320|[from] item: Leftovers\n|upkeep\n|\n|t:|1781443180\n|switch|p2a: Dragapult|Dragapult, L77, F|236/262\n|turn|10\n|\n|t:|1781443182\n|move|p2a: Dragapult|Dragon Dance|p2a: Dragapult\n|-boost|p2a: Dragapult|atk|1\n|-boost|p2a: Dragapult|spe|1\n|move|p1a: Bellibolt|Volt Switch|p2a: Dragapult\n|-resisted|p2a: Dragapult\n|-damage|p2a: Dragapult|188/262\n|\n|t:|1781443185\n|switch|p1a: Qwilfish|Qwilfish-Hisui, L83, M|244/244|[from] Volt Switch\n|-ability|p1a: Qwilfish|Intimidate|boost\n|-fail|p2a: Dragapult|unboost|[from] ability: Clear Body|[of] p2a: Dragapult\n|\n|upkeep\n|turn|11\n|\n|t:|1781443196\n|move|p2a: Dragapult|Dragon Darts|p1a: Qwilfish\n|-damage|p1a: Qwilfish|178/244\n|-anim|p2a: Dragapult|Dragon Darts|p1a: Qwilfish\n|-damage|p1a: Qwilfish|112/244\n|-damage|p2a: Dragapult|162/262|[from] item: Life Orb\n|move|p1a: Qwilfish|Crunch|p2a: Dragapult\n|-supereffective|p2a: Dragapult\n|-damage|p2a: Dragapult|0 fnt\n|faint|p2a: Dragapult\n|\n|upkeep\n|\n|t:|1781443200\n|switch|p2a: Samurott|Samurott, L88, F|310/310\n|turn|12\n|\n|t:|1781443204\n|move|p1a: Qwilfish|Toxic Spikes|p2a: Samurott\n|-sidestart|p2: MasterJ007|move: Toxic Spikes\n|move|p2a: Samurott|Hydro Pump|p1a: Qwilfish\n|-damage|p1a: Qwilfish|0 fnt\n|faint|p1a: Qwilfish\n|\n|upkeep\n|\n|t:|1781443211\n|switch|p1a: Bellibolt|Bellibolt, L84, M|204/320\n|turn|13\n|\n|t:|1781443220\n|move|p2a: Samurott|Hydro Pump|p1a: Bellibolt\n|-damage|p1a: Bellibolt|47/320\n|-start|p1a: Bellibolt|Charge|Hydro Pump|[from] ability: Electromorphosis\n|move|p1a: Bellibolt|Thunderbolt|p2a: Samurott\n|-supereffective|p2a: Samurott\n|-damage|p2a: Samurott|26/310\n|-end|p1a: Bellibolt|Charge|[silent]\n|\n|-heal|p1a: Bellibolt|67/320|[from] item: Leftovers\n|upkeep\n|turn|14\n|\n|t:|1781443233\n|move|p2a: Samurott|Hydro Pump|p1a: Bellibolt\n|-damage|p1a: Bellibolt|0 fnt\n|faint|p1a: Bellibolt\n|\n|upkeep\n|\n|t:|1781443241\n|switch|p1a: Kyogre|Kyogre, L71|259/259\n|-weather|RainDance|[from] ability: Drizzle|[of] p1a: Kyogre\n|turn|15\n|\n|t:|1781443266\n|move|p2a: Samurott|Hydro Pump|p1a: Kyogre\n|-resisted|p1a: Kyogre\n|-damage|p1a: Kyogre|120/259\n|move|p1a: Kyogre|Thunder|p2a: Samurott\n|-supereffective|p2a: Samurott\n|-damage|p2a: Samurott|0 fnt\n|faint|p2a: Samurott\n|\n|-weather|RainDance|[upkeep]\n|-heal|p1a: Kyogre|136/259|[from] item: Leftovers\n|upkeep\n|\n|t:|1781443278\n|switch|p2a: Porygon-Z|Porygon-Z, L83|277/277\n|-status|p2a: Porygon-Z|psn\n|-ability|p2a: Porygon-Z|Download|boost\n|-boost|p2a: Porygon-Z|atk|1\n|turn|16\n|\n|t:|1781443285\n|-terastallize|p2a: Porygon-Z|Electric\n|move|p2a: Porygon-Z|Thunderbolt|p1a: Kyogre\n|-supereffective|p1a: Kyogre\n|-damage|p1a: Kyogre|0 fnt\n|faint|p1a: Kyogre\n|\n|-weather|RainDance|[upkeep]\n|-damage|p2a: Porygon-Z|243/277 psn|[from] psn\n|upkeep\n|\n|t:|1781443289\n|switch|p1a: Iron Thorns|Iron Thorns, L83|302/302\n|-enditem|p1a: Iron Thorns|Booster Energy\n|-activate|p1a: Iron Thorns|ability: Quark Drive|[fromitem]\n|-start|p1a: Iron Thorns|quarkdriveatk\n|turn|17\n|\n|t:|1781443296\n|switch|p2a: Oranguru|Oranguru, L92, F|315/315\n|-status|p2a: Oranguru|psn\n|move|p1a: Iron Thorns|Dragon Dance|p1a: Iron Thorns\n|-boost|p1a: Iron Thorns|atk|1\n|-boost|p1a: Iron Thorns|spe|1\n|\n|-weather|RainDance|[upkeep]\n|-damage|p2a: Oranguru|276/315 psn|[from] psn\n|upkeep\n|turn|18\n|\n|t:|1781443314\n|move|p1a: Iron Thorns|Earthquake|p2a: Oranguru\n|-damage|p2a: Oranguru|113/315 psn\n|move|p2a: Oranguru|Focus Blast|p1a: Iron Thorns\n|-supereffective|p1a: Iron Thorns\n|-crit|p1a: Iron Thorns\n|-damage|p1a: Iron Thorns|0 fnt\n|faint|p1a: Iron Thorns\n|-end|p1a: Iron Thorns|Quark Drive|[silent]\n|\n|-weather|RainDance|[upkeep]\n|-damage|p2a: Oranguru|74/315 psn|[from] psn\n|upkeep\n|\n|t:|1781443321\n|switch|p1a: Pelipper|Pelipper, L86, M|243/243\n|turn|19\n|\n|t:|1781443334\n|move|p2a: Oranguru|Focus Blast|p1a: Pelipper|[miss]\n|-miss|p2a: Oranguru|p1a: Pelipper\n|move|p1a: Pelipper|Surf|p2a: Oranguru\n|-damage|p2a: Oranguru|0 fnt\n|faint|p2a: Oranguru\n|\n|-weather|none\n|upkeep\n|\n|t:|1781443341\n|switch|p2a: Porygon-Z|Porygon-Z, L83, tera:Electric|243/277 psn\n|-ability|p2a: Porygon-Z|Download|boost\n|-boost|p2a: Porygon-Z|spa|1\n|turn|20\n|\n|t:|1781443347\n|-terastallize|p1a: Pelipper|Ground\n|move|p2a: Porygon-Z|Tri Attack|p1a: Pelipper\n|-damage|p1a: Pelipper|66/243\n|move|p1a: Pelipper|Roost|p1a: Pelipper\n|-heal|p1a: Pelipper|188/243\n|\n|-damage|p2a: Porygon-Z|209/277 psn|[from] psn\n|upkeep\n|turn|21\n|\n|t:|1781443355\n|move|p2a: Porygon-Z|Tri Attack|p1a: Pelipper\n|-damage|p1a: Pelipper|7/243\n|move|p1a: Pelipper|Surf|p2a: Porygon-Z\n|-damage|p2a: Porygon-Z|91/277 psn\n|\n|-damage|p2a: Porygon-Z|57/277 psn|[from] psn\n|upkeep\n|turn|22\n|\n|t:|1781443360\n|move|p2a: Porygon-Z|Tri Attack|p1a: Pelipper\n|-damage|p1a: Pelipper|0 fnt\n|faint|p1a: Pelipper\n|\n|win|MasterJ007\n", "inputlog": ">version a8376a258c1d4662feba110a92103f3664a72141\n>start {\"formatid\":\"gen9randombattle\",\"seed\":\"sodium,be11f15bfcd3cec86aaf9958fb459736\",\"rated\":\"Rated battle\"}\n>player p1 {\"name\":\"duuhhao\",\"avatar\":\"clair\",\"rating\":2193,\"seed\":\"sodium,f451de5042b0eb75134a7dc7f8953aad\"}\n>player p2 {\"name\":\"MasterJ007\",\"avatar\":\"#rbtt7teamsuicune\",\"rating\":2306,\"seed\":\"sodium,4dfdbb26d70de9113be2594fdbe91c6a\"}\n>p1 move quiverdance\n>p2 move dragondarts\n>p1 move alluringvoice\n>p2 switch 4\n>p1 move sleeppowder\n>p2 move blueflare\n>p1 move alluringvoice\n>p2 move blueflare\n>p1 move alluringvoice\n>p2 move blueflare\n>p2 switch 2\n>p1 move sleeppowder\n>p2 switch 5\n>p1 move sleeppowder\n>p2 move scaleshot\n>p1 move alluringvoice\n>p2 move swordsdance\n>p1 switch 2\n>p1 move thunderbolt\n>p2 move gunkshot\n>p2 switch 4\n>p1 move voltswitch\n>p2 move dragondance\n>p1 switch 5\n>p1 move crunch\n>p2 move dragondarts\n>p2 switch 5\n>p1 move toxicspikes\n>p2 move hydropump\n>p1 switch 5\n>p1 move thunderbolt\n>p2 move hydropump\n>p1 move slackoff\n>p2 move hydropump\n>p1 switch 4\n>p1 move thunder\n>p2 move hydropump\n>p2 switch 3\n>p1 move originpulse\n>p2 move thunderbolt terastallize\n>p1 switch 3\n>p1 move dragondance\n>p2 switch 6\n>p1 move earthquake\n>p2 move focusblast\n>p1 switch 6\n>p1 move surf\n>p2 move focusblast\n>p2 switch 6\n>p1 move roost terastallize\n>p2 move triattack\n>p1 move surf\n>p2 move triattack\n>p1 move roost\n>p2 move triattack", "uploadtime": 1781443058, "views": 4, "formatid": "gen9randombattle", "rating": null, "private": 0, "password": null}