{"id": "gen9randombattle-2631776999", "format": "[Gen 9] Random Battle", "players": ["TheAustrianOak", "fick runk"], "log": "|j|\u2606TheAustrianOak\n|j|\u2606fick runk\n|t:|1781438033\n|gametype|singles\n|player|p1|TheAustrianOak|chuck|1897\n|player|p2|fick runk|parasollady|2057\n|gen|9\n|tier|[Gen 9] Random Battle\n|rated|\n|rule|Species Clause: Limit one of each Pok\u00e9mon\n|rule|HP Percentage Mod: HP is shown in percentages\n|rule|Sleep Clause Mod: Limit one foe put to sleep\n|rule|Illusion Level Mod: Illusion disguises the Pok\u00e9mon's true level\n|\n|t:|1781438033\n|teamsize|p1|6\n|teamsize|p2|6\n|start\n|switch|p1a: Grumpig|Grumpig, L92, F|297/297\n|switch|p2a: Deoxys|Deoxys-Attack, L72|191/191\n|-ability|p2a: Deoxys|Pressure\n|turn|1\n|inactive|Battle timer is ON: inactive players will automatically lose when time's up. (requested by fick runk)\n|\n|t:|1781438046\n|switch|p2a: Cacturne|Cacturne, L92, F|278/278\n|move|p1a: Grumpig|Shadow Ball|p2a: Cacturne\n|-resisted|p2a: Cacturne\n|-damage|p2a: Cacturne|237/278\n|\n|upkeep\n|turn|2\n|\n|t:|1781438053\n|switch|p1a: Cobalion|Cobalion, L80|277/277\n|move|p2a: Cacturne|Knock Off|p1a: Cobalion\n|-resisted|p1a: Cobalion\n|-damage|p1a: Cobalion|203/277\n|-ability|p1a: Cobalion|Justified|boost\n|-boost|p1a: Cobalion|atk|1\n|-enditem|p1a: Cobalion|Leftovers|[from] move: Knock Off|[of] p2a: Cacturne\n|-damage|p2a: Cacturne|210/278|[from] item: Life Orb\n|\n|upkeep\n|turn|3\n|\n|t:|1781438059\n|switch|p2a: Deoxys|Deoxys-Attack, L72|191/191\n|-ability|p2a: Deoxys|Pressure\n|move|p1a: Cobalion|Calm Mind|p1a: Cobalion\n|-boost|p1a: Cobalion|spa|1\n|-boost|p1a: Cobalion|spd|1\n|\n|upkeep\n|turn|4\n|\n|t:|1781438065\n|move|p2a: Deoxys|Superpower|p1a: Cobalion\n|-supereffective|p1a: Cobalion\n|-damage|p1a: Cobalion|0 fnt\n|-unboost|p2a: Deoxys|atk|1\n|-unboost|p2a: Deoxys|def|1\n|faint|p1a: Cobalion\n|-damage|p2a: Deoxys|172/191|[from] item: Life Orb\n|\n|upkeep\n|\n|t:|1781438074\n|switch|p1a: Comfey|Comfey, L85, F|225/225\n|turn|5\n|\n|t:|1781438093\n|switch|p2a: Grumpig|Grumpig, L92, F|297/297\n|move|p1a: Comfey|Calm Mind|p1a: Comfey\n|-boost|p1a: Comfey|spa|1\n|-boost|p1a: Comfey|spd|1\n|\n|upkeep\n|turn|6\n|\n|t:|1781438099\n|move|p1a: Comfey|Calm Mind|p1a: Comfey\n|-boost|p1a: Comfey|spa|1\n|-boost|p1a: Comfey|spd|1\n|move|p2a: Grumpig|Nasty Plot|p2a: Grumpig\n|-boost|p2a: Grumpig|spa|2\n|\n|upkeep\n|turn|7\n|\n|t:|1781438104\n|move|p1a: Comfey|Calm Mind|p1a: Comfey\n|-boost|p1a: Comfey|spa|1\n|-boost|p1a: Comfey|spd|1\n|move|p2a: Grumpig|Nasty Plot|p2a: Grumpig\n|-boost|p2a: Grumpig|spa|2\n|\n|upkeep\n|turn|8\n|\n|t:|1781438114\n|move|p1a: Comfey|Stored Power|p2a: Grumpig\n|-resisted|p2a: Grumpig\n|-damage|p2a: Grumpig|207/297\n|move|p2a: Grumpig|Psychic|p1a: Comfey\n|-damage|p1a: Comfey|111/225\n|\n|-heal|p1a: Comfey|125/225|[from] item: Leftovers\n|-heal|p2a: Grumpig|225/297|[from] item: Leftovers\n|upkeep\n|turn|9\n|\n|t:|1781438120\n|move|p1a: Comfey|Draining Kiss|p2a: Grumpig\n|-damage|p2a: Grumpig|140/297\n|-heal|p1a: Comfey|189/225|[from] drain|[of] p2a: Grumpig\n|move|p2a: Grumpig|Psychic|p1a: Comfey\n|-damage|p1a: Comfey|78/225\n|\n|-heal|p1a: Comfey|92/225|[from] item: Leftovers\n|-heal|p2a: Grumpig|158/297|[from] item: Leftovers\n|upkeep\n|turn|10\n|\n|t:|1781438126\n|move|p1a: Comfey|Draining Kiss|p2a: Grumpig\n|-damage|p2a: Grumpig|61/297\n|-heal|p1a: Comfey|165/225|[from] drain|[of] p2a: Grumpig\n|move|p2a: Grumpig|Psychic|p1a: Comfey\n|-damage|p1a: Comfey|50/225\n|\n|-heal|p1a: Comfey|64/225|[from] item: Leftovers\n|-heal|p2a: Grumpig|79/297|[from] item: Leftovers\n|upkeep\n|turn|11\n|\n|t:|1781438132\n|move|p1a: Comfey|Draining Kiss|p2a: Grumpig\n|-damage|p2a: Grumpig|0 fnt\n|-heal|p1a: Comfey|123/225|[from] drain|[of] p2a: Grumpig\n|faint|p2a: Grumpig\n|\n|-heal|p1a: Comfey|137/225|[from] item: Leftovers\n|upkeep\n|\n|t:|1781438154\n|switch|p2a: Cetitan|Cetitan, L82, F|413/413\n|turn|12\n|\n|t:|1781438163\n|move|p1a: Comfey|Draining Kiss|p2a: Cetitan\n|-damage|p2a: Cetitan|241/413\n|-heal|p1a: Comfey|225/225|[from] drain|[of] p2a: Cetitan\n|move|p2a: Cetitan|Icicle Crash|p1a: Comfey\n|-damage|p1a: Comfey|72/225\n|\n|-heal|p1a: Comfey|86/225|[from] item: Leftovers\n|upkeep\n|turn|13\n|\n|t:|1781438169\n|move|p1a: Comfey|Draining Kiss|p2a: Cetitan\n|-damage|p2a: Cetitan|67/413\n|-heal|p1a: Comfey|217/225|[from] drain|[of] p2a: Cetitan\n|move|p2a: Cetitan|Icicle Crash|p1a: Comfey|[miss]\n|-miss|p2a: Cetitan|p1a: Comfey\n|\n|-heal|p1a: Comfey|225/225|[from] item: Leftovers\n|upkeep\n|turn|14\n|l|\u2606fick runk\n|inactive|fick runk disconnected and has a minute to reconnect!\n|player|p2|\n|inactive|fick runk has 30 seconds to reconnect!\n|inactive|fick runk has 20 seconds to reconnect!\n|inactive|fick runk has 15 seconds to reconnect!\n|inactive|fick runk has 10 seconds to reconnect!\n|inactive|fick runk has 5 seconds to reconnect!\n|-message|fick runk lost due to inactivity.\n|\n|win|TheAustrianOak\n|raw|TheAustrianOak's rating: 1897 &rarr; <strong>1926</strong><br />(+29 for winning)\n|raw|fick runk's rating: 2057 &rarr; <strong>2028</strong><br />(-29 for losing)\n", "inputlog": ">version a8376a258c1d4662feba110a92103f3664a72141\n>start {\"formatid\":\"gen9randombattle\",\"seed\":\"sodium,2512e0dbbd9f25074b3f5148152efe0f\",\"rated\":\"Rated battle\"}\n>player p1 {\"name\":\"TheAustrianOak\",\"avatar\":\"chuck\",\"rating\":1897,\"seed\":\"sodium,1c4889da456e225e495721a264f23363\"}\n>player p2 {\"name\":\"fick runk\",\"avatar\":\"parasollady\",\"rating\":2057,\"seed\":\"sodium,48925d50776cfc1085d312fa616f2aff\"}\n>p1 move shadowball\n>p2 switch 4\n>p1 switch 2\n>p2 move knockoff\n>p1 move calmmind\n>p2 switch 4\n>p1 move flashcannon\n>p2 move superpower\n>p1 switch 3\n>p1 move calmmind\n>p2 switch 3\n>p1 move calmmind\n>p2 move nastyplot\n>p1 move calmmind\n>p2 move nastyplot\n>p1 move storedpower\n>p2 move psychic\n>p1 move drainingkiss\n>p2 move psychic\n>p1 move drainingkiss\n>p2 move psychic\n>p1 move drainingkiss\n>p2 move psychic\n>p2 switch 6\n>p1 move drainingkiss\n>p2 move iciclecrash\n>p1 move drainingkiss\n>p2 move iciclecrash\n>forcelose p2", "uploadtime": 1781438239, "views": 7, "formatid": "gen9randombattle", "rating": 1926, "private": 0, "password": null}