{"id": "gen9randombattle-2631995854", "format": "[Gen 9] Random Battle", "players": ["sonicteamrocket", "efalunt"], "log": "|j|\u203dsonicteamrocket\n|j|\u2606efalunt\n|t:|1781464028\n|gametype|singles\n|player|p1|sonicteamrocket|rocketgrunt|2099\n|player|p2|efalunt|supernerd|2135\n|gen|9\n|tier|[Gen 9] Random Battle\n|rated|\n|rule|Species Clause: Limit one of each Pok\u00e9mon\n|rule|HP Percentage Mod: HP is shown in percentages\n|rule|Sleep Clause Mod: Limit one foe put to sleep\n|rule|Illusion Level Mod: Illusion disguises the Pok\u00e9mon's true level\n|\n|t:|1781464028\n|teamsize|p1|6\n|teamsize|p2|6\n|start\n|switch|p1a: Mamoswine|Mamoswine, L81, M|311/311\n|switch|p2a: Scrafty|Scrafty, L83, M|244/244\n|-ability|p2a: Scrafty|Intimidate|boost\n|-unboost|p1a: Mamoswine|atk|1\n|turn|1\n|inactive|Battle timer is ON: inactive players will automatically lose when time's up. (requested by efalunt)\n|\n|t:|1781464048\n|move|p1a: Mamoswine|Earthquake|p2a: Scrafty\n|-damage|p2a: Scrafty|135/244\n|move|p2a: Scrafty|Dragon Dance|p2a: Scrafty\n|-boost|p2a: Scrafty|atk|1\n|-boost|p2a: Scrafty|spe|1\n|\n|-heal|p2a: Scrafty|150/244|[from] item: Leftovers\n|upkeep\n|turn|2\n|\n|t:|1781464053\n|switch|p1a: Froslass|Froslass, L87, F|263/263\n|move|p2a: Scrafty|Dragon Dance|p2a: Scrafty\n|-boost|p2a: Scrafty|atk|1\n|-boost|p2a: Scrafty|spe|1\n|\n|-heal|p2a: Scrafty|165/244|[from] item: Leftovers\n|upkeep\n|turn|3\n|\n|t:|1781464060\n|switch|p1a: Lokix|Lokix, L82, M|251/251\n|move|p2a: Scrafty|Knock Off|p1a: Lokix\n|-resisted|p1a: Lokix\n|-damage|p1a: Lokix|152/251\n|-enditem|p1a: Lokix|Life Orb|[from] move: Knock Off|[of] p2a: Scrafty\n|\n|-heal|p2a: Scrafty|180/244|[from] item: Leftovers\n|upkeep\n|turn|4\n|\n|t:|1781464064\n|-terastallize|p1a: Lokix|Bug\n|move|p1a: Lokix|First Impression|p2a: Scrafty\n|-damage|p2a: Scrafty|76/244\n|move|p2a: Scrafty|Drain Punch|p1a: Lokix\n|-resisted|p1a: Lokix\n|-damage|p1a: Lokix|65/251\n|-heal|p2a: Scrafty|120/244|[from] drain|[of] p1a: Lokix\n|\n|-heal|p2a: Scrafty|135/244|[from] item: Leftovers\n|upkeep\n|turn|5\n|\n|t:|1781464078\n|move|p2a: Scrafty|Knock Off|p1a: Lokix\n|-damage|p1a: Lokix|0 fnt\n|faint|p1a: Lokix\n|\n|-heal|p2a: Scrafty|150/244|[from] item: Leftovers\n|upkeep\n|\n|t:|1781464081\n|switch|p1a: Regieleki|Regieleki, L79|256/256\n|turn|6\n|\n|t:|1781464088\n|move|p1a: Regieleki|Explosion|p2a: Scrafty\n|-damage|p2a: Scrafty|20/244\n|faint|p1a: Regieleki\n|move|p2a: Scrafty|Drain Punch|p1: Regieleki|[notarget]\n|-fail|p2a: Scrafty\n|\n|-heal|p2a: Scrafty|35/244|[from] item: Leftovers\n|upkeep\n|\n|t:|1781464091\n|switch|p1a: Mamoswine|Mamoswine, L81, M|311/311\n|turn|7\n|\n|t:|1781464096\n|move|p1a: Mamoswine|Ice Shard|p2a: Scrafty\n|-damage|p2a: Scrafty|0 fnt\n|faint|p2a: Scrafty\n|\n|upkeep\n|\n|t:|1781464102\n|switch|p2a: Bronzong|Bronzong, L88|261/261\n|turn|8\n|\n|t:|1781464106\n|switch|p1a: Cyclizar|Cyclizar, L83, M|252/252\n|move|p2a: Bronzong|Iron Defense|p2a: Bronzong\n|-boost|p2a: Bronzong|def|2\n|\n|upkeep\n|turn|9\n|\n|t:|1781464111\n|move|p1a: Cyclizar|Shed Tail|p1a: Cyclizar\n|-start|p1a: Cyclizar|Substitute|[from] move: Shed Tail\n|-damage|p1a: Cyclizar|126/252\n|\n|t:|1781464112\n|switch|p1a: Froslass|Froslass, L87, F|263/263|[from] Shed Tail\n|move|p2a: Bronzong|Iron Head|p1a: Froslass\n|-supereffective|p1a: Froslass\n|-end|p1a: Froslass|Substitute\n|\n|upkeep\n|turn|10\n|\n|t:|1781464115\n|move|p1a: Froslass|Will-O-Wisp|p2a: Bronzong\n|-status|p2a: Bronzong|brn\n|move|p2a: Bronzong|Iron Head|p1a: Froslass\n|-supereffective|p1a: Froslass\n|-damage|p1a: Froslass|163/263\n|-start|p2a: Bronzong|Disable|Iron Head|[from] ability: Cursed Body|[of] p1a: Froslass\n|\n|-damage|p2a: Bronzong|245/261 brn|[from] brn\n|upkeep\n|turn|11\n|\n|t:|1781464121\n|move|p1a: Froslass|Poltergeist|p2a: Bronzong\n|-activate|p2a: Bronzong|move: Poltergeist|Chesto Berry\n|-supereffective|p2a: Bronzong\n|-damage|p2a: Bronzong|155/261 brn\n|move|p2a: Bronzong|Iron Defense|p2a: Bronzong\n|-boost|p2a: Bronzong|def|2\n|\n|-damage|p2a: Bronzong|139/261 brn|[from] brn\n|upkeep\n|turn|12\n|\n|t:|1781464130\n|move|p1a: Froslass|Poltergeist|p2a: Bronzong\n|-activate|p2a: Bronzong|move: Poltergeist|Chesto Berry\n|-supereffective|p2a: Bronzong\n|-crit|p2a: Bronzong\n|-damage|p2a: Bronzong|0 fnt\n|faint|p2a: Bronzong\n|\n|upkeep\n|\n|t:|1781464142\n|switch|p2a: Piloswine|Piloswine, L85, F|309/309\n|turn|13\n|\n|t:|1781464145\n|move|p1a: Froslass|Will-O-Wisp|p2a: Piloswine\n|-status|p2a: Piloswine|brn\n|move|p2a: Piloswine|Earthquake|p1a: Froslass\n|-damage|p1a: Froslass|100/263\n|\n|-damage|p2a: Piloswine|290/309 brn|[from] brn\n|upkeep\n|turn|14\n|\n|t:|1781464148\n|switch|p1a: Ludicolo|Ludicolo, L90, M|290/290\n|move|p2a: Piloswine|Earthquake|p1a: Ludicolo\n|-resisted|p1a: Ludicolo\n|-damage|p1a: Ludicolo|259/290\n|\n|-damage|p2a: Piloswine|271/309 brn|[from] brn\n|upkeep\n|turn|15\n|\n|t:|1781464150\n|move|p1a: Ludicolo|Rain Dance|p1a: Ludicolo\n|-weather|RainDance\n|move|p2a: Piloswine|Icicle Crash|p1a: Ludicolo\n|-damage|p1a: Ludicolo|205/290\n|\n|-weather|RainDance|[upkeep]\n|-damage|p2a: Piloswine|252/309 brn|[from] brn\n|upkeep\n|turn|16\n|\n|t:|1781464152\n|move|p1a: Ludicolo|Giga Drain|p2a: Piloswine\n|-supereffective|p2a: Piloswine\n|-damage|p2a: Piloswine|70/309 brn\n|-heal|p1a: Ludicolo|290/290|[from] drain|[of] p2a: Piloswine\n|-damage|p1a: Ludicolo|261/290|[from] item: Life Orb\n|move|p2a: Piloswine|Icicle Crash|p1a: Ludicolo\n|-damage|p1a: Ludicolo|210/290\n|\n|-weather|RainDance|[upkeep]\n|-damage|p2a: Piloswine|51/309 brn|[from] brn\n|upkeep\n|turn|17\n|\n|t:|1781464155\n|move|p1a: Ludicolo|Giga Drain|p2a: Piloswine\n|-supereffective|p2a: Piloswine\n|-damage|p2a: Piloswine|0 fnt\n|-heal|p1a: Ludicolo|236/290|[from] drain|[of] p2a: Piloswine\n|faint|p2a: Piloswine\n|-damage|p1a: Ludicolo|207/290|[from] item: Life Orb\n|\n|-weather|RainDance|[upkeep]\n|upkeep\n|\n|t:|1781464157\n|switch|p2a: Noctowl|Noctowl, L95, M|344/344\n|turn|18\n|\n|t:|1781464163\n|move|p1a: Ludicolo|Hydro Pump|p2a: Noctowl\n|-damage|p2a: Noctowl|149/344\n|-damage|p1a: Ludicolo|178/290|[from] item: Life Orb\n|move|p2a: Noctowl|Hurricane|p1a: Ludicolo\n|-supereffective|p1a: Ludicolo\n|-damage|p1a: Ludicolo|0 fnt\n|faint|p1a: Ludicolo\n|\n|-weather|RainDance|[upkeep]\n|upkeep\n|\n|t:|1781464167\n|switch|p1a: Mamoswine|Mamoswine, L81, M|311/311\n|turn|19\n|\n|t:|1781464173\n|move|p1a: Mamoswine|Ice Shard|p2a: Noctowl\n|-supereffective|p2a: Noctowl\n|-damage|p2a: Noctowl|0 fnt\n|faint|p2a: Noctowl\n|\n|-weather|none\n|upkeep\n|\n|t:|1781464175\n|switch|p2a: Arceus|Arceus-Ice, L72|291/291\n|turn|20\n|\n|t:|1781464180\n|switch|p1a: Cyclizar|Cyclizar, L83, M|210/252\n|move|p2a: Arceus|Calm Mind|p2a: Arceus\n|-boost|p2a: Arceus|spa|1\n|-boost|p2a: Arceus|spd|1\n|\n|upkeep\n|turn|21\n|\n|t:|1781464189\n|move|p1a: Cyclizar|Shed Tail|p1a: Cyclizar\n|-start|p1a: Cyclizar|Substitute|[from] move: Shed Tail\n|-damage|p1a: Cyclizar|84/252\n|\n|t:|1781464191\n|switch|p1a: Mamoswine|Mamoswine, L81, M|311/311|[from] Shed Tail\n|move|p2a: Arceus|Judgment|p1a: Mamoswine\n|-end|p1a: Mamoswine|Substitute\n|\n|upkeep\n|turn|22\n|\n|t:|1781464193\n|move|p2a: Arceus|Judgment|p1a: Mamoswine\n|-damage|p1a: Mamoswine|188/311\n|move|p1a: Mamoswine|Earthquake|p2a: Arceus\n|-damage|p2a: Arceus|110/291\n|\n|upkeep\n|turn|23\n|\n|t:|1781464201\n|move|p2a: Arceus|Judgment|p1a: Mamoswine\n|-damage|p1a: Mamoswine|68/311\n|move|p1a: Mamoswine|Earthquake|p2a: Arceus\n|-damage|p2a: Arceus|0 fnt\n|faint|p2a: Arceus\n|\n|upkeep\n|\n|t:|1781464204\n|switch|p2a: Sandy Shocks|Sandy Shocks, L80|267/267\n|turn|24\n|\n|t:|1781464208\n|switch|p1a: Cyclizar|Cyclizar, L83, M|168/252\n|move|p2a: Sandy Shocks|Earth Power|p1a: Cyclizar\n|-damage|p1a: Cyclizar|38/252\n|\n|upkeep\n|turn|25\n|\n|t:|1781464216\n|move|p1a: Cyclizar|Draco Meteor|p2a: Sandy Shocks\n|-damage|p2a: Sandy Shocks|125/267\n|-unboost|p1a: Cyclizar|spa|2\n|move|p2a: Sandy Shocks|Earth Power|p1a: Cyclizar\n|-damage|p1a: Cyclizar|0 fnt\n|faint|p1a: Cyclizar\n|\n|-heal|p2a: Sandy Shocks|141/267|[from] item: Leftovers\n|upkeep\n|\n|t:|1781464224\n|switch|p1a: Mamoswine|Mamoswine, L81, M|68/311\n|turn|26\n|\n|t:|1781464228\n|move|p1a: Mamoswine|Ice Shard|p2a: Sandy Shocks\n|-supereffective|p2a: Sandy Shocks\n|-damage|p2a: Sandy Shocks|3/267\n|move|p2a: Sandy Shocks|Earth Power|p1a: Mamoswine\n|-damage|p1a: Mamoswine|0 fnt\n|faint|p1a: Mamoswine\n|\n|-heal|p2a: Sandy Shocks|19/267|[from] item: Leftovers\n|upkeep\n|\n|t:|1781464230\n|switch|p1a: Froslass|Froslass, L87, F|100/263\n|turn|27\n|\n|t:|1781464236\n|move|p1a: Froslass|Triple Axel|p2a: Sandy Shocks\n|-supereffective|p2a: Sandy Shocks\n|-damage|p2a: Sandy Shocks|0 fnt\n|faint|p2a: Sandy Shocks\n|-end|p2a: Sandy Shocks|Protosynthesis|[silent]\n|-hitcount|p2: Sandy Shocks|1\n|\n|win|sonicteamrocket\n", "inputlog": ">version a8376a258c1d4662feba110a92103f3664a72141\n>start {\"formatid\":\"gen9randombattle\",\"seed\":\"sodium,196200c2363c763a557053a37279067b\",\"rated\":\"Rated battle\"}\n>player p1 {\"name\":\"sonicteamrocket\",\"avatar\":\"rocketgrunt\",\"rating\":2099,\"seed\":\"sodium,58908f715500d77811361a651a7b8076\"}\n>player p2 {\"name\":\"efalunt\",\"avatar\":\"supernerd\",\"rating\":2135,\"seed\":\"sodium,62f61add3f50850fcbcf1b7c3c326c5e\"}\n>p1 move earthquake\n>p2 move dragondance\n>p1 switch 4\n>p2 move dragondance\n>p1 switch 3\n>p2 move knockoff\n>p1 move firstimpression terastallize\n>p2 move drainpunch\n>p1 move leechlife\n>p2 move knockoff\n>p1 switch 6\n>p1 move explosion\n>p2 move drainpunch\n>p1 switch 4\n>p1 move iceshard\n>p2 move drainpunch\n>p2 switch 5\n>p1 switch 2\n>p2 move irondefense\n>p1 move shedtail\n>p2 move ironhead\n>p1 switch 3\n>p1 move willowisp\n>p2 move ironhead\n>p1 move poltergeist\n>p2 move irondefense\n>p1 move poltergeist\n>p2 move irondefense\n>p2 switch 2\n>p1 move willowisp\n>p2 move earthquake\n>p1 switch 5\n>p2 move earthquake\n>p1 move raindance\n>p2 move iciclecrash\n>p1 move gigadrain\n>p2 move iciclecrash\n>p1 move gigadrain\n>p2 move roar\n>p2 switch 6\n>p1 move hydropump\n>p2 move hurricane\n>p1 switch 2\n>p1 move iceshard\n>p2 move hurricane\n>p2 switch 4\n>p1 switch 3\n>p2 move calmmind\n>p1 move shedtail\n>p2 move judgment\n>p1 switch 3\n>p1 move earthquake\n>p2 move judgment\n>p1 move earthquake\n>p2 move judgment\n>p2 switch 3\n>p1 switch 3\n>p2 move earthpower\n>p1 move dracometeor\n>p2 move earthpower\n>p1 switch 3\n>p1 move iceshard\n>p2 move earthpower\n>p1 switch 5\n>p1 move tripleaxel\n>p2 move earthpower", "uploadtime": 1781464030, "views": 6, "formatid": "gen9randombattle", "rating": null, "private": 0, "password": null}