{"id": "gen9randombattle-2631845995", "format": "[Gen 9] Random Battle", "players": ["Red Skies", "SaberTB"], "log": "|j|\u2606Red Skies\n|j|\u2606SaberTB\n|t:|1781447487\n|gametype|singles\n|player|p1|Red Skies|n|2149\n|player|p2|SaberTB|102|2181\n|gen|9\n|tier|[Gen 9] Random Battle\n|rated|\n|rule|Species Clause: Limit one of each Pok\u00e9mon\n|rule|HP Percentage Mod: HP is shown in percentages\n|rule|Sleep Clause Mod: Limit one foe put to sleep\n|rule|Illusion Level Mod: Illusion disguises the Pok\u00e9mon's true level\n|\n|t:|1781447487\n|teamsize|p1|6\n|teamsize|p2|6\n|start\n|switch|p1a: Cinderace|Cinderace, L77, F|249/249\n|switch|p2a: Darkrai|Darkrai, L77|234/234\n|turn|1\n|inactive|Battle timer is ON: inactive players will automatically lose when time's up. (requested by SaberTB)\n|\n|t:|1781447515\n|move|p2a: Darkrai|Substitute|p2a: Darkrai\n|-start|p2a: Darkrai|Substitute\n|-damage|p2a: Darkrai|176/234\n|move|p1a: Cinderace|U-turn|p2a: Darkrai\n|-start|p1a: Cinderace|typechange|Bug|[from] ability: Libero\n|-supereffective|p2a: Darkrai\n|-end|p2a: Darkrai|Substitute\n|\n|t:|1781447531\n|switch|p1a: Cramorant|Cramorant, L86, F|261/261|[from] U-turn\n|\n|-heal|p2a: Darkrai|190/234|[from] item: Leftovers\n|upkeep\n|turn|2\n|\n|t:|1781447557\n|move|p2a: Darkrai|Dark Pulse|p1a: Cramorant\n|-damage|p1a: Cramorant|182/261\n|move|p1a: Cramorant|Surf|p2a: Darkrai\n|-formechange|p1a: Cramorant|Cramorant-Gulping|\n|-damage|p2a: Darkrai|91/234\n|\n|-heal|p2a: Darkrai|105/234|[from] item: Leftovers\n|upkeep\n|turn|3\n|\n|t:|1781447569\n|switch|p2a: Fezandipiti|Fezandipiti, L82, M|278/278\n|move|p1a: Cramorant|Surf|p2a: Fezandipiti\n|-damage|p2a: Fezandipiti|203/278\n|\n|-heal|p2a: Fezandipiti|220/278|[from] item: Leftovers\n|upkeep\n|turn|4\n|\n|t:|1781447577\n|move|p2a: Fezandipiti|Gunk Shot|p1a: Cramorant|[miss]\n|-miss|p2a: Fezandipiti|p1a: Cramorant\n|move|p1a: Cramorant|Brave Bird|p2a: Fezandipiti\n|-damage|p2a: Fezandipiti|94/278\n|-damage|p1a: Cramorant|140/261|[from] Recoil\n|\n|-heal|p2a: Fezandipiti|111/278|[from] item: Leftovers\n|upkeep\n|turn|5\n|\n|t:|1781447582\n|move|p2a: Fezandipiti|Roost|p2a: Fezandipiti\n|-heal|p2a: Fezandipiti|250/278\n|-singleturn|p2a: Fezandipiti|move: Roost\n|move|p1a: Cramorant|Roost|p1a: Cramorant\n|-heal|p1a: Cramorant|261/261\n|-singleturn|p1a: Cramorant|move: Roost\n|\n|-heal|p2a: Fezandipiti|267/278|[from] item: Leftovers\n|upkeep\n|turn|6\n|\n|t:|1781447584\n|move|p2a: Fezandipiti|Gunk Shot|p1a: Cramorant\n|-damage|p1a: Cramorant|102/261\n|-damage|p2a: Fezandipiti|198/278|[from] ability: Gulp Missile|[of] p1a: Cramorant\n|-unboost|p2a: Fezandipiti|def|1\n|-formechange|p1a: Cramorant|Cramorant|\n|-status|p1a: Cramorant|tox|[from] ability: Toxic Chain|[of] p2a: Fezandipiti\n|move|p1a: Cramorant|Brave Bird|p2a: Fezandipiti\n|-damage|p2a: Fezandipiti|20/278\n|-damage|p1a: Cramorant|43/261 tox|[from] Recoil\n|\n|-heal|p2a: Fezandipiti|37/278|[from] item: Leftovers\n|-damage|p1a: Cramorant|27/261 tox|[from] psn\n|upkeep\n|turn|7\n|\n|t:|1781447596\n|move|p2a: Fezandipiti|Moonblast|p1a: Cramorant\n|-damage|p1a: Cramorant|0 fnt\n|faint|p1a: Cramorant\n|\n|-heal|p2a: Fezandipiti|54/278|[from] item: Leftovers\n|upkeep\n|\n|t:|1781447604\n|switch|p1a: Cinderace|Cinderace, L77, F|249/249\n|turn|8\n|\n|t:|1781447633\n|move|p1a: Cinderace|Pyro Ball|p2a: Fezandipiti\n|-damage|p2a: Fezandipiti|0 fnt\n|faint|p2a: Fezandipiti\n|\n|upkeep\n|\n|t:|1781447635\n|switch|p2a: Inteleon|Inteleon, L81, F|246/246\n|turn|9\n|\n|t:|1781447647\n|switch|p1a: Latias|Latias, L79, F|256/256\n|move|p2a: Inteleon|U-turn|p1a: Latias\n|-supereffective|p1a: Latias\n|-damage|p1a: Latias|166/256\n|\n|t:|1781447652\n|switch|p2a: Darkrai|Darkrai, L77|105/234|[from] U-turn\n|\n|-heal|p2a: Darkrai|119/234|[from] item: Leftovers\n|upkeep\n|turn|10\n|\n|t:|1781447659\n|switch|p1a: Cinderace|Cinderace, L77, F|249/249\n|move|p2a: Darkrai|Dark Pulse|p1a: Cinderace\n|-damage|p1a: Cinderace|141/249\n|\n|-heal|p2a: Darkrai|133/234|[from] item: Leftovers\n|upkeep\n|turn|11\n|\n|t:|1781447662\n|move|p2a: Darkrai|Substitute|p2a: Darkrai\n|-start|p2a: Darkrai|Substitute\n|-damage|p2a: Darkrai|75/234\n|move|p1a: Cinderace|U-turn|p2a: Darkrai\n|-start|p1a: Cinderace|typechange|Bug|[from] ability: Libero\n|-supereffective|p2a: Darkrai\n|-end|p2a: Darkrai|Substitute\n|\n|t:|1781447673\n|switch|p1a: Iron Moth|Iron Moth, L78|253/253|[from] U-turn\n|\n|-heal|p2a: Darkrai|89/234|[from] item: Leftovers\n|upkeep\n|turn|12\n|\n|t:|1781447679\n|switch|p2a: Inteleon|Inteleon, L81, F|246/246\n|move|p1a: Iron Moth|Toxic Spikes|p2a: Inteleon\n|-sidestart|p2: SaberTB|move: Toxic Spikes\n|\n|upkeep\n|turn|13\n|\n|t:|1781447686\n|-end|p1a: Iron Moth|Quark Drive|[silent]\n|switch|p1a: Ludicolo|Ludicolo, L90, F|290/290\n|move|p2a: Inteleon|Scald|p1a: Ludicolo\n|-resisted|p1a: Ludicolo\n|-damage|p1a: Ludicolo|260/290\n|\n|upkeep\n|turn|14\n|\n|t:|1781447693\n|switch|p2a: Oricorio|Oricorio-Pa'u, L87, M|272/272\n|move|p1a: Ludicolo|Rain Dance|p1a: Ludicolo\n|-weather|RainDance\n|\n|-weather|RainDance|[upkeep]\n|upkeep\n|turn|15\n|\n|t:|1781447696\n|move|p1a: Ludicolo|Ice Beam|p2a: Oricorio\n|-supereffective|p2a: Oricorio\n|-damage|p2a: Oricorio|74/272\n|-damage|p1a: Ludicolo|231/290|[from] item: Life Orb\n|move|p2a: Oricorio|Quiver Dance|p2a: Oricorio\n|-boost|p2a: Oricorio|spa|1\n|-boost|p2a: Oricorio|spd|1\n|-boost|p2a: Oricorio|spe|1\n|\n|-weather|RainDance|[upkeep]\n|upkeep\n|turn|16\n|\n|t:|1781447705\n|-terastallize|p2a: Oricorio|Fighting\n|move|p1a: Ludicolo|Hydro Pump|p2a: Oricorio\n|-damage|p2a: Oricorio|0 fnt\n|faint|p2a: Oricorio\n|-damage|p1a: Ludicolo|202/290|[from] item: Life Orb\n|\n|-weather|RainDance|[upkeep]\n|upkeep\n|-message|SaberTB forfeited.\n|\n|win|Red Skies\n", "inputlog": ">version a8376a258c1d4662feba110a92103f3664a72141\n>start {\"formatid\":\"gen9randombattle\",\"seed\":\"sodium,9e62e7d6ab5feefc821488537c2f3e54\",\"rated\":\"Rated battle\"}\n>player p1 {\"name\":\"Red Skies\",\"avatar\":\"n\",\"rating\":2149,\"seed\":\"sodium,f902b8bcbd392a494cf81585a25e0e55\"}\n>player p2 {\"name\":\"SaberTB\",\"avatar\":\"102\",\"rating\":2181,\"seed\":\"sodium,8354afbe8e30be0e7aaea52368c09287\"}\n>p1 move uturn\n>p2 move substitute\n>p1 switch 4\n>p1 move surf\n>p2 move darkpulse\n>p1 move surf\n>p2 switch 2\n>p1 move bravebird\n>p2 move gunkshot\n>p1 move roost\n>p2 move roost\n>p1 move bravebird\n>p2 move gunkshot\n>p1 move bravebird\n>p2 move moonblast\n>p1 switch 4\n>p1 move pyroball\n>p2 move roost\n>p2 switch 3\n>p1 switch 5\n>p2 move uturn\n>p2 switch 2\n>p1 switch 5\n>p2 move darkpulse\n>p1 move uturn\n>p2 move substitute\n>p1 switch 2\n>p1 move toxicspikes\n>p2 switch 2\n>p1 switch 3\n>p2 move scald\n>p1 move raindance\n>p2 switch 6\n>p1 move icebeam\n>p2 move quiverdance\n>p1 move hydropump\n>p2 move roost terastallize\n>forcelose p2", "uploadtime": 1781447489, "views": 5, "formatid": "gen9randombattle", "rating": null, "private": 0, "password": null}