{"id": "gen9randombattle-2631902034", "format": "[Gen 9] Random Battle", "players": ["silcho", "ogtru"], "log": "|j|\u2606silcho\n|j|\u2606ogtru\n|t:|1781453769\n|gametype|singles\n|player|p1|silcho|steven|1520\n|player|p2|ogtru|265|1532\n|gen|9\n|tier|[Gen 9] Random Battle\n|rated|\n|rule|Species Clause: Limit one of each Pok\u00e9mon\n|rule|HP Percentage Mod: HP is shown in percentages\n|rule|Sleep Clause Mod: Limit one foe put to sleep\n|rule|Illusion Level Mod: Illusion disguises the Pok\u00e9mon's true level\n|\n|t:|1781453769\n|teamsize|p1|6\n|teamsize|p2|6\n|start\n|switch|p1a: Cloyster|Cloyster, L80, M|211/211\n|switch|p2a: Cloyster|Cloyster, L80, F|211/211\n|turn|1\n|\n|t:|1781453781\n|switch|p1a: Hypno|Hypno, L95, F|315/315\n|move|p2a: Cloyster|Shell Smash|p2a: Cloyster\n|-unboost|p2a: Cloyster|def|1\n|-unboost|p2a: Cloyster|spd|1\n|-boost|p2a: Cloyster|atk|2\n|-boost|p2a: Cloyster|spa|2\n|-boost|p2a: Cloyster|spe|2\n|-enditem|p2a: Cloyster|White Herb\n|-clearnegativeboost|p2a: Cloyster|[silent]\n|\n|upkeep\n|turn|2\n|\n|t:|1781453785\n|move|p2a: Cloyster|Icicle Spear|p1a: Hypno\n|-damage|p1a: Hypno|264/315\n|-damage|p1a: Hypno|209/315\n|-damage|p1a: Hypno|161/315\n|-damage|p1a: Hypno|110/315\n|-damage|p1a: Hypno|58/315\n|-hitcount|p1a: Hypno|5\n|move|p1a: Hypno|Thunder Wave|p2a: Cloyster\n|-status|p2a: Cloyster|par\n|\n|-heal|p1a: Hypno|77/315|[from] item: Leftovers\n|upkeep\n|turn|3\n|\n|t:|1781453792\n|move|p1a: Hypno|Psychic Noise|p2a: Cloyster\n|-damage|p2a: Cloyster|63/211 par\n|-start|p2a: Cloyster|move: Heal Block\n|move|p2a: Cloyster|Icicle Spear|p1a: Hypno\n|-damage|p1a: Hypno|28/315\n|-damage|p1a: Hypno|0 fnt\n|faint|p1a: Hypno\n|-hitcount|p1: Hypno|2\n|\n|upkeep\n|\n|t:|1781453798\n|switch|p1a: Zapdos|Zapdos, L78|268/268\n|turn|4\n|\n|t:|1781453802\n|move|p1a: Zapdos|Hurricane|p2a: Cloyster|[miss]\n|-miss|p1a: Zapdos|p2a: Cloyster\n|move|p2a: Cloyster|Icicle Spear|p1a: Zapdos\n|-supereffective|p1a: Zapdos\n|-damage|p1a: Zapdos|160/268\n|-supereffective|p1a: Zapdos\n|-damage|p1a: Zapdos|56/268\n|-supereffective|p1a: Zapdos\n|-damage|p1a: Zapdos|0 fnt\n|faint|p1a: Zapdos\n|-hitcount|p1: Zapdos|3\n|\n|-end|p2a: Cloyster|move: Heal Block\n|upkeep\n|\n|t:|1781453812\n|switch|p1a: Ho-Oh|Ho-Oh, L71|268/268\n|turn|5\n|\n|t:|1781453815\n|move|p1a: Ho-Oh|Sacred Fire|p2a: Cloyster\n|-damage|p2a: Cloyster|3/211 par\n|cant|p2a: Cloyster|par\n|\n|upkeep\n|turn|6\n|\n|t:|1781453818\n|move|p1a: Ho-Oh|Sacred Fire|p2a: Cloyster\n|-damage|p2a: Cloyster|0 fnt\n|faint|p2a: Cloyster\n|\n|upkeep\n|\n|t:|1781453821\n|switch|p2a: Landorus|Landorus, L75, M|257/257\n|turn|7\n|\n|t:|1781453825\n|move|p2a: Landorus|Rock Slide|p1a: Ho-Oh\n|-supereffective|p1a: Ho-Oh\n|-damage|p1a: Ho-Oh|0 fnt\n|faint|p1a: Ho-Oh\n|\n|upkeep\n|\n|t:|1781453827\n|switch|p1a: Cloyster|Cloyster, L80, M|211/211\n|turn|8\n|\n|t:|1781453830\n|move|p2a: Landorus|Focus Blast|p1a: Cloyster|[miss]\n|-miss|p2a: Landorus|p1a: Cloyster\n|move|p1a: Cloyster|Shell Smash|p1a: Cloyster\n|-unboost|p1a: Cloyster|def|1\n|-unboost|p1a: Cloyster|spd|1\n|-boost|p1a: Cloyster|atk|2\n|-boost|p1a: Cloyster|spa|2\n|-boost|p1a: Cloyster|spe|2\n|-enditem|p1a: Cloyster|White Herb\n|-clearnegativeboost|p1a: Cloyster|[silent]\n|\n|upkeep\n|turn|9\n|\n|t:|1781453835\n|move|p1a: Cloyster|Icicle Spear|p2a: Landorus\n|-supereffective|p2a: Landorus\n|-damage|p2a: Landorus|49/257\n|-supereffective|p2a: Landorus\n|-damage|p2a: Landorus|0 fnt\n|faint|p2a: Landorus\n|-hitcount|p2: Landorus|2\n|\n|upkeep\n|\n|t:|1781453837\n|switch|p2a: Perrserker|Perrserker, L89, F|269/269\n|turn|10\n|\n|t:|1781453841\n|move|p1a: Cloyster|Hydro Pump|p2a: Perrserker|[miss]\n|-miss|p1a: Cloyster|p2a: Perrserker\n|move|p2a: Perrserker|Iron Head|p1a: Cloyster\n|-damage|p1a: Cloyster|108/211\n|-damage|p2a: Perrserker|243/269|[from] item: Life Orb\n|\n|upkeep\n|turn|11\n|\n|t:|1781453845\n|move|p1a: Cloyster|Hydro Pump|p2a: Perrserker\n|-damage|p2a: Perrserker|2/269\n|move|p2a: Perrserker|Iron Head|p1a: Cloyster\n|-damage|p1a: Cloyster|0 fnt\n|faint|p1a: Cloyster\n|-damage|p2a: Perrserker|0 fnt|[from] item: Life Orb\n|faint|p2a: Perrserker\n|\n|upkeep\n|\n|t:|1781453850\n|switch|p1a: Donphan|Donphan, L84, F|288/288\n|switch|p2a: Farigiraf|Farigiraf, L90, M|362/362\n|turn|12\n|\n|t:|1781453854\n|move|p2a: Farigiraf|Psychic Noise|p1a: Donphan\n|-damage|p1a: Donphan|149/288\n|-start|p1a: Donphan|move: Heal Block\n|move|p1a: Donphan|Rapid Spin|p2a: Farigiraf\n|-damage|p2a: Farigiraf|318/362\n|-boost|p1a: Donphan|spe|1\n|\n|-heal|p2a: Farigiraf|340/362|[from] item: Leftovers\n|upkeep\n|turn|13\n|\n|t:|1781453859\n|move|p1a: Donphan|Earthquake|p2a: Farigiraf\n|-damage|p2a: Farigiraf|210/362\n|move|p2a: Farigiraf|Psychic Noise|p1a: Donphan\n|-damage|p1a: Donphan|23/288\n|\n|-heal|p2a: Farigiraf|232/362|[from] item: Leftovers\n|-end|p1a: Donphan|move: Heal Block\n|upkeep\n|turn|14\n|\n|t:|1781453863\n|move|p1a: Donphan|Earthquake|p2a: Farigiraf\n|-damage|p2a: Farigiraf|99/362\n|move|p2a: Farigiraf|Psychic Noise|p1a: Donphan\n|-damage|p1a: Donphan|0 fnt\n|faint|p1a: Donphan\n|\n|-heal|p2a: Farigiraf|121/362|[from] item: Leftovers\n|upkeep\n|\n|t:|1781453866\n|switch|p1a: Dragapult|Dragapult, L77, M|262/262\n|turn|15\n|-message|silcho forfeited.\n|\n|win|ogtru\n|raw|silcho's rating: 1520 &rarr; <strong>1501</strong><br />(-19 for losing)\n|raw|ogtru's rating: 1532 &rarr; <strong>1551</strong><br />(+19 for winning)\n|l|\u2606silcho\n|player|p1|\n", "inputlog": ">version a8376a258c1d4662feba110a92103f3664a72141\n>start {\"formatid\":\"gen9randombattle\",\"seed\":\"sodium,b6b9cd5e22166e0960dcefe34647d25a\",\"rated\":\"Rated battle\"}\n>player p1 {\"name\":\"silcho\",\"avatar\":\"steven\",\"rating\":1520,\"seed\":\"sodium,12598bb35ecbbc368edb01b4238a7a95\"}\n>player p2 {\"name\":\"ogtru\",\"avatar\":\"265\",\"rating\":1532,\"seed\":\"sodium,ac6e137a04dcd78f3161a613efdb0be7\"}\n>p1 switch 5\n>p2 move shellsmash\n>p1 move thunderwave\n>p2 move iciclespear\n>p1 move psychicnoise\n>p2 move iciclespear\n>p1 switch 6\n>p1 move hurricane\n>p2 move iciclespear\n>p1 switch 2\n>p1 move sacredfire\n>p2 move rockblast\n>p1 move sacredfire\n>p2 move rockblast\n>p2 switch 6\n>p1 move sacredfire\n>p2 move rockslide\n>p1 switch 5\n>p1 move shellsmash\n>p2 move focusblast\n>p1 move iciclespear\n>p2 move focusblast\n>p2 switch 3\n>p1 move hydropump\n>p2 move ironhead\n>p1 move hydropump\n>p2 move ironhead\n>p1 switch 3\n>p2 switch 4\n>p1 move rapidspin\n>p2 move psychicnoise\n>p1 move earthquake\n>p2 move psychicnoise\n>p1 move earthquake\n>p2 move psychicnoise\n>p1 switch 4\n>forcelose p1", "uploadtime": 1781453872, "views": 4, "formatid": "gen9randombattle", "rating": 1501, "private": 0, "password": null}