{"id": "gen9randombattle-2631815544", "format": "[Gen 9] Random Battle", "players": ["kapersthekrap", "Aoyama0811"], "log": "|j|\u2606kapersthekrap\n|j|\u2606Aoyama0811\n|t:|1781443673\n|gametype|singles\n|player|p1|kapersthekrap|alder|2173\n|player|p2|Aoyama0811|acetrainerf|2129\n|gen|9\n|tier|[Gen 9] Random Battle\n|rated|\n|rule|Species Clause: Limit one of each Pok\u00e9mon\n|rule|HP Percentage Mod: HP is shown in percentages\n|rule|Sleep Clause Mod: Limit one foe put to sleep\n|rule|Illusion Level Mod: Illusion disguises the Pok\u00e9mon's true level\n|\n|t:|1781443673\n|teamsize|p1|6\n|teamsize|p2|6\n|start\n|switch|p1a: Raichu|Raichu, L88, F|249/249\n|switch|p2a: Barraskewda|Barraskewda, L81, F|231/231\n|turn|1\n|inactive|Battle timer is ON: inactive players will automatically lose when time's up. (requested by kapersthekrap)\n|\n|t:|1781443689\n|move|p2a: Barraskewda|Flip Turn|p1a: Raichu\n|-damage|p1a: Raichu|96/249\n|\n|t:|1781443691\n|switch|p2a: Electrode|Electrode-Hisui, L87|246/246|[from] Flip Turn\n|move|p1a: Raichu|Surf|p2a: Electrode\n|-resisted|p2a: Electrode\n|-damage|p2a: Electrode|202/246\n|-damage|p1a: Raichu|72/249|[from] item: Life Orb\n|\n|-heal|p2a: Electrode|217/246|[from] item: Leftovers\n|upkeep\n|turn|2\n|\n|t:|1781443703\n|switch|p1a: Whimsicott|Whimsicott, L84, M|238/238\n|move|p2a: Electrode|Substitute|p2a: Electrode\n|-start|p2a: Electrode|Substitute\n|-damage|p2a: Electrode|156/246\n|\n|-heal|p2a: Electrode|171/246|[from] item: Leftovers\n|upkeep\n|turn|3\n|\n|t:|1781443706\n|switch|p2a: Perrserker|Perrserker, L89, M|269/269\n|move|p1a: Whimsicott|Encore||[still]\n|-fail|p1a: Whimsicott\n|\n|upkeep\n|turn|4\n|\n|t:|1781443720\n|switch|p1a: Golurk|Golurk, L87|297/297\n|move|p2a: Perrserker|Stealth Rock|p1a: Golurk\n|-sidestart|p1: kapersthekrap|move: Stealth Rock\n|\n|upkeep\n|turn|5\n|\n|t:|1781443732\n|switch|p2a: Ludicolo|Ludicolo, L90, M|290/290\n|move|p1a: Golurk|Earthquake|p2a: Ludicolo\n|-resisted|p2a: Ludicolo\n|-damage|p2a: Ludicolo|193/290\n|-damage|p1a: Golurk|268/297|[from] item: Life Orb\n|\n|upkeep\n|turn|6\n|\n|t:|1781443739\n|switch|p1a: Ditto|Ditto, L87|225/225\n|-damage|p1a: Ditto|197/225|[from] Stealth Rock\n|-transform|p1a: Ditto|p2a: Ludicolo|[from] ability: Imposter\n|move|p2a: Ludicolo|Ice Beam|p1a: Ditto\n|-damage|p1a: Ditto|115/225\n|-damage|p2a: Ludicolo|164/290|[from] item: Life Orb\n|\n|upkeep\n|turn|7\n|\n|t:|1781443753\n|move|p1a: Ditto|Giga Drain|p2a: Ludicolo\n|-damage|p2a: Ludicolo|91/290\n|-heal|p1a: Ditto|152/225|[from] drain|[of] p2a: Ludicolo\n|move|p2a: Ludicolo|Giga Drain|p1a: Ditto\n|-damage|p1a: Ditto|53/225\n|-heal|p2a: Ludicolo|141/290|[from] drain|[of] p1a: Ditto\n|-damage|p2a: Ludicolo|112/290|[from] item: Life Orb\n|\n|upkeep\n|turn|8\n|\n|t:|1781443760\n|move|p1a: Ditto|Giga Drain|p2a: Ludicolo\n|-damage|p2a: Ludicolo|43/290\n|-heal|p1a: Ditto|88/225|[from] drain|[of] p2a: Ludicolo\n|move|p2a: Ludicolo|Giga Drain|p1a: Ditto\n|-damage|p1a: Ditto|0 fnt\n|-heal|p2a: Ludicolo|87/290|[from] drain|[of] p1a: Ditto\n|faint|p1a: Ditto\n|-damage|p2a: Ludicolo|58/290|[from] item: Life Orb\n|\n|upkeep\n|\n|t:|1781443769\n|switch|p1a: Raichu|Raichu, L88, F|72/249\n|-damage|p1a: Raichu|41/249|[from] Stealth Rock\n|turn|9\n|\n|t:|1781443774\n|switch|p2a: Electrode|Electrode-Hisui, L87|171/246\n|move|p1a: Raichu|Thunderbolt|p2a: Electrode\n|-resisted|p2a: Electrode\n|-damage|p2a: Electrode|137/246\n|-damage|p1a: Raichu|17/249|[from] item: Life Orb\n|\n|-heal|p2a: Electrode|152/246|[from] item: Leftovers\n|upkeep\n|turn|10\n|\n|t:|1781443777\n|move|p2a: Electrode|Giga Drain|p1a: Raichu\n|-damage|p1a: Raichu|0 fnt\n|-heal|p2a: Electrode|161/246|[from] drain|[of] p1a: Raichu\n|faint|p1a: Raichu\n|\n|-heal|p2a: Electrode|176/246|[from] item: Leftovers\n|upkeep\n|\n|t:|1781443780\n|switch|p1a: Whimsicott|Whimsicott, L84, M|238/238\n|-damage|p1a: Whimsicott|209/238|[from] Stealth Rock\n|turn|11\n|\n|t:|1781443783\n|switch|p2a: Perrserker|Perrserker, L89, M|269/269\n|move|p1a: Whimsicott|Moonblast|p2a: Perrserker\n|-resisted|p2a: Perrserker\n|-damage|p2a: Perrserker|221/269\n|\n|-heal|p1a: Whimsicott|223/238|[from] item: Leftovers\n|upkeep\n|turn|12\n|\n|t:|1781443788\n|switch|p1a: Golurk|Golurk, L87|268/297\n|-damage|p1a: Golurk|250/297|[from] Stealth Rock\n|move|p2a: Perrserker|Knock Off|p1a: Golurk\n|-supereffective|p1a: Golurk\n|-damage|p1a: Golurk|0 fnt\n|-enditem|p1a: Golurk|Life Orb|[from] move: Knock Off|[of] p2a: Perrserker\n|faint|p1a: Golurk\n|-damage|p2a: Perrserker|195/269|[from] item: Life Orb\n|\n|upkeep\n|\n|t:|1781443791\n|switch|p1a: Rhyperior|Rhyperior, L82, F|323/323\n|-damage|p1a: Rhyperior|303/323|[from] Stealth Rock\n|turn|13\n|\n|t:|1781443801\n|move|p2a: Perrserker|Iron Head|p1a: Rhyperior\n|-supereffective|p1a: Rhyperior\n|-damage|p1a: Rhyperior|87/323\n|-damage|p2a: Perrserker|169/269|[from] item: Life Orb\n|move|p1a: Rhyperior|Earthquake|p2a: Perrserker\n|-supereffective|p2a: Perrserker\n|-damage|p2a: Perrserker|0 fnt\n|faint|p2a: Perrserker\n|\n|upkeep\n|\n|t:|1781443806\n|switch|p2a: Ludicolo|Ludicolo, L90, M|58/290\n|turn|14\n|\n|t:|1781443809\n|move|p2a: Ludicolo|Ice Beam|p1a: Rhyperior\n|-supereffective|p1a: Rhyperior\n|-damage|p1a: Rhyperior|0 fnt\n|faint|p1a: Rhyperior\n|-damage|p2a: Ludicolo|29/290|[from] item: Life Orb\n|\n|upkeep\n|\n|t:|1781443811\n|switch|p1a: Whimsicott|Whimsicott, L84, M|223/238\n|-damage|p1a: Whimsicott|194/238|[from] Stealth Rock\n|turn|15\n|\n|t:|1781443815\n|move|p1a: Whimsicott|Moonblast|p2a: Ludicolo\n|-damage|p2a: Ludicolo|0 fnt\n|faint|p2a: Ludicolo\n|\n|-heal|p1a: Whimsicott|208/238|[from] item: Leftovers\n|upkeep\n|\n|t:|1781443818\n|switch|p2a: Luxray|Luxray, L88, M|283/283\n|turn|16\n|\n|t:|1781443825\n|move|p1a: Whimsicott|Leech Seed|p2a: Luxray\n|-start|p2a: Luxray|move: Leech Seed\n|move|p2a: Luxray|Facade|p1a: Whimsicott\n|-damage|p1a: Whimsicott|142/238\n|\n|-heal|p1a: Whimsicott|156/238|[from] item: Leftovers\n|-damage|p2a: Luxray|248/283|[from] Leech Seed|[of] p1a: Whimsicott\n|-heal|p1a: Whimsicott|191/238|[silent]\n|-status|p2a: Luxray|brn|[from] item: Flame Orb\n|upkeep\n|turn|17\n|\n|t:|1781443839\n|move|p1a: Whimsicott|Substitute|p1a: Whimsicott\n|-start|p1a: Whimsicott|Substitute\n|-damage|p1a: Whimsicott|132/238\n|move|p2a: Luxray|Facade|p1a: Whimsicott\n|-end|p1a: Whimsicott|Substitute\n|\n|-heal|p1a: Whimsicott|146/238|[from] item: Leftovers\n|-damage|p2a: Luxray|213/283 brn|[from] Leech Seed|[of] p1a: Whimsicott\n|-heal|p1a: Whimsicott|181/238|[silent]\n|-damage|p2a: Luxray|196/283 brn|[from] brn\n|upkeep\n|turn|18\n|\n|t:|1781443849\n|switch|p2a: Electrode|Electrode-Hisui, L87|176/246\n|move|p1a: Whimsicott|Substitute|p1a: Whimsicott\n|-start|p1a: Whimsicott|Substitute\n|-damage|p1a: Whimsicott|122/238\n|\n|-heal|p2a: Electrode|191/246|[from] item: Leftovers\n|-heal|p1a: Whimsicott|136/238|[from] item: Leftovers\n|upkeep\n|turn|19\n|\n|t:|1781443873\n|move|p2a: Electrode|Substitute|p2a: Electrode\n|-start|p2a: Electrode|Substitute\n|-damage|p2a: Electrode|130/246\n|move|p1a: Whimsicott|Moonblast|p2a: Electrode\n|-end|p2a: Electrode|Substitute\n|\n|-heal|p2a: Electrode|145/246|[from] item: Leftovers\n|-heal|p1a: Whimsicott|150/238|[from] item: Leftovers\n|upkeep\n|turn|20\n|\n|t:|1781443883\n|switch|p2a: Luxray|Luxray, L88, M|196/283 brn\n|move|p1a: Whimsicott|Moonblast|p2a: Luxray\n|-damage|p2a: Luxray|111/283 brn\n|-unboost|p2a: Luxray|spa|1\n|\n|-heal|p1a: Whimsicott|164/238|[from] item: Leftovers\n|-damage|p2a: Luxray|94/283 brn|[from] brn\n|upkeep\n|turn|21\n|\n|t:|1781443889\n|move|p1a: Whimsicott|Moonblast|p2a: Luxray\n|-damage|p2a: Luxray|10/283 brn\n|move|p2a: Luxray|Facade|p1a: Whimsicott\n|-end|p1a: Whimsicott|Substitute\n|\n|-heal|p1a: Whimsicott|178/238|[from] item: Leftovers\n|-damage|p2a: Luxray|0 fnt|[from] brn\n|faint|p2a: Luxray\n|upkeep\n|\n|t:|1781443893\n|switch|p2a: Rhyperior|Rhyperior, L82, F|323/323\n|turn|22\n|\n|t:|1781443901\n|move|p1a: Whimsicott|Leech Seed|p2a: Rhyperior\n|-start|p2a: Rhyperior|move: Leech Seed\n|move|p2a: Rhyperior|Ice Punch|p1a: Whimsicott\n|-supereffective|p1a: Whimsicott\n|-damage|p1a: Whimsicott|34/238\n|\n|-heal|p1a: Whimsicott|48/238|[from] item: Leftovers\n|-damage|p2a: Rhyperior|283/323|[from] Leech Seed|[of] p1a: Whimsicott\n|-heal|p1a: Whimsicott|88/238|[silent]\n|upkeep\n|turn|23\n|inactive|kapersthekrap has 120 seconds left.\n|\n|t:|1781443940\n|move|p1a: Whimsicott|Substitute|p1a: Whimsicott\n|-start|p1a: Whimsicott|Substitute\n|-damage|p1a: Whimsicott|29/238\n|move|p2a: Rhyperior|Ice Punch|p1a: Whimsicott\n|-supereffective|p1a: Whimsicott\n|-end|p1a: Whimsicott|Substitute\n|\n|-heal|p1a: Whimsicott|43/238|[from] item: Leftovers\n|-damage|p2a: Rhyperior|243/323|[from] Leech Seed|[of] p1a: Whimsicott\n|-heal|p1a: Whimsicott|83/238|[silent]\n|upkeep\n|turn|24\n|inactive|kapersthekrap has 120 seconds left.\n|inactive|kapersthekrap has 90 seconds left.\n|inactive|kapersthekrap has 60 seconds left.\n|\n|t:|1781444017\n|switch|p2a: Barraskewda|Barraskewda, L81, F|231/231\n|move|p1a: Whimsicott|Substitute|p1a: Whimsicott\n|-start|p1a: Whimsicott|Substitute\n|-damage|p1a: Whimsicott|24/238\n|\n|-heal|p1a: Whimsicott|38/238|[from] item: Leftovers\n|upkeep\n|turn|25\n|\n|t:|1781444027\n|-terastallize|p2a: Barraskewda|Water\n|move|p1a: Whimsicott|Leech Seed|p2a: Barraskewda\n|-start|p2a: Barraskewda|move: Leech Seed\n|move|p2a: Barraskewda|Flip Turn|p1a: Whimsicott\n|-resisted|p1a: Whimsicott\n|-end|p1a: Whimsicott|Substitute\n|\n|t:|1781444031\n|switch|p2a: Electrode|Electrode-Hisui, L87|145/246|[from] Flip Turn\n|\n|-heal|p2a: Electrode|160/246|[from] item: Leftovers\n|-heal|p1a: Whimsicott|52/238|[from] item: Leftovers\n|upkeep\n|turn|26\n|\n|t:|1781444037\n|move|p2a: Electrode|Thunderbolt|p1a: Whimsicott\n|-resisted|p1a: Whimsicott\n|-damage|p1a: Whimsicott|5/238\n|move|p1a: Whimsicott|Moonblast|p2a: Electrode\n|-damage|p2a: Electrode|78/246\n|\n|-heal|p2a: Electrode|93/246|[from] item: Leftovers\n|-heal|p1a: Whimsicott|19/238|[from] item: Leftovers\n|upkeep\n|turn|27\n|\n|t:|1781444048\n|switch|p1a: Gardevoir|Gardevoir, L83, F|249/249\n|-damage|p1a: Gardevoir|218/249|[from] Stealth Rock\n|-ability|p1a: Gardevoir|Soundproof|Trace|[from] ability: Trace|[of] p2a: Electrode\n|move|p2a: Electrode|Thunderbolt|p1a: Gardevoir\n|-damage|p1a: Gardevoir|151/249\n|\n|-heal|p2a: Electrode|108/246|[from] item: Leftovers\n|upkeep\n|turn|28\n|inactive|Aoyama0811 has 120 seconds left.\n|\n|t:|1781444082\n|move|p2a: Electrode|Leech Seed|p1a: Gardevoir\n|-start|p1a: Gardevoir|move: Leech Seed\n|move|p1a: Gardevoir|Moonblast|p2a: Electrode\n|-damage|p2a: Electrode|0 fnt\n|faint|p2a: Electrode\n|\n|upkeep\n|\n|t:|1781444085\n|switch|p2a: Barraskewda|Barraskewda, L81, F, tera:Water|231/231\n|turn|29\n|\n|t:|1781444092\n|move|p1a: Gardevoir|Moonblast|p2a: Barraskewda\n|-damage|p2a: Barraskewda|38/231\n|move|p2a: Barraskewda|Flip Turn|p1a: Gardevoir\n|-damage|p1a: Gardevoir|0 fnt\n|faint|p1a: Gardevoir\n|\n|t:|1781444095\n|switch|p2a: Rhyperior|Rhyperior, L82, F|243/323|[from] Flip Turn\n|\n|upkeep\n|\n|t:|1781444097\n|switch|p1a: Whimsicott|Whimsicott, L84, M|19/238\n|-damage|p1a: Whimsicott|0 fnt|[from] Stealth Rock\n|faint|p1a: Whimsicott\n|\n|win|Aoyama0811\n", "inputlog": ">version a8376a258c1d4662feba110a92103f3664a72141\n>start {\"formatid\":\"gen9randombattle\",\"seed\":\"sodium,d4e201d802255992506c06fb32a4df35\",\"rated\":\"Rated battle\"}\n>player p1 {\"name\":\"kapersthekrap\",\"avatar\":\"alder\",\"rating\":2173,\"seed\":\"sodium,666f81d8c291aed1ced93ad1e85bdd5b\"}\n>player p2 {\"name\":\"Aoyama0811\",\"avatar\":\"acetrainerf\",\"rating\":2129,\"seed\":\"sodium,a6c5378b46c193c71414648d5b1de7d2\"}\n>p1 move surf\n>p2 move flipturn\n>p2 switch 3\n>p1 switch 4\n>p2 move substitute\n>p1 move encore\n>p2 switch 4\n>p1 switch 3\n>p2 move stealthrock\n>p1 move earthquake\n>p2 switch 2\n>p1 switch 2\n>p2 move icebeam\n>p1 move gigadrain\n>p2 move gigadrain\n>p1 move gigadrain\n>p2 move gigadrain\n>p1 switch 4\n>p1 move thunderbolt\n>p2 switch 4\n>p1 move thunderbolt\n>p2 move gigadrain\n>p1 switch 3\n>p1 move moonblast\n>p2 switch 2\n>p1 switch 2\n>p2 move knockoff\n>p1 switch 6\n>p1 move earthquake\n>p2 move ironhead\n>p2 switch 4\n>p1 move earthquake\n>p2 move icebeam\n>p1 switch 2\n>p1 move moonblast\n>p2 move icebeam\n>p2 switch 6\n>p1 move leechseed\n>p2 move facade\n>p1 move substitute\n>p2 move facade\n>p1 move substitute\n>p2 switch 2\n>p1 move moonblast\n>p2 move substitute\n>p1 move moonblast\n>p2 switch 2\n>p1 move moonblast\n>p2 move facade\n>p2 switch 5\n>p1 move leechseed\n>p2 move icepunch\n>p1 move substitute\n>p2 move icepunch\n>p1 move substitute\n>p2 switch 3\n>p1 move leechseed\n>p2 move flipturn terastallize\n>p2 switch 2\n>p1 move moonblast\n>p2 move thunderbolt\n>p1 switch 5\n>p2 move thunderbolt\n>p1 move moonblast\n>p2 move leechseed\n>p2 switch 2\n>p1 move moonblast\n>p2 move flipturn\n>p2 switch 3\n>p1 switch 5", "uploadtime": 1781443675, "views": 4, "formatid": "gen9randombattle", "rating": null, "private": 0, "password": null}