{"id": "gen9randombattle-2631903504", "format": "[Gen 9] Random Battle", "players": ["TwoBlickys", "KlausUnbound"], "log": "|j|\u2606TwoBlickys\n|j|\u2606KlausUnbound\n|t:|1781453924\n|gametype|singles\n|player|p1|TwoBlickys|nessa-masters|2130\n|player|p2|KlausUnbound|heroine2-conquest|2261\n|gen|9\n|tier|[Gen 9] Random Battle\n|rated|\n|rule|Species Clause: Limit one of each Pok\u00e9mon\n|rule|HP Percentage Mod: HP is shown in percentages\n|rule|Sleep Clause Mod: Limit one foe put to sleep\n|rule|Illusion Level Mod: Illusion disguises the Pok\u00e9mon's true level\n|\n|t:|1781453924\n|teamsize|p1|6\n|teamsize|p2|6\n|start\n|switch|p1a: Virizion|Virizion, L82|283/283\n|switch|p2a: Cyclizar|Cyclizar, L83, M|252/252\n|turn|1\n|inactive|Battle timer is ON: inactive players will automatically lose when time's up. (requested by KlausUnbound)\n|\n|t:|1781453932\n|move|p2a: Cyclizar|Taunt|p1a: Virizion\n|-start|p1a: Virizion|move: Taunt\n|move|p1a: Virizion|Leaf Blade|p2a: Cyclizar\n|-resisted|p2a: Cyclizar\n|-damage|p2a: Cyclizar|178/252\n|-damage|p1a: Virizion|255/283|[from] item: Life Orb\n|\n|upkeep\n|turn|2\n|\n|t:|1781453938\n|move|p2a: Cyclizar|Shed Tail|p2a: Cyclizar\n|-start|p2a: Cyclizar|Substitute|[from] move: Shed Tail\n|-damage|p2a: Cyclizar|52/252\n|\n|t:|1781453944\n|switch|p2a: Lunala|Lunala, L70|308/308|[from] Shed Tail\n|move|p1a: Virizion|Close Combat|p2a: Lunala\n|-immune|p2a: Lunala\n|\n|upkeep\n|turn|3\n|\n|t:|1781453949\n|move|p1a: Virizion|Leaf Blade|p2a: Lunala\n|-end|p2a: Lunala|Substitute\n|-damage|p1a: Virizion|227/283|[from] item: Life Orb\n|move|p2a: Lunala|Calm Mind|p2a: Lunala\n|-boost|p2a: Lunala|spa|1\n|-boost|p2a: Lunala|spd|1\n|\n|-end|p1a: Virizion|move: Taunt\n|upkeep\n|turn|4\n|\n|t:|1781453953\n|switch|p1a: Uxie|Uxie, L83|260/260\n|move|p2a: Lunala|Psyshock|p1a: Uxie\n|-resisted|p1a: Uxie\n|-damage|p1a: Uxie|212/260\n|\n|-heal|p1a: Uxie|228/260|[from] item: Leftovers\n|upkeep\n|turn|5\n|\n|t:|1781453956\n|move|p1a: Uxie|Thunder Wave|p2a: Lunala\n|-status|p2a: Lunala|par\n|move|p2a: Lunala|Moongeist Beam|p1a: Uxie\n|-supereffective|p1a: Uxie\n|-damage|p1a: Uxie|0 fnt\n|faint|p1a: Uxie\n|\n|upkeep\n|\n|t:|1781453960\n|switch|p1a: Cacturne|Cacturne, L92, M|278/278\n|turn|6\n|\n|t:|1781453969\n|switch|p2a: Forretress|Forretress, L84, M|263/263\n|move|p1a: Cacturne|Knock Off|p2a: Forretress\n|-damage|p2a: Forretress|130/263\n|-enditem|p2a: Forretress|Leftovers|[from] move: Knock Off|[of] p1a: Cacturne\n|-damage|p1a: Cacturne|251/278|[from] item: Life Orb\n|\n|upkeep\n|turn|7\n|\n|t:|1781453984\n|switch|p1a: Eelektross|Eelektross, L87, F|290/290\n|move|p2a: Forretress|Toxic Spikes|p1a: Eelektross\n|-sidestart|p1: TwoBlickys|move: Toxic Spikes\n|\n|upkeep\n|turn|8\n|\n|t:|1781453987\n|move|p1a: Eelektross|Coil|p1a: Eelektross\n|-boost|p1a: Eelektross|atk|1\n|-boost|p1a: Eelektross|def|1\n|-boost|p1a: Eelektross|accuracy|1\n|move|p2a: Forretress|Stealth Rock|p1a: Eelektross\n|-sidestart|p1: TwoBlickys|move: Stealth Rock\n|\n|upkeep\n|turn|9\n|\n|t:|1781453992\n|move|p1a: Eelektross|Supercell Slam|p2a: Forretress\n|-damage|p2a: Forretress|0 fnt\n|faint|p2a: Forretress\n|\n|upkeep\n|\n|t:|1781454007\n|switch|p2a: Lunala|Lunala, L70|308/308 par\n|turn|10\n|\n|t:|1781454010\n|move|p1a: Eelektross|Knock Off|p2a: Lunala\n|-supereffective|p2a: Lunala\n|-damage|p2a: Lunala|26/308 par\n|-enditem|p2a: Lunala|Leftovers|[from] move: Knock Off|[of] p1a: Eelektross\n|move|p2a: Lunala|Moongeist Beam|p1a: Eelektross\n|-damage|p1a: Eelektross|196/290\n|\n|-heal|p1a: Eelektross|214/290|[from] item: Leftovers\n|upkeep\n|turn|11\n|\n|t:|1781454015\n|move|p1a: Eelektross|Knock Off|p2a: Lunala\n|-supereffective|p2a: Lunala\n|-damage|p2a: Lunala|0 fnt\n|faint|p2a: Lunala\n|\n|-heal|p1a: Eelektross|232/290|[from] item: Leftovers\n|upkeep\n|\n|t:|1781454029\n|switch|p2a: Primarina|Primarina, L83, F|268/268\n|turn|12\n|\n|t:|1781454038\n|-terastallize|p2a: Primarina|Water\n|move|p2a: Primarina|Hydro Pump|p1a: Eelektross\n|-damage|p1a: Eelektross|0 fnt\n|faint|p1a: Eelektross\n|\n|upkeep\n|\n|t:|1781454047\n|switch|p1a: Cacturne|Cacturne, L92, M|251/278\n|-status|p1a: Cacturne|psn\n|-damage|p1a: Cacturne|217/278 psn|[from] Stealth Rock\n|turn|13\n|\n|t:|1781454051\n|switch|p2a: Goodra|Goodra-Hisui, L82, M|265/265\n|move|p1a: Cacturne|Knock Off|p2a: Goodra\n|-damage|p2a: Goodra|88/265\n|-enditem|p2a: Goodra|Assault Vest|[from] move: Knock Off|[of] p1a: Cacturne\n|-damage|p1a: Cacturne|190/278 psn|[from] item: Life Orb\n|\n|-damage|p1a: Cacturne|156/278 psn|[from] psn\n|upkeep\n|turn|14\n|\n|t:|1781454077\n|move|p1a: Cacturne|Sucker Punch|p2a: Goodra\n|-damage|p2a: Goodra|0 fnt\n|faint|p2a: Goodra\n|-damage|p1a: Cacturne|129/278 psn|[from] item: Life Orb\n|\n|-damage|p1a: Cacturne|95/278 psn|[from] psn\n|upkeep\n|\n|t:|1781454086\n|switch|p2a: Cinccino|Cinccino, L83, M|260/260\n|turn|15\n|\n|t:|1781454093\n|switch|p1a: Probopass|Probopass, L91, F|257/257\n|-damage|p1a: Probopass|241/257|[from] Stealth Rock\n|move|p2a: Cinccino|Tail Slap|p1a: Probopass|[miss]\n|-miss|p2a: Cinccino|p1a: Probopass\n|\n|upkeep\n|turn|16\n|\n|t:|1781454101\n|switch|p1a: Cacturne|Cacturne, L92, M|95/278 psn\n|-damage|p1a: Cacturne|61/278 psn|[from] Stealth Rock\n|move|p2a: Cinccino|U-turn|p1a: Cacturne\n|-supereffective|p1a: Cacturne\n|-damage|p1a: Cacturne|0 fnt\n|faint|p1a: Cacturne\n|\n|t:|1781454104\n|switch|p2a: Cyclizar|Cyclizar, L83, M|136/252|[from] U-turn\n|\n|upkeep\n|\n|t:|1781454120\n|switch|p1a: Virizion|Virizion, L82|227/283\n|-status|p1a: Virizion|psn\n|-damage|p1a: Virizion|210/283 psn|[from] Stealth Rock\n|turn|17\n|\n|t:|1781454127\n|move|p2a: Cyclizar|Shed Tail|p2a: Cyclizar\n|-start|p2a: Cyclizar|Substitute|[from] move: Shed Tail\n|-damage|p2a: Cyclizar|10/252\n|\n|t:|1781454131\n|switch|p2a: Cinccino|Cinccino, L83, M|260/260|[from] Shed Tail\n|move|p1a: Virizion|Leaf Blade|p2a: Cinccino\n|-end|p2a: Cinccino|Substitute\n|-damage|p1a: Virizion|182/283 psn|[from] item: Life Orb\n|\n|-damage|p1a: Virizion|147/283 psn|[from] psn\n|upkeep\n|turn|18\n|\n|t:|1781454138\n|-terastallize|p1a: Virizion|Rock\n|move|p2a: Cinccino|Tail Slap|p1a: Virizion\n|-resisted|p1a: Virizion\n|-damage|p1a: Virizion|123/283 psn\n|-resisted|p1a: Virizion\n|-damage|p1a: Virizion|100/283 psn\n|-resisted|p1a: Virizion\n|-damage|p1a: Virizion|77/283 psn\n|-resisted|p1a: Virizion\n|-damage|p1a: Virizion|53/283 psn\n|-resisted|p1a: Virizion\n|-damage|p1a: Virizion|30/283 psn\n|-hitcount|p1a: Virizion|5\n|move|p1a: Virizion|Close Combat|p2a: Cinccino\n|-supereffective|p2a: Cinccino\n|-damage|p2a: Cinccino|0 fnt\n|-unboost|p1a: Virizion|def|1\n|-unboost|p1a: Virizion|spd|1\n|faint|p2a: Cinccino\n|-damage|p1a: Virizion|2/283 psn|[from] item: Life Orb\n|\n|-damage|p1a: Virizion|0 fnt|[from] psn\n|faint|p1a: Virizion\n|upkeep\n|\n|t:|1781454147\n|switch|p2a: Cyclizar|Cyclizar, L83, M|94/252\n|switch|p1a: Raging Bolt|Raging Bolt, L78|323/323\n|-status|p1a: Raging Bolt|psn\n|-damage|p1a: Raging Bolt|283/323 psn|[from] Stealth Rock\n|turn|19\n|\n|t:|1781454152\n|-end|p1a: Raging Bolt|Protosynthesis|[silent]\n|switch|p1a: Probopass|Probopass, L91, F|241/257\n|-damage|p1a: Probopass|225/257|[from] Stealth Rock\n|move|p2a: Cyclizar|Draco Meteor|p1a: Probopass\n|-resisted|p1a: Probopass\n|-damage|p1a: Probopass|186/257\n|-unboost|p2a: Cyclizar|spa|2\n|\n|upkeep\n|turn|20\n|\n|t:|1781454160\n|switch|p2a: Primarina|Primarina, L83, F, tera:Water|268/268\n|move|p1a: Probopass|Body Press|p2a: Primarina\n|-damage|p2a: Primarina|166/268\n|\n|upkeep\n|turn|21\n|\n|t:|1781454176\n|switch|p1a: Raging Bolt|Raging Bolt, L78|283/323 psn\n|-damage|p1a: Raging Bolt|243/323 psn|[from] Stealth Rock\n|move|p2a: Primarina|Hydro Pump|p1a: Raging Bolt\n|-resisted|p1a: Raging Bolt\n|-damage|p1a: Raging Bolt|105/323 psn\n|\n|-heal|p1a: Raging Bolt|125/323 psn|[from] item: Leftovers\n|-damage|p1a: Raging Bolt|85/323 psn|[from] psn\n|upkeep\n|turn|22\n|\n|t:|1781454183\n|switch|p2a: Cyclizar|Cyclizar, L83, M|178/252\n|move|p1a: Raging Bolt|Thunderbolt|p2a: Cyclizar\n|-resisted|p2a: Cyclizar\n|-damage|p2a: Cyclizar|114/252\n|\n|-heal|p1a: Raging Bolt|105/323 psn|[from] item: Leftovers\n|-damage|p1a: Raging Bolt|65/323 psn|[from] psn\n|upkeep\n|turn|23\n|inactive|TwoBlickys has 120 seconds left.\n|\n|t:|1781454223\n|-end|p1a: Raging Bolt|Protosynthesis|[silent]\n|switch|p1a: Probopass|Probopass, L91, F|186/257\n|-damage|p1a: Probopass|170/257|[from] Stealth Rock\n|move|p2a: Cyclizar|Draco Meteor|p1a: Probopass\n|-resisted|p1a: Probopass\n|-damage|p1a: Probopass|131/257\n|-unboost|p2a: Cyclizar|spa|2\n|\n|upkeep\n|turn|24\n|\n|t:|1781454236\n|switch|p2a: Primarina|Primarina, L83, F, tera:Water|166/268\n|switch|p1a: Raging Bolt|Raging Bolt, L78|65/323 psn\n|-damage|p1a: Raging Bolt|25/323 psn|[from] Stealth Rock\n|\n|-heal|p1a: Raging Bolt|45/323 psn|[from] item: Leftovers\n|-damage|p1a: Raging Bolt|5/323 psn|[from] psn\n|upkeep\n|turn|25\n|\n|t:|1781454242\n|move|p1a: Raging Bolt|Draco Meteor|p2a: Primarina\n|-damage|p2a: Primarina|25/268\n|-unboost|p1a: Raging Bolt|spa|2\n|move|p2a: Primarina|Flip Turn|p1a: Raging Bolt\n|-resisted|p1a: Raging Bolt\n|-damage|p1a: Raging Bolt|0 fnt\n|faint|p1a: Raging Bolt\n|-end|p1a: Raging Bolt|Protosynthesis|[silent]\n|\n|t:|1781454245\n|switch|p2a: Cyclizar|Cyclizar, L83, M|198/252|[from] Flip Turn\n|\n|upkeep\n|inactive|TwoBlickys has 120 seconds left.\n|-message|TwoBlickys forfeited.\n|\n|win|KlausUnbound\n", "inputlog": ">version a8376a258c1d4662feba110a92103f3664a72141\n>start {\"formatid\":\"gen9randombattle\",\"seed\":\"sodium,0bf67d9db4bd69f45d8bea37adf73bec\",\"rated\":\"Rated battle\"}\n>player p1 {\"name\":\"TwoBlickys\",\"avatar\":\"nessa-masters\",\"rating\":2130,\"seed\":\"sodium,a8265a84c93d707c3dd7f412dc555e12\"}\n>player p2 {\"name\":\"KlausUnbound\",\"avatar\":\"heroine2-conquest\",\"rating\":2261,\"seed\":\"sodium,30ca76d0db679d648598dba6feae4d9f\"}\n>p1 move leafblade\n>p2 move taunt\n>p1 move closecombat\n>p2 move shedtail\n>p2 switch 4\n>p1 move leafblade\n>p2 move calmmind\n>p1 switch 2\n>p2 move psyshock\n>p1 move thunderwave\n>p2 move moongeistbeam\n>p1 switch 3\n>p1 move knockoff\n>p2 switch 2\n>p1 switch 4\n>p2 move toxicspikes\n>p1 move coil\n>p2 move stealthrock\n>p1 move supercellslam\n>p2 move voltswitch\n>p2 switch 2\n>p1 move knockoff\n>p2 move moongeistbeam\n>p1 move knockoff\n>p2 move moongeistbeam\n>p2 switch 5\n>p1 move supercellslam\n>p2 move hydropump terastallize\n>p1 switch 4\n>p1 move knockoff\n>p2 switch 6\n>p1 move suckerpunch\n>p2 move dracometeor\n>p2 switch 3\n>p1 switch 5\n>p2 move tailslap\n>p1 switch 5\n>p2 move uturn\n>p2 switch 4\n>p1 switch 2\n>p1 move leafblade\n>p2 move shedtail\n>p2 switch 4\n>p1 move closecombat terastallize\n>p2 move tailslap\n>p1 switch 6\n>p2 switch 4\n>p1 switch 5\n>p2 move dracometeor\n>p1 move bodypress\n>p2 switch 6\n>p1 switch 5\n>p2 move hydropump\n>p1 move thunderbolt\n>p2 switch 6\n>p1 switch 5\n>p2 move dracometeor\n>p1 switch 5\n>p2 switch 6\n>p1 move dracometeor\n>p2 move flipturn\n>p2 switch 6\n>forcelose p1", "uploadtime": 1781453926, "views": 4, "formatid": "gen9randombattle", "rating": null, "private": 0, "password": null}