{"id": "gen9randombattle-2631601545", "format": "[Gen 9] Random Battle", "players": ["Meowerdoom", "who is to say"], "log": "|j|\u2606Meowerdoom\n|j|\u2606who is to say\n|t:|1781407124\n|gametype|singles\n|player|p1|Meowerdoom|burgh|2114\n|player|p2|who is to say|170|2259\n|gen|9\n|tier|[Gen 9] Random Battle\n|rated|\n|rule|Species Clause: Limit one of each Pok\u00e9mon\n|rule|HP Percentage Mod: HP is shown in percentages\n|rule|Sleep Clause Mod: Limit one foe put to sleep\n|rule|Illusion Level Mod: Illusion disguises the Pok\u00e9mon's true level\n|\n|t:|1781407124\n|teamsize|p1|6\n|teamsize|p2|6\n|start\n|switch|p1a: Ursaring|Ursaring, L84, M|288/288\n|switch|p2a: Roaring Moon|Roaring Moon, L72|270/270\n|turn|1\n|inactive|Battle timer is ON: inactive players will automatically lose when time's up. (requested by Meowerdoom)\n|\n|t:|1781407166\n|switch|p1a: Great Tusk|Great Tusk, L77|304/304\n|move|p2a: Roaring Moon|Knock Off|p1a: Great Tusk\n|-resisted|p1a: Great Tusk\n|-damage|p1a: Great Tusk|249/304\n|-enditem|p1a: Great Tusk|Leftovers|[from] move: Knock Off|[of] p2a: Roaring Moon\n|\n|upkeep\n|turn|2\n|\n|t:|1781407176\n|-end|p2a: Roaring Moon|Protosynthesis|[silent]\n|switch|p2a: Wigglytuff|Wigglytuff, L96, F|424/424\n|move|p1a: Great Tusk|Stone Edge|p2a: Wigglytuff|[miss]\n|-miss|p1a: Great Tusk|p2a: Wigglytuff\n|\n|upkeep\n|turn|3\n|\n|t:|1781407184\n|-end|p1a: Great Tusk|Protosynthesis|[silent]\n|switch|p1a: Alomomola|Alomomola, L87, M|429/429\n|move|p2a: Wigglytuff|Alluring Voice|p1a: Alomomola\n|-damage|p1a: Alomomola|282/429\n|\n|upkeep\n|turn|4\n|\n|t:|1781407190\n|move|p1a: Alomomola|Flip Turn|p2a: Wigglytuff\n|-damage|p2a: Wigglytuff|349/424\n|\n|t:|1781407194\n|switch|p1a: Coalossal|Coalossal, L89, M|341/341|[from] Flip Turn\n|move|p2a: Wigglytuff|Thunder Wave|p1a: Coalossal\n|-status|p1a: Coalossal|par\n|\n|-heal|p2a: Wigglytuff|375/424|[from] item: Leftovers\n|upkeep\n|turn|5\n|\n|t:|1781407200\n|switch|p2a: Camerupt|Camerupt, L91, F|275/275\n|move|p1a: Coalossal|Stealth Rock|p2a: Camerupt\n|-sidestart|p2: who is to say|move: Stealth Rock\n|\n|upkeep\n|turn|6\n|\n|t:|1781407203\n|switch|p1a: Alomomola|Alomomola, L87, M|425/429\n|move|p2a: Camerupt|Stealth Rock|p1a: Alomomola\n|-sidestart|p1: Meowerdoom|move: Stealth Rock\n|\n|upkeep\n|turn|7\n|\n|t:|1781407207\n|switch|p2a: Wigglytuff|Wigglytuff, L96, F|375/424\n|-damage|p2a: Wigglytuff|322/424|[from] Stealth Rock\n|move|p1a: Alomomola|Scald|p2a: Wigglytuff\n|-damage|p2a: Wigglytuff|258/424\n|\n|-heal|p2a: Wigglytuff|284/424|[from] item: Leftovers\n|upkeep\n|turn|8\n|\n|t:|1781407211\n|move|p1a: Alomomola|Flip Turn|p2a: Wigglytuff\n|-damage|p2a: Wigglytuff|199/424\n|\n|t:|1781407213\n|switch|p1a: Coalossal|Coalossal, L89, M|341/341 par|[from] Flip Turn\n|move|p2a: Wigglytuff|Wish|p2a: Wigglytuff\n|\n|-heal|p2a: Wigglytuff|225/424|[from] item: Leftovers\n|upkeep\n|turn|9\n|\n|t:|1781407223\n|switch|p1a: Toxicroak|Toxicroak, L84, M|277/277\n|-damage|p1a: Toxicroak|260/277|[from] Stealth Rock\n|move|p2a: Wigglytuff|Alluring Voice|p1a: Toxicroak\n|-damage|p1a: Toxicroak|145/277\n|\n|-heal|p2a: Wigglytuff|424/424|[from] move: Wish|[wisher] Wigglytuff\n|upkeep\n|turn|10\n|\n|t:|1781407235\n|switch|p2a: Iron Crown|Iron Crown, L78|268/268\n|-damage|p2a: Iron Crown|252/268|[from] Stealth Rock\n|move|p1a: Toxicroak|Gunk Shot|p2a: Iron Crown\n|-immune|p2a: Iron Crown\n|\n|-heal|p2a: Iron Crown|268/268|[from] item: Leftovers\n|upkeep\n|turn|11\n|\n|t:|1781407248\n|switch|p1a: Alomomola|Alomomola, L87, M|429/429\n|-damage|p1a: Alomomola|376/429|[from] Stealth Rock\n|move|p2a: Iron Crown|Calm Mind|p2a: Iron Crown\n|-boost|p2a: Iron Crown|spa|1\n|-boost|p2a: Iron Crown|spd|1\n|\n|upkeep\n|turn|12\n|\n|t:|1781407254\n|move|p2a: Iron Crown|Calm Mind|p2a: Iron Crown\n|-boost|p2a: Iron Crown|spa|1\n|-boost|p2a: Iron Crown|spd|1\n|move|p1a: Alomomola|Flip Turn|p2a: Iron Crown\n|-damage|p2a: Iron Crown|214/268\n|\n|t:|1781407258\n|switch|p1a: Ursaring|Ursaring, L84, M|288/288|[from] Flip Turn\n|-damage|p1a: Ursaring|252/288|[from] Stealth Rock\n|\n|-heal|p2a: Iron Crown|230/268|[from] item: Leftovers\n|-status|p1a: Ursaring|tox|[from] item: Toxic Orb\n|upkeep\n|turn|13\n|\n|t:|1781407271\n|move|p1a: Ursaring|Throat Chop|p2a: Iron Crown\n|-supereffective|p2a: Iron Crown\n|-damage|p2a: Iron Crown|90/268\n|-start|p2a: Iron Crown|Throat Chop|[silent]\n|move|p2a: Iron Crown|Tachyon Cutter|p1a: Ursaring\n|-damage|p1a: Ursaring|122/288 tox\n|-damage|p1a: Ursaring|0 fnt\n|faint|p1a: Ursaring\n|-hitcount|p1: Ursaring|2\n|\n|-heal|p2a: Iron Crown|106/268|[from] item: Leftovers\n|upkeep\n|\n|t:|1781407277\n|switch|p1a: Cyclizar|Cyclizar, L83, F|252/252\n|turn|14\n|\n|t:|1781407284\n|-terastallize|p2a: Iron Crown|Steel\n|move|p1a: Cyclizar|Knock Off|p2a: Iron Crown\n|-damage|p2a: Iron Crown|43/268\n|-enditem|p2a: Iron Crown|Leftovers|[from] move: Knock Off|[of] p1a: Cyclizar\n|move|p2a: Iron Crown|Tachyon Cutter|p1a: Cyclizar\n|-damage|p1a: Cyclizar|56/252\n|-damage|p1a: Cyclizar|0 fnt\n|faint|p1a: Cyclizar\n|-hitcount|p1: Cyclizar|2\n|\n|-end|p2a: Iron Crown|Throat Chop|[silent]\n|upkeep\n|-message|Meowerdoom forfeited.\n|\n|win|who is to say\n", "inputlog": ">version a8376a258c1d4662feba110a92103f3664a72141\n>start {\"formatid\":\"gen9randombattle\",\"seed\":\"sodium,fd7596cb377b7f8d2bfea7cfd2c210af\",\"rated\":\"Rated battle\"}\n>player p1 {\"name\":\"Meowerdoom\",\"avatar\":\"burgh\",\"rating\":2114,\"seed\":\"sodium,a00fcffe347a41aed897ec3704c60ae0\"}\n>player p2 {\"name\":\"who is to say\",\"avatar\":\"170\",\"rating\":2259,\"seed\":\"sodium,00cd7b443bbda020245f9bd95b7f56b4\"}\n>p1 switch 4\n>p2 move knockoff\n>p1 move stoneedge\n>p2 switch 5\n>p1 switch 6\n>p2 move alluringvoice\n>p1 move flipturn\n>p2 move thunderwave\n>p1 switch 5\n>p1 move stealthrock\n>p2 switch 3\n>p1 switch 5\n>p2 move stealthrock\n>p1 move scald\n>p2 switch 3\n>p1 move flipturn\n>p2 move wish\n>p1 switch 5\n>p1 switch 2\n>p2 move alluringvoice\n>p1 move gunkshot\n>p2 switch 6\n>p1 switch 5\n>p2 move calmmind\n>p1 move flipturn\n>p2 move calmmind\n>p1 switch 4\n>p1 move throatchop\n>p2 move tachyoncutter\n>p1 switch 3\n>p1 move knockoff\n>p2 move tachyoncutter terastallize\n>forcelose p1", "uploadtime": 1781407126, "views": 11, "formatid": "gen9randombattle", "rating": null, "private": 0, "password": null}