{"id": "gen9randombattle-2631902361", "format": "[Gen 9] Random Battle", "players": ["pelele19", "thatdankcharizard"], "log": "|j|\u2606pelele19\n|j|\u2606thatdankcharizard\n|t:|1781453801\n|gametype|singles\n|player|p1|pelele19|102|2150\n|player|p2|thatdankcharizard|266|2069\n|gen|9\n|tier|[Gen 9] Random Battle\n|rated|\n|rule|Species Clause: Limit one of each Pok\u00e9mon\n|rule|HP Percentage Mod: HP is shown in percentages\n|rule|Sleep Clause Mod: Limit one foe put to sleep\n|rule|Illusion Level Mod: Illusion disguises the Pok\u00e9mon's true level\n|\n|t:|1781453801\n|teamsize|p1|6\n|teamsize|p2|6\n|start\n|switch|p1a: Dunsparce|Dunsparce, L86, M|312/312\n|switch|p2a: Vikavolt|Vikavolt, L83, M|263/263\n|turn|1\n|inactive|Battle timer is ON: inactive players will automatically lose when time's up. (requested by thatdankcharizard)\n|\n|t:|1781453820\n|switch|p1a: Hariyama|Hariyama, L87, F|392/392\n|move|p2a: Vikavolt|Sticky Web|p1a: Hariyama\n|-sidestart|p1: pelele19|move: Sticky Web\n|\n|upkeep\n|turn|2\n|\n|t:|1781453832\n|move|p1a: Hariyama|Stone Edge|p2a: Vikavolt\n|-supereffective|p2a: Vikavolt\n|-damage|p2a: Vikavolt|99/263\n|move|p2a: Vikavolt|Volt Switch|p1a: Hariyama\n|-damage|p1a: Hariyama|308/392\n|\n|t:|1781453836\n|switch|p2a: Mesprit|Mesprit, L85|275/275|[from] Volt Switch\n|\n|upkeep\n|turn|3\n|\n|t:|1781453841\n|move|p2a: Mesprit|U-turn|p1a: Hariyama\n|-resisted|p1a: Hariyama\n|-damage|p1a: Hariyama|270/392\n|\n|t:|1781453852\n|switch|p2a: Klawf|Klawf, L90, M|272/272|[from] U-turn\n|move|p1a: Hariyama|Knock Off|p2a: Klawf\n|-damage|p2a: Klawf|208/272\n|-enditem|p2a: Klawf|Choice Band|[from] move: Knock Off|[of] p1a: Hariyama\n|\n|upkeep\n|turn|4\n|\n|t:|1781453858\n|switch|p2a: Mesprit|Mesprit, L85|275/275\n|move|p1a: Hariyama|Knock Off|p2a: Mesprit\n|-supereffective|p2a: Mesprit\n|-damage|p2a: Mesprit|121/275\n|-enditem|p2a: Mesprit|Choice Specs|[from] move: Knock Off|[of] p1a: Hariyama\n|\n|upkeep\n|turn|5\n|\n|t:|1781453869\n|move|p2a: Mesprit|Psychic|p1a: Hariyama\n|-supereffective|p1a: Hariyama\n|-damage|p1a: Hariyama|78/392\n|move|p1a: Hariyama|Knock Off|p2a: Mesprit\n|-supereffective|p2a: Mesprit\n|-damage|p2a: Mesprit|19/275\n|\n|upkeep\n|turn|6\n|\n|t:|1781453881\n|move|p2a: Mesprit|Psychic|p1a: Hariyama\n|-supereffective|p1a: Hariyama\n|-damage|p1a: Hariyama|0 fnt\n|faint|p1a: Hariyama\n|\n|upkeep\n|\n|t:|1781453892\n|switch|p1a: Qwilfish|Qwilfish-Hisui, L83, M|244/244\n|-activate|p1a: Qwilfish|move: Sticky Web\n|-unboost|p1a: Qwilfish|spe|1\n|-ability|p1a: Qwilfish|Intimidate|boost\n|-unboost|p2a: Mesprit|atk|1\n|turn|7\n|\n|t:|1781453899\n|move|p2a: Mesprit|U-turn|p1a: Qwilfish\n|-damage|p1a: Qwilfish|218/244\n|\n|t:|1781453907\n|switch|p2a: Klawf|Klawf, L90, M|272/272|[from] U-turn\n|move|p1a: Qwilfish|Toxic Spikes|p2a: Klawf\n|-sidestart|p2: thatdankcharizard|move: Toxic Spikes\n|\n|upkeep\n|turn|8\n|\n|t:|1781453914\n|switch|p1a: Samurott|Samurott, L88, M|310/310\n|-activate|p1a: Samurott|move: Sticky Web\n|-unboost|p1a: Samurott|spe|1\n|move|p2a: Klawf|High Horsepower|p1a: Samurott\n|-damage|p1a: Samurott|226/310\n|\n|upkeep\n|turn|9\n|\n|t:|1781453919\n|move|p2a: Klawf|Stone Edge|p1a: Samurott\n|-damage|p1a: Samurott|111/310\n|move|p1a: Samurott|Hydro Pump|p2a: Klawf\n|-supereffective|p2a: Klawf\n|-damage|p2a: Klawf|0 fnt\n|faint|p2a: Klawf\n|\n|upkeep\n|\n|t:|1781453933\n|switch|p2a: Vikavolt|Vikavolt, L83, M|99/263\n|turn|10\n|\n|t:|1781453942\n|switch|p1a: Noivern|Noivern, L82, F|274/274\n|move|p2a: Vikavolt|Thunderbolt|p1a: Noivern\n|-damage|p1a: Noivern|141/274\n|\n|upkeep\n|turn|11\n|\n|t:|1781453954\n|switch|p2a: Mesprit|Mesprit, L85|19/275\n|move|p1a: Noivern|Flamethrower|p2a: Mesprit\n|-damage|p2a: Mesprit|0 fnt\n|faint|p2a: Mesprit\n|\n|upkeep\n|\n|t:|1781453956\n|switch|p2a: Chimecho|Chimecho, L93, M|290/290\n|turn|12\n|\n|t:|1781453965\n|switch|p1a: Dunsparce|Dunsparce, L86, M|312/312\n|-activate|p1a: Dunsparce|move: Sticky Web\n|-unboost|p1a: Dunsparce|spe|1\n|switch|p2a: Vikavolt|Vikavolt, L83, M|99/263\n|\n|upkeep\n|turn|13\n|\n|t:|1781453981\n|-terastallize|p2a: Vikavolt|Electric\n|move|p2a: Vikavolt|Volt Switch|p1a: Dunsparce\n|-damage|p1a: Dunsparce|208/312\n|\n|t:|1781453986\n|switch|p2a: Chimecho|Chimecho, L93, M|290/290|[from] Volt Switch\n|move|p1a: Dunsparce|Body Slam|p2a: Chimecho\n|-damage|p2a: Chimecho|217/290\n|\n|-heal|p2a: Chimecho|235/290|[from] item: Leftovers\n|upkeep\n|turn|14\n|\n|t:|1781453993\n|move|p2a: Chimecho|Psychic Noise|p1a: Dunsparce\n|-damage|p1a: Dunsparce|129/312\n|-start|p1a: Dunsparce|move: Heal Block\n|move|p1a: Dunsparce|Body Slam|p2a: Chimecho\n|-damage|p2a: Chimecho|160/290\n|-status|p2a: Chimecho|par\n|\n|-heal|p2a: Chimecho|178/290 par|[from] item: Leftovers\n|upkeep\n|turn|15\n|\n|t:|1781454002\n|move|p2a: Chimecho|Thunder Wave|p1a: Dunsparce\n|-status|p1a: Dunsparce|par\n|cant|p1a: Dunsparce|par\n|\n|-heal|p2a: Chimecho|196/290 par|[from] item: Leftovers\n|-end|p1a: Dunsparce|move: Heal Block\n|upkeep\n|turn|16\n|\n|t:|1781454011\n|cant|p2a: Chimecho|par\n|move|p1a: Dunsparce|Body Slam|p2a: Chimecho\n|-damage|p2a: Chimecho|121/290 par\n|\n|-heal|p2a: Chimecho|139/290 par|[from] item: Leftovers\n|upkeep\n|turn|17\n|\n|t:|1781454016\n|move|p2a: Chimecho|Psychic Noise|p1a: Dunsparce\n|-damage|p1a: Dunsparce|53/312 par\n|-start|p1a: Dunsparce|move: Heal Block\n|move|p1a: Dunsparce|Coil|p1a: Dunsparce\n|-boost|p1a: Dunsparce|atk|1\n|-boost|p1a: Dunsparce|def|1\n|-boost|p1a: Dunsparce|accuracy|1\n|\n|-heal|p2a: Chimecho|157/290 par|[from] item: Leftovers\n|upkeep\n|turn|18\n|\n|t:|1781454023\n|cant|p2a: Chimecho|par\n|move|p1a: Dunsparce|Body Slam|p2a: Chimecho\n|-damage|p2a: Chimecho|42/290 par\n|\n|-heal|p2a: Chimecho|60/290 par|[from] item: Leftovers\n|-end|p1a: Dunsparce|move: Heal Block\n|upkeep\n|turn|19\n|\n|t:|1781454031\n|switch|p1a: Qwilfish|Qwilfish-Hisui, L83, M|218/244\n|-activate|p1a: Qwilfish|move: Sticky Web\n|-unboost|p1a: Qwilfish|spe|1\n|-ability|p1a: Qwilfish|Intimidate|boost\n|-unboost|p2a: Chimecho|atk|1\n|move|p2a: Chimecho|Psychic Noise|p1a: Qwilfish\n|-immune|p1a: Qwilfish\n|\n|-heal|p2a: Chimecho|78/290 par|[from] item: Leftovers\n|upkeep\n|turn|20\n|\n|t:|1781454035\n|move|p1a: Qwilfish|Crunch|p2a: Chimecho\n|-supereffective|p2a: Chimecho\n|-damage|p2a: Chimecho|0 fnt\n|faint|p2a: Chimecho\n|\n|upkeep\n|\n|t:|1781454040\n|switch|p2a: Vikavolt|Vikavolt, L83, M, tera:Electric|99/263\n|turn|21\n|\n|t:|1781454044\n|move|p1a: Qwilfish|Gunk Shot|p2a: Vikavolt\n|-damage|p2a: Vikavolt|0 fnt\n|faint|p2a: Vikavolt\n|\n|upkeep\n|\n|t:|1781454046\n|switch|p2a: Dondozo|Dondozo, L78, F|362/362\n|-status|p2a: Dondozo|psn\n|turn|22\n|\n|t:|1781454053\n|move|p1a: Qwilfish|Taunt|p2a: Dondozo\n|-start|p2a: Dondozo|move: Taunt\n|cant|p2a: Dondozo|move: Taunt|Curse\n|\n|-damage|p2a: Dondozo|317/362 psn|[from] psn\n|upkeep\n|turn|23\n|\n|t:|1781454056\n|move|p1a: Qwilfish|Crunch|p2a: Dondozo\n|-damage|p2a: Dondozo|247/362 psn\n|-unboost|p2a: Dondozo|def|1\n|move|p2a: Dondozo|Wave Crash|p1a: Qwilfish\n|-damage|p1a: Qwilfish|145/244\n|-damage|p2a: Dondozo|223/362 psn|[from] Recoil\n|\n|-heal|p2a: Dondozo|245/362 psn|[from] item: Leftovers\n|-damage|p2a: Dondozo|200/362 psn|[from] psn\n|upkeep\n|turn|24\n|\n|t:|1781454060\n|move|p1a: Qwilfish|Crunch|p2a: Dondozo\n|-damage|p2a: Dondozo|98/362 psn\n|move|p2a: Dondozo|Wave Crash|p1a: Qwilfish\n|-damage|p1a: Qwilfish|63/244\n|-damage|p2a: Dondozo|71/362 psn|[from] Recoil\n|\n|-heal|p2a: Dondozo|93/362 psn|[from] item: Leftovers\n|-damage|p2a: Dondozo|48/362 psn|[from] psn\n|-end|p2a: Dondozo|move: Taunt\n|upkeep\n|turn|25\n|\n|t:|1781454062\n|move|p1a: Qwilfish|Crunch|p2a: Dondozo\n|-damage|p2a: Dondozo|0 fnt\n|faint|p2a: Dondozo\n|\n|upkeep\n|\n|t:|1781454064\n|switch|p2a: Lilligant|Lilligant-Hisui, L79, F|240/240\n|-status|p2a: Lilligant|psn\n|turn|26\n|\n|t:|1781454069\n|switch|p1a: Dunsparce|Dunsparce, L86, M|53/312 par\n|-activate|p1a: Dunsparce|move: Sticky Web\n|-unboost|p1a: Dunsparce|spe|1\n|move|p2a: Lilligant|Victory Dance|p2a: Lilligant\n|-boost|p2a: Lilligant|atk|1\n|-boost|p2a: Lilligant|def|1\n|-boost|p2a: Lilligant|spe|1\n|\n|-damage|p2a: Lilligant|210/240 psn|[from] psn\n|upkeep\n|turn|27\n|\n|t:|1781454074\n|move|p2a: Lilligant|Leaf Blade|p1a: Dunsparce|[miss]\n|-miss|p2a: Lilligant|p1a: Dunsparce\n|move|p1a: Dunsparce|Body Slam|p2a: Lilligant\n|-damage|p2a: Lilligant|144/240 psn\n|\n|-damage|p2a: Lilligant|114/240 psn|[from] psn\n|upkeep\n|turn|28\n|\n|t:|1781454076\n|move|p2a: Lilligant|Leaf Blade|p1a: Dunsparce\n|-damage|p1a: Dunsparce|0 fnt\n|faint|p1a: Dunsparce\n|-damage|p2a: Lilligant|90/240 psn|[from] item: Life Orb\n|\n|-damage|p2a: Lilligant|60/240 psn|[from] psn\n|upkeep\n|\n|t:|1781454078\n|switch|p1a: Qwilfish|Qwilfish-Hisui, L83, M|63/244\n|-activate|p1a: Qwilfish|move: Sticky Web\n|-unboost|p1a: Qwilfish|spe|1\n|-ability|p1a: Qwilfish|Intimidate|boost\n|-unboost|p2a: Lilligant|atk|1\n|turn|29\n|\n|t:|1781454087\n|switch|p1a: Noivern|Noivern, L82, F|141/274\n|move|p2a: Lilligant|Close Combat|p1a: Noivern\n|-resisted|p1a: Noivern\n|-damage|p1a: Noivern|18/274\n|-unboost|p2a: Lilligant|def|1\n|-unboost|p2a: Lilligant|spd|1\n|-damage|p2a: Lilligant|36/240 psn|[from] item: Life Orb\n|\n|-damage|p2a: Lilligant|6/240 psn|[from] psn\n|upkeep\n|turn|30\n|\n|t:|1781454092\n|switch|p1a: Qwilfish|Qwilfish-Hisui, L83, M|63/244\n|-activate|p1a: Qwilfish|move: Sticky Web\n|-unboost|p1a: Qwilfish|spe|1\n|-ability|p1a: Qwilfish|Intimidate|boost\n|-unboost|p2a: Lilligant|atk|1\n|move|p2a: Lilligant|Ice Spinner|p1a: Qwilfish\n|-damage|p1a: Qwilfish|12/244\n|-damage|p2a: Lilligant|0 fnt|[from] item: Life Orb\n|faint|p2a: Lilligant\n|\n|win|pelele19\n", "uploadtime": 1781453803, "views": 8, "formatid": "gen9randombattle", "rating": null, "private": 0, "password": null}