{"id": "gen9randombattle-2631389139", "format": "[Gen 9] Random Battle", "players": ["exploziff", "antibeato"], "log": "|j|\u2606exploziff\n|j|\u2606antibeato\n|t:|1781378851\n|gametype|singles\n|player|p1|exploziff|266|2003\n|player|p2|antibeato|102|1992\n|gen|9\n|tier|[Gen 9] Random Battle\n|rated|\n|rule|Species Clause: Limit one of each Pok\u00e9mon\n|rule|HP Percentage Mod: HP is shown in percentages\n|rule|Sleep Clause Mod: Limit one foe put to sleep\n|rule|Illusion Level Mod: Illusion disguises the Pok\u00e9mon's true level\n|\n|t:|1781378851\n|teamsize|p1|6\n|teamsize|p2|6\n|start\n|switch|p1a: Arcanine|Arcanine-Hisui, L79, M|279/279\n|switch|p2a: Arceus|Arceus-Electric, L70|284/284\n|turn|1\n|inactive|Battle timer is ON: inactive players will automatically lose when time's up. (requested by antibeato)\n|\n|t:|1781378866\n|switch|p2a: Tauros|Tauros-Paldea-Combat, L82, M|257/257\n|-ability|p2a: Tauros|Intimidate|boost\n|-unboost|p1a: Arcanine|atk|1\n|move|p1a: Arcanine|Head Smash|p2a: Tauros|[miss]\n|-miss|p1a: Arcanine|p2a: Tauros\n|\n|upkeep\n|turn|2\n|\n|t:|1781378880\n|switch|p1a: Lurantis|Lurantis, L87, F|264/264\n|move|p2a: Tauros|Close Combat|p1a: Lurantis\n|-damage|p1a: Lurantis|68/264\n|-unboost|p2a: Tauros|def|1\n|-unboost|p2a: Tauros|spd|1\n|\n|upkeep\n|turn|3\n|\n|t:|1781378894\n|move|p2a: Tauros|Close Combat|p1a: Lurantis\n|-damage|p1a: Lurantis|0 fnt\n|-unboost|p2a: Tauros|def|1\n|-unboost|p2a: Tauros|spd|1\n|faint|p1a: Lurantis\n|\n|upkeep\n|inactive|exploziff has 120 seconds left.\n|\n|t:|1781378942\n|switch|p1a: Pikachu|Pikachu-Original, L93, M|216/216\n|turn|4\n|\n|t:|1781378950\n|switch|p2a: Rotom|Rotom-Mow, L87|229/229\n|move|p1a: Pikachu|Volt Switch|p2a: Rotom\n|-resisted|p2a: Rotom\n|-damage|p2a: Rotom|208/229\n|\n|t:|1781378953\n|switch|p1a: Arcanine|Arcanine-Hisui, L79, M|279/279|[from] Volt Switch\n|\n|upkeep\n|turn|5\n|\n|t:|1781378963\n|switch|p2a: Scream Tail|Scream Tail, L84|330/330\n|move|p1a: Arcanine|Flare Blitz|p2a: Scream Tail\n|-damage|p2a: Scream Tail|153/330\n|\n|-heal|p2a: Scream Tail|173/330|[from] item: Leftovers\n|upkeep\n|turn|6\n|\n|t:|1781378973\n|move|p2a: Scream Tail|Protect|p2a: Scream Tail\n|-singleturn|p2a: Scream Tail|Protect\n|move|p1a: Arcanine|Flare Blitz|p2a: Scream Tail\n|-activate|p2a: Scream Tail|move: Protect\n|\n|-heal|p2a: Scream Tail|193/330|[from] item: Leftovers\n|upkeep\n|turn|7\n|\n|t:|1781378994\n|move|p2a: Scream Tail|Thunder Wave|p1a: Arcanine\n|-status|p1a: Arcanine|par\n|move|p1a: Arcanine|Flare Blitz|p2a: Scream Tail\n|-damage|p2a: Scream Tail|15/330\n|\n|-heal|p2a: Scream Tail|35/330|[from] item: Leftovers\n|upkeep\n|turn|8\n|\n|t:|1781379002\n|switch|p1a: Pikachu|Pikachu-Original, L93, M|216/216\n|move|p2a: Scream Tail|Protect||[still]\n|-fail|p2a: Scream Tail\n|\n|-heal|p2a: Scream Tail|55/330|[from] item: Leftovers\n|upkeep\n|turn|9\n|\n|t:|1781379005\n|move|p2a: Scream Tail|Dazzling Gleam|p1a: Pikachu\n|-damage|p1a: Pikachu|126/216\n|move|p1a: Pikachu|Knock Off|p2a: Scream Tail\n|-damage|p2a: Scream Tail|0 fnt\n|-enditem|p2a: Scream Tail|Leftovers|[from] move: Knock Off|[of] p1a: Pikachu\n|faint|p2a: Scream Tail\n|-end|p2a: Scream Tail|Protosynthesis|[silent]\n|\n|upkeep\n|\n|t:|1781379011\n|switch|p2a: Rotom|Rotom-Mow, L87|208/229\n|turn|10\n|\n|t:|1781379033\n|move|p2a: Rotom|Leaf Storm|p1a: Pikachu\n|-damage|p1a: Pikachu|0 fnt\n|-unboost|p2a: Rotom|spa|2\n|faint|p1a: Pikachu\n|\n|upkeep\n|\n|t:|1781379036\n|switch|p1a: Arcanine|Arcanine-Hisui, L79, M|279/279 par\n|turn|11\n|\n|t:|1781379048\n|move|p2a: Rotom|Leaf Storm|p1a: Arcanine\n|-damage|p1a: Arcanine|188/279 par\n|-unboost|p2a: Rotom|spa|2\n|move|p1a: Arcanine|Flare Blitz|p2a: Rotom\n|-supereffective|p2a: Rotom\n|-damage|p2a: Rotom|0 fnt\n|faint|p2a: Rotom\n|\n|upkeep\n|\n|t:|1781379052\n|switch|p2a: Tauros|Tauros-Paldea-Combat, L82, M|257/257\n|-ability|p2a: Tauros|Intimidate|boost\n|-unboost|p1a: Arcanine|atk|1\n|turn|12\n|inactive|exploziff has 120 seconds left.\n|\n|t:|1781379082\n|move|p2a: Tauros|Close Combat|p1a: Arcanine\n|-supereffective|p1a: Arcanine\n|-damage|p1a: Arcanine|0 fnt\n|-unboost|p2a: Tauros|def|1\n|-unboost|p2a: Tauros|spd|1\n|faint|p1a: Arcanine\n|\n|upkeep\n|\n|t:|1781379087\n|switch|p1a: Raikou|Raikou, L81|278/278\n|-ability|p1a: Raikou|Pressure\n|turn|13\n|\n|t:|1781379100\n|switch|p2a: Sunflora|Sunflora, F|312/312\n|move|p1a: Raikou|Calm Mind|p1a: Raikou\n|-boost|p1a: Raikou|spa|1\n|-boost|p1a: Raikou|spd|1\n|\n|upkeep\n|turn|14\n|\n|t:|1781379119\n|switch|p1a: Tsareena|Tsareena, L87, F|267/267\n|move|p2a: Sunflora|Earth Power|p1a: Tsareena\n|-resisted|p1a: Tsareena\n|-damage|p1a: Tsareena|207/267\n|\n|upkeep\n|turn|15\n|\n|t:|1781379125\n|switch|p2a: Tauros|Tauros-Paldea-Combat, L82, M|257/257\n|-ability|p2a: Tauros|Intimidate|boost\n|-unboost|p1a: Tsareena|atk|1\n|move|p1a: Tsareena|High Jump Kick|p2a: Tauros\n|-damage|p2a: Tauros|190/257\n|\n|upkeep\n|turn|16\n|\n|t:|1781379133\n|move|p2a: Tauros|Close Combat|p1a: Tsareena\n|-damage|p1a: Tsareena|33/267\n|-unboost|p2a: Tauros|def|1\n|-unboost|p2a: Tauros|spd|1\n|move|p1a: Tsareena|Rapid Spin|p2a: Tauros\n|-damage|p2a: Tauros|152/257\n|-boost|p1a: Tsareena|spe|1\n|\n|upkeep\n|turn|17\n|\n|t:|1781379137\n|move|p1a: Tsareena|Power Whip|p2a: Tauros\n|-damage|p2a: Tauros|0 fnt\n|faint|p2a: Tauros\n|\n|upkeep\n|\n|t:|1781379143\n|switch|p2a: Sunflora|Sunflora, F|312/312\n|turn|18\n|\n|t:|1781379149\n|move|p1a: Tsareena|High Jump Kick|p2a: Sunflora\n|-damage|p2a: Sunflora|226/312\n|move|p2a: Sunflora|Earth Power|p1a: Tsareena\n|-resisted|p1a: Tsareena\n|-damage|p1a: Tsareena|0 fnt\n|faint|p1a: Tsareena\n|\n|upkeep\n|\n|t:|1781379153\n|switch|p1a: Crabominable|Crabominable, L90, M|321/321\n|turn|19\n|\n|t:|1781379159\n|move|p1a: Crabominable|Ice Hammer|p2a: Sunflora\n|-supereffective|p2a: Sunflora\n|-damage|p2a: Sunflora|0 fnt\n|-unboost|p1a: Crabominable|spe|1\n|faint|p2a: Sunflora\n|\n|upkeep\n|\n|t:|1781379169\n|switch|p2a: Kyogre|Kyogre, L71|259/259\n|-weather|RainDance|[from] ability: Drizzle|[of] p2a: Kyogre\n|turn|20\n|\n|t:|1781379183\n|move|p2a: Kyogre|Origin Pulse|p1a: Crabominable\n|-damage|p1a: Crabominable|131/321\n|move|p1a: Crabominable|Ice Hammer|p2a: Kyogre|[miss]\n|-miss|p1a: Crabominable|p2a: Kyogre\n|\n|-weather|RainDance|[upkeep]\n|upkeep\n|turn|21\n|inactive|exploziff has 120 seconds left.\n|\n|t:|1781379218\n|switch|p1a: Raikou|Raikou, L81|278/278\n|-ability|p1a: Raikou|Pressure\n|move|p2a: Kyogre|Origin Pulse|p1a: Raikou\n|-damage|p1a: Raikou|100/278\n|\n|-weather|RainDance|[upkeep]\n|-heal|p1a: Raikou|117/278|[from] item: Leftovers\n|upkeep\n|turn|22\n|\n|t:|1781379226\n|move|p1a: Raikou|Thunderbolt|p2a: Kyogre\n|-supereffective|p2a: Kyogre\n|-damage|p2a: Kyogre|91/259\n|move|p2a: Kyogre|Origin Pulse|p1a: Raikou\n|-damage|p1a: Raikou|0 fnt\n|faint|p1a: Raikou\n|\n|-weather|RainDance|[upkeep]\n|-heal|p2a: Kyogre|107/259|[from] item: Leftovers\n|upkeep\n|\n|t:|1781379230\n|switch|p1a: Crabominable|Crabominable, L90, M|131/321\n|turn|23\n|\n|t:|1781379235\n|move|p2a: Kyogre|Thunder|p1a: Crabominable\n|-damage|p1a: Crabominable|38/321\n|move|p1a: Crabominable|Drain Punch|p2a: Kyogre\n|-damage|p2a: Kyogre|0 fnt\n|-heal|p1a: Crabominable|92/321|[from] drain|[of] p2a: Kyogre\n|faint|p2a: Kyogre\n|\n|-weather|RainDance|[upkeep]\n|upkeep\n|\n|t:|1781379240\n|switch|p2a: Arceus|Arceus-Electric, L70|284/284\n|turn|24\n|\n|t:|1781379243\n|-terastallize|p1a: Crabominable|Ground\n|move|p2a: Arceus|Judgment|p1a: Crabominable\n|-immune|p1a: Crabominable\n|move|p1a: Crabominable|Drain Punch|p2a: Arceus\n|-damage|p2a: Arceus|103/284\n|-heal|p1a: Crabominable|183/321|[from] drain|[of] p2a: Arceus\n|\n|-weather|none\n|upkeep\n|turn|25\n|\n|t:|1781379250\n|-terastallize|p2a: Arceus|Ice\n|move|p2a: Arceus|Ice Beam|p1a: Crabominable\n|-supereffective|p1a: Crabominable\n|-damage|p1a: Crabominable|3/321\n|move|p1a: Crabominable|Drain Punch|p2a: Arceus\n|-supereffective|p2a: Arceus\n|-damage|p2a: Arceus|0 fnt\n|-heal|p1a: Crabominable|55/321|[from] drain|[of] p2a: Arceus\n|faint|p2a: Arceus\n|\n|win|exploziff\n", "inputlog": ">version a8376a258c1d4662feba110a92103f3664a72141\n>start {\"formatid\":\"gen9randombattle\",\"seed\":\"sodium,90f464e9ad5a57de758625f0c4b1a7d8\",\"rated\":\"Rated battle\"}\n>player p1 {\"name\":\"exploziff\",\"avatar\":\"266\",\"rating\":2003,\"seed\":\"sodium,809aff69e394ff10ac98d261fbed6910\"}\n>player p2 {\"name\":\"antibeato\",\"avatar\":\"102\",\"rating\":1992,\"seed\":\"sodium,37f7be64a939d2e63553cad70b09d4fd\"}\n>p1 move headsmash\n>p2 switch 2\n>p1 switch 6\n>p2 move closecombat\n>p1 move leafstorm\n>p2 move closecombat\n>p1 switch 4\n>p1 move voltswitch\n>p2 switch 6\n>p1 switch 6\n>p1 move flareblitz\n>p2 switch 5\n>p1 move flareblitz\n>p2 move protect\n>p1 move flareblitz\n>p2 move thunderwave\n>p1 switch 6\n>p2 move protect\n>p1 move knockoff\n>p2 move dazzlinggleam\n>p2 switch 5\n>p1 move voltswitch\n>p2 move leafstorm\n>p1 switch 6\n>p1 move flareblitz\n>p2 move leafstorm\n>p2 switch 6\n>p1 move flareblitz\n>p2 move closecombat\n>p1 switch 3\n>p1 move calmmind\n>p2 switch 4\n>p1 switch 5\n>p2 move earthpower\n>p1 move highjumpkick\n>p2 switch 4\n>p1 move rapidspin\n>p2 move closecombat\n>p1 move powerwhip\n>p2 move closecombat\n>p2 switch 4\n>p1 move highjumpkick\n>p2 move earthpower\n>p1 switch 2\n>p1 move icehammer\n>p2 move earthpower\n>p2 switch 3\n>p1 move icehammer\n>p2 move originpulse\n>p1 switch 5\n>p2 move originpulse\n>p1 move thunderbolt\n>p2 move originpulse\n>p1 switch 5\n>p1 move drainpunch\n>p2 move thunder\n>p2 switch 2\n>p1 move drainpunch terastallize\n>p2 move judgment\n>p1 move drainpunch\n>p2 move icebeam terastallize", "uploadtime": 1781378853, "views": 11, "formatid": "gen9randombattle", "rating": null, "private": 0, "password": null}