{"id": "gen9randombattle-2631581843", "format": "[Gen 9] Random Battle", "players": ["nickolassbomfim", "Cesar A Bedoya"], "log": "|j|\u2606nickolassbomfim\n|j|\u2606Cesar A Bedoya\n|t:|1781404345\n|gametype|singles\n|player|p1|nickolassbomfim|red-masters|1938\n|player|p2|Cesar A Bedoya|shadowtriad|1914\n|gen|9\n|tier|[Gen 9] Random Battle\n|rated|\n|rule|Species Clause: Limit one of each Pok\u00e9mon\n|rule|HP Percentage Mod: HP is shown in percentages\n|rule|Sleep Clause Mod: Limit one foe put to sleep\n|rule|Illusion Level Mod: Illusion disguises the Pok\u00e9mon's true level\n|\n|t:|1781404345\n|teamsize|p1|6\n|teamsize|p2|6\n|start\n|switch|p1a: Seviper|Seviper, L93, M|287/287\n|switch|p2a: Terrakion|Terrakion, L79|273/273\n|turn|1\n|j| isaaz06\n|inactive|Battle timer is ON: inactive players will automatically lose when time's up. (requested by Cesar A Bedoya)\n|l| isaaz06\n|\n|t:|1781404362\n|move|p1a: Seviper|Earthquake|p2a: Terrakion\n|-supereffective|p2a: Terrakion\n|-damage|p2a: Terrakion|91/273\n|move|p2a: Terrakion|Earthquake|p1a: Seviper\n|-supereffective|p1a: Seviper\n|-damage|p1a: Seviper|58/287\n|-damage|p2a: Terrakion|64/273|[from] item: Life Orb\n|\n|upkeep\n|turn|2\n|\n|t:|1781404370\n|switch|p2a: Talonflame|Talonflame, L83, F|265/265\n|move|p1a: Seviper|Earthquake|p2a: Talonflame\n|-immune|p2a: Talonflame\n|\n|upkeep\n|turn|3\n|\n|t:|1781404373\n|switch|p1a: Slowking|Slowking, L88, M|310/310\n|move|p2a: Talonflame|Swords Dance|p2a: Talonflame\n|-boost|p2a: Talonflame|atk|2\n|\n|upkeep\n|turn|4\n|\n|t:|1781404387\n|move|p2a: Talonflame|Brave Bird|p1a: Slowking\n|-damage|p1a: Slowking|102/310\n|-damage|p2a: Talonflame|196/265|[from] Recoil\n|move|p1a: Slowking|Future Sight|p2a: Talonflame\n|-start|p1a: Slowking|move: Future Sight\n|\n|upkeep\n|turn|5\n|\n|t:|1781404397\n|switch|p1a: Passimian|Passimian, L83, F|302/302\n|move|p2a: Talonflame|Brave Bird|p1a: Passimian\n|-supereffective|p1a: Passimian\n|-crit|p1a: Passimian\n|-damage|p1a: Passimian|0 fnt\n|faint|p1a: Passimian\n|-damage|p2a: Talonflame|96/265|[from] Recoil\n|\n|upkeep\n|\n|t:|1781404403\n|switch|p1a: Seviper|Seviper, L93, M|58/287\n|turn|6\n|\n|t:|1781404407\n|move|p1a: Seviper|Gunk Shot|p2a: Talonflame\n|-damage|p2a: Talonflame|0 fnt\n|faint|p2a: Talonflame\n|\n|-hint|Future Sight did not hit because the target is fainted.\n|upkeep\n|\n|t:|1781404416\n|switch|p2a: Luxray|Luxray, L88, M|284/284\n|-ability|p2a: Luxray|Intimidate|boost\n|-unboost|p1a: Seviper|atk|1\n|turn|7\n|\n|t:|1781404420\n|move|p1a: Seviper|Gunk Shot|p2a: Luxray\n|-damage|p2a: Luxray|169/284\n|move|p2a: Luxray|Volt Switch|p1a: Seviper\n|-damage|p1a: Seviper|0 fnt\n|faint|p1a: Seviper\n|inactive|Cesar A Bedoya has 120 seconds left.\n|\n|t:|1781404457\n|switch|p2a: Kricketune|Kricketune, L99, F|312/312|[from] Volt Switch\n|\n|upkeep\n|\n|t:|1781404462\n|switch|p1a: Magmortar|Magmortar, L88, M|275/275\n|turn|8\n|\n|t:|1781404474\n|switch|p2a: Luxray|Luxray, L88, M|169/284\n|-ability|p2a: Luxray|Intimidate|boost\n|-unboost|p1a: Magmortar|atk|1\n|move|p1a: Magmortar|Fire Blast|p2a: Luxray\n|-damage|p2a: Luxray|69/284\n|\n|upkeep\n|turn|9\n|\n|t:|1781404481\n|move|p1a: Magmortar|Fire Blast|p2a: Luxray\n|-damage|p2a: Luxray|0 fnt\n|faint|p2a: Luxray\n|\n|upkeep\n|\n|t:|1781404495\n|switch|p2a: Terrakion|Terrakion, L79|64/273\n|turn|10\n|\n|t:|1781404505\n|switch|p1a: Slowking|Slowking, L88, M|205/310\n|move|p2a: Terrakion|Stone Edge|p1a: Slowking\n|-damage|p1a: Slowking|61/310\n|-damage|p2a: Terrakion|37/273|[from] item: Life Orb\n|\n|upkeep\n|turn|11\n|\n|t:|1781404519\n|switch|p1a: Zapdos|Zapdos-Galar, L77|265/265\n|move|p2a: Terrakion|Earthquake|p1a: Zapdos\n|-immune|p1a: Zapdos\n|\n|upkeep\n|turn|12\n|\n|t:|1781404526\n|move|p2a: Terrakion|Stone Edge|p1a: Zapdos\n|-damage|p1a: Zapdos|108/265\n|-damage|p2a: Terrakion|10/273|[from] item: Life Orb\n|move|p1a: Zapdos|Brave Bird|p2a: Terrakion\n|-damage|p2a: Terrakion|0 fnt\n|faint|p2a: Terrakion\n|-damage|p1a: Zapdos|105/265|[from] Recoil\n|-damage|p1a: Zapdos|79/265|[from] item: Life Orb\n|\n|upkeep\n|\n|t:|1781404554\n|switch|p2a: Kricketune|Kricketune, L99, F|312/312\n|turn|13\n|\n|t:|1781404561\n|move|p1a: Zapdos|Brave Bird|p2a: Kricketune\n|-supereffective|p2a: Kricketune\n|-damage|p2a: Kricketune|0 fnt\n|faint|p2a: Kricketune\n|-damage|p1a: Zapdos|0 fnt|[from] Recoil\n|faint|p1a: Zapdos\n|\n|upkeep\n|\n|t:|1781404577\n|switch|p1a: Magmortar|Magmortar, L88, M|275/275\n|switch|p2a: Gallade|Gallade, L80, M|240/240\n|turn|14\n|\n|t:|1781404581\n|move|p1a: Magmortar|Will-O-Wisp|p2a: Gallade\n|-status|p2a: Gallade|brn\n|move|p2a: Gallade|Sacred Sword|p1a: Magmortar\n|-damage|p1a: Magmortar|145/275\n|-damage|p2a: Gallade|216/240 brn|[from] item: Life Orb\n|\n|-damage|p2a: Gallade|201/240 brn|[from] brn\n|upkeep\n|turn|15\n|\n|t:|1781404586\n|move|p1a: Magmortar|Fire Blast|p2a: Gallade\n|-damage|p2a: Gallade|56/240 brn\n|move|p2a: Gallade|Sacred Sword|p1a: Magmortar\n|-damage|p1a: Magmortar|23/275\n|-damage|p2a: Gallade|32/240 brn|[from] item: Life Orb\n|\n|-damage|p2a: Gallade|17/240 brn|[from] brn\n|upkeep\n|turn|16\n|\n|t:|1781404605\n|move|p1a: Magmortar|Thunderbolt|p2a: Gallade\n|-damage|p2a: Gallade|0 fnt\n|faint|p2a: Gallade\n|\n|upkeep\n|\n|t:|1781404607\n|switch|p2a: Sunflora|Sunflora, M|312/312\n|turn|17\n|\n|t:|1781404611\n|move|p1a: Magmortar|Fire Blast|p2a: Sunflora\n|-supereffective|p2a: Sunflora\n|-damage|p2a: Sunflora|24/312\n|move|p2a: Sunflora|Earth Power|p1a: Magmortar\n|-supereffective|p1a: Magmortar\n|-damage|p1a: Magmortar|0 fnt\n|faint|p1a: Magmortar\n|\n|upkeep\n|\n|t:|1781404616\n|switch|p1a: Maushold|Maushold, L76|238/238\n|turn|18\n|\n|t:|1781404621\n|move|p1a: Maushold|Bite|p2a: Sunflora\n|-damage|p2a: Sunflora|0 fnt\n|faint|p2a: Sunflora\n|\n|win|nickolassbomfim\n", "inputlog": ">version a8376a258c1d4662feba110a92103f3664a72141\n>start {\"formatid\":\"gen9randombattle\",\"seed\":\"sodium,6e9ad73a185310450972126a597cf333\",\"rated\":\"Rated battle\"}\n>player p1 {\"name\":\"nickolassbomfim\",\"avatar\":\"red-masters\",\"rating\":1938,\"seed\":\"sodium,e44c074b34d0f248d377f1ad700eb6cb\"}\n>player p2 {\"name\":\"Cesar A Bedoya\",\"avatar\":\"shadowtriad\",\"rating\":1914,\"seed\":\"sodium,f301bafbf0f5cb7b45065892a60a2599\"}\n>p1 move earthquake\n>p2 move earthquake\n>p1 move earthquake\n>p2 switch 6\n>p1 switch 3\n>p2 move swordsdance\n>p1 move futuresight\n>p2 move bravebird\n>p1 switch 4\n>p2 move bravebird\n>p1 switch 3\n>p1 move gunkshot\n>p2 move bravebird\n>p2 switch 2\n>p1 move gunkshot\n>p2 move voltswitch\n>p2 switch 5\n>p1 switch 6\n>p1 move fireblast\n>p2 switch 5\n>p1 move fireblast\n>p2 move wildcharge\n>p2 switch 6\n>p1 switch 4\n>p2 move stoneedge\n>p1 switch 5\n>p2 move earthquake\n>p1 move bravebird\n>p2 move stoneedge\n>p2 switch 5\n>p1 move bravebird\n>p2 move pounce\n>p1 switch 4\n>p2 switch 4\n>p1 move willowisp\n>p2 move sacredsword\n>p1 move fireblast\n>p2 move sacredsword\n>p1 move thunderbolt\n>p2 move sacredsword\n>p2 switch 3\n>p1 move fireblast\n>p2 move earthpower\n>p1 switch 2\n>p1 move bite\n>p2 move earthpower", "uploadtime": 1781404347, "views": 4, "formatid": "gen9randombattle", "rating": null, "private": 0, "password": null}