{"id": "gen9randombattle-2631798049", "format": "[Gen 9] Random Battle", "players": ["a rabbit", "MasterJ007"], "log": "|badge|p1|bronze|gen9randombattle|100-9\n|uhtml|medal-msg|<div class=\"broadcast-blue\">Curious what those medals under the avatar are? PS now has Ladder Seasons! For more information, check out the <a href=\"https://www.smogon.com/forums/threads/3740067/\">thread on Smogon.</a></div>\n|badge|p2|silver|gen9randombattle|30-9\n|uhtml|medal-msg|<div class=\"broadcast-blue\">Curious what those medals under the avatar are? PS now has Ladder Seasons! For more information, check out the <a href=\"https://www.smogon.com/forums/threads/3740067/\">thread on Smogon.</a></div>\n|j|\u2606a rabbit\n|j|\u2606MasterJ007\n|t:|1781441212\n|gametype|singles\n|player|p1|a rabbit|#scl2breakers|2361\n|player|p2|MasterJ007|#rbtt7teamsuicune|2343\n|gen|9\n|tier|[Gen 9] Random Battle\n|rated|\n|rule|Species Clause: Limit one of each Pok\u00e9mon\n|rule|HP Percentage Mod: HP is shown in percentages\n|rule|Sleep Clause Mod: Limit one foe put to sleep\n|rule|Illusion Level Mod: Illusion disguises the Pok\u00e9mon's true level\n|\n|t:|1781441212\n|teamsize|p1|6\n|teamsize|p2|6\n|start\n|switch|p1a: Raging Bolt|Raging Bolt, L78|323/323\n|switch|p2a: Slither Wing|Slither Wing, L81|270/270\n|turn|1\n|inactive|Battle timer is ON: inactive players will automatically lose when time's up. (requested by MasterJ007)\n|inactive|MasterJ007 has 120 seconds left.\n|\n|t:|1781441245\n|move|p2a: Slither Wing|U-turn|p1a: Raging Bolt\n|-damage|p1a: Raging Bolt|230/323\n|\n|t:|1781441251\n|-end|p2a: Slither Wing|Protosynthesis|[silent]\n|switch|p2a: Regigigas|Regigigas, L84|322/322|[from] U-turn\n|-start|p2a: Regigigas|ability: Slow Start\n|move|p1a: Raging Bolt|Draco Meteor|p2a: Regigigas\n|-damage|p2a: Regigigas|180/322\n|-unboost|p1a: Raging Bolt|spa|2\n|\n|-heal|p1a: Raging Bolt|250/323|[from] item: Leftovers\n|-heal|p2a: Regigigas|200/322|[from] item: Leftovers\n|upkeep\n|turn|2\n|\n|t:|1781441265\n|-end|p1a: Raging Bolt|Protosynthesis|[silent]\n|switch|p1a: Gastrodon|Gastrodon-East, L86, M|331/331\n|move|p2a: Regigigas|Substitute|p2a: Regigigas\n|-start|p2a: Regigigas|Substitute\n|-damage|p2a: Regigigas|120/322\n|\n|-heal|p2a: Regigigas|140/322|[from] item: Leftovers\n|upkeep\n|turn|3\n|\n|t:|1781441272\n|move|p2a: Regigigas|Protect|p2a: Regigigas\n|-singleturn|p2a: Regigigas|Protect\n|move|p1a: Gastrodon|Earthquake|p2a: Regigigas\n|-activate|p2a: Regigigas|move: Protect\n|\n|-heal|p2a: Regigigas|160/322|[from] item: Leftovers\n|upkeep\n|turn|4\n|\n|t:|1781441276\n|move|p1a: Gastrodon|Earthquake|p2a: Regigigas\n|-end|p2a: Regigigas|Substitute\n|move|p2a: Regigigas|Knock Off|p1a: Gastrodon\n|-damage|p1a: Gastrodon|265/331\n|-enditem|p1a: Gastrodon|Leftovers|[from] move: Knock Off|[of] p2a: Regigigas\n|\n|-heal|p2a: Regigigas|180/322|[from] item: Leftovers\n|upkeep\n|turn|5\n|\n|t:|1781441280\n|move|p2a: Regigigas|Protect|p2a: Regigigas\n|-singleturn|p2a: Regigigas|Protect\n|move|p1a: Gastrodon|Stealth Rock|p2a: Regigigas\n|-sidestart|p2: MasterJ007|move: Stealth Rock\n|\n|-heal|p2a: Regigigas|200/322|[from] item: Leftovers\n|upkeep\n|turn|6\n|\n|t:|1781441285\n|move|p1a: Gastrodon|Surf|p2a: Regigigas\n|-damage|p2a: Regigigas|116/322\n|move|p2a: Regigigas|Substitute|p2a: Regigigas\n|-start|p2a: Regigigas|Substitute\n|-damage|p2a: Regigigas|36/322\n|\n|-heal|p2a: Regigigas|56/322|[from] item: Leftovers\n|-end|p2a: Regigigas|Slow Start\n|upkeep\n|turn|7\n|\n|t:|1781441293\n|move|p2a: Regigigas|Protect|p2a: Regigigas\n|-singleturn|p2a: Regigigas|Protect\n|move|p1a: Gastrodon|Earthquake|p2a: Regigigas\n|-activate|p2a: Regigigas|move: Protect\n|\n|-heal|p2a: Regigigas|76/322|[from] item: Leftovers\n|upkeep\n|turn|8\n|\n|t:|1781441296\n|move|p2a: Regigigas|Body Slam|p1a: Gastrodon\n|-damage|p1a: Gastrodon|100/331\n|-status|p1a: Gastrodon|par\n|move|p1a: Gastrodon|Surf|p2a: Regigigas\n|-end|p2a: Regigigas|Substitute\n|\n|-heal|p2a: Regigigas|96/322|[from] item: Leftovers\n|upkeep\n|turn|9\n|\n|t:|1781441302\n|move|p2a: Regigigas|Body Slam|p1a: Gastrodon\n|-damage|p1a: Gastrodon|0 fnt\n|faint|p1a: Gastrodon\n|\n|-heal|p2a: Regigigas|116/322|[from] item: Leftovers\n|upkeep\n|\n|t:|1781441315\n|switch|p1a: Delphox|Delphox, L84, F|263/263\n|turn|10\n|\n|t:|1781441319\n|move|p2a: Regigigas|Protect|p2a: Regigigas\n|-singleturn|p2a: Regigigas|Protect\n|move|p1a: Delphox|Fire Blast|p2a: Regigigas\n|-activate|p2a: Regigigas|move: Protect\n|\n|-heal|p2a: Regigigas|136/322|[from] item: Leftovers\n|upkeep\n|turn|11\n|\n|t:|1781441332\n|move|p1a: Delphox|Fire Blast|p2a: Regigigas\n|-damage|p2a: Regigigas|22/322\n|move|p2a: Regigigas|Knock Off|p1a: Delphox\n|-supereffective|p1a: Delphox\n|-damage|p1a: Delphox|5/263\n|-enditem|p1a: Delphox|Heavy-Duty Boots|[from] move: Knock Off|[of] p2a: Regigigas\n|\n|-heal|p2a: Regigigas|42/322|[from] item: Leftovers\n|upkeep\n|turn|12\n|\n|t:|1781441343\n|move|p2a: Regigigas|Protect|p2a: Regigigas\n|-singleturn|p2a: Regigigas|Protect\n|move|p1a: Delphox|Psyshock|p2a: Regigigas\n|-activate|p2a: Regigigas|move: Protect\n|\n|-heal|p2a: Regigigas|62/322|[from] item: Leftovers\n|upkeep\n|turn|13\n|\n|t:|1781441346\n|move|p1a: Delphox|Psyshock|p2a: Regigigas\n|-damage|p2a: Regigigas|0 fnt\n|faint|p2a: Regigigas\n|-end|p2a: Regigigas|Slow Start|[silent]\n|\n|upkeep\n|\n|t:|1781441357\n|switch|p2a: Volcanion|Volcanion, L79|255/255\n|-damage|p2a: Volcanion|192/255|[from] Stealth Rock\n|turn|14\n|\n|t:|1781441364\n|switch|p1a: Snorlax|Snorlax, L82, M|397/397\n|move|p2a: Volcanion|Earth Power|p1a: Snorlax\n|-damage|p1a: Snorlax|336/397\n|\n|upkeep\n|turn|15\n|\n|t:|1781441380\n|switch|p2a: Slither Wing|Slither Wing, L81|270/270\n|move|p1a: Snorlax|Body Slam|p2a: Slither Wing\n|-damage|p2a: Slither Wing|161/270\n|\n|upkeep\n|turn|16\n|\n|t:|1781441392\n|switch|p1a: Sceptile|Sceptile, L87, F|264/264\n|move|p2a: Slither Wing|Close Combat|p1a: Sceptile\n|-damage|p1a: Sceptile|63/264\n|-unboost|p2a: Slither Wing|def|1\n|-unboost|p2a: Slither Wing|spd|1\n|\n|upkeep\n|turn|17\n|\n|t:|1781441411\n|move|p1a: Sceptile|Leaf Storm|p2a: Slither Wing\n|-resisted|p2a: Slither Wing\n|-crit|p2a: Slither Wing\n|-damage|p2a: Slither Wing|0 fnt\n|-unboost|p1a: Sceptile|spa|2\n|faint|p2a: Slither Wing\n|-end|p2a: Slither Wing|Protosynthesis|[silent]\n|-damage|p1a: Sceptile|37/264|[from] item: Life Orb\n|\n|upkeep\n|inactive|MasterJ007 has 120 seconds left.\n|\n|t:|1781441445\n|switch|p2a: Pecharunt|Pecharunt, L77|262/262\n|-damage|p2a: Pecharunt|230/262|[from] Stealth Rock\n|turn|18\n|\n|t:|1781441453\n|move|p1a: Sceptile|Earthquake|p2a: Pecharunt\n|-supereffective|p2a: Pecharunt\n|-damage|p2a: Pecharunt|116/262\n|-damage|p1a: Sceptile|11/264|[from] item: Life Orb\n|move|p2a: Pecharunt|Malignant Chain|p1a: Sceptile\n|-supereffective|p1a: Sceptile\n|-damage|p1a: Sceptile|0 fnt\n|faint|p1a: Sceptile\n|\n|-heal|p2a: Pecharunt|132/262|[from] item: Leftovers\n|upkeep\n|\n|t:|1781441456\n|switch|p1a: Delphox|Delphox, L84, F|5/263\n|turn|19\n|\n|t:|1781441462\n|move|p1a: Delphox|Fire Blast|p2a: Pecharunt\n|-damage|p2a: Pecharunt|0 fnt\n|faint|p2a: Pecharunt\n|\n|upkeep\n|\n|t:|1781441465\n|switch|p2a: Volcanion|Volcanion, L79|192/255\n|-damage|p2a: Volcanion|129/255|[from] Stealth Rock\n|turn|20\n|\n|t:|1781441468\n|switch|p1a: Snorlax|Snorlax, L82, M|336/397\n|move|p2a: Volcanion|Steam Eruption|p1a: Snorlax\n|-damage|p1a: Snorlax|219/397\n|\n|upkeep\n|turn|21\n|\n|t:|1781441482\n|move|p2a: Volcanion|Steam Eruption|p1a: Snorlax\n|-damage|p1a: Snorlax|111/397\n|move|p1a: Snorlax|Rest|p1a: Snorlax\n|-status|p1a: Snorlax|slp|[from] move: Rest\n|-heal|p1a: Snorlax|397/397 slp|[silent]\n|-enditem|p1a: Snorlax|Chesto Berry|[eat]\n|-curestatus|p1a: Snorlax|slp|[msg]\n|\n|upkeep\n|turn|22\n|\n|t:|1781441487\n|move|p2a: Volcanion|Steam Eruption|p1a: Snorlax\n|-damage|p1a: Snorlax|279/397\n|-status|p1a: Snorlax|brn\n|move|p1a: Snorlax|Earthquake|p2a: Volcanion\n|-supereffective|p2a: Volcanion\n|-damage|p2a: Volcanion|63/255\n|\n|-damage|p1a: Snorlax|255/397 brn|[from] brn\n|upkeep\n|turn|23\n|\n|t:|1781441493\n|move|p2a: Volcanion|Steam Eruption|p1a: Snorlax|[miss]\n|-miss|p2a: Volcanion|p1a: Snorlax\n|move|p1a: Snorlax|Body Slam|p2a: Volcanion\n|-damage|p2a: Volcanion|24/255\n|\n|-damage|p1a: Snorlax|231/397 brn|[from] brn\n|upkeep\n|turn|24\n|\n|t:|1781441495\n|move|p2a: Volcanion|Steam Eruption|p1a: Snorlax\n|-damage|p1a: Snorlax|110/397 brn\n|move|p1a: Snorlax|Rest|p1a: Snorlax\n|-status|p1a: Snorlax|slp|[from] move: Rest\n|-heal|p1a: Snorlax|397/397 slp|[silent]\n|\n|upkeep\n|turn|25\n|\n|t:|1781441498\n|switch|p2a: Blaziken|Blaziken, L76, F|247/247\n|-damage|p2a: Blaziken|217/247|[from] Stealth Rock\n|cant|p1a: Snorlax|slp\n|\n|upkeep\n|turn|26\n|\n|t:|1781441509\n|switch|p1a: Gothitelle|Gothitelle, L90, F|272/272\n|move|p2a: Blaziken|Swords Dance|p2a: Blaziken\n|-boost|p2a: Blaziken|atk|2\n|\n|-ability|p2a: Blaziken|Speed Boost|boost\n|-boost|p2a: Blaziken|spe|1\n|upkeep\n|turn|27\n|\n|t:|1781441517\n|-terastallize|p1a: Gothitelle|Dark\n|move|p2a: Blaziken|Knock Off|p1a: Gothitelle\n|-resisted|p1a: Gothitelle\n|-damage|p1a: Gothitelle|191/272\n|-enditem|p1a: Gothitelle|Leftovers|[from] move: Knock Off|[of] p2a: Blaziken\n|-damage|p2a: Blaziken|193/247|[from] item: Life Orb\n|move|p1a: Gothitelle|Psychic Noise|p2a: Blaziken\n|-supereffective|p2a: Blaziken\n|-crit|p2a: Blaziken\n|-damage|p2a: Blaziken|0 fnt\n|faint|p2a: Blaziken\n|\n|upkeep\n|\n|t:|1781441531\n|switch|p2a: Porygon-Z|Porygon-Z, L83|277/277\n|-damage|p2a: Porygon-Z|243/277|[from] Stealth Rock\n|turn|28\n|\n|t:|1781441544\n|move|p2a: Porygon-Z|Agility|p2a: Porygon-Z\n|-boost|p2a: Porygon-Z|spe|2\n|move|p1a: Gothitelle|Psychic Noise|p2a: Porygon-Z\n|-damage|p2a: Porygon-Z|141/277\n|-start|p2a: Porygon-Z|move: Heal Block\n|\n|upkeep\n|turn|29\n|\n|t:|1781441555\n|-terastallize|p2a: Porygon-Z|Fighting\n|move|p2a: Porygon-Z|Tera Blast|p1a: Gothitelle|[anim] Tera Blast Fighting\n|-supereffective|p1a: Gothitelle\n|-damage|p1a: Gothitelle|0 fnt\n|faint|p1a: Gothitelle\n|-damage|p2a: Porygon-Z|114/277|[from] item: Life Orb\n|\n|-end|p2a: Porygon-Z|move: Heal Block\n|upkeep\n|\n|t:|1781441565\n|switch|p1a: Delphox|Delphox, L84, F|5/263\n|turn|30\n|\n|t:|1781441569\n|move|p2a: Porygon-Z|Tera Blast|p1a: Delphox|[anim] Tera Blast Fighting\n|-resisted|p1a: Delphox\n|-damage|p1a: Delphox|0 fnt\n|faint|p1a: Delphox\n|-damage|p2a: Porygon-Z|87/277|[from] item: Life Orb\n|\n|upkeep\n|\n|t:|1781441579\n|switch|p1a: Raging Bolt|Raging Bolt, L78|250/323\n|turn|31\n|\n|t:|1781441583\n|move|p1a: Raging Bolt|Thunderclap||[still]\n|-fail|p1a: Raging Bolt\n|move|p2a: Porygon-Z|Nasty Plot|p2a: Porygon-Z\n|-boost|p2a: Porygon-Z|spa|2\n|\n|-heal|p1a: Raging Bolt|270/323|[from] item: Leftovers\n|upkeep\n|turn|32\n|\n|t:|1781441588\n|move|p1a: Raging Bolt|Thunderclap||[still]\n|-fail|p1a: Raging Bolt\n|move|p2a: Porygon-Z|Nasty Plot|p2a: Porygon-Z\n|-boost|p2a: Porygon-Z|spa|2\n|\n|-heal|p1a: Raging Bolt|290/323|[from] item: Leftovers\n|upkeep\n|turn|33\n|\n|t:|1781441591\n|move|p1a: Raging Bolt|Thunderclap||[still]\n|-fail|p1a: Raging Bolt\n|move|p2a: Porygon-Z|Agility|p2a: Porygon-Z\n|-boost|p2a: Porygon-Z|spe|2\n|\n|-heal|p1a: Raging Bolt|310/323|[from] item: Leftovers\n|upkeep\n|turn|34\n|\n|t:|1781441593\n|move|p1a: Raging Bolt|Thunderclap|p2a: Porygon-Z\n|-damage|p2a: Porygon-Z|0 fnt\n|faint|p2a: Porygon-Z\n|\n|-heal|p1a: Raging Bolt|323/323|[from] item: Leftovers\n|upkeep\n|\n|t:|1781441594\n|switch|p2a: Volcanion|Volcanion, L79|24/255\n|-damage|p2a: Volcanion|0 fnt|[from] Stealth Rock\n|faint|p2a: Volcanion\n|\n|win|a rabbit\n", "inputlog": ">version a8376a258c1d4662feba110a92103f3664a72141\n>start {\"formatid\":\"gen9randombattle\",\"seed\":\"sodium,ca23d8ca19bccd4b4cfa7a21c8bb859c\",\"rated\":\"Rated battle\"}\n>player p1 {\"name\":\"a rabbit\",\"avatar\":\"#scl2breakers\",\"rating\":2361,\"seed\":\"sodium,ff8980dc572328facf4ac7a08f299fe6\"}\n>player p2 {\"name\":\"MasterJ007\",\"avatar\":\"#rbtt7teamsuicune\",\"rating\":2343,\"seed\":\"sodium,209974f510ffa0eec2fd0d3078128ef9\"}\n>p1 move dracometeor\n>p2 move uturn\n>p2 switch 5\n>p1 switch 6\n>p2 move substitute\n>p1 move earthquake\n>p2 move protect\n>p1 move earthquake\n>p2 move knockoff\n>p1 move stealthrock\n>p2 move protect\n>p1 move surf\n>p2 move substitute\n>p1 move earthquake\n>p2 move protect\n>p1 move surf\n>p2 move bodyslam\n>p1 move surf\n>p2 move bodyslam\n>p1 switch 4\n>p1 move fireblast\n>p2 move protect\n>p1 move fireblast\n>p2 move knockoff\n>p1 move psyshock\n>p2 move protect\n>p1 move psyshock\n>p2 move knockoff\n>p2 switch 3\n>p1 switch 2\n>p2 move earthpower\n>p1 move bodyslam\n>p2 switch 5\n>p1 switch 3\n>p2 move closecombat\n>p1 move leafstorm\n>p2 move uturn\n>p2 switch 4\n>p1 move earthquake\n>p2 move malignantchain\n>p1 switch 2\n>p1 move fireblast\n>p2 move malignantchain\n>p2 switch 5\n>p1 switch 3\n>p2 move steameruption\n>p1 move rest\n>p2 move steameruption\n>p1 move earthquake\n>p2 move steameruption\n>p1 move bodyslam\n>p2 move steameruption\n>p1 move rest\n>p2 move steameruption\n>p1 move curse\n>p2 switch 2\n>p1 switch 5\n>p2 move swordsdance\n>p1 move psychicnoise terastallize\n>p2 move knockoff\n>p2 switch 6\n>p1 move psychicnoise\n>p2 move agility\n>p1 move psychicnoise\n>p2 move terablast terastallize\n>p1 switch 3\n>p1 move psyshock\n>p2 move terablast\n>p1 switch 6\n>p1 move thunderclap\n>p2 move nastyplot\n>p1 move thunderclap\n>p2 move nastyplot\n>p1 move thunderclap\n>p2 move agility\n>p1 move thunderclap\n>p2 move terablast\n>p2 switch 2", "uploadtime": 1781441214, "views": 8, "formatid": "gen9randombattle", "rating": null, "private": 0, "password": null}