{"id": "gen9randombattle-2631441438", "format": "[Gen 9] Random Battle", "players": ["Siouxforever1", "LiShinnn"], "log": "|j|\u2606Siouxforever1\n|j|\u2606LiShinnn\n|t:|1781385071\n|gametype|singles\n|player|p1|Siouxforever1|101|1944\n|player|p2|LiShinnn|n|1914\n|gen|9\n|tier|[Gen 9] Random Battle\n|rated|\n|rule|Species Clause: Limit one of each Pok\u00e9mon\n|rule|HP Percentage Mod: HP is shown in percentages\n|rule|Sleep Clause Mod: Limit one foe put to sleep\n|rule|Illusion Level Mod: Illusion disguises the Pok\u00e9mon's true level\n|\n|t:|1781385071\n|teamsize|p1|6\n|teamsize|p2|6\n|start\n|switch|p1a: Probopass|Probopass, L91, M|257/257\n|switch|p2a: Krookodile|Krookodile, L79, F|280/280\n|-ability|p2a: Krookodile|Intimidate|boost\n|-unboost|p1a: Probopass|atk|1\n|turn|1\n|inactive|Battle timer is ON: inactive players will automatically lose when time's up. (requested by LiShinnn)\n|\n|t:|1781385078\n|switch|p1a: Meowscarada|Meowscarada, L78, M|247/247\n|move|p2a: Krookodile|Earthquake|p1a: Meowscarada\n|-resisted|p1a: Meowscarada\n|-damage|p1a: Meowscarada|178/247\n|\n|upkeep\n|turn|2\n|\n|t:|1781385093\n|switch|p2a: Ariados|Ariados, L95, M|287/287\n|move|p1a: Meowscarada|Knock Off|p2a: Ariados\n|-start|p1a: Meowscarada|typechange|Dark|[from] ability: Protean\n|-damage|p2a: Ariados|140/287\n|-enditem|p2a: Ariados|Heavy-Duty Boots|[from] move: Knock Off|[of] p1a: Meowscarada\n|\n|upkeep\n|turn|3\n|inactive|Siouxforever1 has 120 seconds left.\n|\n|t:|1781385124\n|switch|p1a: Delphox|Delphox, L84, M|263/263\n|move|p2a: Ariados|Sticky Web|p1a: Delphox\n|-sidestart|p1: Siouxforever1|move: Sticky Web\n|\n|upkeep\n|turn|4\n|inactive|Siouxforever1 has 120 seconds left.\n|\n|t:|1781385131\n|switch|p2a: Clawitzer|Clawitzer, L87, M|265/265\n|move|p1a: Delphox|Fire Blast|p2a: Clawitzer\n|-resisted|p2a: Clawitzer\n|-damage|p2a: Clawitzer|222/265\n|\n|upkeep\n|turn|5\n|inactive|Siouxforever1 has 120 seconds left.\n|\n|t:|1781385145\n|switch|p1a: Meowscarada|Meowscarada, L78, M|178/247\n|-activate|p1a: Meowscarada|move: Sticky Web\n|-unboost|p1a: Meowscarada|spe|1\n|move|p2a: Clawitzer|U-turn|p1a: Meowscarada\n|-supereffective|p1a: Meowscarada\n|-damage|p1a: Meowscarada|0 fnt\n|faint|p1a: Meowscarada\n|\n|t:|1781385155\n|switch|p2a: Squawkabilly|Squawkabilly-Blue, L85, F|278/278|[from] U-turn\n|\n|-status|p2a: Squawkabilly|brn|[from] item: Flame Orb\n|upkeep\n|inactive|Siouxforever1 has 120 seconds left.\n|\n|t:|1781385171\n|switch|p1a: Probopass|Probopass, L91, M|257/257\n|-activate|p1a: Probopass|move: Sticky Web\n|-unboost|p1a: Probopass|spe|1\n|turn|6\n|inactive|Siouxforever1 has 120 seconds left.\n|\n|t:|1781385179\n|switch|p2a: Krookodile|Krookodile, L79, F|280/280\n|-ability|p2a: Krookodile|Intimidate|boost\n|-unboost|p1a: Probopass|atk|1\n|move|p1a: Probopass|Iron Defense|p1a: Probopass\n|-boost|p1a: Probopass|def|2\n|\n|upkeep\n|turn|7\n|inactive|Siouxforever1 has 120 seconds left.\n|\n|t:|1781385193\n|-terastallize|p1a: Probopass|Fighting\n|move|p2a: Krookodile|Bulk Up|p2a: Krookodile\n|-boost|p2a: Krookodile|atk|1\n|-boost|p2a: Krookodile|def|1\n|move|p1a: Probopass|Body Press|p2a: Krookodile\n|-supereffective|p2a: Krookodile\n|-damage|p2a: Krookodile|0 fnt\n|faint|p2a: Krookodile\n|\n|upkeep\n|\n|t:|1781385202\n|switch|p2a: Clawitzer|Clawitzer, L87, M|222/265\n|turn|8\n|\n|t:|1781385208\n|move|p2a: Clawitzer|Water Pulse|p1a: Probopass\n|-damage|p1a: Probopass|185/257\n|-start|p1a: Probopass|confusion\n|-activate|p1a: Probopass|confusion\n|move|p1a: Probopass|Thunder Wave|p2a: Clawitzer\n|-status|p2a: Clawitzer|par\n|\n|-heal|p1a: Probopass|201/257|[from] item: Leftovers\n|upkeep\n|turn|9\n|\n|t:|1781385227\n|-activate|p1a: Probopass|confusion\n|move|p1a: Probopass|Body Press|p2a: Clawitzer\n|-damage|p2a: Clawitzer|0 fnt\n|faint|p2a: Clawitzer\n|\n|-heal|p1a: Probopass|217/257|[from] item: Leftovers\n|upkeep\n|\n|t:|1781385235\n|switch|p2a: Torkoal|Torkoal, L88, F|266/266\n|-weather|SunnyDay|[from] ability: Drought|[of] p2a: Torkoal\n|turn|10\n|\n|t:|1781385246\n|move|p2a: Torkoal|Yawn|p1a: Probopass\n|-start|p1a: Probopass|move: Yawn|[of] p2a: Torkoal\n|-end|p1a: Probopass|confusion\n|move|p1a: Probopass|Thunder Wave|p2a: Torkoal\n|-status|p2a: Torkoal|par\n|\n|-weather|SunnyDay|[upkeep]\n|-heal|p1a: Probopass|233/257|[from] item: Leftovers\n|upkeep\n|turn|11\n|\n|t:|1781385267\n|switch|p1a: Gouging Fire|Gouging Fire, L74|277/277\n|-activate|p1a: Gouging Fire|ability: Protosynthesis\n|-start|p1a: Gouging Fire|protosynthesisdef\n|move|p2a: Torkoal|Fire Blast|p1a: Gouging Fire|[miss]\n|-miss|p2a: Torkoal|p1a: Gouging Fire\n|\n|-weather|SunnyDay|[upkeep]\n|upkeep\n|turn|12\n|\n|t:|1781385275\n|move|p1a: Gouging Fire|Dragon Dance|p1a: Gouging Fire\n|-boost|p1a: Gouging Fire|atk|1\n|-boost|p1a: Gouging Fire|spe|1\n|cant|p2a: Torkoal|par\n|\n|-weather|SunnyDay|[upkeep]\n|upkeep\n|turn|13\n|\n|t:|1781385286\n|move|p1a: Gouging Fire|Outrage|p2a: Torkoal\n|-damage|p2a: Torkoal|148/266 par\n|move|p2a: Torkoal|Yawn|p1a: Gouging Fire\n|-start|p1a: Gouging Fire|move: Yawn|[of] p2a: Torkoal\n|\n|-weather|SunnyDay|[upkeep]\n|upkeep\n|turn|14\n|\n|t:|1781385291\n|move|p1a: Gouging Fire|Outrage|p2a: Torkoal|[from] lockedmove\n|-damage|p2a: Torkoal|39/266 par\n|move|p2a: Torkoal|Earthquake|p1a: Gouging Fire\n|-supereffective|p1a: Gouging Fire\n|-damage|p1a: Gouging Fire|187/277\n|\n|-weather|none\n|-end|p1a: Gouging Fire|Protosynthesis\n|-end|p1a: Gouging Fire|move: Yawn|[silent]\n|-status|p1a: Gouging Fire|slp\n|upkeep\n|turn|15\n|\n|t:|1781385302\n|cant|p1a: Gouging Fire|slp\n|move|p2a: Torkoal|Earthquake|p1a: Gouging Fire\n|-supereffective|p1a: Gouging Fire\n|-damage|p1a: Gouging Fire|63/277 slp\n|\n|upkeep\n|turn|16\n|\n|t:|1781385307\n|cant|p1a: Gouging Fire|slp\n|move|p2a: Torkoal|Earthquake|p1a: Gouging Fire\n|-supereffective|p1a: Gouging Fire\n|-damage|p1a: Gouging Fire|0 fnt\n|faint|p1a: Gouging Fire\n|-end|p1a: Gouging Fire|Protosynthesis|[silent]\n|\n|upkeep\n|\n|t:|1781385319\n|switch|p1a: Roaring Moon|Roaring Moon, L72|270/270\n|-activate|p1a: Roaring Moon|move: Sticky Web\n|-unboost|p1a: Roaring Moon|spe|1\n|turn|17\n|\n|t:|1781385326\n|move|p1a: Roaring Moon|Knock Off|p2a: Torkoal\n|-damage|p2a: Torkoal|0 fnt\n|-enditem|p2a: Torkoal|Heavy-Duty Boots|[from] move: Knock Off|[of] p1a: Roaring Moon\n|faint|p2a: Torkoal\n|\n|upkeep\n|\n|t:|1781385327\n|switch|p2a: Squawkabilly|Squawkabilly-Blue, L85, F|278/278 brn\n|turn|18\n|\n|t:|1781385343\n|move|p2a: Squawkabilly|Facade|p1a: Roaring Moon\n|-damage|p1a: Roaring Moon|0 fnt\n|faint|p1a: Roaring Moon\n|-end|p1a: Roaring Moon|Protosynthesis|[silent]\n|\n|-damage|p2a: Squawkabilly|261/278 brn|[from] brn\n|upkeep\n|\n|t:|1781385349\n|switch|p1a: Delphox|Delphox, L84, M|263/263\n|-activate|p1a: Delphox|move: Sticky Web\n|-unboost|p1a: Delphox|spe|1\n|turn|19\n|\n|t:|1781385355\n|move|p1a: Delphox|Fire Blast|p2a: Squawkabilly\n|-damage|p2a: Squawkabilly|65/278 brn\n|move|p2a: Squawkabilly|Facade|p1a: Delphox\n|-damage|p1a: Delphox|0 fnt\n|faint|p1a: Delphox\n|\n|-damage|p2a: Squawkabilly|48/278 brn|[from] brn\n|upkeep\n|inactive|Siouxforever1 has 120 seconds left.\n|\n|t:|1781385385\n|switch|p1a: Leafeon|Leafeon, L88, M|258/258\n|-activate|p1a: Leafeon|move: Sticky Web\n|-unboost|p1a: Leafeon|spe|1\n|turn|20\n|\n|t:|1781385392\n|move|p2a: Squawkabilly|Brave Bird|p1a: Leafeon\n|-supereffective|p1a: Leafeon\n|-damage|p1a: Leafeon|0 fnt\n|faint|p1a: Leafeon\n|-damage|p2a: Squawkabilly|0 fnt|[from] Recoil\n|faint|p2a: Squawkabilly\n|\n|upkeep\n|\n|t:|1781385397\n|switch|p1a: Probopass|Probopass, L91, M, tera:Fighting|233/257\n|switch|p2a: Dudunsparce|Dudunsparce, L83, M|343/343\n|-activate|p1a: Probopass|move: Sticky Web\n|-unboost|p1a: Probopass|spe|1\n|turn|21\n|\n|t:|1781385406\n|move|p2a: Dudunsparce|Calm Mind|p2a: Dudunsparce\n|-boost|p2a: Dudunsparce|spa|1\n|-boost|p2a: Dudunsparce|spd|1\n|move|p1a: Probopass|Thunder Wave|p2a: Dudunsparce\n|-status|p2a: Dudunsparce|par\n|\n|-heal|p1a: Probopass|249/257|[from] item: Leftovers\n|upkeep\n|turn|22\n|\n|t:|1781385413\n|move|p1a: Probopass|Iron Defense|p1a: Probopass\n|-boost|p1a: Probopass|def|2\n|cant|p2a: Dudunsparce|par\n|\n|-heal|p1a: Probopass|257/257|[from] item: Leftovers\n|upkeep\n|turn|23\n|\n|t:|1781385418\n|-terastallize|p2a: Dudunsparce|Poison\n|move|p1a: Probopass|Body Press|p2a: Dudunsparce\n|-resisted|p2a: Dudunsparce\n|-damage|p2a: Dudunsparce|200/343 par\n|cant|p2a: Dudunsparce|par\n|\n|-heal|p2a: Dudunsparce|221/343 par|[from] item: Leftovers\n|upkeep\n|turn|24\n|\n|t:|1781385431\n|move|p1a: Probopass|Iron Defense|p1a: Probopass\n|-boost|p1a: Probopass|def|2\n|cant|p2a: Dudunsparce|par\n|\n|-heal|p2a: Dudunsparce|242/343 par|[from] item: Leftovers\n|upkeep\n|turn|25\n|\n|t:|1781385435\n|move|p1a: Probopass|Body Press|p2a: Dudunsparce\n|-resisted|p2a: Dudunsparce\n|-damage|p2a: Dudunsparce|38/343 par\n|move|p2a: Dudunsparce|Boomburst|p1a: Probopass\n|-damage|p1a: Probopass|137/257\n|\n|-heal|p1a: Probopass|153/257|[from] item: Leftovers\n|-heal|p2a: Dudunsparce|59/343 par|[from] item: Leftovers\n|upkeep\n|turn|26\n|\n|t:|1781385441\n|move|p1a: Probopass|Body Press|p2a: Dudunsparce\n|-resisted|p2a: Dudunsparce\n|-damage|p2a: Dudunsparce|0 fnt\n|faint|p2a: Dudunsparce\n|\n|-heal|p1a: Probopass|169/257|[from] item: Leftovers\n|upkeep\n|\n|t:|1781385443\n|switch|p2a: Ariados|Ariados, L95, M|140/287\n|turn|27\n|\n|t:|1781385449\n|move|p2a: Ariados|Poison Jab|p1a: Probopass\n|-damage|p1a: Probopass|147/257\n|move|p1a: Probopass|Power Gem|p2a: Ariados\n|-supereffective|p2a: Ariados\n|-damage|p2a: Ariados|0 fnt\n|faint|p2a: Ariados\n|\n|win|Siouxforever1\n", "inputlog": ">version a8376a258c1d4662feba110a92103f3664a72141\n>start {\"formatid\":\"gen9randombattle\",\"seed\":\"sodium,51650b040d09c99e53a325a4074fbb40\",\"rated\":\"Rated battle\"}\n>player p1 {\"name\":\"Siouxforever1\",\"avatar\":\"101\",\"rating\":1944,\"seed\":\"sodium,3bf6f837aeb30f07c6bca81491187ffc\"}\n>player p2 {\"name\":\"LiShinnn\",\"avatar\":\"n\",\"rating\":1914,\"seed\":\"sodium,c8dae707f2c553418377afe570c1b182\"}\n>p1 switch 2\n>p2 move earthquake\n>p1 move knockoff\n>p2 switch 3\n>p1 switch 5\n>p2 move stickyweb\n>p1 move fireblast\n>p2 switch 4\n>p1 switch 5\n>p2 move uturn\n>p2 switch 5\n>p1 switch 2\n>p1 move irondefense\n>p2 switch 3\n>p1 move bodypress terastallize\n>p2 move bulkup\n>p2 switch 5\n>p1 move thunderwave\n>p2 move waterpulse\n>p1 move bodypress\n>p2 move waterpulse\n>p2 switch 6\n>p1 move thunderwave\n>p2 move yawn\n>p1 switch 3\n>p2 move fireblast\n>p1 move dragondance\n>p2 move yawn\n>p1 move outrage\n>p2 move yawn\n>p1 move outrage\n>p2 move earthquake\n>p1 move heatcrash\n>p2 move earthquake\n>p1 move morningsun\n>p2 move earthquake\n>p1 switch 4\n>p1 move knockoff\n>p2 move yawn\n>p2 switch 3\n>p1 move dragondance\n>p2 move facade\n>p1 switch 5\n>p1 move fireblast\n>p2 move facade\n>p1 switch 6\n>p1 move leafblade\n>p2 move bravebird\n>p1 switch 3\n>p2 switch 2\n>p1 move thunderwave\n>p2 move calmmind\n>p1 move irondefense\n>p2 move calmmind\n>p1 move bodypress\n>p2 move boomburst terastallize\n>p1 move irondefense\n>p2 move boomburst\n>p1 move bodypress\n>p2 move boomburst\n>p1 move bodypress\n>p2 move boomburst\n>p2 switch 4\n>p1 move powergem\n>p2 move poisonjab", "uploadtime": 1781385073, "views": 8, "formatid": "gen9randombattle", "rating": null, "private": 0, "password": null}