{"id": "gen9randombattle-2631740289", "format": "[Gen 9] Random Battle", "players": ["Alloking", "SantanaGV"], "log": "|j|\u2606Alloking\n|j|\u2606SantanaGV\n|t:|1781431851\n|gametype|singles\n|player|p1|Alloking|blue-gen3champion|1965\n|player|p2|SantanaGV|yellow|1908\n|gen|9\n|tier|[Gen 9] Random Battle\n|rated|\n|rule|Species Clause: Limit one of each Pok\u00e9mon\n|rule|HP Percentage Mod: HP is shown in percentages\n|rule|Sleep Clause Mod: Limit one foe put to sleep\n|rule|Illusion Level Mod: Illusion disguises the Pok\u00e9mon's true level\n|\n|t:|1781431851\n|teamsize|p1|6\n|teamsize|p2|6\n|start\n|switch|p1a: Rayquaza|Rayquaza, L72|270/270\n|switch|p2a: Lanturn|Lanturn, L89, F|367/367\n|-ability|p1a: Rayquaza|Air Lock\n|turn|1\n|inactive|Battle timer is ON: inactive players will automatically lose when time's up. (requested by SantanaGV)\n|\n|t:|1781431870\n|switch|p1a: Morpeko|Morpeko, L88, F|245/245\n|move|p2a: Lanturn|Thunder Wave|p1a: Morpeko\n|-immune|p1a: Morpeko\n|\n|-formechange|p1a: Morpeko|Morpeko-Hangry||[from] ability: Hunger Switch\n|upkeep\n|turn|2\n|\n|t:|1781431888\n|switch|p2a: Koraidon|Koraidon, L64|235/235\n|-weather|SunnyDay|[from] ability: Orichalcum Pulse|[of] p2a: Koraidon\n|-activate|p2a: Koraidon|Orichalcum Pulse|[source]\n|move|p1a: Morpeko|Aura Wheel|p2a: Koraidon\n|-resisted|p2a: Koraidon\n|-damage|p2a: Koraidon|172/235\n|-boost|p1a: Morpeko|spe|1\n|\n|-weather|SunnyDay|[upkeep]\n|-formechange|p1a: Morpeko|Morpeko||[from] ability: Hunger Switch\n|upkeep\n|turn|3\n|\n|t:|1781431902\n|move|p1a: Morpeko|Parting Shot|p2a: Koraidon\n|-unboost|p2a: Koraidon|atk|1\n|-unboost|p2a: Koraidon|spa|1\n|\n|t:|1781431905\n|switch|p1a: Spiritomb|Spiritomb, L89, F|234/234|[from] Parting Shot\n|move|p2a: Koraidon|U-turn|p1a: Spiritomb\n|-damage|p1a: Spiritomb|194/234\n|inactive|SantanaGV has 120 seconds left.\n|\n|t:|1781431939\n|switch|p2a: Swalot|Swalot, L90, F|326/326|[from] U-turn\n|\n|-weather|SunnyDay|[upkeep]\n|upkeep\n|turn|4\n|\n|t:|1781431943\n|move|p2a: Swalot|Toxic|p1a: Spiritomb\n|-status|p1a: Spiritomb|tox\n|move|p1a: Spiritomb|Poltergeist|p2a: Swalot\n|-activate|p2a: Swalot|move: Poltergeist|Leftovers\n|-damage|p2a: Swalot|134/326\n|\n|-weather|SunnyDay|[upkeep]\n|-heal|p2a: Swalot|154/326|[from] item: Leftovers\n|-damage|p1a: Spiritomb|180/234 tox|[from] psn\n|upkeep\n|turn|5\n|\n|t:|1781431955\n|move|p2a: Swalot|Protect|p2a: Swalot\n|-singleturn|p2a: Swalot|Protect\n|move|p1a: Spiritomb|Poltergeist|p2a: Swalot\n|-activate|p2a: Swalot|move: Protect\n|\n|-weather|SunnyDay|[upkeep]\n|-heal|p2a: Swalot|174/326|[from] item: Leftovers\n|-damage|p1a: Spiritomb|152/234 tox|[from] psn\n|upkeep\n|turn|6\n|\n|t:|1781431972\n|switch|p2a: Porygon2|Porygon2, L81|270/270\n|-ability|p2a: Porygon2|Download|boost\n|-boost|p2a: Porygon2|spa|1\n|move|p1a: Spiritomb|Poltergeist|p2a: Porygon2\n|-immune|p2a: Porygon2\n|\n|-weather|none\n|-damage|p1a: Spiritomb|110/234 tox|[from] psn\n|upkeep\n|turn|7\n|\n|t:|1781431984\n|switch|p1a: Sudowoodo|Sudowoodo, L94, F|284/284\n|move|p2a: Porygon2|Ice Beam|p1a: Sudowoodo\n|-damage|p1a: Sudowoodo|180/284\n|\n|-heal|p1a: Sudowoodo|197/284|[from] item: Leftovers\n|upkeep\n|turn|8\n|inactive|SantanaGV has 120 seconds left.\n|\n|t:|1781432018\n|move|p2a: Porygon2|Ice Beam|p1a: Sudowoodo\n|-damage|p1a: Sudowoodo|85/284\n|move|p1a: Sudowoodo|Stealth Rock|p2a: Porygon2\n|-sidestart|p2: SantanaGV|move: Stealth Rock\n|\n|-heal|p1a: Sudowoodo|102/284|[from] item: Leftovers\n|upkeep\n|turn|9\n|\n|t:|1781432027\n|switch|p1a: Frosmoth|Frosmoth, L82, M|249/249\n|move|p2a: Porygon2|Ice Beam|p1a: Frosmoth\n|-resisted|p1a: Frosmoth\n|-damage|p1a: Frosmoth|225/249\n|\n|upkeep\n|turn|10\n|inactive|SantanaGV has 120 seconds left.\n|\n|t:|1781432062\n|move|p1a: Frosmoth|Ice Beam|p2a: Porygon2\n|-damage|p2a: Porygon2|198/270\n|move|p2a: Porygon2|Discharge|p1a: Frosmoth\n|-damage|p1a: Frosmoth|185/249\n|\n|upkeep\n|turn|11\n|\n|t:|1781432072\n|move|p1a: Frosmoth|Quiver Dance|p1a: Frosmoth\n|-boost|p1a: Frosmoth|spa|1\n|-boost|p1a: Frosmoth|spd|1\n|-boost|p1a: Frosmoth|spe|1\n|move|p2a: Porygon2|Discharge|p1a: Frosmoth\n|-damage|p1a: Frosmoth|155/249\n|\n|upkeep\n|turn|12\n|\n|t:|1781432085\n|switch|p2a: Pincurchin|Pincurchin, F|258/258\n|-damage|p2a: Pincurchin|226/258|[from] Stealth Rock\n|-fieldstart|move: Electric Terrain|[from] ability: Electric Surge|[of] p2a: Pincurchin\n|move|p1a: Frosmoth|Bug Buzz|p2a: Pincurchin\n|-damage|p2a: Pincurchin|72/258\n|\n|-heal|p2a: Pincurchin|88/258|[from] item: Leftovers\n|upkeep\n|turn|13\n|inactive|SantanaGV has 90 seconds left.\n|\n|t:|1781432121\n|move|p1a: Frosmoth|Bug Buzz|p2a: Pincurchin\n|-damage|p2a: Pincurchin|0 fnt\n|faint|p2a: Pincurchin\n|\n|upkeep\n|\n|t:|1781432124\n|switch|p2a: Koraidon|Koraidon, L64|172/235\n|-damage|p2a: Koraidon|158/235|[from] Stealth Rock\n|-weather|SunnyDay|[from] ability: Orichalcum Pulse|[of] p2a: Koraidon\n|-activate|p2a: Koraidon|Orichalcum Pulse|[source]\n|turn|14\n|\n|t:|1781432140\n|-terastallize|p2a: Koraidon|Fire\n|move|p1a: Frosmoth|Ice Beam|p2a: Koraidon\n|-resisted|p2a: Koraidon\n|-damage|p2a: Koraidon|59/235\n|move|p2a: Koraidon|Close Combat|p1a: Frosmoth\n|-damage|p1a: Frosmoth|0 fnt\n|-unboost|p2a: Koraidon|def|1\n|-unboost|p2a: Koraidon|spd|1\n|faint|p1a: Frosmoth\n|\n|-weather|SunnyDay|[upkeep]\n|upkeep\n|\n|t:|1781432164\n|switch|p1a: Spiritomb|Spiritomb, L89, F|110/234 tox\n|turn|15\n|\n|t:|1781432169\n|switch|p2a: Porygon2|Porygon2, L81|198/270\n|-damage|p2a: Porygon2|165/270|[from] Stealth Rock\n|-ability|p2a: Porygon2|Download|boost\n|-boost|p2a: Porygon2|spa|1\n|move|p1a: Spiritomb|Foul Play|p2a: Porygon2\n|-damage|p2a: Porygon2|99/270\n|\n|-weather|SunnyDay|[upkeep]\n|-damage|p1a: Spiritomb|96/234 tox|[from] psn\n|upkeep\n|turn|16\n|\n|t:|1781432191\n|switch|p1a: Electrode|Electrode, L92|260/260\n|move|p2a: Porygon2|Recover|p2a: Porygon2\n|-heal|p2a: Porygon2|234/270\n|\n|-weather|SunnyDay|[upkeep]\n|-fieldend|move: Electric Terrain\n|upkeep\n|turn|17\n|\n|t:|1781432202\n|move|p1a: Electrode|Thunderbolt|p2a: Porygon2\n|-crit|p2a: Porygon2\n|-damage|p2a: Porygon2|112/270\n|-damage|p1a: Electrode|234/260|[from] item: Life Orb\n|move|p2a: Porygon2|Tri Attack|p1a: Electrode\n|-damage|p1a: Electrode|105/260\n|\n|-weather|SunnyDay|[upkeep]\n|upkeep\n|turn|18\n|\n|t:|1781432216\n|move|p1a: Electrode|Taunt|p2a: Porygon2\n|-start|p2a: Porygon2|move: Taunt\n|move|p2a: Porygon2|Tri Attack|p1a: Electrode\n|-damage|p1a: Electrode|0 fnt\n|faint|p1a: Electrode\n|\n|-weather|none\n|upkeep\n|\n|t:|1781432231\n|switch|p1a: Morpeko|Morpeko, L88, F|245/245\n|turn|19\n|\n|t:|1781432249\n|switch|p2a: Lanturn|Lanturn, L89, F|367/367\n|-damage|p2a: Lanturn|322/367|[from] Stealth Rock\n|move|p1a: Morpeko|Aura Wheel|p2a: Lanturn\n|-heal|p2a: Lanturn|367/367|[from] ability: Volt Absorb|[of] p1a: Morpeko\n|\n|-formechange|p1a: Morpeko|Morpeko-Hangry||[from] ability: Hunger Switch\n|upkeep\n|turn|20\n|inactive|SantanaGV has 90 seconds left.\n|\n|t:|1781432271\n|move|p1a: Morpeko|Aura Wheel|p2a: Lanturn\n|-damage|p2a: Lanturn|211/367\n|-boost|p1a: Morpeko|spe|1\n|move|p2a: Lanturn|Scald|p1a: Morpeko\n|-damage|p1a: Morpeko|134/245\n|\n|-heal|p2a: Lanturn|233/367|[from] item: Leftovers\n|-formechange|p1a: Morpeko|Morpeko||[from] ability: Hunger Switch\n|upkeep\n|turn|21\n|inactive|SantanaGV has 90 seconds left.\n|inactive|Alloking has 120 seconds left.\n|\n|t:|1781432307\n|move|p1a: Morpeko|Protect|p1a: Morpeko\n|-singleturn|p1a: Morpeko|Protect\n|move|p2a: Lanturn|Ice Beam|p1a: Morpeko\n|-activate|p1a: Morpeko|move: Protect\n|\n|-heal|p2a: Lanturn|255/367|[from] item: Leftovers\n|-formechange|p1a: Morpeko|Morpeko-Hangry||[from] ability: Hunger Switch\n|upkeep\n|turn|22\n|\n|t:|1781432318\n|move|p1a: Morpeko|Aura Wheel|p2a: Lanturn\n|-damage|p2a: Lanturn|107/367\n|-boost|p1a: Morpeko|spe|1\n|move|p2a: Lanturn|Scald|p1a: Morpeko\n|-damage|p1a: Morpeko|25/245\n|\n|-heal|p2a: Lanturn|129/367|[from] item: Leftovers\n|-formechange|p1a: Morpeko|Morpeko||[from] ability: Hunger Switch\n|upkeep\n|turn|23\n|inactive|Alloking has 120 seconds left.\n|inactive|SantanaGV has 60 seconds left.\n|\n|t:|1781432371\n|switch|p2a: Swalot|Swalot, L90, F|174/326\n|-damage|p2a: Swalot|134/326|[from] Stealth Rock\n|move|p1a: Morpeko|Protect||[still]\n|-fail|p1a: Morpeko\n|\n|-heal|p2a: Swalot|154/326|[from] item: Leftovers\n|-formechange|p1a: Morpeko|Morpeko-Hangry||[from] ability: Hunger Switch\n|upkeep\n|turn|24\n|\n|t:|1781432395\n|move|p1a: Morpeko|Parting Shot|p2a: Swalot\n|-unboost|p2a: Swalot|atk|1\n|-unboost|p2a: Swalot|spa|1\n|inactive|Alloking has 90 seconds left.\n|\n|t:|1781432435\n|switch|p1a: Sudowoodo|Sudowoodo, L94, F|102/284|[from] Parting Shot\n|move|p2a: Swalot|Sludge Bomb|p1a: Sudowoodo\n|-resisted|p1a: Sudowoodo\n|-damage|p1a: Sudowoodo|69/284\n|\n|-heal|p2a: Swalot|174/326|[from] item: Leftovers\n|-heal|p1a: Sudowoodo|86/284|[from] item: Leftovers\n|upkeep\n|turn|25\n|inactive|SantanaGV has 30 seconds left.\n|\n|t:|1781432463\n|move|p2a: Swalot|Protect|p2a: Swalot\n|-singleturn|p2a: Swalot|Protect\n|move|p1a: Sudowoodo|Head Smash|p2a: Swalot\n|-activate|p2a: Swalot|move: Protect\n|\n|-heal|p2a: Swalot|194/326|[from] item: Leftovers\n|-heal|p1a: Sudowoodo|103/284|[from] item: Leftovers\n|upkeep\n|turn|26\n|inactive|SantanaGV has 30 seconds left.\n|inactive|SantanaGV has 20 seconds left.\n|\n|t:|1781432481\n|switch|p2a: Lanturn|Lanturn, L89, F|129/367\n|-damage|p2a: Lanturn|84/367|[from] Stealth Rock\n|move|p1a: Sudowoodo|Head Smash|p2a: Lanturn\n|-damage|p2a: Lanturn|0 fnt\n|faint|p2a: Lanturn\n|\n|-heal|p1a: Sudowoodo|120/284|[from] item: Leftovers\n|upkeep\n|inactive|SantanaGV has 25 seconds left this turn.\n|inactive|SantanaGV has 20 seconds left.\n|inactive|SantanaGV has 15 seconds left.\n|\n|t:|1781432493\n|switch|p2a: Koraidon|Koraidon, L64, tera:Fire|59/235\n|-damage|p2a: Koraidon|1/235|[from] Stealth Rock\n|-weather|SunnyDay|[from] ability: Orichalcum Pulse|[of] p2a: Koraidon\n|-activate|p2a: Koraidon|Orichalcum Pulse|[source]\n|turn|27\n|inactive|SantanaGV has 25 seconds left this turn.\n|inactive|SantanaGV has 20 seconds left.\n|\n|t:|1781432500\n|move|p2a: Koraidon|Close Combat|p1a: Sudowoodo\n|-supereffective|p1a: Sudowoodo\n|-damage|p1a: Sudowoodo|0 fnt\n|-unboost|p2a: Koraidon|def|1\n|-unboost|p2a: Koraidon|spd|1\n|faint|p1a: Sudowoodo\n|\n|-weather|SunnyDay|[upkeep]\n|upkeep\n|\n|t:|1781432504\n|switch|p1a: Rayquaza|Rayquaza, L72|270/270\n|-ability|p1a: Rayquaza|Air Lock\n|turn|28\n|inactive|SantanaGV has 30 seconds left.\n|\n|t:|1781432510\n|move|p2a: Koraidon|Close Combat|p1a: Rayquaza\n|-resisted|p1a: Rayquaza\n|-damage|p1a: Rayquaza|191/270\n|-unboost|p2a: Koraidon|def|1\n|-unboost|p2a: Koraidon|spd|1\n|move|p1a: Rayquaza|Dragon Dance|p1a: Rayquaza\n|-boost|p1a: Rayquaza|atk|1\n|-boost|p1a: Rayquaza|spe|1\n|\n|-weather|SunnyDay|[upkeep]\n|upkeep\n|turn|29\n|inactive|SantanaGV has 30 seconds left.\n|inactive|SantanaGV has 20 seconds left.\n|\n|t:|1781432533\n|move|p1a: Rayquaza|Dragon Dance|p1a: Rayquaza\n|-boost|p1a: Rayquaza|atk|1\n|-boost|p1a: Rayquaza|spe|1\n|move|p2a: Koraidon|Close Combat|p1a: Rayquaza\n|-resisted|p1a: Rayquaza\n|-damage|p1a: Rayquaza|101/270\n|-unboost|p2a: Koraidon|def|1\n|-unboost|p2a: Koraidon|spd|1\n|\n|-weather|SunnyDay|[upkeep]\n|upkeep\n|turn|30\n|inactive|SantanaGV has 30 seconds left this turn.\n|\n|t:|1781432541\n|move|p1a: Rayquaza|Earthquake|p2a: Koraidon\n|-supereffective|p2a: Koraidon\n|-damage|p2a: Koraidon|0 fnt\n|faint|p2a: Koraidon\n|\n|-weather|SunnyDay|[upkeep]\n|upkeep\n|inactive|SantanaGV has 30 seconds left this turn.\n|inactive|SantanaGV has 20 seconds left.\n|\n|t:|1781432551\n|switch|p2a: Clawitzer|Clawitzer, L87, F|265/265\n|-damage|p2a: Clawitzer|232/265|[from] Stealth Rock\n|turn|31\n|inactive|SantanaGV has 30 seconds left this turn.\n|inactive|Alloking has 120 seconds left.\n|\n|t:|1781432570\n|-terastallize|p1a: Rayquaza|Flying\n|move|p1a: Rayquaza|Dragon Ascent|p2a: Clawitzer\n|-damage|p2a: Clawitzer|0 fnt\n|-unboost|p1a: Rayquaza|def|1\n|-unboost|p1a: Rayquaza|spd|1\n|faint|p2a: Clawitzer\n|\n|-weather|none\n|upkeep\n|inactive|SantanaGV has 30 seconds left.\n|\n|t:|1781432575\n|switch|p2a: Swalot|Swalot, L90, F|194/326\n|-damage|p2a: Swalot|154/326|[from] Stealth Rock\n|turn|32\n|\n|t:|1781432581\n|move|p1a: Rayquaza|Dragon Ascent|p2a: Swalot\n|-damage|p2a: Swalot|0 fnt\n|-unboost|p1a: Rayquaza|def|1\n|-unboost|p1a: Rayquaza|spd|1\n|faint|p2a: Swalot\n|\n|upkeep\n|c|\u2606SantanaGV|gg\n|\n|t:|1781432584\n|switch|p2a: Porygon2|Porygon2, L81|112/270\n|-damage|p2a: Porygon2|79/270|[from] Stealth Rock\n|-ability|p2a: Porygon2|Download|boost\n|-boost|p2a: Porygon2|spa|1\n|turn|33\n|c|\u2606Alloking|gg\n|\n|t:|1781432592\n|move|p1a: Rayquaza|Dragon Ascent|p2a: Porygon2\n|-damage|p2a: Porygon2|0 fnt\n|-unboost|p1a: Rayquaza|def|1\n|-unboost|p1a: Rayquaza|spd|1\n|faint|p2a: Porygon2\n|\n|win|Alloking\n", "inputlog": ">version a8376a258c1d4662feba110a92103f3664a72141\n>start {\"formatid\":\"gen9randombattle\",\"seed\":\"sodium,3702fc758dbd88a11832e66414a5a495\",\"rated\":\"Rated battle\"}\n>player p1 {\"name\":\"Alloking\",\"avatar\":\"blue-gen3champion\",\"rating\":1965,\"seed\":\"sodium,01002c8e2e71cef5182876d1fb533013\"}\n>player p2 {\"name\":\"SantanaGV\",\"avatar\":\"yellow\",\"rating\":1908,\"seed\":\"sodium,e556ff21da0f4bcdf259e392b378755f\"}\n>p1 switch 4\n>p2 move thunderwave\n>p1 move aurawheel\n>p2 switch 6\n>p1 move partingshot\n>p2 move uturn\n>p1 switch 3\n>p2 switch 4\n>p1 move poltergeist\n>p2 move toxic\n>p1 move poltergeist\n>p2 move protect\n>p1 move poltergeist\n>p2 switch 2\n>p1 switch 6\n>p2 move icebeam\n>p1 move stealthrock\n>p2 move icebeam\n>p1 switch 5\n>p2 move icebeam\n>p1 move icebeam\n>p2 move discharge\n>p1 move quiverdance\n>p2 move discharge\n>p1 move bugbuzz\n>p2 switch 5\n>p1 move bugbuzz\n>p2 move zingzap\n>p2 switch 4\n>p1 move icebeam\n>p2 move closecombat terastallize\n>p1 switch 6\n>p1 move foulplay\n>p2 switch 5\n>p1 switch 2\n>p2 move recover\n>p1 move thunderbolt\n>p2 move triattack\n>p1 move taunt\n>p2 move triattack\n>p1 switch 3\n>p1 move aurawheel\n>p2 switch 6\n>p1 move aurawheel\n>p2 move scald\n>p1 move protect\n>p2 move icebeam\n>p1 move aurawheel\n>p2 move scald\n>p1 move protect\n>p2 switch 2\n>p1 move partingshot\n>p2 move sludgebomb\n>p1 switch 5\n>p1 move headsmash\n>p2 move protect\n>p1 move headsmash\n>p2 switch 2\n>p2 switch 5\n>p1 move earthquake\n>p2 move closecombat\n>p1 switch 4\n>p1 move dragondance\n>p2 move closecombat\n>p1 move dragondance\n>p2 move closecombat\n>p1 move earthquake\n>p2 move closecombat\n>p2 switch 3\n>p1 move dragonascent terastallize\n>p2 move dragonpulse\n>p2 switch 2\n>p1 move dragonascent\n>p2 move sludgebomb\n>chat \u2606SantanaGV|gg\n>p2 switch 6\n>chat \u2606Alloking|gg\n>p1 move dragonascent\n>p2 move icebeam", "uploadtime": 1781431852, "views": 6, "formatid": "gen9randombattle", "rating": null, "private": 0, "password": null}