{"id": "gen9randombattle-2631620206", "format": "[Gen 9] Random Battle", "players": ["Dfrrnspa97", "Guimd33"], "log": "|badge|p2|bronze|gen9randombattle|100-9\n|uhtml|medal-msg|<div class=\"broadcast-blue\">Curious what those medals under the avatar are? PS now has Ladder Seasons! For more information, check out the <a href=\"https://www.smogon.com/forums/threads/3740067/\">thread on Smogon.</a></div>\n|j|\u2606Dfrrnspa97\n|j|\u2606Guimd33\n|t:|1781409980\n|gametype|singles\n|player|p1|Dfrrnspa97|101|2192\n|player|p2|Guimd33|pokekid|2302\n|gen|9\n|tier|[Gen 9] Random Battle\n|rated|\n|rule|Species Clause: Limit one of each Pok\u00e9mon\n|rule|HP Percentage Mod: HP is shown in percentages\n|rule|Sleep Clause Mod: Limit one foe put to sleep\n|rule|Illusion Level Mod: Illusion disguises the Pok\u00e9mon's true level\n|\n|t:|1781409980\n|teamsize|p1|6\n|teamsize|p2|6\n|start\n|switch|p1a: Volbeat|Volbeat, L90, M|263/263\n|switch|p2a: Eelektross|Eelektross, L87, M|290/290\n|turn|1\n|\n|t:|1781409989\n|move|p1a: Volbeat|Lunge|p2a: Eelektross\n|-damage|p2a: Eelektross|212/290\n|-unboost|p2a: Eelektross|atk|1\n|move|p2a: Eelektross|Discharge|p1a: Volbeat\n|-damage|p1a: Volbeat|172/263\n|-status|p1a: Volbeat|par\n|\n|upkeep\n|turn|2\n|\n|t:|1781410007\n|move|p2a: Eelektross|Discharge|p1a: Volbeat\n|-damage|p1a: Volbeat|84/263 par\n|cant|p1a: Volbeat|par\n|\n|upkeep\n|turn|3\n|\n|t:|1781410010\n|move|p1a: Volbeat|Roost|p1a: Volbeat\n|-heal|p1a: Volbeat|216/263 par\n|-singleturn|p1a: Volbeat|move: Roost\n|move|p2a: Eelektross|Discharge|p1a: Volbeat\n|-damage|p1a: Volbeat|129/263 par\n|\n|upkeep\n|turn|4\n|inactive|Battle timer is ON: inactive players will automatically lose when time's up. (requested by Guimd33)\n|\n|t:|1781410014\n|move|p1a: Volbeat|Roost|p1a: Volbeat\n|-heal|p1a: Volbeat|261/263 par\n|-singleturn|p1a: Volbeat|move: Roost\n|move|p2a: Eelektross|Discharge|p1a: Volbeat\n|-damage|p1a: Volbeat|168/263 par\n|\n|upkeep\n|turn|5\n|\n|t:|1781410018\n|move|p2a: Eelektross|Discharge|p1a: Volbeat\n|-damage|p1a: Volbeat|74/263 par\n|move|p1a: Volbeat|Lunge|p2a: Eelektross\n|-damage|p2a: Eelektross|136/290\n|-unboost|p2a: Eelektross|atk|1\n|\n|upkeep\n|turn|6\n|\n|t:|1781410022\n|cant|p1a: Volbeat|par\n|move|p2a: Eelektross|Discharge|p1a: Volbeat\n|-damage|p1a: Volbeat|0 fnt\n|faint|p1a: Volbeat\n|\n|upkeep\n|\n|t:|1781410026\n|switch|p1a: Floatzel|Floatzel, L86, F|286/286\n|turn|7\n|\n|t:|1781410030\n|switch|p2a: Qwilfish|Qwilfish, L86, M|252/252\n|-ability|p2a: Qwilfish|Intimidate|boost\n|-unboost|p1a: Floatzel|atk|1\n|move|p1a: Floatzel|Wave Crash|p2a: Qwilfish\n|-resisted|p2a: Qwilfish\n|-damage|p2a: Qwilfish|203/252\n|-damage|p1a: Floatzel|270/286|[from] Recoil\n|\n|-heal|p1a: Floatzel|286/286|[from] item: Leftovers\n|upkeep\n|turn|8\n|\n|t:|1781410034\n|move|p1a: Floatzel|Taunt|p2a: Qwilfish\n|-start|p2a: Qwilfish|move: Taunt\n|move|p2a: Qwilfish|Flip Turn|p1a: Floatzel\n|-resisted|p1a: Floatzel\n|-damage|p1a: Floatzel|243/286\n|\n|t:|1781410038\n|switch|p2a: Eelektross|Eelektross, L87, M|136/290|[from] Flip Turn\n|\n|-heal|p1a: Floatzel|260/286|[from] item: Leftovers\n|upkeep\n|turn|9\n|\n|t:|1781410046\n|switch|p1a: Swalot|Swalot, L90, M|326/326\n|move|p2a: Eelektross|Discharge|p1a: Swalot\n|-damage|p1a: Swalot|229/326\n|\n|-heal|p1a: Swalot|249/326|[from] item: Leftovers\n|upkeep\n|turn|10\n|j| focagigamega\n|l| focagigamega\n|\n|t:|1781410056\n|move|p1a: Swalot|Knock Off|p2a: Eelektross\n|-damage|p2a: Eelektross|65/290\n|-enditem|p2a: Eelektross|Assault Vest|[from] move: Knock Off|[of] p1a: Swalot\n|move|p2a: Eelektross|Discharge|p1a: Swalot\n|-damage|p1a: Swalot|164/326\n|\n|-heal|p1a: Swalot|184/326|[from] item: Leftovers\n|upkeep\n|turn|11\n|\n|t:|1781410063\n|move|p1a: Swalot|Sludge Bomb|p2a: Eelektross\n|-damage|p2a: Eelektross|0 fnt\n|faint|p2a: Eelektross\n|\n|-heal|p1a: Swalot|204/326|[from] item: Leftovers\n|upkeep\n|\n|t:|1781410076\n|switch|p2a: Gyarados|Gyarados, L79, F|280/280\n|turn|12\n|\n|t:|1781410094\n|move|p2a: Gyarados|Dragon Dance|p2a: Gyarados\n|-boost|p2a: Gyarados|atk|1\n|-boost|p2a: Gyarados|spe|1\n|move|p1a: Swalot|Encore|p2a: Gyarados\n|-start|p2a: Gyarados|Encore\n|\n|-heal|p1a: Swalot|224/326|[from] item: Leftovers\n|upkeep\n|turn|13\n|\n|t:|1781410105\n|switch|p2a: Qwilfish|Qwilfish, L86, M|203/252\n|-ability|p2a: Qwilfish|Intimidate|boost\n|-unboost|p1a: Swalot|atk|1\n|move|p1a: Swalot|Sludge Bomb|p2a: Qwilfish\n|-resisted|p2a: Qwilfish\n|-damage|p2a: Qwilfish|143/252\n|\n|-heal|p1a: Swalot|244/326|[from] item: Leftovers\n|upkeep\n|turn|14\n|\n|t:|1781410113\n|switch|p1a: Scizor|Scizor, L79, M|240/240\n|move|p2a: Qwilfish|Toxic Spikes|p1a: Scizor\n|-sidestart|p1: Dfrrnspa97|move: Toxic Spikes\n|\n|upkeep\n|turn|15\n|\n|t:|1781410120\n|move|p2a: Qwilfish|Flip Turn|p1a: Scizor\n|-damage|p1a: Scizor|180/240\n|\n|t:|1781410122\n|switch|p2a: Arcanine|Arcanine-Hisui, L79, F|279/279|[from] Flip Turn\n|move|p1a: Scizor|Swords Dance|p1a: Scizor\n|-boost|p1a: Scizor|atk|2\n|\n|upkeep\n|turn|16\n|\n|t:|1781410134\n|switch|p1a: Iron Moth|Iron Moth, L78|253/253\n|-sideend|p1: Dfrrnspa97|move: Toxic Spikes|[of] p1a: Iron Moth\n|move|p2a: Arcanine|Flare Blitz|p1a: Iron Moth\n|-resisted|p1a: Iron Moth\n|-damage|p1a: Iron Moth|118/253\n|\n|upkeep\n|turn|17\n|\n|t:|1781410139\n|move|p1a: Iron Moth|Morning Sun|p1a: Iron Moth\n|-heal|p1a: Iron Moth|244/253\n|move|p2a: Arcanine|Flare Blitz|p1a: Iron Moth\n|-resisted|p1a: Iron Moth\n|-damage|p1a: Iron Moth|118/253\n|\n|upkeep\n|turn|18\n|\n|t:|1781410145\n|move|p1a: Iron Moth|Morning Sun|p1a: Iron Moth\n|-heal|p1a: Iron Moth|244/253\n|move|p2a: Arcanine|Flare Blitz|p1a: Iron Moth\n|-resisted|p1a: Iron Moth\n|-damage|p1a: Iron Moth|104/253\n|\n|upkeep\n|turn|19\n|\n|t:|1781410156\n|-end|p1a: Iron Moth|Quark Drive|[silent]\n|switch|p1a: Floatzel|Floatzel, L86, F|260/286\n|move|p2a: Arcanine|Flare Blitz|p1a: Floatzel\n|-resisted|p1a: Floatzel\n|-damage|p1a: Floatzel|128/286\n|\n|-heal|p1a: Floatzel|145/286|[from] item: Leftovers\n|upkeep\n|turn|20\n|\n|t:|1781410160\n|switch|p2a: Qwilfish|Qwilfish, L86, M|143/252\n|-ability|p2a: Qwilfish|Intimidate|boost\n|-unboost|p1a: Floatzel|atk|1\n|move|p1a: Floatzel|Bulk Up|p1a: Floatzel\n|-boost|p1a: Floatzel|atk|1\n|-boost|p1a: Floatzel|def|1\n|\n|-heal|p1a: Floatzel|162/286|[from] item: Leftovers\n|upkeep\n|turn|21\n|\n|t:|1781410166\n|move|p1a: Floatzel|Bulk Up|p1a: Floatzel\n|-boost|p1a: Floatzel|atk|1\n|-boost|p1a: Floatzel|def|1\n|move|p2a: Qwilfish|Gunk Shot|p1a: Floatzel|[miss]\n|-miss|p2a: Qwilfish|p1a: Floatzel\n|\n|-heal|p1a: Floatzel|179/286|[from] item: Leftovers\n|upkeep\n|turn|22\n|\n|t:|1781410171\n|move|p1a: Floatzel|Bulk Up|p1a: Floatzel\n|-boost|p1a: Floatzel|atk|1\n|-boost|p1a: Floatzel|def|1\n|move|p2a: Qwilfish|Gunk Shot|p1a: Floatzel\n|-crit|p1a: Floatzel\n|-damage|p1a: Floatzel|0 fnt\n|faint|p1a: Floatzel\n|\n|upkeep\n|l|\u2606Dfrrnspa97\n|inactive|Dfrrnspa97 disconnected and has a minute to reconnect!\n|player|p1|\n|inactive|Dfrrnspa97 has 30 seconds to reconnect!\n|inactive|Dfrrnspa97 has 20 seconds to reconnect!\n|inactive|Dfrrnspa97 has 15 seconds to reconnect!\n|inactive|Dfrrnspa97 has 10 seconds to reconnect!\n|inactive|Dfrrnspa97 has 5 seconds to reconnect!\n|-message|Dfrrnspa97 lost due to inactivity.\n|\n|win|Guimd33\n|raw|Dfrrnspa97's rating: 2192 &rarr; <strong>2178</strong><br />(-14 for losing)\n|raw|Guimd33's rating: 2302 &rarr; <strong>2316</strong><br />(+14 for winning)\n", "inputlog": ">version a8376a258c1d4662feba110a92103f3664a72141\n>start {\"formatid\":\"gen9randombattle\",\"seed\":\"sodium,ab03f867ee542cdbbabbe6dddcbca544\",\"rated\":\"Rated battle\"}\n>player p1 {\"name\":\"Dfrrnspa97\",\"avatar\":\"101\",\"rating\":2192,\"seed\":\"sodium,bd2e789a0cb1f90eb94d33c41d01ab53\"}\n>player p2 {\"name\":\"Guimd33\",\"avatar\":\"pokekid\",\"rating\":2302,\"seed\":\"sodium,e48a880b7f57ad4ab9416c3d655359fd\"}\n>p1 move lunge\n>p2 move discharge\n>p1 move lunge\n>p2 move discharge\n>p1 move roost\n>p2 move discharge\n>p1 move roost\n>p2 move discharge\n>p1 move lunge\n>p2 move discharge\n>p1 move roost\n>p2 move discharge\n>p1 switch 2\n>p1 move wavecrash\n>p2 switch 5\n>p1 move taunt\n>p2 move flipturn\n>p2 switch 5\n>p1 switch 6\n>p2 move discharge\n>p1 move knockoff\n>p2 move discharge\n>p1 move sludgebomb\n>p2 move discharge\n>p2 switch 3\n>p1 move encore\n>p2 move dragondance\n>p1 move sludgebomb\n>p2 switch 5\n>p1 switch 4\n>p2 move toxicspikes\n>p1 move swordsdance\n>p2 move flipturn\n>p2 switch 4\n>p1 switch 5\n>p2 move flareblitz\n>p1 move morningsun\n>p2 move flareblitz\n>p1 move morningsun\n>p2 move flareblitz\n>p1 switch 6\n>p2 move flareblitz\n>p1 move bulkup\n>p2 switch 4\n>p1 move bulkup\n>p2 move gunkshot\n>p1 move bulkup\n>p2 move gunkshot\n>forcelose p1", "uploadtime": 1781409981, "views": 5, "formatid": "gen9randombattle", "rating": 2178, "private": 0, "password": null}