{"id": "gen9randombattle-2631899174", "format": "[Gen 9] Random Battle", "players": ["thatdankcharizard", "JAVASB"], "log": "|j|\u2606thatdankcharizard\n|j|\u2606JAVASB\n|t:|1781453454\n|gametype|singles\n|player|p1|thatdankcharizard|266|2085\n|player|p2|JAVASB|101|2163\n|gen|9\n|tier|[Gen 9] Random Battle\n|rated|\n|rule|Species Clause: Limit one of each Pok\u00e9mon\n|rule|HP Percentage Mod: HP is shown in percentages\n|rule|Sleep Clause Mod: Limit one foe put to sleep\n|rule|Illusion Level Mod: Illusion disguises the Pok\u00e9mon's true level\n|\n|t:|1781453454\n|teamsize|p1|6\n|teamsize|p2|6\n|start\n|switch|p1a: Mimikyu|Mimikyu, L79, F|216/216\n|switch|p2a: Cyclizar|Cyclizar, L83, F|252/252\n|turn|1\n|\n|t:|1781453465\n|switch|p1a: Slowking|Slowking-Galar, L85, F|300/300\n|move|p2a: Cyclizar|Shed Tail|p2a: Cyclizar\n|-start|p2a: Cyclizar|Substitute|[from] move: Shed Tail\n|-damage|p2a: Cyclizar|126/252\n|\n|t:|1781453477\n|switch|p2a: Skuntank|Skuntank, L84, M|310/310|[from] Shed Tail\n|\n|upkeep\n|turn|2\n|\n|t:|1781453484\n|switch|p1a: Ting-Lu|Ting-Lu, L78|370/370\n|-ability|p1a: Ting-Lu|Vessel of Ruin\n|move|p2a: Skuntank|Knock Off|p1a: Ting-Lu\n|-resisted|p1a: Ting-Lu\n|-damage|p1a: Ting-Lu|321/370\n|-enditem|p1a: Ting-Lu|Leftovers|[from] move: Knock Off|[of] p2a: Skuntank\n|-damage|p2a: Skuntank|279/310|[from] item: Life Orb\n|\n|upkeep\n|turn|3\n|\n|t:|1781453495\n|move|p2a: Skuntank|Gunk Shot|p1a: Ting-Lu|[miss]\n|-miss|p2a: Skuntank|p1a: Ting-Lu\n|move|p1a: Ting-Lu|Stealth Rock|p2a: Skuntank\n|-sidestart|p2: JAVASB|move: Stealth Rock\n|\n|upkeep\n|turn|4\n|\n|t:|1781453502\n|move|p2a: Skuntank|Gunk Shot|p1a: Ting-Lu\n|-resisted|p1a: Ting-Lu\n|-damage|p1a: Ting-Lu|256/370\n|-damage|p2a: Skuntank|248/310|[from] item: Life Orb\n|move|p1a: Ting-Lu|Whirlwind|p2a: Skuntank\n|drag|p2a: Mabosstiff|Mabosstiff, L86, M|278/278\n|-damage|p2a: Mabosstiff|244/278|[from] Stealth Rock\n|\n|upkeep\n|turn|5\n|\n|t:|1781453514\n|move|p2a: Mabosstiff|Play Rough|p1a: Ting-Lu\n|-supereffective|p1a: Ting-Lu\n|-damage|p1a: Ting-Lu|124/370\n|move|p1a: Ting-Lu|Whirlwind|p2a: Mabosstiff\n|drag|p2a: Azelf|Azelf, L82|257/257\n|-damage|p2a: Azelf|225/257|[from] Stealth Rock\n|\n|upkeep\n|turn|6\n|\n|t:|1781453520\n|move|p2a: Azelf|Dazzling Gleam|p1a: Ting-Lu\n|-supereffective|p1a: Ting-Lu\n|-damage|p1a: Ting-Lu|0 fnt\n|faint|p1a: Ting-Lu\n|-damage|p2a: Azelf|200/257|[from] item: Life Orb\n|\n|upkeep\n|\n|t:|1781453532\n|switch|p1a: Ceruledge|Ceruledge, L78, F, shiny|245/245\n|turn|7\n|\n|t:|1781453544\n|switch|p1a: Slowking|Slowking-Galar, L85, F|300/300\n|move|p2a: Azelf|Psyshock|p1a: Slowking\n|-damage|p1a: Slowking|158/300\n|-damage|p2a: Azelf|175/257|[from] item: Life Orb\n|\n|upkeep\n|turn|8\n|\n|t:|1781453552\n|move|p2a: Azelf|Psyshock|p1a: Slowking\n|-damage|p1a: Slowking|25/300\n|-damage|p2a: Azelf|150/257|[from] item: Life Orb\n|move|p1a: Slowking|Sludge Bomb|p2a: Azelf\n|-damage|p2a: Azelf|21/257\n|\n|upkeep\n|turn|9\n|\n|t:|1781453568\n|move|p2a: Azelf|Psyshock|p1a: Slowking\n|-damage|p1a: Slowking|0 fnt\n|faint|p1a: Slowking\n|-damage|p2a: Azelf|0 fnt|[from] item: Life Orb\n|faint|p2a: Azelf\n|\n|upkeep\n|\n|t:|1781453580\n|switch|p2a: Skuntank|Skuntank, L84, M|248/310\n|switch|p1a: Mienshao|Mienshao, L83, M|243/243\n|-damage|p2a: Skuntank|210/310|[from] Stealth Rock\n|turn|10\n|\n|t:|1781453585\n|switch|p2a: Annihilape|Annihilape, L76, F|292/292\n|-damage|p2a: Annihilape|274/292|[from] Stealth Rock\n|move|p1a: Mienshao|High Jump Kick|p2a: Annihilape\n|-immune|p2a: Annihilape\n|-damage|p1a: Mienshao|122/243|[from] highjumpkick\n|\n|upkeep\n|turn|11\n|\n|t:|1781453594\n|switch|p1a: Ceruledge|Ceruledge, L78, F, shiny|245/245\n|move|p2a: Annihilape|Rage Fist|p1a: Ceruledge\n|-supereffective|p1a: Ceruledge\n|-damage|p1a: Ceruledge|123/245\n|-ability|p1a: Ceruledge|Weak Armor|boost\n|-unboost|p1a: Ceruledge|def|1\n|-boost|p1a: Ceruledge|spe|2\n|\n|upkeep\n|turn|12\n|\n|t:|1781453603\n|switch|p2a: Cyclizar|Cyclizar, L83, F|210/252\n|move|p1a: Ceruledge|Bitter Blade|p2a: Cyclizar\n|-resisted|p2a: Cyclizar\n|-damage|p2a: Cyclizar|151/252\n|-heal|p1a: Ceruledge|153/245|[from] drain|[of] p2a: Cyclizar\n|\n|upkeep\n|turn|13\n|\n|t:|1781453614\n|switch|p2a: Skuntank|Skuntank, L84, M|210/310\n|-damage|p2a: Skuntank|172/310|[from] Stealth Rock\n|move|p1a: Ceruledge|Bitter Blade|p2a: Skuntank\n|-damage|p2a: Skuntank|37/310\n|-heal|p1a: Ceruledge|221/245|[from] drain|[of] p2a: Skuntank\n|\n|upkeep\n|turn|14\n|\n|t:|1781453619\n|move|p1a: Ceruledge|Shadow Sneak|p2a: Skuntank\n|-resisted|p2a: Skuntank\n|-damage|p2a: Skuntank|8/310\n|move|p2a: Skuntank|Toxic Spikes|p1a: Ceruledge\n|-sidestart|p1: thatdankcharizard|move: Toxic Spikes\n|\n|upkeep\n|turn|15\n|\n|t:|1781453622\n|move|p1a: Ceruledge|Shadow Sneak|p2a: Skuntank\n|-resisted|p2a: Skuntank\n|-damage|p2a: Skuntank|0 fnt\n|-damage|p1a: Ceruledge|160/245|[from] ability: Aftermath|[of] p2a: Skuntank\n|faint|p2a: Skuntank\n|\n|upkeep\n|\n|t:|1781453627\n|switch|p2a: Mabosstiff|Mabosstiff, L86, M|244/278\n|-damage|p2a: Mabosstiff|210/278|[from] Stealth Rock\n|turn|16\n|\n|t:|1781453633\n|move|p1a: Ceruledge|Bitter Blade|p2a: Mabosstiff\n|-damage|p2a: Mabosstiff|105/278\n|-heal|p1a: Ceruledge|213/245|[from] drain|[of] p2a: Mabosstiff\n|move|p2a: Mabosstiff|Crunch|p1a: Ceruledge\n|-supereffective|p1a: Ceruledge\n|-damage|p1a: Ceruledge|0 fnt\n|faint|p1a: Ceruledge\n|\n|upkeep\n|\n|t:|1781453637\n|switch|p1a: Sneasler|Sneasler, L74, M|240/240\n|-sideend|p1: thatdankcharizard|move: Toxic Spikes|[of] p1a: Sneasler\n|turn|17\n|\n|t:|1781453646\n|move|p2a: Mabosstiff|Crunch|p1a: Sneasler\n|-resisted|p1a: Sneasler\n|-damage|p1a: Sneasler|168/240\n|move|p1a: Sneasler|Swords Dance|p1a: Sneasler\n|-boost|p1a: Sneasler|atk|2\n|\n|upkeep\n|turn|18\n|\n|t:|1781453649\n|switch|p2a: Annihilape|Annihilape, L76, F|274/292\n|-damage|p2a: Annihilape|256/292|[from] Stealth Rock\n|move|p1a: Sneasler|Close Combat|p2a: Annihilape\n|-immune|p2a: Annihilape\n|\n|upkeep\n|turn|19\n|\n|t:|1781453664\n|switch|p2a: Cyclizar|Cyclizar, L83, F|235/252\n|move|p1a: Sneasler|Swords Dance|p1a: Sneasler\n|-boost|p1a: Sneasler|atk|2\n|\n|upkeep\n|turn|20\n|\n|t:|1781453674\n|move|p2a: Cyclizar|Shed Tail|p2a: Cyclizar\n|-start|p2a: Cyclizar|Substitute|[from] move: Shed Tail\n|-damage|p2a: Cyclizar|109/252\n|\n|t:|1781453676\n|switch|p2a: Mabosstiff|Mabosstiff, L86, M|105/278|[from] Shed Tail\n|-damage|p2a: Mabosstiff|71/278|[from] Stealth Rock\n|move|p1a: Sneasler|Close Combat|p2a: Mabosstiff\n|-supereffective|p2a: Mabosstiff\n|-crit|p2a: Mabosstiff\n|-end|p2a: Mabosstiff|Substitute\n|-unboost|p1a: Sneasler|def|1\n|-unboost|p1a: Sneasler|spd|1\n|-enditem|p1a: Sneasler|White Herb\n|-clearnegativeboost|p1a: Sneasler|[silent]\n|\n|upkeep\n|turn|21\n|\n|t:|1781453685\n|move|p1a: Sneasler|Acrobatics|p2a: Mabosstiff\n|-damage|p2a: Mabosstiff|0 fnt\n|faint|p2a: Mabosstiff\n|\n|upkeep\n|\n|t:|1781453688\n|switch|p2a: Annihilape|Annihilape, L76, F|256/292\n|-damage|p2a: Annihilape|238/292|[from] Stealth Rock\n|turn|22\n|\n|t:|1781453694\n|-terastallize|p2a: Annihilape|Fairy\n|move|p1a: Sneasler|Close Combat|p2a: Annihilape\n|-resisted|p2a: Annihilape\n|-damage|p2a: Annihilape|25/292\n|-unboost|p1a: Sneasler|def|1\n|-unboost|p1a: Sneasler|spd|1\n|move|p2a: Annihilape|Rage Fist|p1a: Sneasler\n|-damage|p1a: Sneasler|0 fnt\n|faint|p1a: Sneasler\n|\n|upkeep\n|\n|t:|1781453700\n|switch|p1a: Mienshao|Mienshao, L83, M|122/243\n|turn|23\n|\n|t:|1781453709\n|move|p1a: Mienshao|Knock Off|p2a: Annihilape\n|-resisted|p2a: Annihilape\n|-damage|p2a: Annihilape|0 fnt\n|-enditem|p2a: Annihilape|Chesto Berry|[from] move: Knock Off|[of] p1a: Mienshao\n|faint|p2a: Annihilape\n|\n|upkeep\n|\n|t:|1781453712\n|switch|p2a: Cyclizar|Cyclizar, L83, F|193/252\n|turn|24\n|\n|t:|1781453718\n|move|p2a: Cyclizar|Draco Meteor|p1a: Mienshao\n|-damage|p1a: Mienshao|0 fnt\n|-unboost|p2a: Cyclizar|spa|2\n|faint|p1a: Mienshao\n|\n|upkeep\n|\n|t:|1781453720\n|switch|p1a: Mimikyu|Mimikyu, L79, F|216/216\n|turn|25\n|\n|t:|1781453727\n|move|p2a: Cyclizar|Taunt|p1a: Mimikyu\n|-start|p1a: Mimikyu|move: Taunt\n|cant|p1a: Mimikyu|move: Taunt|Swords Dance\n|\n|upkeep\n|turn|26\n|\n|t:|1781453743\n|move|p2a: Cyclizar|Rapid Spin|p1a: Mimikyu\n|-immune|p1a: Mimikyu\n|move|p1a: Mimikyu|Play Rough|p2a: Cyclizar\n|-supereffective|p2a: Cyclizar\n|-damage|p2a: Cyclizar|0 fnt\n|faint|p2a: Cyclizar\n|-damage|p1a: Mimikyu|195/216|[from] item: Life Orb\n|\n|upkeep\n|\n|t:|1781453745\n|switch|p2a: Flareon|Flareon, L90, F|263/263\n|-damage|p2a: Flareon|198/263|[from] Stealth Rock\n|turn|27\n|\n|t:|1781453751\n|-terastallize|p1a: Mimikyu|Fighting\n|move|p1a: Mimikyu|Drain Punch|p2a: Flareon\n|-damage|p2a: Flareon|95/263\n|-heal|p1a: Mimikyu|216/216|[from] drain|[of] p2a: Flareon\n|-damage|p1a: Mimikyu|195/216|[from] item: Life Orb\n|move|p2a: Flareon|Trailblaze|p1a: Mimikyu\n|-activate|p1a: Mimikyu|ability: Disguise\n|-damage|p1a: Mimikyu|195/216\n|-boost|p2a: Flareon|spe|1\n|detailschange|p1a: Mimikyu|Mimikyu-Busted, L79, F, tera:Fighting\n|-damage|p1a: Mimikyu|168/216|[from] pokemon: Mimikyu-Busted\n|\n|-end|p1a: Mimikyu|move: Taunt\n|-status|p2a: Flareon|tox|[from] item: Toxic Orb\n|upkeep\n|turn|28\n|\n|t:|1781453766\n|move|p2a: Flareon|Flare Blitz|p1a: Mimikyu\n|-damage|p1a: Mimikyu|0 fnt\n|faint|p1a: Mimikyu\n|-damage|p2a: Flareon|40/263 tox|[from] Recoil\n|\n|win|JAVASB\n", "uploadtime": 1781453456, "views": 3, "formatid": "gen9randombattle", "rating": null, "private": 0, "password": null}