{"id": "gen9randombattle-2631653172", "format": "[Gen 9] Random Battle", "players": ["lalo's pollos", "shoddy battler"], "log": "|j|\u2606lalo's pollos\n|j|\u2606shoddy battler\n|t:|1781415442\n|gametype|singles\n|player|p1|lalo's pollos|1|1999\n|player|p2|shoddy battler|beauty-gen4dp|2110\n|gen|9\n|tier|[Gen 9] Random Battle\n|rated|\n|rule|Species Clause: Limit one of each Pok\u00e9mon\n|rule|HP Percentage Mod: HP is shown in percentages\n|rule|Sleep Clause Mod: Limit one foe put to sleep\n|rule|Illusion Level Mod: Illusion disguises the Pok\u00e9mon's true level\n|\n|t:|1781415442\n|teamsize|p1|6\n|teamsize|p2|6\n|start\n|switch|p1a: Ribombee|Ribombee, L83, F|235/235\n|switch|p2a: Eternatus|Eternatus, L69|308/308\n|-ability|p2a: Eternatus|Pressure\n|turn|1\n|\n|t:|1781415458\n|move|p1a: Ribombee|Sticky Web|p2a: Eternatus\n|-sidestart|p2: shoddy battler|move: Sticky Web\n|move|p2a: Eternatus|Flamethrower|p1a: Ribombee\n|-supereffective|p1a: Ribombee\n|-damage|p1a: Ribombee|85/235\n|\n|upkeep\n|turn|2\n|\n|t:|1781415464\n|move|p1a: Ribombee|Stun Spore|p2a: Eternatus\n|-status|p2a: Eternatus|par\n|cant|p2a: Eternatus|par\n|\n|upkeep\n|turn|3\n|\n|t:|1781415469\n|move|p1a: Ribombee|Moonblast|p2a: Eternatus\n|-damage|p2a: Eternatus|194/308 par\n|move|p2a: Eternatus|Toxic Spikes|p1a: Ribombee\n|-sidestart|p1: lalo's pollos|move: Toxic Spikes\n|\n|-heal|p2a: Eternatus|213/308 par|[from] item: Leftovers\n|upkeep\n|turn|4\n|\n|t:|1781415479\n|move|p1a: Ribombee|Moonblast|p2a: Eternatus\n|-damage|p2a: Eternatus|92/308 par\n|-unboost|p2a: Eternatus|spa|1\n|move|p2a: Eternatus|Recover|p2a: Eternatus\n|-heal|p2a: Eternatus|246/308 par\n|\n|-heal|p2a: Eternatus|265/308 par|[from] item: Leftovers\n|upkeep\n|turn|5\n|\n|t:|1781415484\n|move|p1a: Ribombee|Moonblast|p2a: Eternatus\n|-damage|p2a: Eternatus|147/308 par\n|move|p2a: Eternatus|Flamethrower|p1a: Ribombee\n|-supereffective|p1a: Ribombee\n|-damage|p1a: Ribombee|0 fnt\n|faint|p1a: Ribombee\n|\n|-heal|p2a: Eternatus|166/308 par|[from] item: Leftovers\n|upkeep\n|\n|t:|1781415490\n|switch|p1a: Glastrier|Glastrier, L86|312/312\n|turn|6\n|\n|t:|1781415500\n|cant|p2a: Eternatus|par\n|move|p1a: Glastrier|Icicle Crash|p2a: Eternatus\n|-supereffective|p2a: Eternatus\n|-damage|p2a: Eternatus|0 fnt\n|faint|p2a: Eternatus\n|-ability|p1a: Glastrier|Chilling Neigh|boost\n|-boost|p1a: Glastrier|atk|1\n|\n|upkeep\n|\n|t:|1781415534\n|switch|p2a: Kricketune|Kricketune, L99, M|312/312\n|turn|7\n|\n|t:|1781415542\n|move|p2a: Kricketune|Knock Off|p1a: Glastrier\n|-damage|p1a: Glastrier|252/312\n|-enditem|p1a: Glastrier|Heavy-Duty Boots|[from] move: Knock Off|[of] p2a: Kricketune\n|move|p1a: Glastrier|Icicle Crash|p2a: Kricketune\n|-damage|p2a: Kricketune|65/312\n|\n|upkeep\n|turn|8\n|\n|t:|1781415556\n|move|p2a: Kricketune|Sticky Web|p1a: Glastrier\n|-sidestart|p1: lalo's pollos|move: Sticky Web\n|move|p1a: Glastrier|Heavy Slam|p2a: Kricketune\n|-damage|p2a: Kricketune|0 fnt\n|faint|p2a: Kricketune\n|-ability|p1a: Glastrier|Chilling Neigh|boost\n|-boost|p1a: Glastrier|atk|1\n|\n|upkeep\n|\n|t:|1781415568\n|switch|p2a: Dragapult|Dragapult, L77, M|262/262\n|-activate|p2a: Dragapult|move: Sticky Web\n|-unboost|p2a: Dragapult|spe|1\n|turn|9\n|\n|t:|1781415574\n|move|p2a: Dragapult|Fire Blast|p1a: Glastrier\n|-supereffective|p1a: Glastrier\n|-damage|p1a: Glastrier|72/312\n|move|p1a: Glastrier|Icicle Crash|p2a: Dragapult\n|-supereffective|p2a: Dragapult\n|-damage|p2a: Dragapult|0 fnt\n|faint|p2a: Dragapult\n|-ability|p1a: Glastrier|Chilling Neigh|boost\n|-boost|p1a: Glastrier|atk|1\n|\n|upkeep\n|\n|t:|1781415587\n|switch|p2a: Infernape|Infernape, L82, M|259/259\n|-activate|p2a: Infernape|move: Sticky Web\n|-unboost|p2a: Infernape|spe|1\n|turn|10\n|\n|t:|1781415605\n|move|p2a: Infernape|Close Combat|p1a: Glastrier\n|-supereffective|p1a: Glastrier\n|-damage|p1a: Glastrier|0 fnt\n|-unboost|p2a: Infernape|def|1\n|-unboost|p2a: Infernape|spd|1\n|faint|p1a: Glastrier\n|-damage|p2a: Infernape|234/259|[from] item: Life Orb\n|\n|upkeep\n|\n|t:|1781415608\n|switch|p1a: Uxie|Uxie, L83|260/260\n|turn|11\n|\n|t:|1781415613\n|switch|p2a: Excadrill|Excadrill, L79, F|303/303\n|-activate|p2a: Excadrill|move: Sticky Web\n|-unboost|p2a: Excadrill|spe|1\n|-ability|p2a: Excadrill|Mold Breaker\n|move|p1a: Uxie|U-turn|p2a: Excadrill\n|-resisted|p2a: Excadrill\n|-damage|p2a: Excadrill|273/303\n|\n|t:|1781415621\n|switch|p1a: Lapras|Lapras, L87, F|367/367|[from] U-turn\n|-status|p1a: Lapras|psn\n|-activate|p1a: Lapras|move: Sticky Web\n|-unboost|p1a: Lapras|spe|1\n|\n|-heal|p2a: Excadrill|291/303|[from] item: Leftovers\n|-damage|p1a: Lapras|322/367 psn|[from] psn\n|upkeep\n|turn|12\n|\n|t:|1781415629\n|move|p2a: Excadrill|Rapid Spin|p1a: Lapras\n|-damage|p1a: Lapras|276/367 psn\n|-boost|p2a: Excadrill|spe|1\n|-sideend|p2: shoddy battler|Sticky Web|[from] move: Rapid Spin|[of] p2a: Excadrill\n|move|p1a: Lapras|Hydro Pump|p2a: Excadrill\n|-supereffective|p2a: Excadrill\n|-damage|p2a: Excadrill|0 fnt\n|faint|p2a: Excadrill\n|\n|-damage|p1a: Lapras|231/367 psn|[from] psn\n|upkeep\n|j| Zyroth_7\n|\n|t:|1781415682\n|switch|p2a: Infernape|Infernape, L82, M|234/259\n|turn|13\n|\n|t:|1781415693\n|switch|p1a: Sableye|Sableye, L88, M|231/231\n|-status|p1a: Sableye|psn\n|-activate|p1a: Sableye|move: Sticky Web\n|-unboost|p1a: Sableye|spe|1\n|move|p2a: Infernape|Close Combat|p1a: Sableye\n|-immune|p1a: Sableye\n|\n|-damage|p1a: Sableye|203/231 psn|[from] psn\n|upkeep\n|turn|14\n|\n|t:|1781415699\n|switch|p2a: Persian|Persian-Alola, L86, M|252/252\n|move|p1a: Sableye|Thunder Wave|p2a: Persian\n|-hint|Since gen 7, Dark is immune to Prankster moves.\n|-immune|p2a: Persian\n|\n|-heal|p1a: Sableye|217/231 psn|[from] item: Leftovers\n|-damage|p1a: Sableye|189/231 psn|[from] psn\n|upkeep\n|turn|15\n|\n|t:|1781415702\n|move|p2a: Persian|Nasty Plot|p2a: Persian\n|-boost|p2a: Persian|spa|2\n|move|p1a: Sableye|Knock Off|p2a: Persian\n|-resisted|p2a: Persian\n|-damage|p2a: Persian|221/252\n|-enditem|p2a: Persian|Life Orb|[from] move: Knock Off|[of] p1a: Sableye\n|\n|-heal|p1a: Sableye|203/231 psn|[from] item: Leftovers\n|-damage|p1a: Sableye|175/231 psn|[from] psn\n|upkeep\n|turn|16\n|\n|t:|1781415714\n|move|p2a: Persian|Nasty Plot|p2a: Persian\n|-boost|p2a: Persian|spa|2\n|move|p1a: Sableye|Knock Off|p2a: Persian\n|-resisted|p2a: Persian\n|-damage|p2a: Persian|200/252\n|\n|-heal|p1a: Sableye|189/231 psn|[from] item: Leftovers\n|-damage|p1a: Sableye|161/231 psn|[from] psn\n|upkeep\n|turn|17\n|\n|t:|1781415719\n|move|p1a: Sableye|Thunder Wave|p2a: Persian\n|-hint|Since gen 7, Dark is immune to Prankster moves.\n|-immune|p2a: Persian\n|move|p2a: Persian|Nasty Plot|p2a: Persian\n|-boost|p2a: Persian|spa|2\n|\n|-heal|p1a: Sableye|175/231 psn|[from] item: Leftovers\n|-damage|p1a: Sableye|147/231 psn|[from] psn\n|upkeep\n|turn|18\n|-message|lalo's pollos forfeited.\n|\n|win|shoddy battler\n", "inputlog": ">version a8376a258c1d4662feba110a92103f3664a72141\n>start {\"formatid\":\"gen9randombattle\",\"seed\":\"sodium,0b319c6575e41c86827eb88e22c46190\",\"rated\":\"Rated battle\"}\n>player p1 {\"name\":\"lalo's pollos\",\"avatar\":\"1\",\"rating\":1999,\"seed\":\"sodium,830ce6ec2e306e888d84138590ca7ed1\"}\n>player p2 {\"name\":\"shoddy battler\",\"avatar\":\"beauty-gen4dp\",\"rating\":2110,\"seed\":\"sodium,821809fe7faad25c61fa9f7bb32a927c\"}\n>p1 move stickyweb\n>p2 move flamethrower\n>p1 move stunspore\n>p2 move flamethrower\n>p1 move moonblast\n>p2 move toxicspikes\n>p1 move moonblast\n>p2 move recover\n>p1 move moonblast\n>p2 move flamethrower\n>p1 switch 4\n>p1 move iciclecrash\n>p2 move dynamaxcannon\n>p2 switch 6\n>p1 move iciclecrash\n>p2 move knockoff\n>p1 move heavyslam\n>p2 move stickyweb\n>p2 switch 5\n>p1 move iciclecrash\n>p2 move fireblast\n>p2 switch 3\n>p1 move iciclecrash\n>p2 move closecombat\n>p1 switch 5\n>p1 move uturn\n>p2 switch 4\n>p1 switch 6\n>p1 move hydropump\n>p2 move rapidspin\n>p2 switch 4\n>p1 switch 2\n>p2 move closecombat\n>p1 move thunderwave\n>p2 switch 2\n>p1 move knockoff\n>p2 move nastyplot\n>p1 move knockoff\n>p2 move nastyplot\n>p1 move thunderwave\n>p2 move nastyplot\n>forcelose p1", "uploadtime": 1781415444, "views": 4, "formatid": "gen9randombattle", "rating": null, "private": 0, "password": null}