{"id": "gen9randombattle-2631548317", "format": "[Gen 9] Random Battle", "players": ["Petilil37", "samuelayers"], "log": "|j|\u203dPetilil37\n|j|\u2606samuelayers\n|t:|1781399731\n|gametype|singles\n|player|p1|Petilil37|266|2068\n|player|p2|samuelayers|gentleman-gen4dp|2114\n|gen|9\n|tier|[Gen 9] Random Battle\n|rated|\n|rule|Species Clause: Limit one of each Pok\u00e9mon\n|rule|HP Percentage Mod: HP is shown in percentages\n|rule|Sleep Clause Mod: Limit one foe put to sleep\n|rule|Illusion Level Mod: Illusion disguises the Pok\u00e9mon's true level\n|\n|t:|1781399731\n|teamsize|p1|6\n|teamsize|p2|6\n|start\n|switch|p1a: Forretress|Forretress, L84, M|263/263\n|switch|p2a: Magnezone|Magnezone, L85|258/258\n|turn|1\n|inactive|Battle timer is ON: inactive players will automatically lose when time's up. (requested by samuelayers)\n|inactive|samuelayers has 120 seconds left.\n|\n|t:|1781399763\n|switch|p1a: Flygon|Flygon, L82, F|265/265\n|move|p2a: Magnezone|Iron Defense|p2a: Magnezone\n|-boost|p2a: Magnezone|def|2\n|\n|upkeep\n|turn|2\n|\n|t:|1781399772\n|switch|p2a: Pelipper|Pelipper, L86, F|243/243\n|-weather|RainDance|[from] ability: Drizzle|[of] p2a: Pelipper\n|move|p1a: Flygon|U-turn|p2a: Pelipper\n|-resisted|p2a: Pelipper\n|-damage|p2a: Pelipper|209/243\n|\n|t:|1781399774\n|switch|p1a: Kilowattrel|Kilowattrel, L83, M|252/252|[from] U-turn\n|\n|-weather|RainDance|[upkeep]\n|upkeep\n|turn|3\n|\n|t:|1781399779\n|switch|p2a: Ting-Lu|Ting-Lu, L78|370/370\n|-ability|p2a: Ting-Lu|Vessel of Ruin\n|move|p1a: Kilowattrel|U-turn|p2a: Ting-Lu\n|-supereffective|p2a: Ting-Lu\n|-crit|p2a: Ting-Lu\n|-damage|p2a: Ting-Lu|280/370\n|\n|t:|1781399787\n|switch|p1a: Flygon|Flygon, L82, F|265/265|[from] U-turn\n|\n|-weather|RainDance|[upkeep]\n|-heal|p2a: Ting-Lu|303/370|[from] item: Leftovers\n|upkeep\n|turn|4\n|\n|t:|1781399793\n|move|p1a: Flygon|U-turn|p2a: Ting-Lu\n|-supereffective|p2a: Ting-Lu\n|-damage|p2a: Ting-Lu|187/370\n|\n|t:|1781399804\n|switch|p1a: Annihilape|Annihilape, L76, M|292/292|[from] U-turn\n|move|p2a: Ting-Lu|Spikes|p1a: Annihilape\n|-sidestart|p1: Petilil37|Spikes\n|\n|-weather|RainDance|[upkeep]\n|-heal|p2a: Ting-Lu|210/370|[from] item: Leftovers\n|upkeep\n|turn|5\n|\n|t:|1781399816\n|switch|p2a: Pelipper|Pelipper, L86, F|209/243\n|move|p1a: Annihilape|Gunk Shot|p2a: Pelipper\n|-damage|p2a: Pelipper|141/243\n|\n|-weather|RainDance|[upkeep]\n|upkeep\n|turn|6\n|\n|t:|1781399823\n|switch|p1a: Chimecho|Chimecho, L93, M|290/290\n|move|p2a: Pelipper|Hydro Pump|p1a: Chimecho\n|-damage|p1a: Chimecho|127/290\n|\n|-weather|none\n|-heal|p1a: Chimecho|145/290|[from] item: Leftovers\n|upkeep\n|turn|7\n|\n|t:|1781399829\n|switch|p2a: Ting-Lu|Ting-Lu, L78|210/370\n|-ability|p2a: Ting-Lu|Vessel of Ruin\n|move|p1a: Chimecho|Calm Mind|p1a: Chimecho\n|-boost|p1a: Chimecho|spa|1\n|-boost|p1a: Chimecho|spd|1\n|\n|-heal|p1a: Chimecho|163/290|[from] item: Leftovers\n|-heal|p2a: Ting-Lu|233/370|[from] item: Leftovers\n|upkeep\n|turn|8\n|\n|t:|1781399842\n|move|p1a: Chimecho|Dazzling Gleam|p2a: Ting-Lu\n|-supereffective|p2a: Ting-Lu\n|-damage|p2a: Ting-Lu|39/370\n|move|p2a: Ting-Lu|Throat Chop|p1a: Chimecho\n|-supereffective|p1a: Chimecho\n|-damage|p1a: Chimecho|7/290\n|-start|p1a: Chimecho|Throat Chop|[silent]\n|\n|-heal|p1a: Chimecho|25/290|[from] item: Leftovers\n|-heal|p2a: Ting-Lu|62/370|[from] item: Leftovers\n|upkeep\n|turn|9\n|\n|t:|1781399854\n|move|p1a: Chimecho|Dazzling Gleam|p2a: Ting-Lu\n|-supereffective|p2a: Ting-Lu\n|-damage|p2a: Ting-Lu|0 fnt\n|faint|p2a: Ting-Lu\n|\n|-heal|p1a: Chimecho|43/290|[from] item: Leftovers\n|-end|p1a: Chimecho|Throat Chop|[silent]\n|upkeep\n|\n|t:|1781399857\n|switch|p2a: Gallade|Gallade, L80, M|240/240\n|turn|10\n|\n|t:|1781399861\n|move|p2a: Gallade|Night Slash|p1a: Chimecho\n|-supereffective|p1a: Chimecho\n|-damage|p1a: Chimecho|0 fnt\n|faint|p1a: Chimecho\n|\n|upkeep\n|\n|t:|1781399863\n|switch|p1a: Forretress|Forretress, L84, M|263/263\n|-damage|p1a: Forretress|231/263|[from] Spikes\n|turn|11\n|\n|t:|1781399870\n|switch|p2a: Charizard|Charizard, L85, F|271/271\n|move|p1a: Forretress|Stealth Rock|p2a: Charizard\n|-sidestart|p2: samuelayers|move: Stealth Rock\n|\n|-heal|p1a: Forretress|247/263|[from] item: Leftovers\n|upkeep\n|turn|12\n|\n|t:|1781399875\n|switch|p1a: Flygon|Flygon, L82, F|265/265\n|move|p2a: Charizard|Dragon Dance|p2a: Charizard\n|-boost|p2a: Charizard|atk|1\n|-boost|p2a: Charizard|spe|1\n|\n|upkeep\n|turn|13\n|\n|t:|1781399882\n|-terastallize|p2a: Charizard|Dragon\n|move|p2a: Charizard|Outrage|p1a: Flygon\n|-supereffective|p1a: Flygon\n|-damage|p1a: Flygon|0 fnt\n|faint|p1a: Flygon\n|\n|upkeep\n|\n|t:|1781399890\n|switch|p1a: Toucannon|Toucannon, L88, M|284/284\n|turn|14\n|\n|t:|1781399892\n|-singleturn|p1a: Toucannon|move: Beak Blast\n|move|p2a: Charizard|Outrage|p1a: Toucannon|[from] lockedmove\n|-damage|p1a: Toucannon|77/284\n|-status|p2a: Charizard|brn\n|move|p1a: Toucannon|Beak Blast|p2a: Charizard\n|-damage|p2a: Charizard|109/271 brn\n|\n|-damage|p2a: Charizard|93/271 brn|[from] brn\n|upkeep\n|turn|15\n|\n|t:|1781399900\n|move|p2a: Charizard|Outrage|p1a: Toucannon|[from] lockedmove\n|-damage|p1a: Toucannon|0 fnt\n|faint|p1a: Toucannon\n|-start|p2a: Charizard|confusion|[fatigue]\n|\n|-damage|p2a: Charizard|77/271 brn|[from] brn\n|upkeep\n|\n|t:|1781399909\n|switch|p1a: Annihilape|Annihilape, L76, M|292/292\n|-damage|p1a: Annihilape|256/292|[from] Spikes\n|turn|16\n|\n|t:|1781399914\n|-activate|p2a: Charizard|confusion\n|-damage|p2a: Charizard|35/271 brn|[from] confusion\n|move|p1a: Annihilape|Bulk Up|p1a: Annihilape\n|-boost|p1a: Annihilape|atk|1\n|-boost|p1a: Annihilape|def|1\n|\n|-heal|p1a: Annihilape|274/292|[from] item: Leftovers\n|-damage|p2a: Charizard|19/271 brn|[from] brn\n|upkeep\n|turn|17\n|\n|t:|1781399936\n|-activate|p2a: Charizard|confusion\n|-damage|p2a: Charizard|0 fnt|[from] confusion\n|faint|p2a: Charizard\n|move|p1a: Annihilape|Bulk Up|p1a: Annihilape\n|-boost|p1a: Annihilape|atk|1\n|-boost|p1a: Annihilape|def|1\n|\n|-heal|p1a: Annihilape|292/292|[from] item: Leftovers\n|upkeep\n|\n|t:|1781399939\n|switch|p2a: Espathra|Espathra, L80, F|283/283\n|-damage|p2a: Espathra|248/283|[from] Stealth Rock\n|turn|18\n|\n|t:|1781399942\n|-terastallize|p1a: Annihilape|Ghost\n|move|p2a: Espathra|U-turn|p1a: Annihilape\n|-resisted|p1a: Annihilape\n|-damage|p1a: Annihilape|283/292\n|\n|t:|1781399952\n|switch|p2a: Pelipper|Pelipper, L86, F|141/243|[from] U-turn\n|-weather|RainDance|[from] ability: Drizzle|[of] p2a: Pelipper\n|move|p1a: Annihilape|Rage Fist|p2a: Pelipper\n|-damage|p2a: Pelipper|0 fnt\n|faint|p2a: Pelipper\n|\n|-weather|RainDance|[upkeep]\n|-heal|p1a: Annihilape|292/292|[from] item: Leftovers\n|upkeep\n|\n|t:|1781399959\n|switch|p2a: Gallade|Gallade, L80, M|240/240\n|-damage|p2a: Gallade|225/240|[from] Stealth Rock\n|turn|19\n|\n|t:|1781399983\n|move|p2a: Gallade|Night Slash|p1a: Annihilape\n|-supereffective|p1a: Annihilape\n|-crit|p1a: Annihilape\n|-damage|p1a: Annihilape|18/292\n|move|p1a: Annihilape|Rage Fist|p2a: Gallade\n|-supereffective|p2a: Gallade\n|-damage|p2a: Gallade|0 fnt\n|faint|p2a: Gallade\n|\n|-weather|RainDance|[upkeep]\n|-heal|p1a: Annihilape|36/292|[from] item: Leftovers\n|upkeep\n|\n|t:|1781400000\n|switch|p2a: Espathra|Espathra, L80, F|248/283\n|-damage|p2a: Espathra|213/283|[from] Stealth Rock\n|turn|20\n|inactive|Petilil37 has 120 seconds left.\n|\n|t:|1781400025\n|move|p2a: Espathra|Lumina Crash|p1a: Annihilape\n|-damage|p1a: Annihilape|0 fnt\n|faint|p1a: Annihilape\n|\n|-weather|RainDance|[upkeep]\n|-ability|p2a: Espathra|Speed Boost|boost\n|-boost|p2a: Espathra|spe|1\n|upkeep\n|\n|t:|1781400029\n|switch|p1a: Forretress|Forretress, L84, M|247/263\n|-damage|p1a: Forretress|215/263|[from] Spikes\n|turn|21\n|\n|t:|1781400035\n|move|p2a: Espathra|Lumina Crash|p1a: Forretress\n|-resisted|p1a: Forretress\n|-damage|p1a: Forretress|138/263\n|-unboost|p1a: Forretress|spd|2\n|move|p1a: Forretress|Iron Head|p2a: Espathra\n|-damage|p2a: Espathra|105/283\n|\n|-weather|RainDance|[upkeep]\n|-heal|p1a: Forretress|154/263|[from] item: Leftovers\n|-ability|p2a: Espathra|Speed Boost|boost\n|-boost|p2a: Espathra|spe|1\n|upkeep\n|turn|22\n|\n|t:|1781400038\n|move|p2a: Espathra|Lumina Crash|p1a: Forretress\n|-resisted|p1a: Forretress\n|-damage|p1a: Forretress|0 fnt\n|faint|p1a: Forretress\n|\n|-weather|none\n|-ability|p2a: Espathra|Speed Boost|boost\n|-boost|p2a: Espathra|spe|1\n|upkeep\n|\n|t:|1781400040\n|switch|p1a: Kilowattrel|Kilowattrel, L83, M|252/252\n|turn|23\n|\n|t:|1781400055\n|move|p2a: Espathra|Lumina Crash|p1a: Kilowattrel\n|-crit|p1a: Kilowattrel\n|-damage|p1a: Kilowattrel|0 fnt\n|faint|p1a: Kilowattrel\n|\n|win|samuelayers\n", "inputlog": ">version a8376a258c1d4662feba110a92103f3664a72141\n>start {\"formatid\":\"gen9randombattle\",\"seed\":\"sodium,bc416424317c76d571e2b9e46231c0f8\",\"rated\":\"Rated battle\"}\n>player p1 {\"name\":\"Petilil37\",\"avatar\":\"266\",\"rating\":2068,\"seed\":\"sodium,24c6280cc760f71085e98837238ea288\"}\n>player p2 {\"name\":\"samuelayers\",\"avatar\":\"gentleman-gen4dp\",\"rating\":2114,\"seed\":\"sodium,0a3e6326f735d3de36c3943d43208e40\"}\n>p1 switch 2\n>p2 move irondefense\n>p1 move uturn\n>p2 switch 2\n>p1 switch 3\n>p1 move uturn\n>p2 switch 3\n>p1 switch 3\n>p1 move uturn\n>p2 move spikes\n>p1 switch 5\n>p1 move gunkshot\n>p2 switch 3\n>p1 switch 6\n>p2 move hydropump\n>p1 move calmmind\n>p2 switch 3\n>p1 move dazzlinggleam\n>p2 move throatchop\n>p1 move dazzlinggleam\n>p2 move throatchop\n>p2 switch 6\n>p1 move psyshock\n>p2 move nightslash\n>p1 switch 2\n>p1 move stealthrock\n>p2 switch 4\n>p1 switch 5\n>p2 move dragondance\n>p1 move outrage\n>p2 move outrage terastallize\n>p1 switch 4\n>p1 move beakblast\n>p2 move outrage\n>p1 move roost\n>p2 move outrage\n>p1 switch 6\n>p1 move bulkup\n>p2 move flareblitz\n>p1 move bulkup\n>p2 move flareblitz\n>p2 switch 5\n>p1 move ragefist terastallize\n>p2 move uturn\n>p2 switch 3\n>p2 switch 4\n>p1 move ragefist\n>p2 move nightslash\n>p2 switch 3\n>p1 move ragefist\n>p2 move luminacrash\n>p1 switch 5\n>p1 move ironhead\n>p2 move luminacrash\n>p1 move ironhead\n>p2 move luminacrash\n>p1 switch 3\n>p1 move discharge\n>p2 move luminacrash", "uploadtime": 1781399733, "views": 4, "formatid": "gen9randombattle", "rating": null, "private": 0, "password": null}