{"id": "gen9randombattle-2631554295", "format": "[Gen 9] Random Battle", "players": ["Reconforce", "TriniPlayer"], "log": "|j|\u2606Reconforce\n|j|\u2606TriniPlayer\n|t:|1781400557\n|gametype|singles\n|player|p1|Reconforce|102|2270\n|player|p2|TriniPlayer|acetrainersnow|2272\n|gen|9\n|tier|[Gen 9] Random Battle\n|rated|\n|rule|Species Clause: Limit one of each Pok\u00e9mon\n|rule|HP Percentage Mod: HP is shown in percentages\n|rule|Sleep Clause Mod: Limit one foe put to sleep\n|rule|Illusion Level Mod: Illusion disguises the Pok\u00e9mon's true level\n|\n|t:|1781400557\n|teamsize|p1|6\n|teamsize|p2|6\n|start\n|switch|p1a: Duraludon|Duraludon, L82, M|249/249\n|switch|p2a: Magcargo|Magcargo, L95, F|268/268\n|turn|1\n|inactive|Battle timer is ON: inactive players will automatically lose when time's up. (requested by TriniPlayer)\n|\n|t:|1781400563\n|move|p1a: Duraludon|Flash Cannon|p2a: Magcargo\n|-damage|p2a: Magcargo|174/268\n|move|p2a: Magcargo|Stealth Rock|p1a: Duraludon\n|-sidestart|p1: Reconforce|move: Stealth Rock\n|\n|upkeep\n|turn|2\n|\n|t:|1781400568\n|move|p1a: Duraludon|Flash Cannon|p2a: Magcargo\n|-damage|p2a: Magcargo|87/268\n|move|p2a: Magcargo|Recover|p2a: Magcargo\n|-heal|p2a: Magcargo|221/268\n|\n|upkeep\n|turn|3\n|\n|t:|1781400570\n|move|p1a: Duraludon|Flash Cannon|p2a: Magcargo\n|-damage|p2a: Magcargo|137/268\n|move|p2a: Magcargo|Recover|p2a: Magcargo\n|-heal|p2a: Magcargo|268/268\n|\n|upkeep\n|turn|4\n|\n|t:|1781400573\n|move|p1a: Duraludon|Flash Cannon|p2a: Magcargo\n|-damage|p2a: Magcargo|177/268\n|move|p2a: Magcargo|Lava Plume|p1a: Duraludon\n|-damage|p1a: Duraludon|152/249\n|\n|upkeep\n|turn|5\n|\n|t:|1781400575\n|move|p1a: Duraludon|Flash Cannon|p2a: Magcargo\n|-damage|p2a: Magcargo|87/268\n|-unboost|p2a: Magcargo|spd|1\n|move|p2a: Magcargo|Recover|p2a: Magcargo\n|-heal|p2a: Magcargo|221/268\n|\n|upkeep\n|turn|6\n|\n|t:|1781400578\n|switch|p2a: Dialga|Dialga-Origin, L73|266/266\n|-ability|p2a: Dialga|Pressure\n|move|p1a: Duraludon|Flash Cannon|p2a: Dialga\n|-resisted|p2a: Dialga\n|-damage|p2a: Dialga|221/266\n|\n|upkeep\n|turn|7\n|\n|t:|1781400582\n|switch|p2a: Magcargo|Magcargo, L95, F|221/268\n|move|p1a: Duraludon|Body Press|p2a: Magcargo\n|-supereffective|p2a: Magcargo\n|-damage|p2a: Magcargo|131/268\n|\n|upkeep\n|turn|8\n|\n|t:|1781400585\n|move|p1a: Duraludon|Draco Meteor|p2a: Magcargo\n|-damage|p2a: Magcargo|0 fnt\n|-unboost|p1a: Duraludon|spa|2\n|faint|p2a: Magcargo\n|\n|upkeep\n|\n|t:|1781400596\n|switch|p2a: Falinks|Falinks, L84|246/246\n|turn|9\n|\n|t:|1781400599\n|move|p2a: Falinks|No Retreat|p2a: Falinks\n|-boost|p2a: Falinks|atk|1\n|-boost|p2a: Falinks|def|1\n|-boost|p2a: Falinks|spa|1\n|-boost|p2a: Falinks|spd|1\n|-boost|p2a: Falinks|spe|1\n|-start|p2a: Falinks|move: No Retreat\n|move|p1a: Duraludon|Dragon Tail|p2a: Falinks\n|-damage|p2a: Falinks|209/246\n|drag|p2a: Rillaboom|Rillaboom, L79, M|288/288\n|-fieldstart|move: Grassy Terrain|[from] ability: Grassy Surge|[of] p2a: Rillaboom\n|\n|-heal|p1a: Duraludon|167/249|[from] Grassy Terrain\n|upkeep\n|turn|10\n|\n|t:|1781400607\n|move|p1a: Duraludon|Body Press|p2a: Rillaboom\n|-damage|p2a: Rillaboom|226/288\n|move|p2a: Rillaboom|Swords Dance|p2a: Rillaboom\n|-boost|p2a: Rillaboom|atk|2\n|\n|-heal|p1a: Duraludon|182/249|[from] Grassy Terrain\n|-heal|p2a: Rillaboom|244/288|[from] Grassy Terrain\n|upkeep\n|turn|11\n|\n|t:|1781400617\n|move|p2a: Rillaboom|High Horsepower|p1a: Duraludon\n|-supereffective|p1a: Duraludon\n|-damage|p1a: Duraludon|0 fnt\n|faint|p1a: Duraludon\n|-damage|p2a: Rillaboom|216/288|[from] item: Life Orb\n|\n|-heal|p2a: Rillaboom|234/288|[from] Grassy Terrain\n|upkeep\n|\n|t:|1781400622\n|switch|p1a: Cyclizar|Cyclizar, L83, M|252/252\n|turn|12\n|\n|t:|1781400633\n|move|p2a: Rillaboom|Grassy Glide|p1a: Cyclizar\n|-resisted|p1a: Cyclizar\n|-crit|p1a: Cyclizar\n|-damage|p1a: Cyclizar|34/252\n|-damage|p2a: Rillaboom|206/288|[from] item: Life Orb\n|move|p1a: Cyclizar|Rapid Spin|p2a: Rillaboom\n|-damage|p2a: Rillaboom|149/288\n|-boost|p1a: Cyclizar|spe|1\n|-sideend|p1: Reconforce|Stealth Rock|[from] move: Rapid Spin|[of] p1a: Cyclizar\n|\n|-heal|p1a: Cyclizar|49/252|[from] Grassy Terrain\n|-heal|p2a: Rillaboom|167/288|[from] Grassy Terrain\n|upkeep\n|turn|13\n|\n|t:|1781400640\n|switch|p1a: Pincurchin|Pincurchin, M|258/258\n|-fieldstart|move: Electric Terrain|[from] ability: Electric Surge|[of] p1a: Pincurchin\n|move|p2a: Rillaboom|Grassy Glide|p1a: Pincurchin\n|-damage|p1a: Pincurchin|124/258\n|-damage|p2a: Rillaboom|139/288|[from] item: Life Orb\n|\n|-heal|p1a: Pincurchin|140/258|[from] item: Leftovers\n|upkeep\n|turn|14\n|\n|t:|1781400645\n|move|p2a: Rillaboom|High Horsepower|p1a: Pincurchin\n|-supereffective|p1a: Pincurchin\n|-damage|p1a: Pincurchin|0 fnt\n|faint|p1a: Pincurchin\n|-damage|p2a: Rillaboom|111/288|[from] item: Life Orb\n|\n|upkeep\n|\n|t:|1781400649\n|switch|p1a: Cyclizar|Cyclizar, L83, M|133/252\n|turn|15\n|\n|t:|1781400657\n|switch|p2a: Ampharos|Ampharos, L88, F|302/302\n|move|p1a: Cyclizar|Draco Meteor|p2a: Ampharos\n|-damage|p2a: Ampharos|232/302\n|-unboost|p1a: Cyclizar|spa|2\n|\n|upkeep\n|turn|16\n|\n|t:|1781400664\n|move|p1a: Cyclizar|Shed Tail|p1a: Cyclizar\n|-start|p1a: Cyclizar|Substitute|[from] move: Shed Tail\n|-damage|p1a: Cyclizar|7/252\n|\n|t:|1781400665\n|switch|p1a: Golem|Golem-Alola, L93, F|300/300|[from] Shed Tail\n|move|p2a: Ampharos|Dazzling Gleam|p1a: Golem\n|-end|p1a: Golem|Substitute\n|\n|upkeep\n|turn|17\n|\n|t:|1781400673\n|move|p2a: Ampharos|Volt Switch|p1a: Golem\n|-resisted|p1a: Golem\n|-damage|p1a: Golem|227/300\n|\n|t:|1781400678\n|switch|p2a: Dialga|Dialga-Origin, L73|221/266|[from] Volt Switch\n|-ability|p2a: Dialga|Pressure\n|move|p1a: Golem|Rock Polish|p1a: Golem\n|-boost|p1a: Golem|spe|2\n|\n|-fieldend|move: Electric Terrain\n|upkeep\n|turn|18\n|\n|t:|1781400682\n|move|p1a: Golem|Earthquake|p2a: Dialga\n|-supereffective|p2a: Dialga\n|-damage|p2a: Dialga|0 fnt\n|faint|p2a: Dialga\n|-damage|p1a: Golem|197/300|[from] item: Life Orb\n|\n|upkeep\n|\n|t:|1781400689\n|switch|p2a: Falinks|Falinks, L84|209/246\n|turn|19\n|\n|t:|1781400694\n|move|p1a: Golem|Double-Edge|p2a: Falinks\n|-damage|p2a: Falinks|0 fnt\n|faint|p2a: Falinks\n|-damage|p1a: Golem|128/300|[from] Recoil\n|-damage|p1a: Golem|98/300|[from] item: Life Orb\n|\n|upkeep\n|\n|t:|1781400697\n|switch|p2a: Rillaboom|Rillaboom, L79, M|111/288\n|-fieldstart|move: Grassy Terrain|[from] ability: Grassy Surge|[of] p2a: Rillaboom\n|turn|20\n|\n|t:|1781400702\n|-terastallize|p1a: Golem|Flying\n|move|p2a: Rillaboom|Grassy Glide|p1a: Golem\n|-resisted|p1a: Golem\n|-damage|p1a: Golem|63/300\n|-damage|p2a: Rillaboom|83/288|[from] item: Life Orb\n|move|p1a: Golem|Stone Edge|p2a: Rillaboom\n|-damage|p2a: Rillaboom|0 fnt\n|faint|p2a: Rillaboom\n|-damage|p1a: Golem|33/300|[from] item: Life Orb\n|\n|upkeep\n|\n|t:|1781400711\n|switch|p2a: Tropius|Tropius, L91, M|328/328\n|turn|21\n|\n|t:|1781400714\n|-terastallize|p2a: Tropius|Ground\n|move|p1a: Golem|Double-Edge|p2a: Tropius\n|-immune|p2a: Tropius\n|move|p2a: Tropius|Dragon Dance|p2a: Tropius\n|-boost|p2a: Tropius|atk|1\n|-boost|p2a: Tropius|spe|1\n|\n|upkeep\n|turn|22\n|\n|t:|1781400718\n|switch|p1a: Pelipper|Pelipper, L86, F|243/243\n|-weather|RainDance|[from] ability: Drizzle|[of] p1a: Pelipper\n|move|p2a: Tropius|Dragon Dance|p2a: Tropius\n|-boost|p2a: Tropius|atk|1\n|-boost|p2a: Tropius|spe|1\n|\n|-weather|RainDance|[upkeep]\n|upkeep\n|turn|23\n|\n|t:|1781400721\n|move|p2a: Tropius|Dual Wingbeat|p1a: Pelipper\n|-damage|p1a: Pelipper|170/243\n|-crit|p1a: Pelipper\n|-damage|p1a: Pelipper|67/243\n|-hitcount|p1a: Pelipper|2\n|move|p1a: Pelipper|Surf|p2a: Tropius\n|-supereffective|p2a: Tropius\n|-damage|p2a: Tropius|58/328\n|-enditem|p2a: Tropius|Sitrus Berry|[eat]\n|-heal|p2a: Tropius|140/328|[from] item: Sitrus Berry\n|\n|-weather|RainDance|[upkeep]\n|-heal|p2a: Tropius|160/328|[from] Grassy Terrain\n|-item|p2a: Tropius|Sitrus Berry|[from] ability: Harvest\n|upkeep\n|-enditem|p2a: Tropius|Sitrus Berry|[eat]\n|-heal|p2a: Tropius|242/328|[from] item: Sitrus Berry\n|turn|24\n|\n|t:|1781400724\n|move|p2a: Tropius|Dual Wingbeat|p1a: Pelipper\n|-damage|p1a: Pelipper|0 fnt\n|faint|p1a: Pelipper\n|-hitcount|p1: Pelipper|1\n|\n|-weather|RainDance|[upkeep]\n|-heal|p2a: Tropius|262/328|[from] Grassy Terrain\n|-fieldend|move: Grassy Terrain\n|-item|p2a: Tropius|Sitrus Berry|[from] ability: Harvest\n|upkeep\n|\n|t:|1781400727\n|switch|p1a: Alcremie|Alcremie, L90, F|263/263\n|turn|25\n|\n|t:|1781400732\n|move|p2a: Tropius|Earthquake|p1a: Alcremie\n|-damage|p1a: Alcremie|53/263\n|move|p1a: Alcremie|Alluring Voice|p2a: Tropius\n|-damage|p2a: Tropius|166/328\n|\n|-weather|RainDance|[upkeep]\n|-heal|p1a: Alcremie|69/263|[from] item: Leftovers\n|upkeep\n|turn|26\n|\n|t:|1781400736\n|move|p2a: Tropius|Earthquake|p1a: Alcremie\n|-damage|p1a: Alcremie|0 fnt\n|faint|p1a: Alcremie\n|\n|-weather|none\n|upkeep\n|-message|Reconforce forfeited.\n|\n|win|TriniPlayer\n", "inputlog": ">version a8376a258c1d4662feba110a92103f3664a72141\n>start {\"formatid\":\"gen9randombattle\",\"seed\":\"sodium,2524c1a0d83500d5199a9be5fc8e64e7\",\"rated\":\"Rated battle\"}\n>player p1 {\"name\":\"Reconforce\",\"avatar\":\"102\",\"rating\":2270,\"seed\":\"sodium,a34e7d3f8a0f6405dbc6703b8baf9471\"}\n>player p2 {\"name\":\"TriniPlayer\",\"avatar\":\"acetrainersnow\",\"rating\":2272,\"seed\":\"sodium,e0968ae58384de7fa369a4489e03c973\"}\n>p1 move flashcannon\n>p2 move stealthrock\n>p1 move flashcannon\n>p2 move recover\n>p1 move flashcannon\n>p2 move recover\n>p1 move flashcannon\n>p2 move lavaplume\n>p1 move flashcannon\n>p2 move recover\n>p1 move flashcannon\n>p2 switch 4\n>p1 move bodypress\n>p2 switch 4\n>p1 move dracometeor\n>p2 move recover\n>p2 switch 6\n>p1 move dragontail\n>p2 move noretreat\n>p1 move bodypress\n>p2 move swordsdance\n>p1 move dragontail\n>p2 move highhorsepower\n>p1 switch 4\n>p1 move rapidspin\n>p2 move grassyglide\n>p1 switch 3\n>p2 move grassyglide\n>p1 move zingzap\n>p2 move highhorsepower\n>p1 switch 3\n>p1 move dracometeor\n>p2 switch 3\n>p1 move shedtail\n>p2 move dazzlinggleam\n>p1 switch 2\n>p1 move rockpolish\n>p2 move voltswitch\n>p2 switch 4\n>p1 move earthquake\n>p2 move dracometeor\n>p2 switch 2\n>p1 move doubleedge\n>p2 move closecombat\n>p2 switch 3\n>p1 move stoneedge terastallize\n>p2 move grassyglide\n>p2 switch 5\n>p1 move doubleedge\n>p2 move dragondance terastallize\n>p1 switch 5\n>p2 move dragondance\n>p1 move surf\n>p2 move dualwingbeat\n>p1 move surf\n>p2 move dualwingbeat\n>p1 switch 6\n>p1 move alluringvoice\n>p2 move earthquake\n>p1 move alluringvoice\n>p2 move earthquake\n>forcelose p1", "uploadtime": 1781400559, "views": 4, "formatid": "gen9randombattle", "rating": null, "private": 0, "password": null}