{"id": "gen9randombattle-2631854198", "format": "[Gen 9] Random Battle", "players": ["goooze", "Crysys1"], "log": "|j|\u2606goooze\n|j|\u2606Crysys1\n|t:|1781448443\n|gametype|singles\n|player|p1|goooze|sage|2236\n|player|p2|Crysys1|265|2270\n|gen|9\n|tier|[Gen 9] Random Battle\n|rated|\n|rule|Species Clause: Limit one of each Pok\u00e9mon\n|rule|HP Percentage Mod: HP is shown in percentages\n|rule|Sleep Clause Mod: Limit one foe put to sleep\n|rule|Illusion Level Mod: Illusion disguises the Pok\u00e9mon's true level\n|\n|t:|1781448443\n|teamsize|p1|6\n|teamsize|p2|6\n|start\n|switch|p1a: Sneasler|Sneasler, L74, M|240/240\n|switch|p2a: Regice|Regice, L88|284/284\n|turn|1\n|inactive|Battle timer is ON: inactive players will automatically lose when time's up. (requested by goooze)\n|\n|t:|1781448458\n|switch|p2a: Drifblim|Drifblim, L86, M|396/396\n|move|p1a: Sneasler|Close Combat|p2a: Drifblim\n|-immune|p2a: Drifblim\n|\n|upkeep\n|turn|2\n|\n|t:|1781448467\n|switch|p1a: Heatran|Heatran, L79, F|273/273\n|-item|p1a: Heatran|Air Balloon\n|move|p2a: Drifblim|Air Slash|p1a: Heatran\n|-resisted|p1a: Heatran\n|-damage|p1a: Heatran|234/273\n|-enditem|p1a: Heatran|Air Balloon\n|\n|upkeep\n|turn|3\n|\n|t:|1781448475\n|move|p2a: Drifblim|Calm Mind|p2a: Drifblim\n|-boost|p2a: Drifblim|spa|1\n|-boost|p2a: Drifblim|spd|1\n|move|p1a: Heatran|Stealth Rock|p2a: Drifblim\n|-sidestart|p2: Crysys1|move: Stealth Rock\n|\n|upkeep\n|turn|4\n|\n|t:|1781448482\n|move|p2a: Drifblim|Calm Mind|p2a: Drifblim\n|-boost|p2a: Drifblim|spa|1\n|-boost|p2a: Drifblim|spd|1\n|move|p1a: Heatran|Magma Storm|p2a: Drifblim|[miss]\n|-miss|p1a: Heatran|p2a: Drifblim\n|\n|upkeep\n|turn|5\n|\n|t:|1781448489\n|move|p2a: Drifblim|Shadow Ball|p1a: Heatran\n|-damage|p1a: Heatran|89/273\n|move|p1a: Heatran|Magma Storm|p2a: Drifblim\n|-damage|p2a: Drifblim|311/396\n|-activate|p2a: Drifblim|move: Magma Storm|[of] p1a: Heatran\n|\n|-damage|p2a: Drifblim|262/396|[from] move: Magma Storm|[partiallytrapped]\n|upkeep\n|turn|6\n|\n|t:|1781448512\n|move|p2a: Drifblim|Strength Sap|p1a: Heatran\n|-unboost|p1a: Heatran|atk|1\n|-heal|p2a: Drifblim|396/396\n|move|p1a: Heatran|Heavy Slam|p2a: Drifblim\n|-crit|p2a: Drifblim\n|-damage|p2a: Drifblim|150/396\n|-enditem|p2a: Drifblim|Sitrus Berry|[eat]\n|-heal|p2a: Drifblim|249/396|[from] item: Sitrus Berry\n|\n|-damage|p2a: Drifblim|200/396|[from] move: Magma Storm|[partiallytrapped]\n|upkeep\n|turn|7\n|\n|t:|1781448524\n|move|p2a: Drifblim|Strength Sap|p1a: Heatran\n|-unboost|p1a: Heatran|atk|1\n|-heal|p2a: Drifblim|325/396\n|move|p1a: Heatran|Heavy Slam|p2a: Drifblim\n|-damage|p2a: Drifblim|241/396\n|\n|-damage|p2a: Drifblim|192/396|[from] move: Magma Storm|[partiallytrapped]\n|upkeep\n|turn|8\n|\n|t:|1781448540\n|move|p2a: Drifblim|Strength Sap|p1a: Heatran\n|-unboost|p1a: Heatran|atk|1\n|-heal|p2a: Drifblim|286/396\n|move|p1a: Heatran|Magma Storm|p2a: Drifblim\n|-damage|p2a: Drifblim|210/396\n|\n|-damage|p2a: Drifblim|161/396|[from] move: Magma Storm|[partiallytrapped]\n|upkeep\n|turn|9\n|\n|t:|1781448548\n|move|p2a: Drifblim|Shadow Ball|p1a: Heatran\n|-damage|p1a: Heatran|0 fnt\n|faint|p1a: Heatran\n|\n|-end|p2a: Drifblim|Magma Storm|[partiallytrapped]\n|upkeep\n|\n|t:|1781448567\n|switch|p1a: Torterra|Torterra, L78, F|276/276\n|turn|10\n|\n|t:|1781448583\n|-terastallize|p1a: Torterra|Ground\n|move|p2a: Drifblim|Strength Sap|p1a: Torterra\n|-unboost|p1a: Torterra|atk|1\n|-heal|p2a: Drifblim|376/396\n|move|p1a: Torterra|Rock Blast|p2a: Drifblim\n|-supereffective|p2a: Drifblim\n|-damage|p2a: Drifblim|338/396\n|-supereffective|p2a: Drifblim\n|-damage|p2a: Drifblim|300/396\n|-supereffective|p2a: Drifblim\n|-damage|p2a: Drifblim|266/396\n|-supereffective|p2a: Drifblim\n|-damage|p2a: Drifblim|228/396\n|-supereffective|p2a: Drifblim\n|-damage|p2a: Drifblim|192/396\n|-hitcount|p2a: Drifblim|5\n|\n|upkeep\n|turn|11\n|inactive|goooze has 120 seconds left.\n|\n|t:|1781448614\n|switch|p1a: Vileplume|Vileplume, L85, M|266/266\n|move|p2a: Drifblim|Strength Sap|p1a: Vileplume\n|-unboost|p1a: Vileplume|atk|1\n|-heal|p2a: Drifblim|333/396\n|\n|upkeep\n|turn|12\n|inactive|goooze has 120 seconds left.\n|\n|t:|1781448626\n|move|p2a: Drifblim|Air Slash|p1a: Vileplume\n|-supereffective|p1a: Vileplume\n|-damage|p1a: Vileplume|0 fnt\n|faint|p1a: Vileplume\n|\n|upkeep\n|\n|t:|1781448628\n|switch|p1a: Torterra|Torterra, L78, F, tera:Ground|276/276\n|turn|13\n|\n|t:|1781448643\n|move|p2a: Drifblim|Strength Sap|p1a: Torterra\n|-unboost|p1a: Torterra|atk|1\n|-heal|p2a: Drifblim|396/396\n|move|p1a: Torterra|Rock Blast|p2a: Drifblim\n|-supereffective|p2a: Drifblim\n|-damage|p2a: Drifblim|358/396\n|-supereffective|p2a: Drifblim\n|-damage|p2a: Drifblim|320/396\n|-supereffective|p2a: Drifblim\n|-damage|p2a: Drifblim|284/396\n|-supereffective|p2a: Drifblim\n|-crit|p2a: Drifblim\n|-damage|p2a: Drifblim|196/396\n|-hitcount|p2a: Drifblim|4\n|\n|upkeep\n|turn|14\n|inactive|goooze has 120 seconds left.\n|\n|t:|1781448664\n|move|p2a: Drifblim|Strength Sap|p1a: Torterra\n|-unboost|p1a: Torterra|atk|1\n|-heal|p2a: Drifblim|339/396\n|move|p1a: Torterra|Rock Blast|p2a: Drifblim\n|-supereffective|p2a: Drifblim\n|-damage|p2a: Drifblim|311/396\n|-supereffective|p2a: Drifblim\n|-damage|p2a: Drifblim|281/396\n|-supereffective|p2a: Drifblim\n|-damage|p2a: Drifblim|253/396\n|-supereffective|p2a: Drifblim\n|-damage|p2a: Drifblim|225/396\n|-hitcount|p2a: Drifblim|4\n|\n|upkeep\n|turn|15\n|inactive|goooze has 120 seconds left.\n|\n|t:|1781448675\n|switch|p1a: Magearna|Magearna, L77|250/250\n|move|p2a: Drifblim|Shadow Ball|p1a: Magearna\n|-damage|p1a: Magearna|97/250\n|\n|-heal|p1a: Magearna|112/250|[from] item: Leftovers\n|upkeep\n|turn|16\n|-message|goooze forfeited.\n|\n|win|Crysys1\n", "uploadtime": 1781448445, "views": 3, "formatid": "gen9randombattle", "rating": null, "private": 0, "password": null}