{"id": "gen9randombattle-2631459269", "format": "[Gen 9] Random Battle", "players": ["Mugshit", "Roface"], "log": "|j|\u2606Mugshit\n|j|\u2606Roface\n|t:|1781387277\n|gametype|singles\n|player|p1|Mugshit|265|2103\n|player|p2|Roface|yancy|2102\n|gen|9\n|tier|[Gen 9] Random Battle\n|rated|\n|rule|Species Clause: Limit one of each Pok\u00e9mon\n|rule|HP Percentage Mod: HP is shown in percentages\n|rule|Sleep Clause Mod: Limit one foe put to sleep\n|rule|Illusion Level Mod: Illusion disguises the Pok\u00e9mon's true level\n|\n|t:|1781387277\n|teamsize|p1|6\n|teamsize|p2|6\n|start\n|switch|p1a: Ogerpon|Ogerpon-Wellspring, L76, F|247/247\n|switch|p2a: Vaporeon|Vaporeon, L86, M|364/364\n|turn|1\n|\n|t:|1781387289\n|switch|p2a: Weezing|Weezing-Galar, L86, F|252/252\n|move|p1a: Ogerpon|Spikes|p2a: Weezing\n|-sidestart|p2: Roface|Spikes\n|\n|upkeep\n|turn|2\n|\n|t:|1781387301\n|switch|p1a: Garganacl|Garganacl, L80, F|291/291\n|move|p2a: Weezing|Gunk Shot|p1a: Garganacl\n|-resisted|p1a: Garganacl\n|-damage|p1a: Garganacl|240/291\n|\n|-heal|p1a: Garganacl|258/291|[from] item: Leftovers\n|upkeep\n|turn|3\n|inactive|Battle timer is ON: inactive players will automatically lose when time's up. (requested by Roface)\n|\n|t:|1781387314\n|switch|p2a: Medicham|Medicham, L86, F|243/243\n|-damage|p2a: Medicham|213/243|[from] Spikes\n|move|p1a: Garganacl|Stealth Rock|p2a: Medicham\n|-sidestart|p2: Roface|move: Stealth Rock\n|\n|-heal|p1a: Garganacl|276/291|[from] item: Leftovers\n|upkeep\n|turn|4\n|\n|t:|1781387323\n|move|p1a: Garganacl|Protect|p1a: Garganacl\n|-singleturn|p1a: Garganacl|Protect\n|move|p2a: Medicham|Zen Headbutt|p1a: Garganacl\n|-activate|p1a: Garganacl|move: Protect\n|\n|-heal|p1a: Garganacl|291/291|[from] item: Leftovers\n|upkeep\n|turn|5\n|\n|t:|1781387333\n|move|p2a: Medicham|Zen Headbutt|p1a: Garganacl\n|-damage|p1a: Garganacl|137/291\n|move|p1a: Garganacl|Salt Cure|p2a: Medicham\n|-resisted|p2a: Medicham\n|-damage|p2a: Medicham|191/243\n|-start|p2a: Medicham|Salt Cure\n|\n|-heal|p1a: Garganacl|155/291|[from] item: Leftovers\n|-damage|p2a: Medicham|161/243|[from] Salt Cure\n|upkeep\n|turn|6\n|\n|t:|1781387339\n|switch|p2a: Weezing|Weezing-Galar, L86, F|252/252\n|-damage|p2a: Weezing|221/252|[from] Stealth Rock\n|move|p1a: Garganacl|Protect||[still]\n|-fail|p1a: Garganacl\n|\n|-heal|p2a: Weezing|236/252|[from] item: Leftovers\n|-heal|p1a: Garganacl|173/291|[from] item: Leftovers\n|upkeep\n|turn|7\n|\n|t:|1781387344\n|move|p2a: Weezing|Strange Steam|p1a: Garganacl\n|-damage|p1a: Garganacl|76/291\n|move|p1a: Garganacl|Recover|p1a: Garganacl\n|-heal|p1a: Garganacl|222/291\n|\n|-heal|p2a: Weezing|251/252|[from] item: Leftovers\n|-heal|p1a: Garganacl|240/291|[from] item: Leftovers\n|upkeep\n|turn|8\n|\n|t:|1781387348\n|move|p2a: Weezing|Defog|p1a: Garganacl\n|-unboost|p1a: Garganacl|evasion|1\n|-sideend|p2: Roface|Spikes|[from] move: Defog|[of] p2a: Weezing\n|-sideend|p2: Roface|Stealth Rock|[from] move: Defog|[of] p2a: Weezing\n|move|p1a: Garganacl|Salt Cure|p2a: Weezing\n|-damage|p2a: Weezing|220/252\n|-start|p2a: Weezing|Salt Cure\n|\n|-heal|p2a: Weezing|235/252|[from] item: Leftovers\n|-heal|p1a: Garganacl|258/291|[from] item: Leftovers\n|-damage|p2a: Weezing|204/252|[from] Salt Cure\n|upkeep\n|turn|9\n|\n|t:|1781387357\n|move|p2a: Weezing|Gunk Shot|p1a: Garganacl\n|-resisted|p1a: Garganacl\n|-damage|p1a: Garganacl|213/291\n|move|p1a: Garganacl|Salt Cure|p2a: Weezing\n|-damage|p2a: Weezing|171/252\n|\n|-heal|p2a: Weezing|186/252|[from] item: Leftovers\n|-heal|p1a: Garganacl|231/291|[from] item: Leftovers\n|-damage|p2a: Weezing|155/252|[from] Salt Cure\n|upkeep\n|turn|10\n|\n|t:|1781387366\n|switch|p2a: Lokix|Lokix, L82, M|251/251\n|move|p1a: Garganacl|Stealth Rock|p2a: Lokix\n|-sidestart|p2: Roface|move: Stealth Rock\n|\n|-heal|p1a: Garganacl|249/291|[from] item: Leftovers\n|upkeep\n|turn|11\n|\n|t:|1781387370\n|move|p1a: Garganacl|Protect|p1a: Garganacl\n|-singleturn|p1a: Garganacl|Protect\n|move|p2a: Lokix|Knock Off|p1a: Garganacl\n|-activate|p1a: Garganacl|move: Protect\n|\n|-heal|p1a: Garganacl|267/291|[from] item: Leftovers\n|upkeep\n|turn|12\n|\n|t:|1781387375\n|move|p2a: Lokix|Knock Off|p1a: Garganacl\n|-damage|p1a: Garganacl|164/291\n|-enditem|p1a: Garganacl|Leftovers|[from] move: Knock Off|[of] p2a: Lokix\n|-damage|p2a: Lokix|226/251|[from] item: Life Orb\n|move|p1a: Garganacl|Salt Cure|p2a: Lokix\n|-supereffective|p2a: Lokix\n|-damage|p2a: Lokix|128/251\n|-start|p2a: Lokix|Salt Cure\n|\n|-damage|p2a: Lokix|97/251|[from] Salt Cure\n|upkeep\n|turn|13\n|\n|t:|1781387385\n|move|p2a: Lokix|Swords Dance|p2a: Lokix\n|-boost|p2a: Lokix|atk|2\n|move|p1a: Garganacl|Recover|p1a: Garganacl\n|-heal|p1a: Garganacl|291/291\n|\n|-damage|p2a: Lokix|66/251|[from] Salt Cure\n|upkeep\n|turn|14\n|\n|t:|1781387388\n|move|p1a: Garganacl|Protect|p1a: Garganacl\n|-singleturn|p1a: Garganacl|Protect\n|move|p2a: Lokix|Leech Life|p1a: Garganacl\n|-activate|p1a: Garganacl|move: Protect\n|\n|-damage|p2a: Lokix|35/251|[from] Salt Cure\n|upkeep\n|turn|15\n|\n|t:|1781387396\n|switch|p1a: Scizor|Scizor, L79, F|240/240\n|move|p2a: Lokix|Leech Life|p1a: Scizor\n|-resisted|p1a: Scizor\n|-damage|p1a: Scizor|22/240\n|-heal|p2a: Lokix|144/251|[from] drain|[of] p1a: Scizor\n|-damage|p2a: Lokix|119/251|[from] item: Life Orb\n|\n|-heal|p1a: Scizor|37/240|[from] item: Leftovers\n|-damage|p2a: Lokix|88/251|[from] Salt Cure\n|upkeep\n|turn|16\n|\n|t:|1781387401\n|move|p2a: Lokix|Sucker Punch|p1a: Scizor\n|-damage|p1a: Scizor|0 fnt\n|faint|p1a: Scizor\n|-damage|p2a: Lokix|63/251|[from] item: Life Orb\n|\n|-damage|p2a: Lokix|32/251|[from] Salt Cure\n|upkeep\n|\n|t:|1781387403\n|switch|p1a: Garganacl|Garganacl, L80, F|291/291\n|turn|17\n|\n|t:|1781387408\n|move|p1a: Garganacl|Protect|p1a: Garganacl\n|-singleturn|p1a: Garganacl|Protect\n|move|p2a: Lokix|Leech Life|p1a: Garganacl\n|-activate|p1a: Garganacl|move: Protect\n|\n|-damage|p2a: Lokix|1/251|[from] Salt Cure\n|upkeep\n|turn|18\n|\n|t:|1781387421\n|move|p2a: Lokix|Leech Life|p1a: Garganacl\n|-damage|p1a: Garganacl|138/291\n|-heal|p2a: Lokix|78/251|[from] drain|[of] p1a: Garganacl\n|-damage|p2a: Lokix|53/251|[from] item: Life Orb\n|move|p1a: Garganacl|Salt Cure|p2a: Lokix\n|-supereffective|p2a: Lokix\n|-damage|p2a: Lokix|0 fnt\n|faint|p2a: Lokix\n|\n|upkeep\n|\n|t:|1781387426\n|switch|p2a: Medicham|Medicham, L86, F|161/243\n|-damage|p2a: Medicham|146/243|[from] Stealth Rock\n|turn|19\n|\n|t:|1781387438\n|move|p1a: Garganacl|Protect|p1a: Garganacl\n|-singleturn|p1a: Garganacl|Protect\n|move|p2a: Medicham|Close Combat|p1a: Garganacl\n|-activate|p1a: Garganacl|move: Protect\n|\n|upkeep\n|turn|20\n|\n|t:|1781387443\n|-terastallize|p1a: Garganacl|Ghost\n|move|p2a: Medicham|Close Combat|p1a: Garganacl\n|-immune|p1a: Garganacl\n|move|p1a: Garganacl|Recover|p1a: Garganacl\n|-heal|p1a: Garganacl|284/291\n|\n|upkeep\n|turn|21\n|\n|t:|1781387454\n|switch|p2a: Weezing|Weezing-Galar, L86, F|155/252\n|-damage|p2a: Weezing|124/252|[from] Stealth Rock\n|move|p1a: Garganacl|Salt Cure|p2a: Weezing\n|-crit|p2a: Weezing\n|-damage|p2a: Weezing|82/252\n|-start|p2a: Weezing|Salt Cure\n|\n|-heal|p2a: Weezing|97/252|[from] item: Leftovers\n|-damage|p2a: Weezing|66/252|[from] Salt Cure\n|upkeep\n|turn|22\n|\n|t:|1781387468\n|switch|p1a: Dudunsparce|Dudunsparce-Three-Segment, L83, M|343/343\n|move|p2a: Weezing|Strange Steam|p1a: Dudunsparce|[miss]\n|-miss|p2a: Weezing|p1a: Dudunsparce\n|\n|-heal|p2a: Weezing|81/252|[from] item: Leftovers\n|-damage|p2a: Weezing|50/252|[from] Salt Cure\n|upkeep\n|turn|23\n|\n|t:|1781387475\n|move|p2a: Weezing|Defog|p1a: Dudunsparce\n|-unboost|p1a: Dudunsparce|evasion|1\n|-sideend|p2: Roface|Stealth Rock|[from] move: Defog|[of] p2a: Weezing\n|move|p1a: Dudunsparce|Boomburst|p2a: Weezing\n|-damage|p2a: Weezing|0 fnt\n|faint|p2a: Weezing\n|\n|upkeep\n|\n|t:|1781387482\n|switch|p2a: Iron Treads|Iron Treads, L77|265/265\n|turn|24\n|\n|t:|1781387493\n|switch|p1a: Garganacl|Garganacl, L80, F, tera:Ghost|284/291\n|move|p2a: Iron Treads|Stealth Rock|p1a: Garganacl\n|-sidestart|p1: Mugshit|move: Stealth Rock\n|\n|upkeep\n|turn|25\n|\n|t:|1781387499\n|move|p2a: Iron Treads|Volt Switch|p1a: Garganacl\n|-crit|p1a: Garganacl\n|-damage|p1a: Garganacl|228/291\n|\n|t:|1781387501\n|-end|p2a: Iron Treads|Quark Drive|[silent]\n|switch|p2a: Vaporeon|Vaporeon, L86, M|364/364|[from] Volt Switch\n|move|p1a: Garganacl|Salt Cure|p2a: Vaporeon\n|-damage|p2a: Vaporeon|315/364\n|-start|p2a: Vaporeon|Salt Cure\n|\n|-heal|p2a: Vaporeon|337/364|[from] item: Leftovers\n|-damage|p2a: Vaporeon|246/364|[from] Salt Cure\n|upkeep\n|turn|26\n|\n|t:|1781387510\n|switch|p1a: Ogerpon|Ogerpon-Wellspring, L76, F|247/247\n|-damage|p1a: Ogerpon|217/247|[from] Stealth Rock\n|move|p2a: Vaporeon|Wish|p2a: Vaporeon\n|\n|-heal|p2a: Vaporeon|268/364|[from] item: Leftovers\n|-damage|p2a: Vaporeon|177/364|[from] Salt Cure\n|upkeep\n|turn|27\n|\n|t:|1781387514\n|switch|p2a: Dragapult|Dragapult, L77, F|262/262\n|move|p1a: Ogerpon|Wood Hammer|p2a: Dragapult\n|-resisted|p2a: Dragapult\n|-damage|p2a: Dragapult|178/262\n|-damage|p1a: Ogerpon|189/247|[from] Recoil\n|\n|-heal|p2a: Dragapult|262/262|[from] move: Wish|[wisher] Vaporeon\n|upkeep\n|turn|28\n|\n|t:|1781387526\n|switch|p1a: Dudunsparce|Dudunsparce-Three-Segment, L83, M|343/343\n|-damage|p1a: Dudunsparce|301/343|[from] Stealth Rock\n|move|p2a: Dragapult|Dragon Darts|p1a: Dudunsparce\n|-damage|p1a: Dudunsparce|241/343\n|-anim|p2a: Dragapult|Dragon Darts|p1a: Dudunsparce\n|-damage|p1a: Dudunsparce|187/343\n|\n|-heal|p1a: Dudunsparce|208/343|[from] item: Leftovers\n|upkeep\n|turn|29\n|\n|t:|1781387530\n|move|p2a: Dragapult|U-turn|p1a: Dudunsparce\n|-damage|p1a: Dudunsparce|152/343\n|-ability|p1a: Dudunsparce|Rattled|boost\n|-boost|p1a: Dudunsparce|spe|1\n|\n|t:|1781387532\n|switch|p2a: Iron Treads|Iron Treads, L77|265/265|[from] U-turn\n|move|p1a: Dudunsparce|Shadow Ball|p2a: Iron Treads\n|-damage|p2a: Iron Treads|195/265\n|-unboost|p2a: Iron Treads|spd|1\n|\n|-heal|p1a: Dudunsparce|173/343|[from] item: Leftovers\n|-heal|p2a: Iron Treads|211/265|[from] item: Leftovers\n|upkeep\n|turn|30\n|\n|t:|1781387536\n|move|p2a: Iron Treads|Iron Head|p1a: Dudunsparce\n|-damage|p1a: Dudunsparce|88/343\n|move|p1a: Dudunsparce|Shadow Ball|p2a: Iron Treads\n|-damage|p2a: Iron Treads|119/265\n|\n|-heal|p1a: Dudunsparce|109/343|[from] item: Leftovers\n|-heal|p2a: Iron Treads|135/265|[from] item: Leftovers\n|upkeep\n|turn|31\n|\n|t:|1781387541\n|move|p1a: Dudunsparce|Roost|p1a: Dudunsparce\n|-heal|p1a: Dudunsparce|281/343\n|-singleturn|p1a: Dudunsparce|move: Roost\n|move|p2a: Iron Treads|Earthquake|p1a: Dudunsparce\n|-damage|p1a: Dudunsparce|181/343\n|\n|-heal|p1a: Dudunsparce|202/343|[from] item: Leftovers\n|-heal|p2a: Iron Treads|151/265|[from] item: Leftovers\n|upkeep\n|turn|32\n|\n|t:|1781387547\n|move|p2a: Iron Treads|Iron Head|p1a: Dudunsparce\n|-damage|p1a: Dudunsparce|118/343\n|move|p1a: Dudunsparce|Calm Mind|p1a: Dudunsparce\n|-boost|p1a: Dudunsparce|spa|1\n|-boost|p1a: Dudunsparce|spd|1\n|\n|-heal|p2a: Iron Treads|167/265|[from] item: Leftovers\n|-heal|p1a: Dudunsparce|139/343|[from] item: Leftovers\n|upkeep\n|turn|33\n|\n|t:|1781387552\n|move|p2a: Iron Treads|Iron Head|p1a: Dudunsparce\n|-damage|p1a: Dudunsparce|45/343\n|move|p1a: Dudunsparce|Roost|p1a: Dudunsparce\n|-heal|p1a: Dudunsparce|217/343\n|-singleturn|p1a: Dudunsparce|move: Roost\n|\n|-heal|p1a: Dudunsparce|238/343|[from] item: Leftovers\n|-heal|p2a: Iron Treads|183/265|[from] item: Leftovers\n|upkeep\n|turn|34\n|\n|t:|1781387558\n|move|p2a: Iron Treads|Iron Head|p1a: Dudunsparce\n|-damage|p1a: Dudunsparce|153/343\n|move|p1a: Dudunsparce|Shadow Ball|p2a: Iron Treads\n|-damage|p2a: Iron Treads|48/265\n|-unboost|p2a: Iron Treads|spd|1\n|\n|-heal|p1a: Dudunsparce|174/343|[from] item: Leftovers\n|-heal|p2a: Iron Treads|64/265|[from] item: Leftovers\n|upkeep\n|turn|35\n|\n|t:|1781387563\n|move|p1a: Dudunsparce|Roost|p1a: Dudunsparce\n|-heal|p1a: Dudunsparce|343/343\n|-singleturn|p1a: Dudunsparce|move: Roost\n|move|p2a: Iron Treads|Iron Head|p1a: Dudunsparce\n|-damage|p1a: Dudunsparce|253/343\n|\n|-heal|p2a: Iron Treads|80/265|[from] item: Leftovers\n|-heal|p1a: Dudunsparce|274/343|[from] item: Leftovers\n|upkeep\n|turn|36\n|\n|t:|1781387567\n|move|p2a: Iron Treads|Iron Head|p1a: Dudunsparce\n|-damage|p1a: Dudunsparce|184/343\n|cant|p1a: Dudunsparce|flinch\n|\n|-heal|p2a: Iron Treads|96/265|[from] item: Leftovers\n|-heal|p1a: Dudunsparce|205/343|[from] item: Leftovers\n|upkeep\n|turn|37\n|\n|t:|1781387571\n|move|p2a: Iron Treads|Iron Head|p1a: Dudunsparce\n|-damage|p1a: Dudunsparce|124/343\n|move|p1a: Dudunsparce|Roost|p1a: Dudunsparce\n|-heal|p1a: Dudunsparce|296/343\n|-singleturn|p1a: Dudunsparce|move: Roost\n|\n|-heal|p1a: Dudunsparce|317/343|[from] item: Leftovers\n|-heal|p2a: Iron Treads|112/265|[from] item: Leftovers\n|upkeep\n|turn|38\n|\n|t:|1781387574\n|move|p2a: Iron Treads|Iron Head|p1a: Dudunsparce\n|-damage|p1a: Dudunsparce|232/343\n|cant|p1a: Dudunsparce|flinch\n|\n|-heal|p1a: Dudunsparce|253/343|[from] item: Leftovers\n|-heal|p2a: Iron Treads|128/265|[from] item: Leftovers\n|upkeep\n|turn|39\n|\n|t:|1781387577\n|move|p2a: Iron Treads|Iron Head|p1a: Dudunsparce\n|-damage|p1a: Dudunsparce|160/343\n|move|p1a: Dudunsparce|Shadow Ball|p2a: Iron Treads\n|-damage|p2a: Iron Treads|0 fnt\n|faint|p2a: Iron Treads\n|-end|p2a: Iron Treads|Quark Drive|[silent]\n|\n|-heal|p1a: Dudunsparce|181/343|[from] item: Leftovers\n|upkeep\n|\n|t:|1781387582\n|switch|p2a: Medicham|Medicham, L86, F|146/243\n|turn|40\n|\n|t:|1781387586\n|switch|p1a: Garganacl|Garganacl, L80, F, tera:Ghost|228/291\n|-damage|p1a: Garganacl|192/291|[from] Stealth Rock\n|move|p2a: Medicham|Zen Headbutt|p1a: Garganacl\n|-damage|p1a: Garganacl|35/291\n|\n|upkeep\n|turn|41\n|\n|t:|1781387590\n|move|p1a: Garganacl|Protect|p1a: Garganacl\n|-singleturn|p1a: Garganacl|Protect\n|move|p2a: Medicham|Zen Headbutt|p1a: Garganacl\n|-activate|p1a: Garganacl|move: Protect\n|\n|upkeep\n|turn|42\n|\n|t:|1781387595\n|move|p2a: Medicham|Zen Headbutt|p1a: Garganacl\n|-damage|p1a: Garganacl|0 fnt\n|faint|p1a: Garganacl\n|\n|upkeep\n|\n|t:|1781387597\n|switch|p1a: Basculin|Basculin, L86, F|261/261\n|-damage|p1a: Basculin|229/261|[from] Stealth Rock\n|turn|43\n|\n|t:|1781387600\n|switch|p2a: Vaporeon|Vaporeon, L86, M|177/364\n|move|p1a: Basculin|Double-Edge|p2a: Vaporeon\n|-damage|p2a: Vaporeon|8/364\n|-damage|p1a: Basculin|173/261|[from] Recoil\n|\n|-heal|p2a: Vaporeon|30/364|[from] item: Leftovers\n|upkeep\n|turn|44\n|\n|t:|1781387602\n|switch|p2a: Dragapult|Dragapult, L77, F|262/262\n|move|p1a: Basculin|Double-Edge|p2a: Dragapult\n|-immune|p2a: Dragapult\n|\n|upkeep\n|turn|45\n|\n|t:|1781387607\n|switch|p1a: Dudunsparce|Dudunsparce-Three-Segment, L83, M|181/343\n|-damage|p1a: Dudunsparce|139/343|[from] Stealth Rock\n|move|p2a: Dragapult|Dragon Darts|p1a: Dudunsparce\n|-damage|p1a: Dudunsparce|78/343\n|-anim|p2a: Dragapult|Dragon Darts|p1a: Dudunsparce\n|-damage|p1a: Dudunsparce|20/343\n|\n|-heal|p1a: Dudunsparce|41/343|[from] item: Leftovers\n|upkeep\n|turn|46\n|\n|t:|1781387610\n|move|p2a: Dragapult|Dragon Darts|p1a: Dudunsparce\n|-damage|p1a: Dudunsparce|0 fnt\n|faint|p1a: Dudunsparce\n|\n|upkeep\n|\n|t:|1781387620\n|switch|p1a: Basculin|Basculin, L86, F|173/261\n|-damage|p1a: Basculin|141/261|[from] Stealth Rock\n|turn|47\n|\n|t:|1781387623\n|move|p2a: Dragapult|U-turn|p1a: Basculin\n|-damage|p1a: Basculin|86/261\n|\n|t:|1781387625\n|switch|p2a: Vaporeon|Vaporeon, L86, M|30/364|[from] U-turn\n|move|p1a: Basculin|Double-Edge|p2a: Vaporeon\n|-crit|p2a: Vaporeon\n|-damage|p2a: Vaporeon|0 fnt\n|faint|p2a: Vaporeon\n|-damage|p1a: Basculin|76/261|[from] Recoil\n|\n|upkeep\n|\n|t:|1781387627\n|switch|p2a: Dragapult|Dragapult, L77, F|262/262\n|turn|48\n|\n|t:|1781387633\n|switch|p1a: Ogerpon|Ogerpon-Wellspring, L76, F|189/247\n|-damage|p1a: Ogerpon|159/247|[from] Stealth Rock\n|move|p2a: Dragapult|Dragon Darts|p1a: Ogerpon\n|-damage|p1a: Ogerpon|98/247\n|-anim|p2a: Dragapult|Dragon Darts|p1a: Ogerpon\n|-damage|p1a: Ogerpon|41/247\n|\n|upkeep\n|turn|49\n|\n|t:|1781387636\n|move|p2a: Dragapult|Dragon Darts|p1a: Ogerpon\n|-damage|p1a: Ogerpon|0 fnt\n|faint|p1a: Ogerpon\n|\n|upkeep\n|\n|t:|1781387640\n|switch|p1a: Appletun|Appletun, L92, M|352/352\n|-damage|p1a: Appletun|308/352|[from] Stealth Rock\n|turn|50\n|\n|t:|1781387643\n|move|p2a: Dragapult|U-turn|p1a: Appletun\n|-supereffective|p1a: Appletun\n|-damage|p1a: Appletun|210/352\n|j| Lesterly\n|\n|t:|1781387645\n|switch|p2a: Medicham|Medicham, L86, F|146/243|[from] U-turn\n|move|p1a: Appletun|Dragon Pulse|p2a: Medicham\n|-damage|p2a: Medicham|35/243\n|\n|-heal|p1a: Appletun|232/352|[from] item: Leftovers\n|upkeep\n|turn|51\n|\n|t:|1781387648\n|move|p2a: Medicham|Close Combat|p1a: Appletun\n|-damage|p1a: Appletun|0 fnt\n|-unboost|p2a: Medicham|def|1\n|-unboost|p2a: Medicham|spd|1\n|faint|p1a: Appletun\n|\n|upkeep\n|\n|t:|1781387650\n|switch|p1a: Basculin|Basculin, L86, F|76/261\n|-damage|p1a: Basculin|44/261|[from] Stealth Rock\n|turn|52\n|\n|t:|1781387652\n|move|p1a: Basculin|Aqua Jet|p2a: Medicham\n|-damage|p2a: Medicham|0 fnt\n|faint|p2a: Medicham\n|\n|upkeep\n|\n|t:|1781387653\n|switch|p2a: Dragapult|Dragapult, L77, F|262/262\n|turn|53\n|\n|t:|1781387655\n|move|p1a: Basculin|Aqua Jet|p2a: Dragapult\n|-resisted|p2a: Dragapult\n|-damage|p2a: Dragapult|212/262\n|move|p2a: Dragapult|Dragon Darts|p1a: Basculin\n|-damage|p1a: Basculin|0 fnt\n|faint|p1a: Basculin\n|\n|win|Roface\n", "inputlog": ">version a8376a258c1d4662feba110a92103f3664a72141\n>start {\"formatid\":\"gen9randombattle\",\"seed\":\"sodium,0c657bdca6cd8c9f35b2ff65f4485b01\",\"rated\":\"Rated battle\"}\n>player p1 {\"name\":\"Mugshit\",\"avatar\":\"265\",\"rating\":2103,\"seed\":\"sodium,583a173a57a3515cfc6cc55ffa35f21b\"}\n>player p2 {\"name\":\"Roface\",\"avatar\":\"yancy\",\"rating\":2102,\"seed\":\"sodium,e7be83b5c57e34fc843048baa3ca030a\"}\n>p1 move spikes\n>p2 switch 5\n>p1 switch 5\n>p2 move gunkshot\n>p1 move stealthrock\n>p2 switch 4\n>p1 move protect\n>p2 move zenheadbutt\n>p1 move saltcure\n>p2 move zenheadbutt\n>p1 move protect\n>p2 switch 4\n>p1 move recover\n>p2 move strangesteam\n>p1 move saltcure\n>p2 move defog\n>p1 move saltcure\n>p2 move gunkshot\n>p1 move stealthrock\n>p2 switch 3\n>p1 move protect\n>p2 move knockoff\n>p1 move saltcure\n>p2 move knockoff\n>p1 move recover\n>p2 move swordsdance\n>p1 move protect\n>p2 move leechlife\n>p1 switch 4\n>p2 move leechlife\n>p1 move bulletpunch\n>p2 move suckerpunch\n>p1 switch 4\n>p1 move protect\n>p2 move leechlife\n>p1 move saltcure\n>p2 move leechlife\n>p2 switch 4\n>p1 move protect\n>p2 move closecombat\n>p1 move recover terastallize\n>p2 move closecombat\n>p1 move saltcure\n>p2 switch 3\n>p1 switch 3\n>p2 move strangesteam\n>p1 move boomburst\n>p2 move defog\n>p2 switch 6\n>p1 switch 3\n>p2 move stealthrock\n>p1 move saltcure\n>p2 move voltswitch\n>p2 switch 5\n>p1 switch 5\n>p2 move wish\n>p1 move woodhammer\n>p2 switch 2\n>p1 switch 3\n>p2 move dragondarts\n>p1 move shadowball\n>p2 move uturn\n>p2 switch 5\n>p1 move shadowball\n>p2 move ironhead\n>p1 move roost\n>p2 move earthquake\n>p1 move calmmind\n>p2 move ironhead\n>p1 move roost\n>p2 move ironhead\n>p1 move shadowball\n>p2 move ironhead\n>p1 move roost\n>p2 move ironhead\n>p1 move shadowball\n>p2 move ironhead\n>p1 move roost\n>p2 move ironhead\n>p1 move shadowball\n>p2 move ironhead\n>p1 move shadowball\n>p2 move ironhead\n>p2 switch 3\n>p1 switch 5\n>p2 move zenheadbutt\n>p1 move protect\n>p2 move zenheadbutt\n>p1 move saltcure\n>p2 move zenheadbutt\n>p1 switch 2\n>p1 move doubleedge\n>p2 switch 2\n>p1 move doubleedge\n>p2 switch 5\n>p1 switch 5\n>p2 move dragondarts\n>p1 move shadowball\n>p2 move dragondarts\n>p1 switch 5\n>p1 move doubleedge\n>p2 move uturn\n>p2 switch 5\n>p2 switch 5\n>p1 switch 3\n>p2 move dragondarts\n>p1 move woodhammer\n>p2 move dragondarts\n>p1 switch 6\n>p1 move dragonpulse\n>p2 move uturn\n>p2 switch 2\n>p1 move dragonpulse\n>p2 move closecombat\n>p1 switch 3\n>p1 move aquajet\n>p2 move closecombat\n>p2 switch 2\n>p1 move aquajet\n>p2 move dragondarts", "uploadtime": 1781387278, "views": 6, "formatid": "gen9randombattle", "rating": null, "private": 0, "password": null, "player_dets": [{"name": "Mugshit", "avatar": "265", "rating": 2103, "seed": "sodium,583a173a57a3515cfc6cc55ffa35f21b"}, {"name": "Roface", "avatar": "yancy", "rating": 2102, "seed": "sodium,e7be83b5c57e34fc843048baa3ca030a"}], "teams_full": [{"Ogerpon": {"name": "Ogerpon", "species": "Ogerpon-Wellspring", "speciesId": "ogerponwellspring", "gender": "F", "shiny": false, "level": 76, "moves": ["spikes", "woodhammer", "ivycudgel", "synthesis"], "ability": "Water Absorb", "evs": {"hp": 85, "atk": 85, "def": 85, "spa": 85, "spd": 85, "spe": 85}, "ivs": {"hp": 31, "atk": 31, "def": 31, "spa": 31, "spd": 31, "spe": 31}, "item": "Wellspring Mask", "teraType": "Water", "role": "Bulky Attacker", "bvs": {"hp": 80, "atk": 120, "def": 84, "spa": 60, "spd": 96, "spe": 110}, "stats": {"hp": 247, "atk": 226, "def": 172, "spa": 135, "spd": 190, "spe": 211}}, "Basculin": {"name": "Basculin", "species": "Basculin", "speciesId": "basculin", "gender": "F", "shiny": false, "level": 86, "moves": ["wavecrash", "doubleedge", "flipturn", "aquajet"], "ability": "Adaptability", "evs": {"hp": 85, "atk": 85, "def": 85, "spa": 85, "spd": 85, "spe": 85}, "ivs": {"hp": 31, "atk": 31, "def": 31, "spa": 31, "spd": 31, "spe": 31}, "item": "Choice Band", "teraType": "Water", "role": "Wallbreaker", "bvs": {"hp": 70, "atk": 92, "def": 65, "spa": 80, "spd": 55, "spe": 98}, "stats": {"hp": 261, "atk": 207, "def": 161, "spa": 187, "spd": 144, "spe": 218}}, "Dudunsparce": {"name": "Dudunsparce", "species": "Dudunsparce-Three-Segment", "speciesId": "dudunsparce", "gender": "M", "shiny": false, "level": 83, "moves": ["boomburst", "calmmind", "shadowball", "roost"], "ability": "Rattled", "evs": {"hp": 85, "atk": 0, "def": 85, "spa": 85, "spd": 85, "spe": 85}, "ivs": {"hp": 31, "atk": 0, "def": 31, "spa": 31, "spd": 31, "spe": 31}, "item": "Leftovers", "teraType": "Ghost", "role": "Bulky Setup", "bvs": {"hp": 125, "atk": 100, "def": 80, "spa": 85, "spd": 75, "spe": 55}, "stats": {"hp": 343, "atk": 171, "def": 180, "spa": 189, "spd": 172, "spe": 139}}, "Scizor": {"name": "Scizor", "species": "Scizor", "speciesId": "scizor", "gender": "F", "shiny": false, "level": 79, "moves": ["uturn", "bulletpunch", "defog", "knockoff"], "ability": "Technician", "evs": {"hp": 85, "atk": 85, "def": 85, "spa": 85, "spd": 85, "spe": 85}, "ivs": {"hp": 31, "atk": 31, "def": 31, "spa": 31, "spd": 31, "spe": 31}, "item": "Leftovers", "teraType": "Steel", "role": "Bulky Support", "bvs": {"hp": 70, "atk": 130, "def": 100, "spa": 55, "spd": 80, "spe": 65}, "stats": {"hp": 240, "atk": 251, "def": 204, "spa": 132, "spd": 172, "spe": 148}}, "Garganacl": {"name": "Garganacl", "species": "Garganacl", "speciesId": "garganacl", "gender": "F", "shiny": false, "level": 80, "moves": ["stealthrock", "protect", "recover", "saltcure"], "ability": "Purifying Salt", "evs": {"hp": 85, "atk": 85, "def": 85, "spa": 85, "spd": 85, "spe": 85}, "ivs": {"hp": 31, "atk": 31, "def": 31, "spa": 31, "spd": 31, "spe": 31}, "item": "Leftovers", "teraType": "Ghost", "role": "Bulky Support", "bvs": {"hp": 100, "atk": 100, "def": 130, "spa": 45, "spd": 90, "spe": 35}, "stats": {"hp": 291, "atk": 206, "def": 254, "spa": 118, "spd": 190, "spe": 102}}, "Appletun": {"name": "Appletun", "species": "Appletun", "speciesId": "appletun", "gender": "M", "shiny": false, "level": 92, "moves": ["dragonpulse", "appleacid", "leechseed", "recover"], "ability": "Thick Fat", "evs": {"hp": 85, "atk": 0, "def": 85, "spa": 85, "spd": 85, "spe": 85}, "ivs": {"hp": 31, "atk": 0, "def": 31, "spa": 31, "spd": 31, "spe": 31}, "item": "Leftovers", "teraType": "Steel", "role": "Bulky Attacker", "bvs": {"hp": 110, "atk": 85, "def": 80, "spa": 100, "spd": 80, "spe": 30}, "stats": {"hp": 352, "atk": 161, "def": 200, "spa": 236, "spd": 200, "spe": 108}}}, {"Vaporeon": {"name": "Vaporeon", "species": "Vaporeon", "speciesId": "vaporeon", "gender": "M", "shiny": false, "level": 86, "moves": ["wish", "scald", "haze", "protect"], "ability": "Water Absorb", "evs": {"hp": 85, "atk": 0, "def": 85, "spa": 85, "spd": 85, "spe": 85}, "ivs": {"hp": 31, "atk": 0, "def": 31, "spa": 31, "spd": 31, "spe": 31}, "item": "Leftovers", "teraType": "Ground", "role": "Bulky Attacker", "bvs": {"hp": 130, "atk": 65, "def": 60, "spa": 110, "spd": 95, "spe": 65}, "stats": {"hp": 364, "atk": 116, "def": 152, "spa": 238, "spd": 213, "spe": 161}}, "Dragapult": {"name": "Dragapult", "species": "Dragapult", "speciesId": "dragapult", "gender": "F", "shiny": false, "level": 77, "moves": ["dragondarts", "uturn", "willowisp", "hex"], "ability": "Cursed Body", "evs": {"hp": 85, "atk": 85, "def": 85, "spa": 85, "spd": 85, "spe": 85}, "ivs": {"hp": 31, "atk": 31, "def": 31, "spa": 31, "spd": 31, "spe": 31}, "item": "Heavy-Duty Boots", "teraType": "Dragon", "role": "Fast Support", "bvs": {"hp": 88, "atk": 120, "def": 75, "spa": 100, "spd": 75, "spe": 142}, "stats": {"hp": 262, "atk": 229, "def": 160, "spa": 199, "spd": 160, "spe": 263}}, "Lokix": {"name": "Lokix", "species": "Lokix", "speciesId": "lokix", "gender": "M", "shiny": false, "level": 82, "moves": ["leechlife", "knockoff", "suckerpunch", "swordsdance"], "ability": "Tinted Lens", "evs": {"hp": 85, "atk": 85, "def": 85, "spa": 85, "spd": 85, "spe": 85}, "ivs": {"hp": 31, "atk": 31, "def": 31, "spa": 31, "spd": 31, "spe": 31}, "item": "Life Orb", "teraType": "Dark", "role": "Setup Sweeper", "bvs": {"hp": 71, "atk": 102, "def": 78, "spa": 52, "spd": 55, "spe": 92}, "stats": {"hp": 251, "atk": 214, "def": 175, "spa": 132, "spd": 137, "spe": 198}}, "Medicham": {"name": "Medicham", "species": "Medicham", "speciesId": "medicham", "gender": "F", "shiny": false, "level": 86, "moves": ["bulletpunch", "icepunch", "zenheadbutt", "closecombat"], "ability": "Pure Power", "evs": {"hp": 85, "atk": 85, "def": 85, "spa": 85, "spd": 85, "spe": 85}, "ivs": {"hp": 31, "atk": 31, "def": 31, "spa": 31, "spd": 31, "spe": 31}, "item": "Choice Band", "teraType": "Fighting", "role": "Fast Attacker", "bvs": {"hp": 60, "atk": 60, "def": 75, "spa": 60, "spd": 75, "spe": 80}, "stats": {"hp": 243, "atk": 152, "def": 178, "spa": 152, "spd": 178, "spe": 187}}, "Weezing": {"name": "Weezing", "species": "Weezing-Galar", "speciesId": "weezinggalar", "gender": "F", "shiny": false, "level": 86, "moves": ["gunkshot", "strangesteam", "fireblast", "defog"], "ability": "Levitate", "evs": {"hp": 85, "atk": 85, "def": 85, "spa": 85, "spd": 85, "spe": 85}, "ivs": {"hp": 31, "atk": 31, "def": 31, "spa": 31, "spd": 31, "spe": 31}, "item": "Leftovers", "teraType": "Steel", "role": "Bulky Support", "bvs": {"hp": 65, "atk": 90, "def": 120, "spa": 85, "spd": 70, "spe": 60}, "stats": {"hp": 252, "atk": 204, "def": 256, "spa": 195, "spd": 170, "spe": 152}}, "Iron Treads": {"name": "Iron Treads", "species": "Iron Treads", "speciesId": "irontreads", "gender": "N", "shiny": false, "level": 77, "moves": ["voltswitch", "earthquake", "stealthrock", "ironhead"], "ability": "Quark Drive", "evs": {"hp": 85, "atk": 85, "def": 85, "spa": 85, "spd": 85, "spe": 85}, "ivs": {"hp": 31, "atk": 31, "def": 31, "spa": 31, "spd": 31, "spe": 31}, "item": "Leftovers", "teraType": "Ghost", "role": "Bulky Support", "bvs": {"hp": 90, "atk": 112, "def": 120, "spa": 72, "spd": 70, "spe": 106}, "stats": {"hp": 265, "atk": 217, "def": 229, "spa": 155, "spd": 152, "spe": 208}}}]}