{"id": "gen9randombattle-2631490763", "format": "[Gen 9] Random Battle", "players": ["Arionblue_practice", "Smart Gas"], "log": "|j|\u2606Arionblue_practice\n|j|\u2606Smart Gas\n|t:|1781391705\n|gametype|singles\n|player|p1|Arionblue_practice|acetrainer-gen4dp|1964\n|player|p2|Smart Gas|clavell-s|1958\n|gen|9\n|tier|[Gen 9] Random Battle\n|rated|\n|rule|Species Clause: Limit one of each Pok\u00e9mon\n|rule|HP Percentage Mod: HP is shown in percentages\n|rule|Sleep Clause Mod: Limit one foe put to sleep\n|rule|Illusion Level Mod: Illusion disguises the Pok\u00e9mon's true level\n|\n|t:|1781391705\n|teamsize|p1|6\n|teamsize|p2|6\n|start\n|switch|p1a: Basculin|Basculin-Blue-Striped, L86, F|261/261\n|switch|p2a: Blissey|Blissey, L85, F|572/572\n|turn|1\n|inactive|Battle timer is ON: inactive players will automatically lose when time's up. (requested by Smart Gas)\n|\n|t:|1781391717\n|switch|p2a: Rillaboom|Rillaboom, L79, M|288/288\n|-fieldstart|move: Grassy Terrain|[from] ability: Grassy Surge|[of] p2a: Rillaboom\n|move|p1a: Basculin|Flip Turn|p2a: Rillaboom\n|-resisted|p2a: Rillaboom\n|-damage|p2a: Rillaboom|217/288\n|\n|t:|1781391721\n|switch|p1a: Qwilfish|Qwilfish, L86, M|252/252|[from] Flip Turn\n|-ability|p1a: Qwilfish|Intimidate|boost\n|-unboost|p2a: Rillaboom|atk|1\n|\n|-heal|p2a: Rillaboom|235/288|[from] Grassy Terrain\n|upkeep\n|turn|2\n|\n|t:|1781391741\n|switch|p2a: Dusknoir|Dusknoir, L89, F|225/225\n|-item|p1a: Qwilfish|Heavy-Duty Boots|[from] ability: Frisk|[of] p2a: Dusknoir\n|move|p1a: Qwilfish|Gunk Shot|p2a: Dusknoir\n|-resisted|p2a: Dusknoir\n|-damage|p2a: Dusknoir|177/225\n|\n|-heal|p2a: Dusknoir|191/225|[from] Grassy Terrain\n|-heal|p2a: Dusknoir|205/225|[from] item: Leftovers\n|upkeep\n|turn|3\n|\n|t:|1781391747\n|move|p1a: Qwilfish|Flip Turn|p2a: Dusknoir\n|-damage|p2a: Dusknoir|160/225\n|\n|t:|1781391765\n|switch|p1a: Sunflora|Sunflora, M|312/312|[from] Flip Turn\n|move|p2a: Dusknoir|Substitute|p2a: Dusknoir\n|-start|p2a: Dusknoir|Substitute\n|-damage|p2a: Dusknoir|104/225\n|\n|-heal|p2a: Dusknoir|118/225|[from] Grassy Terrain\n|-heal|p2a: Dusknoir|132/225|[from] item: Leftovers\n|upkeep\n|turn|4\n|\n|t:|1781391780\n|switch|p1a: Cryogonal|Cryogonal, L89|287/287\n|move|p2a: Dusknoir|Poltergeist|p1a: Cryogonal\n|-activate|p1a: Cryogonal|move: Poltergeist|Heavy-Duty Boots\n|-damage|p1a: Cryogonal|85/287\n|\n|-heal|p2a: Dusknoir|146/225|[from] Grassy Terrain\n|-heal|p2a: Dusknoir|160/225|[from] item: Leftovers\n|upkeep\n|turn|5\n|\n|t:|1781391785\n|-singleturn|p2a: Dusknoir|move: Focus Punch\n|move|p1a: Cryogonal|Ice Beam|p2a: Dusknoir\n|-end|p2a: Dusknoir|Substitute\n|move|p2a: Dusknoir|Focus Punch|p1a: Cryogonal\n|-supereffective|p1a: Cryogonal\n|-crit|p1a: Cryogonal\n|-damage|p1a: Cryogonal|0 fnt\n|faint|p1a: Cryogonal\n|\n|-heal|p2a: Dusknoir|174/225|[from] Grassy Terrain\n|-heal|p2a: Dusknoir|188/225|[from] item: Leftovers\n|-fieldend|move: Grassy Terrain\n|upkeep\n|\n|t:|1781391790\n|switch|p1a: Basculin|Basculin-Blue-Striped, L86, F|261/261\n|turn|6\n|\n|t:|1781391794\n|switch|p2a: Rillaboom|Rillaboom, L79, M|235/288\n|-fieldstart|move: Grassy Terrain|[from] ability: Grassy Surge|[of] p2a: Rillaboom\n|move|p1a: Basculin|Flip Turn|p2a: Rillaboom\n|-resisted|p2a: Rillaboom\n|-crit|p2a: Rillaboom\n|-damage|p2a: Rillaboom|131/288\n|\n|t:|1781391797\n|switch|p1a: Qwilfish|Qwilfish, L86, M|252/252|[from] Flip Turn\n|-ability|p1a: Qwilfish|Intimidate|boost\n|-unboost|p2a: Rillaboom|atk|1\n|\n|-heal|p2a: Rillaboom|149/288|[from] Grassy Terrain\n|upkeep\n|turn|7\n|inactive|Smart Gas has 120 seconds left.\n|\n|t:|1781391843\n|switch|p2a: Dusknoir|Dusknoir, L89, F|188/225\n|-item|p1a: Qwilfish|Heavy-Duty Boots|[from] ability: Frisk|[of] p2a: Dusknoir\n|move|p1a: Qwilfish|Gunk Shot|p2a: Dusknoir\n|-resisted|p2a: Dusknoir\n|-damage|p2a: Dusknoir|146/225\n|\n|-heal|p2a: Dusknoir|160/225|[from] Grassy Terrain\n|-heal|p2a: Dusknoir|174/225|[from] item: Leftovers\n|upkeep\n|turn|8\n|\n|t:|1781391848\n|move|p1a: Qwilfish|Flip Turn|p2a: Dusknoir\n|-damage|p2a: Dusknoir|126/225\n|\n|t:|1781391855\n|switch|p1a: Basculin|Basculin-Blue-Striped, L86, F|261/261|[from] Flip Turn\n|move|p2a: Dusknoir|Substitute|p2a: Dusknoir\n|-start|p2a: Dusknoir|Substitute\n|-damage|p2a: Dusknoir|70/225\n|\n|-heal|p2a: Dusknoir|84/225|[from] Grassy Terrain\n|-heal|p2a: Dusknoir|98/225|[from] item: Leftovers\n|upkeep\n|turn|9\n|inactive|Smart Gas has 120 seconds left.\n|\n|t:|1781391867\n|move|p1a: Basculin|Flip Turn|p2a: Dusknoir\n|-end|p2a: Dusknoir|Substitute\n|\n|t:|1781391877\n|switch|p1a: Qwilfish|Qwilfish, L86, M|252/252|[from] Flip Turn\n|-ability|p1a: Qwilfish|Intimidate|boost\n|-unboost|p2a: Dusknoir|atk|1\n|move|p2a: Dusknoir|Poltergeist|p1a: Qwilfish\n|-activate|p1a: Qwilfish|move: Poltergeist|Heavy-Duty Boots\n|-damage|p1a: Qwilfish|158/252\n|\n|-heal|p1a: Qwilfish|173/252|[from] Grassy Terrain\n|-heal|p2a: Dusknoir|112/225|[from] Grassy Terrain\n|-heal|p2a: Dusknoir|126/225|[from] item: Leftovers\n|upkeep\n|turn|10\n|inactive|Smart Gas has 120 seconds left.\n|\n|t:|1781391904\n|move|p1a: Qwilfish|Flip Turn|p2a: Dusknoir\n|-damage|p2a: Dusknoir|84/225\n|\n|t:|1781391913\n|switch|p1a: Basculin|Basculin-Blue-Striped, L86, F|261/261|[from] Flip Turn\n|move|p2a: Dusknoir|Substitute|p2a: Dusknoir\n|-start|p2a: Dusknoir|Substitute\n|-damage|p2a: Dusknoir|28/225\n|\n|-heal|p2a: Dusknoir|42/225|[from] Grassy Terrain\n|-heal|p2a: Dusknoir|56/225|[from] item: Leftovers\n|-fieldend|move: Grassy Terrain\n|upkeep\n|turn|11\n|\n|t:|1781391917\n|move|p1a: Basculin|Flip Turn|p2a: Dusknoir\n|-end|p2a: Dusknoir|Substitute\n|\n|t:|1781391924\n|switch|p1a: Qwilfish|Qwilfish, L86, M|173/252|[from] Flip Turn\n|-ability|p1a: Qwilfish|Intimidate|boost\n|-unboost|p2a: Dusknoir|atk|1\n|move|p2a: Dusknoir|Pain Split|p1a: Qwilfish\n|-sethp|p1a: Qwilfish|114/252|[from] move: Pain Split|[silent]\n|-sethp|p2a: Dusknoir|114/225|[from] move: Pain Split\n|\n|-heal|p2a: Dusknoir|128/225|[from] item: Leftovers\n|upkeep\n|turn|12\n|\n|t:|1781391933\n|switch|p2a: Rillaboom|Rillaboom, L79, M|149/288\n|-fieldstart|move: Grassy Terrain|[from] ability: Grassy Surge|[of] p2a: Rillaboom\n|move|p1a: Qwilfish|Thunder Wave|p2a: Rillaboom\n|-status|p2a: Rillaboom|par\n|\n|-heal|p1a: Qwilfish|129/252|[from] Grassy Terrain\n|-heal|p2a: Rillaboom|167/288 par|[from] Grassy Terrain\n|upkeep\n|turn|13\n|\n|t:|1781391939\n|move|p2a: Rillaboom|Grassy Glide|p1a: Qwilfish\n|-damage|p1a: Qwilfish|24/252\n|-damage|p2a: Rillaboom|139/288 par|[from] item: Life Orb\n|move|p1a: Qwilfish|Gunk Shot|p2a: Rillaboom\n|-supereffective|p2a: Rillaboom\n|-damage|p2a: Rillaboom|0 fnt\n|faint|p2a: Rillaboom\n|\n|-heal|p1a: Qwilfish|39/252|[from] Grassy Terrain\n|upkeep\n|\n|t:|1781391947\n|switch|p2a: Palafin|Palafin, L77, F|281/281\n|turn|14\n|\n|t:|1781391973\n|move|p2a: Palafin|Wave Crash|p1a: Qwilfish\n|-resisted|p1a: Qwilfish\n|-damage|p1a: Qwilfish|0 fnt\n|faint|p1a: Qwilfish\n|-damage|p2a: Palafin|268/281|[from] Recoil\n|\n|-heal|p2a: Palafin|281/281|[from] Grassy Terrain\n|upkeep\n|\n|t:|1781391978\n|switch|p1a: Sunflora|Sunflora, M|312/312\n|turn|15\n|\n|t:|1781391983\n|detailschange|p2a: Palafin|Palafin-Hero, L77, F\n|switch|p2a: Blissey|Blissey, L85, F|572/572\n|move|p1a: Sunflora|Sunny Day|p1a: Sunflora\n|-weather|SunnyDay\n|\n|-weather|SunnyDay|[upkeep]\n|upkeep\n|turn|16\n|\n|t:|1781391988\n|move|p1a: Sunflora|Solar Beam||[still]\n|-prepare|p1a: Sunflora|Solar Beam\n|-anim|p1a: Sunflora|Solar Beam|p2a: Blissey\n|-damage|p2a: Blissey|364/572\n|-damage|p1a: Sunflora|281/312|[from] item: Life Orb\n|move|p2a: Blissey|Thunder Wave|p1a: Sunflora|[miss]\n|-miss|p2a: Blissey|p1a: Sunflora\n|\n|-weather|SunnyDay|[upkeep]\n|-heal|p1a: Sunflora|300/312|[from] Grassy Terrain\n|-heal|p2a: Blissey|399/572|[from] Grassy Terrain\n|-heal|p2a: Blissey|434/572|[from] item: Leftovers\n|-fieldend|move: Grassy Terrain\n|upkeep\n|turn|17\n|\n|t:|1781391993\n|switch|p1a: Pawmot|Pawmot, L80, M|243/243\n|move|p2a: Blissey|Thunder Wave|p1a: Pawmot\n|-immune|p1a: Pawmot|[from] ability: Volt Absorb\n|\n|-weather|SunnyDay|[upkeep]\n|-heal|p2a: Blissey|469/572|[from] item: Leftovers\n|upkeep\n|turn|18\n|\n|t:|1781392000\n|switch|p2a: Kleavor|Kleavor, L78, F|237/237\n|move|p1a: Pawmot|Revival Blessing|p1a: Pawmot\n|-enditem|p1a: Pawmot|Leppa Berry|[eat]\n|-activate|p1a: Pawmot|item: Leppa Berry|Revival Blessing|[consumed]\n|\n|t:|1781392003\n|-heal|p1: Qwilfish|126/252|[from] move: Revival Blessing\n|\n|-weather|SunnyDay|[upkeep]\n|upkeep\n|turn|19\n|\n|t:|1781392013\n|move|p1a: Pawmot|Nuzzle|p2a: Kleavor\n|-damage|p2a: Kleavor|213/237\n|-status|p2a: Kleavor|par\n|move|p2a: Kleavor|Close Combat|p1a: Pawmot\n|-damage|p1a: Pawmot|125/243\n|-unboost|p2a: Kleavor|def|1\n|-unboost|p2a: Kleavor|spd|1\n|\n|-weather|none\n|upkeep\n|turn|20\n|\n|t:|1781392026\n|switch|p1a: Basculin|Basculin-Blue-Striped, L86, F|261/261\n|move|p2a: Kleavor|Close Combat|p1a: Basculin\n|-damage|p1a: Basculin|152/261\n|-unboost|p2a: Kleavor|def|1\n|-unboost|p2a: Kleavor|spd|1\n|\n|upkeep\n|turn|21\n|\n|t:|1781392040\n|move|p1a: Basculin|Flip Turn|p2a: Kleavor\n|-supereffective|p2a: Kleavor\n|-damage|p2a: Kleavor|0 fnt\n|faint|p2a: Kleavor\n|\n|t:|1781392052\n|switch|p1a: Qwilfish|Qwilfish, L86, M|126/252|[from] Flip Turn\n|\n|upkeep\n|\n|t:|1781392077\n|switch|p2a: Beartic|Beartic, L91, F|321/321\n|turn|22\n|\n|t:|1781392094\n|move|p1a: Qwilfish|Flip Turn|p2a: Beartic\n|-damage|p2a: Beartic|260/321\n|\n|t:|1781392098\n|switch|p1a: Sunflora|Sunflora, M|300/312|[from] Flip Turn\n|move|p2a: Beartic|Earthquake|p1a: Sunflora\n|-resisted|p1a: Sunflora\n|-damage|p1a: Sunflora|235/312\n|\n|upkeep\n|turn|23\n|\n|t:|1781392103\n|move|p2a: Beartic|Icicle Crash|p1a: Sunflora\n|-supereffective|p1a: Sunflora\n|-damage|p1a: Sunflora|0 fnt\n|faint|p1a: Sunflora\n|\n|upkeep\n|\n|t:|1781392113\n|switch|p1a: Pawmot|Pawmot, L80, M|125/243\n|turn|24\n|\n|t:|1781392124\n|move|p1a: Pawmot|Close Combat|p2a: Beartic\n|-supereffective|p2a: Beartic\n|-damage|p2a: Beartic|0 fnt\n|-unboost|p1a: Pawmot|def|1\n|-unboost|p1a: Pawmot|spd|1\n|faint|p2a: Beartic\n|\n|upkeep\n|\n|t:|1781392135\n|switch|p2a: Dusknoir|Dusknoir, L89, F|128/225\n|turn|25\n|\n|t:|1781392139\n|switch|p1a: Bastiodon|Bastiodon, L89, F|252/252\n|move|p2a: Dusknoir|Substitute|p2a: Dusknoir\n|-start|p2a: Dusknoir|Substitute\n|-damage|p2a: Dusknoir|72/225\n|\n|-heal|p2a: Dusknoir|86/225|[from] item: Leftovers\n|upkeep\n|turn|26\n|\n|t:|1781392145\n|-terastallize|p1a: Bastiodon|Fighting\n|-singleturn|p2a: Dusknoir|move: Focus Punch\n|move|p1a: Bastiodon|Iron Defense|p1a: Bastiodon\n|-boost|p1a: Bastiodon|def|2\n|move|p2a: Dusknoir|Focus Punch|p1a: Bastiodon\n|-damage|p1a: Bastiodon|216/252\n|\n|-heal|p2a: Dusknoir|100/225|[from] item: Leftovers\n|upkeep\n|turn|27\n|\n|t:|1781392155\n|move|p2a: Dusknoir|Pain Split|p1a: Bastiodon\n|-sethp|p1a: Bastiodon|158/252|[from] move: Pain Split|[silent]\n|-sethp|p2a: Dusknoir|158/225|[from] move: Pain Split\n|move|p1a: Bastiodon|Iron Defense|p1a: Bastiodon\n|-boost|p1a: Bastiodon|def|2\n|\n|-heal|p2a: Dusknoir|172/225|[from] item: Leftovers\n|upkeep\n|turn|28\n|\n|t:|1781392160\n|-singleturn|p2a: Dusknoir|move: Focus Punch\n|move|p1a: Bastiodon|Foul Play|p2a: Dusknoir\n|-supereffective|p2a: Dusknoir\n|-end|p2a: Dusknoir|Substitute\n|move|p2a: Dusknoir|Focus Punch|p1a: Bastiodon\n|-damage|p1a: Bastiodon|135/252\n|\n|-heal|p2a: Dusknoir|186/225|[from] item: Leftovers\n|upkeep\n|turn|29\n|\n|t:|1781392166\n|-singleturn|p2a: Dusknoir|move: Focus Punch\n|move|p1a: Bastiodon|Foul Play|p2a: Dusknoir\n|-supereffective|p2a: Dusknoir\n|-damage|p2a: Dusknoir|88/225\n|cant|p2a: Dusknoir|Focus Punch|Focus Punch\n|\n|-heal|p2a: Dusknoir|102/225|[from] item: Leftovers\n|upkeep\n|turn|30\n|\n|t:|1781392174\n|move|p2a: Dusknoir|Pain Split|p1a: Bastiodon\n|-sethp|p1a: Bastiodon|118/252|[from] move: Pain Split|[silent]\n|-sethp|p2a: Dusknoir|118/225|[from] move: Pain Split\n|move|p1a: Bastiodon|Foul Play|p2a: Dusknoir\n|-supereffective|p2a: Dusknoir\n|-damage|p2a: Dusknoir|8/225\n|\n|-heal|p2a: Dusknoir|22/225|[from] item: Leftovers\n|upkeep\n|turn|31\n|\n|t:|1781392193\n|move|p2a: Dusknoir|Pain Split|p1a: Bastiodon\n|-sethp|p1a: Bastiodon|70/252|[from] move: Pain Split|[silent]\n|-sethp|p2a: Dusknoir|70/225|[from] move: Pain Split\n|move|p1a: Bastiodon|Foul Play|p2a: Dusknoir\n|-supereffective|p2a: Dusknoir\n|-damage|p2a: Dusknoir|0 fnt\n|faint|p2a: Dusknoir\n|\n|upkeep\n|\n|t:|1781392197\n|switch|p2a: Palafin|Palafin-Hero, L77, F|281/281\n|-activate|p2a: Palafin|ability: Zero to Hero\n|turn|32\n|\n|t:|1781392211\n|move|p2a: Palafin|Bulk Up|p2a: Palafin\n|-boost|p2a: Palafin|atk|1\n|-boost|p2a: Palafin|def|1\n|move|p1a: Bastiodon|Rest|p1a: Bastiodon\n|-status|p1a: Bastiodon|slp|[from] move: Rest\n|-heal|p1a: Bastiodon|252/252 slp|[silent]\n|-enditem|p1a: Bastiodon|Chesto Berry|[eat]\n|-curestatus|p1a: Bastiodon|slp|[msg]\n|\n|upkeep\n|turn|33\n|-message|Smart Gas forfeited.\n|\n|win|Arionblue_practice\n", "inputlog": ">version a8376a258c1d4662feba110a92103f3664a72141\n>start {\"formatid\":\"gen9randombattle\",\"seed\":\"sodium,f10b0d9db9fdf4665d332d1d85fa2c38\",\"rated\":\"Rated battle\"}\n>player p1 {\"name\":\"Arionblue_practice\",\"avatar\":\"acetrainer-gen4dp\",\"rating\":1964,\"seed\":\"sodium,d2dea7f00d089f2da52c772c773d8b68\"}\n>player p2 {\"name\":\"Smart Gas\",\"avatar\":\"clavell-s\",\"rating\":1958,\"seed\":\"sodium,283309c202268f42f89eb12c3b97f986\"}\n>p1 move flipturn\n>p2 switch 6\n>p1 switch 6\n>p1 move gunkshot\n>p2 switch 3\n>p1 move flipturn\n>p2 move substitute\n>p1 switch 3\n>p1 switch 4\n>p2 move poltergeist\n>p1 move icebeam\n>p2 move focuspunch\n>p1 switch 6\n>p1 move flipturn\n>p2 switch 3\n>p1 switch 3\n>p1 move gunkshot\n>p2 switch 3\n>p1 move flipturn\n>p2 move substitute\n>p1 switch 3\n>p1 move flipturn\n>p2 move poltergeist\n>p1 switch 3\n>p1 move flipturn\n>p2 move substitute\n>p1 switch 3\n>p1 move flipturn\n>p2 move painsplit\n>p1 switch 3\n>p1 move thunderwave\n>p2 switch 3\n>p1 move gunkshot\n>p2 move grassyglide\n>p2 switch 4\n>p1 move painsplit\n>p2 move wavecrash\n>p1 switch 4\n>p1 move sunnyday\n>p2 switch 6\n>p1 move solarbeam\n>p2 move thunderwave\n>p1 switch 2\n>p2 move thunderwave\n>p1 move revivalblessing\n>p2 switch 5\n>p1 switch 4\n>p1 move nuzzle\n>p2 move closecombat\n>p1 switch 3\n>p2 move closecombat\n>p1 move flipturn\n>p2 move xscissor\n>p1 switch 4\n>p2 switch 2\n>p1 move flipturn\n>p2 move earthquake\n>p1 switch 2\n>p1 move sunnyday\n>p2 move iciclecrash\n>p1 switch 3\n>p1 move closecombat\n>p2 move earthquake\n>p2 switch 3\n>p1 switch 5\n>p2 move substitute\n>p1 move irondefense terastallize\n>p2 move focuspunch\n>p1 move irondefense\n>p2 move painsplit\n>p1 move foulplay\n>p2 move focuspunch\n>p1 move foulplay\n>p2 move focuspunch\n>p1 move foulplay\n>p2 move painsplit\n>p1 move foulplay\n>p2 move painsplit\n>p2 switch 6\n>p1 move rest\n>p2 move bulkup\n>forcelose p2", "uploadtime": 1781391707, "views": 5, "formatid": "gen9randombattle", "rating": null, "private": 0, "password": null}