{"id": "gen9randombattle-2631585267", "format": "[Gen 9] Random Battle", "players": ["Arsenal0394", "Arkaes"], "log": "|j|\u203dArsenal0394\n|j|\u2606Arkaes\n|t:|1781404810\n|gametype|singles\n|player|p1|Arsenal0394|2|2021\n|player|p2|Arkaes|hayley|2008\n|gen|9\n|tier|[Gen 9] Random Battle\n|rated|\n|rule|Species Clause: Limit one of each Pok\u00e9mon\n|rule|HP Percentage Mod: HP is shown in percentages\n|rule|Sleep Clause Mod: Limit one foe put to sleep\n|rule|Illusion Level Mod: Illusion disguises the Pok\u00e9mon's true level\n|\n|t:|1781404810\n|teamsize|p1|6\n|teamsize|p2|6\n|start\n|switch|p1a: Regieleki|Regieleki, L79|256/256\n|switch|p2a: Noivern|Noivern, L82, M|274/274\n|turn|1\n|\n|t:|1781404826\n|switch|p2a: Palossand|Palossand, L89, M|296/296\n|move|p1a: Regieleki|Thunderbolt|p2a: Palossand\n|-immune|p2a: Palossand\n|\n|upkeep\n|turn|2\n|\n|t:|1781404834\n|switch|p1a: Oranguru|Oranguru, L92, M|315/315\n|move|p2a: Palossand|Earth Power|p1a: Oranguru\n|-damage|p1a: Oranguru|236/315\n|\n|upkeep\n|turn|3\n|\n|t:|1781404886\n|move|p1a: Oranguru|Trick|p2a: Palossand\n|-activate|p1a: Oranguru|move: Trick|[of] p2a: Palossand\n|-item|p2a: Palossand|Choice Specs|[from] move: Trick\n|-item|p1a: Oranguru|Leftovers|[from] move: Trick\n|move|p2a: Palossand|Earth Power|p1a: Oranguru\n|-damage|p1a: Oranguru|112/315\n|-unboost|p1a: Oranguru|spd|1\n|\n|-heal|p1a: Oranguru|131/315|[from] item: Leftovers\n|upkeep\n|turn|4\n|\n|t:|1781404898\n|switch|p1a: Sceptile|Sceptile, L87, M|264/264\n|move|p2a: Palossand|Earth Power|p1a: Sceptile\n|-resisted|p1a: Sceptile\n|-damage|p1a: Sceptile|190/264\n|\n|upkeep\n|turn|5\n|\n|t:|1781404908\n|switch|p2a: Virizion|Virizion, L82|283/283\n|move|p1a: Sceptile|Swords Dance|p1a: Sceptile\n|-boost|p1a: Sceptile|atk|2\n|\n|upkeep\n|turn|6\n|\n|t:|1781404915\n|move|p1a: Sceptile|Leaf Blade|p2a: Virizion\n|-resisted|p2a: Virizion\n|-damage|p2a: Virizion|141/283\n|-damage|p1a: Sceptile|164/264|[from] item: Life Orb\n|move|p2a: Virizion|Close Combat|p1a: Sceptile\n|-damage|p1a: Sceptile|0 fnt\n|-unboost|p2a: Virizion|def|1\n|-unboost|p2a: Virizion|spd|1\n|faint|p1a: Sceptile\n|-damage|p2a: Virizion|113/283|[from] item: Life Orb\n|\n|upkeep\n|\n|t:|1781404930\n|switch|p1a: Seviper|Seviper, L93, F|287/287\n|turn|7\n|\n|t:|1781404954\n|move|p2a: Virizion|Stone Edge|p1a: Seviper\n|-damage|p1a: Seviper|187/287\n|-damage|p2a: Virizion|85/283|[from] item: Life Orb\n|move|p1a: Seviper|Swords Dance|p1a: Seviper\n|-boost|p1a: Seviper|atk|2\n|\n|-heal|p1a: Seviper|204/287|[from] item: Leftovers\n|upkeep\n|turn|8\n|\n|t:|1781404961\n|move|p2a: Virizion|Stone Edge|p1a: Seviper\n|-damage|p1a: Seviper|99/287\n|-damage|p2a: Virizion|57/283|[from] item: Life Orb\n|move|p1a: Seviper|Trailblaze|p2a: Virizion\n|-resisted|p2a: Virizion\n|-damage|p2a: Virizion|0 fnt\n|-boost|p1a: Seviper|spe|1\n|faint|p2a: Virizion\n|\n|-heal|p1a: Seviper|116/287|[from] item: Leftovers\n|upkeep\n|\n|t:|1781404976\n|switch|p2a: Palossand|Palossand, L89, M|296/296\n|turn|9\n|\n|t:|1781404981\n|move|p1a: Seviper|Trailblaze|p2a: Palossand\n|-supereffective|p2a: Palossand\n|-damage|p2a: Palossand|150/296\n|-boost|p1a: Seviper|spe|1\n|move|p2a: Palossand|Shadow Ball|p1a: Seviper\n|-damage|p1a: Seviper|0 fnt\n|faint|p1a: Seviper\n|\n|upkeep\n|\n|t:|1781404986\n|switch|p1a: Zangoose|Zangoose, L85, M|263/263\n|turn|10\n|\n|t:|1781405009\n|switch|p2a: Walking Wake|Walking Wake, L79|286/286\n|move|p1a: Zangoose|Swords Dance|p1a: Zangoose\n|-boost|p1a: Zangoose|atk|2\n|\n|-status|p1a: Zangoose|tox|[from] item: Toxic Orb\n|upkeep\n|turn|11\n|\n|t:|1781405047\n|move|p2a: Walking Wake|Draco Meteor|p1a: Zangoose\n|-damage|p1a: Zangoose|2/263 tox\n|-unboost|p2a: Walking Wake|spa|2\n|-damage|p2a: Walking Wake|258/286|[from] item: Life Orb\n|move|p1a: Zangoose|Facade|p2a: Walking Wake\n|-damage|p2a: Walking Wake|0 fnt\n|faint|p2a: Walking Wake\n|-end|p2a: Walking Wake|Protosynthesis|[silent]\n|\n|-damage|p1a: Zangoose|0 fnt|[from] psn\n|faint|p1a: Zangoose\n|upkeep\n|\n|t:|1781405060\n|switch|p2a: Noivern|Noivern, L82, M|274/274\n|switch|p1a: Oranguru|Oranguru, L92, M|131/315\n|turn|12\n|\n|t:|1781405071\n|move|p2a: Noivern|Draco Meteor|p1a: Oranguru\n|-damage|p1a: Oranguru|28/315\n|-unboost|p2a: Noivern|spa|2\n|move|p1a: Oranguru|Psyshock|p2a: Noivern\n|-damage|p2a: Noivern|168/274\n|\n|-heal|p1a: Oranguru|47/315|[from] item: Leftovers\n|upkeep\n|turn|13\n|\n|t:|1781405086\n|move|p2a: Noivern|Draco Meteor|p1a: Oranguru\n|-damage|p1a: Oranguru|0 fnt\n|-unboost|p2a: Noivern|spa|2\n|faint|p1a: Oranguru\n|\n|upkeep\n|\n|t:|1781405089\n|switch|p1a: Sandslash|Sandslash-Alola, L88, F|275/275\n|turn|14\n|\n|t:|1781405102\n|move|p2a: Noivern|Flamethrower|p1a: Sandslash\n|-supereffective|p1a: Sandslash\n|-damage|p1a: Sandslash|179/275\n|move|p1a: Sandslash|Swords Dance|p1a: Sandslash\n|-boost|p1a: Sandslash|atk|2\n|\n|upkeep\n|turn|15\n|\n|t:|1781405111\n|switch|p2a: Palossand|Palossand, L89, M|150/296\n|move|p1a: Sandslash|Ice Shard|p2a: Palossand\n|-supereffective|p2a: Palossand\n|-damage|p2a: Palossand|0 fnt\n|faint|p2a: Palossand\n|-damage|p1a: Sandslash|152/275|[from] item: Life Orb\n|\n|upkeep\n|inactive|Battle timer is ON: inactive players will automatically lose when time's up. (requested by Arsenal0394)\n|\n|t:|1781405146\n|switch|p2a: Noivern|Noivern, L82, M|168/274\n|turn|16\n|\n|t:|1781405153\n|-terastallize|p2a: Noivern|Fire\n|move|p1a: Sandslash|Ice Shard|p2a: Noivern\n|-resisted|p2a: Noivern\n|-damage|p2a: Noivern|99/274\n|-damage|p1a: Sandslash|125/275|[from] item: Life Orb\n|move|p2a: Noivern|Flamethrower|p1a: Sandslash\n|-supereffective|p1a: Sandslash\n|-damage|p1a: Sandslash|0 fnt\n|faint|p1a: Sandslash\n|\n|upkeep\n|\n|t:|1781405159\n|switch|p1a: Regieleki|Regieleki, L79|256/256\n|turn|17\n|\n|t:|1781405163\n|move|p1a: Regieleki|Thunderbolt|p2a: Noivern\n|-damage|p2a: Noivern|0 fnt\n|faint|p2a: Noivern\n|\n|upkeep\n|\n|t:|1781405173\n|switch|p2a: Chimecho|Chimecho, L93, M|290/290\n|turn|18\n|\n|t:|1781405184\n|-terastallize|p1a: Regieleki|Electric\n|move|p1a: Regieleki|Thunderbolt|p2a: Chimecho\n|-damage|p2a: Chimecho|120/290\n|move|p2a: Chimecho|Dazzling Gleam|p1a: Regieleki\n|-damage|p1a: Regieleki|149/256\n|\n|-heal|p2a: Chimecho|138/290|[from] item: Leftovers\n|upkeep\n|turn|19\n|\n|t:|1781405197\n|move|p1a: Regieleki|Thunderbolt|p2a: Chimecho\n|-damage|p2a: Chimecho|0 fnt\n|faint|p2a: Chimecho\n|\n|upkeep\n|\n|t:|1781405198\n|switch|p2a: Ceruledge|Ceruledge, L78, F|245/245\n|turn|20\n|\n|t:|1781405203\n|move|p1a: Regieleki|Thunderbolt|p2a: Ceruledge\n|-crit|p2a: Ceruledge\n|-damage|p2a: Ceruledge|5/245\n|-status|p2a: Ceruledge|par\n|move|p2a: Ceruledge|Bitter Blade|p1a: Regieleki\n|-damage|p1a: Regieleki|0 fnt\n|-heal|p2a: Ceruledge|80/245 par|[from] drain|[of] p1a: Regieleki\n|faint|p1a: Regieleki\n|\n|win|Arkaes\n", "inputlog": ">version a8376a258c1d4662feba110a92103f3664a72141\n>start {\"formatid\":\"gen9randombattle\",\"seed\":\"sodium,1fa38d2f58126c89efed8ec552742e9a\",\"rated\":\"Rated battle\"}\n>player p1 {\"name\":\"Arsenal0394\",\"avatar\":\"2\",\"rating\":2021,\"seed\":\"sodium,627a80b7789fd7c60962d618f6d25e39\"}\n>player p2 {\"name\":\"Arkaes\",\"avatar\":\"hayley\",\"rating\":2008,\"seed\":\"sodium,b22db18fb87fe729b8cd190d4c06cd0a\"}\n>p1 move thunderbolt\n>p2 switch 5\n>p1 switch 4\n>p2 move earthpower\n>p1 move trick\n>p2 move earthpower\n>p1 switch 6\n>p2 move earthpower\n>p1 move swordsdance\n>p2 switch 2\n>p1 move leafblade\n>p2 move closecombat\n>p1 switch 2\n>p1 move swordsdance\n>p2 move stoneedge\n>p1 move trailblaze\n>p2 move stoneedge\n>p2 switch 2\n>p1 move trailblaze\n>p2 move shadowball\n>p1 switch 5\n>p1 move swordsdance\n>p2 switch 3\n>p1 move facade\n>p2 move dracometeor\n>p1 switch 6\n>p2 switch 5\n>p1 move psyshock\n>p2 move dracometeor\n>p1 move psyshock\n>p2 move dracometeor\n>p1 switch 3\n>p1 move swordsdance\n>p2 move flamethrower\n>p1 move iceshard\n>p2 switch 3\n>p2 switch 3\n>p1 move iceshard\n>p2 move flamethrower terastallize\n>p1 switch 4\n>p1 move thunderbolt\n>p2 move flamethrower\n>p2 switch 6\n>p1 move thunderbolt terastallize\n>p2 move dazzlinggleam\n>p1 move thunderbolt\n>p2 move dazzlinggleam\n>p2 switch 4\n>p1 move thunderbolt\n>p2 move bitterblade", "uploadtime": 1781404813, "views": 8, "formatid": "gen9randombattle", "rating": null, "private": 0, "password": null}