{"id": "gen9randombattle-2631975615", "format": "[Gen 9] Random Battle", "players": ["bassty", "TaleThatWasntRight"], "log": "|j|\u2606bassty\n|j|\u2606TaleThatWasntRight\n|t:|1781461803\n|gametype|singles\n|player|p1|bassty|harlequin|1265\n|player|p2|TaleThatWasntRight|battlegirl-gen4|1213\n|gen|9\n|tier|[Gen 9] Random Battle\n|rated|\n|rule|Species Clause: Limit one of each Pok\u00e9mon\n|rule|HP Percentage Mod: HP is shown in percentages\n|rule|Sleep Clause Mod: Limit one foe put to sleep\n|rule|Illusion Level Mod: Illusion disguises the Pok\u00e9mon's true level\n|\n|t:|1781461803\n|teamsize|p1|6\n|teamsize|p2|6\n|start\n|switch|p1a: Bellibolt|Bellibolt, L84, F|320/320\n|switch|p2a: Roaring Moon|Roaring Moon, L72|270/270\n|turn|1\n|inactive|Battle timer is ON: inactive players will automatically lose when time's up. (requested by TaleThatWasntRight)\n|\n|t:|1781461817\n|-end|p2a: Roaring Moon|Protosynthesis|[silent]\n|switch|p2a: Hatterene|Hatterene, L85, F|236/236\n|move|p1a: Bellibolt|Toxic|p2a: Hatterene\n|move|p2a: Hatterene|Toxic|p1a: Bellibolt|[from] ability: Magic Bounce\n|-status|p1a: Bellibolt|tox\n|\n|-damage|p1a: Bellibolt|300/320 tox|[from] psn\n|upkeep\n|turn|2\n|\n|t:|1781461834\n|move|p1a: Bellibolt|Thunderbolt|p2a: Hatterene\n|-damage|p2a: Hatterene|152/236\n|move|p2a: Hatterene|Calm Mind|p2a: Hatterene\n|-boost|p2a: Hatterene|spa|1\n|-boost|p2a: Hatterene|spd|1\n|\n|-heal|p1a: Bellibolt|320/320 tox|[from] item: Leftovers\n|-heal|p2a: Hatterene|166/236|[from] item: Leftovers\n|-damage|p1a: Bellibolt|280/320 tox|[from] psn\n|upkeep\n|turn|3\n|\n|t:|1781461854\n|move|p1a: Bellibolt|Muddy Water|p2a: Hatterene\n|-damage|p2a: Hatterene|127/236\n|move|p2a: Hatterene|Draining Kiss|p1a: Bellibolt\n|-damage|p1a: Bellibolt|171/320 tox\n|-heal|p2a: Hatterene|209/236|[from] drain|[of] p1a: Bellibolt\n|-start|p1a: Bellibolt|Charge|Draining Kiss|[from] ability: Electromorphosis\n|\n|-heal|p1a: Bellibolt|191/320 tox|[from] item: Leftovers\n|-heal|p2a: Hatterene|223/236|[from] item: Leftovers\n|-damage|p1a: Bellibolt|131/320 tox|[from] psn\n|upkeep\n|turn|4\n|\n|t:|1781461866\n|move|p1a: Bellibolt|Slack Off|p1a: Bellibolt\n|-heal|p1a: Bellibolt|291/320 tox\n|move|p2a: Hatterene|Draining Kiss|p1a: Bellibolt\n|-damage|p1a: Bellibolt|185/320 tox\n|-heal|p2a: Hatterene|236/236|[from] drain|[of] p1a: Bellibolt\n|-start|p1a: Bellibolt|Charge|Draining Kiss|[from] ability: Electromorphosis\n|\n|-heal|p1a: Bellibolt|205/320 tox|[from] item: Leftovers\n|-damage|p1a: Bellibolt|125/320 tox|[from] psn\n|upkeep\n|turn|5\n|\n|t:|1781461880\n|move|p1a: Bellibolt|Thunderbolt|p2a: Hatterene\n|-damage|p2a: Hatterene|121/236\n|-end|p1a: Bellibolt|Charge|[silent]\n|move|p2a: Hatterene|Calm Mind|p2a: Hatterene\n|-boost|p2a: Hatterene|spa|1\n|-boost|p2a: Hatterene|spd|1\n|\n|-heal|p1a: Bellibolt|145/320 tox|[from] item: Leftovers\n|-heal|p2a: Hatterene|135/236|[from] item: Leftovers\n|-damage|p1a: Bellibolt|45/320 tox|[from] psn\n|upkeep\n|turn|6\n|\n|t:|1781461890\n|move|p1a: Bellibolt|Slack Off|p1a: Bellibolt\n|-heal|p1a: Bellibolt|205/320 tox\n|move|p2a: Hatterene|Draining Kiss|p1a: Bellibolt\n|-damage|p1a: Bellibolt|48/320 tox\n|-heal|p2a: Hatterene|236/236|[from] drain|[of] p1a: Bellibolt\n|-start|p1a: Bellibolt|Charge|Draining Kiss|[from] ability: Electromorphosis\n|\n|-heal|p1a: Bellibolt|68/320 tox|[from] item: Leftovers\n|-damage|p1a: Bellibolt|0 fnt|[from] psn\n|faint|p1a: Bellibolt\n|upkeep\n|\n|t:|1781461904\n|switch|p1a: Zekrom|Zekrom, L71|259/259\n|-ability|p1a: Zekrom|Teravolt\n|turn|7\n|\n|t:|1781461913\n|-terastallize|p1a: Zekrom|Fairy\n|move|p1a: Zekrom|Dragon Dance|p1a: Zekrom\n|-boost|p1a: Zekrom|atk|1\n|-boost|p1a: Zekrom|spe|1\n|move|p2a: Hatterene|Draining Kiss|p1a: Zekrom\n|-damage|p1a: Zekrom|115/259\n|\n|-heal|p1a: Zekrom|131/259|[from] item: Leftovers\n|upkeep\n|turn|8\n|\n|t:|1781461926\n|move|p1a: Zekrom|Bolt Strike|p2a: Hatterene\n|-damage|p2a: Hatterene|53/236\n|-status|p2a: Hatterene|par\n|move|p2a: Hatterene|Psyshock|p1a: Zekrom\n|-damage|p1a: Zekrom|0 fnt\n|faint|p1a: Zekrom\n|\n|-heal|p2a: Hatterene|67/236 par|[from] item: Leftovers\n|upkeep\n|\n|t:|1781461944\n|switch|p1a: Great Tusk|Great Tusk, L77|304/304\n|turn|9\n|\n|t:|1781461951\n|switch|p2a: Tauros|Tauros-Paldea-Combat, L82, M|257/257\n|-ability|p2a: Tauros|Intimidate|boost\n|-unboost|p1a: Great Tusk|atk|1\n|move|p1a: Great Tusk|Knock Off|p2a: Tauros\n|-resisted|p2a: Tauros\n|-damage|p2a: Tauros|235/257\n|-enditem|p2a: Tauros|Choice Band|[from] move: Knock Off|[of] p1a: Great Tusk\n|\n|upkeep\n|turn|10\n|\n|t:|1781461964\n|move|p2a: Tauros|Iron Head|p1a: Great Tusk\n|-damage|p1a: Great Tusk|260/304\n|move|p1a: Great Tusk|Headlong Rush|p2a: Tauros\n|-damage|p2a: Tauros|147/257\n|-unboost|p1a: Great Tusk|def|1\n|-unboost|p1a: Great Tusk|spd|1\n|\n|upkeep\n|turn|11\n|\n|t:|1781461974\n|-end|p1a: Great Tusk|Protosynthesis|[silent]\n|switch|p1a: Alcremie|Alcremie-Ruby-Swirl, L90, F|263/263\n|move|p2a: Tauros|Close Combat|p1a: Alcremie\n|-resisted|p1a: Alcremie\n|-damage|p1a: Alcremie|189/263\n|-unboost|p2a: Tauros|def|1\n|-unboost|p2a: Tauros|spd|1\n|\n|-heal|p1a: Alcremie|205/263|[from] item: Leftovers\n|upkeep\n|turn|12\n|\n|t:|1781461989\n|move|p2a: Tauros|Iron Head|p1a: Alcremie\n|-supereffective|p1a: Alcremie\n|-damage|p1a: Alcremie|73/263\n|move|p1a: Alcremie|Alluring Voice|p2a: Tauros\n|-supereffective|p2a: Tauros\n|-damage|p2a: Tauros|0 fnt\n|faint|p2a: Tauros\n|\n|-heal|p1a: Alcremie|89/263|[from] item: Leftovers\n|upkeep\n|\n|t:|1781461998\n|switch|p2a: Dugtrio|Dugtrio-Alola, L84, F|196/196\n|turn|13\n|\n|t:|1781462006\n|switch|p1a: Great Tusk|Great Tusk, L77|260/304\n|move|p2a: Dugtrio|Iron Head|p1a: Great Tusk\n|-damage|p1a: Great Tusk|166/304\n|-damage|p2a: Dugtrio|177/196|[from] item: Life Orb\n|\n|upkeep\n|turn|14\n|\n|t:|1781462017\n|switch|p2a: Vaporeon|Vaporeon, L86, M|364/364\n|move|p1a: Great Tusk|Headlong Rush|p2a: Vaporeon\n|-crit|p2a: Vaporeon\n|-damage|p2a: Vaporeon|121/364\n|-unboost|p1a: Great Tusk|def|1\n|-unboost|p1a: Great Tusk|spd|1\n|\n|-heal|p2a: Vaporeon|143/364|[from] item: Leftovers\n|upkeep\n|turn|15\n|\n|t:|1781462039\n|-end|p1a: Great Tusk|Protosynthesis|[silent]\n|switch|p1a: Delibird|Delibird, M|252/252\n|move|p2a: Vaporeon|Scald|p1a: Delibird\n|-damage|p1a: Delibird|125/252\n|\n|-heal|p2a: Vaporeon|165/364|[from] item: Leftovers\n|upkeep\n|turn|16\n|\n|t:|1781462054\n|move|p2a: Vaporeon|Protect|p2a: Vaporeon\n|-singleturn|p2a: Vaporeon|Protect\n|move|p1a: Delibird|Brave Bird|p2a: Vaporeon\n|-activate|p2a: Vaporeon|move: Protect\n|\n|-heal|p2a: Vaporeon|187/364|[from] item: Leftovers\n|upkeep\n|turn|17\n|\n|t:|1781462064\n|switch|p2a: Dugtrio|Dugtrio-Alola, L84, F|177/196\n|move|p1a: Delibird|Brave Bird|p2a: Dugtrio|[miss]\n|-miss|p1a: Delibird|p2a: Dugtrio\n|\n|upkeep\n|turn|18\n|\n|t:|1781462078\n|move|p2a: Dugtrio|Iron Head|p1a: Delibird\n|-supereffective|p1a: Delibird\n|-damage|p1a: Delibird|0 fnt\n|faint|p1a: Delibird\n|-damage|p2a: Dugtrio|158/196|[from] item: Life Orb\n|\n|upkeep\n|\n|t:|1781462084\n|switch|p1a: Great Tusk|Great Tusk, L77|166/304\n|turn|19\n|\n|t:|1781462093\n|switch|p2a: Roaring Moon|Roaring Moon, L72|270/270\n|move|p1a: Great Tusk|Headlong Rush|p2a: Roaring Moon\n|-damage|p2a: Roaring Moon|87/270\n|-unboost|p1a: Great Tusk|def|1\n|-unboost|p1a: Great Tusk|spd|1\n|\n|upkeep\n|turn|20\n|\n|t:|1781462104\n|move|p2a: Roaring Moon|Knock Off|p1a: Great Tusk\n|-resisted|p1a: Great Tusk\n|-damage|p1a: Great Tusk|101/304\n|-enditem|p1a: Great Tusk|Assault Vest|[from] move: Knock Off|[of] p2a: Roaring Moon\n|move|p1a: Great Tusk|Close Combat|p2a: Roaring Moon\n|-supereffective|p2a: Roaring Moon\n|-damage|p2a: Roaring Moon|0 fnt\n|-unboost|p1a: Great Tusk|def|1\n|-unboost|p1a: Great Tusk|spd|1\n|faint|p2a: Roaring Moon\n|-end|p2a: Roaring Moon|Protosynthesis|[silent]\n|\n|upkeep\n|\n|t:|1781462111\n|switch|p2a: Dugtrio|Dugtrio-Alola, L84, F|158/196\n|turn|21\n|\n|t:|1781462118\n|move|p2a: Dugtrio|Iron Head|p1a: Great Tusk\n|-damage|p1a: Great Tusk|0 fnt\n|faint|p1a: Great Tusk\n|-end|p1a: Great Tusk|Protosynthesis|[silent]\n|-damage|p2a: Dugtrio|139/196|[from] item: Life Orb\n|\n|upkeep\n|\n|t:|1781462125\n|switch|p1a: Meloetta|Meloetta, L82|298/298\n|turn|22\n|\n|t:|1781462134\n|switch|p2a: Gallade|Gallade, L80, M|240/240\n|move|p1a: Meloetta|Focus Blast|p2a: Gallade\n|-resisted|p2a: Gallade\n|-damage|p2a: Gallade|198/240\n|\n|upkeep\n|turn|23\n|\n|t:|1781462145\n|move|p1a: Meloetta|Calm Mind|p1a: Meloetta\n|-boost|p1a: Meloetta|spa|1\n|-boost|p1a: Meloetta|spd|1\n|move|p2a: Gallade|Agility|p2a: Gallade\n|-boost|p2a: Gallade|spe|2\n|\n|upkeep\n|turn|24\n|\n|t:|1781462155\n|move|p2a: Gallade|Night Slash|p1a: Meloetta\n|-supereffective|p1a: Meloetta\n|-damage|p1a: Meloetta|59/298\n|-damage|p2a: Gallade|174/240|[from] item: Life Orb\n|move|p1a: Meloetta|Hyper Voice|p2a: Gallade\n|-damage|p2a: Gallade|23/240\n|\n|-heal|p1a: Meloetta|77/298|[from] item: Leftovers\n|upkeep\n|turn|25\n|\n|t:|1781462168\n|switch|p1a: Alcremie|Alcremie-Ruby-Swirl, L90, F|89/263\n|move|p2a: Gallade|Night Slash|p1a: Alcremie\n|-resisted|p1a: Alcremie\n|-damage|p1a: Alcremie|34/263\n|-damage|p2a: Gallade|0 fnt|[from] item: Life Orb\n|faint|p2a: Gallade\n|\n|-heal|p1a: Alcremie|50/263|[from] item: Leftovers\n|upkeep\n|\n|t:|1781462171\n|switch|p2a: Dugtrio|Dugtrio-Alola, L84, F|139/196\n|turn|26\n|\n|t:|1781462188\n|switch|p1a: Meloetta|Meloetta, L82|77/298\n|move|p2a: Dugtrio|Iron Head|p1a: Meloetta\n|-damage|p1a: Meloetta|0 fnt\n|faint|p1a: Meloetta\n|-damage|p2a: Dugtrio|120/196|[from] item: Life Orb\n|\n|upkeep\n|c|\u2606TaleThatWasntRight|mudada\n|-message|bassty forfeited.\n|\n|win|TaleThatWasntRight\n|raw|bassty's rating: 1265 &rarr; <strong>1236</strong><br />(-29 for losing)\n|raw|TaleThatWasntRight's rating: 1213 &rarr; <strong>1242</strong><br />(+29 for winning)\n|l|\u2606bassty\n|player|p1|\n", "inputlog": ">version a8376a258c1d4662feba110a92103f3664a72141\n>start {\"formatid\":\"gen9randombattle\",\"seed\":\"sodium,f1ccc5d3dd17ad38e22fd31de51d18e7\",\"rated\":\"Rated battle\"}\n>player p1 {\"name\":\"bassty\",\"avatar\":\"harlequin\",\"rating\":1265,\"seed\":\"sodium,8529dde842c7c321fe6ff974452f8c98\"}\n>player p2 {\"name\":\"TaleThatWasntRight\",\"avatar\":\"battlegirl-gen4\",\"rating\":1213,\"seed\":\"sodium,192dbac3e22f0667ff8055ac606bd0b1\"}\n>p1 move toxic\n>p2 switch 2\n>p1 move thunderbolt\n>p2 move calmmind\n>p1 move muddywater\n>p2 move drainingkiss\n>p1 move slackoff\n>p2 move drainingkiss\n>p1 move thunderbolt\n>p2 move calmmind\n>p1 move slackoff\n>p2 move drainingkiss\n>p1 switch 5\n>p1 move dragondance terastallize\n>p2 move drainingkiss\n>p1 move boltstrike\n>p2 move psyshock\n>p1 switch 6\n>p1 move knockoff\n>p2 switch 6\n>p1 move headlongrush\n>p2 move ironhead\n>p1 switch 4\n>p2 move closecombat\n>p1 move alluringvoice\n>p2 move ironhead\n>p2 switch 3\n>p1 switch 4\n>p2 move ironhead\n>p1 move headlongrush\n>p2 switch 5\n>p1 switch 2\n>p2 move scald\n>p1 move bravebird\n>p2 move protect\n>p1 move bravebird\n>p2 switch 5\n>p1 move drillrun\n>p2 move ironhead\n>p1 switch 2\n>p1 move headlongrush\n>p2 switch 2\n>p1 move closecombat\n>p2 move knockoff\n>p2 switch 2\n>p1 move closecombat\n>p2 move ironhead\n>p1 switch 3\n>p1 move focusblast\n>p2 switch 4\n>p1 move calmmind\n>p2 move agility\n>p1 move hypervoice\n>p2 move nightslash\n>p1 switch 4\n>p2 move nightslash\n>p2 switch 4\n>p1 switch 4\n>p2 move ironhead\n>chat \u2606TaleThatWasntRight|mudada\n>forcelose p1", "uploadtime": 1781462198, "views": 4, "formatid": "gen9randombattle", "rating": 1236, "private": 0, "password": null}