{"id": "gen9randombattle-2632021335", "format": "[Gen 9] Random Battle", "players": ["pokeblade\u2606101", "Chakraisgae"], "log": "|badge|p1|bronze|gen9randombattle|100-9\n|uhtml|medal-msg|<div class=\"broadcast-blue\">Curious what those medals under the avatar are? PS now has Ladder Seasons! For more information, check out the <a href=\"https://www.smogon.com/forums/threads/3740067/\">thread on Smogon.</a></div>\n|j|\u2606pokeblade\u2606101\n|j|\u2606Chakraisgae\n|t:|1781466828\n|gametype|singles\n|player|p1|pokeblade\u2606101|yellow|2352\n|player|p2|Chakraisgae|2|2193\n|gen|9\n|tier|[Gen 9] Random Battle\n|rated|\n|rule|Species Clause: Limit one of each Pok\u00e9mon\n|rule|HP Percentage Mod: HP is shown in percentages\n|rule|Sleep Clause Mod: Limit one foe put to sleep\n|rule|Illusion Level Mod: Illusion disguises the Pok\u00e9mon's true level\n|\n|t:|1781466828\n|teamsize|p1|6\n|teamsize|p2|6\n|start\n|switch|p1a: Duraludon|Duraludon, L82, F|249/249\n|switch|p2a: Clodsire|Clodsire, L81, F|343/343\n|turn|1\n|\n|t:|1781466857\n|switch|p1a: Gastrodon|Gastrodon-East, L86, M|331/331\n|move|p2a: Clodsire|Toxic|p1a: Gastrodon\n|-status|p1a: Gastrodon|tox\n|\n|-damage|p1a: Gastrodon|311/331 tox|[from] psn\n|upkeep\n|turn|2\n|\n|t:|1781466868\n|switch|p2a: Grafaiai|Grafaiai, L86, F|249/249\n|move|p1a: Gastrodon|Surf|p2a: Grafaiai\n|-damage|p2a: Grafaiai|173/249\n|\n|-heal|p1a: Gastrodon|331/331 tox|[from] item: Leftovers\n|-damage|p1a: Gastrodon|291/331 tox|[from] psn\n|upkeep\n|turn|3\n|\n|t:|1781466874\n|move|p2a: Grafaiai|U-turn|p1a: Gastrodon\n|-damage|p1a: Gastrodon|231/331 tox\n|\n|t:|1781466879\n|switch|p2a: Illumise|Illumise, L91, F|266/266|[from] U-turn\n|move|p1a: Gastrodon|Earthquake|p2a: Illumise\n|-resisted|p2a: Illumise\n|-damage|p2a: Illumise|214/266\n|\n|-heal|p1a: Gastrodon|251/331 tox|[from] item: Leftovers\n|-damage|p1a: Gastrodon|191/331 tox|[from] psn\n|upkeep\n|turn|4\n|inactive|Battle timer is ON: inactive players will automatically lose when time's up. (requested by Chakraisgae)\n|\n|t:|1781466898\n|switch|p1a: Duraludon|Duraludon, L82, F|249/249\n|move|p2a: Illumise|Bug Buzz|p1a: Duraludon\n|-resisted|p1a: Duraludon\n|-damage|p1a: Duraludon|206/249\n|\n|upkeep\n|turn|5\n|\n|t:|1781466906\n|switch|p2a: Clodsire|Clodsire, L81, F|343/343\n|move|p1a: Duraludon|Flash Cannon|p2a: Clodsire\n|-damage|p2a: Clodsire|255/343\n|\n|-heal|p2a: Clodsire|276/343|[from] item: Leftovers\n|upkeep\n|turn|6\n|\n|t:|1781466912\n|move|p1a: Duraludon|Draco Meteor|p2a: Clodsire\n|-damage|p2a: Clodsire|135/343\n|-unboost|p1a: Duraludon|spa|2\n|move|p2a: Clodsire|Recover|p2a: Clodsire\n|-heal|p2a: Clodsire|307/343\n|\n|-heal|p2a: Clodsire|328/343|[from] item: Leftovers\n|upkeep\n|turn|7\n|\n|t:|1781466921\n|switch|p1a: Gastrodon|Gastrodon-East, L86, M|191/331 tox\n|move|p2a: Clodsire|Toxic|p1a: Gastrodon\n|-fail|p1a: Gastrodon|tox\n|\n|-heal|p1a: Gastrodon|211/331 tox|[from] item: Leftovers\n|-heal|p2a: Clodsire|343/343|[from] item: Leftovers\n|-damage|p1a: Gastrodon|191/331 tox|[from] psn\n|upkeep\n|turn|8\n|\n|t:|1781466931\n|switch|p1a: Duraludon|Duraludon, L82, F|206/249\n|move|p2a: Clodsire|Earthquake|p1a: Duraludon\n|-supereffective|p1a: Duraludon\n|-damage|p1a: Duraludon|120/249\n|\n|upkeep\n|turn|9\n|\n|t:|1781466935\n|move|p2a: Clodsire|Earthquake|p1a: Duraludon\n|-supereffective|p1a: Duraludon\n|-damage|p1a: Duraludon|34/249\n|move|p1a: Duraludon|Dragon Tail|p2a: Clodsire\n|-damage|p2a: Clodsire|265/343\n|drag|p2a: Dragapult|Dragapult, L77, F|262/262\n|\n|upkeep\n|turn|10\n|\n|t:|1781466942\n|switch|p1a: Empoleon|Empoleon, L84, F|278/278\n|move|p2a: Dragapult|Shadow Ball|p1a: Empoleon\n|-damage|p1a: Empoleon|179/278\n|\n|-heal|p1a: Empoleon|196/278|[from] item: Leftovers\n|upkeep\n|turn|11\n|\n|t:|1781466951\n|switch|p2a: Illumise|Illumise, L91, F|214/266\n|move|p1a: Empoleon|Knock Off|p2a: Illumise\n|-damage|p2a: Illumise|148/266\n|-enditem|p2a: Illumise|Heavy-Duty Boots|[from] move: Knock Off|[of] p1a: Empoleon\n|\n|-heal|p1a: Empoleon|213/278|[from] item: Leftovers\n|upkeep\n|turn|12\n|\n|t:|1781466957\n|move|p2a: Illumise|Thunder Wave|p1a: Empoleon\n|-status|p1a: Empoleon|par\n|move|p1a: Empoleon|Surf|p2a: Illumise\n|-damage|p2a: Illumise|42/266\n|\n|-heal|p1a: Empoleon|230/278 par|[from] item: Leftovers\n|upkeep\n|turn|13\n|\n|t:|1781466962\n|move|p2a: Illumise|Encore|p1a: Empoleon\n|-start|p1a: Empoleon|Encore\n|cant|p1a: Empoleon|par\n|\n|-heal|p1a: Empoleon|247/278 par|[from] item: Leftovers\n|upkeep\n|turn|14\n|\n|t:|1781466965\n|move|p2a: Illumise|Bug Buzz|p1a: Empoleon\n|-resisted|p1a: Empoleon\n|-damage|p1a: Empoleon|204/278 par\n|move|p1a: Empoleon|Surf|p2a: Illumise\n|-damage|p2a: Illumise|0 fnt\n|faint|p2a: Illumise\n|\n|-heal|p1a: Empoleon|221/278 par|[from] item: Leftovers\n|upkeep\n|\n|t:|1781466967\n|switch|p2a: Feraligatr|Feraligatr, L79, M|264/264\n|turn|15\n|\n|t:|1781466977\n|switch|p1a: Gastrodon|Gastrodon-East, L86, M|191/331 tox\n|move|p2a: Feraligatr|Dragon Dance|p2a: Feraligatr\n|-boost|p2a: Feraligatr|atk|1\n|-boost|p2a: Feraligatr|spe|1\n|\n|-heal|p1a: Gastrodon|211/331 tox|[from] item: Leftovers\n|-damage|p1a: Gastrodon|191/331 tox|[from] psn\n|upkeep\n|turn|16\n|\n|t:|1781466984\n|move|p2a: Feraligatr|Trailblaze|p1a: Gastrodon\n|-supereffective|p1a: Gastrodon\n|-damage|p1a: Gastrodon|0 fnt\n|faint|p1a: Gastrodon\n|\n|upkeep\n|\n|t:|1781466989\n|switch|p1a: Empoleon|Empoleon, L84, F|221/278 par\n|turn|17\n|\n|t:|1781466997\n|move|p2a: Feraligatr|Liquidation|p1a: Empoleon\n|-resisted|p1a: Empoleon\n|-damage|p1a: Empoleon|120/278 par\n|move|p1a: Empoleon|Knock Off|p2a: Feraligatr\n|-damage|p2a: Feraligatr|208/264\n|-enditem|p2a: Feraligatr|Life Orb|[from] move: Knock Off|[of] p1a: Empoleon\n|\n|-heal|p1a: Empoleon|137/278 par|[from] item: Leftovers\n|upkeep\n|turn|18\n|\n|t:|1781467019\n|switch|p1a: Carbink|Carbink, L90|236/236\n|move|p2a: Feraligatr|Dragon Dance|p2a: Feraligatr\n|-boost|p2a: Feraligatr|atk|1\n|-boost|p2a: Feraligatr|spe|1\n|\n|upkeep\n|turn|19\n|\n|t:|1781467022\n|-terastallize|p1a: Carbink|Fighting\n|move|p2a: Feraligatr|Liquidation|p1a: Carbink\n|-damage|p1a: Carbink|89/236\n|move|p1a: Carbink|Iron Defense|p1a: Carbink\n|-boost|p1a: Carbink|def|2\n|\n|upkeep\n|turn|20\n|\n|t:|1781467035\n|move|p2a: Feraligatr|Liquidation|p1a: Carbink\n|-damage|p1a: Carbink|22/236\n|move|p1a: Carbink|Rest|p1a: Carbink\n|-status|p1a: Carbink|slp|[from] move: Rest\n|-heal|p1a: Carbink|236/236 slp|[silent]\n|-enditem|p1a: Carbink|Chesto Berry|[eat]\n|-curestatus|p1a: Carbink|slp|[msg]\n|\n|upkeep\n|turn|21\n|\n|t:|1781467043\n|switch|p2a: Misdreavus|Misdreavus, L90, M|254/254\n|move|p1a: Carbink|Body Press|p2a: Misdreavus\n|-immune|p2a: Misdreavus\n|\n|upkeep\n|turn|22\n|\n|t:|1781467050\n|move|p2a: Misdreavus|Calm Mind|p2a: Misdreavus\n|-boost|p2a: Misdreavus|spa|1\n|-boost|p2a: Misdreavus|spd|1\n|move|p1a: Carbink|Moonblast|p2a: Misdreavus\n|-damage|p2a: Misdreavus|221/254\n|\n|upkeep\n|turn|23\n|-message|pokeblade\u2606101 forfeited.\n|\n|win|Chakraisgae\n", "inputlog": ">version a8376a258c1d4662feba110a92103f3664a72141\n>start {\"formatid\":\"gen9randombattle\",\"seed\":\"sodium,ea59e8de042c09e0eeb324fbb910d8a9\",\"rated\":\"Rated battle\"}\n>player p1 {\"name\":\"pokeblade\u2606101\",\"avatar\":\"yellow\",\"rating\":2352,\"seed\":\"sodium,3d3e260fcc96c09786eafe46d1129bca\"}\n>player p2 {\"name\":\"Chakraisgae\",\"avatar\":\"2\",\"rating\":2193,\"seed\":\"sodium,1272c166f08df64e8ce351702e146979\"}\n>p1 switch 3\n>p2 move toxic\n>p1 move surf\n>p2 switch 4\n>p1 move earthquake\n>p2 move uturn\n>p2 switch 6\n>p1 switch 3\n>p2 move bugbuzz\n>p1 move flashcannon\n>p2 switch 4\n>p1 move dracometeor\n>p2 move recover\n>p1 switch 3\n>p2 move toxic\n>p1 switch 3\n>p2 move earthquake\n>p1 move dragontail\n>p2 move earthquake\n>p1 switch 6\n>p2 move shadowball\n>p1 move knockoff\n>p2 switch 4\n>p1 move surf\n>p2 move thunderwave\n>p1 move surf\n>p2 move encore\n>p1 move surf\n>p2 move bugbuzz\n>p2 switch 2\n>p1 switch 3\n>p2 move dragondance\n>p1 move clearsmog\n>p2 move trailblaze\n>p1 switch 3\n>p1 move knockoff\n>p2 move liquidation\n>p1 switch 5\n>p2 move dragondance\n>p1 move irondefense terastallize\n>p2 move liquidation\n>p1 move rest\n>p2 move liquidation\n>p1 move bodypress\n>p2 switch 3\n>p1 move moonblast\n>p2 move calmmind\n>forcelose p1", "uploadtime": 1781466830, "views": 5, "formatid": "gen9randombattle", "rating": null, "private": 0, "password": null}