{"id": "gen9randombattle-2631386868", "format": "[Gen 9] Random Battle", "players": ["vogabal", "opik8"], "log": "|j|\u2606vogabal\n|j|\u2606opik8\n|t:|1781378587\n|gametype|singles\n|player|p1|vogabal|2|1994\n|player|p2|opik8|colress|1980\n|gen|9\n|tier|[Gen 9] Random Battle\n|rated|\n|rule|Species Clause: Limit one of each Pok\u00e9mon\n|rule|HP Percentage Mod: HP is shown in percentages\n|rule|Sleep Clause Mod: Limit one foe put to sleep\n|rule|Illusion Level Mod: Illusion disguises the Pok\u00e9mon's true level\n|\n|t:|1781378587\n|teamsize|p1|6\n|teamsize|p2|6\n|start\n|switch|p1a: Moltres|Moltres-Galar, L79|271/271\n|switch|p2a: Leafeon|Leafeon, L88, M|258/258\n|turn|1\n|\n|t:|1781378600\n|switch|p2a: Ambipom|Ambipom, L84, F|263/263\n|move|p1a: Moltres|Hurricane|p2a: Ambipom\n|-damage|p2a: Ambipom|128/263\n|\n|upkeep\n|turn|2\n|\n|t:|1781378609\n|switch|p1a: Rampardos|Rampardos, L90, F|321/321\n|move|p2a: Ambipom|Triple Axel|p1a: Rampardos\n|-damage|p1a: Rampardos|280/321\n|-damage|p1a: Rampardos|205/321\n|-damage|p1a: Rampardos|88/321\n|-hitcount|p1a: Rampardos|3\n|\n|upkeep\n|turn|3\n|inactive|Battle timer is ON: inactive players will automatically lose when time's up. (requested by opik8)\n|\n|t:|1781378616\n|switch|p2a: Leafeon|Leafeon, L88, M|258/258\n|switch|p1a: Delphox|Delphox, L84, F|263/263\n|\n|upkeep\n|turn|4\n|\n|t:|1781378621\n|switch|p2a: Clawitzer|Clawitzer, L87, F|265/265\n|move|p1a: Delphox|Fire Blast|p2a: Clawitzer\n|-resisted|p2a: Clawitzer\n|-damage|p2a: Clawitzer|205/265\n|-status|p2a: Clawitzer|brn\n|\n|-damage|p2a: Clawitzer|189/265 brn|[from] brn\n|upkeep\n|turn|5\n|\n|t:|1781378628\n|switch|p1a: Dipplin|Dipplin, L88, F|284/284\n|move|p2a: Clawitzer|Water Pulse|p1a: Dipplin\n|-resisted|p1a: Dipplin\n|-damage|p1a: Dipplin|254/284\n|\n|-damage|p2a: Clawitzer|173/265 brn|[from] brn\n|upkeep\n|turn|6\n|\n|t:|1781378637\n|switch|p2a: Leafeon|Leafeon, L88, M|258/258\n|move|p1a: Dipplin|Dragon Tail|p2a: Leafeon\n|-damage|p2a: Leafeon|213/258\n|drag|p2a: Clawitzer|Clawitzer, L87, F|173/265 brn\n|\n|-damage|p2a: Clawitzer|157/265 brn|[from] brn\n|upkeep\n|turn|7\n|\n|t:|1781378640\n|move|p2a: Clawitzer|Ice Beam|p1a: Dipplin\n|-supereffective|p1a: Dipplin\n|-damage|p1a: Dipplin|0 fnt\n|faint|p1a: Dipplin\n|\n|-damage|p2a: Clawitzer|141/265 brn|[from] brn\n|upkeep\n|\n|t:|1781378646\n|switch|p1a: Rampardos|Rampardos, L90, F|88/321\n|turn|8\n|\n|t:|1781378648\n|move|p1a: Rampardos|Rock Slide|p2a: Clawitzer|[miss]\n|-miss|p1a: Rampardos|p2a: Clawitzer\n|move|p2a: Clawitzer|Ice Beam|p1a: Rampardos\n|-damage|p1a: Rampardos|0 fnt\n|faint|p1a: Rampardos\n|\n|-damage|p2a: Clawitzer|125/265 brn|[from] brn\n|upkeep\n|\n|t:|1781378658\n|switch|p1a: Delphox|Delphox, L84, F|263/263\n|turn|9\n|\n|t:|1781378667\n|switch|p2a: Volbeat|Volbeat, L90, M|263/263\n|move|p1a: Delphox|Psyshock|p2a: Volbeat\n|-damage|p2a: Volbeat|160/263\n|\n|upkeep\n|turn|10\n|\n|t:|1781378674\n|switch|p1a: Moltres|Moltres-Galar, L79|271/271\n|move|p2a: Volbeat|Thunder Wave|p1a: Moltres\n|-hint|Since gen 7, Dark is immune to Prankster moves.\n|-immune|p1a: Moltres\n|\n|upkeep\n|turn|11\n|\n|t:|1781378680\n|switch|p2a: Leafeon|Leafeon, L88, M|213/258\n|move|p1a: Moltres|Agility|p1a: Moltres\n|-boost|p1a: Moltres|spe|2\n|\n|-heal|p2a: Leafeon|229/258|[from] item: Leftovers\n|upkeep\n|turn|12\n|\n|t:|1781378686\n|move|p1a: Moltres|Nasty Plot|p1a: Moltres\n|-boost|p1a: Moltres|spa|2\n|move|p2a: Leafeon|Double-Edge|p1a: Moltres\n|-damage|p1a: Moltres|157/271\n|-damage|p2a: Leafeon|191/258|[from] Recoil\n|\n|-heal|p2a: Leafeon|207/258|[from] item: Leftovers\n|upkeep\n|turn|13\n|\n|t:|1781378690\n|move|p1a: Moltres|Hurricane|p2a: Leafeon\n|-supereffective|p2a: Leafeon\n|-damage|p2a: Leafeon|0 fnt\n|faint|p2a: Leafeon\n|\n|upkeep\n|\n|t:|1781378700\n|switch|p2a: Espathra|Espathra, L80, F|283/283\n|turn|14\n|\n|t:|1781378706\n|-terastallize|p2a: Espathra|Fairy\n|move|p1a: Moltres|Hurricane|p2a: Espathra\n|-damage|p2a: Espathra|0 fnt\n|faint|p2a: Espathra\n|\n|upkeep\n|-message|opik8 forfeited.\n|\n|win|vogabal\n|raw|vogabal's rating: 1994 &rarr; <strong>2013</strong><br />(+19 for winning)\n|raw|opik8's rating: 1980 &rarr; <strong>1961</strong><br />(-19 for losing)\n|l|\u2606opik8\n|player|p2|\n", "inputlog": ">version a8376a258c1d4662feba110a92103f3664a72141\n>start {\"formatid\":\"gen9randombattle\",\"seed\":\"sodium,091323409202caf16b098753ffd24149\",\"rated\":\"Rated battle\"}\n>player p1 {\"name\":\"vogabal\",\"avatar\":\"2\",\"rating\":1994,\"seed\":\"sodium,92981711e30855289e79813e2b33a360\"}\n>player p2 {\"name\":\"opik8\",\"avatar\":\"colress\",\"rating\":1980,\"seed\":\"sodium,cf1dde8e8097ee6cd4588e8b8992751f\"}\n>p1 move hurricane\n>p2 switch 4\n>p1 switch 4\n>p2 move tripleaxel\n>p1 switch 3\n>p2 switch 4\n>p1 move fireblast\n>p2 switch 6\n>p1 switch 2\n>p2 move waterpulse\n>p1 move dragontail\n>p2 switch 6\n>p1 move dragonpulse\n>p2 move icebeam\n>p1 switch 3\n>p1 move rockslide\n>p2 move icebeam\n>p1 switch 2\n>p1 move psyshock\n>p2 switch 3\n>p1 switch 4\n>p2 move thunderwave\n>p1 move agility\n>p2 switch 6\n>p1 move nastyplot\n>p2 move doubleedge\n>p1 move hurricane\n>p2 move doubleedge\n>p2 switch 5\n>p1 move hurricane\n>p2 move calmmind terastallize\n>forcelose p2", "uploadtime": 1781378590, "views": 9, "formatid": "gen9randombattle", "rating": 1961, "private": 0, "password": null}