{"id": "gen9randombattle-2631996373", "format": "[Gen 9] Random Battle", "players": ["alienwere", "bros1021"], "log": "|j|\u2606alienwere\n|j|\u2606bros1021\n|t:|1781464088\n|gametype|singles\n|player|p1|alienwere|1|1927\n|player|p2|bros1021|169|2015\n|gen|9\n|tier|[Gen 9] Random Battle\n|rated|\n|rule|Species Clause: Limit one of each Pok\u00e9mon\n|rule|HP Percentage Mod: HP is shown in percentages\n|rule|Sleep Clause Mod: Limit one foe put to sleep\n|rule|Illusion Level Mod: Illusion disguises the Pok\u00e9mon's true level\n|\n|t:|1781464088\n|teamsize|p1|6\n|teamsize|p2|6\n|start\n|switch|p1a: Armarouge|Armarouge, L80, M|267/267\n|switch|p2a: Rhydon|Rhydon, L85, M|317/317\n|turn|1\n|\n|t:|1781464094\n|switch|p2a: Tentacruel|Tentacruel, L84, M|272/272\n|move|p1a: Armarouge|Energy Ball|p2a: Tentacruel\n|-damage|p2a: Tentacruel|219/272\n|\n|upkeep\n|turn|2\n|\n|t:|1781464099\n|switch|p1a: Swampert|Swampert, L83, M|302/302\n|move|p2a: Tentacruel|Surf|p1a: Swampert\n|-damage|p1a: Swampert|217/302\n|\n|-heal|p1a: Swampert|235/302|[from] item: Leftovers\n|upkeep\n|turn|3\n|\n|t:|1781464103\n|move|p2a: Tentacruel|Flip Turn|p1a: Swampert\n|-damage|p1a: Swampert|184/302\n|\n|t:|1781464106\n|switch|p2a: Masquerain|Masquerain, L87, F|264/264|[from] Flip Turn\n|-ability|p2a: Masquerain|Intimidate|boost\n|-unboost|p1a: Swampert|atk|1\n|move|p1a: Swampert|Flip Turn|p2a: Masquerain\n|-damage|p2a: Masquerain|212/264\n|\n|t:|1781464121\n|switch|p1a: Chi-Yu|Chi-Yu, L77|211/211|[from] Flip Turn\n|-ability|p1a: Chi-Yu|Beads of Ruin\n|\n|upkeep\n|turn|4\n|\n|t:|1781464148\n|move|p1a: Chi-Yu|Overheat|p2a: Masquerain\n|-supereffective|p2a: Masquerain\n|-crit|p2a: Masquerain\n|-damage|p2a: Masquerain|0 fnt\n|-unboost|p1a: Chi-Yu|spa|2\n|faint|p2a: Masquerain\n|\n|upkeep\n|\n|t:|1781464152\n|switch|p2a: Palossand|Palossand, L89, F|296/296\n|turn|5\n|\n|t:|1781464162\n|switch|p1a: Swampert|Swampert, L83, M|184/302\n|move|p2a: Palossand|Stealth Rock|p1a: Swampert\n|-sidestart|p1: alienwere|move: Stealth Rock\n|\n|-heal|p1a: Swampert|202/302|[from] item: Leftovers\n|upkeep\n|turn|6\n|\n|t:|1781464176\n|move|p1a: Swampert|Knock Off|p2a: Palossand\n|-supereffective|p2a: Palossand\n|-damage|p2a: Palossand|166/296\n|-enditem|p2a: Palossand|Leftovers|[from] move: Knock Off|[of] p1a: Swampert\n|move|p2a: Palossand|Earth Power|p1a: Swampert\n|-damage|p1a: Swampert|97/302\n|\n|-heal|p1a: Swampert|115/302|[from] item: Leftovers\n|upkeep\n|turn|7\n|\n|t:|1781464183\n|move|p1a: Swampert|Earthquake|p2a: Palossand\n|-damage|p2a: Palossand|78/296\n|move|p2a: Palossand|Shore Up|p2a: Palossand\n|-heal|p2a: Palossand|226/296\n|\n|-heal|p1a: Swampert|133/302|[from] item: Leftovers\n|upkeep\n|turn|8\n|\n|t:|1781464186\n|move|p2a: Palossand|Shore Up|p2a: Palossand\n|-heal|p2a: Palossand|296/296\n|move|p1a: Swampert|Roar|p2a: Palossand\n|drag|p2a: Comfey|Comfey, L85, F|225/225\n|\n|-heal|p1a: Swampert|151/302|[from] item: Leftovers\n|upkeep\n|turn|9\n|\n|t:|1781464191\n|move|p2a: Comfey|Giga Drain|p1a: Swampert\n|-supereffective|p1a: Swampert\n|-damage|p1a: Swampert|0 fnt\n|faint|p1a: Swampert\n|\n|upkeep\n|\n|t:|1781464194\n|switch|p1a: Munkidori|Munkidori, L79, M|269/269\n|-damage|p1a: Munkidori|236/269|[from] Stealth Rock\n|turn|10\n|\n|t:|1781464198\n|switch|p2a: Palossand|Palossand, L89, F|296/296\n|move|p1a: Munkidori|Psychic Noise|p2a: Palossand\n|-damage|p2a: Palossand|197/296\n|-start|p2a: Palossand|move: Heal Block\n|-status|p2a: Palossand|tox|[from] ability: Toxic Chain|[of] p1a: Munkidori\n|\n|-damage|p2a: Palossand|179/296 tox|[from] psn\n|upkeep\n|turn|11\n|\n|t:|1781464203\n|move|p1a: Munkidori|U-turn|p2a: Palossand\n|-resisted|p2a: Palossand\n|-damage|p2a: Palossand|163/296 tox\n|\n|t:|1781464210\n|switch|p1a: Oinkologne|Oinkologne-F, L92, F|361/361|[from] U-turn\n|-damage|p1a: Oinkologne|316/361|[from] Stealth Rock\n|move|p2a: Palossand|Earth Power|p1a: Oinkologne\n|-crit|p1a: Oinkologne\n|-damage|p1a: Oinkologne|171/361\n|\n|-heal|p1a: Oinkologne|193/361|[from] item: Leftovers\n|-damage|p2a: Palossand|127/296 tox|[from] psn\n|-end|p2a: Palossand|move: Heal Block\n|upkeep\n|turn|12\n|\n|t:|1781464222\n|switch|p2a: Rhydon|Rhydon, L85, M|317/317\n|move|p1a: Oinkologne|Curse|p1a: Oinkologne\n|-unboost|p1a: Oinkologne|spe|1\n|-boost|p1a: Oinkologne|atk|1\n|-boost|p1a: Oinkologne|def|1\n|\n|-heal|p1a: Oinkologne|215/361|[from] item: Leftovers\n|upkeep\n|turn|13\n|\n|t:|1781464227\n|move|p2a: Rhydon|Swords Dance|p2a: Rhydon\n|-boost|p2a: Rhydon|atk|2\n|move|p1a: Oinkologne|Curse|p1a: Oinkologne\n|-unboost|p1a: Oinkologne|spe|1\n|-boost|p1a: Oinkologne|atk|1\n|-boost|p1a: Oinkologne|def|1\n|\n|-heal|p1a: Oinkologne|237/361|[from] item: Leftovers\n|upkeep\n|turn|14\n|\n|t:|1781464233\n|move|p2a: Rhydon|Earthquake|p1a: Oinkologne\n|-damage|p1a: Oinkologne|84/361\n|move|p1a: Oinkologne|Curse|p1a: Oinkologne\n|-unboost|p1a: Oinkologne|spe|1\n|-boost|p1a: Oinkologne|atk|1\n|-boost|p1a: Oinkologne|def|1\n|\n|-heal|p1a: Oinkologne|106/361|[from] item: Leftovers\n|upkeep\n|turn|15\n|\n|t:|1781464237\n|move|p2a: Rhydon|Earthquake|p1a: Oinkologne\n|-damage|p1a: Oinkologne|0 fnt\n|faint|p1a: Oinkologne\n|\n|upkeep\n|\n|t:|1781464242\n|switch|p1a: Munkidori|Munkidori, L79, M|236/269\n|-damage|p1a: Munkidori|203/269|[from] Stealth Rock\n|turn|16\n|\n|t:|1781464245\n|switch|p2a: Palossand|Palossand, L89, F|127/296 tox\n|move|p1a: Munkidori|Fake Out|p2a: Palossand\n|-immune|p2a: Palossand\n|\n|-damage|p2a: Palossand|109/296 tox|[from] psn\n|upkeep\n|turn|17\n|\n|t:|1781464247\n|move|p1a: Munkidori|Psychic Noise|p2a: Palossand\n|-damage|p2a: Palossand|21/296 tox\n|-start|p2a: Palossand|move: Heal Block\n|move|p2a: Palossand|Earth Power|p1a: Munkidori\n|-supereffective|p1a: Munkidori\n|-damage|p1a: Munkidori|39/269\n|\n|-damage|p2a: Palossand|0 fnt|[from] psn\n|faint|p2a: Palossand\n|upkeep\n|\n|t:|1781464252\n|switch|p2a: Tentacruel|Tentacruel, L84, M|219/272\n|turn|18\n|\n|t:|1781464256\n|move|p2a: Tentacruel|Surf|p1a: Munkidori\n|-damage|p1a: Munkidori|0 fnt\n|faint|p1a: Munkidori\n|\n|upkeep\n|\n|t:|1781464259\n|switch|p1a: Armarouge|Armarouge, L80, M|267/267\n|-damage|p1a: Armarouge|201/267|[from] Stealth Rock\n|turn|19\n|\n|t:|1781464267\n|move|p2a: Tentacruel|Flip Turn|p1a: Armarouge\n|-supereffective|p1a: Armarouge\n|-damage|p1a: Armarouge|103/267\n|-ability|p1a: Armarouge|Weak Armor|boost\n|-unboost|p1a: Armarouge|def|1\n|-boost|p1a: Armarouge|spe|2\n|\n|t:|1781464269\n|switch|p2a: Rhydon|Rhydon, L85, M|317/317|[from] Flip Turn\n|move|p1a: Armarouge|Psyshock|p2a: Rhydon\n|-damage|p2a: Rhydon|241/317\n|\n|upkeep\n|turn|20\n|\n|t:|1781464273\n|switch|p1a: Alomomola|Alomomola, L87, F|429/429\n|move|p2a: Rhydon|Earthquake|p1a: Alomomola\n|-damage|p1a: Alomomola|276/429\n|\n|upkeep\n|turn|21\n|\n|t:|1781464275\n|switch|p2a: Tentacruel|Tentacruel, L84, M|219/272\n|move|p1a: Alomomola|Flip Turn|p2a: Tentacruel\n|-resisted|p2a: Tentacruel\n|-damage|p2a: Tentacruel|183/272\n|\n|t:|1781464278\n|switch|p1a: Armarouge|Armarouge, L80, M|103/267|[from] Flip Turn\n|-damage|p1a: Armarouge|37/267|[from] Stealth Rock\n|\n|upkeep\n|turn|22\n|-message|alienwere forfeited.\n|\n|win|bros1021\n|raw|alienwere's rating: 1927 &rarr; <strong>1911</strong><br />(-16 for losing)\n|raw|bros1021's rating: 1998 &rarr; <strong>2014</strong><br />(+16 for winning)\n", "uploadtime": 1781464090, "views": 5, "formatid": "gen9randombattle", "rating": 1911, "private": 0, "password": null}