{"id": "gen9randombattle-2631907406", "format": "[Gen 9] Random Battle", "players": ["Micael Lopes", "Quadratic Residue"], "log": "|j|\u2606Micael Lopes\n|j|\u2606Quadratic Residue\n|t:|1781454354\n|gametype|singles\n|player|p1|Micael Lopes|benga|1689\n|player|p2|Quadratic Residue|169|1688\n|gen|9\n|tier|[Gen 9] Random Battle\n|rated|\n|rule|Species Clause: Limit one of each Pok\u00e9mon\n|rule|HP Percentage Mod: HP is shown in percentages\n|rule|Sleep Clause Mod: Limit one foe put to sleep\n|rule|Illusion Level Mod: Illusion disguises the Pok\u00e9mon's true level\n|\n|t:|1781454354\n|teamsize|p1|6\n|teamsize|p2|6\n|start\n|switch|p1a: Gogoat|Gogoat, L88, F|360/360\n|switch|p2a: Metagross|Metagross, L79|256/256\n|turn|1\n|inactive|Battle timer is ON: inactive players will automatically lose when time's up. (requested by Micael Lopes)\n|inactive|Micael Lopes has 120 seconds left.\n|\n|t:|1781454394\n|move|p1a: Gogoat|Bulk Up|p1a: Gogoat\n|-boost|p1a: Gogoat|atk|1\n|-boost|p1a: Gogoat|def|1\n|move|p2a: Metagross|Knock Off|p1a: Gogoat\n|-damage|p1a: Gogoat|296/360\n|-enditem|p1a: Gogoat|Leftovers|[from] move: Knock Off|[of] p2a: Metagross\n|\n|upkeep\n|turn|2\n|\n|t:|1781454407\n|switch|p2a: Glalie|Glalie, L96, F|309/309\n|move|p1a: Gogoat|Horn Leech|p2a: Glalie\n|-damage|p2a: Glalie|186/309\n|-heal|p1a: Gogoat|358/360|[from] drain|[of] p2a: Glalie\n|\n|upkeep\n|turn|3\n|\n|t:|1781454421\n|move|p2a: Glalie|Freeze-Dry|p1a: Gogoat\n|-supereffective|p1a: Gogoat\n|-damage|p1a: Gogoat|184/360\n|move|p1a: Gogoat|Horn Leech|p2a: Glalie\n|-damage|p2a: Glalie|68/309\n|-heal|p1a: Gogoat|243/360|[from] drain|[of] p2a: Glalie\n|\n|upkeep\n|turn|4\n|\n|t:|1781454429\n|move|p2a: Glalie|Spikes|p1a: Gogoat\n|-sidestart|p1: Micael Lopes|Spikes\n|move|p1a: Gogoat|Horn Leech|p2a: Glalie\n|-damage|p2a: Glalie|0 fnt\n|-heal|p1a: Gogoat|277/360|[from] drain|[of] p2a: Glalie\n|faint|p2a: Glalie\n|\n|upkeep\n|\n|t:|1781454441\n|switch|p2a: Ambipom|Ambipom, L84, F|263/263\n|turn|5\n|\n|t:|1781454446\n|move|p2a: Ambipom|Triple Axel|p1a: Gogoat\n|-supereffective|p1a: Gogoat\n|-damage|p1a: Gogoat|221/360\n|-supereffective|p1a: Gogoat\n|-damage|p1a: Gogoat|107/360\n|-supereffective|p1a: Gogoat\n|-damage|p1a: Gogoat|0 fnt\n|faint|p1a: Gogoat\n|-hitcount|p1: Gogoat|3\n|\n|upkeep\n|\n|t:|1781454451\n|switch|p1a: Spiritomb|Spiritomb, L89, F|234/234\n|-damage|p1a: Spiritomb|205/234|[from] Spikes\n|turn|6\n|\n|t:|1781454455\n|move|p2a: Ambipom|Triple Axel|p1a: Spiritomb\n|-damage|p1a: Spiritomb|176/234\n|-damage|p1a: Spiritomb|119/234\n|-damage|p1a: Spiritomb|40/234\n|-hitcount|p1a: Spiritomb|3\n|move|p1a: Spiritomb|Foul Play|p2a: Ambipom\n|-damage|p2a: Ambipom|131/263\n|\n|-heal|p1a: Spiritomb|54/234|[from] item: Leftovers\n|upkeep\n|turn|7\n|\n|t:|1781454465\n|move|p2a: Ambipom|Triple Axel|p1a: Spiritomb\n|-damage|p1a: Spiritomb|24/234\n|-damage|p1a: Spiritomb|0 fnt\n|faint|p1a: Spiritomb\n|-hitcount|p1: Spiritomb|2\n|\n|upkeep\n|\n|t:|1781454469\n|switch|p1a: Kyurem|Kyurem, L77|319/319\n|-damage|p1a: Kyurem|280/319|[from] Spikes\n|-ability|p1a: Kyurem|Pressure\n|turn|8\n|\n|t:|1781454478\n|switch|p2a: Lanturn|Lanturn, L89, F|367/367\n|move|p1a: Kyurem|Dragon Dance|p1a: Kyurem\n|-boost|p1a: Kyurem|atk|1\n|-boost|p1a: Kyurem|spe|1\n|\n|upkeep\n|turn|9\n|\n|t:|1781454483\n|-terastallize|p1a: Kyurem|Ground\n|move|p1a: Kyurem|Tera Blast|p2a: Lanturn|[anim] Tera Blast Ground\n|-supereffective|p2a: Lanturn\n|-damage|p2a: Lanturn|19/367\n|move|p2a: Lanturn|Thunder Wave|p1a: Kyurem\n|-immune|p1a: Kyurem\n|\n|upkeep\n|turn|10\n|\n|t:|1781454488\n|move|p1a: Kyurem|Icicle Spear|p2a: Lanturn\n|-resisted|p2a: Lanturn\n|-damage|p2a: Lanturn|0 fnt\n|faint|p2a: Lanturn\n|-hitcount|p2: Lanturn|1\n|\n|upkeep\n|\n|t:|1781454493\n|switch|p2a: Metagross|Metagross, L79|256/256\n|turn|11\n|\n|t:|1781454504\n|move|p1a: Kyurem|Dragon Dance|p1a: Kyurem\n|-boost|p1a: Kyurem|atk|1\n|-boost|p1a: Kyurem|spe|1\n|move|p2a: Metagross|Agility|p2a: Metagross\n|-boost|p2a: Metagross|spe|2\n|\n|upkeep\n|turn|12\n|\n|t:|1781454512\n|move|p1a: Kyurem|Dragon Dance|p1a: Kyurem\n|-boost|p1a: Kyurem|atk|1\n|-boost|p1a: Kyurem|spe|1\n|move|p2a: Metagross|Knock Off|p1a: Kyurem\n|-damage|p1a: Kyurem|197/319\n|-enditem|p1a: Kyurem|Loaded Dice|[from] move: Knock Off|[of] p2a: Metagross\n|\n|upkeep\n|turn|13\n|\n|t:|1781454517\n|move|p1a: Kyurem|Tera Blast|p2a: Metagross|[anim] Tera Blast Ground\n|-supereffective|p2a: Metagross\n|-damage|p2a: Metagross|0 fnt\n|faint|p2a: Metagross\n|\n|upkeep\n|\n|t:|1781454523\n|switch|p2a: Hoopa|Hoopa-Unbound, L80|259/259\n|turn|14\n|\n|t:|1781454536\n|move|p1a: Kyurem|Icicle Spear|p2a: Hoopa\n|-damage|p2a: Hoopa|165/259\n|-damage|p2a: Hoopa|63/259\n|-damage|p2a: Hoopa|0 fnt\n|faint|p2a: Hoopa\n|-hitcount|p2: Hoopa|3\n|\n|upkeep\n|\n|t:|1781454542\n|switch|p2a: Ambipom|Ambipom, L84, F|131/263\n|turn|15\n|\n|t:|1781454549\n|move|p1a: Kyurem|Tera Blast|p2a: Ambipom|[anim] Tera Blast Ground\n|-damage|p2a: Ambipom|0 fnt\n|faint|p2a: Ambipom\n|\n|upkeep\n|\n|t:|1781454552\n|switch|p2a: Bisharp|Bisharp, L79, M|232/232\n|turn|16\n|c|\u2606Micael Lopes|**__Sexy game.__**\n|\n|t:|1781454560\n|-terastallize|p2a: Bisharp|Ghost\n|move|p1a: Kyurem|Icicle Spear|p2a: Bisharp\n|-damage|p2a: Bisharp|183/232\n|-damage|p2a: Bisharp|134/232\n|-damage|p2a: Bisharp|92/232\n|-hitcount|p2a: Bisharp|3\n|move|p2a: Bisharp|Iron Head|p1a: Kyurem\n|-damage|p1a: Kyurem|94/319\n|\n|upkeep\n|turn|17\n|\n|t:|1781454571\n|switch|p1a: Electivire|Electivire, L84, F|263/263\n|-damage|p1a: Electivire|231/263|[from] Spikes\n|move|p2a: Bisharp|Sucker Punch||[still]\n|-fail|p2a: Bisharp\n|\n|upkeep\n|turn|18\n|\n|t:|1781454584\n|move|p1a: Electivire|Bulk Up|p1a: Electivire\n|-boost|p1a: Electivire|atk|1\n|-boost|p1a: Electivire|def|1\n|move|p2a: Bisharp|Stealth Rock|p1a: Electivire\n|-sidestart|p1: Micael Lopes|move: Stealth Rock\n|\n|upkeep\n|turn|19\n|\n|t:|1781454589\n|move|p1a: Electivire|Bulk Up|p1a: Electivire\n|-boost|p1a: Electivire|atk|1\n|-boost|p1a: Electivire|def|1\n|move|p2a: Bisharp|Throat Chop|p1a: Electivire\n|-damage|p1a: Electivire|174/263\n|-start|p1a: Electivire|Throat Chop|[silent]\n|\n|upkeep\n|turn|20\n|\n|t:|1781454594\n|move|p1a: Electivire|Supercell Slam|p2a: Bisharp\n|-damage|p2a: Bisharp|0 fnt\n|faint|p2a: Bisharp\n|-damage|p1a: Electivire|148/263|[from] item: Life Orb\n|\n|win|Micael Lopes\n|raw|Micael Lopes's rating: 1706 &rarr; <strong>1725</strong><br />(+19 for winning)\n|raw|Quadratic Residue's rating: 1688 &rarr; <strong>1669</strong><br />(-19 for losing)\n|c|\u2606Micael Lopes|**__Sexy game.__**\n|l|\u2606Quadratic Residue\n|player|p2|\n", "inputlog": ">version a8376a258c1d4662feba110a92103f3664a72141\n>start {\"formatid\":\"gen9randombattle\",\"seed\":\"sodium,980e8f19c7e23fcd2a7fb8c03d259def\",\"rated\":\"Rated battle\"}\n>player p1 {\"name\":\"Micael Lopes\",\"avatar\":\"benga\",\"rating\":1689,\"seed\":\"sodium,4856e2c16d087c25225b4d5454c2952f\"}\n>player p2 {\"name\":\"Quadratic Residue\",\"avatar\":\"169\",\"rating\":1688,\"seed\":\"sodium,a28e906bca056fbc2c67832668e7afc8\"}\n>p1 move bulkup\n>p2 move knockoff\n>p1 move hornleech\n>p2 switch 2\n>p1 move hornleech\n>p2 move freezedry\n>p1 move hornleech\n>p2 move spikes\n>p2 switch 5\n>p1 move hornleech\n>p2 move tripleaxel\n>p1 switch 2\n>p1 move foulplay\n>p2 move tripleaxel\n>p1 move foulplay\n>p2 move tripleaxel\n>p1 switch 3\n>p1 move dragondance\n>p2 switch 4\n>p1 move terablast terastallize\n>p2 move thunderwave\n>p1 move iciclespear\n>p2 move scald\n>p2 switch 2\n>p1 move dragondance\n>p2 move agility\n>p1 move dragondance\n>p2 move knockoff\n>p1 move terablast\n>p2 move earthquake\n>p2 switch 6\n>p1 move iciclespear\n>p2 move hyperspacefury\n>p2 switch 4\n>p1 move terablast\n>p2 move tripleaxel\n>p2 switch 3\n>chat \u2606Micael Lopes|**__Sexy game.__**\n>p1 move iciclespear\n>p2 move ironhead terastallize\n>p1 switch 6\n>p2 move suckerpunch\n>p1 move bulkup\n>p2 move stealthrock\n>p1 move bulkup\n>p2 move throatchop\n>p1 move supercellslam\n>p2 move throatchop", "uploadtime": 1781454632, "views": 4, "formatid": "gen9randombattle", "rating": 1669, "private": 0, "password": null}