{"id": "gen9randombattle-2631753709", "format": "[Gen 9] Random Battle", "players": ["g0thmommyenjoyer", "duuhhao"], "log": "|j|\u2606g0thmommyenjoyer\n|j|\u2606duuhhao\n|t:|1781434176\n|gametype|singles\n|player|p1|g0thmommyenjoyer|102|2080\n|player|p2|duuhhao|clair|2165\n|gen|9\n|tier|[Gen 9] Random Battle\n|rated|\n|rule|Species Clause: Limit one of each Pok\u00e9mon\n|rule|HP Percentage Mod: HP is shown in percentages\n|rule|Sleep Clause Mod: Limit one foe put to sleep\n|rule|Illusion Level Mod: Illusion disguises the Pok\u00e9mon's true level\n|\n|t:|1781434176\n|teamsize|p1|6\n|teamsize|p2|6\n|start\n|switch|p1a: Dragapult|Dragapult, L77, M|262/262\n|switch|p2a: Glastrier|Glastrier, L86|311/311\n|turn|1\n|inactive|Battle timer is ON: inactive players will automatically lose when time's up. (requested by g0thmommyenjoyer)\n|\n|t:|1781434210\n|move|p1a: Dragapult|U-turn|p2a: Glastrier\n|-damage|p2a: Glastrier|278/311\n|\n|t:|1781434217\n|switch|p1a: Dewgong|Dewgong, L94, F|322/322|[from] U-turn\n|move|p2a: Glastrier|Icicle Crash|p1a: Dewgong\n|-resisted|p1a: Dewgong\n|-damage|p1a: Dewgong|299/322\n|\n|upkeep\n|turn|2\n|\n|t:|1781434226\n|switch|p2a: Galvantula|Galvantula, L82, F|249/249\n|move|p1a: Dewgong|Hydro Pump|p2a: Galvantula|[miss]\n|-miss|p1a: Dewgong|p2a: Galvantula\n|\n|upkeep\n|turn|3\n|\n|t:|1781434234\n|move|p2a: Galvantula|Thunder|p1a: Dewgong\n|-supereffective|p1a: Dewgong\n|-damage|p1a: Dewgong|95/322\n|-status|p1a: Dewgong|par\n|move|p1a: Dewgong|Encore|p2a: Galvantula\n|-start|p2a: Galvantula|Encore\n|\n|upkeep\n|turn|4\n|\n|t:|1781434240\n|switch|p1a: Minun|Minun, L95, M|268/268\n|move|p2a: Galvantula|Thunder|p1a: Minun\n|-immune|p1a: Minun|[from] ability: Volt Absorb\n|\n|upkeep\n|turn|5\n|\n|t:|1781434245\n|switch|p2a: Glastrier|Glastrier, L86|278/311\n|move|p1a: Minun|Nasty Plot|p1a: Minun\n|-boost|p1a: Minun|spa|2\n|\n|upkeep\n|turn|6\n|\n|t:|1781434257\n|-terastallize|p1a: Minun|Grass\n|move|p1a: Minun|Nasty Plot|p1a: Minun\n|-boost|p1a: Minun|spa|2\n|move|p2a: Glastrier|High Horsepower|p1a: Minun\n|-resisted|p1a: Minun\n|-damage|p1a: Minun|178/268\n|\n|upkeep\n|turn|7\n|\n|t:|1781434264\n|move|p1a: Minun|Thunderbolt|p2a: Glastrier\n|-damage|p2a: Glastrier|0 fnt\n|faint|p2a: Glastrier\n|-damage|p1a: Minun|152/268|[from] item: Life Orb\n|\n|upkeep\n|\n|t:|1781434271\n|switch|p2a: Lunala|Lunala, L70|308/308\n|turn|8\n|\n|t:|1781434275\n|move|p1a: Minun|Thunderbolt|p2a: Lunala\n|-damage|p2a: Lunala|105/308\n|-damage|p1a: Minun|126/268|[from] item: Life Orb\n|move|p2a: Lunala|Psyshock|p1a: Minun\n|-damage|p1a: Minun|24/268\n|\n|-heal|p2a: Lunala|124/308|[from] item: Leftovers\n|upkeep\n|turn|9\n|\n|t:|1781434283\n|move|p1a: Minun|Grass Knot|p2a: Lunala\n|-damage|p2a: Lunala|0 fnt\n|faint|p2a: Lunala\n|-damage|p1a: Minun|0 fnt|[from] item: Life Orb\n|faint|p1a: Minun\n|\n|upkeep\n|\n|t:|1781434297\n|switch|p1a: Skarmory|Skarmory, L80, F|235/235\n|switch|p2a: Swampert|Swampert, L83, F|302/302\n|turn|10\n|\n|t:|1781434303\n|move|p1a: Skarmory|Stealth Rock|p2a: Swampert\n|-sidestart|p2: duuhhao|move: Stealth Rock\n|move|p2a: Swampert|Stealth Rock|p1a: Skarmory\n|-sidestart|p1: g0thmommyenjoyer|move: Stealth Rock\n|\n|upkeep\n|turn|11\n|\n|t:|1781434306\n|move|p1a: Skarmory|Brave Bird|p2a: Swampert\n|-damage|p2a: Swampert|194/302\n|-damage|p1a: Skarmory|199/235|[from] Recoil\n|move|p2a: Swampert|Knock Off|p1a: Skarmory\n|-damage|p1a: Skarmory|143/235\n|-damage|p2a: Swampert|144/302|[from] item: Rocky Helmet|[of] p1a: Skarmory\n|-enditem|p1a: Skarmory|Rocky Helmet|[from] move: Knock Off|[of] p2a: Swampert\n|\n|-heal|p2a: Swampert|162/302|[from] item: Leftovers\n|upkeep\n|turn|12\n|\n|t:|1781434314\n|move|p1a: Skarmory|Roost|p1a: Skarmory\n|-heal|p1a: Skarmory|235/235\n|-singleturn|p1a: Skarmory|move: Roost\n|move|p2a: Swampert|Ice Beam|p1a: Skarmory\n|-resisted|p1a: Skarmory\n|-damage|p1a: Skarmory|201/235\n|\n|-heal|p2a: Swampert|180/302|[from] item: Leftovers\n|upkeep\n|turn|13\n|\n|t:|1781434317\n|move|p1a: Skarmory|Brave Bird|p2a: Swampert\n|-damage|p2a: Swampert|83/302\n|-damage|p1a: Skarmory|169/235|[from] Recoil\n|move|p2a: Swampert|Ice Beam|p1a: Skarmory\n|-damage|p1a: Skarmory|93/235\n|\n|-heal|p2a: Swampert|101/302|[from] item: Leftovers\n|upkeep\n|turn|14\n|\n|t:|1781434323\n|move|p1a: Skarmory|Roost|p1a: Skarmory\n|-heal|p1a: Skarmory|211/235\n|-singleturn|p1a: Skarmory|move: Roost\n|move|p2a: Swampert|Earthquake|p1a: Skarmory\n|-supereffective|p1a: Skarmory\n|-damage|p1a: Skarmory|55/235\n|\n|-heal|p2a: Swampert|119/302|[from] item: Leftovers\n|upkeep\n|turn|15\n|\n|t:|1781434330\n|switch|p2a: Galvantula|Galvantula, L82, F|249/249\n|move|p1a: Skarmory|Roost|p1a: Skarmory\n|-heal|p1a: Skarmory|173/235\n|-singleturn|p1a: Skarmory|move: Roost\n|\n|upkeep\n|turn|16\n|\n|t:|1781434336\n|move|p2a: Galvantula|Thunder|p1a: Skarmory\n|-supereffective|p1a: Skarmory\n|-damage|p1a: Skarmory|0 fnt\n|faint|p1a: Skarmory\n|\n|upkeep\n|\n|t:|1781434358\n|switch|p1a: Dragapult|Dragapult, L77, M|262/262\n|-damage|p1a: Dragapult|230/262|[from] Stealth Rock\n|turn|17\n|\n|t:|1781434367\n|switch|p2a: Swampert|Swampert, L83, F|119/302\n|-damage|p2a: Swampert|101/302|[from] Stealth Rock\n|move|p1a: Dragapult|Fire Blast|p2a: Swampert\n|-resisted|p2a: Swampert\n|-damage|p2a: Swampert|53/302\n|\n|-heal|p2a: Swampert|71/302|[from] item: Leftovers\n|upkeep\n|turn|18\n|\n|t:|1781434377\n|switch|p1a: Dewgong|Dewgong, L94, F|95/322 par\n|move|p2a: Swampert|Earthquake|p1a: Dewgong\n|-damage|p1a: Dewgong|0 fnt\n|faint|p1a: Dewgong\n|\n|-heal|p2a: Swampert|89/302|[from] item: Leftovers\n|upkeep\n|\n|t:|1781434391\n|switch|p1a: Dragapult|Dragapult, L77, M|230/262\n|-damage|p1a: Dragapult|198/262|[from] Stealth Rock\n|turn|19\n|\n|t:|1781434400\n|move|p1a: Dragapult|Shadow Ball|p2a: Swampert\n|-damage|p2a: Swampert|0 fnt\n|faint|p2a: Swampert\n|\n|upkeep\n|\n|t:|1781434403\n|switch|p2a: Beartic|Beartic, L91, F|321/321\n|turn|20\n|\n|t:|1781434411\n|switch|p1a: Kyurem|Kyurem-White, L73|303/303\n|-damage|p1a: Kyurem|228/303|[from] Stealth Rock\n|-ability|p1a: Kyurem|Turboblaze\n|move|p2a: Beartic|Icicle Crash|p1a: Kyurem\n|-damage|p1a: Kyurem|86/303\n|\n|upkeep\n|turn|21\n|\n|t:|1781434428\n|-terastallize|p2a: Beartic|Ground\n|move|p1a: Kyurem|Fusion Flare|p2a: Beartic\n|-damage|p2a: Beartic|242/321\n|move|p2a: Beartic|Snowscape|p2a: Beartic\n|-weather|Snowscape\n|\n|-weather|Snowscape|[upkeep]\n|upkeep\n|turn|22\n|\n|t:|1781434434\n|move|p2a: Beartic|Earthquake|p1a: Kyurem\n|-damage|p1a: Kyurem|0 fnt\n|faint|p1a: Kyurem\n|\n|-weather|Snowscape|[upkeep]\n|upkeep\n|inactive|g0thmommyenjoyer has 120 seconds left.\n|\n|t:|1781434473\n|switch|p1a: Dragapult|Dragapult, L77, M|198/262\n|-damage|p1a: Dragapult|166/262|[from] Stealth Rock\n|turn|23\n|inactive|g0thmommyenjoyer has 120 seconds left.\n|\n|t:|1781434480\n|move|p2a: Beartic|Icicle Crash|p1a: Dragapult\n|-supereffective|p1a: Dragapult\n|-crit|p1a: Dragapult\n|-damage|p1a: Dragapult|0 fnt\n|faint|p1a: Dragapult\n|\n|-weather|Snowscape|[upkeep]\n|upkeep\n|\n|t:|1781434483\n|switch|p1a: Espathra|Espathra, L80, M|283/283\n|-damage|p1a: Espathra|248/283|[from] Stealth Rock\n|turn|24\n|\n|t:|1781434486\n|move|p2a: Beartic|Earthquake|p1a: Espathra\n|-damage|p1a: Espathra|29/283\n|move|p1a: Espathra|Calm Mind|p1a: Espathra\n|-boost|p1a: Espathra|spa|1\n|-boost|p1a: Espathra|spd|1\n|\n|-weather|Snowscape|[upkeep]\n|-heal|p1a: Espathra|46/283|[from] item: Leftovers\n|-ability|p1a: Espathra|Speed Boost|boost\n|-boost|p1a: Espathra|spe|1\n|upkeep\n|turn|25\n|\n|t:|1781434491\n|move|p1a: Espathra|Stored Power|p2a: Beartic\n|-damage|p2a: Beartic|118/321\n|move|p2a: Beartic|Earthquake|p1a: Espathra\n|-damage|p1a: Espathra|0 fnt\n|faint|p1a: Espathra\n|\n|win|duuhhao\n", "uploadtime": 1781434178, "views": 3, "formatid": "gen9randombattle", "rating": null, "private": 0, "password": null}