{"id": "gen9randombattle-2631818878", "format": "[Gen 9] Random Battle", "players": ["kapersthekrap", "LewisBavin"], "log": "|j|\u2606kapersthekrap\n|j|\u2606LewisBavin\n|t:|1781444115\n|gametype|singles\n|player|p1|kapersthekrap|alder|2150\n|player|p2|LewisBavin|102|2189\n|gen|9\n|tier|[Gen 9] Random Battle\n|rated|\n|rule|Species Clause: Limit one of each Pok\u00e9mon\n|rule|HP Percentage Mod: HP is shown in percentages\n|rule|Sleep Clause Mod: Limit one foe put to sleep\n|rule|Illusion Level Mod: Illusion disguises the Pok\u00e9mon's true level\n|\n|t:|1781444115\n|teamsize|p1|6\n|teamsize|p2|6\n|start\n|switch|p1a: Charizard|Charizard, L85, M|271/271\n|switch|p2a: Palossand|Palossand, L89, M|296/296\n|turn|1\n|inactive|Battle timer is ON: inactive players will automatically lose when time's up. (requested by LewisBavin)\n|inactive|kapersthekrap also wants the timer to be on.\n|j| daiel08\n|\n|t:|1781444128\n|move|p1a: Charizard|Hurricane|p2a: Palossand\n|-damage|p2a: Palossand|152/296\n|move|p2a: Palossand|Sludge Bomb|p1a: Charizard\n|-damage|p1a: Charizard|199/271\n|\n|-heal|p2a: Palossand|170/296|[from] item: Leftovers\n|upkeep\n|turn|2\n|\n|t:|1781444134\n|move|p1a: Charizard|Flamethrower|p2a: Palossand\n|-damage|p2a: Palossand|46/296\n|move|p2a: Palossand|Shore Up|p2a: Palossand\n|-heal|p2a: Palossand|194/296\n|\n|-heal|p2a: Palossand|212/296|[from] item: Leftovers\n|upkeep\n|turn|3\n|\n|t:|1781444137\n|move|p1a: Charizard|Hurricane|p2a: Palossand|[miss]\n|-miss|p1a: Charizard|p2a: Palossand\n|move|p2a: Palossand|Shore Up|p2a: Palossand\n|-heal|p2a: Palossand|296/296\n|\n|upkeep\n|turn|4\n|\n|t:|1781444139\n|move|p1a: Charizard|Flamethrower|p2a: Palossand\n|-damage|p2a: Palossand|178/296\n|-status|p2a: Palossand|brn\n|move|p2a: Palossand|Sludge Bomb|p1a: Charizard\n|-damage|p1a: Charizard|123/271\n|-status|p1a: Charizard|psn\n|\n|-heal|p2a: Palossand|196/296 brn|[from] item: Leftovers\n|-damage|p1a: Charizard|90/271 psn|[from] psn\n|-damage|p2a: Palossand|178/296 brn|[from] brn\n|upkeep\n|turn|5\n|\n|t:|1781444146\n|move|p1a: Charizard|Flamethrower|p2a: Palossand\n|-damage|p2a: Palossand|19/296 brn\n|move|p2a: Palossand|Shore Up|p2a: Palossand\n|-heal|p2a: Palossand|167/296 brn\n|\n|-heal|p2a: Palossand|185/296 brn|[from] item: Leftovers\n|-damage|p1a: Charizard|57/271 psn|[from] psn\n|-damage|p2a: Palossand|167/296 brn|[from] brn\n|upkeep\n|turn|6\n|\n|t:|1781444150\n|switch|p2a: Gastrodon|Gastrodon, L86, M|331/331\n|move|p1a: Charizard|Flamethrower|p2a: Gastrodon\n|-resisted|p2a: Gastrodon\n|-damage|p2a: Gastrodon|250/331\n|\n|-heal|p2a: Gastrodon|270/331|[from] item: Leftovers\n|-damage|p1a: Charizard|24/271 psn|[from] psn\n|upkeep\n|turn|7\n|\n|t:|1781444162\n|switch|p1a: Kingdra|Kingdra, L84, F|263/263\n|move|p2a: Gastrodon|Recover|p2a: Gastrodon\n|-heal|p2a: Gastrodon|331/331\n|\n|upkeep\n|turn|8\n|\n|t:|1781444168\n|move|p1a: Kingdra|Dragon Dance|p1a: Kingdra\n|-boost|p1a: Kingdra|atk|1\n|-boost|p1a: Kingdra|spe|1\n|move|p2a: Gastrodon|Clear Smog|p1a: Kingdra\n|-damage|p1a: Kingdra|230/263\n|-clearboost|p1a: Kingdra\n|\n|upkeep\n|turn|9\n|\n|t:|1781444171\n|move|p1a: Kingdra|Outrage|p2a: Gastrodon\n|-damage|p2a: Gastrodon|189/331\n|move|p2a: Gastrodon|Earthquake|p1a: Kingdra\n|-damage|p1a: Kingdra|139/263\n|\n|-heal|p2a: Gastrodon|209/331|[from] item: Leftovers\n|upkeep\n|turn|10\n|\n|t:|1781444174\n|move|p1a: Kingdra|Outrage|p2a: Gastrodon|[from] lockedmove\n|-damage|p2a: Gastrodon|68/331\n|move|p2a: Gastrodon|Recover|p2a: Gastrodon\n|-heal|p2a: Gastrodon|234/331\n|\n|-heal|p2a: Gastrodon|254/331|[from] item: Leftovers\n|upkeep\n|turn|11\n|\n|t:|1781444177\n|move|p1a: Kingdra|Outrage|p2a: Gastrodon|[from] lockedmove\n|-damage|p2a: Gastrodon|98/331\n|-start|p1a: Kingdra|confusion|[fatigue]\n|-enditem|p1a: Kingdra|Lum Berry|[eat]\n|-end|p1a: Kingdra|confusion\n|move|p2a: Gastrodon|Recover|p2a: Gastrodon\n|-heal|p2a: Gastrodon|264/331\n|\n|-heal|p2a: Gastrodon|284/331|[from] item: Leftovers\n|upkeep\n|turn|12\n|\n|t:|1781444181\n|move|p1a: Kingdra|Outrage|p2a: Gastrodon\n|-damage|p2a: Gastrodon|133/331\n|move|p2a: Gastrodon|Clear Smog|p1a: Kingdra\n|-damage|p1a: Kingdra|107/263\n|-clearboost|p1a: Kingdra\n|\n|-heal|p2a: Gastrodon|153/331|[from] item: Leftovers\n|upkeep\n|turn|13\n|\n|t:|1781444184\n|move|p1a: Kingdra|Outrage|p2a: Gastrodon|[from] lockedmove\n|-damage|p2a: Gastrodon|0 fnt\n|faint|p2a: Gastrodon\n|\n|upkeep\n|\n|t:|1781444188\n|switch|p2a: Ribombee|Ribombee, L83, M|235/235\n|turn|14\n|\n|t:|1781444192\n|move|p2a: Ribombee|Sticky Web|p1a: Kingdra\n|-sidestart|p1: kapersthekrap|move: Sticky Web\n|move|p1a: Kingdra|Outrage|p2a: Ribombee|[from] lockedmove\n|-immune|p2a: Ribombee\n|-start|p1a: Kingdra|confusion|[fatigue]\n|\n|upkeep\n|turn|15\n|\n|t:|1781444199\n|switch|p1a: Glimmora|Glimmora, L75, F|248/248\n|move|p2a: Ribombee|Moonblast|p1a: Glimmora\n|-resisted|p1a: Glimmora\n|-damage|p1a: Glimmora|188/248\n|\n|upkeep\n|turn|16\n|\n|t:|1781444206\n|switch|p2a: Zamazenta|Zamazenta-Crowned, L68|238/238\n|-ability|p2a: Zamazenta|Dauntless Shield|boost\n|-boost|p2a: Zamazenta|def|1\n|move|p1a: Glimmora|Mortal Spin|p2a: Zamazenta\n|-immune|p2a: Zamazenta\n|\n|upkeep\n|turn|17\n|\n|t:|1781444217\n|move|p2a: Zamazenta|Iron Defense|p2a: Zamazenta\n|-boost|p2a: Zamazenta|def|2\n|move|p1a: Glimmora|Earth Power|p2a: Zamazenta\n|-supereffective|p2a: Zamazenta\n|-damage|p2a: Zamazenta|126/238\n|\n|upkeep\n|turn|18\n|\n|t:|1781444223\n|switch|p1a: Kingdra|Kingdra, L84, F|107/263\n|-activate|p1a: Kingdra|move: Sticky Web\n|-unboost|p1a: Kingdra|spe|1\n|move|p2a: Zamazenta|Body Press|p1a: Kingdra\n|-damage|p1a: Kingdra|0 fnt\n|faint|p1a: Kingdra\n|\n|upkeep\n|\n|t:|1781444225\n|switch|p1a: Charizard|Charizard, L85, M|24/271 psn\n|turn|19\n|\n|t:|1781444229\n|switch|p2a: Palossand|Palossand, L89, M|167/296 brn\n|move|p1a: Charizard|Flamethrower|p2a: Palossand\n|-damage|p2a: Palossand|0 fnt\n|faint|p2a: Palossand\n|\n|-damage|p1a: Charizard|0 fnt|[from] psn\n|faint|p1a: Charizard\n|upkeep\n|\n|t:|1781444244\n|switch|p1a: Glimmora|Glimmora, L75, F|188/248\n|switch|p2a: Ribombee|Ribombee, L83, M|235/235\n|turn|20\n|\n|t:|1781444248\n|switch|p2a: Zamazenta|Zamazenta-Crowned, L68|126/238\n|move|p1a: Glimmora|Mortal Spin|p2a: Zamazenta\n|-immune|p2a: Zamazenta\n|\n|upkeep\n|turn|21\n|\n|t:|1781444253\n|-terastallize|p1a: Glimmora|Ground\n|move|p2a: Zamazenta|Heavy Slam|p1a: Glimmora\n|-damage|p1a: Glimmora|77/248\n|-activate|p1a: Glimmora|ability: Toxic Debris\n|-sidestart|p2: LewisBavin|move: Toxic Spikes\n|move|p1a: Glimmora|Earth Power|p2a: Zamazenta\n|-supereffective|p2a: Zamazenta\n|-damage|p2a: Zamazenta|0 fnt\n|faint|p2a: Zamazenta\n|\n|upkeep\n|\n|t:|1781444259\n|switch|p2a: Ribombee|Ribombee, L83, M|235/235\n|turn|22\n|\n|t:|1781444263\n|switch|p1a: Kingambit|Kingambit, L74, M|270/270\n|-activate|p1a: Kingambit|move: Sticky Web\n|-unboost|p1a: Kingambit|spe|1\n|-activate|p1a: Kingambit|ability: Supreme Overlord\n|-start|p1a: Kingambit|fallen2|[silent]\n|move|p2a: Ribombee|Moonblast|p1a: Kingambit\n|-damage|p1a: Kingambit|155/270\n|-unboost|p1a: Kingambit|spa|1\n|\n|-heal|p1a: Kingambit|171/270|[from] item: Leftovers\n|upkeep\n|turn|23\n|\n|t:|1781444274\n|move|p2a: Ribombee|Moonblast|p1a: Kingambit\n|-damage|p1a: Kingambit|63/270\n|move|p1a: Kingambit|Iron Head|p2a: Ribombee\n|-supereffective|p2a: Ribombee\n|-damage|p2a: Ribombee|0 fnt\n|faint|p2a: Ribombee\n|\n|-heal|p1a: Kingambit|79/270|[from] item: Leftovers\n|upkeep\n|\n|t:|1781444282\n|switch|p2a: Zebstrika|Zebstrika, L87, F|272/272\n|-status|p2a: Zebstrika|psn\n|turn|24\n|\n|t:|1781444288\n|move|p1a: Kingambit|Sucker Punch|p2a: Zebstrika\n|-damage|p2a: Zebstrika|161/272 psn\n|move|p2a: Zebstrika|High Horsepower|p1a: Kingambit\n|-supereffective|p1a: Kingambit\n|-damage|p1a: Kingambit|0 fnt\n|faint|p1a: Kingambit\n|-end|p1a: Kingambit|fallen2|[silent]\n|-damage|p2a: Zebstrika|134/272 psn|[from] item: Life Orb\n|\n|-damage|p2a: Zebstrika|100/272 psn|[from] psn\n|upkeep\n|\n|t:|1781444299\n|switch|p1a: Zacian|Zacian, L69|241/241\n|-activate|p1a: Zacian|move: Sticky Web\n|-unboost|p1a: Zacian|spe|1\n|-ability|p1a: Zacian|Intrepid Sword|boost\n|-boost|p1a: Zacian|atk|1\n|turn|25\n|\n|t:|1781444306\n|move|p2a: Zebstrika|Supercell Slam|p1a: Zacian\n|-damage|p1a: Zacian|103/241\n|-damage|p2a: Zebstrika|73/272 psn|[from] item: Life Orb\n|move|p1a: Zacian|Crunch|p2a: Zebstrika\n|-damage|p2a: Zebstrika|0 fnt\n|faint|p2a: Zebstrika\n|-damage|p1a: Zacian|79/241|[from] item: Life Orb\n|\n|upkeep\n|\n|t:|1781444309\n|switch|p2a: Scovillain|Scovillain, L91, F|266/266\n|-status|p2a: Scovillain|psn\n|turn|26\n|\n|t:|1781444315\n|move|p2a: Scovillain|Flamethrower|p1a: Zacian\n|-damage|p1a: Zacian|0 fnt\n|faint|p1a: Zacian\n|\n|-damage|p2a: Scovillain|233/266 psn|[from] psn\n|upkeep\n|\n|t:|1781444323\n|switch|p1a: Latios|Latios, L78, M|253/253\n|turn|27\n|-message|LewisBavin forfeited.\n|\n|win|kapersthekrap\n", "inputlog": ">version a8376a258c1d4662feba110a92103f3664a72141\n>start {\"formatid\":\"gen9randombattle\",\"seed\":\"sodium,065f3c9b5ec03bfe28c37f0d57f2ecf1\",\"rated\":\"Rated battle\"}\n>player p1 {\"name\":\"kapersthekrap\",\"avatar\":\"alder\",\"rating\":2150,\"seed\":\"sodium,51055cb946a0f7b1e64714641e1a4d01\"}\n>player p2 {\"name\":\"LewisBavin\",\"avatar\":\"102\",\"rating\":2189,\"seed\":\"sodium,e0d70ee265a4ac3042bfbd25916d2d1c\"}\n>p1 move hurricane\n>p2 move sludgebomb\n>p1 move flamethrower\n>p2 move shoreup\n>p1 move hurricane\n>p2 move shoreup\n>p1 move flamethrower\n>p2 move sludgebomb\n>p1 move flamethrower\n>p2 move shoreup\n>p1 move flamethrower\n>p2 switch 3\n>p1 switch 4\n>p2 move recover\n>p1 move dragondance\n>p2 move clearsmog\n>p1 move outrage\n>p2 move earthquake\n>p1 move outrage\n>p2 move recover\n>p1 move outrage\n>p2 move recover\n>p1 move outrage\n>p2 move clearsmog\n>p1 move outrage\n>p2 move recover\n>p2 switch 5\n>p1 move outrage\n>p2 move stickyweb\n>p1 switch 2\n>p2 move moonblast\n>p1 move mortalspin\n>p2 switch 6\n>p1 move earthpower\n>p2 move irondefense\n>p1 switch 2\n>p2 move bodypress\n>p1 switch 4\n>p1 move flamethrower\n>p2 switch 3\n>p1 switch 2\n>p2 switch 6\n>p1 move mortalspin\n>p2 switch 3\n>p1 move earthpower terastallize\n>p2 move heavyslam\n>p2 switch 3\n>p1 switch 3\n>p2 move moonblast\n>p1 move ironhead\n>p2 move moonblast\n>p2 switch 4\n>p1 move suckerpunch\n>p2 move highhorsepower\n>p1 switch 5\n>p1 move crunch\n>p2 move supercellslam\n>p2 switch 2\n>p1 move closecombat\n>p2 move flamethrower\n>p1 switch 6\n>forcelose p2", "uploadtime": 1781444117, "views": 5, "formatid": "gen9randombattle", "rating": null, "private": 0, "password": null}