{"id": "gen9randombattle-2631724658", "format": "[Gen 9] Random Battle", "players": ["uberrrnoob", "Hunrito"], "log": "|j|\u2606uberrrnoob\n|j|\u2606Hunrito\n|t:|1781429031\n|gametype|singles\n|player|p1|uberrrnoob|2|1913\n|player|p2|Hunrito|170|1893\n|gen|9\n|tier|[Gen 9] Random Battle\n|rated|\n|rule|Species Clause: Limit one of each Pok\u00e9mon\n|rule|HP Percentage Mod: HP is shown in percentages\n|rule|Sleep Clause Mod: Limit one foe put to sleep\n|rule|Illusion Level Mod: Illusion disguises the Pok\u00e9mon's true level\n|\n|t:|1781429031\n|teamsize|p1|6\n|teamsize|p2|6\n|start\n|switch|p1a: Lilligant|Lilligant, L86, F|261/261\n|switch|p2a: Flapple|Flapple, L88, M|266/266\n|turn|1\n|inactive|Battle timer is ON: inactive players will automatically lose when time's up. (requested by Hunrito)\n|\n|t:|1781429059\n|switch|p1a: Cobalion|Cobalion, L80|277/277\n|switch|p2a: Regice|Regice, L88|284/284\n|\n|upkeep\n|turn|2\n|\n|t:|1781429065\n|move|p1a: Cobalion|Iron Defense|p1a: Cobalion\n|-boost|p1a: Cobalion|def|2\n|move|p2a: Regice|Thunder Wave|p1a: Cobalion\n|-status|p1a: Cobalion|par\n|\n|upkeep\n|turn|3\n|\n|t:|1781429072\n|switch|p2a: Dragapult|Dragapult, L77, F|262/262\n|cant|p1a: Cobalion|par\n|\n|upkeep\n|turn|4\n|\n|t:|1781429076\n|move|p2a: Dragapult|Shadow Ball|p1a: Cobalion\n|-damage|p1a: Cobalion|138/277 par\n|move|p1a: Cobalion|Thunder Wave|p2a: Dragapult\n|-status|p2a: Dragapult|par\n|\n|-heal|p1a: Cobalion|155/277 par|[from] item: Leftovers\n|upkeep\n|turn|5\n|\n|t:|1781429081\n|cant|p2a: Dragapult|par\n|move|p1a: Cobalion|Iron Head|p2a: Dragapult\n|-damage|p2a: Dragapult|174/262 par\n|\n|-heal|p1a: Cobalion|172/277 par|[from] item: Leftovers\n|upkeep\n|turn|6\n|\n|t:|1781429085\n|cant|p2a: Dragapult|par\n|move|p1a: Cobalion|Iron Head|p2a: Dragapult\n|-damage|p2a: Dragapult|89/262 par\n|\n|-heal|p1a: Cobalion|189/277 par|[from] item: Leftovers\n|upkeep\n|turn|7\n|\n|t:|1781429087\n|cant|p2a: Dragapult|par\n|cant|p1a: Cobalion|par\n|\n|-heal|p1a: Cobalion|206/277 par|[from] item: Leftovers\n|upkeep\n|turn|8\n|\n|t:|1781429090\n|move|p2a: Dragapult|Shadow Ball|p1a: Cobalion\n|-damage|p1a: Cobalion|73/277 par\n|move|p1a: Cobalion|Iron Head|p2a: Dragapult\n|-damage|p2a: Dragapult|0 fnt\n|faint|p2a: Dragapult\n|\n|-heal|p1a: Cobalion|90/277 par|[from] item: Leftovers\n|upkeep\n|\n|t:|1781429095\n|switch|p2a: Ampharos|Ampharos, L88, M|302/302\n|turn|9\n|\n|t:|1781429098\n|move|p2a: Ampharos|Thunderbolt|p1a: Cobalion\n|-damage|p1a: Cobalion|0 fnt\n|faint|p1a: Cobalion\n|\n|upkeep\n|\n|t:|1781429101\n|switch|p1a: Lilligant|Lilligant, L86, F|261/261\n|turn|10\n|\n|t:|1781429103\n|move|p1a: Lilligant|Quiver Dance|p1a: Lilligant\n|-boost|p1a: Lilligant|spa|1\n|-boost|p1a: Lilligant|spd|1\n|-boost|p1a: Lilligant|spe|1\n|move|p2a: Ampharos|Volt Switch|p1a: Lilligant\n|-resisted|p1a: Lilligant\n|-damage|p1a: Lilligant|228/261\n|\n|t:|1781429105\n|switch|p2a: Regice|Regice, L88|284/284|[from] Volt Switch\n|\n|upkeep\n|turn|11\n|\n|t:|1781429108\n|move|p1a: Lilligant|Sleep Powder|p2a: Regice\n|-status|p2a: Regice|slp|[from] move: Sleep Powder\n|cant|p2a: Regice|slp\n|\n|upkeep\n|turn|12\n|\n|t:|1781429111\n|move|p1a: Lilligant|Quiver Dance|p1a: Lilligant\n|-boost|p1a: Lilligant|spa|1\n|-boost|p1a: Lilligant|spd|1\n|-boost|p1a: Lilligant|spe|1\n|cant|p2a: Regice|slp\n|\n|upkeep\n|turn|13\n|\n|t:|1781429113\n|move|p1a: Lilligant|Quiver Dance|p1a: Lilligant\n|-boost|p1a: Lilligant|spa|1\n|-boost|p1a: Lilligant|spd|1\n|-boost|p1a: Lilligant|spe|1\n|-curestatus|p2a: Regice|slp|[msg]\n|move|p2a: Regice|Thunder Wave|p1a: Lilligant\n|-status|p1a: Lilligant|par\n|\n|upkeep\n|turn|14\n|\n|t:|1781429116\n|move|p1a: Lilligant|Quiver Dance|p1a: Lilligant\n|-boost|p1a: Lilligant|spa|1\n|-boost|p1a: Lilligant|spd|1\n|-boost|p1a: Lilligant|spe|1\n|move|p2a: Regice|Ice Beam|p1a: Lilligant\n|-supereffective|p1a: Lilligant\n|-damage|p1a: Lilligant|150/261 par\n|\n|upkeep\n|turn|15\n|\n|t:|1781429119\n|cant|p1a: Lilligant|par\n|move|p2a: Regice|Body Press|p1a: Lilligant\n|-damage|p1a: Lilligant|76/261 par\n|\n|upkeep\n|turn|16\n|\n|t:|1781429125\n|move|p1a: Lilligant|Sleep Powder|p2a: Regice|[miss]\n|-miss|p1a: Lilligant|p2a: Regice\n|move|p2a: Regice|Ice Beam|p1a: Lilligant\n|-supereffective|p1a: Lilligant\n|-damage|p1a: Lilligant|0 fnt\n|faint|p1a: Lilligant\n|\n|upkeep\n|\n|t:|1781429132\n|switch|p1a: Ogerpon|Ogerpon-Wellspring, L76, F|247/247\n|turn|17\n|\n|t:|1781429136\n|move|p1a: Ogerpon|U-turn|p2a: Regice\n|-damage|p2a: Regice|236/284\n|\n|t:|1781429139\n|switch|p1a: Espeon|Espeon, L84, F|246/246|[from] U-turn\n|move|p2a: Regice|Thunder Wave|p1a: Espeon\n|move|p1a: Espeon|Thunder Wave|p2a: Regice|[from] ability: Magic Bounce\n|-status|p2a: Regice|par\n|\n|upkeep\n|turn|18\n|\n|t:|1781429148\n|move|p1a: Espeon|Psyshock|p2a: Regice\n|-damage|p2a: Regice|103/284 par\n|-damage|p1a: Espeon|222/246|[from] item: Life Orb\n|move|p2a: Regice|Ice Beam|p1a: Espeon\n|-damage|p1a: Espeon|128/246\n|\n|upkeep\n|turn|19\n|\n|t:|1781429154\n|move|p1a: Espeon|Psyshock|p2a: Regice\n|-damage|p2a: Regice|0 fnt\n|faint|p2a: Regice\n|-damage|p1a: Espeon|104/246|[from] item: Life Orb\n|\n|upkeep\n|\n|t:|1781429155\n|switch|p2a: Tauros|Tauros, L82, M|257/257\n|turn|20\n|\n|t:|1781429159\n|move|p1a: Espeon|Psyshock|p2a: Tauros\n|-damage|p2a: Tauros|115/257\n|-damage|p1a: Espeon|80/246|[from] item: Life Orb\n|move|p2a: Tauros|Throat Chop|p1a: Espeon\n|-supereffective|p1a: Espeon\n|-damage|p1a: Espeon|0 fnt\n|faint|p1a: Espeon\n|\n|upkeep\n|\n|t:|1781429165\n|switch|p1a: Ogerpon|Ogerpon-Wellspring, L76, F|247/247\n|turn|21\n|\n|t:|1781429170\n|move|p2a: Tauros|Body Slam|p1a: Ogerpon\n|-damage|p1a: Ogerpon|64/247\n|move|p1a: Ogerpon|Ivy Cudgel|p2a: Tauros|[anim] Ivy Cudgel Water\n|-damage|p2a: Tauros|4/257\n|\n|upkeep\n|turn|22\n|\n|t:|1781429177\n|move|p2a: Tauros|Throat Chop|p1a: Ogerpon\n|-crit|p1a: Ogerpon\n|-damage|p1a: Ogerpon|0 fnt\n|faint|p1a: Ogerpon\n|\n|upkeep\n|\n|t:|1781429181\n|switch|p1a: Rayquaza|Rayquaza, L72|270/270\n|-ability|p1a: Rayquaza|Air Lock\n|turn|23\n|\n|t:|1781429185\n|move|p2a: Tauros|Body Slam|p1a: Rayquaza\n|-damage|p1a: Rayquaza|91/270\n|move|p1a: Rayquaza|Scale Shot|p2a: Tauros\n|-damage|p2a: Tauros|0 fnt\n|faint|p2a: Tauros\n|-hitcount|p2: Tauros|1\n|-unboost|p1a: Rayquaza|def|1\n|-boost|p1a: Rayquaza|spe|1\n|\n|upkeep\n|\n|t:|1781429189\n|switch|p2a: Arbok|Arbok, L87, M|246/246\n|-ability|p2a: Arbok|Intimidate|boost\n|-unboost|p1a: Rayquaza|atk|1\n|turn|24\n|\n|t:|1781429195\n|move|p2a: Arbok|Sucker Punch|p1a: Rayquaza\n|-damage|p1a: Rayquaza|0 fnt\n|faint|p1a: Rayquaza\n|-damage|p2a: Arbok|222/246|[from] item: Life Orb\n|\n|upkeep\n|\n|t:|1781429197\n|switch|p1a: Palkia|Palkia, L75|259/259\n|-ability|p1a: Palkia|Pressure\n|turn|25\n|\n|t:|1781429201\n|move|p1a: Palkia|Hydro Pump|p2a: Arbok\n|-damage|p2a: Arbok|42/246\n|move|p2a: Arbok|Gunk Shot|p1a: Palkia\n|-damage|p1a: Palkia|99/259\n|-damage|p2a: Arbok|18/246|[from] item: Life Orb\n|\n|upkeep\n|turn|26\n|\n|t:|1781429209\n|move|p2a: Arbok|Sucker Punch|p1a: Palkia\n|-damage|p1a: Palkia|34/259\n|-damage|p2a: Arbok|0 fnt|[from] item: Life Orb\n|faint|p2a: Arbok\n|move|p1a: Palkia|Fire Blast|p2: Arbok|[notarget]\n|-fail|p1a: Palkia\n|\n|upkeep\n|\n|t:|1781429212\n|switch|p2a: Ampharos|Ampharos, L88, M|302/302\n|turn|27\n|\n|t:|1781429216\n|-terastallize|p1a: Palkia|Water\n|move|p1a: Palkia|Hydro Pump|p2a: Ampharos\n|-damage|p2a: Ampharos|162/302\n|move|p2a: Ampharos|Dazzling Gleam|p1a: Palkia\n|-damage|p1a: Palkia|0 fnt\n|faint|p1a: Palkia\n|\n|win|Hunrito\n|raw|uberrrnoob's rating: 1913 &rarr; <strong>1892</strong><br />(-21 for losing)\n|raw|Hunrito's rating: 1893 &rarr; <strong>1914</strong><br />(+21 for winning)\n", "inputlog": ">version a8376a258c1d4662feba110a92103f3664a72141\n>start {\"formatid\":\"gen9randombattle\",\"seed\":\"sodium,15cad391c9b27a50e971d7d88d646a8f\",\"rated\":\"Rated battle\"}\n>player p1 {\"name\":\"uberrrnoob\",\"avatar\":\"2\",\"rating\":1913,\"seed\":\"sodium,33c0dca5f9afb25c0e0f8fc03e5a34e3\"}\n>player p2 {\"name\":\"Hunrito\",\"avatar\":\"170\",\"rating\":1893,\"seed\":\"sodium,c901ca7dc65f6e5165b7c8eab1a5291b\"}\n>p1 switch 6\n>p2 switch 2\n>p1 move irondefense\n>p2 move thunderwave\n>p1 move thunderwave\n>p2 switch 6\n>p1 move thunderwave\n>p2 move shadowball\n>p1 move ironhead\n>p2 move shadowball\n>p1 move ironhead\n>p2 move shadowball\n>p1 move ironhead\n>p2 move shadowball\n>p1 move ironhead\n>p2 move shadowball\n>p2 switch 4\n>p1 move bodypress\n>p2 move thunderbolt\n>p1 switch 6\n>p1 move quiverdance\n>p2 move voltswitch\n>p2 switch 6\n>p1 move sleeppowder\n>p2 move thunderwave\n>p1 move quiverdance\n>p2 move thunderwave\n>p1 move quiverdance\n>p2 move thunderwave\n>p1 move quiverdance\n>p2 move icebeam\n>p1 move sleeppowder\n>p2 move bodypress\n>p1 move sleeppowder\n>p2 move icebeam\n>p1 switch 4\n>p1 move uturn\n>p2 move thunderwave\n>p1 switch 2\n>p1 move psyshock\n>p2 move icebeam\n>p1 move psyshock\n>p2 move icebeam\n>p2 switch 5\n>p1 move psyshock\n>p2 move throatchop\n>p1 switch 2\n>p1 move ivycudgel\n>p2 move bodyslam\n>p1 move synthesis\n>p2 move throatchop\n>p1 switch 3\n>p1 move scaleshot\n>p2 move bodyslam\n>p2 switch 3\n>p1 move earthquake\n>p2 move suckerpunch\n>p1 switch 5\n>p1 move hydropump\n>p2 move gunkshot\n>p1 move fireblast\n>p2 move suckerpunch\n>p2 switch 6\n>p1 move hydropump terastallize\n>p2 move dazzlinggleam", "uploadtime": 1781429216, "views": 5, "formatid": "gen9randombattle", "rating": 1892, "private": 0, "password": null}