{"id": "gen9randombattle-2631830283", "format": "[Gen 9] Random Battle", "players": ["hunky", "Quassandra"], "log": "|j|\u2606hunky\n|j|\u2606Quassandra\n|t:|1781445569\n|gametype|singles\n|player|p1|hunky|265|\n|player|p2|Quassandra|169|\n|gen|9\n|tier|[Gen 9] Random Battle\n|rule|Species Clause: Limit one of each Pok\u00e9mon\n|rule|HP Percentage Mod: HP is shown in percentages\n|rule|Sleep Clause Mod: Limit one foe put to sleep\n|rule|Illusion Level Mod: Illusion disguises the Pok\u00e9mon's true level\n|\n|t:|1781445569\n|teamsize|p1|6\n|teamsize|p2|6\n|start\n|switch|p1a: Wyrdeer|Wyrdeer, L87, F|321/321\n|switch|p2a: Chi-Yu|Chi-Yu, L77|211/211\n|-ability|p2a: Chi-Yu|Beads of Ruin\n|-ability|p1a: Wyrdeer|Intimidate|boost\n|-unboost|p2a: Chi-Yu|atk|1\n|turn|1\n|\n|t:|1781445606\n|switch|p2a: Venomoth|Venomoth, L84, M|255/255\n|move|p1a: Wyrdeer|Thunder Wave|p2a: Venomoth\n|-status|p2a: Venomoth|par\n|\n|upkeep\n|turn|2\n|\n|t:|1781445617\n|move|p1a: Wyrdeer|Psychic Noise|p2a: Venomoth\n|-supereffective|p2a: Venomoth\n|-damage|p2a: Venomoth|67/255 par\n|-start|p2a: Venomoth|move: Heal Block\n|cant|p2a: Venomoth|par\n|\n|upkeep\n|turn|3\n|\n|t:|1781445627\n|move|p1a: Wyrdeer|Psychic Noise|p2a: Venomoth\n|-supereffective|p2a: Venomoth\n|-damage|p2a: Venomoth|0 fnt\n|faint|p2a: Venomoth\n|\n|upkeep\n|\n|t:|1781445638\n|switch|p2a: Typhlosion|Typhlosion-Hisui, L83, M|257/257\n|turn|4\n|\n|t:|1781445686\n|move|p2a: Typhlosion|Calm Mind|p2a: Typhlosion\n|-boost|p2a: Typhlosion|spa|1\n|-boost|p2a: Typhlosion|spd|1\n|move|p1a: Wyrdeer|Earthquake|p2a: Typhlosion\n|-supereffective|p2a: Typhlosion\n|-damage|p2a: Typhlosion|75/257\n|\n|upkeep\n|turn|5\n|\n|t:|1781445696\n|move|p2a: Typhlosion|Fire Blast|p1a: Wyrdeer\n|-damage|p1a: Wyrdeer|0 fnt\n|faint|p1a: Wyrdeer\n|\n|upkeep\n|l|\u2606hunky\n|player|p1|\n|j|\u2606hunky\n|player|p1|hunky|265|\n|\n|t:|1781445836\n|switch|p1a: Greedent|Greedent, L86, F|347/347\n|turn|6\n|l|\u2606hunky\n|player|p1|\n|j|\u2606hunky\n|player|p1|hunky|265|\n|\n|t:|1781445888\n|-terastallize|p2a: Typhlosion|Fighting\n|move|p2a: Typhlosion|Focus Blast|p1a: Greedent\n|-supereffective|p1a: Greedent\n|-damage|p1a: Greedent|0 fnt\n|faint|p1a: Greedent\n|\n|upkeep\n|\n|t:|1781445910\n|switch|p1a: Lugia|Lugia, L73|275/275\n|turn|7\n|\n|t:|1781445932\n|move|p2a: Typhlosion|Shadow Ball|p1a: Lugia\n|-supereffective|p1a: Lugia\n|-damage|p1a: Lugia|173/275\n|move|p1a: Lugia|Psychic Noise|p2a: Typhlosion\n|-supereffective|p2a: Typhlosion\n|-damage|p2a: Typhlosion|0 fnt\n|faint|p2a: Typhlosion\n|\n|upkeep\n|\n|t:|1781445959\n|switch|p2a: Chi-Yu|Chi-Yu, L77|211/211\n|-ability|p2a: Chi-Yu|Beads of Ruin\n|turn|8\n|\n|t:|1781445980\n|switch|p1a: Wo-Chien|Wo-Chien, L83|277/277\n|-ability|p1a: Wo-Chien|Tablets of Ruin\n|move|p2a: Chi-Yu|Dark Pulse|p1a: Wo-Chien\n|-resisted|p1a: Wo-Chien\n|-damage|p1a: Wo-Chien|235/277\n|\n|-heal|p1a: Wo-Chien|252/277|[from] item: Leftovers\n|upkeep\n|turn|9\n|\n|t:|1781445994\n|switch|p2a: Ursaring|Ursaring, L84, M|288/288\n|move|p1a: Wo-Chien|Stun Spore|p2a: Ursaring\n|-status|p2a: Ursaring|par\n|\n|-heal|p1a: Wo-Chien|269/277|[from] item: Leftovers\n|upkeep\n|turn|10\n|\n|t:|1781446006\n|switch|p1a: Lugia|Lugia, L73|173/275\n|move|p2a: Ursaring|Body Slam|p1a: Lugia\n|-damage|p1a: Lugia|37/275\n|-status|p1a: Lugia|par\n|\n|upkeep\n|turn|11\n|\n|t:|1781446022\n|move|p1a: Lugia|Aeroblast|p2a: Ursaring\n|-damage|p2a: Ursaring|225/288 par\n|move|p2a: Ursaring|Body Slam|p1a: Lugia\n|-damage|p1a: Lugia|0 fnt\n|faint|p1a: Lugia\n|\n|upkeep\n|\n|t:|1781446042\n|switch|p1a: Golurk|Golurk, L87|297/297\n|turn|12\n|\n|t:|1781446058\n|switch|p2a: Virizion|Virizion, L82|283/283\n|move|p1a: Golurk|Stealth Rock|p2a: Virizion\n|-sidestart|p2: Quassandra|move: Stealth Rock\n|\n|upkeep\n|turn|13\n|\n|t:|1781446068\n|move|p2a: Virizion|Swords Dance|p2a: Virizion\n|-boost|p2a: Virizion|atk|2\n|move|p1a: Golurk|Dynamic Punch|p2a: Virizion\n|-damage|p2a: Virizion|135/283\n|-start|p2a: Virizion|confusion\n|-damage|p1a: Golurk|268/297|[from] item: Life Orb\n|\n|upkeep\n|turn|14\n|\n|t:|1781446078\n|-activate|p2a: Virizion|confusion\n|move|p2a: Virizion|Leaf Blade|p1a: Golurk\n|-supereffective|p1a: Golurk\n|-damage|p1a: Golurk|0 fnt\n|faint|p1a: Golurk\n|-damage|p2a: Virizion|107/283|[from] item: Life Orb\n|\n|upkeep\n|\n|t:|1781446089\n|switch|p1a: Wo-Chien|Wo-Chien, L83|269/277\n|-ability|p1a: Wo-Chien|Tablets of Ruin\n|turn|15\n|\n|t:|1781446099\n|-activate|p2a: Virizion|confusion\n|-damage|p2a: Virizion|48/283|[from] confusion\n|move|p1a: Wo-Chien|Giga Drain|p2a: Virizion\n|-resisted|p2a: Virizion\n|-damage|p2a: Virizion|19/283\n|-heal|p1a: Wo-Chien|277/277|[from] drain|[of] p2a: Virizion\n|\n|upkeep\n|turn|16\n|\n|t:|1781446107\n|-end|p2a: Virizion|confusion\n|move|p2a: Virizion|Close Combat|p1a: Wo-Chien\n|-supereffective|p1a: Wo-Chien\n|-damage|p1a: Wo-Chien|0 fnt\n|-unboost|p2a: Virizion|def|1\n|-unboost|p2a: Virizion|spd|1\n|faint|p1a: Wo-Chien\n|-damage|p2a: Virizion|0 fnt|[from] item: Life Orb\n|faint|p2a: Virizion\n|\n|upkeep\n|\n|t:|1781446123\n|switch|p2a: Ursaring|Ursaring, L84, M|225/288 par\n|switch|p1a: Archaludon|Archaludon, L78, F|268/268\n|-damage|p2a: Ursaring|189/288 par|[from] Stealth Rock\n|turn|17\n|\n|t:|1781446131\n|-terastallize|p1a: Archaludon|Fighting\n|move|p1a: Archaludon|Body Press|p2a: Ursaring\n|-supereffective|p2a: Ursaring\n|-damage|p2a: Ursaring|57/288 par\n|move|p2a: Ursaring|Rest|p2a: Ursaring\n|-status|p2a: Ursaring|slp|[from] move: Rest\n|-heal|p2a: Ursaring|288/288 slp|[silent]\n|\n|upkeep\n|turn|18\n|\n|t:|1781446141\n|move|p1a: Archaludon|Body Press|p2a: Ursaring\n|-supereffective|p2a: Ursaring\n|-damage|p2a: Ursaring|144/288 slp\n|cant|p2a: Ursaring|slp\n|move|p2a: Ursaring|Sleep Talk|p2a: Ursaring\n|move|p2a: Ursaring|Earthquake|p1a: Archaludon|[from] move: Sleep Talk\n|-damage|p1a: Archaludon|172/268\n|-ability|p1a: Archaludon|Stamina|boost\n|-boost|p1a: Archaludon|def|1\n|\n|upkeep\n|turn|19\n|\n|t:|1781446154\n|move|p1a: Archaludon|Body Press|p2a: Ursaring\n|-supereffective|p2a: Ursaring\n|-damage|p2a: Ursaring|0 fnt\n|faint|p2a: Ursaring\n|\n|upkeep\n|\n|t:|1781446165\n|switch|p2a: Chi-Yu|Chi-Yu, L77|211/211\n|-damage|p2a: Chi-Yu|159/211|[from] Stealth Rock\n|-ability|p2a: Chi-Yu|Beads of Ruin\n|turn|20\n|\n|t:|1781446171\n|move|p2a: Chi-Yu|Psychic|p1a: Archaludon\n|-supereffective|p1a: Archaludon\n|-damage|p1a: Archaludon|10/268\n|-ability|p1a: Archaludon|Stamina|boost\n|-boost|p1a: Archaludon|def|1\n|move|p1a: Archaludon|Body Press|p2a: Chi-Yu\n|-supereffective|p2a: Chi-Yu\n|-damage|p2a: Chi-Yu|0 fnt\n|faint|p2a: Chi-Yu\n|\n|upkeep\n|\n|t:|1781446181\n|switch|p2a: Kommo-o|Kommo-o, L78, F|245/245\n|-damage|p2a: Kommo-o|230/245|[from] Stealth Rock\n|turn|21\n|\n|t:|1781446191\n|move|p1a: Archaludon|Body Press|p2a: Kommo-o\n|-damage|p2a: Kommo-o|77/245\n|move|p2a: Kommo-o|Clanging Scales|p1a: Archaludon\n|-damage|p1a: Archaludon|0 fnt\n|faint|p1a: Archaludon\n|-enditem|p2a: Kommo-o|Throat Spray\n|\n|win|Quassandra\n|l|\u2606hunky\n|player|p1|\n", "inputlog": ">version a8376a258c1d4662feba110a92103f3664a72141\n>start {\"formatid\":\"gen9randombattle\",\"seed\":\"sodium,68712a7027d578158a9aac08faa03c51\"}\n>player p1 {\"name\":\"hunky\",\"avatar\":\"265\",\"rating\":0,\"seed\":\"sodium,d79bfc6299b0322a62fee7b58e8f5cf4\"}\n>player p2 {\"name\":\"Quassandra\",\"avatar\":\"169\",\"rating\":0,\"seed\":\"sodium,5c5b529d4d5b46fd325f6a665c43fedb\"}\n>p1 move thunderwave\n>p2 switch 4\n>p1 move psychicnoise\n>p2 move sleeppowder\n>p1 move psychicnoise\n>p2 move sleeppowder\n>p2 switch 5\n>p1 move earthquake\n>p2 move calmmind\n>p1 move earthquake\n>p2 move fireblast\n>p1 switch 5\n>p1 move swordsdance\n>p2 move focusblast terastallize\n>p1 switch 2\n>p1 move psychicnoise\n>p2 move shadowball\n>p2 switch 4\n>p1 switch 3\n>p2 move darkpulse\n>p1 move stunspore\n>p2 switch 6\n>p1 switch 3\n>p2 move bodyslam\n>p1 move aeroblast\n>p2 move bodyslam\n>p1 switch 4\n>p1 move stealthrock\n>p2 switch 3\n>p1 move dynamicpunch\n>p2 move swordsdance\n>p1 move dynamicpunch\n>p2 move leafblade\n>p1 switch 3\n>p1 move gigadrain\n>p2 move closecombat\n>p1 move gigadrain\n>p2 move closecombat\n>p1 switch 6\n>p2 switch 3\n>p1 move bodypress terastallize\n>p2 move rest\n>p1 move bodypress\n>p2 move sleeptalk\n>p1 move bodypress\n>p2 move sleeptalk\n>p2 switch 6\n>p1 move bodypress\n>p2 move psychic\n>p2 switch 2\n>p1 move bodypress\n>p2 move clangingscales", "uploadtime": 1781446205, "views": 4, "formatid": "gen9randombattle", "rating": null, "private": 0, "password": null}