{"id": "gen9randombattle-2631496832", "format": "[Gen 9] Random Battle", "players": ["Youknowit123", "boxhero147"], "log": "|j|\u2606Youknowit123\n|j|\u2606boxhero147\n|t:|1781392500\n|gametype|singles\n|player|p1|Youknowit123|169|2033\n|player|p2|boxhero147|169|2065\n|gen|9\n|tier|[Gen 9] Random Battle\n|rated|\n|rule|Species Clause: Limit one of each Pok\u00e9mon\n|rule|HP Percentage Mod: HP is shown in percentages\n|rule|Sleep Clause Mod: Limit one foe put to sleep\n|rule|Illusion Level Mod: Illusion disguises the Pok\u00e9mon's true level\n|\n|t:|1781392500\n|teamsize|p1|6\n|teamsize|p2|6\n|start\n|switch|p1a: Volbeat|Volbeat, L90, M|263/263\n|switch|p2a: Frosmoth|Frosmoth, L82, F|249/249\n|turn|1\n|\n|t:|1781392512\n|switch|p2a: Pachirisu|Pachirisu, L96, F|271/271\n|move|p1a: Volbeat|Lunge|p2a: Pachirisu\n|-damage|p2a: Pachirisu|195/271\n|-unboost|p2a: Pachirisu|atk|1\n|\n|upkeep\n|turn|2\n|\n|t:|1781392521\n|switch|p1a: Minun|Minun, L95, F|268/268\n|move|p2a: Pachirisu|Nuzzle|p1a: Minun\n|-immune|p1a: Minun|[from] ability: Volt Absorb\n|\n|upkeep\n|turn|3\n|\n|t:|1781392528\n|move|p2a: Pachirisu|Super Fang|p1a: Minun\n|-damage|p1a: Minun|134/268\n|move|p1a: Minun|Alluring Voice|p2a: Pachirisu\n|-damage|p2a: Pachirisu|151/271\n|-damage|p1a: Minun|108/268|[from] item: Life Orb\n|\n|upkeep\n|turn|4\n|\n|t:|1781392536\n|switch|p1a: Volbeat|Volbeat, L90, M|263/263\n|move|p2a: Pachirisu|Super Fang|p1a: Volbeat\n|-damage|p1a: Volbeat|132/263\n|\n|upkeep\n|turn|5\n|\n|t:|1781392541\n|switch|p2a: Spiritomb|Spiritomb, L89, M|234/234\n|move|p1a: Volbeat|Lunge|p2a: Spiritomb\n|-damage|p2a: Spiritomb|174/234\n|-unboost|p2a: Spiritomb|atk|1\n|\n|-heal|p2a: Spiritomb|188/234|[from] item: Leftovers\n|upkeep\n|turn|6\n|c|\u2606boxhero147|honestly\n|c|\u2606boxhero147|wp\n|\n|t:|1781392556\n|switch|p1a: Snorlax|Snorlax, L82, M|397/397\n|move|p2a: Spiritomb|Foul Play|p1a: Snorlax\n|-damage|p1a: Snorlax|253/397\n|\n|-heal|p2a: Spiritomb|202/234|[from] item: Leftovers\n|upkeep\n|turn|7\n|c|\u2606boxhero147|aggressively playing volbeat like that\n|\n|t:|1781392573\n|move|p2a: Spiritomb|Foul Play|p1a: Snorlax\n|-damage|p1a: Snorlax|111/397\n|move|p1a: Snorlax|Crunch|p2a: Spiritomb\n|-damage|p2a: Spiritomb|156/234\n|\n|-heal|p2a: Spiritomb|170/234|[from] item: Leftovers\n|upkeep\n|turn|8\n|\n|t:|1781392588\n|switch|p1a: Minun|Minun, L95, F|108/268\n|move|p2a: Spiritomb|Foul Play|p1a: Minun\n|-damage|p1a: Minun|50/268\n|\n|-heal|p2a: Spiritomb|184/234|[from] item: Leftovers\n|upkeep\n|turn|9\n|\n|t:|1781392592\n|move|p2a: Spiritomb|Shadow Sneak|p1a: Minun\n|-crit|p1a: Minun\n|-damage|p1a: Minun|0 fnt\n|faint|p1a: Minun\n|\n|-heal|p2a: Spiritomb|198/234|[from] item: Leftovers\n|upkeep\n|\n|t:|1781392609\n|switch|p1a: Koraidon|Koraidon, L64|235/235\n|-weather|SunnyDay|[from] ability: Orichalcum Pulse|[of] p1a: Koraidon\n|-activate|p1a: Koraidon|Orichalcum Pulse|[source]\n|turn|10\n|\n|t:|1781392636\n|move|p1a: Koraidon|Swords Dance|p1a: Koraidon\n|-boost|p1a: Koraidon|atk|2\n|move|p2a: Spiritomb|Will-O-Wisp|p1a: Koraidon\n|-status|p1a: Koraidon|brn\n|\n|-weather|SunnyDay|[upkeep]\n|-heal|p2a: Spiritomb|212/234|[from] item: Leftovers\n|-damage|p1a: Koraidon|221/235 brn|[from] brn\n|upkeep\n|turn|11\n|\n|t:|1781392641\n|move|p1a: Koraidon|Swords Dance|p1a: Koraidon\n|-boost|p1a: Koraidon|atk|2\n|move|p2a: Spiritomb|Foul Play|p1a: Koraidon\n|-resisted|p1a: Koraidon\n|-damage|p1a: Koraidon|53/235 brn\n|\n|-weather|SunnyDay|[upkeep]\n|-heal|p2a: Spiritomb|226/234|[from] item: Leftovers\n|-damage|p1a: Koraidon|39/235 brn|[from] brn\n|upkeep\n|turn|12\n|\n|t:|1781392645\n|move|p2a: Spiritomb|Shadow Sneak|p1a: Koraidon\n|-damage|p1a: Koraidon|6/235 brn\n|move|p1a: Koraidon|Flare Blitz|p2a: Spiritomb\n|-crit|p2a: Spiritomb\n|-damage|p2a: Spiritomb|0 fnt\n|faint|p2a: Spiritomb\n|-damage|p1a: Koraidon|0 fnt|[from] Recoil\n|faint|p1a: Koraidon\n|\n|-weather|SunnyDay|[upkeep]\n|upkeep\n|\n|t:|1781392651\n|switch|p1a: Slither Wing|Slither Wing, L81|270/270\n|switch|p2a: Pachirisu|Pachirisu, L96, F|151/271\n|-activate|p1a: Slither Wing|ability: Protosynthesis\n|-start|p1a: Slither Wing|protosynthesisatk\n|turn|13\n|\n|t:|1781392655\n|move|p1a: Slither Wing|First Impression|p2a: Pachirisu\n|-damage|p2a: Pachirisu|0 fnt\n|faint|p2a: Pachirisu\n|-damage|p1a: Slither Wing|243/270|[from] item: Life Orb\n|\n|-weather|SunnyDay|[upkeep]\n|upkeep\n|\n|t:|1781392661\n|switch|p2a: Samurott|Samurott, L88, F|310/310\n|turn|14\n|\n|t:|1781392667\n|move|p1a: Slither Wing|Close Combat|p2a: Samurott\n|-damage|p2a: Samurott|71/310\n|-unboost|p1a: Slither Wing|def|1\n|-unboost|p1a: Slither Wing|spd|1\n|-damage|p1a: Slither Wing|216/270|[from] item: Life Orb\n|move|p2a: Samurott|Hydro Pump|p1a: Slither Wing|[miss]\n|-miss|p2a: Samurott|p1a: Slither Wing\n|\n|-weather|none\n|-end|p1a: Slither Wing|Protosynthesis\n|upkeep\n|turn|15\n|\n|t:|1781392675\n|move|p1a: Slither Wing|Earthquake|p2a: Samurott\n|-damage|p2a: Samurott|0 fnt\n|faint|p2a: Samurott\n|-damage|p1a: Slither Wing|189/270|[from] item: Life Orb\n|\n|upkeep\n|\n|t:|1781392681\n|switch|p2a: Metagross|Metagross, L79|256/256\n|turn|16\n|\n|t:|1781392685\n|move|p1a: Slither Wing|U-turn|p2a: Metagross\n|-damage|p2a: Metagross|170/256\n|-damage|p1a: Slither Wing|162/270|[from] item: Life Orb\n|\n|t:|1781392694\n|-end|p1a: Slither Wing|Protosynthesis|[silent]\n|switch|p1a: Deoxys|Deoxys-Speed, L82|216/216|[from] U-turn\n|-ability|p1a: Deoxys|Pressure\n|move|p2a: Metagross|Psychic Fangs|p1a: Deoxys\n|-resisted|p1a: Deoxys\n|-damage|p1a: Deoxys|159/216\n|\n|-heal|p1a: Deoxys|172/216|[from] item: Leftovers\n|upkeep\n|turn|17\n|\n|t:|1781392697\n|move|p1a: Deoxys|Stealth Rock|p2a: Metagross\n|-sidestart|p2: boxhero147|move: Stealth Rock\n|move|p2a: Metagross|Agility|p2a: Metagross\n|-boost|p2a: Metagross|spe|2\n|\n|-heal|p1a: Deoxys|185/216|[from] item: Leftovers\n|upkeep\n|turn|18\n|\n|t:|1781392704\n|move|p1a: Deoxys|Superpower|p2a: Metagross\n|-damage|p2a: Metagross|106/256\n|-unboost|p1a: Deoxys|atk|1\n|-unboost|p1a: Deoxys|def|1\n|move|p2a: Metagross|Heavy Slam|p1a: Deoxys\n|-damage|p1a: Deoxys|0 fnt\n|faint|p1a: Deoxys\n|\n|upkeep\n|\n|t:|1781392714\n|switch|p1a: Volbeat|Volbeat, L90, M|132/263\n|turn|19\n|\n|t:|1781392720\n|-terastallize|p2a: Metagross|Ground\n|move|p1a: Volbeat|Thunder Wave|p2a: Metagross\n|-immune|p2a: Metagross\n|move|p2a: Metagross|Heavy Slam|p1a: Volbeat\n|-damage|p1a: Volbeat|0 fnt\n|faint|p1a: Volbeat\n|\n|upkeep\n|\n|t:|1781392724\n|switch|p1a: Slither Wing|Slither Wing, L81|162/270\n|turn|20\n|\n|t:|1781392728\n|-terastallize|p1a: Slither Wing|Bug\n|move|p1a: Slither Wing|First Impression|p2a: Metagross\n|-damage|p2a: Metagross|0 fnt\n|faint|p2a: Metagross\n|-damage|p1a: Slither Wing|135/270|[from] item: Life Orb\n|\n|upkeep\n|\n|t:|1781392733\n|switch|p2a: Sinistcha|Sinistcha, L83|254/254\n|-damage|p2a: Sinistcha|223/254|[from] Stealth Rock\n|turn|21\n|\n|t:|1781392736\n|move|p1a: Slither Wing|U-turn|p2a: Sinistcha\n|-damage|p2a: Sinistcha|80/254\n|-damage|p1a: Slither Wing|108/270|[from] item: Life Orb\n|\n|t:|1781392738\n|-end|p1a: Slither Wing|Protosynthesis|[silent]\n|switch|p1a: Snorlax|Snorlax, L82, M|111/397|[from] U-turn\n|move|p2a: Sinistcha|Shadow Ball|p1a: Snorlax\n|-immune|p1a: Snorlax\n|\n|-heal|p2a: Sinistcha|95/254|[from] item: Leftovers\n|upkeep\n|turn|22\n|\n|t:|1781392744\n|move|p2a: Sinistcha|Strength Sap|p1a: Snorlax\n|-unboost|p1a: Snorlax|atk|1\n|-heal|p2a: Sinistcha|254/254\n|move|p1a: Snorlax|Rest|p1a: Snorlax\n|-status|p1a: Snorlax|slp|[from] move: Rest\n|-heal|p1a: Snorlax|397/397 slp|[silent]\n|-enditem|p1a: Snorlax|Chesto Berry|[eat]\n|-curestatus|p1a: Snorlax|slp|[msg]\n|\n|upkeep\n|turn|23\n|\n|t:|1781392748\n|move|p2a: Sinistcha|Calm Mind|p2a: Sinistcha\n|-boost|p2a: Sinistcha|spa|1\n|-boost|p2a: Sinistcha|spd|1\n|move|p1a: Snorlax|Curse|p1a: Snorlax\n|-unboost|p1a: Snorlax|spe|1\n|-boost|p1a: Snorlax|atk|1\n|-boost|p1a: Snorlax|def|1\n|\n|upkeep\n|turn|24\n|\n|t:|1781392750\n|move|p2a: Sinistcha|Matcha Gotcha|p1a: Snorlax\n|-damage|p1a: Snorlax|270/397\n|move|p1a: Snorlax|Curse|p1a: Snorlax\n|-unboost|p1a: Snorlax|spe|1\n|-boost|p1a: Snorlax|atk|1\n|-boost|p1a: Snorlax|def|1\n|\n|upkeep\n|turn|25\n|\n|t:|1781392756\n|move|p2a: Sinistcha|Matcha Gotcha|p1a: Snorlax\n|-damage|p1a: Snorlax|149/397\n|-status|p1a: Snorlax|brn\n|move|p1a: Snorlax|Crunch|p2a: Sinistcha\n|-supereffective|p2a: Sinistcha\n|-damage|p2a: Sinistcha|169/254\n|\n|-heal|p2a: Sinistcha|184/254|[from] item: Leftovers\n|-damage|p1a: Snorlax|125/397 brn|[from] brn\n|upkeep\n|turn|26\n|\n|t:|1781392760\n|move|p2a: Sinistcha|Calm Mind|p2a: Sinistcha\n|-boost|p2a: Sinistcha|spa|1\n|-boost|p2a: Sinistcha|spd|1\n|move|p1a: Snorlax|Rest|p1a: Snorlax\n|-status|p1a: Snorlax|slp|[from] move: Rest\n|-heal|p1a: Snorlax|397/397 slp|[silent]\n|\n|-heal|p2a: Sinistcha|199/254|[from] item: Leftovers\n|upkeep\n|turn|27\n|\n|t:|1781392763\n|move|p2a: Sinistcha|Strength Sap|p1a: Snorlax\n|-unboost|p1a: Snorlax|atk|1\n|-heal|p2a: Sinistcha|254/254\n|cant|p1a: Snorlax|slp\n|\n|upkeep\n|turn|28\n|\n|t:|1781392766\n|move|p2a: Sinistcha|Calm Mind|p2a: Sinistcha\n|-boost|p2a: Sinistcha|spa|1\n|-boost|p2a: Sinistcha|spd|1\n|cant|p1a: Snorlax|slp\n|\n|upkeep\n|turn|29\n|\n|t:|1781392768\n|switch|p1a: Slither Wing|Slither Wing, L81, tera:Bug|108/270\n|move|p2a: Sinistcha|Calm Mind|p2a: Sinistcha\n|-boost|p2a: Sinistcha|spa|1\n|-boost|p2a: Sinistcha|spd|1\n|\n|upkeep\n|turn|30\n|\n|t:|1781392772\n|move|p1a: Slither Wing|First Impression|p2a: Sinistcha\n|-damage|p2a: Sinistcha|88/254\n|-damage|p1a: Slither Wing|81/270|[from] item: Life Orb\n|move|p2a: Sinistcha|Shadow Ball|p1a: Slither Wing\n|-damage|p1a: Slither Wing|0 fnt\n|faint|p1a: Slither Wing\n|-end|p1a: Slither Wing|Protosynthesis|[silent]\n|\n|-heal|p2a: Sinistcha|103/254|[from] item: Leftovers\n|upkeep\n|-message|Youknowit123 forfeited.\n|\n|win|boxhero147\n|raw|Youknowit123's rating: 2033 &rarr; <strong>2015</strong><br />(-18 for losing)\n|raw|boxhero147's rating: 2065 &rarr; <strong>2083</strong><br />(+18 for winning)\n", "inputlog": ">version a8376a258c1d4662feba110a92103f3664a72141\n>start {\"formatid\":\"gen9randombattle\",\"seed\":\"sodium,f84d2cf234df1bb608712cdd5dcc2a88\",\"rated\":\"Rated battle\"}\n>player p1 {\"name\":\"Youknowit123\",\"avatar\":\"169\",\"rating\":2033,\"seed\":\"sodium,f43269468ea5cab01f952b3df3712cb1\"}\n>player p2 {\"name\":\"boxhero147\",\"avatar\":\"169\",\"rating\":2065,\"seed\":\"sodium,da53566391eac9f0cee24a629fec2684\"}\n>p1 move lunge\n>p2 switch 2\n>p1 switch 3\n>p2 move nuzzle\n>p1 move alluringvoice\n>p2 move superfang\n>p1 switch 3\n>p2 move superfang\n>p1 move lunge\n>p2 switch 3\n>chat \u2606boxhero147|honestly\n>chat \u2606boxhero147|wp\n>p1 switch 6\n>p2 move foulplay\n>chat \u2606boxhero147|aggressively playing volbeat like that\n>p1 move crunch\n>p2 move foulplay\n>p1 switch 3\n>p2 move foulplay\n>p1 move alluringvoice\n>p2 move shadowsneak\n>p1 switch 5\n>p1 move swordsdance\n>p2 move willowisp\n>p1 move swordsdance\n>p2 move foulplay\n>p1 move flareblitz\n>p2 move shadowsneak\n>p1 switch 2\n>p2 switch 3\n>p1 move firstimpression\n>p2 move nuzzle\n>p2 switch 4\n>p1 move closecombat\n>p2 move hydropump\n>p1 move earthquake\n>p2 move hydropump\n>p2 switch 6\n>p1 move uturn\n>p2 move psychicfangs\n>p1 switch 4\n>p1 move stealthrock\n>p2 move agility\n>p1 move superpower\n>p2 move heavyslam\n>p1 switch 6\n>p1 move thunderwave\n>p2 move heavyslam terastallize\n>p1 switch 4\n>p1 move firstimpression terastallize\n>p2 move psychicfangs\n>p2 switch 5\n>p1 move uturn\n>p2 move shadowball\n>p1 switch 3\n>p1 move rest\n>p2 move strengthsap\n>p1 move curse\n>p2 move calmmind\n>p1 move curse\n>p2 move matchagotcha\n>p1 move crunch\n>p2 move matchagotcha\n>p1 move rest\n>p2 move calmmind\n>p1 move crunch\n>p2 move strengthsap\n>p1 move crunch\n>p2 move calmmind\n>p1 switch 3\n>p2 move calmmind\n>p1 move firstimpression\n>p2 move shadowball\n>forcelose p1", "uploadtime": 1781392502, "views": 6, "formatid": "gen9randombattle", "rating": 2015, "private": 0, "password": null}