{"id": "gen9randombattle-2631498881", "format": "[Gen 9] Random Battle", "players": ["boxhero147", "moritzvb"], "log": "|j|\u2606boxhero147\n|j|\u2606moritzvb\n|t:|1781392790\n|gametype|singles\n|player|p1|boxhero147|169|2083\n|player|p2|moritzvb|ariana|2152\n|gen|9\n|tier|[Gen 9] Random Battle\n|rated|\n|rule|Species Clause: Limit one of each Pok\u00e9mon\n|rule|HP Percentage Mod: HP is shown in percentages\n|rule|Sleep Clause Mod: Limit one foe put to sleep\n|rule|Illusion Level Mod: Illusion disguises the Pok\u00e9mon's true level\n|\n|t:|1781392790\n|teamsize|p1|6\n|teamsize|p2|6\n|start\n|switch|p1a: Weezing|Weezing, L88, F|258/258\n|switch|p2a: Dedenne|Dedenne, L88, M|261/261\n|turn|1\n|\n|t:|1781392808\n|move|p2a: Dedenne|Nuzzle|p1a: Weezing\n|-damage|p1a: Weezing|245/258\n|-status|p1a: Weezing|par\n|cant|p1a: Weezing|par\n|\n|-heal|p1a: Weezing|258/258 par|[from] item: Leftovers\n|upkeep\n|turn|2\n|inactive|Battle timer is ON: inactive players will automatically lose when time's up. (requested by boxhero147)\n|\n|t:|1781392814\n|move|p2a: Dedenne|U-turn|p1a: Weezing\n|-resisted|p1a: Weezing\n|-damage|p1a: Weezing|243/258 par\n|\n|t:|1781392815\n|switch|p2a: Girafarig|Girafarig, L89, F|269/269|[from] U-turn\n|move|p1a: Weezing|Sludge Bomb|p2a: Girafarig\n|-damage|p2a: Girafarig|200/269\n|\n|-heal|p1a: Weezing|258/258 par|[from] item: Leftovers\n|upkeep\n|turn|3\n|\n|t:|1781392821\n|switch|p1a: Galvantula|Galvantula, L82, F|249/249\n|move|p2a: Girafarig|Nasty Plot|p2a: Girafarig\n|-boost|p2a: Girafarig|spa|2\n|\n|upkeep\n|turn|4\n|\n|t:|1781392826\n|move|p1a: Galvantula|Sticky Web|p2a: Girafarig\n|-sidestart|p2: moritzvb|move: Sticky Web\n|move|p2a: Girafarig|Psyshock|p1a: Galvantula\n|-damage|p1a: Galvantula|27/249\n|\n|upkeep\n|turn|5\n|\n|t:|1781392832\n|move|p1a: Galvantula|Bug Buzz|p2a: Girafarig\n|-supereffective|p2a: Girafarig\n|-damage|p2a: Girafarig|66/269\n|move|p2a: Girafarig|Shadow Ball|p1a: Galvantula\n|-damage|p1a: Galvantula|0 fnt\n|faint|p1a: Galvantula\n|\n|upkeep\n|\n|t:|1781392841\n|switch|p1a: Breloom|Breloom, L83, F|235/235\n|turn|6\n|\n|t:|1781392862\n|move|p1a: Breloom|Mach Punch|p2a: Girafarig\n|-damage|p2a: Girafarig|0 fnt\n|faint|p2a: Girafarig\n|-damage|p1a: Breloom|212/235|[from] item: Life Orb\n|\n|upkeep\n|\n|t:|1781392865\n|switch|p2a: Zapdos|Zapdos, L78|268/268\n|turn|7\n|\n|t:|1781392869\n|-terastallize|p1a: Breloom|Rock\n|move|p2a: Zapdos|Thunderbolt|p1a: Breloom\n|-damage|p1a: Breloom|70/235\n|move|p1a: Breloom|Rock Tomb|p2a: Zapdos\n|-supereffective|p2a: Zapdos\n|-damage|p2a: Zapdos|0 fnt\n|faint|p2a: Zapdos\n|-damage|p1a: Breloom|47/235|[from] item: Life Orb\n|\n|upkeep\n|\n|t:|1781392884\n|switch|p2a: Spiritomb|Spiritomb, L89, M|234/234\n|-activate|p2a: Spiritomb|move: Sticky Web\n|-unboost|p2a: Spiritomb|spe|1\n|turn|8\n|\n|t:|1781392891\n|move|p1a: Breloom|Bullet Seed|p2a: Spiritomb\n|-damage|p2a: Spiritomb|178/234\n|-damage|p2a: Spiritomb|130/234\n|-hitcount|p2a: Spiritomb|2\n|-damage|p1a: Breloom|24/235|[from] item: Life Orb\n|move|p2a: Spiritomb|Foul Play|p1a: Breloom\n|-damage|p1a: Breloom|0 fnt\n|faint|p1a: Breloom\n|\n|-heal|p2a: Spiritomb|144/234|[from] item: Leftovers\n|upkeep\n|\n|t:|1781392898\n|switch|p1a: Primarina|Primarina, L83, F|268/268\n|turn|9\n|\n|t:|1781392914\n|move|p1a: Primarina|Moonblast|p2a: Spiritomb\n|-supereffective|p2a: Spiritomb\n|-damage|p2a: Spiritomb|0 fnt\n|faint|p2a: Spiritomb\n|\n|upkeep\n|\n|t:|1781392917\n|switch|p2a: Infernape|Infernape, L82, F|259/259\n|-activate|p2a: Infernape|move: Sticky Web\n|-unboost|p2a: Infernape|spe|1\n|turn|10\n|\n|t:|1781392920\n|move|p2a: Infernape|Gunk Shot|p1a: Primarina\n|-supereffective|p1a: Primarina\n|-damage|p1a: Primarina|0 fnt\n|faint|p1a: Primarina\n|\n|upkeep\n|\n|t:|1781392926\n|switch|p1a: Quagsire|Quagsire, L84, F|297/297\n|turn|11\n|\n|t:|1781392930\n|switch|p2a: Dachsbun|Dachsbun, L92, F|254/254\n|-activate|p2a: Dachsbun|move: Sticky Web\n|-unboost|p2a: Dachsbun|spe|1\n|move|p1a: Quagsire|Earthquake|p2a: Dachsbun\n|-damage|p2a: Dachsbun|182/254\n|\n|-heal|p2a: Dachsbun|197/254|[from] item: Leftovers\n|upkeep\n|turn|12\n|\n|t:|1781392935\n|move|p2a: Dachsbun|Wish|p2a: Dachsbun\n|move|p1a: Quagsire|Toxic|p2a: Dachsbun\n|-status|p2a: Dachsbun|tox\n|\n|-heal|p2a: Dachsbun|212/254 tox|[from] item: Leftovers\n|-damage|p2a: Dachsbun|197/254 tox|[from] psn\n|upkeep\n|turn|13\n|\n|t:|1781392941\n|move|p2a: Dachsbun|Play Rough|p1a: Quagsire\n|-damage|p1a: Quagsire|197/297\n|move|p1a: Quagsire|Earthquake|p2a: Dachsbun\n|-damage|p2a: Dachsbun|122/254 tox\n|\n|-heal|p2a: Dachsbun|249/254 tox|[from] move: Wish|[wisher] Dachsbun\n|-heal|p2a: Dachsbun|254/254 tox|[from] item: Leftovers\n|-heal|p1a: Quagsire|215/297|[from] item: Leftovers\n|-damage|p2a: Dachsbun|224/254 tox|[from] psn\n|upkeep\n|turn|14\n|\n|t:|1781392945\n|move|p2a: Dachsbun|Yawn|p1a: Quagsire\n|-start|p1a: Quagsire|move: Yawn|[of] p2a: Dachsbun\n|move|p1a: Quagsire|Earthquake|p2a: Dachsbun\n|-damage|p2a: Dachsbun|152/254 tox\n|\n|-heal|p2a: Dachsbun|167/254 tox|[from] item: Leftovers\n|-heal|p1a: Quagsire|233/297|[from] item: Leftovers\n|-damage|p2a: Dachsbun|122/254 tox|[from] psn\n|upkeep\n|turn|15\n|\n|t:|1781392949\n|switch|p2a: Dedenne|Dedenne, L88, M|261/261\n|-activate|p2a: Dedenne|move: Sticky Web\n|-unboost|p2a: Dedenne|spe|1\n|switch|p1a: Weezing|Weezing, L88, F|258/258 par\n|\n|upkeep\n|turn|16\n|\n|t:|1781392954\n|move|p2a: Dedenne|Thunderbolt|p1a: Weezing\n|-damage|p1a: Weezing|155/258 par\n|move|p1a: Weezing|Sludge Bomb|p2a: Dedenne\n|-supereffective|p2a: Dedenne\n|-damage|p2a: Dedenne|39/261\n|-enditem|p2a: Dedenne|Sitrus Berry|[eat]\n|-heal|p2a: Dedenne|104/261|[from] item: Sitrus Berry\n|-heal|p2a: Dedenne|191/261|[from] ability: Cheek Pouch\n|\n|-heal|p1a: Weezing|171/258 par|[from] item: Leftovers\n|upkeep\n|turn|17\n|\n|t:|1781392961\n|move|p2a: Dedenne|Thunderbolt|p1a: Weezing\n|-damage|p1a: Weezing|68/258 par\n|move|p1a: Weezing|Sludge Bomb|p2a: Dedenne\n|-supereffective|p2a: Dedenne\n|-damage|p2a: Dedenne|0 fnt\n|faint|p2a: Dedenne\n|\n|-heal|p1a: Weezing|84/258 par|[from] item: Leftovers\n|upkeep\n|\n|t:|1781392964\n|switch|p2a: Infernape|Infernape, L82, F|259/259\n|-activate|p2a: Infernape|move: Sticky Web\n|-unboost|p2a: Infernape|spe|1\n|turn|18\n|\n|t:|1781392967\n|move|p2a: Infernape|Flare Blitz|p1a: Weezing\n|-damage|p1a: Weezing|0 fnt\n|faint|p1a: Weezing\n|-damage|p2a: Infernape|231/259|[from] Recoil\n|\n|upkeep\n|\n|t:|1781392969\n|switch|p1a: Quagsire|Quagsire, L84, F|233/297\n|turn|19\n|\n|t:|1781392972\n|switch|p2a: Dachsbun|Dachsbun, L92, F|122/254 tox\n|-activate|p2a: Dachsbun|move: Sticky Web\n|-unboost|p2a: Dachsbun|spe|1\n|move|p1a: Quagsire|Earthquake|p2a: Dachsbun\n|-damage|p2a: Dachsbun|44/254 tox\n|\n|-heal|p2a: Dachsbun|59/254 tox|[from] item: Leftovers\n|-heal|p1a: Quagsire|251/297|[from] item: Leftovers\n|-damage|p2a: Dachsbun|44/254 tox|[from] psn\n|upkeep\n|turn|20\n|\n|t:|1781392976\n|move|p2a: Dachsbun|Play Rough|p1a: Quagsire\n|-damage|p1a: Quagsire|157/297\n|move|p1a: Quagsire|Earthquake|p2a: Dachsbun\n|-damage|p2a: Dachsbun|0 fnt\n|faint|p2a: Dachsbun\n|\n|-heal|p1a: Quagsire|175/297|[from] item: Leftovers\n|upkeep\n|\n|t:|1781392979\n|switch|p2a: Infernape|Infernape, L82, F|231/259\n|-activate|p2a: Infernape|move: Sticky Web\n|-unboost|p2a: Infernape|spe|1\n|turn|21\n|\n|t:|1781392985\n|move|p2a: Infernape|Close Combat|p1a: Quagsire\n|-damage|p1a: Quagsire|0 fnt\n|-unboost|p2a: Infernape|def|1\n|-unboost|p2a: Infernape|spd|1\n|faint|p1a: Quagsire\n|\n|upkeep\n|\n|t:|1781392990\n|switch|p1a: Gogoat|Gogoat, L88, M|360/360\n|turn|22\n|\n|t:|1781392994\n|move|p1a: Gogoat|Rock Slide|p2a: Infernape\n|-damage|p2a: Infernape|129/259\n|move|p2a: Infernape|Close Combat|p1a: Gogoat\n|-damage|p1a: Gogoat|132/360\n|-unboost|p2a: Infernape|def|1\n|-unboost|p2a: Infernape|spd|1\n|\n|-heal|p1a: Gogoat|154/360|[from] item: Leftovers\n|upkeep\n|turn|23\n|\n|t:|1781393000\n|move|p1a: Gogoat|Milk Drink|p1a: Gogoat\n|-heal|p1a: Gogoat|334/360\n|move|p2a: Infernape|Close Combat|p1a: Gogoat\n|-damage|p1a: Gogoat|91/360\n|-unboost|p2a: Infernape|def|1\n|-unboost|p2a: Infernape|spd|1\n|\n|-heal|p1a: Gogoat|113/360|[from] item: Leftovers\n|upkeep\n|turn|24\n|\n|t:|1781393004\n|move|p1a: Gogoat|Rock Slide|p2a: Infernape\n|-damage|p2a: Infernape|0 fnt\n|faint|p2a: Infernape\n|\n|win|boxhero147\n", "inputlog": ">version a8376a258c1d4662feba110a92103f3664a72141\n>start {\"formatid\":\"gen9randombattle\",\"seed\":\"sodium,ad093f8b389a2e81cec7f67d0bc05c1f\",\"rated\":\"Rated battle\"}\n>player p1 {\"name\":\"boxhero147\",\"avatar\":\"169\",\"rating\":2083,\"seed\":\"sodium,af61ffe5584dcd327f96a8471e1cc1e1\"}\n>player p2 {\"name\":\"moritzvb\",\"avatar\":\"ariana\",\"rating\":2152,\"seed\":\"sodium,5673d6f02713687720733821c195c0c5\"}\n>p1 move sludgebomb\n>p2 move nuzzle\n>p1 move sludgebomb\n>p2 move uturn\n>p2 switch 5\n>p1 switch 3\n>p2 move nastyplot\n>p1 move stickyweb\n>p2 move psyshock\n>p1 move bugbuzz\n>p2 move shadowball\n>p1 switch 2\n>p1 move machpunch\n>p2 move psyshock\n>p2 switch 3\n>p1 move rocktomb terastallize\n>p2 move thunderbolt\n>p2 switch 4\n>p1 move bulletseed\n>p2 move foulplay\n>p1 switch 4\n>p1 move moonblast\n>p2 move painsplit\n>p2 switch 2\n>p1 move moonblast\n>p2 move gunkshot\n>p1 switch 5\n>p1 move earthquake\n>p2 switch 6\n>p1 move toxic\n>p2 move wish\n>p1 move earthquake\n>p2 move playrough\n>p1 move earthquake\n>p2 move yawn\n>p1 switch 3\n>p2 switch 5\n>p1 move sludgebomb\n>p2 move thunderbolt\n>p1 move sludgebomb\n>p2 move thunderbolt\n>p2 switch 6\n>p1 move sludgebomb\n>p2 move flareblitz\n>p1 switch 3\n>p1 move earthquake\n>p2 switch 5\n>p1 move earthquake\n>p2 move playrough\n>p2 switch 5\n>p1 move earthquake\n>p2 move closecombat\n>p1 switch 6\n>p1 move rockslide\n>p2 move closecombat\n>p1 move milkdrink\n>p2 move closecombat\n>p1 move rockslide\n>p2 move closecombat", "uploadtime": 1781392792, "views": 4, "formatid": "gen9randombattle", "rating": null, "private": 0, "password": null}