{"id": "gen9randombattle-2631972072", "format": "[Gen 9] Random Battle", "players": ["Mulinha", "Donpalinho"], "log": "|j|\u2606Mulinha\n|j|\u2606Donpalinho\n|t:|1781461422\n|gametype|singles\n|player|p1|Mulinha|hooligans|1903\n|player|p2|Donpalinho|1|1991\n|gen|9\n|tier|[Gen 9] Random Battle\n|rated|\n|rule|Species Clause: Limit one of each Pok\u00e9mon\n|rule|HP Percentage Mod: HP is shown in percentages\n|rule|Sleep Clause Mod: Limit one foe put to sleep\n|rule|Illusion Level Mod: Illusion disguises the Pok\u00e9mon's true level\n|\n|t:|1781461422\n|teamsize|p1|6\n|teamsize|p2|6\n|start\n|switch|p1a: Araquanid|Araquanid, L82, M|246/246\n|switch|p2a: Entei|Entei, L78|307/307\n|turn|1\n|inactive|Battle timer is ON: inactive players will automatically lose when time's up. (requested by Mulinha)\n|\n|t:|1781461431\n|move|p2a: Entei|Flare Blitz|p1a: Araquanid\n|-damage|p1a: Araquanid|153/246\n|-damage|p2a: Entei|276/307|[from] Recoil\n|move|p1a: Araquanid|Sticky Web|p2a: Entei\n|-sidestart|p2: Donpalinho|move: Sticky Web\n|\n|upkeep\n|turn|2\n|\n|t:|1781461456\n|switch|p2a: Munkidori|Munkidori, L79, M|269/269\n|-activate|p2a: Munkidori|move: Sticky Web\n|-unboost|p2a: Munkidori|spe|1\n|move|p1a: Araquanid|Liquidation|p2a: Munkidori\n|-damage|p2a: Munkidori|107/269\n|\n|upkeep\n|turn|3\n|\n|t:|1781461461\n|move|p2a: Munkidori|Sludge Wave|p1a: Araquanid\n|-damage|p1a: Araquanid|21/246\n|move|p1a: Araquanid|Leech Life|p2a: Munkidori\n|-damage|p2a: Munkidori|26/269\n|-heal|p1a: Araquanid|62/246|[from] drain|[of] p2a: Munkidori\n|\n|upkeep\n|turn|4\n|\n|t:|1781461467\n|move|p2a: Munkidori|Sludge Wave|p1a: Araquanid\n|-damage|p1a: Araquanid|0 fnt\n|faint|p1a: Araquanid\n|\n|upkeep\n|\n|t:|1781461475\n|switch|p1a: Floatzel|Floatzel, L86, F, shiny|286/286\n|turn|5\n|\n|t:|1781461477\n|move|p1a: Floatzel|Flip Turn|p2a: Munkidori\n|-crit|p2a: Munkidori\n|-damage|p2a: Munkidori|0 fnt\n|faint|p2a: Munkidori\n|\n|t:|1781461482\n|switch|p1a: Dudunsparce|Dudunsparce, L83, F|343/343|[from] Flip Turn\n|\n|upkeep\n|\n|t:|1781461490\n|switch|p2a: Wigglytuff|Wigglytuff, L96, F|424/424\n|-activate|p2a: Wigglytuff|move: Sticky Web\n|-unboost|p2a: Wigglytuff|spe|1\n|-ability|p2a: Wigglytuff|Competitive|boost\n|-boost|p2a: Wigglytuff|spa|2\n|turn|6\n|\n|t:|1781461493\n|move|p1a: Dudunsparce|Calm Mind|p1a: Dudunsparce\n|-boost|p1a: Dudunsparce|spa|1\n|-boost|p1a: Dudunsparce|spd|1\n|move|p2a: Wigglytuff|Alluring Voice|p1a: Dudunsparce\n|-damage|p1a: Dudunsparce|198/343\n|-start|p1a: Dudunsparce|confusion\n|\n|-heal|p1a: Dudunsparce|219/343|[from] item: Leftovers\n|upkeep\n|turn|7\n|\n|t:|1781461497\n|-activate|p1a: Dudunsparce|confusion\n|-damage|p1a: Dudunsparce|192/343|[from] confusion\n|move|p2a: Wigglytuff|Alluring Voice|p1a: Dudunsparce\n|-damage|p1a: Dudunsparce|41/343\n|\n|-heal|p1a: Dudunsparce|62/343|[from] item: Leftovers\n|upkeep\n|turn|8\n|\n|t:|1781461504\n|-activate|p1a: Dudunsparce|confusion\n|move|p1a: Dudunsparce|Roost|p1a: Dudunsparce\n|-heal|p1a: Dudunsparce|234/343\n|-singleturn|p1a: Dudunsparce|move: Roost\n|move|p2a: Wigglytuff|Alluring Voice|p1a: Dudunsparce\n|-damage|p1a: Dudunsparce|95/343\n|\n|-heal|p1a: Dudunsparce|116/343|[from] item: Leftovers\n|upkeep\n|turn|9\n|\n|t:|1781461509\n|-end|p1a: Dudunsparce|confusion\n|move|p1a: Dudunsparce|Roost|p1a: Dudunsparce\n|-heal|p1a: Dudunsparce|288/343\n|-singleturn|p1a: Dudunsparce|move: Roost\n|move|p2a: Wigglytuff|Alluring Voice|p1a: Dudunsparce\n|-damage|p1a: Dudunsparce|143/343\n|\n|-heal|p1a: Dudunsparce|164/343|[from] item: Leftovers\n|upkeep\n|turn|10\n|\n|t:|1781461514\n|move|p1a: Dudunsparce|Roost|p1a: Dudunsparce\n|-heal|p1a: Dudunsparce|336/343\n|-singleturn|p1a: Dudunsparce|move: Roost\n|move|p2a: Wigglytuff|Alluring Voice|p1a: Dudunsparce\n|-damage|p1a: Dudunsparce|185/343\n|\n|-heal|p1a: Dudunsparce|206/343|[from] item: Leftovers\n|upkeep\n|turn|11\n|\n|t:|1781461517\n|move|p1a: Dudunsparce|Boomburst|p2a: Wigglytuff\n|-crit|p2a: Wigglytuff\n|-damage|p2a: Wigglytuff|15/424\n|move|p2a: Wigglytuff|Alluring Voice|p1a: Dudunsparce\n|-damage|p1a: Dudunsparce|44/343\n|\n|-heal|p1a: Dudunsparce|65/343|[from] item: Leftovers\n|-heal|p2a: Wigglytuff|41/424|[from] item: Leftovers\n|upkeep\n|turn|12\n|\n|t:|1781461521\n|move|p1a: Dudunsparce|Roost|p1a: Dudunsparce\n|-heal|p1a: Dudunsparce|237/343\n|-singleturn|p1a: Dudunsparce|move: Roost\n|move|p2a: Wigglytuff|Alluring Voice|p1a: Dudunsparce\n|-damage|p1a: Dudunsparce|77/343\n|\n|-heal|p1a: Dudunsparce|98/343|[from] item: Leftovers\n|-heal|p2a: Wigglytuff|67/424|[from] item: Leftovers\n|upkeep\n|turn|13\n|\n|t:|1781461524\n|move|p1a: Dudunsparce|Boomburst|p2a: Wigglytuff\n|-damage|p2a: Wigglytuff|0 fnt\n|faint|p2a: Wigglytuff\n|\n|-heal|p1a: Dudunsparce|119/343|[from] item: Leftovers\n|upkeep\n|\n|t:|1781461530\n|switch|p2a: Malamar|Malamar, L82, F|275/275\n|-activate|p2a: Malamar|move: Sticky Web\n|-boost|p2a: Malamar|spe|1\n|turn|14\n|\n|t:|1781461538\n|switch|p1a: Whimsicott|Whimsicott, L84, F|238/238\n|move|p2a: Malamar|Superpower|p1a: Whimsicott\n|-resisted|p1a: Whimsicott\n|-damage|p1a: Whimsicott|198/238\n|-boost|p2a: Malamar|atk|1\n|-boost|p2a: Malamar|def|1\n|\n|-heal|p1a: Whimsicott|212/238|[from] item: Leftovers\n|upkeep\n|turn|15\n|\n|t:|1781461546\n|switch|p2a: Entei|Entei, L78|276/307\n|-activate|p2a: Entei|move: Sticky Web\n|-unboost|p2a: Entei|spe|1\n|move|p1a: Whimsicott|Encore||[still]\n|-fail|p1a: Whimsicott\n|\n|-heal|p1a: Whimsicott|226/238|[from] item: Leftovers\n|upkeep\n|turn|16\n|\n|t:|1781461553\n|move|p1a: Whimsicott|Substitute|p1a: Whimsicott\n|-start|p1a: Whimsicott|Substitute\n|-damage|p1a: Whimsicott|167/238\n|move|p2a: Entei|Flare Blitz|p1a: Whimsicott\n|-supereffective|p1a: Whimsicott\n|-end|p1a: Whimsicott|Substitute\n|-damage|p2a: Entei|257/307|[from] Recoil|[of] p1a: Whimsicott\n|\n|-heal|p1a: Whimsicott|181/238|[from] item: Leftovers\n|upkeep\n|turn|17\n|\n|t:|1781461559\n|switch|p1a: Floatzel|Floatzel, L86, F, shiny|286/286\n|move|p2a: Entei|Flare Blitz|p1a: Floatzel\n|-resisted|p1a: Floatzel\n|-damage|p1a: Floatzel|163/286\n|-damage|p2a: Entei|216/307|[from] Recoil\n|\n|upkeep\n|turn|18\n|\n|t:|1781461562\n|move|p1a: Floatzel|Wave Crash|p2a: Entei\n|-supereffective|p2a: Entei\n|-damage|p2a: Entei|0 fnt\n|faint|p2a: Entei\n|-damage|p1a: Floatzel|92/286|[from] Recoil\n|\n|upkeep\n|\n|t:|1781461567\n|switch|p2a: Malamar|Malamar, L82, F|275/275\n|-activate|p2a: Malamar|move: Sticky Web\n|-boost|p2a: Malamar|spe|1\n|turn|19\n|\n|t:|1781461569\n|move|p2a: Malamar|Psycho Cut|p1a: Floatzel\n|-damage|p1a: Floatzel|0 fnt\n|faint|p1a: Floatzel\n|\n|upkeep\n|\n|t:|1781461572\n|switch|p1a: Klefki|Klefki, L84, F|233/233\n|turn|20\n|\n|t:|1781461576\n|switch|p2a: Garganacl|Garganacl, L80, F|291/291\n|-activate|p2a: Garganacl|move: Sticky Web\n|-unboost|p2a: Garganacl|spe|1\n|move|p1a: Klefki|Thunder Wave|p2a: Garganacl|[miss]\n|-miss|p1a: Klefki|p2a: Garganacl\n|\n|upkeep\n|turn|21\n|\n|t:|1781461586\n|move|p1a: Klefki|Spikes|p2a: Garganacl\n|-sidestart|p2: Donpalinho|Spikes\n|move|p2a: Garganacl|Salt Cure|p1a: Klefki\n|-resisted|p1a: Klefki\n|-damage|p1a: Klefki|215/233\n|-start|p1a: Klefki|Salt Cure\n|\n|-heal|p1a: Klefki|229/233|[from] item: Leftovers\n|-damage|p1a: Klefki|171/233|[from] Salt Cure\n|upkeep\n|turn|22\n|\n|t:|1781461591\n|switch|p1a: Whimsicott|Whimsicott, L84, F|181/238\n|move|p2a: Garganacl|Stealth Rock|p1a: Whimsicott\n|-sidestart|p1: Mulinha|move: Stealth Rock\n|\n|-heal|p1a: Whimsicott|195/238|[from] item: Leftovers\n|upkeep\n|turn|23\n|\n|t:|1781461596\n|switch|p2a: Florges|Florges-White, L85, F|271/271\n|-activate|p2a: Florges|move: Sticky Web\n|-unboost|p2a: Florges|spe|1\n|-damage|p2a: Florges|238/271|[from] Spikes\n|move|p1a: Whimsicott|Substitute|p1a: Whimsicott\n|-start|p1a: Whimsicott|Substitute\n|-damage|p1a: Whimsicott|136/238\n|\n|-heal|p1a: Whimsicott|150/238|[from] item: Leftovers\n|-heal|p2a: Florges|254/271|[from] item: Leftovers\n|upkeep\n|turn|24\n|\n|t:|1781461600\n|move|p1a: Whimsicott|Leech Seed|p2a: Florges\n|-start|p2a: Florges|move: Leech Seed\n|move|p2a: Florges|Moonblast|p1a: Whimsicott\n|-end|p1a: Whimsicott|Substitute\n|\n|-heal|p1a: Whimsicott|164/238|[from] item: Leftovers\n|-heal|p2a: Florges|270/271|[from] item: Leftovers\n|-damage|p2a: Florges|237/271|[from] Leech Seed|[of] p1a: Whimsicott\n|-heal|p1a: Whimsicott|197/238|[silent]\n|upkeep\n|turn|25\n|\n|t:|1781461606\n|move|p1a: Whimsicott|Substitute|p1a: Whimsicott\n|-start|p1a: Whimsicott|Substitute\n|-damage|p1a: Whimsicott|138/238\n|move|p2a: Florges|Moonblast|p1a: Whimsicott\n|-end|p1a: Whimsicott|Substitute\n|\n|-heal|p1a: Whimsicott|152/238|[from] item: Leftovers\n|-heal|p2a: Florges|253/271|[from] item: Leftovers\n|-damage|p2a: Florges|220/271|[from] Leech Seed|[of] p1a: Whimsicott\n|-heal|p1a: Whimsicott|185/238|[silent]\n|upkeep\n|turn|26\n|\n|t:|1781461609\n|switch|p2a: Malamar|Malamar, L82, F|275/275\n|-activate|p2a: Malamar|move: Sticky Web\n|-boost|p2a: Malamar|spe|1\n|-damage|p2a: Malamar|241/275|[from] Spikes\n|move|p1a: Whimsicott|Substitute|p1a: Whimsicott\n|-start|p1a: Whimsicott|Substitute\n|-damage|p1a: Whimsicott|126/238\n|\n|-heal|p1a: Whimsicott|140/238|[from] item: Leftovers\n|upkeep\n|turn|27\n|\n|t:|1781461614\n|switch|p2a: Florges|Florges-White, L85, F|220/271\n|-activate|p2a: Florges|move: Sticky Web\n|-unboost|p2a: Florges|spe|1\n|-damage|p2a: Florges|187/271|[from] Spikes\n|move|p1a: Whimsicott|Moonblast|p2a: Florges\n|-damage|p2a: Florges|130/271\n|\n|-heal|p1a: Whimsicott|154/238|[from] item: Leftovers\n|-heal|p2a: Florges|146/271|[from] item: Leftovers\n|upkeep\n|turn|28\n|\n|t:|1781461618\n|move|p1a: Whimsicott|Leech Seed|p2a: Florges\n|-start|p2a: Florges|move: Leech Seed\n|move|p2a: Florges|Wish|p2a: Florges\n|\n|-heal|p1a: Whimsicott|168/238|[from] item: Leftovers\n|-heal|p2a: Florges|162/271|[from] item: Leftovers\n|-damage|p2a: Florges|129/271|[from] Leech Seed|[of] p1a: Whimsicott\n|-heal|p1a: Whimsicott|201/238|[silent]\n|upkeep\n|turn|29\n|\n|t:|1781461623\n|move|p1a: Whimsicott|Moonblast|p2a: Florges\n|-damage|p2a: Florges|74/271\n|move|p2a: Florges|Moonblast|p1a: Whimsicott\n|-end|p1a: Whimsicott|Substitute\n|\n|-heal|p2a: Florges|209/271|[from] move: Wish|[wisher] Florges\n|-heal|p1a: Whimsicott|215/238|[from] item: Leftovers\n|-heal|p2a: Florges|225/271|[from] item: Leftovers\n|-damage|p2a: Florges|192/271|[from] Leech Seed|[of] p1a: Whimsicott\n|-heal|p1a: Whimsicott|238/238|[silent]\n|upkeep\n|turn|30\n|\n|t:|1781461629\n|switch|p2a: Malamar|Malamar, L82, F|241/275\n|-activate|p2a: Malamar|move: Sticky Web\n|-boost|p2a: Malamar|spe|1\n|-damage|p2a: Malamar|207/275|[from] Spikes\n|move|p1a: Whimsicott|Moonblast|p2a: Malamar\n|-supereffective|p2a: Malamar\n|-damage|p2a: Malamar|25/275\n|-boost|p2a: Malamar|spa|1\n|\n|upkeep\n|turn|31\n|\n|t:|1781461646\n|move|p2a: Malamar|Psycho Cut|p1a: Whimsicott\n|-damage|p1a: Whimsicott|171/238\n|move|p1a: Whimsicott|Moonblast|p2a: Malamar\n|-supereffective|p2a: Malamar\n|-damage|p2a: Malamar|0 fnt\n|faint|p2a: Malamar\n|\n|-heal|p1a: Whimsicott|185/238|[from] item: Leftovers\n|upkeep\n|\n|t:|1781461650\n|switch|p2a: Florges|Florges-White, L85, F|192/271\n|-activate|p2a: Florges|move: Sticky Web\n|-unboost|p2a: Florges|spe|1\n|-damage|p2a: Florges|159/271|[from] Spikes\n|turn|32\n|\n|t:|1781461654\n|move|p1a: Whimsicott|Leech Seed|p2a: Florges\n|-start|p2a: Florges|move: Leech Seed\n|move|p2a: Florges|Moonblast|p1a: Whimsicott\n|-damage|p1a: Whimsicott|59/238\n|\n|-heal|p1a: Whimsicott|73/238|[from] item: Leftovers\n|-heal|p2a: Florges|175/271|[from] item: Leftovers\n|-damage|p2a: Florges|142/271|[from] Leech Seed|[of] p1a: Whimsicott\n|-heal|p1a: Whimsicott|106/238|[silent]\n|upkeep\n|turn|33\n|\n|t:|1781461660\n|move|p1a: Whimsicott|Substitute|p1a: Whimsicott\n|-start|p1a: Whimsicott|Substitute\n|-damage|p1a: Whimsicott|47/238\n|move|p2a: Florges|Moonblast|p1a: Whimsicott\n|-end|p1a: Whimsicott|Substitute\n|\n|-heal|p1a: Whimsicott|61/238|[from] item: Leftovers\n|-heal|p2a: Florges|158/271|[from] item: Leftovers\n|-damage|p2a: Florges|125/271|[from] Leech Seed|[of] p1a: Whimsicott\n|-heal|p1a: Whimsicott|94/238|[silent]\n|upkeep\n|turn|34\n|\n|t:|1781461666\n|move|p1a: Whimsicott|Substitute|p1a: Whimsicott\n|-start|p1a: Whimsicott|Substitute\n|-damage|p1a: Whimsicott|35/238\n|move|p2a: Florges|Wish|p2a: Florges\n|\n|-heal|p1a: Whimsicott|49/238|[from] item: Leftovers\n|-heal|p2a: Florges|141/271|[from] item: Leftovers\n|-damage|p2a: Florges|108/271|[from] Leech Seed|[of] p1a: Whimsicott\n|-heal|p1a: Whimsicott|82/238|[silent]\n|upkeep\n|turn|35\n|\n|t:|1781461671\n|move|p1a: Whimsicott|Encore|p2a: Florges\n|-start|p2a: Florges|Encore\n|move|p2a: Florges|Wish||[still]\n|-fail|p2a: Florges\n|\n|-heal|p2a: Florges|243/271|[from] move: Wish|[wisher] Florges\n|-heal|p1a: Whimsicott|96/238|[from] item: Leftovers\n|-heal|p2a: Florges|259/271|[from] item: Leftovers\n|-damage|p2a: Florges|226/271|[from] Leech Seed|[of] p1a: Whimsicott\n|-heal|p1a: Whimsicott|129/238|[silent]\n|upkeep\n|turn|36\n|\n|t:|1781461676\n|move|p1a: Whimsicott|Leech Seed||[still]\n|-fail|p1a: Whimsicott\n|move|p2a: Florges|Wish|p2a: Florges\n|\n|-heal|p1a: Whimsicott|143/238|[from] item: Leftovers\n|-heal|p2a: Florges|242/271|[from] item: Leftovers\n|-damage|p2a: Florges|209/271|[from] Leech Seed|[of] p1a: Whimsicott\n|-heal|p1a: Whimsicott|176/238|[silent]\n|upkeep\n|turn|37\n|\n|t:|1781461680\n|move|p1a: Whimsicott|Moonblast|p2a: Florges\n|-damage|p2a: Florges|151/271\n|-unboost|p2a: Florges|spa|1\n|move|p2a: Florges|Wish||[still]\n|-fail|p2a: Florges\n|\n|-heal|p2a: Florges|271/271|[from] move: Wish|[wisher] Florges\n|-heal|p1a: Whimsicott|190/238|[from] item: Leftovers\n|-damage|p2a: Florges|238/271|[from] Leech Seed|[of] p1a: Whimsicott\n|-heal|p1a: Whimsicott|223/238|[silent]\n|-end|p2a: Florges|Encore\n|upkeep\n|turn|38\n|\n|t:|1781461684\n|move|p1a: Whimsicott|Encore|p2a: Florges\n|-start|p2a: Florges|Encore\n|move|p2a: Florges|Wish|p2a: Florges\n|\n|-heal|p1a: Whimsicott|237/238|[from] item: Leftovers\n|-heal|p2a: Florges|254/271|[from] item: Leftovers\n|-damage|p2a: Florges|221/271|[from] Leech Seed|[of] p1a: Whimsicott\n|-heal|p1a: Whimsicott|238/238|[silent]\n|upkeep\n|turn|39\n|\n|t:|1781461689\n|move|p1a: Whimsicott|Moonblast|p2a: Florges\n|-damage|p2a: Florges|169/271\n|-unboost|p2a: Florges|spa|1\n|move|p2a: Florges|Wish||[still]\n|-fail|p2a: Florges\n|\n|-heal|p2a: Florges|271/271|[from] move: Wish|[wisher] Florges\n|-damage|p2a: Florges|238/271|[from] Leech Seed|[of] p1a: Whimsicott\n|upkeep\n|turn|40\n|\n|t:|1781461698\n|move|p1a: Whimsicott|Moonblast|p2a: Florges\n|-crit|p2a: Florges\n|-damage|p2a: Florges|156/271\n|move|p2a: Florges|Wish|p2a: Florges\n|\n|-heal|p2a: Florges|172/271|[from] item: Leftovers\n|-damage|p2a: Florges|139/271|[from] Leech Seed|[of] p1a: Whimsicott\n|-end|p2a: Florges|Encore\n|upkeep\n|turn|41\n|\n|t:|1781461704\n|move|p1a: Whimsicott|Encore|p2a: Florges\n|-start|p2a: Florges|Encore\n|move|p2a: Florges|Wish||[still]\n|-fail|p2a: Florges\n|\n|-heal|p2a: Florges|271/271|[from] move: Wish|[wisher] Florges\n|-damage|p2a: Florges|238/271|[from] Leech Seed|[of] p1a: Whimsicott\n|upkeep\n|turn|42\n|\n|t:|1781461709\n|move|p1a: Whimsicott|Moonblast|p2a: Florges\n|-damage|p2a: Florges|181/271\n|move|p2a: Florges|Wish|p2a: Florges\n|\n|-heal|p2a: Florges|197/271|[from] item: Leftovers\n|-damage|p2a: Florges|164/271|[from] Leech Seed|[of] p1a: Whimsicott\n|upkeep\n|turn|43\n|\n|t:|1781461716\n|move|p1a: Whimsicott|Moonblast|p2a: Florges\n|-damage|p2a: Florges|107/271\n|move|p2a: Florges|Wish||[still]\n|-fail|p2a: Florges\n|\n|-heal|p2a: Florges|242/271|[from] move: Wish|[wisher] Florges\n|-heal|p2a: Florges|258/271|[from] item: Leftovers\n|-damage|p2a: Florges|225/271|[from] Leech Seed|[of] p1a: Whimsicott\n|-end|p2a: Florges|Encore\n|upkeep\n|turn|44\n|\n|t:|1781461721\n|switch|p2a: Garganacl|Garganacl, L80, F|291/291\n|-activate|p2a: Garganacl|move: Sticky Web\n|-unboost|p2a: Garganacl|spe|1\n|-damage|p2a: Garganacl|255/291|[from] Spikes\n|move|p1a: Whimsicott|Encore||[still]\n|-fail|p1a: Whimsicott\n|\n|-heal|p2a: Garganacl|273/291|[from] item: Leftovers\n|upkeep\n|turn|45\n|\n|t:|1781461727\n|move|p1a: Whimsicott|Leech Seed|p2a: Garganacl\n|-start|p2a: Garganacl|move: Leech Seed\n|move|p2a: Garganacl|Salt Cure|p1a: Whimsicott\n|-activate|p1a: Whimsicott|move: Substitute|[damage]\n|\n|-heal|p2a: Garganacl|291/291|[from] item: Leftovers\n|-damage|p2a: Garganacl|255/291|[from] Leech Seed|[of] p1a: Whimsicott\n|upkeep\n|turn|46\n|\n|t:|1781461734\n|move|p1a: Whimsicott|Encore|p2a: Garganacl\n|-start|p2a: Garganacl|Encore\n|move|p2a: Garganacl|Salt Cure|p1a: Whimsicott\n|-end|p1a: Whimsicott|Substitute\n|\n|-heal|p2a: Garganacl|273/291|[from] item: Leftovers\n|-damage|p2a: Garganacl|237/291|[from] Leech Seed|[of] p1a: Whimsicott\n|upkeep\n|turn|47\n|\n|t:|1781461736\n|move|p1a: Whimsicott|Substitute|p1a: Whimsicott\n|-start|p1a: Whimsicott|Substitute\n|-damage|p1a: Whimsicott|179/238\n|move|p2a: Garganacl|Salt Cure|p1a: Whimsicott\n|-activate|p1a: Whimsicott|move: Substitute|[damage]\n|\n|-heal|p1a: Whimsicott|193/238|[from] item: Leftovers\n|-heal|p2a: Garganacl|255/291|[from] item: Leftovers\n|-damage|p2a: Garganacl|219/291|[from] Leech Seed|[of] p1a: Whimsicott\n|-heal|p1a: Whimsicott|229/238|[silent]\n|upkeep\n|turn|48\n|\n|t:|1781461739\n|move|p1a: Whimsicott|Moonblast|p2a: Garganacl\n|-damage|p2a: Garganacl|134/291\n|move|p2a: Garganacl|Salt Cure|p1a: Whimsicott\n|-end|p1a: Whimsicott|Substitute\n|\n|-heal|p1a: Whimsicott|238/238|[from] item: Leftovers\n|-heal|p2a: Garganacl|152/291|[from] item: Leftovers\n|-damage|p2a: Garganacl|116/291|[from] Leech Seed|[of] p1a: Whimsicott\n|-end|p2a: Garganacl|Encore\n|upkeep\n|turn|49\n|\n|t:|1781461750\n|switch|p2a: Florges|Florges-White, L85, F|225/271\n|-activate|p2a: Florges|move: Sticky Web\n|-unboost|p2a: Florges|spe|1\n|-damage|p2a: Florges|192/271|[from] Spikes\n|move|p1a: Whimsicott|Substitute|p1a: Whimsicott\n|-start|p1a: Whimsicott|Substitute\n|-damage|p1a: Whimsicott|179/238\n|\n|-heal|p1a: Whimsicott|193/238|[from] item: Leftovers\n|-heal|p2a: Florges|208/271|[from] item: Leftovers\n|upkeep\n|turn|50\n|\n|t:|1781461753\n|move|p1a: Whimsicott|Leech Seed|p2a: Florges\n|-start|p2a: Florges|move: Leech Seed\n|move|p2a: Florges|Calm Mind|p2a: Florges\n|-boost|p2a: Florges|spa|1\n|-boost|p2a: Florges|spd|1\n|\n|-heal|p1a: Whimsicott|207/238|[from] item: Leftovers\n|-heal|p2a: Florges|224/271|[from] item: Leftovers\n|-damage|p2a: Florges|191/271|[from] Leech Seed|[of] p1a: Whimsicott\n|-heal|p1a: Whimsicott|238/238|[silent]\n|upkeep\n|turn|51\n|\n|t:|1781461762\n|move|p1a: Whimsicott|Encore|p2a: Florges\n|-start|p2a: Florges|Encore\n|move|p2a: Florges|Calm Mind|p2a: Florges\n|-boost|p2a: Florges|spa|1\n|-boost|p2a: Florges|spd|1\n|\n|-heal|p2a: Florges|207/271|[from] item: Leftovers\n|-damage|p2a: Florges|174/271|[from] Leech Seed|[of] p1a: Whimsicott\n|upkeep\n|turn|52\n|\n|t:|1781461768\n|move|p1a: Whimsicott|Moonblast|p2a: Florges\n|-damage|p2a: Florges|146/271\n|-unboost|p2a: Florges|spa|1\n|move|p2a: Florges|Calm Mind|p2a: Florges\n|-boost|p2a: Florges|spa|1\n|-boost|p2a: Florges|spd|1\n|\n|-heal|p2a: Florges|162/271|[from] item: Leftovers\n|-damage|p2a: Florges|129/271|[from] Leech Seed|[of] p1a: Whimsicott\n|upkeep\n|turn|53\n|\n|t:|1781461772\n|move|p1a: Whimsicott|Moonblast|p2a: Florges\n|-damage|p2a: Florges|105/271\n|move|p2a: Florges|Calm Mind|p2a: Florges\n|-boost|p2a: Florges|spa|1\n|-boost|p2a: Florges|spd|1\n|\n|-heal|p2a: Florges|121/271|[from] item: Leftovers\n|-damage|p2a: Florges|88/271|[from] Leech Seed|[of] p1a: Whimsicott\n|-end|p2a: Florges|Encore\n|upkeep\n|turn|54\n|\n|t:|1781461775\n|move|p1a: Whimsicott|Encore|p2a: Florges\n|-start|p2a: Florges|Encore\n|move|p2a: Florges|Calm Mind|p2a: Florges\n|-boost|p2a: Florges|spa|1\n|-boost|p2a: Florges|spd|1\n|\n|-heal|p2a: Florges|104/271|[from] item: Leftovers\n|-damage|p2a: Florges|71/271|[from] Leech Seed|[of] p1a: Whimsicott\n|upkeep\n|turn|55\n|\n|t:|1781461778\n|switch|p1a: Forretress|Forretress, L84, F|263/263\n|-damage|p1a: Forretress|231/263|[from] Stealth Rock\n|move|p2a: Florges|Calm Mind|p2a: Florges\n|-boost|p2a: Florges|spa|1\n|-boost|p2a: Florges|spd|1\n|\n|-heal|p2a: Florges|87/271|[from] item: Leftovers\n|-heal|p1a: Forretress|247/263|[from] item: Leftovers\n|-damage|p2a: Florges|54/271|[from] Leech Seed|[of] p1a: Forretress\n|-heal|p1a: Forretress|263/263|[silent]\n|upkeep\n|turn|56\n|\n|t:|1781461795\n|move|p2a: Florges|Calm Mind|p2a: Florges\n|-boost|p2a: Florges|spa|1\n|-boost|p2a: Florges|spd|0\n|move|p1a: Forretress|Body Press|p2a: Florges\n|-resisted|p2a: Florges\n|-damage|p2a: Florges|8/271\n|\n|-heal|p2a: Florges|24/271|[from] item: Leftovers\n|-damage|p2a: Florges|0 fnt|[from] Leech Seed|[of] p1a: Forretress\n|faint|p2a: Florges\n|upkeep\n|\n|t:|1781461797\n|switch|p2a: Garganacl|Garganacl, L80, F|116/291\n|-activate|p2a: Garganacl|move: Sticky Web\n|-unboost|p2a: Garganacl|spe|1\n|-damage|p2a: Garganacl|80/291|[from] Spikes\n|turn|57\n|inactive|Donpalinho has 120 seconds left.\n|inactive|Donpalinho has 90 seconds left.\n|inactive|Donpalinho has 60 seconds left.\n|inactive|Donpalinho has 30 seconds left.\n|inactive|Donpalinho has 20 seconds left.\n|inactive|Donpalinho has 15 seconds left.\n|inactive|Donpalinho has 10 seconds left.\n|inactive|Donpalinho has 5 seconds left.\n|-message|Donpalinho lost due to inactivity.\n|\n|win|Mulinha\n", "inputlog": ">version a8376a258c1d4662feba110a92103f3664a72141\n>start {\"formatid\":\"gen9randombattle\",\"seed\":\"sodium,538145b875a206728836080e79a06d37\",\"rated\":\"Rated battle\"}\n>player p1 {\"name\":\"Mulinha\",\"avatar\":\"hooligans\",\"rating\":1903,\"seed\":\"sodium,a01421e7ab7c920a5d8a7823363d6bae\"}\n>player p2 {\"name\":\"Donpalinho\",\"avatar\":\"1\",\"rating\":1991,\"seed\":\"sodium,f3ede9164fdf85aabb3997525822216d\"}\n>p1 move stickyweb\n>p2 move flareblitz\n>p1 move liquidation\n>p2 switch 3\n>p1 move leechlife\n>p2 move sludgewave\n>p1 move liquidation\n>p2 move sludgewave\n>p1 switch 2\n>p1 move flipturn\n>p2 move sludgewave\n>p1 switch 6\n>p2 switch 5\n>p1 move calmmind\n>p2 move alluringvoice\n>p1 move boomburst\n>p2 move alluringvoice\n>p1 move roost\n>p2 move alluringvoice\n>p1 move roost\n>p2 move alluringvoice\n>p1 move roost\n>p2 move alluringvoice\n>p1 move boomburst\n>p2 move alluringvoice\n>p1 move roost\n>p2 move alluringvoice\n>p1 move boomburst\n>p2 move alluringvoice\n>p2 switch 6\n>p1 switch 5\n>p2 move superpower\n>p1 move encore\n>p2 switch 3\n>p1 move substitute\n>p2 move flareblitz\n>p1 switch 6\n>p2 move flareblitz\n>p1 move wavecrash\n>p2 move flareblitz\n>p2 switch 3\n>p1 move wavecrash\n>p2 move psychocut\n>p1 switch 3\n>p1 move thunderwave\n>p2 switch 4\n>p1 move spikes\n>p2 move saltcure\n>p1 switch 6\n>p2 move stealthrock\n>p1 move substitute\n>p2 switch 2\n>p1 move leechseed\n>p2 move moonblast\n>p1 move substitute\n>p2 move moonblast\n>p1 move substitute\n>p2 switch 4\n>p1 move moonblast\n>p2 switch 4\n>p1 move leechseed\n>p2 move wish\n>p1 move moonblast\n>p2 move moonblast\n>p1 move moonblast\n>p2 switch 4\n>p1 move moonblast\n>p2 move psychocut\n>p2 switch 4\n>p1 move leechseed\n>p2 move moonblast\n>p1 move substitute\n>p2 move moonblast\n>p1 move substitute\n>p2 move wish\n>p1 move encore\n>p2 move moonblast\n>p1 move leechseed\n>p2 move wish\n>p1 move moonblast\n>p2 move wish\n>p1 move encore\n>p2 move moonblast\n>p1 move moonblast\n>p2 move wish\n>p1 move moonblast\n>p2 move wish\n>p1 move encore\n>p2 move moonblast\n>p1 move moonblast\n>p2 move wish\n>p1 move moonblast\n>p2 move wish\n>p1 move encore\n>p2 switch 2\n>p1 move leechseed\n>p2 move saltcure\n>p1 move encore\n>p2 move saltcure\n>p1 move substitute\n>p2 move saltcure\n>p1 move moonblast\n>p2 move saltcure\n>p1 move substitute\n>p2 switch 2\n>p1 move leechseed\n>p2 move calmmind\n>p1 move encore\n>p2 move wish\n>p1 move moonblast\n>p2 move calmmind\n>p1 move moonblast\n>p2 move calmmind\n>p1 move encore\n>p2 move wish\n>p1 switch 4\n>p2 move calmmind\n>p1 move bodypress\n>p2 move calmmind\n>p2 switch 2\n>forcelose p2", "uploadtime": 1781461425, "views": 5, "formatid": "gen9randombattle", "rating": null, "private": 0, "password": null, "player_dets": [{"name": "Mulinha", "avatar": "hooligans", "rating": 1903, "seed": "sodium,a01421e7ab7c920a5d8a7823363d6bae"}, {"name": "Donpalinho", "avatar": "1", "rating": 1991, "seed": "sodium,f3ede9164fdf85aabb3997525822216d"}], "teams_full": [{"Araquanid": {"name": "Araquanid", "species": "Araquanid", "speciesId": "araquanid", "gender": "M", "shiny": false, "level": 82, "moves": ["stickyweb", "leechlife", "liquidation", "hydropump"], "ability": "Water Bubble", "evs": {"hp": 85, "atk": 85, "def": 85, "spa": 85, "spd": 85, "spe": 85}, "ivs": {"hp": 31, "atk": 31, "def": 31, "spa": 31, "spd": 31, "spe": 31}, "item": "Heavy-Duty Boots", "teraType": "Water", "role": "Bulky Attacker", "bvs": {"hp": 68, "atk": 70, "def": 92, "spa": 50, "spd": 132, "spe": 42}, "stats": {"hp": 246, "atk": 162, "def": 198, "spa": 129, "spd": 264, "spe": 116}}, "Floatzel": {"name": "Floatzel", "species": "Floatzel", "speciesId": "floatzel", "gender": "F", "shiny": true, "level": 86, "moves": ["wavecrash", "flipturn", "icespinner", "crunch"], "ability": "Water Veil", "evs": {"hp": 85, "atk": 85, "def": 85, "spa": 85, "spd": 85, "spe": 85}, "ivs": {"hp": 31, "atk": 31, "def": 31, "spa": 31, "spd": 31, "spe": 31}, "item": "Choice Band", "teraType": "Water", "role": "Wallbreaker", "bvs": {"hp": 85, "atk": 105, "def": 55, "spa": 85, "spd": 50, "spe": 115}, "stats": {"hp": 286, "atk": 230, "def": 144, "spa": 195, "spd": 135, "spe": 247}}, "Klefki": {"name": "Klefki", "species": "Klefki", "speciesId": "klefki", "gender": "F", "shiny": false, "level": 84, "moves": ["playrough", "thunderwave", "spikes", "magnetrise"], "ability": "Prankster", "evs": {"hp": 85, "atk": 85, "def": 85, "spa": 85, "spd": 85, "spe": 85}, "ivs": {"hp": 31, "atk": 31, "def": 31, "spa": 31, "spd": 31, "spe": 31}, "item": "Leftovers", "teraType": "Water", "role": "Bulky Support", "bvs": {"hp": 57, "atk": 80, "def": 91, "spa": 80, "spd": 87, "spe": 75}, "stats": {"hp": 233, "atk": 183, "def": 201, "spa": 183, "spd": 194, "spe": 174}}, "Forretress": {"name": "Forretress", "species": "Forretress", "speciesId": "forretress", "gender": "F", "shiny": false, "level": 84, "moves": ["ironhead", "bodypress", "stealthrock", "rapidspin"], "ability": "Sturdy", "evs": {"hp": 85, "atk": 85, "def": 85, "spa": 85, "spd": 85, "spe": 85}, "ivs": {"hp": 31, "atk": 31, "def": 31, "spa": 31, "spd": 31, "spe": 31}, "item": "Leftovers", "teraType": "Fighting", "role": "Bulky Attacker", "bvs": {"hp": 75, "atk": 90, "def": 140, "spa": 60, "spd": 60, "spe": 40}, "stats": {"hp": 263, "atk": 199, "def": 283, "spa": 149, "spd": 149, "spe": 115}}, "Whimsicott": {"name": "Whimsicott", "species": "Whimsicott", "speciesId": "whimsicott", "gender": "F", "shiny": false, "level": 84, "moves": ["encore", "leechseed", "moonblast", "substitute"], "ability": "Prankster", "evs": {"hp": 85, "atk": 0, "def": 85, "spa": 85, "spd": 85, "spe": 85}, "ivs": {"hp": 31, "atk": 0, "def": 31, "spa": 31, "spd": 31, "spe": 31}, "item": "Leftovers", "teraType": "Steel", "role": "Bulky Support", "bvs": {"hp": 60, "atk": 67, "def": 85, "spa": 77, "spd": 75, "spe": 116}, "stats": {"hp": 238, "atk": 117, "def": 191, "spa": 178, "spd": 174, "spe": 243}}, "Dudunsparce": {"name": "Dudunsparce", "species": "Dudunsparce", "speciesId": "dudunsparce", "gender": "F", "shiny": false, "level": 83, "moves": ["earthpower", "calmmind", "roost", "boomburst"], "ability": "Rattled", "evs": {"hp": 85, "atk": 0, "def": 85, "spa": 85, "spd": 85, "spe": 85}, "ivs": {"hp": 31, "atk": 0, "def": 31, "spa": 31, "spd": 31, "spe": 31}, "item": "Leftovers", "teraType": "Poison", "role": "Bulky Setup", "bvs": {"hp": 125, "atk": 100, "def": 80, "spa": 85, "spd": 75, "spe": 55}, "stats": {"hp": 343, "atk": 171, "def": 180, "spa": 189, "spd": 172, "spe": 139}}}, {"Entei": {"name": "Entei", "species": "Entei", "speciesId": "entei", "gender": "N", "shiny": false, "level": 78, "moves": ["flareblitz", "sacredfire", "stoneedge", "extremespeed"], "ability": "Inner Focus", "evs": {"hp": 85, "atk": 85, "def": 85, "spa": 85, "spd": 85, "spe": 85}, "ivs": {"hp": 31, "atk": 31, "def": 31, "spa": 31, "spd": 31, "spe": 31}, "item": "Choice Band", "teraType": "Normal", "role": "Fast Attacker", "bvs": {"hp": 115, "atk": 115, "def": 85, "spa": 90, "spd": 75, "spe": 100}, "stats": {"hp": 307, "atk": 224, "def": 178, "spa": 185, "spd": 162, "spe": 201}}, "Florges": {"name": "Florges", "species": "Florges-White", "speciesId": "florges", "gender": "F", "shiny": false, "level": 85, "moves": ["protect", "calmmind", "moonblast", "wish"], "ability": "Flower Veil", "evs": {"hp": 85, "atk": 0, "def": 85, "spa": 85, "spd": 85, "spe": 85}, "ivs": {"hp": 31, "atk": 0, "def": 31, "spa": 31, "spd": 31, "spe": 31}, "item": "Leftovers", "teraType": "Steel", "role": "Bulky Setup", "bvs": {"hp": 78, "atk": 65, "def": 68, "spa": 112, "spd": 154, "spe": 75}, "stats": {"hp": 271, "atk": 115, "def": 164, "spa": 239, "spd": 311, "spe": 176}}, "Munkidori": {"name": "Munkidori", "species": "Munkidori", "speciesId": "munkidori", "gender": "M", "shiny": false, "level": 79, "moves": ["psyshock", "sludgewave", "focusblast", "uturn"], "ability": "Toxic Chain", "evs": {"hp": 85, "atk": 85, "def": 85, "spa": 85, "spd": 85, "spe": 85}, "ivs": {"hp": 31, "atk": 31, "def": 31, "spa": 31, "spd": 31, "spe": 31}, "item": "Choice Specs", "teraType": "Fighting", "role": "Fast Attacker", "bvs": {"hp": 88, "atk": 75, "def": 66, "spa": 130, "spd": 90, "spe": 106}, "stats": {"hp": 269, "atk": 164, "def": 150, "spa": 251, "spd": 188, "spe": 213}}, "Garganacl": {"name": "Garganacl", "species": "Garganacl", "speciesId": "garganacl", "gender": "F", "shiny": false, "level": 80, "moves": ["recover", "stealthrock", "bodypress", "saltcure"], "ability": "Purifying Salt", "evs": {"hp": 85, "atk": 85, "def": 85, "spa": 85, "spd": 85, "spe": 85}, "ivs": {"hp": 31, "atk": 31, "def": 31, "spa": 31, "spd": 31, "spe": 31}, "item": "Leftovers", "teraType": "Dragon", "role": "Bulky Support", "bvs": {"hp": 100, "atk": 100, "def": 130, "spa": 45, "spd": 90, "spe": 35}, "stats": {"hp": 291, "atk": 206, "def": 254, "spa": 118, "spd": 190, "spe": 102}}, "Wigglytuff": {"name": "Wigglytuff", "species": "Wigglytuff", "speciesId": "wigglytuff", "gender": "F", "shiny": false, "level": 96, "moves": ["wish", "fireblast", "alluringvoice", "protect"], "ability": "Competitive", "evs": {"hp": 85, "atk": 0, "def": 85, "spa": 85, "spd": 85, "spe": 85}, "ivs": {"hp": 31, "atk": 0, "def": 31, "spa": 31, "spd": 31, "spe": 31}, "item": "Leftovers", "teraType": "Steel", "role": "Bulky Support", "bvs": {"hp": 140, "atk": 70, "def": 45, "spa": 85, "spd": 50, "spe": 45}, "stats": {"hp": 424, "atk": 139, "def": 141, "spa": 218, "spd": 150, "spe": 141}}, "Malamar": {"name": "Malamar", "species": "Malamar", "speciesId": "malamar", "gender": "F", "shiny": false, "level": 82, "moves": ["rest", "knockoff", "psychocut", "superpower"], "ability": "Contrary", "evs": {"hp": 85, "atk": 85, "def": 85, "spa": 85, "spd": 85, "spe": 85}, "ivs": {"hp": 31, "atk": 31, "def": 31, "spa": 31, "spd": 31, "spe": 31}, "item": "Chesto Berry", "teraType": "Steel", "role": "Fast Bulky Setup", "bvs": {"hp": 86, "atk": 92, "def": 88, "spa": 68, "spd": 75, "spe": 73}, "stats": {"hp": 275, "atk": 198, "def": 191, "spa": 159, "spd": 170, "spe": 167}}}]}