{"id": "gen9randombattle-2631377385", "format": "[Gen 9] Random Battle", "players": ["enaser17", "opik8"], "log": "|j|\u2606enaser17\n|j|\u2606opik8\n|t:|1781377476\n|gametype|singles\n|player|p1|enaser17|skyla|1961\n|player|p2|opik8|colress|2031\n|gen|9\n|tier|[Gen 9] Random Battle\n|rated|\n|rule|Species Clause: Limit one of each Pok\u00e9mon\n|rule|HP Percentage Mod: HP is shown in percentages\n|rule|Sleep Clause Mod: Limit one foe put to sleep\n|rule|Illusion Level Mod: Illusion disguises the Pok\u00e9mon's true level\n|\n|t:|1781377476\n|teamsize|p1|6\n|teamsize|p2|6\n|start\n|switch|p1a: Mienshao|Mienshao, L83, M|244/244\n|switch|p2a: Latias|Latias, L79, F|256/256\n|turn|1\n|inactive|Battle timer is ON: inactive players will automatically lose when time's up. (requested by opik8)\n|\n|t:|1781377488\n|switch|p2a: Great Tusk|Great Tusk, L77|304/304\n|-enditem|p2a: Great Tusk|Booster Energy\n|-activate|p2a: Great Tusk|ability: Protosynthesis|[fromitem]\n|-start|p2a: Great Tusk|protosynthesisatk\n|move|p1a: Mienshao|Fake Out|p2a: Great Tusk\n|-damage|p2a: Great Tusk|275/304\n|\n|upkeep\n|turn|2\n|\n|t:|1781377494\n|move|p1a: Mienshao|U-turn|p2a: Great Tusk\n|-resisted|p2a: Great Tusk\n|-damage|p2a: Great Tusk|251/304\n|\n|t:|1781377496\n|switch|p1a: Urshifu|Urshifu-Rapid-Strike, L75, M|274/274|[from] U-turn\n|move|p2a: Great Tusk|Bulk Up|p2a: Great Tusk\n|-boost|p2a: Great Tusk|atk|1\n|-boost|p2a: Great Tusk|def|1\n|\n|upkeep\n|turn|3\n|\n|t:|1781377501\n|move|p1a: Urshifu|Surging Strikes|p2a: Great Tusk\n|-supereffective|p2a: Great Tusk\n|-crit|p2a: Great Tusk\n|-damage|p2a: Great Tusk|165/304\n|-supereffective|p2a: Great Tusk\n|-crit|p2a: Great Tusk\n|-damage|p2a: Great Tusk|84/304\n|-supereffective|p2a: Great Tusk\n|-crit|p2a: Great Tusk\n|-damage|p2a: Great Tusk|3/304\n|-hitcount|p2a: Great Tusk|3\n|-damage|p1a: Urshifu|247/274|[from] item: Life Orb\n|move|p2a: Great Tusk|Close Combat|p1a: Urshifu\n|-damage|p1a: Urshifu|0 fnt\n|-unboost|p2a: Great Tusk|def|1\n|-unboost|p2a: Great Tusk|spd|1\n|faint|p1a: Urshifu\n|\n|upkeep\n|c|\u2606enaser17|Lvl 75 85 Atk Life Orb Urshifu-Rapid-Strike Surging Strikes (75 BP) (3 hits) vs. Lvl 77 85 HP / 85 Def Great Tusk on a critical hit: 243-288 (79.9 - 94.7%) -- 94.1% chance to OHKO\n|c|\u2606enaser17|nice\n|\n|t:|1781377521\n|switch|p1a: Mienshao|Mienshao, L83, M|244/244\n|turn|4\n|\n|t:|1781377524\n|move|p1a: Mienshao|Fake Out|p2a: Great Tusk\n|-damage|p2a: Great Tusk|0 fnt\n|faint|p2a: Great Tusk\n|-end|p2a: Great Tusk|Protosynthesis|[silent]\n|\n|upkeep\n|\n|t:|1781377527\n|switch|p2a: Latias|Latias, L79, F|256/256\n|turn|5\n|\n|t:|1781377534\n|move|p1a: Mienshao|U-turn|p2a: Latias\n|-supereffective|p2a: Latias\n|-damage|p2a: Latias|138/256\n|\n|t:|1781377538\n|switch|p1a: Espathra|Espathra, L80, M|283/283|[from] U-turn\n|move|p2a: Latias|Psyshock|p1a: Espathra\n|-resisted|p1a: Espathra\n|-damage|p1a: Espathra|211/283\n|\n|upkeep\n|turn|6\n|\n|t:|1781377551\n|switch|p2a: Meowscarada|Meowscarada, L78, M|247/247\n|switch|p1a: Mienshao|Mienshao, L83, M|244/244\n|\n|upkeep\n|turn|7\n|\n|t:|1781377557\n|move|p1a: Mienshao|Fake Out|p2a: Meowscarada\n|-damage|p2a: Meowscarada|204/247\n|cant|p2a: Meowscarada|flinch\n|\n|upkeep\n|turn|8\n|\n|t:|1781377560\n|move|p2a: Meowscarada|Flower Trick|p1a: Mienshao\n|-start|p2a: Meowscarada|typechange|Grass|[from] ability: Protean\n|-crit|p1a: Mienshao\n|-damage|p1a: Mienshao|13/244\n|move|p1a: Mienshao|U-turn|p2a: Meowscarada\n|-supereffective|p2a: Meowscarada\n|-damage|p2a: Meowscarada|38/247\n|\n|t:|1781377566\n|switch|p1a: Archaludon|Archaludon, L78, M|268/268|[from] U-turn\n|\n|upkeep\n|turn|9\n|\n|t:|1781377573\n|switch|p2a: Eelektross|Eelektross, L87, M|290/290\n|move|p1a: Archaludon|Outrage|p2a: Eelektross\n|-damage|p2a: Eelektross|157/290\n|\n|-heal|p2a: Eelektross|175/290|[from] item: Leftovers\n|upkeep\n|turn|10\n|\n|t:|1781377576\n|move|p1a: Archaludon|Outrage|p2a: Eelektross|[from] lockedmove\n|-damage|p2a: Eelektross|48/290\n|-start|p1a: Archaludon|confusion|[fatigue]\n|-enditem|p1a: Archaludon|Lum Berry|[eat]\n|-end|p1a: Archaludon|confusion\n|move|p2a: Eelektross|Coil|p2a: Eelektross\n|-boost|p2a: Eelektross|atk|1\n|-boost|p2a: Eelektross|def|1\n|-boost|p2a: Eelektross|accuracy|1\n|\n|-heal|p2a: Eelektross|66/290|[from] item: Leftovers\n|upkeep\n|turn|11\n|\n|t:|1781377580\n|move|p1a: Archaludon|Outrage|p2a: Eelektross\n|-damage|p2a: Eelektross|0 fnt\n|faint|p2a: Eelektross\n|\n|upkeep\n|\n|t:|1781377585\n|switch|p2a: Mew|Mew, L82|298/298\n|turn|12\n|\n|t:|1781377591\n|move|p2a: Mew|Nasty Plot|p2a: Mew\n|-boost|p2a: Mew|spa|2\n|move|p1a: Archaludon|Outrage|p2a: Mew|[from] lockedmove\n|-damage|p2a: Mew|186/298\n|\n|upkeep\n|turn|13\n|\n|t:|1781377593\n|move|p2a: Mew|Aura Sphere|p1a: Archaludon\n|-supereffective|p1a: Archaludon\n|-crit|p1a: Archaludon\n|-damage|p1a: Archaludon|0 fnt\n|faint|p1a: Archaludon\n|-damage|p2a: Mew|157/298|[from] item: Life Orb\n|\n|upkeep\n|\n|t:|1781377600\n|switch|p1a: Mienshao|Mienshao, L83, M|94/244\n|turn|14\n|\n|t:|1781377605\n|move|p1a: Mienshao|Fake Out|p2a: Mew\n|-damage|p2a: Mew|127/298\n|cant|p2a: Mew|flinch\n|\n|upkeep\n|turn|15\n|\n|t:|1781377608\n|move|p1a: Mienshao|Knock Off|p2a: Mew\n|-supereffective|p2a: Mew\n|-damage|p2a: Mew|0 fnt\n|-enditem|p2a: Mew|Life Orb|[from] move: Knock Off|[of] p1a: Mienshao\n|faint|p2a: Mew\n|\n|upkeep\n|\n|t:|1781377610\n|switch|p2a: Meowscarada|Meowscarada, L78, M|38/247\n|turn|16\n|\n|t:|1781377618\n|switch|p1a: Deoxys|Deoxys-Defense, L84|221/221\n|-ability|p1a: Deoxys|Pressure\n|move|p2a: Meowscarada|Flower Trick|p1a: Deoxys\n|-start|p2a: Meowscarada|typechange|Grass|[from] ability: Protean\n|-crit|p1a: Deoxys\n|-damage|p1a: Deoxys|116/221\n|\n|-heal|p1a: Deoxys|129/221|[from] item: Leftovers\n|upkeep\n|turn|17\n|\n|t:|1781377621\n|move|p2a: Meowscarada|Flower Trick|p1a: Deoxys\n|-crit|p1a: Deoxys\n|-damage|p1a: Deoxys|33/221\n|move|p1a: Deoxys|Night Shade|p2a: Meowscarada\n|-damage|p2a: Meowscarada|0 fnt\n|faint|p2a: Meowscarada\n|\n|-heal|p1a: Deoxys|46/221|[from] item: Leftovers\n|upkeep\n|\n|t:|1781377625\n|switch|p2a: Basculin|Basculin, L86, F|261/261\n|turn|18\n|\n|t:|1781377627\n|move|p2a: Basculin|Flip Turn|p1a: Deoxys\n|-damage|p1a: Deoxys|0 fnt\n|faint|p1a: Deoxys\n|\n|t:|1781377630\n|switch|p2a: Latias|Latias, L79, F|138/256|[from] Flip Turn\n|\n|upkeep\n|\n|t:|1781377632\n|switch|p1a: Mienshao|Mienshao, L83, M|175/244\n|turn|19\n|\n|t:|1781377639\n|move|p1a: Mienshao|Fake Out|p2a: Latias\n|-damage|p2a: Latias|103/256\n|cant|p2a: Latias|flinch\n|\n|upkeep\n|turn|20\n|\n|t:|1781377643\n|move|p1a: Mienshao|U-turn|p2a: Latias\n|-supereffective|p2a: Latias\n|-damage|p2a: Latias|0 fnt\n|faint|p2a: Latias\n|\n|t:|1781377645\n|switch|p1a: Espathra|Espathra, L80, M|211/283|[from] U-turn\n|\n|upkeep\n|\n|t:|1781377646\n|switch|p2a: Basculin|Basculin, L86, F|261/261\n|turn|21\n|\n|t:|1781377651\n|switch|p1a: Lumineon|Lumineon, L93, F|279/279\n|-terastallize|p2a: Basculin|Water\n|move|p2a: Basculin|Aqua Jet|p1a: Lumineon\n|-ability|p1a: Lumineon|Storm Drain|boost\n|-boost|p1a: Lumineon|spa|1\n|\n|upkeep\n|turn|22\n|-message|opik8 forfeited.\n|\n|win|enaser17\n", "inputlog": ">version a8376a258c1d4662feba110a92103f3664a72141\n>start {\"formatid\":\"gen9randombattle\",\"seed\":\"sodium,6f4419f0648a75d544580d99b7b55499\",\"rated\":\"Rated battle\"}\n>player p1 {\"name\":\"enaser17\",\"avatar\":\"skyla\",\"rating\":1961,\"seed\":\"sodium,faaf8891bd418509e981fba811a8f149\"}\n>player p2 {\"name\":\"opik8\",\"avatar\":\"colress\",\"rating\":2031,\"seed\":\"sodium,c17fba2e5522faf5c97cdb8309adcf14\"}\n>p1 move fakeout\n>p2 switch 4\n>p1 move uturn\n>p2 move bulkup\n>p1 switch 2\n>p1 move surgingstrikes\n>p2 move closecombat\n>chat \u2606enaser17|Lvl 75 85 Atk Life Orb Urshifu-Rapid-Strike Surging Strikes (75 BP) (3 hits) vs. Lvl 77 85 HP / 85 Def Great Tusk on a critical hit: 243-288 (79.9 - 94.7%) -- 94.1% chance to OHKO\n>chat \u2606enaser17|nice\n>p1 switch 2\n>p1 move fakeout\n>p2 move closecombat\n>p2 switch 4\n>p1 move uturn\n>p2 move psyshock\n>p1 switch 6\n>p1 switch 6\n>p2 switch 3\n>p1 move fakeout\n>p2 move flowertrick\n>p1 move uturn\n>p2 move flowertrick\n>p1 switch 4\n>p1 move outrage\n>p2 switch 6\n>p1 move outrage\n>p2 move coil\n>p1 move outrage\n>p2 move drainpunch\n>p2 switch 2\n>p1 move outrage\n>p2 move nastyplot\n>p1 move outrage\n>p2 move aurasphere\n>p1 switch 4\n>p1 move fakeout\n>p2 move psychic\n>p1 move knockoff\n>p2 move psychic\n>p2 switch 6\n>p1 switch 3\n>p2 move flowertrick\n>p1 move nightshade\n>p2 move flowertrick\n>p2 switch 5\n>p1 move nightshade\n>p2 move flipturn\n>p2 switch 3\n>p1 switch 3\n>p1 move fakeout\n>p2 move recover\n>p1 move uturn\n>p2 move psyshock\n>p1 switch 6\n>p2 switch 3\n>p1 switch 5\n>p2 move aquajet terastallize\n>forcelose p2", "uploadtime": 1781377477, "views": 7, "formatid": "gen9randombattle", "rating": null, "private": 0, "password": null}