{"id": "gen9randombattle-2631494259", "format": "[Gen 9] Random Battle", "players": ["Astral7433", "TheOldTimers"], "log": "|j|\u2606Astral7433\n|j|\u2606TheOldTimers\n|t:|1781392143\n|gametype|singles\n|player|p1|Astral7433|170|1977\n|player|p2|TheOldTimers|li|1946\n|gen|9\n|tier|[Gen 9] Random Battle\n|rated|\n|rule|Species Clause: Limit one of each Pok\u00e9mon\n|rule|HP Percentage Mod: HP is shown in percentages\n|rule|Sleep Clause Mod: Limit one foe put to sleep\n|rule|Illusion Level Mod: Illusion disguises the Pok\u00e9mon's true level\n|\n|t:|1781392143\n|teamsize|p1|6\n|teamsize|p2|6\n|start\n|switch|p1a: Florges|Florges-Blue, L85, F|271/271\n|switch|p2a: Dunsparce|Dunsparce, L86, F|312/312\n|turn|1\n|inactive|Battle timer is ON: inactive players will automatically lose when time's up. (requested by Astral7433)\n|\n|t:|1781392162\n|switch|p1a: Tsareena|Tsareena, L87, F|267/267\n|move|p2a: Dunsparce|Body Slam|p1a: Tsareena\n|-damage|p1a: Tsareena|206/267\n|\n|upkeep\n|turn|2\n|\n|t:|1781392169\n|switch|p2a: Hydrapple|Hydrapple, L83, F|312/312\n|move|p1a: Tsareena|High Jump Kick|p2a: Hydrapple\n|-damage|p2a: Hydrapple|177/312\n|\n|upkeep\n|turn|3\n|\n|t:|1781392186\n|switch|p1a: Florges|Florges-Blue, L85, F|271/271\n|move|p2a: Hydrapple|Fickle Beam|p1a: Florges\n|-immune|p1a: Florges\n|\n|upkeep\n|turn|4\n|\n|t:|1781392193\n|switch|p2a: Dunsparce|Dunsparce, L86, F|312/312\n|move|p1a: Florges|Calm Mind|p1a: Florges\n|-boost|p1a: Florges|spa|1\n|-boost|p1a: Florges|spd|1\n|\n|upkeep\n|turn|5\n|\n|t:|1781392199\n|move|p1a: Florges|Moonblast|p2a: Dunsparce\n|-damage|p2a: Dunsparce|177/312\n|move|p2a: Dunsparce|Body Slam|p1a: Florges\n|-damage|p1a: Florges|181/271\n|-status|p1a: Florges|par\n|\n|-heal|p1a: Florges|197/271 par|[from] item: Leftovers\n|upkeep\n|turn|6\n|\n|t:|1781392209\n|move|p2a: Dunsparce|Body Slam|p1a: Florges\n|-damage|p1a: Florges|103/271 par\n|move|p1a: Florges|Moonblast|p2a: Dunsparce\n|-damage|p2a: Dunsparce|23/312\n|\n|-heal|p1a: Florges|119/271 par|[from] item: Leftovers\n|upkeep\n|turn|7\n|\n|t:|1781392219\n|switch|p1a: Landorus|Landorus, L75, M|257/257\n|move|p2a: Dunsparce|Body Slam|p1a: Landorus\n|-damage|p1a: Landorus|169/257\n|-status|p1a: Landorus|par\n|\n|upkeep\n|turn|8\n|\n|t:|1781392228\n|move|p2a: Dunsparce|Roost|p2a: Dunsparce\n|-heal|p2a: Dunsparce|179/312\n|-singleturn|p2a: Dunsparce|move: Roost\n|move|p1a: Landorus|Stealth Rock|p2a: Dunsparce\n|-sidestart|p2: TheOldTimers|move: Stealth Rock\n|\n|upkeep\n|turn|9\n|\n|t:|1781392240\n|move|p2a: Dunsparce|Roost|p2a: Dunsparce\n|-heal|p2a: Dunsparce|312/312\n|-singleturn|p2a: Dunsparce|move: Roost\n|move|p1a: Landorus|Earth Power|p2a: Dunsparce\n|-damage|p2a: Dunsparce|195/312\n|\n|upkeep\n|turn|10\n|\n|t:|1781392248\n|move|p2a: Dunsparce|Coil|p2a: Dunsparce\n|-boost|p2a: Dunsparce|atk|1\n|-boost|p2a: Dunsparce|def|1\n|-boost|p2a: Dunsparce|accuracy|1\n|move|p1a: Landorus|Earth Power|p2a: Dunsparce\n|-damage|p2a: Dunsparce|62/312\n|\n|upkeep\n|turn|11\n|\n|t:|1781392257\n|switch|p1a: Miraidon|Miraidon, L65|238/238\n|-fieldstart|move: Electric Terrain|[from] ability: Hadron Engine|[of] p1a: Miraidon\n|move|p2a: Dunsparce|Roost|p2a: Dunsparce\n|-heal|p2a: Dunsparce|218/312\n|-singleturn|p2a: Dunsparce|move: Roost\n|\n|upkeep\n|turn|12\n|\n|t:|1781392268\n|switch|p2a: Dugtrio|Dugtrio, L84, M|196/196\n|-damage|p2a: Dugtrio|184/196|[from] Stealth Rock\n|move|p1a: Miraidon|Electro Drift|p2a: Dugtrio\n|-immune|p2a: Dugtrio\n|\n|upkeep\n|turn|13\n|\n|t:|1781392278\n|move|p2a: Dugtrio|Earthquake|p1a: Miraidon\n|-supereffective|p1a: Miraidon\n|-crit|p1a: Miraidon\n|-damage|p1a: Miraidon|0 fnt\n|faint|p1a: Miraidon\n|\n|upkeep\n|\n|t:|1781392286\n|switch|p1a: Cloyster|Cloyster, L80, F|211/211\n|turn|14\n|\n|t:|1781392293\n|move|p2a: Dugtrio|Earthquake|p1a: Cloyster\n|-damage|p1a: Cloyster|118/211\n|move|p1a: Cloyster|Shell Smash|p1a: Cloyster\n|-unboost|p1a: Cloyster|def|1\n|-unboost|p1a: Cloyster|spd|1\n|-boost|p1a: Cloyster|atk|2\n|-boost|p1a: Cloyster|spa|2\n|-boost|p1a: Cloyster|spe|2\n|-enditem|p1a: Cloyster|White Herb\n|-clearnegativeboost|p1a: Cloyster|[silent]\n|\n|upkeep\n|turn|15\n|\n|t:|1781392303\n|move|p1a: Cloyster|Icicle Spear|p2a: Dugtrio\n|-supereffective|p2a: Dugtrio\n|-damage|p2a: Dugtrio|32/196\n|-supereffective|p2a: Dugtrio\n|-damage|p2a: Dugtrio|0 fnt\n|faint|p2a: Dugtrio\n|-hitcount|p2: Dugtrio|2\n|\n|-fieldend|move: Electric Terrain\n|upkeep\n|\n|t:|1781392309\n|switch|p2a: Deoxys|Deoxys-Speed, L82|216/216\n|-damage|p2a: Deoxys|189/216|[from] Stealth Rock\n|-ability|p2a: Deoxys|Pressure\n|turn|16\n|\n|t:|1781392316\n|move|p2a: Deoxys|Superpower|p1a: Cloyster\n|-supereffective|p1a: Cloyster\n|-damage|p1a: Cloyster|0 fnt\n|-unboost|p2a: Deoxys|atk|1\n|-unboost|p2a: Deoxys|def|1\n|faint|p1a: Cloyster\n|-damage|p2a: Deoxys|168/216|[from] item: Life Orb\n|\n|upkeep\n|\n|t:|1781392334\n|switch|p1a: Glaceon|Glaceon, L94, M|275/275\n|turn|17\n|\n|t:|1781392343\n|move|p2a: Deoxys|Stealth Rock|p1a: Glaceon\n|-sidestart|p1: Astral7433|move: Stealth Rock\n|move|p1a: Glaceon|Calm Mind|p1a: Glaceon\n|-boost|p1a: Glaceon|spa|1\n|-boost|p1a: Glaceon|spd|1\n|\n|upkeep\n|turn|18\n|\n|t:|1781392351\n|switch|p2a: Dunsparce|Dunsparce, L86, F|218/312\n|-damage|p2a: Dunsparce|179/312|[from] Stealth Rock\n|move|p1a: Glaceon|Freeze-Dry|p2a: Dunsparce\n|-damage|p2a: Dunsparce|38/312\n|\n|upkeep\n|turn|19\n|\n|t:|1781392360\n|move|p1a: Glaceon|Freeze-Dry|p2a: Dunsparce\n|-damage|p2a: Dunsparce|0 fnt\n|faint|p2a: Dunsparce\n|\n|upkeep\n|\n|t:|1781392374\n|switch|p2a: Deoxys|Deoxys-Speed, L82|168/216\n|-damage|p2a: Deoxys|141/216|[from] Stealth Rock\n|-ability|p2a: Deoxys|Pressure\n|turn|20\n|\n|t:|1781392380\n|-terastallize|p1a: Glaceon|Water\n|move|p2a: Deoxys|Superpower|p1a: Glaceon\n|-damage|p1a: Glaceon|193/275\n|-unboost|p2a: Deoxys|atk|1\n|-unboost|p2a: Deoxys|def|1\n|-damage|p2a: Deoxys|120/216|[from] item: Life Orb\n|move|p1a: Glaceon|Freeze-Dry|p2a: Deoxys\n|-damage|p2a: Deoxys|0 fnt\n|faint|p2a: Deoxys\n|\n|upkeep\n|\n|t:|1781392386\n|switch|p2a: Polteageist|Polteageist-Antique, L78|222/222\n|-damage|p2a: Polteageist|195/222|[from] Stealth Rock\n|turn|21\n|\n|t:|1781392395\n|move|p1a: Glaceon|Freeze-Dry|p2a: Polteageist\n|-damage|p2a: Polteageist|42/222\n|move|p2a: Polteageist|Shell Smash|p2a: Polteageist\n|-unboost|p2a: Polteageist|def|1\n|-unboost|p2a: Polteageist|spd|1\n|-boost|p2a: Polteageist|atk|2\n|-boost|p2a: Polteageist|spa|2\n|-boost|p2a: Polteageist|spe|2\n|-enditem|p2a: Polteageist|White Herb\n|-clearnegativeboost|p2a: Polteageist|[silent]\n|\n|upkeep\n|turn|22\n|\n|t:|1781392405\n|move|p2a: Polteageist|Stored Power|p1a: Glaceon\n|-damage|p1a: Glaceon|75/275\n|move|p1a: Glaceon|Freeze-Dry|p2a: Polteageist\n|-damage|p2a: Polteageist|0 fnt\n|-start|p1a: Glaceon|Disable|Freeze-Dry|[from] ability: Cursed Body|[of] p2a: Polteageist\n|faint|p2a: Polteageist\n|\n|upkeep\n|\n|t:|1781392408\n|switch|p2a: Ribombee|Ribombee, L83, F|235/235\n|turn|23\n|\n|t:|1781392417\n|move|p2a: Ribombee|Moonblast|p1a: Glaceon\n|-damage|p1a: Glaceon|18/275\n|move|p1a: Glaceon|Wish|p1a: Glaceon\n|\n|upkeep\n|turn|24\n|-message|TheOldTimers forfeited.\n|\n|win|Astral7433\n", "inputlog": ">version a8376a258c1d4662feba110a92103f3664a72141\n>start {\"formatid\":\"gen9randombattle\",\"seed\":\"sodium,44e16bfeaf5196727218bbca709e8775\",\"rated\":\"Rated battle\"}\n>player p1 {\"name\":\"Astral7433\",\"avatar\":\"170\",\"rating\":1977,\"seed\":\"sodium,35cf44bb4e54a0d66aa025c35794022f\"}\n>player p2 {\"name\":\"TheOldTimers\",\"avatar\":\"li\",\"rating\":1946,\"seed\":\"sodium,b1e57828bf056dfdd900fbfb762631a9\"}\n>p1 switch 4\n>p2 move bodyslam\n>p1 move highjumpkick\n>p2 switch 3\n>p1 switch 4\n>p2 move ficklebeam\n>p1 move calmmind\n>p2 switch 3\n>p1 move moonblast\n>p2 move bodyslam\n>p1 move moonblast\n>p2 move bodyslam\n>p1 switch 5\n>p2 move bodyslam\n>p1 move stealthrock\n>p2 move roost\n>p1 move earthpower\n>p2 move roost\n>p1 move earthpower\n>p2 move coil\n>p1 switch 2\n>p2 move roost\n>p1 move electrodrift\n>p2 switch 5\n>p1 move dracometeor\n>p2 move earthquake\n>p1 switch 3\n>p1 move shellsmash\n>p2 move earthquake\n>p1 move iciclespear\n>p2 move earthquake\n>p2 switch 2\n>p1 move iciclespear\n>p2 move superpower\n>p1 switch 6\n>p1 move calmmind\n>p2 move stealthrock\n>p1 move freezedry\n>p2 switch 5\n>p1 move freezedry\n>p2 move bodyslam\n>p2 switch 5\n>p1 move freezedry terastallize\n>p2 move superpower\n>p2 switch 6\n>p1 move freezedry\n>p2 move shellsmash\n>p1 move freezedry\n>p2 move storedpower\n>p2 switch 4\n>p1 move wish\n>p2 move moonblast\n>forcelose p2", "uploadtime": 1781392145, "views": 5, "formatid": "gen9randombattle", "rating": null, "private": 0, "password": null}