{"id": "gen9randombattle-2631906564", "format": "[Gen 9] Random Battle", "players": ["srandomg", "flaviodssts"], "log": "|j|\u2606srandomg\n|j|\u2606flaviodssts\n|t:|1781454259\n|gametype|singles\n|player|p1|srandomg|burglar|1994\n|player|p2|flaviodssts|burglar|1974\n|gen|9\n|tier|[Gen 9] Random Battle\n|rated|\n|rule|Species Clause: Limit one of each Pok\u00e9mon\n|rule|HP Percentage Mod: HP is shown in percentages\n|rule|Sleep Clause Mod: Limit one foe put to sleep\n|rule|Illusion Level Mod: Illusion disguises the Pok\u00e9mon's true level\n|\n|t:|1781454259\n|teamsize|p1|6\n|teamsize|p2|6\n|start\n|switch|p1a: Meowscarada|Meowscarada, L78, F|247/247\n|switch|p2a: Lumineon|Lumineon, L93, M|279/279\n|turn|1\n|inactive|Battle timer is ON: inactive players will automatically lose when time's up. (requested by flaviodssts)\n|\n|t:|1781454273\n|switch|p2a: Flapple|Flapple, L88, F|266/266\n|move|p1a: Meowscarada|Knock Off|p2a: Flapple\n|-start|p1a: Meowscarada|typechange|Dark|[from] ability: Protean\n|-damage|p2a: Flapple|170/266\n|-enditem|p2a: Flapple|Wide Lens|[from] move: Knock Off|[of] p1a: Meowscarada\n|\n|upkeep\n|turn|2\n|\n|t:|1781454301\n|move|p1a: Meowscarada|Triple Axel|p2a: Flapple|[miss]\n|-miss|p1a: Meowscarada|p2a: Flapple\n|move|p2a: Flapple|Dragon Dance|p2a: Flapple\n|-boost|p2a: Flapple|atk|1\n|-boost|p2a: Flapple|spe|1\n|\n|upkeep\n|turn|3\n|\n|t:|1781454308\n|switch|p1a: Gogoat|Gogoat, L88, M|360/360\n|move|p2a: Flapple|Grav Apple|p1a: Gogoat\n|-ability|p1a: Gogoat|Sap Sipper|boost\n|-boost|p1a: Gogoat|atk|1\n|\n|upkeep\n|turn|4\n|\n|t:|1781454320\n|move|p2a: Flapple|Outrage|p1a: Gogoat\n|-damage|p1a: Gogoat|0 fnt\n|faint|p1a: Gogoat\n|\n|upkeep\n|\n|t:|1781454322\n|switch|p1a: Meowscarada|Meowscarada, L78, F|247/247\n|turn|5\n|\n|t:|1781454323\n|move|p2a: Flapple|Outrage|p1a: Meowscarada|[from] lockedmove\n|-enditem|p1a: Meowscarada|Focus Sash\n|-damage|p1a: Meowscarada|1/247\n|-start|p2a: Flapple|confusion|[fatigue]\n|move|p1a: Meowscarada|Triple Axel|p2a: Flapple\n|-start|p1a: Meowscarada|typechange|Ice|[from] ability: Protean\n|-supereffective|p2a: Flapple\n|-damage|p2a: Flapple|86/266\n|-supereffective|p2a: Flapple\n|-damage|p2a: Flapple|0 fnt\n|faint|p2a: Flapple\n|-hitcount|p2: Flapple|2\n|\n|upkeep\n|\n|t:|1781454339\n|switch|p2a: Spiritomb|Spiritomb, L89, M|234/234\n|turn|6\n|\n|t:|1781454350\n|switch|p1a: Infernape|Infernape, L82, M|259/259\n|move|p2a: Spiritomb|Sucker Punch||[still]\n|-fail|p2a: Spiritomb\n|\n|upkeep\n|turn|7\n|\n|t:|1781454354\n|move|p1a: Infernape|Knock Off|p2a: Spiritomb\n|-damage|p2a: Spiritomb|164/234\n|-enditem|p2a: Spiritomb|Leftovers|[from] move: Knock Off|[of] p1a: Infernape\n|-damage|p1a: Infernape|234/259|[from] item: Life Orb\n|move|p2a: Spiritomb|Poltergeist|p1a: Infernape\n|-activate|p1a: Infernape|move: Poltergeist|Life Orb\n|-damage|p1a: Infernape|87/259\n|\n|upkeep\n|turn|8\n|\n|t:|1781454364\n|move|p1a: Infernape|Overheat|p2a: Spiritomb\n|-damage|p2a: Spiritomb|28/234\n|-unboost|p1a: Infernape|spa|2\n|-damage|p1a: Infernape|62/259|[from] item: Life Orb\n|move|p2a: Spiritomb|Poltergeist|p1a: Infernape\n|-activate|p1a: Infernape|move: Poltergeist|Life Orb\n|-damage|p1a: Infernape|0 fnt\n|faint|p1a: Infernape\n|\n|upkeep\n|\n|t:|1781454370\n|switch|p1a: Beartic|Beartic, L91, F|321/321\n|turn|9\n|\n|t:|1781454382\n|switch|p2a: Empoleon|Empoleon, L84, F|278/278\n|move|p1a: Beartic|Snowscape|p1a: Beartic\n|-weather|Snowscape\n|\n|-weather|Snowscape|[upkeep]\n|upkeep\n|turn|10\n|\n|t:|1781454393\n|move|p1a: Beartic|Close Combat|p2a: Empoleon\n|-supereffective|p2a: Empoleon\n|-damage|p2a: Empoleon|46/278\n|-unboost|p1a: Beartic|def|1\n|-unboost|p1a: Beartic|spd|1\n|move|p2a: Empoleon|Surf|p1a: Beartic\n|-damage|p1a: Beartic|156/321\n|\n|-weather|Snowscape|[upkeep]\n|-heal|p2a: Empoleon|63/278|[from] item: Leftovers\n|upkeep\n|turn|11\n|\n|t:|1781454402\n|switch|p2a: Spiritomb|Spiritomb, L89, M|28/234\n|move|p1a: Beartic|Close Combat|p2a: Spiritomb\n|-immune|p2a: Spiritomb\n|\n|-weather|Snowscape|[upkeep]\n|upkeep\n|turn|12\n|\n|t:|1781454406\n|move|p2a: Spiritomb|Sucker Punch|p1a: Beartic\n|-damage|p1a: Beartic|81/321\n|move|p1a: Beartic|Icicle Crash|p2a: Spiritomb\n|-damage|p2a: Spiritomb|0 fnt\n|faint|p2a: Spiritomb\n|\n|-weather|Snowscape|[upkeep]\n|upkeep\n|\n|t:|1781454427\n|switch|p2a: Empoleon|Empoleon, L84, F|63/278\n|turn|13\n|\n|t:|1781454431\n|move|p1a: Beartic|Close Combat|p2a: Empoleon\n|-supereffective|p2a: Empoleon\n|-damage|p2a: Empoleon|0 fnt\n|-unboost|p1a: Beartic|def|1\n|-unboost|p1a: Beartic|spd|1\n|faint|p2a: Empoleon\n|\n|-weather|none\n|upkeep\n|\n|t:|1781454442\n|switch|p2a: Cinccino|Cinccino, L83, M|260/260\n|turn|14\n|\n|t:|1781454449\n|move|p2a: Cinccino|Bullet Seed|p1a: Beartic\n|-damage|p1a: Beartic|34/321\n|-damage|p1a: Beartic|0 fnt\n|faint|p1a: Beartic\n|-hitcount|p1: Beartic|2\n|\n|upkeep\n|\n|t:|1781454454\n|switch|p1a: Electivire|Electivire, L84, M|263/263\n|turn|15\n|\n|t:|1781454460\n|move|p2a: Cinccino|Tail Slap|p1a: Electivire\n|-damage|p1a: Electivire|220/263\n|-damage|p1a: Electivire|171/263\n|-damage|p1a: Electivire|120/263\n|-damage|p1a: Electivire|75/263\n|-hitcount|p1a: Electivire|4\n|move|p1a: Electivire|Supercell Slam|p2a: Cinccino\n|-damage|p2a: Cinccino|21/260\n|-damage|p1a: Electivire|49/263|[from] item: Life Orb\n|\n|upkeep\n|turn|16\n|\n|t:|1781454469\n|move|p2a: Cinccino|Bullet Seed|p1a: Electivire\n|-damage|p1a: Electivire|19/263\n|-damage|p1a: Electivire|0 fnt\n|faint|p1a: Electivire\n|-hitcount|p1: Electivire|2\n|\n|upkeep\n|\n|t:|1781454471\n|switch|p1a: Greninja|Greninja, L80, M|246/246\n|turn|17\n|\n|t:|1781454482\n|switch|p2a: Lumineon|Lumineon, L93, M|279/279\n|move|p1a: Greninja|Dark Pulse|p2a: Lumineon\n|-damage|p2a: Lumineon|172/279\n|-damage|p1a: Greninja|222/246|[from] item: Life Orb\n|\n|upkeep\n|turn|18\n|\n|t:|1781454488\n|move|p1a: Greninja|Dark Pulse|p2a: Lumineon\n|-damage|p2a: Lumineon|77/279\n|-damage|p1a: Greninja|198/246|[from] item: Life Orb\n|move|p2a: Lumineon|U-turn|p1a: Greninja\n|-supereffective|p1a: Greninja\n|-damage|p1a: Greninja|66/246\n|\n|t:|1781454493\n|switch|p2a: Serperior|Serperior, L79, F|248/248|[from] U-turn\n|\n|upkeep\n|turn|19\n|\n|t:|1781454500\n|-terastallize|p1a: Greninja|Poison\n|move|p1a: Greninja|Gunk Shot|p2a: Serperior\n|-supereffective|p2a: Serperior\n|-damage|p2a: Serperior|0 fnt\n|faint|p2a: Serperior\n|-ability|p1a: Greninja|Battle Bond|boost\n|-boost|p1a: Greninja|atk|1\n|-boost|p1a: Greninja|spa|1\n|-boost|p1a: Greninja|spe|1\n|-activate|p1a: Greninja|ability: Battle Bond\n|-damage|p1a: Greninja|42/246|[from] item: Life Orb\n|\n|upkeep\n|\n|t:|1781454510\n|switch|p2a: Lumineon|Lumineon, L93, M|77/279\n|turn|20\n|\n|t:|1781454514\n|move|p1a: Greninja|Dark Pulse|p2a: Lumineon\n|-damage|p2a: Lumineon|0 fnt\n|faint|p2a: Lumineon\n|-damage|p1a: Greninja|18/246|[from] item: Life Orb\n|\n|upkeep\n|\n|t:|1781454516\n|switch|p2a: Cinccino|Cinccino, L83, M|21/260\n|turn|21\n|\n|t:|1781454517\n|move|p1a: Greninja|Dark Pulse|p2a: Cinccino\n|-damage|p2a: Cinccino|0 fnt\n|faint|p2a: Cinccino\n|-damage|p1a: Greninja|0 fnt|[from] item: Life Orb\n|faint|p1a: Greninja\n|\n|win|srandomg\n", "inputlog": ">version a8376a258c1d4662feba110a92103f3664a72141\n>start {\"formatid\":\"gen9randombattle\",\"seed\":\"sodium,151d5c56aa411b4f60bea38501ab8f06\",\"rated\":\"Rated battle\"}\n>player p1 {\"name\":\"srandomg\",\"avatar\":\"burglar\",\"rating\":1994,\"seed\":\"sodium,e76e47284a875fa2413323339bd8af0a\"}\n>player p2 {\"name\":\"flaviodssts\",\"avatar\":\"burglar\",\"rating\":1974,\"seed\":\"sodium,226b9c0ddc2407e4ed54820530b639a6\"}\n>p1 move knockoff\n>p2 switch 3\n>p1 move tripleaxel\n>p2 move dragondance\n>p1 switch 4\n>p2 move gravapple\n>p1 move rockslide\n>p2 move outrage\n>p1 switch 4\n>p1 move tripleaxel\n>p2 move outrage\n>p2 switch 6\n>p1 switch 5\n>p2 move suckerpunch\n>p1 move knockoff\n>p2 move poltergeist\n>p1 move overheat\n>p2 move poltergeist\n>p1 switch 6\n>p1 move snowscape\n>p2 switch 2\n>p1 move closecombat\n>p2 move surf\n>p1 move closecombat\n>p2 switch 2\n>p1 move iciclecrash\n>p2 move suckerpunch\n>p2 switch 2\n>p1 move closecombat\n>p2 move surf\n>p2 switch 5\n>p1 move closecombat\n>p2 move bulletseed\n>p1 switch 2\n>p1 move supercellslam\n>p2 move tailslap\n>p1 move earthquake\n>p2 move bulletseed\n>p1 switch 3\n>p1 move darkpulse\n>p2 switch 3\n>p1 move darkpulse\n>p2 move uturn\n>p2 switch 4\n>p1 move gunkshot terastallize\n>p2 move leafstorm\n>p2 switch 4\n>p1 move darkpulse\n>p2 move icebeam\n>p2 switch 3\n>p1 move darkpulse\n>p2 move bulletseed", "uploadtime": 1781454262, "views": 4, "formatid": "gen9randombattle", "rating": null, "private": 0, "password": null}