{"id": "gen9randombattle-2631478611", "format": "[Gen 9] Random Battle", "players": ["Fortre", "Gutty16"], "log": "|j|\u2606Fortre\n|j|\u2606Gutty16\n|t:|1781389966\n|gametype|singles\n|player|p1|Fortre|1|2003\n|player|p2|Gutty16|volkner|1930\n|gen|9\n|tier|[Gen 9] Random Battle\n|rated|\n|rule|Species Clause: Limit one of each Pok\u00e9mon\n|rule|HP Percentage Mod: HP is shown in percentages\n|rule|Sleep Clause Mod: Limit one foe put to sleep\n|rule|Illusion Level Mod: Illusion disguises the Pok\u00e9mon's true level\n|\n|t:|1781389966\n|teamsize|p1|6\n|teamsize|p2|6\n|start\n|switch|p1a: Braviary|Braviary, L85, M|309/309\n|switch|p2a: Blaziken|Blaziken, L76, F|247/247\n|turn|1\n|\n|t:|1781389980\n|switch|p2a: Persian|Persian, L92, M|269/269\n|move|p1a: Braviary|Bulk Up|p1a: Braviary\n|-boost|p1a: Braviary|atk|1\n|-boost|p1a: Braviary|def|1\n|\n|upkeep\n|turn|2\n|\n|t:|1781389983\n|move|p2a: Persian|Switcheroo|p1a: Braviary\n|-activate|p2a: Persian|move: Trick|[of] p1a: Braviary\n|-item|p1a: Braviary|Choice Band|[from] move: Switcheroo\n|-item|p2a: Persian|Heavy-Duty Boots|[from] move: Switcheroo\n|move|p1a: Braviary|Close Combat|p2a: Persian\n|-supereffective|p2a: Persian\n|-damage|p2a: Persian|0 fnt\n|-unboost|p1a: Braviary|def|1\n|-unboost|p1a: Braviary|spd|1\n|faint|p2a: Persian\n|\n|upkeep\n|\n|t:|1781389989\n|switch|p2a: Brambleghast|Brambleghast, L88, F|240/240\n|turn|3\n|\n|t:|1781389996\n|switch|p1a: Wigglytuff|Wigglytuff, L96, F|424/424\n|move|p2a: Brambleghast|Substitute|p2a: Brambleghast\n|-start|p2a: Brambleghast|Substitute\n|-damage|p2a: Brambleghast|180/240\n|\n|-heal|p2a: Brambleghast|195/240|[from] item: Leftovers\n|upkeep\n|turn|4\n|\n|t:|1781390000\n|move|p2a: Brambleghast|Leech Seed|p1a: Wigglytuff|[miss]\n|-miss|p2a: Brambleghast|p1a: Wigglytuff\n|move|p1a: Wigglytuff|Knock Off|p2a: Brambleghast\n|-supereffective|p2a: Brambleghast\n|-end|p2a: Brambleghast|Substitute\n|\n|-heal|p2a: Brambleghast|210/240|[from] item: Leftovers\n|upkeep\n|turn|5\n|\n|t:|1781390003\n|move|p2a: Brambleghast|Substitute|p2a: Brambleghast\n|-start|p2a: Brambleghast|Substitute\n|-damage|p2a: Brambleghast|150/240\n|move|p1a: Wigglytuff|Knock Off|p2a: Brambleghast\n|-supereffective|p2a: Brambleghast\n|-end|p2a: Brambleghast|Substitute\n|\n|-heal|p2a: Brambleghast|165/240|[from] item: Leftovers\n|upkeep\n|turn|6\n|\n|t:|1781390008\n|switch|p2a: Perrserker|Perrserker, L89, F|269/269\n|move|p1a: Wigglytuff|Knock Off|p2a: Perrserker\n|-damage|p2a: Perrserker|209/269\n|-enditem|p2a: Perrserker|Life Orb|[from] move: Knock Off|[of] p1a: Wigglytuff\n|\n|upkeep\n|turn|7\n|\n|t:|1781390029\n|switch|p1a: Eelektross|Eelektross, L87, M|290/290\n|move|p2a: Perrserker|Iron Head|p1a: Eelektross\n|-resisted|p1a: Eelektross\n|-damage|p1a: Eelektross|226/290\n|\n|upkeep\n|turn|8\n|\n|t:|1781390034\n|move|p2a: Perrserker|Stealth Rock|p1a: Eelektross\n|-sidestart|p1: Fortre|move: Stealth Rock\n|move|p1a: Eelektross|Discharge|p2a: Perrserker\n|-damage|p2a: Perrserker|91/269\n|-status|p2a: Perrserker|par\n|\n|upkeep\n|turn|9\n|\n|t:|1781390037\n|move|p1a: Eelektross|Discharge|p2a: Perrserker\n|-crit|p2a: Perrserker\n|-damage|p2a: Perrserker|0 fnt\n|faint|p2a: Perrserker\n|\n|upkeep\n|\n|t:|1781390051\n|switch|p2a: Mesprit|Mesprit, L85|275/275\n|turn|10\n|\n|t:|1781390058\n|move|p2a: Mesprit|Knock Off|p1a: Eelektross\n|-damage|p1a: Eelektross|147/290\n|-enditem|p1a: Eelektross|Assault Vest|[from] move: Knock Off|[of] p2a: Mesprit\n|move|p1a: Eelektross|Discharge|p2a: Mesprit\n|-damage|p2a: Mesprit|217/275\n|-status|p2a: Mesprit|par\n|\n|upkeep\n|turn|11\n|\n|t:|1781390064\n|move|p2a: Mesprit|Psychic Noise|p1a: Eelektross\n|-damage|p1a: Eelektross|54/290\n|-start|p1a: Eelektross|move: Heal Block\n|move|p1a: Eelektross|Dragon Tail|p2a: Mesprit\n|-damage|p2a: Mesprit|174/275 par\n|drag|p2a: Jumpluff|Jumpluff, L87, F|271/271\n|\n|upkeep\n|turn|12\n|\n|t:|1781390072\n|move|p2a: Jumpluff|Encore|p1a: Eelektross\n|-start|p1a: Eelektross|Encore\n|move|p1a: Eelektross|Dragon Tail|p2a: Jumpluff|[miss]\n|-miss|p1a: Eelektross|p2a: Jumpluff\n|\n|-end|p1a: Eelektross|move: Heal Block\n|upkeep\n|turn|13\n|\n|t:|1781390078\n|move|p2a: Jumpluff|Acrobatics|p1a: Eelektross\n|-resisted|p1a: Eelektross\n|-crit|p1a: Eelektross\n|-damage|p1a: Eelektross|0 fnt\n|faint|p1a: Eelektross\n|\n|upkeep\n|\n|t:|1781390096\n|switch|p1a: Braviary|Braviary, L85, M|309/309\n|-damage|p1a: Braviary|232/309|[from] Stealth Rock\n|turn|14\n|\n|t:|1781390104\n|move|p2a: Jumpluff|Sleep Powder|p1a: Braviary\n|-status|p1a: Braviary|slp|[from] move: Sleep Powder\n|cant|p1a: Braviary|slp\n|\n|upkeep\n|turn|15\n|\n|t:|1781390111\n|switch|p2a: Mesprit|Mesprit, L85|174/275 par\n|cant|p1a: Braviary|slp\n|\n|upkeep\n|turn|16\n|\n|t:|1781390117\n|cant|p1a: Braviary|slp\n|move|p2a: Mesprit|Psychic Noise|p1a: Braviary\n|-damage|p1a: Braviary|129/309 slp\n|-start|p1a: Braviary|move: Heal Block\n|\n|upkeep\n|turn|17\n|\n|t:|1781390120\n|-curestatus|p1a: Braviary|slp|[msg]\n|move|p1a: Braviary|Brave Bird|p2a: Mesprit\n|-damage|p2a: Mesprit|0 fnt\n|faint|p2a: Mesprit\n|-damage|p1a: Braviary|72/309|[from] Recoil\n|\n|-end|p1a: Braviary|move: Heal Block\n|upkeep\n|\n|t:|1781390132\n|switch|p2a: Jumpluff|Jumpluff, L87, F|271/271\n|turn|18\n|\n|t:|1781390139\n|move|p2a: Jumpluff|Acrobatics|p1a: Braviary\n|-damage|p1a: Braviary|0 fnt\n|faint|p1a: Braviary\n|\n|upkeep\n|\n|t:|1781390143\n|switch|p1a: Sableye|Sableye, L88, M|231/231\n|-damage|p1a: Sableye|203/231|[from] Stealth Rock\n|turn|19\n|\n|t:|1781390147\n|move|p1a: Sableye|Thunder Wave|p2a: Jumpluff|[miss]\n|-miss|p1a: Sableye|p2a: Jumpluff\n|move|p2a: Jumpluff|Sleep Powder|p1a: Sableye\n|-status|p1a: Sableye|slp|[from] move: Sleep Powder\n|\n|-heal|p1a: Sableye|217/231 slp|[from] item: Leftovers\n|upkeep\n|turn|20\n|\n|t:|1781390168\n|switch|p2a: Blaziken|Blaziken, L76, F|247/247\n|switch|p1a: Wigglytuff|Wigglytuff, L96, F|424/424\n|-damage|p1a: Wigglytuff|371/424|[from] Stealth Rock\n|\n|-heal|p1a: Wigglytuff|397/424|[from] item: Leftovers\n|upkeep\n|turn|21\n|\n|t:|1781390175\n|move|p2a: Blaziken|Swords Dance|p2a: Blaziken\n|-boost|p2a: Blaziken|atk|2\n|move|p1a: Wigglytuff|Thunder Wave|p2a: Blaziken\n|-status|p2a: Blaziken|par\n|\n|-heal|p1a: Wigglytuff|423/424|[from] item: Leftovers\n|-ability|p2a: Blaziken|Speed Boost|boost\n|-boost|p2a: Blaziken|spe|1\n|upkeep\n|turn|22\n|\n|t:|1781390183\n|move|p2a: Blaziken|Protect|p2a: Blaziken\n|-singleturn|p2a: Blaziken|Protect\n|move|p1a: Wigglytuff|Knock Off|p2a: Blaziken\n|-activate|p2a: Blaziken|move: Protect\n|\n|-heal|p1a: Wigglytuff|424/424|[from] item: Leftovers\n|-ability|p2a: Blaziken|Speed Boost|boost\n|-boost|p2a: Blaziken|spe|1\n|upkeep\n|turn|23\n|\n|t:|1781390188\n|move|p2a: Blaziken|Flare Blitz|p1a: Wigglytuff\n|-crit|p1a: Wigglytuff\n|-damage|p1a: Wigglytuff|0 fnt\n|faint|p1a: Wigglytuff\n|-damage|p2a: Blaziken|107/247 par|[from] Recoil\n|-damage|p2a: Blaziken|83/247 par|[from] item: Life Orb\n|\n|-ability|p2a: Blaziken|Speed Boost|boost\n|-boost|p2a: Blaziken|spe|1\n|upkeep\n|\n|t:|1781390193\n|switch|p1a: Sableye|Sableye, L88, M|217/231 slp\n|-damage|p1a: Sableye|189/231 slp|[from] Stealth Rock\n|turn|24\n|\n|t:|1781390198\n|cant|p1a: Sableye|slp\n|cant|p2a: Blaziken|par\n|\n|-heal|p1a: Sableye|203/231 slp|[from] item: Leftovers\n|-ability|p2a: Blaziken|Speed Boost|boost\n|-boost|p2a: Blaziken|spe|1\n|upkeep\n|turn|25\n|\n|t:|1781390203\n|cant|p1a: Sableye|slp\n|cant|p2a: Blaziken|par\n|\n|-heal|p1a: Sableye|217/231 slp|[from] item: Leftovers\n|-ability|p2a: Blaziken|Speed Boost|boost\n|-boost|p2a: Blaziken|spe|1\n|upkeep\n|turn|26\n|\n|t:|1781390211\n|-curestatus|p1a: Sableye|slp|[msg]\n|move|p1a: Sableye|Encore|p2a: Blaziken\n|-start|p2a: Blaziken|Encore\n|move|p2a: Blaziken|Flare Blitz|p1a: Sableye\n|-crit|p1a: Sableye\n|-damage|p1a: Sableye|0 fnt\n|faint|p1a: Sableye\n|-damage|p2a: Blaziken|11/247 par|[from] Recoil\n|-damage|p2a: Blaziken|0 fnt|[from] item: Life Orb\n|faint|p2a: Blaziken\n|\n|upkeep\n|\n|t:|1781390220\n|switch|p2a: Brambleghast|Brambleghast, L88, F|165/240\n|switch|p1a: Yanmega|Yanmega, L82, M|275/275\n|-damage|p1a: Yanmega|138/275|[from] Stealth Rock\n|turn|27\n|\n|t:|1781390246\n|move|p2a: Brambleghast|Leech Seed|p1a: Yanmega\n|-start|p1a: Yanmega|move: Leech Seed\n|move|p1a: Yanmega|Bug Buzz|p2a: Brambleghast\n|-damage|p2a: Brambleghast|0 fnt\n|faint|p2a: Brambleghast\n|\n|upkeep\n|\n|t:|1781390250\n|switch|p2a: Jumpluff|Jumpluff, L87, F|271/271\n|turn|28\n|\n|t:|1781390257\n|-terastallize|p2a: Jumpluff|Steel\n|move|p2a: Jumpluff|Sleep Powder|p1a: Yanmega\n|-status|p1a: Yanmega|slp|[from] move: Sleep Powder\n|cant|p1a: Yanmega|slp\n|\n|-damage|p1a: Yanmega|104/275 slp|[from] Leech Seed|[of] p2a: Jumpluff\n|upkeep\n|turn|29\n|\n|t:|1781390262\n|move|p2a: Jumpluff|Acrobatics|p1a: Yanmega\n|-supereffective|p1a: Yanmega\n|-crit|p1a: Yanmega\n|-damage|p1a: Yanmega|0 fnt\n|faint|p1a: Yanmega\n|\n|upkeep\n|\n|t:|1781390264\n|switch|p1a: Miraidon|Miraidon, L65|238/238\n|-damage|p1a: Miraidon|209/238|[from] Stealth Rock\n|-fieldstart|move: Electric Terrain|[from] ability: Hadron Engine|[of] p1a: Miraidon\n|turn|30\n|\n|t:|1781390277\n|-terastallize|p1a: Miraidon|Electric\n|move|p2a: Jumpluff|Acrobatics|p1a: Miraidon\n|-resisted|p1a: Miraidon\n|-damage|p1a: Miraidon|158/238\n|move|p1a: Miraidon|Electro Drift|p2a: Jumpluff\n|-damage|p2a: Jumpluff|47/271\n|-damage|p1a: Miraidon|135/238|[from] item: Life Orb\n|\n|upkeep\n|turn|31\n|\n|t:|1781390283\n|move|p2a: Jumpluff|Strength Sap|p1a: Miraidon\n|-unboost|p1a: Miraidon|atk|1\n|-heal|p2a: Jumpluff|162/271\n|move|p1a: Miraidon|Electro Drift|p2a: Jumpluff\n|-crit|p2a: Jumpluff\n|-damage|p2a: Jumpluff|0 fnt\n|faint|p2a: Jumpluff\n|-damage|p1a: Miraidon|112/238|[from] item: Life Orb\n|\n|win|Fortre\n", "inputlog": ">version a8376a258c1d4662feba110a92103f3664a72141\n>start {\"formatid\":\"gen9randombattle\",\"seed\":\"sodium,589f952a0c46ae3b620d961a3a832261\",\"rated\":\"Rated battle\"}\n>player p1 {\"name\":\"Fortre\",\"avatar\":\"1\",\"rating\":2003,\"seed\":\"sodium,8dd5d6f23ff5c8c31598e54400225bca\"}\n>player p2 {\"name\":\"Gutty16\",\"avatar\":\"volkner\",\"rating\":1930,\"seed\":\"sodium,d92d1f82cea0c1ebb389441713e15ad5\"}\n>p1 move bulkup\n>p2 switch 4\n>p1 move closecombat\n>p2 move switcheroo\n>p2 switch 2\n>p1 switch 6\n>p2 move substitute\n>p1 move knockoff\n>p2 move leechseed\n>p1 move knockoff\n>p2 move substitute\n>p1 move knockoff\n>p2 switch 5\n>p1 switch 3\n>p2 move ironhead\n>p1 move discharge\n>p2 move stealthrock\n>p1 move discharge\n>p2 move closecombat\n>p2 switch 6\n>p1 move discharge\n>p2 move knockoff\n>p1 move dragontail\n>p2 move psychicnoise\n>p1 move uturn\n>p2 move encore\n>p1 move dragontail\n>p2 move acrobatics\n>p1 switch 6\n>p1 move bravebird\n>p2 move sleeppowder\n>p1 move bravebird\n>p2 switch 3\n>p1 move bravebird\n>p2 move psychicnoise\n>p1 move bravebird\n>p2 move psychicnoise\n>p2 switch 3\n>p1 move bravebird\n>p2 move acrobatics\n>p1 switch 4\n>p1 move thunderwave\n>p2 move sleeppowder\n>p1 switch 3\n>p2 switch 4\n>p1 move thunderwave\n>p2 move swordsdance\n>p1 move knockoff\n>p2 move protect\n>p1 move alluringvoice\n>p2 move flareblitz\n>p1 switch 3\n>p1 move recover\n>p2 move flareblitz\n>p1 move encore\n>p2 move flareblitz\n>p1 move encore\n>p2 move flareblitz\n>p1 switch 5\n>p2 switch 5\n>p1 move bugbuzz\n>p2 move leechseed\n>p2 switch 4\n>p1 move bugbuzz\n>p2 move sleeppowder terastallize\n>p1 move bugbuzz\n>p2 move acrobatics\n>p1 switch 2\n>p1 move electrodrift terastallize\n>p2 move acrobatics\n>p1 move electrodrift\n>p2 move strengthsap", "uploadtime": 1781389968, "views": 5, "formatid": "gen9randombattle", "rating": null, "private": 0, "password": null}