{"id": "gen9randombattle-2631461885", "format": "[Gen 9] Random Battle", "players": ["smasher04", "Fortre"], "log": "|j|\u2606smasher04\n|j|\u2606Fortre\n|t:|1781387613\n|gametype|singles\n|player|p1|smasher04|twins-gen4|1946\n|player|p2|Fortre|1|1966\n|gen|9\n|tier|[Gen 9] Random Battle\n|rated|\n|rule|Species Clause: Limit one of each Pok\u00e9mon\n|rule|HP Percentage Mod: HP is shown in percentages\n|rule|Sleep Clause Mod: Limit one foe put to sleep\n|rule|Illusion Level Mod: Illusion disguises the Pok\u00e9mon's true level\n|\n|t:|1781387613\n|teamsize|p1|6\n|teamsize|p2|6\n|start\n|switch|p1a: Kingambit|Kingambit, L74, F|235/235\n|switch|p2a: Banette|Banette, L93, F|270/270\n|turn|1\n|\n|t:|1781387632\n|switch|p1a: Sunflora|Sunflora, M|312/312\n|switch|p2a: Magmortar|Magmortar, L88, M|275/275\n|\n|upkeep\n|turn|2\n|\n|t:|1781387640\n|switch|p1a: Tauros|Tauros-Paldea-Blaze, L81, M|252/252\n|move|p2a: Magmortar|Knock Off|p1a: Tauros\n|-resisted|p1a: Tauros\n|-damage|p1a: Tauros|217/252\n|-enditem|p1a: Tauros|Sitrus Berry|[from] move: Knock Off|[of] p2a: Magmortar\n|\n|upkeep\n|turn|3\n|\n|t:|1781387646\n|move|p1a: Tauros|Bulk Up|p1a: Tauros\n|-boost|p1a: Tauros|atk|1\n|-boost|p1a: Tauros|def|1\n|move|p2a: Magmortar|Scorching Sands|p1a: Tauros\n|-supereffective|p1a: Tauros\n|-crit|p1a: Tauros\n|-damage|p1a: Tauros|0 fnt\n|faint|p1a: Tauros\n|\n|upkeep\n|\n|t:|1781387651\n|switch|p1a: Reuniclus|Reuniclus, L88, M|337/337\n|turn|4\n|\n|t:|1781387661\n|move|p2a: Magmortar|Knock Off|p1a: Reuniclus\n|-supereffective|p1a: Reuniclus\n|-damage|p1a: Reuniclus|169/337\n|-enditem|p1a: Reuniclus|Life Orb|[from] move: Knock Off|[of] p2a: Magmortar\n|move|p1a: Reuniclus|Psyshock|p2a: Magmortar\n|-damage|p2a: Magmortar|134/275\n|\n|upkeep\n|turn|5\n|\n|t:|1781387666\n|move|p2a: Magmortar|Fire Blast|p1a: Reuniclus\n|-damage|p1a: Reuniclus|6/337\n|move|p1a: Reuniclus|Recover|p1a: Reuniclus\n|-heal|p1a: Reuniclus|175/337\n|\n|upkeep\n|turn|6\n|\n|t:|1781387671\n|move|p2a: Magmortar|Fire Blast|p1a: Reuniclus\n|-damage|p1a: Reuniclus|24/337\n|move|p1a: Reuniclus|Recover|p1a: Reuniclus\n|-heal|p1a: Reuniclus|193/337\n|\n|upkeep\n|turn|7\n|\n|t:|1781387678\n|move|p2a: Magmortar|Knock Off|p1a: Reuniclus\n|-supereffective|p1a: Reuniclus\n|-damage|p1a: Reuniclus|81/337\n|move|p1a: Reuniclus|Recover|p1a: Reuniclus\n|-heal|p1a: Reuniclus|250/337\n|\n|upkeep\n|turn|8\n|\n|t:|1781387685\n|switch|p2a: Mamoswine|Mamoswine, L81, M|311/311\n|move|p1a: Reuniclus|Recover|p1a: Reuniclus\n|-heal|p1a: Reuniclus|337/337\n|\n|upkeep\n|turn|9\n|\n|t:|1781387691\n|-terastallize|p1a: Reuniclus|Fighting\n|move|p2a: Mamoswine|Icicle Crash|p1a: Reuniclus\n|-damage|p1a: Reuniclus|154/337\n|move|p1a: Reuniclus|Focus Blast|p2a: Mamoswine\n|-supereffective|p2a: Mamoswine\n|-damage|p2a: Mamoswine|0 fnt\n|faint|p2a: Mamoswine\n|\n|upkeep\n|\n|t:|1781387699\n|switch|p2a: Masquerain|Masquerain, L87, F|264/264\n|-ability|p2a: Masquerain|Intimidate|boost\n|-unboost|p1a: Reuniclus|atk|1\n|turn|10\n|\n|t:|1781387701\n|move|p2a: Masquerain|Hurricane|p1a: Reuniclus|[miss]\n|-miss|p2a: Masquerain|p1a: Reuniclus\n|move|p1a: Reuniclus|Psyshock|p2a: Masquerain\n|-damage|p2a: Masquerain|125/264\n|\n|upkeep\n|turn|11\n|\n|t:|1781387707\n|move|p2a: Masquerain|Hurricane|p1a: Reuniclus\n|-supereffective|p1a: Reuniclus\n|-damage|p1a: Reuniclus|0 fnt\n|faint|p1a: Reuniclus\n|\n|upkeep\n|\n|t:|1781387714\n|switch|p1a: Koraidon|Koraidon, L64|235/235\n|-weather|SunnyDay|[from] ability: Orichalcum Pulse|[of] p1a: Koraidon\n|-activate|p1a: Koraidon|Orichalcum Pulse|[source]\n|turn|12\n|\n|t:|1781387721\n|switch|p2a: Magmortar|Magmortar, L88, M|134/275\n|move|p1a: Koraidon|Scale Shot|p2a: Magmortar|[miss]\n|-miss|p1a: Koraidon|p2a: Magmortar\n|\n|-weather|SunnyDay|[upkeep]\n|upkeep\n|turn|13\n|\n|t:|1781387727\n|switch|p2a: Wo-Chien|Wo-Chien, L83|277/277\n|-ability|p2a: Wo-Chien|Tablets of Ruin\n|move|p1a: Koraidon|Collision Course|p2a: Wo-Chien\n|-supereffective|p2a: Wo-Chien\n|-damage|p2a: Wo-Chien|95/277\n|\n|-weather|SunnyDay|[upkeep]\n|-heal|p2a: Wo-Chien|112/277|[from] item: Leftovers\n|upkeep\n|turn|14\n|\n|t:|1781387738\n|move|p1a: Koraidon|Collision Course|p2a: Wo-Chien\n|-supereffective|p2a: Wo-Chien\n|-crit|p2a: Wo-Chien\n|-damage|p2a: Wo-Chien|0 fnt\n|faint|p2a: Wo-Chien\n|\n|-weather|SunnyDay|[upkeep]\n|upkeep\n|\n|t:|1781387743\n|switch|p2a: Banette|Banette, L93, F|270/270\n|turn|15\n|\n|t:|1781387749\n|move|p1a: Koraidon|Swords Dance|p1a: Koraidon\n|-boost|p1a: Koraidon|atk|2\n|move|p2a: Banette|Thunder Wave|p1a: Koraidon\n|-status|p1a: Koraidon|par\n|\n|-weather|SunnyDay|[upkeep]\n|upkeep\n|turn|16\n|\n|t:|1781387761\n|move|p2a: Banette|Poltergeist|p1a: Koraidon\n|-activate|p1a: Koraidon|move: Poltergeist|Loaded Dice\n|-damage|p1a: Koraidon|11/235 par\n|-damage|p2a: Banette|243/270|[from] item: Life Orb\n|move|p1a: Koraidon|Scale Shot|p2a: Banette\n|-damage|p2a: Banette|183/270\n|-damage|p2a: Banette|119/270\n|-damage|p2a: Banette|58/270\n|-damage|p2a: Banette|0 fnt\n|faint|p2a: Banette\n|-hitcount|p2: Banette|4\n|-unboost|p1a: Koraidon|def|1\n|-boost|p1a: Koraidon|spe|1\n|\n|-weather|none\n|upkeep\n|\n|t:|1781387765\n|switch|p2a: Magmortar|Magmortar, L88, M|134/275\n|turn|17\n|\n|t:|1781387773\n|move|p2a: Magmortar|Knock Off|p1a: Koraidon\n|-resisted|p1a: Koraidon\n|-damage|p1a: Koraidon|0 fnt\n|-enditem|p1a: Koraidon|Loaded Dice|[from] move: Knock Off|[of] p2a: Magmortar\n|faint|p1a: Koraidon\n|\n|upkeep\n|\n|t:|1781387777\n|switch|p1a: Kingambit|Kingambit, L74, F|235/235\n|turn|18\n|\n|t:|1781387788\n|move|p1a: Kingambit|Dark Pulse|p2a: Magmortar\n|-damage|p2a: Magmortar|0 fnt\n|faint|p2a: Magmortar\n|\n|upkeep\n|\n|t:|1781387800\n|switch|p2a: Flapple|Flapple, L88, F|266/266\n|turn|19\n|\n|t:|1781387803\n|move|p1a: Kingambit|Dark Pulse|p2a: Flapple\n|-damage|p2a: Flapple|70/266\n|move|p2a: Flapple|Dragon Dance|p2a: Flapple\n|-boost|p2a: Flapple|atk|1\n|-boost|p2a: Flapple|spe|1\n|\n|upkeep\n|turn|20\n|\n|t:|1781387811\n|switch|p1a: Kingambit|Kingambit, L74, F|270/270\n|-activate|p1a: Kingambit|ability: Supreme Overlord\n|-start|p1a: Kingambit|fallen3|[silent]\n|-terastallize|p2a: Flapple|Fire\n|move|p2a: Flapple|Tera Blast|p1a: Kingambit|[anim] Tera Blast Fire\n|-supereffective|p1a: Kingambit\n|-damage|p1a: Kingambit|0 fnt\n|faint|p1a: Kingambit\n|-end|p1a: Kingambit|fallen3|[silent]\n|\n|upkeep\n|c|\u2606smasher04|Fuck\n|c|\u2606smasher04|Gg\n|-message|smasher04 forfeited.\n|\n|win|Fortre\n", "inputlog": ">version a8376a258c1d4662feba110a92103f3664a72141\n>start {\"formatid\":\"gen9randombattle\",\"seed\":\"sodium,5e510f3a9875bf353530375b5919f603\",\"rated\":\"Rated battle\"}\n>player p1 {\"name\":\"smasher04\",\"avatar\":\"twins-gen4\",\"rating\":1946,\"seed\":\"sodium,49d7471b960dae7ecad8c0876a4febfe\"}\n>player p2 {\"name\":\"Fortre\",\"avatar\":\"1\",\"rating\":1966,\"seed\":\"sodium,87cda04f57facc36828c83ef02907019\"}\n>p1 switch 2\n>p2 switch 4\n>p1 switch 3\n>p2 move knockoff\n>p1 move bulkup\n>p2 move scorchingsands\n>p1 switch 4\n>p1 move psyshock\n>p2 move knockoff\n>p1 move recover\n>p2 move fireblast\n>p1 move recover\n>p2 move fireblast\n>p1 move recover\n>p2 move knockoff\n>p1 move recover\n>p2 switch 6\n>p1 move focusblast terastallize\n>p2 move iciclecrash\n>p2 switch 3\n>p1 move psyshock\n>p2 move hurricane\n>p1 move psyshock\n>p2 move hurricane\n>p1 switch 5\n>p1 move scaleshot\n>p2 switch 6\n>p1 move collisioncourse\n>p2 switch 5\n>p1 move collisioncourse\n>p2 move stunspore\n>p2 switch 4\n>p1 move swordsdance\n>p2 move thunderwave\n>p1 move scaleshot\n>p2 move poltergeist\n>p2 switch 5\n>p1 move scaleshot\n>p2 move knockoff\n>p1 switch 2\n>p1 move darkpulse\n>p2 move fireblast\n>p2 switch 2\n>p1 move darkpulse\n>p2 move dragondance\n>p1 switch 6\n>p2 move terablast terastallize\n>chat \u2606smasher04|Fuck\n>chat \u2606smasher04|Gg\n>forcelose p1", "uploadtime": 1781387614, "views": 6, "formatid": "gen9randombattle", "rating": null, "private": 0, "password": null}