{"id": "gen9randombattle-2631974969", "format": "[Gen 9] Random Battle", "players": ["jonubieta", "arno123"], "log": "|j|\u2606jonubieta\n|j|\u2606arno123\n|t:|1781461731\n|gametype|singles\n|player|p1|jonubieta|2|1907\n|player|p2|arno123|169|1935\n|gen|9\n|tier|[Gen 9] Random Battle\n|rated|\n|rule|Species Clause: Limit one of each Pok\u00e9mon\n|rule|HP Percentage Mod: HP is shown in percentages\n|rule|Sleep Clause Mod: Limit one foe put to sleep\n|rule|Illusion Level Mod: Illusion disguises the Pok\u00e9mon's true level\n|\n|t:|1781461731\n|teamsize|p1|6\n|teamsize|p2|6\n|start\n|switch|p1a: Meowstic|Meowstic, L89, M|277/277\n|switch|p2a: Sinistcha|Sinistcha, L83|254/254\n|turn|1\n|inactive|Battle timer is ON: inactive players will automatically lose when time's up. (requested by arno123)\n|\n|t:|1781461752\n|move|p1a: Meowstic|Light Screen|p1a: Meowstic\n|-sidestart|p1: jonubieta|move: Light Screen\n|move|p2a: Sinistcha|Shadow Ball|p1a: Meowstic\n|-supereffective|p1a: Meowstic\n|-damage|p1a: Meowstic|175/277\n|\n|upkeep\n|turn|2\n|\n|t:|1781461757\n|switch|p1a: Iron Moth|Iron Moth, L78|253/253\n|move|p2a: Sinistcha|Shadow Ball|p1a: Iron Moth\n|-damage|p1a: Iron Moth|211/253\n|\n|upkeep\n|turn|3\n|\n|t:|1781461770\n|switch|p2a: Kingdra|Kingdra, L84, F|263/263\n|move|p1a: Iron Moth|Fiery Dance|p2a: Kingdra\n|-resisted|p2a: Kingdra\n|-damage|p2a: Kingdra|238/263\n|\n|upkeep\n|turn|4\n|\n|t:|1781461791\n|-end|p1a: Iron Moth|Quark Drive|[silent]\n|switch|p1a: Meowstic|Meowstic, L89, M|175/277\n|move|p2a: Kingdra|Rain Dance|p2a: Kingdra\n|-weather|RainDance\n|\n|-weather|RainDance|[upkeep]\n|upkeep\n|turn|5\n|\n|t:|1781461800\n|move|p1a: Meowstic|Thunder Wave|p2a: Kingdra\n|-status|p2a: Kingdra|par\n|move|p2a: Kingdra|Wave Crash|p1a: Meowstic\n|-damage|p1a: Meowstic|0 fnt\n|faint|p1a: Meowstic\n|-damage|p2a: Kingdra|180/263 par|[from] Recoil\n|-damage|p2a: Kingdra|154/263 par|[from] item: Life Orb\n|\n|-weather|RainDance|[upkeep]\n|upkeep\n|\n|t:|1781461813\n|switch|p1a: Lilligant|Lilligant-Hisui, L79, F|240/240\n|turn|6\n|\n|t:|1781461824\n|switch|p2a: Sinistcha|Sinistcha, L83|254/254\n|move|p1a: Lilligant|Victory Dance|p1a: Lilligant\n|-boost|p1a: Lilligant|atk|1\n|-boost|p1a: Lilligant|def|1\n|-boost|p1a: Lilligant|spe|1\n|\n|-weather|RainDance|[upkeep]\n|upkeep\n|turn|7\n|\n|t:|1781461833\n|move|p1a: Lilligant|Victory Dance|p1a: Lilligant\n|-boost|p1a: Lilligant|atk|1\n|-boost|p1a: Lilligant|def|1\n|-boost|p1a: Lilligant|spe|1\n|move|p2a: Sinistcha|Calm Mind|p2a: Sinistcha\n|-boost|p2a: Sinistcha|spa|1\n|-boost|p2a: Sinistcha|spd|1\n|\n|-weather|RainDance|[upkeep]\n|upkeep\n|turn|8\n|\n|t:|1781461839\n|move|p1a: Lilligant|Victory Dance|p1a: Lilligant\n|-boost|p1a: Lilligant|atk|1\n|-boost|p1a: Lilligant|def|1\n|-boost|p1a: Lilligant|spe|1\n|move|p2a: Sinistcha|Strength Sap|p1a: Lilligant\n|-unboost|p1a: Lilligant|atk|1\n|\n|-weather|none\n|-sideend|p1: jonubieta|move: Light Screen\n|upkeep\n|turn|9\n|\n|t:|1781461844\n|move|p1a: Lilligant|Leaf Blade|p2a: Sinistcha\n|-resisted|p2a: Sinistcha\n|-crit|p2a: Sinistcha\n|-damage|p2a: Sinistcha|11/254\n|-damage|p1a: Lilligant|216/240|[from] item: Life Orb\n|move|p2a: Sinistcha|Strength Sap|p1a: Lilligant\n|-unboost|p1a: Lilligant|atk|1\n|-heal|p2a: Sinistcha|254/254\n|\n|upkeep\n|turn|10\n|\n|t:|1781461859\n|switch|p1a: Iron Moth|Iron Moth, L78|211/253\n|move|p2a: Sinistcha|Matcha Gotcha|p1a: Iron Moth\n|-resisted|p1a: Iron Moth\n|-damage|p1a: Iron Moth|177/253\n|\n|upkeep\n|turn|11\n|\n|t:|1781461868\n|switch|p2a: Kingdra|Kingdra, L84, F|154/263 par\n|move|p1a: Iron Moth|Fiery Dance|p2a: Kingdra\n|-resisted|p2a: Kingdra\n|-damage|p2a: Kingdra|129/263 par\n|\n|upkeep\n|turn|12\n|\n|t:|1781461873\n|move|p1a: Iron Moth|Sludge Wave|p2a: Kingdra\n|-damage|p2a: Kingdra|23/263 par\n|move|p2a: Kingdra|Wave Crash|p1a: Iron Moth\n|-supereffective|p1a: Iron Moth\n|-damage|p1a: Iron Moth|0 fnt\n|faint|p1a: Iron Moth\n|-end|p1a: Iron Moth|Quark Drive|[silent]\n|-damage|p2a: Kingdra|0 fnt|[from] Recoil\n|faint|p2a: Kingdra\n|\n|upkeep\n|\n|t:|1781461880\n|switch|p1a: Golduck|Golduck, L90, M|290/290\n|switch|p2a: Kleavor|Kleavor, L78, M|237/237\n|turn|13\n|\n|t:|1781461888\n|switch|p2a: Raikou|Raikou, L81|278/278\n|-ability|p2a: Raikou|Pressure\n|move|p1a: Golduck|Hydro Pump|p2a: Raikou|[miss]\n|-miss|p1a: Golduck|p2a: Raikou\n|\n|upkeep\n|turn|14\n|\n|t:|1781461904\n|switch|p1a: Lilligant|Lilligant-Hisui, L79, F|216/240\n|move|p2a: Raikou|Substitute|p2a: Raikou\n|-start|p2a: Raikou|Substitute\n|-damage|p2a: Raikou|209/278\n|\n|-heal|p2a: Raikou|226/278|[from] item: Leftovers\n|upkeep\n|turn|15\n|\n|t:|1781461911\n|move|p2a: Raikou|Scald|p1a: Lilligant\n|-resisted|p1a: Lilligant\n|-damage|p1a: Lilligant|181/240\n|move|p1a: Lilligant|Leaf Blade|p2a: Raikou\n|-end|p2a: Raikou|Substitute\n|-damage|p1a: Lilligant|157/240|[from] item: Life Orb\n|\n|-heal|p2a: Raikou|243/278|[from] item: Leftovers\n|upkeep\n|turn|16\n|\n|t:|1781461917\n|switch|p2a: Sinistcha|Sinistcha, L83|254/254\n|move|p1a: Lilligant|Victory Dance|p1a: Lilligant\n|-boost|p1a: Lilligant|atk|1\n|-boost|p1a: Lilligant|def|1\n|-boost|p1a: Lilligant|spe|1\n|\n|upkeep\n|turn|17\n|\n|t:|1781461922\n|move|p1a: Lilligant|Leaf Blade|p2a: Sinistcha|[miss]\n|-miss|p1a: Lilligant|p2a: Sinistcha\n|move|p2a: Sinistcha|Strength Sap|p1a: Lilligant\n|-unboost|p1a: Lilligant|atk|1\n|\n|upkeep\n|turn|18\n|\n|t:|1781461932\n|switch|p1a: Golduck|Golduck, L90, M|290/290\n|move|p2a: Sinistcha|Matcha Gotcha|p1a: Golduck|[miss]\n|-miss|p2a: Sinistcha|p1a: Golduck\n|\n|upkeep\n|turn|19\n|\n|t:|1781461943\n|move|p1a: Golduck|Ice Beam|p2a: Sinistcha\n|-supereffective|p2a: Sinistcha\n|-damage|p2a: Sinistcha|54/254\n|-damage|p1a: Golduck|261/290|[from] item: Life Orb\n|move|p2a: Sinistcha|Matcha Gotcha|p1a: Golduck\n|-supereffective|p1a: Golduck\n|-damage|p1a: Golduck|51/290\n|-heal|p2a: Sinistcha|159/254|[from] drain|[of] p1a: Golduck\n|-status|p1a: Golduck|brn\n|\n|-heal|p2a: Sinistcha|174/254|[from] item: Leftovers\n|-damage|p1a: Golduck|33/290 brn|[from] brn\n|upkeep\n|turn|20\n|\n|t:|1781461959\n|switch|p2a: Raikou|Raikou, L81|243/278\n|-ability|p2a: Raikou|Pressure\n|move|p1a: Golduck|Ice Beam|p2a: Raikou\n|-damage|p2a: Raikou|147/278\n|-damage|p1a: Golduck|4/290 brn|[from] item: Life Orb\n|\n|-heal|p2a: Raikou|164/278|[from] item: Leftovers\n|-damage|p1a: Golduck|0 fnt|[from] brn\n|faint|p1a: Golduck\n|upkeep\n|\n|t:|1781461965\n|switch|p1a: Lilligant|Lilligant-Hisui, L79, F|157/240\n|turn|21\n|\n|t:|1781461971\n|move|p2a: Raikou|Thunderbolt|p1a: Lilligant\n|-resisted|p1a: Lilligant\n|-damage|p1a: Lilligant|102/240\n|move|p1a: Lilligant|Leaf Blade|p2a: Raikou|[miss]\n|-miss|p1a: Lilligant|p2a: Raikou\n|\n|-heal|p2a: Raikou|181/278|[from] item: Leftovers\n|upkeep\n|turn|22\n|\n|t:|1781461976\n|move|p2a: Raikou|Thunderbolt|p1a: Lilligant\n|-resisted|p1a: Lilligant\n|-damage|p1a: Lilligant|39/240\n|move|p1a: Lilligant|Close Combat|p2a: Raikou|[miss]\n|-miss|p1a: Lilligant|p2a: Raikou\n|\n|-heal|p2a: Raikou|198/278|[from] item: Leftovers\n|upkeep\n|turn|23\n|\n|t:|1781461980\n|move|p2a: Raikou|Thunderbolt|p1a: Lilligant\n|-resisted|p1a: Lilligant\n|-damage|p1a: Lilligant|0 fnt\n|faint|p1a: Lilligant\n|\n|-heal|p2a: Raikou|215/278|[from] item: Leftovers\n|upkeep\n|\n|t:|1781461986\n|switch|p1a: Raichu|Raichu-Alola, L87, M|246/246\n|turn|24\n|\n|t:|1781461999\n|move|p1a: Raichu|Psyshock|p2a: Raikou\n|-damage|p2a: Raikou|64/278\n|move|p2a: Raikou|Calm Mind|p2a: Raikou\n|-boost|p2a: Raikou|spa|1\n|-boost|p2a: Raikou|spd|1\n|\n|-heal|p2a: Raikou|81/278|[from] item: Leftovers\n|upkeep\n|turn|25\n|\n|t:|1781462002\n|move|p1a: Raichu|Psyshock|p2a: Raikou\n|-damage|p2a: Raikou|0 fnt\n|faint|p2a: Raikou\n|\n|upkeep\n|\n|t:|1781462007\n|switch|p2a: Kleavor|Kleavor, L78, M|237/237\n|turn|26\n|\n|t:|1781462011\n|move|p1a: Raichu|Psyshock|p2a: Kleavor\n|-damage|p2a: Kleavor|113/237\n|move|p2a: Kleavor|X-Scissor|p1a: Raichu\n|-supereffective|p1a: Raichu\n|-damage|p1a: Raichu|0 fnt\n|faint|p1a: Raichu\n|\n|upkeep\n|\n|t:|1781462013\n|switch|p1a: Kyogre|Kyogre, L71|259/259\n|-weather|RainDance|[from] ability: Drizzle|[of] p1a: Kyogre\n|turn|27\n|\n|t:|1781462017\n|-terastallize|p1a: Kyogre|Water\n|move|p1a: Kyogre|Water Spout|p2a: Kleavor\n|-supereffective|p2a: Kleavor\n|-damage|p2a: Kleavor|0 fnt\n|faint|p2a: Kleavor\n|\n|-weather|RainDance|[upkeep]\n|upkeep\n|\n|t:|1781462025\n|switch|p2a: Sinistcha|Sinistcha, L83|174/254\n|turn|28\n|\n|t:|1781462028\n|move|p1a: Kyogre|Water Spout|p2a: Sinistcha\n|-resisted|p2a: Sinistcha\n|-damage|p2a: Sinistcha|9/254\n|move|p2a: Sinistcha|Matcha Gotcha|p1a: Kyogre\n|-supereffective|p1a: Kyogre\n|-damage|p1a: Kyogre|95/259\n|-heal|p2a: Sinistcha|91/254|[from] drain|[of] p1a: Kyogre\n|\n|-weather|RainDance|[upkeep]\n|-heal|p2a: Sinistcha|106/254|[from] item: Leftovers\n|upkeep\n|turn|29\n|\n|t:|1781462032\n|move|p1a: Kyogre|Water Spout|p2a: Sinistcha\n|-resisted|p2a: Sinistcha\n|-damage|p2a: Sinistcha|42/254\n|move|p2a: Sinistcha|Matcha Gotcha|p1a: Kyogre\n|-supereffective|p1a: Kyogre\n|-damage|p1a: Kyogre|0 fnt\n|-heal|p2a: Sinistcha|90/254|[from] drain|[of] p1a: Kyogre\n|faint|p1a: Kyogre\n|\n|win|arno123\n", "inputlog": ">version a8376a258c1d4662feba110a92103f3664a72141\n>start {\"formatid\":\"gen9randombattle\",\"seed\":\"sodium,b7e3aef48debd36ab1d695f9f6de381d\",\"rated\":\"Rated battle\"}\n>player p1 {\"name\":\"jonubieta\",\"avatar\":\"2\",\"rating\":1907,\"seed\":\"sodium,9d4ec87f2173ab275328c90a091875f0\"}\n>player p2 {\"name\":\"arno123\",\"avatar\":\"169\",\"rating\":1935,\"seed\":\"sodium,09f4844b31cc7a1d61abc66636dd99de\"}\n>p1 move lightscreen\n>p2 move shadowball\n>p1 switch 6\n>p2 move shadowball\n>p1 move fierydance\n>p2 switch 5\n>p1 switch 6\n>p2 move raindance\n>p1 move thunderwave\n>p2 move wavecrash\n>p1 switch 3\n>p1 move victorydance\n>p2 switch 5\n>p1 move victorydance\n>p2 move calmmind\n>p1 move victorydance\n>p2 move strengthsap\n>p1 move leafblade\n>p2 move strengthsap\n>p1 switch 6\n>p2 move matchagotcha\n>p1 move fierydance\n>p2 switch 5\n>p1 move sludgewave\n>p2 move wavecrash\n>p1 switch 5\n>p2 switch 3\n>p1 move hydropump\n>p2 switch 4\n>p1 switch 6\n>p2 move substitute\n>p1 move leafblade\n>p2 move scald\n>p1 move victorydance\n>p2 switch 5\n>p1 move leafblade\n>p2 move strengthsap\n>p1 switch 6\n>p2 move matchagotcha\n>p1 move icebeam\n>p2 move matchagotcha\n>p1 move icebeam\n>p2 switch 5\n>p1 switch 6\n>p1 move leafblade\n>p2 move thunderbolt\n>p1 move closecombat\n>p2 move thunderbolt\n>p1 move leafblade\n>p2 move thunderbolt\n>p1 switch 2\n>p1 move psyshock\n>p2 move calmmind\n>p1 move psyshock\n>p2 move scald\n>p2 switch 4\n>p1 move psyshock\n>p2 move xscissor\n>p1 switch 4\n>p1 move waterspout terastallize\n>p2 move xscissor\n>p2 switch 5\n>p1 move waterspout\n>p2 move matchagotcha\n>p1 move waterspout\n>p2 move matchagotcha", "uploadtime": 1781461734, "views": 8, "formatid": "gen9randombattle", "rating": null, "private": 0, "password": null}