{"id": "gen9randombattle-2631979987", "format": "[Gen 9] Random Battle", "players": ["WhatEver2102", "Naderyf"], "log": "|j|\u2606WhatEver2102\n|j|\u2606Naderyf\n|t:|1781462280\n|gametype|singles\n|player|p1|WhatEver2102|juan|2000\n|player|p2|Naderyf|266|2005\n|gen|9\n|tier|[Gen 9] Random Battle\n|rated|\n|rule|Species Clause: Limit one of each Pok\u00e9mon\n|rule|HP Percentage Mod: HP is shown in percentages\n|rule|Sleep Clause Mod: Limit one foe put to sleep\n|rule|Illusion Level Mod: Illusion disguises the Pok\u00e9mon's true level\n|\n|t:|1781462280\n|teamsize|p1|6\n|teamsize|p2|6\n|start\n|switch|p1a: Electrode|Electrode, L92|260/260\n|switch|p2a: Lugia|Lugia, L73|275/275\n|turn|1\n|\n|t:|1781462290\n|move|p1a: Electrode|Taunt|p2a: Lugia\n|-start|p2a: Lugia|move: Taunt\n|move|p2a: Lugia|Aeroblast|p1a: Electrode\n|-resisted|p1a: Electrode\n|-damage|p1a: Electrode|223/260\n|\n|upkeep\n|turn|2\n|\n|t:|1781462296\n|move|p1a: Electrode|Volt Switch|p2a: Lugia\n|-supereffective|p2a: Lugia\n|-damage|p2a: Lugia|197/275\n|-damage|p1a: Electrode|197/260|[from] item: Life Orb\n|\n|t:|1781462303\n|switch|p1a: Dudunsparce|Dudunsparce-Three-Segment, L83, F|343/343|[from] Volt Switch\n|move|p2a: Lugia|Earth Power|p1a: Dudunsparce\n|-damage|p1a: Dudunsparce|291/343\n|\n|-heal|p1a: Dudunsparce|312/343|[from] item: Leftovers\n|upkeep\n|turn|3\n|inactive|Battle timer is ON: inactive players will automatically lose when time's up. (requested by Naderyf)\n|\n|t:|1781462316\n|switch|p2a: Venusaur|Venusaur, L84, F|272/272\n|move|p1a: Dudunsparce|Shadow Ball|p2a: Venusaur\n|-damage|p2a: Venusaur|229/272\n|\n|-heal|p2a: Venusaur|246/272|[from] item: Leftovers\n|-heal|p1a: Dudunsparce|333/343|[from] item: Leftovers\n|upkeep\n|turn|4\n|\n|t:|1781462322\n|move|p2a: Venusaur|Leech Seed|p1a: Dudunsparce\n|-start|p1a: Dudunsparce|move: Leech Seed\n|move|p1a: Dudunsparce|Boomburst|p2a: Venusaur\n|-damage|p2a: Venusaur|129/272\n|\n|-heal|p2a: Venusaur|146/272|[from] item: Leftovers\n|-heal|p1a: Dudunsparce|343/343|[from] item: Leftovers\n|-damage|p1a: Dudunsparce|301/343|[from] Leech Seed|[of] p2a: Venusaur\n|-heal|p2a: Venusaur|188/272|[silent]\n|upkeep\n|turn|5\n|\n|t:|1781462335\n|switch|p1a: Electrode|Electrode, L92|197/260\n|move|p2a: Venusaur|Sleep Powder|p1a: Electrode|[miss]\n|-miss|p2a: Venusaur|p1a: Electrode\n|\n|-heal|p2a: Venusaur|205/272|[from] item: Leftovers\n|upkeep\n|turn|6\n|\n|t:|1781462340\n|move|p1a: Electrode|Volt Switch|p2a: Venusaur\n|-resisted|p2a: Venusaur\n|-damage|p2a: Venusaur|163/272\n|-damage|p1a: Electrode|171/260|[from] item: Life Orb\n|\n|t:|1781462345\n|switch|p1a: Rayquaza|Rayquaza, L72|270/270|[from] Volt Switch\n|-ability|p1a: Rayquaza|Air Lock\n|move|p2a: Venusaur|Leech Seed|p1a: Rayquaza\n|-start|p1a: Rayquaza|move: Leech Seed\n|\n|-heal|p2a: Venusaur|180/272|[from] item: Leftovers\n|-damage|p1a: Rayquaza|237/270|[from] Leech Seed|[of] p2a: Venusaur\n|-heal|p2a: Venusaur|213/272|[silent]\n|upkeep\n|turn|7\n|\n|t:|1781462354\n|switch|p2a: Zebstrika|Zebstrika, L87, M|272/272\n|move|p1a: Rayquaza|Dragon Ascent|p2a: Zebstrika\n|-resisted|p2a: Zebstrika\n|-damage|p2a: Zebstrika|192/272\n|-unboost|p1a: Rayquaza|def|1\n|-unboost|p1a: Rayquaza|spd|1\n|\n|-damage|p1a: Rayquaza|204/270|[from] Leech Seed|[of] p2a: Zebstrika\n|-heal|p2a: Zebstrika|225/272|[silent]\n|upkeep\n|turn|8\n|\n|t:|1781462364\n|switch|p1a: Dudunsparce|Dudunsparce-Three-Segment, L83, F|301/343\n|move|p2a: Zebstrika|Volt Switch|p1a: Dudunsparce\n|-damage|p1a: Dudunsparce|204/343\n|-damage|p2a: Zebstrika|198/272|[from] item: Life Orb\n|\n|t:|1781462366\n|switch|p2a: Venusaur|Venusaur, L84, F|213/272|[from] Volt Switch\n|\n|-heal|p2a: Venusaur|230/272|[from] item: Leftovers\n|-heal|p1a: Dudunsparce|225/343|[from] item: Leftovers\n|upkeep\n|turn|9\n|\n|t:|1781462378\n|move|p2a: Venusaur|Leech Seed|p1a: Dudunsparce\n|-start|p1a: Dudunsparce|move: Leech Seed\n|move|p1a: Dudunsparce|Boomburst|p2a: Venusaur\n|-damage|p2a: Venusaur|110/272\n|\n|-heal|p2a: Venusaur|127/272|[from] item: Leftovers\n|-heal|p1a: Dudunsparce|246/343|[from] item: Leftovers\n|-damage|p1a: Dudunsparce|204/343|[from] Leech Seed|[of] p2a: Venusaur\n|-heal|p2a: Venusaur|169/272|[silent]\n|upkeep\n|turn|10\n|\n|t:|1781462384\n|switch|p1a: Electrode|Electrode, L92|171/260\n|move|p2a: Venusaur|Sleep Powder|p1a: Electrode\n|-status|p1a: Electrode|slp|[from] move: Sleep Powder\n|\n|-heal|p2a: Venusaur|186/272|[from] item: Leftovers\n|upkeep\n|turn|11\n|\n|t:|1781462388\n|switch|p1a: Zebstrika|Zebstrika, L87, M|272/272\n|move|p2a: Venusaur|Sludge Bomb|p1a: Zebstrika\n|-damage|p1a: Zebstrika|158/272\n|-status|p1a: Zebstrika|psn\n|\n|-heal|p2a: Venusaur|203/272|[from] item: Leftovers\n|-damage|p1a: Zebstrika|124/272 psn|[from] psn\n|upkeep\n|turn|12\n|\n|t:|1781462394\n|switch|p2a: Muk|Muk-Alola, L82, F|306/306\n|move|p1a: Zebstrika|Overheat|p2a: Muk\n|-damage|p2a: Muk|235/306\n|-unboost|p1a: Zebstrika|spa|2\n|-damage|p1a: Zebstrika|97/272 psn|[from] item: Life Orb\n|\n|-damage|p1a: Zebstrika|63/272 psn|[from] psn\n|upkeep\n|turn|13\n|\n|t:|1781462404\n|switch|p2a: Mienshao|Mienshao, L83, M|244/244\n|move|p1a: Zebstrika|High Horsepower|p2a: Mienshao\n|-damage|p2a: Mienshao|114/244\n|-damage|p1a: Zebstrika|36/272 psn|[from] item: Life Orb\n|\n|-damage|p1a: Zebstrika|2/272 psn|[from] psn\n|upkeep\n|turn|14\n|\n|t:|1781462410\n|move|p2a: Mienshao|Fake Out|p1a: Zebstrika\n|-damage|p1a: Zebstrika|0 fnt\n|faint|p1a: Zebstrika\n|\n|upkeep\n|\n|t:|1781462416\n|switch|p1a: Rayquaza|Rayquaza, L72|204/270\n|-ability|p1a: Rayquaza|Air Lock\n|turn|15\n|\n|t:|1781462419\n|move|p2a: Mienshao|U-turn|p1a: Rayquaza\n|-resisted|p1a: Rayquaza\n|-crit|p1a: Rayquaza\n|-damage|p1a: Rayquaza|155/270\n|\n|t:|1781462421\n|switch|p2a: Morpeko|Morpeko, L88, M|245/245|[from] U-turn\n|move|p1a: Rayquaza|Dragon Dance|p1a: Rayquaza\n|-boost|p1a: Rayquaza|atk|1\n|-boost|p1a: Rayquaza|spe|1\n|\n|-formechange|p2a: Morpeko|Morpeko-Hangry||[from] ability: Hunger Switch\n|upkeep\n|turn|16\n|\n|t:|1781462428\n|move|p1a: Rayquaza|Earthquake|p2a: Morpeko\n|-supereffective|p2a: Morpeko\n|-damage|p2a: Morpeko|0 fnt\n|faint|p2a: Morpeko\n|\n|upkeep\n|\n|t:|1781462430\n|switch|p2a: Mienshao|Mienshao, L83, M|195/244\n|turn|17\n|\n|t:|1781462433\n|move|p2a: Mienshao|Fake Out|p1a: Rayquaza\n|-crit|p1a: Rayquaza\n|-damage|p1a: Rayquaza|96/270\n|cant|p1a: Rayquaza|flinch\n|\n|upkeep\n|turn|18\n|\n|t:|1781462442\n|switch|p2a: Lugia|Lugia, L73|197/275\n|move|p1a: Rayquaza|Dragon Ascent|p2a: Lugia\n|-damage|p2a: Lugia|43/275\n|-unboost|p1a: Rayquaza|def|1\n|-unboost|p1a: Rayquaza|spd|1\n|\n|upkeep\n|turn|19\n|\n|t:|1781462445\n|move|p1a: Rayquaza|Dragon Ascent|p2a: Lugia\n|-damage|p2a: Lugia|0 fnt\n|-unboost|p1a: Rayquaza|def|1\n|-unboost|p1a: Rayquaza|spd|1\n|faint|p2a: Lugia\n|\n|upkeep\n|\n|t:|1781462447\n|switch|p2a: Mienshao|Mienshao, L83, M|244/244\n|turn|20\n|\n|t:|1781462450\n|switch|p1a: Dudunsparce|Dudunsparce-Three-Segment, L83, F|204/343\n|move|p2a: Mienshao|Fake Out|p1a: Dudunsparce\n|-crit|p1a: Dudunsparce\n|-damage|p1a: Dudunsparce|143/343\n|\n|-heal|p1a: Dudunsparce|164/343|[from] item: Leftovers\n|upkeep\n|turn|21\n|\n|t:|1781462459\n|move|p2a: Mienshao|Knock Off|p1a: Dudunsparce\n|-damage|p1a: Dudunsparce|76/343\n|-ability|p1a: Dudunsparce|Rattled|boost\n|-boost|p1a: Dudunsparce|spe|1\n|-enditem|p1a: Dudunsparce|Leftovers|[from] move: Knock Off|[of] p2a: Mienshao\n|move|p1a: Dudunsparce|Boomburst|p2a: Mienshao\n|-damage|p2a: Mienshao|133/244\n|\n|upkeep\n|turn|22\n|\n|t:|1781462487\n|move|p2a: Mienshao|Close Combat|p1a: Dudunsparce\n|-supereffective|p1a: Dudunsparce\n|-crit|p1a: Dudunsparce\n|-damage|p1a: Dudunsparce|0 fnt\n|-unboost|p2a: Mienshao|def|1\n|-unboost|p2a: Mienshao|spd|1\n|faint|p1a: Dudunsparce\n|\n|upkeep\n|\n|t:|1781462492\n|switch|p1a: Hariyama|Hariyama, L87, F|392/392\n|turn|23\n|\n|t:|1781462499\n|move|p2a: Mienshao|U-turn|p1a: Hariyama\n|-resisted|p1a: Hariyama\n|-damage|p1a: Hariyama|356/392\n|\n|t:|1781462501\n|switch|p2a: Venusaur|Venusaur, L84, F|203/272|[from] U-turn\n|move|p1a: Hariyama|Close Combat|p2a: Venusaur\n|-resisted|p2a: Venusaur\n|-damage|p2a: Venusaur|118/272\n|-unboost|p1a: Hariyama|def|1\n|-unboost|p1a: Hariyama|spd|1\n|\n|-heal|p2a: Venusaur|135/272|[from] item: Leftovers\n|-status|p1a: Hariyama|brn|[from] item: Flame Orb\n|upkeep\n|turn|24\n|\n|t:|1781462506\n|move|p2a: Venusaur|Sludge Bomb|p1a: Hariyama\n|-damage|p1a: Hariyama|176/392 brn\n|move|p1a: Hariyama|Facade|p2a: Venusaur\n|-damage|p2a: Venusaur|0 fnt\n|faint|p2a: Venusaur\n|\n|-damage|p1a: Hariyama|152/392 brn|[from] brn\n|upkeep\n|\n|t:|1781462510\n|switch|p2a: Mienshao|Mienshao, L83, M|214/244\n|turn|25\n|\n|t:|1781462515\n|move|p2a: Mienshao|Fake Out|p1a: Hariyama\n|-damage|p1a: Hariyama|87/392 brn\n|cant|p1a: Hariyama|flinch\n|\n|-damage|p1a: Hariyama|63/392 brn|[from] brn\n|upkeep\n|turn|26\n|\n|t:|1781462520\n|move|p2a: Mienshao|Close Combat|p1a: Hariyama\n|-damage|p1a: Hariyama|0 fnt\n|-unboost|p2a: Mienshao|def|1\n|-unboost|p2a: Mienshao|spd|1\n|faint|p1a: Hariyama\n|\n|upkeep\n|\n|t:|1781462527\n|switch|p1a: Smeargle|Smeargle, L95, M|258/258\n|turn|27\n|\n|t:|1781462535\n|move|p2a: Mienshao|U-turn|p1a: Smeargle\n|-crit|p1a: Smeargle\n|-damage|p1a: Smeargle|122/258\n|\n|t:|1781462537\n|switch|p2a: Zebstrika|Zebstrika, L87, M|198/272|[from] U-turn\n|move|p1a: Smeargle|Sticky Web|p2a: Zebstrika\n|-sidestart|p2: Naderyf|move: Sticky Web\n|\n|upkeep\n|turn|28\n|\n|t:|1781462549\n|switch|p1a: Electrode|Electrode, L92|171/260 slp\n|move|p2a: Zebstrika|Supercell Slam|p1a: Electrode\n|-resisted|p1a: Electrode\n|-damage|p1a: Electrode|89/260 slp\n|-damage|p2a: Zebstrika|171/272|[from] item: Life Orb\n|\n|upkeep\n|turn|29\n|\n|t:|1781462553\n|switch|p1a: Smeargle|Smeargle, L95, M|122/258\n|move|p2a: Zebstrika|High Horsepower|p1a: Smeargle\n|-damage|p1a: Smeargle|0 fnt\n|faint|p1a: Smeargle\n|-damage|p2a: Zebstrika|144/272|[from] item: Life Orb\n|\n|upkeep\n|\n|t:|1781462560\n|switch|p1a: Electrode|Electrode, L92|89/260 slp\n|turn|30\n|\n|t:|1781462563\n|cant|p1a: Electrode|slp\n|move|p2a: Zebstrika|High Horsepower|p1a: Electrode\n|-supereffective|p1a: Electrode\n|-damage|p1a: Electrode|0 fnt\n|-damage|p2a: Zebstrika|76/272|[from] ability: Aftermath|[of] p1a: Electrode\n|faint|p1a: Electrode\n|-damage|p2a: Zebstrika|49/272|[from] item: Life Orb\n|\n|upkeep\n|\n|t:|1781462565\n|switch|p1a: Rayquaza|Rayquaza, L72|96/270\n|-ability|p1a: Rayquaza|Air Lock\n|turn|31\n|\n|t:|1781462569\n|move|p2a: Zebstrika|Supercell Slam|p1a: Rayquaza|[miss]\n|-miss|p2a: Zebstrika|p1a: Rayquaza\n|-damage|p2a: Zebstrika|0 fnt|[from] supercellslam\n|faint|p2a: Zebstrika\n|move|p1a: Rayquaza|Dragon Dance|p1a: Rayquaza\n|-boost|p1a: Rayquaza|atk|1\n|-boost|p1a: Rayquaza|spe|1\n|\n|upkeep\n|\n|t:|1781462572\n|switch|p2a: Mienshao|Mienshao, L83, M|244/244\n|-activate|p2a: Mienshao|move: Sticky Web\n|-unboost|p2a: Mienshao|spe|1\n|turn|32\n|\n|t:|1781462582\n|-terastallize|p1a: Rayquaza|Steel\n|move|p2a: Mienshao|Fake Out|p1a: Rayquaza\n|-resisted|p1a: Rayquaza\n|-damage|p1a: Rayquaza|78/270\n|cant|p1a: Rayquaza|flinch\n|\n|upkeep\n|turn|33\n|\n|t:|1781462594\n|-terastallize|p2a: Mienshao|Dark\n|move|p1a: Rayquaza|Outrage|p2a: Mienshao\n|-damage|p2a: Mienshao|0 fnt\n|faint|p2a: Mienshao\n|\n|upkeep\n|\n|t:|1781462598\n|switch|p2a: Muk|Muk-Alola, L82, F|235/306\n|-activate|p2a: Muk|move: Sticky Web\n|-unboost|p2a: Muk|spe|1\n|turn|34\n|\n|t:|1781462601\n|move|p1a: Rayquaza|Outrage|p2a: Muk|[from] lockedmove\n|-damage|p2a: Muk|0 fnt\n|faint|p2a: Muk\n|\n|win|WhatEver2102\n", "inputlog": ">version a8376a258c1d4662feba110a92103f3664a72141\n>start {\"formatid\":\"gen9randombattle\",\"seed\":\"sodium,3548d2cfd67e2238fc07cec9113c9ab3\",\"rated\":\"Rated battle\"}\n>player p1 {\"name\":\"WhatEver2102\",\"avatar\":\"juan\",\"rating\":2000,\"seed\":\"sodium,0c7be784837e0d5c255b99a478024961\"}\n>player p2 {\"name\":\"Naderyf\",\"avatar\":\"266\",\"rating\":2005,\"seed\":\"sodium,265a91725ec5db6bfd099796841a79ff\"}\n>p1 move taunt\n>p2 move aeroblast\n>p1 move voltswitch\n>p2 move earthpower\n>p1 switch 4\n>p1 move shadowball\n>p2 switch 3\n>p1 move boomburst\n>p2 move leechseed\n>p1 switch 4\n>p2 move sleeppowder\n>p1 move voltswitch\n>p2 move leechseed\n>p1 switch 5\n>p1 move dragonascent\n>p2 switch 4\n>p1 switch 4\n>p2 move voltswitch\n>p2 switch 4\n>p1 move boomburst\n>p2 move leechseed\n>p1 switch 5\n>p2 move sleeppowder\n>p1 switch 6\n>p2 move sludgebomb\n>p1 move overheat\n>p2 switch 5\n>p1 move highhorsepower\n>p2 switch 2\n>p1 move supercellslam\n>p2 move fakeout\n>p1 switch 4\n>p1 move dragondance\n>p2 move uturn\n>p2 switch 6\n>p1 move earthquake\n>p2 move aurawheel\n>p2 switch 6\n>p1 move dragonascent\n>p2 move fakeout\n>p1 move dragonascent\n>p2 switch 3\n>p1 move dragonascent\n>p2 move aeroblast\n>p2 switch 3\n>p1 switch 5\n>p2 move fakeout\n>p1 move boomburst\n>p2 move knockoff\n>p1 move boomburst\n>p2 move closecombat\n>p1 switch 3\n>p1 move closecombat\n>p2 move uturn\n>p2 switch 5\n>p1 move facade\n>p2 move sludgebomb\n>p2 switch 5\n>p1 move facade\n>p2 move fakeout\n>p1 move facade\n>p2 move closecombat\n>p1 switch 2\n>p1 move stickyweb\n>p2 move uturn\n>p2 switch 4\n>p1 switch 6\n>p2 move supercellslam\n>p1 switch 6\n>p2 move highhorsepower\n>p1 switch 6\n>p1 move terablast\n>p2 move highhorsepower\n>p1 switch 5\n>p1 move dragondance\n>p2 move supercellslam\n>p2 switch 4\n>p1 move outrage terastallize\n>p2 move fakeout\n>p1 move outrage\n>p2 move closecombat terastallize\n>p2 switch 2\n>p1 move outrage\n>p2 move drainpunch", "uploadtime": 1781462282, "views": 4, "formatid": "gen9randombattle", "rating": null, "private": 0, "password": null}