{"id": "gen9randombattle-2631656885", "format": "[Gen 9] Random Battle", "players": ["Hose7Tango", "Fuk ICE"], "log": "|j|\u2606Hose7Tango\n|j|\u2606Fuk ICE\n|t:|1781416105\n|gametype|singles\n|player|p1|Hose7Tango|hiker-gen4|2144\n|player|p2|Fuk ICE|101|2145\n|gen|9\n|tier|[Gen 9] Random Battle\n|rated|\n|rule|Species Clause: Limit one of each Pok\u00e9mon\n|rule|HP Percentage Mod: HP is shown in percentages\n|rule|Sleep Clause Mod: Limit one foe put to sleep\n|rule|Illusion Level Mod: Illusion disguises the Pok\u00e9mon's true level\n|\n|t:|1781416105\n|teamsize|p1|6\n|teamsize|p2|6\n|start\n|switch|p1a: Flutter Mane|Flutter Mane, L74|203/203\n|switch|p2a: Phione|Phione, L91|293/293\n|turn|1\n|l|\u2606Hose7Tango\n|player|p1|\n|j|\u2606Hose7Tango\n|player|p1|Hose7Tango|hiker-gen4|\n|j| Ronnyburgundy\n|\n|t:|1781416133\n|switch|p2a: Entei|Entei, L78|307/307\n|move|p1a: Flutter Mane|Thunderbolt|p2a: Entei\n|-damage|p2a: Entei|184/307\n|\n|upkeep\n|turn|2\n|\n|t:|1781416141\n|-end|p1a: Flutter Mane|Protosynthesis|[silent]\n|switch|p1a: Carbink|Carbink, L90|236/236\n|move|p2a: Entei|Sacred Fire|p1a: Carbink\n|-resisted|p1a: Carbink\n|-damage|p1a: Carbink|191/236\n|-status|p1a: Carbink|brn\n|\n|-heal|p1a: Carbink|205/236 brn|[from] item: Leftovers\n|-damage|p1a: Carbink|191/236 brn|[from] brn\n|upkeep\n|turn|3\n|inactive|Battle timer is ON: inactive players will automatically lose when time's up. (requested by Hose7Tango)\n|\n|t:|1781416173\n|switch|p2a: Sandslash|Sandslash, L89, F|278/278\n|move|p1a: Carbink|Rock Polish|p1a: Carbink\n|-boost|p1a: Carbink|spe|2\n|\n|-heal|p1a: Carbink|205/236 brn|[from] item: Leftovers\n|-damage|p1a: Carbink|191/236 brn|[from] brn\n|upkeep\n|turn|4\n|\n|t:|1781416179\n|move|p1a: Carbink|Iron Defense|p1a: Carbink\n|-boost|p1a: Carbink|def|2\n|move|p2a: Sandslash|Knock Off|p1a: Carbink\n|-resisted|p1a: Carbink\n|-damage|p1a: Carbink|179/236 brn\n|-enditem|p1a: Carbink|Leftovers|[from] move: Knock Off|[of] p2a: Sandslash\n|\n|-damage|p1a: Carbink|165/236 brn|[from] brn\n|upkeep\n|turn|5\n|\n|t:|1781416184\n|move|p1a: Carbink|Moonblast|p2a: Sandslash\n|-damage|p2a: Sandslash|184/278\n|-unboost|p2a: Sandslash|spa|1\n|move|p2a: Sandslash|Earthquake|p1a: Carbink\n|-supereffective|p1a: Carbink\n|-damage|p1a: Carbink|91/236 brn\n|\n|-heal|p2a: Sandslash|201/278|[from] item: Leftovers\n|-damage|p1a: Carbink|77/236 brn|[from] brn\n|upkeep\n|turn|6\n|\n|t:|1781416194\n|move|p1a: Carbink|Body Press|p2a: Sandslash\n|-damage|p2a: Sandslash|123/278\n|move|p2a: Sandslash|Spikes|p1a: Carbink\n|-sidestart|p1: Hose7Tango|Spikes\n|\n|-heal|p2a: Sandslash|140/278|[from] item: Leftovers\n|-damage|p1a: Carbink|63/236 brn|[from] brn\n|upkeep\n|turn|7\n|\n|t:|1781416203\n|move|p1a: Carbink|Moonblast|p2a: Sandslash\n|-damage|p2a: Sandslash|35/278\n|move|p2a: Sandslash|Rapid Spin|p1a: Carbink\n|-resisted|p1a: Carbink\n|-damage|p1a: Carbink|56/236 brn\n|-boost|p2a: Sandslash|spe|1\n|\n|-heal|p2a: Sandslash|52/278|[from] item: Leftovers\n|-damage|p1a: Carbink|42/236 brn|[from] brn\n|upkeep\n|turn|8\n|\n|t:|1781416214\n|switch|p2a: Gholdengo|Gholdengo, L77|261/261\n|move|p1a: Carbink|Moonblast|p2a: Gholdengo\n|-resisted|p2a: Gholdengo\n|-damage|p2a: Gholdengo|225/261\n|-unboost|p2a: Gholdengo|spa|1\n|\n|-damage|p1a: Carbink|28/236 brn|[from] brn\n|upkeep\n|turn|9\n|\n|t:|1781416229\n|move|p1a: Carbink|Moonblast|p2a: Gholdengo\n|-resisted|p2a: Gholdengo\n|-damage|p2a: Gholdengo|187/261\n|-unboost|p2a: Gholdengo|spa|1\n|move|p2a: Gholdengo|Shadow Ball|p1a: Carbink\n|-damage|p1a: Carbink|0 fnt\n|faint|p1a: Carbink\n|\n|upkeep\n|\n|t:|1781416250\n|switch|p1a: Dudunsparce|Dudunsparce, L83, M|343/343\n|-damage|p1a: Dudunsparce|301/343|[from] Spikes\n|turn|10\n|inactive|Fuk ICE has 120 seconds left.\n|\n|t:|1781416288\n|switch|p2a: Entei|Entei, L78|184/307\n|move|p1a: Dudunsparce|Calm Mind|p1a: Dudunsparce\n|-boost|p1a: Dudunsparce|spa|1\n|-boost|p1a: Dudunsparce|spd|1\n|\n|-heal|p1a: Dudunsparce|322/343|[from] item: Leftovers\n|upkeep\n|turn|11\n|inactive|Fuk ICE has 120 seconds left.\n|\n|t:|1781416294\n|move|p2a: Entei|Sacred Fire|p1a: Dudunsparce\n|-damage|p1a: Dudunsparce|145/343\n|-status|p1a: Dudunsparce|brn\n|move|p1a: Dudunsparce|Boomburst|p2a: Entei\n|-damage|p2a: Entei|0 fnt\n|faint|p2a: Entei\n|\n|-heal|p1a: Dudunsparce|166/343 brn|[from] item: Leftovers\n|-damage|p1a: Dudunsparce|145/343 brn|[from] brn\n|upkeep\n|inactive|Fuk ICE has 120 seconds left.\n|l| Ronnyburgundy\n|\n|t:|1781416314\n|switch|p2a: Sawsbuck|Sawsbuck-Winter, L88, M|284/284\n|turn|12\n|\n|t:|1781416334\n|move|p2a: Sawsbuck|Headbutt|p1a: Dudunsparce\n|-damage|p1a: Dudunsparce|24/343 brn\n|-damage|p2a: Sawsbuck|256/284|[from] item: Life Orb\n|move|p1a: Dudunsparce|Roost|p1a: Dudunsparce\n|-heal|p1a: Dudunsparce|196/343 brn\n|-singleturn|p1a: Dudunsparce|move: Roost\n|\n|-heal|p1a: Dudunsparce|217/343 brn|[from] item: Leftovers\n|-damage|p1a: Dudunsparce|196/343 brn|[from] brn\n|upkeep\n|turn|13\n|inactive|Fuk ICE has 120 seconds left.\n|\n|t:|1781416365\n|switch|p1a: Dusknoir|Dusknoir, L89, M|225/225\n|-damage|p1a: Dusknoir|197/225|[from] Spikes\n|-item|p2a: Sawsbuck|Life Orb|[from] ability: Frisk|[of] p1a: Dusknoir\n|move|p2a: Sawsbuck|Headbutt|p1a: Dusknoir\n|-immune|p1a: Dusknoir\n|\n|-heal|p1a: Dusknoir|211/225|[from] item: Leftovers\n|upkeep\n|turn|14\n|\n|t:|1781416381\n|move|p2a: Sawsbuck|Swords Dance|p2a: Sawsbuck\n|-boost|p2a: Sawsbuck|atk|2\n|move|p1a: Dusknoir|Poltergeist|p2a: Sawsbuck\n|-immune|p2a: Sawsbuck\n|\n|-heal|p1a: Dusknoir|225/225|[from] item: Leftovers\n|upkeep\n|turn|15\n|\n|t:|1781416400\n|move|p2a: Sawsbuck|Horn Leech|p1a: Dusknoir\n|-damage|p1a: Dusknoir|73/225\n|-heal|p2a: Sawsbuck|284/284|[from] drain|[of] p1a: Dusknoir\n|-damage|p2a: Sawsbuck|256/284|[from] item: Life Orb\n|move|p1a: Dusknoir|Will-O-Wisp|p2a: Sawsbuck\n|-status|p2a: Sawsbuck|brn\n|\n|-heal|p1a: Dusknoir|87/225|[from] item: Leftovers\n|-damage|p2a: Sawsbuck|239/284 brn|[from] brn\n|upkeep\n|turn|16\n|\n|t:|1781416408\n|move|p2a: Sawsbuck|Horn Leech|p1a: Dusknoir\n|-damage|p1a: Dusknoir|9/225\n|-heal|p2a: Sawsbuck|278/284 brn|[from] drain|[of] p1a: Dusknoir\n|-damage|p2a: Sawsbuck|250/284 brn|[from] item: Life Orb\n|move|p1a: Dusknoir|Earthquake|p2a: Sawsbuck\n|-resisted|p2a: Sawsbuck\n|-crit|p2a: Sawsbuck\n|-damage|p2a: Sawsbuck|176/284 brn\n|\n|-heal|p1a: Dusknoir|23/225|[from] item: Leftovers\n|-damage|p2a: Sawsbuck|159/284 brn|[from] brn\n|upkeep\n|turn|17\n|\n|t:|1781416413\n|move|p2a: Sawsbuck|Horn Leech|p1a: Dusknoir\n|-damage|p1a: Dusknoir|0 fnt\n|-heal|p2a: Sawsbuck|171/284 brn|[from] drain|[of] p1a: Dusknoir\n|faint|p1a: Dusknoir\n|-damage|p2a: Sawsbuck|143/284 brn|[from] item: Life Orb\n|\n|-damage|p2a: Sawsbuck|126/284 brn|[from] brn\n|upkeep\n|\n|t:|1781416418\n|switch|p1a: Flutter Mane|Flutter Mane, L74|203/203\n|-damage|p1a: Flutter Mane|178/203|[from] Spikes\n|turn|18\n|inactive|Fuk ICE has 120 seconds left.\n|\n|t:|1781416453\n|move|p1a: Flutter Mane|Moonblast|p2a: Sawsbuck\n|-damage|p2a: Sawsbuck|0 fnt\n|faint|p2a: Sawsbuck\n|\n|upkeep\n|\n|t:|1781416466\n|switch|p2a: Pincurchin|Pincurchin, F|258/258\n|-fieldstart|move: Electric Terrain|[from] ability: Electric Surge|[of] p2a: Pincurchin\n|turn|19\n|\n|t:|1781416493\n|move|p1a: Flutter Mane|Moonblast|p2a: Pincurchin\n|-damage|p2a: Pincurchin|125/258\n|move|p2a: Pincurchin|Zing Zap|p1a: Flutter Mane\n|-damage|p1a: Flutter Mane|0 fnt\n|faint|p1a: Flutter Mane\n|-end|p1a: Flutter Mane|Protosynthesis|[silent]\n|\n|-heal|p2a: Pincurchin|141/258|[from] item: Leftovers\n|upkeep\n|\n|t:|1781416495\n|switch|p1a: Gumshoos|Gumshoos, L95, M|321/321\n|-damage|p1a: Gumshoos|281/321|[from] Spikes\n|turn|20\n|\n|t:|1781416514\n|move|p1a: Gumshoos|U-turn|p2a: Pincurchin\n|-damage|p2a: Pincurchin|54/258\n|\n|t:|1781416517\n|switch|p1a: Sceptile|Sceptile, L87, M|264/264|[from] U-turn\n|-damage|p1a: Sceptile|231/264|[from] Spikes\n|move|p2a: Pincurchin|Zing Zap|p1a: Sceptile\n|-resisted|p1a: Sceptile\n|-damage|p1a: Sceptile|131/264\n|\n|-heal|p2a: Pincurchin|70/258|[from] item: Leftovers\n|upkeep\n|turn|21\n|j| henryeon\n|\n|t:|1781416527\n|switch|p2a: Gholdengo|Gholdengo, L77|187/261\n|move|p1a: Sceptile|Leaf Blade|p2a: Gholdengo\n|-resisted|p2a: Gholdengo\n|-damage|p2a: Gholdengo|123/261\n|-damage|p1a: Sceptile|105/264|[from] item: Life Orb\n|\n|upkeep\n|turn|22\n|inactive|Fuk ICE has 120 seconds left.\n|l| henryeon\n|\n|t:|1781416533\n|move|p2a: Gholdengo|Make It Rain|p1a: Sceptile\n|-damage|p1a: Sceptile|0 fnt\n|-unboost|p2a: Gholdengo|spa|1\n|faint|p1a: Sceptile\n|\n|upkeep\n|\n|t:|1781416536\n|switch|p1a: Dudunsparce|Dudunsparce, L83, M|196/343 brn\n|-damage|p1a: Dudunsparce|154/343 brn|[from] Spikes\n|turn|23\n|inactive|Fuk ICE has 120 seconds left.\n|\n|t:|1781416558\n|switch|p2a: Sandslash|Sandslash, L89, F|52/278\n|move|p1a: Dudunsparce|Roost|p1a: Dudunsparce\n|-heal|p1a: Dudunsparce|326/343 brn\n|-singleturn|p1a: Dudunsparce|move: Roost\n|\n|-heal|p2a: Sandslash|69/278|[from] item: Leftovers\n|-heal|p1a: Dudunsparce|343/343 brn|[from] item: Leftovers\n|-damage|p1a: Dudunsparce|322/343 brn|[from] brn\n|-fieldend|move: Electric Terrain\n|upkeep\n|turn|24\n|\n|t:|1781416562\n|move|p2a: Sandslash|Earthquake|p1a: Dudunsparce\n|-damage|p1a: Dudunsparce|193/343 brn\n|move|p1a: Dudunsparce|Boomburst|p2a: Sandslash\n|-damage|p2a: Sandslash|0 fnt\n|faint|p2a: Sandslash\n|\n|-heal|p1a: Dudunsparce|214/343 brn|[from] item: Leftovers\n|-damage|p1a: Dudunsparce|193/343 brn|[from] brn\n|upkeep\n|inactive|Fuk ICE has 120 seconds left.\n|\n|t:|1781416583\n|switch|p2a: Gholdengo|Gholdengo, L77|123/261\n|turn|25\n|\n|t:|1781416611\n|move|p2a: Gholdengo|Trick|p1a: Dudunsparce\n|-activate|p2a: Gholdengo|move: Trick|[of] p1a: Dudunsparce\n|-item|p1a: Dudunsparce|Choice Scarf|[from] move: Trick\n|-item|p2a: Gholdengo|Leftovers|[from] move: Trick\n|move|p1a: Dudunsparce|Roost|p1a: Dudunsparce\n|-heal|p1a: Dudunsparce|343/343 brn\n|-singleturn|p1a: Dudunsparce|move: Roost\n|\n|-heal|p2a: Gholdengo|139/261|[from] item: Leftovers\n|-damage|p1a: Dudunsparce|322/343 brn|[from] brn\n|upkeep\n|turn|26\n|-message|Hose7Tango forfeited.\n|\n|win|Fuk ICE\n", "inputlog": ">version a8376a258c1d4662feba110a92103f3664a72141\n>start {\"formatid\":\"gen9randombattle\",\"seed\":\"sodium,4bb9a8ff7ed8aa24b626abddcbd5c8a5\",\"rated\":\"Rated battle\"}\n>player p1 {\"name\":\"Hose7Tango\",\"avatar\":\"hiker-gen4\",\"rating\":2144,\"seed\":\"sodium,a84e5dfc71c1b8ba8b74c2bd99119b76\"}\n>player p2 {\"name\":\"Fuk ICE\",\"avatar\":\"101\",\"rating\":2145,\"seed\":\"sodium,8ead7c2c60c2af219698dc5bf2ca5524\"}\n>p1 move thunderbolt\n>p2 switch 5\n>p1 switch 3\n>p2 move sacredfire\n>p1 move rockpolish\n>p2 switch 4\n>p1 move irondefense\n>p2 move knockoff\n>p1 move moonblast\n>p2 move earthquake\n>p1 move bodypress\n>p2 move spikes\n>p1 move moonblast\n>p2 move rapidspin\n>p1 move moonblast\n>p2 switch 2\n>p1 move moonblast\n>p2 move shadowball\n>p1 switch 4\n>p1 move calmmind\n>p2 switch 4\n>p1 move boomburst\n>p2 move sacredfire\n>p2 switch 3\n>p1 move roost\n>p2 move headbutt\n>p1 switch 5\n>p2 move headbutt\n>p1 move poltergeist\n>p2 move swordsdance\n>p1 move willowisp\n>p2 move hornleech\n>p1 move earthquake\n>p2 move hornleech\n>p1 move earthquake\n>p2 move hornleech\n>p1 switch 3\n>p1 move moonblast\n>p2 move hornleech\n>p2 switch 6\n>p1 move moonblast\n>p2 move zingzap\n>p1 switch 2\n>p1 move uturn\n>p2 move zingzap\n>p1 switch 6\n>p1 move leafblade\n>p2 switch 4\n>p1 move earthquake\n>p2 move makeitrain\n>p1 switch 5\n>p1 move roost\n>p2 switch 2\n>p1 move boomburst\n>p2 move earthquake\n>p2 switch 2\n>p1 move roost\n>p2 move trick\n>forcelose p1", "uploadtime": 1781416107, "views": 7, "formatid": "gen9randombattle", "rating": null, "private": 0, "password": null}