{"id": "gen9randombattle-2631722730", "format": "[Gen 9] Random Battle", "players": ["arukanu", "Valentina17"], "log": "|j|\u2606arukanu\n|j|\u2606Valentina17\n|t:|1781428676\n|gametype|singles\n|player|p1|arukanu|caitlin|1979\n|player|p2|Valentina17|parasollady|1972\n|gen|9\n|tier|[Gen 9] Random Battle\n|rated|\n|rule|Species Clause: Limit one of each Pok\u00e9mon\n|rule|HP Percentage Mod: HP is shown in percentages\n|rule|Sleep Clause Mod: Limit one foe put to sleep\n|rule|Illusion Level Mod: Illusion disguises the Pok\u00e9mon's true level\n|\n|t:|1781428676\n|teamsize|p1|6\n|teamsize|p2|6\n|start\n|switch|p1a: Tsareena|Tsareena, L87, F|267/267\n|switch|p2a: Urshifu|Urshifu-Rapid-Strike, L75, M|274/274\n|turn|1\n|inactive|Battle timer is ON: inactive players will automatically lose when time's up. (requested by Valentina17)\n|\n|t:|1781428692\n|switch|p2a: Drifblim|Drifblim, L86, M|396/396\n|move|p1a: Tsareena|Power Whip|p2a: Drifblim\n|-resisted|p2a: Drifblim\n|-damage|p2a: Drifblim|210/396\n|\n|upkeep\n|turn|2\n|\n|t:|1781428700\n|switch|p1a: Wigglytuff|Wigglytuff, L96, F|424/424\n|move|p2a: Drifblim|Strength Sap|p1a: Wigglytuff\n|-unboost|p1a: Wigglytuff|atk|1\n|-ability|p1a: Wigglytuff|Competitive|boost\n|-boost|p1a: Wigglytuff|spa|2\n|-heal|p2a: Drifblim|396/396\n|\n|upkeep\n|turn|3\n|\n|t:|1781428706\n|move|p2a: Drifblim|Calm Mind|p2a: Drifblim\n|-boost|p2a: Drifblim|spa|1\n|-boost|p2a: Drifblim|spd|1\n|move|p1a: Wigglytuff|Dazzling Gleam|p2a: Drifblim\n|-damage|p2a: Drifblim|215/396\n|\n|upkeep\n|turn|4\n|\n|t:|1781428712\n|move|p2a: Drifblim|Air Slash|p1a: Wigglytuff\n|-damage|p1a: Wigglytuff|262/424\n|move|p1a: Wigglytuff|Knock Off|p2a: Drifblim\n|-supereffective|p2a: Drifblim\n|-damage|p2a: Drifblim|67/396\n|-enditem|p2a: Drifblim|Sitrus Berry|[from] move: Knock Off|[of] p1a: Wigglytuff\n|\n|-heal|p1a: Wigglytuff|288/424|[from] item: Leftovers\n|upkeep\n|turn|5\n|\n|t:|1781428721\n|move|p2a: Drifblim|Air Slash|p1a: Wigglytuff\n|-damage|p1a: Wigglytuff|141/424\n|move|p1a: Wigglytuff|Dazzling Gleam|p2a: Drifblim\n|-damage|p2a: Drifblim|0 fnt\n|faint|p2a: Drifblim\n|\n|-heal|p1a: Wigglytuff|167/424|[from] item: Leftovers\n|upkeep\n|\n|t:|1781428728\n|switch|p2a: Urshifu|Urshifu-Rapid-Strike, L75, M|274/274\n|turn|6\n|\n|t:|1781428735\n|switch|p1a: Tsareena|Tsareena, L87, F|267/267\n|move|p2a: Urshifu|Close Combat|p1a: Tsareena\n|-damage|p1a: Tsareena|105/267\n|-unboost|p2a: Urshifu|def|1\n|-unboost|p2a: Urshifu|spd|1\n|\n|upkeep\n|turn|7\n|\n|t:|1781428740\n|switch|p2a: Emboar|Emboar, L84, M|322/322\n|switch|p1a: Gholdengo|Gholdengo, L77|261/261\n|\n|upkeep\n|turn|8\n|\n|t:|1781428748\n|switch|p1a: Wigglytuff|Wigglytuff, L96, F|167/424\n|move|p2a: Emboar|Knock Off|p1a: Wigglytuff\n|-resisted|p1a: Wigglytuff\n|-damage|p1a: Wigglytuff|109/424\n|-enditem|p1a: Wigglytuff|Leftovers|[from] move: Knock Off|[of] p2a: Emboar\n|\n|upkeep\n|turn|9\n|\n|t:|1781428754\n|move|p2a: Emboar|Flare Blitz|p1a: Wigglytuff\n|-damage|p1a: Wigglytuff|0 fnt\n|faint|p1a: Wigglytuff\n|-damage|p2a: Emboar|286/322|[from] Recoil\n|\n|upkeep\n|\n|t:|1781428767\n|switch|p1a: Zekrom|Zekrom, L71|259/259\n|-ability|p1a: Zekrom|Teravolt\n|turn|10\n|\n|t:|1781428773\n|move|p1a: Zekrom|Dragon Dance|p1a: Zekrom\n|-boost|p1a: Zekrom|atk|1\n|-boost|p1a: Zekrom|spe|1\n|move|p2a: Emboar|Flare Blitz|p1a: Zekrom\n|-resisted|p1a: Zekrom\n|-damage|p1a: Zekrom|178/259\n|-damage|p2a: Emboar|259/322|[from] Recoil\n|\n|-heal|p1a: Zekrom|194/259|[from] item: Leftovers\n|upkeep\n|turn|11\n|\n|t:|1781428777\n|move|p1a: Zekrom|Substitute|p1a: Zekrom\n|-start|p1a: Zekrom|Substitute\n|-damage|p1a: Zekrom|130/259\n|move|p2a: Emboar|Scald|p1a: Zekrom\n|-resisted|p1a: Zekrom\n|-activate|p1a: Zekrom|move: Substitute|[damage]\n|\n|-heal|p1a: Zekrom|146/259|[from] item: Leftovers\n|upkeep\n|turn|12\n|\n|t:|1781428781\n|move|p1a: Zekrom|Dragon Dance|p1a: Zekrom\n|-boost|p1a: Zekrom|atk|1\n|-boost|p1a: Zekrom|spe|1\n|move|p2a: Emboar|Close Combat|p1a: Zekrom\n|-end|p1a: Zekrom|Substitute\n|-unboost|p2a: Emboar|def|1\n|-unboost|p2a: Emboar|spd|1\n|\n|-heal|p1a: Zekrom|162/259|[from] item: Leftovers\n|upkeep\n|turn|13\n|\n|t:|1781428786\n|move|p1a: Zekrom|Bolt Strike|p2a: Emboar\n|-damage|p2a: Emboar|0 fnt\n|faint|p2a: Emboar\n|\n|-heal|p1a: Zekrom|178/259|[from] item: Leftovers\n|upkeep\n|\n|t:|1781428795\n|switch|p2a: Brambleghast|Brambleghast, L88, M|240/240\n|turn|14\n|\n|t:|1781428801\n|move|p1a: Zekrom|Substitute|p1a: Zekrom\n|-start|p1a: Zekrom|Substitute\n|-damage|p1a: Zekrom|114/259\n|move|p2a: Brambleghast|Poltergeist|p1a: Zekrom\n|-activate|p1a: Zekrom|move: Poltergeist|Leftovers\n|-end|p1a: Zekrom|Substitute\n|\n|-heal|p1a: Zekrom|130/259|[from] item: Leftovers\n|upkeep\n|turn|15\n|\n|t:|1781428804\n|move|p1a: Zekrom|Outrage|p2a: Brambleghast\n|-damage|p2a: Brambleghast|0 fnt\n|faint|p2a: Brambleghast\n|\n|-heal|p1a: Zekrom|146/259|[from] item: Leftovers\n|upkeep\n|\n|t:|1781428807\n|switch|p2a: Grimmsnarl|Grimmsnarl, L83, M|293/293\n|turn|16\n|\n|t:|1781428809\n|move|p1a: Zekrom|Outrage|p2a: Grimmsnarl|[from] lockedmove\n|-immune|p2a: Grimmsnarl\n|-start|p1a: Zekrom|confusion|[fatigue]\n|move|p2a: Grimmsnarl|Spirit Break|p1a: Zekrom\n|-supereffective|p1a: Zekrom\n|-damage|p1a: Zekrom|0 fnt\n|faint|p1a: Zekrom\n|\n|upkeep\n|\n|t:|1781428812\n|switch|p1a: Gholdengo|Gholdengo, L77|261/261\n|turn|17\n|\n|t:|1781428820\n|move|p2a: Grimmsnarl|Parting Shot|p1a: Gholdengo\n|-immune|p1a: Gholdengo|[from] ability: Good as Gold\n|move|p1a: Gholdengo|Make It Rain|p2a: Grimmsnarl\n|-supereffective|p2a: Grimmsnarl\n|-damage|p2a: Grimmsnarl|0 fnt\n|-unboost|p1a: Gholdengo|spa|1\n|faint|p2a: Grimmsnarl\n|\n|upkeep\n|\n|t:|1781428825\n|switch|p2a: Empoleon|Empoleon, L84, F|278/278\n|turn|18\n|\n|t:|1781428836\n|move|p1a: Gholdengo|Nasty Plot|p1a: Gholdengo\n|-boost|p1a: Gholdengo|spa|2\n|move|p2a: Empoleon|Surf|p1a: Gholdengo\n|-damage|p1a: Gholdengo|143/261\n|\n|-heal|p1a: Gholdengo|159/261|[from] item: Leftovers\n|upkeep\n|turn|19\n|\n|t:|1781428841\n|move|p1a: Gholdengo|Nasty Plot|p1a: Gholdengo\n|-boost|p1a: Gholdengo|spa|2\n|move|p2a: Empoleon|Surf|p1a: Gholdengo\n|-damage|p1a: Gholdengo|51/261\n|\n|-heal|p1a: Gholdengo|67/261|[from] item: Leftovers\n|upkeep\n|turn|20\n|\n|t:|1781428844\n|move|p1a: Gholdengo|Recover|p1a: Gholdengo\n|-heal|p1a: Gholdengo|198/261\n|move|p2a: Empoleon|Roar|p1a: Gholdengo\n|-immune|p1a: Gholdengo|[from] ability: Good as Gold\n|\n|-heal|p1a: Gholdengo|214/261|[from] item: Leftovers\n|upkeep\n|turn|21\n|\n|t:|1781428847\n|move|p1a: Gholdengo|Shadow Ball|p2a: Empoleon\n|-damage|p2a: Empoleon|74/278\n|-unboost|p2a: Empoleon|spd|1\n|-ability|p2a: Empoleon|Competitive|boost\n|-boost|p2a: Empoleon|spa|2\n|move|p2a: Empoleon|Surf|p1a: Gholdengo\n|-damage|p1a: Gholdengo|1/261\n|\n|-heal|p1a: Gholdengo|17/261|[from] item: Leftovers\n|-heal|p2a: Empoleon|91/278|[from] item: Leftovers\n|upkeep\n|turn|22\n|\n|t:|1781428851\n|move|p1a: Gholdengo|Shadow Ball|p2a: Empoleon\n|-damage|p2a: Empoleon|0 fnt\n|faint|p2a: Empoleon\n|\n|-heal|p1a: Gholdengo|33/261|[from] item: Leftovers\n|upkeep\n|\n|t:|1781428852\n|switch|p2a: Urshifu|Urshifu-Rapid-Strike, L75, M|274/274\n|turn|23\n|\n|t:|1781428858\n|move|p2a: Urshifu|U-turn|p1a: Gholdengo\n|-resisted|p1a: Gholdengo\n|-damage|p1a: Gholdengo|12/261\n|move|p1a: Gholdengo|Shadow Ball|p2a: Urshifu\n|-damage|p2a: Urshifu|0 fnt\n|faint|p2a: Urshifu\n|\n|win|arukanu\n|raw|arukanu's rating: 1979 &rarr; <strong>1999</strong><br />(+20 for winning)\n|raw|Valentina17's rating: 1972 &rarr; <strong>1952</strong><br />(-20 for losing)\n", "inputlog": ">version a8376a258c1d4662feba110a92103f3664a72141\n>start {\"formatid\":\"gen9randombattle\",\"seed\":\"sodium,da58b3d4f11e783cc7660e157a25039e\",\"rated\":\"Rated battle\"}\n>player p1 {\"name\":\"arukanu\",\"avatar\":\"caitlin\",\"rating\":1979,\"seed\":\"sodium,8e8167c5a9852d313bcf5deddebbb779\"}\n>player p2 {\"name\":\"Valentina17\",\"avatar\":\"parasollady\",\"rating\":1972,\"seed\":\"sodium,fa4022d0998dcfedcc51ca0b9e6f7bfc\"}\n>p1 move powerwhip\n>p2 switch 4\n>p1 switch 2\n>p2 move strengthsap\n>p1 move dazzlinggleam\n>p2 move calmmind\n>p1 move knockoff\n>p2 move airslash\n>p1 move dazzlinggleam\n>p2 move airslash\n>p2 switch 4\n>p1 switch 2\n>p2 move closecombat\n>p1 switch 6\n>p2 switch 3\n>p1 switch 2\n>p2 move knockoff\n>p1 move dazzlinggleam\n>p2 move flareblitz\n>p1 switch 5\n>p1 move dragondance\n>p2 move flareblitz\n>p1 move substitute\n>p2 move scald\n>p1 move dragondance\n>p2 move closecombat\n>p1 move boltstrike\n>p2 move closecombat\n>p2 switch 2\n>p1 move substitute\n>p2 move poltergeist\n>p1 move outrage\n>p2 move poltergeist\n>p2 switch 5\n>p1 move outrage\n>p2 move spiritbreak\n>p1 switch 2\n>p1 move makeitrain\n>p2 move partingshot\n>p2 switch 6\n>p1 move nastyplot\n>p2 move surf\n>p1 move nastyplot\n>p2 move surf\n>p1 move recover\n>p2 move roar\n>p1 move shadowball\n>p2 move surf\n>p1 move shadowball\n>p2 move surf\n>p2 switch 3\n>p1 move shadowball\n>p2 move uturn", "uploadtime": 1781428678, "views": 6, "formatid": "gen9randombattle", "rating": 1952, "private": 0, "password": null}