{"id": "gen9randombattle-2631744288", "format": "[Gen 9] Random Battle", "players": ["Matuidi14", "FrankRayquaza"], "log": "|badge|p2|silver|gen9randombattle|30-9\n|uhtml|medal-msg|<div class=\"broadcast-blue\">Curious what those medals under the avatar are? PS now has Ladder Seasons! For more information, check out the <a href=\"https://www.smogon.com/forums/threads/3740067/\">thread on Smogon.</a></div>\n|j|\u2606Matuidi14\n|j|\u2606FrankRayquaza\n|t:|1781432549\n|gametype|singles\n|player|p1|Matuidi14|clown|2214\n|player|p2|FrankRayquaza|cheren-gen5bw2|2359\n|gen|9\n|tier|[Gen 9] Random Battle\n|rated|\n|rule|Species Clause: Limit one of each Pok\u00e9mon\n|rule|HP Percentage Mod: HP is shown in percentages\n|rule|Sleep Clause Mod: Limit one foe put to sleep\n|rule|Illusion Level Mod: Illusion disguises the Pok\u00e9mon's true level\n|\n|t:|1781432549\n|teamsize|p1|6\n|teamsize|p2|6\n|start\n|switch|p1a: Volbeat|Volbeat, L90, M|263/263\n|switch|p2a: Baxcalibur|Baxcalibur, L75, M|295/295\n|turn|1\n|inactive|Battle timer is ON: inactive players will automatically lose when time's up. (requested by Matuidi14)\n|\n|t:|1781432561\n|switch|p2a: Lanturn|Lanturn, L89, F|367/367\n|move|p1a: Volbeat|Lunge|p2a: Lanturn\n|-damage|p2a: Lanturn|265/367\n|-unboost|p2a: Lanturn|atk|1\n|\n|-heal|p2a: Lanturn|287/367|[from] item: Leftovers\n|upkeep\n|turn|2\n|\n|t:|1781432571\n|move|p1a: Volbeat|Lunge|p2a: Lanturn\n|-damage|p2a: Lanturn|181/367\n|-unboost|p2a: Lanturn|atk|1\n|move|p2a: Lanturn|Scald|p1a: Volbeat\n|-damage|p1a: Volbeat|188/263\n|\n|-heal|p2a: Lanturn|203/367|[from] item: Leftovers\n|upkeep\n|turn|3\n|\n|t:|1781432576\n|move|p1a: Volbeat|Lunge|p2a: Lanturn\n|-damage|p2a: Lanturn|101/367\n|-unboost|p2a: Lanturn|atk|1\n|move|p2a: Lanturn|Thunder Wave|p1a: Volbeat\n|-status|p1a: Volbeat|par\n|\n|-heal|p2a: Lanturn|123/367|[from] item: Leftovers\n|upkeep\n|turn|4\n|\n|t:|1781432591\n|switch|p2a: Hitmonchan|Hitmonchan, L87, M|229/229\n|move|p1a: Volbeat|Lunge|p2a: Hitmonchan\n|-resisted|p2a: Hitmonchan\n|-damage|p2a: Hitmonchan|190/229\n|-unboost|p2a: Hitmonchan|atk|1\n|\n|-heal|p2a: Hitmonchan|204/229|[from] item: Leftovers\n|upkeep\n|turn|5\n|\n|t:|1781432596\n|move|p1a: Volbeat|Thunder Wave|p2a: Hitmonchan\n|-status|p2a: Hitmonchan|par\n|cant|p2a: Hitmonchan|par\n|\n|-heal|p2a: Hitmonchan|218/229 par|[from] item: Leftovers\n|upkeep\n|turn|6\n|\n|t:|1781432601\n|cant|p1a: Volbeat|par\n|move|p2a: Hitmonchan|Knock Off|p1a: Volbeat\n|-damage|p1a: Volbeat|134/263 par\n|-enditem|p1a: Volbeat|Heavy-Duty Boots|[from] move: Knock Off|[of] p2a: Hitmonchan\n|\n|-heal|p2a: Hitmonchan|229/229 par|[from] item: Leftovers\n|upkeep\n|turn|7\n|\n|t:|1781432605\n|move|p1a: Volbeat|Lunge|p2a: Hitmonchan\n|-resisted|p2a: Hitmonchan\n|-damage|p2a: Hitmonchan|187/229 par\n|-unboost|p2a: Hitmonchan|atk|1\n|move|p2a: Hitmonchan|Encore|p1a: Volbeat\n|-start|p1a: Volbeat|Encore\n|\n|-heal|p2a: Hitmonchan|201/229 par|[from] item: Leftovers\n|upkeep\n|turn|8\n|\n|t:|1781432616\n|switch|p1a: Tinkaton|Tinkaton, L82, F|274/274\n|-ability|p1a: Tinkaton|Mold Breaker\n|switch|p2a: Victreebel|Victreebel, L90, F|290/290\n|\n|upkeep\n|turn|9\n|\n|t:|1781432620\n|move|p1a: Tinkaton|Gigaton Hammer|p2a: Victreebel\n|-damage|p2a: Victreebel|140/290\n|move|p2a: Victreebel|Sleep Powder|p1a: Tinkaton\n|-status|p1a: Tinkaton|slp|[from] move: Sleep Powder\n|\n|upkeep\n|turn|10\n|\n|t:|1781432629\n|switch|p2a: Lanturn|Lanturn, L89, F|123/367\n|cant|p1a: Tinkaton|slp\n|\n|-heal|p2a: Lanturn|145/367|[from] item: Leftovers\n|upkeep\n|turn|11\n|\n|t:|1781432633\n|cant|p1a: Tinkaton|slp\n|move|p2a: Lanturn|Scald|p1a: Tinkaton\n|-damage|p1a: Tinkaton|207/274 slp\n|\n|-heal|p1a: Tinkaton|224/274 slp|[from] item: Leftovers\n|-heal|p2a: Lanturn|167/367|[from] item: Leftovers\n|upkeep\n|turn|12\n|\n|t:|1781432641\n|switch|p1a: Volbeat|Volbeat, L90, M|134/263 par\n|move|p2a: Lanturn|Thunderbolt|p1a: Volbeat\n|-damage|p1a: Volbeat|47/263 par\n|\n|-heal|p2a: Lanturn|189/367|[from] item: Leftovers\n|upkeep\n|turn|13\n|\n|t:|1781432644\n|move|p1a: Volbeat|Encore|p2a: Lanturn\n|-start|p2a: Lanturn|Encore\n|move|p2a: Lanturn|Thunderbolt|p1a: Volbeat\n|-damage|p1a: Volbeat|0 fnt\n|faint|p1a: Volbeat\n|\n|-heal|p2a: Lanturn|211/367|[from] item: Leftovers\n|upkeep\n|\n|t:|1781432649\n|switch|p1a: Tinkaton|Tinkaton, L82, F|224/274 slp\n|-ability|p1a: Tinkaton|Mold Breaker\n|turn|14\n|\n|t:|1781432656\n|switch|p2a: Victreebel|Victreebel, L90, F|140/290\n|cant|p1a: Tinkaton|slp\n|\n|-heal|p1a: Tinkaton|241/274 slp|[from] item: Leftovers\n|upkeep\n|turn|15\n|\n|t:|1781432660\n|switch|p2a: Lanturn|Lanturn, L89, F|211/367\n|-curestatus|p1a: Tinkaton|slp|[msg]\n|move|p1a: Tinkaton|Gigaton Hammer|p2a: Lanturn\n|-resisted|p2a: Lanturn\n|-damage|p2a: Lanturn|172/367\n|\n|-heal|p1a: Tinkaton|258/274|[from] item: Leftovers\n|-heal|p2a: Lanturn|194/367|[from] item: Leftovers\n|upkeep\n|turn|16\n|\n|t:|1781432678\n|switch|p1a: Iron Moth|Iron Moth, L78|253/253\n|move|p2a: Lanturn|Thunder Wave|p1a: Iron Moth\n|-status|p1a: Iron Moth|par\n|\n|-heal|p2a: Lanturn|216/367|[from] item: Leftovers\n|upkeep\n|turn|17\n|\n|t:|1781432686\n|switch|p2a: Hitmonchan|Hitmonchan, L87, M|201/229 par\n|cant|p1a: Iron Moth|par\n|\n|-heal|p2a: Hitmonchan|215/229 par|[from] item: Leftovers\n|upkeep\n|turn|18\n|inactive|Matuidi14 has 120 seconds left.\n|inactive|Matuidi14 has 90 seconds left.\n|\n|t:|1781432755\n|move|p1a: Iron Moth|Sludge Wave|p2a: Hitmonchan\n|-damage|p2a: Hitmonchan|125/229 par\n|move|p2a: Hitmonchan|Knock Off|p1a: Iron Moth\n|-damage|p1a: Iron Moth|151/253 par\n|-enditem|p1a: Iron Moth|Heavy-Duty Boots|[from] move: Knock Off|[of] p2a: Hitmonchan\n|\n|-heal|p2a: Hitmonchan|139/229 par|[from] item: Leftovers\n|upkeep\n|turn|19\n|\n|t:|1781432760\n|move|p1a: Iron Moth|Fire Blast|p2a: Hitmonchan\n|-damage|p2a: Hitmonchan|25/229 par\n|move|p2a: Hitmonchan|Rapid Spin|p1a: Iron Moth\n|-damage|p1a: Iron Moth|96/253 par\n|-boost|p2a: Hitmonchan|spe|1\n|\n|-heal|p2a: Hitmonchan|39/229 par|[from] item: Leftovers\n|upkeep\n|turn|20\n|\n|t:|1781432767\n|move|p2a: Hitmonchan|Knock Off|p1a: Iron Moth\n|-damage|p1a: Iron Moth|28/253 par\n|cant|p1a: Iron Moth|par\n|\n|-heal|p2a: Hitmonchan|53/229 par|[from] item: Leftovers\n|upkeep\n|turn|21\n|\n|t:|1781432772\n|cant|p2a: Hitmonchan|par\n|move|p1a: Iron Moth|Sludge Wave|p2a: Hitmonchan\n|-damage|p2a: Hitmonchan|0 fnt\n|faint|p2a: Hitmonchan\n|\n|upkeep\n|\n|t:|1781432778\n|switch|p2a: Lanturn|Lanturn, L89, F|216/367\n|turn|22\n|inactive|Matuidi14 has 120 seconds left.\n|\n|t:|1781432798\n|move|p2a: Lanturn|Scald|p1a: Iron Moth\n|-supereffective|p1a: Iron Moth\n|-damage|p1a: Iron Moth|0 fnt\n|faint|p1a: Iron Moth\n|-end|p1a: Iron Moth|Quark Drive|[silent]\n|\n|-heal|p2a: Lanturn|238/367|[from] item: Leftovers\n|upkeep\n|\n|t:|1781432800\n|switch|p1a: Gallade|Gallade, L80, M|240/240\n|turn|23\n|\n|t:|1781432808\n|-terastallize|p2a: Lanturn|Flying\n|move|p1a: Gallade|Sacred Sword|p2a: Lanturn\n|-resisted|p2a: Lanturn\n|-damage|p2a: Lanturn|105/367\n|-damage|p1a: Gallade|216/240|[from] item: Life Orb\n|move|p2a: Lanturn|Thunder Wave|p1a: Gallade\n|-status|p1a: Gallade|par\n|\n|-heal|p2a: Lanturn|127/367|[from] item: Leftovers\n|upkeep\n|turn|24\n|inactive|Matuidi14 has 120 seconds left.\n|\n|t:|1781432825\n|switch|p2a: Victreebel|Victreebel, L90, F|140/290\n|move|p1a: Gallade|Sacred Sword|p2a: Victreebel\n|-resisted|p2a: Victreebel\n|-damage|p2a: Victreebel|26/290\n|-damage|p1a: Gallade|192/240 par|[from] item: Life Orb\n|\n|upkeep\n|turn|25\n|\n|t:|1781432830\n|move|p2a: Victreebel|Power Whip|p1a: Gallade\n|-damage|p1a: Gallade|0 fnt\n|faint|p1a: Gallade\n|-damage|p2a: Victreebel|0 fnt|[from] item: Life Orb\n|faint|p2a: Victreebel\n|\n|upkeep\n|\n|t:|1781432837\n|switch|p2a: Torterra|Torterra, L78, M|276/276\n|switch|p1a: Tinkaton|Tinkaton, L82, F|258/274\n|-ability|p1a: Tinkaton|Mold Breaker\n|turn|26\n|inactive|Matuidi14 has 120 seconds left.\n|\n|t:|1781432847\n|move|p1a: Tinkaton|Knock Off|p2a: Torterra\n|-damage|p2a: Torterra|225/276\n|-enditem|p2a: Torterra|Loaded Dice|[from] move: Knock Off|[of] p1a: Tinkaton\n|move|p2a: Torterra|Headlong Rush|p1a: Tinkaton\n|-supereffective|p1a: Tinkaton\n|-damage|p1a: Tinkaton|0 fnt\n|-unboost|p2a: Torterra|def|1\n|-unboost|p2a: Torterra|spd|1\n|faint|p1a: Tinkaton\n|\n|upkeep\n|\n|t:|1781432850\n|switch|p1a: Falinks|Falinks, L84|246/246\n|turn|27\n|\n|t:|1781432864\n|move|p1a: Falinks|No Retreat|p1a: Falinks\n|-boost|p1a: Falinks|atk|1\n|-boost|p1a: Falinks|def|1\n|-boost|p1a: Falinks|spa|1\n|-boost|p1a: Falinks|spd|1\n|-boost|p1a: Falinks|spe|1\n|-start|p1a: Falinks|move: No Retreat\n|move|p2a: Torterra|Headlong Rush|p1a: Falinks\n|-damage|p1a: Falinks|173/246\n|-unboost|p2a: Torterra|def|1\n|-unboost|p2a: Torterra|spd|1\n|\n|upkeep\n|turn|28\n|inactive|Matuidi14 has 120 seconds left.\n|\n|t:|1781432890\n|switch|p2a: Lanturn|Lanturn, L89, F, tera:Flying|127/367\n|move|p1a: Falinks|Close Combat|p2a: Lanturn\n|-resisted|p2a: Lanturn\n|-damage|p2a: Lanturn|0 fnt\n|-unboost|p1a: Falinks|def|1\n|-unboost|p1a: Falinks|spd|1\n|faint|p2a: Lanturn\n|-damage|p1a: Falinks|149/246|[from] item: Life Orb\n|\n|upkeep\n|\n|t:|1781432901\n|switch|p2a: Torterra|Torterra, L78, M|225/276\n|turn|29\n|\n|t:|1781432909\n|switch|p2a: Chimecho|Chimecho, L93, M|290/290\n|move|p1a: Falinks|Close Combat|p2a: Chimecho\n|-resisted|p2a: Chimecho\n|-damage|p2a: Chimecho|160/290\n|-unboost|p1a: Falinks|def|1\n|-unboost|p1a: Falinks|spd|1\n|-damage|p1a: Falinks|125/246|[from] item: Life Orb\n|\n|-heal|p2a: Chimecho|178/290|[from] item: Leftovers\n|upkeep\n|turn|30\n|\n|t:|1781432913\n|switch|p2a: Torterra|Torterra, L78, M|225/276\n|move|p1a: Falinks|Knock Off|p2a: Torterra\n|-damage|p2a: Torterra|135/276\n|-damage|p1a: Falinks|101/246|[from] item: Life Orb\n|\n|upkeep\n|turn|31\n|\n|t:|1781432919\n|switch|p2a: Chimecho|Chimecho, L93, M|178/290\n|move|p1a: Falinks|Close Combat|p2a: Chimecho\n|-resisted|p2a: Chimecho\n|-crit|p2a: Chimecho\n|-damage|p2a: Chimecho|8/290\n|-unboost|p1a: Falinks|def|1\n|-unboost|p1a: Falinks|spd|1\n|-damage|p1a: Falinks|77/246|[from] item: Life Orb\n|\n|-heal|p2a: Chimecho|26/290|[from] item: Leftovers\n|upkeep\n|turn|32\n|inactive|Matuidi14 has 120 seconds left.\n|\n|t:|1781432951\n|move|p1a: Falinks|Knock Off|p2a: Chimecho\n|-supereffective|p2a: Chimecho\n|-damage|p2a: Chimecho|0 fnt\n|-enditem|p2a: Chimecho|Leftovers|[from] move: Knock Off|[of] p1a: Falinks\n|faint|p2a: Chimecho\n|-damage|p1a: Falinks|53/246|[from] item: Life Orb\n|\n|upkeep\n|\n|t:|1781432953\n|switch|p2a: Baxcalibur|Baxcalibur, L75, M|295/295\n|turn|33\n|\n|t:|1781432956\n|-terastallize|p1a: Falinks|Steel\n|move|p2a: Baxcalibur|Ice Shard|p1a: Falinks\n|-resisted|p1a: Falinks\n|-damage|p1a: Falinks|0 fnt\n|faint|p1a: Falinks\n|\n|upkeep\n|\n|t:|1781432960\n|switch|p1a: Pyroar|Pyroar, L88, M|295/295\n|-ability|p1a: Pyroar|Unnerve\n|turn|34\n|\n|t:|1781432965\n|switch|p2a: Torterra|Torterra, L78, M|135/276\n|move|p1a: Pyroar|Work Up|p1a: Pyroar\n|-boost|p1a: Pyroar|atk|1\n|-boost|p1a: Pyroar|spa|1\n|\n|upkeep\n|turn|35\n|\n|t:|1781432968\n|move|p1a: Pyroar|Hyper Voice|p2a: Torterra\n|-crit|p2a: Torterra\n|-damage|p2a: Torterra|0 fnt\n|faint|p2a: Torterra\n|\n|upkeep\n|\n|t:|1781432970\n|switch|p2a: Baxcalibur|Baxcalibur, L75, M|295/295\n|turn|36\n|\n|t:|1781432972\n|move|p1a: Pyroar|Dark Pulse|p2a: Baxcalibur\n|-damage|p2a: Baxcalibur|172/295\n|move|p2a: Baxcalibur|Earthquake|p1a: Pyroar\n|-supereffective|p1a: Pyroar\n|-damage|p1a: Pyroar|27/295\n|\n|upkeep\n|turn|37\n|\n|t:|1781432978\n|move|p1a: Pyroar|Hyper Voice|p2a: Baxcalibur\n|-damage|p2a: Baxcalibur|0 fnt\n|faint|p2a: Baxcalibur\n|\n|win|Matuidi14\n", "inputlog": ">version a8376a258c1d4662feba110a92103f3664a72141\n>start {\"formatid\":\"gen9randombattle\",\"seed\":\"sodium,bc221555e175bd10032cc328b154dddc\",\"rated\":\"Rated battle\"}\n>player p1 {\"name\":\"Matuidi14\",\"avatar\":\"clown\",\"rating\":2214,\"seed\":\"sodium,51f314696b3c3774b5789d72a3a2af2c\"}\n>player p2 {\"name\":\"FrankRayquaza\",\"avatar\":\"cheren-gen5bw2\",\"rating\":2359,\"seed\":\"sodium,8827f3b3ae177459c37f8fb6b6746405\"}\n>p1 move lunge\n>p2 switch 5\n>p1 move lunge\n>p2 move scald\n>p1 move lunge\n>p2 move thunderwave\n>p1 move lunge\n>p2 switch 6\n>p1 move thunderwave\n>p2 move encore\n>p1 move lunge\n>p2 move knockoff\n>p1 move lunge\n>p2 move encore\n>p1 switch 4\n>p2 switch 3\n>p1 move gigatonhammer\n>p2 move sleeppowder\n>p1 move swordsdance\n>p2 switch 6\n>p1 move swordsdance\n>p2 move scald\n>p1 switch 4\n>p2 move thunderbolt\n>p1 move encore\n>p2 move thunderbolt\n>p1 switch 4\n>p1 move swordsdance\n>p2 switch 6\n>p1 move gigatonhammer\n>p2 switch 6\n>p1 switch 3\n>p2 move thunderwave\n>p1 move energyball\n>p2 switch 3\n>p1 move sludgewave\n>p2 move knockoff\n>p1 move fireblast\n>p2 move rapidspin\n>p1 move sludgewave\n>p2 move knockoff\n>p1 move sludgewave\n>p2 move drainpunch\n>p2 switch 3\n>p1 move energyball\n>p2 move scald\n>p1 switch 5\n>p1 move sacredsword\n>p2 move thunderwave terastallize\n>p1 move sacredsword\n>p2 switch 6\n>p1 move agility\n>p2 move powerwhip\n>p1 switch 3\n>p2 switch 4\n>p1 move knockoff\n>p2 move headlongrush\n>p1 switch 6\n>p1 move noretreat\n>p2 move headlongrush\n>p1 move closecombat\n>p2 switch 6\n>p2 switch 6\n>p1 move closecombat\n>p2 switch 2\n>p1 move knockoff\n>p2 switch 2\n>p1 move closecombat\n>p2 switch 2\n>p1 move knockoff\n>p2 move dazzlinggleam\n>p2 switch 5\n>p1 move closecombat terastallize\n>p2 move iceshard\n>p1 switch 2\n>p1 move workup\n>p2 switch 2\n>p1 move hypervoice\n>p2 move headlongrush\n>p2 switch 2\n>p1 move darkpulse\n>p2 move earthquake\n>p1 move hypervoice\n>p2 move earthquake", "uploadtime": 1781432550, "views": 5, "formatid": "gen9randombattle", "rating": null, "private": 0, "password": null}