{"id": "gen9randombattle-2631420138", "format": "[Gen 9] Random Battle", "players": ["stop_aa", "Ponclex"], "log": "|j|\u2606stop_aa\n|j|\u2606Ponclex\n|t:|1781382473\n|gametype|singles\n|player|p1|stop_aa|101|2075\n|player|p2|Ponclex|265|2056\n|gen|9\n|tier|[Gen 9] Random Battle\n|rated|\n|rule|Species Clause: Limit one of each Pok\u00e9mon\n|rule|HP Percentage Mod: HP is shown in percentages\n|rule|Sleep Clause Mod: Limit one foe put to sleep\n|rule|Illusion Level Mod: Illusion disguises the Pok\u00e9mon's true level\n|\n|t:|1781382473\n|teamsize|p1|6\n|teamsize|p2|6\n|start\n|switch|p1a: Latias|Latias, L79, F|256/256\n|switch|p2a: Excadrill|Excadrill, L79, M|303/303\n|-ability|p2a: Excadrill|Mold Breaker\n|turn|1\n|j| mech1357\n|l| mech1357\n|inactive|Battle timer is ON: inactive players will automatically lose when time's up. (requested by stop_aa)\n|\n|t:|1781382514\n|switch|p1a: Typhlosion|Typhlosion-Hisui, L83, F|257/257\n|move|p2a: Excadrill|Rapid Spin|p1a: Typhlosion\n|-immune|p1a: Typhlosion\n|\n|upkeep\n|turn|2\n|\n|t:|1781382526\n|move|p1a: Typhlosion|Fire Blast|p2a: Excadrill\n|-supereffective|p2a: Excadrill\n|-damage|p2a: Excadrill|67/303\n|move|p2a: Excadrill|Earthquake|p1a: Typhlosion\n|-supereffective|p1a: Typhlosion\n|-damage|p1a: Typhlosion|0 fnt\n|faint|p1a: Typhlosion\n|\n|upkeep\n|\n|t:|1781382538\n|switch|p1a: Vigoroth|Vigoroth, L85, F|275/275\n|turn|3\n|\n|t:|1781382548\n|switch|p2a: Persian|Persian-Alola, L86, M|252/252\n|move|p1a: Vigoroth|Earthquake|p2a: Persian\n|-damage|p2a: Persian|214/252\n|\n|upkeep\n|turn|4\n|\n|t:|1781382557\n|switch|p1a: Ursaluna|Ursaluna-Bloodmoon, L79, M|308/308\n|move|p2a: Persian|Thunder Wave|p1a: Ursaluna\n|-immune|p1a: Ursaluna\n|\n|upkeep\n|turn|5\n|\n|t:|1781382563\n|move|p2a: Persian|Parting Shot|p1a: Ursaluna\n|-unboost|p1a: Ursaluna|atk|1\n|-unboost|p1a: Ursaluna|spa|1\n|\n|t:|1781382586\n|switch|p2a: Tornadus|Tornadus, L82, M|263/263|[from] Parting Shot\n|move|p1a: Ursaluna|Calm Mind|p1a: Ursaluna\n|-boost|p1a: Ursaluna|spa|1\n|-boost|p1a: Ursaluna|spd|1\n|\n|upkeep\n|turn|6\n|\n|t:|1781382608\n|move|p2a: Tornadus|Grass Knot|p1a: Ursaluna\n|-supereffective|p1a: Ursaluna\n|-damage|p1a: Ursaluna|70/308\n|move|p1a: Ursaluna|Calm Mind|p1a: Ursaluna\n|-boost|p1a: Ursaluna|spa|1\n|-boost|p1a: Ursaluna|spd|1\n|\n|-heal|p1a: Ursaluna|89/308|[from] item: Leftovers\n|upkeep\n|turn|7\n|\n|t:|1781382612\n|-terastallize|p1a: Ursaluna|Poison\n|move|p2a: Tornadus|Grass Knot|p1a: Ursaluna\n|-resisted|p1a: Ursaluna\n|-damage|p1a: Ursaluna|44/308\n|move|p1a: Ursaluna|Moonlight|p1a: Ursaluna\n|-heal|p1a: Ursaluna|198/308\n|\n|-heal|p1a: Ursaluna|217/308|[from] item: Leftovers\n|upkeep\n|turn|8\n|\n|t:|1781382619\n|switch|p2a: Excadrill|Excadrill, L79, M|67/303\n|-ability|p2a: Excadrill|Mold Breaker\n|move|p1a: Ursaluna|Calm Mind|p1a: Ursaluna\n|-boost|p1a: Ursaluna|spa|1\n|-boost|p1a: Ursaluna|spd|1\n|\n|-heal|p1a: Ursaluna|236/308|[from] item: Leftovers\n|upkeep\n|turn|9\n|\n|t:|1781382623\n|move|p2a: Excadrill|Earthquake|p1a: Ursaluna\n|-supereffective|p1a: Ursaluna\n|-damage|p1a: Ursaluna|50/308\n|move|p1a: Ursaluna|Blood Moon|p2a: Excadrill\n|-resisted|p2a: Excadrill\n|-damage|p2a: Excadrill|0 fnt\n|faint|p2a: Excadrill\n|\n|-heal|p1a: Ursaluna|69/308|[from] item: Leftovers\n|upkeep\n|\n|t:|1781382632\n|switch|p2a: Metagross|Metagross, L79|256/256\n|turn|10\n|\n|t:|1781382636\n|move|p2a: Metagross|Psychic Fangs|p1a: Ursaluna\n|-supereffective|p1a: Ursaluna\n|-damage|p1a: Ursaluna|0 fnt\n|faint|p1a: Ursaluna\n|\n|upkeep\n|\n|t:|1781382642\n|switch|p1a: Vigoroth|Vigoroth, L85, F|275/275\n|turn|11\n|\n|t:|1781382645\n|switch|p2a: Persian|Persian-Alola, L86, M|214/252\n|move|p1a: Vigoroth|Bulk Up|p1a: Vigoroth\n|-boost|p1a: Vigoroth|atk|1\n|-boost|p1a: Vigoroth|def|1\n|\n|upkeep\n|turn|12\n|\n|t:|1781382657\n|move|p2a: Persian|Thunder Wave|p1a: Vigoroth\n|-status|p1a: Vigoroth|par\n|move|p1a: Vigoroth|Bulk Up|p1a: Vigoroth\n|-boost|p1a: Vigoroth|atk|1\n|-boost|p1a: Vigoroth|def|1\n|\n|upkeep\n|turn|13\n|\n|t:|1781382685\n|move|p2a: Persian|Foul Play|p1a: Vigoroth\n|-damage|p1a: Vigoroth|208/275 par\n|cant|p1a: Vigoroth|par\n|\n|upkeep\n|turn|14\n|\n|t:|1781382691\n|move|p2a: Persian|Taunt|p1a: Vigoroth\n|-start|p1a: Vigoroth|move: Taunt\n|cant|p1a: Vigoroth|move: Taunt|Bulk Up\n|\n|upkeep\n|turn|15\n|\n|t:|1781382715\n|move|p2a: Persian|Parting Shot|p1a: Vigoroth\n|-unboost|p1a: Vigoroth|atk|1\n|-unboost|p1a: Vigoroth|spa|1\n|\n|t:|1781382717\n|switch|p2a: Drifblim|Drifblim, L86, F|396/396|[from] Parting Shot\n|cant|p1a: Vigoroth|par\n|\n|upkeep\n|turn|16\n|inactive|Ponclex has 120 seconds left.\n|\n|t:|1781382751\n|switch|p1a: Klawf|Klawf, L90, F|272/272\n|move|p2a: Drifblim|Calm Mind|p2a: Drifblim\n|-boost|p2a: Drifblim|spa|1\n|-boost|p2a: Drifblim|spd|1\n|\n|upkeep\n|turn|17\n|inactive|Ponclex has 120 seconds left.\n|\n|t:|1781382761\n|move|p2a: Drifblim|Strength Sap|p1a: Klawf\n|-unboost|p1a: Klawf|atk|1\n|move|p1a: Klawf|Stealth Rock|p2a: Drifblim\n|-sidestart|p2: Ponclex|move: Stealth Rock\n|\n|upkeep\n|turn|18\n|\n|t:|1781382765\n|move|p2a: Drifblim|Calm Mind|p2a: Drifblim\n|-boost|p2a: Drifblim|spa|1\n|-boost|p2a: Drifblim|spd|1\n|move|p1a: Klawf|Stone Edge|p2a: Drifblim\n|-supereffective|p2a: Drifblim\n|-damage|p2a: Drifblim|61/396\n|-enditem|p2a: Drifblim|Sitrus Berry|[eat]\n|-heal|p2a: Drifblim|160/396|[from] item: Sitrus Berry\n|-damage|p1a: Klawf|245/272|[from] item: Life Orb\n|\n|upkeep\n|turn|19\n|inactive|Ponclex has 120 seconds left.\n|\n|t:|1781382786\n|move|p2a: Drifblim|Strength Sap|p1a: Klawf\n|-unboost|p1a: Klawf|atk|1\n|-heal|p2a: Drifblim|314/396\n|move|p1a: Klawf|Stone Edge|p2a: Drifblim\n|-supereffective|p2a: Drifblim\n|-damage|p2a: Drifblim|54/396\n|-damage|p1a: Klawf|218/272|[from] item: Life Orb\n|\n|upkeep\n|turn|20\n|\n|t:|1781382796\n|switch|p1a: Vigoroth|Vigoroth, L85, F|208/275 par\n|move|p2a: Drifblim|Shadow Ball|p1a: Vigoroth\n|-immune|p1a: Vigoroth\n|\n|upkeep\n|turn|21\n|\n|t:|1781382800\n|switch|p1a: Klawf|Klawf, L90, F|272/272\n|move|p2a: Drifblim|Strength Sap|p1a: Klawf\n|-unboost|p1a: Klawf|atk|1\n|-heal|p2a: Drifblim|285/396\n|\n|upkeep\n|turn|22\n|-message|stop_aa forfeited.\n|\n|win|Ponclex\n", "uploadtime": 1781382475, "views": 8, "formatid": "gen9randombattle", "rating": null, "private": 0, "password": null}