{"id": "gen9randombattle-2631862041", "format": "[Gen 9] Random Battle", "players": ["KnightsOfNi", "duuhhao"], "log": "|badge|p2|bronze|gen9randombattle|100-9\n|uhtml|medal-msg|<div class=\"broadcast-blue\">Curious what those medals under the avatar are? PS now has Ladder Seasons! For more information, check out the <a href=\"https://www.smogon.com/forums/threads/3740067/\">thread on Smogon.</a></div>\n|j|\u2606KnightsOfNi\n|j|\u2606duuhhao\n|t:|1781449357\n|gametype|singles\n|player|p1|KnightsOfNi|plasmagrunt-gen5bw|2219\n|player|p2|duuhhao|clair|2312\n|gen|9\n|tier|[Gen 9] Random Battle\n|rated|\n|rule|Species Clause: Limit one of each Pok\u00e9mon\n|rule|HP Percentage Mod: HP is shown in percentages\n|rule|Sleep Clause Mod: Limit one foe put to sleep\n|rule|Illusion Level Mod: Illusion disguises the Pok\u00e9mon's true level\n|\n|t:|1781449357\n|teamsize|p1|6\n|teamsize|p2|6\n|start\n|switch|p1a: Alomomola|Alomomola, L87, F|429/429\n|switch|p2a: Greedent|Greedent, L86, F|347/347\n|turn|1\n|inactive|Battle timer is ON: inactive players will automatically lose when time's up. (requested by KnightsOfNi)\n|\n|t:|1781449368\n|move|p1a: Alomomola|Scald|p2a: Greedent\n|-damage|p2a: Greedent|296/347\n|-status|p2a: Greedent|brn\n|move|p2a: Greedent|Swords Dance|p2a: Greedent\n|-boost|p2a: Greedent|atk|2\n|\n|-damage|p2a: Greedent|275/347 brn|[from] brn\n|upkeep\n|turn|2\n|\n|t:|1781449377\n|move|p1a: Alomomola|Flip Turn|p2a: Greedent\n|-damage|p2a: Greedent|221/347 brn\n|\n|t:|1781449379\n|switch|p1a: Garganacl|Garganacl, L80, M|291/291|[from] Flip Turn\n|move|p2a: Greedent|Knock Off|p1a: Garganacl\n|-damage|p1a: Garganacl|240/291\n|-enditem|p1a: Garganacl|Leftovers|[from] move: Knock Off|[of] p2a: Greedent\n|\n|-damage|p2a: Greedent|200/347 brn|[from] brn\n|upkeep\n|turn|3\n|\n|t:|1781449386\n|move|p1a: Garganacl|Salt Cure|p2a: Greedent\n|-damage|p2a: Greedent|161/347 brn\n|-start|p2a: Greedent|Salt Cure\n|-enditem|p2a: Greedent|Sitrus Berry|[eat]\n|-heal|p2a: Greedent|247/347 brn|[from] item: Sitrus Berry\n|-heal|p2a: Greedent|347/347 brn|[from] ability: Cheek Pouch\n|move|p2a: Greedent|Earthquake|p1a: Garganacl\n|-supereffective|p1a: Garganacl\n|-damage|p1a: Garganacl|123/291\n|\n|-damage|p2a: Greedent|326/347 brn|[from] brn\n|-damage|p2a: Greedent|283/347 brn|[from] Salt Cure\n|upkeep\n|turn|4\n|\n|t:|1781449396\n|move|p1a: Garganacl|Protect|p1a: Garganacl\n|-singleturn|p1a: Garganacl|Protect\n|move|p2a: Greedent|Swords Dance|p2a: Greedent\n|-boost|p2a: Greedent|atk|2\n|\n|-damage|p2a: Greedent|262/347 brn|[from] brn\n|-damage|p2a: Greedent|219/347 brn|[from] Salt Cure\n|upkeep\n|turn|5\n|\n|t:|1781449398\n|move|p1a: Garganacl|Recover|p1a: Garganacl\n|-heal|p1a: Garganacl|269/291\n|move|p2a: Greedent|Earthquake|p1a: Garganacl\n|-supereffective|p1a: Garganacl\n|-damage|p1a: Garganacl|108/291\n|\n|-damage|p2a: Greedent|198/347 brn|[from] brn\n|-damage|p2a: Greedent|155/347 brn|[from] Salt Cure\n|upkeep\n|turn|6\n|\n|t:|1781449404\n|switch|p2a: Veluza|Veluza, L85, F|292/292\n|move|p1a: Garganacl|Recover|p1a: Garganacl\n|-heal|p1a: Garganacl|254/291\n|\n|upkeep\n|turn|7\n|\n|t:|1781449407\n|move|p2a: Veluza|Psycho Cut|p1a: Garganacl\n|-damage|p1a: Garganacl|127/291\n|move|p1a: Garganacl|Salt Cure|p2a: Veluza\n|-crit|p2a: Veluza\n|-damage|p2a: Veluza|216/292\n|-start|p2a: Veluza|Salt Cure\n|\n|-damage|p2a: Veluza|143/292|[from] Salt Cure\n|upkeep\n|turn|8\n|-message|duuhhao forfeited.\n|\n|win|KnightsOfNi\n", "inputlog": ">version a8376a258c1d4662feba110a92103f3664a72141\n>start {\"formatid\":\"gen9randombattle\",\"seed\":\"sodium,e0e1c494bb4981fcf27aecfe3223e02f\",\"rated\":\"Rated battle\"}\n>player p1 {\"name\":\"KnightsOfNi\",\"avatar\":\"plasmagrunt-gen5bw\",\"rating\":2219,\"seed\":\"sodium,78435a0a58e367b445ff4669ffec343d\"}\n>player p2 {\"name\":\"duuhhao\",\"avatar\":\"clair\",\"rating\":2312,\"seed\":\"sodium,2b049596d7badf1790fe57256fd69511\"}\n>p1 move scald\n>p2 move swordsdance\n>p1 move flipturn\n>p2 move knockoff\n>p1 switch 5\n>p1 move saltcure\n>p2 move earthquake\n>p1 move protect\n>p2 move swordsdance\n>p1 move recover\n>p2 move earthquake\n>p1 move recover\n>p2 switch 3\n>p1 move saltcure\n>p2 move psychocut\n>forcelose p2", "uploadtime": 1781449360, "views": 4, "formatid": "gen9randombattle", "rating": null, "private": 0, "password": null}