{"id": "gen9randombattle-2631486103", "format": "[Gen 9] Random Battle", "players": ["JayClaw", "Tarunda"], "log": "|j|\u2606JayClaw\n|j|\u2606Tarunda\n|t:|1781391097\n|gametype|singles\n|player|p1|JayClaw|red|2120\n|player|p2|Tarunda|wallace|2037\n|gen|9\n|tier|[Gen 9] Random Battle\n|rated|\n|rule|Species Clause: Limit one of each Pok\u00e9mon\n|rule|HP Percentage Mod: HP is shown in percentages\n|rule|Sleep Clause Mod: Limit one foe put to sleep\n|rule|Illusion Level Mod: Illusion disguises the Pok\u00e9mon's true level\n|\n|t:|1781391097\n|teamsize|p1|6\n|teamsize|p2|6\n|start\n|switch|p1a: Oinkologne|Oinkologne-F, L92, F|361/361\n|switch|p2a: Politoed|Politoed, L88, F|302/302\n|-weather|RainDance|[from] ability: Drizzle|[of] p2a: Politoed\n|turn|1\n|inactive|Battle timer is ON: inactive players will automatically lose when time's up. (requested by Tarunda)\n|\n|t:|1781391118\n|move|p2a: Politoed|Hydro Pump|p1a: Oinkologne\n|-damage|p1a: Oinkologne|198/361\n|move|p1a: Oinkologne|Body Slam|p2a: Politoed\n|-damage|p2a: Politoed|191/302\n|\n|-weather|RainDance|[upkeep]\n|-heal|p1a: Oinkologne|220/361|[from] item: Leftovers\n|upkeep\n|turn|2\n|\n|t:|1781391128\n|move|p2a: Politoed|Hydro Pump|p1a: Oinkologne|[miss]\n|-miss|p2a: Politoed|p1a: Oinkologne\n|move|p1a: Oinkologne|Body Slam|p2a: Politoed\n|-damage|p2a: Politoed|85/302\n|\n|-weather|RainDance|[upkeep]\n|-heal|p1a: Oinkologne|242/361|[from] item: Leftovers\n|upkeep\n|turn|3\n|\n|t:|1781391141\n|move|p2a: Politoed|Rest|p2a: Politoed\n|-status|p2a: Politoed|slp|[from] move: Rest\n|-heal|p2a: Politoed|302/302 slp|[silent]\n|-enditem|p2a: Politoed|Chesto Berry|[eat]\n|-curestatus|p2a: Politoed|slp|[msg]\n|move|p1a: Oinkologne|Body Slam|p2a: Politoed\n|-damage|p2a: Politoed|197/302\n|\n|-weather|RainDance|[upkeep]\n|-heal|p1a: Oinkologne|264/361|[from] item: Leftovers\n|upkeep\n|turn|4\n|\n|t:|1781391151\n|move|p2a: Politoed|Hydro Pump|p1a: Oinkologne\n|-damage|p1a: Oinkologne|84/361\n|move|p1a: Oinkologne|Body Slam|p2a: Politoed\n|-damage|p2a: Politoed|79/302\n|-status|p2a: Politoed|par\n|\n|-weather|RainDance|[upkeep]\n|-heal|p1a: Oinkologne|106/361|[from] item: Leftovers\n|upkeep\n|turn|5\n|\n|t:|1781391160\n|move|p1a: Oinkologne|Body Slam|p2a: Politoed\n|-damage|p2a: Politoed|0 fnt\n|faint|p2a: Politoed\n|\n|-weather|none\n|-heal|p1a: Oinkologne|128/361|[from] item: Leftovers\n|upkeep\n|\n|t:|1781391167\n|switch|p2a: Lucario|Lucario, L84, F|255/255\n|turn|6\n|\n|t:|1781391181\n|switch|p1a: Amoonguss|Amoonguss, L82, F|321/321\n|move|p2a: Lucario|Meteor Mash|p1a: Amoonguss\n|-damage|p1a: Amoonguss|161/321\n|-damage|p2a: Lucario|230/255|[from] item: Life Orb\n|\n|-heal|p1a: Amoonguss|181/321|[from] item: Leftovers\n|upkeep\n|turn|7\n|\n|t:|1781391192\n|switch|p2a: Espeon|Espeon, L84, F|246/246\n|move|p1a: Amoonguss|Spore|p2a: Espeon\n|move|p2a: Espeon|Spore|p1a: Amoonguss|[from] ability: Magic Bounce\n|-immune|p1a: Amoonguss\n|\n|-heal|p1a: Amoonguss|201/321|[from] item: Leftovers\n|upkeep\n|turn|8\n|\n|t:|1781391202\n|switch|p1a: Mandibuzz|Mandibuzz, L85, F|326/326\n|move|p2a: Espeon|Calm Mind|p2a: Espeon\n|-boost|p2a: Espeon|spa|1\n|-boost|p2a: Espeon|spd|1\n|\n|upkeep\n|turn|9\n|\n|t:|1781391220\n|-terastallize|p1a: Mandibuzz|Steel\n|move|p2a: Espeon|Alluring Voice|p1a: Mandibuzz\n|-resisted|p1a: Mandibuzz\n|-damage|p1a: Mandibuzz|266/326\n|-damage|p2a: Espeon|222/246|[from] item: Life Orb\n|move|p1a: Mandibuzz|Knock Off|p2a: Espeon\n|-supereffective|p2a: Espeon\n|-damage|p2a: Espeon|0 fnt\n|-enditem|p2a: Espeon|Life Orb|[from] move: Knock Off|[of] p1a: Mandibuzz\n|faint|p2a: Espeon\n|\n|upkeep\n|\n|t:|1781391234\n|switch|p2a: Lucario|Lucario, L84, F|230/255\n|turn|10\n|\n|t:|1781391258\n|switch|p1a: Amoonguss|Amoonguss, L82, F|308/321\n|move|p2a: Lucario|Swords Dance|p2a: Lucario\n|-boost|p2a: Lucario|atk|2\n|\n|-heal|p1a: Amoonguss|321/321|[from] item: Leftovers\n|upkeep\n|turn|11\n|\n|t:|1781391266\n|move|p2a: Lucario|Meteor Mash|p1a: Amoonguss\n|-damage|p1a: Amoonguss|1/321\n|-boost|p2a: Lucario|atk|1\n|-damage|p2a: Lucario|205/255|[from] item: Life Orb\n|move|p1a: Amoonguss|Spore|p2a: Lucario\n|-status|p2a: Lucario|slp|[from] move: Spore\n|\n|-heal|p1a: Amoonguss|21/321|[from] item: Leftovers\n|upkeep\n|turn|12\n|\n|t:|1781391280\n|switch|p1a: Coalossal|Coalossal, L89, F|341/341\n|-terastallize|p2a: Lucario|Normal\n|cant|p2a: Lucario|slp\n|\n|upkeep\n|turn|13\n|\n|t:|1781391288\n|-curestatus|p2a: Lucario|slp|[msg]\n|move|p2a: Lucario|Close Combat|p1a: Coalossal\n|-supereffective|p1a: Coalossal\n|-damage|p1a: Coalossal|0 fnt\n|-unboost|p2a: Lucario|def|1\n|-unboost|p2a: Lucario|spd|1\n|faint|p1a: Coalossal\n|-damage|p2a: Lucario|180/255|[from] item: Life Orb\n|\n|upkeep\n|\n|t:|1781391298\n|switch|p1a: Tauros|Tauros-Paldea-Aqua, L81, M|252/252\n|turn|14\n|\n|t:|1781391305\n|move|p2a: Lucario|Extreme Speed|p1a: Tauros\n|-damage|p1a: Tauros|0 fnt\n|faint|p1a: Tauros\n|-damage|p2a: Lucario|155/255|[from] item: Life Orb\n|\n|upkeep\n|-message|JayClaw forfeited.\n|\n|win|Tarunda\n", "inputlog": ">version a8376a258c1d4662feba110a92103f3664a72141\n>start {\"formatid\":\"gen9randombattle\",\"seed\":\"sodium,7e3d2d675036b14af5efe905ae3bbb21\",\"rated\":\"Rated battle\"}\n>player p1 {\"name\":\"JayClaw\",\"avatar\":\"red\",\"rating\":2120,\"seed\":\"sodium,ae2f029ecd0ab0c02a6bcae3baa0265b\"}\n>player p2 {\"name\":\"Tarunda\",\"avatar\":\"wallace\",\"rating\":2037,\"seed\":\"sodium,99bd5ffc3afde1af280ad61611cd83bc\"}\n>p1 move bodyslam\n>p2 move hydropump\n>p1 move bodyslam\n>p2 move hydropump\n>p1 move bodyslam\n>p2 move rest\n>p1 move bodyslam\n>p2 move hydropump\n>p1 move bodyslam\n>p2 move hydropump\n>p2 switch 3\n>p1 switch 4\n>p2 move meteormash\n>p1 move spore\n>p2 switch 6\n>p1 switch 6\n>p2 move calmmind\n>p1 move knockoff terastallize\n>p2 move alluringvoice\n>p2 switch 6\n>p1 switch 6\n>p2 move swordsdance\n>p1 move spore\n>p2 move meteormash\n>p1 switch 3\n>p2 move extremespeed terastallize\n>p1 move stoneedge\n>p2 move closecombat\n>p1 switch 2\n>p1 move closecombat\n>p2 move extremespeed\n>forcelose p1", "uploadtime": 1781391099, "views": 4, "formatid": "gen9randombattle", "rating": null, "private": 0, "password": null}