{"id": "gen9randombattle-2631917233", "format": "[Gen 9] Random Battle", "players": ["Dude_DCLXVI", "fizmoniri"], "log": "|j|\u2606Dude_DCLXVI\n|j|\u2606fizmoniri\n|t:|1781455399\n|gametype|singles\n|player|p1|Dude_DCLXVI|1|1253\n|player|p2|fizmoniri|canari|1246\n|gen|9\n|tier|[Gen 9] Random Battle\n|rated|\n|rule|Species Clause: Limit one of each Pok\u00e9mon\n|rule|HP Percentage Mod: HP is shown in percentages\n|rule|Sleep Clause Mod: Limit one foe put to sleep\n|rule|Illusion Level Mod: Illusion disguises the Pok\u00e9mon's true level\n|\n|t:|1781455399\n|teamsize|p1|6\n|teamsize|p2|6\n|start\n|switch|p1a: Furret|Furret, L94, M|312/312\n|switch|p2a: Florges|Florges-Blue, L85, F|271/271\n|-item|p2a: Florges|Leftovers|[from] ability: Frisk|[of] p1a: Furret\n|turn|1\n|\n|t:|1781455410\n|move|p1a: Furret|Trick|p2a: Florges\n|-activate|p1a: Furret|move: Trick|[of] p2a: Florges\n|-item|p2a: Florges|Choice Band|[from] move: Trick\n|-item|p1a: Furret|Leftovers|[from] move: Trick\n|move|p2a: Florges|Calm Mind|p2a: Florges\n|-boost|p2a: Florges|spa|1\n|-boost|p2a: Florges|spd|1\n|\n|upkeep\n|turn|2\n|\n|t:|1781455422\n|switch|p2a: Kyogre|Kyogre, L71|259/259\n|-weather|RainDance|[from] ability: Drizzle|[of] p2a: Kyogre\n|move|p1a: Furret|U-turn|p2a: Kyogre\n|-damage|p2a: Kyogre|203/259\n|\n|t:|1781455442\n|switch|p1a: Zarude|Zarude-Dada, L77|288/288|[from] U-turn\n|\n|-weather|RainDance|[upkeep]\n|upkeep\n|turn|3\n|\n|t:|1781455451\n|-terastallize|p2a: Kyogre|Water\n|move|p2a: Kyogre|Water Spout|p1a: Zarude\n|-resisted|p1a: Zarude\n|-damage|p1a: Zarude|165/288\n|move|p1a: Zarude|Power Whip|p2a: Kyogre|[miss]\n|-miss|p1a: Zarude|p2a: Kyogre\n|\n|-weather|RainDance|[upkeep]\n|upkeep\n|turn|4\n|\n|t:|1781455461\n|move|p2a: Kyogre|Water Spout|p1a: Zarude\n|-resisted|p1a: Zarude\n|-damage|p1a: Zarude|36/288\n|move|p1a: Zarude|Power Whip|p2a: Kyogre\n|-supereffective|p2a: Kyogre\n|-damage|p2a: Kyogre|0 fnt\n|faint|p2a: Kyogre\n|-damage|p1a: Zarude|8/288|[from] item: Life Orb\n|\n|-weather|RainDance|[upkeep]\n|upkeep\n|\n|t:|1781455468\n|switch|p2a: Froslass|Froslass, L87, F|263/263\n|turn|5\n|\n|t:|1781455484\n|switch|p1a: Volcanion|Volcanion, L79|255/255\n|move|p2a: Froslass|Triple Axel|p1a: Volcanion\n|-resisted|p1a: Volcanion\n|-damage|p1a: Volcanion|251/255\n|-resisted|p1a: Volcanion\n|-damage|p1a: Volcanion|244/255\n|-resisted|p1a: Volcanion\n|-damage|p1a: Volcanion|232/255\n|-hitcount|p1a: Volcanion|3\n|\n|-weather|RainDance|[upkeep]\n|upkeep\n|turn|6\n|\n|t:|1781455496\n|move|p2a: Froslass|Poltergeist|p1a: Volcanion\n|-activate|p1a: Volcanion|move: Poltergeist|Choice Scarf\n|-damage|p1a: Volcanion|141/255\n|move|p1a: Volcanion|Steam Eruption|p2a: Froslass\n|-damage|p2a: Froslass|58/263\n|-status|p2a: Froslass|brn\n|\n|-weather|none\n|-damage|p2a: Froslass|42/263 brn|[from] brn\n|upkeep\n|turn|7\n|\n|t:|1781455503\n|move|p2a: Froslass|Poltergeist|p1a: Volcanion\n|-activate|p1a: Volcanion|move: Poltergeist|Choice Scarf\n|-damage|p1a: Volcanion|100/255\n|move|p1a: Volcanion|Steam Eruption|p2a: Froslass\n|-damage|p2a: Froslass|0 fnt\n|-start|p1a: Volcanion|Disable|Steam Eruption|[from] ability: Cursed Body|[of] p2a: Froslass\n|faint|p2a: Froslass\n|\n|upkeep\n|\n|t:|1781455509\n|switch|p2a: Excadrill|Excadrill, L79, M|303/303\n|-ability|p2a: Excadrill|Mold Breaker\n|turn|8\n|\n|t:|1781455529\n|switch|p1a: Zarude|Zarude-Dada, L77|8/288\n|move|p2a: Excadrill|Earthquake|p1a: Zarude\n|-resisted|p1a: Zarude\n|-damage|p1a: Zarude|0 fnt\n|faint|p1a: Zarude\n|\n|upkeep\n|\n|t:|1781455545\n|switch|p1a: Volcanion|Volcanion, L79|100/255\n|turn|9\n|\n|t:|1781455561\n|move|p1a: Volcanion|Steam Eruption|p2a: Excadrill\n|-supereffective|p2a: Excadrill\n|-damage|p2a: Excadrill|51/303\n|move|p2a: Excadrill|Earthquake|p1a: Volcanion\n|-supereffective|p1a: Volcanion\n|-damage|p1a: Volcanion|0 fnt\n|faint|p1a: Volcanion\n|\n|upkeep\n|\n|t:|1781455572\n|switch|p1a: Furret|Furret, L94, M|312/312\n|-item|p2a: Excadrill|Assault Vest|[from] ability: Frisk|[of] p1a: Furret\n|turn|10\n|\n|t:|1781455588\n|switch|p2a: Florges|Florges-Blue, L85, F|271/271\n|move|p1a: Furret|Knock Off|p2a: Florges\n|-resisted|p2a: Florges\n|-damage|p2a: Florges|231/271\n|-enditem|p2a: Florges|Choice Band|[from] move: Knock Off|[of] p1a: Furret\n|\n|upkeep\n|turn|11\n|\n|t:|1781455598\n|move|p1a: Furret|Double-Edge|p2a: Florges\n|-damage|p2a: Florges|81/271\n|-damage|p1a: Furret|262/312|[from] Recoil\n|move|p2a: Florges|Moonblast|p1a: Furret\n|-damage|p1a: Furret|117/312\n|\n|-heal|p1a: Furret|136/312|[from] item: Leftovers\n|upkeep\n|turn|12\n|\n|t:|1781455602\n|move|p1a: Furret|Double-Edge|p2a: Florges\n|-damage|p2a: Florges|0 fnt\n|faint|p2a: Florges\n|-damage|p1a: Furret|109/312|[from] Recoil\n|\n|-heal|p1a: Furret|128/312|[from] item: Leftovers\n|upkeep\n|\n|t:|1781455605\n|switch|p2a: Camerupt|Camerupt, L91, M|275/275\n|turn|13\n|\n|t:|1781455615\n|move|p1a: Furret|Knock Off|p2a: Camerupt\n|-damage|p2a: Camerupt|204/275\n|-enditem|p2a: Camerupt|Leftovers|[from] move: Knock Off|[of] p1a: Furret\n|move|p2a: Camerupt|Earthquake|p1a: Furret\n|-damage|p1a: Furret|0 fnt\n|faint|p1a: Furret\n|\n|upkeep\n|\n|t:|1781455631\n|switch|p1a: Minior|Minior-Orange, L79|224/224\n|-formechange|p1a: Minior|Minior-Meteor||[from] ability: Shields Down\n|turn|14\n|\n|t:|1781455636\n|move|p1a: Minior|Shell Smash|p1a: Minior\n|-unboost|p1a: Minior|def|1\n|-unboost|p1a: Minior|spd|1\n|-boost|p1a: Minior|atk|2\n|-boost|p1a: Minior|spa|2\n|-boost|p1a: Minior|spe|2\n|-enditem|p1a: Minior|White Herb\n|-clearnegativeboost|p1a: Minior|[silent]\n|move|p2a: Camerupt|Roar|p1a: Minior\n|drag|p1a: Komala|Komala, L88, M|258/258\n|-ability|p1a: Komala|Comatose\n|\n|upkeep\n|turn|15\n|\n|t:|1781455647\n|move|p1a: Komala|Earthquake|p2a: Camerupt\n|-supereffective|p2a: Camerupt\n|-damage|p2a: Camerupt|45/275\n|move|p2a: Camerupt|Overheat|p1a: Komala\n|-damage|p1a: Komala|161/258\n|-unboost|p2a: Camerupt|spa|2\n|\n|upkeep\n|turn|16\n|\n|t:|1781455651\n|move|p1a: Komala|Earthquake|p2a: Camerupt\n|-supereffective|p2a: Camerupt\n|-damage|p2a: Camerupt|0 fnt\n|faint|p2a: Camerupt\n|\n|upkeep\n|\n|t:|1781455653\n|switch|p2a: Seviper|Seviper, L93, M|287/287\n|turn|17\n|\n|t:|1781455682\n|move|p2a: Seviper|Gunk Shot|p1a: Komala\n|-damage|p1a: Komala|0 fnt\n|faint|p1a: Komala\n|-damage|p2a: Seviper|259/287|[from] item: Life Orb\n|\n|upkeep\n|\n|t:|1781455685\n|switch|p1a: Minior|Minior-Orange, L79|224/224\n|-formechange|p1a: Minior|Minior-Meteor||[from] ability: Shields Down\n|turn|18\n|\n|t:|1781455692\n|move|p2a: Seviper|Gunk Shot|p1a: Minior\n|-resisted|p1a: Minior\n|-damage|p1a: Minior|123/224\n|-damage|p2a: Seviper|231/287|[from] item: Life Orb\n|move|p1a: Minior|Shell Smash|p1a: Minior\n|-unboost|p1a: Minior|def|1\n|-unboost|p1a: Minior|spd|1\n|-boost|p1a: Minior|atk|2\n|-boost|p1a: Minior|spa|2\n|-boost|p1a: Minior|spe|2\n|\n|upkeep\n|turn|19\n|\n|t:|1781455696\n|move|p1a: Minior|Earthquake|p2a: Seviper\n|-supereffective|p2a: Seviper\n|-damage|p2a: Seviper|7/287\n|move|p2a: Seviper|Gunk Shot|p1a: Minior\n|-resisted|p1a: Minior\n|-damage|p1a: Minior|0 fnt\n|faint|p1a: Minior\n|-damage|p2a: Seviper|0 fnt|[from] item: Life Orb\n|faint|p2a: Seviper\n|\n|upkeep\n|\n|t:|1781455700\n|switch|p1a: Moltres|Moltres-Galar, L79|271/271\n|switch|p2a: Excadrill|Excadrill, L79, M|51/303\n|-ability|p2a: Excadrill|Mold Breaker\n|turn|20\n|\n|t:|1781455717\n|move|p1a: Moltres|Fiery Wrath|p2a: Excadrill\n|-damage|p2a: Excadrill|0 fnt\n|faint|p2a: Excadrill\n|\n|win|Dude_DCLXVI\n|raw|Dude_DCLXVI's rating: 1253 &rarr; <strong>1277</strong><br />(+24 for winning)\n|raw|fizmoniri's rating: 1246 &rarr; <strong>1222</strong><br />(-24 for losing)\n", "inputlog": ">version a8376a258c1d4662feba110a92103f3664a72141\n>start {\"formatid\":\"gen9randombattle\",\"seed\":\"sodium,9d890c82185a3e58bdb42251a28beefa\",\"rated\":\"Rated battle\"}\n>player p1 {\"name\":\"Dude_DCLXVI\",\"avatar\":\"1\",\"rating\":1253,\"seed\":\"sodium,18a5dbf510884ea33b1e567e44685fce\"}\n>player p2 {\"name\":\"fizmoniri\",\"avatar\":\"canari\",\"rating\":1246,\"seed\":\"sodium,71ac29b226d8fb27c99f7fb080f76f69\"}\n>p1 move trick\n>p2 move calmmind\n>p1 move uturn\n>p2 switch 6\n>p1 switch 2\n>p1 move powerwhip\n>p2 move waterspout terastallize\n>p1 move powerwhip\n>p2 move waterspout\n>p2 switch 2\n>p1 switch 3\n>p2 move tripleaxel\n>p1 move steameruption\n>p2 move poltergeist\n>p1 move steameruption\n>p2 move poltergeist\n>p2 switch 5\n>p1 switch 3\n>p2 move earthquake\n>p1 switch 3\n>p1 move steameruption\n>p2 move earthquake\n>p1 switch 2\n>p1 move knockoff\n>p2 switch 6\n>p1 move doubleedge\n>p2 move moonblast\n>p1 move doubleedge\n>p2 move moonblast\n>p2 switch 3\n>p1 move knockoff\n>p2 move earthquake\n>p1 switch 6\n>p1 move shellsmash\n>p2 move roar\n>p1 move earthquake\n>p2 move overheat\n>p1 move earthquake\n>p2 move overheat\n>p2 switch 4\n>p1 move earthquake\n>p2 move gunkshot\n>p1 switch 5\n>p1 move shellsmash\n>p2 move gunkshot\n>p1 move earthquake\n>p2 move gunkshot\n>p1 switch 4\n>p2 switch 6\n>p1 move fierywrath\n>p2 move rockslide", "uploadtime": 1781455721, "views": 14, "formatid": "gen9randombattle", "rating": 1222, "private": 0, "password": null}