{"id": "gen9randombattle-2631856000", "format": "[Gen 9] Random Battle", "players": ["thear16", "pablovr"], "log": "|j|\u2606thear16\n|j|\u2606pablovr\n|t:|1781448657\n|gametype|singles\n|player|p1|thear16|101|1923\n|player|p2|pablovr|hiker-gen4|1910\n|gen|9\n|tier|[Gen 9] Random Battle\n|rated|\n|rule|Species Clause: Limit one of each Pok\u00e9mon\n|rule|HP Percentage Mod: HP is shown in percentages\n|rule|Sleep Clause Mod: Limit one foe put to sleep\n|rule|Illusion Level Mod: Illusion disguises the Pok\u00e9mon's true level\n|\n|t:|1781448657\n|teamsize|p1|6\n|teamsize|p2|6\n|start\n|switch|p1a: Skarmory|Skarmory, L80, M|235/235\n|switch|p2a: Lanturn|Lanturn, L89, F|367/367\n|turn|1\n|\n|t:|1781448665\n|switch|p1a: Glaceon|Glaceon, L94, M|275/275\n|move|p2a: Lanturn|Scald|p1a: Glaceon\n|-damage|p1a: Glaceon|205/275\n|\n|upkeep\n|turn|2\n|\n|t:|1781448673\n|move|p1a: Glaceon|Wish|p1a: Glaceon\n|move|p2a: Lanturn|Volt Switch|p1a: Glaceon\n|-damage|p1a: Glaceon|150/275\n|\n|t:|1781448682\n|switch|p2a: Pawmot|Pawmot, L80, M|243/243|[from] Volt Switch\n|\n|upkeep\n|turn|3\n|\n|t:|1781448691\n|move|p1a: Glaceon|Protect|p1a: Glaceon\n|-singleturn|p1a: Glaceon|Protect\n|move|p2a: Pawmot|Nuzzle|p1a: Glaceon\n|-activate|p1a: Glaceon|move: Protect\n|\n|-heal|p1a: Glaceon|275/275|[from] move: Wish|[wisher] Glaceon\n|upkeep\n|turn|4\n|\n|t:|1781448712\n|switch|p1a: Qwilfish|Qwilfish, L86, F|252/252\n|-ability|p1a: Qwilfish|Intimidate|boost\n|-unboost|p2a: Pawmot|atk|1\n|move|p2a: Pawmot|Nuzzle|p1a: Qwilfish\n|-supereffective|p1a: Qwilfish\n|-damage|p1a: Qwilfish|222/252\n|-status|p1a: Qwilfish|par\n|\n|upkeep\n|turn|5\n|\n|t:|1781448722\n|switch|p2a: Lanturn|Lanturn, L89, F|367/367\n|cant|p1a: Qwilfish|par\n|\n|upkeep\n|turn|6\n|\n|t:|1781448726\n|move|p2a: Lanturn|Volt Switch|p1a: Qwilfish\n|-supereffective|p1a: Qwilfish\n|-damage|p1a: Qwilfish|28/252 par\n|\n|t:|1781448735\n|switch|p2a: Pawmot|Pawmot, L80, M|243/243|[from] Volt Switch\n|move|p1a: Qwilfish|Toxic|p2a: Pawmot\n|-status|p2a: Pawmot|tox\n|\n|-damage|p2a: Pawmot|228/243 tox|[from] psn\n|upkeep\n|turn|7\n|\n|t:|1781448746\n|move|p2a: Pawmot|Nuzzle|p1a: Qwilfish\n|-supereffective|p1a: Qwilfish\n|-damage|p1a: Qwilfish|0 fnt\n|faint|p1a: Qwilfish\n|\n|-damage|p2a: Pawmot|198/243 tox|[from] psn\n|upkeep\n|inactive|Battle timer is ON: inactive players will automatically lose when time's up. (requested by thear16)\n|\n|t:|1781448767\n|switch|p1a: Oricorio|Oricorio-Pa'u, L87, F|272/272\n|turn|8\n|\n|t:|1781448773\n|move|p2a: Pawmot|Double Shock|p1a: Oricorio\n|-supereffective|p1a: Oricorio\n|-damage|p1a: Oricorio|0 fnt\n|-start|p2a: Pawmot|typechange|???/Fighting|[from] move: Double Shock\n|faint|p1a: Oricorio\n|\n|-damage|p2a: Pawmot|153/243 tox|[from] psn\n|upkeep\n|-message|thear16 forfeited.\n|\n|win|pablovr\n", "uploadtime": 1781448658, "views": 3, "formatid": "gen9randombattle", "rating": null, "private": 0, "password": null}