{"id": "gen9randombattle-2631805407", "format": "[Gen 9] Random Battle", "players": ["Haokhonggioi", "lucasisbad"], "log": "|j|\u2606Haokhonggioi\n|j|\u2606lucasisbad\n|t:|1781442254\n|gametype|singles\n|player|p1|Haokhonggioi|266|1000\n|player|p2|lucasisbad|cynthia|1048\n|gen|9\n|tier|[Gen 9] Random Battle\n|rated|\n|rule|Species Clause: Limit one of each Pok\u00e9mon\n|rule|HP Percentage Mod: HP is shown in percentages\n|rule|Sleep Clause Mod: Limit one foe put to sleep\n|rule|Illusion Level Mod: Illusion disguises the Pok\u00e9mon's true level\n|\n|t:|1781442254\n|teamsize|p1|6\n|teamsize|p2|6\n|start\n|switch|p1a: Garganacl|Garganacl, L80, M|291/291\n|switch|p2a: Terapagos|Terapagos, L77, F|265/265\n|-activate|p2a: Terapagos|ability: Tera Shift\n|detailschange|p2a: Terapagos|Terapagos-Terastal, L77, F\n|-heal|p2a: Terapagos|273/273|[silent]\n|turn|1\n|\n|t:|1781442273\n|-terastallize|p2a: Terapagos|Stellar\n|detailschange|p2a: Terapagos|Terapagos-Stellar, L77, F, tera:Stellar\n|-heal|p2a: Terapagos|373/373|[silent]\n|move|p1a: Garganacl|Protect|p1a: Garganacl\n|-singleturn|p1a: Garganacl|Protect\n|move|p2a: Terapagos|Earth Power|p1a: Garganacl\n|-activate|p1a: Garganacl|move: Protect\n|\n|upkeep\n|turn|2\n|\n|t:|1781442289\n|move|p2a: Terapagos|Rest|p2a: Terapagos\n|-fail|p2a: Terapagos|heal\n|move|p1a: Garganacl|Stealth Rock|p2a: Terapagos\n|-sidestart|p2: lucasisbad|move: Stealth Rock\n|\n|upkeep\n|turn|3\n|inactive|Battle timer is ON: inactive players will automatically lose when time's up. (requested by lucasisbad)\n|\n|t:|1781442309\n|switch|p1a: Baxcalibur|Baxcalibur, L75, F|295/295\n|move|p2a: Terapagos|Earth Power|p1a: Baxcalibur\n|-damage|p1a: Baxcalibur|207/295\n|\n|upkeep\n|turn|4\n|\n|t:|1781442322\n|-terastallize|p1a: Baxcalibur|Ground\n|move|p2a: Terapagos|Tera Starstorm|p1a: Baxcalibur\n|-supereffective|p1a: Baxcalibur\n|-damage|p1a: Baxcalibur|0 fnt\n|faint|p1a: Baxcalibur\n|\n|upkeep\n|\n|t:|1781442346\n|switch|p1a: Ariados|Ariados, L95, F|219/219\n|turn|5\n|\n|t:|1781442351\n|move|p1a: Ariados|Focus Blast|p2a: Terapagos\n|-supereffective|p2a: Terapagos\n|-damage|p2a: Terapagos|144/373\n|-unboost|p2a: Terapagos|spd|1\n|-damage|p1a: Ariados|198/219|[from] item: Life Orb\n|move|p2a: Terapagos|Tera Starstorm|p1a: Ariados\n|-crit|p1a: Ariados\n|-damage|p1a: Ariados|0 fnt\n|replace|p1a: Zoroark|Zoroark-Hisui, L80, F\n|-end|p1a: Zoroark|Illusion\n|-hint|Illusion Level Mod is active, so this Pok\u00e9mon's true level was hidden.\n|faint|p1a: Zoroark\n|\n|upkeep\n|\n|t:|1781442363\n|switch|p1a: Ariados|Ariados, L95, F|287/287\n|turn|6\n|\n|t:|1781442373\n|move|p2a: Terapagos|Rest|p2a: Terapagos\n|-status|p2a: Terapagos|slp|[from] move: Rest\n|-heal|p2a: Terapagos|373/373 slp|[silent]\n|-enditem|p2a: Terapagos|Chesto Berry|[eat]\n|-curestatus|p2a: Terapagos|slp|[msg]\n|move|p1a: Ariados|Toxic Spikes|p2a: Terapagos\n|-sidestart|p2: lucasisbad|move: Toxic Spikes\n|\n|upkeep\n|turn|7\n|\n|t:|1781442382\n|move|p2a: Terapagos|Tera Starstorm|p1a: Ariados\n|-damage|p1a: Ariados|169/287\n|move|p1a: Ariados|Megahorn|p2a: Terapagos\n|-damage|p2a: Terapagos|225/373\n|\n|upkeep\n|turn|8\n|\n|t:|1781442393\n|move|p2a: Terapagos|Calm Mind|p2a: Terapagos\n|-boost|p2a: Terapagos|spa|1\n|-boost|p2a: Terapagos|spd|1\n|move|p1a: Ariados|Poison Jab|p2a: Terapagos\n|-damage|p2a: Terapagos|134/373\n|\n|upkeep\n|turn|9\n|\n|t:|1781442400\n|move|p2a: Terapagos|Tera Starstorm|p1a: Ariados\n|-damage|p1a: Ariados|0 fnt\n|faint|p1a: Ariados\n|\n|upkeep\n|\n|t:|1781442405\n|switch|p1a: Necrozma|Necrozma, L80|286/286\n|turn|10\n|-message|Haokhonggioi forfeited.\n|\n|win|lucasisbad\n|raw|Haokhonggioi's rating: 1000 &rarr; <strong>1000</strong><br />(+0 for losing)\n|raw|lucasisbad's rating: 1048 &rarr; <strong>1076</strong><br />(+28 for winning)\n|l|\u2606Haokhonggioi\n|player|p1|\n", "inputlog": ">version a8376a258c1d4662feba110a92103f3664a72141\n>start {\"formatid\":\"gen9randombattle\",\"seed\":\"sodium,54b0aacc2ca06df073d03de9cd1ef866\",\"rated\":\"Rated battle\"}\n>player p1 {\"name\":\"Haokhonggioi\",\"avatar\":\"266\",\"rating\":1000,\"seed\":\"sodium,b1e0523f4359e9fd8ab69aaea57f1cf7\"}\n>player p2 {\"name\":\"lucasisbad\",\"avatar\":\"cynthia\",\"rating\":1048,\"seed\":\"sodium,2a341a01fb48f9d3eeb529bb0b9840b3\"}\n>p1 move protect\n>p2 move earthpower terastallize\n>p1 move stealthrock\n>p2 move rest\n>p1 switch 2\n>p2 move earthpower\n>p1 move glaiverush terastallize\n>p2 move terastarstorm\n>p1 switch 4\n>p1 move focusblast\n>p2 move terastarstorm\n>p1 switch 6\n>p1 move toxicspikes\n>p2 move rest\n>p1 move megahorn\n>p2 move terastarstorm\n>p1 move poisonjab\n>p2 move calmmind\n>p1 move megahorn\n>p2 move terastarstorm\n>p1 switch 3\n>forcelose p1", "uploadtime": 1781442439, "views": 5, "formatid": "gen9randombattle", "rating": 1000, "private": 0, "password": null}