{"id": "gen9randombattle-2631921446", "format": "[Gen 9] Random Battle", "players": ["Bigoleg", "fick runk"], "log": "|j|\u2606Bigoleg\n|j|\u2606fick runk\n|t:|1781455856\n|gametype|singles\n|player|p1|Bigoleg|102|2062\n|player|p2|fick runk|parasollady|2032\n|gen|9\n|tier|[Gen 9] Random Battle\n|rated|\n|rule|Species Clause: Limit one of each Pok\u00e9mon\n|rule|HP Percentage Mod: HP is shown in percentages\n|rule|Sleep Clause Mod: Limit one foe put to sleep\n|rule|Illusion Level Mod: Illusion disguises the Pok\u00e9mon's true level\n|\n|t:|1781455856\n|teamsize|p1|6\n|teamsize|p2|6\n|start\n|switch|p1a: Hawlucha|Hawlucha, L80, F|256/256\n|switch|p2a: Leavanny|Leavanny, L86, M|269/269\n|turn|1\n|inactive|Battle timer is ON: inactive players will automatically lose when time's up. (requested by fick runk)\n|\n|t:|1781455862\n|switch|p2a: Scream Tail|Scream Tail, L84|330/330\n|move|p1a: Hawlucha|Swords Dance|p1a: Hawlucha\n|-boost|p1a: Hawlucha|atk|2\n|\n|upkeep\n|turn|2\n|\n|t:|1781455868\n|move|p2a: Scream Tail|Thunder Wave|p1a: Hawlucha\n|-status|p1a: Hawlucha|par\n|move|p1a: Hawlucha|Close Combat|p2a: Scream Tail\n|-resisted|p2a: Scream Tail\n|-damage|p2a: Scream Tail|279/330\n|-unboost|p1a: Hawlucha|def|1\n|-unboost|p1a: Hawlucha|spd|1\n|-enditem|p1a: Hawlucha|White Herb\n|-clearnegativeboost|p1a: Hawlucha|[silent]\n|\n|-heal|p2a: Scream Tail|299/330|[from] item: Leftovers\n|upkeep\n|turn|3\n|\n|t:|1781455870\n|move|p1a: Hawlucha|Brave Bird|p2a: Scream Tail\n|-damage|p2a: Scream Tail|77/330\n|-damage|p1a: Hawlucha|183/256 par|[from] Recoil\n|move|p2a: Scream Tail|Play Rough|p1a: Hawlucha\n|-supereffective|p1a: Hawlucha\n|-damage|p1a: Hawlucha|1/256 par\n|\n|-heal|p2a: Scream Tail|97/330|[from] item: Leftovers\n|upkeep\n|turn|4\n|\n|t:|1781455879\n|move|p2a: Scream Tail|Protect|p2a: Scream Tail\n|-singleturn|p2a: Scream Tail|Protect\n|move|p1a: Hawlucha|Acrobatics|p2a: Scream Tail\n|-activate|p2a: Scream Tail|move: Protect\n|\n|-heal|p2a: Scream Tail|117/330|[from] item: Leftovers\n|upkeep\n|turn|5\n|\n|t:|1781455881\n|move|p2a: Scream Tail|Play Rough|p1a: Hawlucha\n|-supereffective|p1a: Hawlucha\n|-damage|p1a: Hawlucha|0 fnt\n|faint|p1a: Hawlucha\n|\n|-heal|p2a: Scream Tail|137/330|[from] item: Leftovers\n|upkeep\n|\n|t:|1781455886\n|switch|p1a: Jolteon|Jolteon, L84, M|246/246\n|turn|6\n|\n|t:|1781455888\n|move|p1a: Jolteon|Calm Mind|p1a: Jolteon\n|-boost|p1a: Jolteon|spa|1\n|-boost|p1a: Jolteon|spd|1\n|move|p2a: Scream Tail|Wish|p2a: Scream Tail\n|\n|-heal|p2a: Scream Tail|157/330|[from] item: Leftovers\n|upkeep\n|turn|7\n|\n|t:|1781455894\n|-end|p2a: Scream Tail|Protosynthesis|[silent]\n|switch|p2a: Morpeko|Morpeko, L88, M|245/245\n|move|p1a: Jolteon|Substitute|p1a: Jolteon\n|-start|p1a: Jolteon|Substitute\n|-damage|p1a: Jolteon|185/246\n|\n|-heal|p1a: Jolteon|200/246|[from] item: Leftovers\n|-formechange|p2a: Morpeko|Morpeko-Hangry||[from] ability: Hunger Switch\n|upkeep\n|turn|8\n|\n|t:|1781455903\n|-terastallize|p1a: Jolteon|Ice\n|move|p1a: Jolteon|Tera Blast|p2a: Morpeko|[anim] Tera Blast Ice\n|-damage|p2a: Morpeko|50/245\n|move|p2a: Morpeko|Aura Wheel|p1a: Jolteon\n|-end|p1a: Jolteon|Substitute\n|-boost|p2a: Morpeko|spe|1\n|\n|-heal|p1a: Jolteon|215/246|[from] item: Leftovers\n|-formechange|p2a: Morpeko|Morpeko||[from] ability: Hunger Switch\n|upkeep\n|turn|9\n|\n|t:|1781455914\n|move|p2a: Morpeko|Parting Shot|p1a: Jolteon\n|-unboost|p1a: Jolteon|atk|1\n|-unboost|p1a: Jolteon|spa|1\n|\n|t:|1781455927\n|switch|p2a: Swalot|Swalot, L90, M|326/326|[from] Parting Shot\n|move|p1a: Jolteon|Tera Blast|p2a: Swalot|[anim] Tera Blast Ice\n|-damage|p2a: Swalot|230/326\n|\n|-heal|p1a: Jolteon|230/246|[from] item: Leftovers\n|-heal|p2a: Swalot|250/326|[from] item: Leftovers\n|upkeep\n|turn|10\n|\n|t:|1781455931\n|move|p1a: Jolteon|Substitute|p1a: Jolteon\n|-start|p1a: Jolteon|Substitute\n|-damage|p1a: Jolteon|169/246\n|move|p2a: Swalot|Knock Off|p1a: Jolteon\n|-end|p1a: Jolteon|Substitute\n|\n|-heal|p1a: Jolteon|184/246|[from] item: Leftovers\n|-heal|p2a: Swalot|270/326|[from] item: Leftovers\n|upkeep\n|turn|11\n|\n|t:|1781455934\n|move|p1a: Jolteon|Calm Mind|p1a: Jolteon\n|-boost|p1a: Jolteon|spa|1\n|-boost|p1a: Jolteon|spd|1\n|move|p2a: Swalot|Knock Off|p1a: Jolteon\n|-damage|p1a: Jolteon|104/246\n|-enditem|p1a: Jolteon|Leftovers|[from] move: Knock Off|[of] p2a: Swalot\n|\n|-heal|p2a: Swalot|290/326|[from] item: Leftovers\n|upkeep\n|turn|12\n|\n|t:|1781455952\n|-terastallize|p2a: Swalot|Dark\n|move|p1a: Jolteon|Thunderbolt|p2a: Swalot\n|-damage|p2a: Swalot|149/326\n|move|p2a: Swalot|Knock Off|p1a: Jolteon\n|-damage|p1a: Jolteon|17/246\n|\n|-heal|p2a: Swalot|169/326|[from] item: Leftovers\n|upkeep\n|turn|13\n|\n|t:|1781455958\n|move|p1a: Jolteon|Thunderbolt|p2a: Swalot\n|-damage|p2a: Swalot|9/326\n|move|p2a: Swalot|Knock Off|p1a: Jolteon\n|-damage|p1a: Jolteon|0 fnt\n|faint|p1a: Jolteon\n|\n|-heal|p2a: Swalot|29/326|[from] item: Leftovers\n|upkeep\n|\n|t:|1781455973\n|switch|p1a: Alcremie|Alcremie-Caramel-Swirl, L90, F|263/263\n|turn|14\n|\n|t:|1781455980\n|switch|p2a: Scream Tail|Scream Tail, L84|157/330\n|move|p1a: Alcremie|Alluring Voice|p2a: Scream Tail\n|-damage|p2a: Scream Tail|67/330\n|\n|-heal|p2a: Scream Tail|87/330|[from] item: Leftovers\n|upkeep\n|turn|15\n|\n|t:|1781455985\n|move|p2a: Scream Tail|Thunder Wave|p1a: Alcremie\n|-status|p1a: Alcremie|par\n|cant|p1a: Alcremie|par\n|\n|-heal|p2a: Scream Tail|107/330|[from] item: Leftovers\n|upkeep\n|turn|16\n|\n|t:|1781455988\n|move|p2a: Scream Tail|Wish|p2a: Scream Tail\n|cant|p1a: Alcremie|par\n|\n|-heal|p2a: Scream Tail|127/330|[from] item: Leftovers\n|upkeep\n|turn|17\n|\n|t:|1781455994\n|-end|p2a: Scream Tail|Protosynthesis|[silent]\n|switch|p2a: Venomoth|Venomoth, L84, F|255/255\n|move|p1a: Alcremie|Calm Mind|p1a: Alcremie\n|-boost|p1a: Alcremie|spa|1\n|-boost|p1a: Alcremie|spd|1\n|\n|upkeep\n|turn|18\n|\n|t:|1781455999\n|move|p2a: Venomoth|Quiver Dance|p2a: Venomoth\n|-boost|p2a: Venomoth|spa|1\n|-boost|p2a: Venomoth|spd|1\n|-boost|p2a: Venomoth|spe|1\n|move|p1a: Alcremie|Psyshock|p2a: Venomoth\n|-supereffective|p2a: Venomoth\n|-damage|p2a: Venomoth|0 fnt\n|faint|p2a: Venomoth\n|\n|upkeep\n|\n|t:|1781456001\n|switch|p2a: Feraligatr|Feraligatr, L79, F|264/264\n|turn|19\n|\n|t:|1781456005\n|move|p2a: Feraligatr|Liquidation|p1a: Alcremie\n|-damage|p1a: Alcremie|98/263 par\n|cant|p1a: Alcremie|par\n|\n|-heal|p1a: Alcremie|114/263 par|[from] item: Leftovers\n|upkeep\n|turn|20\n|\n|t:|1781456008\n|move|p2a: Feraligatr|Liquidation|p1a: Alcremie\n|-damage|p1a: Alcremie|0 fnt\n|faint|p1a: Alcremie\n|\n|upkeep\n|c|\u2606Bigoleg|75 percent para is unethical\n|\n|t:|1781456026\n|switch|p1a: Vivillon|Vivillon-Ocean, L83, M|268/268\n|turn|21\n|\n|t:|1781456031\n|switch|p2a: Leavanny|Leavanny, L86, M|269/269\n|move|p1a: Vivillon|Quiver Dance|p1a: Vivillon\n|-boost|p1a: Vivillon|spa|1\n|-boost|p1a: Vivillon|spd|1\n|-boost|p1a: Vivillon|spe|1\n|\n|upkeep\n|turn|22\n|\n|t:|1781456040\n|move|p1a: Vivillon|Hurricane|p2a: Leavanny\n|-supereffective|p2a: Leavanny\n|-enditem|p2a: Leavanny|Focus Sash\n|-damage|p2a: Leavanny|1/269\n|-start|p2a: Leavanny|confusion\n|-activate|p2a: Leavanny|confusion\n|move|p2a: Leavanny|Knock Off|p1a: Vivillon\n|-damage|p1a: Vivillon|148/268\n|-enditem|p1a: Vivillon|Heavy-Duty Boots|[from] move: Knock Off|[of] p2a: Leavanny\n|\n|upkeep\n|turn|23\n|\n|t:|1781456044\n|move|p1a: Vivillon|Bug Buzz|p2a: Leavanny\n|-supereffective|p2a: Leavanny\n|-damage|p2a: Leavanny|0 fnt\n|faint|p2a: Leavanny\n|\n|upkeep\n|\n|t:|1781456047\n|switch|p2a: Feraligatr|Feraligatr, L79, F|264/264\n|turn|24\n|\n|t:|1781456051\n|move|p1a: Vivillon|Sleep Powder|p2a: Feraligatr\n|-status|p2a: Feraligatr|slp|[from] move: Sleep Powder\n|cant|p2a: Feraligatr|slp\n|\n|upkeep\n|turn|25\n|\n|t:|1781456052\n|move|p1a: Vivillon|Bug Buzz|p2a: Feraligatr\n|-damage|p2a: Feraligatr|107/264 slp\n|cant|p2a: Feraligatr|slp\n|\n|upkeep\n|turn|26\n|\n|t:|1781456056\n|move|p1a: Vivillon|Bug Buzz|p2a: Feraligatr\n|-damage|p2a: Feraligatr|0 fnt\n|faint|p2a: Feraligatr\n|\n|upkeep\n|-message|fick runk forfeited.\n|\n|win|Bigoleg\n", "inputlog": ">version a8376a258c1d4662feba110a92103f3664a72141\n>start {\"formatid\":\"gen9randombattle\",\"seed\":\"sodium,456d59c6e1f5cc8b3db84574c9ff1684\",\"rated\":\"Rated battle\"}\n>player p1 {\"name\":\"Bigoleg\",\"avatar\":\"102\",\"rating\":2062,\"seed\":\"sodium,d0c0f8e0cb1e48b51cc6f1976691abdc\"}\n>player p2 {\"name\":\"fick runk\",\"avatar\":\"parasollady\",\"rating\":2032,\"seed\":\"sodium,672fe24beecc9bb366498c54f9a8dedb\"}\n>p1 move swordsdance\n>p2 switch 5\n>p1 move closecombat\n>p2 move thunderwave\n>p1 move bravebird\n>p2 move playrough\n>p1 move acrobatics\n>p2 move protect\n>p1 move acrobatics\n>p2 move playrough\n>p1 switch 3\n>p1 move calmmind\n>p2 move wish\n>p1 move substitute\n>p2 switch 2\n>p1 move terablast terastallize\n>p2 move aurawheel\n>p1 move terablast\n>p2 move partingshot\n>p2 switch 4\n>p1 move substitute\n>p2 move knockoff\n>p1 move calmmind\n>p2 move knockoff\n>p1 move thunderbolt\n>p2 move knockoff terastallize\n>p1 move thunderbolt\n>p2 move knockoff\n>p1 switch 6\n>p1 move alluringvoice\n>p2 switch 2\n>p1 move calmmind\n>p2 move thunderwave\n>p1 move calmmind\n>p2 move wish\n>p1 move calmmind\n>p2 switch 3\n>p1 move psyshock\n>p2 move quiverdance\n>p2 switch 6\n>p1 move alluringvoice\n>p2 move liquidation\n>p1 move alluringvoice\n>p2 move liquidation\n>chat \u2606Bigoleg|75 percent para is unethical\n>p1 switch 5\n>p1 move quiverdance\n>p2 switch 5\n>p1 move hurricane\n>p2 move knockoff\n>p1 move bugbuzz\n>p2 move lunge\n>p2 switch 5\n>p1 move sleeppowder\n>p2 move icepunch\n>p1 move bugbuzz\n>p2 move icepunch\n>p1 move bugbuzz\n>p2 move icepunch\n>forcelose p2", "uploadtime": 1781455858, "views": 5, "formatid": "gen9randombattle", "rating": null, "private": 0, "password": null}