{"id": "gen9randombattle-2631882738", "format": "[Gen 9] Random Battle", "players": ["arukanu", "Rheny"], "log": "|j|\u2606arukanu\n|j|\u2606Rheny\n|t:|1781451674\n|gametype|singles\n|player|p1|arukanu|caitlin|1971\n|player|p2|Rheny|miku-ghost|1955\n|gen|9\n|tier|[Gen 9] Random Battle\n|rated|\n|rule|Species Clause: Limit one of each Pok\u00e9mon\n|rule|HP Percentage Mod: HP is shown in percentages\n|rule|Sleep Clause Mod: Limit one foe put to sleep\n|rule|Illusion Level Mod: Illusion disguises the Pok\u00e9mon's true level\n|\n|t:|1781451674\n|teamsize|p1|6\n|teamsize|p2|6\n|start\n|switch|p1a: Tinkaton|Tinkaton, L82, F|274/274\n|switch|p2a: Rabsca|Rabsca, L91, M|284/284\n|-ability|p1a: Tinkaton|Mold Breaker\n|turn|1\n|\n|t:|1781451683\n|move|p1a: Tinkaton|Thunder Wave|p2a: Rabsca\n|-status|p2a: Rabsca|par\n|-activate|p2a: Rabsca|ability: Synchronize\n|-status|p1a: Tinkaton|par\n|move|p2a: Rabsca|Earth Power|p1a: Tinkaton\n|-supereffective|p1a: Tinkaton\n|-damage|p1a: Tinkaton|112/274 par\n|\n|-heal|p1a: Tinkaton|129/274 par|[from] item: Leftovers\n|upkeep\n|turn|2\n|\n|t:|1781451693\n|switch|p1a: Misdreavus|Misdreavus, L90, F|254/254\n|cant|p2a: Rabsca|par\n|\n|upkeep\n|turn|3\n|\n|t:|1781451708\n|switch|p2a: Milotic|Milotic, L83, F|293/293\n|move|p1a: Misdreavus|Calm Mind|p1a: Misdreavus\n|-boost|p1a: Misdreavus|spa|1\n|-boost|p1a: Misdreavus|spd|1\n|\n|upkeep\n|turn|4\n|\n|t:|1781451713\n|move|p1a: Misdreavus|Shadow Ball|p2a: Milotic\n|-damage|p2a: Milotic|193/293\n|move|p2a: Milotic|Dragon Tail|p1a: Misdreavus\n|-damage|p1a: Misdreavus|228/254\n|drag|p1a: Ribombee|Ribombee, L83, F|235/235\n|\n|-heal|p2a: Milotic|211/293|[from] item: Leftovers\n|upkeep\n|turn|5\n|\n|t:|1781451726\n|switch|p2a: Excadrill|Excadrill, L79, M|303/303\n|-ability|p2a: Excadrill|Mold Breaker\n|move|p1a: Ribombee|Sticky Web|p2a: Excadrill\n|-sidestart|p2: Rheny|move: Sticky Web\n|\n|upkeep\n|turn|6\n|\n|t:|1781451732\n|switch|p1a: Misdreavus|Misdreavus, L90, F|228/254\n|move|p2a: Excadrill|Rapid Spin|p1a: Misdreavus\n|-immune|p1a: Misdreavus\n|\n|upkeep\n|turn|7\n|\n|t:|1781451742\n|switch|p2a: Milotic|Milotic, L83, F|211/293\n|-activate|p2a: Milotic|move: Sticky Web\n|-unboost|p2a: Milotic|spe|1\n|-ability|p2a: Milotic|Competitive|boost\n|-boost|p2a: Milotic|spa|2\n|move|p1a: Misdreavus|Will-O-Wisp|p2a: Milotic\n|-status|p2a: Milotic|brn\n|\n|-heal|p2a: Milotic|229/293 brn|[from] item: Leftovers\n|-damage|p2a: Milotic|211/293 brn|[from] brn\n|upkeep\n|turn|8\n|\n|t:|1781451764\n|switch|p1a: Tinkaton|Tinkaton, L82, F|129/274 par\n|-ability|p1a: Tinkaton|Mold Breaker\n|move|p2a: Milotic|Scald|p1a: Tinkaton\n|-damage|p1a: Tinkaton|0 fnt\n|faint|p1a: Tinkaton\n|\n|-heal|p2a: Milotic|229/293 brn|[from] item: Leftovers\n|-damage|p2a: Milotic|211/293 brn|[from] brn\n|upkeep\n|\n|t:|1781451767\n|switch|p1a: Iron Hands|Iron Hands, L79|373/373\n|turn|9\n|\n|t:|1781451775\n|switch|p2a: Kricketune|Kricketune, L99, F|312/312\n|move|p1a: Iron Hands|Thunder Punch|p2a: Kricketune\n|-damage|p2a: Kricketune|201/312\n|\n|upkeep\n|turn|10\n|\n|t:|1781451786\n|move|p2a: Kricketune|Sticky Web|p1a: Iron Hands\n|-sidestart|p1: arukanu|move: Sticky Web\n|move|p1a: Iron Hands|Swords Dance|p1a: Iron Hands\n|-boost|p1a: Iron Hands|atk|2\n|\n|upkeep\n|turn|11\n|inactive|Battle timer is ON: inactive players will automatically lose when time's up. (requested by arukanu)\n|\n|t:|1781451794\n|move|p2a: Kricketune|Pounce|p1a: Iron Hands\n|-resisted|p1a: Iron Hands\n|-damage|p1a: Iron Hands|328/373\n|-unboost|p1a: Iron Hands|spe|1\n|move|p1a: Iron Hands|Thunder Punch|p2a: Kricketune\n|-damage|p2a: Kricketune|0 fnt\n|faint|p2a: Kricketune\n|\n|-heal|p1a: Iron Hands|351/373|[from] item: Leftovers\n|upkeep\n|\n|t:|1781451811\n|switch|p2a: Milotic|Milotic, L83, F|211/293 brn\n|-activate|p2a: Milotic|move: Sticky Web\n|-unboost|p2a: Milotic|spe|1\n|-ability|p2a: Milotic|Competitive|boost\n|-boost|p2a: Milotic|spa|2\n|turn|12\n|\n|t:|1781451818\n|move|p2a: Milotic|Scald|p1a: Iron Hands\n|-damage|p1a: Iron Hands|125/373\n|move|p1a: Iron Hands|Thunder Punch|p2a: Milotic\n|-supereffective|p2a: Milotic\n|-damage|p2a: Milotic|0 fnt\n|faint|p2a: Milotic\n|\n|-heal|p1a: Iron Hands|148/373|[from] item: Leftovers\n|upkeep\n|\n|t:|1781451828\n|switch|p2a: Kyurem|Kyurem, L77|319/319\n|-activate|p2a: Kyurem|move: Sticky Web\n|-unboost|p2a: Kyurem|spe|1\n|-ability|p2a: Kyurem|Pressure\n|turn|13\n|\n|t:|1781451834\n|move|p2a: Kyurem|Icicle Spear|p1a: Iron Hands\n|-damage|p1a: Iron Hands|120/373\n|-damage|p1a: Iron Hands|93/373\n|-damage|p1a: Iron Hands|68/373\n|-damage|p1a: Iron Hands|41/373\n|-damage|p1a: Iron Hands|13/373\n|-hitcount|p1a: Iron Hands|5\n|move|p1a: Iron Hands|Drain Punch|p2a: Kyurem\n|-supereffective|p2a: Kyurem\n|-damage|p2a: Kyurem|0 fnt\n|-heal|p1a: Iron Hands|173/373|[from] drain|[of] p2a: Kyurem\n|faint|p2a: Kyurem\n|\n|-heal|p1a: Iron Hands|196/373|[from] item: Leftovers\n|upkeep\n|\n|t:|1781451842\n|switch|p2a: Rabsca|Rabsca, L91, M|284/284 par\n|turn|14\n|c|\u2606Rheny|ouch\n|c|\u2606Rheny|holy fxck\n|\n|t:|1781451856\n|move|p1a: Iron Hands|Thunder Punch|p2a: Rabsca\n|-damage|p2a: Rabsca|101/284 par\n|move|p2a: Rabsca|Psychic|p1a: Iron Hands\n|-supereffective|p1a: Iron Hands\n|-crit|p1a: Iron Hands\n|-damage|p1a: Iron Hands|0 fnt\n|faint|p1a: Iron Hands\n|-end|p1a: Iron Hands|Quark Drive|[silent]\n|\n|upkeep\n|\n|t:|1781451863\n|switch|p1a: Forretress|Forretress, L84, M|263/263\n|-activate|p1a: Forretress|move: Sticky Web\n|-unboost|p1a: Forretress|spe|1\n|turn|15\n|\n|t:|1781451869\n|move|p1a: Forretress|Rapid Spin|p2a: Rabsca\n|-damage|p2a: Rabsca|71/284 par\n|-boost|p1a: Forretress|spe|1\n|-sideend|p1: arukanu|Sticky Web|[from] move: Rapid Spin|[of] p1a: Forretress\n|move|p2a: Rabsca|Revival Blessing|p2a: Rabsca\n|\n|t:|1781451878\n|-heal|p2: Milotic|146/293|[from] move: Revival Blessing\n|\n|upkeep\n|turn|16\n|\n|t:|1781451885\n|move|p1a: Forretress|Stealth Rock|p2a: Rabsca\n|-sidestart|p2: Rheny|move: Stealth Rock\n|move|p2a: Rabsca|Bug Buzz|p1a: Forretress\n|-resisted|p1a: Forretress\n|-damage|p1a: Forretress|184/263\n|\n|-heal|p1a: Forretress|200/263|[from] item: Leftovers\n|upkeep\n|turn|17\n|\n|t:|1781451888\n|move|p1a: Forretress|Iron Head|p2a: Rabsca\n|-damage|p2a: Rabsca|0 fnt\n|faint|p2a: Rabsca\n|\n|-heal|p1a: Forretress|216/263|[from] item: Leftovers\n|upkeep\n|\n|t:|1781451891\n|switch|p2a: Excadrill|Excadrill, L79, M|303/303\n|-activate|p2a: Excadrill|move: Sticky Web\n|-unboost|p2a: Excadrill|spe|1\n|-damage|p2a: Excadrill|294/303|[from] Stealth Rock\n|-ability|p2a: Excadrill|Mold Breaker\n|turn|18\n|\n|t:|1781451896\n|switch|p1a: Misdreavus|Misdreavus, L90, F|228/254\n|move|p2a: Excadrill|Earthquake|p1a: Misdreavus\n|-damage|p1a: Misdreavus|123/254\n|\n|upkeep\n|turn|19\n|\n|t:|1781451902\n|switch|p2a: Milotic|Milotic, L83, F|146/293\n|-activate|p2a: Milotic|move: Sticky Web\n|-unboost|p2a: Milotic|spe|1\n|-ability|p2a: Milotic|Competitive|boost\n|-boost|p2a: Milotic|spa|2\n|-damage|p2a: Milotic|110/293|[from] Stealth Rock\n|move|p1a: Misdreavus|Will-O-Wisp|p2a: Milotic\n|-status|p2a: Milotic|brn\n|\n|-heal|p2a: Milotic|128/293 brn|[from] item: Leftovers\n|-damage|p2a: Milotic|110/293 brn|[from] brn\n|upkeep\n|turn|20\n|\n|t:|1781451916\n|move|p1a: Misdreavus|Shadow Ball|p2a: Milotic\n|-damage|p2a: Milotic|37/293 brn\n|move|p2a: Milotic|Recover|p2a: Milotic\n|-heal|p2a: Milotic|184/293 brn\n|\n|-heal|p2a: Milotic|202/293 brn|[from] item: Leftovers\n|-damage|p2a: Milotic|184/293 brn|[from] brn\n|upkeep\n|turn|21\n|\n|t:|1781451922\n|move|p1a: Misdreavus|Calm Mind|p1a: Misdreavus\n|-boost|p1a: Misdreavus|spa|1\n|-boost|p1a: Misdreavus|spd|1\n|move|p2a: Milotic|Scald|p1a: Misdreavus\n|-damage|p1a: Misdreavus|54/254\n|-status|p1a: Misdreavus|brn\n|\n|-heal|p2a: Milotic|202/293 brn|[from] item: Leftovers\n|-damage|p1a: Misdreavus|39/254 brn|[from] brn\n|-damage|p2a: Milotic|184/293 brn|[from] brn\n|upkeep\n|turn|22\n|\n|t:|1781451927\n|move|p1a: Misdreavus|Shadow Ball|p2a: Milotic\n|-damage|p2a: Milotic|84/293 brn\n|move|p2a: Milotic|Recover|p2a: Milotic\n|-heal|p2a: Milotic|231/293 brn\n|\n|-heal|p2a: Milotic|249/293 brn|[from] item: Leftovers\n|-damage|p1a: Misdreavus|24/254 brn|[from] brn\n|-damage|p2a: Milotic|231/293 brn|[from] brn\n|upkeep\n|turn|23\n|\n|t:|1781451934\n|move|p1a: Misdreavus|Shadow Ball|p2a: Milotic\n|-damage|p2a: Milotic|123/293 brn\n|move|p2a: Milotic|Recover|p2a: Milotic\n|-heal|p2a: Milotic|270/293 brn\n|\n|-heal|p2a: Milotic|288/293 brn|[from] item: Leftovers\n|-damage|p1a: Misdreavus|9/254 brn|[from] brn\n|-damage|p2a: Milotic|270/293 brn|[from] brn\n|upkeep\n|turn|24\n|\n|t:|1781451939\n|move|p1a: Misdreavus|Shadow Ball|p2a: Milotic\n|-damage|p2a: Milotic|164/293 brn\n|move|p2a: Milotic|Recover|p2a: Milotic\n|-heal|p2a: Milotic|293/293 brn\n|\n|-damage|p1a: Misdreavus|0 fnt|[from] brn\n|faint|p1a: Misdreavus\n|-damage|p2a: Milotic|275/293 brn|[from] brn\n|upkeep\n|\n|t:|1781451945\n|switch|p1a: Slowking|Slowking-Galar, L85, M|300/300\n|turn|25\n|\n|t:|1781451949\n|move|p2a: Milotic|Scald|p1a: Slowking\n|-damage|p1a: Slowking|203/300\n|-status|p1a: Slowking|brn\n|move|p1a: Slowking|Psychic Noise|p2a: Milotic\n|-damage|p2a: Milotic|209/293 brn\n|-start|p2a: Milotic|move: Heal Block\n|\n|-damage|p2a: Milotic|191/293 brn|[from] brn\n|-damage|p1a: Slowking|185/300 brn|[from] brn\n|upkeep\n|turn|26\n|\n|t:|1781451959\n|move|p2a: Milotic|Scald|p1a: Slowking\n|-damage|p1a: Slowking|89/300 brn\n|move|p1a: Slowking|Future Sight|p2a: Milotic\n|-start|p1a: Slowking|move: Future Sight\n|\n|-damage|p2a: Milotic|173/293 brn|[from] brn\n|-damage|p1a: Slowking|71/300 brn|[from] brn\n|-end|p2a: Milotic|move: Heal Block\n|upkeep\n|turn|27\n|\n|t:|1781451969\n|switch|p1a: Forretress|Forretress, L84, M|216/263\n|move|p2a: Milotic|Scald|p1a: Forretress\n|-crit|p1a: Forretress\n|-damage|p1a: Forretress|0 fnt\n|faint|p1a: Forretress\n|\n|-heal|p2a: Milotic|191/293 brn|[from] item: Leftovers\n|-damage|p2a: Milotic|173/293 brn|[from] brn\n|upkeep\n|\n|t:|1781451972\n|switch|p1a: Slowking|Slowking-Galar, L85, M|171/300 brn\n|turn|28\n|\n|t:|1781451975\n|-terastallize|p1a: Slowking|Water\n|move|p2a: Milotic|Recover|p2a: Milotic\n|-heal|p2a: Milotic|293/293 brn\n|move|p1a: Slowking|Psychic Noise|p2a: Milotic\n|-damage|p2a: Milotic|227/293 brn\n|-start|p2a: Milotic|move: Heal Block\n|\n|-end|p2a: Milotic|move: Future Sight\n|-damage|p2a: Milotic|119/293 brn\n|-damage|p2a: Milotic|101/293 brn|[from] brn\n|-damage|p1a: Slowking|153/300 brn|[from] brn\n|upkeep\n|turn|29\n|\n|t:|1781451985\n|-terastallize|p2a: Milotic|Steel\n|move|p2a: Milotic|Scald|p1a: Slowking\n|-resisted|p1a: Slowking\n|-crit|p1a: Slowking\n|-damage|p1a: Slowking|76/300 brn\n|move|p1a: Slowking|Psychic Noise|p2a: Milotic\n|-resisted|p2a: Milotic\n|-damage|p2a: Milotic|65/293 brn\n|\n|-damage|p2a: Milotic|47/293 brn|[from] brn\n|-damage|p1a: Slowking|58/300 brn|[from] brn\n|-end|p2a: Milotic|move: Heal Block\n|upkeep\n|turn|30\n|c|\u2606Rheny|GGs\n|\n|t:|1781452001\n|move|p2a: Milotic|Recover|p2a: Milotic\n|-heal|p2a: Milotic|194/293 brn\n|move|p1a: Slowking|Psychic Noise|p2a: Milotic\n|-resisted|p2a: Milotic\n|-damage|p2a: Milotic|158/293 brn\n|-start|p2a: Milotic|move: Heal Block\n|\n|-damage|p2a: Milotic|140/293 brn|[from] brn\n|-damage|p1a: Slowking|40/300 brn|[from] brn\n|upkeep\n|turn|31\n|\n|t:|1781452013\n|switch|p1a: Ribombee|Ribombee, L83, F|235/235\n|move|p2a: Milotic|Scald|p1a: Ribombee\n|-damage|p1a: Ribombee|30/235\n|\n|-damage|p2a: Milotic|122/293 brn|[from] brn\n|-end|p2a: Milotic|move: Heal Block\n|upkeep\n|turn|32\n|\n|t:|1781452024\n|move|p1a: Ribombee|Moonblast|p2a: Milotic\n|-resisted|p2a: Milotic\n|-damage|p2a: Milotic|83/293 brn\n|move|p2a: Milotic|Recover|p2a: Milotic\n|-heal|p2a: Milotic|230/293 brn\n|\n|-heal|p2a: Milotic|248/293 brn|[from] item: Leftovers\n|-damage|p2a: Milotic|230/293 brn|[from] brn\n|upkeep\n|turn|33\n|\n|t:|1781452028\n|move|p1a: Ribombee|Moonblast|p2a: Milotic\n|-resisted|p2a: Milotic\n|-damage|p2a: Milotic|193/293 brn\n|move|p2a: Milotic|Scald|p1a: Ribombee\n|-damage|p1a: Ribombee|0 fnt\n|faint|p1a: Ribombee\n|\n|-heal|p2a: Milotic|211/293 brn|[from] item: Leftovers\n|-damage|p2a: Milotic|193/293 brn|[from] brn\n|upkeep\n|\n|t:|1781452033\n|switch|p1a: Slowking|Slowking-Galar, L85, M, tera:Water|140/300 brn\n|turn|34\n|\n|t:|1781452038\n|move|p2a: Milotic|Scald|p1a: Slowking\n|-resisted|p1a: Slowking\n|-damage|p1a: Slowking|95/300 brn\n|move|p1a: Slowking|Future Sight|p2a: Milotic\n|-start|p1a: Slowking|move: Future Sight\n|\n|-heal|p2a: Milotic|211/293 brn|[from] item: Leftovers\n|-damage|p2a: Milotic|193/293 brn|[from] brn\n|-damage|p1a: Slowking|77/300 brn|[from] brn\n|upkeep\n|turn|35\n|\n|t:|1781452044\n|move|p2a: Milotic|Recover|p2a: Milotic\n|-heal|p2a: Milotic|293/293 brn\n|move|p1a: Slowking|Psychic Noise|p2a: Milotic\n|-resisted|p2a: Milotic\n|-damage|p2a: Milotic|258/293 brn\n|-start|p2a: Milotic|move: Heal Block\n|\n|-damage|p2a: Milotic|240/293 brn|[from] brn\n|-damage|p1a: Slowking|59/300 brn|[from] brn\n|upkeep\n|turn|36\n|\n|t:|1781452048\n|move|p2a: Milotic|Scald|p1a: Slowking\n|-resisted|p1a: Slowking\n|-damage|p1a: Slowking|13/300 brn\n|move|p1a: Slowking|Surf|p2a: Milotic\n|-damage|p2a: Milotic|153/293 brn\n|\n|-end|p2a: Milotic|move: Future Sight\n|-resisted|p2a: Milotic\n|-damage|p2a: Milotic|95/293 brn\n|-damage|p2a: Milotic|77/293 brn|[from] brn\n|-damage|p1a: Slowking|0 fnt|[from] brn\n|faint|p1a: Slowking\n|\n|win|Rheny\n", "inputlog": ">version a8376a258c1d4662feba110a92103f3664a72141\n>start {\"formatid\":\"gen9randombattle\",\"seed\":\"sodium,904adc07dbd3b3b278e34805f85f9662\",\"rated\":\"Rated battle\"}\n>player p1 {\"name\":\"arukanu\",\"avatar\":\"caitlin\",\"rating\":1971,\"seed\":\"sodium,e5c6198bda4edb15335364f9ffbcfe27\"}\n>player p2 {\"name\":\"Rheny\",\"avatar\":\"miku-ghost\",\"rating\":1955,\"seed\":\"sodium,df5fa24efad4074139b764d03a3d2e49\"}\n>p1 move thunderwave\n>p2 move earthpower\n>p1 switch 3\n>p2 move earthpower\n>p1 move calmmind\n>p2 switch 6\n>p1 move shadowball\n>p2 move dragontail\n>p1 move stickyweb\n>p2 switch 5\n>p1 switch 6\n>p2 move rapidspin\n>p1 move willowisp\n>p2 switch 5\n>p1 switch 3\n>p2 move scald\n>p1 switch 4\n>p1 move thunderpunch\n>p2 switch 2\n>p1 move swordsdance\n>p2 move stickyweb\n>p1 move thunderpunch\n>p2 move pounce\n>p2 switch 2\n>p1 move thunderpunch\n>p2 move scald\n>p2 switch 3\n>p1 move drainpunch\n>p2 move iciclespear\n>p2 switch 6\n>chat \u2606Rheny|ouch \n>chat \u2606Rheny|holy fxck \n>p1 move thunderpunch\n>p2 move psychic\n>p1 switch 2\n>p1 move rapidspin\n>p2 move revivalblessing\n>p2 switch 3\n>p1 move stealthrock\n>p2 move bugbuzz\n>p1 move ironhead\n>p2 move bugbuzz\n>p2 switch 5\n>p1 switch 3\n>p2 move earthquake\n>p1 move willowisp\n>p2 switch 3\n>p1 move shadowball\n>p2 move recover\n>p1 move calmmind\n>p2 move scald\n>p1 move shadowball\n>p2 move recover\n>p1 move shadowball\n>p2 move recover\n>p1 move shadowball\n>p2 move recover\n>p1 switch 5\n>p1 move psychicnoise\n>p2 move scald\n>p1 move futuresight\n>p2 move scald\n>p1 switch 3\n>p2 move scald\n>p1 switch 3\n>p1 move psychicnoise terastallize\n>p2 move recover\n>p1 move psychicnoise\n>p2 move scald terastallize\n>chat \u2606Rheny|GGs \n>p1 move psychicnoise\n>p2 move recover\n>p1 switch 6\n>p2 move scald\n>p1 move moonblast\n>p2 move recover\n>p1 move moonblast\n>p2 move scald\n>p1 switch 6\n>p1 move futuresight\n>p2 move scald\n>p1 move psychicnoise\n>p2 move recover\n>p1 move surf\n>p2 move scald", "uploadtime": 1781451676, "views": 9, "formatid": "gen9randombattle", "rating": null, "private": 0, "password": null, "player_dets": [{"name": "arukanu", "avatar": "caitlin", "rating": 1971, "seed": "sodium,e5c6198bda4edb15335364f9ffbcfe27"}, {"name": "Rheny", "avatar": "miku-ghost", "rating": 1955, "seed": "sodium,df5fa24efad4074139b764d03a3d2e49"}], "teams_full": [{"Tinkaton": {"name": "Tinkaton", "species": "Tinkaton", "speciesId": "tinkaton", "gender": "F", "shiny": false, "level": 82, "moves": ["playrough", "thunderwave", "encore", "gigatonhammer"], "ability": "Mold Breaker", "evs": {"hp": 85, "atk": 85, "def": 85, "spa": 85, "spd": 85, "spe": 85}, "ivs": {"hp": 31, "atk": 31, "def": 31, "spa": 31, "spd": 31, "spe": 31}, "item": "Leftovers", "teraType": "Water", "role": "Bulky Attacker", "bvs": {"hp": 85, "atk": 75, "def": 77, "spa": 70, "spd": 105, "spe": 94}, "stats": {"hp": 274, "atk": 170, "def": 173, "spa": 162, "spd": 219, "spe": 201}}, "Forretress": {"name": "Forretress", "species": "Forretress", "speciesId": "forretress", "gender": "M", "shiny": false, "level": 84, "moves": ["ironhead", "bodypress", "stealthrock", "rapidspin"], "ability": "Sturdy", "evs": {"hp": 85, "atk": 85, "def": 85, "spa": 85, "spd": 85, "spe": 85}, "ivs": {"hp": 31, "atk": 31, "def": 31, "spa": 31, "spd": 31, "spe": 31}, "item": "Leftovers", "teraType": "Fighting", "role": "Bulky Attacker", "bvs": {"hp": 75, "atk": 90, "def": 140, "spa": 60, "spd": 60, "spe": 40}, "stats": {"hp": 263, "atk": 199, "def": 283, "spa": 149, "spd": 149, "spe": 115}}, "Misdreavus": {"name": "Misdreavus", "species": "Misdreavus", "speciesId": "misdreavus", "gender": "F", "shiny": false, "level": 90, "moves": ["calmmind", "drainingkiss", "willowisp", "shadowball"], "ability": "Levitate", "evs": {"hp": 85, "atk": 0, "def": 85, "spa": 85, "spd": 85, "spe": 85}, "ivs": {"hp": 31, "atk": 0, "def": 31, "spa": 31, "spd": 31, "spe": 31}, "item": "Eviolite", "teraType": "Fairy", "role": "Bulky Setup", "bvs": {"hp": 60, "atk": 60, "def": 60, "spa": 85, "spd": 85, "spe": 85}, "stats": {"hp": 254, "atk": 113, "def": 159, "spa": 204, "spd": 204, "spe": 204}}, "Iron Hands": {"name": "Iron Hands", "species": "Iron Hands", "speciesId": "ironhands", "gender": "N", "shiny": false, "level": 79, "moves": ["icepunch", "swordsdance", "drainpunch", "thunderpunch"], "ability": "Quark Drive", "evs": {"hp": 85, "atk": 85, "def": 85, "spa": 85, "spd": 85, "spe": 85}, "ivs": {"hp": 31, "atk": 31, "def": 31, "spa": 31, "spd": 31, "spe": 31}, "item": "Leftovers", "teraType": "Flying", "role": "Bulky Attacker", "bvs": {"hp": 154, "atk": 140, "def": 108, "spa": 50, "spd": 68, "spe": 50}, "stats": {"hp": 373, "atk": 267, "def": 216, "spa": 125, "spd": 153, "spe": 125}}, "Slowking": {"name": "Slowking", "species": "Slowking-Galar", "speciesId": "slowkinggalar", "gender": "M", "shiny": false, "level": 85, "moves": ["surf", "sludgebomb", "psychicnoise", "futuresight"], "ability": "Regenerator", "evs": {"hp": 85, "atk": 0, "def": 85, "spa": 85, "spd": 85, "spe": 85}, "ivs": {"hp": 31, "atk": 0, "def": 31, "spa": 31, "spd": 31, "spe": 31}, "item": "Assault Vest", "teraType": "Water", "role": "AV Pivot", "bvs": {"hp": 95, "atk": 65, "def": 80, "spa": 110, "spd": 110, "spe": 30}, "stats": {"hp": 300, "atk": 115, "def": 185, "spa": 236, "spd": 236, "spe": 100}}, "Ribombee": {"name": "Ribombee", "species": "Ribombee", "speciesId": "ribombee", "gender": "F", "shiny": false, "level": 83, "moves": ["bugbuzz", "moonblast", "stickyweb", "stunspore"], "ability": "Shield Dust", "evs": {"hp": 85, "atk": 0, "def": 85, "spa": 85, "spd": 85, "spe": 85}, "ivs": {"hp": 31, "atk": 0, "def": 31, "spa": 31, "spd": 31, "spe": 31}, "item": "Heavy-Duty Boots", "teraType": "Ghost", "role": "Fast Support", "bvs": {"hp": 60, "atk": 55, "def": 60, "spa": 95, "spd": 70, "spe": 124}, "stats": {"hp": 235, "atk": 96, "def": 147, "spa": 205, "spd": 164, "spe": 254}}}, {"Rabsca": {"name": "Rabsca", "species": "Rabsca", "speciesId": "rabsca", "gender": "M", "shiny": false, "level": 91, "moves": ["revivalblessing", "earthpower", "psychic", "bugbuzz"], "ability": "Synchronize", "evs": {"hp": 85, "atk": 0, "def": 85, "spa": 85, "spd": 85, "spe": 85}, "ivs": {"hp": 31, "atk": 0, "def": 31, "spa": 31, "spd": 31, "spe": 31}, "item": "Heavy-Duty Boots", "teraType": "Steel", "role": "Wallbreaker", "bvs": {"hp": 75, "atk": 50, "def": 85, "spa": 115, "spd": 100, "spe": 45}, "stats": {"hp": 284, "atk": 96, "def": 207, "spa": 261, "spd": 234, "spe": 134}}, "Kricketune": {"name": "Kricketune", "species": "Kricketune", "speciesId": "kricketune", "gender": "F", "shiny": false, "level": 99, "moves": ["knockoff", "pounce", "stickyweb", "taunt"], "ability": "Technician", "evs": {"hp": 85, "atk": 85, "def": 85, "spa": 85, "spd": 85, "spe": 85}, "ivs": {"hp": 31, "atk": 31, "def": 31, "spa": 31, "spd": 31, "spe": 31}, "item": "Heavy-Duty Boots", "teraType": "Ghost", "role": "Fast Support", "bvs": {"hp": 77, "atk": 85, "def": 51, "spa": 55, "spd": 51, "spe": 65}, "stats": {"hp": 312, "atk": 224, "def": 157, "spa": 165, "spd": 157, "spe": 185}}, "Kyurem": {"name": "Kyurem", "species": "Kyurem", "speciesId": "kyurem", "gender": "N", "shiny": false, "level": 77, "moves": ["dragondance", "terablast", "iciclespear", "scaleshot"], "ability": "Pressure", "evs": {"hp": 85, "atk": 85, "def": 85, "spa": 85, "spd": 85, "spe": 85}, "ivs": {"hp": 31, "atk": 31, "def": 31, "spa": 31, "spd": 31, "spe": 31}, "item": "Loaded Dice", "teraType": "Ground", "role": "Tera Blast user", "bvs": {"hp": 125, "atk": 130, "def": 90, "spa": 130, "spd": 90, "spe": 95}, "stats": {"hp": 319, "atk": 245, "def": 183, "spa": 245, "spd": 183, "spe": 191}}, "Rhyperior": {"name": "Rhyperior", "species": "Rhyperior", "speciesId": "rhyperior", "gender": "F", "shiny": false, "level": 82, "moves": ["stoneedge", "icepunch", "earthquake", "megahorn"], "ability": "Solid Rock", "evs": {"hp": 85, "atk": 85, "def": 85, "spa": 85, "spd": 85, "spe": 85}, "ivs": {"hp": 31, "atk": 31, "def": 31, "spa": 31, "spd": 31, "spe": 31}, "item": "Choice Band", "teraType": "Grass", "role": "Bulky Attacker", "bvs": {"hp": 115, "atk": 140, "def": 130, "spa": 55, "spd": 55, "spe": 40}, "stats": {"hp": 323, "atk": 277, "def": 260, "spa": 137, "spd": 137, "spe": 113}}, "Excadrill": {"name": "Excadrill", "species": "Excadrill", "speciesId": "excadrill", "gender": "M", "shiny": false, "level": 79, "moves": ["rapidspin", "rockslide", "ironhead", "earthquake"], "ability": "Mold Breaker", "evs": {"hp": 85, "atk": 85, "def": 85, "spa": 85, "spd": 85, "spe": 85}, "ivs": {"hp": 31, "atk": 31, "def": 31, "spa": 31, "spd": 31, "spe": 31}, "item": "Assault Vest", "teraType": "Water", "role": "AV Pivot", "bvs": {"hp": 110, "atk": 135, "def": 60, "spa": 50, "spd": 65, "spe": 88}, "stats": {"hp": 303, "atk": 259, "def": 140, "spa": 125, "spd": 148, "spe": 185}}, "Milotic": {"name": "Milotic", "species": "Milotic", "speciesId": "milotic", "gender": "F", "shiny": false, "level": 83, "moves": ["dragontail", "scald", "recover", "icebeam"], "ability": "Competitive", "evs": {"hp": 85, "atk": 85, "def": 85, "spa": 85, "spd": 85, "spe": 85}, "ivs": {"hp": 31, "atk": 31, "def": 31, "spa": 31, "spd": 31, "spe": 31}, "item": "Leftovers", "teraType": "Steel", "role": "Bulky Attacker", "bvs": {"hp": 95, "atk": 60, "def": 79, "spa": 100, "spd": 125, "spe": 81}, "stats": {"hp": 293, "atk": 147, "def": 179, "spa": 214, "spd": 255, "spe": 182}}}]}