{"id": "gen9randombattle-2631898408", "format": "[Gen 9] Random Battle", "players": ["scampy789", "1001001sos"], "log": "|j|\u2606scampy789\n|j|\u26061001001sos\n|t:|1781453373\n|gametype|singles\n|player|p1|scampy789|170|2104\n|player|p2|1001001sos|pokemonranger|2119\n|gen|9\n|tier|[Gen 9] Random Battle\n|rated|\n|rule|Species Clause: Limit one of each Pok\u00e9mon\n|rule|HP Percentage Mod: HP is shown in percentages\n|rule|Sleep Clause Mod: Limit one foe put to sleep\n|rule|Illusion Level Mod: Illusion disguises the Pok\u00e9mon's true level\n|\n|t:|1781453373\n|teamsize|p1|6\n|teamsize|p2|6\n|start\n|switch|p1a: Coalossal|Coalossal, L89, F|341/341\n|switch|p2a: Ambipom|Ambipom, L84, M|263/263\n|turn|1\n|inactive|Battle timer is ON: inactive players will automatically lose when time's up. (requested by scampy789)\n|\n|t:|1781453401\n|switch|p2a: Flygon|Flygon, L82, F|265/265\n|move|p1a: Coalossal|Will-O-Wisp|p2a: Flygon\n|-status|p2a: Flygon|brn\n|\n|-damage|p2a: Flygon|249/265 brn|[from] brn\n|upkeep\n|turn|2\n|\n|t:|1781453417\n|switch|p1a: Staraptor|Staraptor, L79, F|263/263\n|move|p2a: Flygon|Earthquake|p1a: Staraptor\n|-immune|p1a: Staraptor\n|\n|-damage|p2a: Flygon|233/265 brn|[from] brn\n|upkeep\n|turn|3\n|\n|t:|1781453429\n|switch|p2a: Skarmory|Skarmory, L80, M|235/235\n|move|p1a: Staraptor|Brave Bird|p2a: Skarmory\n|-resisted|p2a: Skarmory\n|-damage|p2a: Skarmory|155/235\n|-damage|p1a: Staraptor|220/263|[from] item: Rocky Helmet|[of] p2a: Skarmory\n|-damage|p1a: Staraptor|194/263|[from] Recoil\n|\n|upkeep\n|turn|4\n|\n|t:|1781453437\n|switch|p1a: Coalossal|Coalossal, L89, F|341/341\n|move|p2a: Skarmory|Spikes|p1a: Coalossal\n|-sidestart|p1: scampy789|Spikes\n|\n|upkeep\n|turn|5\n|\n|t:|1781453445\n|switch|p2a: Flygon|Flygon, L82, F|233/265 brn\n|move|p1a: Coalossal|Rapid Spin|p2a: Flygon\n|-damage|p2a: Flygon|194/265 brn\n|-boost|p1a: Coalossal|spe|1\n|-sideend|p1: scampy789|Spikes|[from] move: Rapid Spin|[of] p1a: Coalossal\n|\n|-damage|p2a: Flygon|178/265 brn|[from] brn\n|upkeep\n|turn|6\n|\n|t:|1781453450\n|switch|p1a: Staraptor|Staraptor, L79, F|194/263\n|move|p2a: Flygon|U-turn|p1a: Staraptor\n|-resisted|p1a: Staraptor\n|-damage|p1a: Staraptor|179/263\n|\n|t:|1781453452\n|switch|p2a: Skarmory|Skarmory, L80, M|155/235|[from] U-turn\n|\n|upkeep\n|turn|7\n|\n|t:|1781453457\n|switch|p1a: Coalossal|Coalossal, L89, F|341/341\n|move|p2a: Skarmory|Roost|p2a: Skarmory\n|-heal|p2a: Skarmory|235/235\n|-singleturn|p2a: Skarmory|move: Roost\n|\n|upkeep\n|turn|8\n|\n|t:|1781453466\n|switch|p2a: Flygon|Flygon, L82, F|178/265 brn\n|move|p1a: Coalossal|Overheat|p2a: Flygon\n|-resisted|p2a: Flygon\n|-damage|p2a: Flygon|109/265 brn\n|-unboost|p1a: Coalossal|spa|2\n|\n|-damage|p2a: Flygon|93/265 brn|[from] brn\n|upkeep\n|turn|9\n|\n|t:|1781453473\n|switch|p1a: Staraptor|Staraptor, L79, F|179/263\n|move|p2a: Flygon|Earthquake|p1a: Staraptor\n|-immune|p1a: Staraptor\n|\n|-damage|p2a: Flygon|77/265 brn|[from] brn\n|upkeep\n|turn|10\n|\n|t:|1781453485\n|switch|p2a: Skarmory|Skarmory, L80, M|235/235\n|move|p1a: Staraptor|Close Combat|p2a: Skarmory\n|-damage|p2a: Skarmory|138/235\n|-unboost|p1a: Staraptor|def|1\n|-unboost|p1a: Staraptor|spd|1\n|-damage|p1a: Staraptor|136/263|[from] item: Rocky Helmet|[of] p2a: Skarmory\n|\n|upkeep\n|turn|11\n|\n|t:|1781453492\n|switch|p1a: Coalossal|Coalossal, L89, F|341/341\n|move|p2a: Skarmory|Roost|p2a: Skarmory\n|-heal|p2a: Skarmory|235/235\n|-singleturn|p2a: Skarmory|move: Roost\n|\n|upkeep\n|turn|12\n|\n|t:|1781453502\n|switch|p2a: Flygon|Flygon, L82, F|77/265 brn\n|move|p1a: Coalossal|Will-O-Wisp|p2a: Flygon\n|-fail|p2a: Flygon|brn\n|\n|-damage|p2a: Flygon|61/265 brn|[from] brn\n|upkeep\n|turn|13\n|\n|t:|1781453510\n|switch|p1a: Basculin|Basculin, L86, F|261/261\n|move|p2a: Flygon|U-turn|p1a: Basculin\n|-damage|p1a: Basculin|231/261\n|\n|t:|1781453513\n|switch|p2a: Skarmory|Skarmory, L80, M|235/235|[from] U-turn\n|\n|upkeep\n|turn|14\n|\n|t:|1781453523\n|switch|p1a: Coalossal|Coalossal, L89, F|341/341\n|move|p2a: Skarmory|Spikes|p1a: Coalossal\n|-sidestart|p1: scampy789|Spikes\n|\n|upkeep\n|turn|15\n|\n|t:|1781453529\n|move|p2a: Skarmory|Body Press|p1a: Coalossal\n|-supereffective|p1a: Coalossal\n|-damage|p1a: Coalossal|227/341\n|move|p1a: Coalossal|Rapid Spin|p2a: Skarmory\n|-resisted|p2a: Skarmory\n|-damage|p2a: Skarmory|222/235\n|-boost|p1a: Coalossal|spe|1\n|-damage|p1a: Coalossal|171/341|[from] item: Rocky Helmet|[of] p2a: Skarmory\n|-sideend|p1: scampy789|Spikes|[from] move: Rapid Spin|[of] p1a: Coalossal\n|\n|upkeep\n|turn|16\n|\n|t:|1781453539\n|switch|p2a: Flygon|Flygon, L82, F|61/265 brn\n|move|p1a: Coalossal|Overheat|p2a: Flygon\n|-resisted|p2a: Flygon\n|-damage|p2a: Flygon|0 fnt\n|-unboost|p1a: Coalossal|spa|2\n|faint|p2a: Flygon\n|\n|upkeep\n|\n|t:|1781453551\n|switch|p2a: Gengar|Gengar, L81, M|230/230\n|turn|17\n|\n|t:|1781453576\n|switch|p1a: Staraptor|Staraptor, L79, F|136/263\n|move|p2a: Gengar|Focus Blast|p1a: Staraptor\n|-damage|p1a: Staraptor|0 fnt\n|faint|p1a: Staraptor\n|-damage|p2a: Gengar|207/230|[from] item: Life Orb\n|\n|upkeep\n|inactive|scampy789 has 120 seconds left.\n|\n|t:|1781453591\n|switch|p1a: Wugtrio|Wugtrio, L91, M|212/212\n|turn|18\n|\n|t:|1781453596\n|switch|p2a: Skarmory|Skarmory, L80, M|222/235\n|move|p1a: Wugtrio|Liquidation|p2a: Skarmory\n|-damage|p2a: Skarmory|108/235\n|-damage|p1a: Wugtrio|177/212|[from] item: Rocky Helmet|[of] p2a: Skarmory\n|\n|upkeep\n|turn|19\n|\n|t:|1781453604\n|move|p1a: Wugtrio|Liquidation|p2a: Skarmory\n|-damage|p2a: Skarmory|0 fnt\n|-damage|p1a: Wugtrio|142/212|[from] item: Rocky Helmet|[of] p2a: Skarmory\n|faint|p2a: Skarmory\n|\n|upkeep\n|\n|t:|1781453612\n|switch|p2a: Kingambit|Kingambit, L74, M|270/270\n|-activate|p2a: Kingambit|ability: Supreme Overlord\n|-start|p2a: Kingambit|fallen2|[silent]\n|turn|20\n|\n|t:|1781453629\n|move|p1a: Wugtrio|Liquidation|p2a: Kingambit\n|-damage|p2a: Kingambit|122/270\n|move|p2a: Kingambit|Kowtow Cleave|p1a: Wugtrio\n|-damage|p1a: Wugtrio|0 fnt\n|-ability|p1a: Wugtrio|Gooey\n|-unboost|p2a: Kingambit|spe|1\n|faint|p1a: Wugtrio\n|\n|-heal|p2a: Kingambit|138/270|[from] item: Leftovers\n|upkeep\n|\n|t:|1781453644\n|switch|p1a: Kingambit|Kingambit, L74, M|270/270\n|-activate|p1a: Kingambit|ability: Supreme Overlord\n|-start|p1a: Kingambit|fallen2|[silent]\n|turn|21\n|\n|t:|1781453652\n|move|p1a: Kingambit|Swords Dance|p1a: Kingambit\n|-boost|p1a: Kingambit|atk|2\n|move|p2a: Kingambit|Swords Dance|p2a: Kingambit\n|-boost|p2a: Kingambit|atk|2\n|\n|-heal|p2a: Kingambit|154/270|[from] item: Leftovers\n|upkeep\n|turn|22\n|\n|t:|1781453663\n|move|p1a: Kingambit|Iron Head|p2a: Kingambit\n|-resisted|p2a: Kingambit\n|-damage|p2a: Kingambit|69/270\n|move|p2a: Kingambit|Kowtow Cleave|p1a: Kingambit\n|-resisted|p1a: Kingambit\n|-damage|p1a: Kingambit|174/270\n|\n|-heal|p1a: Kingambit|190/270|[from] item: Leftovers\n|-heal|p2a: Kingambit|85/270|[from] item: Leftovers\n|upkeep\n|turn|23\n|\n|t:|1781453672\n|move|p1a: Kingambit|Iron Head|p2a: Kingambit\n|-resisted|p2a: Kingambit\n|-damage|p2a: Kingambit|0 fnt\n|faint|p2a: Kingambit\n|-end|p2a: Kingambit|fallen2|[silent]\n|\n|-heal|p1a: Kingambit|206/270|[from] item: Leftovers\n|upkeep\n|\n|t:|1781453680\n|switch|p2a: Gengar|Gengar, L81, M|207/230\n|turn|24\n|\n|t:|1781453694\n|-terastallize|p2a: Gengar|Fighting\n|move|p1a: Kingambit|Sucker Punch|p2a: Gengar\n|-resisted|p2a: Gengar\n|-damage|p2a: Gengar|90/230\n|move|p2a: Gengar|Focus Blast|p1a: Kingambit\n|-supereffective|p1a: Kingambit\n|-damage|p1a: Kingambit|0 fnt\n|faint|p1a: Kingambit\n|-end|p1a: Kingambit|fallen2|[silent]\n|-damage|p2a: Gengar|67/230|[from] item: Life Orb\n|\n|upkeep\n|\n|t:|1781453716\n|switch|p1a: Iron Boulder|Iron Boulder, L77|265/265\n|-enditem|p1a: Iron Boulder|Booster Energy\n|-activate|p1a: Iron Boulder|ability: Quark Drive|[fromitem]\n|-start|p1a: Iron Boulder|quarkdrivespe\n|turn|25\n|\n|t:|1781453725\n|move|p1a: Iron Boulder|Zen Headbutt|p2a: Gengar\n|-supereffective|p2a: Gengar\n|-damage|p2a: Gengar|0 fnt\n|faint|p2a: Gengar\n|\n|upkeep\n|\n|t:|1781453727\n|switch|p2a: Ambipom|Ambipom, L84, M|263/263\n|turn|26\n|\n|t:|1781453736\n|move|p2a: Ambipom|Fake Out|p1a: Iron Boulder\n|-resisted|p1a: Iron Boulder\n|-damage|p1a: Iron Boulder|217/265\n|cant|p1a: Iron Boulder|flinch\n|\n|upkeep\n|turn|27\n|\n|t:|1781453741\n|-terastallize|p1a: Iron Boulder|Fighting\n|move|p1a: Iron Boulder|Close Combat|p2a: Ambipom\n|-supereffective|p2a: Ambipom\n|-damage|p2a: Ambipom|0 fnt\n|-unboost|p1a: Iron Boulder|def|1\n|-unboost|p1a: Iron Boulder|spd|1\n|faint|p2a: Ambipom\n|\n|upkeep\n|\n|t:|1781453744\n|switch|p2a: Darkrai|Darkrai, L77|234/234\n|turn|28\n|\n|t:|1781453754\n|move|p1a: Iron Boulder|Close Combat|p2a: Darkrai\n|-supereffective|p2a: Darkrai\n|-damage|p2a: Darkrai|0 fnt\n|-unboost|p1a: Iron Boulder|def|1\n|-unboost|p1a: Iron Boulder|spd|1\n|faint|p2a: Darkrai\n|\n|win|scampy789\n", "uploadtime": 1781453375, "views": 3, "formatid": "gen9randombattle", "rating": null, "private": 0, "password": null}