{"id": "gen9randombattle-2631625517", "format": "[Gen 9] Random Battle", "players": ["randomperson43", "Atom_14"], "log": "|j|\u2606randomperson43\n|j|\u2606Atom_14\n|t:|1781410819\n|gametype|singles\n|player|p1|randomperson43|2|1918\n|player|p2|Atom_14|cyrus|1904\n|gen|9\n|tier|[Gen 9] Random Battle\n|rated|\n|rule|Species Clause: Limit one of each Pok\u00e9mon\n|rule|HP Percentage Mod: HP is shown in percentages\n|rule|Sleep Clause Mod: Limit one foe put to sleep\n|rule|Illusion Level Mod: Illusion disguises the Pok\u00e9mon's true level\n|\n|t:|1781410819\n|teamsize|p1|6\n|teamsize|p2|6\n|start\n|switch|p1a: Sneasler|Sneasler, L74, F|240/240\n|switch|p2a: Luxray|Luxray, L88, M|283/283\n|turn|1\n|inactive|Battle timer is ON: inactive players will automatically lose when time's up. (requested by Atom_14)\n|\n|t:|1781410839\n|move|p1a: Sneasler|U-turn|p2a: Luxray\n|-damage|p2a: Luxray|208/283\n|\n|t:|1781410844\n|switch|p1a: Lurantis|Lurantis, L87, M|264/264|[from] U-turn\n|move|p2a: Luxray|Trailblaze|p1a: Lurantis\n|-resisted|p1a: Lurantis\n|-damage|p1a: Lurantis|243/264\n|-boost|p2a: Luxray|spe|1\n|\n|-heal|p1a: Lurantis|259/264|[from] item: Leftovers\n|-status|p2a: Luxray|brn|[from] item: Flame Orb\n|upkeep\n|turn|2\n|\n|t:|1781410853\n|move|p2a: Luxray|Facade|p1a: Lurantis\n|-damage|p1a: Lurantis|77/264\n|move|p1a: Lurantis|Superpower|p2a: Luxray\n|-damage|p2a: Luxray|100/283 brn\n|-boost|p1a: Lurantis|atk|1\n|-boost|p1a: Lurantis|def|1\n|\n|-heal|p1a: Lurantis|93/264|[from] item: Leftovers\n|-damage|p2a: Luxray|83/283 brn|[from] brn\n|upkeep\n|turn|3\n|\n|t:|1781410862\n|move|p2a: Luxray|Facade|p1a: Lurantis\n|-damage|p1a: Lurantis|0 fnt\n|faint|p1a: Lurantis\n|\n|-damage|p2a: Luxray|66/283 brn|[from] brn\n|upkeep\n|\n|t:|1781410864\n|switch|p1a: Garganacl|Garganacl, L80, F|291/291\n|turn|4\n|\n|t:|1781410893\n|switch|p2a: Passimian|Passimian, L83, M|302/302\n|move|p1a: Garganacl|Salt Cure|p2a: Passimian\n|-resisted|p2a: Passimian\n|-damage|p2a: Passimian|282/302\n|-start|p2a: Passimian|Salt Cure\n|\n|-damage|p2a: Passimian|245/302|[from] Salt Cure\n|upkeep\n|turn|5\n|\n|t:|1781410907\n|switch|p2a: Dunsparce|Dunsparce, L86, M|312/312\n|move|p1a: Garganacl|Protect||[still]\n|-fail|p1a: Garganacl\n|\n|upkeep\n|turn|6\n|\n|t:|1781410919\n|move|p2a: Dunsparce|Coil|p2a: Dunsparce\n|-boost|p2a: Dunsparce|atk|1\n|-boost|p2a: Dunsparce|def|1\n|-boost|p2a: Dunsparce|accuracy|1\n|move|p1a: Garganacl|Salt Cure|p2a: Dunsparce\n|-damage|p2a: Dunsparce|290/312\n|-start|p2a: Dunsparce|Salt Cure\n|\n|-damage|p2a: Dunsparce|251/312|[from] Salt Cure\n|upkeep\n|turn|7\n|\n|t:|1781410932\n|move|p2a: Dunsparce|Earthquake|p1a: Garganacl\n|-supereffective|p1a: Garganacl\n|-damage|p1a: Garganacl|151/291\n|move|p1a: Garganacl|Body Press|p2a: Dunsparce\n|-supereffective|p2a: Dunsparce\n|-damage|p2a: Dunsparce|183/312\n|\n|-heal|p1a: Garganacl|169/291|[from] item: Leftovers\n|-damage|p2a: Dunsparce|144/312|[from] Salt Cure\n|upkeep\n|turn|8\n|\n|t:|1781410937\n|move|p2a: Dunsparce|Roost|p2a: Dunsparce\n|-heal|p2a: Dunsparce|300/312\n|-singleturn|p2a: Dunsparce|move: Roost\n|move|p1a: Garganacl|Recover|p1a: Garganacl\n|-heal|p1a: Garganacl|291/291\n|\n|-damage|p2a: Dunsparce|261/312|[from] Salt Cure\n|upkeep\n|turn|9\n|\n|t:|1781410942\n|move|p2a: Dunsparce|Coil|p2a: Dunsparce\n|-boost|p2a: Dunsparce|atk|1\n|-boost|p2a: Dunsparce|def|1\n|-boost|p2a: Dunsparce|accuracy|1\n|move|p1a: Garganacl|Body Press|p2a: Dunsparce\n|-supereffective|p2a: Dunsparce\n|-damage|p2a: Dunsparce|209/312\n|\n|-damage|p2a: Dunsparce|170/312|[from] Salt Cure\n|upkeep\n|turn|10\n|\n|t:|1781410945\n|switch|p1a: Yanmega|Yanmega, L82, M|275/275\n|move|p2a: Dunsparce|Roost|p2a: Dunsparce\n|-heal|p2a: Dunsparce|312/312\n|-singleturn|p2a: Dunsparce|move: Roost\n|\n|-damage|p2a: Dunsparce|273/312|[from] Salt Cure\n|upkeep\n|turn|11\n|\n|t:|1781410952\n|move|p1a: Yanmega|Air Slash|p2a: Dunsparce\n|-damage|p2a: Dunsparce|164/312\n|move|p2a: Dunsparce|Body Slam|p1a: Yanmega\n|-damage|p1a: Yanmega|118/275\n|-status|p1a: Yanmega|par\n|\n|-damage|p2a: Dunsparce|125/312|[from] Salt Cure\n|upkeep\n|turn|12\n|\n|t:|1781410961\n|move|p2a: Dunsparce|Roost|p2a: Dunsparce\n|-heal|p2a: Dunsparce|281/312\n|-singleturn|p2a: Dunsparce|move: Roost\n|move|p1a: Yanmega|Air Slash|p2a: Dunsparce\n|-damage|p2a: Dunsparce|182/312\n|\n|-damage|p2a: Dunsparce|143/312|[from] Salt Cure\n|upkeep\n|turn|13\n|\n|t:|1781410967\n|move|p2a: Dunsparce|Roost|p2a: Dunsparce\n|-heal|p2a: Dunsparce|299/312\n|-singleturn|p2a: Dunsparce|move: Roost\n|cant|p1a: Yanmega|par\n|\n|-damage|p2a: Dunsparce|260/312|[from] Salt Cure\n|upkeep\n|turn|14\n|-message|randomperson43 forfeited.\n|\n|win|Atom_14\n", "inputlog": ">version a8376a258c1d4662feba110a92103f3664a72141\n>start {\"formatid\":\"gen9randombattle\",\"seed\":\"sodium,fec1489d0b745e3cb95982591be5f498\",\"rated\":\"Rated battle\"}\n>player p1 {\"name\":\"randomperson43\",\"avatar\":\"2\",\"rating\":1918,\"seed\":\"sodium,9486598d08031c2460c728eb2380214c\"}\n>player p2 {\"name\":\"Atom_14\",\"avatar\":\"cyrus\",\"rating\":1904,\"seed\":\"sodium,72c55b74cbee3d8a3bf440750de7058f\"}\n>p1 move uturn\n>p2 move trailblaze\n>p1 switch 3\n>p1 move superpower\n>p2 move facade\n>p1 move synthesis\n>p2 move facade\n>p1 switch 6\n>p1 move saltcure\n>p2 switch 5\n>p1 move protect\n>p2 switch 3\n>p1 move saltcure\n>p2 move coil\n>p1 move bodypress\n>p2 move earthquake\n>p1 move recover\n>p2 move roost\n>p1 move bodypress\n>p2 move coil\n>p1 switch 5\n>p2 move roost\n>p1 move airslash\n>p2 move bodyslam\n>p1 move airslash\n>p2 move roost\n>p1 move airslash\n>p2 move roost\n>forcelose p1", "uploadtime": 1781410821, "views": 4, "formatid": "gen9randombattle", "rating": null, "private": 0, "password": null}