{"id": "gen9randombattle-2631600559", "format": "[Gen 9] Random Battle", "players": ["splanchnicganglion", "Bdbrbfbf"], "log": "|j|\u2606splanchnicganglion\n|j|\u2606Bdbrbfbf\n|t:|1781406974\n|gametype|singles\n|player|p1|splanchnicganglion|volkner|1277\n|player|p2|Bdbrbfbf|170|1233\n|gen|9\n|tier|[Gen 9] Random Battle\n|rated|\n|rule|Species Clause: Limit one of each Pok\u00e9mon\n|rule|HP Percentage Mod: HP is shown in percentages\n|rule|Sleep Clause Mod: Limit one foe put to sleep\n|rule|Illusion Level Mod: Illusion disguises the Pok\u00e9mon's true level\n|\n|t:|1781406974\n|teamsize|p1|6\n|teamsize|p2|6\n|start\n|switch|p1a: Toxapex|Toxapex, L82, M|216/216\n|switch|p2a: Slowking|Slowking, L88, F|310/310\n|turn|1\n|inactive|Battle timer is ON: inactive players will automatically lose when time's up. (requested by Bdbrbfbf)\n|\n|t:|1781406987\n|switch|p1a: Grimmsnarl|Grimmsnarl, L83, M|293/293\n|move|p2a: Slowking|Psyshock|p1a: Grimmsnarl\n|-immune|p1a: Grimmsnarl\n|\n|upkeep\n|turn|2\n|\n|t:|1781406995\n|switch|p2a: Arbok|Arbok, L87, F|246/246\n|-ability|p2a: Arbok|Intimidate|boost\n|-unboost|p1a: Grimmsnarl|atk|1\n|move|p1a: Grimmsnarl|Light Screen|p1a: Grimmsnarl\n|-sidestart|p1: splanchnicganglion|move: Light Screen\n|\n|upkeep\n|turn|3\n|\n|t:|1781407008\n|switch|p1a: Toxapex|Toxapex, L82, M|216/216\n|move|p2a: Arbok|Gunk Shot|p1a: Toxapex|[miss]\n|-miss|p2a: Arbok|p1a: Toxapex\n|\n|upkeep\n|turn|4\n|\n|t:|1781407013\n|move|p2a: Arbok|Earthquake|p1a: Toxapex\n|-supereffective|p1a: Toxapex\n|-damage|p1a: Toxapex|118/216\n|move|p1a: Toxapex|Liquidation|p2a: Arbok\n|-damage|p2a: Arbok|171/246\n|-unboost|p2a: Arbok|def|1\n|\n|-heal|p2a: Arbok|186/246|[from] item: Leftovers\n|upkeep\n|turn|5\n|\n|t:|1781407024\n|switch|p1a: Moltres|Moltres-Galar, L79|271/271\n|move|p2a: Arbok|Earthquake|p1a: Moltres\n|-immune|p1a: Moltres\n|\n|-heal|p2a: Arbok|201/246|[from] item: Leftovers\n|upkeep\n|turn|6\n|\n|t:|1781407032\n|move|p2a: Arbok|Glare|p1a: Moltres\n|-status|p1a: Moltres|par\n|move|p1a: Moltres|Nasty Plot|p1a: Moltres\n|-boost|p1a: Moltres|spa|2\n|\n|-heal|p2a: Arbok|216/246|[from] item: Leftovers\n|upkeep\n|turn|7\n|\n|t:|1781407040\n|switch|p2a: Hitmonchan|Hitmonchan, L87, M|229/229\n|move|p1a: Moltres|Agility|p1a: Moltres\n|-boost|p1a: Moltres|spe|2\n|\n|upkeep\n|turn|8\n|\n|t:|1781407050\n|cant|p1a: Moltres|par\n|move|p2a: Hitmonchan|Drain Punch|p1a: Moltres\n|-damage|p1a: Moltres|157/271 par\n|\n|upkeep\n|turn|9\n|\n|t:|1781407057\n|move|p1a: Moltres|Hurricane|p2a: Hitmonchan|[miss]\n|-miss|p1a: Moltres|p2a: Hitmonchan\n|move|p2a: Hitmonchan|Rapid Spin|p1a: Moltres\n|-damage|p1a: Moltres|116/271 par\n|-boost|p2a: Hitmonchan|spe|1\n|-ability|p1a: Moltres|Berserk|boost\n|-boost|p1a: Moltres|spa|1\n|\n|-sideend|p1: splanchnicganglion|move: Light Screen\n|upkeep\n|turn|10\n|\n|t:|1781407062\n|move|p2a: Hitmonchan|Drain Punch|p1a: Moltres\n|-damage|p1a: Moltres|11/271 par\n|move|p1a: Moltres|Hurricane|p2a: Hitmonchan|[miss]\n|-miss|p1a: Moltres|p2a: Hitmonchan\n|\n|upkeep\n|turn|11\n|\n|t:|1781407068\n|move|p2a: Hitmonchan|Rapid Spin|p1a: Moltres\n|-damage|p1a: Moltres|0 fnt\n|-boost|p2a: Hitmonchan|spe|1\n|faint|p1a: Moltres\n|\n|upkeep\n|\n|t:|1781407072\n|switch|p1a: Toxapex|Toxapex, L82, M|190/216\n|turn|12\n|\n|t:|1781407075\n|move|p2a: Hitmonchan|Knock Off|p1a: Toxapex\n|-damage|p1a: Toxapex|136/216\n|-damage|p2a: Hitmonchan|191/229|[from] item: Rocky Helmet|[of] p1a: Toxapex\n|-enditem|p1a: Toxapex|Rocky Helmet|[from] move: Knock Off|[of] p2a: Hitmonchan\n|move|p1a: Toxapex|Haze|p1a: Toxapex\n|-clearallboost\n|\n|upkeep\n|turn|13\n|\n|t:|1781407083\n|switch|p2a: Arbok|Arbok, L87, F|216/246\n|-ability|p2a: Arbok|Intimidate|boost\n|-unboost|p1a: Toxapex|atk|1\n|move|p1a: Toxapex|Liquidation|p2a: Arbok\n|-damage|p2a: Arbok|171/246\n|-unboost|p2a: Arbok|def|1\n|\n|-heal|p2a: Arbok|186/246|[from] item: Leftovers\n|upkeep\n|turn|14\n|\n|t:|1781407104\n|move|p2a: Arbok|Earthquake|p1a: Toxapex\n|-supereffective|p1a: Toxapex\n|-damage|p1a: Toxapex|36/216\n|move|p1a: Toxapex|Liquidation|p2a: Arbok\n|-damage|p2a: Arbok|114/246\n|\n|-heal|p2a: Arbok|129/246|[from] item: Leftovers\n|upkeep\n|turn|15\n|\n|t:|1781407110\n|move|p2a: Arbok|Earthquake|p1a: Toxapex\n|-supereffective|p1a: Toxapex\n|-damage|p1a: Toxapex|0 fnt\n|faint|p1a: Toxapex\n|\n|-heal|p2a: Arbok|144/246|[from] item: Leftovers\n|upkeep\n|\n|t:|1781407120\n|switch|p1a: Golem|Golem, L87, M|281/281\n|turn|16\n|\n|t:|1781407124\n|switch|p2a: Slowking|Slowking, L88, F|310/310\n|move|p1a: Golem|Rock Polish|p1a: Golem\n|-boost|p1a: Golem|spe|2\n|\n|upkeep\n|turn|17\n|\n|t:|1781407131\n|switch|p1a: Dipplin|Dipplin, L88, M|284/284\n|move|p2a: Slowking|Scald|p1a: Dipplin\n|-resisted|p1a: Dipplin\n|-damage|p1a: Dipplin|267/284\n|-status|p1a: Dipplin|brn\n|\n|-damage|p1a: Dipplin|250/284 brn|[from] brn\n|upkeep\n|turn|18\n|\n|t:|1781407142\n|move|p1a: Dipplin|Dragon Pulse|p2a: Slowking\n|-damage|p2a: Slowking|232/310\n|-prepare|p2a: Slowking|Chilly Reception|[premajor]\n|move|p2a: Slowking|Chilly Reception|p2a: Slowking\n|-weather|Snowscape\n|\n|t:|1781407146\n|switch|p2a: Arbok|Arbok, L87, F|144/246|[from] Chilly Reception\n|-ability|p2a: Arbok|Intimidate|boost\n|-unboost|p1a: Dipplin|atk|1\n|\n|-weather|Snowscape|[upkeep]\n|-heal|p2a: Arbok|159/246|[from] item: Leftovers\n|-damage|p1a: Dipplin|233/284 brn|[from] brn\n|upkeep\n|turn|19\n|\n|t:|1781407172\n|move|p2a: Arbok|Toxic Spikes|p1a: Dipplin\n|-sidestart|p1: splanchnicganglion|move: Toxic Spikes\n|move|p1a: Dipplin|Dragon Pulse|p2a: Arbok\n|-damage|p2a: Arbok|48/246\n|\n|-weather|Snowscape|[upkeep]\n|-heal|p2a: Arbok|63/246|[from] item: Leftovers\n|-damage|p1a: Dipplin|216/284 brn|[from] brn\n|upkeep\n|turn|20\n|\n|t:|1781407177\n|move|p2a: Arbok|Gunk Shot|p1a: Dipplin\n|-supereffective|p1a: Dipplin\n|-damage|p1a: Dipplin|82/284 brn\n|move|p1a: Dipplin|Dragon Pulse|p2a: Arbok\n|-damage|p2a: Arbok|0 fnt\n|faint|p2a: Arbok\n|\n|-weather|Snowscape|[upkeep]\n|-damage|p1a: Dipplin|65/284 brn|[from] brn\n|upkeep\n|\n|t:|1781407188\n|switch|p2a: Hitmonchan|Hitmonchan, L87, M|191/229\n|turn|21\n|\n|t:|1781407196\n|move|p2a: Hitmonchan|Poison Jab|p1a: Dipplin\n|-supereffective|p1a: Dipplin\n|-damage|p1a: Dipplin|0 fnt\n|faint|p1a: Dipplin\n|\n|-weather|Snowscape|[upkeep]\n|upkeep\n|\n|t:|1781407210\n|switch|p1a: Grimmsnarl|Grimmsnarl, L83, M|293/293\n|-status|p1a: Grimmsnarl|psn\n|turn|22\n|\n|t:|1781407215\n|move|p1a: Grimmsnarl|Reflect|p1a: Grimmsnarl\n|-sidestart|p1: splanchnicganglion|Reflect\n|move|p2a: Hitmonchan|Poison Jab|p1a: Grimmsnarl\n|-supereffective|p1a: Grimmsnarl\n|-damage|p1a: Grimmsnarl|208/293 psn\n|\n|-weather|none\n|-damage|p1a: Grimmsnarl|172/293 psn|[from] psn\n|upkeep\n|turn|23\n|\n|t:|1781407219\n|move|p2a: Hitmonchan|Poison Jab|p1a: Grimmsnarl\n|-supereffective|p1a: Grimmsnarl\n|-damage|p1a: Grimmsnarl|90/293 psn\n|move|p1a: Grimmsnarl|Spirit Break|p2a: Hitmonchan\n|-supereffective|p2a: Hitmonchan\n|-damage|p2a: Hitmonchan|0 fnt\n|faint|p2a: Hitmonchan\n|\n|-damage|p1a: Grimmsnarl|54/293 psn|[from] psn\n|upkeep\n|\n|t:|1781407227\n|switch|p2a: Volcarona|Volcarona, L77, F|257/257\n|turn|24\n|\n|t:|1781407229\n|move|p1a: Grimmsnarl|Light Screen|p1a: Grimmsnarl\n|-sidestart|p1: splanchnicganglion|move: Light Screen\n|move|p2a: Volcarona|Fiery Dance|p1a: Grimmsnarl\n|-damage|p1a: Grimmsnarl|5/293 psn\n|-boost|p2a: Volcarona|spa|1\n|\n|-damage|p1a: Grimmsnarl|0 fnt|[from] psn\n|faint|p1a: Grimmsnarl\n|upkeep\n|\n|t:|1781407239\n|switch|p1a: Goodra|Goodra-Hisui, L82, M|265/265\n|turn|25\n|\n|t:|1781407251\n|move|p2a: Volcarona|Fiery Dance|p1a: Goodra\n|-damage|p1a: Goodra|235/265\n|-boost|p2a: Volcarona|spa|1\n|move|p1a: Goodra|Hydro Pump|p2a: Volcarona\n|-supereffective|p2a: Volcarona\n|-damage|p2a: Volcarona|113/257\n|\n|upkeep\n|turn|26\n|\n|t:|1781407259\n|move|p2a: Volcarona|Fiery Dance|p1a: Goodra\n|-damage|p1a: Goodra|195/265\n|-boost|p2a: Volcarona|spa|1\n|move|p1a: Goodra|Hydro Pump|p2a: Volcarona\n|-supereffective|p2a: Volcarona\n|-damage|p2a: Volcarona|0 fnt\n|faint|p2a: Volcarona\n|\n|upkeep\n|\n|t:|1781407264\n|switch|p2a: Dragonite|Dragonite, L74, F|257/257\n|turn|27\n|\n|t:|1781407269\n|-terastallize|p2a: Dragonite|Steel\n|move|p2a: Dragonite|Earthquake|p1a: Goodra\n|-supereffective|p1a: Goodra\n|-damage|p1a: Goodra|129/265\n|move|p1a: Goodra|Dragon Tail|p2a: Dragonite|[miss]\n|-miss|p1a: Goodra|p2a: Dragonite\n|\n|upkeep\n|turn|28\n|\n|t:|1781407277\n|move|p2a: Dragonite|Earthquake|p1a: Goodra\n|-supereffective|p1a: Goodra\n|-damage|p1a: Goodra|68/265\n|move|p1a: Goodra|Dragon Tail|p2a: Dragonite\n|-resisted|p2a: Dragonite\n|-damage|p2a: Dragonite|241/257\n|drag|p2a: Slowking|Slowking, L88, F|310/310\n|\n|upkeep\n|turn|29\n|\n|t:|1781407285\n|move|p1a: Goodra|Heavy Slam|p2a: Slowking\n|-resisted|p2a: Slowking\n|-damage|p2a: Slowking|257/310\n|move|p2a: Slowking|Scald|p1a: Goodra\n|-resisted|p1a: Goodra\n|-damage|p1a: Goodra|57/265\n|\n|-sideend|p1: splanchnicganglion|Reflect\n|upkeep\n|turn|30\n|\n|t:|1781407289\n|move|p1a: Goodra|Draco Meteor|p2a: Slowking\n|-damage|p2a: Slowking|142/310\n|-unboost|p1a: Goodra|spa|2\n|move|p2a: Slowking|Psyshock|p1a: Goodra\n|-resisted|p1a: Goodra\n|-damage|p1a: Goodra|36/265\n|\n|upkeep\n|turn|31\n|\n|t:|1781407293\n|move|p1a: Goodra|Heavy Slam|p2a: Slowking\n|-resisted|p2a: Slowking\n|-damage|p2a: Slowking|92/310\n|move|p2a: Slowking|Psyshock|p1a: Goodra\n|-resisted|p1a: Goodra\n|-damage|p1a: Goodra|15/265\n|\n|-sideend|p1: splanchnicganglion|move: Light Screen\n|upkeep\n|turn|32\n|\n|t:|1781407296\n|move|p1a: Goodra|Heavy Slam|p2a: Slowking\n|-resisted|p2a: Slowking\n|-damage|p2a: Slowking|44/310\n|move|p2a: Slowking|Psyshock|p1a: Goodra\n|-resisted|p1a: Goodra\n|-damage|p1a: Goodra|0 fnt\n|faint|p1a: Goodra\n|\n|upkeep\n|\n|t:|1781407299\n|switch|p1a: Golem|Golem, L87, M|281/281\n|-status|p1a: Golem|psn\n|turn|33\n|\n|t:|1781407303\n|move|p1a: Golem|Rock Polish|p1a: Golem\n|-boost|p1a: Golem|spe|2\n|move|p2a: Slowking|Psyshock|p1a: Golem\n|-damage|p1a: Golem|217/281 psn\n|\n|-damage|p1a: Golem|182/281 psn|[from] psn\n|upkeep\n|turn|34\n|\n|t:|1781407308\n|move|p1a: Golem|Earthquake|p2a: Slowking\n|-damage|p2a: Slowking|0 fnt\n|faint|p2a: Slowking\n|\n|-damage|p1a: Golem|147/281 psn|[from] psn\n|upkeep\n|\n|t:|1781407313\n|switch|p2a: Dragonite|Dragonite, L74, F, tera:Steel|241/257\n|turn|35\n|\n|t:|1781407319\n|move|p1a: Golem|Earthquake|p2a: Dragonite\n|-supereffective|p2a: Dragonite\n|-damage|p2a: Dragonite|0 fnt\n|faint|p2a: Dragonite\n|\n|-damage|p1a: Golem|112/281 psn|[from] psn\n|upkeep\n|\n|t:|1781407323\n|switch|p2a: Kyogre|Kyogre, L71|259/259\n|-weather|RainDance|[from] ability: Drizzle|[of] p2a: Kyogre\n|turn|36\n|\n|t:|1781407333\n|-terastallize|p1a: Golem|Steel\n|move|p1a: Golem|Stone Edge|p2a: Kyogre\n|-damage|p2a: Kyogre|109/259\n|move|p2a: Kyogre|Ice Beam|p1a: Golem\n|-resisted|p1a: Golem\n|-damage|p1a: Golem|76/281 psn\n|\n|-weather|RainDance|[upkeep]\n|-heal|p2a: Kyogre|125/259|[from] item: Leftovers\n|-damage|p1a: Golem|41/281 psn|[from] psn\n|upkeep\n|turn|37\n|\n|t:|1781407342\n|move|p1a: Golem|Stone Edge|p2a: Kyogre\n|-crit|p2a: Kyogre\n|-damage|p2a: Kyogre|0 fnt\n|faint|p2a: Kyogre\n|\n|win|splanchnicganglion\n|raw|splanchnicganglion's rating: 1277 &rarr; <strong>1299</strong><br />(+22 for winning)\n|raw|Bdbrbfbf's rating: 1233 &rarr; <strong>1211</strong><br />(-22 for losing)\n|l|\u2606Bdbrbfbf\n|player|p2|\n", "inputlog": ">version a8376a258c1d4662feba110a92103f3664a72141\n>start {\"formatid\":\"gen9randombattle\",\"seed\":\"sodium,88fb21c3740d02038677f5bf0a3ce322\",\"rated\":\"Rated battle\"}\n>player p1 {\"name\":\"splanchnicganglion\",\"avatar\":\"volkner\",\"rating\":1277,\"seed\":\"sodium,c83607c651aa78678b88dddd91d7854a\"}\n>player p2 {\"name\":\"Bdbrbfbf\",\"avatar\":\"170\",\"rating\":1233,\"seed\":\"sodium,ad05449cf3d472dcf8bd3bcedba082e5\"}\n>p1 switch 6\n>p2 move psyshock\n>p1 move lightscreen\n>p2 switch 5\n>p1 switch 6\n>p2 move gunkshot\n>p1 move liquidation\n>p2 move earthquake\n>p1 switch 4\n>p2 move earthquake\n>p1 move nastyplot\n>p2 move glare\n>p1 move agility\n>p2 switch 4\n>p1 move hurricane\n>p2 move drainpunch\n>p1 move hurricane\n>p2 move rapidspin\n>p1 move hurricane\n>p2 move drainpunch\n>p1 move hurricane\n>p2 move rapidspin\n>p1 switch 4\n>p1 move haze\n>p2 move knockoff\n>p1 move liquidation\n>p2 switch 4\n>p1 move liquidation\n>p2 move earthquake\n>p1 move liquidation\n>p2 move earthquake\n>p1 switch 3\n>p1 move rockpolish\n>p2 switch 5\n>p1 switch 2\n>p2 move scald\n>p1 move dragonpulse\n>p2 move chillyreception\n>p2 switch 5\n>p1 move dragonpulse\n>p2 move toxicspikes\n>p1 move dragonpulse\n>p2 move gunkshot\n>p2 switch 4\n>p1 move recover\n>p2 move poisonjab\n>p1 switch 6\n>p1 move reflect\n>p2 move poisonjab\n>p1 move spiritbreak\n>p2 move poisonjab\n>p2 switch 3\n>p1 move lightscreen\n>p2 move fierydance\n>p1 switch 5\n>p1 move hydropump\n>p2 move fierydance\n>p1 move hydropump\n>p2 move fierydance\n>p2 switch 6\n>p1 move dragontail\n>p2 move earthquake terastallize\n>p1 move dragontail\n>p2 move earthquake\n>p1 move heavyslam\n>p2 move scald\n>p1 move dracometeor\n>p2 move psyshock\n>p1 move heavyslam\n>p2 move psyshock\n>p1 move heavyslam\n>p2 move psyshock\n>p1 switch 2\n>p1 move rockpolish\n>p2 move psyshock\n>p1 move earthquake\n>p2 move scald\n>p2 switch 5\n>p1 move earthquake\n>p2 move outrage\n>p2 switch 2\n>p1 move stoneedge terastallize\n>p2 move icebeam\n>p1 move stoneedge\n>p2 move icebeam", "uploadtime": 1781407360, "views": 5, "formatid": "gen9randombattle", "rating": 1211, "private": 0, "password": null}