{"id": "gen9randombattle-2631859682", "format": "[Gen 9] Random Battle", "players": ["Reconforce", "Impeetee"], "log": "|j|\u2606Reconforce\n|j|\u203dImpeetee\n|t:|1781449091\n|gametype|singles\n|player|p1|Reconforce|1|2213\n|player|p2|Impeetee|2|2252\n|gen|9\n|tier|[Gen 9] Random Battle\n|rated|\n|rule|Species Clause: Limit one of each Pok\u00e9mon\n|rule|HP Percentage Mod: HP is shown in percentages\n|rule|Sleep Clause Mod: Limit one foe put to sleep\n|rule|Illusion Level Mod: Illusion disguises the Pok\u00e9mon's true level\n|\n|t:|1781449091\n|teamsize|p1|6\n|teamsize|p2|6\n|start\n|switch|p1a: Greninja|Greninja, L80, M|246/246\n|switch|p2a: Gastrodon|Gastrodon-East, L86, M|331/331\n|turn|1\n|inactive|Battle timer is ON: inactive players will automatically lose when time's up. (requested by Impeetee)\n|\n|t:|1781449097\n|switch|p1a: Glaceon|Glaceon, L94, M|275/275\n|move|p2a: Gastrodon|Stealth Rock|p1a: Glaceon\n|-sidestart|p1: Reconforce|move: Stealth Rock\n|\n|upkeep\n|turn|2\n|\n|t:|1781449103\n|switch|p2a: Hypno|Hypno, L95, M|315/315\n|move|p1a: Glaceon|Mud Shot|p2a: Hypno\n|-damage|p2a: Hypno|273/315\n|-unboost|p2a: Hypno|spe|1\n|\n|-heal|p2a: Hypno|292/315|[from] item: Leftovers\n|upkeep\n|turn|3\n|\n|t:|1781449110\n|switch|p1a: Cresselia|Cresselia, L80, F|323/323\n|-damage|p1a: Cresselia|283/323|[from] Stealth Rock\n|move|p2a: Hypno|Toxic|p1a: Cresselia\n|-status|p1a: Cresselia|tox\n|\n|-heal|p1a: Cresselia|303/323 tox|[from] item: Leftovers\n|-heal|p2a: Hypno|311/315|[from] item: Leftovers\n|-damage|p1a: Cresselia|283/323 tox|[from] psn\n|upkeep\n|turn|4\n|\n|t:|1781449118\n|move|p1a: Cresselia|Calm Mind|p1a: Cresselia\n|-boost|p1a: Cresselia|spa|1\n|-boost|p1a: Cresselia|spd|1\n|move|p2a: Hypno|Psychic Noise|p1a: Cresselia\n|-resisted|p1a: Cresselia\n|-damage|p1a: Cresselia|260/323 tox\n|-start|p1a: Cresselia|move: Heal Block\n|\n|-heal|p2a: Hypno|315/315|[from] item: Leftovers\n|-damage|p1a: Cresselia|220/323 tox|[from] psn\n|upkeep\n|turn|5\n|\n|t:|1781449123\n|move|p1a: Cresselia|Moonblast|p2a: Hypno\n|-damage|p2a: Hypno|255/315\n|-unboost|p2a: Hypno|spa|1\n|move|p2a: Hypno|Psychic Noise|p1a: Cresselia\n|-resisted|p1a: Cresselia\n|-crit|p1a: Cresselia\n|-damage|p1a: Cresselia|169/323 tox\n|\n|-heal|p2a: Hypno|274/315|[from] item: Leftovers\n|-damage|p1a: Cresselia|109/323 tox|[from] psn\n|-end|p1a: Cresselia|move: Heal Block\n|upkeep\n|turn|6\n|\n|t:|1781449132\n|move|p1a: Cresselia|Moonblast|p2a: Hypno\n|-damage|p2a: Hypno|220/315\n|move|p2a: Hypno|Psychic Noise|p1a: Cresselia\n|-resisted|p1a: Cresselia\n|-damage|p1a: Cresselia|94/323 tox\n|-start|p1a: Cresselia|move: Heal Block\n|\n|-heal|p2a: Hypno|239/315|[from] item: Leftovers\n|-damage|p1a: Cresselia|14/323 tox|[from] psn\n|upkeep\n|turn|7\n|\n|t:|1781449139\n|move|p2a: Hypno|Protect|p2a: Hypno\n|-singleturn|p2a: Hypno|Protect\n|move|p1a: Cresselia|Moonblast|p2a: Hypno\n|-activate|p2a: Hypno|move: Protect\n|\n|-heal|p2a: Hypno|258/315|[from] item: Leftovers\n|-damage|p1a: Cresselia|0 fnt|[from] psn\n|faint|p1a: Cresselia\n|upkeep\n|\n|t:|1781449141\n|switch|p1a: Maushold|Maushold, L76|238/238\n|-damage|p1a: Maushold|209/238|[from] Stealth Rock\n|turn|8\n|\n|t:|1781449148\n|move|p1a: Maushold|Tidy Up|p1a: Maushold\n|-sideend|p1: Reconforce|Stealth Rock\n|-activate|p1a: Maushold|move: Tidy Up\n|-boost|p1a: Maushold|atk|1\n|-boost|p1a: Maushold|spe|1\n|move|p2a: Hypno|Toxic|p1a: Maushold\n|-status|p1a: Maushold|tox\n|\n|-heal|p2a: Hypno|277/315|[from] item: Leftovers\n|-damage|p1a: Maushold|195/238 tox|[from] psn\n|upkeep\n|turn|9\n|\n|t:|1781449154\n|move|p2a: Hypno|Protect|p2a: Hypno\n|-singleturn|p2a: Hypno|Protect\n|move|p1a: Maushold|Tidy Up|p1a: Maushold\n|-boost|p1a: Maushold|atk|1\n|-boost|p1a: Maushold|spe|1\n|\n|-heal|p2a: Hypno|296/315|[from] item: Leftovers\n|-damage|p1a: Maushold|167/238 tox|[from] psn\n|upkeep\n|turn|10\n|\n|t:|1781449164\n|move|p2a: Hypno|Protect||[still]\n|-fail|p2a: Hypno\n|move|p1a: Maushold|Population Bomb|p2a: Hypno\n|-damage|p2a: Hypno|250/315\n|-damage|p2a: Hypno|205/315\n|-damage|p2a: Hypno|159/315\n|-damage|p2a: Hypno|110/315\n|-damage|p2a: Hypno|65/315\n|-damage|p2a: Hypno|14/315\n|-damage|p2a: Hypno|0 fnt\n|faint|p2a: Hypno\n|-hitcount|p2: Hypno|7\n|\n|-damage|p1a: Maushold|125/238 tox|[from] psn\n|upkeep\n|\n|t:|1781449172\n|switch|p2a: Iron Crown|Iron Crown, L78|268/268\n|turn|11\n|\n|t:|1781449176\n|move|p1a: Maushold|Population Bomb|p2a: Iron Crown\n|-resisted|p2a: Iron Crown\n|-crit|p2a: Iron Crown\n|-damage|p2a: Iron Crown|236/268\n|-resisted|p2a: Iron Crown\n|-damage|p2a: Iron Crown|214/268\n|-resisted|p2a: Iron Crown\n|-damage|p2a: Iron Crown|190/268\n|-resisted|p2a: Iron Crown\n|-damage|p2a: Iron Crown|170/268\n|-resisted|p2a: Iron Crown\n|-damage|p2a: Iron Crown|149/268\n|-resisted|p2a: Iron Crown\n|-damage|p2a: Iron Crown|127/268\n|-resisted|p2a: Iron Crown\n|-damage|p2a: Iron Crown|104/268\n|-resisted|p2a: Iron Crown\n|-damage|p2a: Iron Crown|82/268\n|-resisted|p2a: Iron Crown\n|-damage|p2a: Iron Crown|61/268\n|-resisted|p2a: Iron Crown\n|-damage|p2a: Iron Crown|39/268\n|-hitcount|p2a: Iron Crown|10\n|move|p2a: Iron Crown|Tachyon Cutter|p1a: Maushold\n|-damage|p1a: Maushold|16/238 tox\n|-damage|p1a: Maushold|0 fnt\n|faint|p1a: Maushold\n|-hitcount|p1: Maushold|2\n|\n|upkeep\n|\n|t:|1781449182\n|switch|p1a: Greninja|Greninja, L80, M|246/246\n|turn|12\n|\n|t:|1781449192\n|-end|p2a: Iron Crown|Quark Drive|[silent]\n|switch|p2a: Wigglytuff|Wigglytuff, L96, F|424/424\n|move|p1a: Greninja|Dark Pulse|p2a: Wigglytuff\n|-start|p1a: Greninja|typechange|Dark|[from] ability: Protean\n|-resisted|p2a: Wigglytuff\n|-damage|p2a: Wigglytuff|356/424\n|-damage|p1a: Greninja|222/246|[from] item: Life Orb\n|\n|-heal|p2a: Wigglytuff|382/424|[from] item: Leftovers\n|upkeep\n|turn|13\n|\n|t:|1781449196\n|move|p1a: Greninja|Gunk Shot|p2a: Wigglytuff\n|-supereffective|p2a: Wigglytuff\n|-damage|p2a: Wigglytuff|96/424\n|-damage|p1a: Greninja|198/246|[from] item: Life Orb\n|move|p2a: Wigglytuff|Thunder Wave|p1a: Greninja\n|-status|p1a: Greninja|par\n|\n|-heal|p2a: Wigglytuff|122/424|[from] item: Leftovers\n|upkeep\n|turn|14\n|\n|t:|1781449203\n|move|p2a: Wigglytuff|Dazzling Gleam|p1a: Greninja\n|-supereffective|p1a: Greninja\n|-damage|p1a: Greninja|0 fnt\n|faint|p1a: Greninja\n|\n|-heal|p2a: Wigglytuff|148/424|[from] item: Leftovers\n|upkeep\n|\n|t:|1781449205\n|switch|p1a: Latios|Latios, L78, M|253/253\n|turn|15\n|\n|t:|1781449216\n|switch|p2a: Brute Bonnet|Brute Bonnet, L80|309/309\n|move|p1a: Latios|Luster Purge|p2a: Brute Bonnet\n|-immune|p2a: Brute Bonnet\n|\n|upkeep\n|turn|16\n|\n|t:|1781449221\n|switch|p1a: Alomomola|Alomomola, L87, F|429/429\n|move|p2a: Brute Bonnet|Spore|p1a: Alomomola\n|-status|p1a: Alomomola|slp|[from] move: Spore\n|\n|upkeep\n|turn|17\n|\n|t:|1781449229\n|switch|p1a: Glaceon|Glaceon, L94, M|275/275\n|move|p2a: Brute Bonnet|Seed Bomb|p1a: Glaceon\n|-damage|p1a: Glaceon|206/275\n|\n|upkeep\n|turn|18\n|\n|t:|1781449238\n|-end|p2a: Brute Bonnet|Protosynthesis|[silent]\n|switch|p2a: Gastrodon|Gastrodon-East, L86, M|331/331\n|move|p1a: Glaceon|Freeze-Dry|p2a: Gastrodon\n|-supereffective|p2a: Gastrodon\n|-damage|p2a: Gastrodon|0 fnt\n|faint|p2a: Gastrodon\n|\n|upkeep\n|\n|t:|1781449252\n|switch|p2a: Wigglytuff|Wigglytuff, L96, F|148/424\n|turn|19\n|\n|t:|1781449274\n|move|p1a: Glaceon|Freeze-Dry|p2a: Wigglytuff\n|-damage|p2a: Wigglytuff|0 fnt\n|faint|p2a: Wigglytuff\n|\n|upkeep\n|\n|t:|1781449278\n|switch|p2a: Iron Crown|Iron Crown, L78|39/268\n|turn|20\n|\n|t:|1781449283\n|move|p1a: Glaceon|Protect|p1a: Glaceon\n|-singleturn|p1a: Glaceon|Protect\n|move|p2a: Iron Crown|Tachyon Cutter|p1a: Glaceon\n|-activate|p1a: Glaceon|move: Protect\n|\n|upkeep\n|turn|21\n|\n|t:|1781449286\n|-end|p2a: Iron Crown|Quark Drive|[silent]\n|switch|p2a: Brute Bonnet|Brute Bonnet, L80|309/309\n|switch|p1a: Alomomola|Alomomola, L87, F|429/429 slp\n|\n|upkeep\n|turn|22\n|\n|t:|1781449292\n|switch|p1a: Glaceon|Glaceon, L94, M|206/275\n|move|p2a: Brute Bonnet|Seed Bomb|p1a: Glaceon\n|-damage|p1a: Glaceon|134/275\n|\n|upkeep\n|turn|23\n|\n|t:|1781449298\n|-terastallize|p2a: Brute Bonnet|Dark\n|move|p1a: Glaceon|Wish|p1a: Glaceon\n|move|p2a: Brute Bonnet|Crunch|p1a: Glaceon\n|-damage|p1a: Glaceon|42/275\n|-unboost|p1a: Glaceon|def|1\n|\n|upkeep\n|turn|24\n|\n|t:|1781449308\n|-end|p2a: Brute Bonnet|Protosynthesis|[silent]\n|switch|p2a: Iron Crown|Iron Crown, L78|39/268\n|move|p1a: Glaceon|Protect||[still]\n|-fail|p1a: Glaceon\n|\n|-heal|p1a: Glaceon|179/275|[from] move: Wish|[wisher] Glaceon\n|upkeep\n|turn|25\n|\n|t:|1781449314\n|switch|p1a: Alomomola|Alomomola, L87, F|429/429 slp\n|move|p2a: Iron Crown|Tachyon Cutter|p1a: Alomomola\n|-resisted|p1a: Alomomola\n|-damage|p1a: Alomomola|370/429 slp\n|-resisted|p1a: Alomomola\n|-damage|p1a: Alomomola|310/429 slp\n|-hitcount|p1a: Alomomola|2\n|\n|-heal|p1a: Alomomola|336/429 slp|[from] item: Leftovers\n|upkeep\n|turn|26\n|\n|t:|1781449317\n|-end|p2a: Iron Crown|Quark Drive|[silent]\n|switch|p2a: Brute Bonnet|Brute Bonnet, L80, tera:Dark|309/309\n|cant|p1a: Alomomola|slp\n|\n|-heal|p1a: Alomomola|362/429 slp|[from] item: Leftovers\n|upkeep\n|turn|27\n|\n|t:|1781449325\n|cant|p1a: Alomomola|slp\n|move|p2a: Brute Bonnet|Seed Bomb|p1a: Alomomola\n|-supereffective|p1a: Alomomola\n|-crit|p1a: Alomomola\n|-damage|p1a: Alomomola|80/429 slp\n|\n|-heal|p1a: Alomomola|106/429 slp|[from] item: Leftovers\n|upkeep\n|turn|28\n|\n|t:|1781449331\n|cant|p1a: Alomomola|slp\n|move|p2a: Brute Bonnet|Seed Bomb|p1a: Alomomola\n|-supereffective|p1a: Alomomola\n|-damage|p1a: Alomomola|0 fnt\n|faint|p1a: Alomomola\n|\n|upkeep\n|\n|t:|1781449332\n|switch|p1a: Latios|Latios, L78, M|253/253\n|turn|29\n|\n|t:|1781449341\n|-end|p2a: Brute Bonnet|Protosynthesis|[silent]\n|switch|p2a: Iron Crown|Iron Crown, L78|39/268\n|move|p1a: Latios|Flip Turn|p2a: Iron Crown\n|-damage|p2a: Iron Crown|2/268\n|\n|t:|1781449343\n|switch|p1a: Glaceon|Glaceon, L94, M|179/275|[from] Flip Turn\n|\n|upkeep\n|turn|30\n|\n|t:|1781449354\n|switch|p1a: Latios|Latios, L78, M|253/253\n|move|p2a: Iron Crown|Tachyon Cutter|p1a: Latios\n|-damage|p1a: Latios|183/253\n|-damage|p1a: Latios|107/253\n|-hitcount|p1a: Latios|2\n|\n|upkeep\n|turn|31\n|\n|t:|1781449362\n|-end|p2a: Iron Crown|Quark Drive|[silent]\n|switch|p2a: Brute Bonnet|Brute Bonnet, L80, tera:Dark|309/309\n|move|p1a: Latios|Flip Turn|p2a: Brute Bonnet\n|-damage|p2a: Brute Bonnet|274/309\n|\n|t:|1781449363\n|switch|p1a: Glaceon|Glaceon, L94, M|179/275|[from] Flip Turn\n|\n|-heal|p2a: Brute Bonnet|293/309|[from] item: Leftovers\n|upkeep\n|turn|32\n|\n|t:|1781449368\n|move|p1a: Glaceon|Freeze-Dry|p2a: Brute Bonnet\n|-damage|p2a: Brute Bonnet|182/309\n|move|p2a: Brute Bonnet|Spore|p1a: Glaceon\n|-status|p1a: Glaceon|slp|[from] move: Spore\n|\n|-heal|p2a: Brute Bonnet|201/309|[from] item: Leftovers\n|upkeep\n|turn|33\n|\n|t:|1781449371\n|cant|p1a: Glaceon|slp\n|move|p2a: Brute Bonnet|Crunch|p1a: Glaceon\n|-damage|p1a: Glaceon|79/275 slp\n|\n|-heal|p2a: Brute Bonnet|220/309|[from] item: Leftovers\n|upkeep\n|turn|34\n|\n|t:|1781449376\n|cant|p1a: Glaceon|slp\n|move|p2a: Brute Bonnet|Crunch|p1a: Glaceon\n|-damage|p1a: Glaceon|0 fnt\n|faint|p1a: Glaceon\n|\n|-heal|p2a: Brute Bonnet|239/309|[from] item: Leftovers\n|upkeep\n|\n|t:|1781449377\n|switch|p1a: Latios|Latios, L78, M|107/253\n|turn|35\n|-message|Reconforce forfeited.\n|\n|win|Impeetee\n", "inputlog": ">version a8376a258c1d4662feba110a92103f3664a72141\n>start {\"formatid\":\"gen9randombattle\",\"seed\":\"sodium,0dc27a13d560d411492d8418ca703f61\",\"rated\":\"Rated battle\"}\n>player p1 {\"name\":\"Reconforce\",\"avatar\":\"1\",\"rating\":2213,\"seed\":\"sodium,465aef89d4cce49c3a9a91f6a3c72ad8\"}\n>player p2 {\"name\":\"Impeetee\",\"avatar\":\"2\",\"rating\":2252,\"seed\":\"sodium,cb63aa4db20f0786defacd18d7aa8dd7\"}\n>p1 switch 3\n>p2 move stealthrock\n>p1 move mudshot\n>p2 switch 5\n>p1 switch 6\n>p2 move toxic\n>p1 move calmmind\n>p2 move psychicnoise\n>p1 move moonblast\n>p2 move psychicnoise\n>p1 move moonblast\n>p2 move psychicnoise\n>p1 move moonblast\n>p2 move protect\n>p1 switch 2\n>p1 move tidyup\n>p2 move toxic\n>p1 move tidyup\n>p2 move protect\n>p1 move populationbomb\n>p2 move protect\n>p2 switch 6\n>p1 move populationbomb\n>p2 move tachyoncutter\n>p1 switch 3\n>p1 move darkpulse\n>p2 switch 4\n>p1 move gunkshot\n>p2 move thunderwave\n>p1 move gunkshot\n>p2 move dazzlinggleam\n>p1 switch 4\n>p1 move lusterpurge\n>p2 switch 3\n>p1 switch 5\n>p2 move spore\n>p1 switch 6\n>p2 move seedbomb\n>p1 move freezedry\n>p2 switch 5\n>p2 switch 3\n>p1 move freezedry\n>p2 move thunderwave\n>p2 switch 4\n>p1 move protect\n>p2 move tachyoncutter\n>p1 switch 6\n>p2 switch 5\n>p1 switch 6\n>p2 move seedbomb\n>p1 move wish\n>p2 move crunch terastallize\n>p1 move protect\n>p2 switch 5\n>p1 switch 6\n>p2 move tachyoncutter\n>p1 move scald\n>p2 switch 5\n>p1 move flipturn\n>p2 move seedbomb\n>p1 move flipturn\n>p2 move seedbomb\n>p1 switch 5\n>p1 move flipturn\n>p2 switch 5\n>p1 switch 6\n>p1 switch 6\n>p2 move tachyoncutter\n>p1 move flipturn\n>p2 switch 5\n>p1 switch 6\n>p1 move freezedry\n>p2 move spore\n>p1 move freezedry\n>p2 move crunch\n>p1 move freezedry\n>p2 move crunch\n>p1 switch 6\n>forcelose p1", "uploadtime": 1781449093, "views": 9, "formatid": "gen9randombattle", "rating": null, "private": 0, "password": null}