{"id": "gen9randombattle-2631523033", "format": "[Gen 9] Random Battle", "players": ["gbbrbybrbrbygn", "DerpyGato02"], "log": "|j|\u2606gbbrbybrbrbygn\n|j|\u2606DerpyGato02\n|t:|1781396231\n|gametype|singles\n|player|p1|gbbrbybrbrbygn|169|1000\n|player|p2|DerpyGato02|101|1000\n|gen|9\n|tier|[Gen 9] Random Battle\n|rated|\n|rule|Species Clause: Limit one of each Pok\u00e9mon\n|rule|HP Percentage Mod: HP is shown in percentages\n|rule|Sleep Clause Mod: Limit one foe put to sleep\n|rule|Illusion Level Mod: Illusion disguises the Pok\u00e9mon's true level\n|\n|t:|1781396231\n|teamsize|p1|6\n|teamsize|p2|6\n|start\n|switch|p1a: Sceptile|Sceptile, L87, F|264/264\n|switch|p2a: Tornadus|Tornadus, L82, M|263/263\n|turn|1\n|inactive|Battle timer is ON: inactive players will automatically lose when time's up. (requested by DerpyGato02)\n|\n|t:|1781396237\n|move|p1a: Sceptile|Shed Tail|p1a: Sceptile\n|-start|p1a: Sceptile|Substitute|[from] move: Shed Tail\n|-damage|p1a: Sceptile|132/264\n|\n|t:|1781396242\n|switch|p1a: Golurk|Golurk, L87|297/297|[from] Shed Tail\n|move|p2a: Tornadus|Bleakwind Storm|p1a: Golurk\n|-end|p1a: Golurk|Substitute\n|\n|upkeep\n|turn|2\n|\n|t:|1781396260\n|switch|p2a: Iron Bundle|Iron Bundle, L78|215/215\n|move|p1a: Golurk|Stone Edge|p2a: Iron Bundle\n|-supereffective|p2a: Iron Bundle\n|-damage|p2a: Iron Bundle|0 fnt\n|faint|p2a: Iron Bundle\n|-end|p2a: Iron Bundle|Quark Drive|[silent]\n|\n|upkeep\n|\n|t:|1781396270\n|switch|p2a: Sableye|Sableye, L88, F|231/231\n|turn|3\n|\n|t:|1781396275\n|switch|p1a: Ting-Lu|Ting-Lu, L78|370/370\n|-ability|p1a: Ting-Lu|Vessel of Ruin\n|move|p2a: Sableye|Knock Off|p1a: Ting-Lu\n|-resisted|p1a: Ting-Lu\n|-damage|p1a: Ting-Lu|333/370\n|-enditem|p1a: Ting-Lu|Leftovers|[from] move: Knock Off|[of] p2a: Sableye\n|\n|upkeep\n|turn|4\n|\n|t:|1781396286\n|switch|p2a: Cobalion|Cobalion, L80|277/277\n|move|p1a: Ting-Lu|Stealth Rock|p2a: Cobalion\n|-sidestart|p2: DerpyGato02|move: Stealth Rock\n|\n|upkeep\n|turn|5\n|\n|t:|1781396294\n|switch|p1a: Golurk|Golurk, L87|297/297\n|move|p2a: Cobalion|Close Combat|p1a: Golurk\n|-immune|p1a: Golurk\n|\n|upkeep\n|turn|6\n|\n|t:|1781396301\n|switch|p2a: Sableye|Sableye, L88, F|231/231\n|-damage|p2a: Sableye|203/231|[from] Stealth Rock\n|move|p1a: Golurk|Poltergeist|p2a: Sableye\n|-activate|p2a: Sableye|move: Poltergeist|Leftovers\n|-damage|p2a: Sableye|0 fnt\n|faint|p2a: Sableye\n|\n|upkeep\n|-message|DerpyGato02 forfeited.\n|\n|win|gbbrbybrbrbygn\n|raw|gbbrbybrbrbygn's rating: 1000 &rarr; <strong>1040</strong><br />(+40 for winning)\n|raw|DerpyGato02's rating: 1000 &rarr; <strong>1000</strong><br />(+0 for losing)\n|l|\u2606DerpyGato02\n|player|p2|\n", "uploadtime": 1781396316, "views": 7, "formatid": "gen9randombattle", "rating": 1000, "private": 0, "password": null}