{"id": "gen9randombattle-2631812926", "format": "[Gen 9] Random Battle", "players": ["kkfuticipote", "talonflamecom"], "log": "|j|\u2606kkfuticipote\n|j|\u2606talonflamecom\n|t:|1781443319\n|gametype|singles\n|player|p1|kkfuticipote|twins-gen4dp|1941\n|player|p2|talonflamecom|red-gen2|1951\n|gen|9\n|tier|[Gen 9] Random Battle\n|rated|\n|rule|Species Clause: Limit one of each Pok\u00e9mon\n|rule|HP Percentage Mod: HP is shown in percentages\n|rule|Sleep Clause Mod: Limit one foe put to sleep\n|rule|Illusion Level Mod: Illusion disguises the Pok\u00e9mon's true level\n|\n|t:|1781443319\n|teamsize|p1|6\n|teamsize|p2|6\n|start\n|switch|p1a: Whimsicott|Whimsicott, L84, M|238/238\n|switch|p2a: Archaludon|Archaludon, L78, M|268/268\n|turn|1\n|inactive|Battle timer is ON: inactive players will automatically lose when time's up. (requested by kkfuticipote)\n|inactive|talonflamecom has 120 seconds left.\n|inactive|talonflamecom has 90 seconds left.\n|\n|t:|1781443381\n|switch|p1a: Volbeat|Volbeat, L90, M|263/263\n|move|p2a: Archaludon|Iron Head|p1a: Volbeat\n|-damage|p1a: Volbeat|173/263\n|\n|upkeep\n|turn|2\n|\n|t:|1781443388\n|switch|p2a: Heracross|Heracross, L80, F|259/259\n|move|p1a: Volbeat|Thunder Wave|p2a: Heracross\n|-status|p2a: Heracross|par\n|\n|upkeep\n|turn|3\n|\n|t:|1781443395\n|switch|p1a: Decidueye|Decidueye, L88, F|281/281\n|move|p2a: Heracross|Knock Off|p1a: Decidueye\n|-supereffective|p1a: Decidueye\n|-damage|p1a: Decidueye|11/281\n|-enditem|p1a: Decidueye|Life Orb|[from] move: Knock Off|[of] p2a: Heracross\n|\n|upkeep\n|turn|4\n|\n|t:|1781443405\n|move|p1a: Decidueye|Poltergeist|p2a: Heracross\n|-activate|p2a: Heracross|move: Poltergeist|Flame Orb\n|-damage|p2a: Heracross|84/259 par\n|move|p2a: Heracross|Trailblaze|p1a: Decidueye\n|-resisted|p1a: Decidueye\n|-damage|p1a: Decidueye|0 fnt\n|-boost|p2a: Heracross|spe|1\n|faint|p1a: Decidueye\n|\n|upkeep\n|\n|t:|1781443412\n|switch|p1a: Whimsicott|Whimsicott, L84, M|238/238\n|turn|5\n|\n|t:|1781443420\n|move|p1a: Whimsicott|Moonblast|p2a: Heracross\n|-supereffective|p2a: Heracross\n|-damage|p2a: Heracross|0 fnt\n|faint|p2a: Heracross\n|\n|upkeep\n|\n|t:|1781443427\n|switch|p2a: Archaludon|Archaludon, L78, M|268/268\n|turn|6\n|\n|t:|1781443431\n|move|p1a: Whimsicott|Leech Seed|p2a: Archaludon\n|-start|p2a: Archaludon|move: Leech Seed\n|move|p2a: Archaludon|Iron Head|p1a: Whimsicott\n|-supereffective|p1a: Whimsicott\n|-damage|p1a: Whimsicott|68/238\n|\n|-heal|p1a: Whimsicott|82/238|[from] item: Leftovers\n|-damage|p2a: Archaludon|235/268|[from] Leech Seed|[of] p1a: Whimsicott\n|-heal|p1a: Whimsicott|115/238|[silent]\n|upkeep\n|turn|7\n|\n|t:|1781443439\n|switch|p1a: Zebstrika|Zebstrika, L87, F|272/272\n|move|p2a: Archaludon|Iron Head|p1a: Zebstrika\n|-resisted|p1a: Zebstrika\n|-damage|p1a: Zebstrika|224/272\n|\n|-damage|p2a: Archaludon|202/268|[from] Leech Seed|[of] p1a: Zebstrika\n|-heal|p1a: Zebstrika|257/272|[silent]\n|upkeep\n|turn|8\n|\n|t:|1781443445\n|move|p1a: Zebstrika|High Horsepower|p2a: Archaludon\n|-supereffective|p2a: Archaludon\n|-damage|p2a: Archaludon|43/268\n|-ability|p2a: Archaludon|Stamina|boost\n|-boost|p2a: Archaludon|def|1\n|-damage|p1a: Zebstrika|230/272|[from] item: Life Orb\n|move|p2a: Archaludon|Earthquake|p1a: Zebstrika\n|-supereffective|p1a: Zebstrika\n|-damage|p1a: Zebstrika|76/272\n|\n|-damage|p2a: Archaludon|10/268|[from] Leech Seed|[of] p1a: Zebstrika\n|-heal|p1a: Zebstrika|109/272|[silent]\n|upkeep\n|turn|9\n|\n|t:|1781443463\n|switch|p2a: Dachsbun|Dachsbun, L92, M|254/254\n|move|p1a: Zebstrika|Volt Switch|p2a: Dachsbun\n|-damage|p2a: Dachsbun|168/254\n|-damage|p1a: Zebstrika|82/272|[from] item: Life Orb\n|\n|t:|1781443472\n|switch|p1a: Volbeat|Volbeat, L90, M|173/263|[from] Volt Switch\n|\n|-heal|p2a: Dachsbun|183/254|[from] item: Leftovers\n|upkeep\n|turn|10\n|\n|t:|1781443483\n|switch|p2a: Archaludon|Archaludon, L78, M|10/268\n|move|p1a: Volbeat|Thunder Wave|p2a: Archaludon\n|-status|p2a: Archaludon|par\n|-enditem|p2a: Archaludon|Lum Berry|[eat]\n|-curestatus|p2a: Archaludon|par|[msg]\n|\n|upkeep\n|turn|11\n|l|\u2606kkfuticipote\n|inactive|kkfuticipote disconnected and has a minute to reconnect!\n|player|p1|\n|inactive|kkfuticipote has 30 seconds to reconnect!\n|inactive|kkfuticipote has 20 seconds to reconnect!\n|inactive|kkfuticipote has 15 seconds to reconnect!\n|inactive|kkfuticipote has 10 seconds to reconnect!\n|inactive|kkfuticipote has 5 seconds to reconnect!\n|-message|kkfuticipote lost due to inactivity.\n|\n|win|talonflamecom\n", "inputlog": ">version a8376a258c1d4662feba110a92103f3664a72141\n>start {\"formatid\":\"gen9randombattle\",\"seed\":\"sodium,715b555e2948ade304aa1054681700e0\",\"rated\":\"Rated battle\"}\n>player p1 {\"name\":\"kkfuticipote\",\"avatar\":\"twins-gen4dp\",\"rating\":1941,\"seed\":\"sodium,cdcab70c8e4c6a0dc267078a3259b5e5\"}\n>player p2 {\"name\":\"talonflamecom\",\"avatar\":\"red-gen2\",\"rating\":1951,\"seed\":\"sodium,d24cb7a102e93974110950f5a2ab3f21\"}\n>p1 switch 6\n>p2 move ironhead\n>p1 move thunderwave\n>p2 switch 5\n>p1 switch 2\n>p2 move knockoff\n>p1 move poltergeist\n>p2 move trailblaze\n>p1 switch 6\n>p1 move moonblast\n>p2 move facade\n>p2 switch 5\n>p1 move leechseed\n>p2 move ironhead\n>p1 switch 3\n>p2 move ironhead\n>p1 move highhorsepower\n>p2 move earthquake\n>p1 move voltswitch\n>p2 switch 3\n>p1 switch 2\n>p1 move thunderwave\n>p2 switch 3\n>forcelose p1", "uploadtime": 1781443321, "views": 10, "formatid": "gen9randombattle", "rating": null, "private": 0, "password": null}