{"id": "gen9randombattle-2631426131", "format": "[Gen 9] Random Battle", "players": ["Ponclex", "Unknown Warrior"], "log": "|j|\u2606Ponclex\n|j|\u2606Unknown Warrior\n|t:|1781383185\n|gametype|singles\n|player|p1|Ponclex|265|2057\n|player|p2|Unknown Warrior|266|2005\n|gen|9\n|tier|[Gen 9] Random Battle\n|rated|\n|rule|Species Clause: Limit one of each Pok\u00e9mon\n|rule|HP Percentage Mod: HP is shown in percentages\n|rule|Sleep Clause Mod: Limit one foe put to sleep\n|rule|Illusion Level Mod: Illusion disguises the Pok\u00e9mon's true level\n|\n|t:|1781383185\n|teamsize|p1|6\n|teamsize|p2|6\n|start\n|switch|p1a: Delphox|Delphox, L84, F|263/263\n|switch|p2a: Eelektross|Eelektross, L87, M|290/290\n|turn|1\n|\n|t:|1781383220\n|switch|p1a: Slaking|Slaking, L84, F|389/389\n|switch|p2a: Azelf|Azelf, L82|257/257\n|\n|upkeep\n|turn|2\n|\n|t:|1781383228\n|switch|p2a: Bastiodon|Bastiodon, L89, M|252/252\n|move|p1a: Slaking|Knock Off|p2a: Bastiodon\n|-damage|p2a: Bastiodon|195/252\n|-enditem|p2a: Bastiodon|Chesto Berry|[from] move: Knock Off|[of] p1a: Slaking\n|\n|upkeep\n|turn|3\n|\n|t:|1781383239\n|switch|p1a: Delphox|Delphox, L84, F|263/263\n|switch|p2a: Azelf|Azelf, L82|257/257\n|\n|upkeep\n|turn|4\n|\n|t:|1781383256\n|switch|p1a: Slaking|Slaking, L84, F|389/389\n|move|p2a: Azelf|Psychic|p1a: Slaking\n|-damage|p1a: Slaking|198/389\n|-damage|p2a: Azelf|232/257|[from] item: Life Orb\n|\n|upkeep\n|turn|5\n|\n|t:|1781383267\n|move|p1a: Slaking|Knock Off|p2a: Azelf\n|-supereffective|p2a: Azelf\n|-damage|p2a: Azelf|0 fnt\n|-enditem|p2a: Azelf|Life Orb|[from] move: Knock Off|[of] p1a: Slaking\n|faint|p2a: Azelf\n|\n|upkeep\n|inactive|Battle timer is ON: inactive players will automatically lose when time's up. (requested by Ponclex)\n|\n|t:|1781383275\n|switch|p2a: Eelektross|Eelektross, L87, M|290/290\n|turn|6\n|\n|t:|1781383288\n|switch|p1a: Delphox|Delphox, L84, F|263/263\n|move|p2a: Eelektross|Coil|p2a: Eelektross\n|-boost|p2a: Eelektross|atk|1\n|-boost|p2a: Eelektross|def|1\n|-boost|p2a: Eelektross|accuracy|1\n|\n|upkeep\n|turn|7\n|\n|t:|1781383292\n|move|p1a: Delphox|Fire Blast|p2a: Eelektross\n|-damage|p2a: Eelektross|157/290\n|-status|p2a: Eelektross|brn\n|move|p2a: Eelektross|Supercell Slam|p1a: Delphox\n|-crit|p1a: Delphox\n|-damage|p1a: Delphox|107/263\n|\n|-heal|p2a: Eelektross|175/290 brn|[from] item: Leftovers\n|-damage|p2a: Eelektross|157/290 brn|[from] brn\n|upkeep\n|turn|8\n|c|\u2606Unknown Warrior|oh man\n|\n|t:|1781383303\n|move|p1a: Delphox|Fire Blast|p2a: Eelektross|[miss]\n|-miss|p1a: Delphox|p2a: Eelektross\n|move|p2a: Eelektross|Supercell Slam|p1a: Delphox\n|-damage|p1a: Delphox|0 fnt\n|faint|p1a: Delphox\n|\n|-heal|p2a: Eelektross|175/290 brn|[from] item: Leftovers\n|-damage|p2a: Eelektross|157/290 brn|[from] brn\n|upkeep\n|\n|t:|1781383320\n|switch|p1a: Orthworm|Orthworm, L88, M|266/266\n|turn|9\n|\n|t:|1781383325\n|move|p1a: Orthworm|Coil|p1a: Orthworm\n|-boost|p1a: Orthworm|atk|1\n|-boost|p1a: Orthworm|def|1\n|-boost|p1a: Orthworm|accuracy|1\n|move|p2a: Eelektross|Coil|p2a: Eelektross\n|-boost|p2a: Eelektross|atk|1\n|-boost|p2a: Eelektross|def|1\n|-boost|p2a: Eelektross|accuracy|1\n|\n|-heal|p2a: Eelektross|175/290 brn|[from] item: Leftovers\n|-damage|p2a: Eelektross|157/290 brn|[from] brn\n|upkeep\n|turn|10\n|\n|t:|1781383330\n|move|p1a: Orthworm|Coil|p1a: Orthworm\n|-boost|p1a: Orthworm|atk|1\n|-boost|p1a: Orthworm|def|1\n|-boost|p1a: Orthworm|accuracy|1\n|move|p2a: Eelektross|Coil|p2a: Eelektross\n|-boost|p2a: Eelektross|atk|1\n|-boost|p2a: Eelektross|def|1\n|-boost|p2a: Eelektross|accuracy|1\n|\n|-heal|p2a: Eelektross|175/290 brn|[from] item: Leftovers\n|-damage|p2a: Eelektross|157/290 brn|[from] brn\n|upkeep\n|turn|11\n|\n|t:|1781383337\n|move|p1a: Orthworm|Coil|p1a: Orthworm\n|-boost|p1a: Orthworm|atk|1\n|-boost|p1a: Orthworm|def|1\n|-boost|p1a: Orthworm|accuracy|1\n|move|p2a: Eelektross|Coil|p2a: Eelektross\n|-boost|p2a: Eelektross|atk|1\n|-boost|p2a: Eelektross|def|1\n|-boost|p2a: Eelektross|accuracy|1\n|\n|-heal|p2a: Eelektross|175/290 brn|[from] item: Leftovers\n|-damage|p2a: Eelektross|157/290 brn|[from] brn\n|upkeep\n|turn|12\n|\n|t:|1781383339\n|move|p1a: Orthworm|Coil|p1a: Orthworm\n|-boost|p1a: Orthworm|atk|1\n|-boost|p1a: Orthworm|def|1\n|-boost|p1a: Orthworm|accuracy|1\n|move|p2a: Eelektross|Coil|p2a: Eelektross\n|-boost|p2a: Eelektross|atk|1\n|-boost|p2a: Eelektross|def|1\n|-boost|p2a: Eelektross|accuracy|1\n|\n|-heal|p2a: Eelektross|175/290 brn|[from] item: Leftovers\n|-damage|p2a: Eelektross|157/290 brn|[from] brn\n|upkeep\n|turn|13\n|\n|t:|1781383340\n|move|p1a: Orthworm|Coil|p1a: Orthworm\n|-boost|p1a: Orthworm|atk|1\n|-boost|p1a: Orthworm|def|1\n|-boost|p1a: Orthworm|accuracy|1\n|move|p2a: Eelektross|Coil|p2a: Eelektross\n|-boost|p2a: Eelektross|atk|1\n|-boost|p2a: Eelektross|def|1\n|-boost|p2a: Eelektross|accuracy|1\n|\n|-heal|p2a: Eelektross|175/290 brn|[from] item: Leftovers\n|-damage|p2a: Eelektross|157/290 brn|[from] brn\n|upkeep\n|turn|14\n|\n|t:|1781383344\n|move|p1a: Orthworm|Coil|p1a: Orthworm\n|-boost|p1a: Orthworm|atk|1\n|-boost|p1a: Orthworm|def|1\n|-boost|p1a: Orthworm|accuracy|1\n|move|p2a: Eelektross|Fire Punch|p1a: Orthworm\n|-supereffective|p1a: Orthworm\n|-damage|p1a: Orthworm|225/266\n|\n|-heal|p2a: Eelektross|175/290 brn|[from] item: Leftovers\n|-damage|p2a: Eelektross|157/290 brn|[from] brn\n|upkeep\n|turn|15\n|\n|t:|1781383346\n|move|p1a: Orthworm|Body Press|p2a: Eelektross\n|-damage|p2a: Eelektross|60/290 brn\n|move|p2a: Eelektross|Drain Punch|p1a: Orthworm\n|-supereffective|p1a: Orthworm\n|-damage|p1a: Orthworm|186/266\n|-heal|p2a: Eelektross|80/290 brn|[from] drain|[of] p1a: Orthworm\n|\n|-heal|p2a: Eelektross|98/290 brn|[from] item: Leftovers\n|-damage|p2a: Eelektross|80/290 brn|[from] brn\n|upkeep\n|turn|16\n|\n|t:|1781383349\n|move|p1a: Orthworm|Body Press|p2a: Eelektross\n|-damage|p2a: Eelektross|0 fnt\n|faint|p2a: Eelektross\n|\n|upkeep\n|\n|t:|1781383364\n|switch|p2a: Indeedee|Indeedee-F, L90, F|272/272\n|-fieldstart|move: Psychic Terrain|[from] ability: Psychic Surge|[of] p2a: Indeedee\n|turn|17\n|\n|t:|1781383369\n|move|p2a: Indeedee|Psychic|p1a: Orthworm\n|-resisted|p1a: Orthworm\n|-damage|p1a: Orthworm|53/266\n|-damage|p2a: Indeedee|245/272|[from] item: Life Orb\n|move|p1a: Orthworm|Body Press|p2a: Indeedee\n|-damage|p2a: Indeedee|0 fnt\n|faint|p2a: Indeedee\n|\n|upkeep\n|c|\u2606Unknown Warrior|gg lol\n|c|\u2606Unknown Warrior|!showteam\n|c| Unknown Warrior|/raw <div class=\"infobox\"><details><summary>View team</summary>Eelektross (M) @ Leftovers  <br />Ability: Levitate  <br />Level: 87  <br />Tera Type: Fighting  <br />EVs: 85 HP &#x2f; 85 Atk &#x2f; 85 Def &#x2f; 85 SpA &#x2f; 85 SpD &#x2f; 85 Spe  <br />- Fire Punch  <br />- Coil  <br />- Supercell Slam  <br />- Drain Punch  <br /><br />Bastiodon (M) @ Chesto Berry  <br />Ability: Soundproof  <br />Level: 89  <br />Tera Type: Fighting  <br />EVs: 85 HP &#x2f; 85 Def &#x2f; 85 SpA &#x2f; 85 SpD &#x2f; 85 Spe  <br />IVs: 0 Atk  <br />- Iron Defense  <br />- Rest  <br />- Body Press  <br />- Foul Play  <br /><br />Indeedee (Indeedee-F) (F) @ Life Orb  <br />Ability: Psychic Surge  <br />Level: 90  <br />Tera Type: Psychic  <br />EVs: 85 HP &#x2f; 85 Def &#x2f; 85 SpA &#x2f; 85 SpD &#x2f; 85 Spe  <br />IVs: 0 Atk  <br />- Psychic  <br />- Dazzling Gleam  <br />- Calm Mind  <br />- Hyper Voice  <br /><br />Azelf @ Life Orb  <br />Ability: Levitate  <br />Level: 82  <br />Tera Type: Fire  <br />EVs: 85 HP &#x2f; 85 Atk &#x2f; 85 Def &#x2f; 85 SpA &#x2f; 85 SpD &#x2f; 85 Spe  <br />- Psychic  <br />- Fire Blast  <br />- Encore  <br />- U-turn  <br /><br />Carbink @ Leftovers  <br />Ability: Clear Body  <br />Level: 90  <br />Tera Type: Fighting  <br />EVs: 85 HP &#x2f; 85 Def &#x2f; 85 SpA &#x2f; 85 SpD &#x2f; 85 Spe  <br />IVs: 0 Atk  <br />- Moonblast  <br />- Rock Polish  <br />- Iron Defense  <br />- Body Press  <br /><br />Dunsparce (M) @ Eviolite  <br />Ability: Serene Grace  <br />Level: 86  <br />Tera Type: Ground  <br />EVs: 85 HP &#x2f; 85 Atk &#x2f; 85 Def &#x2f; 85 SpA &#x2f; 85 SpD &#x2f; 85 Spe  <br />- Coil  <br />- Body Slam  <br />- Earthquake  <br />- Roost  <br /><br /></details></div>\n|-message|Unknown Warrior forfeited.\n|\n|win|Ponclex\n", "uploadtime": 1781383187, "views": 8, "formatid": "gen9randombattle", "rating": null, "private": 0, "password": null}