{"id": "gen9randombattle-2631534787", "format": "[Gen 9] Random Battle", "players": ["Imhoribleatpokemon", "Siouxforever1"], "log": "|j|\u2606Imhoribleatpokemon\n|j|\u2606Siouxforever1\n|t:|1781397861\n|gametype|singles\n|player|p1|Imhoribleatpokemon|170|2003\n|player|p2|Siouxforever1|169|1979\n|gen|9\n|tier|[Gen 9] Random Battle\n|rated|\n|rule|Species Clause: Limit one of each Pok\u00e9mon\n|rule|HP Percentage Mod: HP is shown in percentages\n|rule|Sleep Clause Mod: Limit one foe put to sleep\n|rule|Illusion Level Mod: Illusion disguises the Pok\u00e9mon's true level\n|\n|t:|1781397861\n|teamsize|p1|6\n|teamsize|p2|6\n|start\n|switch|p1a: Medicham|Medicham, L86, F|243/243\n|switch|p2a: Brute Bonnet|Brute Bonnet, L80|309/309\n|turn|1\n|inactive|Battle timer is ON: inactive players will automatically lose when time's up. (requested by Imhoribleatpokemon)\n|\n|t:|1781397871\n|-end|p2a: Brute Bonnet|Protosynthesis|[silent]\n|switch|p2a: Spectrier|Spectrier, L75|274/274\n|move|p1a: Medicham|Close Combat|p2a: Spectrier\n|-immune|p2a: Spectrier\n|\n|upkeep\n|turn|2\n|\n|t:|1781397879\n|switch|p1a: Noctowl|Noctowl, L95, F|344/344\n|move|p2a: Spectrier|Nasty Plot|p2a: Spectrier\n|-boost|p2a: Spectrier|spa|2\n|\n|upkeep\n|turn|3\n|inactive|Siouxforever1 has 120 seconds left.\n|\n|t:|1781397915\n|move|p2a: Spectrier|Tera Blast|p1a: Noctowl\n|-damage|p1a: Noctowl|209/344\n|-damage|p2a: Spectrier|247/274|[from] item: Life Orb\n|move|p1a: Noctowl|Hurricane|p2a: Spectrier|[miss]\n|-miss|p1a: Noctowl|p2a: Spectrier\n|\n|upkeep\n|turn|4\n|inactive|Siouxforever1 has 120 seconds left.\n|\n|t:|1781397925\n|move|p2a: Spectrier|Nasty Plot|p2a: Spectrier\n|-boost|p2a: Spectrier|spa|2\n|move|p1a: Noctowl|Roost|p1a: Noctowl\n|-heal|p1a: Noctowl|344/344\n|-singleturn|p1a: Noctowl|move: Roost\n|\n|upkeep\n|turn|5\n|inactive|Siouxforever1 has 120 seconds left.\n|\n|t:|1781397938\n|-terastallize|p2a: Spectrier|Fighting\n|move|p2a: Spectrier|Tera Blast|p1a: Noctowl|[anim] Tera Blast Fighting\n|-damage|p1a: Noctowl|28/344\n|-damage|p2a: Spectrier|220/274|[from] item: Life Orb\n|move|p1a: Noctowl|Hurricane|p2a: Spectrier\n|-supereffective|p2a: Spectrier\n|-damage|p2a: Spectrier|0 fnt\n|faint|p2a: Spectrier\n|\n|upkeep\n|\n|t:|1781397950\n|switch|p2a: Haxorus|Haxorus, L77, F|244/244\n|-ability|p2a: Haxorus|Mold Breaker\n|turn|6\n|\n|t:|1781397958\n|move|p2a: Haxorus|Iron Head|p1a: Noctowl\n|-damage|p1a: Noctowl|0 fnt\n|faint|p1a: Noctowl\n|\n|upkeep\n|\n|t:|1781397961\n|switch|p1a: Talonflame|Talonflame, L83, M|265/265\n|turn|7\n|\n|t:|1781397972\n|switch|p2a: Flareon|Flareon, L90, F|263/263\n|move|p1a: Talonflame|Will-O-Wisp|p2a: Flareon\n|-immune|p2a: Flareon\n|\n|-status|p2a: Flareon|tox|[from] item: Toxic Orb\n|upkeep\n|turn|8\n|\n|t:|1781397986\n|move|p1a: Talonflame|Brave Bird|p2a: Flareon\n|-damage|p2a: Flareon|139/263 tox\n|-damage|p1a: Talonflame|224/265|[from] Recoil\n|move|p2a: Flareon|Trailblaze|p1a: Talonflame\n|-resisted|p1a: Talonflame\n|-damage|p1a: Talonflame|201/265\n|-boost|p2a: Flareon|spe|1\n|\n|-damage|p2a: Flareon|123/263 tox|[from] psn\n|upkeep\n|turn|9\n|\n|t:|1781397992\n|switch|p1a: Exeggutor|Exeggutor-Alola, L89, F|314/314\n|move|p2a: Flareon|Facade|p1a: Exeggutor\n|-damage|p1a: Exeggutor|109/314\n|-enditem|p1a: Exeggutor|Sitrus Berry|[eat]\n|-heal|p1a: Exeggutor|187/314|[from] item: Sitrus Berry\n|\n|-damage|p2a: Flareon|91/263 tox|[from] psn\n|-item|p1a: Exeggutor|Sitrus Berry|[from] ability: Harvest\n|upkeep\n|turn|10\n|\n|t:|1781398003\n|move|p2a: Flareon|Flare Blitz|p1a: Exeggutor\n|-damage|p1a: Exeggutor|0 fnt\n|faint|p1a: Exeggutor\n|-damage|p2a: Flareon|29/263 tox|[from] Recoil\n|\n|-damage|p2a: Flareon|0 fnt|[from] psn\n|faint|p2a: Flareon\n|upkeep\n|inactive|Siouxforever1 has 120 seconds left.\n|\n|t:|1781398024\n|switch|p2a: Haxorus|Haxorus, L77, F|244/244\n|switch|p1a: Medicham|Medicham, L86, F|243/243\n|-ability|p2a: Haxorus|Mold Breaker\n|turn|11\n|inactive|Siouxforever1 has 120 seconds left.\n|\n|t:|1781398036\n|move|p2a: Haxorus|Outrage|p1a: Medicham\n|-damage|p1a: Medicham|75/243\n|move|p1a: Medicham|Close Combat|p2a: Haxorus\n|-damage|p2a: Haxorus|0 fnt\n|-unboost|p1a: Medicham|def|1\n|-unboost|p1a: Medicham|spd|1\n|faint|p2a: Haxorus\n|\n|upkeep\n|\n|t:|1781398050\n|switch|p2a: Brute Bonnet|Brute Bonnet, L80|309/309\n|turn|12\n|\n|t:|1781398056\n|switch|p1a: Talonflame|Talonflame, L83, M|201/265\n|move|p2a: Brute Bonnet|Sucker Punch||[still]\n|-fail|p2a: Brute Bonnet\n|\n|upkeep\n|turn|13\n|inactive|Siouxforever1 has 120 seconds left.\n|\n|t:|1781398069\n|move|p1a: Talonflame|Will-O-Wisp|p2a: Brute Bonnet\n|-status|p2a: Brute Bonnet|brn\n|move|p2a: Brute Bonnet|Spore|p1a: Talonflame\n|-status|p1a: Talonflame|slp|[from] move: Spore\n|\n|-damage|p2a: Brute Bonnet|290/309 brn|[from] brn\n|upkeep\n|turn|14\n|inactive|Siouxforever1 has 120 seconds left.\n|\n|t:|1781398080\n|cant|p1a: Talonflame|slp\n|move|p2a: Brute Bonnet|Crunch|p1a: Talonflame\n|-damage|p1a: Talonflame|142/265 slp\n|-unboost|p1a: Talonflame|def|1\n|\n|-heal|p2a: Brute Bonnet|309/309 brn|[from] item: Leftovers\n|-damage|p2a: Brute Bonnet|290/309 brn|[from] brn\n|upkeep\n|turn|15\n|\n|t:|1781398086\n|switch|p1a: Bellibolt|Bellibolt, L84, M|320/320\n|move|p2a: Brute Bonnet|Crunch|p1a: Bellibolt\n|-damage|p1a: Bellibolt|274/320\n|-unboost|p1a: Bellibolt|def|1\n|-start|p1a: Bellibolt|Charge|Crunch|[from] ability: Electromorphosis\n|\n|-heal|p2a: Brute Bonnet|309/309 brn|[from] item: Leftovers\n|-heal|p1a: Bellibolt|294/320|[from] item: Leftovers\n|-damage|p2a: Brute Bonnet|290/309 brn|[from] brn\n|upkeep\n|turn|16\n|\n|t:|1781398092\n|-end|p2a: Brute Bonnet|Protosynthesis|[silent]\n|switch|p2a: Sunflora|Sunflora, M|312/312\n|move|p1a: Bellibolt|Volt Switch|p2a: Sunflora\n|-resisted|p2a: Sunflora\n|-damage|p2a: Sunflora|243/312\n|-end|p1a: Bellibolt|Charge|[silent]\n|\n|t:|1781398094\n|switch|p1a: Medicham|Medicham, L86, F|75/243|[from] Volt Switch\n|\n|upkeep\n|turn|17\n|inactive|Siouxforever1 has 120 seconds left.\n|inactive|Siouxforever1 has 90 seconds left.\n|inactive|Siouxforever1 has 60 seconds left.\n|inactive|Siouxforever1 has 30 seconds left.\n|inactive|Siouxforever1 has 20 seconds left.\n|inactive|Siouxforever1 has 15 seconds left.\n|inactive|Siouxforever1 has 10 seconds left.\n|inactive|Siouxforever1 has 5 seconds left.\n|-message|Siouxforever1 lost due to inactivity.\n|\n|win|Imhoribleatpokemon\n", "inputlog": ">version a8376a258c1d4662feba110a92103f3664a72141\n>start {\"formatid\":\"gen9randombattle\",\"seed\":\"sodium,b69c506aa8f2c1ad199f75dd366aaef5\",\"rated\":\"Rated battle\"}\n>player p1 {\"name\":\"Imhoribleatpokemon\",\"avatar\":\"170\",\"rating\":2003,\"seed\":\"sodium,810821e693a8e32b0682513249e122c4\"}\n>player p2 {\"name\":\"Siouxforever1\",\"avatar\":\"169\",\"rating\":1979,\"seed\":\"sodium,79fa49d7037efc0059a0ce7c80a23416\"}\n>p1 move closecombat\n>p2 switch 4\n>p1 switch 6\n>p2 move nastyplot\n>p1 move hurricane\n>p2 move terablast\n>p1 move roost\n>p2 move nastyplot\n>p1 move hurricane\n>p2 move terablast terastallize\n>p2 switch 2\n>p1 move hypervoice\n>p2 move ironhead\n>p1 switch 4\n>p1 move willowisp\n>p2 switch 5\n>p1 move bravebird\n>p2 move trailblaze\n>p1 switch 3\n>p2 move facade\n>p1 move gigadrain\n>p2 move flareblitz\n>p1 switch 6\n>p2 switch 5\n>p1 move closecombat\n>p2 move outrage\n>p2 switch 4\n>p1 switch 3\n>p2 move suckerpunch\n>p1 move willowisp\n>p2 move spore\n>p1 move roost\n>p2 move crunch\n>p1 switch 2\n>p2 move crunch\n>p1 move voltswitch\n>p2 switch 3\n>p1 switch 3\n>forcelose p2", "uploadtime": 1781397863, "views": 4, "formatid": "gen9randombattle", "rating": null, "private": 0, "password": null}