{"id": "gen9randombattle-2631643520", "format": "[Gen 9] Random Battle", "players": ["lalalaplant", "Lujay7"], "log": "|j|\u2606lalalaplant\n|j|\u2606Lujay7\n|t:|1781413762\n|gametype|singles\n|player|p1|lalalaplant|101|2005\n|player|p2|Lujay7|2|1957\n|gen|9\n|tier|[Gen 9] Random Battle\n|rated|\n|rule|Species Clause: Limit one of each Pok\u00e9mon\n|rule|HP Percentage Mod: HP is shown in percentages\n|rule|Sleep Clause Mod: Limit one foe put to sleep\n|rule|Illusion Level Mod: Illusion disguises the Pok\u00e9mon's true level\n|\n|t:|1781413762\n|teamsize|p1|6\n|teamsize|p2|6\n|start\n|switch|p1a: Tauros|Tauros, L82, M|257/257\n|switch|p2a: Toucannon|Toucannon, L88, F|284/284\n|turn|1\n|inactive|Battle timer is ON: inactive players will automatically lose when time's up. (requested by Lujay7)\n|\n|t:|1781413777\n|switch|p1a: Armarouge|Armarouge, L80, M|267/267\n|-singleturn|p2a: Toucannon|move: Beak Blast\n|move|p2a: Toucannon|Beak Blast|p1a: Armarouge\n|-damage|p1a: Armarouge|146/267\n|-ability|p1a: Armarouge|Weak Armor|boost\n|-unboost|p1a: Armarouge|def|1\n|-boost|p1a: Armarouge|spe|2\n|\n|upkeep\n|turn|2\n|inactive|Lujay7 has 120 seconds left.\n|\n|t:|1781413810\n|-singleturn|p2a: Toucannon|move: Beak Blast\n|move|p1a: Armarouge|Meteor Beam||[still]\n|-prepare|p1a: Armarouge|Meteor Beam\n|-boost|p1a: Armarouge|spa|1\n|-enditem|p1a: Armarouge|Power Herb\n|-anim|p1a: Armarouge|Meteor Beam|p2a: Toucannon\n|-supereffective|p2a: Toucannon\n|-damage|p2a: Toucannon|0 fnt\n|faint|p2a: Toucannon\n|\n|upkeep\n|inactive|Lujay7 has 120 seconds left.\n|\n|t:|1781413817\n|switch|p2a: Okidogi|Okidogi, L77, M|262/262\n|turn|3\n|\n|t:|1781413821\n|-terastallize|p2a: Okidogi|Dark\n|move|p1a: Armarouge|Armor Cannon|p2a: Okidogi\n|-damage|p2a: Okidogi|108/262\n|-unboost|p1a: Armarouge|def|1\n|-unboost|p1a: Armarouge|spd|1\n|move|p2a: Okidogi|Knock Off|p1a: Armarouge\n|-supereffective|p1a: Armarouge\n|-damage|p1a: Armarouge|0 fnt\n|faint|p1a: Armarouge\n|\n|upkeep\n|\n|t:|1781413830\n|switch|p1a: Tauros|Tauros, L82, M|257/257\n|turn|4\n|\n|t:|1781413838\n|switch|p2a: Palossand|Palossand, L89, M|296/296\n|move|p1a: Tauros|Close Combat|p2a: Palossand\n|-immune|p2a: Palossand\n|\n|upkeep\n|turn|5\n|\n|t:|1781413843\n|switch|p1a: Mamoswine|Mamoswine, L81, F|311/311\n|move|p2a: Palossand|Stealth Rock|p1a: Mamoswine\n|-sidestart|p1: lalalaplant|move: Stealth Rock\n|\n|upkeep\n|turn|6\n|\n|t:|1781413851\n|move|p1a: Mamoswine|Icicle Crash|p2a: Palossand|[miss]\n|-miss|p1a: Mamoswine|p2a: Palossand\n|move|p2a: Palossand|Earth Power|p1a: Mamoswine\n|-damage|p1a: Mamoswine|163/311\n|\n|upkeep\n|turn|7\n|\n|t:|1781413860\n|move|p1a: Mamoswine|Icicle Crash|p2a: Palossand\n|-supereffective|p2a: Palossand\n|-damage|p2a: Palossand|44/296\n|move|p2a: Palossand|Earth Power|p1a: Mamoswine\n|-damage|p1a: Mamoswine|6/311\n|\n|-heal|p2a: Palossand|62/296|[from] item: Leftovers\n|upkeep\n|turn|8\n|\n|t:|1781413867\n|move|p1a: Mamoswine|Icicle Crash|p2a: Palossand\n|-supereffective|p2a: Palossand\n|-damage|p2a: Palossand|0 fnt\n|faint|p2a: Palossand\n|\n|upkeep\n|\n|t:|1781413872\n|switch|p2a: Gardevoir|Gardevoir, L83, M|249/249\n|-ability|p2a: Gardevoir|Thick Fat|Trace|[from] ability: Trace|[of] p1a: Mamoswine\n|turn|9\n|\n|t:|1781413876\n|move|p2a: Gardevoir|Moonblast|p1a: Mamoswine\n|-damage|p1a: Mamoswine|0 fnt\n|faint|p1a: Mamoswine\n|\n|upkeep\n|\n|t:|1781413883\n|switch|p1a: Noctowl|Noctowl, L95, F|344/344\n|turn|10\n|\n|t:|1781413896\n|switch|p2a: Okidogi|Okidogi, L77, M, tera:Dark|108/262\n|move|p1a: Noctowl|Hyper Voice|p2a: Okidogi\n|-damage|p2a: Okidogi|32/262\n|\n|upkeep\n|turn|11\n|\n|t:|1781413912\n|move|p1a: Noctowl|Hyper Voice|p2a: Okidogi\n|-damage|p2a: Okidogi|0 fnt\n|faint|p2a: Okidogi\n|\n|upkeep\n|\n|t:|1781413916\n|switch|p2a: Gardevoir|Gardevoir, L83, M|249/249\n|-ability|p2a: Gardevoir|Tinted Lens|Trace|[from] ability: Trace|[of] p1a: Noctowl\n|turn|12\n|\n|t:|1781413920\n|move|p2a: Gardevoir|Psyshock|p1a: Noctowl\n|-damage|p1a: Noctowl|209/344\n|move|p1a: Noctowl|Hyper Voice|p2a: Gardevoir\n|-damage|p2a: Gardevoir|161/249\n|\n|upkeep\n|turn|13\n|inactive|Lujay7 has 120 seconds left.\n|\n|t:|1781413964\n|move|p2a: Gardevoir|Psyshock|p1a: Noctowl\n|-damage|p1a: Noctowl|85/344\n|move|p1a: Noctowl|Roost|p1a: Noctowl\n|-heal|p1a: Noctowl|257/344\n|-singleturn|p1a: Noctowl|move: Roost\n|\n|upkeep\n|turn|14\n|\n|t:|1781413983\n|move|p2a: Gardevoir|Psyshock|p1a: Noctowl\n|-damage|p1a: Noctowl|134/344\n|move|p1a: Noctowl|Roost|p1a: Noctowl\n|-heal|p1a: Noctowl|306/344\n|-singleturn|p1a: Noctowl|move: Roost\n|\n|upkeep\n|turn|15\n|inactive|Lujay7 has 120 seconds left.\n|inactive|Lujay7 has 90 seconds left.\n|\n|t:|1781414020\n|switch|p2a: Brute Bonnet|Brute Bonnet, L80|309/309\n|move|p1a: Noctowl|Defog|p2a: Brute Bonnet\n|-unboost|p2a: Brute Bonnet|evasion|1\n|-sideend|p1: lalalaplant|Stealth Rock|[from] move: Defog|[of] p1a: Noctowl\n|\n|upkeep\n|turn|16\n|\n|t:|1781414027\n|move|p1a: Noctowl|Hurricane|p2a: Brute Bonnet\n|-supereffective|p2a: Brute Bonnet\n|-damage|p2a: Brute Bonnet|45/309\n|-start|p2a: Brute Bonnet|confusion\n|-activate|p2a: Brute Bonnet|confusion\n|-damage|p2a: Brute Bonnet|15/309|[from] confusion\n|\n|-heal|p2a: Brute Bonnet|34/309|[from] item: Leftovers\n|upkeep\n|turn|17\n|inactive|Lujay7 has 90 seconds left.\n|inactive|Lujay7 has 60 seconds left.\n|inactive|Lujay7 has 30 seconds left.\n|inactive|Lujay7 has 20 seconds left.\n|inactive|Lujay7 has 15 seconds left.\n|\n|t:|1781414127\n|-activate|p2a: Brute Bonnet|confusion\n|-damage|p2a: Brute Bonnet|5/309|[from] confusion\n|move|p1a: Noctowl|Hyper Voice|p2a: Brute Bonnet\n|-damage|p2a: Brute Bonnet|0 fnt\n|faint|p2a: Brute Bonnet\n|-end|p2a: Brute Bonnet|Protosynthesis|[silent]\n|\n|upkeep\n|inactive|Lujay7 has 20 seconds left this turn.\n|\n|t:|1781414129\n|switch|p2a: Gallade|Gallade, L80, M|240/240\n|turn|18\n|inactive|Lujay7 has 30 seconds left this turn.\n|\n|t:|1781414142\n|move|p1a: Noctowl|Hurricane|p2a: Gallade|[miss]\n|-miss|p1a: Noctowl|p2a: Gallade\n|move|p2a: Gallade|Sacred Sword|p1a: Noctowl\n|-damage|p1a: Noctowl|12/344\n|\n|upkeep\n|turn|19\n|inactive|Lujay7 has 30 seconds left.\n|\n|t:|1781414153\n|move|p1a: Noctowl|Hurricane|p2a: Gallade\n|-supereffective|p2a: Gallade\n|-damage|p2a: Gallade|24/240\n|move|p2a: Gallade|Sacred Sword|p1a: Noctowl\n|-damage|p1a: Noctowl|0 fnt\n|faint|p1a: Noctowl\n|\n|upkeep\n|\n|t:|1781414159\n|switch|p1a: Tauros|Tauros, L82, M|257/257\n|turn|20\n|\n|t:|1781414170\n|move|p1a: Tauros|Body Slam|p2a: Gallade\n|-damage|p2a: Gallade|0 fnt\n|faint|p2a: Gallade\n|\n|upkeep\n|\n|t:|1781414171\n|switch|p2a: Gardevoir|Gardevoir, L83, M|161/249\n|-ability|p2a: Gardevoir|Sheer Force|Trace|[from] ability: Trace|[of] p1a: Tauros\n|turn|21\n|\n|t:|1781414184\n|move|p2a: Gardevoir|Moonblast|p1a: Tauros\n|-damage|p1a: Tauros|76/257\n|move|p1a: Tauros|Body Slam|p2a: Gardevoir\n|-damage|p2a: Gardevoir|0 fnt\n|faint|p2a: Gardevoir\n|\n|win|lalalaplant\n", "inputlog": ">version a8376a258c1d4662feba110a92103f3664a72141\n>start {\"formatid\":\"gen9randombattle\",\"seed\":\"sodium,f988a45a7615c68535b2ac50bc42f550\",\"rated\":\"Rated battle\"}\n>player p1 {\"name\":\"lalalaplant\",\"avatar\":\"101\",\"rating\":2005,\"seed\":\"sodium,f37453f1d829c659518a1f127f18056a\"}\n>player p2 {\"name\":\"Lujay7\",\"avatar\":\"2\",\"rating\":1957,\"seed\":\"sodium,c09eeec3962ddc67bd2fd23515be98a0\"}\n>p1 switch 6\n>p2 move beakblast\n>p1 move meteorbeam\n>p2 move beakblast\n>p2 switch 4\n>p1 move armorcannon\n>p2 move knockoff terastallize\n>p1 switch 6\n>p1 move closecombat\n>p2 switch 5\n>p1 switch 2\n>p2 move stealthrock\n>p1 move iciclecrash\n>p2 move earthpower\n>p1 move iciclecrash\n>p2 move earthpower\n>p1 move iciclecrash\n>p2 move shoreup\n>p2 switch 6\n>p1 move iciclecrash\n>p2 move moonblast\n>p1 switch 3\n>p1 move hypervoice\n>p2 switch 5\n>p1 move hypervoice\n>p2 move knockoff\n>p2 switch 5\n>p1 move hypervoice\n>p2 move psyshock\n>p1 move roost\n>p2 move psyshock\n>p1 move roost\n>p2 move psyshock\n>p1 move defog\n>p2 switch 2\n>p1 move hurricane\n>p2 move spore\n>p1 move hypervoice\n>p2 move suckerpunch\n>p2 switch 3\n>p1 move hurricane\n>p2 move sacredsword\n>p1 move hurricane\n>p2 move sacredsword\n>p1 switch 2\n>p1 move bodyslam\n>p2 move sacredsword\n>p2 switch 2\n>p1 move bodyslam\n>p2 move moonblast", "uploadtime": 1781413764, "views": 5, "formatid": "gen9randombattle", "rating": null, "private": 0, "password": null}