{"id": "gen9randombattle-2631472644", "format": "[Gen 9] Random Battle", "players": ["ctal2124", "churab"], "log": "|j|\u203dctal2124\n|j|\u2606churab\n|t:|1781389103\n|gametype|singles\n|player|p1|ctal2124|1|1446\n|player|p2|churab|riley|1448\n|gen|9\n|tier|[Gen 9] Random Battle\n|rated|\n|rule|Species Clause: Limit one of each Pok\u00e9mon\n|rule|HP Percentage Mod: HP is shown in percentages\n|rule|Sleep Clause Mod: Limit one foe put to sleep\n|rule|Illusion Level Mod: Illusion disguises the Pok\u00e9mon's true level\n|\n|t:|1781389103\n|teamsize|p1|6\n|teamsize|p2|6\n|start\n|switch|p1a: Stonjourner|Stonjourner, L91, M|330/330\n|switch|p2a: Bisharp|Bisharp, L79, F|232/232\n|turn|1\n|\n|t:|1781389125\n|switch|p2a: Altaria|Altaria, L89, M|278/278\n|move|p1a: Stonjourner|Stealth Rock|p2a: Altaria\n|-sidestart|p2: churab|move: Stealth Rock\n|\n|upkeep\n|turn|2\n|\n|t:|1781389144\n|switch|p2a: Glimmora|Glimmora, L75, M|248/248\n|-damage|p2a: Glimmora|217/248|[from] Stealth Rock\n|move|p1a: Stonjourner|Stone Edge|p2a: Glimmora\n|-damage|p2a: Glimmora|17/248\n|-activate|p2a: Glimmora|ability: Toxic Debris\n|-sidestart|p1: ctal2124|move: Toxic Spikes\n|-damage|p1a: Stonjourner|297/330|[from] item: Life Orb\n|\n|upkeep\n|turn|3\n|\n|t:|1781389159\n|move|p1a: Stonjourner|Heat Crash|p2a: Glimmora\n|-resisted|p2a: Glimmora\n|-damage|p2a: Glimmora|0 fnt\n|-activate|p2a: Glimmora|ability: Toxic Debris\n|-sidestart|p1: ctal2124|move: Toxic Spikes\n|faint|p2a: Glimmora\n|-damage|p1a: Stonjourner|264/330|[from] item: Life Orb\n|\n|upkeep\n|\n|t:|1781389167\n|switch|p2a: Camerupt|Camerupt, L91, F|275/275\n|-damage|p2a: Camerupt|241/275|[from] Stealth Rock\n|turn|4\n|\n|t:|1781389174\n|-terastallize|p2a: Camerupt|Water\n|move|p1a: Stonjourner|Earthquake|p2a: Camerupt\n|-damage|p2a: Camerupt|92/275\n|-damage|p1a: Stonjourner|231/330|[from] item: Life Orb\n|move|p2a: Camerupt|Will-O-Wisp|p1a: Stonjourner\n|-status|p1a: Stonjourner|brn\n|\n|-heal|p2a: Camerupt|109/275|[from] item: Leftovers\n|-damage|p1a: Stonjourner|211/330 brn|[from] brn\n|upkeep\n|turn|5\n|\n|t:|1781389187\n|move|p1a: Stonjourner|Stone Edge|p2a: Camerupt\n|-damage|p2a: Camerupt|4/275\n|-damage|p1a: Stonjourner|178/330 brn|[from] item: Life Orb\n|move|p2a: Camerupt|Earthquake|p1a: Stonjourner\n|-supereffective|p1a: Stonjourner\n|-damage|p1a: Stonjourner|2/330 brn\n|\n|-heal|p2a: Camerupt|21/275|[from] item: Leftovers\n|-damage|p1a: Stonjourner|0 fnt|[from] brn\n|faint|p1a: Stonjourner\n|upkeep\n|\n|t:|1781389217\n|switch|p1a: Slowking|Slowking-Galar, L85, F|300/300\n|-sideend|p1: ctal2124|move: Toxic Spikes|[of] p1a: Slowking\n|turn|6\n|inactive|Battle timer is ON: inactive players will automatically lose when time's up. (requested by churab)\n|\n|t:|1781389222\n|switch|p1a: Tropius|Tropius, L91, F|328/328\n|move|p2a: Camerupt|Earthquake|p1a: Tropius\n|-immune|p1a: Tropius\n|\n|-heal|p2a: Camerupt|38/275|[from] item: Leftovers\n|upkeep\n|turn|7\n|\n|t:|1781389240\n|move|p1a: Tropius|Dual Wingbeat|p2a: Camerupt\n|-damage|p2a: Camerupt|0 fnt\n|faint|p2a: Camerupt\n|-hitcount|p2: Camerupt|1\n|\n|upkeep\n|\n|t:|1781389244\n|switch|p2a: Eiscue|Eiscue, L88, F|274/274\n|-damage|p2a: Eiscue|206/274|[from] Stealth Rock\n|turn|8\n|inactive|ctal2124 has 120 seconds left.\n|\n|t:|1781389277\n|switch|p1a: Swampert|Swampert, L83, M|302/302\n|move|p2a: Eiscue|Belly Drum|p2a: Eiscue\n|-damage|p2a: Eiscue|69/274\n|-setboost|p2a: Eiscue|atk|6|[from] move: Belly Drum\n|-enditem|p2a: Eiscue|Sitrus Berry|[eat]\n|-heal|p2a: Eiscue|137/274|[from] item: Sitrus Berry\n|\n|upkeep\n|turn|9\n|inactive|ctal2124 has 120 seconds left.\n|\n|t:|1781389293\n|move|p1a: Swampert|Yawn|p2a: Eiscue\n|-start|p2a: Eiscue|move: Yawn|[of] p1a: Swampert\n|move|p2a: Eiscue|Liquidation|p1a: Swampert\n|-damage|p1a: Swampert|62/302\n|\n|-heal|p1a: Swampert|80/302|[from] item: Leftovers\n|upkeep\n|turn|10\n|inactive|ctal2124 has 120 seconds left.\n|\n|t:|1781389308\n|switch|p1a: Slowking|Slowking-Galar, L85, F|300/300\n|move|p2a: Eiscue|Ice Spinner|p1a: Slowking\n|-damage|p1a: Slowking|0 fnt\n|faint|p1a: Slowking\n|\n|-end|p2a: Eiscue|move: Yawn|[silent]\n|-status|p2a: Eiscue|slp\n|upkeep\n|\n|t:|1781389333\n|switch|p1a: Sandy Shocks|Sandy Shocks, L80|267/267\n|turn|11\n|\n|t:|1781389340\n|move|p1a: Sandy Shocks|Thunderbolt|p2a: Eiscue\n|-damage|p2a: Eiscue|31/274 slp\n|cant|p2a: Eiscue|slp\n|\n|upkeep\n|turn|12\n|\n|t:|1781389348\n|move|p1a: Sandy Shocks|Thunderbolt|p2a: Eiscue\n|-damage|p2a: Eiscue|0 fnt\n|faint|p2a: Eiscue\n|\n|upkeep\n|\n|t:|1781389351\n|switch|p2a: Altaria|Altaria, L89, M|278/278\n|turn|13\n|inactive|ctal2124 has 120 seconds left.\n|\n|t:|1781389359\n|move|p1a: Sandy Shocks|Volt Switch|p2a: Altaria\n|-damage|p2a: Altaria|209/278\n|inactive|ctal2124 has 120 seconds left.\n|\n|t:|1781389366\n|-end|p1a: Sandy Shocks|Protosynthesis|[silent]\n|switch|p1a: Swampert|Swampert, L83, M|80/302|[from] Volt Switch\n|move|p2a: Altaria|Dragon Dance|p2a: Altaria\n|-boost|p2a: Altaria|atk|1\n|-boost|p2a: Altaria|spe|1\n|\n|-heal|p1a: Swampert|98/302|[from] item: Leftovers\n|upkeep\n|turn|14\n|inactive|ctal2124 has 120 seconds left.\n|\n|t:|1781389377\n|move|p2a: Altaria|Brave Bird|p1a: Swampert\n|-damage|p1a: Swampert|0 fnt\n|faint|p1a: Swampert\n|-damage|p2a: Altaria|177/278|[from] Recoil\n|\n|upkeep\n|inactive|ctal2124 has 120 seconds left.\n|\n|t:|1781389402\n|switch|p1a: Sandy Shocks|Sandy Shocks, L80|267/267\n|turn|15\n|\n|t:|1781389408\n|move|p2a: Altaria|Earthquake|p1a: Sandy Shocks\n|-supereffective|p1a: Sandy Shocks\n|-damage|p1a: Sandy Shocks|87/267\n|move|p1a: Sandy Shocks|Thunderbolt|p2a: Altaria\n|-damage|p2a: Altaria|96/278\n|\n|upkeep\n|turn|16\n|\n|t:|1781389417\n|move|p2a: Altaria|Roost|p2a: Altaria\n|-heal|p2a: Altaria|235/278\n|-singleturn|p2a: Altaria|move: Roost\n|move|p1a: Sandy Shocks|Thunderbolt|p2a: Altaria\n|-resisted|p2a: Altaria\n|-damage|p2a: Altaria|189/278\n|\n|upkeep\n|turn|17\n|inactive|ctal2124 has 120 seconds left.\n|\n|t:|1781389427\n|move|p2a: Altaria|Earthquake|p1a: Sandy Shocks\n|-supereffective|p1a: Sandy Shocks\n|-damage|p1a: Sandy Shocks|0 fnt\n|faint|p1a: Sandy Shocks\n|-end|p1a: Sandy Shocks|Protosynthesis|[silent]\n|\n|upkeep\n|\n|t:|1781389454\n|switch|p1a: Tropius|Tropius, L91, F|328/328\n|turn|18\n|\n|t:|1781389465\n|-terastallize|p1a: Tropius|Ground\n|move|p2a: Altaria|Brave Bird|p1a: Tropius\n|-damage|p1a: Tropius|180/328\n|-damage|p2a: Altaria|140/278|[from] Recoil\n|move|p1a: Tropius|Dragon Dance|p1a: Tropius\n|-boost|p1a: Tropius|atk|1\n|-boost|p1a: Tropius|spe|1\n|\n|upkeep\n|turn|19\n|\n|t:|1781389480\n|move|p2a: Altaria|Dragon Dance|p2a: Altaria\n|-boost|p2a: Altaria|atk|1\n|-boost|p2a: Altaria|spe|1\n|move|p1a: Tropius|Dragon Dance|p1a: Tropius\n|-boost|p1a: Tropius|atk|1\n|-boost|p1a: Tropius|spe|1\n|\n|upkeep\n|turn|20\n|\n|t:|1781389487\n|move|p2a: Altaria|Brave Bird|p1a: Tropius\n|-damage|p1a: Tropius|0 fnt\n|faint|p1a: Tropius\n|-damage|p2a: Altaria|81/278|[from] Recoil\n|\n|upkeep\n|-message|ctal2124 forfeited.\n|\n|win|churab\n|raw|ctal2124's rating: 1446 &rarr; <strong>1426</strong><br />(-20 for losing)\n|raw|churab's rating: 1448 &rarr; <strong>1468</strong><br />(+20 for winning)\n|l|\u203dctal2124\n|player|p1|\n", "uploadtime": 1781389502, "views": 2, "formatid": "gen9randombattle", "rating": 1426, "private": 0, "password": null}