{"id": "gen9randombattle-2631382690", "format": "[Gen 9] Random Battle", "players": ["spreadcrosser", "Dark Cheshire"], "log": "|j|\u2606spreadcrosser\n|j|\u2606Dark Cheshire\n|t:|1781378104\n|gametype|singles\n|player|p1|spreadcrosser|265|1347\n|player|p2|Dark Cheshire|cynthia-gen4|1336\n|gen|9\n|tier|[Gen 9] Random Battle\n|rated|\n|rule|Species Clause: Limit one of each Pok\u00e9mon\n|rule|HP Percentage Mod: HP is shown in percentages\n|rule|Sleep Clause Mod: Limit one foe put to sleep\n|rule|Illusion Level Mod: Illusion disguises the Pok\u00e9mon's true level\n|\n|t:|1781378104\n|teamsize|p1|6\n|teamsize|p2|6\n|start\n|switch|p1a: Goodra|Goodra, L85, M|292/292\n|switch|p2a: Flygon|Flygon, L82, M|265/265\n|turn|1\n|inactive|Battle timer is ON: inactive players will automatically lose when time's up. (requested by Dark Cheshire)\n|\n|t:|1781378108\n|move|p2a: Flygon|Outrage|p1a: Goodra\n|-supereffective|p1a: Goodra\n|-damage|p1a: Goodra|0 fnt\n|faint|p1a: Goodra\n|\n|upkeep\n|\n|t:|1781378128\n|switch|p1a: Manaphy|Manaphy, L78|284/284\n|turn|2\n|\n|t:|1781378131\n|move|p2a: Flygon|Outrage|p1a: Manaphy|[from] lockedmove\n|-damage|p1a: Manaphy|175/284\n|-start|p2a: Flygon|confusion|[fatigue]\n|move|p1a: Manaphy|Ice Beam|p2a: Flygon\n|-supereffective|p2a: Flygon\n|-damage|p2a: Flygon|29/265\n|\n|-heal|p1a: Manaphy|192/284|[from] item: Leftovers\n|upkeep\n|turn|3\n|\n|t:|1781378150\n|switch|p2a: Metagross|Metagross, L79|256/256\n|move|p1a: Manaphy|Tail Glow|p1a: Manaphy\n|-boost|p1a: Manaphy|spa|3\n|\n|-heal|p1a: Manaphy|209/284|[from] item: Leftovers\n|upkeep\n|turn|4\n|\n|t:|1781378155\n|-terastallize|p1a: Manaphy|Water\n|move|p1a: Manaphy|Surf|p2a: Metagross\n|-damage|p2a: Metagross|0 fnt\n|faint|p2a: Metagross\n|\n|-heal|p1a: Manaphy|226/284|[from] item: Leftovers\n|upkeep\n|\n|t:|1781378164\n|switch|p2a: Smeargle|Smeargle, L95, M|258/258\n|turn|5\n|\n|t:|1781378167\n|move|p1a: Manaphy|Surf|p2a: Smeargle\n|-enditem|p2a: Smeargle|Focus Sash\n|-damage|p2a: Smeargle|1/258\n|move|p2a: Smeargle|Spore|p1a: Manaphy\n|-status|p1a: Manaphy|slp|[from] move: Spore\n|\n|-heal|p1a: Manaphy|243/284 slp|[from] item: Leftovers\n|upkeep\n|turn|6\n|\n|t:|1781378173\n|cant|p1a: Manaphy|slp\n|move|p2a: Smeargle|Sticky Web|p1a: Manaphy\n|-sidestart|p1: spreadcrosser|move: Sticky Web\n|\n|-heal|p1a: Manaphy|260/284 slp|[from] item: Leftovers\n|upkeep\n|turn|7\n|\n|t:|1781378175\n|cant|p1a: Manaphy|slp\n|move|p2a: Smeargle|Whirlwind|p1a: Manaphy\n|drag|p1a: Dodrio|Dodrio, L85, F|241/241\n|\n|upkeep\n|turn|8\n|\n|t:|1781378179\n|move|p1a: Dodrio|Swords Dance|p1a: Dodrio\n|-boost|p1a: Dodrio|atk|2\n|move|p2a: Smeargle|Ceaseless Edge|p1a: Dodrio\n|-damage|p1a: Dodrio|214/241\n|-sidestart|p1: spreadcrosser|Spikes\n|\n|upkeep\n|turn|9\n|\n|t:|1781378184\n|move|p1a: Dodrio|Knock Off|p2a: Smeargle\n|-damage|p2a: Smeargle|0 fnt\n|faint|p2a: Smeargle\n|\n|upkeep\n|\n|t:|1781378192\n|switch|p2a: Flygon|Flygon, L82, M|29/265\n|turn|10\n|\n|t:|1781378195\n|move|p2a: Flygon|Stone Edge|p1a: Dodrio\n|-supereffective|p1a: Dodrio\n|-damage|p1a: Dodrio|50/241\n|move|p1a: Dodrio|Knock Off|p2a: Flygon\n|-damage|p2a: Flygon|0 fnt\n|-enditem|p2a: Flygon|Choice Scarf|[from] move: Knock Off|[of] p1a: Dodrio\n|faint|p2a: Flygon\n|\n|upkeep\n|\n|t:|1781378204\n|switch|p2a: Bisharp|Bisharp, L79, F|232/232\n|turn|11\n|\n|t:|1781378220\n|move|p1a: Dodrio|Drill Run|p2a: Bisharp\n|-supereffective|p2a: Bisharp\n|-damage|p2a: Bisharp|68/232\n|move|p2a: Bisharp|Stealth Rock|p1a: Dodrio\n|-sidestart|p1: spreadcrosser|move: Stealth Rock\n|\n|upkeep\n|turn|12\n|\n|t:|1781378223\n|move|p2a: Bisharp|Sucker Punch||[still]\n|-fail|p2a: Bisharp\n|move|p1a: Dodrio|Swords Dance|p1a: Dodrio\n|-boost|p1a: Dodrio|atk|2\n|\n|upkeep\n|turn|13\n|\n|t:|1781378226\n|move|p2a: Bisharp|Sucker Punch||[still]\n|-fail|p2a: Bisharp\n|move|p1a: Dodrio|Swords Dance|p1a: Dodrio\n|-boost|p1a: Dodrio|atk|2\n|\n|upkeep\n|turn|14\n|\n|t:|1781378227\n|move|p2a: Bisharp|Sucker Punch||[still]\n|-fail|p2a: Bisharp\n|move|p1a: Dodrio|Swords Dance|p1a: Dodrio\n|-boost|p1a: Dodrio|atk|0\n|\n|upkeep\n|turn|15\n|\n|t:|1781378230\n|move|p2a: Bisharp|Sucker Punch||[still]\n|-fail|p2a: Bisharp\n|move|p1a: Dodrio|Swords Dance|p1a: Dodrio\n|-boost|p1a: Dodrio|atk|0\n|\n|upkeep\n|turn|16\n|\n|t:|1781378232\n|move|p2a: Bisharp|Sucker Punch||[still]\n|-fail|p2a: Bisharp\n|move|p1a: Dodrio|Swords Dance|p1a: Dodrio\n|-boost|p1a: Dodrio|atk|0\n|\n|upkeep\n|turn|17\n|\n|t:|1781378234\n|move|p2a: Bisharp|Sucker Punch||[still]\n|-fail|p2a: Bisharp\n|move|p1a: Dodrio|Swords Dance|p1a: Dodrio\n|-boost|p1a: Dodrio|atk|0\n|\n|upkeep\n|turn|18\n|\n|t:|1781378235\n|move|p1a: Dodrio|Drill Run|p2a: Bisharp\n|-supereffective|p2a: Bisharp\n|-damage|p2a: Bisharp|0 fnt\n|faint|p2a: Bisharp\n|\n|upkeep\n|-message|Dark Cheshire forfeited.\n|\n|win|spreadcrosser\n|raw|spreadcrosser's rating: 1347 &rarr; <strong>1366</strong><br />(+19 for winning)\n|raw|Dark Cheshire's rating: 1336 &rarr; <strong>1317</strong><br />(-19 for losing)\n|l|\u2606Dark Cheshire\n|player|p2|\n", "inputlog": ">version a8376a258c1d4662feba110a92103f3664a72141\n>start {\"formatid\":\"gen9randombattle\",\"seed\":\"sodium,08465abcc6967ae562051fd40243db6a\",\"rated\":\"Rated battle\"}\n>player p1 {\"name\":\"spreadcrosser\",\"avatar\":\"265\",\"rating\":1347,\"seed\":\"sodium,786ed670516f8a1951e30cec8d5e80f5\"}\n>player p2 {\"name\":\"Dark Cheshire\",\"avatar\":\"cynthia-gen4\",\"rating\":1336,\"seed\":\"sodium,29073e1a914ff7170aaad776b2757873\"}\n>p1 move dracometeor\n>p2 move outrage\n>p1 switch 4\n>p1 move icebeam\n>p2 move outrage\n>p1 move tailglow\n>p2 switch 6\n>p1 move surf terastallize\n>p2 move agility\n>p2 switch 5\n>p1 move surf\n>p2 move spore\n>p1 move surf\n>p2 move stickyweb\n>p1 move surf\n>p2 move whirlwind\n>p1 move swordsdance\n>p2 move ceaselessedge\n>p1 move knockoff\n>p2 move whirlwind\n>p2 switch 6\n>p1 move knockoff\n>p2 move stoneedge\n>p2 switch 4\n>p1 move drillrun\n>p2 move stealthrock\n>p1 move swordsdance\n>p2 move suckerpunch\n>p1 move swordsdance\n>p2 move suckerpunch\n>p1 move swordsdance\n>p2 move suckerpunch\n>p1 move swordsdance\n>p2 move suckerpunch\n>p1 move swordsdance\n>p2 move suckerpunch\n>p1 move swordsdance\n>p2 move suckerpunch\n>p1 move drillrun\n>p2 move throatchop\n>forcelose p2", "uploadtime": 1781378245, "views": 9, "formatid": "gen9randombattle", "rating": 1317, "private": 0, "password": null}