{"id": "gen9randombattle-2631846372", "format": "[Gen 9] Random Battle", "players": ["TandemUnicycle", "sarodiya"], "log": "|j|\u2606TandemUnicycle\n|j|\u2606sarodiya\n|t:|1781447533\n|gametype|singles\n|player|p1|TandemUnicycle|grimsley|1944\n|player|p2|sarodiya|1|1957\n|gen|9\n|tier|[Gen 9] Random Battle\n|rated|\n|rule|Species Clause: Limit one of each Pok\u00e9mon\n|rule|HP Percentage Mod: HP is shown in percentages\n|rule|Sleep Clause Mod: Limit one foe put to sleep\n|rule|Illusion Level Mod: Illusion disguises the Pok\u00e9mon's true level\n|\n|t:|1781447533\n|teamsize|p1|6\n|teamsize|p2|6\n|start\n|switch|p1a: Cinccino|Cinccino, L83, F|260/260\n|switch|p2a: Bruxish|Bruxish, L85, F|254/254\n|turn|1\n|inactive|Battle timer is ON: inactive players will automatically lose when time's up. (requested by sarodiya)\n|\n|t:|1781447545\n|switch|p2a: Trevenant|Trevenant, L89, F|296/296\n|move|p1a: Cinccino|Bullet Seed|p2a: Trevenant\n|-resisted|p2a: Trevenant\n|-damage|p2a: Trevenant|283/296\n|-resisted|p2a: Trevenant\n|-damage|p2a: Trevenant|269/296\n|-resisted|p2a: Trevenant\n|-damage|p2a: Trevenant|254/296\n|-resisted|p2a: Trevenant\n|-damage|p2a: Trevenant|240/296\n|-hitcount|p2a: Trevenant|4\n|\n|upkeep\n|turn|2\n|\n|t:|1781447560\n|move|p1a: Cinccino|Triple Axel|p2a: Trevenant\n|-supereffective|p2a: Trevenant\n|-damage|p2a: Trevenant|194/296\n|-supereffective|p2a: Trevenant\n|-damage|p2a: Trevenant|108/296\n|-enditem|p2a: Trevenant|Sitrus Berry|[eat]\n|-heal|p2a: Trevenant|182/296|[from] item: Sitrus Berry\n|-supereffective|p2a: Trevenant\n|-damage|p2a: Trevenant|62/296\n|-hitcount|p2a: Trevenant|3\n|move|p2a: Trevenant|Toxic|p1a: Cinccino\n|-status|p1a: Cinccino|tox\n|\n|-damage|p1a: Cinccino|244/260 tox|[from] psn\n|-item|p2a: Trevenant|Sitrus Berry|[from] ability: Harvest\n|upkeep\n|-enditem|p2a: Trevenant|Sitrus Berry|[eat]\n|-heal|p2a: Trevenant|136/296|[from] item: Sitrus Berry\n|turn|3\n|\n|t:|1781447576\n|switch|p1a: Slither Wing|Slither Wing, L81|270/270\n|move|p2a: Trevenant|Protect||[still]\n|-fail|p2a: Trevenant\n|\n|upkeep\n|turn|4\n|\n|t:|1781447583\n|move|p2a: Trevenant|Protect|p2a: Trevenant\n|-singleturn|p2a: Trevenant|Protect\n|move|p1a: Slither Wing|U-turn|p2a: Trevenant\n|-activate|p2a: Trevenant|move: Protect\n|\n|upkeep\n|turn|5\n|\n|t:|1781447590\n|move|p1a: Slither Wing|Will-O-Wisp|p2a: Trevenant\n|-status|p2a: Trevenant|brn\n|move|p2a: Trevenant|Drain Punch|p1a: Slither Wing\n|-resisted|p1a: Slither Wing\n|-damage|p1a: Slither Wing|253/270\n|-heal|p2a: Trevenant|145/296 brn|[from] drain|[of] p1a: Slither Wing\n|\n|-damage|p2a: Trevenant|127/296 brn|[from] brn\n|-item|p2a: Trevenant|Sitrus Berry|[from] ability: Harvest\n|upkeep\n|-enditem|p2a: Trevenant|Sitrus Berry|[eat]\n|-heal|p2a: Trevenant|201/296 brn|[from] item: Sitrus Berry\n|turn|6\n|\n|t:|1781447598\n|move|p1a: Slither Wing|U-turn|p2a: Trevenant\n|-damage|p2a: Trevenant|101/296 brn\n|\n|t:|1781447601\n|-end|p1a: Slither Wing|Protosynthesis|[silent]\n|switch|p1a: Cinccino|Cinccino, L83, F|244/260 tox|[from] U-turn\n|move|p2a: Trevenant|Drain Punch|p1a: Cinccino\n|-supereffective|p1a: Cinccino\n|-damage|p1a: Cinccino|162/260 tox\n|-heal|p2a: Trevenant|142/296 brn|[from] drain|[of] p1a: Cinccino\n|\n|-damage|p1a: Cinccino|146/260 tox|[from] psn\n|-damage|p2a: Trevenant|124/296 brn|[from] brn\n|upkeep\n|turn|7\n|\n|t:|1781447608\n|move|p2a: Trevenant|Protect|p2a: Trevenant\n|-singleturn|p2a: Trevenant|Protect\n|move|p1a: Cinccino|Tidy Up|p1a: Cinccino\n|-boost|p1a: Cinccino|atk|1\n|-boost|p1a: Cinccino|spe|1\n|\n|-damage|p1a: Cinccino|114/260 tox|[from] psn\n|-damage|p2a: Trevenant|106/296 brn|[from] brn\n|upkeep\n|turn|8\n|\n|t:|1781447612\n|switch|p2a: Zamazenta|Zamazenta-Crowned, L68|238/238\n|-ability|p2a: Zamazenta|Dauntless Shield|boost\n|-boost|p2a: Zamazenta|def|1\n|move|p1a: Cinccino|Triple Axel|p2a: Zamazenta\n|-resisted|p2a: Zamazenta\n|-damage|p2a: Zamazenta|230/238\n|-resisted|p2a: Zamazenta\n|-damage|p2a: Zamazenta|213/238\n|-resisted|p2a: Zamazenta\n|-damage|p2a: Zamazenta|184/238\n|-hitcount|p2a: Zamazenta|3\n|\n|-damage|p1a: Cinccino|66/260 tox|[from] psn\n|upkeep\n|turn|9\n|\n|t:|1781447628\n|switch|p1a: Torkoal|Torkoal, L88, F|266/266\n|-weather|SunnyDay|[from] ability: Drought|[of] p1a: Torkoal\n|move|p2a: Zamazenta|Heavy Slam|p1a: Torkoal\n|-resisted|p1a: Torkoal\n|-damage|p1a: Torkoal|232/266\n|\n|-weather|SunnyDay|[upkeep]\n|upkeep\n|turn|10\n|\n|t:|1781447647\n|switch|p2a: Sylveon|Sylveon, L85, F|300/300\n|move|p1a: Torkoal|Solar Beam||[still]\n|-prepare|p1a: Torkoal|Solar Beam\n|-anim|p1a: Torkoal|Solar Beam|p2a: Sylveon\n|-damage|p2a: Sylveon|242/300\n|\n|-weather|SunnyDay|[upkeep]\n|-heal|p2a: Sylveon|260/300|[from] item: Leftovers\n|upkeep\n|turn|11\n|\n|t:|1781447653\n|move|p2a: Sylveon|Calm Mind|p2a: Sylveon\n|-boost|p2a: Sylveon|spa|1\n|-boost|p2a: Sylveon|spd|1\n|move|p1a: Torkoal|Yawn|p2a: Sylveon\n|-start|p2a: Sylveon|move: Yawn|[of] p1a: Torkoal\n|\n|-weather|SunnyDay|[upkeep]\n|-heal|p2a: Sylveon|278/300|[from] item: Leftovers\n|upkeep\n|turn|12\n|\n|t:|1781447663\n|switch|p1a: Phione|Phione, L91|293/293\n|move|p2a: Sylveon|Hyper Voice|p1a: Phione\n|-damage|p1a: Phione|86/293\n|\n|-weather|SunnyDay|[upkeep]\n|-heal|p1a: Phione|104/293|[from] item: Leftovers\n|-heal|p2a: Sylveon|296/300|[from] item: Leftovers\n|-end|p2a: Sylveon|move: Yawn|[silent]\n|-status|p2a: Sylveon|slp\n|upkeep\n|turn|13\n|\n|t:|1781447668\n|move|p1a: Phione|Take Heart|p1a: Phione\n|-boost|p1a: Phione|spa|1\n|-boost|p1a: Phione|spd|1\n|cant|p2a: Sylveon|slp\n|\n|-weather|none\n|-heal|p1a: Phione|122/293|[from] item: Leftovers\n|-heal|p2a: Sylveon|300/300 slp|[from] item: Leftovers\n|upkeep\n|turn|14\n|\n|t:|1781447673\n|move|p1a: Phione|Take Heart|p1a: Phione\n|-boost|p1a: Phione|spa|1\n|-boost|p1a: Phione|spd|1\n|cant|p2a: Sylveon|slp\n|\n|-heal|p1a: Phione|140/293|[from] item: Leftovers\n|upkeep\n|turn|15\n|\n|t:|1781447679\n|move|p1a: Phione|Scald|p2a: Sylveon\n|-damage|p2a: Sylveon|216/300 slp\n|cant|p2a: Sylveon|slp\n|\n|-heal|p1a: Phione|158/293|[from] item: Leftovers\n|-heal|p2a: Sylveon|234/300 slp|[from] item: Leftovers\n|upkeep\n|turn|16\n|\n|t:|1781447684\n|move|p1a: Phione|Take Heart|p1a: Phione\n|-boost|p1a: Phione|spa|1\n|-boost|p1a: Phione|spd|1\n|-curestatus|p2a: Sylveon|slp|[msg]\n|move|p2a: Sylveon|Calm Mind|p2a: Sylveon\n|-boost|p2a: Sylveon|spa|1\n|-boost|p2a: Sylveon|spd|1\n|\n|-heal|p1a: Phione|176/293|[from] item: Leftovers\n|-heal|p2a: Sylveon|252/300|[from] item: Leftovers\n|upkeep\n|turn|17\n|\n|t:|1781447690\n|move|p1a: Phione|Scald|p2a: Sylveon\n|-damage|p2a: Sylveon|180/300\n|move|p2a: Sylveon|Calm Mind|p2a: Sylveon\n|-boost|p2a: Sylveon|spa|1\n|-boost|p2a: Sylveon|spd|1\n|\n|-heal|p1a: Phione|194/293|[from] item: Leftovers\n|-heal|p2a: Sylveon|198/300|[from] item: Leftovers\n|upkeep\n|turn|18\n|\n|t:|1781447697\n|move|p1a: Phione|Take Heart|p1a: Phione\n|-boost|p1a: Phione|spa|1\n|-boost|p1a: Phione|spd|1\n|move|p2a: Sylveon|Hyper Voice|p1a: Phione\n|-damage|p1a: Phione|94/293\n|\n|-heal|p1a: Phione|112/293|[from] item: Leftovers\n|-heal|p2a: Sylveon|216/300|[from] item: Leftovers\n|upkeep\n|turn|19\n|\n|t:|1781447702\n|move|p1a: Phione|Scald|p2a: Sylveon\n|-damage|p2a: Sylveon|140/300\n|move|p2a: Sylveon|Calm Mind|p2a: Sylveon\n|-boost|p2a: Sylveon|spa|1\n|-boost|p2a: Sylveon|spd|1\n|\n|-heal|p1a: Phione|130/293|[from] item: Leftovers\n|-heal|p2a: Sylveon|158/300|[from] item: Leftovers\n|upkeep\n|turn|20\n|\n|t:|1781447707\n|move|p1a: Phione|Take Heart|p1a: Phione\n|-boost|p1a: Phione|spa|1\n|-boost|p1a: Phione|spd|1\n|move|p2a: Sylveon|Calm Mind|p2a: Sylveon\n|-boost|p2a: Sylveon|spa|1\n|-boost|p2a: Sylveon|spd|1\n|\n|-heal|p1a: Phione|148/293|[from] item: Leftovers\n|-heal|p2a: Sylveon|176/300|[from] item: Leftovers\n|upkeep\n|turn|21\n|\n|t:|1781447713\n|move|p1a: Phione|Take Heart|p1a: Phione\n|-boost|p1a: Phione|spa|1\n|-boost|p1a: Phione|spd|1\n|move|p2a: Sylveon|Calm Mind|p2a: Sylveon\n|-boost|p2a: Sylveon|spa|1\n|-boost|p2a: Sylveon|spd|1\n|\n|-heal|p1a: Phione|166/293|[from] item: Leftovers\n|-heal|p2a: Sylveon|194/300|[from] item: Leftovers\n|upkeep\n|turn|22\n|\n|t:|1781447718\n|move|p2a: Sylveon|Protect|p2a: Sylveon\n|-singleturn|p2a: Sylveon|Protect\n|move|p1a: Phione|Scald|p2a: Sylveon\n|-activate|p2a: Sylveon|move: Protect\n|\n|-heal|p1a: Phione|184/293|[from] item: Leftovers\n|-heal|p2a: Sylveon|212/300|[from] item: Leftovers\n|upkeep\n|turn|23\n|\n|t:|1781447721\n|move|p1a: Phione|Scald|p2a: Sylveon\n|-damage|p2a: Sylveon|145/300\n|move|p2a: Sylveon|Wish|p2a: Sylveon\n|\n|-heal|p1a: Phione|202/293|[from] item: Leftovers\n|-heal|p2a: Sylveon|163/300|[from] item: Leftovers\n|upkeep\n|turn|24\n|\n|t:|1781447729\n|move|p1a: Phione|Ice Beam|p2a: Sylveon\n|-damage|p2a: Sylveon|114/300\n|move|p2a: Sylveon|Hyper Voice|p1a: Phione\n|-damage|p1a: Phione|67/293\n|\n|-heal|p2a: Sylveon|264/300|[from] move: Wish|[wisher] Sylveon\n|-heal|p1a: Phione|85/293|[from] item: Leftovers\n|-heal|p2a: Sylveon|282/300|[from] item: Leftovers\n|upkeep\n|turn|25\n|\n|t:|1781447734\n|move|p1a: Phione|Scald|p2a: Sylveon\n|-damage|p2a: Sylveon|213/300\n|move|p2a: Sylveon|Hyper Voice|p1a: Phione\n|-damage|p1a: Phione|0 fnt\n|faint|p1a: Phione\n|\n|-heal|p2a: Sylveon|231/300|[from] item: Leftovers\n|upkeep\n|\n|t:|1781447744\n|switch|p1a: Cinccino|Cinccino, L83, F|66/260 tox\n|turn|26\n|\n|t:|1781447747\n|move|p2a: Sylveon|Protect|p2a: Sylveon\n|-singleturn|p2a: Sylveon|Protect\n|move|p1a: Cinccino|Tail Slap|p2a: Sylveon\n|-activate|p2a: Sylveon|move: Protect\n|\n|-heal|p2a: Sylveon|249/300|[from] item: Leftovers\n|-damage|p1a: Cinccino|50/260 tox|[from] psn\n|upkeep\n|turn|27\n|\n|t:|1781447750\n|move|p1a: Cinccino|Tail Slap|p2a: Sylveon|[miss]\n|-miss|p1a: Cinccino|p2a: Sylveon\n|move|p2a: Sylveon|Wish|p2a: Sylveon\n|\n|-heal|p2a: Sylveon|267/300|[from] item: Leftovers\n|-damage|p1a: Cinccino|18/260 tox|[from] psn\n|upkeep\n|turn|28\n|\n|t:|1781447760\n|switch|p1a: Avalugg|Avalugg, L88, F|310/310\n|move|p2a: Sylveon|Protect||[still]\n|-fail|p2a: Sylveon\n|\n|-heal|p2a: Sylveon|300/300|[from] move: Wish|[wisher] Sylveon\n|upkeep\n|turn|29\n|\n|t:|1781447765\n|move|p2a: Sylveon|Hyper Voice|p1a: Avalugg\n|-ability|p1a: Avalugg|Sturdy\n|-damage|p1a: Avalugg|1/310\n|move|p1a: Avalugg|Avalanche|p2a: Sylveon\n|-damage|p2a: Sylveon|93/300\n|\n|-heal|p2a: Sylveon|111/300|[from] item: Leftovers\n|upkeep\n|turn|30\n|l|\u2606sarodiya\n|inactive|sarodiya disconnected and has a minute to reconnect!\n|player|p2|\n|j|\u2606sarodiya\n|inactive|sarodiya reconnected and has 110 seconds left.\n|player|p2|sarodiya|1|\n|\n|t:|1781447814\n|move|p2a: Sylveon|Protect|p2a: Sylveon\n|-singleturn|p2a: Sylveon|Protect\n|move|p1a: Avalugg|Avalanche|p2a: Sylveon\n|-activate|p2a: Sylveon|move: Protect\n|\n|-heal|p2a: Sylveon|129/300|[from] item: Leftovers\n|upkeep\n|turn|31\n|\n|t:|1781447823\n|move|p2a: Sylveon|Hyper Voice|p1a: Avalugg\n|-damage|p1a: Avalugg|0 fnt\n|faint|p1a: Avalugg\n|\n|-heal|p2a: Sylveon|147/300|[from] item: Leftovers\n|upkeep\n|\n|t:|1781447842\n|switch|p1a: Archaludon|Archaludon, L78, F|268/268\n|turn|32\n|inactive|sarodiya has 120 seconds left.\n|\n|t:|1781447857\n|move|p1a: Archaludon|Earthquake|p2a: Sylveon\n|-damage|p2a: Sylveon|60/300\n|move|p2a: Sylveon|Hyper Voice|p1a: Archaludon\n|-damage|p1a: Archaludon|0 fnt\n|faint|p1a: Archaludon\n|\n|-heal|p2a: Sylveon|78/300|[from] item: Leftovers\n|upkeep\n|\n|t:|1781447866\n|switch|p1a: Slither Wing|Slither Wing, L81|253/270\n|turn|33\n|\n|t:|1781447870\n|move|p2a: Sylveon|Protect|p2a: Sylveon\n|-singleturn|p2a: Sylveon|Protect\n|move|p1a: Slither Wing|U-turn|p2a: Sylveon\n|-activate|p2a: Sylveon|move: Protect\n|\n|-heal|p2a: Sylveon|96/300|[from] item: Leftovers\n|upkeep\n|turn|34\n|\n|t:|1781447874\n|move|p1a: Slither Wing|U-turn|p2a: Sylveon\n|-resisted|p2a: Sylveon\n|-damage|p2a: Sylveon|39/300\n|\n|t:|1781447878\n|-end|p1a: Slither Wing|Protosynthesis|[silent]\n|switch|p1a: Cinccino|Cinccino, L83, F|18/260 tox|[from] U-turn\n|move|p2a: Sylveon|Hyper Voice|p1a: Cinccino\n|-damage|p1a: Cinccino|0 fnt\n|faint|p1a: Cinccino\n|\n|-heal|p2a: Sylveon|57/300|[from] item: Leftovers\n|upkeep\n|\n|t:|1781447883\n|switch|p1a: Slither Wing|Slither Wing, L81|253/270\n|turn|35\n|\n|t:|1781447886\n|move|p1a: Slither Wing|U-turn|p2a: Sylveon\n|-resisted|p2a: Sylveon\n|-damage|p2a: Sylveon|3/300\n|\n|t:|1781447889\n|-end|p1a: Slither Wing|Protosynthesis|[silent]\n|switch|p1a: Torkoal|Torkoal, L88, F|232/266|[from] U-turn\n|-weather|SunnyDay|[from] ability: Drought|[of] p1a: Torkoal\n|move|p2a: Sylveon|Hyper Voice|p1a: Torkoal\n|-resisted|p1a: Torkoal\n|-damage|p1a: Torkoal|0 fnt\n|faint|p1a: Torkoal\n|\n|-weather|SunnyDay|[upkeep]\n|-heal|p2a: Sylveon|21/300|[from] item: Leftovers\n|upkeep\n|\n|t:|1781447895\n|switch|p1a: Slither Wing|Slither Wing, L81|253/270\n|-activate|p1a: Slither Wing|ability: Protosynthesis\n|-start|p1a: Slither Wing|protosynthesisatk\n|turn|36\n|\n|t:|1781447898\n|move|p1a: Slither Wing|U-turn|p2a: Sylveon\n|-resisted|p2a: Sylveon\n|-damage|p2a: Sylveon|0 fnt\n|faint|p2a: Sylveon\n|\n|-weather|SunnyDay|[upkeep]\n|upkeep\n|\n|t:|1781447903\n|switch|p2a: Bruxish|Bruxish, L85, F|254/254\n|turn|37\n|\n|t:|1781447909\n|-terastallize|p1a: Slither Wing|Steel\n|move|p2a: Bruxish|Psychic Fangs|p1a: Slither Wing\n|-resisted|p1a: Slither Wing\n|-damage|p1a: Slither Wing|154/270\n|-damage|p2a: Bruxish|229/254|[from] item: Life Orb\n|move|p1a: Slither Wing|U-turn|p2a: Bruxish\n|-supereffective|p2a: Bruxish\n|-damage|p2a: Bruxish|0 fnt\n|faint|p2a: Bruxish\n|\n|-weather|SunnyDay|[upkeep]\n|upkeep\n|\n|t:|1781447913\n|switch|p2a: Gengar|Gengar, L81, F|230/230\n|turn|38\n|\n|t:|1781447919\n|move|p2a: Gengar|Shadow Ball|p1a: Slither Wing\n|-damage|p1a: Slither Wing|25/270\n|-unboost|p1a: Slither Wing|spd|1\n|-damage|p2a: Gengar|207/230|[from] item: Life Orb\n|move|p1a: Slither Wing|U-turn|p2a: Gengar\n|-resisted|p2a: Gengar\n|-crit|p2a: Gengar\n|-damage|p2a: Gengar|152/230\n|-start|p1a: Slither Wing|Disable|U-turn|[from] ability: Cursed Body|[of] p2a: Gengar\n|\n|-weather|SunnyDay|[upkeep]\n|upkeep\n|turn|39\n|-message|TandemUnicycle forfeited.\n|\n|win|sarodiya\n", "inputlog": ">version a8376a258c1d4662feba110a92103f3664a72141\n>start {\"formatid\":\"gen9randombattle\",\"seed\":\"sodium,06a00b9c04fa1408b70decd67bbe550b\",\"rated\":\"Rated battle\"}\n>player p1 {\"name\":\"TandemUnicycle\",\"avatar\":\"grimsley\",\"rating\":1944,\"seed\":\"sodium,1da0ffb50ae4d90e5a7fe72c146fa96a\"}\n>player p2 {\"name\":\"sarodiya\",\"avatar\":\"1\",\"rating\":1957,\"seed\":\"sodium,57af301b70e55d39fc5d12fa150fda2a\"}\n>p1 move bulletseed\n>p2 switch 2\n>p1 move tripleaxel\n>p2 move toxic\n>p1 switch 6\n>p2 move protect\n>p1 move uturn\n>p2 move protect\n>p1 move willowisp\n>p2 move drainpunch\n>p1 move uturn\n>p2 move drainpunch\n>p1 switch 6\n>p1 move tidyup\n>p2 move protect\n>p1 move tripleaxel\n>p2 switch 5\n>p1 switch 5\n>p2 move heavyslam\n>p1 move solarbeam\n>p2 switch 6\n>p1 move yawn\n>p2 move calmmind\n>p1 switch 4\n>p2 move hypervoice\n>p1 move takeheart\n>p2 move calmmind\n>p1 move takeheart\n>p2 move calmmind\n>p1 move scald\n>p2 move calmmind\n>p1 move takeheart\n>p2 move calmmind\n>p1 move scald\n>p2 move calmmind\n>p1 move takeheart\n>p2 move hypervoice\n>p1 move scald\n>p2 move calmmind\n>p1 move takeheart\n>p2 move calmmind\n>p1 move takeheart\n>p2 move calmmind\n>p1 move scald\n>p2 move protect\n>p1 move scald\n>p2 move wish\n>p1 move icebeam\n>p2 move hypervoice\n>p1 move scald\n>p2 move hypervoice\n>p1 switch 5\n>p1 move tailslap\n>p2 move protect\n>p1 move tailslap\n>p2 move wish\n>p1 switch 2\n>p2 move protect\n>p1 move avalanche\n>p2 move hypervoice\n>p1 move avalanche\n>p2 move protect\n>p1 move avalanche\n>p2 move hypervoice\n>p1 switch 3\n>p1 move earthquake\n>p2 move hypervoice\n>p1 switch 6\n>p1 move uturn\n>p2 move protect\n>p1 move uturn\n>p2 move hypervoice\n>p1 switch 2\n>p1 switch 2\n>p1 move uturn\n>p2 move hypervoice\n>p1 switch 4\n>p1 switch 4\n>p1 move uturn\n>p2 move hypervoice\n>p2 switch 2\n>p1 move uturn terastallize\n>p2 move psychicfangs\n>p2 switch 3\n>p1 move uturn\n>p2 move shadowball\n>forcelose p1", "uploadtime": 1781447535, "views": 4, "formatid": "gen9randombattle", "rating": null, "private": 0, "password": null, "player_dets": [{"name": "TandemUnicycle", "avatar": "grimsley", "rating": 1944, "seed": "sodium,1da0ffb50ae4d90e5a7fe72c146fa96a"}, {"name": "sarodiya", "avatar": "1", "rating": 1957, "seed": "sodium,57af301b70e55d39fc5d12fa150fda2a"}], "teams_full": [{"Cinccino": {"name": "Cinccino", "species": "Cinccino", "speciesId": "cinccino", "gender": "F", "shiny": false, "level": 83, "moves": ["bulletseed", "tripleaxel", "tidyup", "tailslap"], "ability": "Technician", "evs": {"hp": 85, "atk": 85, "def": 85, "spa": 85, "spd": 85, "spe": 85}, "ivs": {"hp": 31, "atk": 31, "def": 31, "spa": 31, "spd": 31, "spe": 31}, "item": "Loaded Dice", "teraType": "Ice", "role": "Fast Attacker", "bvs": {"hp": 75, "atk": 95, "def": 60, "spa": 65, "spd": 60, "spe": 115}, "stats": {"hp": 260, "atk": 205, "def": 147, "spa": 156, "spd": 147, "spe": 239}, "types": ["Normal"]}, "Avalugg": {"name": "Avalugg", "species": "Avalugg", "speciesId": "avalugg", "gender": "F", "shiny": false, "level": 88, "moves": ["avalanche", "bodypress", "rapidspin", "recover"], "ability": "Sturdy", "evs": {"hp": 85, "atk": 85, "def": 85, "spa": 85, "spd": 85, "spe": 85}, "ivs": {"hp": 31, "atk": 31, "def": 31, "spa": 31, "spd": 31, "spe": 31}, "item": "Heavy-Duty Boots", "teraType": "Fighting", "role": "Bulky Support", "bvs": {"hp": 95, "atk": 117, "def": 184, "spa": 44, "spd": 46, "spe": 28}, "stats": {"hp": 310, "atk": 256, "def": 374, "spa": 128, "spd": 131, "spe": 100}, "types": ["Ice"]}, "Archaludon": {"name": "Archaludon", "species": "Archaludon", "speciesId": "archaludon", "gender": "F", "shiny": false, "level": 78, "moves": ["ironhead", "swordsdance", "earthquake", "outrage"], "ability": "Stamina", "evs": {"hp": 85, "atk": 85, "def": 85, "spa": 85, "spd": 85, "spe": 85}, "ivs": {"hp": 31, "atk": 31, "def": 31, "spa": 31, "spd": 31, "spe": 31}, "item": "Lum Berry", "teraType": "Ground", "role": "Bulky Setup", "bvs": {"hp": 90, "atk": 105, "def": 130, "spa": 125, "spd": 65, "spe": 85}, "stats": {"hp": 268, "atk": 209, "def": 248, "spa": 240, "spd": 146, "spe": 178}, "types": ["Steel", "Dragon"]}, "Phione": {"name": "Phione", "species": "Phione", "speciesId": "phione", "gender": "N", "shiny": false, "level": 91, "moves": ["icebeam", "takeheart", "scald", "grassknot"], "ability": "Hydration", "evs": {"hp": 85, "atk": 0, "def": 85, "spa": 85, "spd": 85, "spe": 85}, "ivs": {"hp": 31, "atk": 0, "def": 31, "spa": 31, "spd": 31, "spe": 31}, "item": "Leftovers", "teraType": "Grass", "role": "Bulky Attacker", "bvs": {"hp": 80, "atk": 80, "def": 80, "spa": 80, "spd": 80, "spe": 80}, "stats": {"hp": 293, "atk": 150, "def": 197, "spa": 197, "spd": 197, "spe": 197}, "types": ["Water"]}, "Torkoal": {"name": "Torkoal", "species": "Torkoal", "speciesId": "torkoal", "gender": "F", "shiny": false, "level": 88, "moves": ["earthquake", "yawn", "lavaplume", "solarbeam"], "ability": "Drought", "evs": {"hp": 85, "atk": 85, "def": 85, "spa": 85, "spd": 85, "spe": 85}, "ivs": {"hp": 31, "atk": 31, "def": 31, "spa": 31, "spd": 31, "spe": 31}, "item": "Heavy-Duty Boots", "teraType": "Grass", "role": "Wallbreaker", "bvs": {"hp": 70, "atk": 85, "def": 140, "spa": 85, "spd": 70, "spe": 20}, "stats": {"hp": 266, "atk": 200, "def": 297, "spa": 200, "spd": 173, "spe": 85}, "types": ["Fire"]}, "Slither Wing": {"name": "Slither Wing", "species": "Slither Wing", "speciesId": "slitherwing", "gender": "N", "shiny": false, "level": 81, "moves": ["closecombat", "willowisp", "morningsun", "uturn"], "ability": "Protosynthesis", "evs": {"hp": 85, "atk": 85, "def": 85, "spa": 85, "spd": 85, "spe": 85}, "ivs": {"hp": 31, "atk": 31, "def": 31, "spa": 31, "spd": 31, "spe": 31}, "item": "Heavy-Duty Boots", "teraType": "Steel", "role": "Fast Support", "bvs": {"hp": 85, "atk": 135, "def": 79, "spa": 85, "spd": 105, "spe": 81}, "stats": {"hp": 270, "atk": 265, "def": 175, "spa": 184, "spd": 217, "spe": 178}, "types": ["Bug", "Fighting"]}}, {"Bruxish": {"name": "Bruxish", "species": "Bruxish", "speciesId": "bruxish", "gender": "F", "shiny": false, "level": 85, "moves": ["swordsdance", "icefang", "psychicfangs", "wavecrash"], "ability": "Strong Jaw", "evs": {"hp": 85, "atk": 85, "def": 85, "spa": 85, "spd": 85, "spe": 85}, "ivs": {"hp": 31, "atk": 31, "def": 31, "spa": 31, "spd": 31, "spe": 31}, "item": "Life Orb", "teraType": "Psychic", "role": "Fast Attacker", "bvs": {"hp": 68, "atk": 105, "def": 70, "spa": 70, "spd": 70, "spe": 92}, "stats": {"hp": 254, "atk": 227, "def": 168, "spa": 168, "spd": 168, "spe": 205}, "types": ["Water", "Psychic"]}, "Trevenant": {"name": "Trevenant", "species": "Trevenant", "speciesId": "trevenant", "gender": "F", "shiny": false, "level": 89, "moves": ["poltergeist", "toxic", "protect", "drainpunch"], "ability": "Harvest", "evs": {"hp": 85, "atk": 85, "def": 85, "spa": 85, "spd": 85, "spe": 85}, "ivs": {"hp": 31, "atk": 31, "def": 31, "spa": 31, "spd": 31, "spe": 31}, "item": "Sitrus Berry", "teraType": "Dark", "role": "Bulky Support", "bvs": {"hp": 85, "atk": 110, "def": 76, "spa": 65, "spd": 82, "spe": 56}, "stats": {"hp": 296, "atk": 247, "def": 186, "spa": 166, "spd": 197, "spe": 150}, "types": ["Ghost", "Grass"]}, "Gengar": {"name": "Gengar", "species": "Gengar", "speciesId": "gengar", "gender": "F", "shiny": false, "level": 81, "moves": ["toxicspikes", "sludgewave", "focusblast", "shadowball"], "ability": "Cursed Body", "evs": {"hp": 85, "atk": 0, "def": 85, "spa": 85, "spd": 85, "spe": 85}, "ivs": {"hp": 31, "atk": 0, "def": 31, "spa": 31, "spd": 31, "spe": 31}, "item": "Life Orb", "teraType": "Fighting", "role": "Fast Attacker", "bvs": {"hp": 60, "atk": 65, "def": 60, "spa": 130, "spd": 75, "spe": 110}, "stats": {"hp": 230, "atk": 110, "def": 144, "spa": 257, "spd": 168, "spe": 225}, "types": ["Ghost", "Poison"]}, "Regidrago": {"name": "Regidrago", "species": "Regidrago", "speciesId": "regidrago", "gender": "N", "shiny": false, "level": 77, "moves": ["earthquake", "dragondance", "dracometeor", "outrage"], "ability": "Dragon's Maw", "evs": {"hp": 85, "atk": 85, "def": 85, "spa": 85, "spd": 85, "spe": 85}, "ivs": {"hp": 31, "atk": 31, "def": 31, "spa": 31, "spd": 31, "spe": 31}, "item": "Lum Berry", "teraType": "Dragon", "role": "Setup Sweeper", "bvs": {"hp": 200, "atk": 100, "def": 50, "spa": 100, "spd": 50, "spe": 80}, "stats": {"hp": 435, "atk": 199, "def": 122, "spa": 199, "spd": 122, "spe": 168}, "types": ["Dragon"]}, "Zamazenta": {"name": "Zamazenta", "species": "Zamazenta", "speciesId": "zamazentacrowned", "gender": "N", "shiny": false, "level": 68, "moves": ["irondefense", "heavyslam", "stoneedge", "bodypress"], "ability": "Dauntless Shield", "evs": {"hp": 85, "atk": 85, "def": 85, "spa": 85, "spd": 85, "spe": 85}, "ivs": {"hp": 31, "atk": 31, "def": 31, "spa": 31, "spd": 31, "spe": 31}, "item": "Rusted Shield", "teraType": "Ghost", "role": "Bulky Setup", "bvs": {"hp": 92, "atk": 120, "def": 140, "spa": 80, "spd": 140, "spe": 128}, "stats": {"hp": 238, "atk": 203, "def": 230, "spa": 149, "spd": 230, "spe": 214}, "types": ["Fighting", "Steel"]}, "Sylveon": {"name": "Sylveon", "species": "Sylveon", "speciesId": "sylveon", "gender": "F", "shiny": false, "level": 85, "moves": ["calmmind", "wish", "protect", "hypervoice"], "ability": "Pixilate", "evs": {"hp": 85, "atk": 0, "def": 85, "spa": 85, "spd": 85, "spe": 85}, "ivs": {"hp": 31, "atk": 0, "def": 31, "spa": 31, "spd": 31, "spe": 31}, "item": "Leftovers", "teraType": "Steel", "role": "Bulky Setup", "bvs": {"hp": 95, "atk": 65, "def": 65, "spa": 110, "spd": 130, "spe": 60}, "stats": {"hp": 300, "atk": 115, "def": 159, "spa": 236, "spd": 270, "spe": 151}, "types": ["Fairy"]}}]}