{"id": "gen9randombattle-2631448801", "format": "[Gen 9] Random Battle", "players": ["awaangawa", "sanos"], "log": "|j|\u2606awaangawa\n|j|\u2606sanos\n|t:|1781385973\n|gametype|singles\n|player|p1|awaangawa|265|1998\n|player|p2|sanos|nate|1983\n|gen|9\n|tier|[Gen 9] Random Battle\n|rated|\n|rule|Species Clause: Limit one of each Pok\u00e9mon\n|rule|HP Percentage Mod: HP is shown in percentages\n|rule|Sleep Clause Mod: Limit one foe put to sleep\n|rule|Illusion Level Mod: Illusion disguises the Pok\u00e9mon's true level\n|\n|t:|1781385973\n|teamsize|p1|6\n|teamsize|p2|6\n|start\n|switch|p1a: Chandelure|Chandelure, L83, M|235/235\n|switch|p2a: Lunala|Lunala, L70|308/308\n|turn|1\n|inactive|Battle timer is ON: inactive players will automatically lose when time's up. (requested by awaangawa)\n|\n|t:|1781386001\n|switch|p2a: Pyroar|Pyroar, L88, F|295/295\n|-ability|p2a: Pyroar|Unnerve\n|move|p1a: Chandelure|Calm Mind|p1a: Chandelure\n|-boost|p1a: Chandelure|spa|1\n|-boost|p1a: Chandelure|spd|1\n|\n|upkeep\n|turn|2\n|inactive|awaangawa has 120 seconds left.\n|\n|t:|1781386037\n|switch|p2a: Manaphy|Manaphy, L78|284/284\n|switch|p1a: Zapdos|Zapdos-Galar, L77|265/265\n|\n|upkeep\n|turn|3\n|inactive|awaangawa has 120 seconds left.\n|\n|t:|1781386056\n|move|p2a: Manaphy|Tail Glow|p2a: Manaphy\n|-boost|p2a: Manaphy|spa|3\n|move|p1a: Zapdos|Knock Off|p2a: Manaphy\n|-damage|p2a: Manaphy|194/284\n|-enditem|p2a: Manaphy|Leftovers|[from] move: Knock Off|[of] p1a: Zapdos\n|-damage|p1a: Zapdos|239/265|[from] item: Life Orb\n|\n|upkeep\n|turn|4\n|\n|t:|1781386078\n|move|p2a: Manaphy|Hydro Pump|p1a: Zapdos|[miss]\n|-miss|p2a: Manaphy|p1a: Zapdos\n|move|p1a: Zapdos|Brave Bird|p2a: Manaphy\n|-damage|p2a: Manaphy|15/284\n|-damage|p1a: Zapdos|180/265|[from] Recoil\n|-damage|p1a: Zapdos|154/265|[from] item: Life Orb\n|\n|upkeep\n|turn|5\n|\n|t:|1781386092\n|move|p2a: Manaphy|Ice Beam|p1a: Zapdos\n|-supereffective|p1a: Zapdos\n|-damage|p1a: Zapdos|0 fnt\n|faint|p1a: Zapdos\n|\n|upkeep\n|\n|t:|1781386095\n|switch|p1a: Serperior|Serperior, L79, M|248/248\n|turn|6\n|\n|t:|1781386102\n|move|p1a: Serperior|Leaf Storm|p2a: Manaphy|[miss]\n|-miss|p1a: Serperior|p2a: Manaphy\n|move|p2a: Manaphy|Ice Beam|p1a: Serperior\n|-supereffective|p1a: Serperior\n|-damage|p1a: Serperior|0 fnt\n|faint|p1a: Serperior\n|\n|upkeep\n|\n|t:|1781386115\n|switch|p1a: Vigoroth|Vigoroth, L85, M|275/275\n|turn|7\n|\n|t:|1781386128\n|move|p1a: Vigoroth|Body Slam|p2a: Manaphy\n|-damage|p2a: Manaphy|0 fnt\n|faint|p2a: Manaphy\n|\n|upkeep\n|\n|t:|1781386141\n|switch|p2a: Pyroar|Pyroar, L88, F|295/295\n|-ability|p2a: Pyroar|Unnerve\n|turn|8\n|\n|t:|1781386148\n|switch|p1a: Chandelure|Chandelure, L83, M|235/235\n|move|p2a: Pyroar|Will-O-Wisp|p1a: Chandelure\n|-start|p1a: Chandelure|ability: Flash Fire\n|\n|upkeep\n|turn|9\n|\n|t:|1781386159\n|move|p2a: Pyroar|Taunt|p1a: Chandelure\n|-start|p1a: Chandelure|move: Taunt\n|move|p1a: Chandelure|Fire Blast|p2a: Pyroar\n|-resisted|p2a: Pyroar\n|-damage|p2a: Pyroar|154/295\n|\n|upkeep\n|turn|10\n|\n|t:|1781386167\n|switch|p2a: Volcanion|Volcanion, L79|255/255\n|move|p1a: Chandelure|Fire Blast|p2a: Volcanion\n|-resisted|p2a: Volcanion\n|-damage|p2a: Volcanion|195/255\n|\n|upkeep\n|turn|11\n|\n|t:|1781386178\n|-end|p1a: Chandelure|ability: Flash Fire|[silent]\n|switch|p1a: Regirock|Regirock, L83|268/268\n|move|p2a: Volcanion|Steam Eruption|p1a: Regirock\n|-supereffective|p1a: Regirock\n|-damage|p1a: Regirock|20/268\n|\n|-heal|p1a: Regirock|36/268|[from] item: Leftovers\n|upkeep\n|turn|12\n|\n|t:|1781386190\n|move|p2a: Volcanion|Steam Eruption|p1a: Regirock\n|-supereffective|p1a: Regirock\n|-damage|p1a: Regirock|0 fnt\n|faint|p1a: Regirock\n|\n|upkeep\n|\n|t:|1781386207\n|switch|p1a: Vigoroth|Vigoroth, L85, M|275/275\n|turn|13\n|\n|t:|1781386222\n|switch|p2a: Pyroar|Pyroar, L88, F|154/295\n|-ability|p2a: Pyroar|Unnerve\n|move|p1a: Vigoroth|Body Slam|p2a: Pyroar\n|-damage|p2a: Pyroar|66/295\n|\n|upkeep\n|turn|14\n|\n|t:|1781386230\n|switch|p1a: Chandelure|Chandelure, L83, M|235/235\n|move|p2a: Pyroar|Taunt|p1a: Chandelure\n|-start|p1a: Chandelure|move: Taunt\n|\n|upkeep\n|turn|15\n|\n|t:|1781386239\n|switch|p2a: Volcanion|Volcanion, L79|195/255\n|switch|p1a: Vigoroth|Vigoroth, L85, M|275/275\n|\n|upkeep\n|turn|16\n|\n|t:|1781386242\n|move|p2a: Volcanion|Steam Eruption|p1a: Vigoroth\n|-damage|p1a: Vigoroth|146/275\n|move|p1a: Vigoroth|Body Slam|p2a: Volcanion\n|-damage|p2a: Volcanion|131/255\n|\n|upkeep\n|turn|17\n|\n|t:|1781386253\n|move|p2a: Volcanion|Steam Eruption|p1a: Vigoroth\n|-damage|p1a: Vigoroth|22/275\n|move|p1a: Vigoroth|Body Slam|p2a: Volcanion\n|-damage|p2a: Volcanion|65/255\n|\n|upkeep\n|turn|18\n|\n|t:|1781386266\n|move|p2a: Volcanion|Steam Eruption|p1a: Vigoroth\n|-damage|p1a: Vigoroth|0 fnt\n|faint|p1a: Vigoroth\n|\n|upkeep\n|\n|t:|1781386268\n|switch|p1a: Weavile|Weavile, L79, M|239/239\n|turn|19\n|\n|t:|1781386283\n|switch|p2a: Pyroar|Pyroar, L88, F|66/295\n|-ability|p2a: Pyroar|Unnerve\n|move|p1a: Weavile|Knock Off|p2a: Pyroar\n|-damage|p2a: Pyroar|0 fnt\n|-enditem|p2a: Pyroar|Heavy-Duty Boots|[from] move: Knock Off|[of] p1a: Weavile\n|faint|p2a: Pyroar\n|\n|upkeep\n|\n|t:|1781386291\n|switch|p2a: Excadrill|Excadrill, L79, F|303/303\n|-ability|p2a: Excadrill|Mold Breaker\n|turn|20\n|\n|t:|1781386302\n|move|p1a: Weavile|Knock Off|p2a: Excadrill\n|-damage|p2a: Excadrill|98/303\n|-enditem|p2a: Excadrill|Leftovers|[from] move: Knock Off|[of] p1a: Weavile\n|move|p2a: Excadrill|Iron Head|p1a: Weavile\n|-supereffective|p1a: Weavile\n|-damage|p1a: Weavile|0 fnt\n|faint|p1a: Weavile\n|\n|upkeep\n|\n|t:|1781386308\n|switch|p1a: Chandelure|Chandelure, L83, M|235/235\n|turn|21\n|-message|awaangawa forfeited.\n|\n|win|sanos\n", "inputlog": ">version a8376a258c1d4662feba110a92103f3664a72141\n>start {\"formatid\":\"gen9randombattle\",\"seed\":\"sodium,a6e14b65ecb863163299a98219471194\",\"rated\":\"Rated battle\"}\n>player p1 {\"name\":\"awaangawa\",\"avatar\":\"265\",\"rating\":1998,\"seed\":\"sodium,6981ecdbfaeb27d96c437805353628a0\"}\n>player p2 {\"name\":\"sanos\",\"avatar\":\"nate\",\"rating\":1983,\"seed\":\"sodium,78fafacb1057579dba70d343e95567fc\"}\n>p1 move calmmind\n>p2 switch 2\n>p1 switch 4\n>p2 switch 6\n>p1 move knockoff\n>p2 move tailglow\n>p1 move bravebird\n>p2 move hydropump\n>p1 move bravebird\n>p2 move icebeam\n>p1 switch 3\n>p1 move leafstorm\n>p2 move icebeam\n>p1 switch 5\n>p1 move bodyslam\n>p2 move hydropump\n>p2 switch 6\n>p1 switch 4\n>p2 move willowisp\n>p1 move fireblast\n>p2 move taunt\n>p1 move fireblast\n>p2 switch 5\n>p1 switch 6\n>p2 move steameruption\n>p1 move thunderwave\n>p2 move steameruption\n>p1 switch 4\n>p1 move bodyslam\n>p2 switch 5\n>p1 switch 6\n>p2 move taunt\n>p1 switch 6\n>p2 switch 5\n>p1 move bodyslam\n>p2 move steameruption\n>p1 move bodyslam\n>p2 move steameruption\n>p1 move bodyslam\n>p2 move steameruption\n>p1 switch 2\n>p1 move knockoff\n>p2 switch 5\n>p2 switch 4\n>p1 move knockoff\n>p2 move ironhead\n>p1 switch 6\n>forcelose p1", "uploadtime": 1781385975, "views": 6, "formatid": "gen9randombattle", "rating": null, "private": 0, "password": null}