{"id": "gen9randombattle-2631780288", "format": "[Gen 9] Random Battle", "players": ["dfrtygh", "hqhqfsgghfF"], "log": "|j|\u2606dfrtygh\n|j|\u2606hqhqfsgghfF\n|t:|1781438542\n|gametype|singles\n|player|p1|dfrtygh|101|1058\n|player|p2|hqhqfsgghfF|265|1058\n|gen|9\n|tier|[Gen 9] Random Battle\n|rated|\n|rule|Species Clause: Limit one of each Pok\u00e9mon\n|rule|HP Percentage Mod: HP is shown in percentages\n|rule|Sleep Clause Mod: Limit one foe put to sleep\n|rule|Illusion Level Mod: Illusion disguises the Pok\u00e9mon's true level\n|\n|t:|1781438542\n|teamsize|p1|6\n|teamsize|p2|6\n|start\n|switch|p1a: Terapagos|Terapagos, L77, F|265/265\n|switch|p2a: Dewgong|Dewgong, L94, M|322/322\n|-activate|p1a: Terapagos|ability: Tera Shift\n|detailschange|p1a: Terapagos|Terapagos-Terastal, L77, F\n|-heal|p1a: Terapagos|273/273|[silent]\n|turn|1\n|inactive|Battle timer is ON: inactive players will automatically lose when time's up. (requested by hqhqfsgghfF)\n|\n|t:|1781438582\n|-terastallize|p1a: Terapagos|Stellar\n|detailschange|p1a: Terapagos|Terapagos-Stellar, L77, F, tera:Stellar\n|-heal|p1a: Terapagos|373/373|[silent]\n|move|p2a: Dewgong|Knock Off|p1a: Terapagos\n|-damage|p1a: Terapagos|312/373\n|-enditem|p1a: Terapagos|Chesto Berry|[from] move: Knock Off|[of] p2a: Dewgong\n|move|p1a: Terapagos|Calm Mind|p1a: Terapagos\n|-boost|p1a: Terapagos|spa|1\n|-boost|p1a: Terapagos|spd|1\n|\n|upkeep\n|turn|2\n|\n|t:|1781438599\n|move|p2a: Dewgong|Encore|p1a: Terapagos\n|-start|p1a: Terapagos|Encore\n|move|p1a: Terapagos|Calm Mind|p1a: Terapagos\n|-boost|p1a: Terapagos|spa|1\n|-boost|p1a: Terapagos|spd|1\n|\n|upkeep\n|turn|3\n|\n|t:|1781438611\n|switch|p2a: Gallade|Gallade, L80, M|240/240\n|move|p1a: Terapagos|Calm Mind|p1a: Terapagos\n|-boost|p1a: Terapagos|spa|1\n|-boost|p1a: Terapagos|spd|1\n|\n|upkeep\n|turn|4\n|\n|t:|1781438619\n|move|p1a: Terapagos|Calm Mind|p1a: Terapagos\n|-boost|p1a: Terapagos|spa|1\n|-boost|p1a: Terapagos|spd|1\n|move|p2a: Gallade|Sacred Sword|p1a: Terapagos\n|-supereffective|p1a: Terapagos\n|-damage|p1a: Terapagos|0 fnt\n|faint|p1a: Terapagos\n|detailschange|p1: Terapagos|Terapagos, L77, F|[silent]\n|-damage|p2a: Gallade|216/240|[from] item: Life Orb\n|\n|upkeep\n|inactive|dfrtygh has 120 seconds left.\n|\n|t:|1781438649\n|switch|p1a: Pikachu|Pikachu-Partner, L93, M|216/216\n|turn|5\n|\n|t:|1781438659\n|move|p1a: Pikachu|Volt Tackle|p2a: Gallade\n|-damage|p2a: Gallade|0 fnt\n|faint|p2a: Gallade\n|-damage|p1a: Pikachu|145/216|[from] Recoil\n|\n|upkeep\n|\n|t:|1781438670\n|switch|p2a: Wo-Chien|Wo-Chien, L83|277/277\n|-ability|p2a: Wo-Chien|Tablets of Ruin\n|turn|6\n|\n|t:|1781438677\n|move|p1a: Pikachu|Play Rough|p2a: Wo-Chien\n|-supereffective|p2a: Wo-Chien\n|-damage|p2a: Wo-Chien|125/277\n|move|p2a: Wo-Chien|Leech Seed|p1a: Pikachu|[miss]\n|-miss|p2a: Wo-Chien|p1a: Pikachu\n|\n|-heal|p2a: Wo-Chien|142/277|[from] item: Leftovers\n|upkeep\n|turn|7\n|\n|t:|1781438686\n|-terastallize|p2a: Wo-Chien|Poison\n|move|p1a: Pikachu|Play Rough|p2a: Wo-Chien\n|-resisted|p2a: Wo-Chien\n|-damage|p2a: Wo-Chien|109/277\n|move|p2a: Wo-Chien|Leech Seed|p1a: Pikachu\n|-start|p1a: Pikachu|move: Leech Seed\n|\n|-heal|p2a: Wo-Chien|126/277|[from] item: Leftovers\n|-damage|p1a: Pikachu|118/216|[from] Leech Seed|[of] p2a: Wo-Chien\n|-heal|p2a: Wo-Chien|153/277|[silent]\n|upkeep\n|turn|8\n|\n|t:|1781438697\n|move|p2a: Wo-Chien|Protect|p2a: Wo-Chien\n|-singleturn|p2a: Wo-Chien|Protect\n|move|p1a: Pikachu|Volt Tackle|p2a: Wo-Chien\n|-activate|p2a: Wo-Chien|move: Protect\n|\n|-heal|p2a: Wo-Chien|170/277|[from] item: Leftovers\n|-damage|p1a: Pikachu|91/216|[from] Leech Seed|[of] p2a: Wo-Chien\n|-heal|p2a: Wo-Chien|197/277|[silent]\n|upkeep\n|turn|9\n|\n|t:|1781438709\n|move|p1a: Pikachu|Volt Tackle|p2a: Wo-Chien\n|-damage|p2a: Wo-Chien|67/277\n|-damage|p1a: Pikachu|48/216|[from] Recoil\n|move|p2a: Wo-Chien|Knock Off|p1a: Pikachu\n|-damage|p1a: Pikachu|0 fnt\n|-enditem|p1a: Pikachu|Light Ball|[from] move: Knock Off|[of] p2a: Wo-Chien\n|faint|p1a: Pikachu\n|\n|-heal|p2a: Wo-Chien|84/277|[from] item: Leftovers\n|upkeep\n|\n|t:|1781438727\n|switch|p1a: Ninetales|Ninetales, L85, M|263/263\n|-weather|SunnyDay|[from] ability: Drought|[of] p1a: Ninetales\n|turn|10\n|\n|t:|1781438733\n|move|p2a: Wo-Chien|Protect|p2a: Wo-Chien\n|-singleturn|p2a: Wo-Chien|Protect\n|move|p1a: Ninetales|Scorching Sands|p2a: Wo-Chien\n|-activate|p2a: Wo-Chien|move: Protect\n|\n|-weather|SunnyDay|[upkeep]\n|-heal|p2a: Wo-Chien|101/277|[from] item: Leftovers\n|upkeep\n|turn|11\n|\n|t:|1781438746\n|switch|p2a: Dewgong|Dewgong, L94, M|322/322\n|move|p1a: Ninetales|Nasty Plot|p1a: Ninetales\n|-boost|p1a: Ninetales|spa|2\n|\n|-weather|SunnyDay|[upkeep]\n|upkeep\n|turn|12\n|\n|t:|1781438759\n|move|p1a: Ninetales|Fire Blast|p2a: Dewgong\n|-damage|p2a: Dewgong|192/322\n|move|p2a: Dewgong|Encore|p1a: Ninetales\n|-start|p1a: Ninetales|Encore\n|\n|-weather|SunnyDay|[upkeep]\n|upkeep\n|turn|13\n|\n|t:|1781438768\n|move|p1a: Ninetales|Fire Blast|p2a: Dewgong|[miss]\n|-miss|p1a: Ninetales|p2a: Dewgong\n|move|p2a: Dewgong|Knock Off|p1a: Ninetales\n|-damage|p1a: Ninetales|186/263\n|-enditem|p1a: Ninetales|Heavy-Duty Boots|[from] move: Knock Off|[of] p2a: Dewgong\n|\n|-weather|SunnyDay|[upkeep]\n|upkeep\n|turn|14\n|\n|t:|1781438777\n|switch|p1a: Eelektross|Eelektross, L87, M|290/290\n|move|p2a: Dewgong|Surf|p1a: Eelektross\n|-damage|p1a: Eelektross|242/290\n|\n|-weather|none\n|-heal|p1a: Eelektross|260/290|[from] item: Leftovers\n|upkeep\n|turn|15\n|\n|t:|1781438796\n|switch|p2a: Seviper|Seviper, L93, F|287/287\n|move|p1a: Eelektross|Supercell Slam|p2a: Seviper\n|-damage|p2a: Seviper|146/287\n|\n|-heal|p1a: Eelektross|278/290|[from] item: Leftovers\n|upkeep\n|turn|16\n|\n|t:|1781438808\n|move|p2a: Seviper|Glare|p1a: Eelektross\n|-immune|p1a: Eelektross\n|move|p1a: Eelektross|Coil|p1a: Eelektross\n|-boost|p1a: Eelektross|atk|1\n|-boost|p1a: Eelektross|def|1\n|-boost|p1a: Eelektross|accuracy|1\n|\n|-heal|p1a: Eelektross|290/290|[from] item: Leftovers\n|upkeep\n|turn|17\n|\n|t:|1781438816\n|move|p2a: Seviper|Gunk Shot|p1a: Eelektross\n|-damage|p1a: Eelektross|157/290\n|-damage|p2a: Seviper|118/287|[from] item: Life Orb\n|move|p1a: Eelektross|Supercell Slam|p2a: Seviper\n|-damage|p2a: Seviper|0 fnt\n|faint|p2a: Seviper\n|\n|-heal|p1a: Eelektross|175/290|[from] item: Leftovers\n|upkeep\n|\n|t:|1781438827\n|switch|p2a: Kyurem|Kyurem-Black, L71|295/295\n|-ability|p2a: Kyurem|Teravolt\n|turn|18\n|\n|t:|1781438834\n|move|p2a: Kyurem|Dragon Dance|p2a: Kyurem\n|-boost|p2a: Kyurem|atk|1\n|-boost|p2a: Kyurem|spe|1\n|move|p1a: Eelektross|Drain Punch|p2a: Kyurem\n|-supereffective|p2a: Kyurem\n|-damage|p2a: Kyurem|95/295\n|-heal|p1a: Eelektross|275/290|[from] drain|[of] p2a: Kyurem\n|\n|-heal|p1a: Eelektross|290/290|[from] item: Leftovers\n|upkeep\n|turn|19\n|\n|t:|1781438847\n|move|p2a: Kyurem|Scale Shot|p1a: Eelektross\n|-damage|p1a: Eelektross|259/290\n|-damage|p1a: Eelektross|226/290\n|-damage|p1a: Eelektross|195/290\n|-damage|p1a: Eelektross|162/290\n|-hitcount|p1a: Eelektross|4\n|-unboost|p2a: Kyurem|def|1\n|-boost|p2a: Kyurem|spe|1\n|move|p1a: Eelektross|Drain Punch|p2a: Kyurem\n|-supereffective|p2a: Kyurem\n|-damage|p2a: Kyurem|0 fnt\n|-heal|p1a: Eelektross|210/290|[from] drain|[of] p2a: Kyurem\n|faint|p2a: Kyurem\n|\n|-heal|p1a: Eelektross|228/290|[from] item: Leftovers\n|upkeep\n|-message|hqhqfsgghfF forfeited.\n|\n|win|dfrtygh\n|raw|dfrtygh's rating: 1058 &rarr; <strong>1089</strong><br />(+31 for winning)\n|raw|hqhqfsgghfF's rating: 1058 &rarr; <strong>1039</strong><br />(-19 for losing)\n|l|\u2606hqhqfsgghfF\n|player|p2|\n", "uploadtime": 1781438864, "views": 2, "formatid": "gen9randombattle", "rating": 1039, "private": 0, "password": null}