{"id": "gen9randombattle-2631888543", "format": "[Gen 9] Random Battle", "players": ["barretjd", "JustHaxRelax"], "log": "|j|\u2606barretjd\n|j|\u2606JustHaxRelax\n|t:|1781452317\n|gametype|singles\n|player|p1|barretjd|101|2274\n|player|p2|JustHaxRelax|169|2261\n|gen|9\n|tier|[Gen 9] Random Battle\n|rated|\n|rule|Species Clause: Limit one of each Pok\u00e9mon\n|rule|HP Percentage Mod: HP is shown in percentages\n|rule|Sleep Clause Mod: Limit one foe put to sleep\n|rule|Illusion Level Mod: Illusion disguises the Pok\u00e9mon's true level\n|\n|t:|1781452317\n|teamsize|p1|6\n|teamsize|p2|6\n|start\n|switch|p1a: Shiftry|Shiftry, L89, F|305/305\n|switch|p2a: Forretress|Forretress, L84, M|263/263\n|turn|1\n|\n|t:|1781452381\n|move|p1a: Shiftry|Knock Off|p2a: Forretress\n|-damage|p2a: Forretress|149/263\n|-enditem|p2a: Forretress|Leftovers|[from] move: Knock Off|[of] p1a: Shiftry\n|-damage|p1a: Shiftry|275/305|[from] item: Life Orb\n|move|p2a: Forretress|Stealth Rock|p1a: Shiftry\n|-sidestart|p1: barretjd|move: Stealth Rock\n|\n|upkeep\n|turn|2\n|\n|t:|1781452400\n|move|p1a: Shiftry|Knock Off|p2a: Forretress\n|-damage|p2a: Forretress|79/263\n|-damage|p1a: Shiftry|245/305|[from] item: Life Orb\n|move|p2a: Forretress|Thunder Wave|p1a: Shiftry\n|-status|p1a: Shiftry|par\n|\n|upkeep\n|turn|3\n|\n|t:|1781452419\n|switch|p1a: Spidops|Spidops, L96, F|271/271\n|move|p2a: Forretress|Iron Head|p1a: Spidops\n|-damage|p1a: Spidops|207/271\n|\n|upkeep\n|turn|4\n|\n|t:|1781452441\n|move|p2a: Forretress|Thunder Wave|p1a: Spidops\n|-status|p1a: Spidops|par\n|cant|p1a: Spidops|par\n|\n|upkeep\n|turn|5\n|\n|t:|1781452445\n|move|p2a: Forretress|Iron Head|p1a: Spidops\n|-damage|p1a: Spidops|140/271 par\n|move|p1a: Spidops|Circle Throw|p2a: Forretress|[miss]\n|-miss|p1a: Spidops|p2a: Forretress\n|\n|upkeep\n|turn|6\n|\n|t:|1781452449\n|move|p2a: Forretress|Iron Head|p1a: Spidops\n|-damage|p1a: Spidops|70/271 par\n|move|p1a: Spidops|Circle Throw|p2a: Forretress\n|-damage|p2a: Forretress|43/263\n|drag|p2a: Clawitzer|Clawitzer, L87, F|265/265\n|\n|upkeep\n|turn|7\n|\n|t:|1781452455\n|move|p2a: Clawitzer|Water Pulse|p1a: Spidops\n|-damage|p1a: Spidops|0 fnt\n|faint|p1a: Spidops\n|\n|upkeep\n|\n|t:|1781452461\n|switch|p1a: Keldeo|Keldeo-Resolute, L79|273/273\n|-damage|p1a: Keldeo|256/273|[from] Stealth Rock\n|turn|8\n|\n|t:|1781452469\n|move|p1a: Keldeo|Calm Mind|p1a: Keldeo\n|-boost|p1a: Keldeo|spa|1\n|-boost|p1a: Keldeo|spd|1\n|move|p2a: Clawitzer|U-turn|p1a: Keldeo\n|-resisted|p1a: Keldeo\n|-damage|p1a: Keldeo|233/273\n|\n|t:|1781452474\n|switch|p2a: Electivire|Electivire, L84, F|263/263|[from] U-turn\n|\n|-heal|p1a: Keldeo|250/273|[from] item: Leftovers\n|upkeep\n|turn|9\n|\n|t:|1781452480\n|move|p2a: Electivire|Supercell Slam|p1a: Keldeo\n|-supereffective|p1a: Keldeo\n|-damage|p1a: Keldeo|0 fnt\n|faint|p1a: Keldeo\n|\n|upkeep\n|\n|t:|1781452496\n|switch|p1a: Pachirisu|Pachirisu, L96, M|271/271\n|turn|10\n|\n|t:|1781452508\n|switch|p2a: Muk|Muk-Alola, L82, F|306/306\n|move|p1a: Pachirisu|Discharge|p2a: Muk\n|-damage|p2a: Muk|266/306\n|\n|upkeep\n|turn|11\n|-message|barretjd forfeited.\n|\n|win|JustHaxRelax\n", "inputlog": ">version a8376a258c1d4662feba110a92103f3664a72141\n>start {\"formatid\":\"gen9randombattle\",\"seed\":\"sodium,d7b2794fa9c6bd1229fdc2f4eccaf58e\",\"rated\":\"Rated battle\"}\n>player p1 {\"name\":\"barretjd\",\"avatar\":\"101\",\"rating\":2274,\"seed\":\"sodium,978530cba25bc294dc3865bcd118878a\"}\n>player p2 {\"name\":\"JustHaxRelax\",\"avatar\":\"169\",\"rating\":2261,\"seed\":\"sodium,732619869d5640781ce6c1a5a2b45dbe\"}\n>p1 move knockoff\n>p2 move stealthrock\n>p1 move knockoff\n>p2 move thunderwave\n>p1 switch 3\n>p2 move ironhead\n>p1 move circlethrow\n>p2 move thunderwave\n>p1 move circlethrow\n>p2 move ironhead\n>p1 move circlethrow\n>p2 move ironhead\n>p1 move stickyweb\n>p2 move waterpulse\n>p1 switch 6\n>p1 move calmmind\n>p2 move uturn\n>p2 switch 3\n>p1 move substitute\n>p2 move supercellslam\n>p1 switch 2\n>p1 move discharge\n>p2 switch 2\n>forcelose p1", "uploadtime": 1781452319, "views": 7, "formatid": "gen9randombattle", "rating": null, "private": 0, "password": null}