{"id": "gen9randombattle-2631969443", "format": "[Gen 9] Random Battle", "players": ["rareold", "palle sgrondanti"], "log": "|j|\u2606rareold\n|j|\u2606palle sgrondanti\n|t:|1781461127\n|gametype|singles\n|player|p1|rareold|gardenia|1410\n|player|p2|palle sgrondanti|hiker-gen4|1389\n|gen|9\n|tier|[Gen 9] Random Battle\n|rated|\n|rule|Species Clause: Limit one of each Pok\u00e9mon\n|rule|HP Percentage Mod: HP is shown in percentages\n|rule|Sleep Clause Mod: Limit one foe put to sleep\n|rule|Illusion Level Mod: Illusion disguises the Pok\u00e9mon's true level\n|\n|t:|1781461127\n|teamsize|p1|6\n|teamsize|p2|6\n|start\n|switch|p1a: Ninetales|Ninetales-Alola, L78, M|242/242\n|switch|p2a: Weavile|Weavile, L79, M|240/240\n|-weather|Snowscape|[from] ability: Snow Warning|[of] p1a: Ninetales\n|turn|1\n|\n|t:|1781461142\n|move|p2a: Weavile|Swords Dance|p2a: Weavile\n|-boost|p2a: Weavile|atk|2\n|move|p1a: Ninetales|Aurora Veil|p1a: Ninetales\n|-sidestart|p1: rareold|move: Aurora Veil\n|\n|-weather|Snowscape|[upkeep]\n|upkeep\n|turn|2\n|\n|t:|1781461148\n|move|p2a: Weavile|Swords Dance|p2a: Weavile\n|-boost|p2a: Weavile|atk|2\n|move|p1a: Ninetales|Moonblast|p2a: Weavile\n|-supereffective|p2a: Weavile\n|-damage|p2a: Weavile|78/240\n|-unboost|p2a: Weavile|spa|1\n|\n|-weather|Snowscape|[upkeep]\n|upkeep\n|turn|3\n|\n|t:|1781461160\n|move|p2a: Weavile|Knock Off|p1a: Ninetales\n|-resisted|p1a: Ninetales\n|-damage|p1a: Ninetales|173/242\n|-enditem|p1a: Ninetales|Light Clay|[from] move: Knock Off|[of] p2a: Weavile\n|move|p1a: Ninetales|Moonblast|p2a: Weavile\n|-supereffective|p2a: Weavile\n|-damage|p2a: Weavile|0 fnt\n|faint|p2a: Weavile\n|\n|-weather|Snowscape|[upkeep]\n|upkeep\n|\n|t:|1781461176\n|switch|p2a: Weezing|Weezing-Galar, L86, M|252/252\n|turn|4\n|\n|t:|1781461185\n|switch|p1a: Jirachi|Jirachi, L80|291/291\n|move|p2a: Weezing|Gunk Shot|p1a: Jirachi\n|-immune|p1a: Jirachi\n|\n|-weather|Snowscape|[upkeep]\n|upkeep\n|turn|5\n|inactive|Battle timer is ON: inactive players will automatically lose when time's up. (requested by palle sgrondanti)\n|\n|t:|1781461207\n|switch|p2a: Mudsdale|Mudsdale, L83, F|302/302\n|move|p1a: Jirachi|Iron Head|p2a: Mudsdale\n|-damage|p2a: Mudsdale|227/302\n|-ability|p2a: Mudsdale|Stamina|boost\n|-boost|p2a: Mudsdale|def|1\n|\n|-weather|none\n|-heal|p2a: Mudsdale|245/302|[from] item: Leftovers\n|upkeep\n|turn|6\n|\n|t:|1781461228\n|switch|p1a: Ninetales|Ninetales-Alola, L78, M|173/242\n|-weather|Snowscape|[from] ability: Snow Warning|[of] p1a: Ninetales\n|move|p2a: Mudsdale|Earthquake|p1a: Ninetales\n|-damage|p1a: Ninetales|126/242\n|\n|-weather|Snowscape|[upkeep]\n|-heal|p2a: Mudsdale|263/302|[from] item: Leftovers\n|upkeep\n|turn|7\n|inactive|rareold has 120 seconds left.\n|\n|t:|1781461267\n|-terastallize|p2a: Mudsdale|Steel\n|move|p1a: Ninetales|Blizzard|p2a: Mudsdale\n|-resisted|p2a: Mudsdale\n|-damage|p2a: Mudsdale|215/302\n|-ability|p2a: Mudsdale|Stamina|boost\n|-boost|p2a: Mudsdale|def|1\n|move|p2a: Mudsdale|Heavy Slam|p1a: Ninetales\n|-supereffective|p1a: Ninetales\n|-damage|p1a: Ninetales|0 fnt\n|faint|p1a: Ninetales\n|\n|-weather|Snowscape|[upkeep]\n|-heal|p2a: Mudsdale|233/302|[from] item: Leftovers\n|upkeep\n|\n|t:|1781461274\n|switch|p1a: Groudon|Groudon, L72|263/263\n|-weather|SunnyDay|[from] ability: Drought|[of] p1a: Groudon\n|turn|8\n|\n|t:|1781461296\n|move|p1a: Groudon|Swords Dance|p1a: Groudon\n|-boost|p1a: Groudon|atk|2\n|move|p2a: Mudsdale|Earthquake|p1a: Groudon\n|-damage|p1a: Groudon|209/263\n|\n|-weather|SunnyDay|[upkeep]\n|-heal|p1a: Groudon|225/263|[from] item: Leftovers\n|-heal|p2a: Mudsdale|251/302|[from] item: Leftovers\n|-sideend|p1: rareold|move: Aurora Veil\n|upkeep\n|turn|9\n|inactive|rareold has 120 seconds left.\n|\n|t:|1781461310\n|move|p1a: Groudon|Thunder Wave|p2a: Mudsdale\n|-status|p2a: Mudsdale|par\n|cant|p2a: Mudsdale|par\n|\n|-weather|SunnyDay|[upkeep]\n|-heal|p1a: Groudon|241/263|[from] item: Leftovers\n|-heal|p2a: Mudsdale|269/302 par|[from] item: Leftovers\n|upkeep\n|turn|10\n|\n|t:|1781461317\n|move|p1a: Groudon|Precipice Blades|p2a: Mudsdale|[miss]\n|-miss|p1a: Groudon|p2a: Mudsdale\n|move|p2a: Mudsdale|Roar|p1a: Groudon\n|drag|p1a: Sawsbuck|Sawsbuck, L88, M|284/284\n|\n|-weather|SunnyDay|[upkeep]\n|-heal|p2a: Mudsdale|287/302 par|[from] item: Leftovers\n|upkeep\n|turn|11\n|\n|t:|1781461326\n|move|p1a: Sawsbuck|Swords Dance|p1a: Sawsbuck\n|-boost|p1a: Sawsbuck|atk|2\n|move|p2a: Mudsdale|Stone Edge|p1a: Sawsbuck\n|-damage|p1a: Sawsbuck|189/284\n|\n|-weather|SunnyDay|[upkeep]\n|-heal|p2a: Mudsdale|302/302 par|[from] item: Leftovers\n|upkeep\n|turn|12\n|\n|t:|1781461335\n|move|p1a: Sawsbuck|High Horsepower|p2a: Mudsdale\n|-supereffective|p2a: Mudsdale\n|-damage|p2a: Mudsdale|112/302 par\n|-ability|p2a: Mudsdale|Stamina|boost\n|-boost|p2a: Mudsdale|def|1\n|-damage|p1a: Sawsbuck|161/284|[from] item: Life Orb\n|move|p2a: Mudsdale|Heavy Slam|p1a: Sawsbuck\n|-damage|p1a: Sawsbuck|0 fnt\n|faint|p1a: Sawsbuck\n|\n|-weather|none\n|-heal|p2a: Mudsdale|130/302 par|[from] item: Leftovers\n|upkeep\n|\n|t:|1781461344\n|switch|p1a: Ceruledge|Ceruledge, L78, F|245/245\n|turn|13\n|\n|t:|1781461351\n|move|p1a: Ceruledge|Swords Dance|p1a: Ceruledge\n|-boost|p1a: Ceruledge|atk|2\n|move|p2a: Mudsdale|Earthquake|p1a: Ceruledge\n|-supereffective|p1a: Ceruledge\n|-damage|p1a: Ceruledge|0 fnt\n|faint|p1a: Ceruledge\n|\n|-heal|p2a: Mudsdale|148/302 par|[from] item: Leftovers\n|upkeep\n|\n|t:|1781461357\n|switch|p1a: Thundurus|Thundurus, L80, M|258/258\n|turn|14\n|\n|t:|1781461360\n|move|p1a: Thundurus|Thunderbolt|p2a: Mudsdale\n|-damage|p2a: Mudsdale|36/302 par\n|-ability|p2a: Mudsdale|Stamina|boost\n|-boost|p2a: Mudsdale|def|1\n|cant|p2a: Mudsdale|par\n|\n|-heal|p2a: Mudsdale|54/302 par|[from] item: Leftovers\n|upkeep\n|turn|15\n|\n|t:|1781461365\n|move|p1a: Thundurus|Thunderbolt|p2a: Mudsdale\n|-damage|p2a: Mudsdale|0 fnt\n|faint|p2a: Mudsdale\n|\n|upkeep\n|\n|t:|1781461370\n|switch|p2a: Dedenne|Dedenne, L88, M|261/261\n|turn|16\n|\n|t:|1781461376\n|move|p2a: Dedenne|Super Fang|p1a: Thundurus\n|-damage|p1a: Thundurus|129/258\n|move|p1a: Thundurus|U-turn|p2a: Dedenne\n|-resisted|p2a: Dedenne\n|-damage|p2a: Dedenne|226/261\n|\n|t:|1781461382\n|switch|p1a: Groudon|Groudon, L72|241/263|[from] U-turn\n|-weather|SunnyDay|[from] ability: Drought|[of] p1a: Groudon\n|\n|-weather|SunnyDay|[upkeep]\n|-heal|p1a: Groudon|257/263|[from] item: Leftovers\n|upkeep\n|turn|17\n|\n|t:|1781461389\n|move|p2a: Dedenne|U-turn|p1a: Groudon\n|-damage|p1a: Groudon|223/263\n|\n|t:|1781461393\n|switch|p2a: Weezing|Weezing-Galar, L86, M|252/252|[from] U-turn\n|move|p1a: Groudon|Precipice Blades|p2a: Weezing\n|-immune|p2a: Weezing|[from] ability: Levitate\n|\n|-weather|SunnyDay|[upkeep]\n|-heal|p1a: Groudon|239/263|[from] item: Leftovers\n|upkeep\n|turn|18\n|\n|t:|1781461401\n|move|p1a: Groudon|Swords Dance|p1a: Groudon\n|-boost|p1a: Groudon|atk|2\n|move|p2a: Weezing|Gunk Shot|p1a: Groudon|[miss]\n|-miss|p2a: Weezing|p1a: Groudon\n|\n|-weather|SunnyDay|[upkeep]\n|-heal|p1a: Groudon|255/263|[from] item: Leftovers\n|upkeep\n|turn|19\n|\n|t:|1781461410\n|move|p1a: Groudon|Heat Crash|p2a: Weezing\n|-damage|p2a: Weezing|48/252\n|move|p2a: Weezing|Gunk Shot|p1a: Groudon\n|-resisted|p1a: Groudon\n|-damage|p1a: Groudon|201/263\n|\n|-weather|SunnyDay|[upkeep]\n|-heal|p1a: Groudon|217/263|[from] item: Leftovers\n|-heal|p2a: Weezing|63/252|[from] item: Leftovers\n|upkeep\n|turn|20\n|\n|t:|1781461418\n|move|p1a: Groudon|Heat Crash|p2a: Weezing\n|-damage|p2a: Weezing|0 fnt\n|faint|p2a: Weezing\n|\n|-weather|none\n|-heal|p1a: Groudon|233/263|[from] item: Leftovers\n|upkeep\n|\n|t:|1781461432\n|switch|p2a: Lilligant|Lilligant, L86, F|261/261\n|turn|21\n|\n|t:|1781461438\n|-terastallize|p1a: Groudon|Fire\n|move|p2a: Lilligant|Petal Dance|p1a: Groudon\n|-resisted|p1a: Groudon\n|-damage|p1a: Groudon|117/263\n|-damage|p2a: Lilligant|235/261|[from] item: Life Orb\n|move|p1a: Groudon|Heat Crash|p2a: Lilligant\n|-supereffective|p2a: Lilligant\n|-crit|p2a: Lilligant\n|-damage|p2a: Lilligant|0 fnt\n|faint|p2a: Lilligant\n|\n|-heal|p1a: Groudon|133/263|[from] item: Leftovers\n|upkeep\n|\n|t:|1781461445\n|switch|p2a: Dedenne|Dedenne, L88, M|226/261\n|turn|22\n|\n|t:|1781461448\n|move|p2a: Dedenne|Thunderbolt|p1a: Groudon\n|-damage|p1a: Groudon|27/263\n|move|p1a: Groudon|Heat Crash|p2a: Dedenne\n|-crit|p2a: Dedenne\n|-damage|p2a: Dedenne|0 fnt\n|faint|p2a: Dedenne\n|\n|-heal|p1a: Groudon|43/263|[from] item: Leftovers\n|upkeep\n|\n|t:|1781461451\n|switch|p2a: Bellossom|Bellossom, L84, F|263/263\n|turn|23\n|\n|t:|1781461458\n|move|p1a: Groudon|Heat Crash|p2a: Bellossom\n|-supereffective|p2a: Bellossom\n|-damage|p2a: Bellossom|0 fnt\n|faint|p2a: Bellossom\n|\n|win|rareold\n|raw|rareold's rating: 1410 &rarr; <strong>1429</strong><br />(+19 for winning)\n|raw|palle sgrondanti's rating: 1389 &rarr; <strong>1370</strong><br />(-19 for losing)\n", "inputlog": ">version a8376a258c1d4662feba110a92103f3664a72141\n>start {\"formatid\":\"gen9randombattle\",\"seed\":\"sodium,6821a07b654792160079eedc5c9c6e7e\",\"rated\":\"Rated battle\"}\n>player p1 {\"name\":\"rareold\",\"avatar\":\"gardenia\",\"rating\":1410,\"seed\":\"sodium,9acb716719c8797ae968a32e80192691\"}\n>player p2 {\"name\":\"palle sgrondanti\",\"avatar\":\"hiker-gen4\",\"rating\":1389,\"seed\":\"sodium,2c81d8f6830c690d415e061354d13042\"}\n>p1 move auroraveil\n>p2 move swordsdance\n>p1 move moonblast\n>p2 move swordsdance\n>p1 move moonblast\n>p2 move knockoff\n>p2 switch 6\n>p1 switch 6\n>p2 move gunkshot\n>p1 move ironhead\n>p2 switch 4\n>p1 switch 6\n>p2 move earthquake\n>p1 move blizzard\n>p2 move heavyslam terastallize\n>p1 switch 4\n>p1 move swordsdance\n>p2 move earthquake\n>p1 move thunderwave\n>p2 move roar\n>p1 move precipiceblades\n>p2 move roar\n>p1 move swordsdance\n>p2 move stoneedge\n>p1 move highhorsepower\n>p2 move heavyslam\n>p1 switch 2\n>p1 move swordsdance\n>p2 move earthquake\n>p1 switch 5\n>p1 move thunderbolt\n>p2 move stoneedge\n>p1 move thunderbolt\n>p2 move stoneedge\n>p2 switch 3\n>p1 move uturn\n>p2 move superfang\n>p1 switch 3\n>p1 move precipiceblades\n>p2 move uturn\n>p2 switch 4\n>p1 move swordsdance\n>p2 move gunkshot\n>p1 move heatcrash\n>p2 move gunkshot\n>p1 move heatcrash\n>p2 move painsplit\n>p2 switch 5\n>p1 move heatcrash terastallize\n>p2 move petaldance\n>p2 switch 4\n>p1 move heatcrash\n>p2 move thunderbolt\n>p2 switch 2\n>p1 move heatcrash\n>p2 move terablast", "uploadtime": 1781461464, "views": 6, "formatid": "gen9randombattle", "rating": 1370, "private": 0, "password": null}