{"id": "gen9randombattle-2631421387", "format": "[Gen 9] Random Battle", "players": ["G0d_OfMars20", "OGKUSHONDECK"], "log": "|j|\u2606G0d_OfMars20\n|j|\u2606OGKUSHONDECK\n|t:|1781382624\n|gametype|singles\n|player|p1|G0d_OfMars20|chili|1921\n|player|p2|OGKUSHONDECK|biker-gen1rb|1947\n|gen|9\n|tier|[Gen 9] Random Battle\n|rated|\n|rule|Species Clause: Limit one of each Pok\u00e9mon\n|rule|HP Percentage Mod: HP is shown in percentages\n|rule|Sleep Clause Mod: Limit one foe put to sleep\n|rule|Illusion Level Mod: Illusion disguises the Pok\u00e9mon's true level\n|\n|t:|1781382624\n|teamsize|p1|6\n|teamsize|p2|6\n|start\n|switch|p1a: Muk|Muk, L86, F|321/321\n|switch|p2a: Bastiodon|Bastiodon, L89, M|252/252\n|turn|1\n|inactive|Battle timer is ON: inactive players will automatically lose when time's up. (requested by G0d_OfMars20)\n|inactive|OGKUSHONDECK has 120 seconds left.\n|\n|t:|1781382661\n|switch|p2a: Seviper|Seviper, L93, M|287/287\n|move|p1a: Muk|Knock Off|p2a: Seviper\n|-damage|p2a: Seviper|190/287\n|-enditem|p2a: Seviper|Life Orb|[from] move: Knock Off|[of] p1a: Muk\n|\n|upkeep\n|turn|2\n|\n|t:|1781382674\n|switch|p1a: Cramorant|Cramorant, L86, M|261/261\n|move|p2a: Seviper|Knock Off|p1a: Cramorant\n|-damage|p1a: Cramorant|152/261\n|-enditem|p1a: Cramorant|Heavy-Duty Boots|[from] move: Knock Off|[of] p2a: Seviper\n|\n|upkeep\n|turn|3\n|\n|t:|1781382683\n|switch|p2a: Swanna|Swanna, L89, F|278/278\n|move|p1a: Cramorant|Surf|p2a: Swanna\n|-formechange|p1a: Cramorant|Cramorant-Gulping|\n|-resisted|p2a: Swanna\n|-damage|p2a: Swanna|219/278\n|\n|upkeep\n|turn|4\n|\n|t:|1781382689\n|move|p2a: Swanna|Brave Bird|p1a: Cramorant\n|-damage|p1a: Cramorant|0 fnt\n|-damage|p2a: Swanna|150/278|[from] ability: Gulp Missile|[of] p1a: Cramorant\n|-unboost|p2a: Swanna|def|1\n|-formechange|p1a: Cramorant|Cramorant|\n|faint|p1a: Cramorant\n|-damage|p2a: Swanna|100/278|[from] Recoil\n|\n|upkeep\n|\n|t:|1781382694\n|switch|p1a: Ambipom|Ambipom, L84, M|263/263\n|turn|5\n|\n|t:|1781382707\n|switch|p2a: Stonjourner|Stonjourner, L91, M|330/330\n|move|p1a: Ambipom|Knock Off|p2a: Stonjourner\n|-damage|p2a: Stonjourner|258/330\n|-enditem|p2a: Stonjourner|Life Orb|[from] move: Knock Off|[of] p1a: Ambipom\n|\n|upkeep\n|turn|6\n|\n|t:|1781382714\n|switch|p1a: Exeggutor|Exeggutor-Alola, L89, M|314/314\n|move|p2a: Stonjourner|Rock Polish|p2a: Stonjourner\n|-boost|p2a: Stonjourner|spe|2\n|\n|upkeep\n|turn|7\n|\n|t:|1781382734\n|switch|p2a: Seviper|Seviper, L93, M|190/287\n|move|p1a: Exeggutor|Wood Hammer|p2a: Seviper\n|-resisted|p2a: Seviper\n|-damage|p2a: Seviper|106/287\n|-damage|p1a: Exeggutor|286/314|[from] Recoil\n|\n|upkeep\n|turn|8\n|\n|t:|1781382741\n|switch|p1a: Muk|Muk, L86, F|321/321\n|move|p2a: Seviper|Gunk Shot|p1a: Muk\n|-resisted|p1a: Muk\n|-damage|p1a: Muk|235/321\n|\n|-heal|p1a: Muk|255/321|[from] item: Leftovers\n|upkeep\n|turn|9\n|\n|t:|1781382747\n|switch|p1a: Ambipom|Ambipom, L84, M|263/263\n|move|p2a: Seviper|Earthquake|p1a: Ambipom\n|-damage|p1a: Ambipom|154/263\n|\n|upkeep\n|turn|10\n|\n|t:|1781382755\n|switch|p2a: Bastiodon|Bastiodon, L89, M|252/252\n|move|p1a: Ambipom|Double-Edge|p2a: Bastiodon\n|-resisted|p2a: Bastiodon\n|-damage|p2a: Bastiodon|226/252\n|-damage|p1a: Ambipom|145/263|[from] Recoil\n|\n|upkeep\n|turn|11\n|\n|t:|1781382765\n|switch|p1a: Vaporeon|Vaporeon, L86, M|364/364\n|move|p2a: Bastiodon|Body Press|p1a: Vaporeon\n|-damage|p1a: Vaporeon|231/364\n|\n|-heal|p1a: Vaporeon|253/364|[from] item: Leftovers\n|upkeep\n|turn|12\n|\n|t:|1781382771\n|switch|p2a: Tropius|Tropius, L91, M|328/328\n|move|p1a: Vaporeon|Wish|p1a: Vaporeon\n|\n|-heal|p1a: Vaporeon|275/364|[from] item: Leftovers\n|upkeep\n|turn|13\n|\n|t:|1781382777\n|switch|p1a: Ambipom|Ambipom, L84, M|145/263\n|move|p2a: Tropius|Leech Seed|p1a: Ambipom\n|-start|p1a: Ambipom|move: Leech Seed\n|\n|-heal|p1a: Ambipom|263/263|[from] move: Wish|[wisher] Vaporeon\n|-damage|p1a: Ambipom|231/263|[from] Leech Seed|[of] p2a: Tropius\n|upkeep\n|turn|14\n|\n|t:|1781382781\n|move|p2a: Tropius|Protect|p2a: Tropius\n|-singleturn|p2a: Tropius|Protect\n|move|p1a: Ambipom|U-turn|p2a: Tropius\n|-activate|p2a: Tropius|move: Protect\n|\n|-damage|p1a: Ambipom|199/263|[from] Leech Seed|[of] p2a: Tropius\n|upkeep\n|turn|15\n|\n|t:|1781382785\n|move|p1a: Ambipom|U-turn|p2a: Tropius\n|-damage|p2a: Tropius|259/328\n|\n|t:|1781382788\n|switch|p1a: Exeggutor|Exeggutor-Alola, L89, M|286/314|[from] U-turn\n|move|p2a: Tropius|Substitute|p2a: Tropius\n|-start|p2a: Tropius|Substitute\n|-damage|p2a: Tropius|177/328\n|\n|upkeep\n|turn|16\n|\n|t:|1781382791\n|move|p2a: Tropius|Air Slash|p1a: Exeggutor\n|-supereffective|p1a: Exeggutor\n|-damage|p1a: Exeggutor|118/314\n|-enditem|p1a: Exeggutor|Sitrus Berry|[eat]\n|-heal|p1a: Exeggutor|196/314|[from] item: Sitrus Berry\n|move|p1a: Exeggutor|Flamethrower|p2a: Tropius\n|-supereffective|p2a: Tropius\n|-end|p2a: Tropius|Substitute\n|\n|upkeep\n|turn|17\n|\n|t:|1781382794\n|move|p2a: Tropius|Air Slash|p1a: Exeggutor\n|-supereffective|p1a: Exeggutor\n|-damage|p1a: Exeggutor|28/314\n|move|p1a: Exeggutor|Flamethrower|p2a: Tropius\n|-supereffective|p2a: Tropius\n|-damage|p2a: Tropius|29/328\n|-enditem|p2a: Tropius|Sitrus Berry|[eat]\n|-heal|p2a: Tropius|111/328|[from] item: Sitrus Berry\n|\n|-item|p2a: Tropius|Sitrus Berry|[from] ability: Harvest\n|-item|p1a: Exeggutor|Sitrus Berry|[from] ability: Harvest\n|upkeep\n|-enditem|p2a: Tropius|Sitrus Berry|[eat]\n|-heal|p2a: Tropius|193/328|[from] item: Sitrus Berry\n|-enditem|p1a: Exeggutor|Sitrus Berry|[eat]\n|-heal|p1a: Exeggutor|106/314|[from] item: Sitrus Berry\n|turn|18\n|\n|t:|1781382799\n|switch|p1a: Ambipom|Ambipom, L84, M|199/263\n|move|p2a: Tropius|Air Slash|p1a: Ambipom\n|-damage|p1a: Ambipom|99/263\n|\n|-item|p2a: Tropius|Sitrus Berry|[from] ability: Harvest\n|upkeep\n|turn|19\n|\n|t:|1781382805\n|switch|p2a: Bastiodon|Bastiodon, L89, M|226/252\n|move|p1a: Ambipom|Triple Axel|p2a: Bastiodon\n|-resisted|p2a: Bastiodon\n|-damage|p2a: Bastiodon|216/252\n|-resisted|p2a: Bastiodon\n|-damage|p2a: Bastiodon|199/252\n|-hitcount|p2a: Bastiodon|2\n|\n|upkeep\n|turn|20\n|\n|t:|1781382811\n|switch|p1a: Muk|Muk, L86, F|255/321\n|move|p2a: Bastiodon|Body Press|p1a: Muk\n|-resisted|p1a: Muk\n|-damage|p1a: Muk|198/321\n|\n|-heal|p1a: Muk|218/321|[from] item: Leftovers\n|upkeep\n|turn|21\n|\n|t:|1781382815\n|move|p1a: Muk|Knock Off|p2a: Bastiodon\n|-damage|p2a: Bastiodon|159/252\n|-enditem|p2a: Bastiodon|Chesto Berry|[from] move: Knock Off|[of] p1a: Muk\n|move|p2a: Bastiodon|Iron Defense|p2a: Bastiodon\n|-boost|p2a: Bastiodon|def|2\n|\n|-heal|p1a: Muk|238/321|[from] item: Leftovers\n|upkeep\n|turn|22\n|\n|t:|1781382825\n|switch|p1a: Ambipom|Ambipom, L84, M|99/263\n|move|p2a: Bastiodon|Body Press|p1a: Ambipom\n|-supereffective|p1a: Ambipom\n|-damage|p1a: Ambipom|0 fnt\n|faint|p1a: Ambipom\n|\n|upkeep\n|\n|t:|1781382831\n|switch|p1a: Vaporeon|Vaporeon, L86, M|275/364\n|turn|23\n|\n|t:|1781382844\n|move|p1a: Vaporeon|Protect|p1a: Vaporeon\n|-singleturn|p1a: Vaporeon|Protect\n|move|p2a: Bastiodon|Body Press|p1a: Vaporeon\n|-activate|p1a: Vaporeon|move: Protect\n|\n|-heal|p1a: Vaporeon|297/364|[from] item: Leftovers\n|upkeep\n|turn|24\n|\n|t:|1781382852\n|move|p1a: Vaporeon|Scald|p2a: Bastiodon\n|-supereffective|p2a: Bastiodon\n|-damage|p2a: Bastiodon|33/252\n|move|p2a: Bastiodon|Body Press|p1a: Vaporeon\n|-damage|p1a: Vaporeon|29/364\n|\n|-heal|p1a: Vaporeon|51/364|[from] item: Leftovers\n|upkeep\n|turn|25\n|\n|t:|1781382856\n|move|p1a: Vaporeon|Protect|p1a: Vaporeon\n|-singleturn|p1a: Vaporeon|Protect\n|move|p2a: Bastiodon|Body Press|p1a: Vaporeon\n|-activate|p1a: Vaporeon|move: Protect\n|\n|-heal|p1a: Vaporeon|73/364|[from] item: Leftovers\n|upkeep\n|turn|26\n|\n|t:|1781382859\n|move|p1a: Vaporeon|Scald|p2a: Bastiodon\n|-supereffective|p2a: Bastiodon\n|-damage|p2a: Bastiodon|0 fnt\n|faint|p2a: Bastiodon\n|\n|-heal|p1a: Vaporeon|95/364|[from] item: Leftovers\n|upkeep\n|\n|t:|1781382862\n|switch|p2a: Swanna|Swanna, L89, F|100/278\n|turn|27\n|\n|t:|1781382865\n|move|p1a: Vaporeon|Protect|p1a: Vaporeon\n|-singleturn|p1a: Vaporeon|Protect\n|move|p2a: Swanna|Brave Bird|p1a: Vaporeon\n|-activate|p1a: Vaporeon|move: Protect\n|\n|-heal|p1a: Vaporeon|117/364|[from] item: Leftovers\n|upkeep\n|turn|28\n|\n|t:|1781382870\n|switch|p1a: Exeggutor|Exeggutor-Alola, L89, M|106/314\n|move|p2a: Swanna|Brave Bird|p1a: Exeggutor\n|-supereffective|p1a: Exeggutor\n|-damage|p1a: Exeggutor|0 fnt\n|faint|p1a: Exeggutor\n|-damage|p2a: Swanna|65/278|[from] Recoil\n|\n|upkeep\n|\n|t:|1781382877\n|switch|p1a: Muk|Muk, L86, F|238/321\n|turn|29\n|\n|t:|1781382880\n|switch|p2a: Seviper|Seviper, L93, M|106/287\n|move|p1a: Muk|Poison Jab|p2a: Seviper\n|-resisted|p2a: Seviper\n|-damage|p2a: Seviper|45/287\n|\n|-heal|p1a: Muk|258/321|[from] item: Leftovers\n|upkeep\n|turn|30\n|\n|t:|1781382889\n|move|p2a: Seviper|Earthquake|p1a: Muk\n|-supereffective|p1a: Muk\n|-damage|p1a: Muk|76/321\n|move|p1a: Muk|Knock Off|p2a: Seviper\n|-damage|p2a: Seviper|0 fnt\n|faint|p2a: Seviper\n|\n|-heal|p1a: Muk|96/321|[from] item: Leftovers\n|upkeep\n|\n|t:|1781382894\n|switch|p2a: Swanna|Swanna, L89, F|65/278\n|turn|31\n|\n|t:|1781382898\n|switch|p1a: Vaporeon|Vaporeon, L86, M|117/364\n|move|p2a: Swanna|Brave Bird|p1a: Vaporeon\n|-damage|p1a: Vaporeon|0 fnt\n|faint|p1a: Vaporeon\n|-damage|p2a: Swanna|26/278|[from] Recoil\n|\n|upkeep\n|\n|t:|1781382903\n|switch|p1a: Muk|Muk, L86, F|96/321\n|turn|32\n|\n|t:|1781382906\n|move|p1a: Muk|Shadow Sneak|p2a: Swanna\n|-damage|p2a: Swanna|0 fnt\n|faint|p2a: Swanna\n|\n|-heal|p1a: Muk|116/321|[from] item: Leftovers\n|upkeep\n|\n|t:|1781382909\n|switch|p2a: Stonjourner|Stonjourner, L91, M|258/330\n|turn|33\n|\n|t:|1781382914\n|move|p2a: Stonjourner|Rock Polish|p2a: Stonjourner\n|-boost|p2a: Stonjourner|spe|2\n|move|p1a: Muk|Poison Jab|p2a: Stonjourner\n|-resisted|p2a: Stonjourner\n|-damage|p2a: Stonjourner|225/330\n|-status|p2a: Stonjourner|psn\n|\n|-heal|p1a: Muk|136/321|[from] item: Leftovers\n|-damage|p2a: Stonjourner|184/330 psn|[from] psn\n|upkeep\n|turn|34\n|\n|t:|1781382917\n|move|p1a: Muk|Shadow Sneak|p2a: Stonjourner\n|-damage|p2a: Stonjourner|163/330 psn\n|move|p2a: Stonjourner|Earthquake|p1a: Muk\n|-supereffective|p1a: Muk\n|-damage|p1a: Muk|0 fnt\n|faint|p1a: Muk\n|\n|-damage|p2a: Stonjourner|122/330 psn|[from] psn\n|upkeep\n|\n|t:|1781382921\n|switch|p1a: Magcargo|Magcargo, L95, F|268/268\n|turn|35\n|\n|t:|1781382936\n|-terastallize|p1a: Magcargo|Dragon\n|move|p2a: Stonjourner|Heat Crash|p1a: Magcargo\n|-resisted|p1a: Magcargo\n|-damage|p1a: Magcargo|224/268\n|move|p1a: Magcargo|Stealth Rock|p2a: Stonjourner\n|-sidestart|p2: OGKUSHONDECK|move: Stealth Rock\n|\n|-damage|p2a: Stonjourner|81/330 psn|[from] psn\n|upkeep\n|turn|36\n|\n|t:|1781382940\n|move|p2a: Stonjourner|Stone Edge|p1a: Magcargo\n|-damage|p1a: Magcargo|119/268\n|move|p1a: Magcargo|Recover|p1a: Magcargo\n|-heal|p1a: Magcargo|253/268\n|\n|-damage|p2a: Stonjourner|40/330 psn|[from] psn\n|upkeep\n|turn|37\n|\n|t:|1781382946\n|move|p2a: Stonjourner|Stone Edge|p1a: Magcargo\n|-damage|p1a: Magcargo|154/268\n|move|p1a: Magcargo|Recover|p1a: Magcargo\n|-heal|p1a: Magcargo|268/268\n|\n|-damage|p2a: Stonjourner|0 fnt|[from] psn\n|faint|p2a: Stonjourner\n|upkeep\n|\n|t:|1781382949\n|switch|p2a: Arceus|Arceus-Ice, L72|291/291\n|-damage|p2a: Arceus|219/291|[from] Stealth Rock\n|turn|38\n|\n|t:|1781382966\n|-terastallize|p2a: Arceus|Ground\n|move|p2a: Arceus|Judgment|p1a: Magcargo\n|-supereffective|p1a: Magcargo\n|-damage|p1a: Magcargo|44/268\n|move|p1a: Magcargo|Power Gem|p2a: Arceus\n|-resisted|p2a: Arceus\n|-damage|p2a: Arceus|174/291\n|\n|upkeep\n|turn|39\n|-message|G0d_OfMars20 forfeited.\n|\n|win|OGKUSHONDECK\n", "inputlog": ">version a8376a258c1d4662feba110a92103f3664a72141\n>start {\"formatid\":\"gen9randombattle\",\"seed\":\"sodium,6aa1fe06329c06e585e48e2c0033a704\",\"rated\":\"Rated battle\"}\n>player p1 {\"name\":\"G0d_OfMars20\",\"avatar\":\"chili\",\"rating\":1921,\"seed\":\"sodium,f8a77fe3f28339372de660355e2aef8f\"}\n>player p2 {\"name\":\"OGKUSHONDECK\",\"avatar\":\"biker-gen1rb\",\"rating\":1947,\"seed\":\"sodium,0bed0a0e1b25bc18aea05e4ec8877b10\"}\n>p1 move knockoff\n>p2 switch 3\n>p1 switch 3\n>p2 move knockoff\n>p1 move surf\n>p2 switch 2\n>p1 move roost\n>p2 move bravebird\n>p1 switch 4\n>p1 move knockoff\n>p2 switch 4\n>p1 switch 5\n>p2 move rockpolish\n>p1 move woodhammer\n>p2 switch 2\n>p1 switch 3\n>p2 move gunkshot\n>p1 switch 5\n>p2 move earthquake\n>p1 move doubleedge\n>p2 switch 3\n>p1 switch 2\n>p2 move bodypress\n>p1 move wish\n>p2 switch 5\n>p1 switch 2\n>p2 move leechseed\n>p1 move uturn\n>p2 move protect\n>p1 move uturn\n>p2 move substitute\n>p1 switch 3\n>p1 move flamethrower\n>p2 move airslash\n>p1 move flamethrower\n>p2 move airslash\n>p1 switch 3\n>p2 move airslash\n>p1 move tripleaxel\n>p2 switch 5\n>p1 switch 5\n>p2 move bodypress\n>p1 move knockoff\n>p2 move irondefense\n>p1 switch 5\n>p2 move bodypress\n>p1 switch 2\n>p1 move protect\n>p2 move bodypress\n>p1 move scald\n>p2 move bodypress\n>p1 move protect\n>p2 move bodypress\n>p1 move scald\n>p2 move bodypress\n>p2 switch 4\n>p1 move protect\n>p2 move bravebird\n>p1 switch 3\n>p2 move bravebird\n>p1 switch 5\n>p1 move poisonjab\n>p2 switch 3\n>p1 move knockoff\n>p2 move earthquake\n>p2 switch 3\n>p1 switch 3\n>p2 move bravebird\n>p1 switch 3\n>p1 move shadowsneak\n>p2 move bravebird\n>p2 switch 2\n>p1 move poisonjab\n>p2 move rockpolish\n>p1 move shadowsneak\n>p2 move earthquake\n>p1 switch 6\n>p1 move stealthrock terastallize\n>p2 move heatcrash\n>p1 move recover\n>p2 move stoneedge\n>p1 move recover\n>p2 move stoneedge\n>p2 switch 6\n>p1 move powergem\n>p2 move judgment terastallize\n>forcelose p1", "uploadtime": 1781382626, "views": 10, "formatid": "gen9randombattle", "rating": null, "private": 0, "password": null}