{"id": "gen9randombattle-2631855114", "format": "[Gen 9] Random Battle", "players": ["RedDudeN64", "DBKaiyote"], "log": "|j|\u2606RedDudeN64\n|j|\u2606DBKaiyote\n|t:|1781448552\n|gametype|singles\n|player|p1|RedDudeN64|red|2140\n|player|p2|DBKaiyote|swimmer-gen4|2046\n|gen|9\n|tier|[Gen 9] Random Battle\n|rated|\n|rule|Species Clause: Limit one of each Pok\u00e9mon\n|rule|HP Percentage Mod: HP is shown in percentages\n|rule|Sleep Clause Mod: Limit one foe put to sleep\n|rule|Illusion Level Mod: Illusion disguises the Pok\u00e9mon's true level\n|\n|t:|1781448552\n|teamsize|p1|6\n|teamsize|p2|6\n|start\n|switch|p1a: Tinkaton|Tinkaton, L82, F|274/274\n|switch|p2a: Electrode|Electrode, L92|260/260\n|-ability|p1a: Tinkaton|Mold Breaker\n|turn|1\n|inactive|Battle timer is ON: inactive players will automatically lose when time's up. (requested by DBKaiyote)\n|\n|t:|1781448569\n|move|p2a: Electrode|Taunt|p1a: Tinkaton\n|-start|p1a: Tinkaton|move: Taunt\n|move|p1a: Tinkaton|Knock Off|p2a: Electrode\n|-damage|p2a: Electrode|207/260\n|-enditem|p2a: Electrode|Life Orb|[from] move: Knock Off|[of] p1a: Tinkaton\n|\n|upkeep\n|turn|2\n|\n|t:|1781448581\n|switch|p1a: Landorus|Landorus, L75, M|257/257\n|move|p2a: Electrode|Volt Switch|p1a: Landorus\n|-immune|p1a: Landorus\n|\n|upkeep\n|turn|3\n|inactive|RedDudeN64 has 120 seconds left.\n|inactive|DBKaiyote has 120 seconds left.\n|\n|t:|1781448619\n|-terastallize|p2a: Electrode|Ice\n|move|p2a: Electrode|Tera Blast|p1a: Landorus|[anim] Tera Blast Ice\n|-supereffective|p1a: Landorus\n|-damage|p1a: Landorus|0 fnt\n|faint|p1a: Landorus\n|\n|upkeep\n|\n|t:|1781448623\n|switch|p1a: Tinkaton|Tinkaton, L82, F|274/274\n|-ability|p1a: Tinkaton|Mold Breaker\n|turn|4\n|\n|t:|1781448625\n|switch|p2a: Sandslash|Sandslash, L89, F|278/278\n|move|p1a: Tinkaton|Thunder Wave|p2a: Sandslash\n|-immune|p2a: Sandslash\n|\n|upkeep\n|turn|5\n|\n|t:|1781448635\n|switch|p1a: Iron Leaves|Iron Leaves, L80|275/275\n|move|p2a: Sandslash|Swords Dance|p2a: Sandslash\n|-boost|p2a: Sandslash|atk|2\n|\n|upkeep\n|turn|6\n|\n|t:|1781448660\n|switch|p2a: Honchkrow|Honchkrow, L86, F|312/312\n|move|p1a: Iron Leaves|Leaf Blade|p2a: Honchkrow\n|-resisted|p2a: Honchkrow\n|-damage|p2a: Honchkrow|204/312\n|-damage|p1a: Iron Leaves|248/275|[from] item: Life Orb\n|\n|upkeep\n|turn|7\n|\n|t:|1781448664\n|move|p1a: Iron Leaves|Close Combat|p2a: Honchkrow\n|-damage|p2a: Honchkrow|21/312\n|-unboost|p1a: Iron Leaves|def|1\n|-unboost|p1a: Iron Leaves|spd|1\n|-damage|p1a: Iron Leaves|221/275|[from] item: Life Orb\n|move|p2a: Honchkrow|U-turn|p1a: Iron Leaves\n|-supereffective|p1a: Iron Leaves\n|-damage|p1a: Iron Leaves|0 fnt\n|faint|p1a: Iron Leaves\n|-end|p1a: Iron Leaves|Quark Drive|[silent]\n|-ability|p2a: Honchkrow|Moxie|boost\n|-boost|p2a: Honchkrow|atk|1\n|\n|t:|1781448670\n|switch|p2a: Sandslash|Sandslash, L89, F|278/278|[from] U-turn\n|\n|upkeep\n|\n|t:|1781448675\n|switch|p1a: Tentacruel|Tentacruel, L84, M|272/272\n|turn|8\n|\n|t:|1781448680\n|switch|p2a: Honchkrow|Honchkrow, L86, F|21/312\n|move|p1a: Tentacruel|Surf|p2a: Honchkrow\n|-damage|p2a: Honchkrow|0 fnt\n|faint|p2a: Honchkrow\n|\n|upkeep\n|\n|t:|1781448685\n|switch|p2a: Electrode|Electrode, L92, tera:Ice|207/260\n|turn|9\n|inactive|RedDudeN64 has 120 seconds left.\n|\n|t:|1781448728\n|switch|p1a: Tinkaton|Tinkaton, L82, F|274/274\n|-ability|p1a: Tinkaton|Mold Breaker\n|move|p2a: Electrode|Thunderbolt|p1a: Tinkaton\n|-damage|p1a: Tinkaton|187/274\n|\n|-heal|p1a: Tinkaton|204/274|[from] item: Leftovers\n|upkeep\n|turn|10\n|\n|t:|1781448734\n|move|p2a: Electrode|Volt Switch|p1a: Tinkaton\n|-damage|p1a: Tinkaton|140/274\n|\n|t:|1781448737\n|switch|p2a: Sandslash|Sandslash, L89, F|278/278|[from] Volt Switch\n|move|p1a: Tinkaton|Gigaton Hammer|p2a: Sandslash\n|-damage|p2a: Sandslash|179/278\n|\n|-heal|p1a: Tinkaton|157/274|[from] item: Leftovers\n|-heal|p2a: Sandslash|196/278|[from] item: Leftovers\n|upkeep\n|turn|11\n|\n|t:|1781448741\n|move|p1a: Tinkaton|Knock Off|p2a: Sandslash\n|-damage|p2a: Sandslash|151/278\n|-enditem|p2a: Sandslash|Leftovers|[from] move: Knock Off|[of] p1a: Tinkaton\n|move|p2a: Sandslash|Rapid Spin|p1a: Tinkaton\n|-resisted|p1a: Tinkaton\n|-crit|p1a: Tinkaton\n|-damage|p1a: Tinkaton|123/274\n|-boost|p2a: Sandslash|spe|1\n|\n|-heal|p1a: Tinkaton|140/274|[from] item: Leftovers\n|upkeep\n|turn|12\n|\n|t:|1781448745\n|move|p2a: Sandslash|Swords Dance|p2a: Sandslash\n|-boost|p2a: Sandslash|atk|2\n|move|p1a: Tinkaton|Play Rough|p2a: Sandslash\n|-damage|p2a: Sandslash|88/278\n|\n|-heal|p1a: Tinkaton|157/274|[from] item: Leftovers\n|upkeep\n|turn|13\n|\n|t:|1781448749\n|move|p2a: Sandslash|Earthquake|p1a: Tinkaton\n|-supereffective|p1a: Tinkaton\n|-damage|p1a: Tinkaton|0 fnt\n|faint|p1a: Tinkaton\n|\n|upkeep\n|\n|t:|1781448751\n|switch|p1a: Tentacruel|Tentacruel, L84, M|272/272\n|turn|14\n|\n|t:|1781448753\n|-terastallize|p1a: Tentacruel|Flying\n|move|p2a: Sandslash|Earthquake|p1a: Tentacruel\n|-immune|p1a: Tentacruel\n|move|p1a: Tentacruel|Surf|p2a: Sandslash\n|-supereffective|p2a: Sandslash\n|-damage|p2a: Sandslash|0 fnt\n|faint|p2a: Sandslash\n|\n|upkeep\n|\n|t:|1781448758\n|switch|p2a: Electrode|Electrode, L92, tera:Ice|207/260\n|turn|15\n|\n|t:|1781448766\n|move|p2a: Electrode|Thunderbolt|p1a: Tentacruel\n|-supereffective|p1a: Tentacruel\n|-damage|p1a: Tentacruel|170/272\n|move|p1a: Tentacruel|Sludge Bomb|p2a: Electrode\n|-damage|p2a: Electrode|122/260\n|-status|p2a: Electrode|psn\n|\n|-damage|p2a: Electrode|90/260 psn|[from] psn\n|upkeep\n|turn|16\n|\n|t:|1781448774\n|move|p2a: Electrode|Thunderbolt|p1a: Tentacruel\n|-supereffective|p1a: Tentacruel\n|-damage|p1a: Tentacruel|68/272\n|move|p1a: Tentacruel|Surf|p2a: Electrode\n|-damage|p2a: Electrode|15/260 psn\n|\n|-damage|p2a: Electrode|0 fnt|[from] psn\n|faint|p2a: Electrode\n|upkeep\n|\n|t:|1781448778\n|switch|p2a: Raichu|Raichu, L88, F|249/249\n|turn|17\n|\n|t:|1781448784\n|move|p2a: Raichu|Thunderbolt|p1a: Tentacruel\n|-supereffective|p1a: Tentacruel\n|-damage|p1a: Tentacruel|0 fnt\n|faint|p1a: Tentacruel\n|\n|upkeep\n|\n|t:|1781448790\n|switch|p1a: Cinderace|Cinderace, L77, F|249/249\n|turn|18\n|\n|t:|1781448793\n|move|p2a: Raichu|Surf|p1a: Cinderace\n|-supereffective|p1a: Cinderace\n|-damage|p1a: Cinderace|91/249\n|move|p1a: Cinderace|Pyro Ball|p2a: Raichu\n|-damage|p2a: Raichu|0 fnt\n|faint|p2a: Raichu\n|\n|upkeep\n|\n|t:|1781448797\n|switch|p2a: Flamigo|Flamigo, L82, M|269/269\n|turn|19\n|\n|t:|1781448799\n|move|p2a: Flamigo|Brave Bird|p1a: Cinderace\n|-damage|p1a: Cinderace|0 fnt\n|faint|p1a: Cinderace\n|-damage|p2a: Flamigo|239/269|[from] Recoil\n|\n|upkeep\n|-message|RedDudeN64 forfeited.\n|\n|win|DBKaiyote\n", "inputlog": ">version a8376a258c1d4662feba110a92103f3664a72141\n>start {\"formatid\":\"gen9randombattle\",\"seed\":\"sodium,09ea7d4f6973d8cd9dcd1fc721e9d6aa\",\"rated\":\"Rated battle\"}\n>player p1 {\"name\":\"RedDudeN64\",\"avatar\":\"red\",\"rating\":2140,\"seed\":\"sodium,d9cb0893ade5a820e51df44dad320b17\"}\n>player p2 {\"name\":\"DBKaiyote\",\"avatar\":\"swimmer-gen4\",\"rating\":2046,\"seed\":\"sodium,4e00370f3cf44b52fcd42f49f37c4204\"}\n>p1 move knockoff\n>p2 move taunt\n>p1 switch 3\n>p2 move voltswitch\n>p1 move earthpower\n>p2 move terablast terastallize\n>p1 switch 3\n>p1 move thunderwave\n>p2 switch 6\n>p1 switch 4\n>p2 move swordsdance\n>p1 move leafblade\n>p2 switch 5\n>p1 move closecombat\n>p2 move uturn\n>p2 switch 5\n>p1 switch 2\n>p1 move surf\n>p2 switch 5\n>p2 switch 6\n>p1 switch 4\n>p2 move thunderbolt\n>p1 move gigatonhammer\n>p2 move voltswitch\n>p2 switch 5\n>p1 move knockoff\n>p2 move rapidspin\n>p1 move playrough\n>p2 move swordsdance\n>p1 move gigatonhammer\n>p2 move earthquake\n>p1 switch 4\n>p1 move surf terastallize\n>p2 move earthquake\n>p2 switch 5\n>p1 move sludgebomb\n>p2 move thunderbolt\n>p1 move surf\n>p2 move thunderbolt\n>p2 switch 3\n>p1 move sludgebomb\n>p2 move thunderbolt\n>p1 switch 6\n>p1 move pyroball\n>p2 move surf\n>p2 switch 4\n>p1 move pyroball\n>p2 move bravebird\n>forcelose p1", "uploadtime": 1781448554, "views": 4, "formatid": "gen9randombattle", "rating": null, "private": 0, "password": null}