{"id": "gen9randombattle-2631469359", "format": "[Gen 9] Random Battle", "players": ["sehreensbf", "sehreen"], "log": "|j|\u2606sehreensbf\n|j|\u2606sehreen\n|t:|1781388618\n|gametype|singles\n|player|p1|sehreensbf|2|\n|player|p2|sehreen|dawn|\n|gen|9\n|tier|[Gen 9] Random Battle\n|rule|Species Clause: Limit one of each Pok\u00e9mon\n|rule|HP Percentage Mod: HP is shown in percentages\n|rule|Sleep Clause Mod: Limit one foe put to sleep\n|rule|Illusion Level Mod: Illusion disguises the Pok\u00e9mon's true level\n|\n|t:|1781388618\n|teamsize|p1|6\n|teamsize|p2|6\n|start\n|switch|p1a: Sudowoodo|Sudowoodo, L94, M|284/284\n|switch|p2a: Victreebel|Victreebel, L90, M|290/290\n|turn|1\n|\n|t:|1781388663\n|switch|p1a: Scovillain|Scovillain, L91, F|266/266\n|move|p2a: Victreebel|Power Whip|p1a: Scovillain\n|-resisted|p1a: Scovillain\n|-damage|p1a: Scovillain|204/266\n|-damage|p2a: Victreebel|261/290|[from] item: Life Orb\n|\n|upkeep\n|turn|2\n|\n|t:|1781388731\n|switch|p2a: Munkidori|Munkidori, L79, M|269/269\n|move|p1a: Scovillain|Fire Blast|p2a: Munkidori\n|-damage|p2a: Munkidori|106/269\n|\n|upkeep\n|turn|3\n|\n|t:|1781388743\n|move|p2a: Munkidori|Sludge Wave|p1a: Scovillain\n|-supereffective|p1a: Scovillain\n|-damage|p1a: Scovillain|0 fnt\n|faint|p1a: Scovillain\n|\n|upkeep\n|\n|t:|1781388752\n|switch|p1a: Mimikyu|Mimikyu, L79, F|216/216\n|turn|4\n|\n|t:|1781388769\n|move|p1a: Mimikyu|Shadow Sneak|p2a: Munkidori\n|-supereffective|p2a: Munkidori\n|-damage|p2a: Munkidori|0 fnt\n|faint|p2a: Munkidori\n|-damage|p1a: Mimikyu|195/216|[from] item: Life Orb\n|\n|upkeep\n|\n|t:|1781388798\n|switch|p2a: Victreebel|Victreebel, L90, M|261/290\n|turn|5\n|\n|t:|1781388811\n|move|p1a: Mimikyu|Drain Punch|p2a: Victreebel\n|-resisted|p2a: Victreebel\n|-damage|p2a: Victreebel|229/290\n|-heal|p1a: Mimikyu|211/216|[from] drain|[of] p2a: Victreebel\n|-damage|p1a: Mimikyu|190/216|[from] item: Life Orb\n|move|p2a: Victreebel|Sludge Wave|p1a: Mimikyu\n|-activate|p1a: Mimikyu|ability: Disguise\n|-damage|p1a: Mimikyu|190/216\n|detailschange|p1a: Mimikyu|Mimikyu-Busted, L79, F\n|-damage|p1a: Mimikyu|163/216|[from] pokemon: Mimikyu-Busted\n|-damage|p2a: Victreebel|200/290|[from] item: Life Orb\n|\n|upkeep\n|turn|6\n|\n|t:|1781388848\n|-terastallize|p1a: Mimikyu|Fairy\n|move|p1a: Mimikyu|Shadow Sneak|p2a: Victreebel\n|-damage|p2a: Victreebel|145/290\n|-damage|p1a: Mimikyu|142/216|[from] item: Life Orb\n|move|p2a: Victreebel|Sludge Wave|p1a: Mimikyu\n|-supereffective|p1a: Mimikyu\n|-damage|p1a: Mimikyu|0 fnt\n|faint|p1a: Mimikyu\n|-damage|p2a: Victreebel|116/290|[from] item: Life Orb\n|\n|upkeep\n|\n|t:|1781388870\n|switch|p1a: Oricorio|Oricorio-Sensu, L85, M|266/266\n|turn|7\n|\n|t:|1781388920\n|switch|p2a: Empoleon|Empoleon, L84, F|278/278\n|move|p1a: Oricorio|Hurricane|p2a: Empoleon\n|-resisted|p2a: Empoleon\n|-damage|p2a: Empoleon|227/278\n|\n|-heal|p2a: Empoleon|244/278|[from] item: Leftovers\n|upkeep\n|turn|8\n|\n|t:|1781388932\n|switch|p1a: Glastrier|Glastrier, L86|312/312\n|move|p2a: Empoleon|Ice Beam|p1a: Glastrier\n|-resisted|p1a: Glastrier\n|-damage|p1a: Glastrier|284/312\n|\n|-heal|p2a: Empoleon|261/278|[from] item: Leftovers\n|upkeep\n|turn|9\n|\n|t:|1781388967\n|switch|p2a: Gouging Fire|Gouging Fire, L74|277/277\n|move|p1a: Glastrier|Icicle Crash|p2a: Gouging Fire\n|-damage|p2a: Gouging Fire|159/277\n|\n|upkeep\n|turn|10\n|\n|t:|1781389000\n|move|p2a: Gouging Fire|Heat Crash|p1a: Glastrier\n|-supereffective|p1a: Glastrier\n|-damage|p1a: Glastrier|230/312\n|move|p1a: Glastrier|Swords Dance|p1a: Glastrier\n|-boost|p1a: Glastrier|atk|2\n|\n|upkeep\n|turn|11\n|l|\u2606sehreen\n|player|p2|\n|j|\u2606sehreen\n|player|p2|sehreen|dawn|\n|\n|t:|1781389161\n|move|p2a: Gouging Fire|Outrage|p1a: Glastrier\n|-damage|p1a: Glastrier|148/312\n|move|p1a: Glastrier|High Horsepower|p2a: Gouging Fire\n|-supereffective|p2a: Gouging Fire\n|-damage|p2a: Gouging Fire|0 fnt\n|faint|p2a: Gouging Fire\n|-end|p2a: Gouging Fire|Protosynthesis|[silent]\n|-ability|p1a: Glastrier|Chilling Neigh|boost\n|-boost|p1a: Glastrier|atk|1\n|\n|upkeep\n|\n|t:|1781389179\n|switch|p2a: Iron Valiant|Iron Valiant, L78|244/244\n|turn|12\n|\n|t:|1781389193\n|move|p2a: Iron Valiant|Close Combat|p1a: Glastrier\n|-supereffective|p1a: Glastrier\n|-damage|p1a: Glastrier|0 fnt\n|-unboost|p2a: Iron Valiant|def|1\n|-unboost|p2a: Iron Valiant|spd|1\n|faint|p1a: Glastrier\n|-damage|p2a: Iron Valiant|220/244|[from] item: Life Orb\n|\n|upkeep\n|\n|t:|1781389212\n|switch|p1a: Sudowoodo|Sudowoodo, L94, M|284/284\n|turn|13\n|\n|t:|1781389231\n|move|p2a: Iron Valiant|Close Combat|p1a: Sudowoodo\n|-supereffective|p1a: Sudowoodo\n|-damage|p1a: Sudowoodo|40/284\n|-unboost|p2a: Iron Valiant|def|1\n|-unboost|p2a: Iron Valiant|spd|1\n|-damage|p2a: Iron Valiant|196/244|[from] item: Life Orb\n|move|p1a: Sudowoodo|Earthquake|p2a: Iron Valiant\n|-damage|p2a: Iron Valiant|0 fnt\n|faint|p2a: Iron Valiant\n|-end|p2a: Iron Valiant|Quark Drive|[silent]\n|\n|upkeep\n|\n|t:|1781389249\n|switch|p2a: Ludicolo|Ludicolo, L90, M|290/290\n|turn|14\n|\n|t:|1781389286\n|move|p2a: Ludicolo|Ice Beam|p1a: Sudowoodo\n|-damage|p1a: Sudowoodo|0 fnt\n|faint|p1a: Sudowoodo\n|-damage|p2a: Ludicolo|261/290|[from] item: Life Orb\n|\n|upkeep\n|\n|t:|1781389294\n|switch|p1a: Torterra|Torterra, L78, F|276/276\n|turn|15\n|\n|t:|1781389327\n|move|p2a: Ludicolo|Ice Beam|p1a: Torterra\n|-supereffective|p1a: Torterra\n|-damage|p1a: Torterra|0 fnt\n|faint|p1a: Torterra\n|-damage|p2a: Ludicolo|232/290|[from] item: Life Orb\n|\n|upkeep\n|\n|t:|1781389333\n|switch|p1a: Oricorio|Oricorio-Sensu, L85, M|266/266\n|turn|16\n|\n|t:|1781389338\n|move|p1a: Oricorio|Roost||[still]\n|-fail|p1a: Oricorio|heal\n|move|p2a: Ludicolo|Ice Beam|p1a: Oricorio\n|-supereffective|p1a: Oricorio\n|-damage|p1a: Oricorio|63/266\n|-status|p1a: Oricorio|frz\n|-damage|p2a: Ludicolo|203/290|[from] item: Life Orb\n|\n|upkeep\n|turn|17\n|\n|t:|1781389360\n|switch|p2a: Victreebel|Victreebel, L90, M|116/290\n|-curestatus|p1a: Oricorio|frz|[msg]\n|move|p1a: Oricorio|Roost|p1a: Oricorio\n|-heal|p1a: Oricorio|196/266\n|-singleturn|p1a: Oricorio|move: Roost\n|\n|upkeep\n|turn|18\n|\n|t:|1781389404\n|move|p1a: Oricorio|Roost|p1a: Oricorio\n|-heal|p1a: Oricorio|266/266\n|-singleturn|p1a: Oricorio|move: Roost\n|move|p2a: Victreebel|Sludge Wave|p1a: Oricorio\n|-resisted|p1a: Oricorio\n|-damage|p1a: Oricorio|172/266\n|-damage|p2a: Victreebel|87/290|[from] item: Life Orb\n|\n|upkeep\n|turn|19\n|\n|t:|1781389422\n|move|p1a: Oricorio|Roost|p1a: Oricorio\n|-heal|p1a: Oricorio|266/266\n|-singleturn|p1a: Oricorio|move: Roost\n|move|p2a: Victreebel|Knock Off|p1a: Oricorio\n|-supereffective|p1a: Oricorio\n|-damage|p1a: Oricorio|0 fnt\n|-enditem|p1a: Oricorio|Heavy-Duty Boots|[from] move: Knock Off|[of] p2a: Victreebel\n|faint|p1a: Oricorio\n|-damage|p2a: Victreebel|58/290|[from] item: Life Orb\n|\n|win|sehreen\n|l|\u2606sehreensbf\n|player|p1|\n", "inputlog": ">version a8376a258c1d4662feba110a92103f3664a72141\n>start {\"formatid\":\"gen9randombattle\",\"seed\":\"sodium,269539bb50e75eafce592cc7158035cf\"}\n>player p1 {\"name\":\"sehreensbf\",\"avatar\":\"2\",\"rating\":0,\"seed\":\"sodium,f987df8d958478f960c9ff233b8ee1a3\"}\n>player p2 {\"name\":\"sehreen\",\"avatar\":\"dawn\",\"rating\":0,\"seed\":\"sodium,e0c4b557736d2c52abf2b766b61afc68\"}\n>p1 switch 2\n>p2 move powerwhip\n>p1 move fireblast\n>p2 switch 6\n>p1 move stompingtantrum\n>p2 move sludgewave\n>p1 switch 6\n>p1 move shadowsneak\n>p2 move sludgewave\n>p2 switch 6\n>p1 move drainpunch\n>p2 move sludgewave\n>p1 move shadowsneak terastallize\n>p2 move sludgewave\n>p1 switch 4\n>p1 move hurricane\n>p2 switch 3\n>p1 switch 5\n>p2 move icebeam\n>p1 move iciclecrash\n>p2 switch 5\n>p1 move swordsdance\n>p2 move heatcrash\n>p1 move highhorsepower\n>p2 move outrage\n>p2 switch 2\n>p1 move highhorsepower\n>p2 move closecombat\n>p1 switch 2\n>p1 move earthquake\n>p2 move closecombat\n>p2 switch 4\n>p1 move earthquake\n>p2 move icebeam\n>p1 switch 3\n>p1 move headlongrush\n>p2 move icebeam\n>p1 switch 5\n>p1 move roost\n>p2 move icebeam\n>p1 move roost\n>p2 switch 3\n>p1 move roost\n>p2 move sludgewave\n>p1 move roost\n>p2 move knockoff", "uploadtime": 1781389435, "views": 11, "formatid": "gen9randombattle", "rating": null, "private": 0, "password": null}