{"id": "gen9randombattle-2631559515", "format": "[Gen 9] Random Battle", "players": ["TheFineMantine", "Magikarpitalism"], "log": "|j|\u2606TheFineMantine\n|j|\u2606Magikarpitalism\n|t:|1781401293\n|gametype|singles\n|player|p1|TheFineMantine|sordward|2258\n|player|p2|Magikarpitalism|steven|2195\n|gen|9\n|tier|[Gen 9] Random Battle\n|rated|\n|rule|Species Clause: Limit one of each Pok\u00e9mon\n|rule|HP Percentage Mod: HP is shown in percentages\n|rule|Sleep Clause Mod: Limit one foe put to sleep\n|rule|Illusion Level Mod: Illusion disguises the Pok\u00e9mon's true level\n|\n|t:|1781401293\n|teamsize|p1|6\n|teamsize|p2|6\n|start\n|switch|p1a: Farigiraf|Farigiraf, L90, F|362/362\n|switch|p2a: Gouging Fire|Gouging Fire, L74|277/277\n|turn|1\n|inactive|Battle timer is ON: inactive players will automatically lose when time's up. (requested by TheFineMantine)\n|inactive|Magikarpitalism has 120 seconds left.\n|\n|t:|1781401349\n|-end|p2a: Gouging Fire|Protosynthesis|[silent]\n|switch|p2a: Spidops|Spidops, L96, F|271/271\n|move|p1a: Farigiraf|Body Slam|p2a: Spidops\n|-damage|p2a: Spidops|186/271\n|\n|upkeep\n|turn|2\n|\n|t:|1781401357\n|move|p1a: Farigiraf|Body Slam|p2a: Spidops\n|-damage|p2a: Spidops|96/271\n|move|p2a: Spidops|Sticky Web|p1a: Farigiraf\n|-sidestart|p1: TheFineMantine|move: Sticky Web\n|\n|upkeep\n|turn|3\n|\n|t:|1781401370\n|move|p1a: Farigiraf|Body Slam|p2a: Spidops\n|-damage|p2a: Spidops|12/271\n|move|p2a: Spidops|Knock Off|p1a: Farigiraf\n|-supereffective|p1a: Farigiraf\n|-damage|p1a: Farigiraf|192/362\n|-enditem|p1a: Farigiraf|Leftovers|[from] move: Knock Off|[of] p2a: Spidops\n|\n|upkeep\n|turn|4\n|\n|t:|1781401377\n|move|p1a: Farigiraf|Wish|p1a: Farigiraf\n|move|p2a: Spidops|Spikes|p1a: Farigiraf\n|-sidestart|p1: TheFineMantine|Spikes\n|\n|upkeep\n|turn|5\n|inactive|Magikarpitalism has 120 seconds left.\n|inactive|Magikarpitalism has 90 seconds left.\n|inactive|Magikarpitalism has 60 seconds left.\n|\n|t:|1781401484\n|switch|p2a: Wyrdeer|Wyrdeer, L87, M|321/321\n|-ability|p2a: Wyrdeer|Intimidate|boost\n|-unboost|p1a: Farigiraf|atk|1\n|move|p1a: Farigiraf|Body Slam|p2a: Wyrdeer\n|-damage|p2a: Wyrdeer|249/321\n|-status|p2a: Wyrdeer|par\n|\n|-heal|p1a: Farigiraf|362/362|[from] move: Wish|[wisher] Farigiraf\n|-heal|p2a: Wyrdeer|269/321 par|[from] item: Leftovers\n|upkeep\n|turn|6\n|\n|t:|1781401490\n|move|p1a: Farigiraf|Wish|p1a: Farigiraf\n|move|p2a: Wyrdeer|Thunder Wave|p1a: Farigiraf\n|-status|p1a: Farigiraf|par\n|\n|-heal|p2a: Wyrdeer|289/321 par|[from] item: Leftovers\n|upkeep\n|turn|7\n|inactive|Magikarpitalism has 60 seconds left.\n|\n|t:|1781401506\n|switch|p1a: Maushold|Maushold, L76|238/238\n|-activate|p1a: Maushold|move: Sticky Web\n|-unboost|p1a: Maushold|spe|1\n|-damage|p1a: Maushold|209/238|[from] Spikes\n|move|p2a: Wyrdeer|Psychic Noise|p1a: Maushold\n|-damage|p1a: Maushold|89/238\n|-start|p1a: Maushold|move: Heal Block\n|\n|-heal|p2a: Wyrdeer|309/321 par|[from] item: Leftovers\n|upkeep\n|turn|8\n|\n|t:|1781401519\n|move|p1a: Maushold|Tidy Up|p1a: Maushold\n|-sideend|p1: TheFineMantine|Spikes\n|-sideend|p1: TheFineMantine|Sticky Web\n|-activate|p1a: Maushold|move: Tidy Up\n|-boost|p1a: Maushold|atk|1\n|-boost|p1a: Maushold|spe|1\n|move|p2a: Wyrdeer|Psychic Noise|p1a: Maushold\n|-damage|p1a: Maushold|0 fnt\n|faint|p1a: Maushold\n|\n|-heal|p2a: Wyrdeer|321/321 par|[from] item: Leftovers\n|upkeep\n|\n|t:|1781401536\n|switch|p1a: Greninja|Greninja, L80, M|246/246\n|turn|9\n|inactive|Magikarpitalism has 60 seconds left.\n|\n|t:|1781401568\n|switch|p2a: Gastrodon|Gastrodon, L86, F|331/331\n|move|p1a: Greninja|U-turn|p2a: Gastrodon\n|-start|p1a: Greninja|typechange|Bug|[from] ability: Protean\n|-damage|p2a: Gastrodon|236/331\n|-damage|p1a: Greninja|222/246|[from] item: Life Orb\n|\n|t:|1781401576\n|switch|p1a: Hitmonlee|Hitmonlee, L85, M|224/224|[from] U-turn\n|\n|-heal|p2a: Gastrodon|256/331|[from] item: Leftovers\n|upkeep\n|turn|10\n|inactive|Magikarpitalism has 30 seconds left.\n|\n|t:|1781401597\n|switch|p2a: Wyrdeer|Wyrdeer, L87, M|321/321 par\n|-ability|p2a: Wyrdeer|Intimidate|boost\n|-unboost|p1a: Hitmonlee|atk|1\n|-enditem|p1a: Hitmonlee|White Herb\n|-clearnegativeboost|p1a: Hitmonlee|[silent]\n|move|p1a: Hitmonlee|Knock Off|p2a: Wyrdeer\n|-supereffective|p2a: Wyrdeer\n|-crit|p2a: Wyrdeer\n|-damage|p2a: Wyrdeer|15/321 par\n|-enditem|p2a: Wyrdeer|Leftovers|[from] move: Knock Off|[of] p1a: Hitmonlee\n|\n|upkeep\n|turn|11\n|\n|t:|1781401608\n|move|p1a: Hitmonlee|Knock Off|p2a: Wyrdeer\n|-supereffective|p2a: Wyrdeer\n|-damage|p2a: Wyrdeer|0 fnt\n|faint|p2a: Wyrdeer\n|\n|upkeep\n|inactive|Magikarpitalism has 30 seconds left.\n|inactive|Magikarpitalism has 20 seconds left.\n|inactive|Magikarpitalism has 15 seconds left.\n|inactive|Magikarpitalism has 10 seconds left.\n|inactive|Magikarpitalism has 5 seconds left.\n|\n|t:|1781401648\n|switch|p2a: Gouging Fire|Gouging Fire, L74|277/277\n|turn|12\n|inactive|Magikarpitalism has 15 seconds left this turn.\n|inactive|Magikarpitalism has 10 seconds left.\n|\n|t:|1781401655\n|move|p1a: Hitmonlee|Swords Dance|p1a: Hitmonlee\n|-boost|p1a: Hitmonlee|atk|2\n|move|p2a: Gouging Fire|Heat Crash|p1a: Hitmonlee\n|-crit|p1a: Hitmonlee\n|-damage|p1a: Hitmonlee|0 fnt\n|faint|p1a: Hitmonlee\n|\n|upkeep\n|\n|t:|1781401666\n|switch|p1a: Basculegion|Basculegion, L80, M|323/323\n|turn|13\n|inactive|Magikarpitalism has 25 seconds left this turn.\n|inactive|Magikarpitalism has 20 seconds left.\n|\n|t:|1781401672\n|-end|p2a: Gouging Fire|Protosynthesis|[silent]\n|switch|p2a: Spidops|Spidops, L96, F|12/271\n|move|p1a: Basculegion|Shadow Ball|p2a: Spidops\n|-damage|p2a: Spidops|0 fnt\n|faint|p2a: Spidops\n|\n|upkeep\n|inactive|Magikarpitalism has 25 seconds left this turn.\n|inactive|Magikarpitalism has 20 seconds left.\n|\n|t:|1781401680\n|switch|p2a: Gastrodon|Gastrodon, L86, F|256/331\n|turn|14\n|inactive|Magikarpitalism has 30 seconds left this turn.\n|\n|t:|1781401685\n|move|p1a: Basculegion|Shadow Ball|p2a: Gastrodon\n|-damage|p2a: Gastrodon|164/331\n|move|p2a: Gastrodon|Earthquake|p1a: Basculegion\n|-damage|p1a: Basculegion|200/323\n|\n|-heal|p2a: Gastrodon|184/331|[from] item: Leftovers\n|upkeep\n|turn|15\n|inactive|Magikarpitalism has 30 seconds left.\n|\n|t:|1781401699\n|move|p1a: Basculegion|Shadow Ball|p2a: Gastrodon\n|-damage|p2a: Gastrodon|84/331\n|move|p2a: Gastrodon|Recover|p2a: Gastrodon\n|-heal|p2a: Gastrodon|250/331\n|\n|-heal|p2a: Gastrodon|270/331|[from] item: Leftovers\n|upkeep\n|turn|16\n|\n|t:|1781401718\n|move|p1a: Basculegion|Shadow Ball|p2a: Gastrodon\n|-damage|p2a: Gastrodon|170/331\n|move|p2a: Gastrodon|Earthquake|p1a: Basculegion\n|-damage|p1a: Basculegion|79/323\n|\n|-heal|p2a: Gastrodon|190/331|[from] item: Leftovers\n|upkeep\n|turn|17\n|\n|t:|1781401724\n|switch|p1a: Farigiraf|Farigiraf, L90, F|362/362 par\n|move|p2a: Gastrodon|Recover|p2a: Gastrodon\n|-heal|p2a: Gastrodon|331/331\n|\n|upkeep\n|turn|18\n|\n|t:|1781401730\n|switch|p2a: Espathra|Espathra, L80, M|283/283\n|move|p1a: Farigiraf|Body Slam|p2a: Espathra\n|-damage|p2a: Espathra|147/283\n|-status|p2a: Espathra|par\n|\n|upkeep\n|turn|19\n|\n|t:|1781401757\n|move|p2a: Espathra|Dazzling Gleam|p1a: Farigiraf\n|-damage|p1a: Farigiraf|266/362 par\n|move|p1a: Farigiraf|Body Slam|p2a: Espathra\n|-damage|p2a: Espathra|11/283 par\n|\n|-ability|p2a: Espathra|Speed Boost|boost\n|-boost|p2a: Espathra|spe|1\n|upkeep\n|turn|20\n|\n|t:|1781401764\n|move|p2a: Espathra|Dazzling Gleam|p1a: Farigiraf\n|-damage|p1a: Farigiraf|176/362 par\n|move|p1a: Farigiraf|Wish|p1a: Farigiraf\n|\n|-ability|p2a: Espathra|Speed Boost|boost\n|-boost|p2a: Espathra|spe|1\n|upkeep\n|turn|21\n|\n|t:|1781401771\n|switch|p1a: Basculegion|Basculegion, L80, M|79/323\n|move|p2a: Espathra|Dazzling Gleam|p1a: Basculegion\n|-damage|p1a: Basculegion|19/323\n|\n|-heal|p1a: Basculegion|200/323|[from] move: Wish|[wisher] Farigiraf\n|-ability|p2a: Espathra|Speed Boost|boost\n|-boost|p2a: Espathra|spe|1\n|upkeep\n|turn|22\n|inactive|Magikarpitalism has 60 seconds left.\n|inactive|Magikarpitalism has 30 seconds left.\n|inactive|Magikarpitalism has 20 seconds left.\n|inactive|Magikarpitalism has 15 seconds left.\n|inactive|Magikarpitalism has 10 seconds left.\n|inactive|Magikarpitalism has 5 seconds left.\n|-message|Magikarpitalism lost due to inactivity.\n|\n|win|TheFineMantine\n", "inputlog": ">version a8376a258c1d4662feba110a92103f3664a72141\n>start {\"formatid\":\"gen9randombattle\",\"seed\":\"sodium,327a7b6d39fb0fcfaa9a0ca8cedde2a6\",\"rated\":\"Rated battle\"}\n>player p1 {\"name\":\"TheFineMantine\",\"avatar\":\"sordward\",\"rating\":2258,\"seed\":\"sodium,5d694aea7127a3538c4bcc36c2c648fe\"}\n>player p2 {\"name\":\"Magikarpitalism\",\"avatar\":\"steven\",\"rating\":2195,\"seed\":\"sodium,db330121e90c3f0cde2d7439d7b188c8\"}\n>p1 move bodyslam\n>p2 switch 2\n>p1 move bodyslam\n>p2 move stickyweb\n>p1 move bodyslam\n>p2 move knockoff\n>p1 move wish\n>p2 move spikes\n>p1 move bodyslam\n>p2 switch 6\n>p1 move wish\n>p2 move thunderwave\n>p1 switch 4\n>p2 move psychicnoise\n>p1 move tidyup\n>p2 move psychicnoise\n>p1 switch 6\n>p1 move uturn\n>p2 switch 4\n>p1 switch 2\n>p1 move knockoff\n>p2 switch 4\n>p1 move knockoff\n>p2 move thunderwave\n>p2 switch 2\n>p1 move swordsdance\n>p2 move heatcrash\n>p1 switch 3\n>p1 move shadowball\n>p2 switch 6\n>p2 switch 4\n>p1 move shadowball\n>p2 move earthquake\n>p1 move shadowball\n>p2 move recover\n>p1 move shadowball\n>p2 move earthquake\n>p1 switch 4\n>p2 move recover\n>p1 move bodyslam\n>p2 switch 5\n>p1 move bodyslam\n>p2 move dazzlinggleam\n>p1 move wish\n>p2 move dazzlinggleam\n>p1 switch 4\n>p2 move dazzlinggleam\n>forcelose p2", "uploadtime": 1781401295, "views": 5, "formatid": "gen9randombattle", "rating": null, "private": 0, "password": null}