{"id": "gen9randombattle-2631820713", "format": "[Gen 9] Random Battle", "players": ["staticfakeout", "5th_Vision"], "log": "|j|\u2606staticfakeout\n|j|\u26065th_Vision\n|t:|1781444351\n|gametype|singles\n|player|p1|staticfakeout|koga-lgpe|1610\n|player|p2|5th_Vision|preschoolerf|1567\n|gen|9\n|tier|[Gen 9] Random Battle\n|rated|\n|rule|Species Clause: Limit one of each Pok\u00e9mon\n|rule|HP Percentage Mod: HP is shown in percentages\n|rule|Sleep Clause Mod: Limit one foe put to sleep\n|rule|Illusion Level Mod: Illusion disguises the Pok\u00e9mon's true level\n|\n|t:|1781444351\n|teamsize|p1|6\n|teamsize|p2|6\n|start\n|switch|p1a: Iron Moth|Iron Moth, L78|253/253\n|switch|p2a: Politoed|Politoed, L88, M|302/302\n|-weather|RainDance|[from] ability: Drizzle|[of] p2a: Politoed\n|turn|1\n|inactive|Battle timer is ON: inactive players will automatically lose when time's up. (requested by staticfakeout)\n|inactive|5th_Vision has 120 seconds left.\n|\n|t:|1781444391\n|-end|p1a: Iron Moth|Quark Drive|[silent]\n|switch|p1a: Meloetta|Meloetta, L82|298/298\n|switch|p2a: Floatzel|Floatzel, L86, M|286/286\n|\n|-weather|RainDance|[upkeep]\n|upkeep\n|turn|2\n|\n|t:|1781444405\n|-terastallize|p2a: Floatzel|Water\n|move|p2a: Floatzel|Wave Crash|p1a: Meloetta\n|-damage|p1a: Meloetta|0 fnt\n|faint|p1a: Meloetta\n|-damage|p2a: Floatzel|188/286|[from] Recoil\n|\n|-weather|RainDance|[upkeep]\n|upkeep\n|\n|t:|1781444428\n|switch|p1a: Iron Moth|Iron Moth, L78|253/253\n|turn|3\n|\n|t:|1781444440\n|switch|p2a: Kyurem|Kyurem-Black, L71|295/295\n|-ability|p2a: Kyurem|Teravolt\n|-terastallize|p1a: Iron Moth|Grass\n|move|p1a: Iron Moth|Energy Ball|p2a: Kyurem\n|-resisted|p2a: Kyurem\n|-damage|p2a: Kyurem|205/295\n|\n|-weather|RainDance|[upkeep]\n|upkeep\n|turn|4\n|\n|t:|1781444464\n|-end|p1a: Iron Moth|Quark Drive|[silent]\n|switch|p1a: Hitmonlee|Hitmonlee, L85, M|224/224\n|move|p2a: Kyurem|Icicle Spear|p1a: Hitmonlee\n|-damage|p1a: Hitmonlee|176/224\n|-damage|p1a: Hitmonlee|131/224\n|-damage|p1a: Hitmonlee|86/224\n|-damage|p1a: Hitmonlee|44/224\n|-hitcount|p1a: Hitmonlee|4\n|\n|-weather|RainDance|[upkeep]\n|upkeep\n|turn|5\n|inactive|staticfakeout has 120 seconds left.\n|\n|t:|1781444484\n|switch|p2a: Arbok|Arbok, L87, M|246/246\n|-ability|p2a: Arbok|Intimidate|boost\n|-unboost|p1a: Hitmonlee|atk|1\n|-enditem|p1a: Hitmonlee|White Herb\n|-clearnegativeboost|p1a: Hitmonlee|[silent]\n|move|p1a: Hitmonlee|Close Combat|p2a: Arbok\n|-resisted|p2a: Arbok\n|-damage|p2a: Arbok|157/246\n|-unboost|p1a: Hitmonlee|def|1\n|-unboost|p1a: Hitmonlee|spd|1\n|\n|-weather|none\n|-heal|p2a: Arbok|172/246|[from] item: Leftovers\n|upkeep\n|turn|6\n|inactive|5th_Vision has 120 seconds left.\n|\n|t:|1781444514\n|switch|p2a: Gliscor|Gliscor, L76, F|239/239\n|move|p1a: Hitmonlee|Knock Off|p2a: Gliscor\n|-crit|p2a: Gliscor\n|-damage|p2a: Gliscor|124/239\n|-enditem|p2a: Gliscor|Toxic Orb|[from] move: Knock Off|[of] p1a: Hitmonlee\n|\n|upkeep\n|turn|7\n|inactive|5th_Vision has 120 seconds left.\n|\n|t:|1781444535\n|move|p1a: Hitmonlee|Close Combat|p2a: Gliscor\n|-resisted|p2a: Gliscor\n|-damage|p2a: Gliscor|63/239\n|-unboost|p1a: Hitmonlee|def|1\n|-unboost|p1a: Hitmonlee|spd|1\n|move|p2a: Gliscor|Earthquake|p1a: Hitmonlee\n|-damage|p1a: Hitmonlee|0 fnt\n|faint|p1a: Hitmonlee\n|\n|upkeep\n|inactive|staticfakeout has 120 seconds left.\n|\n|t:|1781444546\n|switch|p1a: Iron Moth|Iron Moth, L78, tera:Grass|253/253\n|turn|8\n|\n|t:|1781444553\n|move|p2a: Gliscor|Protect|p2a: Gliscor\n|-singleturn|p2a: Gliscor|Protect\n|move|p1a: Iron Moth|Sludge Wave|p2a: Gliscor\n|-activate|p2a: Gliscor|move: Protect\n|\n|upkeep\n|turn|9\n|inactive|5th_Vision has 120 seconds left.\n|\n|t:|1781444563\n|move|p1a: Iron Moth|Sludge Wave|p2a: Gliscor\n|-resisted|p2a: Gliscor\n|-crit|p2a: Gliscor\n|-damage|p2a: Gliscor|0 fnt\n|faint|p2a: Gliscor\n|\n|upkeep\n|inactive|5th_Vision has 120 seconds left.\n|\n|t:|1781444574\n|switch|p2a: Arbok|Arbok, L87, M|172/246\n|-ability|p2a: Arbok|Intimidate|boost\n|-unboost|p1a: Iron Moth|atk|1\n|turn|10\n|inactive|5th_Vision has 120 seconds left.\n|\n|t:|1781444583\n|-end|p1a: Iron Moth|Quark Drive|[silent]\n|switch|p1a: Sandaconda|Sandaconda, L84, M|258/258\n|move|p2a: Arbok|Gunk Shot|p1a: Sandaconda\n|-resisted|p1a: Sandaconda\n|-crit|p1a: Sandaconda\n|-damage|p1a: Sandaconda|184/258\n|\n|-heal|p2a: Arbok|187/246|[from] item: Leftovers\n|upkeep\n|turn|11\n|inactive|5th_Vision has 120 seconds left.\n|\n|t:|1781444614\n|switch|p2a: Kyurem|Kyurem-Black, L71|205/295\n|-ability|p2a: Kyurem|Teravolt\n|move|p1a: Sandaconda|Scale Shot|p2a: Kyurem\n|-supereffective|p2a: Kyurem\n|-damage|p2a: Kyurem|165/295\n|-supereffective|p2a: Kyurem\n|-damage|p2a: Kyurem|119/295\n|-supereffective|p2a: Kyurem\n|-damage|p2a: Kyurem|79/295\n|-supereffective|p2a: Kyurem\n|-damage|p2a: Kyurem|35/295\n|-supereffective|p2a: Kyurem\n|-damage|p2a: Kyurem|0 fnt\n|faint|p2a: Kyurem\n|-hitcount|p2: Kyurem|5\n|-unboost|p1a: Sandaconda|def|1\n|-boost|p1a: Sandaconda|spe|1\n|\n|upkeep\n|\n|t:|1781444624\n|switch|p2a: Arbok|Arbok, L87, M|187/246\n|-ability|p2a: Arbok|Intimidate|boost\n|-unboost|p1a: Sandaconda|atk|1\n|turn|12\n|\n|t:|1781444638\n|move|p1a: Sandaconda|Earthquake|p2a: Arbok\n|-supereffective|p2a: Arbok\n|-damage|p2a: Arbok|13/246\n|move|p2a: Arbok|Coil|p2a: Arbok\n|-boost|p2a: Arbok|atk|1\n|-boost|p2a: Arbok|def|1\n|-boost|p2a: Arbok|accuracy|1\n|\n|-heal|p2a: Arbok|28/246|[from] item: Leftovers\n|upkeep\n|turn|13\n|\n|t:|1781444650\n|switch|p2a: Politoed|Politoed, L88, M|302/302\n|-weather|RainDance|[from] ability: Drizzle|[of] p2a: Politoed\n|move|p1a: Sandaconda|Earthquake|p2a: Politoed\n|-damage|p2a: Politoed|217/302\n|\n|-weather|RainDance|[upkeep]\n|upkeep\n|turn|14\n|\n|t:|1781444659\n|move|p1a: Sandaconda|Earthquake|p2a: Politoed\n|-damage|p2a: Politoed|141/302\n|move|p2a: Politoed|Ice Beam|p1a: Sandaconda\n|-supereffective|p1a: Sandaconda\n|-damage|p1a: Sandaconda|36/258\n|\n|-weather|RainDance|[upkeep]\n|upkeep\n|turn|15\n|\n|t:|1781444672\n|move|p1a: Sandaconda|Earthquake|p2a: Politoed\n|-damage|p2a: Politoed|62/302\n|move|p2a: Politoed|Rest|p2a: Politoed\n|-status|p2a: Politoed|slp|[from] move: Rest\n|-heal|p2a: Politoed|302/302 slp|[silent]\n|-enditem|p2a: Politoed|Chesto Berry|[eat]\n|-curestatus|p2a: Politoed|slp|[msg]\n|\n|-weather|RainDance|[upkeep]\n|upkeep\n|turn|16\n|\n|t:|1781444687\n|move|p1a: Sandaconda|Earthquake|p2a: Politoed\n|-damage|p2a: Politoed|226/302\n|move|p2a: Politoed|Ice Beam|p1a: Sandaconda\n|-supereffective|p1a: Sandaconda\n|-damage|p1a: Sandaconda|0 fnt\n|faint|p1a: Sandaconda\n|\n|-weather|RainDance|[upkeep]\n|upkeep\n|\n|t:|1781444707\n|switch|p1a: Iron Moth|Iron Moth, L78, tera:Grass|253/253\n|turn|17\n|\n|t:|1781444715\n|switch|p2a: Blaziken|Blaziken, L76, M|247/247\n|move|p1a: Iron Moth|Energy Ball|p2a: Blaziken\n|-resisted|p2a: Blaziken\n|-damage|p2a: Blaziken|141/247\n|-unboost|p2a: Blaziken|spd|1\n|\n|-weather|none\n|upkeep\n|turn|18\n|inactive|5th_Vision has 120 seconds left.\n|\n|t:|1781444748\n|move|p1a: Iron Moth|Energy Ball|p2a: Blaziken\n|-resisted|p2a: Blaziken\n|-damage|p2a: Blaziken|0 fnt\n|faint|p2a: Blaziken\n|\n|upkeep\n|inactive|5th_Vision has 90 seconds left.\n|\n|t:|1781444787\n|switch|p2a: Politoed|Politoed, L88, M|226/302\n|-weather|RainDance|[from] ability: Drizzle|[of] p2a: Politoed\n|turn|19\n|\n|t:|1781444803\n|move|p1a: Iron Moth|Energy Ball|p2a: Politoed\n|-supereffective|p2a: Politoed\n|-damage|p2a: Politoed|0 fnt\n|faint|p2a: Politoed\n|\n|-weather|RainDance|[upkeep]\n|upkeep\n|\n|t:|1781444807\n|switch|p2a: Floatzel|Floatzel, L86, M, tera:Water|188/286\n|turn|20\n|\n|t:|1781444811\n|move|p2a: Floatzel|Ice Spinner|p1a: Iron Moth\n|-supereffective|p1a: Iron Moth\n|-damage|p1a: Iron Moth|0 fnt\n|faint|p1a: Iron Moth\n|-end|p1a: Iron Moth|Quark Drive|[silent]\n|\n|-weather|RainDance|[upkeep]\n|upkeep\n|\n|t:|1781444828\n|switch|p1a: Drednaw|Drednaw, L81, F|278/278\n|turn|21\n|inactive|5th_Vision has 90 seconds left.\n|\n|t:|1781444853\n|switch|p2a: Arbok|Arbok, L87, M|28/246\n|-ability|p2a: Arbok|Intimidate|boost\n|-unboost|p1a: Drednaw|atk|1\n|-enditem|p1a: Drednaw|White Herb\n|-clearnegativeboost|p1a: Drednaw|[silent]\n|move|p1a: Drednaw|Shell Smash|p1a: Drednaw\n|-unboost|p1a: Drednaw|def|1\n|-unboost|p1a: Drednaw|spd|1\n|-boost|p1a: Drednaw|atk|2\n|-boost|p1a: Drednaw|spa|2\n|-boost|p1a: Drednaw|spe|2\n|\n|-weather|RainDance|[upkeep]\n|-heal|p2a: Arbok|43/246|[from] item: Leftovers\n|upkeep\n|turn|22\n|\n|t:|1781444862\n|move|p1a: Drednaw|Earthquake|p2a: Arbok\n|-supereffective|p2a: Arbok\n|-damage|p2a: Arbok|0 fnt\n|faint|p2a: Arbok\n|\n|-weather|RainDance|[upkeep]\n|upkeep\n|\n|t:|1781444865\n|switch|p2a: Floatzel|Floatzel, L86, M, tera:Water|188/286\n|turn|23\n|inactive|5th_Vision has 90 seconds left.\n|\n|t:|1781444874\n|move|p1a: Drednaw|Earthquake|p2a: Floatzel\n|-damage|p2a: Floatzel|0 fnt\n|faint|p2a: Floatzel\n|\n|win|staticfakeout\n|raw|staticfakeout's rating: 1610 &rarr; <strong>1628</strong><br />(+18 for winning)\n|raw|5th_Vision's rating: 1567 &rarr; <strong>1549</strong><br />(-18 for losing)\n|c|\u2606staticfakeout|gg\n|c|\u26065th_Vision|gg\n|l|\u2606staticfakeout\n|player|p1|\n", "inputlog": ">version a8376a258c1d4662feba110a92103f3664a72141\n>start {\"formatid\":\"gen9randombattle\",\"seed\":\"sodium,cde9e3c39ce9ad61317d694c486f96de\",\"rated\":\"Rated battle\"}\n>player p1 {\"name\":\"staticfakeout\",\"avatar\":\"koga-lgpe\",\"rating\":1610,\"seed\":\"sodium,af31362a3e8f3ba4fe9d169c167d99ab\"}\n>player p2 {\"name\":\"5th_Vision\",\"avatar\":\"preschoolerf\",\"rating\":1567,\"seed\":\"sodium,419b6907e451bd9f88a47fbdf6df7ee0\"}\n>p1 switch 5\n>p2 switch 3\n>p1 move hypervoice\n>p2 move wavecrash terastallize\n>p1 switch 5\n>p1 move energyball terastallize\n>p2 switch 2\n>p1 switch 4\n>p2 move iciclespear\n>p1 move closecombat\n>p2 switch 5\n>p1 move knockoff\n>p2 switch 6\n>p1 move closecombat\n>p2 move earthquake\n>p1 switch 4\n>p1 move sludgewave\n>p2 move protect\n>p1 move sludgewave\n>p2 move toxic\n>p2 switch 6\n>p1 switch 3\n>p2 move gunkshot\n>p1 move scaleshot\n>p2 switch 5\n>p2 switch 5\n>p1 move earthquake\n>p2 move coil\n>p1 move earthquake\n>p2 switch 3\n>p1 move earthquake\n>p2 move icebeam\n>p1 move earthquake\n>p2 move rest\n>p1 move earthquake\n>p2 move icebeam\n>p1 switch 3\n>p1 move energyball\n>p2 switch 4\n>p1 move energyball\n>p2 move swordsdance\n>p2 switch 4\n>p1 move energyball\n>p2 move icebeam\n>p2 switch 2\n>p1 move energyball\n>p2 move icespinner\n>p1 switch 6\n>p1 move shellsmash\n>p2 switch 3\n>p1 move earthquake\n>p2 move trailblaze\n>p2 switch 3\n>p1 move earthquake\n>p2 move wavecrash", "uploadtime": 1781444884, "views": 6, "formatid": "gen9randombattle", "rating": 1549, "private": 0, "password": null}