{"id": "gen9randombattle-2631689828", "format": "[Gen 9] Random Battle", "players": ["NewtNoot", "Lujay7"], "log": "|j|\u2606NewtNoot\n|j|\u2606Lujay7\n|t:|1781422359\n|gametype|singles\n|player|p1|NewtNoot|2|1894\n|player|p2|Lujay7|102|1958\n|gen|9\n|tier|[Gen 9] Random Battle\n|rated|\n|rule|Species Clause: Limit one of each Pok\u00e9mon\n|rule|HP Percentage Mod: HP is shown in percentages\n|rule|Sleep Clause Mod: Limit one foe put to sleep\n|rule|Illusion Level Mod: Illusion disguises the Pok\u00e9mon's true level\n|\n|t:|1781422359\n|teamsize|p1|6\n|teamsize|p2|6\n|start\n|switch|p1a: Donphan|Donphan, L84, F|288/288\n|switch|p2a: Eelektross|Eelektross, L87, F|290/290\n|turn|1\n|inactive|Battle timer is ON: inactive players will automatically lose when time's up. (requested by Lujay7)\n|inactive|Lujay7 has 120 seconds left.\n|\n|t:|1781422404\n|switch|p1a: Plusle|Plusle, L95, M|268/268\n|move|p2a: Eelektross|Coil|p2a: Eelektross\n|-boost|p2a: Eelektross|atk|1\n|-boost|p2a: Eelektross|def|1\n|-boost|p2a: Eelektross|accuracy|1\n|\n|upkeep\n|turn|2\n|\n|t:|1781422408\n|switch|p2a: Clodsire|Clodsire, L81, F|343/343\n|move|p1a: Plusle|Encore||[still]\n|-fail|p1a: Plusle\n|\n|upkeep\n|turn|3\n|inactive|Lujay7 has 120 seconds left.\n|\n|t:|1781422444\n|switch|p1a: Delibird|Delibird, M|252/252\n|move|p2a: Clodsire|Toxic|p1a: Delibird\n|-status|p1a: Delibird|tox\n|\n|-damage|p1a: Delibird|237/252 tox|[from] psn\n|upkeep\n|turn|4\n|inactive|Lujay7 has 120 seconds left.\n|\n|t:|1781422459\n|switch|p2a: Chimecho|Chimecho, L93, M|290/290\n|move|p1a: Delibird|Ice Spinner|p2a: Chimecho\n|-damage|p2a: Chimecho|175/290\n|\n|-heal|p2a: Chimecho|193/290|[from] item: Leftovers\n|-damage|p1a: Delibird|207/252 tox|[from] psn\n|upkeep\n|turn|5\n|inactive|Lujay7 has 120 seconds left.\n|inactive|Lujay7 has 90 seconds left.\n|inactive|Lujay7 has 60 seconds left.\n|\n|t:|1781422540\n|move|p1a: Delibird|Spikes|p2a: Chimecho\n|-sidestart|p2: Lujay7|Spikes\n|move|p2a: Chimecho|Recover|p2a: Chimecho\n|-heal|p2a: Chimecho|290/290\n|\n|-damage|p1a: Delibird|162/252 tox|[from] psn\n|upkeep\n|turn|6\n|inactive|Lujay7 has 60 seconds left.\n|inactive|Lujay7 has 30 seconds left.\n|\n|t:|1781422576\n|move|p1a: Delibird|Spikes|p2a: Chimecho\n|-sidestart|p2: Lujay7|Spikes\n|move|p2a: Chimecho|Psyshock|p1a: Delibird\n|-damage|p1a: Delibird|18/252 tox\n|\n|-damage|p1a: Delibird|0 fnt|[from] psn\n|faint|p1a: Delibird\n|upkeep\n|\n|t:|1781422594\n|switch|p1a: Cobalion|Cobalion, L80|277/277\n|turn|7\n|\n|t:|1781422607\n|switch|p2a: Clodsire|Clodsire, L81, F|343/343\n|-damage|p2a: Clodsire|286/343|[from] Spikes\n|move|p1a: Cobalion|Swords Dance|p1a: Cobalion\n|-boost|p1a: Cobalion|atk|2\n|\n|-heal|p2a: Clodsire|307/343|[from] item: Leftovers\n|upkeep\n|turn|8\n|\n|t:|1781422613\n|move|p1a: Cobalion|Iron Head|p2a: Clodsire\n|-damage|p2a: Clodsire|106/343\n|move|p2a: Clodsire|Earthquake|p1a: Cobalion\n|-supereffective|p1a: Cobalion\n|-damage|p1a: Cobalion|137/277\n|\n|-heal|p1a: Cobalion|154/277|[from] item: Leftovers\n|-heal|p2a: Clodsire|127/343|[from] item: Leftovers\n|upkeep\n|turn|9\n|\n|t:|1781422627\n|switch|p2a: Chimecho|Chimecho, L93, M|290/290\n|move|p1a: Cobalion|Iron Head|p2a: Chimecho\n|-damage|p2a: Chimecho|155/290\n|\n|-heal|p1a: Cobalion|171/277|[from] item: Leftovers\n|-heal|p2a: Chimecho|173/290|[from] item: Leftovers\n|upkeep\n|turn|10\n|inactive|Lujay7 has 30 seconds left.\n|\n|t:|1781422648\n|move|p1a: Cobalion|Iron Head|p2a: Chimecho\n|-damage|p2a: Chimecho|22/290\n|move|p2a: Chimecho|Recover|p2a: Chimecho\n|-heal|p2a: Chimecho|167/290\n|\n|-heal|p1a: Cobalion|188/277|[from] item: Leftovers\n|-heal|p2a: Chimecho|185/290|[from] item: Leftovers\n|upkeep\n|turn|11\n|\n|t:|1781422655\n|move|p1a: Cobalion|Iron Head|p2a: Chimecho\n|-damage|p2a: Chimecho|46/290\n|move|p2a: Chimecho|Dazzling Gleam|p1a: Cobalion\n|-damage|p1a: Cobalion|97/277\n|\n|-heal|p1a: Cobalion|114/277|[from] item: Leftovers\n|-heal|p2a: Chimecho|64/290|[from] item: Leftovers\n|upkeep\n|turn|12\n|inactive|Lujay7 has 30 seconds left.\n|\n|t:|1781422682\n|move|p1a: Cobalion|Iron Head|p2a: Chimecho\n|-damage|p2a: Chimecho|0 fnt\n|faint|p2a: Chimecho\n|\n|-heal|p1a: Cobalion|131/277|[from] item: Leftovers\n|upkeep\n|inactive|Lujay7 has 30 seconds left this turn.\n|\n|t:|1781422689\n|switch|p2a: Comfey|Comfey, L85, F|225/225\n|-damage|p2a: Comfey|188/225|[from] Spikes\n|turn|13\n|\n|t:|1781422694\n|-terastallize|p2a: Comfey|Ground\n|move|p2a: Comfey|Tera Blast|p1a: Cobalion|[anim] Tera Blast Ground\n|-supereffective|p1a: Cobalion\n|-damage|p1a: Cobalion|0 fnt\n|faint|p1a: Cobalion\n|\n|-heal|p2a: Comfey|202/225|[from] item: Leftovers\n|upkeep\n|\n|t:|1781422700\n|switch|p1a: Donphan|Donphan, L84, F|288/288\n|turn|14\n|\n|t:|1781422720\n|move|p2a: Comfey|Calm Mind|p2a: Comfey\n|-boost|p2a: Comfey|spa|1\n|-boost|p2a: Comfey|spd|1\n|move|p1a: Donphan|Earthquake|p2a: Comfey\n|-damage|p2a: Comfey|75/225\n|\n|-heal|p2a: Comfey|89/225|[from] item: Leftovers\n|upkeep\n|turn|15\n|inactive|Lujay7 has 30 seconds left.\n|inactive|Lujay7 has 20 seconds left.\n|\n|t:|1781422746\n|switch|p1a: Skeledirge|Skeledirge, L79, F|294/294\n|move|p2a: Comfey|Giga Drain|p1a: Skeledirge\n|-resisted|p1a: Skeledirge\n|-damage|p1a: Skeledirge|267/294\n|-heal|p2a: Comfey|103/225|[from] drain|[of] p1a: Skeledirge\n|\n|-heal|p2a: Comfey|117/225|[from] item: Leftovers\n|upkeep\n|turn|16\n|inactive|Lujay7 has 30 seconds left this turn.\n|\n|t:|1781422750\n|-terastallize|p1a: Skeledirge|Fairy\n|move|p2a: Comfey|Tera Blast|p1a: Skeledirge|[anim] Tera Blast Ground\n|-damage|p1a: Skeledirge|170/294\n|move|p1a: Skeledirge|Torch Song|p2a: Comfey\n|-damage|p2a: Comfey|54/225\n|-boost|p1a: Skeledirge|spa|1\n|\n|-heal|p2a: Comfey|68/225|[from] item: Leftovers\n|upkeep\n|turn|17\n|\n|t:|1781422758\n|move|p2a: Comfey|Tera Blast|p1a: Skeledirge|[anim] Tera Blast Ground\n|-damage|p1a: Skeledirge|70/294\n|move|p1a: Skeledirge|Slack Off|p1a: Skeledirge\n|-heal|p1a: Skeledirge|217/294\n|\n|-heal|p2a: Comfey|82/225|[from] item: Leftovers\n|upkeep\n|turn|18\n|\n|t:|1781422768\n|move|p2a: Comfey|Tera Blast|p1a: Skeledirge|[anim] Tera Blast Ground\n|-damage|p1a: Skeledirge|123/294\n|move|p1a: Skeledirge|Slack Off|p1a: Skeledirge\n|-heal|p1a: Skeledirge|270/294\n|\n|-heal|p2a: Comfey|96/225|[from] item: Leftovers\n|upkeep\n|turn|19\n|\n|t:|1781422780\n|move|p2a: Comfey|Tera Blast|p1a: Skeledirge|[anim] Tera Blast Ground\n|-damage|p1a: Skeledirge|173/294\n|move|p1a: Skeledirge|Torch Song|p2a: Comfey\n|-damage|p2a: Comfey|0 fnt\n|-boost|p1a: Skeledirge|spa|1\n|faint|p2a: Comfey\n|\n|upkeep\n|inactive|Lujay7 has 30 seconds left.\n|inactive|Lujay7 has 20 seconds left.\n|inactive|Lujay7 has 15 seconds left.\n|inactive|Lujay7 has 10 seconds left.\n|inactive|Lujay7 has 5 seconds left.\n|\n|t:|1781422818\n|switch|p2a: Luxray|Luxray, L88, F|283/283\n|-damage|p2a: Luxray|236/283|[from] Spikes\n|turn|20\n|inactive|Lujay7 has 15 seconds left this turn.\n|inactive|Lujay7 has 10 seconds left.\n|\n|t:|1781422828\n|move|p2a: Luxray|Throat Chop|p1a: Skeledirge\n|-resisted|p1a: Skeledirge\n|-damage|p1a: Skeledirge|137/294\n|-start|p1a: Skeledirge|Throat Chop|[silent]\n|cant|p1a: Skeledirge|move: Throat Chop\n|\n|-status|p2a: Luxray|brn|[from] item: Flame Orb\n|upkeep\n|turn|21\n|inactive|Lujay7 has 20 seconds left this turn.\n|inactive|Lujay7 has 15 seconds left.\n|\n|t:|1781422840\n|switch|p1a: Donphan|Donphan, L84, F|288/288\n|move|p2a: Luxray|Facade|p1a: Donphan\n|-damage|p1a: Donphan|138/288\n|\n|-heal|p1a: Donphan|156/288|[from] item: Leftovers\n|-damage|p2a: Luxray|219/283 brn|[from] brn\n|upkeep\n|turn|22\n|inactive|Lujay7 has 25 seconds left this turn.\n|inactive|Lujay7 has 20 seconds left.\n|inactive|Lujay7 has 15 seconds left.\n|inactive|Lujay7 has 10 seconds left.\n|inactive|Lujay7 has 5 seconds left.\n|\n|t:|1781422863\n|switch|p2a: Eelektross|Eelektross, L87, F|290/290\n|move|p1a: Donphan|Earthquake|p2a: Eelektross\n|-immune|p2a: Eelektross|[from] ability: Levitate\n|\n|-heal|p1a: Donphan|174/288|[from] item: Leftovers\n|upkeep\n|turn|23\n|inactive|Lujay7 has 15 seconds left this turn.\n|inactive|Lujay7 has 10 seconds left.\n|inactive|NewtNoot has 120 seconds left.\n|\n|t:|1781422919\n|switch|p1a: Plusle|Plusle, L95, M|268/268\n|move|p2a: Eelektross|Coil|p2a: Eelektross\n|-boost|p2a: Eelektross|atk|1\n|-boost|p2a: Eelektross|def|1\n|-boost|p2a: Eelektross|accuracy|1\n|\n|upkeep\n|turn|24\n|inactive|Lujay7 has 20 seconds left this turn.\n|inactive|Lujay7 has 15 seconds left.\n|\n|t:|1781422927\n|switch|p1a: Donphan|Donphan, L84, F|174/288\n|switch|p2a: Clodsire|Clodsire, L81, F|127/343\n|-damage|p2a: Clodsire|70/343|[from] Spikes\n|\n|-heal|p1a: Donphan|192/288|[from] item: Leftovers\n|-heal|p2a: Clodsire|91/343|[from] item: Leftovers\n|upkeep\n|turn|25\n|inactive|Lujay7 has 25 seconds left this turn.\n|\n|t:|1781422932\n|switch|p2a: Eelektross|Eelektross, L87, F|290/290\n|move|p1a: Donphan|Earthquake|p2a: Eelektross\n|-immune|p2a: Eelektross|[from] ability: Levitate\n|\n|-heal|p1a: Donphan|210/288|[from] item: Leftovers\n|upkeep\n|turn|26\n|inactive|Lujay7 has 30 seconds left.\n|\n|t:|1781422937\n|switch|p1a: Plusle|Plusle, L95, M|268/268\n|move|p2a: Eelektross|Drain Punch|p1a: Plusle\n|-damage|p1a: Plusle|167/268\n|\n|upkeep\n|turn|27\n|\n|t:|1781422942\n|move|p1a: Plusle|Nasty Plot|p1a: Plusle\n|-boost|p1a: Plusle|spa|2\n|move|p2a: Eelektross|Drain Punch|p1a: Plusle\n|-damage|p1a: Plusle|67/268\n|\n|upkeep\n|turn|28\n|\n|t:|1781422948\n|move|p1a: Plusle|Alluring Voice|p2a: Eelektross\n|-damage|p2a: Eelektross|126/290\n|-damage|p1a: Plusle|41/268|[from] item: Life Orb\n|move|p2a: Eelektross|Drain Punch|p1a: Plusle\n|-damage|p1a: Plusle|0 fnt\n|-heal|p2a: Eelektross|147/290|[from] drain|[of] p1a: Plusle\n|faint|p1a: Plusle\n|\n|-heal|p2a: Eelektross|165/290|[from] item: Leftovers\n|upkeep\n|\n|t:|1781422951\n|switch|p1a: Kingdra|Kingdra, L84, F|263/263\n|turn|29\n|\n|t:|1781422963\n|switch|p2a: Clodsire|Clodsire, L81, F|91/343\n|-damage|p2a: Clodsire|34/343|[from] Spikes\n|move|p1a: Kingdra|Dragon Dance|p1a: Kingdra\n|-boost|p1a: Kingdra|atk|1\n|-boost|p1a: Kingdra|spe|1\n|\n|-heal|p2a: Clodsire|55/343|[from] item: Leftovers\n|upkeep\n|turn|30\n|\n|t:|1781422969\n|move|p1a: Kingdra|Iron Head|p2a: Clodsire\n|-damage|p2a: Clodsire|0 fnt\n|faint|p2a: Clodsire\n|\n|upkeep\n|\n|t:|1781422975\n|switch|p2a: Eelektross|Eelektross, L87, F|165/290\n|turn|31\n|\n|t:|1781422977\n|move|p1a: Kingdra|Dragon Dance|p1a: Kingdra\n|-boost|p1a: Kingdra|atk|1\n|-boost|p1a: Kingdra|spe|1\n|move|p2a: Eelektross|Supercell Slam|p1a: Kingdra\n|-damage|p1a: Kingdra|133/263\n|\n|-heal|p2a: Eelektross|183/290|[from] item: Leftovers\n|upkeep\n|turn|32\n|\n|t:|1781422986\n|move|p1a: Kingdra|Wave Crash|p2a: Eelektross\n|-crit|p2a: Eelektross\n|-damage|p2a: Eelektross|0 fnt\n|faint|p2a: Eelektross\n|-damage|p1a: Kingdra|73/263|[from] Recoil\n|\n|upkeep\n|\n|t:|1781422991\n|switch|p2a: Lokix|Lokix, L82, M|251/251\n|-damage|p2a: Lokix|210/251|[from] Spikes\n|turn|33\n|\n|t:|1781422997\n|move|p2a: Lokix|Sucker Punch|p1a: Kingdra\n|-damage|p1a: Kingdra|0 fnt\n|faint|p1a: Kingdra\n|-damage|p2a: Lokix|185/251|[from] item: Life Orb\n|\n|upkeep\n|\n|t:|1781423002\n|switch|p1a: Skeledirge|Skeledirge, L79, F, tera:Fairy|137/294\n|turn|34\n|inactive|Lujay7 has 90 seconds left.\n|\n|t:|1781423014\n|switch|p2a: Luxray|Luxray, L88, F|219/283 brn\n|-damage|p2a: Luxray|172/283 brn|[from] Spikes\n|move|p1a: Skeledirge|Torch Song|p2a: Luxray\n|-damage|p2a: Luxray|84/283 brn\n|-boost|p1a: Skeledirge|spa|1\n|\n|-damage|p2a: Luxray|67/283 brn|[from] brn\n|upkeep\n|turn|35\n|inactive|Lujay7 has 90 seconds left.\n|\n|t:|1781423022\n|move|p2a: Luxray|Facade|p1a: Skeledirge\n|-damage|p1a: Skeledirge|0 fnt\n|faint|p1a: Skeledirge\n|\n|-damage|p2a: Luxray|50/283 brn|[from] brn\n|upkeep\n|\n|t:|1781423024\n|switch|p1a: Donphan|Donphan, L84, F|210/288\n|turn|36\n|\n|t:|1781423028\n|move|p1a: Donphan|Ice Shard|p2a: Luxray\n|-damage|p2a: Luxray|13/283 brn\n|move|p2a: Luxray|Facade|p1a: Donphan\n|-damage|p1a: Donphan|65/288\n|\n|-heal|p1a: Donphan|83/288|[from] item: Leftovers\n|-damage|p2a: Luxray|0 fnt|[from] brn\n|faint|p2a: Luxray\n|upkeep\n|\n|t:|1781423030\n|switch|p2a: Lokix|Lokix, L82, M|185/251\n|-damage|p2a: Lokix|144/251|[from] Spikes\n|turn|37\n|\n|t:|1781423035\n|move|p2a: Lokix|Knock Off|p1a: Donphan\n|-damage|p1a: Donphan|0 fnt\n|-enditem|p1a: Donphan|Leftovers|[from] move: Knock Off|[of] p2a: Lokix\n|faint|p1a: Donphan\n|-damage|p2a: Lokix|119/251|[from] item: Life Orb\n|\n|win|Lujay7\n|raw|NewtNoot's rating: 1925 &rarr; <strong>1906</strong><br />(-19 for losing)\n|raw|Lujay7's rating: 1943 &rarr; <strong>1962</strong><br />(+19 for winning)\n", "inputlog": ">version a8376a258c1d4662feba110a92103f3664a72141\n>start {\"formatid\":\"gen9randombattle\",\"seed\":\"sodium,ff49e46bea1acc6a75341903880115d1\",\"rated\":\"Rated battle\"}\n>player p1 {\"name\":\"NewtNoot\",\"avatar\":\"2\",\"rating\":1894,\"seed\":\"sodium,536420a71fe2ee57ed365faaaf2019b4\"}\n>player p2 {\"name\":\"Lujay7\",\"avatar\":\"102\",\"rating\":1958,\"seed\":\"sodium,0078d82ba238ec18587edee6880de2dd\"}\n>p1 switch 5\n>p2 move coil\n>p1 move encore\n>p2 switch 4\n>p1 switch 6\n>p2 move toxic\n>p1 move icespinner\n>p2 switch 2\n>p1 move spikes\n>p2 move recover\n>p1 move spikes\n>p2 move psyshock\n>p1 switch 4\n>p1 move swordsdance\n>p2 switch 2\n>p1 move ironhead\n>p2 move earthquake\n>p1 move ironhead\n>p2 switch 2\n>p1 move ironhead\n>p2 move recover\n>p1 move ironhead\n>p2 move dazzlinggleam\n>p1 move ironhead\n>p2 move dazzlinggleam\n>p2 switch 5\n>p1 move closecombat\n>p2 move terablast terastallize\n>p1 switch 5\n>p1 move earthquake\n>p2 move calmmind\n>p1 switch 2\n>p2 move gigadrain\n>p1 move torchsong terastallize\n>p2 move terablast\n>p1 move slackoff\n>p2 move terablast\n>p1 move slackoff\n>p2 move terablast\n>p1 move torchsong\n>p2 move terablast\n>p2 switch 6\n>p1 move torchsong\n>p2 move throatchop\n>p1 switch 2\n>p2 move facade\n>p1 move earthquake\n>p2 switch 4\n>p1 switch 6\n>p2 move coil\n>p1 switch 6\n>p2 switch 2\n>p1 move earthquake\n>p2 switch 2\n>p1 switch 6\n>p2 move drainpunch\n>p1 move nastyplot\n>p2 move drainpunch\n>p1 move alluringvoice\n>p2 move drainpunch\n>p1 switch 3\n>p1 move dragondance\n>p2 switch 2\n>p1 move ironhead\n>p2 move toxic\n>p2 switch 2\n>p1 move dragondance\n>p2 move supercellslam\n>p1 move wavecrash\n>p2 move supercellslam\n>p2 switch 3\n>p1 move wavecrash\n>p2 move suckerpunch\n>p1 switch 2\n>p1 move torchsong\n>p2 switch 4\n>p1 move hex\n>p2 move facade\n>p1 switch 6\n>p1 move iceshard\n>p2 move facade\n>p2 switch 4\n>p1 move rapidspin\n>p2 move knockoff", "uploadtime": 1781423035, "views": 7, "formatid": "gen9randombattle", "rating": 1906, "private": 0, "password": null}