{"id": "gen9randombattle-2631704390", "format": "[Gen 9] Random Battle", "players": ["Exenaphiel", "yuwan23221"], "log": "|j|\u2606Exenaphiel\n|j|\u2606yuwan23221\n|t:|1781425209\n|gametype|singles\n|player|p1|Exenaphiel|beni-ninja|2003\n|player|p2|yuwan23221|170|2094\n|gen|9\n|tier|[Gen 9] Random Battle\n|rated|\n|rule|Species Clause: Limit one of each Pok\u00e9mon\n|rule|HP Percentage Mod: HP is shown in percentages\n|rule|Sleep Clause Mod: Limit one foe put to sleep\n|rule|Illusion Level Mod: Illusion disguises the Pok\u00e9mon's true level\n|\n|t:|1781425209\n|teamsize|p1|6\n|teamsize|p2|6\n|start\n|switch|p1a: Feraligatr|Feraligatr, L79, M|264/264\n|switch|p2a: Meowscarada|Meowscarada, L78, F|247/247\n|turn|1\n|inactive|Battle timer is ON: inactive players will automatically lose when time's up. (requested by Exenaphiel)\n|\n|t:|1781425221\n|switch|p1a: Gurdurr|Gurdurr, L85, M|283/283\n|move|p2a: Meowscarada|Toxic Spikes|p1a: Gurdurr\n|-start|p2a: Meowscarada|typechange|Poison|[from] ability: Protean\n|-sidestart|p1: Exenaphiel|move: Toxic Spikes\n|\n|upkeep\n|turn|2\n|\n|t:|1781425227\n|move|p2a: Meowscarada|Knock Off|p1a: Gurdurr\n|-resisted|p1a: Gurdurr\n|-damage|p1a: Gurdurr|262/283\n|-enditem|p1a: Gurdurr|Eviolite|[from] move: Knock Off|[of] p2a: Meowscarada\n|move|p1a: Gurdurr|Defog|p2a: Meowscarada\n|-unboost|p2a: Meowscarada|evasion|1\n|-sideend|p1: Exenaphiel|Toxic Spikes|[from] move: Defog|[of] p1a: Gurdurr\n|\n|upkeep\n|turn|3\n|\n|t:|1781425237\n|move|p2a: Meowscarada|Toxic Spikes|p1a: Gurdurr\n|-sidestart|p1: Exenaphiel|move: Toxic Spikes\n|move|p1a: Gurdurr|Knock Off|p2a: Meowscarada\n|-damage|p2a: Meowscarada|157/247\n|-enditem|p2a: Meowscarada|Focus Sash|[from] move: Knock Off|[of] p1a: Gurdurr\n|\n|upkeep\n|turn|4\n|l|\u2606Exenaphiel\n|inactive|Exenaphiel disconnected and has a minute to reconnect!\n|player|p1|\n|j|\u2606Exenaphiel\n|inactive|Exenaphiel reconnected and has 125 seconds left.\n|player|p1|Exenaphiel|beni-ninja|\n|\n|t:|1781425265\n|switch|p2a: Uxie|Uxie, L83|260/260\n|move|p1a: Gurdurr|Defog|p2a: Uxie\n|-unboost|p2a: Uxie|evasion|1\n|-sideend|p1: Exenaphiel|Toxic Spikes|[from] move: Defog|[of] p1a: Gurdurr\n|\n|upkeep\n|turn|5\n|\n|t:|1781425274\n|move|p2a: Uxie|U-turn|p1a: Gurdurr\n|-resisted|p1a: Gurdurr\n|-damage|p1a: Gurdurr|240/283\n|\n|t:|1781425292\n|switch|p2a: Iron Jugulis|Iron Jugulis, L77|271/271|[from] U-turn\n|move|p1a: Gurdurr|Knock Off|p2a: Iron Jugulis\n|-resisted|p2a: Iron Jugulis\n|-damage|p2a: Iron Jugulis|226/271\n|-enditem|p2a: Iron Jugulis|Choice Specs|[from] move: Knock Off|[of] p1a: Gurdurr\n|\n|upkeep\n|turn|6\n|\n|t:|1781425300\n|switch|p1a: Eelektross|Eelektross, L87, F|290/290\n|move|p2a: Iron Jugulis|Hurricane|p1a: Eelektross\n|-resisted|p1a: Eelektross\n|-damage|p1a: Eelektross|250/290\n|-start|p1a: Eelektross|confusion\n|\n|upkeep\n|turn|7\n|\n|t:|1781425318\n|-end|p2a: Iron Jugulis|Quark Drive|[silent]\n|switch|p2a: Meowscarada|Meowscarada, L78, F|157/247\n|-activate|p1a: Eelektross|confusion\n|move|p1a: Eelektross|U-turn|p2a: Meowscarada\n|-supereffective|p2a: Meowscarada\n|-damage|p2a: Meowscarada|0 fnt\n|faint|p2a: Meowscarada\n|\n|t:|1781425327\n|switch|p1a: Gurdurr|Gurdurr, L85, M|240/283|[from] U-turn\n|\n|upkeep\n|\n|t:|1781425330\n|switch|p2a: Uxie|Uxie, L83|260/260\n|turn|8\n|\n|t:|1781425333\n|move|p2a: Uxie|Psychic Noise|p1a: Gurdurr\n|-supereffective|p1a: Gurdurr\n|-damage|p1a: Gurdurr|36/283\n|-start|p1a: Gurdurr|move: Heal Block\n|move|p1a: Gurdurr|Knock Off|p2a: Uxie\n|-supereffective|p2a: Uxie\n|-damage|p2a: Uxie|140/260\n|-enditem|p2a: Uxie|Leftovers|[from] move: Knock Off|[of] p1a: Gurdurr\n|\n|upkeep\n|turn|9\n|\n|t:|1781425349\n|switch|p1a: Wyrdeer|Wyrdeer, L87, F|321/321\n|-ability|p1a: Wyrdeer|Intimidate|boost\n|-unboost|p2a: Uxie|atk|1\n|move|p2a: Uxie|Psychic Noise|p1a: Wyrdeer\n|-resisted|p1a: Wyrdeer\n|-damage|p1a: Wyrdeer|285/321\n|-start|p1a: Wyrdeer|move: Heal Block\n|\n|upkeep\n|turn|10\n|\n|t:|1781425352\n|move|p2a: Uxie|U-turn|p1a: Wyrdeer\n|-supereffective|p1a: Wyrdeer\n|-damage|p1a: Wyrdeer|229/321\n|\n|t:|1781425356\n|switch|p2a: Sudowoodo|Sudowoodo, L94, F|284/284|[from] U-turn\n|move|p1a: Wyrdeer|Megahorn|p2a: Sudowoodo\n|-damage|p2a: Sudowoodo|217/284\n|\n|-end|p1a: Wyrdeer|move: Heal Block\n|upkeep\n|turn|11\n|\n|t:|1781425362\n|switch|p1a: Gurdurr|Gurdurr, L85, M|36/283\n|move|p2a: Sudowoodo|Head Smash|p1a: Gurdurr\n|-resisted|p1a: Gurdurr\n|-damage|p1a: Gurdurr|0 fnt\n|faint|p1a: Gurdurr\n|\n|upkeep\n|\n|t:|1781425368\n|switch|p1a: Feraligatr|Feraligatr, L79, M|264/264\n|turn|12\n|\n|t:|1781425374\n|move|p1a: Feraligatr|Dragon Dance|p1a: Feraligatr\n|-boost|p1a: Feraligatr|atk|1\n|-boost|p1a: Feraligatr|spe|1\n|move|p2a: Sudowoodo|Head Smash|p1a: Feraligatr\n|-damage|p1a: Feraligatr|0 fnt\n|faint|p1a: Feraligatr\n|\n|upkeep\n|\n|t:|1781425383\n|switch|p1a: Latias|Latias, L79, F|256/256\n|turn|13\n|l|\u2606yuwan23221\n|inactive|yuwan23221 disconnected and has a minute to reconnect!\n|player|p2|\n|inactive|yuwan23221 has 30 seconds to reconnect!\n|inactive|yuwan23221 has 20 seconds to reconnect!\n|j|\u2606yuwan23221\n|inactive|yuwan23221 reconnected and has 100 seconds left.\n|player|p2|yuwan23221|170|\n|inactive|yuwan23221 has 90 seconds left.\n|\n|t:|1781425444\n|switch|p2a: Uxie|Uxie, L83|140/260\n|-terastallize|p1a: Latias|Steel\n|move|p1a: Latias|Calm Mind|p1a: Latias\n|-boost|p1a: Latias|spa|1\n|-boost|p1a: Latias|spd|1\n|\n|upkeep\n|turn|14\n|\n|t:|1781425457\n|move|p1a: Latias|Draco Meteor|p2a: Uxie\n|-damage|p2a: Uxie|0 fnt\n|-unboost|p1a: Latias|spa|2\n|faint|p2a: Uxie\n|\n|upkeep\n|inactive|yuwan23221 has 90 seconds left.\n|\n|t:|1781425477\n|switch|p2a: Lunala|Lunala, L70|308/308\n|turn|15\n|\n|t:|1781425483\n|move|p1a: Latias|Calm Mind|p1a: Latias\n|-boost|p1a: Latias|spa|1\n|-boost|p1a: Latias|spd|1\n|move|p2a: Lunala|Calm Mind|p2a: Lunala\n|-boost|p2a: Lunala|spa|1\n|-boost|p2a: Lunala|spd|1\n|\n|upkeep\n|turn|16\n|\n|t:|1781425493\n|-terastallize|p2a: Lunala|Dark\n|move|p1a: Latias|Calm Mind|p1a: Latias\n|-boost|p1a: Latias|spa|1\n|-boost|p1a: Latias|spd|1\n|move|p2a: Lunala|Calm Mind|p2a: Lunala\n|-boost|p2a: Lunala|spa|1\n|-boost|p2a: Lunala|spd|1\n|\n|upkeep\n|turn|17\n|\n|t:|1781425496\n|move|p1a: Latias|Draco Meteor|p2a: Lunala\n|-damage|p2a: Lunala|248/308\n|-unboost|p1a: Latias|spa|2\n|move|p2a: Lunala|Calm Mind|p2a: Lunala\n|-boost|p2a: Lunala|spa|1\n|-boost|p2a: Lunala|spd|1\n|\n|-heal|p2a: Lunala|267/308|[from] item: Leftovers\n|upkeep\n|turn|18\n|\n|t:|1781425509\n|switch|p1a: Wyrdeer|Wyrdeer, L87, F|229/321\n|-ability|p1a: Wyrdeer|Intimidate|boost\n|-unboost|p2a: Lunala|atk|1\n|move|p2a: Lunala|Calm Mind|p2a: Lunala\n|-boost|p2a: Lunala|spa|1\n|-boost|p2a: Lunala|spd|1\n|\n|-heal|p2a: Lunala|286/308|[from] item: Leftovers\n|-heal|p1a: Wyrdeer|249/321|[from] item: Leftovers\n|upkeep\n|turn|19\n|\n|t:|1781425517\n|move|p2a: Lunala|Psyshock|p1a: Wyrdeer\n|-resisted|p1a: Wyrdeer\n|-damage|p1a: Wyrdeer|111/321\n|move|p1a: Wyrdeer|Megahorn|p2a: Lunala|[miss]\n|-miss|p1a: Wyrdeer|p2a: Lunala\n|\n|-heal|p2a: Lunala|305/308|[from] item: Leftovers\n|-heal|p1a: Wyrdeer|131/321|[from] item: Leftovers\n|upkeep\n|turn|20\n|\n|t:|1781425527\n|move|p2a: Lunala|Psyshock|p1a: Wyrdeer\n|-resisted|p1a: Wyrdeer\n|-damage|p1a: Wyrdeer|0 fnt\n|faint|p1a: Wyrdeer\n|\n|-heal|p2a: Lunala|308/308|[from] item: Leftovers\n|upkeep\n|\n|t:|1781425530\n|switch|p1a: Eelektross|Eelektross, L87, F|250/290\n|turn|21\n|\n|t:|1781425535\n|move|p2a: Lunala|Psyshock|p1a: Eelektross\n|-damage|p1a: Eelektross|1/290\n|move|p1a: Eelektross|Discharge|p2a: Lunala\n|-damage|p2a: Lunala|293/308\n|\n|-heal|p2a: Lunala|308/308|[from] item: Leftovers\n|upkeep\n|turn|22\n|\n|t:|1781425541\n|move|p2a: Lunala|Psyshock|p1a: Eelektross\n|-damage|p1a: Eelektross|0 fnt\n|faint|p1a: Eelektross\n|\n|upkeep\n|-message|Exenaphiel forfeited.\n|\n|win|yuwan23221\n", "inputlog": ">version a8376a258c1d4662feba110a92103f3664a72141\n>start {\"formatid\":\"gen9randombattle\",\"seed\":\"sodium,41ed913386f79ec714a0a02ec104cb41\",\"rated\":\"Rated battle\"}\n>player p1 {\"name\":\"Exenaphiel\",\"avatar\":\"beni-ninja\",\"rating\":2003,\"seed\":\"sodium,8802e2e5db69bf7a89a7a550213894e2\"}\n>player p2 {\"name\":\"yuwan23221\",\"avatar\":\"170\",\"rating\":2094,\"seed\":\"sodium,1a835fec5335b160de8fa2bc914c13eb\"}\n>p1 switch 3\n>p2 move toxicspikes\n>p1 move defog\n>p2 move knockoff\n>p1 move knockoff\n>p2 move toxicspikes\n>p1 move defog\n>p2 switch 4\n>p1 move knockoff\n>p2 move uturn\n>p2 switch 5\n>p1 switch 4\n>p2 move hurricane\n>p1 move uturn\n>p2 switch 4\n>p1 switch 4\n>p2 switch 5\n>p1 move knockoff\n>p2 move psychicnoise\n>p1 switch 6\n>p2 move psychicnoise\n>p1 move megahorn\n>p2 move uturn\n>p2 switch 6\n>p1 switch 6\n>p2 move headsmash\n>p1 switch 3\n>p1 move dragondance\n>p2 move headsmash\n>p1 switch 2\n>p1 move calmmind terastallize\n>p2 switch 6\n>p1 move dracometeor\n>p2 move yawn\n>p2 switch 2\n>p1 move calmmind\n>p2 move calmmind\n>p1 move calmmind\n>p2 move calmmind terastallize\n>p1 move dracometeor\n>p2 move calmmind\n>p1 switch 6\n>p2 move calmmind\n>p1 move megahorn\n>p2 move psyshock\n>p1 move thunderwave\n>p2 move psyshock\n>p1 switch 4\n>p1 move discharge\n>p2 move psyshock\n>p1 move discharge\n>p2 move psyshock\n>forcelose p1", "uploadtime": 1781425211, "views": 4, "formatid": "gen9randombattle", "rating": null, "private": 0, "password": null}