{"id": "gen9randombattle-2631527965", "format": "[Gen 9] Random Battle", "players": ["OGKUSHONDECK", "Z10101"], "log": "|j|\u2606OGKUSHONDECK\n|j|\u2606Z10101\n|t:|1781396915\n|gametype|singles\n|player|p1|OGKUSHONDECK|biker-gen1rb|2047\n|player|p2|Z10101|266|2077\n|gen|9\n|tier|[Gen 9] Random Battle\n|rated|\n|rule|Species Clause: Limit one of each Pok\u00e9mon\n|rule|HP Percentage Mod: HP is shown in percentages\n|rule|Sleep Clause Mod: Limit one foe put to sleep\n|rule|Illusion Level Mod: Illusion disguises the Pok\u00e9mon's true level\n|\n|t:|1781396915\n|teamsize|p1|6\n|teamsize|p2|6\n|start\n|switch|p1a: Kyurem|Kyurem-Black, L71|295/295\n|switch|p2a: Sunflora|Sunflora, M|312/312\n|-ability|p1a: Kyurem|Teravolt\n|turn|1\n|inactive|Battle timer is ON: inactive players will automatically lose when time's up. (requested by OGKUSHONDECK)\n|\n|t:|1781396933\n|switch|p1a: Vikavolt|Vikavolt, L83, F|263/263\n|move|p2a: Sunflora|Dazzling Gleam|p1a: Vikavolt\n|-damage|p1a: Vikavolt|124/263\n|\n|upkeep\n|turn|2\n|\n|t:|1781396951\n|switch|p1a: Venusaur|Venusaur, L84, M|272/272\n|move|p2a: Sunflora|Dazzling Gleam|p1a: Venusaur\n|-resisted|p1a: Venusaur\n|-damage|p1a: Venusaur|216/272\n|\n|-heal|p1a: Venusaur|233/272|[from] item: Leftovers\n|upkeep\n|turn|3\n|\n|t:|1781396974\n|switch|p2a: Altaria|Altaria, L89, M|278/278\n|move|p1a: Venusaur|Substitute|p1a: Venusaur\n|-start|p1a: Venusaur|Substitute\n|-damage|p1a: Venusaur|165/272\n|\n|-heal|p1a: Venusaur|182/272|[from] item: Leftovers\n|upkeep\n|turn|4\n|\n|t:|1781396987\n|move|p2a: Altaria|Brave Bird|p1a: Venusaur\n|-supereffective|p1a: Venusaur\n|-end|p1a: Venusaur|Substitute\n|-damage|p2a: Altaria|256/278|[from] Recoil|[of] p1a: Venusaur\n|move|p1a: Venusaur|Leech Seed|p2a: Altaria\n|-start|p2a: Altaria|move: Leech Seed\n|\n|-heal|p1a: Venusaur|199/272|[from] item: Leftovers\n|-damage|p2a: Altaria|222/278|[from] Leech Seed|[of] p1a: Venusaur\n|-heal|p1a: Venusaur|233/272|[silent]\n|upkeep\n|turn|5\n|inactive|OGKUSHONDECK has 120 seconds left.\n|\n|t:|1781397019\n|switch|p1a: Kyurem|Kyurem-Black, L71|295/295\n|-ability|p1a: Kyurem|Teravolt\n|move|p2a: Altaria|Brave Bird|p1a: Kyurem\n|-damage|p1a: Kyurem|186/295\n|-damage|p2a: Altaria|186/278|[from] Recoil\n|\n|-damage|p2a: Altaria|152/278|[from] Leech Seed|[of] p1a: Kyurem\n|-heal|p1a: Kyurem|220/295|[silent]\n|upkeep\n|turn|6\n|\n|t:|1781397030\n|switch|p2a: Mightyena|Mightyena, L96, F|290/290\n|-ability|p2a: Mightyena|Intimidate|boost\n|-unboost|p1a: Kyurem|atk|1\n|move|p1a: Kyurem|Dragon Dance|p1a: Kyurem\n|-boost|p1a: Kyurem|atk|1\n|-boost|p1a: Kyurem|spe|1\n|\n|upkeep\n|turn|7\n|\n|t:|1781397042\n|switch|p1a: Muk|Muk-Alola, L82, F|306/306\n|move|p2a: Mightyena|Play Rough|p1a: Muk|[miss]\n|-miss|p2a: Mightyena|p1a: Muk\n|\n|upkeep\n|turn|8\n|\n|t:|1781397049\n|switch|p2a: Baxcalibur|Baxcalibur, L75, M|296/296\n|move|p1a: Muk|Drain Punch|p2a: Baxcalibur\n|-supereffective|p2a: Baxcalibur\n|-damage|p2a: Baxcalibur|178/296\n|\n|upkeep\n|turn|9\n|\n|t:|1781397059\n|move|p2a: Baxcalibur|Dragon Dance|p2a: Baxcalibur\n|-boost|p2a: Baxcalibur|atk|1\n|-boost|p2a: Baxcalibur|spe|1\n|move|p1a: Muk|Knock Off|p2a: Baxcalibur\n|-damage|p2a: Baxcalibur|70/296\n|-enditem|p2a: Baxcalibur|Heavy-Duty Boots|[from] move: Knock Off|[of] p1a: Muk\n|\n|upkeep\n|turn|10\n|\n|t:|1781397069\n|move|p2a: Baxcalibur|Earthquake|p1a: Muk\n|-supereffective|p1a: Muk\n|-damage|p1a: Muk|12/306\n|move|p1a: Muk|Drain Punch|p2a: Baxcalibur\n|-supereffective|p2a: Baxcalibur\n|-damage|p2a: Baxcalibur|0 fnt\n|-heal|p1a: Muk|47/306|[from] drain|[of] p2a: Baxcalibur\n|faint|p2a: Baxcalibur\n|\n|upkeep\n|\n|t:|1781397076\n|switch|p2a: Altaria|Altaria, L89, M|152/278\n|turn|11\n|\n|t:|1781397083\n|move|p2a: Altaria|Brave Bird|p1a: Muk\n|-damage|p1a: Muk|0 fnt\n|faint|p1a: Muk\n|-damage|p2a: Altaria|136/278|[from] Recoil\n|\n|upkeep\n|\n|t:|1781397109\n|switch|p1a: Kyurem|Kyurem-Black, L71|220/295\n|-ability|p1a: Kyurem|Teravolt\n|turn|12\n|inactive|Z10101 has 120 seconds left.\n|\n|t:|1781397157\n|switch|p2a: Sunflora|Sunflora, M|312/312\n|move|p1a: Kyurem|Icicle Spear|p2a: Sunflora\n|-supereffective|p2a: Sunflora\n|-damage|p2a: Sunflora|234/312\n|-supereffective|p2a: Sunflora\n|-damage|p2a: Sunflora|160/312\n|-supereffective|p2a: Sunflora\n|-damage|p2a: Sunflora|88/312\n|-supereffective|p2a: Sunflora\n|-damage|p2a: Sunflora|16/312\n|-supereffective|p2a: Sunflora\n|-damage|p2a: Sunflora|0 fnt\n|faint|p2a: Sunflora\n|-hitcount|p2: Sunflora|5\n|\n|upkeep\n|\n|t:|1781397161\n|switch|p2a: Mightyena|Mightyena, L96, F|290/290\n|-ability|p2a: Mightyena|Intimidate|boost\n|-unboost|p1a: Kyurem|atk|1\n|turn|13\n|\n|t:|1781397175\n|switch|p1a: Venusaur|Venusaur, L84, M|233/272\n|move|p2a: Mightyena|Play Rough|p1a: Venusaur\n|-resisted|p1a: Venusaur\n|-crit|p1a: Venusaur\n|-damage|p1a: Venusaur|149/272\n|\n|-heal|p1a: Venusaur|166/272|[from] item: Leftovers\n|upkeep\n|turn|14\n|\n|t:|1781397182\n|switch|p2a: Altaria|Altaria, L89, M|136/278\n|move|p1a: Venusaur|Sleep Powder|p2a: Altaria\n|-status|p2a: Altaria|slp|[from] move: Sleep Powder\n|\n|-heal|p1a: Venusaur|183/272|[from] item: Leftovers\n|upkeep\n|turn|15\n|\n|t:|1781397187\n|-curestatus|p2a: Altaria|slp|[from] ability: Natural Cure|[silent]\n|switch|p2a: Mightyena|Mightyena, L96, F|290/290\n|-ability|p2a: Mightyena|Intimidate|boost\n|-unboost|p1a: Venusaur|atk|1\n|move|p1a: Venusaur|Leech Seed|p2a: Mightyena|[miss]\n|-miss|p1a: Venusaur|p2a: Mightyena\n|\n|-heal|p1a: Venusaur|200/272|[from] item: Leftovers\n|upkeep\n|turn|16\n|\n|t:|1781397205\n|switch|p1a: Vikavolt|Vikavolt, L83, F|124/263\n|move|p2a: Mightyena|Crunch|p1a: Vikavolt\n|-damage|p1a: Vikavolt|0 fnt\n|faint|p1a: Vikavolt\n|\n|upkeep\n|\n|t:|1781397222\n|switch|p1a: Bellossom|Bellossom, L84, M|263/263\n|turn|17\n|\n|t:|1781397238\n|switch|p2a: Scyther|Scyther, L82, F|249/249\n|move|p1a: Bellossom|Quiver Dance|p1a: Bellossom\n|-boost|p1a: Bellossom|spa|1\n|-boost|p1a: Bellossom|spd|1\n|-boost|p1a: Bellossom|spe|1\n|\n|upkeep\n|turn|18\n|inactive|OGKUSHONDECK has 120 seconds left.\n|\n|t:|1781397259\n|-terastallize|p1a: Bellossom|Fairy\n|move|p2a: Scyther|Dual Wingbeat|p1a: Bellossom\n|-damage|p1a: Bellossom|197/263\n|-damage|p1a: Bellossom|131/263\n|-hitcount|p1a: Bellossom|2\n|move|p1a: Bellossom|Quiver Dance|p1a: Bellossom\n|-boost|p1a: Bellossom|spa|1\n|-boost|p1a: Bellossom|spd|1\n|-boost|p1a: Bellossom|spe|1\n|\n|-heal|p1a: Bellossom|147/263|[from] item: Leftovers\n|upkeep\n|turn|19\n|\n|t:|1781397269\n|move|p1a: Bellossom|Moonblast|p2a: Scyther\n|-damage|p2a: Scyther|59/249\n|move|p2a: Scyther|Dual Wingbeat|p1a: Bellossom\n|-damage|p1a: Bellossom|84/263\n|-damage|p1a: Bellossom|15/263\n|-hitcount|p1a: Bellossom|2\n|\n|-heal|p1a: Bellossom|31/263|[from] item: Leftovers\n|upkeep\n|turn|20\n|\n|t:|1781397277\n|move|p1a: Bellossom|Strength Sap|p2a: Scyther\n|-unboost|p2a: Scyther|atk|1\n|-heal|p1a: Bellossom|259/263\n|move|p2a: Scyther|Dual Wingbeat|p1a: Bellossom|[miss]\n|-miss|p2a: Scyther|p1a: Bellossom\n|\n|-heal|p1a: Bellossom|263/263|[from] item: Leftovers\n|upkeep\n|turn|21\n|\n|t:|1781397288\n|move|p1a: Bellossom|Moonblast|p2a: Scyther\n|-damage|p2a: Scyther|0 fnt\n|faint|p2a: Scyther\n|\n|upkeep\n|\n|t:|1781397295\n|switch|p2a: Mightyena|Mightyena, L96, F|290/290\n|-ability|p2a: Mightyena|Intimidate|boost\n|-unboost|p1a: Bellossom|atk|1\n|turn|22\n|\n|t:|1781397305\n|-terastallize|p2a: Mightyena|Fairy\n|move|p1a: Bellossom|Moonblast|p2a: Mightyena\n|-damage|p2a: Mightyena|74/290\n|move|p2a: Mightyena|Poison Fang|p1a: Bellossom\n|-supereffective|p1a: Bellossom\n|-damage|p1a: Bellossom|131/263\n|\n|-heal|p1a: Bellossom|147/263|[from] item: Leftovers\n|upkeep\n|turn|23\n|\n|t:|1781397315\n|move|p1a: Bellossom|Giga Drain|p2a: Mightyena\n|-damage|p2a: Mightyena|0 fnt\n|-heal|p1a: Bellossom|184/263|[from] drain|[of] p2a: Mightyena\n|faint|p2a: Mightyena\n|\n|-heal|p1a: Bellossom|200/263|[from] item: Leftovers\n|upkeep\n|\n|t:|1781397322\n|switch|p2a: Slowbro|Slowbro, L85, F|300/300\n|turn|24\n|\n|t:|1781397325\n|move|p1a: Bellossom|Giga Drain|p2a: Slowbro\n|-supereffective|p2a: Slowbro\n|-crit|p2a: Slowbro\n|-damage|p2a: Slowbro|0 fnt\n|-heal|p1a: Bellossom|263/263|[from] drain|[of] p2a: Slowbro\n|faint|p2a: Slowbro\n|\n|upkeep\n|l|\u2606Z10101\n|inactive|Z10101 disconnected and has a minute to reconnect!\n|player|p2|\n|inactive|Z10101 has 30 seconds to reconnect!\n|inactive|Z10101 has 20 seconds to reconnect!\n|inactive|Z10101 has 15 seconds to reconnect!\n|inactive|Z10101 has 10 seconds to reconnect!\n|inactive|Z10101 has 5 seconds to reconnect!\n|-message|Z10101 lost due to inactivity.\n|\n|win|OGKUSHONDECK\n", "inputlog": ">version a8376a258c1d4662feba110a92103f3664a72141\n>start {\"formatid\":\"gen9randombattle\",\"seed\":\"sodium,db18d79d218b65fa2c1eb055a5094f64\",\"rated\":\"Rated battle\"}\n>player p1 {\"name\":\"OGKUSHONDECK\",\"avatar\":\"biker-gen1rb\",\"rating\":2047,\"seed\":\"sodium,fa855057c1441edd89f784e963ee0a07\"}\n>player p2 {\"name\":\"Z10101\",\"avatar\":\"266\",\"rating\":2077,\"seed\":\"sodium,032227ab75c6a65f67471586d7cbccb8\"}\n>p1 switch 2\n>p2 move dazzlinggleam\n>p1 switch 5\n>p2 move dazzlinggleam\n>p1 move substitute\n>p2 switch 3\n>p1 move leechseed\n>p2 move bravebird\n>p1 switch 2\n>p2 move bravebird\n>p1 move dragondance\n>p2 switch 5\n>p1 switch 3\n>p2 move playrough\n>p1 move drainpunch\n>p2 switch 6\n>p1 move knockoff\n>p2 move dragondance\n>p1 move drainpunch\n>p2 move earthquake\n>p2 switch 5\n>p1 move poisonjab\n>p2 move bravebird\n>p1 switch 3\n>p1 move iciclespear\n>p2 switch 3\n>p2 switch 6\n>p1 switch 2\n>p2 move playrough\n>p1 move sleeppowder\n>p2 switch 3\n>p1 move leechseed\n>p2 switch 3\n>p1 switch 5\n>p2 move crunch\n>p1 switch 4\n>p1 move quiverdance\n>p2 switch 2\n>p1 move quiverdance terastallize\n>p2 move dualwingbeat\n>p1 move moonblast\n>p2 move dualwingbeat\n>p1 move strengthsap\n>p2 move dualwingbeat\n>p1 move moonblast\n>p2 move dualwingbeat\n>p2 switch 2\n>p1 move moonblast\n>p2 move poisonfang terastallize\n>p1 move gigadrain\n>p2 move poisonfang\n>p2 switch 4\n>p1 move gigadrain\n>p2 move psyshock\n>forcelose p2", "uploadtime": 1781396918, "views": 4, "formatid": "gen9randombattle", "rating": null, "private": 0, "password": null}