{"id": "gen9randombattle-2631425087", "format": "[Gen 9] Random Battle", "players": ["whisperwyrm", "II Armando II"], "log": "|j|\u2606whisperwyrm\n|j|\u2606II Armando II\n|t:|1781383061\n|gametype|singles\n|player|p1|whisperwyrm|2|2087\n|player|p2|II Armando II|hilbert|2153\n|gen|9\n|tier|[Gen 9] Random Battle\n|rated|\n|rule|Species Clause: Limit one of each Pok\u00e9mon\n|rule|HP Percentage Mod: HP is shown in percentages\n|rule|Sleep Clause Mod: Limit one foe put to sleep\n|rule|Illusion Level Mod: Illusion disguises the Pok\u00e9mon's true level\n|\n|t:|1781383061\n|teamsize|p1|6\n|teamsize|p2|6\n|start\n|switch|p1a: Jolteon|Jolteon, L84, M|246/246\n|switch|p2a: Glimmora|Glimmora, L75, F|248/248\n|turn|1\n|inactive|Battle timer is ON: inactive players will automatically lose when time's up. (requested by whisperwyrm)\n|inactive|II Armando II has 120 seconds left.\n|inactive|II Armando II has 90 seconds left.\n|\n|t:|1781383129\n|move|p1a: Jolteon|Calm Mind|p1a: Jolteon\n|-boost|p1a: Jolteon|spa|1\n|-boost|p1a: Jolteon|spd|1\n|move|p2a: Glimmora|Meteor Beam||[still]\n|-prepare|p2a: Glimmora|Meteor Beam\n|-boost|p2a: Glimmora|spa|1\n|-enditem|p2a: Glimmora|Power Herb\n|-anim|p2a: Glimmora|Meteor Beam|p1a: Jolteon\n|-damage|p1a: Jolteon|117/246\n|\n|-heal|p1a: Jolteon|132/246|[from] item: Leftovers\n|upkeep\n|turn|2\n|\n|t:|1781383137\n|move|p1a: Jolteon|Thunderbolt|p2a: Glimmora\n|-damage|p2a: Glimmora|67/248\n|move|p2a: Glimmora|Earth Power|p1a: Jolteon\n|-supereffective|p1a: Jolteon\n|-damage|p1a: Jolteon|0 fnt\n|faint|p1a: Jolteon\n|\n|upkeep\n|\n|t:|1781383154\n|switch|p1a: Rotom|Rotom-Heat, L83|219/219\n|turn|3\n|\n|t:|1781383164\n|move|p1a: Rotom|Thunderbolt|p2a: Glimmora\n|-damage|p2a: Glimmora|0 fnt\n|faint|p2a: Glimmora\n|\n|upkeep\n|\n|t:|1781383178\n|switch|p2a: Wugtrio|Wugtrio, L91, F|212/212\n|turn|4\n|\n|t:|1781383205\n|-terastallize|p1a: Rotom|Steel\n|move|p2a: Wugtrio|Liquidation|p1a: Rotom\n|-damage|p1a: Rotom|74/219\n|move|p1a: Rotom|Thunderbolt|p2a: Wugtrio\n|-supereffective|p2a: Wugtrio\n|-damage|p2a: Wugtrio|0 fnt\n|faint|p2a: Wugtrio\n|\n|upkeep\n|\n|t:|1781383218\n|switch|p2a: Flamigo|Flamigo, L82, F|269/269\n|turn|5\n|\n|t:|1781383227\n|switch|p1a: Gothitelle|Gothitelle, L90, F|272/272\n|move|p2a: Flamigo|Close Combat|p1a: Gothitelle\n|-resisted|p1a: Gothitelle\n|-damage|p1a: Gothitelle|197/272\n|-unboost|p2a: Flamigo|def|1\n|-unboost|p2a: Flamigo|spd|1\n|-damage|p2a: Flamigo|243/269|[from] item: Life Orb\n|\n|-heal|p1a: Gothitelle|214/272|[from] item: Leftovers\n|upkeep\n|turn|6\n|\n|t:|1781383234\n|move|p2a: Flamigo|Brave Bird|p1a: Gothitelle\n|-damage|p1a: Gothitelle|46/272\n|-damage|p2a: Flamigo|188/269|[from] Recoil\n|-damage|p2a: Flamigo|162/269|[from] item: Life Orb\n|move|p1a: Gothitelle|Psychic Noise|p2a: Flamigo\n|-supereffective|p2a: Flamigo\n|-damage|p2a: Flamigo|0 fnt\n|faint|p2a: Flamigo\n|\n|-heal|p1a: Gothitelle|63/272|[from] item: Leftovers\n|upkeep\n|\n|t:|1781383240\n|switch|p2a: Masquerain|Masquerain, L87, F|264/264\n|-ability|p2a: Masquerain|Intimidate|boost\n|-unboost|p1a: Gothitelle|atk|1\n|turn|7\n|\n|t:|1781383248\n|switch|p1a: Gliscor|Gliscor, L76, F|239/239\n|move|p2a: Masquerain|U-turn|p1a: Gliscor\n|-resisted|p1a: Gliscor\n|-damage|p1a: Gliscor|217/239\n|\n|t:|1781383251\n|switch|p2a: Wyrdeer|Wyrdeer, L87, F|321/321|[from] U-turn\n|-ability|p2a: Wyrdeer|Intimidate|boost\n|-unboost|p1a: Gliscor|atk|1\n|\n|-status|p1a: Gliscor|tox|[from] item: Toxic Orb\n|upkeep\n|turn|8\n|\n|t:|1781383257\n|move|p1a: Gliscor|Toxic|p2a: Wyrdeer\n|-status|p2a: Wyrdeer|tox\n|move|p2a: Wyrdeer|Psychic Noise|p1a: Gliscor\n|-damage|p1a: Gliscor|114/239 tox\n|-start|p1a: Gliscor|move: Heal Block\n|\n|-damage|p2a: Wyrdeer|301/321 tox|[from] psn\n|upkeep\n|turn|9\n|\n|t:|1781383263\n|switch|p1a: Gothitelle|Gothitelle, L90, F|63/272\n|move|p2a: Wyrdeer|Psychic Noise|p1a: Gothitelle\n|-resisted|p1a: Gothitelle\n|-damage|p1a: Gothitelle|27/272\n|-start|p1a: Gothitelle|move: Heal Block\n|\n|-heal|p2a: Wyrdeer|321/321 tox|[from] item: Leftovers\n|-damage|p2a: Wyrdeer|281/321 tox|[from] psn\n|upkeep\n|turn|10\n|\n|t:|1781383267\n|move|p1a: Gothitelle|Dark Pulse|p2a: Wyrdeer\n|-supereffective|p2a: Wyrdeer\n|-damage|p2a: Wyrdeer|149/321 tox\n|cant|p2a: Wyrdeer|flinch\n|\n|-heal|p2a: Wyrdeer|169/321 tox|[from] item: Leftovers\n|-damage|p2a: Wyrdeer|109/321 tox|[from] psn\n|-end|p1a: Gothitelle|move: Heal Block\n|upkeep\n|turn|11\n|\n|t:|1781383278\n|move|p1a: Gothitelle|Calm Mind|p1a: Gothitelle\n|-boost|p1a: Gothitelle|spa|1\n|-boost|p1a: Gothitelle|spd|1\n|move|p2a: Wyrdeer|Body Slam|p1a: Gothitelle\n|-damage|p1a: Gothitelle|0 fnt\n|faint|p1a: Gothitelle\n|\n|-heal|p2a: Wyrdeer|129/321 tox|[from] item: Leftovers\n|-damage|p2a: Wyrdeer|49/321 tox|[from] psn\n|upkeep\n|\n|t:|1781383282\n|switch|p1a: Gliscor|Gliscor, L76, F|114/239 tox\n|turn|12\n|\n|t:|1781383292\n|move|p1a: Gliscor|Earthquake|p2a: Wyrdeer\n|-damage|p2a: Wyrdeer|0 fnt\n|faint|p2a: Wyrdeer\n|\n|-heal|p1a: Gliscor|143/239 tox|[from] ability: Poison Heal\n|upkeep\n|\n|t:|1781383294\n|switch|p2a: Masquerain|Masquerain, L87, F|264/264\n|-ability|p2a: Masquerain|Intimidate|boost\n|-unboost|p1a: Gliscor|atk|1\n|turn|13\n|\n|t:|1781383298\n|move|p2a: Masquerain|Sticky Web|p1a: Gliscor\n|-sidestart|p1: whisperwyrm|move: Sticky Web\n|move|p1a: Gliscor|Toxic|p2a: Masquerain\n|-status|p2a: Masquerain|tox\n|\n|-damage|p2a: Masquerain|248/264 tox|[from] psn\n|-heal|p1a: Gliscor|172/239 tox|[from] ability: Poison Heal\n|upkeep\n|turn|14\n|\n|t:|1781383302\n|move|p2a: Masquerain|Hurricane|p1a: Gliscor|[miss]\n|-miss|p2a: Masquerain|p1a: Gliscor\n|move|p1a: Gliscor|Substitute|p1a: Gliscor\n|-start|p1a: Gliscor|Substitute\n|-damage|p1a: Gliscor|113/239 tox\n|\n|-damage|p2a: Masquerain|216/264 tox|[from] psn\n|-heal|p1a: Gliscor|142/239 tox|[from] ability: Poison Heal\n|upkeep\n|turn|15\n|\n|t:|1781383306\n|move|p1a: Gliscor|Protect|p1a: Gliscor\n|-singleturn|p1a: Gliscor|Protect\n|move|p2a: Masquerain|Hurricane|p1a: Gliscor\n|-activate|p1a: Gliscor|move: Protect\n|\n|-damage|p2a: Masquerain|168/264 tox|[from] psn\n|-heal|p1a: Gliscor|171/239 tox|[from] ability: Poison Heal\n|upkeep\n|turn|16\n|\n|t:|1781383314\n|move|p2a: Masquerain|Hurricane|p1a: Gliscor\n|-end|p1a: Gliscor|Substitute\n|move|p1a: Gliscor|Substitute|p1a: Gliscor\n|-start|p1a: Gliscor|Substitute\n|-damage|p1a: Gliscor|112/239 tox\n|\n|-damage|p2a: Masquerain|104/264 tox|[from] psn\n|-heal|p1a: Gliscor|141/239 tox|[from] ability: Poison Heal\n|upkeep\n|turn|17\n|\n|t:|1781383317\n|move|p1a: Gliscor|Protect|p1a: Gliscor\n|-singleturn|p1a: Gliscor|Protect\n|move|p2a: Masquerain|Hurricane|p1a: Gliscor\n|-activate|p1a: Gliscor|move: Protect\n|\n|-damage|p2a: Masquerain|24/264 tox|[from] psn\n|-heal|p1a: Gliscor|170/239 tox|[from] ability: Poison Heal\n|upkeep\n|turn|18\n|\n|t:|1781383325\n|move|p2a: Masquerain|Hurricane|p1a: Gliscor\n|-end|p1a: Gliscor|Substitute\n|move|p1a: Gliscor|Substitute|p1a: Gliscor\n|-start|p1a: Gliscor|Substitute\n|-damage|p1a: Gliscor|111/239 tox\n|\n|-damage|p2a: Masquerain|0 fnt|[from] psn\n|faint|p2a: Masquerain\n|-heal|p1a: Gliscor|140/239 tox|[from] ability: Poison Heal\n|upkeep\n|\n|t:|1781383328\n|switch|p2a: Armarouge|Armarouge, L80, F|267/267\n|turn|19\n|\n|t:|1781383334\n|move|p1a: Gliscor|Toxic|p2a: Armarouge\n|-status|p2a: Armarouge|tox\n|move|p2a: Armarouge|Meteor Beam||[still]\n|-prepare|p2a: Armarouge|Meteor Beam\n|-boost|p2a: Armarouge|spa|1\n|-enditem|p2a: Armarouge|Power Herb\n|-anim|p2a: Armarouge|Meteor Beam|p1a: Gliscor\n|-end|p1a: Gliscor|Substitute\n|\n|-heal|p1a: Gliscor|169/239 tox|[from] ability: Poison Heal\n|-damage|p2a: Armarouge|251/267 tox|[from] psn\n|upkeep\n|turn|20\n|\n|t:|1781383340\n|move|p1a: Gliscor|Substitute|p1a: Gliscor\n|-start|p1a: Gliscor|Substitute\n|-damage|p1a: Gliscor|110/239 tox\n|move|p2a: Armarouge|Armor Cannon|p1a: Gliscor\n|-end|p1a: Gliscor|Substitute\n|-unboost|p2a: Armarouge|def|1\n|-unboost|p2a: Armarouge|spd|1\n|\n|-heal|p1a: Gliscor|139/239 tox|[from] ability: Poison Heal\n|-damage|p2a: Armarouge|219/267 tox|[from] psn\n|upkeep\n|turn|21\n|-message|II Armando II forfeited.\n|\n|win|whisperwyrm\n", "uploadtime": 1781383063, "views": 9, "formatid": "gen9randombattle", "rating": null, "private": 0, "password": null}