{"id": "gen9randombattle-2631392706", "format": "[Gen 9] Random Battle", "players": ["luxio249", "unnamed.exe"], "log": "|j|\u2606luxio249\n|j|\u2606unnamed.exe\n|t:|1781379260\n|gametype|singles\n|player|p1|luxio249|rocketgruntf|1932\n|player|p2|unnamed.exe|pokemonrangerf-gen4|1911\n|gen|9\n|tier|[Gen 9] Random Battle\n|rated|\n|rule|Species Clause: Limit one of each Pok\u00e9mon\n|rule|HP Percentage Mod: HP is shown in percentages\n|rule|Sleep Clause Mod: Limit one foe put to sleep\n|rule|Illusion Level Mod: Illusion disguises the Pok\u00e9mon's true level\n|\n|t:|1781379260\n|teamsize|p1|6\n|teamsize|p2|6\n|start\n|switch|p1a: Probopass|Probopass, L91, M|257/257\n|switch|p2a: Dragapult|Dragapult, L77, M|262/262\n|turn|1\n|inactive|Battle timer is ON: inactive players will automatically lose when time's up. (requested by luxio249)\n|inactive|unnamed.exe has 120 seconds left.\n|\n|t:|1781379293\n|move|p2a: Dragapult|U-turn|p1a: Probopass\n|-resisted|p1a: Probopass\n|-damage|p1a: Probopass|242/257\n|\n|t:|1781379297\n|switch|p2a: Qwilfish|Qwilfish, L86, M|252/252|[from] U-turn\n|-ability|p2a: Qwilfish|Intimidate|boost\n|-unboost|p1a: Probopass|atk|1\n|move|p1a: Probopass|Iron Defense|p1a: Probopass\n|-boost|p1a: Probopass|def|2\n|\n|-heal|p1a: Probopass|257/257|[from] item: Leftovers\n|upkeep\n|turn|2\n|\n|t:|1781379307\n|move|p2a: Qwilfish|Thunder Wave|p1a: Probopass\n|-status|p1a: Probopass|par\n|move|p1a: Probopass|Iron Defense|p1a: Probopass\n|-boost|p1a: Probopass|def|2\n|\n|upkeep\n|turn|3\n|\n|t:|1781379328\n|move|p2a: Qwilfish|Waterfall|p1a: Probopass\n|-supereffective|p1a: Probopass\n|-damage|p1a: Probopass|221/257 par\n|move|p1a: Probopass|Power Gem|p2a: Qwilfish\n|-damage|p2a: Qwilfish|150/252\n|\n|-heal|p2a: Qwilfish|165/252|[from] item: Leftovers\n|-heal|p1a: Probopass|237/257 par|[from] item: Leftovers\n|upkeep\n|turn|4\n|\n|t:|1781379337\n|move|p2a: Qwilfish|Waterfall|p1a: Probopass\n|-supereffective|p1a: Probopass\n|-damage|p1a: Probopass|201/257 par\n|cant|p1a: Probopass|par\n|\n|-heal|p2a: Qwilfish|180/252|[from] item: Leftovers\n|-heal|p1a: Probopass|217/257 par|[from] item: Leftovers\n|upkeep\n|turn|5\n|inactive|luxio249 has 120 seconds left.\n|\n|t:|1781379373\n|move|p2a: Qwilfish|Waterfall|p1a: Probopass\n|-supereffective|p1a: Probopass\n|-damage|p1a: Probopass|179/257 par\n|move|p1a: Probopass|Body Press|p2a: Qwilfish\n|-resisted|p2a: Qwilfish\n|-damage|p2a: Qwilfish|38/252\n|\n|-heal|p2a: Qwilfish|53/252|[from] item: Leftovers\n|-heal|p1a: Probopass|195/257 par|[from] item: Leftovers\n|upkeep\n|turn|6\n|inactive|luxio249 has 120 seconds left.\n|\n|t:|1781379387\n|move|p2a: Qwilfish|Destiny Bond|p2a: Qwilfish\n|-singlemove|p2a: Qwilfish|Destiny Bond\n|cant|p1a: Probopass|par\n|\n|-heal|p2a: Qwilfish|68/252|[from] item: Leftovers\n|-heal|p1a: Probopass|211/257 par|[from] item: Leftovers\n|upkeep\n|turn|7\n|inactive|luxio249 has 120 seconds left.\n|\n|t:|1781379398\n|move|p2a: Qwilfish|Destiny Bond||[still]\n|-fail|p2a: Qwilfish\n|move|p1a: Probopass|Iron Defense|p1a: Probopass\n|-boost|p1a: Probopass|def|2\n|\n|-heal|p2a: Qwilfish|83/252|[from] item: Leftovers\n|-heal|p1a: Probopass|227/257 par|[from] item: Leftovers\n|upkeep\n|turn|8\n|inactive|luxio249 has 120 seconds left.\n|\n|t:|1781379409\n|move|p2a: Qwilfish|Destiny Bond|p2a: Qwilfish\n|-singlemove|p2a: Qwilfish|Destiny Bond\n|cant|p1a: Probopass|par\n|\n|-heal|p2a: Qwilfish|98/252|[from] item: Leftovers\n|-heal|p1a: Probopass|243/257 par|[from] item: Leftovers\n|upkeep\n|turn|9\n|inactive|luxio249 has 120 seconds left.\n|\n|t:|1781379417\n|move|p2a: Qwilfish|Waterfall|p1a: Probopass\n|-supereffective|p1a: Probopass\n|-damage|p1a: Probopass|213/257 par\n|move|p1a: Probopass|Body Press|p2a: Qwilfish\n|-resisted|p2a: Qwilfish\n|-damage|p2a: Qwilfish|0 fnt\n|faint|p2a: Qwilfish\n|\n|-heal|p1a: Probopass|229/257 par|[from] item: Leftovers\n|upkeep\n|\n|t:|1781379420\n|switch|p2a: Moltres|Moltres, L81|278/278\n|turn|10\n|inactive|luxio249 has 120 seconds left.\n|\n|t:|1781379440\n|-terastallize|p2a: Moltres|Ground\n|move|p2a: Moltres|Scorching Sands|p1a: Probopass\n|-supereffective|p1a: Probopass\n|-damage|p1a: Probopass|25/257 par\n|move|p1a: Probopass|Body Press|p2a: Moltres\n|-damage|p2a: Moltres|0 fnt\n|faint|p2a: Moltres\n|\n|-heal|p1a: Probopass|41/257 par|[from] item: Leftovers\n|upkeep\n|\n|t:|1781379452\n|switch|p2a: Espathra|Espathra, L80, F|283/283\n|turn|11\n|\n|t:|1781379462\n|move|p2a: Espathra|Shadow Ball|p1a: Probopass\n|-damage|p1a: Probopass|0 fnt\n|faint|p1a: Probopass\n|\n|-ability|p2a: Espathra|Speed Boost|boost\n|-boost|p2a: Espathra|spe|1\n|upkeep\n|\n|t:|1781379471\n|switch|p1a: Copperajah|Copperajah, L86, F|349/349\n|turn|12\n|\n|t:|1781379486\n|move|p2a: Espathra|Shadow Ball|p1a: Copperajah\n|-damage|p1a: Copperajah|260/349\n|-unboost|p1a: Copperajah|spd|1\n|move|p1a: Copperajah|Heavy Slam|p2a: Espathra\n|-crit|p2a: Espathra\n|-damage|p2a: Espathra|0 fnt\n|faint|p2a: Espathra\n|\n|upkeep\n|\n|t:|1781379496\n|switch|p2a: Dragapult|Dragapult, L77, M|262/262\n|turn|13\n|\n|t:|1781379501\n|move|p2a: Dragapult|Fire Blast|p1a: Copperajah\n|-supereffective|p1a: Copperajah\n|-damage|p1a: Copperajah|0 fnt\n|faint|p1a: Copperajah\n|\n|upkeep\n|\n|t:|1781379508\n|switch|p1a: Reshiram|Reshiram, L76|277/277\n|-ability|p1a: Reshiram|Turboblaze\n|turn|14\n|\n|t:|1781379521\n|switch|p2a: Maushold|Maushold-Four, L76|238/238\n|move|p1a: Reshiram|Will-O-Wisp|p2a: Maushold\n|-status|p2a: Maushold|brn\n|\n|-damage|p2a: Maushold|224/238 brn|[from] brn\n|upkeep\n|turn|15\n|inactive|luxio249 has 120 seconds left.\n|\n|t:|1781379554\n|switch|p1a: Salamence|Salamence, L77, F|273/273\n|move|p2a: Maushold|Encore||[still]\n|-fail|p2a: Maushold\n|\n|-damage|p2a: Maushold|210/238 brn|[from] brn\n|upkeep\n|turn|16\n|inactive|luxio249 has 120 seconds left.\n|\n|t:|1781379565\n|move|p2a: Maushold|Tidy Up|p2a: Maushold\n|-boost|p2a: Maushold|atk|1\n|-boost|p2a: Maushold|spe|1\n|move|p1a: Salamence|Dragon Dance|p1a: Salamence\n|-boost|p1a: Salamence|atk|1\n|-boost|p1a: Salamence|spe|1\n|\n|-damage|p2a: Maushold|196/238 brn|[from] brn\n|upkeep\n|turn|17\n|inactive|luxio249 has 120 seconds left.\n|\n|t:|1781379577\n|move|p2a: Maushold|Encore|p1a: Salamence\n|-start|p1a: Salamence|Encore\n|move|p1a: Salamence|Dragon Dance|p1a: Salamence\n|-boost|p1a: Salamence|atk|1\n|-boost|p1a: Salamence|spe|1\n|\n|-damage|p2a: Maushold|182/238 brn|[from] brn\n|upkeep\n|turn|18\n|inactive|luxio249 has 120 seconds left.\n|\n|t:|1781379589\n|switch|p1a: Ditto|Ditto, L87|225/225\n|-transform|p1a: Ditto|p2a: Maushold|[from] ability: Imposter\n|move|p2a: Maushold|Population Bomb|p1a: Ditto\n|-damage|p1a: Ditto|205/225\n|-damage|p1a: Ditto|185/225\n|-damage|p1a: Ditto|161/225\n|-damage|p1a: Ditto|139/225\n|-damage|p1a: Ditto|118/225\n|-damage|p1a: Ditto|95/225\n|-damage|p1a: Ditto|71/225\n|-damage|p1a: Ditto|49/225\n|-damage|p1a: Ditto|28/225\n|-damage|p1a: Ditto|4/225\n|-hitcount|p1a: Ditto|10\n|\n|-damage|p2a: Maushold|168/238 brn|[from] brn\n|upkeep\n|turn|19\n|inactive|luxio249 has 120 seconds left.\n|\n|t:|1781379616\n|switch|p2a: Dragapult|Dragapult, L77, M|262/262\n|move|p1a: Ditto|Bite|p2a: Dragapult\n|-supereffective|p2a: Dragapult\n|-damage|p2a: Dragapult|86/262\n|\n|upkeep\n|turn|20\n|\n|t:|1781379625\n|move|p1a: Ditto|Bite|p2a: Dragapult\n|-supereffective|p2a: Dragapult\n|-damage|p2a: Dragapult|0 fnt\n|faint|p2a: Dragapult\n|\n|upkeep\n|\n|t:|1781379630\n|switch|p2a: Tropius|Tropius, L91, F|328/328\n|turn|21\n|inactive|luxio249 has 120 seconds left.\n|\n|t:|1781379635\n|switch|p1a: Reshiram|Reshiram, L76|277/277\n|-ability|p1a: Reshiram|Turboblaze\n|move|p2a: Tropius|Dragon Dance|p2a: Tropius\n|-boost|p2a: Tropius|atk|1\n|-boost|p2a: Tropius|spe|1\n|\n|upkeep\n|turn|22\n|inactive|luxio249 has 120 seconds left.\n|-message|unnamed.exe forfeited.\n|\n|win|luxio249\n", "inputlog": ">version a8376a258c1d4662feba110a92103f3664a72141\n>start {\"formatid\":\"gen9randombattle\",\"seed\":\"sodium,b32612698fe06ad83697ba3152c2ae88\",\"rated\":\"Rated battle\"}\n>player p1 {\"name\":\"luxio249\",\"avatar\":\"rocketgruntf\",\"rating\":1932,\"seed\":\"sodium,43284e7b85a13b132d540a0084c9b279\"}\n>player p2 {\"name\":\"unnamed.exe\",\"avatar\":\"pokemonrangerf-gen4\",\"rating\":1911,\"seed\":\"sodium,c1ec6e717120fa0638c949d79f5295d8\"}\n>p1 move irondefense\n>p2 move uturn\n>p2 switch 3\n>p1 move irondefense\n>p2 move thunderwave\n>p1 move powergem\n>p2 move waterfall\n>p1 move bodypress\n>p2 move waterfall\n>p1 move bodypress\n>p2 move waterfall\n>p1 move irondefense\n>p2 move destinybond\n>p1 move irondefense\n>p2 move destinybond\n>p1 move irondefense\n>p2 move destinybond\n>p1 move bodypress\n>p2 move waterfall\n>p2 switch 5\n>p1 move bodypress\n>p2 move scorchingsands terastallize\n>p2 switch 4\n>p1 move bodypress\n>p2 move shadowball\n>p1 switch 6\n>p1 move heavyslam\n>p2 move shadowball\n>p2 switch 3\n>p1 move heavyslam\n>p2 move fireblast\n>p1 switch 4\n>p1 move willowisp\n>p2 switch 2\n>p1 switch 3\n>p2 move encore\n>p1 move dragondance\n>p2 move tidyup\n>p1 move outrage\n>p2 move encore\n>p1 switch 2\n>p2 move populationbomb\n>p1 move bite\n>p2 switch 2\n>p1 move bite\n>p2 move uturn\n>p2 switch 6\n>p1 switch 3\n>p2 move dragondance\n>forcelose p2", "uploadtime": 1781379262, "views": 9, "formatid": "gen9randombattle", "rating": null, "private": 0, "password": null}