{"id": "gen9randombattle-2631905162", "format": "[Gen 9] Random Battle", "players": ["DEVILICEMIN", "thatdankcharizard"], "log": "|j|\u2606DEVILICEMIN\n|j|\u2606thatdankcharizard\n|t:|1781454110\n|gametype|singles\n|player|p1|DEVILICEMIN|265|2031\n|player|p2|thatdankcharizard|266|2054\n|gen|9\n|tier|[Gen 9] Random Battle\n|rated|\n|rule|Species Clause: Limit one of each Pok\u00e9mon\n|rule|HP Percentage Mod: HP is shown in percentages\n|rule|Sleep Clause Mod: Limit one foe put to sleep\n|rule|Illusion Level Mod: Illusion disguises the Pok\u00e9mon's true level\n|\n|t:|1781454110\n|teamsize|p1|6\n|teamsize|p2|6\n|start\n|switch|p1a: Zapdos|Zapdos-Galar, L77|265/265\n|switch|p2a: Noctowl|Noctowl, L95, F|344/344\n|turn|1\n|inactive|Battle timer is ON: inactive players will automatically lose when time's up. (requested by thatdankcharizard)\n|\n|t:|1781454117\n|move|p1a: Zapdos|U-turn|p2a: Noctowl\n|-resisted|p2a: Noctowl\n|-damage|p2a: Noctowl|313/344\n|\n|t:|1781454126\n|switch|p1a: Electivire|Electivire, L84, M|263/263|[from] U-turn\n|move|p2a: Noctowl|Hurricane|p1a: Electivire\n|-resisted|p1a: Electivire\n|-crit|p1a: Electivire\n|-damage|p1a: Electivire|47/263\n|-start|p1a: Electivire|confusion\n|\n|upkeep\n|turn|2\n|\n|t:|1781454136\n|-activate|p1a: Electivire|confusion\n|move|p1a: Electivire|Ice Punch|p2a: Noctowl\n|-supereffective|p2a: Noctowl\n|-damage|p2a: Noctowl|82/344\n|-damage|p1a: Electivire|21/263|[from] item: Life Orb\n|move|p2a: Noctowl|Hyper Voice|p1a: Electivire\n|-damage|p1a: Electivire|0 fnt\n|faint|p1a: Electivire\n|\n|upkeep\n|\n|t:|1781454141\n|switch|p1a: Zapdos|Zapdos-Galar, L77|265/265\n|turn|3\n|\n|t:|1781454146\n|switch|p2a: Oricorio|Oricorio-Sensu, L85, F|266/266\n|move|p1a: Zapdos|Brave Bird|p2a: Oricorio\n|-damage|p2a: Oricorio|104/266\n|-damage|p1a: Zapdos|212/265|[from] Recoil\n|\n|upkeep\n|turn|4\n|\n|t:|1781454157\n|move|p1a: Zapdos|Brave Bird|p2a: Oricorio\n|-damage|p2a: Oricorio|0 fnt\n|faint|p2a: Oricorio\n|-damage|p1a: Zapdos|178/265|[from] Recoil\n|\n|upkeep\n|\n|t:|1781454168\n|switch|p2a: Zamazenta|Zamazenta-Crowned, L68|238/238\n|-ability|p2a: Zamazenta|Dauntless Shield|boost\n|-boost|p2a: Zamazenta|def|1\n|turn|5\n|l|\u2606DEVILICEMIN\n|inactive|DEVILICEMIN disconnected and has a minute to reconnect!\n|player|p1|\n|j|\u2606DEVILICEMIN\n|inactive|DEVILICEMIN reconnected and has 140 seconds left.\n|player|p1|DEVILICEMIN|265|\n|\n|t:|1781454188\n|switch|p1a: Lumineon|Lumineon, L93, M|279/279\n|move|p2a: Zamazenta|Iron Defense|p2a: Zamazenta\n|-boost|p2a: Zamazenta|def|2\n|\n|upkeep\n|turn|6\n|\n|t:|1781454200\n|move|p1a: Lumineon|Encore|p2a: Zamazenta\n|-start|p2a: Zamazenta|Encore\n|move|p2a: Zamazenta|Iron Defense|p2a: Zamazenta\n|-boost|p2a: Zamazenta|def|2\n|\n|upkeep\n|turn|7\n|\n|t:|1781454208\n|switch|p2a: Noctowl|Noctowl, L95, F|82/344\n|move|p1a: Lumineon|Hydro Pump|p2a: Noctowl\n|-damage|p2a: Noctowl|0 fnt\n|faint|p2a: Noctowl\n|-damage|p1a: Lumineon|252/279|[from] item: Life Orb\n|\n|upkeep\n|\n|t:|1781454210\n|switch|p2a: Grimmsnarl|Grimmsnarl, L83, M|293/293\n|turn|8\n|\n|t:|1781454218\n|move|p2a: Grimmsnarl|Thunder Wave|p1a: Lumineon\n|-status|p1a: Lumineon|par\n|cant|p1a: Lumineon|par\n|\n|upkeep\n|turn|9\n|\n|t:|1781454225\n|move|p2a: Grimmsnarl|Spirit Break|p1a: Lumineon\n|-damage|p1a: Lumineon|159/279 par\n|-unboost|p1a: Lumineon|spa|1\n|move|p1a: Lumineon|Alluring Voice|p2a: Grimmsnarl\n|-supereffective|p2a: Grimmsnarl\n|-damage|p2a: Grimmsnarl|184/293\n|-damage|p1a: Lumineon|132/279 par|[from] item: Life Orb\n|\n|upkeep\n|turn|10\n|\n|t:|1781454237\n|move|p2a: Grimmsnarl|Light Screen|p2a: Grimmsnarl\n|-sidestart|p2: thatdankcharizard|move: Light Screen\n|move|p1a: Lumineon|Alluring Voice|p2a: Grimmsnarl\n|-supereffective|p2a: Grimmsnarl\n|-damage|p2a: Grimmsnarl|132/293\n|-damage|p1a: Lumineon|105/279 par|[from] item: Life Orb\n|\n|upkeep\n|turn|11\n|\n|t:|1781454242\n|switch|p2a: Cobalion|Cobalion, L80|277/277\n|cant|p1a: Lumineon|par\n|\n|upkeep\n|turn|12\n|\n|t:|1781454245\n|move|p2a: Cobalion|Calm Mind|p2a: Cobalion\n|-boost|p2a: Cobalion|spa|1\n|-boost|p2a: Cobalion|spd|1\n|move|p1a: Lumineon|Hydro Pump|p2a: Cobalion|[miss]\n|-miss|p1a: Lumineon|p2a: Cobalion\n|\n|upkeep\n|turn|13\n|\n|t:|1781454248\n|move|p2a: Cobalion|Aura Sphere|p1a: Lumineon\n|-damage|p1a: Lumineon|3/279 par\n|move|p1a: Lumineon|Encore|p2a: Cobalion\n|-start|p2a: Cobalion|Encore\n|\n|upkeep\n|turn|14\n|\n|t:|1781454253\n|switch|p1a: Typhlosion|Typhlosion-Hisui, L83, F|257/257\n|move|p2a: Cobalion|Aura Sphere|p1a: Typhlosion\n|-immune|p1a: Typhlosion\n|\n|upkeep\n|turn|15\n|\n|t:|1781454274\n|switch|p2a: Hoopa|Hoopa-Unbound, L80|259/259\n|move|p1a: Typhlosion|Eruption|p2a: Hoopa\n|-damage|p2a: Hoopa|148/259\n|\n|upkeep\n|turn|16\n|\n|t:|1781454280\n|switch|p1a: Lumineon|Lumineon, L93, M|3/279 par\n|move|p2a: Hoopa|Psychic|p1a: Lumineon\n|-damage|p1a: Lumineon|0 fnt\n|faint|p1a: Lumineon\n|\n|upkeep\n|\n|t:|1781454285\n|switch|p1a: Zapdos|Zapdos-Galar, L77|178/265\n|turn|17\n|\n|t:|1781454294\n|move|p1a: Zapdos|U-turn|p2a: Hoopa\n|-supereffective|p2a: Hoopa\n|-damage|p2a: Hoopa|0 fnt\n|faint|p2a: Hoopa\n|\n|t:|1781454301\n|switch|p1a: Phione|Phione, L91|293/293|[from] U-turn\n|\n|-sideend|p2: thatdankcharizard|move: Light Screen\n|upkeep\n|inactive|thatdankcharizard has 120 seconds left.\n|\n|t:|1781454332\n|switch|p2a: Zamazenta|Zamazenta-Crowned, L68|238/238\n|turn|18\n|\n|t:|1781454337\n|move|p2a: Zamazenta|Iron Defense|p2a: Zamazenta\n|-boost|p2a: Zamazenta|def|2\n|move|p1a: Phione|Scald|p2a: Zamazenta\n|-damage|p2a: Zamazenta|162/238\n|\n|upkeep\n|turn|19\n|\n|t:|1781454340\n|move|p2a: Zamazenta|Body Press|p1a: Phione\n|-damage|p1a: Phione|136/293\n|move|p1a: Phione|Scald|p2a: Zamazenta\n|-damage|p2a: Zamazenta|87/238\n|-status|p2a: Zamazenta|brn\n|\n|-heal|p1a: Phione|154/293|[from] item: Leftovers\n|-damage|p2a: Zamazenta|73/238 brn|[from] brn\n|upkeep\n|turn|20\n|\n|t:|1781454356\n|move|p2a: Zamazenta|Iron Defense|p2a: Zamazenta\n|-boost|p2a: Zamazenta|def|2\n|move|p1a: Phione|Scald|p2a: Zamazenta\n|-damage|p2a: Zamazenta|0 fnt\n|faint|p2a: Zamazenta\n|\n|-heal|p1a: Phione|172/293|[from] item: Leftovers\n|upkeep\n|\n|t:|1781454360\n|switch|p2a: Grimmsnarl|Grimmsnarl, L83, M|132/293\n|turn|21\n|\n|t:|1781454366\n|move|p1a: Phione|Take Heart|p1a: Phione\n|-boost|p1a: Phione|spa|1\n|-boost|p1a: Phione|spd|1\n|move|p2a: Grimmsnarl|Spirit Break|p1a: Phione\n|-damage|p1a: Phione|78/293\n|-unboost|p1a: Phione|spa|1\n|\n|-heal|p1a: Phione|96/293|[from] item: Leftovers\n|upkeep\n|turn|22\n|\n|t:|1781454369\n|move|p1a: Phione|Scald|p2a: Grimmsnarl\n|-damage|p2a: Grimmsnarl|26/293\n|move|p2a: Grimmsnarl|Spirit Break|p1a: Phione\n|-damage|p1a: Phione|8/293\n|-unboost|p1a: Phione|spa|1\n|\n|-heal|p1a: Phione|26/293|[from] item: Leftovers\n|upkeep\n|turn|23\n|\n|t:|1781454375\n|move|p1a: Phione|Scald|p2a: Grimmsnarl\n|-damage|p2a: Grimmsnarl|0 fnt\n|faint|p2a: Grimmsnarl\n|\n|-heal|p1a: Phione|44/293|[from] item: Leftovers\n|upkeep\n|\n|t:|1781454377\n|switch|p2a: Cobalion|Cobalion, L80|277/277\n|turn|24\n|\n|t:|1781454382\n|move|p2a: Cobalion|Calm Mind|p2a: Cobalion\n|-boost|p2a: Cobalion|spa|1\n|-boost|p2a: Cobalion|spd|1\n|move|p1a: Phione|Scald|p2a: Cobalion\n|-damage|p2a: Cobalion|232/277\n|\n|-heal|p2a: Cobalion|249/277|[from] item: Leftovers\n|-heal|p1a: Phione|62/293|[from] item: Leftovers\n|upkeep\n|turn|25\n|\n|t:|1781454391\n|move|p2a: Cobalion|Calm Mind|p2a: Cobalion\n|-boost|p2a: Cobalion|spa|1\n|-boost|p2a: Cobalion|spd|1\n|move|p1a: Phione|Scald|p2a: Cobalion\n|-damage|p2a: Cobalion|216/277\n|\n|-heal|p2a: Cobalion|233/277|[from] item: Leftovers\n|-heal|p1a: Phione|80/293|[from] item: Leftovers\n|upkeep\n|turn|26\n|\n|t:|1781454395\n|move|p2a: Cobalion|Aura Sphere|p1a: Phione\n|-damage|p1a: Phione|0 fnt\n|faint|p1a: Phione\n|\n|-heal|p2a: Cobalion|250/277|[from] item: Leftovers\n|upkeep\n|\n|t:|1781454397\n|switch|p1a: Zapdos|Zapdos-Galar, L77|178/265\n|turn|27\n|\n|t:|1781454402\n|move|p1a: Zapdos|Close Combat|p2a: Cobalion\n|-supereffective|p2a: Cobalion\n|-damage|p2a: Cobalion|34/277\n|-unboost|p1a: Zapdos|def|1\n|-unboost|p1a: Zapdos|spd|1\n|move|p2a: Cobalion|Flash Cannon|p1a: Zapdos\n|-damage|p1a: Zapdos|0 fnt\n|faint|p1a: Zapdos\n|\n|-heal|p2a: Cobalion|51/277|[from] item: Leftovers\n|upkeep\n|\n|t:|1781454413\n|switch|p1a: Typhlosion|Typhlosion-Hisui, L83, F|257/257\n|turn|28\n|\n|t:|1781454424\n|-terastallize|p2a: Cobalion|Water\n|move|p2a: Cobalion|Flash Cannon|p1a: Typhlosion\n|-resisted|p1a: Typhlosion\n|-damage|p1a: Typhlosion|185/257\n|move|p1a: Typhlosion|Fire Blast|p2a: Cobalion|[miss]\n|-miss|p1a: Typhlosion|p2a: Cobalion\n|\n|-heal|p2a: Cobalion|68/277|[from] item: Leftovers\n|upkeep\n|turn|29\n|\n|t:|1781454431\n|move|p2a: Cobalion|Flash Cannon|p1a: Typhlosion\n|-resisted|p1a: Typhlosion\n|-damage|p1a: Typhlosion|106/257\n|move|p1a: Typhlosion|Fire Blast|p2a: Cobalion\n|-resisted|p2a: Cobalion\n|-damage|p2a: Cobalion|9/277\n|\n|-heal|p2a: Cobalion|26/277|[from] item: Leftovers\n|upkeep\n|turn|30\n|\n|t:|1781454437\n|move|p2a: Cobalion|Flash Cannon|p1a: Typhlosion\n|-resisted|p1a: Typhlosion\n|-damage|p1a: Typhlosion|27/257\n|move|p1a: Typhlosion|Fire Blast|p2a: Cobalion\n|-resisted|p2a: Cobalion\n|-damage|p2a: Cobalion|0 fnt\n|faint|p2a: Cobalion\n|\n|win|DEVILICEMIN\n", "inputlog": ">version a8376a258c1d4662feba110a92103f3664a72141\n>start {\"formatid\":\"gen9randombattle\",\"seed\":\"sodium,824380317ff0452319f010b53d35c94e\",\"rated\":\"Rated battle\"}\n>player p1 {\"name\":\"DEVILICEMIN\",\"avatar\":\"265\",\"rating\":2031,\"seed\":\"sodium,a529a9c3b0f8996874aca63f4ae8f53a\"}\n>player p2 {\"name\":\"thatdankcharizard\",\"avatar\":\"266\",\"rating\":2054,\"seed\":\"sodium,307114de8348325b310c130b3c27d105\"}\n>p1 move uturn\n>p2 move hurricane\n>p1 switch 6\n>p1 move icepunch\n>p2 move hypervoice\n>p1 switch 6\n>p1 move bravebird\n>p2 switch 6\n>p1 move bravebird\n>p2 move roost\n>p2 switch 2\n>p1 switch 4\n>p2 move irondefense\n>p1 move encore\n>p2 move bodypress\n>p1 move hydropump\n>p2 switch 6\n>p2 switch 3\n>p1 move alluringvoice\n>p2 move thunderwave\n>p1 move alluringvoice\n>p2 move spiritbreak\n>p1 move alluringvoice\n>p2 move lightscreen\n>p1 move encore\n>p2 switch 4\n>p1 move hydropump\n>p2 move calmmind\n>p1 move encore\n>p2 move aurasphere\n>p1 switch 5\n>p2 move aurasphere\n>p1 move eruption\n>p2 switch 5\n>p1 switch 5\n>p2 move psychic\n>p1 switch 4\n>p1 move uturn\n>p2 move psychic\n>p1 switch 3\n>p2 switch 6\n>p1 move scald\n>p2 move irondefense\n>p1 move scald\n>p2 move bodypress\n>p1 move scald\n>p2 move irondefense\n>p2 switch 4\n>p1 move takeheart\n>p2 move spiritbreak\n>p1 move scald\n>p2 move spiritbreak\n>p1 move scald\n>p2 move spiritbreak\n>p2 switch 5\n>p1 move scald\n>p2 move calmmind\n>p1 move scald\n>p2 move calmmind\n>p1 move scald\n>p2 move aurasphere\n>p1 switch 3\n>p1 move closecombat\n>p2 move flashcannon\n>p1 switch 5\n>p1 move fireblast\n>p2 move flashcannon terastallize\n>p1 move fireblast\n>p2 move flashcannon\n>p1 move fireblast\n>p2 move flashcannon", "uploadtime": 1781454111, "views": 5, "formatid": "gen9randombattle", "rating": null, "private": 0, "password": null}