{"id": "gen9randombattle-2631591658", "format": "[Gen 9] Random Battle", "players": ["iseeY0shi", "boxhero147"], "log": "|j|\u2606iseeY0shi\n|j|\u2606boxhero147\n|t:|1781405684\n|gametype|singles\n|player|p1|iseeY0shi|102|2126\n|player|p2|boxhero147|169|2065\n|gen|9\n|tier|[Gen 9] Random Battle\n|rated|\n|rule|Species Clause: Limit one of each Pok\u00e9mon\n|rule|HP Percentage Mod: HP is shown in percentages\n|rule|Sleep Clause Mod: Limit one foe put to sleep\n|rule|Illusion Level Mod: Illusion disguises the Pok\u00e9mon's true level\n|\n|t:|1781405684\n|teamsize|p1|6\n|teamsize|p2|6\n|start\n|switch|p1a: Gouging Fire|Gouging Fire, L74|277/277\n|switch|p2a: Magnezone|Magnezone, L85|258/258\n|turn|1\n|inactive|Battle timer is ON: inactive players will automatically lose when time's up. (requested by iseeY0shi)\n|\n|t:|1781405691\n|move|p1a: Gouging Fire|Dragon Dance|p1a: Gouging Fire\n|-boost|p1a: Gouging Fire|atk|1\n|-boost|p1a: Gouging Fire|spe|1\n|move|p2a: Magnezone|Volt Switch|p1a: Gouging Fire\n|-resisted|p1a: Gouging Fire\n|-damage|p1a: Gouging Fire|210/277\n|\n|t:|1781405706\n|switch|p2a: Cloyster|Cloyster, L80, F|211/211|[from] Volt Switch\n|\n|upkeep\n|turn|2\n|\n|t:|1781405729\n|move|p1a: Gouging Fire|Dragon Dance|p1a: Gouging Fire\n|-boost|p1a: Gouging Fire|atk|1\n|-boost|p1a: Gouging Fire|spe|1\n|move|p2a: Cloyster|Shell Smash|p2a: Cloyster\n|-unboost|p2a: Cloyster|def|1\n|-unboost|p2a: Cloyster|spd|1\n|-boost|p2a: Cloyster|atk|2\n|-boost|p2a: Cloyster|spa|2\n|-boost|p2a: Cloyster|spe|2\n|-enditem|p2a: Cloyster|White Herb\n|-clearnegativeboost|p2a: Cloyster|[silent]\n|\n|upkeep\n|turn|3\n|\n|t:|1781405742\n|move|p1a: Gouging Fire|Outrage|p2a: Cloyster\n|-damage|p2a: Cloyster|78/211\n|move|p2a: Cloyster|Hydro Pump|p1a: Gouging Fire\n|-damage|p1a: Gouging Fire|0 fnt\n|faint|p1a: Gouging Fire\n|-end|p1a: Gouging Fire|Protosynthesis|[silent]\n|\n|upkeep\n|inactive|iseeY0shi has 120 seconds left.\n|\n|t:|1781405772\n|switch|p1a: Munkidori|Munkidori, L79, M|269/269\n|turn|4\n|\n|t:|1781405779\n|move|p2a: Cloyster|Icicle Spear|p1a: Munkidori\n|-damage|p1a: Munkidori|206/269\n|-damage|p1a: Munkidori|140/269\n|-damage|p1a: Munkidori|77/269\n|-damage|p1a: Munkidori|10/269\n|-damage|p1a: Munkidori|0 fnt\n|faint|p1a: Munkidori\n|-hitcount|p1: Munkidori|5\n|\n|upkeep\n|\n|t:|1781405782\n|switch|p1a: Oricorio|Oricorio, L84, M|263/263\n|turn|5\n|inactive|iseeY0shi has 120 seconds left.\n|\n|t:|1781405793\n|move|p2a: Cloyster|Rock Blast|p1a: Oricorio|[miss]\n|-miss|p2a: Cloyster|p1a: Oricorio\n|move|p1a: Oricorio|Revelation Dance|p2a: Cloyster\n|-damage|p2a: Cloyster|0 fnt\n|faint|p2a: Cloyster\n|\n|upkeep\n|\n|t:|1781405796\n|switch|p2a: Skuntank|Skuntank, L84, M|310/310\n|turn|6\n|\n|t:|1781405804\n|move|p1a: Oricorio|Hurricane|p2a: Skuntank\n|-damage|p2a: Skuntank|207/310\n|-start|p2a: Skuntank|confusion\n|-activate|p2a: Skuntank|confusion\n|move|p2a: Skuntank|Knock Off|p1a: Oricorio\n|-damage|p1a: Oricorio|145/263\n|-enditem|p1a: Oricorio|Heavy-Duty Boots|[from] move: Knock Off|[of] p2a: Skuntank\n|\n|upkeep\n|turn|7\n|\n|t:|1781405810\n|move|p1a: Oricorio|Quiver Dance|p1a: Oricorio\n|-boost|p1a: Oricorio|spa|1\n|-boost|p1a: Oricorio|spd|1\n|-boost|p1a: Oricorio|spe|1\n|-activate|p2a: Skuntank|confusion\n|-damage|p2a: Skuntank|173/310|[from] confusion\n|\n|upkeep\n|turn|8\n|\n|t:|1781405816\n|move|p1a: Oricorio|Roost|p1a: Oricorio\n|-heal|p1a: Oricorio|263/263\n|-singleturn|p1a: Oricorio|move: Roost\n|-end|p2a: Skuntank|confusion\n|move|p2a: Skuntank|Gunk Shot|p1a: Oricorio\n|-damage|p1a: Oricorio|122/263\n|-status|p1a: Oricorio|psn\n|\n|-damage|p1a: Oricorio|90/263 psn|[from] psn\n|upkeep\n|turn|9\n|\n|t:|1781405825\n|move|p1a: Oricorio|Hurricane|p2a: Skuntank|[miss]\n|-miss|p1a: Oricorio|p2a: Skuntank\n|move|p2a: Skuntank|Knock Off|p1a: Oricorio\n|-damage|p1a: Oricorio|9/263 psn\n|\n|-damage|p1a: Oricorio|0 fnt|[from] psn\n|faint|p1a: Oricorio\n|upkeep\n|\n|t:|1781405829\n|switch|p1a: Ribombee|Ribombee, L83, M|235/235\n|turn|10\n|\n|t:|1781405834\n|move|p1a: Ribombee|Sticky Web|p2a: Skuntank\n|-sidestart|p2: boxhero147|move: Sticky Web\n|move|p2a: Skuntank|Gunk Shot|p1a: Ribombee\n|-supereffective|p1a: Ribombee\n|-damage|p1a: Ribombee|0 fnt\n|faint|p1a: Ribombee\n|\n|upkeep\n|\n|t:|1781405841\n|switch|p1a: Flutter Mane|Flutter Mane, L74|203/203\n|turn|11\n|\n|t:|1781405845\n|move|p1a: Flutter Mane|Moonblast|p2a: Skuntank\n|-damage|p2a: Skuntank|32/310\n|move|p2a: Skuntank|Knock Off|p1a: Flutter Mane\n|-damage|p1a: Flutter Mane|34/203\n|-enditem|p1a: Flutter Mane|Choice Specs|[from] move: Knock Off|[of] p2a: Skuntank\n|\n|upkeep\n|turn|12\n|\n|t:|1781405848\n|move|p2a: Skuntank|Sucker Punch|p1a: Flutter Mane\n|-damage|p1a: Flutter Mane|0 fnt\n|faint|p1a: Flutter Mane\n|-end|p1a: Flutter Mane|Protosynthesis|[silent]\n|\n|upkeep\n|\n|t:|1781405850\n|switch|p1a: Maushold|Maushold-Four, L76|238/238\n|turn|13\n|\n|t:|1781405853\n|move|p1a: Maushold|Encore|p2a: Skuntank\n|-start|p2a: Skuntank|Encore\n|move|p2a: Skuntank|Sucker Punch||[still]\n|-fail|p2a: Skuntank\n|\n|upkeep\n|turn|14\n|\n|t:|1781405858\n|switch|p2a: Magnezone|Magnezone, L85|258/258\n|-activate|p2a: Magnezone|move: Sticky Web\n|-unboost|p2a: Magnezone|spe|1\n|move|p1a: Maushold|Tidy Up|p1a: Maushold\n|-sideend|p2: boxhero147|Sticky Web\n|-activate|p1a: Maushold|move: Tidy Up\n|-boost|p1a: Maushold|atk|1\n|-boost|p1a: Maushold|spe|1\n|\n|upkeep\n|turn|15\n|\n|t:|1781405863\n|-terastallize|p1a: Maushold|Ghost\n|move|p1a: Maushold|Tidy Up|p1a: Maushold\n|-boost|p1a: Maushold|atk|1\n|-boost|p1a: Maushold|spe|1\n|move|p2a: Magnezone|Thunderbolt|p1a: Maushold\n|-damage|p1a: Maushold|34/238\n|\n|upkeep\n|turn|16\n|\n|t:|1781405873\n|move|p1a: Maushold|Bite|p2a: Magnezone\n|-damage|p2a: Magnezone|192/258\n|move|p2a: Magnezone|Thunderbolt|p1a: Maushold\n|-damage|p1a: Maushold|0 fnt\n|faint|p1a: Maushold\n|\n|win|boxhero147\n", "inputlog": ">version a8376a258c1d4662feba110a92103f3664a72141\n>start {\"formatid\":\"gen9randombattle\",\"seed\":\"sodium,e1e55494f120771f6f58a7baae0bb6c0\",\"rated\":\"Rated battle\"}\n>player p1 {\"name\":\"iseeY0shi\",\"avatar\":\"102\",\"rating\":2126,\"seed\":\"sodium,a9ade1b818103c7d9f83b6f7964021b2\"}\n>player p2 {\"name\":\"boxhero147\",\"avatar\":\"169\",\"rating\":2065,\"seed\":\"sodium,cb1d0aa403ceba5d27f314bb076c02bf\"}\n>p1 move dragondance\n>p2 move voltswitch\n>p2 switch 3\n>p1 move dragondance\n>p2 move shellsmash\n>p1 move outrage\n>p2 move hydropump\n>p1 switch 2\n>p1 move sludgewave\n>p2 move iciclespear\n>p1 switch 3\n>p1 move revelationdance\n>p2 move rockblast\n>p2 switch 2\n>p1 move hurricane\n>p2 move knockoff\n>p1 move quiverdance\n>p2 move gunkshot\n>p1 move roost\n>p2 move gunkshot\n>p1 move hurricane\n>p2 move knockoff\n>p1 switch 4\n>p1 move stickyweb\n>p2 move gunkshot\n>p1 switch 5\n>p1 move moonblast\n>p2 move knockoff\n>p1 move moonblast\n>p2 move suckerpunch\n>p1 switch 6\n>p1 move encore\n>p2 move knockoff\n>p1 move tidyup\n>p2 switch 3\n>p1 move tidyup terastallize\n>p2 move thunderbolt\n>p1 move bite\n>p2 move thunderbolt", "uploadtime": 1781405686, "views": 7, "formatid": "gen9randombattle", "rating": null, "private": 0, "password": null}