{"id": "gen9randombattle-2631992845", "format": "[Gen 9] Random Battle", "players": ["JaviC04", "Saaskin"], "log": "|j|\u2606JaviC04\n|j|\u2606Saaskin\n|t:|1781463699\n|gametype|singles\n|player|p1|JaviC04|artist|2001\n|player|p2|Saaskin|169|2052\n|gen|9\n|tier|[Gen 9] Random Battle\n|rated|\n|rule|Species Clause: Limit one of each Pok\u00e9mon\n|rule|HP Percentage Mod: HP is shown in percentages\n|rule|Sleep Clause Mod: Limit one foe put to sleep\n|rule|Illusion Level Mod: Illusion disguises the Pok\u00e9mon's true level\n|\n|t:|1781463699\n|teamsize|p1|6\n|teamsize|p2|6\n|start\n|switch|p1a: Oranguru|Oranguru, L92, F|315/315\n|switch|p2a: Arceus|Arceus-Fighting, L70|284/284\n|turn|1\n|inactive|Battle timer is ON: inactive players will automatically lose when time's up. (requested by Saaskin)\n|inactive|JaviC04 also wants the timer to be on.\n|\n|t:|1781463724\n|switch|p2a: Iron Leaves|Iron Leaves, L80|275/275\n|move|p1a: Oranguru|Trick|p2a: Iron Leaves\n|-activate|p1a: Oranguru|move: Trick|[of] p2a: Iron Leaves\n|-item|p2a: Iron Leaves|Choice Specs|[from] move: Trick\n|-item|p1a: Oranguru|Life Orb|[from] move: Trick\n|\n|upkeep\n|turn|2\n|\n|t:|1781463737\n|switch|p1a: Tentacruel|Tentacruel, L84, F|272/272\n|move|p2a: Iron Leaves|Leaf Blade|p1a: Tentacruel\n|-damage|p1a: Tentacruel|139/272\n|\n|-heal|p1a: Tentacruel|156/272|[from] item: Leftovers\n|upkeep\n|turn|3\n|\n|t:|1781463746\n|switch|p1a: Arboliva|Arboliva, L91, M|290/290\n|move|p2a: Iron Leaves|Leaf Blade|p1a: Arboliva\n|-resisted|p1a: Arboliva\n|-damage|p1a: Arboliva|238/290\n|-fieldstart|move: Grassy Terrain|[from] ability: Seed Sower|[of] p1a: Arboliva\n|\n|-heal|p1a: Arboliva|256/290|[from] Grassy Terrain\n|-heal|p1a: Arboliva|274/290|[from] item: Leftovers\n|upkeep\n|turn|4\n|\n|t:|1781463754\n|-end|p2a: Iron Leaves|Quark Drive|[silent]\n|switch|p2a: Drifblim|Drifblim, L86, M|398/398\n|move|p1a: Arboliva|Energy Ball|p2a: Drifblim\n|-resisted|p2a: Drifblim\n|-damage|p2a: Drifblim|285/398\n|\n|-heal|p1a: Arboliva|290/290|[from] Grassy Terrain\n|upkeep\n|turn|5\n|\n|t:|1781463767\n|switch|p1a: Honchkrow|Honchkrow, L86, F|312/312\n|move|p2a: Drifblim|Air Slash|p1a: Honchkrow\n|-damage|p1a: Honchkrow|204/312\n|\n|upkeep\n|turn|6\n|\n|t:|1781463783\n|move|p2a: Drifblim|Air Slash|p1a: Honchkrow\n|-damage|p1a: Honchkrow|90/312\n|cant|p1a: Honchkrow|flinch\n|\n|upkeep\n|turn|7\n|\n|t:|1781463787\n|move|p2a: Drifblim|Strength Sap|p1a: Honchkrow\n|-unboost|p1a: Honchkrow|atk|1\n|-heal|p2a: Drifblim|398/398\n|move|p1a: Honchkrow|Brave Bird|p2a: Drifblim\n|-damage|p2a: Drifblim|235/398\n|-damage|p1a: Honchkrow|36/312|[from] Recoil\n|\n|-fieldend|move: Grassy Terrain\n|upkeep\n|turn|8\n|\n|t:|1781463791\n|move|p2a: Drifblim|Air Slash|p1a: Honchkrow\n|-crit|p1a: Honchkrow\n|-damage|p1a: Honchkrow|0 fnt\n|faint|p1a: Honchkrow\n|\n|upkeep\n|\n|t:|1781463795\n|switch|p1a: Mightyena|Mightyena, L96, F|290/290\n|-ability|p1a: Mightyena|Intimidate|boost\n|-unboost|p2a: Drifblim|atk|1\n|turn|9\n|\n|t:|1781463801\n|switch|p2a: Conkeldurr|Conkeldurr, L80, F|299/299\n|move|p1a: Mightyena|Poison Fang|p2a: Conkeldurr\n|-damage|p2a: Conkeldurr|257/299\n|\n|-status|p2a: Conkeldurr|brn|[from] item: Flame Orb\n|upkeep\n|turn|10\n|\n|t:|1781463807\n|switch|p1a: Tentacruel|Tentacruel, L84, F|156/272\n|move|p2a: Conkeldurr|Facade|p1a: Tentacruel\n|-damage|p1a: Tentacruel|0 fnt\n|faint|p1a: Tentacruel\n|\n|-damage|p2a: Conkeldurr|239/299 brn|[from] brn\n|upkeep\n|\n|t:|1781463811\n|switch|p1a: Whiscash|Whiscash, L88, F|337/337\n|turn|11\n|\n|t:|1781463814\n|move|p1a: Whiscash|Earthquake|p2a: Conkeldurr\n|-damage|p2a: Conkeldurr|133/299 brn\n|move|p2a: Conkeldurr|Facade|p1a: Whiscash\n|-damage|p1a: Whiscash|140/337\n|\n|-heal|p1a: Whiscash|161/337|[from] item: Leftovers\n|-damage|p2a: Conkeldurr|115/299 brn|[from] brn\n|upkeep\n|turn|12\n|\n|t:|1781463821\n|move|p1a: Whiscash|Stealth Rock|p2a: Conkeldurr\n|-sidestart|p2: Saaskin|move: Stealth Rock\n|move|p2a: Conkeldurr|Facade|p1a: Whiscash\n|-damage|p1a: Whiscash|0 fnt\n|faint|p1a: Whiscash\n|\n|-damage|p2a: Conkeldurr|97/299 brn|[from] brn\n|upkeep\n|\n|t:|1781463823\n|switch|p1a: Oranguru|Oranguru, L92, F|315/315\n|turn|13\n|\n|t:|1781463828\n|move|p2a: Conkeldurr|Mach Punch|p1a: Oranguru\n|-damage|p1a: Oranguru|233/315\n|move|p1a: Oranguru|Hyper Voice|p2a: Conkeldurr\n|-damage|p2a: Conkeldurr|0 fnt\n|faint|p2a: Conkeldurr\n|-damage|p1a: Oranguru|202/315|[from] item: Life Orb\n|\n|upkeep\n|\n|t:|1781463830\n|switch|p2a: Drifblim|Drifblim, L86, M|235/398\n|turn|14\n|\n|t:|1781463835\n|move|p2a: Drifblim|Defog|p1a: Oranguru\n|-unboost|p1a: Oranguru|evasion|1\n|-sideend|p2: Saaskin|Stealth Rock|[from] move: Defog|[of] p2a: Drifblim\n|move|p1a: Oranguru|Psyshock|p2a: Drifblim\n|-damage|p2a: Drifblim|43/398\n|-damage|p1a: Oranguru|171/315|[from] item: Life Orb\n|\n|upkeep\n|turn|15\n|\n|t:|1781463842\n|move|p2a: Drifblim|Air Slash|p1a: Oranguru\n|-damage|p1a: Oranguru|113/315\n|move|p1a: Oranguru|Psyshock|p2a: Drifblim\n|-damage|p2a: Drifblim|0 fnt\n|faint|p2a: Drifblim\n|-damage|p1a: Oranguru|82/315|[from] item: Life Orb\n|\n|upkeep\n|\n|t:|1781463859\n|switch|p2a: Iron Leaves|Iron Leaves, L80|275/275\n|turn|16\n|\n|t:|1781463863\n|move|p2a: Iron Leaves|Close Combat|p1a: Oranguru\n|-damage|p1a: Oranguru|0 fnt\n|-unboost|p2a: Iron Leaves|def|1\n|-unboost|p2a: Iron Leaves|spd|1\n|faint|p1a: Oranguru\n|\n|upkeep\n|\n|t:|1781463869\n|switch|p1a: Mightyena|Mightyena, L96, F|290/290\n|-ability|p1a: Mightyena|Intimidate|boost\n|-unboost|p2a: Iron Leaves|atk|1\n|turn|17\n|\n|t:|1781463874\n|-terastallize|p1a: Mightyena|Poison\n|move|p2a: Iron Leaves|Close Combat|p1a: Mightyena\n|-resisted|p1a: Mightyena\n|-damage|p1a: Mightyena|255/290\n|-unboost|p2a: Iron Leaves|def|1\n|-unboost|p2a: Iron Leaves|spd|1\n|move|p1a: Mightyena|Poison Fang|p2a: Iron Leaves\n|-supereffective|p2a: Iron Leaves\n|-damage|p2a: Iron Leaves|0 fnt\n|faint|p2a: Iron Leaves\n|-end|p2a: Iron Leaves|Quark Drive|[silent]\n|\n|-heal|p1a: Mightyena|273/290|[from] item: Leftovers\n|upkeep\n|\n|t:|1781463884\n|switch|p2a: Arceus|Arceus-Fighting, L70|284/284\n|turn|18\n|\n|t:|1781463887\n|-terastallize|p2a: Arceus|Steel\n|move|p2a: Arceus|Iron Defense|p2a: Arceus\n|-boost|p2a: Arceus|def|2\n|move|p1a: Mightyena|Poison Fang|p2a: Arceus\n|-immune|p2a: Arceus\n|\n|-heal|p1a: Mightyena|290/290|[from] item: Leftovers\n|upkeep\n|turn|19\n|\n|t:|1781463890\n|move|p2a: Arceus|Iron Defense|p2a: Arceus\n|-boost|p2a: Arceus|def|2\n|move|p1a: Mightyena|Taunt|p2a: Arceus\n|-start|p2a: Arceus|move: Taunt\n|\n|upkeep\n|turn|20\n|\n|t:|1781463893\n|switch|p1a: Arboliva|Arboliva, L91, M|290/290\n|move|p2a: Arceus|Body Press|p1a: Arboliva\n|-supereffective|p1a: Arboliva\n|-damage|p1a: Arboliva|0 fnt\n|-fieldstart|move: Grassy Terrain|[from] ability: Seed Sower|[of] p1a: Arboliva\n|faint|p1a: Arboliva\n|\n|upkeep\n|-message|JaviC04 forfeited.\n|\n|win|Saaskin\n|raw|JaviC04's rating: 2001 &rarr; <strong>1984</strong><br />(-17 for losing)\n|raw|Saaskin's rating: 2052 &rarr; <strong>2069</strong><br />(+17 for winning)\n|l|\u2606JaviC04\n|player|p1|\n", "inputlog": ">version a8376a258c1d4662feba110a92103f3664a72141\n>start {\"formatid\":\"gen9randombattle\",\"seed\":\"sodium,7ae6f6393314ad9993303829b323f6b9\",\"rated\":\"Rated battle\"}\n>player p1 {\"name\":\"JaviC04\",\"avatar\":\"artist\",\"rating\":2001,\"seed\":\"sodium,7a042f167aa6ef0f7240bd07c0a34410\"}\n>player p2 {\"name\":\"Saaskin\",\"avatar\":\"169\",\"rating\":2052,\"seed\":\"sodium,f7f3b4efc4f79a98e8c76bd27b3517a3\"}\n>p1 move trick\n>p2 switch 3\n>p1 switch 6\n>p2 move leafblade\n>p1 switch 2\n>p2 move leafblade\n>p1 move energyball\n>p2 switch 6\n>p1 switch 5\n>p2 move airslash\n>p1 move bravebird\n>p2 move airslash\n>p1 move bravebird\n>p2 move strengthsap\n>p1 move bravebird\n>p2 move airslash\n>p1 switch 4\n>p1 move poisonfang\n>p2 switch 2\n>p1 switch 2\n>p2 move facade\n>p1 switch 3\n>p1 move earthquake\n>p2 move facade\n>p1 move stealthrock\n>p2 move facade\n>p1 switch 6\n>p1 move hypervoice\n>p2 move machpunch\n>p2 switch 2\n>p1 move psyshock\n>p2 move defog\n>p1 move psyshock\n>p2 move airslash\n>p2 switch 6\n>p1 move hypervoice\n>p2 move closecombat\n>p1 switch 2\n>p1 move poisonfang terastallize\n>p2 move closecombat\n>p2 switch 3\n>p1 move poisonfang\n>p2 move irondefense terastallize\n>p1 move taunt\n>p2 move irondefense\n>p1 switch 5\n>p2 move bodypress\n>forcelose p1", "uploadtime": 1781463700, "views": 7, "formatid": "gen9randombattle", "rating": 1984, "private": 0, "password": null}