{"id": "gen9randombattle-2631865199", "format": "[Gen 9] Random Battle", "players": ["narutolkdds2", "ggman69420nirmit"], "log": "|j|\u2606narutolkdds2\n|j|\u2606ggman69420nirmit\n|t:|1781449712\n|gametype|singles\n|player|p1|narutolkdds2|102|1040\n|player|p2|ggman69420nirmit|n|1071\n|gen|9\n|tier|[Gen 9] Random Battle\n|rated|\n|rule|Species Clause: Limit one of each Pok\u00e9mon\n|rule|HP Percentage Mod: HP is shown in percentages\n|rule|Sleep Clause Mod: Limit one foe put to sleep\n|rule|Illusion Level Mod: Illusion disguises the Pok\u00e9mon's true level\n|\n|t:|1781449712\n|teamsize|p1|6\n|teamsize|p2|6\n|start\n|switch|p1a: Ditto|Ditto, L87|225/225\n|switch|p2a: Meganium|Meganium, L90, M|290/290\n|-transform|p1a: Ditto|p2a: Meganium|[from] ability: Imposter\n|turn|1\n|\n|t:|1781449722\n|move|p1a: Ditto|Knock Off|p2a: Meganium\n|-damage|p2a: Meganium|231/290\n|-enditem|p2a: Meganium|Leftovers|[from] move: Knock Off|[of] p1a: Ditto\n|move|p2a: Meganium|Knock Off|p1a: Ditto\n|-damage|p1a: Ditto|166/225\n|-enditem|p1a: Ditto|Choice Scarf|[from] move: Knock Off|[of] p2a: Meganium\n|\n|upkeep\n|turn|2\n|\n|t:|1781449743\n|switch|p1a: Vivillon|Vivillon-Sun, L83, M|268/268\n|move|p2a: Meganium|Encore||[still]\n|-fail|p2a: Meganium\n|\n|upkeep\n|turn|3\n|\n|t:|1781449752\n|move|p2a: Meganium|Knock Off|p1a: Vivillon\n|-damage|p1a: Vivillon|170/268\n|-enditem|p1a: Vivillon|Heavy-Duty Boots|[from] move: Knock Off|[of] p2a: Meganium\n|move|p1a: Vivillon|Quiver Dance|p1a: Vivillon\n|-boost|p1a: Vivillon|spa|1\n|-boost|p1a: Vivillon|spd|1\n|-boost|p1a: Vivillon|spe|1\n|\n|upkeep\n|turn|4\n|\n|t:|1781449764\n|move|p1a: Vivillon|Bug Buzz|p2a: Meganium\n|-supereffective|p2a: Meganium\n|-damage|p2a: Meganium|7/290\n|move|p2a: Meganium|Encore|p1a: Vivillon\n|-start|p1a: Vivillon|Encore\n|\n|upkeep\n|turn|5\n|\n|t:|1781449773\n|move|p1a: Vivillon|Bug Buzz|p2a: Meganium\n|-supereffective|p2a: Meganium\n|-damage|p2a: Meganium|0 fnt\n|faint|p2a: Meganium\n|\n|upkeep\n|\n|t:|1781449777\n|switch|p2a: Incineroar|Incineroar, L82, F|290/290\n|-ability|p2a: Incineroar|Intimidate|boost\n|-unboost|p1a: Vivillon|atk|1\n|turn|6\n|\n|t:|1781449788\n|switch|p1a: Crawdaunt|Crawdaunt, L84, M|243/243\n|move|p2a: Incineroar|Flare Blitz|p1a: Crawdaunt\n|-resisted|p1a: Crawdaunt\n|-damage|p1a: Crawdaunt|168/243\n|-damage|p2a: Incineroar|265/290|[from] Recoil\n|\n|upkeep\n|turn|7\n|\n|t:|1781449803\n|switch|p2a: Talonflame|Talonflame, L83, F|265/265\n|move|p1a: Crawdaunt|Dragon Dance|p1a: Crawdaunt\n|-boost|p1a: Crawdaunt|atk|1\n|-boost|p1a: Crawdaunt|spe|1\n|\n|upkeep\n|turn|8\n|\n|t:|1781449813\n|switch|p2a: Virizion|Virizion, L82|283/283\n|move|p1a: Crawdaunt|Crabhammer|p2a: Virizion\n|-resisted|p2a: Virizion\n|-damage|p2a: Virizion|101/283\n|-damage|p1a: Crawdaunt|144/243|[from] item: Life Orb\n|\n|upkeep\n|turn|9\n|\n|t:|1781449824\n|move|p2a: Virizion|Leaf Blade|p1a: Crawdaunt\n|-supereffective|p1a: Crawdaunt\n|-crit|p1a: Crawdaunt\n|-damage|p1a: Crawdaunt|0 fnt\n|faint|p1a: Crawdaunt\n|-damage|p2a: Virizion|73/283|[from] item: Life Orb\n|\n|upkeep\n|\n|t:|1781449840\n|switch|p1a: Vivillon|Vivillon-Sun, L83, M|170/268\n|turn|10\n|\n|t:|1781449852\n|move|p2a: Virizion|Stone Edge|p1a: Vivillon|[miss]\n|-miss|p2a: Virizion|p1a: Vivillon\n|move|p1a: Vivillon|Hurricane|p2a: Virizion\n|-supereffective|p2a: Virizion\n|-damage|p2a: Virizion|0 fnt\n|faint|p2a: Virizion\n|\n|upkeep\n|\n|t:|1781449856\n|switch|p2a: Incineroar|Incineroar, L82, F|265/290\n|-ability|p2a: Incineroar|Intimidate|boost\n|-unboost|p1a: Vivillon|atk|1\n|turn|11\n|\n|t:|1781449866\n|move|p1a: Vivillon|Sleep Powder|p2a: Incineroar\n|-status|p2a: Incineroar|slp|[from] move: Sleep Powder\n|cant|p2a: Incineroar|slp\n|\n|upkeep\n|turn|12\n|inactive|Battle timer is ON: inactive players will automatically lose when time's up. (requested by narutolkdds2)\n|\n|t:|1781449891\n|switch|p1a: Porygon-Z|Porygon-Z, L83|277/277\n|-ability|p1a: Porygon-Z|Download|boost\n|-boost|p1a: Porygon-Z|spa|1\n|cant|p2a: Incineroar|slp\n|\n|upkeep\n|turn|13\n|\n|t:|1781449900\n|move|p1a: Porygon-Z|Nasty Plot|p1a: Porygon-Z\n|-boost|p1a: Porygon-Z|spa|2\n|cant|p2a: Incineroar|slp\n|\n|upkeep\n|turn|14\n|\n|t:|1781449910\n|-terastallize|p2a: Incineroar|Grass\n|move|p1a: Porygon-Z|Thunderbolt|p2a: Incineroar\n|-resisted|p2a: Incineroar\n|-damage|p2a: Incineroar|134/290 slp\n|-damage|p1a: Porygon-Z|250/277|[from] item: Life Orb\n|-curestatus|p2a: Incineroar|slp|[msg]\n|move|p2a: Incineroar|Trailblaze|p1a: Porygon-Z\n|-crit|p1a: Porygon-Z\n|-damage|p1a: Porygon-Z|123/277\n|-boost|p2a: Incineroar|spe|1\n|\n|upkeep\n|turn|15\n|\n|t:|1781449922\n|move|p2a: Incineroar|Flare Blitz|p1a: Porygon-Z\n|-damage|p1a: Porygon-Z|0 fnt\n|faint|p1a: Porygon-Z\n|-damage|p2a: Incineroar|93/290|[from] Recoil\n|\n|upkeep\n|\n|t:|1781449932\n|switch|p1a: Ditto|Ditto, L87|166/225\n|-transform|p1a: Ditto|p2a: Incineroar|[from] ability: Imposter\n|-ability|p1a: Ditto|Intimidate|boost\n|-unboost|p2a: Incineroar|atk|1\n|-start|p1a: Ditto|typechange|Fire/Dark|[silent]\n|turn|16\n|\n|t:|1781449942\n|switch|p2a: Talonflame|Talonflame, L83, F|265/265\n|move|p1a: Ditto|Flare Blitz|p2a: Talonflame\n|-resisted|p2a: Talonflame\n|-damage|p2a: Talonflame|183/265\n|-damage|p1a: Ditto|139/225|[from] Recoil\n|\n|upkeep\n|turn|17\n|\n|t:|1781449955\n|move|p2a: Talonflame|Roost|p2a: Talonflame\n|-heal|p2a: Talonflame|265/265\n|-singleturn|p2a: Talonflame|move: Roost\n|move|p1a: Ditto|Knock Off|p2a: Talonflame\n|-damage|p2a: Talonflame|132/265\n|-enditem|p2a: Talonflame|Heavy-Duty Boots|[from] move: Knock Off|[of] p1a: Ditto\n|\n|upkeep\n|turn|18\n|\n|t:|1781449971\n|move|p2a: Talonflame|Brave Bird|p1a: Ditto\n|-damage|p1a: Ditto|36/225\n|-damage|p2a: Talonflame|98/265|[from] Recoil\n|move|p1a: Ditto|Swords Dance|p1a: Ditto\n|-boost|p1a: Ditto|atk|2\n|\n|upkeep\n|turn|19\n|\n|t:|1781449981\n|move|p2a: Talonflame|Brave Bird|p1a: Ditto\n|-damage|p1a: Ditto|0 fnt\n|faint|p1a: Ditto\n|-damage|p2a: Talonflame|86/265|[from] Recoil\n|\n|upkeep\n|\n|t:|1781449989\n|switch|p1a: Solgaleo|Solgaleo, L74|325/325\n|turn|20\n|l|\u2606ggman69420nirmit\n|inactive|ggman69420nirmit disconnected and has a minute to reconnect!\n|player|p2|\n|j|\u2606ggman69420nirmit\n|inactive|ggman69420nirmit reconnected and has 140 seconds left.\n|player|p2|ggman69420nirmit|n|\n|\n|t:|1781450008\n|-terastallize|p1a: Solgaleo|Water\n|move|p2a: Talonflame|Overheat|p1a: Solgaleo|[miss]\n|-miss|p2a: Talonflame|p1a: Solgaleo\n|move|p1a: Solgaleo|Sunsteel Strike|p2a: Talonflame\n|-resisted|p2a: Talonflame\n|-damage|p2a: Talonflame|18/265\n|-status|p1a: Solgaleo|brn|[from] ability: Flame Body|[of] p2a: Talonflame\n|\n|-damage|p1a: Solgaleo|305/325 brn|[from] brn\n|upkeep\n|turn|21\n|l|\u2606ggman69420nirmit\n|inactive|ggman69420nirmit disconnected and has a minute to reconnect!\n|player|p2|\n|\n|t:|1781450022\n|move|p2a: Talonflame|U-turn|p1a: Solgaleo\n|-damage|p1a: Solgaleo|266/325 brn\n|-damage|p2a: Talonflame|0 fnt|[from] item: Rocky Helmet|[of] p1a: Solgaleo\n|faint|p2a: Talonflame\n|move|p1a: Solgaleo|Sunsteel Strike|p2: Talonflame|[notarget]\n|-fail|p1a: Solgaleo\n|\n|-damage|p1a: Solgaleo|246/325 brn|[from] brn\n|upkeep\n|j|\u2606ggman69420nirmit\n|inactive|ggman69420nirmit reconnected and has 140 seconds left.\n|player|p2|ggman69420nirmit|n|\n|\n|t:|1781450038\n|switch|p2a: Dragapult|Dragapult, L77, F|262/262\n|turn|22\n|\n|t:|1781450054\n|move|p2a: Dragapult|Dragon Dance|p2a: Dragapult\n|-boost|p2a: Dragapult|atk|1\n|-boost|p2a: Dragapult|spe|1\n|move|p1a: Solgaleo|Earthquake|p2a: Dragapult\n|-damage|p2a: Dragapult|215/262\n|\n|-damage|p1a: Solgaleo|226/325 brn|[from] brn\n|upkeep\n|turn|23\n|\n|t:|1781450063\n|move|p2a: Dragapult|Dragon Darts|p1a: Solgaleo\n|-damage|p1a: Solgaleo|129/325 brn\n|-anim|p2a: Dragapult|Dragon Darts|p1a: Solgaleo\n|-damage|p1a: Solgaleo|20/325 brn\n|-damage|p2a: Dragapult|189/262|[from] item: Life Orb\n|move|p1a: Solgaleo|Morning Sun|p1a: Solgaleo\n|-heal|p1a: Solgaleo|182/325 brn\n|\n|-damage|p1a: Solgaleo|162/325 brn|[from] brn\n|upkeep\n|turn|24\n|\n|t:|1781450081\n|move|p2a: Dragapult|Dragon Darts|p1a: Solgaleo\n|-damage|p1a: Solgaleo|67/325 brn\n|-anim|p2a: Dragapult|Dragon Darts|p1a: Solgaleo\n|-damage|p1a: Solgaleo|0 fnt\n|faint|p1a: Solgaleo\n|-damage|p2a: Dragapult|163/262|[from] item: Life Orb\n|\n|upkeep\n|\n|t:|1781450089\n|switch|p1a: Vivillon|Vivillon-Sun, L83, M|170/268\n|turn|25\n|\n|t:|1781450095\n|move|p2a: Dragapult|Fire Blast|p1a: Vivillon\n|-supereffective|p1a: Vivillon\n|-damage|p1a: Vivillon|0 fnt\n|faint|p1a: Vivillon\n|-damage|p2a: Dragapult|137/262|[from] item: Life Orb\n|\n|upkeep\n|\n|t:|1781450101\n|switch|p1a: Iron Crown|Iron Crown, L78|268/268\n|turn|26\n|\n|t:|1781450109\n|move|p2a: Dragapult|Fire Blast|p1a: Iron Crown\n|-supereffective|p1a: Iron Crown\n|-damage|p1a: Iron Crown|102/268\n|-damage|p2a: Dragapult|111/262|[from] item: Life Orb\n|move|p1a: Iron Crown|Tachyon Cutter|p2a: Dragapult\n|-damage|p2a: Dragapult|0 fnt\n|faint|p2a: Dragapult\n|-hitcount|p2: Dragapult|1\n|\n|upkeep\n|\n|t:|1781450113\n|switch|p2a: Incineroar|Incineroar, L82, F, tera:Grass|93/290\n|-ability|p2a: Incineroar|Intimidate|boost\n|-unboost|p1a: Iron Crown|atk|1\n|turn|27\n|\n|t:|1781450122\n|move|p1a: Iron Crown|Tachyon Cutter|p2a: Incineroar\n|-damage|p2a: Incineroar|5/290\n|-damage|p2a: Incineroar|0 fnt\n|faint|p2a: Incineroar\n|-hitcount|p2: Incineroar|2\n|\n|upkeep\n|\n|t:|1781450125\n|switch|p2a: Kingambit|Kingambit, L74, F|270/270\n|-activate|p2a: Kingambit|ability: Supreme Overlord\n|-start|p2a: Kingambit|fallen5|[silent]\n|turn|28\n|\n|t:|1781450133\n|move|p1a: Iron Crown|Tachyon Cutter|p2a: Kingambit\n|-resisted|p2a: Kingambit\n|-damage|p2a: Kingambit|224/270\n|-resisted|p2a: Kingambit\n|-damage|p2a: Kingambit|172/270\n|-hitcount|p2a: Kingambit|2\n|move|p2a: Kingambit|Swords Dance|p2a: Kingambit\n|-boost|p2a: Kingambit|atk|2\n|\n|-heal|p2a: Kingambit|188/270|[from] item: Leftovers\n|upkeep\n|turn|29\n|\n|t:|1781450143\n|move|p1a: Iron Crown|Tachyon Cutter|p2a: Kingambit\n|-resisted|p2a: Kingambit\n|-damage|p2a: Kingambit|140/270\n|-resisted|p2a: Kingambit\n|-damage|p2a: Kingambit|92/270\n|-hitcount|p2a: Kingambit|2\n|move|p2a: Kingambit|Kowtow Cleave|p1a: Iron Crown\n|-supereffective|p1a: Iron Crown\n|-damage|p1a: Iron Crown|0 fnt\n|faint|p1a: Iron Crown\n|-end|p1a: Iron Crown|Quark Drive|[silent]\n|\n|win|ggman69420nirmit\n|raw|narutolkdds2's rating: 1040 &rarr; <strong>1025</strong><br />(-15 for losing)\n|raw|ggman69420nirmit's rating: 1071 &rarr; <strong>1098</strong><br />(+27 for winning)\n|l|\u2606narutolkdds2\n|player|p1|\n", "inputlog": ">version a8376a258c1d4662feba110a92103f3664a72141\n>start {\"formatid\":\"gen9randombattle\",\"seed\":\"sodium,cfa86334cb3821984c4d5f434319590e\",\"rated\":\"Rated battle\"}\n>player p1 {\"name\":\"narutolkdds2\",\"avatar\":\"102\",\"rating\":1040,\"seed\":\"sodium,98f96d9a3ff46569c3b83f2542595053\"}\n>player p2 {\"name\":\"ggman69420nirmit\",\"avatar\":\"n\",\"rating\":1071,\"seed\":\"sodium,0e595a3524a8dd947e260ca4514e3e29\"}\n>p1 move knockoff\n>p2 move knockoff\n>p1 switch 3\n>p2 move encore\n>p1 move quiverdance\n>p2 move knockoff\n>p1 move bugbuzz\n>p2 move encore\n>p1 move bugbuzz\n>p2 move knockoff\n>p2 switch 4\n>p1 switch 6\n>p2 move flareblitz\n>p1 move dragondance\n>p2 switch 6\n>p1 move crabhammer\n>p2 switch 3\n>p1 move knockoff\n>p2 move leafblade\n>p1 switch 6\n>p1 move hurricane\n>p2 move stoneedge\n>p2 switch 6\n>p1 move sleeppowder\n>p2 move swordsdance\n>p1 switch 2\n>p2 move flareblitz\n>p1 move nastyplot\n>p2 move knockoff\n>p1 move thunderbolt\n>p2 move trailblaze terastallize\n>p1 move triattack\n>p2 move flareblitz\n>p1 switch 3\n>p1 move flareblitz\n>p2 switch 3\n>p1 move knockoff\n>p2 move roost\n>p1 move swordsdance\n>p2 move bravebird\n>p1 move knockoff\n>p2 move bravebird\n>p1 switch 5\n>p1 move sunsteelstrike terastallize\n>p2 move overheat\n>p1 move sunsteelstrike\n>p2 move uturn\n>p2 switch 5\n>p1 move earthquake\n>p2 move dragondance\n>p1 move morningsun\n>p2 move dragondarts\n>p1 move sunsteelstrike\n>p2 move dragondarts\n>p1 switch 2\n>p1 move quiverdance\n>p2 move fireblast\n>p1 switch 4\n>p1 move tachyoncutter\n>p2 move fireblast\n>p2 switch 3\n>p1 move tachyoncutter\n>p2 move knockoff\n>p2 switch 2\n>p1 move tachyoncutter\n>p2 move swordsdance\n>p1 move tachyoncutter\n>p2 move kowtowcleave", "uploadtime": 1781450149, "views": 8, "formatid": "gen9randombattle", "rating": 1025, "private": 0, "password": null}