{"id": "gen9randombattle-2631637775", "format": "[Gen 9] Random Battle", "players": ["belligerence55", "Wryler8"], "log": "|j|\u2606belligerence55\n|j|\u2606Wryler8\n|t:|1781412798\n|gametype|singles\n|player|p1|belligerence55|102|1092\n|player|p2|Wryler8|170|1103\n|gen|9\n|tier|[Gen 9] Random Battle\n|rated|\n|rule|Species Clause: Limit one of each Pok\u00e9mon\n|rule|HP Percentage Mod: HP is shown in percentages\n|rule|Sleep Clause Mod: Limit one foe put to sleep\n|rule|Illusion Level Mod: Illusion disguises the Pok\u00e9mon's true level\n|\n|t:|1781412798\n|teamsize|p1|6\n|teamsize|p2|6\n|start\n|switch|p1a: Haxorus|Haxorus, L77, M|244/244\n|switch|p2a: Chimecho|Chimecho, L93, M|290/290\n|-ability|p1a: Haxorus|Mold Breaker\n|turn|1\n|inactive|Battle timer is ON: inactive players will automatically lose when time's up. (requested by belligerence55)\n|\n|t:|1781412811\n|move|p1a: Haxorus|Scale Shot|p2a: Chimecho|[miss]\n|-miss|p1a: Haxorus|p2a: Chimecho\n|move|p2a: Chimecho|Psychic Noise|p1a: Haxorus\n|-damage|p1a: Haxorus|120/244\n|-start|p1a: Haxorus|move: Heal Block\n|\n|upkeep\n|turn|2\n|\n|t:|1781412821\n|-terastallize|p1a: Haxorus|Steel\n|move|p1a: Haxorus|Iron Head|p2a: Chimecho\n|-damage|p2a: Chimecho|187/290\n|move|p2a: Chimecho|Psychic Noise|p1a: Haxorus\n|-resisted|p1a: Haxorus\n|-damage|p1a: Haxorus|56/244\n|\n|-heal|p2a: Chimecho|205/290|[from] item: Leftovers\n|-end|p1a: Haxorus|move: Heal Block\n|upkeep\n|turn|3\n|\n|t:|1781412842\n|switch|p1a: Dusknoir|Dusknoir, L89, M|225/225\n|-item|p2a: Chimecho|Leftovers|[from] ability: Frisk|[of] p1a: Dusknoir\n|move|p2a: Chimecho|Psychic Noise|p1a: Dusknoir\n|-damage|p1a: Dusknoir|164/225\n|-start|p1a: Dusknoir|move: Heal Block\n|\n|-heal|p2a: Chimecho|223/290|[from] item: Leftovers\n|upkeep\n|turn|4\n|inactive|Wryler8 has 120 seconds left.\n|\n|t:|1781412862\n|switch|p2a: Maushold|Maushold, L76|235/235\n|move|p1a: Dusknoir|Poltergeist|p2a: Maushold\n|-activate|p2a: Maushold|move: Poltergeist|Life Orb\n|-resisted|p2a: Maushold\n|-damage|p2a: Maushold|104/235\n|replace|p2a: Zoroark|Zoroark, L83, M\n|-end|p2a: Zoroark|Illusion\n|-hint|Illusion Level Mod is active, so this Pok\u00e9mon's true level was hidden.\n|\n|-end|p1a: Dusknoir|move: Heal Block\n|upkeep\n|turn|5\n|inactive|Wryler8 has 120 seconds left.\n|\n|t:|1781412876\n|switch|p1a: Leafeon|Leafeon, L88, M|258/258\n|move|p2a: Zoroark|Dark Pulse|p1a: Leafeon\n|-damage|p1a: Leafeon|109/258\n|-damage|p2a: Zoroark|81/235|[from] item: Life Orb\n|\n|-heal|p1a: Leafeon|125/258|[from] item: Leftovers\n|upkeep\n|turn|6\n|\n|t:|1781412886\n|move|p2a: Zoroark|Sludge Bomb|p1a: Leafeon\n|-supereffective|p1a: Leafeon\n|-damage|p1a: Leafeon|0 fnt\n|faint|p1a: Leafeon\n|-damage|p2a: Zoroark|58/235|[from] item: Life Orb\n|\n|upkeep\n|\n|t:|1781412886\n|switch|p1a: Mamoswine|Mamoswine, L81, F|311/311\n|turn|7\n|inactive|Wryler8 has 120 seconds left.\n|\n|t:|1781412912\n|move|p2a: Zoroark|Sludge Bomb|p1a: Mamoswine\n|-resisted|p1a: Mamoswine\n|-damage|p1a: Mamoswine|243/311\n|-damage|p2a: Zoroark|35/235|[from] item: Life Orb\n|move|p1a: Mamoswine|Earthquake|p2a: Zoroark\n|-damage|p2a: Zoroark|0 fnt\n|faint|p2a: Zoroark\n|-damage|p1a: Mamoswine|212/311|[from] item: Life Orb\n|\n|upkeep\n|\n|t:|1781412926\n|switch|p2a: Meganium|Meganium, L90, M|290/290\n|turn|8\n|\n|t:|1781412934\n|-terastallize|p2a: Meganium|Steel\n|move|p1a: Mamoswine|Ice Shard|p2a: Meganium\n|-resisted|p2a: Meganium\n|-damage|p2a: Meganium|261/290\n|-damage|p1a: Mamoswine|181/311|[from] item: Life Orb\n|move|p2a: Meganium|Petal Blizzard|p1a: Mamoswine\n|-supereffective|p1a: Mamoswine\n|-damage|p1a: Mamoswine|0 fnt\n|faint|p1a: Mamoswine\n|\n|-heal|p2a: Meganium|279/290|[from] item: Leftovers\n|upkeep\n|\n|t:|1781412934\n|switch|p1a: Ceruledge|Ceruledge, L78, M|245/245\n|turn|9\n|inactive|Wryler8 has 120 seconds left.\n|\n|t:|1781412950\n|move|p2a: Meganium|Earthquake|p1a: Ceruledge\n|-supereffective|p1a: Ceruledge\n|-damage|p1a: Ceruledge|75/245\n|-ability|p1a: Ceruledge|Weak Armor|boost\n|-unboost|p1a: Ceruledge|def|1\n|-boost|p1a: Ceruledge|spe|2\n|move|p1a: Ceruledge|Swords Dance|p1a: Ceruledge\n|-boost|p1a: Ceruledge|atk|2\n|\n|-heal|p2a: Meganium|290/290|[from] item: Leftovers\n|upkeep\n|turn|10\n|inactive|Wryler8 has 120 seconds left.\n|\n|t:|1781412962\n|move|p1a: Ceruledge|Bitter Blade|p2a: Meganium\n|-supereffective|p2a: Meganium\n|-damage|p2a: Meganium|0 fnt\n|-heal|p1a: Ceruledge|220/245|[from] drain|[of] p2a: Meganium\n|faint|p2a: Meganium\n|\n|upkeep\n|\n|t:|1781412972\n|switch|p2a: Gliscor|Gliscor, L76, M|239/239\n|turn|11\n|\n|t:|1781412975\n|move|p1a: Ceruledge|Bitter Blade|p2a: Gliscor\n|-damage|p2a: Gliscor|76/239\n|-heal|p1a: Ceruledge|245/245|[from] drain|[of] p2a: Gliscor\n|move|p2a: Gliscor|Earthquake|p1a: Ceruledge\n|-supereffective|p1a: Ceruledge\n|-damage|p1a: Ceruledge|0 fnt\n|faint|p1a: Ceruledge\n|\n|-status|p2a: Gliscor|tox|[from] item: Toxic Orb\n|upkeep\n|\n|t:|1781412975\n|switch|p1a: Bruxish|Bruxish, L85, M|254/254\n|turn|12\n|\n|t:|1781412994\n|switch|p2a: Chimecho|Chimecho, L93, M|223/290\n|move|p1a: Bruxish|Wave Crash|p2a: Chimecho\n|-damage|p2a: Chimecho|19/290\n|-damage|p1a: Bruxish|187/254|[from] Recoil\n|\n|-heal|p2a: Chimecho|37/290|[from] item: Leftovers\n|upkeep\n|turn|13\n|\n|t:|1781413004\n|move|p1a: Bruxish|Wave Crash|p2a: Chimecho\n|-damage|p2a: Chimecho|0 fnt\n|faint|p2a: Chimecho\n|-damage|p1a: Bruxish|175/254|[from] Recoil\n|\n|upkeep\n|\n|t:|1781413013\n|switch|p2a: Forretress|Forretress, L84, F|263/263\n|turn|14\n|\n|t:|1781413017\n|move|p1a: Bruxish|Wave Crash|p2a: Forretress\n|-damage|p2a: Forretress|121/263\n|-damage|p1a: Bruxish|128/254|[from] Recoil\n|move|p2a: Forretress|Volt Switch|p1a: Bruxish\n|-supereffective|p1a: Bruxish\n|-damage|p1a: Bruxish|42/254\n|\n|t:|1781413025\n|switch|p2a: Gliscor|Gliscor, L76, M|76/239 tox|[from] Volt Switch\n|\n|-heal|p2a: Gliscor|105/239 tox|[from] ability: Poison Heal\n|upkeep\n|turn|15\n|\n|t:|1781413038\n|move|p2a: Gliscor|Protect|p2a: Gliscor\n|-singleturn|p2a: Gliscor|Protect\n|move|p1a: Bruxish|Wave Crash|p2a: Gliscor\n|-activate|p2a: Gliscor|move: Protect\n|\n|-heal|p2a: Gliscor|134/239 tox|[from] ability: Poison Heal\n|upkeep\n|turn|16\n|\n|t:|1781413047\n|move|p1a: Bruxish|Wave Crash|p2a: Gliscor\n|-supereffective|p2a: Gliscor\n|-damage|p2a: Gliscor|0 fnt\n|faint|p2a: Gliscor\n|-damage|p1a: Bruxish|0 fnt|[from] Recoil\n|faint|p1a: Bruxish\n|\n|upkeep\n|\n|t:|1781413056\n|switch|p1a: Dusknoir|Dusknoir, L89, M|164/225\n|switch|p2a: Forretress|Forretress, L84, F|121/263\n|-item|p2a: Forretress|Leftovers|[from] ability: Frisk|[of] p1a: Dusknoir\n|turn|17\n|\n|t:|1781413064\n|move|p1a: Dusknoir|Poltergeist|p2a: Forretress\n|-activate|p2a: Forretress|move: Poltergeist|Leftovers\n|-damage|p2a: Forretress|0 fnt\n|faint|p2a: Forretress\n|\n|upkeep\n|c|\u2606Wryler8|Ggs my guy\n|\n|t:|1781413077\n|switch|p2a: Maushold|Maushold, L76|238/238\n|turn|18\n|\n|t:|1781413084\n|move|p2a: Maushold|Tidy Up|p2a: Maushold\n|-boost|p2a: Maushold|atk|1\n|-boost|p2a: Maushold|spe|1\n|move|p1a: Dusknoir|Poltergeist|p2a: Maushold\n|-immune|p2a: Maushold\n|\n|upkeep\n|turn|19\n|\n|t:|1781413092\n|move|p2a: Maushold|Bite|p1a: Dusknoir\n|-supereffective|p1a: Dusknoir\n|-damage|p1a: Dusknoir|76/225\n|cant|p1a: Dusknoir|flinch\n|\n|upkeep\n|turn|20\n|\n|t:|1781413098\n|move|p2a: Maushold|Bite|p1a: Dusknoir\n|-supereffective|p1a: Dusknoir\n|-damage|p1a: Dusknoir|0 fnt\n|faint|p1a: Dusknoir\n|\n|upkeep\n|\n|t:|1781413098\n|switch|p1a: Haxorus|Haxorus, L77, M, tera:Steel|56/244\n|-ability|p1a: Haxorus|Mold Breaker\n|turn|21\n|\n|t:|1781413109\n|move|p2a: Maushold|Population Bomb|p1a: Haxorus\n|-resisted|p1a: Haxorus\n|-crit|p1a: Haxorus\n|-damage|p1a: Haxorus|32/244\n|-resisted|p1a: Haxorus\n|-damage|p1a: Haxorus|14/244\n|-resisted|p1a: Haxorus\n|-damage|p1a: Haxorus|0 fnt\n|faint|p1a: Haxorus\n|-hitcount|p1: Haxorus|3\n|\n|win|Wryler8\n|raw|belligerence55's rating: 1092 &rarr; <strong>1069</strong><br />(-23 for losing)\n|raw|Wryler8's rating: 1103 &rarr; <strong>1127</strong><br />(+24 for winning)\n|l|\u2606belligerence55\n|player|p1|\n", "inputlog": ">version a8376a258c1d4662feba110a92103f3664a72141\n>start {\"formatid\":\"gen9randombattle\",\"seed\":\"sodium,db5ce0e9895e0f40e5bd1b525efbf078\",\"rated\":\"Rated battle\"}\n>player p1 {\"name\":\"belligerence55\",\"avatar\":\"102\",\"rating\":1092,\"seed\":\"sodium,130ce749a4564f054a86b38e5400c8bb\"}\n>player p2 {\"name\":\"Wryler8\",\"avatar\":\"170\",\"rating\":1103,\"seed\":\"sodium,67b168b707a1daaf28ddd00a04b6e885\"}\n>p1 move scaleshot\n>p2 move psychicnoise\n>p1 move ironhead terastallize\n>p2 move psychicnoise\n>p1 switch 6\n>p2 move psychicnoise\n>p1 move poltergeist\n>p2 switch 4\n>p1 switch 2\n>p2 move darkpulse\n>p1 move leafblade\n>p2 move sludgebomb\n>p1 switch 4\n>p1 move earthquake\n>p2 move sludgebomb\n>p2 switch 2\n>p1 move iceshard\n>p2 move petalblizzard terastallize\n>p1 switch 5\n>p1 move swordsdance\n>p2 move earthquake\n>p1 move bitterblade\n>p2 move earthquake\n>p2 switch 5\n>p1 move bitterblade\n>p2 move earthquake\n>p1 switch 3\n>p1 move wavecrash\n>p2 switch 4\n>p1 move wavecrash\n>p2 move recover\n>p2 switch 3\n>p1 move wavecrash\n>p2 move voltswitch\n>p2 switch 4\n>p1 move wavecrash\n>p2 move protect\n>p1 move wavecrash\n>p2 move earthquake\n>p1 switch 2\n>p2 switch 4\n>p1 move poltergeist\n>p2 move ironhead\n>chat \u2606Wryler8|Ggs my guy\n>p2 switch 6\n>p1 move poltergeist\n>p2 move tidyup\n>p1 move poltergeist\n>p2 move bite\n>p1 move poltergeist\n>p2 move bite\n>p1 switch 6\n>p1 move closecombat\n>p2 move populationbomb", "uploadtime": 1781413123, "views": 12, "formatid": "gen9randombattle", "rating": 1069, "private": 0, "password": null}