{"id": "gen9randombattle-2631639991", "format": "[Gen 9] Random Battle", "players": ["mahuateng", "Pahsghetti"], "log": "|j|\u2606mahuateng\n|j|\u2606Pahsghetti\n|t:|1781413159\n|gametype|singles\n|player|p1|mahuateng|twins-gen4|1370\n|player|p2|Pahsghetti|169|1428\n|gen|9\n|tier|[Gen 9] Random Battle\n|rated|\n|rule|Species Clause: Limit one of each Pok\u00e9mon\n|rule|HP Percentage Mod: HP is shown in percentages\n|rule|Sleep Clause Mod: Limit one foe put to sleep\n|rule|Illusion Level Mod: Illusion disguises the Pok\u00e9mon's true level\n|\n|t:|1781413159\n|teamsize|p1|6\n|teamsize|p2|6\n|start\n|switch|p1a: Cloyster|Cloyster, L80, M|211/211\n|switch|p2a: Vaporeon|Vaporeon, L86, M|364/364\n|turn|1\n|\n|t:|1781413173\n|move|p2a: Vaporeon|Scald|p1a: Cloyster\n|-resisted|p1a: Cloyster\n|-damage|p1a: Cloyster|130/211\n|move|p1a: Cloyster|Shell Smash|p1a: Cloyster\n|-unboost|p1a: Cloyster|def|1\n|-unboost|p1a: Cloyster|spd|1\n|-boost|p1a: Cloyster|atk|2\n|-boost|p1a: Cloyster|spa|2\n|-boost|p1a: Cloyster|spe|2\n|-enditem|p1a: Cloyster|White Herb\n|-clearnegativeboost|p1a: Cloyster|[silent]\n|\n|upkeep\n|turn|2\n|\n|t:|1781413182\n|move|p1a: Cloyster|Rock Blast|p2a: Vaporeon\n|-damage|p2a: Vaporeon|323/364\n|-damage|p2a: Vaporeon|284/364\n|-damage|p2a: Vaporeon|239/364\n|-damage|p2a: Vaporeon|199/364\n|-damage|p2a: Vaporeon|159/364\n|-hitcount|p2a: Vaporeon|5\n|move|p2a: Vaporeon|Scald|p1a: Cloyster\n|-resisted|p1a: Cloyster\n|-damage|p1a: Cloyster|46/211\n|\n|-heal|p2a: Vaporeon|181/364|[from] item: Leftovers\n|upkeep\n|turn|3\n|\n|t:|1781413192\n|move|p1a: Cloyster|Rock Blast|p2a: Vaporeon\n|-damage|p2a: Vaporeon|138/364\n|-damage|p2a: Vaporeon|99/364\n|-damage|p2a: Vaporeon|56/364\n|-damage|p2a: Vaporeon|17/364\n|-damage|p2a: Vaporeon|0 fnt\n|faint|p2a: Vaporeon\n|-hitcount|p2: Vaporeon|5\n|\n|upkeep\n|\n|t:|1781413200\n|switch|p2a: Ursaring|Ursaring, L84, F|288/288\n|turn|4\n|\n|t:|1781413206\n|move|p1a: Cloyster|Icicle Spear|p2a: Ursaring\n|-damage|p2a: Ursaring|231/288\n|-damage|p2a: Ursaring|176/288\n|-damage|p2a: Ursaring|119/288\n|-damage|p2a: Ursaring|62/288\n|-damage|p2a: Ursaring|5/288\n|-hitcount|p2a: Ursaring|5\n|move|p2a: Ursaring|Facade|p1a: Cloyster\n|-damage|p1a: Cloyster|0 fnt\n|faint|p1a: Cloyster\n|\n|-status|p2a: Ursaring|tox|[from] item: Toxic Orb\n|upkeep\n|inactive|Battle timer is ON: inactive players will automatically lose when time's up. (requested by Pahsghetti)\n|\n|t:|1781413245\n|switch|p1a: Volbeat|Volbeat, L90, M|263/263\n|turn|5\n|\n|t:|1781413253\n|move|p2a: Ursaring|Facade|p1a: Volbeat\n|-damage|p1a: Volbeat|55/263\n|move|p1a: Volbeat|Lunge|p2a: Ursaring\n|-damage|p2a: Ursaring|0 fnt\n|faint|p2a: Ursaring\n|\n|upkeep\n|\n|t:|1781413263\n|switch|p2a: Gliscor|Gliscor, L76, M|239/239\n|turn|6\n|\n|t:|1781413287\n|switch|p1a: Basculin|Basculin, L86, F|261/261\n|move|p2a: Gliscor|Toxic|p1a: Basculin\n|-status|p1a: Basculin|tox\n|\n|-damage|p1a: Basculin|245/261 tox|[from] psn\n|-status|p2a: Gliscor|tox|[from] item: Toxic Orb\n|upkeep\n|turn|7\n|\n|t:|1781413299\n|switch|p2a: Manaphy|Manaphy, L78|284/284\n|move|p1a: Basculin|Flip Turn|p2a: Manaphy\n|-resisted|p2a: Manaphy\n|-damage|p2a: Manaphy|224/284\n|\n|t:|1781413305\n|switch|p1a: Zekrom|Zekrom, L71|259/259|[from] Flip Turn\n|-ability|p1a: Zekrom|Teravolt\n|\n|-heal|p2a: Manaphy|241/284|[from] item: Leftovers\n|upkeep\n|turn|8\n|\n|t:|1781413312\n|move|p2a: Manaphy|Ice Beam|p1a: Zekrom\n|-supereffective|p1a: Zekrom\n|-damage|p1a: Zekrom|139/259\n|move|p1a: Zekrom|Dragon Dance|p1a: Zekrom\n|-boost|p1a: Zekrom|atk|1\n|-boost|p1a: Zekrom|spe|1\n|\n|-heal|p1a: Zekrom|155/259|[from] item: Leftovers\n|-heal|p2a: Manaphy|258/284|[from] item: Leftovers\n|upkeep\n|turn|9\n|\n|t:|1781413321\n|-terastallize|p1a: Zekrom|Fairy\n|move|p1a: Zekrom|Bolt Strike|p2a: Manaphy\n|-supereffective|p2a: Manaphy\n|-damage|p2a: Manaphy|0 fnt\n|faint|p2a: Manaphy\n|\n|-heal|p1a: Zekrom|171/259|[from] item: Leftovers\n|upkeep\n|\n|t:|1781413332\n|switch|p2a: Wigglytuff|Wigglytuff, L96, M|424/424\n|turn|10\n|\n|t:|1781413338\n|move|p1a: Zekrom|Bolt Strike|p2a: Wigglytuff\n|-crit|p2a: Wigglytuff\n|-damage|p2a: Wigglytuff|0 fnt\n|faint|p2a: Wigglytuff\n|\n|-heal|p1a: Zekrom|187/259|[from] item: Leftovers\n|upkeep\n|-message|Pahsghetti forfeited.\n|\n|win|mahuateng\n|raw|mahuateng's rating: 1370 &rarr; <strong>1393</strong><br />(+23 for winning)\n|raw|Pahsghetti's rating: 1428 &rarr; <strong>1405</strong><br />(-23 for losing)\n|l|\u2606Pahsghetti\n|player|p2|\n", "inputlog": ">version a8376a258c1d4662feba110a92103f3664a72141\n>start {\"formatid\":\"gen9randombattle\",\"seed\":\"sodium,64fe437e7d5bf6abf1bde5c7cbf1de00\",\"rated\":\"Rated battle\"}\n>player p1 {\"name\":\"mahuateng\",\"avatar\":\"twins-gen4\",\"rating\":1370,\"seed\":\"sodium,0b77f63796f0d10ab0e26e65ba75ac27\"}\n>player p2 {\"name\":\"Pahsghetti\",\"avatar\":\"169\",\"rating\":1428,\"seed\":\"sodium,f51922f3979331c858c0986a4ec83ded\"}\n>p1 move shellsmash\n>p2 move scald\n>p1 move rockblast\n>p2 move scald\n>p1 move rockblast\n>p2 move scald\n>p2 switch 6\n>p1 move iciclespear\n>p2 move facade\n>p1 switch 6\n>p1 move lunge\n>p2 move facade\n>p2 switch 5\n>p1 switch 5\n>p2 move toxic\n>p1 move flipturn\n>p2 switch 2\n>p1 switch 3\n>p1 move dragondance\n>p2 move icebeam\n>p1 move boltstrike terastallize\n>p2 move icebeam\n>p2 switch 4\n>p1 move boltstrike\n>p2 move thunderwave\n>forcelose p2", "uploadtime": 1781413344, "views": 4, "formatid": "gen9randombattle", "rating": 1393, "private": 0, "password": null}