{"id": "gen9randombattle-2631451667", "format": "[Gen 9] Random Battle", "players": ["Fortre", "huijokp"], "log": "|j|\u2606Fortre\n|j|\u2606huijokp\n|t:|1781386323\n|gametype|singles\n|player|p1|Fortre|1|1997\n|player|p2|huijokp|265|2002\n|gen|9\n|tier|[Gen 9] Random Battle\n|rated|\n|rule|Species Clause: Limit one of each Pok\u00e9mon\n|rule|HP Percentage Mod: HP is shown in percentages\n|rule|Sleep Clause Mod: Limit one foe put to sleep\n|rule|Illusion Level Mod: Illusion disguises the Pok\u00e9mon's true level\n|\n|t:|1781386323\n|teamsize|p1|6\n|teamsize|p2|6\n|start\n|switch|p1a: Groudon|Groudon, L72|263/263\n|switch|p2a: Iron Hands|Iron Hands, L79|373/373\n|-weather|SunnyDay|[from] ability: Drought|[of] p1a: Groudon\n|turn|1\n|\n|t:|1781386352\n|-end|p2a: Iron Hands|Quark Drive|[silent]\n|switch|p2a: Wo-Chien|Wo-Chien, L83|277/277\n|-ability|p2a: Wo-Chien|Tablets of Ruin\n|move|p1a: Groudon|Swords Dance|p1a: Groudon\n|-boost|p1a: Groudon|atk|2\n|\n|-weather|SunnyDay|[upkeep]\n|upkeep\n|turn|2\n|inactive|Battle timer is ON: inactive players will automatically lose when time's up. (requested by huijokp)\n|\n|t:|1781386360\n|move|p2a: Wo-Chien|Protect|p2a: Wo-Chien\n|-singleturn|p2a: Wo-Chien|Protect\n|move|p1a: Groudon|Heat Crash|p2a: Wo-Chien\n|-activate|p2a: Wo-Chien|move: Protect\n|\n|-weather|SunnyDay|[upkeep]\n|upkeep\n|turn|3\n|\n|t:|1781386387\n|switch|p2a: Ceruledge|Ceruledge, L78, F|245/245\n|move|p1a: Groudon|Heat Crash|p2a: Ceruledge\n|-resisted|p2a: Ceruledge\n|-damage|p2a: Ceruledge|90/245\n|-ability|p2a: Ceruledge|Weak Armor|boost\n|-unboost|p2a: Ceruledge|def|1\n|-boost|p2a: Ceruledge|spe|2\n|\n|-weather|SunnyDay|[upkeep]\n|upkeep\n|turn|4\n|\n|t:|1781386393\n|move|p2a: Ceruledge|Poltergeist|p1a: Groudon\n|-activate|p1a: Groudon|move: Poltergeist|Leftovers\n|-damage|p1a: Groudon|167/263\n|move|p1a: Groudon|Precipice Blades|p2a: Ceruledge\n|-supereffective|p2a: Ceruledge\n|-damage|p2a: Ceruledge|0 fnt\n|faint|p2a: Ceruledge\n|\n|-weather|SunnyDay|[upkeep]\n|-heal|p1a: Groudon|183/263|[from] item: Leftovers\n|upkeep\n|\n|t:|1781386403\n|switch|p2a: Groudon|Groudon, L72|263/263\n|turn|5\n|\n|t:|1781386413\n|move|p2a: Groudon|Spikes|p1a: Groudon\n|-sidestart|p1: Fortre|Spikes\n|move|p1a: Groudon|Heat Crash|p2a: Groudon\n|-damage|p2a: Groudon|186/263\n|\n|-weather|none\n|-heal|p2a: Groudon|202/263|[from] item: Leftovers\n|-heal|p1a: Groudon|199/263|[from] item: Leftovers\n|upkeep\n|turn|6\n|inactive|huijokp has 120 seconds left.\n|\n|t:|1781386447\n|move|p2a: Groudon|Spikes|p1a: Groudon\n|-sidestart|p1: Fortre|Spikes\n|move|p1a: Groudon|Precipice Blades|p2a: Groudon\n|-damage|p2a: Groudon|0 fnt\n|faint|p2a: Groudon\n|\n|-heal|p1a: Groudon|215/263|[from] item: Leftovers\n|upkeep\n|\n|t:|1781386451\n|switch|p2a: Comfey|Comfey, L85, F|225/225\n|turn|7\n|\n|t:|1781386456\n|move|p2a: Comfey|Calm Mind|p2a: Comfey\n|-boost|p2a: Comfey|spa|1\n|-boost|p2a: Comfey|spd|1\n|move|p1a: Groudon|Heat Crash|p2a: Comfey\n|-damage|p2a: Comfey|53/225\n|\n|-heal|p2a: Comfey|67/225|[from] item: Leftovers\n|-heal|p1a: Groudon|231/263|[from] item: Leftovers\n|upkeep\n|turn|8\n|\n|t:|1781386461\n|move|p2a: Comfey|Giga Drain|p1a: Groudon\n|-supereffective|p1a: Groudon\n|-damage|p1a: Groudon|51/263\n|-heal|p2a: Comfey|157/225|[from] drain|[of] p1a: Groudon\n|move|p1a: Groudon|Heat Crash|p2a: Comfey\n|-damage|p2a: Comfey|0 fnt\n|faint|p2a: Comfey\n|\n|-heal|p1a: Groudon|67/263|[from] item: Leftovers\n|upkeep\n|\n|t:|1781386467\n|switch|p2a: Arceus|Arceus, L68|276/276\n|turn|9\n|\n|t:|1781386478\n|move|p2a: Arceus|Swords Dance|p2a: Arceus\n|-boost|p2a: Arceus|atk|2\n|move|p1a: Groudon|Precipice Blades|p2a: Arceus\n|-damage|p2a: Arceus|17/276\n|\n|-heal|p1a: Groudon|83/263|[from] item: Leftovers\n|upkeep\n|turn|10\n|inactive|huijokp has 120 seconds left.\n|\n|t:|1781386510\n|switch|p1a: Brambleghast|Brambleghast, L88, M|240/240\n|move|p2a: Arceus|Extreme Speed|p1a: Brambleghast\n|-immune|p1a: Brambleghast\n|\n|upkeep\n|turn|11\n|\n|t:|1781386514\n|move|p1a: Brambleghast|Rapid Spin|p2a: Arceus\n|-damage|p2a: Arceus|0 fnt\n|-boost|p1a: Brambleghast|spe|1\n|-sideend|p1: Fortre|Spikes|[from] move: Rapid Spin|[of] p1a: Brambleghast\n|faint|p2a: Arceus\n|\n|upkeep\n|-message|huijokp forfeited.\n|\n|win|Fortre\n", "inputlog": ">version a8376a258c1d4662feba110a92103f3664a72141\n>start {\"formatid\":\"gen9randombattle\",\"seed\":\"sodium,027c194dc6d74b483020c0d09bc39e0f\",\"rated\":\"Rated battle\"}\n>player p1 {\"name\":\"Fortre\",\"avatar\":\"1\",\"rating\":1997,\"seed\":\"sodium,f9851773c20639071724bbb847123fbc\"}\n>player p2 {\"name\":\"huijokp\",\"avatar\":\"265\",\"rating\":2002,\"seed\":\"sodium,04862ff818651bbeabeb966985378735\"}\n>p1 move swordsdance\n>p2 switch 4\n>p1 move heatcrash\n>p2 move protect\n>p1 move heatcrash\n>p2 switch 5\n>p1 move precipiceblades\n>p2 move poltergeist\n>p2 switch 6\n>p1 move heatcrash\n>p2 move spikes\n>p1 move precipiceblades\n>p2 move spikes\n>p2 switch 2\n>p1 move heatcrash\n>p2 move calmmind\n>p1 move heatcrash\n>p2 move gigadrain\n>p2 switch 3\n>p1 move precipiceblades\n>p2 move swordsdance\n>p1 switch 3\n>p2 move extremespeed\n>p1 move rapidspin\n>p2 move shadowclaw\n>forcelose p2", "uploadtime": 1781386326, "views": 7, "formatid": "gen9randombattle", "rating": null, "private": 0, "password": null}