{"id": "gen9randombattle-2631649479", "format": "[Gen 9] Random Battle", "players": ["ComoTanMuchachos67", "Legend Alain"], "log": "|j|\u2606ComoTanMuchachos67\n|j|\u2606Legend Alain\n|t:|1781414796\n|gametype|singles\n|player|p1|ComoTanMuchachos67|lance|1179\n|player|p2|Legend Alain|alain|1139\n|gen|9\n|tier|[Gen 9] Random Battle\n|rated|\n|rule|Species Clause: Limit one of each Pok\u00e9mon\n|rule|HP Percentage Mod: HP is shown in percentages\n|rule|Sleep Clause Mod: Limit one foe put to sleep\n|rule|Illusion Level Mod: Illusion disguises the Pok\u00e9mon's true level\n|\n|t:|1781414796\n|teamsize|p1|6\n|teamsize|p2|6\n|start\n|switch|p1a: Girafarig|Girafarig, L89, F|269/269\n|switch|p2a: Bellossom|Bellossom, L84, F|263/263\n|turn|1\n|inactive|Battle timer is ON: inactive players will automatically lose when time's up. (requested by Legend Alain)\n|\n|t:|1781414811\n|move|p1a: Girafarig|Nasty Plot|p1a: Girafarig\n|-boost|p1a: Girafarig|spa|2\n|move|p2a: Bellossom|Quiver Dance|p2a: Bellossom\n|-boost|p2a: Bellossom|spa|1\n|-boost|p2a: Bellossom|spd|1\n|-boost|p2a: Bellossom|spe|1\n|\n|upkeep\n|turn|2\n|\n|t:|1781414818\n|move|p1a: Girafarig|Psychic|p2a: Bellossom\n|-damage|p2a: Bellossom|149/263\n|move|p2a: Bellossom|Giga Drain|p1a: Girafarig\n|-ability|p1a: Girafarig|Sap Sipper|boost\n|-boost|p1a: Girafarig|atk|1\n|\n|-heal|p2a: Bellossom|165/263|[from] item: Leftovers\n|upkeep\n|turn|3\n|\n|t:|1781414838\n|switch|p2a: Electivire|Electivire, L84, M|263/263\n|move|p1a: Girafarig|Psychic|p2a: Electivire\n|-damage|p2a: Electivire|74/263\n|\n|upkeep\n|turn|4\n|\n|t:|1781414849\n|-terastallize|p2a: Electivire|Dark\n|move|p2a: Electivire|Knock Off|p1a: Girafarig\n|-supereffective|p1a: Girafarig\n|-damage|p1a: Girafarig|27/269\n|-enditem|p1a: Girafarig|Eviolite|[from] move: Knock Off|[of] p2a: Electivire\n|-damage|p2a: Electivire|48/263|[from] item: Life Orb\n|move|p1a: Girafarig|Psychic|p2a: Electivire\n|-immune|p2a: Electivire\n|\n|upkeep\n|turn|5\n|\n|t:|1781414860\n|move|p2a: Electivire|Volt Switch|p1a: Girafarig\n|-damage|p1a: Girafarig|0 fnt\n|faint|p1a: Girafarig\n|-damage|p2a: Electivire|22/263|[from] item: Life Orb\n|\n|t:|1781414872\n|switch|p2a: Bellossom|Bellossom, L84, F|165/263|[from] Volt Switch\n|\n|-heal|p2a: Bellossom|181/263|[from] item: Leftovers\n|upkeep\n|\n|t:|1781414886\n|switch|p1a: Squawkabilly|Squawkabilly, L85, F|278/278\n|turn|6\n|\n|t:|1781414898\n|switch|p2a: Bastiodon|Bastiodon, L89, M|252/252\n|move|p1a: Squawkabilly|Brave Bird|p2a: Bastiodon\n|-resisted|p2a: Bastiodon\n|-damage|p2a: Bastiodon|232/252\n|-damage|p1a: Squawkabilly|271/278|[from] Recoil\n|\n|-status|p1a: Squawkabilly|brn|[from] item: Flame Orb\n|upkeep\n|turn|7\n|\n|t:|1781414913\n|move|p1a: Squawkabilly|U-turn|p2a: Bastiodon\n|-resisted|p2a: Bastiodon\n|-damage|p2a: Bastiodon|210/252\n|inactive|ComoTanMuchachos67 has 120 seconds left.\n|\n|t:|1781414943\n|switch|p1a: Pelipper|Pelipper, L86, F|243/243|[from] U-turn\n|-weather|RainDance|[from] ability: Drizzle|[of] p1a: Pelipper\n|move|p2a: Bastiodon|Foul Play|p1a: Pelipper\n|-damage|p1a: Pelipper|200/243\n|\n|-weather|RainDance|[upkeep]\n|upkeep\n|turn|8\n|inactive|ComoTanMuchachos67 has 120 seconds left.\n|\n|t:|1781414958\n|switch|p2a: Electivire|Electivire, L84, M, tera:Dark|22/263\n|move|p1a: Pelipper|Weather Ball|p2a: Electivire\n|-damage|p2a: Electivire|0 fnt\n|faint|p2a: Electivire\n|\n|-weather|RainDance|[upkeep]\n|upkeep\n|\n|t:|1781414972\n|switch|p2a: Minior|Minior-Blue, L79|224/224\n|-formechange|p2a: Minior|Minior-Meteor||[from] ability: Shields Down\n|turn|9\n|\n|t:|1781414977\n|move|p1a: Pelipper|Weather Ball|p2a: Minior\n|-supereffective|p2a: Minior\n|-damage|p2a: Minior|0 fnt\n|faint|p2a: Minior\n|\n|-weather|RainDance|[upkeep]\n|upkeep\n|\n|t:|1781414981\n|switch|p2a: Mew|Mew, L82|298/298\n|turn|10\n|\n|t:|1781414984\n|move|p2a: Mew|Toxic Spikes|p1a: Pelipper\n|-sidestart|p1: ComoTanMuchachos67|move: Toxic Spikes\n|move|p1a: Pelipper|Weather Ball|p2a: Mew\n|-damage|p2a: Mew|66/298\n|\n|-weather|RainDance|[upkeep]\n|-heal|p2a: Mew|84/298|[from] item: Leftovers\n|upkeep\n|turn|11\n|\n|t:|1781414991\n|move|p2a: Mew|Knock Off|p1a: Pelipper\n|-crit|p1a: Pelipper\n|-damage|p1a: Pelipper|118/243\n|-enditem|p1a: Pelipper|Choice Specs|[from] move: Knock Off|[of] p2a: Mew\n|move|p1a: Pelipper|Weather Ball|p2a: Mew\n|-damage|p2a: Mew|0 fnt\n|faint|p2a: Mew\n|\n|-weather|none\n|upkeep\n|\n|t:|1781415000\n|switch|p2a: Sylveon|Sylveon, L85, M|300/300\n|turn|12\n|\n|t:|1781415010\n|switch|p1a: Skuntank|Skuntank, L84, M|310/310\n|-sideend|p1: ComoTanMuchachos67|move: Toxic Spikes|[of] p1a: Skuntank\n|move|p2a: Sylveon|Calm Mind|p2a: Sylveon\n|-boost|p2a: Sylveon|spa|1\n|-boost|p2a: Sylveon|spd|1\n|\n|upkeep\n|turn|13\n|\n|t:|1781415018\n|move|p1a: Skuntank|Gunk Shot|p2a: Sylveon\n|-supereffective|p2a: Sylveon\n|-crit|p2a: Sylveon\n|-damage|p2a: Sylveon|0 fnt\n|faint|p2a: Sylveon\n|-damage|p1a: Skuntank|279/310|[from] item: Life Orb\n|\n|upkeep\n|\n|t:|1781415022\n|switch|p2a: Bastiodon|Bastiodon, L89, M|210/252\n|turn|14\n|\n|t:|1781415034\n|move|p1a: Skuntank|Knock Off|p2a: Bastiodon\n|-damage|p2a: Bastiodon|140/252\n|-enditem|p2a: Bastiodon|Chesto Berry|[from] move: Knock Off|[of] p1a: Skuntank\n|-damage|p1a: Skuntank|248/310|[from] item: Life Orb\n|move|p2a: Bastiodon|Iron Defense|p2a: Bastiodon\n|-boost|p2a: Bastiodon|def|2\n|\n|upkeep\n|turn|15\n|\n|t:|1781415044\n|move|p1a: Skuntank|Taunt|p2a: Bastiodon\n|-start|p2a: Bastiodon|move: Taunt\n|move|p2a: Bastiodon|Body Press|p1a: Skuntank\n|-damage|p1a: Skuntank|5/310\n|\n|upkeep\n|turn|16\n|\n|t:|1781415050\n|move|p1a: Skuntank|Knock Off|p2a: Bastiodon\n|-damage|p2a: Bastiodon|117/252\n|-damage|p1a: Skuntank|0 fnt|[from] item: Life Orb\n|faint|p1a: Skuntank\n|move|p2a: Bastiodon|Body Press|p1: Skuntank|[notarget]\n|-fail|p2a: Bastiodon\n|\n|upkeep\n|\n|t:|1781415057\n|switch|p1a: Pelipper|Pelipper, L86, F|118/243\n|-weather|RainDance|[from] ability: Drizzle|[of] p1a: Pelipper\n|turn|17\n|\n|t:|1781415064\n|move|p1a: Pelipper|Weather Ball|p2a: Bastiodon\n|-supereffective|p2a: Bastiodon\n|-damage|p2a: Bastiodon|0 fnt\n|faint|p2a: Bastiodon\n|\n|-weather|RainDance|[upkeep]\n|upkeep\n|\n|t:|1781415066\n|switch|p2a: Bellossom|Bellossom, L84, F|181/263\n|turn|18\n|\n|t:|1781415074\n|move|p1a: Pelipper|Hurricane|p2a: Bellossom\n|-supereffective|p2a: Bellossom\n|-damage|p2a: Bellossom|0 fnt\n|faint|p2a: Bellossom\n|\n|win|ComoTanMuchachos67\n|raw|ComoTanMuchachos67's rating: 1179 &rarr; <strong>1201</strong><br />(+22 for winning)\n|raw|Legend Alain's rating: 1139 &rarr; <strong>1117</strong><br />(-22 for losing)\n|l|\u2606Legend Alain\n|player|p2|\n|l|\u2606ComoTanMuchachos67\n|player|p1|\n|j|\u2606ComoTanMuchachos67\n|player|p1|ComoTanMuchachos67|lance|\n", "inputlog": ">version a8376a258c1d4662feba110a92103f3664a72141\n>start {\"formatid\":\"gen9randombattle\",\"seed\":\"sodium,238dc2147f9d986e682e57fab6671622\",\"rated\":\"Rated battle\"}\n>player p1 {\"name\":\"ComoTanMuchachos67\",\"avatar\":\"lance\",\"rating\":1179,\"seed\":\"sodium,b9c21410865550fa2e56cdd47e467e2f\"}\n>player p2 {\"name\":\"Legend Alain\",\"avatar\":\"alain\",\"rating\":1139,\"seed\":\"sodium,ef3bfe3dcbd8898b6f4283388573b93f\"}\n>p1 move nastyplot\n>p2 move quiverdance\n>p1 move psychic\n>p2 move gigadrain\n>p1 move psychic\n>p2 switch 5\n>p1 move psychic\n>p2 move knockoff terastallize\n>p1 move dazzlinggleam\n>p2 move voltswitch\n>p2 switch 5\n>p1 switch 4\n>p1 move bravebird\n>p2 switch 2\n>p1 move uturn\n>p2 move foulplay\n>p1 switch 3\n>p1 move weatherball\n>p2 switch 5\n>p2 switch 4\n>p1 move weatherball\n>p2 move powergem\n>p2 switch 3\n>p1 move weatherball\n>p2 move toxicspikes\n>p1 move weatherball\n>p2 move knockoff\n>p2 switch 6\n>p1 switch 5\n>p2 move calmmind\n>p1 move gunkshot\n>p2 move wish\n>p2 switch 5\n>p1 move knockoff\n>p2 move irondefense\n>p1 move taunt\n>p2 move bodypress\n>p1 move knockoff\n>p2 move bodypress\n>p1 switch 5\n>p1 move weatherball\n>p2 move bodypress\n>p2 switch 2\n>p1 move hurricane\n>p2 move gigadrain", "uploadtime": 1781415119, "views": 7, "formatid": "gen9randombattle", "rating": 1117, "private": 0, "password": null}