{"id": "gen9randombattle-2631710671", "format": "[Gen 9] Random Battle", "players": ["lemontheheavens", "KoffeeArchive"], "log": "|j|\u2606lemontheheavens\n|j|\u2606KoffeeArchive\n|t:|1781426400\n|gametype|singles\n|player|p1|lemontheheavens|1|2034\n|player|p2|KoffeeArchive|clair|2049\n|gen|9\n|tier|[Gen 9] Random Battle\n|rated|\n|rule|Species Clause: Limit one of each Pok\u00e9mon\n|rule|HP Percentage Mod: HP is shown in percentages\n|rule|Sleep Clause Mod: Limit one foe put to sleep\n|rule|Illusion Level Mod: Illusion disguises the Pok\u00e9mon's true level\n|\n|t:|1781426400\n|teamsize|p1|6\n|teamsize|p2|6\n|start\n|switch|p1a: Iron Boulder|Iron Boulder, L77|265/265\n|switch|p2a: Glastrier|Glastrier, L86|312/312\n|turn|1\n|inactive|Battle timer is ON: inactive players will automatically lose when time's up. (requested by KoffeeArchive)\n|\n|t:|1781426410\n|-end|p1a: Iron Boulder|Quark Drive|[silent]\n|switch|p1a: Bronzong|Bronzong, L88|261/261\n|move|p2a: Glastrier|Close Combat|p1a: Bronzong\n|-damage|p1a: Bronzong|167/261\n|-unboost|p2a: Glastrier|def|1\n|-unboost|p2a: Glastrier|spd|1\n|\n|-heal|p1a: Bronzong|183/261|[from] item: Leftovers\n|upkeep\n|turn|2\n|\n|t:|1781426416\n|switch|p2a: Hoopa|Hoopa-Unbound, L80|259/259\n|move|p1a: Bronzong|Stealth Rock|p2a: Hoopa\n|-sidestart|p2: KoffeeArchive|move: Stealth Rock\n|\n|-heal|p1a: Bronzong|199/261|[from] item: Leftovers\n|upkeep\n|turn|3\n|\n|t:|1781426426\n|switch|p1a: Volbeat|Volbeat, L90, M|263/263\n|move|p2a: Hoopa|Trick|p1a: Volbeat\n|-activate|p2a: Hoopa|move: Trick|[of] p1a: Volbeat\n|-item|p1a: Volbeat|Choice Scarf|[from] move: Trick\n|-item|p2a: Hoopa|Heavy-Duty Boots|[from] move: Trick\n|\n|upkeep\n|turn|4\n|\n|t:|1781426436\n|switch|p2a: Skarmory|Skarmory, L80, M|235/235\n|-damage|p2a: Skarmory|206/235|[from] Stealth Rock\n|move|p1a: Volbeat|Lunge|p2a: Skarmory\n|-resisted|p2a: Skarmory\n|-damage|p2a: Skarmory|191/235\n|-unboost|p2a: Skarmory|atk|1\n|-damage|p1a: Volbeat|220/263|[from] item: Rocky Helmet|[of] p2a: Skarmory\n|\n|upkeep\n|turn|5\n|\n|t:|1781426445\n|switch|p1a: Bronzong|Bronzong, L88|199/261\n|move|p2a: Skarmory|Stealth Rock|p1a: Bronzong\n|-sidestart|p1: lemontheheavens|move: Stealth Rock\n|\n|-heal|p1a: Bronzong|215/261|[from] item: Leftovers\n|upkeep\n|turn|6\n|\n|t:|1781426450\n|move|p2a: Skarmory|Spikes|p1a: Bronzong\n|-sidestart|p1: lemontheheavens|Spikes\n|move|p1a: Bronzong|Hypnosis|p2a: Skarmory\n|-status|p2a: Skarmory|slp|[from] move: Hypnosis\n|\n|-heal|p1a: Bronzong|231/261|[from] item: Leftovers\n|upkeep\n|turn|7\n|\n|t:|1781426460\n|switch|p1a: Gyarados|Gyarados, L79, M|280/280\n|cant|p2a: Skarmory|slp\n|\n|upkeep\n|turn|8\n|\n|t:|1781426469\n|switch|p2a: Gumshoos|Gumshoos, L95, M|321/321\n|-damage|p2a: Gumshoos|281/321|[from] Stealth Rock\n|move|p1a: Gyarados|Dragon Dance|p1a: Gyarados\n|-boost|p1a: Gyarados|atk|1\n|-boost|p1a: Gyarados|spe|1\n|\n|upkeep\n|turn|9\n|\n|t:|1781426474\n|move|p1a: Gyarados|Waterfall|p2a: Gumshoos\n|-damage|p2a: Gumshoos|110/321\n|move|p2a: Gumshoos|Double-Edge|p1a: Gyarados\n|-damage|p1a: Gyarados|0 fnt\n|faint|p1a: Gyarados\n|-damage|p2a: Gumshoos|18/321|[from] Recoil\n|\n|upkeep\n|\n|t:|1781426494\n|switch|p1a: Toucannon|Toucannon, L88, M|284/284\n|turn|10\n|\n|t:|1781426498\n|move|p1a: Toucannon|Knock Off|p2a: Gumshoos\n|-damage|p2a: Gumshoos|0 fnt\n|-enditem|p2a: Gumshoos|Choice Band|[from] move: Knock Off|[of] p1a: Toucannon\n|faint|p2a: Gumshoos\n|\n|upkeep\n|\n|t:|1781426504\n|switch|p2a: Furret|Furret, L94, M|312/312\n|-damage|p2a: Furret|273/312|[from] Stealth Rock\n|-item|p1a: Toucannon|Heavy-Duty Boots|[from] ability: Frisk|[of] p2a: Furret\n|turn|11\n|\n|t:|1781426510\n|-singleturn|p1a: Toucannon|move: Beak Blast\n|move|p2a: Furret|Double-Edge|p1a: Toucannon\n|-damage|p1a: Toucannon|105/284\n|-status|p2a: Furret|brn\n|-damage|p2a: Furret|214/312 brn|[from] Recoil\n|-damage|p2a: Furret|183/312 brn|[from] item: Life Orb\n|move|p1a: Toucannon|Beak Blast|p2a: Furret\n|-damage|p2a: Furret|26/312 brn\n|\n|-damage|p2a: Furret|7/312 brn|[from] brn\n|upkeep\n|turn|12\n|\n|t:|1781426515\n|move|p2a: Furret|Knock Off|p1a: Toucannon\n|-damage|p1a: Toucannon|58/284\n|-enditem|p1a: Toucannon|Heavy-Duty Boots|[from] move: Knock Off|[of] p2a: Furret\n|-damage|p2a: Furret|0 fnt|[from] item: Life Orb\n|faint|p2a: Furret\n|move|p1a: Toucannon|Roost|p1a: Toucannon\n|-heal|p1a: Toucannon|200/284\n|-singleturn|p1a: Toucannon|move: Roost\n|\n|upkeep\n|\n|t:|1781426525\n|switch|p2a: Glastrier|Glastrier, L86|312/312\n|turn|13\n|\n|t:|1781426528\n|-singleturn|p1a: Toucannon|move: Beak Blast\n|move|p2a: Glastrier|Icicle Crash|p1a: Toucannon\n|-supereffective|p1a: Toucannon\n|-damage|p1a: Toucannon|0 fnt\n|faint|p1a: Toucannon\n|-ability|p2a: Glastrier|Chilling Neigh|boost\n|-boost|p2a: Glastrier|atk|1\n|\n|upkeep\n|\n|t:|1781426537\n|switch|p1a: Bronzong|Bronzong, L88|231/261\n|-damage|p1a: Bronzong|215/261|[from] Stealth Rock\n|turn|14\n|\n|t:|1781426542\n|move|p1a: Bronzong|Iron Head|p2a: Glastrier\n|-supereffective|p2a: Glastrier\n|-damage|p2a: Glastrier|184/312\n|cant|p2a: Glastrier|flinch\n|\n|-heal|p1a: Bronzong|231/261|[from] item: Leftovers\n|upkeep\n|turn|15\n|\n|t:|1781426546\n|switch|p2a: Skarmory|Skarmory, L80, M|191/235 slp\n|-damage|p2a: Skarmory|162/235 slp|[from] Stealth Rock\n|move|p1a: Bronzong|Iron Head|p2a: Skarmory\n|-resisted|p2a: Skarmory\n|-damage|p2a: Skarmory|133/235 slp\n|-damage|p1a: Bronzong|188/261|[from] item: Rocky Helmet|[of] p2a: Skarmory\n|\n|-heal|p1a: Bronzong|204/261|[from] item: Leftovers\n|upkeep\n|turn|16\n|\n|t:|1781426549\n|-curestatus|p2a: Skarmory|slp|[msg]\n|move|p2a: Skarmory|Roost|p2a: Skarmory\n|-heal|p2a: Skarmory|235/235\n|-singleturn|p2a: Skarmory|move: Roost\n|move|p1a: Bronzong|Psychic Noise|p2a: Skarmory\n|-resisted|p2a: Skarmory\n|-damage|p2a: Skarmory|191/235\n|-start|p2a: Skarmory|move: Heal Block\n|\n|-heal|p1a: Bronzong|220/261|[from] item: Leftovers\n|upkeep\n|turn|17\n|\n|t:|1781426553\n|move|p2a: Skarmory|Spikes|p1a: Bronzong\n|-sidestart|p1: lemontheheavens|Spikes\n|move|p1a: Bronzong|Psychic Noise|p2a: Skarmory\n|-resisted|p2a: Skarmory\n|-damage|p2a: Skarmory|149/235\n|\n|-heal|p1a: Bronzong|236/261|[from] item: Leftovers\n|-end|p2a: Skarmory|move: Heal Block\n|upkeep\n|turn|18\n|\n|t:|1781426558\n|switch|p1a: Volbeat|Volbeat, L90, M|220/263\n|-damage|p1a: Volbeat|155/263|[from] Stealth Rock\n|-damage|p1a: Volbeat|112/263|[from] Spikes\n|move|p2a: Skarmory|Roost|p2a: Skarmory\n|-heal|p2a: Skarmory|235/235\n|-singleturn|p2a: Skarmory|move: Roost\n|\n|upkeep\n|turn|19\n|\n|t:|1781426561\n|move|p1a: Volbeat|Thunder Wave|p2a: Skarmory\n|-status|p2a: Skarmory|par\n|move|p2a: Skarmory|Spikes|p1a: Volbeat\n|-sidestart|p1: lemontheheavens|Spikes\n|\n|upkeep\n|turn|20\n|\n|t:|1781426567\n|switch|p1a: Bronzong|Bronzong, L88|236/261\n|-damage|p1a: Bronzong|220/261|[from] Stealth Rock\n|switch|p2a: Hoopa|Hoopa-Unbound, L80|259/259\n|\n|-heal|p1a: Bronzong|236/261|[from] item: Leftovers\n|upkeep\n|turn|21\n|\n|t:|1781426574\n|switch|p1a: Volbeat|Volbeat, L90, M|112/263\n|-damage|p1a: Volbeat|47/263|[from] Stealth Rock\n|-damage|p1a: Volbeat|0 fnt|[from] Spikes\n|faint|p1a: Volbeat\n|move|p2a: Hoopa|Hyperspace Fury|p1: Volbeat|[notarget]\n|-fail|p2a: Hoopa\n|\n|upkeep\n|\n|t:|1781426577\n|switch|p1a: Iron Boulder|Iron Boulder, L77|265/265\n|-damage|p1a: Iron Boulder|232/265|[from] Stealth Rock\n|-damage|p1a: Iron Boulder|166/265|[from] Spikes\n|turn|22\n|\n|t:|1781426586\n|move|p1a: Iron Boulder|Close Combat|p2a: Hoopa\n|-damage|p2a: Hoopa|112/259\n|-unboost|p1a: Iron Boulder|def|1\n|-unboost|p1a: Iron Boulder|spd|1\n|-damage|p1a: Iron Boulder|140/265|[from] item: Life Orb\n|move|p2a: Hoopa|Hyperspace Fury|p1a: Iron Boulder\n|-supereffective|p1a: Iron Boulder\n|-damage|p1a: Iron Boulder|0 fnt\n|-unboost|p2a: Hoopa|def|1\n|faint|p1a: Iron Boulder\n|-end|p1a: Iron Boulder|Quark Drive|[silent]\n|\n|upkeep\n|\n|t:|1781426590\n|switch|p1a: Terapagos|Terapagos, L77, M|265/265\n|-activate|p1a: Terapagos|ability: Tera Shift\n|detailschange|p1a: Terapagos|Terapagos-Terastal, L77, M\n|-heal|p1a: Terapagos|273/273|[silent]\n|-damage|p1a: Terapagos|239/273|[from] Stealth Rock\n|-damage|p1a: Terapagos|171/273|[from] Spikes\n|turn|23\n|\n|t:|1781426602\n|switch|p2a: Glastrier|Glastrier, L86|184/312\n|-terastallize|p1a: Terapagos|Stellar\n|detailschange|p1a: Terapagos|Terapagos-Stellar, L77, M, tera:Stellar\n|-heal|p1a: Terapagos|271/373|[silent]\n|move|p1a: Terapagos|Tera Starstorm|p2a: Glastrier\n|-damage|p2a: Glastrier|89/312\n|\n|upkeep\n|turn|24\n|\n|t:|1781426606\n|move|p1a: Terapagos|Tera Starstorm|p2a: Glastrier\n|-damage|p2a: Glastrier|3/312\n|move|p2a: Glastrier|Close Combat|p1a: Terapagos\n|-supereffective|p1a: Terapagos\n|-damage|p1a: Terapagos|31/373\n|-unboost|p2a: Glastrier|def|1\n|-unboost|p2a: Glastrier|spd|1\n|\n|upkeep\n|turn|25\n|\n|t:|1781426612\n|move|p1a: Terapagos|Tera Starstorm|p2a: Glastrier\n|-damage|p2a: Glastrier|0 fnt\n|faint|p2a: Glastrier\n|\n|upkeep\n|\n|t:|1781426616\n|switch|p2a: Blastoise|Blastoise, L80, M|258/258\n|-damage|p2a: Blastoise|226/258|[from] Stealth Rock\n|turn|26\n|\n|t:|1781426621\n|move|p1a: Terapagos|Rest|p1a: Terapagos\n|-status|p1a: Terapagos|slp|[from] move: Rest\n|-heal|p1a: Terapagos|373/373 slp|[silent]\n|-enditem|p1a: Terapagos|Chesto Berry|[eat]\n|-curestatus|p1a: Terapagos|slp|[msg]\n|move|p2a: Blastoise|Ice Beam|p1a: Terapagos\n|-damage|p1a: Terapagos|319/373\n|-status|p1a: Terapagos|frz\n|\n|upkeep\n|turn|27\n|\n|t:|1781426625\n|cant|p1a: Terapagos|frz\n|move|p2a: Blastoise|Shell Smash|p2a: Blastoise\n|-unboost|p2a: Blastoise|def|1\n|-unboost|p2a: Blastoise|spd|1\n|-boost|p2a: Blastoise|atk|2\n|-boost|p2a: Blastoise|spa|2\n|-boost|p2a: Blastoise|spe|2\n|-enditem|p2a: Blastoise|White Herb\n|-clearnegativeboost|p2a: Blastoise|[silent]\n|\n|upkeep\n|turn|28\n|\n|t:|1781426628\n|move|p2a: Blastoise|Hydro Pump|p1a: Terapagos\n|-damage|p1a: Terapagos|154/373 frz\n|-curestatus|p1a: Terapagos|frz|[msg]\n|move|p1a: Terapagos|Tera Starstorm|p2a: Blastoise\n|-damage|p2a: Blastoise|134/258\n|\n|upkeep\n|turn|29\n|\n|t:|1781426632\n|move|p2a: Blastoise|Hydro Pump|p1a: Terapagos|[miss]\n|-miss|p2a: Blastoise|p1a: Terapagos\n|move|p1a: Terapagos|Tera Starstorm|p2a: Blastoise\n|-damage|p2a: Blastoise|30/258\n|\n|upkeep\n|turn|30\n|\n|t:|1781426637\n|-terastallize|p2a: Blastoise|Grass\n|move|p2a: Blastoise|Tera Blast|p1a: Terapagos|[anim] Tera Blast Grass\n|-damage|p1a: Terapagos|21/373\n|move|p1a: Terapagos|Tera Starstorm|p2a: Blastoise\n|-supereffective|p2a: Blastoise\n|-damage|p2a: Blastoise|0 fnt\n|faint|p2a: Blastoise\n|\n|upkeep\n|\n|t:|1781426642\n|switch|p2a: Hoopa|Hoopa-Unbound, L80|112/259\n|turn|31\n|\n|t:|1781426644\n|move|p1a: Terapagos|Tera Starstorm|p2a: Hoopa\n|-crit|p2a: Hoopa\n|-damage|p2a: Hoopa|0 fnt\n|faint|p2a: Hoopa\n|\n|upkeep\n|\n|t:|1781426648\n|switch|p2a: Skarmory|Skarmory, L80, M|235/235 par\n|-damage|p2a: Skarmory|206/235 par|[from] Stealth Rock\n|turn|32\n|\n|t:|1781426653\n|move|p1a: Terapagos|Tera Starstorm|p2a: Skarmory\n|-damage|p2a: Skarmory|78/235 par\n|move|p2a: Skarmory|Brave Bird|p1a: Terapagos\n|-damage|p1a: Terapagos|0 fnt\n|faint|p1a: Terapagos\n|detailschange|p1: Terapagos|Terapagos, L77, M|[silent]\n|-damage|p2a: Skarmory|71/235 par|[from] Recoil\n|\n|upkeep\n|\n|t:|1781426655\n|switch|p1a: Bronzong|Bronzong, L88|236/261\n|-damage|p1a: Bronzong|220/261|[from] Stealth Rock\n|turn|33\n|-message|KoffeeArchive forfeited.\n|\n|win|lemontheheavens\n", "inputlog": ">version a8376a258c1d4662feba110a92103f3664a72141\n>start {\"formatid\":\"gen9randombattle\",\"seed\":\"sodium,12481294f7326acdac73f61124597993\",\"rated\":\"Rated battle\"}\n>player p1 {\"name\":\"lemontheheavens\",\"avatar\":\"1\",\"rating\":2034,\"seed\":\"sodium,7895ccdb16c3a38e64e015c245c240c9\"}\n>player p2 {\"name\":\"KoffeeArchive\",\"avatar\":\"clair\",\"rating\":2049,\"seed\":\"sodium,f68e4545a6a63945f267bb5b93281b38\"}\n>p1 switch 6\n>p2 move closecombat\n>p1 move stealthrock\n>p2 switch 6\n>p1 switch 2\n>p2 move trick\n>p1 move lunge\n>p2 switch 3\n>p1 switch 2\n>p2 move stealthrock\n>p1 move hypnosis\n>p2 move spikes\n>p1 switch 3\n>p2 move spikes\n>p1 move dragondance\n>p2 switch 2\n>p1 move waterfall\n>p2 move doubleedge\n>p1 switch 5\n>p1 move knockoff\n>p2 move doubleedge\n>p2 switch 4\n>p1 move beakblast\n>p2 move doubleedge\n>p1 move roost\n>p2 move knockoff\n>p2 switch 6\n>p1 move beakblast\n>p2 move iciclecrash\n>p1 switch 3\n>p1 move ironhead\n>p2 move swordsdance\n>p1 move ironhead\n>p2 switch 2\n>p1 move psychicnoise\n>p2 move roost\n>p1 move psychicnoise\n>p2 move spikes\n>p1 switch 2\n>p2 move roost\n>p1 move thunderwave\n>p2 move spikes\n>p1 switch 2\n>p2 switch 3\n>p1 switch 2\n>p2 move hyperspacefury\n>p1 switch 6\n>p1 move closecombat\n>p2 move hyperspacefury\n>p1 switch 4\n>p1 move terastarstorm terastallize\n>p2 switch 2\n>p1 move terastarstorm\n>p2 move closecombat\n>p1 move terastarstorm\n>p2 move closecombat\n>p2 switch 5\n>p1 move rest\n>p2 move icebeam\n>p1 move calmmind\n>p2 move shellsmash\n>p1 move terastarstorm\n>p2 move hydropump\n>p1 move terastarstorm\n>p2 move hydropump\n>p1 move terastarstorm\n>p2 move terablast terastallize\n>p2 switch 2\n>p1 move terastarstorm\n>p2 move hyperspacefury\n>p2 switch 3\n>p1 move terastarstorm\n>p2 move bravebird\n>p1 switch 2\n>forcelose p2", "uploadtime": 1781426402, "views": 5, "formatid": "gen9randombattle", "rating": null, "private": 0, "password": null}