{"id": "gen9randombattle-2632011552", "format": "[Gen 9] Random Battle", "players": ["whisperwyrm", "TY SM MY GUY"], "log": "|j|\u2606whisperwyrm\n|j|\u2606TY SM MY GUY\n|t:|1781465749\n|gametype|singles\n|player|p1|whisperwyrm|265|2182\n|player|p2|TY SM MY GUY|hoopster|2202\n|gen|9\n|tier|[Gen 9] Random Battle\n|rated|\n|rule|Species Clause: Limit one of each Pok\u00e9mon\n|rule|HP Percentage Mod: HP is shown in percentages\n|rule|Sleep Clause Mod: Limit one foe put to sleep\n|rule|Illusion Level Mod: Illusion disguises the Pok\u00e9mon's true level\n|\n|t:|1781465749\n|teamsize|p1|6\n|teamsize|p2|6\n|start\n|switch|p1a: Whimsicott|Whimsicott, L84, M|238/238\n|switch|p2a: Mamoswine|Mamoswine, L81, F|311/311\n|turn|1\n|inactive|Battle timer is ON: inactive players will automatically lose when time's up. (requested by whisperwyrm)\n|\n|t:|1781465762\n|move|p1a: Whimsicott|Substitute|p1a: Whimsicott\n|-start|p1a: Whimsicott|Substitute\n|-damage|p1a: Whimsicott|179/238\n|move|p2a: Mamoswine|Icicle Crash|p1a: Whimsicott\n|-supereffective|p1a: Whimsicott\n|-end|p1a: Whimsicott|Substitute\n|\n|-heal|p1a: Whimsicott|193/238|[from] item: Leftovers\n|upkeep\n|turn|2\n|\n|t:|1781465770\n|switch|p1a: Arcanine|Arcanine, L84, F|288/288\n|-ability|p1a: Arcanine|Intimidate|boost\n|-unboost|p2a: Mamoswine|atk|1\n|move|p2a: Mamoswine|Icicle Crash|p1a: Arcanine\n|-resisted|p1a: Arcanine\n|-damage|p1a: Arcanine|236/288\n|\n|upkeep\n|turn|3\n|\n|t:|1781465775\n|switch|p2a: Heatran|Heatran, L79, F|273/273\n|-item|p2a: Heatran|Air Balloon\n|move|p1a: Arcanine|Flare Blitz|p2a: Heatran\n|-start|p2a: Heatran|ability: Flash Fire\n|\n|upkeep\n|turn|4\n|\n|t:|1781465780\n|move|p1a: Arcanine|Close Combat|p2a: Heatran\n|-supereffective|p2a: Heatran\n|-crit|p2a: Heatran\n|-damage|p2a: Heatran|35/273\n|-unboost|p1a: Arcanine|def|1\n|-unboost|p1a: Arcanine|spd|1\n|-enditem|p2a: Heatran|Air Balloon\n|move|p2a: Heatran|Stealth Rock|p1a: Arcanine\n|-sidestart|p1: whisperwyrm|move: Stealth Rock\n|\n|upkeep\n|turn|5\n|\n|t:|1781465790\n|-end|p2a: Heatran|ability: Flash Fire|[silent]\n|switch|p2a: Exeggutor|Exeggutor-Alola, L89, M|314/314\n|move|p1a: Arcanine|Close Combat|p2a: Exeggutor\n|-damage|p2a: Exeggutor|226/314\n|-unboost|p1a: Arcanine|def|1\n|-unboost|p1a: Arcanine|spd|1\n|\n|upkeep\n|turn|6\n|\n|t:|1781465795\n|switch|p1a: Whimsicott|Whimsicott, L84, M|193/238\n|-damage|p1a: Whimsicott|164/238|[from] Stealth Rock\n|move|p2a: Exeggutor|Dragon Pulse|p1a: Whimsicott\n|-immune|p1a: Whimsicott\n|\n|-heal|p1a: Whimsicott|178/238|[from] item: Leftovers\n|upkeep\n|turn|7\n|\n|t:|1781465800\n|switch|p2a: Heatran|Heatran, L79, F|35/273\n|move|p1a: Whimsicott|Substitute|p1a: Whimsicott\n|-start|p1a: Whimsicott|Substitute\n|-damage|p1a: Whimsicott|119/238\n|\n|-heal|p1a: Whimsicott|133/238|[from] item: Leftovers\n|upkeep\n|turn|8\n|\n|t:|1781465804\n|move|p1a: Whimsicott|Moonblast|p2a: Heatran\n|-resisted|p2a: Heatran\n|-damage|p2a: Heatran|17/273\n|move|p2a: Heatran|Lava Plume|p1a: Whimsicott\n|-supereffective|p1a: Whimsicott\n|-end|p1a: Whimsicott|Substitute\n|\n|-heal|p1a: Whimsicott|147/238|[from] item: Leftovers\n|upkeep\n|turn|9\n|\n|t:|1781465814\n|switch|p1a: Arcanine|Arcanine, L84, F|236/288\n|-ability|p1a: Arcanine|Intimidate|boost\n|-unboost|p2a: Heatran|atk|1\n|move|p2a: Heatran|Lava Plume|p1a: Arcanine\n|-resisted|p1a: Arcanine\n|-damage|p1a: Arcanine|186/288\n|\n|upkeep\n|turn|10\n|\n|t:|1781465821\n|move|p1a: Arcanine|Close Combat|p2a: Heatran\n|-supereffective|p2a: Heatran\n|-damage|p2a: Heatran|0 fnt\n|-unboost|p1a: Arcanine|def|1\n|-unboost|p1a: Arcanine|spd|1\n|faint|p2a: Heatran\n|\n|upkeep\n|\n|t:|1781465840\n|switch|p2a: Mamoswine|Mamoswine, L81, F|311/311\n|turn|11\n|\n|t:|1781465849\n|move|p1a: Arcanine|Close Combat|p2a: Mamoswine\n|-supereffective|p2a: Mamoswine\n|-damage|p2a: Mamoswine|95/311\n|-unboost|p1a: Arcanine|def|1\n|-unboost|p1a: Arcanine|spd|1\n|move|p2a: Mamoswine|Earthquake|p1a: Arcanine\n|-supereffective|p1a: Arcanine\n|-damage|p1a: Arcanine|0 fnt\n|faint|p1a: Arcanine\n|\n|upkeep\n|\n|t:|1781465856\n|switch|p1a: Breloom|Breloom, L83, M|235/235\n|-damage|p1a: Breloom|221/235|[from] Stealth Rock\n|turn|12\n|\n|t:|1781465862\n|switch|p2a: Exeggutor|Exeggutor-Alola, L89, M|226/314\n|move|p1a: Breloom|Swords Dance|p1a: Breloom\n|-boost|p1a: Breloom|atk|2\n|\n|upkeep\n|turn|13\n|\n|t:|1781465866\n|move|p1a: Breloom|Mach Punch|p2a: Exeggutor\n|-damage|p2a: Exeggutor|26/314\n|-enditem|p2a: Exeggutor|Sitrus Berry|[eat]\n|-heal|p2a: Exeggutor|104/314|[from] item: Sitrus Berry\n|-damage|p1a: Breloom|198/235|[from] item: Life Orb\n|move|p2a: Exeggutor|Flamethrower|p1a: Breloom\n|-supereffective|p1a: Breloom\n|-damage|p1a: Breloom|0 fnt\n|faint|p1a: Breloom\n|\n|-item|p2a: Exeggutor|Sitrus Berry|[from] ability: Harvest\n|upkeep\n|-enditem|p2a: Exeggutor|Sitrus Berry|[eat]\n|-heal|p2a: Exeggutor|182/314|[from] item: Sitrus Berry\n|\n|t:|1781465876\n|switch|p1a: Whimsicott|Whimsicott, L84, M|147/238\n|-damage|p1a: Whimsicott|118/238|[from] Stealth Rock\n|turn|14\n|\n|t:|1781465882\n|-terastallize|p2a: Exeggutor|Steel\n|move|p1a: Whimsicott|Moonblast|p2a: Exeggutor\n|-resisted|p2a: Exeggutor\n|-damage|p2a: Exeggutor|139/314\n|move|p2a: Exeggutor|Flamethrower|p1a: Whimsicott\n|-supereffective|p1a: Whimsicott\n|-damage|p1a: Whimsicott|0 fnt\n|faint|p1a: Whimsicott\n|\n|upkeep\n|\n|t:|1781465894\n|switch|p1a: Basculin|Basculin, L86, M|261/261\n|-damage|p1a: Basculin|229/261|[from] Stealth Rock\n|turn|15\n|l|\u2606TY SM MY GUY\n|inactive|TY SM MY GUY disconnected and has a minute to reconnect!\n|player|p2|\n|j|\u2606TY SM MY GUY\n|inactive|TY SM MY GUY reconnected and has 120 seconds left.\n|player|p2|TY SM MY GUY|hoopster|\n|\n|t:|1781465932\n|switch|p2a: Haxorus|Haxorus, L77, M|244/244\n|-ability|p2a: Haxorus|Mold Breaker\n|move|p1a: Basculin|Wave Crash|p2a: Haxorus\n|-resisted|p2a: Haxorus\n|-damage|p2a: Haxorus|99/244\n|-damage|p1a: Basculin|181/261|[from] Recoil\n|\n|upkeep\n|turn|16\n|inactive|TY SM MY GUY has 120 seconds left.\n|\n|t:|1781465940\n|move|p1a: Basculin|Wave Crash|p2a: Haxorus\n|-resisted|p2a: Haxorus\n|-damage|p2a: Haxorus|0 fnt\n|faint|p2a: Haxorus\n|-damage|p1a: Basculin|148/261|[from] Recoil\n|\n|upkeep\n|\n|t:|1781465943\n|switch|p2a: Feraligatr|Feraligatr, L79, F|264/264\n|turn|17\n|\n|t:|1781465946\n|move|p1a: Basculin|Wave Crash|p2a: Feraligatr\n|-resisted|p2a: Feraligatr\n|-damage|p2a: Feraligatr|138/264\n|-damage|p1a: Basculin|106/261|[from] Recoil\n|move|p2a: Feraligatr|Dragon Dance|p2a: Feraligatr\n|-boost|p2a: Feraligatr|atk|1\n|-boost|p2a: Feraligatr|spe|1\n|\n|upkeep\n|turn|18\n|\n|t:|1781465950\n|move|p2a: Feraligatr|Trailblaze|p1a: Basculin\n|-supereffective|p1a: Basculin\n|-damage|p1a: Basculin|0 fnt\n|faint|p1a: Basculin\n|\n|upkeep\n|\n|t:|1781465959\n|switch|p1a: Hydreigon|Hydreigon, L79, M|275/275\n|-damage|p1a: Hydreigon|241/275|[from] Stealth Rock\n|turn|19\n|\n|t:|1781465964\n|move|p2a: Feraligatr|Ice Punch|p1a: Hydreigon\n|-supereffective|p1a: Hydreigon\n|-damage|p1a: Hydreigon|0 fnt\n|faint|p1a: Hydreigon\n|\n|upkeep\n|\n|t:|1781465967\n|switch|p1a: Minun|Minun, L95, F|268/268\n|-damage|p1a: Minun|235/268|[from] Stealth Rock\n|turn|20\n|\n|t:|1781465969\n|move|p2a: Feraligatr|Liquidation|p1a: Minun\n|-damage|p1a: Minun|0 fnt\n|faint|p1a: Minun\n|\n|win|TY SM MY GUY\n", "inputlog": ">version a8376a258c1d4662feba110a92103f3664a72141\n>start {\"formatid\":\"gen9randombattle\",\"seed\":\"sodium,98fbda9164b3e59372ff925f6e9506b1\",\"rated\":\"Rated battle\"}\n>player p1 {\"name\":\"whisperwyrm\",\"avatar\":\"265\",\"rating\":2182,\"seed\":\"sodium,578a7f305be600500d4795cf2febc9ab\"}\n>player p2 {\"name\":\"TY SM MY GUY\",\"avatar\":\"hoopster\",\"rating\":2202,\"seed\":\"sodium,be54c6a2d63c3c2b88c6e7898a43b929\"}\n>p1 move substitute\n>p2 move iciclecrash\n>p1 switch 4\n>p2 move iciclecrash\n>p1 move flareblitz\n>p2 switch 3\n>p1 move closecombat\n>p2 move stealthrock\n>p1 move closecombat\n>p2 switch 4\n>p1 switch 4\n>p2 move dragonpulse\n>p1 move substitute\n>p2 switch 4\n>p1 move moonblast\n>p2 move lavaplume\n>p1 switch 4\n>p2 move lavaplume\n>p1 move closecombat\n>p2 move earthpower\n>p2 switch 3\n>p1 move closecombat\n>p2 move earthquake\n>p1 switch 5\n>p1 move swordsdance\n>p2 switch 4\n>p1 move machpunch\n>p2 move flamethrower\n>p1 switch 4\n>p1 move moonblast\n>p2 move flamethrower terastallize\n>p1 switch 6\n>p1 move wavecrash\n>p2 switch 2\n>p1 move wavecrash\n>p2 move outrage\n>p2 switch 6\n>p1 move wavecrash\n>p2 move dragondance\n>p1 move wavecrash\n>p2 move trailblaze\n>p1 switch 2\n>p1 move dracometeor\n>p2 move icepunch\n>p1 switch 3\n>p1 move thunderbolt\n>p2 move liquidation", "uploadtime": 1781465751, "views": 5, "formatid": "gen9randombattle", "rating": null, "private": 0, "password": null}