{"id": "gen9randombattle-2631403407", "format": "[Gen 9] Random Battle", "players": ["extreme72", "thesunevitableone"], "log": "|j|\u2606extreme72\n|j|\u2606thesunevitableone\n|t:|1781380484\n|gametype|singles\n|player|p1|extreme72|102|1757\n|player|p2|thesunevitableone|janine|1728\n|gen|9\n|tier|[Gen 9] Random Battle\n|rated|\n|rule|Species Clause: Limit one of each Pok\u00e9mon\n|rule|HP Percentage Mod: HP is shown in percentages\n|rule|Sleep Clause Mod: Limit one foe put to sleep\n|rule|Illusion Level Mod: Illusion disguises the Pok\u00e9mon's true level\n|\n|t:|1781380484\n|teamsize|p1|6\n|teamsize|p2|6\n|start\n|switch|p1a: Plusle|Plusle, L95, M|268/268\n|switch|p2a: Dragapult|Dragapult, L77, M|262/262\n|turn|1\n|\n|t:|1781380502\n|move|p2a: Dragapult|U-turn|p1a: Plusle\n|-damage|p1a: Plusle|194/268\n|\n|t:|1781380506\n|switch|p2a: Iron Treads|Iron Treads, L77|265/265|[from] U-turn\n|move|p1a: Plusle|Alluring Voice|p2a: Iron Treads\n|-resisted|p2a: Iron Treads\n|-damage|p2a: Iron Treads|226/265\n|-damage|p1a: Plusle|168/268|[from] item: Life Orb\n|\n|upkeep\n|turn|2\n|\n|t:|1781380551\n|switch|p1a: Leavanny|Leavanny, L86, M|269/269\n|move|p2a: Iron Treads|Volt Switch|p1a: Leavanny\n|-resisted|p1a: Leavanny\n|-damage|p1a: Leavanny|253/269\n|\n|t:|1781380563\n|-end|p2a: Iron Treads|Quark Drive|[silent]\n|switch|p2a: Dragapult|Dragapult, L77, M|262/262|[from] Volt Switch\n|\n|upkeep\n|turn|3\n|\n|t:|1781380571\n|switch|p1a: Slowbro|Slowbro, L85, F|300/300\n|move|p2a: Dragapult|Fire Blast|p1a: Slowbro\n|-resisted|p1a: Slowbro\n|-damage|p1a: Slowbro|245/300\n|\n|-heal|p1a: Slowbro|263/300|[from] item: Leftovers\n|upkeep\n|turn|4\n|\n|t:|1781380580\n|switch|p2a: Exeggutor|Exeggutor-Alola, L89, M|314/314\n|move|p1a: Slowbro|Scald|p2a: Exeggutor\n|-resisted|p2a: Exeggutor\n|-damage|p2a: Exeggutor|289/314\n|\n|-heal|p1a: Slowbro|281/300|[from] item: Leftovers\n|upkeep\n|turn|5\n|\n|t:|1781380606\n|switch|p1a: Leavanny|Leavanny, L86, M|253/269\n|move|p2a: Exeggutor|Flamethrower|p1a: Leavanny\n|-supereffective|p1a: Leavanny\n|-damage|p1a: Leavanny|0 fnt\n|faint|p1a: Leavanny\n|\n|upkeep\n|\n|t:|1781380615\n|switch|p1a: Salazzle|Salazzle, L83, F|249/249\n|turn|6\n|\n|t:|1781380622\n|move|p1a: Salazzle|Nasty Plot|p1a: Salazzle\n|-boost|p1a: Salazzle|spa|2\n|move|p2a: Exeggutor|Dragon Pulse|p1a: Salazzle\n|-damage|p1a: Salazzle|92/249\n|\n|upkeep\n|turn|7\n|\n|t:|1781380631\n|switch|p2a: Iron Treads|Iron Treads, L77|226/265\n|move|p1a: Salazzle|Sludge Wave|p2a: Iron Treads\n|-immune|p2a: Iron Treads\n|\n|upkeep\n|turn|8\n|\n|t:|1781380650\n|-terastallize|p2a: Iron Treads|Water\n|move|p1a: Salazzle|Fire Blast|p2a: Iron Treads\n|-resisted|p2a: Iron Treads\n|-damage|p2a: Iron Treads|126/265\n|move|p2a: Iron Treads|Earthquake|p1a: Salazzle\n|-supereffective|p1a: Salazzle\n|-damage|p1a: Salazzle|0 fnt\n|faint|p1a: Salazzle\n|\n|upkeep\n|\n|t:|1781380668\n|switch|p1a: Plusle|Plusle, L95, M|168/268\n|turn|9\n|\n|t:|1781380673\n|-end|p2a: Iron Treads|Quark Drive|[silent]\n|switch|p2a: Exeggutor|Exeggutor-Alola, L89, M|289/314\n|move|p1a: Plusle|Thunderbolt|p2a: Exeggutor\n|-resisted|p2a: Exeggutor\n|-damage|p2a: Exeggutor|253/314\n|-damage|p1a: Plusle|142/268|[from] item: Life Orb\n|\n|upkeep\n|turn|10\n|\n|t:|1781380680\n|move|p1a: Plusle|Nasty Plot|p1a: Plusle\n|-boost|p1a: Plusle|spa|2\n|move|p2a: Exeggutor|Giga Drain|p1a: Plusle\n|-damage|p1a: Plusle|39/268\n|-heal|p2a: Exeggutor|305/314|[from] drain|[of] p1a: Plusle\n|\n|upkeep\n|turn|11\n|\n|t:|1781380686\n|move|p1a: Plusle|Alluring Voice|p2a: Exeggutor\n|-supereffective|p2a: Exeggutor\n|-damage|p2a: Exeggutor|0 fnt\n|faint|p2a: Exeggutor\n|-damage|p1a: Plusle|13/268|[from] item: Life Orb\n|\n|upkeep\n|\n|t:|1781380690\n|switch|p2a: Dragapult|Dragapult, L77, M|262/262\n|turn|12\n|\n|t:|1781380695\n|switch|p1a: Slowbro|Slowbro, L85, F|300/300\n|move|p2a: Dragapult|U-turn|p1a: Slowbro\n|-supereffective|p1a: Slowbro\n|-damage|p1a: Slowbro|216/300\n|\n|t:|1781380706\n|switch|p2a: Sandy Shocks|Sandy Shocks, L80|267/267|[from] U-turn\n|\n|-heal|p1a: Slowbro|234/300|[from] item: Leftovers\n|upkeep\n|turn|13\n|\n|t:|1781380720\n|move|p2a: Sandy Shocks|Stealth Rock|p1a: Slowbro\n|-sidestart|p1: extreme72|move: Stealth Rock\n|move|p1a: Slowbro|Scald|p2a: Sandy Shocks\n|-supereffective|p2a: Sandy Shocks\n|-crit|p2a: Sandy Shocks\n|-damage|p2a: Sandy Shocks|0 fnt\n|faint|p2a: Sandy Shocks\n|-end|p2a: Sandy Shocks|Protosynthesis|[silent]\n|\n|-heal|p1a: Slowbro|252/300|[from] item: Leftovers\n|upkeep\n|\n|t:|1781380736\n|switch|p2a: Furret|Furret, L94, M|312/312\n|-item|p1a: Slowbro|Leftovers|[from] ability: Frisk|[of] p2a: Furret\n|turn|14\n|\n|t:|1781380751\n|switch|p1a: Plusle|Plusle, L95, M|13/268\n|-damage|p1a: Plusle|0 fnt|[from] Stealth Rock\n|faint|p1a: Plusle\n|move|p2a: Furret|U-turn|p1: Plusle|[notarget]\n|-fail|p2a: Furret\n|\n|upkeep\n|\n|t:|1781380764\n|switch|p1a: Luxray|Luxray, L88, F|284/284\n|-damage|p1a: Luxray|249/284|[from] Stealth Rock\n|-ability|p1a: Luxray|Intimidate|boost\n|-unboost|p2a: Furret|atk|1\n|turn|15\n|\n|t:|1781380771\n|move|p2a: Furret|U-turn|p1a: Luxray\n|-damage|p1a: Luxray|193/284\n|\n|t:|1781380773\n|switch|p2a: Regigigas|Regigigas, L84|322/322|[from] U-turn\n|-start|p2a: Regigigas|ability: Slow Start\n|move|p1a: Luxray|Volt Switch|p2a: Regigigas\n|-crit|p2a: Regigigas\n|-damage|p2a: Regigigas|225/322\n|\n|t:|1781380783\n|switch|p1a: Slowbro|Slowbro, L85, F|300/300|[from] Volt Switch\n|-damage|p1a: Slowbro|263/300|[from] Stealth Rock\n|\n|-heal|p2a: Regigigas|245/322|[from] item: Leftovers\n|-heal|p1a: Slowbro|281/300|[from] item: Leftovers\n|upkeep\n|turn|16\n|\n|t:|1781380790\n|move|p2a: Regigigas|Body Slam|p1a: Slowbro\n|-damage|p1a: Slowbro|227/300\n|-status|p1a: Slowbro|par\n|cant|p1a: Slowbro|par\n|\n|-heal|p2a: Regigigas|265/322|[from] item: Leftovers\n|-heal|p1a: Slowbro|245/300 par|[from] item: Leftovers\n|upkeep\n|turn|17\n|\n|t:|1781380799\n|move|p2a: Regigigas|Knock Off|p1a: Slowbro\n|-supereffective|p1a: Slowbro\n|-crit|p1a: Slowbro\n|-damage|p1a: Slowbro|119/300 par\n|-enditem|p1a: Slowbro|Leftovers|[from] move: Knock Off|[of] p2a: Regigigas\n|move|p1a: Slowbro|Iron Defense|p1a: Slowbro\n|-boost|p1a: Slowbro|def|2\n|\n|-heal|p2a: Regigigas|285/322|[from] item: Leftovers\n|upkeep\n|turn|18\n|\n|t:|1781380809\n|switch|p2a: Dragapult|Dragapult, L77, M|262/262\n|move|p1a: Slowbro|Scald|p2a: Dragapult\n|-resisted|p2a: Dragapult\n|-damage|p2a: Dragapult|206/262\n|-status|p2a: Dragapult|brn\n|\n|-damage|p2a: Dragapult|190/262 brn|[from] brn\n|upkeep\n|turn|19\n|\n|t:|1781380822\n|switch|p1a: Luxray|Luxray, L88, F|193/284\n|-damage|p1a: Luxray|158/284|[from] Stealth Rock\n|-ability|p1a: Luxray|Intimidate|boost\n|-unboost|p2a: Dragapult|atk|1\n|move|p2a: Dragapult|Shadow Ball|p1a: Luxray\n|-damage|p1a: Luxray|82/284\n|\n|-damage|p2a: Dragapult|174/262 brn|[from] brn\n|upkeep\n|turn|20\n|\n|t:|1781380836\n|move|p2a: Dragapult|Shadow Ball|p1a: Luxray\n|-damage|p1a: Luxray|7/284\n|move|p1a: Luxray|Play Rough|p2a: Dragapult\n|-supereffective|p2a: Dragapult\n|-damage|p2a: Dragapult|0 fnt\n|faint|p2a: Dragapult\n|\n|upkeep\n|\n|t:|1781380843\n|switch|p2a: Furret|Furret, L94, M|312/312\n|-item|p1a: Luxray|Assault Vest|[from] ability: Frisk|[of] p2a: Furret\n|turn|21\n|\n|t:|1781380850\n|move|p2a: Furret|U-turn|p1a: Luxray\n|-damage|p1a: Luxray|0 fnt\n|faint|p1a: Luxray\n|\n|t:|1781380852\n|switch|p2a: Iron Treads|Iron Treads, L77, tera:Water|126/265|[from] U-turn\n|\n|upkeep\n|\n|t:|1781380864\n|switch|p1a: Reuniclus|Reuniclus, L88, M|337/337\n|turn|22\n|\n|t:|1781380884\n|move|p2a: Iron Treads|Volt Switch|p1a: Reuniclus\n|-damage|p1a: Reuniclus|307/337\n|\n|t:|1781380887\n|-end|p2a: Iron Treads|Quark Drive|[silent]\n|switch|p2a: Regigigas|Regigigas, L84|285/322|[from] Volt Switch\n|-start|p2a: Regigigas|ability: Slow Start\n|move|p1a: Reuniclus|Psychic|p2a: Regigigas\n|-damage|p2a: Regigigas|147/322\n|\n|-heal|p2a: Regigigas|167/322|[from] item: Leftovers\n|upkeep\n|turn|23\n|\n|t:|1781380902\n|move|p2a: Regigigas|Knock Off|p1a: Reuniclus\n|-supereffective|p1a: Reuniclus\n|-damage|p1a: Reuniclus|197/337\n|-enditem|p1a: Reuniclus|Life Orb|[from] move: Knock Off|[of] p2a: Regigigas\n|move|p1a: Reuniclus|Focus Blast|p2a: Regigigas|[miss]\n|-miss|p1a: Reuniclus|p2a: Regigigas\n|\n|-heal|p2a: Regigigas|187/322|[from] item: Leftovers\n|upkeep\n|turn|24\n|\n|t:|1781380912\n|move|p2a: Regigigas|Body Slam|p1a: Reuniclus\n|-damage|p1a: Reuniclus|124/337\n|move|p1a: Reuniclus|Calm Mind|p1a: Reuniclus\n|-boost|p1a: Reuniclus|spa|1\n|-boost|p1a: Reuniclus|spd|1\n|\n|-heal|p2a: Regigigas|207/322|[from] item: Leftovers\n|upkeep\n|turn|25\n|\n|t:|1781380917\n|move|p2a: Regigigas|Body Slam|p1a: Reuniclus\n|-damage|p1a: Reuniclus|52/337\n|move|p1a: Reuniclus|Recover|p1a: Reuniclus\n|-heal|p1a: Reuniclus|221/337\n|\n|-heal|p2a: Regigigas|227/322|[from] item: Leftovers\n|upkeep\n|turn|26\n|\n|t:|1781380924\n|move|p2a: Regigigas|Body Slam|p1a: Reuniclus\n|-damage|p1a: Reuniclus|146/337\n|-status|p1a: Reuniclus|par\n|move|p1a: Reuniclus|Focus Blast|p2a: Regigigas\n|-supereffective|p2a: Regigigas\n|-damage|p2a: Regigigas|0 fnt\n|faint|p2a: Regigigas\n|-end|p2a: Regigigas|Slow Start|[silent]\n|\n|upkeep\n|\n|t:|1781380936\n|switch|p2a: Furret|Furret, L94, M|312/312\n|turn|27\n|\n|t:|1781380968\n|move|p2a: Furret|U-turn|p1a: Reuniclus\n|-supereffective|p1a: Reuniclus\n|-damage|p1a: Reuniclus|0 fnt\n|faint|p1a: Reuniclus\n|\n|t:|1781380972\n|switch|p2a: Iron Treads|Iron Treads, L77, tera:Water|126/265|[from] U-turn\n|\n|upkeep\n|\n|t:|1781380974\n|switch|p1a: Slowbro|Slowbro, L85, F|219/300 par\n|-damage|p1a: Slowbro|182/300 par|[from] Stealth Rock\n|turn|28\n|\n|t:|1781380980\n|move|p2a: Iron Treads|Volt Switch|p1a: Slowbro\n|-supereffective|p1a: Slowbro\n|-damage|p1a: Slowbro|112/300 par\n|\n|t:|1781380984\n|-end|p2a: Iron Treads|Quark Drive|[silent]\n|switch|p2a: Furret|Furret, L94, M|312/312|[from] Volt Switch\n|move|p1a: Slowbro|Iron Defense|p1a: Slowbro\n|-boost|p1a: Slowbro|def|2\n|\n|upkeep\n|turn|29\n|\n|t:|1781380990\n|-terastallize|p1a: Slowbro|Fighting\n|move|p2a: Furret|Trick|p1a: Slowbro\n|-activate|p2a: Furret|move: Trick|[of] p1a: Slowbro\n|-item|p1a: Slowbro|Choice Band|[from] move: Trick\n|-enditem|p2a: Furret|Choice Band|[silent]|[from] move: Trick\n|move|p1a: Slowbro|Slack Off|p1a: Slowbro\n|-heal|p1a: Slowbro|262/300 par\n|\n|upkeep\n|turn|30\n|c|\u2606extreme72|gg\n|l|\u2606extreme72\n|player|p1|\n|c|\u2606thesunevitableone|gg\n|inactive|Battle timer is ON: inactive players will automatically lose when time's up. (requested by thesunevitableone)\n|inactive|extreme72 has 30 seconds to reconnect!\n|inactive|extreme72 has 20 seconds to reconnect!\n|inactive|extreme72 has 15 seconds to reconnect!\n|inactive|extreme72 has 10 seconds to reconnect!\n|inactive|extreme72 has 5 seconds to reconnect!\n|-message|extreme72 lost due to inactivity.\n|\n|win|thesunevitableone\n|raw|extreme72's rating: 1757 &rarr; <strong>1735</strong><br />(-22 for losing)\n|raw|thesunevitableone's rating: 1728 &rarr; <strong>1750</strong><br />(+22 for winning)\n|l|\u2606thesunevitableone\n|player|p2|\n|j|\u2606thesunevitableone\n|player|p2|thesunevitableone|janine|\n|l|\u2606thesunevitableone\n|player|p2|\n|j|\u2606thesunevitableone\n|player|p2|thesunevitableone|janine|\n", "inputlog": ">version a8376a258c1d4662feba110a92103f3664a72141\n>start {\"formatid\":\"gen9randombattle\",\"seed\":\"sodium,2116220f007a60b9335017462704bc7e\",\"rated\":\"Rated battle\"}\n>player p1 {\"name\":\"extreme72\",\"avatar\":\"102\",\"rating\":1757,\"seed\":\"sodium,efd2b481044fd7c1ad54f24a5af0a02a\"}\n>player p2 {\"name\":\"thesunevitableone\",\"avatar\":\"janine\",\"rating\":1728,\"seed\":\"sodium,b9971d261b4ca35432f3d30467d6e30d\"}\n>p1 move alluringvoice\n>p2 move uturn\n>p2 switch 3\n>p1 switch 3\n>p2 move voltswitch\n>p2 switch 3\n>p1 switch 6\n>p2 move fireblast\n>p1 move scald\n>p2 switch 5\n>p1 switch 6\n>p2 move flamethrower\n>p1 switch 5\n>p1 move nastyplot\n>p2 move dragonpulse\n>p1 move sludgewave\n>p2 switch 3\n>p1 move fireblast\n>p2 move earthquake terastallize\n>p1 switch 3\n>p1 move thunderbolt\n>p2 switch 3\n>p1 move nastyplot\n>p2 move gigadrain\n>p1 move alluringvoice\n>p2 move gigadrain\n>p2 switch 5\n>p1 switch 6\n>p2 move uturn\n>p2 switch 6\n>p1 move scald\n>p2 move stealthrock\n>p2 switch 4\n>p1 switch 6\n>p2 move uturn\n>p1 switch 4\n>p1 move voltswitch\n>p2 move uturn\n>p2 switch 2\n>p1 switch 6\n>p1 move bodypress\n>p2 move bodyslam\n>p1 move irondefense\n>p2 move knockoff\n>p1 move scald\n>p2 switch 6\n>p1 switch 6\n>p2 move shadowball\n>p1 move playrough\n>p2 move shadowball\n>p2 switch 2\n>p1 move voltswitch\n>p2 move uturn\n>p2 switch 3\n>p1 switch 2\n>p1 move psychic\n>p2 move voltswitch\n>p2 switch 6\n>p1 move focusblast\n>p2 move knockoff\n>p1 move calmmind\n>p2 move bodyslam\n>p1 move recover\n>p2 move bodyslam\n>p1 move focusblast\n>p2 move bodyslam\n>p2 switch 3\n>p1 move focusblast\n>p2 move uturn\n>p2 switch 6\n>p1 switch 6\n>p1 move irondefense\n>p2 move voltswitch\n>p2 switch 6\n>p1 move slackoff terastallize\n>p2 move trick\n>chat \u2606extreme72|gg\n>chat \u2606thesunevitableone|gg\n>forcelose p1", "uploadtime": 1781381386, "views": 9, "formatid": "gen9randombattle", "rating": 1735, "private": 0, "password": null}