{"id": "gen9randombattle-2631998531", "format": "[Gen 9] Random Battle", "players": ["Shomsnack", "staraptor854"], "log": "|j|\u203dShomsnack\n|j|\u2606staraptor854\n|t:|1781464331\n|gametype|singles\n|player|p1|Shomsnack|2|2062\n|player|p2|staraptor854|hugh|2025\n|gen|9\n|tier|[Gen 9] Random Battle\n|rated|\n|rule|Species Clause: Limit one of each Pok\u00e9mon\n|rule|HP Percentage Mod: HP is shown in percentages\n|rule|Sleep Clause Mod: Limit one foe put to sleep\n|rule|Illusion Level Mod: Illusion disguises the Pok\u00e9mon's true level\n|\n|t:|1781464331\n|teamsize|p1|6\n|teamsize|p2|6\n|start\n|switch|p1a: Magcargo|Magcargo, L95, M|268/268\n|switch|p2a: Electivire|Electivire, L84, F|263/263\n|turn|1\n|inactive|Battle timer is ON: inactive players will automatically lose when time's up. (requested by staraptor854)\n|\n|t:|1781464350\n|move|p2a: Electivire|Earthquake|p1a: Magcargo\n|-supereffective|p1a: Magcargo\n|-damage|p1a: Magcargo|0 fnt\n|faint|p1a: Magcargo\n|-damage|p2a: Electivire|237/263|[from] item: Life Orb\n|\n|upkeep\n|\n|t:|1781464354\n|switch|p1a: Sneasler|Sneasler, L74, F|240/240\n|turn|2\n|\n|t:|1781464358\n|move|p1a: Sneasler|Close Combat|p2a: Electivire\n|-damage|p2a: Electivire|2/263\n|-unboost|p1a: Sneasler|def|1\n|-unboost|p1a: Sneasler|spd|1\n|move|p2a: Electivire|Earthquake|p1a: Sneasler\n|-supereffective|p1a: Sneasler\n|-damage|p1a: Sneasler|0 fnt\n|faint|p1a: Sneasler\n|-damage|p2a: Electivire|0 fnt|[from] item: Life Orb\n|faint|p2a: Electivire\n|\n|upkeep\n|\n|t:|1781464365\n|switch|p1a: Delibird|Delibird, F|252/252\n|switch|p2a: Ariados|Ariados, L95, M|287/287\n|turn|3\n|\n|t:|1781464372\n|switch|p2a: Hippowdon|Hippowdon, L82, F|311/311\n|-weather|Sandstorm|[from] ability: Sand Stream|[of] p2a: Hippowdon\n|move|p1a: Delibird|Brave Bird|p2a: Hippowdon\n|-damage|p2a: Hippowdon|208/311\n|-damage|p1a: Delibird|210/252|[from] item: Rocky Helmet|[of] p2a: Hippowdon\n|-damage|p1a: Delibird|176/252|[from] Recoil\n|\n|-weather|Sandstorm|[upkeep]\n|-damage|p1a: Delibird|161/252|[from] Sandstorm\n|upkeep\n|turn|4\n|\n|t:|1781464386\n|switch|p1a: Grimmsnarl|Grimmsnarl, L83, M|293/293\n|move|p2a: Hippowdon|Stone Edge|p1a: Grimmsnarl|[miss]\n|-miss|p2a: Hippowdon|p1a: Grimmsnarl\n|\n|-weather|Sandstorm|[upkeep]\n|-damage|p1a: Grimmsnarl|275/293|[from] Sandstorm\n|upkeep\n|turn|5\n|\n|t:|1781464391\n|move|p1a: Grimmsnarl|Reflect|p1a: Grimmsnarl\n|-sidestart|p1: Shomsnack|Reflect\n|move|p2a: Hippowdon|Stealth Rock|p1a: Grimmsnarl\n|-sidestart|p1: Shomsnack|move: Stealth Rock\n|\n|-weather|Sandstorm|[upkeep]\n|-damage|p1a: Grimmsnarl|257/293|[from] Sandstorm\n|upkeep\n|turn|6\n|\n|t:|1781464403\n|switch|p2a: Corviknight|Corviknight, L80, F|288/288\n|move|p1a: Grimmsnarl|Parting Shot|p2a: Corviknight\n|-ability|p2a: Corviknight|Mirror Armor\n|-unboost|p1a: Grimmsnarl|atk|1\n|-ability|p2a: Corviknight|Mirror Armor\n|-unboost|p1a: Grimmsnarl|spa|1\n|\n|t:|1781464407\n|switch|p1a: Scovillain|Scovillain, L91, M|266/266|[from] Parting Shot\n|-damage|p1a: Scovillain|200/266|[from] Stealth Rock\n|\n|-weather|Sandstorm|[upkeep]\n|-damage|p1a: Scovillain|184/266|[from] Sandstorm\n|-heal|p1a: Scovillain|200/266|[from] item: Leftovers\n|upkeep\n|turn|7\n|\n|t:|1781464415\n|switch|p2a: Dachsbun|Dachsbun, L92, F|254/254\n|move|p1a: Scovillain|Substitute|p1a: Scovillain\n|-start|p1a: Scovillain|Substitute\n|-damage|p1a: Scovillain|134/266\n|\n|-weather|none\n|-heal|p1a: Scovillain|150/266|[from] item: Leftovers\n|upkeep\n|turn|8\n|\n|t:|1781464434\n|move|p2a: Dachsbun|Play Rough|p1a: Scovillain|[miss]\n|-miss|p2a: Dachsbun|p1a: Scovillain\n|move|p1a: Scovillain|Leech Seed|p2a: Dachsbun\n|-start|p2a: Dachsbun|move: Leech Seed\n|\n|-heal|p1a: Scovillain|166/266|[from] item: Leftovers\n|-damage|p2a: Dachsbun|223/254|[from] Leech Seed|[of] p1a: Scovillain\n|-heal|p1a: Scovillain|197/266|[silent]\n|upkeep\n|turn|9\n|\n|t:|1781464440\n|switch|p2a: Hippowdon|Hippowdon, L82, F|208/311\n|-weather|Sandstorm|[from] ability: Sand Stream|[of] p2a: Hippowdon\n|move|p1a: Scovillain|Protect||[still]\n|-fail|p1a: Scovillain\n|\n|-weather|Sandstorm|[upkeep]\n|-damage|p1a: Scovillain|181/266|[from] Sandstorm\n|-heal|p1a: Scovillain|197/266|[from] item: Leftovers\n|upkeep\n|turn|10\n|\n|t:|1781464446\n|move|p1a: Scovillain|Leech Seed|p2a: Hippowdon|[miss]\n|-miss|p1a: Scovillain|p2a: Hippowdon\n|move|p2a: Hippowdon|Stone Edge|p1a: Scovillain\n|-supereffective|p1a: Scovillain\n|-end|p1a: Scovillain|Substitute\n|\n|-weather|Sandstorm|[upkeep]\n|-damage|p1a: Scovillain|181/266|[from] Sandstorm\n|-heal|p1a: Scovillain|197/266|[from] item: Leftovers\n|upkeep\n|turn|11\n|\n|t:|1781464456\n|move|p1a: Scovillain|Flamethrower|p2a: Hippowdon\n|-damage|p2a: Hippowdon|69/311\n|move|p2a: Hippowdon|Stone Edge|p1a: Scovillain\n|-supereffective|p1a: Scovillain\n|-damage|p1a: Scovillain|110/266\n|\n|-weather|Sandstorm|[upkeep]\n|-damage|p1a: Scovillain|94/266|[from] Sandstorm\n|-heal|p1a: Scovillain|110/266|[from] item: Leftovers\n|upkeep\n|turn|12\n|\n|t:|1781464463\n|move|p1a: Scovillain|Substitute|p1a: Scovillain\n|-start|p1a: Scovillain|Substitute\n|-damage|p1a: Scovillain|44/266\n|move|p2a: Hippowdon|Slack Off|p2a: Hippowdon\n|-heal|p2a: Hippowdon|225/311\n|\n|-weather|Sandstorm|[upkeep]\n|-damage|p1a: Scovillain|28/266|[from] Sandstorm\n|-heal|p1a: Scovillain|44/266|[from] item: Leftovers\n|-sideend|p1: Shomsnack|Reflect\n|upkeep\n|turn|13\n|\n|t:|1781464468\n|move|p1a: Scovillain|Leech Seed|p2a: Hippowdon\n|-start|p2a: Hippowdon|move: Leech Seed\n|move|p2a: Hippowdon|Stone Edge|p1a: Scovillain\n|-supereffective|p1a: Scovillain\n|-end|p1a: Scovillain|Substitute\n|\n|-weather|none\n|-heal|p1a: Scovillain|60/266|[from] item: Leftovers\n|-damage|p2a: Hippowdon|187/311|[from] Leech Seed|[of] p1a: Scovillain\n|-heal|p1a: Scovillain|98/266|[silent]\n|upkeep\n|turn|14\n|\n|t:|1781464472\n|switch|p2a: Dachsbun|Dachsbun, L92, F|223/254\n|move|p1a: Scovillain|Protect||[still]\n|-fail|p1a: Scovillain\n|\n|-heal|p2a: Dachsbun|238/254|[from] item: Leftovers\n|-heal|p1a: Scovillain|114/266|[from] item: Leftovers\n|upkeep\n|turn|15\n|\n|t:|1781464476\n|move|p2a: Dachsbun|Yawn|p1a: Scovillain\n|-start|p1a: Scovillain|move: Yawn|[of] p2a: Dachsbun\n|move|p1a: Scovillain|Substitute|p1a: Scovillain\n|-start|p1a: Scovillain|Substitute\n|-damage|p1a: Scovillain|48/266\n|\n|-heal|p2a: Dachsbun|253/254|[from] item: Leftovers\n|-heal|p1a: Scovillain|64/266|[from] item: Leftovers\n|upkeep\n|turn|16\n|\n|t:|1781464484\n|switch|p2a: Corviknight|Corviknight, L80, F|288/288\n|move|p1a: Scovillain|Leech Seed|p2a: Corviknight\n|-start|p2a: Corviknight|move: Leech Seed\n|\n|-heal|p1a: Scovillain|80/266|[from] item: Leftovers\n|-damage|p2a: Corviknight|252/288|[from] Leech Seed|[of] p1a: Scovillain\n|-heal|p1a: Scovillain|116/266|[silent]\n|-end|p1a: Scovillain|move: Yawn|[silent]\n|-status|p1a: Scovillain|slp\n|upkeep\n|turn|17\n|\n|t:|1781464495\n|cant|p1a: Scovillain|slp\n|move|p2a: Corviknight|Brave Bird|p1a: Scovillain\n|-supereffective|p1a: Scovillain\n|-end|p1a: Scovillain|Substitute\n|-damage|p2a: Corviknight|230/288|[from] Recoil|[of] p1a: Scovillain\n|\n|-heal|p1a: Scovillain|132/266 slp|[from] item: Leftovers\n|-damage|p2a: Corviknight|194/288|[from] Leech Seed|[of] p1a: Scovillain\n|-heal|p1a: Scovillain|168/266 slp|[silent]\n|upkeep\n|turn|18\n|\n|t:|1781464497\n|-curestatus|p1a: Scovillain|slp|[msg]\n|move|p1a: Scovillain|Flamethrower|p2a: Corviknight\n|-supereffective|p2a: Corviknight\n|-damage|p2a: Corviknight|0 fnt\n|faint|p2a: Corviknight\n|\n|-heal|p1a: Scovillain|184/266|[from] item: Leftovers\n|upkeep\n|\n|t:|1781464507\n|switch|p2a: Ariados|Ariados, L95, M|287/287\n|turn|19\n|\n|t:|1781464510\n|move|p1a: Scovillain|Flamethrower|p2a: Ariados\n|-supereffective|p2a: Ariados\n|-damage|p2a: Ariados|15/287\n|move|p2a: Ariados|Poison Jab|p1a: Scovillain\n|-supereffective|p1a: Scovillain\n|-damage|p1a: Scovillain|0 fnt\n|faint|p1a: Scovillain\n|\n|upkeep\n|\n|t:|1781464512\n|switch|p1a: Delibird|Delibird, F|161/252\n|turn|20\n|\n|t:|1781464521\n|switch|p2a: Hippowdon|Hippowdon, L82, F|187/311\n|-weather|Sandstorm|[from] ability: Sand Stream|[of] p2a: Hippowdon\n|move|p1a: Delibird|Freeze-Dry|p2a: Hippowdon\n|-supereffective|p2a: Hippowdon\n|-damage|p2a: Hippowdon|0 fnt\n|faint|p2a: Hippowdon\n|\n|-weather|Sandstorm|[upkeep]\n|-damage|p1a: Delibird|146/252|[from] Sandstorm\n|upkeep\n|\n|t:|1781464526\n|switch|p2a: Zacian|Zacian-Crowned, L64|225/225\n|-ability|p2a: Zacian|Intrepid Sword|boost\n|-boost|p2a: Zacian|atk|1\n|turn|21\n|\n|t:|1781464531\n|switch|p1a: Grimmsnarl|Grimmsnarl, L83, M|257/293\n|-damage|p1a: Grimmsnarl|221/293|[from] Stealth Rock\n|move|p2a: Zacian|Behemoth Blade|p1a: Grimmsnarl\n|-supereffective|p1a: Grimmsnarl\n|-damage|p1a: Grimmsnarl|0 fnt\n|faint|p1a: Grimmsnarl\n|\n|-weather|Sandstorm|[upkeep]\n|upkeep\n|\n|t:|1781464533\n|switch|p1a: Lucario|Lucario, L84, M|255/255\n|-damage|p1a: Lucario|248/255|[from] Stealth Rock\n|turn|22\n|\n|t:|1781464549\n|-terastallize|p2a: Zacian|Fighting\n|move|p2a: Zacian|Close Combat|p1a: Lucario\n|-supereffective|p1a: Lucario\n|-damage|p1a: Lucario|0 fnt\n|-unboost|p2a: Zacian|def|1\n|-unboost|p2a: Zacian|spd|1\n|faint|p1a: Lucario\n|\n|-weather|Sandstorm|[upkeep]\n|-damage|p2a: Zacian|211/225|[from] Sandstorm\n|upkeep\n|\n|t:|1781464552\n|switch|p1a: Delibird|Delibird, F|146/252\n|turn|23\n|\n|t:|1781464556\n|-terastallize|p1a: Delibird|Ghost\n|move|p2a: Zacian|Behemoth Blade|p1a: Delibird\n|-crit|p1a: Delibird\n|-damage|p1a: Delibird|0 fnt\n|faint|p1a: Delibird\n|\n|win|staraptor854\n", "inputlog": ">version a8376a258c1d4662feba110a92103f3664a72141\n>start {\"formatid\":\"gen9randombattle\",\"seed\":\"sodium,ecbef1e69614a6d116d26231897e4d2e\",\"rated\":\"Rated battle\"}\n>player p1 {\"name\":\"Shomsnack\",\"avatar\":\"2\",\"rating\":2062,\"seed\":\"sodium,bb02782afb76bc91214f12fd4a5b571f\"}\n>player p2 {\"name\":\"staraptor854\",\"avatar\":\"hugh\",\"rating\":2025,\"seed\":\"sodium,769b588a81cf59e74698a714d5c4c792\"}\n>p1 move fireblast\n>p2 move earthquake\n>p1 switch 4\n>p1 move closecombat\n>p2 move earthquake\n>p1 switch 5\n>p2 switch 6\n>p1 move bravebird\n>p2 switch 2\n>p1 switch 3\n>p2 move stoneedge\n>p1 move reflect\n>p2 move stealthrock\n>p1 move partingshot\n>p2 switch 4\n>p1 switch 6\n>p1 move substitute\n>p2 switch 5\n>p1 move leechseed\n>p2 move playrough\n>p1 move protect\n>p2 switch 4\n>p1 move leechseed\n>p2 move stoneedge\n>p1 move flamethrower\n>p2 move stoneedge\n>p1 move substitute\n>p2 move slackoff\n>p1 move leechseed\n>p2 move stoneedge\n>p1 move protect\n>p2 switch 4\n>p1 move substitute\n>p2 move yawn\n>p1 move leechseed\n>p2 switch 5\n>p1 move flamethrower\n>p2 move bravebird\n>p1 move flamethrower\n>p2 move bravebird\n>p2 switch 2\n>p1 move flamethrower\n>p2 move poisonjab\n>p1 switch 3\n>p1 move freezedry\n>p2 switch 4\n>p2 switch 3\n>p1 switch 6\n>p2 move behemothblade\n>p1 switch 2\n>p1 move meteormash\n>p2 move closecombat terastallize\n>p1 switch 6\n>p1 move bravebird terastallize\n>p2 move behemothblade", "uploadtime": 1781464333, "views": 5, "formatid": "gen9randombattle", "rating": null, "private": 0, "password": null}