{"id": "gen9randombattle-2631636321", "format": "[Gen 9] Random Battle", "players": ["Guimd33", "T0RcH3D"], "log": "|badge|p1|bronze|gen9randombattle|100-9\n|uhtml|medal-msg|<div class=\"broadcast-blue\">Curious what those medals under the avatar are? PS now has Ladder Seasons! For more information, check out the <a href=\"https://www.smogon.com/forums/threads/3740067/\">thread on Smogon.</a></div>\n|j|\u2606Guimd33\n|j|\u2606T0RcH3D\n|t:|1781412556\n|gametype|singles\n|player|p1|Guimd33|pokekid|2316\n|player|p2|T0RcH3D|guitarist-gen4|2229\n|gen|9\n|tier|[Gen 9] Random Battle\n|rated|\n|rule|Species Clause: Limit one of each Pok\u00e9mon\n|rule|HP Percentage Mod: HP is shown in percentages\n|rule|Sleep Clause Mod: Limit one foe put to sleep\n|rule|Illusion Level Mod: Illusion disguises the Pok\u00e9mon's true level\n|\n|t:|1781412556\n|teamsize|p1|6\n|teamsize|p2|6\n|start\n|switch|p1a: Iron Moth|Iron Moth, L78|253/253\n|switch|p2a: Golem|Golem, L87, M|281/281\n|turn|1\n|\n|t:|1781412570\n|-end|p1a: Iron Moth|Quark Drive|[silent]\n|switch|p1a: Volbeat|Volbeat, L90, M|263/263\n|move|p2a: Golem|Stone Edge|p1a: Volbeat\n|-supereffective|p1a: Volbeat\n|-damage|p1a: Volbeat|0 fnt\n|faint|p1a: Volbeat\n|\n|upkeep\n|\n|t:|1781412574\n|switch|p1a: Golduck|Golduck, L90, M|290/290\n|-ability|p1a: Golduck|Cloud Nine\n|turn|2\n|\n|t:|1781412580\n|switch|p2a: Brute Bonnet|Brute Bonnet, L80|309/309\n|move|p1a: Golduck|Flip Turn|p2a: Brute Bonnet\n|-resisted|p2a: Brute Bonnet\n|-damage|p2a: Brute Bonnet|279/309\n|inactive|Battle timer is ON: inactive players will automatically lose when time's up. (requested by Guimd33)\n|\n|t:|1781412586\n|switch|p1a: Iron Moth|Iron Moth, L78|253/253|[from] Flip Turn\n|\n|-heal|p2a: Brute Bonnet|298/309|[from] item: Leftovers\n|upkeep\n|turn|3\n|\n|t:|1781412595\n|move|p1a: Iron Moth|Fire Blast|p2a: Brute Bonnet\n|-supereffective|p2a: Brute Bonnet\n|-damage|p2a: Brute Bonnet|56/309\n|move|p2a: Brute Bonnet|Spore|p1a: Iron Moth\n|-status|p1a: Iron Moth|slp|[from] move: Spore\n|\n|-heal|p2a: Brute Bonnet|75/309|[from] item: Leftovers\n|upkeep\n|turn|4\n|\n|t:|1781412602\n|cant|p1a: Iron Moth|slp\n|move|p2a: Brute Bonnet|Crunch|p1a: Iron Moth\n|-damage|p1a: Iron Moth|124/253 slp\n|\n|-heal|p2a: Brute Bonnet|94/309|[from] item: Leftovers\n|upkeep\n|turn|5\n|\n|t:|1781412605\n|cant|p1a: Iron Moth|slp\n|move|p2a: Brute Bonnet|Crunch|p1a: Iron Moth\n|-damage|p1a: Iron Moth|0 fnt\n|faint|p1a: Iron Moth\n|-end|p1a: Iron Moth|Quark Drive|[silent]\n|\n|-heal|p2a: Brute Bonnet|113/309|[from] item: Leftovers\n|upkeep\n|\n|t:|1781412611\n|switch|p1a: Golduck|Golduck, L90, M|290/290\n|-ability|p1a: Golduck|Cloud Nine\n|turn|6\n|\n|t:|1781412617\n|-end|p2a: Brute Bonnet|Protosynthesis|[silent]\n|switch|p2a: Spiritomb|Spiritomb, L89, M|234/234\n|move|p1a: Golduck|Ice Beam|p2a: Spiritomb\n|-damage|p2a: Spiritomb|148/234\n|\n|-heal|p2a: Spiritomb|162/234|[from] item: Leftovers\n|upkeep\n|turn|7\n|\n|t:|1781412622\n|switch|p1a: Hydreigon|Hydreigon, L79, F|275/275\n|move|p2a: Spiritomb|Pain Split|p1a: Hydreigon\n|-sethp|p1a: Hydreigon|218/275|[from] move: Pain Split|[silent]\n|-sethp|p2a: Spiritomb|218/234|[from] move: Pain Split\n|\n|-heal|p2a: Spiritomb|232/234|[from] item: Leftovers\n|upkeep\n|turn|8\n|\n|t:|1781412650\n|move|p1a: Hydreigon|Nasty Plot|p1a: Hydreigon\n|-boost|p1a: Hydreigon|spa|2\n|move|p2a: Spiritomb|Toxic|p1a: Hydreigon\n|-status|p1a: Hydreigon|tox\n|\n|-heal|p2a: Spiritomb|234/234|[from] item: Leftovers\n|-damage|p1a: Hydreigon|201/275 tox|[from] psn\n|upkeep\n|turn|9\n|inactive|T0RcH3D has 120 seconds left.\n|\n|t:|1781412686\n|switch|p2a: Brute Bonnet|Brute Bonnet, L80|113/309\n|move|p1a: Hydreigon|Draco Meteor|p2a: Brute Bonnet\n|-damage|p2a: Brute Bonnet|0 fnt\n|-unboost|p1a: Hydreigon|spa|2\n|faint|p2a: Brute Bonnet\n|-end|p2a: Brute Bonnet|Protosynthesis|[silent]\n|-damage|p1a: Hydreigon|174/275 tox|[from] item: Life Orb\n|\n|-damage|p1a: Hydreigon|140/275 tox|[from] psn\n|upkeep\n|\n|t:|1781412694\n|switch|p2a: Sneasler|Sneasler, L74, F|240/240\n|turn|10\n|\n|t:|1781412699\n|move|p2a: Sneasler|Close Combat|p1a: Hydreigon\n|-supereffective|p1a: Hydreigon\n|-damage|p1a: Hydreigon|0 fnt\n|-unboost|p2a: Sneasler|def|1\n|-unboost|p2a: Sneasler|spd|1\n|faint|p1a: Hydreigon\n|-enditem|p2a: Sneasler|White Herb\n|-clearnegativeboost|p2a: Sneasler|[silent]\n|\n|upkeep\n|\n|t:|1781412701\n|switch|p1a: Lanturn|Lanturn, L89, F|367/367\n|turn|11\n|\n|t:|1781412709\n|move|p2a: Sneasler|Dire Claw|p1a: Lanturn\n|-damage|p1a: Lanturn|259/367\n|move|p1a: Lanturn|Scald|p2a: Sneasler\n|-damage|p2a: Sneasler|141/240\n|\n|upkeep\n|turn|12\n|\n|t:|1781412715\n|move|p2a: Sneasler|Dire Claw|p1a: Lanturn\n|-damage|p1a: Lanturn|159/367\n|-status|p1a: Lanturn|psn\n|move|p1a: Lanturn|Scald|p2a: Sneasler\n|-crit|p2a: Sneasler\n|-damage|p2a: Sneasler|0 fnt\n|faint|p2a: Sneasler\n|\n|-damage|p1a: Lanturn|114/367 psn|[from] psn\n|upkeep\n|\n|t:|1781412731\n|switch|p2a: Indeedee|Indeedee-F, L90, F|272/272\n|-fieldstart|move: Psychic Terrain|[from] ability: Psychic Surge|[of] p2a: Indeedee\n|turn|13\n|\n|t:|1781412741\n|move|p2a: Indeedee|Psychic|p1a: Lanturn\n|-damage|p1a: Lanturn|0 fnt\n|faint|p1a: Lanturn\n|\n|upkeep\n|\n|t:|1781412747\n|switch|p1a: Raichu|Raichu, L88, F|249/249\n|turn|14\n|\n|t:|1781412755\n|-terastallize|p2a: Indeedee|Fairy\n|move|p1a: Raichu|Knock Off|p2a: Indeedee\n|-resisted|p2a: Indeedee\n|-damage|p2a: Indeedee|227/272\n|-enditem|p2a: Indeedee|Choice Specs|[from] move: Knock Off|[of] p1a: Raichu\n|move|p2a: Indeedee|Psychic|p1a: Raichu\n|-damage|p1a: Raichu|147/249\n|\n|upkeep\n|turn|15\n|\n|t:|1781412765\n|move|p1a: Raichu|Thunderbolt|p2a: Indeedee\n|-damage|p2a: Indeedee|140/272\n|move|p2a: Indeedee|Psychic|p1a: Raichu\n|-damage|p1a: Raichu|56/249\n|\n|upkeep\n|turn|16\n|\n|t:|1781412769\n|move|p1a: Raichu|Thunderbolt|p2a: Indeedee\n|-damage|p2a: Indeedee|56/272\n|move|p2a: Indeedee|Psychic|p1a: Raichu\n|-damage|p1a: Raichu|0 fnt\n|faint|p1a: Raichu\n|\n|upkeep\n|\n|t:|1781412772\n|switch|p1a: Golduck|Golduck, L90, M|290/290\n|-ability|p1a: Golduck|Cloud Nine\n|turn|17\n|\n|t:|1781412777\n|move|p2a: Indeedee|Psychic|p1a: Golduck\n|-damage|p1a: Golduck|139/290\n|move|p1a: Golduck|Hydro Pump|p2a: Indeedee\n|-damage|p2a: Indeedee|0 fnt\n|faint|p2a: Indeedee\n|\n|-fieldend|move: Psychic Terrain\n|upkeep\n|\n|t:|1781412787\n|switch|p2a: Golem|Golem, L87, M|281/281\n|turn|18\n|\n|t:|1781412789\n|-terastallize|p1a: Golduck|Grass\n|move|p1a: Golduck|Hydro Pump|p2a: Golem\n|-supereffective|p2a: Golem\n|-ability|p2a: Golem|Sturdy\n|-damage|p2a: Golem|1/281\n|-enditem|p2a: Golem|Weakness Policy\n|-boost|p2a: Golem|atk|2|[from] item: Weakness Policy\n|-boost|p2a: Golem|spa|2|[from] item: Weakness Policy\n|move|p2a: Golem|Explosion|p1a: Golduck\n|-crit|p1a: Golduck\n|-damage|p1a: Golduck|0 fnt\n|faint|p2a: Golem\n|faint|p1a: Golduck\n|\n|win|T0RcH3D\n", "inputlog": ">version a8376a258c1d4662feba110a92103f3664a72141\n>start {\"formatid\":\"gen9randombattle\",\"seed\":\"sodium,40ad764594119dae867632e3106b0b3b\",\"rated\":\"Rated battle\"}\n>player p1 {\"name\":\"Guimd33\",\"avatar\":\"pokekid\",\"rating\":2316,\"seed\":\"sodium,2e76c0ae929af77c604016a0da664f5c\"}\n>player p2 {\"name\":\"T0RcH3D\",\"avatar\":\"guitarist-gen4\",\"rating\":2229,\"seed\":\"sodium,8a274550f5e9470c40cdda9438497498\"}\n>p1 switch 5\n>p2 move stoneedge\n>p1 switch 3\n>p1 move flipturn\n>p2 switch 6\n>p1 switch 5\n>p1 move fireblast\n>p2 move spore\n>p1 move fireblast\n>p2 move crunch\n>p1 move sludgewave\n>p2 move crunch\n>p1 switch 5\n>p1 move icebeam\n>p2 switch 5\n>p1 switch 6\n>p2 move painsplit\n>p1 move nastyplot\n>p2 move toxic\n>p1 move dracometeor\n>p2 switch 5\n>p2 switch 2\n>p1 move dracometeor\n>p2 move closecombat\n>p1 switch 4\n>p1 move scald\n>p2 move direclaw\n>p1 move scald\n>p2 move direclaw\n>p2 switch 3\n>p1 move thunderwave\n>p2 move psychic\n>p1 switch 2\n>p1 move knockoff\n>p2 move psychic terastallize\n>p1 move thunderbolt\n>p2 move psychic\n>p1 move thunderbolt\n>p2 move psychic\n>p1 switch 6\n>p1 move hydropump\n>p2 move psychic\n>p2 switch 6\n>p1 move hydropump terastallize\n>p2 move explosion", "uploadtime": 1781412558, "views": 4, "formatid": "gen9randombattle", "rating": null, "private": 0, "password": null}