{"id": "gen9randombattle-2631862131", "format": "[Gen 9] Random Battle", "players": ["Davide070701", "metaltunder"], "log": "|j|\u2606Davide070701\n|j|\u2606metaltunder\n|t:|1781449367\n|gametype|singles\n|player|p1|Davide070701|102|1974\n|player|p2|metaltunder|palmer|2047\n|gen|9\n|tier|[Gen 9] Random Battle\n|rated|\n|rule|Species Clause: Limit one of each Pok\u00e9mon\n|rule|HP Percentage Mod: HP is shown in percentages\n|rule|Sleep Clause Mod: Limit one foe put to sleep\n|rule|Illusion Level Mod: Illusion disguises the Pok\u00e9mon's true level\n|\n|t:|1781449367\n|teamsize|p1|6\n|teamsize|p2|6\n|start\n|switch|p1a: Magnezone|Magnezone, L85|258/258\n|switch|p2a: Keldeo|Keldeo-Resolute, L79|273/273\n|turn|1\n|inactive|Battle timer is ON: inactive players will automatically lose when time's up. (requested by Davide070701)\n|\n|t:|1781449382\n|switch|p1a: Ariados|Ariados, L95, M|287/287\n|move|p2a: Keldeo|Secret Sword|p1a: Ariados\n|-resisted|p1a: Ariados\n|-damage|p1a: Ariados|247/287\n|\n|upkeep\n|turn|2\n|inactive|metaltunder has 120 seconds left.\n|inactive|metaltunder has 90 seconds left.\n|\n|t:|1781449450\n|switch|p2a: Magcargo|Magcargo, L95, M|268/268\n|move|p1a: Ariados|Sticky Web|p2a: Magcargo\n|-sidestart|p2: metaltunder|move: Sticky Web\n|\n|upkeep\n|turn|3\n|\n|t:|1781449457\n|switch|p1a: Raging Bolt|Raging Bolt, L78|323/323\n|move|p2a: Magcargo|Lava Plume|p1a: Raging Bolt\n|-resisted|p1a: Raging Bolt\n|-damage|p1a: Raging Bolt|269/323\n|-status|p1a: Raging Bolt|brn\n|\n|-heal|p1a: Raging Bolt|289/323 brn|[from] item: Leftovers\n|-damage|p1a: Raging Bolt|269/323 brn|[from] brn\n|upkeep\n|turn|4\n|\n|t:|1781449466\n|switch|p2a: Goodra|Goodra-Hisui, L82, M|265/265\n|-activate|p2a: Goodra|move: Sticky Web\n|-unboost|p2a: Goodra|spe|1\n|move|p1a: Raging Bolt|Draco Meteor|p2a: Goodra\n|-damage|p2a: Goodra|189/265\n|-unboost|p1a: Raging Bolt|spa|2\n|\n|-heal|p1a: Raging Bolt|289/323 brn|[from] item: Leftovers\n|-damage|p1a: Raging Bolt|269/323 brn|[from] brn\n|upkeep\n|turn|5\n|\n|t:|1781449478\n|-end|p1a: Raging Bolt|Protosynthesis|[silent]\n|switch|p1a: Magnezone|Magnezone, L85|258/258\n|move|p2a: Goodra|Dragon Tail|p1a: Magnezone\n|-resisted|p1a: Magnezone\n|-damage|p1a: Magnezone|234/258\n|drag|p1a: Raging Bolt|Raging Bolt, L78|269/323 brn\n|\n|-heal|p1a: Raging Bolt|289/323 brn|[from] item: Leftovers\n|-damage|p1a: Raging Bolt|269/323 brn|[from] brn\n|upkeep\n|turn|6\n|\n|t:|1781449483\n|move|p1a: Raging Bolt|Draco Meteor|p2a: Goodra\n|-damage|p2a: Goodra|123/265\n|-unboost|p1a: Raging Bolt|spa|2\n|move|p2a: Goodra|Dragon Tail|p1a: Raging Bolt\n|-supereffective|p1a: Raging Bolt\n|-damage|p1a: Raging Bolt|149/323 brn\n|-end|p1a: Raging Bolt|Protosynthesis|[silent]\n|drag|p1a: Sceptile|Sceptile, L87, F|264/264\n|\n|upkeep\n|turn|7\n|\n|t:|1781449490\n|move|p1a: Sceptile|Earthquake|p2a: Goodra\n|-supereffective|p2a: Goodra\n|-damage|p2a: Goodra|0 fnt\n|faint|p2a: Goodra\n|-damage|p1a: Sceptile|238/264|[from] item: Life Orb\n|\n|upkeep\n|inactive|metaltunder has 120 seconds left.\n|\n|t:|1781449501\n|switch|p2a: Greedent|Greedent, L86, M|347/347\n|-activate|p2a: Greedent|move: Sticky Web\n|-unboost|p2a: Greedent|spe|1\n|turn|8\n|\n|t:|1781449508\n|move|p1a: Sceptile|Swords Dance|p1a: Sceptile\n|-boost|p1a: Sceptile|atk|2\n|move|p2a: Greedent|Knock Off|p1a: Sceptile\n|-damage|p1a: Sceptile|159/264\n|-enditem|p1a: Sceptile|Life Orb|[from] move: Knock Off|[of] p2a: Greedent\n|\n|upkeep\n|turn|9\n|\n|t:|1781449524\n|move|p1a: Sceptile|Leaf Blade|p2a: Greedent\n|-damage|p2a: Greedent|175/347\n|move|p2a: Greedent|Double-Edge|p1a: Sceptile\n|-damage|p1a: Sceptile|0 fnt\n|faint|p1a: Sceptile\n|-damage|p2a: Greedent|123/347|[from] Recoil\n|-enditem|p2a: Greedent|Sitrus Berry|[eat]\n|-heal|p2a: Greedent|209/347|[from] item: Sitrus Berry\n|-heal|p2a: Greedent|324/347|[from] ability: Cheek Pouch\n|\n|upkeep\n|\n|t:|1781449540\n|switch|p1a: Girafarig|Girafarig, L89, F|269/269\n|turn|10\n|\n|t:|1781449549\n|move|p1a: Girafarig|Hyper Voice|p2a: Greedent\n|-damage|p2a: Greedent|210/347\n|move|p2a: Greedent|Knock Off|p1a: Girafarig\n|-supereffective|p1a: Girafarig\n|-damage|p1a: Girafarig|165/269\n|-enditem|p1a: Girafarig|Eviolite|[from] move: Knock Off|[of] p2a: Greedent\n|\n|upkeep\n|turn|11\n|\n|t:|1781449556\n|move|p1a: Girafarig|Hyper Voice|p2a: Greedent\n|-damage|p2a: Greedent|99/347\n|move|p2a: Greedent|Double-Edge|p1a: Girafarig\n|-damage|p1a: Girafarig|0 fnt\n|faint|p1a: Girafarig\n|-damage|p2a: Greedent|45/347|[from] Recoil\n|\n|upkeep\n|\n|t:|1781449560\n|switch|p1a: Ariados|Ariados, L95, M|247/287\n|turn|12\n|\n|t:|1781449565\n|move|p1a: Ariados|Poison Jab|p2a: Greedent\n|-damage|p2a: Greedent|0 fnt\n|faint|p2a: Greedent\n|\n|upkeep\n|\n|t:|1781449574\n|switch|p2a: Magcargo|Magcargo, L95, M|268/268\n|turn|13\n|\n|t:|1781449581\n|switch|p1a: Raging Bolt|Raging Bolt, L78|149/323 brn\n|move|p2a: Magcargo|Lava Plume|p1a: Raging Bolt\n|-resisted|p1a: Raging Bolt\n|-damage|p1a: Raging Bolt|93/323 brn\n|\n|-heal|p1a: Raging Bolt|113/323 brn|[from] item: Leftovers\n|-damage|p1a: Raging Bolt|93/323 brn|[from] brn\n|upkeep\n|turn|14\n|inactive|metaltunder has 120 seconds left.\n|\n|t:|1781449623\n|move|p1a: Raging Bolt|Draco Meteor|p2a: Magcargo\n|-damage|p2a: Magcargo|129/268\n|-unboost|p1a: Raging Bolt|spa|2\n|move|p2a: Magcargo|Recover|p2a: Magcargo\n|-heal|p2a: Magcargo|263/268\n|\n|-heal|p1a: Raging Bolt|113/323 brn|[from] item: Leftovers\n|-damage|p1a: Raging Bolt|93/323 brn|[from] brn\n|upkeep\n|turn|15\n|\n|t:|1781449629\n|-end|p1a: Raging Bolt|Protosynthesis|[silent]\n|switch|p1a: Clefable|Clefable, L83, F|293/293\n|move|p2a: Magcargo|Lava Plume|p1a: Clefable\n|-damage|p1a: Clefable|193/293\n|-status|p1a: Clefable|brn\n|\n|upkeep\n|turn|16\n|\n|t:|1781449639\n|move|p1a: Clefable|Knock Off|p2a: Magcargo\n|-damage|p2a: Magcargo|241/268\n|-enditem|p2a: Magcargo|Heavy-Duty Boots|[from] move: Knock Off|[of] p1a: Clefable\n|move|p2a: Magcargo|Power Gem|p1a: Clefable\n|-damage|p1a: Clefable|85/293 brn\n|\n|upkeep\n|turn|17\n|\n|t:|1781449644\n|move|p1a: Clefable|Moonlight|p1a: Clefable\n|-heal|p1a: Clefable|231/293 brn\n|move|p2a: Magcargo|Power Gem|p1a: Clefable\n|-damage|p1a: Clefable|129/293 brn\n|\n|upkeep\n|turn|18\n|\n|t:|1781449658\n|move|p1a: Clefable|Moonblast|p2a: Magcargo\n|-resisted|p2a: Magcargo\n|-damage|p2a: Magcargo|179/268\n|move|p2a: Magcargo|Power Gem|p1a: Clefable\n|-damage|p1a: Clefable|20/293 brn\n|\n|upkeep\n|turn|19\n|\n|t:|1781449667\n|move|p1a: Clefable|Moonblast|p2a: Magcargo\n|-resisted|p2a: Magcargo\n|-damage|p2a: Magcargo|117/268\n|-unboost|p2a: Magcargo|spa|1\n|move|p2a: Magcargo|Power Gem|p1a: Clefable\n|-damage|p1a: Clefable|0 fnt\n|faint|p1a: Clefable\n|\n|upkeep\n|\n|t:|1781449677\n|switch|p1a: Raging Bolt|Raging Bolt, L78|93/323 brn\n|turn|20\n|\n|t:|1781449681\n|move|p1a: Raging Bolt|Draco Meteor|p2a: Magcargo\n|-damage|p2a: Magcargo|0 fnt\n|-unboost|p1a: Raging Bolt|spa|2\n|faint|p2a: Magcargo\n|\n|-heal|p1a: Raging Bolt|113/323 brn|[from] item: Leftovers\n|-damage|p1a: Raging Bolt|93/323 brn|[from] brn\n|upkeep\n|\n|t:|1781449686\n|switch|p2a: Charizard|Charizard, L85, F|271/271\n|turn|21\n|\n|t:|1781449690\n|-end|p1a: Raging Bolt|Protosynthesis|[silent]\n|switch|p1a: Ariados|Ariados, L95, M|247/287\n|move|p2a: Charizard|Dragon Dance|p2a: Charizard\n|-boost|p2a: Charizard|atk|1\n|-boost|p2a: Charizard|spe|1\n|\n|upkeep\n|turn|22\n|\n|t:|1781449697\n|move|p2a: Charizard|Flare Blitz|p1a: Ariados\n|-supereffective|p1a: Ariados\n|-damage|p1a: Ariados|0 fnt\n|faint|p1a: Ariados\n|-damage|p2a: Charizard|189/271|[from] Recoil\n|\n|upkeep\n|\n|t:|1781449701\n|switch|p1a: Raging Bolt|Raging Bolt, L78|93/323 brn\n|turn|23\n|\n|t:|1781449710\n|move|p1a: Raging Bolt|Thunderclap|p2a: Charizard\n|-supereffective|p2a: Charizard\n|-damage|p2a: Charizard|7/271\n|move|p2a: Charizard|Earthquake|p1a: Raging Bolt\n|-supereffective|p1a: Raging Bolt\n|-damage|p1a: Raging Bolt|0 fnt\n|faint|p1a: Raging Bolt\n|-end|p1a: Raging Bolt|Protosynthesis|[silent]\n|\n|upkeep\n|\n|t:|1781449714\n|switch|p1a: Magnezone|Magnezone, L85|234/258\n|turn|24\n|\n|t:|1781449719\n|-terastallize|p1a: Magnezone|Flying\n|move|p2a: Charizard|Flare Blitz|p1a: Magnezone\n|-damage|p1a: Magnezone|3/258\n|-damage|p2a: Charizard|0 fnt|[from] Recoil\n|faint|p2a: Charizard\n|move|p1a: Magnezone|Volt Switch|p2: Charizard|[notarget]\n|-fail|p1a: Magnezone\n|\n|upkeep\n|\n|t:|1781449725\n|switch|p2a: Keldeo|Keldeo-Resolute, L79|273/273\n|-activate|p2a: Keldeo|move: Sticky Web\n|-unboost|p2a: Keldeo|spe|1\n|turn|25\n|\n|t:|1781449727\n|move|p2a: Keldeo|Vacuum Wave|p1a: Magnezone\n|-resisted|p1a: Magnezone\n|-damage|p1a: Magnezone|0 fnt\n|faint|p1a: Magnezone\n|\n|win|metaltunder\n", "inputlog": ">version a8376a258c1d4662feba110a92103f3664a72141\n>start {\"formatid\":\"gen9randombattle\",\"seed\":\"sodium,3474e6a1f9b4bec45869c12609ec9e67\",\"rated\":\"Rated battle\"}\n>player p1 {\"name\":\"Davide070701\",\"avatar\":\"102\",\"rating\":1974,\"seed\":\"sodium,fa6c0cad4be5ab6f83a8bac5372e477e\"}\n>player p2 {\"name\":\"metaltunder\",\"avatar\":\"palmer\",\"rating\":2047,\"seed\":\"sodium,5d4fddb2e2615f254ccdc98bafc655cd\"}\n>p1 switch 4\n>p2 move secretsword\n>p1 move stickyweb\n>p2 switch 2\n>p1 switch 5\n>p2 move lavaplume\n>p1 move dracometeor\n>p2 switch 3\n>p1 switch 4\n>p2 move dragontail\n>p1 move dracometeor\n>p2 move dragontail\n>p1 move earthquake\n>p2 move dragontail\n>p2 switch 5\n>p1 move swordsdance\n>p2 move knockoff\n>p1 move leafblade\n>p2 move doubleedge\n>p1 switch 2\n>p1 move hypervoice\n>p2 move knockoff\n>p1 move hypervoice\n>p2 move doubleedge\n>p1 switch 5\n>p1 move poisonjab\n>p2 move doubleedge\n>p2 switch 3\n>p1 switch 3\n>p2 move lavaplume\n>p1 move dracometeor\n>p2 move recover\n>p1 switch 6\n>p2 move lavaplume\n>p1 move knockoff\n>p2 move powergem\n>p1 move moonlight\n>p2 move powergem\n>p1 move moonblast\n>p2 move powergem\n>p1 move moonblast\n>p2 move powergem\n>p1 switch 6\n>p1 move dracometeor\n>p2 move recover\n>p2 switch 4\n>p1 switch 3\n>p2 move dragondance\n>p1 move poisonjab\n>p2 move flareblitz\n>p1 switch 3\n>p1 move thunderclap\n>p2 move earthquake\n>p1 switch 4\n>p1 move voltswitch terastallize\n>p2 move flareblitz\n>p2 switch 2\n>p1 move thunderbolt\n>p2 move vacuumwave", "uploadtime": 1781449369, "views": 5, "formatid": "gen9randombattle", "rating": null, "private": 0, "password": null}