{"id": "gen9randombattle-2631961955", "format": "[Gen 9] Random Battle", "players": ["nowayster", "szeeeb"], "log": "|j|\u2606nowayster\n|j|\u2606szeeeb\n|t:|1781460309\n|gametype|singles\n|player|p1|nowayster|169|1000\n|player|p2|szeeeb|lucas|1000\n|gen|9\n|tier|[Gen 9] Random Battle\n|rated|\n|rule|Species Clause: Limit one of each Pok\u00e9mon\n|rule|HP Percentage Mod: HP is shown in percentages\n|rule|Sleep Clause Mod: Limit one foe put to sleep\n|rule|Illusion Level Mod: Illusion disguises the Pok\u00e9mon's true level\n|\n|t:|1781460309\n|teamsize|p1|6\n|teamsize|p2|6\n|start\n|switch|p1a: Terapagos|Terapagos, L77, M|265/265\n|switch|p2a: Raikou|Raikou, L81|278/278\n|-activate|p1a: Terapagos|ability: Tera Shift\n|detailschange|p1a: Terapagos|Terapagos-Terastal, L77, M\n|-heal|p1a: Terapagos|273/273|[silent]\n|-ability|p2a: Raikou|Pressure\n|turn|1\n|\n|t:|1781460327\n|move|p2a: Raikou|Substitute|p2a: Raikou\n|-start|p2a: Raikou|Substitute\n|-damage|p2a: Raikou|209/278\n|move|p1a: Terapagos|Dark Pulse|p2a: Raikou\n|-activate|p2a: Raikou|move: Substitute|[damage]\n|\n|-heal|p2a: Raikou|226/278|[from] item: Leftovers\n|upkeep\n|turn|2\n|\n|t:|1781460337\n|move|p2a: Raikou|Calm Mind|p2a: Raikou\n|-boost|p2a: Raikou|spa|1\n|-boost|p2a: Raikou|spd|1\n|move|p1a: Terapagos|Calm Mind|p1a: Terapagos\n|-boost|p1a: Terapagos|spa|1\n|-boost|p1a: Terapagos|spd|1\n|\n|-heal|p2a: Raikou|243/278|[from] item: Leftovers\n|upkeep\n|turn|3\n|\n|t:|1781460347\n|move|p2a: Raikou|Calm Mind|p2a: Raikou\n|-boost|p2a: Raikou|spa|1\n|-boost|p2a: Raikou|spd|1\n|move|p1a: Terapagos|Tera Starstorm|p2a: Raikou\n|-end|p2a: Raikou|Substitute\n|\n|-heal|p2a: Raikou|260/278|[from] item: Leftovers\n|upkeep\n|turn|4\n|\n|t:|1781460357\n|move|p2a: Raikou|Substitute|p2a: Raikou\n|-start|p2a: Raikou|Substitute\n|-damage|p2a: Raikou|191/278\n|move|p1a: Terapagos|Dark Pulse|p2a: Raikou\n|-activate|p2a: Raikou|move: Substitute|[damage]\n|\n|-heal|p2a: Raikou|208/278|[from] item: Leftovers\n|upkeep\n|turn|5\n|\n|t:|1781460369\n|switch|p1a: Gengar|Gengar, L81, F|230/230\n|move|p2a: Raikou|Calm Mind|p2a: Raikou\n|-boost|p2a: Raikou|spa|1\n|-boost|p2a: Raikou|spd|1\n|\n|-heal|p2a: Raikou|225/278|[from] item: Leftovers\n|upkeep\n|turn|6\n|\n|t:|1781460380\n|move|p2a: Raikou|Thunderbolt|p1a: Gengar\n|-damage|p1a: Gengar|0 fnt\n|faint|p1a: Gengar\n|\n|-heal|p2a: Raikou|242/278|[from] item: Leftovers\n|upkeep\n|\n|t:|1781460390\n|switch|p1a: Ditto|Ditto, L87|225/225\n|turn|7\n|\n|t:|1781460394\n|move|p2a: Raikou|Calm Mind|p2a: Raikou\n|-boost|p2a: Raikou|spa|1\n|-boost|p2a: Raikou|spd|1\n|move|p1a: Ditto|Transform||[still]\n|-fail|p1a: Ditto\n|\n|-heal|p2a: Raikou|259/278|[from] item: Leftovers\n|upkeep\n|turn|8\n|\n|t:|1781460410\n|switch|p1a: Grimmsnarl|Grimmsnarl, L83, M|293/293\n|move|p2a: Raikou|Calm Mind|p2a: Raikou\n|-boost|p2a: Raikou|spa|1\n|-boost|p2a: Raikou|spd|1\n|\n|-heal|p2a: Raikou|276/278|[from] item: Leftovers\n|upkeep\n|turn|9\n|\n|t:|1781460420\n|move|p2a: Raikou|Thunderbolt|p1a: Grimmsnarl\n|-damage|p1a: Grimmsnarl|0 fnt\n|faint|p1a: Grimmsnarl\n|\n|-heal|p2a: Raikou|278/278|[from] item: Leftovers\n|upkeep\n|\n|t:|1781460428\n|switch|p1a: Terapagos|Terapagos-Terastal, L77, M|273/273\n|turn|10\n|\n|t:|1781460434\n|move|p2a: Raikou|Thunderbolt|p1a: Terapagos\n|-activate|p1a: Terapagos|ability: Tera Shell\n|-resisted|p1a: Terapagos\n|-damage|p1a: Terapagos|99/273\n|move|p1a: Terapagos|Rest|p1a: Terapagos\n|-status|p1a: Terapagos|slp|[from] move: Rest\n|-heal|p1a: Terapagos|273/273 slp|[silent]\n|-enditem|p1a: Terapagos|Chesto Berry|[eat]\n|-curestatus|p1a: Terapagos|slp|[msg]\n|\n|upkeep\n|turn|11\n|\n|t:|1781460446\n|move|p2a: Raikou|Thunderbolt|p1a: Terapagos\n|-activate|p1a: Terapagos|ability: Tera Shell\n|-resisted|p1a: Terapagos\n|-damage|p1a: Terapagos|115/273\n|move|p1a: Terapagos|Calm Mind|p1a: Terapagos\n|-boost|p1a: Terapagos|spa|1\n|-boost|p1a: Terapagos|spd|1\n|\n|upkeep\n|turn|12\n|\n|t:|1781460459\n|move|p2a: Raikou|Thunderbolt|p1a: Terapagos\n|-damage|p1a: Terapagos|0 fnt\n|faint|p1a: Terapagos\n|\n|upkeep\n|l|\u2606nowayster\n|player|p1|\n|inactive|Battle timer is ON: inactive players will automatically lose when time's up. (requested by szeeeb)\n|inactive|nowayster has 30 seconds to reconnect!\n|inactive|nowayster has 20 seconds to reconnect!\n|inactive|nowayster has 15 seconds to reconnect!\n|inactive|nowayster has 10 seconds to reconnect!\n|inactive|nowayster has 5 seconds to reconnect!\n|-message|nowayster lost due to inactivity.\n|\n|win|szeeeb\n|raw|nowayster's rating: 1000 &rarr; <strong>1000</strong><br />(+0 for losing)\n|raw|szeeeb's rating: 1000 &rarr; <strong>1040</strong><br />(+40 for winning)\n", "inputlog": ">version a8376a258c1d4662feba110a92103f3664a72141\n>start {\"formatid\":\"gen9randombattle\",\"seed\":\"sodium,fed8b72821cb4df571fedd161d35a82c\",\"rated\":\"Rated battle\"}\n>player p1 {\"name\":\"nowayster\",\"avatar\":\"169\",\"rating\":1000,\"seed\":\"sodium,d9b9dc5de035b02c615b2ad40378b2a9\"}\n>player p2 {\"name\":\"szeeeb\",\"avatar\":\"lucas\",\"rating\":1000,\"seed\":\"sodium,b97eba21b74df5a55a31642aa1ccf01f\"}\n>p1 move darkpulse\n>p2 move substitute\n>p1 move calmmind\n>p2 move calmmind\n>p1 move terastarstorm\n>p2 move calmmind\n>p1 move darkpulse\n>p2 move substitute\n>p1 switch 2\n>p2 move calmmind\n>p1 move shadowball\n>p2 move thunderbolt\n>p1 switch 3\n>p1 move transform\n>p2 move calmmind\n>p1 switch 4\n>p2 move calmmind\n>p1 move spiritbreak\n>p2 move thunderbolt\n>p1 switch 2\n>p1 move rest\n>p2 move thunderbolt\n>p1 move calmmind\n>p2 move thunderbolt\n>p1 move rest\n>p2 move thunderbolt\n>forcelose p1", "uploadtime": 1781460598, "views": 4, "formatid": "gen9randombattle", "rating": 1000, "private": 0, "password": null}