{"id": "gen9randombattle-2631608132", "format": "[Gen 9] Random Battle", "players": ["TRedden", "AliT999"], "log": "|j|\u2606TRedden\n|j|\u2606AliT999\n|t:|1781408136\n|gametype|singles\n|player|p1|TRedden|blue|1736\n|player|p2|AliT999|169|1825\n|gen|9\n|tier|[Gen 9] Random Battle\n|rated|\n|rule|Species Clause: Limit one of each Pok\u00e9mon\n|rule|HP Percentage Mod: HP is shown in percentages\n|rule|Sleep Clause Mod: Limit one foe put to sleep\n|rule|Illusion Level Mod: Illusion disguises the Pok\u00e9mon's true level\n|\n|t:|1781408136\n|teamsize|p1|6\n|teamsize|p2|6\n|start\n|switch|p1a: Milotic|Milotic, L83, M|293/293\n|switch|p2a: Espeon|Espeon, L84, F|246/246\n|turn|1\n|\n|t:|1781408144\n|move|p2a: Espeon|Calm Mind|p2a: Espeon\n|-boost|p2a: Espeon|spa|1\n|-boost|p2a: Espeon|spd|1\n|move|p1a: Milotic|Dragon Tail|p2a: Espeon\n|-damage|p2a: Espeon|210/246\n|drag|p2a: Groudon|Groudon, L72|263/263\n|-weather|SunnyDay|[from] ability: Drought|[of] p2a: Groudon\n|\n|-weather|SunnyDay|[upkeep]\n|upkeep\n|turn|2\n|\n|t:|1781408155\n|move|p1a: Milotic|Ice Beam|p2a: Groudon\n|-supereffective|p2a: Groudon\n|-damage|p2a: Groudon|121/263\n|move|p2a: Groudon|Precipice Blades|p1a: Milotic\n|-damage|p1a: Milotic|149/293\n|\n|-weather|SunnyDay|[upkeep]\n|-heal|p1a: Milotic|167/293|[from] item: Leftovers\n|-heal|p2a: Groudon|137/263|[from] item: Leftovers\n|upkeep\n|turn|3\n|\n|t:|1781408160\n|switch|p2a: Vaporeon|Vaporeon, L86, M|364/364\n|move|p1a: Milotic|Ice Beam|p2a: Vaporeon\n|-resisted|p2a: Vaporeon\n|-damage|p2a: Vaporeon|334/364\n|\n|-weather|SunnyDay|[upkeep]\n|-heal|p1a: Milotic|185/293|[from] item: Leftovers\n|-heal|p2a: Vaporeon|356/364|[from] item: Leftovers\n|upkeep\n|turn|4\n|\n|t:|1781408165\n|move|p1a: Milotic|Recover|p1a: Milotic\n|-heal|p1a: Milotic|293/293\n|move|p2a: Vaporeon|Scald|p1a: Milotic\n|-resisted|p1a: Milotic\n|-damage|p1a: Milotic|275/293\n|\n|-weather|SunnyDay|[upkeep]\n|-heal|p1a: Milotic|293/293|[from] item: Leftovers\n|-heal|p2a: Vaporeon|364/364|[from] item: Leftovers\n|upkeep\n|turn|5\n|\n|t:|1781408168\n|move|p2a: Vaporeon|Wish|p2a: Vaporeon\n|move|p1a: Milotic|Dragon Tail|p2a: Vaporeon\n|-damage|p2a: Vaporeon|324/364\n|drag|p2a: Hariyama|Hariyama, L87, M|392/392\n|\n|-weather|none\n|upkeep\n|turn|6\n|\n|t:|1781408174\n|switch|p1a: Pelipper|Pelipper, L86, F|243/243\n|-weather|RainDance|[from] ability: Drizzle|[of] p1a: Pelipper\n|move|p2a: Hariyama|Knock Off|p1a: Pelipper\n|-damage|p1a: Pelipper|165/243\n|-enditem|p1a: Pelipper|Choice Specs|[from] move: Knock Off|[of] p2a: Hariyama\n|\n|-weather|RainDance|[upkeep]\n|upkeep\n|turn|7\n|\n|t:|1781408181\n|switch|p2a: Vaporeon|Vaporeon, L86, M|324/364\n|move|p1a: Pelipper|Hurricane|p2a: Vaporeon\n|-damage|p2a: Vaporeon|209/364\n|-start|p2a: Vaporeon|confusion\n|\n|-weather|RainDance|[upkeep]\n|-heal|p2a: Vaporeon|231/364|[from] item: Leftovers\n|upkeep\n|turn|8\n|\n|t:|1781408187\n|-activate|p2a: Vaporeon|confusion\n|move|p2a: Vaporeon|Protect|p2a: Vaporeon\n|-singleturn|p2a: Vaporeon|Protect\n|move|p1a: Pelipper|U-turn|p2a: Vaporeon\n|-activate|p2a: Vaporeon|move: Protect\n|\n|-weather|RainDance|[upkeep]\n|-heal|p2a: Vaporeon|253/364|[from] item: Leftovers\n|upkeep\n|turn|9\n|\n|t:|1781408191\n|-activate|p2a: Vaporeon|confusion\n|move|p2a: Vaporeon|Wish|p2a: Vaporeon\n|move|p1a: Pelipper|U-turn|p2a: Vaporeon\n|-damage|p2a: Vaporeon|213/364\n|\n|t:|1781408195\n|switch|p1a: Sceptile|Sceptile, L87, F|264/264|[from] U-turn\n|\n|-weather|RainDance|[upkeep]\n|-heal|p2a: Vaporeon|235/364|[from] item: Leftovers\n|upkeep\n|turn|10\n|\n|t:|1781408206\n|switch|p2a: Hariyama|Hariyama, L87, M|392/392\n|move|p1a: Sceptile|Substitute|p1a: Sceptile\n|-start|p1a: Sceptile|Substitute\n|-damage|p1a: Sceptile|198/264\n|\n|-weather|none\n|-heal|p1a: Sceptile|214/264|[from] item: Leftovers\n|upkeep\n|turn|11\n|\n|t:|1781408213\n|move|p1a: Sceptile|Leech Seed|p2a: Hariyama\n|-start|p2a: Hariyama|move: Leech Seed\n|move|p2a: Hariyama|Heavy Slam|p1a: Sceptile\n|-end|p1a: Sceptile|Substitute\n|\n|-heal|p1a: Sceptile|230/264|[from] item: Leftovers\n|-damage|p2a: Hariyama|343/392|[from] Leech Seed|[of] p1a: Sceptile\n|-heal|p1a: Sceptile|264/264|[silent]\n|upkeep\n|turn|12\n|\n|t:|1781408218\n|move|p1a: Sceptile|Substitute|p1a: Sceptile\n|-start|p1a: Sceptile|Substitute\n|-damage|p1a: Sceptile|198/264\n|move|p2a: Hariyama|Heavy Slam|p1a: Sceptile\n|-end|p1a: Sceptile|Substitute\n|\n|-heal|p1a: Sceptile|214/264|[from] item: Leftovers\n|-damage|p2a: Hariyama|294/392|[from] Leech Seed|[of] p1a: Sceptile\n|-heal|p1a: Sceptile|263/264|[silent]\n|upkeep\n|turn|13\n|\n|t:|1781408223\n|switch|p2a: Espeon|Espeon, L84, F|210/246\n|move|p1a: Sceptile|Giga Drain|p2a: Espeon\n|-damage|p2a: Espeon|128/246\n|-heal|p1a: Sceptile|264/264|[from] drain|[of] p2a: Espeon\n|\n|upkeep\n|turn|14\n|\n|t:|1781408231\n|move|p1a: Sceptile|Substitute|p1a: Sceptile\n|-start|p1a: Sceptile|Substitute\n|-damage|p1a: Sceptile|198/264\n|move|p2a: Espeon|Morning Sun|p2a: Espeon\n|-heal|p2a: Espeon|246/246\n|\n|-heal|p1a: Sceptile|214/264|[from] item: Leftovers\n|upkeep\n|turn|15\n|\n|t:|1781408236\n|move|p1a: Sceptile|Giga Drain|p2a: Espeon\n|-damage|p2a: Espeon|153/246\n|-heal|p1a: Sceptile|261/264|[from] drain|[of] p2a: Espeon\n|move|p2a: Espeon|Calm Mind|p2a: Espeon\n|-boost|p2a: Espeon|spa|1\n|-boost|p2a: Espeon|spd|1\n|\n|-heal|p1a: Sceptile|264/264|[from] item: Leftovers\n|upkeep\n|turn|16\n|\n|t:|1781408248\n|switch|p1a: Milotic|Milotic, L83, M|293/293\n|move|p2a: Espeon|Calm Mind|p2a: Espeon\n|-boost|p2a: Espeon|spa|1\n|-boost|p2a: Espeon|spd|1\n|\n|upkeep\n|turn|17\n|\n|t:|1781408253\n|move|p2a: Espeon|Psychic|p1a: Milotic\n|-damage|p1a: Milotic|34/293\n|-damage|p2a: Espeon|129/246|[from] item: Life Orb\n|move|p1a: Milotic|Dragon Tail|p2a: Espeon\n|-damage|p2a: Espeon|89/246\n|drag|p2a: Groudon|Groudon, L72|137/263\n|-weather|SunnyDay|[from] ability: Drought|[of] p2a: Groudon\n|\n|-weather|SunnyDay|[upkeep]\n|-heal|p1a: Milotic|52/293|[from] item: Leftovers\n|-heal|p2a: Groudon|153/263|[from] item: Leftovers\n|upkeep\n|turn|18\n|\n|t:|1781408260\n|move|p1a: Milotic|Recover|p1a: Milotic\n|-heal|p1a: Milotic|199/293\n|move|p2a: Groudon|Heat Crash|p1a: Milotic\n|-resisted|p1a: Milotic\n|-crit|p1a: Milotic\n|-damage|p1a: Milotic|87/293\n|\n|-weather|SunnyDay|[upkeep]\n|-heal|p1a: Milotic|105/293|[from] item: Leftovers\n|-heal|p2a: Groudon|169/263|[from] item: Leftovers\n|upkeep\n|turn|19\n|\n|t:|1781408267\n|switch|p2a: Espeon|Espeon, L84, F|89/246\n|move|p1a: Milotic|Ice Beam|p2a: Espeon\n|-damage|p2a: Espeon|28/246\n|\n|-weather|SunnyDay|[upkeep]\n|-heal|p1a: Milotic|123/293|[from] item: Leftovers\n|upkeep\n|turn|20\n|\n|t:|1781408280\n|switch|p1a: Sceptile|Sceptile, L87, F|264/264\n|move|p2a: Espeon|Morning Sun|p2a: Espeon\n|-heal|p2a: Espeon|192/246\n|\n|-weather|SunnyDay|[upkeep]\n|upkeep\n|turn|21\n|\n|t:|1781408288\n|switch|p1a: Piloswine|Piloswine, L85, M|309/309\n|move|p2a: Espeon|Psychic|p1a: Piloswine\n|-damage|p1a: Piloswine|161/309\n|-damage|p2a: Espeon|168/246|[from] item: Life Orb\n|\n|-weather|none\n|upkeep\n|turn|22\n|\n|t:|1781408295\n|switch|p2a: Vaporeon|Vaporeon, L86, M|235/364\n|move|p1a: Piloswine|Icicle Crash|p2a: Vaporeon\n|-resisted|p2a: Vaporeon\n|-damage|p2a: Vaporeon|175/364\n|\n|-heal|p2a: Vaporeon|197/364|[from] item: Leftovers\n|upkeep\n|turn|23\n|\n|t:|1781408301\n|switch|p1a: Milotic|Milotic, L83, M|123/293\n|move|p2a: Vaporeon|Scald|p1a: Milotic\n|-resisted|p1a: Milotic\n|-damage|p1a: Milotic|89/293\n|\n|-heal|p1a: Milotic|107/293|[from] item: Leftovers\n|-heal|p2a: Vaporeon|219/364|[from] item: Leftovers\n|upkeep\n|turn|24\n|\n|t:|1781408310\n|move|p1a: Milotic|Recover|p1a: Milotic\n|-heal|p1a: Milotic|254/293\n|move|p2a: Vaporeon|Scald|p1a: Milotic\n|-resisted|p1a: Milotic\n|-damage|p1a: Milotic|215/293\n|-status|p1a: Milotic|brn\n|\n|-heal|p1a: Milotic|233/293 brn|[from] item: Leftovers\n|-heal|p2a: Vaporeon|241/364|[from] item: Leftovers\n|-damage|p1a: Milotic|215/293 brn|[from] brn\n|upkeep\n|turn|25\n|\n|t:|1781408313\n|move|p2a: Vaporeon|Calm Mind|p2a: Vaporeon\n|-boost|p2a: Vaporeon|spa|1\n|-boost|p2a: Vaporeon|spd|1\n|move|p1a: Milotic|Dragon Tail|p2a: Vaporeon\n|-damage|p2a: Vaporeon|223/364\n|drag|p2a: Groudon|Groudon, L72|169/263\n|-weather|SunnyDay|[from] ability: Drought|[of] p2a: Groudon\n|\n|-weather|SunnyDay|[upkeep]\n|-heal|p1a: Milotic|233/293 brn|[from] item: Leftovers\n|-heal|p2a: Groudon|185/263|[from] item: Leftovers\n|-damage|p1a: Milotic|215/293 brn|[from] brn\n|upkeep\n|turn|26\n|\n|t:|1781408320\n|switch|p2a: Vaporeon|Vaporeon, L86, M|223/364\n|move|p1a: Milotic|Ice Beam|p2a: Vaporeon\n|-resisted|p2a: Vaporeon\n|-crit|p2a: Vaporeon\n|-damage|p2a: Vaporeon|182/364\n|\n|-weather|SunnyDay|[upkeep]\n|-heal|p1a: Milotic|233/293 brn|[from] item: Leftovers\n|-heal|p2a: Vaporeon|204/364|[from] item: Leftovers\n|-damage|p1a: Milotic|215/293 brn|[from] brn\n|upkeep\n|turn|27\n|\n|t:|1781408323\n|move|p2a: Vaporeon|Wish|p2a: Vaporeon\n|move|p1a: Milotic|Dragon Tail|p2a: Vaporeon\n|-damage|p2a: Vaporeon|185/364\n|drag|p2a: Espeon|Espeon, L84, F|168/246\n|\n|-weather|SunnyDay|[upkeep]\n|-heal|p1a: Milotic|233/293 brn|[from] item: Leftovers\n|-damage|p1a: Milotic|215/293 brn|[from] brn\n|upkeep\n|turn|28\n|\n|t:|1781408330\n|move|p2a: Espeon|Psychic|p1a: Milotic\n|-damage|p1a: Milotic|94/293 brn\n|-damage|p2a: Espeon|144/246|[from] item: Life Orb\n|move|p1a: Milotic|Dragon Tail|p2a: Espeon\n|-crit|p2a: Espeon\n|-damage|p2a: Espeon|115/246\n|drag|p2a: Kyogre|Kyogre, L71|259/259\n|-weather|RainDance|[from] ability: Drizzle|[of] p2a: Kyogre\n|\n|-weather|RainDance|[upkeep]\n|-heal|p1a: Milotic|112/293 brn|[from] item: Leftovers\n|-damage|p1a: Milotic|94/293 brn|[from] brn\n|upkeep\n|turn|29\n|\n|t:|1781408338\n|move|p1a: Milotic|Recover|p1a: Milotic\n|-heal|p1a: Milotic|241/293 brn\n|move|p2a: Kyogre|Thunder|p1a: Milotic\n|-supereffective|p1a: Milotic\n|-damage|p1a: Milotic|121/293 brn\n|\n|-weather|RainDance|[upkeep]\n|-heal|p1a: Milotic|139/293 brn|[from] item: Leftovers\n|-damage|p1a: Milotic|121/293 brn|[from] brn\n|upkeep\n|turn|30\n|\n|t:|1781408361\n|switch|p1a: Dudunsparce|Dudunsparce-Three-Segment, L83, M|343/343\n|move|p2a: Kyogre|Calm Mind|p2a: Kyogre\n|-boost|p2a: Kyogre|spa|1\n|-boost|p2a: Kyogre|spd|1\n|\n|-weather|RainDance|[upkeep]\n|upkeep\n|turn|31\n|\n|t:|1781408365\n|move|p2a: Kyogre|Origin Pulse|p1a: Dudunsparce|[miss]\n|-miss|p2a: Kyogre|p1a: Dudunsparce\n|move|p1a: Dudunsparce|Glare|p2a: Kyogre\n|-status|p2a: Kyogre|par\n|\n|-weather|RainDance|[upkeep]\n|upkeep\n|turn|32\n|\n|t:|1781408368\n|move|p1a: Dudunsparce|Headbutt|p2a: Kyogre\n|-damage|p2a: Kyogre|163/259 par\n|cant|p2a: Kyogre|flinch\n|\n|-weather|none\n|-heal|p2a: Kyogre|179/259 par|[from] item: Leftovers\n|upkeep\n|turn|33\n|\n|t:|1781408371\n|move|p1a: Dudunsparce|Headbutt|p2a: Kyogre\n|-damage|p2a: Kyogre|95/259 par\n|cant|p2a: Kyogre|flinch\n|\n|-heal|p2a: Kyogre|111/259 par|[from] item: Leftovers\n|upkeep\n|turn|34\n|\n|t:|1781408375\n|move|p1a: Dudunsparce|Headbutt|p2a: Kyogre\n|-damage|p2a: Kyogre|24/259 par\n|cant|p2a: Kyogre|flinch\n|\n|-heal|p2a: Kyogre|40/259 par|[from] item: Leftovers\n|upkeep\n|turn|35\n|\n|t:|1781408378\n|move|p1a: Dudunsparce|Headbutt|p2a: Kyogre\n|-damage|p2a: Kyogre|0 fnt\n|faint|p2a: Kyogre\n|\n|upkeep\n|\n|t:|1781408382\n|switch|p2a: Espeon|Espeon, L84, F|115/246\n|turn|36\n|\n|t:|1781408396\n|switch|p1a: Piloswine|Piloswine, L85, M|161/309\n|move|p2a: Espeon|Morning Sun|p2a: Espeon\n|-heal|p2a: Espeon|238/246\n|\n|upkeep\n|turn|37\n|\n|t:|1781408402\n|move|p2a: Espeon|Psychic|p1a: Piloswine\n|-crit|p1a: Piloswine\n|-damage|p1a: Piloswine|0 fnt\n|faint|p1a: Piloswine\n|-damage|p2a: Espeon|214/246|[from] item: Life Orb\n|\n|upkeep\n|\n|t:|1781408410\n|switch|p1a: Beartic|Beartic, L91, F|321/321\n|turn|38\n|\n|t:|1781408413\n|switch|p2a: Vaporeon|Vaporeon, L86, M|185/364\n|move|p1a: Beartic|Snowscape|p1a: Beartic\n|-weather|Snowscape\n|\n|-weather|Snowscape|[upkeep]\n|-heal|p2a: Vaporeon|207/364|[from] item: Leftovers\n|upkeep\n|turn|39\n|\n|t:|1781408421\n|move|p1a: Beartic|Swords Dance|p1a: Beartic\n|-boost|p1a: Beartic|atk|2\n|move|p2a: Vaporeon|Wish|p2a: Vaporeon\n|\n|-weather|Snowscape|[upkeep]\n|-heal|p2a: Vaporeon|229/364|[from] item: Leftovers\n|upkeep\n|turn|40\n|\n|t:|1781408426\n|move|p1a: Beartic|Snowscape||[still]\n|-fail|p1a: Beartic\n|move|p2a: Vaporeon|Scald|p1a: Beartic\n|-damage|p1a: Beartic|221/321\n|\n|-weather|Snowscape|[upkeep]\n|-heal|p2a: Vaporeon|364/364|[from] move: Wish|[wisher] Vaporeon\n|upkeep\n|turn|41\n|\n|t:|1781408433\n|move|p1a: Beartic|Swords Dance|p1a: Beartic\n|-boost|p1a: Beartic|atk|2\n|move|p2a: Vaporeon|Wish|p2a: Vaporeon\n|\n|-weather|Snowscape|[upkeep]\n|upkeep\n|turn|42\n|\n|t:|1781408438\n|move|p2a: Vaporeon|Protect|p2a: Vaporeon\n|-singleturn|p2a: Vaporeon|Protect\n|move|p1a: Beartic|Icicle Crash|p2a: Vaporeon\n|-activate|p2a: Vaporeon|move: Protect\n|\n|-weather|none\n|upkeep\n|turn|43\n|\n|t:|1781408442\n|move|p2a: Vaporeon|Scald|p1a: Beartic\n|-crit|p1a: Beartic\n|-damage|p1a: Beartic|77/321\n|-status|p1a: Beartic|brn\n|move|p1a: Beartic|Earthquake|p2a: Vaporeon\n|-damage|p2a: Vaporeon|147/364\n|\n|-heal|p2a: Vaporeon|169/364|[from] item: Leftovers\n|-damage|p1a: Beartic|57/321 brn|[from] brn\n|upkeep\n|turn|44\n|\n|t:|1781408451\n|move|p2a: Vaporeon|Scald|p1a: Beartic\n|-damage|p1a: Beartic|0 fnt\n|faint|p1a: Beartic\n|\n|-heal|p2a: Vaporeon|191/364|[from] item: Leftovers\n|upkeep\n|\n|t:|1781408458\n|switch|p1a: Sceptile|Sceptile, L87, F|264/264\n|turn|45\n|\n|t:|1781408462\n|switch|p2a: Espeon|Espeon, L84, F|214/246\n|move|p1a: Sceptile|Substitute|p1a: Sceptile\n|-start|p1a: Sceptile|Substitute\n|-damage|p1a: Sceptile|198/264\n|\n|-heal|p1a: Sceptile|214/264|[from] item: Leftovers\n|upkeep\n|turn|46\n|\n|t:|1781408467\n|move|p1a: Sceptile|Giga Drain|p2a: Espeon\n|-damage|p2a: Espeon|124/246\n|-heal|p1a: Sceptile|259/264|[from] drain|[of] p2a: Espeon\n|move|p2a: Espeon|Psychic|p1a: Sceptile\n|-end|p1a: Sceptile|Substitute\n|-damage|p2a: Espeon|100/246|[from] item: Life Orb\n|\n|-heal|p1a: Sceptile|264/264|[from] item: Leftovers\n|upkeep\n|turn|47\n|\n|t:|1781408477\n|switch|p2a: Deoxys|Deoxys-Defense, L84|221/221\n|-ability|p2a: Deoxys|Pressure\n|move|p1a: Sceptile|Giga Drain|p2a: Deoxys\n|-damage|p2a: Deoxys|163/221\n|\n|-heal|p2a: Deoxys|176/221|[from] item: Leftovers\n|upkeep\n|turn|48\n|\n|t:|1781408490\n|-terastallize|p2a: Deoxys|Steel\n|move|p1a: Sceptile|Substitute|p1a: Sceptile\n|-start|p1a: Sceptile|Substitute\n|-damage|p1a: Sceptile|198/264\n|move|p2a: Deoxys|Cosmic Power|p2a: Deoxys\n|-boost|p2a: Deoxys|def|1\n|-boost|p2a: Deoxys|spd|1\n|\n|-heal|p1a: Sceptile|214/264|[from] item: Leftovers\n|-heal|p2a: Deoxys|189/221|[from] item: Leftovers\n|upkeep\n|turn|49\n|\n|t:|1781408497\n|move|p1a: Sceptile|Leech Seed|p2a: Deoxys\n|-start|p2a: Deoxys|move: Leech Seed\n|move|p2a: Deoxys|Cosmic Power|p2a: Deoxys\n|-boost|p2a: Deoxys|def|1\n|-boost|p2a: Deoxys|spd|1\n|\n|-heal|p1a: Sceptile|230/264|[from] item: Leftovers\n|-heal|p2a: Deoxys|202/221|[from] item: Leftovers\n|-damage|p2a: Deoxys|175/221|[from] Leech Seed|[of] p1a: Sceptile\n|-heal|p1a: Sceptile|257/264|[silent]\n|upkeep\n|turn|50\n|\n|t:|1781408500\n|move|p1a: Sceptile|Focus Blast|p2a: Deoxys\n|-supereffective|p2a: Deoxys\n|-damage|p2a: Deoxys|115/221\n|move|p2a: Deoxys|Cosmic Power|p2a: Deoxys\n|-boost|p2a: Deoxys|def|1\n|-boost|p2a: Deoxys|spd|1\n|\n|-heal|p1a: Sceptile|264/264|[from] item: Leftovers\n|-heal|p2a: Deoxys|128/221|[from] item: Leftovers\n|-damage|p2a: Deoxys|101/221|[from] Leech Seed|[of] p1a: Sceptile\n|upkeep\n|turn|51\n|\n|t:|1781408505\n|move|p1a: Sceptile|Focus Blast|p2a: Deoxys|[miss]\n|-miss|p1a: Sceptile|p2a: Deoxys\n|move|p2a: Deoxys|Recover|p2a: Deoxys\n|-heal|p2a: Deoxys|212/221\n|\n|-heal|p2a: Deoxys|221/221|[from] item: Leftovers\n|-damage|p2a: Deoxys|194/221|[from] Leech Seed|[of] p1a: Sceptile\n|upkeep\n|turn|52\n|\n|t:|1781408510\n|move|p1a: Sceptile|Focus Blast|p2a: Deoxys|[miss]\n|-miss|p1a: Sceptile|p2a: Deoxys\n|move|p2a: Deoxys|Cosmic Power|p2a: Deoxys\n|-boost|p2a: Deoxys|def|1\n|-boost|p2a: Deoxys|spd|1\n|\n|-heal|p2a: Deoxys|207/221|[from] item: Leftovers\n|-damage|p2a: Deoxys|180/221|[from] Leech Seed|[of] p1a: Sceptile\n|upkeep\n|turn|53\n|\n|t:|1781408516\n|switch|p1a: Dudunsparce|Dudunsparce-Three-Segment, L83, M|343/343\n|move|p2a: Deoxys|Cosmic Power|p2a: Deoxys\n|-boost|p2a: Deoxys|def|1\n|-boost|p2a: Deoxys|spd|1\n|\n|-heal|p2a: Deoxys|193/221|[from] item: Leftovers\n|-damage|p2a: Deoxys|166/221|[from] Leech Seed|[of] p1a: Dudunsparce\n|upkeep\n|turn|54\n|\n|t:|1781408524\n|-terastallize|p1a: Dudunsparce|Ground\n|move|p2a: Deoxys|Stored Power|p1a: Dudunsparce\n|-damage|p1a: Dudunsparce|126/343\n|move|p1a: Dudunsparce|Glare|p2a: Deoxys\n|-status|p2a: Deoxys|par\n|\n|-heal|p1a: Dudunsparce|147/343|[from] item: Leftovers\n|-heal|p2a: Deoxys|179/221 par|[from] item: Leftovers\n|-damage|p2a: Deoxys|152/221 par|[from] Leech Seed|[of] p1a: Dudunsparce\n|-heal|p1a: Dudunsparce|174/343|[silent]\n|upkeep\n|turn|55\n|\n|t:|1781408532\n|move|p1a: Dudunsparce|Roost|p1a: Dudunsparce\n|-heal|p1a: Dudunsparce|343/343\n|move|p2a: Deoxys|Stored Power|p1a: Dudunsparce\n|-damage|p1a: Dudunsparce|135/343\n|\n|-heal|p1a: Dudunsparce|156/343|[from] item: Leftovers\n|-heal|p2a: Deoxys|165/221 par|[from] item: Leftovers\n|-damage|p2a: Deoxys|138/221 par|[from] Leech Seed|[of] p1a: Dudunsparce\n|-heal|p1a: Dudunsparce|183/343|[silent]\n|upkeep\n|turn|56\n|\n|t:|1781408538\n|move|p1a: Dudunsparce|Headbutt|p2a: Deoxys\n|-resisted|p2a: Deoxys\n|-damage|p2a: Deoxys|132/221 par\n|move|p2a: Deoxys|Recover|p2a: Deoxys\n|-heal|p2a: Deoxys|221/221 par\n|\n|-heal|p1a: Dudunsparce|204/343|[from] item: Leftovers\n|-damage|p2a: Deoxys|194/221 par|[from] Leech Seed|[of] p1a: Dudunsparce\n|-heal|p1a: Dudunsparce|231/343|[silent]\n|upkeep\n|turn|57\n|\n|t:|1781408543\n|move|p1a: Dudunsparce|Earthquake|p2a: Deoxys\n|-supereffective|p2a: Deoxys\n|-damage|p2a: Deoxys|152/221 par\n|move|p2a: Deoxys|Stored Power|p1a: Dudunsparce\n|-damage|p1a: Dudunsparce|36/343\n|\n|-heal|p1a: Dudunsparce|57/343|[from] item: Leftovers\n|-heal|p2a: Deoxys|165/221 par|[from] item: Leftovers\n|-damage|p2a: Deoxys|138/221 par|[from] Leech Seed|[of] p1a: Dudunsparce\n|-heal|p1a: Dudunsparce|84/343|[silent]\n|upkeep\n|turn|58\n|\n|t:|1781408548\n|move|p1a: Dudunsparce|Roost|p1a: Dudunsparce\n|-heal|p1a: Dudunsparce|256/343\n|move|p2a: Deoxys|Stored Power|p1a: Dudunsparce\n|-damage|p1a: Dudunsparce|45/343\n|\n|-heal|p1a: Dudunsparce|66/343|[from] item: Leftovers\n|-heal|p2a: Deoxys|151/221 par|[from] item: Leftovers\n|-damage|p2a: Deoxys|124/221 par|[from] Leech Seed|[of] p1a: Dudunsparce\n|-heal|p1a: Dudunsparce|93/343|[silent]\n|upkeep\n|turn|59\n|\n|t:|1781408554\n|move|p1a: Dudunsparce|Roost|p1a: Dudunsparce\n|-heal|p1a: Dudunsparce|265/343\n|move|p2a: Deoxys|Recover|p2a: Deoxys\n|-heal|p2a: Deoxys|221/221 par\n|\n|-heal|p1a: Dudunsparce|286/343|[from] item: Leftovers\n|-damage|p2a: Deoxys|194/221 par|[from] Leech Seed|[of] p1a: Dudunsparce\n|-heal|p1a: Dudunsparce|313/343|[silent]\n|upkeep\n|turn|60\n|\n|t:|1781408558\n|move|p1a: Dudunsparce|Headbutt|p2a: Deoxys\n|-resisted|p2a: Deoxys\n|-damage|p2a: Deoxys|188/221 par\n|cant|p2a: Deoxys|flinch\n|\n|-heal|p1a: Dudunsparce|334/343|[from] item: Leftovers\n|-heal|p2a: Deoxys|201/221 par|[from] item: Leftovers\n|-damage|p2a: Deoxys|174/221 par|[from] Leech Seed|[of] p1a: Dudunsparce\n|-heal|p1a: Dudunsparce|343/343|[silent]\n|upkeep\n|turn|61\n|\n|t:|1781408562\n|move|p1a: Dudunsparce|Headbutt|p2a: Deoxys\n|-resisted|p2a: Deoxys\n|-damage|p2a: Deoxys|168/221 par\n|cant|p2a: Deoxys|flinch\n|\n|-heal|p2a: Deoxys|181/221 par|[from] item: Leftovers\n|-damage|p2a: Deoxys|154/221 par|[from] Leech Seed|[of] p1a: Dudunsparce\n|upkeep\n|turn|62\n|\n|t:|1781408567\n|move|p1a: Dudunsparce|Headbutt|p2a: Deoxys\n|-resisted|p2a: Deoxys\n|-damage|p2a: Deoxys|147/221 par\n|move|p2a: Deoxys|Cosmic Power|p2a: Deoxys\n|-boost|p2a: Deoxys|def|1\n|-boost|p2a: Deoxys|spd|1\n|\n|-heal|p2a: Deoxys|160/221 par|[from] item: Leftovers\n|-damage|p2a: Deoxys|133/221 par|[from] Leech Seed|[of] p1a: Dudunsparce\n|upkeep\n|turn|63\n|\n|t:|1781408572\n|move|p1a: Dudunsparce|Headbutt|p2a: Deoxys\n|-resisted|p2a: Deoxys\n|-damage|p2a: Deoxys|127/221 par\n|move|p2a: Deoxys|Recover|p2a: Deoxys\n|-heal|p2a: Deoxys|221/221 par\n|\n|-damage|p2a: Deoxys|194/221 par|[from] Leech Seed|[of] p1a: Dudunsparce\n|upkeep\n|turn|64\n|\n|t:|1781408577\n|move|p1a: Dudunsparce|Headbutt|p2a: Deoxys\n|-resisted|p2a: Deoxys\n|-damage|p2a: Deoxys|188/221 par\n|cant|p2a: Deoxys|par\n|\n|-heal|p2a: Deoxys|201/221 par|[from] item: Leftovers\n|-damage|p2a: Deoxys|174/221 par|[from] Leech Seed|[of] p1a: Dudunsparce\n|upkeep\n|turn|65\n|\n|t:|1781408581\n|move|p1a: Dudunsparce|Earthquake|p2a: Deoxys\n|-supereffective|p2a: Deoxys\n|-damage|p2a: Deoxys|138/221 par\n|cant|p2a: Deoxys|par\n|\n|-heal|p2a: Deoxys|151/221 par|[from] item: Leftovers\n|-damage|p2a: Deoxys|124/221 par|[from] Leech Seed|[of] p1a: Dudunsparce\n|upkeep\n|turn|66\n|\n|t:|1781408585\n|move|p1a: Dudunsparce|Earthquake|p2a: Deoxys\n|-supereffective|p2a: Deoxys\n|-damage|p2a: Deoxys|88/221 par\n|cant|p2a: Deoxys|par\n|\n|-heal|p2a: Deoxys|101/221 par|[from] item: Leftovers\n|-damage|p2a: Deoxys|74/221 par|[from] Leech Seed|[of] p1a: Dudunsparce\n|upkeep\n|turn|67\n|\n|t:|1781408589\n|move|p1a: Dudunsparce|Earthquake|p2a: Deoxys\n|-supereffective|p2a: Deoxys\n|-damage|p2a: Deoxys|42/221 par\n|move|p2a: Deoxys|Recover|p2a: Deoxys\n|-heal|p2a: Deoxys|153/221 par\n|\n|-heal|p2a: Deoxys|166/221 par|[from] item: Leftovers\n|-damage|p2a: Deoxys|139/221 par|[from] Leech Seed|[of] p1a: Dudunsparce\n|upkeep\n|turn|68\n|\n|t:|1781408598\n|move|p1a: Dudunsparce|Headbutt|p2a: Deoxys\n|-resisted|p2a: Deoxys\n|-damage|p2a: Deoxys|133/221 par\n|cant|p2a: Deoxys|flinch\n|\n|-heal|p2a: Deoxys|146/221 par|[from] item: Leftovers\n|-damage|p2a: Deoxys|119/221 par|[from] Leech Seed|[of] p1a: Dudunsparce\n|upkeep\n|turn|69\n|\n|t:|1781408602\n|move|p1a: Dudunsparce|Headbutt|p2a: Deoxys\n|-resisted|p2a: Deoxys\n|-damage|p2a: Deoxys|113/221 par\n|cant|p2a: Deoxys|flinch\n|\n|-heal|p2a: Deoxys|126/221 par|[from] item: Leftovers\n|-damage|p2a: Deoxys|99/221 par|[from] Leech Seed|[of] p1a: Dudunsparce\n|upkeep\n|turn|70\n|\n|t:|1781408607\n|move|p1a: Dudunsparce|Earthquake|p2a: Deoxys\n|-supereffective|p2a: Deoxys\n|-damage|p2a: Deoxys|63/221 par\n|cant|p2a: Deoxys|par\n|\n|-heal|p2a: Deoxys|76/221 par|[from] item: Leftovers\n|-damage|p2a: Deoxys|49/221 par|[from] Leech Seed|[of] p1a: Dudunsparce\n|upkeep\n|turn|71\n|\n|t:|1781408612\n|move|p1a: Dudunsparce|Headbutt|p2a: Deoxys\n|-resisted|p2a: Deoxys\n|-damage|p2a: Deoxys|43/221 par\n|move|p2a: Deoxys|Recover|p2a: Deoxys\n|-heal|p2a: Deoxys|154/221 par\n|\n|-heal|p2a: Deoxys|167/221 par|[from] item: Leftovers\n|-damage|p2a: Deoxys|140/221 par|[from] Leech Seed|[of] p1a: Dudunsparce\n|upkeep\n|turn|72\n|\n|t:|1781408621\n|move|p1a: Dudunsparce|Earthquake|p2a: Deoxys\n|-supereffective|p2a: Deoxys\n|-crit|p2a: Deoxys\n|-damage|p2a: Deoxys|0 fnt\n|faint|p2a: Deoxys\n|\n|upkeep\n|\n|t:|1781408627\n|switch|p2a: Vaporeon|Vaporeon, L86, M|191/364\n|turn|73\n|\n|t:|1781408630\n|move|p2a: Vaporeon|Scald|p1a: Dudunsparce\n|-supereffective|p1a: Dudunsparce\n|-damage|p1a: Dudunsparce|101/343\n|move|p1a: Dudunsparce|Glare|p2a: Vaporeon\n|-status|p2a: Vaporeon|par\n|\n|-heal|p1a: Dudunsparce|122/343|[from] item: Leftovers\n|-heal|p2a: Vaporeon|213/364 par|[from] item: Leftovers\n|upkeep\n|turn|74\n|\n|t:|1781408635\n|move|p1a: Dudunsparce|Roost|p1a: Dudunsparce\n|-heal|p1a: Dudunsparce|294/343\n|cant|p2a: Vaporeon|par\n|\n|-heal|p1a: Dudunsparce|315/343|[from] item: Leftovers\n|-heal|p2a: Vaporeon|235/364 par|[from] item: Leftovers\n|upkeep\n|turn|75\n|\n|t:|1781408641\n|move|p1a: Dudunsparce|Headbutt|p2a: Vaporeon\n|-damage|p2a: Vaporeon|147/364 par\n|cant|p2a: Vaporeon|flinch\n|\n|-heal|p1a: Dudunsparce|336/343|[from] item: Leftovers\n|-heal|p2a: Vaporeon|169/364 par|[from] item: Leftovers\n|upkeep\n|turn|76\n|\n|t:|1781408644\n|move|p1a: Dudunsparce|Earthquake|p2a: Vaporeon\n|-damage|p2a: Vaporeon|42/364 par\n|move|p2a: Vaporeon|Wish|p2a: Vaporeon\n|\n|-heal|p1a: Dudunsparce|343/343|[from] item: Leftovers\n|-heal|p2a: Vaporeon|64/364 par|[from] item: Leftovers\n|upkeep\n|turn|77\n|\n|t:|1781408649\n|cant|p2a: Vaporeon|par\n|move|p1a: Dudunsparce|Glare|p2a: Vaporeon\n|-fail|p2a: Vaporeon|par\n|\n|-heal|p2a: Vaporeon|246/364 par|[from] move: Wish|[wisher] Vaporeon\n|-heal|p2a: Vaporeon|268/364 par|[from] item: Leftovers\n|upkeep\n|turn|78\n|\n|t:|1781408656\n|switch|p1a: Sceptile|Sceptile, L87, F|264/264\n|move|p2a: Vaporeon|Protect||[still]\n|-fail|p2a: Vaporeon\n|\n|-heal|p2a: Vaporeon|290/364 par|[from] item: Leftovers\n|upkeep\n|turn|79\n|\n|t:|1781408662\n|switch|p2a: Espeon|Espeon, L84, F|100/246\n|move|p1a: Sceptile|Substitute|p1a: Sceptile\n|-start|p1a: Sceptile|Substitute\n|-damage|p1a: Sceptile|198/264\n|\n|-heal|p1a: Sceptile|214/264|[from] item: Leftovers\n|upkeep\n|turn|80\n|-message|AliT999 forfeited.\n|\n|win|TRedden\n|raw|TRedden's rating: 1736 &rarr; <strong>1761</strong><br />(+25 for winning)\n|raw|AliT999's rating: 1825 &rarr; <strong>1800</strong><br />(-25 for losing)\n|l|\u2606AliT999\n|player|p2|\n", "inputlog": ">version a8376a258c1d4662feba110a92103f3664a72141\n>start {\"formatid\":\"gen9randombattle\",\"seed\":\"sodium,a86da543c8d69328077518107c0e78dd\",\"rated\":\"Rated battle\"}\n>player p1 {\"name\":\"TRedden\",\"avatar\":\"blue\",\"rating\":1736,\"seed\":\"sodium,068726fd90608704adea67902bc482b6\"}\n>player p2 {\"name\":\"AliT999\",\"avatar\":\"169\",\"rating\":1825,\"seed\":\"sodium,1f46070d49e98c233c792df4aa2b3931\"}\n>p1 move dragontail\n>p2 move calmmind\n>p1 move icebeam\n>p2 move precipiceblades\n>p1 move icebeam\n>p2 switch 6\n>p1 move recover\n>p2 move scald\n>p1 move dragontail\n>p2 move wish\n>p1 switch 2\n>p2 move knockoff\n>p1 move hurricane\n>p2 switch 2\n>p1 move uturn\n>p2 move protect\n>p1 move uturn\n>p2 move wish\n>p1 switch 6\n>p1 move substitute\n>p2 switch 2\n>p1 move leechseed\n>p2 move heavyslam\n>p1 move substitute\n>p2 move heavyslam\n>p1 move gigadrain\n>p2 switch 4\n>p1 move substitute\n>p2 move morningsun\n>p1 move gigadrain\n>p2 move calmmind\n>p1 switch 2\n>p2 move calmmind\n>p1 move dragontail\n>p2 move psychic\n>p1 move recover\n>p2 move heatcrash\n>p1 move icebeam\n>p2 switch 6\n>p1 switch 2\n>p2 move morningsun\n>p1 switch 4\n>p2 move psychic\n>p1 move iciclecrash\n>p2 switch 2\n>p1 switch 2\n>p2 move scald\n>p1 move recover\n>p2 move scald\n>p1 move dragontail\n>p2 move calmmind\n>p1 move icebeam\n>p2 switch 6\n>p1 move dragontail\n>p2 move wish\n>p1 move dragontail\n>p2 move psychic\n>p1 move recover\n>p2 move thunder\n>p1 switch 5\n>p2 move calmmind\n>p1 move glare\n>p2 move originpulse\n>p1 move headbutt\n>p2 move originpulse\n>p1 move headbutt\n>p2 move originpulse\n>p1 move headbutt\n>p2 move originpulse\n>p1 move headbutt\n>p2 move originpulse\n>p2 switch 3\n>p1 switch 2\n>p2 move morningsun\n>p1 move iciclecrash\n>p2 move psychic\n>p1 switch 3\n>p1 move snowscape\n>p2 switch 2\n>p1 move swordsdance\n>p2 move wish\n>p1 move snowscape\n>p2 move scald\n>p1 move swordsdance\n>p2 move wish\n>p1 move iciclecrash\n>p2 move protect\n>p1 move earthquake\n>p2 move scald\n>p1 move snowscape\n>p2 move scald\n>p1 switch 4\n>p1 move substitute\n>p2 switch 2\n>p1 move gigadrain\n>p2 move psychic\n>p1 move gigadrain\n>p2 switch 5\n>p1 move substitute\n>p2 move cosmicpower terastallize\n>p1 move leechseed\n>p2 move cosmicpower\n>p1 move focusblast\n>p2 move cosmicpower\n>p1 move focusblast\n>p2 move recover\n>p1 move focusblast\n>p2 move cosmicpower\n>p1 switch 2\n>p2 move cosmicpower\n>p1 move glare terastallize\n>p2 move storedpower\n>p1 move roost\n>p2 move storedpower\n>p1 move headbutt\n>p2 move recover\n>p1 move earthquake\n>p2 move storedpower\n>p1 move roost\n>p2 move storedpower\n>p1 move roost\n>p2 move recover\n>p1 move headbutt\n>p2 move cosmicpower\n>p1 move headbutt\n>p2 move cosmicpower\n>p1 move headbutt\n>p2 move cosmicpower\n>p1 move headbutt\n>p2 move recover\n>p1 move headbutt\n>p2 move storedpower\n>p1 move earthquake\n>p2 move storedpower\n>p1 move earthquake\n>p2 move storedpower\n>p1 move earthquake\n>p2 move recover\n>p1 move headbutt\n>p2 move recover\n>p1 move headbutt\n>p2 move recover\n>p1 move earthquake\n>p2 move recover\n>p1 move headbutt\n>p2 move recover\n>p1 move earthquake\n>p2 move nightshade\n>p2 switch 2\n>p1 move glare\n>p2 move scald\n>p1 move roost\n>p2 move wish\n>p1 move headbutt\n>p2 move wish\n>p1 move earthquake\n>p2 move wish\n>p1 move glare\n>p2 move protect\n>p1 switch 2\n>p2 move protect\n>p1 move substitute\n>p2 switch 5\n>forcelose p2", "uploadtime": 1781408678, "views": 5, "formatid": "gen9randombattle", "rating": 1761, "private": 0, "password": null}