{"id": "gen9randombattle-2632012173", "format": "[Gen 9] Random Battle", "players": ["misty's magic", "htran"], "log": "|j|\u2606misty's magic\n|j|\u2606htran\n|t:|1781465816\n|gametype|singles\n|player|p1|misty's magic|1|1928\n|player|p2|htran|lucas|1964\n|gen|9\n|tier|[Gen 9] Random Battle\n|rated|\n|rule|Species Clause: Limit one of each Pok\u00e9mon\n|rule|HP Percentage Mod: HP is shown in percentages\n|rule|Sleep Clause Mod: Limit one foe put to sleep\n|rule|Illusion Level Mod: Illusion disguises the Pok\u00e9mon's true level\n|\n|t:|1781465816\n|teamsize|p1|6\n|teamsize|p2|6\n|start\n|switch|p1a: Sableye|Sableye, L88, M|231/231\n|switch|p2a: Minun|Minun, L95, M|268/268\n|turn|1\n|inactive|Battle timer is ON: inactive players will automatically lose when time's up. (requested by htran)\n|\n|t:|1781465824\n|move|p2a: Minun|Thunderbolt|p1a: Sableye\n|-damage|p1a: Sableye|82/231\n|-damage|p2a: Minun|242/268|[from] item: Life Orb\n|move|p1a: Sableye|Knock Off|p2a: Minun\n|-damage|p2a: Minun|116/268\n|-enditem|p2a: Minun|Life Orb|[from] move: Knock Off|[of] p1a: Sableye\n|\n|-heal|p1a: Sableye|96/231|[from] item: Leftovers\n|upkeep\n|turn|2\n|\n|t:|1781465828\n|switch|p2a: Sableye|Sableye, L88, F|231/231\n|move|p1a: Sableye|Recover|p1a: Sableye\n|-heal|p1a: Sableye|212/231\n|\n|-heal|p1a: Sableye|226/231|[from] item: Leftovers\n|upkeep\n|turn|3\n|\n|t:|1781465835\n|move|p1a: Sableye|Knock Off|p2a: Sableye\n|-damage|p2a: Sableye|126/231\n|-enditem|p2a: Sableye|Leftovers|[from] move: Knock Off|[of] p1a: Sableye\n|move|p2a: Sableye|Knock Off|p1a: Sableye\n|-damage|p1a: Sableye|123/231\n|-enditem|p1a: Sableye|Leftovers|[from] move: Knock Off|[of] p2a: Sableye\n|\n|upkeep\n|turn|4\n|\n|t:|1781465852\n|switch|p2a: Minun|Minun, L95, M|116/268\n|move|p1a: Sableye|Knock Off|p2a: Minun\n|-damage|p2a: Minun|38/268\n|\n|upkeep\n|turn|5\n|\n|t:|1781465855\n|move|p1a: Sableye|Recover|p1a: Sableye\n|-heal|p1a: Sableye|231/231\n|move|p2a: Minun|Thunderbolt|p1a: Sableye\n|-damage|p1a: Sableye|120/231\n|\n|upkeep\n|turn|6\n|\n|t:|1781465866\n|move|p2a: Minun|Thunderbolt|p1a: Sableye\n|-damage|p1a: Sableye|8/231\n|move|p1a: Sableye|Knock Off|p2a: Minun\n|-damage|p2a: Minun|0 fnt\n|faint|p2a: Minun\n|\n|upkeep\n|\n|t:|1781465873\n|switch|p2a: Arceus|Arceus-Electric, L70|284/284\n|turn|7\n|\n|t:|1781465878\n|move|p1a: Sableye|Recover|p1a: Sableye\n|-heal|p1a: Sableye|124/231\n|move|p2a: Arceus|Judgment|p1a: Sableye\n|-damage|p1a: Sableye|0 fnt\n|faint|p1a: Sableye\n|\n|upkeep\n|\n|t:|1781465894\n|switch|p1a: Tsareena|Tsareena, L87, F|267/267\n|turn|8\n|\n|t:|1781465906\n|move|p2a: Arceus|Ice Beam|p1a: Tsareena\n|-supereffective|p1a: Tsareena\n|-damage|p1a: Tsareena|171/267\n|move|p1a: Tsareena|Power Whip|p2a: Arceus\n|-damage|p2a: Arceus|89/284\n|-damage|p1a: Tsareena|145/267|[from] item: Life Orb\n|\n|upkeep\n|turn|9\n|\n|t:|1781465922\n|move|p2a: Arceus|Ice Beam|p1a: Tsareena\n|-supereffective|p1a: Tsareena\n|-damage|p1a: Tsareena|43/267\n|move|p1a: Tsareena|Power Whip|p2a: Arceus\n|-damage|p2a: Arceus|0 fnt\n|faint|p2a: Arceus\n|-damage|p1a: Tsareena|17/267|[from] item: Life Orb\n|\n|upkeep\n|\n|t:|1781465926\n|switch|p2a: Hawlucha|Hawlucha, L80, M|256/256\n|turn|10\n|\n|t:|1781465933\n|move|p2a: Hawlucha|Close Combat|p1a: Tsareena\n|-damage|p1a: Tsareena|0 fnt\n|-unboost|p2a: Hawlucha|def|1\n|-unboost|p2a: Hawlucha|spd|1\n|faint|p1a: Tsareena\n|-enditem|p2a: Hawlucha|White Herb\n|-clearnegativeboost|p2a: Hawlucha|[silent]\n|\n|upkeep\n|\n|t:|1781465946\n|switch|p1a: Alomomola|Alomomola, L87, M|429/429\n|turn|11\n|\n|t:|1781465957\n|move|p2a: Hawlucha|Swords Dance|p2a: Hawlucha\n|-boost|p2a: Hawlucha|atk|2\n|move|p1a: Alomomola|Scald|p2a: Hawlucha\n|-damage|p2a: Hawlucha|195/256\n|\n|upkeep\n|turn|12\n|\n|t:|1781465971\n|move|p2a: Hawlucha|Swords Dance|p2a: Hawlucha\n|-boost|p2a: Hawlucha|atk|2\n|move|p1a: Alomomola|Scald|p2a: Hawlucha\n|-damage|p2a: Hawlucha|123/256\n|-status|p2a: Hawlucha|brn\n|\n|-damage|p2a: Hawlucha|107/256 brn|[from] brn\n|upkeep\n|turn|13\n|\n|t:|1781465981\n|move|p1a: Alomomola|Protect|p1a: Alomomola\n|-singleturn|p1a: Alomomola|Protect\n|move|p2a: Hawlucha|Close Combat|p1a: Alomomola\n|-activate|p1a: Alomomola|move: Protect\n|\n|-damage|p2a: Hawlucha|91/256 brn|[from] brn\n|upkeep\n|turn|14\n|\n|t:|1781465988\n|move|p2a: Hawlucha|Close Combat|p1a: Alomomola\n|-damage|p1a: Alomomola|247/429\n|-unboost|p2a: Hawlucha|def|1\n|-unboost|p2a: Hawlucha|spd|1\n|move|p1a: Alomomola|Scald|p2a: Hawlucha\n|-damage|p2a: Hawlucha|0 fnt\n|faint|p2a: Hawlucha\n|\n|-heal|p1a: Alomomola|273/429|[from] item: Leftovers\n|upkeep\n|\n|t:|1781465991\n|switch|p2a: Amoonguss|Amoonguss, L82, F|321/321\n|turn|15\n|\n|t:|1781466003\n|move|p1a: Alomomola|Wish|p1a: Alomomola\n|move|p2a: Amoonguss|Spore|p1a: Alomomola\n|-status|p1a: Alomomola|slp|[from] move: Spore\n|\n|-heal|p1a: Alomomola|299/429 slp|[from] item: Leftovers\n|upkeep\n|turn|16\n|\n|t:|1781466027\n|switch|p1a: Chi-Yu|Chi-Yu, L77|211/211\n|-ability|p1a: Chi-Yu|Beads of Ruin\n|move|p2a: Amoonguss|Sludge Bomb|p1a: Chi-Yu\n|-damage|p1a: Chi-Yu|145/211\n|\n|-heal|p1a: Chi-Yu|211/211|[from] move: Wish|[wisher] Alomomola\n|upkeep\n|turn|17\n|\n|t:|1781466033\n|-terastallize|p2a: Amoonguss|Water\n|move|p1a: Chi-Yu|Nasty Plot|p1a: Chi-Yu\n|-boost|p1a: Chi-Yu|spa|2\n|move|p2a: Amoonguss|Stomping Tantrum|p1a: Chi-Yu\n|-supereffective|p1a: Chi-Yu\n|-damage|p1a: Chi-Yu|99/211\n|\n|upkeep\n|turn|18\n|\n|t:|1781466039\n|move|p1a: Chi-Yu|Dark Pulse|p2a: Amoonguss\n|-damage|p2a: Amoonguss|27/321\n|move|p2a: Amoonguss|Stomping Tantrum|p1a: Chi-Yu\n|-supereffective|p1a: Chi-Yu\n|-damage|p1a: Chi-Yu|0 fnt\n|faint|p1a: Chi-Yu\n|\n|-heal|p2a: Amoonguss|47/321|[from] item: Leftovers\n|upkeep\n|\n|t:|1781466049\n|switch|p1a: Pikachu|Pikachu-Hoenn, L93, F|216/216\n|turn|19\n|\n|t:|1781466061\n|switch|p2a: Illumise|Illumise, L91, F|266/266\n|move|p1a: Pikachu|Volt Tackle|p2a: Illumise\n|-damage|p2a: Illumise|68/266\n|-damage|p1a: Pikachu|151/216|[from] Recoil\n|\n|upkeep\n|turn|20\n|\n|t:|1781466072\n|move|p2a: Illumise|Roost|p2a: Illumise\n|-heal|p2a: Illumise|201/266\n|-singleturn|p2a: Illumise|move: Roost\n|move|p1a: Pikachu|Volt Tackle|p2a: Illumise\n|-damage|p2a: Illumise|0 fnt\n|faint|p2a: Illumise\n|-damage|p1a: Pikachu|85/216|[from] Recoil\n|\n|upkeep\n|c|\u2606misty's magic|gg\n|\n|t:|1781466077\n|switch|p2a: Sableye|Sableye, L88, F|126/231\n|turn|21\n|\n|t:|1781466083\n|-terastallize|p1a: Pikachu|Water\n|move|p2a: Sableye|Recover|p2a: Sableye\n|-heal|p2a: Sableye|231/231\n|move|p1a: Pikachu|Surf|p2a: Sableye\n|-damage|p2a: Sableye|59/231\n|\n|upkeep\n|turn|22\n|\n|t:|1781466089\n|move|p2a: Sableye|Encore|p1a: Pikachu\n|-start|p1a: Pikachu|Encore\n|move|p1a: Pikachu|Surf|p2a: Sableye\n|-damage|p2a: Sableye|0 fnt\n|faint|p2a: Sableye\n|\n|upkeep\n|\n|t:|1781466091\n|switch|p2a: Amoonguss|Amoonguss, L82, F, tera:Water|154/321\n|turn|23\n|\n|t:|1781466096\n|switch|p1a: Alomomola|Alomomola, L87, M|429/429 slp\n|move|p2a: Amoonguss|Giga Drain|p1a: Alomomola\n|-supereffective|p1a: Alomomola\n|-damage|p1a: Alomomola|201/429 slp\n|-heal|p2a: Amoonguss|268/321|[from] drain|[of] p1a: Alomomola\n|\n|-heal|p1a: Alomomola|227/429 slp|[from] item: Leftovers\n|-heal|p2a: Amoonguss|288/321|[from] item: Leftovers\n|upkeep\n|turn|24\n|\n|t:|1781466099\n|cant|p1a: Alomomola|slp\n|move|p2a: Amoonguss|Giga Drain|p1a: Alomomola\n|-supereffective|p1a: Alomomola\n|-damage|p1a: Alomomola|29/429 slp\n|-heal|p2a: Amoonguss|321/321|[from] drain|[of] p1a: Alomomola\n|\n|-heal|p1a: Alomomola|55/429 slp|[from] item: Leftovers\n|upkeep\n|turn|25\n|\n|t:|1781466102\n|-curestatus|p1a: Alomomola|slp|[msg]\n|move|p1a: Alomomola|Scald|p2a: Amoonguss\n|-resisted|p2a: Amoonguss\n|-damage|p2a: Amoonguss|294/321\n|move|p2a: Amoonguss|Giga Drain|p1a: Alomomola\n|-supereffective|p1a: Alomomola\n|-damage|p1a: Alomomola|0 fnt\n|-heal|p2a: Amoonguss|321/321|[from] drain|[of] p1a: Alomomola\n|faint|p1a: Alomomola\n|\n|upkeep\n|\n|t:|1781466105\n|switch|p1a: Pikachu|Pikachu-Hoenn, L93, F, tera:Water|85/216\n|turn|26\n|\n|t:|1781466108\n|move|p1a: Pikachu|Volt Tackle|p2a: Amoonguss\n|-supereffective|p2a: Amoonguss\n|-damage|p2a: Amoonguss|0 fnt\n|faint|p2a: Amoonguss\n|-damage|p1a: Pikachu|0 fnt|[from] Recoil\n|faint|p1a: Pikachu\n|\n|win|misty's magic\n", "inputlog": ">version a8376a258c1d4662feba110a92103f3664a72141\n>start {\"formatid\":\"gen9randombattle\",\"seed\":\"sodium,5b25c03636788d0af8966ff785adf95d\",\"rated\":\"Rated battle\"}\n>player p1 {\"name\":\"misty's magic\",\"avatar\":\"1\",\"rating\":1928,\"seed\":\"sodium,d4e8cb35384b6ddd4b2bbf608ef72e1b\"}\n>player p2 {\"name\":\"htran\",\"avatar\":\"lucas\",\"rating\":1964,\"seed\":\"sodium,824e198da4e5e70a9aadf7a1f5122b34\"}\n>p1 move knockoff\n>p2 move thunderbolt\n>p1 move recover\n>p2 switch 2\n>p1 move knockoff\n>p2 move knockoff\n>p1 move knockoff\n>p2 switch 2\n>p1 move recover\n>p2 move thunderbolt\n>p1 move knockoff\n>p2 move thunderbolt\n>p2 switch 6\n>p1 move recover\n>p2 move judgment\n>p1 switch 4\n>p1 move powerwhip\n>p2 move icebeam\n>p1 move powerwhip\n>p2 move icebeam\n>p2 switch 3\n>p1 move powerwhip\n>p2 move closecombat\n>p1 switch 2\n>p1 move scald\n>p2 move swordsdance\n>p1 move scald\n>p2 move swordsdance\n>p1 move protect\n>p2 move closecombat\n>p1 move scald\n>p2 move closecombat\n>p2 switch 5\n>p1 move wish\n>p2 move spore\n>p1 switch 6\n>p2 move sludgebomb\n>p1 move nastyplot\n>p2 move stompingtantrum terastallize\n>p1 move darkpulse\n>p2 move stompingtantrum\n>p1 switch 3\n>p1 move volttackle\n>p2 switch 4\n>p1 move volttackle\n>p2 move roost\n>chat \u2606misty's magic|gg\n>p2 switch 2\n>p1 move surf terastallize\n>p2 move recover\n>p1 move surf\n>p2 move encore\n>p2 switch 4\n>p1 switch 6\n>p2 move gigadrain\n>p1 move scald\n>p2 move gigadrain\n>p1 move scald\n>p2 move gigadrain\n>p1 switch 6\n>p1 move volttackle\n>p2 move spore", "uploadtime": 1781465819, "views": 4, "formatid": "gen9randombattle", "rating": null, "private": 0, "password": null}