{"id": "gen9randombattle-2632018584", "format": "[Gen 9] Random Battle", "players": ["koshineer", "Omnimon merciful m"], "log": "|j|\u2606koshineer\n|j|\u2606Omnimon merciful m\n|t:|1781466530\n|gametype|singles\n|player|p1|koshineer|169|1377\n|player|p2|Omnimon merciful m|benga|1414\n|gen|9\n|tier|[Gen 9] Random Battle\n|rated|\n|rule|Species Clause: Limit one of each Pok\u00e9mon\n|rule|HP Percentage Mod: HP is shown in percentages\n|rule|Sleep Clause Mod: Limit one foe put to sleep\n|rule|Illusion Level Mod: Illusion disguises the Pok\u00e9mon's true level\n|\n|t:|1781466530\n|teamsize|p1|6\n|teamsize|p2|6\n|start\n|switch|p1a: Ursaluna|Ursaluna, L79, F|335/335\n|switch|p2a: Revavroom|Revavroom, L79, M|256/256\n|turn|1\n|inactive|Battle timer is ON: inactive players will automatically lose when time's up. (requested by koshineer)\n|\n|t:|1781466544\n|switch|p2a: Breloom|Breloom, L83, M|235/235\n|move|p1a: Ursaluna|Headlong Rush|p2a: Breloom\n|-resisted|p2a: Breloom\n|-crit|p2a: Breloom\n|-damage|p2a: Breloom|110/235\n|-unboost|p1a: Ursaluna|def|1\n|-unboost|p1a: Ursaluna|spd|1\n|\n|-status|p1a: Ursaluna|brn|[from] item: Flame Orb\n|upkeep\n|turn|2\n|\n|t:|1781466560\n|switch|p1a: Oricorio|Oricorio-Pom-Pom, L82, F|257/257\n|move|p2a: Breloom|Bullet Seed|p1a: Oricorio\n|-resisted|p1a: Oricorio\n|-damage|p1a: Oricorio|215/257\n|-resisted|p1a: Oricorio\n|-damage|p1a: Oricorio|176/257\n|-resisted|p1a: Oricorio\n|-damage|p1a: Oricorio|137/257\n|-resisted|p1a: Oricorio\n|-damage|p1a: Oricorio|101/257\n|-resisted|p1a: Oricorio\n|-damage|p1a: Oricorio|65/257\n|-hitcount|p1a: Oricorio|5\n|-damage|p2a: Breloom|87/235|[from] item: Life Orb\n|\n|upkeep\n|turn|3\n|\n|t:|1781466583\n|switch|p2a: Swalot|Swalot, L90, M|326/326\n|move|p1a: Oricorio|Hurricane|p2a: Swalot\n|-damage|p2a: Swalot|224/326\n|\n|-heal|p2a: Swalot|244/326|[from] item: Leftovers\n|upkeep\n|turn|4\n|\n|t:|1781466592\n|switch|p1a: Empoleon|Empoleon, L84, M|278/278\n|move|p2a: Swalot|Gunk Shot|p1a: Empoleon\n|-immune|p1a: Empoleon\n|\n|-heal|p2a: Swalot|264/326|[from] item: Leftovers\n|upkeep\n|turn|5\n|\n|t:|1781466601\n|move|p2a: Swalot|Earthquake|p1a: Empoleon\n|-supereffective|p1a: Empoleon\n|-damage|p1a: Empoleon|148/278\n|move|p1a: Empoleon|Ice Beam|p2a: Swalot\n|-damage|p2a: Swalot|193/326\n|\n|-heal|p2a: Swalot|213/326|[from] item: Leftovers\n|-heal|p1a: Empoleon|165/278|[from] item: Leftovers\n|upkeep\n|turn|6\n|\n|t:|1781466609\n|switch|p1a: Oricorio|Oricorio-Pom-Pom, L82, F|65/257\n|move|p2a: Swalot|Swords Dance|p2a: Swalot\n|-boost|p2a: Swalot|atk|2\n|-activate|p1a: Oricorio|ability: Dancer\n|move|p1a: Oricorio|Swords Dance|p1a: Oricorio|[from] ability: Dancer\n|-boost|p1a: Oricorio|atk|2\n|\n|-heal|p2a: Swalot|233/326|[from] item: Leftovers\n|upkeep\n|turn|7\n|\n|t:|1781466627\n|move|p1a: Oricorio|Revelation Dance|p2a: Swalot\n|-damage|p2a: Swalot|139/326\n|move|p2a: Swalot|Knock Off|p1a: Oricorio\n|-damage|p1a: Oricorio|0 fnt\n|-enditem|p1a: Oricorio|Heavy-Duty Boots|[from] move: Knock Off|[of] p2a: Swalot\n|faint|p1a: Oricorio\n|\n|-heal|p2a: Swalot|159/326|[from] item: Leftovers\n|upkeep\n|\n|t:|1781466644\n|switch|p1a: Iron Boulder|Iron Boulder, L77|265/265\n|-enditem|p1a: Iron Boulder|Booster Energy\n|-activate|p1a: Iron Boulder|ability: Quark Drive|[fromitem]\n|-start|p1a: Iron Boulder|quarkdrivespe\n|turn|8\n|\n|t:|1781466651\n|move|p1a: Iron Boulder|Zen Headbutt|p2a: Swalot\n|-supereffective|p2a: Swalot\n|-damage|p2a: Swalot|3/326\n|move|p2a: Swalot|Earthquake|p1a: Iron Boulder\n|-supereffective|p1a: Iron Boulder\n|-damage|p1a: Iron Boulder|0 fnt\n|faint|p1a: Iron Boulder\n|-end|p1a: Iron Boulder|Quark Drive|[silent]\n|\n|-heal|p2a: Swalot|23/326|[from] item: Leftovers\n|upkeep\n|\n|t:|1781466667\n|switch|p1a: Lapras|Lapras, L87, F|368/368\n|turn|9\n|\n|t:|1781466676\n|move|p1a: Lapras|Sparkling Aria|p2a: Swalot\n|-damage|p2a: Swalot|0 fnt\n|faint|p2a: Swalot\n|\n|upkeep\n|\n|t:|1781466679\n|switch|p2a: Breloom|Breloom, L83, M|87/235\n|turn|10\n|\n|t:|1781466684\n|move|p2a: Breloom|Bullet Seed|p1a: Lapras\n|-supereffective|p1a: Lapras\n|-damage|p1a: Lapras|228/368\n|-supereffective|p1a: Lapras\n|-damage|p1a: Lapras|101/368\n|-supereffective|p1a: Lapras\n|-damage|p1a: Lapras|0 fnt\n|faint|p1a: Lapras\n|-hitcount|p1: Lapras|3\n|-damage|p2a: Breloom|64/235|[from] item: Life Orb\n|\n|upkeep\n|\n|t:|1781466695\n|switch|p1a: Passimian|Passimian, L83, F|302/302\n|turn|11\n|\n|t:|1781466722\n|switch|p2a: Hariyama|Hariyama, L87, F|392/392\n|move|p1a: Passimian|Gunk Shot|p2a: Hariyama\n|-damage|p2a: Hariyama|210/392\n|\n|upkeep\n|turn|12\n|\n|t:|1781466735\n|switch|p1a: Empoleon|Empoleon, L84, M|165/278\n|move|p2a: Hariyama|Knock Off|p1a: Empoleon\n|-damage|p1a: Empoleon|74/278\n|-enditem|p1a: Empoleon|Leftovers|[from] move: Knock Off|[of] p2a: Hariyama\n|\n|upkeep\n|turn|13\n|\n|t:|1781466752\n|-terastallize|p1a: Empoleon|Flying\n|move|p1a: Empoleon|Roost|p1a: Empoleon\n|-heal|p1a: Empoleon|213/278\n|-hint|If a Terastallized Pokemon uses Roost, it remains Flying-type.\n|move|p2a: Hariyama|Close Combat|p1a: Empoleon\n|-resisted|p1a: Empoleon\n|-damage|p1a: Empoleon|135/278\n|-unboost|p2a: Hariyama|def|1\n|-unboost|p2a: Hariyama|spd|1\n|\n|upkeep\n|turn|14\n|\n|t:|1781466766\n|move|p1a: Empoleon|Roost|p1a: Empoleon\n|-heal|p1a: Empoleon|274/278\n|-hint|If a Terastallized Pokemon uses Roost, it remains Flying-type.\n|move|p2a: Hariyama|Heavy Slam|p1a: Empoleon\n|-damage|p1a: Empoleon|207/278\n|\n|upkeep\n|turn|15\n|\n|t:|1781466778\n|switch|p2a: Revavroom|Revavroom, L79, M|256/256\n|move|p1a: Empoleon|Surf|p2a: Revavroom\n|-damage|p2a: Revavroom|120/256\n|\n|upkeep\n|turn|16\n|\n|t:|1781466792\n|move|p2a: Revavroom|Gunk Shot|p1a: Empoleon\n|-damage|p1a: Empoleon|42/278\n|-damage|p2a: Revavroom|95/256|[from] item: Life Orb\n|move|p1a: Empoleon|Surf|p2a: Revavroom\n|-damage|p2a: Revavroom|0 fnt\n|faint|p2a: Revavroom\n|\n|upkeep\n|\n|t:|1781466809\n|switch|p2a: Breloom|Breloom, L83, M|64/235\n|turn|17\n|\n|t:|1781466822\n|switch|p1a: Passimian|Passimian, L83, F|302/302\n|move|p2a: Breloom|Bullet Seed|p1a: Passimian\n|-damage|p1a: Passimian|238/302\n|-damage|p1a: Passimian|170/302\n|-damage|p1a: Passimian|102/302\n|-damage|p1a: Passimian|38/302\n|-damage|p1a: Passimian|0 fnt\n|faint|p1a: Passimian\n|-hitcount|p1: Passimian|5\n|-damage|p2a: Breloom|41/235|[from] item: Life Orb\n|\n|upkeep\n|\n|t:|1781466828\n|switch|p1a: Ursaluna|Ursaluna, L79, F|335/335 brn\n|turn|18\n|\n|t:|1781466842\n|move|p2a: Breloom|Bullet Seed|p1a: Ursaluna\n|-supereffective|p1a: Ursaluna\n|-damage|p1a: Ursaluna|210/335 brn\n|-supereffective|p1a: Ursaluna\n|-damage|p1a: Ursaluna|83/335 brn\n|-supereffective|p1a: Ursaluna\n|-damage|p1a: Ursaluna|0 fnt\n|faint|p1a: Ursaluna\n|-hitcount|p1: Ursaluna|3\n|-damage|p2a: Breloom|18/235|[from] item: Life Orb\n|\n|upkeep\n|\n|t:|1781466845\n|switch|p1a: Empoleon|Empoleon, L84, M, tera:Flying|42/278\n|turn|19\n|\n|t:|1781466848\n|move|p2a: Breloom|Mach Punch|p1a: Empoleon\n|-resisted|p1a: Empoleon\n|-damage|p1a: Empoleon|0 fnt\n|faint|p1a: Empoleon\n|-damage|p2a: Breloom|0 fnt|[from] item: Life Orb\n|faint|p2a: Breloom\n|\n|win|Omnimon merciful m\n|raw|koshineer's rating: 1377 &rarr; <strong>1359</strong><br />(-18 for losing)\n|raw|Omnimon merciful m's rating: 1414 &rarr; <strong>1432</strong><br />(+18 for winning)\n", "inputlog": ">version a8376a258c1d4662feba110a92103f3664a72141\n>start {\"formatid\":\"gen9randombattle\",\"seed\":\"sodium,52c4a98a8d2e503cb38d03936065e72f\",\"rated\":\"Rated battle\"}\n>player p1 {\"name\":\"koshineer\",\"avatar\":\"169\",\"rating\":1377,\"seed\":\"sodium,a76e09a3f782fe13076a0d2bdee86958\"}\n>player p2 {\"name\":\"Omnimon merciful m\",\"avatar\":\"benga\",\"rating\":1414,\"seed\":\"sodium,f668e60d0d59259ee31b7ebea4f09ff8\"}\n>p1 move headlongrush\n>p2 switch 4\n>p1 switch 6\n>p2 move bulletseed\n>p1 move hurricane\n>p2 switch 3\n>p1 switch 5\n>p2 move gunkshot\n>p1 move icebeam\n>p2 move earthquake\n>p1 switch 5\n>p2 move swordsdance\n>p1 move revelationdance\n>p2 move knockoff\n>p1 switch 2\n>p1 move zenheadbutt\n>p2 move earthquake\n>p1 switch 3\n>p1 move sparklingaria\n>p2 move gunkshot\n>p2 switch 3\n>p1 move freezedry\n>p2 move bulletseed\n>p1 switch 4\n>p1 move gunkshot\n>p2 switch 6\n>p1 switch 5\n>p2 move knockoff\n>p1 move roost terastallize\n>p2 move closecombat\n>p1 move roost\n>p2 move heavyslam\n>p1 move surf\n>p2 switch 4\n>p1 move surf\n>p2 move gunkshot\n>p2 switch 6\n>p1 switch 5\n>p2 move bulletseed\n>p1 switch 6\n>p1 move facade\n>p2 move bulletseed\n>p1 switch 5\n>p1 move roost\n>p2 move machpunch", "uploadtime": 1781466852, "views": 3, "formatid": "gen9randombattle", "rating": 1359, "private": 0, "password": null}