{"id": "gen9randombattle-2631474910", "format": "[Gen 9] Random Battle", "players": ["c-omegalul-de", "ifishboi"], "log": "|j|\u2606c-omegalul-de\n|j|\u203difishboi\n|t:|1781389434\n|gametype|singles\n|player|p1|c-omegalul-de|170|1889\n|player|p2|ifishboi|roxie-masters|1915\n|gen|9\n|tier|[Gen 9] Random Battle\n|rated|\n|rule|Species Clause: Limit one of each Pok\u00e9mon\n|rule|HP Percentage Mod: HP is shown in percentages\n|rule|Sleep Clause Mod: Limit one foe put to sleep\n|rule|Illusion Level Mod: Illusion disguises the Pok\u00e9mon's true level\n|\n|t:|1781389434\n|teamsize|p1|6\n|teamsize|p2|6\n|start\n|switch|p1a: Arceus|Arceus-Dark, L71|288/288\n|switch|p2a: Ribombee|Ribombee, L83, M|235/235\n|turn|1\n|inactive|Battle timer is ON: inactive players will automatically lose when time's up. (requested by c-omegalul-de)\n|inactive|ifishboi has 120 seconds left.\n|\n|t:|1781389490\n|move|p2a: Ribombee|Quiver Dance|p2a: Ribombee\n|-boost|p2a: Ribombee|spa|1\n|-boost|p2a: Ribombee|spd|1\n|-boost|p2a: Ribombee|spe|1\n|move|p1a: Arceus|Sludge Bomb|p2a: Ribombee\n|-supereffective|p2a: Ribombee\n|-damage|p2a: Ribombee|151/235\n|\n|upkeep\n|turn|2\n|\n|t:|1781389496\n|switch|p1a: Toucannon|Toucannon, L88, M|284/284\n|move|p2a: Ribombee|Bug Buzz|p1a: Toucannon\n|-resisted|p1a: Toucannon\n|-damage|p1a: Toucannon|207/284\n|\n|upkeep\n|turn|3\n|\n|t:|1781389503\n|switch|p2a: Archaludon|Archaludon, L78, F|268/268\n|-singleturn|p1a: Toucannon|move: Beak Blast\n|move|p1a: Toucannon|Beak Blast|p2a: Archaludon\n|-resisted|p2a: Archaludon\n|-damage|p2a: Archaludon|218/268\n|-ability|p2a: Archaludon|Stamina|boost\n|-boost|p2a: Archaludon|def|1\n|\n|upkeep\n|turn|4\n|\n|t:|1781389508\n|move|p2a: Archaludon|Thunderbolt|p1a: Toucannon\n|-supereffective|p1a: Toucannon\n|-damage|p1a: Toucannon|47/284\n|move|p1a: Toucannon|U-turn|p2a: Archaludon\n|-resisted|p2a: Archaludon\n|-damage|p2a: Archaludon|201/268\n|-ability|p2a: Archaludon|Stamina|boost\n|-boost|p2a: Archaludon|def|1\n|\n|t:|1781389517\n|switch|p1a: Arceus|Arceus-Dark, L71|288/288|[from] U-turn\n|\n|upkeep\n|turn|5\n|inactive|ifishboi has 120 seconds left.\n|\n|t:|1781389555\n|move|p1a: Arceus|Judgment|p2a: Archaludon\n|-damage|p2a: Archaludon|102/268\n|-ability|p2a: Archaludon|Stamina|boost\n|-boost|p2a: Archaludon|def|1\n|move|p2a: Archaludon|Body Press|p1a: Arceus\n|-supereffective|p1a: Arceus\n|-damage|p1a: Arceus|2/288\n|\n|upkeep\n|turn|6\n|inactive|ifishboi has 120 seconds left.\n|\n|t:|1781389568\n|switch|p2a: Ribombee|Ribombee, L83, M|151/235\n|move|p1a: Arceus|Judgment|p2a: Ribombee\n|-resisted|p2a: Ribombee\n|-damage|p2a: Ribombee|85/235\n|\n|upkeep\n|turn|7\n|\n|t:|1781389576\n|switch|p1a: Toucannon|Toucannon, L88, M|47/284\n|move|p2a: Ribombee|Moonblast|p1a: Toucannon\n|-damage|p1a: Toucannon|0 fnt\n|faint|p1a: Toucannon\n|\n|upkeep\n|\n|t:|1781389583\n|switch|p1a: Veluza|Veluza, L85, F|292/292\n|turn|8\n|inactive|ifishboi has 120 seconds left.\n|inactive|ifishboi has 90 seconds left.\n|inactive|ifishboi has 60 seconds left.\n|\n|t:|1781389686\n|switch|p2a: Dipplin|Dipplin, L88, M|284/284\n|move|p1a: Veluza|Aqua Cutter|p2a: Dipplin\n|-resisted|p2a: Dipplin\n|-damage|p2a: Dipplin|259/284\n|\n|upkeep\n|turn|9\n|\n|t:|1781389699\n|switch|p1a: Infernape|Infernape, L82, M|259/259\n|move|p2a: Dipplin|Dragon Pulse|p1a: Infernape\n|-damage|p1a: Infernape|142/259\n|\n|upkeep\n|turn|10\n|\n|t:|1781389705\n|move|p1a: Infernape|Overheat|p2a: Dipplin\n|-damage|p2a: Dipplin|146/284\n|-unboost|p1a: Infernape|spa|2\n|-damage|p1a: Infernape|117/259|[from] item: Life Orb\n|move|p2a: Dipplin|Dragon Pulse|p1a: Infernape\n|-damage|p1a: Infernape|0 fnt\n|faint|p1a: Infernape\n|\n|upkeep\n|\n|t:|1781389711\n|switch|p1a: Weavile|Weavile, L79, M|240/240\n|turn|11\n|inactive|ifishboi has 60 seconds left.\n|\n|t:|1781389741\n|switch|p2a: Mimikyu|Mimikyu, L79, M|216/216\n|move|p1a: Weavile|Swords Dance|p1a: Weavile\n|-boost|p1a: Weavile|atk|2\n|\n|upkeep\n|turn|12\n|\n|t:|1781389746\n|-terastallize|p1a: Weavile|Ice\n|move|p1a: Weavile|Triple Axel|p2a: Mimikyu\n|-activate|p2a: Mimikyu|ability: Disguise\n|-damage|p2a: Mimikyu|216/216\n|detailschange|p2a: Mimikyu|Mimikyu-Busted, L79, M\n|-damage|p2a: Mimikyu|189/216|[from] pokemon: Mimikyu-Busted\n|-hitcount|p2a: Mimikyu|1\n|move|p2a: Mimikyu|Drain Punch|p1a: Weavile\n|-supereffective|p1a: Weavile\n|-damage|p1a: Weavile|89/240\n|-heal|p2a: Mimikyu|216/216|[from] drain|[of] p1a: Weavile\n|-damage|p2a: Mimikyu|195/216|[from] item: Life Orb\n|\n|upkeep\n|turn|13\n|\n|t:|1781389756\n|move|p2a: Mimikyu|Shadow Sneak|p1a: Weavile\n|-damage|p1a: Weavile|25/240\n|-damage|p2a: Mimikyu|174/216|[from] item: Life Orb\n|move|p1a: Weavile|Triple Axel|p2a: Mimikyu|[miss]\n|-miss|p1a: Weavile|p2a: Mimikyu\n|\n|upkeep\n|turn|14\n|inactive|ifishboi has 60 seconds left.\n|c|\u2606c-omegalul-de|can't win them all hahaha gg\n|-message|c-omegalul-de forfeited.\n|\n|win|ifishboi\n|raw|c-omegalul-de's rating: 1889 &rarr; <strong>1870</strong><br />(-19 for losing)\n|raw|ifishboi's rating: 1915 &rarr; <strong>1934</strong><br />(+19 for winning)\n", "inputlog": ">version a8376a258c1d4662feba110a92103f3664a72141\n>start {\"formatid\":\"gen9randombattle\",\"seed\":\"sodium,14f3cfb67a285d4e123ea78a799c2374\",\"rated\":\"Rated battle\"}\n>player p1 {\"name\":\"c-omegalul-de\",\"avatar\":\"170\",\"rating\":1889,\"seed\":\"sodium,2ed7d2d21dd97aa0b1cd3f9a6bc4eb87\"}\n>player p2 {\"name\":\"ifishboi\",\"avatar\":\"roxie-masters\",\"rating\":1915,\"seed\":\"sodium,d63f9ee4d363ab3ce1dfbe34c7bf9cdb\"}\n>p1 move sludgebomb\n>p2 move quiverdance\n>p1 switch 5\n>p2 move bugbuzz\n>p1 move beakblast\n>p2 switch 5\n>p1 move uturn\n>p2 move thunderbolt\n>p1 switch 5\n>p1 move judgment\n>p2 move bodypress\n>p1 move judgment\n>p2 switch 5\n>p1 switch 5\n>p2 move moonblast\n>p1 switch 3\n>p1 move aquacutter\n>p2 switch 3\n>p1 switch 4\n>p2 move dragonpulse\n>p1 move overheat\n>p2 move dragonpulse\n>p1 switch 2\n>p1 move swordsdance\n>p2 switch 6\n>p1 move tripleaxel terastallize\n>p2 move drainpunch\n>p1 move tripleaxel\n>p2 move shadowsneak\n>chat \u2606c-omegalul-de|can't win them all hahaha gg\n>forcelose p1", "uploadtime": 1781389768, "views": 4, "formatid": "gen9randombattle", "rating": 1870, "private": 0, "password": null}