{"id": "gen9randombattle-2631614286", "format": "[Gen 9] Random Battle", "players": ["Techno3712", "itsbaloney"], "log": "|j|\u2606Techno3712\n|j|\u2606itsbaloney\n|t:|1781409070\n|gametype|singles\n|player|p1|Techno3712|170|1951\n|player|p2|itsbaloney|giovanni|2014\n|gen|9\n|tier|[Gen 9] Random Battle\n|rated|\n|rule|Species Clause: Limit one of each Pok\u00e9mon\n|rule|HP Percentage Mod: HP is shown in percentages\n|rule|Sleep Clause Mod: Limit one foe put to sleep\n|rule|Illusion Level Mod: Illusion disguises the Pok\u00e9mon's true level\n|\n|t:|1781409070\n|teamsize|p1|6\n|teamsize|p2|6\n|start\n|switch|p1a: Staraptor|Staraptor, L79, F|263/263\n|switch|p2a: Rabsca|Rabsca, L91, M|284/284\n|turn|1\n|inactive|Battle timer is ON: inactive players will automatically lose when time's up. (requested by Techno3712)\n|\n|t:|1781409080\n|switch|p2a: Lumineon|Lumineon, L93, F|279/279\n|move|p1a: Staraptor|U-turn|p2a: Lumineon\n|-damage|p2a: Lumineon|207/279\n|\n|t:|1781409084\n|switch|p1a: Meowscarada|Meowscarada, L78, M|247/247|[from] U-turn\n|\n|upkeep\n|turn|2\n|\n|t:|1781409087\n|switch|p2a: Wo-Chien|Wo-Chien, L83|277/277\n|-ability|p2a: Wo-Chien|Tablets of Ruin\n|move|p1a: Meowscarada|Flower Trick|p2a: Wo-Chien\n|-start|p1a: Meowscarada|typechange|Grass|[from] ability: Protean\n|-resisted|p2a: Wo-Chien\n|-crit|p2a: Wo-Chien\n|-damage|p2a: Wo-Chien|225/277\n|-damage|p1a: Meowscarada|223/247|[from] item: Life Orb\n|\n|-heal|p2a: Wo-Chien|242/277|[from] item: Leftovers\n|upkeep\n|turn|3\n|\n|t:|1781409096\n|move|p1a: Meowscarada|Knock Off|p2a: Wo-Chien\n|-resisted|p2a: Wo-Chien\n|-damage|p2a: Wo-Chien|212/277\n|-enditem|p2a: Wo-Chien|Leftovers|[from] move: Knock Off|[of] p1a: Meowscarada\n|-damage|p1a: Meowscarada|199/247|[from] item: Life Orb\n|move|p2a: Wo-Chien|Knock Off|p1a: Meowscarada\n|-damage|p1a: Meowscarada|73/247\n|-enditem|p1a: Meowscarada|Life Orb|[from] move: Knock Off|[of] p2a: Wo-Chien\n|\n|upkeep\n|turn|4\n|\n|t:|1781409102\n|switch|p1a: Rotom|Rotom-Wash, L82|216/216\n|move|p2a: Wo-Chien|Protect||[still]\n|-fail|p2a: Wo-Chien\n|\n|upkeep\n|turn|5\n|\n|t:|1781409107\n|move|p1a: Rotom|Volt Switch|p2a: Wo-Chien\n|-resisted|p2a: Wo-Chien\n|-damage|p2a: Wo-Chien|185/277\n|\n|t:|1781409111\n|switch|p1a: Meowscarada|Meowscarada, L78, M|73/247|[from] Volt Switch\n|move|p2a: Wo-Chien|Giga Drain|p1a: Meowscarada\n|-resisted|p1a: Meowscarada\n|-damage|p1a: Meowscarada|22/247\n|-heal|p2a: Wo-Chien|211/277|[from] drain|[of] p1a: Meowscarada\n|\n|upkeep\n|turn|6\n|\n|t:|1781409114\n|move|p2a: Wo-Chien|Protect|p2a: Wo-Chien\n|-singleturn|p2a: Wo-Chien|Protect\n|move|p1a: Meowscarada|Triple Axel|p2a: Wo-Chien\n|-start|p1a: Meowscarada|typechange|Ice|[from] ability: Protean\n|-activate|p2a: Wo-Chien|move: Protect\n|\n|upkeep\n|turn|7\n|\n|t:|1781409140\n|move|p1a: Meowscarada|Toxic Spikes|p2a: Wo-Chien\n|-sidestart|p2: itsbaloney|move: Toxic Spikes\n|move|p2a: Wo-Chien|Giga Drain|p1a: Meowscarada\n|-damage|p1a: Meowscarada|0 fnt\n|-heal|p2a: Wo-Chien|222/277|[from] drain|[of] p1a: Meowscarada\n|faint|p1a: Meowscarada\n|\n|upkeep\n|\n|t:|1781409146\n|switch|p1a: Staraptor|Staraptor, L79, F|263/263\n|turn|8\n|\n|t:|1781409149\n|move|p2a: Wo-Chien|Protect|p2a: Wo-Chien\n|-singleturn|p2a: Wo-Chien|Protect\n|move|p1a: Staraptor|Brave Bird|p2a: Wo-Chien\n|-activate|p2a: Wo-Chien|move: Protect\n|\n|upkeep\n|turn|9\n|\n|t:|1781409152\n|switch|p2a: Lumineon|Lumineon, L93, F|207/279\n|-status|p2a: Lumineon|psn\n|move|p1a: Staraptor|Brave Bird|p2a: Lumineon\n|-damage|p2a: Lumineon|0 fnt\n|faint|p2a: Lumineon\n|-damage|p1a: Staraptor|195/263|[from] Recoil\n|\n|upkeep\n|\n|t:|1781409155\n|switch|p2a: Kyogre|Kyogre, L71|259/259\n|-status|p2a: Kyogre|psn\n|-weather|RainDance|[from] ability: Drizzle|[of] p2a: Kyogre\n|turn|10\n|\n|t:|1781409162\n|switch|p1a: Rotom|Rotom-Wash, L82|216/216\n|move|p2a: Kyogre|Thunder|p1a: Rotom\n|-damage|p1a: Rotom|143/216\n|\n|-weather|RainDance|[upkeep]\n|-heal|p1a: Rotom|156/216|[from] item: Leftovers\n|-damage|p2a: Kyogre|227/259 psn|[from] psn\n|upkeep\n|turn|11\n|\n|t:|1781409169\n|switch|p2a: Wo-Chien|Wo-Chien, L83|222/277\n|-status|p2a: Wo-Chien|psn\n|-ability|p2a: Wo-Chien|Tablets of Ruin\n|move|p1a: Rotom|Pain Split|p2a: Wo-Chien\n|-sethp|p2a: Wo-Chien|189/277 psn|[from] move: Pain Split|[silent]\n|-sethp|p1a: Rotom|189/216|[from] move: Pain Split\n|\n|-weather|RainDance|[upkeep]\n|-heal|p1a: Rotom|202/216|[from] item: Leftovers\n|-damage|p2a: Wo-Chien|155/277 psn|[from] psn\n|upkeep\n|turn|12\n|\n|t:|1781409175\n|move|p1a: Rotom|Hydro Pump|p2a: Wo-Chien|[miss]\n|-miss|p1a: Rotom|p2a: Wo-Chien\n|move|p2a: Wo-Chien|Knock Off|p1a: Rotom\n|-damage|p1a: Rotom|120/216\n|-enditem|p1a: Rotom|Leftovers|[from] move: Knock Off|[of] p2a: Wo-Chien\n|\n|-weather|RainDance|[upkeep]\n|-damage|p2a: Wo-Chien|121/277 psn|[from] psn\n|upkeep\n|turn|13\n|\n|t:|1781409178\n|move|p1a: Rotom|Hydro Pump|p2a: Wo-Chien\n|-resisted|p2a: Wo-Chien\n|-crit|p2a: Wo-Chien\n|-damage|p2a: Wo-Chien|22/277 psn\n|move|p2a: Wo-Chien|Giga Drain|p1a: Rotom\n|-supereffective|p1a: Rotom\n|-damage|p1a: Rotom|0 fnt\n|-heal|p2a: Wo-Chien|82/277 psn|[from] drain|[of] p1a: Rotom\n|faint|p1a: Rotom\n|\n|-weather|RainDance|[upkeep]\n|-damage|p2a: Wo-Chien|48/277 psn|[from] psn\n|upkeep\n|\n|t:|1781409181\n|switch|p1a: Staraptor|Staraptor, L79, F|195/263\n|turn|14\n|\n|t:|1781409186\n|move|p1a: Staraptor|Quick Attack|p2a: Wo-Chien\n|-damage|p2a: Wo-Chien|0 fnt\n|faint|p2a: Wo-Chien\n|\n|-weather|none\n|upkeep\n|\n|t:|1781409192\n|switch|p2a: Kyogre|Kyogre, L71|227/259 psn\n|-weather|RainDance|[from] ability: Drizzle|[of] p2a: Kyogre\n|turn|15\n|\n|t:|1781409197\n|move|p1a: Staraptor|Quick Attack|p2a: Kyogre\n|-damage|p2a: Kyogre|143/259 psn\n|move|p2a: Kyogre|Origin Pulse|p1a: Staraptor|[miss]\n|-miss|p2a: Kyogre|p1a: Staraptor\n|\n|-weather|RainDance|[upkeep]\n|-damage|p2a: Kyogre|111/259 psn|[from] psn\n|upkeep\n|turn|16\n|\n|t:|1781409205\n|switch|p1a: Archaludon|Archaludon, L78, F|268/268\n|move|p2a: Kyogre|Origin Pulse|p1a: Archaludon|[miss]\n|-miss|p2a: Kyogre|p1a: Archaludon\n|\n|-weather|RainDance|[upkeep]\n|-damage|p2a: Kyogre|79/259 psn|[from] psn\n|upkeep\n|turn|17\n|c|\u2606itsbaloney|lolol\n|\n|t:|1781409217\n|switch|p2a: Rabsca|Rabsca, L91, M|284/284\n|move|p1a: Archaludon|Stealth Rock|p2a: Rabsca\n|-sidestart|p2: itsbaloney|move: Stealth Rock\n|\n|-weather|RainDance|[upkeep]\n|upkeep\n|turn|18\n|\n|t:|1781409225\n|move|p1a: Archaludon|Flash Cannon|p2a: Rabsca\n|-damage|p2a: Rabsca|200/284\n|move|p2a: Rabsca|Revival Blessing|p2a: Rabsca\n|\n|t:|1781409233\n|-heal|p2: Wo-Chien|138/277|[from] move: Revival Blessing\n|\n|-weather|RainDance|[upkeep]\n|upkeep\n|turn|19\n|\n|t:|1781409243\n|switch|p2a: Drifblim|Drifblim, L86, M|398/398\n|move|p1a: Archaludon|Draco Meteor|p2a: Drifblim|[miss]\n|-miss|p1a: Archaludon|p2a: Drifblim\n|\n|-weather|none\n|upkeep\n|turn|20\n|\n|t:|1781409249\n|switch|p1a: Staraptor|Staraptor, L79, F|195/263\n|move|p2a: Drifblim|Defog|p1a: Staraptor\n|-unboost|p1a: Staraptor|evasion|1\n|-sideend|p2: itsbaloney|Toxic Spikes|[from] move: Defog|[of] p2a: Drifblim\n|-sideend|p2: itsbaloney|Stealth Rock|[from] move: Defog|[of] p2a: Drifblim\n|\n|upkeep\n|turn|21\n|\n|t:|1781409254\n|move|p1a: Staraptor|Brave Bird|p2a: Drifblim\n|-damage|p2a: Drifblim|4/398\n|-damage|p1a: Staraptor|65/263|[from] Recoil\n|move|p2a: Drifblim|Strength Sap|p1a: Staraptor\n|-unboost|p1a: Staraptor|atk|1\n|-heal|p2a: Drifblim|239/398\n|\n|upkeep\n|turn|22\n|\n|t:|1781409261\n|move|p1a: Staraptor|Brave Bird|p2a: Drifblim\n|-damage|p2a: Drifblim|4/398\n|-damage|p1a: Staraptor|0 fnt|[from] Recoil\n|faint|p1a: Staraptor\n|move|p2a: Drifblim|Air Slash|p1: Staraptor|[notarget]\n|-fail|p2a: Drifblim\n|\n|upkeep\n|\n|t:|1781409268\n|switch|p1a: Passimian|Passimian, L83, F|302/302\n|turn|23\n|\n|t:|1781409271\n|move|p2a: Drifblim|Air Slash|p1a: Passimian\n|-supereffective|p1a: Passimian\n|-damage|p1a: Passimian|90/302\n|cant|p1a: Passimian|flinch\n|\n|-heal|p1a: Passimian|108/302|[from] item: Leftovers\n|upkeep\n|turn|24\n|\n|t:|1781409274\n|move|p2a: Drifblim|Air Slash|p1a: Passimian\n|-supereffective|p1a: Passimian\n|-damage|p1a: Passimian|0 fnt\n|faint|p1a: Passimian\n|\n|upkeep\n|\n|t:|1781409276\n|switch|p1a: Archaludon|Archaludon, L78, F|268/268\n|turn|25\n|\n|t:|1781409282\n|move|p2a: Drifblim|Strength Sap|p1a: Archaludon\n|-unboost|p1a: Archaludon|atk|1\n|-heal|p2a: Drifblim|172/398\n|move|p1a: Archaludon|Stealth Rock|p2a: Drifblim\n|-sidestart|p2: itsbaloney|move: Stealth Rock\n|\n|upkeep\n|turn|26\n|\n|t:|1781409286\n|move|p2a: Drifblim|Defog|p1a: Archaludon\n|-unboost|p1a: Archaludon|evasion|1\n|-sideend|p2: itsbaloney|Stealth Rock|[from] move: Defog|[of] p2a: Drifblim\n|move|p1a: Archaludon|Flash Cannon|p2a: Drifblim\n|-damage|p2a: Drifblim|49/398\n|\n|upkeep\n|turn|27\n|\n|t:|1781409290\n|switch|p2a: Wo-Chien|Wo-Chien, L83|138/277\n|-ability|p2a: Wo-Chien|Tablets of Ruin\n|move|p1a: Archaludon|Stealth Rock|p2a: Wo-Chien\n|-sidestart|p2: itsbaloney|move: Stealth Rock\n|\n|upkeep\n|turn|28\n|\n|t:|1781409292\n|move|p1a: Archaludon|Body Press|p2a: Wo-Chien\n|-supereffective|p2a: Wo-Chien\n|-damage|p2a: Wo-Chien|48/277\n|move|p2a: Wo-Chien|Leech Seed|p1a: Archaludon\n|-start|p1a: Archaludon|move: Leech Seed\n|\n|-damage|p1a: Archaludon|235/268|[from] Leech Seed|[of] p2a: Wo-Chien\n|-heal|p2a: Wo-Chien|81/277|[silent]\n|upkeep\n|turn|29\n|\n|t:|1781409296\n|switch|p1a: Eiscue|Eiscue, L88, M|274/274\n|move|p2a: Wo-Chien|Protect||[still]\n|-fail|p2a: Wo-Chien\n|\n|upkeep\n|turn|30\n|\n|t:|1781409305\n|move|p2a: Wo-Chien|Giga Drain|p1a: Eiscue\n|-damage|p1a: Eiscue|196/274\n|-heal|p2a: Wo-Chien|120/277|[from] drain|[of] p1a: Eiscue\n|move|p1a: Eiscue|Belly Drum|p1a: Eiscue\n|-damage|p1a: Eiscue|59/274\n|-setboost|p1a: Eiscue|atk|6|[from] move: Belly Drum\n|-enditem|p1a: Eiscue|Sitrus Berry|[eat]\n|-heal|p1a: Eiscue|127/274|[from] item: Sitrus Berry\n|\n|upkeep\n|turn|31\n|\n|t:|1781409312\n|move|p2a: Wo-Chien|Protect|p2a: Wo-Chien\n|-singleturn|p2a: Wo-Chien|Protect\n|move|p1a: Eiscue|Ice Spinner|p2a: Wo-Chien\n|-activate|p2a: Wo-Chien|move: Protect\n|\n|upkeep\n|turn|32\n|\n|t:|1781409314\n|move|p2a: Wo-Chien|Giga Drain|p1a: Eiscue\n|-damage|p1a: Eiscue|57/274\n|-heal|p2a: Wo-Chien|155/277|[from] drain|[of] p1a: Eiscue\n|move|p1a: Eiscue|Ice Spinner|p2a: Wo-Chien\n|-supereffective|p2a: Wo-Chien\n|-damage|p2a: Wo-Chien|0 fnt\n|faint|p2a: Wo-Chien\n|\n|upkeep\n|\n|t:|1781409318\n|switch|p2a: Espathra|Espathra, L80, F|283/283\n|-damage|p2a: Espathra|248/283|[from] Stealth Rock\n|turn|33\n|\n|t:|1781409321\n|move|p2a: Espathra|Lumina Crash|p1a: Eiscue\n|-damage|p1a: Eiscue|0 fnt\n|faint|p1a: Eiscue\n|\n|-ability|p2a: Espathra|Speed Boost|boost\n|-boost|p2a: Espathra|spe|1\n|upkeep\n|\n|t:|1781409323\n|switch|p1a: Archaludon|Archaludon, L78, F|235/268\n|turn|34\n|\n|t:|1781409336\n|move|p2a: Espathra|Lumina Crash|p1a: Archaludon\n|-resisted|p1a: Archaludon\n|-damage|p1a: Archaludon|159/268\n|-unboost|p1a: Archaludon|spd|2\n|-ability|p1a: Archaludon|Stamina|boost\n|-boost|p1a: Archaludon|def|1\n|move|p1a: Archaludon|Flash Cannon|p2a: Espathra\n|-damage|p2a: Espathra|125/283\n|\n|-heal|p1a: Archaludon|175/268|[from] item: Leftovers\n|-ability|p2a: Espathra|Speed Boost|boost\n|-boost|p2a: Espathra|spe|1\n|upkeep\n|turn|35\n|\n|t:|1781409340\n|-terastallize|p2a: Espathra|Psychic\n|move|p2a: Espathra|Lumina Crash|p1a: Archaludon\n|-resisted|p1a: Archaludon\n|-damage|p1a: Archaludon|0 fnt\n|faint|p1a: Archaludon\n|\n|win|itsbaloney\n", "uploadtime": 1781409071, "views": 4, "formatid": "gen9randombattle", "rating": null, "private": 0, "password": null}