{"id": "gen9randombattle-2631847718", "format": "[Gen 9] Random Battle", "players": ["coolguyinasuit", "Micael Lopes"], "log": "|j|\u2606coolguyinasuit\n|j|\u2606Micael Lopes\n|t:|1781447690\n|gametype|singles\n|player|p1|coolguyinasuit|colress|1711\n|player|p2|Micael Lopes|benga|1661\n|gen|9\n|tier|[Gen 9] Random Battle\n|rated|\n|rule|Species Clause: Limit one of each Pok\u00e9mon\n|rule|HP Percentage Mod: HP is shown in percentages\n|rule|Sleep Clause Mod: Limit one foe put to sleep\n|rule|Illusion Level Mod: Illusion disguises the Pok\u00e9mon's true level\n|\n|t:|1781447690\n|teamsize|p1|6\n|teamsize|p2|6\n|start\n|switch|p1a: Rampardos|Rampardos, L90, F|321/321\n|switch|p2a: Floatzel|Floatzel, L86, F|286/286\n|turn|1\n|inactive|Battle timer is ON: inactive players will automatically lose when time's up. (requested by Micael Lopes)\n|\n|t:|1781447700\n|switch|p1a: Chesnaught|Chesnaught, L84, F|285/285\n|move|p2a: Floatzel|Flip Turn|p1a: Chesnaught\n|-resisted|p1a: Chesnaught\n|-damage|p1a: Chesnaught|242/285\n|-damage|p2a: Floatzel|239/286|[from] item: Rocky Helmet|[of] p1a: Chesnaught\n|\n|t:|1781447709\n|switch|p2a: Ambipom|Ambipom, L84, F|263/263|[from] Flip Turn\n|\n|upkeep\n|turn|2\n|\n|t:|1781447717\n|move|p2a: Ambipom|Knock Off|p1a: Chesnaught\n|-resisted|p1a: Chesnaught\n|-damage|p1a: Chesnaught|203/285\n|-damage|p2a: Ambipom|220/263|[from] item: Rocky Helmet|[of] p1a: Chesnaught\n|-enditem|p1a: Chesnaught|Rocky Helmet|[from] move: Knock Off|[of] p2a: Ambipom\n|move|p1a: Chesnaught|Synthesis|p1a: Chesnaught\n|-heal|p1a: Chesnaught|285/285\n|\n|upkeep\n|turn|3\n|inactive|Micael Lopes has 120 seconds left.\n|\n|t:|1781447748\n|switch|p2a: Toxtricity|Toxtricity, L82, M|257/257\n|move|p1a: Chesnaught|Body Press|p2a: Toxtricity\n|-resisted|p2a: Toxtricity\n|-damage|p2a: Toxtricity|195/257\n|\n|upkeep\n|turn|4\n|inactive|coolguyinasuit has 120 seconds left.\n|\n|t:|1781447784\n|switch|p1a: Tentacruel|Tentacruel, L84, F|272/272\n|move|p2a: Toxtricity|Volt Switch|p1a: Tentacruel\n|-supereffective|p1a: Tentacruel\n|-damage|p1a: Tentacruel|150/272\n|\n|t:|1781447790\n|switch|p2a: Ambipom|Ambipom, L84, F|220/263|[from] Volt Switch\n|\n|upkeep\n|turn|5\n|\n|t:|1781447795\n|switch|p1a: Chesnaught|Chesnaught, L84, F|285/285\n|move|p2a: Ambipom|Double-Edge|p1a: Chesnaught\n|-damage|p1a: Chesnaught|137/285\n|-damage|p2a: Ambipom|171/263|[from] Recoil\n|\n|upkeep\n|turn|6\n|\n|t:|1781447802\n|move|p2a: Ambipom|Double-Edge|p1a: Chesnaught\n|-damage|p1a: Chesnaught|0 fnt\n|faint|p1a: Chesnaught\n|-damage|p2a: Ambipom|126/263|[from] Recoil\n|\n|upkeep\n|\n|t:|1781447810\n|switch|p1a: Rampardos|Rampardos, L90, F|321/321\n|turn|7\n|\n|t:|1781447819\n|switch|p2a: Okidogi|Okidogi, L77, M|262/262\n|move|p1a: Rampardos|Rock Slide|p2a: Okidogi\n|-resisted|p2a: Okidogi\n|-damage|p2a: Okidogi|158/262\n|\n|upkeep\n|turn|8\n|\n|t:|1781447828\n|switch|p1a: Tentacruel|Tentacruel, L84, F|150/272\n|move|p2a: Okidogi|Knock Off|p1a: Tentacruel\n|-damage|p1a: Tentacruel|67/272\n|-enditem|p1a: Tentacruel|Assault Vest|[from] move: Knock Off|[of] p2a: Okidogi\n|\n|upkeep\n|turn|9\n|\n|t:|1781447834\n|move|p1a: Tentacruel|Surf|p2a: Okidogi\n|-damage|p2a: Okidogi|101/262\n|move|p2a: Okidogi|High Horsepower|p1a: Tentacruel\n|-supereffective|p1a: Tentacruel\n|-damage|p1a: Tentacruel|0 fnt\n|faint|p1a: Tentacruel\n|\n|upkeep\n|\n|t:|1781447845\n|switch|p1a: Meowstic|Meowstic-F, L89, F|277/277\n|turn|10\n|\n|t:|1781447852\n|-terastallize|p2a: Okidogi|Dark\n|move|p1a: Meowstic|Psychic|p2a: Okidogi\n|-immune|p2a: Okidogi\n|move|p2a: Okidogi|Knock Off|p1a: Meowstic\n|-supereffective|p1a: Meowstic\n|-damage|p1a: Meowstic|47/277\n|-status|p1a: Meowstic|tox|[from] ability: Toxic Chain|[of] p2a: Okidogi\n|-enditem|p1a: Meowstic|Life Orb|[from] move: Knock Off|[of] p2a: Okidogi\n|\n|-damage|p1a: Meowstic|30/277 tox|[from] psn\n|upkeep\n|turn|11\n|\n|t:|1781447860\n|switch|p2a: Toxtricity|Toxtricity, L82, M|195/257\n|move|p1a: Meowstic|Alluring Voice|p2a: Toxtricity\n|-resisted|p2a: Toxtricity\n|-damage|p2a: Toxtricity|178/257\n|\n|-damage|p1a: Meowstic|0 fnt|[from] psn\n|faint|p1a: Meowstic\n|upkeep\n|-message|coolguyinasuit forfeited.\n|\n|win|Micael Lopes\n|raw|coolguyinasuit's rating: 1711 &rarr; <strong>1688</strong><br />(-23 for losing)\n|raw|Micael Lopes's rating: 1661 &rarr; <strong>1684</strong><br />(+23 for winning)\n|l|\u2606coolguyinasuit\n|player|p1|\n|c|\u2606Micael Lopes|**__Sexy game.__**\n", "inputlog": ">version a8376a258c1d4662feba110a92103f3664a72141\n>start {\"formatid\":\"gen9randombattle\",\"seed\":\"sodium,3fb7d1a9b87068b225c673989e3b8300\",\"rated\":\"Rated battle\"}\n>player p1 {\"name\":\"coolguyinasuit\",\"avatar\":\"colress\",\"rating\":1711,\"seed\":\"sodium,2f214ac8175e60dbe4de90dc4c48df39\"}\n>player p2 {\"name\":\"Micael Lopes\",\"avatar\":\"benga\",\"rating\":1661,\"seed\":\"sodium,15acf92a742220900a3c80fd1b63864d\"}\n>p1 switch 3\n>p2 move flipturn\n>p2 switch 6\n>p1 move synthesis\n>p2 move knockoff\n>p1 move bodypress\n>p2 switch 3\n>p1 switch 4\n>p2 move voltswitch\n>p2 switch 3\n>p1 switch 4\n>p2 move doubleedge\n>p1 move bodypress\n>p2 move doubleedge\n>p1 switch 3\n>p1 move rockslide\n>p2 switch 5\n>p1 switch 4\n>p2 move knockoff\n>p1 move surf\n>p2 move highhorsepower\n>p1 switch 5\n>p1 move psychic\n>p2 move knockoff terastallize\n>p1 move alluringvoice\n>p2 switch 3\n>forcelose p1", "uploadtime": 1781447916, "views": 4, "formatid": "gen9randombattle", "rating": 1684, "private": 0, "password": null}