{"id": "gen9randombattle-2631904515", "format": "[Gen 9] Random Battle", "players": ["Circz", "symitry"], "log": "|j|\u2606Circz\n|j|\u2606symitry\n|t:|1781454038\n|gametype|singles\n|player|p1|Circz|dawn|1920\n|player|p2|symitry|102|1920\n|gen|9\n|tier|[Gen 9] Random Battle\n|rated|\n|rule|Species Clause: Limit one of each Pok\u00e9mon\n|rule|HP Percentage Mod: HP is shown in percentages\n|rule|Sleep Clause Mod: Limit one foe put to sleep\n|rule|Illusion Level Mod: Illusion disguises the Pok\u00e9mon's true level\n|\n|t:|1781454038\n|teamsize|p1|6\n|teamsize|p2|6\n|start\n|switch|p1a: Alomomola|Alomomola, L87, M|429/429\n|switch|p2a: Venomoth|Venomoth, L84, F|255/255\n|turn|1\n|inactive|Battle timer is ON: inactive players will automatically lose when time's up. (requested by Circz)\n|\n|t:|1781454048\n|switch|p1a: Komala|Komala, L88, F|258/258\n|-ability|p1a: Komala|Comatose\n|move|p2a: Venomoth|Sleep Powder|p1a: Komala\n|-immune|p1a: Komala|[from] ability: Comatose\n|\n|upkeep\n|turn|2\n|\n|t:|1781454062\n|switch|p2a: Glalie|Glalie, L96, F|309/309\n|move|p1a: Komala|Knock Off|p2a: Glalie\n|-damage|p2a: Glalie|232/309\n|-enditem|p2a: Glalie|Heavy-Duty Boots|[from] move: Knock Off|[of] p1a: Komala\n|\n|upkeep\n|turn|3\n|\n|t:|1781454073\n|move|p2a: Glalie|Freeze-Dry|p1a: Komala\n|-damage|p1a: Komala|204/258\n|move|p1a: Komala|U-turn|p2a: Glalie\n|-crit|p2a: Glalie\n|-damage|p2a: Glalie|139/309\n|\n|t:|1781454079\n|switch|p1a: Persian|Persian, L92, F|269/269|[from] U-turn\n|\n|upkeep\n|turn|4\n|\n|t:|1781454096\n|move|p1a: Persian|Double-Edge|p2a: Glalie\n|-damage|p2a: Glalie|0 fnt\n|faint|p2a: Glalie\n|-damage|p1a: Persian|223/269|[from] Recoil\n|\n|upkeep\n|\n|t:|1781454099\n|switch|p2a: Falinks|Falinks, L84|246/246\n|turn|5\n|\n|t:|1781454104\n|switch|p1a: Alomomola|Alomomola, L87, M|429/429\n|move|p2a: Falinks|No Retreat|p2a: Falinks\n|-boost|p2a: Falinks|atk|1\n|-boost|p2a: Falinks|def|1\n|-boost|p2a: Falinks|spa|1\n|-boost|p2a: Falinks|spd|1\n|-boost|p2a: Falinks|spe|1\n|-start|p2a: Falinks|move: No Retreat\n|\n|upkeep\n|turn|6\n|\n|t:|1781454118\n|move|p2a: Falinks|Knock Off|p1a: Alomomola\n|-damage|p1a: Alomomola|287/429\n|-enditem|p1a: Alomomola|Leftovers|[from] move: Knock Off|[of] p2a: Falinks\n|-damage|p2a: Falinks|222/246|[from] item: Life Orb\n|move|p1a: Alomomola|Scald|p2a: Falinks\n|-damage|p2a: Falinks|176/246\n|-status|p2a: Falinks|brn\n|\n|-damage|p2a: Falinks|161/246 brn|[from] brn\n|upkeep\n|turn|7\n|\n|t:|1781454123\n|move|p2a: Falinks|Close Combat|p1a: Alomomola\n|-damage|p1a: Alomomola|157/429\n|-unboost|p2a: Falinks|def|1\n|-unboost|p2a: Falinks|spd|1\n|-damage|p2a: Falinks|137/246 brn|[from] item: Life Orb\n|move|p1a: Alomomola|Wish|p1a: Alomomola\n|\n|-damage|p2a: Falinks|122/246 brn|[from] brn\n|upkeep\n|turn|8\n|\n|t:|1781454140\n|move|p1a: Alomomola|Protect|p1a: Alomomola\n|-singleturn|p1a: Alomomola|Protect\n|move|p2a: Falinks|Knock Off|p1a: Alomomola\n|-activate|p1a: Alomomola|move: Protect\n|\n|-heal|p1a: Alomomola|371/429|[from] move: Wish|[wisher] Alomomola\n|-damage|p2a: Falinks|107/246 brn|[from] brn\n|upkeep\n|turn|9\n|\n|t:|1781454143\n|move|p2a: Falinks|Close Combat|p1a: Alomomola\n|-damage|p1a: Alomomola|250/429\n|-unboost|p2a: Falinks|def|1\n|-unboost|p2a: Falinks|spd|1\n|-damage|p2a: Falinks|83/246 brn|[from] item: Life Orb\n|move|p1a: Alomomola|Wish|p1a: Alomomola\n|\n|-damage|p2a: Falinks|68/246 brn|[from] brn\n|upkeep\n|turn|10\n|\n|t:|1781454150\n|move|p2a: Falinks|Close Combat|p1a: Alomomola\n|-damage|p1a: Alomomola|127/429\n|-unboost|p2a: Falinks|def|1\n|-unboost|p2a: Falinks|spd|1\n|-damage|p2a: Falinks|44/246 brn|[from] item: Life Orb\n|move|p1a: Alomomola|Scald|p2a: Falinks\n|-damage|p2a: Falinks|0 fnt\n|faint|p2a: Falinks\n|\n|-heal|p1a: Alomomola|341/429|[from] move: Wish|[wisher] Alomomola\n|upkeep\n|\n|t:|1781454152\n|switch|p2a: Espathra|Espathra, L80, F|283/283\n|turn|11\n|\n|t:|1781454162\n|move|p2a: Espathra|Substitute|p2a: Espathra\n|-start|p2a: Espathra|Substitute\n|-damage|p2a: Espathra|213/283\n|move|p1a: Alomomola|Flip Turn|p2a: Espathra\n|-end|p2a: Espathra|Substitute\n|\n|t:|1781454167\n|switch|p1a: Komala|Komala, L88, F|204/258|[from] Flip Turn\n|-ability|p1a: Komala|Comatose\n|\n|-heal|p2a: Espathra|230/283|[from] item: Leftovers\n|-ability|p2a: Espathra|Speed Boost|boost\n|-boost|p2a: Espathra|spe|1\n|upkeep\n|turn|12\n|\n|t:|1781454171\n|switch|p2a: Necrozma|Necrozma-Dusk-Mane, L69|248/248\n|move|p1a: Komala|Body Slam|p2a: Necrozma\n|-resisted|p2a: Necrozma\n|-damage|p2a: Necrozma|193/248\n|-status|p2a: Necrozma|par\n|\n|upkeep\n|turn|13\n|\n|t:|1781454179\n|move|p1a: Komala|U-turn|p2a: Necrozma\n|-damage|p2a: Necrozma|141/248 par\n|\n|t:|1781454182\n|switch|p1a: Alomomola|Alomomola, L87, M|429/429|[from] U-turn\n|move|p2a: Necrozma|Dragon Dance|p2a: Necrozma\n|-boost|p2a: Necrozma|atk|1\n|-boost|p2a: Necrozma|spe|1\n|\n|upkeep\n|turn|14\n|\n|t:|1781454186\n|move|p1a: Alomomola|Scald|p2a: Necrozma\n|-damage|p2a: Necrozma|93/248 par\n|move|p2a: Necrozma|Morning Sun|p2a: Necrozma\n|-heal|p2a: Necrozma|217/248 par\n|\n|upkeep\n|turn|15\n|\n|t:|1781454189\n|move|p1a: Alomomola|Flip Turn|p2a: Necrozma\n|-damage|p2a: Necrozma|169/248 par\n|\n|t:|1781454194\n|switch|p1a: Persian|Persian, L92, F|223/269|[from] Flip Turn\n|move|p2a: Necrozma|Dragon Dance|p2a: Necrozma\n|-boost|p2a: Necrozma|atk|1\n|-boost|p2a: Necrozma|spe|1\n|\n|upkeep\n|turn|16\n|\n|t:|1781454201\n|move|p1a: Persian|Switcheroo|p2a: Necrozma\n|-activate|p1a: Persian|move: Trick|[of] p2a: Necrozma\n|-item|p2a: Necrozma|Choice Band|[from] move: Switcheroo\n|-item|p1a: Persian|Weakness Policy|[from] move: Switcheroo\n|move|p2a: Necrozma|Sunsteel Strike|p1a: Persian\n|-damage|p1a: Persian|0 fnt\n|faint|p1a: Persian\n|\n|upkeep\n|\n|t:|1781454208\n|switch|p1a: Rotom|Rotom-Wash, L82|216/216\n|turn|17\n|\n|t:|1781454211\n|move|p1a: Rotom|Nasty Plot|p1a: Rotom\n|-boost|p1a: Rotom|spa|2\n|move|p2a: Necrozma|Sunsteel Strike|p1a: Rotom\n|-resisted|p1a: Rotom\n|-damage|p1a: Rotom|141/216\n|\n|-heal|p1a: Rotom|154/216|[from] item: Leftovers\n|upkeep\n|turn|18\n|\n|t:|1781454213\n|move|p1a: Rotom|Thunderbolt|p2a: Necrozma\n|-damage|p2a: Necrozma|0 fnt\n|faint|p2a: Necrozma\n|\n|-heal|p1a: Rotom|167/216|[from] item: Leftovers\n|upkeep\n|\n|t:|1781454218\n|switch|p2a: Venomoth|Venomoth, L84, F|255/255\n|turn|19\n|\n|t:|1781454221\n|move|p2a: Venomoth|Sleep Powder|p1a: Rotom|[miss]\n|-miss|p2a: Venomoth|p1a: Rotom\n|move|p1a: Rotom|Thunderbolt|p2a: Venomoth\n|-damage|p2a: Venomoth|54/255\n|\n|-heal|p1a: Rotom|180/216|[from] item: Leftovers\n|upkeep\n|turn|20\n|\n|t:|1781454225\n|switch|p1a: Komala|Komala, L88, F|204/258\n|-ability|p1a: Komala|Comatose\n|move|p2a: Venomoth|Sleep Powder|p1a: Komala|[miss]\n|-miss|p2a: Venomoth|p1a: Komala\n|\n|upkeep\n|turn|21\n|\n|t:|1781454228\n|move|p2a: Venomoth|Sludge Wave|p1a: Komala\n|-damage|p1a: Komala|146/258\n|move|p1a: Komala|Rapid Spin|p2a: Venomoth\n|-damage|p2a: Venomoth|0 fnt\n|-boost|p1a: Komala|spe|1\n|faint|p2a: Venomoth\n|\n|upkeep\n|\n|t:|1781454232\n|switch|p2a: Sneasler|Sneasler, L74, M|240/240\n|turn|22\n|\n|t:|1781454241\n|-terastallize|p1a: Komala|Ghost\n|move|p1a: Komala|Body Slam|p2a: Sneasler\n|-damage|p2a: Sneasler|84/240\n|move|p2a: Sneasler|Close Combat|p1a: Komala\n|-immune|p1a: Komala\n|\n|upkeep\n|turn|23\n|\n|t:|1781454245\n|move|p1a: Komala|Body Slam|p2a: Sneasler\n|-damage|p2a: Sneasler|0 fnt\n|faint|p2a: Sneasler\n|\n|upkeep\n|\n|t:|1781454247\n|switch|p2a: Espathra|Espathra, L80, F|230/283\n|turn|24\n|\n|t:|1781454251\n|move|p1a: Komala|Body Slam|p2a: Espathra\n|-damage|p2a: Espathra|65/283\n|move|p2a: Espathra|Calm Mind|p2a: Espathra\n|-boost|p2a: Espathra|spa|1\n|-boost|p2a: Espathra|spd|1\n|\n|-heal|p2a: Espathra|82/283|[from] item: Leftovers\n|-ability|p2a: Espathra|Speed Boost|boost\n|-boost|p2a: Espathra|spe|1\n|upkeep\n|turn|25\n|\n|t:|1781454257\n|move|p2a: Espathra|Substitute|p2a: Espathra\n|-start|p2a: Espathra|Substitute\n|-damage|p2a: Espathra|12/283\n|move|p1a: Komala|Body Slam|p2a: Espathra\n|-end|p2a: Espathra|Substitute\n|\n|-heal|p2a: Espathra|29/283|[from] item: Leftovers\n|-ability|p2a: Espathra|Speed Boost|boost\n|-boost|p2a: Espathra|spe|1\n|upkeep\n|turn|26\n|\n|t:|1781454260\n|move|p2a: Espathra|Stored Power|p1a: Komala\n|-damage|p1a: Komala|62/258\n|move|p1a: Komala|Body Slam|p2a: Espathra\n|-damage|p2a: Espathra|0 fnt\n|faint|p2a: Espathra\n|\n|win|Circz\n", "inputlog": ">version a8376a258c1d4662feba110a92103f3664a72141\n>start {\"formatid\":\"gen9randombattle\",\"seed\":\"sodium,0a9bc98b76aaa8ec8c678864c4c1488c\",\"rated\":\"Rated battle\"}\n>player p1 {\"name\":\"Circz\",\"avatar\":\"dawn\",\"rating\":1920,\"seed\":\"sodium,af34ee4592ffdf9bb45f8cd52868a57a\"}\n>player p2 {\"name\":\"symitry\",\"avatar\":\"102\",\"rating\":1920,\"seed\":\"sodium,519bb5530bbfc7c5e9acdd49ef8f754e\"}\n>p1 switch 6\n>p2 move sleeppowder\n>p1 move knockoff\n>p2 switch 2\n>p1 move uturn\n>p2 move freezedry\n>p1 switch 3\n>p1 move doubleedge\n>p2 move spikes\n>p2 switch 6\n>p1 switch 6\n>p2 move noretreat\n>p1 move scald\n>p2 move knockoff\n>p1 move wish\n>p2 move closecombat\n>p1 move protect\n>p2 move knockoff\n>p1 move wish\n>p2 move closecombat\n>p1 move scald\n>p2 move closecombat\n>p2 switch 4\n>p1 move flipturn\n>p2 move substitute\n>p1 switch 3\n>p1 move bodyslam\n>p2 switch 5\n>p1 move uturn\n>p2 move dragondance\n>p1 switch 3\n>p1 move scald\n>p2 move morningsun\n>p1 move flipturn\n>p2 move dragondance\n>p1 switch 6\n>p1 move switcheroo\n>p2 move sunsteelstrike\n>p1 switch 5\n>p1 move nastyplot\n>p2 move sunsteelstrike\n>p1 move thunderbolt\n>p2 move sunsteelstrike\n>p2 switch 2\n>p1 move thunderbolt\n>p2 move sleeppowder\n>p1 switch 3\n>p2 move sleeppowder\n>p1 move rapidspin\n>p2 move sludgewave\n>p2 switch 3\n>p1 move bodyslam terastallize\n>p2 move closecombat\n>p1 move bodyslam\n>p2 move direclaw\n>p2 switch 5\n>p1 move bodyslam\n>p2 move calmmind\n>p1 move bodyslam\n>p2 move substitute\n>p1 move bodyslam\n>p2 move storedpower", "uploadtime": 1781454040, "views": 5, "formatid": "gen9randombattle", "rating": null, "private": 0, "password": null}