{"id": "gen9randombattle-2631839631", "format": "[Gen 9] Random Battle", "players": ["slimeygang", "Higgelhiggel"], "log": "|j|\u2606slimeygang\n|j|\u2606Higgelhiggel\n|t:|1781446704\n|gametype|singles\n|player|p1|slimeygang|#orascliizekroms|2081\n|player|p2|Higgelhiggel|1|2140\n|gen|9\n|tier|[Gen 9] Random Battle\n|rated|\n|rule|Species Clause: Limit one of each Pok\u00e9mon\n|rule|HP Percentage Mod: HP is shown in percentages\n|rule|Sleep Clause Mod: Limit one foe put to sleep\n|rule|Illusion Level Mod: Illusion disguises the Pok\u00e9mon's true level\n|\n|t:|1781446704\n|teamsize|p1|6\n|teamsize|p2|6\n|start\n|switch|p1a: Iron Thorns|Iron Thorns, L83|302/302\n|switch|p2a: Yanmega|Yanmega, L82, M|275/275\n|-item|p1a: Iron Thorns|Air Balloon\n|turn|1\n|inactive|Battle timer is ON: inactive players will automatically lose when time's up. (requested by Higgelhiggel)\n|\n|t:|1781446720\n|move|p2a: Yanmega|U-turn|p1a: Iron Thorns\n|-damage|p1a: Iron Thorns|254/302\n|-enditem|p1a: Iron Thorns|Air Balloon\n|\n|t:|1781446724\n|switch|p2a: Bronzong|Bronzong, L88|261/261|[from] U-turn\n|move|p1a: Iron Thorns|Stealth Rock|p2a: Bronzong\n|-sidestart|p2: Higgelhiggel|move: Stealth Rock\n|\n|upkeep\n|turn|2\n|\n|t:|1781446746\n|move|p1a: Iron Thorns|Wild Charge|p2a: Bronzong\n|-damage|p2a: Bronzong|164/261\n|-damage|p1a: Iron Thorns|230/302|[from] Recoil\n|move|p2a: Bronzong|Stealth Rock|p1a: Iron Thorns\n|-sidestart|p1: slimeygang|move: Stealth Rock\n|\n|-heal|p2a: Bronzong|180/261|[from] item: Leftovers\n|upkeep\n|turn|3\n|\n|t:|1781446748\n|move|p1a: Iron Thorns|Wild Charge|p2a: Bronzong\n|-damage|p2a: Bronzong|80/261\n|-damage|p1a: Iron Thorns|205/302|[from] Recoil\n|move|p2a: Bronzong|Earthquake|p1a: Iron Thorns\n|-supereffective|p1a: Iron Thorns\n|-crit|p1a: Iron Thorns\n|-damage|p1a: Iron Thorns|0 fnt\n|faint|p1a: Iron Thorns\n|-end|p1a: Iron Thorns|Quark Drive|[silent]\n|\n|-heal|p2a: Bronzong|96/261|[from] item: Leftovers\n|upkeep\n|\n|t:|1781446758\n|switch|p1a: Hydrapple|Hydrapple, L83, M|312/312\n|-damage|p1a: Hydrapple|273/312|[from] Stealth Rock\n|turn|4\n|\n|t:|1781446764\n|move|p1a: Hydrapple|Fickle Beam|p2a: Bronzong\n|-resisted|p2a: Bronzong\n|-damage|p2a: Bronzong|40/261\n|move|p2a: Bronzong|Psychic Noise|p1a: Hydrapple\n|-damage|p1a: Hydrapple|191/312\n|-start|p1a: Hydrapple|move: Heal Block\n|\n|-heal|p2a: Bronzong|56/261|[from] item: Leftovers\n|upkeep\n|turn|5\n|\n|t:|1781446770\n|move|p1a: Hydrapple|Fickle Beam|p2a: Bronzong|[anim] Fickle Beam All Out\n|-activate|p1a: Hydrapple|move: Fickle Beam\n|-resisted|p2a: Bronzong\n|-damage|p2a: Bronzong|0 fnt\n|faint|p2a: Bronzong\n|\n|-end|p1a: Hydrapple|move: Heal Block\n|upkeep\n|\n|t:|1781446777\n|switch|p2a: Heracross|Heracross, L80, M|259/259\n|-damage|p2a: Heracross|227/259|[from] Stealth Rock\n|turn|6\n|inactive|slimeygang has 120 seconds left.\n|\n|t:|1781446810\n|switch|p1a: Weezing|Weezing-Galar, L86, M|252/252\n|-damage|p1a: Weezing|221/252|[from] Stealth Rock\n|move|p2a: Heracross|Megahorn|p1a: Weezing\n|-resisted|p1a: Weezing\n|-damage|p1a: Weezing|178/252\n|\n|-heal|p1a: Weezing|193/252|[from] item: Leftovers\n|upkeep\n|turn|7\n|\n|t:|1781446820\n|switch|p2a: Keldeo|Keldeo-Resolute, L79|273/273\n|-damage|p2a: Keldeo|256/273|[from] Stealth Rock\n|move|p1a: Weezing|Strange Steam|p2a: Keldeo\n|-supereffective|p2a: Keldeo\n|-damage|p2a: Keldeo|58/273\n|\n|-heal|p2a: Keldeo|75/273|[from] item: Leftovers\n|-heal|p1a: Weezing|208/252|[from] item: Leftovers\n|upkeep\n|turn|8\n|\n|t:|1781446835\n|switch|p1a: Hydrapple|Hydrapple, L83, M|295/312\n|-damage|p1a: Hydrapple|256/312|[from] Stealth Rock\n|move|p2a: Keldeo|Surf|p1a: Hydrapple\n|-resisted|p1a: Hydrapple\n|-damage|p1a: Hydrapple|228/312\n|\n|-heal|p2a: Keldeo|92/273|[from] item: Leftovers\n|upkeep\n|turn|9\n|\n|t:|1781446843\n|move|p2a: Keldeo|Secret Sword|p1a: Hydrapple\n|-damage|p1a: Hydrapple|143/312\n|move|p1a: Hydrapple|Fickle Beam|p2a: Keldeo|[anim] Fickle Beam All Out\n|-activate|p1a: Hydrapple|move: Fickle Beam\n|-damage|p2a: Keldeo|0 fnt\n|faint|p2a: Keldeo\n|\n|upkeep\n|\n|t:|1781446849\n|switch|p2a: Yanmega|Yanmega, L82, M|275/275\n|-damage|p2a: Yanmega|138/275|[from] Stealth Rock\n|turn|10\n|\n|t:|1781446856\n|switch|p1a: Glalie|Glalie, L96, M|309/309\n|move|p2a: Yanmega|Air Slash|p1a: Glalie\n|-damage|p1a: Glalie|195/309\n|\n|upkeep\n|turn|11\n|\n|t:|1781446862\n|move|p1a: Glalie|Freeze-Dry|p2a: Yanmega\n|-supereffective|p2a: Yanmega\n|-damage|p2a: Yanmega|0 fnt\n|faint|p2a: Yanmega\n|\n|upkeep\n|\n|t:|1781446864\n|switch|p2a: Carbink|Carbink, L90|236/236\n|-damage|p2a: Carbink|207/236|[from] Stealth Rock\n|turn|12\n|\n|t:|1781446867\n|move|p1a: Glalie|Taunt|p2a: Carbink\n|-start|p2a: Carbink|move: Taunt\n|cant|p2a: Carbink|move: Taunt|Iron Defense\n|\n|upkeep\n|turn|13\n|\n|t:|1781446870\n|move|p1a: Glalie|Earthquake|p2a: Carbink\n|-supereffective|p2a: Carbink\n|-damage|p2a: Carbink|115/236\n|move|p2a: Carbink|Body Press|p1a: Glalie\n|-supereffective|p1a: Glalie\n|-damage|p1a: Glalie|17/309\n|\n|upkeep\n|turn|14\n|\n|t:|1781446875\n|move|p1a: Glalie|Earthquake|p2a: Carbink\n|-supereffective|p2a: Carbink\n|-damage|p2a: Carbink|21/236\n|move|p2a: Carbink|Body Press|p1a: Glalie\n|-supereffective|p1a: Glalie\n|-damage|p1a: Glalie|0 fnt\n|faint|p1a: Glalie\n|\n|-end|p2a: Carbink|move: Taunt\n|upkeep\n|\n|t:|1781446881\n|switch|p1a: Gogoat|Gogoat, L88, M|360/360\n|-damage|p1a: Gogoat|315/360|[from] Stealth Rock\n|turn|15\n|\n|t:|1781446885\n|move|p1a: Gogoat|Horn Leech|p2a: Carbink\n|-supereffective|p2a: Carbink\n|-damage|p2a: Carbink|0 fnt\n|-heal|p1a: Gogoat|326/360|[from] drain|[of] p2a: Carbink\n|faint|p2a: Carbink\n|\n|-heal|p1a: Gogoat|348/360|[from] item: Leftovers\n|upkeep\n|\n|t:|1781446887\n|switch|p2a: Heracross|Heracross, L80, M|227/259\n|-damage|p2a: Heracross|195/259|[from] Stealth Rock\n|turn|16\n|\n|t:|1781446900\n|move|p2a: Heracross|Earthquake|p1a: Gogoat\n|-resisted|p1a: Gogoat\n|-damage|p1a: Gogoat|281/360\n|move|p1a: Gogoat|Earthquake|p2a: Heracross\n|-resisted|p2a: Heracross\n|-damage|p2a: Heracross|151/259\n|\n|-heal|p1a: Gogoat|303/360|[from] item: Leftovers\n|upkeep\n|turn|17\n|\n|t:|1781446903\n|move|p2a: Heracross|Earthquake|p1a: Gogoat\n|-resisted|p1a: Gogoat\n|-damage|p1a: Gogoat|235/360\n|move|p1a: Gogoat|Bulk Up|p1a: Gogoat\n|-boost|p1a: Gogoat|atk|1\n|-boost|p1a: Gogoat|def|1\n|\n|-heal|p1a: Gogoat|257/360|[from] item: Leftovers\n|upkeep\n|turn|18\n|\n|t:|1781446906\n|switch|p2a: Kyogre|Kyogre, L71|259/259\n|-damage|p2a: Kyogre|227/259|[from] Stealth Rock\n|-weather|RainDance|[from] ability: Drizzle|[of] p2a: Kyogre\n|move|p1a: Gogoat|Bulk Up|p1a: Gogoat\n|-boost|p1a: Gogoat|atk|1\n|-boost|p1a: Gogoat|def|1\n|\n|-weather|RainDance|[upkeep]\n|-heal|p1a: Gogoat|279/360|[from] item: Leftovers\n|-heal|p2a: Kyogre|243/259|[from] item: Leftovers\n|upkeep\n|turn|19\n|\n|t:|1781446911\n|-terastallize|p1a: Gogoat|Water\n|-terastallize|p2a: Kyogre|Steel\n|move|p1a: Gogoat|Horn Leech|p2a: Kyogre\n|-resisted|p2a: Kyogre\n|-damage|p2a: Kyogre|141/259\n|-heal|p1a: Gogoat|330/360|[from] drain|[of] p2a: Kyogre\n|move|p2a: Kyogre|Ice Beam|p1a: Gogoat\n|-resisted|p1a: Gogoat\n|-damage|p1a: Gogoat|298/360\n|\n|-weather|RainDance|[upkeep]\n|-heal|p1a: Gogoat|320/360|[from] item: Leftovers\n|-heal|p2a: Kyogre|157/259|[from] item: Leftovers\n|upkeep\n|turn|20\n|\n|t:|1781446916\n|move|p1a: Gogoat|Earthquake|p2a: Kyogre\n|-supereffective|p2a: Kyogre\n|-damage|p2a: Kyogre|0 fnt\n|faint|p2a: Kyogre\n|\n|-weather|RainDance|[upkeep]\n|-heal|p1a: Gogoat|342/360|[from] item: Leftovers\n|upkeep\n|\n|t:|1781446919\n|switch|p2a: Heracross|Heracross, L80, M|151/259\n|-damage|p2a: Heracross|119/259|[from] Stealth Rock\n|turn|21\n|\n|t:|1781446924\n|move|p2a: Heracross|Close Combat|p1a: Gogoat\n|-damage|p1a: Gogoat|206/360\n|-unboost|p2a: Heracross|def|1\n|-unboost|p2a: Heracross|spd|1\n|move|p1a: Gogoat|Horn Leech|p2a: Heracross\n|-resisted|p2a: Heracross\n|-damage|p2a: Heracross|0 fnt\n|-heal|p1a: Gogoat|266/360|[from] drain|[of] p2a: Heracross\n|faint|p2a: Heracross\n|\n|win|slimeygang\n", "inputlog": ">version a8376a258c1d4662feba110a92103f3664a72141\n>start {\"formatid\":\"gen9randombattle\",\"seed\":\"sodium,a6bf1b8bbef0211fb5b94cf46dc027f7\",\"rated\":\"Rated battle\"}\n>player p1 {\"name\":\"slimeygang\",\"avatar\":\"#orascliizekroms\",\"rating\":2081,\"seed\":\"sodium,a332d99466fa897b592b17293f03f039\"}\n>player p2 {\"name\":\"Higgelhiggel\",\"avatar\":\"1\",\"rating\":2140,\"seed\":\"sodium,91501349d91a617329227cc4ff1f7164\"}\n>p1 move stealthrock\n>p2 move uturn\n>p2 switch 4\n>p1 move wildcharge\n>p2 move stealthrock\n>p1 move wildcharge\n>p2 move earthquake\n>p1 switch 3\n>p1 move ficklebeam\n>p2 move psychicnoise\n>p1 move ficklebeam\n>p2 move psychicnoise\n>p2 switch 6\n>p1 switch 4\n>p2 move megahorn\n>p1 move strangesteam\n>p2 switch 3\n>p1 switch 4\n>p2 move surf\n>p1 move ficklebeam\n>p2 move secretsword\n>p2 switch 4\n>p1 switch 5\n>p2 move airslash\n>p1 move freezedry\n>p2 move airslash\n>p2 switch 2\n>p1 move taunt\n>p2 move irondefense\n>p1 move earthquake\n>p2 move bodypress\n>p1 move earthquake\n>p2 move bodypress\n>p1 switch 6\n>p1 move hornleech\n>p2 move rest\n>p2 switch 3\n>p1 move earthquake\n>p2 move earthquake\n>p1 move bulkup\n>p2 move earthquake\n>p1 move bulkup\n>p2 switch 5\n>p1 move hornleech terastallize\n>p2 move icebeam terastallize\n>p1 move earthquake\n>p2 move thunder\n>p2 switch 5\n>p1 move hornleech\n>p2 move closecombat", "uploadtime": 1781446706, "views": 5, "formatid": "gen9randombattle", "rating": null, "private": 0, "password": null}