{"id": "gen9randombattle-2631969841", "format": "[Gen 9] Random Battle", "players": ["Undertaker67", "RoLi404"], "log": "|j|\u2606Undertaker67\n|j|\u2606RoLi404\n|t:|1781461171\n|gametype|singles\n|player|p1|Undertaker67|n|1939\n|player|p2|RoLi404|jacinthe|1942\n|gen|9\n|tier|[Gen 9] Random Battle\n|rated|\n|rule|Species Clause: Limit one of each Pok\u00e9mon\n|rule|HP Percentage Mod: HP is shown in percentages\n|rule|Sleep Clause Mod: Limit one foe put to sleep\n|rule|Illusion Level Mod: Illusion disguises the Pok\u00e9mon's true level\n|\n|t:|1781461171\n|teamsize|p1|6\n|teamsize|p2|6\n|start\n|switch|p1a: Bellibolt|Bellibolt, L84, F|320/320\n|switch|p2a: Flareon|Flareon, L90, M|263/263\n|turn|1\n|inactive|Battle timer is ON: inactive players will automatically lose when time's up. (requested by RoLi404)\n|\n|t:|1781461184\n|move|p2a: Flareon|Flare Blitz|p1a: Bellibolt\n|-damage|p1a: Bellibolt|136/320\n|-start|p1a: Bellibolt|Charge|Flare Blitz|[from] ability: Electromorphosis\n|-damage|p2a: Flareon|202/263|[from] Recoil\n|move|p1a: Bellibolt|Muddy Water|p2a: Flareon\n|-supereffective|p2a: Flareon\n|-damage|p2a: Flareon|102/263\n|\n|-heal|p1a: Bellibolt|156/320|[from] item: Leftovers\n|-status|p2a: Flareon|tox|[from] item: Toxic Orb\n|upkeep\n|turn|2\n|\n|t:|1781461200\n|switch|p1a: Vaporeon|Vaporeon, L86, F|364/364\n|move|p2a: Flareon|Facade|p1a: Vaporeon\n|-damage|p1a: Vaporeon|67/364\n|\n|-heal|p1a: Vaporeon|89/364|[from] item: Leftovers\n|-damage|p2a: Flareon|86/263 tox|[from] psn\n|upkeep\n|turn|3\n|\n|t:|1781461208\n|move|p1a: Vaporeon|Protect|p1a: Vaporeon\n|-singleturn|p1a: Vaporeon|Protect\n|move|p2a: Flareon|Trailblaze|p1a: Vaporeon\n|-activate|p1a: Vaporeon|move: Protect\n|\n|-heal|p1a: Vaporeon|111/364|[from] item: Leftovers\n|-damage|p2a: Flareon|54/263 tox|[from] psn\n|upkeep\n|turn|4\n|\n|t:|1781461217\n|switch|p1a: Mightyena|Mightyena, L96, M|290/290\n|-ability|p1a: Mightyena|Intimidate|boost\n|-unboost|p2a: Flareon|atk|1\n|move|p2a: Flareon|Facade|p1a: Mightyena\n|-damage|p1a: Mightyena|150/290\n|\n|-damage|p2a: Flareon|6/263 tox|[from] psn\n|upkeep\n|turn|5\n|\n|t:|1781461222\n|switch|p2a: Skuntank|Skuntank, L84, M|310/310\n|move|p1a: Mightyena|Sucker Punch||[still]\n|-fail|p1a: Mightyena\n|\n|upkeep\n|turn|6\n|\n|t:|1781461231\n|switch|p1a: Eternatus|Eternatus, L69|308/308\n|-ability|p1a: Eternatus|Pressure\n|move|p2a: Skuntank|Toxic Spikes|p1a: Eternatus\n|-sidestart|p1: Undertaker67|move: Toxic Spikes\n|\n|upkeep\n|turn|7\n|\n|t:|1781461236\n|move|p1a: Eternatus|Dynamax Cannon|p2a: Skuntank\n|-damage|p2a: Skuntank|184/310\n|move|p2a: Skuntank|Knock Off|p1a: Eternatus\n|-damage|p1a: Eternatus|162/308\n|-enditem|p1a: Eternatus|Leftovers|[from] move: Knock Off|[of] p2a: Skuntank\n|-damage|p2a: Skuntank|153/310|[from] item: Life Orb\n|\n|upkeep\n|turn|8\n|\n|t:|1781461245\n|switch|p2a: Misdreavus|Misdreavus, L90, M|254/254\n|move|p1a: Eternatus|Recover|p1a: Eternatus\n|-heal|p1a: Eternatus|308/308\n|\n|upkeep\n|turn|9\n|\n|t:|1781461258\n|switch|p1a: Mightyena|Mightyena, L96, M|150/290\n|-status|p1a: Mightyena|psn\n|-ability|p1a: Mightyena|Intimidate|boost\n|-unboost|p2a: Misdreavus|atk|1\n|move|p2a: Misdreavus|Calm Mind|p2a: Misdreavus\n|-boost|p2a: Misdreavus|spa|1\n|-boost|p2a: Misdreavus|spd|1\n|\n|-damage|p1a: Mightyena|114/290 psn|[from] psn\n|upkeep\n|turn|10\n|\n|t:|1781461263\n|move|p1a: Mightyena|Sucker Punch|p2a: Misdreavus\n|-supereffective|p2a: Misdreavus\n|-damage|p2a: Misdreavus|38/254\n|move|p2a: Misdreavus|Draining Kiss|p1a: Mightyena\n|-supereffective|p1a: Mightyena\n|-damage|p1a: Mightyena|0 fnt\n|-heal|p2a: Misdreavus|124/254|[from] drain|[of] p1a: Mightyena\n|faint|p1a: Mightyena\n|\n|upkeep\n|\n|t:|1781461274\n|switch|p1a: Honchkrow|Honchkrow, L86, M|312/312\n|turn|11\n|\n|t:|1781461278\n|move|p1a: Honchkrow|Sucker Punch||[still]\n|-fail|p1a: Honchkrow\n|move|p2a: Misdreavus|Will-O-Wisp|p1a: Honchkrow\n|-status|p1a: Honchkrow|brn\n|\n|-damage|p1a: Honchkrow|293/312 brn|[from] brn\n|upkeep\n|turn|12\n|\n|t:|1781461293\n|switch|p1a: Vaporeon|Vaporeon, L86, F|111/364\n|-status|p1a: Vaporeon|psn\n|move|p2a: Misdreavus|Draining Kiss|p1a: Vaporeon\n|-damage|p1a: Vaporeon|61/364 psn\n|-heal|p2a: Misdreavus|162/254|[from] drain|[of] p1a: Vaporeon\n|\n|-heal|p1a: Vaporeon|83/364 psn|[from] item: Leftovers\n|-damage|p1a: Vaporeon|38/364 psn|[from] psn\n|upkeep\n|turn|13\n|\n|t:|1781461298\n|move|p2a: Misdreavus|Draining Kiss|p1a: Vaporeon\n|-damage|p1a: Vaporeon|0 fnt\n|-heal|p2a: Misdreavus|191/254|[from] drain|[of] p1a: Vaporeon\n|faint|p1a: Vaporeon\n|\n|upkeep\n|\n|t:|1781461304\n|switch|p1a: Chesnaught|Chesnaught, L84, F|285/285\n|-status|p1a: Chesnaught|psn\n|turn|14\n|\n|t:|1781461310\n|move|p2a: Misdreavus|Calm Mind|p2a: Misdreavus\n|-boost|p2a: Misdreavus|spa|1\n|-boost|p2a: Misdreavus|spd|1\n|move|p1a: Chesnaught|Wood Hammer|p2a: Misdreavus\n|-damage|p2a: Misdreavus|76/254\n|-damage|p1a: Chesnaught|247/285 psn|[from] Recoil\n|\n|-heal|p1a: Chesnaught|264/285 psn|[from] item: Leftovers\n|-damage|p1a: Chesnaught|229/285 psn|[from] psn\n|upkeep\n|turn|15\n|\n|t:|1781461314\n|move|p2a: Misdreavus|Draining Kiss|p1a: Chesnaught\n|-supereffective|p1a: Chesnaught\n|-crit|p1a: Chesnaught\n|-damage|p1a: Chesnaught|0 fnt\n|-heal|p2a: Misdreavus|248/254|[from] drain|[of] p1a: Chesnaught\n|faint|p1a: Chesnaught\n|\n|upkeep\n|-message|Undertaker67 forfeited.\n|\n|win|RoLi404\n", "inputlog": ">version a8376a258c1d4662feba110a92103f3664a72141\n>start {\"formatid\":\"gen9randombattle\",\"seed\":\"sodium,c436feb1998cf3c411781a52b9aa508a\",\"rated\":\"Rated battle\"}\n>player p1 {\"name\":\"Undertaker67\",\"avatar\":\"n\",\"rating\":1939,\"seed\":\"sodium,d2c37ca8c65cd4b927dd71435ee90f77\"}\n>player p2 {\"name\":\"RoLi404\",\"avatar\":\"jacinthe\",\"rating\":1942,\"seed\":\"sodium,66cd0f4b5553ab3bb8b927207ad7b0fb\"}\n>p1 move muddywater\n>p2 move flareblitz\n>p1 switch 3\n>p2 move facade\n>p1 move protect\n>p2 move trailblaze\n>p1 switch 5\n>p2 move facade\n>p1 move suckerpunch\n>p2 switch 6\n>p1 switch 2\n>p2 move toxicspikes\n>p1 move dynamaxcannon\n>p2 move knockoff\n>p1 move recover\n>p2 switch 2\n>p1 switch 2\n>p2 move calmmind\n>p1 move suckerpunch\n>p2 move drainingkiss\n>p1 switch 6\n>p1 move suckerpunch\n>p2 move willowisp\n>p1 switch 5\n>p2 move drainingkiss\n>p1 move wish\n>p2 move drainingkiss\n>p1 switch 4\n>p1 move woodhammer\n>p2 move calmmind\n>p1 move woodhammer\n>p2 move drainingkiss\n>forcelose p1", "uploadtime": 1781461172, "views": 7, "formatid": "gen9randombattle", "rating": null, "private": 0, "password": null}