{"id": "gen9randombattle-2631422902", "format": "[Gen 9] Random Battle", "players": ["Sebman", "whisperwyrm"], "log": "|j|\u2606Sebman\n|j|\u2606whisperwyrm\n|t:|1781382802\n|gametype|singles\n|player|p1|Sebman|palmer|2150\n|player|p2|whisperwyrm|2|2104\n|gen|9\n|tier|[Gen 9] Random Battle\n|rated|\n|rule|Species Clause: Limit one of each Pok\u00e9mon\n|rule|HP Percentage Mod: HP is shown in percentages\n|rule|Sleep Clause Mod: Limit one foe put to sleep\n|rule|Illusion Level Mod: Illusion disguises the Pok\u00e9mon's true level\n|\n|t:|1781382802\n|teamsize|p1|6\n|teamsize|p2|6\n|start\n|switch|p1a: Rotom|Rotom-Mow, L87|229/229\n|switch|p2a: Iron Valiant|Iron Valiant, L78|244/244\n|turn|1\n|inactive|Battle timer is ON: inactive players will automatically lose when time's up. (requested by whisperwyrm)\n|inactive|Sebman also wants the timer to be on.\n|\n|t:|1781382813\n|move|p1a: Rotom|Volt Switch|p2a: Iron Valiant\n|-damage|p2a: Iron Valiant|123/244\n|\n|t:|1781382817\n|switch|p1a: Wyrdeer|Wyrdeer, L87, F|321/321|[from] Volt Switch\n|-ability|p1a: Wyrdeer|Intimidate|boost\n|-unboost|p2a: Iron Valiant|atk|1\n|move|p2a: Iron Valiant|Moonblast|p1a: Wyrdeer\n|-damage|p1a: Wyrdeer|173/321\n|-damage|p2a: Iron Valiant|99/244|[from] item: Life Orb\n|\n|-heal|p1a: Wyrdeer|193/321|[from] item: Leftovers\n|upkeep\n|turn|2\n|\n|t:|1781382838\n|-end|p2a: Iron Valiant|Quark Drive|[silent]\n|switch|p2a: Gholdengo|Gholdengo, L77|261/261\n|move|p1a: Wyrdeer|Thunder Wave|p2a: Gholdengo\n|-immune|p2a: Gholdengo|[from] ability: Good as Gold\n|\n|-heal|p1a: Wyrdeer|213/321|[from] item: Leftovers\n|upkeep\n|turn|3\n|\n|t:|1781382845\n|move|p2a: Gholdengo|Nasty Plot|p2a: Gholdengo\n|-boost|p2a: Gholdengo|spa|2\n|move|p1a: Wyrdeer|Earthquake|p2a: Gholdengo\n|-supereffective|p2a: Gholdengo\n|-damage|p2a: Gholdengo|111/261\n|\n|-heal|p2a: Gholdengo|127/261|[from] item: Leftovers\n|-heal|p1a: Wyrdeer|233/321|[from] item: Leftovers\n|upkeep\n|turn|4\n|\n|t:|1781382852\n|move|p2a: Gholdengo|Make It Rain|p1a: Wyrdeer\n|-damage|p1a: Wyrdeer|0 fnt\n|-unboost|p2a: Gholdengo|spa|1\n|faint|p1a: Wyrdeer\n|\n|-heal|p2a: Gholdengo|143/261|[from] item: Leftovers\n|upkeep\n|\n|t:|1781382857\n|switch|p1a: Umbreon|Umbreon, L84, M|297/297\n|turn|5\n|\n|t:|1781382864\n|move|p2a: Gholdengo|Focus Blast|p1a: Umbreon\n|-supereffective|p1a: Umbreon\n|-damage|p1a: Umbreon|91/297\n|move|p1a: Umbreon|Wish|p1a: Umbreon\n|\n|-heal|p2a: Gholdengo|159/261|[from] item: Leftovers\n|-heal|p1a: Umbreon|109/297|[from] item: Leftovers\n|upkeep\n|turn|6\n|\n|t:|1781382872\n|move|p2a: Gholdengo|Nasty Plot|p2a: Gholdengo\n|-boost|p2a: Gholdengo|spa|2\n|move|p1a: Umbreon|Foul Play|p2a: Gholdengo\n|-supereffective|p2a: Gholdengo\n|-damage|p2a: Gholdengo|69/261\n|\n|-heal|p1a: Umbreon|257/297|[from] move: Wish|[wisher] Umbreon\n|-heal|p2a: Gholdengo|85/261|[from] item: Leftovers\n|-heal|p1a: Umbreon|275/297|[from] item: Leftovers\n|upkeep\n|turn|7\n|\n|t:|1781382878\n|move|p1a: Umbreon|Protect|p1a: Umbreon\n|-singleturn|p1a: Umbreon|Protect\n|move|p2a: Gholdengo|Make It Rain|p1a: Umbreon\n|-activate|p1a: Umbreon|move: Protect\n|\n|-heal|p2a: Gholdengo|101/261|[from] item: Leftovers\n|-heal|p1a: Umbreon|293/297|[from] item: Leftovers\n|upkeep\n|turn|8\n|\n|t:|1781382883\n|move|p2a: Gholdengo|Make It Rain|p1a: Umbreon\n|-damage|p1a: Umbreon|59/297\n|-unboost|p2a: Gholdengo|spa|1\n|move|p1a: Umbreon|Foul Play|p2a: Gholdengo\n|-supereffective|p2a: Gholdengo\n|-damage|p2a: Gholdengo|0 fnt\n|faint|p2a: Gholdengo\n|\n|-heal|p1a: Umbreon|77/297|[from] item: Leftovers\n|upkeep\n|\n|t:|1781382892\n|switch|p2a: Arceus|Arceus-Steel, L70|284/284\n|turn|9\n|\n|t:|1781382904\n|move|p2a: Arceus|Judgment|p1a: Umbreon\n|-damage|p1a: Umbreon|1/297\n|move|p1a: Umbreon|Wish|p1a: Umbreon\n|\n|-heal|p1a: Umbreon|19/297|[from] item: Leftovers\n|upkeep\n|turn|10\n|\n|t:|1781382908\n|move|p1a: Umbreon|Protect|p1a: Umbreon\n|-singleturn|p1a: Umbreon|Protect\n|move|p2a: Arceus|Calm Mind|p2a: Arceus\n|-boost|p2a: Arceus|spa|1\n|-boost|p2a: Arceus|spd|1\n|\n|-heal|p1a: Umbreon|167/297|[from] move: Wish|[wisher] Umbreon\n|-heal|p1a: Umbreon|185/297|[from] item: Leftovers\n|upkeep\n|turn|11\n|\n|t:|1781382921\n|switch|p1a: Grimmsnarl|Grimmsnarl, L83, M|293/293\n|move|p2a: Arceus|Judgment|p1a: Grimmsnarl\n|-supereffective|p1a: Grimmsnarl\n|-damage|p1a: Grimmsnarl|0 fnt\n|faint|p1a: Grimmsnarl\n|\n|upkeep\n|\n|t:|1781382924\n|switch|p1a: Beartic|Beartic, L91, M|321/321\n|turn|12\n|\n|t:|1781382930\n|-terastallize|p2a: Arceus|Ghost\n|-terastallize|p1a: Beartic|Ground\n|move|p2a: Arceus|Judgment|p1a: Beartic\n|-damage|p1a: Beartic|167/321\n|move|p1a: Beartic|Earthquake|p2a: Arceus\n|-damage|p2a: Arceus|128/284\n|\n|upkeep\n|turn|13\n|\n|t:|1781382941\n|move|p2a: Arceus|Judgment|p1a: Beartic\n|-damage|p1a: Beartic|1/321\n|move|p1a: Beartic|Earthquake|p2a: Arceus\n|-crit|p2a: Arceus\n|-damage|p2a: Arceus|0 fnt\n|faint|p2a: Arceus\n|\n|upkeep\n|\n|t:|1781382948\n|switch|p2a: Deoxys|Deoxys, L74|196/196\n|-ability|p2a: Deoxys|Pressure\n|turn|14\n|\n|t:|1781382954\n|move|p2a: Deoxys|Knock Off|p1a: Beartic\n|-damage|p1a: Beartic|0 fnt\n|-enditem|p1a: Beartic|Heavy-Duty Boots|[from] move: Knock Off|[of] p2a: Deoxys\n|faint|p1a: Beartic\n|-damage|p2a: Deoxys|177/196|[from] item: Life Orb\n|\n|upkeep\n|\n|t:|1781382958\n|switch|p1a: Rotom|Rotom-Mow, L87|229/229\n|turn|15\n|\n|t:|1781382963\n|switch|p2a: Bellossom|Bellossom, L84, M|263/263\n|move|p1a: Rotom|Leaf Storm|p2a: Bellossom\n|-resisted|p2a: Bellossom\n|-damage|p2a: Bellossom|194/263\n|-unboost|p1a: Rotom|spa|2\n|\n|-heal|p2a: Bellossom|210/263|[from] item: Leftovers\n|upkeep\n|turn|16\n|\n|t:|1781382966\n|switch|p1a: Slowking|Slowking-Galar, L85, M|300/300\n|move|p2a: Bellossom|Quiver Dance|p2a: Bellossom\n|-boost|p2a: Bellossom|spa|1\n|-boost|p2a: Bellossom|spd|1\n|-boost|p2a: Bellossom|spe|1\n|\n|-heal|p2a: Bellossom|226/263|[from] item: Leftovers\n|upkeep\n|turn|17\n|\n|t:|1781382971\n|move|p2a: Bellossom|Quiver Dance|p2a: Bellossom\n|-boost|p2a: Bellossom|spa|1\n|-boost|p2a: Bellossom|spd|1\n|-boost|p2a: Bellossom|spe|1\n|move|p1a: Slowking|Sludge Bomb|p2a: Bellossom\n|-supereffective|p2a: Bellossom\n|-damage|p2a: Bellossom|122/263\n|\n|-heal|p2a: Bellossom|138/263|[from] item: Leftovers\n|upkeep\n|turn|18\n|\n|t:|1781382974\n|move|p2a: Bellossom|Strength Sap|p1a: Slowking\n|-unboost|p1a: Slowking|atk|1\n|-heal|p2a: Bellossom|253/263\n|move|p1a: Slowking|Sludge Bomb|p2a: Bellossom\n|-supereffective|p2a: Bellossom\n|-damage|p2a: Bellossom|149/263\n|-status|p2a: Bellossom|psn\n|\n|-heal|p2a: Bellossom|165/263 psn|[from] item: Leftovers\n|-damage|p2a: Bellossom|133/263 psn|[from] psn\n|upkeep\n|turn|19\n|\n|t:|1781382979\n|move|p2a: Bellossom|Tera Blast|p1a: Slowking\n|-damage|p1a: Slowking|237/300\n|move|p1a: Slowking|Future Sight|p2a: Bellossom\n|-start|p1a: Slowking|move: Future Sight\n|\n|-heal|p2a: Bellossom|149/263 psn|[from] item: Leftovers\n|-damage|p2a: Bellossom|117/263 psn|[from] psn\n|upkeep\n|turn|20\n|\n|t:|1781382985\n|move|p2a: Bellossom|Strength Sap|p1a: Slowking\n|-unboost|p1a: Slowking|atk|1\n|-heal|p2a: Bellossom|193/263 psn\n|move|p1a: Slowking|Psychic Noise|p2a: Bellossom\n|-damage|p2a: Bellossom|151/263 psn\n|-start|p2a: Bellossom|move: Heal Block\n|\n|-damage|p2a: Bellossom|119/263 psn|[from] psn\n|upkeep\n|turn|21\n|\n|t:|1781382987\n|move|p2a: Bellossom|Tera Blast|p1a: Slowking\n|-damage|p1a: Slowking|177/300\n|move|p1a: Slowking|Sludge Bomb|p2a: Bellossom\n|-supereffective|p2a: Bellossom\n|-damage|p2a: Bellossom|15/263 psn\n|\n|-end|p2a: Bellossom|move: Future Sight\n|-damage|p2a: Bellossom|0 fnt\n|faint|p2a: Bellossom\n|upkeep\n|\n|t:|1781382994\n|switch|p2a: Deoxys|Deoxys, L74|177/196\n|-ability|p2a: Deoxys|Pressure\n|turn|22\n|\n|t:|1781382996\n|switch|p1a: Umbreon|Umbreon, L84, M|185/297\n|move|p2a: Deoxys|Knock Off|p1a: Umbreon\n|-resisted|p1a: Umbreon\n|-damage|p1a: Umbreon|147/297\n|-enditem|p1a: Umbreon|Leftovers|[from] move: Knock Off|[of] p2a: Deoxys\n|-damage|p2a: Deoxys|158/196|[from] item: Life Orb\n|\n|upkeep\n|turn|23\n|\n|t:|1781383005\n|switch|p2a: Iron Valiant|Iron Valiant, L78|99/244\n|move|p1a: Umbreon|Foul Play|p2a: Iron Valiant\n|-resisted|p2a: Iron Valiant\n|-damage|p2a: Iron Valiant|69/244\n|\n|upkeep\n|turn|24\n|\n|t:|1781383012\n|switch|p1a: Rotom|Rotom-Mow, L87|229/229\n|move|p2a: Iron Valiant|Moonblast|p1a: Rotom\n|-damage|p1a: Rotom|112/229\n|-damage|p2a: Iron Valiant|45/244|[from] item: Life Orb\n|\n|upkeep\n|turn|25\n|\n|t:|1781383015\n|move|p1a: Rotom|Thunderbolt|p2a: Iron Valiant\n|-damage|p2a: Iron Valiant|0 fnt\n|faint|p2a: Iron Valiant\n|-end|p2a: Iron Valiant|Quark Drive|[silent]\n|\n|upkeep\n|\n|t:|1781383020\n|switch|p2a: Deoxys|Deoxys, L74|158/196\n|-ability|p2a: Deoxys|Pressure\n|turn|26\n|\n|t:|1781383023\n|move|p1a: Rotom|Thunderbolt|p2a: Deoxys\n|-damage|p2a: Deoxys|0 fnt\n|faint|p2a: Deoxys\n|\n|upkeep\n|\n|t:|1781383025\n|switch|p2a: Azumarill|Azumarill, L82, F|298/298\n|turn|27\n|\n|t:|1781383027\n|move|p1a: Rotom|Thunderbolt|p2a: Azumarill\n|-supereffective|p2a: Azumarill\n|-damage|p2a: Azumarill|56/298\n|move|p2a: Azumarill|Play Rough|p1a: Rotom\n|-damage|p1a: Rotom|0 fnt\n|faint|p1a: Rotom\n|\n|upkeep\n|-message|whisperwyrm forfeited.\n|\n|win|Sebman\n", "inputlog": ">version a8376a258c1d4662feba110a92103f3664a72141\n>start {\"formatid\":\"gen9randombattle\",\"seed\":\"sodium,82eaa419916866794466f9aa35321cc3\",\"rated\":\"Rated battle\"}\n>player p1 {\"name\":\"Sebman\",\"avatar\":\"palmer\",\"rating\":2150,\"seed\":\"sodium,c377a8694cb40bbfc7b24a51b7ca6efa\"}\n>player p2 {\"name\":\"whisperwyrm\",\"avatar\":\"2\",\"rating\":2104,\"seed\":\"sodium,0423a36c4164a9f5aaf1082af654d618\"}\n>p1 move voltswitch\n>p2 move moonblast\n>p1 switch 2\n>p1 move thunderwave\n>p2 switch 6\n>p1 move earthquake\n>p2 move nastyplot\n>p1 move earthquake\n>p2 move makeitrain\n>p1 switch 4\n>p1 move wish\n>p2 move focusblast\n>p1 move foulplay\n>p2 move nastyplot\n>p1 move protect\n>p2 move makeitrain\n>p1 move foulplay\n>p2 move makeitrain\n>p2 switch 4\n>p1 move wish\n>p2 move judgment\n>p1 move protect\n>p2 move calmmind\n>p1 switch 6\n>p2 move judgment\n>p1 switch 5\n>p1 move earthquake terastallize\n>p2 move judgment terastallize\n>p1 move earthquake\n>p2 move judgment\n>p2 switch 3\n>p1 move earthquake\n>p2 move knockoff\n>p1 switch 2\n>p1 move leafstorm\n>p2 switch 5\n>p1 switch 3\n>p2 move quiverdance\n>p1 move sludgebomb\n>p2 move quiverdance\n>p1 move sludgebomb\n>p2 move strengthsap\n>p1 move futuresight\n>p2 move terablast\n>p1 move psychicnoise\n>p2 move strengthsap\n>p1 move sludgebomb\n>p2 move terablast\n>p2 switch 5\n>p1 switch 6\n>p2 move knockoff\n>p1 move foulplay\n>p2 switch 6\n>p1 switch 3\n>p2 move moonblast\n>p1 move thunderbolt\n>p2 move closecombat\n>p2 switch 6\n>p1 move thunderbolt\n>p2 move icebeam\n>p2 switch 2\n>p1 move thunderbolt\n>p2 move playrough\n>forcelose p2", "uploadtime": 1781382805, "views": 9, "formatid": "gen9randombattle", "rating": null, "private": 0, "password": null}