{"id": "gen9randombattle-2631507510", "format": "[Gen 9] Random Battle", "players": ["MandoWarrior", "JuvenileLeopard"], "log": "|j|\u2606MandoWarrior\n|j|\u2606JuvenileLeopard\n|t:|1781394002\n|gametype|singles\n|player|p1|MandoWarrior|giovanni|2105\n|player|p2|JuvenileLeopard|colress|2114\n|gen|9\n|tier|[Gen 9] Random Battle\n|rated|\n|rule|Species Clause: Limit one of each Pok\u00e9mon\n|rule|HP Percentage Mod: HP is shown in percentages\n|rule|Sleep Clause Mod: Limit one foe put to sleep\n|rule|Illusion Level Mod: Illusion disguises the Pok\u00e9mon's true level\n|\n|t:|1781394002\n|teamsize|p1|6\n|teamsize|p2|6\n|start\n|switch|p1a: Ogerpon|Ogerpon-Wellspring, L76, F|247/247\n|switch|p2a: Mesprit|Mesprit, L85|275/275\n|turn|1\n|inactive|Battle timer is ON: inactive players will automatically lose when time's up. (requested by MandoWarrior)\n|\n|t:|1781394017\n|switch|p1a: Mudsdale|Mudsdale, L83, F|302/302\n|move|p2a: Mesprit|Stealth Rock|p1a: Mudsdale\n|-sidestart|p1: MandoWarrior|move: Stealth Rock\n|\n|upkeep\n|turn|2\n|\n|t:|1781394023\n|move|p2a: Mesprit|Knock Off|p1a: Mudsdale\n|-damage|p1a: Mudsdale|237/302\n|-ability|p1a: Mudsdale|Stamina|boost\n|-boost|p1a: Mudsdale|def|1\n|-enditem|p1a: Mudsdale|Leftovers|[from] move: Knock Off|[of] p2a: Mesprit\n|move|p1a: Mudsdale|Heavy Slam|p2a: Mesprit\n|-damage|p2a: Mesprit|190/275\n|\n|-heal|p2a: Mesprit|207/275|[from] item: Leftovers\n|upkeep\n|turn|3\n|\n|t:|1781394026\n|move|p2a: Mesprit|Psychic Noise|p1a: Mudsdale\n|-damage|p1a: Mudsdale|146/302\n|-start|p1a: Mudsdale|move: Heal Block\n|-ability|p1a: Mudsdale|Stamina|boost\n|-boost|p1a: Mudsdale|def|1\n|move|p1a: Mudsdale|Heavy Slam|p2a: Mesprit\n|-crit|p2a: Mesprit\n|-damage|p2a: Mesprit|84/275\n|\n|-heal|p2a: Mesprit|101/275|[from] item: Leftovers\n|upkeep\n|turn|4\n|\n|t:|1781394033\n|move|p2a: Mesprit|Psychic Noise|p1a: Mudsdale\n|-damage|p1a: Mudsdale|49/302\n|-ability|p1a: Mudsdale|Stamina|boost\n|-boost|p1a: Mudsdale|def|1\n|move|p1a: Mudsdale|Heavy Slam|p2a: Mesprit\n|-damage|p2a: Mesprit|15/275\n|\n|-heal|p2a: Mesprit|32/275|[from] item: Leftovers\n|-end|p1a: Mudsdale|move: Heal Block\n|upkeep\n|turn|5\n|\n|t:|1781394036\n|move|p2a: Mesprit|Psychic Noise|p1a: Mudsdale\n|-damage|p1a: Mudsdale|0 fnt\n|faint|p1a: Mudsdale\n|\n|-heal|p2a: Mesprit|49/275|[from] item: Leftovers\n|upkeep\n|\n|t:|1781394038\n|switch|p1a: Ogerpon|Ogerpon-Wellspring, L76, F|247/247\n|-damage|p1a: Ogerpon|217/247|[from] Stealth Rock\n|turn|6\n|\n|t:|1781394044\n|move|p1a: Ogerpon|Ivy Cudgel|p2a: Mesprit|[anim] Ivy Cudgel Water\n|-damage|p2a: Mesprit|0 fnt\n|faint|p2a: Mesprit\n|\n|upkeep\n|\n|t:|1781394047\n|switch|p2a: Toxapex|Toxapex, L82, M|216/216\n|turn|7\n|\n|t:|1781394050\n|switch|p1a: Coalossal|Coalossal, L89, M|341/341\n|move|p2a: Toxapex|Toxic Spikes|p1a: Coalossal\n|-sidestart|p1: MandoWarrior|move: Toxic Spikes\n|\n|upkeep\n|turn|8\n|\n|t:|1781394062\n|-terastallize|p1a: Coalossal|Grass\n|move|p2a: Toxapex|Liquidation|p1a: Coalossal\n|-resisted|p1a: Coalossal\n|-damage|p1a: Coalossal|317/341\n|move|p1a: Coalossal|Rapid Spin|p2a: Toxapex\n|-damage|p2a: Toxapex|192/216\n|-boost|p1a: Coalossal|spe|1\n|-damage|p1a: Coalossal|261/341|[from] item: Rocky Helmet|[of] p2a: Toxapex\n|-sideend|p1: MandoWarrior|Toxic Spikes|[from] move: Rapid Spin|[of] p1a: Coalossal\n|-sideend|p1: MandoWarrior|Stealth Rock|[from] move: Rapid Spin|[of] p1a: Coalossal\n|\n|upkeep\n|turn|9\n|\n|t:|1781394066\n|move|p1a: Coalossal|Stealth Rock|p2a: Toxapex\n|-sidestart|p2: JuvenileLeopard|move: Stealth Rock\n|move|p2a: Toxapex|Toxic Spikes|p1a: Coalossal\n|-sidestart|p1: MandoWarrior|move: Toxic Spikes\n|\n|upkeep\n|turn|10\n|\n|t:|1781394072\n|switch|p2a: Blaziken|Blaziken, L76, F|247/247\n|-damage|p2a: Blaziken|217/247|[from] Stealth Rock\n|move|p1a: Coalossal|Stone Edge|p2a: Blaziken\n|-damage|p2a: Blaziken|87/247\n|\n|upkeep\n|turn|11\n|\n|t:|1781394082\n|move|p2a: Blaziken|Flare Blitz|p1a: Coalossal\n|-supereffective|p1a: Coalossal\n|-damage|p1a: Coalossal|4/341\n|-damage|p2a: Blaziken|2/247|[from] Recoil\n|-damage|p2a: Blaziken|0 fnt|[from] item: Life Orb\n|faint|p2a: Blaziken\n|move|p1a: Coalossal|Stone Edge|p2: Blaziken|[notarget]\n|-fail|p1a: Coalossal\n|\n|upkeep\n|\n|t:|1781394100\n|switch|p2a: Electrode|Electrode-Hisui, L87|246/246\n|-damage|p2a: Electrode|216/246|[from] Stealth Rock\n|turn|12\n|\n|t:|1781394105\n|move|p2a: Electrode|Thunderbolt|p1a: Coalossal\n|-resisted|p1a: Coalossal\n|-damage|p1a: Coalossal|0 fnt\n|faint|p1a: Coalossal\n|-damage|p2a: Electrode|192/246|[from] item: Life Orb\n|\n|upkeep\n|\n|t:|1781394112\n|switch|p1a: Glastrier|Glastrier, L86|311/311\n|-status|p1a: Glastrier|psn\n|turn|13\n|\n|t:|1781394120\n|move|p2a: Electrode|Volt Switch|p1a: Glastrier\n|-damage|p1a: Glastrier|236/311 psn\n|-damage|p2a: Electrode|168/246|[from] item: Life Orb\n|\n|t:|1781394128\n|switch|p2a: Toxapex|Toxapex, L82, M|216/216|[from] Volt Switch\n|-damage|p2a: Toxapex|189/216|[from] Stealth Rock\n|move|p1a: Glastrier|High Horsepower|p2a: Toxapex\n|-supereffective|p2a: Toxapex\n|-damage|p2a: Toxapex|0 fnt\n|-damage|p1a: Glastrier|185/311 psn|[from] item: Rocky Helmet|[of] p2a: Toxapex\n|faint|p2a: Toxapex\n|-ability|p1a: Glastrier|Chilling Neigh|boost\n|-boost|p1a: Glastrier|atk|1\n|\n|-damage|p1a: Glastrier|147/311 psn|[from] psn\n|upkeep\n|\n|t:|1781394146\n|switch|p2a: Vivillon|Vivillon-Sandstorm, L83, M|268/268\n|turn|14\n|\n|t:|1781394152\n|switch|p1a: Ambipom|Ambipom, L84, M|263/263\n|-status|p1a: Ambipom|psn\n|move|p2a: Vivillon|Quiver Dance|p2a: Vivillon\n|-boost|p2a: Vivillon|spa|1\n|-boost|p2a: Vivillon|spd|1\n|-boost|p2a: Vivillon|spe|1\n|\n|-damage|p1a: Ambipom|231/263 psn|[from] psn\n|upkeep\n|turn|15\n|\n|t:|1781394163\n|move|p1a: Ambipom|Fake Out|p2a: Vivillon\n|-damage|p2a: Vivillon|148/268\n|cant|p2a: Vivillon|flinch\n|\n|-damage|p1a: Ambipom|199/263 psn|[from] psn\n|upkeep\n|turn|16\n|\n|t:|1781394166\n|switch|p1a: Glastrier|Glastrier, L86|147/311 psn\n|move|p2a: Vivillon|Hurricane|p1a: Glastrier\n|-damage|p1a: Glastrier|24/311 psn\n|-start|p1a: Glastrier|confusion\n|\n|-damage|p1a: Glastrier|0 fnt|[from] psn\n|faint|p1a: Glastrier\n|upkeep\n|\n|t:|1781394168\n|switch|p1a: Ambipom|Ambipom, L84, M|199/263 psn\n|turn|17\n|\n|t:|1781394170\n|move|p1a: Ambipom|Fake Out|p2a: Vivillon\n|-damage|p2a: Vivillon|40/268\n|cant|p2a: Vivillon|flinch\n|\n|-damage|p1a: Ambipom|167/263 psn|[from] psn\n|upkeep\n|turn|18\n|\n|t:|1781394177\n|switch|p1a: Ogerpon|Ogerpon-Wellspring, L76, F|217/247\n|-status|p1a: Ogerpon|psn\n|move|p2a: Vivillon|Hurricane|p1a: Ogerpon\n|-supereffective|p1a: Ogerpon\n|-damage|p1a: Ogerpon|0 fnt\n|faint|p1a: Ogerpon\n|\n|upkeep\n|\n|t:|1781394178\n|switch|p1a: Ambipom|Ambipom, L84, M|167/263 psn\n|turn|19\n|\n|t:|1781394182\n|switch|p2a: Magearna|Magearna-Original, L77|250/250\n|-damage|p2a: Magearna|235/250|[from] Stealth Rock\n|move|p1a: Ambipom|Fake Out|p2a: Magearna\n|-resisted|p2a: Magearna\n|-damage|p2a: Magearna|203/250\n|\n|-heal|p2a: Magearna|218/250|[from] item: Leftovers\n|-damage|p1a: Ambipom|135/263 psn|[from] psn\n|upkeep\n|turn|20\n|\n|t:|1781394191\n|move|p1a: Ambipom|Knock Off|p2a: Magearna\n|-resisted|p2a: Magearna\n|-damage|p2a: Magearna|186/250\n|-enditem|p2a: Magearna|Leftovers|[from] move: Knock Off|[of] p1a: Ambipom\n|move|p2a: Magearna|Flash Cannon|p1a: Ambipom\n|-damage|p1a: Ambipom|32/263 psn\n|\n|-damage|p1a: Ambipom|0 fnt|[from] psn\n|faint|p1a: Ambipom\n|-ability|p2a: Magearna|Soul-Heart|boost\n|-boost|p2a: Magearna|spa|1\n|upkeep\n|\n|t:|1781394193\n|switch|p1a: Regidrago|Regidrago, L77|435/435\n|-status|p1a: Regidrago|psn\n|turn|21\n|\n|t:|1781394199\n|move|p1a: Regidrago|Dragon Dance|p1a: Regidrago\n|-boost|p1a: Regidrago|atk|1\n|-boost|p1a: Regidrago|spe|1\n|move|p2a: Magearna|Fleur Cannon|p1a: Regidrago\n|-supereffective|p1a: Regidrago\n|-damage|p1a: Regidrago|0 fnt\n|-unboost|p2a: Magearna|spa|2\n|faint|p1a: Regidrago\n|\n|win|JuvenileLeopard\n", "inputlog": ">version a8376a258c1d4662feba110a92103f3664a72141\n>start {\"formatid\":\"gen9randombattle\",\"seed\":\"sodium,c642190ab5a1d34661cf45fe98b7f1d5\",\"rated\":\"Rated battle\"}\n>player p1 {\"name\":\"MandoWarrior\",\"avatar\":\"giovanni\",\"rating\":2105,\"seed\":\"sodium,81d2ac569be548b907aff7adc6a2fe58\"}\n>player p2 {\"name\":\"JuvenileLeopard\",\"avatar\":\"colress\",\"rating\":2114,\"seed\":\"sodium,42c83afc075052c363b5d62ab6d84c9c\"}\n>p1 switch 3\n>p2 move stealthrock\n>p1 move heavyslam\n>p2 move knockoff\n>p1 move heavyslam\n>p2 move psychicnoise\n>p1 move heavyslam\n>p2 move psychicnoise\n>p1 move heavyslam\n>p2 move psychicnoise\n>p1 switch 3\n>p1 move ivycudgel\n>p2 move encore\n>p2 switch 5\n>p1 switch 2\n>p2 move toxicspikes\n>p1 move rapidspin terastallize\n>p2 move liquidation\n>p1 move stealthrock\n>p2 move toxicspikes\n>p1 move stoneedge\n>p2 switch 6\n>p1 move stoneedge\n>p2 move flareblitz\n>p2 switch 4\n>p1 move rapidspin\n>p2 move thunderbolt\n>p1 switch 6\n>p1 move highhorsepower\n>p2 move voltswitch\n>p2 switch 6\n>p2 switch 2\n>p1 switch 4\n>p2 move quiverdance\n>p1 move fakeout\n>p2 move hurricane\n>p1 switch 4\n>p2 move hurricane\n>p1 switch 4\n>p1 move fakeout\n>p2 move hurricane\n>p1 switch 2\n>p2 move hurricane\n>p1 switch 2\n>p1 move fakeout\n>p2 switch 3\n>p1 move knockoff\n>p2 move flashcannon\n>p1 switch 5\n>p1 move dragondance\n>p2 move fleurcannon", "uploadtime": 1781394003, "views": 4, "formatid": "gen9randombattle", "rating": null, "private": 0, "password": null}