{"id": "gen9randombattle-2631899611", "format": "[Gen 9] Random Battle", "players": ["Ggs1237", "Crysys1"], "log": "|j|\u2606Ggs1237\n|j|\u2606Crysys1\n|t:|1781453505\n|gametype|singles\n|player|p1|Ggs1237|linebacker|2183\n|player|p2|Crysys1|265|2320\n|gen|9\n|tier|[Gen 9] Random Battle\n|rated|\n|rule|Species Clause: Limit one of each Pok\u00e9mon\n|rule|HP Percentage Mod: HP is shown in percentages\n|rule|Sleep Clause Mod: Limit one foe put to sleep\n|rule|Illusion Level Mod: Illusion disguises the Pok\u00e9mon's true level\n|\n|t:|1781453505\n|teamsize|p1|6\n|teamsize|p2|6\n|start\n|switch|p1a: Salamence|Salamence, L77, M|273/273\n|switch|p2a: Grafaiai|Grafaiai, L86, M|249/249\n|-ability|p1a: Salamence|Intimidate|boost\n|-unboost|p2a: Grafaiai|atk|1\n|turn|1\n|inactive|Battle timer is ON: inactive players will automatically lose when time's up. (requested by Ggs1237)\n|\n|t:|1781453518\n|move|p2a: Grafaiai|U-turn|p1a: Salamence\n|-resisted|p1a: Salamence\n|-damage|p1a: Salamence|253/273\n|-status|p1a: Salamence|psn|[from] ability: Poison Touch|[of] p2a: Grafaiai\n|\n|t:|1781453528\n|switch|p2a: Lumineon|Lumineon, L93, M|279/279|[from] U-turn\n|move|p1a: Salamence|Earthquake|p2a: Lumineon\n|-damage|p2a: Lumineon|197/279\n|\n|-damage|p1a: Salamence|219/273 psn|[from] psn\n|upkeep\n|turn|2\n|\n|t:|1781453536\n|switch|p1a: Regice|Regice, L88|284/284\n|move|p2a: Lumineon|Ice Beam|p1a: Regice\n|-resisted|p1a: Regice\n|-damage|p1a: Regice|266/284\n|-damage|p2a: Lumineon|170/279|[from] item: Life Orb\n|\n|upkeep\n|turn|3\n|\n|t:|1781453554\n|switch|p2a: Grafaiai|Grafaiai, L86, M|249/249\n|move|p1a: Regice|Thunderbolt|p2a: Grafaiai\n|-damage|p2a: Grafaiai|193/249\n|\n|upkeep\n|turn|4\n|\n|t:|1781453559\n|switch|p1a: Salamence|Salamence, L77, M|219/273 psn\n|-ability|p1a: Salamence|Intimidate|boost\n|-unboost|p2a: Grafaiai|atk|1\n|move|p2a: Grafaiai|Knock Off|p1a: Salamence\n|-damage|p1a: Salamence|165/273 psn\n|-enditem|p1a: Salamence|Heavy-Duty Boots|[from] move: Knock Off|[of] p2a: Grafaiai\n|\n|-damage|p1a: Salamence|131/273 psn|[from] psn\n|upkeep\n|turn|5\n|inactive|Crysys1 has 120 seconds left.\n|\n|t:|1781453592\n|move|p2a: Grafaiai|U-turn|p1a: Salamence\n|-resisted|p1a: Salamence\n|-damage|p1a: Salamence|112/273 psn\n|\n|t:|1781453597\n|switch|p2a: Lumineon|Lumineon, L93, M|170/279|[from] U-turn\n|move|p1a: Salamence|Dragon Dance|p1a: Salamence\n|-boost|p1a: Salamence|atk|1\n|-boost|p1a: Salamence|spe|1\n|\n|-damage|p1a: Salamence|78/273 psn|[from] psn\n|upkeep\n|turn|6\n|\n|t:|1781453609\n|move|p1a: Salamence|Outrage|p2a: Lumineon\n|-damage|p2a: Lumineon|0 fnt\n|faint|p2a: Lumineon\n|\n|-damage|p1a: Salamence|44/273 psn|[from] psn\n|upkeep\n|inactive|Crysys1 has 120 seconds left.\n|inactive|Crysys1 has 90 seconds left.\n|inactive|Crysys1 has 60 seconds left.\n|\n|t:|1781453685\n|switch|p2a: Lokix|Lokix, L82, M|251/251\n|turn|7\n|\n|t:|1781453688\n|move|p2a: Lokix|Sucker Punch|p1a: Salamence\n|-crit|p1a: Salamence\n|-damage|p1a: Salamence|0 fnt\n|faint|p1a: Salamence\n|-damage|p2a: Lokix|226/251|[from] item: Life Orb\n|\n|upkeep\n|\n|t:|1781453694\n|switch|p1a: Kricketune|Kricketune, L99, M|312/312\n|turn|8\n|inactive|Crysys1 has 60 seconds left.\n|\n|t:|1781453726\n|switch|p2a: Galvantula|Galvantula, L82, F|249/249\n|move|p1a: Kricketune|Sticky Web|p2a: Galvantula\n|-sidestart|p2: Crysys1|move: Sticky Web\n|\n|upkeep\n|turn|9\n|\n|t:|1781453731\n|move|p2a: Galvantula|Sticky Web|p1a: Kricketune\n|-sidestart|p1: Ggs1237|move: Sticky Web\n|move|p1a: Kricketune|Pounce|p2a: Galvantula\n|-damage|p2a: Galvantula|107/249\n|-unboost|p2a: Galvantula|spe|1\n|\n|upkeep\n|turn|10\n|inactive|Crysys1 has 60 seconds left.\n|\n|t:|1781453745\n|move|p1a: Kricketune|Pounce|p2a: Galvantula\n|-damage|p2a: Galvantula|0 fnt\n|faint|p2a: Galvantula\n|\n|upkeep\n|inactive|Crysys1 has 60 seconds left.\n|\n|t:|1781453760\n|switch|p2a: Manaphy|Manaphy, L78|284/284\n|-activate|p2a: Manaphy|move: Sticky Web\n|-unboost|p2a: Manaphy|spe|1\n|turn|11\n|\n|t:|1781453769\n|move|p1a: Kricketune|Knock Off|p2a: Manaphy\n|-damage|p2a: Manaphy|203/284\n|-enditem|p2a: Manaphy|Leftovers|[from] move: Knock Off|[of] p1a: Kricketune\n|move|p2a: Manaphy|Surf|p1a: Kricketune\n|-damage|p1a: Kricketune|201/312\n|\n|upkeep\n|turn|12\n|inactive|Crysys1 has 60 seconds left.\n|\n|t:|1781453777\n|move|p1a: Kricketune|Pounce|p2a: Manaphy\n|-damage|p2a: Manaphy|106/284\n|-unboost|p2a: Manaphy|spe|1\n|move|p2a: Manaphy|Surf|p1a: Kricketune\n|-damage|p1a: Kricketune|98/312\n|\n|upkeep\n|turn|13\n|\n|t:|1781453784\n|move|p1a: Kricketune|Pounce|p2a: Manaphy\n|-damage|p2a: Manaphy|9/284\n|-unboost|p2a: Manaphy|spe|1\n|move|p2a: Manaphy|Surf|p1a: Kricketune\n|-damage|p1a: Kricketune|0 fnt\n|faint|p1a: Kricketune\n|\n|upkeep\n|\n|t:|1781453795\n|switch|p1a: Regice|Regice, L88|266/284\n|turn|14\n|\n|t:|1781453802\n|switch|p2a: Grafaiai|Grafaiai, L86, M|193/249\n|-activate|p2a: Grafaiai|move: Sticky Web\n|-unboost|p2a: Grafaiai|spe|1\n|move|p1a: Regice|Ice Beam|p2a: Grafaiai\n|-damage|p2a: Grafaiai|106/249\n|\n|upkeep\n|turn|15\n|\n|t:|1781453809\n|move|p2a: Grafaiai|Gunk Shot|p1a: Regice\n|-damage|p1a: Regice|149/284\n|move|p1a: Regice|Ice Beam|p2a: Grafaiai\n|-damage|p2a: Grafaiai|18/249\n|\n|upkeep\n|turn|16\n|\n|t:|1781453838\n|move|p2a: Grafaiai|Gunk Shot|p1a: Regice\n|-damage|p1a: Regice|29/284\n|-status|p1a: Regice|psn\n|move|p1a: Regice|Rest|p1a: Regice\n|-status|p1a: Regice|slp|[from] move: Rest\n|-heal|p1a: Regice|284/284 slp|[silent]\n|\n|upkeep\n|turn|17\n|\n|t:|1781453845\n|move|p2a: Grafaiai|Gunk Shot|p1a: Regice\n|-damage|p1a: Regice|166/284 slp\n|cant|p1a: Regice|slp\n|move|p1a: Regice|Sleep Talk|p1a: Regice\n|move|p1a: Regice|Ice Beam|p2a: Grafaiai|[from] move: Sleep Talk\n|-damage|p2a: Grafaiai|0 fnt\n|faint|p2a: Grafaiai\n|\n|upkeep\n|\n|t:|1781453848\n|switch|p2a: Lokix|Lokix, L82, M|226/251\n|-activate|p2a: Lokix|move: Sticky Web\n|-unboost|p2a: Lokix|spe|1\n|turn|18\n|\n|t:|1781453856\n|cant|p1a: Regice|slp\n|move|p1a: Regice|Sleep Talk|p1a: Regice\n|move|p1a: Regice|Thunderbolt|p2a: Lokix|[from] move: Sleep Talk\n|-damage|p2a: Lokix|129/251\n|move|p2a: Lokix|Swords Dance|p2a: Lokix\n|-boost|p2a: Lokix|atk|2\n|\n|upkeep\n|turn|19\n|\n|t:|1781453864\n|move|p2a: Lokix|Sucker Punch|p1a: Regice\n|-damage|p1a: Regice|0 fnt\n|faint|p1a: Regice\n|-damage|p2a: Lokix|104/251|[from] item: Life Orb\n|\n|upkeep\n|\n|t:|1781453869\n|switch|p1a: Tauros|Tauros-Paldea-Aqua, L81, M|252/252\n|-activate|p1a: Tauros|move: Sticky Web\n|-unboost|p1a: Tauros|spe|1\n|turn|20\n|inactive|Crysys1 has 90 seconds left.\n|\n|t:|1781453898\n|move|p1a: Tauros|Close Combat|p2a: Lokix\n|-damage|p2a: Lokix|0 fnt\n|-unboost|p1a: Tauros|def|1\n|-unboost|p1a: Tauros|spd|1\n|faint|p2a: Lokix\n|\n|upkeep\n|\n|t:|1781453901\n|switch|p2a: Deoxys|Deoxys-Attack, L72|191/191\n|-activate|p2a: Deoxys|move: Sticky Web\n|-unboost|p2a: Deoxys|spe|1\n|-ability|p2a: Deoxys|Pressure\n|turn|21\n|\n|t:|1781453907\n|move|p2a: Deoxys|Psycho Boost|p1a: Tauros\n|-supereffective|p1a: Tauros\n|-damage|p1a: Tauros|0 fnt\n|-unboost|p2a: Deoxys|spa|2\n|faint|p1a: Tauros\n|-damage|p2a: Deoxys|172/191|[from] item: Life Orb\n|\n|upkeep\n|\n|t:|1781453909\n|switch|p1a: Zapdos|Zapdos-Galar, L77|265/265\n|turn|22\n|\n|t:|1781453920\n|switch|p2a: Manaphy|Manaphy, L78|9/284\n|-activate|p2a: Manaphy|move: Sticky Web\n|-unboost|p2a: Manaphy|spe|1\n|move|p1a: Zapdos|Brave Bird|p2a: Manaphy\n|-damage|p2a: Manaphy|0 fnt\n|faint|p2a: Manaphy\n|-damage|p1a: Zapdos|262/265|[from] Recoil\n|\n|upkeep\n|\n|t:|1781453923\n|switch|p2a: Deoxys|Deoxys-Attack, L72|172/191\n|-activate|p2a: Deoxys|move: Sticky Web\n|-unboost|p2a: Deoxys|spe|1\n|-ability|p2a: Deoxys|Pressure\n|turn|23\n|\n|t:|1781453927\n|move|p1a: Zapdos|Brave Bird|p2a: Deoxys\n|-damage|p2a: Deoxys|0 fnt\n|faint|p2a: Deoxys\n|-damage|p1a: Zapdos|205/265|[from] Recoil\n|\n|win|Ggs1237\n", "inputlog": ">version a8376a258c1d4662feba110a92103f3664a72141\n>start {\"formatid\":\"gen9randombattle\",\"seed\":\"sodium,114affdf05548a7a244641cc36a6734c\",\"rated\":\"Rated battle\"}\n>player p1 {\"name\":\"Ggs1237\",\"avatar\":\"linebacker\",\"rating\":2183,\"seed\":\"sodium,897db5c65fdbaa92fd29decd18052309\"}\n>player p2 {\"name\":\"Crysys1\",\"avatar\":\"265\",\"rating\":2320,\"seed\":\"sodium,63989a0051f6c4bac94ef76d6c0d44f9\"}\n>p1 move earthquake\n>p2 move uturn\n>p2 switch 4\n>p1 switch 5\n>p2 move icebeam\n>p1 move thunderbolt\n>p2 switch 4\n>p1 switch 5\n>p2 move knockoff\n>p1 move dragondance\n>p2 move uturn\n>p2 switch 4\n>p1 move outrage\n>p2 move alluringvoice\n>p2 switch 5\n>p1 move outrage\n>p2 move suckerpunch\n>p1 switch 6\n>p1 move stickyweb\n>p2 switch 2\n>p1 move pounce\n>p2 move stickyweb\n>p1 move pounce\n>p2 move thunder\n>p2 switch 6\n>p1 move knockoff\n>p2 move surf\n>p1 move pounce\n>p2 move surf\n>p1 move pounce\n>p2 move surf\n>p1 switch 5\n>p1 move icebeam\n>p2 switch 4\n>p1 move icebeam\n>p2 move gunkshot\n>p1 move rest\n>p2 move gunkshot\n>p1 move sleeptalk\n>p2 move gunkshot\n>p2 switch 2\n>p1 move sleeptalk\n>p2 move swordsdance\n>p1 move icebeam\n>p2 move suckerpunch\n>p1 switch 2\n>p1 move closecombat\n>p2 move leechlife\n>p2 switch 3\n>p1 move liquidation\n>p2 move psychoboost\n>p1 switch 4\n>p1 move bravebird\n>p2 switch 4\n>p2 switch 4\n>p1 move bravebird\n>p2 move superpower", "uploadtime": 1781453507, "views": 5, "formatid": "gen9randombattle", "rating": null, "private": 0, "password": null}