{"id": "gen9randombattle-2631797882", "format": "[Gen 9] Random Battle", "players": ["TheLastOne", "ceezy"], "log": "|j|\u2606TheLastOne\n|j|\u2606ceezy\n|t:|1781441187\n|gametype|singles\n|player|p1|TheLastOne|falkner|2007\n|player|p2|ceezy|rika|1950\n|gen|9\n|tier|[Gen 9] Random Battle\n|rated|\n|rule|Species Clause: Limit one of each Pok\u00e9mon\n|rule|HP Percentage Mod: HP is shown in percentages\n|rule|Sleep Clause Mod: Limit one foe put to sleep\n|rule|Illusion Level Mod: Illusion disguises the Pok\u00e9mon's true level\n|\n|t:|1781441187\n|teamsize|p1|6\n|teamsize|p2|6\n|start\n|switch|p1a: Sableye|Sableye, L88, F|231/231\n|switch|p2a: Cramorant|Cramorant, L86, F|261/261\n|turn|1\n|inactive|Battle timer is ON: inactive players will automatically lose when time's up. (requested by TheLastOne)\n|\n|t:|1781441207\n|move|p1a: Sableye|Will-O-Wisp|p2a: Cramorant\n|-status|p2a: Cramorant|brn\n|move|p2a: Cramorant|Surf|p1a: Sableye\n|-formechange|p2a: Cramorant|Cramorant-Gulping|\n|-damage|p1a: Sableye|126/231\n|\n|-heal|p1a: Sableye|140/231|[from] item: Leftovers\n|-damage|p2a: Cramorant|245/261 brn|[from] brn\n|upkeep\n|turn|2\n|\n|t:|1781441216\n|switch|p1a: Blastoise|Blastoise, L80, F|258/258\n|move|p2a: Cramorant|Surf|p1a: Blastoise\n|-resisted|p1a: Blastoise\n|-damage|p1a: Blastoise|220/258\n|\n|-damage|p2a: Cramorant|229/261 brn|[from] brn\n|upkeep\n|turn|3\n|\n|t:|1781441226\n|switch|p2a: Wyrdeer|Wyrdeer, L87, M|321/321\n|-ability|p2a: Wyrdeer|Intimidate|boost\n|-unboost|p1a: Blastoise|atk|1\n|-enditem|p1a: Blastoise|White Herb\n|-clearnegativeboost|p1a: Blastoise|[silent]\n|move|p1a: Blastoise|Shell Smash|p1a: Blastoise\n|-unboost|p1a: Blastoise|def|1\n|-unboost|p1a: Blastoise|spd|1\n|-boost|p1a: Blastoise|atk|2\n|-boost|p1a: Blastoise|spa|2\n|-boost|p1a: Blastoise|spe|2\n|\n|upkeep\n|turn|4\n|\n|t:|1781441230\n|move|p1a: Blastoise|Hydro Pump|p2a: Wyrdeer\n|-damage|p2a: Wyrdeer|192/321\n|move|p2a: Wyrdeer|Body Slam|p1a: Blastoise\n|-damage|p1a: Blastoise|82/258\n|\n|upkeep\n|turn|5\n|\n|t:|1781441236\n|move|p1a: Blastoise|Hydro Pump|p2a: Wyrdeer\n|-damage|p2a: Wyrdeer|0 fnt\n|faint|p2a: Wyrdeer\n|\n|upkeep\n|\n|t:|1781441250\n|switch|p2a: Cramorant|Cramorant, L86, F|229/261 brn\n|turn|6\n|\n|t:|1781441257\n|move|p1a: Blastoise|Ice Beam|p2a: Cramorant\n|-damage|p2a: Cramorant|133/261 brn\n|move|p2a: Cramorant|Surf|p1a: Blastoise\n|-formechange|p2a: Cramorant|Cramorant-Gulping|\n|-resisted|p1a: Blastoise\n|-damage|p1a: Blastoise|21/258\n|\n|-damage|p2a: Cramorant|117/261 brn|[from] brn\n|upkeep\n|turn|7\n|\n|t:|1781441268\n|move|p1a: Blastoise|Hydro Pump|p2a: Cramorant\n|-resisted|p2a: Cramorant\n|-damage|p2a: Cramorant|0 fnt\n|-damage|p1a: Blastoise|0 fnt|[from] ability: Gulp Missile|[of] p2a: Cramorant\n|-formechange|p2a: Cramorant|Cramorant|\n|faint|p2a: Cramorant\n|faint|p1a: Blastoise\n|\n|upkeep\n|\n|t:|1781441284\n|switch|p2a: Toxtricity|Toxtricity, L82, F|257/257\n|switch|p1a: Ho-Oh|Ho-Oh, L71|268/268\n|turn|8\n|\n|t:|1781441300\n|-terastallize|p2a: Toxtricity|Normal\n|-terastallize|p1a: Ho-Oh|Ground\n|move|p2a: Toxtricity|Shift Gear|p2a: Toxtricity\n|-boost|p2a: Toxtricity|spe|2\n|-boost|p2a: Toxtricity|atk|1\n|move|p1a: Ho-Oh|Earthquake|p2a: Toxtricity\n|-damage|p2a: Toxtricity|131/257\n|\n|upkeep\n|turn|9\n|\n|t:|1781441307\n|switch|p1a: Sableye|Sableye, L88, F|140/231\n|move|p2a: Toxtricity|Boomburst|p1a: Sableye\n|-immune|p1a: Sableye\n|\n|-heal|p1a: Sableye|154/231|[from] item: Leftovers\n|upkeep\n|turn|10\n|\n|t:|1781441314\n|switch|p2a: Toucannon|Toucannon, L88, M|284/284\n|move|p1a: Sableye|Encore||[still]\n|-fail|p1a: Sableye\n|\n|-heal|p1a: Sableye|168/231|[from] item: Leftovers\n|upkeep\n|turn|11\n|\n|t:|1781441326\n|move|p1a: Sableye|Will-O-Wisp|p2a: Toucannon\n|-status|p2a: Toucannon|brn\n|move|p2a: Toucannon|Knock Off|p1a: Sableye\n|-damage|p1a: Sableye|123/231\n|-enditem|p1a: Sableye|Leftovers|[from] move: Knock Off|[of] p2a: Toucannon\n|\n|-damage|p2a: Toucannon|267/284 brn|[from] brn\n|upkeep\n|turn|12\n|\n|t:|1781441331\n|-singleturn|p2a: Toucannon|move: Beak Blast\n|move|p1a: Sableye|Encore|p2a: Toucannon\n|-start|p2a: Toucannon|Encore\n|move|p2a: Toucannon|Knock Off|p1a: Sableye\n|-damage|p1a: Sableye|92/231\n|\n|-damage|p2a: Toucannon|250/284 brn|[from] brn\n|upkeep\n|turn|13\n|\n|t:|1781441335\n|move|p1a: Sableye|Recover|p1a: Sableye\n|-heal|p1a: Sableye|208/231\n|move|p2a: Toucannon|Knock Off|p1a: Sableye\n|-damage|p1a: Sableye|178/231\n|\n|-damage|p2a: Toucannon|233/284 brn|[from] brn\n|upkeep\n|turn|14\n|\n|t:|1781441339\n|switch|p1a: Ho-Oh|Ho-Oh, L71, tera:Ground|268/268\n|move|p2a: Toucannon|Knock Off|p1a: Ho-Oh\n|-damage|p1a: Ho-Oh|217/268\n|-enditem|p1a: Ho-Oh|Heavy-Duty Boots|[from] move: Knock Off|[of] p2a: Toucannon\n|\n|-damage|p2a: Toucannon|216/284 brn|[from] brn\n|-end|p2a: Toucannon|Encore\n|upkeep\n|turn|15\n|\n|t:|1781441342\n|-singleturn|p2a: Toucannon|move: Beak Blast\n|move|p1a: Ho-Oh|Sacred Fire|p2a: Toucannon\n|-damage|p2a: Toucannon|105/284 brn\n|move|p2a: Toucannon|Beak Blast|p1a: Ho-Oh\n|-damage|p1a: Ho-Oh|133/268\n|\n|-damage|p2a: Toucannon|88/284 brn|[from] brn\n|upkeep\n|turn|16\n|\n|t:|1781441351\n|move|p1a: Ho-Oh|Sacred Fire|p2a: Toucannon\n|-damage|p2a: Toucannon|0 fnt\n|faint|p2a: Toucannon\n|\n|upkeep\n|\n|t:|1781441354\n|switch|p2a: Toxtricity|Toxtricity, L82, F, tera:Normal|131/257\n|turn|17\n|\n|t:|1781441359\n|move|p2a: Toxtricity|Gunk Shot|p1a: Ho-Oh\n|-resisted|p1a: Ho-Oh\n|-damage|p1a: Ho-Oh|64/268\n|move|p1a: Ho-Oh|Recover|p1a: Ho-Oh\n|-heal|p1a: Ho-Oh|198/268\n|\n|upkeep\n|turn|18\n|\n|t:|1781441364\n|move|p2a: Toxtricity|Overdrive|p1a: Ho-Oh\n|-immune|p1a: Ho-Oh\n|move|p1a: Ho-Oh|Brave Bird|p2a: Toxtricity\n|-damage|p2a: Toxtricity|0 fnt\n|faint|p2a: Toxtricity\n|-damage|p1a: Ho-Oh|155/268|[from] Recoil\n|\n|upkeep\n|\n|t:|1781441369\n|switch|p2a: Zamazenta|Zamazenta-Crowned, L68|238/238\n|-ability|p2a: Zamazenta|Dauntless Shield|boost\n|-boost|p2a: Zamazenta|def|1\n|turn|19\n|\n|t:|1781441374\n|switch|p1a: Sableye|Sableye, L88, F|178/231\n|move|p2a: Zamazenta|Iron Defense|p2a: Zamazenta\n|-boost|p2a: Zamazenta|def|2\n|\n|upkeep\n|turn|20\n|\n|t:|1781441377\n|switch|p2a: Exeggutor|Exeggutor, L89, M|312/312\n|move|p1a: Sableye|Will-O-Wisp|p2a: Exeggutor\n|-status|p2a: Exeggutor|brn\n|\n|-damage|p2a: Exeggutor|293/312 brn|[from] brn\n|upkeep\n|turn|21\n|\n|t:|1781441381\n|move|p2a: Exeggutor|Sleep Powder|p1a: Sableye\n|-status|p1a: Sableye|slp|[from] move: Sleep Powder\n|cant|p1a: Sableye|slp\n|\n|-damage|p2a: Exeggutor|274/312 brn|[from] brn\n|upkeep\n|turn|22\n|\n|t:|1781441385\n|switch|p1a: Brute Bonnet|Brute Bonnet, L80|309/309\n|move|p2a: Exeggutor|Leech Seed|p1a: Brute Bonnet\n|-immune|p1a: Brute Bonnet\n|\n|-damage|p2a: Exeggutor|255/312 brn|[from] brn\n|upkeep\n|turn|23\n|\n|t:|1781441389\n|switch|p2a: Zamazenta|Zamazenta-Crowned, L68|238/238\n|move|p1a: Brute Bonnet|Spore|p2a: Zamazenta\n|-status|p2a: Zamazenta|slp|[from] move: Spore\n|\n|upkeep\n|turn|24\n|\n|t:|1781441391\n|-end|p1a: Brute Bonnet|Protosynthesis|[silent]\n|switch|p1a: Ho-Oh|Ho-Oh, L71, tera:Ground|244/268\n|cant|p2a: Zamazenta|slp\n|\n|upkeep\n|turn|25\n|\n|t:|1781441394\n|cant|p2a: Zamazenta|slp\n|move|p1a: Ho-Oh|Sacred Fire|p2a: Zamazenta\n|-supereffective|p2a: Zamazenta\n|-damage|p2a: Zamazenta|74/238 slp\n|\n|upkeep\n|turn|26\n|\n|t:|1781441397\n|cant|p2a: Zamazenta|slp\n|move|p1a: Ho-Oh|Earthquake|p2a: Zamazenta\n|-supereffective|p2a: Zamazenta\n|-damage|p2a: Zamazenta|0 fnt\n|faint|p2a: Zamazenta\n|\n|upkeep\n|-message|ceezy forfeited.\n|\n|win|TheLastOne\n", "inputlog": ">version a8376a258c1d4662feba110a92103f3664a72141\n>start {\"formatid\":\"gen9randombattle\",\"seed\":\"sodium,8a755fb3ff32d7489ed57e9f7b02ae2c\",\"rated\":\"Rated battle\"}\n>player p1 {\"name\":\"TheLastOne\",\"avatar\":\"falkner\",\"rating\":2007,\"seed\":\"sodium,56d10bddd6b6de42f1d261d03ee04599\"}\n>player p2 {\"name\":\"ceezy\",\"avatar\":\"rika\",\"rating\":1950,\"seed\":\"sodium,9f04028e52b0fe7272afc39ec7467b81\"}\n>p1 move willowisp\n>p2 move surf\n>p1 switch 6\n>p2 move surf\n>p1 move shellsmash\n>p2 switch 3\n>p1 move hydropump\n>p2 move bodyslam\n>p1 move hydropump\n>p2 move bodyslam\n>p2 switch 3\n>p1 move icebeam\n>p2 move surf\n>p1 move hydropump\n>p2 move roost\n>p1 switch 5\n>p2 switch 6\n>p1 move earthquake terastallize\n>p2 move shiftgear terastallize\n>p1 switch 6\n>p2 move boomburst\n>p1 move encore\n>p2 switch 5\n>p1 move willowisp\n>p2 move knockoff\n>p1 move encore\n>p2 move beakblast\n>p1 move recover\n>p2 move knockoff\n>p1 switch 6\n>p2 move knockoff\n>p1 move sacredfire\n>p2 move beakblast\n>p1 move sacredfire\n>p2 move roost\n>p2 switch 5\n>p1 move recover\n>p2 move gunkshot\n>p1 move bravebird\n>p2 move overdrive\n>p2 switch 4\n>p1 switch 6\n>p2 move irondefense\n>p1 move willowisp\n>p2 switch 2\n>p1 move knockoff\n>p2 move sleeppowder\n>p1 switch 4\n>p2 move leechseed\n>p1 move spore\n>p2 switch 2\n>p1 switch 6\n>p2 move irondefense\n>p1 move sacredfire\n>p2 move irondefense\n>p1 move earthquake\n>p2 move irondefense\n>forcelose p2", "uploadtime": 1781441191, "views": 6, "formatid": "gen9randombattle", "rating": null, "private": 0, "password": null}