{"id": "gen9randombattle-2631577084", "format": "[Gen 9] Random Battle", "players": ["nutbustas", "Z10101"], "log": "|j|\u203dnutbustas\n|j|\u2606Z10101\n|t:|1781403678\n|gametype|singles\n|player|p1|nutbustas|plumeria|1990\n|player|p2|Z10101|102|2055\n|gen|9\n|tier|[Gen 9] Random Battle\n|rated|\n|rule|Species Clause: Limit one of each Pok\u00e9mon\n|rule|HP Percentage Mod: HP is shown in percentages\n|rule|Sleep Clause Mod: Limit one foe put to sleep\n|rule|Illusion Level Mod: Illusion disguises the Pok\u00e9mon's true level\n|\n|t:|1781403678\n|teamsize|p1|6\n|teamsize|p2|6\n|start\n|switch|p1a: Azelf|Azelf, L82|257/257\n|switch|p2a: Bellossom|Bellossom, L84, F|263/263\n|turn|1\n|\n|t:|1781403687\n|move|p1a: Azelf|Fire Blast|p2a: Bellossom\n|-supereffective|p2a: Bellossom\n|-damage|p2a: Bellossom|32/263\n|-damage|p1a: Azelf|232/257|[from] item: Life Orb\n|move|p2a: Bellossom|Quiver Dance|p2a: Bellossom\n|-boost|p2a: Bellossom|spa|1\n|-boost|p2a: Bellossom|spd|1\n|-boost|p2a: Bellossom|spe|1\n|\n|-heal|p2a: Bellossom|48/263|[from] item: Leftovers\n|upkeep\n|turn|2\n|\n|t:|1781403691\n|switch|p2a: Scream Tail|Scream Tail, L84|330/330\n|move|p1a: Azelf|Psychic|p2a: Scream Tail\n|-resisted|p2a: Scream Tail\n|-damage|p2a: Scream Tail|268/330\n|-damage|p1a: Azelf|207/257|[from] item: Life Orb\n|\n|-heal|p2a: Scream Tail|288/330|[from] item: Leftovers\n|upkeep\n|turn|3\n|\n|t:|1781403696\n|move|p1a: Azelf|Taunt|p2a: Scream Tail\n|-start|p2a: Scream Tail|move: Taunt\n|cant|p2a: Scream Tail|move: Taunt|Wish\n|\n|-heal|p2a: Scream Tail|308/330|[from] item: Leftovers\n|upkeep\n|turn|4\n|inactive|Battle timer is ON: inactive players will automatically lose when time's up. (requested by Z10101)\n|\n|t:|1781403712\n|move|p1a: Azelf|Fire Blast|p2a: Scream Tail\n|-damage|p2a: Scream Tail|208/330\n|-damage|p1a: Azelf|182/257|[from] item: Life Orb\n|move|p2a: Scream Tail|Play Rough|p1a: Azelf\n|-damage|p1a: Azelf|101/257\n|\n|-heal|p2a: Scream Tail|228/330|[from] item: Leftovers\n|upkeep\n|turn|5\n|\n|t:|1781403727\n|move|p1a: Azelf|Fire Blast|p2a: Scream Tail\n|-damage|p2a: Scream Tail|133/330\n|-damage|p1a: Azelf|76/257|[from] item: Life Orb\n|move|p2a: Scream Tail|Play Rough|p1a: Azelf|[miss]\n|-miss|p2a: Scream Tail|p1a: Azelf\n|\n|-heal|p2a: Scream Tail|153/330|[from] item: Leftovers\n|-end|p2a: Scream Tail|move: Taunt\n|upkeep\n|turn|6\n|\n|t:|1781403734\n|move|p2a: Scream Tail|Protect|p2a: Scream Tail\n|-singleturn|p2a: Scream Tail|Protect\n|move|p1a: Azelf|Taunt|p2a: Scream Tail\n|-activate|p2a: Scream Tail|move: Protect\n|\n|-heal|p2a: Scream Tail|173/330|[from] item: Leftovers\n|upkeep\n|turn|7\n|\n|t:|1781403738\n|move|p1a: Azelf|Explosion|p2a: Scream Tail\n|-crit|p2a: Scream Tail\n|-damage|p2a: Scream Tail|0 fnt\n|faint|p1a: Azelf\n|faint|p2a: Scream Tail\n|-end|p2a: Scream Tail|Protosynthesis|[silent]\n|\n|upkeep\n|\n|t:|1781403743\n|switch|p1a: Iron Moth|Iron Moth, L78|253/253\n|switch|p2a: Polteageist|Polteageist-Antique, L78|222/222\n|turn|8\n|\n|t:|1781403753\n|move|p1a: Iron Moth|Fire Blast|p2a: Polteageist\n|-damage|p2a: Polteageist|104/222\n|move|p2a: Polteageist|Shell Smash|p2a: Polteageist\n|-unboost|p2a: Polteageist|def|1\n|-unboost|p2a: Polteageist|spd|1\n|-boost|p2a: Polteageist|atk|2\n|-boost|p2a: Polteageist|spa|2\n|-boost|p2a: Polteageist|spe|2\n|-enditem|p2a: Polteageist|White Herb\n|-clearnegativeboost|p2a: Polteageist|[silent]\n|\n|upkeep\n|turn|9\n|inactive|Z10101 has 120 seconds left.\n|\n|t:|1781403790\n|move|p2a: Polteageist|Stored Power|p1a: Iron Moth\n|-supereffective|p1a: Iron Moth\n|-damage|p1a: Iron Moth|0 fnt\n|faint|p1a: Iron Moth\n|-end|p1a: Iron Moth|Quark Drive|[silent]\n|\n|upkeep\n|\n|t:|1781403794\n|switch|p1a: Azumarill|Azumarill, L82, M|298/298\n|turn|10\n|\n|t:|1781403803\n|-terastallize|p1a: Azumarill|Water\n|move|p1a: Azumarill|Aqua Jet|p2a: Polteageist\n|-damage|p2a: Polteageist|0 fnt\n|faint|p2a: Polteageist\n|\n|upkeep\n|\n|t:|1781403809\n|switch|p2a: Rotom|Rotom-Wash, L82|216/216\n|turn|11\n|\n|t:|1781403824\n|move|p1a: Azumarill|Aqua Jet|p2a: Rotom\n|-resisted|p2a: Rotom\n|-damage|p2a: Rotom|168/216\n|move|p2a: Rotom|Volt Switch|p1a: Azumarill\n|-supereffective|p1a: Azumarill\n|-damage|p1a: Azumarill|118/298\n|\n|t:|1781403827\n|switch|p2a: Bellossom|Bellossom, L84, F|48/263|[from] Volt Switch\n|\n|-heal|p2a: Bellossom|64/263|[from] item: Leftovers\n|upkeep\n|turn|12\n|\n|t:|1781403831\n|switch|p2a: Rotom|Rotom-Wash, L82|168/216\n|move|p1a: Azumarill|Aqua Jet|p2a: Rotom\n|-resisted|p2a: Rotom\n|-damage|p2a: Rotom|126/216\n|\n|upkeep\n|turn|13\n|\n|t:|1781403835\n|move|p1a: Azumarill|Aqua Jet|p2a: Rotom\n|-resisted|p2a: Rotom\n|-damage|p2a: Rotom|82/216\n|move|p2a: Rotom|Volt Switch|p1a: Azumarill\n|-supereffective|p1a: Azumarill\n|-damage|p1a: Azumarill|0 fnt\n|faint|p1a: Azumarill\n|\n|t:|1781403838\n|switch|p2a: Bellossom|Bellossom, L84, F|64/263|[from] Volt Switch\n|\n|-heal|p2a: Bellossom|80/263|[from] item: Leftovers\n|upkeep\n|\n|t:|1781403845\n|switch|p1a: Sandslash|Sandslash-Alola, L88, M|275/275\n|turn|14\n|inactive|Z10101 has 120 seconds left.\n|\n|t:|1781403896\n|move|p1a: Sandslash|Triple Axel|p2a: Bellossom\n|-supereffective|p2a: Bellossom\n|-damage|p2a: Bellossom|23/263\n|-supereffective|p2a: Bellossom\n|-damage|p2a: Bellossom|0 fnt\n|faint|p2a: Bellossom\n|-hitcount|p2: Bellossom|2\n|-damage|p1a: Sandslash|248/275|[from] item: Life Orb\n|\n|upkeep\n|\n|t:|1781403901\n|switch|p2a: Rotom|Rotom-Wash, L82|82/216\n|turn|15\n|\n|t:|1781403908\n|move|p2a: Rotom|Volt Switch|p1a: Sandslash\n|-damage|p1a: Sandslash|163/275\n|\n|t:|1781403914\n|switch|p2a: Arbok|Arbok, L87, F|246/246|[from] Volt Switch\n|-ability|p2a: Arbok|Intimidate|boost\n|-unboost|p1a: Sandslash|atk|1\n|move|p1a: Sandslash|Knock Off|p2a: Arbok\n|-damage|p2a: Arbok|168/246\n|-enditem|p2a: Arbok|Leftovers|[from] move: Knock Off|[of] p1a: Sandslash\n|-damage|p1a: Sandslash|136/275|[from] item: Life Orb\n|\n|upkeep\n|turn|16\n|\n|t:|1781403925\n|move|p2a: Arbok|Earthquake|p1a: Sandslash\n|-supereffective|p1a: Sandslash\n|-damage|p1a: Sandslash|30/275\n|move|p1a: Sandslash|Earthquake|p2a: Arbok\n|-supereffective|p2a: Arbok\n|-damage|p2a: Arbok|7/246\n|-damage|p1a: Sandslash|3/275|[from] item: Life Orb\n|\n|upkeep\n|turn|17\n|inactive|Z10101 has 120 seconds left.\n|inactive|Z10101 has 90 seconds left.\n|inactive|Z10101 has 60 seconds left.\n|\n|t:|1781404000\n|switch|p1a: Toucannon|Toucannon, L88, F|284/284\n|move|p2a: Arbok|Earthquake|p1a: Toucannon\n|-immune|p1a: Toucannon\n|\n|upkeep\n|turn|18\n|\n|t:|1781404007\n|move|p2a: Arbok|Gunk Shot|p1a: Toucannon\n|-damage|p1a: Toucannon|133/284\n|move|p1a: Toucannon|Boomburst|p2a: Arbok\n|-damage|p2a: Arbok|0 fnt\n|faint|p2a: Arbok\n|\n|upkeep\n|\n|t:|1781404012\n|switch|p2a: Rotom|Rotom-Wash, L82|82/216\n|turn|19\n|\n|t:|1781404014\n|move|p2a: Rotom|Thunderbolt|p1a: Toucannon\n|-supereffective|p1a: Toucannon\n|-damage|p1a: Toucannon|0 fnt\n|faint|p1a: Toucannon\n|\n|upkeep\n|\n|t:|1781404018\n|switch|p1a: Dewgong|Dewgong, L94, F|322/322\n|turn|20\n|\n|t:|1781404022\n|move|p2a: Rotom|Thunderbolt|p1a: Dewgong\n|-supereffective|p1a: Dewgong\n|-damage|p1a: Dewgong|164/322\n|-status|p1a: Dewgong|par\n|move|p1a: Dewgong|Knock Off|p2a: Rotom\n|-damage|p2a: Rotom|24/216\n|-enditem|p2a: Rotom|Choice Scarf|[from] move: Knock Off|[of] p1a: Dewgong\n|\n|upkeep\n|turn|21\n|\n|t:|1781404026\n|move|p2a: Rotom|Thunderbolt|p1a: Dewgong\n|-supereffective|p1a: Dewgong\n|-damage|p1a: Dewgong|0 fnt\n|faint|p1a: Dewgong\n|\n|upkeep\n|-message|nutbustas forfeited.\n|\n|win|Z10101\n", "uploadtime": 1781403681, "views": 3, "formatid": "gen9randombattle", "rating": null, "private": 0, "password": null}