{"id": "gen9randombattle-2631542886", "format": "[Gen 9] Random Battle", "players": ["majorjetlag", "klam141"], "log": "|j|\u2606majorjetlag\n|j|\u2606klam141\n|t:|1781398985\n|gametype|singles\n|player|p1|majorjetlag|lorelei-gen1|1982\n|player|p2|klam141|pokemaniac|2019\n|gen|9\n|tier|[Gen 9] Random Battle\n|rated|\n|rule|Species Clause: Limit one of each Pok\u00e9mon\n|rule|HP Percentage Mod: HP is shown in percentages\n|rule|Sleep Clause Mod: Limit one foe put to sleep\n|rule|Illusion Level Mod: Illusion disguises the Pok\u00e9mon's true level\n|\n|t:|1781398985\n|teamsize|p1|6\n|teamsize|p2|6\n|start\n|switch|p1a: Iron Crown|Iron Crown, L78|268/268\n|switch|p2a: Mismagius|Mismagius, L86, F|243/243\n|turn|1\n|inactive|Battle timer is ON: inactive players will automatically lose when time's up. (requested by klam141)\n|\n|t:|1781399003\n|-end|p1a: Iron Crown|Quark Drive|[silent]\n|switch|p1a: Klefki|Klefki, L84, F|233/233\n|move|p2a: Mismagius|Shadow Ball|p1a: Klefki\n|-damage|p1a: Klefki|101/233\n|\n|-heal|p1a: Klefki|115/233|[from] item: Leftovers\n|upkeep\n|turn|2\n|\n|t:|1781399021\n|switch|p2a: Lanturn|Lanturn, L89, F|367/367\n|move|p1a: Klefki|Thunder Wave|p2a: Lanturn\n|-immune|p2a: Lanturn|[from] ability: Volt Absorb\n|\n|-heal|p1a: Klefki|129/233|[from] item: Leftovers\n|upkeep\n|turn|3\n|\n|t:|1781399030\n|move|p1a: Klefki|Spikes|p2a: Lanturn\n|-sidestart|p2: klam141|Spikes\n|move|p2a: Lanturn|Thunderbolt|p1a: Klefki\n|-damage|p1a: Klefki|47/233\n|\n|-heal|p1a: Klefki|61/233|[from] item: Leftovers\n|upkeep\n|turn|4\n|\n|t:|1781399034\n|switch|p1a: Mesprit|Mesprit, L85|275/275\n|move|p2a: Lanturn|Thunderbolt|p1a: Mesprit\n|-damage|p1a: Mesprit|203/275\n|\n|-heal|p1a: Mesprit|220/275|[from] item: Leftovers\n|upkeep\n|turn|5\n|\n|t:|1781399038\n|move|p1a: Mesprit|Stealth Rock|p2a: Lanturn\n|-sidestart|p2: klam141|move: Stealth Rock\n|move|p2a: Lanturn|Thunder Wave|p1a: Mesprit\n|-status|p1a: Mesprit|par\n|\n|-heal|p1a: Mesprit|237/275 par|[from] item: Leftovers\n|upkeep\n|turn|6\n|\n|t:|1781399041\n|move|p2a: Lanturn|Thunderbolt|p1a: Mesprit\n|-damage|p1a: Mesprit|167/275 par\n|move|p1a: Mesprit|Knock Off|p2a: Lanturn\n|-damage|p2a: Lanturn|266/367\n|-enditem|p2a: Lanturn|Heavy-Duty Boots|[from] move: Knock Off|[of] p1a: Mesprit\n|\n|-heal|p1a: Mesprit|184/275 par|[from] item: Leftovers\n|upkeep\n|turn|7\n|\n|t:|1781399050\n|move|p2a: Lanturn|Thunderbolt|p1a: Mesprit\n|-damage|p1a: Mesprit|111/275 par\n|move|p1a: Mesprit|Psychic Noise|p2a: Lanturn\n|-damage|p2a: Lanturn|170/367\n|-start|p2a: Lanturn|move: Heal Block\n|\n|-heal|p1a: Mesprit|128/275 par|[from] item: Leftovers\n|upkeep\n|turn|8\n|\n|t:|1781399059\n|move|p2a: Lanturn|Volt Switch|p1a: Mesprit\n|-damage|p1a: Mesprit|71/275 par\n|\n|t:|1781399061\n|switch|p2a: Scrafty|Scrafty, L83, M|244/244|[from] Volt Switch\n|-damage|p2a: Scrafty|214/244|[from] Spikes\n|-damage|p2a: Scrafty|199/244|[from] Stealth Rock\n|-ability|p2a: Scrafty|Intimidate|boost\n|-unboost|p1a: Mesprit|atk|1\n|move|p1a: Mesprit|Psychic Noise|p2a: Scrafty\n|-immune|p2a: Scrafty\n|\n|-heal|p2a: Scrafty|214/244|[from] item: Leftovers\n|-heal|p1a: Mesprit|88/275 par|[from] item: Leftovers\n|upkeep\n|turn|9\n|\n|t:|1781399069\n|switch|p1a: Hawlucha|Hawlucha, L80, M|256/256\n|move|p2a: Scrafty|Knock Off|p1a: Hawlucha\n|-resisted|p1a: Hawlucha\n|-damage|p1a: Hawlucha|205/256\n|-enditem|p1a: Hawlucha|White Herb|[from] move: Knock Off|[of] p2a: Scrafty\n|\n|-heal|p2a: Scrafty|229/244|[from] item: Leftovers\n|upkeep\n|turn|10\n|\n|t:|1781399082\n|switch|p2a: Illumise|Illumise, L91, F|266/266\n|move|p1a: Hawlucha|Swords Dance|p1a: Hawlucha\n|-boost|p1a: Hawlucha|atk|2\n|\n|upkeep\n|turn|11\n|\n|t:|1781399089\n|switch|p1a: Conkeldurr|Conkeldurr, L80, M|299/299\n|move|p2a: Illumise|Thunder Wave|p1a: Conkeldurr\n|-status|p1a: Conkeldurr|par\n|\n|upkeep\n|turn|12\n|\n|t:|1781399105\n|switch|p2a: Scrafty|Scrafty, L83, M|229/244\n|-damage|p2a: Scrafty|199/244|[from] Spikes\n|-damage|p2a: Scrafty|184/244|[from] Stealth Rock\n|-ability|p2a: Scrafty|Intimidate|boost\n|-unboost|p1a: Conkeldurr|atk|1\n|move|p1a: Conkeldurr|Knock Off|p2a: Scrafty\n|-resisted|p2a: Scrafty\n|-damage|p2a: Scrafty|167/244\n|-enditem|p2a: Scrafty|Leftovers|[from] move: Knock Off|[of] p1a: Conkeldurr\n|\n|upkeep\n|turn|13\n|\n|t:|1781399112\n|switch|p2a: Mismagius|Mismagius, L86, F|243/243\n|-damage|p2a: Mismagius|213/243|[from] Stealth Rock\n|move|p1a: Conkeldurr|Close Combat|p2a: Mismagius\n|-immune|p2a: Mismagius\n|\n|upkeep\n|turn|14\n|inactive|klam141 has 120 seconds left.\n|\n|t:|1781399169\n|move|p2a: Mismagius|Dazzling Gleam|p1a: Conkeldurr\n|-supereffective|p1a: Conkeldurr\n|-damage|p1a: Conkeldurr|49/299 par\n|cant|p1a: Conkeldurr|par\n|\n|upkeep\n|turn|15\n|\n|t:|1781399174\n|move|p2a: Mismagius|Dazzling Gleam|p1a: Conkeldurr\n|-supereffective|p1a: Conkeldurr\n|-damage|p1a: Conkeldurr|0 fnt\n|faint|p1a: Conkeldurr\n|\n|upkeep\n|\n|t:|1781399186\n|switch|p1a: Reshiram|Reshiram, L76|277/277\n|-ability|p1a: Reshiram|Turboblaze\n|turn|16\n|inactive|klam141 has 90 seconds left.\n|\n|t:|1781399226\n|switch|p2a: Lanturn|Lanturn, L89, F|170/367\n|-damage|p2a: Lanturn|125/367|[from] Spikes\n|-damage|p2a: Lanturn|80/367|[from] Stealth Rock\n|move|p1a: Reshiram|Dragon Dance|p1a: Reshiram\n|-boost|p1a: Reshiram|atk|1\n|-boost|p1a: Reshiram|spe|1\n|\n|upkeep\n|turn|17\n|\n|t:|1781399230\n|move|p1a: Reshiram|Flare Blitz|p2a: Lanturn\n|-resisted|p2a: Lanturn\n|-damage|p2a: Lanturn|0 fnt\n|faint|p2a: Lanturn\n|-damage|p1a: Reshiram|251/277|[from] Recoil\n|\n|upkeep\n|inactive|klam141 has 90 seconds left.\n|\n|t:|1781399259\n|switch|p2a: Illumise|Illumise, L91, F|266/266\n|turn|18\n|\n|t:|1781399262\n|-terastallize|p2a: Illumise|Water\n|move|p2a: Illumise|Thunder Wave|p1a: Reshiram\n|-status|p1a: Reshiram|par\n|move|p1a: Reshiram|Flare Blitz|p2a: Illumise\n|-resisted|p2a: Illumise\n|-damage|p2a: Illumise|165/266\n|-damage|p1a: Reshiram|218/277 par|[from] Recoil\n|\n|upkeep\n|turn|19\n|\n|t:|1781399269\n|move|p2a: Illumise|Encore|p1a: Reshiram\n|-start|p1a: Reshiram|Encore\n|move|p1a: Reshiram|Flare Blitz|p2a: Illumise\n|-resisted|p2a: Illumise\n|-damage|p2a: Illumise|60/266\n|-damage|p1a: Reshiram|183/277 par|[from] Recoil\n|\n|upkeep\n|turn|20\n|\n|t:|1781399278\n|switch|p1a: Klefki|Klefki, L84, F|61/233\n|move|p2a: Illumise|Roost|p2a: Illumise\n|-heal|p2a: Illumise|193/266\n|\n|-heal|p1a: Klefki|75/233|[from] item: Leftovers\n|upkeep\n|turn|21\n|\n|t:|1781399287\n|switch|p2a: Grumpig|Grumpig, L92, F|297/297\n|-damage|p2a: Grumpig|260/297|[from] Spikes\n|-damage|p2a: Grumpig|223/297|[from] Stealth Rock\n|move|p1a: Klefki|Thunder Wave|p2a: Grumpig\n|-status|p2a: Grumpig|par\n|\n|-heal|p1a: Klefki|89/233|[from] item: Leftovers\n|upkeep\n|turn|22\n|\n|t:|1781399291\n|move|p1a: Klefki|Spikes|p2a: Grumpig\n|-sidestart|p2: klam141|Spikes\n|move|p2a: Grumpig|Earth Power|p1a: Klefki\n|-supereffective|p1a: Klefki\n|-damage|p1a: Klefki|0 fnt\n|faint|p1a: Klefki\n|\n|upkeep\n|\n|t:|1781399299\n|switch|p1a: Mesprit|Mesprit, L85|88/275 par\n|turn|23\n|inactive|klam141 has 120 seconds left.\n|\n|t:|1781399304\n|move|p2a: Grumpig|Earth Power|p1a: Mesprit\n|-immune|p1a: Mesprit|[from] ability: Levitate\n|cant|p1a: Mesprit|par\n|\n|-heal|p1a: Mesprit|105/275 par|[from] item: Leftovers\n|upkeep\n|turn|24\n|\n|t:|1781399313\n|switch|p2a: Scrafty|Scrafty, L83, M|167/244\n|-damage|p2a: Scrafty|127/244|[from] Spikes\n|-damage|p2a: Scrafty|112/244|[from] Stealth Rock\n|-ability|p2a: Scrafty|Intimidate|boost\n|-unboost|p1a: Mesprit|atk|1\n|move|p1a: Mesprit|Knock Off|p2a: Scrafty\n|-resisted|p2a: Scrafty\n|-damage|p2a: Scrafty|105/244\n|\n|-heal|p1a: Mesprit|122/275 par|[from] item: Leftovers\n|upkeep\n|turn|25\n|\n|t:|1781399327\n|switch|p1a: Hawlucha|Hawlucha, L80, M|205/256\n|move|p2a: Scrafty|Knock Off|p1a: Hawlucha\n|-resisted|p1a: Hawlucha\n|-damage|p1a: Hawlucha|168/256\n|\n|upkeep\n|turn|26\n|\n|t:|1781399332\n|move|p1a: Hawlucha|Acrobatics|p2a: Scrafty\n|-supereffective|p2a: Scrafty\n|-damage|p2a: Scrafty|0 fnt\n|faint|p2a: Scrafty\n|\n|upkeep\n|inactive|klam141 has 120 seconds left.\n|\n|t:|1781399351\n|switch|p2a: Mismagius|Mismagius, L86, F|213/243\n|-damage|p2a: Mismagius|183/243|[from] Stealth Rock\n|turn|27\n|\n|t:|1781399364\n|switch|p1a: Mesprit|Mesprit, L85|122/275 par\n|move|p2a: Mismagius|Shadow Ball|p1a: Mesprit\n|-supereffective|p1a: Mesprit\n|-damage|p1a: Mesprit|0 fnt\n|faint|p1a: Mesprit\n|\n|upkeep\n|\n|t:|1781399368\n|switch|p1a: Iron Crown|Iron Crown, L78|268/268\n|turn|28\n|\n|t:|1781399371\n|move|p2a: Mismagius|Shadow Ball|p1a: Iron Crown\n|-supereffective|p1a: Iron Crown\n|-damage|p1a: Iron Crown|4/268\n|move|p1a: Iron Crown|Tachyon Cutter|p2a: Mismagius\n|-damage|p2a: Mismagius|132/243\n|-damage|p2a: Mismagius|81/243\n|-hitcount|p2a: Mismagius|2\n|\n|-heal|p1a: Iron Crown|20/268|[from] item: Leftovers\n|upkeep\n|turn|29\n|\n|t:|1781399374\n|move|p2a: Mismagius|Shadow Ball|p1a: Iron Crown\n|-supereffective|p1a: Iron Crown\n|-damage|p1a: Iron Crown|0 fnt\n|faint|p1a: Iron Crown\n|-end|p1a: Iron Crown|Quark Drive|[silent]\n|\n|upkeep\n|\n|t:|1781399375\n|switch|p1a: Hawlucha|Hawlucha, L80, M|168/256\n|turn|30\n|\n|t:|1781399377\n|move|p1a: Hawlucha|Acrobatics|p2a: Mismagius\n|-damage|p2a: Mismagius|0 fnt\n|faint|p2a: Mismagius\n|\n|upkeep\n|\n|t:|1781399381\n|switch|p2a: Grumpig|Grumpig, L92, F|223/297 par\n|-damage|p2a: Grumpig|174/297 par|[from] Spikes\n|-damage|p2a: Grumpig|137/297 par|[from] Stealth Rock\n|turn|31\n|\n|t:|1781399393\n|-terastallize|p1a: Hawlucha|Flying\n|move|p1a: Hawlucha|Acrobatics|p2a: Grumpig\n|-damage|p2a: Grumpig|0 fnt\n|faint|p2a: Grumpig\n|\n|upkeep\n|\n|t:|1781399397\n|switch|p2a: Illumise|Illumise, L91, F, tera:Water|193/266\n|turn|32\n|\n|t:|1781399400\n|switch|p1a: Reshiram|Reshiram, L76|183/277 par\n|-ability|p1a: Reshiram|Turboblaze\n|move|p2a: Illumise|Thunder Wave|p1a: Reshiram\n|-fail|p1a: Reshiram|par\n|\n|upkeep\n|turn|33\n|\n|t:|1781399405\n|switch|p2a: Deoxys|Deoxys-Defense, L84|221/221\n|-damage|p2a: Deoxys|185/221|[from] Spikes\n|-damage|p2a: Deoxys|158/221|[from] Stealth Rock\n|-ability|p2a: Deoxys|Pressure\n|move|p1a: Reshiram|Outrage|p2a: Deoxys\n|-damage|p2a: Deoxys|85/221\n|\n|-heal|p2a: Deoxys|98/221|[from] item: Leftovers\n|upkeep\n|turn|34\n|\n|t:|1781399409\n|move|p2a: Deoxys|Recover|p2a: Deoxys\n|-heal|p2a: Deoxys|209/221\n|cant|p1a: Reshiram|par\n|\n|-heal|p2a: Deoxys|221/221|[from] item: Leftovers\n|-start|p1a: Reshiram|confusion|[fatigue]\n|upkeep\n|turn|35\n|\n|t:|1781399412\n|move|p2a: Deoxys|Cosmic Power|p2a: Deoxys\n|-boost|p2a: Deoxys|def|1\n|-boost|p2a: Deoxys|spd|1\n|-activate|p1a: Reshiram|confusion\n|move|p1a: Reshiram|Dragon Dance|p1a: Reshiram\n|-boost|p1a: Reshiram|atk|1\n|-boost|p1a: Reshiram|spe|1\n|\n|upkeep\n|turn|36\n|\n|t:|1781399414\n|move|p2a: Deoxys|Cosmic Power|p2a: Deoxys\n|-boost|p2a: Deoxys|def|1\n|-boost|p2a: Deoxys|spd|1\n|-activate|p1a: Reshiram|confusion\n|move|p1a: Reshiram|Dragon Dance|p1a: Reshiram\n|-boost|p1a: Reshiram|atk|1\n|-boost|p1a: Reshiram|spe|1\n|\n|upkeep\n|turn|37\n|\n|t:|1781399416\n|move|p2a: Deoxys|Cosmic Power|p2a: Deoxys\n|-boost|p2a: Deoxys|def|1\n|-boost|p2a: Deoxys|spd|1\n|-activate|p1a: Reshiram|confusion\n|-damage|p1a: Reshiram|123/277 par|[from] confusion\n|\n|upkeep\n|turn|38\n|\n|t:|1781399418\n|move|p2a: Deoxys|Cosmic Power|p2a: Deoxys\n|-boost|p2a: Deoxys|def|1\n|-boost|p2a: Deoxys|spd|1\n|-end|p1a: Reshiram|confusion\n|move|p1a: Reshiram|Outrage|p2a: Deoxys\n|-damage|p2a: Deoxys|167/221\n|\n|-heal|p2a: Deoxys|180/221|[from] item: Leftovers\n|upkeep\n|turn|39\n|\n|t:|1781399425\n|move|p2a: Deoxys|Stored Power|p1a: Reshiram\n|-damage|p1a: Reshiram|0 fnt\n|faint|p1a: Reshiram\n|\n|-heal|p2a: Deoxys|193/221|[from] item: Leftovers\n|upkeep\n|\n|t:|1781399427\n|switch|p1a: Hawlucha|Hawlucha, L80, M, tera:Flying|168/256\n|turn|40\n|\n|t:|1781399428\n|move|p1a: Hawlucha|Acrobatics|p2a: Deoxys\n|-damage|p2a: Deoxys|163/221\n|move|p2a: Deoxys|Stored Power|p1a: Hawlucha\n|-damage|p1a: Hawlucha|0 fnt\n|faint|p1a: Hawlucha\n|\n|win|klam141\n", "inputlog": ">version a8376a258c1d4662feba110a92103f3664a72141\n>start {\"formatid\":\"gen9randombattle\",\"seed\":\"sodium,0ace799e40f5171aa2ec31728597592e\",\"rated\":\"Rated battle\"}\n>player p1 {\"name\":\"majorjetlag\",\"avatar\":\"lorelei-gen1\",\"rating\":1982,\"seed\":\"sodium,8e0ab19bc8cedaac57cede957a342245\"}\n>player p2 {\"name\":\"klam141\",\"avatar\":\"pokemaniac\",\"rating\":2019,\"seed\":\"sodium,1c09d7db9e2476586b880ec9ccc2867f\"}\n>p1 switch 3\n>p2 move shadowball\n>p1 move thunderwave\n>p2 switch 2\n>p1 move spikes\n>p2 move thunderbolt\n>p1 switch 4\n>p2 move thunderbolt\n>p1 move stealthrock\n>p2 move thunderwave\n>p1 move knockoff\n>p2 move thunderbolt\n>p1 move psychicnoise\n>p2 move thunderbolt\n>p1 move psychicnoise\n>p2 move voltswitch\n>p2 switch 3\n>p1 switch 2\n>p2 move knockoff\n>p1 move swordsdance\n>p2 switch 5\n>p1 switch 6\n>p2 move thunderwave\n>p1 move knockoff\n>p2 switch 5\n>p1 move closecombat\n>p2 switch 2\n>p1 move knockoff\n>p2 move dazzlinggleam\n>p1 move knockoff\n>p2 move dazzlinggleam\n>p1 switch 5\n>p1 move dragondance\n>p2 switch 3\n>p1 move flareblitz\n>p2 move thunderwave\n>p2 switch 5\n>p1 move flareblitz\n>p2 move thunderwave terastallize\n>p1 move outrage\n>p2 move encore\n>p1 switch 4\n>p2 move roost\n>p1 move thunderwave\n>p2 switch 4\n>p1 move spikes\n>p2 move earthpower\n>p1 switch 2\n>p1 move knockoff\n>p2 move earthpower\n>p1 move knockoff\n>p2 switch 2\n>p1 switch 6\n>p2 move knockoff\n>p1 move acrobatics\n>p2 move poisonjab\n>p2 switch 3\n>p1 switch 6\n>p2 move shadowball\n>p1 switch 3\n>p1 move tachyoncutter\n>p2 move shadowball\n>p1 move tachyoncutter\n>p2 move shadowball\n>p1 switch 6\n>p1 move acrobatics\n>p2 move shadowball\n>p2 switch 2\n>p1 move acrobatics terastallize\n>p2 move psyshock\n>p2 switch 4\n>p1 switch 4\n>p2 move thunderwave\n>p1 move outrage\n>p2 switch 6\n>p1 move outrage\n>p2 move recover\n>p1 move dragondance\n>p2 move cosmicpower\n>p1 move dragondance\n>p2 move cosmicpower\n>p1 move outrage\n>p2 move cosmicpower\n>p1 move outrage\n>p2 move cosmicpower\n>p1 move outrage\n>p2 move storedpower\n>p1 switch 4\n>p1 move acrobatics\n>p2 move storedpower", "uploadtime": 1781398987, "views": 6, "formatid": "gen9randombattle", "rating": null, "private": 0, "password": null}