{"id": "gen9randombattle-2631466196", "format": "[Gen 9] Random Battle", "players": ["Ignorinss", "tvstatic313"], "log": "|j|\u2606Ignorinss\n|j|\u2606tvstatic313\n|t:|1781388177\n|gametype|singles\n|player|p1|Ignorinss|roughneck-gen4|1639\n|player|p2|tvstatic313|guitarist-gen4|1617\n|gen|9\n|tier|[Gen 9] Random Battle\n|rated|\n|rule|Species Clause: Limit one of each Pok\u00e9mon\n|rule|HP Percentage Mod: HP is shown in percentages\n|rule|Sleep Clause Mod: Limit one foe put to sleep\n|rule|Illusion Level Mod: Illusion disguises the Pok\u00e9mon's true level\n|\n|t:|1781388177\n|teamsize|p1|6\n|teamsize|p2|6\n|start\n|switch|p1a: Avalugg|Avalugg, L88, F|310/310\n|switch|p2a: Spiritomb|Spiritomb, L89, F|234/234\n|turn|1\n|inactive|Battle timer is ON: inactive players will automatically lose when time's up. (requested by tvstatic313)\n|\n|t:|1781388195\n|move|p2a: Spiritomb|Toxic|p1a: Avalugg\n|-status|p1a: Avalugg|tox\n|move|p1a: Avalugg|Avalanche|p2a: Spiritomb\n|-damage|p2a: Spiritomb|170/234\n|\n|-heal|p2a: Spiritomb|184/234|[from] item: Leftovers\n|-damage|p1a: Avalugg|291/310 tox|[from] psn\n|upkeep\n|turn|2\n|\n|t:|1781388204\n|move|p2a: Spiritomb|Foul Play|p1a: Avalugg\n|-damage|p1a: Avalugg|225/310 tox\n|move|p1a: Avalugg|Avalanche|p2a: Spiritomb\n|-damage|p2a: Spiritomb|58/234\n|\n|-heal|p2a: Spiritomb|72/234|[from] item: Leftovers\n|-damage|p1a: Avalugg|187/310 tox|[from] psn\n|upkeep\n|turn|3\n|\n|t:|1781388209\n|move|p2a: Spiritomb|Pain Split|p1a: Avalugg\n|-sethp|p1a: Avalugg|129/310 tox|[from] move: Pain Split|[silent]\n|-sethp|p2a: Spiritomb|129/234|[from] move: Pain Split\n|move|p1a: Avalugg|Avalanche|p2a: Spiritomb\n|-damage|p2a: Spiritomb|62/234\n|\n|-heal|p2a: Spiritomb|76/234|[from] item: Leftovers\n|-damage|p1a: Avalugg|72/310 tox|[from] psn\n|upkeep\n|turn|4\n|\n|t:|1781388221\n|switch|p1a: Porygon2|Porygon2, L81|270/270\n|-ability|p1a: Porygon2|Download|boost\n|-boost|p1a: Porygon2|spa|1\n|move|p2a: Spiritomb|Poltergeist|p1a: Porygon2\n|-immune|p1a: Porygon2\n|\n|-heal|p2a: Spiritomb|90/234|[from] item: Leftovers\n|upkeep\n|turn|5\n|\n|t:|1781388225\n|move|p1a: Porygon2|Shadow Ball|p2a: Spiritomb\n|-damage|p2a: Spiritomb|21/234\n|move|p2a: Spiritomb|Toxic|p1a: Porygon2\n|-status|p1a: Porygon2|tox\n|\n|-heal|p2a: Spiritomb|35/234|[from] item: Leftovers\n|-damage|p1a: Porygon2|254/270 tox|[from] psn\n|upkeep\n|turn|6\n|\n|t:|1781388234\n|switch|p2a: Indeedee|Indeedee, L84, M|238/238\n|-fieldstart|move: Psychic Terrain|[from] ability: Psychic Surge|[of] p2a: Indeedee\n|move|p1a: Porygon2|Shadow Ball|p2a: Indeedee\n|-immune|p2a: Indeedee\n|\n|-damage|p1a: Porygon2|222/270 tox|[from] psn\n|upkeep\n|turn|7\n|\n|t:|1781388241\n|switch|p1a: Regice|Regice, L88|284/284\n|move|p2a: Indeedee|Calm Mind|p2a: Indeedee\n|-boost|p2a: Indeedee|spa|1\n|-boost|p2a: Indeedee|spd|1\n|\n|upkeep\n|turn|8\n|\n|t:|1781388252\n|switch|p2a: Spiritomb|Spiritomb, L89, F|35/234\n|move|p1a: Regice|Ice Beam|p2a: Spiritomb\n|-crit|p2a: Spiritomb\n|-damage|p2a: Spiritomb|0 fnt\n|faint|p2a: Spiritomb\n|\n|upkeep\n|\n|t:|1781388260\n|switch|p2a: Lokix|Lokix, L82, M|251/251\n|turn|9\n|\n|t:|1781388264\n|switch|p1a: Avalugg|Avalugg, L88, F|72/310 tox\n|move|p2a: Lokix|Knock Off|p1a: Avalugg\n|-damage|p1a: Avalugg|23/310 tox\n|-enditem|p1a: Avalugg|Heavy-Duty Boots|[from] move: Knock Off|[of] p2a: Lokix\n|\n|-damage|p1a: Avalugg|4/310 tox|[from] psn\n|upkeep\n|turn|10\n|\n|t:|1781388269\n|move|p2a: Lokix|U-turn|p1a: Avalugg\n|-damage|p1a: Avalugg|0 fnt\n|faint|p1a: Avalugg\n|\n|t:|1781388274\n|switch|p2a: Banette|Banette, L93, F|270/270|[from] U-turn\n|\n|-fieldend|move: Psychic Terrain\n|upkeep\n|\n|t:|1781388283\n|switch|p1a: Dodrio|Dodrio, L85, F|241/241\n|turn|11\n|\n|t:|1781388296\n|move|p1a: Dodrio|Swords Dance|p1a: Dodrio\n|-boost|p1a: Dodrio|atk|2\n|move|p2a: Banette|Gunk Shot|p1a: Dodrio\n|-damage|p1a: Dodrio|68/241\n|-damage|p2a: Banette|243/270|[from] item: Life Orb\n|\n|upkeep\n|turn|12\n|\n|t:|1781388315\n|move|p1a: Dodrio|Knock Off|p2a: Banette\n|-supereffective|p2a: Banette\n|-damage|p2a: Banette|0 fnt\n|-enditem|p2a: Banette|Life Orb|[from] move: Knock Off|[of] p1a: Dodrio\n|faint|p2a: Banette\n|\n|upkeep\n|\n|t:|1781388319\n|switch|p2a: Ditto|Ditto, L87|225/225\n|-transform|p2a: Ditto|p1a: Dodrio|[from] ability: Imposter\n|turn|13\n|\n|t:|1781388339\n|move|p2a: Ditto|Brave Bird|p1a: Dodrio\n|-damage|p1a: Dodrio|0 fnt\n|faint|p1a: Dodrio\n|-damage|p2a: Ditto|203/225|[from] Recoil\n|\n|upkeep\n|\n|t:|1781388341\n|switch|p1a: Miraidon|Miraidon, L65|238/238\n|-fieldstart|move: Electric Terrain|[from] ability: Hadron Engine|[of] p1a: Miraidon\n|turn|14\n|\n|t:|1781388365\n|switch|p2a: Regidrago|Regidrago, L77|435/435\n|move|p1a: Miraidon|Volt Switch|p2a: Regidrago\n|-resisted|p2a: Regidrago\n|-damage|p2a: Regidrago|315/435\n|\n|t:|1781388370\n|switch|p1a: Regice|Regice, L88|284/284|[from] Volt Switch\n|\n|upkeep\n|turn|15\n|\n|t:|1781388382\n|-terastallize|p2a: Regidrago|Steel\n|move|p2a: Regidrago|Dragon Dance|p2a: Regidrago\n|-boost|p2a: Regidrago|atk|1\n|-boost|p2a: Regidrago|spe|1\n|move|p1a: Regice|Ice Beam|p2a: Regidrago\n|-resisted|p2a: Regidrago\n|-damage|p2a: Regidrago|223/435\n|-status|p2a: Regidrago|frz\n|\n|upkeep\n|turn|16\n|inactive|Ignorinss has 120 seconds left.\n|\n|t:|1781388425\n|switch|p1a: Porygon2|Porygon2, L81|222/270 tox\n|-ability|p1a: Porygon2|Download|boost\n|-boost|p1a: Porygon2|spa|1\n|cant|p2a: Regidrago|frz\n|\n|-damage|p1a: Porygon2|206/270 tox|[from] psn\n|upkeep\n|turn|17\n|\n|t:|1781388446\n|-curestatus|p2a: Regidrago|frz|[msg]\n|move|p2a: Regidrago|Dragon Dance|p2a: Regidrago\n|-boost|p2a: Regidrago|atk|1\n|-boost|p2a: Regidrago|spe|1\n|move|p1a: Porygon2|Shadow Ball|p2a: Regidrago\n|-crit|p2a: Regidrago\n|-damage|p2a: Regidrago|37/435\n|\n|-damage|p1a: Porygon2|174/270 tox|[from] psn\n|upkeep\n|turn|18\n|\n|t:|1781388453\n|move|p2a: Regidrago|Dragon Claw|p1a: Porygon2\n|-damage|p1a: Porygon2|0 fnt\n|faint|p1a: Porygon2\n|-damage|p2a: Regidrago|0 fnt|[from] item: Life Orb\n|faint|p2a: Regidrago\n|\n|-fieldend|move: Electric Terrain\n|upkeep\n|\n|t:|1781388458\n|switch|p2a: Lokix|Lokix, L82, M|251/251\n|switch|p1a: Tsareena|Tsareena, L87, F|267/267\n|turn|19\n|\n|t:|1781388466\n|-terastallize|p1a: Tsareena|Steel\n|move|p2a: Lokix|First Impression||[still]\n|cant|p1a: Tsareena|ability: Queenly Majesty|First Impression|[of] p2a: Lokix\n|move|p1a: Tsareena|U-turn|p2a: Lokix\n|-supereffective|p2a: Lokix\n|-damage|p2a: Lokix|57/251\n|\n|t:|1781388475\n|switch|p1a: Miraidon|Miraidon, L65|238/238|[from] U-turn\n|-fieldstart|move: Electric Terrain|[from] ability: Hadron Engine|[of] p1a: Miraidon\n|\n|upkeep\n|turn|20\n|\n|t:|1781388481\n|move|p2a: Lokix|Sucker Punch|p1a: Miraidon\n|-crit|p1a: Miraidon\n|-damage|p1a: Miraidon|102/238\n|move|p1a: Miraidon|Volt Switch|p2a: Lokix\n|-damage|p2a: Lokix|0 fnt\n|faint|p2a: Lokix\n|\n|t:|1781388486\n|switch|p1a: Tsareena|Tsareena, L87, F, tera:Steel|267/267|[from] Volt Switch\n|\n|upkeep\n|\n|t:|1781388489\n|switch|p2a: Indeedee|Indeedee, L84, M|238/238\n|-fieldstart|move: Psychic Terrain|[from] ability: Psychic Surge|[of] p2a: Indeedee\n|turn|21\n|\n|t:|1781388504\n|move|p2a: Indeedee|Calm Mind|p2a: Indeedee\n|-boost|p2a: Indeedee|spa|1\n|-boost|p2a: Indeedee|spd|1\n|move|p1a: Tsareena|U-turn|p2a: Indeedee\n|-supereffective|p2a: Indeedee\n|-damage|p2a: Indeedee|0 fnt\n|faint|p2a: Indeedee\n|-message|tvstatic313 forfeited.\n|\n|win|Ignorinss\n|raw|Ignorinss's rating: 1639 &rarr; <strong>1658</strong><br />(+19 for winning)\n|raw|tvstatic313's rating: 1617 &rarr; <strong>1598</strong><br />(-19 for losing)\n|l|\u2606tvstatic313\n|player|p2|\n|l|\u2606Ignorinss\n|player|p1|\n|j|\u2606Ignorinss\n|player|p1|Ignorinss|roughneck-gen4|\n", "inputlog": ">version a8376a258c1d4662feba110a92103f3664a72141\n>start {\"formatid\":\"gen9randombattle\",\"seed\":\"sodium,0cdce5ee300146d83662e0f218dd21d1\",\"rated\":\"Rated battle\"}\n>player p1 {\"name\":\"Ignorinss\",\"avatar\":\"roughneck-gen4\",\"rating\":1639,\"seed\":\"sodium,11f6969ebc8ebf2cc7efaefb50a99556\"}\n>player p2 {\"name\":\"tvstatic313\",\"avatar\":\"guitarist-gen4\",\"rating\":1617,\"seed\":\"sodium,7a79929426910601a8ec329080c52a6d\"}\n>p1 move avalanche\n>p2 move toxic\n>p1 move avalanche\n>p2 move foulplay\n>p1 move avalanche\n>p2 move painsplit\n>p1 switch 3\n>p2 move poltergeist\n>p1 move shadowball\n>p2 move toxic\n>p1 move shadowball\n>p2 switch 4\n>p1 switch 4\n>p2 move calmmind\n>p1 move icebeam\n>p2 switch 4\n>p2 switch 3\n>p1 switch 3\n>p2 move knockoff\n>p1 move recover\n>p2 move uturn\n>p2 switch 6\n>p1 switch 5\n>p1 move swordsdance\n>p2 move gunkshot\n>p1 move knockoff\n>p2 move gunkshot\n>p2 switch 2\n>p1 move bravebird\n>p2 move bravebird\n>p1 switch 6\n>p1 move voltswitch\n>p2 switch 5\n>p1 switch 3\n>p1 move icebeam\n>p2 move dragondance terastallize\n>p1 switch 4\n>p2 move terablast\n>p1 move shadowball\n>p2 move dragondance\n>p1 move shadowball\n>p2 move dragonclaw\n>p1 switch 2\n>p2 switch 6\n>p1 move uturn terastallize\n>p2 move firstimpression\n>p1 switch 3\n>p1 move voltswitch\n>p2 move suckerpunch\n>p1 switch 3\n>p2 switch 4\n>p1 move uturn\n>p2 move calmmind\n>forcelose p2", "uploadtime": 1781388683, "views": 4, "formatid": "gen9randombattle", "rating": 1598, "private": 0, "password": null}