{"id": "gen9randombattle-2631741171", "format": "[Gen 9] Random Battle", "players": ["marrickchill", "pokechief69"], "log": "|j|\u2606marrickchill\n|j|\u2606pokechief69\n|t:|1781432009\n|gametype|singles\n|player|p1|marrickchill|266|2051\n|player|p2|pokechief69|medium|2070\n|gen|9\n|tier|[Gen 9] Random Battle\n|rated|\n|rule|Species Clause: Limit one of each Pok\u00e9mon\n|rule|HP Percentage Mod: HP is shown in percentages\n|rule|Sleep Clause Mod: Limit one foe put to sleep\n|rule|Illusion Level Mod: Illusion disguises the Pok\u00e9mon's true level\n|\n|t:|1781432009\n|teamsize|p1|6\n|teamsize|p2|6\n|start\n|switch|p1a: Glalie|Glalie, L96, M|309/309\n|switch|p2a: Magcargo|Magcargo, L95, M|268/268\n|turn|1\n|\n|t:|1781432032\n|move|p1a: Glalie|Spikes|p2a: Magcargo\n|-sidestart|p2: pokechief69|Spikes\n|move|p2a: Magcargo|Lava Plume|p1a: Glalie\n|-supereffective|p1a: Glalie\n|-damage|p1a: Glalie|111/309\n|\n|upkeep\n|turn|2\n|\n|t:|1781432038\n|move|p1a: Glalie|Earthquake|p2a: Magcargo\n|-supereffective|p2a: Magcargo\n|-damage|p2a: Magcargo|32/268\n|move|p2a: Magcargo|Stealth Rock|p1a: Glalie\n|-sidestart|p1: marrickchill|move: Stealth Rock\n|\n|upkeep\n|turn|3\n|\n|t:|1781432053\n|move|p1a: Glalie|Freeze-Dry|p2a: Magcargo\n|-resisted|p2a: Magcargo\n|-damage|p2a: Magcargo|0 fnt\n|faint|p2a: Magcargo\n|\n|upkeep\n|\n|t:|1781432078\n|switch|p2a: Regigigas|Regigigas, L84|322/322\n|-damage|p2a: Regigigas|282/322|[from] Spikes\n|-start|p2a: Regigigas|ability: Slow Start\n|turn|4\n|\n|t:|1781432083\n|move|p1a: Glalie|Taunt|p2a: Regigigas\n|-start|p2a: Regigigas|move: Taunt\n|move|p2a: Regigigas|Knock Off|p1a: Glalie\n|-damage|p1a: Glalie|60/309\n|-enditem|p1a: Glalie|Heavy-Duty Boots|[from] move: Knock Off|[of] p2a: Regigigas\n|\n|-heal|p2a: Regigigas|302/322|[from] item: Leftovers\n|upkeep\n|turn|5\n|\n|t:|1781432090\n|move|p1a: Glalie|Spikes|p2a: Regigigas\n|-sidestart|p2: pokechief69|Spikes\n|move|p2a: Regigigas|Body Slam|p1a: Glalie\n|-damage|p1a: Glalie|0 fnt\n|faint|p1a: Glalie\n|\n|-heal|p2a: Regigigas|322/322|[from] item: Leftovers\n|upkeep\n|\n|t:|1781432095\n|switch|p1a: Gliscor|Gliscor, L76, M|239/239\n|-damage|p1a: Gliscor|210/239|[from] Stealth Rock\n|turn|6\n|\n|t:|1781432101\n|move|p1a: Gliscor|Substitute|p1a: Gliscor\n|-start|p1a: Gliscor|Substitute\n|-damage|p1a: Gliscor|151/239\n|move|p2a: Regigigas|Knock Off|p1a: Gliscor\n|-activate|p1a: Gliscor|move: Substitute|[damage]\n|\n|-end|p2a: Regigigas|move: Taunt\n|-status|p1a: Gliscor|tox|[from] item: Toxic Orb\n|upkeep\n|turn|7\n|\n|t:|1781432109\n|move|p1a: Gliscor|Toxic|p2a: Regigigas\n|-status|p2a: Regigigas|tox\n|move|p2a: Regigigas|Body Slam|p1a: Gliscor\n|-end|p1a: Gliscor|Substitute\n|\n|-heal|p1a: Gliscor|180/239 tox|[from] ability: Poison Heal\n|-damage|p2a: Regigigas|302/322 tox|[from] psn\n|upkeep\n|turn|8\n|\n|t:|1781432117\n|move|p1a: Gliscor|Earthquake|p2a: Regigigas\n|-damage|p2a: Regigigas|235/322 tox\n|move|p2a: Regigigas|Body Slam|p1a: Gliscor\n|-damage|p1a: Gliscor|120/239 tox\n|\n|-heal|p2a: Regigigas|255/322 tox|[from] item: Leftovers\n|-heal|p1a: Gliscor|149/239 tox|[from] ability: Poison Heal\n|-damage|p2a: Regigigas|215/322 tox|[from] psn\n|-end|p2a: Regigigas|Slow Start\n|upkeep\n|turn|9\n|\n|t:|1781432128\n|move|p2a: Regigigas|Knock Off|p1a: Gliscor\n|-damage|p1a: Gliscor|62/239 tox\n|-enditem|p1a: Gliscor|Toxic Orb|[from] move: Knock Off|[of] p2a: Regigigas\n|move|p1a: Gliscor|Earthquake|p2a: Regigigas\n|-damage|p2a: Regigigas|136/322 tox\n|\n|-heal|p2a: Regigigas|156/322 tox|[from] item: Leftovers\n|-damage|p2a: Regigigas|96/322 tox|[from] psn\n|-heal|p1a: Gliscor|91/239 tox|[from] ability: Poison Heal\n|upkeep\n|turn|10\n|\n|t:|1781432138\n|switch|p1a: Electrode|Electrode-Hisui, L87|246/246\n|-damage|p1a: Electrode|216/246|[from] Stealth Rock\n|move|p2a: Regigigas|Rest|p2a: Regigigas\n|-status|p2a: Regigigas|slp|[from] move: Rest\n|-heal|p2a: Regigigas|322/322 slp|[silent]\n|\n|-heal|p1a: Electrode|231/246|[from] item: Leftovers\n|upkeep\n|turn|11\n|\n|t:|1781432147\n|move|p1a: Electrode|Leech Seed|p2a: Regigigas\n|-start|p2a: Regigigas|move: Leech Seed\n|cant|p2a: Regigigas|slp\n|move|p2a: Regigigas|Sleep Talk|p2a: Regigigas\n|move|p2a: Regigigas|Rest||[from] move: Sleep Talk|[still]\n|-fail|p2a: Regigigas\n|\n|-heal|p1a: Electrode|246/246|[from] item: Leftovers\n|-damage|p2a: Regigigas|282/322 slp|[from] Leech Seed|[of] p1a: Electrode\n|upkeep\n|turn|12\n|\n|t:|1781432153\n|move|p1a: Electrode|Substitute|p1a: Electrode\n|-start|p1a: Electrode|Substitute\n|-damage|p1a: Electrode|185/246\n|cant|p2a: Regigigas|slp\n|move|p2a: Regigigas|Sleep Talk|p2a: Regigigas\n|move|p2a: Regigigas|Rest||[from] move: Sleep Talk|[still]\n|-fail|p2a: Regigigas\n|\n|-heal|p1a: Electrode|200/246|[from] item: Leftovers\n|-heal|p2a: Regigigas|302/322 slp|[from] item: Leftovers\n|-damage|p2a: Regigigas|262/322 slp|[from] Leech Seed|[of] p1a: Electrode\n|-heal|p1a: Electrode|240/246|[silent]\n|upkeep\n|turn|13\n|\n|t:|1781432160\n|move|p1a: Electrode|Thunderbolt|p2a: Regigigas\n|-damage|p2a: Regigigas|190/322 slp\n|-curestatus|p2a: Regigigas|slp|[msg]\n|move|p2a: Regigigas|Sleep Talk||[still]\n|-fail|p2a: Regigigas\n|\n|-heal|p1a: Electrode|246/246|[from] item: Leftovers\n|-heal|p2a: Regigigas|210/322|[from] item: Leftovers\n|-damage|p2a: Regigigas|170/322|[from] Leech Seed|[of] p1a: Electrode\n|upkeep\n|turn|14\n|\n|t:|1781432170\n|move|p1a: Electrode|Thunderbolt|p2a: Regigigas\n|-damage|p2a: Regigigas|95/322\n|move|p2a: Regigigas|Rest|p2a: Regigigas\n|-status|p2a: Regigigas|slp|[from] move: Rest\n|-heal|p2a: Regigigas|322/322 slp|[silent]\n|\n|-damage|p2a: Regigigas|282/322 slp|[from] Leech Seed|[of] p1a: Electrode\n|upkeep\n|turn|15\n|\n|t:|1781432174\n|move|p1a: Electrode|Thunderbolt|p2a: Regigigas\n|-damage|p2a: Regigigas|213/322 slp\n|cant|p2a: Regigigas|slp\n|move|p2a: Regigigas|Sleep Talk|p2a: Regigigas\n|move|p2a: Regigigas|Rest||[from] move: Sleep Talk|[still]\n|-fail|p2a: Regigigas\n|\n|-heal|p2a: Regigigas|233/322 slp|[from] item: Leftovers\n|-damage|p2a: Regigigas|193/322 slp|[from] Leech Seed|[of] p1a: Electrode\n|upkeep\n|turn|16\n|\n|t:|1781432181\n|move|p1a: Electrode|Thunderbolt|p2a: Regigigas\n|-damage|p2a: Regigigas|124/322 slp\n|cant|p2a: Regigigas|slp\n|move|p2a: Regigigas|Sleep Talk|p2a: Regigigas\n|move|p2a: Regigigas|Body Slam|p1a: Electrode|[from] move: Sleep Talk\n|-end|p1a: Electrode|Substitute\n|\n|-heal|p2a: Regigigas|144/322 slp|[from] item: Leftovers\n|-damage|p2a: Regigigas|104/322 slp|[from] Leech Seed|[of] p1a: Electrode\n|upkeep\n|turn|17\n|\n|t:|1781432187\n|move|p1a: Electrode|Substitute|p1a: Electrode\n|-start|p1a: Electrode|Substitute\n|-damage|p1a: Electrode|185/246\n|-curestatus|p2a: Regigigas|slp|[msg]\n|move|p2a: Regigigas|Rest|p2a: Regigigas\n|-status|p2a: Regigigas|slp|[from] move: Rest\n|-heal|p2a: Regigigas|322/322 slp|[silent]\n|\n|-heal|p1a: Electrode|200/246|[from] item: Leftovers\n|-damage|p2a: Regigigas|282/322 slp|[from] Leech Seed|[of] p1a: Electrode\n|-heal|p1a: Electrode|240/246|[silent]\n|upkeep\n|turn|18\n|\n|t:|1781432192\n|move|p1a: Electrode|Thunderbolt|p2a: Regigigas\n|-damage|p2a: Regigigas|204/322 slp\n|cant|p2a: Regigigas|slp\n|move|p2a: Regigigas|Sleep Talk|p2a: Regigigas\n|move|p2a: Regigigas|Rest||[from] move: Sleep Talk|[still]\n|-fail|p2a: Regigigas\n|\n|-heal|p1a: Electrode|246/246|[from] item: Leftovers\n|-heal|p2a: Regigigas|224/322 slp|[from] item: Leftovers\n|-damage|p2a: Regigigas|184/322 slp|[from] Leech Seed|[of] p1a: Electrode\n|upkeep\n|turn|19\n|\n|t:|1781432200\n|move|p1a: Electrode|Thunderbolt|p2a: Regigigas\n|-damage|p2a: Regigigas|109/322 slp\n|cant|p2a: Regigigas|slp\n|move|p2a: Regigigas|Sleep Talk|p2a: Regigigas\n|move|p2a: Regigigas|Rest||[from] move: Sleep Talk|[still]\n|-fail|p2a: Regigigas\n|\n|-heal|p2a: Regigigas|129/322 slp|[from] item: Leftovers\n|-damage|p2a: Regigigas|89/322 slp|[from] Leech Seed|[of] p1a: Electrode\n|upkeep\n|turn|20\n|\n|t:|1781432207\n|move|p1a: Electrode|Thunderbolt|p2a: Regigigas\n|-damage|p2a: Regigigas|8/322 slp\n|-curestatus|p2a: Regigigas|slp|[msg]\n|move|p2a: Regigigas|Rest|p2a: Regigigas\n|-status|p2a: Regigigas|slp|[from] move: Rest\n|-heal|p2a: Regigigas|322/322 slp|[silent]\n|\n|-damage|p2a: Regigigas|282/322 slp|[from] Leech Seed|[of] p1a: Electrode\n|upkeep\n|turn|21\n|\n|t:|1781432212\n|move|p1a: Electrode|Thunderbolt|p2a: Regigigas\n|-damage|p2a: Regigigas|203/322 slp\n|cant|p2a: Regigigas|slp\n|move|p2a: Regigigas|Sleep Talk|p2a: Regigigas\n|move|p2a: Regigigas|Knock Off|p1a: Electrode|[from] move: Sleep Talk\n|-end|p1a: Electrode|Substitute\n|\n|-heal|p2a: Regigigas|223/322 slp|[from] item: Leftovers\n|-damage|p2a: Regigigas|183/322 slp|[from] Leech Seed|[of] p1a: Electrode\n|upkeep\n|turn|22\n|\n|t:|1781432235\n|move|p1a: Electrode|Substitute|p1a: Electrode\n|-start|p1a: Electrode|Substitute\n|-damage|p1a: Electrode|185/246\n|cant|p2a: Regigigas|slp\n|move|p2a: Regigigas|Sleep Talk|p2a: Regigigas\n|move|p2a: Regigigas|Body Slam|p1a: Electrode|[from] move: Sleep Talk\n|-end|p1a: Electrode|Substitute\n|\n|-heal|p1a: Electrode|200/246|[from] item: Leftovers\n|-heal|p2a: Regigigas|203/322 slp|[from] item: Leftovers\n|-damage|p2a: Regigigas|163/322 slp|[from] Leech Seed|[of] p1a: Electrode\n|-heal|p1a: Electrode|240/246|[silent]\n|upkeep\n|turn|23\n|\n|t:|1781432262\n|move|p1a: Electrode|Substitute|p1a: Electrode\n|-start|p1a: Electrode|Substitute\n|-damage|p1a: Electrode|179/246\n|-curestatus|p2a: Regigigas|slp|[msg]\n|move|p2a: Regigigas|Body Slam|p1a: Electrode\n|-end|p1a: Electrode|Substitute\n|\n|-heal|p1a: Electrode|194/246|[from] item: Leftovers\n|-heal|p2a: Regigigas|183/322|[from] item: Leftovers\n|-damage|p2a: Regigigas|143/322|[from] Leech Seed|[of] p1a: Electrode\n|-heal|p1a: Electrode|234/246|[silent]\n|upkeep\n|turn|24\n|\n|t:|1781432273\n|move|p1a: Electrode|Substitute|p1a: Electrode\n|-start|p1a: Electrode|Substitute\n|-damage|p1a: Electrode|173/246\n|move|p2a: Regigigas|Rest|p2a: Regigigas\n|-status|p2a: Regigigas|slp|[from] move: Rest\n|-heal|p2a: Regigigas|322/322 slp|[silent]\n|\n|-heal|p1a: Electrode|188/246|[from] item: Leftovers\n|-damage|p2a: Regigigas|282/322 slp|[from] Leech Seed|[of] p1a: Electrode\n|-heal|p1a: Electrode|228/246|[silent]\n|upkeep\n|turn|25\n|\n|t:|1781432277\n|move|p1a: Electrode|Thunderbolt|p2a: Regigigas\n|-damage|p2a: Regigigas|209/322 slp\n|cant|p2a: Regigigas|slp\n|move|p2a: Regigigas|Sleep Talk|p2a: Regigigas\n|move|p2a: Regigigas|Knock Off|p1a: Electrode|[from] move: Sleep Talk\n|-end|p1a: Electrode|Substitute\n|\n|-heal|p1a: Electrode|243/246|[from] item: Leftovers\n|-heal|p2a: Regigigas|229/322 slp|[from] item: Leftovers\n|-damage|p2a: Regigigas|189/322 slp|[from] Leech Seed|[of] p1a: Electrode\n|-heal|p1a: Electrode|246/246|[silent]\n|upkeep\n|turn|26\n|\n|t:|1781432293\n|move|p1a: Electrode|Thunderbolt|p2a: Regigigas\n|-damage|p2a: Regigigas|111/322 slp\n|cant|p2a: Regigigas|slp\n|move|p2a: Regigigas|Sleep Talk|p2a: Regigigas\n|move|p2a: Regigigas|Rest||[from] move: Sleep Talk|[still]\n|-fail|p2a: Regigigas\n|\n|-heal|p2a: Regigigas|131/322 slp|[from] item: Leftovers\n|-damage|p2a: Regigigas|91/322 slp|[from] Leech Seed|[of] p1a: Electrode\n|upkeep\n|turn|27\n|\n|t:|1781432300\n|move|p1a: Electrode|Substitute|p1a: Electrode\n|-start|p1a: Electrode|Substitute\n|-damage|p1a: Electrode|185/246\n|-curestatus|p2a: Regigigas|slp|[msg]\n|move|p2a: Regigigas|Rest|p2a: Regigigas\n|-status|p2a: Regigigas|slp|[from] move: Rest\n|-heal|p2a: Regigigas|322/322 slp|[silent]\n|\n|-heal|p1a: Electrode|200/246|[from] item: Leftovers\n|-damage|p2a: Regigigas|282/322 slp|[from] Leech Seed|[of] p1a: Electrode\n|-heal|p1a: Electrode|240/246|[silent]\n|upkeep\n|turn|28\n|\n|t:|1781432306\n|move|p1a: Electrode|Thunderbolt|p2a: Regigigas\n|-crit|p2a: Regigigas\n|-damage|p2a: Regigigas|176/322 slp\n|cant|p2a: Regigigas|slp\n|move|p2a: Regigigas|Sleep Talk|p2a: Regigigas\n|move|p2a: Regigigas|Body Slam|p1a: Electrode|[from] move: Sleep Talk\n|-end|p1a: Electrode|Substitute\n|\n|-heal|p1a: Electrode|246/246|[from] item: Leftovers\n|-heal|p2a: Regigigas|196/322 slp|[from] item: Leftovers\n|-damage|p2a: Regigigas|156/322 slp|[from] Leech Seed|[of] p1a: Electrode\n|upkeep\n|turn|29\n|\n|t:|1781432314\n|move|p1a: Electrode|Thunderbolt|p2a: Regigigas\n|-damage|p2a: Regigigas|87/322 slp\n|cant|p2a: Regigigas|slp\n|move|p2a: Regigigas|Sleep Talk|p2a: Regigigas\n|move|p2a: Regigigas|Knock Off|p1a: Electrode|[from] move: Sleep Talk\n|-damage|p1a: Electrode|121/246\n|-enditem|p1a: Electrode|Leftovers|[from] move: Knock Off|[of] p2a: Regigigas\n|\n|-heal|p2a: Regigigas|107/322 slp|[from] item: Leftovers\n|-damage|p2a: Regigigas|67/322 slp|[from] Leech Seed|[of] p1a: Electrode\n|-heal|p1a: Electrode|161/246|[silent]\n|upkeep\n|turn|30\n|\n|t:|1781432324\n|move|p1a: Electrode|Thunderbolt|p2a: Regigigas\n|-damage|p2a: Regigigas|0 fnt\n|faint|p2a: Regigigas\n|-end|p2a: Regigigas|Slow Start|[silent]\n|\n|upkeep\n|\n|t:|1781432333\n|switch|p2a: Banette|Banette, L93, M|270/270\n|-damage|p2a: Banette|225/270|[from] Spikes\n|turn|31\n|\n|t:|1781432345\n|move|p1a: Electrode|Thunderbolt|p2a: Banette\n|-damage|p2a: Banette|122/270\n|move|p2a: Banette|Swords Dance|p2a: Banette\n|-boost|p2a: Banette|atk|2\n|\n|upkeep\n|turn|32\n|\n|t:|1781432351\n|move|p2a: Banette|Shadow Sneak|p1a: Electrode\n|-damage|p1a: Electrode|0 fnt\n|faint|p1a: Electrode\n|-damage|p2a: Banette|95/270|[from] item: Life Orb\n|\n|upkeep\n|\n|t:|1781432357\n|switch|p1a: Palkia|Palkia, L75|259/259\n|-damage|p1a: Palkia|227/259|[from] Stealth Rock\n|-ability|p1a: Palkia|Pressure\n|turn|33\n|\n|t:|1781432366\n|move|p2a: Banette|Shadow Sneak|p1a: Palkia\n|-damage|p1a: Palkia|78/259\n|-damage|p2a: Banette|68/270|[from] item: Life Orb\n|move|p1a: Palkia|Hydro Pump|p2a: Banette|[miss]\n|-miss|p1a: Palkia|p2a: Banette\n|\n|upkeep\n|turn|34\n|\n|t:|1781432372\n|move|p2a: Banette|Shadow Sneak|p1a: Palkia\n|-damage|p1a: Palkia|0 fnt\n|faint|p1a: Palkia\n|-damage|p2a: Banette|41/270|[from] item: Life Orb\n|\n|upkeep\n|\n|t:|1781432377\n|switch|p1a: Arceus|Arceus-Ghost, L69|280/280\n|-damage|p1a: Arceus|245/280|[from] Stealth Rock\n|turn|35\n|\n|t:|1781432392\n|-terastallize|p1a: Arceus|Dark\n|move|p2a: Banette|Shadow Sneak|p1a: Arceus\n|-resisted|p1a: Arceus\n|-damage|p1a: Arceus|175/280\n|-damage|p2a: Banette|14/270|[from] item: Life Orb\n|move|p1a: Arceus|Judgment|p2a: Banette\n|-supereffective|p2a: Banette\n|-damage|p2a: Banette|0 fnt\n|faint|p2a: Banette\n|\n|upkeep\n|\n|t:|1781432421\n|switch|p2a: Primarina|Primarina, L83, F|268/268\n|-damage|p2a: Primarina|224/268|[from] Spikes\n|turn|36\n|\n|t:|1781432426\n|switch|p1a: Dedenne|Dedenne, L88, M|261/261\n|-damage|p1a: Dedenne|229/261|[from] Stealth Rock\n|move|p2a: Primarina|Moonblast|p1a: Dedenne\n|-damage|p1a: Dedenne|6/261\n|-enditem|p1a: Dedenne|Sitrus Berry|[eat]\n|-heal|p1a: Dedenne|71/261|[from] item: Sitrus Berry\n|-heal|p1a: Dedenne|158/261|[from] ability: Cheek Pouch\n|\n|upkeep\n|turn|37\n|\n|t:|1781432436\n|switch|p2a: Mudsdale|Mudsdale, L83, M|302/302\n|-damage|p2a: Mudsdale|252/302|[from] Spikes\n|move|p1a: Dedenne|Super Fang|p2a: Mudsdale\n|-damage|p2a: Mudsdale|126/302\n|-ability|p2a: Mudsdale|Stamina|boost\n|-boost|p2a: Mudsdale|def|1\n|\n|-heal|p2a: Mudsdale|144/302|[from] item: Leftovers\n|upkeep\n|turn|38\n|\n|t:|1781432448\n|switch|p1a: Gliscor|Gliscor, L76, M|91/239 tox\n|-damage|p1a: Gliscor|62/239 tox|[from] Stealth Rock\n|move|p2a: Mudsdale|Roar|p1a: Gliscor\n|drag|p1a: Arceus|Arceus-Ghost, L69, tera:Dark|175/280\n|-damage|p1a: Arceus|140/280|[from] Stealth Rock\n|\n|-heal|p2a: Mudsdale|162/302|[from] item: Leftovers\n|upkeep\n|turn|39\n|\n|t:|1781432467\n|move|p1a: Arceus|Judgment|p2a: Mudsdale\n|-crit|p2a: Mudsdale\n|-damage|p2a: Mudsdale|17/302\n|-ability|p2a: Mudsdale|Stamina|boost\n|-boost|p2a: Mudsdale|def|1\n|move|p2a: Mudsdale|Stone Edge|p1a: Arceus|[miss]\n|-miss|p2a: Mudsdale|p1a: Arceus\n|\n|-heal|p2a: Mudsdale|35/302|[from] item: Leftovers\n|upkeep\n|turn|40\n|\n|t:|1781432479\n|move|p1a: Arceus|Judgment|p2a: Mudsdale\n|-damage|p2a: Mudsdale|0 fnt\n|faint|p2a: Mudsdale\n|\n|upkeep\n|\n|t:|1781432518\n|switch|p2a: Salamence|Salamence, L77, F|273/273\n|-ability|p2a: Salamence|Intimidate|boost\n|-unboost|p1a: Arceus|atk|1\n|turn|41\n|\n|t:|1781432536\n|move|p1a: Arceus|Judgment|p2a: Salamence\n|-damage|p2a: Salamence|153/273\n|move|p2a: Salamence|Dragon Dance|p2a: Salamence\n|-boost|p2a: Salamence|atk|1\n|-boost|p2a: Salamence|spe|1\n|\n|upkeep\n|turn|42\n|\n|t:|1781432552\n|-terastallize|p2a: Salamence|Ground\n|move|p2a: Salamence|Earthquake|p1a: Arceus\n|-damage|p1a: Arceus|0 fnt\n|faint|p1a: Arceus\n|\n|upkeep\n|\n|t:|1781432557\n|switch|p1a: Gliscor|Gliscor, L76, M|62/239 tox\n|-damage|p1a: Gliscor|33/239 tox|[from] Stealth Rock\n|turn|43\n|\n|t:|1781432570\n|move|p2a: Salamence|Dragon Dance|p2a: Salamence\n|-boost|p2a: Salamence|atk|1\n|-boost|p2a: Salamence|spe|1\n|move|p1a: Gliscor|Earthquake|p2a: Salamence\n|-damage|p2a: Salamence|60/273\n|\n|-heal|p1a: Gliscor|62/239 tox|[from] ability: Poison Heal\n|upkeep\n|turn|44\n|\n|t:|1781432575\n|move|p2a: Salamence|Dual Wingbeat|p1a: Gliscor\n|-damage|p1a: Gliscor|0 fnt\n|faint|p1a: Gliscor\n|-hitcount|p1: Gliscor|1\n|\n|upkeep\n|-message|marrickchill forfeited.\n|\n|win|pokechief69\n|raw|marrickchill's rating: 2051 &rarr; <strong>2032</strong><br />(-19 for losing)\n|raw|pokechief69's rating: 2070 &rarr; <strong>2089</strong><br />(+19 for winning)\n|l|\u2606marrickchill\n|player|p1|\n", "inputlog": ">version a8376a258c1d4662feba110a92103f3664a72141\n>start {\"formatid\":\"gen9randombattle\",\"seed\":\"sodium,79f73c8ef9a4fcce4f00298602925e8b\",\"rated\":\"Rated battle\"}\n>player p1 {\"name\":\"marrickchill\",\"avatar\":\"266\",\"rating\":2051,\"seed\":\"sodium,f2b23b4710df8108f924d25fb40fc324\"}\n>player p2 {\"name\":\"pokechief69\",\"avatar\":\"medium\",\"rating\":2070,\"seed\":\"sodium,fe08687ebb400129b12e454f22f020f6\"}\n>p1 move spikes\n>p2 move lavaplume\n>p1 move earthquake\n>p2 move stealthrock\n>p1 move freezedry\n>p2 move recover\n>p2 switch 5\n>p1 move taunt\n>p2 move knockoff\n>p1 move spikes\n>p2 move bodyslam\n>p1 switch 5\n>p1 move substitute\n>p2 move knockoff\n>p1 move toxic\n>p2 move bodyslam\n>p1 move earthquake\n>p2 move bodyslam\n>p1 move earthquake\n>p2 move knockoff\n>p1 switch 4\n>p2 move rest\n>p1 move leechseed\n>p2 move sleeptalk\n>p1 move substitute\n>p2 move sleeptalk\n>p1 move thunderbolt\n>p2 move sleeptalk\n>p1 move thunderbolt\n>p2 move rest\n>p1 move thunderbolt\n>p2 move sleeptalk\n>p1 move thunderbolt\n>p2 move sleeptalk\n>p1 move substitute\n>p2 move rest\n>p1 move thunderbolt\n>p2 move sleeptalk\n>p1 move thunderbolt\n>p2 move sleeptalk\n>p1 move thunderbolt\n>p2 move rest\n>p1 move thunderbolt\n>p2 move sleeptalk\n>p1 move substitute\n>p2 move sleeptalk\n>p1 move substitute\n>p2 move bodyslam\n>p1 move substitute\n>p2 move rest\n>p1 move thunderbolt\n>p2 move sleeptalk\n>p1 move thunderbolt\n>p2 move sleeptalk\n>p1 move substitute\n>p2 move rest\n>p1 move thunderbolt\n>p2 move sleeptalk\n>p1 move thunderbolt\n>p2 move sleeptalk\n>p1 move thunderbolt\n>p2 move rest\n>p2 switch 3\n>p1 move thunderbolt\n>p2 move swordsdance\n>p1 move thunderbolt\n>p2 move shadowsneak\n>p1 switch 2\n>p1 move hydropump\n>p2 move shadowsneak\n>p1 move hydropump\n>p2 move shadowsneak\n>p1 switch 3\n>p1 move judgment terastallize\n>p2 move shadowsneak\n>p2 switch 6\n>p1 switch 6\n>p2 move moonblast\n>p1 move superfang\n>p2 switch 2\n>p1 switch 4\n>p2 move roar\n>p1 move judgment\n>p2 move stoneedge\n>p1 move judgment\n>p2 move earthquake\n>p2 switch 4\n>p1 move judgment\n>p2 move dragondance\n>p1 move judgment\n>p2 move earthquake terastallize\n>p1 switch 6\n>p1 move earthquake\n>p2 move dragondance\n>p1 move earthquake\n>p2 move dualwingbeat\n>forcelose p1", "uploadtime": 1781432012, "views": 7, "formatid": "gen9randombattle", "rating": 2032, "private": 0, "password": null}