{"id": "gen9randombattle-2631473037", "format": "[Gen 9] Random Battle", "players": ["SteelixPrismGX", "goinforasmoke"], "log": "|j|\u2606SteelixPrismGX\n|j|\u2606goinforasmoke\n|t:|1781389163\n|gametype|singles\n|player|p1|SteelixPrismGX|siebold|2050\n|player|p2|goinforasmoke|acetrainer-gen6xy|1998\n|gen|9\n|tier|[Gen 9] Random Battle\n|rated|\n|rule|Species Clause: Limit one of each Pok\u00e9mon\n|rule|HP Percentage Mod: HP is shown in percentages\n|rule|Sleep Clause Mod: Limit one foe put to sleep\n|rule|Illusion Level Mod: Illusion disguises the Pok\u00e9mon's true level\n|\n|t:|1781389163\n|teamsize|p1|6\n|teamsize|p2|6\n|start\n|switch|p1a: Iron Boulder|Iron Boulder, L77|265/265\n|switch|p2a: Trevenant|Trevenant, L89, F|296/296\n|turn|1\n|inactive|Battle timer is ON: inactive players will automatically lose when time's up. (requested by goinforasmoke)\n|\n|t:|1781389172\n|-end|p1a: Iron Boulder|Quark Drive|[silent]\n|switch|p1a: Jumpluff|Jumpluff, L87, M|271/271\n|move|p2a: Trevenant|Wood Hammer|p1a: Jumpluff\n|-resisted|p1a: Jumpluff\n|-damage|p1a: Jumpluff|200/271\n|-damage|p2a: Trevenant|273/296|[from] Recoil\n|\n|upkeep\n|turn|2\n|\n|t:|1781389178\n|switch|p2a: Eelektross|Eelektross, L87, F|290/290\n|move|p1a: Jumpluff|Substitute|p1a: Jumpluff\n|-start|p1a: Jumpluff|Substitute\n|-damage|p1a: Jumpluff|133/271\n|\n|upkeep\n|turn|3\n|\n|t:|1781389189\n|move|p1a: Jumpluff|Leech Seed|p2a: Eelektross|[miss]\n|-miss|p1a: Jumpluff|p2a: Eelektross\n|move|p2a: Eelektross|Discharge|p1a: Jumpluff\n|-end|p1a: Jumpluff|Substitute\n|\n|upkeep\n|turn|4\n|\n|t:|1781389211\n|switch|p1a: Clodsire|Clodsire, L81, F|343/343\n|move|p2a: Eelektross|U-turn|p1a: Clodsire\n|-resisted|p1a: Clodsire\n|-damage|p1a: Clodsire|303/343\n|\n|t:|1781389221\n|switch|p2a: Mesprit|Mesprit, L85|275/275|[from] U-turn\n|\n|-heal|p1a: Clodsire|324/343|[from] item: Leftovers\n|upkeep\n|turn|5\n|\n|t:|1781389226\n|move|p2a: Mesprit|Psychic|p1a: Clodsire\n|-supereffective|p1a: Clodsire\n|-damage|p1a: Clodsire|16/343\n|move|p1a: Clodsire|Stealth Rock|p2a: Mesprit\n|-sidestart|p2: goinforasmoke|move: Stealth Rock\n|\n|-heal|p1a: Clodsire|37/343|[from] item: Leftovers\n|upkeep\n|turn|6\n|\n|t:|1781389230\n|switch|p1a: Weavile|Weavile, L79, F|240/240\n|move|p2a: Mesprit|Psychic|p1a: Weavile\n|-immune|p1a: Weavile\n|\n|upkeep\n|turn|7\n|\n|t:|1781389242\n|switch|p2a: Orthworm|Orthworm, L88, F|266/266\n|-damage|p2a: Orthworm|250/266|[from] Stealth Rock\n|move|p1a: Weavile|Swords Dance|p1a: Weavile\n|-boost|p1a: Weavile|atk|2\n|\n|-heal|p2a: Orthworm|266/266|[from] item: Leftovers\n|upkeep\n|turn|8\n|\n|t:|1781389247\n|move|p1a: Weavile|Knock Off|p2a: Orthworm\n|-damage|p2a: Orthworm|133/266\n|-enditem|p2a: Orthworm|Leftovers|[from] move: Knock Off|[of] p1a: Weavile\n|move|p2a: Orthworm|Body Press|p1a: Weavile\n|-supereffective|p1a: Weavile\n|-damage|p1a: Weavile|0 fnt\n|faint|p1a: Weavile\n|\n|upkeep\n|\n|t:|1781389252\n|switch|p1a: Ogerpon|Ogerpon-Hearthflame, L74, F|239/239\n|-ability|p1a: Ogerpon|Mold Breaker\n|turn|9\n|\n|t:|1781389259\n|move|p1a: Ogerpon|Ivy Cudgel|p2a: Orthworm|[anim] Ivy Cudgel Fire\n|-supereffective|p2a: Orthworm\n|-damage|p2a: Orthworm|0 fnt\n|faint|p2a: Orthworm\n|\n|upkeep\n|\n|t:|1781389270\n|switch|p2a: Azumarill|Azumarill, L82, M|298/298\n|-damage|p2a: Azumarill|261/298|[from] Stealth Rock\n|turn|10\n|\n|t:|1781389282\n|move|p1a: Ogerpon|Horn Leech|p2a: Azumarill\n|-supereffective|p2a: Azumarill\n|-damage|p2a: Azumarill|73/298\n|move|p2a: Azumarill|Liquidation|p1a: Ogerpon\n|-damage|p1a: Ogerpon|44/239\n|-unboost|p1a: Ogerpon|def|1\n|\n|upkeep\n|turn|11\n|\n|t:|1781389293\n|switch|p1a: Granbull|Granbull, L88, F|302/302\n|-ability|p1a: Granbull|Intimidate|boost\n|-unboost|p2a: Azumarill|atk|1\n|switch|p2a: Eelektross|Eelektross, L87, F|290/290\n|-damage|p2a: Eelektross|254/290|[from] Stealth Rock\n|\n|upkeep\n|turn|12\n|\n|t:|1781389300\n|move|p2a: Eelektross|Discharge|p1a: Granbull\n|-damage|p1a: Granbull|173/302\n|-status|p1a: Granbull|par\n|move|p1a: Granbull|Play Rough|p2a: Eelektross|[miss]\n|-miss|p1a: Granbull|p2a: Eelektross\n|\n|-heal|p1a: Granbull|191/302 par|[from] item: Leftovers\n|upkeep\n|turn|13\n|\n|t:|1781389305\n|move|p2a: Eelektross|Discharge|p1a: Granbull\n|-damage|p1a: Granbull|79/302 par\n|move|p1a: Granbull|Play Rough|p2a: Eelektross|[miss]\n|-miss|p1a: Granbull|p2a: Eelektross\n|\n|-heal|p1a: Granbull|97/302 par|[from] item: Leftovers\n|upkeep\n|turn|14\n|\n|t:|1781389310\n|move|p2a: Eelektross|Discharge|p1a: Granbull\n|-damage|p1a: Granbull|0 fnt\n|faint|p1a: Granbull\n|\n|upkeep\n|\n|t:|1781389316\n|switch|p1a: Ogerpon|Ogerpon-Hearthflame, L74, F|44/239\n|-ability|p1a: Ogerpon|Mold Breaker\n|turn|15\n|\n|t:|1781389320\n|move|p1a: Ogerpon|Horn Leech|p2a: Eelektross\n|-damage|p2a: Eelektross|164/290\n|-heal|p1a: Ogerpon|89/239|[from] drain|[of] p2a: Eelektross\n|move|p2a: Eelektross|Knock Off|p1a: Ogerpon\n|-damage|p1a: Ogerpon|22/239\n|\n|upkeep\n|turn|16\n|\n|t:|1781389327\n|move|p1a: Ogerpon|Horn Leech|p2a: Eelektross\n|-damage|p2a: Eelektross|67/290\n|-heal|p1a: Ogerpon|71/239|[from] drain|[of] p2a: Eelektross\n|move|p2a: Eelektross|Close Combat|p1a: Ogerpon\n|-damage|p1a: Ogerpon|0 fnt\n|-unboost|p2a: Eelektross|def|1\n|-unboost|p2a: Eelektross|spd|1\n|faint|p1a: Ogerpon\n|\n|upkeep\n|\n|t:|1781389337\n|switch|p1a: Jumpluff|Jumpluff, L87, M|133/271\n|turn|17\n|\n|t:|1781389342\n|move|p1a: Jumpluff|Strength Sap|p2a: Eelektross\n|-unboost|p2a: Eelektross|atk|1\n|-heal|p1a: Jumpluff|271/271\n|move|p2a: Eelektross|Discharge|p1a: Jumpluff\n|-damage|p1a: Jumpluff|183/271\n|\n|upkeep\n|turn|18\n|\n|t:|1781389347\n|move|p1a: Jumpluff|Leech Seed|p2a: Eelektross\n|-start|p2a: Eelektross|move: Leech Seed\n|move|p2a: Eelektross|Discharge|p1a: Jumpluff\n|-damage|p1a: Jumpluff|99/271\n|-status|p1a: Jumpluff|par\n|\n|-damage|p2a: Eelektross|31/290|[from] Leech Seed|[of] p1a: Jumpluff\n|-heal|p1a: Jumpluff|135/271 par|[silent]\n|upkeep\n|turn|19\n|\n|t:|1781389355\n|move|p2a: Eelektross|Discharge|p1a: Jumpluff\n|-damage|p1a: Jumpluff|51/271 par\n|move|p1a: Jumpluff|Acrobatics|p2a: Eelektross\n|-resisted|p2a: Eelektross\n|-damage|p2a: Eelektross|0 fnt\n|faint|p2a: Eelektross\n|\n|upkeep\n|\n|t:|1781389363\n|switch|p2a: Mesprit|Mesprit, L85|275/275\n|-damage|p2a: Mesprit|241/275|[from] Stealth Rock\n|turn|20\n|\n|t:|1781389366\n|move|p2a: Mesprit|Dazzling Gleam|p1a: Jumpluff\n|-damage|p1a: Jumpluff|0 fnt\n|faint|p1a: Jumpluff\n|\n|upkeep\n|\n|t:|1781389368\n|switch|p1a: Iron Boulder|Iron Boulder, L77|265/265\n|turn|21\n|\n|t:|1781389371\n|move|p1a: Iron Boulder|Swords Dance|p1a: Iron Boulder\n|-boost|p1a: Iron Boulder|atk|2\n|move|p2a: Mesprit|Dazzling Gleam|p1a: Iron Boulder\n|-damage|p1a: Iron Boulder|175/265\n|\n|upkeep\n|turn|22\n|\n|t:|1781389377\n|move|p1a: Iron Boulder|Mighty Cleave|p2a: Mesprit\n|-damage|p2a: Mesprit|29/275\n|-damage|p1a: Iron Boulder|149/265|[from] item: Life Orb\n|move|p2a: Mesprit|Dazzling Gleam|p1a: Iron Boulder\n|-damage|p1a: Iron Boulder|59/265\n|\n|upkeep\n|turn|23\n|\n|t:|1781389380\n|move|p1a: Iron Boulder|Mighty Cleave|p2a: Mesprit\n|-damage|p2a: Mesprit|0 fnt\n|faint|p2a: Mesprit\n|-damage|p1a: Iron Boulder|33/265|[from] item: Life Orb\n|\n|upkeep\n|-message|SteelixPrismGX forfeited.\n|\n|win|goinforasmoke\n", "inputlog": ">version a8376a258c1d4662feba110a92103f3664a72141\n>start {\"formatid\":\"gen9randombattle\",\"seed\":\"sodium,3407bb4d92366920cb79d747e8f55ad0\",\"rated\":\"Rated battle\"}\n>player p1 {\"name\":\"SteelixPrismGX\",\"avatar\":\"siebold\",\"rating\":2050,\"seed\":\"sodium,a0d1ca701c06803a1b5d00db2f8358f5\"}\n>player p2 {\"name\":\"goinforasmoke\",\"avatar\":\"acetrainer-gen6xy\",\"rating\":1998,\"seed\":\"sodium,f7c89235cbf806175f53db019274dfc0\"}\n>p1 switch 2\n>p2 move woodhammer\n>p1 move substitute\n>p2 switch 2\n>p1 move leechseed\n>p2 move discharge\n>p1 switch 4\n>p2 move uturn\n>p2 switch 3\n>p1 move stealthrock\n>p2 move psychic\n>p1 switch 6\n>p2 move psychic\n>p1 move swordsdance\n>p2 switch 6\n>p1 move knockoff\n>p2 move bodypress\n>p1 switch 3\n>p1 move ivycudgel\n>p2 move spikes\n>p2 switch 4\n>p1 move hornleech\n>p2 move liquidation\n>p1 switch 5\n>p2 switch 3\n>p1 move playrough\n>p2 move discharge\n>p1 move playrough\n>p2 move discharge\n>p1 move playrough\n>p2 move discharge\n>p1 switch 5\n>p1 move hornleech\n>p2 move knockoff\n>p1 move hornleech\n>p2 move closecombat\n>p1 switch 4\n>p1 move strengthsap\n>p2 move discharge\n>p1 move leechseed\n>p2 move discharge\n>p1 move acrobatics\n>p2 move discharge\n>p2 switch 6\n>p1 move strengthsap\n>p2 move dazzlinggleam\n>p1 switch 2\n>p1 move swordsdance\n>p2 move dazzlinggleam\n>p1 move mightycleave\n>p2 move dazzlinggleam\n>p1 move mightycleave\n>p2 move dazzlinggleam\n>forcelose p1", "uploadtime": 1781389165, "views": 4, "formatid": "gen9randombattle", "rating": null, "private": 0, "password": null}