{"id": "gen9randombattle-2631637416", "format": "[Gen 9] Random Battle", "players": ["Node", "nocomment3"], "log": "|badge|p1|bronze|gen9randombattle|100-9\n|uhtml|medal-msg|<div class=\"broadcast-blue\">Curious what those medals under the avatar are? PS now has Ladder Seasons! For more information, check out the <a href=\"https://www.smogon.com/forums/threads/3740067/\">thread on Smogon.</a></div>\n|j|\u2606Node\n|j|\u2606nocomment3\n|t:|1781412741\n|gametype|singles\n|player|p1|Node|#agplviblackpink|2381\n|player|p2|nocomment3|2|2339\n|gen|9\n|tier|[Gen 9] Random Battle\n|rated|\n|rule|Species Clause: Limit one of each Pok\u00e9mon\n|rule|HP Percentage Mod: HP is shown in percentages\n|rule|Sleep Clause Mod: Limit one foe put to sleep\n|rule|Illusion Level Mod: Illusion disguises the Pok\u00e9mon's true level\n|\n|t:|1781412741\n|teamsize|p1|6\n|teamsize|p2|6\n|start\n|switch|p1a: Gothitelle|Gothitelle, L90, M|272/272\n|switch|p2a: Scream Tail|Scream Tail, L84|330/330\n|turn|1\n|\n|t:|1781412751\n|move|p1a: Gothitelle|Trick|p2a: Scream Tail\n|-activate|p1a: Gothitelle|move: Trick|[of] p2a: Scream Tail\n|-item|p2a: Scream Tail|Choice Scarf|[from] move: Trick\n|-item|p1a: Gothitelle|Leftovers|[from] move: Trick\n|move|p2a: Scream Tail|Dazzling Gleam|p1a: Gothitelle\n|-damage|p1a: Gothitelle|218/272\n|\n|-heal|p1a: Gothitelle|235/272|[from] item: Leftovers\n|upkeep\n|turn|2\n|\n|t:|1781412759\n|move|p2a: Scream Tail|Dazzling Gleam|p1a: Gothitelle\n|-damage|p1a: Gothitelle|181/272\n|move|p1a: Gothitelle|Psychic|p2a: Scream Tail\n|-resisted|p2a: Scream Tail\n|-damage|p2a: Scream Tail|288/330\n|\n|-heal|p1a: Gothitelle|198/272|[from] item: Leftovers\n|upkeep\n|turn|3\n|\n|t:|1781412764\n|move|p2a: Scream Tail|Dazzling Gleam|p1a: Gothitelle\n|-damage|p1a: Gothitelle|144/272\n|move|p1a: Gothitelle|Psychic|p2a: Scream Tail\n|-resisted|p2a: Scream Tail\n|-damage|p2a: Scream Tail|243/330\n|\n|-heal|p1a: Gothitelle|161/272|[from] item: Leftovers\n|upkeep\n|turn|4\n|\n|t:|1781412775\n|move|p2a: Scream Tail|Dazzling Gleam|p1a: Gothitelle\n|-crit|p1a: Gothitelle\n|-damage|p1a: Gothitelle|82/272\n|move|p1a: Gothitelle|Dark Pulse|p2a: Scream Tail\n|-damage|p2a: Scream Tail|187/330\n|\n|-heal|p1a: Gothitelle|99/272|[from] item: Leftovers\n|upkeep\n|turn|5\n|\n|t:|1781412791\n|move|p2a: Scream Tail|Dazzling Gleam|p1a: Gothitelle\n|-crit|p1a: Gothitelle\n|-damage|p1a: Gothitelle|29/272\n|move|p1a: Gothitelle|Dark Pulse|p2a: Scream Tail\n|-damage|p2a: Scream Tail|138/330\n|\n|-heal|p1a: Gothitelle|46/272|[from] item: Leftovers\n|upkeep\n|turn|6\n|c|\u2606Node|zzz\n|\n|t:|1781412818\n|switch|p1a: Ceruledge|Ceruledge, L78, M|245/245\n|move|p2a: Scream Tail|Dazzling Gleam|p1a: Ceruledge\n|-resisted|p1a: Ceruledge\n|-damage|p1a: Ceruledge|215/245\n|\n|upkeep\n|turn|7\n|\n|t:|1781412830\n|-end|p2a: Scream Tail|Protosynthesis|[silent]\n|switch|p2a: Venomoth|Venomoth, L84, F|255/255\n|move|p1a: Ceruledge|Poltergeist|p2a: Venomoth\n|-activate|p2a: Venomoth|move: Poltergeist|Heavy-Duty Boots\n|-damage|p2a: Venomoth|93/255\n|\n|upkeep\n|turn|8\n|\n|t:|1781412838\n|switch|p1a: Pincurchin|Pincurchin, F|258/258\n|-fieldstart|move: Electric Terrain|[from] ability: Electric Surge|[of] p1a: Pincurchin\n|move|p2a: Venomoth|Bug Buzz|p1a: Pincurchin\n|-damage|p1a: Pincurchin|174/258\n|\n|-heal|p1a: Pincurchin|190/258|[from] item: Leftovers\n|upkeep\n|turn|9\n|\n|t:|1781412849\n|switch|p2a: Cacturne|Cacturne, L92, F|278/278\n|move|p1a: Pincurchin|Zing Zap|p2a: Cacturne\n|-resisted|p2a: Cacturne\n|-damage|p2a: Cacturne|186/278\n|\n|-heal|p1a: Pincurchin|206/258|[from] item: Leftovers\n|upkeep\n|turn|10\n|\n|t:|1781412860\n|switch|p1a: Gothitelle|Gothitelle, L90, M|46/272\n|move|p2a: Cacturne|Swords Dance|p2a: Cacturne\n|-boost|p2a: Cacturne|atk|2\n|\n|-heal|p1a: Gothitelle|63/272|[from] item: Leftovers\n|upkeep\n|turn|11\n|\n|t:|1781412874\n|move|p2a: Cacturne|Sucker Punch|p1a: Gothitelle\n|-supereffective|p1a: Gothitelle\n|-damage|p1a: Gothitelle|0 fnt\n|faint|p1a: Gothitelle\n|-damage|p2a: Cacturne|159/278|[from] item: Life Orb\n|\n|upkeep\n|\n|t:|1781412882\n|switch|p1a: Gouging Fire|Gouging Fire, L74|277/277\n|turn|12\n|\n|t:|1781412885\n|move|p2a: Cacturne|Sucker Punch|p1a: Gouging Fire\n|-damage|p1a: Gouging Fire|59/277\n|-damage|p2a: Cacturne|132/278|[from] item: Life Orb\n|move|p1a: Gouging Fire|Heat Crash|p2a: Cacturne\n|-supereffective|p2a: Cacturne\n|-damage|p2a: Cacturne|0 fnt\n|faint|p2a: Cacturne\n|\n|-fieldend|move: Electric Terrain\n|upkeep\n|\n|t:|1781412902\n|switch|p2a: Venomoth|Venomoth, L84, F|93/255\n|turn|13\n|\n|t:|1781412908\n|-end|p1a: Gouging Fire|Protosynthesis|[silent]\n|switch|p1a: Pincurchin|Pincurchin, F|206/258\n|-fieldstart|move: Electric Terrain|[from] ability: Electric Surge|[of] p1a: Pincurchin\n|move|p2a: Venomoth|Sludge Wave|p1a: Pincurchin\n|-damage|p1a: Pincurchin|130/258\n|\n|-heal|p1a: Pincurchin|146/258|[from] item: Leftovers\n|upkeep\n|turn|14\n|\n|t:|1781412912\n|move|p2a: Venomoth|Quiver Dance|p2a: Venomoth\n|-boost|p2a: Venomoth|spa|1\n|-boost|p2a: Venomoth|spd|1\n|-boost|p2a: Venomoth|spe|1\n|move|p1a: Pincurchin|Recover|p1a: Pincurchin\n|-heal|p1a: Pincurchin|258/258\n|\n|upkeep\n|turn|15\n|\n|t:|1781412918\n|move|p2a: Venomoth|Sludge Wave|p1a: Pincurchin\n|-damage|p1a: Pincurchin|128/258\n|-status|p1a: Pincurchin|psn\n|move|p1a: Pincurchin|Zing Zap|p2a: Venomoth\n|-damage|p2a: Venomoth|0 fnt\n|faint|p2a: Venomoth\n|\n|-heal|p1a: Pincurchin|144/258 psn|[from] item: Leftovers\n|-damage|p1a: Pincurchin|112/258 psn|[from] psn\n|upkeep\n|\n|t:|1781412965\n|switch|p2a: Houndstone|Houndstone, L86, F|264/264\n|turn|16\n|\n|t:|1781412972\n|move|p2a: Houndstone|Poltergeist|p1a: Pincurchin\n|-activate|p1a: Pincurchin|move: Poltergeist|Leftovers\n|-damage|p1a: Pincurchin|12/258 psn\n|move|p1a: Pincurchin|Recover|p1a: Pincurchin\n|-heal|p1a: Pincurchin|141/258 psn\n|\n|-heal|p1a: Pincurchin|157/258 psn|[from] item: Leftovers\n|-damage|p1a: Pincurchin|125/258 psn|[from] psn\n|upkeep\n|turn|17\n|\n|t:|1781412977\n|move|p2a: Houndstone|Poltergeist|p1a: Pincurchin\n|-activate|p1a: Pincurchin|move: Poltergeist|Leftovers\n|-damage|p1a: Pincurchin|25/258 psn\n|move|p1a: Pincurchin|Recover|p1a: Pincurchin\n|-heal|p1a: Pincurchin|154/258 psn\n|\n|-heal|p1a: Pincurchin|170/258 psn|[from] item: Leftovers\n|-damage|p1a: Pincurchin|138/258 psn|[from] psn\n|-fieldend|move: Electric Terrain\n|upkeep\n|turn|18\n|\n|t:|1781412980\n|move|p2a: Houndstone|Poltergeist|p1a: Pincurchin\n|-activate|p1a: Pincurchin|move: Poltergeist|Leftovers\n|-damage|p1a: Pincurchin|32/258 psn\n|move|p1a: Pincurchin|Recover|p1a: Pincurchin\n|-heal|p1a: Pincurchin|161/258 psn\n|\n|-heal|p1a: Pincurchin|177/258 psn|[from] item: Leftovers\n|-damage|p1a: Pincurchin|145/258 psn|[from] psn\n|upkeep\n|turn|19\n|\n|t:|1781412982\n|move|p2a: Houndstone|Body Press|p1a: Pincurchin\n|-damage|p1a: Pincurchin|97/258 psn\n|move|p1a: Pincurchin|Recover|p1a: Pincurchin\n|-heal|p1a: Pincurchin|226/258 psn\n|\n|-heal|p1a: Pincurchin|242/258 psn|[from] item: Leftovers\n|-damage|p1a: Pincurchin|210/258 psn|[from] psn\n|upkeep\n|turn|20\n|\n|t:|1781412991\n|switch|p1a: Gouging Fire|Gouging Fire, L74|59/277\n|move|p2a: Houndstone|Poltergeist|p1a: Gouging Fire\n|-activate|p1a: Gouging Fire|move: Poltergeist|Heavy-Duty Boots\n|-damage|p1a: Gouging Fire|0 fnt\n|faint|p1a: Gouging Fire\n|-end|p1a: Gouging Fire|Protosynthesis|[silent]\n|\n|upkeep\n|\n|t:|1781413014\n|switch|p1a: Pincurchin|Pincurchin, F|210/258 psn\n|-fieldstart|move: Electric Terrain|[from] ability: Electric Surge|[of] p1a: Pincurchin\n|turn|21\n|j| tastyfloop\n|\n|t:|1781413020\n|move|p2a: Houndstone|Body Press|p1a: Pincurchin\n|-crit|p1a: Pincurchin\n|-damage|p1a: Pincurchin|139/258 psn\n|move|p1a: Pincurchin|Curse|p1a: Pincurchin\n|-unboost|p1a: Pincurchin|spe|1\n|-boost|p1a: Pincurchin|atk|1\n|-boost|p1a: Pincurchin|def|1\n|\n|-heal|p1a: Pincurchin|155/258 psn|[from] item: Leftovers\n|-damage|p1a: Pincurchin|123/258 psn|[from] psn\n|upkeep\n|turn|22\n|l| tastyfloop\n|\n|t:|1781413027\n|switch|p2a: Scream Tail|Scream Tail, L84|138/330\n|move|p1a: Pincurchin|Recover|p1a: Pincurchin\n|-heal|p1a: Pincurchin|252/258 psn\n|\n|-heal|p1a: Pincurchin|258/258 psn|[from] item: Leftovers\n|-damage|p1a: Pincurchin|226/258 psn|[from] psn\n|upkeep\n|turn|23\n|\n|t:|1781413032\n|switch|p1a: Ceruledge|Ceruledge, L78, M|215/245\n|move|p2a: Scream Tail|Encore||[still]\n|-fail|p2a: Scream Tail\n|\n|upkeep\n|turn|24\n|\n|t:|1781413044\n|move|p2a: Scream Tail|Encore||[still]\n|-fail|p2a: Scream Tail\n|move|p1a: Ceruledge|Swords Dance|p1a: Ceruledge\n|-boost|p1a: Ceruledge|atk|2\n|\n|upkeep\n|turn|25\n|\n|t:|1781413067\n|switch|p1a: Oricorio|Oricorio-Pa'u, L87, M|272/272\n|move|p2a: Scream Tail|Encore||[still]\n|-fail|p2a: Scream Tail\n|\n|-fieldend|move: Electric Terrain\n|upkeep\n|turn|26\n|\n|t:|1781413074\n|-end|p2a: Scream Tail|Protosynthesis|[silent]\n|switch|p2a: Houndstone|Houndstone, L86, F|264/264\n|move|p1a: Oricorio|Revelation Dance|p2a: Houndstone\n|-damage|p2a: Houndstone|174/264\n|\n|-heal|p2a: Houndstone|190/264|[from] item: Leftovers\n|upkeep\n|turn|27\n|\n|t:|1781413090\n|move|p1a: Oricorio|Hurricane|p2a: Houndstone|[miss]\n|-miss|p1a: Oricorio|p2a: Houndstone\n|move|p2a: Houndstone|Poltergeist|p1a: Oricorio\n|-activate|p1a: Oricorio|move: Poltergeist|Heavy-Duty Boots\n|-supereffective|p1a: Oricorio\n|-damage|p1a: Oricorio|0 fnt\n|faint|p1a: Oricorio\n|\n|-heal|p2a: Houndstone|206/264|[from] item: Leftovers\n|upkeep\n|\n|t:|1781413100\n|switch|p1a: Ceruledge|Ceruledge, L78, M|215/245\n|turn|28\n|\n|t:|1781413105\n|switch|p2a: Scream Tail|Scream Tail, L84|138/330\n|move|p1a: Ceruledge|Poltergeist|p2a: Scream Tail\n|-activate|p2a: Scream Tail|move: Poltergeist|Choice Scarf\n|-supereffective|p2a: Scream Tail\n|-damage|p2a: Scream Tail|0 fnt\n|faint|p2a: Scream Tail\n|-end|p2a: Scream Tail|Protosynthesis|[silent]\n|\n|upkeep\n|\n|t:|1781413167\n|switch|p2a: Delphox|Delphox, L84, M|263/263\n|turn|29\n|\n|t:|1781413185\n|-terastallize|p2a: Delphox|Fire\n|move|p2a: Delphox|Nasty Plot|p2a: Delphox\n|-boost|p2a: Delphox|spa|2\n|move|p1a: Ceruledge|Poltergeist|p2a: Delphox\n|-activate|p2a: Delphox|move: Poltergeist|Heavy-Duty Boots\n|-damage|p2a: Delphox|106/263\n|\n|upkeep\n|turn|30\n|\n|t:|1781413193\n|switch|p1a: Pincurchin|Pincurchin, F|226/258 psn\n|-fieldstart|move: Electric Terrain|[from] ability: Electric Surge|[of] p1a: Pincurchin\n|move|p2a: Delphox|Psyshock|p1a: Pincurchin\n|-damage|p1a: Pincurchin|67/258 psn\n|\n|-heal|p1a: Pincurchin|83/258 psn|[from] item: Leftovers\n|-damage|p1a: Pincurchin|51/258 psn|[from] psn\n|upkeep\n|turn|31\n|\n|t:|1781413197\n|move|p2a: Delphox|Psyshock|p1a: Pincurchin\n|-damage|p1a: Pincurchin|0 fnt\n|faint|p1a: Pincurchin\n|\n|upkeep\n|\n|t:|1781413199\n|switch|p1a: Flygon|Flygon, L82, M|265/265\n|turn|32\n|\n|t:|1781413210\n|switch|p2a: Houndstone|Houndstone, L86, F|206/264\n|move|p1a: Flygon|Earthquake|p2a: Houndstone\n|-damage|p2a: Houndstone|121/264\n|\n|-heal|p2a: Houndstone|137/264|[from] item: Leftovers\n|upkeep\n|turn|33\n|\n|t:|1781413221\n|move|p1a: Flygon|Earthquake|p2a: Houndstone\n|-damage|p2a: Houndstone|47/264\n|move|p2a: Houndstone|Poltergeist|p1a: Flygon\n|-activate|p1a: Flygon|move: Poltergeist|Lum Berry\n|-damage|p1a: Flygon|127/265\n|\n|-heal|p2a: Houndstone|63/264|[from] item: Leftovers\n|upkeep\n|turn|34\n|\n|t:|1781413231\n|move|p1a: Flygon|Earthquake|p2a: Houndstone\n|-damage|p2a: Houndstone|0 fnt\n|faint|p2a: Houndstone\n|\n|-fieldend|move: Electric Terrain\n|upkeep\n|\n|t:|1781413248\n|switch|p2a: Cinccino|Cinccino, L83, F|260/260\n|turn|35\n|\n|t:|1781413254\n|switch|p1a: Ceruledge|Ceruledge, L78, M|215/245\n|move|p2a: Cinccino|Tidy Up|p2a: Cinccino\n|-boost|p2a: Cinccino|atk|1\n|-boost|p2a: Cinccino|spe|1\n|\n|upkeep\n|turn|36\n|\n|t:|1781413268\n|move|p2a: Cinccino|Tidy Up|p2a: Cinccino\n|-boost|p2a: Cinccino|atk|1\n|-boost|p2a: Cinccino|spe|1\n|move|p1a: Ceruledge|Close Combat|p2a: Cinccino\n|-supereffective|p2a: Cinccino\n|-damage|p2a: Cinccino|12/260\n|-unboost|p1a: Ceruledge|def|1\n|-unboost|p1a: Ceruledge|spd|1\n|\n|upkeep\n|turn|37\n|\n|t:|1781413293\n|switch|p1a: Flygon|Flygon, L82, M|127/265\n|move|p2a: Cinccino|Tidy Up|p2a: Cinccino\n|-boost|p2a: Cinccino|atk|1\n|-boost|p2a: Cinccino|spe|1\n|\n|upkeep\n|turn|38\n|\n|t:|1781413300\n|-terastallize|p1a: Flygon|Steel\n|move|p2a: Cinccino|Bullet Seed|p1a: Flygon\n|-resisted|p1a: Flygon\n|-damage|p1a: Flygon|93/265\n|-resisted|p1a: Flygon\n|-damage|p1a: Flygon|61/265\n|-resisted|p1a: Flygon\n|-damage|p1a: Flygon|27/265\n|-resisted|p1a: Flygon\n|-damage|p1a: Flygon|0 fnt\n|faint|p1a: Flygon\n|-hitcount|p1: Flygon|4\n|\n|upkeep\n|\n|t:|1781413307\n|switch|p1a: Ceruledge|Ceruledge, L78, M|215/245\n|turn|39\n|\n|t:|1781413309\n|move|p2a: Cinccino|Bullet Seed|p1a: Ceruledge\n|-resisted|p1a: Ceruledge\n|-damage|p1a: Ceruledge|179/245\n|-ability|p1a: Ceruledge|Weak Armor|boost\n|-unboost|p1a: Ceruledge|def|1\n|-boost|p1a: Ceruledge|spe|2\n|-resisted|p1a: Ceruledge\n|-damage|p1a: Ceruledge|124/245\n|-ability|p1a: Ceruledge|Weak Armor|boost\n|-unboost|p1a: Ceruledge|def|1\n|-boost|p1a: Ceruledge|spe|2\n|-resisted|p1a: Ceruledge\n|-damage|p1a: Ceruledge|49/245\n|-ability|p1a: Ceruledge|Weak Armor|boost\n|-unboost|p1a: Ceruledge|def|1\n|-boost|p1a: Ceruledge|spe|2\n|-resisted|p1a: Ceruledge\n|-damage|p1a: Ceruledge|0 fnt\n|faint|p1a: Ceruledge\n|-hitcount|p1: Ceruledge|4\n|\n|win|nocomment3\n", "inputlog": ">version a8376a258c1d4662feba110a92103f3664a72141\n>start {\"formatid\":\"gen9randombattle\",\"seed\":\"sodium,283f7646d70ce5ed4cc683684c532591\",\"rated\":\"Rated battle\"}\n>player p1 {\"name\":\"Node\",\"avatar\":\"#agplviblackpink\",\"rating\":2381,\"seed\":\"sodium,b4eebb8f6a46a3f82428d599aa9010a7\"}\n>player p2 {\"name\":\"nocomment3\",\"avatar\":\"2\",\"rating\":2339,\"seed\":\"sodium,29c20cf1583d9cdbb682a3f63ddc517b\"}\n>p1 move trick\n>p2 move dazzlinggleam\n>p1 move psychic\n>p2 move dazzlinggleam\n>p1 move psychic\n>p2 move dazzlinggleam\n>p1 move darkpulse\n>p2 move dazzlinggleam\n>p1 move darkpulse\n>p2 move dazzlinggleam\n>chat \u2606Node|zzz\n>p1 switch 5\n>p2 move dazzlinggleam\n>p1 move poltergeist\n>p2 switch 5\n>p1 switch 3\n>p2 move bugbuzz\n>p1 move zingzap\n>p2 switch 3\n>p1 switch 5\n>p2 move swordsdance\n>p1 move focusblast\n>p2 move suckerpunch\n>p1 switch 2\n>p1 move heatcrash\n>p2 move suckerpunch\n>p2 switch 3\n>p1 switch 5\n>p2 move sludgewave\n>p1 move recover\n>p2 move quiverdance\n>p1 move zingzap\n>p2 move sludgewave\n>p2 switch 4\n>p1 move recover\n>p2 move poltergeist\n>p1 move recover\n>p2 move poltergeist\n>p1 move recover\n>p2 move poltergeist\n>p1 move recover\n>p2 move bodypress\n>p1 switch 5\n>p2 move poltergeist\n>p1 switch 5\n>p1 move curse\n>p2 move bodypress\n>p1 move recover\n>p2 switch 5\n>p1 switch 3\n>p2 move encore\n>p1 move swordsdance\n>p2 move encore\n>p1 switch 4\n>p2 move encore\n>p1 move revelationdance\n>p2 switch 5\n>p1 move hurricane\n>p2 move poltergeist\n>p1 switch 4\n>p1 move poltergeist\n>p2 switch 5\n>p2 switch 2\n>p1 move poltergeist\n>p2 move nastyplot terastallize\n>p1 switch 3\n>p2 move psyshock\n>p1 move liquidation\n>p2 move psyshock\n>p1 switch 6\n>p1 move earthquake\n>p2 switch 5\n>p1 move earthquake\n>p2 move poltergeist\n>p1 move earthquake\n>p2 move poltergeist\n>p2 switch 6\n>p1 switch 3\n>p2 move tidyup\n>p1 move closecombat\n>p2 move tidyup\n>p1 switch 3\n>p2 move tidyup\n>p1 move earthquake terastallize\n>p2 move bulletseed\n>p1 switch 3\n>p1 move bitterblade\n>p2 move bulletseed", "uploadtime": 1781412742, "views": 6, "formatid": "gen9randombattle", "rating": null, "private": 0, "password": null}