{"id": "gen9randombattle-2631821856", "format": "[Gen 9] Random Battle", "players": ["zeropepsi", "katsuge5"], "log": "|j|\u2606zeropepsi\n|j|\u2606katsuge5\n|t:|1781444495\n|gametype|singles\n|player|p1|zeropepsi|hilbert|2086\n|player|p2|katsuge5|101|2256\n|gen|9\n|tier|[Gen 9] Random Battle\n|rated|\n|rule|Species Clause: Limit one of each Pok\u00e9mon\n|rule|HP Percentage Mod: HP is shown in percentages\n|rule|Sleep Clause Mod: Limit one foe put to sleep\n|rule|Illusion Level Mod: Illusion disguises the Pok\u00e9mon's true level\n|\n|t:|1781444495\n|teamsize|p1|6\n|teamsize|p2|6\n|start\n|switch|p1a: Corviknight|Corviknight, L80, F|219/219\n|switch|p2a: Necrozma|Necrozma-Dusk-Mane, L69|248/248\n|turn|1\n|inactive|Battle timer is ON: inactive players will automatically lose when time's up. (requested by zeropepsi)\n|\n|t:|1781444508\n|switch|p2a: Iron Moth|Iron Moth, L78|253/253\n|move|p1a: Corviknight|Bitter Malice|p2a: Iron Moth\n|-damage|p2a: Iron Moth|142/253\n|-unboost|p2a: Iron Moth|atk|1\n|\n|upkeep\n|turn|2\n|inactive|katsuge5 has 120 seconds left.\n|\n|t:|1781444563\n|switch|p1a: Charizard|Charizard, L85, F|271/271\n|move|p2a: Iron Moth|U-turn|p1a: Charizard\n|-resisted|p1a: Charizard\n|-damage|p1a: Charizard|265/271\n|inactive|katsuge5 has 90 seconds left.\n|inactive|katsuge5 has 60 seconds left.\n|\n|t:|1781444618\n|-end|p2a: Iron Moth|Quark Drive|[silent]\n|switch|p2a: Necrozma|Necrozma-Dusk-Mane, L69|248/248|[from] U-turn\n|\n|upkeep\n|turn|3\n|\n|t:|1781444626\n|move|p1a: Charizard|Swords Dance|p1a: Charizard\n|-boost|p1a: Charizard|atk|2\n|move|p2a: Necrozma|Dragon Dance|p2a: Necrozma\n|-boost|p2a: Necrozma|atk|1\n|-boost|p2a: Necrozma|spe|1\n|\n|upkeep\n|turn|4\n|inactive|katsuge5 has 60 seconds left.\n|\n|t:|1781444644\n|move|p2a: Necrozma|Photon Geyser|p1a: Charizard\n|-damage|p1a: Charizard|100/271\n|move|p1a: Charizard|Flare Blitz|p2a: Necrozma\n|-supereffective|p2a: Necrozma\n|-damage|p2a: Necrozma|0 fnt\n|faint|p2a: Necrozma\n|-damage|p1a: Charizard|18/271|[from] Recoil\n|\n|upkeep\n|\n|t:|1781444663\n|switch|p2a: Spiritomb|Spiritomb, L89, F|234/234\n|turn|5\n|\n|t:|1781444668\n|switch|p1a: Luxray|Luxray, L88, M|284/284\n|-ability|p1a: Luxray|Intimidate|boost\n|-unboost|p2a: Spiritomb|atk|1\n|move|p2a: Spiritomb|Sucker Punch||[still]\n|-fail|p2a: Spiritomb\n|\n|upkeep\n|turn|6\n|inactive|katsuge5 has 60 seconds left.\n|\n|t:|1781444695\n|move|p1a: Luxray|Play Rough|p2a: Spiritomb\n|-supereffective|p2a: Spiritomb\n|-damage|p2a: Spiritomb|94/234\n|move|p2a: Spiritomb|Foul Play|p1a: Luxray\n|-damage|p1a: Luxray|139/284\n|\n|-heal|p2a: Spiritomb|108/234|[from] item: Leftovers\n|upkeep\n|turn|7\n|\n|t:|1781444710\n|switch|p2a: Avalugg|Avalugg-Hisui, L90, M|317/317\n|move|p1a: Luxray|Wild Charge|p2a: Avalugg\n|-damage|p2a: Avalugg|248/317\n|-damage|p1a: Luxray|122/284|[from] Recoil\n|\n|upkeep\n|turn|8\n|\n|t:|1781444716\n|move|p1a: Luxray|Volt Switch|p2a: Avalugg\n|-damage|p2a: Avalugg|109/317\n|j| brianfut\n|\n|t:|1781444722\n|switch|p1a: Corviknight|Corviknight, L80, F|288/288|[from] Volt Switch\n|-ability|p1a: Corviknight|Pressure\n|move|p2a: Avalugg|Recover|p2a: Avalugg\n|-heal|p2a: Avalugg|268/317\n|\n|upkeep\n|turn|9\n|inactive|katsuge5 has 30 seconds left.\n|inactive|katsuge5 has 20 seconds left.\n|inactive|katsuge5 has 15 seconds left.\n|\n|t:|1781444763\n|switch|p2a: Krookodile|Krookodile, L79, M|280/280\n|-ability|p2a: Krookodile|Intimidate|boost\n|-unboost|p1a: Corviknight|atk|1\n|move|p1a: Corviknight|Brave Bird|p2a: Krookodile\n|-damage|p2a: Krookodile|192/280\n|-damage|p1a: Corviknight|259/288|[from] Recoil\n|\n|-heal|p2a: Krookodile|209/280|[from] item: Leftovers\n|upkeep\n|turn|10\n|inactive|katsuge5 has 25 seconds left this turn.\n|inactive|katsuge5 has 20 seconds left.\n|inactive|katsuge5 has 15 seconds left.\n|inactive|katsuge5 has 10 seconds left.\n|inactive|katsuge5 has 5 seconds left.\n|\n|t:|1781444785\n|move|p2a: Krookodile|Bulk Up|p2a: Krookodile\n|-boost|p2a: Krookodile|atk|1\n|-boost|p2a: Krookodile|def|1\n|move|p1a: Corviknight|Body Press|p2a: Krookodile\n|-supereffective|p2a: Krookodile\n|-damage|p2a: Krookodile|123/280\n|\n|-heal|p2a: Krookodile|140/280|[from] item: Leftovers\n|upkeep\n|turn|11\n|inactive|katsuge5 has 15 seconds left this turn.\n|inactive|katsuge5 has 10 seconds left.\n|inactive|katsuge5 has 5 seconds left.\n|\n|t:|1781444799\n|move|p2a: Krookodile|Knock Off|p1a: Corviknight\n|-damage|p1a: Corviknight|109/288\n|-damage|p2a: Krookodile|94/280|[from] item: Rocky Helmet|[of] p1a: Corviknight\n|-enditem|p1a: Corviknight|Rocky Helmet|[from] move: Knock Off|[of] p2a: Krookodile\n|move|p1a: Corviknight|Body Press|p2a: Krookodile\n|-supereffective|p2a: Krookodile\n|-damage|p2a: Krookodile|14/280\n|\n|-heal|p2a: Krookodile|31/280|[from] item: Leftovers\n|upkeep\n|turn|12\n|inactive|katsuge5 has 15 seconds left this turn.\n|inactive|katsuge5 has 10 seconds left.\n|inactive|katsuge5 has 5 seconds left.\n|\n|t:|1781444813\n|move|p2a: Krookodile|Bulk Up|p2a: Krookodile\n|-boost|p2a: Krookodile|atk|1\n|-boost|p2a: Krookodile|def|1\n|move|p1a: Corviknight|Brave Bird|p2a: Krookodile\n|-damage|p2a: Krookodile|0 fnt\n|faint|p2a: Krookodile\n|-damage|p1a: Corviknight|99/288|[from] Recoil\n|\n|upkeep\n|inactive|katsuge5 has 10 seconds left this turn.\n|\n|t:|1781444816\n|switch|p2a: Iron Moth|Iron Moth, L78|142/253\n|turn|13\n|inactive|katsuge5 has 20 seconds left this turn.\n|\n|t:|1781444819\n|move|p2a: Iron Moth|Fire Blast|p1a: Corviknight\n|-supereffective|p1a: Corviknight\n|-damage|p1a: Corviknight|0 fnt\n|faint|p1a: Corviknight\n|\n|upkeep\n|\n|t:|1781444821\n|switch|p1a: Charizard|Charizard, L85, F|18/271\n|turn|14\n|inactive|katsuge5 has 30 seconds left.\n|\n|t:|1781444832\n|-end|p2a: Iron Moth|Quark Drive|[silent]\n|switch|p2a: Spiritomb|Spiritomb, L89, F|108/234\n|move|p1a: Charizard|Earthquake|p2a: Spiritomb\n|-damage|p2a: Spiritomb|58/234\n|\n|-heal|p2a: Spiritomb|72/234|[from] item: Leftovers\n|upkeep\n|turn|15\n|inactive|katsuge5 has 30 seconds left.\n|\n|t:|1781444839\n|switch|p1a: Luxray|Luxray, L88, M|122/284\n|-ability|p1a: Luxray|Intimidate|boost\n|-unboost|p2a: Spiritomb|atk|1\n|move|p2a: Spiritomb|Foul Play|p1a: Luxray\n|-damage|p1a: Luxray|0 fnt\n|faint|p1a: Luxray\n|\n|-heal|p2a: Spiritomb|86/234|[from] item: Leftovers\n|upkeep\n|\n|t:|1781444850\n|switch|p1a: Glaceon|Glaceon, L94, M|275/275\n|turn|16\n|\n|t:|1781444860\n|move|p1a: Glaceon|Calm Mind|p1a: Glaceon\n|-boost|p1a: Glaceon|spa|1\n|-boost|p1a: Glaceon|spd|1\n|move|p2a: Spiritomb|Toxic|p1a: Glaceon\n|-status|p1a: Glaceon|tox\n|\n|-heal|p2a: Spiritomb|100/234|[from] item: Leftovers\n|-damage|p1a: Glaceon|258/275 tox|[from] psn\n|upkeep\n|turn|17\n|\n|t:|1781444871\n|move|p1a: Glaceon|Freeze-Dry|p2a: Spiritomb\n|-damage|p2a: Spiritomb|0 fnt\n|faint|p2a: Spiritomb\n|\n|-damage|p1a: Glaceon|224/275 tox|[from] psn\n|upkeep\n|inactive|katsuge5 has 30 seconds left.\n|\n|t:|1781444891\n|switch|p2a: Calyrex|Calyrex-Ice, L72|263/263\n|-ability|p2a: Calyrex|As One\n|-ability|p2a: Calyrex|Unnerve\n|turn|18\n|\n|t:|1781444912\n|move|p1a: Glaceon|Wish|p1a: Glaceon\n|move|p2a: Calyrex|Agility|p2a: Calyrex\n|-boost|p2a: Calyrex|spe|2\n|\n|-damage|p1a: Glaceon|173/275 tox|[from] psn\n|upkeep\n|turn|19\n|inactive|katsuge5 has 30 seconds left.\n|inactive|katsuge5 has 20 seconds left.\n|inactive|katsuge5 has 15 seconds left.\n|inactive|katsuge5 has 10 seconds left.\n|c| brianfut|katsu\n|c| brianfut|attention in time\n|inactive|katsuge5 has 5 seconds left.\n|\n|t:|1781444954\n|-terastallize|p2a: Calyrex|Fighting\n|move|p2a: Calyrex|Close Combat|p1a: Glaceon\n|-supereffective|p1a: Glaceon\n|-damage|p1a: Glaceon|0 fnt\n|-unboost|p2a: Calyrex|def|1\n|-unboost|p2a: Calyrex|spd|1\n|faint|p1a: Glaceon\n|-ability|p2a: Calyrex|Chilling Neigh|boost\n|-boost|p2a: Calyrex|atk|1\n|\n|upkeep\n|inactive|zeropepsi has 120 seconds left.\n|\n|t:|1781444979\n|switch|p1a: Charizard|Charizard, L85, F|18/271\n|turn|20\n|inactive|katsuge5 has 20 seconds left this turn.\n|inactive|katsuge5 has 15 seconds left.\n|\n|t:|1781444987\n|move|p2a: Calyrex|Glacial Lance|p1a: Charizard\n|-damage|p1a: Charizard|0 fnt\n|faint|p1a: Charizard\n|-ability|p2a: Calyrex|Chilling Neigh|boost\n|-boost|p2a: Calyrex|atk|1\n|\n|upkeep\n|\n|t:|1781444996\n|switch|p1a: Dragapult|Dragapult, L77, F|262/262\n|turn|21\n|inactive|katsuge5 has 30 seconds left this turn.\n|inactive|zeropepsi has 120 seconds left.\n|\n|t:|1781445004\n|-terastallize|p1a: Dragapult|Ghost\n|move|p1a: Dragapult|Tera Blast|p2a: Calyrex|[anim] Tera Blast Ghost\n|-damage|p2a: Calyrex|104/263\n|-damage|p1a: Dragapult|236/262|[from] item: Life Orb\n|move|p2a: Calyrex|Glacial Lance|p1a: Dragapult\n|-damage|p1a: Dragapult|0 fnt\n|faint|p1a: Dragapult\n|-ability|p2a: Calyrex|Chilling Neigh|boost\n|-boost|p2a: Calyrex|atk|1\n|\n|upkeep\n|\n|t:|1781445009\n|switch|p1a: Zoroark|Zoroark-Hisui, L80, M|219/219\n|turn|22\n|\n|t:|1781445011\n|move|p2a: Calyrex|Glacial Lance|p1a: Zoroark\n|-damage|p1a: Zoroark|0 fnt\n|faint|p1a: Zoroark\n|\n|win|katsuge5\n", "uploadtime": 1781444497, "views": 4, "formatid": "gen9randombattle", "rating": null, "private": 0, "password": null}