{"id": "gen9randombattle-2631482871", "format": "[Gen 9] Random Battle", "players": ["cewki", "TheOldTimers"], "log": "|j|\u2606cewki\n|j|\u2606TheOldTimers\n|t:|1781390614\n|gametype|singles\n|player|p1|cewki|iono|1945\n|player|p2|TheOldTimers|li|1908\n|gen|9\n|tier|[Gen 9] Random Battle\n|rated|\n|rule|Species Clause: Limit one of each Pok\u00e9mon\n|rule|HP Percentage Mod: HP is shown in percentages\n|rule|Sleep Clause Mod: Limit one foe put to sleep\n|rule|Illusion Level Mod: Illusion disguises the Pok\u00e9mon's true level\n|\n|t:|1781390614\n|teamsize|p1|6\n|teamsize|p2|6\n|start\n|switch|p1a: Gurdurr|Gurdurr, L85, F|283/283\n|switch|p2a: Minun|Minun, L95, M|268/268\n|turn|1\n|\n|t:|1781390639\n|switch|p1a: Umbreon|Umbreon, L84, M|297/297\n|move|p2a: Minun|Nasty Plot|p2a: Minun\n|-boost|p2a: Minun|spa|2\n|\n|upkeep\n|turn|2\n|\n|t:|1781390649\n|move|p2a: Minun|Alluring Voice|p1a: Umbreon\n|-supereffective|p1a: Umbreon\n|-damage|p1a: Umbreon|50/297\n|-damage|p2a: Minun|242/268|[from] item: Life Orb\n|move|p1a: Umbreon|Toxic|p2a: Minun\n|-status|p2a: Minun|tox\n|\n|-heal|p1a: Umbreon|68/297|[from] item: Leftovers\n|-damage|p2a: Minun|226/268 tox|[from] psn\n|upkeep\n|turn|3\n|\n|t:|1781390658\n|move|p1a: Umbreon|Protect|p1a: Umbreon\n|-singleturn|p1a: Umbreon|Protect\n|move|p2a: Minun|Thunderbolt|p1a: Umbreon\n|-activate|p1a: Umbreon|move: Protect\n|\n|-heal|p1a: Umbreon|86/297|[from] item: Leftovers\n|-damage|p2a: Minun|194/268 tox|[from] psn\n|upkeep\n|turn|4\n|\n|t:|1781390664\n|switch|p1a: Alcremie|Alcremie-Ruby-Swirl, L90, F|263/263\n|move|p2a: Minun|Alluring Voice|p1a: Alcremie\n|-damage|p1a: Alcremie|147/263\n|-damage|p2a: Minun|168/268 tox|[from] item: Life Orb\n|\n|-heal|p1a: Alcremie|163/263|[from] item: Leftovers\n|-damage|p2a: Minun|120/268 tox|[from] psn\n|upkeep\n|turn|5\n|\n|t:|1781390671\n|move|p2a: Minun|Nasty Plot|p2a: Minun\n|-boost|p2a: Minun|spa|2\n|move|p1a: Alcremie|Recover|p1a: Alcremie\n|-heal|p1a: Alcremie|263/263\n|\n|-damage|p2a: Minun|56/268 tox|[from] psn\n|upkeep\n|turn|6\n|\n|t:|1781390687\n|switch|p1a: Umbreon|Umbreon, L84, M|86/297\n|move|p2a: Minun|Thunderbolt|p1a: Umbreon\n|-damage|p1a: Umbreon|0 fnt\n|faint|p1a: Umbreon\n|-damage|p2a: Minun|30/268 tox|[from] item: Life Orb\n|\n|-damage|p2a: Minun|0 fnt|[from] psn\n|faint|p2a: Minun\n|upkeep\n|\n|t:|1781390697\n|switch|p2a: Qwilfish|Qwilfish-Hisui, L83, M|244/244\n|switch|p1a: Infernape|Infernape, L82, F|259/259\n|-ability|p2a: Qwilfish|Intimidate|boost\n|-unboost|p1a: Infernape|atk|1\n|turn|7\n|\n|t:|1781390702\n|move|p1a: Infernape|U-turn|p2a: Qwilfish\n|-damage|p2a: Qwilfish|222/244\n|\n|t:|1781390712\n|switch|p1a: Gurdurr|Gurdurr, L85, F|283/283|[from] U-turn\n|move|p2a: Qwilfish|Spikes|p1a: Gurdurr\n|-sidestart|p1: cewki|Spikes\n|\n|upkeep\n|turn|8\n|\n|t:|1781390725\n|switch|p2a: Golurk|Golurk, L87|297/297\n|move|p1a: Gurdurr|Knock Off|p2a: Golurk\n|-supereffective|p2a: Golurk\n|-damage|p2a: Golurk|127/297\n|-enditem|p2a: Golurk|Life Orb|[from] move: Knock Off|[of] p1a: Gurdurr\n|\n|upkeep\n|turn|9\n|\n|t:|1781390739\n|move|p2a: Golurk|Dynamic Punch|p1a: Gurdurr\n|-damage|p1a: Gurdurr|217/283\n|-start|p1a: Gurdurr|confusion\n|-activate|p1a: Gurdurr|confusion\n|-damage|p1a: Gurdurr|185/283|[from] confusion\n|\n|upkeep\n|turn|10\n|\n|t:|1781390748\n|move|p2a: Golurk|Poltergeist|p1a: Gurdurr\n|-activate|p1a: Gurdurr|move: Poltergeist|Eviolite\n|-damage|p1a: Gurdurr|77/283\n|-activate|p1a: Gurdurr|confusion\n|move|p1a: Gurdurr|Knock Off|p2a: Golurk\n|-supereffective|p2a: Golurk\n|-damage|p2a: Golurk|15/297\n|\n|upkeep\n|turn|11\n|\n|t:|1781390759\n|switch|p1a: Dondozo|Dondozo, L78, F|362/362\n|-damage|p1a: Dondozo|317/362|[from] Spikes\n|move|p2a: Golurk|Poltergeist|p1a: Dondozo\n|-activate|p1a: Dondozo|move: Poltergeist|Leftovers\n|-crit|p1a: Dondozo\n|-damage|p1a: Dondozo|133/362\n|\n|-heal|p1a: Dondozo|155/362|[from] item: Leftovers\n|upkeep\n|turn|12\n|\n|t:|1781390770\n|move|p2a: Golurk|Poltergeist|p1a: Dondozo\n|-activate|p1a: Dondozo|move: Poltergeist|Leftovers\n|-damage|p1a: Dondozo|29/362\n|move|p1a: Dondozo|Rest|p1a: Dondozo\n|-status|p1a: Dondozo|slp|[from] move: Rest\n|-heal|p1a: Dondozo|362/362 slp|[silent]\n|\n|upkeep\n|turn|13\n|\n|t:|1781390774\n|move|p2a: Golurk|Stealth Rock|p1a: Dondozo\n|-sidestart|p1: cewki|move: Stealth Rock\n|cant|p1a: Dondozo|slp\n|move|p1a: Dondozo|Sleep Talk|p1a: Dondozo\n|move|p1a: Dondozo|Wave Crash|p2a: Golurk|[from] move: Sleep Talk\n|-supereffective|p2a: Golurk\n|-damage|p2a: Golurk|0 fnt\n|faint|p2a: Golurk\n|-damage|p1a: Dondozo|357/362 slp|[from] Recoil\n|\n|-heal|p1a: Dondozo|362/362 slp|[from] item: Leftovers\n|upkeep\n|\n|t:|1781390775\n|switch|p2a: Shaymin|Shaymin, L82|298/298\n|turn|14\n|\n|t:|1781390790\n|switch|p1a: Infernape|Infernape, L82, F|259/259\n|-damage|p1a: Infernape|227/259|[from] Spikes\n|-damage|p1a: Infernape|195/259|[from] Stealth Rock\n|move|p2a: Shaymin|Seed Flare|p1a: Infernape\n|-resisted|p1a: Infernape\n|-damage|p1a: Infernape|118/259\n|-unboost|p1a: Infernape|spd|2\n|\n|upkeep\n|turn|15\n|\n|t:|1781390799\n|switch|p2a: Qwilfish|Qwilfish-Hisui, L83, M|222/244\n|-ability|p2a: Qwilfish|Intimidate|boost\n|-unboost|p1a: Infernape|atk|1\n|move|p1a: Infernape|Flare Blitz|p2a: Qwilfish\n|-damage|p2a: Qwilfish|162/244\n|-damage|p1a: Infernape|98/259|[from] Recoil\n|\n|upkeep\n|turn|16\n|\n|t:|1781390822\n|move|p1a: Infernape|Flare Blitz|p2a: Qwilfish\n|-damage|p2a: Qwilfish|101/244\n|-damage|p1a: Infernape|78/259|[from] Recoil\n|move|p2a: Qwilfish|Gunk Shot|p1a: Infernape\n|-damage|p1a: Infernape|0 fnt\n|faint|p1a: Infernape\n|\n|upkeep\n|\n|t:|1781390826\n|switch|p1a: Gurdurr|Gurdurr, L85, F|77/283\n|-damage|p1a: Gurdurr|42/283|[from] Spikes\n|-damage|p1a: Gurdurr|25/283|[from] Stealth Rock\n|turn|17\n|\n|t:|1781390838\n|move|p1a: Gurdurr|Mach Punch|p2a: Qwilfish\n|-damage|p2a: Qwilfish|64/244\n|move|p2a: Qwilfish|Spikes|p1a: Gurdurr\n|-sidestart|p1: cewki|Spikes\n|\n|upkeep\n|turn|18\n|\n|t:|1781390842\n|move|p2a: Qwilfish|Crunch|p1a: Gurdurr\n|-resisted|p1a: Gurdurr\n|-damage|p1a: Gurdurr|0 fnt\n|faint|p1a: Gurdurr\n|\n|upkeep\n|\n|t:|1781390847\n|switch|p1a: Flutter Mane|Flutter Mane, L74|203/203\n|-damage|p1a: Flutter Mane|170/203|[from] Spikes\n|-damage|p1a: Flutter Mane|145/203|[from] Stealth Rock\n|turn|19\n|\n|t:|1781390852\n|move|p1a: Flutter Mane|Mystical Fire|p2a: Qwilfish\n|-damage|p2a: Qwilfish|0 fnt\n|faint|p2a: Qwilfish\n|\n|upkeep\n|\n|t:|1781390859\n|switch|p2a: Decidueye|Decidueye-Hisui, L87, M|295/295\n|turn|20\n|\n|t:|1781390868\n|move|p1a: Flutter Mane|Mystical Fire|p2a: Decidueye\n|-supereffective|p2a: Decidueye\n|-damage|p2a: Decidueye|155/295\n|-unboost|p2a: Decidueye|spa|1\n|move|p2a: Decidueye|Leaf Blade|p1a: Flutter Mane\n|-damage|p1a: Flutter Mane|0 fnt\n|faint|p1a: Flutter Mane\n|-end|p1a: Flutter Mane|Protosynthesis|[silent]\n|\n|-heal|p2a: Decidueye|173/295|[from] item: Leftovers\n|upkeep\n|\n|t:|1781390873\n|switch|p1a: Alcremie|Alcremie-Ruby-Swirl, L90, F|263/263\n|-damage|p1a: Alcremie|220/263|[from] Spikes\n|-damage|p1a: Alcremie|188/263|[from] Stealth Rock\n|turn|21\n|\n|t:|1781390878\n|move|p1a: Alcremie|Alluring Voice|p2a: Decidueye\n|-supereffective|p2a: Decidueye\n|-damage|p2a: Decidueye|0 fnt\n|faint|p2a: Decidueye\n|\n|-heal|p1a: Alcremie|204/263|[from] item: Leftovers\n|upkeep\n|\n|t:|1781390880\n|switch|p2a: Weavile|Weavile, L79, M|240/240\n|turn|22\n|\n|t:|1781390884\n|move|p2a: Weavile|Triple Axel|p1a: Alcremie\n|-damage|p1a: Alcremie|179/263\n|-damage|p1a: Alcremie|134/263\n|-damage|p1a: Alcremie|68/263\n|-hitcount|p1a: Alcremie|3\n|move|p1a: Alcremie|Alluring Voice|p2a: Weavile\n|-supereffective|p2a: Weavile\n|-damage|p2a: Weavile|22/240\n|\n|-heal|p1a: Alcremie|84/263|[from] item: Leftovers\n|upkeep\n|turn|23\n|\n|t:|1781390889\n|move|p2a: Weavile|Triple Axel|p1a: Alcremie\n|-damage|p1a: Alcremie|60/263\n|-damage|p1a: Alcremie|17/263\n|-damage|p1a: Alcremie|0 fnt\n|faint|p1a: Alcremie\n|-hitcount|p1: Alcremie|3\n|\n|upkeep\n|\n|t:|1781390891\n|switch|p1a: Dondozo|Dondozo, L78, F|362/362 slp\n|-damage|p1a: Dondozo|302/362 slp|[from] Spikes\n|-damage|p1a: Dondozo|257/362 slp|[from] Stealth Rock\n|turn|24\n|\n|t:|1781390894\n|-terastallize|p1a: Dondozo|Fairy\n|move|p2a: Weavile|Knock Off|p1a: Dondozo\n|-resisted|p1a: Dondozo\n|-damage|p1a: Dondozo|214/362 slp\n|-enditem|p1a: Dondozo|Leftovers|[from] move: Knock Off|[of] p2a: Weavile\n|cant|p1a: Dondozo|slp\n|move|p1a: Dondozo|Sleep Talk|p1a: Dondozo\n|move|p1a: Dondozo|Rest||[from] move: Sleep Talk|[still]\n|-fail|p1a: Dondozo\n|\n|upkeep\n|turn|25\n|\n|t:|1781390902\n|move|p2a: Weavile|Triple Axel|p1a: Dondozo\n|-damage|p1a: Dondozo|193/362 slp\n|-damage|p1a: Dondozo|156/362 slp\n|-damage|p1a: Dondozo|95/362 slp\n|-hitcount|p1a: Dondozo|3\n|-curestatus|p1a: Dondozo|slp|[msg]\n|move|p1a: Dondozo|Rest|p1a: Dondozo\n|-status|p1a: Dondozo|slp|[from] move: Rest\n|-heal|p1a: Dondozo|362/362 slp|[silent]\n|\n|upkeep\n|turn|26\n|\n|t:|1781390910\n|move|p2a: Weavile|Triple Axel|p1a: Dondozo\n|-damage|p1a: Dondozo|344/362 slp\n|-damage|p1a: Dondozo|305/362 slp\n|-damage|p1a: Dondozo|251/362 slp\n|-hitcount|p1a: Dondozo|3\n|cant|p1a: Dondozo|slp\n|move|p1a: Dondozo|Sleep Talk|p1a: Dondozo\n|move|p1a: Dondozo|Curse|p1a: Dondozo|[from] move: Sleep Talk\n|-unboost|p1a: Dondozo|spe|1\n|-boost|p1a: Dondozo|atk|1\n|-boost|p1a: Dondozo|def|1\n|\n|upkeep\n|turn|27\n|\n|t:|1781390915\n|switch|p2a: Shaymin|Shaymin, L82|298/298\n|cant|p1a: Dondozo|slp\n|move|p1a: Dondozo|Sleep Talk|p1a: Dondozo\n|move|p1a: Dondozo|Curse|p1a: Dondozo|[from] move: Sleep Talk\n|-unboost|p1a: Dondozo|spe|1\n|-boost|p1a: Dondozo|atk|1\n|-boost|p1a: Dondozo|def|1\n|\n|upkeep\n|turn|28\n|\n|t:|1781390924\n|move|p2a: Shaymin|Seed Flare|p1a: Dondozo\n|-damage|p1a: Dondozo|95/362 slp\n|-unboost|p1a: Dondozo|spd|2\n|-curestatus|p1a: Dondozo|slp|[msg]\n|move|p1a: Dondozo|Rest|p1a: Dondozo\n|-status|p1a: Dondozo|slp|[from] move: Rest\n|-heal|p1a: Dondozo|362/362 slp|[silent]\n|\n|upkeep\n|turn|29\n|\n|t:|1781390932\n|move|p2a: Shaymin|Seed Flare|p1a: Dondozo\n|-damage|p1a: Dondozo|7/362 slp\n|cant|p1a: Dondozo|slp\n|move|p1a: Dondozo|Sleep Talk|p1a: Dondozo\n|move|p1a: Dondozo|Wave Crash|p2a: Shaymin|[from] move: Sleep Talk\n|-resisted|p2a: Shaymin\n|-damage|p2a: Shaymin|184/298\n|-damage|p1a: Dondozo|0 fnt|[from] Recoil\n|faint|p1a: Dondozo\n|\n|win|TheOldTimers\n", "inputlog": ">version a8376a258c1d4662feba110a92103f3664a72141\n>start {\"formatid\":\"gen9randombattle\",\"seed\":\"sodium,0738bd928ddcb8b79e2ab3629a70cef2\",\"rated\":\"Rated battle\"}\n>player p1 {\"name\":\"cewki\",\"avatar\":\"iono\",\"rating\":1945,\"seed\":\"sodium,496635a0b214fad602bf51558018a8fd\"}\n>player p2 {\"name\":\"TheOldTimers\",\"avatar\":\"li\",\"rating\":1908,\"seed\":\"sodium,2bd6676a2072d8d16c2932ef48de694c\"}\n>p1 switch 3\n>p2 move nastyplot\n>p1 move toxic\n>p2 move alluringvoice\n>p1 move protect\n>p2 move thunderbolt\n>p1 switch 2\n>p2 move alluringvoice\n>p1 move recover\n>p2 move nastyplot\n>p1 switch 2\n>p2 move thunderbolt\n>p1 switch 4\n>p2 switch 6\n>p1 move uturn\n>p2 move spikes\n>p1 switch 3\n>p1 move knockoff\n>p2 switch 3\n>p1 move knockoff\n>p2 move dynamicpunch\n>p1 move knockoff\n>p2 move poltergeist\n>p1 switch 6\n>p2 move poltergeist\n>p1 move rest\n>p2 move poltergeist\n>p1 move sleeptalk\n>p2 move stealthrock\n>p2 switch 2\n>p1 switch 3\n>p2 move seedflare\n>p1 move flareblitz\n>p2 switch 3\n>p1 move flareblitz\n>p2 move gunkshot\n>p1 switch 6\n>p1 move machpunch\n>p2 move spikes\n>p1 move defog\n>p2 move crunch\n>p1 switch 5\n>p1 move mysticalfire\n>p2 move gunkshot\n>p2 switch 5\n>p1 move mysticalfire\n>p2 move leafblade\n>p1 switch 2\n>p1 move alluringvoice\n>p2 move leafblade\n>p2 switch 4\n>p1 move alluringvoice\n>p2 move tripleaxel\n>p1 move alluringvoice\n>p2 move tripleaxel\n>p1 switch 3\n>p1 move sleeptalk terastallize\n>p2 move knockoff\n>p1 move rest\n>p2 move tripleaxel\n>p1 move sleeptalk\n>p2 move tripleaxel\n>p1 move sleeptalk\n>p2 switch 3\n>p1 move rest\n>p2 move seedflare\n>p1 move sleeptalk\n>p2 move seedflare", "uploadtime": 1781390616, "views": 4, "formatid": "gen9randombattle", "rating": null, "private": 0, "password": null}