{"id": "gen9randombattle-2631929284", "format": "[Gen 9] Random Battle", "players": ["esh ketcum", "Bubiscoobinu"], "log": "|j|\u2606esh ketcum\n|j|\u2606Bubiscoobinu\n|t:|1781456722\n|gametype|singles\n|player|p1|esh ketcum|2|1000\n|player|p2|Bubiscoobinu|clown|1000\n|gen|9\n|tier|[Gen 9] Random Battle\n|rated|\n|rule|Species Clause: Limit one of each Pok\u00e9mon\n|rule|HP Percentage Mod: HP is shown in percentages\n|rule|Sleep Clause Mod: Limit one foe put to sleep\n|rule|Illusion Level Mod: Illusion disguises the Pok\u00e9mon's true level\n|\n|t:|1781456722\n|teamsize|p1|6\n|teamsize|p2|6\n|start\n|switch|p1a: Azumarill|Azumarill, L82, M|298/298\n|switch|p2a: Garganacl|Garganacl, L80, M|291/291\n|turn|1\n|\n|t:|1781456731\n|move|p1a: Azumarill|Aqua Jet|p2a: Garganacl\n|-supereffective|p2a: Garganacl\n|-damage|p2a: Garganacl|183/291\n|move|p2a: Garganacl|Salt Cure|p1a: Azumarill\n|-damage|p1a: Azumarill|252/298\n|-start|p1a: Azumarill|Salt Cure\n|\n|-heal|p2a: Garganacl|201/291|[from] item: Leftovers\n|-damage|p1a: Azumarill|178/298|[from] Salt Cure\n|upkeep\n|turn|2\n|\n|t:|1781456742\n|move|p1a: Azumarill|Aqua Jet|p2a: Garganacl\n|-supereffective|p2a: Garganacl\n|-damage|p2a: Garganacl|73/291\n|move|p2a: Garganacl|Recover|p2a: Garganacl\n|-heal|p2a: Garganacl|219/291\n|\n|-heal|p2a: Garganacl|237/291|[from] item: Leftovers\n|-damage|p1a: Azumarill|104/298|[from] Salt Cure\n|upkeep\n|turn|3\n|\n|t:|1781456752\n|move|p1a: Azumarill|Aqua Jet|p2a: Garganacl\n|-supereffective|p2a: Garganacl\n|-damage|p2a: Garganacl|121/291\n|move|p2a: Garganacl|Stealth Rock|p1a: Azumarill\n|-sidestart|p1: esh ketcum|move: Stealth Rock\n|\n|-heal|p2a: Garganacl|139/291|[from] item: Leftovers\n|-damage|p1a: Azumarill|30/298|[from] Salt Cure\n|upkeep\n|turn|4\n|\n|t:|1781456768\n|switch|p1a: Ursaluna|Ursaluna, L79, F|335/335\n|-damage|p1a: Ursaluna|315/335|[from] Stealth Rock\n|move|p2a: Garganacl|Recover|p2a: Garganacl\n|-heal|p2a: Garganacl|285/291\n|\n|-heal|p2a: Garganacl|291/291|[from] item: Leftovers\n|-status|p1a: Ursaluna|brn|[from] item: Flame Orb\n|upkeep\n|turn|5\n|\n|t:|1781456779\n|move|p1a: Ursaluna|Headlong Rush|p2a: Garganacl\n|-supereffective|p2a: Garganacl\n|-damage|p2a: Garganacl|0 fnt\n|-unboost|p1a: Ursaluna|def|1\n|-unboost|p1a: Ursaluna|spd|1\n|faint|p2a: Garganacl\n|\n|-damage|p1a: Ursaluna|295/335 brn|[from] brn\n|upkeep\n|\n|t:|1781456784\n|switch|p2a: Morpeko|Morpeko, L88, F|245/245\n|turn|6\n|\n|t:|1781456793\n|move|p2a: Morpeko|Parting Shot|p1a: Ursaluna\n|-unboost|p1a: Ursaluna|atk|1\n|-unboost|p1a: Ursaluna|spa|1\n|\n|t:|1781456796\n|switch|p2a: Tornadus|Tornadus-Therian, L79, M|254/254|[from] Parting Shot\n|move|p1a: Ursaluna|Headlong Rush|p2a: Tornadus\n|-immune|p2a: Tornadus\n|\n|-damage|p1a: Ursaluna|275/335 brn|[from] brn\n|upkeep\n|turn|7\n|inactive|Battle timer is ON: inactive players will automatically lose when time's up. (requested by esh ketcum)\n|\n|t:|1781456813\n|switch|p1a: Toxtricity|Toxtricity, L82, F|257/257\n|-damage|p1a: Toxtricity|225/257|[from] Stealth Rock\n|move|p2a: Tornadus|Bleakwind Storm|p1a: Toxtricity\n|-resisted|p1a: Toxtricity\n|-damage|p1a: Toxtricity|158/257\n|\n|upkeep\n|turn|8\n|\n|t:|1781456823\n|move|p2a: Tornadus|Heat Wave|p1a: Toxtricity\n|-damage|p1a: Toxtricity|72/257\n|move|p1a: Toxtricity|Overdrive|p2a: Tornadus\n|-supereffective|p2a: Tornadus\n|-damage|p2a: Tornadus|80/254\n|-enditem|p1a: Toxtricity|Throat Spray\n|-boost|p1a: Toxtricity|spa|1|[from] item: Throat Spray\n|\n|upkeep\n|turn|9\n|\n|t:|1781456838\n|move|p2a: Tornadus|Heat Wave|p1a: Toxtricity\n|-damage|p1a: Toxtricity|0 fnt\n|faint|p1a: Toxtricity\n|\n|upkeep\n|\n|t:|1781456845\n|switch|p1a: Iron Treads|Iron Treads, L77|265/265\n|-damage|p1a: Iron Treads|257/265|[from] Stealth Rock\n|turn|10\n|\n|t:|1781456853\n|move|p2a: Tornadus|Heat Wave|p1a: Iron Treads\n|-supereffective|p1a: Iron Treads\n|-damage|p1a: Iron Treads|73/265\n|move|p1a: Iron Treads|Iron Head|p2a: Tornadus\n|-damage|p2a: Tornadus|0 fnt\n|faint|p2a: Tornadus\n|\n|-heal|p1a: Iron Treads|89/265|[from] item: Leftovers\n|upkeep\n|\n|t:|1781456858\n|switch|p2a: Morpeko|Morpeko, L88, F|245/245\n|turn|11\n|\n|t:|1781456872\n|-end|p1a: Iron Treads|Quark Drive|[silent]\n|switch|p1a: Blaziken|Blaziken, L76, F|247/247\n|-damage|p1a: Blaziken|217/247|[from] Stealth Rock\n|move|p2a: Morpeko|Parting Shot|p1a: Blaziken\n|-unboost|p1a: Blaziken|atk|1\n|-unboost|p1a: Blaziken|spa|1\n|\n|t:|1781456880\n|switch|p2a: Whimsicott|Whimsicott, L84, M|238/238|[from] Parting Shot\n|\n|upkeep\n|turn|12\n|\n|t:|1781456895\n|switch|p1a: Iron Treads|Iron Treads, L77|89/265\n|-damage|p1a: Iron Treads|81/265|[from] Stealth Rock\n|-terastallize|p2a: Whimsicott|Poison\n|move|p2a: Whimsicott|Moonblast|p1a: Iron Treads\n|-resisted|p1a: Iron Treads\n|-damage|p1a: Iron Treads|22/265\n|\n|-heal|p1a: Iron Treads|38/265|[from] item: Leftovers\n|upkeep\n|turn|13\n|\n|t:|1781456907\n|move|p2a: Whimsicott|Giga Drain|p1a: Iron Treads\n|-damage|p1a: Iron Treads|0 fnt\n|faint|p1a: Iron Treads\n|-end|p1a: Iron Treads|Quark Drive|[silent]\n|\n|upkeep\n|\n|t:|1781456913\n|switch|p1a: Iron Valiant|Iron Valiant, L78|244/244\n|-damage|p1a: Iron Valiant|229/244|[from] Stealth Rock\n|turn|14\n|\n|t:|1781456920\n|move|p2a: Whimsicott|Moonblast|p1a: Iron Valiant\n|-supereffective|p1a: Iron Valiant\n|-damage|p1a: Iron Valiant|0 fnt\n|faint|p1a: Iron Valiant\n|-end|p1a: Iron Valiant|Quark Drive|[silent]\n|\n|upkeep\n|\n|t:|1781456926\n|switch|p1a: Blaziken|Blaziken, L76, F|217/247\n|-damage|p1a: Blaziken|187/247|[from] Stealth Rock\n|turn|15\n|\n|t:|1781456939\n|move|p2a: Whimsicott|Moonblast|p1a: Blaziken\n|-damage|p1a: Blaziken|82/247\n|move|p1a: Blaziken|Flare Blitz|p2a: Whimsicott\n|-damage|p2a: Whimsicott|85/238\n|-damage|p1a: Blaziken|32/247|[from] Recoil\n|-damage|p1a: Blaziken|8/247|[from] item: Life Orb\n|\n|-ability|p1a: Blaziken|Speed Boost|boost\n|-boost|p1a: Blaziken|spe|1\n|upkeep\n|turn|16\n|\n|t:|1781456955\n|move|p1a: Blaziken|Flare Blitz|p2a: Whimsicott\n|-damage|p2a: Whimsicott|0 fnt\n|faint|p2a: Whimsicott\n|-damage|p1a: Blaziken|0 fnt|[from] Recoil\n|faint|p1a: Blaziken\n|\n|upkeep\n|\n|t:|1781456961\n|switch|p2a: Morpeko|Morpeko, L88, F|245/245\n|switch|p1a: Azumarill|Azumarill, L82, M|30/298\n|-damage|p1a: Azumarill|0 fnt|[from] Stealth Rock\n|faint|p1a: Azumarill\n|\n|t:|1781456967\n|switch|p1a: Ursaluna|Ursaluna, L79, F|275/335 brn\n|-damage|p1a: Ursaluna|255/335 brn|[from] Stealth Rock\n|turn|17\n|\n|t:|1781456973\n|move|p2a: Morpeko|Parting Shot|p1a: Ursaluna\n|-unboost|p1a: Ursaluna|atk|1\n|-unboost|p1a: Ursaluna|spa|1\n|\n|t:|1781456981\n|switch|p2a: Quagsire|Quagsire, L84, M|297/297|[from] Parting Shot\n|move|p1a: Ursaluna|Headlong Rush|p2a: Quagsire\n|-damage|p2a: Quagsire|63/297\n|-unboost|p1a: Ursaluna|def|1\n|-unboost|p1a: Ursaluna|spd|1\n|\n|-heal|p2a: Quagsire|81/297|[from] item: Leftovers\n|-damage|p1a: Ursaluna|235/335 brn|[from] brn\n|upkeep\n|turn|18\n|\n|t:|1781456992\n|move|p1a: Ursaluna|Trailblaze|p2a: Quagsire\n|-supereffective|p2a: Quagsire\n|-damage|p2a: Quagsire|0 fnt\n|-boost|p1a: Ursaluna|spe|1\n|faint|p2a: Quagsire\n|\n|-damage|p1a: Ursaluna|215/335 brn|[from] brn\n|upkeep\n|\n|t:|1781456996\n|switch|p2a: Morpeko|Morpeko, L88, F|245/245\n|turn|19\n|\n|t:|1781457002\n|move|p2a: Morpeko|Protect|p2a: Morpeko\n|-singleturn|p2a: Morpeko|Protect\n|move|p1a: Ursaluna|Headlong Rush|p2a: Morpeko\n|-activate|p2a: Morpeko|move: Protect\n|\n|-damage|p1a: Ursaluna|195/335 brn|[from] brn\n|-formechange|p2a: Morpeko|Morpeko-Hangry||[from] ability: Hunger Switch\n|upkeep\n|turn|20\n|\n|t:|1781457014\n|move|p2a: Morpeko|Aura Wheel|p1a: Ursaluna\n|-damage|p1a: Ursaluna|23/335 brn\n|-boost|p2a: Morpeko|spe|1\n|move|p1a: Ursaluna|Headlong Rush|p2a: Morpeko\n|-supereffective|p2a: Morpeko\n|-damage|p2a: Morpeko|0 fnt\n|-unboost|p1a: Ursaluna|def|1\n|-unboost|p1a: Ursaluna|spd|1\n|faint|p2a: Morpeko\n|\n|-damage|p1a: Ursaluna|3/335 brn|[from] brn\n|upkeep\n|\n|t:|1781457021\n|switch|p2a: Heatran|Heatran, L79, F|273/273\n|turn|21\n|\n|t:|1781457028\n|move|p1a: Ursaluna|Headlong Rush|p2a: Heatran\n|-supereffective|p2a: Heatran\n|-damage|p2a: Heatran|0 fnt\n|-unboost|p1a: Ursaluna|def|1\n|-unboost|p1a: Ursaluna|spd|1\n|faint|p2a: Heatran\n|\n|win|esh ketcum\n|raw|esh ketcum's rating: 1000 &rarr; <strong>1040</strong><br />(+40 for winning)\n|raw|Bubiscoobinu's rating: 1000 &rarr; <strong>1000</strong><br />(+0 for losing)\n|l|\u2606Bubiscoobinu\n|player|p2|\n", "inputlog": ">version a8376a258c1d4662feba110a92103f3664a72141\n>start {\"formatid\":\"gen9randombattle\",\"seed\":\"sodium,c11d6d45cb1377abd2ae2e5acd371128\",\"rated\":\"Rated battle\"}\n>player p1 {\"name\":\"esh ketcum\",\"avatar\":\"2\",\"rating\":1000,\"seed\":\"sodium,d4f925849cb81a88dd98b06372c80930\"}\n>player p2 {\"name\":\"Bubiscoobinu\",\"avatar\":\"clown\",\"rating\":1000,\"seed\":\"sodium,6b36d69308ad9a37b936f45774d915cf\"}\n>p1 move aquajet\n>p2 move saltcure\n>p1 move aquajet\n>p2 move recover\n>p1 move aquajet\n>p2 move stealthrock\n>p1 switch 6\n>p2 move recover\n>p1 move headlongrush\n>p2 move saltcure\n>p2 switch 4\n>p1 move headlongrush\n>p2 move partingshot\n>p2 switch 6\n>p1 switch 2\n>p2 move bleakwindstorm\n>p1 move overdrive\n>p2 move heatwave\n>p1 move overdrive\n>p2 move heatwave\n>p1 switch 5\n>p1 move ironhead\n>p2 move heatwave\n>p2 switch 6\n>p1 switch 4\n>p2 move partingshot\n>p2 switch 5\n>p1 switch 4\n>p2 move moonblast terastallize\n>p1 move earthquake\n>p2 move gigadrain\n>p1 switch 3\n>p1 move psychic\n>p2 move moonblast\n>p1 switch 4\n>p1 move flareblitz\n>p2 move moonblast\n>p1 move flareblitz\n>p2 move moonblast\n>p1 switch 6\n>p2 switch 5\n>p1 switch 2\n>p1 move headlongrush\n>p2 move partingshot\n>p2 switch 3\n>p1 move trailblaze\n>p2 move icebeam\n>p2 switch 3\n>p1 move headlongrush\n>p2 move protect\n>p1 move headlongrush\n>p2 move aurawheel\n>p2 switch 2\n>p1 move headlongrush\n>p2 move lavaplume", "uploadtime": 1781457097, "views": 18, "formatid": "gen9randombattle", "rating": 1000, "private": 0, "password": null}