{"id": "gen9randombattle-2631500138", "format": "[Gen 9] Random Battle", "players": ["AcquiredWolf", "Goggyo"], "log": "|j|\u2606AcquiredWolf\n|j|\u2606Goggyo\n|t:|1781392969\n|gametype|singles\n|player|p1|AcquiredWolf|diantha|2077\n|player|p2|Goggyo|169|2090\n|gen|9\n|tier|[Gen 9] Random Battle\n|rated|\n|rule|Species Clause: Limit one of each Pok\u00e9mon\n|rule|HP Percentage Mod: HP is shown in percentages\n|rule|Sleep Clause Mod: Limit one foe put to sleep\n|rule|Illusion Level Mod: Illusion disguises the Pok\u00e9mon's true level\n|\n|t:|1781392969\n|teamsize|p1|6\n|teamsize|p2|6\n|start\n|switch|p1a: Bruxish|Bruxish, L85, F|254/254\n|switch|p2a: Ogerpon|Ogerpon-Wellspring, L76, F|247/247\n|turn|1\n|inactive|Battle timer is ON: inactive players will automatically lose when time's up. (requested by AcquiredWolf)\n|\n|t:|1781392987\n|move|p2a: Ogerpon|Wood Hammer|p1a: Bruxish\n|-supereffective|p1a: Bruxish\n|-damage|p1a: Bruxish|0 fnt\n|faint|p1a: Bruxish\n|-damage|p2a: Ogerpon|163/247|[from] Recoil\n|\n|upkeep\n|\n|t:|1781392997\n|switch|p1a: Vikavolt|Vikavolt, L83, M|263/263\n|turn|2\n|\n|t:|1781393009\n|move|p2a: Ogerpon|Ivy Cudgel|p1a: Vikavolt|[anim] Ivy Cudgel Water\n|-crit|p1a: Vikavolt\n|-damage|p1a: Vikavolt|86/263\n|move|p1a: Vikavolt|Sticky Web|p2a: Ogerpon\n|-sidestart|p2: Goggyo|move: Sticky Web\n|\n|upkeep\n|turn|3\n|\n|t:|1781393017\n|switch|p1a: Granbull|Granbull, L88, M|302/302\n|-ability|p1a: Granbull|Intimidate|boost\n|-unboost|p2a: Ogerpon|atk|1\n|move|p2a: Ogerpon|Ivy Cudgel|p1a: Granbull|[anim] Ivy Cudgel Water\n|-damage|p1a: Granbull|208/302\n|\n|-heal|p1a: Granbull|226/302|[from] item: Leftovers\n|upkeep\n|turn|4\n|\n|t:|1781393028\n|switch|p2a: Rotom|Rotom-Wash, L82|216/216\n|move|p1a: Granbull|Play Rough|p2a: Rotom\n|-damage|p2a: Rotom|111/216\n|\n|-heal|p2a: Rotom|124/216|[from] item: Leftovers\n|-heal|p1a: Granbull|244/302|[from] item: Leftovers\n|upkeep\n|turn|5\n|\n|t:|1781393040\n|switch|p1a: Vikavolt|Vikavolt, L83, M|86/263\n|move|p2a: Rotom|Will-O-Wisp|p1a: Vikavolt\n|-status|p1a: Vikavolt|brn\n|\n|-heal|p2a: Rotom|137/216|[from] item: Leftovers\n|-damage|p1a: Vikavolt|70/263 brn|[from] brn\n|upkeep\n|turn|6\n|\n|t:|1781393050\n|move|p2a: Rotom|Hydro Pump|p1a: Vikavolt|[miss]\n|-miss|p2a: Rotom|p1a: Vikavolt\n|move|p1a: Vikavolt|Energy Ball|p2a: Rotom\n|-supereffective|p2a: Rotom\n|-damage|p2a: Rotom|0 fnt\n|faint|p2a: Rotom\n|\n|-damage|p1a: Vikavolt|54/263 brn|[from] brn\n|upkeep\n|\n|t:|1781393072\n|switch|p2a: Ogerpon|Ogerpon-Wellspring, L76, F|163/247\n|-activate|p2a: Ogerpon|move: Sticky Web\n|-unboost|p2a: Ogerpon|spe|1\n|turn|7\n|\n|t:|1781393077\n|move|p2a: Ogerpon|Ivy Cudgel|p1a: Vikavolt|[anim] Ivy Cudgel Water\n|-crit|p1a: Vikavolt\n|-damage|p1a: Vikavolt|0 fnt\n|faint|p1a: Vikavolt\n|\n|upkeep\n|\n|t:|1781393086\n|switch|p1a: Granbull|Granbull, L88, M|244/302\n|-ability|p1a: Granbull|Intimidate|boost\n|-unboost|p2a: Ogerpon|atk|1\n|turn|8\n|\n|t:|1781393102\n|move|p2a: Ogerpon|Ivy Cudgel|p1a: Granbull|[anim] Ivy Cudgel Water\n|-damage|p1a: Granbull|157/302\n|move|p1a: Granbull|Play Rough|p2a: Ogerpon\n|-damage|p2a: Ogerpon|13/247\n|\n|-heal|p1a: Granbull|175/302|[from] item: Leftovers\n|upkeep\n|turn|9\n|\n|t:|1781393111\n|switch|p1a: Milotic|Milotic, L83, M|293/293\n|move|p2a: Ogerpon|Wood Hammer|p1a: Milotic\n|-supereffective|p1a: Milotic\n|-damage|p1a: Milotic|77/293\n|-damage|p2a: Ogerpon|0 fnt|[from] Recoil\n|faint|p2a: Ogerpon\n|\n|-heal|p1a: Milotic|95/293|[from] item: Leftovers\n|upkeep\n|\n|t:|1781393115\n|switch|p2a: Staraptor|Staraptor, L79, F|263/263\n|turn|10\n|\n|t:|1781393130\n|switch|p1a: Bastiodon|Bastiodon, L89, F|252/252\n|move|p2a: Staraptor|Brave Bird|p1a: Bastiodon\n|-resisted|p1a: Bastiodon\n|-damage|p1a: Bastiodon|228/252\n|-damage|p2a: Staraptor|255/263|[from] Recoil\n|\n|upkeep\n|turn|11\n|\n|t:|1781393140\n|switch|p2a: Wo-Chien|Wo-Chien, L83|219/219\n|-activate|p2a: Wo-Chien|move: Sticky Web\n|-unboost|p2a: Wo-Chien|spe|1\n|move|p1a: Bastiodon|Iron Defense|p1a: Bastiodon\n|-boost|p1a: Bastiodon|def|2\n|\n|upkeep\n|turn|12\n|\n|t:|1781393148\n|move|p2a: Wo-Chien|Focus Blast|p1a: Bastiodon\n|-supereffective|p1a: Bastiodon\n|-damage|p1a: Bastiodon|0 fnt\n|faint|p1a: Bastiodon\n|-damage|p2a: Wo-Chien|198/219|[from] item: Life Orb\n|\n|upkeep\n|\n|t:|1781393157\n|switch|p1a: Milotic|Milotic, L83, M|95/293\n|turn|13\n|\n|t:|1781393170\n|move|p1a: Milotic|Recover|p1a: Milotic\n|-heal|p1a: Milotic|242/293\n|move|p2a: Wo-Chien|Poltergeist|p1a: Milotic\n|-activate|p1a: Milotic|move: Poltergeist|Leftovers\n|-damage|p1a: Milotic|78/293\n|-damage|p2a: Wo-Chien|177/219|[from] item: Life Orb\n|\n|-heal|p1a: Milotic|96/293|[from] item: Leftovers\n|upkeep\n|turn|14\n|\n|t:|1781393181\n|move|p1a: Milotic|Recover|p1a: Milotic\n|-heal|p1a: Milotic|243/293\n|move|p2a: Wo-Chien|Will-O-Wisp|p1a: Milotic|[miss]\n|-miss|p2a: Wo-Chien|p1a: Milotic\n|\n|-heal|p1a: Milotic|261/293|[from] item: Leftovers\n|upkeep\n|turn|15\n|\n|t:|1781393191\n|move|p1a: Milotic|Scald|p2a: Wo-Chien\n|-damage|p2a: Wo-Chien|56/219\n|-status|p2a: Wo-Chien|brn\n|replace|p2a: Zoroark|Zoroark-Hisui, L80, M\n|-end|p2a: Zoroark|Illusion\n|-hint|Illusion Level Mod is active, so this Pok\u00e9mon's true level was hidden.\n|move|p2a: Zoroark|Will-O-Wisp|p1a: Milotic\n|-status|p1a: Milotic|brn\n|\n|-heal|p1a: Milotic|279/293 brn|[from] item: Leftovers\n|-damage|p1a: Milotic|261/293 brn|[from] brn\n|-damage|p2a: Zoroark|43/219 brn|[from] brn\n|upkeep\n|turn|16\n|\n|t:|1781393206\n|move|p1a: Milotic|Scald|p2a: Zoroark\n|-damage|p2a: Zoroark|0 fnt\n|faint|p2a: Zoroark\n|\n|-heal|p1a: Milotic|279/293 brn|[from] item: Leftovers\n|-damage|p1a: Milotic|261/293 brn|[from] brn\n|upkeep\n|\n|t:|1781393222\n|switch|p2a: Staraptor|Staraptor, L79, F|255/263\n|turn|17\n|\n|t:|1781393233\n|move|p2a: Staraptor|U-turn|p1a: Milotic\n|-damage|p1a: Milotic|208/293 brn\n|\n|t:|1781393238\n|switch|p2a: Wo-Chien|Wo-Chien, L83|277/277|[from] U-turn\n|-activate|p2a: Wo-Chien|move: Sticky Web\n|-unboost|p2a: Wo-Chien|spe|1\n|-ability|p2a: Wo-Chien|Tablets of Ruin\n|move|p1a: Milotic|Ice Beam|p2a: Wo-Chien\n|-supereffective|p2a: Wo-Chien\n|-damage|p2a: Wo-Chien|183/277\n|\n|-heal|p1a: Milotic|226/293 brn|[from] item: Leftovers\n|-heal|p2a: Wo-Chien|200/277|[from] item: Leftovers\n|-damage|p1a: Milotic|208/293 brn|[from] brn\n|upkeep\n|turn|18\n|\n|t:|1781393252\n|switch|p1a: Granbull|Granbull, L88, M|175/302\n|-ability|p1a: Granbull|Intimidate|boost\n|-unboost|p2a: Wo-Chien|atk|1\n|move|p2a: Wo-Chien|Leech Seed|p1a: Granbull\n|-start|p1a: Granbull|move: Leech Seed\n|\n|-heal|p1a: Granbull|193/302|[from] item: Leftovers\n|-heal|p2a: Wo-Chien|217/277|[from] item: Leftovers\n|-damage|p1a: Granbull|156/302|[from] Leech Seed|[of] p2a: Wo-Chien\n|-heal|p2a: Wo-Chien|254/277|[silent]\n|upkeep\n|turn|19\n|\n|t:|1781393263\n|move|p2a: Wo-Chien|Protect|p2a: Wo-Chien\n|-singleturn|p2a: Wo-Chien|Protect\n|move|p1a: Granbull|Thunder Wave|p2a: Wo-Chien\n|-activate|p2a: Wo-Chien|move: Protect\n|\n|-heal|p1a: Granbull|174/302|[from] item: Leftovers\n|-heal|p2a: Wo-Chien|271/277|[from] item: Leftovers\n|-damage|p1a: Granbull|137/302|[from] Leech Seed|[of] p2a: Wo-Chien\n|-heal|p2a: Wo-Chien|277/277|[silent]\n|upkeep\n|turn|20\n|\n|t:|1781393273\n|switch|p2a: Staraptor|Staraptor, L79, F|255/263\n|move|p1a: Granbull|Thunder Wave|p2a: Staraptor\n|-status|p2a: Staraptor|par\n|\n|-heal|p1a: Granbull|155/302|[from] item: Leftovers\n|-damage|p1a: Granbull|118/302|[from] Leech Seed|[of] p2a: Staraptor\n|-heal|p2a: Staraptor|263/263 par|[silent]\n|upkeep\n|turn|21\n|\n|t:|1781393286\n|switch|p1a: Milotic|Milotic, L83, M|208/293 brn\n|move|p2a: Staraptor|Brave Bird|p1a: Milotic\n|-damage|p1a: Milotic|36/293 brn\n|-damage|p2a: Staraptor|206/263 par|[from] Recoil\n|\n|-heal|p1a: Milotic|54/293 brn|[from] item: Leftovers\n|-damage|p1a: Milotic|36/293 brn|[from] brn\n|upkeep\n|turn|22\n|\n|t:|1781393296\n|switch|p2a: Wo-Chien|Wo-Chien, L83|277/277\n|-activate|p2a: Wo-Chien|move: Sticky Web\n|-unboost|p2a: Wo-Chien|spe|1\n|-ability|p2a: Wo-Chien|Tablets of Ruin\n|move|p1a: Milotic|Ice Beam|p2a: Wo-Chien\n|-supereffective|p2a: Wo-Chien\n|-damage|p2a: Wo-Chien|187/277\n|\n|-heal|p1a: Milotic|54/293 brn|[from] item: Leftovers\n|-heal|p2a: Wo-Chien|204/277|[from] item: Leftovers\n|-damage|p1a: Milotic|36/293 brn|[from] brn\n|upkeep\n|turn|23\n|\n|t:|1781393309\n|move|p1a: Milotic|Ice Beam|p2a: Wo-Chien\n|-supereffective|p2a: Wo-Chien\n|-damage|p2a: Wo-Chien|110/277\n|move|p2a: Wo-Chien|Knock Off|p1a: Milotic\n|-damage|p1a: Milotic|0 fnt\n|-enditem|p1a: Milotic|Leftovers|[from] move: Knock Off|[of] p2a: Wo-Chien\n|faint|p1a: Milotic\n|\n|-heal|p2a: Wo-Chien|127/277|[from] item: Leftovers\n|upkeep\n|\n|t:|1781393319\n|switch|p1a: Granbull|Granbull, L88, M|118/302\n|-ability|p1a: Granbull|Intimidate|boost\n|-unboost|p2a: Wo-Chien|atk|1\n|turn|24\n|\n|t:|1781393333\n|switch|p2a: Staraptor|Staraptor, L79, F|206/263 par\n|move|p1a: Granbull|Play Rough|p2a: Staraptor|[miss]\n|-miss|p1a: Granbull|p2a: Staraptor\n|\n|-heal|p1a: Granbull|136/302|[from] item: Leftovers\n|upkeep\n|turn|25\n|\n|t:|1781393349\n|move|p2a: Staraptor|Double-Edge|p1a: Granbull\n|-damage|p1a: Granbull|0 fnt\n|faint|p1a: Granbull\n|-damage|p2a: Staraptor|161/263 par|[from] Recoil\n|\n|upkeep\n|\n|t:|1781393354\n|switch|p1a: Golurk|Golurk, L87|297/297\n|turn|26\n|\n|t:|1781393360\n|switch|p2a: Wo-Chien|Wo-Chien, L83|127/277\n|-activate|p2a: Wo-Chien|move: Sticky Web\n|-unboost|p2a: Wo-Chien|spe|1\n|-ability|p2a: Wo-Chien|Tablets of Ruin\n|move|p1a: Golurk|Stone Edge|p2a: Wo-Chien\n|-damage|p2a: Wo-Chien|49/277\n|-damage|p1a: Golurk|268/297|[from] item: Life Orb\n|\n|-heal|p2a: Wo-Chien|66/277|[from] item: Leftovers\n|upkeep\n|turn|27\n|\n|t:|1781393372\n|move|p2a: Wo-Chien|Protect|p2a: Wo-Chien\n|-singleturn|p2a: Wo-Chien|Protect\n|move|p1a: Golurk|Stone Edge|p2a: Wo-Chien\n|-activate|p2a: Wo-Chien|move: Protect\n|\n|-heal|p2a: Wo-Chien|83/277|[from] item: Leftovers\n|upkeep\n|turn|28\n|\n|t:|1781393380\n|move|p1a: Golurk|Stone Edge|p2a: Wo-Chien\n|-damage|p2a: Wo-Chien|1/277\n|-damage|p1a: Golurk|239/297|[from] item: Life Orb\n|move|p2a: Wo-Chien|Knock Off|p1a: Golurk\n|-supereffective|p1a: Golurk\n|-damage|p1a: Golurk|53/297\n|-enditem|p1a: Golurk|Life Orb|[from] move: Knock Off|[of] p2a: Wo-Chien\n|\n|-heal|p2a: Wo-Chien|18/277|[from] item: Leftovers\n|upkeep\n|turn|29\n|-message|AcquiredWolf forfeited.\n|\n|win|Goggyo\n", "inputlog": ">version a8376a258c1d4662feba110a92103f3664a72141\n>start {\"formatid\":\"gen9randombattle\",\"seed\":\"sodium,be0a25de5f62e3d9172543b5fdff2506\",\"rated\":\"Rated battle\"}\n>player p1 {\"name\":\"AcquiredWolf\",\"avatar\":\"diantha\",\"rating\":2077,\"seed\":\"sodium,e5acfb95cc0d8ab410958dafc4984390\"}\n>player p2 {\"name\":\"Goggyo\",\"avatar\":\"169\",\"rating\":2090,\"seed\":\"sodium,711fcf6108d8d6f2ff30916664da110d\"}\n>p1 move psychicfangs\n>p2 move woodhammer\n>p1 switch 2\n>p1 move stickyweb\n>p2 move ivycudgel\n>p1 switch 3\n>p2 move ivycudgel\n>p1 move playrough\n>p2 switch 4\n>p1 switch 3\n>p2 move willowisp\n>p1 move energyball\n>p2 move hydropump\n>p2 switch 4\n>p1 move bugbuzz\n>p2 move ivycudgel\n>p1 switch 3\n>p1 move playrough\n>p2 move ivycudgel\n>p1 switch 4\n>p2 move woodhammer\n>p2 switch 6\n>p1 switch 6\n>p2 move bravebird\n>p1 move irondefense\n>p2 switch 3\n>p1 move irondefense\n>p2 move focusblast\n>p1 switch 6\n>p1 move recover\n>p2 move poltergeist\n>p1 move recover\n>p2 move willowisp\n>p1 move scald\n>p2 move willowisp\n>p1 move scald\n>p2 move poltergeist\n>p2 switch 3\n>p1 move icebeam\n>p2 move uturn\n>p2 switch 5\n>p1 switch 4\n>p2 move leechseed\n>p1 move thunderwave\n>p2 move protect\n>p1 move thunderwave\n>p2 switch 5\n>p1 switch 4\n>p2 move bravebird\n>p1 move icebeam\n>p2 switch 5\n>p1 move icebeam\n>p2 move knockoff\n>p1 switch 4\n>p1 move playrough\n>p2 switch 5\n>p1 move playrough\n>p2 move doubleedge\n>p1 switch 5\n>p1 move stoneedge\n>p2 switch 5\n>p1 move stoneedge\n>p2 move protect\n>p1 move stoneedge\n>p2 move knockoff\n>forcelose p1", "uploadtime": 1781392970, "views": 5, "formatid": "gen9randombattle", "rating": null, "private": 0, "password": null}