{"id": "gen9randombattle-2631889407", "format": "[Gen 9] Random Battle", "players": ["Drop a nickname", "sanketsu shoujo"], "log": "|badge|p2|bronze|gen9randombattle|100-9\n|uhtml|medal-msg|<div class=\"broadcast-blue\">Curious what those medals under the avatar are? PS now has Ladder Seasons! For more information, check out the <a href=\"https://www.smogon.com/forums/threads/3740067/\">thread on Smogon.</a></div>\n|j|\u2606Drop a nickname\n|j|\u2606sanketsu shoujo\n|t:|1781452406\n|gametype|singles\n|player|p1|Drop a nickname|102|2252\n|player|p2|sanketsu shoujo|misty-masters|2339\n|gen|9\n|tier|[Gen 9] Random Battle\n|rated|\n|rule|Species Clause: Limit one of each Pok\u00e9mon\n|rule|HP Percentage Mod: HP is shown in percentages\n|rule|Sleep Clause Mod: Limit one foe put to sleep\n|rule|Illusion Level Mod: Illusion disguises the Pok\u00e9mon's true level\n|\n|t:|1781452406\n|teamsize|p1|6\n|teamsize|p2|6\n|start\n|switch|p1a: Lilligant|Lilligant-Hisui, L79, F|240/240\n|switch|p2a: Drednaw|Drednaw, L81, F|278/278\n|turn|1\n|\n|t:|1781452416\n|switch|p2a: Deoxys|Deoxys-Speed, L82|216/216\n|-ability|p2a: Deoxys|Pressure\n|move|p1a: Lilligant|Victory Dance|p1a: Lilligant\n|-boost|p1a: Lilligant|atk|1\n|-boost|p1a: Lilligant|def|1\n|-boost|p1a: Lilligant|spe|1\n|\n|upkeep\n|turn|2\n|\n|t:|1781452422\n|switch|p1a: Perrserker|Perrserker, L89, F|269/269\n|move|p2a: Deoxys|Psycho Boost|p1a: Perrserker\n|-resisted|p1a: Perrserker\n|-damage|p1a: Perrserker|160/269\n|-unboost|p2a: Deoxys|spa|2\n|-damage|p2a: Deoxys|195/216|[from] item: Life Orb\n|\n|upkeep\n|turn|3\n|inactive|Battle timer is ON: inactive players will automatically lose when time's up. (requested by Drop a nickname)\n|\n|t:|1781452458\n|switch|p2a: Toxtricity|Toxtricity, L82, M|257/257\n|move|p1a: Perrserker|Stealth Rock|p2a: Toxtricity\n|-sidestart|p2: sanketsu shoujo|move: Stealth Rock\n|\n|upkeep\n|turn|4\n|\n|t:|1781452461\n|move|p2a: Toxtricity|Shift Gear|p2a: Toxtricity\n|-boost|p2a: Toxtricity|spe|2\n|-boost|p2a: Toxtricity|atk|1\n|move|p1a: Perrserker|Knock Off|p2a: Toxtricity\n|-damage|p2a: Toxtricity|84/257\n|-enditem|p2a: Toxtricity|Throat Spray|[from] move: Knock Off|[of] p1a: Perrserker\n|-damage|p1a: Perrserker|134/269|[from] item: Life Orb\n|\n|upkeep\n|turn|5\n|\n|t:|1781452466\n|move|p2a: Toxtricity|Overdrive|p1a: Perrserker\n|-damage|p1a: Perrserker|0 fnt\n|faint|p1a: Perrserker\n|\n|upkeep\n|\n|t:|1781452470\n|switch|p1a: Bronzong|Bronzong, L88|261/261\n|turn|6\n|\n|t:|1781452477\n|move|p2a: Toxtricity|Overdrive|p1a: Bronzong\n|-damage|p1a: Bronzong|173/261\n|move|p1a: Bronzong|Psychic Noise|p2a: Toxtricity\n|-supereffective|p2a: Toxtricity\n|-damage|p2a: Toxtricity|0 fnt\n|faint|p2a: Toxtricity\n|\n|upkeep\n|\n|t:|1781452480\n|switch|p2a: Minun|Minun, L95, F|268/268\n|-damage|p2a: Minun|235/268|[from] Stealth Rock\n|turn|7\n|\n|t:|1781452485\n|move|p2a: Minun|Nasty Plot|p2a: Minun\n|-boost|p2a: Minun|spa|2\n|move|p1a: Bronzong|Body Press|p2a: Minun\n|-damage|p2a: Minun|133/268\n|\n|upkeep\n|turn|8\n|\n|t:|1781452487\n|move|p2a: Minun|Thunderbolt|p1a: Bronzong\n|-damage|p1a: Bronzong|0 fnt\n|faint|p1a: Bronzong\n|-damage|p2a: Minun|107/268|[from] item: Life Orb\n|\n|upkeep\n|\n|t:|1781452491\n|switch|p1a: Passimian|Passimian, L83, M|302/302\n|turn|9\n|\n|t:|1781452496\n|move|p1a: Passimian|Close Combat|p2a: Minun\n|-damage|p2a: Minun|0 fnt\n|-unboost|p1a: Passimian|def|1\n|-unboost|p1a: Passimian|spd|1\n|faint|p2a: Minun\n|\n|upkeep\n|\n|t:|1781452499\n|switch|p2a: Deoxys|Deoxys-Speed, L82|195/216\n|-damage|p2a: Deoxys|168/216|[from] Stealth Rock\n|-ability|p2a: Deoxys|Pressure\n|turn|10\n|\n|t:|1781452505\n|move|p2a: Deoxys|Nasty Plot|p2a: Deoxys\n|-boost|p2a: Deoxys|spa|2\n|move|p1a: Passimian|Close Combat|p2a: Deoxys\n|-resisted|p2a: Deoxys\n|-damage|p2a: Deoxys|99/216\n|-unboost|p1a: Passimian|def|1\n|-unboost|p1a: Passimian|spd|1\n|\n|upkeep\n|turn|11\n|\n|t:|1781452508\n|move|p2a: Deoxys|Focus Blast|p1a: Passimian\n|-damage|p1a: Passimian|0 fnt\n|faint|p1a: Passimian\n|-damage|p2a: Deoxys|78/216|[from] item: Life Orb\n|\n|upkeep\n|\n|t:|1781452511\n|switch|p1a: Comfey|Comfey, L85, F|225/225\n|turn|12\n|\n|t:|1781452520\n|move|p2a: Deoxys|Psycho Boost|p1a: Comfey\n|-damage|p1a: Comfey|0 fnt\n|-unboost|p2a: Deoxys|spa|2\n|faint|p1a: Comfey\n|-damage|p2a: Deoxys|57/216|[from] item: Life Orb\n|\n|upkeep\n|\n|t:|1781452525\n|switch|p1a: Gengar|Gengar, L81, F|230/230\n|turn|13\n|\n|t:|1781452528\n|move|p2a: Deoxys|Dark Pulse|p1a: Gengar\n|-supereffective|p1a: Gengar\n|-damage|p1a: Gengar|79/230\n|-damage|p2a: Deoxys|36/216|[from] item: Life Orb\n|cant|p1a: Gengar|flinch\n|\n|upkeep\n|turn|14\n|\n|t:|1781452534\n|move|p2a: Deoxys|Dark Pulse|p1a: Gengar\n|-supereffective|p1a: Gengar\n|-damage|p1a: Gengar|0 fnt\n|-start|p2a: Deoxys|Disable|Dark Pulse|[from] ability: Cursed Body|[of] p1a: Gengar\n|faint|p1a: Gengar\n|-damage|p2a: Deoxys|15/216|[from] item: Life Orb\n|\n|upkeep\n|\n|t:|1781452536\n|switch|p1a: Lilligant|Lilligant-Hisui, L79, F|240/240\n|turn|15\n|\n|t:|1781452540\n|move|p2a: Deoxys|Psycho Boost|p1a: Lilligant\n|-supereffective|p1a: Lilligant\n|-damage|p1a: Lilligant|0 fnt\n|-unboost|p2a: Deoxys|spa|2\n|faint|p1a: Lilligant\n|-damage|p2a: Deoxys|0 fnt|[from] item: Life Orb\n|faint|p2a: Deoxys\n|\n|win|sanketsu shoujo\n", "inputlog": ">version a8376a258c1d4662feba110a92103f3664a72141\n>start {\"formatid\":\"gen9randombattle\",\"seed\":\"sodium,8e3284b7a49eebfc98ddbf9f8a8c7440\",\"rated\":\"Rated battle\"}\n>player p1 {\"name\":\"Drop a nickname\",\"avatar\":\"102\",\"rating\":2252,\"seed\":\"sodium,24be272c64346288e3ec755c415f03bb\"}\n>player p2 {\"name\":\"sanketsu shoujo\",\"avatar\":\"misty-masters\",\"rating\":2339,\"seed\":\"sodium,df95252918f7aaddeb5645a4a6db49db\"}\n>p1 move victorydance\n>p2 switch 4\n>p1 switch 5\n>p2 move psychoboost\n>p1 move stealthrock\n>p2 switch 6\n>p1 move knockoff\n>p2 move shiftgear\n>p1 move ironhead\n>p2 move overdrive\n>p1 switch 2\n>p1 move psychicnoise\n>p2 move overdrive\n>p2 switch 2\n>p1 move bodypress\n>p2 move nastyplot\n>p1 move bodypress\n>p2 move thunderbolt\n>p1 switch 3\n>p1 move closecombat\n>p2 move alluringvoice\n>p2 switch 6\n>p1 move closecombat\n>p2 move nastyplot\n>p1 move closecombat\n>p2 move focusblast\n>p1 switch 6\n>p1 move calmmind\n>p2 move psychoboost\n>p1 switch 4\n>p1 move sludgewave\n>p2 move darkpulse\n>p1 move sludgewave\n>p2 move darkpulse\n>p1 switch 5\n>p1 move victorydance\n>p2 move psychoboost", "uploadtime": 1781452408, "views": 7, "formatid": "gen9randombattle", "rating": null, "private": 0, "password": null}