{"id": "gen9randombattle-2631484498", "format": "[Gen 9] Random Battle", "players": ["ifishboi", "brick tamland"], "log": "|j|\u203difishboi\n|j|\u2606brick tamland\n|t:|1781390852\n|gametype|singles\n|player|p1|ifishboi|roxie-masters|1953\n|player|p2|brick tamland|265|1934\n|gen|9\n|tier|[Gen 9] Random Battle\n|rated|\n|rule|Species Clause: Limit one of each Pok\u00e9mon\n|rule|HP Percentage Mod: HP is shown in percentages\n|rule|Sleep Clause Mod: Limit one foe put to sleep\n|rule|Illusion Level Mod: Illusion disguises the Pok\u00e9mon's true level\n|\n|t:|1781390852\n|teamsize|p1|6\n|teamsize|p2|6\n|start\n|switch|p1a: Pelipper|Pelipper, L86, F|243/243\n|switch|p2a: Klefki|Klefki, L84, F|233/233\n|-weather|RainDance|[from] ability: Drizzle|[of] p1a: Pelipper\n|turn|1\n|\n|t:|1781390865\n|switch|p1a: Landorus|Landorus, L75, M|257/257\n|move|p2a: Klefki|Spikes|p1a: Landorus\n|-sidestart|p1: ifishboi|Spikes\n|\n|-weather|RainDance|[upkeep]\n|upkeep\n|turn|2\n|\n|t:|1781390874\n|switch|p2a: Granbull|Granbull, L88, F|302/302\n|-ability|p2a: Granbull|Intimidate|boost\n|-unboost|p1a: Landorus|atk|1\n|move|p1a: Landorus|Nasty Plot|p1a: Landorus\n|-boost|p1a: Landorus|spa|2\n|\n|-weather|RainDance|[upkeep]\n|upkeep\n|turn|3\n|\n|t:|1781390880\n|move|p1a: Landorus|Sludge Wave|p2a: Granbull\n|-supereffective|p2a: Granbull\n|-damage|p2a: Granbull|0 fnt\n|faint|p2a: Granbull\n|\n|-weather|RainDance|[upkeep]\n|upkeep\n|\n|t:|1781390894\n|switch|p2a: Iron Jugulis|Iron Jugulis, L77|271/271\n|turn|4\n|\n|t:|1781390902\n|switch|p1a: Primarina|Primarina, L83, M|268/268\n|-damage|p1a: Primarina|235/268|[from] Spikes\n|move|p2a: Iron Jugulis|Hurricane|p1a: Primarina\n|-damage|p1a: Primarina|90/268\n|\n|-weather|RainDance|[upkeep]\n|upkeep\n|turn|5\n|\n|t:|1781390909\n|move|p2a: Iron Jugulis|Hurricane|p1a: Primarina\n|-damage|p1a: Primarina|0 fnt\n|faint|p1a: Primarina\n|\n|-weather|none\n|upkeep\n|\n|t:|1781390913\n|switch|p1a: Perrserker|Perrserker, L89, M|269/269\n|-damage|p1a: Perrserker|236/269|[from] Spikes\n|turn|6\n|\n|t:|1781390916\n|-end|p2a: Iron Jugulis|Quark Drive|[silent]\n|switch|p2a: Klefki|Klefki, L84, F|233/233\n|move|p1a: Perrserker|Iron Head|p2a: Klefki\n|-crit|p2a: Klefki\n|-damage|p2a: Klefki|0 fnt\n|faint|p2a: Klefki\n|\n|upkeep\n|\n|t:|1781390919\n|switch|p2a: Ariados|Ariados, L95, M|287/287\n|turn|7\n|\n|t:|1781390921\n|move|p1a: Perrserker|Iron Head|p2a: Ariados\n|-damage|p2a: Ariados|89/287\n|move|p2a: Ariados|Sticky Web|p1a: Perrserker\n|-sidestart|p1: ifishboi|move: Sticky Web\n|\n|upkeep\n|turn|8\n|\n|t:|1781390926\n|move|p1a: Perrserker|Iron Head|p2a: Ariados\n|-damage|p2a: Ariados|0 fnt\n|faint|p2a: Ariados\n|\n|upkeep\n|\n|t:|1781390928\n|switch|p2a: Landorus|Landorus, L75, M|257/257\n|turn|9\n|\n|t:|1781390933\n|switch|p1a: Pelipper|Pelipper, L86, F|243/243\n|-weather|RainDance|[from] ability: Drizzle|[of] p1a: Pelipper\n|move|p2a: Landorus|Earth Power|p1a: Pelipper\n|-immune|p1a: Pelipper\n|\n|-weather|RainDance|[upkeep]\n|upkeep\n|turn|10\n|\n|t:|1781390940\n|move|p2a: Landorus|Psychic|p1a: Pelipper\n|-damage|p1a: Pelipper|130/243\n|move|p1a: Pelipper|Surf|p2a: Landorus\n|-supereffective|p2a: Landorus\n|-damage|p2a: Landorus|0 fnt\n|faint|p2a: Landorus\n|\n|-weather|RainDance|[upkeep]\n|upkeep\n|\n|t:|1781390941\n|switch|p2a: Iron Jugulis|Iron Jugulis, L77|271/271\n|turn|11\n|\n|t:|1781390946\n|move|p2a: Iron Jugulis|Hurricane|p1a: Pelipper\n|-damage|p1a: Pelipper|0 fnt\n|faint|p1a: Pelipper\n|\n|-weather|RainDance|[upkeep]\n|upkeep\n|\n|t:|1781390955\n|switch|p1a: Camerupt|Camerupt, L91, M|275/275\n|-damage|p1a: Camerupt|241/275|[from] Spikes\n|-activate|p1a: Camerupt|move: Sticky Web\n|-unboost|p1a: Camerupt|spe|1\n|turn|12\n|\n|t:|1781390961\n|move|p2a: Iron Jugulis|Hurricane|p1a: Camerupt\n|-damage|p1a: Camerupt|49/275\n|-start|p1a: Camerupt|confusion\n|-activate|p1a: Camerupt|confusion\n|move|p1a: Camerupt|Stealth Rock|p2a: Iron Jugulis\n|-sidestart|p2: brick tamland|move: Stealth Rock\n|\n|-weather|RainDance|[upkeep]\n|-heal|p1a: Camerupt|66/275|[from] item: Leftovers\n|upkeep\n|turn|13\n|\n|t:|1781390968\n|move|p2a: Iron Jugulis|Hurricane|p1a: Camerupt\n|-damage|p1a: Camerupt|0 fnt\n|faint|p1a: Camerupt\n|\n|-weather|none\n|upkeep\n|\n|t:|1781390971\n|switch|p1a: Perrserker|Perrserker, L89, M|236/269\n|-damage|p1a: Perrserker|203/269|[from] Spikes\n|-activate|p1a: Perrserker|move: Sticky Web\n|-unboost|p1a: Perrserker|spe|1\n|turn|14\n|\n|t:|1781390974\n|move|p2a: Iron Jugulis|Hurricane|p1a: Perrserker\n|-resisted|p1a: Perrserker\n|-damage|p1a: Perrserker|98/269\n|move|p1a: Perrserker|Iron Head|p2a: Iron Jugulis\n|-damage|p2a: Iron Jugulis|36/271\n|\n|upkeep\n|turn|15\n|\n|t:|1781390979\n|move|p2a: Iron Jugulis|Hurricane|p1a: Perrserker\n|-resisted|p1a: Perrserker\n|-crit|p1a: Perrserker\n|-damage|p1a: Perrserker|0 fnt\n|faint|p1a: Perrserker\n|\n|upkeep\n|\n|t:|1781390983\n|switch|p1a: Espathra|Espathra, L80, M|283/283\n|-damage|p1a: Espathra|248/283|[from] Spikes\n|-activate|p1a: Espathra|move: Sticky Web\n|-unboost|p1a: Espathra|spe|1\n|turn|16\n|\n|t:|1781390991\n|move|p2a: Iron Jugulis|Hurricane|p1a: Espathra\n|-damage|p1a: Espathra|1/283\n|move|p1a: Espathra|Dazzling Gleam|p2a: Iron Jugulis\n|-supereffective|p2a: Iron Jugulis\n|-damage|p2a: Iron Jugulis|0 fnt\n|faint|p2a: Iron Jugulis\n|-end|p2a: Iron Jugulis|Quark Drive|[silent]\n|\n|-heal|p1a: Espathra|18/283|[from] item: Leftovers\n|-ability|p1a: Espathra|Speed Boost|boost\n|-boost|p1a: Espathra|spe|1\n|upkeep\n|\n|t:|1781390994\n|switch|p2a: Blaziken|Blaziken, L76, M|247/247\n|-damage|p2a: Blaziken|217/247|[from] Stealth Rock\n|turn|17\n|\n|t:|1781391006\n|-terastallize|p2a: Blaziken|Dark\n|move|p1a: Espathra|Calm Mind|p1a: Espathra\n|-boost|p1a: Espathra|spa|1\n|-boost|p1a: Espathra|spd|1\n|move|p2a: Blaziken|Knock Off|p1a: Espathra\n|-supereffective|p1a: Espathra\n|-damage|p1a: Espathra|0 fnt\n|-enditem|p1a: Espathra|Leftovers|[from] move: Knock Off|[of] p2a: Blaziken\n|faint|p1a: Espathra\n|-damage|p2a: Blaziken|193/247|[from] item: Life Orb\n|\n|-ability|p2a: Blaziken|Speed Boost|boost\n|-boost|p2a: Blaziken|spe|1\n|upkeep\n|\n|t:|1781391009\n|switch|p1a: Landorus|Landorus, L75, M|257/257\n|turn|18\n|\n|t:|1781391019\n|-terastallize|p1a: Landorus|Poison\n|move|p2a: Blaziken|Swords Dance|p2a: Blaziken\n|-boost|p2a: Blaziken|atk|2\n|move|p1a: Landorus|Sludge Wave|p2a: Blaziken\n|-damage|p2a: Blaziken|0 fnt\n|faint|p2a: Blaziken\n|\n|win|ifishboi\n", "inputlog": ">version a8376a258c1d4662feba110a92103f3664a72141\n>start {\"formatid\":\"gen9randombattle\",\"seed\":\"sodium,82bee408064f45699cf19ee4efd81247\",\"rated\":\"Rated battle\"}\n>player p1 {\"name\":\"ifishboi\",\"avatar\":\"roxie-masters\",\"rating\":1953,\"seed\":\"sodium,c07499b8444c7866b7c6987db249f641\"}\n>player p2 {\"name\":\"brick tamland\",\"avatar\":\"265\",\"rating\":1934,\"seed\":\"sodium,0b3de8d4082c81ad8b0a6383486f6997\"}\n>p1 switch 6\n>p2 move spikes\n>p1 move nastyplot\n>p2 switch 4\n>p1 move sludgewave\n>p2 move encore\n>p2 switch 6\n>p1 switch 2\n>p2 move hurricane\n>p1 move flipturn\n>p2 move hurricane\n>p1 switch 3\n>p1 move ironhead\n>p2 switch 4\n>p2 switch 5\n>p1 move ironhead\n>p2 move stickyweb\n>p1 move ironhead\n>p2 move toxicspikes\n>p2 switch 3\n>p1 switch 6\n>p2 move earthpower\n>p1 move surf\n>p2 move psychic\n>p2 switch 4\n>p1 move hurricane\n>p2 move hurricane\n>p1 switch 4\n>p1 move stealthrock\n>p2 move hurricane\n>p1 move willowisp\n>p2 move hurricane\n>p1 switch 6\n>p1 move ironhead\n>p2 move hurricane\n>p1 move ironhead\n>p2 move hurricane\n>p1 switch 5\n>p1 move dazzlinggleam\n>p2 move hurricane\n>p2 switch 2\n>p1 move calmmind\n>p2 move knockoff terastallize\n>p1 switch 2\n>p1 move sludgewave terastallize\n>p2 move swordsdance", "uploadtime": 1781390854, "views": 4, "formatid": "gen9randombattle", "rating": null, "private": 0, "password": null}