{"id": "gen9randombattle-2631489116", "format": "[Gen 9] Random Battle", "players": ["Meloeita!", "623623p"], "log": "|j|\u2606Meloeita!\n|j|\u2606623623p\n|t:|1781391493\n|gametype|singles\n|player|p1|Meloeita!|266|1975\n|player|p2|623623p|iris|1981\n|gen|9\n|tier|[Gen 9] Random Battle\n|rated|\n|rule|Species Clause: Limit one of each Pok\u00e9mon\n|rule|HP Percentage Mod: HP is shown in percentages\n|rule|Sleep Clause Mod: Limit one foe put to sleep\n|rule|Illusion Level Mod: Illusion disguises the Pok\u00e9mon's true level\n|\n|t:|1781391493\n|teamsize|p1|6\n|teamsize|p2|6\n|start\n|switch|p1a: Keldeo|Keldeo-Resolute, L79|273/273\n|switch|p2a: Dunsparce|Dunsparce, L86, F|312/312\n|turn|1\n|inactive|Battle timer is ON: inactive players will automatically lose when time's up. (requested by 623623p)\n|\n|t:|1781391506\n|switch|p2a: Toxicroak|Toxicroak, L84, M|277/277\n|move|p1a: Keldeo|Flip Turn|p2a: Toxicroak\n|-immune|p2a: Toxicroak|[from] ability: Dry Skin\n|\n|upkeep\n|turn|2\n|\n|t:|1781391528\n|switch|p1a: Fezandipiti|Fezandipiti, L82, M|278/278\n|move|p2a: Toxicroak|Gunk Shot|p1a: Fezandipiti\n|-crit|p1a: Fezandipiti\n|-damage|p1a: Fezandipiti|0 fnt\n|faint|p1a: Fezandipiti\n|-damage|p2a: Toxicroak|250/277|[from] item: Life Orb\n|\n|upkeep\n|\n|t:|1781391542\n|switch|p1a: Ariados|Ariados, L95, F|287/287\n|turn|3\n|\n|t:|1781391552\n|move|p2a: Toxicroak|Swords Dance|p2a: Toxicroak\n|-boost|p2a: Toxicroak|atk|2\n|move|p1a: Ariados|Sticky Web|p2a: Toxicroak\n|-sidestart|p2: 623623p|move: Sticky Web\n|\n|upkeep\n|turn|4\n|\n|t:|1781391559\n|move|p2a: Toxicroak|Earthquake|p1a: Ariados\n|-damage|p1a: Ariados|80/287\n|-damage|p2a: Toxicroak|223/277|[from] item: Life Orb\n|move|p1a: Ariados|Poison Jab|p2a: Toxicroak\n|-resisted|p2a: Toxicroak\n|-damage|p2a: Toxicroak|164/277\n|\n|upkeep\n|turn|5\n|\n|t:|1781391566\n|move|p2a: Toxicroak|Earthquake|p1a: Ariados\n|-damage|p1a: Ariados|0 fnt\n|faint|p1a: Ariados\n|-damage|p2a: Toxicroak|137/277|[from] item: Life Orb\n|\n|upkeep\n|\n|t:|1781391575\n|switch|p1a: Ambipom|Ambipom, L84, M|263/263\n|turn|6\n|\n|t:|1781391587\n|switch|p2a: Hariyama|Hariyama, L87, F|392/392\n|-activate|p2a: Hariyama|move: Sticky Web\n|-unboost|p2a: Hariyama|spe|1\n|move|p1a: Ambipom|Double-Edge|p2a: Hariyama\n|-damage|p2a: Hariyama|139/392\n|-damage|p1a: Ambipom|180/263|[from] Recoil\n|\n|-status|p2a: Hariyama|brn|[from] item: Flame Orb\n|upkeep\n|turn|7\n|\n|t:|1781391596\n|move|p2a: Hariyama|Fake Out|p1a: Ambipom\n|-damage|p1a: Ambipom|110/263\n|cant|p1a: Ambipom|flinch\n|\n|-damage|p2a: Hariyama|115/392 brn|[from] brn\n|upkeep\n|turn|8\n|\n|t:|1781391602\n|move|p1a: Ambipom|Double-Edge|p2a: Hariyama\n|-damage|p2a: Hariyama|0 fnt\n|faint|p2a: Hariyama\n|-damage|p1a: Ambipom|72/263|[from] Recoil\n|\n|upkeep\n|\n|t:|1781391607\n|switch|p2a: Coalossal|Coalossal, L89, M|341/341\n|turn|9\n|\n|t:|1781391611\n|switch|p1a: Keldeo|Keldeo-Resolute, L79|273/273\n|move|p2a: Coalossal|Rapid Spin|p1a: Keldeo\n|-damage|p1a: Keldeo|238/273\n|-boost|p2a: Coalossal|spe|1\n|-sideend|p2: 623623p|Sticky Web|[from] move: Rapid Spin|[of] p2a: Coalossal\n|\n|upkeep\n|turn|10\n|\n|t:|1781391624\n|switch|p2a: Toxicroak|Toxicroak, L84, M|137/277\n|move|p1a: Keldeo|Secret Sword|p2a: Toxicroak\n|-resisted|p2a: Toxicroak\n|-damage|p2a: Toxicroak|50/277\n|\n|upkeep\n|turn|11\n|\n|t:|1781391637\n|move|p1a: Keldeo|Secret Sword|p2a: Toxicroak\n|-resisted|p2a: Toxicroak\n|-damage|p2a: Toxicroak|0 fnt\n|faint|p2a: Toxicroak\n|\n|upkeep\n|\n|t:|1781391640\n|switch|p2a: Blissey|Blissey, L85, F|572/572\n|turn|12\n|\n|t:|1781391644\n|switch|p1a: Magcargo|Magcargo, L95, M|268/268\n|move|p2a: Blissey|Thunder Wave|p1a: Magcargo\n|-status|p1a: Magcargo|par\n|\n|upkeep\n|turn|13\n|\n|t:|1781391657\n|move|p2a: Blissey|Seismic Toss|p1a: Magcargo\n|-damage|p1a: Magcargo|183/268 par\n|-ability|p1a: Magcargo|Weak Armor|boost\n|-unboost|p1a: Magcargo|def|1\n|-boost|p1a: Magcargo|spe|2\n|move|p1a: Magcargo|Shell Smash|p1a: Magcargo\n|-unboost|p1a: Magcargo|def|1\n|-unboost|p1a: Magcargo|spd|1\n|-boost|p1a: Magcargo|atk|2\n|-boost|p1a: Magcargo|spa|2\n|-boost|p1a: Magcargo|spe|2\n|\n|upkeep\n|turn|14\n|inactive|623623p has 120 seconds left.\n|\n|t:|1781391715\n|move|p1a: Magcargo|Shell Smash|p1a: Magcargo\n|-unboost|p1a: Magcargo|def|1\n|-unboost|p1a: Magcargo|spd|1\n|-boost|p1a: Magcargo|atk|2\n|-boost|p1a: Magcargo|spa|2\n|-boost|p1a: Magcargo|spe|2\n|move|p2a: Blissey|Seismic Toss|p1a: Magcargo\n|-damage|p1a: Magcargo|98/268 par\n|-ability|p1a: Magcargo|Weak Armor|boost\n|-unboost|p1a: Magcargo|def|1\n|\n|upkeep\n|turn|15\n|\n|t:|1781391725\n|cant|p1a: Magcargo|par\n|move|p2a: Blissey|Seismic Toss|p1a: Magcargo\n|-damage|p1a: Magcargo|13/268 par\n|-ability|p1a: Magcargo|Weak Armor|boost\n|-unboost|p1a: Magcargo|def|1\n|\n|upkeep\n|turn|16\n|\n|t:|1781391731\n|move|p1a: Magcargo|Fire Blast|p2a: Blissey\n|-damage|p2a: Blissey|296/572\n|move|p2a: Blissey|Seismic Toss|p1a: Magcargo\n|-damage|p1a: Magcargo|0 fnt\n|faint|p1a: Magcargo\n|\n|-heal|p2a: Blissey|331/572|[from] item: Leftovers\n|upkeep\n|\n|t:|1781391742\n|switch|p1a: Ambipom|Ambipom, L84, M|72/263\n|turn|17\n|inactive|623623p has 120 seconds left.\n|\n|t:|1781391764\n|switch|p2a: Coalossal|Coalossal, L89, M|341/341\n|move|p1a: Ambipom|Knock Off|p2a: Coalossal\n|-damage|p2a: Coalossal|268/341\n|-enditem|p2a: Coalossal|Heavy-Duty Boots|[from] move: Knock Off|[of] p1a: Ambipom\n|\n|upkeep\n|turn|18\n|\n|t:|1781391770\n|switch|p1a: Keldeo|Keldeo-Resolute, L79|238/273\n|move|p2a: Coalossal|Spikes|p1a: Keldeo\n|-sidestart|p1: Meloeita!|Spikes\n|\n|upkeep\n|turn|19\n|inactive|623623p has 120 seconds left.\n|\n|t:|1781391806\n|move|p1a: Keldeo|Secret Sword|p2a: Coalossal\n|-supereffective|p2a: Coalossal\n|-damage|p2a: Coalossal|62/341\n|move|p2a: Coalossal|Spikes|p1a: Keldeo\n|-sidestart|p1: Meloeita!|Spikes\n|\n|upkeep\n|turn|20\n|\n|t:|1781391813\n|move|p1a: Keldeo|Secret Sword|p2a: Coalossal\n|-supereffective|p2a: Coalossal\n|-damage|p2a: Coalossal|0 fnt\n|faint|p2a: Coalossal\n|\n|upkeep\n|\n|t:|1781391824\n|switch|p2a: Dunsparce|Dunsparce, L86, F|312/312\n|turn|21\n|\n|t:|1781391830\n|-terastallize|p1a: Keldeo|Fighting\n|-terastallize|p2a: Dunsparce|Ghost\n|move|p1a: Keldeo|Secret Sword|p2a: Dunsparce\n|-immune|p2a: Dunsparce\n|move|p2a: Dunsparce|Body Slam|p1a: Keldeo\n|-damage|p1a: Keldeo|153/273\n|-status|p1a: Keldeo|par\n|\n|upkeep\n|turn|22\n|inactive|623623p has 120 seconds left.\n|\n|t:|1781391841\n|switch|p1a: Kyurem|Kyurem-White, L73|303/303\n|-damage|p1a: Kyurem|253/303|[from] Spikes\n|-ability|p1a: Kyurem|Turboblaze\n|move|p2a: Dunsparce|Coil|p2a: Dunsparce\n|-boost|p2a: Dunsparce|atk|1\n|-boost|p2a: Dunsparce|def|1\n|-boost|p2a: Dunsparce|accuracy|1\n|\n|upkeep\n|turn|23\n|\n|t:|1781391853\n|move|p1a: Kyurem|Ice Beam|p2a: Dunsparce\n|-damage|p2a: Dunsparce|216/312\n|move|p2a: Dunsparce|Body Slam|p1a: Kyurem\n|-damage|p1a: Kyurem|124/303\n|-status|p1a: Kyurem|par\n|\n|upkeep\n|turn|24\n|\n|t:|1781391859\n|switch|p2a: Inteleon|Inteleon, L81, F|246/246\n|move|p1a: Kyurem|Ice Beam|p2a: Inteleon\n|-resisted|p2a: Inteleon\n|-damage|p2a: Inteleon|175/246\n|\n|upkeep\n|turn|25\n|\n|t:|1781391873\n|move|p2a: Inteleon|Ice Beam|p1a: Kyurem\n|-damage|p1a: Kyurem|20/303 par\n|move|p1a: Kyurem|Ice Beam|p2a: Inteleon\n|-resisted|p2a: Inteleon\n|-crit|p2a: Inteleon\n|-damage|p2a: Inteleon|65/246\n|\n|upkeep\n|turn|26\n|\n|t:|1781391879\n|move|p2a: Inteleon|Ice Beam|p1a: Kyurem\n|-damage|p1a: Kyurem|0 fnt\n|faint|p1a: Kyurem\n|\n|upkeep\n|\n|t:|1781391884\n|switch|p1a: Ambipom|Ambipom, L84, M|72/263\n|-damage|p1a: Ambipom|29/263|[from] Spikes\n|turn|27\n|\n|t:|1781391888\n|move|p1a: Ambipom|Knock Off|p2a: Inteleon\n|-damage|p2a: Inteleon|0 fnt\n|-enditem|p2a: Inteleon|Choice Specs|[from] move: Knock Off|[of] p1a: Ambipom\n|faint|p2a: Inteleon\n|\n|upkeep\n|\n|t:|1781391902\n|switch|p2a: Blissey|Blissey, L85, F|331/572\n|turn|28\n|\n|t:|1781391910\n|move|p1a: Ambipom|Knock Off|p2a: Blissey\n|-damage|p2a: Blissey|0 fnt\n|-enditem|p2a: Blissey|Leftovers|[from] move: Knock Off|[of] p1a: Ambipom\n|faint|p2a: Blissey\n|\n|upkeep\n|\n|t:|1781391912\n|switch|p2a: Dunsparce|Dunsparce, L86, F, tera:Ghost|216/312\n|turn|29\n|\n|t:|1781391919\n|move|p1a: Ambipom|Knock Off|p2a: Dunsparce\n|-supereffective|p2a: Dunsparce\n|-damage|p2a: Dunsparce|56/312\n|-enditem|p2a: Dunsparce|Eviolite|[from] move: Knock Off|[of] p1a: Ambipom\n|move|p2a: Dunsparce|Body Slam|p1a: Ambipom\n|-damage|p1a: Ambipom|0 fnt\n|faint|p1a: Ambipom\n|\n|upkeep\n|\n|t:|1781391926\n|switch|p1a: Keldeo|Keldeo-Resolute, L79, tera:Fighting|153/273 par\n|-damage|p1a: Keldeo|108/273 par|[from] Spikes\n|turn|30\n|\n|t:|1781391932\n|move|p2a: Dunsparce|Roost|p2a: Dunsparce\n|-heal|p2a: Dunsparce|212/312\n|move|p1a: Keldeo|Hydro Pump|p2a: Dunsparce\n|-damage|p2a: Dunsparce|0 fnt\n|faint|p2a: Dunsparce\n|\n|win|Meloeita!\n", "inputlog": ">version a8376a258c1d4662feba110a92103f3664a72141\n>start {\"formatid\":\"gen9randombattle\",\"seed\":\"sodium,c6e1ed8ae253e220672d50c022f672f2\",\"rated\":\"Rated battle\"}\n>player p1 {\"name\":\"Meloeita!\",\"avatar\":\"266\",\"rating\":1975,\"seed\":\"sodium,c3615fab0f6ad25fdb1e9abf4692259b\"}\n>player p2 {\"name\":\"623623p\",\"avatar\":\"iris\",\"rating\":1981,\"seed\":\"sodium,bad21f11878b7613a6c55583af7b6579\"}\n>p1 move flipturn\n>p2 switch 6\n>p1 switch 4\n>p2 move gunkshot\n>p1 switch 5\n>p1 move stickyweb\n>p2 move swordsdance\n>p1 move poisonjab\n>p2 move earthquake\n>p1 move poisonjab\n>p2 move earthquake\n>p1 switch 3\n>p1 move doubleedge\n>p2 switch 4\n>p1 move doubleedge\n>p2 move fakeout\n>p1 move doubleedge\n>p2 move facade\n>p2 switch 3\n>p1 switch 4\n>p2 move rapidspin\n>p1 move secretsword\n>p2 switch 4\n>p1 move secretsword\n>p2 move gunkshot\n>p2 switch 2\n>p1 switch 2\n>p2 move thunderwave\n>p1 move shellsmash\n>p2 move seismictoss\n>p1 move shellsmash\n>p2 move seismictoss\n>p1 move fireblast\n>p2 move seismictoss\n>p1 move fireblast\n>p2 move seismictoss\n>p1 switch 4\n>p1 move knockoff\n>p2 switch 4\n>p1 switch 2\n>p2 move spikes\n>p1 move secretsword\n>p2 move spikes\n>p1 move secretsword\n>p2 move spikes\n>p2 switch 6\n>p1 move secretsword terastallize\n>p2 move bodyslam terastallize\n>p1 switch 6\n>p2 move coil\n>p1 move icebeam\n>p2 move bodyslam\n>p1 move icebeam\n>p2 switch 5\n>p1 move icebeam\n>p2 move icebeam\n>p1 move icebeam\n>p2 move icebeam\n>p1 switch 2\n>p1 move knockoff\n>p2 move icebeam\n>p2 switch 4\n>p1 move knockoff\n>p2 move seismictoss\n>p2 switch 5\n>p1 move knockoff\n>p2 move bodyslam\n>p1 switch 6\n>p1 move hydropump\n>p2 move roost", "uploadtime": 1781391495, "views": 4, "formatid": "gen9randombattle", "rating": null, "private": 0, "password": null}