{"id": "gen9randombattle-2631830276", "format": "[Gen 9] Random Battle", "players": ["moritzvb", "Elysia_773"], "log": "|j|\u2606moritzvb\n|j|\u2606Elysia_773\n|t:|1781445569\n|gametype|singles\n|player|p1|moritzvb|ariana|2148\n|player|p2|Elysia_773|miku-flying|2091\n|gen|9\n|tier|[Gen 9] Random Battle\n|rated|\n|rule|Species Clause: Limit one of each Pok\u00e9mon\n|rule|HP Percentage Mod: HP is shown in percentages\n|rule|Sleep Clause Mod: Limit one foe put to sleep\n|rule|Illusion Level Mod: Illusion disguises the Pok\u00e9mon's true level\n|\n|t:|1781445569\n|teamsize|p1|6\n|teamsize|p2|6\n|start\n|switch|p1a: Kilowattrel|Kilowattrel, L83, F|252/252\n|switch|p2a: Tropius|Tropius, L91, F|328/328\n|turn|1\n|inactive|Battle timer is ON: inactive players will automatically lose when time's up. (requested by Elysia_773)\n|\n|t:|1781445579\n|switch|p1a: Swalot|Swalot, L90, M|326/326\n|move|p2a: Tropius|Leech Seed|p1a: Swalot\n|-start|p1a: Swalot|move: Leech Seed\n|\n|-damage|p1a: Swalot|286/326|[from] Leech Seed|[of] p2a: Tropius\n|-damage|p2a: Tropius|288/328|[from] ability: Liquid Ooze|[of] p1a: Swalot\n|upkeep\n|turn|2\n|\n|t:|1781445594\n|switch|p2a: Vigoroth|Vigoroth, L85, M|275/275\n|move|p1a: Swalot|Sludge Bomb|p2a: Vigoroth\n|-damage|p2a: Vigoroth|190/275\n|\n|-heal|p1a: Swalot|306/326|[from] item: Leftovers\n|-damage|p1a: Swalot|266/326|[from] Leech Seed|[of] p2a: Vigoroth\n|-damage|p2a: Vigoroth|150/275|[from] ability: Liquid Ooze|[of] p1a: Swalot\n|upkeep\n|turn|3\n|\n|t:|1781445598\n|move|p2a: Vigoroth|Knock Off|p1a: Swalot\n|-damage|p1a: Swalot|204/326\n|-enditem|p1a: Swalot|Leftovers|[from] move: Knock Off|[of] p2a: Vigoroth\n|move|p1a: Swalot|Knock Off|p2a: Vigoroth\n|-damage|p2a: Vigoroth|104/275\n|-enditem|p2a: Vigoroth|Eviolite|[from] move: Knock Off|[of] p1a: Swalot\n|\n|-damage|p1a: Swalot|164/326|[from] Leech Seed|[of] p2a: Vigoroth\n|-damage|p2a: Vigoroth|64/275|[from] ability: Liquid Ooze|[of] p1a: Swalot\n|upkeep\n|turn|4\n|\n|t:|1781445602\n|move|p2a: Vigoroth|Slack Off|p2a: Vigoroth\n|-heal|p2a: Vigoroth|202/275\n|move|p1a: Swalot|Thunder Wave|p2a: Vigoroth\n|-status|p2a: Vigoroth|par\n|\n|-damage|p1a: Swalot|124/326|[from] Leech Seed|[of] p2a: Vigoroth\n|-damage|p2a: Vigoroth|162/275 par|[from] ability: Liquid Ooze|[of] p1a: Swalot\n|upkeep\n|turn|5\n|\n|t:|1781445613\n|move|p1a: Swalot|Sludge Bomb|p2a: Vigoroth\n|-damage|p2a: Vigoroth|36/275 par\n|move|p2a: Vigoroth|Body Slam|p1a: Swalot\n|-damage|p1a: Swalot|48/326\n|\n|-damage|p1a: Swalot|8/326|[from] Leech Seed|[of] p2a: Vigoroth\n|-damage|p2a: Vigoroth|0 fnt|[from] ability: Liquid Ooze|[of] p1a: Swalot\n|faint|p2a: Vigoroth\n|upkeep\n|\n|t:|1781445621\n|switch|p2a: Heracross|Heracross, L80, M|259/259\n|turn|6\n|\n|t:|1781445632\n|move|p2a: Heracross|Knock Off|p1a: Swalot\n|-damage|p1a: Swalot|0 fnt\n|faint|p1a: Swalot\n|-ability|p2a: Heracross|Moxie|boost\n|-boost|p2a: Heracross|atk|1\n|\n|upkeep\n|\n|t:|1781445635\n|switch|p1a: Overqwil|Overqwil, L82, M|274/274\n|-ability|p1a: Overqwil|Intimidate|boost\n|-unboost|p2a: Heracross|atk|1\n|turn|7\n|\n|t:|1781445649\n|switch|p2a: Drednaw|Drednaw, L81, F|278/278\n|move|p1a: Overqwil|Swords Dance|p1a: Overqwil\n|-boost|p1a: Overqwil|atk|2\n|\n|upkeep\n|turn|8\n|\n|t:|1781445676\n|move|p1a: Overqwil|Crunch|p2a: Drednaw\n|-damage|p2a: Drednaw|32/278\n|-damage|p1a: Overqwil|247/274|[from] item: Life Orb\n|move|p2a: Drednaw|Shell Smash|p2a: Drednaw\n|-unboost|p2a: Drednaw|def|1\n|-unboost|p2a: Drednaw|spd|1\n|-boost|p2a: Drednaw|atk|2\n|-boost|p2a: Drednaw|spa|2\n|-boost|p2a: Drednaw|spe|2\n|-enditem|p2a: Drednaw|White Herb\n|-clearnegativeboost|p2a: Drednaw|[silent]\n|\n|upkeep\n|turn|9\n|inactive|moritzvb has 120 seconds left.\n|\n|t:|1781445695\n|switch|p1a: Appletun|Appletun, L92, M|352/352\n|move|p2a: Drednaw|Earthquake|p1a: Appletun\n|-resisted|p1a: Appletun\n|-crit|p1a: Appletun\n|-damage|p1a: Appletun|237/352\n|\n|-heal|p1a: Appletun|259/352|[from] item: Leftovers\n|upkeep\n|turn|10\n|\n|t:|1781445703\n|move|p2a: Drednaw|Stone Edge|p1a: Appletun\n|-damage|p1a: Appletun|37/352\n|move|p1a: Appletun|Apple Acid|p2a: Drednaw\n|-supereffective|p2a: Drednaw\n|-damage|p2a: Drednaw|0 fnt\n|faint|p2a: Drednaw\n|\n|-heal|p1a: Appletun|59/352|[from] item: Leftovers\n|upkeep\n|\n|t:|1781445706\n|switch|p2a: Sylveon|Sylveon, L85, M|300/300\n|turn|11\n|inactive|moritzvb has 120 seconds left.\n|\n|t:|1781445733\n|move|p2a: Sylveon|Hyper Voice|p1a: Appletun\n|-supereffective|p1a: Appletun\n|-damage|p1a: Appletun|0 fnt\n|faint|p1a: Appletun\n|\n|upkeep\n|\n|t:|1781445758\n|switch|p1a: Whiscash|Whiscash, L88, M|337/337\n|turn|12\n|\n|t:|1781445767\n|move|p1a: Whiscash|Dragon Dance|p1a: Whiscash\n|-boost|p1a: Whiscash|atk|1\n|-boost|p1a: Whiscash|spe|1\n|move|p2a: Sylveon|Calm Mind|p2a: Sylveon\n|-boost|p2a: Sylveon|spa|1\n|-boost|p2a: Sylveon|spd|1\n|\n|upkeep\n|turn|13\n|\n|t:|1781445778\n|-terastallize|p1a: Whiscash|Steel\n|move|p1a: Whiscash|Dragon Dance|p1a: Whiscash\n|-boost|p1a: Whiscash|atk|1\n|-boost|p1a: Whiscash|spe|1\n|move|p2a: Sylveon|Hyper Voice|p1a: Whiscash\n|-resisted|p1a: Whiscash\n|-damage|p1a: Whiscash|220/337\n|\n|upkeep\n|turn|14\n|\n|t:|1781445785\n|switch|p2a: Dondozo|Dondozo, L78, F|362/362\n|move|p1a: Whiscash|Earthquake|p2a: Dondozo\n|-damage|p2a: Dondozo|252/362\n|-damage|p1a: Whiscash|187/337|[from] item: Life Orb\n|\n|-heal|p2a: Dondozo|274/362|[from] item: Leftovers\n|upkeep\n|turn|15\n|inactive|moritzvb has 120 seconds left.\n|\n|t:|1781445793\n|switch|p1a: Kilowattrel|Kilowattrel, L83, F|252/252\n|move|p2a: Dondozo|Wave Crash|p1a: Kilowattrel\n|-damage|p1a: Kilowattrel|87/252\n|-damage|p2a: Dondozo|220/362|[from] Recoil\n|\n|-heal|p2a: Dondozo|242/362|[from] item: Leftovers\n|upkeep\n|turn|16\n|\n|t:|1781445799\n|switch|p2a: Sylveon|Sylveon, L85, M|300/300\n|move|p1a: Kilowattrel|Discharge|p2a: Sylveon\n|-damage|p2a: Sylveon|230/300\n|\n|-heal|p2a: Sylveon|248/300|[from] item: Leftovers\n|upkeep\n|turn|17\n|\n|t:|1781445802\n|move|p1a: Kilowattrel|U-turn|p2a: Sylveon\n|-resisted|p2a: Sylveon\n|-damage|p2a: Sylveon|223/300\n|\n|t:|1781445803\n|switch|p1a: Whiscash|Whiscash, L88, M, tera:Steel|187/337|[from] U-turn\n|move|p2a: Sylveon|Hyper Voice|p1a: Whiscash\n|-resisted|p1a: Whiscash\n|-damage|p1a: Whiscash|119/337\n|\n|-heal|p2a: Sylveon|241/300|[from] item: Leftovers\n|upkeep\n|turn|18\n|\n|t:|1781445810\n|switch|p2a: Dondozo|Dondozo, L78, F|242/362\n|move|p1a: Whiscash|Earthquake|p2a: Dondozo\n|-damage|p2a: Dondozo|133/362\n|-damage|p1a: Whiscash|86/337|[from] item: Life Orb\n|\n|-heal|p2a: Dondozo|155/362|[from] item: Leftovers\n|upkeep\n|turn|19\n|\n|t:|1781445816\n|move|p1a: Whiscash|Earthquake|p2a: Dondozo\n|-damage|p2a: Dondozo|34/362\n|-damage|p1a: Whiscash|53/337|[from] item: Life Orb\n|move|p2a: Dondozo|Wave Crash|p1a: Whiscash\n|-damage|p1a: Whiscash|0 fnt\n|faint|p1a: Whiscash\n|-damage|p2a: Dondozo|17/362|[from] Recoil\n|\n|-heal|p2a: Dondozo|39/362|[from] item: Leftovers\n|upkeep\n|\n|t:|1781445836\n|switch|p1a: Overqwil|Overqwil, L82, M|247/274\n|-ability|p1a: Overqwil|Intimidate|boost\n|-unboost|p2a: Dondozo|atk|1\n|turn|20\n|\n|t:|1781445841\n|move|p1a: Overqwil|Crunch|p2a: Dondozo\n|-damage|p2a: Dondozo|0 fnt\n|faint|p2a: Dondozo\n|-damage|p1a: Overqwil|220/274|[from] item: Life Orb\n|\n|upkeep\n|\n|t:|1781445847\n|switch|p2a: Heracross|Heracross, L80, M|259/259\n|turn|21\n|\n|t:|1781445856\n|move|p1a: Overqwil|Gunk Shot|p2a: Heracross\n|-damage|p2a: Heracross|35/259\n|-damage|p1a: Overqwil|193/274|[from] item: Life Orb\n|move|p2a: Heracross|Close Combat|p1a: Overqwil\n|-damage|p1a: Overqwil|0 fnt\n|-unboost|p2a: Heracross|def|1\n|-unboost|p2a: Heracross|spd|1\n|faint|p1a: Overqwil\n|-ability|p2a: Heracross|Moxie|boost\n|-boost|p2a: Heracross|atk|1\n|\n|upkeep\n|\n|t:|1781445883\n|switch|p1a: Koraidon|Koraidon, L64|235/235\n|-weather|SunnyDay|[from] ability: Orichalcum Pulse|[of] p1a: Koraidon\n|-activate|p1a: Koraidon|Orichalcum Pulse|[source]\n|turn|22\n|\n|t:|1781445890\n|move|p1a: Koraidon|Flare Blitz|p2a: Heracross\n|-supereffective|p2a: Heracross\n|-damage|p2a: Heracross|0 fnt\n|faint|p2a: Heracross\n|-damage|p1a: Koraidon|223/235|[from] Recoil\n|\n|-weather|SunnyDay|[upkeep]\n|upkeep\n|\n|t:|1781445893\n|switch|p2a: Sylveon|Sylveon, L85, M|241/300\n|turn|23\n|\n|t:|1781445903\n|switch|p1a: Kilowattrel|Kilowattrel, L83, F|87/252\n|move|p2a: Sylveon|Hyper Voice|p1a: Kilowattrel\n|-damage|p1a: Kilowattrel|0 fnt\n|faint|p1a: Kilowattrel\n|\n|-weather|SunnyDay|[upkeep]\n|-heal|p2a: Sylveon|259/300|[from] item: Leftovers\n|upkeep\n|\n|t:|1781445905\n|switch|p1a: Koraidon|Koraidon, L64|223/235\n|-activate|p1a: Koraidon|ability: Orichalcum Pulse\n|turn|24\n|\n|t:|1781445909\n|move|p2a: Sylveon|Protect|p2a: Sylveon\n|-singleturn|p2a: Sylveon|Protect\n|move|p1a: Koraidon|Flare Blitz|p2a: Sylveon\n|-activate|p2a: Sylveon|move: Protect\n|\n|-weather|SunnyDay|[upkeep]\n|-heal|p2a: Sylveon|277/300|[from] item: Leftovers\n|upkeep\n|turn|25\n|c|\u2606moritzvb|you would risk swords dance\n|\n|t:|1781445922\n|move|p1a: Koraidon|Flare Blitz|p2a: Sylveon\n|-damage|p2a: Sylveon|107/300\n|-damage|p1a: Koraidon|167/235|[from] Recoil\n|move|p2a: Sylveon|Hyper Voice|p1a: Koraidon\n|-supereffective|p1a: Koraidon\n|-damage|p1a: Koraidon|0 fnt\n|faint|p1a: Koraidon\n|\n|win|Elysia_773\n", "inputlog": ">version a8376a258c1d4662feba110a92103f3664a72141\n>start {\"formatid\":\"gen9randombattle\",\"seed\":\"sodium,1eeae936cda41d2cea14e4c86ba6a1e4\",\"rated\":\"Rated battle\"}\n>player p1 {\"name\":\"moritzvb\",\"avatar\":\"ariana\",\"rating\":2148,\"seed\":\"sodium,de38fbad66c6a863c7faff6a04d6c876\"}\n>player p2 {\"name\":\"Elysia_773\",\"avatar\":\"miku-flying\",\"rating\":2091,\"seed\":\"sodium,9c3f8363629cb8c11966d71aee8ec9b2\"}\n>p1 switch 2\n>p2 move leechseed\n>p1 move sludgebomb\n>p2 switch 6\n>p1 move knockoff\n>p2 move knockoff\n>p1 move thunderwave\n>p2 move slackoff\n>p1 move sludgebomb\n>p2 move bodyslam\n>p2 switch 3\n>p1 move sludgebomb\n>p2 move knockoff\n>p1 switch 3\n>p1 move swordsdance\n>p2 switch 5\n>p1 move crunch\n>p2 move shellsmash\n>p1 switch 4\n>p2 move earthquake\n>p1 move appleacid\n>p2 move stoneedge\n>p2 switch 4\n>p1 move appleacid\n>p2 move hypervoice\n>p1 switch 5\n>p1 move dragondance\n>p2 move calmmind\n>p1 move dragondance terastallize\n>p2 move hypervoice\n>p1 move earthquake\n>p2 switch 2\n>p1 switch 2\n>p2 move wavecrash\n>p1 move discharge\n>p2 switch 2\n>p1 move uturn\n>p2 move hypervoice\n>p1 switch 2\n>p1 move earthquake\n>p2 switch 2\n>p1 move earthquake\n>p2 move wavecrash\n>p1 switch 4\n>p1 move crunch\n>p2 move rest\n>p2 switch 5\n>p1 move gunkshot\n>p2 move closecombat\n>p1 switch 6\n>p1 move flareblitz\n>p2 move closecombat\n>p2 switch 2\n>p1 switch 2\n>p2 move hypervoice\n>p1 switch 2\n>p1 move flareblitz\n>p2 move protect\n>chat \u2606moritzvb|you would risk swords dance\n>p1 move flareblitz\n>p2 move hypervoice", "uploadtime": 1781445570, "views": 9, "formatid": "gen9randombattle", "rating": null, "private": 0, "password": null}