{"id": "gen9randombattle-2631779511", "format": "[Gen 9] Random Battle", "players": ["LoveHerTs", "rootofx"], "log": "|j|\u2606LoveHerTs\n|j|\u2606rootofx\n|t:|1781438421\n|gametype|singles\n|player|p1|LoveHerTs|102|1353\n|player|p2|rootofx|red|1310\n|gen|9\n|tier|[Gen 9] Random Battle\n|rated|\n|rule|Species Clause: Limit one of each Pok\u00e9mon\n|rule|HP Percentage Mod: HP is shown in percentages\n|rule|Sleep Clause Mod: Limit one foe put to sleep\n|rule|Illusion Level Mod: Illusion disguises the Pok\u00e9mon's true level\n|\n|t:|1781438421\n|teamsize|p1|6\n|teamsize|p2|6\n|start\n|switch|p1a: Sandy Shocks|Sandy Shocks, L80|267/267\n|switch|p2a: Ogerpon|Ogerpon, L80, F|259/259\n|turn|1\n|inactive|Battle timer is ON: inactive players will automatically lose when time's up. (requested by rootofx)\n|\n|t:|1781438434\n|-terastallize|p1a: Sandy Shocks|Grass\n|move|p2a: Ogerpon|Ivy Cudgel|p1a: Sandy Shocks\n|-resisted|p1a: Sandy Shocks\n|-damage|p1a: Sandy Shocks|210/267\n|move|p1a: Sandy Shocks|Thunder Wave|p2a: Ogerpon\n|-status|p2a: Ogerpon|par\n|\n|-heal|p1a: Sandy Shocks|226/267|[from] item: Leftovers\n|upkeep\n|turn|2\n|\n|t:|1781438457\n|move|p1a: Sandy Shocks|Spikes|p2a: Ogerpon\n|-sidestart|p2: rootofx|Spikes\n|move|p2a: Ogerpon|U-turn|p1a: Sandy Shocks\n|-supereffective|p1a: Sandy Shocks\n|-damage|p1a: Sandy Shocks|128/267\n|inactive|rootofx has 120 seconds left.\n|inactive|rootofx has 90 seconds left.\n|inactive|rootofx has 60 seconds left.\n|inactive|rootofx has 30 seconds left.\n|inactive|rootofx has 20 seconds left.\n|inactive|rootofx has 15 seconds left.\n|inactive|rootofx has 10 seconds left.\n|inactive|rootofx has 5 seconds left.\n|\n|t:|1781438588\n|switch|p2a: Sneasler|Sneasler, L74, M|240/240|[from] U-turn\n|-damage|p2a: Sneasler|210/240|[from] Spikes\n|\n|-heal|p1a: Sandy Shocks|144/267|[from] item: Leftovers\n|upkeep\n|turn|3\n|inactive|rootofx has 15 seconds left this turn.\n|inactive|rootofx has 10 seconds left.\n|\n|t:|1781438606\n|-end|p1a: Sandy Shocks|Protosynthesis|[silent]\n|switch|p1a: Vileplume|Vileplume, L85, M|266/266\n|move|p2a: Sneasler|U-turn|p1a: Vileplume\n|-damage|p1a: Vileplume|196/266\n|inactive|rootofx has 15 seconds left this turn.\n|inactive|rootofx has 10 seconds left.\n|\n|t:|1781438616\n|switch|p2a: Gouging Fire|Gouging Fire, L74|277/277|[from] U-turn\n|\n|-heal|p1a: Vileplume|212/266|[from] item: Leftovers\n|upkeep\n|turn|4\n|inactive|rootofx has 20 seconds left this turn.\n|\n|t:|1781438636\n|move|p2a: Gouging Fire|Heat Crash|p1a: Vileplume\n|-supereffective|p1a: Vileplume\n|-damage|p1a: Vileplume|0 fnt\n|faint|p1a: Vileplume\n|\n|upkeep\n|\n|t:|1781438642\n|switch|p1a: Flareon|Flareon, L90, F|263/263\n|turn|5\n|inactive|rootofx has 30 seconds left.\n|\n|t:|1781438648\n|move|p2a: Gouging Fire|Dragon Dance|p2a: Gouging Fire\n|-boost|p2a: Gouging Fire|atk|1\n|-boost|p2a: Gouging Fire|spe|1\n|move|p1a: Flareon|Trailblaze|p2a: Gouging Fire\n|-resisted|p2a: Gouging Fire\n|-damage|p2a: Gouging Fire|265/277\n|-boost|p1a: Flareon|spe|1\n|\n|-status|p1a: Flareon|tox|[from] item: Toxic Orb\n|upkeep\n|turn|6\n|\n|t:|1781438654\n|move|p2a: Gouging Fire|Earthquake|p1a: Flareon\n|-supereffective|p1a: Flareon\n|-damage|p1a: Flareon|23/263 tox\n|move|p1a: Flareon|Facade|p2a: Gouging Fire\n|-damage|p2a: Gouging Fire|68/277\n|\n|-damage|p1a: Flareon|7/263 tox|[from] psn\n|upkeep\n|turn|7\n|\n|t:|1781438666\n|move|p2a: Gouging Fire|Earthquake|p1a: Flareon\n|-supereffective|p1a: Flareon\n|-damage|p1a: Flareon|0 fnt\n|faint|p1a: Flareon\n|\n|upkeep\n|\n|t:|1781438677\n|switch|p1a: Hatterene|Hatterene, L85, F|236/236\n|turn|8\n|\n|t:|1781438693\n|move|p2a: Gouging Fire|Heat Crash|p1a: Hatterene\n|-damage|p1a: Hatterene|83/236\n|move|p1a: Hatterene|Psychic|p2a: Gouging Fire\n|-damage|p2a: Gouging Fire|0 fnt\n|faint|p2a: Gouging Fire\n|-end|p2a: Gouging Fire|Protosynthesis|[silent]\n|\n|-heal|p1a: Hatterene|97/236|[from] item: Leftovers\n|upkeep\n|\n|t:|1781438701\n|switch|p2a: Sneasler|Sneasler, L74, M|210/240\n|-damage|p2a: Sneasler|180/240|[from] Spikes\n|turn|9\n|\n|t:|1781438707\n|move|p2a: Sneasler|Dire Claw|p1a: Hatterene\n|-supereffective|p1a: Hatterene\n|-damage|p1a: Hatterene|0 fnt\n|faint|p1a: Hatterene\n|\n|upkeep\n|\n|t:|1781438712\n|switch|p1a: Farigiraf|Farigiraf, L90, F|362/362\n|turn|10\n|inactive|rootofx has 60 seconds left.\n|\n|t:|1781438718\n|switch|p2a: Ogerpon|Ogerpon, L80, F|259/259 par\n|move|p1a: Farigiraf|Psychic Noise|p2a: Ogerpon\n|-damage|p2a: Ogerpon|153/259 par\n|-start|p2a: Ogerpon|move: Heal Block\n|\n|upkeep\n|turn|11\n|inactive|rootofx has 60 seconds left.\n|\n|t:|1781438736\n|move|p1a: Farigiraf|Psychic Noise|p2a: Ogerpon\n|-damage|p2a: Ogerpon|57/259 par\n|cant|p2a: Ogerpon|par\n|\n|-end|p2a: Ogerpon|move: Heal Block\n|upkeep\n|turn|12\n|\n|t:|1781438741\n|move|p1a: Farigiraf|Psychic Noise|p2a: Ogerpon\n|-damage|p2a: Ogerpon|0 fnt\n|faint|p2a: Ogerpon\n|\n|upkeep\n|inactive|rootofx has 60 seconds left.\n|\n|t:|1781438757\n|switch|p2a: Mewtwo|Mewtwo, L72|272/272\n|-ability|p2a: Mewtwo|Unnerve\n|-damage|p2a: Mewtwo|238/272|[from] Spikes\n|turn|13\n|\n|t:|1781438765\n|move|p2a: Mewtwo|Nasty Plot|p2a: Mewtwo\n|-boost|p2a: Mewtwo|spa|2\n|move|p1a: Farigiraf|Body Slam|p2a: Mewtwo\n|-damage|p2a: Mewtwo|117/272\n|\n|upkeep\n|turn|14\n|\n|t:|1781438770\n|move|p2a: Mewtwo|Dark Pulse|p1a: Farigiraf\n|-supereffective|p1a: Farigiraf\n|-damage|p1a: Farigiraf|0 fnt\n|faint|p1a: Farigiraf\n|-damage|p2a: Mewtwo|90/272|[from] item: Life Orb\n|\n|upkeep\n|\n|t:|1781438779\n|switch|p1a: Sandy Shocks|Sandy Shocks, L80, tera:Grass|144/267\n|turn|15\n|\n|t:|1781438785\n|move|p2a: Mewtwo|Psystrike|p1a: Sandy Shocks\n|-damage|p1a: Sandy Shocks|0 fnt\n|faint|p1a: Sandy Shocks\n|-end|p1a: Sandy Shocks|Protosynthesis|[silent]\n|-damage|p2a: Mewtwo|63/272|[from] item: Life Orb\n|\n|upkeep\n|\n|t:|1781438788\n|switch|p1a: Tsareena|Tsareena, L87, F|267/267\n|turn|16\n|\n|t:|1781438793\n|move|p2a: Mewtwo|Psystrike|p1a: Tsareena\n|-crit|p1a: Tsareena\n|-damage|p1a: Tsareena|0 fnt\n|faint|p1a: Tsareena\n|-damage|p2a: Mewtwo|36/272|[from] item: Life Orb\n|\n|win|rootofx\n|raw|LoveHerTs's rating: 1353 &rarr; <strong>1331</strong><br />(-22 for losing)\n|raw|rootofx's rating: 1310 &rarr; <strong>1332</strong><br />(+22 for winning)\n|l|\u2606LoveHerTs\n|player|p1|\n", "inputlog": ">version a8376a258c1d4662feba110a92103f3664a72141\n>start {\"formatid\":\"gen9randombattle\",\"seed\":\"sodium,0d107181f553cba273334656f6b7c0b0\",\"rated\":\"Rated battle\"}\n>player p1 {\"name\":\"LoveHerTs\",\"avatar\":\"102\",\"rating\":1353,\"seed\":\"sodium,9cab82e852e5212f32fb5b29066b916c\"}\n>player p2 {\"name\":\"rootofx\",\"avatar\":\"red\",\"rating\":1310,\"seed\":\"sodium,1283e90f55de6b3025e6d3a1ce24f805\"}\n>p1 move thunderwave terastallize\n>p2 move ivycudgel\n>p1 move spikes\n>p2 move uturn\n>p2 switch 4\n>p1 switch 3\n>p2 move uturn\n>p2 switch 2\n>p1 move sleeppowder\n>p2 move heatcrash\n>p1 switch 6\n>p1 move trailblaze\n>p2 move dragondance\n>p1 move facade\n>p2 move earthquake\n>p1 move trailblaze\n>p2 move earthquake\n>p1 switch 2\n>p1 move psychic\n>p2 move heatcrash\n>p2 switch 2\n>p1 move psychic\n>p2 move direclaw\n>p1 switch 5\n>p1 move psychicnoise\n>p2 switch 4\n>p1 move psychicnoise\n>p2 move knockoff\n>p1 move psychicnoise\n>p2 move uturn\n>p2 switch 3\n>p1 move bodyslam\n>p2 move nastyplot\n>p1 move bodyslam\n>p2 move darkpulse\n>p1 switch 3\n>p1 move thunderbolt\n>p2 move psystrike\n>p1 switch 4\n>p1 move knockoff\n>p2 move psystrike", "uploadtime": 1781438802, "views": 3, "formatid": "gen9randombattle", "rating": 1331, "private": 0, "password": null}