{"id": "gen9randombattle-2631794083", "format": "[Gen 9] Random Battle", "players": ["pigmoondl", "aaaallloon"], "log": "|j|\u2606pigmoondl\n|j|\u2606aaaallloon\n|t:|1781440631\n|gametype|singles\n|player|p1|pigmoondl|miku-ground|1354\n|player|p2|aaaallloon|burgh|1326\n|gen|9\n|tier|[Gen 9] Random Battle\n|rated|\n|rule|Species Clause: Limit one of each Pok\u00e9mon\n|rule|HP Percentage Mod: HP is shown in percentages\n|rule|Sleep Clause Mod: Limit one foe put to sleep\n|rule|Illusion Level Mod: Illusion disguises the Pok\u00e9mon's true level\n|\n|t:|1781440631\n|teamsize|p1|6\n|teamsize|p2|6\n|start\n|switch|p1a: Pachirisu|Pachirisu, L96, M|271/271\n|switch|p2a: Whimsicott|Whimsicott, L84, F|238/238\n|turn|1\n|\n|t:|1781440644\n|move|p2a: Whimsicott|Moonblast|p1a: Pachirisu\n|-damage|p1a: Pachirisu|220/271\n|-unboost|p1a: Pachirisu|spa|1\n|move|p1a: Pachirisu|Nuzzle|p2a: Whimsicott\n|-resisted|p2a: Whimsicott\n|-damage|p2a: Whimsicott|229/238\n|-status|p2a: Whimsicott|par\n|\n|-heal|p2a: Whimsicott|238/238 par|[from] item: Leftovers\n|upkeep\n|turn|2\n|\n|t:|1781440682\n|cant|p2a: Whimsicott|par\n|move|p1a: Pachirisu|Super Fang|p2a: Whimsicott\n|-damage|p2a: Whimsicott|119/238 par\n|\n|-heal|p2a: Whimsicott|133/238 par|[from] item: Leftovers\n|upkeep\n|turn|3\n|\n|t:|1781440716\n|cant|p2a: Whimsicott|par\n|move|p1a: Pachirisu|U-turn|p2a: Whimsicott\n|-damage|p2a: Whimsicott|95/238 par\n|\n|t:|1781440741\n|switch|p1a: Seviper|Seviper, L93, M|287/287|[from] U-turn\n|\n|-heal|p2a: Whimsicott|109/238 par|[from] item: Leftovers\n|upkeep\n|turn|4\n|\n|t:|1781440763\n|move|p2a: Whimsicott|Leech Seed|p1a: Seviper\n|-start|p1a: Seviper|move: Leech Seed\n|move|p1a: Seviper|Swords Dance|p1a: Seviper\n|-boost|p1a: Seviper|atk|2\n|\n|-heal|p2a: Whimsicott|123/238 par|[from] item: Leftovers\n|-damage|p1a: Seviper|252/287|[from] Leech Seed|[of] p2a: Whimsicott\n|-heal|p2a: Whimsicott|158/238 par|[silent]\n|upkeep\n|turn|5\n|\n|t:|1781440778\n|cant|p2a: Whimsicott|par\n|move|p1a: Seviper|Gunk Shot|p2a: Whimsicott\n|-supereffective|p2a: Whimsicott\n|-damage|p2a: Whimsicott|0 fnt\n|faint|p2a: Whimsicott\n|\n|-heal|p1a: Seviper|269/287|[from] item: Leftovers\n|upkeep\n|\n|t:|1781440801\n|switch|p2a: Veluza|Veluza, L85, F|292/292\n|turn|6\n|\n|t:|1781440813\n|-terastallize|p1a: Seviper|Grass\n|move|p2a: Veluza|Psycho Cut|p1a: Seviper\n|-damage|p1a: Seviper|127/287\n|move|p1a: Seviper|Trailblaze|p2a: Veluza\n|-supereffective|p2a: Veluza\n|-damage|p2a: Veluza|0 fnt\n|-boost|p1a: Seviper|spe|1\n|faint|p2a: Veluza\n|\n|-heal|p1a: Seviper|144/287|[from] item: Leftovers\n|upkeep\n|\n|t:|1781440849\n|switch|p2a: Galvantula|Galvantula, L82, M|249/249\n|turn|7\n|\n|t:|1781440861\n|switch|p1a: Whiscash|Whiscash, L88, F|337/337\n|move|p2a: Galvantula|Bug Buzz|p1a: Whiscash\n|-damage|p1a: Whiscash|237/337\n|\n|upkeep\n|turn|8\n|\n|t:|1781440867\n|move|p2a: Galvantula|Energy Ball|p1a: Whiscash\n|-supereffective|p1a: Whiscash\n|-damage|p1a: Whiscash|0 fnt\n|faint|p1a: Whiscash\n|\n|upkeep\n|\n|t:|1781440877\n|switch|p1a: Vivillon|Vivillon-Elegant, L83, F|268/268\n|turn|9\n|\n|t:|1781440885\n|switch|p1a: Pachirisu|Pachirisu, L96, M|220/271\n|move|p2a: Galvantula|Thunder|p1a: Pachirisu\n|-heal|p1a: Pachirisu|271/271|[from] ability: Volt Absorb|[of] p2a: Galvantula\n|\n|upkeep\n|turn|10\n|\n|t:|1781440917\n|move|p1a: Pachirisu|Super Fang|p2a: Galvantula\n|-damage|p2a: Galvantula|125/249\n|move|p2a: Galvantula|Bug Buzz|p1a: Pachirisu\n|-damage|p1a: Pachirisu|220/271\n|\n|upkeep\n|turn|11\n|\n|t:|1781440934\n|move|p1a: Pachirisu|Thunderbolt|p2a: Galvantula\n|-resisted|p2a: Galvantula\n|-damage|p2a: Galvantula|76/249\n|move|p2a: Galvantula|Sticky Web|p1a: Pachirisu\n|-sidestart|p1: pigmoondl|move: Sticky Web\n|\n|upkeep\n|turn|12\n|\n|t:|1781440962\n|move|p1a: Pachirisu|Thunderbolt|p2a: Galvantula\n|-resisted|p2a: Galvantula\n|-damage|p2a: Galvantula|27/249\n|move|p2a: Galvantula|Bug Buzz|p1a: Pachirisu\n|-damage|p1a: Pachirisu|166/271\n|\n|upkeep\n|turn|13\n|\n|t:|1781440968\n|switch|p2a: Lilligant|Lilligant-Hisui, L79, F|240/240\n|move|p1a: Pachirisu|Thunderbolt|p2a: Lilligant\n|-resisted|p2a: Lilligant\n|-damage|p2a: Lilligant|198/240\n|\n|upkeep\n|turn|14\n|\n|t:|1781440972\n|move|p1a: Pachirisu|Nuzzle|p2a: Lilligant\n|-resisted|p2a: Lilligant\n|-damage|p2a: Lilligant|188/240\n|-status|p2a: Lilligant|par\n|cant|p2a: Lilligant|par\n|\n|upkeep\n|turn|15\n|\n|t:|1781440985\n|switch|p1a: Illumise|Illumise, L91, F|266/266\n|move|p2a: Lilligant|Close Combat|p1a: Illumise\n|-resisted|p1a: Illumise\n|-damage|p1a: Illumise|169/266\n|-unboost|p2a: Lilligant|def|1\n|-unboost|p2a: Lilligant|spd|1\n|\n|upkeep\n|turn|16\n|\n|t:|1781440992\n|switch|p2a: Dragonite|Dragonite, L74, M|257/257\n|move|p1a: Illumise|Roost|p1a: Illumise\n|-heal|p1a: Illumise|266/266\n|-singleturn|p1a: Illumise|move: Roost\n|\n|upkeep\n|turn|17\n|\n|t:|1781440996\n|move|p1a: Illumise|Thunder Wave|p2a: Dragonite\n|-status|p2a: Dragonite|par\n|move|p2a: Dragonite|Dragon Dance|p2a: Dragonite\n|-boost|p2a: Dragonite|atk|1\n|-boost|p2a: Dragonite|spe|1\n|\n|upkeep\n|turn|18\n|\n|t:|1781441000\n|move|p1a: Illumise|Encore|p2a: Dragonite\n|-start|p2a: Dragonite|Encore\n|move|p2a: Dragonite|Dragon Dance|p2a: Dragonite\n|-boost|p2a: Dragonite|atk|1\n|-boost|p2a: Dragonite|spe|1\n|\n|upkeep\n|turn|19\n|\n|t:|1781441003\n|move|p1a: Illumise|Bug Buzz|p2a: Dragonite\n|-resisted|p2a: Dragonite\n|-damage|p2a: Dragonite|234/257 par\n|move|p2a: Dragonite|Dragon Dance|p2a: Dragonite\n|-boost|p2a: Dragonite|atk|1\n|-boost|p2a: Dragonite|spe|1\n|\n|upkeep\n|turn|20\n|\n|t:|1781441007\n|move|p1a: Illumise|Bug Buzz|p2a: Dragonite\n|-resisted|p2a: Dragonite\n|-damage|p2a: Dragonite|189/257 par\n|move|p2a: Dragonite|Dragon Dance|p2a: Dragonite\n|-boost|p2a: Dragonite|atk|1\n|-boost|p2a: Dragonite|spe|1\n|\n|-end|p2a: Dragonite|Encore\n|upkeep\n|turn|21\n|\n|t:|1781441009\n|move|p1a: Illumise|Encore|p2a: Dragonite\n|-start|p2a: Dragonite|Encore\n|move|p2a: Dragonite|Dragon Dance|p2a: Dragonite\n|-boost|p2a: Dragonite|atk|1\n|-boost|p2a: Dragonite|spe|1\n|\n|upkeep\n|turn|22\n|\n|t:|1781441011\n|move|p2a: Dragonite|Dragon Dance|p2a: Dragonite\n|-boost|p2a: Dragonite|atk|1\n|-boost|p2a: Dragonite|spe|1\n|move|p1a: Illumise|Bug Buzz|p2a: Dragonite\n|-resisted|p2a: Dragonite\n|-damage|p2a: Dragonite|141/257 par\n|\n|upkeep\n|turn|23\n|\n|t:|1781441016\n|switch|p2a: Hatterene|Hatterene, L85, F|236/236\n|move|p1a: Illumise|Bug Buzz|p2a: Hatterene\n|-damage|p2a: Hatterene|152/236\n|\n|-heal|p2a: Hatterene|166/236|[from] item: Leftovers\n|upkeep\n|turn|24\n|inactive|Battle timer is ON: inactive players will automatically lose when time's up. (requested by aaaallloon)\n|\n|t:|1781441040\n|switch|p1a: Dusknoir|Dusknoir, L89, F|225/225\n|-activate|p1a: Dusknoir|move: Sticky Web\n|-unboost|p1a: Dusknoir|spe|1\n|-item|p2a: Hatterene|Leftovers|[from] ability: Frisk|[of] p1a: Dusknoir\n|-terastallize|p2a: Hatterene|Steel\n|move|p2a: Hatterene|Calm Mind|p2a: Hatterene\n|-boost|p2a: Hatterene|spa|1\n|-boost|p2a: Hatterene|spd|1\n|\n|-heal|p2a: Hatterene|180/236|[from] item: Leftovers\n|upkeep\n|turn|25\n|\n|t:|1781441047\n|move|p2a: Hatterene|Psyshock|p1a: Dusknoir\n|-damage|p1a: Dusknoir|102/225\n|move|p1a: Dusknoir|Poltergeist|p2a: Hatterene\n|-activate|p2a: Hatterene|move: Poltergeist|Leftovers\n|-damage|p2a: Hatterene|60/236\n|\n|-heal|p2a: Hatterene|74/236|[from] item: Leftovers\n|-heal|p1a: Dusknoir|116/225|[from] item: Leftovers\n|upkeep\n|turn|26\n|\n|t:|1781441063\n|move|p1a: Dusknoir|Shadow Sneak|p2a: Hatterene\n|-damage|p2a: Hatterene|28/236\n|move|p2a: Hatterene|Psyshock|p1a: Dusknoir\n|-damage|p1a: Dusknoir|0 fnt\n|faint|p1a: Dusknoir\n|\n|-heal|p2a: Hatterene|42/236|[from] item: Leftovers\n|upkeep\n|\n|t:|1781441074\n|switch|p1a: Seviper|Seviper, L93, M, tera:Grass|144/287\n|-activate|p1a: Seviper|move: Sticky Web\n|-unboost|p1a: Seviper|spe|1\n|turn|27\n|\n|t:|1781441076\n|move|p1a: Seviper|Earthquake|p2a: Hatterene\n|-supereffective|p2a: Hatterene\n|-damage|p2a: Hatterene|0 fnt\n|faint|p2a: Hatterene\n|\n|-heal|p1a: Seviper|161/287|[from] item: Leftovers\n|upkeep\n|\n|t:|1781441082\n|switch|p2a: Galvantula|Galvantula, L82, M|27/249\n|turn|28\n|\n|t:|1781441091\n|switch|p2a: Dragonite|Dragonite, L74, M|141/257 par\n|move|p1a: Seviper|Earthquake|p2a: Dragonite\n|-immune|p2a: Dragonite\n|\n|-heal|p1a: Seviper|178/287|[from] item: Leftovers\n|upkeep\n|turn|29\n|\n|t:|1781441098\n|switch|p1a: Illumise|Illumise, L91, F|266/266\n|move|p2a: Dragonite|Outrage|p1a: Illumise\n|-damage|p1a: Illumise|137/266\n|\n|upkeep\n|turn|30\n|\n|t:|1781441103\n|move|p1a: Illumise|Roost|p1a: Illumise\n|-heal|p1a: Illumise|266/266\n|-singleturn|p1a: Illumise|move: Roost\n|move|p2a: Dragonite|Outrage|p1a: Illumise|[from] lockedmove\n|-damage|p1a: Illumise|139/266\n|\n|upkeep\n|turn|31\n|\n|t:|1781441108\n|move|p1a: Illumise|Roost|p1a: Illumise\n|-heal|p1a: Illumise|266/266\n|-singleturn|p1a: Illumise|move: Roost\n|move|p2a: Dragonite|Outrage|p1a: Illumise|[from] lockedmove\n|-damage|p1a: Illumise|121/266\n|-start|p2a: Dragonite|confusion|[fatigue]\n|\n|upkeep\n|turn|32\n|\n|t:|1781441113\n|move|p1a: Illumise|Roost|p1a: Illumise\n|-heal|p1a: Illumise|254/266\n|-singleturn|p1a: Illumise|move: Roost\n|-activate|p2a: Dragonite|confusion\n|cant|p2a: Dragonite|par\n|\n|upkeep\n|turn|33\n|\n|t:|1781441120\n|move|p1a: Illumise|Bug Buzz|p2a: Dragonite\n|-resisted|p2a: Dragonite\n|-damage|p2a: Dragonite|91/257 par\n|-activate|p2a: Dragonite|confusion\n|-damage|p2a: Dragonite|59/257 par|[from] confusion\n|\n|upkeep\n|turn|34\n|-message|aaaallloon forfeited.\n|\n|win|pigmoondl\n|raw|pigmoondl's rating: 1354 &rarr; <strong>1370</strong><br />(+16 for winning)\n|raw|aaaallloon's rating: 1290 &rarr; <strong>1270</strong><br />(-20 for losing)\n", "uploadtime": 1781441128, "views": 2, "formatid": "gen9randombattle", "rating": 1270, "private": 0, "password": null}