{"id": "gen9randombattle-2631475060", "format": "[Gen 9] Random Battle", "players": ["fesfvsd", "lianchi"], "log": "|j|\u2606fesfvsd\n|j|\u2606lianchi\n|t:|1781389455\n|gametype|singles\n|player|p1|fesfvsd|265|1022\n|player|p2|lianchi|170|1000\n|gen|9\n|tier|[Gen 9] Random Battle\n|rated|\n|rule|Species Clause: Limit one of each Pok\u00e9mon\n|rule|HP Percentage Mod: HP is shown in percentages\n|rule|Sleep Clause Mod: Limit one foe put to sleep\n|rule|Illusion Level Mod: Illusion disguises the Pok\u00e9mon's true level\n|\n|t:|1781389455\n|teamsize|p1|6\n|teamsize|p2|6\n|start\n|switch|p1a: Lumineon|Lumineon, L93, F, shiny|279/279\n|switch|p2a: Vaporeon|Vaporeon, L86, M|364/364\n|turn|1\n|\n|t:|1781389479\n|move|p1a: Lumineon|U-turn|p2a: Vaporeon\n|-damage|p2a: Vaporeon|300/364\n|inactive|Battle timer is ON: inactive players will automatically lose when time's up. (requested by lianchi)\n|\n|t:|1781389534\n|switch|p1a: Electivire|Electivire, L84, M|263/263|[from] U-turn\n|move|p2a: Vaporeon|Wish|p2a: Vaporeon\n|\n|-heal|p2a: Vaporeon|322/364|[from] item: Leftovers\n|upkeep\n|turn|2\n|\n|t:|1781389548\n|switch|p2a: Great Tusk|Great Tusk, L77|304/304\n|-enditem|p2a: Great Tusk|Booster Energy\n|-activate|p2a: Great Tusk|ability: Protosynthesis|[fromitem]\n|-start|p2a: Great Tusk|protosynthesisatk\n|move|p1a: Electivire|Earthquake|p2a: Great Tusk\n|-damage|p2a: Great Tusk|213/304\n|-damage|p1a: Electivire|237/263|[from] item: Life Orb\n|\n|-heal|p2a: Great Tusk|304/304|[from] move: Wish|[wisher] Vaporeon\n|upkeep\n|turn|3\n|\n|t:|1781389558\n|switch|p1a: Lumineon|Lumineon, L93, F, shiny|279/279\n|move|p2a: Great Tusk|Bulk Up|p2a: Great Tusk\n|-boost|p2a: Great Tusk|atk|1\n|-boost|p2a: Great Tusk|def|1\n|\n|upkeep\n|turn|4\n|\n|t:|1781389566\n|move|p1a: Lumineon|Hydro Pump|p2a: Great Tusk\n|-supereffective|p2a: Great Tusk\n|-damage|p2a: Great Tusk|0 fnt\n|faint|p2a: Great Tusk\n|-end|p2a: Great Tusk|Protosynthesis|[silent]\n|\n|upkeep\n|\n|t:|1781389573\n|switch|p2a: Walking Wake|Walking Wake, L79|286/286\n|turn|5\n|inactive|fesfvsd has 120 seconds left.\n|\n|t:|1781389611\n|move|p1a: Lumineon|Ice Beam|p2a: Walking Wake\n|-damage|p2a: Walking Wake|222/286\n|move|p2a: Walking Wake|Sunny Day|p2a: Walking Wake\n|-weather|SunnyDay\n|-activate|p2a: Walking Wake|ability: Protosynthesis\n|-start|p2a: Walking Wake|protosynthesisspa\n|\n|-weather|SunnyDay|[upkeep]\n|upkeep\n|turn|6\n|\n|t:|1781389625\n|move|p1a: Lumineon|Encore|p2a: Walking Wake\n|-start|p2a: Walking Wake|Encore\n|move|p2a: Walking Wake|Sunny Day||[still]\n|-fail|p2a: Walking Wake\n|\n|-weather|SunnyDay|[upkeep]\n|upkeep\n|turn|7\n|\n|t:|1781389640\n|-end|p2a: Walking Wake|Protosynthesis|[silent]\n|switch|p2a: Vaporeon|Vaporeon, L86, M|322/364\n|move|p1a: Lumineon|Ice Beam|p2a: Vaporeon\n|-resisted|p2a: Vaporeon\n|-damage|p2a: Vaporeon|293/364\n|\n|-weather|SunnyDay|[upkeep]\n|-heal|p2a: Vaporeon|315/364|[from] item: Leftovers\n|upkeep\n|turn|8\n|\n|t:|1781389649\n|move|p1a: Lumineon|U-turn|p2a: Vaporeon\n|-damage|p2a: Vaporeon|257/364\n|inactive|fesfvsd has 120 seconds left.\n|\n|t:|1781389700\n|switch|p1a: Electivire|Electivire, L84, M|237/263|[from] U-turn\n|move|p2a: Vaporeon|Scald|p1a: Electivire\n|-damage|p1a: Electivire|192/263\n|\n|-weather|SunnyDay|[upkeep]\n|-heal|p2a: Vaporeon|279/364|[from] item: Leftovers\n|upkeep\n|turn|9\n|\n|t:|1781389722\n|switch|p2a: Piloswine|Piloswine, L85, F|309/309\n|move|p1a: Electivire|Supercell Slam|p2a: Piloswine\n|-immune|p2a: Piloswine\n|-damage|p1a: Electivire|61/263|[from] supercellslam\n|\n|-weather|none\n|upkeep\n|turn|10\n|inactive|lianchi has 120 seconds left.\n|\n|t:|1781389750\n|switch|p1a: Lumineon|Lumineon, L93, F, shiny|279/279\n|move|p2a: Piloswine|Stealth Rock|p1a: Lumineon\n|-sidestart|p1: fesfvsd|move: Stealth Rock\n|\n|upkeep\n|turn|11\n|\n|t:|1781389754\n|switch|p2a: Vaporeon|Vaporeon, L86, M|279/364\n|move|p1a: Lumineon|Hydro Pump|p2a: Vaporeon\n|-heal|p2a: Vaporeon|364/364|[from] ability: Water Absorb|[of] p1a: Lumineon\n|\n|upkeep\n|turn|12\n|\n|t:|1781389762\n|move|p1a: Lumineon|U-turn|p2a: Vaporeon\n|-damage|p2a: Vaporeon|303/364\n|\n|t:|1781389770\n|switch|p1a: Breloom|Breloom, L83, F|235/235|[from] U-turn\n|-damage|p1a: Breloom|221/235|[from] Stealth Rock\n|move|p2a: Vaporeon|Scald|p1a: Breloom\n|-resisted|p1a: Breloom\n|-damage|p1a: Breloom|158/235\n|\n|-heal|p2a: Vaporeon|325/364|[from] item: Leftovers\n|upkeep\n|turn|13\n|\n|t:|1781389785\n|switch|p2a: Gholdengo|Gholdengo, L77|261/261\n|move|p1a: Breloom|Spore|p2a: Gholdengo\n|-immune|p2a: Gholdengo|[from] ability: Good as Gold\n|\n|upkeep\n|turn|14\n|inactive|lianchi has 120 seconds left.\n|\n|t:|1781389811\n|switch|p1a: Rampardos|Rampardos, L90, F|321/321\n|-damage|p1a: Rampardos|281/321|[from] Stealth Rock\n|move|p2a: Gholdengo|Trick|p1a: Rampardos\n|-activate|p2a: Gholdengo|move: Trick|[of] p1a: Rampardos\n|-item|p1a: Rampardos|Choice Scarf|[from] move: Trick\n|-item|p2a: Gholdengo|Life Orb|[from] move: Trick\n|\n|upkeep\n|turn|15\n|inactive|lianchi has 120 seconds left.\n|inactive|fesfvsd has 120 seconds left.\n|\n|t:|1781389859\n|move|p1a: Rampardos|Earthquake|p2a: Gholdengo\n|-supereffective|p2a: Gholdengo\n|-damage|p2a: Gholdengo|0 fnt\n|faint|p2a: Gholdengo\n|\n|upkeep\n|\n|t:|1781389871\n|switch|p2a: Bombirdier|Bombirdier, L85, F|258/258\n|turn|16\n|\n|t:|1781389884\n|switch|p1a: Dachsbun|Dachsbun, L92, M|254/254\n|-damage|p1a: Dachsbun|223/254|[from] Stealth Rock\n|move|p2a: Bombirdier|Knock Off|p1a: Dachsbun\n|-resisted|p1a: Dachsbun\n|-damage|p1a: Dachsbun|184/254\n|-enditem|p1a: Dachsbun|Leftovers|[from] move: Knock Off|[of] p2a: Bombirdier\n|\n|upkeep\n|turn|17\n|\n|t:|1781389904\n|switch|p2a: Vaporeon|Vaporeon, L86, M|325/364\n|move|p1a: Dachsbun|Wish|p1a: Dachsbun\n|\n|-heal|p2a: Vaporeon|347/364|[from] item: Leftovers\n|upkeep\n|turn|18\n|inactive|fesfvsd has 120 seconds left.\n|\n|t:|1781389912\n|move|p1a: Dachsbun|Yawn|p2a: Vaporeon\n|-start|p2a: Vaporeon|move: Yawn|[of] p1a: Dachsbun\n|move|p2a: Vaporeon|Scald|p1a: Dachsbun\n|-damage|p1a: Dachsbun|94/254\n|\n|-heal|p1a: Dachsbun|221/254|[from] move: Wish|[wisher] Dachsbun\n|-heal|p2a: Vaporeon|364/364|[from] item: Leftovers\n|upkeep\n|turn|19\n|\n|t:|1781389925\n|switch|p2a: Walking Wake|Walking Wake, L79|222/286\n|move|p1a: Dachsbun|Wish|p1a: Dachsbun\n|\n|upkeep\n|turn|20\n|\n|t:|1781389940\n|-end|p2a: Walking Wake|Protosynthesis|[silent]\n|switch|p2a: Vaporeon|Vaporeon, L86, M|364/364\n|move|p1a: Dachsbun|Play Rough|p2a: Vaporeon\n|-damage|p2a: Vaporeon|234/364\n|-unboost|p2a: Vaporeon|atk|1\n|\n|-heal|p1a: Dachsbun|254/254|[from] move: Wish|[wisher] Dachsbun\n|-heal|p2a: Vaporeon|256/364|[from] item: Leftovers\n|upkeep\n|turn|21\n|\n|t:|1781389947\n|move|p1a: Dachsbun|Yawn|p2a: Vaporeon\n|-start|p2a: Vaporeon|move: Yawn|[of] p1a: Dachsbun\n|move|p2a: Vaporeon|Scald|p1a: Dachsbun\n|-damage|p1a: Dachsbun|155/254\n|-status|p1a: Dachsbun|brn\n|\n|-heal|p2a: Vaporeon|278/364|[from] item: Leftovers\n|-damage|p1a: Dachsbun|140/254 brn|[from] brn\n|upkeep\n|turn|22\n|\n|t:|1781389952\n|switch|p2a: Bombirdier|Bombirdier, L85, F|258/258\n|move|p1a: Dachsbun|Wish|p1a: Dachsbun\n|\n|-damage|p1a: Dachsbun|125/254 brn|[from] brn\n|upkeep\n|turn|23\n|inactive|lianchi has 120 seconds left.\n|\n|t:|1781389964\n|move|p1a: Dachsbun|Protect|p1a: Dachsbun\n|-singleturn|p1a: Dachsbun|Protect\n|move|p2a: Bombirdier|Stone Edge|p1a: Dachsbun\n|-activate|p1a: Dachsbun|move: Protect\n|\n|-heal|p1a: Dachsbun|252/254 brn|[from] move: Wish|[wisher] Dachsbun\n|-damage|p1a: Dachsbun|237/254 brn|[from] brn\n|upkeep\n|turn|24\n|\n|t:|1781389968\n|move|p1a: Dachsbun|Wish|p1a: Dachsbun\n|move|p2a: Bombirdier|Stone Edge|p1a: Dachsbun|[miss]\n|-miss|p2a: Bombirdier|p1a: Dachsbun\n|\n|-damage|p1a: Dachsbun|222/254 brn|[from] brn\n|upkeep\n|turn|25\n|\n|t:|1781389978\n|switch|p2a: Piloswine|Piloswine, L85, F|309/309\n|move|p1a: Dachsbun|Yawn|p2a: Piloswine\n|-start|p2a: Piloswine|move: Yawn|[of] p1a: Dachsbun\n|\n|-heal|p1a: Dachsbun|254/254 brn|[from] move: Wish|[wisher] Dachsbun\n|-damage|p1a: Dachsbun|239/254 brn|[from] brn\n|upkeep\n|turn|26\n|\n|t:|1781389986\n|switch|p2a: Bombirdier|Bombirdier, L85, F|258/258\n|move|p1a: Dachsbun|Wish|p1a: Dachsbun\n|\n|-damage|p1a: Dachsbun|224/254 brn|[from] brn\n|upkeep\n|turn|27\n|\n|t:|1781389993\n|switch|p1a: Electivire|Electivire, L84, M|61/263\n|-damage|p1a: Electivire|29/263|[from] Stealth Rock\n|move|p2a: Bombirdier|Brave Bird|p1a: Electivire\n|-resisted|p1a: Electivire\n|-damage|p1a: Electivire|0 fnt\n|faint|p1a: Electivire\n|-damage|p2a: Bombirdier|248/258|[from] Recoil\n|\n|upkeep\n|\n|t:|1781389999\n|switch|p1a: Lumineon|Lumineon, L93, F, shiny|279/279\n|turn|28\n|\n|t:|1781390008\n|switch|p2a: Vaporeon|Vaporeon, L86, M|278/364\n|move|p1a: Lumineon|Ice Beam|p2a: Vaporeon\n|-resisted|p2a: Vaporeon\n|-damage|p2a: Vaporeon|250/364\n|\n|-heal|p2a: Vaporeon|272/364|[from] item: Leftovers\n|upkeep\n|turn|29\n|\n|t:|1781390034\n|move|p1a: Lumineon|Ice Beam|p2a: Vaporeon\n|-resisted|p2a: Vaporeon\n|-damage|p2a: Vaporeon|242/364\n|move|p2a: Vaporeon|Scald|p1a: Lumineon\n|-ability|p1a: Lumineon|Storm Drain|boost\n|-boost|p1a: Lumineon|spa|1\n|\n|-heal|p2a: Vaporeon|264/364|[from] item: Leftovers\n|upkeep\n|turn|30\n|\n|t:|1781390043\n|move|p1a: Lumineon|Ice Beam|p2a: Vaporeon\n|-resisted|p2a: Vaporeon\n|-damage|p2a: Vaporeon|219/364\n|move|p2a: Vaporeon|Wish|p2a: Vaporeon\n|\n|-heal|p2a: Vaporeon|241/364|[from] item: Leftovers\n|upkeep\n|turn|31\n|\n|t:|1781390054\n|move|p2a: Vaporeon|Protect|p2a: Vaporeon\n|-singleturn|p2a: Vaporeon|Protect\n|move|p1a: Lumineon|Encore|p2a: Vaporeon\n|-activate|p2a: Vaporeon|move: Protect\n|\n|-heal|p2a: Vaporeon|364/364|[from] move: Wish|[wisher] Vaporeon\n|upkeep\n|turn|32\n|\n|t:|1781390058\n|move|p1a: Lumineon|Encore|p2a: Vaporeon\n|-start|p2a: Vaporeon|Encore\n|move|p2a: Vaporeon|Protect||[still]\n|-fail|p2a: Vaporeon\n|\n|upkeep\n|turn|33\n|\n|t:|1781390078\n|switch|p1a: Rampardos|Rampardos, L90, F|281/321\n|-damage|p1a: Rampardos|241/321|[from] Stealth Rock\n|switch|p2a: Piloswine|Piloswine, L85, F|309/309\n|\n|upkeep\n|turn|34\n|\n|t:|1781390100\n|move|p1a: Rampardos|Fire Punch|p2a: Piloswine\n|-supereffective|p2a: Piloswine\n|-damage|p2a: Piloswine|221/309\n|move|p2a: Piloswine|Earthquake|p1a: Rampardos\n|-supereffective|p1a: Rampardos\n|-damage|p1a: Rampardos|0 fnt\n|faint|p1a: Rampardos\n|\n|upkeep\n|inactive|fesfvsd has 120 seconds left.\n|inactive|fesfvsd has 90 seconds left.\n|\n|t:|1781390168\n|switch|p1a: Breloom|Breloom, L83, F|158/235\n|-damage|p1a: Breloom|144/235|[from] Stealth Rock\n|turn|35\n|inactive|lianchi has 120 seconds left.\n|\n|t:|1781390200\n|move|p1a: Breloom|Spore|p2a: Piloswine\n|-status|p2a: Piloswine|slp|[from] move: Spore\n|cant|p2a: Piloswine|slp\n|\n|upkeep\n|turn|36\n|inactive|fesfvsd has 90 seconds left.\n|inactive|lianchi has 120 seconds left.\n|\n|t:|1781390214\n|move|p1a: Breloom|Bullet Seed|p2a: Piloswine\n|-supereffective|p2a: Piloswine\n|-crit|p2a: Piloswine\n|-damage|p2a: Piloswine|94/309 slp\n|-supereffective|p2a: Piloswine\n|-damage|p2a: Piloswine|0 fnt\n|faint|p2a: Piloswine\n|-hitcount|p2: Piloswine|2\n|-damage|p1a: Breloom|121/235|[from] item: Life Orb\n|\n|upkeep\n|inactive|lianchi has 120 seconds left.\n|\n|t:|1781390223\n|switch|p2a: Bombirdier|Bombirdier, L85, F|248/258\n|turn|37\n|\n|t:|1781390232\n|switch|p1a: Dachsbun|Dachsbun, L92, M|224/254 brn\n|-damage|p1a: Dachsbun|193/254 brn|[from] Stealth Rock\n|move|p2a: Bombirdier|Brave Bird|p1a: Dachsbun\n|-damage|p1a: Dachsbun|91/254 brn\n|-damage|p2a: Bombirdier|214/258|[from] Recoil\n|\n|-damage|p1a: Dachsbun|76/254 brn|[from] brn\n|upkeep\n|turn|38\n|inactive|fesfvsd has 90 seconds left.\n|\n|t:|1781390258\n|move|p1a: Dachsbun|Wish|p1a: Dachsbun\n|move|p2a: Bombirdier|Brave Bird|p1a: Dachsbun\n|-damage|p1a: Dachsbun|0 fnt\n|faint|p1a: Dachsbun\n|-damage|p2a: Bombirdier|189/258|[from] Recoil\n|\n|upkeep\n|\n|t:|1781390264\n|switch|p1a: Yanmega|Yanmega, L82, F|275/275\n|-damage|p1a: Yanmega|138/275|[from] Stealth Rock\n|turn|39\n|\n|t:|1781390270\n|switch|p2a: Vaporeon|Vaporeon, L86, M|364/364\n|move|p1a: Yanmega|Bug Buzz|p2a: Vaporeon\n|-crit|p2a: Vaporeon\n|-damage|p2a: Vaporeon|154/364\n|\n|-heal|p1a: Yanmega|265/275|[from] move: Wish|[wisher] Dachsbun\n|-heal|p2a: Vaporeon|176/364|[from] item: Leftovers\n|upkeep\n|turn|40\n|\n|t:|1781390277\n|move|p2a: Vaporeon|Protect|p2a: Vaporeon\n|-singleturn|p2a: Vaporeon|Protect\n|move|p1a: Yanmega|Bug Buzz|p2a: Vaporeon\n|-activate|p2a: Vaporeon|move: Protect\n|\n|-heal|p2a: Vaporeon|198/364|[from] item: Leftovers\n|upkeep\n|turn|41\n|inactive|fesfvsd has 90 seconds left.\n|inactive|fesfvsd has 60 seconds left.\n|\n|t:|1781390351\n|move|p1a: Yanmega|Bug Buzz|p2a: Vaporeon\n|-crit|p2a: Vaporeon\n|-damage|p2a: Vaporeon|0 fnt\n|faint|p2a: Vaporeon\n|\n|upkeep\n|\n|t:|1781390360\n|switch|p2a: Bombirdier|Bombirdier, L85, F|189/258\n|turn|42\n|\n|t:|1781390364\n|move|p1a: Yanmega|Bug Buzz|p2a: Bombirdier\n|-damage|p2a: Bombirdier|23/258\n|move|p2a: Bombirdier|Brave Bird|p1a: Yanmega\n|-supereffective|p1a: Yanmega\n|-damage|p1a: Yanmega|0 fnt\n|faint|p1a: Yanmega\n|-damage|p2a: Bombirdier|0 fnt|[from] Recoil\n|faint|p2a: Bombirdier\n|\n|upkeep\n|inactive|fesfvsd has 30 seconds left.\n|\n|t:|1781390400\n|switch|p1a: Lumineon|Lumineon, L93, F, shiny|279/279\n|switch|p2a: Walking Wake|Walking Wake, L79|222/286\n|turn|43\n|\n|t:|1781390410\n|move|p1a: Lumineon|Ice Beam|p2a: Walking Wake\n|-damage|p2a: Walking Wake|153/286\n|move|p2a: Walking Wake|Sunny Day|p2a: Walking Wake\n|-weather|SunnyDay\n|-activate|p2a: Walking Wake|ability: Protosynthesis\n|-start|p2a: Walking Wake|protosynthesisspa\n|\n|-weather|SunnyDay|[upkeep]\n|upkeep\n|turn|44\n|\n|t:|1781390425\n|move|p1a: Lumineon|Encore|p2a: Walking Wake\n|-start|p2a: Walking Wake|Encore\n|move|p2a: Walking Wake|Sunny Day||[still]\n|-fail|p2a: Walking Wake\n|\n|-weather|SunnyDay|[upkeep]\n|upkeep\n|turn|45\n|\n|t:|1781390447\n|move|p1a: Lumineon|Ice Beam|p2a: Walking Wake\n|-damage|p2a: Walking Wake|91/286\n|move|p2a: Walking Wake|Sunny Day||[still]\n|-fail|p2a: Walking Wake\n|\n|-weather|SunnyDay|[upkeep]\n|upkeep\n|turn|46\n|\n|t:|1781390452\n|move|p1a: Lumineon|Ice Beam|p2a: Walking Wake\n|-damage|p2a: Walking Wake|22/286\n|move|p2a: Walking Wake|Sunny Day||[still]\n|-fail|p2a: Walking Wake\n|\n|-weather|SunnyDay|[upkeep]\n|-end|p2a: Walking Wake|Encore\n|upkeep\n|turn|47\n|\n|t:|1781390475\n|move|p1a: Lumineon|Ice Beam|p2a: Walking Wake\n|-damage|p2a: Walking Wake|0 fnt\n|faint|p2a: Walking Wake\n|-end|p2a: Walking Wake|Protosynthesis|[silent]\n|\n|win|fesfvsd\n|raw|fesfvsd's rating: 1022 &rarr; <strong>1056</strong><br />(+34 for winning)\n|raw|lianchi's rating: 1000 &rarr; <strong>1000</strong><br />(+0 for losing)\n|l|\u2606lianchi\n|player|p2|\n", "inputlog": ">version a8376a258c1d4662feba110a92103f3664a72141\n>start {\"formatid\":\"gen9randombattle\",\"seed\":\"sodium,ba11cd627907063c8bfdc131c8c1a232\",\"rated\":\"Rated battle\"}\n>player p1 {\"name\":\"fesfvsd\",\"avatar\":\"265\",\"rating\":1022,\"seed\":\"sodium,c540d19e5095a82add7dc4b415447bed\"}\n>player p2 {\"name\":\"lianchi\",\"avatar\":\"170\",\"rating\":1000,\"seed\":\"sodium,2b3c0bf68747d438cb5c652aebfaef25\"}\n>p1 move uturn\n>p2 move wish\n>p1 switch 5\n>p1 move earthquake\n>p2 switch 4\n>p1 switch 5\n>p2 move bulkup\n>p1 move hydropump\n>p2 move closecombat\n>p2 switch 3\n>p1 move icebeam\n>p2 move sunnyday\n>p1 move encore\n>p2 move dracometeor\n>p1 move icebeam\n>p2 switch 4\n>p1 move uturn\n>p2 move scald\n>p1 switch 5\n>p1 move supercellslam\n>p2 switch 6\n>p1 switch 5\n>p2 move stealthrock\n>p1 move hydropump\n>p2 switch 6\n>p1 move uturn\n>p2 move scald\n>p1 switch 2\n>p1 move spore\n>p2 switch 5\n>p1 switch 6\n>p2 move trick\n>p1 move earthquake\n>p2 move makeitrain\n>p2 switch 2\n>p1 switch 4\n>p2 move knockoff\n>p1 move wish\n>p2 switch 5\n>p1 move yawn\n>p2 move scald\n>p1 move wish\n>p2 switch 4\n>p1 move playrough\n>p2 switch 4\n>p1 move yawn\n>p2 move scald\n>p1 move wish\n>p2 switch 5\n>p1 move protect\n>p2 move stoneedge\n>p1 move wish\n>p2 move stoneedge\n>p1 move yawn\n>p2 switch 6\n>p1 move wish\n>p2 switch 6\n>p1 switch 5\n>p2 move bravebird\n>p1 switch 2\n>p1 move icebeam\n>p2 switch 5\n>p1 move icebeam\n>p2 move scald\n>p1 move icebeam\n>p2 move wish\n>p1 move encore\n>p2 move protect\n>p1 move encore\n>p2 move wish\n>p1 switch 4\n>p2 switch 6\n>p1 move firepunch\n>p2 move earthquake\n>p1 switch 6\n>p1 move spore\n>p2 move iciclecrash\n>p1 move bulletseed\n>p2 move iciclecrash\n>p2 switch 5\n>p1 switch 5\n>p2 move bravebird\n>p1 move wish\n>p2 move bravebird\n>p1 switch 3\n>p1 move bugbuzz\n>p2 switch 6\n>p1 move bugbuzz\n>p2 move protect\n>p1 move bugbuzz\n>p2 move wish\n>p2 switch 6\n>p1 move bugbuzz\n>p2 move bravebird\n>p1 switch 4\n>p2 switch 4\n>p1 move icebeam\n>p2 move sunnyday\n>p1 move encore\n>p2 move dracometeor\n>p1 move icebeam\n>p2 move sunnyday\n>p1 move icebeam\n>p2 move sunnyday\n>p1 move icebeam\n>p2 move dracometeor", "uploadtime": 1781390478, "views": 5, "formatid": "gen9randombattle", "rating": 1000, "private": 0, "password": null}