{"id": "gen9randombattle-2631815398", "format": "[Gen 9] Random Battle", "players": ["EmeraldKell", "brianfut"], "log": "|j|\u2606EmeraldKell\n|j|\u2606brianfut\n|t:|1781443654\n|gametype|singles\n|player|p1|EmeraldKell|alder|1928\n|player|p2|brianfut|lucas|1886\n|gen|9\n|tier|[Gen 9] Random Battle\n|rated|\n|rule|Species Clause: Limit one of each Pok\u00e9mon\n|rule|HP Percentage Mod: HP is shown in percentages\n|rule|Sleep Clause Mod: Limit one foe put to sleep\n|rule|Illusion Level Mod: Illusion disguises the Pok\u00e9mon's true level\n|\n|t:|1781443654\n|teamsize|p1|6\n|teamsize|p2|6\n|start\n|switch|p1a: Pelipper|Pelipper, L86, F|243/243\n|switch|p2a: Glaceon|Glaceon, L94, F|275/275\n|-weather|RainDance|[from] ability: Drizzle|[of] p1a: Pelipper\n|turn|1\n|c|\u2606brianfut|no hax eh\n|c|\u2606EmeraldKell|gl hf!\n|c|\u2606brianfut|eh hf\n|c|\u2606brianfut|but no hax eh\n|c|\u2606EmeraldKell|I make no promises lol\n|c|\u2606brianfut|eh ok\n|c|\u2606brianfut|will see\n|inactive|Battle timer is ON: inactive players will automatically lose when time's up. (requested by brianfut)\n|\n|t:|1781443704\n|switch|p1a: Uxie|Uxie, L83|260/260\n|move|p2a: Glaceon|Freeze-Dry|p1a: Uxie\n|-damage|p1a: Uxie|169/260\n|\n|-weather|RainDance|[upkeep]\n|-heal|p1a: Uxie|185/260|[from] item: Leftovers\n|upkeep\n|turn|2\n|\n|t:|1781443715\n|move|p1a: Uxie|Stealth Rock|p2a: Glaceon\n|-sidestart|p2: brianfut|move: Stealth Rock\n|move|p2a: Glaceon|Freeze-Dry|p1a: Uxie\n|-damage|p1a: Uxie|100/260\n|\n|-weather|RainDance|[upkeep]\n|-heal|p1a: Uxie|116/260|[from] item: Leftovers\n|upkeep\n|turn|3\n|\n|t:|1781443726\n|move|p1a: Uxie|U-turn|p2a: Glaceon\n|-damage|p2a: Glaceon|245/275\n|\n|t:|1781443729\n|switch|p1a: Regirock|Regirock, L83|268/268|[from] U-turn\n|move|p2a: Glaceon|Freeze-Dry|p1a: Regirock\n|-damage|p1a: Regirock|168/268\n|\n|-weather|RainDance|[upkeep]\n|upkeep\n|turn|4\n|\n|t:|1781443738\n|switch|p2a: Donphan|Donphan, L84, M|288/288\n|-damage|p2a: Donphan|270/288|[from] Stealth Rock\n|move|p1a: Regirock|Stone Edge|p2a: Donphan|[miss]\n|-miss|p1a: Regirock|p2a: Donphan\n|\n|-weather|RainDance|[upkeep]\n|-heal|p2a: Donphan|288/288|[from] item: Leftovers\n|upkeep\n|turn|5\n|\n|t:|1781443757\n|switch|p1a: Manaphy|Manaphy, L78|284/284\n|move|p2a: Donphan|Stealth Rock|p1a: Manaphy\n|-sidestart|p1: EmeraldKell|move: Stealth Rock\n|\n|-weather|none\n|upkeep\n|turn|6\n|\n|t:|1781443770\n|switch|p2a: Toxicroak|Toxicroak, L84, M|277/277\n|-damage|p2a: Toxicroak|260/277|[from] Stealth Rock\n|move|p1a: Manaphy|Surf|p2a: Toxicroak\n|-heal|p2a: Toxicroak|277/277|[from] ability: Dry Skin|[of] p1a: Manaphy\n|\n|upkeep\n|turn|7\n|\n|t:|1781443785\n|switch|p1a: Uxie|Uxie, L83|116/260\n|-damage|p1a: Uxie|84/260|[from] Stealth Rock\n|move|p2a: Toxicroak|Knock Off|p1a: Uxie\n|-supereffective|p1a: Uxie\n|-damage|p1a: Uxie|0 fnt\n|-enditem|p1a: Uxie|Leftovers|[from] move: Knock Off|[of] p2a: Toxicroak\n|faint|p1a: Uxie\n|-damage|p2a: Toxicroak|250/277|[from] item: Life Orb\n|\n|upkeep\n|\n|t:|1781443797\n|switch|p1a: Yanmega|Yanmega, L82, M|275/275\n|-damage|p1a: Yanmega|138/275|[from] Stealth Rock\n|turn|8\n|\n|t:|1781443814\n|switch|p2a: Excadrill|Excadrill, L79, M|303/303\n|-damage|p2a: Excadrill|294/303|[from] Stealth Rock\n|-ability|p2a: Excadrill|Mold Breaker\n|move|p1a: Yanmega|Air Slash|p2a: Excadrill\n|-resisted|p2a: Excadrill\n|-damage|p2a: Excadrill|128/303\n|\n|-heal|p2a: Excadrill|146/303|[from] item: Leftovers\n|upkeep\n|turn|9\n|\n|t:|1781443823\n|switch|p2a: Glaceon|Glaceon, L94, F|245/275\n|move|p1a: Yanmega|Air Slash|p2a: Glaceon\n|-damage|p2a: Glaceon|133/275\n|\n|upkeep\n|turn|10\n|\n|t:|1781443834\n|move|p1a: Yanmega|Air Slash|p2a: Glaceon\n|-damage|p2a: Glaceon|31/275\n|move|p2a: Glaceon|Wish|p2a: Glaceon\n|\n|upkeep\n|turn|11\n|\n|t:|1781443838\n|move|p1a: Yanmega|Air Slash|p2a: Glaceon\n|-damage|p2a: Glaceon|0 fnt\n|faint|p2a: Glaceon\n|\n|upkeep\n|\n|t:|1781443841\n|switch|p2a: Emboar|Emboar, L84, F|322/322\n|-damage|p2a: Emboar|282/322|[from] Stealth Rock\n|turn|12\n|\n|t:|1781443851\n|move|p2a: Emboar|Head Smash|p1a: Yanmega\n|-supereffective|p1a: Yanmega\n|-damage|p1a: Yanmega|0 fnt\n|faint|p1a: Yanmega\n|-damage|p2a: Emboar|213/322|[from] Recoil\n|\n|upkeep\n|\n|t:|1781443858\n|switch|p1a: Regirock|Regirock, L83|168/268\n|-damage|p1a: Regirock|135/268|[from] Stealth Rock\n|turn|13\n|\n|t:|1781443866\n|move|p2a: Emboar|Head Smash|p1a: Regirock\n|-damage|p1a: Regirock|49/268\n|-damage|p2a: Emboar|170/322|[from] Recoil\n|move|p1a: Regirock|Iron Defense|p1a: Regirock\n|-boost|p1a: Regirock|def|2\n|\n|upkeep\n|turn|14\n|\n|t:|1781443873\n|switch|p2a: Mismagius|Mismagius, L86, F|243/243\n|-damage|p2a: Mismagius|213/243|[from] Stealth Rock\n|move|p1a: Regirock|Rest|p1a: Regirock\n|-status|p1a: Regirock|slp|[from] move: Rest\n|-heal|p1a: Regirock|268/268 slp|[silent]\n|-enditem|p1a: Regirock|Chesto Berry|[eat]\n|-curestatus|p1a: Regirock|slp|[msg]\n|\n|upkeep\n|turn|15\n|\n|t:|1781443887\n|move|p2a: Mismagius|Shadow Ball|p1a: Regirock\n|-damage|p1a: Regirock|130/268\n|move|p1a: Regirock|Stone Edge|p2a: Mismagius|[miss]\n|-miss|p1a: Regirock|p2a: Mismagius\n|\n|upkeep\n|turn|16\n|c|\u2606brianfut|ehi\n|\n|t:|1781443901\n|move|p2a: Mismagius|Shadow Ball|p1a: Regirock\n|-damage|p1a: Regirock|7/268\n|move|p1a: Regirock|Stone Edge|p2a: Mismagius\n|-damage|p2a: Mismagius|65/243\n|\n|upkeep\n|turn|17\n|\n|t:|1781443908\n|move|p2a: Mismagius|Shadow Ball|p1a: Regirock\n|-damage|p1a: Regirock|0 fnt\n|faint|p1a: Regirock\n|\n|upkeep\n|\n|t:|1781443920\n|switch|p1a: Volbeat|Volbeat, L90, M|263/263\n|turn|18\n|\n|t:|1781443924\n|move|p2a: Mismagius|Shadow Ball|p1a: Volbeat\n|-damage|p1a: Volbeat|115/263\n|move|p1a: Volbeat|U-turn|p2a: Mismagius\n|-resisted|p2a: Mismagius\n|-damage|p2a: Mismagius|19/243\n|\n|t:|1781443933\n|switch|p1a: Pelipper|Pelipper, L86, F|243/243|[from] U-turn\n|-weather|RainDance|[from] ability: Drizzle|[of] p1a: Pelipper\n|\n|-weather|RainDance|[upkeep]\n|upkeep\n|turn|19\n|\n|t:|1781443940\n|move|p2a: Mismagius|Shadow Ball|p1a: Pelipper\n|-damage|p1a: Pelipper|90/243\n|move|p1a: Pelipper|Knock Off|p2a: Mismagius\n|-supereffective|p2a: Mismagius\n|-damage|p2a: Mismagius|0 fnt\n|-enditem|p2a: Mismagius|Choice Specs|[from] move: Knock Off|[of] p1a: Pelipper\n|faint|p2a: Mismagius\n|\n|-weather|RainDance|[upkeep]\n|upkeep\n|\n|t:|1781443946\n|switch|p2a: Excadrill|Excadrill, L79, M|146/303\n|-damage|p2a: Excadrill|137/303|[from] Stealth Rock\n|-ability|p2a: Excadrill|Mold Breaker\n|turn|20\n|\n|t:|1781443955\n|switch|p1a: Volbeat|Volbeat, L90, M|115/263\n|move|p2a: Excadrill|Rapid Spin|p1a: Volbeat\n|-damage|p1a: Volbeat|71/263\n|-boost|p2a: Excadrill|spe|1\n|-sideend|p2: brianfut|Stealth Rock|[from] move: Rapid Spin|[of] p2a: Excadrill\n|\n|-weather|RainDance|[upkeep]\n|-heal|p2a: Excadrill|155/303|[from] item: Leftovers\n|upkeep\n|turn|21\n|\n|t:|1781443965\n|move|p1a: Volbeat|Encore|p2a: Excadrill\n|-start|p2a: Excadrill|Encore\n|move|p2a: Excadrill|Rapid Spin|p1a: Volbeat\n|-damage|p1a: Volbeat|27/263\n|-boost|p2a: Excadrill|spe|1\n|\n|-weather|RainDance|[upkeep]\n|-heal|p2a: Excadrill|173/303|[from] item: Leftovers\n|upkeep\n|turn|22\n|\n|t:|1781443975\n|switch|p2a: Emboar|Emboar, L84, F|170/322\n|move|p1a: Volbeat|U-turn|p2a: Emboar\n|-resisted|p2a: Emboar\n|-damage|p2a: Emboar|150/322\n|\n|t:|1781443981\n|switch|p1a: Manaphy|Manaphy, L78|284/284|[from] U-turn\n|-damage|p1a: Manaphy|249/284|[from] Stealth Rock\n|\n|-weather|none\n|-heal|p1a: Manaphy|266/284|[from] item: Leftovers\n|upkeep\n|turn|23\n|\n|t:|1781443992\n|-terastallize|p1a: Manaphy|Grass\n|move|p2a: Emboar|Wild Charge|p1a: Manaphy\n|-resisted|p1a: Manaphy\n|-damage|p1a: Manaphy|225/284\n|-damage|p2a: Emboar|140/322|[from] Recoil\n|move|p1a: Manaphy|Surf|p2a: Emboar\n|-supereffective|p2a: Emboar\n|-damage|p2a: Emboar|0 fnt\n|faint|p2a: Emboar\n|\n|-heal|p1a: Manaphy|242/284|[from] item: Leftovers\n|upkeep\n|\n|t:|1781444002\n|switch|p2a: Toxicroak|Toxicroak, L84, M|250/277\n|turn|24\n|\n|t:|1781444007\n|switch|p1a: Volbeat|Volbeat, L90, M|27/263\n|move|p2a: Toxicroak|Knock Off|p1a: Volbeat\n|-damage|p1a: Volbeat|0 fnt\n|-enditem|p1a: Volbeat|Heavy-Duty Boots|[from] move: Knock Off|[of] p2a: Toxicroak\n|faint|p1a: Volbeat\n|-damage|p2a: Toxicroak|223/277|[from] item: Life Orb\n|\n|upkeep\n|\n|t:|1781444017\n|switch|p1a: Pelipper|Pelipper, L86, F|90/243\n|-weather|RainDance|[from] ability: Drizzle|[of] p1a: Pelipper\n|turn|25\n|inactive|brianfut has 120 seconds left.\n|\n|t:|1781444047\n|-terastallize|p2a: Toxicroak|Dark\n|move|p2a: Toxicroak|Knock Off|p1a: Pelipper\n|-damage|p1a: Pelipper|0 fnt\n|-enditem|p1a: Pelipper|Heavy-Duty Boots|[from] move: Knock Off|[of] p2a: Toxicroak\n|faint|p1a: Pelipper\n|-damage|p2a: Toxicroak|196/277|[from] item: Life Orb\n|\n|-weather|RainDance|[upkeep]\n|-heal|p2a: Toxicroak|230/277|[from] ability: Dry Skin\n|upkeep\n|\n|t:|1781444062\n|switch|p1a: Manaphy|Manaphy, L78, tera:Grass|242/284\n|-damage|p1a: Manaphy|207/284|[from] Stealth Rock\n|turn|26\n|\n|t:|1781444068\n|move|p1a: Manaphy|Energy Ball|p2a: Toxicroak\n|-damage|p2a: Toxicroak|122/277\n|move|p2a: Toxicroak|Knock Off|p1a: Manaphy\n|-damage|p1a: Manaphy|67/284\n|-enditem|p1a: Manaphy|Leftovers|[from] move: Knock Off|[of] p2a: Toxicroak\n|-damage|p2a: Toxicroak|95/277|[from] item: Life Orb\n|\n|-weather|RainDance|[upkeep]\n|-heal|p2a: Toxicroak|129/277|[from] ability: Dry Skin\n|upkeep\n|turn|27\n|\n|t:|1781444079\n|move|p1a: Manaphy|Energy Ball|p2a: Toxicroak\n|-damage|p2a: Toxicroak|23/277\n|move|p2a: Toxicroak|Close Combat|p1a: Manaphy\n|-damage|p1a: Manaphy|0 fnt\n|-unboost|p2a: Toxicroak|def|1\n|-unboost|p2a: Toxicroak|spd|1\n|faint|p1a: Manaphy\n|-damage|p2a: Toxicroak|0 fnt|[from] item: Life Orb\n|faint|p2a: Toxicroak\n|\n|win|brianfut\n|raw|EmeraldKell's rating: 1928 &rarr; <strong>1906</strong><br />(-22 for losing)\n|raw|brianfut's rating: 1886 &rarr; <strong>1908</strong><br />(+22 for winning)\n", "inputlog": ">version a8376a258c1d4662feba110a92103f3664a72141\n>start {\"formatid\":\"gen9randombattle\",\"seed\":\"sodium,64ed9901676be2604b7154da0b9743a2\",\"rated\":\"Rated battle\"}\n>player p1 {\"name\":\"EmeraldKell\",\"avatar\":\"alder\",\"rating\":1928,\"seed\":\"sodium,4c156500744e4a4b4523eaef22241a30\"}\n>player p2 {\"name\":\"brianfut\",\"avatar\":\"lucas\",\"rating\":1886,\"seed\":\"sodium,4fe2a97a18feb80c2a71a867bd3338d2\"}\n>chat \u2606brianfut|no hax eh\n>chat \u2606EmeraldKell|gl hf!\n>chat \u2606brianfut|eh hf\n>chat \u2606brianfut|but no hax eh\n>chat \u2606EmeraldKell|I make no promises lol\n>chat \u2606brianfut|eh ok\n>chat \u2606brianfut|will see\n>p1 switch 2\n>p2 move freezedry\n>p1 move stealthrock\n>p2 move freezedry\n>p1 move uturn\n>p2 move freezedry\n>p1 switch 5\n>p1 move stoneedge\n>p2 switch 6\n>p1 switch 6\n>p2 move stealthrock\n>p1 move surf\n>p2 switch 4\n>p1 switch 5\n>p2 move knockoff\n>p1 switch 4\n>p1 move airslash\n>p2 switch 2\n>p1 move airslash\n>p2 switch 6\n>p1 move airslash\n>p2 move wish\n>p1 move airslash\n>p2 move freezedry\n>p2 switch 5\n>p1 move airslash\n>p2 move headsmash\n>p1 switch 6\n>p1 move irondefense\n>p2 move headsmash\n>p1 move rest\n>p2 switch 3\n>p1 move stoneedge\n>p2 move shadowball\n>chat \u2606brianfut|ehi\n>p1 move stoneedge\n>p2 move shadowball\n>p1 move stoneedge\n>p2 move shadowball\n>p1 switch 3\n>p1 move uturn\n>p2 move shadowball\n>p1 switch 2\n>p1 move knockoff\n>p2 move shadowball\n>p2 switch 6\n>p1 switch 2\n>p2 move rapidspin\n>p1 move encore\n>p2 move ironhead\n>p1 move uturn\n>p2 switch 3\n>p1 switch 5\n>p1 move surf terastallize\n>p2 move wildcharge\n>p2 switch 2\n>p1 switch 5\n>p2 move knockoff\n>p1 switch 2\n>p1 move roost\n>p2 move knockoff terastallize\n>p1 switch 5\n>p1 move energyball\n>p2 move knockoff\n>p1 move energyball\n>p2 move closecombat", "uploadtime": 1781444079, "views": 4, "formatid": "gen9randombattle", "rating": 1906, "private": 0, "password": null}