{"id": "gen9randombattle-2631879432", "format": "[Gen 9] Random Battle", "players": ["bimiuchiratnhieu", "haibaraa"], "log": "|j|\u2606bimiuchiratnhieu\n|j|\u2606haibaraa\n|t:|1781451304\n|gametype|singles\n|player|p1|bimiuchiratnhieu|hilda|1978\n|player|p2|haibaraa|unknownf|1984\n|gen|9\n|tier|[Gen 9] Random Battle\n|rated|\n|rule|Species Clause: Limit one of each Pok\u00e9mon\n|rule|HP Percentage Mod: HP is shown in percentages\n|rule|Sleep Clause Mod: Limit one foe put to sleep\n|rule|Illusion Level Mod: Illusion disguises the Pok\u00e9mon's true level\n|\n|t:|1781451304\n|teamsize|p1|6\n|teamsize|p2|6\n|start\n|switch|p1a: Terrakion|Terrakion, L79|273/273\n|switch|p2a: Milotic|Milotic, L83, M|293/293\n|turn|1\n|inactive|Battle timer is ON: inactive players will automatically lose when time's up. (requested by bimiuchiratnhieu)\n|\n|t:|1781451312\n|switch|p1a: Eelektross|Eelektross, L87, M|290/290\n|move|p2a: Milotic|Scald|p1a: Eelektross\n|-damage|p1a: Eelektross|233/290\n|\n|upkeep\n|turn|2\n|\n|t:|1781451318\n|switch|p2a: Malamar|Malamar, L82, M|275/275\n|move|p1a: Eelektross|Discharge|p2a: Malamar\n|-damage|p2a: Malamar|161/275\n|\n|-heal|p2a: Malamar|178/275|[from] item: Leftovers\n|upkeep\n|turn|3\n|\n|t:|1781451343\n|move|p2a: Malamar|Superpower|p1a: Eelektross\n|-damage|p1a: Eelektross|147/290\n|-boost|p2a: Malamar|atk|1\n|-boost|p2a: Malamar|def|1\n|move|p1a: Eelektross|U-turn|p2a: Malamar\n|-supereffective|p2a: Malamar\n|-damage|p2a: Malamar|0 fnt\n|faint|p2a: Malamar\n|\n|t:|1781451347\n|switch|p1a: Meganium|Meganium, L90, M|290/290|[from] U-turn\n|\n|upkeep\n|\n|t:|1781451361\n|switch|p2a: Passimian|Passimian, L83, M|302/302\n|turn|4\n|\n|t:|1781451365\n|move|p1a: Meganium|Knock Off|p2a: Passimian\n|-resisted|p2a: Passimian\n|-damage|p2a: Passimian|268/302\n|-enditem|p2a: Passimian|Leftovers|[from] move: Knock Off|[of] p1a: Meganium\n|move|p2a: Passimian|Knock Off|p1a: Meganium\n|-damage|p1a: Meganium|218/290\n|-enditem|p1a: Meganium|Leftovers|[from] move: Knock Off|[of] p2a: Passimian\n|\n|upkeep\n|turn|5\n|\n|t:|1781451370\n|move|p1a: Meganium|Encore|p2a: Passimian\n|-start|p2a: Passimian|Encore\n|move|p2a: Passimian|Knock Off|p1a: Meganium\n|-damage|p1a: Meganium|175/290\n|\n|upkeep\n|turn|6\n|\n|t:|1781451375\n|move|p1a: Meganium|Synthesis|p1a: Meganium\n|-heal|p1a: Meganium|290/290\n|move|p2a: Passimian|Knock Off|p1a: Meganium\n|-damage|p1a: Meganium|246/290\n|\n|upkeep\n|turn|7\n|\n|t:|1781451386\n|switch|p2a: Mamoswine|Mamoswine, L81, M|311/311\n|move|p1a: Meganium|Energy Ball|p2a: Mamoswine\n|-supereffective|p2a: Mamoswine\n|-damage|p2a: Mamoswine|21/311\n|\n|upkeep\n|turn|8\n|\n|t:|1781451390\n|move|p2a: Mamoswine|Ice Shard|p1a: Meganium\n|-supereffective|p1a: Meganium\n|-damage|p1a: Meganium|121/290\n|-damage|p2a: Mamoswine|0 fnt|[from] item: Life Orb\n|faint|p2a: Mamoswine\n|move|p1a: Meganium|Energy Ball|p2: Mamoswine|[notarget]\n|-fail|p1a: Meganium\n|\n|upkeep\n|\n|t:|1781451396\n|switch|p2a: Passimian|Passimian, L83, M|268/302\n|turn|9\n|\n|t:|1781451403\n|move|p1a: Meganium|Synthesis|p1a: Meganium\n|-heal|p1a: Meganium|266/290\n|move|p2a: Passimian|Gunk Shot|p1a: Meganium\n|-supereffective|p1a: Meganium\n|-damage|p1a: Meganium|112/290\n|\n|upkeep\n|turn|10\n|\n|t:|1781451406\n|move|p1a: Meganium|Synthesis|p1a: Meganium\n|-heal|p1a: Meganium|257/290\n|move|p2a: Passimian|Gunk Shot|p1a: Meganium\n|-supereffective|p1a: Meganium\n|-damage|p1a: Meganium|85/290\n|\n|upkeep\n|turn|11\n|\n|t:|1781451409\n|move|p1a: Meganium|Synthesis|p1a: Meganium\n|-heal|p1a: Meganium|230/290\n|move|p2a: Passimian|Gunk Shot|p1a: Meganium\n|-supereffective|p1a: Meganium\n|-damage|p1a: Meganium|62/290\n|\n|upkeep\n|turn|12\n|\n|t:|1781451411\n|move|p1a: Meganium|Synthesis|p1a: Meganium\n|-heal|p1a: Meganium|207/290\n|move|p2a: Passimian|Gunk Shot|p1a: Meganium\n|-supereffective|p1a: Meganium\n|-damage|p1a: Meganium|43/290\n|-status|p1a: Meganium|psn\n|\n|-damage|p1a: Meganium|7/290 psn|[from] psn\n|upkeep\n|turn|13\n|\n|t:|1781451416\n|move|p1a: Meganium|Energy Ball|p2a: Passimian\n|-damage|p2a: Passimian|55/302\n|-unboost|p2a: Passimian|spd|1\n|-ability|p2a: Passimian|Defiant|boost\n|-boost|p2a: Passimian|atk|2\n|move|p2a: Passimian|Drain Punch|p1a: Meganium\n|-damage|p1a: Meganium|0 fnt\n|-heal|p2a: Passimian|59/302|[from] drain|[of] p1a: Meganium\n|faint|p1a: Meganium\n|\n|upkeep\n|\n|t:|1781451422\n|switch|p1a: Terrakion|Terrakion, L79|273/273\n|turn|14\n|\n|t:|1781451426\n|move|p1a: Terrakion|Close Combat|p2a: Passimian\n|-damage|p2a: Passimian|0 fnt\n|-unboost|p1a: Terrakion|def|1\n|-unboost|p1a: Terrakion|spd|1\n|faint|p2a: Passimian\n|\n|upkeep\n|\n|t:|1781451430\n|switch|p2a: Sinistcha|Sinistcha-Masterpiece, L83|254/254\n|turn|15\n|\n|t:|1781451439\n|switch|p1a: Giratina|Giratina-Origin, L72|335/335\n|move|p2a: Sinistcha|Calm Mind|p2a: Sinistcha\n|-boost|p2a: Sinistcha|spa|1\n|-boost|p2a: Sinistcha|spd|1\n|\n|upkeep\n|turn|16\n|\n|t:|1781451445\n|move|p1a: Giratina|Poltergeist|p2a: Sinistcha\n|-activate|p2a: Sinistcha|move: Poltergeist|Leftovers\n|-supereffective|p2a: Sinistcha\n|-damage|p2a: Sinistcha|56/254\n|move|p2a: Sinistcha|Shadow Ball|p1a: Giratina\n|-supereffective|p1a: Giratina\n|-damage|p1a: Giratina|11/335\n|\n|-heal|p2a: Sinistcha|71/254|[from] item: Leftovers\n|upkeep\n|turn|17\n|\n|t:|1781451453\n|move|p1a: Giratina|Shadow Sneak|p2a: Sinistcha\n|-supereffective|p2a: Sinistcha\n|-damage|p2a: Sinistcha|0 fnt\n|faint|p2a: Sinistcha\n|\n|upkeep\n|\n|t:|1781451456\n|switch|p2a: Milotic|Milotic, L83, M|293/293\n|turn|18\n|inactive|bimiuchiratnhieu has 120 seconds left.\n|\n|t:|1781451497\n|switch|p1a: Eelektross|Eelektross, L87, M|147/290\n|move|p2a: Milotic|Scald|p1a: Eelektross\n|-damage|p1a: Eelektross|87/290\n|\n|upkeep\n|turn|19\n|\n|t:|1781451505\n|move|p2a: Milotic|Scald|p1a: Eelektross\n|-damage|p1a: Eelektross|29/290\n|move|p1a: Eelektross|Discharge|p2a: Milotic\n|-supereffective|p2a: Milotic\n|-damage|p2a: Milotic|131/293\n|-status|p2a: Milotic|par\n|\n|-heal|p2a: Milotic|149/293 par|[from] item: Leftovers\n|upkeep\n|turn|20\n|inactive|bimiuchiratnhieu has 120 seconds left.\n|\n|t:|1781451521\n|move|p1a: Eelektross|Discharge|p2a: Milotic\n|-supereffective|p2a: Milotic\n|-damage|p2a: Milotic|0 fnt\n|faint|p2a: Milotic\n|\n|upkeep\n|\n|t:|1781451540\n|switch|p2a: Archaludon|Archaludon, L78, F|268/268\n|turn|21\n|\n|t:|1781451546\n|move|p2a: Archaludon|Body Press|p1a: Eelektross\n|-damage|p1a: Eelektross|0 fnt\n|faint|p1a: Eelektross\n|\n|upkeep\n|\n|t:|1781451553\n|switch|p1a: Golem|Golem-Alola, L93, M|300/300\n|turn|22\n|\n|t:|1781451561\n|-terastallize|p2a: Archaludon|Fighting\n|move|p2a: Archaludon|Body Press|p1a: Golem\n|-supereffective|p1a: Golem\n|-damage|p1a: Golem|168/300\n|move|p1a: Golem|Earthquake|p2a: Archaludon\n|-damage|p2a: Archaludon|155/268\n|-ability|p2a: Archaludon|Stamina|boost\n|-boost|p2a: Archaludon|def|1\n|\n|upkeep\n|turn|23\n|\n|t:|1781451572\n|move|p2a: Archaludon|Body Press|p1a: Golem\n|-supereffective|p1a: Golem\n|-damage|p1a: Golem|0 fnt\n|faint|p1a: Golem\n|\n|upkeep\n|\n|t:|1781451580\n|switch|p1a: Terrakion|Terrakion, L79|273/273\n|turn|24\n|\n|t:|1781451584\n|move|p1a: Terrakion|Close Combat|p2a: Archaludon\n|-damage|p2a: Archaludon|43/268\n|-unboost|p1a: Terrakion|def|1\n|-unboost|p1a: Terrakion|spd|1\n|-ability|p2a: Archaludon|Stamina|boost\n|-boost|p2a: Archaludon|def|1\n|move|p2a: Archaludon|Body Press|p1a: Terrakion\n|-supereffective|p1a: Terrakion\n|-damage|p1a: Terrakion|0 fnt\n|faint|p1a: Terrakion\n|\n|upkeep\n|inactive|bimiuchiratnhieu has 120 seconds left.\n|\n|t:|1781451610\n|switch|p1a: Blastoise|Blastoise, L80, M|258/258\n|turn|25\n|\n|t:|1781451614\n|move|p1a: Blastoise|Shell Smash|p1a: Blastoise\n|-unboost|p1a: Blastoise|def|1\n|-unboost|p1a: Blastoise|spd|1\n|-boost|p1a: Blastoise|atk|2\n|-boost|p1a: Blastoise|spa|2\n|-boost|p1a: Blastoise|spe|2\n|-enditem|p1a: Blastoise|White Herb\n|-clearnegativeboost|p1a: Blastoise|[silent]\n|move|p2a: Archaludon|Dragon Tail|p1a: Blastoise\n|-damage|p1a: Blastoise|200/258\n|drag|p1a: Giratina|Giratina-Origin, L72|11/335\n|\n|upkeep\n|turn|26\n|\n|t:|1781451627\n|move|p2a: Archaludon|Flash Cannon|p1a: Giratina\n|-damage|p1a: Giratina|0 fnt\n|faint|p1a: Giratina\n|\n|upkeep\n|\n|t:|1781451630\n|switch|p1a: Blastoise|Blastoise, L80, M|200/258\n|turn|27\n|\n|t:|1781451635\n|move|p2a: Archaludon|Body Press|p1a: Blastoise\n|-damage|p1a: Blastoise|11/258\n|move|p1a: Blastoise|Hydro Pump|p2a: Archaludon|[miss]\n|-miss|p1a: Blastoise|p2a: Archaludon\n|\n|upkeep\n|turn|28\n|-message|bimiuchiratnhieu forfeited.\n|\n|win|haibaraa\n", "inputlog": ">version a8376a258c1d4662feba110a92103f3664a72141\n>start {\"formatid\":\"gen9randombattle\",\"seed\":\"sodium,14650501a0a24e769523a42cc5e7efac\",\"rated\":\"Rated battle\"}\n>player p1 {\"name\":\"bimiuchiratnhieu\",\"avatar\":\"hilda\",\"rating\":1978,\"seed\":\"sodium,0b659ae8177e11c2f635cf3c537f1ea8\"}\n>player p2 {\"name\":\"haibaraa\",\"avatar\":\"unknownf\",\"rating\":1984,\"seed\":\"sodium,ad76e63eb41b3e1b12f2844ae8806a49\"}\n>p1 switch 3\n>p2 move scald\n>p1 move discharge\n>p2 switch 4\n>p1 move uturn\n>p2 move superpower\n>p1 switch 6\n>p2 switch 3\n>p1 move knockoff\n>p2 move knockoff\n>p1 move encore\n>p2 move bulkup\n>p1 move synthesis\n>p2 move knockoff\n>p1 move energyball\n>p2 switch 5\n>p1 move energyball\n>p2 move iceshard\n>p2 switch 5\n>p1 move synthesis\n>p2 move gunkshot\n>p1 move synthesis\n>p2 move gunkshot\n>p1 move synthesis\n>p2 move gunkshot\n>p1 move synthesis\n>p2 move gunkshot\n>p1 move energyball\n>p2 move drainpunch\n>p1 switch 3\n>p1 move closecombat\n>p2 move drainpunch\n>p2 switch 2\n>p1 switch 5\n>p2 move calmmind\n>p1 move poltergeist\n>p2 move shadowball\n>p1 move shadowsneak\n>p2 move shadowball\n>p2 switch 4\n>p1 switch 6\n>p2 move scald\n>p1 move discharge\n>p2 move scald\n>p1 move discharge\n>p2 move scald\n>p2 switch 6\n>p1 move closecombat\n>p2 move bodypress\n>p1 switch 2\n>p1 move earthquake\n>p2 move bodypress terastallize\n>p1 move earthquake\n>p2 move bodypress\n>p1 switch 5\n>p1 move closecombat\n>p2 move bodypress\n>p1 switch 4\n>p1 move shellsmash\n>p2 move dragontail\n>p1 move dracometeor\n>p2 move flashcannon\n>p1 switch 6\n>p1 move hydropump\n>p2 move bodypress\n>forcelose p1", "uploadtime": 1781451306, "views": 5, "formatid": "gen9randombattle", "rating": null, "private": 0, "password": null}