{"id": "gen9randombattle-2631825473", "format": "[Gen 9] Random Battle", "players": ["Ggstarmie", "DiamondIyes"], "log": "|j|\u2606Ggstarmie\n|j|\u2606DiamondIyes\n|t:|1781444970\n|gametype|singles\n|player|p1|Ggstarmie|1|2027\n|player|p2|DiamondIyes|az|1957\n|gen|9\n|tier|[Gen 9] Random Battle\n|rated|\n|rule|Species Clause: Limit one of each Pok\u00e9mon\n|rule|HP Percentage Mod: HP is shown in percentages\n|rule|Sleep Clause Mod: Limit one foe put to sleep\n|rule|Illusion Level Mod: Illusion disguises the Pok\u00e9mon's true level\n|\n|t:|1781444970\n|teamsize|p1|6\n|teamsize|p2|6\n|start\n|switch|p1a: Yanmega|Yanmega, L82, M|275/275\n|switch|p2a: Flareon|Flareon, L90, M|263/263\n|turn|1\n|\n|t:|1781444977\n|move|p1a: Yanmega|U-turn|p2a: Flareon\n|-resisted|p2a: Flareon\n|-damage|p2a: Flareon|189/263\n|\n|t:|1781444981\n|switch|p1a: Spiritomb|Spiritomb, L89, M|234/234|[from] U-turn\n|move|p2a: Flareon|Flare Blitz|p1a: Spiritomb\n|-damage|p1a: Spiritomb|78/234\n|-status|p1a: Spiritomb|brn\n|-damage|p2a: Flareon|138/263|[from] Recoil\n|\n|-damage|p1a: Spiritomb|64/234 brn|[from] brn\n|-status|p2a: Flareon|tox|[from] item: Toxic Orb\n|upkeep\n|turn|2\n|\n|t:|1781444993\n|switch|p2a: Falinks|Falinks, L84|246/246\n|move|p1a: Spiritomb|Sucker Punch||[still]\n|-fail|p1a: Spiritomb\n|\n|-damage|p1a: Spiritomb|50/234 brn|[from] brn\n|upkeep\n|turn|3\n|\n|t:|1781445008\n|switch|p1a: Rabsca|Rabsca, L91, F|284/284\n|move|p2a: Falinks|Knock Off|p1a: Rabsca\n|-supereffective|p1a: Rabsca\n|-damage|p1a: Rabsca|105/284\n|-enditem|p1a: Rabsca|Heavy-Duty Boots|[from] move: Knock Off|[of] p2a: Falinks\n|-damage|p2a: Falinks|222/246|[from] item: Life Orb\n|\n|upkeep\n|turn|4\n|\n|t:|1781445016\n|switch|p1a: Spiritomb|Spiritomb, L89, M|50/234 brn\n|move|p2a: Falinks|Knock Off|p1a: Spiritomb\n|-damage|p1a: Spiritomb|0 fnt\n|-enditem|p1a: Spiritomb|Choice Band|[from] move: Knock Off|[of] p2a: Falinks\n|faint|p1a: Spiritomb\n|-damage|p2a: Falinks|198/246|[from] item: Life Orb\n|\n|upkeep\n|\n|t:|1781445019\n|switch|p1a: Lugia|Lugia, L73|275/275\n|turn|5\n|\n|t:|1781445023\n|switch|p2a: Eelektross|Eelektross, L87, M|290/290\n|move|p1a: Lugia|Aeroblast|p2a: Eelektross\n|-resisted|p2a: Eelektross\n|-damage|p2a: Eelektross|250/290\n|\n|-heal|p2a: Eelektross|268/290|[from] item: Leftovers\n|upkeep\n|turn|6\n|\n|t:|1781445042\n|switch|p1a: Lilligant|Lilligant, L86, F|261/261\n|move|p2a: Eelektross|Coil|p2a: Eelektross\n|-boost|p2a: Eelektross|atk|1\n|-boost|p2a: Eelektross|def|1\n|-boost|p2a: Eelektross|accuracy|1\n|\n|-heal|p2a: Eelektross|286/290|[from] item: Leftovers\n|upkeep\n|turn|7\n|\n|t:|1781445052\n|move|p1a: Lilligant|Quiver Dance|p1a: Lilligant\n|-boost|p1a: Lilligant|spa|1\n|-boost|p1a: Lilligant|spd|1\n|-boost|p1a: Lilligant|spe|1\n|move|p2a: Eelektross|Fire Punch|p1a: Lilligant\n|-supereffective|p1a: Lilligant\n|-damage|p1a: Lilligant|43/261\n|\n|-heal|p2a: Eelektross|290/290|[from] item: Leftovers\n|upkeep\n|turn|8\n|\n|t:|1781445056\n|move|p1a: Lilligant|Sleep Powder|p2a: Eelektross\n|-status|p2a: Eelektross|slp|[from] move: Sleep Powder\n|cant|p2a: Eelektross|slp\n|\n|upkeep\n|turn|9\n|\n|t:|1781445059\n|move|p1a: Lilligant|Quiver Dance|p1a: Lilligant\n|-boost|p1a: Lilligant|spa|1\n|-boost|p1a: Lilligant|spd|1\n|-boost|p1a: Lilligant|spe|1\n|-curestatus|p2a: Eelektross|slp|[msg]\n|move|p2a: Eelektross|Fire Punch|p1a: Lilligant\n|-supereffective|p1a: Lilligant\n|-damage|p1a: Lilligant|0 fnt\n|faint|p1a: Lilligant\n|\n|upkeep\n|\n|t:|1781445063\n|switch|p1a: Seviper|Seviper, L93, F|287/287\n|turn|10\n|c|\u2606DiamondIyes|buddy\u2026\n|\n|t:|1781445069\n|-terastallize|p1a: Seviper|Ground\n|move|p1a: Seviper|Swords Dance|p1a: Seviper\n|-boost|p1a: Seviper|atk|2\n|move|p2a: Eelektross|Supercell Slam|p1a: Seviper\n|-immune|p1a: Seviper\n|-damage|p2a: Eelektross|145/290|[from] supercellslam\n|\n|-heal|p2a: Eelektross|163/290|[from] item: Leftovers\n|upkeep\n|turn|11\n|\n|t:|1781445076\n|-terastallize|p2a: Eelektross|Fighting\n|move|p1a: Seviper|Swords Dance|p1a: Seviper\n|-boost|p1a: Seviper|atk|2\n|move|p2a: Eelektross|Drain Punch|p1a: Seviper\n|-damage|p1a: Seviper|107/287\n|-heal|p2a: Eelektross|253/290|[from] drain|[of] p1a: Seviper\n|\n|-heal|p1a: Seviper|124/287|[from] item: Leftovers\n|-heal|p2a: Eelektross|271/290|[from] item: Leftovers\n|upkeep\n|turn|12\n|\n|t:|1781445081\n|move|p1a: Seviper|Trailblaze|p2a: Eelektross\n|-damage|p2a: Eelektross|180/290\n|-boost|p1a: Seviper|spe|1\n|move|p2a: Eelektross|Drain Punch|p1a: Seviper\n|-damage|p1a: Seviper|0 fnt\n|-heal|p2a: Eelektross|242/290|[from] drain|[of] p1a: Seviper\n|faint|p1a: Seviper\n|\n|-heal|p2a: Eelektross|260/290|[from] item: Leftovers\n|upkeep\n|\n|t:|1781445087\n|switch|p1a: Lugia|Lugia, L73|275/275\n|turn|13\n|c|\u2606DiamondIyes|buddy\u2026\n|\n|t:|1781445092\n|move|p1a: Lugia|Aeroblast|p2a: Eelektross\n|-supereffective|p2a: Eelektross\n|-damage|p2a: Eelektross|98/290\n|move|p2a: Eelektross|Fire Punch|p1a: Lugia\n|-damage|p1a: Lugia|236/275\n|\n|-heal|p2a: Eelektross|116/290|[from] item: Leftovers\n|upkeep\n|turn|14\n|\n|t:|1781445095\n|move|p1a: Lugia|Psychic Noise|p2a: Eelektross\n|-supereffective|p2a: Eelektross\n|-damage|p2a: Eelektross|6/290\n|-start|p2a: Eelektross|move: Heal Block\n|move|p2a: Eelektross|Supercell Slam|p1a: Lugia\n|-supereffective|p1a: Lugia\n|-damage|p1a: Lugia|0 fnt\n|faint|p1a: Lugia\n|\n|upkeep\n|\n|t:|1781445102\n|switch|p1a: Yanmega|Yanmega, L82, M|275/275\n|turn|15\n|c|\u2606DiamondIyes|gg\u2026.\n|\n|t:|1781445111\n|move|p1a: Yanmega|Air Slash|p2a: Eelektross\n|-supereffective|p2a: Eelektross\n|-damage|p2a: Eelektross|0 fnt\n|faint|p2a: Eelektross\n|\n|upkeep\n|\n|t:|1781445112\n|switch|p2a: Ditto|Ditto, L87|225/225\n|-transform|p2a: Ditto|p1a: Yanmega|[from] ability: Imposter\n|turn|16\n|\n|t:|1781445116\n|move|p2a: Ditto|Air Slash|p1a: Yanmega\n|-supereffective|p1a: Yanmega\n|-damage|p1a: Yanmega|33/275\n|move|p1a: Yanmega|Air Slash|p2a: Ditto\n|-supereffective|p2a: Ditto\n|-damage|p2a: Ditto|0 fnt\n|faint|p2a: Ditto\n|\n|upkeep\n|\n|t:|1781445121\n|switch|p2a: Galvantula|Galvantula, L82, M|249/249\n|turn|17\n|\n|t:|1781445126\n|move|p2a: Galvantula|Bug Buzz|p1a: Yanmega\n|-resisted|p1a: Yanmega\n|-damage|p1a: Yanmega|0 fnt\n|faint|p1a: Yanmega\n|\n|upkeep\n|\n|t:|1781445128\n|switch|p1a: Rabsca|Rabsca, L91, F|105/284\n|turn|18\n|\n|t:|1781445131\n|move|p2a: Galvantula|Bug Buzz|p1a: Rabsca\n|-supereffective|p1a: Rabsca\n|-crit|p1a: Rabsca\n|-damage|p1a: Rabsca|0 fnt\n|faint|p1a: Rabsca\n|\n|win|DiamondIyes\n", "inputlog": ">version a8376a258c1d4662feba110a92103f3664a72141\n>start {\"formatid\":\"gen9randombattle\",\"seed\":\"sodium,fc0edbfd9a4ba49c679d82dafeda86ec\",\"rated\":\"Rated battle\"}\n>player p1 {\"name\":\"Ggstarmie\",\"avatar\":\"1\",\"rating\":2027,\"seed\":\"sodium,0b21f407baa0e4d6e0586db22e6ec9b3\"}\n>player p2 {\"name\":\"DiamondIyes\",\"avatar\":\"az\",\"rating\":1957,\"seed\":\"sodium,7b4e840b6f942cbf58928aead0553f36\"}\n>p1 move uturn\n>p2 move flareblitz\n>p1 switch 4\n>p1 move suckerpunch\n>p2 switch 2\n>p1 switch 2\n>p2 move knockoff\n>p1 switch 2\n>p2 move knockoff\n>p1 switch 5\n>p1 move aeroblast\n>p2 switch 3\n>p1 switch 3\n>p2 move coil\n>p1 move quiverdance\n>p2 move firepunch\n>p1 move sleeppowder\n>p2 move drainpunch\n>p1 move quiverdance\n>p2 move firepunch\n>p1 switch 6\n>chat \u2606DiamondIyes|buddy\u2026\n>p1 move swordsdance terastallize\n>p2 move supercellslam\n>p1 move swordsdance\n>p2 move drainpunch terastallize\n>p1 move trailblaze\n>p2 move drainpunch\n>p1 switch 3\n>chat \u2606DiamondIyes|buddy\u2026\n>p1 move aeroblast\n>p2 move firepunch\n>p1 move psychicnoise\n>p2 move supercellslam\n>p1 switch 4\n>chat \u2606DiamondIyes|gg\u2026.\n>p1 move airslash\n>p2 move supercellslam\n>p2 switch 5\n>p1 move airslash\n>p2 move airslash\n>p2 switch 6\n>p1 move airslash\n>p2 move bugbuzz\n>p1 switch 2\n>p1 move revivalblessing\n>p2 move bugbuzz", "uploadtime": 1781444973, "views": 6, "formatid": "gen9randombattle", "rating": null, "private": 0, "password": null}