{"id": "gen9randombattle-2631736836", "format": "[Gen 9] Random Battle", "players": ["marrickchill", "Crinjal"], "log": "|j|\u2606marrickchill\n|j|\u2606Crinjal\n|t:|1781431230\n|gametype|singles\n|player|p1|marrickchill|266|2009\n|player|p2|Crinjal|veteran|2025\n|gen|9\n|tier|[Gen 9] Random Battle\n|rated|\n|rule|Species Clause: Limit one of each Pok\u00e9mon\n|rule|HP Percentage Mod: HP is shown in percentages\n|rule|Sleep Clause Mod: Limit one foe put to sleep\n|rule|Illusion Level Mod: Illusion disguises the Pok\u00e9mon's true level\n|\n|t:|1781431230\n|teamsize|p1|6\n|teamsize|p2|6\n|start\n|switch|p1a: Kleavor|Kleavor, L78, F|237/237\n|switch|p2a: Probopass|Probopass, L91, F|257/257\n|turn|1\n|\n|t:|1781431243\n|move|p1a: Kleavor|Close Combat|p2a: Probopass\n|-supereffective|p2a: Probopass\n|-damage|p2a: Probopass|33/257\n|-unboost|p1a: Kleavor|def|1\n|-unboost|p1a: Kleavor|spd|1\n|move|p2a: Probopass|Iron Defense|p2a: Probopass\n|-boost|p2a: Probopass|def|2\n|\n|-heal|p2a: Probopass|49/257|[from] item: Leftovers\n|upkeep\n|turn|2\n|\n|t:|1781431252\n|switch|p2a: Sinistcha|Sinistcha, L83|254/254\n|move|p1a: Kleavor|Close Combat|p2a: Sinistcha\n|-immune|p2a: Sinistcha\n|\n|upkeep\n|turn|3\n|\n|t:|1781431260\n|move|p1a: Kleavor|Stone Axe|p2a: Sinistcha|[miss]\n|-miss|p1a: Kleavor|p2a: Sinistcha\n|move|p2a: Sinistcha|Calm Mind|p2a: Sinistcha\n|-boost|p2a: Sinistcha|spa|1\n|-boost|p2a: Sinistcha|spd|1\n|\n|upkeep\n|turn|4\n|\n|t:|1781431267\n|move|p1a: Kleavor|Stone Axe|p2a: Sinistcha\n|-damage|p2a: Sinistcha|142/254\n|-sidestart|p2: Crinjal|move: Stealth Rock\n|move|p2a: Sinistcha|Matcha Gotcha|p1a: Kleavor\n|-damage|p1a: Kleavor|0 fnt\n|-heal|p2a: Sinistcha|254/254|[from] drain|[of] p1a: Kleavor\n|faint|p1a: Kleavor\n|\n|upkeep\n|\n|t:|1781431273\n|switch|p1a: Lurantis|Lurantis, L87, F|264/264\n|turn|5\n|\n|t:|1781431282\n|move|p2a: Sinistcha|Calm Mind|p2a: Sinistcha\n|-boost|p2a: Sinistcha|spa|1\n|-boost|p2a: Sinistcha|spd|1\n|move|p1a: Lurantis|Knock Off|p2a: Sinistcha\n|-supereffective|p2a: Sinistcha\n|-damage|p2a: Sinistcha|118/254\n|-enditem|p2a: Sinistcha|Leftovers|[from] move: Knock Off|[of] p1a: Lurantis\n|\n|upkeep\n|turn|6\n|\n|t:|1781431290\n|move|p2a: Sinistcha|Shadow Ball|p1a: Lurantis\n|-damage|p1a: Lurantis|84/264\n|-boost|p1a: Lurantis|spd|1\n|move|p1a: Lurantis|Knock Off|p2a: Sinistcha\n|-supereffective|p2a: Sinistcha\n|-damage|p2a: Sinistcha|22/254\n|\n|-heal|p1a: Lurantis|100/264|[from] item: Leftovers\n|upkeep\n|turn|7\n|\n|t:|1781431300\n|move|p2a: Sinistcha|Shadow Ball|p1a: Lurantis\n|-damage|p1a: Lurantis|0 fnt\n|faint|p1a: Lurantis\n|\n|upkeep\n|\n|t:|1781431305\n|switch|p1a: Delphox|Delphox, L84, F|263/263\n|turn|8\n|\n|t:|1781431310\n|move|p1a: Delphox|Psyshock|p2a: Sinistcha\n|-damage|p2a: Sinistcha|0 fnt\n|faint|p2a: Sinistcha\n|\n|upkeep\n|\n|t:|1781431325\n|switch|p2a: Wyrdeer|Wyrdeer, L87, F|321/321\n|-damage|p2a: Wyrdeer|281/321|[from] Stealth Rock\n|-ability|p2a: Wyrdeer|Intimidate|boost\n|-unboost|p1a: Delphox|atk|1\n|turn|9\n|\n|t:|1781431331\n|switch|p1a: Minior|Minior-Green, L79|224/224\n|-formechange|p1a: Minior|Minior-Meteor||[from] ability: Shields Down\n|move|p2a: Wyrdeer|Thunder Wave|p1a: Minior\n|-immune|p1a: Minior|[from] ability: Shields Down\n|\n|-heal|p2a: Wyrdeer|301/321|[from] item: Leftovers\n|upkeep\n|turn|10\n|\n|t:|1781431347\n|move|p2a: Wyrdeer|Psychic Noise|p1a: Minior\n|-damage|p1a: Minior|134/224\n|-start|p1a: Minior|move: Heal Block\n|move|p1a: Minior|Shell Smash|p1a: Minior\n|-unboost|p1a: Minior|def|1\n|-unboost|p1a: Minior|spd|1\n|-boost|p1a: Minior|atk|2\n|-boost|p1a: Minior|spa|2\n|-boost|p1a: Minior|spe|2\n|-enditem|p1a: Minior|White Herb\n|-clearnegativeboost|p1a: Minior|[silent]\n|\n|-heal|p2a: Wyrdeer|321/321|[from] item: Leftovers\n|upkeep\n|turn|11\n|\n|t:|1781431394\n|move|p1a: Minior|Acrobatics|p2a: Wyrdeer\n|-damage|p2a: Wyrdeer|158/321\n|move|p2a: Wyrdeer|Psychic Noise|p1a: Minior\n|-damage|p1a: Minior|47/224\n|\n|-heal|p2a: Wyrdeer|178/321|[from] item: Leftovers\n|-end|p1a: Minior|move: Heal Block\n|-formechange|p1a: Minior|Minior-Green||[from] ability: Shields Down\n|upkeep\n|turn|12\n|\n|t:|1781431408\n|switch|p2a: Probopass|Probopass, L91, F|49/257\n|-damage|p2a: Probopass|33/257|[from] Stealth Rock\n|move|p1a: Minior|Acrobatics|p2a: Probopass\n|-resisted|p2a: Probopass\n|-damage|p2a: Probopass|0 fnt\n|faint|p2a: Probopass\n|\n|upkeep\n|\n|t:|1781431420\n|switch|p2a: Wyrdeer|Wyrdeer, L87, F|178/321\n|-damage|p2a: Wyrdeer|138/321|[from] Stealth Rock\n|-ability|p2a: Wyrdeer|Intimidate|boost\n|-unboost|p1a: Minior|atk|1\n|turn|13\n|\n|t:|1781431431\n|switch|p2a: Toxapex|Toxapex, L82, F|216/216\n|-damage|p2a: Toxapex|189/216|[from] Stealth Rock\n|move|p1a: Minior|Acrobatics|p2a: Toxapex\n|-damage|p2a: Toxapex|75/216\n|-damage|p1a: Minior|10/224|[from] item: Rocky Helmet|[of] p2a: Toxapex\n|\n|upkeep\n|turn|14\n|\n|t:|1781431444\n|switch|p2a: Wyrdeer|Wyrdeer, L87, F|138/321\n|-damage|p2a: Wyrdeer|98/321|[from] Stealth Rock\n|-ability|p2a: Wyrdeer|Intimidate|boost\n|-unboost|p1a: Minior|atk|1\n|move|p1a: Minior|Power Gem|p2a: Wyrdeer\n|-damage|p2a: Wyrdeer|0 fnt\n|faint|p2a: Wyrdeer\n|\n|upkeep\n|\n|t:|1781431461\n|switch|p2a: Rabsca|Rabsca, L91, F|284/284\n|turn|15\n|\n|t:|1781431473\n|move|p1a: Minior|Earthquake|p2a: Rabsca\n|-resisted|p2a: Rabsca\n|-damage|p2a: Rabsca|254/284\n|move|p2a: Rabsca|Bug Buzz|p1a: Minior\n|-resisted|p1a: Minior\n|-damage|p1a: Minior|0 fnt\n|faint|p1a: Minior\n|\n|upkeep\n|\n|t:|1781431479\n|switch|p1a: Delphox|Delphox, L84, F|263/263\n|turn|16\n|\n|t:|1781431485\n|move|p1a: Delphox|Fire Blast|p2a: Rabsca\n|-supereffective|p2a: Rabsca\n|-damage|p2a: Rabsca|50/284\n|move|p2a: Rabsca|Revival Blessing|p2a: Rabsca\n|\n|t:|1781431501\n|-heal|p2: Wyrdeer|160/321|[from] move: Revival Blessing\n|\n|upkeep\n|turn|17\n|\n|t:|1781431506\n|move|p1a: Delphox|Nasty Plot|p1a: Delphox\n|-boost|p1a: Delphox|spa|2\n|move|p2a: Rabsca|Earth Power|p1a: Delphox\n|-supereffective|p1a: Delphox\n|-damage|p1a: Delphox|97/263\n|\n|upkeep\n|turn|18\n|\n|t:|1781431512\n|move|p1a: Delphox|Psyshock|p2a: Rabsca\n|-resisted|p2a: Rabsca\n|-damage|p2a: Rabsca|0 fnt\n|faint|p2a: Rabsca\n|\n|upkeep\n|\n|t:|1781431532\n|switch|p2a: Toxapex|Toxapex, L82, F|147/216\n|-damage|p2a: Toxapex|120/216|[from] Stealth Rock\n|turn|19\n|\n|t:|1781431541\n|switch|p2a: Wyrdeer|Wyrdeer, L87, F|160/321\n|-damage|p2a: Wyrdeer|120/321|[from] Stealth Rock\n|-ability|p2a: Wyrdeer|Intimidate|boost\n|-unboost|p1a: Delphox|atk|1\n|move|p1a: Delphox|Psyshock|p2a: Wyrdeer\n|-resisted|p2a: Wyrdeer\n|-damage|p2a: Wyrdeer|20/321\n|\n|-heal|p2a: Wyrdeer|40/321|[from] item: Leftovers\n|upkeep\n|turn|20\n|\n|t:|1781431552\n|move|p1a: Delphox|Psyshock|p2a: Wyrdeer\n|-resisted|p2a: Wyrdeer\n|-damage|p2a: Wyrdeer|0 fnt\n|faint|p2a: Wyrdeer\n|\n|upkeep\n|\n|t:|1781431556\n|switch|p2a: Toxapex|Toxapex, L82, F|192/216\n|-damage|p2a: Toxapex|165/216|[from] Stealth Rock\n|turn|21\n|\n|t:|1781431560\n|-terastallize|p2a: Toxapex|Fairy\n|move|p1a: Delphox|Psyshock|p2a: Toxapex\n|-damage|p2a: Toxapex|33/216\n|move|p2a: Toxapex|Liquidation|p1a: Delphox\n|-supereffective|p1a: Delphox\n|-damage|p1a: Delphox|0 fnt\n|faint|p1a: Delphox\n|\n|upkeep\n|\n|t:|1781431563\n|switch|p1a: Iron Crown|Iron Crown, L78|268/268\n|turn|22\n|\n|t:|1781431571\n|move|p1a: Iron Crown|Tachyon Cutter|p2a: Toxapex\n|-supereffective|p2a: Toxapex\n|-damage|p2a: Toxapex|0 fnt\n|faint|p2a: Toxapex\n|-hitcount|p2: Toxapex|1\n|\n|upkeep\n|\n|t:|1781431573\n|switch|p2a: Drednaw|Drednaw, L81, F|278/278\n|-damage|p2a: Drednaw|244/278|[from] Stealth Rock\n|turn|23\n|\n|t:|1781431579\n|move|p1a: Iron Crown|Tachyon Cutter|p2a: Drednaw\n|-damage|p2a: Drednaw|145/278\n|-damage|p2a: Drednaw|46/278\n|-hitcount|p2a: Drednaw|2\n|move|p2a: Drednaw|Shell Smash|p2a: Drednaw\n|-unboost|p2a: Drednaw|def|1\n|-unboost|p2a: Drednaw|spd|1\n|-boost|p2a: Drednaw|atk|2\n|-boost|p2a: Drednaw|spa|2\n|-boost|p2a: Drednaw|spe|2\n|-enditem|p2a: Drednaw|White Herb\n|-clearnegativeboost|p2a: Drednaw|[silent]\n|\n|upkeep\n|turn|24\n|\n|t:|1781431589\n|-end|p1a: Iron Crown|Quark Drive|[silent]\n|switch|p1a: Dragapult|Dragapult, L77, M|262/262\n|move|p2a: Drednaw|Crunch|p1a: Dragapult\n|-supereffective|p1a: Dragapult\n|-damage|p1a: Dragapult|0 fnt\n|faint|p1a: Dragapult\n|\n|upkeep\n|\n|t:|1781431593\n|switch|p1a: Iron Crown|Iron Crown, L78|268/268\n|turn|25\n|\n|t:|1781431606\n|-terastallize|p1a: Iron Crown|Steel\n|move|p2a: Drednaw|Crunch|p1a: Iron Crown\n|-damage|p1a: Iron Crown|79/268\n|move|p1a: Iron Crown|Tachyon Cutter|p2a: Drednaw\n|-damage|p2a: Drednaw|0 fnt\n|faint|p2a: Drednaw\n|-hitcount|p2: Drednaw|1\n|\n|win|marrickchill\n", "inputlog": ">version a8376a258c1d4662feba110a92103f3664a72141\n>start {\"formatid\":\"gen9randombattle\",\"seed\":\"sodium,5dc6130d0dd0b00888123d9c7b8fb4a2\",\"rated\":\"Rated battle\"}\n>player p1 {\"name\":\"marrickchill\",\"avatar\":\"266\",\"rating\":2009,\"seed\":\"sodium,ad564333bd13e00b7e0ea16c1a7653d9\"}\n>player p2 {\"name\":\"Crinjal\",\"avatar\":\"veteran\",\"rating\":2025,\"seed\":\"sodium,80906124da21f04ce3be59852175cab6\"}\n>p1 move closecombat\n>p2 move irondefense\n>p1 move closecombat\n>p2 switch 2\n>p1 move stoneaxe\n>p2 move calmmind\n>p1 move stoneaxe\n>p2 move matchagotcha\n>p1 switch 5\n>p1 move knockoff\n>p2 move calmmind\n>p1 move knockoff\n>p2 move shadowball\n>p1 move synthesis\n>p2 move shadowball\n>p1 switch 6\n>p1 move psyshock\n>p2 move shadowball\n>p2 switch 6\n>p1 switch 2\n>p2 move thunderwave\n>p1 move shellsmash\n>p2 move psychicnoise\n>p1 move acrobatics\n>p2 move psychicnoise\n>p1 move acrobatics\n>p2 switch 2\n>p2 switch 2\n>p1 move acrobatics\n>p2 switch 3\n>p1 move powergem\n>p2 switch 3\n>p2 switch 5\n>p1 move earthquake\n>p2 move bugbuzz\n>p1 switch 2\n>p1 move fireblast\n>p2 move revivalblessing\n>p2 switch 5\n>p1 move nastyplot\n>p2 move earthpower\n>p1 move psyshock\n>p2 move earthpower\n>p2 switch 3\n>p1 move psyshock\n>p2 switch 5\n>p1 move psyshock\n>p2 move thunderwave\n>p2 switch 5\n>p1 move psyshock\n>p2 move liquidation terastallize\n>p1 switch 3\n>p1 move tachyoncutter\n>p2 move recover\n>p2 switch 4\n>p1 move tachyoncutter\n>p2 move shellsmash\n>p1 switch 4\n>p2 move crunch\n>p1 switch 4\n>p1 move tachyoncutter terastallize\n>p2 move crunch", "uploadtime": 1781431231, "views": 7, "formatid": "gen9randombattle", "rating": null, "private": 0, "password": null}