{"id": "gen9randombattle-2631902409", "format": "[Gen 9] Random Battle", "players": ["arsen88", "hwakey"], "log": "|j|\u2606arsen88\n|j|\u2606hwakey\n|t:|1781453806\n|gametype|singles\n|player|p1|arsen88|giovanni|1566\n|player|p2|hwakey|blackbelt-gen4dp|1599\n|gen|9\n|tier|[Gen 9] Random Battle\n|rated|\n|rule|Species Clause: Limit one of each Pok\u00e9mon\n|rule|HP Percentage Mod: HP is shown in percentages\n|rule|Sleep Clause Mod: Limit one foe put to sleep\n|rule|Illusion Level Mod: Illusion disguises the Pok\u00e9mon's true level\n|\n|t:|1781453806\n|teamsize|p1|6\n|teamsize|p2|6\n|start\n|switch|p1a: Manaphy|Manaphy, L78|284/284\n|switch|p2a: Tinkaton|Tinkaton, L82, F|274/274\n|-ability|p2a: Tinkaton|Mold Breaker\n|turn|1\n|inactive|Battle timer is ON: inactive players will automatically lose when time's up. (requested by arsen88)\n|\n|t:|1781453830\n|move|p2a: Tinkaton|Knock Off|p1a: Manaphy\n|-damage|p1a: Manaphy|229/284\n|-enditem|p1a: Manaphy|Leftovers|[from] move: Knock Off|[of] p2a: Tinkaton\n|move|p1a: Manaphy|Ice Beam|p2a: Tinkaton\n|-resisted|p2a: Tinkaton\n|-damage|p2a: Tinkaton|247/274\n|\n|-heal|p2a: Tinkaton|264/274|[from] item: Leftovers\n|upkeep\n|turn|2\n|\n|t:|1781453838\n|switch|p2a: Luvdisc|Luvdisc, F|247/247\n|move|p1a: Manaphy|Tail Glow|p1a: Manaphy\n|-boost|p1a: Manaphy|spa|3\n|\n|upkeep\n|turn|3\n|\n|t:|1781453845\n|move|p2a: Luvdisc|Substitute|p2a: Luvdisc\n|-start|p2a: Luvdisc|Substitute\n|-damage|p2a: Luvdisc|186/247\n|move|p1a: Manaphy|Energy Ball|p2a: Luvdisc\n|-supereffective|p2a: Luvdisc\n|-end|p2a: Luvdisc|Substitute\n|\n|upkeep\n|turn|4\n|\n|t:|1781453852\n|move|p2a: Luvdisc|Substitute|p2a: Luvdisc\n|-start|p2a: Luvdisc|Substitute\n|-damage|p2a: Luvdisc|125/247\n|move|p1a: Manaphy|Energy Ball|p2a: Luvdisc\n|-supereffective|p2a: Luvdisc\n|-end|p2a: Luvdisc|Substitute\n|\n|upkeep\n|turn|5\n|\n|t:|1781453866\n|move|p2a: Luvdisc|Substitute|p2a: Luvdisc\n|-start|p2a: Luvdisc|Substitute\n|-damage|p2a: Luvdisc|64/247\n|move|p1a: Manaphy|Energy Ball|p2a: Luvdisc\n|-supereffective|p2a: Luvdisc\n|-end|p2a: Luvdisc|Substitute\n|\n|upkeep\n|turn|6\n|\n|t:|1781453872\n|move|p2a: Luvdisc|Substitute|p2a: Luvdisc\n|-start|p2a: Luvdisc|Substitute\n|-damage|p2a: Luvdisc|3/247\n|move|p1a: Manaphy|Energy Ball|p2a: Luvdisc\n|-supereffective|p2a: Luvdisc\n|-end|p2a: Luvdisc|Substitute\n|\n|upkeep\n|turn|7\n|\n|t:|1781453878\n|move|p2a: Luvdisc|Endeavor|p1a: Manaphy\n|-damage|p1a: Manaphy|3/284\n|move|p1a: Manaphy|Energy Ball|p2a: Luvdisc\n|-supereffective|p2a: Luvdisc\n|-damage|p2a: Luvdisc|0 fnt\n|faint|p2a: Luvdisc\n|\n|upkeep\n|\n|t:|1781453888\n|switch|p2a: Tinkaton|Tinkaton, L82, F|264/274\n|-ability|p2a: Tinkaton|Mold Breaker\n|turn|8\n|\n|t:|1781453894\n|move|p1a: Manaphy|Surf|p2a: Tinkaton\n|-damage|p2a: Tinkaton|75/274\n|move|p2a: Tinkaton|Knock Off|p1a: Manaphy\n|-damage|p1a: Manaphy|0 fnt\n|faint|p1a: Manaphy\n|\n|-heal|p2a: Tinkaton|92/274|[from] item: Leftovers\n|upkeep\n|\n|t:|1781453919\n|switch|p1a: Charizard|Charizard, L85, F|271/271\n|turn|9\n|\n|t:|1781453924\n|switch|p2a: Basculegion|Basculegion-F, L83, F|335/335\n|move|p1a: Charizard|Dragon Dance|p1a: Charizard\n|-boost|p1a: Charizard|atk|1\n|-boost|p1a: Charizard|spe|1\n|\n|upkeep\n|turn|10\n|inactive|arsen88 has 120 seconds left.\n|\n|t:|1781453958\n|move|p1a: Charizard|Earthquake|p2a: Basculegion\n|-damage|p2a: Basculegion|210/335\n|move|p2a: Basculegion|Hydro Pump|p1a: Charizard|[miss]\n|-miss|p2a: Basculegion|p1a: Charizard\n|\n|upkeep\n|turn|11\n|inactive|arsen88 has 120 seconds left.\n|\n|t:|1781453964\n|move|p1a: Charizard|Earthquake|p2a: Basculegion\n|-damage|p2a: Basculegion|95/335\n|move|p2a: Basculegion|Hydro Pump|p1a: Charizard\n|-supereffective|p1a: Charizard\n|-damage|p1a: Charizard|0 fnt\n|faint|p1a: Charizard\n|\n|upkeep\n|inactive|arsen88 has 120 seconds left.\n|\n|t:|1781453973\n|switch|p1a: Shiftry|Shiftry, L89, F|305/305\n|turn|12\n|\n|t:|1781453992\n|switch|p2a: Arbok|Arbok, L87, M|246/246\n|-ability|p2a: Arbok|Intimidate|boost\n|-unboost|p1a: Shiftry|atk|1\n|move|p1a: Shiftry|Knock Off|p2a: Arbok\n|-damage|p2a: Arbok|137/246\n|-enditem|p2a: Arbok|Life Orb|[from] move: Knock Off|[of] p1a: Shiftry\n|-damage|p1a: Shiftry|275/305|[from] item: Life Orb\n|\n|upkeep\n|turn|13\n|\n|t:|1781454007\n|switch|p1a: Gholdengo|Gholdengo, L77|261/261\n|move|p2a: Arbok|Glare|p1a: Gholdengo\n|-immune|p1a: Gholdengo|[from] ability: Good as Gold\n|\n|upkeep\n|turn|14\n|inactive|arsen88 has 120 seconds left.\n|\n|t:|1781454028\n|move|p2a: Arbok|Earthquake|p1a: Gholdengo\n|-supereffective|p1a: Gholdengo\n|-damage|p1a: Gholdengo|95/261\n|move|p1a: Gholdengo|Make It Rain|p2a: Arbok\n|-damage|p2a: Arbok|0 fnt\n|-unboost|p1a: Gholdengo|spa|1\n|faint|p2a: Arbok\n|\n|-heal|p1a: Gholdengo|111/261|[from] item: Leftovers\n|upkeep\n|\n|t:|1781454044\n|switch|p2a: Basculegion|Basculegion-F, L83, F|95/335\n|turn|15\n|\n|t:|1781454049\n|switch|p1a: Shiftry|Shiftry, L89, F|275/305\n|move|p2a: Basculegion|Ice Beam|p1a: Shiftry\n|-supereffective|p1a: Shiftry\n|-damage|p1a: Shiftry|25/305\n|\n|upkeep\n|turn|16\n|\n|t:|1781454059\n|move|p1a: Shiftry|Knock Off|p2a: Basculegion\n|-supereffective|p2a: Basculegion\n|-damage|p2a: Basculegion|0 fnt\n|-enditem|p2a: Basculegion|Choice Specs|[from] move: Knock Off|[of] p1a: Shiftry\n|faint|p2a: Basculegion\n|-damage|p1a: Shiftry|0 fnt|[from] item: Life Orb\n|faint|p1a: Shiftry\n|\n|upkeep\n|\n|t:|1781454067\n|switch|p1a: Mimikyu|Mimikyu, L79, F|216/216\n|switch|p2a: Tinkaton|Tinkaton, L82, F|92/274\n|-ability|p2a: Tinkaton|Mold Breaker\n|turn|17\n|\n|t:|1781454075\n|move|p2a: Tinkaton|Knock Off|p1a: Mimikyu\n|-damage|p1a: Mimikyu|152/216\n|-enditem|p1a: Mimikyu|Life Orb|[from] move: Knock Off|[of] p2a: Tinkaton\n|move|p1a: Mimikyu|Shadow Claw|p2a: Tinkaton\n|-damage|p2a: Tinkaton|14/274\n|\n|-heal|p2a: Tinkaton|31/274|[from] item: Leftovers\n|upkeep\n|turn|18\n|\n|t:|1781454089\n|switch|p2a: Seviper|Seviper, L93, F|287/287\n|move|p1a: Mimikyu|Shadow Sneak|p2a: Seviper\n|-damage|p2a: Seviper|241/287\n|\n|upkeep\n|turn|19\n|\n|t:|1781454097\n|move|p2a: Seviper|Switcheroo|p1a: Mimikyu\n|-activate|p2a: Seviper|move: Trick|[of] p1a: Mimikyu\n|-item|p1a: Mimikyu|Choice Scarf|[from] move: Switcheroo\n|-enditem|p2a: Seviper|Choice Scarf|[silent]|[from] move: Switcheroo\n|move|p1a: Mimikyu|Swords Dance|p1a: Mimikyu\n|-boost|p1a: Mimikyu|atk|2\n|\n|upkeep\n|turn|20\n|\n|t:|1781454106\n|move|p1a: Mimikyu|Swords Dance|p1a: Mimikyu\n|-boost|p1a: Mimikyu|atk|2\n|move|p2a: Seviper|Gunk Shot|p1a: Mimikyu\n|-activate|p1a: Mimikyu|ability: Disguise\n|-damage|p1a: Mimikyu|152/216\n|detailschange|p1a: Mimikyu|Mimikyu-Busted, L79, F\n|-damage|p1a: Mimikyu|125/216|[from] pokemon: Mimikyu-Busted\n|\n|upkeep\n|turn|21\n|\n|t:|1781454114\n|switch|p2a: Latias|Latias, L79, F|256/256\n|move|p1a: Mimikyu|Swords Dance|p1a: Mimikyu\n|-boost|p1a: Mimikyu|atk|2\n|\n|upkeep\n|turn|22\n|\n|t:|1781454123\n|switch|p1a: Hitmonlee|Hitmonlee, L85, M|223/223\n|move|p2a: Latias|Calm Mind|p2a: Latias\n|-boost|p2a: Latias|spa|1\n|-boost|p2a: Latias|spd|1\n|\n|upkeep\n|turn|23\n|\n|t:|1781454133\n|move|p2a: Latias|Psyshock|p1a: Hitmonlee\n|-supereffective|p1a: Hitmonlee\n|-damage|p1a: Hitmonlee|0 fnt\n|faint|p1a: Hitmonlee\n|\n|upkeep\n|\n|t:|1781454139\n|switch|p1a: Gholdengo|Gholdengo, L77|111/261\n|turn|24\n|\n|t:|1781454149\n|-terastallize|p2a: Latias|Steel\n|move|p2a: Latias|Calm Mind|p2a: Latias\n|-boost|p2a: Latias|spa|1\n|-boost|p2a: Latias|spd|1\n|move|p1a: Gholdengo|Recover|p1a: Gholdengo\n|-heal|p1a: Gholdengo|242/261\n|\n|-heal|p1a: Gholdengo|258/261|[from] item: Leftovers\n|upkeep\n|turn|25\n|\n|t:|1781454159\n|move|p2a: Latias|Calm Mind|p2a: Latias\n|-boost|p2a: Latias|spa|1\n|-boost|p2a: Latias|spd|1\n|move|p1a: Gholdengo|Thunder Wave|p2a: Latias\n|-status|p2a: Latias|par\n|\n|-heal|p1a: Gholdengo|261/261|[from] item: Leftovers\n|upkeep\n|turn|26\n|\n|t:|1781454167\n|switch|p1a: Mimikyu|Mimikyu-Busted, L79, F|125/216\n|move|p2a: Latias|Calm Mind|p2a: Latias\n|-boost|p2a: Latias|spa|1\n|-boost|p2a: Latias|spd|1\n|\n|upkeep\n|turn|27\n|\n|t:|1781454179\n|move|p1a: Mimikyu|Play Rough|p2a: Latias\n|-resisted|p2a: Latias\n|-damage|p2a: Latias|218/256 par\n|move|p2a: Latias|Psyshock|p1a: Mimikyu\n|-damage|p1a: Mimikyu|0 fnt\n|faint|p1a: Mimikyu\n|\n|upkeep\n|-message|arsen88 forfeited.\n|\n|win|hwakey\n|raw|arsen88's rating: 1566 &rarr; <strong>1548</strong><br />(-18 for losing)\n|raw|hwakey's rating: 1599 &rarr; <strong>1617</strong><br />(+18 for winning)\n|l|\u2606arsen88\n|player|p1|\n", "uploadtime": 1781454194, "views": 2, "formatid": "gen9randombattle", "rating": 1548, "private": 0, "password": null}