{"id": "gen9randombattle-2631817714", "format": "[Gen 9] Random Battle", "players": ["espeonagee", "revanii"], "log": "|j|\u2606espeonagee\n|j|\u2606revanii\n|t:|1781443963\n|gametype|singles\n|player|p1|espeonagee|169|2178\n|player|p2|revanii|169|2145\n|gen|9\n|tier|[Gen 9] Random Battle\n|rated|\n|rule|Species Clause: Limit one of each Pok\u00e9mon\n|rule|HP Percentage Mod: HP is shown in percentages\n|rule|Sleep Clause Mod: Limit one foe put to sleep\n|rule|Illusion Level Mod: Illusion disguises the Pok\u00e9mon's true level\n|\n|t:|1781443963\n|teamsize|p1|6\n|teamsize|p2|6\n|start\n|switch|p1a: Toxicroak|Toxicroak, L84, F|277/277\n|switch|p2a: Great Tusk|Great Tusk, L77|304/304\n|turn|1\n|inactive|Battle timer is ON: inactive players will automatically lose when time's up. (requested by revanii)\n|\n|t:|1781443975\n|switch|p1a: Araquanid|Araquanid, L82, F|246/246\n|move|p2a: Great Tusk|Close Combat|p1a: Araquanid\n|-resisted|p1a: Araquanid\n|-damage|p1a: Araquanid|177/246\n|-unboost|p2a: Great Tusk|def|1\n|-unboost|p2a: Great Tusk|spd|1\n|\n|upkeep\n|turn|2\n|\n|t:|1781443991\n|-end|p2a: Great Tusk|Protosynthesis|[silent]\n|switch|p2a: Toxicroak|Toxicroak, L84, M|277/277\n|move|p1a: Araquanid|Sticky Web|p2a: Toxicroak\n|-sidestart|p2: revanii|move: Sticky Web\n|\n|upkeep\n|turn|3\n|\n|t:|1781444003\n|switch|p1a: Toxicroak|Toxicroak, L84, F|277/277\n|move|p2a: Toxicroak|Swords Dance|p2a: Toxicroak\n|-boost|p2a: Toxicroak|atk|2\n|\n|upkeep\n|turn|4\n|\n|t:|1781444011\n|move|p2a: Toxicroak|Earthquake|p1a: Toxicroak\n|-supereffective|p1a: Toxicroak\n|-damage|p1a: Toxicroak|0 fnt\n|faint|p1a: Toxicroak\n|-damage|p2a: Toxicroak|250/277|[from] item: Life Orb\n|\n|upkeep\n|\n|t:|1781444014\n|switch|p1a: Gouging Fire|Gouging Fire, L74|277/277\n|turn|5\n|\n|t:|1781444037\n|-terastallize|p1a: Gouging Fire|Fairy\n|move|p2a: Toxicroak|Gunk Shot|p1a: Gouging Fire\n|-supereffective|p1a: Gouging Fire\n|-damage|p1a: Gouging Fire|0 fnt\n|faint|p1a: Gouging Fire\n|-end|p1a: Gouging Fire|Protosynthesis|[silent]\n|-damage|p2a: Toxicroak|223/277|[from] item: Life Orb\n|\n|upkeep\n|-message|espeonagee forfeited.\n|\n|win|revanii\n", "uploadtime": 1781443965, "views": 3, "formatid": "gen9randombattle", "rating": null, "private": 0, "password": null}