{"id": "gen9randombattle-2631610419", "format": "[Gen 9] Random Battle", "players": ["Deleuzional", "funybuny"], "log": "|j|\u2606Deleuzional\n|j|\u2606funybuny\n|t:|1781408490\n|gametype|singles\n|player|p1|Deleuzional|169|1971\n|player|p2|funybuny|roxie|1923\n|gen|9\n|tier|[Gen 9] Random Battle\n|rated|\n|rule|Species Clause: Limit one of each Pok\u00e9mon\n|rule|HP Percentage Mod: HP is shown in percentages\n|rule|Sleep Clause Mod: Limit one foe put to sleep\n|rule|Illusion Level Mod: Illusion disguises the Pok\u00e9mon's true level\n|\n|t:|1781408490\n|teamsize|p1|6\n|teamsize|p2|6\n|start\n|switch|p1a: Barraskewda|Barraskewda, L81, M|231/231\n|switch|p2a: Mudsdale|Mudsdale, L83, M|302/302\n|turn|1\n|\n|t:|1781408500\n|switch|p2a: Wo-Chien|Wo-Chien, L83|277/277\n|-ability|p2a: Wo-Chien|Tablets of Ruin\n|move|p1a: Barraskewda|Flip Turn|p2a: Wo-Chien\n|-resisted|p2a: Wo-Chien\n|-damage|p2a: Wo-Chien|241/277\n|\n|t:|1781408519\n|switch|p1a: Arbok|Arbok, L87, M|246/246|[from] Flip Turn\n|-ability|p1a: Arbok|Intimidate|boost\n|-unboost|p2a: Wo-Chien|atk|1\n|\n|-heal|p2a: Wo-Chien|258/277|[from] item: Leftovers\n|upkeep\n|turn|2\n|\n|t:|1781408540\n|switch|p2a: Mudsdale|Mudsdale, L83, M|302/302\n|move|p1a: Arbok|Gunk Shot|p2a: Mudsdale\n|-resisted|p2a: Mudsdale\n|-damage|p2a: Mudsdale|224/302\n|-ability|p2a: Mudsdale|Stamina|boost\n|-boost|p2a: Mudsdale|def|1\n|-damage|p1a: Arbok|222/246|[from] item: Life Orb\n|\n|-heal|p2a: Mudsdale|242/302|[from] item: Leftovers\n|upkeep\n|turn|3\n|\n|t:|1781408552\n|move|p1a: Arbok|Glare|p2a: Mudsdale\n|-status|p2a: Mudsdale|par\n|move|p2a: Mudsdale|Stealth Rock|p1a: Arbok\n|-sidestart|p1: Deleuzional|move: Stealth Rock\n|\n|-heal|p2a: Mudsdale|260/302 par|[from] item: Leftovers\n|upkeep\n|turn|4\n|\n|t:|1781408585\n|switch|p1a: Barraskewda|Barraskewda, L81, M|231/231\n|-damage|p1a: Barraskewda|203/231|[from] Stealth Rock\n|move|p2a: Mudsdale|Roar|p1a: Barraskewda\n|drag|p1a: Hitmonchan|Hitmonchan, L87, M|229/229\n|-damage|p1a: Hitmonchan|215/229|[from] Stealth Rock\n|\n|-heal|p1a: Hitmonchan|229/229|[from] item: Leftovers\n|-heal|p2a: Mudsdale|278/302 par|[from] item: Leftovers\n|upkeep\n|turn|5\n|\n|t:|1781408594\n|move|p1a: Hitmonchan|Bulk Up|p1a: Hitmonchan\n|-boost|p1a: Hitmonchan|atk|1\n|-boost|p1a: Hitmonchan|def|1\n|move|p2a: Mudsdale|Earthquake|p1a: Hitmonchan\n|-damage|p1a: Hitmonchan|136/229\n|\n|-heal|p1a: Hitmonchan|150/229|[from] item: Leftovers\n|-heal|p2a: Mudsdale|296/302 par|[from] item: Leftovers\n|upkeep\n|turn|6\n|\n|t:|1781408603\n|move|p1a: Hitmonchan|Knock Off|p2a: Mudsdale\n|-damage|p2a: Mudsdale|224/302 par\n|-ability|p2a: Mudsdale|Stamina|boost\n|-boost|p2a: Mudsdale|def|1\n|-enditem|p2a: Mudsdale|Leftovers|[from] move: Knock Off|[of] p1a: Hitmonchan\n|move|p2a: Mudsdale|Roar|p1a: Hitmonchan\n|drag|p1a: Ribombee|Ribombee, L83, F|235/235\n|\n|upkeep\n|turn|7\n|\n|t:|1781408612\n|move|p1a: Ribombee|Moonblast|p2a: Mudsdale\n|-damage|p2a: Mudsdale|118/302 par\n|-ability|p2a: Mudsdale|Stamina|boost\n|-boost|p2a: Mudsdale|def|1\n|move|p2a: Mudsdale|Heavy Slam|p1a: Ribombee\n|-supereffective|p1a: Ribombee\n|-damage|p1a: Ribombee|0 fnt\n|faint|p1a: Ribombee\n|\n|upkeep\n|\n|t:|1781408624\n|switch|p1a: Lanturn|Lanturn, L89, F|367/367\n|turn|8\n|\n|t:|1781408627\n|switch|p2a: Wo-Chien|Wo-Chien, L83|258/277\n|-ability|p2a: Wo-Chien|Tablets of Ruin\n|move|p1a: Lanturn|Scald|p2a: Wo-Chien\n|-resisted|p2a: Wo-Chien\n|-damage|p2a: Wo-Chien|230/277\n|-status|p2a: Wo-Chien|brn\n|\n|-heal|p2a: Wo-Chien|247/277 brn|[from] item: Leftovers\n|-damage|p2a: Wo-Chien|230/277 brn|[from] brn\n|upkeep\n|turn|9\n|\n|t:|1781408649\n|move|p1a: Lanturn|Volt Switch|p2a: Wo-Chien\n|-resisted|p2a: Wo-Chien\n|-damage|p2a: Wo-Chien|205/277 brn\n|\n|t:|1781408658\n|switch|p1a: Hitmonchan|Hitmonchan, L87, M|150/229|[from] Volt Switch\n|-damage|p1a: Hitmonchan|136/229|[from] Stealth Rock\n|move|p2a: Wo-Chien|Leech Seed|p1a: Hitmonchan\n|-start|p1a: Hitmonchan|move: Leech Seed\n|\n|-heal|p1a: Hitmonchan|150/229|[from] item: Leftovers\n|-heal|p2a: Wo-Chien|222/277 brn|[from] item: Leftovers\n|-damage|p1a: Hitmonchan|122/229|[from] Leech Seed|[of] p2a: Wo-Chien\n|-heal|p2a: Wo-Chien|250/277 brn|[silent]\n|-damage|p2a: Wo-Chien|233/277 brn|[from] brn\n|upkeep\n|turn|10\n|\n|t:|1781408670\n|switch|p2a: Mudsdale|Mudsdale, L83, M|118/302 par\n|move|p1a: Hitmonchan|Drain Punch|p2a: Mudsdale\n|-damage|p2a: Mudsdale|18/302 par\n|-heal|p1a: Hitmonchan|172/229|[from] drain|[of] p2a: Mudsdale\n|-ability|p2a: Mudsdale|Stamina|boost\n|-boost|p2a: Mudsdale|def|1\n|\n|-heal|p1a: Hitmonchan|186/229|[from] item: Leftovers\n|-damage|p1a: Hitmonchan|158/229|[from] Leech Seed|[of] p2a: Mudsdale\n|-heal|p2a: Mudsdale|46/302 par|[silent]\n|upkeep\n|turn|11\n|\n|t:|1781408681\n|switch|p2a: Annihilape|Annihilape, L76, F|292/292\n|move|p1a: Hitmonchan|Drain Punch|p2a: Annihilape\n|-immune|p2a: Annihilape\n|\n|-heal|p1a: Hitmonchan|172/229|[from] item: Leftovers\n|-damage|p1a: Hitmonchan|144/229|[from] Leech Seed|[of] p2a: Annihilape\n|upkeep\n|turn|12\n|\n|t:|1781408692\n|switch|p1a: Lanturn|Lanturn, L89, F|367/367\n|move|p2a: Annihilape|Drain Punch|p1a: Lanturn\n|-damage|p1a: Lanturn|277/367\n|\n|upkeep\n|turn|13\n|\n|t:|1781408705\n|switch|p2a: Wo-Chien|Wo-Chien, L83|233/277 brn\n|-ability|p2a: Wo-Chien|Tablets of Ruin\n|move|p1a: Lanturn|Thunderbolt|p2a: Wo-Chien\n|-resisted|p2a: Wo-Chien\n|-damage|p2a: Wo-Chien|198/277 brn\n|\n|-heal|p2a: Wo-Chien|215/277 brn|[from] item: Leftovers\n|-damage|p2a: Wo-Chien|198/277 brn|[from] brn\n|upkeep\n|turn|14\n|\n|t:|1781408716\n|move|p1a: Lanturn|Volt Switch|p2a: Wo-Chien\n|-resisted|p2a: Wo-Chien\n|-damage|p2a: Wo-Chien|173/277 brn\n|\n|t:|1781408721\n|switch|p1a: Arbok|Arbok, L87, M|222/246|[from] Volt Switch\n|-damage|p1a: Arbok|192/246|[from] Stealth Rock\n|-ability|p1a: Arbok|Intimidate|boost\n|-unboost|p2a: Wo-Chien|atk|1\n|move|p2a: Wo-Chien|Leech Seed|p1a: Arbok\n|-start|p1a: Arbok|move: Leech Seed\n|\n|-heal|p2a: Wo-Chien|190/277 brn|[from] item: Leftovers\n|-damage|p1a: Arbok|162/246|[from] Leech Seed|[of] p2a: Wo-Chien\n|-heal|p2a: Wo-Chien|220/277 brn|[silent]\n|-damage|p2a: Wo-Chien|203/277 brn|[from] brn\n|upkeep\n|turn|15\n|\n|t:|1781408735\n|move|p2a: Wo-Chien|Protect|p2a: Wo-Chien\n|-singleturn|p2a: Wo-Chien|Protect\n|move|p1a: Arbok|Knock Off|p2a: Wo-Chien\n|-activate|p2a: Wo-Chien|move: Protect\n|\n|-heal|p2a: Wo-Chien|220/277 brn|[from] item: Leftovers\n|-damage|p1a: Arbok|132/246|[from] Leech Seed|[of] p2a: Wo-Chien\n|-heal|p2a: Wo-Chien|250/277 brn|[silent]\n|-damage|p2a: Wo-Chien|233/277 brn|[from] brn\n|upkeep\n|turn|16\n|\n|t:|1781408745\n|switch|p2a: Mudsdale|Mudsdale, L83, M|46/302 par\n|move|p1a: Arbok|Knock Off|p2a: Mudsdale\n|-damage|p2a: Mudsdale|0 fnt\n|faint|p2a: Mudsdale\n|-damage|p1a: Arbok|108/246|[from] item: Life Orb\n|\n|upkeep\n|\n|t:|1781408766\n|switch|p2a: Raichu|Raichu, L88, M|249/249\n|turn|17\n|\n|t:|1781408771\n|switch|p1a: Golurk|Golurk, L87|297/297\n|-damage|p1a: Golurk|279/297|[from] Stealth Rock\n|move|p2a: Raichu|Thunderbolt|p1a: Golurk\n|-immune|p1a: Golurk\n|\n|upkeep\n|turn|18\n|\n|t:|1781408781\n|-terastallize|p2a: Raichu|Water\n|move|p2a: Raichu|Surf|p1a: Golurk\n|-supereffective|p1a: Golurk\n|-damage|p1a: Golurk|0 fnt\n|faint|p1a: Golurk\n|-damage|p2a: Raichu|225/249|[from] item: Life Orb\n|\n|upkeep\n|-message|Deleuzional forfeited.\n|\n|win|funybuny\n", "inputlog": ">version a8376a258c1d4662feba110a92103f3664a72141\n>start {\"formatid\":\"gen9randombattle\",\"seed\":\"sodium,118c39a83ebabf804a6be3b0d0288cdd\",\"rated\":\"Rated battle\"}\n>player p1 {\"name\":\"Deleuzional\",\"avatar\":\"169\",\"rating\":1971,\"seed\":\"sodium,7a773f03abe51f0f1f89011f2a042732\"}\n>player p2 {\"name\":\"funybuny\",\"avatar\":\"roxie\",\"rating\":1923,\"seed\":\"sodium,f6137e43e9afda0879e695dd44317375\"}\n>p1 move flipturn\n>p2 switch 4\n>p1 switch 6\n>p1 move gunkshot\n>p2 switch 4\n>p1 move glare\n>p2 move stealthrock\n>p1 switch 6\n>p2 move roar\n>p1 move bulkup\n>p2 move earthquake\n>p1 move knockoff\n>p2 move roar\n>p1 move moonblast\n>p2 move heavyslam\n>p1 switch 4\n>p1 move scald\n>p2 switch 4\n>p1 move voltswitch\n>p2 move leechseed\n>p1 switch 2\n>p1 move drainpunch\n>p2 switch 4\n>p1 move drainpunch\n>p2 switch 3\n>p1 switch 2\n>p2 move drainpunch\n>p1 move thunderbolt\n>p2 switch 4\n>p1 move voltswitch\n>p2 move leechseed\n>p1 switch 6\n>p1 move knockoff\n>p2 move protect\n>p1 move knockoff\n>p2 switch 3\n>p2 switch 6\n>p1 switch 5\n>p2 move thunderbolt\n>p1 move dynamicpunch\n>p2 move surf terastallize\n>forcelose p1", "uploadtime": 1781408492, "views": 4, "formatid": "gen9randombattle", "rating": null, "private": 0, "password": null}