{"id": "gen9randombattle-2631881741", "format": "[Gen 9] Random Battle", "players": ["LanYu", "a_jar_of_water"], "log": "|j|\u2606LanYu\n|j|\u2606a_jar_of_water\n|t:|1781451565\n|gametype|singles\n|player|p1|LanYu|102|1627\n|player|p2|a_jar_of_water|170|1621\n|gen|9\n|tier|[Gen 9] Random Battle\n|rated|\n|rule|Species Clause: Limit one of each Pok\u00e9mon\n|rule|HP Percentage Mod: HP is shown in percentages\n|rule|Sleep Clause Mod: Limit one foe put to sleep\n|rule|Illusion Level Mod: Illusion disguises the Pok\u00e9mon's true level\n|\n|t:|1781451565\n|teamsize|p1|6\n|teamsize|p2|6\n|start\n|switch|p1a: Politoed|Politoed, L88, F|302/302\n|switch|p2a: Exeggutor|Exeggutor-Alola, L89, F|314/314\n|-weather|RainDance|[from] ability: Drizzle|[of] p1a: Politoed\n|turn|1\n|inactive|Battle timer is ON: inactive players will automatically lose when time's up. (requested by a_jar_of_water)\n|\n|t:|1781451575\n|move|p1a: Politoed|Ice Beam|p2a: Exeggutor\n|-supereffective|p2a: Exeggutor\n|-damage|p2a: Exeggutor|22/314\n|-enditem|p2a: Exeggutor|Sitrus Berry|[eat]\n|-heal|p2a: Exeggutor|100/314|[from] item: Sitrus Berry\n|move|p2a: Exeggutor|Wood Hammer|p1a: Politoed\n|-supereffective|p1a: Politoed\n|-damage|p1a: Politoed|0 fnt\n|faint|p1a: Politoed\n|-damage|p2a: Exeggutor|0 fnt|[from] Recoil\n|faint|p2a: Exeggutor\n|\n|-weather|RainDance|[upkeep]\n|upkeep\n|\n|t:|1781451579\n|switch|p1a: Basculin|Basculin-Blue-Striped, L86, F|261/261\n|switch|p2a: Vileplume|Vileplume, L85, M|266/266\n|turn|2\n|\n|t:|1781451585\n|move|p1a: Basculin|Flip Turn|p2a: Vileplume\n|-resisted|p2a: Vileplume\n|-damage|p2a: Vileplume|165/266\n|\n|t:|1781451596\n|switch|p1a: Ambipom|Ambipom, L84, M|263/263|[from] Flip Turn\n|move|p2a: Vileplume|Sleep Powder|p1a: Ambipom\n|-status|p1a: Ambipom|slp|[from] move: Sleep Powder\n|\n|-weather|RainDance|[upkeep]\n|-heal|p2a: Vileplume|181/266|[from] item: Leftovers\n|upkeep\n|turn|3\n|\n|t:|1781451603\n|switch|p1a: Haxorus|Haxorus, L77, F|244/244\n|-ability|p1a: Haxorus|Mold Breaker\n|move|p2a: Vileplume|Sludge Bomb|p1a: Haxorus\n|-damage|p1a: Haxorus|106/244\n|-status|p1a: Haxorus|psn\n|\n|-weather|RainDance|[upkeep]\n|-heal|p2a: Vileplume|197/266|[from] item: Leftovers\n|-damage|p1a: Haxorus|76/244 psn|[from] psn\n|upkeep\n|turn|4\n|\n|t:|1781451607\n|move|p1a: Haxorus|Scale Shot|p2a: Vileplume|[miss]\n|-miss|p1a: Haxorus|p2a: Vileplume\n|move|p2a: Vileplume|Sludge Bomb|p1a: Haxorus\n|-damage|p1a: Haxorus|0 fnt\n|faint|p1a: Haxorus\n|\n|-weather|RainDance|[upkeep]\n|-heal|p2a: Vileplume|213/266|[from] item: Leftovers\n|upkeep\n|\n|t:|1781451611\n|switch|p1a: Meowstic|Meowstic, L89, M|277/277\n|turn|5\n|\n|t:|1781451615\n|switch|p2a: Magearna|Magearna, L77|250/250\n|move|p1a: Meowstic|Psychic Noise|p2a: Magearna\n|-resisted|p2a: Magearna\n|-damage|p2a: Magearna|217/250\n|-start|p2a: Magearna|move: Heal Block\n|\n|-weather|none\n|upkeep\n|turn|6\n|\n|t:|1781451621\n|switch|p1a: Basculin|Basculin-Blue-Striped, L86, F|261/261\n|move|p2a: Magearna|Shift Gear|p2a: Magearna\n|-boost|p2a: Magearna|spe|2\n|-boost|p2a: Magearna|atk|1\n|\n|-end|p2a: Magearna|move: Heal Block\n|upkeep\n|turn|7\n|\n|t:|1781451626\n|move|p2a: Magearna|Fleur Cannon|p1a: Basculin\n|-damage|p1a: Basculin|63/261\n|-unboost|p2a: Magearna|spa|2\n|move|p1a: Basculin|Wave Crash|p2a: Magearna\n|-damage|p2a: Magearna|0 fnt\n|faint|p2a: Magearna\n|-damage|p1a: Basculin|0 fnt|[from] Recoil\n|faint|p1a: Basculin\n|\n|upkeep\n|\n|t:|1781451636\n|switch|p1a: Ambipom|Ambipom, L84, M|263/263 slp\n|switch|p2a: Vileplume|Vileplume, L85, M|213/266\n|turn|8\n|\n|t:|1781451639\n|cant|p1a: Ambipom|slp\n|move|p2a: Vileplume|Sludge Bomb|p1a: Ambipom\n|-damage|p1a: Ambipom|119/263 slp\n|\n|-heal|p2a: Vileplume|229/266|[from] item: Leftovers\n|upkeep\n|turn|9\n|\n|t:|1781451642\n|cant|p1a: Ambipom|slp\n|move|p2a: Vileplume|Sludge Bomb|p1a: Ambipom\n|-damage|p1a: Ambipom|0 fnt\n|faint|p1a: Ambipom\n|\n|-heal|p2a: Vileplume|245/266|[from] item: Leftovers\n|upkeep\n|\n|t:|1781451645\n|switch|p1a: Meowstic|Meowstic, L89, M|277/277\n|turn|10\n|\n|t:|1781451647\n|-terastallize|p2a: Vileplume|Steel\n|move|p1a: Meowstic|Psychic Noise|p2a: Vileplume\n|-resisted|p2a: Vileplume\n|-damage|p2a: Vileplume|205/266\n|-start|p2a: Vileplume|move: Heal Block\n|move|p2a: Vileplume|Sludge Bomb|p1a: Meowstic\n|-damage|p1a: Meowstic|163/277\n|\n|-heal|p1a: Meowstic|180/277|[from] item: Leftovers\n|upkeep\n|turn|11\n|\n|t:|1781451650\n|move|p1a: Meowstic|Thunder Wave|p2a: Vileplume|[miss]\n|-miss|p1a: Meowstic|p2a: Vileplume\n|move|p2a: Vileplume|Sludge Bomb|p1a: Meowstic\n|-damage|p1a: Meowstic|72/277\n|\n|-heal|p1a: Meowstic|89/277|[from] item: Leftovers\n|-end|p2a: Vileplume|move: Heal Block\n|upkeep\n|turn|12\n|c|\u2606LanYu|\u5e9f\u7269\n|\n|t:|1781451665\n|move|p1a: Meowstic|Thunder Wave|p2a: Vileplume|[miss]\n|-miss|p1a: Meowstic|p2a: Vileplume\n|move|p2a: Vileplume|Sludge Bomb|p1a: Meowstic\n|-damage|p1a: Meowstic|0 fnt\n|faint|p1a: Meowstic\n|\n|-heal|p2a: Vileplume|221/266|[from] item: Leftovers\n|upkeep\n|c|\u2606LanYu|\u5728\u4ed6\u5988\u662f\u6761\u8def\u8fb9\u91ce\u72d7\n|\n|t:|1781451680\n|switch|p1a: Zamazenta|Zamazenta, L71|248/248\n|-ability|p1a: Zamazenta|Dauntless Shield|boost\n|-boost|p1a: Zamazenta|def|1\n|turn|13\n|\n|t:|1781451684\n|move|p1a: Zamazenta|Iron Defense|p1a: Zamazenta\n|-boost|p1a: Zamazenta|def|2\n|move|p2a: Vileplume|Strength Sap|p1a: Zamazenta\n|-unboost|p1a: Zamazenta|atk|1\n|-heal|p2a: Vileplume|266/266\n|\n|upkeep\n|turn|14\n|\n|t:|1781451689\n|switch|p2a: Corviknight|Corviknight, L80, M|288/288\n|move|p1a: Zamazenta|Body Press|p2a: Corviknight\n|-damage|p2a: Corviknight|132/288\n|\n|-heal|p2a: Corviknight|150/288|[from] item: Leftovers\n|upkeep\n|turn|15\n|\n|t:|1781451691\n|switch|p2a: Iron Boulder|Iron Boulder, L77|265/265\n|move|p1a: Zamazenta|Iron Defense|p1a: Zamazenta\n|-boost|p1a: Zamazenta|def|2\n|\n|upkeep\n|turn|16\n|\n|t:|1781451696\n|-end|p2a: Iron Boulder|Quark Drive|[silent]\n|switch|p2a: Vileplume|Vileplume, L85, M, tera:Steel|266/266\n|move|p1a: Zamazenta|Body Press|p2a: Vileplume\n|-supereffective|p2a: Vileplume\n|-damage|p2a: Vileplume|0 fnt\n|faint|p2a: Vileplume\n|\n|upkeep\n|\n|t:|1781451697\n|switch|p2a: Corviknight|Corviknight, L80, M|150/288\n|turn|17\n|\n|t:|1781451702\n|move|p1a: Zamazenta|Body Press|p2a: Corviknight\n|-damage|p2a: Corviknight|0 fnt\n|faint|p2a: Corviknight\n|\n|upkeep\n|\n|t:|1781451702\n|switch|p2a: Iron Boulder|Iron Boulder, L77|265/265\n|turn|18\n|\n|t:|1781451707\n|move|p1a: Zamazenta|Body Press|p2a: Iron Boulder\n|-damage|p2a: Iron Boulder|0 fnt\n|faint|p2a: Iron Boulder\n|-end|p2a: Iron Boulder|Quark Drive|[silent]\n|\n|upkeep\n|\n|t:|1781451708\n|switch|p2a: Porygon2|Porygon2, L81|270/270\n|-ability|p2a: Porygon2|Download|boost\n|-boost|p2a: Porygon2|spa|1\n|turn|19\n|\n|t:|1781451712\n|-terastallize|p1a: Zamazenta|Fighting\n|move|p1a: Zamazenta|Body Press|p2a: Porygon2\n|-supereffective|p2a: Porygon2\n|-damage|p2a: Porygon2|0 fnt\n|faint|p2a: Porygon2\n|\n|win|LanYu\n|raw|LanYu's rating: 1627 &rarr; <strong>1647</strong><br />(+20 for winning)\n|raw|a_jar_of_water's rating: 1621 &rarr; <strong>1601</strong><br />(-20 for losing)\n|l|\u2606a_jar_of_water\n|player|p2|\n", "inputlog": ">version a8376a258c1d4662feba110a92103f3664a72141\n>start {\"formatid\":\"gen9randombattle\",\"seed\":\"sodium,14ad2d04c7365cef1cff035dfa303ce4\",\"rated\":\"Rated battle\"}\n>player p1 {\"name\":\"LanYu\",\"avatar\":\"102\",\"rating\":1627,\"seed\":\"sodium,724927f94fb7d2160733812bf6f4dc5a\"}\n>player p2 {\"name\":\"a_jar_of_water\",\"avatar\":\"170\",\"rating\":1621,\"seed\":\"sodium,1e5414b9c3c7f43dab5805345f83d7ac\"}\n>p1 move icebeam\n>p2 move woodhammer\n>p1 switch 2\n>p2 switch 6\n>p1 move flipturn\n>p2 move sleeppowder\n>p1 switch 6\n>p1 switch 3\n>p2 move sludgebomb\n>p1 move scaleshot\n>p2 move sludgebomb\n>p1 switch 4\n>p1 move psychicnoise\n>p2 switch 5\n>p1 switch 6\n>p2 move shiftgear\n>p1 move wavecrash\n>p2 move fleurcannon\n>p1 switch 3\n>p2 switch 5\n>p1 move tripleaxel\n>p2 move sludgebomb\n>p1 move tripleaxel\n>p2 move sludgebomb\n>p1 switch 6\n>p1 move psychicnoise\n>p2 move sludgebomb terastallize\n>p1 move thunderwave\n>p2 move sludgebomb\n>chat \u2606LanYu|\u5e9f\u7269\n>p1 move thunderwave\n>p2 move sludgebomb\n>chat \u2606LanYu|\u5728\u4ed6\u5988\u662f\u6761\u8def\u8fb9\u91ce\u72d7\n>p1 switch 5\n>p1 move irondefense\n>p2 move strengthsap\n>p1 move bodypress\n>p2 switch 2\n>p1 move irondefense\n>p2 switch 4\n>p1 move bodypress\n>p2 switch 2\n>p2 switch 4\n>p1 move bodypress\n>p2 move bravebird\n>p2 switch 2\n>p1 move bodypress\n>p2 move swordsdance\n>p2 switch 3\n>p1 move bodypress terastallize\n>p2 move triattack", "uploadtime": 1781451722, "views": 16, "formatid": "gen9randombattle", "rating": 1601, "private": 0, "password": null}