{"id": "gen9randombattle-2632001554", "format": "[Gen 9] Random Battle", "players": ["anto004", "ranger 0"], "log": "|j|\u2606anto004\n|j|\u2606ranger 0\n|t:|1781464657\n|gametype|singles\n|player|p1|anto004|2|1956\n|player|p2|ranger 0|pokemonranger-gen4|1933\n|gen|9\n|tier|[Gen 9] Random Battle\n|rated|\n|rule|Species Clause: Limit one of each Pok\u00e9mon\n|rule|HP Percentage Mod: HP is shown in percentages\n|rule|Sleep Clause Mod: Limit one foe put to sleep\n|rule|Illusion Level Mod: Illusion disguises the Pok\u00e9mon's true level\n|\n|t:|1781464657\n|teamsize|p1|6\n|teamsize|p2|6\n|start\n|switch|p1a: Jirachi|Jirachi, L80|291/291\n|switch|p2a: Tyranitar|Tyranitar, L78, M|284/284\n|-weather|Sandstorm|[from] ability: Sand Stream|[of] p2a: Tyranitar\n|turn|1\n|inactive|Battle timer is ON: inactive players will automatically lose when time's up. (requested by anto004)\n|\n|t:|1781464671\n|switch|p2a: Floatzel|Floatzel, L86, F|286/286\n|move|p1a: Jirachi|U-turn|p2a: Floatzel\n|-damage|p2a: Floatzel|224/286\n|\n|t:|1781464688\n|switch|p1a: Heracross|Heracross, L80, F|259/259|[from] U-turn\n|\n|-weather|Sandstorm|[upkeep]\n|-damage|p2a: Floatzel|207/286|[from] Sandstorm\n|-damage|p1a: Heracross|243/259|[from] Sandstorm\n|-heal|p2a: Floatzel|224/286|[from] item: Leftovers\n|upkeep\n|turn|2\n|\n|t:|1781464695\n|move|p2a: Floatzel|Bulk Up|p2a: Floatzel\n|-boost|p2a: Floatzel|atk|1\n|-boost|p2a: Floatzel|def|1\n|move|p1a: Heracross|Close Combat|p2a: Floatzel\n|-damage|p2a: Floatzel|41/286\n|-unboost|p1a: Heracross|def|1\n|-unboost|p1a: Heracross|spd|1\n|\n|-weather|Sandstorm|[upkeep]\n|-damage|p2a: Floatzel|24/286|[from] Sandstorm\n|-damage|p1a: Heracross|227/259|[from] Sandstorm\n|-heal|p2a: Floatzel|41/286|[from] item: Leftovers\n|upkeep\n|turn|3\n|\n|t:|1781464708\n|move|p2a: Floatzel|Wave Crash|p1a: Heracross\n|-damage|p1a: Heracross|0 fnt\n|faint|p1a: Heracross\n|-damage|p2a: Floatzel|0 fnt|[from] Recoil\n|faint|p2a: Floatzel\n|\n|-weather|Sandstorm|[upkeep]\n|upkeep\n|\n|t:|1781464720\n|switch|p2a: Darkrai|Darkrai, L77|234/234\n|switch|p1a: Ribombee|Ribombee, L83, F|235/235\n|turn|4\n|\n|t:|1781464746\n|move|p1a: Ribombee|Moonblast|p2a: Darkrai\n|-supereffective|p2a: Darkrai\n|-damage|p2a: Darkrai|22/234\n|move|p2a: Darkrai|Sludge Bomb|p1a: Ribombee\n|-supereffective|p1a: Ribombee\n|-damage|p1a: Ribombee|4/235\n|-damage|p2a: Darkrai|0 fnt|[from] item: Life Orb\n|faint|p2a: Darkrai\n|\n|-weather|Sandstorm|[upkeep]\n|-damage|p1a: Ribombee|0 fnt|[from] Sandstorm\n|faint|p1a: Ribombee\n|upkeep\n|\n|t:|1781464753\n|switch|p1a: Jirachi|Jirachi, L80|291/291\n|switch|p2a: Cyclizar|Cyclizar, L83, F|252/252\n|turn|5\n|\n|t:|1781464758\n|move|p1a: Jirachi|Iron Head|p2a: Cyclizar\n|-damage|p2a: Cyclizar|144/252\n|cant|p2a: Cyclizar|flinch\n|\n|-weather|none\n|upkeep\n|turn|6\n|\n|t:|1781464763\n|switch|p2a: Pelipper|Pelipper, L86, F|243/243\n|-weather|RainDance|[from] ability: Drizzle|[of] p2a: Pelipper\n|move|p1a: Jirachi|Iron Head|p2a: Pelipper\n|-resisted|p2a: Pelipper\n|-damage|p2a: Pelipper|207/243\n|\n|-weather|RainDance|[upkeep]\n|upkeep\n|turn|7\n|\n|t:|1781464770\n|switch|p1a: Espeon|Espeon, L84, M|246/246\n|move|p2a: Pelipper|Hydro Pump|p1a: Espeon\n|-damage|p1a: Espeon|68/246\n|\n|-weather|RainDance|[upkeep]\n|upkeep\n|turn|8\n|\n|t:|1781464783\n|switch|p1a: Pawmot|Pawmot, L80, F|243/243\n|move|p2a: Pelipper|U-turn|p1a: Pawmot\n|-resisted|p1a: Pawmot\n|-damage|p1a: Pawmot|224/243\n|\n|t:|1781464791\n|switch|p2a: Cyclizar|Cyclizar, L83, F|228/252|[from] U-turn\n|\n|-weather|RainDance|[upkeep]\n|upkeep\n|turn|9\n|\n|t:|1781464802\n|move|p2a: Cyclizar|Shed Tail|p2a: Cyclizar\n|-start|p2a: Cyclizar|Substitute|[from] move: Shed Tail\n|-damage|p2a: Cyclizar|102/252\n|\n|t:|1781464805\n|switch|p2a: Yanmega|Yanmega, L82, M|275/275|[from] Shed Tail\n|move|p1a: Pawmot|Close Combat|p2a: Yanmega\n|-resisted|p2a: Yanmega\n|-activate|p2a: Yanmega|move: Substitute|[damage]\n|-unboost|p1a: Pawmot|def|1\n|-unboost|p1a: Pawmot|spd|1\n|-damage|p1a: Pawmot|200/243|[from] item: Life Orb\n|\n|-weather|RainDance|[upkeep]\n|upkeep\n|turn|10\n|\n|t:|1781464814\n|switch|p1a: Espeon|Espeon, L84, M|68/246\n|move|p2a: Yanmega|Protect||[still]\n|-fail|p2a: Yanmega\n|\n|-weather|none\n|-ability|p2a: Yanmega|Speed Boost|boost\n|-boost|p2a: Yanmega|spe|1\n|upkeep\n|turn|11\n|\n|t:|1781464818\n|move|p2a: Yanmega|Bug Buzz|p1a: Espeon\n|-supereffective|p1a: Espeon\n|-damage|p1a: Espeon|0 fnt\n|faint|p1a: Espeon\n|\n|-ability|p2a: Yanmega|Speed Boost|boost\n|-boost|p2a: Yanmega|spe|1\n|upkeep\n|\n|t:|1781464824\n|switch|p1a: Typhlosion|Typhlosion, L84, M|267/267\n|turn|12\n|\n|t:|1781464832\n|move|p2a: Yanmega|Protect|p2a: Yanmega\n|-singleturn|p2a: Yanmega|Protect\n|move|p1a: Typhlosion|Fire Blast|p2a: Yanmega\n|-activate|p2a: Yanmega|move: Protect\n|\n|-ability|p2a: Yanmega|Speed Boost|boost\n|-boost|p2a: Yanmega|spe|1\n|upkeep\n|turn|13\n|\n|t:|1781464845\n|move|p2a: Yanmega|Air Slash|p1a: Typhlosion\n|-damage|p1a: Typhlosion|185/267\n|move|p1a: Typhlosion|Fire Blast|p2a: Yanmega\n|-supereffective|p2a: Yanmega\n|-end|p2a: Yanmega|Substitute\n|\n|-ability|p2a: Yanmega|Speed Boost|boost\n|-boost|p2a: Yanmega|spe|1\n|upkeep\n|turn|14\n|\n|t:|1781464852\n|move|p2a: Yanmega|Protect|p2a: Yanmega\n|-singleturn|p2a: Yanmega|Protect\n|move|p1a: Typhlosion|Fire Blast|p2a: Yanmega\n|-activate|p2a: Yanmega|move: Protect\n|\n|-ability|p2a: Yanmega|Speed Boost|boost\n|-boost|p2a: Yanmega|spe|1\n|upkeep\n|turn|15\n|\n|t:|1781464855\n|switch|p2a: Tyranitar|Tyranitar, L78, M|284/284\n|-weather|Sandstorm|[from] ability: Sand Stream|[of] p2a: Tyranitar\n|move|p1a: Typhlosion|Fire Blast|p2a: Tyranitar\n|-resisted|p2a: Tyranitar\n|-damage|p2a: Tyranitar|227/284\n|\n|-weather|Sandstorm|[upkeep]\n|-damage|p1a: Typhlosion|169/267|[from] Sandstorm\n|upkeep\n|turn|16\n|\n|t:|1781464863\n|switch|p1a: Pawmot|Pawmot, L80, F|200/243\n|move|p2a: Tyranitar|Dragon Dance|p2a: Tyranitar\n|-boost|p2a: Tyranitar|atk|1\n|-boost|p2a: Tyranitar|spe|1\n|\n|-weather|Sandstorm|[upkeep]\n|-damage|p1a: Pawmot|185/243|[from] Sandstorm\n|upkeep\n|turn|17\n|\n|t:|1781464871\n|-terastallize|p2a: Tyranitar|Ghost\n|move|p1a: Pawmot|Close Combat|p2a: Tyranitar\n|-immune|p2a: Tyranitar\n|move|p2a: Tyranitar|Dragon Dance|p2a: Tyranitar\n|-boost|p2a: Tyranitar|atk|1\n|-boost|p2a: Tyranitar|spe|1\n|\n|-weather|Sandstorm|[upkeep]\n|-damage|p2a: Tyranitar|210/284|[from] Sandstorm\n|-damage|p1a: Pawmot|170/243|[from] Sandstorm\n|upkeep\n|turn|18\n|\n|t:|1781464886\n|move|p2a: Tyranitar|Dragon Dance|p2a: Tyranitar\n|-boost|p2a: Tyranitar|atk|1\n|-boost|p2a: Tyranitar|spe|1\n|move|p1a: Pawmot|Double Shock|p2a: Tyranitar\n|-damage|p2a: Tyranitar|57/284\n|-start|p1a: Pawmot|typechange|???/Fighting|[from] move: Double Shock\n|-damage|p1a: Pawmot|146/243|[from] item: Life Orb\n|\n|-weather|Sandstorm|[upkeep]\n|-damage|p2a: Tyranitar|40/284|[from] Sandstorm\n|-damage|p1a: Pawmot|131/243|[from] Sandstorm\n|upkeep\n|turn|19\n|\n|t:|1781464899\n|move|p2a: Tyranitar|Ice Punch|p1a: Pawmot\n|-damage|p1a: Pawmot|0 fnt\n|faint|p1a: Pawmot\n|\n|-weather|none\n|upkeep\n|\n|t:|1781464904\n|switch|p1a: Jirachi|Jirachi, L80|291/291\n|turn|20\n|\n|t:|1781464906\n|move|p2a: Tyranitar|Knock Off|p1a: Jirachi\n|-supereffective|p1a: Jirachi\n|-damage|p1a: Jirachi|0 fnt\n|-enditem|p1a: Jirachi|Choice Scarf|[from] move: Knock Off|[of] p2a: Tyranitar\n|faint|p1a: Jirachi\n|\n|upkeep\n|-message|anto004 forfeited.\n|\n|win|ranger 0\n", "uploadtime": 1781464658, "views": 4, "formatid": "gen9randombattle", "rating": null, "private": 0, "password": null}