{"id": "gen9randombattle-2631889882", "format": "[Gen 9] Random Battle", "players": ["Marferno", "symitry"], "log": "|j|\u2606Marferno\n|j|\u2606symitry\n|t:|1781452458\n|gametype|singles\n|player|p1|Marferno|lucas-gen4pt|1938\n|player|p2|symitry|102|1984\n|gen|9\n|tier|[Gen 9] Random Battle\n|rated|\n|rule|Species Clause: Limit one of each Pok\u00e9mon\n|rule|HP Percentage Mod: HP is shown in percentages\n|rule|Sleep Clause Mod: Limit one foe put to sleep\n|rule|Illusion Level Mod: Illusion disguises the Pok\u00e9mon's true level\n|\n|t:|1781452458\n|teamsize|p1|6\n|teamsize|p2|6\n|start\n|switch|p1a: Copperajah|Copperajah, L86, F|350/350\n|switch|p2a: Bruxish|Bruxish, L85, F|254/254\n|turn|1\n|inactive|Battle timer is ON: inactive players will automatically lose when time's up. (requested by Marferno)\n|\n|t:|1781452473\n|switch|p2a: Rotom|Rotom, L88|231/231\n|move|p1a: Copperajah|Earthquake|p2a: Rotom\n|-immune|p2a: Rotom|[from] ability: Levitate\n|\n|upkeep\n|turn|2\n|\n|t:|1781452480\n|switch|p1a: Cyclizar|Cyclizar, L83, F|252/252\n|move|p2a: Rotom|Will-O-Wisp|p1a: Cyclizar\n|-status|p1a: Cyclizar|brn\n|\n|-damage|p1a: Cyclizar|237/252 brn|[from] brn\n|upkeep\n|turn|3\n|\n|t:|1781452492\n|switch|p2a: Hydrapple|Hydrapple, L83, F|312/312\n|move|p1a: Cyclizar|Knock Off|p2a: Hydrapple\n|-damage|p2a: Hydrapple|283/312\n|-enditem|p2a: Hydrapple|Choice Specs|[from] move: Knock Off|[of] p1a: Cyclizar\n|\n|-damage|p1a: Cyclizar|222/252 brn|[from] brn\n|upkeep\n|turn|4\n|\n|t:|1781452499\n|switch|p2a: Flutter Mane|Flutter Mane, L74|203/203\n|move|p1a: Cyclizar|Shed Tail|p1a: Cyclizar\n|-start|p1a: Cyclizar|Substitute|[from] move: Shed Tail\n|-damage|p1a: Cyclizar|96/252 brn\n|\n|t:|1781452511\n|switch|p1a: Primarina|Primarina, L83, F|268/268|[from] Shed Tail\n|\n|upkeep\n|turn|5\n|\n|t:|1781452523\n|move|p2a: Flutter Mane|Thunderbolt|p1a: Primarina\n|-supereffective|p1a: Primarina\n|-end|p1a: Primarina|Substitute\n|-damage|p2a: Flutter Mane|183/203|[from] item: Life Orb\n|move|p1a: Primarina|Calm Mind|p1a: Primarina\n|-boost|p1a: Primarina|spa|1\n|-boost|p1a: Primarina|spd|1\n|\n|upkeep\n|turn|6\n|\n|t:|1781452529\n|move|p2a: Flutter Mane|Calm Mind|p2a: Flutter Mane\n|-boost|p2a: Flutter Mane|spa|1\n|-boost|p2a: Flutter Mane|spd|1\n|move|p1a: Primarina|Calm Mind|p1a: Primarina\n|-boost|p1a: Primarina|spa|1\n|-boost|p1a: Primarina|spd|1\n|\n|upkeep\n|turn|7\n|\n|t:|1781452537\n|move|p2a: Flutter Mane|Calm Mind|p2a: Flutter Mane\n|-boost|p2a: Flutter Mane|spa|1\n|-boost|p2a: Flutter Mane|spd|1\n|move|p1a: Primarina|Sparkling Aria|p2a: Flutter Mane\n|-damage|p2a: Flutter Mane|98/203\n|\n|upkeep\n|turn|8\n|\n|t:|1781452545\n|move|p2a: Flutter Mane|Thunderbolt|p1a: Primarina\n|-supereffective|p1a: Primarina\n|-damage|p1a: Primarina|133/268\n|-damage|p2a: Flutter Mane|78/203|[from] item: Life Orb\n|move|p1a: Primarina|Sparkling Aria|p2a: Flutter Mane\n|-damage|p2a: Flutter Mane|0 fnt\n|faint|p2a: Flutter Mane\n|-end|p2a: Flutter Mane|Protosynthesis|[silent]\n|\n|-heal|p1a: Primarina|149/268|[from] item: Leftovers\n|upkeep\n|\n|t:|1781452550\n|switch|p2a: Bruxish|Bruxish, L85, F|254/254\n|turn|9\n|\n|t:|1781452556\n|switch|p1a: Copperajah|Copperajah, L86, F|350/350\n|move|p2a: Bruxish|Psychic Fangs|p1a: Copperajah\n|-resisted|p1a: Copperajah\n|-damage|p1a: Copperajah|226/350\n|\n|upkeep\n|turn|10\n|\n|t:|1781452574\n|switch|p2a: Hydrapple|Hydrapple, L83, F|312/312\n|move|p1a: Copperajah|Heavy Slam|p2a: Hydrapple\n|-damage|p2a: Hydrapple|95/312\n|\n|upkeep\n|turn|11\n|\n|t:|1781452589\n|switch|p2a: Bruxish|Bruxish, L85, F|254/254\n|move|p1a: Copperajah|Heavy Slam|p2a: Bruxish\n|-resisted|p2a: Bruxish\n|-damage|p2a: Bruxish|105/254\n|\n|upkeep\n|turn|12\n|\n|t:|1781452591\n|move|p2a: Bruxish|Wave Crash|p1a: Copperajah\n|-damage|p1a: Copperajah|0 fnt\n|faint|p1a: Copperajah\n|-damage|p2a: Bruxish|30/254|[from] Recoil\n|\n|upkeep\n|\n|t:|1781452598\n|switch|p1a: Koraidon|Koraidon, L64|235/235\n|-weather|SunnyDay|[from] ability: Orichalcum Pulse|[of] p1a: Koraidon\n|-activate|p1a: Koraidon|Orichalcum Pulse|[source]\n|turn|13\n|\n|t:|1781452608\n|move|p1a: Koraidon|Swords Dance|p1a: Koraidon\n|-boost|p1a: Koraidon|atk|2\n|move|p2a: Bruxish|Wave Crash|p1a: Koraidon\n|-resisted|p1a: Koraidon\n|-damage|p1a: Koraidon|184/235\n|-damage|p2a: Bruxish|13/254|[from] Recoil\n|\n|-weather|SunnyDay|[upkeep]\n|upkeep\n|turn|14\n|\n|t:|1781452613\n|move|p1a: Koraidon|Scale Shot|p2a: Bruxish\n|-damage|p2a: Bruxish|0 fnt\n|faint|p2a: Bruxish\n|-hitcount|p2: Bruxish|1\n|-unboost|p1a: Koraidon|def|1\n|-boost|p1a: Koraidon|spe|1\n|\n|-weather|SunnyDay|[upkeep]\n|upkeep\n|\n|t:|1781452624\n|switch|p2a: Weavile|Weavile, L79, M|240/240\n|turn|15\n|\n|t:|1781452629\n|switch|p2a: Rotom|Rotom, L88|231/231\n|move|p1a: Koraidon|Flare Blitz|p2a: Rotom\n|-damage|p2a: Rotom|0 fnt\n|faint|p2a: Rotom\n|-damage|p1a: Koraidon|108/235|[from] Recoil\n|\n|-weather|SunnyDay|[upkeep]\n|upkeep\n|\n|t:|1781452635\n|switch|p2a: Thundurus|Thundurus-Therian, L80, M|258/258\n|turn|16\n|\n|t:|1781452641\n|switch|p2a: Hydrapple|Hydrapple, L83, F|199/312\n|move|p1a: Koraidon|Flare Blitz|p2a: Hydrapple\n|-damage|p2a: Hydrapple|0 fnt\n|faint|p2a: Hydrapple\n|-damage|p1a: Koraidon|42/235|[from] Recoil\n|\n|-weather|SunnyDay|[upkeep]\n|upkeep\n|\n|t:|1781452655\n|switch|p2a: Thundurus|Thundurus-Therian, L80, M|258/258\n|turn|17\n|\n|t:|1781452663\n|move|p1a: Koraidon|Flare Blitz|p2a: Thundurus\n|-damage|p2a: Thundurus|0 fnt\n|faint|p2a: Thundurus\n|-damage|p1a: Koraidon|0 fnt|[from] Recoil\n|faint|p1a: Koraidon\n|\n|-weather|none\n|upkeep\n|\n|t:|1781452673\n|switch|p1a: Crawdaunt|Crawdaunt, L84, F|243/243\n|switch|p2a: Weavile|Weavile, L79, M|240/240\n|turn|18\n|\n|t:|1781452680\n|-terastallize|p2a: Weavile|Fighting\n|-terastallize|p1a: Crawdaunt|Water\n|move|p1a: Crawdaunt|Aqua Jet|p2a: Weavile\n|-damage|p2a: Weavile|106/240\n|-damage|p1a: Crawdaunt|219/243|[from] item: Life Orb\n|move|p2a: Weavile|Swords Dance|p2a: Weavile\n|-boost|p2a: Weavile|atk|2\n|\n|upkeep\n|turn|19\n|\n|t:|1781452684\n|move|p1a: Crawdaunt|Aqua Jet|p2a: Weavile\n|-damage|p2a: Weavile|0 fnt\n|faint|p2a: Weavile\n|-damage|p1a: Crawdaunt|195/243|[from] item: Life Orb\n|\n|win|Marferno\n", "inputlog": ">version a8376a258c1d4662feba110a92103f3664a72141\n>start {\"formatid\":\"gen9randombattle\",\"seed\":\"sodium,5c25eb4957ddddf6b60a680db14bacd8\",\"rated\":\"Rated battle\"}\n>player p1 {\"name\":\"Marferno\",\"avatar\":\"lucas-gen4pt\",\"rating\":1938,\"seed\":\"sodium,9c19ef1604dd14e7925451cb04d60667\"}\n>player p2 {\"name\":\"symitry\",\"avatar\":\"102\",\"rating\":1984,\"seed\":\"sodium,4e1a005c03e423f31b1f1841e8724964\"}\n>p1 move earthquake\n>p2 switch 3\n>p1 switch 4\n>p2 move willowisp\n>p1 move knockoff\n>p2 switch 2\n>p1 move shedtail\n>p2 switch 6\n>p1 switch 6\n>p1 move calmmind\n>p2 move thunderbolt\n>p1 move calmmind\n>p2 move calmmind\n>p1 move sparklingaria\n>p2 move calmmind\n>p1 move sparklingaria\n>p2 move thunderbolt\n>p2 switch 3\n>p1 switch 4\n>p2 move psychicfangs\n>p1 move heavyslam\n>p2 switch 6\n>p1 move heavyslam\n>p2 switch 6\n>p1 move heavyslam\n>p2 move wavecrash\n>p1 switch 2\n>p1 move swordsdance\n>p2 move wavecrash\n>p1 move scaleshot\n>p2 move wavecrash\n>p2 switch 5\n>p1 move flareblitz\n>p2 switch 2\n>p2 switch 4\n>p1 move flareblitz\n>p2 switch 6\n>p2 switch 6\n>p1 move flareblitz\n>p2 move sludgewave\n>p1 switch 3\n>p2 switch 2\n>p1 move aquajet terastallize\n>p2 move swordsdance terastallize\n>p1 move aquajet\n>p2 move lowkick", "uploadtime": 1781452460, "views": 5, "formatid": "gen9randombattle", "rating": null, "private": 0, "password": null}