{"id": "gen9randombattle-2631390727", "format": "[Gen 9] Random Battle", "players": ["nutbustas", "JayCroc"], "log": "|j|\u203dnutbustas\n|j|\u2606JayCroc\n|t:|1781379033\n|gametype|singles\n|player|p1|nutbustas|plumeria|2005\n|player|p2|JayCroc|ivor|2105\n|gen|9\n|tier|[Gen 9] Random Battle\n|rated|\n|rule|Species Clause: Limit one of each Pok\u00e9mon\n|rule|HP Percentage Mod: HP is shown in percentages\n|rule|Sleep Clause Mod: Limit one foe put to sleep\n|rule|Illusion Level Mod: Illusion disguises the Pok\u00e9mon's true level\n|\n|t:|1781379033\n|teamsize|p1|6\n|teamsize|p2|6\n|start\n|switch|p1a: Bisharp|Bisharp, L79, M|232/232\n|switch|p2a: Vespiquen|Vespiquen, L99, F|299/299\n|-ability|p2a: Vespiquen|Pressure\n|turn|1\n|\n|t:|1781379042\n|move|p1a: Bisharp|Swords Dance|p1a: Bisharp\n|-boost|p1a: Bisharp|atk|2\n|move|p2a: Vespiquen|Spikes|p1a: Bisharp\n|-sidestart|p1: nutbustas|Spikes\n|\n|upkeep\n|turn|2\n|\n|t:|1781379055\n|switch|p2a: Pawmot|Pawmot, L80, F|243/243\n|move|p1a: Bisharp|Iron Head|p2a: Pawmot\n|-resisted|p2a: Pawmot\n|-damage|p2a: Pawmot|128/243\n|\n|upkeep\n|turn|3\n|\n|t:|1781379064\n|switch|p1a: Vileplume|Vileplume, L85, M|266/266\n|-damage|p1a: Vileplume|233/266|[from] Spikes\n|move|p2a: Pawmot|Close Combat|p1a: Vileplume\n|-resisted|p1a: Vileplume\n|-damage|p1a: Vileplume|169/266\n|-unboost|p2a: Pawmot|def|1\n|-unboost|p2a: Pawmot|spd|1\n|\n|-heal|p1a: Vileplume|185/266|[from] item: Leftovers\n|upkeep\n|turn|4\n|\n|t:|1781379076\n|switch|p2a: Reuniclus|Reuniclus, L88, F|337/337\n|move|p1a: Vileplume|Sleep Powder|p2a: Reuniclus\n|-status|p2a: Reuniclus|slp|[from] move: Sleep Powder\n|\n|-heal|p1a: Vileplume|201/266|[from] item: Leftovers\n|upkeep\n|turn|5\n|\n|t:|1781379085\n|switch|p1a: Darkrai|Darkrai, L77|234/234\n|-damage|p1a: Darkrai|205/234|[from] Spikes\n|switch|p2a: Vespiquen|Vespiquen, L99, F|299/299\n|-ability|p2a: Vespiquen|Pressure\n|\n|-heal|p1a: Darkrai|219/234|[from] item: Leftovers\n|upkeep\n|turn|6\n|\n|t:|1781379097\n|switch|p1a: Bisharp|Bisharp, L79, M|232/232\n|-damage|p1a: Bisharp|203/232|[from] Spikes\n|move|p2a: Vespiquen|Hurricane|p1a: Bisharp\n|-resisted|p1a: Bisharp\n|-damage|p1a: Bisharp|140/232\n|-start|p1a: Bisharp|confusion\n|\n|upkeep\n|turn|7\n|\n|t:|1781379105\n|-activate|p1a: Bisharp|confusion\n|move|p1a: Bisharp|Iron Head|p2a: Vespiquen\n|-damage|p2a: Vespiquen|229/299\n|move|p2a: Vespiquen|Spikes|p1a: Bisharp\n|-sidestart|p1: nutbustas|Spikes\n|\n|upkeep\n|turn|8\n|\n|t:|1781379110\n|-end|p1a: Bisharp|confusion\n|move|p1a: Bisharp|Swords Dance|p1a: Bisharp\n|-boost|p1a: Bisharp|atk|2\n|move|p2a: Vespiquen|Spikes|p1a: Bisharp\n|-sidestart|p1: nutbustas|Spikes\n|\n|upkeep\n|turn|9\n|\n|t:|1781379118\n|move|p1a: Bisharp|Iron Head|p2a: Vespiquen\n|-damage|p2a: Vespiquen|85/299\n|move|p2a: Vespiquen|Hurricane|p1a: Bisharp\n|-resisted|p1a: Bisharp\n|-damage|p1a: Bisharp|82/232\n|\n|upkeep\n|turn|10\n|\n|t:|1781379137\n|move|p1a: Bisharp|Swords Dance|p1a: Bisharp\n|-boost|p1a: Bisharp|atk|2\n|move|p2a: Vespiquen|Hurricane|p1a: Bisharp\n|-resisted|p1a: Bisharp\n|-damage|p1a: Bisharp|28/232\n|-start|p1a: Bisharp|confusion\n|\n|upkeep\n|turn|11\n|\n|t:|1781379145\n|-activate|p1a: Bisharp|confusion\n|move|p1a: Bisharp|Iron Head|p2a: Vespiquen\n|-damage|p2a: Vespiquen|0 fnt\n|faint|p2a: Vespiquen\n|\n|upkeep\n|\n|t:|1781379149\n|switch|p2a: Pawmot|Pawmot, L80, F|128/243\n|turn|12\n|\n|t:|1781379152\n|-end|p1a: Bisharp|confusion\n|move|p1a: Bisharp|Sucker Punch|p2a: Pawmot\n|-resisted|p2a: Pawmot\n|-damage|p2a: Pawmot|0 fnt\n|faint|p2a: Pawmot\n|\n|upkeep\n|\n|t:|1781379158\n|switch|p2a: Dedenne|Dedenne, L88, F|261/261\n|turn|13\n|\n|t:|1781379162\n|move|p1a: Bisharp|Sucker Punch|p2a: Dedenne\n|-resisted|p2a: Dedenne\n|-damage|p2a: Dedenne|110/261\n|-enditem|p2a: Dedenne|Sitrus Berry|[eat]\n|-heal|p2a: Dedenne|175/261|[from] item: Sitrus Berry\n|-heal|p2a: Dedenne|261/261|[from] ability: Cheek Pouch\n|move|p2a: Dedenne|Thunderbolt|p1a: Bisharp\n|-damage|p1a: Bisharp|0 fnt\n|faint|p1a: Bisharp\n|\n|upkeep\n|\n|t:|1781379169\n|switch|p1a: Whiscash|Whiscash, L88, F|337/337\n|-damage|p1a: Whiscash|253/337|[from] Spikes\n|turn|14\n|\n|t:|1781379174\n|move|p2a: Dedenne|U-turn|p1a: Whiscash\n|-damage|p1a: Whiscash|213/337\n|\n|t:|1781379177\n|switch|p2a: Kingdra|Kingdra, L84, M|263/263|[from] U-turn\n|move|p1a: Whiscash|Earthquake|p2a: Kingdra\n|-damage|p2a: Kingdra|166/263\n|\n|-heal|p1a: Whiscash|234/337|[from] item: Leftovers\n|upkeep\n|turn|15\n|\n|t:|1781379185\n|move|p2a: Kingdra|Dragon Dance|p2a: Kingdra\n|-boost|p2a: Kingdra|atk|1\n|-boost|p2a: Kingdra|spe|1\n|move|p1a: Whiscash|Earthquake|p2a: Kingdra\n|-damage|p2a: Kingdra|75/263\n|\n|-heal|p1a: Whiscash|255/337|[from] item: Leftovers\n|upkeep\n|turn|16\n|\n|t:|1781379193\n|move|p2a: Kingdra|Wave Crash|p1a: Whiscash\n|-damage|p1a: Whiscash|68/337\n|-damage|p2a: Kingdra|13/263|[from] Recoil\n|move|p1a: Whiscash|Earthquake|p2a: Kingdra\n|-damage|p2a: Kingdra|0 fnt\n|faint|p2a: Kingdra\n|\n|-heal|p1a: Whiscash|89/337|[from] item: Leftovers\n|upkeep\n|\n|t:|1781379201\n|switch|p2a: Dedenne|Dedenne, L88, F|261/261\n|turn|17\n|\n|t:|1781379204\n|move|p2a: Dedenne|Dazzling Gleam|p1a: Whiscash\n|-damage|p1a: Whiscash|0 fnt\n|faint|p1a: Whiscash\n|\n|upkeep\n|\n|t:|1781379212\n|switch|p1a: Vileplume|Vileplume, L85, M|201/266\n|-damage|p1a: Vileplume|135/266|[from] Spikes\n|turn|18\n|\n|t:|1781379217\n|move|p2a: Dedenne|U-turn|p1a: Vileplume\n|-damage|p1a: Vileplume|96/266\n|\n|t:|1781379220\n|switch|p2a: Reuniclus|Reuniclus, L88, F|337/337 slp|[from] U-turn\n|move|p1a: Vileplume|Sludge Bomb|p2a: Reuniclus\n|-damage|p2a: Reuniclus|231/337 slp\n|\n|-heal|p1a: Vileplume|112/266|[from] item: Leftovers\n|upkeep\n|turn|19\n|\n|t:|1781379229\n|move|p1a: Vileplume|Sludge Bomb|p2a: Reuniclus\n|-damage|p2a: Reuniclus|129/337 slp\n|cant|p2a: Reuniclus|slp\n|\n|-heal|p1a: Vileplume|128/266|[from] item: Leftovers\n|upkeep\n|turn|20\n|\n|t:|1781379235\n|move|p1a: Vileplume|Sludge Bomb|p2a: Reuniclus\n|-damage|p2a: Reuniclus|27/337 slp\n|cant|p2a: Reuniclus|slp\n|\n|-heal|p1a: Vileplume|144/266|[from] item: Leftovers\n|upkeep\n|turn|21\n|\n|t:|1781379243\n|switch|p2a: Dedenne|Dedenne, L88, F|261/261\n|move|p1a: Vileplume|Giga Drain|p2a: Dedenne\n|-damage|p2a: Dedenne|153/261\n|-heal|p1a: Vileplume|198/266|[from] drain|[of] p2a: Dedenne\n|\n|-heal|p1a: Vileplume|214/266|[from] item: Leftovers\n|upkeep\n|turn|22\n|\n|t:|1781379250\n|move|p2a: Dedenne|Super Fang|p1a: Vileplume|[miss]\n|-miss|p2a: Dedenne|p1a: Vileplume\n|move|p1a: Vileplume|Sludge Bomb|p2a: Dedenne\n|-supereffective|p2a: Dedenne\n|-damage|p2a: Dedenne|0 fnt\n|faint|p2a: Dedenne\n|\n|-heal|p1a: Vileplume|230/266|[from] item: Leftovers\n|upkeep\n|\n|t:|1781379258\n|switch|p2a: Regidrago|Regidrago, L77|435/435\n|turn|23\n|\n|t:|1781379263\n|move|p2a: Regidrago|Dragon Dance|p2a: Regidrago\n|-boost|p2a: Regidrago|atk|1\n|-boost|p2a: Regidrago|spe|1\n|move|p1a: Vileplume|Strength Sap|p2a: Regidrago\n|-unboost|p2a: Regidrago|atk|1\n|-heal|p1a: Vileplume|266/266\n|\n|upkeep\n|turn|24\n|\n|t:|1781379270\n|move|p2a: Regidrago|Dragon Dance|p2a: Regidrago\n|-boost|p2a: Regidrago|atk|1\n|-boost|p2a: Regidrago|spe|1\n|move|p1a: Vileplume|Sludge Bomb|p2a: Regidrago\n|-damage|p2a: Regidrago|249/435\n|\n|upkeep\n|turn|25\n|\n|t:|1781379280\n|-terastallize|p2a: Regidrago|Dragon\n|move|p2a: Regidrago|Draco Meteor|p1a: Vileplume\n|-damage|p1a: Vileplume|28/266\n|-unboost|p2a: Regidrago|spa|2\n|move|p1a: Vileplume|Strength Sap|p2a: Regidrago\n|-unboost|p2a: Regidrago|atk|1\n|-heal|p1a: Vileplume|266/266\n|\n|upkeep\n|turn|26\n|\n|t:|1781379290\n|move|p2a: Regidrago|Dragon Dance|p2a: Regidrago\n|-boost|p2a: Regidrago|atk|1\n|-boost|p2a: Regidrago|spe|1\n|move|p1a: Vileplume|Sludge Bomb|p2a: Regidrago\n|-damage|p2a: Regidrago|89/435\n|\n|upkeep\n|turn|27\n|\n|t:|1781379295\n|move|p2a: Regidrago|Outrage|p1a: Vileplume\n|-damage|p1a: Vileplume|0 fnt\n|faint|p1a: Vileplume\n|\n|upkeep\n|\n|t:|1781379301\n|switch|p1a: Misdreavus|Misdreavus, L90, M|254/254\n|turn|28\n|-message|JayCroc forfeited.\n|\n|win|nutbustas\n", "uploadtime": 1781379034, "views": 6, "formatid": "gen9randombattle", "rating": null, "private": 0, "password": null}