{"id": "gen9randombattle-2631833100", "format": "[Gen 9] Random Battle", "players": ["hdjci", "Lord Stantler"], "log": "|j|\u2606hdjci\n|j|\u2606Lord Stantler\n|t:|1781445913\n|gametype|singles\n|player|p1|hdjci|265|1932\n|player|p2|Lord Stantler|169|1975\n|gen|9\n|tier|[Gen 9] Random Battle\n|rated|\n|rule|Species Clause: Limit one of each Pok\u00e9mon\n|rule|HP Percentage Mod: HP is shown in percentages\n|rule|Sleep Clause Mod: Limit one foe put to sleep\n|rule|Illusion Level Mod: Illusion disguises the Pok\u00e9mon's true level\n|\n|t:|1781445913\n|teamsize|p1|6\n|teamsize|p2|6\n|start\n|switch|p1a: Suicune|Suicune, L82|298/298\n|switch|p2a: Palafin|Palafin, L77, M|281/281\n|-ability|p1a: Suicune|Pressure\n|turn|1\n|inactive|Battle timer is ON: inactive players will automatically lose when time's up. (requested by Lord Stantler)\n|\n|t:|1781445922\n|move|p2a: Palafin|Flip Turn|p1a: Suicune\n|-resisted|p1a: Suicune\n|-damage|p1a: Suicune|271/298\n|\n|t:|1781445925\n|detailschange|p2a: Palafin|Palafin-Hero, L77, M\n|switch|p2a: Araquanid|Araquanid, L82, F|246/246|[from] Flip Turn\n|move|p1a: Suicune|Calm Mind|p1a: Suicune\n|-boost|p1a: Suicune|spa|1\n|-boost|p1a: Suicune|spd|1\n|\n|-heal|p1a: Suicune|289/298|[from] item: Leftovers\n|upkeep\n|turn|2\n|\n|t:|1781445935\n|move|p1a: Suicune|Calm Mind|p1a: Suicune\n|-boost|p1a: Suicune|spa|1\n|-boost|p1a: Suicune|spd|1\n|move|p2a: Araquanid|Sticky Web|p1a: Suicune\n|-sidestart|p1: hdjci|move: Sticky Web\n|\n|-heal|p1a: Suicune|298/298|[from] item: Leftovers\n|upkeep\n|turn|3\n|\n|t:|1781445948\n|move|p1a: Suicune|Calm Mind|p1a: Suicune\n|-boost|p1a: Suicune|spa|1\n|-boost|p1a: Suicune|spd|1\n|move|p2a: Araquanid|Leech Life|p1a: Suicune\n|-crit|p1a: Suicune\n|-damage|p1a: Suicune|219/298\n|\n|-heal|p1a: Suicune|237/298|[from] item: Leftovers\n|upkeep\n|turn|4\n|inactive|hdjci has 120 seconds left.\n|\n|t:|1781445986\n|move|p1a: Suicune|Calm Mind|p1a: Suicune\n|-boost|p1a: Suicune|spa|1\n|-boost|p1a: Suicune|spd|1\n|move|p2a: Araquanid|Leech Life|p1a: Suicune\n|-damage|p1a: Suicune|188/298\n|\n|-heal|p1a: Suicune|206/298|[from] item: Leftovers\n|upkeep\n|turn|5\n|\n|t:|1781445990\n|move|p1a: Suicune|Calm Mind|p1a: Suicune\n|-boost|p1a: Suicune|spa|1\n|-boost|p1a: Suicune|spd|1\n|move|p2a: Araquanid|Mirror Coat||[still]\n|-fail|p2a: Araquanid\n|\n|-heal|p1a: Suicune|224/298|[from] item: Leftovers\n|upkeep\n|turn|6\n|\n|t:|1781445996\n|move|p1a: Suicune|Calm Mind|p1a: Suicune\n|-boost|p1a: Suicune|spa|1\n|-boost|p1a: Suicune|spd|1\n|move|p2a: Araquanid|Liquidation|p1a: Suicune\n|-resisted|p1a: Suicune\n|-crit|p1a: Suicune\n|-damage|p1a: Suicune|143/298\n|-unboost|p1a: Suicune|def|1\n|\n|-heal|p1a: Suicune|161/298|[from] item: Leftovers\n|upkeep\n|turn|7\n|\n|t:|1781446008\n|move|p1a: Suicune|Rest|p1a: Suicune\n|-status|p1a: Suicune|slp|[from] move: Rest\n|-heal|p1a: Suicune|298/298 slp|[silent]\n|move|p2a: Araquanid|Mirror Coat||[still]\n|-fail|p2a: Araquanid\n|\n|upkeep\n|turn|8\n|\n|t:|1781446017\n|switch|p1a: Sandslash|Sandslash-Alola, L88, F|275/275\n|-activate|p1a: Sandslash|move: Sticky Web\n|-unboost|p1a: Sandslash|spe|1\n|move|p2a: Araquanid|Mirror Coat||[still]\n|-fail|p2a: Araquanid\n|\n|upkeep\n|turn|9\n|\n|t:|1781446023\n|switch|p2a: Deoxys|Deoxys-Defense, L84|221/221\n|-ability|p2a: Deoxys|Pressure\n|move|p1a: Sandslash|Rapid Spin|p2a: Deoxys\n|-damage|p2a: Deoxys|198/221\n|-boost|p1a: Sandslash|spe|1\n|-damage|p1a: Sandslash|230/275|[from] item: Rocky Helmet|[of] p2a: Deoxys\n|-sideend|p1: hdjci|Sticky Web|[from] move: Rapid Spin|[of] p1a: Sandslash\n|\n|upkeep\n|turn|10\n|\n|t:|1781446035\n|switch|p1a: Spidops|Spidops, L96, M|271/271\n|move|p2a: Deoxys|Spikes|p1a: Spidops\n|-sidestart|p1: hdjci|Spikes\n|\n|upkeep\n|turn|11\n|\n|t:|1781446049\n|move|p1a: Spidops|Sticky Web|p2a: Deoxys\n|-sidestart|p2: Lord Stantler|move: Sticky Web\n|move|p2a: Deoxys|Teleport|p2a: Deoxys\n|\n|t:|1781446053\n|switch|p2a: Araquanid|Araquanid, L82, F|246/246|[from] Teleport\n|\n|upkeep\n|turn|12\n|\n|t:|1781446073\n|switch|p1a: Lanturn|Lanturn, L89, F|367/367\n|move|p2a: Araquanid|Sticky Web|p1a: Lanturn\n|-sidestart|p1: hdjci|move: Sticky Web\n|\n|upkeep\n|turn|13\n|\n|t:|1781446077\n|move|p1a: Lanturn|Volt Switch|p2a: Araquanid\n|-supereffective|p2a: Araquanid\n|-damage|p2a: Araquanid|148/246\n|\n|t:|1781446085\n|switch|p1a: Suicune|Suicune, L82|298/298 slp|[from] Volt Switch\n|-damage|p1a: Suicune|261/298 slp|[from] Spikes\n|-activate|p1a: Suicune|move: Sticky Web\n|-unboost|p1a: Suicune|spe|1\n|-ability|p1a: Suicune|Pressure\n|move|p2a: Araquanid|Mirror Coat|p1a: Suicune\n|-damage|p1a: Suicune|65/298 slp\n|\n|-heal|p1a: Suicune|83/298 slp|[from] item: Leftovers\n|upkeep\n|turn|14\n|\n|t:|1781446095\n|cant|p1a: Suicune|slp\n|move|p2a: Araquanid|Leech Life|p1a: Suicune\n|-damage|p1a: Suicune|31/298 slp\n|-heal|p2a: Araquanid|174/246|[from] drain|[of] p1a: Suicune\n|\n|-heal|p1a: Suicune|49/298 slp|[from] item: Leftovers\n|upkeep\n|turn|15\n|\n|t:|1781446119\n|switch|p2a: Meowstic|Meowstic-F, L89, F|277/277\n|-activate|p2a: Meowstic|move: Sticky Web\n|-unboost|p2a: Meowstic|spe|1\n|-ability|p2a: Meowstic|Competitive|boost\n|-boost|p2a: Meowstic|spa|2\n|cant|p1a: Suicune|slp\n|move|p1a: Suicune|Sleep Talk|p1a: Suicune\n|move|p1a: Suicune|Rest||[from] move: Sleep Talk|[still]\n|-fail|p1a: Suicune\n|\n|-heal|p1a: Suicune|67/298 slp|[from] item: Leftovers\n|upkeep\n|turn|16\n|\n|t:|1781446133\n|move|p2a: Meowstic|Psychic|p1a: Suicune\n|-damage|p1a: Suicune|0 fnt\n|faint|p1a: Suicune\n|-damage|p2a: Meowstic|250/277|[from] item: Life Orb\n|\n|upkeep\n|inactive|hdjci has 120 seconds left.\n|\n|t:|1781446152\n|switch|p1a: Staraptor|Staraptor, L79, F|263/263\n|turn|17\n|\n|t:|1781446158\n|switch|p2a: Klawf|Klawf, L90, F|272/272\n|-activate|p2a: Klawf|move: Sticky Web\n|-unboost|p2a: Klawf|spe|1\n|move|p1a: Staraptor|Brave Bird|p2a: Klawf\n|-resisted|p2a: Klawf\n|-damage|p2a: Klawf|179/272\n|-damage|p1a: Staraptor|232/263|[from] Recoil\n|\n|upkeep\n|turn|18\n|\n|t:|1781446166\n|switch|p1a: Sandslash|Sandslash-Alola, L88, F|230/275\n|-damage|p1a: Sandslash|196/275|[from] Spikes\n|-activate|p1a: Sandslash|move: Sticky Web\n|-unboost|p1a: Sandslash|spe|1\n|move|p2a: Klawf|Knock Off|p1a: Sandslash\n|-crit|p1a: Sandslash\n|-damage|p1a: Sandslash|97/275\n|-enditem|p1a: Sandslash|Assault Vest|[from] move: Knock Off|[of] p2a: Klawf\n|\n|upkeep\n|turn|19\n|\n|t:|1781446180\n|move|p2a: Klawf|Stone Edge|p1a: Sandslash\n|-crit|p1a: Sandslash\n|-damage|p1a: Sandslash|0 fnt\n|faint|p1a: Sandslash\n|\n|upkeep\n|inactive|hdjci has 120 seconds left.\n|\n|t:|1781446211\n|switch|p1a: Lanturn|Lanturn, L89, F|367/367\n|turn|20\n|\n|t:|1781446217\n|move|p1a: Lanturn|Scald|p2a: Klawf\n|-supereffective|p2a: Klawf\n|-damage|p2a: Klawf|0 fnt\n|faint|p2a: Klawf\n|\n|upkeep\n|\n|t:|1781446222\n|switch|p2a: Deoxys|Deoxys-Defense, L84|198/221\n|-activate|p2a: Deoxys|move: Sticky Web\n|-unboost|p2a: Deoxys|spe|1\n|-ability|p2a: Deoxys|Pressure\n|turn|21\n|\n|t:|1781446233\n|move|p1a: Lanturn|Volt Switch|p2a: Deoxys\n|-damage|p2a: Deoxys|153/221\n|\n|t:|1781446236\n|switch|p1a: Spidops|Spidops, L96, M|271/271|[from] Volt Switch\n|move|p2a: Deoxys|Spikes|p1a: Spidops\n|-sidestart|p1: hdjci|Spikes\n|\n|upkeep\n|turn|22\n|\n|t:|1781446243\n|move|p2a: Deoxys|Spikes|p1a: Spidops\n|-sidestart|p1: hdjci|Spikes\n|move|p1a: Spidops|Knock Off|p2a: Deoxys\n|-supereffective|p2a: Deoxys\n|-damage|p2a: Deoxys|61/221\n|-damage|p1a: Spidops|226/271|[from] item: Rocky Helmet|[of] p2a: Deoxys\n|-enditem|p2a: Deoxys|Rocky Helmet|[from] move: Knock Off|[of] p1a: Spidops\n|\n|upkeep\n|turn|23\n|\n|t:|1781446249\n|move|p2a: Deoxys|Psychic Noise|p1a: Spidops\n|-damage|p1a: Spidops|171/271\n|-start|p1a: Spidops|move: Heal Block\n|move|p1a: Spidops|Spikes|p2a: Deoxys\n|-sidestart|p2: Lord Stantler|Spikes\n|\n|upkeep\n|turn|24\n|\n|t:|1781446258\n|move|p2a: Deoxys|Psychic Noise|p1a: Spidops\n|-damage|p1a: Spidops|111/271\n|move|p1a: Spidops|Spikes|p2a: Deoxys\n|-sidestart|p2: Lord Stantler|Spikes\n|\n|-end|p1a: Spidops|move: Heal Block\n|upkeep\n|turn|25\n|\n|t:|1781446267\n|move|p2a: Deoxys|Psychic Noise|p1a: Spidops\n|-damage|p1a: Spidops|53/271\n|-start|p1a: Spidops|move: Heal Block\n|move|p1a: Spidops|Knock Off|p2a: Deoxys\n|-supereffective|p2a: Deoxys\n|-damage|p2a: Deoxys|1/221\n|\n|upkeep\n|turn|26\n|\n|t:|1781446280\n|move|p2a: Deoxys|Recover|p2a: Deoxys\n|-heal|p2a: Deoxys|112/221\n|move|p1a: Spidops|Circle Throw|p2a: Deoxys\n|-resisted|p2a: Deoxys\n|-damage|p2a: Deoxys|96/221\n|drag|p2a: Meowstic|Meowstic-F, L89, F|250/277\n|-activate|p2a: Meowstic|move: Sticky Web\n|-unboost|p2a: Meowstic|spe|1\n|-ability|p2a: Meowstic|Competitive|boost\n|-boost|p2a: Meowstic|spa|2\n|-damage|p2a: Meowstic|204/277|[from] Spikes\n|\n|-end|p1a: Spidops|move: Heal Block\n|upkeep\n|turn|27\n|\n|t:|1781446290\n|move|p2a: Meowstic|Psychic|p1a: Spidops\n|-damage|p1a: Spidops|0 fnt\n|faint|p1a: Spidops\n|-damage|p2a: Meowstic|177/277|[from] item: Life Orb\n|\n|upkeep\n|\n|t:|1781446302\n|switch|p1a: Staraptor|Staraptor, L79, F|232/263\n|turn|28\n|\n|t:|1781446310\n|switch|p2a: Sudowoodo|Sudowoodo, L94, M|284/284\n|-activate|p2a: Sudowoodo|move: Sticky Web\n|-unboost|p2a: Sudowoodo|spe|1\n|-damage|p2a: Sudowoodo|237/284|[from] Spikes\n|move|p1a: Staraptor|Brave Bird|p2a: Sudowoodo\n|-resisted|p2a: Sudowoodo\n|-damage|p2a: Sudowoodo|150/284\n|-damage|p1a: Staraptor|203/263|[from] Recoil\n|\n|upkeep\n|turn|29\n|inactive|hdjci has 120 seconds left.\n|\n|t:|1781446345\n|switch|p1a: Dragonite|Dragonite, L74, M|257/257\n|move|p2a: Sudowoodo|Wood Hammer|p1a: Dragonite\n|-resisted|p1a: Dragonite\n|-damage|p1a: Dragonite|237/257\n|\n|upkeep\n|turn|30\n|\n|t:|1781446355\n|switch|p2a: Deoxys|Deoxys-Defense, L84|96/221\n|-activate|p2a: Deoxys|move: Sticky Web\n|-unboost|p2a: Deoxys|spe|1\n|-damage|p2a: Deoxys|60/221|[from] Spikes\n|-ability|p2a: Deoxys|Pressure\n|move|p1a: Dragonite|Dragon Dance|p1a: Dragonite\n|-boost|p1a: Dragonite|atk|1\n|-boost|p1a: Dragonite|spe|1\n|\n|upkeep\n|turn|31\n|\n|t:|1781446366\n|move|p1a: Dragonite|Earthquake|p2a: Deoxys\n|-damage|p2a: Deoxys|0 fnt\n|faint|p2a: Deoxys\n|\n|upkeep\n|\n|t:|1781446377\n|switch|p2a: Sudowoodo|Sudowoodo, L94, M|150/284\n|-activate|p2a: Sudowoodo|move: Sticky Web\n|-unboost|p2a: Sudowoodo|spe|1\n|-damage|p2a: Sudowoodo|103/284|[from] Spikes\n|turn|32\n|\n|t:|1781446397\n|-terastallize|p2a: Sudowoodo|Grass\n|move|p1a: Dragonite|Outrage|p2a: Sudowoodo\n|-damage|p2a: Sudowoodo|0 fnt\n|faint|p2a: Sudowoodo\n|\n|upkeep\n|\n|t:|1781446405\n|switch|p2a: Meowstic|Meowstic-F, L89, F|177/277\n|-activate|p2a: Meowstic|move: Sticky Web\n|-unboost|p2a: Meowstic|spe|1\n|-ability|p2a: Meowstic|Competitive|boost\n|-boost|p2a: Meowstic|spa|2\n|-damage|p2a: Meowstic|131/277|[from] Spikes\n|turn|33\n|\n|t:|1781446412\n|move|p1a: Dragonite|Outrage|p2a: Meowstic|[from] lockedmove\n|-damage|p2a: Meowstic|0 fnt\n|faint|p2a: Meowstic\n|\n|upkeep\n|\n|t:|1781446414\n|switch|p2a: Palafin|Palafin-Hero, L77, M|281/281\n|-activate|p2a: Palafin|move: Sticky Web\n|-unboost|p2a: Palafin|spe|1\n|-damage|p2a: Palafin|235/281|[from] Spikes\n|-activate|p2a: Palafin|ability: Zero to Hero\n|turn|34\n|\n|t:|1781446422\n|move|p1a: Dragonite|Outrage|p2a: Palafin|[from] lockedmove\n|-damage|p2a: Palafin|46/281\n|-start|p1a: Dragonite|confusion|[fatigue]\n|move|p2a: Palafin|Wave Crash|p1a: Dragonite\n|-resisted|p1a: Dragonite\n|-damage|p1a: Dragonite|114/257\n|-damage|p2a: Palafin|5/281|[from] Recoil\n|\n|upkeep\n|turn|35\n|\n|t:|1781446430\n|-activate|p1a: Dragonite|confusion\n|move|p1a: Dragonite|Earthquake|p2a: Palafin\n|-damage|p2a: Palafin|0 fnt\n|faint|p2a: Palafin\n|\n|upkeep\n|\n|t:|1781446433\n|switch|p2a: Araquanid|Araquanid, L82, F|174/246\n|turn|36\n|\n|t:|1781446436\n|-activate|p1a: Dragonite|confusion\n|move|p1a: Dragonite|Outrage|p2a: Araquanid\n|-damage|p2a: Araquanid|0 fnt\n|faint|p2a: Araquanid\n|\n|win|hdjci\n", "inputlog": ">version a8376a258c1d4662feba110a92103f3664a72141\n>start {\"formatid\":\"gen9randombattle\",\"seed\":\"sodium,8977d0432dd29496e04aafdac5fb876a\",\"rated\":\"Rated battle\"}\n>player p1 {\"name\":\"hdjci\",\"avatar\":\"265\",\"rating\":1932,\"seed\":\"sodium,31ed2ab56128759b3f93a86f0b40a006\"}\n>player p2 {\"name\":\"Lord Stantler\",\"avatar\":\"169\",\"rating\":1975,\"seed\":\"sodium,ecffb926391f8ff1d30bcdf51bb14ee5\"}\n>p1 move calmmind\n>p2 move flipturn\n>p2 switch 2\n>p1 move calmmind\n>p2 move stickyweb\n>p1 move calmmind\n>p2 move leechlife\n>p1 move calmmind\n>p2 move leechlife\n>p1 move calmmind\n>p2 move mirrorcoat\n>p1 move calmmind\n>p2 move liquidation\n>p1 move rest\n>p2 move mirrorcoat\n>p1 switch 6\n>p2 move mirrorcoat\n>p1 move rapidspin\n>p2 switch 3\n>p1 switch 3\n>p2 move spikes\n>p1 move stickyweb\n>p2 move teleport\n>p2 switch 3\n>p1 switch 5\n>p2 move stickyweb\n>p1 move voltswitch\n>p2 move mirrorcoat\n>p1 switch 6\n>p1 move rest\n>p2 move leechlife\n>p1 move sleeptalk\n>p2 switch 4\n>p1 move scald\n>p2 move psychic\n>p1 switch 2\n>p1 move bravebird\n>p2 switch 6\n>p1 switch 3\n>p2 move knockoff\n>p1 move rapidspin\n>p2 move stoneedge\n>p1 switch 6\n>p1 move scald\n>p2 move knockoff\n>p2 switch 3\n>p1 move voltswitch\n>p2 move spikes\n>p1 switch 5\n>p1 move knockoff\n>p2 move spikes\n>p1 move spikes\n>p2 move psychicnoise\n>p1 move spikes\n>p2 move psychicnoise\n>p1 move knockoff\n>p2 move psychicnoise\n>p1 move circlethrow\n>p2 move recover\n>p1 move knockoff\n>p2 move psychic\n>p1 switch 3\n>p1 move bravebird\n>p2 switch 5\n>p1 switch 4\n>p2 move woodhammer\n>p1 move dragondance\n>p2 switch 6\n>p1 move earthquake\n>p2 move psychicnoise\n>p2 switch 6\n>p1 move outrage\n>p2 move headsmash terastallize\n>p2 switch 5\n>p1 move outrage\n>p2 move psychic\n>p2 switch 2\n>p1 move outrage\n>p2 move wavecrash\n>p1 move earthquake\n>p2 move wavecrash\n>p2 switch 4\n>p1 move outrage\n>p2 move leechlife", "uploadtime": 1781445914, "views": 5, "formatid": "gen9randombattle", "rating": null, "private": 0, "password": null}