{"id": "gen9randombattle-2631645801", "format": "[Gen 9] Random Battle", "players": ["tlacoyos", "aajudge12"], "log": "|j|\u2606tlacoyos\n|j|\u2606aajudge12\n|t:|1781414146\n|gametype|singles\n|player|p1|tlacoyos|265|1093\n|player|p2|aajudge12|101|1045\n|gen|9\n|tier|[Gen 9] Random Battle\n|rated|\n|rule|Species Clause: Limit one of each Pok\u00e9mon\n|rule|HP Percentage Mod: HP is shown in percentages\n|rule|Sleep Clause Mod: Limit one foe put to sleep\n|rule|Illusion Level Mod: Illusion disguises the Pok\u00e9mon's true level\n|\n|t:|1781414146\n|teamsize|p1|6\n|teamsize|p2|6\n|start\n|switch|p1a: Cobalion|Cobalion, L80|277/277\n|switch|p2a: Cloyster|Cloyster, L80, F|211/211\n|turn|1\n|\n|t:|1781414166\n|switch|p2a: Altaria|Altaria, L89, F|278/278\n|move|p1a: Cobalion|Aura Sphere|p2a: Altaria\n|-resisted|p2a: Altaria\n|-damage|p2a: Altaria|246/278\n|\n|upkeep\n|turn|2\n|\n|t:|1781414182\n|move|p1a: Cobalion|Calm Mind|p1a: Cobalion\n|-boost|p1a: Cobalion|spa|1\n|-boost|p1a: Cobalion|spd|1\n|move|p2a: Altaria|Will-O-Wisp|p1a: Cobalion\n|-status|p1a: Cobalion|brn\n|\n|-damage|p1a: Cobalion|260/277 brn|[from] brn\n|upkeep\n|turn|3\n|\n|t:|1781414215\n|move|p1a: Cobalion|Calm Mind|p1a: Cobalion\n|-boost|p1a: Cobalion|spa|1\n|-boost|p1a: Cobalion|spd|1\n|move|p2a: Altaria|Brave Bird|p1a: Cobalion\n|-damage|p1a: Cobalion|179/277 brn\n|-damage|p2a: Altaria|219/278|[from] Recoil\n|\n|-heal|p1a: Cobalion|196/277 brn|[from] item: Leftovers\n|-damage|p1a: Cobalion|179/277 brn|[from] brn\n|upkeep\n|turn|4\n|\n|t:|1781414248\n|move|p1a: Cobalion|Flash Cannon|p2a: Altaria\n|-damage|p2a: Altaria|92/278\n|move|p2a: Altaria|Brave Bird|p1a: Cobalion\n|-damage|p1a: Cobalion|98/277 brn\n|-damage|p2a: Altaria|65/278|[from] Recoil\n|\n|-heal|p1a: Cobalion|115/277 brn|[from] item: Leftovers\n|-damage|p1a: Cobalion|98/277 brn|[from] brn\n|upkeep\n|turn|5\n|\n|t:|1781414259\n|move|p1a: Cobalion|Flash Cannon|p2a: Altaria\n|-damage|p2a: Altaria|0 fnt\n|faint|p2a: Altaria\n|\n|-heal|p1a: Cobalion|115/277 brn|[from] item: Leftovers\n|-damage|p1a: Cobalion|98/277 brn|[from] brn\n|upkeep\n|\n|t:|1781414277\n|switch|p2a: Rampardos|Rampardos, L90, M|321/321\n|turn|6\n|\n|t:|1781414286\n|move|p1a: Cobalion|Aura Sphere|p2a: Rampardos\n|-supereffective|p2a: Rampardos\n|-damage|p2a: Rampardos|0 fnt\n|faint|p2a: Rampardos\n|\n|-heal|p1a: Cobalion|115/277 brn|[from] item: Leftovers\n|-damage|p1a: Cobalion|98/277 brn|[from] brn\n|upkeep\n|\n|t:|1781414302\n|switch|p2a: Leafeon|Leafeon, L88, F|258/258\n|turn|7\n|\n|t:|1781414332\n|switch|p1a: Amoonguss|Amoonguss, L82, F|321/321\n|switch|p2a: Lilligant|Lilligant, L86, F|261/261\n|\n|upkeep\n|turn|8\n|\n|t:|1781414345\n|switch|p2a: Vikavolt|Vikavolt, L83, M|263/263\n|move|p1a: Amoonguss|Toxic|p2a: Vikavolt\n|-status|p2a: Vikavolt|tox\n|\n|-damage|p2a: Vikavolt|247/263 tox|[from] psn\n|upkeep\n|turn|9\n|\n|t:|1781414359\n|move|p2a: Vikavolt|Bug Buzz|p1a: Amoonguss\n|-damage|p1a: Amoonguss|180/321\n|move|p1a: Amoonguss|Sludge Bomb|p2a: Vikavolt\n|-damage|p2a: Vikavolt|150/263 tox\n|\n|-damage|p2a: Vikavolt|118/263 tox|[from] psn\n|upkeep\n|turn|10\n|\n|t:|1781414378\n|switch|p1a: Magcargo|Magcargo, L95, F|268/268\n|move|p2a: Vikavolt|Bug Buzz|p1a: Magcargo\n|-resisted|p1a: Magcargo\n|-damage|p1a: Magcargo|208/268\n|\n|-damage|p2a: Vikavolt|70/263 tox|[from] psn\n|upkeep\n|turn|11\n|\n|t:|1781414390\n|move|p2a: Vikavolt|Thunderbolt|p1a: Magcargo\n|-crit|p1a: Magcargo\n|-damage|p1a: Magcargo|37/268\n|-status|p1a: Magcargo|par\n|move|p1a: Magcargo|Stealth Rock|p2a: Vikavolt\n|-sidestart|p2: aajudge12|move: Stealth Rock\n|\n|-damage|p2a: Vikavolt|6/263 tox|[from] psn\n|upkeep\n|turn|12\n|\n|t:|1781414400\n|move|p2a: Vikavolt|Sticky Web|p1a: Magcargo\n|-sidestart|p1: tlacoyos|move: Sticky Web\n|move|p1a: Magcargo|Recover|p1a: Magcargo\n|-heal|p1a: Magcargo|171/268 par\n|\n|-damage|p2a: Vikavolt|0 fnt|[from] psn\n|faint|p2a: Vikavolt\n|upkeep\n|\n|t:|1781414409\n|switch|p2a: Cloyster|Cloyster, L80, F|211/211\n|-damage|p2a: Cloyster|159/211|[from] Stealth Rock\n|turn|13\n|inactive|Battle timer is ON: inactive players will automatically lose when time's up. (requested by aajudge12)\n|\n|t:|1781414452\n|move|p2a: Cloyster|Shell Smash|p2a: Cloyster\n|-unboost|p2a: Cloyster|def|1\n|-unboost|p2a: Cloyster|spd|1\n|-boost|p2a: Cloyster|atk|2\n|-boost|p2a: Cloyster|spa|2\n|-boost|p2a: Cloyster|spe|2\n|-enditem|p2a: Cloyster|White Herb\n|-clearnegativeboost|p2a: Cloyster|[silent]\n|move|p1a: Magcargo|Yawn|p2a: Cloyster\n|-start|p2a: Cloyster|move: Yawn|[of] p1a: Magcargo\n|\n|upkeep\n|turn|14\n|\n|t:|1781414464\n|move|p2a: Cloyster|Drill Run|p1a: Magcargo\n|-supereffective|p1a: Magcargo\n|-damage|p1a: Magcargo|0 fnt\n|faint|p1a: Magcargo\n|\n|-end|p2a: Cloyster|move: Yawn|[silent]\n|-status|p2a: Cloyster|slp\n|upkeep\n|inactive|tlacoyos has 120 seconds left.\n|\n|t:|1781414491\n|switch|p1a: Cobalion|Cobalion, L80|98/277 brn\n|-activate|p1a: Cobalion|move: Sticky Web\n|-unboost|p1a: Cobalion|spe|1\n|turn|15\n|inactive|tlacoyos has 120 seconds left.\n|\n|t:|1781414504\n|-terastallize|p1a: Cobalion|Water\n|cant|p2a: Cloyster|slp\n|move|p1a: Cobalion|Aura Sphere|p2a: Cloyster\n|-supereffective|p2a: Cloyster\n|-damage|p2a: Cloyster|0 fnt\n|faint|p2a: Cloyster\n|\n|-heal|p1a: Cobalion|115/277 brn|[from] item: Leftovers\n|-damage|p1a: Cobalion|98/277 brn|[from] brn\n|upkeep\n|\n|t:|1781414515\n|switch|p2a: Lilligant|Lilligant, L86, F|261/261\n|-damage|p2a: Lilligant|229/261|[from] Stealth Rock\n|turn|16\n|\n|t:|1781414525\n|move|p2a: Lilligant|Quiver Dance|p2a: Lilligant\n|-boost|p2a: Lilligant|spa|1\n|-boost|p2a: Lilligant|spd|1\n|-boost|p2a: Lilligant|spe|1\n|move|p1a: Cobalion|Calm Mind|p1a: Cobalion\n|-boost|p1a: Cobalion|spa|1\n|-boost|p1a: Cobalion|spd|1\n|\n|-heal|p1a: Cobalion|115/277 brn|[from] item: Leftovers\n|-damage|p1a: Cobalion|98/277 brn|[from] brn\n|upkeep\n|turn|17\n|inactive|tlacoyos has 120 seconds left.\n|\n|t:|1781414545\n|move|p2a: Lilligant|Alluring Voice|p1a: Cobalion\n|-damage|p1a: Cobalion|0 fnt\n|faint|p1a: Cobalion\n|-damage|p2a: Lilligant|203/261|[from] item: Life Orb\n|\n|upkeep\n|\n|t:|1781414551\n|switch|p1a: Amoonguss|Amoonguss, L82, F|287/321\n|-activate|p1a: Amoonguss|move: Sticky Web\n|-unboost|p1a: Amoonguss|spe|1\n|turn|18\n|inactive|tlacoyos has 120 seconds left.\n|\n|t:|1781414574\n|switch|p2a: Leafeon|Leafeon, L88, F|258/258\n|-damage|p2a: Leafeon|226/258|[from] Stealth Rock\n|move|p1a: Amoonguss|Toxic|p2a: Leafeon\n|-status|p2a: Leafeon|tox\n|\n|-heal|p2a: Leafeon|242/258 tox|[from] item: Leftovers\n|-damage|p2a: Leafeon|226/258 tox|[from] psn\n|upkeep\n|turn|19\n|inactive|tlacoyos has 120 seconds left.\n|\n|t:|1781414584\n|move|p2a: Leafeon|Double-Edge|p1a: Amoonguss\n|-damage|p1a: Amoonguss|171/321\n|-damage|p2a: Leafeon|183/258 tox|[from] item: Rocky Helmet|[of] p1a: Amoonguss\n|-damage|p2a: Leafeon|145/258 tox|[from] Recoil\n|move|p1a: Amoonguss|Sludge Bomb|p2a: Leafeon\n|-supereffective|p2a: Leafeon\n|-damage|p2a: Leafeon|0 fnt\n|faint|p2a: Leafeon\n|\n|upkeep\n|\n|t:|1781414594\n|switch|p2a: Lilligant|Lilligant, L86, F|203/261\n|-damage|p2a: Lilligant|171/261|[from] Stealth Rock\n|turn|20\n|\n|t:|1781414605\n|switch|p1a: Mamoswine|Mamoswine, L81, F|311/311\n|-activate|p1a: Mamoswine|move: Sticky Web\n|-unboost|p1a: Mamoswine|spe|1\n|move|p2a: Lilligant|Alluring Voice|p1a: Mamoswine\n|-damage|p1a: Mamoswine|197/311\n|-damage|p2a: Lilligant|145/261|[from] item: Life Orb\n|\n|upkeep\n|turn|21\n|\n|t:|1781414614\n|switch|p1a: Lumineon|Lumineon, L93, M|279/279\n|move|p2a: Lilligant|Sleep Powder|p1a: Lumineon\n|-status|p1a: Lumineon|slp|[from] move: Sleep Powder\n|\n|upkeep\n|turn|22\n|\n|t:|1781414624\n|cant|p1a: Lumineon|slp\n|move|p2a: Lilligant|Quiver Dance|p2a: Lilligant\n|-boost|p2a: Lilligant|spa|1\n|-boost|p2a: Lilligant|spd|1\n|-boost|p2a: Lilligant|spe|1\n|\n|upkeep\n|turn|23\n|\n|t:|1781414632\n|move|p2a: Lilligant|Petal Dance|p1a: Lumineon\n|-supereffective|p1a: Lumineon\n|-damage|p1a: Lumineon|0 fnt\n|faint|p1a: Lumineon\n|-damage|p2a: Lilligant|119/261|[from] item: Life Orb\n|\n|upkeep\n|\n|t:|1781414653\n|switch|p1a: Polteageist|Polteageist-Antique, L78|222/222\n|-activate|p1a: Polteageist|move: Sticky Web\n|-unboost|p1a: Polteageist|spe|1\n|-enditem|p1a: Polteageist|White Herb\n|-clearnegativeboost|p1a: Polteageist|[silent]\n|turn|24\n|\n|t:|1781414664\n|move|p2a: Lilligant|Petal Dance|p1a: Polteageist|[from] lockedmove\n|-damage|p1a: Polteageist|0 fnt\n|faint|p1a: Polteageist\n|-damage|p2a: Lilligant|93/261|[from] item: Life Orb\n|\n|upkeep\n|inactive|tlacoyos has 120 seconds left.\n|\n|t:|1781414677\n|switch|p1a: Mamoswine|Mamoswine, L81, F|197/311\n|-activate|p1a: Mamoswine|move: Sticky Web\n|-unboost|p1a: Mamoswine|spe|1\n|turn|25\n|\n|t:|1781414686\n|move|p2a: Lilligant|Petal Dance|p1a: Mamoswine|[from] lockedmove\n|-supereffective|p1a: Mamoswine\n|-damage|p1a: Mamoswine|0 fnt\n|faint|p1a: Mamoswine\n|-damage|p2a: Lilligant|67/261|[from] item: Life Orb\n|\n|upkeep\n|\n|t:|1781414693\n|switch|p1a: Amoonguss|Amoonguss, L82, F|278/321\n|-activate|p1a: Amoonguss|move: Sticky Web\n|-unboost|p1a: Amoonguss|spe|1\n|turn|26\n|\n|t:|1781414702\n|-terastallize|p2a: Lilligant|Fairy\n|move|p2a: Lilligant|Alluring Voice|p1a: Amoonguss\n|-resisted|p1a: Amoonguss\n|-damage|p1a: Amoonguss|181/321\n|-damage|p2a: Lilligant|41/261|[from] item: Life Orb\n|move|p1a: Amoonguss|Sludge Bomb|p2a: Lilligant\n|-supereffective|p2a: Lilligant\n|-damage|p2a: Lilligant|0 fnt\n|faint|p2a: Lilligant\n|\n|win|tlacoyos\n|raw|tlacoyos's rating: 1093 &rarr; <strong>1115</strong><br />(+22 for winning)\n|raw|aajudge12's rating: 1045 &rarr; <strong>1031</strong><br />(-14 for losing)\n|l|\u2606aajudge12\n|player|p2|\n", "inputlog": ">version a8376a258c1d4662feba110a92103f3664a72141\n>start {\"formatid\":\"gen9randombattle\",\"seed\":\"sodium,f5ed25a319f254e21585eefe4db66b88\",\"rated\":\"Rated battle\"}\n>player p1 {\"name\":\"tlacoyos\",\"avatar\":\"265\",\"rating\":1093,\"seed\":\"sodium,d06c026ee3eb87a9921bbe81c4221d8a\"}\n>player p2 {\"name\":\"aajudge12\",\"avatar\":\"101\",\"rating\":1045,\"seed\":\"sodium,e3290670e7d9d27e22510d41f4ccfd86\"}\n>p1 move aurasphere\n>p2 switch 4\n>p1 move calmmind\n>p2 move willowisp\n>p1 move calmmind\n>p2 move bravebird\n>p1 move flashcannon\n>p2 move bravebird\n>p1 move flashcannon\n>p2 move roost\n>p2 switch 3\n>p1 move aurasphere\n>p2 move earthquake\n>p2 switch 2\n>p1 switch 5\n>p2 switch 6\n>p1 move toxic\n>p2 switch 5\n>p1 move sludgebomb\n>p2 move bugbuzz\n>p1 switch 4\n>p2 move bugbuzz\n>p1 move stealthrock\n>p2 move thunderbolt\n>p1 move recover\n>p2 move stickyweb\n>p2 switch 4\n>p1 move yawn\n>p2 move shellsmash\n>p1 move recover\n>p2 move drillrun\n>p1 switch 5\n>p1 move aurasphere terastallize\n>p2 move drillrun\n>p2 switch 5\n>p1 move calmmind\n>p2 move quiverdance\n>p1 move aurasphere\n>p2 move alluringvoice\n>p1 switch 4\n>p1 move toxic\n>p2 switch 6\n>p1 move sludgebomb\n>p2 move doubleedge\n>p2 switch 6\n>p1 switch 2\n>p2 move alluringvoice\n>p1 switch 3\n>p2 move sleeppowder\n>p1 move encore\n>p2 move quiverdance\n>p1 move icebeam\n>p2 move petaldance\n>p1 switch 6\n>p1 move shellsmash\n>p2 move petaldance\n>p1 switch 3\n>p1 move iciclecrash\n>p2 move petaldance\n>p1 switch 2\n>p1 move sludgebomb\n>p2 move alluringvoice terastallize", "uploadtime": 1781414725, "views": 4, "formatid": "gen9randombattle", "rating": 1031, "private": 0, "password": null}