{"id": "gen9randombattle-2632020983", "format": "[Gen 9] Random Battle", "players": ["PartyTrain9", "discodiscogoodgood"], "log": "|j|\u2606PartyTrain9\n|j|\u2606discodiscogoodgood\n|t:|1781466791\n|gametype|singles\n|player|p1|PartyTrain9|169|2048\n|player|p2|discodiscogoodgood|musician|2084\n|gen|9\n|tier|[Gen 9] Random Battle\n|rated|\n|rule|Species Clause: Limit one of each Pok\u00e9mon\n|rule|HP Percentage Mod: HP is shown in percentages\n|rule|Sleep Clause Mod: Limit one foe put to sleep\n|rule|Illusion Level Mod: Illusion disguises the Pok\u00e9mon's true level\n|\n|t:|1781466791\n|teamsize|p1|6\n|teamsize|p2|6\n|start\n|switch|p1a: Electrode|Electrode-Hisui, L87|246/246\n|switch|p2a: Sinistcha|Sinistcha, L83|254/254\n|turn|1\n|inactive|Battle timer is ON: inactive players will automatically lose when time's up. (requested by PartyTrain9)\n|\n|t:|1781466800\n|switch|p1a: Skuntank|Skuntank, L84, F|310/310\n|switch|p2a: Pachirisu|Pachirisu, L96, F|271/271\n|\n|upkeep\n|turn|2\n|\n|t:|1781466806\n|move|p2a: Pachirisu|U-turn|p1a: Skuntank\n|-damage|p1a: Skuntank|266/310\n|\n|t:|1781466808\n|switch|p2a: Duraludon|Duraludon, L82, F|249/249|[from] U-turn\n|move|p1a: Skuntank|Toxic Spikes|p2a: Duraludon\n|-sidestart|p2: discodiscogoodgood|move: Toxic Spikes\n|\n|upkeep\n|turn|3\n|\n|t:|1781466816\n|move|p1a: Skuntank|Knock Off|p2a: Duraludon\n|-damage|p2a: Duraludon|181/249\n|-enditem|p2a: Duraludon|Eviolite|[from] move: Knock Off|[of] p1a: Skuntank\n|-damage|p1a: Skuntank|235/310|[from] item: Life Orb\n|move|p2a: Duraludon|Thunder Wave|p1a: Skuntank\n|-status|p1a: Skuntank|par\n|\n|upkeep\n|turn|4\n|\n|t:|1781466833\n|switch|p1a: Mesprit|Mesprit, L85|275/275\n|move|p2a: Duraludon|Flash Cannon|p1a: Mesprit\n|-damage|p1a: Mesprit|194/275\n|\n|-heal|p1a: Mesprit|211/275|[from] item: Leftovers\n|upkeep\n|turn|5\n|\n|t:|1781466838\n|move|p2a: Duraludon|Thunder Wave|p1a: Mesprit\n|-status|p1a: Mesprit|par\n|cant|p1a: Mesprit|par\n|\n|-heal|p1a: Mesprit|228/275 par|[from] item: Leftovers\n|upkeep\n|turn|6\n|\n|t:|1781466848\n|move|p2a: Duraludon|Flash Cannon|p1a: Mesprit\n|-damage|p1a: Mesprit|147/275 par\n|move|p1a: Mesprit|Stealth Rock|p2a: Duraludon\n|-sidestart|p2: discodiscogoodgood|move: Stealth Rock\n|\n|-heal|p1a: Mesprit|164/275 par|[from] item: Leftovers\n|upkeep\n|turn|7\n|\n|t:|1781466852\n|move|p2a: Duraludon|Flash Cannon|p1a: Mesprit\n|-damage|p1a: Mesprit|79/275 par\n|move|p1a: Mesprit|Drain Punch|p2a: Duraludon\n|-supereffective|p2a: Duraludon\n|-damage|p2a: Duraludon|77/249\n|-heal|p1a: Mesprit|131/275 par|[from] drain|[of] p2a: Duraludon\n|\n|-heal|p1a: Mesprit|148/275 par|[from] item: Leftovers\n|upkeep\n|turn|8\n|\n|t:|1781466862\n|move|p2a: Duraludon|Draco Meteor|p1a: Mesprit\n|-damage|p1a: Mesprit|16/275 par\n|-unboost|p2a: Duraludon|spa|2\n|cant|p1a: Mesprit|par\n|\n|-heal|p1a: Mesprit|33/275 par|[from] item: Leftovers\n|upkeep\n|turn|9\n|\n|t:|1781466868\n|move|p2a: Duraludon|Flash Cannon|p1a: Mesprit\n|-damage|p1a: Mesprit|0 fnt\n|faint|p1a: Mesprit\n|\n|upkeep\n|\n|t:|1781466887\n|switch|p1a: Skuntank|Skuntank, L84, F|235/310 par\n|turn|10\n|\n|t:|1781466891\n|move|p1a: Skuntank|Sucker Punch|p2a: Duraludon\n|-damage|p2a: Duraludon|0 fnt\n|faint|p2a: Duraludon\n|-damage|p1a: Skuntank|204/310 par|[from] item: Life Orb\n|\n|upkeep\n|\n|t:|1781466897\n|switch|p2a: Noivern|Noivern, L82, F|274/274\n|-damage|p2a: Noivern|206/274|[from] Stealth Rock\n|turn|11\n|\n|t:|1781466904\n|switch|p1a: Electrode|Electrode-Hisui, L87|246/246\n|move|p2a: Noivern|Draco Meteor|p1a: Electrode\n|-damage|p1a: Electrode|60/246\n|-unboost|p2a: Noivern|spa|2\n|\n|-heal|p1a: Electrode|75/246|[from] item: Leftovers\n|upkeep\n|turn|12\n|\n|t:|1781466912\n|switch|p2a: Pachirisu|Pachirisu, L96, F|271/271\n|-status|p2a: Pachirisu|psn\n|-damage|p2a: Pachirisu|238/271 psn|[from] Stealth Rock\n|move|p1a: Electrode|Thunderbolt|p2a: Pachirisu\n|-heal|p2a: Pachirisu|271/271 psn|[from] ability: Volt Absorb|[of] p1a: Electrode\n|\n|-heal|p1a: Electrode|90/246|[from] item: Leftovers\n|-damage|p2a: Pachirisu|238/271 psn|[from] psn\n|upkeep\n|turn|13\n|\n|t:|1781466923\n|move|p1a: Electrode|Giga Drain|p2a: Pachirisu\n|-damage|p2a: Pachirisu|193/271 psn\n|-heal|p1a: Electrode|113/246|[from] drain|[of] p2a: Pachirisu\n|move|p2a: Pachirisu|U-turn|p1a: Electrode\n|-supereffective|p1a: Electrode\n|-damage|p1a: Electrode|23/246\n|\n|t:|1781466932\n|switch|p2a: Virizion|Virizion, L82|283/283|[from] U-turn\n|-status|p2a: Virizion|psn\n|-damage|p2a: Virizion|266/283 psn|[from] Stealth Rock\n|\n|-heal|p1a: Electrode|38/246|[from] item: Leftovers\n|-damage|p2a: Virizion|231/283 psn|[from] psn\n|upkeep\n|turn|14\n|\n|t:|1781466945\n|switch|p1a: Chandelure|Chandelure, L83, M|235/235\n|move|p2a: Virizion|Close Combat|p1a: Chandelure\n|-immune|p1a: Chandelure\n|\n|-damage|p2a: Virizion|196/283 psn|[from] psn\n|upkeep\n|turn|15\n|\n|t:|1781466953\n|move|p2a: Virizion|Stone Edge|p1a: Chandelure\n|-supereffective|p1a: Chandelure\n|-damage|p1a: Chandelure|71/235\n|-damage|p2a: Virizion|168/283 psn|[from] item: Life Orb\n|move|p1a: Chandelure|Flame Charge|p2a: Virizion\n|-supereffective|p2a: Virizion\n|-damage|p2a: Virizion|78/283 psn\n|-boost|p1a: Chandelure|spe|1\n|\n|-damage|p2a: Virizion|43/283 psn|[from] psn\n|upkeep\n|turn|16\n|\n|t:|1781466966\n|move|p1a: Chandelure|Shadow Ball|p2a: Virizion\n|-damage|p2a: Virizion|0 fnt\n|faint|p2a: Virizion\n|\n|upkeep\n|\n|t:|1781466969\n|switch|p2a: Pachirisu|Pachirisu, L96, F|193/271 psn\n|-damage|p2a: Pachirisu|160/271 psn|[from] Stealth Rock\n|turn|17\n|\n|t:|1781466975\n|move|p1a: Chandelure|Fire Blast|p2a: Pachirisu\n|-damage|p2a: Pachirisu|63/271 psn\n|move|p2a: Pachirisu|Thunderbolt|p1a: Chandelure\n|-damage|p1a: Chandelure|0 fnt\n|faint|p1a: Chandelure\n|\n|-damage|p2a: Pachirisu|30/271 psn|[from] psn\n|upkeep\n|\n|t:|1781466980\n|switch|p1a: Electrode|Electrode-Hisui, L87|38/246\n|turn|18\n|\n|t:|1781466984\n|move|p1a: Electrode|Giga Drain|p2a: Pachirisu\n|-damage|p2a: Pachirisu|0 fnt\n|-heal|p1a: Electrode|53/246|[from] drain|[of] p2a: Pachirisu\n|faint|p2a: Pachirisu\n|\n|-heal|p1a: Electrode|68/246|[from] item: Leftovers\n|upkeep\n|\n|t:|1781466988\n|switch|p2a: Sinistcha|Sinistcha, L83|254/254\n|-status|p2a: Sinistcha|psn\n|-damage|p2a: Sinistcha|223/254 psn|[from] Stealth Rock\n|turn|19\n|\n|t:|1781467000\n|switch|p1a: Skuntank|Skuntank, L84, F|204/310 par\n|move|p2a: Sinistcha|Calm Mind|p2a: Sinistcha\n|-boost|p2a: Sinistcha|spa|1\n|-boost|p2a: Sinistcha|spd|1\n|\n|-heal|p2a: Sinistcha|238/254 psn|[from] item: Leftovers\n|-damage|p2a: Sinistcha|207/254 psn|[from] psn\n|upkeep\n|turn|20\n|\n|t:|1781467015\n|-terastallize|p2a: Sinistcha|Steel\n|move|p2a: Sinistcha|Strength Sap|p1a: Skuntank\n|-unboost|p1a: Skuntank|atk|1\n|-heal|p2a: Sinistcha|254/254 psn\n|move|p1a: Skuntank|Knock Off|p2a: Sinistcha\n|-damage|p2a: Sinistcha|171/254 psn\n|-enditem|p2a: Sinistcha|Leftovers|[from] move: Knock Off|[of] p1a: Skuntank\n|-damage|p1a: Skuntank|173/310 par|[from] item: Life Orb\n|\n|-damage|p2a: Sinistcha|140/254 psn|[from] psn\n|upkeep\n|turn|21\n|\n|t:|1781467023\n|switch|p1a: Electrode|Electrode-Hisui, L87|68/246\n|move|p2a: Sinistcha|Strength Sap|p1a: Electrode\n|-unboost|p1a: Electrode|atk|1\n|-heal|p2a: Sinistcha|232/254 psn\n|\n|-heal|p1a: Electrode|83/246|[from] item: Leftovers\n|-damage|p2a: Sinistcha|201/254 psn|[from] psn\n|upkeep\n|turn|22\n|\n|t:|1781467029\n|move|p1a: Electrode|Leech Seed|p2a: Sinistcha\n|-start|p2a: Sinistcha|move: Leech Seed\n|move|p2a: Sinistcha|Shadow Ball|p1a: Electrode\n|-damage|p1a: Electrode|0 fnt\n|faint|p1a: Electrode\n|\n|-damage|p2a: Sinistcha|170/254 psn|[from] psn\n|upkeep\n|\n|t:|1781467037\n|switch|p1a: Skuntank|Skuntank, L84, F|173/310 par\n|turn|23\n|\n|t:|1781467042\n|move|p2a: Sinistcha|Matcha Gotcha|p1a: Skuntank\n|-resisted|p1a: Skuntank\n|-damage|p1a: Skuntank|76/310 par\n|-heal|p2a: Sinistcha|219/254 psn|[from] drain|[of] p1a: Skuntank\n|move|p1a: Skuntank|Knock Off|p2a: Sinistcha\n|-damage|p2a: Sinistcha|144/254 psn\n|-damage|p1a: Skuntank|45/310 par|[from] item: Life Orb\n|\n|-damage|p2a: Sinistcha|113/254 psn|[from] Leech Seed|[of] p1a: Skuntank\n|-heal|p1a: Skuntank|76/310 par|[silent]\n|-damage|p2a: Sinistcha|82/254 psn|[from] psn\n|upkeep\n|turn|24\n|\n|t:|1781467056\n|move|p2a: Sinistcha|Strength Sap|p1a: Skuntank\n|-unboost|p1a: Skuntank|atk|1\n|-heal|p2a: Sinistcha|254/254 psn\n|move|p1a: Skuntank|Knock Off|p2a: Sinistcha\n|-damage|p2a: Sinistcha|199/254 psn\n|-damage|p1a: Skuntank|45/310 par|[from] item: Life Orb\n|\n|-damage|p2a: Sinistcha|168/254 psn|[from] Leech Seed|[of] p1a: Skuntank\n|-heal|p1a: Skuntank|76/310 par|[silent]\n|-damage|p2a: Sinistcha|137/254 psn|[from] psn\n|upkeep\n|turn|25\n|\n|t:|1781467062\n|switch|p1a: Rillaboom|Rillaboom, L79, M|288/288\n|-fieldstart|move: Grassy Terrain|[from] ability: Grassy Surge|[of] p1a: Rillaboom\n|move|p2a: Sinistcha|Matcha Gotcha|p1a: Rillaboom\n|-resisted|p1a: Rillaboom\n|-damage|p1a: Rillaboom|168/288\n|-heal|p2a: Sinistcha|197/254 psn|[from] drain|[of] p1a: Rillaboom\n|-status|p1a: Rillaboom|brn\n|\n|-heal|p1a: Rillaboom|186/288 brn|[from] Grassy Terrain\n|-heal|p2a: Sinistcha|212/254 psn|[from] Grassy Terrain\n|-damage|p2a: Sinistcha|181/254 psn|[from] Leech Seed|[of] p1a: Rillaboom\n|-heal|p1a: Rillaboom|217/288 brn|[silent]\n|-damage|p2a: Sinistcha|150/254 psn|[from] psn\n|-damage|p1a: Rillaboom|199/288 brn|[from] brn\n|upkeep\n|turn|26\n|\n|t:|1781467068\n|move|p1a: Rillaboom|High Horsepower|p2a: Sinistcha\n|-supereffective|p2a: Sinistcha\n|-damage|p2a: Sinistcha|69/254 psn\n|-damage|p1a: Rillaboom|171/288 brn|[from] item: Life Orb\n|move|p2a: Sinistcha|Strength Sap|p1a: Rillaboom\n|-unboost|p1a: Rillaboom|atk|1\n|-heal|p2a: Sinistcha|254/254 psn\n|\n|-heal|p1a: Rillaboom|189/288 brn|[from] Grassy Terrain\n|-damage|p2a: Sinistcha|223/254 psn|[from] Leech Seed|[of] p1a: Rillaboom\n|-heal|p1a: Rillaboom|220/288 brn|[silent]\n|-damage|p2a: Sinistcha|192/254 psn|[from] psn\n|-damage|p1a: Rillaboom|202/288 brn|[from] brn\n|upkeep\n|turn|27\n|\n|t:|1781467071\n|move|p1a: Rillaboom|Swords Dance|p1a: Rillaboom\n|-boost|p1a: Rillaboom|atk|2\n|move|p2a: Sinistcha|Shadow Ball|p1a: Rillaboom\n|-damage|p1a: Rillaboom|27/288 brn\n|\n|-heal|p1a: Rillaboom|45/288 brn|[from] Grassy Terrain\n|-heal|p2a: Sinistcha|207/254 psn|[from] Grassy Terrain\n|-damage|p2a: Sinistcha|176/254 psn|[from] Leech Seed|[of] p1a: Rillaboom\n|-heal|p1a: Rillaboom|76/288 brn|[silent]\n|-damage|p2a: Sinistcha|145/254 psn|[from] psn\n|-damage|p1a: Rillaboom|58/288 brn|[from] brn\n|upkeep\n|turn|28\n|\n|t:|1781467074\n|move|p1a: Rillaboom|High Horsepower|p2a: Sinistcha\n|-supereffective|p2a: Sinistcha\n|-damage|p2a: Sinistcha|27/254 psn\n|-damage|p1a: Rillaboom|30/288 brn|[from] item: Life Orb\n|move|p2a: Sinistcha|Strength Sap|p1a: Rillaboom\n|-unboost|p1a: Rillaboom|atk|1\n|-heal|p2a: Sinistcha|254/254 psn\n|\n|-heal|p1a: Rillaboom|48/288 brn|[from] Grassy Terrain\n|-damage|p2a: Sinistcha|223/254 psn|[from] Leech Seed|[of] p1a: Rillaboom\n|-heal|p1a: Rillaboom|79/288 brn|[silent]\n|-damage|p2a: Sinistcha|192/254 psn|[from] psn\n|-damage|p1a: Rillaboom|61/288 brn|[from] brn\n|upkeep\n|turn|29\n|\n|t:|1781467078\n|move|p1a: Rillaboom|High Horsepower|p2a: Sinistcha\n|-supereffective|p2a: Sinistcha\n|-damage|p2a: Sinistcha|101/254 psn\n|-damage|p1a: Rillaboom|33/288 brn|[from] item: Life Orb\n|move|p2a: Sinistcha|Shadow Ball|p1a: Rillaboom\n|-damage|p1a: Rillaboom|0 fnt\n|faint|p1a: Rillaboom\n|\n|-heal|p2a: Sinistcha|116/254 psn|[from] Grassy Terrain\n|-damage|p2a: Sinistcha|85/254 psn|[from] psn\n|-fieldend|move: Grassy Terrain\n|upkeep\n|\n|t:|1781467082\n|switch|p1a: Hitmontop|Hitmontop, L88, M|231/231\n|turn|30\n|\n|t:|1781467086\n|move|p1a: Hitmontop|Close Combat|p2a: Sinistcha\n|-supereffective|p2a: Sinistcha\n|-damage|p2a: Sinistcha|0 fnt\n|-unboost|p1a: Hitmontop|def|1\n|-unboost|p1a: Hitmontop|spd|1\n|faint|p2a: Sinistcha\n|\n|upkeep\n|\n|t:|1781467089\n|switch|p2a: Noivern|Noivern, L82, F|206/274\n|-damage|p2a: Noivern|138/274|[from] Stealth Rock\n|turn|31\n|\n|t:|1781467096\n|switch|p1a: Skuntank|Skuntank, L84, F|76/310 par\n|move|p2a: Noivern|Hurricane|p1a: Skuntank\n|-crit|p1a: Skuntank\n|-damage|p1a: Skuntank|0 fnt\n|faint|p1a: Skuntank\n|\n|upkeep\n|\n|t:|1781467098\n|switch|p1a: Hitmontop|Hitmontop, L88, M|231/231\n|turn|32\n|\n|t:|1781467101\n|-terastallize|p1a: Hitmontop|Ice\n|move|p2a: Noivern|Hurricane|p1a: Hitmontop\n|-damage|p1a: Hitmontop|110/231\n|move|p1a: Hitmontop|Rapid Spin|p2a: Noivern\n|-damage|p2a: Noivern|76/274\n|-boost|p1a: Hitmontop|spe|1\n|\n|-heal|p1a: Hitmontop|124/231|[from] item: Leftovers\n|upkeep\n|turn|33\n|\n|t:|1781467111\n|move|p1a: Hitmontop|Bulk Up|p1a: Hitmontop\n|-boost|p1a: Hitmontop|atk|1\n|-boost|p1a: Hitmontop|def|1\n|move|p2a: Noivern|Hurricane|p1a: Hitmontop|[miss]\n|-miss|p2a: Noivern|p1a: Hitmontop\n|\n|-heal|p1a: Hitmontop|138/231|[from] item: Leftovers\n|upkeep\n|turn|34\n|\n|t:|1781467115\n|move|p1a: Hitmontop|Triple Axel|p2a: Noivern\n|-supereffective|p2a: Noivern\n|-damage|p2a: Noivern|0 fnt\n|faint|p2a: Noivern\n|-hitcount|p2: Noivern|1\n|\n|-heal|p1a: Hitmontop|152/231|[from] item: Leftovers\n|upkeep\n|-message|discodiscogoodgood forfeited.\n|\n|win|PartyTrain9\n", "inputlog": ">version a8376a258c1d4662feba110a92103f3664a72141\n>start {\"formatid\":\"gen9randombattle\",\"seed\":\"sodium,1912abccf2466a903efc0a8ca1200298\",\"rated\":\"Rated battle\"}\n>player p1 {\"name\":\"PartyTrain9\",\"avatar\":\"169\",\"rating\":2048,\"seed\":\"sodium,307de728904011fd868096b433e26833\"}\n>player p2 {\"name\":\"discodiscogoodgood\",\"avatar\":\"musician\",\"rating\":2084,\"seed\":\"sodium,37bff01471b91bf66f1c3ec025a92f82\"}\n>p1 switch 6\n>p2 switch 5\n>p1 move toxicspikes\n>p2 move uturn\n>p2 switch 2\n>p1 move knockoff\n>p2 move thunderwave\n>p1 switch 3\n>p2 move flashcannon\n>p1 move stealthrock\n>p2 move thunderwave\n>p1 move stealthrock\n>p2 move flashcannon\n>p1 move drainpunch\n>p2 move flashcannon\n>p1 move drainpunch\n>p2 move dracometeor\n>p1 move drainpunch\n>p2 move flashcannon\n>p1 switch 3\n>p1 move suckerpunch\n>p2 move bodypress\n>p2 switch 3\n>p1 switch 6\n>p2 move dracometeor\n>p1 move thunderbolt\n>p2 switch 2\n>p1 move gigadrain\n>p2 move uturn\n>p2 switch 6\n>p1 switch 2\n>p2 move closecombat\n>p1 move flamecharge\n>p2 move stoneedge\n>p1 move shadowball\n>p2 move stoneedge\n>p2 switch 6\n>p1 move fireblast\n>p2 move thunderbolt\n>p1 switch 2\n>p1 move gigadrain\n>p2 move uturn\n>p2 switch 5\n>p1 switch 6\n>p2 move calmmind\n>p1 move knockoff\n>p2 move strengthsap terastallize\n>p1 switch 6\n>p2 move strengthsap\n>p1 move leechseed\n>p2 move shadowball\n>p1 switch 6\n>p1 move knockoff\n>p2 move matchagotcha\n>p1 move knockoff\n>p2 move strengthsap\n>p1 switch 4\n>p2 move matchagotcha\n>p1 move highhorsepower\n>p2 move strengthsap\n>p1 move swordsdance\n>p2 move shadowball\n>p1 move highhorsepower\n>p2 move strengthsap\n>p1 move highhorsepower\n>p2 move shadowball\n>p1 switch 5\n>p1 move closecombat\n>p2 move strengthsap\n>p2 switch 2\n>p1 switch 4\n>p2 move hurricane\n>p1 switch 4\n>p1 move rapidspin terastallize\n>p2 move hurricane\n>p1 move bulkup\n>p2 move hurricane\n>p1 move tripleaxel\n>p2 move hurricane\n>forcelose p2", "uploadtime": 1781466793, "views": 6, "formatid": "gen9randombattle", "rating": null, "private": 0, "password": null}