{"id": "gen9randombattle-2631646428", "format": "[Gen 9] Random Battle", "players": ["cklldsds", "gr88nhood"], "log": "|j|\u2606cklldsds\n|j|\u2606gr88nhood\n|t:|1781414253\n|gametype|singles\n|player|p1|cklldsds|2|1705\n|player|p2|gr88nhood|2|1726\n|gen|9\n|tier|[Gen 9] Random Battle\n|rated|\n|rule|Species Clause: Limit one of each Pok\u00e9mon\n|rule|HP Percentage Mod: HP is shown in percentages\n|rule|Sleep Clause Mod: Limit one foe put to sleep\n|rule|Illusion Level Mod: Illusion disguises the Pok\u00e9mon's true level\n|\n|t:|1781414253\n|teamsize|p1|6\n|teamsize|p2|6\n|start\n|switch|p1a: Mew|Mew, L82|298/298\n|switch|p2a: Noivern|Noivern, L82, F|274/274\n|turn|1\n|\n|t:|1781414288\n|switch|p1a: Vaporeon|Vaporeon, L86, F|364/364\n|move|p2a: Noivern|U-turn|p1a: Vaporeon\n|-damage|p1a: Vaporeon|316/364\n|inactive|Battle timer is ON: inactive players will automatically lose when time's up. (requested by gr88nhood)\n|\n|t:|1781414297\n|switch|p2a: Wo-Chien|Wo-Chien, L83|277/277|[from] U-turn\n|-ability|p2a: Wo-Chien|Tablets of Ruin\n|\n|-heal|p1a: Vaporeon|338/364|[from] item: Leftovers\n|upkeep\n|turn|2\n|\n|t:|1781414319\n|switch|p1a: Hypno|Hypno, L95, F|315/315\n|move|p2a: Wo-Chien|Knock Off|p1a: Hypno\n|-supereffective|p1a: Hypno\n|-damage|p1a: Hypno|127/315\n|-enditem|p1a: Hypno|Leftovers|[from] move: Knock Off|[of] p2a: Wo-Chien\n|\n|upkeep\n|turn|3\n|\n|t:|1781414332\n|move|p1a: Hypno|Toxic|p2a: Wo-Chien\n|-status|p2a: Wo-Chien|tox\n|move|p2a: Wo-Chien|Leech Seed|p1a: Hypno\n|-start|p1a: Hypno|move: Leech Seed\n|\n|-damage|p1a: Hypno|88/315|[from] Leech Seed|[of] p2a: Wo-Chien\n|-damage|p2a: Wo-Chien|260/277 tox|[from] psn\n|upkeep\n|turn|4\n|\n|t:|1781414337\n|move|p1a: Hypno|Focus Blast|p2a: Wo-Chien|[miss]\n|-miss|p1a: Hypno|p2a: Wo-Chien\n|move|p2a: Wo-Chien|Giga Drain|p1a: Hypno\n|-damage|p1a: Hypno|28/315\n|-heal|p2a: Wo-Chien|277/277 tox|[from] drain|[of] p1a: Hypno\n|\n|-damage|p1a: Hypno|0 fnt|[from] Leech Seed|[of] p2a: Wo-Chien\n|faint|p1a: Hypno\n|-damage|p2a: Wo-Chien|243/277 tox|[from] psn\n|upkeep\n|\n|t:|1781414350\n|switch|p1a: Incineroar|Incineroar, L82, F|290/290\n|-ability|p1a: Incineroar|Intimidate|boost\n|-unboost|p2a: Wo-Chien|atk|1\n|turn|5\n|\n|t:|1781414364\n|move|p2a: Wo-Chien|Leech Seed|p1a: Incineroar|[miss]\n|-miss|p2a: Wo-Chien|p1a: Incineroar\n|move|p1a: Incineroar|Flare Blitz|p2a: Wo-Chien\n|-supereffective|p2a: Wo-Chien\n|-damage|p2a: Wo-Chien|51/277 tox\n|-damage|p1a: Incineroar|227/290|[from] Recoil\n|\n|-heal|p2a: Wo-Chien|68/277 tox|[from] item: Leftovers\n|-damage|p2a: Wo-Chien|17/277 tox|[from] psn\n|upkeep\n|turn|6\n|\n|t:|1781414369\n|move|p2a: Wo-Chien|Knock Off|p1a: Incineroar\n|-resisted|p1a: Incineroar\n|-damage|p1a: Incineroar|199/290\n|-enditem|p1a: Incineroar|Heavy-Duty Boots|[from] move: Knock Off|[of] p2a: Wo-Chien\n|move|p1a: Incineroar|Trailblaze|p2a: Wo-Chien\n|-resisted|p2a: Wo-Chien\n|-damage|p2a: Wo-Chien|3/277 tox\n|-boost|p1a: Incineroar|spe|1\n|\n|-heal|p2a: Wo-Chien|20/277 tox|[from] item: Leftovers\n|-damage|p2a: Wo-Chien|0 fnt|[from] psn\n|faint|p2a: Wo-Chien\n|upkeep\n|\n|t:|1781414375\n|switch|p2a: Noivern|Noivern, L82, F|274/274\n|turn|7\n|\n|t:|1781414390\n|move|p2a: Noivern|Boomburst|p1a: Incineroar\n|-damage|p1a: Incineroar|51/290\n|move|p1a: Incineroar|Knock Off|p2a: Noivern\n|-damage|p2a: Noivern|145/274\n|-enditem|p2a: Noivern|Choice Specs|[from] move: Knock Off|[of] p1a: Incineroar\n|\n|upkeep\n|turn|8\n|\n|t:|1781414399\n|switch|p1a: Vaporeon|Vaporeon, L86, F|338/364\n|move|p2a: Noivern|Boomburst|p1a: Vaporeon\n|-damage|p1a: Vaporeon|253/364\n|\n|-heal|p1a: Vaporeon|275/364|[from] item: Leftovers\n|upkeep\n|turn|9\n|\n|t:|1781414409\n|move|p2a: Noivern|U-turn|p1a: Vaporeon\n|-damage|p1a: Vaporeon|225/364\n|\n|t:|1781414413\n|switch|p2a: Volbeat|Volbeat, L90, M|263/263|[from] U-turn\n|move|p1a: Vaporeon|Scald|p2a: Volbeat\n|-damage|p2a: Volbeat|169/263\n|\n|-heal|p1a: Vaporeon|247/364|[from] item: Leftovers\n|upkeep\n|turn|10\n|\n|t:|1781414429\n|move|p1a: Vaporeon|Protect|p1a: Vaporeon\n|-singleturn|p1a: Vaporeon|Protect\n|move|p2a: Volbeat|Encore|p1a: Vaporeon\n|-activate|p1a: Vaporeon|move: Protect\n|\n|-heal|p1a: Vaporeon|269/364|[from] item: Leftovers\n|upkeep\n|turn|11\n|\n|t:|1781414434\n|switch|p1a: Incineroar|Incineroar, L82, F|51/290\n|-ability|p1a: Incineroar|Intimidate|boost\n|-unboost|p2a: Volbeat|atk|1\n|move|p2a: Volbeat|Encore|p1a: Incineroar\n|-hint|Since gen 7, Dark is immune to Prankster moves.\n|-immune|p1a: Incineroar\n|\n|upkeep\n|turn|12\n|\n|t:|1781414442\n|switch|p2a: Noivern|Noivern, L82, F|145/274\n|move|p1a: Incineroar|Knock Off|p2a: Noivern\n|-damage|p2a: Noivern|66/274\n|\n|upkeep\n|turn|13\n|\n|t:|1781414449\n|switch|p1a: Vaporeon|Vaporeon, L86, F|269/364\n|move|p2a: Noivern|Boomburst|p1a: Vaporeon\n|-damage|p1a: Vaporeon|189/364\n|\n|-heal|p1a: Vaporeon|211/364|[from] item: Leftovers\n|upkeep\n|turn|14\n|\n|t:|1781414453\n|move|p2a: Noivern|U-turn|p1a: Vaporeon\n|-damage|p1a: Vaporeon|162/364\n|\n|t:|1781414456\n|switch|p2a: Volbeat|Volbeat, L90, M|169/263|[from] U-turn\n|move|p1a: Vaporeon|Wish|p1a: Vaporeon\n|\n|-heal|p1a: Vaporeon|184/364|[from] item: Leftovers\n|upkeep\n|turn|15\n|\n|t:|1781414463\n|switch|p1a: Incineroar|Incineroar, L82, F|51/290\n|-ability|p1a: Incineroar|Intimidate|boost\n|-unboost|p2a: Volbeat|atk|1\n|move|p2a: Volbeat|Lunge|p1a: Incineroar\n|-damage|p1a: Incineroar|0 fnt\n|faint|p1a: Incineroar\n|\n|upkeep\n|\n|t:|1781414478\n|switch|p1a: Vaporeon|Vaporeon, L86, F|184/364\n|turn|16\n|\n|t:|1781414483\n|move|p2a: Volbeat|Thunder Wave|p1a: Vaporeon\n|-status|p1a: Vaporeon|par\n|move|p1a: Vaporeon|Scald|p2a: Volbeat\n|-damage|p2a: Volbeat|72/263\n|\n|-heal|p1a: Vaporeon|206/364 par|[from] item: Leftovers\n|upkeep\n|turn|17\n|\n|t:|1781414488\n|move|p2a: Volbeat|Roost|p2a: Volbeat\n|-heal|p2a: Volbeat|204/263\n|-singleturn|p2a: Volbeat|move: Roost\n|move|p1a: Vaporeon|Scald|p2a: Volbeat\n|-damage|p2a: Volbeat|101/263\n|-status|p2a: Volbeat|brn\n|\n|-heal|p1a: Vaporeon|228/364 par|[from] item: Leftovers\n|-damage|p2a: Volbeat|85/263 brn|[from] brn\n|upkeep\n|turn|18\n|\n|t:|1781414494\n|move|p2a: Volbeat|Roost|p2a: Volbeat\n|-heal|p2a: Volbeat|217/263 brn\n|-singleturn|p2a: Volbeat|move: Roost\n|move|p1a: Vaporeon|Wish|p1a: Vaporeon\n|\n|-heal|p1a: Vaporeon|250/364 par|[from] item: Leftovers\n|-damage|p2a: Volbeat|201/263 brn|[from] brn\n|upkeep\n|turn|19\n|\n|t:|1781414521\n|cant|p1a: Vaporeon|par\n|move|p2a: Volbeat|Lunge|p1a: Vaporeon\n|-damage|p1a: Vaporeon|214/364 par\n|-unboost|p1a: Vaporeon|atk|1\n|\n|-heal|p1a: Vaporeon|364/364 par|[from] move: Wish|[wisher] Vaporeon\n|-damage|p2a: Volbeat|185/263 brn|[from] brn\n|upkeep\n|turn|20\n|\n|t:|1781414529\n|move|p2a: Volbeat|Encore|p1a: Vaporeon\n|-start|p1a: Vaporeon|Encore\n|move|p1a: Vaporeon|Wish|p1a: Vaporeon\n|\n|-damage|p2a: Volbeat|169/263 brn|[from] brn\n|upkeep\n|turn|21\n|\n|t:|1781414539\n|switch|p2a: Blastoise|Blastoise, L80, M|258/258\n|move|p1a: Vaporeon|Wish||[still]\n|-fail|p1a: Vaporeon\n|\n|upkeep\n|turn|22\n|\n|t:|1781414552\n|switch|p1a: Golduck|Golduck, L90, F|290/290\n|-ability|p1a: Golduck|Cloud Nine\n|move|p2a: Blastoise|Shell Smash|p2a: Blastoise\n|-unboost|p2a: Blastoise|def|1\n|-unboost|p2a: Blastoise|spd|1\n|-boost|p2a: Blastoise|atk|2\n|-boost|p2a: Blastoise|spa|2\n|-boost|p2a: Blastoise|spe|2\n|-enditem|p2a: Blastoise|White Herb\n|-clearnegativeboost|p2a: Blastoise|[silent]\n|\n|upkeep\n|turn|23\n|\n|t:|1781414560\n|-terastallize|p2a: Blastoise|Grass\n|move|p2a: Blastoise|Tera Blast|p1a: Golduck|[anim] Tera Blast Grass\n|-supereffective|p1a: Golduck\n|-damage|p1a: Golduck|12/290\n|move|p1a: Golduck|Encore|p2a: Blastoise\n|-start|p2a: Blastoise|Encore\n|\n|-heal|p1a: Golduck|30/290|[from] item: Leftovers\n|upkeep\n|turn|24\n|\n|t:|1781414571\n|move|p2a: Blastoise|Tera Blast|p1a: Golduck|[anim] Tera Blast Grass\n|-supereffective|p1a: Golduck\n|-damage|p1a: Golduck|0 fnt\n|faint|p1a: Golduck\n|\n|upkeep\n|\n|t:|1781414578\n|switch|p1a: Mew|Mew, L82|298/298\n|turn|25\n|\n|t:|1781414590\n|switch|p2a: Noivern|Noivern, L82, F|66/274\n|move|p1a: Mew|Psyshock|p2a: Noivern\n|-damage|p2a: Noivern|0 fnt\n|faint|p2a: Noivern\n|-damage|p1a: Mew|269/298|[from] item: Life Orb\n|\n|upkeep\n|\n|t:|1781414598\n|switch|p2a: Volbeat|Volbeat, L90, M|169/263 brn\n|turn|26\n|\n|t:|1781414607\n|switch|p1a: Vaporeon|Vaporeon, L86, F|364/364 par\n|move|p2a: Volbeat|Lunge|p1a: Vaporeon\n|-damage|p1a: Vaporeon|317/364 par\n|-unboost|p1a: Vaporeon|atk|1\n|\n|-heal|p1a: Vaporeon|339/364 par|[from] item: Leftovers\n|-damage|p2a: Volbeat|153/263 brn|[from] brn\n|upkeep\n|turn|27\n|\n|t:|1781414618\n|switch|p1a: Mew|Mew, L82|269/298\n|move|p2a: Volbeat|Lunge|p1a: Mew\n|-supereffective|p1a: Mew\n|-damage|p1a: Mew|196/298\n|-unboost|p1a: Mew|atk|1\n|\n|-damage|p2a: Volbeat|137/263 brn|[from] brn\n|upkeep\n|turn|28\n|\n|t:|1781414623\n|move|p2a: Volbeat|Roost|p2a: Volbeat\n|-heal|p2a: Volbeat|263/263 brn\n|-singleturn|p2a: Volbeat|move: Roost\n|move|p1a: Mew|Psyshock|p2a: Volbeat\n|-damage|p2a: Volbeat|146/263 brn\n|-damage|p1a: Mew|167/298|[from] item: Life Orb\n|\n|-damage|p2a: Volbeat|130/263 brn|[from] brn\n|upkeep\n|turn|29\n|\n|t:|1781414646\n|move|p2a: Volbeat|Roost|p2a: Volbeat\n|-heal|p2a: Volbeat|262/263 brn\n|-singleturn|p2a: Volbeat|move: Roost\n|move|p1a: Mew|Psyshock|p2a: Volbeat\n|-damage|p2a: Volbeat|153/263 brn\n|-damage|p1a: Mew|138/298|[from] item: Life Orb\n|\n|-damage|p2a: Volbeat|137/263 brn|[from] brn\n|upkeep\n|turn|30\n|\n|t:|1781414650\n|move|p2a: Volbeat|Roost|p2a: Volbeat\n|-heal|p2a: Volbeat|263/263 brn\n|-singleturn|p2a: Volbeat|move: Roost\n|move|p1a: Mew|Psyshock|p2a: Volbeat\n|-damage|p2a: Volbeat|153/263 brn\n|-damage|p1a: Mew|109/298|[from] item: Life Orb\n|\n|-damage|p2a: Volbeat|137/263 brn|[from] brn\n|upkeep\n|turn|31\n|\n|t:|1781414654\n|switch|p1a: Vaporeon|Vaporeon, L86, F|339/364 par\n|move|p2a: Volbeat|Lunge|p1a: Vaporeon\n|-damage|p1a: Vaporeon|288/364 par\n|-unboost|p1a: Vaporeon|atk|1\n|\n|-heal|p1a: Vaporeon|310/364 par|[from] item: Leftovers\n|-damage|p2a: Volbeat|121/263 brn|[from] brn\n|upkeep\n|turn|32\n|\n|t:|1781414659\n|switch|p2a: Blastoise|Blastoise, L80, M, tera:Grass|258/258\n|cant|p1a: Vaporeon|par\n|\n|-heal|p1a: Vaporeon|332/364 par|[from] item: Leftovers\n|upkeep\n|turn|33\n|\n|t:|1781414676\n|switch|p1a: Mew|Mew, L82|109/298\n|move|p2a: Blastoise|Shell Smash|p2a: Blastoise\n|-unboost|p2a: Blastoise|def|1\n|-unboost|p2a: Blastoise|spd|1\n|-boost|p2a: Blastoise|atk|2\n|-boost|p2a: Blastoise|spa|2\n|-boost|p2a: Blastoise|spe|2\n|\n|upkeep\n|turn|34\n|\n|t:|1781414688\n|move|p2a: Blastoise|Tera Blast|p1a: Mew|[anim] Tera Blast Grass\n|-damage|p1a: Mew|0 fnt\n|faint|p1a: Mew\n|\n|upkeep\n|\n|t:|1781414691\n|switch|p1a: Flutter Mane|Flutter Mane, L74|203/203\n|turn|35\n|\n|t:|1781414698\n|switch|p2a: Volbeat|Volbeat, L90, M|121/263 brn\n|move|p1a: Flutter Mane|Thunderbolt|p2a: Volbeat\n|-damage|p2a: Volbeat|37/263 brn\n|-damage|p1a: Flutter Mane|183/203|[from] item: Life Orb\n|\n|-damage|p2a: Volbeat|21/263 brn|[from] brn\n|upkeep\n|turn|36\n|\n|t:|1781414718\n|move|p2a: Volbeat|Roost|p2a: Volbeat\n|-heal|p2a: Volbeat|153/263 brn\n|-singleturn|p2a: Volbeat|move: Roost\n|move|p1a: Flutter Mane|Moonblast|p2a: Volbeat\n|-damage|p2a: Volbeat|19/263 brn\n|-damage|p1a: Flutter Mane|163/203|[from] item: Life Orb\n|\n|-damage|p2a: Volbeat|3/263 brn|[from] brn\n|upkeep\n|turn|37\n|\n|t:|1781414727\n|-end|p1a: Flutter Mane|Protosynthesis|[silent]\n|switch|p1a: Vaporeon|Vaporeon, L86, F|332/364 par\n|move|p2a: Volbeat|Thunder Wave|p1a: Vaporeon\n|-fail|p1a: Vaporeon|par\n|\n|-heal|p1a: Vaporeon|354/364 par|[from] item: Leftovers\n|-damage|p2a: Volbeat|0 fnt|[from] brn\n|faint|p2a: Volbeat\n|upkeep\n|\n|t:|1781414737\n|switch|p2a: Floatzel|Floatzel, L86, M|286/286\n|turn|38\n|\n|t:|1781414745\n|move|p2a: Floatzel|Crunch|p1a: Vaporeon\n|-damage|p1a: Vaporeon|226/364 par\n|-unboost|p1a: Vaporeon|def|1\n|move|p1a: Vaporeon|Scald|p2a: Floatzel\n|-resisted|p2a: Floatzel\n|-damage|p2a: Floatzel|211/286\n|\n|-heal|p1a: Vaporeon|248/364 par|[from] item: Leftovers\n|upkeep\n|turn|39\n|\n|t:|1781414755\n|move|p2a: Floatzel|Crunch|p1a: Vaporeon\n|-damage|p1a: Vaporeon|76/364 par\n|-unboost|p1a: Vaporeon|def|1\n|cant|p1a: Vaporeon|par\n|\n|-heal|p1a: Vaporeon|98/364 par|[from] item: Leftovers\n|upkeep\n|turn|40\n|\n|t:|1781414782\n|move|p2a: Floatzel|Crunch|p1a: Vaporeon\n|-crit|p1a: Vaporeon\n|-damage|p1a: Vaporeon|0 fnt\n|faint|p1a: Vaporeon\n|\n|upkeep\n|\n|t:|1781414784\n|switch|p1a: Flutter Mane|Flutter Mane, L74|163/203\n|turn|41\n|\n|t:|1781414800\n|-terastallize|p1a: Flutter Mane|Ghost\n|move|p2a: Floatzel|Crunch|p1a: Flutter Mane\n|-supereffective|p1a: Flutter Mane\n|-damage|p1a: Flutter Mane|0 fnt\n|faint|p1a: Flutter Mane\n|-end|p1a: Flutter Mane|Protosynthesis|[silent]\n|\n|win|gr88nhood\n|raw|cklldsds's rating: 1705 &rarr; <strong>1686</strong><br />(-19 for losing)\n|raw|gr88nhood's rating: 1726 &rarr; <strong>1745</strong><br />(+19 for winning)\n|l|\u2606cklldsds\n|player|p1|\n", "inputlog": ">version a8376a258c1d4662feba110a92103f3664a72141\n>start {\"formatid\":\"gen9randombattle\",\"seed\":\"sodium,8c4ac15c1b19d79d8edd188d8dbe6efe\",\"rated\":\"Rated battle\"}\n>player p1 {\"name\":\"cklldsds\",\"avatar\":\"2\",\"rating\":1705,\"seed\":\"sodium,2e475eef77a0d026d305018bfdb2a356\"}\n>player p2 {\"name\":\"gr88nhood\",\"avatar\":\"2\",\"rating\":1726,\"seed\":\"sodium,3cf593e119e5d05f70b6e418e53198c9\"}\n>p1 switch 2\n>p2 move uturn\n>p2 switch 2\n>p1 switch 5\n>p2 move knockoff\n>p1 move toxic\n>p2 move leechseed\n>p1 move focusblast\n>p2 move gigadrain\n>p1 switch 6\n>p1 move flareblitz\n>p2 move leechseed\n>p1 move trailblaze\n>p2 move knockoff\n>p2 switch 2\n>p1 move knockoff\n>p2 move boomburst\n>p1 switch 5\n>p2 move boomburst\n>p1 move scald\n>p2 move uturn\n>p2 switch 5\n>p1 move protect\n>p2 move encore\n>p1 switch 5\n>p2 move encore\n>p1 move knockoff\n>p2 switch 5\n>p1 switch 5\n>p2 move boomburst\n>p1 move wish\n>p2 move uturn\n>p2 switch 5\n>p1 switch 5\n>p2 move lunge\n>p1 switch 5\n>p1 move scald\n>p2 move thunderwave\n>p1 move scald\n>p2 move roost\n>p1 move wish\n>p2 move roost\n>p1 move protect\n>p2 move lunge\n>p1 move scald\n>p2 move encore\n>p1 move wish\n>p2 switch 4\n>p1 switch 3\n>p2 move shellsmash\n>p1 move encore\n>p2 move terablast terastallize\n>p1 move icebeam\n>p2 move terablast\n>p1 switch 2\n>p1 move psyshock\n>p2 switch 5\n>p2 switch 4\n>p1 switch 3\n>p2 move lunge\n>p1 switch 3\n>p2 move lunge\n>p1 move psyshock\n>p2 move roost\n>p1 move psyshock\n>p2 move roost\n>p1 move psyshock\n>p2 move roost\n>p1 switch 3\n>p2 move lunge\n>p1 move wish\n>p2 switch 5\n>p1 switch 3\n>p2 move shellsmash\n>p1 move psyshock\n>p2 move terablast\n>p1 switch 4\n>p1 move thunderbolt\n>p2 switch 5\n>p1 move moonblast\n>p2 move roost\n>p1 switch 3\n>p2 move thunderwave\n>p2 switch 3\n>p1 move scald\n>p2 move crunch\n>p1 move scald\n>p2 move crunch\n>p1 move scald\n>p2 move crunch\n>p1 switch 3\n>p1 move shadowball terastallize\n>p2 move crunch", "uploadtime": 1781414810, "views": 6, "formatid": "gen9randombattle", "rating": 1686, "private": 0, "password": null}