{"id": "gen9randombattle-2631921900", "format": "[Gen 9] Random Battle", "players": ["Gaaraks", "nocomment3"], "log": "|badge|p2|bronze|gen9randombattle|100-9\n|uhtml|medal-msg|<div class=\"broadcast-blue\">Curious what those medals under the avatar are? PS now has Ladder Seasons! For more information, check out the <a href=\"https://www.smogon.com/forums/threads/3740067/\">thread on Smogon.</a></div>\n|j|\u2606Gaaraks\n|j|\u2606nocomment3\n|t:|1781455907\n|gametype|singles\n|player|p1|Gaaraks|170|2114\n|player|p2|nocomment3|101|2333\n|gen|9\n|tier|[Gen 9] Random Battle\n|rated|\n|rule|Species Clause: Limit one of each Pok\u00e9mon\n|rule|HP Percentage Mod: HP is shown in percentages\n|rule|Sleep Clause Mod: Limit one foe put to sleep\n|rule|Illusion Level Mod: Illusion disguises the Pok\u00e9mon's true level\n|\n|t:|1781455907\n|teamsize|p1|6\n|teamsize|p2|6\n|start\n|switch|p1a: Wo-Chien|Wo-Chien, L83|277/277\n|switch|p2a: Talonflame|Talonflame, L83, M|265/265\n|-ability|p1a: Wo-Chien|Tablets of Ruin\n|turn|1\n|inactive|Battle timer is ON: inactive players will automatically lose when time's up. (requested by Gaaraks)\n|\n|t:|1781455920\n|switch|p1a: Arcanine|Arcanine, L84, F|288/288\n|-ability|p1a: Arcanine|Intimidate|boost\n|-unboost|p2a: Talonflame|atk|1\n|move|p2a: Talonflame|Swords Dance|p2a: Talonflame\n|-boost|p2a: Talonflame|atk|2\n|\n|upkeep\n|turn|2\n|\n|t:|1781455927\n|move|p2a: Talonflame|Swords Dance|p2a: Talonflame\n|-boost|p2a: Talonflame|atk|2\n|move|p1a: Arcanine|Roar|p2a: Talonflame\n|drag|p2a: Volbeat|Volbeat, L90, M|263/263\n|\n|upkeep\n|turn|3\n|\n|t:|1781455944\n|switch|p1a: Gothitelle|Gothitelle, L90, F|272/272\n|switch|p2a: Pelipper|Pelipper, L86, M|243/243\n|-weather|RainDance|[from] ability: Drizzle|[of] p2a: Pelipper\n|\n|-weather|RainDance|[upkeep]\n|upkeep\n|turn|4\n|\n|t:|1781455950\n|move|p1a: Gothitelle|Psychic|p2a: Pelipper\n|-damage|p2a: Pelipper|117/243\n|move|p2a: Pelipper|Weather Ball|p1a: Gothitelle\n|-damage|p1a: Gothitelle|91/272\n|\n|-weather|RainDance|[upkeep]\n|upkeep\n|turn|5\n|\n|t:|1781455955\n|move|p1a: Gothitelle|Psychic|p2a: Pelipper\n|-damage|p2a: Pelipper|0 fnt\n|faint|p2a: Pelipper\n|\n|-weather|RainDance|[upkeep]\n|upkeep\n|\n|t:|1781455964\n|switch|p2a: Dragapult|Dragapult, L77, M|262/262\n|turn|6\n|\n|t:|1781455968\n|switch|p1a: Wo-Chien|Wo-Chien, L83|277/277\n|-ability|p1a: Wo-Chien|Tablets of Ruin\n|move|p2a: Dragapult|Dragon Darts|p1a: Wo-Chien\n|-damage|p1a: Wo-Chien|241/277\n|-anim|p2a: Dragapult|Dragon Darts|p1a: Wo-Chien\n|-damage|p1a: Wo-Chien|202/277\n|\n|-weather|RainDance|[upkeep]\n|-heal|p1a: Wo-Chien|219/277|[from] item: Leftovers\n|upkeep\n|turn|7\n|\n|t:|1781455975\n|move|p2a: Dragapult|U-turn|p1a: Wo-Chien\n|-supereffective|p1a: Wo-Chien\n|-damage|p1a: Wo-Chien|87/277\n|\n|t:|1781455979\n|switch|p2a: Luxray|Luxray, L88, F|284/284|[from] U-turn\n|-ability|p2a: Luxray|Intimidate|boost\n|-unboost|p1a: Wo-Chien|atk|1\n|move|p1a: Wo-Chien|Knock Off|p2a: Luxray\n|-damage|p2a: Luxray|218/284\n|-enditem|p2a: Luxray|Assault Vest|[from] move: Knock Off|[of] p1a: Wo-Chien\n|\n|-weather|none\n|-heal|p1a: Wo-Chien|104/277|[from] item: Leftovers\n|upkeep\n|turn|8\n|\n|t:|1781455988\n|move|p1a: Wo-Chien|Protect|p1a: Wo-Chien\n|-singleturn|p1a: Wo-Chien|Protect\n|move|p2a: Luxray|Play Rough|p1a: Wo-Chien\n|-activate|p1a: Wo-Chien|move: Protect\n|\n|-heal|p1a: Wo-Chien|121/277|[from] item: Leftovers\n|upkeep\n|turn|9\n|\n|t:|1781455993\n|move|p2a: Luxray|Volt Switch|p1a: Wo-Chien\n|-resisted|p1a: Wo-Chien\n|-damage|p1a: Wo-Chien|91/277\n|\n|t:|1781455996\n|switch|p2a: Volbeat|Volbeat, L90, M|263/263|[from] Volt Switch\n|move|p1a: Wo-Chien|Leech Seed|p2a: Volbeat\n|-start|p2a: Volbeat|move: Leech Seed\n|\n|-heal|p1a: Wo-Chien|108/277|[from] item: Leftovers\n|-damage|p2a: Volbeat|231/263|[from] Leech Seed|[of] p1a: Wo-Chien\n|-heal|p1a: Wo-Chien|140/277|[silent]\n|upkeep\n|turn|10\n|\n|t:|1781456002\n|move|p1a: Wo-Chien|Protect|p1a: Wo-Chien\n|-singleturn|p1a: Wo-Chien|Protect\n|move|p2a: Volbeat|U-turn|p1a: Wo-Chien\n|-activate|p1a: Wo-Chien|move: Protect\n|\n|-heal|p1a: Wo-Chien|157/277|[from] item: Leftovers\n|-damage|p2a: Volbeat|199/263|[from] Leech Seed|[of] p1a: Wo-Chien\n|-heal|p1a: Wo-Chien|189/277|[silent]\n|upkeep\n|turn|11\n|\n|t:|1781456008\n|move|p2a: Volbeat|Thunder Wave|p1a: Wo-Chien\n|-hint|Since gen 7, Dark is immune to Prankster moves.\n|-immune|p1a: Wo-Chien\n|move|p1a: Wo-Chien|Knock Off|p2a: Volbeat\n|-damage|p2a: Volbeat|132/263\n|-enditem|p2a: Volbeat|Heavy-Duty Boots|[from] move: Knock Off|[of] p1a: Wo-Chien\n|\n|-heal|p1a: Wo-Chien|206/277|[from] item: Leftovers\n|-damage|p2a: Volbeat|100/263|[from] Leech Seed|[of] p1a: Wo-Chien\n|-heal|p1a: Wo-Chien|238/277|[silent]\n|upkeep\n|turn|12\n|\n|t:|1781456011\n|move|p1a: Wo-Chien|Protect|p1a: Wo-Chien\n|-singleturn|p1a: Wo-Chien|Protect\n|move|p2a: Volbeat|U-turn|p1a: Wo-Chien\n|-activate|p1a: Wo-Chien|move: Protect\n|\n|-heal|p1a: Wo-Chien|255/277|[from] item: Leftovers\n|-damage|p2a: Volbeat|68/263|[from] Leech Seed|[of] p1a: Wo-Chien\n|-heal|p1a: Wo-Chien|277/277|[silent]\n|upkeep\n|turn|13\n|\n|t:|1781456016\n|move|p2a: Volbeat|Roost|p2a: Volbeat\n|-heal|p2a: Volbeat|200/263\n|-singleturn|p2a: Volbeat|move: Roost\n|move|p1a: Wo-Chien|Leech Seed||[still]\n|-fail|p1a: Wo-Chien\n|\n|-damage|p2a: Volbeat|168/263|[from] Leech Seed|[of] p1a: Wo-Chien\n|upkeep\n|turn|14\n|\n|t:|1781456022\n|move|p2a: Volbeat|U-turn|p1a: Wo-Chien\n|-supereffective|p1a: Wo-Chien\n|-damage|p1a: Wo-Chien|73/277\n|\n|t:|1781456025\n|switch|p2a: Luxray|Luxray, L88, F|218/284|[from] U-turn\n|-ability|p2a: Luxray|Intimidate|boost\n|-unboost|p1a: Wo-Chien|atk|1\n|move|p1a: Wo-Chien|Leech Seed|p2a: Luxray|[miss]\n|-miss|p1a: Wo-Chien|p2a: Luxray\n|\n|-heal|p1a: Wo-Chien|90/277|[from] item: Leftovers\n|upkeep\n|turn|15\n|\n|t:|1781456031\n|move|p2a: Luxray|Play Rough|p1a: Wo-Chien\n|-supereffective|p1a: Wo-Chien\n|-damage|p1a: Wo-Chien|0 fnt\n|faint|p1a: Wo-Chien\n|\n|upkeep\n|\n|t:|1781456037\n|switch|p1a: Arcanine|Arcanine, L84, F|288/288\n|-ability|p1a: Arcanine|Intimidate|boost\n|-unboost|p2a: Luxray|atk|1\n|turn|16\n|\n|t:|1781456046\n|move|p1a: Arcanine|Flare Blitz|p2a: Luxray\n|-damage|p2a: Luxray|70/284\n|-damage|p1a: Arcanine|239/288|[from] Recoil\n|move|p2a: Luxray|Volt Switch|p1a: Arcanine\n|-damage|p1a: Arcanine|154/288\n|\n|t:|1781456050\n|switch|p2a: Talonflame|Talonflame, L83, M|265/265|[from] Volt Switch\n|\n|upkeep\n|turn|17\n|\n|t:|1781456056\n|move|p2a: Talonflame|Swords Dance|p2a: Talonflame\n|-boost|p2a: Talonflame|atk|2\n|move|p1a: Arcanine|Morning Sun|p1a: Arcanine\n|-heal|p1a: Arcanine|288/288\n|\n|upkeep\n|turn|18\n|\n|t:|1781456062\n|-terastallize|p2a: Talonflame|Ground\n|move|p2a: Talonflame|Tera Blast|p1a: Arcanine|[anim] Tera Blast Ground\n|-supereffective|p1a: Arcanine\n|-damage|p1a: Arcanine|0 fnt\n|faint|p1a: Arcanine\n|\n|upkeep\n|\n|t:|1781456071\n|switch|p1a: Regigigas|Regigigas, L84|322/322\n|-start|p1a: Regigigas|ability: Slow Start\n|turn|19\n|\n|t:|1781456076\n|move|p2a: Talonflame|Tera Blast|p1a: Regigigas|[anim] Tera Blast Ground\n|-damage|p1a: Regigigas|198/322\n|move|p1a: Regigigas|Body Slam|p2a: Talonflame\n|-damage|p2a: Talonflame|187/265\n|\n|-heal|p1a: Regigigas|218/322|[from] item: Leftovers\n|upkeep\n|turn|20\n|\n|t:|1781456083\n|move|p2a: Talonflame|Brave Bird|p1a: Regigigas\n|-damage|p1a: Regigigas|47/322\n|-damage|p2a: Talonflame|131/265|[from] Recoil\n|move|p1a: Regigigas|Body Slam|p2a: Talonflame\n|-damage|p2a: Talonflame|58/265\n|-status|p2a: Talonflame|par\n|-status|p1a: Regigigas|brn|[from] ability: Flame Body|[of] p2a: Talonflame\n|\n|-heal|p1a: Regigigas|67/322 brn|[from] item: Leftovers\n|-damage|p1a: Regigigas|47/322 brn|[from] brn\n|upkeep\n|turn|21\n|\n|t:|1781456088\n|move|p2a: Talonflame|Brave Bird|p1a: Regigigas\n|-damage|p1a: Regigigas|0 fnt\n|faint|p1a: Regigigas\n|-end|p1a: Regigigas|Slow Start|[silent]\n|-damage|p2a: Talonflame|42/265 par|[from] Recoil\n|\n|upkeep\n|\n|t:|1781456100\n|switch|p1a: Zapdos|Zapdos, L78|268/268\n|turn|22\n|\n|t:|1781456103\n|move|p1a: Zapdos|Heat Wave|p2a: Talonflame\n|-damage|p2a: Talonflame|0 fnt\n|faint|p2a: Talonflame\n|\n|upkeep\n|\n|t:|1781456106\n|switch|p2a: Luxray|Luxray, L88, F|70/284\n|-ability|p2a: Luxray|Intimidate|boost\n|-unboost|p1a: Zapdos|atk|1\n|turn|23\n|\n|t:|1781456112\n|move|p1a: Zapdos|Heat Wave|p2a: Luxray\n|-damage|p2a: Luxray|0 fnt\n|faint|p2a: Luxray\n|\n|upkeep\n|\n|t:|1781456119\n|switch|p2a: Dragapult|Dragapult, L77, M|262/262\n|turn|24\n|\n|t:|1781456121\n|move|p2a: Dragapult|Dragon Darts|p1a: Zapdos\n|-damage|p1a: Zapdos|207/268\n|-anim|p2a: Dragapult|Dragon Darts|p1a: Zapdos\n|-damage|p1a: Zapdos|153/268\n|move|p1a: Zapdos|Discharge|p2a: Dragapult\n|-resisted|p2a: Dragapult\n|-damage|p2a: Dragapult|208/262\n|-start|p1a: Zapdos|Disable|Discharge|[from] ability: Cursed Body|[of] p2a: Dragapult\n|\n|upkeep\n|turn|25\n|\n|t:|1781456132\n|move|p2a: Dragapult|Will-O-Wisp|p1a: Zapdos\n|-status|p1a: Zapdos|brn\n|move|p1a: Zapdos|Hurricane|p2a: Dragapult|[miss]\n|-miss|p1a: Zapdos|p2a: Dragapult\n|\n|-damage|p1a: Zapdos|137/268 brn|[from] brn\n|upkeep\n|turn|26\n|\n|t:|1781456135\n|move|p2a: Dragapult|Hex|p1a: Zapdos\n|-damage|p1a: Zapdos|14/268 brn\n|move|p1a: Zapdos|Roost|p1a: Zapdos\n|-heal|p1a: Zapdos|148/268 brn\n|-singleturn|p1a: Zapdos|move: Roost\n|\n|-damage|p1a: Zapdos|132/268 brn|[from] brn\n|upkeep\n|turn|27\n|\n|t:|1781456139\n|switch|p1a: Pachirisu|Pachirisu, L96, F|271/271\n|move|p2a: Dragapult|Hex|p1a: Pachirisu\n|-damage|p1a: Pachirisu|235/271\n|\n|upkeep\n|turn|28\n|\n|t:|1781456144\n|move|p2a: Dragapult|U-turn|p1a: Pachirisu\n|-damage|p1a: Pachirisu|182/271\n|\n|t:|1781456147\n|switch|p2a: Volbeat|Volbeat, L90, M|168/263|[from] U-turn\n|move|p1a: Pachirisu|Nuzzle|p2a: Volbeat\n|-crit|p2a: Volbeat\n|-damage|p2a: Volbeat|141/263\n|-status|p2a: Volbeat|par\n|\n|upkeep\n|turn|29\n|\n|t:|1781456154\n|switch|p1a: Zapdos|Zapdos, L78|132/268 brn\n|move|p2a: Volbeat|U-turn|p1a: Zapdos\n|-resisted|p1a: Zapdos\n|-damage|p1a: Zapdos|92/268 brn\n|\n|t:|1781456158\n|switch|p2a: Dragapult|Dragapult, L77, M|208/262|[from] U-turn\n|\n|-damage|p1a: Zapdos|76/268 brn|[from] brn\n|upkeep\n|turn|30\n|\n|t:|1781456161\n|move|p2a: Dragapult|Dragon Darts|p1a: Zapdos\n|-damage|p1a: Zapdos|22/268 brn\n|-anim|p2a: Dragapult|Dragon Darts|p1a: Zapdos\n|-damage|p1a: Zapdos|0 fnt\n|faint|p1a: Zapdos\n|\n|upkeep\n|\n|t:|1781456163\n|switch|p1a: Pachirisu|Pachirisu, L96, F|182/271\n|turn|31\n|\n|t:|1781456166\n|move|p2a: Dragapult|U-turn|p1a: Pachirisu\n|-damage|p1a: Pachirisu|132/271\n|\n|t:|1781456168\n|switch|p2a: Volbeat|Volbeat, L90, M|141/263 par|[from] U-turn\n|move|p1a: Pachirisu|Thunderbolt|p2a: Volbeat\n|-damage|p2a: Volbeat|65/263 par\n|\n|upkeep\n|turn|32\n|\n|t:|1781456179\n|move|p2a: Volbeat|Roost|p2a: Volbeat\n|-heal|p2a: Volbeat|197/263 par\n|-singleturn|p2a: Volbeat|move: Roost\n|move|p1a: Pachirisu|Thunderbolt|p2a: Volbeat\n|-damage|p2a: Volbeat|124/263 par\n|\n|upkeep\n|turn|33\n|\n|t:|1781456184\n|move|p1a: Pachirisu|Thunderbolt|p2a: Volbeat\n|-damage|p2a: Volbeat|52/263 par\n|move|p2a: Volbeat|U-turn|p1a: Pachirisu\n|-damage|p1a: Pachirisu|56/271\n|\n|t:|1781456187\n|switch|p2a: Dragapult|Dragapult, L77, M|208/262|[from] U-turn\n|\n|upkeep\n|turn|34\n|\n|t:|1781456189\n|move|p2a: Dragapult|Dragon Darts|p1a: Pachirisu\n|-damage|p1a: Pachirisu|4/271\n|-anim|p2a: Dragapult|Dragon Darts|p1a: Pachirisu\n|-damage|p1a: Pachirisu|0 fnt\n|faint|p1a: Pachirisu\n|\n|upkeep\n|\n|t:|1781456191\n|switch|p1a: Gothitelle|Gothitelle, L90, F|91/272\n|turn|35\n|\n|t:|1781456194\n|-terastallize|p1a: Gothitelle|Flying\n|move|p2a: Dragapult|U-turn|p1a: Gothitelle\n|-resisted|p1a: Gothitelle\n|-damage|p1a: Gothitelle|70/272\n|\n|t:|1781456199\n|switch|p2a: Volbeat|Volbeat, L90, M|52/263 par|[from] U-turn\n|move|p1a: Gothitelle|Dark Pulse|p2a: Volbeat\n|-damage|p2a: Volbeat|0 fnt\n|faint|p2a: Volbeat\n|\n|upkeep\n|\n|t:|1781456200\n|switch|p2a: Dragapult|Dragapult, L77, M|208/262\n|turn|36\n|\n|t:|1781456202\n|move|p2a: Dragapult|Dragon Darts|p1a: Gothitelle\n|-damage|p1a: Gothitelle|24/272\n|-anim|p2a: Dragapult|Dragon Darts|p1a: Gothitelle\n|-damage|p1a: Gothitelle|0 fnt\n|faint|p1a: Gothitelle\n|\n|win|nocomment3\n", "inputlog": ">version a8376a258c1d4662feba110a92103f3664a72141\n>start {\"formatid\":\"gen9randombattle\",\"seed\":\"sodium,4a79295bbf145baed89829164260df68\",\"rated\":\"Rated battle\"}\n>player p1 {\"name\":\"Gaaraks\",\"avatar\":\"170\",\"rating\":2114,\"seed\":\"sodium,ec597f24032bae20a908a60cf73bbf0d\"}\n>player p2 {\"name\":\"nocomment3\",\"avatar\":\"101\",\"rating\":2333,\"seed\":\"sodium,bff18c5d0c50e4669114f48855cac185\"}\n>p1 switch 4\n>p2 move swordsdance\n>p1 move roar\n>p2 move swordsdance\n>p1 switch 5\n>p2 switch 5\n>p1 move psychic\n>p2 move weatherball\n>p1 move psychic\n>p2 move weatherball\n>p2 switch 3\n>p1 switch 4\n>p2 move dragondarts\n>p1 move knockoff\n>p2 move uturn\n>p2 switch 6\n>p1 move protect\n>p2 move playrough\n>p1 move leechseed\n>p2 move voltswitch\n>p2 switch 5\n>p1 move protect\n>p2 move uturn\n>p1 move knockoff\n>p2 move thunderwave\n>p1 move protect\n>p2 move uturn\n>p1 move leechseed\n>p2 move roost\n>p1 move leechseed\n>p2 move uturn\n>p2 switch 5\n>p1 move gigadrain\n>p2 move playrough\n>p1 switch 5\n>p1 move flareblitz\n>p2 move voltswitch\n>p2 switch 4\n>p1 move morningsun\n>p2 move swordsdance\n>p1 move roar\n>p2 move terablast terastallize\n>p1 switch 3\n>p1 move bodyslam\n>p2 move terablast\n>p1 move bodyslam\n>p2 move bravebird\n>p1 move rest\n>p2 move bravebird\n>p1 switch 6\n>p1 move heatwave\n>p2 move flareblitz\n>p2 switch 4\n>p1 move heatwave\n>p2 move wildcharge\n>p2 switch 6\n>p1 move discharge\n>p2 move dragondarts\n>p1 move hurricane\n>p2 move willowisp\n>p1 move roost\n>p2 move hex\n>p1 switch 2\n>p2 move hex\n>p1 move nuzzle\n>p2 move uturn\n>p2 switch 5\n>p1 switch 2\n>p2 move uturn\n>p2 switch 5\n>p1 move roost\n>p2 move dragondarts\n>p1 switch 2\n>p1 move thunderbolt\n>p2 move uturn\n>p2 switch 5\n>p1 move thunderbolt\n>p2 move roost\n>p1 move thunderbolt\n>p2 move uturn\n>p2 switch 5\n>p1 move nuzzle\n>p2 move dragondarts\n>p1 switch 4\n>p1 move darkpulse terastallize\n>p2 move uturn\n>p2 switch 5\n>p2 switch 5\n>p1 move darkpulse\n>p2 move dragondarts", "uploadtime": 1781455909, "views": 5, "formatid": "gen9randombattle", "rating": null, "private": 0, "password": null}