{"id": "gen9randombattle-2631975044", "format": "[Gen 9] Random Battle", "players": ["coolx1", "SaberTB"], "log": "|j|\u2606coolx1\n|j|\u2606SaberTB\n|t:|1781461740\n|gametype|singles\n|player|p1|coolx1|169|2099\n|player|p2|SaberTB|169|2052\n|gen|9\n|tier|[Gen 9] Random Battle\n|rated|\n|rule|Species Clause: Limit one of each Pok\u00e9mon\n|rule|HP Percentage Mod: HP is shown in percentages\n|rule|Sleep Clause Mod: Limit one foe put to sleep\n|rule|Illusion Level Mod: Illusion disguises the Pok\u00e9mon's true level\n|\n|t:|1781461740\n|teamsize|p1|6\n|teamsize|p2|6\n|start\n|switch|p1a: Brute Bonnet|Brute Bonnet, L80|309/309\n|switch|p2a: Infernape|Infernape, L82, M|259/259\n|turn|1\n|j| joca_molhado\n|\n|t:|1781461754\n|-end|p1a: Brute Bonnet|Protosynthesis|[silent]\n|switch|p1a: Tauros|Tauros-Paldea-Aqua, L81, M|254/254\n|-ability|p1a: Tauros|Intimidate|boost\n|-unboost|p2a: Infernape|atk|1\n|move|p2a: Infernape|Close Combat|p1a: Tauros\n|-damage|p1a: Tauros|160/254\n|-unboost|p2a: Infernape|def|1\n|-unboost|p2a: Infernape|spd|1\n|-damage|p2a: Infernape|234/259|[from] item: Life Orb\n|\n|upkeep\n|turn|2\n|\n|t:|1781461759\n|switch|p2a: Chesnaught|Chesnaught, L84, M|285/285\n|move|p1a: Tauros|Close Combat|p2a: Chesnaught\n|-crit|p2a: Chesnaught\n|-damage|p2a: Chesnaught|98/285\n|-unboost|p1a: Tauros|def|1\n|-unboost|p1a: Tauros|spd|1\n|-damage|p1a: Tauros|135/254|[from] item: Life Orb\n|\n|-heal|p2a: Chesnaught|115/285|[from] item: Leftovers\n|upkeep\n|turn|3\n|\n|t:|1781461768\n|move|p1a: Tauros|Close Combat|p2a: Chesnaught\n|-damage|p2a: Chesnaught|0 fnt\n|-unboost|p1a: Tauros|def|1\n|-unboost|p1a: Tauros|spd|1\n|faint|p2a: Chesnaught\n|-damage|p1a: Tauros|110/254|[from] item: Life Orb\n|\n|upkeep\n|\n|t:|1781461773\n|switch|p2a: Infernape|Infernape, L82, M|234/259\n|turn|4\n|\n|t:|1781461779\n|move|p1a: Tauros|Aqua Jet|p2a: Infernape\n|-supereffective|p2a: Infernape\n|-damage|p2a: Infernape|86/259\n|-damage|p1a: Tauros|85/254|[from] item: Life Orb\n|move|p2a: Infernape|Close Combat|p1a: Tauros\n|-damage|p1a: Tauros|0 fnt\n|-unboost|p2a: Infernape|def|1\n|-unboost|p2a: Infernape|spd|1\n|faint|p1a: Tauros\n|-damage|p2a: Infernape|61/259|[from] item: Life Orb\n|\n|upkeep\n|\n|t:|1781461791\n|switch|p1a: Electrode|Electrode-Hisui, L87|246/246\n|turn|5\n|\n|t:|1781461795\n|switch|p2a: Wo-Chien|Wo-Chien, L83|277/277\n|-ability|p2a: Wo-Chien|Tablets of Ruin\n|move|p1a: Electrode|Thunderbolt|p2a: Wo-Chien\n|-resisted|p2a: Wo-Chien\n|-damage|p2a: Wo-Chien|247/277\n|\n|-heal|p2a: Wo-Chien|264/277|[from] item: Leftovers\n|upkeep\n|turn|6\n|\n|t:|1781461804\n|switch|p1a: Braviary|Braviary, L85, M|309/309\n|move|p2a: Wo-Chien|Knock Off|p1a: Braviary\n|-damage|p1a: Braviary|198/309\n|-enditem|p1a: Braviary|Heavy-Duty Boots|[from] move: Knock Off|[of] p2a: Wo-Chien\n|\n|-heal|p2a: Wo-Chien|277/277|[from] item: Leftovers\n|upkeep\n|turn|7\n|\n|t:|1781461810\n|switch|p2a: Iron Boulder|Iron Boulder, L77|265/265\n|move|p1a: Braviary|Bulk Up|p1a: Braviary\n|-boost|p1a: Braviary|atk|1\n|-boost|p1a: Braviary|def|1\n|\n|upkeep\n|turn|8\n|\n|t:|1781461820\n|move|p2a: Iron Boulder|Mighty Cleave|p1a: Braviary\n|-supereffective|p1a: Braviary\n|-damage|p1a: Braviary|16/309\n|-damage|p2a: Iron Boulder|239/265|[from] item: Life Orb\n|move|p1a: Braviary|Close Combat|p2a: Iron Boulder\n|-damage|p2a: Iron Boulder|69/265\n|-unboost|p1a: Braviary|def|1\n|-unboost|p1a: Braviary|spd|1\n|\n|upkeep\n|turn|9\n|\n|t:|1781461829\n|move|p2a: Iron Boulder|Mighty Cleave|p1a: Braviary\n|-supereffective|p1a: Braviary\n|-damage|p1a: Braviary|0 fnt\n|faint|p1a: Braviary\n|-damage|p2a: Iron Boulder|43/265|[from] item: Life Orb\n|\n|upkeep\n|\n|t:|1781461835\n|switch|p1a: Deoxys|Deoxys, L74|196/196\n|-ability|p1a: Deoxys|Pressure\n|turn|10\n|l| joca_molhado\n|inactive|Battle timer is ON: inactive players will automatically lose when time's up. (requested by coolx1)\n|\n|t:|1781461849\n|move|p1a: Deoxys|Knock Off|p2a: Iron Boulder\n|-supereffective|p2a: Iron Boulder\n|-damage|p2a: Iron Boulder|0 fnt\n|-enditem|p2a: Iron Boulder|Life Orb|[from] move: Knock Off|[of] p1a: Deoxys\n|faint|p2a: Iron Boulder\n|-end|p2a: Iron Boulder|Quark Drive|[silent]\n|-damage|p1a: Deoxys|177/196|[from] item: Life Orb\n|\n|upkeep\n|\n|t:|1781461853\n|switch|p2a: Ursaring|Ursaring, L84, M|288/288\n|turn|11\n|\n|t:|1781461858\n|move|p1a: Deoxys|Knock Off|p2a: Ursaring\n|-damage|p2a: Ursaring|210/288\n|-enditem|p2a: Ursaring|Eviolite|[from] move: Knock Off|[of] p1a: Deoxys\n|-damage|p1a: Deoxys|158/196|[from] item: Life Orb\n|move|p2a: Ursaring|Body Slam|p1a: Deoxys\n|-damage|p1a: Deoxys|0 fnt\n|faint|p1a: Deoxys\n|\n|upkeep\n|\n|t:|1781461872\n|switch|p1a: Brute Bonnet|Brute Bonnet, L80|309/309\n|turn|12\n|\n|t:|1781461878\n|move|p2a: Ursaring|Body Slam|p1a: Brute Bonnet\n|-damage|p1a: Brute Bonnet|195/309\n|move|p1a: Brute Bonnet|Crunch|p2a: Ursaring\n|-damage|p2a: Ursaring|110/288\n|\n|-heal|p1a: Brute Bonnet|214/309|[from] item: Leftovers\n|upkeep\n|turn|13\n|\n|t:|1781461885\n|move|p2a: Ursaring|Body Slam|p1a: Brute Bonnet\n|-damage|p1a: Brute Bonnet|99/309\n|move|p1a: Brute Bonnet|Crunch|p2a: Ursaring\n|-damage|p2a: Ursaring|0 fnt\n|faint|p2a: Ursaring\n|\n|-heal|p1a: Brute Bonnet|118/309|[from] item: Leftovers\n|upkeep\n|\n|t:|1781461891\n|switch|p2a: Infernape|Infernape, L82, M|61/259\n|turn|14\n|\n|t:|1781461893\n|move|p1a: Brute Bonnet|Sucker Punch|p2a: Infernape\n|-resisted|p2a: Infernape\n|-damage|p2a: Infernape|13/259\n|move|p2a: Infernape|Close Combat|p1a: Brute Bonnet\n|-supereffective|p1a: Brute Bonnet\n|-damage|p1a: Brute Bonnet|0 fnt\n|-unboost|p2a: Infernape|def|1\n|-unboost|p2a: Infernape|spd|1\n|faint|p1a: Brute Bonnet\n|-end|p1a: Brute Bonnet|Protosynthesis|[silent]\n|-damage|p2a: Infernape|0 fnt|[from] item: Life Orb\n|faint|p2a: Infernape\n|\n|upkeep\n|\n|t:|1781461904\n|switch|p2a: Girafarig|Girafarig, L89, F|269/269\n|switch|p1a: Dugtrio|Dugtrio-Alola, L84, F|196/196\n|turn|15\n|\n|t:|1781461909\n|switch|p2a: Wo-Chien|Wo-Chien, L83|277/277\n|-ability|p2a: Wo-Chien|Tablets of Ruin\n|move|p1a: Dugtrio|Swords Dance|p1a: Dugtrio\n|-boost|p1a: Dugtrio|atk|2\n|\n|upkeep\n|turn|16\n|\n|t:|1781461913\n|-terastallize|p1a: Dugtrio|Steel\n|move|p1a: Dugtrio|Iron Head|p2a: Wo-Chien\n|-damage|p2a: Wo-Chien|87/277\n|-damage|p1a: Dugtrio|177/196|[from] item: Life Orb\n|cant|p2a: Wo-Chien|flinch\n|\n|-heal|p2a: Wo-Chien|104/277|[from] item: Leftovers\n|upkeep\n|turn|17\n|\n|t:|1781461920\n|move|p1a: Dugtrio|Iron Head|p2a: Wo-Chien\n|-damage|p2a: Wo-Chien|0 fnt\n|faint|p2a: Wo-Chien\n|-damage|p1a: Dugtrio|158/196|[from] item: Life Orb\n|\n|upkeep\n|\n|t:|1781461923\n|switch|p2a: Girafarig|Girafarig, L89, F|269/269\n|turn|18\n|\n|t:|1781461926\n|-terastallize|p2a: Girafarig|Electric\n|move|p1a: Dugtrio|Iron Head|p2a: Girafarig\n|-resisted|p2a: Girafarig\n|-damage|p2a: Girafarig|152/269\n|-damage|p1a: Dugtrio|139/196|[from] item: Life Orb\n|move|p2a: Girafarig|Thunderbolt|p1a: Dugtrio\n|-damage|p1a: Dugtrio|24/196\n|\n|upkeep\n|turn|19\n|\n|t:|1781461934\n|move|p1a: Dugtrio|Earthquake|p2a: Girafarig\n|-supereffective|p2a: Girafarig\n|-damage|p2a: Girafarig|0 fnt\n|faint|p2a: Girafarig\n|-damage|p1a: Dugtrio|5/196|[from] item: Life Orb\n|\n|win|coolx1\n|raw|coolx1's rating: 2099 &rarr; <strong>2116</strong><br />(+17 for winning)\n|raw|SaberTB's rating: 2052 &rarr; <strong>2035</strong><br />(-17 for losing)\n", "inputlog": ">version a8376a258c1d4662feba110a92103f3664a72141\n>start {\"formatid\":\"gen9randombattle\",\"seed\":\"sodium,478605e1240f536a64e20520c9212ae6\",\"rated\":\"Rated battle\"}\n>player p1 {\"name\":\"coolx1\",\"avatar\":\"169\",\"rating\":2099,\"seed\":\"sodium,ee60e030f3bea872566958f8783da634\"}\n>player p2 {\"name\":\"SaberTB\",\"avatar\":\"169\",\"rating\":2052,\"seed\":\"sodium,2a909ba2fa6990a1f9e25fecd77a9699\"}\n>p1 switch 5\n>p2 move closecombat\n>p1 move closecombat\n>p2 switch 4\n>p1 move closecombat\n>p2 move synthesis\n>p2 switch 4\n>p1 move aquajet\n>p2 move closecombat\n>p1 switch 3\n>p1 move thunderbolt\n>p2 switch 6\n>p1 switch 2\n>p2 move knockoff\n>p1 move bulkup\n>p2 switch 3\n>p1 move closecombat\n>p2 move mightycleave\n>p1 move closecombat\n>p2 move mightycleave\n>p1 switch 6\n>p1 move knockoff\n>p2 move closecombat\n>p2 switch 2\n>p1 move knockoff\n>p2 move bodyslam\n>p1 switch 5\n>p1 move crunch\n>p2 move bodyslam\n>p1 move crunch\n>p2 move bodyslam\n>p2 switch 6\n>p1 move suckerpunch\n>p2 move closecombat\n>p1 switch 4\n>p2 switch 5\n>p1 move swordsdance\n>p2 switch 3\n>p1 move ironhead terastallize\n>p2 move stunspore\n>p1 move ironhead\n>p2 move stunspore\n>p2 switch 3\n>p1 move ironhead\n>p2 move thunderbolt terastallize\n>p1 move earthquake\n>p2 move thunderbolt", "uploadtime": 1781461741, "views": 6, "formatid": "gen9randombattle", "rating": 2035, "private": 0, "password": null}