{"id": "gen9randombattle-2631414333", "format": "[Gen 9] Random Battle", "players": ["TioInfernape", "KinglerCookie"], "log": "|j|\u2606TioInfernape\n|j|\u2606KinglerCookie\n|t:|1781381776\n|gametype|singles\n|player|p1|TioInfernape|169|1687\n|player|p2|KinglerCookie|miku-ground|1722\n|gen|9\n|tier|[Gen 9] Random Battle\n|rated|\n|rule|Species Clause: Limit one of each Pok\u00e9mon\n|rule|HP Percentage Mod: HP is shown in percentages\n|rule|Sleep Clause Mod: Limit one foe put to sleep\n|rule|Illusion Level Mod: Illusion disguises the Pok\u00e9mon's true level\n|\n|t:|1781381776\n|teamsize|p1|6\n|teamsize|p2|6\n|start\n|switch|p1a: Scream Tail|Scream Tail, L84|330/330\n|switch|p2a: Poliwrath|Poliwrath, L88, M|302/302\n|turn|1\n|inactive|Battle timer is ON: inactive players will automatically lose when time's up. (requested by TioInfernape)\n|c|\u2606TioInfernape|damn, neat sprite\n|c|\u2606TioInfernape|glhf!\n|\n|t:|1781381802\n|move|p1a: Scream Tail|Play Rough|p2a: Poliwrath\n|-supereffective|p2a: Poliwrath\n|-damage|p2a: Poliwrath|182/302\n|move|p2a: Poliwrath|Poison Jab|p1a: Scream Tail\n|-supereffective|p1a: Scream Tail\n|-crit|p1a: Scream Tail\n|-damage|p1a: Scream Tail|148/330\n|-status|p1a: Scream Tail|psn\n|\n|-heal|p1a: Scream Tail|168/330 psn|[from] item: Leftovers\n|-heal|p2a: Poliwrath|200/302|[from] item: Leftovers\n|-damage|p1a: Scream Tail|127/330 psn|[from] psn\n|upkeep\n|turn|2\n|\n|t:|1781381821\n|-end|p1a: Scream Tail|Protosynthesis|[silent]\n|switch|p1a: Mesprit|Mesprit, L85|275/275\n|switch|p2a: Toxtricity|Toxtricity, L82, M|257/257\n|\n|upkeep\n|turn|3\n|\n|t:|1781381827\n|move|p2a: Toxtricity|Volt Switch|p1a: Mesprit\n|-damage|p1a: Mesprit|211/275\n|\n|t:|1781381828\n|switch|p2a: Dipplin|Dipplin, L88, M|284/284|[from] Volt Switch\n|move|p1a: Mesprit|Psychic Noise|p2a: Dipplin\n|-damage|p2a: Dipplin|229/284\n|-start|p2a: Dipplin|move: Heal Block\n|\n|-heal|p1a: Mesprit|228/275|[from] item: Leftovers\n|upkeep\n|turn|4\n|\n|t:|1781381835\n|move|p1a: Mesprit|Knock Off|p2a: Dipplin\n|-damage|p2a: Dipplin|189/284\n|-activate|p2a: Dipplin|ability: Sticky Hold\n|move|p2a: Dipplin|Dragon Pulse|p1a: Mesprit\n|-damage|p1a: Mesprit|141/275\n|\n|-heal|p1a: Mesprit|158/275|[from] item: Leftovers\n|-end|p2a: Dipplin|move: Heal Block\n|upkeep\n|turn|5\n|\n|t:|1781381843\n|move|p1a: Mesprit|Thunder Wave|p2a: Dipplin\n|-status|p2a: Dipplin|par\n|move|p2a: Dipplin|Dragon Pulse|p1a: Mesprit\n|-damage|p1a: Mesprit|67/275\n|\n|-heal|p1a: Mesprit|84/275|[from] item: Leftovers\n|upkeep\n|turn|6\n|\n|t:|1781381851\n|move|p1a: Mesprit|U-turn|p2a: Dipplin\n|-supereffective|p2a: Dipplin\n|-damage|p2a: Dipplin|127/284 par\n|\n|t:|1781381857\n|switch|p1a: Hitmonchan|Hitmonchan, L87, M|229/229|[from] U-turn\n|move|p2a: Dipplin|Dragon Pulse|p1a: Hitmonchan\n|-damage|p1a: Hitmonchan|153/229\n|\n|upkeep\n|turn|7\n|\n|t:|1781381867\n|move|p1a: Hitmonchan|Drain Punch|p2a: Dipplin\n|-damage|p2a: Dipplin|48/284 par\n|-heal|p1a: Hitmonchan|193/229|[from] drain|[of] p2a: Dipplin\n|-damage|p1a: Hitmonchan|171/229|[from] item: Life Orb\n|move|p2a: Dipplin|Recover|p2a: Dipplin\n|-heal|p2a: Dipplin|190/284 par\n|\n|upkeep\n|turn|8\n|\n|t:|1781381872\n|move|p1a: Hitmonchan|Swords Dance|p1a: Hitmonchan\n|-boost|p1a: Hitmonchan|atk|2\n|move|p2a: Dipplin|Giga Drain|p1a: Hitmonchan\n|-damage|p1a: Hitmonchan|105/229\n|-heal|p2a: Dipplin|223/284 par|[from] drain|[of] p1a: Hitmonchan\n|\n|upkeep\n|turn|9\n|\n|t:|1781381876\n|move|p1a: Hitmonchan|Drain Punch|p2a: Dipplin\n|-damage|p2a: Dipplin|77/284 par\n|-heal|p1a: Hitmonchan|178/229|[from] drain|[of] p2a: Dipplin\n|-damage|p1a: Hitmonchan|156/229|[from] item: Life Orb\n|move|p2a: Dipplin|Giga Drain|p1a: Hitmonchan\n|-damage|p1a: Hitmonchan|92/229\n|-heal|p2a: Dipplin|109/284 par|[from] drain|[of] p1a: Hitmonchan\n|\n|upkeep\n|turn|10\n|\n|t:|1781381882\n|move|p1a: Hitmonchan|Drain Punch|p2a: Dipplin\n|-crit|p2a: Dipplin\n|-damage|p2a: Dipplin|0 fnt\n|-heal|p1a: Hitmonchan|147/229|[from] drain|[of] p2a: Dipplin\n|faint|p2a: Dipplin\n|-damage|p1a: Hitmonchan|125/229|[from] item: Life Orb\n|\n|upkeep\n|\n|t:|1781381884\n|switch|p2a: Flamigo|Flamigo, L82, F|269/269\n|turn|11\n|\n|t:|1781381891\n|move|p1a: Hitmonchan|Mach Punch|p2a: Flamigo\n|-resisted|p2a: Flamigo\n|-damage|p2a: Flamigo|190/269\n|-damage|p1a: Hitmonchan|103/229|[from] item: Life Orb\n|move|p2a: Flamigo|Close Combat|p1a: Hitmonchan\n|-damage|p1a: Hitmonchan|0 fnt\n|-unboost|p2a: Flamigo|def|1\n|-unboost|p2a: Flamigo|spd|1\n|faint|p1a: Hitmonchan\n|-damage|p2a: Flamigo|164/269|[from] item: Life Orb\n|\n|upkeep\n|\n|t:|1781381902\n|switch|p1a: Zapdos|Zapdos, L78|268/268\n|turn|12\n|\n|t:|1781381905\n|switch|p2a: Toxtricity|Toxtricity, L82, M|257/257\n|move|p1a: Zapdos|Discharge|p2a: Toxtricity\n|-resisted|p2a: Toxtricity\n|-damage|p2a: Toxtricity|204/257\n|\n|upkeep\n|turn|13\n|\n|t:|1781381926\n|move|p2a: Toxtricity|Boomburst|p1a: Zapdos\n|-damage|p1a: Zapdos|118/268\n|move|p1a: Zapdos|Hurricane|p2a: Toxtricity|[miss]\n|-miss|p1a: Zapdos|p2a: Toxtricity\n|\n|upkeep\n|turn|14\n|\n|t:|1781381931\n|switch|p1a: Scream Tail|Scream Tail, L84|127/330 psn\n|move|p2a: Toxtricity|Boomburst|p1a: Scream Tail\n|-damage|p1a: Scream Tail|23/330 psn\n|\n|-heal|p1a: Scream Tail|43/330 psn|[from] item: Leftovers\n|-damage|p1a: Scream Tail|2/330 psn|[from] psn\n|upkeep\n|turn|15\n|\n|t:|1781381938\n|move|p2a: Toxtricity|Boomburst|p1a: Scream Tail\n|-damage|p1a: Scream Tail|0 fnt\n|faint|p1a: Scream Tail\n|-end|p1a: Scream Tail|Protosynthesis|[silent]\n|\n|upkeep\n|\n|t:|1781381945\n|switch|p1a: Lurantis|Lurantis, L87, M|264/264\n|turn|16\n|\n|t:|1781381950\n|switch|p2a: Flamigo|Flamigo, L82, F|164/269\n|move|p1a: Lurantis|Knock Off|p2a: Flamigo\n|-resisted|p2a: Flamigo\n|-damage|p2a: Flamigo|116/269\n|-enditem|p2a: Flamigo|Life Orb|[from] move: Knock Off|[of] p1a: Lurantis\n|\n|upkeep\n|turn|17\n|\n|t:|1781381956\n|switch|p1a: Comfey|Comfey, L85, M|225/225\n|move|p2a: Flamigo|Swords Dance|p2a: Flamigo\n|-boost|p2a: Flamigo|atk|2\n|\n|upkeep\n|turn|18\n|\n|t:|1781381961\n|switch|p2a: Ursaring|Ursaring, L84, F|288/288\n|move|p1a: Comfey|Draining Kiss|p2a: Ursaring\n|-damage|p2a: Ursaring|251/288\n|\n|upkeep\n|turn|19\n|\n|t:|1781381977\n|move|p1a: Comfey|Calm Mind|p1a: Comfey\n|-boost|p1a: Comfey|spa|1\n|-boost|p1a: Comfey|spd|1\n|move|p2a: Ursaring|Body Slam|p1a: Comfey\n|-damage|p1a: Comfey|120/225\n|\n|-heal|p1a: Comfey|134/225|[from] item: Leftovers\n|upkeep\n|turn|20\n|\n|t:|1781381984\n|move|p1a: Comfey|Draining Kiss|p2a: Ursaring\n|-damage|p2a: Ursaring|197/288\n|-heal|p1a: Comfey|175/225|[from] drain|[of] p2a: Ursaring\n|move|p2a: Ursaring|Body Slam|p1a: Comfey\n|-damage|p1a: Comfey|72/225\n|\n|-heal|p1a: Comfey|86/225|[from] item: Leftovers\n|upkeep\n|turn|21\n|\n|t:|1781381991\n|move|p1a: Comfey|Draining Kiss|p2a: Ursaring\n|-damage|p2a: Ursaring|140/288\n|-heal|p1a: Comfey|129/225|[from] drain|[of] p2a: Ursaring\n|move|p2a: Ursaring|Body Slam|p1a: Comfey\n|-damage|p1a: Comfey|27/225\n|-status|p1a: Comfey|par\n|\n|-heal|p1a: Comfey|41/225 par|[from] item: Leftovers\n|upkeep\n|turn|22\n|\n|t:|1781381996\n|move|p1a: Comfey|Draining Kiss|p2a: Ursaring\n|-damage|p2a: Ursaring|86/288\n|-heal|p1a: Comfey|82/225 par|[from] drain|[of] p2a: Ursaring\n|move|p2a: Ursaring|Rest|p2a: Ursaring\n|-status|p2a: Ursaring|slp|[from] move: Rest\n|-heal|p2a: Ursaring|288/288 slp|[silent]\n|\n|-heal|p1a: Comfey|96/225 par|[from] item: Leftovers\n|upkeep\n|turn|23\n|\n|t:|1781382002\n|move|p1a: Comfey|Synthesis|p1a: Comfey\n|-heal|p1a: Comfey|208/225 par\n|cant|p2a: Ursaring|slp\n|move|p2a: Ursaring|Sleep Talk|p2a: Ursaring\n|move|p2a: Ursaring|Earthquake|p1a: Comfey|[from] move: Sleep Talk\n|-damage|p1a: Comfey|75/225 par\n|\n|-heal|p1a: Comfey|89/225 par|[from] item: Leftovers\n|upkeep\n|turn|24\n|\n|t:|1781382004\n|move|p1a: Comfey|Synthesis|p1a: Comfey\n|-heal|p1a: Comfey|201/225 par\n|cant|p2a: Ursaring|slp\n|move|p2a: Ursaring|Sleep Talk|p2a: Ursaring\n|move|p2a: Ursaring|Body Slam|p1a: Comfey|[from] move: Sleep Talk\n|-damage|p1a: Comfey|36/225 par\n|\n|-heal|p1a: Comfey|50/225 par|[from] item: Leftovers\n|upkeep\n|turn|25\n|\n|t:|1781382007\n|move|p1a: Comfey|Synthesis|p1a: Comfey\n|-heal|p1a: Comfey|162/225 par\n|-curestatus|p2a: Ursaring|slp|[msg]\n|move|p2a: Ursaring|Body Slam|p1a: Comfey\n|-damage|p1a: Comfey|50/225 par\n|\n|-heal|p1a: Comfey|64/225 par|[from] item: Leftovers\n|upkeep\n|turn|26\n|\n|t:|1781382011\n|move|p1a: Comfey|Draining Kiss|p2a: Ursaring\n|-damage|p2a: Ursaring|230/288\n|-heal|p1a: Comfey|108/225 par|[from] drain|[of] p2a: Ursaring\n|move|p2a: Ursaring|Body Slam|p1a: Comfey\n|-damage|p1a: Comfey|0 fnt\n|faint|p1a: Comfey\n|\n|upkeep\n|\n|t:|1781382017\n|switch|p1a: Lurantis|Lurantis, L87, M|264/264\n|turn|27\n|\n|t:|1781382022\n|switch|p2a: Flamigo|Flamigo, L82, F|116/269\n|move|p1a: Lurantis|Superpower|p2a: Flamigo\n|-resisted|p2a: Flamigo\n|-damage|p2a: Flamigo|60/269\n|-boost|p1a: Lurantis|atk|1\n|-boost|p1a: Lurantis|def|1\n|\n|upkeep\n|turn|28\n|\n|t:|1781382029\n|move|p2a: Flamigo|Brave Bird|p1a: Lurantis\n|-supereffective|p1a: Lurantis\n|-damage|p1a: Lurantis|100/264\n|-damage|p2a: Flamigo|6/269|[from] Recoil\n|move|p1a: Lurantis|Superpower|p2a: Flamigo\n|-resisted|p2a: Flamigo\n|-damage|p2a: Flamigo|0 fnt\n|-boost|p1a: Lurantis|atk|1\n|-boost|p1a: Lurantis|def|1\n|faint|p2a: Flamigo\n|\n|upkeep\n|\n|t:|1781382034\n|switch|p2a: Toxtricity|Toxtricity, L82, M|204/257\n|turn|29\n|\n|t:|1781382042\n|move|p2a: Toxtricity|Sludge Wave|p1a: Lurantis\n|-supereffective|p1a: Lurantis\n|-damage|p1a: Lurantis|0 fnt\n|faint|p1a: Lurantis\n|\n|upkeep\n|\n|t:|1781382045\n|switch|p1a: Mesprit|Mesprit, L85|84/275\n|turn|30\n|\n|t:|1781382047\n|move|p2a: Toxtricity|Sludge Wave|p1a: Mesprit\n|-damage|p1a: Mesprit|0 fnt\n|faint|p1a: Mesprit\n|\n|upkeep\n|\n|t:|1781382050\n|switch|p1a: Zapdos|Zapdos, L78|118/268\n|turn|31\n|\n|t:|1781382052\n|move|p2a: Toxtricity|Sludge Wave|p1a: Zapdos\n|-damage|p1a: Zapdos|0 fnt\n|faint|p1a: Zapdos\n|\n|win|KinglerCookie\n|raw|TioInfernape's rating: 1687 &rarr; <strong>1669</strong><br />(-18 for losing)\n|raw|KinglerCookie's rating: 1722 &rarr; <strong>1740</strong><br />(+18 for winning)\n", "inputlog": ">version a8376a258c1d4662feba110a92103f3664a72141\n>start {\"formatid\":\"gen9randombattle\",\"seed\":\"sodium,9f6126d0e24fe82d9b6fa1c7c1d9e240\",\"rated\":\"Rated battle\"}\n>player p1 {\"name\":\"TioInfernape\",\"avatar\":\"169\",\"rating\":1687,\"seed\":\"sodium,acdf0b2d5c3be71f58e2f881554c3d44\"}\n>player p2 {\"name\":\"KinglerCookie\",\"avatar\":\"miku-ground\",\"rating\":1722,\"seed\":\"sodium,3857adf2b49ef2c7a2b9fc75372615d6\"}\n>chat \u2606TioInfernape|damn, neat sprite\n>chat \u2606TioInfernape|glhf!\n>p1 move playrough\n>p2 move poisonjab\n>p1 switch 2\n>p2 switch 4\n>p1 move psychicnoise\n>p2 move voltswitch\n>p2 switch 3\n>p1 move knockoff\n>p2 move dragonpulse\n>p1 move thunderwave\n>p2 move dragonpulse\n>p1 move uturn\n>p2 move dragonpulse\n>p1 switch 4\n>p1 move drainpunch\n>p2 move recover\n>p1 move swordsdance\n>p2 move gigadrain\n>p1 move drainpunch\n>p2 move gigadrain\n>p1 move drainpunch\n>p2 move gigadrain\n>p2 switch 5\n>p1 move machpunch\n>p2 move closecombat\n>p1 switch 6\n>p1 move discharge\n>p2 switch 3\n>p1 move hurricane\n>p2 move boomburst\n>p1 switch 2\n>p2 move boomburst\n>p1 move wish\n>p2 move boomburst\n>p1 switch 5\n>p1 move knockoff\n>p2 switch 3\n>p1 switch 3\n>p2 move swordsdance\n>p1 move drainingkiss\n>p2 switch 6\n>p1 move calmmind\n>p2 move bodyslam\n>p1 move drainingkiss\n>p2 move bodyslam\n>p1 move drainingkiss\n>p2 move bodyslam\n>p1 move drainingkiss\n>p2 move rest\n>p1 move synthesis\n>p2 move sleeptalk\n>p1 move synthesis\n>p2 move sleeptalk\n>p1 move synthesis\n>p2 move bodyslam\n>p1 move drainingkiss\n>p2 move bodyslam\n>p1 switch 3\n>p1 move superpower\n>p2 switch 6\n>p1 move superpower\n>p2 move bravebird\n>p2 switch 3\n>p1 move knockoff\n>p2 move sludgewave\n>p1 switch 4\n>p1 move psychicnoise\n>p2 move sludgewave\n>p1 switch 2\n>p1 move roost\n>p2 move sludgewave", "uploadtime": 1781382054, "views": 9, "formatid": "gen9randombattle", "rating": 1669, "private": 0, "password": null}