{"id": "gen9randombattle-2631948536", "format": "[Gen 9] Random Battle", "players": ["emptyleer", "toxicwyvern"], "log": "|j|\u2606emptyleer\n|j|\u2606toxicwyvern\n|t:|1781458866\n|gametype|singles\n|player|p1|emptyleer|ghetsis-gen5bw|1495\n|player|p2|toxicwyvern|102|1546\n|gen|9\n|tier|[Gen 9] Random Battle\n|rated|\n|rule|Species Clause: Limit one of each Pok\u00e9mon\n|rule|HP Percentage Mod: HP is shown in percentages\n|rule|Sleep Clause Mod: Limit one foe put to sleep\n|rule|Illusion Level Mod: Illusion disguises the Pok\u00e9mon's true level\n|\n|t:|1781458866\n|teamsize|p1|6\n|teamsize|p2|6\n|start\n|switch|p1a: Ceruledge|Ceruledge, L78, M|245/245\n|switch|p2a: Flapple|Flapple, L88, F|266/266\n|turn|1\n|inactive|Battle timer is ON: inactive players will automatically lose when time's up. (requested by emptyleer)\n|\n|t:|1781458890\n|switch|p2a: Rhyperior|Rhyperior, L82, M|323/323\n|move|p1a: Ceruledge|Swords Dance|p1a: Ceruledge\n|-boost|p1a: Ceruledge|atk|2\n|\n|upkeep\n|turn|2\n|\n|t:|1781458912\n|switch|p1a: Wyrdeer|Wyrdeer, L87, F|321/321\n|-ability|p1a: Wyrdeer|Intimidate|boost\n|-unboost|p2a: Rhyperior|atk|1\n|move|p2a: Rhyperior|Earthquake|p1a: Wyrdeer\n|-damage|p1a: Wyrdeer|224/321\n|\n|upkeep\n|turn|3\n|\n|t:|1781458925\n|switch|p2a: Froslass|Froslass, L87, F|263/263\n|move|p1a: Wyrdeer|Body Slam|p2a: Froslass\n|-immune|p2a: Froslass\n|\n|upkeep\n|turn|4\n|\n|t:|1781458938\n|switch|p1a: Lumineon|Lumineon, L93, M|279/279\n|move|p2a: Froslass|Spikes|p1a: Lumineon\n|-sidestart|p1: emptyleer|Spikes\n|\n|upkeep\n|turn|5\n|\n|t:|1781458945\n|move|p2a: Froslass|Spikes|p1a: Lumineon\n|-sidestart|p1: emptyleer|Spikes\n|move|p1a: Lumineon|Hydro Pump|p2a: Froslass\n|-damage|p2a: Froslass|95/263\n|-start|p1a: Lumineon|Disable|Hydro Pump|[from] ability: Cursed Body|[of] p2a: Froslass\n|-damage|p1a: Lumineon|252/279|[from] item: Life Orb\n|\n|upkeep\n|turn|6\n|\n|t:|1781458957\n|move|p2a: Froslass|Spikes|p1a: Lumineon\n|-sidestart|p1: emptyleer|Spikes\n|move|p1a: Lumineon|Encore|p2a: Froslass\n|-start|p2a: Froslass|Encore\n|\n|upkeep\n|turn|7\n|\n|t:|1781458963\n|switch|p2a: Dusknoir|Dusknoir, L89, F|225/225\n|-item|p1a: Lumineon|Life Orb|[from] ability: Frisk|[of] p2a: Dusknoir\n|move|p1a: Lumineon|Alluring Voice|p2a: Dusknoir\n|-damage|p2a: Dusknoir|176/225\n|-damage|p1a: Lumineon|225/279|[from] item: Life Orb\n|\n|-heal|p2a: Dusknoir|190/225|[from] item: Leftovers\n|upkeep\n|turn|8\n|\n|t:|1781458974\n|move|p1a: Lumineon|Ice Beam|p2a: Dusknoir\n|-damage|p2a: Dusknoir|139/225\n|-damage|p1a: Lumineon|198/279|[from] item: Life Orb\n|move|p2a: Dusknoir|Will-O-Wisp|p1a: Lumineon\n|-status|p1a: Lumineon|brn\n|\n|-heal|p2a: Dusknoir|153/225|[from] item: Leftovers\n|-damage|p1a: Lumineon|181/279 brn|[from] brn\n|-end|p1a: Lumineon|Disable\n|upkeep\n|turn|9\n|\n|t:|1781458979\n|move|p1a: Lumineon|Encore|p2a: Dusknoir\n|-start|p2a: Dusknoir|Encore\n|move|p2a: Dusknoir|Will-O-Wisp|p1a: Lumineon\n|-fail|p1a: Lumineon|brn\n|\n|-heal|p2a: Dusknoir|167/225|[from] item: Leftovers\n|-damage|p1a: Lumineon|164/279 brn|[from] brn\n|upkeep\n|turn|10\n|\n|t:|1781458985\n|switch|p2a: Froslass|Froslass, L87, F|95/263\n|move|p1a: Lumineon|Hydro Pump|p2a: Froslass|[miss]\n|-miss|p1a: Lumineon|p2a: Froslass\n|\n|-damage|p1a: Lumineon|147/279 brn|[from] brn\n|upkeep\n|turn|11\n|\n|t:|1781458991\n|switch|p2a: Dusknoir|Dusknoir, L89, F|167/225\n|-item|p1a: Lumineon|Life Orb|[from] ability: Frisk|[of] p2a: Dusknoir\n|move|p1a: Lumineon|Hydro Pump|p2a: Dusknoir\n|-damage|p2a: Dusknoir|68/225\n|-damage|p1a: Lumineon|120/279 brn|[from] item: Life Orb\n|\n|-heal|p2a: Dusknoir|82/225|[from] item: Leftovers\n|-damage|p1a: Lumineon|103/279 brn|[from] brn\n|upkeep\n|turn|12\n|\n|t:|1781459000\n|move|p1a: Lumineon|Hydro Pump|p2a: Dusknoir\n|-damage|p2a: Dusknoir|0 fnt\n|faint|p2a: Dusknoir\n|-damage|p1a: Lumineon|76/279 brn|[from] item: Life Orb\n|\n|-damage|p1a: Lumineon|59/279 brn|[from] brn\n|upkeep\n|\n|t:|1781459009\n|switch|p2a: Froslass|Froslass, L87, F|95/263\n|turn|13\n|\n|t:|1781459014\n|move|p2a: Froslass|Poltergeist|p1a: Lumineon\n|-activate|p1a: Lumineon|move: Poltergeist|Life Orb\n|-damage|p1a: Lumineon|0 fnt\n|faint|p1a: Lumineon\n|\n|upkeep\n|\n|t:|1781459022\n|switch|p1a: Talonflame|Talonflame, L83, M|265/265\n|turn|14\n|\n|t:|1781459029\n|switch|p2a: Rhyperior|Rhyperior, L82, M|323/323\n|move|p1a: Talonflame|Brave Bird|p2a: Rhyperior\n|-resisted|p2a: Rhyperior\n|-damage|p2a: Rhyperior|281/323\n|-damage|p1a: Talonflame|251/265|[from] Recoil\n|\n|upkeep\n|turn|15\n|\n|t:|1781459035\n|switch|p1a: Wyrdeer|Wyrdeer, L87, F|224/321\n|-damage|p1a: Wyrdeer|144/321|[from] Spikes\n|-ability|p1a: Wyrdeer|Intimidate|boost\n|-unboost|p2a: Rhyperior|atk|1\n|move|p2a: Rhyperior|Stone Edge|p1a: Wyrdeer\n|-damage|p1a: Wyrdeer|38/321\n|\n|upkeep\n|turn|16\n|\n|t:|1781459051\n|switch|p2a: Froslass|Froslass, L87, F|95/263\n|move|p1a: Wyrdeer|Earthquake|p2a: Froslass\n|-crit|p2a: Froslass\n|-damage|p2a: Froslass|0 fnt\n|faint|p2a: Froslass\n|\n|upkeep\n|\n|t:|1781459055\n|switch|p2a: Pikachu|Pikachu-Sinnoh, L93, M|216/216\n|turn|17\n|\n|t:|1781459060\n|move|p2a: Pikachu|Fake Out|p1a: Wyrdeer\n|-damage|p1a: Wyrdeer|0 fnt\n|faint|p1a: Wyrdeer\n|\n|upkeep\n|\n|t:|1781459066\n|switch|p1a: Iron Bundle|Iron Bundle, L78|215/215\n|turn|18\n|\n|t:|1781459089\n|switch|p2a: Crabominable|Crabominable, L90, M|321/321\n|move|p1a: Iron Bundle|Encore||[still]\n|-fail|p1a: Iron Bundle\n|\n|upkeep\n|turn|19\n|\n|t:|1781459095\n|move|p1a: Iron Bundle|Flip Turn|p2a: Crabominable\n|-damage|p2a: Crabominable|269/321\n|\n|t:|1781459098\n|-end|p1a: Iron Bundle|Quark Drive|[silent]\n|switch|p1a: Talonflame|Talonflame, L83, M|251/265|[from] Flip Turn\n|move|p2a: Crabominable|Drain Punch|p1a: Talonflame\n|-resisted|p1a: Talonflame\n|-damage|p1a: Talonflame|173/265\n|-heal|p2a: Crabominable|308/321|[from] drain|[of] p1a: Talonflame\n|\n|upkeep\n|turn|20\n|\n|t:|1781459107\n|switch|p2a: Rhyperior|Rhyperior, L82, M|281/323\n|move|p1a: Talonflame|Overheat|p2a: Rhyperior\n|-resisted|p2a: Rhyperior\n|-damage|p2a: Rhyperior|227/323\n|-unboost|p1a: Talonflame|spa|2\n|\n|upkeep\n|turn|21\n|\n|t:|1781459133\n|move|p1a: Talonflame|Brave Bird|p2a: Rhyperior\n|-resisted|p2a: Rhyperior\n|-damage|p2a: Rhyperior|185/323\n|-damage|p1a: Talonflame|159/265|[from] Recoil\n|move|p2a: Rhyperior|Stone Edge|p1a: Talonflame\n|-supereffective|p1a: Talonflame\n|-damage|p1a: Talonflame|0 fnt\n|faint|p1a: Talonflame\n|\n|upkeep\n|\n|t:|1781459139\n|switch|p1a: Kommo-o|Kommo-o, L78, M|245/245\n|-damage|p1a: Kommo-o|184/245|[from] Spikes\n|turn|22\n|\n|t:|1781459147\n|move|p1a: Kommo-o|Clangorous Soul|p1a: Kommo-o\n|-boost|p1a: Kommo-o|atk|1\n|-boost|p1a: Kommo-o|def|1\n|-boost|p1a: Kommo-o|spa|1\n|-boost|p1a: Kommo-o|spd|1\n|-boost|p1a: Kommo-o|spe|1\n|-damage|p1a: Kommo-o|104/245\n|-enditem|p1a: Kommo-o|Throat Spray\n|-boost|p1a: Kommo-o|spa|1|[from] item: Throat Spray\n|move|p2a: Rhyperior|Dragon Tail|p1a: Kommo-o\n|-supereffective|p1a: Kommo-o\n|-damage|p1a: Kommo-o|48/245\n|drag|p1a: Iron Bundle|Iron Bundle, L78|215/215\n|\n|upkeep\n|turn|23\n|\n|t:|1781459160\n|switch|p2a: Crabominable|Crabominable, L90, M|308/321\n|move|p1a: Iron Bundle|Hydro Pump|p2a: Crabominable\n|-damage|p2a: Crabominable|212/321\n|\n|upkeep\n|turn|24\n|\n|t:|1781459168\n|move|p1a: Iron Bundle|Flip Turn|p2a: Crabominable\n|-damage|p2a: Crabominable|161/321\n|\n|t:|1781459169\n|-end|p1a: Iron Bundle|Quark Drive|[silent]\n|switch|p1a: Kommo-o|Kommo-o, L78, M|48/245|[from] Flip Turn\n|-damage|p1a: Kommo-o|0 fnt|[from] Spikes\n|faint|p1a: Kommo-o\n|move|p2a: Crabominable|Drain Punch|p1: Kommo-o|[notarget]\n|-fail|p2a: Crabominable\n|\n|upkeep\n|\n|t:|1781459171\n|switch|p1a: Ceruledge|Ceruledge, L78, M|245/245\n|turn|25\n|\n|t:|1781459175\n|move|p1a: Ceruledge|Swords Dance|p1a: Ceruledge\n|-boost|p1a: Ceruledge|atk|2\n|move|p2a: Crabominable|Knock Off|p1a: Ceruledge\n|-supereffective|p1a: Ceruledge\n|-damage|p1a: Ceruledge|17/245\n|-ability|p1a: Ceruledge|Weak Armor|boost\n|-unboost|p1a: Ceruledge|def|1\n|-boost|p1a: Ceruledge|spe|2\n|-enditem|p1a: Ceruledge|Heavy-Duty Boots|[from] move: Knock Off|[of] p2a: Crabominable\n|\n|upkeep\n|turn|26\n|\n|t:|1781459186\n|-terastallize|p2a: Crabominable|Water\n|move|p1a: Ceruledge|Bitter Blade|p2a: Crabominable\n|-resisted|p2a: Crabominable\n|-damage|p2a: Crabominable|55/321\n|-heal|p1a: Ceruledge|70/245|[from] drain|[of] p2a: Crabominable\n|move|p2a: Crabominable|Earthquake|p1a: Ceruledge\n|-supereffective|p1a: Ceruledge\n|-damage|p1a: Ceruledge|0 fnt\n|faint|p1a: Ceruledge\n|\n|upkeep\n|\n|t:|1781459194\n|switch|p1a: Iron Bundle|Iron Bundle, L78|215/215\n|turn|27\n|\n|t:|1781459199\n|move|p1a: Iron Bundle|Freeze-Dry|p2a: Crabominable\n|-supereffective|p2a: Crabominable\n|-damage|p2a: Crabominable|0 fnt\n|faint|p2a: Crabominable\n|\n|upkeep\n|\n|t:|1781459202\n|switch|p2a: Pikachu|Pikachu-Sinnoh, L93, M|216/216\n|turn|28\n|\n|t:|1781459206\n|move|p2a: Pikachu|Fake Out|p1a: Iron Bundle\n|-damage|p1a: Iron Bundle|171/215\n|cant|p1a: Iron Bundle|flinch\n|\n|upkeep\n|turn|29\n|\n|t:|1781459209\n|move|p1a: Iron Bundle|Encore|p2a: Pikachu\n|-start|p2a: Pikachu|Encore\n|move|p2a: Pikachu|Fake Out||[still]\n|-hint|Fake Out only works on your first turn out.\n|-fail|p2a: Pikachu\n|\n|upkeep\n|turn|30\n|\n|t:|1781459214\n|switch|p2a: Rhyperior|Rhyperior, L82, M|185/323\n|move|p1a: Iron Bundle|Hydro Pump|p2a: Rhyperior\n|-supereffective|p2a: Rhyperior\n|-damage|p2a: Rhyperior|0 fnt\n|faint|p2a: Rhyperior\n|\n|upkeep\n|\n|t:|1781459218\n|switch|p2a: Pikachu|Pikachu-Sinnoh, L93, M|216/216\n|turn|31\n|\n|t:|1781459226\n|-terastallize|p1a: Iron Bundle|Ice\n|move|p1a: Iron Bundle|Freeze-Dry|p2a: Pikachu\n|-damage|p2a: Pikachu|78/216\n|move|p2a: Pikachu|Volt Tackle|p1a: Iron Bundle\n|-damage|p1a: Iron Bundle|0 fnt\n|faint|p1a: Iron Bundle\n|-end|p1a: Iron Bundle|Quark Drive|[silent]\n|-damage|p2a: Pikachu|22/216|[from] Recoil\n|\n|win|toxicwyvern\n|raw|emptyleer's rating: 1495 &rarr; <strong>1478</strong><br />(-17 for losing)\n|raw|toxicwyvern's rating: 1546 &rarr; <strong>1563</strong><br />(+17 for winning)\n|l|\u2606emptyleer\n|player|p1|\n|c|\u2606toxicwyvern|gg wp\n", "inputlog": ">version a8376a258c1d4662feba110a92103f3664a72141\n>start {\"formatid\":\"gen9randombattle\",\"seed\":\"sodium,d08e74a9c0e1dc7bc1d2b9d817877203\",\"rated\":\"Rated battle\"}\n>player p1 {\"name\":\"emptyleer\",\"avatar\":\"ghetsis-gen5bw\",\"rating\":1495,\"seed\":\"sodium,b01021d261400e8ef053329afdcc76d0\"}\n>player p2 {\"name\":\"toxicwyvern\",\"avatar\":\"102\",\"rating\":1546,\"seed\":\"sodium,7453c22600fbfaa4da598792deca6cff\"}\n>p1 move swordsdance\n>p2 switch 4\n>p1 switch 3\n>p2 move earthquake\n>p1 move bodyslam\n>p2 switch 3\n>p1 switch 2\n>p2 move spikes\n>p1 move hydropump\n>p2 move spikes\n>p1 move encore\n>p2 move spikes\n>p1 move alluringvoice\n>p2 switch 5\n>p1 move icebeam\n>p2 move willowisp\n>p1 move encore\n>p2 move poltergeist\n>p1 move hydropump\n>p2 switch 5\n>p1 move hydropump\n>p2 switch 5\n>p1 move hydropump\n>p2 move poltergeist\n>p2 switch 5\n>p1 move alluringvoice\n>p2 move poltergeist\n>p1 switch 6\n>p1 move bravebird\n>p2 switch 3\n>p1 switch 2\n>p2 move stoneedge\n>p1 move earthquake\n>p2 switch 3\n>p2 switch 6\n>p1 move earthquake\n>p2 move fakeout\n>p1 switch 4\n>p1 move encore\n>p2 switch 2\n>p1 move flipturn\n>p2 move drainpunch\n>p1 switch 2\n>p1 move overheat\n>p2 switch 3\n>p1 move bravebird\n>p2 move stoneedge\n>p1 switch 5\n>p1 move clangoroussoul\n>p2 move dragontail\n>p1 move hydropump\n>p2 switch 3\n>p1 move flipturn\n>p2 move drainpunch\n>p1 switch 2\n>p1 switch 3\n>p1 move swordsdance\n>p2 move knockoff\n>p1 move bitterblade\n>p2 move earthquake terastallize\n>p1 switch 2\n>p1 move freezedry\n>p2 move drainpunch\n>p2 switch 2\n>p1 move encore\n>p2 move fakeout\n>p1 move encore\n>p2 move volttackle\n>p1 move hydropump\n>p2 switch 3\n>p2 switch 3\n>p1 move freezedry terastallize\n>p2 move volttackle", "uploadtime": 1781459238, "views": 4, "formatid": "gen9randombattle", "rating": 1478, "private": 0, "password": null}