{"id": "gen9randombattle-2631756684", "format": "[Gen 9] Random Battle", "players": ["green8Bit", "b3npaii"], "log": "|j|\u2606green8Bit\n|j|\u2606b3npaii\n|t:|1781434678\n|gametype|singles\n|player|p1|green8Bit|102|2073\n|player|p2|b3npaii|elesa|2162\n|gen|9\n|tier|[Gen 9] Random Battle\n|rated|\n|rule|Species Clause: Limit one of each Pok\u00e9mon\n|rule|HP Percentage Mod: HP is shown in percentages\n|rule|Sleep Clause Mod: Limit one foe put to sleep\n|rule|Illusion Level Mod: Illusion disguises the Pok\u00e9mon's true level\n|\n|t:|1781434678\n|teamsize|p1|6\n|teamsize|p2|6\n|start\n|switch|p1a: Revavroom|Revavroom, L79, M|256/256\n|switch|p2a: Snorlax|Snorlax, L82, F|397/397\n|turn|1\n|inactive|Battle timer is ON: inactive players will automatically lose when time's up. (requested by b3npaii)\n|\n|t:|1781434702\n|switch|p1a: Kricketune|Kricketune, L99, F|312/312\n|switch|p2a: Tauros|Tauros-Paldea-Blaze, L81, M|254/254\n|-ability|p2a: Tauros|Intimidate|boost\n|-unboost|p1a: Kricketune|atk|1\n|\n|upkeep\n|turn|2\n|\n|t:|1781434721\n|switch|p1a: Dachsbun|Dachsbun, L92, F|254/254\n|move|p2a: Tauros|Flare Blitz|p1a: Dachsbun\n|-ability|p1a: Dachsbun|Well-Baked Body|boost\n|-boost|p1a: Dachsbun|def|2\n|\n|upkeep\n|turn|3\n|\n|t:|1781434736\n|switch|p2a: Meowstic|Meowstic, L89, M|277/277\n|move|p1a: Dachsbun|Play Rough|p2a: Meowstic\n|-damage|p2a: Meowstic|181/277\n|\n|upkeep\n|turn|4\n|inactive|green8Bit has 120 seconds left.\n|\n|t:|1781434775\n|switch|p1a: Kricketune|Kricketune, L99, F|312/312\n|move|p2a: Meowstic|Psychic Noise|p1a: Kricketune\n|-damage|p1a: Kricketune|216/312\n|-start|p1a: Kricketune|move: Heal Block\n|\n|upkeep\n|turn|5\n|\n|t:|1781434790\n|move|p2a: Meowstic|Psychic Noise|p1a: Kricketune\n|-damage|p1a: Kricketune|122/312\n|move|p1a: Kricketune|Sticky Web|p2a: Meowstic\n|-sidestart|p2: b3npaii|move: Sticky Web\n|\n|-end|p1a: Kricketune|move: Heal Block\n|upkeep\n|turn|6\n|\n|t:|1781434795\n|move|p2a: Meowstic|Reflect|p2a: Meowstic\n|-sidestart|p2: b3npaii|Reflect\n|move|p1a: Kricketune|Knock Off|p2a: Meowstic\n|-supereffective|p2a: Meowstic\n|-damage|p2a: Meowstic|94/277\n|-enditem|p2a: Meowstic|Light Clay|[from] move: Knock Off|[of] p1a: Kricketune\n|\n|upkeep\n|turn|7\n|\n|t:|1781434802\n|move|p2a: Meowstic|Psychic Noise|p1a: Kricketune\n|-damage|p1a: Kricketune|25/312\n|-start|p1a: Kricketune|move: Heal Block\n|move|p1a: Kricketune|Pounce|p2a: Meowstic\n|-supereffective|p2a: Meowstic\n|-damage|p2a: Meowstic|0 fnt\n|faint|p2a: Meowstic\n|\n|upkeep\n|\n|t:|1781434809\n|switch|p2a: Snorlax|Snorlax, L82, F|397/397\n|-activate|p2a: Snorlax|move: Sticky Web\n|-unboost|p2a: Snorlax|spe|1\n|turn|8\n|\n|t:|1781434814\n|move|p1a: Kricketune|Taunt|p2a: Snorlax\n|-start|p2a: Snorlax|move: Taunt\n|move|p2a: Snorlax|Body Slam|p1a: Kricketune\n|-damage|p1a: Kricketune|0 fnt\n|faint|p1a: Kricketune\n|\n|upkeep\n|inactive|green8Bit has 120 seconds left.\n|\n|t:|1781434858\n|switch|p1a: Lurantis|Lurantis, L87, F|264/264\n|turn|9\n|\n|t:|1781434866\n|move|p1a: Lurantis|Superpower|p2a: Snorlax\n|-supereffective|p2a: Snorlax\n|-damage|p2a: Snorlax|267/397\n|-boost|p1a: Lurantis|atk|1\n|-boost|p1a: Lurantis|def|1\n|move|p2a: Snorlax|Body Slam|p1a: Lurantis\n|-damage|p1a: Lurantis|200/264\n|\n|-heal|p1a: Lurantis|216/264|[from] item: Leftovers\n|-heal|p2a: Snorlax|291/397|[from] item: Leftovers\n|upkeep\n|turn|10\n|inactive|green8Bit has 120 seconds left.\n|\n|t:|1781434877\n|move|p1a: Lurantis|Superpower|p2a: Snorlax\n|-supereffective|p2a: Snorlax\n|-damage|p2a: Snorlax|104/397\n|-boost|p1a: Lurantis|atk|1\n|-boost|p1a: Lurantis|def|1\n|move|p2a: Snorlax|Body Slam|p1a: Lurantis\n|-damage|p1a: Lurantis|171/264\n|\n|-heal|p1a: Lurantis|187/264|[from] item: Leftovers\n|-heal|p2a: Snorlax|128/397|[from] item: Leftovers\n|-end|p2a: Snorlax|move: Taunt\n|upkeep\n|turn|11\n|\n|t:|1781434884\n|move|p1a: Lurantis|Superpower|p2a: Snorlax\n|-supereffective|p2a: Snorlax\n|-damage|p2a: Snorlax|0 fnt\n|-boost|p1a: Lurantis|atk|1\n|-boost|p1a: Lurantis|def|1\n|faint|p2a: Snorlax\n|\n|-heal|p1a: Lurantis|203/264|[from] item: Leftovers\n|upkeep\n|\n|t:|1781434887\n|switch|p2a: Ludicolo|Ludicolo, L90, M|290/290\n|-activate|p2a: Ludicolo|move: Sticky Web\n|-unboost|p2a: Ludicolo|spe|1\n|turn|12\n|inactive|green8Bit has 120 seconds left.\n|\n|t:|1781434922\n|move|p1a: Lurantis|Leaf Storm|p2a: Ludicolo\n|-damage|p2a: Ludicolo|184/290\n|-boost|p1a: Lurantis|spa|2\n|move|p2a: Ludicolo|Ice Beam|p1a: Lurantis\n|-supereffective|p1a: Lurantis\n|-damage|p1a: Lurantis|39/264\n|-damage|p2a: Ludicolo|155/290|[from] item: Life Orb\n|\n|-heal|p1a: Lurantis|55/264|[from] item: Leftovers\n|upkeep\n|turn|13\n|\n|t:|1781434932\n|-terastallize|p2a: Ludicolo|Steel\n|move|p1a: Lurantis|Leaf Storm|p2a: Ludicolo\n|-resisted|p2a: Ludicolo\n|-damage|p2a: Ludicolo|53/290\n|-boost|p1a: Lurantis|spa|2\n|move|p2a: Ludicolo|Rain Dance|p2a: Ludicolo\n|-weather|RainDance\n|\n|-weather|RainDance|[upkeep]\n|-heal|p1a: Lurantis|71/264|[from] item: Leftovers\n|-sideend|p2: b3npaii|Reflect\n|upkeep\n|turn|14\n|\n|t:|1781434949\n|move|p2a: Ludicolo|Ice Beam|p1a: Lurantis\n|-supereffective|p1a: Lurantis\n|-damage|p1a: Lurantis|0 fnt\n|faint|p1a: Lurantis\n|-damage|p2a: Ludicolo|24/290|[from] item: Life Orb\n|\n|-weather|RainDance|[upkeep]\n|upkeep\n|inactive|green8Bit has 90 seconds left.\n|\n|t:|1781434992\n|switch|p1a: Dachsbun|Dachsbun, L92, F|254/254\n|turn|15\n|\n|t:|1781434999\n|switch|p2a: Gurdurr|Gurdurr, L85, F|283/283\n|-activate|p2a: Gurdurr|move: Sticky Web\n|-unboost|p2a: Gurdurr|spe|1\n|move|p1a: Dachsbun|Protect||[still]\n|-fail|p1a: Dachsbun\n|\n|-weather|RainDance|[upkeep]\n|upkeep\n|turn|16\n|\n|t:|1781435021\n|switch|p1a: Oricorio|Oricorio-Sensu, L85, M|266/266\n|move|p2a: Gurdurr|Defog|p1a: Oricorio\n|-unboost|p1a: Oricorio|evasion|1\n|-sideend|p2: b3npaii|Sticky Web|[from] move: Defog|[of] p2a: Gurdurr\n|\n|-weather|RainDance|[upkeep]\n|upkeep\n|turn|17\n|\n|t:|1781435029\n|move|p1a: Oricorio|Quiver Dance|p1a: Oricorio\n|-boost|p1a: Oricorio|spa|1\n|-boost|p1a: Oricorio|spd|1\n|-boost|p1a: Oricorio|spe|1\n|move|p2a: Gurdurr|Knock Off|p1a: Oricorio\n|-supereffective|p1a: Oricorio\n|-damage|p1a: Oricorio|92/266\n|-enditem|p1a: Oricorio|Heavy-Duty Boots|[from] move: Knock Off|[of] p2a: Gurdurr\n|\n|-weather|none\n|upkeep\n|turn|18\n|\n|t:|1781435035\n|move|p1a: Oricorio|Hurricane|p2a: Gurdurr\n|-supereffective|p2a: Gurdurr\n|-damage|p2a: Gurdurr|0 fnt\n|faint|p2a: Gurdurr\n|\n|upkeep\n|\n|t:|1781435038\n|switch|p2a: Ursaring|Ursaring, L84, M|288/288\n|turn|19\n|\n|t:|1781435052\n|-terastallize|p1a: Oricorio|Fighting\n|move|p1a: Oricorio|Revelation Dance|p2a: Ursaring\n|-supereffective|p2a: Ursaring\n|-crit|p2a: Ursaring\n|-damage|p2a: Ursaring|0 fnt\n|faint|p2a: Ursaring\n|\n|upkeep\n|-message|b3npaii forfeited.\n|\n|win|green8Bit\n", "inputlog": ">version a8376a258c1d4662feba110a92103f3664a72141\n>start {\"formatid\":\"gen9randombattle\",\"seed\":\"sodium,be59ca446e20768f7b90c23e44d4cccb\",\"rated\":\"Rated battle\"}\n>player p1 {\"name\":\"green8Bit\",\"avatar\":\"102\",\"rating\":2073,\"seed\":\"sodium,059df4ef5107764b28526982b8c027fc\"}\n>player p2 {\"name\":\"b3npaii\",\"avatar\":\"elesa\",\"rating\":2162,\"seed\":\"sodium,ae19124e42f8cbaf6cdb1de8afc392e3\"}\n>p1 switch 2\n>p2 switch 3\n>p1 switch 3\n>p2 move flareblitz\n>p1 move playrough\n>p2 switch 2\n>p1 switch 3\n>p2 move psychicnoise\n>p1 move stickyweb\n>p2 move psychicnoise\n>p1 move knockoff\n>p2 move reflect\n>p1 move pounce\n>p2 move psychicnoise\n>p2 switch 3\n>p1 move taunt\n>p2 move bodyslam\n>p1 switch 4\n>p1 move superpower\n>p2 move bodyslam\n>p1 move superpower\n>p2 move bodyslam\n>p1 move superpower\n>p2 move bodyslam\n>p2 switch 6\n>p1 move leafstorm\n>p2 move icebeam\n>p1 move leafstorm\n>p2 move raindance terastallize\n>p1 move synthesis\n>p2 move icebeam\n>p1 switch 3\n>p1 move protect\n>p2 switch 4\n>p1 switch 6\n>p2 move defog\n>p1 move quiverdance\n>p2 move knockoff\n>p1 move hurricane\n>p2 move knockoff\n>p2 switch 5\n>p1 move revelationdance terastallize\n>p2 move crunch\n>forcelose p2", "uploadtime": 1781434680, "views": 5, "formatid": "gen9randombattle", "rating": null, "private": 0, "password": null}