{"id": "gen9randombattle-2631559095", "format": "[Gen 9] Random Battle", "players": ["w0rld0ftanks38", "acszzZ73"], "log": "|j|\u2606w0rld0ftanks38\n|j|\u2606acszzZ73\n|t:|1781401233\n|gametype|singles\n|player|p1|w0rld0ftanks38|1|1102\n|player|p2|acszzZ73|flint|1115\n|gen|9\n|tier|[Gen 9] Random Battle\n|rated|\n|rule|Species Clause: Limit one of each Pok\u00e9mon\n|rule|HP Percentage Mod: HP is shown in percentages\n|rule|Sleep Clause Mod: Limit one foe put to sleep\n|rule|Illusion Level Mod: Illusion disguises the Pok\u00e9mon's true level\n|\n|t:|1781401233\n|teamsize|p1|6\n|teamsize|p2|6\n|start\n|switch|p1a: Scizor|Scizor, L79, F|240/240\n|switch|p2a: Arboliva|Arboliva, L91, M|290/290\n|turn|1\n|\n|t:|1781401245\n|-terastallize|p2a: Arboliva|Ground\n|move|p1a: Scizor|U-turn|p2a: Arboliva\n|-damage|p2a: Arboliva|211/290\n|-fieldstart|move: Grassy Terrain|[from] ability: Seed Sower|[of] p2a: Arboliva\n|\n|t:|1781401264\n|switch|p1a: Scream Tail|Scream Tail, L84|330/330|[from] U-turn\n|move|p2a: Arboliva|Earth Power|p1a: Scream Tail\n|-damage|p1a: Scream Tail|216/330\n|\n|-heal|p1a: Scream Tail|236/330|[from] Grassy Terrain\n|-heal|p1a: Scream Tail|256/330|[from] item: Leftovers\n|-heal|p2a: Arboliva|229/290|[from] Grassy Terrain\n|-heal|p2a: Arboliva|247/290|[from] item: Leftovers\n|upkeep\n|turn|2\n|\n|t:|1781401303\n|move|p1a: Scream Tail|Play Rough|p2a: Arboliva\n|-damage|p2a: Arboliva|180/290\n|move|p2a: Arboliva|Energy Ball|p1a: Scream Tail\n|-damage|p1a: Scream Tail|118/330\n|\n|-heal|p1a: Scream Tail|138/330|[from] Grassy Terrain\n|-heal|p1a: Scream Tail|158/330|[from] item: Leftovers\n|-heal|p2a: Arboliva|198/290|[from] Grassy Terrain\n|-heal|p2a: Arboliva|216/290|[from] item: Leftovers\n|upkeep\n|turn|3\n|\n|t:|1781401323\n|move|p1a: Scream Tail|Wish|p1a: Scream Tail\n|move|p2a: Arboliva|Earth Power|p1a: Scream Tail\n|-crit|p1a: Scream Tail\n|-damage|p1a: Scream Tail|0 fnt\n|faint|p1a: Scream Tail\n|-end|p1a: Scream Tail|Protosynthesis|[silent]\n|\n|-heal|p2a: Arboliva|234/290|[from] Grassy Terrain\n|-heal|p2a: Arboliva|252/290|[from] item: Leftovers\n|upkeep\n|\n|t:|1781401332\n|switch|p1a: Kingambit|Kingambit, L74, F|270/270\n|-activate|p1a: Kingambit|ability: Supreme Overlord\n|-start|p1a: Kingambit|fallen1|[silent]\n|turn|4\n|\n|t:|1781401345\n|-terastallize|p1a: Kingambit|Flying\n|move|p2a: Arboliva|Earth Power|p1a: Kingambit\n|-immune|p1a: Kingambit\n|move|p1a: Kingambit|Swords Dance|p1a: Kingambit\n|-boost|p1a: Kingambit|atk|2\n|\n|-heal|p2a: Arboliva|270/290|[from] Grassy Terrain\n|-heal|p2a: Arboliva|288/290|[from] item: Leftovers\n|upkeep\n|turn|5\n|\n|t:|1781401364\n|move|p2a: Arboliva|Hyper Voice|p1a: Kingambit\n|-damage|p1a: Kingambit|102/270\n|move|p1a: Kingambit|Iron Head|p2a: Arboliva\n|-damage|p2a: Arboliva|114/290\n|\n|-heal|p2a: Arboliva|132/290|[from] Grassy Terrain\n|-heal|p2a: Arboliva|150/290|[from] item: Leftovers\n|-heal|p1a: Kingambit|118/270|[from] item: Leftovers\n|-fieldend|move: Grassy Terrain\n|upkeep\n|turn|6\n|\n|t:|1781401381\n|move|p1a: Kingambit|Sucker Punch|p2a: Arboliva\n|-damage|p2a: Arboliva|12/290\n|-fieldstart|move: Grassy Terrain|[from] ability: Seed Sower|[of] p2a: Arboliva\n|move|p2a: Arboliva|Hyper Voice|p1a: Kingambit\n|-damage|p1a: Kingambit|0 fnt\n|faint|p1a: Kingambit\n|-end|p1a: Kingambit|fallen1|[silent]\n|\n|-heal|p2a: Arboliva|30/290|[from] Grassy Terrain\n|-heal|p2a: Arboliva|48/290|[from] item: Leftovers\n|upkeep\n|\n|t:|1781401391\n|switch|p1a: Scizor|Scizor, L79, F|240/240\n|turn|7\n|\n|t:|1781401399\n|move|p1a: Scizor|U-turn|p2a: Arboliva\n|-damage|p2a: Arboliva|0 fnt\n|faint|p2a: Arboliva\n|\n|t:|1781401408\n|switch|p1a: Oranguru|Oranguru, L92, F|315/315|[from] U-turn\n|\n|upkeep\n|\n|t:|1781401421\n|switch|p2a: Kingambit|Kingambit, L74, M|270/270\n|-activate|p2a: Kingambit|ability: Supreme Overlord\n|-start|p2a: Kingambit|fallen1|[silent]\n|turn|8\n|\n|t:|1781401436\n|move|p1a: Oranguru|Focus Blast|p2a: Kingambit|[miss]\n|-miss|p1a: Oranguru|p2a: Kingambit\n|move|p2a: Kingambit|Kowtow Cleave|p1a: Oranguru\n|-supereffective|p1a: Oranguru\n|-damage|p1a: Oranguru|117/315\n|\n|-heal|p1a: Oranguru|136/315|[from] Grassy Terrain\n|-heal|p1a: Oranguru|155/315|[from] item: Leftovers\n|upkeep\n|turn|9\n|\n|t:|1781401454\n|move|p2a: Kingambit|Sucker Punch||[still]\n|-fail|p2a: Kingambit\n|move|p1a: Oranguru|Nasty Plot|p1a: Oranguru\n|-boost|p1a: Oranguru|spa|2\n|\n|-heal|p1a: Oranguru|174/315|[from] Grassy Terrain\n|-heal|p1a: Oranguru|193/315|[from] item: Leftovers\n|upkeep\n|turn|10\n|\n|t:|1781401466\n|move|p1a: Oranguru|Focus Blast|p2a: Kingambit\n|-supereffective|p2a: Kingambit\n|-damage|p2a: Kingambit|0 fnt\n|faint|p2a: Kingambit\n|-end|p2a: Kingambit|fallen1|[silent]\n|\n|-heal|p1a: Oranguru|212/315|[from] Grassy Terrain\n|-heal|p1a: Oranguru|231/315|[from] item: Leftovers\n|-fieldend|move: Grassy Terrain\n|upkeep\n|\n|t:|1781401483\n|switch|p2a: Zacian|Zacian, L69|241/241\n|-ability|p2a: Zacian|Intrepid Sword|boost\n|-boost|p2a: Zacian|atk|1\n|turn|11\n|\n|t:|1781401495\n|move|p2a: Zacian|Crunch|p1a: Oranguru\n|-supereffective|p1a: Oranguru\n|-damage|p1a: Oranguru|37/315\n|move|p1a: Oranguru|Psychic|p2a: Zacian\n|-damage|p2a: Zacian|49/241\n|\n|-heal|p1a: Oranguru|56/315|[from] item: Leftovers\n|upkeep\n|turn|12\n|\n|t:|1781401508\n|move|p2a: Zacian|Crunch|p1a: Oranguru\n|-supereffective|p1a: Oranguru\n|-damage|p1a: Oranguru|0 fnt\n|faint|p1a: Oranguru\n|\n|upkeep\n|\n|t:|1781401512\n|switch|p1a: Scizor|Scizor, L79, F|240/240\n|turn|13\n|\n|t:|1781401528\n|switch|p2a: Golurk|Golurk, L87|297/297\n|move|p1a: Scizor|Bullet Punch|p2a: Golurk\n|-damage|p2a: Golurk|221/297\n|\n|upkeep\n|turn|14\n|\n|t:|1781401543\n|move|p1a: Scizor|Bullet Punch|p2a: Golurk\n|-damage|p2a: Golurk|154/297\n|move|p2a: Golurk|Earthquake|p1a: Scizor\n|-damage|p1a: Scizor|57/240\n|-damage|p2a: Golurk|125/297|[from] item: Life Orb\n|\n|-heal|p1a: Scizor|72/240|[from] item: Leftovers\n|upkeep\n|turn|15\n|\n|t:|1781401561\n|move|p1a: Scizor|Bullet Punch|p2a: Golurk\n|-damage|p2a: Golurk|58/297\n|move|p2a: Golurk|Poltergeist|p1a: Scizor\n|-activate|p1a: Scizor|move: Poltergeist|Leftovers\n|-damage|p1a: Scizor|0 fnt\n|faint|p1a: Scizor\n|-damage|p2a: Golurk|29/297|[from] item: Life Orb\n|\n|upkeep\n|\n|t:|1781401569\n|switch|p1a: Hitmonlee|Hitmonlee, L85, M|224/224\n|turn|16\n|\n|t:|1781401575\n|move|p1a: Hitmonlee|Swords Dance|p1a: Hitmonlee\n|-boost|p1a: Hitmonlee|atk|2\n|move|p2a: Golurk|Poltergeist|p1a: Hitmonlee\n|-activate|p1a: Hitmonlee|move: Poltergeist|White Herb\n|-damage|p1a: Hitmonlee|0 fnt\n|faint|p1a: Hitmonlee\n|-damage|p2a: Golurk|0 fnt|[from] item: Life Orb\n|faint|p2a: Golurk\n|\n|upkeep\n|\n|t:|1781401587\n|switch|p1a: Polteageist|Polteageist-Antique, L78|222/222\n|switch|p2a: Zacian|Zacian, L69|49/241\n|turn|17\n|\n|t:|1781401597\n|move|p2a: Zacian|Crunch|p1a: Polteageist\n|-supereffective|p1a: Polteageist\n|-damage|p1a: Polteageist|26/222\n|-start|p2a: Zacian|Disable|Crunch|[from] ability: Cursed Body|[of] p1a: Polteageist\n|move|p1a: Polteageist|Shell Smash|p1a: Polteageist\n|-unboost|p1a: Polteageist|def|1\n|-unboost|p1a: Polteageist|spd|1\n|-boost|p1a: Polteageist|atk|2\n|-boost|p1a: Polteageist|spa|2\n|-boost|p1a: Polteageist|spe|2\n|-enditem|p1a: Polteageist|White Herb\n|-clearnegativeboost|p1a: Polteageist|[silent]\n|\n|upkeep\n|turn|18\n|\n|t:|1781401609\n|move|p1a: Polteageist|Shadow Ball|p2a: Zacian\n|-damage|p2a: Zacian|0 fnt\n|faint|p2a: Zacian\n|\n|upkeep\n|\n|t:|1781401623\n|switch|p2a: Venomoth|Venomoth, L84, F|255/255\n|turn|19\n|\n|t:|1781401643\n|move|p1a: Polteageist|Stored Power|p2a: Venomoth\n|-supereffective|p2a: Venomoth\n|-crit|p2a: Venomoth\n|-damage|p2a: Venomoth|0 fnt\n|faint|p2a: Venomoth\n|\n|upkeep\n|\n|t:|1781401648\n|switch|p2a: Cyclizar|Cyclizar, L83, M|252/252\n|turn|20\n|\n|t:|1781401659\n|move|p1a: Polteageist|Stored Power|p2a: Cyclizar\n|-damage|p2a: Cyclizar|0 fnt\n|faint|p2a: Cyclizar\n|\n|win|w0rld0ftanks38\n|raw|w0rld0ftanks38's rating: 1102 &rarr; <strong>1128</strong><br />(+26 for winning)\n|raw|acszzZ73's rating: 1115 &rarr; <strong>1089</strong><br />(-26 for losing)\n", "inputlog": ">version a8376a258c1d4662feba110a92103f3664a72141\n>start {\"formatid\":\"gen9randombattle\",\"seed\":\"sodium,b6390d39da83d3d9f4441da308f171e2\",\"rated\":\"Rated battle\"}\n>player p1 {\"name\":\"w0rld0ftanks38\",\"avatar\":\"1\",\"rating\":1102,\"seed\":\"sodium,85a37d2b0fc9510a4465fe7eb95fbbb3\"}\n>player p2 {\"name\":\"acszzZ73\",\"avatar\":\"flint\",\"rating\":1115,\"seed\":\"sodium,0e8cecc63a5e1ff05eb40191eed3ad15\"}\n>p1 move uturn\n>p2 move earthpower terastallize\n>p1 switch 3\n>p1 move playrough\n>p2 move energyball\n>p1 move wish\n>p2 move earthpower\n>p1 switch 2\n>p1 move swordsdance terastallize\n>p2 move earthpower\n>p1 move ironhead\n>p2 move hypervoice\n>p1 move suckerpunch\n>p2 move hypervoice\n>p1 switch 3\n>p1 move uturn\n>p2 move earthpower\n>p1 switch 6\n>p2 switch 5\n>p1 move focusblast\n>p2 move kowtowcleave\n>p1 move nastyplot\n>p2 move suckerpunch\n>p1 move focusblast\n>p2 move kowtowcleave\n>p2 switch 6\n>p1 move psychic\n>p2 move crunch\n>p1 move psychic\n>p2 move crunch\n>p1 switch 6\n>p1 move bulletpunch\n>p2 switch 3\n>p1 move bulletpunch\n>p2 move earthquake\n>p1 move bulletpunch\n>p2 move poltergeist\n>p1 switch 5\n>p1 move swordsdance\n>p2 move poltergeist\n>p1 switch 4\n>p2 switch 3\n>p1 move shellsmash\n>p2 move crunch\n>p1 move shadowball\n>p2 move struggle\n>p2 switch 4\n>p1 move storedpower\n>p2 move quiverdance\n>p2 switch 2\n>p1 move storedpower\n>p2 move knockoff", "uploadtime": 1781401665, "views": 4, "formatid": "gen9randombattle", "rating": 1089, "private": 0, "password": null}