{"id": "gen9randombattle-2631828388", "format": "[Gen 9] Random Battle", "players": ["Sasalele", "magictac1"], "log": "|j|\u2606Sasalele\n|j|\u2606magictac1\n|t:|1781445334\n|gametype|singles\n|player|p1|Sasalele|101|1906\n|player|p2|magictac1|266|1927\n|gen|9\n|tier|[Gen 9] Random Battle\n|rated|\n|rule|Species Clause: Limit one of each Pok\u00e9mon\n|rule|HP Percentage Mod: HP is shown in percentages\n|rule|Sleep Clause Mod: Limit one foe put to sleep\n|rule|Illusion Level Mod: Illusion disguises the Pok\u00e9mon's true level\n|\n|t:|1781445334\n|teamsize|p1|6\n|teamsize|p2|6\n|start\n|switch|p1a: Basculegion|Basculegion-F, L83, F|335/335\n|switch|p2a: Mandibuzz|Mandibuzz, L85, F|326/326\n|turn|1\n|inactive|Battle timer is ON: inactive players will automatically lose when time's up. (requested by magictac1)\n|\n|t:|1781445360\n|move|p2a: Mandibuzz|Knock Off|p1a: Basculegion\n|-supereffective|p1a: Basculegion\n|-crit|p1a: Basculegion\n|-damage|p1a: Basculegion|57/335\n|-enditem|p1a: Basculegion|Assault Vest|[from] move: Knock Off|[of] p2a: Mandibuzz\n|move|p1a: Basculegion|Flip Turn|p2a: Mandibuzz\n|-damage|p2a: Mandibuzz|252/326\n|\n|t:|1781445364\n|switch|p1a: Raichu|Raichu, L88, F|249/249|[from] Flip Turn\n|\n|upkeep\n|turn|2\n|\n|t:|1781445370\n|switch|p2a: Porygon2|Porygon2, L81|270/270\n|-ability|p2a: Porygon2|Download|boost\n|-boost|p2a: Porygon2|atk|1\n|move|p1a: Raichu|Nasty Plot|p1a: Raichu\n|-boost|p1a: Raichu|spa|2\n|\n|upkeep\n|turn|3\n|\n|t:|1781445373\n|move|p1a: Raichu|Thunderbolt|p2a: Porygon2\n|-damage|p2a: Porygon2|101/270\n|-damage|p1a: Raichu|225/249|[from] item: Life Orb\n|move|p2a: Porygon2|Tri Attack|p1a: Raichu\n|-damage|p1a: Raichu|146/249\n|\n|upkeep\n|turn|4\n|\n|t:|1781445380\n|switch|p2a: Piloswine|Piloswine, L85, F|309/309\n|move|p1a: Raichu|Thunderbolt|p2a: Piloswine\n|-immune|p2a: Piloswine\n|\n|upkeep\n|turn|5\n|\n|t:|1781445384\n|-terastallize|p2a: Piloswine|Poison\n|move|p1a: Raichu|Surf|p2a: Piloswine\n|-damage|p2a: Piloswine|170/309\n|-damage|p1a: Raichu|122/249|[from] item: Life Orb\n|move|p2a: Piloswine|Earthquake|p1a: Raichu\n|-supereffective|p1a: Raichu\n|-damage|p1a: Raichu|0 fnt\n|faint|p1a: Raichu\n|\n|upkeep\n|\n|t:|1781445391\n|switch|p1a: Basculegion|Basculegion-F, L83, F|57/335\n|turn|6\n|\n|t:|1781445399\n|move|p1a: Basculegion|Wave Crash|p2a: Piloswine\n|-damage|p2a: Piloswine|54/309\n|-damage|p1a: Basculegion|19/335|[from] Recoil\n|move|p2a: Piloswine|Earthquake|p1a: Basculegion\n|-damage|p1a: Basculegion|0 fnt\n|faint|p1a: Basculegion\n|\n|upkeep\n|\n|t:|1781445408\n|switch|p1a: Shiftry|Shiftry, L89, F|305/305\n|turn|7\n|\n|t:|1781445410\n|move|p2a: Piloswine|Ice Shard|p1a: Shiftry\n|-supereffective|p1a: Shiftry\n|-damage|p1a: Shiftry|197/305\n|move|p1a: Shiftry|Knock Off|p2a: Piloswine\n|-damage|p2a: Piloswine|0 fnt\n|-enditem|p2a: Piloswine|Eviolite|[from] move: Knock Off|[of] p1a: Shiftry\n|faint|p2a: Piloswine\n|-damage|p1a: Shiftry|167/305|[from] item: Life Orb\n|\n|upkeep\n|\n|t:|1781445415\n|switch|p2a: Mandibuzz|Mandibuzz, L85, F|252/326\n|turn|8\n|\n|t:|1781445425\n|switch|p1a: Torkoal|Torkoal, L88, M|266/266\n|-weather|SunnyDay|[from] ability: Drought|[of] p1a: Torkoal\n|move|p2a: Mandibuzz|Toxic|p1a: Torkoal\n|-status|p1a: Torkoal|tox\n|\n|-weather|SunnyDay|[upkeep]\n|-damage|p1a: Torkoal|250/266 tox|[from] psn\n|upkeep\n|turn|9\n|\n|t:|1781445431\n|switch|p2a: Grumpig|Grumpig, L92, M|297/297\n|move|p1a: Torkoal|Fire Blast|p2a: Grumpig\n|-damage|p2a: Grumpig|231/297\n|\n|-weather|SunnyDay|[upkeep]\n|-damage|p1a: Torkoal|218/266 tox|[from] psn\n|upkeep\n|turn|10\n|\n|t:|1781445434\n|switch|p1a: Blissey|Blissey, L85, F|572/572\n|move|p2a: Grumpig|Trick|p1a: Blissey\n|-activate|p2a: Grumpig|move: Trick|[of] p1a: Blissey\n|-item|p1a: Blissey|Choice Scarf|[from] move: Trick\n|-item|p2a: Grumpig|Leftovers|[from] move: Trick\n|\n|-weather|SunnyDay|[upkeep]\n|-heal|p2a: Grumpig|249/297|[from] item: Leftovers\n|upkeep\n|turn|11\n|\n|t:|1781445438\n|move|p1a: Blissey|Thunder Wave|p2a: Grumpig\n|-status|p2a: Grumpig|par\n|move|p2a: Grumpig|Psyshock|p1a: Blissey\n|-damage|p1a: Blissey|280/572\n|\n|-weather|SunnyDay|[upkeep]\n|-heal|p2a: Grumpig|267/297 par|[from] item: Leftovers\n|upkeep\n|turn|12\n|\n|t:|1781445442\n|switch|p1a: Shiftry|Shiftry, L89, F|167/305\n|move|p2a: Grumpig|Psyshock|p1a: Shiftry\n|-immune|p1a: Shiftry\n|\n|-weather|none\n|-heal|p2a: Grumpig|285/297 par|[from] item: Leftovers\n|upkeep\n|turn|13\n|\n|t:|1781445445\n|switch|p2a: Mandibuzz|Mandibuzz, L85, F|252/326\n|move|p1a: Shiftry|Knock Off|p2a: Mandibuzz\n|-resisted|p2a: Mandibuzz\n|-damage|p2a: Mandibuzz|186/326\n|-enditem|p2a: Mandibuzz|Heavy-Duty Boots|[from] move: Knock Off|[of] p1a: Shiftry\n|-damage|p1a: Shiftry|137/305|[from] item: Life Orb\n|\n|upkeep\n|turn|14\n|\n|t:|1781445449\n|switch|p1a: Snorlax|Snorlax, L82, F|397/397\n|move|p2a: Mandibuzz|Roost|p2a: Mandibuzz\n|-heal|p2a: Mandibuzz|326/326\n|-singleturn|p2a: Mandibuzz|move: Roost\n|\n|upkeep\n|turn|15\n|\n|t:|1781445451\n|move|p2a: Mandibuzz|Knock Off|p1a: Snorlax\n|-damage|p1a: Snorlax|291/397\n|-enditem|p1a: Snorlax|Leftovers|[from] move: Knock Off|[of] p2a: Mandibuzz\n|move|p1a: Snorlax|Body Slam|p2a: Mandibuzz\n|-damage|p2a: Mandibuzz|245/326\n|\n|upkeep\n|turn|16\n|\n|t:|1781445458\n|switch|p2a: Porygon2|Porygon2, L81|101/270\n|-ability|p2a: Porygon2|Download|boost\n|-boost|p2a: Porygon2|atk|1\n|move|p1a: Snorlax|Body Slam|p2a: Porygon2\n|-damage|p2a: Porygon2|37/270\n|\n|upkeep\n|turn|17\n|\n|t:|1781445461\n|move|p2a: Porygon2|Tri Attack|p1a: Snorlax\n|-damage|p1a: Snorlax|213/397\n|-status|p1a: Snorlax|brn\n|move|p1a: Snorlax|Body Slam|p2a: Porygon2\n|-damage|p2a: Porygon2|7/270\n|\n|-damage|p1a: Snorlax|189/397 brn|[from] brn\n|upkeep\n|turn|18\n|\n|t:|1781445464\n|move|p2a: Porygon2|Recover|p2a: Porygon2\n|-heal|p2a: Porygon2|142/270\n|move|p1a: Snorlax|Body Slam|p2a: Porygon2\n|-damage|p2a: Porygon2|112/270\n|-status|p2a: Porygon2|par\n|\n|-damage|p1a: Snorlax|165/397 brn|[from] brn\n|upkeep\n|turn|19\n|\n|t:|1781445474\n|switch|p1a: Shiftry|Shiftry, L89, F|137/305\n|move|p2a: Porygon2|Recover|p2a: Porygon2\n|-heal|p2a: Porygon2|247/270 par\n|\n|upkeep\n|turn|20\n|\n|t:|1781445478\n|switch|p2a: Mandibuzz|Mandibuzz, L85, F|245/326\n|move|p1a: Shiftry|Knock Off|p2a: Mandibuzz\n|-resisted|p2a: Mandibuzz\n|-damage|p2a: Mandibuzz|202/326\n|-damage|p1a: Shiftry|107/305|[from] item: Life Orb\n|\n|upkeep\n|turn|21\n|\n|t:|1781445496\n|move|p1a: Shiftry|Will-O-Wisp|p2a: Mandibuzz\n|-status|p2a: Mandibuzz|brn\n|move|p2a: Mandibuzz|Roost|p2a: Mandibuzz\n|-heal|p2a: Mandibuzz|326/326 brn\n|-singleturn|p2a: Mandibuzz|move: Roost\n|\n|-damage|p2a: Mandibuzz|306/326 brn|[from] brn\n|upkeep\n|turn|22\n|\n|t:|1781445503\n|switch|p1a: Snorlax|Snorlax, L82, F|165/397 brn\n|move|p2a: Mandibuzz|Brave Bird|p1a: Snorlax\n|-damage|p1a: Snorlax|103/397 brn\n|-damage|p2a: Mandibuzz|286/326 brn|[from] Recoil\n|\n|-damage|p2a: Mandibuzz|266/326 brn|[from] brn\n|-damage|p1a: Snorlax|79/397 brn|[from] brn\n|upkeep\n|turn|23\n|\n|t:|1781445507\n|move|p2a: Mandibuzz|Brave Bird|p1a: Snorlax\n|-damage|p1a: Snorlax|21/397 brn\n|-damage|p2a: Mandibuzz|247/326 brn|[from] Recoil\n|move|p1a: Snorlax|Body Slam|p2a: Mandibuzz\n|-damage|p2a: Mandibuzz|207/326 brn\n|\n|-damage|p2a: Mandibuzz|187/326 brn|[from] brn\n|-damage|p1a: Snorlax|0 fnt|[from] brn\n|faint|p1a: Snorlax\n|upkeep\n|\n|t:|1781445511\n|switch|p1a: Torkoal|Torkoal, L88, M|218/266 tox\n|-weather|SunnyDay|[from] ability: Drought|[of] p1a: Torkoal\n|turn|24\n|\n|t:|1781445517\n|switch|p2a: Porygon2|Porygon2, L81|247/270 par\n|-ability|p2a: Porygon2|Download|boost\n|-boost|p2a: Porygon2|spa|1\n|move|p1a: Torkoal|Fire Blast|p2a: Porygon2\n|-damage|p2a: Porygon2|130/270 par\n|\n|-weather|SunnyDay|[upkeep]\n|-damage|p1a: Torkoal|202/266 tox|[from] psn\n|upkeep\n|turn|25\n|\n|t:|1781445520\n|move|p1a: Torkoal|Fire Blast|p2a: Porygon2\n|-damage|p2a: Porygon2|13/270 par\n|move|p2a: Porygon2|Tri Attack|p1a: Torkoal\n|-damage|p1a: Torkoal|58/266 tox\n|\n|-weather|SunnyDay|[upkeep]\n|-damage|p1a: Torkoal|26/266 tox|[from] psn\n|upkeep\n|turn|26\n|\n|t:|1781445522\n|move|p1a: Torkoal|Solar Beam||[still]\n|-prepare|p1a: Torkoal|Solar Beam\n|-anim|p1a: Torkoal|Solar Beam|p2a: Porygon2\n|-damage|p2a: Porygon2|0 fnt\n|faint|p2a: Porygon2\n|\n|-weather|SunnyDay|[upkeep]\n|-damage|p1a: Torkoal|0 fnt|[from] psn\n|faint|p1a: Torkoal\n|upkeep\n|\n|t:|1781445527\n|switch|p2a: Hitmontop|Hitmontop, L88, M|231/231\n|switch|p1a: Shiftry|Shiftry, L89, F|107/305\n|turn|27\n|\n|t:|1781445532\n|switch|p2a: Mandibuzz|Mandibuzz, L85, F|187/326 brn\n|move|p1a: Shiftry|Leaf Storm|p2a: Mandibuzz\n|-resisted|p2a: Mandibuzz\n|-damage|p2a: Mandibuzz|99/326 brn\n|-unboost|p1a: Shiftry|spa|2\n|-damage|p1a: Shiftry|77/305|[from] item: Life Orb\n|\n|-weather|SunnyDay|[upkeep]\n|-damage|p2a: Mandibuzz|79/326 brn|[from] brn\n|upkeep\n|turn|28\n|\n|t:|1781445536\n|move|p1a: Shiftry|Knock Off|p2a: Mandibuzz\n|-resisted|p2a: Mandibuzz\n|-damage|p2a: Mandibuzz|36/326 brn\n|-damage|p1a: Shiftry|47/305|[from] item: Life Orb\n|move|p2a: Mandibuzz|Roost|p2a: Mandibuzz\n|-heal|p2a: Mandibuzz|199/326 brn\n|-singleturn|p2a: Mandibuzz|move: Roost\n|\n|-weather|none\n|-damage|p2a: Mandibuzz|179/326 brn|[from] brn\n|upkeep\n|turn|29\n|l|\u2606Sasalele\n|inactive|Sasalele disconnected and has a minute to reconnect!\n|player|p1|\n|inactive|Sasalele has 30 seconds to reconnect!\n|inactive|Sasalele has 20 seconds to reconnect!\n|inactive|Sasalele has 15 seconds to reconnect!\n|inactive|Sasalele has 10 seconds to reconnect!\n|inactive|Sasalele has 5 seconds to reconnect!\n|-message|Sasalele lost due to inactivity.\n|\n|win|magictac1\n", "uploadtime": 1781445335, "views": 4, "formatid": "gen9randombattle", "rating": null, "private": 0, "password": null}