{"id": "gen9randombattle-2631503840", "format": "[Gen 9] Random Battle", "players": ["debtdue", "moritzvb"], "log": "|j|\u2606debtdue\n|j|\u2606moritzvb\n|t:|1781393497\n|gametype|singles\n|player|p1|debtdue|gentleman-gen4dp|2253\n|player|p2|moritzvb|ariana|2132\n|gen|9\n|tier|[Gen 9] Random Battle\n|rated|\n|rule|Species Clause: Limit one of each Pok\u00e9mon\n|rule|HP Percentage Mod: HP is shown in percentages\n|rule|Sleep Clause Mod: Limit one foe put to sleep\n|rule|Illusion Level Mod: Illusion disguises the Pok\u00e9mon's true level\n|\n|t:|1781393497\n|teamsize|p1|6\n|teamsize|p2|6\n|start\n|switch|p1a: Houndoom|Houndoom, L87, F|272/272\n|switch|p2a: Bellossom|Bellossom, L84, F|263/263\n|turn|1\n|\n|t:|1781393514\n|switch|p2a: Cramorant|Cramorant, L86, F|261/261\n|move|p1a: Houndoom|Fire Blast|p2a: Cramorant\n|-resisted|p2a: Cramorant\n|-damage|p2a: Cramorant|203/261\n|\n|upkeep\n|turn|2\n|\n|t:|1781393521\n|move|p1a: Houndoom|Dark Pulse|p2a: Cramorant\n|-damage|p2a: Cramorant|118/261\n|cant|p2a: Cramorant|flinch\n|\n|upkeep\n|turn|3\n|\n|t:|1781393527\n|switch|p1a: Oricorio|Oricorio-Pom-Pom, L82, M|257/257\n|move|p2a: Cramorant|Roost|p2a: Cramorant\n|-heal|p2a: Cramorant|249/261\n|-singleturn|p2a: Cramorant|move: Roost\n|\n|upkeep\n|turn|4\n|\n|t:|1781393538\n|switch|p2a: Copperajah|Copperajah, L86, F|350/350\n|move|p1a: Oricorio|Quiver Dance|p1a: Oricorio\n|-boost|p1a: Oricorio|spa|1\n|-boost|p1a: Oricorio|spd|1\n|-boost|p1a: Oricorio|spe|1\n|\n|upkeep\n|turn|5\n|\n|t:|1781393543\n|move|p1a: Oricorio|Revelation Dance|p2a: Copperajah\n|-damage|p2a: Copperajah|194/350\n|move|p2a: Copperajah|Stone Edge|p1a: Oricorio\n|-supereffective|p1a: Oricorio\n|-damage|p1a: Oricorio|0 fnt\n|faint|p1a: Oricorio\n|\n|upkeep\n|\n|t:|1781393551\n|switch|p1a: Houndoom|Houndoom, L87, F|272/272\n|turn|6\n|\n|t:|1781393553\n|switch|p2a: Cramorant|Cramorant, L86, F|249/261\n|move|p1a: Houndoom|Nasty Plot|p1a: Houndoom\n|-boost|p1a: Houndoom|spa|2\n|\n|upkeep\n|turn|7\n|\n|t:|1781393556\n|move|p1a: Houndoom|Dark Pulse|p2a: Cramorant\n|-damage|p2a: Cramorant|68/261\n|move|p2a: Cramorant|Surf|p1a: Houndoom\n|-formechange|p2a: Cramorant|Cramorant-Gorging|\n|-supereffective|p1a: Houndoom\n|-damage|p1a: Houndoom|92/272\n|\n|upkeep\n|turn|8\n|\n|t:|1781393565\n|move|p1a: Houndoom|Dark Pulse|p2a: Cramorant\n|-damage|p2a: Cramorant|0 fnt\n|-damage|p1a: Houndoom|24/272|[from] ability: Gulp Missile|[of] p2a: Cramorant\n|-status|p1a: Houndoom|par\n|-formechange|p2a: Cramorant|Cramorant|\n|faint|p2a: Cramorant\n|\n|upkeep\n|\n|t:|1781393573\n|switch|p2a: Jolteon|Jolteon, L84, M|246/246\n|turn|9\n|\n|t:|1781393576\n|move|p1a: Houndoom|Sucker Punch||[still]\n|-fail|p1a: Houndoom\n|move|p2a: Jolteon|Calm Mind|p2a: Jolteon\n|-boost|p2a: Jolteon|spa|1\n|-boost|p2a: Jolteon|spd|1\n|\n|upkeep\n|turn|10\n|\n|t:|1781393582\n|move|p2a: Jolteon|Thunderbolt|p1a: Houndoom\n|-damage|p1a: Houndoom|0 fnt\n|faint|p1a: Houndoom\n|-damage|p2a: Jolteon|222/246|[from] item: Life Orb\n|\n|upkeep\n|\n|t:|1781393584\n|switch|p1a: Umbreon|Umbreon, L84, M|297/297\n|turn|11\n|\n|t:|1781393587\n|move|p2a: Jolteon|Alluring Voice|p1a: Umbreon\n|-supereffective|p1a: Umbreon\n|-damage|p1a: Umbreon|107/297\n|-damage|p2a: Jolteon|198/246|[from] item: Life Orb\n|move|p1a: Umbreon|Toxic|p2a: Jolteon|[miss]\n|-miss|p1a: Umbreon|p2a: Jolteon\n|\n|-heal|p1a: Umbreon|125/297|[from] item: Leftovers\n|upkeep\n|turn|12\n|\n|t:|1781393594\n|move|p1a: Umbreon|Protect|p1a: Umbreon\n|-singleturn|p1a: Umbreon|Protect\n|move|p2a: Jolteon|Thunderbolt|p1a: Umbreon\n|-activate|p1a: Umbreon|move: Protect\n|\n|-heal|p1a: Umbreon|143/297|[from] item: Leftovers\n|upkeep\n|turn|13\n|\n|t:|1781393598\n|switch|p1a: Scovillain|Scovillain, L91, F|266/266\n|move|p2a: Jolteon|Thunderbolt|p1a: Scovillain\n|-resisted|p1a: Scovillain\n|-damage|p1a: Scovillain|158/266\n|-damage|p2a: Jolteon|174/246|[from] item: Life Orb\n|\n|upkeep\n|turn|14\n|\n|t:|1781393605\n|move|p2a: Jolteon|Shadow Ball|p1a: Scovillain\n|-damage|p1a: Scovillain|10/266\n|-damage|p2a: Jolteon|150/246|[from] item: Life Orb\n|move|p1a: Scovillain|Overheat|p2a: Jolteon\n|-damage|p2a: Jolteon|0 fnt\n|-unboost|p1a: Scovillain|spa|2\n|faint|p2a: Jolteon\n|\n|upkeep\n|\n|t:|1781393621\n|switch|p2a: Exeggutor|Exeggutor, L89, M|312/312\n|turn|15\n|\n|t:|1781393630\n|move|p1a: Scovillain|Overheat|p2a: Exeggutor\n|-supereffective|p2a: Exeggutor\n|-crit|p2a: Exeggutor\n|-damage|p2a: Exeggutor|0 fnt\n|-unboost|p1a: Scovillain|spa|2\n|faint|p2a: Exeggutor\n|\n|upkeep\n|\n|t:|1781393634\n|switch|p2a: Bellossom|Bellossom, L84, F|263/263\n|turn|16\n|\n|t:|1781393639\n|switch|p1a: Houndstone|Houndstone, L86, F|264/264\n|move|p2a: Bellossom|Quiver Dance|p2a: Bellossom\n|-boost|p2a: Bellossom|spa|1\n|-boost|p2a: Bellossom|spd|1\n|-boost|p2a: Bellossom|spe|1\n|\n|upkeep\n|turn|17\n|\n|t:|1781393641\n|move|p2a: Bellossom|Quiver Dance|p2a: Bellossom\n|-boost|p2a: Bellossom|spa|1\n|-boost|p2a: Bellossom|spd|1\n|-boost|p2a: Bellossom|spe|1\n|move|p1a: Houndstone|Poltergeist|p2a: Bellossom\n|-activate|p2a: Bellossom|move: Poltergeist|Leftovers\n|-crit|p2a: Bellossom\n|-damage|p2a: Bellossom|0 fnt\n|faint|p2a: Bellossom\n|\n|upkeep\n|c|\u2606moritzvb|bro\n|c|\u2606debtdue|Idk man sorry\n|c|\u2606moritzvb|who did you bribe\n|c|\u2606moritzvb|to get this rng\n|\n|t:|1781393665\n|switch|p2a: Copperajah|Copperajah, L86, F|194/350\n|turn|18\n|\n|t:|1781393669\n|move|p1a: Houndstone|Poltergeist|p2a: Copperajah|[miss]\n|-miss|p1a: Houndstone|p2a: Copperajah\n|move|p2a: Copperajah|Heat Crash|p1a: Houndstone\n|-damage|p1a: Houndstone|105/264\n|\n|upkeep\n|turn|19\n|\n|t:|1781393674\n|move|p1a: Houndstone|Poltergeist|p2a: Copperajah\n|-activate|p2a: Copperajah|move: Poltergeist|Choice Band\n|-damage|p2a: Copperajah|0 fnt\n|faint|p2a: Copperajah\n|\n|upkeep\n|\n|t:|1781393677\n|switch|p2a: Vigoroth|Vigoroth, L85, M|275/275\n|turn|20\n|\n|t:|1781393681\n|switch|p1a: Umbreon|Umbreon, L84, M|143/297\n|move|p2a: Vigoroth|Bulk Up|p2a: Vigoroth\n|-boost|p2a: Vigoroth|atk|1\n|-boost|p2a: Vigoroth|def|1\n|\n|-heal|p1a: Umbreon|161/297|[from] item: Leftovers\n|upkeep\n|turn|21\n|\n|t:|1781393686\n|move|p2a: Vigoroth|Body Slam|p1a: Umbreon\n|-damage|p1a: Umbreon|61/297\n|move|p1a: Umbreon|Toxic|p2a: Vigoroth\n|-status|p2a: Vigoroth|tox\n|\n|-heal|p1a: Umbreon|79/297|[from] item: Leftovers\n|-damage|p2a: Vigoroth|258/275 tox|[from] psn\n|upkeep\n|turn|22\n|\n|t:|1781393690\n|move|p1a: Umbreon|Protect|p1a: Umbreon\n|-singleturn|p1a: Umbreon|Protect\n|move|p2a: Vigoroth|Body Slam|p1a: Umbreon\n|-activate|p1a: Umbreon|move: Protect\n|\n|-heal|p1a: Umbreon|97/297|[from] item: Leftovers\n|-damage|p2a: Vigoroth|224/275 tox|[from] psn\n|upkeep\n|turn|23\n|\n|t:|1781393692\n|move|p2a: Vigoroth|Body Slam|p1a: Umbreon\n|-damage|p1a: Umbreon|1/297\n|move|p1a: Umbreon|Wish|p1a: Umbreon\n|\n|-heal|p1a: Umbreon|19/297|[from] item: Leftovers\n|-damage|p2a: Vigoroth|173/275 tox|[from] psn\n|upkeep\n|turn|24\n|c|\u2606moritzvb|gg i guess\n|-message|moritzvb forfeited.\n|\n|win|debtdue\n", "inputlog": ">version a8376a258c1d4662feba110a92103f3664a72141\n>start {\"formatid\":\"gen9randombattle\",\"seed\":\"sodium,956907a1a159e08754a77248cf84c95e\",\"rated\":\"Rated battle\"}\n>player p1 {\"name\":\"debtdue\",\"avatar\":\"gentleman-gen4dp\",\"rating\":2253,\"seed\":\"sodium,82da79260fe9674713c09877a8e04675\"}\n>player p2 {\"name\":\"moritzvb\",\"avatar\":\"ariana\",\"rating\":2132,\"seed\":\"sodium,8f9caff3a64c82cdb4efcd4fb8dd68cd\"}\n>p1 move fireblast\n>p2 switch 6\n>p1 move darkpulse\n>p2 move bravebird\n>p1 switch 6\n>p2 move roost\n>p1 move quiverdance\n>p2 switch 2\n>p1 move revelationdance\n>p2 move stoneedge\n>p1 switch 6\n>p1 move nastyplot\n>p2 switch 2\n>p1 move darkpulse\n>p2 move surf\n>p1 move darkpulse\n>p2 move roost\n>p2 switch 3\n>p1 move suckerpunch\n>p2 move calmmind\n>p1 move fireblast\n>p2 move thunderbolt\n>p1 switch 4\n>p1 move toxic\n>p2 move alluringvoice\n>p1 move protect\n>p2 move thunderbolt\n>p1 switch 2\n>p2 move thunderbolt\n>p1 move overheat\n>p2 move shadowball\n>p2 switch 4\n>p1 move overheat\n>p2 move gigadrain\n>p2 switch 6\n>p1 switch 3\n>p2 move quiverdance\n>p1 move poltergeist\n>p2 move quiverdance\n>chat \u2606moritzvb|bro\n>chat \u2606debtdue|Idk man sorry\n>chat \u2606moritzvb|who did you bribe\n>chat \u2606moritzvb|to get this rng\n>p2 switch 2\n>p1 move poltergeist\n>p2 move heatcrash\n>p1 move poltergeist\n>p2 move heatcrash\n>p2 switch 5\n>p1 switch 2\n>p2 move bulkup\n>p1 move toxic\n>p2 move bodyslam\n>p1 move protect\n>p2 move bodyslam\n>p1 move wish\n>p2 move bodyslam\n>chat \u2606moritzvb|gg i guess\n>forcelose p2", "uploadtime": 1781393499, "views": 4, "formatid": "gen9randombattle", "rating": null, "private": 0, "password": null}