{"id": "gen9randombattle-2631520760", "format": "[Gen 9] Random Battle", "players": ["Duck Cop", "TheLudicrousLuv"], "log": "|j|\u2606Duck Cop\n|j|\u2606TheLudicrousLuv\n|t:|1781395911\n|gametype|singles\n|player|p1|Duck Cop|aetherfoundation|1940\n|player|p2|TheLudicrousLuv|hilbert-wonderlauncher|1983\n|gen|9\n|tier|[Gen 9] Random Battle\n|rated|\n|rule|Species Clause: Limit one of each Pok\u00e9mon\n|rule|HP Percentage Mod: HP is shown in percentages\n|rule|Sleep Clause Mod: Limit one foe put to sleep\n|rule|Illusion Level Mod: Illusion disguises the Pok\u00e9mon's true level\n|\n|t:|1781395911\n|teamsize|p1|6\n|teamsize|p2|6\n|start\n|switch|p1a: Noivern|Noivern, L82, F|274/274\n|switch|p2a: Incineroar|Incineroar, L82, F|290/290\n|-ability|p2a: Incineroar|Intimidate|boost\n|-unboost|p1a: Noivern|atk|1\n|turn|1\n|inactive|Battle timer is ON: inactive players will automatically lose when time's up. (requested by TheLudicrousLuv)\n|\n|t:|1781395926\n|move|p1a: Noivern|Hurricane|p2a: Incineroar\n|-damage|p2a: Incineroar|211/290\n|move|p2a: Incineroar|Knock Off|p1a: Noivern\n|-damage|p1a: Noivern|142/274\n|-enditem|p1a: Noivern|Heavy-Duty Boots|[from] move: Knock Off|[of] p2a: Incineroar\n|\n|upkeep\n|turn|2\n|\n|t:|1781395945\n|move|p1a: Noivern|Hurricane|p2a: Incineroar\n|-damage|p2a: Incineroar|144/290\n|move|p2a: Incineroar|U-turn|p1a: Noivern\n|-resisted|p1a: Noivern\n|-damage|p1a: Noivern|111/274\n|\n|t:|1781395958\n|switch|p2a: Gliscor|Gliscor, L76, M|239/239|[from] U-turn\n|\n|-status|p2a: Gliscor|tox|[from] item: Toxic Orb\n|upkeep\n|turn|3\n|\n|t:|1781395964\n|move|p1a: Noivern|Hurricane|p2a: Gliscor\n|-damage|p2a: Gliscor|113/239 tox\n|-start|p2a: Gliscor|confusion\n|-activate|p2a: Gliscor|confusion\n|move|p2a: Gliscor|Toxic|p1a: Noivern\n|-status|p1a: Noivern|tox\n|\n|-damage|p1a: Noivern|94/274 tox|[from] psn\n|-heal|p2a: Gliscor|142/239 tox|[from] ability: Poison Heal\n|upkeep\n|turn|4\n|\n|t:|1781395985\n|switch|p1a: Veluza|Veluza, L85, M|292/292\n|-activate|p2a: Gliscor|confusion\n|move|p2a: Gliscor|Protect||[still]\n|-fail|p2a: Gliscor\n|\n|-heal|p2a: Gliscor|171/239 tox|[from] ability: Poison Heal\n|upkeep\n|turn|5\n|\n|t:|1781395992\n|move|p1a: Veluza|Flip Turn|p2a: Gliscor\n|-supereffective|p2a: Gliscor\n|-damage|p2a: Gliscor|63/239 tox\n|\n|t:|1781395998\n|switch|p1a: Registeel|Registeel, L81|262/262|[from] Flip Turn\n|-activate|p2a: Gliscor|confusion\n|move|p2a: Gliscor|Toxic|p1a: Registeel\n|-immune|p1a: Registeel\n|\n|-heal|p2a: Gliscor|92/239 tox|[from] ability: Poison Heal\n|upkeep\n|turn|6\n|\n|t:|1781396005\n|-activate|p2a: Gliscor|confusion\n|move|p2a: Gliscor|Substitute|p2a: Gliscor\n|-start|p2a: Gliscor|Substitute\n|-damage|p2a: Gliscor|33/239 tox\n|move|p1a: Registeel|Stealth Rock|p2a: Gliscor\n|-sidestart|p2: TheLudicrousLuv|move: Stealth Rock\n|\n|-heal|p2a: Gliscor|62/239 tox|[from] ability: Poison Heal\n|upkeep\n|turn|7\n|\n|t:|1781396020\n|switch|p1a: Giratina|Giratina, L75|349/349\n|-ability|p1a: Giratina|Pressure\n|-end|p2a: Gliscor|confusion\n|move|p2a: Gliscor|Earthquake|p1a: Giratina\n|-damage|p1a: Giratina|276/349\n|\n|-heal|p1a: Giratina|297/349|[from] item: Leftovers\n|-heal|p2a: Gliscor|91/239 tox|[from] ability: Poison Heal\n|upkeep\n|turn|8\n|\n|t:|1781396033\n|move|p2a: Gliscor|Toxic|p1a: Giratina\n|-status|p1a: Giratina|tox\n|move|p1a: Giratina|Shadow Ball|p2a: Gliscor\n|-end|p2a: Gliscor|Substitute\n|\n|-heal|p1a: Giratina|318/349 tox|[from] item: Leftovers\n|-heal|p2a: Gliscor|120/239 tox|[from] ability: Poison Heal\n|-damage|p1a: Giratina|297/349 tox|[from] psn\n|upkeep\n|turn|9\n|\n|t:|1781396043\n|move|p2a: Gliscor|Protect|p2a: Gliscor\n|-singleturn|p2a: Gliscor|Protect\n|move|p1a: Giratina|Shadow Ball|p2a: Gliscor\n|-activate|p2a: Gliscor|move: Protect\n|\n|-heal|p1a: Giratina|318/349 tox|[from] item: Leftovers\n|-heal|p2a: Gliscor|149/239 tox|[from] ability: Poison Heal\n|-damage|p1a: Giratina|276/349 tox|[from] psn\n|upkeep\n|turn|10\n|\n|t:|1781396054\n|move|p2a: Gliscor|Substitute|p2a: Gliscor\n|-start|p2a: Gliscor|Substitute\n|-damage|p2a: Gliscor|90/239 tox\n|move|p1a: Giratina|Shadow Ball|p2a: Gliscor\n|-end|p2a: Gliscor|Substitute\n|\n|-heal|p1a: Giratina|297/349 tox|[from] item: Leftovers\n|-heal|p2a: Gliscor|119/239 tox|[from] ability: Poison Heal\n|-damage|p1a: Giratina|234/349 tox|[from] psn\n|upkeep\n|turn|11\n|\n|t:|1781396064\n|switch|p1a: Veluza|Veluza, L85, M|292/292\n|move|p2a: Gliscor|Toxic|p1a: Veluza\n|-status|p1a: Veluza|tox\n|\n|-damage|p1a: Veluza|274/292 tox|[from] psn\n|-heal|p2a: Gliscor|148/239 tox|[from] ability: Poison Heal\n|upkeep\n|turn|12\n|\n|t:|1781396076\n|move|p2a: Gliscor|Protect|p2a: Gliscor\n|-singleturn|p2a: Gliscor|Protect\n|move|p1a: Veluza|Flip Turn|p2a: Gliscor\n|-activate|p2a: Gliscor|move: Protect\n|\n|-damage|p1a: Veluza|238/292 tox|[from] psn\n|-heal|p2a: Gliscor|177/239 tox|[from] ability: Poison Heal\n|upkeep\n|turn|13\n|\n|t:|1781396083\n|-terastallize|p2a: Gliscor|Water\n|move|p1a: Veluza|Flip Turn|p2a: Gliscor\n|-resisted|p2a: Gliscor\n|-damage|p2a: Gliscor|147/239 tox\n|\n|t:|1781396097\n|switch|p1a: Registeel|Registeel, L81|262/262|[from] Flip Turn\n|move|p2a: Gliscor|Substitute|p2a: Gliscor\n|-start|p2a: Gliscor|Substitute\n|-damage|p2a: Gliscor|88/239 tox\n|\n|-heal|p2a: Gliscor|117/239 tox|[from] ability: Poison Heal\n|upkeep\n|turn|14\n|\n|t:|1781396106\n|switch|p2a: Pyroar|Pyroar, L88, F|295/295\n|-ability|p2a: Pyroar|Unnerve\n|move|p1a: Registeel|Body Press|p2a: Pyroar\n|-supereffective|p2a: Pyroar\n|-damage|p2a: Pyroar|137/295\n|\n|upkeep\n|turn|15\n|\n|t:|1781396116\n|move|p2a: Pyroar|Fire Blast|p1a: Registeel\n|-supereffective|p1a: Registeel\n|-damage|p1a: Registeel|64/262\n|move|p1a: Registeel|Body Press|p2a: Pyroar\n|-supereffective|p2a: Pyroar\n|-damage|p2a: Pyroar|0 fnt\n|faint|p2a: Pyroar\n|\n|-heal|p1a: Registeel|80/262|[from] item: Leftovers\n|upkeep\n|\n|t:|1781396120\n|switch|p2a: Gliscor|Gliscor, L76, M, tera:Water|117/239 tox\n|-damage|p2a: Gliscor|88/239 tox|[from] Stealth Rock\n|turn|16\n|\n|t:|1781396130\n|move|p2a: Gliscor|Earthquake|p1a: Registeel\n|-supereffective|p1a: Registeel\n|-damage|p1a: Registeel|0 fnt\n|faint|p1a: Registeel\n|\n|-heal|p2a: Gliscor|117/239 tox|[from] ability: Poison Heal\n|upkeep\n|\n|t:|1781396141\n|switch|p1a: Iron Bundle|Iron Bundle, L78|215/215\n|turn|17\n|\n|t:|1781396151\n|switch|p2a: Beartic|Beartic, L91, M|321/321\n|-terastallize|p1a: Iron Bundle|Ice\n|move|p1a: Iron Bundle|Freeze-Dry|p2a: Beartic\n|-resisted|p2a: Beartic\n|-damage|p2a: Beartic|243/321\n|\n|upkeep\n|turn|18\n|\n|t:|1781396172\n|-end|p1a: Iron Bundle|Quark Drive|[silent]\n|switch|p1a: Noivern|Noivern, L82, F|94/274 tox\n|move|p2a: Beartic|Close Combat|p1a: Noivern\n|-resisted|p1a: Noivern\n|-damage|p1a: Noivern|29/274 tox\n|-unboost|p2a: Beartic|def|1\n|-unboost|p2a: Beartic|spd|1\n|\n|-damage|p1a: Noivern|12/274 tox|[from] psn\n|upkeep\n|turn|19\n|\n|t:|1781396183\n|switch|p2a: Incineroar|Incineroar, L82, F|144/290\n|-damage|p2a: Incineroar|72/290|[from] Stealth Rock\n|-ability|p2a: Incineroar|Intimidate|boost\n|-unboost|p1a: Noivern|atk|1\n|move|p1a: Noivern|Draco Meteor|p2a: Incineroar|[miss]\n|-miss|p1a: Noivern|p2a: Incineroar\n|\n|-damage|p1a: Noivern|0 fnt|[from] psn\n|faint|p1a: Noivern\n|upkeep\n|\n|t:|1781396197\n|switch|p1a: Iron Bundle|Iron Bundle, L78, tera:Ice|215/215\n|turn|20\n|\n|t:|1781396203\n|move|p1a: Iron Bundle|Flip Turn|p2a: Incineroar\n|-supereffective|p2a: Incineroar\n|-damage|p2a: Incineroar|0 fnt\n|faint|p2a: Incineroar\n|\n|t:|1781396210\n|-end|p1a: Iron Bundle|Quark Drive|[silent]\n|switch|p1a: Giratina|Giratina, L75|234/349 tox|[from] Flip Turn\n|-ability|p1a: Giratina|Pressure\n|\n|-heal|p1a: Giratina|255/349 tox|[from] item: Leftovers\n|-damage|p1a: Giratina|234/349 tox|[from] psn\n|upkeep\n|\n|t:|1781396213\n|switch|p2a: Gliscor|Gliscor, L76, M, tera:Water|117/239 tox\n|-damage|p2a: Gliscor|88/239 tox|[from] Stealth Rock\n|turn|21\n|\n|t:|1781396232\n|move|p2a: Gliscor|Substitute|p2a: Gliscor\n|-start|p2a: Gliscor|Substitute\n|-damage|p2a: Gliscor|29/239 tox\n|move|p1a: Giratina|Shadow Ball|p2a: Gliscor\n|-end|p2a: Gliscor|Substitute\n|\n|-heal|p1a: Giratina|255/349 tox|[from] item: Leftovers\n|-heal|p2a: Gliscor|58/239 tox|[from] ability: Poison Heal\n|-damage|p1a: Giratina|213/349 tox|[from] psn\n|upkeep\n|turn|22\n|\n|t:|1781396245\n|switch|p1a: Iron Bundle|Iron Bundle, L78, tera:Ice|215/215\n|move|p2a: Gliscor|Toxic|p1a: Iron Bundle|[miss]\n|-miss|p2a: Gliscor|p1a: Iron Bundle\n|\n|-heal|p2a: Gliscor|87/239 tox|[from] ability: Poison Heal\n|upkeep\n|turn|23\n|c|\u2606TheLudicrousLuv|\ud83d\udc80\ud83d\udc80\ud83d\udc80\n|\n|t:|1781396260\n|move|p2a: Gliscor|Protect|p2a: Gliscor\n|-singleturn|p2a: Gliscor|Protect\n|move|p1a: Iron Bundle|Hydro Pump|p2a: Gliscor\n|-activate|p2a: Gliscor|move: Protect\n|\n|-heal|p2a: Gliscor|116/239 tox|[from] ability: Poison Heal\n|upkeep\n|turn|24\n|c|\u2606TheLudicrousLuv|Can i stop getting punished for playing right please\n|\n|t:|1781396271\n|move|p1a: Iron Bundle|Hydro Pump|p2a: Gliscor\n|-resisted|p2a: Gliscor\n|-damage|p2a: Gliscor|1/239 tox\n|move|p2a: Gliscor|Toxic|p1a: Iron Bundle\n|-status|p1a: Iron Bundle|tox\n|\n|-damage|p1a: Iron Bundle|202/215 tox|[from] psn\n|-heal|p2a: Gliscor|30/239 tox|[from] ability: Poison Heal\n|upkeep\n|turn|25\n|\n|t:|1781396290\n|-end|p1a: Iron Bundle|Quark Drive|[silent]\n|switch|p1a: Typhlosion|Typhlosion, L84, M|267/267\n|move|p2a: Gliscor|Protect||[still]\n|-fail|p2a: Gliscor\n|\n|-heal|p2a: Gliscor|59/239 tox|[from] ability: Poison Heal\n|upkeep\n|turn|26\n|\n|t:|1781396299\n|move|p2a: Gliscor|Protect|p2a: Gliscor\n|-singleturn|p2a: Gliscor|Protect\n|move|p1a: Typhlosion|Eruption|p2a: Gliscor\n|-activate|p2a: Gliscor|move: Protect\n|\n|-heal|p2a: Gliscor|88/239 tox|[from] ability: Poison Heal\n|upkeep\n|turn|27\n|\n|t:|1781396309\n|switch|p2a: Serperior|Serperior, L79, M|248/248\n|-damage|p2a: Serperior|217/248|[from] Stealth Rock\n|move|p1a: Typhlosion|Eruption|p2a: Serperior\n|-supereffective|p2a: Serperior\n|-damage|p2a: Serperior|0 fnt\n|faint|p2a: Serperior\n|\n|upkeep\n|\n|t:|1781396310\n|switch|p2a: Gliscor|Gliscor, L76, M, tera:Water|88/239 tox\n|-damage|p2a: Gliscor|59/239 tox|[from] Stealth Rock\n|turn|28\n|\n|t:|1781396319\n|move|p2a: Gliscor|Protect|p2a: Gliscor\n|-singleturn|p2a: Gliscor|Protect\n|move|p1a: Typhlosion|Eruption|p2a: Gliscor\n|-activate|p2a: Gliscor|move: Protect\n|\n|-heal|p2a: Gliscor|88/239 tox|[from] ability: Poison Heal\n|upkeep\n|turn|29\n|\n|t:|1781396326\n|move|p2a: Gliscor|Protect||[still]\n|-fail|p2a: Gliscor\n|move|p1a: Typhlosion|Eruption|p2a: Gliscor\n|-resisted|p2a: Gliscor\n|-damage|p2a: Gliscor|0 fnt\n|faint|p2a: Gliscor\n|\n|upkeep\n|c|\u2606TheLudicrousLuv|wrong move\n|c|\u2606TheLudicrousLuv|cant have any shit whatsoever anymore i guess\n|-message|TheLudicrousLuv forfeited.\n|\n|win|Duck Cop\n", "inputlog": ">version a8376a258c1d4662feba110a92103f3664a72141\n>start {\"formatid\":\"gen9randombattle\",\"seed\":\"sodium,e663396432eb81a5489e6a5103d2a107\",\"rated\":\"Rated battle\"}\n>player p1 {\"name\":\"Duck Cop\",\"avatar\":\"aetherfoundation\",\"rating\":1940,\"seed\":\"sodium,5862c1d0253e0e4edfdd0ef2da2fcb67\"}\n>player p2 {\"name\":\"TheLudicrousLuv\",\"avatar\":\"hilbert-wonderlauncher\",\"rating\":1983,\"seed\":\"sodium,10dbc71f42c9283357cd4a3b273b866b\"}\n>p1 move hurricane\n>p2 move knockoff\n>p1 move hurricane\n>p2 move uturn\n>p2 switch 6\n>p1 move hurricane\n>p2 move toxic\n>p1 switch 2\n>p2 move protect\n>p1 move flipturn\n>p2 move toxic\n>p1 switch 4\n>p1 move stealthrock\n>p2 move substitute\n>p1 switch 5\n>p2 move earthquake\n>p1 move shadowball\n>p2 move toxic\n>p1 move shadowball\n>p2 move protect\n>p1 move shadowball\n>p2 move substitute\n>p1 switch 4\n>p2 move toxic\n>p1 move flipturn\n>p2 move protect\n>p1 move flipturn\n>p2 move substitute terastallize\n>p1 switch 5\n>p1 move bodypress\n>p2 switch 4\n>p1 move bodypress\n>p2 move fireblast\n>p2 switch 4\n>p1 move bodypress\n>p2 move earthquake\n>p1 switch 6\n>p1 move freezedry terastallize\n>p2 switch 2\n>p1 switch 2\n>p2 move closecombat\n>p1 move dracometeor\n>p2 switch 6\n>p1 switch 2\n>p1 move flipturn\n>p2 move knockoff\n>p1 switch 4\n>p2 switch 2\n>p1 move shadowball\n>p2 move substitute\n>p1 switch 4\n>p2 move toxic\n>chat \u2606TheLudicrousLuv| \ud83d\udc80\ud83d\udc80\ud83d\udc80\n>p1 move hydropump\n>p2 move protect\n>chat \u2606TheLudicrousLuv|Can i stop getting punished for playing right please\n>p1 move hydropump\n>p2 move toxic\n>p1 switch 3\n>p2 move protect\n>p1 move eruption\n>p2 move protect\n>p1 move eruption\n>p2 switch 5\n>p2 switch 5\n>p1 move eruption\n>p2 move protect\n>p1 move eruption\n>p2 move protect\n>chat \u2606TheLudicrousLuv|wrong move\n>chat \u2606TheLudicrousLuv|cant have any shit whatsoever anymore i guess\n>forcelose p2", "uploadtime": 1781395912, "views": 4, "formatid": "gen9randombattle", "rating": null, "private": 0, "password": null}