{"id": "gen9randombattle-2631709805", "format": "[Gen 9] Random Battle", "players": ["bilabong", "Amadeus Kavladeus"], "log": "|j|\u2606bilabong\n|j|\u2606Amadeus Kavladeus\n|t:|1781426229\n|gametype|singles\n|player|p1|bilabong|265|2008\n|player|p2|Amadeus Kavladeus|1|2025\n|gen|9\n|tier|[Gen 9] Random Battle\n|rated|\n|rule|Species Clause: Limit one of each Pok\u00e9mon\n|rule|HP Percentage Mod: HP is shown in percentages\n|rule|Sleep Clause Mod: Limit one foe put to sleep\n|rule|Illusion Level Mod: Illusion disguises the Pok\u00e9mon's true level\n|\n|t:|1781426229\n|teamsize|p1|6\n|teamsize|p2|6\n|start\n|switch|p1a: Cacturne|Cacturne, L92, M|278/278\n|switch|p2a: Suicune|Suicune, L82|298/298\n|-ability|p2a: Suicune|Pressure\n|turn|1\n|\n|t:|1781426243\n|switch|p2a: Iron Treads|Iron Treads, L77|265/265\n|move|p1a: Cacturne|Knock Off|p2a: Iron Treads\n|-damage|p2a: Iron Treads|97/265\n|-enditem|p2a: Iron Treads|Leftovers|[from] move: Knock Off|[of] p1a: Cacturne\n|-damage|p1a: Cacturne|251/278|[from] item: Life Orb\n|\n|upkeep\n|turn|2\n|inactive|Battle timer is ON: inactive players will automatically lose when time's up. (requested by Amadeus Kavladeus)\n|\n|t:|1781426256\n|move|p1a: Cacturne|Sucker Punch|p2a: Iron Treads\n|-damage|p2a: Iron Treads|0 fnt\n|faint|p2a: Iron Treads\n|-end|p2a: Iron Treads|Quark Drive|[silent]\n|-damage|p1a: Cacturne|224/278|[from] item: Life Orb\n|\n|upkeep\n|\n|t:|1781426263\n|switch|p2a: Medicham|Medicham, L86, M|243/243\n|turn|3\n|\n|t:|1781426270\n|switch|p1a: Latias|Latias, L79, F|256/256\n|move|p2a: Medicham|Close Combat|p1a: Latias\n|-resisted|p1a: Latias\n|-crit|p1a: Latias\n|-damage|p1a: Latias|116/256\n|-unboost|p2a: Medicham|def|1\n|-unboost|p2a: Medicham|spd|1\n|\n|upkeep\n|turn|4\n|\n|t:|1781426285\n|switch|p2a: Gliscor|Gliscor, L76, F|239/239\n|move|p1a: Latias|Recover|p1a: Latias\n|-heal|p1a: Latias|244/256\n|\n|-status|p2a: Gliscor|tox|[from] item: Toxic Orb\n|upkeep\n|turn|5\n|\n|t:|1781426300\n|switch|p1a: Qwilfish|Qwilfish, L86, M|252/252\n|-ability|p1a: Qwilfish|Intimidate|boost\n|-unboost|p2a: Gliscor|atk|1\n|move|p2a: Gliscor|Knock Off|p1a: Qwilfish\n|-damage|p1a: Qwilfish|212/252\n|-enditem|p1a: Qwilfish|Heavy-Duty Boots|[from] move: Knock Off|[of] p2a: Gliscor\n|\n|upkeep\n|turn|6\n|\n|t:|1781426311\n|move|p1a: Qwilfish|Flip Turn|p2a: Gliscor\n|-supereffective|p2a: Gliscor\n|-damage|p2a: Gliscor|129/239 tox\n|\n|t:|1781426321\n|switch|p1a: Latias|Latias, L79, F|244/256|[from] Flip Turn\n|move|p2a: Gliscor|Earthquake|p1a: Latias\n|-immune|p1a: Latias|[from] ability: Levitate\n|\n|-heal|p2a: Gliscor|158/239 tox|[from] ability: Poison Heal\n|upkeep\n|turn|7\n|\n|t:|1781426333\n|switch|p2a: Slowbro|Slowbro, L85, F|300/300\n|move|p1a: Latias|Calm Mind|p1a: Latias\n|-boost|p1a: Latias|spa|1\n|-boost|p1a: Latias|spd|1\n|\n|upkeep\n|turn|8\n|\n|t:|1781426338\n|move|p1a: Latias|Draco Meteor|p2a: Slowbro\n|-damage|p2a: Slowbro|120/300\n|-unboost|p1a: Latias|spa|2\n|move|p2a: Slowbro|Ice Beam|p1a: Latias\n|-supereffective|p1a: Latias\n|-damage|p1a: Latias|178/256\n|\n|upkeep\n|turn|9\n|\n|t:|1781426347\n|switch|p2a: Gliscor|Gliscor, L76, F|158/239 tox\n|move|p1a: Latias|Calm Mind|p1a: Latias\n|-boost|p1a: Latias|spa|1\n|-boost|p1a: Latias|spd|1\n|\n|-heal|p2a: Gliscor|187/239 tox|[from] ability: Poison Heal\n|upkeep\n|turn|10\n|\n|t:|1781426360\n|switch|p1a: Qwilfish|Qwilfish, L86, M|212/252\n|-ability|p1a: Qwilfish|Intimidate|boost\n|-unboost|p2a: Gliscor|atk|1\n|move|p2a: Gliscor|Knock Off|p1a: Qwilfish\n|-damage|p1a: Qwilfish|186/252\n|\n|-heal|p2a: Gliscor|216/239 tox|[from] ability: Poison Heal\n|upkeep\n|turn|11\n|\n|t:|1781426387\n|switch|p2a: Regieleki|Regieleki, L79|256/256\n|move|p1a: Qwilfish|Flip Turn|p2a: Regieleki\n|-crit|p2a: Regieleki\n|-damage|p2a: Regieleki|114/256\n|inactive|bilabong has 120 seconds left.\n|\n|t:|1781426422\n|switch|p1a: Crawdaunt|Crawdaunt, L84, M|243/243|[from] Flip Turn\n|\n|upkeep\n|turn|12\n|\n|t:|1781426431\n|move|p1a: Crawdaunt|Aqua Jet|p2a: Regieleki\n|-damage|p2a: Regieleki|0 fnt\n|faint|p2a: Regieleki\n|-damage|p1a: Crawdaunt|219/243|[from] item: Life Orb\n|\n|upkeep\n|\n|t:|1781426436\n|switch|p2a: Medicham|Medicham, L86, M|243/243\n|turn|13\n|inactive|bilabong has 120 seconds left.\n|\n|t:|1781426445\n|switch|p1a: Qwilfish|Qwilfish, L86, M|186/252\n|-ability|p1a: Qwilfish|Intimidate|boost\n|-unboost|p2a: Medicham|atk|1\n|move|p2a: Medicham|Close Combat|p1a: Qwilfish\n|-resisted|p1a: Qwilfish\n|-damage|p1a: Qwilfish|120/252\n|-unboost|p2a: Medicham|def|1\n|-unboost|p2a: Medicham|spd|1\n|\n|upkeep\n|turn|14\n|inactive|bilabong has 120 seconds left.\n|\n|t:|1781426460\n|switch|p2a: Suicune|Suicune, L82|298/298\n|-ability|p2a: Suicune|Pressure\n|move|p1a: Qwilfish|Pain Split|p2a: Suicune\n|-sethp|p2a: Suicune|209/298|[from] move: Pain Split|[silent]\n|-sethp|p1a: Qwilfish|209/252|[from] move: Pain Split\n|\n|-heal|p2a: Suicune|227/298|[from] item: Leftovers\n|upkeep\n|turn|15\n|j| Poi890\n|inactive|bilabong has 120 seconds left.\n|\n|t:|1781426480\n|move|p1a: Qwilfish|Flip Turn|p2a: Suicune\n|-resisted|p2a: Suicune\n|-damage|p2a: Suicune|201/298\n|inactive|bilabong has 120 seconds left.\n|\n|t:|1781426487\n|switch|p1a: Cacturne|Cacturne, L92, M|224/278|[from] Flip Turn\n|move|p2a: Suicune|Calm Mind|p2a: Suicune\n|-boost|p2a: Suicune|spa|1\n|-boost|p2a: Suicune|spd|1\n|\n|-heal|p2a: Suicune|219/298|[from] item: Leftovers\n|upkeep\n|turn|16\n|\n|t:|1781426496\n|switch|p2a: Gliscor|Gliscor, L76, F|216/239 tox\n|move|p1a: Cacturne|Knock Off|p2a: Gliscor\n|-damage|p2a: Gliscor|70/239 tox\n|-enditem|p2a: Gliscor|Toxic Orb|[from] move: Knock Off|[of] p1a: Cacturne\n|-damage|p1a: Cacturne|197/278|[from] item: Life Orb\n|\n|-heal|p2a: Gliscor|99/239 tox|[from] ability: Poison Heal\n|upkeep\n|turn|17\n|\n|t:|1781426502\n|move|p2a: Gliscor|Toxic|p1a: Cacturne\n|-status|p1a: Cacturne|tox\n|move|p1a: Cacturne|Seed Bomb|p2a: Gliscor\n|-damage|p2a: Gliscor|0 fnt\n|faint|p2a: Gliscor\n|-damage|p1a: Cacturne|170/278 tox|[from] item: Life Orb\n|\n|-damage|p1a: Cacturne|153/278 tox|[from] psn\n|upkeep\n|\n|t:|1781426505\n|switch|p2a: Medicham|Medicham, L86, M|243/243\n|turn|18\n|\n|t:|1781426510\n|switch|p1a: Latias|Latias, L79, F|178/256\n|-terastallize|p2a: Medicham|Fighting\n|move|p2a: Medicham|Close Combat|p1a: Latias\n|-resisted|p1a: Latias\n|-damage|p1a: Latias|37/256\n|-unboost|p2a: Medicham|def|1\n|-unboost|p2a: Medicham|spd|1\n|\n|upkeep\n|turn|19\n|\n|t:|1781426526\n|move|p2a: Medicham|Close Combat|p1a: Latias\n|-resisted|p1a: Latias\n|-damage|p1a: Latias|0 fnt\n|-unboost|p2a: Medicham|def|1\n|-unboost|p2a: Medicham|spd|1\n|faint|p1a: Latias\n|\n|upkeep\n|\n|t:|1781426532\n|switch|p1a: Qwilfish|Qwilfish, L86, M|209/252\n|-ability|p1a: Qwilfish|Intimidate|boost\n|-unboost|p2a: Medicham|atk|1\n|turn|20\n|\n|t:|1781426548\n|switch|p2a: Slowbro|Slowbro, L85, F|220/300\n|move|p1a: Qwilfish|Gunk Shot|p2a: Slowbro\n|-damage|p2a: Slowbro|115/300\n|\n|upkeep\n|turn|21\n|\n|t:|1781426552\n|move|p1a: Qwilfish|Gunk Shot|p2a: Slowbro\n|-damage|p2a: Slowbro|4/300\n|-status|p2a: Slowbro|psn\n|move|p2a: Slowbro|Scald|p1a: Qwilfish\n|-resisted|p1a: Qwilfish\n|-damage|p1a: Qwilfish|146/252\n|-status|p1a: Qwilfish|brn\n|\n|-damage|p2a: Slowbro|0 fnt|[from] psn\n|faint|p2a: Slowbro\n|-damage|p1a: Qwilfish|131/252 brn|[from] brn\n|upkeep\n|\n|t:|1781426559\n|switch|p2a: Medicham|Medicham, L86, M, tera:Fighting|243/243\n|turn|22\n|\n|t:|1781426567\n|switch|p1a: Bastiodon|Bastiodon, L89, F|252/252\n|move|p2a: Medicham|Close Combat|p1a: Bastiodon\n|-supereffective|p1a: Bastiodon\n|-damage|p1a: Bastiodon|0 fnt\n|-unboost|p2a: Medicham|def|1\n|-unboost|p2a: Medicham|spd|1\n|faint|p1a: Bastiodon\n|\n|upkeep\n|\n|t:|1781426574\n|switch|p1a: Qwilfish|Qwilfish, L86, M|131/252 brn\n|-ability|p1a: Qwilfish|Intimidate|boost\n|-unboost|p2a: Medicham|atk|1\n|turn|23\n|\n|t:|1781426582\n|move|p2a: Medicham|Close Combat|p1a: Qwilfish\n|-resisted|p1a: Qwilfish\n|-damage|p1a: Qwilfish|41/252 brn\n|-unboost|p2a: Medicham|def|1\n|-unboost|p2a: Medicham|spd|1\n|move|p1a: Qwilfish|Pain Split|p2a: Medicham\n|-sethp|p2a: Medicham|142/243|[from] move: Pain Split|[silent]\n|-sethp|p1a: Qwilfish|142/252 brn|[from] move: Pain Split\n|\n|-damage|p1a: Qwilfish|127/252 brn|[from] brn\n|upkeep\n|turn|24\n|\n|t:|1781426597\n|move|p2a: Medicham|Close Combat|p1a: Qwilfish\n|-resisted|p1a: Qwilfish\n|-damage|p1a: Qwilfish|42/252 brn\n|-unboost|p2a: Medicham|def|1\n|-unboost|p2a: Medicham|spd|1\n|move|p1a: Qwilfish|Thunder Wave|p2a: Medicham|[miss]\n|-miss|p1a: Qwilfish|p2a: Medicham\n|\n|-damage|p1a: Qwilfish|27/252 brn|[from] brn\n|upkeep\n|turn|25\n|\n|t:|1781426604\n|move|p2a: Medicham|Close Combat|p1a: Qwilfish\n|-resisted|p1a: Qwilfish\n|-damage|p1a: Qwilfish|0 fnt\n|-unboost|p2a: Medicham|def|1\n|-unboost|p2a: Medicham|spd|1\n|faint|p1a: Qwilfish\n|\n|upkeep\n|\n|t:|1781426614\n|switch|p1a: Cacturne|Cacturne, L92, M|153/278 tox\n|turn|26\n|\n|t:|1781426622\n|switch|p2a: Suicune|Suicune, L82|219/298\n|-ability|p2a: Suicune|Pressure\n|move|p1a: Cacturne|Seed Bomb|p2a: Suicune\n|-supereffective|p2a: Suicune\n|-damage|p2a: Suicune|0 fnt\n|faint|p2a: Suicune\n|-damage|p1a: Cacturne|126/278 tox|[from] item: Life Orb\n|\n|-damage|p1a: Cacturne|109/278 tox|[from] psn\n|upkeep\n|\n|t:|1781426648\n|switch|p2a: Medicham|Medicham, L86, M, tera:Fighting|142/243\n|turn|27\n|\n|t:|1781426653\n|move|p1a: Cacturne|Sucker Punch|p2a: Medicham\n|-resisted|p2a: Medicham\n|-damage|p2a: Medicham|71/243\n|-damage|p1a: Cacturne|82/278 tox|[from] item: Life Orb\n|move|p2a: Medicham|Poison Jab|p1a: Cacturne\n|-supereffective|p1a: Cacturne\n|-damage|p1a: Cacturne|0 fnt\n|faint|p1a: Cacturne\n|\n|upkeep\n|\n|t:|1781426661\n|switch|p1a: Crawdaunt|Crawdaunt, L84, M|219/243\n|turn|28\n|\n|t:|1781426675\n|-terastallize|p1a: Crawdaunt|Water\n|move|p1a: Crawdaunt|Aqua Jet|p2a: Medicham\n|-damage|p2a: Medicham|0 fnt\n|faint|p2a: Medicham\n|-damage|p1a: Crawdaunt|195/243|[from] item: Life Orb\n|\n|win|bilabong\n", "inputlog": ">version a8376a258c1d4662feba110a92103f3664a72141\n>start {\"formatid\":\"gen9randombattle\",\"seed\":\"sodium,ea9fe33484be31152b12867acd076c95\",\"rated\":\"Rated battle\"}\n>player p1 {\"name\":\"bilabong\",\"avatar\":\"265\",\"rating\":2008,\"seed\":\"sodium,c63c1006dab5649c33b9817dd0174f25\"}\n>player p2 {\"name\":\"Amadeus Kavladeus\",\"avatar\":\"1\",\"rating\":2025,\"seed\":\"sodium,ea1ee0239dc9a38cce6ab24c54fef97d\"}\n>p1 move knockoff\n>p2 switch 6\n>p1 move suckerpunch\n>p2 move ironhead\n>p2 switch 3\n>p1 switch 5\n>p2 move closecombat\n>p1 move recover\n>p2 switch 5\n>p1 switch 6\n>p2 move knockoff\n>p1 move flipturn\n>p2 move earthquake\n>p1 switch 6\n>p1 move calmmind\n>p2 switch 4\n>p1 move dracometeor\n>p2 move icebeam\n>p1 move calmmind\n>p2 switch 4\n>p1 switch 6\n>p2 move knockoff\n>p1 move flipturn\n>p2 switch 2\n>p1 switch 4\n>p1 move aquajet\n>p2 move voltswitch\n>p2 switch 5\n>p1 switch 4\n>p2 move closecombat\n>p1 move painsplit\n>p2 switch 6\n>p1 move flipturn\n>p2 move calmmind\n>p1 switch 5\n>p1 move knockoff\n>p2 switch 2\n>p1 move seedbomb\n>p2 move toxic\n>p2 switch 6\n>p1 switch 6\n>p2 move closecombat terastallize\n>p1 move dracometeor\n>p2 move closecombat\n>p1 switch 5\n>p1 move gunkshot\n>p2 switch 4\n>p1 move gunkshot\n>p2 move scald\n>p2 switch 4\n>p1 switch 3\n>p2 move closecombat\n>p1 switch 3\n>p1 move painsplit\n>p2 move closecombat\n>p1 move thunderwave\n>p2 move closecombat\n>p1 move flipturn\n>p2 move closecombat\n>p1 switch 6\n>p1 move seedbomb\n>p2 switch 2\n>p2 switch 2\n>p1 move suckerpunch\n>p2 move poisonjab\n>p1 switch 4\n>p1 move aquajet terastallize\n>p2 move poisonjab", "uploadtime": 1781426232, "views": 4, "formatid": "gen9randombattle", "rating": null, "private": 0, "password": null}