{"id": "gen9randombattle-2631602050", "format": "[Gen 9] Random Battle", "players": ["TimsIceCap", "Smalls32"], "log": "|j|\u2606TimsIceCap\n|j|\u2606Smalls32\n|html|<table width=\"100%\"><tr><td align=\"left\">TimsIceCap</td><td align=\"right\">Smalls32</tr><tr><td align=\"left\"><i class=\"fa fa-circle\"></i> <i class=\"fa fa-circle\"></i> <i class=\"fa fa-circle-o\"></i> <i class=\"fa fa-circle-o\"></i> </td><td align=\"right\"><i class=\"fa fa-circle-o\"></i> <i class=\"fa fa-circle-o\"></i> <i class=\"fa fa-circle-o\"></i> <i class=\"fa fa-circle-o\"></i> </tr></table>\n|uhtml|bestof|<h2><strong>Game 3</strong> of <a href=\"/game-bestof7-gen9randombattle-2631591600\">a best-of-7</a></h2>\n|t:|1781407204\n|gametype|singles\n|player|p1|TimsIceCap|az|\n|player|p2|Smalls32|hoopster|\n|gen|9\n|tier|[Gen 9] Random Battle\n|rule|Species Clause: Limit one of each Pok\u00e9mon\n|rule|HP Percentage Mod: HP is shown in percentages\n|rule|Sleep Clause Mod: Limit one foe put to sleep\n|rule|Illusion Level Mod: Illusion disguises the Pok\u00e9mon's true level\n|raw|<div class=\"infobox\"><details class=\"readmore\" open><summary><strong>1 custom rule:</strong></summary> Best of = 7</details></div>\n|\n|t:|1781407204\n|teamsize|p1|6\n|teamsize|p2|6\n|start\n|switch|p1a: Skuntank|Skuntank, L84, M|310/310\n|switch|p2a: Espeon|Espeon, L84, F|246/246\n|turn|1\n|inactive|Battle timer is ON: inactive players will automatically lose when time's up. (requested by TimsIceCap)\n|inactive|Smalls32 has 270 seconds left.\n|\n|t:|1781407247\n|switch|p2a: Garchomp|Garchomp, L74, M|282/282\n|move|p1a: Skuntank|Knock Off|p2a: Garchomp\n|-damage|p2a: Garchomp|149/282\n|-damage|p1a: Skuntank|272/310|[from] ability: Rough Skin|[of] p2a: Garchomp\n|-enditem|p2a: Garchomp|Loaded Dice|[from] move: Knock Off|[of] p1a: Skuntank\n|-damage|p1a: Skuntank|241/310|[from] item: Life Orb\n|\n|upkeep\n|turn|2\n|\n|t:|1781407264\n|switch|p1a: Articuno|Articuno, L86|295/295\n|-ability|p1a: Articuno|Pressure\n|move|p2a: Garchomp|Earthquake|p1a: Articuno\n|-immune|p1a: Articuno\n|\n|upkeep\n|turn|3\n|inactive|Smalls32 has 270 seconds left.\n|inactive|Smalls32 has 240 seconds left.\n|inactiveoff|Battle timer is now OFF.\n|inactive|Battle timer is ON: inactive players will automatically lose when time's up. (requested by TimsIceCap)\n|\n|t:|1781408108\n|switch|p2a: Umbreon|Umbreon, L84, M|297/297\n|move|p1a: Articuno|Freeze-Dry|p2a: Umbreon\n|-damage|p2a: Umbreon|245/297\n|\n|-heal|p2a: Umbreon|263/297|[from] item: Leftovers\n|upkeep\n|turn|4\n|\n|t:|1781408135\n|switch|p1a: Venusaur|Venusaur, L84, M|272/272\n|move|p2a: Umbreon|Toxic|p1a: Venusaur\n|-immune|p1a: Venusaur\n|\n|-heal|p2a: Umbreon|281/297|[from] item: Leftovers\n|upkeep\n|turn|5\n|inactive|Smalls32 has 210 seconds left.\n|\n|t:|1781408151\n|switch|p2a: Braviary|Braviary, L85, M|309/309\n|move|p1a: Venusaur|Knock Off|p2a: Braviary\n|-damage|p2a: Braviary|247/309\n|-enditem|p2a: Braviary|Heavy-Duty Boots|[from] move: Knock Off|[of] p1a: Venusaur\n|\n|upkeep\n|turn|6\n|inactive|Smalls32 has 210 seconds left.\n|inactive|TimsIceCap has 270 seconds left.\n|\n|t:|1781408175\n|switch|p1a: Articuno|Articuno, L86|295/295\n|-ability|p1a: Articuno|Pressure\n|move|p2a: Braviary|Brave Bird|p1a: Articuno\n|-damage|p1a: Articuno|148/295\n|-damage|p2a: Braviary|198/309|[from] Recoil\n|\n|upkeep\n|turn|7\n|inactive|TimsIceCap has 270 seconds left.\n|inactive|Smalls32 has 210 seconds left.\n|\n|t:|1781408186\n|move|p1a: Articuno|Roost|p1a: Articuno\n|-heal|p1a: Articuno|295/295\n|-singleturn|p1a: Articuno|move: Roost\n|move|p2a: Braviary|Brave Bird|p1a: Articuno\n|-damage|p1a: Articuno|142/295\n|-damage|p2a: Braviary|148/309|[from] Recoil\n|\n|upkeep\n|turn|8\n|inactive|Smalls32 has 210 seconds left.\n|\n|t:|1781408204\n|switch|p2a: Umbreon|Umbreon, L84, M|281/297\n|move|p1a: Articuno|Roost|p1a: Articuno\n|-heal|p1a: Articuno|290/295\n|-singleturn|p1a: Articuno|move: Roost\n|\n|-heal|p2a: Umbreon|297/297|[from] item: Leftovers\n|upkeep\n|turn|9\n|\n|t:|1781408209\n|switch|p1a: Venusaur|Venusaur, L84, M|272/272\n|move|p2a: Umbreon|Wish|p2a: Umbreon\n|\n|upkeep\n|turn|10\n|inactive|Smalls32 has 210 seconds left.\n|\n|t:|1781408226\n|switch|p2a: Garchomp|Garchomp, L74, M|149/282\n|move|p1a: Venusaur|Sludge Bomb|p2a: Garchomp\n|-resisted|p2a: Garchomp\n|-damage|p2a: Garchomp|95/282\n|\n|-heal|p2a: Garchomp|243/282|[from] move: Wish|[wisher] Umbreon\n|upkeep\n|turn|11\n|inactive|Smalls32 has 210 seconds left.\n|inactive|TimsIceCap has 270 seconds left.\n|\n|t:|1781408266\n|switch|p2a: Umbreon|Umbreon, L84, M|297/297\n|switch|p1a: Articuno|Articuno, L86|290/295\n|-ability|p1a: Articuno|Pressure\n|\n|upkeep\n|turn|12\n|\n|t:|1781408272\n|switch|p1a: Venusaur|Venusaur, L84, M|272/272\n|move|p2a: Umbreon|Wish|p2a: Umbreon\n|\n|upkeep\n|turn|13\n|\n|t:|1781408286\n|switch|p2a: Okidogi|Okidogi, L77, M|262/262\n|move|p1a: Venusaur|Sludge Bomb|p2a: Okidogi\n|-resisted|p2a: Okidogi\n|-damage|p2a: Okidogi|205/262\n|\n|-heal|p2a: Okidogi|262/262|[from] move: Wish|[wisher] Umbreon\n|upkeep\n|turn|14\n|\n|t:|1781408295\n|switch|p1a: Articuno|Articuno, L86|290/295\n|-ability|p1a: Articuno|Pressure\n|move|p2a: Okidogi|Bulk Up|p2a: Okidogi\n|-boost|p2a: Okidogi|atk|1\n|-boost|p2a: Okidogi|def|1\n|\n|upkeep\n|turn|15\n|\n|t:|1781408313\n|move|p1a: Articuno|Haze|p1a: Articuno\n|-clearallboost\n|move|p2a: Okidogi|Drain Punch|p1a: Articuno\n|-crit|p1a: Articuno\n|-damage|p1a: Articuno|187/295\n|\n|upkeep\n|turn|16\n|\n|t:|1781408318\n|move|p1a: Articuno|Brave Bird|p2a: Okidogi\n|-supereffective|p2a: Okidogi\n|-damage|p2a: Okidogi|56/262\n|-damage|p1a: Articuno|119/295|[from] Recoil\n|move|p2a: Okidogi|Gunk Shot|p1a: Articuno|[miss]\n|-miss|p2a: Okidogi|p1a: Articuno\n|\n|-heal|p2a: Okidogi|72/262|[from] item: Leftovers\n|upkeep\n|turn|17\n|\n|t:|1781408325\n|switch|p2a: Umbreon|Umbreon, L84, M|297/297\n|move|p1a: Articuno|Freeze-Dry|p2a: Umbreon\n|-damage|p2a: Umbreon|240/297\n|\n|-heal|p2a: Umbreon|258/297|[from] item: Leftovers\n|upkeep\n|turn|18\n|\n|t:|1781408329\n|switch|p1a: Venusaur|Venusaur, L84, M|272/272\n|move|p2a: Umbreon|Wish|p2a: Umbreon\n|\n|-heal|p2a: Umbreon|276/297|[from] item: Leftovers\n|upkeep\n|turn|19\n|\n|t:|1781408342\n|switch|p1a: Articuno|Articuno, L86|119/295\n|-ability|p1a: Articuno|Pressure\n|switch|p2a: Okidogi|Okidogi, L77, M|72/262\n|\n|-heal|p2a: Okidogi|220/262|[from] move: Wish|[wisher] Umbreon\n|-heal|p2a: Okidogi|236/262|[from] item: Leftovers\n|upkeep\n|turn|20\n|\n|t:|1781408346\n|move|p1a: Articuno|Roost|p1a: Articuno\n|-heal|p1a: Articuno|267/295\n|-singleturn|p1a: Articuno|move: Roost\n|move|p2a: Okidogi|Gunk Shot|p1a: Articuno\n|-damage|p1a: Articuno|144/295\n|-status|p1a: Articuno|psn\n|\n|-heal|p2a: Okidogi|252/262|[from] item: Leftovers\n|-damage|p1a: Articuno|108/295 psn|[from] psn\n|upkeep\n|turn|21\n|\n|t:|1781408352\n|move|p1a: Articuno|Brave Bird|p2a: Okidogi\n|-supereffective|p2a: Okidogi\n|-damage|p2a: Okidogi|46/262\n|-damage|p1a: Articuno|40/295 psn|[from] Recoil\n|move|p2a: Okidogi|Gunk Shot|p1a: Articuno|[miss]\n|-miss|p2a: Okidogi|p1a: Articuno\n|\n|-heal|p2a: Okidogi|62/262|[from] item: Leftovers\n|-damage|p1a: Articuno|4/295 psn|[from] psn\n|upkeep\n|turn|22\n|\n|t:|1781408362\n|move|p1a: Articuno|Freeze-Dry|p2a: Okidogi\n|-damage|p2a: Okidogi|0 fnt\n|faint|p2a: Okidogi\n|\n|-damage|p1a: Articuno|0 fnt|[from] psn\n|faint|p1a: Articuno\n|upkeep\n|\n|t:|1781408380\n|switch|p1a: Skuntank|Skuntank, L84, M|241/310\n|switch|p2a: Braviary|Braviary, L85, M|148/309\n|turn|23\n|\n|t:|1781408399\n|switch|p2a: Garchomp|Garchomp, L74, M|243/282\n|move|p1a: Skuntank|Gunk Shot|p2a: Garchomp|[miss]\n|-miss|p1a: Skuntank|p2a: Garchomp\n|\n|upkeep\n|turn|24\n|inactive|Smalls32 has 210 seconds left.\n|\n|t:|1781408423\n|move|p2a: Garchomp|Swords Dance|p2a: Garchomp\n|-boost|p2a: Garchomp|atk|2\n|move|p1a: Skuntank|Taunt|p2a: Garchomp\n|-start|p2a: Garchomp|move: Taunt\n|\n|upkeep\n|turn|25\n|inactive|Smalls32 has 210 seconds left.\n|\n|t:|1781408429\n|move|p1a: Skuntank|Sucker Punch|p2a: Garchomp\n|-damage|p2a: Garchomp|142/282\n|-damage|p1a: Skuntank|203/310|[from] ability: Rough Skin|[of] p2a: Garchomp\n|-damage|p1a: Skuntank|172/310|[from] item: Life Orb\n|move|p2a: Garchomp|Earthquake|p1a: Skuntank\n|-supereffective|p1a: Skuntank\n|-damage|p1a: Skuntank|0 fnt\n|faint|p1a: Skuntank\n|\n|upkeep\n|\n|t:|1781408439\n|switch|p1a: Venusaur|Venusaur, L84, M|272/272\n|turn|26\n|\n|t:|1781408448\n|move|p2a: Garchomp|Earthquake|p1a: Venusaur\n|-crit|p1a: Venusaur\n|-damage|p1a: Venusaur|0 fnt\n|faint|p1a: Venusaur\n|\n|upkeep\n|\n|t:|1781408465\n|switch|p1a: Brute Bonnet|Brute Bonnet, L80|309/309\n|turn|27\n|\n|t:|1781408473\n|move|p2a: Garchomp|Fire Fang|p1a: Brute Bonnet\n|-supereffective|p1a: Brute Bonnet\n|-damage|p1a: Brute Bonnet|135/309\n|move|p1a: Brute Bonnet|Spore|p2a: Garchomp\n|-status|p2a: Garchomp|slp|[from] move: Spore\n|\n|-heal|p1a: Brute Bonnet|154/309|[from] item: Leftovers\n|-end|p2a: Garchomp|move: Taunt\n|upkeep\n|turn|28\n|\n|t:|1781408482\n|cant|p2a: Garchomp|slp\n|move|p1a: Brute Bonnet|Seed Bomb|p2a: Garchomp\n|-damage|p2a: Garchomp|48/282 slp\n|\n|-heal|p1a: Brute Bonnet|173/309|[from] item: Leftovers\n|upkeep\n|turn|29\n|\n|t:|1781408487\n|cant|p2a: Garchomp|slp\n|move|p1a: Brute Bonnet|Crunch|p2a: Garchomp\n|-damage|p2a: Garchomp|0 fnt\n|-damage|p1a: Brute Bonnet|135/309|[from] ability: Rough Skin|[of] p2a: Garchomp\n|faint|p2a: Garchomp\n|\n|-heal|p1a: Brute Bonnet|154/309|[from] item: Leftovers\n|upkeep\n|inactive|Smalls32 has 240 seconds left.\n|\n|t:|1781408499\n|switch|p2a: Braviary|Braviary, L85, M|148/309\n|turn|30\n|\n|t:|1781408508\n|move|p2a: Braviary|Brave Bird|p1a: Brute Bonnet\n|-supereffective|p1a: Brute Bonnet\n|-damage|p1a: Brute Bonnet|0 fnt\n|faint|p1a: Brute Bonnet\n|-end|p1a: Brute Bonnet|Protosynthesis|[silent]\n|-damage|p2a: Braviary|97/309|[from] Recoil\n|\n|upkeep\n|\n|t:|1781408513\n|switch|p1a: Iron Hands|Iron Hands, L79|373/373\n|turn|31\n|inactive|Smalls32 has 240 seconds left.\n|\n|t:|1781408536\n|move|p2a: Braviary|Roost|p2a: Braviary\n|-heal|p2a: Braviary|252/309\n|-singleturn|p2a: Braviary|move: Roost\n|move|p1a: Iron Hands|Drain Punch|p2a: Braviary\n|-supereffective|p2a: Braviary\n|-damage|p2a: Braviary|30/309\n|\n|upkeep\n|turn|32\n|\n|t:|1781408549\n|move|p2a: Braviary|Brave Bird|p1a: Iron Hands\n|-damage|p1a: Iron Hands|223/373\n|-damage|p2a: Braviary|0 fnt|[from] Recoil\n|faint|p2a: Braviary\n|move|p1a: Iron Hands|Drain Punch|p2: Braviary|[notarget]\n|-fail|p1a: Iron Hands\n|\n|upkeep\n|inactive|Smalls32 has 240 seconds left.\n|\n|t:|1781408561\n|switch|p2a: Houndstone|Houndstone, L86, M|264/264\n|turn|33\n|inactive|Smalls32 has 240 seconds left.\n|\n|t:|1781408572\n|move|p2a: Houndstone|Play Rough|p1a: Iron Hands\n|-supereffective|p1a: Iron Hands\n|-damage|p1a: Iron Hands|89/373\n|move|p1a: Iron Hands|Volt Switch|p2a: Houndstone\n|-damage|p2a: Houndstone|237/264\n|\n|t:|1781408577\n|-end|p1a: Iron Hands|Quark Drive|[silent]\n|switch|p1a: Banette|Banette, L93, F|270/270|[from] Volt Switch\n|\n|upkeep\n|turn|34\n|\n|t:|1781408585\n|switch|p2a: Umbreon|Umbreon, L84, M|276/297\n|-terastallize|p1a: Banette|Poison\n|move|p1a: Banette|Swords Dance|p1a: Banette\n|-boost|p1a: Banette|atk|2\n|\n|-heal|p2a: Umbreon|294/297|[from] item: Leftovers\n|upkeep\n|turn|35\n|inactive|Smalls32 has 240 seconds left.\n|\n|t:|1781408612\n|move|p2a: Umbreon|Protect|p2a: Umbreon\n|-singleturn|p2a: Umbreon|Protect\n|move|p1a: Banette|Gunk Shot|p2a: Umbreon\n|-activate|p2a: Umbreon|move: Protect\n|\n|-heal|p2a: Umbreon|297/297|[from] item: Leftovers\n|upkeep\n|turn|36\n|inactive|Smalls32 has 240 seconds left.\n|\n|t:|1781408640\n|move|p1a: Banette|Gunk Shot|p2a: Umbreon|[miss]\n|-miss|p1a: Banette|p2a: Umbreon\n|move|p2a: Umbreon|Foul Play|p1a: Banette\n|-damage|p1a: Banette|0 fnt\n|faint|p1a: Banette\n|\n|upkeep\n|\n|t:|1781408643\n|switch|p1a: Iron Hands|Iron Hands, L79|89/373\n|turn|37\n|\n|t:|1781408649\n|switch|p2a: Houndstone|Houndstone, L86, M|237/264\n|move|p1a: Iron Hands|Drain Punch|p2a: Houndstone\n|-immune|p2a: Houndstone\n|\n|upkeep\n|turn|38\n|\n|t:|1781408653\n|move|p2a: Houndstone|Play Rough|p1a: Iron Hands\n|-supereffective|p1a: Iron Hands\n|-damage|p1a: Iron Hands|0 fnt\n|faint|p1a: Iron Hands\n|-end|p1a: Iron Hands|Quark Drive|[silent]\n|\n|win|Smalls32\n||TimsIceCap is ready for game 4.\n|inactive|Smalls32 has 30 seconds to confirm battle start!\n|inactive|Smalls32 has 20 seconds to confirm battle start!\n|inactive|Smalls32 has 10 seconds to confirm battle start!\n|uhtml|next|Next: <a href=\"/battle-gen9randombattle-2631611757\"><strong>Game 4 of 7</strong></a>\n", "inputlog": ">version a8376a258c1d4662feba110a92103f3664a72141\n>start {\"formatid\":\"gen9randombattle@@@Best of = 7\",\"seed\":\"sodium,54c76cc7479d7f27e72044d9d2a21d70\"}\n>player p1 {\"name\":\"TimsIceCap\",\"avatar\":\"az\",\"rating\":0,\"seed\":\"sodium,bfd6363788d8a488256911393cb1866f\"}\n>player p2 {\"name\":\"Smalls32\",\"avatar\":\"hoopster\",\"rating\":0,\"seed\":\"sodium,ed42bc9841dadded91d1162b1706cbdf\"}\n>p1 move knockoff\n>p2 switch 2\n>p1 switch 2\n>p2 move earthquake\n>p1 move freezedry\n>p2 switch 4\n>p1 switch 5\n>p2 move toxic\n>p1 move knockoff\n>p2 switch 6\n>p1 switch 5\n>p2 move bravebird\n>p1 move roost\n>p2 move bravebird\n>p1 move roost\n>p2 switch 6\n>p1 switch 5\n>p2 move wish\n>p1 move sludgebomb\n>p2 switch 4\n>p1 switch 5\n>p2 switch 4\n>p1 switch 5\n>p2 move wish\n>p1 move sludgebomb\n>p2 switch 5\n>p1 switch 5\n>p2 move bulkup\n>p1 move haze\n>p2 move drainpunch\n>p1 move bravebird\n>p2 move gunkshot\n>p1 move freezedry\n>p2 switch 5\n>p1 switch 5\n>p2 move wish\n>p1 switch 5\n>p2 switch 5\n>p1 move roost\n>p2 move gunkshot\n>p1 move bravebird\n>p2 move gunkshot\n>p1 move freezedry\n>p2 move drainpunch\n>p1 switch 2\n>p2 switch 6\n>p1 move gunkshot\n>p2 switch 4\n>p1 move taunt\n>p2 move swordsdance\n>p1 move suckerpunch\n>p2 move earthquake\n>p1 switch 5\n>p1 move energyball\n>p2 move earthquake\n>p1 switch 4\n>p1 move spore\n>p2 move firefang\n>p1 move seedbomb\n>p2 move firefang\n>p1 move crunch\n>p2 move firefang\n>p2 switch 4\n>p1 move spore\n>p2 move bravebird\n>p1 switch 3\n>p1 move drainpunch\n>p2 move roost\n>p1 move drainpunch\n>p2 move bravebird\n>p2 switch 3\n>p1 move voltswitch\n>p2 move playrough\n>p1 switch 6\n>p1 move swordsdance terastallize\n>p2 switch 5\n>p1 move gunkshot\n>p2 move protect\n>p1 move gunkshot\n>p2 move foulplay\n>p1 switch 6\n>p1 move drainpunch\n>p2 switch 5\n>p1 move icepunch\n>p2 move playrough", "uploadtime": 1781408719, "views": 4, "formatid": "gen9randombattle", "rating": null, "private": 0, "password": null}