{"id": "gen9randombattle-2631823721", "format": "[Gen 9] Random Battle", "players": ["Marioman2007", "RoLi404"], "log": "|j|\u2606Marioman2007\n|j|\u2606RoLi404\n|t:|1781444743\n|gametype|singles\n|player|p1|Marioman2007|riley|1917\n|player|p2|RoLi404|jacinthe|1970\n|gen|9\n|tier|[Gen 9] Random Battle\n|rated|\n|rule|Species Clause: Limit one of each Pok\u00e9mon\n|rule|HP Percentage Mod: HP is shown in percentages\n|rule|Sleep Clause Mod: Limit one foe put to sleep\n|rule|Illusion Level Mod: Illusion disguises the Pok\u00e9mon's true level\n|\n|t:|1781444743\n|teamsize|p1|6\n|teamsize|p2|6\n|start\n|switch|p1a: Iron Jugulis|Iron Jugulis, L77|271/271\n|switch|p2a: Articuno|Articuno, L86|295/295\n|-ability|p2a: Articuno|Pressure\n|turn|1\n|inactive|Battle timer is ON: inactive players will automatically lose when time's up. (requested by RoLi404)\n|inactive|Marioman2007 has 120 seconds left.\n|\n|t:|1781444780\n|-end|p1a: Iron Jugulis|Quark Drive|[silent]\n|switch|p1a: Dragalge|Dragalge, L88, M|258/258\n|switch|p2a: Regigigas|Regigigas, L84|322/322\n|-start|p2a: Regigigas|ability: Slow Start\n|\n|upkeep\n|turn|2\n|\n|t:|1781444786\n|move|p1a: Dragalge|Focus Blast|p2a: Regigigas\n|-supereffective|p2a: Regigigas\n|-damage|p2a: Regigigas|154/322\n|move|p2a: Regigigas|Knock Off|p1a: Dragalge\n|-damage|p1a: Dragalge|210/258\n|-enditem|p1a: Dragalge|Assault Vest|[from] move: Knock Off|[of] p2a: Regigigas\n|\n|-heal|p2a: Regigigas|174/322|[from] item: Leftovers\n|upkeep\n|turn|3\n|\n|t:|1781444798\n|switch|p2a: Articuno|Articuno, L86|295/295\n|-ability|p2a: Articuno|Pressure\n|move|p1a: Dragalge|Sludge Wave|p2a: Articuno\n|-damage|p2a: Articuno|179/295\n|\n|upkeep\n|turn|4\n|\n|t:|1781444807\n|move|p2a: Articuno|Freeze-Dry|p1a: Dragalge\n|-supereffective|p1a: Dragalge\n|-damage|p1a: Dragalge|94/258\n|move|p1a: Dragalge|Sludge Wave|p2a: Articuno\n|-damage|p2a: Articuno|67/295\n|\n|upkeep\n|turn|5\n|\n|t:|1781444818\n|switch|p1a: Kyurem|Kyurem-Black, L71|295/295\n|-ability|p1a: Kyurem|Teravolt\n|move|p2a: Articuno|Freeze-Dry|p1a: Kyurem\n|-damage|p1a: Kyurem|210/295\n|\n|upkeep\n|turn|6\n|\n|t:|1781444844\n|move|p2a: Articuno|Brave Bird|p1a: Kyurem\n|-damage|p1a: Kyurem|71/295\n|-damage|p2a: Articuno|21/295|[from] Recoil\n|move|p1a: Kyurem|Dragon Dance|p1a: Kyurem\n|-boost|p1a: Kyurem|atk|1\n|-boost|p1a: Kyurem|spe|1\n|\n|upkeep\n|turn|7\n|\n|t:|1781444848\n|move|p1a: Kyurem|Icicle Spear|p2a: Articuno\n|-damage|p2a: Articuno|0 fnt\n|faint|p2a: Articuno\n|-hitcount|p2: Articuno|1\n|\n|upkeep\n|\n|t:|1781444861\n|switch|p2a: Regigigas|Regigigas, L84|174/322\n|-start|p2a: Regigigas|ability: Slow Start\n|turn|8\n|\n|t:|1781444867\n|move|p1a: Kyurem|Dragon Dance|p1a: Kyurem\n|-boost|p1a: Kyurem|atk|1\n|-boost|p1a: Kyurem|spe|1\n|move|p2a: Regigigas|Body Slam|p1a: Kyurem\n|-damage|p1a: Kyurem|0 fnt\n|faint|p1a: Kyurem\n|\n|-heal|p2a: Regigigas|194/322|[from] item: Leftovers\n|upkeep\n|\n|t:|1781444871\n|switch|p1a: Dragalge|Dragalge, L88, M|94/258\n|turn|9\n|\n|t:|1781444875\n|move|p1a: Dragalge|Sludge Wave|p2a: Regigigas\n|-damage|p2a: Regigigas|68/322\n|move|p2a: Regigigas|Body Slam|p1a: Dragalge\n|-damage|p1a: Dragalge|27/258\n|-status|p1a: Dragalge|par\n|\n|-heal|p2a: Regigigas|88/322|[from] item: Leftovers\n|upkeep\n|turn|10\n|\n|t:|1781444879\n|move|p2a: Regigigas|Rest|p2a: Regigigas\n|-status|p2a: Regigigas|slp|[from] move: Rest\n|-heal|p2a: Regigigas|322/322 slp|[silent]\n|move|p1a: Dragalge|Sludge Wave|p2a: Regigigas\n|-damage|p2a: Regigigas|188/322 slp\n|\n|-heal|p2a: Regigigas|208/322 slp|[from] item: Leftovers\n|upkeep\n|turn|11\n|\n|t:|1781444881\n|cant|p2a: Regigigas|slp\n|move|p2a: Regigigas|Sleep Talk|p2a: Regigigas\n|move|p2a: Regigigas|Body Slam|p1a: Dragalge|[from] move: Sleep Talk\n|-damage|p1a: Dragalge|0 fnt\n|faint|p1a: Dragalge\n|\n|-heal|p2a: Regigigas|228/322 slp|[from] item: Leftovers\n|upkeep\n|\n|t:|1781444900\n|switch|p1a: Dachsbun|Dachsbun, L92, F|254/254\n|turn|12\n|\n|t:|1781444926\n|switch|p2a: Golurk|Golurk, L87|297/297\n|move|p1a: Dachsbun|Body Press|p2a: Golurk\n|-immune|p2a: Golurk\n|\n|upkeep\n|turn|13\n|\n|t:|1781444931\n|move|p1a: Dachsbun|Play Rough|p2a: Golurk\n|-damage|p2a: Golurk|195/297\n|move|p2a: Golurk|Stealth Rock|p1a: Dachsbun\n|-sidestart|p1: Marioman2007|move: Stealth Rock\n|\n|upkeep\n|turn|14\n|\n|t:|1781444937\n|move|p1a: Dachsbun|Play Rough|p2a: Golurk\n|-damage|p2a: Golurk|84/297\n|move|p2a: Golurk|Poltergeist|p1a: Dachsbun\n|-activate|p1a: Dachsbun|move: Poltergeist|Leftovers\n|-damage|p1a: Dachsbun|110/254\n|-damage|p2a: Golurk|55/297|[from] item: Life Orb\n|\n|-heal|p1a: Dachsbun|125/254|[from] item: Leftovers\n|upkeep\n|turn|15\n|\n|t:|1781444942\n|move|p1a: Dachsbun|Play Rough|p2a: Golurk\n|-damage|p2a: Golurk|0 fnt\n|faint|p2a: Golurk\n|\n|-heal|p1a: Dachsbun|140/254|[from] item: Leftovers\n|upkeep\n|\n|t:|1781444947\n|switch|p2a: Hippowdon|Hippowdon, L82, F|311/311\n|-weather|Sandstorm|[from] ability: Sand Stream|[of] p2a: Hippowdon\n|turn|16\n|\n|t:|1781444951\n|move|p1a: Dachsbun|Wish|p1a: Dachsbun\n|move|p2a: Hippowdon|Curse|p2a: Hippowdon\n|-unboost|p2a: Hippowdon|spe|1\n|-boost|p2a: Hippowdon|atk|1\n|-boost|p2a: Hippowdon|def|1\n|\n|-weather|Sandstorm|[upkeep]\n|-damage|p1a: Dachsbun|125/254|[from] Sandstorm\n|-heal|p1a: Dachsbun|140/254|[from] item: Leftovers\n|upkeep\n|turn|17\n|\n|t:|1781444956\n|switch|p1a: Vivillon|Vivillon, L83, M|268/268\n|move|p2a: Hippowdon|Curse|p2a: Hippowdon\n|-unboost|p2a: Hippowdon|spe|1\n|-boost|p2a: Hippowdon|atk|1\n|-boost|p2a: Hippowdon|def|1\n|\n|-weather|Sandstorm|[upkeep]\n|-damage|p1a: Vivillon|252/268|[from] Sandstorm\n|-heal|p1a: Vivillon|268/268|[from] move: Wish|[wisher] Dachsbun\n|upkeep\n|turn|18\n|\n|t:|1781444966\n|move|p1a: Vivillon|Sleep Powder|p2a: Hippowdon\n|-status|p2a: Hippowdon|slp|[from] move: Sleep Powder\n|cant|p2a: Hippowdon|slp\n|\n|-weather|Sandstorm|[upkeep]\n|-damage|p1a: Vivillon|252/268|[from] Sandstorm\n|upkeep\n|turn|19\n|\n|t:|1781444968\n|switch|p2a: Morpeko|Morpeko, L88, F|245/245\n|move|p1a: Vivillon|Quiver Dance|p1a: Vivillon\n|-boost|p1a: Vivillon|spa|1\n|-boost|p1a: Vivillon|spd|1\n|-boost|p1a: Vivillon|spe|1\n|\n|-weather|Sandstorm|[upkeep]\n|-damage|p1a: Vivillon|236/268|[from] Sandstorm\n|-damage|p2a: Morpeko|230/245|[from] Sandstorm\n|-heal|p2a: Morpeko|245/245|[from] item: Leftovers\n|-formechange|p2a: Morpeko|Morpeko-Hangry||[from] ability: Hunger Switch\n|upkeep\n|turn|20\n|\n|t:|1781444973\n|move|p1a: Vivillon|Bug Buzz|p2a: Morpeko\n|-supereffective|p2a: Morpeko\n|-damage|p2a: Morpeko|0 fnt\n|faint|p2a: Morpeko\n|\n|-weather|none\n|upkeep\n|-message|RoLi404 forfeited.\n|\n|win|Marioman2007\n", "inputlog": ">version a8376a258c1d4662feba110a92103f3664a72141\n>start {\"formatid\":\"gen9randombattle\",\"seed\":\"sodium,e9be318cc3decd0f1b73619113e7d0b4\",\"rated\":\"Rated battle\"}\n>player p1 {\"name\":\"Marioman2007\",\"avatar\":\"riley\",\"rating\":1917,\"seed\":\"sodium,acab868b98412d014e68156de5092b0b\"}\n>player p2 {\"name\":\"RoLi404\",\"avatar\":\"jacinthe\",\"rating\":1970,\"seed\":\"sodium,12caf5b060af6d168ced6b53b676adfc\"}\n>p1 switch 5\n>p2 switch 4\n>p1 move focusblast\n>p2 move knockoff\n>p1 move sludgewave\n>p2 switch 4\n>p1 move sludgewave\n>p2 move freezedry\n>p1 switch 2\n>p2 move freezedry\n>p1 move dragondance\n>p2 move bravebird\n>p1 move iciclespear\n>p2 move bravebird\n>p2 switch 4\n>p1 move dragondance\n>p2 move bodyslam\n>p1 switch 2\n>p1 move sludgewave\n>p2 move bodyslam\n>p1 move sludgewave\n>p2 move rest\n>p1 move dragontail\n>p2 move sleeptalk\n>p1 switch 4\n>p1 move bodypress\n>p2 switch 3\n>p1 move playrough\n>p2 move stealthrock\n>p1 move playrough\n>p2 move poltergeist\n>p1 move playrough\n>p2 move poltergeist\n>p2 switch 5\n>p1 move wish\n>p2 move curse\n>p1 switch 3\n>p2 move curse\n>p1 move sleeppowder\n>p2 move stoneedge\n>p1 move quiverdance\n>p2 switch 2\n>p1 move bugbuzz\n>p2 move aurawheel\n>forcelose p2", "uploadtime": 1781444744, "views": 7, "formatid": "gen9randombattle", "rating": null, "private": 0, "password": null}