{"id": "gen9randombattle-2631981365", "format": "[Gen 9] Random Battle", "players": ["Dr3ntel", "Abe1254"], "log": "|j|\u203dDr3ntel\n|j|\u2606Abe1254\n|t:|1781462432\n|gametype|singles\n|player|p1|Dr3ntel|2|2035\n|player|p2|Abe1254|cheren-gen5bw2|1986\n|gen|9\n|tier|[Gen 9] Random Battle\n|rated|\n|rule|Species Clause: Limit one of each Pok\u00e9mon\n|rule|HP Percentage Mod: HP is shown in percentages\n|rule|Sleep Clause Mod: Limit one foe put to sleep\n|rule|Illusion Level Mod: Illusion disguises the Pok\u00e9mon's true level\n|\n|t:|1781462432\n|teamsize|p1|6\n|teamsize|p2|6\n|start\n|switch|p1a: Dragalge|Dragalge, L88, M|258/258\n|switch|p2a: Emboar|Emboar, L84, M|322/322\n|turn|1\n|j| GoPlayCatch\n|inactive|Battle timer is ON: inactive players will automatically lose when time's up. (requested by Abe1254)\n|\n|t:|1781462452\n|switch|p2a: Dewgong|Dewgong, L94, M|322/322\n|switch|p1a: Zapdos|Zapdos, L78|268/268\n|\n|upkeep\n|turn|2\n|\n|t:|1781462465\n|switch|p2a: Bellibolt|Bellibolt, L84, M|320/320\n|move|p1a: Zapdos|Thunderbolt|p2a: Bellibolt\n|-resisted|p2a: Bellibolt\n|-damage|p2a: Bellibolt|269/320\n|-start|p2a: Bellibolt|Charge|Thunderbolt|[from] ability: Electromorphosis\n|\n|-heal|p2a: Bellibolt|289/320|[from] item: Leftovers\n|upkeep\n|turn|3\n|\n|t:|1781462486\n|switch|p1a: Dragalge|Dragalge, L88, M|258/258\n|move|p2a: Bellibolt|Volt Switch|p1a: Dragalge\n|-resisted|p1a: Dragalge\n|-damage|p1a: Dragalge|197/258\n|-end|p2a: Bellibolt|Charge|[silent]\n|\n|t:|1781462510\n|switch|p2a: Masquerain|Masquerain, L87, F|264/264|[from] Volt Switch\n|-ability|p2a: Masquerain|Intimidate|boost\n|-unboost|p1a: Dragalge|atk|1\n|\n|upkeep\n|turn|4\n|\n|t:|1781462524\n|move|p2a: Masquerain|Sticky Web|p1a: Dragalge\n|-sidestart|p1: Dr3ntel|move: Sticky Web\n|move|p1a: Dragalge|Flip Turn|p2a: Masquerain\n|-damage|p2a: Masquerain|229/264\n|\n|t:|1781462533\n|switch|p1a: Zapdos|Zapdos, L78|268/268|[from] Flip Turn\n|\n|upkeep\n|turn|5\n|\n|t:|1781462551\n|switch|p1a: Cinccino|Cinccino, L83, M|260/260\n|-activate|p1a: Cinccino|move: Sticky Web\n|-unboost|p1a: Cinccino|spe|1\n|switch|p2a: Bellibolt|Bellibolt, L84, M|289/320\n|\n|-heal|p2a: Bellibolt|309/320|[from] item: Leftovers\n|upkeep\n|turn|6\n|\n|t:|1781462562\n|move|p1a: Cinccino|Tidy Up|p1a: Cinccino\n|-sideend|p1: Dr3ntel|Sticky Web\n|-activate|p1a: Cinccino|move: Tidy Up\n|-boost|p1a: Cinccino|atk|1\n|-boost|p1a: Cinccino|spe|1\n|move|p2a: Bellibolt|Thunderbolt|p1a: Cinccino\n|-damage|p1a: Cinccino|136/260\n|-status|p1a: Cinccino|par\n|\n|-heal|p2a: Bellibolt|320/320|[from] item: Leftovers\n|upkeep\n|turn|7\n|\n|t:|1781462569\n|move|p2a: Bellibolt|Volt Switch|p1a: Cinccino\n|-damage|p1a: Cinccino|42/260 par\n|\n|t:|1781462571\n|switch|p2a: Masquerain|Masquerain, L87, F|229/264|[from] Volt Switch\n|-ability|p2a: Masquerain|Intimidate|boost\n|-unboost|p1a: Cinccino|atk|1\n|move|p1a: Cinccino|Tail Slap|p2a: Masquerain\n|-damage|p2a: Masquerain|183/264\n|-crit|p2a: Masquerain\n|-damage|p2a: Masquerain|117/264\n|-damage|p2a: Masquerain|71/264\n|-damage|p2a: Masquerain|25/264\n|-damage|p2a: Masquerain|0 fnt\n|faint|p2a: Masquerain\n|-hitcount|p2: Masquerain|5\n|\n|upkeep\n|\n|t:|1781462583\n|switch|p2a: Bellibolt|Bellibolt, L84, M|320/320\n|turn|8\n|\n|t:|1781462588\n|move|p2a: Bellibolt|Thunderbolt|p1a: Cinccino\n|-damage|p1a: Cinccino|0 fnt\n|faint|p1a: Cinccino\n|\n|upkeep\n|\n|t:|1781462595\n|switch|p1a: Sawsbuck|Sawsbuck, L88, F|284/284\n|turn|9\n|\n|t:|1781462600\n|move|p1a: Sawsbuck|Swords Dance|p1a: Sawsbuck\n|-boost|p1a: Sawsbuck|atk|2\n|move|p2a: Bellibolt|Volt Switch|p1a: Sawsbuck\n|-resisted|p1a: Sawsbuck\n|-damage|p1a: Sawsbuck|243/284\n|\n|t:|1781462603\n|switch|p2a: Emboar|Emboar, L84, M|322/322|[from] Volt Switch\n|\n|upkeep\n|turn|10\n|\n|t:|1781462617\n|move|p1a: Sawsbuck|High Horsepower|p2a: Emboar\n|-supereffective|p2a: Emboar\n|-damage|p2a: Emboar|0 fnt\n|faint|p2a: Emboar\n|-damage|p1a: Sawsbuck|215/284|[from] item: Life Orb\n|\n|upkeep\n|\n|t:|1781462625\n|switch|p2a: Altaria|Altaria, L89, M|278/278\n|turn|11\n|\n|t:|1781462630\n|-terastallize|p2a: Altaria|Steel\n|move|p1a: Sawsbuck|Headbutt|p2a: Altaria\n|-resisted|p2a: Altaria\n|-damage|p2a: Altaria|169/278\n|-damage|p1a: Sawsbuck|187/284|[from] item: Life Orb\n|cant|p2a: Altaria|flinch\n|\n|upkeep\n|turn|12\n|\n|t:|1781462637\n|move|p1a: Sawsbuck|High Horsepower|p2a: Altaria\n|-supereffective|p2a: Altaria\n|-damage|p2a: Altaria|0 fnt\n|faint|p2a: Altaria\n|-damage|p1a: Sawsbuck|159/284|[from] item: Life Orb\n|\n|upkeep\n|\n|t:|1781462643\n|switch|p2a: Darkrai|Darkrai, L77|234/234\n|turn|13\n|\n|t:|1781462648\n|move|p2a: Darkrai|Sludge Bomb|p1a: Sawsbuck\n|-supereffective|p1a: Sawsbuck\n|-damage|p1a: Sawsbuck|0 fnt\n|faint|p1a: Sawsbuck\n|-damage|p2a: Darkrai|211/234|[from] item: Life Orb\n|\n|upkeep\n|\n|t:|1781462655\n|switch|p1a: Bellibolt|Bellibolt, L84, M|320/320\n|turn|14\n|\n|t:|1781462661\n|switch|p2a: Bellibolt|Bellibolt, L84, M|320/320\n|move|p1a: Bellibolt|Toxic|p2a: Bellibolt\n|-status|p2a: Bellibolt|tox\n|\n|-damage|p2a: Bellibolt|300/320 tox|[from] psn\n|upkeep\n|turn|15\n|\n|t:|1781462666\n|move|p1a: Bellibolt|Slack Off||[still]\n|-fail|p1a: Bellibolt|heal\n|move|p2a: Bellibolt|Volt Switch|p1a: Bellibolt\n|-resisted|p1a: Bellibolt\n|-damage|p1a: Bellibolt|279/320\n|-start|p1a: Bellibolt|Charge|Volt Switch|[from] ability: Electromorphosis\n|\n|t:|1781462669\n|switch|p2a: Darkrai|Darkrai, L77|211/234|[from] Volt Switch\n|\n|-heal|p1a: Bellibolt|299/320|[from] item: Leftovers\n|upkeep\n|turn|16\n|\n|t:|1781462674\n|move|p2a: Darkrai|Nasty Plot|p2a: Darkrai\n|-boost|p2a: Darkrai|spa|2\n|move|p1a: Bellibolt|Thunderbolt|p2a: Darkrai\n|-damage|p2a: Darkrai|12/234\n|-end|p1a: Bellibolt|Charge|[silent]\n|\n|-heal|p1a: Bellibolt|319/320|[from] item: Leftovers\n|upkeep\n|turn|17\n|\n|t:|1781462678\n|move|p2a: Darkrai|Dark Pulse|p1a: Bellibolt\n|-damage|p1a: Bellibolt|81/320\n|-start|p1a: Bellibolt|Charge|Dark Pulse|[from] ability: Electromorphosis\n|-damage|p2a: Darkrai|0 fnt|[from] item: Life Orb\n|faint|p2a: Darkrai\n|move|p1a: Bellibolt|Slack Off|p1a: Bellibolt\n|-heal|p1a: Bellibolt|241/320\n|\n|-heal|p1a: Bellibolt|261/320|[from] item: Leftovers\n|upkeep\n|\n|t:|1781462682\n|switch|p2a: Dewgong|Dewgong, L94, M|322/322\n|turn|18\n|\n|t:|1781462685\n|move|p2a: Dewgong|Encore|p1a: Bellibolt\n|-start|p1a: Bellibolt|Encore\n|move|p1a: Bellibolt|Slack Off|p1a: Bellibolt\n|-heal|p1a: Bellibolt|320/320\n|\n|upkeep\n|turn|19\n|\n|t:|1781462698\n|switch|p1a: Rabsca|Rabsca, L91, F|284/284\n|move|p2a: Dewgong|Surf|p1a: Rabsca\n|-crit|p1a: Rabsca\n|-damage|p1a: Rabsca|157/284\n|\n|upkeep\n|turn|20\n|\n|t:|1781462705\n|move|p2a: Dewgong|Surf|p1a: Rabsca\n|-damage|p1a: Rabsca|73/284\n|move|p1a: Rabsca|Revival Blessing|p1a: Rabsca\n|\n|t:|1781462709\n|-heal|p1: Sawsbuck|142/284|[from] move: Revival Blessing\n|\n|upkeep\n|turn|21\n|\n|t:|1781462714\n|move|p2a: Dewgong|Surf|p1a: Rabsca\n|-damage|p1a: Rabsca|0 fnt\n|faint|p1a: Rabsca\n|\n|upkeep\n|\n|t:|1781462718\n|switch|p1a: Bellibolt|Bellibolt, L84, M|320/320\n|turn|22\n|\n|t:|1781462724\n|move|p2a: Dewgong|Surf|p1a: Bellibolt\n|-damage|p1a: Bellibolt|221/320\n|-start|p1a: Bellibolt|Charge|Surf|[from] ability: Electromorphosis\n|move|p1a: Bellibolt|Thunderbolt|p2a: Dewgong\n|-supereffective|p2a: Dewgong\n|-damage|p2a: Dewgong|0 fnt\n|faint|p2a: Dewgong\n|-end|p1a: Bellibolt|Charge|[silent]\n|\n|-heal|p1a: Bellibolt|241/320|[from] item: Leftovers\n|upkeep\n|\n|t:|1781462725\n|switch|p2a: Bellibolt|Bellibolt, L84, M|300/320 tox\n|turn|23\n|c|\u2606Abe1254|Gg\n|\n|t:|1781462732\n|move|p1a: Bellibolt|Slack Off|p1a: Bellibolt\n|-heal|p1a: Bellibolt|320/320\n|move|p2a: Bellibolt|Thunderbolt|p1a: Bellibolt\n|-resisted|p1a: Bellibolt\n|-damage|p1a: Bellibolt|266/320\n|-start|p1a: Bellibolt|Charge|Thunderbolt|[from] ability: Electromorphosis\n|\n|-heal|p2a: Bellibolt|320/320 tox|[from] item: Leftovers\n|-heal|p1a: Bellibolt|286/320|[from] item: Leftovers\n|-damage|p2a: Bellibolt|300/320 tox|[from] psn\n|upkeep\n|turn|24\n|\n|t:|1781462738\n|move|p2a: Bellibolt|Thunderbolt|p1a: Bellibolt\n|-resisted|p1a: Bellibolt\n|-damage|p1a: Bellibolt|235/320\n|-start|p1a: Bellibolt|Charge|Thunderbolt|[from] ability: Electromorphosis\n|move|p1a: Bellibolt|Thunderbolt|p2a: Bellibolt\n|-resisted|p2a: Bellibolt\n|-damage|p2a: Bellibolt|194/320 tox\n|-start|p2a: Bellibolt|Charge|Thunderbolt|[from] ability: Electromorphosis\n|-end|p1a: Bellibolt|Charge|[silent]\n|\n|-heal|p2a: Bellibolt|214/320 tox|[from] item: Leftovers\n|-heal|p1a: Bellibolt|255/320|[from] item: Leftovers\n|-damage|p2a: Bellibolt|174/320 tox|[from] psn\n|upkeep\n|turn|25\n|\n|t:|1781462743\n|move|p2a: Bellibolt|Thunderbolt|p1a: Bellibolt\n|-resisted|p1a: Bellibolt\n|-damage|p1a: Bellibolt|159/320\n|-start|p1a: Bellibolt|Charge|Thunderbolt|[from] ability: Electromorphosis\n|-end|p2a: Bellibolt|Charge|[silent]\n|move|p1a: Bellibolt|Slack Off|p1a: Bellibolt\n|-heal|p1a: Bellibolt|319/320\n|\n|-heal|p1a: Bellibolt|320/320|[from] item: Leftovers\n|-heal|p2a: Bellibolt|194/320 tox|[from] item: Leftovers\n|-damage|p2a: Bellibolt|134/320 tox|[from] psn\n|upkeep\n|turn|26\n|\n|t:|1781462746\n|move|p1a: Bellibolt|Thunderbolt|p2a: Bellibolt\n|-resisted|p2a: Bellibolt\n|-damage|p2a: Bellibolt|37/320 tox\n|-start|p2a: Bellibolt|Charge|Thunderbolt|[from] ability: Electromorphosis\n|-end|p1a: Bellibolt|Charge|[silent]\n|move|p2a: Bellibolt|Thunderbolt|p1a: Bellibolt\n|-resisted|p1a: Bellibolt\n|-damage|p1a: Bellibolt|210/320\n|-start|p1a: Bellibolt|Charge|Thunderbolt|[from] ability: Electromorphosis\n|-end|p2a: Bellibolt|Charge|[silent]\n|\n|-heal|p1a: Bellibolt|230/320|[from] item: Leftovers\n|-heal|p2a: Bellibolt|57/320 tox|[from] item: Leftovers\n|-damage|p2a: Bellibolt|0 fnt|[from] psn\n|faint|p2a: Bellibolt\n|\n|win|Dr3ntel\n", "uploadtime": 1781462435, "views": 5, "formatid": "gen9randombattle", "rating": null, "private": 0, "password": null}