{"id": "gen9randombattle-2631746797", "format": "[Gen 9] Random Battle", "players": ["FrankRayquaza", "MichaelderBeste2"], "log": "|badge|p1|silver|gen9randombattle|30-9\n|uhtml|medal-msg|<div class=\"broadcast-blue\">Curious what those medals under the avatar are? PS now has Ladder Seasons! For more information, check out the <a href=\"https://www.smogon.com/forums/threads/3740067/\">thread on Smogon.</a></div>\n|badge|p2|gold|gen9randombattle|3-9\n|uhtml|medal-msg|<div class=\"broadcast-blue\">Curious what those medals under the avatar are? PS now has Ladder Seasons! For more information, check out the <a href=\"https://www.smogon.com/forums/threads/3740067/\">thread on Smogon.</a></div>\n|j|\u2606FrankRayquaza\n|j|\u2606MichaelderBeste2\n|t:|1781432983\n|gametype|singles\n|player|p1|FrankRayquaza|cheren-gen5bw2|2331\n|player|p2|MichaelderBeste2|#splxviisharks|2546\n|gen|9\n|tier|[Gen 9] Random Battle\n|rated|\n|rule|Species Clause: Limit one of each Pok\u00e9mon\n|rule|HP Percentage Mod: HP is shown in percentages\n|rule|Sleep Clause Mod: Limit one foe put to sleep\n|rule|Illusion Level Mod: Illusion disguises the Pok\u00e9mon's true level\n|\n|t:|1781432983\n|teamsize|p1|6\n|teamsize|p2|6\n|start\n|switch|p1a: Arceus|Arceus, L68|276/276\n|switch|p2a: Hoopa|Hoopa-Unbound, L80|259/259\n|turn|1\n|\n|t:|1781432997\n|switch|p1a: Ludicolo|Ludicolo, L90, F|290/290\n|move|p2a: Hoopa|Hyperspace Fury|p1a: Ludicolo\n|-damage|p1a: Ludicolo|50/290\n|-unboost|p2a: Hoopa|def|1\n|\n|upkeep\n|turn|2\n|\n|t:|1781433003\n|move|p1a: Ludicolo|Leaf Storm|p2a: Hoopa\n|-damage|p2a: Hoopa|70/259\n|-unboost|p1a: Ludicolo|spa|2\n|move|p2a: Hoopa|Hyperspace Fury|p1a: Ludicolo\n|-damage|p1a: Ludicolo|0 fnt\n|-unboost|p2a: Hoopa|def|1\n|faint|p1a: Ludicolo\n|\n|upkeep\n|\n|t:|1781433013\n|switch|p1a: Arceus|Arceus, L68|276/276\n|turn|3\n|\n|t:|1781433018\n|switch|p2a: Minior|Minior-Violet, L79|224/224\n|-formechange|p2a: Minior|Minior-Meteor||[from] ability: Shields Down\n|move|p1a: Arceus|Earthquake|p2a: Minior\n|-immune|p2a: Minior\n|\n|upkeep\n|turn|4\n|\n|t:|1781433023\n|switch|p1a: Perrserker|Perrserker, L89, F|269/269\n|move|p2a: Minior|Shell Smash|p2a: Minior\n|-unboost|p2a: Minior|def|1\n|-unboost|p2a: Minior|spd|1\n|-boost|p2a: Minior|atk|2\n|-boost|p2a: Minior|spa|2\n|-boost|p2a: Minior|spe|2\n|-enditem|p2a: Minior|White Herb\n|-clearnegativeboost|p2a: Minior|[silent]\n|\n|upkeep\n|turn|5\n|\n|t:|1781433029\n|switch|p2a: Alomomola|Alomomola, L87, F|429/429\n|move|p1a: Perrserker|Iron Head|p2a: Alomomola\n|-resisted|p2a: Alomomola\n|-damage|p2a: Alomomola|335/429\n|-damage|p1a: Perrserker|225/269|[from] item: Rocky Helmet|[of] p2a: Alomomola\n|-damage|p1a: Perrserker|199/269|[from] item: Life Orb\n|\n|upkeep\n|turn|6\n|\n|t:|1781433034\n|move|p2a: Alomomola|Scald|p1a: Perrserker\n|-damage|p1a: Perrserker|136/269\n|move|p1a: Perrserker|Stealth Rock|p2a: Alomomola\n|-sidestart|p2: MichaelderBeste2|move: Stealth Rock\n|\n|upkeep\n|turn|7\n|\n|t:|1781433044\n|switch|p1a: Zebstrika|Zebstrika, L87, M|272/272\n|move|p2a: Alomomola|Wish|p2a: Alomomola\n|\n|upkeep\n|turn|8\n|\n|t:|1781433053\n|switch|p2a: Tauros|Tauros, L82, M|257/257\n|-damage|p2a: Tauros|225/257|[from] Stealth Rock\n|move|p1a: Zebstrika|Volt Switch|p2a: Tauros\n|-damage|p2a: Tauros|126/257\n|-damage|p1a: Zebstrika|245/272|[from] item: Life Orb\n|\n|t:|1781433070\n|switch|p1a: Armarouge|Armarouge, L80, F|267/267|[from] Volt Switch\n|\n|-heal|p2a: Tauros|257/257|[from] move: Wish|[wisher] Alomomola\n|upkeep\n|turn|9\n|\n|t:|1781433085\n|switch|p2a: Hoopa|Hoopa-Unbound, L80|70/259\n|-damage|p2a: Hoopa|38/259|[from] Stealth Rock\n|move|p1a: Armarouge|Armor Cannon|p2a: Hoopa\n|-damage|p2a: Hoopa|0 fnt\n|-unboost|p1a: Armarouge|def|1\n|-unboost|p1a: Armarouge|spd|1\n|faint|p2a: Hoopa\n|\n|upkeep\n|\n|t:|1781433088\n|switch|p2a: Cinccino|Cinccino, L83, M|260/260\n|-damage|p2a: Cinccino|228/260|[from] Stealth Rock\n|turn|10\n|\n|t:|1781433094\n|switch|p1a: Perrserker|Perrserker, L89, F|136/269\n|move|p2a: Cinccino|Tail Slap|p1a: Perrserker\n|-resisted|p1a: Perrserker\n|-damage|p1a: Perrserker|121/269\n|-resisted|p1a: Perrserker\n|-damage|p1a: Perrserker|103/269\n|-resisted|p1a: Perrserker\n|-damage|p1a: Perrserker|86/269\n|-resisted|p1a: Perrserker\n|-damage|p1a: Perrserker|69/269\n|-hitcount|p1a: Perrserker|4\n|\n|upkeep\n|turn|11\n|\n|t:|1781433100\n|move|p2a: Cinccino|Tail Slap|p1a: Perrserker\n|-resisted|p1a: Perrserker\n|-damage|p1a: Perrserker|52/269\n|-resisted|p1a: Perrserker\n|-damage|p1a: Perrserker|37/269\n|-resisted|p1a: Perrserker\n|-damage|p1a: Perrserker|19/269\n|-resisted|p1a: Perrserker\n|-damage|p1a: Perrserker|4/269\n|-resisted|p1a: Perrserker\n|-damage|p1a: Perrserker|0 fnt\n|faint|p1a: Perrserker\n|-hitcount|p1: Perrserker|5\n|\n|upkeep\n|\n|t:|1781433109\n|switch|p1a: Zebstrika|Zebstrika, L87, M|245/272\n|turn|12\n|\n|t:|1781433122\n|move|p1a: Zebstrika|Supercell Slam|p2a: Cinccino|[miss]\n|-miss|p1a: Zebstrika|p2a: Cinccino\n|-damage|p1a: Zebstrika|109/272|[from] supercellslam\n|move|p2a: Cinccino|Tail Slap|p1a: Zebstrika|[miss]\n|-miss|p2a: Cinccino|p1a: Zebstrika\n|\n|upkeep\n|turn|13\n|\n|t:|1781433153\n|-terastallize|p2a: Cinccino|Grass\n|move|p1a: Zebstrika|Supercell Slam|p2a: Cinccino\n|-resisted|p2a: Cinccino\n|-damage|p2a: Cinccino|128/260\n|-damage|p1a: Zebstrika|82/272|[from] item: Life Orb\n|move|p2a: Cinccino|Tail Slap|p1a: Zebstrika|[miss]\n|-miss|p2a: Cinccino|p1a: Zebstrika\n|\n|upkeep\n|turn|14\n|\n|t:|1781433170\n|switch|p2a: Alomomola|Alomomola, L87, F|429/429\n|-damage|p2a: Alomomola|376/429|[from] Stealth Rock\n|move|p1a: Zebstrika|Overheat|p2a: Alomomola\n|-resisted|p2a: Alomomola\n|-damage|p2a: Alomomola|292/429\n|-unboost|p1a: Zebstrika|spa|2\n|-damage|p1a: Zebstrika|55/272|[from] item: Life Orb\n|\n|upkeep\n|turn|15\n|j| goldfish1998\n|\n|t:|1781433180\n|move|p1a: Zebstrika|Supercell Slam|p2a: Alomomola\n|-supereffective|p2a: Alomomola\n|-damage|p2a: Alomomola|0 fnt\n|-damage|p1a: Zebstrika|10/272|[from] item: Rocky Helmet|[of] p2a: Alomomola\n|faint|p2a: Alomomola\n|-damage|p1a: Zebstrika|0 fnt|[from] item: Life Orb\n|faint|p1a: Zebstrika\n|\n|upkeep\n|\n|t:|1781433191\n|switch|p1a: Azelf|Azelf, L82|257/257\n|switch|p2a: Minior|Minior-Violet, L79|224/224\n|-damage|p2a: Minior|168/224|[from] Stealth Rock\n|-formechange|p2a: Minior|Minior-Meteor||[from] ability: Shields Down\n|turn|16\n|\n|t:|1781433202\n|move|p1a: Azelf|Psychic|p2a: Minior\n|-damage|p2a: Minior|19/224\n|-damage|p1a: Azelf|232/257|[from] item: Life Orb\n|move|p2a: Minior|Shell Smash|p2a: Minior\n|-unboost|p2a: Minior|def|1\n|-unboost|p2a: Minior|spd|1\n|-boost|p2a: Minior|atk|2\n|-boost|p2a: Minior|spa|2\n|-boost|p2a: Minior|spe|2\n|\n|-formechange|p2a: Minior|Minior-Violet||[from] ability: Shields Down\n|upkeep\n|turn|17\n|\n|t:|1781433216\n|switch|p1a: Armarouge|Armarouge, L80, F|267/267\n|move|p2a: Minior|Acrobatics|p1a: Armarouge\n|-crit|p1a: Armarouge\n|-damage|p1a: Armarouge|0 fnt\n|faint|p1a: Armarouge\n|\n|upkeep\n|\n|t:|1781433218\n|switch|p1a: Arceus|Arceus, L68|276/276\n|turn|18\n|\n|t:|1781433230\n|move|p1a: Arceus|Extreme Speed|p2a: Minior\n|-resisted|p2a: Minior\n|-damage|p2a: Minior|0 fnt\n|faint|p2a: Minior\n|-damage|p1a: Arceus|249/276|[from] item: Life Orb\n|\n|upkeep\n|\n|t:|1781433251\n|switch|p2a: Okidogi|Okidogi, L77, M|262/262\n|-damage|p2a: Okidogi|246/262|[from] Stealth Rock\n|turn|19\n|\n|t:|1781433268\n|move|p1a: Arceus|Swords Dance|p1a: Arceus\n|-boost|p1a: Arceus|atk|2\n|move|p2a: Okidogi|Knock Off|p1a: Arceus\n|-damage|p1a: Arceus|184/276\n|-status|p1a: Arceus|tox|[from] ability: Toxic Chain|[of] p2a: Okidogi\n|-enditem|p1a: Arceus|Life Orb|[from] move: Knock Off|[of] p2a: Okidogi\n|\n|-damage|p1a: Arceus|167/276 tox|[from] psn\n|upkeep\n|turn|20\n|j| trucuzz\n|\n|t:|1781433275\n|move|p1a: Arceus|Earthquake|p2a: Okidogi\n|-supereffective|p2a: Okidogi\n|-damage|p2a: Okidogi|40/262\n|move|p2a: Okidogi|Drain Punch|p1a: Arceus\n|-supereffective|p1a: Arceus\n|-damage|p1a: Arceus|9/276 tox\n|-heal|p2a: Okidogi|119/262|[from] drain|[of] p1a: Arceus\n|\n|-damage|p1a: Arceus|0 fnt|[from] psn\n|faint|p1a: Arceus\n|upkeep\n|\n|t:|1781433277\n|switch|p1a: Azelf|Azelf, L82|232/257\n|turn|21\n|\n|t:|1781433283\n|move|p1a: Azelf|Psychic|p2a: Okidogi\n|-supereffective|p2a: Okidogi\n|-damage|p2a: Okidogi|0 fnt\n|faint|p2a: Okidogi\n|-damage|p1a: Azelf|207/257|[from] item: Life Orb\n|\n|upkeep\n|inactive|Battle timer is ON: inactive players will automatically lose when time's up. (requested by FrankRayquaza)\n|\n|t:|1781433339\n|switch|p2a: Cinccino|Cinccino, L83, M, tera:Grass|128/260\n|-damage|p2a: Cinccino|96/260|[from] Stealth Rock\n|turn|22\n|\n|t:|1781433345\n|-terastallize|p1a: Azelf|Fire\n|move|p2a: Cinccino|U-turn|p1a: Azelf\n|-resisted|p1a: Azelf\n|-damage|p1a: Azelf|180/257\n|\n|t:|1781433348\n|switch|p2a: Tauros|Tauros, L82, M|257/257|[from] U-turn\n|-damage|p2a: Tauros|225/257|[from] Stealth Rock\n|move|p1a: Azelf|Psychic|p2a: Tauros\n|-damage|p2a: Tauros|64/257\n|-damage|p1a: Azelf|155/257|[from] item: Life Orb\n|\n|upkeep\n|turn|23\n|\n|t:|1781433353\n|move|p1a: Azelf|Knock Off|p2a: Tauros\n|-damage|p2a: Tauros|0 fnt\n|-enditem|p2a: Tauros|Life Orb|[from] move: Knock Off|[of] p1a: Azelf\n|faint|p2a: Tauros\n|-damage|p1a: Azelf|130/257|[from] item: Life Orb\n|\n|upkeep\n|\n|t:|1781433354\n|switch|p2a: Cinccino|Cinccino, L83, M, tera:Grass|96/260\n|-damage|p2a: Cinccino|64/260|[from] Stealth Rock\n|turn|24\n|\n|t:|1781433356\n|move|p2a: Cinccino|Tail Slap|p1a: Azelf\n|-damage|p1a: Azelf|82/257\n|-damage|p1a: Azelf|37/257\n|-damage|p1a: Azelf|0 fnt\n|faint|p1a: Azelf\n|-hitcount|p1: Azelf|3\n|\n|win|MichaelderBeste2\n", "inputlog": ">version a8376a258c1d4662feba110a92103f3664a72141\n>start {\"formatid\":\"gen9randombattle\",\"seed\":\"sodium,17986468a4d4f0587104ab12e23ca88a\",\"rated\":\"Rated battle\"}\n>player p1 {\"name\":\"FrankRayquaza\",\"avatar\":\"cheren-gen5bw2\",\"rating\":2331,\"seed\":\"sodium,785fc1feafec7da7c955108e5f916fff\"}\n>player p2 {\"name\":\"MichaelderBeste2\",\"avatar\":\"#splxviisharks\",\"rating\":2546,\"seed\":\"sodium,960a07a16ec3c548a4d96f6243af0606\"}\n>p1 switch 2\n>p2 move hyperspacefury\n>p1 move leafstorm\n>p2 move hyperspacefury\n>p1 switch 2\n>p1 move earthquake\n>p2 switch 5\n>p1 switch 5\n>p2 move shellsmash\n>p1 move ironhead\n>p2 switch 3\n>p1 move stealthrock\n>p2 move scald\n>p1 switch 3\n>p2 move wish\n>p1 move voltswitch\n>p2 switch 4\n>p1 switch 6\n>p1 move armorcannon\n>p2 switch 5\n>p2 switch 2\n>p1 switch 3\n>p2 move tailslap\n>p1 move ironhead\n>p2 move tailslap\n>p1 switch 6\n>p1 move supercellslam\n>p2 move tailslap\n>p1 move supercellslam\n>p2 move tailslap terastallize\n>p1 move overheat\n>p2 switch 4\n>p1 move supercellslam\n>p2 move wish\n>p1 switch 4\n>p2 switch 3\n>p1 move psychic\n>p2 move shellsmash\n>p1 switch 3\n>p2 move acrobatics\n>p1 switch 5\n>p1 move extremespeed\n>p2 move acrobatics\n>p2 switch 6\n>p1 move swordsdance\n>p2 move knockoff\n>p1 move earthquake\n>p2 move drainpunch\n>p1 switch 3\n>p1 move psychic\n>p2 move knockoff\n>p2 switch 4\n>p1 move psychic terastallize\n>p2 move uturn\n>p2 switch 5\n>p1 move knockoff\n>p2 move bodyslam\n>p2 switch 5\n>p1 move psychic\n>p2 move tailslap", "uploadtime": 1781432987, "views": 16, "formatid": "gen9randombattle", "rating": null, "private": 0, "password": null}