{"id": "gen9randombattle-2631782977", "format": "[Gen 9] Random Battle", "players": ["Valentina17", "Geeta's Wig"], "log": "|j|\u2606Valentina17\n|j|\u2606Geeta's Wig\n|t:|1781438955\n|gametype|singles\n|player|p1|Valentina17|parasollady|1923\n|player|p2|Geeta's Wig|geeta|1932\n|gen|9\n|tier|[Gen 9] Random Battle\n|rated|\n|rule|Species Clause: Limit one of each Pok\u00e9mon\n|rule|HP Percentage Mod: HP is shown in percentages\n|rule|Sleep Clause Mod: Limit one foe put to sleep\n|rule|Illusion Level Mod: Illusion disguises the Pok\u00e9mon's true level\n|\n|t:|1781438955\n|teamsize|p1|6\n|teamsize|p2|6\n|start\n|switch|p1a: Farigiraf|Farigiraf, L90, M|362/362\n|switch|p2a: Slither Wing|Slither Wing, L81|270/270\n|turn|1\n|inactive|Battle timer is ON: inactive players will automatically lose when time's up. (requested by Valentina17)\n|\n|t:|1781438964\n|move|p2a: Slither Wing|U-turn|p1a: Farigiraf\n|-supereffective|p1a: Farigiraf\n|-damage|p1a: Farigiraf|170/362\n|\n|t:|1781438969\n|-end|p2a: Slither Wing|Protosynthesis|[silent]\n|switch|p2a: Pincurchin|Pincurchin, F|258/258|[from] U-turn\n|-fieldstart|move: Electric Terrain|[from] ability: Electric Surge|[of] p2a: Pincurchin\n|move|p1a: Farigiraf|Psychic Noise|p2a: Pincurchin\n|-damage|p2a: Pincurchin|173/258\n|-start|p2a: Pincurchin|move: Heal Block\n|\n|-heal|p1a: Farigiraf|192/362|[from] item: Leftovers\n|upkeep\n|turn|2\n|\n|t:|1781438975\n|move|p1a: Farigiraf|Psychic Noise|p2a: Pincurchin\n|-damage|p2a: Pincurchin|77/258\n|move|p2a: Pincurchin|Toxic Spikes|p1a: Farigiraf\n|-sidestart|p1: Valentina17|move: Toxic Spikes\n|\n|-heal|p1a: Farigiraf|214/362|[from] item: Leftovers\n|-end|p2a: Pincurchin|move: Heal Block\n|upkeep\n|turn|3\n|\n|t:|1781438978\n|switch|p2a: Mesprit|Mesprit, L85|275/275\n|move|p1a: Farigiraf|Psychic Noise|p2a: Mesprit\n|-resisted|p2a: Mesprit\n|-damage|p2a: Mesprit|229/275\n|-start|p2a: Mesprit|move: Heal Block\n|\n|-heal|p1a: Farigiraf|236/362|[from] item: Leftovers\n|upkeep\n|turn|4\n|\n|t:|1781438982\n|move|p2a: Mesprit|Knock Off|p1a: Farigiraf\n|-supereffective|p1a: Farigiraf\n|-damage|p1a: Farigiraf|54/362\n|-enditem|p1a: Farigiraf|Leftovers|[from] move: Knock Off|[of] p2a: Mesprit\n|move|p1a: Farigiraf|Wish|p1a: Farigiraf\n|\n|-end|p2a: Mesprit|move: Heal Block\n|upkeep\n|turn|5\n|\n|t:|1781438985\n|move|p1a: Farigiraf|Protect|p1a: Farigiraf\n|-singleturn|p1a: Farigiraf|Protect\n|move|p2a: Mesprit|Stealth Rock|p1a: Farigiraf\n|-sidestart|p1: Valentina17|move: Stealth Rock\n|\n|-heal|p1a: Farigiraf|235/362|[from] move: Wish|[wisher] Farigiraf\n|-heal|p2a: Mesprit|246/275|[from] item: Leftovers\n|-fieldend|move: Electric Terrain\n|upkeep\n|turn|6\n|\n|t:|1781438990\n|move|p2a: Mesprit|Psychic Noise|p1a: Farigiraf\n|-resisted|p1a: Farigiraf\n|-damage|p1a: Farigiraf|185/362\n|-start|p1a: Farigiraf|move: Heal Block\n|move|p1a: Farigiraf|Body Slam|p2a: Mesprit\n|-damage|p2a: Mesprit|162/275\n|-status|p2a: Mesprit|par\n|\n|-heal|p2a: Mesprit|179/275 par|[from] item: Leftovers\n|upkeep\n|turn|7\n|\n|t:|1781438994\n|move|p1a: Farigiraf|Protect|p1a: Farigiraf\n|-singleturn|p1a: Farigiraf|Protect\n|move|p2a: Mesprit|Knock Off|p1a: Farigiraf\n|-activate|p1a: Farigiraf|move: Protect\n|\n|-heal|p2a: Mesprit|196/275 par|[from] item: Leftovers\n|-end|p1a: Farigiraf|move: Heal Block\n|upkeep\n|turn|8\n|\n|t:|1781438998\n|switch|p2a: Slither Wing|Slither Wing, L81|270/270\n|move|p1a: Farigiraf|Wish|p1a: Farigiraf\n|\n|upkeep\n|turn|9\n|\n|t:|1781439001\n|move|p1a: Farigiraf|Protect|p1a: Farigiraf\n|-singleturn|p1a: Farigiraf|Protect\n|move|p2a: Slither Wing|U-turn|p1a: Farigiraf\n|-activate|p1a: Farigiraf|move: Protect\n|\n|-heal|p1a: Farigiraf|362/362|[from] move: Wish|[wisher] Farigiraf\n|upkeep\n|turn|10\n|\n|t:|1781439003\n|move|p2a: Slither Wing|U-turn|p1a: Farigiraf\n|-supereffective|p1a: Farigiraf\n|-damage|p1a: Farigiraf|162/362\n|\n|t:|1781439011\n|-end|p2a: Slither Wing|Protosynthesis|[silent]\n|switch|p2a: Mesprit|Mesprit, L85|196/275 par|[from] U-turn\n|move|p1a: Farigiraf|Body Slam|p2a: Mesprit\n|-damage|p2a: Mesprit|106/275 par\n|\n|-heal|p2a: Mesprit|123/275 par|[from] item: Leftovers\n|upkeep\n|turn|11\n|\n|t:|1781439018\n|move|p1a: Farigiraf|Wish|p1a: Farigiraf\n|move|p2a: Mesprit|Knock Off|p1a: Farigiraf\n|-supereffective|p1a: Farigiraf\n|-damage|p1a: Farigiraf|44/362\n|\n|-heal|p2a: Mesprit|140/275 par|[from] item: Leftovers\n|upkeep\n|turn|12\n|\n|t:|1781439029\n|switch|p2a: Delphox|Delphox, L84, F|263/263\n|move|p1a: Farigiraf|Protect||[still]\n|-fail|p1a: Farigiraf\n|\n|-heal|p1a: Farigiraf|225/362|[from] move: Wish|[wisher] Farigiraf\n|upkeep\n|turn|13\n|\n|t:|1781439032\n|move|p2a: Delphox|Nasty Plot|p2a: Delphox\n|-boost|p2a: Delphox|spa|2\n|move|p1a: Farigiraf|Body Slam|p2a: Delphox\n|-damage|p2a: Delphox|139/263\n|-status|p2a: Delphox|par\n|\n|upkeep\n|turn|14\n|\n|t:|1781439035\n|move|p1a: Farigiraf|Body Slam|p2a: Delphox\n|-damage|p2a: Delphox|33/263 par\n|move|p2a: Delphox|Fire Blast|p1a: Farigiraf|[miss]\n|-miss|p2a: Delphox|p1a: Farigiraf\n|\n|upkeep\n|turn|15\n|\n|t:|1781439039\n|move|p1a: Farigiraf|Body Slam|p2a: Delphox\n|-damage|p2a: Delphox|0 fnt\n|faint|p2a: Delphox\n|\n|upkeep\n|\n|t:|1781439042\n|switch|p2a: Spectrier|Spectrier, L75|274/274\n|turn|16\n|\n|t:|1781439045\n|move|p2a: Spectrier|Nasty Plot|p2a: Spectrier\n|-boost|p2a: Spectrier|spa|2\n|move|p1a: Farigiraf|Psychic Noise|p2a: Spectrier\n|-damage|p2a: Spectrier|145/274\n|-start|p2a: Spectrier|move: Heal Block\n|\n|upkeep\n|turn|17\n|\n|t:|1781439051\n|-terastallize|p1a: Farigiraf|Water\n|move|p2a: Spectrier|Dark Pulse|p1a: Farigiraf\n|-damage|p1a: Farigiraf|27/362\n|-damage|p2a: Spectrier|118/274|[from] item: Life Orb\n|move|p1a: Farigiraf|Wish|p1a: Farigiraf\n|\n|-end|p2a: Spectrier|move: Heal Block\n|upkeep\n|turn|18\n|\n|t:|1781439060\n|switch|p1a: Honchkrow|Honchkrow, L86, M|312/312\n|move|p2a: Spectrier|Draining Kiss|p1a: Honchkrow\n|-supereffective|p1a: Honchkrow\n|-damage|p1a: Honchkrow|29/312\n|-heal|p2a: Spectrier|274/274|[from] drain|[of] p1a: Honchkrow\n|-damage|p2a: Spectrier|247/274|[from] item: Life Orb\n|\n|-heal|p1a: Honchkrow|210/312|[from] move: Wish|[wisher] Farigiraf\n|upkeep\n|turn|19\n|\n|t:|1781439066\n|-terastallize|p2a: Spectrier|Dark\n|move|p1a: Honchkrow|Sucker Punch|p2a: Spectrier\n|-resisted|p2a: Spectrier\n|-damage|p2a: Spectrier|175/274\n|move|p2a: Spectrier|Draining Kiss|p1a: Honchkrow\n|-supereffective|p1a: Honchkrow\n|-damage|p1a: Honchkrow|0 fnt\n|-heal|p2a: Spectrier|274/274|[from] drain|[of] p1a: Honchkrow\n|faint|p1a: Honchkrow\n|-ability|p2a: Spectrier|Grim Neigh|boost\n|-boost|p2a: Spectrier|spa|1\n|-damage|p2a: Spectrier|247/274|[from] item: Life Orb\n|\n|upkeep\n|\n|t:|1781439087\n|switch|p1a: Gurdurr|Gurdurr, L85, F|283/283\n|-status|p1a: Gurdurr|psn\n|-damage|p1a: Gurdurr|266/283 psn|[from] Stealth Rock\n|turn|20\n|\n|t:|1781439090\n|move|p1a: Gurdurr|Mach Punch|p2a: Spectrier\n|-supereffective|p2a: Spectrier\n|-damage|p2a: Spectrier|49/274\n|move|p2a: Spectrier|Draining Kiss|p1a: Gurdurr\n|-supereffective|p1a: Gurdurr\n|-damage|p1a: Gurdurr|16/283 psn\n|-heal|p2a: Spectrier|237/274|[from] drain|[of] p1a: Gurdurr\n|-damage|p2a: Spectrier|210/274|[from] item: Life Orb\n|\n|-damage|p1a: Gurdurr|0 fnt|[from] psn\n|faint|p1a: Gurdurr\n|upkeep\n|\n|t:|1781439095\n|switch|p1a: Lucario|Lucario, L84, F|255/255\n|-damage|p1a: Lucario|248/255|[from] Stealth Rock\n|turn|21\n|\n|t:|1781439102\n|move|p1a: Lucario|Extreme Speed|p2a: Spectrier\n|-damage|p2a: Spectrier|89/274\n|-damage|p1a: Lucario|223/255|[from] item: Life Orb\n|move|p2a: Spectrier|Shadow Ball|p1a: Lucario\n|-crit|p1a: Lucario\n|-damage|p1a: Lucario|0 fnt\n|faint|p1a: Lucario\n|-ability|p2a: Spectrier|Grim Neigh|boost\n|-boost|p2a: Spectrier|spa|1\n|-damage|p2a: Spectrier|62/274|[from] item: Life Orb\n|\n|upkeep\n|\n|t:|1781439106\n|switch|p1a: Mightyena|Mightyena, L96, F|290/290\n|-status|p1a: Mightyena|psn\n|-damage|p1a: Mightyena|254/290 psn|[from] Stealth Rock\n|-ability|p1a: Mightyena|Intimidate|boost\n|-unboost|p2a: Spectrier|atk|1\n|turn|22\n|\n|t:|1781439109\n|move|p1a: Mightyena|Sucker Punch|p2a: Spectrier\n|-resisted|p2a: Spectrier\n|-damage|p2a: Spectrier|0 fnt\n|faint|p2a: Spectrier\n|\n|-heal|p1a: Mightyena|272/290 psn|[from] item: Leftovers\n|-damage|p1a: Mightyena|236/290 psn|[from] psn\n|upkeep\n|\n|t:|1781439113\n|switch|p2a: Slither Wing|Slither Wing, L81|270/270\n|turn|23\n|\n|t:|1781439120\n|switch|p1a: Farigiraf|Farigiraf, L90, M, tera:Water|27/362\n|-status|p1a: Farigiraf|psn\n|-damage|p1a: Farigiraf|0 fnt|[from] Stealth Rock\n|faint|p1a: Farigiraf\n|move|p2a: Slither Wing|U-turn|p1: Farigiraf|[notarget]\n|-fail|p2a: Slither Wing\n|\n|upkeep\n|\n|t:|1781439122\n|switch|p1a: Avalugg|Avalugg-Hisui, L90, M|317/317\n|turn|24\n|\n|t:|1781439126\n|move|p2a: Slither Wing|U-turn|p1a: Avalugg\n|-damage|p1a: Avalugg|274/317\n|\n|t:|1781439128\n|-end|p2a: Slither Wing|Protosynthesis|[silent]\n|switch|p2a: Hitmontop|Hitmontop, L88, M|231/231|[from] U-turn\n|-ability|p2a: Hitmontop|Intimidate|boost\n|-unboost|p1a: Avalugg|atk|1\n|move|p1a: Avalugg|Stone Edge|p2a: Hitmontop\n|-resisted|p2a: Hitmontop\n|-damage|p2a: Hitmontop|185/231\n|\n|upkeep\n|turn|25\n|\n|t:|1781439131\n|move|p2a: Hitmontop|Close Combat|p1a: Avalugg\n|-supereffective|p1a: Avalugg\n|-damage|p1a: Avalugg|0 fnt\n|-unboost|p2a: Hitmontop|def|1\n|-unboost|p2a: Hitmontop|spd|1\n|faint|p1a: Avalugg\n|\n|upkeep\n|\n|t:|1781439134\n|switch|p1a: Mightyena|Mightyena, L96, F|236/290 psn\n|-damage|p1a: Mightyena|200/290 psn|[from] Stealth Rock\n|-ability|p1a: Mightyena|Intimidate|boost\n|-unboost|p2a: Hitmontop|atk|1\n|turn|26\n|\n|t:|1781439137\n|move|p1a: Mightyena|Play Rough|p2a: Hitmontop\n|-supereffective|p2a: Hitmontop\n|-damage|p2a: Hitmontop|0 fnt\n|faint|p2a: Hitmontop\n|\n|-heal|p1a: Mightyena|218/290 psn|[from] item: Leftovers\n|-damage|p1a: Mightyena|182/290 psn|[from] psn\n|upkeep\n|\n|t:|1781439140\n|switch|p2a: Slither Wing|Slither Wing, L81|270/270\n|turn|27\n|\n|t:|1781439143\n|move|p2a: Slither Wing|Close Combat|p1a: Mightyena\n|-supereffective|p1a: Mightyena\n|-damage|p1a: Mightyena|0 fnt\n|-unboost|p2a: Slither Wing|def|1\n|-unboost|p2a: Slither Wing|spd|1\n|faint|p1a: Mightyena\n|\n|win|Geeta's Wig\n|raw|Valentina17's rating: 1923 &rarr; <strong>1904</strong><br />(-19 for losing)\n|raw|Geeta&apos;s Wig's rating: 1932 &rarr; <strong>1951</strong><br />(+19 for winning)\n", "inputlog": ">version a8376a258c1d4662feba110a92103f3664a72141\n>start {\"formatid\":\"gen9randombattle\",\"seed\":\"sodium,fa6f6ed3752bdbb32a4f63b6110e9178\",\"rated\":\"Rated battle\"}\n>player p1 {\"name\":\"Valentina17\",\"avatar\":\"parasollady\",\"rating\":1923,\"seed\":\"sodium,dcdacf3e0d87f21fe0dda2245e7a23c9\"}\n>player p2 {\"name\":\"Geeta's Wig\",\"avatar\":\"geeta\",\"rating\":1932,\"seed\":\"sodium,3fd8be587e288e52257e1d30aa61d736\"}\n>p1 move psychicnoise\n>p2 move uturn\n>p2 switch 3\n>p1 move psychicnoise\n>p2 move toxicspikes\n>p1 move psychicnoise\n>p2 switch 2\n>p1 move wish\n>p2 move knockoff\n>p1 move protect\n>p2 move stealthrock\n>p1 move bodyslam\n>p2 move psychicnoise\n>p1 move protect\n>p2 move knockoff\n>p1 move wish\n>p2 switch 3\n>p1 move protect\n>p2 move uturn\n>p1 move bodyslam\n>p2 move uturn\n>p2 switch 3\n>p1 move wish\n>p2 move knockoff\n>p1 move protect\n>p2 switch 4\n>p1 move bodyslam\n>p2 move nastyplot\n>p1 move bodyslam\n>p2 move fireblast\n>p1 move bodyslam\n>p2 move fireblast\n>p2 switch 5\n>p1 move psychicnoise\n>p2 move nastyplot\n>p1 move wish terastallize\n>p2 move darkpulse\n>p1 switch 5\n>p2 move drainingkiss\n>p1 move suckerpunch\n>p2 move drainingkiss terastallize\n>p1 switch 6\n>p1 move machpunch\n>p2 move drainingkiss\n>p1 switch 2\n>p1 move extremespeed\n>p2 move shadowball\n>p1 switch 4\n>p1 move suckerpunch\n>p2 move drainingkiss\n>p2 switch 3\n>p1 switch 5\n>p2 move uturn\n>p1 switch 3\n>p1 move stoneedge\n>p2 move uturn\n>p2 switch 6\n>p1 move bodypress\n>p2 move closecombat\n>p1 switch 5\n>p1 move playrough\n>p2 move closecombat\n>p2 switch 6\n>p1 move playrough\n>p2 move closecombat", "uploadtime": 1781438957, "views": 5, "formatid": "gen9randombattle", "rating": 1904, "private": 0, "password": null}