{"id": "gen9randombattle-2631526260", "format": "[Gen 9] Random Battle", "players": ["joigsabra", "Joalyr"], "log": "|j|\u2606joigsabra\n|j|\u2606Joalyr\n|t:|1781396679\n|gametype|singles\n|player|p1|joigsabra|guzma|1959\n|player|p2|Joalyr|102|1938\n|gen|9\n|tier|[Gen 9] Random Battle\n|rated|\n|rule|Species Clause: Limit one of each Pok\u00e9mon\n|rule|HP Percentage Mod: HP is shown in percentages\n|rule|Sleep Clause Mod: Limit one foe put to sleep\n|rule|Illusion Level Mod: Illusion disguises the Pok\u00e9mon's true level\n|\n|t:|1781396679\n|teamsize|p1|6\n|teamsize|p2|6\n|start\n|switch|p1a: Walking Wake|Walking Wake, L79|286/286\n|switch|p2a: Chien-Pao|Chien-Pao, L72|234/234\n|-ability|p2a: Chien-Pao|Sword of Ruin\n|turn|1\n|\n|t:|1781396703\n|-end|p1a: Walking Wake|Protosynthesis|[silent]\n|switch|p1a: Regirock|Regirock, L83|268/268\n|move|p2a: Chien-Pao|Crunch|p1a: Regirock\n|-damage|p1a: Regirock|187/268\n|\n|-heal|p1a: Regirock|203/268|[from] item: Leftovers\n|upkeep\n|turn|2\n|\n|t:|1781396716\n|switch|p2a: Barraskewda|Barraskewda, L81, M|231/231\n|move|p1a: Regirock|Thunder Wave|p2a: Barraskewda\n|-status|p2a: Barraskewda|par\n|\n|-heal|p1a: Regirock|219/268|[from] item: Leftovers\n|upkeep\n|turn|3\n|\n|t:|1781396722\n|switch|p1a: Abomasnow|Abomasnow, L84, F|287/287\n|-weather|Snowscape|[from] ability: Snow Warning|[of] p1a: Abomasnow\n|cant|p2a: Barraskewda|par\n|\n|-weather|Snowscape|[upkeep]\n|upkeep\n|turn|4\n|\n|t:|1781396730\n|switch|p2a: Munkidori|Munkidori, L79, M|269/269\n|move|p1a: Abomasnow|Aurora Veil|p1a: Abomasnow\n|-sidestart|p1: joigsabra|move: Aurora Veil\n|\n|-weather|Snowscape|[upkeep]\n|upkeep\n|turn|5\n|\n|t:|1781396739\n|move|p2a: Munkidori|Nasty Plot|p2a: Munkidori\n|-boost|p2a: Munkidori|spa|2\n|move|p1a: Abomasnow|Earthquake|p2a: Munkidori\n|-supereffective|p2a: Munkidori\n|-damage|p2a: Munkidori|91/269\n|\n|-weather|Snowscape|[upkeep]\n|upkeep\n|turn|6\n|\n|t:|1781396750\n|switch|p1a: Toedscruel|Toedscruel, L87, M|281/281\n|move|p2a: Munkidori|Sludge Wave|p1a: Toedscruel\n|-damage|p1a: Toedscruel|169/281\n|-damage|p2a: Munkidori|65/269|[from] item: Life Orb\n|\n|-weather|Snowscape|[upkeep]\n|-heal|p1a: Toedscruel|186/281|[from] item: Leftovers\n|upkeep\n|turn|7\n|\n|t:|1781396757\n|move|p1a: Toedscruel|Earth Power|p2a: Munkidori\n|-supereffective|p2a: Munkidori\n|-damage|p2a: Munkidori|0 fnt\n|faint|p2a: Munkidori\n|\n|-weather|none\n|-heal|p1a: Toedscruel|203/281|[from] item: Leftovers\n|upkeep\n|\n|t:|1781396760\n|switch|p2a: Cresselia|Cresselia, L80, F|323/323\n|turn|8\n|\n|t:|1781396766\n|switch|p2a: Barraskewda|Barraskewda, L81, M|231/231 par\n|move|p1a: Toedscruel|Toxic||[still]\n|-fail|p1a: Toedscruel\n|\n|-heal|p1a: Toedscruel|220/281|[from] item: Leftovers\n|upkeep\n|turn|9\n|\n|t:|1781396771\n|switch|p2a: Muk|Muk-Alola, L82, M|306/306\n|move|p1a: Toedscruel|Leaf Storm|p2a: Muk|[miss]\n|-miss|p1a: Toedscruel|p2a: Muk\n|\n|-heal|p1a: Toedscruel|237/281|[from] item: Leftovers\n|upkeep\n|turn|10\n|\n|t:|1781396780\n|move|p1a: Toedscruel|Earth Power|p2a: Muk\n|-supereffective|p2a: Muk\n|-damage|p2a: Muk|196/306\n|move|p2a: Muk|Knock Off|p1a: Toedscruel\n|-damage|p1a: Toedscruel|177/281\n|-enditem|p1a: Toedscruel|Leftovers|[from] move: Knock Off|[of] p2a: Muk\n|\n|upkeep\n|turn|11\n|\n|t:|1781396790\n|move|p1a: Toedscruel|Earth Power|p2a: Muk\n|-supereffective|p2a: Muk\n|-damage|p2a: Muk|80/306\n|move|p2a: Muk|Poison Jab|p1a: Toedscruel\n|-damage|p1a: Toedscruel|128/281\n|\n|-sideend|p1: joigsabra|move: Aurora Veil\n|upkeep\n|turn|12\n|\n|t:|1781396805\n|move|p2a: Muk|Shadow Sneak|p1a: Toedscruel\n|-damage|p1a: Toedscruel|95/281\n|move|p1a: Toedscruel|Earth Power|p2a: Muk\n|-supereffective|p2a: Muk\n|-damage|p2a: Muk|0 fnt\n|faint|p2a: Muk\n|\n|upkeep\n|\n|t:|1781396810\n|switch|p2a: Chien-Pao|Chien-Pao, L72|234/234\n|-ability|p2a: Chien-Pao|Sword of Ruin\n|turn|13\n|\n|t:|1781396819\n|switch|p1a: Abomasnow|Abomasnow, L84, F|287/287\n|-weather|Snowscape|[from] ability: Snow Warning|[of] p1a: Abomasnow\n|move|p2a: Chien-Pao|Sacred Sword|p1a: Abomasnow\n|-supereffective|p1a: Abomasnow\n|-damage|p1a: Abomasnow|115/287\n|\n|-weather|Snowscape|[upkeep]\n|upkeep\n|turn|14\n|\n|t:|1781396848\n|move|p2a: Chien-Pao|Sacred Sword|p1a: Abomasnow\n|-supereffective|p1a: Abomasnow\n|-damage|p1a: Abomasnow|0 fnt\n|faint|p1a: Abomasnow\n|\n|-weather|Snowscape|[upkeep]\n|upkeep\n|\n|t:|1781396851\n|switch|p1a: Salazzle|Salazzle, L83, F|249/249\n|turn|15\n|\n|t:|1781396855\n|switch|p2a: Barraskewda|Barraskewda, L81, M|231/231 par\n|move|p1a: Salazzle|Substitute|p1a: Salazzle\n|-start|p1a: Salazzle|Substitute\n|-damage|p1a: Salazzle|187/249\n|\n|-weather|Snowscape|[upkeep]\n|-heal|p1a: Salazzle|202/249|[from] item: Leftovers\n|upkeep\n|turn|16\n|\n|t:|1781396860\n|move|p1a: Salazzle|Protect|p1a: Salazzle\n|-singleturn|p1a: Salazzle|Protect\n|move|p2a: Barraskewda|Waterfall|p1a: Salazzle\n|-activate|p1a: Salazzle|move: Protect\n|\n|-weather|Snowscape|[upkeep]\n|-heal|p1a: Salazzle|217/249|[from] item: Leftovers\n|upkeep\n|turn|17\n|\n|t:|1781396865\n|move|p1a: Salazzle|Flamethrower|p2a: Barraskewda\n|-resisted|p2a: Barraskewda\n|-damage|p2a: Barraskewda|148/231 par\n|move|p2a: Barraskewda|Waterfall|p1a: Salazzle\n|-supereffective|p1a: Salazzle\n|-end|p1a: Salazzle|Substitute\n|\n|-weather|none\n|-heal|p1a: Salazzle|232/249|[from] item: Leftovers\n|upkeep\n|turn|18\n|\n|t:|1781396869\n|move|p1a: Salazzle|Substitute|p1a: Salazzle\n|-start|p1a: Salazzle|Substitute\n|-damage|p1a: Salazzle|170/249\n|move|p2a: Barraskewda|Waterfall|p1a: Salazzle\n|-supereffective|p1a: Salazzle\n|-end|p1a: Salazzle|Substitute\n|\n|-heal|p1a: Salazzle|185/249|[from] item: Leftovers\n|upkeep\n|turn|19\n|\n|t:|1781396871\n|move|p1a: Salazzle|Protect|p1a: Salazzle\n|-singleturn|p1a: Salazzle|Protect\n|cant|p2a: Barraskewda|par\n|\n|-heal|p1a: Salazzle|200/249|[from] item: Leftovers\n|upkeep\n|turn|20\n|\n|t:|1781396873\n|move|p1a: Salazzle|Substitute|p1a: Salazzle\n|-start|p1a: Salazzle|Substitute\n|-damage|p1a: Salazzle|138/249\n|cant|p2a: Barraskewda|par\n|\n|-heal|p1a: Salazzle|153/249|[from] item: Leftovers\n|upkeep\n|turn|21\n|\n|t:|1781396877\n|move|p1a: Salazzle|Protect|p1a: Salazzle\n|-singleturn|p1a: Salazzle|Protect\n|move|p2a: Barraskewda|Waterfall|p1a: Salazzle\n|-activate|p1a: Salazzle|move: Protect\n|\n|-heal|p1a: Salazzle|168/249|[from] item: Leftovers\n|upkeep\n|turn|22\n|\n|t:|1781396879\n|move|p1a: Salazzle|Flamethrower|p2a: Barraskewda\n|-resisted|p2a: Barraskewda\n|-damage|p2a: Barraskewda|63/231 par\n|move|p2a: Barraskewda|Waterfall|p1a: Salazzle\n|-supereffective|p1a: Salazzle\n|-end|p1a: Salazzle|Substitute\n|\n|-heal|p1a: Salazzle|183/249|[from] item: Leftovers\n|upkeep\n|turn|23\n|\n|t:|1781396881\n|move|p1a: Salazzle|Protect|p1a: Salazzle\n|-singleturn|p1a: Salazzle|Protect\n|move|p2a: Barraskewda|Waterfall|p1a: Salazzle\n|-activate|p1a: Salazzle|move: Protect\n|\n|-heal|p1a: Salazzle|198/249|[from] item: Leftovers\n|upkeep\n|turn|24\n|\n|t:|1781396883\n|move|p1a: Salazzle|Substitute|p1a: Salazzle\n|-start|p1a: Salazzle|Substitute\n|-damage|p1a: Salazzle|136/249\n|cant|p2a: Barraskewda|par\n|\n|-heal|p1a: Salazzle|151/249|[from] item: Leftovers\n|upkeep\n|turn|25\n|\n|t:|1781396887\n|move|p1a: Salazzle|Protect|p1a: Salazzle\n|-singleturn|p1a: Salazzle|Protect\n|move|p2a: Barraskewda|Waterfall|p1a: Salazzle\n|-activate|p1a: Salazzle|move: Protect\n|\n|-heal|p1a: Salazzle|166/249|[from] item: Leftovers\n|upkeep\n|turn|26\n|\n|t:|1781396888\n|move|p1a: Salazzle|Flamethrower|p2a: Barraskewda\n|-resisted|p2a: Barraskewda\n|-damage|p2a: Barraskewda|0 fnt\n|faint|p2a: Barraskewda\n|\n|-heal|p1a: Salazzle|181/249|[from] item: Leftovers\n|upkeep\n|\n|t:|1781396895\n|switch|p2a: Cresselia|Cresselia, L80, F|323/323\n|turn|27\n|\n|t:|1781396900\n|-terastallize|p2a: Cresselia|Poison\n|move|p1a: Salazzle|Toxic|p2a: Cresselia\n|-status|p2a: Cresselia|tox\n|move|p2a: Cresselia|Psyshock|p1a: Salazzle\n|-supereffective|p1a: Salazzle\n|-end|p1a: Salazzle|Substitute\n|\n|-heal|p1a: Salazzle|196/249|[from] item: Leftovers\n|-damage|p2a: Cresselia|303/323 tox|[from] psn\n|upkeep\n|turn|28\n|\n|t:|1781396904\n|move|p1a: Salazzle|Protect|p1a: Salazzle\n|-singleturn|p1a: Salazzle|Protect\n|move|p2a: Cresselia|Psyshock|p1a: Salazzle\n|-activate|p1a: Salazzle|move: Protect\n|\n|-heal|p1a: Salazzle|211/249|[from] item: Leftovers\n|-heal|p2a: Cresselia|323/323 tox|[from] item: Leftovers\n|-damage|p2a: Cresselia|283/323 tox|[from] psn\n|upkeep\n|turn|29\n|\n|t:|1781396906\n|move|p1a: Salazzle|Substitute|p1a: Salazzle\n|-start|p1a: Salazzle|Substitute\n|-damage|p1a: Salazzle|149/249\n|move|p2a: Cresselia|Psyshock|p1a: Salazzle\n|-supereffective|p1a: Salazzle\n|-end|p1a: Salazzle|Substitute\n|\n|-heal|p1a: Salazzle|164/249|[from] item: Leftovers\n|-heal|p2a: Cresselia|303/323 tox|[from] item: Leftovers\n|-damage|p2a: Cresselia|243/323 tox|[from] psn\n|upkeep\n|turn|30\n|\n|t:|1781396913\n|move|p1a: Salazzle|Protect|p1a: Salazzle\n|-singleturn|p1a: Salazzle|Protect\n|move|p2a: Cresselia|Calm Mind|p2a: Cresselia\n|-boost|p2a: Cresselia|spa|1\n|-boost|p2a: Cresselia|spd|1\n|\n|-heal|p1a: Salazzle|179/249|[from] item: Leftovers\n|-heal|p2a: Cresselia|263/323 tox|[from] item: Leftovers\n|-damage|p2a: Cresselia|183/323 tox|[from] psn\n|upkeep\n|turn|31\n|\n|t:|1781396915\n|move|p1a: Salazzle|Substitute|p1a: Salazzle\n|-start|p1a: Salazzle|Substitute\n|-damage|p1a: Salazzle|117/249\n|move|p2a: Cresselia|Psyshock|p1a: Salazzle\n|-supereffective|p1a: Salazzle\n|-end|p1a: Salazzle|Substitute\n|\n|-heal|p1a: Salazzle|132/249|[from] item: Leftovers\n|-heal|p2a: Cresselia|203/323 tox|[from] item: Leftovers\n|-damage|p2a: Cresselia|103/323 tox|[from] psn\n|upkeep\n|turn|32\n|\n|t:|1781396918\n|move|p1a: Salazzle|Protect|p1a: Salazzle\n|-singleturn|p1a: Salazzle|Protect\n|move|p2a: Cresselia|Moonlight|p2a: Cresselia\n|-heal|p2a: Cresselia|264/323 tox\n|\n|-heal|p1a: Salazzle|147/249|[from] item: Leftovers\n|-heal|p2a: Cresselia|284/323 tox|[from] item: Leftovers\n|-damage|p2a: Cresselia|164/323 tox|[from] psn\n|upkeep\n|turn|33\n|\n|t:|1781396920\n|move|p1a: Salazzle|Substitute|p1a: Salazzle\n|-start|p1a: Salazzle|Substitute\n|-damage|p1a: Salazzle|85/249\n|move|p2a: Cresselia|Psyshock|p1a: Salazzle\n|-supereffective|p1a: Salazzle\n|-end|p1a: Salazzle|Substitute\n|\n|-heal|p1a: Salazzle|100/249|[from] item: Leftovers\n|-heal|p2a: Cresselia|184/323 tox|[from] item: Leftovers\n|-damage|p2a: Cresselia|44/323 tox|[from] psn\n|upkeep\n|turn|34\n|\n|t:|1781396923\n|move|p1a: Salazzle|Protect|p1a: Salazzle\n|-singleturn|p1a: Salazzle|Protect\n|move|p2a: Cresselia|Psyshock|p1a: Salazzle\n|-activate|p1a: Salazzle|move: Protect\n|\n|-heal|p1a: Salazzle|115/249|[from] item: Leftovers\n|-heal|p2a: Cresselia|64/323 tox|[from] item: Leftovers\n|-damage|p2a: Cresselia|0 fnt|[from] psn\n|faint|p2a: Cresselia\n|upkeep\n|\n|t:|1781396929\n|switch|p2a: Diancie|Diancie, L82|216/216\n|turn|35\n|\n|t:|1781396938\n|move|p1a: Salazzle|Substitute|p1a: Salazzle\n|-start|p1a: Salazzle|Substitute\n|-damage|p1a: Salazzle|53/249\n|move|p2a: Diancie|Rock Polish|p2a: Diancie\n|-boost|p2a: Diancie|spe|2\n|\n|-heal|p1a: Salazzle|68/249|[from] item: Leftovers\n|upkeep\n|turn|36\n|\n|t:|1781396944\n|move|p2a: Diancie|Diamond Storm|p1a: Salazzle\n|-supereffective|p1a: Salazzle\n|-end|p1a: Salazzle|Substitute\n|-boost|p2a: Diancie|def|2\n|move|p1a: Salazzle|Toxic|p2a: Diancie\n|-status|p2a: Diancie|tox\n|\n|-heal|p1a: Salazzle|83/249|[from] item: Leftovers\n|-damage|p2a: Diancie|203/216 tox|[from] psn\n|upkeep\n|turn|37\n|\n|t:|1781396949\n|move|p1a: Salazzle|Protect|p1a: Salazzle\n|-singleturn|p1a: Salazzle|Protect\n|move|p2a: Diancie|Diamond Storm|p1a: Salazzle\n|-activate|p1a: Salazzle|move: Protect\n|\n|-heal|p2a: Diancie|216/216 tox|[from] item: Leftovers\n|-heal|p1a: Salazzle|98/249|[from] item: Leftovers\n|-damage|p2a: Diancie|190/216 tox|[from] psn\n|upkeep\n|turn|38\n|\n|t:|1781396951\n|switch|p1a: Toedscruel|Toedscruel, L87, M|95/281\n|move|p2a: Diancie|Diamond Storm|p1a: Toedscruel\n|-resisted|p1a: Toedscruel\n|-damage|p1a: Toedscruel|37/281\n|-boost|p2a: Diancie|def|2\n|\n|-heal|p2a: Diancie|203/216 tox|[from] item: Leftovers\n|-damage|p2a: Diancie|164/216 tox|[from] psn\n|upkeep\n|turn|39\n|\n|t:|1781396955\n|move|p2a: Diancie|Moonblast|p1a: Toedscruel\n|-damage|p1a: Toedscruel|0 fnt\n|faint|p1a: Toedscruel\n|\n|-heal|p2a: Diancie|177/216 tox|[from] item: Leftovers\n|-damage|p2a: Diancie|125/216 tox|[from] psn\n|upkeep\n|\n|t:|1781396956\n|switch|p1a: Salazzle|Salazzle, L83, F|98/249\n|turn|40\n|\n|t:|1781396959\n|move|p1a: Salazzle|Protect|p1a: Salazzle\n|-singleturn|p1a: Salazzle|Protect\n|move|p2a: Diancie|Diamond Storm|p1a: Salazzle\n|-activate|p1a: Salazzle|move: Protect\n|\n|-heal|p2a: Diancie|138/216 tox|[from] item: Leftovers\n|-heal|p1a: Salazzle|113/249|[from] item: Leftovers\n|-damage|p2a: Diancie|73/216 tox|[from] psn\n|upkeep\n|turn|41\n|\n|t:|1781396966\n|switch|p1a: Walking Wake|Walking Wake, L79|286/286\n|move|p2a: Diancie|Diamond Storm|p1a: Walking Wake\n|-damage|p1a: Walking Wake|181/286\n|\n|-heal|p2a: Diancie|86/216 tox|[from] item: Leftovers\n|-damage|p2a: Diancie|8/216 tox|[from] psn\n|upkeep\n|turn|42\n|\n|t:|1781396969\n|move|p2a: Diancie|Moonblast|p1a: Walking Wake\n|-supereffective|p1a: Walking Wake\n|-damage|p1a: Walking Wake|0 fnt\n|faint|p1a: Walking Wake\n|-end|p1a: Walking Wake|Protosynthesis|[silent]\n|\n|-heal|p2a: Diancie|21/216 tox|[from] item: Leftovers\n|-damage|p2a: Diancie|0 fnt|[from] psn\n|faint|p2a: Diancie\n|upkeep\n|\n|t:|1781396973\n|switch|p1a: Salazzle|Salazzle, L83, F|113/249\n|switch|p2a: Chien-Pao|Chien-Pao, L72|234/234\n|-ability|p2a: Chien-Pao|Sword of Ruin\n|turn|43\n|\n|t:|1781396981\n|move|p1a: Salazzle|Protect|p1a: Salazzle\n|-singleturn|p1a: Salazzle|Protect\n|move|p2a: Chien-Pao|Crunch|p1a: Salazzle\n|-activate|p1a: Salazzle|move: Protect\n|\n|-heal|p1a: Salazzle|128/249|[from] item: Leftovers\n|upkeep\n|turn|44\n|\n|t:|1781396985\n|move|p1a: Salazzle|Toxic|p2a: Chien-Pao\n|-status|p2a: Chien-Pao|tox\n|move|p2a: Chien-Pao|Crunch|p1a: Salazzle\n|-damage|p1a: Salazzle|0 fnt\n|faint|p1a: Salazzle\n|\n|-damage|p2a: Chien-Pao|220/234 tox|[from] psn\n|upkeep\n|\n|t:|1781396986\n|switch|p1a: Koraidon|Koraidon, L64|235/235\n|-weather|SunnyDay|[from] ability: Orichalcum Pulse|[of] p1a: Koraidon\n|-activate|p1a: Koraidon|Orichalcum Pulse|[source]\n|turn|45\n|l|\u2606Joalyr\n|player|p2|\n|inactive|Battle timer is ON: inactive players will automatically lose when time's up. (requested by joigsabra)\n|inactive|Joalyr has 30 seconds to reconnect!\n|inactive|Joalyr has 20 seconds to reconnect!\n|inactive|Joalyr has 15 seconds to reconnect!\n|inactive|Joalyr has 10 seconds to reconnect!\n|inactive|Joalyr has 5 seconds to reconnect!\n|-message|Joalyr lost due to inactivity.\n|\n|win|joigsabra\n", "inputlog": ">version a8376a258c1d4662feba110a92103f3664a72141\n>start {\"formatid\":\"gen9randombattle\",\"seed\":\"sodium,74b4acd6e2a0c14ad4b5aee17af07570\",\"rated\":\"Rated battle\"}\n>player p1 {\"name\":\"joigsabra\",\"avatar\":\"guzma\",\"rating\":1959,\"seed\":\"sodium,13a560d23c69800b17b13ccc0b086d85\"}\n>player p2 {\"name\":\"Joalyr\",\"avatar\":\"102\",\"rating\":1938,\"seed\":\"sodium,092635d88a5dec69f82bb866277693e2\"}\n>p1 switch 6\n>p2 move crunch\n>p1 move thunderwave\n>p2 switch 5\n>p1 switch 2\n>p2 move waterfall\n>p1 move auroraveil\n>p2 switch 6\n>p1 move earthquake\n>p2 move nastyplot\n>p1 switch 3\n>p2 move sludgewave\n>p1 move earthpower\n>p2 move psyshock\n>p2 switch 3\n>p1 move toxic\n>p2 switch 6\n>p1 move leafstorm\n>p2 switch 4\n>p1 move earthpower\n>p2 move knockoff\n>p1 move earthpower\n>p2 move poisonjab\n>p1 move earthpower\n>p2 move shadowsneak\n>p2 switch 5\n>p1 switch 3\n>p2 move sacredsword\n>p1 move auroraveil\n>p2 move sacredsword\n>p1 switch 4\n>p1 move substitute\n>p2 switch 4\n>p1 move protect\n>p2 move waterfall\n>p1 move flamethrower\n>p2 move waterfall\n>p1 move substitute\n>p2 move waterfall\n>p1 move protect\n>p2 move waterfall\n>p1 move substitute\n>p2 move waterfall\n>p1 move protect\n>p2 move waterfall\n>p1 move flamethrower\n>p2 move waterfall\n>p1 move protect\n>p2 move waterfall\n>p1 move substitute\n>p2 move waterfall\n>p1 move protect\n>p2 move waterfall\n>p1 move flamethrower\n>p2 move waterfall\n>p2 switch 6\n>p1 move toxic\n>p2 move psyshock terastallize\n>p1 move protect\n>p2 move psyshock\n>p1 move substitute\n>p2 move psyshock\n>p1 move protect\n>p2 move calmmind\n>p1 move substitute\n>p2 move psyshock\n>p1 move protect\n>p2 move moonlight\n>p1 move substitute\n>p2 move psyshock\n>p1 move protect\n>p2 move psyshock\n>p2 switch 2\n>p1 move substitute\n>p2 move rockpolish\n>p1 move toxic\n>p2 move diamondstorm\n>p1 move protect\n>p2 move diamondstorm\n>p1 switch 3\n>p2 move diamondstorm\n>p1 move leafstorm\n>p2 move moonblast\n>p1 switch 3\n>p1 move protect\n>p2 move diamondstorm\n>p1 switch 6\n>p2 move diamondstorm\n>p1 move sunnyday\n>p2 move moonblast\n>p1 switch 6\n>p2 switch 4\n>p1 move protect\n>p2 move crunch\n>p1 move toxic\n>p2 move crunch\n>p1 switch 5\n>forcelose p2", "uploadtime": 1781396682, "views": 5, "formatid": "gen9randombattle", "rating": null, "private": 0, "password": null}