{"id": "gen9randombattle-2631882777", "format": "[Gen 9] Random Battle", "players": ["JustHaxRelax", "Crysys1"], "log": "|j|\u2606JustHaxRelax\n|j|\u2606Crysys1\n|t:|1781451678\n|gametype|singles\n|player|p1|JustHaxRelax|169|2281\n|player|p2|Crysys1|265|2288\n|gen|9\n|tier|[Gen 9] Random Battle\n|rated|\n|rule|Species Clause: Limit one of each Pok\u00e9mon\n|rule|HP Percentage Mod: HP is shown in percentages\n|rule|Sleep Clause Mod: Limit one foe put to sleep\n|rule|Illusion Level Mod: Illusion disguises the Pok\u00e9mon's true level\n|\n|t:|1781451678\n|teamsize|p1|6\n|teamsize|p2|6\n|start\n|switch|p1a: Qwilfish|Qwilfish, L86, F|252/252\n|switch|p2a: Sawsbuck|Sawsbuck-Autumn, L88, F|284/284\n|-ability|p1a: Qwilfish|Intimidate|boost\n|-unboost|p2a: Sawsbuck|atk|1\n|turn|1\n|inactive|Battle timer is ON: inactive players will automatically lose when time's up. (requested by Crysys1)\n|inactive|JustHaxRelax has 120 seconds left.\n|inactive|JustHaxRelax has 90 seconds left.\n|inactive|JustHaxRelax has 60 seconds left.\n|inactive|JustHaxRelax has 30 seconds left.\n|\n|t:|1781451842\n|switch|p2a: Vespiquen|Vespiquen, L99, F|299/299\n|-ability|p2a: Vespiquen|Pressure\n|move|p1a: Qwilfish|Gunk Shot|p2a: Vespiquen\n|-damage|p2a: Vespiquen|203/299\n|\n|upkeep\n|turn|2\n|inactive|JustHaxRelax has 90 seconds left.\n|\n|t:|1781451860\n|move|p1a: Qwilfish|Toxic|p2a: Vespiquen\n|-status|p2a: Vespiquen|tox\n|move|p2a: Vespiquen|Roost|p2a: Vespiquen\n|-heal|p2a: Vespiquen|299/299 tox\n|-singleturn|p2a: Vespiquen|move: Roost\n|\n|-damage|p2a: Vespiquen|281/299 tox|[from] psn\n|upkeep\n|turn|3\n|inactive|JustHaxRelax has 90 seconds left.\n|\n|t:|1781451869\n|move|p1a: Qwilfish|Flip Turn|p2a: Vespiquen\n|-damage|p2a: Vespiquen|235/299 tox\n|\n|t:|1781451874\n|switch|p1a: Weezing|Weezing-Galar, L86, M|252/252|[from] Flip Turn\n|move|p2a: Vespiquen|Toxic Spikes|p1a: Weezing\n|-sidestart|p1: JustHaxRelax|move: Toxic Spikes\n|\n|-damage|p2a: Vespiquen|199/299 tox|[from] psn\n|upkeep\n|turn|4\n|\n|t:|1781451888\n|move|p1a: Weezing|Strange Steam|p2a: Vespiquen\n|-damage|p2a: Vespiquen|136/299 tox\n|move|p2a: Vespiquen|Hurricane|p1a: Weezing\n|-damage|p1a: Weezing|84/252\n|-start|p1a: Weezing|confusion\n|\n|-heal|p1a: Weezing|99/252|[from] item: Leftovers\n|-damage|p2a: Vespiquen|82/299 tox|[from] psn\n|upkeep\n|turn|5\n|\n|t:|1781451896\n|-activate|p1a: Weezing|confusion\n|move|p1a: Weezing|Defog|p2a: Vespiquen\n|-unboost|p2a: Vespiquen|evasion|1\n|-sideend|p1: JustHaxRelax|Toxic Spikes|[from] move: Defog|[of] p1a: Weezing\n|move|p2a: Vespiquen|Hurricane|p1a: Weezing\n|-damage|p1a: Weezing|0 fnt\n|faint|p1a: Weezing\n|\n|-damage|p2a: Vespiquen|10/299 tox|[from] psn\n|upkeep\n|\n|t:|1781451904\n|switch|p1a: Qwilfish|Qwilfish, L86, F|252/252\n|-ability|p1a: Qwilfish|Intimidate|boost\n|-unboost|p2a: Vespiquen|atk|1\n|turn|6\n|\n|t:|1781451915\n|switch|p2a: Basculegion|Basculegion-F, L83, F|335/335\n|move|p1a: Qwilfish|Flip Turn|p2a: Basculegion\n|-resisted|p2a: Basculegion\n|-damage|p2a: Basculegion|294/335\n|inactive|JustHaxRelax has 90 seconds left.\n|\n|t:|1781451947\n|switch|p1a: Komala|Komala, L88, F|258/258|[from] Flip Turn\n|-ability|p1a: Komala|Comatose\n|\n|upkeep\n|turn|7\n|inactive|Crysys1 has 120 seconds left.\n|\n|t:|1781451981\n|move|p1a: Komala|Knock Off|p2a: Basculegion\n|-supereffective|p2a: Basculegion\n|-damage|p2a: Basculegion|82/335\n|-enditem|p2a: Basculegion|Choice Specs|[from] move: Knock Off|[of] p1a: Komala\n|move|p2a: Basculegion|Flip Turn|p1a: Komala\n|-damage|p1a: Komala|158/258\n|inactive|Crysys1 has 120 seconds left.\n|\n|t:|1781451994\n|switch|p2a: Vespiquen|Vespiquen, L99, F|10/299 tox|[from] Flip Turn\n|-ability|p2a: Vespiquen|Pressure\n|\n|-damage|p2a: Vespiquen|0 fnt|[from] psn\n|faint|p2a: Vespiquen\n|upkeep\n|\n|t:|1781451998\n|switch|p2a: Sawsbuck|Sawsbuck-Autumn, L88, F|284/284\n|turn|8\n|inactive|JustHaxRelax has 90 seconds left.\n|\n|t:|1781452044\n|switch|p1a: Wyrdeer|Wyrdeer, L87, F|321/321\n|-ability|p1a: Wyrdeer|Intimidate|boost\n|-unboost|p2a: Sawsbuck|atk|1\n|move|p2a: Sawsbuck|Swords Dance|p2a: Sawsbuck\n|-boost|p2a: Sawsbuck|atk|2\n|\n|upkeep\n|turn|9\n|inactive|JustHaxRelax has 60 seconds left.\n|inactive|Crysys1 has 120 seconds left.\n|\n|t:|1781452080\n|move|p2a: Sawsbuck|Headbutt|p1a: Wyrdeer\n|-damage|p1a: Wyrdeer|152/321\n|-damage|p2a: Sawsbuck|256/284|[from] item: Life Orb\n|cant|p1a: Wyrdeer|flinch\n|\n|upkeep\n|turn|10\n|\n|t:|1781452087\n|move|p2a: Sawsbuck|Swords Dance|p2a: Sawsbuck\n|-boost|p2a: Sawsbuck|atk|2\n|move|p1a: Wyrdeer|Megahorn|p2a: Sawsbuck\n|-supereffective|p2a: Sawsbuck\n|-damage|p2a: Sawsbuck|58/284\n|\n|upkeep\n|turn|11\n|inactive|JustHaxRelax has 60 seconds left.\n|\n|t:|1781452094\n|move|p2a: Sawsbuck|Horn Leech|p1a: Wyrdeer\n|-damage|p1a: Wyrdeer|0 fnt\n|-heal|p2a: Sawsbuck|134/284|[from] drain|[of] p1a: Wyrdeer\n|faint|p1a: Wyrdeer\n|-damage|p2a: Sawsbuck|106/284|[from] item: Life Orb\n|\n|upkeep\n|inactive|JustHaxRelax has 60 seconds left.\n|\n|t:|1781452100\n|switch|p1a: Komala|Komala, L88, F|158/258\n|-ability|p1a: Komala|Comatose\n|turn|12\n|inactive|JustHaxRelax has 60 seconds left.\n|\n|t:|1781452116\n|switch|p2a: Basculegion|Basculegion-F, L83, F|82/335\n|move|p1a: Komala|U-turn|p2a: Basculegion\n|-resisted|p2a: Basculegion\n|-damage|p2a: Basculegion|44/335\n|inactive|JustHaxRelax has 60 seconds left.\n|inactive|JustHaxRelax has 30 seconds left.\n|\n|t:|1781452156\n|switch|p1a: Qwilfish|Qwilfish, L86, F|252/252|[from] U-turn\n|-ability|p1a: Qwilfish|Intimidate|boost\n|-unboost|p2a: Basculegion|atk|1\n|\n|upkeep\n|turn|13\n|\n|t:|1781452169\n|move|p1a: Qwilfish|Gunk Shot|p2a: Basculegion|[miss]\n|-miss|p1a: Qwilfish|p2a: Basculegion\n|move|p2a: Basculegion|Shadow Ball|p1a: Qwilfish\n|-damage|p1a: Qwilfish|88/252\n|\n|upkeep\n|turn|14\n|-message|JustHaxRelax forfeited.\n|\n|win|Crysys1\n", "inputlog": ">version a8376a258c1d4662feba110a92103f3664a72141\n>start {\"formatid\":\"gen9randombattle\",\"seed\":\"sodium,8bd802ff75cb71a173bad7e78ebac71f\",\"rated\":\"Rated battle\"}\n>player p1 {\"name\":\"JustHaxRelax\",\"avatar\":\"169\",\"rating\":2281,\"seed\":\"sodium,1672cabf5f74bd8e0e0925573e572072\"}\n>player p2 {\"name\":\"Crysys1\",\"avatar\":\"265\",\"rating\":2288,\"seed\":\"sodium,51412162586d7387267bb71c83acc423\"}\n>p1 move gunkshot\n>p2 switch 3\n>p1 move toxic\n>p2 move roost\n>p1 move flipturn\n>p2 move toxicspikes\n>p1 switch 4\n>p1 move strangesteam\n>p2 move hurricane\n>p1 move defog\n>p2 move hurricane\n>p1 switch 4\n>p1 move flipturn\n>p2 switch 2\n>p1 switch 6\n>p1 move knockoff\n>p2 move flipturn\n>p2 switch 2\n>p2 switch 3\n>p1 switch 5\n>p2 move swordsdance\n>p1 move megahorn\n>p2 move headbutt\n>p1 move megahorn\n>p2 move swordsdance\n>p1 move bodyslam\n>p2 move hornleech\n>p1 switch 5\n>p1 move uturn\n>p2 switch 2\n>p1 switch 6\n>p1 move gunkshot\n>p2 move shadowball\n>forcelose p1", "uploadtime": 1781451680, "views": 7, "formatid": "gen9randombattle", "rating": null, "private": 0, "password": null}