{"id": "gen9randombattle-2631929630", "format": "[Gen 9] Random Battle", "players": ["Jhon Xina", "personanongrattata"], "log": "|j|\u2606Jhon Xina\n|j|\u2606personanongrattata\n|t:|1781456760\n|gametype|singles\n|player|p1|Jhon Xina|1|2065\n|player|p2|personanongrattata|youngster-gen4dp|2170\n|gen|9\n|tier|[Gen 9] Random Battle\n|rated|\n|rule|Species Clause: Limit one of each Pok\u00e9mon\n|rule|HP Percentage Mod: HP is shown in percentages\n|rule|Sleep Clause Mod: Limit one foe put to sleep\n|rule|Illusion Level Mod: Illusion disguises the Pok\u00e9mon's true level\n|\n|t:|1781456760\n|teamsize|p1|6\n|teamsize|p2|6\n|start\n|switch|p1a: Venomoth|Venomoth, L84, F|255/255\n|switch|p2a: Groudon|Groudon, L72|263/263\n|-weather|SunnyDay|[from] ability: Drought|[of] p2a: Groudon\n|turn|1\n|inactive|Battle timer is ON: inactive players will automatically lose when time's up. (requested by personanongrattata)\n|inactive|Jhon Xina also wants the timer to be on.\n|\n|t:|1781456776\n|switch|p1a: Whiscash|Whiscash, L88, F|337/337\n|move|p2a: Groudon|Heat Crash|p1a: Whiscash\n|-resisted|p1a: Whiscash\n|-damage|p1a: Whiscash|269/337\n|\n|-weather|SunnyDay|[upkeep]\n|-heal|p1a: Whiscash|290/337|[from] item: Leftovers\n|upkeep\n|turn|2\n|\n|t:|1781456804\n|switch|p2a: Iron Leaves|Iron Leaves, L80|275/275\n|move|p1a: Whiscash|Spikes|p2a: Iron Leaves\n|-sidestart|p2: personanongrattata|Spikes\n|\n|-weather|SunnyDay|[upkeep]\n|-heal|p1a: Whiscash|311/337|[from] item: Leftovers\n|upkeep\n|turn|3\n|\n|t:|1781456809\n|switch|p1a: Meganium|Meganium, L90, F|290/290\n|move|p2a: Iron Leaves|Psyblade|p1a: Meganium\n|-damage|p1a: Meganium|169/290\n|\n|-weather|SunnyDay|[upkeep]\n|-heal|p1a: Meganium|187/290|[from] item: Leftovers\n|upkeep\n|turn|4\n|\n|t:|1781456822\n|-end|p2a: Iron Leaves|Quark Drive|[silent]\n|switch|p2a: Zamazenta|Zamazenta-Crowned, L68|238/238\n|-damage|p2a: Zamazenta|209/238|[from] Spikes\n|-ability|p2a: Zamazenta|Dauntless Shield|boost\n|-boost|p2a: Zamazenta|def|1\n|move|p1a: Meganium|Knock Off|p2a: Zamazenta\n|-resisted|p2a: Zamazenta\n|-damage|p2a: Zamazenta|196/238\n|\n|-weather|SunnyDay|[upkeep]\n|-heal|p1a: Meganium|205/290|[from] item: Leftovers\n|upkeep\n|turn|5\n|inactive|Jhon Xina has 120 seconds left.\n|\n|t:|1781456859\n|switch|p1a: Volcarona|Volcarona, L77, F|257/257\n|move|p2a: Zamazenta|Iron Defense|p2a: Zamazenta\n|-boost|p2a: Zamazenta|def|2\n|\n|-weather|none\n|upkeep\n|turn|6\n|\n|t:|1781456866\n|move|p2a: Zamazenta|Stone Edge|p1a: Volcarona\n|-supereffective|p1a: Volcarona\n|-damage|p1a: Volcarona|0 fnt\n|faint|p1a: Volcarona\n|\n|upkeep\n|\n|t:|1781456873\n|switch|p1a: Whiscash|Whiscash, L88, F|311/337\n|turn|7\n|\n|t:|1781456875\n|move|p2a: Zamazenta|Body Press|p1a: Whiscash\n|-damage|p1a: Whiscash|115/337\n|move|p1a: Whiscash|Hydro Pump|p2a: Zamazenta\n|-damage|p2a: Zamazenta|99/238\n|\n|-heal|p1a: Whiscash|136/337|[from] item: Leftovers\n|upkeep\n|turn|8\n|\n|t:|1781456880\n|move|p2a: Zamazenta|Body Press|p1a: Whiscash\n|-damage|p1a: Whiscash|0 fnt\n|faint|p1a: Whiscash\n|\n|upkeep\n|\n|t:|1781456884\n|switch|p1a: Basculegion|Basculegion, L80, M|323/323\n|turn|9\n|\n|t:|1781456900\n|move|p2a: Zamazenta|Stone Edge|p1a: Basculegion\n|-damage|p1a: Basculegion|248/323\n|move|p1a: Basculegion|Shadow Ball|p2a: Zamazenta\n|-crit|p2a: Zamazenta\n|-damage|p2a: Zamazenta|0 fnt\n|faint|p2a: Zamazenta\n|\n|upkeep\n|\n|t:|1781456915\n|switch|p2a: Iron Leaves|Iron Leaves, L80|275/275\n|-damage|p2a: Iron Leaves|241/275|[from] Spikes\n|turn|10\n|\n|t:|1781456929\n|switch|p1a: Tinkaton|Tinkaton, L82, F|274/274\n|-ability|p1a: Tinkaton|Mold Breaker\n|move|p2a: Iron Leaves|Psyblade|p1a: Tinkaton\n|-resisted|p1a: Tinkaton\n|-damage|p1a: Tinkaton|193/274\n|\n|-heal|p1a: Tinkaton|210/274|[from] item: Leftovers\n|upkeep\n|turn|11\n|\n|t:|1781456935\n|-end|p2a: Iron Leaves|Quark Drive|[silent]\n|switch|p2a: Arcanine|Arcanine, L84, F|288/288\n|-ability|p2a: Arcanine|Intimidate|boost\n|-unboost|p1a: Tinkaton|atk|1\n|move|p1a: Tinkaton|Stealth Rock|p2a: Arcanine\n|-sidestart|p2: personanongrattata|move: Stealth Rock\n|\n|-heal|p1a: Tinkaton|227/274|[from] item: Leftovers\n|upkeep\n|turn|12\n|\n|t:|1781456940\n|switch|p1a: Basculegion|Basculegion, L80, M|248/323\n|move|p2a: Arcanine|Flare Blitz|p1a: Basculegion\n|-resisted|p1a: Basculegion\n|-damage|p1a: Basculegion|161/323\n|-damage|p2a: Arcanine|259/288|[from] Recoil\n|\n|upkeep\n|turn|13\n|\n|t:|1781456949\n|switch|p2a: Clawitzer|Clawitzer, L87, M|265/265\n|-damage|p2a: Clawitzer|232/265|[from] Spikes\n|-damage|p2a: Clawitzer|199/265|[from] Stealth Rock\n|move|p1a: Basculegion|Flip Turn|p2a: Clawitzer\n|-resisted|p2a: Clawitzer\n|-damage|p2a: Clawitzer|157/265\n|\n|t:|1781456953\n|switch|p1a: Meganium|Meganium, L90, F|205/290|[from] Flip Turn\n|\n|-heal|p1a: Meganium|223/290|[from] item: Leftovers\n|upkeep\n|turn|14\n|\n|t:|1781456980\n|move|p1a: Meganium|Petal Blizzard|p2a: Clawitzer\n|-supereffective|p2a: Clawitzer\n|-damage|p2a: Clawitzer|0 fnt\n|faint|p2a: Clawitzer\n|\n|-heal|p1a: Meganium|241/290|[from] item: Leftovers\n|upkeep\n|\n|t:|1781456984\n|switch|p2a: Arcanine|Arcanine, L84, F|259/288\n|-ability|p2a: Arcanine|Intimidate|boost\n|-unboost|p1a: Meganium|atk|1\n|turn|15\n|\n|t:|1781456987\n|move|p2a: Arcanine|Flare Blitz|p1a: Meganium\n|-supereffective|p1a: Meganium\n|-damage|p1a: Meganium|0 fnt\n|faint|p1a: Meganium\n|-damage|p2a: Arcanine|179/288|[from] Recoil\n|\n|upkeep\n|\n|t:|1781456989\n|switch|p1a: Basculegion|Basculegion, L80, M|161/323\n|turn|16\n|\n|t:|1781457002\n|switch|p2a: Groudon|Groudon, L72|263/263\n|-damage|p2a: Groudon|231/263|[from] Spikes\n|-damage|p2a: Groudon|215/263|[from] Stealth Rock\n|-weather|SunnyDay|[from] ability: Drought|[of] p2a: Groudon\n|move|p1a: Basculegion|Flip Turn|p2a: Groudon\n|-supereffective|p2a: Groudon\n|-damage|p2a: Groudon|147/263\n|\n|t:|1781457010\n|switch|p1a: Venomoth|Venomoth, L84, F|255/255|[from] Flip Turn\n|\n|-weather|SunnyDay|[upkeep]\n|-heal|p2a: Groudon|163/263|[from] item: Leftovers\n|upkeep\n|turn|17\n|\n|t:|1781457031\n|move|p1a: Venomoth|Sleep Powder|p2a: Groudon\n|-status|p2a: Groudon|slp|[from] move: Sleep Powder\n|cant|p2a: Groudon|slp\n|\n|-weather|SunnyDay|[upkeep]\n|-heal|p2a: Groudon|179/263 slp|[from] item: Leftovers\n|upkeep\n|turn|18\n|\n|t:|1781457035\n|move|p1a: Venomoth|Sludge Wave|p2a: Groudon\n|-resisted|p2a: Groudon\n|-damage|p2a: Groudon|73/263 slp\n|cant|p2a: Groudon|slp\n|\n|-weather|SunnyDay|[upkeep]\n|-heal|p2a: Groudon|89/263 slp|[from] item: Leftovers\n|upkeep\n|turn|19\n|\n|t:|1781457043\n|move|p1a: Venomoth|Sludge Wave|p2a: Groudon\n|-resisted|p2a: Groudon\n|-crit|p2a: Groudon\n|-damage|p2a: Groudon|0 fnt\n|faint|p2a: Groudon\n|\n|-weather|SunnyDay|[upkeep]\n|upkeep\n|\n|t:|1781457045\n|switch|p2a: Arcanine|Arcanine, L84, F|179/288\n|-ability|p2a: Arcanine|Intimidate|boost\n|-unboost|p1a: Venomoth|atk|1\n|turn|20\n|\n|t:|1781457049\n|switch|p1a: Tinkaton|Tinkaton, L82, F|227/274\n|-ability|p1a: Tinkaton|Mold Breaker\n|move|p2a: Arcanine|Flare Blitz|p1a: Tinkaton\n|-supereffective|p1a: Tinkaton\n|-damage|p1a: Tinkaton|0 fnt\n|faint|p1a: Tinkaton\n|-damage|p2a: Arcanine|104/288|[from] Recoil\n|\n|-weather|none\n|upkeep\n|\n|t:|1781457051\n|switch|p1a: Basculegion|Basculegion, L80, M|161/323\n|turn|21\n|\n|t:|1781457077\n|switch|p2a: Iron Leaves|Iron Leaves, L80|241/275\n|-damage|p2a: Iron Leaves|207/275|[from] Spikes\n|-damage|p2a: Iron Leaves|173/275|[from] Stealth Rock\n|move|p1a: Basculegion|Wave Crash|p2a: Iron Leaves\n|-resisted|p2a: Iron Leaves\n|-damage|p2a: Iron Leaves|80/275\n|-damage|p1a: Basculegion|130/323|[from] Recoil\n|\n|upkeep\n|turn|22\n|inactive|personanongrattata has 120 seconds left.\n|\n|t:|1781457095\n|move|p1a: Basculegion|Aqua Jet|p2a: Iron Leaves\n|-resisted|p2a: Iron Leaves\n|-damage|p2a: Iron Leaves|51/275\n|move|p2a: Iron Leaves|Megahorn|p1a: Basculegion\n|-resisted|p1a: Basculegion\n|-damage|p1a: Basculegion|41/323\n|\n|upkeep\n|turn|23\n|inactive|personanongrattata has 120 seconds left.\n|\n|t:|1781457115\n|-end|p2a: Iron Leaves|Quark Drive|[silent]\n|switch|p2a: Dragapult|Dragapult, L77, M|262/262\n|move|p1a: Basculegion|Aqua Jet|p2a: Dragapult\n|-resisted|p2a: Dragapult\n|-damage|p2a: Dragapult|224/262\n|\n|upkeep\n|turn|24\n|inactive|personanongrattata has 120 seconds left.\n|\n|t:|1781457122\n|move|p2a: Dragapult|Dragon Darts|p1a: Basculegion\n|-damage|p1a: Basculegion|0 fnt\n|faint|p1a: Basculegion\n|\n|upkeep\n|\n|t:|1781457124\n|switch|p1a: Venomoth|Venomoth, L84, F|255/255\n|turn|25\n|inactive|personanongrattata has 120 seconds left.\n|\n|t:|1781457168\n|move|p2a: Dragapult|Will-O-Wisp|p1a: Venomoth\n|-status|p1a: Venomoth|brn\n|move|p1a: Venomoth|Sleep Powder|p2a: Dragapult|[miss]\n|-miss|p1a: Venomoth|p2a: Dragapult\n|\n|-damage|p1a: Venomoth|240/255 brn|[from] brn\n|upkeep\n|turn|26\n|\n|t:|1781457175\n|move|p2a: Dragapult|Hex|p1a: Venomoth\n|-damage|p1a: Venomoth|116/255 brn\n|move|p1a: Venomoth|Sleep Powder|p2a: Dragapult\n|-status|p2a: Dragapult|slp|[from] move: Sleep Powder\n|\n|-damage|p1a: Venomoth|101/255 brn|[from] brn\n|upkeep\n|turn|27\n|\n|t:|1781457190\n|cant|p2a: Dragapult|slp\n|move|p1a: Venomoth|Quiver Dance|p1a: Venomoth\n|-boost|p1a: Venomoth|spa|1\n|-boost|p1a: Venomoth|spd|1\n|-boost|p1a: Venomoth|spe|1\n|\n|-damage|p1a: Venomoth|86/255 brn|[from] brn\n|upkeep\n|turn|28\n|\n|t:|1781457195\n|-terastallize|p1a: Venomoth|Bug\n|move|p1a: Venomoth|Bug Buzz|p2a: Dragapult\n|-resisted|p2a: Dragapult\n|-damage|p2a: Dragapult|4/262 slp\n|cant|p2a: Dragapult|slp\n|\n|-damage|p1a: Venomoth|71/255 brn|[from] brn\n|upkeep\n|turn|29\n|\n|t:|1781457222\n|move|p1a: Venomoth|Bug Buzz|p2a: Dragapult\n|-resisted|p2a: Dragapult\n|-damage|p2a: Dragapult|0 fnt\n|faint|p2a: Dragapult\n|\n|-damage|p1a: Venomoth|56/255 brn|[from] brn\n|upkeep\n|\n|t:|1781457223\n|switch|p2a: Arcanine|Arcanine, L84, F|104/288\n|-ability|p2a: Arcanine|Intimidate|boost\n|-unboost|p1a: Venomoth|atk|1\n|turn|30\n|\n|t:|1781457232\n|-terastallize|p2a: Arcanine|Normal\n|move|p2a: Arcanine|Extreme Speed|p1a: Venomoth\n|-damage|p1a: Venomoth|0 fnt\n|faint|p1a: Venomoth\n|\n|win|personanongrattata\n", "inputlog": ">version a8376a258c1d4662feba110a92103f3664a72141\n>start {\"formatid\":\"gen9randombattle\",\"seed\":\"sodium,8dd52919de4a3b8356d80fe6ae554468\",\"rated\":\"Rated battle\"}\n>player p1 {\"name\":\"Jhon Xina\",\"avatar\":\"1\",\"rating\":2065,\"seed\":\"sodium,03d3f8dea0bc917d45dcc9a4b87e13e0\"}\n>player p2 {\"name\":\"personanongrattata\",\"avatar\":\"youngster-gen4dp\",\"rating\":2170,\"seed\":\"sodium,5dcbd6cef26e9047bd5243797e15843a\"}\n>p1 switch 5\n>p2 move heatcrash\n>p1 move spikes\n>p2 switch 6\n>p1 switch 3\n>p2 move psyblade\n>p1 move knockoff\n>p2 switch 4\n>p1 switch 6\n>p2 move irondefense\n>p1 move fierydance\n>p2 move stoneedge\n>p1 switch 3\n>p1 move hydropump\n>p2 move bodypress\n>p1 move hydropump\n>p2 move bodypress\n>p1 switch 2\n>p1 move shadowball\n>p2 move stoneedge\n>p2 switch 4\n>p1 switch 4\n>p2 move psyblade\n>p1 move stealthrock\n>p2 switch 2\n>p1 switch 4\n>p2 move flareblitz\n>p1 move flipturn\n>p2 switch 5\n>p1 switch 6\n>p1 move petalblizzard\n>p2 move icebeam\n>p2 switch 5\n>p1 move earthquake\n>p2 move flareblitz\n>p1 switch 6\n>p1 move flipturn\n>p2 switch 6\n>p1 switch 5\n>p1 move sleeppowder\n>p2 move heatcrash\n>p1 move sludgewave\n>p2 move heatcrash\n>p1 move sludgewave\n>p2 move heatcrash\n>p2 switch 6\n>p1 switch 4\n>p2 move flareblitz\n>p1 switch 5\n>p1 move wavecrash\n>p2 switch 2\n>p1 move aquajet\n>p2 move megahorn\n>p1 move aquajet\n>p2 switch 3\n>p1 move shadowball\n>p2 move dragondarts\n>p1 switch 4\n>p1 move sleeppowder\n>p2 move willowisp\n>p1 move sleeppowder\n>p2 move hex\n>p1 move quiverdance\n>p2 move dragondarts\n>p1 move bugbuzz terastallize\n>p2 move dragondarts\n>p1 move bugbuzz\n>p2 move dragondarts\n>p2 switch 2\n>p1 move bugbuzz\n>p2 move extremespeed terastallize", "uploadtime": 1781456762, "views": 5, "formatid": "gen9randombattle", "rating": null, "private": 0, "password": null}