{"id": "gen9randombattle-2631552790", "format": "[Gen 9] Random Battle", "players": ["samuelayers", "sjzimnotgood"], "log": "|j|\u2606samuelayers\n|j|\u2606sjzimnotgood\n|t:|1781400340\n|gametype|singles\n|player|p1|samuelayers|gentleman-gen4dp|2146\n|player|p2|sjzimnotgood|266|2153\n|gen|9\n|tier|[Gen 9] Random Battle\n|rated|\n|rule|Species Clause: Limit one of each Pok\u00e9mon\n|rule|HP Percentage Mod: HP is shown in percentages\n|rule|Sleep Clause Mod: Limit one foe put to sleep\n|rule|Illusion Level Mod: Illusion disguises the Pok\u00e9mon's true level\n|\n|t:|1781400340\n|teamsize|p1|6\n|teamsize|p2|6\n|start\n|switch|p1a: Scrafty|Scrafty, L83, M|244/244\n|switch|p2a: Torterra|Torterra, L78, F|276/276\n|-ability|p1a: Scrafty|Intimidate|boost\n|-unboost|p2a: Torterra|atk|1\n|turn|1\n|inactive|Battle timer is ON: inactive players will automatically lose when time's up. (requested by samuelayers)\n|\n|t:|1781400352\n|switch|p2a: Persian|Persian-Alola, L86, M|252/252\n|move|p1a: Scrafty|Knock Off|p2a: Persian\n|-resisted|p2a: Persian\n|-damage|p2a: Persian|219/252\n|-enditem|p2a: Persian|Life Orb|[from] move: Knock Off|[of] p1a: Scrafty\n|\n|upkeep\n|turn|2\n|\n|t:|1781400378\n|move|p2a: Persian|Thunderbolt|p1a: Scrafty\n|-damage|p1a: Scrafty|197/244\n|move|p1a: Scrafty|Dragon Dance|p1a: Scrafty\n|-boost|p1a: Scrafty|atk|1\n|-boost|p1a: Scrafty|spe|1\n|\n|-heal|p1a: Scrafty|212/244|[from] item: Leftovers\n|upkeep\n|turn|3\n|\n|t:|1781400387\n|move|p2a: Persian|Burning Jealousy|p1a: Scrafty\n|-damage|p1a: Scrafty|174/244\n|move|p1a: Scrafty|Dragon Dance|p1a: Scrafty\n|-boost|p1a: Scrafty|atk|1\n|-boost|p1a: Scrafty|spe|1\n|\n|-heal|p1a: Scrafty|189/244|[from] item: Leftovers\n|upkeep\n|turn|4\n|\n|t:|1781400402\n|move|p1a: Scrafty|Drain Punch|p2a: Persian\n|-supereffective|p2a: Persian\n|-damage|p2a: Persian|39/252\n|-heal|p1a: Scrafty|244/244|[from] drain|[of] p2a: Persian\n|move|p2a: Persian|Thunderbolt|p1a: Scrafty\n|-damage|p1a: Scrafty|195/244\n|\n|-heal|p1a: Scrafty|210/244|[from] item: Leftovers\n|upkeep\n|turn|5\n|\n|t:|1781400409\n|move|p1a: Scrafty|Drain Punch|p2a: Persian\n|-supereffective|p2a: Persian\n|-damage|p2a: Persian|0 fnt\n|-heal|p1a: Scrafty|230/244|[from] drain|[of] p2a: Persian\n|faint|p2a: Persian\n|\n|-heal|p1a: Scrafty|244/244|[from] item: Leftovers\n|upkeep\n|\n|t:|1781400425\n|switch|p2a: Porygon-Z|Porygon-Z, L83|277/277\n|-ability|p2a: Porygon-Z|Download|boost\n|-boost|p2a: Porygon-Z|spa|1\n|turn|6\n|c|\u2606sjzimnotgood|gg i think\n|\n|t:|1781400437\n|-terastallize|p2a: Porygon-Z|Ghost\n|move|p1a: Scrafty|Knock Off|p2a: Porygon-Z\n|-supereffective|p2a: Porygon-Z\n|-damage|p2a: Porygon-Z|0 fnt\n|-enditem|p2a: Porygon-Z|Life Orb|[from] move: Knock Off|[of] p1a: Scrafty\n|faint|p2a: Porygon-Z\n|\n|upkeep\n|-message|sjzimnotgood forfeited.\n|\n|win|samuelayers\n", "inputlog": ">version a8376a258c1d4662feba110a92103f3664a72141\n>start {\"formatid\":\"gen9randombattle\",\"seed\":\"sodium,08148788cbc74b69e44a6e7cb5e46318\",\"rated\":\"Rated battle\"}\n>player p1 {\"name\":\"samuelayers\",\"avatar\":\"gentleman-gen4dp\",\"rating\":2146,\"seed\":\"sodium,5388a409407b9adb58e60a19f5c1551b\"}\n>player p2 {\"name\":\"sjzimnotgood\",\"avatar\":\"266\",\"rating\":2153,\"seed\":\"sodium,f79deb4827f1d670c3cb561b84c451be\"}\n>p1 move knockoff\n>p2 switch 4\n>p1 move dragondance\n>p2 move thunderbolt\n>p1 move dragondance\n>p2 move burningjealousy\n>p1 move drainpunch\n>p2 move thunderbolt\n>p1 move drainpunch\n>p2 move thunderbolt\n>p2 switch 3\n>chat \u2606sjzimnotgood|gg i think\n>p1 move knockoff\n>p2 move triattack terastallize\n>forcelose p2", "uploadtime": 1781400342, "views": 6, "formatid": "gen9randombattle", "rating": null, "private": 0, "password": null}