{"id": "gen9randombattle-2631750928", "format": "[Gen 9] Random Battle", "players": ["duuhhao", "a rabbit"], "log": "|badge|p2|bronze|gen9randombattle|100-9\n|uhtml|medal-msg|<div class=\"broadcast-blue\">Curious what those medals under the avatar are? PS now has Ladder Seasons! For more information, check out the <a href=\"https://www.smogon.com/forums/threads/3740067/\">thread on Smogon.</a></div>\n|j|\u2606duuhhao\n|j|\u2606a rabbit\n|t:|1781433700\n|gametype|singles\n|player|p1|duuhhao|clair|2178\n|player|p2|a rabbit|#scl2breakers|2303\n|gen|9\n|tier|[Gen 9] Random Battle\n|rated|\n|rule|Species Clause: Limit one of each Pok\u00e9mon\n|rule|HP Percentage Mod: HP is shown in percentages\n|rule|Sleep Clause Mod: Limit one foe put to sleep\n|rule|Illusion Level Mod: Illusion disguises the Pok\u00e9mon's true level\n|\n|t:|1781433700\n|teamsize|p1|6\n|teamsize|p2|6\n|start\n|switch|p1a: Giratina|Giratina, L75|349/349\n|switch|p2a: Chansey|Chansey, L85, F|564/564\n|-ability|p1a: Giratina|Pressure\n|turn|1\n|\n|t:|1781433711\n|move|p1a: Giratina|Calm Mind|p1a: Giratina\n|-boost|p1a: Giratina|spa|1\n|-boost|p1a: Giratina|spd|1\n|move|p2a: Chansey|Thunder Wave|p1a: Giratina\n|-status|p1a: Giratina|par\n|\n|upkeep\n|turn|2\n|\n|t:|1781433719\n|switch|p2a: Golurk|Golurk, L87|297/297\n|move|p1a: Giratina|Dragon Pulse|p2a: Golurk\n|-damage|p2a: Golurk|176/297\n|\n|upkeep\n|turn|3\n|\n|t:|1781433729\n|switch|p1a: Leavanny|Leavanny, L86, M|269/269\n|move|p2a: Golurk|Earthquake|p1a: Leavanny\n|-resisted|p1a: Leavanny\n|-damage|p1a: Leavanny|215/269\n|\n|upkeep\n|turn|4\n|\n|t:|1781433740\n|switch|p2a: Scyther|Scyther, L82, F|249/249\n|move|p1a: Leavanny|Sticky Web|p2a: Scyther\n|-sidestart|p2: a rabbit|move: Sticky Web\n|\n|upkeep\n|turn|5\n|\n|t:|1781433745\n|switch|p1a: Glimmora|Glimmora, L75, M|248/248\n|-item|p1a: Glimmora|Air Balloon\n|move|p2a: Scyther|Dual Wingbeat|p1a: Glimmora\n|-resisted|p1a: Glimmora\n|-damage|p1a: Glimmora|211/248\n|-activate|p1a: Glimmora|ability: Toxic Debris\n|-sidestart|p2: a rabbit|move: Toxic Spikes\n|-enditem|p1a: Glimmora|Air Balloon\n|-resisted|p1a: Glimmora\n|-damage|p1a: Glimmora|178/248\n|-activate|p1a: Glimmora|ability: Toxic Debris\n|-sidestart|p2: a rabbit|move: Toxic Spikes\n|-hitcount|p1a: Glimmora|2\n|\n|upkeep\n|turn|6\n|\n|t:|1781433756\n|switch|p2a: Chansey|Chansey, L85, F|564/564\n|-activate|p2a: Chansey|move: Sticky Web\n|-unboost|p2a: Chansey|spe|1\n|-status|p2a: Chansey|tox\n|move|p1a: Glimmora|Stealth Rock|p2a: Chansey\n|-sidestart|p2: a rabbit|move: Stealth Rock\n|\n|-damage|p2a: Chansey|529/564 tox|[from] psn\n|upkeep\n|turn|7\n|\n|t:|1781433763\n|switch|p1a: Leavanny|Leavanny, L86, M|215/269\n|move|p2a: Chansey|Thunder Wave|p1a: Leavanny\n|-status|p1a: Leavanny|par\n|\n|-damage|p2a: Chansey|459/564 tox|[from] psn\n|upkeep\n|turn|8\n|\n|t:|1781433776\n|-curestatus|p2a: Chansey|tox|[from] ability: Natural Cure|[silent]\n|switch|p2a: Scyther|Scyther, L82, F|249/249\n|cant|p1a: Leavanny|par\n|\n|upkeep\n|turn|9\n|\n|t:|1781433781\n|move|p2a: Scyther|Dual Wingbeat|p1a: Leavanny\n|-supereffective|p1a: Leavanny\n|-damage|p1a: Leavanny|0 fnt\n|faint|p1a: Leavanny\n|-hitcount|p1: Leavanny|1\n|\n|upkeep\n|\n|t:|1781433784\n|switch|p1a: Entei|Entei, L78|307/307\n|turn|10\n|\n|t:|1781433789\n|switch|p2a: Ursaring|Ursaring, L84, F|288/288\n|-activate|p2a: Ursaring|move: Sticky Web\n|-unboost|p2a: Ursaring|spe|1\n|-status|p2a: Ursaring|tox\n|-damage|p2a: Ursaring|252/288 tox|[from] Stealth Rock\n|move|p1a: Entei|Sacred Fire|p2a: Ursaring\n|-damage|p2a: Ursaring|125/288 tox\n|\n|-damage|p2a: Ursaring|107/288 tox|[from] psn\n|upkeep\n|turn|11\n|\n|t:|1781433802\n|switch|p1a: Giratina|Giratina, L75|349/349 par\n|-ability|p1a: Giratina|Pressure\n|move|p2a: Ursaring|Rest|p2a: Ursaring\n|-status|p2a: Ursaring|slp|[from] move: Rest\n|-heal|p2a: Ursaring|288/288 slp|[silent]\n|\n|upkeep\n|turn|12\n|\n|t:|1781433809\n|cant|p2a: Ursaring|slp\n|move|p2a: Ursaring|Sleep Talk|p2a: Ursaring\n|move|p2a: Ursaring|Rest||[from] move: Sleep Talk|[still]\n|-fail|p2a: Ursaring\n|move|p1a: Giratina|Dragon Pulse|p2a: Ursaring\n|-damage|p2a: Ursaring|225/288 slp\n|\n|upkeep\n|turn|13\n|\n|t:|1781433813\n|cant|p2a: Ursaring|slp\n|move|p2a: Ursaring|Sleep Talk|p2a: Ursaring\n|move|p2a: Ursaring|Rest||[from] move: Sleep Talk|[still]\n|-fail|p2a: Ursaring\n|cant|p1a: Giratina|par\n|\n|upkeep\n|turn|14\n|\n|t:|1781433820\n|-curestatus|p2a: Ursaring|slp|[msg]\n|move|p2a: Ursaring|Throat Chop|p1a: Giratina\n|-supereffective|p1a: Giratina\n|-damage|p1a: Giratina|219/349 par\n|-start|p1a: Giratina|Throat Chop|[silent]\n|cant|p1a: Giratina|par\n|\n|-heal|p1a: Giratina|240/349 par|[from] item: Leftovers\n|upkeep\n|turn|15\n|\n|t:|1781433825\n|move|p2a: Ursaring|Throat Chop|p1a: Giratina\n|-supereffective|p1a: Giratina\n|-damage|p1a: Giratina|118/349 par\n|move|p1a: Giratina|Rest|p1a: Giratina\n|-status|p1a: Giratina|slp|[from] move: Rest\n|-heal|p1a: Giratina|349/349 slp|[silent]\n|\n|-end|p1a: Giratina|Throat Chop|[silent]\n|upkeep\n|turn|16\n|\n|t:|1781433831\n|cant|p1a: Giratina|slp\n|move|p1a: Giratina|Sleep Talk|p1a: Giratina\n|move|p1a: Giratina|Dragon Pulse|p2a: Ursaring|[from] move: Sleep Talk\n|-damage|p2a: Ursaring|168/288\n|move|p2a: Ursaring|Rest|p2a: Ursaring\n|-status|p2a: Ursaring|slp|[from] move: Rest\n|-heal|p2a: Ursaring|288/288 slp|[silent]\n|\n|upkeep\n|turn|17\n|\n|t:|1781433837\n|cant|p1a: Giratina|slp\n|move|p1a: Giratina|Sleep Talk|p1a: Giratina\n|move|p1a: Giratina|Rest||[from] move: Sleep Talk|[still]\n|-fail|p1a: Giratina\n|cant|p2a: Ursaring|slp\n|move|p2a: Ursaring|Sleep Talk|p2a: Ursaring\n|move|p2a: Ursaring|Throat Chop|p1a: Giratina|[from] move: Sleep Talk\n|-supereffective|p1a: Giratina\n|-damage|p1a: Giratina|171/349 slp\n|-start|p1a: Giratina|Throat Chop|[silent]\n|\n|-heal|p1a: Giratina|192/349 slp|[from] item: Leftovers\n|upkeep\n|turn|18\n|\n|t:|1781433846\n|-curestatus|p1a: Giratina|slp|[msg]\n|move|p1a: Giratina|Rest|p1a: Giratina\n|-status|p1a: Giratina|slp|[from] move: Rest\n|-heal|p1a: Giratina|349/349 slp|[silent]\n|cant|p2a: Ursaring|slp\n|move|p2a: Ursaring|Sleep Talk|p2a: Ursaring\n|move|p2a: Ursaring|Body Slam|p1a: Giratina|[from] move: Sleep Talk\n|-immune|p1a: Giratina\n|\n|-end|p1a: Giratina|Throat Chop|[silent]\n|upkeep\n|turn|19\n|\n|t:|1781433858\n|cant|p1a: Giratina|slp\n|move|p1a: Giratina|Sleep Talk|p1a: Giratina\n|move|p1a: Giratina|Calm Mind|p1a: Giratina|[from] move: Sleep Talk\n|-boost|p1a: Giratina|spa|1\n|-boost|p1a: Giratina|spd|1\n|-curestatus|p2a: Ursaring|slp|[msg]\n|move|p2a: Ursaring|Throat Chop|p1a: Giratina\n|-supereffective|p1a: Giratina\n|-damage|p1a: Giratina|231/349 slp\n|-start|p1a: Giratina|Throat Chop|[silent]\n|\n|-heal|p1a: Giratina|252/349 slp|[from] item: Leftovers\n|upkeep\n|turn|20\n|\n|t:|1781433864\n|cant|p1a: Giratina|slp\n|move|p2a: Ursaring|Throat Chop|p1a: Giratina\n|-supereffective|p1a: Giratina\n|-damage|p1a: Giratina|126/349 slp\n|\n|-heal|p1a: Giratina|147/349 slp|[from] item: Leftovers\n|-end|p1a: Giratina|Throat Chop|[silent]\n|upkeep\n|turn|21\n|j| rufoush\n|\n|t:|1781433873\n|-curestatus|p1a: Giratina|slp|[msg]\n|move|p1a: Giratina|Dragon Pulse|p2a: Ursaring\n|-damage|p2a: Ursaring|195/288\n|move|p2a: Ursaring|Throat Chop|p1a: Giratina\n|-supereffective|p1a: Giratina\n|-damage|p1a: Giratina|21/349\n|-start|p1a: Giratina|Throat Chop|[silent]\n|\n|-heal|p1a: Giratina|42/349|[from] item: Leftovers\n|upkeep\n|turn|22\n|\n|t:|1781433884\n|switch|p2a: Delphox|Delphox, L84, M|263/263\n|move|p1a: Giratina|Rest|p1a: Giratina\n|-status|p1a: Giratina|slp|[from] move: Rest\n|-heal|p1a: Giratina|349/349 slp|[silent]\n|\n|-end|p1a: Giratina|Throat Chop|[silent]\n|upkeep\n|turn|23\n|\n|t:|1781433896\n|switch|p1a: Chimecho|Chimecho, L93, M|290/290\n|move|p2a: Delphox|Psyshock|p1a: Chimecho\n|-resisted|p1a: Chimecho\n|-damage|p1a: Chimecho|243/290\n|\n|-heal|p1a: Chimecho|261/290|[from] item: Leftovers\n|upkeep\n|turn|24\n|\n|t:|1781433901\n|move|p2a: Delphox|Nasty Plot|p2a: Delphox\n|-boost|p2a: Delphox|spa|2\n|move|p1a: Chimecho|Thunder Wave|p2a: Delphox\n|-status|p2a: Delphox|par\n|\n|-heal|p1a: Chimecho|279/290|[from] item: Leftovers\n|upkeep\n|turn|25\n|\n|t:|1781433907\n|move|p1a: Chimecho|Encore|p2a: Delphox\n|-start|p2a: Delphox|Encore\n|cant|p2a: Delphox|par\n|\n|-heal|p1a: Chimecho|290/290|[from] item: Leftovers\n|upkeep\n|turn|26\n|\n|t:|1781433914\n|switch|p2a: Golurk|Golurk, L87|176/297\n|-activate|p2a: Golurk|move: Sticky Web\n|-unboost|p2a: Golurk|spe|1\n|-status|p2a: Golurk|tox\n|-damage|p2a: Golurk|158/297 tox|[from] Stealth Rock\n|move|p1a: Chimecho|Psychic Noise|p2a: Golurk\n|-damage|p2a: Golurk|53/297 tox\n|-start|p2a: Golurk|move: Heal Block\n|\n|-damage|p2a: Golurk|35/297 tox|[from] psn\n|upkeep\n|turn|27\n|\n|t:|1781433926\n|move|p1a: Chimecho|Psychic Noise|p2a: Golurk\n|-damage|p2a: Golurk|0 fnt\n|faint|p2a: Golurk\n|\n|upkeep\n|\n|t:|1781433931\n|switch|p2a: Chansey|Chansey, L85, F|459/564\n|-activate|p2a: Chansey|move: Sticky Web\n|-unboost|p2a: Chansey|spe|1\n|-status|p2a: Chansey|tox\n|-damage|p2a: Chansey|389/564 tox|[from] Stealth Rock\n|turn|28\n|\n|t:|1781433940\n|switch|p1a: Giratina|Giratina, L75|349/349 slp\n|-ability|p1a: Giratina|Pressure\n|move|p2a: Chansey|Heal Bell|p2a: Chansey\n|-activate|p2a: Chansey|move: Heal Bell\n|-curestatus|p2a: Chansey|tox|[msg]\n|-curestatus|p2: Delphox|par|[msg]\n|\n|upkeep\n|turn|29\n|\n|t:|1781433952\n|switch|p2a: Ursaring|Ursaring, L84, F|195/288\n|-activate|p2a: Ursaring|move: Sticky Web\n|-unboost|p2a: Ursaring|spe|1\n|-status|p2a: Ursaring|tox\n|-damage|p2a: Ursaring|159/288 tox|[from] Stealth Rock\n|cant|p1a: Giratina|slp\n|move|p1a: Giratina|Sleep Talk|p1a: Giratina\n|move|p1a: Giratina|Rest||[from] move: Sleep Talk|[still]\n|-fail|p1a: Giratina\n|\n|-damage|p2a: Ursaring|141/288 tox|[from] psn\n|upkeep\n|turn|30\n|\n|t:|1781433963\n|cant|p1a: Giratina|slp\n|move|p1a: Giratina|Sleep Talk|p1a: Giratina\n|move|p1a: Giratina|Calm Mind|p1a: Giratina|[from] move: Sleep Talk\n|-boost|p1a: Giratina|spa|1\n|-boost|p1a: Giratina|spd|1\n|move|p2a: Ursaring|Throat Chop|p1a: Giratina\n|-supereffective|p1a: Giratina\n|-damage|p1a: Giratina|163/349 slp\n|-start|p1a: Giratina|Throat Chop|[silent]\n|\n|-heal|p1a: Giratina|184/349 slp|[from] item: Leftovers\n|-damage|p2a: Ursaring|105/288 tox|[from] psn\n|upkeep\n|turn|31\n|\n|t:|1781433970\n|-curestatus|p1a: Giratina|slp|[msg]\n|move|p1a: Giratina|Rest|p1a: Giratina\n|-status|p1a: Giratina|slp|[from] move: Rest\n|-heal|p1a: Giratina|349/349 slp|[silent]\n|move|p2a: Ursaring|Rest|p2a: Ursaring\n|-status|p2a: Ursaring|slp|[from] move: Rest\n|-heal|p2a: Ursaring|288/288 slp|[silent]\n|\n|-end|p1a: Giratina|Throat Chop|[silent]\n|upkeep\n|turn|32\n|\n|t:|1781433978\n|cant|p1a: Giratina|slp\n|move|p1a: Giratina|Sleep Talk|p1a: Giratina\n|move|p1a: Giratina|Rest||[from] move: Sleep Talk|[still]\n|-fail|p1a: Giratina\n|cant|p2a: Ursaring|slp\n|move|p2a: Ursaring|Sleep Talk|p2a: Ursaring\n|move|p2a: Ursaring|Rest||[from] move: Sleep Talk|[still]\n|-fail|p2a: Ursaring\n|\n|upkeep\n|turn|33\n|\n|t:|1781433985\n|cant|p1a: Giratina|slp\n|move|p1a: Giratina|Sleep Talk|p1a: Giratina\n|move|p1a: Giratina|Rest||[from] move: Sleep Talk|[still]\n|-fail|p1a: Giratina\n|cant|p2a: Ursaring|slp\n|move|p2a: Ursaring|Sleep Talk|p2a: Ursaring\n|move|p2a: Ursaring|Rest||[from] move: Sleep Talk|[still]\n|-fail|p2a: Ursaring\n|\n|upkeep\n|turn|34\n|\n|t:|1781433990\n|-curestatus|p1a: Giratina|slp|[msg]\n|move|p1a: Giratina|Calm Mind|p1a: Giratina\n|-boost|p1a: Giratina|spa|1\n|-boost|p1a: Giratina|spd|1\n|-curestatus|p2a: Ursaring|slp|[msg]\n|move|p2a: Ursaring|Throat Chop|p1a: Giratina\n|-supereffective|p1a: Giratina\n|-damage|p1a: Giratina|215/349\n|-start|p1a: Giratina|Throat Chop|[silent]\n|\n|-heal|p1a: Giratina|236/349|[from] item: Leftovers\n|upkeep\n|turn|35\n|\n|t:|1781433994\n|move|p1a: Giratina|Dragon Pulse|p2a: Ursaring\n|-damage|p2a: Ursaring|173/288\n|move|p2a: Ursaring|Throat Chop|p1a: Giratina\n|-supereffective|p1a: Giratina\n|-damage|p1a: Giratina|114/349\n|\n|-heal|p1a: Giratina|135/349|[from] item: Leftovers\n|-end|p1a: Giratina|Throat Chop|[silent]\n|upkeep\n|turn|36\n|\n|t:|1781434001\n|switch|p2a: Luxray|Luxray, L88, F|284/284\n|-activate|p2a: Luxray|move: Sticky Web\n|-unboost|p2a: Luxray|spe|1\n|-status|p2a: Luxray|tox\n|-damage|p2a: Luxray|249/284 tox|[from] Stealth Rock\n|-ability|p2a: Luxray|Intimidate|boost\n|-unboost|p1a: Giratina|atk|1\n|move|p1a: Giratina|Dragon Pulse|p2a: Luxray\n|-damage|p2a: Luxray|141/284 tox\n|\n|-heal|p1a: Giratina|156/349|[from] item: Leftovers\n|-damage|p2a: Luxray|124/284 tox|[from] psn\n|upkeep\n|turn|37\n|\n|t:|1781434020\n|switch|p1a: Entei|Entei, L78|307/307\n|move|p2a: Luxray|Play Rough|p1a: Entei\n|-resisted|p1a: Entei\n|-damage|p1a: Entei|262/307\n|\n|-damage|p2a: Luxray|90/284 tox|[from] psn\n|upkeep\n|turn|38\n|\n|t:|1781434028\n|move|p1a: Entei|Flare Blitz|p2a: Luxray\n|-damage|p2a: Luxray|0 fnt\n|faint|p2a: Luxray\n|-damage|p1a: Entei|232/307|[from] Recoil\n|\n|upkeep\n|\n|t:|1781434035\n|switch|p2a: Delphox|Delphox, L84, M|263/263\n|turn|39\n|\n|t:|1781434041\n|switch|p1a: Chimecho|Chimecho, L93, M|290/290\n|move|p2a: Delphox|Nasty Plot|p2a: Delphox\n|-boost|p2a: Delphox|spa|2\n|\n|upkeep\n|turn|40\n|\n|t:|1781434067\n|-terastallize|p2a: Delphox|Fire\n|move|p2a: Delphox|Fire Blast|p1a: Chimecho\n|-damage|p1a: Chimecho|0 fnt\n|faint|p1a: Chimecho\n|\n|upkeep\n|\n|t:|1781434079\n|switch|p1a: Solgaleo|Solgaleo, L74|325/325\n|turn|41\n|\n|t:|1781434085\n|move|p2a: Delphox|Fire Blast|p1a: Solgaleo\n|-supereffective|p1a: Solgaleo\n|-damage|p1a: Solgaleo|0 fnt\n|faint|p1a: Solgaleo\n|\n|upkeep\n|\n|t:|1781434087\n|switch|p1a: Entei|Entei, L78|232/307\n|turn|42\n|\n|t:|1781434123\n|move|p2a: Delphox|Psyshock|p1a: Entei\n|-damage|p1a: Entei|9/307\n|move|p1a: Entei|Stomping Tantrum|p2a: Delphox\n|-supereffective|p2a: Delphox\n|-damage|p2a: Delphox|77/263\n|\n|upkeep\n|turn|43\n|\n|t:|1781434134\n|switch|p1a: Glimmora|Glimmora, L75, M|178/248\n|move|p2a: Delphox|Psyshock|p1a: Glimmora\n|-supereffective|p1a: Glimmora\n|-damage|p1a: Glimmora|0 fnt\n|faint|p1a: Glimmora\n|\n|upkeep\n|\n|t:|1781434136\n|switch|p1a: Entei|Entei, L78|9/307\n|turn|44\n|\n|t:|1781434143\n|move|p1a: Entei|Extreme Speed|p2a: Delphox\n|-damage|p2a: Delphox|0 fnt\n|faint|p2a: Delphox\n|\n|upkeep\n|\n|t:|1781434147\n|switch|p2a: Ursaring|Ursaring, L84, F|173/288\n|-activate|p2a: Ursaring|move: Sticky Web\n|-unboost|p2a: Ursaring|spe|1\n|-status|p2a: Ursaring|tox\n|-damage|p2a: Ursaring|137/288 tox|[from] Stealth Rock\n|turn|45\n|\n|t:|1781434154\n|switch|p1a: Giratina|Giratina, L75|156/349\n|-ability|p1a: Giratina|Pressure\n|move|p2a: Ursaring|Throat Chop|p1a: Giratina\n|-supereffective|p1a: Giratina\n|-damage|p1a: Giratina|0 fnt\n|faint|p1a: Giratina\n|\n|-damage|p2a: Ursaring|119/288 tox|[from] psn\n|upkeep\n|-message|duuhhao forfeited.\n|\n|win|a rabbit\n", "inputlog": ">version a8376a258c1d4662feba110a92103f3664a72141\n>start {\"formatid\":\"gen9randombattle\",\"seed\":\"sodium,cb456d28a6739fae8f34009c0a4e5c3f\",\"rated\":\"Rated battle\"}\n>player p1 {\"name\":\"duuhhao\",\"avatar\":\"clair\",\"rating\":2178,\"seed\":\"sodium,a53ea0d1383d9de46a02f0c5785a15b9\"}\n>player p2 {\"name\":\"a rabbit\",\"avatar\":\"#scl2breakers\",\"rating\":2303,\"seed\":\"sodium,8f1f87e5efb6210ac6550edc6436b7a1\"}\n>p1 move calmmind\n>p2 move thunderwave\n>p1 move dragonpulse\n>p2 switch 4\n>p1 switch 6\n>p2 move earthquake\n>p1 move stickyweb\n>p2 switch 3\n>p1 switch 2\n>p2 move dualwingbeat\n>p1 move stealthrock\n>p2 switch 4\n>p1 switch 2\n>p2 move thunderwave\n>p1 move tripleaxel\n>p2 switch 4\n>p1 move tripleaxel\n>p2 move dualwingbeat\n>p1 switch 3\n>p1 move sacredfire\n>p2 switch 2\n>p1 switch 6\n>p2 move rest\n>p1 move dragonpulse\n>p2 move sleeptalk\n>p1 move calmmind\n>p2 move sleeptalk\n>p1 move calmmind\n>p2 move throatchop\n>p1 move rest\n>p2 move throatchop\n>p1 move sleeptalk\n>p2 move rest\n>p1 move sleeptalk\n>p2 move sleeptalk\n>p1 move rest\n>p2 move sleeptalk\n>p1 move sleeptalk\n>p2 move throatchop\n>p1 move dragonpulse\n>p2 move throatchop\n>p1 move dragonpulse\n>p2 move throatchop\n>p1 move rest\n>p2 switch 6\n>p1 switch 4\n>p2 move psyshock\n>p1 move thunderwave\n>p2 move nastyplot\n>p1 move encore\n>p2 move fireblast\n>p1 move psychicnoise\n>p2 switch 3\n>p1 move psychicnoise\n>p2 move poltergeist\n>p2 switch 4\n>p1 switch 4\n>p2 move healbell\n>p1 move sleeptalk\n>p2 switch 6\n>p1 move sleeptalk\n>p2 move throatchop\n>p1 move rest\n>p2 move rest\n>p1 move sleeptalk\n>p2 move sleeptalk\n>p1 move sleeptalk\n>p2 move sleeptalk\n>p1 move calmmind\n>p2 move throatchop\n>p1 move dragonpulse\n>p2 move throatchop\n>p1 move dragonpulse\n>p2 switch 5\n>p1 switch 6\n>p2 move playrough\n>p1 move flareblitz\n>p2 move voltswitch\n>p2 switch 3\n>p1 switch 4\n>p2 move nastyplot\n>p1 move thunderwave\n>p2 move fireblast terastallize\n>p1 switch 5\n>p1 move knockoff\n>p2 move fireblast\n>p1 switch 4\n>p1 move stompingtantrum\n>p2 move psyshock\n>p1 switch 2\n>p2 move psyshock\n>p1 switch 2\n>p1 move extremespeed\n>p2 move psyshock\n>p2 switch 5\n>p1 switch 6\n>p2 move throatchop\n>forcelose p1", "uploadtime": 1781433701, "views": 5, "formatid": "gen9randombattle", "rating": null, "private": 0, "password": null}