{"id": "gen9randombattle-2631437711", "format": "[Gen 9] Random Battle", "players": ["nooks n grannies", "fosdfo"], "log": "|j|\u2606nooks n grannies\n|j|\u2606fosdfo\n|t:|1781384615\n|gametype|singles\n|player|p1|nooks n grannies|madame|2283\n|player|p2|fosdfo|266|2212\n|gen|9\n|tier|[Gen 9] Random Battle\n|rated|\n|rule|Species Clause: Limit one of each Pok\u00e9mon\n|rule|HP Percentage Mod: HP is shown in percentages\n|rule|Sleep Clause Mod: Limit one foe put to sleep\n|rule|Illusion Level Mod: Illusion disguises the Pok\u00e9mon's true level\n|\n|t:|1781384615\n|teamsize|p1|6\n|teamsize|p2|6\n|start\n|switch|p1a: Lunala|Lunala, L70|308/308\n|switch|p2a: Scyther|Scyther, L82, M|249/249\n|turn|1\n|inactive|Battle timer is ON: inactive players will automatically lose when time's up. (requested by nooks n grannies)\n|inactive|nooks n grannies has 120 seconds left.\n|inactive|nooks n grannies has 90 seconds left.\n|\n|t:|1781384683\n|move|p2a: Scyther|Swords Dance|p2a: Scyther\n|-boost|p2a: Scyther|atk|2\n|move|p1a: Lunala|Moongeist Beam|p2a: Scyther\n|-damage|p2a: Scyther|176/249\n|\n|upkeep\n|turn|2\n|\n|t:|1781384705\n|switch|p1a: Pincurchin|Pincurchin, M|258/258\n|-fieldstart|move: Electric Terrain|[from] ability: Electric Surge|[of] p1a: Pincurchin\n|move|p2a: Scyther|Dual Wingbeat|p1a: Pincurchin\n|-resisted|p1a: Pincurchin\n|-damage|p1a: Pincurchin|208/258\n|-resisted|p1a: Pincurchin\n|-damage|p1a: Pincurchin|156/258\n|-hitcount|p1a: Pincurchin|2\n|\n|-heal|p1a: Pincurchin|172/258|[from] item: Leftovers\n|upkeep\n|turn|3\n|\n|t:|1781384720\n|move|p2a: Scyther|Bug Bite|p1a: Pincurchin\n|-damage|p1a: Pincurchin|9/258\n|move|p1a: Pincurchin|Zing Zap|p2a: Scyther\n|-supereffective|p2a: Scyther\n|-damage|p2a: Scyther|0 fnt\n|faint|p2a: Scyther\n|\n|-heal|p1a: Pincurchin|25/258|[from] item: Leftovers\n|upkeep\n|\n|t:|1781384733\n|switch|p2a: Blaziken|Blaziken, L76, F|247/247\n|turn|4\n|\n|t:|1781384756\n|move|p2a: Blaziken|Knock Off|p1a: Pincurchin\n|-damage|p1a: Pincurchin|0 fnt\n|-enditem|p1a: Pincurchin|Leftovers|[from] move: Knock Off|[of] p2a: Blaziken\n|faint|p1a: Pincurchin\n|-damage|p2a: Blaziken|223/247|[from] item: Life Orb\n|\n|-ability|p2a: Blaziken|Speed Boost|boost\n|-boost|p2a: Blaziken|spe|1\n|upkeep\n|inactive|nooks n grannies has 120 seconds left.\n|\n|t:|1781384786\n|switch|p1a: Floatzel|Floatzel, L86, F|286/286\n|turn|5\n|\n|t:|1781384795\n|switch|p2a: Amoonguss|Amoonguss, L82, F|321/321\n|move|p1a: Floatzel|Wave Crash|p2a: Amoonguss\n|-resisted|p2a: Amoonguss\n|-damage|p2a: Amoonguss|241/321\n|-damage|p1a: Floatzel|260/286|[from] Recoil\n|\n|-heal|p1a: Floatzel|277/286|[from] item: Leftovers\n|-heal|p2a: Amoonguss|261/321|[from] item: Leftovers\n|upkeep\n|turn|6\n|\n|t:|1781384804\n|move|p1a: Floatzel|Taunt|p2a: Amoonguss\n|-start|p2a: Amoonguss|move: Taunt\n|move|p2a: Amoonguss|Sludge Bomb|p1a: Floatzel\n|-damage|p1a: Floatzel|157/286\n|\n|-heal|p1a: Floatzel|174/286|[from] item: Leftovers\n|-heal|p2a: Amoonguss|281/321|[from] item: Leftovers\n|-fieldend|move: Electric Terrain\n|upkeep\n|turn|7\n|\n|t:|1781384818\n|switch|p1a: Toxtricity|Toxtricity, L82, F|257/257\n|move|p2a: Amoonguss|Giga Drain|p1a: Toxtricity\n|-resisted|p1a: Toxtricity\n|-damage|p1a: Toxtricity|219/257\n|-heal|p2a: Amoonguss|300/321|[from] drain|[of] p1a: Toxtricity\n|\n|-heal|p2a: Amoonguss|320/321|[from] item: Leftovers\n|upkeep\n|turn|8\n|inactive|nooks n grannies has 120 seconds left.\n|\n|t:|1781384843\n|-terastallize|p1a: Toxtricity|Normal\n|move|p1a: Toxtricity|Boomburst|p2a: Amoonguss\n|-damage|p2a: Amoonguss|109/321\n|move|p2a: Amoonguss|Clear Smog|p1a: Toxtricity\n|-damage|p1a: Toxtricity|162/257\n|-clearboost|p1a: Toxtricity\n|\n|-heal|p2a: Amoonguss|129/321|[from] item: Leftovers\n|-end|p2a: Amoonguss|move: Taunt\n|upkeep\n|turn|9\n|inactive|nooks n grannies has 120 seconds left.\n|\n|t:|1781384850\n|switch|p2a: Empoleon|Empoleon, L84, F|278/278\n|move|p1a: Toxtricity|Boomburst|p2a: Empoleon\n|-resisted|p2a: Empoleon\n|-damage|p2a: Empoleon|185/278\n|\n|-heal|p2a: Empoleon|202/278|[from] item: Leftovers\n|upkeep\n|turn|10\n|inactive|nooks n grannies has 120 seconds left.\n|\n|t:|1781384863\n|switch|p1a: Chesnaught|Chesnaught, L84, F|285/285\n|move|p2a: Empoleon|Flip Turn|p1a: Chesnaught\n|-resisted|p1a: Chesnaught\n|-damage|p1a: Chesnaught|264/285\n|\n|t:|1781384871\n|switch|p2a: Blaziken|Blaziken, L76, F|223/247|[from] Flip Turn\n|\n|-heal|p1a: Chesnaught|281/285|[from] item: Leftovers\n|upkeep\n|turn|11\n|\n|t:|1781384885\n|move|p2a: Blaziken|Swords Dance|p2a: Blaziken\n|-boost|p2a: Blaziken|atk|2\n|move|p1a: Chesnaught|Body Press|p2a: Blaziken\n|-damage|p2a: Blaziken|97/247\n|\n|-heal|p1a: Chesnaught|285/285|[from] item: Leftovers\n|-ability|p2a: Blaziken|Speed Boost|boost\n|-boost|p2a: Blaziken|spe|1\n|upkeep\n|turn|12\n|inactive|nooks n grannies has 120 seconds left.\n|\n|t:|1781384919\n|switch|p1a: Illumise|Illumise, L91, F|266/266\n|move|p2a: Blaziken|Flare Blitz|p1a: Illumise\n|-supereffective|p1a: Illumise\n|-damage|p1a: Illumise|0 fnt\n|faint|p1a: Illumise\n|-damage|p2a: Blaziken|9/247|[from] Recoil\n|-damage|p2a: Blaziken|0 fnt|[from] item: Life Orb\n|faint|p2a: Blaziken\n|\n|upkeep\n|\n|t:|1781384935\n|switch|p1a: Toxtricity|Toxtricity, L82, F, tera:Normal|162/257\n|switch|p2a: Lycanroc|Lycanroc-Midnight, L89, M|296/296\n|turn|13\n|\n|t:|1781384947\n|move|p1a: Toxtricity|Volt Switch|p2a: Lycanroc\n|-crit|p2a: Lycanroc\n|-damage|p2a: Lycanroc|164/296\n|\n|t:|1781384951\n|switch|p1a: Chesnaught|Chesnaught, L84, F|285/285|[from] Volt Switch\n|move|p2a: Lycanroc|Play Rough|p1a: Chesnaught\n|-supereffective|p1a: Chesnaught\n|-damage|p1a: Chesnaught|87/285\n|\n|-heal|p1a: Chesnaught|104/285|[from] item: Leftovers\n|upkeep\n|turn|14\n|\n|t:|1781384964\n|move|p2a: Lycanroc|Play Rough|p1a: Chesnaught\n|-supereffective|p1a: Chesnaught\n|-damage|p1a: Chesnaught|0 fnt\n|faint|p1a: Chesnaught\n|\n|upkeep\n|\n|t:|1781384969\n|switch|p1a: Floatzel|Floatzel, L86, F|174/286\n|turn|15\n|\n|t:|1781384979\n|switch|p2a: Amoonguss|Amoonguss, L82, F|236/321\n|move|p1a: Floatzel|Bulk Up|p1a: Floatzel\n|-boost|p1a: Floatzel|atk|1\n|-boost|p1a: Floatzel|def|1\n|\n|-heal|p1a: Floatzel|191/286|[from] item: Leftovers\n|-heal|p2a: Amoonguss|256/321|[from] item: Leftovers\n|upkeep\n|turn|16\n|\n|t:|1781384986\n|move|p1a: Floatzel|Ice Spinner|p2a: Amoonguss\n|-supereffective|p2a: Amoonguss\n|-damage|p2a: Amoonguss|38/321\n|move|p2a: Amoonguss|Giga Drain|p1a: Floatzel\n|-supereffective|p1a: Floatzel\n|-damage|p1a: Floatzel|0 fnt\n|-heal|p2a: Amoonguss|134/321|[from] drain|[of] p1a: Floatzel\n|faint|p1a: Floatzel\n|\n|-heal|p2a: Amoonguss|154/321|[from] item: Leftovers\n|upkeep\n|inactive|nooks n grannies has 120 seconds left.\n|\n|t:|1781385005\n|switch|p1a: Lunala|Lunala, L70|308/308\n|turn|17\n|\n|t:|1781385022\n|switch|p2a: Lycanroc|Lycanroc-Midnight, L89, M|164/296\n|move|p1a: Lunala|Calm Mind|p1a: Lunala\n|-boost|p1a: Lunala|spa|1\n|-boost|p1a: Lunala|spd|1\n|\n|upkeep\n|turn|18\n|\n|t:|1781385030\n|move|p2a: Lycanroc|Knock Off|p1a: Lunala\n|-supereffective|p1a: Lunala\n|-damage|p1a: Lunala|0 fnt\n|-enditem|p1a: Lunala|Leftovers|[from] move: Knock Off|[of] p2a: Lycanroc\n|faint|p1a: Lunala\n|\n|upkeep\n|-message|nooks n grannies forfeited.\n|\n|win|fosdfo\n", "inputlog": ">version a8376a258c1d4662feba110a92103f3664a72141\n>start {\"formatid\":\"gen9randombattle\",\"seed\":\"sodium,a8e25884fa28b301911b06003e38d80c\",\"rated\":\"Rated battle\"}\n>player p1 {\"name\":\"nooks n grannies\",\"avatar\":\"madame\",\"rating\":2283,\"seed\":\"sodium,9498dba9befcdbfe371f9ccacf362711\"}\n>player p2 {\"name\":\"fosdfo\",\"avatar\":\"266\",\"rating\":2212,\"seed\":\"sodium,b05649cf7747107c7d29f8ae5a1d1003\"}\n>p1 move moongeistbeam\n>p2 move swordsdance\n>p1 switch 3\n>p2 move dualwingbeat\n>p1 move zingzap\n>p2 move bugbite\n>p2 switch 6\n>p1 move liquidation\n>p2 move knockoff\n>p1 switch 2\n>p1 move wavecrash\n>p2 switch 5\n>p1 move taunt\n>p2 move sludgebomb\n>p1 switch 6\n>p2 move gigadrain\n>p1 move boomburst terastallize\n>p2 move clearsmog\n>p1 move boomburst\n>p2 switch 3\n>p1 switch 5\n>p2 move flipturn\n>p2 switch 5\n>p1 move bodypress\n>p2 move swordsdance\n>p1 switch 4\n>p2 move flareblitz\n>p1 switch 5\n>p2 switch 4\n>p1 move voltswitch\n>p2 move playrough\n>p1 switch 4\n>p1 move bodypress\n>p2 move playrough\n>p1 switch 6\n>p1 move bulkup\n>p2 switch 3\n>p1 move icespinner\n>p2 move gigadrain\n>p1 switch 3\n>p1 move calmmind\n>p2 switch 3\n>p1 move moongeistbeam\n>p2 move knockoff\n>forcelose p1", "uploadtime": 1781384617, "views": 13, "formatid": "gen9randombattle", "rating": null, "private": 0, "password": null}