{"id": "gen9randombattle-2631828916", "format": "[Gen 9] Random Battle", "players": ["pelele19", "Mcnoodle"], "log": "|j|\u2606pelele19\n|j|\u2606Mcnoodle\n|t:|1781445402\n|gametype|singles\n|player|p1|pelele19|102|2176\n|player|p2|Mcnoodle|backpacker|2117\n|gen|9\n|tier|[Gen 9] Random Battle\n|rated|\n|rule|Species Clause: Limit one of each Pok\u00e9mon\n|rule|HP Percentage Mod: HP is shown in percentages\n|rule|Sleep Clause Mod: Limit one foe put to sleep\n|rule|Illusion Level Mod: Illusion disguises the Pok\u00e9mon's true level\n|\n|t:|1781445402\n|teamsize|p1|6\n|teamsize|p2|6\n|start\n|switch|p1a: Hoopa|Hoopa, L85|275/275\n|switch|p2a: Oricorio|Oricorio-Pa'u, L87, F|272/272\n|turn|1\n|inactive|Battle timer is ON: inactive players will automatically lose when time's up. (requested by Mcnoodle)\n|inactive|Mcnoodle has 120 seconds left.\n|\n|t:|1781445434\n|switch|p2a: Glastrier|Glastrier, L86|312/312\n|move|p1a: Hoopa|Shadow Ball|p2a: Glastrier\n|-damage|p2a: Glastrier|176/312\n|-damage|p1a: Hoopa|248/275|[from] item: Life Orb\n|\n|upkeep\n|turn|2\n|\n|t:|1781445439\n|move|p1a: Hoopa|Focus Blast|p2a: Glastrier\n|-supereffective|p2a: Glastrier\n|-damage|p2a: Glastrier|0 fnt\n|faint|p2a: Glastrier\n|-damage|p1a: Hoopa|221/275|[from] item: Life Orb\n|\n|upkeep\n|\n|t:|1781445467\n|switch|p2a: Gholdengo|Gholdengo, L77|261/261\n|turn|3\n|\n|t:|1781445474\n|switch|p1a: Squawkabilly|Squawkabilly-Blue, L85, F|278/278\n|move|p2a: Gholdengo|Shadow Ball|p1a: Squawkabilly\n|-immune|p1a: Squawkabilly\n|\n|-status|p1a: Squawkabilly|brn|[from] item: Flame Orb\n|upkeep\n|turn|4\n|\n|t:|1781445489\n|move|p1a: Squawkabilly|U-turn|p2a: Gholdengo\n|-resisted|p2a: Gholdengo\n|-damage|p2a: Gholdengo|242/261\n|\n|t:|1781445495\n|switch|p1a: Dewgong|Dewgong, L94, M|322/322|[from] U-turn\n|move|p2a: Gholdengo|Nasty Plot|p2a: Gholdengo\n|-boost|p2a: Gholdengo|spa|2\n|\n|-heal|p2a: Gholdengo|258/261|[from] item: Leftovers\n|upkeep\n|turn|5\n|\n|t:|1781445501\n|switch|p2a: Ariados|Ariados, L95, M|287/287\n|move|p1a: Dewgong|Knock Off|p2a: Ariados\n|-damage|p2a: Ariados|221/287\n|-enditem|p2a: Ariados|Heavy-Duty Boots|[from] move: Knock Off|[of] p1a: Dewgong\n|\n|upkeep\n|turn|6\n|\n|t:|1781445508\n|move|p1a: Dewgong|Triple Axel|p2a: Ariados\n|-damage|p2a: Ariados|197/287\n|-damage|p2a: Ariados|157/287\n|-damage|p2a: Ariados|93/287\n|-hitcount|p2a: Ariados|3\n|move|p2a: Ariados|Sticky Web|p1a: Dewgong\n|-sidestart|p1: pelele19|move: Sticky Web\n|\n|upkeep\n|turn|7\n|\n|t:|1781445525\n|move|p1a: Dewgong|Triple Axel|p2a: Ariados\n|-damage|p2a: Ariados|69/287\n|-crit|p2a: Ariados\n|-damage|p2a: Ariados|9/287\n|-damage|p2a: Ariados|0 fnt\n|faint|p2a: Ariados\n|-hitcount|p2: Ariados|3\n|\n|upkeep\n|\n|t:|1781445533\n|switch|p2a: Duraludon|Duraludon, L82, M|249/249\n|turn|8\n|\n|t:|1781445537\n|move|p2a: Duraludon|Stealth Rock|p1a: Dewgong\n|-sidestart|p1: pelele19|move: Stealth Rock\n|move|p1a: Dewgong|Knock Off|p2a: Duraludon\n|-damage|p2a: Duraludon|213/249\n|-enditem|p2a: Duraludon|Eviolite|[from] move: Knock Off|[of] p1a: Dewgong\n|\n|upkeep\n|turn|9\n|\n|t:|1781445544\n|move|p2a: Duraludon|Body Press|p1a: Dewgong\n|-supereffective|p1a: Dewgong\n|-damage|p1a: Dewgong|202/322\n|move|p1a: Dewgong|Encore|p2a: Duraludon\n|-start|p2a: Duraludon|Encore\n|\n|upkeep\n|turn|10\n|\n|t:|1781445552\n|switch|p2a: Okidogi|Okidogi, L77, M|262/262\n|switch|p1a: Annihilape|Annihilape, L76, F|292/292\n|-activate|p1a: Annihilape|move: Sticky Web\n|-unboost|p1a: Annihilape|spe|1\n|-ability|p1a: Annihilape|Defiant|boost\n|-boost|p1a: Annihilape|atk|2\n|-damage|p1a: Annihilape|274/292|[from] Stealth Rock\n|\n|-heal|p1a: Annihilape|292/292|[from] item: Leftovers\n|upkeep\n|turn|11\n|\n|t:|1781445567\n|switch|p2a: Oricorio|Oricorio-Pa'u, L87, F|272/272\n|move|p1a: Annihilape|Bulk Up|p1a: Annihilape\n|-boost|p1a: Annihilape|atk|1\n|-boost|p1a: Annihilape|def|1\n|\n|upkeep\n|turn|12\n|\n|t:|1781445588\n|-terastallize|p1a: Annihilape|Fairy\n|move|p2a: Oricorio|Hurricane|p1a: Annihilape|[miss]\n|-miss|p2a: Oricorio|p1a: Annihilape\n|move|p1a: Annihilape|Rage Fist|p2a: Oricorio\n|-supereffective|p2a: Oricorio\n|-crit|p2a: Oricorio\n|-damage|p2a: Oricorio|0 fnt\n|faint|p2a: Oricorio\n|\n|upkeep\n|\n|t:|1781445591\n|switch|p2a: Duraludon|Duraludon, L82, M|213/249\n|turn|13\n|\n|t:|1781445595\n|move|p2a: Duraludon|Flash Cannon|p1a: Annihilape\n|-supereffective|p1a: Annihilape\n|-damage|p1a: Annihilape|98/292\n|move|p1a: Annihilape|Drain Punch|p2a: Duraludon\n|-supereffective|p2a: Duraludon\n|-damage|p2a: Duraludon|0 fnt\n|-heal|p1a: Annihilape|205/292|[from] drain|[of] p2a: Duraludon\n|faint|p2a: Duraludon\n|\n|-heal|p1a: Annihilape|223/292|[from] item: Leftovers\n|upkeep\n|\n|t:|1781445602\n|switch|p2a: Gholdengo|Gholdengo, L77|258/261\n|turn|14\n|\n|t:|1781445604\n|move|p2a: Gholdengo|Make It Rain|p1a: Annihilape\n|-supereffective|p1a: Annihilape\n|-damage|p1a: Annihilape|0 fnt\n|-unboost|p2a: Gholdengo|spa|1\n|faint|p1a: Annihilape\n|\n|-heal|p2a: Gholdengo|261/261|[from] item: Leftovers\n|upkeep\n|\n|t:|1781445610\n|switch|p1a: Dewgong|Dewgong, L94, M|202/322\n|turn|15\n|\n|t:|1781445614\n|switch|p2a: Okidogi|Okidogi, L77, M|262/262\n|move|p1a: Dewgong|Knock Off|p2a: Okidogi\n|-resisted|p2a: Okidogi\n|-damage|p2a: Okidogi|234/262\n|-enditem|p2a: Okidogi|Leftovers|[from] move: Knock Off|[of] p1a: Dewgong\n|\n|upkeep\n|turn|16\n|\n|t:|1781445625\n|move|p1a: Dewgong|Triple Axel|p2a: Okidogi\n|-damage|p2a: Okidogi|213/262\n|-hitcount|p2a: Okidogi|1\n|move|p2a: Okidogi|Drain Punch|p1a: Dewgong\n|-supereffective|p1a: Dewgong\n|-damage|p1a: Dewgong|56/322\n|-heal|p2a: Okidogi|262/262|[from] drain|[of] p1a: Dewgong\n|-status|p1a: Dewgong|tox|[from] ability: Toxic Chain|[of] p2a: Okidogi\n|\n|-damage|p1a: Dewgong|36/322 tox|[from] psn\n|upkeep\n|turn|17\n|\n|t:|1781445634\n|switch|p2a: Gholdengo|Gholdengo, L77|261/261\n|move|p1a: Dewgong|Encore|p2a: Gholdengo\n|-immune|p2a: Gholdengo|[from] ability: Good as Gold\n|\n|-damage|p1a: Dewgong|0 fnt|[from] psn\n|faint|p1a: Dewgong\n|upkeep\n|\n|t:|1781445644\n|switch|p1a: Raging Bolt|Raging Bolt, L78|323/323\n|-activate|p1a: Raging Bolt|move: Sticky Web\n|-unboost|p1a: Raging Bolt|spe|1\n|-damage|p1a: Raging Bolt|283/323|[from] Stealth Rock\n|turn|18\n|\n|t:|1781445658\n|switch|p2a: Okidogi|Okidogi, L77, M|262/262\n|move|p1a: Raging Bolt|Calm Mind|p1a: Raging Bolt\n|-boost|p1a: Raging Bolt|spa|1\n|-boost|p1a: Raging Bolt|spd|1\n|\n|-heal|p1a: Raging Bolt|303/323|[from] item: Leftovers\n|upkeep\n|turn|19\n|\n|t:|1781445663\n|move|p2a: Okidogi|Bulk Up|p2a: Okidogi\n|-boost|p2a: Okidogi|atk|1\n|-boost|p2a: Okidogi|def|1\n|move|p1a: Raging Bolt|Thunderbolt|p2a: Okidogi\n|-crit|p2a: Okidogi\n|-damage|p2a: Okidogi|7/262\n|\n|-heal|p1a: Raging Bolt|323/323|[from] item: Leftovers\n|upkeep\n|turn|20\n|\n|t:|1781445665\n|move|p1a: Raging Bolt|Thunderclap|p2a: Okidogi\n|-damage|p2a: Okidogi|0 fnt\n|faint|p2a: Okidogi\n|\n|upkeep\n|-message|Mcnoodle forfeited.\n|\n|win|pelele19\n", "inputlog": ">version a8376a258c1d4662feba110a92103f3664a72141\n>start {\"formatid\":\"gen9randombattle\",\"seed\":\"sodium,d6598ed0ca8e8d5ec0a35e826b249657\",\"rated\":\"Rated battle\"}\n>player p1 {\"name\":\"pelele19\",\"avatar\":\"102\",\"rating\":2176,\"seed\":\"sodium,b21abbf4c56e27c0d5ac7b2ec5f505ff\"}\n>player p2 {\"name\":\"Mcnoodle\",\"avatar\":\"backpacker\",\"rating\":2117,\"seed\":\"sodium,0039b8df325aac8cac529deed4347083\"}\n>p1 move shadowball\n>p2 switch 5\n>p1 move focusblast\n>p2 move iciclecrash\n>p2 switch 6\n>p1 switch 6\n>p2 move shadowball\n>p1 move uturn\n>p2 move nastyplot\n>p1 switch 4\n>p1 move knockoff\n>p2 switch 2\n>p1 move tripleaxel\n>p2 move stickyweb\n>p1 move tripleaxel\n>p2 move toxicspikes\n>p2 switch 3\n>p1 move knockoff\n>p2 move stealthrock\n>p1 move encore\n>p2 move bodypress\n>p1 switch 5\n>p2 switch 4\n>p1 move bulkup\n>p2 switch 5\n>p1 move ragefist terastallize\n>p2 move hurricane\n>p2 switch 4\n>p1 move drainpunch\n>p2 move flashcannon\n>p2 switch 2\n>p1 move ragefist\n>p2 move makeitrain\n>p1 switch 5\n>p1 move knockoff\n>p2 switch 5\n>p1 move tripleaxel\n>p2 move drainpunch\n>p1 move encore\n>p2 switch 5\n>p1 switch 3\n>p1 move calmmind\n>p2 switch 5\n>p1 move thunderbolt\n>p2 move bulkup\n>p1 move thunderclap\n>p2 move drainpunch\n>forcelose p2", "uploadtime": 1781445404, "views": 7, "formatid": "gen9randombattle", "rating": null, "private": 0, "password": null}