{"id": "gen9randombattle-2631447020", "format": "[Gen 9] Random Battle", "players": ["L.Chrollo", "mimic17"], "log": "|j|\u2606L.Chrollo\n|j|\u2606mimic17\n|t:|1781385748\n|gametype|singles\n|player|p1|L.Chrollo|266|1420\n|player|p2|mimic17|toddsnap|1403\n|gen|9\n|tier|[Gen 9] Random Battle\n|rated|\n|rule|Species Clause: Limit one of each Pok\u00e9mon\n|rule|HP Percentage Mod: HP is shown in percentages\n|rule|Sleep Clause Mod: Limit one foe put to sleep\n|rule|Illusion Level Mod: Illusion disguises the Pok\u00e9mon's true level\n|\n|t:|1781385748\n|teamsize|p1|6\n|teamsize|p2|6\n|start\n|switch|p1a: Dodrio|Dodrio, L85, F|241/241\n|switch|p2a: Gastrodon|Gastrodon-East, L86, M|331/331\n|turn|1\n|inactive|Battle timer is ON: inactive players will automatically lose when time's up. (requested by mimic17)\n|\n|t:|1781385766\n|move|p1a: Dodrio|Knock Off|p2a: Gastrodon\n|-damage|p2a: Gastrodon|199/331\n|-enditem|p2a: Gastrodon|Leftovers|[from] move: Knock Off|[of] p1a: Dodrio\n|move|p2a: Gastrodon|Stealth Rock|p1a: Dodrio\n|-sidestart|p1: L.Chrollo|move: Stealth Rock\n|\n|upkeep\n|turn|2\n|\n|t:|1781385786\n|switch|p1a: Passimian|Passimian, L83, F|302/302\n|-damage|p1a: Passimian|284/302|[from] Stealth Rock\n|switch|p2a: Spiritomb|Spiritomb, L89, F|234/234\n|\n|-heal|p1a: Passimian|302/302|[from] item: Leftovers\n|upkeep\n|turn|3\n|\n|t:|1781385799\n|move|p1a: Passimian|Knock Off|p2a: Spiritomb\n|-damage|p2a: Spiritomb|173/234\n|-enditem|p2a: Spiritomb|Leftovers|[from] move: Knock Off|[of] p1a: Passimian\n|move|p2a: Spiritomb|Poltergeist|p1a: Passimian\n|-activate|p1a: Passimian|move: Poltergeist|Leftovers\n|-damage|p1a: Passimian|181/302\n|\n|-heal|p1a: Passimian|199/302|[from] item: Leftovers\n|upkeep\n|turn|4\n|\n|t:|1781385819\n|switch|p1a: Pyroar|Pyroar, L88, M|295/295\n|-ability|p1a: Pyroar|Unnerve\n|move|p2a: Spiritomb|Poltergeist|p1a: Pyroar\n|-immune|p1a: Pyroar\n|\n|upkeep\n|turn|5\n|inactive|L.Chrollo has 120 seconds left.\n|\n|t:|1781385843\n|switch|p2a: Inteleon|Inteleon, L81, F|246/246\n|move|p1a: Pyroar|Will-O-Wisp|p2a: Inteleon\n|-status|p2a: Inteleon|brn\n|\n|-damage|p2a: Inteleon|231/246 brn|[from] brn\n|upkeep\n|turn|6\n|inactive|L.Chrollo has 120 seconds left.\n|\n|t:|1781385854\n|switch|p1a: Passimian|Passimian, L83, F|199/302\n|-damage|p1a: Passimian|181/302|[from] Stealth Rock\n|move|p2a: Inteleon|Hydro Pump|p1a: Passimian\n|-damage|p1a: Passimian|0 fnt\n|faint|p1a: Passimian\n|\n|-damage|p2a: Inteleon|216/246 brn|[from] brn\n|upkeep\n|inactive|L.Chrollo has 120 seconds left.\n|\n|t:|1781385869\n|switch|p1a: Dodrio|Dodrio, L85, F|241/241\n|-damage|p1a: Dodrio|181/241|[from] Stealth Rock\n|turn|7\n|\n|t:|1781385877\n|switch|p2a: Spiritomb|Spiritomb, L89, F|173/234\n|move|p1a: Dodrio|Knock Off|p2a: Spiritomb\n|-crit|p2a: Spiritomb\n|-damage|p2a: Spiritomb|70/234\n|\n|upkeep\n|turn|8\n|inactive|L.Chrollo has 120 seconds left.\n|\n|t:|1781385883\n|move|p1a: Dodrio|Knock Off|p2a: Spiritomb\n|-crit|p2a: Spiritomb\n|-damage|p2a: Spiritomb|0 fnt\n|faint|p2a: Spiritomb\n|\n|upkeep\n|\n|t:|1781385893\n|switch|p2a: Inteleon|Inteleon, L81, F|216/246 brn\n|turn|9\n|inactive|L.Chrollo has 120 seconds left.\n|\n|t:|1781385918\n|move|p2a: Inteleon|U-turn|p1a: Dodrio\n|-resisted|p1a: Dodrio\n|-damage|p1a: Dodrio|168/241\n|\n|t:|1781385920\n|switch|p2a: Gastrodon|Gastrodon-East, L86, M|199/331|[from] U-turn\n|move|p1a: Dodrio|Knock Off|p2a: Gastrodon\n|-damage|p2a: Gastrodon|103/331\n|\n|upkeep\n|turn|10\n|inactive|L.Chrollo has 120 seconds left.\n|\n|t:|1781385927\n|move|p1a: Dodrio|Knock Off|p2a: Gastrodon\n|-damage|p2a: Gastrodon|9/331\n|move|p2a: Gastrodon|Recover|p2a: Gastrodon\n|-heal|p2a: Gastrodon|175/331\n|\n|upkeep\n|turn|11\n|\n|t:|1781385933\n|move|p1a: Dodrio|Knock Off|p2a: Gastrodon\n|-damage|p2a: Gastrodon|88/331\n|move|p2a: Gastrodon|Recover|p2a: Gastrodon\n|-heal|p2a: Gastrodon|254/331\n|\n|upkeep\n|turn|12\n|\n|t:|1781385950\n|move|p1a: Dodrio|Knock Off|p2a: Gastrodon\n|-damage|p2a: Gastrodon|161/331\n|move|p2a: Gastrodon|Surf|p1a: Dodrio\n|-damage|p1a: Dodrio|47/241\n|\n|upkeep\n|turn|13\n|\n|t:|1781385968\n|move|p1a: Dodrio|Knock Off|p2a: Gastrodon\n|-damage|p2a: Gastrodon|75/331\n|move|p2a: Gastrodon|Recover|p2a: Gastrodon\n|-heal|p2a: Gastrodon|241/331\n|\n|upkeep\n|turn|14\n|\n|t:|1781385975\n|move|p1a: Dodrio|Knock Off|p2a: Gastrodon\n|-damage|p2a: Gastrodon|148/331\n|move|p2a: Gastrodon|Recover|p2a: Gastrodon\n|-heal|p2a: Gastrodon|314/331\n|\n|upkeep\n|turn|15\n|\n|t:|1781385982\n|move|p1a: Dodrio|Knock Off|p2a: Gastrodon\n|-damage|p2a: Gastrodon|229/331\n|move|p2a: Gastrodon|Surf|p1a: Dodrio\n|-damage|p1a: Dodrio|0 fnt\n|faint|p1a: Dodrio\n|\n|upkeep\n|inactive|L.Chrollo has 120 seconds left.\n|\n|t:|1781386021\n|switch|p1a: Shaymin|Shaymin-Sky, L73|266/266\n|turn|16\n|\n|t:|1781386035\n|switch|p2a: Dipplin|Dipplin, L88, F|284/284\n|move|p1a: Shaymin|Seed Flare|p2a: Dipplin\n|-resisted|p2a: Dipplin\n|-damage|p2a: Dipplin|263/284\n|-unboost|p2a: Dipplin|spd|2\n|\n|upkeep\n|turn|17\n|\n|t:|1781386043\n|move|p1a: Shaymin|Air Slash|p2a: Dipplin\n|-supereffective|p2a: Dipplin\n|-damage|p2a: Dipplin|53/284\n|cant|p2a: Dipplin|flinch\n|\n|upkeep\n|turn|18\n|inactive|L.Chrollo has 120 seconds left.\n|\n|t:|1781386049\n|move|p1a: Shaymin|Air Slash|p2a: Dipplin\n|-supereffective|p2a: Dipplin\n|-damage|p2a: Dipplin|0 fnt\n|faint|p2a: Dipplin\n|\n|upkeep\n|\n|t:|1781386051\n|switch|p2a: Inteleon|Inteleon, L81, F|216/246 brn\n|turn|19\n|\n|t:|1781386058\n|move|p2a: Inteleon|Ice Beam|p1a: Shaymin\n|-supereffective|p1a: Shaymin\n|-damage|p1a: Shaymin|0 fnt\n|faint|p1a: Shaymin\n|\n|-damage|p2a: Inteleon|201/246 brn|[from] brn\n|upkeep\n|\n|t:|1781386070\n|switch|p1a: Pyroar|Pyroar, L88, M|295/295\n|-ability|p1a: Pyroar|Unnerve\n|turn|20\n|\n|t:|1781386077\n|switch|p2a: Gastrodon|Gastrodon-East, L86, M|229/331\n|move|p1a: Pyroar|Hyper Voice|p2a: Gastrodon\n|-crit|p2a: Gastrodon\n|-damage|p2a: Gastrodon|54/331\n|\n|upkeep\n|turn|21\n|\n|t:|1781386084\n|move|p1a: Pyroar|Hyper Voice|p2a: Gastrodon\n|-damage|p2a: Gastrodon|0 fnt\n|faint|p2a: Gastrodon\n|\n|upkeep\n|\n|t:|1781386086\n|switch|p2a: Inteleon|Inteleon, L81, F|201/246 brn\n|turn|22\n|\n|t:|1781386093\n|switch|p1a: Meganium|Meganium, L90, M|290/290\n|-damage|p1a: Meganium|254/290|[from] Stealth Rock\n|move|p2a: Inteleon|Hydro Pump|p1a: Meganium|[miss]\n|-miss|p2a: Inteleon|p1a: Meganium\n|\n|-heal|p1a: Meganium|272/290|[from] item: Leftovers\n|-damage|p2a: Inteleon|186/246 brn|[from] brn\n|upkeep\n|turn|23\n|\n|t:|1781386106\n|switch|p2a: Dunsparce|Dunsparce, L86, M|312/312\n|move|p1a: Meganium|Knock Off|p2a: Dunsparce\n|-damage|p2a: Dunsparce|256/312\n|-enditem|p2a: Dunsparce|Eviolite|[from] move: Knock Off|[of] p1a: Meganium\n|\n|-heal|p1a: Meganium|290/290|[from] item: Leftovers\n|upkeep\n|turn|24\n|\n|t:|1781386123\n|switch|p1a: Pyroar|Pyroar, L88, M|295/295\n|-ability|p1a: Pyroar|Unnerve\n|move|p2a: Dunsparce|Coil|p2a: Dunsparce\n|-boost|p2a: Dunsparce|atk|1\n|-boost|p2a: Dunsparce|def|1\n|-boost|p2a: Dunsparce|accuracy|1\n|\n|upkeep\n|turn|25\n|\n|t:|1781386133\n|move|p1a: Pyroar|Will-O-Wisp|p2a: Dunsparce\n|-status|p2a: Dunsparce|brn\n|move|p2a: Dunsparce|Earthquake|p1a: Pyroar\n|-supereffective|p1a: Pyroar\n|-crit|p1a: Pyroar\n|-damage|p1a: Pyroar|154/295\n|\n|-damage|p2a: Dunsparce|237/312 brn|[from] brn\n|upkeep\n|turn|26\n|\n|t:|1781386146\n|move|p1a: Pyroar|Taunt|p2a: Dunsparce\n|-start|p2a: Dunsparce|move: Taunt\n|cant|p2a: Dunsparce|move: Taunt|Roost\n|\n|-damage|p2a: Dunsparce|218/312 brn|[from] brn\n|upkeep\n|turn|27\n|\n|t:|1781386154\n|move|p1a: Pyroar|Hyper Voice|p2a: Dunsparce\n|-damage|p2a: Dunsparce|85/312 brn\n|move|p2a: Dunsparce|Body Slam|p1a: Pyroar\n|-damage|p1a: Pyroar|91/295\n|-status|p1a: Pyroar|par\n|\n|-damage|p2a: Dunsparce|66/312 brn|[from] brn\n|upkeep\n|turn|28\n|\n|t:|1781386164\n|move|p2a: Dunsparce|Earthquake|p1a: Pyroar\n|-supereffective|p1a: Pyroar\n|-damage|p1a: Pyroar|0 fnt\n|faint|p1a: Pyroar\n|\n|-damage|p2a: Dunsparce|47/312 brn|[from] brn\n|-end|p2a: Dunsparce|move: Taunt\n|upkeep\n|\n|t:|1781386172\n|switch|p1a: Meganium|Meganium, L90, M|290/290\n|-damage|p1a: Meganium|254/290|[from] Stealth Rock\n|turn|29\n|\n|t:|1781386182\n|move|p1a: Meganium|Energy Ball|p2a: Dunsparce\n|-damage|p2a: Dunsparce|0 fnt\n|faint|p2a: Dunsparce\n|\n|-heal|p1a: Meganium|272/290|[from] item: Leftovers\n|upkeep\n|\n|t:|1781386187\n|switch|p2a: Greedent|Greedent, L86, M|347/347\n|turn|30\n|\n|t:|1781386192\n|move|p1a: Meganium|Knock Off|p2a: Greedent\n|-damage|p2a: Greedent|280/347\n|-enditem|p2a: Greedent|Sitrus Berry|[from] move: Knock Off|[of] p1a: Meganium\n|move|p2a: Greedent|Swords Dance|p2a: Greedent\n|-boost|p2a: Greedent|atk|2\n|\n|-heal|p1a: Meganium|290/290|[from] item: Leftovers\n|upkeep\n|turn|31\n|\n|t:|1781386203\n|move|p1a: Meganium|Encore|p2a: Greedent\n|-start|p2a: Greedent|Encore\n|move|p2a: Greedent|Swords Dance|p2a: Greedent\n|-boost|p2a: Greedent|atk|2\n|\n|upkeep\n|turn|32\n|\n|t:|1781386209\n|move|p1a: Meganium|Energy Ball|p2a: Greedent\n|-damage|p2a: Greedent|175/347\n|-unboost|p2a: Greedent|spd|1\n|move|p2a: Greedent|Swords Dance|p2a: Greedent\n|-boost|p2a: Greedent|atk|2\n|\n|upkeep\n|turn|33\n|\n|t:|1781386216\n|move|p1a: Meganium|Energy Ball|p2a: Greedent\n|-damage|p2a: Greedent|0 fnt\n|faint|p2a: Greedent\n|\n|upkeep\n|\n|t:|1781386219\n|switch|p2a: Inteleon|Inteleon, L81, F|186/246 brn\n|turn|34\n|c|\u2606L.Chrollo|GG lil bro\n|\n|t:|1781386231\n|-terastallize|p1a: Meganium|Water\n|move|p2a: Inteleon|Ice Beam|p1a: Meganium\n|-resisted|p1a: Meganium\n|-damage|p1a: Meganium|247/290\n|-status|p1a: Meganium|frz\n|cant|p1a: Meganium|frz\n|\n|-heal|p1a: Meganium|265/290 frz|[from] item: Leftovers\n|-damage|p2a: Inteleon|171/246 brn|[from] brn\n|upkeep\n|turn|35\n|\n|t:|1781386246\n|move|p2a: Inteleon|Ice Beam|p1a: Meganium\n|-resisted|p1a: Meganium\n|-damage|p1a: Meganium|219/290 frz\n|cant|p1a: Meganium|frz\n|\n|-heal|p1a: Meganium|237/290 frz|[from] item: Leftovers\n|-damage|p2a: Inteleon|156/246 brn|[from] brn\n|upkeep\n|turn|36\n|\n|t:|1781386255\n|move|p2a: Inteleon|Ice Beam|p1a: Meganium\n|-resisted|p1a: Meganium\n|-damage|p1a: Meganium|190/290 frz\n|-curestatus|p1a: Meganium|frz|[msg]\n|move|p1a: Meganium|Knock Off|p2a: Inteleon\n|-damage|p2a: Inteleon|61/246 brn\n|-enditem|p2a: Inteleon|Choice Specs|[from] move: Knock Off|[of] p1a: Meganium\n|\n|-heal|p1a: Meganium|208/290|[from] item: Leftovers\n|-damage|p2a: Inteleon|46/246 brn|[from] brn\n|upkeep\n|turn|37\n|\n|t:|1781386267\n|-terastallize|p2a: Inteleon|Water\n|move|p2a: Inteleon|Hydro Pump|p1a: Meganium\n|-resisted|p1a: Meganium\n|-damage|p1a: Meganium|95/290\n|move|p1a: Meganium|Energy Ball|p2a: Inteleon\n|-supereffective|p2a: Inteleon\n|-damage|p2a: Inteleon|0 fnt\n|faint|p2a: Inteleon\n|\n|win|L.Chrollo\n|raw|L.Chrollo's rating: 1420 &rarr; <strong>1439</strong><br />(+19 for winning)\n|raw|mimic17's rating: 1403 &rarr; <strong>1384</strong><br />(-19 for losing)\n|l|\u2606mimic17\n|player|p2|\n", "inputlog": ">version a8376a258c1d4662feba110a92103f3664a72141\n>start {\"formatid\":\"gen9randombattle\",\"seed\":\"sodium,c956b64b743184aebfda03ee088c588d\",\"rated\":\"Rated battle\"}\n>player p1 {\"name\":\"L.Chrollo\",\"avatar\":\"266\",\"rating\":1420,\"seed\":\"sodium,8e59fec60b5fd220422b25a1ac5d671c\"}\n>player p2 {\"name\":\"mimic17\",\"avatar\":\"toddsnap\",\"rating\":1403,\"seed\":\"sodium,010df977b5bafef1a168caed69b9544e\"}\n>p1 move knockoff\n>p2 move stealthrock\n>p1 switch 6\n>p2 switch 2\n>p1 move knockoff\n>p2 move poltergeist\n>p1 switch 5\n>p2 move poltergeist\n>p1 move willowisp\n>p2 switch 3\n>p1 switch 5\n>p2 move hydropump\n>p1 switch 6\n>p1 move knockoff\n>p2 switch 3\n>p1 move knockoff\n>p2 move painsplit\n>p2 switch 3\n>p1 move knockoff\n>p2 move uturn\n>p2 switch 2\n>p1 move knockoff\n>p2 move recover\n>p1 move knockoff\n>p2 move recover\n>p1 move knockoff\n>p2 move surf\n>p1 move knockoff\n>p2 move recover\n>p1 move knockoff\n>p2 move recover\n>p1 move knockoff\n>p2 move surf\n>p1 switch 2\n>p1 move seedflare\n>p2 switch 6\n>p1 move airslash\n>p2 move dragonpulse\n>p1 move airslash\n>p2 move dragonpulse\n>p2 switch 2\n>p1 move seedflare\n>p2 move icebeam\n>p1 switch 5\n>p1 move hypervoice\n>p2 switch 6\n>p1 move hypervoice\n>p2 move earthquake\n>p2 switch 6\n>p1 switch 3\n>p2 move hydropump\n>p1 move knockoff\n>p2 switch 4\n>p1 switch 3\n>p2 move coil\n>p1 move willowisp\n>p2 move earthquake\n>p1 move taunt\n>p2 move roost\n>p1 move hypervoice\n>p2 move bodyslam\n>p1 move hypervoice\n>p2 move earthquake\n>p1 switch 3\n>p1 move energyball\n>p2 move bodyslam\n>p2 switch 5\n>p1 move knockoff\n>p2 move swordsdance\n>p1 move encore\n>p2 move bodyslam\n>p1 move energyball\n>p2 move swordsdance\n>p1 move energyball\n>p2 move swordsdance\n>p2 switch 4\n>chat \u2606L.Chrollo|GG lil bro\n>p1 move knockoff terastallize\n>p2 move icebeam\n>p1 move knockoff\n>p2 move icebeam\n>p1 move knockoff\n>p2 move icebeam\n>p1 move energyball\n>p2 move hydropump terastallize", "uploadtime": 1781386307, "views": 6, "formatid": "gen9randombattle", "rating": 1384, "private": 0, "password": null}