{"id": "gen9randombattle-2631487081", "format": "[Gen 9] Random Battle", "players": ["Node", "Hose7Tango"], "log": "|j|\u2606Node\n|j|\u2606Hose7Tango\n|t:|1781391240\n|gametype|singles\n|player|p1|Node|#rbtt9phantoms2|2163\n|player|p2|Hose7Tango|hiker-gen4|2191\n|gen|9\n|tier|[Gen 9] Random Battle\n|rated|\n|rule|Species Clause: Limit one of each Pok\u00e9mon\n|rule|HP Percentage Mod: HP is shown in percentages\n|rule|Sleep Clause Mod: Limit one foe put to sleep\n|rule|Illusion Level Mod: Illusion disguises the Pok\u00e9mon's true level\n|\n|t:|1781391240\n|teamsize|p1|6\n|teamsize|p2|6\n|start\n|switch|p1a: Dondozo|Dondozo, L78, F|362/362\n|switch|p2a: Camerupt|Camerupt, L91, M|275/275\n|turn|1\n|inactive|Battle timer is ON: inactive players will automatically lose when time's up. (requested by Hose7Tango)\n|\n|t:|1781391291\n|switch|p2a: Vileplume|Vileplume, L85, F|266/266\n|move|p1a: Dondozo|Wave Crash|p2a: Vileplume\n|-resisted|p2a: Vileplume\n|-damage|p2a: Vileplume|206/266\n|-damage|p1a: Dondozo|342/362|[from] Recoil\n|\n|-heal|p2a: Vileplume|222/266|[from] item: Leftovers\n|-heal|p1a: Dondozo|362/362|[from] item: Leftovers\n|upkeep\n|turn|2\n|\n|t:|1781391301\n|switch|p1a: Ursaring|Ursaring, L84, F|288/288\n|move|p2a: Vileplume|Sleep Powder|p1a: Ursaring\n|-status|p1a: Ursaring|slp|[from] move: Sleep Powder\n|\n|-heal|p2a: Vileplume|238/266|[from] item: Leftovers\n|upkeep\n|turn|3\n|\n|t:|1781391305\n|cant|p1a: Ursaring|slp\n|move|p2a: Vileplume|Strength Sap|p1a: Ursaring\n|-unboost|p1a: Ursaring|atk|1\n|-heal|p2a: Vileplume|266/266\n|\n|upkeep\n|turn|4\n|\n|t:|1781391315\n|switch|p2a: Annihilape|Annihilape, L76, M|292/292\n|-curestatus|p1a: Ursaring|slp|[msg]\n|move|p1a: Ursaring|Sleep Talk||[still]\n|-fail|p1a: Ursaring\n|\n|upkeep\n|turn|5\n|\n|t:|1781391322\n|switch|p1a: Dondozo|Dondozo, L78, F|362/362\n|move|p2a: Annihilape|Bulk Up|p2a: Annihilape\n|-boost|p2a: Annihilape|atk|1\n|-boost|p2a: Annihilape|def|1\n|\n|upkeep\n|turn|6\n|\n|t:|1781391327\n|switch|p2a: Vileplume|Vileplume, L85, F|266/266\n|move|p1a: Dondozo|Curse|p1a: Dondozo\n|-unboost|p1a: Dondozo|spe|1\n|-boost|p1a: Dondozo|atk|1\n|-boost|p1a: Dondozo|def|1\n|\n|upkeep\n|turn|7\n|\n|t:|1781391330\n|switch|p1a: Ursaring|Ursaring, L84, F|288/288\n|move|p2a: Vileplume|Sleep Powder|p1a: Ursaring\n|-status|p1a: Ursaring|slp|[from] move: Sleep Powder\n|\n|upkeep\n|turn|8\n|\n|t:|1781391334\n|cant|p1a: Ursaring|slp\n|move|p1a: Ursaring|Sleep Talk|p1a: Ursaring\n|move|p1a: Ursaring|Body Slam|p2a: Vileplume|[from] move: Sleep Talk\n|-damage|p2a: Vileplume|107/266\n|move|p2a: Vileplume|Sludge Bomb|p1a: Ursaring\n|-damage|p1a: Ursaring|210/288 slp\n|\n|-heal|p2a: Vileplume|123/266|[from] item: Leftovers\n|upkeep\n|turn|9\n|\n|t:|1781391341\n|cant|p1a: Ursaring|slp\n|move|p1a: Ursaring|Sleep Talk|p1a: Ursaring\n|move|p1a: Ursaring|Rest||[from] move: Sleep Talk|[still]\n|-fail|p1a: Ursaring\n|move|p2a: Vileplume|Strength Sap|p1a: Ursaring\n|-unboost|p1a: Ursaring|atk|1\n|-heal|p2a: Vileplume|266/266\n|\n|upkeep\n|turn|10\n|\n|t:|1781391344\n|cant|p1a: Ursaring|slp\n|move|p2a: Vileplume|Sludge Bomb|p1a: Ursaring\n|-damage|p1a: Ursaring|131/288 slp\n|\n|upkeep\n|turn|11\n|\n|t:|1781391349\n|-curestatus|p1a: Ursaring|slp|[msg]\n|move|p1a: Ursaring|Body Slam|p2a: Vileplume\n|-damage|p2a: Vileplume|185/266\n|-status|p2a: Vileplume|par\n|move|p2a: Vileplume|Sludge Bomb|p1a: Ursaring\n|-damage|p1a: Ursaring|43/288\n|\n|-heal|p2a: Vileplume|201/266 par|[from] item: Leftovers\n|upkeep\n|turn|12\n|\n|t:|1781391354\n|move|p1a: Ursaring|Rest|p1a: Ursaring\n|-status|p1a: Ursaring|slp|[from] move: Rest\n|-heal|p1a: Ursaring|288/288 slp|[silent]\n|move|p2a: Vileplume|Sludge Bomb|p1a: Ursaring\n|-damage|p1a: Ursaring|201/288 slp\n|\n|-heal|p2a: Vileplume|217/266 par|[from] item: Leftovers\n|upkeep\n|turn|13\n|\n|t:|1781391362\n|switch|p1a: Latios|Latios, L78, M|253/253\n|move|p2a: Vileplume|Sludge Bomb|p1a: Latios\n|-damage|p1a: Latios|157/253\n|-status|p1a: Latios|psn\n|\n|-heal|p2a: Vileplume|233/266 par|[from] item: Leftovers\n|-damage|p1a: Latios|126/253 psn|[from] psn\n|upkeep\n|turn|14\n|\n|t:|1781391367\n|switch|p2a: Overqwil|Overqwil, L82, M|274/274\n|-ability|p2a: Overqwil|Intimidate|boost\n|-unboost|p1a: Latios|atk|1\n|move|p1a: Latios|Recover|p1a: Latios\n|-heal|p1a: Latios|253/253 psn\n|\n|-damage|p1a: Latios|222/253 psn|[from] psn\n|upkeep\n|turn|15\n|\n|t:|1781391371\n|switch|p1a: Sudowoodo|Sudowoodo, L94, M|284/284\n|move|p2a: Overqwil|Scale Shot|p1a: Sudowoodo|[miss]\n|-miss|p2a: Overqwil|p1a: Sudowoodo\n|\n|upkeep\n|turn|16\n|\n|t:|1781391376\n|switch|p2a: Annihilape|Annihilape, L76, M|292/292\n|move|p1a: Sudowoodo|Stealth Rock|p2a: Annihilape\n|-sidestart|p2: Hose7Tango|move: Stealth Rock\n|\n|upkeep\n|turn|17\n|\n|t:|1781391390\n|switch|p2a: Jolteon|Jolteon, L84, F|246/246\n|-damage|p2a: Jolteon|216/246|[from] Stealth Rock\n|switch|p1a: Dondozo|Dondozo, L78, F|362/362\n|\n|upkeep\n|turn|18\n|\n|t:|1781391397\n|switch|p1a: Hydrapple|Hydrapple, L83, F|312/312\n|move|p2a: Jolteon|Thunderbolt|p1a: Hydrapple\n|-resisted|p1a: Hydrapple\n|-damage|p1a: Hydrapple|272/312\n|\n|upkeep\n|turn|19\n|\n|t:|1781391414\n|switch|p2a: Tsareena|Tsareena, L87, F|267/267\n|-damage|p2a: Tsareena|234/267|[from] Stealth Rock\n|move|p1a: Hydrapple|Draco Meteor|p2a: Tsareena\n|-crit|p2a: Tsareena\n|-damage|p2a: Tsareena|0 fnt\n|-unboost|p1a: Hydrapple|spa|2\n|faint|p2a: Tsareena\n|\n|upkeep\n|\n|t:|1781391418\n|switch|p2a: Camerupt|Camerupt, L91, M|275/275\n|-damage|p2a: Camerupt|241/275|[from] Stealth Rock\n|turn|20\n|\n|t:|1781391427\n|move|p2a: Camerupt|Stealth Rock|p1a: Hydrapple\n|-sidestart|p1: Node|move: Stealth Rock\n|move|p1a: Hydrapple|Draco Meteor|p2a: Camerupt\n|-damage|p2a: Camerupt|121/275\n|-unboost|p1a: Hydrapple|spa|2\n|\n|-heal|p2a: Camerupt|138/275|[from] item: Leftovers\n|upkeep\n|turn|21\n|\n|t:|1781391435\n|switch|p1a: Latios|Latios, L78, M|222/253 psn\n|-damage|p1a: Latios|191/253 psn|[from] Stealth Rock\n|move|p2a: Camerupt|Will-O-Wisp||[still]\n|-fail|p2a: Camerupt\n|\n|-heal|p2a: Camerupt|155/275|[from] item: Leftovers\n|-damage|p1a: Latios|160/253 psn|[from] psn\n|upkeep\n|turn|22\n|\n|t:|1781391440\n|move|p1a: Latios|Draco Meteor|p2a: Camerupt\n|-damage|p2a: Camerupt|0 fnt\n|-unboost|p1a: Latios|spa|2\n|faint|p2a: Camerupt\n|\n|-damage|p1a: Latios|129/253 psn|[from] psn\n|upkeep\n|\n|t:|1781391444\n|switch|p2a: Annihilape|Annihilape, L76, M|292/292\n|-damage|p2a: Annihilape|274/292|[from] Stealth Rock\n|turn|23\n|\n|t:|1781391450\n|switch|p1a: Dondozo|Dondozo, L78, F|362/362\n|-damage|p1a: Dondozo|317/362|[from] Stealth Rock\n|move|p2a: Annihilape|Rage Fist|p1a: Dondozo\n|-damage|p1a: Dondozo|271/362\n|\n|-heal|p1a: Dondozo|293/362|[from] item: Leftovers\n|upkeep\n|turn|24\n|\n|t:|1781391454\n|switch|p2a: Vileplume|Vileplume, L85, F|233/266 par\n|-damage|p2a: Vileplume|200/266 par|[from] Stealth Rock\n|move|p1a: Dondozo|Curse|p1a: Dondozo\n|-unboost|p1a: Dondozo|spe|1\n|-boost|p1a: Dondozo|atk|1\n|-boost|p1a: Dondozo|def|1\n|\n|-heal|p2a: Vileplume|216/266 par|[from] item: Leftovers\n|-heal|p1a: Dondozo|315/362|[from] item: Leftovers\n|upkeep\n|turn|25\n|\n|t:|1781391475\n|switch|p1a: Ursaring|Ursaring, L84, F|201/288 slp\n|-damage|p1a: Ursaring|165/288 slp|[from] Stealth Rock\n|move|p2a: Vileplume|Sludge Bomb|p1a: Ursaring\n|-damage|p1a: Ursaring|84/288 slp\n|\n|-heal|p2a: Vileplume|232/266 par|[from] item: Leftovers\n|upkeep\n|turn|26\n|\n|t:|1781391486\n|cant|p1a: Ursaring|slp\n|move|p1a: Ursaring|Sleep Talk|p1a: Ursaring\n|move|p1a: Ursaring|Throat Chop|p2a: Vileplume|[from] move: Sleep Talk\n|-damage|p2a: Vileplume|130/266 par\n|-start|p2a: Vileplume|Throat Chop|[silent]\n|move|p2a: Vileplume|Giga Drain|p1a: Ursaring\n|-damage|p1a: Ursaring|18/288 slp\n|-heal|p2a: Vileplume|163/266 par|[from] drain|[of] p1a: Ursaring\n|\n|-heal|p2a: Vileplume|179/266 par|[from] item: Leftovers\n|upkeep\n|turn|27\n|\n|t:|1781391493\n|cant|p1a: Ursaring|slp\n|move|p1a: Ursaring|Sleep Talk|p1a: Ursaring\n|move|p1a: Ursaring|Throat Chop|p2a: Vileplume|[from] move: Sleep Talk\n|-damage|p2a: Vileplume|63/266 par\n|move|p2a: Vileplume|Giga Drain|p1a: Ursaring\n|-damage|p1a: Ursaring|0 fnt\n|-heal|p2a: Vileplume|72/266 par|[from] drain|[of] p1a: Ursaring\n|faint|p1a: Ursaring\n|\n|-heal|p2a: Vileplume|88/266 par|[from] item: Leftovers\n|-end|p2a: Vileplume|Throat Chop|[silent]\n|upkeep\n|inactive|Node has 120 seconds left.\n|\n|t:|1781391540\n|switch|p1a: Hydrapple|Hydrapple, L83, F|312/312\n|-damage|p1a: Hydrapple|273/312|[from] Stealth Rock\n|turn|28\n|\n|t:|1781391553\n|switch|p2a: Annihilape|Annihilape, L76, M|274/292\n|-damage|p2a: Annihilape|256/292|[from] Stealth Rock\n|move|p1a: Hydrapple|Fickle Beam|p2a: Annihilape\n|-damage|p2a: Annihilape|102/292\n|\n|upkeep\n|turn|29\n|inactive|Node has 120 seconds left.\n|\n|t:|1781391563\n|move|p2a: Annihilape|Rest|p2a: Annihilape\n|-status|p2a: Annihilape|slp|[from] move: Rest\n|-heal|p2a: Annihilape|292/292 slp|[silent]\n|-enditem|p2a: Annihilape|Chesto Berry|[eat]\n|-curestatus|p2a: Annihilape|slp|[msg]\n|move|p1a: Hydrapple|Fickle Beam|p2a: Annihilape\n|-damage|p2a: Annihilape|121/292\n|\n|upkeep\n|turn|30\n|\n|t:|1781391568\n|move|p2a: Annihilape|Drain Punch|p1a: Hydrapple\n|-damage|p1a: Hydrapple|207/312\n|-heal|p2a: Annihilape|154/292|[from] drain|[of] p1a: Hydrapple\n|move|p1a: Hydrapple|Fickle Beam|p2a: Annihilape|[anim] Fickle Beam All Out\n|-activate|p1a: Hydrapple|move: Fickle Beam\n|-damage|p2a: Annihilape|0 fnt\n|faint|p2a: Annihilape\n|\n|upkeep\n|\n|t:|1781391573\n|switch|p2a: Overqwil|Overqwil, L82, M|274/274\n|-damage|p2a: Overqwil|240/274|[from] Stealth Rock\n|-ability|p2a: Overqwil|Intimidate|boost\n|-unboost|p1a: Hydrapple|atk|1\n|turn|31\n|\n|t:|1781391584\n|move|p2a: Overqwil|Crunch|p1a: Hydrapple\n|-damage|p1a: Hydrapple|128/312\n|move|p1a: Hydrapple|Fickle Beam|p2a: Overqwil|[anim] Fickle Beam All Out\n|-activate|p1a: Hydrapple|move: Fickle Beam\n|-damage|p2a: Overqwil|0 fnt\n|faint|p2a: Overqwil\n|\n|upkeep\n|-message|Hose7Tango forfeited.\n|\n|win|Node\n", "inputlog": ">version a8376a258c1d4662feba110a92103f3664a72141\n>start {\"formatid\":\"gen9randombattle\",\"seed\":\"sodium,e9e15de227418b5db6cf9244fb7be8bd\",\"rated\":\"Rated battle\"}\n>player p1 {\"name\":\"Node\",\"avatar\":\"#rbtt9phantoms2\",\"rating\":2163,\"seed\":\"sodium,9d9a0b4501852d664b74f9271355300f\"}\n>player p2 {\"name\":\"Hose7Tango\",\"avatar\":\"hiker-gen4\",\"rating\":2191,\"seed\":\"sodium,342cc019b7106493c50a3288b0445ffc\"}\n>p1 move wavecrash\n>p2 switch 3\n>p1 switch 6\n>p2 move sleeppowder\n>p1 move bodyslam\n>p2 move strengthsap\n>p1 move sleeptalk\n>p2 switch 2\n>p1 switch 6\n>p2 move bulkup\n>p1 move curse\n>p2 switch 2\n>p1 switch 6\n>p2 move sleeppowder\n>p1 move sleeptalk\n>p2 move sludgebomb\n>p1 move sleeptalk\n>p2 move strengthsap\n>p1 move bodyslam\n>p2 move sludgebomb\n>p1 move bodyslam\n>p2 move sludgebomb\n>p1 move rest\n>p2 move sludgebomb\n>p1 switch 3\n>p2 move sludgebomb\n>p1 move recover\n>p2 switch 6\n>p1 switch 2\n>p2 move scaleshot\n>p1 move stealthrock\n>p2 switch 2\n>p1 switch 6\n>p2 switch 5\n>p1 switch 4\n>p2 move thunderbolt\n>p1 move dracometeor\n>p2 switch 4\n>p2 switch 3\n>p1 move dracometeor\n>p2 move stealthrock\n>p1 switch 2\n>p2 move willowisp\n>p1 move dracometeor\n>p2 move overheat\n>p2 switch 5\n>p1 switch 4\n>p2 move ragefist\n>p1 move curse\n>p2 switch 6\n>p1 switch 3\n>p2 move sludgebomb\n>p1 move sleeptalk\n>p2 move gigadrain\n>p1 move sleeptalk\n>p2 move gigadrain\n>p1 switch 2\n>p1 move ficklebeam\n>p2 switch 6\n>p1 move ficklebeam\n>p2 move rest\n>p1 move ficklebeam\n>p2 move drainpunch\n>p2 switch 2\n>p1 move ficklebeam\n>p2 move crunch\n>forcelose p2", "uploadtime": 1781391241, "views": 6, "formatid": "gen9randombattle", "rating": null, "private": 0, "password": null}