{"id": "gen9randombattle-2631919394", "format": "[Gen 9] Random Battle", "players": ["thatdankcharizard", "Pepe Zombi"], "log": "|j|\u2606thatdankcharizard\n|j|\u2606Pepe Zombi\n|t:|1781455634\n|gametype|singles\n|player|p1|thatdankcharizard|266|2038\n|player|p2|Pepe Zombi|miku-ghost|2063\n|gen|9\n|tier|[Gen 9] Random Battle\n|rated|\n|rule|Species Clause: Limit one of each Pok\u00e9mon\n|rule|HP Percentage Mod: HP is shown in percentages\n|rule|Sleep Clause Mod: Limit one foe put to sleep\n|rule|Illusion Level Mod: Illusion disguises the Pok\u00e9mon's true level\n|\n|t:|1781455634\n|teamsize|p1|6\n|teamsize|p2|6\n|start\n|switch|p1a: Hitmonlee|Hitmonlee, L85, M|224/224\n|switch|p2a: Zekrom|Zekrom, L71|259/259\n|-ability|p2a: Zekrom|Teravolt\n|turn|1\n|inactive|Battle timer is ON: inactive players will automatically lose when time's up. (requested by Pepe Zombi)\n|j| boutiqswitch\n|\n|t:|1781455648\n|move|p1a: Hitmonlee|Close Combat|p2a: Zekrom\n|-damage|p2a: Zekrom|115/259\n|-unboost|p1a: Hitmonlee|def|1\n|-unboost|p1a: Hitmonlee|spd|1\n|-enditem|p1a: Hitmonlee|White Herb\n|-clearnegativeboost|p1a: Hitmonlee|[silent]\n|move|p2a: Zekrom|Dragon Dance|p2a: Zekrom\n|-boost|p2a: Zekrom|atk|1\n|-boost|p2a: Zekrom|spe|1\n|\n|-heal|p2a: Zekrom|131/259|[from] item: Leftovers\n|upkeep\n|turn|2\n|\n|t:|1781455662\n|switch|p2a: Muk|Muk-Alola, L82, F|306/306\n|move|p1a: Hitmonlee|Close Combat|p2a: Muk\n|-damage|p2a: Muk|137/306\n|-unboost|p1a: Hitmonlee|def|1\n|-unboost|p1a: Hitmonlee|spd|1\n|\n|upkeep\n|turn|3\n|\n|t:|1781455670\n|move|p1a: Hitmonlee|Close Combat|p2a: Muk\n|-damage|p2a: Muk|0 fnt\n|-unboost|p1a: Hitmonlee|def|1\n|-unboost|p1a: Hitmonlee|spd|1\n|faint|p2a: Muk\n|\n|upkeep\n|\n|t:|1781455674\n|switch|p2a: Magmortar|Magmortar, L88, M|275/275\n|turn|4\n|\n|t:|1781455679\n|move|p1a: Hitmonlee|Stone Edge|p2a: Magmortar\n|-supereffective|p2a: Magmortar\n|-damage|p2a: Magmortar|89/275\n|move|p2a: Magmortar|Fire Blast|p1a: Hitmonlee|[miss]\n|-miss|p2a: Magmortar|p1a: Hitmonlee\n|\n|upkeep\n|turn|5\n|\n|t:|1781455683\n|move|p1a: Hitmonlee|Close Combat|p2a: Magmortar\n|-damage|p2a: Magmortar|0 fnt\n|-unboost|p1a: Hitmonlee|def|1\n|-unboost|p1a: Hitmonlee|spd|1\n|faint|p2a: Magmortar\n|\n|upkeep\n|\n|t:|1781455686\n|switch|p2a: Palafin|Palafin, L77, M|281/281\n|turn|6\n|\n|t:|1781455693\n|switch|p1a: Chesnaught|Chesnaught, L84, M|285/285\n|detailschange|p2a: Palafin|Palafin-Hero, L77, M\n|switch|p2a: Zekrom|Zekrom, L71|131/259\n|-ability|p2a: Zekrom|Teravolt\n|\n|-heal|p2a: Zekrom|147/259|[from] item: Leftovers\n|upkeep\n|turn|7\n|\n|t:|1781455702\n|switch|p2a: Ting-Lu|Ting-Lu, L78|370/370\n|-ability|p2a: Ting-Lu|Vessel of Ruin\n|move|p1a: Chesnaught|Spikes|p2a: Ting-Lu\n|-sidestart|p2: Pepe Zombi|Spikes\n|\n|upkeep\n|turn|8\n|\n|t:|1781455706\n|move|p1a: Chesnaught|Wood Hammer|p2a: Ting-Lu\n|-supereffective|p2a: Ting-Lu\n|-damage|p2a: Ting-Lu|140/370\n|-damage|p1a: Chesnaught|209/285|[from] Recoil\n|move|p2a: Ting-Lu|Stealth Rock|p1a: Chesnaught\n|-sidestart|p1: thatdankcharizard|move: Stealth Rock\n|\n|-heal|p1a: Chesnaught|226/285|[from] item: Leftovers\n|-heal|p2a: Ting-Lu|163/370|[from] item: Leftovers\n|upkeep\n|turn|9\n|\n|t:|1781455712\n|move|p1a: Chesnaught|Spikes|p2a: Ting-Lu\n|-sidestart|p2: Pepe Zombi|Spikes\n|move|p2a: Ting-Lu|Spikes|p1a: Chesnaught\n|-sidestart|p1: thatdankcharizard|Spikes\n|\n|-heal|p1a: Chesnaught|243/285|[from] item: Leftovers\n|-heal|p2a: Ting-Lu|186/370|[from] item: Leftovers\n|upkeep\n|turn|10\n|\n|t:|1781455721\n|move|p1a: Chesnaught|Wood Hammer|p2a: Ting-Lu\n|-supereffective|p2a: Ting-Lu\n|-damage|p2a: Ting-Lu|0 fnt\n|faint|p2a: Ting-Lu\n|-damage|p1a: Chesnaught|182/285|[from] Recoil\n|\n|-heal|p1a: Chesnaught|199/285|[from] item: Leftovers\n|upkeep\n|\n|t:|1781455723\n|switch|p2a: Galvantula|Galvantula, L82, F|249/249\n|turn|11\n|\n|t:|1781455739\n|switch|p1a: Dunsparce|Dunsparce, L86, M|312/312\n|-damage|p1a: Dunsparce|273/312|[from] Stealth Rock\n|-damage|p1a: Dunsparce|234/312|[from] Spikes\n|move|p2a: Galvantula|Bug Buzz|p1a: Dunsparce\n|-damage|p1a: Dunsparce|167/312\n|\n|upkeep\n|turn|12\n|\n|t:|1781455748\n|move|p2a: Galvantula|Sticky Web|p1a: Dunsparce\n|-sidestart|p1: thatdankcharizard|move: Sticky Web\n|move|p1a: Dunsparce|Roost|p1a: Dunsparce\n|-heal|p1a: Dunsparce|312/312\n|-singleturn|p1a: Dunsparce|move: Roost\n|\n|upkeep\n|turn|13\n|\n|t:|1781455751\n|move|p2a: Galvantula|Thunder|p1a: Dunsparce\n|-damage|p1a: Dunsparce|221/312\n|-status|p1a: Dunsparce|par\n|move|p1a: Dunsparce|Coil|p1a: Dunsparce\n|-boost|p1a: Dunsparce|atk|1\n|-boost|p1a: Dunsparce|def|1\n|-boost|p1a: Dunsparce|accuracy|1\n|\n|upkeep\n|turn|14\n|\n|t:|1781455757\n|move|p2a: Galvantula|Bug Buzz|p1a: Dunsparce\n|-damage|p1a: Dunsparce|152/312 par\n|move|p1a: Dunsparce|Coil|p1a: Dunsparce\n|-boost|p1a: Dunsparce|atk|1\n|-boost|p1a: Dunsparce|def|1\n|-boost|p1a: Dunsparce|accuracy|1\n|\n|upkeep\n|turn|15\n|\n|t:|1781455762\n|move|p2a: Galvantula|Thunder|p1a: Dunsparce\n|-damage|p1a: Dunsparce|59/312 par\n|move|p1a: Dunsparce|Roost|p1a: Dunsparce\n|-heal|p1a: Dunsparce|215/312 par\n|-singleturn|p1a: Dunsparce|move: Roost\n|\n|upkeep\n|turn|16\n|\n|t:|1781455771\n|move|p2a: Galvantula|Bug Buzz|p1a: Dunsparce\n|-damage|p1a: Dunsparce|142/312 par\n|move|p1a: Dunsparce|Roost|p1a: Dunsparce\n|-heal|p1a: Dunsparce|298/312 par\n|-singleturn|p1a: Dunsparce|move: Roost\n|\n|upkeep\n|turn|17\n|\n|t:|1781455775\n|move|p2a: Galvantula|Bug Buzz|p1a: Dunsparce\n|-damage|p1a: Dunsparce|223/312 par\n|cant|p1a: Dunsparce|par\n|\n|upkeep\n|turn|18\n|\n|t:|1781455778\n|move|p2a: Galvantula|Bug Buzz|p1a: Dunsparce\n|-damage|p1a: Dunsparce|153/312 par\n|cant|p1a: Dunsparce|par\n|\n|upkeep\n|turn|19\n|\n|t:|1781455780\n|move|p2a: Galvantula|Bug Buzz|p1a: Dunsparce\n|-damage|p1a: Dunsparce|75/312 par\n|move|p1a: Dunsparce|Roost|p1a: Dunsparce\n|-heal|p1a: Dunsparce|231/312 par\n|-singleturn|p1a: Dunsparce|move: Roost\n|\n|upkeep\n|turn|20\n|\n|t:|1781455783\n|move|p2a: Galvantula|Bug Buzz|p1a: Dunsparce\n|-damage|p1a: Dunsparce|164/312 par\n|-unboost|p1a: Dunsparce|spd|1\n|cant|p1a: Dunsparce|par\n|\n|upkeep\n|turn|21\n|\n|t:|1781455788\n|move|p2a: Galvantula|Bug Buzz|p1a: Dunsparce\n|-damage|p1a: Dunsparce|53/312 par\n|move|p1a: Dunsparce|Body Slam|p2a: Galvantula\n|-damage|p2a: Galvantula|66/249\n|\n|upkeep\n|turn|22\n|\n|t:|1781455792\n|move|p2a: Galvantula|Bug Buzz|p1a: Dunsparce\n|-damage|p1a: Dunsparce|0 fnt\n|faint|p1a: Dunsparce\n|\n|upkeep\n|\n|t:|1781455797\n|switch|p1a: Torterra|Torterra, L78, F|276/276\n|-damage|p1a: Torterra|259/276|[from] Stealth Rock\n|-damage|p1a: Torterra|225/276|[from] Spikes\n|-activate|p1a: Torterra|move: Sticky Web\n|-unboost|p1a: Torterra|spe|1\n|turn|23\n|\n|t:|1781455815\n|move|p2a: Galvantula|Bug Buzz|p1a: Torterra\n|-supereffective|p1a: Torterra\n|-damage|p1a: Torterra|9/276\n|move|p1a: Torterra|Headlong Rush|p2a: Galvantula\n|-damage|p2a: Galvantula|0 fnt\n|-unboost|p1a: Torterra|def|1\n|-unboost|p1a: Torterra|spd|1\n|faint|p2a: Galvantula\n|\n|upkeep\n|\n|t:|1781455823\n|switch|p2a: Palafin|Palafin-Hero, L77, M|281/281\n|-damage|p2a: Palafin|235/281|[from] Spikes\n|-activate|p2a: Palafin|ability: Zero to Hero\n|turn|24\n|\n|t:|1781455826\n|move|p2a: Palafin|Flip Turn|p1a: Torterra\n|-damage|p1a: Torterra|0 fnt\n|faint|p1a: Torterra\n|\n|t:|1781455829\n|switch|p2a: Zekrom|Zekrom, L71|147/259|[from] Flip Turn\n|-damage|p2a: Zekrom|104/259|[from] Spikes\n|-ability|p2a: Zekrom|Teravolt\n|\n|-heal|p2a: Zekrom|120/259|[from] item: Leftovers\n|upkeep\n|\n|t:|1781455835\n|switch|p1a: Regirock|Regirock, L83|268/268\n|-damage|p1a: Regirock|235/268|[from] Stealth Rock\n|-damage|p1a: Regirock|202/268|[from] Spikes\n|-activate|p1a: Regirock|move: Sticky Web\n|-fail|p1a: Regirock|unboost|[from] ability: Clear Body|[of] p1a: Regirock\n|turn|25\n|\n|t:|1781455843\n|move|p2a: Zekrom|Dragon Dance|p2a: Zekrom\n|-boost|p2a: Zekrom|atk|1\n|-boost|p2a: Zekrom|spe|1\n|move|p1a: Regirock|Iron Defense|p1a: Regirock\n|-boost|p1a: Regirock|def|2\n|\n|-heal|p2a: Zekrom|136/259|[from] item: Leftovers\n|-heal|p1a: Regirock|218/268|[from] item: Leftovers\n|upkeep\n|turn|26\n|\n|t:|1781455848\n|move|p2a: Zekrom|Bolt Strike|p1a: Regirock\n|-damage|p1a: Regirock|164/268\n|move|p1a: Regirock|Body Press|p2a: Zekrom\n|-damage|p2a: Zekrom|0 fnt\n|faint|p2a: Zekrom\n|\n|-heal|p1a: Regirock|180/268|[from] item: Leftovers\n|upkeep\n|\n|t:|1781455849\n|switch|p2a: Palafin|Palafin-Hero, L77, M|235/281\n|-damage|p2a: Palafin|189/281|[from] Spikes\n|turn|27\n|\n|t:|1781455851\n|-terastallize|p2a: Palafin|Fighting\n|-terastallize|p1a: Regirock|Fighting\n|move|p2a: Palafin|Close Combat|p1a: Regirock\n|-damage|p1a: Regirock|113/268\n|-unboost|p2a: Palafin|def|1\n|-unboost|p2a: Palafin|spd|1\n|move|p1a: Regirock|Body Press|p2a: Palafin\n|-damage|p2a: Palafin|0 fnt\n|faint|p2a: Palafin\n|\n|win|thatdankcharizard\n", "inputlog": ">version a8376a258c1d4662feba110a92103f3664a72141\n>start {\"formatid\":\"gen9randombattle\",\"seed\":\"sodium,61b8fbeae36253039cb78b0d37bf7558\",\"rated\":\"Rated battle\"}\n>player p1 {\"name\":\"thatdankcharizard\",\"avatar\":\"266\",\"rating\":2038,\"seed\":\"sodium,297bfe8ef5c28fbc007b01e21cd7bc5d\"}\n>player p2 {\"name\":\"Pepe Zombi\",\"avatar\":\"miku-ghost\",\"rating\":2063,\"seed\":\"sodium,b8199768748a3ffd66521358adbc6398\"}\n>p1 move closecombat\n>p2 move dragondance\n>p1 move closecombat\n>p2 switch 4\n>p1 move closecombat\n>p2 move poisonjab\n>p2 switch 2\n>p1 move stoneedge\n>p2 move fireblast\n>p1 move closecombat\n>p2 move fireblast\n>p2 switch 5\n>p1 switch 5\n>p2 switch 4\n>p1 move spikes\n>p2 switch 3\n>p1 move woodhammer\n>p2 move stealthrock\n>p1 move spikes\n>p2 move spikes\n>p1 move woodhammer\n>p2 move spikes\n>p2 switch 6\n>p1 switch 4\n>p2 move bugbuzz\n>p1 move roost\n>p2 move stickyweb\n>p1 move coil\n>p2 move thunder\n>p1 move coil\n>p2 move bugbuzz\n>p1 move roost\n>p2 move thunder\n>p1 move roost\n>p2 move bugbuzz\n>p1 move bodyslam\n>p2 move bugbuzz\n>p1 move roost\n>p2 move bugbuzz\n>p1 move roost\n>p2 move bugbuzz\n>p1 move roost\n>p2 move bugbuzz\n>p1 move bodyslam\n>p2 move bugbuzz\n>p1 move bodyslam\n>p2 move bugbuzz\n>p1 switch 3\n>p1 move headlongrush\n>p2 move bugbuzz\n>p2 switch 4\n>p1 move bulletseed\n>p2 move flipturn\n>p2 switch 3\n>p1 switch 6\n>p1 move irondefense\n>p2 move dragondance\n>p1 move bodypress\n>p2 move boltstrike\n>p2 switch 3\n>p1 move bodypress terastallize\n>p2 move closecombat terastallize", "uploadtime": 1781455635, "views": 5, "formatid": "gen9randombattle", "rating": null, "private": 0, "password": null}