{"id": "gen9randombattle-2631647170", "format": "[Gen 9] Random Battle", "players": ["Ctannn", "gothampaladin"], "log": "|badge|p1|bronze|gen9randombattle|100-9\n|uhtml|medal-msg|<div class=\"broadcast-blue\">Curious what those medals under the avatar are? PS now has Ladder Seasons! For more information, check out the <a href=\"https://www.smogon.com/forums/threads/3740067/\">thread on Smogon.</a></div>\n|badge|p2|bronze|gen9randombattle|100-9\n|uhtml|medal-msg|<div class=\"broadcast-blue\">Curious what those medals under the avatar are? PS now has Ladder Seasons! For more information, check out the <a href=\"https://www.smogon.com/forums/threads/3740067/\">thread on Smogon.</a></div>\n|j|\u2606Ctannn\n|j|\u2606gothampaladin\n|t:|1781414386\n|gametype|singles\n|player|p1|Ctannn|169|2365\n|player|p2|gothampaladin|flannery|2307\n|gen|9\n|tier|[Gen 9] Random Battle\n|rated|\n|rule|Species Clause: Limit one of each Pok\u00e9mon\n|rule|HP Percentage Mod: HP is shown in percentages\n|rule|Sleep Clause Mod: Limit one foe put to sleep\n|rule|Illusion Level Mod: Illusion disguises the Pok\u00e9mon's true level\n|\n|t:|1781414386\n|teamsize|p1|6\n|teamsize|p2|6\n|start\n|switch|p1a: Heracross|Heracross, L80, M|259/259\n|switch|p2a: Meloetta|Meloetta, L82|298/298\n|turn|1\n|inactive|Battle timer is ON: inactive players will automatically lose when time's up. (requested by Ctannn)\n|\n|t:|1781414408\n|move|p2a: Meloetta|Psyshock|p1a: Heracross\n|-supereffective|p1a: Heracross\n|-damage|p1a: Heracross|0 fnt\n|faint|p1a: Heracross\n|\n|upkeep\n|\n|t:|1781414422\n|switch|p1a: Diancie|Diancie, L82|216/216\n|turn|2\n|\n|t:|1781414428\n|move|p2a: Meloetta|Psyshock|p1a: Diancie\n|-damage|p1a: Diancie|111/216\n|move|p1a: Diancie|Diamond Storm|p2a: Meloetta\n|-damage|p2a: Meloetta|181/298\n|-boost|p1a: Diancie|def|2\n|\n|upkeep\n|turn|3\n|\n|t:|1781414442\n|switch|p2a: Duraludon|Duraludon, L82, F|249/249\n|move|p1a: Diancie|Body Press|p2a: Duraludon\n|-supereffective|p2a: Duraludon\n|-damage|p2a: Duraludon|75/249\n|\n|upkeep\n|turn|4\n|\n|t:|1781414454\n|switch|p1a: Ditto|Ditto, L87|225/225\n|-transform|p1a: Ditto|p2a: Duraludon|[from] ability: Imposter\n|move|p2a: Duraludon|Flash Cannon|p1a: Ditto\n|-resisted|p1a: Ditto\n|-damage|p1a: Ditto|150/225\n|\n|upkeep\n|turn|5\n|\n|t:|1781414458\n|move|p1a: Ditto|Body Press|p2a: Duraludon\n|-supereffective|p2a: Duraludon\n|-damage|p2a: Duraludon|5/249\n|move|p2a: Duraludon|Thunder Wave|p1a: Ditto\n|-status|p1a: Ditto|par\n|\n|upkeep\n|turn|6\n|\n|t:|1781414475\n|switch|p2a: Gothitelle|Gothitelle, L90, F|272/272\n|cant|p1a: Ditto|par\n|\n|upkeep\n|turn|7\n|\n|t:|1781414480\n|move|p2a: Gothitelle|Calm Mind|p2a: Gothitelle\n|-boost|p2a: Gothitelle|spa|1\n|-boost|p2a: Gothitelle|spd|1\n|move|p1a: Ditto|Body Press|p2a: Gothitelle\n|-resisted|p2a: Gothitelle\n|-damage|p2a: Gothitelle|243/272\n|\n|-heal|p2a: Gothitelle|260/272|[from] item: Leftovers\n|upkeep\n|turn|8\n|\n|t:|1781414484\n|move|p2a: Gothitelle|Calm Mind|p2a: Gothitelle\n|-boost|p2a: Gothitelle|spa|1\n|-boost|p2a: Gothitelle|spd|1\n|cant|p1a: Ditto|par\n|\n|-heal|p2a: Gothitelle|272/272|[from] item: Leftovers\n|upkeep\n|turn|9\n|\n|t:|1781414486\n|move|p2a: Gothitelle|Calm Mind|p2a: Gothitelle\n|-boost|p2a: Gothitelle|spa|1\n|-boost|p2a: Gothitelle|spd|1\n|move|p1a: Ditto|Body Press|p2a: Gothitelle\n|-resisted|p2a: Gothitelle\n|-damage|p2a: Gothitelle|244/272\n|\n|-heal|p2a: Gothitelle|261/272|[from] item: Leftovers\n|upkeep\n|turn|10\n|\n|t:|1781414489\n|move|p2a: Gothitelle|Calm Mind|p2a: Gothitelle\n|-boost|p2a: Gothitelle|spa|1\n|-boost|p2a: Gothitelle|spd|1\n|move|p1a: Ditto|Body Press|p2a: Gothitelle\n|-resisted|p2a: Gothitelle\n|-damage|p2a: Gothitelle|235/272\n|\n|-heal|p2a: Gothitelle|252/272|[from] item: Leftovers\n|upkeep\n|turn|11\n|\n|t:|1781414490\n|move|p2a: Gothitelle|Calm Mind|p2a: Gothitelle\n|-boost|p2a: Gothitelle|spa|1\n|-boost|p2a: Gothitelle|spd|1\n|cant|p1a: Ditto|par\n|\n|-heal|p2a: Gothitelle|269/272|[from] item: Leftovers\n|upkeep\n|turn|12\n|\n|t:|1781414492\n|move|p2a: Gothitelle|Calm Mind|p2a: Gothitelle\n|-boost|p2a: Gothitelle|spa|1\n|-boost|p2a: Gothitelle|spd|1\n|cant|p1a: Ditto|par\n|\n|-heal|p2a: Gothitelle|272/272|[from] item: Leftovers\n|upkeep\n|turn|13\n|\n|t:|1781414495\n|move|p2a: Gothitelle|Dark Pulse|p1a: Ditto\n|-damage|p1a: Ditto|0 fnt\n|faint|p1a: Ditto\n|\n|upkeep\n|\n|t:|1781414514\n|switch|p1a: Dewgong|Dewgong, L94, M|322/322\n|turn|14\n|\n|t:|1781414521\n|move|p1a: Dewgong|Knock Off|p2a: Gothitelle\n|-supereffective|p2a: Gothitelle\n|-damage|p2a: Gothitelle|154/272\n|-enditem|p2a: Gothitelle|Leftovers|[from] move: Knock Off|[of] p1a: Dewgong\n|move|p2a: Gothitelle|Psychic Noise|p1a: Dewgong\n|-crit|p1a: Dewgong\n|-damage|p1a: Dewgong|0 fnt\n|faint|p1a: Dewgong\n|\n|upkeep\n|\n|t:|1781414528\n|switch|p1a: Wugtrio|Wugtrio, L91, M|212/212\n|turn|15\n|\n|t:|1781414533\n|move|p1a: Wugtrio|Throat Chop|p2a: Gothitelle\n|-supereffective|p2a: Gothitelle\n|-damage|p2a: Gothitelle|0 fnt\n|faint|p2a: Gothitelle\n|\n|upkeep\n|\n|t:|1781414537\n|switch|p2a: Zebstrika|Zebstrika, L87, M|272/272\n|turn|16\n|\n|t:|1781414547\n|switch|p1a: Diancie|Diancie, L82|111/216\n|move|p2a: Zebstrika|Volt Switch|p1a: Diancie\n|-damage|p1a: Diancie|75/216\n|-damage|p2a: Zebstrika|245/272|[from] item: Life Orb\n|\n|t:|1781414551\n|switch|p2a: Meloetta|Meloetta, L82|181/298|[from] Volt Switch\n|\n|upkeep\n|turn|17\n|\n|t:|1781414557\n|move|p2a: Meloetta|Psyshock|p1a: Diancie\n|-damage|p1a: Diancie|0 fnt\n|faint|p1a: Diancie\n|\n|upkeep\n|\n|t:|1781414565\n|switch|p1a: Wugtrio|Wugtrio, L91, M|212/212\n|turn|18\n|\n|t:|1781414571\n|move|p1a: Wugtrio|Liquidation|p2a: Meloetta\n|-damage|p2a: Meloetta|0 fnt\n|faint|p2a: Meloetta\n|\n|upkeep\n|\n|t:|1781414575\n|switch|p2a: Zebstrika|Zebstrika, L87, M|245/272\n|turn|19\n|\n|t:|1781414578\n|-terastallize|p1a: Wugtrio|Ground\n|move|p1a: Wugtrio|Liquidation|p2a: Zebstrika\n|-damage|p2a: Zebstrika|32/272\n|move|p2a: Zebstrika|Volt Switch|p1a: Wugtrio\n|-immune|p1a: Wugtrio\n|\n|upkeep\n|turn|20\n|\n|t:|1781414585\n|move|p1a: Wugtrio|Liquidation|p2a: Zebstrika\n|-crit|p2a: Zebstrika\n|-damage|p2a: Zebstrika|0 fnt\n|faint|p2a: Zebstrika\n|\n|upkeep\n|\n|t:|1781414589\n|switch|p2a: Ogerpon|Ogerpon-Hearthflame, L74, F|239/239\n|-ability|p2a: Ogerpon|Mold Breaker\n|turn|21\n|\n|t:|1781414607\n|switch|p1a: Regieleki|Regieleki, L79|256/256\n|move|p2a: Ogerpon|Power Whip|p1a: Regieleki|[miss]\n|-miss|p2a: Ogerpon|p1a: Regieleki\n|\n|upkeep\n|turn|22\n|\n|t:|1781414627\n|move|p1a: Regieleki|Thunderbolt|p2a: Ogerpon\n|-resisted|p2a: Ogerpon\n|-damage|p2a: Ogerpon|170/239\n|move|p2a: Ogerpon|Stomping Tantrum|p1a: Regieleki\n|-supereffective|p1a: Regieleki\n|-damage|p1a: Regieleki|0 fnt\n|faint|p1a: Regieleki\n|\n|upkeep\n|\n|t:|1781414634\n|switch|p1a: Wugtrio|Wugtrio, L91, M, tera:Ground|212/212\n|turn|23\n|\n|t:|1781414648\n|move|p1a: Wugtrio|Liquidation|p2a: Ogerpon\n|-damage|p2a: Ogerpon|0 fnt\n|faint|p2a: Ogerpon\n|\n|upkeep\n|\n|t:|1781414651\n|switch|p2a: Skuntank|Skuntank, L84, M|310/310\n|turn|24\n|\n|t:|1781414656\n|move|p1a: Wugtrio|Liquidation|p2a: Skuntank\n|-crit|p2a: Skuntank\n|-damage|p2a: Skuntank|33/310\n|move|p2a: Skuntank|Gunk Shot|p1a: Wugtrio\n|-resisted|p1a: Wugtrio\n|-damage|p1a: Wugtrio|128/212\n|-status|p1a: Wugtrio|psn\n|\n|-heal|p2a: Skuntank|52/310|[from] item: Leftovers\n|-damage|p1a: Wugtrio|102/212 psn|[from] psn\n|upkeep\n|turn|25\n|\n|t:|1781414663\n|move|p1a: Wugtrio|Liquidation|p2a: Skuntank\n|-damage|p2a: Skuntank|0 fnt\n|-damage|p1a: Wugtrio|49/212 psn|[from] ability: Aftermath|[of] p2a: Skuntank\n|faint|p2a: Skuntank\n|\n|-damage|p1a: Wugtrio|23/212 psn|[from] psn\n|upkeep\n|-message|gothampaladin forfeited.\n|\n|win|Ctannn\n", "inputlog": ">version a8376a258c1d4662feba110a92103f3664a72141\n>start {\"formatid\":\"gen9randombattle\",\"seed\":\"sodium,ca2b160b189693ea7d595830cb8d4caa\",\"rated\":\"Rated battle\"}\n>player p1 {\"name\":\"Ctannn\",\"avatar\":\"169\",\"rating\":2365,\"seed\":\"sodium,e4c87e5d077f1fa02dbf76e0c628802a\"}\n>player p2 {\"name\":\"gothampaladin\",\"avatar\":\"flannery\",\"rating\":2307,\"seed\":\"sodium,b7c5c75b13582e9451ead69877917e12\"}\n>p1 move trailblaze\n>p2 move psyshock\n>p1 switch 3\n>p1 move diamondstorm\n>p2 move psyshock\n>p1 move bodypress\n>p2 switch 2\n>p1 switch 6\n>p2 move flashcannon\n>p1 move bodypress\n>p2 move thunderwave\n>p1 move bodypress\n>p2 switch 6\n>p1 move bodypress\n>p2 move calmmind\n>p1 move bodypress\n>p2 move calmmind\n>p1 move bodypress\n>p2 move calmmind\n>p1 move bodypress\n>p2 move calmmind\n>p1 move bodypress\n>p2 move calmmind\n>p1 move bodypress\n>p2 move calmmind\n>p1 move bodypress\n>p2 move darkpulse\n>p1 switch 5\n>p1 move knockoff\n>p2 move psychicnoise\n>p1 switch 2\n>p1 move throatchop\n>p2 move psychicnoise\n>p2 switch 4\n>p1 switch 6\n>p2 move voltswitch\n>p2 switch 2\n>p1 move diamondstorm\n>p2 move psyshock\n>p1 switch 6\n>p1 move liquidation\n>p2 move psyshock\n>p2 switch 2\n>p1 move liquidation terastallize\n>p2 move voltswitch\n>p1 move liquidation\n>p2 move highhorsepower\n>p2 switch 5\n>p1 switch 4\n>p2 move powerwhip\n>p1 move thunderbolt\n>p2 move stompingtantrum\n>p1 switch 4\n>p1 move liquidation\n>p2 move ivycudgel\n>p2 switch 3\n>p1 move liquidation\n>p2 move gunkshot\n>p1 move liquidation\n>p2 move knockoff\n>forcelose p2", "uploadtime": 1781414388, "views": 4, "formatid": "gen9randombattle", "rating": null, "private": 0, "password": null}