{"id": "gen9randombattle-2631659406", "format": "[Gen 9] Random Battle", "players": ["0744c954bee7899a", "tttttttttyyygggg"], "log": "|j|\u26060744c954bee7899a\n|j|\u2606tttttttttyyygggg\n|t:|1781416567\n|gametype|singles\n|player|p1|0744c954bee7899a|102|1919\n|player|p2|tttttttttyyygggg|101|1900\n|gen|9\n|tier|[Gen 9] Random Battle\n|rated|\n|rule|Species Clause: Limit one of each Pok\u00e9mon\n|rule|HP Percentage Mod: HP is shown in percentages\n|rule|Sleep Clause Mod: Limit one foe put to sleep\n|rule|Illusion Level Mod: Illusion disguises the Pok\u00e9mon's true level\n|\n|t:|1781416567\n|teamsize|p1|6\n|teamsize|p2|6\n|start\n|switch|p1a: Comfey|Comfey, L85, F|225/225\n|switch|p2a: Dragonite|Dragonite, L74, F|257/257\n|turn|1\n|inactive|Battle timer is ON: inactive players will automatically lose when time's up. (requested by 0744c954bee7899a)\n|inactive|tttttttttyyygggg also wants the timer to be on.\n|\n|t:|1781416581\n|move|p1a: Comfey|Calm Mind|p1a: Comfey\n|-boost|p1a: Comfey|spa|1\n|-boost|p1a: Comfey|spd|1\n|move|p2a: Dragonite|Iron Head|p1a: Comfey\n|-supereffective|p1a: Comfey\n|-crit|p1a: Comfey\n|-damage|p1a: Comfey|45/225\n|\n|-heal|p1a: Comfey|59/225|[from] item: Leftovers\n|upkeep\n|turn|2\n|\n|t:|1781416589\n|move|p1a: Comfey|Draining Kiss|p2a: Dragonite\n|-supereffective|p2a: Dragonite\n|-damage|p2a: Dragonite|176/257\n|-heal|p1a: Comfey|120/225|[from] drain|[of] p2a: Dragonite\n|move|p2a: Dragonite|Iron Head|p1a: Comfey\n|-supereffective|p1a: Comfey\n|-damage|p1a: Comfey|12/225\n|\n|-heal|p1a: Comfey|26/225|[from] item: Leftovers\n|upkeep\n|turn|3\n|\n|t:|1781416603\n|switch|p2a: Ho-Oh|Ho-Oh, L71|268/268\n|move|p1a: Comfey|Draining Kiss|p2a: Ho-Oh\n|-resisted|p2a: Ho-Oh\n|-damage|p2a: Ho-Oh|238/268\n|-heal|p1a: Comfey|49/225|[from] drain|[of] p2a: Ho-Oh\n|\n|-heal|p1a: Comfey|63/225|[from] item: Leftovers\n|upkeep\n|turn|4\n|\n|t:|1781416624\n|switch|p1a: Pelipper|Pelipper, L86, M|243/243\n|-weather|RainDance|[from] ability: Drizzle|[of] p1a: Pelipper\n|move|p2a: Ho-Oh|Sacred Fire|p1a: Pelipper\n|-resisted|p1a: Pelipper\n|-damage|p1a: Pelipper|221/243\n|\n|-weather|RainDance|[upkeep]\n|upkeep\n|turn|5\n|\n|t:|1781416634\n|switch|p2a: Phione|Phione, L91|293/293\n|move|p1a: Pelipper|Knock Off|p2a: Phione\n|-damage|p2a: Phione|246/293\n|-enditem|p2a: Phione|Leftovers|[from] move: Knock Off|[of] p1a: Pelipper\n|\n|-weather|RainDance|[upkeep]\n|upkeep\n|turn|6\n|\n|t:|1781416647\n|switch|p1a: Comfey|Comfey, L85, F|63/225\n|move|p2a: Phione|Take Heart|p2a: Phione\n|-boost|p2a: Phione|spa|1\n|-boost|p2a: Phione|spd|1\n|\n|-weather|RainDance|[upkeep]\n|-heal|p1a: Comfey|77/225|[from] item: Leftovers\n|upkeep\n|turn|7\n|\n|t:|1781416657\n|move|p1a: Comfey|Encore|p2a: Phione\n|-start|p2a: Phione|Encore\n|move|p2a: Phione|Take Heart|p2a: Phione\n|-boost|p2a: Phione|spa|1\n|-boost|p2a: Phione|spd|1\n|\n|-weather|RainDance|[upkeep]\n|-heal|p1a: Comfey|91/225|[from] item: Leftovers\n|upkeep\n|turn|8\n|\n|t:|1781416674\n|switch|p1a: Pelipper|Pelipper, L86, M|221/243\n|switch|p2a: Ho-Oh|Ho-Oh, L71|268/268\n|\n|-weather|none\n|upkeep\n|turn|9\n|\n|t:|1781416683\n|move|p2a: Ho-Oh|Brave Bird|p1a: Pelipper\n|-damage|p1a: Pelipper|113/243\n|-damage|p2a: Ho-Oh|232/268|[from] Recoil\n|move|p1a: Pelipper|Knock Off|p2a: Ho-Oh\n|-damage|p2a: Ho-Oh|176/268\n|-enditem|p2a: Ho-Oh|Heavy-Duty Boots|[from] move: Knock Off|[of] p1a: Pelipper\n|\n|upkeep\n|turn|10\n|\n|t:|1781416694\n|move|p2a: Ho-Oh|Brave Bird|p1a: Pelipper\n|-damage|p1a: Pelipper|13/243\n|-damage|p2a: Ho-Oh|143/268|[from] Recoil\n|move|p1a: Pelipper|Roost|p1a: Pelipper\n|-heal|p1a: Pelipper|135/243\n|-singleturn|p1a: Pelipper|move: Roost\n|\n|upkeep\n|turn|11\n|\n|t:|1781416704\n|move|p2a: Ho-Oh|Brave Bird|p1a: Pelipper\n|-damage|p1a: Pelipper|32/243\n|-damage|p2a: Ho-Oh|109/268|[from] Recoil\n|move|p1a: Pelipper|Roost|p1a: Pelipper\n|-heal|p1a: Pelipper|154/243\n|-singleturn|p1a: Pelipper|move: Roost\n|\n|upkeep\n|turn|12\n|\n|t:|1781416712\n|switch|p2a: Phione|Phione, L91|246/293\n|move|p1a: Pelipper|Roost|p1a: Pelipper\n|-heal|p1a: Pelipper|243/243\n|-singleturn|p1a: Pelipper|move: Roost\n|\n|upkeep\n|turn|13\n|\n|t:|1781416720\n|switch|p1a: Comfey|Comfey, L85, F|91/225\n|move|p2a: Phione|Take Heart|p2a: Phione\n|-boost|p2a: Phione|spa|1\n|-boost|p2a: Phione|spd|1\n|\n|-heal|p1a: Comfey|105/225|[from] item: Leftovers\n|upkeep\n|turn|14\n|\n|t:|1781416729\n|move|p1a: Comfey|Encore|p2a: Phione\n|-start|p2a: Phione|Encore\n|move|p2a: Phione|Take Heart|p2a: Phione\n|-boost|p2a: Phione|spa|1\n|-boost|p2a: Phione|spd|1\n|\n|-heal|p1a: Comfey|119/225|[from] item: Leftovers\n|upkeep\n|turn|15\n|\n|t:|1781416738\n|move|p1a: Comfey|Calm Mind|p1a: Comfey\n|-boost|p1a: Comfey|spa|1\n|-boost|p1a: Comfey|spd|1\n|move|p2a: Phione|Take Heart|p2a: Phione\n|-boost|p2a: Phione|spa|1\n|-boost|p2a: Phione|spd|1\n|\n|-heal|p1a: Comfey|133/225|[from] item: Leftovers\n|upkeep\n|turn|16\n|\n|t:|1781416747\n|move|p1a: Comfey|Calm Mind|p1a: Comfey\n|-boost|p1a: Comfey|spa|1\n|-boost|p1a: Comfey|spd|1\n|move|p2a: Phione|Take Heart|p2a: Phione\n|-boost|p2a: Phione|spa|1\n|-boost|p2a: Phione|spd|1\n|\n|-heal|p1a: Comfey|147/225|[from] item: Leftovers\n|-end|p2a: Phione|Encore\n|upkeep\n|turn|17\n|\n|t:|1781416755\n|move|p1a: Comfey|Encore|p2a: Phione\n|-start|p2a: Phione|Encore\n|move|p2a: Phione|Take Heart|p2a: Phione\n|-boost|p2a: Phione|spa|1\n|-boost|p2a: Phione|spd|1\n|\n|-heal|p1a: Comfey|161/225|[from] item: Leftovers\n|upkeep\n|turn|18\n|\n|t:|1781416763\n|move|p1a: Comfey|Calm Mind|p1a: Comfey\n|-boost|p1a: Comfey|spa|1\n|-boost|p1a: Comfey|spd|1\n|move|p2a: Phione|Take Heart|p2a: Phione\n|-boost|p2a: Phione|spa|1\n|-boost|p2a: Phione|spd|1\n|\n|-heal|p1a: Comfey|175/225|[from] item: Leftovers\n|upkeep\n|turn|19\n|\n|t:|1781416771\n|move|p1a: Comfey|Draining Kiss|p2a: Phione\n|-damage|p2a: Phione|215/293\n|-heal|p1a: Comfey|198/225|[from] drain|[of] p2a: Phione\n|move|p2a: Phione|Take Heart||[still]\n|-boost|p2a: Phione|spa|0\n|-boost|p2a: Phione|spd|0\n|-fail|p2a: Phione\n|\n|-heal|p1a: Comfey|212/225|[from] item: Leftovers\n|-end|p2a: Phione|Encore\n|upkeep\n|turn|20\n|\n|t:|1781416780\n|move|p1a: Comfey|Encore|p2a: Phione\n|-start|p2a: Phione|Encore\n|move|p2a: Phione|Take Heart||[still]\n|-boost|p2a: Phione|spa|0\n|-boost|p2a: Phione|spd|0\n|-fail|p2a: Phione\n|\n|-heal|p1a: Comfey|225/225|[from] item: Leftovers\n|upkeep\n|turn|21\n|\n|t:|1781416787\n|move|p1a: Comfey|Calm Mind|p1a: Comfey\n|-boost|p1a: Comfey|spa|1\n|-boost|p1a: Comfey|spd|1\n|move|p2a: Phione|Take Heart||[still]\n|-boost|p2a: Phione|spa|0\n|-boost|p2a: Phione|spd|0\n|-fail|p2a: Phione\n|\n|upkeep\n|turn|22\n|\n|t:|1781416794\n|move|p1a: Comfey|Calm Mind|p1a: Comfey\n|-boost|p1a: Comfey|spa|1\n|-boost|p1a: Comfey|spd|1\n|move|p2a: Phione|Take Heart||[still]\n|-boost|p2a: Phione|spa|0\n|-boost|p2a: Phione|spd|0\n|-fail|p2a: Phione\n|\n|-end|p2a: Phione|Encore\n|upkeep\n|turn|23\n|\n|t:|1781416802\n|move|p1a: Comfey|Encore|p2a: Phione\n|-start|p2a: Phione|Encore\n|move|p2a: Phione|Take Heart||[still]\n|-boost|p2a: Phione|spa|0\n|-boost|p2a: Phione|spd|0\n|-fail|p2a: Phione\n|\n|upkeep\n|turn|24\n|\n|t:|1781416808\n|move|p1a: Comfey|Calm Mind|p1a: Comfey\n|-boost|p1a: Comfey|spa|1\n|-boost|p1a: Comfey|spd|1\n|move|p2a: Phione|Take Heart||[still]\n|-boost|p2a: Phione|spa|0\n|-boost|p2a: Phione|spd|0\n|-fail|p2a: Phione\n|\n|upkeep\n|turn|25\n|\n|t:|1781416815\n|move|p1a: Comfey|Draining Kiss|p2a: Phione\n|-damage|p2a: Phione|170/293\n|move|p2a: Phione|Take Heart||[still]\n|-boost|p2a: Phione|spa|0\n|-boost|p2a: Phione|spd|0\n|-fail|p2a: Phione\n|\n|-end|p2a: Phione|Encore\n|upkeep\n|turn|26\n|\n|t:|1781416823\n|move|p1a: Comfey|Encore|p2a: Phione\n|-start|p2a: Phione|Encore\n|move|p2a: Phione|Take Heart||[still]\n|-boost|p2a: Phione|spa|0\n|-boost|p2a: Phione|spd|0\n|-fail|p2a: Phione\n|\n|upkeep\n|turn|27\n|\n|t:|1781416831\n|move|p1a: Comfey|Draining Kiss|p2a: Phione\n|-damage|p2a: Phione|125/293\n|move|p2a: Phione|Take Heart||[still]\n|-boost|p2a: Phione|spa|0\n|-boost|p2a: Phione|spd|0\n|-fail|p2a: Phione\n|\n|upkeep\n|turn|28\n|\n|t:|1781416837\n|move|p1a: Comfey|Draining Kiss|p2a: Phione\n|-damage|p2a: Phione|71/293\n|move|p2a: Phione|Take Heart||[still]\n|-boost|p2a: Phione|spa|0\n|-boost|p2a: Phione|spd|0\n|-fail|p2a: Phione\n|\n|-end|p2a: Phione|Encore\n|upkeep\n|turn|29\n|\n|t:|1781416845\n|move|p1a: Comfey|Encore|p2a: Phione\n|-start|p2a: Phione|Encore\n|move|p2a: Phione|Take Heart||[still]\n|-boost|p2a: Phione|spa|0\n|-boost|p2a: Phione|spd|0\n|-fail|p2a: Phione\n|\n|upkeep\n|turn|30\n|\n|t:|1781416862\n|switch|p2a: Ho-Oh|Ho-Oh, L71|198/268\n|move|p1a: Comfey|Draining Kiss|p2a: Ho-Oh\n|-resisted|p2a: Ho-Oh\n|-damage|p2a: Ho-Oh|130/268\n|\n|upkeep\n|turn|31\n|\n|t:|1781416871\n|move|p1a: Comfey|Tera Blast|p2a: Ho-Oh\n|-damage|p2a: Ho-Oh|0 fnt\n|faint|p2a: Ho-Oh\n|\n|upkeep\n|inactive|tttttttttyyygggg has 120 seconds left.\n|\n|t:|1781416915\n|switch|p2a: Jirachi|Jirachi, L80|291/291\n|turn|32\n|\n|t:|1781416924\n|-terastallize|p1a: Comfey|Ground\n|move|p2a: Jirachi|Iron Head|p1a: Comfey\n|-crit|p1a: Comfey\n|-damage|p1a: Comfey|113/225\n|cant|p1a: Comfey|flinch\n|\n|-heal|p1a: Comfey|127/225|[from] item: Leftovers\n|upkeep\n|turn|33\n|inactive|tttttttttyyygggg has 120 seconds left.\n|\n|t:|1781416934\n|move|p2a: Jirachi|Iron Head|p1a: Comfey\n|-damage|p1a: Comfey|45/225\n|cant|p1a: Comfey|flinch\n|\n|-heal|p1a: Comfey|59/225|[from] item: Leftovers\n|upkeep\n|turn|34\n|\n|t:|1781416939\n|move|p1a: Comfey|Draining Kiss|p2a: Jirachi\n|-resisted|p2a: Jirachi\n|-damage|p2a: Jirachi|203/291\n|-heal|p1a: Comfey|125/225|[from] drain|[of] p2a: Jirachi\n|move|p2a: Jirachi|Iron Head|p1a: Comfey\n|-damage|p1a: Comfey|46/225\n|\n|-heal|p1a: Comfey|60/225|[from] item: Leftovers\n|upkeep\n|turn|35\n|\n|t:|1781416950\n|move|p1a: Comfey|Draining Kiss|p2a: Jirachi\n|-resisted|p2a: Jirachi\n|-damage|p2a: Jirachi|109/291\n|-heal|p1a: Comfey|131/225|[from] drain|[of] p2a: Jirachi\n|move|p2a: Jirachi|Iron Head|p1a: Comfey\n|-damage|p1a: Comfey|56/225\n|\n|-heal|p1a: Comfey|70/225|[from] item: Leftovers\n|upkeep\n|turn|36\n|\n|t:|1781416958\n|move|p1a: Comfey|Draining Kiss|p2a: Jirachi\n|-resisted|p2a: Jirachi\n|-damage|p2a: Jirachi|16/291\n|-heal|p1a: Comfey|140/225|[from] drain|[of] p2a: Jirachi\n|move|p2a: Jirachi|Iron Head|p1a: Comfey\n|-damage|p1a: Comfey|55/225\n|\n|-heal|p1a: Comfey|69/225|[from] item: Leftovers\n|upkeep\n|turn|37\n|-message|tttttttttyyygggg forfeited.\n|\n|win|0744c954bee7899a\n", "inputlog": ">version a8376a258c1d4662feba110a92103f3664a72141\n>start {\"formatid\":\"gen9randombattle\",\"seed\":\"sodium,78b97ee636a60f9e9346a79fe67c34b5\",\"rated\":\"Rated battle\"}\n>player p1 {\"name\":\"0744c954bee7899a\",\"avatar\":\"102\",\"rating\":1919,\"seed\":\"sodium,32f75a9cfaf09d0e3ee2803ed34f1928\"}\n>player p2 {\"name\":\"tttttttttyyygggg\",\"avatar\":\"101\",\"rating\":1900,\"seed\":\"sodium,594faf0e299c675101f5e2bdff2e6ceb\"}\n>p1 move calmmind\n>p2 move ironhead\n>p1 move drainingkiss\n>p2 move ironhead\n>p1 move drainingkiss\n>p2 switch 6\n>p1 switch 2\n>p2 move sacredfire\n>p1 move knockoff\n>p2 switch 3\n>p1 switch 2\n>p2 move takeheart\n>p1 move encore\n>p2 move scald\n>p1 switch 2\n>p2 switch 3\n>p1 move knockoff\n>p2 move bravebird\n>p1 move roost\n>p2 move bravebird\n>p1 move roost\n>p2 move bravebird\n>p1 move roost\n>p2 switch 3\n>p1 switch 2\n>p2 move takeheart\n>p1 move encore\n>p2 move scald\n>p1 move calmmind\n>p2 move takeheart\n>p1 move calmmind\n>p2 move takeheart\n>p1 move encore\n>p2 move scald\n>p1 move calmmind\n>p2 move takeheart\n>p1 move drainingkiss\n>p2 move takeheart\n>p1 move encore\n>p2 move scald\n>p1 move calmmind\n>p2 move takeheart\n>p1 move calmmind\n>p2 move takeheart\n>p1 move encore\n>p2 move scald\n>p1 move calmmind\n>p2 move takeheart\n>p1 move drainingkiss\n>p2 move takeheart\n>p1 move encore\n>p2 move scald\n>p1 move drainingkiss\n>p2 move takeheart\n>p1 move drainingkiss\n>p2 move takeheart\n>p1 move encore\n>p2 move scald\n>p1 move drainingkiss\n>p2 switch 3\n>p1 move terablast\n>p2 move sacredfire\n>p2 switch 4\n>p1 move terablast terastallize\n>p2 move ironhead\n>p1 move terablast\n>p2 move ironhead\n>p1 move drainingkiss\n>p2 move ironhead\n>p1 move drainingkiss\n>p2 move ironhead\n>p1 move drainingkiss\n>p2 move ironhead\n>forcelose p2", "uploadtime": 1781416569, "views": 4, "formatid": "gen9randombattle", "rating": null, "private": 0, "password": null}