{"id": "gen9randombattle-2631565186", "format": "[Gen 9] Random Battle", "players": ["95bin", "Elite 4 Waally"], "log": "|j|\u260695bin\n|j|\u2606Elite 4 Waally\n|t:|1781402072\n|gametype|singles\n|player|p1|95bin|265|1897\n|player|p2|Elite 4 Waally|wally|1909\n|gen|9\n|tier|[Gen 9] Random Battle\n|rated|\n|rule|Species Clause: Limit one of each Pok\u00e9mon\n|rule|HP Percentage Mod: HP is shown in percentages\n|rule|Sleep Clause Mod: Limit one foe put to sleep\n|rule|Illusion Level Mod: Illusion disguises the Pok\u00e9mon's true level\n|\n|t:|1781402072\n|teamsize|p1|6\n|teamsize|p2|6\n|start\n|switch|p1a: Clodsire|Clodsire, L81, F|343/343\n|switch|p2a: Incineroar|Incineroar, L82, F|290/290\n|-ability|p2a: Incineroar|Intimidate|boost\n|-unboost|p1a: Clodsire|atk|1\n|turn|1\n|\n|t:|1781402095\n|move|p2a: Incineroar|Knock Off|p1a: Clodsire\n|-damage|p1a: Clodsire|198/343\n|-enditem|p1a: Clodsire|Leftovers|[from] move: Knock Off|[of] p2a: Incineroar\n|move|p1a: Clodsire|Spikes|p2a: Incineroar\n|-sidestart|p2: Elite 4 Waally|Spikes\n|\n|upkeep\n|turn|2\n|\n|t:|1781402102\n|move|p2a: Incineroar|Swords Dance|p2a: Incineroar\n|-boost|p2a: Incineroar|atk|2\n|move|p1a: Clodsire|Recover|p1a: Clodsire\n|-heal|p1a: Clodsire|343/343\n|\n|upkeep\n|turn|3\n|\n|t:|1781402120\n|move|p2a: Incineroar|Trailblaze|p1a: Clodsire\n|-damage|p1a: Clodsire|234/343\n|-boost|p2a: Incineroar|spe|1\n|move|p1a: Clodsire|Earthquake|p2a: Incineroar\n|-supereffective|p2a: Incineroar\n|-damage|p2a: Incineroar|174/290\n|\n|upkeep\n|turn|4\n|\n|t:|1781402128\n|-terastallize|p2a: Incineroar|Grass\n|move|p2a: Incineroar|Swords Dance|p2a: Incineroar\n|-boost|p2a: Incineroar|atk|2\n|move|p1a: Clodsire|Earthquake|p2a: Incineroar\n|-resisted|p2a: Incineroar\n|-damage|p2a: Incineroar|146/290\n|\n|upkeep\n|turn|5\n|\n|t:|1781402136\n|move|p2a: Incineroar|Trailblaze|p1a: Clodsire\n|-damage|p1a: Clodsire|0 fnt\n|-boost|p2a: Incineroar|spe|1\n|faint|p1a: Clodsire\n|\n|upkeep\n|inactive|Battle timer is ON: inactive players will automatically lose when time's up. (requested by Elite 4 Waally)\n|\n|t:|1781402148\n|switch|p1a: Zamazenta|Zamazenta, L71|248/248\n|-ability|p1a: Zamazenta|Dauntless Shield|boost\n|-boost|p1a: Zamazenta|def|1\n|turn|6\n|\n|t:|1781402155\n|move|p2a: Incineroar|Flare Blitz|p1a: Zamazenta\n|-damage|p1a: Zamazenta|0 fnt\n|faint|p1a: Zamazenta\n|-damage|p2a: Incineroar|64/290|[from] Recoil\n|\n|upkeep\n|\n|t:|1781402177\n|switch|p1a: Roaring Moon|Roaring Moon, L72|270/270\n|turn|7\n|\n|t:|1781402182\n|move|p2a: Incineroar|Flare Blitz|p1a: Roaring Moon\n|-resisted|p1a: Roaring Moon\n|-damage|p1a: Roaring Moon|0 fnt\n|faint|p1a: Roaring Moon\n|-end|p1a: Roaring Moon|Protosynthesis|[silent]\n|-damage|p2a: Incineroar|0 fnt|[from] Recoil\n|faint|p2a: Incineroar\n|\n|upkeep\n|\n|t:|1781402192\n|switch|p1a: Dedenne|Dedenne, L88, M|261/261\n|switch|p2a: Lurantis|Lurantis, L87, F|264/264\n|-damage|p2a: Lurantis|231/264|[from] Spikes\n|turn|8\n|\n|t:|1781402211\n|move|p1a: Dedenne|Super Fang|p2a: Lurantis\n|-damage|p2a: Lurantis|116/264\n|move|p2a: Lurantis|Leaf Storm|p1a: Dedenne\n|-damage|p1a: Dedenne|116/261\n|-boost|p2a: Lurantis|spa|2\n|-enditem|p1a: Dedenne|Sitrus Berry|[eat]\n|-heal|p1a: Dedenne|181/261|[from] item: Sitrus Berry\n|-heal|p1a: Dedenne|261/261|[from] ability: Cheek Pouch\n|\n|upkeep\n|turn|9\n|inactive|95bin has 120 seconds left.\n|\n|t:|1781402238\n|move|p1a: Dedenne|Super Fang|p2a: Lurantis\n|-damage|p2a: Lurantis|58/264\n|move|p2a: Lurantis|Leaf Storm|p1a: Dedenne\n|-damage|p1a: Dedenne|0 fnt\n|-boost|p2a: Lurantis|spa|2\n|faint|p1a: Dedenne\n|\n|upkeep\n|\n|t:|1781402242\n|switch|p1a: Darkrai|Darkrai, L77|234/234\n|turn|10\n|\n|t:|1781402248\n|move|p1a: Darkrai|Sludge Bomb|p2a: Lurantis\n|-supereffective|p2a: Lurantis\n|-damage|p2a: Lurantis|0 fnt\n|faint|p2a: Lurantis\n|\n|upkeep\n|\n|t:|1781402275\n|switch|p2a: Noctowl|Noctowl, L95, F|344/344\n|turn|11\n|\n|t:|1781402286\n|move|p1a: Darkrai|Nasty Plot|p1a: Darkrai\n|-boost|p1a: Darkrai|spa|2\n|move|p2a: Noctowl|Calm Mind|p2a: Noctowl\n|-boost|p2a: Noctowl|spa|1\n|-boost|p2a: Noctowl|spd|1\n|\n|upkeep\n|turn|12\n|\n|t:|1781402302\n|move|p1a: Darkrai|Nasty Plot|p1a: Darkrai\n|-boost|p1a: Darkrai|spa|2\n|move|p2a: Noctowl|Hyper Voice|p1a: Darkrai\n|-damage|p1a: Darkrai|50/234\n|\n|-heal|p1a: Darkrai|64/234|[from] item: Leftovers\n|upkeep\n|turn|13\n|\n|t:|1781402306\n|move|p1a: Darkrai|Dark Pulse|p2a: Noctowl\n|-damage|p2a: Noctowl|199/344\n|cant|p2a: Noctowl|flinch\n|\n|-heal|p1a: Darkrai|78/234|[from] item: Leftovers\n|upkeep\n|turn|14\n|\n|t:|1781402316\n|move|p1a: Darkrai|Dark Pulse|p2a: Noctowl\n|-damage|p2a: Noctowl|58/344\n|move|p2a: Noctowl|Hyper Voice|p1a: Darkrai\n|-damage|p1a: Darkrai|0 fnt\n|faint|p1a: Darkrai\n|\n|upkeep\n|\n|t:|1781402319\n|switch|p1a: Quagsire|Quagsire, L84, F|297/297\n|turn|15\n|-message|95bin forfeited.\n|\n|win|Elite 4 Waally\n|raw|95bin's rating: 1897 &rarr; <strong>1878</strong><br />(-19 for losing)\n|raw|Elite 4 Waally's rating: 1909 &rarr; <strong>1928</strong><br />(+19 for winning)\n", "inputlog": ">version a8376a258c1d4662feba110a92103f3664a72141\n>start {\"formatid\":\"gen9randombattle\",\"seed\":\"sodium,56da5b4356a9e601a938f392a29c1ef7\",\"rated\":\"Rated battle\"}\n>player p1 {\"name\":\"95bin\",\"avatar\":\"265\",\"rating\":1897,\"seed\":\"sodium,835758bd6aaebf0985d13283084d7637\"}\n>player p2 {\"name\":\"Elite 4 Waally\",\"avatar\":\"wally\",\"rating\":1909,\"seed\":\"sodium,6aef0fee7f5d5460b5e533e6ae1145ae\"}\n>p1 move spikes\n>p2 move knockoff\n>p1 move recover\n>p2 move swordsdance\n>p1 move earthquake\n>p2 move trailblaze\n>p1 move earthquake\n>p2 move swordsdance terastallize\n>p1 move poisonjab\n>p2 move trailblaze\n>p1 switch 2\n>p1 move closecombat\n>p2 move flareblitz\n>p1 switch 5\n>p1 move uturn\n>p2 move flareblitz\n>p1 switch 4\n>p2 switch 4\n>p1 move superfang\n>p2 move leafstorm\n>p1 move superfang\n>p2 move leafstorm\n>p1 switch 6\n>p1 move sludgebomb\n>p2 move superpower\n>p2 switch 2\n>p1 move nastyplot\n>p2 move calmmind\n>p1 move nastyplot\n>p2 move hypervoice\n>p1 move darkpulse\n>p2 move hypervoice\n>p1 move darkpulse\n>p2 move hypervoice\n>p1 switch 3\n>forcelose p1", "uploadtime": 1781402323, "views": 5, "formatid": "gen9randombattle", "rating": 1878, "private": 0, "password": null}