{"id": "gen9randombattle-2631725085", "format": "[Gen 9] Random Battle", "players": ["pixeo", "drop 6 nukers"], "log": "|j|\u2606pixeo\n|j|\u2606drop 6 nukers\n|t:|1781429106\n|gametype|singles\n|player|p1|pixeo|2|1606\n|player|p2|drop 6 nukers|unknown|1571\n|gen|9\n|tier|[Gen 9] Random Battle\n|rated|\n|rule|Species Clause: Limit one of each Pok\u00e9mon\n|rule|HP Percentage Mod: HP is shown in percentages\n|rule|Sleep Clause Mod: Limit one foe put to sleep\n|rule|Illusion Level Mod: Illusion disguises the Pok\u00e9mon's true level\n|\n|t:|1781429106\n|teamsize|p1|6\n|teamsize|p2|6\n|start\n|switch|p1a: Scizor|Scizor, L79, F|240/240\n|switch|p2a: Hippowdon|Hippowdon, L82, F|311/311\n|-weather|Sandstorm|[from] ability: Sand Stream|[of] p2a: Hippowdon\n|turn|1\n|inactive|Battle timer is ON: inactive players will automatically lose when time's up. (requested by pixeo)\n|\n|t:|1781429118\n|switch|p1a: Misdreavus|Misdreavus, L90, M|254/254\n|move|p2a: Hippowdon|Curse|p2a: Hippowdon\n|-unboost|p2a: Hippowdon|spe|1\n|-boost|p2a: Hippowdon|atk|1\n|-boost|p2a: Hippowdon|def|1\n|\n|-weather|Sandstorm|[upkeep]\n|-damage|p1a: Misdreavus|239/254|[from] Sandstorm\n|upkeep\n|turn|2\n|\n|t:|1781429125\n|move|p1a: Misdreavus|Will-O-Wisp|p2a: Hippowdon\n|-status|p2a: Hippowdon|brn\n|move|p2a: Hippowdon|Stone Edge|p1a: Misdreavus\n|-damage|p1a: Misdreavus|196/254\n|\n|-weather|Sandstorm|[upkeep]\n|-damage|p1a: Misdreavus|181/254|[from] Sandstorm\n|-damage|p2a: Hippowdon|292/311 brn|[from] brn\n|upkeep\n|turn|3\n|\n|t:|1781429136\n|switch|p2a: Uxie|Uxie, L83|260/260\n|move|p1a: Misdreavus|Calm Mind|p1a: Misdreavus\n|-boost|p1a: Misdreavus|spa|1\n|-boost|p1a: Misdreavus|spd|1\n|\n|-weather|Sandstorm|[upkeep]\n|-damage|p2a: Uxie|244/260|[from] Sandstorm\n|-damage|p1a: Misdreavus|166/254|[from] Sandstorm\n|-heal|p2a: Uxie|260/260|[from] item: Leftovers\n|upkeep\n|turn|4\n|\n|t:|1781429145\n|switch|p1a: Malamar|Malamar, L82, M|275/275\n|move|p2a: Uxie|Thunder Wave|p1a: Malamar\n|-status|p1a: Malamar|par\n|\n|-weather|Sandstorm|[upkeep]\n|-damage|p2a: Uxie|244/260|[from] Sandstorm\n|-damage|p1a: Malamar|258/275 par|[from] Sandstorm\n|-heal|p2a: Uxie|260/260|[from] item: Leftovers\n|-heal|p1a: Malamar|275/275 par|[from] item: Leftovers\n|upkeep\n|turn|5\n|\n|t:|1781429159\n|move|p2a: Uxie|U-turn|p1a: Malamar\n|-supereffective|p1a: Malamar\n|-damage|p1a: Malamar|111/275 par\n|\n|t:|1781429164\n|switch|p2a: Gumshoos|Gumshoos, L95, M|321/321|[from] U-turn\n|move|p1a: Malamar|Superpower|p2a: Gumshoos\n|-supereffective|p2a: Gumshoos\n|-damage|p2a: Gumshoos|143/321\n|-boost|p1a: Malamar|atk|1\n|-boost|p1a: Malamar|def|1\n|\n|-weather|none\n|-heal|p1a: Malamar|128/275 par|[from] item: Leftovers\n|upkeep\n|turn|6\n|\n|t:|1781429175\n|move|p2a: Gumshoos|U-turn|p1a: Malamar\n|-supereffective|p1a: Malamar\n|-damage|p1a: Malamar|0 fnt\n|faint|p1a: Malamar\n|\n|t:|1781429198\n|switch|p2a: Uxie|Uxie, L83|260/260|[from] U-turn\n|\n|upkeep\n|\n|t:|1781429219\n|switch|p1a: Scizor|Scizor, L79, F|240/240\n|turn|7\n|\n|t:|1781429229\n|move|p2a: Uxie|U-turn|p1a: Scizor\n|-resisted|p1a: Scizor\n|-damage|p1a: Scizor|220/240\n|\n|t:|1781429231\n|switch|p2a: Empoleon|Empoleon, L84, F|278/278|[from] U-turn\n|move|p1a: Scizor|Knock Off|p2a: Empoleon\n|-damage|p2a: Empoleon|169/278\n|-enditem|p2a: Empoleon|Leftovers|[from] move: Knock Off|[of] p1a: Scizor\n|\n|upkeep\n|turn|8\n|\n|t:|1781429246\n|switch|p1a: Clodsire|Clodsire, L81, M|343/343\n|move|p2a: Empoleon|Roost|p2a: Empoleon\n|-heal|p2a: Empoleon|278/278\n|-singleturn|p2a: Empoleon|move: Roost\n|\n|upkeep\n|turn|9\n|\n|t:|1781429268\n|switch|p2a: Dipplin|Dipplin, L88, M|284/284\n|move|p1a: Clodsire|Curse|p1a: Clodsire\n|-unboost|p1a: Clodsire|spe|1\n|-boost|p1a: Clodsire|atk|1\n|-boost|p1a: Clodsire|def|1\n|\n|upkeep\n|turn|10\n|\n|t:|1781429273\n|move|p1a: Clodsire|Gunk Shot|p2a: Dipplin\n|-supereffective|p2a: Dipplin\n|-damage|p2a: Dipplin|110/284\n|move|p2a: Dipplin|Dragon Tail|p1a: Clodsire\n|-damage|p1a: Clodsire|292/343\n|drag|p1a: Heatran|Heatran, L79, F|273/273\n|-item|p1a: Heatran|Air Balloon\n|\n|upkeep\n|turn|11\n|\n|t:|1781429295\n|move|p1a: Heatran|Stealth Rock|p2a: Dipplin\n|-sidestart|p2: drop 6 nukers|move: Stealth Rock\n|move|p2a: Dipplin|Dragon Tail|p1a: Heatran\n|-resisted|p1a: Heatran\n|-damage|p1a: Heatran|245/273\n|-enditem|p1a: Heatran|Air Balloon\n|drag|p1a: Clodsire|Clodsire, L81, M|292/343\n|\n|-heal|p1a: Clodsire|313/343|[from] item: Leftovers\n|upkeep\n|turn|12\n|\n|t:|1781429311\n|move|p2a: Dipplin|Recover|p2a: Dipplin\n|-heal|p2a: Dipplin|252/284\n|move|p1a: Clodsire|Gunk Shot|p2a: Dipplin\n|-supereffective|p2a: Dipplin\n|-damage|p2a: Dipplin|150/284\n|\n|-heal|p1a: Clodsire|334/343|[from] item: Leftovers\n|upkeep\n|turn|13\n|\n|t:|1781429335\n|move|p1a: Clodsire|Curse|p1a: Clodsire\n|-unboost|p1a: Clodsire|spe|1\n|-boost|p1a: Clodsire|atk|1\n|-boost|p1a: Clodsire|def|1\n|move|p2a: Dipplin|Dragon Tail|p1a: Clodsire\n|-damage|p1a: Clodsire|277/343\n|drag|p1a: Misdreavus|Misdreavus, L90, M|166/254\n|\n|upkeep\n|turn|14\n|\n|t:|1781429344\n|switch|p2a: Sunflora|Sunflora, F|312/312\n|-damage|p2a: Sunflora|273/312|[from] Stealth Rock\n|move|p1a: Misdreavus|Draining Kiss|p2a: Sunflora\n|-damage|p2a: Sunflora|240/312\n|-heal|p1a: Misdreavus|191/254|[from] drain|[of] p2a: Sunflora\n|\n|upkeep\n|turn|15\n|\n|t:|1781429351\n|move|p1a: Misdreavus|Calm Mind|p1a: Misdreavus\n|-boost|p1a: Misdreavus|spa|1\n|-boost|p1a: Misdreavus|spd|1\n|move|p2a: Sunflora|Sunny Day|p2a: Sunflora\n|-weather|SunnyDay\n|\n|-weather|SunnyDay|[upkeep]\n|upkeep\n|turn|16\n|inactive|drop 6 nukers has 120 seconds left.\n|\n|t:|1781429389\n|move|p2a: Sunflora|Solar Beam||[still]\n|-prepare|p2a: Sunflora|Solar Beam\n|-anim|p2a: Sunflora|Solar Beam|p1a: Misdreavus\n|-damage|p1a: Misdreavus|84/254\n|-damage|p2a: Sunflora|209/312|[from] item: Life Orb\n|move|p1a: Misdreavus|Calm Mind|p1a: Misdreavus\n|-boost|p1a: Misdreavus|spa|1\n|-boost|p1a: Misdreavus|spd|1\n|\n|-weather|SunnyDay|[upkeep]\n|upkeep\n|turn|17\n|inactive|drop 6 nukers has 120 seconds left.\n|\n|t:|1781429409\n|-terastallize|p1a: Misdreavus|Fairy\n|move|p2a: Sunflora|Solar Beam||[still]\n|-prepare|p2a: Sunflora|Solar Beam\n|-anim|p2a: Sunflora|Solar Beam|p1a: Misdreavus\n|-crit|p1a: Misdreavus\n|-damage|p1a: Misdreavus|0 fnt\n|faint|p1a: Misdreavus\n|-damage|p2a: Sunflora|178/312|[from] item: Life Orb\n|\n|-weather|SunnyDay|[upkeep]\n|upkeep\n|\n|t:|1781429416\n|switch|p1a: Scizor|Scizor, L79, F|220/240\n|turn|18\n|\n|t:|1781429441\n|switch|p1a: Heatran|Heatran, L79, F|245/273\n|move|p2a: Sunflora|Weather Ball|p1a: Heatran\n|-start|p1a: Heatran|ability: Flash Fire\n|\n|-weather|SunnyDay|[upkeep]\n|upkeep\n|turn|19\n|\n|t:|1781429448\n|-end|p1a: Heatran|ability: Flash Fire|[silent]\n|switch|p1a: Scizor|Scizor, L79, F|220/240\n|move|p2a: Sunflora|Earth Power|p1a: Scizor\n|-damage|p1a: Scizor|77/240\n|-damage|p2a: Sunflora|147/312|[from] item: Life Orb\n|\n|-weather|none\n|upkeep\n|turn|20\n|\n|t:|1781429453\n|move|p1a: Scizor|U-turn|p2a: Sunflora\n|-supereffective|p2a: Sunflora\n|-damage|p2a: Sunflora|0 fnt\n|faint|p2a: Sunflora\n|\n|t:|1781429460\n|switch|p1a: Poliwrath|Poliwrath, L88, F|302/302|[from] U-turn\n|\n|upkeep\n|inactive|drop 6 nukers has 120 seconds left.\n|\n|t:|1781429483\n|switch|p2a: Uxie|Uxie, L83|260/260\n|-damage|p2a: Uxie|228/260|[from] Stealth Rock\n|turn|21\n|\n|t:|1781429491\n|switch|p1a: Heatran|Heatran, L79, F|245/273\n|move|p2a: Uxie|Stealth Rock|p1a: Heatran\n|-sidestart|p1: pixeo|move: Stealth Rock\n|\n|-heal|p2a: Uxie|244/260|[from] item: Leftovers\n|upkeep\n|turn|22\n|inactive|drop 6 nukers has 120 seconds left.\n|\n|t:|1781429511\n|move|p2a: Uxie|Thunder Wave|p1a: Heatran\n|-status|p1a: Heatran|par\n|move|p1a: Heatran|Heavy Slam|p2a: Uxie\n|-damage|p2a: Uxie|166/260\n|\n|-heal|p2a: Uxie|182/260|[from] item: Leftovers\n|upkeep\n|turn|23\n|\n|t:|1781429519\n|move|p2a: Uxie|U-turn|p1a: Heatran\n|-resisted|p1a: Heatran\n|-damage|p1a: Heatran|235/273 par\n|inactive|drop 6 nukers has 90 seconds left.\n|\n|t:|1781429559\n|switch|p2a: Hippowdon|Hippowdon, L82, F|292/311 brn|[from] U-turn\n|-damage|p2a: Hippowdon|273/311 brn|[from] Stealth Rock\n|-weather|Sandstorm|[from] ability: Sand Stream|[of] p2a: Hippowdon\n|cant|p1a: Heatran|par\n|\n|-weather|Sandstorm|[upkeep]\n|-heal|p2a: Hippowdon|292/311 brn|[from] item: Leftovers\n|-damage|p2a: Hippowdon|273/311 brn|[from] brn\n|upkeep\n|turn|24\n|\n|t:|1781429568\n|move|p2a: Hippowdon|Curse|p2a: Hippowdon\n|-unboost|p2a: Hippowdon|spe|1\n|-boost|p2a: Hippowdon|atk|1\n|-boost|p2a: Hippowdon|def|1\n|move|p1a: Heatran|Lava Plume|p2a: Hippowdon\n|-damage|p2a: Hippowdon|155/311 brn\n|\n|-weather|Sandstorm|[upkeep]\n|-heal|p2a: Hippowdon|174/311 brn|[from] item: Leftovers\n|-damage|p2a: Hippowdon|155/311 brn|[from] brn\n|upkeep\n|turn|25\n|\n|t:|1781429576\n|move|p1a: Heatran|Lava Plume|p2a: Hippowdon\n|-damage|p2a: Hippowdon|40/311 brn\n|move|p2a: Hippowdon|Earthquake|p1a: Heatran\n|-supereffective|p1a: Heatran\n|-damage|p1a: Heatran|0 fnt\n|faint|p1a: Heatran\n|\n|-weather|Sandstorm|[upkeep]\n|-heal|p2a: Hippowdon|59/311 brn|[from] item: Leftovers\n|-damage|p2a: Hippowdon|40/311 brn|[from] brn\n|upkeep\n|\n|t:|1781429603\n|switch|p1a: Scizor|Scizor, L79, F|77/240\n|-damage|p1a: Scizor|47/240|[from] Stealth Rock\n|turn|26\n|\n|t:|1781429608\n|move|p1a: Scizor|Knock Off|p2a: Hippowdon\n|-damage|p2a: Hippowdon|0 fnt\n|-enditem|p2a: Hippowdon|Leftovers|[from] move: Knock Off|[of] p1a: Scizor\n|faint|p2a: Hippowdon\n|\n|-weather|Sandstorm|[upkeep]\n|upkeep\n|\n|t:|1781429618\n|switch|p2a: Uxie|Uxie, L83|182/260\n|-damage|p2a: Uxie|150/260|[from] Stealth Rock\n|turn|27\n|\n|t:|1781429622\n|move|p2a: Uxie|U-turn|p1a: Scizor\n|-resisted|p1a: Scizor\n|-crit|p1a: Scizor\n|-damage|p1a: Scizor|15/240\n|\n|t:|1781429627\n|switch|p2a: Dipplin|Dipplin, L88, M|150/284|[from] U-turn\n|-damage|p2a: Dipplin|115/284|[from] Stealth Rock\n|move|p1a: Scizor|Knock Off|p2a: Dipplin\n|-damage|p2a: Dipplin|51/284\n|-activate|p2a: Dipplin|ability: Sticky Hold\n|\n|-weather|none\n|upkeep\n|turn|28\n|\n|t:|1781429634\n|move|p1a: Scizor|Knock Off|p2a: Dipplin\n|-damage|p2a: Dipplin|0 fnt\n|-enditem|p2a: Dipplin|Eviolite|[from] move: Knock Off|[of] p1a: Scizor\n|faint|p2a: Dipplin\n|\n|upkeep\n|\n|t:|1781429638\n|switch|p2a: Uxie|Uxie, L83|150/260\n|-damage|p2a: Uxie|118/260|[from] Stealth Rock\n|turn|29\n|\n|t:|1781429641\n|move|p2a: Uxie|Psychic Noise|p1a: Scizor\n|-resisted|p1a: Scizor\n|-damage|p1a: Scizor|0 fnt\n|faint|p1a: Scizor\n|\n|-heal|p2a: Uxie|134/260|[from] item: Leftovers\n|upkeep\n|\n|t:|1781429650\n|switch|p1a: Poliwrath|Poliwrath, L88, F|302/302\n|-damage|p1a: Poliwrath|284/302|[from] Stealth Rock\n|turn|30\n|\n|t:|1781429655\n|switch|p2a: Empoleon|Empoleon, L84, F|278/278\n|-damage|p2a: Empoleon|261/278|[from] Stealth Rock\n|move|p1a: Poliwrath|Rain Dance|p1a: Poliwrath\n|-weather|RainDance\n|\n|-weather|RainDance|[upkeep]\n|upkeep\n|turn|31\n|\n|t:|1781429671\n|move|p1a: Poliwrath|Close Combat|p2a: Empoleon\n|-supereffective|p2a: Empoleon\n|-crit|p2a: Empoleon\n|-damage|p2a: Empoleon|0 fnt\n|-unboost|p1a: Poliwrath|def|1\n|-unboost|p1a: Poliwrath|spd|1\n|faint|p2a: Empoleon\n|-damage|p1a: Poliwrath|254/302|[from] item: Life Orb\n|\n|-weather|RainDance|[upkeep]\n|upkeep\n|\n|t:|1781429680\n|switch|p2a: Uxie|Uxie, L83|134/260\n|-damage|p2a: Uxie|102/260|[from] Stealth Rock\n|turn|32\n|\n|t:|1781429684\n|move|p1a: Poliwrath|Knock Off|p2a: Uxie\n|-supereffective|p2a: Uxie\n|-damage|p2a: Uxie|0 fnt\n|-enditem|p2a: Uxie|Leftovers|[from] move: Knock Off|[of] p1a: Poliwrath\n|faint|p2a: Uxie\n|-damage|p1a: Poliwrath|224/302|[from] item: Life Orb\n|\n|-weather|RainDance|[upkeep]\n|upkeep\n|\n|t:|1781429687\n|switch|p2a: Gumshoos|Gumshoos, L95, M|143/321\n|-damage|p2a: Gumshoos|103/321|[from] Stealth Rock\n|turn|33\n|\n|t:|1781429690\n|-terastallize|p2a: Gumshoos|Ground\n|move|p1a: Poliwrath|Close Combat|p2a: Gumshoos\n|-damage|p2a: Gumshoos|0 fnt\n|-unboost|p1a: Poliwrath|def|1\n|-unboost|p1a: Poliwrath|spd|1\n|faint|p2a: Gumshoos\n|-damage|p1a: Poliwrath|194/302|[from] item: Life Orb\n|\n|win|pixeo\n|raw|pixeo's rating: 1606 &rarr; <strong>1625</strong><br />(+19 for winning)\n|raw|drop 6 nukers's rating: 1588 &rarr; <strong>1569</strong><br />(-19 for losing)\n|l|\u2606drop 6 nukers\n|player|p2|\n|c|\u2606pixeo|gg\n", "inputlog": ">version a8376a258c1d4662feba110a92103f3664a72141\n>start {\"formatid\":\"gen9randombattle\",\"seed\":\"sodium,63397c49ed05c20fb3c515f41effcd71\",\"rated\":\"Rated battle\"}\n>player p1 {\"name\":\"pixeo\",\"avatar\":\"2\",\"rating\":1606,\"seed\":\"sodium,60724d743106410f5e06a5984a2d51e9\"}\n>player p2 {\"name\":\"drop 6 nukers\",\"avatar\":\"unknown\",\"rating\":1571,\"seed\":\"sodium,d7718a34003089672e1c5d43b011e85a\"}\n>p1 switch 5\n>p2 move curse\n>p1 move willowisp\n>p2 move stoneedge\n>p1 move calmmind\n>p2 switch 5\n>p1 switch 4\n>p2 move thunderwave\n>p1 move superpower\n>p2 move uturn\n>p2 switch 3\n>p1 move rest\n>p2 move uturn\n>p2 switch 3\n>p1 switch 5\n>p1 move knockoff\n>p2 move uturn\n>p2 switch 6\n>p1 switch 2\n>p2 move roost\n>p1 move curse\n>p2 switch 2\n>p1 move gunkshot\n>p2 move dragontail\n>p1 move stealthrock\n>p2 move dragontail\n>p1 move gunkshot\n>p2 move recover\n>p1 move curse\n>p2 move dragontail\n>p1 move drainingkiss\n>p2 switch 4\n>p1 move calmmind\n>p2 move sunnyday\n>p1 move calmmind\n>p2 move solarbeam\n>p1 move drainingkiss terastallize\n>p2 move solarbeam\n>p1 switch 2\n>p1 switch 3\n>p2 move weatherball\n>p1 switch 3\n>p2 move earthpower\n>p1 move uturn\n>p2 move earthpower\n>p1 switch 6\n>p2 switch 6\n>p1 switch 3\n>p2 move stealthrock\n>p1 move heavyslam\n>p2 move thunderwave\n>p1 move heavyslam\n>p2 move uturn\n>p2 switch 5\n>p1 move lavaplume\n>p2 move curse\n>p1 move lavaplume\n>p2 move earthquake\n>p1 switch 6\n>p1 move knockoff\n>p2 move earthquake\n>p2 switch 5\n>p1 move knockoff\n>p2 move uturn\n>p2 switch 4\n>p1 move knockoff\n>p2 move gigadrain\n>p2 switch 4\n>p1 move knockoff\n>p2 move psychicnoise\n>p1 switch 3\n>p1 move raindance\n>p2 switch 2\n>p1 move closecombat\n>p2 move roar\n>p2 switch 2\n>p1 move knockoff\n>p2 move psychicnoise\n>p2 switch 3\n>p1 move closecombat\n>p2 move earthquake terastallize", "uploadtime": 1781429704, "views": 13, "formatid": "gen9randombattle", "rating": 1569, "private": 0, "password": null}