{"id": "gen9randombattle-2631635547", "format": "[Gen 9] Random Battle", "players": ["drogga", "Sushi4928"], "log": "|j|\u2606drogga\n|j|\u2606Sushi4928\n|t:|1781412432\n|gametype|singles\n|player|p1|drogga|red|1979\n|player|p2|Sushi4928|266|2041\n|gen|9\n|tier|[Gen 9] Random Battle\n|rated|\n|rule|Species Clause: Limit one of each Pok\u00e9mon\n|rule|HP Percentage Mod: HP is shown in percentages\n|rule|Sleep Clause Mod: Limit one foe put to sleep\n|rule|Illusion Level Mod: Illusion disguises the Pok\u00e9mon's true level\n|\n|t:|1781412432\n|teamsize|p1|6\n|teamsize|p2|6\n|start\n|switch|p1a: Chansey|Chansey, L85, F|564/564\n|switch|p2a: Tatsugiri|Tatsugiri, L87, F|260/260\n|turn|1\n|inactive|Battle timer is ON: inactive players will automatically lose when time's up. (requested by Sushi4928)\n|inactive|drogga also wants the timer to be on.\n|inactive|drogga has 120 seconds left.\n|\n|t:|1781412474\n|switch|p2a: Grimmsnarl|Grimmsnarl, L83, M|293/293\n|move|p1a: Chansey|Thunder Wave|p2a: Grimmsnarl\n|-status|p2a: Grimmsnarl|par\n|\n|upkeep\n|turn|2\n|\n|t:|1781412487\n|move|p2a: Grimmsnarl|Parting Shot|p1a: Chansey\n|-unboost|p1a: Chansey|atk|1\n|-unboost|p1a: Chansey|spa|1\n|\n|t:|1781412490\n|switch|p2a: Barraskewda|Barraskewda, L81, M|231/231|[from] Parting Shot\n|move|p1a: Chansey|Stealth Rock|p2a: Barraskewda\n|-sidestart|p2: Sushi4928|move: Stealth Rock\n|\n|upkeep\n|turn|3\n|l|\u2606Sushi4928\n|inactive|Sushi4928 disconnected and has a minute to reconnect!\n|player|p2|\n|inactive|Sushi4928 has 30 seconds to reconnect!\n|inactive|Sushi4928 has 20 seconds to reconnect!\n|j|\u2606Sushi4928\n|inactive|Sushi4928 reconnected and has 100 seconds left.\n|player|p2|Sushi4928|266|\n|\n|t:|1781412544\n|move|p2a: Barraskewda|Flip Turn|p1a: Chansey\n|-damage|p1a: Chansey|312/564\n|\n|t:|1781412545\n|switch|p2a: Grimmsnarl|Grimmsnarl, L83, M|293/293 par|[from] Flip Turn\n|-damage|p2a: Grimmsnarl|257/293 par|[from] Stealth Rock\n|move|p1a: Chansey|Thunder Wave|p2a: Grimmsnarl\n|-fail|p2a: Grimmsnarl|par\n|\n|-heal|p2a: Grimmsnarl|275/293 par|[from] item: Leftovers\n|upkeep\n|turn|4\n|\n|t:|1781412554\n|move|p2a: Grimmsnarl|Taunt|p1a: Chansey\n|-start|p1a: Chansey|move: Taunt\n|cant|p1a: Chansey|move: Taunt|Soft-Boiled\n|\n|-heal|p2a: Grimmsnarl|293/293 par|[from] item: Leftovers\n|upkeep\n|turn|5\n|\n|t:|1781412565\n|switch|p1a: Eelektross|Eelektross, L87, F|290/290\n|move|p2a: Grimmsnarl|Parting Shot|p1a: Eelektross\n|-unboost|p1a: Eelektross|atk|1\n|-unboost|p1a: Eelektross|spa|1\n|\n|t:|1781412569\n|switch|p2a: Tatsugiri|Tatsugiri, L87, F|260/260|[from] Parting Shot\n|\n|upkeep\n|turn|6\n|\n|t:|1781412579\n|move|p2a: Tatsugiri|Rapid Spin|p1a: Eelektross\n|-damage|p1a: Eelektross|264/290\n|-boost|p2a: Tatsugiri|spe|1\n|-sideend|p2: Sushi4928|Stealth Rock|[from] move: Rapid Spin|[of] p2a: Tatsugiri\n|move|p1a: Eelektross|Coil|p1a: Eelektross\n|-boost|p1a: Eelektross|atk|1\n|-boost|p1a: Eelektross|def|1\n|-boost|p1a: Eelektross|accuracy|1\n|\n|-heal|p1a: Eelektross|282/290|[from] item: Leftovers\n|upkeep\n|turn|7\n|\n|t:|1781412586\n|move|p2a: Tatsugiri|Surf|p1a: Eelektross\n|-damage|p1a: Eelektross|153/290\n|move|p1a: Eelektross|Supercell Slam|p2a: Tatsugiri\n|-damage|p2a: Tatsugiri|107/260\n|\n|-heal|p1a: Eelektross|171/290|[from] item: Leftovers\n|upkeep\n|turn|8\n|\n|t:|1781412601\n|move|p2a: Tatsugiri|Draco Meteor|p1a: Eelektross\n|-damage|p1a: Eelektross|6/290\n|-unboost|p2a: Tatsugiri|spa|2\n|move|p1a: Eelektross|Supercell Slam|p2a: Tatsugiri\n|-damage|p2a: Tatsugiri|0 fnt\n|faint|p2a: Tatsugiri\n|\n|-heal|p1a: Eelektross|24/290|[from] item: Leftovers\n|upkeep\n|\n|t:|1781412611\n|switch|p2a: Barraskewda|Barraskewda, L81, M|231/231\n|turn|9\n|\n|t:|1781412615\n|move|p2a: Barraskewda|Flip Turn|p1a: Eelektross\n|-damage|p1a: Eelektross|0 fnt\n|faint|p1a: Eelektross\n|\n|t:|1781412617\n|switch|p2a: Grimmsnarl|Grimmsnarl, L83, M|293/293 par|[from] Flip Turn\n|\n|upkeep\n|\n|t:|1781412641\n|switch|p1a: Politoed|Politoed, L88, F|302/302\n|-weather|RainDance|[from] ability: Drizzle|[of] p1a: Politoed\n|turn|10\n|\n|t:|1781412660\n|cant|p2a: Grimmsnarl|par\n|move|p1a: Politoed|Hydro Pump|p2a: Grimmsnarl\n|-damage|p2a: Grimmsnarl|98/293 par\n|\n|-weather|RainDance|[upkeep]\n|-heal|p2a: Grimmsnarl|116/293 par|[from] item: Leftovers\n|upkeep\n|turn|11\n|\n|t:|1781412665\n|move|p2a: Grimmsnarl|Parting Shot|p1a: Politoed\n|-unboost|p1a: Politoed|atk|1\n|-unboost|p1a: Politoed|spa|1\n|\n|t:|1781412670\n|switch|p2a: Sawsbuck|Sawsbuck-Winter, L88, F|284/284|[from] Parting Shot\n|move|p1a: Politoed|Hydro Pump|p2a: Sawsbuck\n|-resisted|p2a: Sawsbuck\n|-damage|p2a: Sawsbuck|216/284\n|\n|-weather|RainDance|[upkeep]\n|upkeep\n|turn|12\n|\n|t:|1781412685\n|switch|p1a: Kilowattrel|Kilowattrel, L83, M|252/252\n|move|p2a: Sawsbuck|Swords Dance|p2a: Sawsbuck\n|-boost|p2a: Sawsbuck|atk|2\n|\n|-weather|RainDance|[upkeep]\n|upkeep\n|turn|13\n|inactive|drogga has 120 seconds left.\n|\n|t:|1781412721\n|switch|p2a: Barraskewda|Barraskewda, L81, M|231/231\n|move|p1a: Kilowattrel|U-turn|p2a: Barraskewda\n|-damage|p2a: Barraskewda|178/231\n|\n|t:|1781412727\n|switch|p1a: Politoed|Politoed, L88, F|302/302|[from] U-turn\n|\n|-weather|RainDance|[upkeep]\n|upkeep\n|turn|14\n|\n|t:|1781412732\n|move|p2a: Barraskewda|Flip Turn|p1a: Politoed\n|-resisted|p1a: Politoed\n|-damage|p1a: Politoed|221/302\n|\n|t:|1781412734\n|switch|p2a: Sawsbuck|Sawsbuck-Winter, L88, F|216/284|[from] Flip Turn\n|move|p1a: Politoed|Hydro Pump|p2a: Sawsbuck\n|-resisted|p2a: Sawsbuck\n|-damage|p2a: Sawsbuck|108/284\n|\n|-weather|none\n|upkeep\n|turn|15\n|\n|t:|1781412740\n|switch|p1a: Kilowattrel|Kilowattrel, L83, M|252/252\n|move|p2a: Sawsbuck|Headbutt|p1a: Kilowattrel\n|-damage|p1a: Kilowattrel|103/252\n|-damage|p2a: Sawsbuck|80/284|[from] item: Life Orb\n|\n|upkeep\n|turn|16\n|\n|t:|1781412753\n|move|p1a: Kilowattrel|U-turn|p2a: Sawsbuck\n|-supereffective|p2a: Sawsbuck\n|-damage|p2a: Sawsbuck|0 fnt\n|faint|p2a: Sawsbuck\n|inactive|drogga has 120 seconds left.\n|\n|t:|1781412776\n|switch|p1a: Chansey|Chansey, L85, F|312/564|[from] U-turn\n|\n|upkeep\n|\n|t:|1781412778\n|switch|p2a: Barraskewda|Barraskewda, L81, M|178/231\n|turn|17\n|\n|t:|1781412790\n|move|p2a: Barraskewda|Waterfall|p1a: Chansey\n|-damage|p1a: Chansey|6/564\n|cant|p1a: Chansey|flinch\n|\n|upkeep\n|turn|18\n|c|\u2606drogga|Hahahahahahaahahahahaha\n|\n|t:|1781412803\n|move|p2a: Barraskewda|Waterfall|p1a: Chansey\n|-damage|p1a: Chansey|0 fnt\n|faint|p1a: Chansey\n|\n|upkeep\n|inactive|drogga has 120 seconds left.\n|\n|t:|1781412814\n|switch|p1a: Grimmsnarl|Grimmsnarl, L83, M|293/293\n|turn|19\n|\n|t:|1781412821\n|switch|p2a: Grimmsnarl|Grimmsnarl, L83, M|116/293 par\n|move|p1a: Grimmsnarl|Spirit Break|p2a: Grimmsnarl\n|-supereffective|p2a: Grimmsnarl\n|-damage|p2a: Grimmsnarl|0 fnt\n|faint|p2a: Grimmsnarl\n|\n|upkeep\n|\n|t:|1781412824\n|switch|p2a: Charizard|Charizard, L85, F|271/271\n|turn|20\n|\n|t:|1781412831\n|move|p1a: Grimmsnarl|Taunt|p2a: Charizard\n|-start|p2a: Charizard|move: Taunt\n|move|p2a: Charizard|Hurricane|p1a: Grimmsnarl|[miss]\n|-miss|p2a: Charizard|p1a: Grimmsnarl\n|\n|upkeep\n|turn|21\n|\n|t:|1781412841\n|move|p1a: Grimmsnarl|Parting Shot|p2a: Charizard\n|-unboost|p2a: Charizard|atk|1\n|-unboost|p2a: Charizard|spa|1\n|\n|t:|1781412842\n|switch|p1a: Politoed|Politoed, L88, F|221/302|[from] Parting Shot\n|-weather|RainDance|[from] ability: Drizzle|[of] p1a: Politoed\n|move|p2a: Charizard|Hurricane|p1a: Politoed\n|-damage|p1a: Politoed|146/302\n|-start|p1a: Politoed|confusion\n|\n|-weather|RainDance|[upkeep]\n|upkeep\n|turn|22\n|\n|t:|1781412851\n|switch|p2a: Barraskewda|Barraskewda, L81, M|178/231\n|-activate|p1a: Politoed|confusion\n|-damage|p1a: Politoed|125/302|[from] confusion\n|\n|-weather|RainDance|[upkeep]\n|upkeep\n|turn|23\n|c|\u2606drogga|Hahahahahahaahahahahaha\n|\n|t:|1781412861\n|move|p2a: Barraskewda|Close Combat|p1a: Politoed\n|-damage|p1a: Politoed|0 fnt\n|-unboost|p2a: Barraskewda|def|1\n|-unboost|p2a: Barraskewda|spd|1\n|faint|p1a: Politoed\n|\n|-weather|RainDance|[upkeep]\n|upkeep\n|\n|t:|1781412881\n|switch|p1a: Kilowattrel|Kilowattrel, L83, M|103/252\n|turn|24\n|\n|t:|1781412887\n|-terastallize|p2a: Barraskewda|Fighting\n|move|p2a: Barraskewda|Close Combat|p1a: Kilowattrel\n|-resisted|p1a: Kilowattrel\n|-damage|p1a: Kilowattrel|0 fnt\n|-unboost|p2a: Barraskewda|def|1\n|-unboost|p2a: Barraskewda|spd|1\n|faint|p1a: Kilowattrel\n|\n|-weather|RainDance|[upkeep]\n|upkeep\n|inactive|drogga has 120 seconds left.\n|\n|t:|1781412916\n|switch|p1a: Grimmsnarl|Grimmsnarl, L83, M|293/293\n|turn|25\n|\n|t:|1781412923\n|switch|p2a: Charizard|Charizard, L85, F|271/271\n|move|p1a: Grimmsnarl|Spirit Break|p2a: Charizard\n|-resisted|p2a: Charizard\n|-damage|p2a: Charizard|225/271\n|-unboost|p2a: Charizard|spa|1\n|\n|-weather|none\n|upkeep\n|turn|26\n|\n|t:|1781412925\n|move|p1a: Grimmsnarl|Taunt|p2a: Charizard\n|-start|p2a: Charizard|move: Taunt\n|cant|p2a: Charizard|move: Taunt|Will-O-Wisp\n|\n|upkeep\n|turn|27\n|\n|t:|1781412938\n|move|p2a: Charizard|Flamethrower|p1a: Grimmsnarl\n|-damage|p1a: Grimmsnarl|214/293\n|move|p1a: Grimmsnarl|Spirit Break|p2a: Charizard\n|-resisted|p2a: Charizard\n|-damage|p2a: Charizard|172/271\n|-unboost|p2a: Charizard|spa|1\n|\n|-heal|p1a: Grimmsnarl|232/293|[from] item: Leftovers\n|upkeep\n|turn|28\n|\n|t:|1781412941\n|move|p2a: Charizard|Flamethrower|p1a: Grimmsnarl\n|-damage|p1a: Grimmsnarl|172/293\n|move|p1a: Grimmsnarl|Spirit Break|p2a: Charizard\n|-resisted|p2a: Charizard\n|-damage|p2a: Charizard|124/271\n|-unboost|p2a: Charizard|spa|1\n|\n|-heal|p1a: Grimmsnarl|190/293|[from] item: Leftovers\n|-end|p2a: Charizard|move: Taunt\n|upkeep\n|turn|29\n|\n|t:|1781412945\n|move|p1a: Grimmsnarl|Taunt|p2a: Charizard\n|-start|p2a: Charizard|move: Taunt\n|move|p2a: Charizard|Flamethrower|p1a: Grimmsnarl\n|-damage|p1a: Grimmsnarl|142/293\n|\n|-heal|p1a: Grimmsnarl|160/293|[from] item: Leftovers\n|upkeep\n|turn|30\n|\n|t:|1781412954\n|move|p2a: Charizard|Earthquake|p1a: Grimmsnarl\n|-damage|p1a: Grimmsnarl|71/293\n|move|p1a: Grimmsnarl|Spirit Break|p2a: Charizard\n|-resisted|p2a: Charizard\n|-damage|p2a: Charizard|70/271\n|-unboost|p2a: Charizard|spa|1\n|\n|-heal|p1a: Grimmsnarl|89/293|[from] item: Leftovers\n|upkeep\n|turn|31\n|\n|t:|1781412958\n|move|p1a: Grimmsnarl|Sucker Punch|p2a: Charizard\n|-damage|p2a: Charizard|0 fnt\n|faint|p2a: Charizard\n|\n|-heal|p1a: Grimmsnarl|107/293|[from] item: Leftovers\n|upkeep\n|\n|t:|1781412960\n|switch|p2a: Barraskewda|Barraskewda, L81, M, tera:Fighting|178/231\n|turn|32\n|\n|t:|1781412970\n|move|p1a: Grimmsnarl|Sucker Punch|p2a: Barraskewda\n|-resisted|p2a: Barraskewda\n|-damage|p2a: Barraskewda|121/231\n|move|p2a: Barraskewda|Close Combat|p1a: Grimmsnarl\n|-damage|p1a: Grimmsnarl|0 fnt\n|-unboost|p2a: Barraskewda|def|1\n|-unboost|p2a: Barraskewda|spd|1\n|faint|p1a: Grimmsnarl\n|\n|upkeep\n|\n|t:|1781412974\n|switch|p1a: Torterra|Torterra, L78, F|276/276\n|turn|33\n|\n|t:|1781412983\n|move|p2a: Barraskewda|Close Combat|p1a: Torterra\n|-damage|p1a: Torterra|80/276\n|-unboost|p2a: Barraskewda|def|1\n|-unboost|p2a: Barraskewda|spd|1\n|move|p1a: Torterra|Bullet Seed|p2a: Barraskewda\n|-damage|p2a: Barraskewda|24/231\n|-damage|p2a: Barraskewda|0 fnt\n|faint|p2a: Barraskewda\n|-hitcount|p2: Barraskewda|2\n|\n|upkeep\n|\n|t:|1781412986\n|switch|p2a: Kyurem|Kyurem, L77|319/319\n|-ability|p2a: Kyurem|Pressure\n|turn|34\n|\n|t:|1781412990\n|-terastallize|p1a: Torterra|Rock\n|move|p2a: Kyurem|Ice Beam|p1a: Torterra\n|-damage|p1a: Torterra|0 fnt\n|faint|p1a: Torterra\n|\n|win|Sushi4928\n|raw|drogga's rating: 1979 &rarr; <strong>1963</strong><br />(-16 for losing)\n|raw|Sushi4928's rating: 2041 &rarr; <strong>2057</strong><br />(+16 for winning)\n", "inputlog": ">version a8376a258c1d4662feba110a92103f3664a72141\n>start {\"formatid\":\"gen9randombattle\",\"seed\":\"sodium,c46b49424f2d3ae1dc5a2efc57baab50\",\"rated\":\"Rated battle\"}\n>player p1 {\"name\":\"drogga\",\"avatar\":\"red\",\"rating\":1979,\"seed\":\"sodium,fcab00e262dd3023dac1502fca51638b\"}\n>player p2 {\"name\":\"Sushi4928\",\"avatar\":\"266\",\"rating\":2041,\"seed\":\"sodium,975c81bc6255172322342c2294a94700\"}\n>p1 move thunderwave\n>p2 switch 6\n>p1 move stealthrock\n>p2 move partingshot\n>p2 switch 3\n>p1 move thunderwave\n>p2 move flipturn\n>p2 switch 3\n>p1 move softboiled\n>p2 move taunt\n>p1 switch 2\n>p2 move partingshot\n>p2 switch 6\n>p1 move coil\n>p2 move rapidspin\n>p1 move supercellslam\n>p2 move surf\n>p1 move supercellslam\n>p2 move dracometeor\n>p2 switch 3\n>p1 move drainpunch\n>p2 move flipturn\n>p2 switch 6\n>p1 switch 3\n>p1 move hydropump\n>p2 move partingshot\n>p1 move hydropump\n>p2 move partingshot\n>p2 switch 5\n>p1 switch 6\n>p2 move swordsdance\n>p1 move uturn\n>p2 switch 6\n>p1 switch 6\n>p1 move hydropump\n>p2 move flipturn\n>p2 switch 6\n>p1 switch 6\n>p2 move headbutt\n>p1 move uturn\n>p2 move hornleech\n>p1 switch 2\n>p2 switch 6\n>p1 move thunderwave\n>p2 move waterfall\n>chat \u2606drogga|Hahahahahahaahahahahaha \n>p1 move thunderwave\n>p2 move waterfall\n>p1 switch 5\n>p1 move spiritbreak\n>p2 switch 5\n>p2 switch 4\n>p1 move taunt\n>p2 move hurricane\n>p1 move partingshot\n>p2 move hurricane\n>p1 switch 6\n>p1 move rest\n>p2 switch 5\n>chat \u2606drogga|Hahahahahahaahahahahaha \n>p1 move rest\n>p2 move closecombat\n>p1 switch 2\n>p1 move thunderbolt\n>p2 move closecombat terastallize\n>p1 switch 6\n>p1 move spiritbreak\n>p2 switch 5\n>p1 move taunt\n>p2 move willowisp\n>p1 move spiritbreak\n>p2 move flamethrower\n>p1 move spiritbreak\n>p2 move flamethrower\n>p1 move taunt\n>p2 move flamethrower\n>p1 move spiritbreak\n>p2 move earthquake\n>p1 move suckerpunch\n>p2 move earthquake\n>p2 switch 5\n>p1 move suckerpunch\n>p2 move closecombat\n>p1 switch 4\n>p1 move bulletseed\n>p2 move closecombat\n>p2 switch 2\n>p1 move shellsmash terastallize\n>p2 move icebeam", "uploadtime": 1781412434, "views": 5, "formatid": "gen9randombattle", "rating": 1963, "private": 0, "password": null}