{"id": "gen9randombattle-2631746510", "format": "[Gen 9] Random Battle", "players": ["thunderstorm2005", "Gin X Tonic"], "log": "|j|\u2606thunderstorm2005\n|j|\u2606Gin X Tonic\n|t:|1781432932\n|gametype|singles\n|player|p1|thunderstorm2005|101|1840\n|player|p2|Gin X Tonic|artist-gen4|1913\n|gen|9\n|tier|[Gen 9] Random Battle\n|rated|\n|rule|Species Clause: Limit one of each Pok\u00e9mon\n|rule|HP Percentage Mod: HP is shown in percentages\n|rule|Sleep Clause Mod: Limit one foe put to sleep\n|rule|Illusion Level Mod: Illusion disguises the Pok\u00e9mon's true level\n|\n|t:|1781432932\n|teamsize|p1|6\n|teamsize|p2|6\n|start\n|switch|p1a: Kleavor|Kleavor, L78, F|237/237\n|switch|p2a: Scream Tail|Scream Tail, L84|330/330\n|turn|1\n|inactive|Battle timer is ON: inactive players will automatically lose when time's up. (requested by Gin X Tonic)\n|\n|t:|1781432954\n|-end|p2a: Scream Tail|Protosynthesis|[silent]\n|switch|p2a: Palossand|Palossand, L89, F|296/296\n|move|p1a: Kleavor|Swords Dance|p1a: Kleavor\n|-boost|p1a: Kleavor|atk|2\n|\n|upkeep\n|turn|2\n|\n|t:|1781432975\n|move|p1a: Kleavor|X-Scissor|p2a: Palossand\n|-resisted|p2a: Palossand\n|-damage|p2a: Palossand|187/296\n|move|p2a: Palossand|Earth Power|p1a: Kleavor\n|-damage|p1a: Kleavor|99/237\n|\n|-heal|p2a: Palossand|205/296|[from] item: Leftovers\n|upkeep\n|turn|3\n|\n|t:|1781432982\n|move|p1a: Kleavor|Stone Axe|p2a: Palossand\n|-resisted|p2a: Palossand\n|-damage|p2a: Palossand|105/296\n|-sidestart|p2: Gin X Tonic|move: Stealth Rock\n|move|p2a: Palossand|Shadow Ball|p1a: Kleavor\n|-damage|p1a: Kleavor|0 fnt\n|faint|p1a: Kleavor\n|\n|-heal|p2a: Palossand|123/296|[from] item: Leftovers\n|upkeep\n|\n|t:|1781432993\n|switch|p1a: Talonflame|Talonflame, L83, F|265/265\n|turn|4\n|\n|t:|1781433009\n|switch|p2a: Avalugg|Avalugg-Hisui, L90, M|317/317\n|move|p1a: Talonflame|Swords Dance|p1a: Talonflame\n|-boost|p1a: Talonflame|atk|2\n|\n|upkeep\n|turn|5\n|\n|t:|1781433021\n|switch|p1a: Gothitelle|Gothitelle, L90, F|272/272\n|move|p2a: Avalugg|Stone Edge|p1a: Gothitelle\n|-damage|p1a: Gothitelle|133/272\n|\n|-heal|p1a: Gothitelle|150/272|[from] item: Leftovers\n|upkeep\n|turn|6\n|\n|t:|1781433029\n|move|p1a: Gothitelle|Psychic Noise|p2a: Avalugg\n|-damage|p2a: Avalugg|169/317\n|-start|p2a: Avalugg|move: Heal Block\n|move|p2a: Avalugg|Avalanche|p1a: Gothitelle\n|-damage|p1a: Gothitelle|0 fnt\n|faint|p1a: Gothitelle\n|\n|upkeep\n|\n|t:|1781433036\n|switch|p1a: Chandelure|Chandelure, L83, M|235/235\n|turn|7\n|\n|t:|1781433062\n|switch|p2a: Palossand|Palossand, L89, F|123/296\n|-damage|p2a: Palossand|105/296|[from] Stealth Rock\n|move|p1a: Chandelure|Energy Ball|p2a: Palossand\n|-supereffective|p2a: Palossand\n|-damage|p2a: Palossand|0 fnt\n|faint|p2a: Palossand\n|\n|upkeep\n|inactive|Gin X Tonic has 120 seconds left.\n|\n|t:|1781433093\n|switch|p2a: Toxtricity|Toxtricity, L82, F|219/219\n|-damage|p2a: Toxtricity|192/219|[from] Stealth Rock\n|turn|8\n|\n|t:|1781433108\n|move|p2a: Toxtricity|Bitter Malice|p1a: Chandelure\n|-supereffective|p1a: Chandelure\n|-damage|p1a: Chandelure|0 fnt\n|faint|p1a: Chandelure\n|\n|upkeep\n|\n|t:|1781433114\n|switch|p1a: Houndstone|Houndstone, L86, M|264/264\n|turn|9\n|\n|t:|1781433120\n|move|p2a: Toxtricity|Bitter Malice|p1a: Houndstone\n|-supereffective|p1a: Houndstone\n|-damage|p1a: Houndstone|24/264\n|-unboost|p1a: Houndstone|atk|1\n|move|p1a: Houndstone|Play Rough|p2a: Toxtricity|[miss]\n|-miss|p1a: Houndstone|p2a: Toxtricity\n|\n|upkeep\n|turn|10\n|-message|thunderstorm2005 forfeited.\n|\n|win|Gin X Tonic\n|raw|thunderstorm2005's rating: 1840 &rarr; <strong>1824</strong><br />(-16 for losing)\n|raw|Gin X Tonic's rating: 1913 &rarr; <strong>1929</strong><br />(+16 for winning)\n", "inputlog": ">version a8376a258c1d4662feba110a92103f3664a72141\n>start {\"formatid\":\"gen9randombattle\",\"seed\":\"sodium,0f58aca5da74e3e9e21612dfaea9dcb0\",\"rated\":\"Rated battle\"}\n>player p1 {\"name\":\"thunderstorm2005\",\"avatar\":\"101\",\"rating\":1840,\"seed\":\"sodium,e1ee2abb9633ebfc4cf5fada53e7dc26\"}\n>player p2 {\"name\":\"Gin X Tonic\",\"avatar\":\"artist-gen4\",\"rating\":1913,\"seed\":\"sodium,0afeab293068dbda9fa719747d237f91\"}\n>p1 move swordsdance\n>p2 switch 2\n>p1 move xscissor\n>p2 move earthpower\n>p1 move stoneaxe\n>p2 move shadowball\n>p1 switch 4\n>p1 move swordsdance\n>p2 switch 4\n>p1 switch 5\n>p2 move stoneedge\n>p1 move psychicnoise\n>p2 move avalanche\n>p1 switch 6\n>p1 move energyball\n>p2 switch 4\n>p2 switch 5\n>p1 move calmmind\n>p2 move bittermalice\n>p1 switch 2\n>p1 move playrough\n>p2 move bittermalice\n>forcelose p1", "uploadtime": 1781433124, "views": 8, "formatid": "gen9randombattle", "rating": 1824, "private": 0, "password": null}