{"id": "gen9randombattle-2631864259", "format": "[Gen 9] Random Battle", "players": ["bimiuchiratnhieu", "renner-renner"], "log": "|j|\u2606bimiuchiratnhieu\n|j|\u2606renner-renner\n|t:|1781449603\n|gametype|singles\n|player|p1|bimiuchiratnhieu|hilda|1972\n|player|p2|renner-renner|102|1967\n|gen|9\n|tier|[Gen 9] Random Battle\n|rated|\n|rule|Species Clause: Limit one of each Pok\u00e9mon\n|rule|HP Percentage Mod: HP is shown in percentages\n|rule|Sleep Clause Mod: Limit one foe put to sleep\n|rule|Illusion Level Mod: Illusion disguises the Pok\u00e9mon's true level\n|\n|t:|1781449603\n|teamsize|p1|6\n|teamsize|p2|6\n|start\n|switch|p1a: Medicham|Medicham, L86, F|243/243\n|switch|p2a: Drednaw|Drednaw, L81, F|278/278\n|turn|1\n|inactive|Battle timer is ON: inactive players will automatically lose when time's up. (requested by bimiuchiratnhieu)\n|\n|t:|1781449619\n|switch|p2a: Scream Tail|Scream Tail, L84|330/330\n|move|p1a: Medicham|Close Combat|p2a: Scream Tail\n|-resisted|p2a: Scream Tail\n|-damage|p2a: Scream Tail|271/330\n|-unboost|p1a: Medicham|def|1\n|-unboost|p1a: Medicham|spd|1\n|\n|-heal|p2a: Scream Tail|291/330|[from] item: Leftovers\n|upkeep\n|turn|2\n|\n|t:|1781449638\n|switch|p1a: Torkoal|Torkoal, L88, F|266/266\n|-weather|SunnyDay|[from] ability: Drought|[of] p1a: Torkoal\n|-activate|p2a: Scream Tail|ability: Protosynthesis\n|-start|p2a: Scream Tail|protosynthesisspd\n|move|p2a: Scream Tail|Thunder Wave|p1a: Torkoal\n|-status|p1a: Torkoal|par\n|\n|-weather|SunnyDay|[upkeep]\n|-heal|p2a: Scream Tail|311/330|[from] item: Leftovers\n|upkeep\n|turn|3\n|inactive|renner-renner has 120 seconds left.\n|\n|t:|1781449676\n|move|p2a: Scream Tail|Wish|p2a: Scream Tail\n|move|p1a: Torkoal|Yawn|p2a: Scream Tail\n|-start|p2a: Scream Tail|move: Yawn|[of] p1a: Torkoal\n|\n|-weather|SunnyDay|[upkeep]\n|-heal|p2a: Scream Tail|330/330|[from] item: Leftovers\n|upkeep\n|turn|4\n|inactive|renner-renner has 120 seconds left.\n|\n|t:|1781449698\n|-end|p2a: Scream Tail|Protosynthesis|[silent]\n|switch|p2a: Staraptor|Staraptor, L79, F|263/263\n|cant|p1a: Torkoal|par\n|\n|-weather|SunnyDay|[upkeep]\n|upkeep\n|turn|5\n|\n|t:|1781449706\n|move|p2a: Staraptor|U-turn|p1a: Torkoal\n|-resisted|p1a: Torkoal\n|-damage|p1a: Torkoal|249/266 par\n|\n|t:|1781449709\n|switch|p2a: Scream Tail|Scream Tail, L84|330/330|[from] U-turn\n|-activate|p2a: Scream Tail|ability: Protosynthesis\n|-start|p2a: Scream Tail|protosynthesisspd\n|cant|p1a: Torkoal|par\n|\n|-weather|SunnyDay|[upkeep]\n|upkeep\n|turn|6\n|inactive|renner-renner has 120 seconds left.\n|\n|t:|1781449726\n|move|p2a: Scream Tail|Wish|p2a: Scream Tail\n|move|p1a: Torkoal|Lava Plume|p2a: Scream Tail\n|-damage|p2a: Scream Tail|246/330\n|\n|-weather|none\n|-end|p2a: Scream Tail|Protosynthesis\n|-heal|p2a: Scream Tail|266/330|[from] item: Leftovers\n|upkeep\n|turn|7\n|inactive|renner-renner has 120 seconds left.\n|\n|t:|1781449745\n|-end|p2a: Scream Tail|Protosynthesis|[silent]\n|switch|p2a: Drednaw|Drednaw, L81, F|278/278\n|switch|p1a: Girafarig|Girafarig, L89, F|269/269\n|\n|upkeep\n|turn|8\n|inactive|renner-renner has 120 seconds left.\n|\n|t:|1781449762\n|switch|p2a: Meowstic|Meowstic, L89, M|277/277\n|move|p1a: Girafarig|Thunderbolt|p2a: Meowstic\n|-damage|p2a: Meowstic|210/277\n|\n|-heal|p2a: Meowstic|227/277|[from] item: Leftovers\n|upkeep\n|turn|9\n|inactive|renner-renner has 120 seconds left.\n|\n|t:|1781449773\n|move|p2a: Meowstic|Yawn|p1a: Girafarig\n|-start|p1a: Girafarig|move: Yawn|[of] p2a: Meowstic\n|move|p1a: Girafarig|Nasty Plot|p1a: Girafarig\n|-boost|p1a: Girafarig|spa|2\n|\n|-heal|p2a: Meowstic|244/277|[from] item: Leftovers\n|upkeep\n|turn|10\n|inactive|renner-renner has 120 seconds left.\n|\n|t:|1781449796\n|switch|p2a: Scream Tail|Scream Tail, L84|266/330\n|move|p1a: Girafarig|Hyper Voice|p2a: Scream Tail\n|-damage|p2a: Scream Tail|116/330\n|\n|-heal|p2a: Scream Tail|136/330|[from] item: Leftovers\n|-end|p1a: Girafarig|move: Yawn|[silent]\n|-status|p1a: Girafarig|slp\n|upkeep\n|turn|11\n|\n|t:|1781449804\n|move|p2a: Scream Tail|Wish|p2a: Scream Tail\n|cant|p1a: Girafarig|slp\n|\n|-heal|p2a: Scream Tail|156/330|[from] item: Leftovers\n|upkeep\n|turn|12\n|\n|t:|1781449813\n|-end|p2a: Scream Tail|Protosynthesis|[silent]\n|switch|p2a: Vivillon|Vivillon-Sandstorm, L83, M|268/268\n|cant|p1a: Girafarig|slp\n|\n|upkeep\n|turn|13\n|inactive|renner-renner has 120 seconds left.\n|\n|t:|1781449839\n|cant|p1a: Girafarig|slp\n|move|p2a: Vivillon|Quiver Dance|p2a: Vivillon\n|-boost|p2a: Vivillon|spa|1\n|-boost|p2a: Vivillon|spd|1\n|-boost|p2a: Vivillon|spe|1\n|\n|upkeep\n|turn|14\n|inactive|renner-renner has 120 seconds left.\n|\n|t:|1781449846\n|move|p2a: Vivillon|Quiver Dance|p2a: Vivillon\n|-boost|p2a: Vivillon|spa|1\n|-boost|p2a: Vivillon|spd|1\n|-boost|p2a: Vivillon|spe|1\n|-curestatus|p1a: Girafarig|slp|[msg]\n|move|p1a: Girafarig|Psyshock|p2a: Vivillon\n|-damage|p2a: Vivillon|7/268\n|\n|upkeep\n|turn|15\n|inactive|renner-renner has 120 seconds left.\n|\n|t:|1781449857\n|move|p2a: Vivillon|Bug Buzz|p1a: Girafarig\n|-supereffective|p1a: Girafarig\n|-damage|p1a: Girafarig|0 fnt\n|faint|p1a: Girafarig\n|\n|upkeep\n|\n|t:|1781449862\n|switch|p1a: Medicham|Medicham, L86, F|243/243\n|turn|16\n|\n|t:|1781449868\n|move|p1a: Medicham|Bullet Punch|p2a: Vivillon\n|-damage|p2a: Vivillon|0 fnt\n|faint|p2a: Vivillon\n|\n|upkeep\n|\n|t:|1781449874\n|switch|p2a: Drednaw|Drednaw, L81, F|278/278\n|turn|17\n|\n|t:|1781449890\n|switch|p1a: Torkoal|Torkoal, L88, F|249/266 par\n|-weather|SunnyDay|[from] ability: Drought|[of] p1a: Torkoal\n|move|p2a: Drednaw|Shell Smash|p2a: Drednaw\n|-unboost|p2a: Drednaw|def|1\n|-unboost|p2a: Drednaw|spd|1\n|-boost|p2a: Drednaw|atk|2\n|-boost|p2a: Drednaw|spa|2\n|-boost|p2a: Drednaw|spe|2\n|-enditem|p2a: Drednaw|White Herb\n|-clearnegativeboost|p2a: Drednaw|[silent]\n|\n|-weather|SunnyDay|[upkeep]\n|upkeep\n|turn|18\n|\n|t:|1781449901\n|move|p2a: Drednaw|Stone Edge|p1a: Torkoal|[miss]\n|-miss|p2a: Drednaw|p1a: Torkoal\n|move|p1a: Torkoal|Yawn|p2a: Drednaw\n|-start|p2a: Drednaw|move: Yawn|[of] p1a: Torkoal\n|\n|-weather|SunnyDay|[upkeep]\n|upkeep\n|turn|19\n|\n|t:|1781449913\n|move|p2a: Drednaw|Stone Edge|p1a: Torkoal\n|-supereffective|p1a: Torkoal\n|-damage|p1a: Torkoal|0 fnt\n|faint|p1a: Torkoal\n|\n|-weather|SunnyDay|[upkeep]\n|-end|p2a: Drednaw|move: Yawn|[silent]\n|-status|p2a: Drednaw|slp\n|upkeep\n|\n|t:|1781449920\n|switch|p1a: Victreebel|Victreebel, L90, F|290/290\n|turn|20\n|inactive|renner-renner has 120 seconds left.\n|\n|t:|1781449951\n|switch|p2a: Meowstic|Meowstic, L89, M|244/277\n|move|p1a: Victreebel|Power Whip|p2a: Meowstic\n|-damage|p2a: Meowstic|32/277\n|-damage|p1a: Victreebel|261/290|[from] item: Life Orb\n|\n|-weather|SunnyDay|[upkeep]\n|-heal|p2a: Meowstic|49/277|[from] item: Leftovers\n|upkeep\n|turn|21\n|\n|t:|1781449961\n|move|p2a: Meowstic|Thunder Wave|p1a: Victreebel\n|-status|p1a: Victreebel|par\n|move|p1a: Victreebel|Sludge Wave|p2a: Meowstic\n|-damage|p2a: Meowstic|0 fnt\n|faint|p2a: Meowstic\n|-damage|p1a: Victreebel|232/290 par|[from] item: Life Orb\n|\n|-weather|none\n|upkeep\n|inactive|renner-renner has 120 seconds left.\n|\n|t:|1781449988\n|switch|p2a: Staraptor|Staraptor, L79, F|263/263\n|turn|22\n|\n|t:|1781449994\n|move|p2a: Staraptor|Brave Bird|p1a: Victreebel\n|-supereffective|p1a: Victreebel\n|-damage|p1a: Victreebel|0 fnt\n|faint|p1a: Victreebel\n|-damage|p2a: Staraptor|186/263|[from] Recoil\n|\n|upkeep\n|\n|t:|1781450004\n|switch|p1a: Arceus|Arceus-Ice, L72|291/291\n|turn|23\n|inactive|renner-renner has 120 seconds left.\n|inactive|renner-renner has 90 seconds left.\n|inactive|renner-renner has 60 seconds left.\n|inactive|renner-renner has 30 seconds left.\n|\n|t:|1781450110\n|switch|p2a: Scream Tail|Scream Tail, L84|156/330\n|move|p1a: Arceus|Judgment|p2a: Scream Tail\n|-damage|p2a: Scream Tail|59/330\n|\n|-heal|p2a: Scream Tail|79/330|[from] item: Leftovers\n|upkeep\n|turn|24\n|inactive|renner-renner has 30 seconds left.\n|\n|t:|1781450136\n|move|p2a: Scream Tail|Protect|p2a: Scream Tail\n|-singleturn|p2a: Scream Tail|Protect\n|move|p1a: Arceus|Judgment|p2a: Scream Tail\n|-activate|p2a: Scream Tail|move: Protect\n|\n|-heal|p2a: Scream Tail|99/330|[from] item: Leftovers\n|upkeep\n|turn|25\n|inactive|renner-renner has 30 seconds left.\n|\n|t:|1781450143\n|move|p2a: Scream Tail|Wish|p2a: Scream Tail\n|move|p1a: Arceus|Judgment|p2a: Scream Tail\n|-damage|p2a: Scream Tail|2/330\n|\n|-heal|p2a: Scream Tail|22/330|[from] item: Leftovers\n|upkeep\n|turn|26\n|\n|t:|1781450165\n|switch|p1a: Eternatus|Eternatus, L69|308/308\n|-ability|p1a: Eternatus|Pressure\n|move|p2a: Scream Tail|Protect||[still]\n|-fail|p2a: Scream Tail\n|\n|-heal|p2a: Scream Tail|187/330|[from] move: Wish|[wisher] Scream Tail\n|-heal|p2a: Scream Tail|207/330|[from] item: Leftovers\n|upkeep\n|turn|27\n|inactive|renner-renner has 30 seconds left.\n|\n|t:|1781450184\n|-end|p2a: Scream Tail|Protosynthesis|[silent]\n|switch|p2a: Drednaw|Drednaw, L81, F|278/278 slp\n|move|p1a: Eternatus|Meteor Beam||[still]\n|-prepare|p1a: Eternatus|Meteor Beam\n|-boost|p1a: Eternatus|spa|1\n|-enditem|p1a: Eternatus|Power Herb\n|-anim|p1a: Eternatus|Meteor Beam|p2a: Drednaw\n|-damage|p2a: Drednaw|124/278 slp\n|\n|upkeep\n|turn|28\n|\n|t:|1781450192\n|move|p1a: Eternatus|Meteor Beam||[still]\n|-prepare|p1a: Eternatus|Meteor Beam\n|-boost|p1a: Eternatus|spa|1\n|cant|p2a: Drednaw|slp\n|\n|upkeep\n|turn|29\n|\n|t:|1781450199\n|move|p1a: Eternatus|Meteor Beam|p2a: Drednaw|[from] lockedmove\n|-damage|p2a: Drednaw|0 fnt\n|faint|p2a: Drednaw\n|\n|upkeep\n|\n|t:|1781450208\n|switch|p2a: Scream Tail|Scream Tail, L84|207/330\n|turn|30\n|\n|t:|1781450228\n|-terastallize|p2a: Scream Tail|Poison\n|move|p2a: Scream Tail|Thunder Wave|p1a: Eternatus\n|-status|p1a: Eternatus|par\n|move|p1a: Eternatus|Fire Blast|p2a: Scream Tail\n|-damage|p2a: Scream Tail|85/330\n|\n|-heal|p2a: Scream Tail|105/330|[from] item: Leftovers\n|upkeep\n|turn|31\n|inactive|renner-renner has 30 seconds left.\n|\n|t:|1781450245\n|move|p2a: Scream Tail|Play Rough|p1a: Eternatus\n|-damage|p1a: Eternatus|223/308 par\n|move|p1a: Eternatus|Meteor Beam||[still]\n|-prepare|p1a: Eternatus|Meteor Beam\n|-boost|p1a: Eternatus|spa|1\n|\n|-heal|p2a: Scream Tail|125/330|[from] item: Leftovers\n|upkeep\n|turn|32\n|\n|t:|1781450254\n|move|p2a: Scream Tail|Play Rough|p1a: Eternatus|[miss]\n|-miss|p2a: Scream Tail|p1a: Eternatus\n|cant|p1a: Eternatus|par\n|\n|-heal|p2a: Scream Tail|145/330|[from] item: Leftovers\n|upkeep\n|turn|33\n|\n|t:|1781450261\n|move|p2a: Scream Tail|Play Rough|p1a: Eternatus|[miss]\n|-miss|p2a: Scream Tail|p1a: Eternatus\n|move|p1a: Eternatus|Dynamax Cannon|p2a: Scream Tail\n|-damage|p2a: Scream Tail|0 fnt\n|faint|p2a: Scream Tail\n|-end|p2a: Scream Tail|Protosynthesis|[silent]\n|\n|upkeep\n|inactive|renner-renner has 30 seconds left.\n|\n|t:|1781450281\n|switch|p2a: Ogerpon|Ogerpon-Cornerstone, L76, F|247/247\n|turn|34\n|inactive|renner-renner has 30 seconds left.\n|\n|t:|1781450302\n|move|p2a: Ogerpon|Ivy Cudgel|p1a: Eternatus|[anim] Ivy Cudgel Rock\n|-damage|p1a: Eternatus|84/308 par\n|move|p1a: Eternatus|Dynamax Cannon|p2a: Ogerpon\n|-ability|p2a: Ogerpon|Sturdy\n|-damage|p2a: Ogerpon|1/247\n|\n|upkeep\n|turn|35\n|inactive|renner-renner has 30 seconds left.\n|\n|t:|1781450310\n|move|p2a: Ogerpon|Ivy Cudgel|p1a: Eternatus|[anim] Ivy Cudgel Rock\n|-damage|p1a: Eternatus|0 fnt\n|faint|p1a: Eternatus\n|\n|upkeep\n|\n|t:|1781450333\n|switch|p1a: Arceus|Arceus-Ice, L72|291/291\n|turn|36\n|inactive|renner-renner has 30 seconds left.\n|\n|t:|1781450350\n|move|p1a: Arceus|Judgment|p2a: Ogerpon\n|-supereffective|p2a: Ogerpon\n|-damage|p2a: Ogerpon|0 fnt\n|faint|p2a: Ogerpon\n|\n|upkeep\n|\n|t:|1781450355\n|switch|p2a: Staraptor|Staraptor, L79, F|186/263\n|turn|37\n|\n|t:|1781450361\n|move|p2a: Staraptor|Brave Bird|p1a: Arceus\n|-damage|p1a: Arceus|149/291\n|-damage|p2a: Staraptor|139/263|[from] Recoil\n|move|p1a: Arceus|Judgment|p2a: Staraptor\n|-supereffective|p2a: Staraptor\n|-damage|p2a: Staraptor|0 fnt\n|faint|p2a: Staraptor\n|\n|win|bimiuchiratnhieu\n", "uploadtime": 1781449606, "views": 3, "formatid": "gen9randombattle", "rating": null, "private": 0, "password": null}