{"id": "gen9randombattle-2631925433", "format": "[Gen 9] Random Battle", "players": ["DEVILICEMIN", "ZannaBianca99"], "log": "|j|\u2606DEVILICEMIN\n|j|\u2606ZannaBianca99\n|t:|1781456291\n|gametype|singles\n|player|p1|DEVILICEMIN|265|2068\n|player|p2|ZannaBianca99|102|2007\n|gen|9\n|tier|[Gen 9] Random Battle\n|rated|\n|rule|Species Clause: Limit one of each Pok\u00e9mon\n|rule|HP Percentage Mod: HP is shown in percentages\n|rule|Sleep Clause Mod: Limit one foe put to sleep\n|rule|Illusion Level Mod: Illusion disguises the Pok\u00e9mon's true level\n|\n|t:|1781456291\n|teamsize|p1|6\n|teamsize|p2|6\n|start\n|switch|p1a: Rayquaza|Rayquaza, L72|270/270\n|switch|p2a: Alcremie|Alcremie-Rainbow-Swirl, L90, F|263/263\n|-ability|p1a: Rayquaza|Air Lock\n|turn|1\n|\n|t:|1781456304\n|switch|p1a: Sandslash|Sandslash-Alola, L88, M|275/275\n|switch|p2a: Qwilfish|Qwilfish-Hisui, L83, F|244/244\n|-ability|p2a: Qwilfish|Intimidate|boost\n|-unboost|p1a: Sandslash|atk|1\n|\n|upkeep\n|turn|2\n|\n|t:|1781456323\n|switch|p2a: Mismagius|Mismagius, L86, M|243/243\n|move|p1a: Sandslash|Spikes|p2a: Mismagius\n|-sidestart|p2: ZannaBianca99|Spikes\n|\n|upkeep\n|turn|3\n|\n|t:|1781456332\n|switch|p1a: Inteleon|Inteleon, L81, M|246/246\n|move|p2a: Mismagius|Nasty Plot|p2a: Mismagius\n|-boost|p2a: Mismagius|spa|2\n|\n|upkeep\n|turn|4\n|\n|t:|1781456336\n|move|p1a: Inteleon|Scald|p2a: Mismagius\n|-damage|p2a: Mismagius|108/243\n|move|p2a: Mismagius|Thunderbolt|p1a: Inteleon\n|-supereffective|p1a: Inteleon\n|-damage|p1a: Inteleon|0 fnt\n|faint|p1a: Inteleon\n|-damage|p2a: Mismagius|84/243|[from] item: Life Orb\n|\n|upkeep\n|\n|t:|1781456351\n|switch|p1a: Skeledirge|Skeledirge, L79, M|294/294\n|turn|5\n|\n|t:|1781456357\n|-terastallize|p1a: Skeledirge|Water\n|move|p2a: Mismagius|Shadow Ball|p1a: Skeledirge\n|-damage|p1a: Skeledirge|154/294\n|-unboost|p1a: Skeledirge|spd|1\n|-damage|p2a: Mismagius|60/243|[from] item: Life Orb\n|move|p1a: Skeledirge|Flame Charge|p2a: Mismagius\n|-damage|p2a: Mismagius|6/243\n|-boost|p1a: Skeledirge|spe|1\n|\n|upkeep\n|turn|6\n|\n|t:|1781456371\n|switch|p1a: Decidueye|Decidueye, L88, F|281/281\n|move|p2a: Mismagius|Thunderbolt|p1a: Decidueye\n|-resisted|p1a: Decidueye\n|-damage|p1a: Decidueye|200/281\n|-damage|p2a: Mismagius|0 fnt|[from] item: Life Orb\n|faint|p2a: Mismagius\n|\n|upkeep\n|\n|t:|1781456380\n|switch|p2a: Articuno|Articuno, L86|295/295\n|-ability|p2a: Articuno|Pressure\n|turn|7\n|\n|t:|1781456386\n|switch|p1a: Sandslash|Sandslash-Alola, L88, M|275/275\n|move|p2a: Articuno|U-turn|p1a: Sandslash\n|-resisted|p1a: Sandslash\n|-damage|p1a: Sandslash|257/275\n|\n|t:|1781456390\n|switch|p2a: Garchomp|Garchomp, L74, M|282/282|[from] U-turn\n|-damage|p2a: Garchomp|247/282|[from] Spikes\n|\n|-heal|p1a: Sandslash|274/275|[from] item: Leftovers\n|upkeep\n|turn|8\n|\n|t:|1781456394\n|move|p2a: Garchomp|Earthquake|p1a: Sandslash\n|-supereffective|p1a: Sandslash\n|-damage|p1a: Sandslash|116/275\n|move|p1a: Sandslash|Triple Axel|p2a: Garchomp\n|-supereffective|p2a: Garchomp\n|-damage|p2a: Garchomp|147/282\n|-damage|p1a: Sandslash|82/275|[from] ability: Rough Skin|[of] p2a: Garchomp\n|-damage|p1a: Sandslash|37/275|[from] item: Rocky Helmet|[of] p2a: Garchomp\n|-supereffective|p2a: Garchomp\n|-damage|p2a: Garchomp|0 fnt\n|-damage|p1a: Sandslash|3/275|[from] ability: Rough Skin|[of] p2a: Garchomp\n|-damage|p1a: Sandslash|0 fnt|[from] item: Rocky Helmet|[of] p2a: Garchomp\n|faint|p2a: Garchomp\n|faint|p1a: Sandslash\n|-hitcount|p2: Garchomp|2\n|\n|upkeep\n|\n|t:|1781456410\n|switch|p2a: Articuno|Articuno, L86|295/295\n|switch|p1a: Skeledirge|Skeledirge, L79, M, tera:Water|154/294\n|-ability|p2a: Articuno|Pressure\n|turn|9\n|\n|t:|1781456413\n|move|p2a: Articuno|Freeze-Dry|p1a: Skeledirge\n|-supereffective|p1a: Skeledirge\n|-damage|p1a: Skeledirge|0 fnt\n|faint|p1a: Skeledirge\n|\n|upkeep\n|\n|t:|1781456418\n|switch|p1a: Armarouge|Armarouge, L80, F|267/267\n|turn|10\n|\n|t:|1781456431\n|switch|p2a: Qwilfish|Qwilfish-Hisui, L83, F|244/244\n|-damage|p2a: Qwilfish|214/244|[from] Spikes\n|-ability|p2a: Qwilfish|Intimidate|boost\n|-unboost|p1a: Armarouge|atk|1\n|move|p1a: Armarouge|Armor Cannon|p2a: Qwilfish\n|-damage|p2a: Qwilfish|4/244\n|-unboost|p1a: Armarouge|def|1\n|-unboost|p1a: Armarouge|spd|1\n|\n|upkeep\n|turn|11\n|\n|t:|1781456438\n|switch|p1a: Decidueye|Decidueye, L88, F|200/281\n|move|p2a: Qwilfish|Crunch|p1a: Decidueye\n|-supereffective|p1a: Decidueye\n|-crit|p1a: Decidueye\n|-damage|p1a: Decidueye|0 fnt\n|faint|p1a: Decidueye\n|\n|upkeep\n|\n|t:|1781456441\n|switch|p1a: Rayquaza|Rayquaza, L72|270/270\n|-ability|p1a: Rayquaza|Air Lock\n|turn|12\n|\n|t:|1781456451\n|switch|p2a: Alcremie|Alcremie-Rainbow-Swirl, L90, F|263/263\n|-damage|p2a: Alcremie|231/263|[from] Spikes\n|move|p1a: Rayquaza|Scale Shot|p2a: Alcremie\n|-immune|p2a: Alcremie\n|\n|-heal|p2a: Alcremie|247/263|[from] item: Leftovers\n|upkeep\n|turn|13\n|\n|t:|1781456456\n|move|p1a: Rayquaza|Swords Dance|p1a: Rayquaza\n|-boost|p1a: Rayquaza|atk|2\n|move|p2a: Alcremie|Calm Mind|p2a: Alcremie\n|-boost|p2a: Alcremie|spa|1\n|-boost|p2a: Alcremie|spd|1\n|\n|-heal|p2a: Alcremie|263/263|[from] item: Leftovers\n|upkeep\n|turn|14\n|\n|t:|1781456459\n|move|p1a: Rayquaza|Dragon Ascent|p2a: Alcremie\n|-damage|p2a: Alcremie|0 fnt\n|-unboost|p1a: Rayquaza|def|1\n|-unboost|p1a: Rayquaza|spd|1\n|faint|p2a: Alcremie\n|\n|upkeep\n|\n|t:|1781456465\n|switch|p2a: Articuno|Articuno, L86|295/295\n|-ability|p2a: Articuno|Pressure\n|turn|15\n|\n|t:|1781456468\n|switch|p1a: Armarouge|Armarouge, L80, F|267/267\n|move|p2a: Articuno|Freeze-Dry|p1a: Armarouge\n|-resisted|p1a: Armarouge\n|-damage|p1a: Armarouge|224/267\n|-status|p1a: Armarouge|frz\n|\n|upkeep\n|turn|16\n|\n|t:|1781456473\n|switch|p2a: Qwilfish|Qwilfish-Hisui, L83, F|4/244\n|-damage|p2a: Qwilfish|0 fnt|[from] Spikes\n|faint|p2a: Qwilfish\n|-curestatus|p1a: Armarouge|frz|[msg]\n|move|p1a: Armarouge|Armor Cannon|p2: Qwilfish|[notarget]\n|-fail|p1a: Armarouge\n|\n|upkeep\n|\n|t:|1781456480\n|switch|p2a: Articuno|Articuno, L86|295/295\n|-ability|p2a: Articuno|Pressure\n|turn|17\n|\n|t:|1781456486\n|-terastallize|p2a: Articuno|Ground\n|move|p2a: Articuno|Freeze-Dry|p1a: Armarouge\n|-resisted|p1a: Armarouge\n|-damage|p1a: Armarouge|185/267\n|move|p1a: Armarouge|Armor Cannon|p2a: Articuno\n|-crit|p2a: Articuno\n|-damage|p2a: Articuno|43/295\n|-unboost|p1a: Armarouge|def|1\n|-unboost|p1a: Armarouge|spd|1\n|\n|upkeep\n|turn|18\n|\n|t:|1781456494\n|move|p2a: Articuno|Brave Bird|p1a: Armarouge\n|-crit|p1a: Armarouge\n|-damage|p1a: Armarouge|0 fnt\n|faint|p1a: Armarouge\n|-damage|p2a: Articuno|0 fnt|[from] Recoil\n|faint|p2a: Articuno\n|\n|upkeep\n|\n|t:|1781456497\n|switch|p2a: Electrode|Electrode-Hisui, L87|246/246\n|switch|p1a: Rayquaza|Rayquaza, L72|270/270\n|-damage|p2a: Electrode|216/246|[from] Spikes\n|-ability|p1a: Rayquaza|Air Lock\n|turn|19\n|\n|t:|1781456505\n|move|p2a: Electrode|Thunder Wave|p1a: Rayquaza\n|-status|p1a: Rayquaza|par\n|cant|p1a: Rayquaza|par\n|\n|upkeep\n|turn|20\n|\n|t:|1781456510\n|move|p2a: Electrode|Thunderbolt|p1a: Rayquaza\n|-damage|p1a: Rayquaza|128/270 par\n|-damage|p2a: Electrode|192/246|[from] item: Life Orb\n|move|p1a: Rayquaza|Earthquake|p2a: Electrode\n|-damage|p2a: Electrode|101/246\n|\n|upkeep\n|turn|21\n|\n|t:|1781456515\n|move|p2a: Electrode|Thunderbolt|p1a: Rayquaza\n|-damage|p1a: Rayquaza|0 fnt\n|faint|p1a: Rayquaza\n|-damage|p2a: Electrode|77/246|[from] item: Life Orb\n|\n|win|ZannaBianca99\n", "inputlog": ">version a8376a258c1d4662feba110a92103f3664a72141\n>start {\"formatid\":\"gen9randombattle\",\"seed\":\"sodium,e3991642d39d62c9f77cf00561698cf4\",\"rated\":\"Rated battle\"}\n>player p1 {\"name\":\"DEVILICEMIN\",\"avatar\":\"265\",\"rating\":2068,\"seed\":\"sodium,190c1f6bb84ac1f178dfc16e7abf5f35\"}\n>player p2 {\"name\":\"ZannaBianca99\",\"avatar\":\"102\",\"rating\":2007,\"seed\":\"sodium,2716a65726118131782e81165ac47575\"}\n>p1 switch 5\n>p2 switch 4\n>p1 move spikes\n>p2 switch 2\n>p1 switch 2\n>p2 move nastyplot\n>p1 move scald\n>p2 move thunderbolt\n>p1 switch 6\n>p1 move flamecharge terastallize\n>p2 move shadowball\n>p1 switch 3\n>p2 move thunderbolt\n>p2 switch 5\n>p1 switch 2\n>p2 move uturn\n>p2 switch 3\n>p1 move tripleaxel\n>p2 move earthquake\n>p1 switch 3\n>p2 switch 3\n>p1 move slackoff\n>p2 move freezedry\n>p1 switch 4\n>p1 move armorcannon\n>p2 switch 2\n>p1 switch 2\n>p2 move crunch\n>p1 switch 5\n>p1 move scaleshot\n>p2 switch 4\n>p1 move swordsdance\n>p2 move calmmind\n>p1 move dragonascent\n>p2 move alluringvoice\n>p2 switch 2\n>p1 switch 2\n>p2 move freezedry\n>p1 move armorcannon\n>p2 switch 4\n>p2 switch 4\n>p1 move armorcannon\n>p2 move freezedry terastallize\n>p1 move armorcannon\n>p2 move bravebird\n>p1 switch 2\n>p2 switch 6\n>p1 move dragonascent\n>p2 move thunderwave\n>p1 move earthquake\n>p2 move thunderbolt\n>p1 move dragonascent\n>p2 move thunderbolt", "uploadtime": 1781456294, "views": 5, "formatid": "gen9randombattle", "rating": null, "private": 0, "password": null}