{"id": "gen9randombattle-2631549986", "format": "[Gen 9] Random Battle", "players": ["Eumorpha", "parasectmilk"], "log": "|j|\u2606Eumorpha\n|j|\u2606parasectmilk\n|t:|1781399968\n|gametype|singles\n|player|p1|Eumorpha|miku-fairy|1427\n|player|p2|parasectmilk|silver|1378\n|gen|9\n|tier|[Gen 9] Random Battle\n|rated|\n|rule|Species Clause: Limit one of each Pok\u00e9mon\n|rule|HP Percentage Mod: HP is shown in percentages\n|rule|Sleep Clause Mod: Limit one foe put to sleep\n|rule|Illusion Level Mod: Illusion disguises the Pok\u00e9mon's true level\n|\n|t:|1781399968\n|teamsize|p1|6\n|teamsize|p2|6\n|start\n|switch|p1a: Arcanine|Arcanine, L84, F|288/288\n|switch|p2a: Snorlax|Snorlax, L82, M|397/397\n|-ability|p1a: Arcanine|Intimidate|boost\n|-unboost|p2a: Snorlax|atk|1\n|turn|1\n|inactive|Battle timer is ON: inactive players will automatically lose when time's up. (requested by parasectmilk)\n|\n|t:|1781399987\n|switch|p2a: Camerupt|Camerupt, L91, M|275/275\n|move|p1a: Arcanine|Will-O-Wisp|p2a: Camerupt\n|-immune|p2a: Camerupt\n|\n|upkeep\n|turn|2\n|\n|t:|1781399996\n|switch|p1a: Chimecho|Chimecho, L93, M|290/290\n|move|p2a: Camerupt|Stealth Rock|p1a: Chimecho\n|-sidestart|p1: Eumorpha|move: Stealth Rock\n|\n|upkeep\n|turn|3\n|\n|t:|1781400003\n|move|p1a: Chimecho|Encore|p2a: Camerupt\n|-start|p2a: Camerupt|Encore\n|move|p2a: Camerupt|Stealth Rock||[still]\n|-fail|p2a: Camerupt\n|\n|upkeep\n|turn|4\n|\n|t:|1781400011\n|switch|p2a: Whiscash|Whiscash, L88, M|337/337\n|move|p1a: Chimecho|Psychic Noise|p2a: Whiscash\n|-damage|p2a: Whiscash|232/337\n|-start|p2a: Whiscash|move: Heal Block\n|\n|upkeep\n|turn|5\n|\n|t:|1781400020\n|move|p1a: Chimecho|Psychic Noise|p2a: Whiscash\n|-damage|p2a: Whiscash|132/337\n|move|p2a: Whiscash|Spikes|p1a: Chimecho\n|-sidestart|p1: Eumorpha|Spikes\n|\n|-end|p2a: Whiscash|move: Heal Block\n|upkeep\n|turn|6\n|\n|t:|1781400027\n|move|p1a: Chimecho|Psychic Noise|p2a: Whiscash\n|-damage|p2a: Whiscash|26/337\n|-start|p2a: Whiscash|move: Heal Block\n|move|p2a: Whiscash|Spikes|p1a: Chimecho\n|-sidestart|p1: Eumorpha|Spikes\n|\n|upkeep\n|turn|7\n|\n|t:|1781400034\n|move|p1a: Chimecho|Psychic Noise|p2a: Whiscash\n|-damage|p2a: Whiscash|0 fnt\n|faint|p2a: Whiscash\n|\n|upkeep\n|\n|t:|1781400040\n|switch|p2a: Camerupt|Camerupt, L91, M|275/275\n|turn|8\n|\n|t:|1781400044\n|move|p1a: Chimecho|Psychic Noise|p2a: Camerupt\n|-damage|p2a: Camerupt|175/275\n|-start|p2a: Camerupt|move: Heal Block\n|move|p2a: Camerupt|Roar|p1a: Chimecho\n|drag|p1a: Kyogre|Kyogre, L71|259/259\n|-damage|p1a: Kyogre|227/259|[from] Stealth Rock\n|-damage|p1a: Kyogre|184/259|[from] Spikes\n|-weather|RainDance|[from] ability: Drizzle|[of] p1a: Kyogre\n|\n|-weather|RainDance|[upkeep]\n|-heal|p1a: Kyogre|200/259|[from] item: Leftovers\n|upkeep\n|turn|9\n|\n|t:|1781400065\n|move|p1a: Kyogre|Origin Pulse|p2a: Camerupt\n|-supereffective|p2a: Camerupt\n|-damage|p2a: Camerupt|0 fnt\n|faint|p2a: Camerupt\n|\n|-weather|RainDance|[upkeep]\n|-heal|p1a: Kyogre|216/259|[from] item: Leftovers\n|upkeep\n|\n|t:|1781400076\n|switch|p2a: Snorlax|Snorlax, L82, M|397/397\n|turn|10\n|\n|t:|1781400087\n|move|p1a: Kyogre|Calm Mind|p1a: Kyogre\n|-boost|p1a: Kyogre|spa|1\n|-boost|p1a: Kyogre|spd|1\n|move|p2a: Snorlax|Curse|p2a: Snorlax\n|-unboost|p2a: Snorlax|spe|1\n|-boost|p2a: Snorlax|atk|1\n|-boost|p2a: Snorlax|def|1\n|\n|-weather|RainDance|[upkeep]\n|-heal|p1a: Kyogre|232/259|[from] item: Leftovers\n|upkeep\n|turn|11\n|\n|t:|1781400096\n|move|p1a: Kyogre|Calm Mind|p1a: Kyogre\n|-boost|p1a: Kyogre|spa|1\n|-boost|p1a: Kyogre|spd|1\n|move|p2a: Snorlax|Body Slam|p1a: Kyogre\n|-damage|p1a: Kyogre|78/259\n|\n|-weather|RainDance|[upkeep]\n|-heal|p1a: Kyogre|94/259|[from] item: Leftovers\n|upkeep\n|turn|12\n|\n|t:|1781400104\n|move|p1a: Kyogre|Origin Pulse|p2a: Snorlax|[miss]\n|-miss|p1a: Kyogre|p2a: Snorlax\n|move|p2a: Snorlax|Body Slam|p1a: Kyogre\n|-damage|p1a: Kyogre|0 fnt\n|faint|p1a: Kyogre\n|\n|-weather|none\n|upkeep\n|\n|t:|1781400114\n|switch|p1a: Zacian|Zacian, L69|241/241\n|-damage|p1a: Zacian|211/241|[from] Stealth Rock\n|-damage|p1a: Zacian|171/241|[from] Spikes\n|-ability|p1a: Zacian|Intrepid Sword|boost\n|-boost|p1a: Zacian|atk|1\n|turn|13\n|\n|t:|1781400125\n|move|p1a: Zacian|Close Combat|p2a: Snorlax\n|-supereffective|p2a: Snorlax\n|-damage|p2a: Snorlax|115/397\n|-unboost|p1a: Zacian|def|1\n|-unboost|p1a: Zacian|spd|1\n|move|p2a: Snorlax|Rest|p2a: Snorlax\n|-status|p2a: Snorlax|slp|[from] move: Rest\n|-heal|p2a: Snorlax|397/397 slp|[silent]\n|\n|upkeep\n|turn|14\n|\n|t:|1781400134\n|move|p1a: Zacian|Close Combat|p2a: Snorlax\n|-supereffective|p2a: Snorlax\n|-damage|p2a: Snorlax|141/397 slp\n|-unboost|p1a: Zacian|def|1\n|-unboost|p1a: Zacian|spd|1\n|cant|p2a: Snorlax|slp\n|move|p2a: Snorlax|Sleep Talk|p2a: Snorlax\n|move|p2a: Snorlax|Body Slam|p1a: Zacian|[from] move: Sleep Talk\n|-damage|p1a: Zacian|0 fnt\n|faint|p1a: Zacian\n|\n|-heal|p2a: Snorlax|165/397 slp|[from] item: Leftovers\n|upkeep\n|\n|t:|1781400141\n|switch|p1a: Orthworm|Orthworm, L88, M|266/266\n|-damage|p1a: Orthworm|250/266|[from] Stealth Rock\n|-damage|p1a: Orthworm|206/266|[from] Spikes\n|turn|15\n|\n|t:|1781400149\n|move|p1a: Orthworm|Body Press|p2a: Snorlax\n|-supereffective|p2a: Snorlax\n|-damage|p2a: Snorlax|9/397 slp\n|cant|p2a: Snorlax|slp\n|move|p2a: Snorlax|Sleep Talk|p2a: Snorlax\n|move|p2a: Snorlax|Curse|p2a: Snorlax|[from] move: Sleep Talk\n|-unboost|p2a: Snorlax|spe|1\n|-boost|p2a: Snorlax|atk|1\n|-boost|p2a: Snorlax|def|1\n|\n|-heal|p1a: Orthworm|222/266|[from] item: Leftovers\n|-heal|p2a: Snorlax|33/397 slp|[from] item: Leftovers\n|upkeep\n|turn|16\n|\n|t:|1781400160\n|move|p1a: Orthworm|Body Press|p2a: Snorlax\n|-supereffective|p2a: Snorlax\n|-damage|p2a: Snorlax|0 fnt\n|faint|p2a: Snorlax\n|\n|-heal|p1a: Orthworm|238/266|[from] item: Leftovers\n|upkeep\n|\n|t:|1781400171\n|switch|p2a: Ho-Oh|Ho-Oh, L71|268/268\n|turn|17\n|\n|t:|1781400187\n|switch|p1a: Volcanion|Volcanion, L79|256/256\n|move|p2a: Ho-Oh|Sacred Fire|p1a: Volcanion\n|-resisted|p1a: Volcanion\n|-damage|p1a: Volcanion|235/256\n|\n|upkeep\n|turn|18\n|\n|t:|1781400198\n|move|p2a: Ho-Oh|Earthquake|p1a: Volcanion\n|-supereffective|p1a: Volcanion\n|-damage|p1a: Volcanion|133/256\n|move|p1a: Volcanion|Steam Eruption|p2a: Ho-Oh\n|-supereffective|p2a: Ho-Oh\n|-damage|p2a: Ho-Oh|52/268\n|\n|upkeep\n|turn|19\n|\n|t:|1781400206\n|move|p2a: Ho-Oh|Earthquake|p1a: Volcanion\n|-supereffective|p1a: Volcanion\n|-damage|p1a: Volcanion|27/256\n|move|p1a: Volcanion|Steam Eruption|p2a: Ho-Oh\n|-supereffective|p2a: Ho-Oh\n|-damage|p2a: Ho-Oh|0 fnt\n|faint|p2a: Ho-Oh\n|\n|upkeep\n|\n|t:|1781400217\n|switch|p2a: Copperajah|Copperajah, L86, M|350/350\n|turn|20\n|\n|t:|1781400223\n|move|p1a: Volcanion|Flamethrower|p2a: Copperajah\n|-supereffective|p2a: Copperajah\n|-damage|p2a: Copperajah|98/350\n|move|p2a: Copperajah|Earthquake|p1a: Volcanion\n|-supereffective|p1a: Volcanion\n|-damage|p1a: Volcanion|0 fnt\n|faint|p1a: Volcanion\n|-damage|p2a: Copperajah|63/350|[from] item: Life Orb\n|\n|upkeep\n|\n|t:|1781400233\n|switch|p1a: Arcanine|Arcanine, L84, F|288/288\n|-ability|p1a: Arcanine|Intimidate|boost\n|-unboost|p2a: Copperajah|atk|1\n|turn|21\n|\n|t:|1781400238\n|move|p1a: Arcanine|Flare Blitz|p2a: Copperajah\n|-supereffective|p2a: Copperajah\n|-damage|p2a: Copperajah|0 fnt\n|faint|p2a: Copperajah\n|-damage|p1a: Arcanine|267/288|[from] Recoil\n|\n|upkeep\n|\n|t:|1781400243\n|switch|p2a: Necrozma|Necrozma, L80|286/286\n|turn|22\n|\n|t:|1781400253\n|-terastallize|p1a: Arcanine|Normal\n|-terastallize|p2a: Necrozma|Steel\n|move|p1a: Arcanine|Extreme Speed|p2a: Necrozma\n|-resisted|p2a: Necrozma\n|-damage|p2a: Necrozma|245/286\n|move|p2a: Necrozma|Dragon Dance|p2a: Necrozma\n|-boost|p2a: Necrozma|atk|1\n|-boost|p2a: Necrozma|spe|1\n|\n|upkeep\n|turn|23\n|\n|t:|1781400265\n|move|p2a: Necrozma|Photon Geyser|p1a: Arcanine\n|-damage|p1a: Arcanine|99/288\n|move|p1a: Arcanine|Flare Blitz|p2a: Necrozma\n|-supereffective|p2a: Necrozma\n|-crit|p2a: Necrozma\n|-damage|p2a: Necrozma|0 fnt\n|faint|p2a: Necrozma\n|-damage|p1a: Arcanine|18/288|[from] Recoil\n|\n|win|Eumorpha\n|raw|Eumorpha's rating: 1427 &rarr; <strong>1444</strong><br />(+17 for winning)\n|raw|parasectmilk's rating: 1378 &rarr; <strong>1361</strong><br />(-17 for losing)\n", "inputlog": ">version a8376a258c1d4662feba110a92103f3664a72141\n>start {\"formatid\":\"gen9randombattle\",\"seed\":\"sodium,89e2f398df5a5ae372f9a20ae4f60455\",\"rated\":\"Rated battle\"}\n>player p1 {\"name\":\"Eumorpha\",\"avatar\":\"miku-fairy\",\"rating\":1427,\"seed\":\"sodium,84c505b193657563e6726a9899cf503b\"}\n>player p2 {\"name\":\"parasectmilk\",\"avatar\":\"silver\",\"rating\":1378,\"seed\":\"sodium,de0783fb5925207b05be6cd8ba987b36\"}\n>p1 move willowisp\n>p2 switch 2\n>p1 switch 6\n>p2 move stealthrock\n>p1 move encore\n>p2 move roar\n>p1 move psychicnoise\n>p2 switch 3\n>p1 move psychicnoise\n>p2 move spikes\n>p1 move psychicnoise\n>p2 move spikes\n>p1 move psychicnoise\n>p2 move spikes\n>p2 switch 3\n>p1 move psychicnoise\n>p2 move roar\n>p1 move originpulse\n>p2 move roar\n>p2 switch 2\n>p1 move calmmind\n>p2 move curse\n>p1 move calmmind\n>p2 move bodyslam\n>p1 move originpulse\n>p2 move bodyslam\n>p1 switch 2\n>p1 move closecombat\n>p2 move rest\n>p1 move closecombat\n>p2 move sleeptalk\n>p1 switch 5\n>p1 move bodypress\n>p2 move sleeptalk\n>p1 move bodypress\n>p2 move sleeptalk\n>p2 switch 5\n>p1 switch 3\n>p2 move sacredfire\n>p1 move steameruption\n>p2 move earthquake\n>p1 move steameruption\n>p2 move earthquake\n>p2 switch 4\n>p1 move flamethrower\n>p2 move earthquake\n>p1 switch 6\n>p1 move flareblitz\n>p2 move earthquake\n>p2 switch 6\n>p1 move extremespeed terastallize\n>p2 move dragondance terastallize\n>p1 move flareblitz\n>p2 move photongeyser", "uploadtime": 1781400274, "views": 4, "formatid": "gen9randombattle", "rating": 1361, "private": 0, "password": null}