{"id": "gen9randombattle-2631480845", "format": "[Gen 9] Random Battle", "players": ["Lyfie", "not haruno"], "log": "|j|\u2606Lyfie\n|j|\u2606not haruno\n|t:|1781390310\n|gametype|singles\n|player|p1|Lyfie|jasmine|1975\n|player|p2|not haruno|#notharuno|1938\n|gen|9\n|tier|[Gen 9] Random Battle\n|rated|\n|rule|Species Clause: Limit one of each Pok\u00e9mon\n|rule|HP Percentage Mod: HP is shown in percentages\n|rule|Sleep Clause Mod: Limit one foe put to sleep\n|rule|Illusion Level Mod: Illusion disguises the Pok\u00e9mon's true level\n|\n|t:|1781390310\n|teamsize|p1|6\n|teamsize|p2|6\n|start\n|switch|p1a: Ting-Lu|Ting-Lu, L78|370/370\n|switch|p2a: Palkia|Palkia, L75|259/259\n|-ability|p2a: Palkia|Pressure\n|-ability|p1a: Ting-Lu|Vessel of Ruin\n|turn|1\n|\n|t:|1781390333\n|move|p2a: Palkia|Hydro Pump|p1a: Ting-Lu|[miss]\n|-miss|p2a: Palkia|p1a: Ting-Lu\n|move|p1a: Ting-Lu|Spikes|p2a: Palkia\n|-sidestart|p2: not haruno|Spikes\n|\n|upkeep\n|turn|2\n|\n|t:|1781390342\n|move|p2a: Palkia|Hydro Pump|p1a: Ting-Lu\n|-supereffective|p1a: Ting-Lu\n|-damage|p1a: Ting-Lu|152/370\n|move|p1a: Ting-Lu|Spikes|p2a: Palkia\n|-sidestart|p2: not haruno|Spikes\n|\n|-heal|p1a: Ting-Lu|175/370|[from] item: Leftovers\n|upkeep\n|turn|3\n|\n|t:|1781390360\n|move|p2a: Palkia|Hydro Pump|p1a: Ting-Lu|[miss]\n|-miss|p2a: Palkia|p1a: Ting-Lu\n|move|p1a: Ting-Lu|Spikes|p2a: Palkia\n|-sidestart|p2: not haruno|Spikes\n|\n|-heal|p1a: Ting-Lu|198/370|[from] item: Leftovers\n|upkeep\n|turn|4\n|\n|t:|1781390374\n|move|p2a: Palkia|Hydro Pump|p1a: Ting-Lu\n|-supereffective|p1a: Ting-Lu\n|-damage|p1a: Ting-Lu|0 fnt\n|faint|p1a: Ting-Lu\n|\n|upkeep\n|\n|t:|1781390385\n|switch|p1a: Raikou|Raikou, L81|278/278\n|-ability|p1a: Raikou|Pressure\n|turn|5\n|\n|t:|1781390392\n|move|p2a: Palkia|Hydro Pump|p1a: Raikou\n|-damage|p1a: Raikou|157/278\n|move|p1a: Raikou|Thunderbolt|p2a: Palkia\n|-damage|p2a: Palkia|129/259\n|\n|upkeep\n|turn|6\n|\n|t:|1781390398\n|move|p2a: Palkia|Hydro Pump|p1a: Raikou|[miss]\n|-miss|p2a: Palkia|p1a: Raikou\n|move|p1a: Raikou|Thunderbolt|p2a: Palkia\n|-damage|p2a: Palkia|0 fnt\n|faint|p2a: Palkia\n|\n|upkeep\n|\n|t:|1781390414\n|switch|p2a: Leafeon|Leafeon, L88, F|258/258\n|-damage|p2a: Leafeon|194/258|[from] Spikes\n|turn|7\n|\n|t:|1781390420\n|switch|p1a: Mightyena|Mightyena, L96, F|290/290\n|-ability|p1a: Mightyena|Intimidate|boost\n|-unboost|p2a: Leafeon|atk|1\n|move|p2a: Leafeon|Swords Dance|p2a: Leafeon\n|-boost|p2a: Leafeon|atk|2\n|\n|upkeep\n|turn|8\n|\n|t:|1781390428\n|move|p2a: Leafeon|Leaf Blade|p1a: Mightyena\n|-damage|p1a: Mightyena|40/290\n|-damage|p2a: Leafeon|169/258|[from] item: Life Orb\n|move|p1a: Mightyena|Poison Fang|p2a: Leafeon\n|-supereffective|p2a: Leafeon\n|-damage|p2a: Leafeon|83/258\n|\n|upkeep\n|turn|9\n|\n|t:|1781390436\n|move|p2a: Leafeon|Synthesis|p2a: Leafeon\n|-heal|p2a: Leafeon|212/258\n|move|p1a: Mightyena|Poison Fang|p2a: Leafeon\n|-supereffective|p2a: Leafeon\n|-crit|p2a: Leafeon\n|-damage|p2a: Leafeon|64/258\n|\n|upkeep\n|turn|10\n|\n|t:|1781390443\n|move|p2a: Leafeon|Synthesis|p2a: Leafeon\n|-heal|p2a: Leafeon|193/258\n|move|p1a: Mightyena|Poison Fang|p2a: Leafeon\n|-supereffective|p2a: Leafeon\n|-damage|p2a: Leafeon|105/258\n|\n|upkeep\n|turn|11\n|\n|t:|1781390449\n|move|p2a: Leafeon|Synthesis|p2a: Leafeon\n|-heal|p2a: Leafeon|234/258\n|move|p1a: Mightyena|Poison Fang|p2a: Leafeon\n|-supereffective|p2a: Leafeon\n|-damage|p2a: Leafeon|140/258\n|-status|p2a: Leafeon|tox\n|\n|-damage|p2a: Leafeon|124/258 tox|[from] psn\n|upkeep\n|turn|12\n|\n|t:|1781390457\n|move|p2a: Leafeon|Knock Off|p1a: Mightyena\n|-resisted|p1a: Mightyena\n|-damage|p1a: Mightyena|0 fnt\n|-enditem|p1a: Mightyena|Choice Band|[from] move: Knock Off|[of] p2a: Leafeon\n|faint|p1a: Mightyena\n|-damage|p2a: Leafeon|99/258 tox|[from] item: Life Orb\n|\n|-damage|p2a: Leafeon|67/258 tox|[from] psn\n|upkeep\n|\n|t:|1781390472\n|switch|p1a: Tornadus|Tornadus-Therian, L79, M|254/254\n|turn|13\n|\n|t:|1781390483\n|move|p1a: Tornadus|Heat Wave|p2a: Leafeon\n|-supereffective|p2a: Leafeon\n|-damage|p2a: Leafeon|0 fnt\n|faint|p2a: Leafeon\n|\n|upkeep\n|\n|t:|1781390489\n|switch|p2a: Stonjourner|Stonjourner, L91, M|330/330\n|-damage|p2a: Stonjourner|248/330|[from] Spikes\n|turn|14\n|\n|t:|1781390510\n|switch|p1a: Raikou|Raikou, L81|157/278\n|-ability|p1a: Raikou|Pressure\n|move|p2a: Stonjourner|Rock Polish|p2a: Stonjourner\n|-boost|p2a: Stonjourner|spe|2\n|\n|upkeep\n|turn|15\n|\n|t:|1781390516\n|move|p2a: Stonjourner|Earthquake|p1a: Raikou\n|-supereffective|p1a: Raikou\n|-damage|p1a: Raikou|0 fnt\n|faint|p1a: Raikou\n|-damage|p2a: Stonjourner|215/330|[from] item: Life Orb\n|\n|upkeep\n|\n|t:|1781390523\n|switch|p1a: Houndstone|Houndstone, L86, M|264/264\n|turn|16\n|\n|t:|1781390533\n|move|p2a: Stonjourner|Heat Crash|p1a: Houndstone\n|-damage|p1a: Houndstone|135/264\n|-damage|p2a: Stonjourner|182/330|[from] item: Life Orb\n|move|p1a: Houndstone|Body Press|p2a: Stonjourner\n|-supereffective|p2a: Stonjourner\n|-damage|p2a: Stonjourner|98/330\n|\n|-heal|p1a: Houndstone|151/264|[from] item: Leftovers\n|upkeep\n|turn|17\n|\n|t:|1781390544\n|move|p2a: Stonjourner|Stone Edge|p1a: Houndstone\n|-damage|p1a: Houndstone|0 fnt\n|faint|p1a: Houndstone\n|-damage|p2a: Stonjourner|65/330|[from] item: Life Orb\n|\n|upkeep\n|\n|t:|1781390556\n|switch|p1a: Skeledirge|Skeledirge, L79, M|294/294\n|turn|18\n|\n|t:|1781390563\n|move|p2a: Stonjourner|Stone Edge|p1a: Skeledirge\n|-supereffective|p1a: Skeledirge\n|-damage|p1a: Skeledirge|0 fnt\n|faint|p1a: Skeledirge\n|-damage|p2a: Stonjourner|32/330|[from] item: Life Orb\n|\n|upkeep\n|\n|t:|1781390568\n|switch|p1a: Tornadus|Tornadus-Therian, L79, M|254/254\n|turn|19\n|\n|t:|1781390572\n|move|p2a: Stonjourner|Heat Crash|p1a: Tornadus\n|-damage|p1a: Tornadus|60/254\n|-damage|p2a: Stonjourner|0 fnt|[from] item: Life Orb\n|faint|p2a: Stonjourner\n|move|p1a: Tornadus|Bleakwind Storm|p2: Stonjourner|[notarget]\n|-fail|p1a: Tornadus\n|\n|upkeep\n|\n|t:|1781390574\n|switch|p2a: Weavile|Weavile, L79, F|240/240\n|turn|20\n|\n|t:|1781390579\n|move|p2a: Weavile|Knock Off|p1a: Tornadus\n|-damage|p1a: Tornadus|0 fnt\n|-enditem|p1a: Tornadus|Choice Specs|[from] move: Knock Off|[of] p2a: Weavile\n|faint|p1a: Tornadus\n|\n|win|not haruno\n", "inputlog": ">version a8376a258c1d4662feba110a92103f3664a72141\n>start {\"formatid\":\"gen9randombattle\",\"seed\":\"sodium,399cf5259a3c433b004e3f3b4a1ba126\",\"rated\":\"Rated battle\"}\n>player p1 {\"name\":\"Lyfie\",\"avatar\":\"jasmine\",\"rating\":1975,\"seed\":\"sodium,388c01f268aa5898654b523982eb9d1c\"}\n>player p2 {\"name\":\"not haruno\",\"avatar\":\"#notharuno\",\"rating\":1938,\"seed\":\"sodium,9810528fa0822cd3ed7ef30b2954ec60\"}\n>p1 move spikes\n>p2 move hydropump\n>p1 move spikes\n>p2 move hydropump\n>p1 move spikes\n>p2 move hydropump\n>p1 move earthquake\n>p2 move hydropump\n>p1 switch 4\n>p1 move thunderbolt\n>p2 move hydropump\n>p1 move thunderbolt\n>p2 move hydropump\n>p2 switch 2\n>p1 switch 3\n>p2 move swordsdance\n>p1 move poisonfang\n>p2 move leafblade\n>p1 move poisonfang\n>p2 move synthesis\n>p1 move poisonfang\n>p2 move synthesis\n>p1 move poisonfang\n>p2 move synthesis\n>p1 move poisonfang\n>p2 move knockoff\n>p1 switch 5\n>p1 move heatwave\n>p2 move knockoff\n>p2 switch 5\n>p1 switch 3\n>p2 move rockpolish\n>p1 move scald\n>p2 move earthquake\n>p1 switch 2\n>p1 move bodypress\n>p2 move heatcrash\n>p1 move poltergeist\n>p2 move stoneedge\n>p1 switch 6\n>p1 move torchsong\n>p2 move stoneedge\n>p1 switch 3\n>p1 move bleakwindstorm\n>p2 move heatcrash\n>p2 switch 4\n>p1 move bleakwindstorm\n>p2 move knockoff", "uploadtime": 1781390312, "views": 4, "formatid": "gen9randombattle", "rating": null, "private": 0, "password": null}