{"id": "gen9randombattle-2631489480", "format": "[Gen 9] Random Battle", "players": ["Muk Muk Goodra", "recebill"], "log": "|j|\u2606Muk Muk Goodra\n|j|\u2606recebill\n|t:|1781391535\n|gametype|singles\n|player|p1|Muk Muk Goodra|dawn|1974\n|player|p2|recebill|2|1954\n|gen|9\n|tier|[Gen 9] Random Battle\n|rated|\n|rule|Species Clause: Limit one of each Pok\u00e9mon\n|rule|HP Percentage Mod: HP is shown in percentages\n|rule|Sleep Clause Mod: Limit one foe put to sleep\n|rule|Illusion Level Mod: Illusion disguises the Pok\u00e9mon's true level\n|\n|t:|1781391535\n|teamsize|p1|6\n|teamsize|p2|6\n|start\n|switch|p1a: Lokix|Lokix, L82, M|251/251\n|switch|p2a: Blastoise|Blastoise, L80, M|258/258\n|turn|1\n|inactive|Battle timer is ON: inactive players will automatically lose when time's up. (requested by Muk Muk Goodra)\n|\n|t:|1781391549\n|move|p1a: Lokix|Knock Off|p2a: Blastoise\n|-damage|p2a: Blastoise|129/258\n|-enditem|p2a: Blastoise|White Herb|[from] move: Knock Off|[of] p1a: Lokix\n|-damage|p1a: Lokix|226/251|[from] item: Life Orb\n|move|p2a: Blastoise|Shell Smash|p2a: Blastoise\n|-unboost|p2a: Blastoise|def|1\n|-unboost|p2a: Blastoise|spd|1\n|-boost|p2a: Blastoise|atk|2\n|-boost|p2a: Blastoise|spa|2\n|-boost|p2a: Blastoise|spe|2\n|\n|upkeep\n|turn|2\n|\n|t:|1781391557\n|move|p1a: Lokix|Sucker Punch||[still]\n|-fail|p1a: Lokix\n|move|p2a: Blastoise|Shell Smash|p2a: Blastoise\n|-unboost|p2a: Blastoise|def|1\n|-unboost|p2a: Blastoise|spd|1\n|-boost|p2a: Blastoise|atk|2\n|-boost|p2a: Blastoise|spa|2\n|-boost|p2a: Blastoise|spe|2\n|\n|upkeep\n|turn|3\n|\n|t:|1781391559\n|move|p1a: Lokix|Sucker Punch||[still]\n|-fail|p1a: Lokix\n|move|p2a: Blastoise|Shell Smash|p2a: Blastoise\n|-unboost|p2a: Blastoise|def|1\n|-unboost|p2a: Blastoise|spd|1\n|-boost|p2a: Blastoise|atk|2\n|-boost|p2a: Blastoise|spa|2\n|-boost|p2a: Blastoise|spe|2\n|\n|upkeep\n|turn|4\n|\n|t:|1781391560\n|move|p1a: Lokix|Sucker Punch||[still]\n|-fail|p1a: Lokix\n|move|p2a: Blastoise|Shell Smash|p2a: Blastoise\n|-unboost|p2a: Blastoise|def|1\n|-unboost|p2a: Blastoise|spd|1\n|-boost|p2a: Blastoise|atk|0\n|-boost|p2a: Blastoise|spa|0\n|-boost|p2a: Blastoise|spe|0\n|\n|upkeep\n|turn|5\n|\n|t:|1781391562\n|move|p1a: Lokix|Sucker Punch||[still]\n|-fail|p1a: Lokix\n|move|p2a: Blastoise|Shell Smash|p2a: Blastoise\n|-unboost|p2a: Blastoise|def|1\n|-unboost|p2a: Blastoise|spd|1\n|-boost|p2a: Blastoise|atk|0\n|-boost|p2a: Blastoise|spa|0\n|-boost|p2a: Blastoise|spe|0\n|\n|upkeep\n|turn|6\n|\n|t:|1781391564\n|move|p2a: Blastoise|Ice Beam|p1a: Lokix\n|-damage|p1a: Lokix|0 fnt\n|faint|p1a: Lokix\n|\n|upkeep\n|\n|t:|1781391579\n|switch|p1a: Dodrio|Dodrio, L85, F|241/241\n|turn|7\n|\n|t:|1781391582\n|move|p1a: Dodrio|Quick Attack|p2a: Blastoise\n|-damage|p2a: Blastoise|0 fnt\n|faint|p2a: Blastoise\n|\n|upkeep\n|\n|t:|1781391596\n|switch|p2a: Necrozma|Necrozma-Dusk-Mane, L69|248/248\n|turn|8\n|\n|t:|1781391604\n|switch|p1a: Dialga|Dialga, L73|266/266\n|-ability|p1a: Dialga|Pressure\n|move|p2a: Necrozma|Dragon Dance|p2a: Necrozma\n|-boost|p2a: Necrozma|atk|1\n|-boost|p2a: Necrozma|spe|1\n|\n|upkeep\n|turn|9\n|\n|t:|1781391614\n|move|p2a: Necrozma|Earthquake|p1a: Dialga\n|-supereffective|p1a: Dialga\n|-damage|p1a: Dialga|64/266\n|move|p1a: Dialga|Dragon Tail|p2a: Necrozma|[miss]\n|-miss|p1a: Dialga|p2a: Necrozma\n|\n|upkeep\n|turn|10\n|\n|t:|1781391626\n|move|p2a: Necrozma|Earthquake|p1a: Dialga\n|-supereffective|p1a: Dialga\n|-damage|p1a: Dialga|0 fnt\n|faint|p1a: Dialga\n|\n|upkeep\n|\n|t:|1781391640\n|switch|p1a: Wugtrio|Wugtrio, L91, M|212/212\n|turn|11\n|\n|t:|1781391650\n|-terastallize|p1a: Wugtrio|Dark\n|move|p1a: Wugtrio|Throat Chop|p2a: Necrozma\n|-supereffective|p2a: Necrozma\n|-damage|p2a: Necrozma|32/248\n|-start|p2a: Necrozma|Throat Chop|[silent]\n|-enditem|p2a: Necrozma|Weakness Policy\n|-boost|p2a: Necrozma|atk|2|[from] item: Weakness Policy\n|-boost|p2a: Necrozma|spa|2|[from] item: Weakness Policy\n|move|p2a: Necrozma|Dragon Dance|p2a: Necrozma\n|-boost|p2a: Necrozma|atk|1\n|-boost|p2a: Necrozma|spe|1\n|\n|upkeep\n|turn|12\n|\n|t:|1781391661\n|switch|p1a: Dodrio|Dodrio, L85, F|241/241\n|move|p2a: Necrozma|Sunsteel Strike|p1a: Dodrio\n|-damage|p1a: Dodrio|0 fnt\n|faint|p1a: Dodrio\n|\n|-end|p2a: Necrozma|Throat Chop|[silent]\n|upkeep\n|\n|t:|1781391662\n|switch|p1a: Wugtrio|Wugtrio, L91, M, tera:Dark|212/212\n|turn|13\n|\n|t:|1781391665\n|move|p1a: Wugtrio|Aqua Jet|p2a: Necrozma\n|-crit|p2a: Necrozma\n|-damage|p2a: Necrozma|0 fnt\n|faint|p2a: Necrozma\n|\n|upkeep\n|\n|t:|1781391672\n|switch|p2a: Yanmega|Yanmega, L82, M|275/275\n|turn|14\n|\n|t:|1781391677\n|switch|p1a: Perrserker|Perrserker, L89, M|269/269\n|move|p2a: Yanmega|Bug Buzz|p1a: Perrserker\n|-resisted|p1a: Perrserker\n|-damage|p1a: Perrserker|200/269\n|\n|-ability|p2a: Yanmega|Speed Boost|boost\n|-boost|p2a: Yanmega|spe|1\n|upkeep\n|turn|15\n|\n|t:|1781391690\n|switch|p2a: Drifblim|Drifblim, L86, F|396/396\n|move|p1a: Perrserker|Knock Off|p2a: Drifblim\n|-supereffective|p2a: Drifblim\n|-damage|p2a: Drifblim|0 fnt\n|-enditem|p2a: Drifblim|Sitrus Berry|[from] move: Knock Off|[of] p1a: Perrserker\n|faint|p2a: Drifblim\n|-damage|p1a: Perrserker|174/269|[from] item: Life Orb\n|\n|upkeep\n|\n|t:|1781391693\n|switch|p2a: Gallade|Gallade, L80, M|240/240\n|turn|16\n|\n|t:|1781391696\n|switch|p1a: Hatterene|Hatterene, L85, F|236/236\n|move|p2a: Gallade|Sacred Sword|p1a: Hatterene\n|-resisted|p1a: Hatterene\n|-damage|p1a: Hatterene|192/236\n|-damage|p2a: Gallade|216/240|[from] item: Life Orb\n|\n|-heal|p1a: Hatterene|206/236|[from] item: Leftovers\n|upkeep\n|turn|17\n|\n|t:|1781391703\n|switch|p2a: Chansey|Chansey, L85, F|564/564\n|move|p1a: Hatterene|Mystical Fire|p2a: Chansey\n|-damage|p2a: Chansey|521/564\n|-unboost|p2a: Chansey|spa|1\n|\n|-heal|p1a: Hatterene|220/236|[from] item: Leftovers\n|upkeep\n|turn|18\n|\n|t:|1781391709\n|move|p2a: Chansey|Thunder Wave|p1a: Hatterene\n|move|p1a: Hatterene|Thunder Wave|p2a: Chansey|[from] ability: Magic Bounce\n|-status|p2a: Chansey|par\n|move|p1a: Hatterene|Calm Mind|p1a: Hatterene\n|-boost|p1a: Hatterene|spa|1\n|-boost|p1a: Hatterene|spd|1\n|\n|-heal|p1a: Hatterene|234/236|[from] item: Leftovers\n|upkeep\n|turn|19\n|\n|t:|1781391722\n|move|p1a: Hatterene|Calm Mind|p1a: Hatterene\n|-boost|p1a: Hatterene|spa|1\n|-boost|p1a: Hatterene|spd|1\n|move|p2a: Chansey|Heal Bell|p2a: Chansey\n|-activate|p2a: Chansey|move: Heal Bell\n|-curestatus|p2a: Chansey|par|[msg]\n|\n|-heal|p1a: Hatterene|236/236|[from] item: Leftovers\n|upkeep\n|turn|20\n|\n|t:|1781391729\n|move|p2a: Chansey|Seismic Toss|p1a: Hatterene\n|-damage|p1a: Hatterene|151/236\n|move|p1a: Hatterene|Calm Mind|p1a: Hatterene\n|-boost|p1a: Hatterene|spa|1\n|-boost|p1a: Hatterene|spd|1\n|\n|-heal|p1a: Hatterene|165/236|[from] item: Leftovers\n|upkeep\n|turn|21\n|\n|t:|1781391733\n|move|p2a: Chansey|Seismic Toss|p1a: Hatterene\n|-damage|p1a: Hatterene|80/236\n|move|p1a: Hatterene|Draining Kiss|p2a: Chansey\n|-damage|p2a: Chansey|412/564\n|-heal|p1a: Hatterene|162/236|[from] drain|[of] p2a: Chansey\n|\n|-heal|p1a: Hatterene|176/236|[from] item: Leftovers\n|upkeep\n|turn|22\n|\n|t:|1781391738\n|move|p2a: Chansey|Seismic Toss|p1a: Hatterene\n|-damage|p1a: Hatterene|91/236\n|move|p1a: Hatterene|Psychic|p2a: Chansey\n|-damage|p2a: Chansey|241/564\n|\n|-heal|p1a: Hatterene|105/236|[from] item: Leftovers\n|upkeep\n|turn|23\n|\n|t:|1781391742\n|move|p2a: Chansey|Seismic Toss|p1a: Hatterene\n|-damage|p1a: Hatterene|20/236\n|move|p1a: Hatterene|Draining Kiss|p2a: Chansey\n|-crit|p2a: Chansey\n|-damage|p2a: Chansey|93/564\n|-heal|p1a: Hatterene|131/236|[from] drain|[of] p2a: Chansey\n|\n|-heal|p1a: Hatterene|145/236|[from] item: Leftovers\n|upkeep\n|turn|24\n|\n|t:|1781391748\n|move|p2a: Chansey|Seismic Toss|p1a: Hatterene\n|-damage|p1a: Hatterene|60/236\n|move|p1a: Hatterene|Draining Kiss|p2a: Chansey\n|-damage|p2a: Chansey|0 fnt\n|-heal|p1a: Hatterene|130/236|[from] drain|[of] p2a: Chansey\n|faint|p2a: Chansey\n|\n|-heal|p1a: Hatterene|144/236|[from] item: Leftovers\n|upkeep\n|\n|t:|1781391753\n|switch|p2a: Gallade|Gallade, L80, M|216/240\n|turn|25\n|\n|t:|1781391768\n|-terastallize|p2a: Gallade|Dark\n|move|p2a: Gallade|Night Slash|p1a: Hatterene\n|-damage|p1a: Hatterene|0 fnt\n|faint|p1a: Hatterene\n|-damage|p2a: Gallade|192/240|[from] item: Life Orb\n|\n|upkeep\n|\n|t:|1781391787\n|switch|p1a: Wugtrio|Wugtrio, L91, M, tera:Dark|212/212\n|turn|26\n|\n|t:|1781391798\n|switch|p2a: Yanmega|Yanmega, L82, M|275/275\n|move|p1a: Wugtrio|Liquidation|p2a: Yanmega\n|-damage|p2a: Yanmega|121/275\n|-unboost|p2a: Yanmega|def|1\n|\n|upkeep\n|turn|27\n|\n|t:|1781391802\n|move|p1a: Wugtrio|Liquidation|p2a: Yanmega\n|-damage|p2a: Yanmega|0 fnt\n|faint|p2a: Yanmega\n|\n|upkeep\n|-message|recebill forfeited.\n|\n|win|Muk Muk Goodra\n|raw|Muk Muk Goodra's rating: 1974 &rarr; <strong>1993</strong><br />(+19 for winning)\n|raw|recebill's rating: 1954 &rarr; <strong>1935</strong><br />(-19 for losing)\n|l|\u2606recebill\n|player|p2|\n", "inputlog": ">version a8376a258c1d4662feba110a92103f3664a72141\n>start {\"formatid\":\"gen9randombattle\",\"seed\":\"sodium,fe09733ca6901f1a2b7e7024e25d2dd8\",\"rated\":\"Rated battle\"}\n>player p1 {\"name\":\"Muk Muk Goodra\",\"avatar\":\"dawn\",\"rating\":1974,\"seed\":\"sodium,9218a5e23bfa1c69e0bd897461bb7ffa\"}\n>player p2 {\"name\":\"recebill\",\"avatar\":\"2\",\"rating\":1954,\"seed\":\"sodium,b73a820e503c49355d71d81fb60a210b\"}\n>p1 move knockoff\n>p2 move shellsmash\n>p1 move suckerpunch\n>p2 move shellsmash\n>p1 move suckerpunch\n>p2 move shellsmash\n>p1 move suckerpunch\n>p2 move shellsmash\n>p1 move suckerpunch\n>p2 move shellsmash\n>p1 move leechlife\n>p2 move icebeam\n>p1 switch 2\n>p1 move quickattack\n>p2 move icebeam\n>p2 switch 5\n>p1 switch 3\n>p2 move dragondance\n>p1 move dragontail\n>p2 move earthquake\n>p1 move dragontail\n>p2 move earthquake\n>p1 switch 4\n>p1 move throatchop terastallize\n>p2 move dragondance\n>p1 switch 3\n>p2 move sunsteelstrike\n>p1 switch 3\n>p1 move aquajet\n>p2 move sunsteelstrike\n>p2 switch 3\n>p1 switch 5\n>p2 move bugbuzz\n>p1 move knockoff\n>p2 switch 2\n>p2 switch 4\n>p1 switch 6\n>p2 move sacredsword\n>p1 move mysticalfire\n>p2 switch 6\n>p1 move calmmind\n>p2 move thunderwave\n>p1 move calmmind\n>p2 move healbell\n>p1 move calmmind\n>p2 move seismictoss\n>p1 move drainingkiss\n>p2 move seismictoss\n>p1 move psychic\n>p2 move seismictoss\n>p1 move drainingkiss\n>p2 move seismictoss\n>p1 move drainingkiss\n>p2 move seismictoss\n>p2 switch 6\n>p1 move drainingkiss\n>p2 move nightslash terastallize\n>p1 switch 5\n>p1 move liquidation\n>p2 switch 2\n>p1 move liquidation\n>p2 move bugbuzz\n>forcelose p2", "uploadtime": 1781391538, "views": 7, "formatid": "gen9randombattle", "rating": 1935, "private": 0, "password": null}