{"id": "gen9randombattle-2631524919", "format": "[Gen 9] Random Battle", "players": ["cewki", "Green Calf"], "log": "|j|\u2606cewki\n|j|\u2606Green Calf\n|t:|1781396493\n|gametype|singles\n|player|p1|cewki|iono|1900\n|player|p2|Green Calf|266|1878\n|gen|9\n|tier|[Gen 9] Random Battle\n|rated|\n|rule|Species Clause: Limit one of each Pok\u00e9mon\n|rule|HP Percentage Mod: HP is shown in percentages\n|rule|Sleep Clause Mod: Limit one foe put to sleep\n|rule|Illusion Level Mod: Illusion disguises the Pok\u00e9mon's true level\n|\n|t:|1781396493\n|teamsize|p1|6\n|teamsize|p2|6\n|start\n|switch|p1a: Pachirisu|Pachirisu, L96, M|271/271\n|switch|p2a: Meloetta|Meloetta, L82|298/298\n|turn|1\n|inactive|Battle timer is ON: inactive players will automatically lose when time's up. (requested by cewki)\n|\n|t:|1781396526\n|switch|p2a: Sandaconda|Sandaconda, L84, F|258/258\n|move|p1a: Pachirisu|Nuzzle|p2a: Sandaconda\n|-immune|p2a: Sandaconda\n|\n|upkeep\n|turn|2\n|\n|t:|1781396535\n|move|p1a: Pachirisu|U-turn|p2a: Sandaconda\n|-damage|p2a: Sandaconda|226/258\n|\n|t:|1781396553\n|switch|p1a: Politoed|Politoed, L88, F|302/302|[from] U-turn\n|-weather|RainDance|[from] ability: Drizzle|[of] p1a: Politoed\n|move|p2a: Sandaconda|Stealth Rock|p1a: Politoed\n|-sidestart|p1: cewki|move: Stealth Rock\n|\n|-weather|RainDance|[upkeep]\n|-heal|p2a: Sandaconda|242/258|[from] item: Leftovers\n|upkeep\n|turn|3\n|\n|t:|1781396566\n|switch|p2a: Brute Bonnet|Brute Bonnet, L80|309/309\n|move|p1a: Politoed|Hydro Pump|p2a: Brute Bonnet|[miss]\n|-miss|p1a: Politoed|p2a: Brute Bonnet\n|\n|-weather|RainDance|[upkeep]\n|upkeep\n|turn|4\n|\n|t:|1781396581\n|switch|p1a: Clodsire|Clodsire, L81, M|343/343\n|-damage|p1a: Clodsire|322/343|[from] Stealth Rock\n|move|p2a: Brute Bonnet|Spore|p1a: Clodsire\n|-status|p1a: Clodsire|slp|[from] move: Spore\n|\n|-weather|RainDance|[upkeep]\n|-heal|p1a: Clodsire|343/343 slp|[from] item: Leftovers\n|upkeep\n|turn|5\n|inactive|Green Calf has 120 seconds left.\n|\n|t:|1781396633\n|-end|p2a: Brute Bonnet|Protosynthesis|[silent]\n|switch|p2a: Sandaconda|Sandaconda, L84, F|242/258\n|switch|p1a: Abomasnow|Abomasnow, L84, M|287/287\n|-damage|p1a: Abomasnow|216/287|[from] Stealth Rock\n|-weather|Snowscape|[from] ability: Snow Warning|[of] p1a: Abomasnow\n|\n|-weather|Snowscape|[upkeep]\n|-heal|p2a: Sandaconda|258/258|[from] item: Leftovers\n|upkeep\n|turn|6\n|\n|t:|1781396643\n|move|p2a: Sandaconda|Glare|p1a: Abomasnow\n|-status|p1a: Abomasnow|par\n|move|p1a: Abomasnow|Aurora Veil|p1a: Abomasnow\n|-sidestart|p1: cewki|move: Aurora Veil\n|\n|-weather|Snowscape|[upkeep]\n|upkeep\n|turn|7\n|\n|t:|1781396647\n|switch|p2a: Dusknoir|Dusknoir, L89, M|225/225\n|-item|p1a: Abomasnow|Light Clay|[from] ability: Frisk|[of] p2a: Dusknoir\n|cant|p1a: Abomasnow|par\n|\n|-weather|Snowscape|[upkeep]\n|upkeep\n|turn|8\n|inactive|Green Calf has 90 seconds left.\n|\n|t:|1781396697\n|switch|p1a: Appletun|Appletun, L92, M|352/352\n|-damage|p1a: Appletun|308/352|[from] Stealth Rock\n|move|p2a: Dusknoir|Substitute|p2a: Dusknoir\n|-start|p2a: Dusknoir|Substitute\n|-damage|p2a: Dusknoir|169/225\n|\n|-weather|Snowscape|[upkeep]\n|-heal|p2a: Dusknoir|183/225|[from] item: Leftovers\n|-heal|p1a: Appletun|330/352|[from] item: Leftovers\n|upkeep\n|turn|9\n|\n|t:|1781396704\n|move|p2a: Dusknoir|Pain Split|p1a: Appletun\n|-sethp|p1a: Appletun|256/352|[from] move: Pain Split|[silent]\n|-sethp|p2a: Dusknoir|225/225|[from] move: Pain Split\n|move|p1a: Appletun|Apple Acid|p2a: Dusknoir\n|-end|p2a: Dusknoir|Substitute\n|\n|-weather|none\n|-heal|p1a: Appletun|278/352|[from] item: Leftovers\n|upkeep\n|turn|10\n|\n|t:|1781396708\n|move|p2a: Dusknoir|Substitute|p2a: Dusknoir\n|-start|p2a: Dusknoir|Substitute\n|-damage|p2a: Dusknoir|169/225\n|move|p1a: Appletun|Apple Acid|p2a: Dusknoir\n|-end|p2a: Dusknoir|Substitute\n|\n|-heal|p2a: Dusknoir|183/225|[from] item: Leftovers\n|-heal|p1a: Appletun|300/352|[from] item: Leftovers\n|upkeep\n|turn|11\n|\n|t:|1781396711\n|move|p2a: Dusknoir|Substitute|p2a: Dusknoir\n|-start|p2a: Dusknoir|Substitute\n|-damage|p2a: Dusknoir|127/225\n|move|p1a: Appletun|Apple Acid|p2a: Dusknoir\n|-end|p2a: Dusknoir|Substitute\n|\n|-heal|p2a: Dusknoir|141/225|[from] item: Leftovers\n|-heal|p1a: Appletun|322/352|[from] item: Leftovers\n|upkeep\n|turn|12\n|\n|t:|1781396718\n|move|p2a: Dusknoir|Substitute|p2a: Dusknoir\n|-start|p2a: Dusknoir|Substitute\n|-damage|p2a: Dusknoir|85/225\n|move|p1a: Appletun|Dragon Pulse|p2a: Dusknoir\n|-end|p2a: Dusknoir|Substitute\n|\n|-heal|p2a: Dusknoir|99/225|[from] item: Leftovers\n|-heal|p1a: Appletun|344/352|[from] item: Leftovers\n|upkeep\n|turn|13\n|\n|t:|1781396721\n|move|p2a: Dusknoir|Substitute|p2a: Dusknoir\n|-start|p2a: Dusknoir|Substitute\n|-damage|p2a: Dusknoir|43/225\n|move|p1a: Appletun|Dragon Pulse|p2a: Dusknoir\n|-end|p2a: Dusknoir|Substitute\n|\n|-heal|p2a: Dusknoir|57/225|[from] item: Leftovers\n|-heal|p1a: Appletun|352/352|[from] item: Leftovers\n|-sideend|p1: cewki|move: Aurora Veil\n|upkeep\n|turn|14\n|\n|t:|1781396724\n|move|p2a: Dusknoir|Pain Split|p1a: Appletun\n|-sethp|p1a: Appletun|204/352|[from] move: Pain Split|[silent]\n|-sethp|p2a: Dusknoir|204/225|[from] move: Pain Split\n|move|p1a: Appletun|Dragon Pulse|p2a: Dusknoir\n|-damage|p2a: Dusknoir|123/225\n|\n|-heal|p2a: Dusknoir|137/225|[from] item: Leftovers\n|-heal|p1a: Appletun|226/352|[from] item: Leftovers\n|upkeep\n|turn|15\n|\n|t:|1781396730\n|move|p2a: Dusknoir|Substitute|p2a: Dusknoir\n|-start|p2a: Dusknoir|Substitute\n|-damage|p2a: Dusknoir|81/225\n|move|p1a: Appletun|Leech Seed||[still]\n|-fail|p1a: Appletun\n|\n|-heal|p2a: Dusknoir|95/225|[from] item: Leftovers\n|-heal|p1a: Appletun|248/352|[from] item: Leftovers\n|upkeep\n|turn|16\n|\n|t:|1781396732\n|move|p2a: Dusknoir|Pain Split|p1a: Appletun\n|-sethp|p1a: Appletun|171/352|[from] move: Pain Split|[silent]\n|-sethp|p2a: Dusknoir|171/225|[from] move: Pain Split\n|move|p1a: Appletun|Dragon Pulse|p2a: Dusknoir\n|-end|p2a: Dusknoir|Substitute\n|\n|-heal|p2a: Dusknoir|185/225|[from] item: Leftovers\n|-heal|p1a: Appletun|193/352|[from] item: Leftovers\n|upkeep\n|turn|17\n|\n|t:|1781396738\n|move|p2a: Dusknoir|Poltergeist|p1a: Appletun\n|-activate|p1a: Appletun|move: Poltergeist|Leftovers\n|-damage|p1a: Appletun|57/352\n|move|p1a: Appletun|Dragon Pulse|p2a: Dusknoir\n|-damage|p2a: Dusknoir|107/225\n|\n|-heal|p2a: Dusknoir|121/225|[from] item: Leftovers\n|-heal|p1a: Appletun|79/352|[from] item: Leftovers\n|upkeep\n|turn|18\n|\n|t:|1781396750\n|switch|p1a: Pachirisu|Pachirisu, L96, M|271/271\n|-damage|p1a: Pachirisu|238/271|[from] Stealth Rock\n|move|p2a: Dusknoir|Poltergeist|p1a: Pachirisu|[miss]\n|-miss|p2a: Dusknoir|p1a: Pachirisu\n|\n|-heal|p2a: Dusknoir|135/225|[from] item: Leftovers\n|upkeep\n|turn|19\n|inactive|Green Calf has 120 seconds left.\n|\n|t:|1781396782\n|move|p1a: Pachirisu|U-turn|p2a: Dusknoir\n|-resisted|p2a: Dusknoir\n|-damage|p2a: Dusknoir|122/225\n|\n|t:|1781396790\n|switch|p1a: Politoed|Politoed, L88, F|302/302|[from] U-turn\n|-damage|p1a: Politoed|265/302|[from] Stealth Rock\n|-weather|RainDance|[from] ability: Drizzle|[of] p1a: Politoed\n|move|p2a: Dusknoir|Poltergeist|p1a: Politoed\n|-activate|p1a: Politoed|move: Poltergeist|Leftovers\n|-damage|p1a: Politoed|118/302\n|\n|-weather|RainDance|[upkeep]\n|-heal|p1a: Politoed|136/302|[from] item: Leftovers\n|-heal|p2a: Dusknoir|136/225|[from] item: Leftovers\n|upkeep\n|turn|20\n|inactive|Green Calf has 120 seconds left.\n|\n|t:|1781396809\n|switch|p2a: Brute Bonnet|Brute Bonnet, L80|309/309\n|move|p1a: Politoed|Ice Beam|p2a: Brute Bonnet\n|-supereffective|p2a: Brute Bonnet\n|-damage|p2a: Brute Bonnet|173/309\n|\n|-weather|RainDance|[upkeep]\n|-heal|p1a: Politoed|154/302|[from] item: Leftovers\n|-heal|p2a: Brute Bonnet|192/309|[from] item: Leftovers\n|upkeep\n|turn|21\n|\n|t:|1781396814\n|move|p1a: Politoed|Ice Beam|p2a: Brute Bonnet\n|-supereffective|p2a: Brute Bonnet\n|-damage|p2a: Brute Bonnet|74/309\n|move|p2a: Brute Bonnet|Crunch|p1a: Politoed\n|-damage|p1a: Politoed|46/302\n|\n|-weather|RainDance|[upkeep]\n|-heal|p1a: Politoed|64/302|[from] item: Leftovers\n|-heal|p2a: Brute Bonnet|93/309|[from] item: Leftovers\n|upkeep\n|turn|22\n|\n|t:|1781396819\n|move|p2a: Brute Bonnet|Sucker Punch|p1a: Politoed\n|-damage|p1a: Politoed|0 fnt\n|faint|p1a: Politoed\n|\n|-weather|RainDance|[upkeep]\n|-heal|p2a: Brute Bonnet|112/309|[from] item: Leftovers\n|upkeep\n|\n|t:|1781396823\n|switch|p1a: Floatzel|Floatzel, L86, M|286/286\n|-damage|p1a: Floatzel|251/286|[from] Stealth Rock\n|turn|23\n|inactive|Green Calf has 120 seconds left.\n|\n|t:|1781396863\n|move|p2a: Brute Bonnet|Sucker Punch|p1a: Floatzel\n|-damage|p1a: Floatzel|145/286\n|move|p1a: Floatzel|Ice Spinner|p2a: Brute Bonnet\n|-supereffective|p2a: Brute Bonnet\n|-damage|p2a: Brute Bonnet|0 fnt\n|faint|p2a: Brute Bonnet\n|-end|p2a: Brute Bonnet|Protosynthesis|[silent]\n|\n|-weather|none\n|upkeep\n|\n|t:|1781396871\n|switch|p2a: Dusknoir|Dusknoir, L89, M|136/225\n|-item|p1a: Floatzel|Choice Band|[from] ability: Frisk|[of] p2a: Dusknoir\n|turn|24\n|\n|t:|1781396883\n|switch|p1a: Appletun|Appletun, L92, M|79/352\n|-damage|p1a: Appletun|35/352|[from] Stealth Rock\n|move|p2a: Dusknoir|Poltergeist|p1a: Appletun\n|-activate|p1a: Appletun|move: Poltergeist|Leftovers\n|-damage|p1a: Appletun|0 fnt\n|faint|p1a: Appletun\n|\n|-heal|p2a: Dusknoir|150/225|[from] item: Leftovers\n|upkeep\n|\n|t:|1781396885\n|switch|p1a: Abomasnow|Abomasnow, L84, M|216/287 par\n|-damage|p1a: Abomasnow|145/287 par|[from] Stealth Rock\n|-weather|Snowscape|[from] ability: Snow Warning|[of] p1a: Abomasnow\n|turn|25\n|inactive|Green Calf has 120 seconds left.\n|\n|t:|1781396927\n|move|p2a: Dusknoir|Substitute|p2a: Dusknoir\n|-start|p2a: Dusknoir|Substitute\n|-damage|p2a: Dusknoir|94/225\n|cant|p1a: Abomasnow|par\n|\n|-weather|Snowscape|[upkeep]\n|-heal|p2a: Dusknoir|108/225|[from] item: Leftovers\n|upkeep\n|turn|26\n|\n|t:|1781396944\n|-singleturn|p2a: Dusknoir|move: Focus Punch\n|move|p1a: Abomasnow|Aurora Veil|p1a: Abomasnow\n|-sidestart|p1: cewki|move: Aurora Veil\n|move|p2a: Dusknoir|Focus Punch|p1a: Abomasnow\n|-supereffective|p1a: Abomasnow\n|-damage|p1a: Abomasnow|49/287 par\n|\n|-weather|Snowscape|[upkeep]\n|-heal|p2a: Dusknoir|122/225|[from] item: Leftovers\n|upkeep\n|turn|27\n|\n|t:|1781396952\n|-singleturn|p2a: Dusknoir|move: Focus Punch\n|move|p1a: Abomasnow|Blizzard|p2a: Dusknoir\n|-end|p2a: Dusknoir|Substitute\n|move|p2a: Dusknoir|Focus Punch|p1a: Abomasnow\n|-supereffective|p1a: Abomasnow\n|-damage|p1a: Abomasnow|0 fnt\n|faint|p1a: Abomasnow\n|\n|-weather|Snowscape|[upkeep]\n|-heal|p2a: Dusknoir|136/225|[from] item: Leftovers\n|upkeep\n|\n|t:|1781396964\n|switch|p1a: Floatzel|Floatzel, L86, M|145/286\n|-damage|p1a: Floatzel|110/286|[from] Stealth Rock\n|turn|28\n|inactive|Green Calf has 120 seconds left.\n|inactive|Green Calf has 90 seconds left.\n|\n|t:|1781397004\n|-terastallize|p1a: Floatzel|Water\n|move|p1a: Floatzel|Wave Crash|p2a: Dusknoir\n|-crit|p2a: Dusknoir\n|-damage|p2a: Dusknoir|0 fnt\n|faint|p2a: Dusknoir\n|-damage|p1a: Floatzel|65/286|[from] Recoil\n|\n|-weather|Snowscape|[upkeep]\n|upkeep\n|inactive|Green Calf has 90 seconds left.\n|\n|t:|1781397012\n|switch|p2a: Snorlax|Snorlax, L82, M|397/397\n|turn|29\n|\n|t:|1781397033\n|switch|p1a: Pachirisu|Pachirisu, L96, M|238/271\n|-damage|p1a: Pachirisu|205/271|[from] Stealth Rock\n|move|p2a: Snorlax|Body Slam|p1a: Pachirisu\n|-damage|p1a: Pachirisu|156/271\n|\n|-weather|none\n|upkeep\n|turn|30\n|inactive|Green Calf has 90 seconds left.\n|\n|t:|1781397072\n|move|p1a: Pachirisu|Super Fang|p2a: Snorlax\n|-damage|p2a: Snorlax|199/397\n|move|p2a: Snorlax|Earthquake|p1a: Pachirisu\n|-supereffective|p1a: Pachirisu\n|-damage|p1a: Pachirisu|79/271\n|\n|upkeep\n|turn|31\n|\n|t:|1781397084\n|switch|p2a: Sandaconda|Sandaconda, L84, F|258/258\n|move|p1a: Pachirisu|U-turn|p2a: Sandaconda\n|-damage|p2a: Sandaconda|227/258\n|\n|t:|1781397089\n|switch|p1a: Floatzel|Floatzel, L86, M, tera:Water|65/286|[from] U-turn\n|-damage|p1a: Floatzel|30/286|[from] Stealth Rock\n|\n|-heal|p2a: Sandaconda|243/258|[from] item: Leftovers\n|upkeep\n|turn|32\n|inactive|Green Calf has 90 seconds left.\n|\n|t:|1781397108\n|move|p1a: Floatzel|Wave Crash|p2a: Sandaconda\n|-supereffective|p2a: Sandaconda\n|-damage|p2a: Sandaconda|0 fnt\n|faint|p2a: Sandaconda\n|-damage|p1a: Floatzel|0 fnt|[from] Recoil\n|faint|p1a: Floatzel\n|\n|upkeep\n|inactive|cewki has 120 seconds left.\n|\n|t:|1781397140\n|switch|p1a: Clodsire|Clodsire, L81, M|343/343 slp\n|switch|p2a: Meloetta|Meloetta, L82|298/298\n|-damage|p1a: Clodsire|322/343 slp|[from] Stealth Rock\n|turn|33\n|inactive|Green Calf has 90 seconds left.\n|\n|t:|1781397150\n|move|p2a: Meloetta|Psyshock|p1a: Clodsire\n|-supereffective|p1a: Clodsire\n|-damage|p1a: Clodsire|106/343 slp\n|cant|p1a: Clodsire|slp\n|\n|-heal|p1a: Clodsire|127/343 slp|[from] item: Leftovers\n|-sideend|p1: cewki|move: Aurora Veil\n|upkeep\n|turn|34\n|\n|t:|1781397152\n|move|p2a: Meloetta|Psyshock|p1a: Clodsire\n|-supereffective|p1a: Clodsire\n|-damage|p1a: Clodsire|0 fnt\n|faint|p1a: Clodsire\n|\n|upkeep\n|\n|t:|1781397154\n|switch|p1a: Pachirisu|Pachirisu, L96, M|79/271\n|-damage|p1a: Pachirisu|46/271|[from] Stealth Rock\n|turn|35\n|inactive|Green Calf has 90 seconds left.\n|inactive|cewki has 120 seconds left.\n|inactive|cewki has 90 seconds left.\n|inactive|cewki has 60 seconds left.\n|inactive|cewki has 30 seconds left.\n|inactive|cewki has 20 seconds left.\n|inactive|cewki has 15 seconds left.\n|inactive|cewki has 10 seconds left.\n|inactive|cewki has 5 seconds left.\n|-message|cewki lost due to inactivity.\n|\n|win|Green Calf\n|raw|cewki's rating: 1900 &rarr; <strong>1879</strong><br />(-21 for losing)\n|raw|Green Calf's rating: 1878 &rarr; <strong>1899</strong><br />(+21 for winning)\n", "inputlog": ">version a8376a258c1d4662feba110a92103f3664a72141\n>start {\"formatid\":\"gen9randombattle\",\"seed\":\"sodium,083a0d6af3cc8ac9abbd4e38e94fdf76\",\"rated\":\"Rated battle\"}\n>player p1 {\"name\":\"cewki\",\"avatar\":\"iono\",\"rating\":1900,\"seed\":\"sodium,1fa7a884b9a84a58367d22a58b770e13\"}\n>player p2 {\"name\":\"Green Calf\",\"avatar\":\"266\",\"rating\":1878,\"seed\":\"sodium,a5e73c40698d7097ba069a312b59d8c2\"}\n>p1 move nuzzle\n>p2 switch 3\n>p1 move uturn\n>p2 move stealthrock\n>p1 switch 4\n>p1 move hydropump\n>p2 switch 4\n>p1 switch 2\n>p2 move spore\n>p1 switch 3\n>p2 switch 4\n>p1 move auroraveil\n>p2 move glare\n>p1 move blizzard\n>p2 switch 6\n>p1 switch 6\n>p2 move substitute\n>p1 move appleacid\n>p2 move painsplit\n>p1 move appleacid\n>p2 move substitute\n>p1 move appleacid\n>p2 move substitute\n>p1 move dragonpulse\n>p2 move substitute\n>p1 move dragonpulse\n>p2 move substitute\n>p1 move dragonpulse\n>p2 move painsplit\n>p1 move leechseed\n>p2 move substitute\n>p1 move dragonpulse\n>p2 move painsplit\n>p1 move dragonpulse\n>p2 move poltergeist\n>p1 switch 4\n>p2 move poltergeist\n>p1 move uturn\n>p2 move poltergeist\n>p1 switch 2\n>p1 move icebeam\n>p2 switch 4\n>p1 move icebeam\n>p2 move crunch\n>p1 move icebeam\n>p2 move suckerpunch\n>p1 switch 5\n>p1 move icespinner\n>p2 move suckerpunch\n>p2 switch 4\n>p1 switch 4\n>p2 move poltergeist\n>p1 switch 6\n>p1 move blizzard\n>p2 move substitute\n>p1 move auroraveil\n>p2 move focuspunch\n>p1 move blizzard\n>p2 move focuspunch\n>p1 switch 4\n>p1 move wavecrash terastallize\n>p2 move poltergeist\n>p2 switch 2\n>p1 switch 2\n>p2 move bodyslam\n>p1 move superfang\n>p2 move earthquake\n>p1 move uturn\n>p2 switch 6\n>p1 switch 2\n>p1 move wavecrash\n>p2 move earthquake\n>p1 switch 3\n>p2 switch 3\n>p1 move gunkshot\n>p2 move psyshock\n>p1 move gunkshot\n>p2 move psyshock\n>p1 switch 2\n>forcelose p1", "uploadtime": 1781397304, "views": 4, "formatid": "gen9randombattle", "rating": 1879, "private": 0, "password": null}