{"id": "gen9randombattle-2631926068", "format": "[Gen 9] Random Battle", "players": ["Gngbngchoochotrain", "TheKingofGlers"], "log": "|j|\u2606Gngbngchoochotrain\n|j|\u2606TheKingofGlers\n|t:|1781456361\n|gametype|singles\n|player|p1|Gngbngchoochotrain|101|1614\n|player|p2|TheKingofGlers|clair|1653\n|gen|9\n|tier|[Gen 9] Random Battle\n|rated|\n|rule|Species Clause: Limit one of each Pok\u00e9mon\n|rule|HP Percentage Mod: HP is shown in percentages\n|rule|Sleep Clause Mod: Limit one foe put to sleep\n|rule|Illusion Level Mod: Illusion disguises the Pok\u00e9mon's true level\n|\n|t:|1781456361\n|teamsize|p1|6\n|teamsize|p2|6\n|start\n|switch|p1a: Diancie|Diancie, L82|216/216\n|switch|p2a: Articuno|Articuno, L86|295/295\n|-ability|p2a: Articuno|Pressure\n|turn|1\n|inactive|Battle timer is ON: inactive players will automatically lose when time's up. (requested by TheKingofGlers)\n|c|\u2606TheKingofGlers|oh no\n|\n|t:|1781456380\n|switch|p2a: Politoed|Politoed, L88, M|302/302\n|-weather|RainDance|[from] ability: Drizzle|[of] p2a: Politoed\n|move|p1a: Diancie|Diamond Storm|p2a: Politoed\n|-damage|p2a: Politoed|196/302\n|\n|-weather|RainDance|[upkeep]\n|upkeep\n|turn|2\n|c|\u2606Gngbngchoochotrain|?\n|\n|t:|1781456402\n|switch|p1a: Quagsire|Quagsire, L84, F|297/297\n|move|p2a: Politoed|Hydro Pump|p1a: Quagsire\n|-damage|p1a: Quagsire|68/297\n|\n|-weather|RainDance|[upkeep]\n|-heal|p1a: Quagsire|86/297|[from] item: Leftovers\n|upkeep\n|turn|3\n|\n|t:|1781456409\n|move|p2a: Politoed|Hydro Pump|p1a: Quagsire|[miss]\n|-miss|p2a: Politoed|p1a: Quagsire\n|move|p1a: Quagsire|Recover|p1a: Quagsire\n|-heal|p1a: Quagsire|235/297\n|\n|-weather|RainDance|[upkeep]\n|-heal|p1a: Quagsire|253/297|[from] item: Leftovers\n|upkeep\n|turn|4\n|\n|t:|1781456414\n|move|p2a: Politoed|Hydro Pump|p1a: Quagsire\n|-damage|p1a: Quagsire|28/297\n|move|p1a: Quagsire|Recover|p1a: Quagsire\n|-heal|p1a: Quagsire|177/297\n|\n|-weather|RainDance|[upkeep]\n|-heal|p1a: Quagsire|195/297|[from] item: Leftovers\n|upkeep\n|turn|5\n|\n|t:|1781456418\n|move|p2a: Politoed|Hydro Pump|p1a: Quagsire\n|-damage|p1a: Quagsire|0 fnt\n|faint|p1a: Quagsire\n|\n|-weather|none\n|upkeep\n|\n|t:|1781456433\n|switch|p1a: Furret|Furret, L94, M|312/312\n|-item|p2a: Politoed|Chesto Berry|[from] ability: Frisk|[of] p1a: Furret\n|turn|6\n|\n|t:|1781456441\n|move|p1a: Furret|Tidy Up|p1a: Furret\n|-boost|p1a: Furret|atk|1\n|-boost|p1a: Furret|spe|1\n|move|p2a: Politoed|Rest|p2a: Politoed\n|-status|p2a: Politoed|slp|[from] move: Rest\n|-heal|p2a: Politoed|302/302 slp|[silent]\n|-enditem|p2a: Politoed|Chesto Berry|[eat]\n|-curestatus|p2a: Politoed|slp|[msg]\n|\n|upkeep\n|turn|7\n|\n|t:|1781456446\n|move|p1a: Furret|Tidy Up|p1a: Furret\n|-boost|p1a: Furret|atk|1\n|-boost|p1a: Furret|spe|1\n|move|p2a: Politoed|Hypnosis|p1a: Furret\n|-status|p1a: Furret|slp|[from] move: Hypnosis\n|\n|upkeep\n|turn|8\n|\n|t:|1781456462\n|cant|p1a: Furret|slp\n|move|p2a: Politoed|Ice Beam|p1a: Furret\n|-damage|p1a: Furret|229/312 slp\n|\n|upkeep\n|turn|9\n|\n|t:|1781456469\n|cant|p1a: Furret|slp\n|move|p2a: Politoed|Hydro Pump|p1a: Furret\n|-damage|p1a: Furret|90/312 slp\n|\n|upkeep\n|turn|10\n|\n|t:|1781456474\n|cant|p1a: Furret|slp\n|move|p2a: Politoed|Hydro Pump|p1a: Furret\n|-damage|p1a: Furret|0 fnt\n|faint|p1a: Furret\n|\n|upkeep\n|\n|t:|1781456489\n|switch|p1a: Bisharp|Bisharp, L79, F|232/232\n|turn|11\n|\n|t:|1781456492\n|move|p2a: Politoed|Hypnosis|p1a: Bisharp\n|-status|p1a: Bisharp|slp|[from] move: Hypnosis\n|cant|p1a: Bisharp|slp\n|\n|upkeep\n|turn|12\n|c|\u2606Gngbngchoochotrain|You\u2019re gay\n|inactive|TheKingofGlers has 120 seconds left.\n|\n|t:|1781456535\n|switch|p2a: Lycanroc|Lycanroc, L86, M|269/269\n|switch|p1a: Froslass|Froslass, L87, F|263/263\n|\n|upkeep\n|turn|13\n|\n|t:|1781456543\n|move|p2a: Lycanroc|Stone Edge|p1a: Froslass\n|-supereffective|p1a: Froslass\n|-damage|p1a: Froslass|0 fnt\n|faint|p1a: Froslass\n|-damage|p2a: Lycanroc|243/269|[from] item: Life Orb\n|\n|upkeep\n|\n|t:|1781456552\n|switch|p1a: Basculegion|Basculegion, L80, M|323/323\n|turn|14\n|\n|t:|1781456559\n|move|p2a: Lycanroc|Crunch|p1a: Basculegion\n|-supereffective|p1a: Basculegion\n|-damage|p1a: Basculegion|99/323\n|-damage|p2a: Lycanroc|217/269|[from] item: Life Orb\n|move|p1a: Basculegion|Flip Turn|p2a: Lycanroc\n|-supereffective|p2a: Lycanroc\n|-damage|p2a: Lycanroc|5/269\n|\n|t:|1781456563\n|switch|p1a: Bisharp|Bisharp, L79, F|232/232 slp|[from] Flip Turn\n|\n|upkeep\n|turn|15\n|\n|t:|1781456567\n|-curestatus|p1a: Bisharp|slp|[msg]\n|move|p1a: Bisharp|Sucker Punch||[still]\n|-fail|p1a: Bisharp\n|move|p2a: Lycanroc|Swords Dance|p2a: Lycanroc\n|-boost|p2a: Lycanroc|atk|2\n|\n|upkeep\n|turn|16\n|\n|t:|1781456571\n|move|p1a: Bisharp|Sucker Punch|p2a: Lycanroc\n|-damage|p2a: Lycanroc|0 fnt\n|faint|p2a: Lycanroc\n|\n|upkeep\n|\n|t:|1781456576\n|switch|p2a: Gastrodon|Gastrodon-East, L86, F|331/331\n|turn|17\n|\n|t:|1781456583\n|-terastallize|p1a: Bisharp|Flying\n|move|p1a: Bisharp|Throat Chop|p2a: Gastrodon\n|-damage|p2a: Gastrodon|229/331\n|-start|p2a: Gastrodon|Throat Chop|[silent]\n|move|p2a: Gastrodon|Earthquake|p1a: Bisharp\n|-immune|p1a: Bisharp\n|\n|-heal|p2a: Gastrodon|249/331|[from] item: Leftovers\n|upkeep\n|turn|18\n|\n|t:|1781456590\n|move|p1a: Bisharp|Sucker Punch|p2a: Gastrodon\n|-damage|p2a: Gastrodon|162/331\n|move|p2a: Gastrodon|Surf|p1a: Bisharp\n|-damage|p1a: Bisharp|156/232\n|\n|-heal|p2a: Gastrodon|182/331|[from] item: Leftovers\n|-end|p2a: Gastrodon|Throat Chop|[silent]\n|upkeep\n|turn|19\n|\n|t:|1781456595\n|move|p1a: Bisharp|Throat Chop|p2a: Gastrodon\n|-damage|p2a: Gastrodon|82/331\n|-start|p2a: Gastrodon|Throat Chop|[silent]\n|move|p2a: Gastrodon|Recover|p2a: Gastrodon\n|-heal|p2a: Gastrodon|248/331\n|\n|-heal|p2a: Gastrodon|268/331|[from] item: Leftovers\n|upkeep\n|turn|20\n|\n|t:|1781456598\n|move|p1a: Bisharp|Stealth Rock|p2a: Gastrodon\n|-sidestart|p2: TheKingofGlers|move: Stealth Rock\n|move|p2a: Gastrodon|Surf|p1a: Bisharp\n|-damage|p1a: Bisharp|81/232\n|\n|-heal|p2a: Gastrodon|288/331|[from] item: Leftovers\n|-end|p2a: Gastrodon|Throat Chop|[silent]\n|upkeep\n|turn|21\n|\n|t:|1781456602\n|move|p1a: Bisharp|Throat Chop|p2a: Gastrodon\n|-damage|p2a: Gastrodon|177/331\n|-start|p2a: Gastrodon|Throat Chop|[silent]\n|move|p2a: Gastrodon|Surf|p1a: Bisharp\n|-damage|p1a: Bisharp|5/232\n|\n|-heal|p2a: Gastrodon|197/331|[from] item: Leftovers\n|upkeep\n|turn|22\n|\n|t:|1781456605\n|move|p1a: Bisharp|Throat Chop|p2a: Gastrodon\n|-damage|p2a: Gastrodon|85/331\n|move|p2a: Gastrodon|Recover|p2a: Gastrodon\n|-heal|p2a: Gastrodon|251/331\n|\n|-heal|p2a: Gastrodon|271/331|[from] item: Leftovers\n|-end|p2a: Gastrodon|Throat Chop|[silent]\n|upkeep\n|turn|23\n|\n|t:|1781456608\n|move|p1a: Bisharp|Throat Chop|p2a: Gastrodon\n|-damage|p2a: Gastrodon|171/331\n|-start|p2a: Gastrodon|Throat Chop|[silent]\n|move|p2a: Gastrodon|Recover|p2a: Gastrodon\n|-heal|p2a: Gastrodon|331/331\n|\n|upkeep\n|turn|24\n|\n|t:|1781456610\n|move|p1a: Bisharp|Throat Chop|p2a: Gastrodon\n|-damage|p2a: Gastrodon|231/331\n|move|p2a: Gastrodon|Surf|p1a: Bisharp\n|-damage|p1a: Bisharp|0 fnt\n|faint|p1a: Bisharp\n|\n|-heal|p2a: Gastrodon|251/331|[from] item: Leftovers\n|-end|p2a: Gastrodon|Throat Chop|[silent]\n|upkeep\n|\n|t:|1781456612\n|switch|p1a: Basculegion|Basculegion, L80, M|99/323\n|turn|25\n|\n|t:|1781456619\n|switch|p2a: Girafarig|Girafarig, L89, M|269/269\n|-damage|p2a: Girafarig|236/269|[from] Stealth Rock\n|move|p1a: Basculegion|Wave Crash|p2a: Girafarig\n|-damage|p2a: Girafarig|104/269\n|-damage|p1a: Basculegion|55/323|[from] Recoil\n|\n|upkeep\n|turn|26\n|\n|t:|1781456633\n|move|p1a: Basculegion|Aqua Jet|p2a: Girafarig\n|-damage|p2a: Girafarig|60/269\n|move|p2a: Girafarig|Thunderbolt|p1a: Basculegion\n|-supereffective|p1a: Basculegion\n|-damage|p1a: Basculegion|0 fnt\n|faint|p1a: Basculegion\n|\n|upkeep\n|\n|t:|1781456636\n|switch|p1a: Diancie|Diancie, L82|216/216\n|turn|27\n|\n|t:|1781456640\n|move|p2a: Girafarig|Nasty Plot|p2a: Girafarig\n|-boost|p2a: Girafarig|spa|2\n|move|p1a: Diancie|Rock Polish|p1a: Diancie\n|-boost|p1a: Diancie|spe|2\n|\n|upkeep\n|turn|28\n|\n|t:|1781456647\n|move|p1a: Diancie|Diamond Storm|p2a: Girafarig\n|-damage|p2a: Girafarig|0 fnt\n|faint|p2a: Girafarig\n|\n|upkeep\n|\n|t:|1781456656\n|switch|p2a: Gastrodon|Gastrodon-East, L86, F|251/331\n|-damage|p2a: Gastrodon|231/331|[from] Stealth Rock\n|turn|29\n|\n|t:|1781456659\n|move|p1a: Diancie|Diamond Storm|p2a: Gastrodon\n|-resisted|p2a: Gastrodon\n|-damage|p2a: Gastrodon|174/331\n|move|p2a: Gastrodon|Clear Smog|p1a: Diancie\n|-damage|p1a: Diancie|193/216\n|-clearboost|p1a: Diancie\n|\n|-heal|p1a: Diancie|206/216|[from] item: Leftovers\n|-heal|p2a: Gastrodon|194/331|[from] item: Leftovers\n|upkeep\n|turn|30\n|\n|t:|1781456664\n|move|p1a: Diancie|Diamond Storm|p2a: Gastrodon\n|-resisted|p2a: Gastrodon\n|-damage|p2a: Gastrodon|133/331\n|move|p2a: Gastrodon|Surf|p1a: Diancie\n|-supereffective|p1a: Diancie\n|-damage|p1a: Diancie|80/216\n|\n|-heal|p1a: Diancie|93/216|[from] item: Leftovers\n|-heal|p2a: Gastrodon|153/331|[from] item: Leftovers\n|upkeep\n|turn|31\n|\n|t:|1781456667\n|move|p1a: Diancie|Diamond Storm|p2a: Gastrodon\n|-resisted|p2a: Gastrodon\n|-damage|p2a: Gastrodon|95/331\n|move|p2a: Gastrodon|Recover|p2a: Gastrodon\n|-heal|p2a: Gastrodon|261/331\n|\n|-heal|p1a: Diancie|106/216|[from] item: Leftovers\n|-heal|p2a: Gastrodon|281/331|[from] item: Leftovers\n|upkeep\n|turn|32\n|\n|t:|1781456670\n|move|p1a: Diancie|Diamond Storm|p2a: Gastrodon\n|-resisted|p2a: Gastrodon\n|-damage|p2a: Gastrodon|215/331\n|-boost|p1a: Diancie|def|2\n|move|p2a: Gastrodon|Surf|p1a: Diancie\n|-supereffective|p1a: Diancie\n|-damage|p1a: Diancie|0 fnt\n|faint|p1a: Diancie\n|\n|win|TheKingofGlers\n", "inputlog": ">version a8376a258c1d4662feba110a92103f3664a72141\n>start {\"formatid\":\"gen9randombattle\",\"seed\":\"sodium,8e58f8c8bd97379292cede37dda529d1\",\"rated\":\"Rated battle\"}\n>player p1 {\"name\":\"Gngbngchoochotrain\",\"avatar\":\"101\",\"rating\":1614,\"seed\":\"sodium,379c8dd7aa22194d1a7ad5bc5994c7e8\"}\n>player p2 {\"name\":\"TheKingofGlers\",\"avatar\":\"clair\",\"rating\":1653,\"seed\":\"sodium,4ef03cb70dfea64c59faf4b48848b980\"}\n>chat \u2606TheKingofGlers|oh no\n>p1 move diamondstorm\n>p2 switch 5\n>chat \u2606Gngbngchoochotrain|?\n>p1 switch 4\n>p2 move hydropump\n>p1 move recover\n>p2 move hydropump\n>p1 move recover\n>p2 move hydropump\n>p1 move recover\n>p2 move hydropump\n>p1 switch 6\n>p1 move tidyup\n>p2 move rest\n>p1 move tidyup\n>p2 move hypnosis\n>p1 move doubleedge\n>p2 move icebeam\n>p1 move doubleedge\n>p2 move hydropump\n>p1 move doubleedge\n>p2 move hydropump\n>p1 switch 2\n>p1 move throatchop\n>p2 move hypnosis\n>chat \u2606Gngbngchoochotrain|You\u2019re gay \n>p1 switch 5\n>p2 switch 3\n>p1 move destinybond\n>p2 move stoneedge\n>p1 switch 3\n>p1 move flipturn\n>p2 move crunch\n>p1 switch 5\n>p1 move suckerpunch\n>p2 move swordsdance\n>p1 move suckerpunch\n>p2 move closecombat\n>p2 switch 6\n>p1 move throatchop terastallize\n>p2 move earthquake\n>p1 move suckerpunch\n>p2 move surf\n>p1 move throatchop\n>p2 move recover\n>p1 move stealthrock\n>p2 move surf\n>p1 move throatchop\n>p2 move surf\n>p1 move throatchop\n>p2 move recover\n>p1 move throatchop\n>p2 move recover\n>p1 move throatchop\n>p2 move surf\n>p1 switch 5\n>p1 move wavecrash\n>p2 switch 4\n>p1 move aquajet\n>p2 move thunderbolt\n>p1 switch 4\n>p1 move rockpolish\n>p2 move nastyplot\n>p1 move diamondstorm\n>p2 move psyshock\n>p2 switch 4\n>p1 move diamondstorm\n>p2 move clearsmog\n>p1 move diamondstorm\n>p2 move surf\n>p1 move diamondstorm\n>p2 move recover\n>p1 move diamondstorm\n>p2 move surf", "uploadtime": 1781456528, "views": 4, "formatid": "gen9randombattle", "rating": null, "private": 0, "password": null}