{"id": "gen9randombattle-2631972816", "format": "[Gen 9] Random Battle", "players": ["TaleThatWasntRight", "Chadlott"], "log": "|j|\u2606TaleThatWasntRight\n|j|\u2606Chadlott\n|t:|1781461498\n|gametype|singles\n|player|p1|TaleThatWasntRight|battlegirl-gen4|1187\n|player|p2|Chadlott|marshal|1207\n|gen|9\n|tier|[Gen 9] Random Battle\n|rated|\n|rule|Species Clause: Limit one of each Pok\u00e9mon\n|rule|HP Percentage Mod: HP is shown in percentages\n|rule|Sleep Clause Mod: Limit one foe put to sleep\n|rule|Illusion Level Mod: Illusion disguises the Pok\u00e9mon's true level\n|\n|t:|1781461498\n|teamsize|p1|6\n|teamsize|p2|6\n|start\n|switch|p1a: Haxorus|Haxorus, L77, M|244/244\n|switch|p2a: Tatsugiri|Tatsugiri, L87, M|260/260\n|-ability|p1a: Haxorus|Mold Breaker\n|turn|1\n|inactive|Battle timer is ON: inactive players will automatically lose when time's up. (requested by TaleThatWasntRight)\n|\n|t:|1781461514\n|switch|p1a: Cresselia|Cresselia, L80, F|323/323\n|move|p2a: Tatsugiri|Rapid Spin|p1a: Cresselia\n|-damage|p1a: Cresselia|300/323\n|-boost|p2a: Tatsugiri|spe|1\n|\n|-heal|p1a: Cresselia|320/323|[from] item: Leftovers\n|upkeep\n|turn|2\n|\n|t:|1781461522\n|move|p2a: Tatsugiri|Nasty Plot|p2a: Tatsugiri\n|-boost|p2a: Tatsugiri|spa|2\n|move|p1a: Cresselia|Calm Mind|p1a: Cresselia\n|-boost|p1a: Cresselia|spa|1\n|-boost|p1a: Cresselia|spd|1\n|\n|-heal|p1a: Cresselia|323/323|[from] item: Leftovers\n|upkeep\n|turn|3\n|\n|t:|1781461537\n|move|p2a: Tatsugiri|Draco Meteor|p1a: Cresselia\n|-damage|p1a: Cresselia|121/323\n|-unboost|p2a: Tatsugiri|spa|2\n|move|p1a: Cresselia|Calm Mind|p1a: Cresselia\n|-boost|p1a: Cresselia|spa|1\n|-boost|p1a: Cresselia|spd|1\n|\n|-heal|p1a: Cresselia|141/323|[from] item: Leftovers\n|upkeep\n|turn|4\n|\n|t:|1781461547\n|move|p2a: Tatsugiri|Nasty Plot|p2a: Tatsugiri\n|-boost|p2a: Tatsugiri|spa|2\n|move|p1a: Cresselia|Moonlight|p1a: Cresselia\n|-heal|p1a: Cresselia|302/323\n|\n|-heal|p1a: Cresselia|322/323|[from] item: Leftovers\n|upkeep\n|turn|5\n|\n|t:|1781461550\n|move|p2a: Tatsugiri|Nasty Plot|p2a: Tatsugiri\n|-boost|p2a: Tatsugiri|spa|2\n|move|p1a: Cresselia|Calm Mind|p1a: Cresselia\n|-boost|p1a: Cresselia|spa|1\n|-boost|p1a: Cresselia|spd|1\n|\n|-heal|p1a: Cresselia|323/323|[from] item: Leftovers\n|upkeep\n|turn|6\n|\n|t:|1781461561\n|move|p2a: Tatsugiri|Draco Meteor|p1a: Cresselia|[miss]\n|-miss|p2a: Tatsugiri|p1a: Cresselia\n|move|p1a: Cresselia|Psyshock|p2a: Tatsugiri\n|-damage|p2a: Tatsugiri|41/260\n|\n|upkeep\n|turn|7\n|\n|t:|1781461568\n|move|p2a: Tatsugiri|Draco Meteor|p1a: Cresselia\n|-damage|p1a: Cresselia|163/323\n|-unboost|p2a: Tatsugiri|spa|2\n|move|p1a: Cresselia|Psyshock|p2a: Tatsugiri\n|-damage|p2a: Tatsugiri|0 fnt\n|faint|p2a: Tatsugiri\n|\n|-heal|p1a: Cresselia|183/323|[from] item: Leftovers\n|upkeep\n|\n|t:|1781461573\n|switch|p2a: Meowscarada|Meowscarada, L78, F|247/247\n|turn|8\n|\n|t:|1781461583\n|-terastallize|p1a: Cresselia|Poison\n|move|p2a: Meowscarada|Knock Off|p1a: Cresselia\n|-start|p2a: Meowscarada|typechange|Dark|[from] ability: Protean\n|-damage|p1a: Cresselia|51/323\n|-enditem|p1a: Cresselia|Leftovers|[from] move: Knock Off|[of] p2a: Meowscarada\n|move|p1a: Cresselia|Thunderbolt|p2a: Meowscarada\n|-damage|p2a: Meowscarada|103/247\n|\n|upkeep\n|turn|9\n|\n|t:|1781461590\n|move|p2a: Meowscarada|Knock Off|p1a: Cresselia\n|-damage|p1a: Cresselia|0 fnt\n|faint|p1a: Cresselia\n|\n|upkeep\n|\n|t:|1781461595\n|switch|p1a: Iron Moth|Iron Moth, L78|253/253\n|turn|10\n|\n|t:|1781461607\n|move|p2a: Meowscarada|Knock Off|p1a: Iron Moth\n|-damage|p1a: Iron Moth|34/253\n|-enditem|p1a: Iron Moth|Heavy-Duty Boots|[from] move: Knock Off|[of] p2a: Meowscarada\n|move|p1a: Iron Moth|Fiery Dance|p2a: Meowscarada\n|-damage|p2a: Meowscarada|0 fnt\n|-boost|p1a: Iron Moth|spa|1\n|faint|p2a: Meowscarada\n|\n|upkeep\n|\n|t:|1781461614\n|switch|p2a: Sandslash|Sandslash, L89, M|278/278\n|turn|11\n|\n|t:|1781461621\n|move|p1a: Iron Moth|Energy Ball|p2a: Sandslash\n|-supereffective|p2a: Sandslash\n|-damage|p2a: Sandslash|0 fnt\n|faint|p2a: Sandslash\n|\n|upkeep\n|\n|t:|1781461626\n|switch|p2a: Empoleon|Empoleon, L84, M|278/278\n|turn|12\n|\n|t:|1781461635\n|move|p1a: Iron Moth|Energy Ball|p2a: Empoleon\n|-damage|p2a: Empoleon|176/278\n|move|p2a: Empoleon|Surf|p1a: Iron Moth\n|-supereffective|p1a: Iron Moth\n|-damage|p1a: Iron Moth|0 fnt\n|faint|p1a: Iron Moth\n|-end|p1a: Iron Moth|Quark Drive|[silent]\n|\n|-heal|p2a: Empoleon|193/278|[from] item: Leftovers\n|upkeep\n|\n|t:|1781461640\n|switch|p1a: Dusknoir|Dusknoir, L89, F|225/225\n|-item|p2a: Empoleon|Leftovers|[from] ability: Frisk|[of] p1a: Dusknoir\n|turn|13\n|\n|t:|1781461657\n|move|p2a: Empoleon|Knock Off|p1a: Dusknoir\n|-supereffective|p1a: Dusknoir\n|-damage|p1a: Dusknoir|141/225\n|-enditem|p1a: Dusknoir|Leftovers|[from] move: Knock Off|[of] p2a: Empoleon\n|move|p1a: Dusknoir|Poltergeist|p2a: Empoleon\n|-activate|p2a: Empoleon|move: Poltergeist|Leftovers\n|-damage|p2a: Empoleon|51/278\n|\n|-heal|p2a: Empoleon|68/278|[from] item: Leftovers\n|upkeep\n|turn|14\n|\n|t:|1781461670\n|move|p2a: Empoleon|Roost|p2a: Empoleon\n|-heal|p2a: Empoleon|207/278\n|-singleturn|p2a: Empoleon|move: Roost\n|move|p1a: Dusknoir|Poltergeist|p2a: Empoleon\n|-activate|p2a: Empoleon|move: Poltergeist|Leftovers\n|-damage|p2a: Empoleon|71/278\n|\n|-heal|p2a: Empoleon|88/278|[from] item: Leftovers\n|upkeep\n|turn|15\n|\n|t:|1781461677\n|move|p2a: Empoleon|Surf|p1a: Dusknoir\n|-damage|p1a: Dusknoir|75/225\n|move|p1a: Dusknoir|Will-O-Wisp|p2a: Empoleon\n|-status|p2a: Empoleon|brn\n|\n|-heal|p2a: Empoleon|105/278 brn|[from] item: Leftovers\n|-damage|p2a: Empoleon|88/278 brn|[from] brn\n|upkeep\n|turn|16\n|\n|t:|1781461683\n|move|p1a: Dusknoir|Shadow Sneak|p2a: Empoleon\n|-damage|p2a: Empoleon|42/278 brn\n|move|p2a: Empoleon|Roost|p2a: Empoleon\n|-heal|p2a: Empoleon|181/278 brn\n|-singleturn|p2a: Empoleon|move: Roost\n|\n|-heal|p2a: Empoleon|198/278 brn|[from] item: Leftovers\n|-damage|p2a: Empoleon|181/278 brn|[from] brn\n|upkeep\n|turn|17\n|\n|t:|1781461687\n|move|p2a: Empoleon|Surf|p1a: Dusknoir\n|-damage|p1a: Dusknoir|8/225\n|move|p1a: Dusknoir|Poltergeist|p2a: Empoleon\n|-activate|p2a: Empoleon|move: Poltergeist|Leftovers\n|-crit|p2a: Empoleon\n|-damage|p2a: Empoleon|0 fnt\n|faint|p2a: Empoleon\n|\n|upkeep\n|\n|t:|1781461699\n|switch|p2a: Dudunsparce|Dudunsparce-Three-Segment, L83, M|343/343\n|turn|18\n|\n|t:|1781461704\n|move|p2a: Dudunsparce|Earthquake|p1a: Dusknoir\n|-damage|p1a: Dusknoir|0 fnt\n|faint|p1a: Dusknoir\n|\n|upkeep\n|\n|t:|1781461712\n|switch|p1a: Polteageist|Polteageist-Antique, L78|222/222\n|turn|19\n|\n|t:|1781461720\n|move|p1a: Polteageist|Shell Smash|p1a: Polteageist\n|-unboost|p1a: Polteageist|def|1\n|-unboost|p1a: Polteageist|spd|1\n|-boost|p1a: Polteageist|atk|2\n|-boost|p1a: Polteageist|spa|2\n|-boost|p1a: Polteageist|spe|2\n|-enditem|p1a: Polteageist|White Herb\n|-clearnegativeboost|p1a: Polteageist|[silent]\n|move|p2a: Dudunsparce|Glare|p1a: Polteageist\n|-status|p1a: Polteageist|par\n|\n|upkeep\n|turn|20\n|inactive|TaleThatWasntRight has 120 seconds left.\n|\n|t:|1781461754\n|cant|p1a: Polteageist|par\n|move|p2a: Dudunsparce|Earthquake|p1a: Polteageist\n|-damage|p1a: Polteageist|134/222 par\n|\n|upkeep\n|turn|21\n|\n|t:|1781461759\n|move|p1a: Polteageist|Stored Power|p2a: Dudunsparce\n|-damage|p2a: Dudunsparce|83/343\n|move|p2a: Dudunsparce|Earthquake|p1a: Polteageist\n|-damage|p1a: Polteageist|46/222 par\n|\n|-heal|p2a: Dudunsparce|104/343|[from] item: Leftovers\n|upkeep\n|turn|22\n|\n|t:|1781461762\n|cant|p1a: Polteageist|par\n|move|p2a: Dudunsparce|Earthquake|p1a: Polteageist\n|-damage|p1a: Polteageist|0 fnt\n|faint|p1a: Polteageist\n|\n|-heal|p2a: Dudunsparce|125/343|[from] item: Leftovers\n|upkeep\n|\n|t:|1781461766\n|switch|p1a: Haxorus|Haxorus, L77, M|244/244\n|-ability|p1a: Haxorus|Mold Breaker\n|turn|23\n|\n|t:|1781461774\n|move|p1a: Haxorus|Scale Shot|p2a: Dudunsparce\n|-damage|p2a: Dudunsparce|88/343\n|-damage|p2a: Dudunsparce|54/343\n|-damage|p2a: Dudunsparce|18/343\n|-damage|p2a: Dudunsparce|0 fnt\n|faint|p2a: Dudunsparce\n|-hitcount|p2: Dudunsparce|4\n|-unboost|p1a: Haxorus|def|1\n|-boost|p1a: Haxorus|spe|1\n|\n|upkeep\n|\n|t:|1781461776\n|switch|p2a: Skeledirge|Skeledirge, L79, F|294/294\n|turn|24\n|\n|t:|1781461783\n|-terastallize|p2a: Skeledirge|Water\n|move|p1a: Haxorus|Swords Dance|p1a: Haxorus\n|-boost|p1a: Haxorus|atk|2\n|move|p2a: Skeledirge|Flame Charge|p1a: Haxorus\n|-resisted|p1a: Haxorus\n|-damage|p1a: Haxorus|224/244\n|-boost|p2a: Skeledirge|spe|1\n|\n|upkeep\n|turn|25\n|\n|t:|1781461793\n|move|p1a: Haxorus|Scale Shot|p2a: Skeledirge\n|-damage|p2a: Skeledirge|231/294\n|-damage|p2a: Skeledirge|171/294\n|-damage|p2a: Skeledirge|110/294\n|-damage|p2a: Skeledirge|47/294\n|-damage|p2a: Skeledirge|0 fnt\n|faint|p2a: Skeledirge\n|-hitcount|p2: Skeledirge|5\n|\n|win|TaleThatWasntRight\n|raw|TaleThatWasntRight's rating: 1187 &rarr; <strong>1213</strong><br />(+26 for winning)\n|raw|Chadlott's rating: 1207 &rarr; <strong>1181</strong><br />(-26 for losing)\n", "inputlog": ">version a8376a258c1d4662feba110a92103f3664a72141\n>start {\"formatid\":\"gen9randombattle\",\"seed\":\"sodium,513f3cc12215421dd4714612837abfbd\",\"rated\":\"Rated battle\"}\n>player p1 {\"name\":\"TaleThatWasntRight\",\"avatar\":\"battlegirl-gen4\",\"rating\":1187,\"seed\":\"sodium,b5ac793847b7b4070d57ad77649985a4\"}\n>player p2 {\"name\":\"Chadlott\",\"avatar\":\"marshal\",\"rating\":1207,\"seed\":\"sodium,b7ab69d00644923e9383d4678181f0d3\"}\n>p1 switch 4\n>p2 move rapidspin\n>p1 move calmmind\n>p2 move nastyplot\n>p1 move calmmind\n>p2 move dracometeor\n>p1 move moonlight\n>p2 move nastyplot\n>p1 move calmmind\n>p2 move nastyplot\n>p1 move psyshock\n>p2 move dracometeor\n>p1 move psyshock\n>p2 move dracometeor\n>p2 switch 4\n>p1 move thunderbolt terastallize\n>p2 move knockoff\n>p1 move moonlight\n>p2 move knockoff\n>p1 switch 2\n>p1 move fierydance\n>p2 move knockoff\n>p2 switch 2\n>p1 move energyball\n>p2 move earthquake\n>p2 switch 5\n>p1 move energyball\n>p2 move surf\n>p1 switch 6\n>p1 move poltergeist\n>p2 move knockoff\n>p1 move poltergeist\n>p2 move roost\n>p1 move willowisp\n>p2 move surf\n>p1 move shadowsneak\n>p2 move roost\n>p1 move poltergeist\n>p2 move surf\n>p2 switch 3\n>p1 move painsplit\n>p2 move earthquake\n>p1 switch 5\n>p1 move shellsmash\n>p2 move glare\n>p1 move storedpower\n>p2 move earthquake\n>p1 move storedpower\n>p2 move earthquake\n>p1 move storedpower\n>p2 move earthquake\n>p1 switch 4\n>p1 move scaleshot\n>p2 move glare\n>p2 switch 6\n>p1 move swordsdance\n>p2 move flamecharge terastallize\n>p1 move scaleshot\n>p2 move torchsong", "uploadtime": 1781461796, "views": 4, "formatid": "gen9randombattle", "rating": 1181, "private": 0, "password": null}