{"id": "gen9randombattle-2631504405", "format": "[Gen 9] Random Battle", "players": ["monrayhudson", "blechas"], "log": "|j|\u2606monrayhudson\n|j|\u2606blechas\n|t:|1781393576\n|gametype|singles\n|player|p1|monrayhudson|blue|1963\n|player|p2|blechas|102|2006\n|gen|9\n|tier|[Gen 9] Random Battle\n|rated|\n|rule|Species Clause: Limit one of each Pok\u00e9mon\n|rule|HP Percentage Mod: HP is shown in percentages\n|rule|Sleep Clause Mod: Limit one foe put to sleep\n|rule|Illusion Level Mod: Illusion disguises the Pok\u00e9mon's true level\n|\n|t:|1781393576\n|teamsize|p1|6\n|teamsize|p2|6\n|start\n|switch|p1a: Copperajah|Copperajah, L86, F|350/350\n|switch|p2a: Flareon|Flareon, L90, M|263/263\n|turn|1\n|inactive|Battle timer is ON: inactive players will automatically lose when time's up. (requested by blechas)\n|\n|t:|1781393594\n|switch|p1a: Wyrdeer|Wyrdeer, L87, M|321/321\n|-ability|p1a: Wyrdeer|Intimidate|boost\n|-unboost|p2a: Flareon|atk|1\n|move|p2a: Flareon|Flare Blitz|p1a: Wyrdeer\n|-damage|p1a: Wyrdeer|180/321\n|-damage|p2a: Flareon|216/263|[from] Recoil\n|\n|-status|p2a: Flareon|tox|[from] item: Toxic Orb\n|upkeep\n|turn|2\n|\n|t:|1781393622\n|move|p2a: Flareon|Flare Blitz|p1a: Wyrdeer\n|-damage|p1a: Wyrdeer|0 fnt\n|faint|p1a: Wyrdeer\n|-damage|p2a: Flareon|157/263 tox|[from] Recoil\n|\n|-damage|p2a: Flareon|141/263 tox|[from] psn\n|upkeep\n|inactive|monrayhudson has 120 seconds left.\n|\n|t:|1781393664\n|switch|p1a: Arceus|Arceus-Fire, L72|291/291\n|turn|3\n|inactive|blechas has 120 seconds left.\n|\n|t:|1781393688\n|switch|p2a: Qwilfish|Qwilfish-Hisui, L83, M|244/244\n|-ability|p2a: Qwilfish|Intimidate|boost\n|-unboost|p1a: Arceus|atk|1\n|move|p1a: Arceus|Earthquake|p2a: Qwilfish\n|-supereffective|p2a: Qwilfish\n|-damage|p2a: Qwilfish|184/244\n|\n|upkeep\n|turn|4\n|inactive|monrayhudson has 120 seconds left.\n|\n|t:|1781393698\n|switch|p1a: Copperajah|Copperajah, L86, F|350/350\n|move|p2a: Qwilfish|Crunch|p1a: Copperajah\n|-damage|p1a: Copperajah|262/350\n|\n|upkeep\n|turn|5\n|inactive|monrayhudson has 120 seconds left.\n|\n|t:|1781393708\n|move|p2a: Qwilfish|Toxic Spikes|p1a: Copperajah\n|-sidestart|p1: monrayhudson|move: Toxic Spikes\n|move|p1a: Copperajah|Stealth Rock|p2a: Qwilfish\n|-sidestart|p2: blechas|move: Stealth Rock\n|\n|upkeep\n|turn|6\n|\n|t:|1781393727\n|move|p2a: Qwilfish|Toxic Spikes|p1a: Copperajah\n|-sidestart|p1: monrayhudson|move: Toxic Spikes\n|move|p1a: Copperajah|Iron Head|p2a: Qwilfish\n|-damage|p2a: Qwilfish|58/244\n|\n|upkeep\n|turn|7\n|\n|t:|1781393734\n|move|p2a: Qwilfish|Spikes|p1a: Copperajah\n|-sidestart|p1: monrayhudson|Spikes\n|move|p1a: Copperajah|Iron Head|p2a: Qwilfish\n|-damage|p2a: Qwilfish|0 fnt\n|faint|p2a: Qwilfish\n|\n|upkeep\n|\n|t:|1781393751\n|switch|p2a: Flareon|Flareon, L90, M|141/263 tox\n|-damage|p2a: Flareon|76/263 tox|[from] Stealth Rock\n|turn|8\n|\n|t:|1781393756\n|move|p2a: Flareon|Flare Blitz|p1a: Copperajah\n|-supereffective|p1a: Copperajah\n|-damage|p1a: Copperajah|0 fnt\n|faint|p1a: Copperajah\n|-damage|p2a: Flareon|0 fnt|[from] Recoil\n|faint|p2a: Flareon\n|\n|upkeep\n|\n|t:|1781393765\n|switch|p2a: Crabominable|Crabominable, L90, F|321/321\n|switch|p1a: Cryogonal|Cryogonal, L89|287/287\n|-damage|p2a: Crabominable|281/321|[from] Stealth Rock\n|turn|9\n|\n|t:|1781393773\n|move|p1a: Cryogonal|Rapid Spin|p2a: Crabominable\n|-damage|p2a: Crabominable|257/321\n|-boost|p1a: Cryogonal|spe|1\n|-sideend|p1: monrayhudson|Spikes|[from] move: Rapid Spin|[of] p1a: Cryogonal\n|-sideend|p1: monrayhudson|Toxic Spikes|[from] move: Rapid Spin|[of] p1a: Cryogonal\n|move|p2a: Crabominable|Drain Punch|p1a: Cryogonal\n|-supereffective|p1a: Cryogonal\n|-damage|p1a: Cryogonal|0 fnt\n|-heal|p2a: Crabominable|321/321|[from] drain|[of] p1a: Cryogonal\n|faint|p1a: Cryogonal\n|\n|upkeep\n|\n|t:|1781393788\n|switch|p1a: Cinderace|Cinderace, L77, M|249/249\n|turn|10\n|\n|t:|1781393796\n|-terastallize|p2a: Crabominable|Ground\n|move|p1a: Cinderace|Pyro Ball|p2a: Crabominable\n|-damage|p2a: Crabominable|126/321\n|move|p2a: Crabominable|Earthquake|p1a: Cinderace\n|-supereffective|p1a: Cinderace\n|-damage|p1a: Cinderace|0 fnt\n|faint|p1a: Cinderace\n|\n|upkeep\n|inactive|monrayhudson has 120 seconds left.\n|l|\u2606monrayhudson\n|inactive|monrayhudson disconnected and has a minute to reconnect!\n|player|p1|\n|j|\u2606monrayhudson\n|inactive|monrayhudson reconnected and has 80 seconds left.\n|player|p1|monrayhudson|blue|\n|\n|t:|1781393873\n|switch|p1a: Arceus|Arceus-Fire, L72|291/291\n|turn|11\n|\n|t:|1781393885\n|move|p1a: Arceus|Flare Blitz|p2a: Crabominable\n|-damage|p2a: Crabominable|0 fnt\n|faint|p2a: Crabominable\n|-damage|p1a: Arceus|249/291|[from] Recoil\n|\n|upkeep\n|\n|t:|1781393888\n|switch|p2a: Eiscue|Eiscue, L88, F|274/274\n|-damage|p2a: Eiscue|206/274|[from] Stealth Rock\n|turn|12\n|inactive|monrayhudson has 90 seconds left.\n|\n|t:|1781393906\n|switch|p1a: Porygon2|Porygon2, L81|270/270\n|-ability|p1a: Porygon2|Download|boost\n|-boost|p1a: Porygon2|spa|1\n|move|p2a: Eiscue|Belly Drum|p2a: Eiscue\n|-damage|p2a: Eiscue|69/274\n|-setboost|p2a: Eiscue|atk|6|[from] move: Belly Drum\n|-enditem|p2a: Eiscue|Sitrus Berry|[eat]\n|-heal|p2a: Eiscue|137/274|[from] item: Sitrus Berry\n|\n|upkeep\n|turn|13\n|\n|t:|1781393912\n|move|p1a: Porygon2|Discharge|p2a: Eiscue\n|-damage|p2a: Eiscue|51/274\n|move|p2a: Eiscue|Ice Spinner|p1a: Porygon2\n|-damage|p1a: Porygon2|54/270\n|\n|upkeep\n|turn|14\n|\n|t:|1781393918\n|move|p1a: Porygon2|Discharge|p2a: Eiscue\n|-damage|p2a: Eiscue|0 fnt\n|faint|p2a: Eiscue\n|\n|upkeep\n|\n|t:|1781393925\n|switch|p2a: Arceus|Arceus-Bug, L73|295/295\n|-damage|p2a: Arceus|222/295|[from] Stealth Rock\n|turn|15\n|\n|t:|1781393935\n|move|p2a: Arceus|Judgment|p1a: Porygon2\n|-damage|p1a: Porygon2|0 fnt\n|faint|p1a: Porygon2\n|\n|upkeep\n|\n|t:|1781393949\n|switch|p1a: Arceus|Arceus-Fire, L72|249/291\n|turn|16\n|\n|t:|1781393953\n|move|p2a: Arceus|Judgment|p1a: Arceus\n|-resisted|p1a: Arceus\n|-damage|p1a: Arceus|195/291\n|move|p1a: Arceus|Dragon Dance|p1a: Arceus\n|-boost|p1a: Arceus|atk|1\n|-boost|p1a: Arceus|spe|1\n|\n|upkeep\n|turn|17\n|\n|t:|1781393958\n|switch|p2a: Dialga|Dialga-Origin, L73|266/266\n|-damage|p2a: Dialga|250/266|[from] Stealth Rock\n|-ability|p2a: Dialga|Pressure\n|move|p1a: Arceus|Dragon Dance|p1a: Arceus\n|-boost|p1a: Arceus|atk|1\n|-boost|p1a: Arceus|spe|1\n|\n|upkeep\n|turn|18\n|\n|t:|1781393965\n|-terastallize|p1a: Arceus|Ground\n|move|p1a: Arceus|Earthquake|p2a: Dialga\n|-supereffective|p2a: Dialga\n|-damage|p2a: Dialga|0 fnt\n|faint|p2a: Dialga\n|\n|upkeep\n|-message|blechas forfeited.\n|\n|win|monrayhudson\n", "inputlog": ">version a8376a258c1d4662feba110a92103f3664a72141\n>start {\"formatid\":\"gen9randombattle\",\"seed\":\"sodium,5d48e77727d481706324c910142bfbd5\",\"rated\":\"Rated battle\"}\n>player p1 {\"name\":\"monrayhudson\",\"avatar\":\"blue\",\"rating\":1963,\"seed\":\"sodium,83e021dbb19d3427a057db2e83723e75\"}\n>player p2 {\"name\":\"blechas\",\"avatar\":\"102\",\"rating\":2006,\"seed\":\"sodium,754c5095a808236570e1a325fd0fcace\"}\n>p1 switch 5\n>p2 move flareblitz\n>p1 move earthquake\n>p2 move flareblitz\n>p1 switch 6\n>p1 move earthquake\n>p2 switch 3\n>p1 switch 5\n>p2 move crunch\n>p1 move stealthrock\n>p2 move toxicspikes\n>p1 move ironhead\n>p2 move toxicspikes\n>p1 move ironhead\n>p2 move spikes\n>p2 switch 3\n>p1 move ironhead\n>p2 move flareblitz\n>p1 switch 4\n>p2 switch 2\n>p1 move rapidspin\n>p2 move drainpunch\n>p1 switch 2\n>p1 move pyroball\n>p2 move earthquake terastallize\n>p1 switch 5\n>p1 move flareblitz\n>p2 move earthquake\n>p2 switch 6\n>p1 switch 3\n>p2 move bellydrum\n>p1 move discharge\n>p2 move icespinner\n>p1 move discharge\n>p2 move icespinner\n>p2 switch 4\n>p1 move discharge\n>p2 move judgment\n>p1 switch 3\n>p1 move dragondance\n>p2 move judgment\n>p1 move dragondance\n>p2 switch 5\n>p1 move earthquake terastallize\n>p2 move dracometeor\n>forcelose p2", "uploadtime": 1781393578, "views": 5, "formatid": "gen9randombattle", "rating": null, "private": 0, "password": null}