{"id": "gen9randombattle-2631442332", "format": "[Gen 9] Random Battle", "players": ["ParanoidDandroid", "dostoievski poem"], "log": "|j|\u2606ParanoidDandroid\n|j|\u2606dostoievski poem\n|t:|1781385179\n|gametype|singles\n|player|p1|ParanoidDandroid|2|1791\n|player|p2|dostoievski poem|sage-gen2|1728\n|gen|9\n|tier|[Gen 9] Random Battle\n|rated|\n|rule|Species Clause: Limit one of each Pok\u00e9mon\n|rule|HP Percentage Mod: HP is shown in percentages\n|rule|Sleep Clause Mod: Limit one foe put to sleep\n|rule|Illusion Level Mod: Illusion disguises the Pok\u00e9mon's true level\n|\n|t:|1781385179\n|teamsize|p1|6\n|teamsize|p2|6\n|start\n|switch|p1a: Qwilfish|Qwilfish-Hisui, L83, F|244/244\n|switch|p2a: Oricorio|Oricorio, L84, M|263/263\n|-ability|p1a: Qwilfish|Intimidate|boost\n|-unboost|p2a: Oricorio|atk|1\n|turn|1\n|inactive|Battle timer is ON: inactive players will automatically lose when time's up. (requested by dostoievski poem)\n|inactive|dostoievski poem has 120 seconds left.\n|\n|t:|1781385216\n|move|p2a: Oricorio|Revelation Dance|p1a: Qwilfish\n|-damage|p1a: Qwilfish|153/244\n|move|p1a: Qwilfish|Gunk Shot|p2a: Oricorio\n|-damage|p2a: Oricorio|116/263\n|-status|p2a: Oricorio|psn\n|\n|-damage|p2a: Oricorio|84/263 psn|[from] psn\n|upkeep\n|turn|2\n|\n|t:|1781385225\n|move|p2a: Oricorio|Revelation Dance|p1a: Qwilfish\n|-damage|p1a: Qwilfish|68/244\n|move|p1a: Qwilfish|Crunch|p2a: Oricorio\n|-damage|p2a: Oricorio|0 fnt\n|faint|p2a: Oricorio\n|\n|upkeep\n|\n|t:|1781385228\n|switch|p2a: Swanna|Swanna, L89, M|278/278\n|turn|3\n|\n|t:|1781385239\n|switch|p1a: Cramorant|Cramorant, L86, M|261/261\n|move|p2a: Swanna|Brave Bird|p1a: Cramorant\n|-damage|p1a: Cramorant|83/261\n|-damage|p2a: Swanna|219/278|[from] Recoil\n|\n|upkeep\n|turn|4\n|\n|t:|1781385247\n|switch|p1a: Gholdengo|Gholdengo, L77|261/261\n|move|p2a: Swanna|Brave Bird|p1a: Gholdengo\n|-resisted|p1a: Gholdengo\n|-damage|p1a: Gholdengo|193/261\n|-damage|p2a: Swanna|197/278|[from] Recoil\n|\n|-heal|p1a: Gholdengo|209/261|[from] item: Leftovers\n|upkeep\n|turn|5\n|\n|t:|1781385258\n|switch|p2a: Electrode|Electrode-Hisui, L87|246/246\n|move|p1a: Gholdengo|Recover|p1a: Gholdengo\n|-heal|p1a: Gholdengo|261/261\n|\n|upkeep\n|turn|6\n|\n|t:|1781385266\n|switch|p1a: Toedscruel|Toedscruel, L87, M|281/281\n|move|p2a: Electrode|Thunderbolt|p1a: Toedscruel\n|-immune|p1a: Toedscruel\n|\n|upkeep\n|turn|7\n|\n|t:|1781385273\n|move|p2a: Electrode|Substitute|p2a: Electrode\n|-start|p2a: Electrode|Substitute\n|-damage|p2a: Electrode|185/246\n|move|p1a: Toedscruel|Knock Off|p2a: Electrode\n|-end|p2a: Electrode|Substitute\n|\n|-heal|p2a: Electrode|200/246|[from] item: Leftovers\n|upkeep\n|turn|8\n|\n|t:|1781385281\n|switch|p2a: Swanna|Swanna, L89, M|197/278\n|move|p1a: Toedscruel|Knock Off|p2a: Swanna\n|-damage|p2a: Swanna|131/278\n|-enditem|p2a: Swanna|Heavy-Duty Boots|[from] move: Knock Off|[of] p1a: Toedscruel\n|\n|upkeep\n|turn|9\n|\n|t:|1781385290\n|move|p2a: Swanna|Roost|p2a: Swanna\n|-heal|p2a: Swanna|270/278\n|-singleturn|p2a: Swanna|move: Roost\n|move|p1a: Toedscruel|Leaf Storm|p2a: Swanna\n|-supereffective|p2a: Swanna\n|-damage|p2a: Swanna|0 fnt\n|-unboost|p1a: Toedscruel|spa|2\n|faint|p2a: Swanna\n|\n|upkeep\n|\n|t:|1781385295\n|switch|p2a: Glalie|Glalie, L96, M|309/309\n|turn|10\n|\n|t:|1781385303\n|switch|p1a: Gholdengo|Gholdengo, L77|261/261\n|move|p2a: Glalie|Earthquake|p1a: Gholdengo\n|-supereffective|p1a: Gholdengo\n|-damage|p1a: Gholdengo|109/261\n|\n|-heal|p1a: Gholdengo|125/261|[from] item: Leftovers\n|upkeep\n|turn|11\n|\n|t:|1781385312\n|move|p2a: Glalie|Spikes|p1a: Gholdengo\n|-sidestart|p1: ParanoidDandroid|Spikes\n|move|p1a: Gholdengo|Make It Rain|p2a: Glalie\n|-supereffective|p2a: Glalie\n|-damage|p2a: Glalie|63/309\n|-unboost|p1a: Gholdengo|spa|1\n|\n|-heal|p1a: Gholdengo|141/261|[from] item: Leftovers\n|upkeep\n|turn|12\n|\n|t:|1781385331\n|switch|p1a: Cramorant|Cramorant, L86, M|83/261\n|move|p2a: Glalie|Freeze-Dry|p1a: Cramorant\n|-supereffective|p1a: Cramorant\n|-damage|p1a: Cramorant|0 fnt\n|faint|p1a: Cramorant\n|\n|upkeep\n|\n|t:|1781385343\n|switch|p1a: Toedscruel|Toedscruel, L87, M|281/281\n|-damage|p1a: Toedscruel|246/281|[from] Spikes\n|turn|13\n|\n|t:|1781385347\n|move|p1a: Toedscruel|Earth Power|p2a: Glalie\n|-damage|p2a: Glalie|0 fnt\n|faint|p2a: Glalie\n|\n|-heal|p1a: Toedscruel|263/281|[from] item: Leftovers\n|upkeep\n|\n|t:|1781385355\n|switch|p2a: Iron Leaves|Iron Leaves, L80|275/275\n|turn|14\n|\n|t:|1781385361\n|move|p1a: Toedscruel|Knock Off|p2a: Iron Leaves\n|-supereffective|p2a: Iron Leaves\n|-damage|p2a: Iron Leaves|147/275\n|-enditem|p2a: Iron Leaves|Choice Band|[from] move: Knock Off|[of] p1a: Toedscruel\n|move|p2a: Iron Leaves|Megahorn|p1a: Toedscruel\n|-supereffective|p1a: Toedscruel\n|-damage|p1a: Toedscruel|43/281\n|\n|-heal|p1a: Toedscruel|60/281|[from] item: Leftovers\n|upkeep\n|turn|15\n|\n|t:|1781385373\n|move|p1a: Toedscruel|Knock Off|p2a: Iron Leaves\n|-supereffective|p2a: Iron Leaves\n|-damage|p2a: Iron Leaves|59/275\n|move|p2a: Iron Leaves|Psyblade|p1a: Toedscruel\n|-damage|p1a: Toedscruel|0 fnt\n|faint|p1a: Toedscruel\n|\n|upkeep\n|\n|t:|1781385382\n|switch|p1a: Grafaiai|Grafaiai, L86, M|249/249\n|turn|16\n|\n|t:|1781385391\n|move|p1a: Grafaiai|Knock Off|p2a: Iron Leaves\n|-supereffective|p2a: Iron Leaves\n|-damage|p2a: Iron Leaves|0 fnt\n|faint|p2a: Iron Leaves\n|-end|p2a: Iron Leaves|Quark Drive|[silent]\n|\n|upkeep\n|\n|t:|1781385396\n|switch|p2a: Indeedee|Indeedee-F, L90, F|272/272\n|-fieldstart|move: Psychic Terrain|[from] ability: Psychic Surge|[of] p2a: Indeedee\n|turn|17\n|\n|t:|1781385407\n|switch|p1a: Qwilfish|Qwilfish-Hisui, L83, F|68/244\n|-damage|p1a: Qwilfish|38/244|[from] Spikes\n|-ability|p1a: Qwilfish|Intimidate|boost\n|-unboost|p2a: Indeedee|atk|1\n|move|p2a: Indeedee|Dazzling Gleam|p1a: Qwilfish\n|-damage|p1a: Qwilfish|0 fnt\n|faint|p1a: Qwilfish\n|\n|upkeep\n|\n|t:|1781385416\n|switch|p1a: Gholdengo|Gholdengo, L77|141/261\n|-damage|p1a: Gholdengo|109/261|[from] Spikes\n|turn|18\n|\n|t:|1781385420\n|switch|p2a: Electrode|Electrode-Hisui, L87|200/246\n|move|p1a: Gholdengo|Recover|p1a: Gholdengo\n|-heal|p1a: Gholdengo|240/261\n|\n|-heal|p2a: Electrode|215/246|[from] item: Leftovers\n|-heal|p1a: Gholdengo|256/261|[from] item: Leftovers\n|upkeep\n|turn|19\n|\n|t:|1781385428\n|move|p2a: Electrode|Thunderbolt|p1a: Gholdengo\n|-damage|p1a: Gholdengo|154/261\n|move|p1a: Gholdengo|Nasty Plot|p1a: Gholdengo\n|-boost|p1a: Gholdengo|spa|2\n|\n|-heal|p2a: Electrode|230/246|[from] item: Leftovers\n|-heal|p1a: Gholdengo|170/261|[from] item: Leftovers\n|upkeep\n|turn|20\n|\n|t:|1781385438\n|move|p2a: Electrode|Thunderbolt|p1a: Gholdengo\n|-damage|p1a: Gholdengo|74/261\n|move|p1a: Gholdengo|Shadow Ball|p2a: Electrode\n|-damage|p2a: Electrode|53/246\n|\n|-heal|p2a: Electrode|68/246|[from] item: Leftovers\n|-heal|p1a: Gholdengo|90/261|[from] item: Leftovers\n|upkeep\n|turn|21\n|\n|t:|1781385446\n|move|p2a: Electrode|Thunderbolt|p1a: Gholdengo\n|-damage|p1a: Gholdengo|3/261\n|move|p1a: Gholdengo|Recover|p1a: Gholdengo\n|-heal|p1a: Gholdengo|134/261\n|\n|-heal|p2a: Electrode|83/246|[from] item: Leftovers\n|-heal|p1a: Gholdengo|150/261|[from] item: Leftovers\n|-fieldend|move: Psychic Terrain\n|upkeep\n|turn|22\n|\n|t:|1781385453\n|move|p2a: Electrode|Thunderbolt|p1a: Gholdengo\n|-damage|p1a: Gholdengo|59/261\n|move|p1a: Gholdengo|Recover|p1a: Gholdengo\n|-heal|p1a: Gholdengo|190/261\n|\n|-heal|p2a: Electrode|98/246|[from] item: Leftovers\n|-heal|p1a: Gholdengo|206/261|[from] item: Leftovers\n|upkeep\n|turn|23\n|\n|t:|1781385460\n|move|p2a: Electrode|Thunderbolt|p1a: Gholdengo\n|-damage|p1a: Gholdengo|116/261\n|move|p1a: Gholdengo|Shadow Ball|p2a: Electrode\n|-damage|p2a: Electrode|0 fnt\n|faint|p2a: Electrode\n|\n|-heal|p1a: Gholdengo|132/261|[from] item: Leftovers\n|upkeep\n|-message|dostoievski poem forfeited.\n|\n|win|ParanoidDandroid\n|raw|ParanoidDandroid's rating: 1791 &rarr; <strong>1807</strong><br />(+16 for winning)\n|raw|dostoievski poem's rating: 1728 &rarr; <strong>1712</strong><br />(-16 for losing)\n|l|\u2606dostoievski poem\n|player|p2|\n|c|\u2606ParanoidDandroid|gg\n", "inputlog": ">version a8376a258c1d4662feba110a92103f3664a72141\n>start {\"formatid\":\"gen9randombattle\",\"seed\":\"sodium,27e0209cff6207228fc63ae2dda8a6b7\",\"rated\":\"Rated battle\"}\n>player p1 {\"name\":\"ParanoidDandroid\",\"avatar\":\"2\",\"rating\":1791,\"seed\":\"sodium,9fbf210645570979886c2b5635d62d81\"}\n>player p2 {\"name\":\"dostoievski poem\",\"avatar\":\"sage-gen2\",\"rating\":1728,\"seed\":\"sodium,c919f13ae8ee9c88f26ad606c0b2e634\"}\n>p1 move gunkshot\n>p2 move revelationdance\n>p1 move crunch\n>p2 move revelationdance\n>p2 switch 2\n>p1 switch 4\n>p2 move bravebird\n>p1 switch 3\n>p2 move bravebird\n>p1 move recover\n>p2 switch 6\n>p1 switch 6\n>p2 move thunderbolt\n>p1 move knockoff\n>p2 move substitute\n>p1 move knockoff\n>p2 switch 6\n>p1 move leafstorm\n>p2 move roost\n>p2 switch 3\n>p1 switch 6\n>p2 move earthquake\n>p1 move makeitrain\n>p2 move spikes\n>p1 switch 3\n>p2 move freezedry\n>p1 switch 6\n>p1 move earthpower\n>p2 move freezedry\n>p2 switch 5\n>p1 move knockoff\n>p2 move megahorn\n>p1 move knockoff\n>p2 move psyblade\n>p1 switch 2\n>p1 move knockoff\n>p2 move psyblade\n>p2 switch 4\n>p1 switch 4\n>p2 move dazzlinggleam\n>p1 switch 3\n>p1 move recover\n>p2 switch 6\n>p1 move nastyplot\n>p2 move thunderbolt\n>p1 move shadowball\n>p2 move thunderbolt\n>p1 move recover\n>p2 move thunderbolt\n>p1 move recover\n>p2 move thunderbolt\n>p1 move shadowball\n>p2 move thunderbolt\n>forcelose p2", "uploadtime": 1781385472, "views": 8, "formatid": "gen9randombattle", "rating": 1712, "private": 0, "password": null}