{"id": "gen9randombattle-2631792046", "format": "[Gen 9] Random Battle", "players": ["woxihuanni", "duuhhao"], "log": "|j|\u2606woxihuanni\n|j|\u2606duuhhao\n|t:|1781440322\n|gametype|singles\n|player|p1|woxihuanni|169|2129\n|player|p2|duuhhao|clair|2243\n|gen|9\n|tier|[Gen 9] Random Battle\n|rated|\n|rule|Species Clause: Limit one of each Pok\u00e9mon\n|rule|HP Percentage Mod: HP is shown in percentages\n|rule|Sleep Clause Mod: Limit one foe put to sleep\n|rule|Illusion Level Mod: Illusion disguises the Pok\u00e9mon's true level\n|\n|t:|1781440322\n|teamsize|p1|6\n|teamsize|p2|6\n|start\n|switch|p1a: Cinccino|Cinccino, L83, F|260/260\n|switch|p2a: Magearna|Magearna, L77|250/250\n|turn|1\n|\n|t:|1781440327\n|move|p1a: Cinccino|U-turn|p2a: Magearna\n|-resisted|p2a: Magearna\n|-damage|p2a: Magearna|240/250\n|\n|t:|1781440331\n|switch|p1a: Quagsire|Quagsire, L84, M|297/297|[from] U-turn\n|move|p2a: Magearna|Shift Gear|p2a: Magearna\n|-boost|p2a: Magearna|spe|2\n|-boost|p2a: Magearna|atk|1\n|\n|upkeep\n|turn|2\n|\n|t:|1781440336\n|move|p2a: Magearna|Fleur Cannon|p1a: Quagsire\n|-damage|p1a: Quagsire|111/297\n|-unboost|p2a: Magearna|spa|2\n|move|p1a: Quagsire|Spikes|p2a: Magearna\n|-sidestart|p2: duuhhao|Spikes\n|\n|-heal|p1a: Quagsire|129/297|[from] item: Leftovers\n|upkeep\n|turn|3\n|\n|t:|1781440342\n|switch|p1a: Gyarados|Gyarados, L79, F|280/280\n|-ability|p1a: Gyarados|Intimidate|boost\n|-unboost|p2a: Magearna|atk|1\n|move|p2a: Magearna|Fleur Cannon|p1a: Gyarados\n|-damage|p1a: Gyarados|210/280\n|-unboost|p2a: Magearna|spa|2\n|\n|upkeep\n|turn|4\n|inactive|Battle timer is ON: inactive players will automatically lose when time's up. (requested by woxihuanni)\n|\n|t:|1781440349\n|switch|p2a: Flygon|Flygon, L82, F|265/265\n|move|p1a: Gyarados|Dragon Dance|p1a: Gyarados\n|-boost|p1a: Gyarados|atk|1\n|-boost|p1a: Gyarados|spe|1\n|\n|upkeep\n|turn|5\n|\n|t:|1781440352\n|move|p1a: Gyarados|Waterfall|p2a: Flygon\n|-damage|p2a: Flygon|108/265\n|move|p2a: Flygon|Outrage|p1a: Gyarados\n|-damage|p1a: Gyarados|0 fnt\n|faint|p1a: Gyarados\n|\n|upkeep\n|\n|t:|1781440355\n|switch|p1a: Cinccino|Cinccino, L83, F|260/260\n|turn|6\n|\n|t:|1781440358\n|move|p1a: Cinccino|U-turn|p2a: Flygon\n|-damage|p2a: Flygon|57/265\n|\n|t:|1781440359\n|switch|p1a: Quagsire|Quagsire, L84, M|129/297|[from] U-turn\n|move|p2a: Flygon|Outrage|p1a: Quagsire|[from] lockedmove\n|-damage|p1a: Quagsire|0 fnt\n|faint|p1a: Quagsire\n|\n|upkeep\n|\n|t:|1781440366\n|switch|p1a: Malamar|Malamar, L82, M|275/275\n|turn|7\n|\n|t:|1781440369\n|move|p2a: Flygon|Outrage|p1a: Malamar|[from] lockedmove\n|-damage|p1a: Malamar|85/275\n|-start|p2a: Flygon|confusion|[fatigue]\n|move|p1a: Malamar|Superpower|p2a: Flygon\n|-damage|p2a: Flygon|0 fnt\n|-boost|p1a: Malamar|atk|1\n|-boost|p1a: Malamar|def|1\n|faint|p2a: Flygon\n|\n|upkeep\n|\n|t:|1781440379\n|switch|p2a: Oinkologne|Oinkologne-F, L92, F|361/361\n|-damage|p2a: Oinkologne|316/361|[from] Spikes\n|turn|8\n|\n|t:|1781440383\n|move|p2a: Oinkologne|Body Slam|p1a: Malamar\n|-damage|p1a: Malamar|19/275\n|-status|p1a: Malamar|par\n|move|p1a: Malamar|Rest|p1a: Malamar\n|-status|p1a: Malamar|slp|[from] move: Rest\n|-heal|p1a: Malamar|275/275 slp|[silent]\n|-enditem|p1a: Malamar|Chesto Berry|[eat]\n|-curestatus|p1a: Malamar|slp|[msg]\n|\n|-heal|p2a: Oinkologne|338/361|[from] item: Leftovers\n|upkeep\n|turn|9\n|\n|t:|1781440395\n|-terastallize|p2a: Oinkologne|Poison\n|move|p2a: Oinkologne|Curse|p2a: Oinkologne\n|-unboost|p2a: Oinkologne|spe|1\n|-boost|p2a: Oinkologne|atk|1\n|-boost|p2a: Oinkologne|def|1\n|move|p1a: Malamar|Superpower|p2a: Oinkologne\n|-resisted|p2a: Oinkologne\n|-damage|p2a: Oinkologne|298/361\n|-boost|p1a: Malamar|atk|1\n|-boost|p1a: Malamar|def|1\n|\n|-heal|p2a: Oinkologne|320/361|[from] item: Leftovers\n|upkeep\n|turn|10\n|\n|t:|1781440398\n|move|p1a: Malamar|Superpower|p2a: Oinkologne\n|-resisted|p2a: Oinkologne\n|-damage|p2a: Oinkologne|265/361\n|-boost|p1a: Malamar|atk|1\n|-boost|p1a: Malamar|def|1\n|move|p2a: Oinkologne|Curse|p2a: Oinkologne\n|-unboost|p2a: Oinkologne|spe|1\n|-boost|p2a: Oinkologne|atk|1\n|-boost|p2a: Oinkologne|def|1\n|\n|-heal|p2a: Oinkologne|287/361|[from] item: Leftovers\n|upkeep\n|turn|11\n|\n|t:|1781440400\n|move|p1a: Malamar|Psycho Cut|p2a: Oinkologne\n|-supereffective|p2a: Oinkologne\n|-damage|p2a: Oinkologne|107/361\n|move|p2a: Oinkologne|Curse|p2a: Oinkologne\n|-unboost|p2a: Oinkologne|spe|1\n|-boost|p2a: Oinkologne|atk|1\n|-boost|p2a: Oinkologne|def|1\n|\n|-heal|p2a: Oinkologne|129/361|[from] item: Leftovers\n|upkeep\n|turn|12\n|\n|t:|1781440403\n|move|p1a: Malamar|Psycho Cut|p2a: Oinkologne\n|-supereffective|p2a: Oinkologne\n|-damage|p2a: Oinkologne|0 fnt\n|faint|p2a: Oinkologne\n|\n|upkeep\n|-message|duuhhao forfeited.\n|\n|win|woxihuanni\n", "inputlog": ">version a8376a258c1d4662feba110a92103f3664a72141\n>start {\"formatid\":\"gen9randombattle\",\"seed\":\"sodium,f7b3f6c3049670243a18de3a64e74598\",\"rated\":\"Rated battle\"}\n>player p1 {\"name\":\"woxihuanni\",\"avatar\":\"169\",\"rating\":2129,\"seed\":\"sodium,d9fa0c07b69f9cb6fe3659a3bec94578\"}\n>player p2 {\"name\":\"duuhhao\",\"avatar\":\"clair\",\"rating\":2243,\"seed\":\"sodium,875bf5e797b35af5dc140a6f9d355e78\"}\n>p1 move uturn\n>p2 move shiftgear\n>p1 switch 2\n>p1 move spikes\n>p2 move fleurcannon\n>p1 switch 5\n>p2 move fleurcannon\n>p1 move dragondance\n>p2 switch 5\n>p1 move waterfall\n>p2 move outrage\n>p1 switch 2\n>p1 move uturn\n>p2 move outrage\n>p1 switch 5\n>p1 switch 4\n>p1 move superpower\n>p2 move outrage\n>p2 switch 3\n>p1 move rest\n>p2 move bodyslam\n>p1 move superpower\n>p2 move curse terastallize\n>p1 move superpower\n>p2 move curse\n>p1 move psychocut\n>p2 move curse\n>p1 move psychocut\n>p2 move rest\n>forcelose p2", "uploadtime": 1781440323, "views": 5, "formatid": "gen9randombattle", "rating": null, "private": 0, "password": null}