{"id": "gen9randombattle-2631446811", "format": "[Gen 9] Random Battle", "players": ["mfcorrea11", "napoliones"], "log": "|j|\u2606mfcorrea11\n|j|\u2606napoliones\n|t:|1781385720\n|gametype|singles\n|player|p1|mfcorrea11|169|1933\n|player|p2|napoliones|101|2002\n|gen|9\n|tier|[Gen 9] Random Battle\n|rated|\n|rule|Species Clause: Limit one of each Pok\u00e9mon\n|rule|HP Percentage Mod: HP is shown in percentages\n|rule|Sleep Clause Mod: Limit one foe put to sleep\n|rule|Illusion Level Mod: Illusion disguises the Pok\u00e9mon's true level\n|\n|t:|1781385720\n|teamsize|p1|6\n|teamsize|p2|6\n|start\n|switch|p1a: Alcremie|Alcremie-Lemon-Cream, L90, F|263/263\n|switch|p2a: Meganium|Meganium, L90, F|290/290\n|turn|1\n|inactive|Battle timer is ON: inactive players will automatically lose when time's up. (requested by napoliones)\n|c|\u2606napoliones|gl hf :)\n|c|\u2606mfcorrea11|gl hf\n|inactive|mfcorrea11 has 120 seconds left.\n|c|\u2606napoliones|ty!\n|\n|t:|1781385770\n|switch|p1a: Misdreavus|Misdreavus, L90, M|254/254\n|move|p2a: Meganium|Swords Dance|p2a: Meganium\n|-boost|p2a: Meganium|atk|2\n|\n|upkeep\n|turn|2\n|\n|t:|1781385781\n|move|p1a: Misdreavus|Will-O-Wisp|p2a: Meganium\n|-status|p2a: Meganium|brn\n|move|p2a: Meganium|Knock Off|p1a: Misdreavus\n|-supereffective|p1a: Misdreavus\n|-damage|p1a: Misdreavus|141/254\n|-enditem|p1a: Misdreavus|Eviolite|[from] move: Knock Off|[of] p2a: Meganium\n|\n|-damage|p2a: Meganium|272/290 brn|[from] brn\n|upkeep\n|turn|3\n|\n|t:|1781385792\n|move|p1a: Misdreavus|Calm Mind|p1a: Misdreavus\n|-boost|p1a: Misdreavus|spa|1\n|-boost|p1a: Misdreavus|spd|1\n|move|p2a: Meganium|Swords Dance|p2a: Meganium\n|-boost|p2a: Meganium|atk|2\n|\n|-heal|p2a: Meganium|290/290 brn|[from] item: Leftovers\n|-damage|p2a: Meganium|272/290 brn|[from] brn\n|upkeep\n|turn|4\n|\n|t:|1781385801\n|move|p1a: Misdreavus|Shadow Ball|p2a: Meganium\n|-damage|p2a: Meganium|152/290 brn\n|move|p2a: Meganium|Knock Off|p1a: Misdreavus\n|-supereffective|p1a: Misdreavus\n|-damage|p1a: Misdreavus|0 fnt\n|faint|p1a: Misdreavus\n|\n|-heal|p2a: Meganium|170/290 brn|[from] item: Leftovers\n|-damage|p2a: Meganium|152/290 brn|[from] brn\n|upkeep\n|\n|t:|1781385820\n|switch|p1a: Haxorus|Haxorus, L77, M|244/244\n|-ability|p1a: Haxorus|Mold Breaker\n|turn|5\n|\n|t:|1781385827\n|move|p2a: Meganium|Knock Off|p1a: Haxorus\n|-damage|p1a: Haxorus|142/244\n|-enditem|p1a: Haxorus|Lum Berry|[from] move: Knock Off|[of] p2a: Meganium\n|move|p1a: Haxorus|Dragon Dance|p1a: Haxorus\n|-boost|p1a: Haxorus|atk|1\n|-boost|p1a: Haxorus|spe|1\n|\n|-heal|p2a: Meganium|170/290 brn|[from] item: Leftovers\n|-damage|p2a: Meganium|152/290 brn|[from] brn\n|upkeep\n|turn|6\n|\n|t:|1781385836\n|move|p1a: Haxorus|Dragon Dance|p1a: Haxorus\n|-boost|p1a: Haxorus|atk|1\n|-boost|p1a: Haxorus|spe|1\n|move|p2a: Meganium|Earthquake|p1a: Haxorus\n|-damage|p1a: Haxorus|33/244\n|\n|-heal|p2a: Meganium|170/290 brn|[from] item: Leftovers\n|-damage|p2a: Meganium|152/290 brn|[from] brn\n|upkeep\n|turn|7\n|\n|t:|1781385847\n|move|p1a: Haxorus|Iron Head|p2a: Meganium\n|-damage|p2a: Meganium|37/290 brn\n|move|p2a: Meganium|Earthquake|p1a: Haxorus\n|-damage|p1a: Haxorus|0 fnt\n|faint|p1a: Haxorus\n|\n|-heal|p2a: Meganium|55/290 brn|[from] item: Leftovers\n|-damage|p2a: Meganium|37/290 brn|[from] brn\n|upkeep\n|inactive|mfcorrea11 has 120 seconds left.\n|\n|t:|1781385875\n|switch|p1a: Lycanroc|Lycanroc-Midnight, L89, M|296/296\n|turn|8\n|\n|t:|1781385885\n|move|p1a: Lycanroc|Stone Edge|p2a: Meganium\n|-damage|p2a: Meganium|0 fnt\n|faint|p2a: Meganium\n|-damage|p1a: Lycanroc|267/296|[from] item: Life Orb\n|\n|upkeep\n|\n|t:|1781385899\n|switch|p2a: Iron Treads|Iron Treads, L77|265/265\n|turn|9\n|\n|t:|1781385911\n|-terastallize|p1a: Lycanroc|Fighting\n|move|p2a: Iron Treads|Iron Head|p1a: Lycanroc\n|-damage|p1a: Lycanroc|180/296\n|move|p1a: Lycanroc|Close Combat|p2a: Iron Treads\n|-supereffective|p2a: Iron Treads\n|-damage|p2a: Iron Treads|0 fnt\n|-unboost|p1a: Lycanroc|def|1\n|-unboost|p1a: Lycanroc|spd|1\n|faint|p2a: Iron Treads\n|-end|p2a: Iron Treads|Quark Drive|[silent]\n|-damage|p1a: Lycanroc|151/296|[from] item: Life Orb\n|\n|upkeep\n|\n|t:|1781385937\n|switch|p2a: Spectrier|Spectrier, L75|274/274\n|turn|10\n|\n|t:|1781385946\n|switch|p1a: Alcremie|Alcremie-Lemon-Cream, L90, F|263/263\n|move|p2a: Spectrier|Substitute|p2a: Spectrier\n|-start|p2a: Spectrier|Substitute\n|-damage|p2a: Spectrier|206/274\n|\n|-heal|p2a: Spectrier|223/274|[from] item: Leftovers\n|upkeep\n|turn|11\n|\n|t:|1781385957\n|move|p2a: Spectrier|Nasty Plot|p2a: Spectrier\n|-boost|p2a: Spectrier|spa|2\n|move|p1a: Alcremie|Calm Mind|p1a: Alcremie\n|-boost|p1a: Alcremie|spa|1\n|-boost|p1a: Alcremie|spd|1\n|\n|-heal|p2a: Spectrier|240/274|[from] item: Leftovers\n|upkeep\n|turn|12\n|\n|t:|1781385965\n|move|p2a: Spectrier|Shadow Ball|p1a: Alcremie\n|-damage|p1a: Alcremie|176/263\n|move|p1a: Alcremie|Calm Mind|p1a: Alcremie\n|-boost|p1a: Alcremie|spa|1\n|-boost|p1a: Alcremie|spd|1\n|\n|-heal|p2a: Spectrier|257/274|[from] item: Leftovers\n|-heal|p1a: Alcremie|192/263|[from] item: Leftovers\n|upkeep\n|turn|13\n|\n|t:|1781385977\n|move|p2a: Spectrier|Nasty Plot|p2a: Spectrier\n|-boost|p2a: Spectrier|spa|2\n|move|p1a: Alcremie|Calm Mind|p1a: Alcremie\n|-boost|p1a: Alcremie|spa|1\n|-boost|p1a: Alcremie|spd|1\n|\n|-heal|p2a: Spectrier|274/274|[from] item: Leftovers\n|-heal|p1a: Alcremie|208/263|[from] item: Leftovers\n|upkeep\n|turn|14\n|\n|t:|1781385985\n|move|p2a: Spectrier|Shadow Ball|p1a: Alcremie\n|-damage|p1a: Alcremie|120/263\n|move|p1a: Alcremie|Calm Mind|p1a: Alcremie\n|-boost|p1a: Alcremie|spa|1\n|-boost|p1a: Alcremie|spd|1\n|\n|-heal|p1a: Alcremie|136/263|[from] item: Leftovers\n|upkeep\n|turn|15\n|\n|t:|1781385995\n|move|p2a: Spectrier|Shadow Ball|p1a: Alcremie\n|-damage|p1a: Alcremie|72/263\n|move|p1a: Alcremie|Calm Mind|p1a: Alcremie\n|-boost|p1a: Alcremie|spa|1\n|-boost|p1a: Alcremie|spd|1\n|\n|-heal|p1a: Alcremie|88/263|[from] item: Leftovers\n|upkeep\n|turn|16\n|\n|t:|1781386003\n|move|p2a: Spectrier|Nasty Plot|p2a: Spectrier\n|-boost|p2a: Spectrier|spa|2\n|move|p1a: Alcremie|Recover|p1a: Alcremie\n|-heal|p1a: Alcremie|220/263\n|\n|-heal|p1a: Alcremie|236/263|[from] item: Leftovers\n|upkeep\n|turn|17\n|\n|t:|1781386015\n|move|p2a: Spectrier|Shadow Ball|p1a: Alcremie\n|-damage|p1a: Alcremie|154/263\n|move|p1a: Alcremie|Calm Mind|p1a: Alcremie\n|-boost|p1a: Alcremie|spa|1\n|-boost|p1a: Alcremie|spd|1\n|\n|-heal|p1a: Alcremie|170/263|[from] item: Leftovers\n|upkeep\n|turn|18\n|\n|t:|1781386023\n|move|p2a: Spectrier|Shadow Ball|p1a: Alcremie\n|-damage|p1a: Alcremie|98/263\n|move|p1a: Alcremie|Recover|p1a: Alcremie\n|-heal|p1a: Alcremie|230/263\n|\n|-heal|p1a: Alcremie|246/263|[from] item: Leftovers\n|upkeep\n|turn|19\n|\n|t:|1781386031\n|move|p2a: Spectrier|Shadow Ball|p1a: Alcremie\n|-damage|p1a: Alcremie|177/263\n|-unboost|p1a: Alcremie|spd|1\n|move|p1a: Alcremie|Alluring Voice|p2a: Spectrier\n|-damage|p2a: Spectrier|0 fnt\n|faint|p2a: Spectrier\n|\n|-heal|p1a: Alcremie|193/263|[from] item: Leftovers\n|upkeep\n|\n|t:|1781386040\n|switch|p2a: Girafarig|Girafarig, L89, M|269/269\n|turn|20\n|\n|t:|1781386054\n|move|p2a: Girafarig|Psyshock|p1a: Alcremie\n|-damage|p1a: Alcremie|94/263\n|move|p1a: Alcremie|Alluring Voice|p2a: Girafarig\n|-damage|p2a: Girafarig|0 fnt\n|faint|p2a: Girafarig\n|\n|-heal|p1a: Alcremie|110/263|[from] item: Leftovers\n|upkeep\n|\n|t:|1781386063\n|switch|p2a: Magmortar|Magmortar, L88, F|275/275\n|turn|21\n|\n|t:|1781386068\n|move|p2a: Magmortar|Earthquake|p1a: Alcremie\n|-damage|p1a: Alcremie|34/263\n|move|p1a: Alcremie|Recover|p1a: Alcremie\n|-heal|p1a: Alcremie|166/263\n|\n|-heal|p1a: Alcremie|182/263|[from] item: Leftovers\n|upkeep\n|turn|22\n|-message|napoliones forfeited.\n|\n|win|mfcorrea11\n", "inputlog": ">version a8376a258c1d4662feba110a92103f3664a72141\n>start {\"formatid\":\"gen9randombattle\",\"seed\":\"sodium,31dc10976adae84fd0e79446766a051a\",\"rated\":\"Rated battle\"}\n>player p1 {\"name\":\"mfcorrea11\",\"avatar\":\"169\",\"rating\":1933,\"seed\":\"sodium,988a868f578edbe444d538b2d4458008\"}\n>player p2 {\"name\":\"napoliones\",\"avatar\":\"101\",\"rating\":2002,\"seed\":\"sodium,7d317f7fa416d9fd6e23a9ba15f5916b\"}\n>chat \u2606napoliones|gl hf :)\n>chat \u2606mfcorrea11|gl hf\n>chat \u2606napoliones|ty!\n>p1 switch 4\n>p2 move swordsdance\n>p1 move willowisp\n>p2 move knockoff\n>p1 move calmmind\n>p2 move swordsdance\n>p1 move shadowball\n>p2 move knockoff\n>p1 switch 2\n>p1 move dragondance\n>p2 move knockoff\n>p1 move dragondance\n>p2 move earthquake\n>p1 move ironhead\n>p2 move earthquake\n>p1 switch 6\n>p1 move stoneedge\n>p2 move petalblizzard\n>p2 switch 6\n>p1 move closecombat terastallize\n>p2 move ironhead\n>p2 switch 3\n>p1 switch 4\n>p2 move substitute\n>p1 move calmmind\n>p2 move nastyplot\n>p1 move calmmind\n>p2 move shadowball\n>p1 move calmmind\n>p2 move nastyplot\n>p1 move calmmind\n>p2 move shadowball\n>p1 move calmmind\n>p2 move shadowball\n>p1 move recover\n>p2 move nastyplot\n>p1 move calmmind\n>p2 move shadowball\n>p1 move recover\n>p2 move shadowball\n>p1 move alluringvoice\n>p2 move shadowball\n>p2 switch 4\n>p1 move alluringvoice\n>p2 move psyshock\n>p2 switch 5\n>p1 move recover\n>p2 move earthquake\n>forcelose p2", "uploadtime": 1781385723, "views": 7, "formatid": "gen9randombattle", "rating": null, "private": 0, "password": null}