{"id": "gen9randombattle-2631519523", "format": "[Gen 9] Random Battle", "players": ["epicgamer65", "a1bertron"], "log": "|j|\u2606epicgamer65\n|j|\u2606a1bertron\n|t:|1781395736\n|gametype|singles\n|player|p1|epicgamer65|brycenman|2022\n|player|p2|a1bertron|101|2061\n|gen|9\n|tier|[Gen 9] Random Battle\n|rated|\n|rule|Species Clause: Limit one of each Pok\u00e9mon\n|rule|HP Percentage Mod: HP is shown in percentages\n|rule|Sleep Clause Mod: Limit one foe put to sleep\n|rule|Illusion Level Mod: Illusion disguises the Pok\u00e9mon's true level\n|\n|t:|1781395736\n|teamsize|p1|6\n|teamsize|p2|6\n|start\n|switch|p1a: Dusknoir|Dusknoir, L89, F|225/225\n|switch|p2a: Skeledirge|Skeledirge, L79, M|294/294\n|-item|p2a: Skeledirge|Heavy-Duty Boots|[from] ability: Frisk|[of] p1a: Dusknoir\n|turn|1\n|inactive|Battle timer is ON: inactive players will automatically lose when time's up. (requested by epicgamer65)\n|\n|t:|1781395744\n|switch|p2a: Umbreon|Umbreon, L84, F|297/297\n|move|p1a: Dusknoir|Poltergeist|p2a: Umbreon\n|-activate|p2a: Umbreon|move: Poltergeist|Leftovers\n|-resisted|p2a: Umbreon\n|-damage|p2a: Umbreon|218/297\n|\n|-heal|p2a: Umbreon|236/297|[from] item: Leftovers\n|upkeep\n|turn|2\n|\n|t:|1781395756\n|switch|p1a: Ariados|Ariados, L95, M|287/287\n|move|p2a: Umbreon|Foul Play|p1a: Ariados\n|-damage|p1a: Ariados|167/287\n|\n|-heal|p2a: Umbreon|254/297|[from] item: Leftovers\n|upkeep\n|turn|3\n|\n|t:|1781395768\n|switch|p2a: Swanna|Swanna, L89, M|278/278\n|move|p1a: Ariados|Sticky Web|p2a: Swanna\n|-sidestart|p2: a1bertron|move: Sticky Web\n|\n|upkeep\n|turn|4\n|\n|t:|1781395785\n|switch|p1a: Dusknoir|Dusknoir, L89, F|225/225\n|-item|p2a: Swanna|Heavy-Duty Boots|[from] ability: Frisk|[of] p1a: Dusknoir\n|move|p2a: Swanna|Brave Bird|p1a: Dusknoir\n|-damage|p1a: Dusknoir|132/225\n|-damage|p2a: Swanna|247/278|[from] Recoil\n|\n|upkeep\n|turn|5\n|\n|t:|1781395789\n|switch|p2a: Umbreon|Umbreon, L84, F|254/297\n|-activate|p2a: Umbreon|move: Sticky Web\n|-unboost|p2a: Umbreon|spe|1\n|move|p1a: Dusknoir|Leech Life|p2a: Umbreon\n|-supereffective|p2a: Umbreon\n|-damage|p2a: Umbreon|94/297\n|-heal|p1a: Dusknoir|212/225|[from] drain|[of] p2a: Umbreon\n|\n|-heal|p2a: Umbreon|112/297|[from] item: Leftovers\n|upkeep\n|turn|6\n|\n|t:|1781395798\n|move|p2a: Umbreon|Protect|p2a: Umbreon\n|-singleturn|p2a: Umbreon|Protect\n|move|p1a: Dusknoir|Leech Life|p2a: Umbreon\n|-activate|p2a: Umbreon|move: Protect\n|\n|-heal|p2a: Umbreon|130/297|[from] item: Leftovers\n|upkeep\n|turn|7\n|\n|t:|1781395802\n|switch|p2a: Swanna|Swanna, L89, M|247/278\n|move|p1a: Dusknoir|Leech Life|p2a: Swanna\n|-resisted|p2a: Swanna\n|-damage|p2a: Swanna|188/278\n|-heal|p1a: Dusknoir|225/225|[from] drain|[of] p2a: Swanna\n|\n|upkeep\n|turn|8\n|\n|t:|1781395811\n|switch|p1a: Grimmsnarl|Grimmsnarl, L83, M|293/293\n|move|p2a: Swanna|Hydro Pump|p1a: Grimmsnarl|[miss]\n|-miss|p2a: Swanna|p1a: Grimmsnarl\n|\n|upkeep\n|turn|9\n|\n|t:|1781395818\n|switch|p2a: Skeledirge|Skeledirge, L79, M|294/294\n|move|p1a: Grimmsnarl|Parting Shot|p2a: Skeledirge\n|-unboost|p2a: Skeledirge|atk|1\n|-unboost|p2a: Skeledirge|spa|1\n|\n|t:|1781395839\n|switch|p1a: Dusknoir|Dusknoir, L89, F|225/225|[from] Parting Shot\n|-item|p2a: Skeledirge|Heavy-Duty Boots|[from] ability: Frisk|[of] p1a: Dusknoir\n|\n|upkeep\n|turn|10\n|\n|t:|1781395843\n|move|p2a: Skeledirge|Will-O-Wisp|p1a: Dusknoir\n|-status|p1a: Dusknoir|brn\n|move|p1a: Dusknoir|Earthquake|p2a: Skeledirge\n|-supereffective|p2a: Skeledirge\n|-damage|p2a: Skeledirge|170/294\n|\n|-damage|p1a: Dusknoir|211/225 brn|[from] brn\n|upkeep\n|turn|11\n|\n|t:|1781395850\n|switch|p1a: Grimmsnarl|Grimmsnarl, L83, M|293/293\n|move|p2a: Skeledirge|Slack Off|p2a: Skeledirge\n|-heal|p2a: Skeledirge|294/294\n|\n|upkeep\n|turn|12\n|\n|t:|1781395853\n|move|p1a: Grimmsnarl|Parting Shot|p2a: Skeledirge\n|-unboost|p2a: Skeledirge|atk|1\n|-unboost|p2a: Skeledirge|spa|1\n|\n|t:|1781395855\n|switch|p1a: Dusknoir|Dusknoir, L89, F|211/225 brn|[from] Parting Shot\n|-item|p2a: Skeledirge|Heavy-Duty Boots|[from] ability: Frisk|[of] p1a: Dusknoir\n|move|p2a: Skeledirge|Will-O-Wisp|p1a: Dusknoir\n|-fail|p1a: Dusknoir|brn\n|\n|-damage|p1a: Dusknoir|197/225 brn|[from] brn\n|upkeep\n|turn|13\n|\n|t:|1781395858\n|switch|p2a: Umbreon|Umbreon, L84, F|130/297\n|-activate|p2a: Umbreon|move: Sticky Web\n|-unboost|p2a: Umbreon|spe|1\n|move|p1a: Dusknoir|Leech Life|p2a: Umbreon\n|-supereffective|p2a: Umbreon\n|-damage|p2a: Umbreon|41/297\n|-heal|p1a: Dusknoir|225/225 brn|[from] drain|[of] p2a: Umbreon\n|\n|-heal|p2a: Umbreon|59/297|[from] item: Leftovers\n|-damage|p1a: Dusknoir|211/225 brn|[from] brn\n|upkeep\n|turn|14\n|\n|t:|1781395866\n|switch|p1a: Ariados|Ariados, L95, M|167/287\n|move|p2a: Umbreon|Protect||[still]\n|-fail|p2a: Umbreon\n|\n|-heal|p2a: Umbreon|77/297|[from] item: Leftovers\n|upkeep\n|turn|15\n|\n|t:|1781395870\n|move|p2a: Umbreon|Protect|p2a: Umbreon\n|-singleturn|p2a: Umbreon|Protect\n|move|p1a: Ariados|Megahorn|p2a: Umbreon\n|-activate|p2a: Umbreon|move: Protect\n|\n|-heal|p2a: Umbreon|95/297|[from] item: Leftovers\n|upkeep\n|turn|16\n|\n|t:|1781395875\n|switch|p2a: Swanna|Swanna, L89, M|188/278\n|move|p1a: Ariados|Poison Jab|p2a: Swanna\n|-damage|p2a: Swanna|68/278\n|\n|upkeep\n|turn|17\n|\n|t:|1781395884\n|switch|p1a: Grimmsnarl|Grimmsnarl, L83, M|293/293\n|move|p2a: Swanna|Roost|p2a: Swanna\n|-heal|p2a: Swanna|207/278\n|-singleturn|p2a: Swanna|move: Roost\n|\n|upkeep\n|turn|18\n|\n|t:|1781395890\n|move|p2a: Swanna|Roost|p2a: Swanna\n|-heal|p2a: Swanna|278/278\n|-singleturn|p2a: Swanna|move: Roost\n|move|p1a: Grimmsnarl|Spirit Break|p2a: Swanna\n|-damage|p2a: Swanna|170/278\n|-unboost|p2a: Swanna|spa|1\n|\n|upkeep\n|turn|19\n|\n|t:|1781395896\n|switch|p2a: Skeledirge|Skeledirge, L79, M|294/294\n|move|p1a: Grimmsnarl|Spirit Break|p2a: Skeledirge\n|-resisted|p2a: Skeledirge\n|-damage|p2a: Skeledirge|250/294\n|-unboost|p2a: Skeledirge|spa|1\n|\n|upkeep\n|turn|20\n|\n|t:|1781395902\n|move|p1a: Grimmsnarl|Parting Shot|p2a: Skeledirge\n|-unboost|p2a: Skeledirge|atk|1\n|-unboost|p2a: Skeledirge|spa|1\n|\n|t:|1781395903\n|switch|p1a: Dusknoir|Dusknoir, L89, F|211/225 brn|[from] Parting Shot\n|-item|p2a: Skeledirge|Heavy-Duty Boots|[from] ability: Frisk|[of] p1a: Dusknoir\n|move|p2a: Skeledirge|Will-O-Wisp|p1a: Dusknoir\n|-fail|p1a: Dusknoir|brn\n|\n|-damage|p1a: Dusknoir|197/225 brn|[from] brn\n|upkeep\n|turn|21\n|\n|t:|1781395907\n|move|p2a: Skeledirge|Hex|p1a: Dusknoir\n|-supereffective|p1a: Dusknoir\n|-damage|p1a: Dusknoir|111/225 brn\n|move|p1a: Dusknoir|Poltergeist|p2a: Skeledirge\n|-activate|p2a: Skeledirge|move: Poltergeist|Heavy-Duty Boots\n|-supereffective|p2a: Skeledirge\n|-damage|p2a: Skeledirge|69/294\n|\n|-damage|p1a: Dusknoir|97/225 brn|[from] brn\n|upkeep\n|turn|22\n|\n|t:|1781395915\n|move|p2a: Skeledirge|Slack Off|p2a: Skeledirge\n|-heal|p2a: Skeledirge|216/294\n|move|p1a: Dusknoir|Poltergeist|p2a: Skeledirge\n|-activate|p2a: Skeledirge|move: Poltergeist|Heavy-Duty Boots\n|-supereffective|p2a: Skeledirge\n|-damage|p2a: Skeledirge|23/294\n|\n|-damage|p1a: Dusknoir|83/225 brn|[from] brn\n|upkeep\n|turn|23\n|\n|t:|1781395918\n|move|p2a: Skeledirge|Hex|p1a: Dusknoir\n|-supereffective|p1a: Dusknoir\n|-damage|p1a: Dusknoir|0 fnt\n|faint|p1a: Dusknoir\n|\n|upkeep\n|\n|t:|1781395936\n|switch|p1a: Feraligatr|Feraligatr, L79, F|264/264\n|turn|24\n|\n|t:|1781395942\n|move|p1a: Feraligatr|Liquidation|p2a: Skeledirge\n|-supereffective|p2a: Skeledirge\n|-damage|p2a: Skeledirge|0 fnt\n|faint|p2a: Skeledirge\n|\n|upkeep\n|\n|t:|1781395947\n|switch|p2a: Milotic|Milotic, L83, F|293/293\n|-activate|p2a: Milotic|move: Sticky Web\n|-unboost|p2a: Milotic|spe|1\n|-ability|p2a: Milotic|Competitive|boost\n|-boost|p2a: Milotic|spa|2\n|turn|25\n|\n|t:|1781395962\n|switch|p1a: Whimsicott|Whimsicott, L84, M|238/238\n|move|p2a: Milotic|Dragon Tail|p1a: Whimsicott\n|-immune|p1a: Whimsicott\n|\n|upkeep\n|turn|26\n|\n|t:|1781395966\n|move|p1a: Whimsicott|Encore|p2a: Milotic\n|-start|p2a: Milotic|Encore\n|move|p2a: Milotic|Dragon Tail|p1a: Whimsicott\n|-immune|p1a: Whimsicott\n|\n|upkeep\n|turn|27\n|\n|t:|1781395971\n|switch|p2a: Swanna|Swanna, L89, M|170/278\n|move|p1a: Whimsicott|Moonblast|p2a: Swanna\n|-damage|p2a: Swanna|70/278\n|\n|upkeep\n|turn|28\n|\n|t:|1781395978\n|move|p1a: Whimsicott|Moonblast|p2a: Swanna\n|-damage|p2a: Swanna|0 fnt\n|faint|p2a: Swanna\n|\n|upkeep\n|\n|t:|1781395980\n|switch|p2a: Mismagius|Mismagius, L86, M|243/243\n|turn|29\n|\n|t:|1781395988\n|move|p1a: Whimsicott|Stun Spore|p2a: Mismagius\n|-status|p2a: Mismagius|par\n|move|p2a: Mismagius|Dazzling Gleam|p1a: Whimsicott\n|-damage|p1a: Whimsicott|127/238\n|\n|-heal|p1a: Whimsicott|141/238|[from] item: Leftovers\n|upkeep\n|turn|30\n|\n|t:|1781395994\n|move|p1a: Whimsicott|Giga Drain|p2a: Mismagius\n|-damage|p2a: Mismagius|188/243 par\n|-heal|p1a: Whimsicott|169/238|[from] drain|[of] p2a: Mismagius\n|move|p2a: Mismagius|Dazzling Gleam|p1a: Whimsicott\n|-damage|p1a: Whimsicott|69/238\n|\n|-heal|p1a: Whimsicott|83/238|[from] item: Leftovers\n|upkeep\n|turn|31\n|\n|t:|1781396000\n|switch|p1a: Ariados|Ariados, L95, M|167/287\n|move|p2a: Mismagius|Dazzling Gleam|p1a: Ariados\n|-resisted|p1a: Ariados\n|-damage|p1a: Ariados|116/287\n|\n|upkeep\n|turn|32\n|\n|t:|1781396008\n|switch|p2a: Milotic|Milotic, L83, F|293/293\n|-activate|p2a: Milotic|move: Sticky Web\n|-unboost|p2a: Milotic|spe|1\n|-ability|p2a: Milotic|Competitive|boost\n|-boost|p2a: Milotic|spa|2\n|move|p1a: Ariados|Poison Jab|p2a: Milotic\n|-damage|p2a: Milotic|179/293\n|\n|-heal|p2a: Milotic|197/293|[from] item: Leftovers\n|upkeep\n|turn|33\n|\n|t:|1781396025\n|move|p1a: Ariados|Megahorn|p2a: Milotic\n|-damage|p2a: Milotic|19/293\n|move|p2a: Milotic|Recover|p2a: Milotic\n|-heal|p2a: Milotic|166/293\n|\n|-heal|p2a: Milotic|184/293|[from] item: Leftovers\n|upkeep\n|turn|34\n|\n|t:|1781396030\n|move|p1a: Ariados|Megahorn|p2a: Milotic|[miss]\n|-miss|p1a: Ariados|p2a: Milotic\n|move|p2a: Milotic|Ice Beam|p1a: Ariados\n|-damage|p1a: Ariados|0 fnt\n|faint|p1a: Ariados\n|\n|-heal|p2a: Milotic|202/293|[from] item: Leftovers\n|upkeep\n|\n|t:|1781396034\n|switch|p1a: Whimsicott|Whimsicott, L84, M|83/238\n|turn|35\n|\n|t:|1781396038\n|switch|p2a: Mismagius|Mismagius, L86, M|188/243 par\n|move|p1a: Whimsicott|Giga Drain|p2a: Mismagius\n|-damage|p2a: Mismagius|133/243 par\n|-heal|p1a: Whimsicott|111/238|[from] drain|[of] p2a: Mismagius\n|\n|-heal|p1a: Whimsicott|125/238|[from] item: Leftovers\n|upkeep\n|turn|36\n|\n|t:|1781396047\n|switch|p1a: Perrserker|Perrserker, L89, M|269/269\n|move|p2a: Mismagius|Shadow Ball|p1a: Perrserker\n|-damage|p1a: Perrserker|82/269\n|\n|upkeep\n|turn|37\n|\n|t:|1781396057\n|switch|p1a: Grimmsnarl|Grimmsnarl, L83, M|293/293\n|switch|p2a: Umbreon|Umbreon, L84, F|95/297\n|-activate|p2a: Umbreon|move: Sticky Web\n|-unboost|p2a: Umbreon|spe|1\n|\n|-heal|p2a: Umbreon|113/297|[from] item: Leftovers\n|upkeep\n|turn|38\n|\n|t:|1781396063\n|move|p2a: Umbreon|Protect|p2a: Umbreon\n|-singleturn|p2a: Umbreon|Protect\n|move|p1a: Grimmsnarl|Spirit Break|p2a: Umbreon\n|-activate|p2a: Umbreon|move: Protect\n|\n|-heal|p2a: Umbreon|131/297|[from] item: Leftovers\n|upkeep\n|turn|39\n|\n|t:|1781396069\n|-terastallize|p2a: Umbreon|Poison\n|move|p1a: Grimmsnarl|Spirit Break|p2a: Umbreon\n|-resisted|p2a: Umbreon\n|-damage|p2a: Umbreon|92/297\n|-unboost|p2a: Umbreon|spa|1\n|move|p2a: Umbreon|Wish|p2a: Umbreon\n|\n|-heal|p2a: Umbreon|110/297|[from] item: Leftovers\n|upkeep\n|turn|40\n|\n|t:|1781396080\n|move|p1a: Grimmsnarl|Spirit Break|p2a: Umbreon\n|-resisted|p2a: Umbreon\n|-damage|p2a: Umbreon|68/297\n|-unboost|p2a: Umbreon|spa|1\n|move|p2a: Umbreon|Toxic|p1a: Grimmsnarl\n|-status|p1a: Grimmsnarl|tox\n|\n|-heal|p2a: Umbreon|216/297|[from] move: Wish|[wisher] Umbreon\n|-heal|p2a: Umbreon|234/297|[from] item: Leftovers\n|-damage|p1a: Grimmsnarl|275/293 tox|[from] psn\n|upkeep\n|turn|41\n|\n|t:|1781396084\n|move|p1a: Grimmsnarl|Taunt|p2a: Umbreon\n|-start|p2a: Umbreon|move: Taunt\n|cant|p2a: Umbreon|move: Taunt|Wish\n|\n|-heal|p1a: Grimmsnarl|293/293 tox|[from] item: Leftovers\n|-heal|p2a: Umbreon|252/297|[from] item: Leftovers\n|-damage|p1a: Grimmsnarl|257/293 tox|[from] psn\n|upkeep\n|turn|42\n|\n|t:|1781396087\n|move|p1a: Grimmsnarl|Parting Shot|p2a: Umbreon\n|-unboost|p2a: Umbreon|atk|1\n|-unboost|p2a: Umbreon|spa|1\n|\n|t:|1781396091\n|switch|p1a: Whimsicott|Whimsicott, L84, M|125/238|[from] Parting Shot\n|move|p2a: Umbreon|Foul Play|p1a: Whimsicott\n|-resisted|p1a: Whimsicott\n|-damage|p1a: Whimsicott|98/238\n|\n|-heal|p1a: Whimsicott|112/238|[from] item: Leftovers\n|-heal|p2a: Umbreon|270/297|[from] item: Leftovers\n|upkeep\n|turn|43\n|\n|t:|1781396097\n|move|p1a: Whimsicott|Stun Spore|p2a: Umbreon\n|-status|p2a: Umbreon|par\n|-activate|p2a: Umbreon|ability: Synchronize\n|-status|p1a: Whimsicott|par\n|cant|p2a: Umbreon|par\n|\n|-heal|p1a: Whimsicott|126/238 par|[from] item: Leftovers\n|-heal|p2a: Umbreon|288/297 par|[from] item: Leftovers\n|-end|p2a: Umbreon|move: Taunt\n|upkeep\n|turn|44\n|\n|t:|1781396110\n|switch|p1a: Grimmsnarl|Grimmsnarl, L83, M|257/293 tox\n|move|p2a: Umbreon|Wish|p2a: Umbreon\n|\n|-heal|p1a: Grimmsnarl|275/293 tox|[from] item: Leftovers\n|-heal|p2a: Umbreon|297/297 par|[from] item: Leftovers\n|-damage|p1a: Grimmsnarl|257/293 tox|[from] psn\n|upkeep\n|turn|45\n|\n|t:|1781396115\n|switch|p2a: Mismagius|Mismagius, L86, M|133/243 par\n|move|p1a: Grimmsnarl|Taunt|p2a: Mismagius\n|-start|p2a: Mismagius|move: Taunt\n|\n|-heal|p2a: Mismagius|243/243 par|[from] move: Wish|[wisher] Umbreon\n|-heal|p1a: Grimmsnarl|275/293 tox|[from] item: Leftovers\n|-damage|p1a: Grimmsnarl|239/293 tox|[from] psn\n|upkeep\n|turn|46\n|\n|t:|1781396126\n|move|p1a: Grimmsnarl|Parting Shot|p2a: Mismagius\n|-unboost|p2a: Mismagius|atk|1\n|-unboost|p2a: Mismagius|spa|1\n|\n|t:|1781396129\n|switch|p1a: Whimsicott|Whimsicott, L84, M|126/238 par|[from] Parting Shot\n|cant|p2a: Mismagius|par\n|\n|-heal|p1a: Whimsicott|140/238 par|[from] item: Leftovers\n|upkeep\n|turn|47\n|\n|t:|1781396134\n|cant|p1a: Whimsicott|par\n|move|p2a: Mismagius|Shadow Ball|p1a: Whimsicott\n|-damage|p1a: Whimsicott|41/238 par\n|-unboost|p1a: Whimsicott|spd|1\n|\n|-heal|p1a: Whimsicott|55/238 par|[from] item: Leftovers\n|-end|p2a: Mismagius|move: Taunt\n|upkeep\n|turn|48\n|\n|t:|1781396137\n|move|p1a: Whimsicott|Moonblast|p2a: Mismagius\n|-damage|p2a: Mismagius|174/243 par\n|cant|p2a: Mismagius|par\n|\n|-heal|p1a: Whimsicott|69/238 par|[from] item: Leftovers\n|upkeep\n|turn|49\n|\n|t:|1781396141\n|cant|p1a: Whimsicott|par\n|move|p2a: Mismagius|Shadow Ball|p1a: Whimsicott\n|-damage|p1a: Whimsicott|0 fnt\n|faint|p1a: Whimsicott\n|\n|upkeep\n|\n|t:|1781396144\n|switch|p1a: Feraligatr|Feraligatr, L79, F|264/264\n|turn|50\n|\n|t:|1781396147\n|switch|p2a: Milotic|Milotic, L83, F|202/293\n|-activate|p2a: Milotic|move: Sticky Web\n|-unboost|p2a: Milotic|spe|1\n|-ability|p2a: Milotic|Competitive|boost\n|-boost|p2a: Milotic|spa|2\n|move|p1a: Feraligatr|Dragon Dance|p1a: Feraligatr\n|-boost|p1a: Feraligatr|atk|1\n|-boost|p1a: Feraligatr|spe|1\n|\n|-heal|p2a: Milotic|220/293|[from] item: Leftovers\n|upkeep\n|turn|51\n|\n|t:|1781396149\n|-terastallize|p1a: Feraligatr|Grass\n|move|p1a: Feraligatr|Trailblaze|p2a: Milotic\n|-supereffective|p2a: Milotic\n|-damage|p2a: Milotic|0 fnt\n|faint|p2a: Milotic\n|\n|upkeep\n|\n|t:|1781396155\n|switch|p2a: Umbreon|Umbreon, L84, F, tera:Poison|297/297 par\n|-activate|p2a: Umbreon|move: Sticky Web\n|-unboost|p2a: Umbreon|spe|1\n|turn|52\n|\n|t:|1781396160\n|move|p1a: Feraligatr|Liquidation|p2a: Umbreon\n|-damage|p2a: Umbreon|106/297 par\n|cant|p2a: Umbreon|par\n|\n|-heal|p2a: Umbreon|124/297 par|[from] item: Leftovers\n|upkeep\n|turn|53\n|-message|a1bertron forfeited.\n|\n|win|epicgamer65\n", "inputlog": ">version a8376a258c1d4662feba110a92103f3664a72141\n>start {\"formatid\":\"gen9randombattle\",\"seed\":\"sodium,61715d71b403f7db49ee98b752e3c283\",\"rated\":\"Rated battle\"}\n>player p1 {\"name\":\"epicgamer65\",\"avatar\":\"brycenman\",\"rating\":2022,\"seed\":\"sodium,81cd4a9119d407b1a108b3a1dc480d10\"}\n>player p2 {\"name\":\"a1bertron\",\"avatar\":\"101\",\"rating\":2061,\"seed\":\"sodium,4e6fad475b8691c3ef7334123374708d\"}\n>p1 move poltergeist\n>p2 switch 6\n>p1 switch 3\n>p2 move foulplay\n>p1 move stickyweb\n>p2 switch 5\n>p1 switch 3\n>p2 move bravebird\n>p1 move leechlife\n>p2 switch 5\n>p1 move leechlife\n>p2 move protect\n>p1 move leechlife\n>p2 switch 5\n>p1 switch 2\n>p2 move hydropump\n>p1 move partingshot\n>p2 switch 6\n>p1 switch 2\n>p1 move earthquake\n>p2 move willowisp\n>p1 switch 2\n>p2 move slackoff\n>p1 move partingshot\n>p2 move willowisp\n>p1 switch 2\n>p1 move leechlife\n>p2 switch 5\n>p1 switch 3\n>p2 move protect\n>p1 move megahorn\n>p2 move protect\n>p1 move poisonjab\n>p2 switch 6\n>p1 switch 2\n>p2 move roost\n>p1 move spiritbreak\n>p2 move roost\n>p1 move spiritbreak\n>p2 switch 5\n>p1 move partingshot\n>p2 move willowisp\n>p1 switch 3\n>p1 move poltergeist\n>p2 move hex\n>p1 move poltergeist\n>p2 move slackoff\n>p1 move poltergeist\n>p2 move hex\n>p1 switch 5\n>p1 move liquidation\n>p2 move willowisp\n>p2 switch 3\n>p1 switch 4\n>p2 move dragontail\n>p1 move encore\n>p2 move icebeam\n>p1 move moonblast\n>p2 switch 5\n>p1 move moonblast\n>p2 move bravebird\n>p2 switch 4\n>p1 move stunspore\n>p2 move dazzlinggleam\n>p1 move gigadrain\n>p2 move dazzlinggleam\n>p1 switch 2\n>p2 move dazzlinggleam\n>p1 move poisonjab\n>p2 switch 5\n>p1 move megahorn\n>p2 move recover\n>p1 move megahorn\n>p2 move icebeam\n>p1 switch 2\n>p1 move gigadrain\n>p2 switch 5\n>p1 switch 6\n>p2 move shadowball\n>p1 switch 3\n>p2 switch 6\n>p1 move spiritbreak\n>p2 move protect\n>p1 move spiritbreak\n>p2 move wish terastallize\n>p1 move spiritbreak\n>p2 move toxic\n>p1 move taunt\n>p2 move wish\n>p1 move partingshot\n>p2 move foulplay\n>p1 switch 6\n>p1 move stunspore\n>p2 move foulplay\n>p1 switch 6\n>p2 move wish\n>p1 move taunt\n>p2 switch 6\n>p1 move partingshot\n>p2 move dazzlinggleam\n>p1 switch 6\n>p1 move gigadrain\n>p2 move shadowball\n>p1 move moonblast\n>p2 move shadowball\n>p1 move moonblast\n>p2 move shadowball\n>p1 switch 4\n>p1 move dragondance\n>p2 switch 5\n>p1 move trailblaze terastallize\n>p2 move dragontail\n>p2 switch 6\n>p1 move liquidation\n>p2 move foulplay\n>forcelose p2", "uploadtime": 1781395737, "views": 4, "formatid": "gen9randombattle", "rating": null, "private": 0, "password": null, "player_dets": [{"name": "epicgamer65", "avatar": "brycenman", "rating": 2022, "seed": "sodium,81cd4a9119d407b1a108b3a1dc480d10"}, {"name": "a1bertron", "avatar": "101", "rating": 2061, "seed": "sodium,4e6fad475b8691c3ef7334123374708d"}], "teams_full": [{"Dusknoir": {"name": "Dusknoir", "species": "Dusknoir", "speciesId": "dusknoir", "gender": "F", "shiny": false, "level": 89, "moves": ["earthquake", "leechlife", "shadowsneak", "poltergeist"], "ability": "Frisk", "evs": {"hp": 85, "atk": 85, "def": 85, "spa": 85, "spd": 85, "spe": 85}, "ivs": {"hp": 31, "atk": 31, "def": 31, "spa": 31, "spd": 31, "spe": 31}, "item": "Choice Band", "teraType": "Ground", "role": "Wallbreaker", "bvs": {"hp": 45, "atk": 100, "def": 135, "spa": 65, "spd": 135, "spe": 45}, "stats": {"hp": 225, "atk": 229, "def": 291, "spa": 166, "spd": 291, "spe": 131}}, "Grimmsnarl": {"name": "Grimmsnarl", "species": "Grimmsnarl", "speciesId": "grimmsnarl", "gender": "M", "shiny": false, "level": 83, "moves": ["suckerpunch", "spiritbreak", "taunt", "partingshot"], "ability": "Prankster", "evs": {"hp": 85, "atk": 85, "def": 85, "spa": 85, "spd": 85, "spe": 85}, "ivs": {"hp": 31, "atk": 31, "def": 31, "spa": 31, "spd": 31, "spe": 31}, "item": "Leftovers", "teraType": "Steel", "role": "Bulky Attacker", "bvs": {"hp": 95, "atk": 120, "def": 65, "spa": 95, "spd": 75, "spe": 60}, "stats": {"hp": 293, "atk": 247, "def": 156, "spa": 205, "spd": 172, "spe": 147}}, "Ariados": {"name": "Ariados", "species": "Ariados", "speciesId": "ariados", "gender": "M", "shiny": false, "level": 95, "moves": ["poisonjab", "suckerpunch", "megahorn", "stickyweb"], "ability": "Insomnia", "evs": {"hp": 85, "atk": 85, "def": 85, "spa": 85, "spd": 85, "spe": 85}, "ivs": {"hp": 31, "atk": 31, "def": 31, "spa": 31, "spd": 31, "spe": 31}, "item": "Heavy-Duty Boots", "teraType": "Ghost", "role": "Fast Support", "bvs": {"hp": 70, "atk": 90, "def": 70, "spa": 60, "spd": 70, "spe": 40}, "stats": {"hp": 287, "atk": 225, "def": 187, "spa": 168, "spd": 187, "spe": 130}}, "Whimsicott": {"name": "Whimsicott", "species": "Whimsicott", "speciesId": "whimsicott", "gender": "M", "shiny": false, "level": 84, "moves": ["gigadrain", "encore", "stunspore", "moonblast"], "ability": "Prankster", "evs": {"hp": 85, "atk": 0, "def": 85, "spa": 85, "spd": 85, "spe": 85}, "ivs": {"hp": 31, "atk": 0, "def": 31, "spa": 31, "spd": 31, "spe": 31}, "item": "Leftovers", "teraType": "Poison", "role": "Fast Support", "bvs": {"hp": 60, "atk": 67, "def": 85, "spa": 77, "spd": 75, "spe": 116}, "stats": {"hp": 238, "atk": 117, "def": 191, "spa": 178, "spd": 174, "spe": 243}}, "Feraligatr": {"name": "Feraligatr", "species": "Feraligatr", "speciesId": "feraligatr", "gender": "F", "shiny": false, "level": 79, "moves": ["icepunch", "dragondance", "trailblaze", "liquidation"], "ability": "Sheer Force", "evs": {"hp": 85, "atk": 85, "def": 85, "spa": 85, "spd": 85, "spe": 85}, "ivs": {"hp": 31, "atk": 31, "def": 31, "spa": 31, "spd": 31, "spe": 31}, "item": "Life Orb", "teraType": "Grass", "role": "Setup Sweeper", "bvs": {"hp": 85, "atk": 105, "def": 100, "spa": 79, "spd": 83, "spe": 78}, "stats": {"hp": 264, "atk": 211, "def": 204, "spa": 170, "spd": 177, "spe": 169}}, "Perrserker": {"name": "Perrserker", "species": "Perrserker", "speciesId": "perrserker", "gender": "M", "shiny": false, "level": 89, "moves": ["knockoff", "closecombat", "uturn", "ironhead"], "ability": "Tough Claws", "evs": {"hp": 85, "atk": 85, "def": 85, "spa": 85, "spd": 85, "spe": 85}, "ivs": {"hp": 31, "atk": 31, "def": 31, "spa": 31, "spd": 31, "spe": 31}, "item": "Choice Band", "teraType": "Fighting", "role": "Fast Attacker", "bvs": {"hp": 70, "atk": 110, "def": 100, "spa": 50, "spd": 60, "spe": 50}, "stats": {"hp": 269, "atk": 247, "def": 229, "spa": 140, "spd": 158, "spe": 140}}}, {"Skeledirge": {"name": "Skeledirge", "species": "Skeledirge", "speciesId": "skeledirge", "gender": "M", "shiny": false, "level": 79, "moves": ["willowisp", "hex", "torchsong", "slackoff"], "ability": "Unaware", "evs": {"hp": 85, "atk": 0, "def": 85, "spa": 85, "spd": 85, "spe": 85}, "ivs": {"hp": 31, "atk": 0, "def": 31, "spa": 31, "spd": 31, "spe": 31}, "item": "Heavy-Duty Boots", "teraType": "Water", "role": "Bulky Support", "bvs": {"hp": 104, "atk": 75, "def": 100, "spa": 110, "spd": 75, "spe": 66}, "stats": {"hp": 294, "atk": 123, "def": 204, "spa": 219, "spd": 164, "spe": 150}}, "Pawmot": {"name": "Pawmot", "species": "Pawmot", "speciesId": "pawmot", "gender": "F", "shiny": false, "level": 80, "moves": ["doubleshock", "knockoff", "revivalblessing", "closecombat"], "ability": "Volt Absorb", "evs": {"hp": 85, "atk": 85, "def": 85, "spa": 85, "spd": 85, "spe": 85}, "ivs": {"hp": 31, "atk": 31, "def": 31, "spa": 31, "spd": 31, "spe": 31}, "item": "Life Orb", "teraType": "Electric", "role": "Fast Attacker", "bvs": {"hp": 70, "atk": 115, "def": 70, "spa": 70, "spd": 60, "spe": 105}, "stats": {"hp": 243, "atk": 230, "def": 158, "spa": 158, "spd": 142, "spe": 214}}, "Milotic": {"name": "Milotic", "species": "Milotic", "speciesId": "milotic", "gender": "F", "shiny": false, "level": 83, "moves": ["recover", "dragontail", "scald", "icebeam"], "ability": "Competitive", "evs": {"hp": 85, "atk": 85, "def": 85, "spa": 85, "spd": 85, "spe": 85}, "ivs": {"hp": 31, "atk": 31, "def": 31, "spa": 31, "spd": 31, "spe": 31}, "item": "Leftovers", "teraType": "Dragon", "role": "Bulky Attacker", "bvs": {"hp": 95, "atk": 60, "def": 79, "spa": 100, "spd": 125, "spe": 81}, "stats": {"hp": 293, "atk": 147, "def": 179, "spa": 214, "spd": 255, "spe": 182}}, "Mismagius": {"name": "Mismagius", "species": "Mismagius", "speciesId": "mismagius", "gender": "M", "shiny": false, "level": 86, "moves": ["shadowball", "trick", "thunderbolt", "dazzlinggleam"], "ability": "Levitate", "evs": {"hp": 85, "atk": 0, "def": 85, "spa": 85, "spd": 85, "spe": 85}, "ivs": {"hp": 31, "atk": 0, "def": 31, "spa": 31, "spd": 31, "spe": 31}, "item": "Choice Specs", "teraType": "Electric", "role": "Wallbreaker", "bvs": {"hp": 60, "atk": 60, "def": 60, "spa": 105, "spd": 105, "spe": 105}, "stats": {"hp": 243, "atk": 108, "def": 152, "spa": 230, "spd": 230, "spe": 230}}, "Swanna": {"name": "Swanna", "species": "Swanna", "speciesId": "swanna", "gender": "M", "shiny": false, "level": 89, "moves": ["hydropump", "roost", "bravebird", "defog"], "ability": "Hydration", "evs": {"hp": 85, "atk": 85, "def": 85, "spa": 85, "spd": 85, "spe": 85}, "ivs": {"hp": 31, "atk": 31, "def": 31, "spa": 31, "spd": 31, "spe": 31}, "item": "Heavy-Duty Boots", "teraType": "Ground", "role": "Bulky Support", "bvs": {"hp": 75, "atk": 87, "def": 63, "spa": 87, "spd": 63, "spe": 98}, "stats": {"hp": 278, "atk": 206, "def": 163, "spa": 206, "spd": 163, "spe": 225}}, "Umbreon": {"name": "Umbreon", "species": "Umbreon", "speciesId": "umbreon", "gender": "F", "shiny": false, "level": 84, "moves": ["protect", "wish", "foulplay", "toxic"], "ability": "Synchronize", "evs": {"hp": 85, "atk": 0, "def": 85, "spa": 85, "spd": 85, "spe": 85}, "ivs": {"hp": 31, "atk": 0, "def": 31, "spa": 31, "spd": 31, "spe": 31}, "item": "Leftovers", "teraType": "Poison", "role": "Bulky Support", "bvs": {"hp": 95, "atk": 65, "def": 110, "spa": 60, "spd": 130, "spe": 65}, "stats": {"hp": 297, "atk": 114, "def": 233, "spa": 149, "spd": 267, "spe": 157}}}]}