{"id": "gen9randombattle-2631511623", "format": "[Gen 9] Random Battle", "players": ["Arcangel666", "adalgoudil"], "log": "|j|\u2606Arcangel666\n|j|\u2606adalgoudil\n|t:|1781394572\n|gametype|singles\n|player|p1|Arcangel666|piers-masters|2040\n|player|p2|adalgoudil|169|2142\n|gen|9\n|tier|[Gen 9] Random Battle\n|rated|\n|rule|Species Clause: Limit one of each Pok\u00e9mon\n|rule|HP Percentage Mod: HP is shown in percentages\n|rule|Sleep Clause Mod: Limit one foe put to sleep\n|rule|Illusion Level Mod: Illusion disguises the Pok\u00e9mon's true level\n|\n|t:|1781394572\n|teamsize|p1|6\n|teamsize|p2|6\n|start\n|switch|p1a: Chansey|Chansey, L85, F|564/564\n|switch|p2a: Noctowl|Noctowl, L95, M|344/344\n|turn|1\n|\n|t:|1781394578\n|switch|p2a: Plusle|Plusle, L95, F|268/268\n|move|p1a: Chansey|Thunder Wave|p2a: Plusle\n|-ability|p2a: Plusle|Lightning Rod|boost\n|-boost|p2a: Plusle|spa|1\n|\n|upkeep\n|turn|2\n|\n|t:|1781394583\n|switch|p1a: Hariyama|Hariyama, L87, M|392/392\n|move|p2a: Plusle|Encore||[still]\n|-fail|p2a: Plusle\n|\n|upkeep\n|turn|3\n|\n|t:|1781394587\n|-terastallize|p2a: Plusle|Fairy\n|move|p2a: Plusle|Alluring Voice|p1a: Hariyama\n|-supereffective|p1a: Hariyama\n|-damage|p1a: Hariyama|54/392\n|-damage|p2a: Plusle|242/268|[from] item: Life Orb\n|move|p1a: Hariyama|Knock Off|p2a: Plusle\n|-resisted|p2a: Plusle\n|-damage|p2a: Plusle|173/268\n|-enditem|p2a: Plusle|Life Orb|[from] move: Knock Off|[of] p1a: Hariyama\n|\n|upkeep\n|turn|4\n|\n|t:|1781394591\n|move|p1a: Hariyama|Bullet Punch|p2a: Plusle\n|-supereffective|p2a: Plusle\n|-damage|p2a: Plusle|71/268\n|move|p2a: Plusle|Thunderbolt|p1a: Hariyama\n|-damage|p1a: Hariyama|0 fnt\n|faint|p1a: Hariyama\n|\n|upkeep\n|\n|t:|1781394596\n|switch|p1a: Chansey|Chansey, L85, F|564/564\n|turn|5\n|\n|t:|1781394602\n|switch|p2a: Tentacruel|Tentacruel, L84, M|272/272\n|move|p1a: Chansey|Seismic Toss|p2a: Tentacruel\n|-damage|p2a: Tentacruel|187/272\n|\n|-heal|p2a: Tentacruel|204/272|[from] item: Leftovers\n|upkeep\n|turn|6\n|\n|t:|1781394604\n|switch|p2a: Plusle|Plusle, L95, F, tera:Fairy|71/268\n|move|p1a: Chansey|Seismic Toss|p2a: Plusle\n|-damage|p2a: Plusle|0 fnt\n|faint|p2a: Plusle\n|\n|upkeep\n|\n|t:|1781394610\n|switch|p2a: Flapple|Flapple, L88, F|266/266\n|turn|7\n|\n|t:|1781394615\n|switch|p1a: Masquerain|Masquerain, L87, M|264/264\n|-ability|p1a: Masquerain|Intimidate|boost\n|-unboost|p2a: Flapple|atk|1\n|move|p2a: Flapple|Dragon Dance|p2a: Flapple\n|-boost|p2a: Flapple|atk|1\n|-boost|p2a: Flapple|spe|1\n|\n|upkeep\n|turn|8\n|\n|t:|1781394618\n|move|p2a: Flapple|Outrage|p1a: Masquerain\n|-damage|p1a: Masquerain|0 fnt\n|faint|p1a: Masquerain\n|\n|upkeep\n|\n|t:|1781394622\n|switch|p1a: Primarina|Primarina, L83, M|268/268\n|turn|9\n|\n|t:|1781394624\n|move|p2a: Flapple|Outrage|p1a: Primarina|[from] lockedmove\n|-immune|p1a: Primarina\n|move|p1a: Primarina|Moonblast|p2a: Flapple\n|-supereffective|p2a: Flapple\n|-damage|p2a: Flapple|0 fnt\n|faint|p2a: Flapple\n|\n|upkeep\n|\n|t:|1781394625\n|switch|p2a: Tentacruel|Tentacruel, L84, M|204/272\n|turn|10\n|\n|t:|1781394628\n|switch|p1a: Chansey|Chansey, L85, F|564/564\n|move|p2a: Tentacruel|Toxic Spikes|p1a: Chansey\n|-sidestart|p1: Arcangel666|move: Toxic Spikes\n|\n|-heal|p2a: Tentacruel|221/272|[from] item: Leftovers\n|upkeep\n|turn|11\n|\n|t:|1781394633\n|move|p2a: Tentacruel|Toxic Spikes|p1a: Chansey\n|-sidestart|p1: Arcangel666|move: Toxic Spikes\n|move|p1a: Chansey|Thunder Wave|p2a: Tentacruel\n|-status|p2a: Tentacruel|par\n|\n|-heal|p2a: Tentacruel|238/272 par|[from] item: Leftovers\n|upkeep\n|turn|12\n|\n|t:|1781394635\n|move|p1a: Chansey|Seismic Toss|p2a: Tentacruel\n|-damage|p2a: Tentacruel|153/272 par\n|cant|p2a: Tentacruel|par\n|\n|-heal|p2a: Tentacruel|170/272 par|[from] item: Leftovers\n|upkeep\n|turn|13\n|\n|t:|1781394637\n|move|p1a: Chansey|Seismic Toss|p2a: Tentacruel\n|-damage|p2a: Tentacruel|85/272 par\n|cant|p2a: Tentacruel|par\n|\n|-heal|p2a: Tentacruel|102/272 par|[from] item: Leftovers\n|upkeep\n|turn|14\n|\n|t:|1781394640\n|move|p1a: Chansey|Seismic Toss|p2a: Tentacruel\n|-damage|p2a: Tentacruel|17/272 par\n|cant|p2a: Tentacruel|par\n|\n|-heal|p2a: Tentacruel|34/272 par|[from] item: Leftovers\n|upkeep\n|turn|15\n|\n|t:|1781394642\n|move|p1a: Chansey|Seismic Toss|p2a: Tentacruel\n|-damage|p2a: Tentacruel|0 fnt\n|faint|p2a: Tentacruel\n|\n|upkeep\n|\n|t:|1781394648\n|switch|p2a: Sceptile|Sceptile, L87, M|264/264\n|turn|16\n|\n|t:|1781394652\n|move|p2a: Sceptile|Swords Dance|p2a: Sceptile\n|-boost|p2a: Sceptile|atk|2\n|move|p1a: Chansey|Thunder Wave|p2a: Sceptile\n|-status|p2a: Sceptile|par\n|\n|upkeep\n|turn|17\n|\n|t:|1781394659\n|move|p1a: Chansey|Seismic Toss|p2a: Sceptile\n|-damage|p2a: Sceptile|179/264 par\n|move|p2a: Sceptile|Leaf Blade|p1a: Chansey\n|-damage|p1a: Chansey|28/564\n|-damage|p2a: Sceptile|153/264 par|[from] item: Life Orb\n|\n|upkeep\n|turn|18\n|\n|t:|1781394662\n|move|p1a: Chansey|Seismic Toss|p2a: Sceptile\n|-damage|p2a: Sceptile|68/264 par\n|move|p2a: Sceptile|Earthquake|p1a: Chansey\n|-damage|p1a: Chansey|0 fnt\n|faint|p1a: Chansey\n|-damage|p2a: Sceptile|42/264 par|[from] item: Life Orb\n|\n|upkeep\n|\n|t:|1781394664\n|switch|p1a: Honchkrow|Honchkrow, L86, M|312/312\n|turn|19\n|\n|t:|1781394668\n|switch|p2a: Noctowl|Noctowl, L95, M|344/344\n|move|p1a: Honchkrow|Brave Bird|p2a: Noctowl\n|-damage|p2a: Noctowl|128/344\n|-damage|p1a: Honchkrow|241/312|[from] Recoil\n|\n|upkeep\n|turn|20\n|\n|t:|1781394671\n|move|p2a: Noctowl|Roost|p2a: Noctowl\n|-heal|p2a: Noctowl|300/344\n|-singleturn|p2a: Noctowl|move: Roost\n|move|p1a: Honchkrow|Brave Bird|p2a: Noctowl\n|-damage|p2a: Noctowl|68/344\n|-damage|p1a: Honchkrow|164/312|[from] Recoil\n|\n|upkeep\n|turn|21\n|\n|t:|1781394676\n|-terastallize|p1a: Honchkrow|Flying\n|move|p2a: Noctowl|Roost|p2a: Noctowl\n|-heal|p2a: Noctowl|240/344\n|-singleturn|p2a: Noctowl|move: Roost\n|move|p1a: Honchkrow|Brave Bird|p2a: Noctowl\n|-damage|p2a: Noctowl|0 fnt\n|faint|p2a: Noctowl\n|-ability|p1a: Honchkrow|Moxie|boost\n|-boost|p1a: Honchkrow|atk|1\n|-damage|p1a: Honchkrow|85/312|[from] Recoil\n|\n|upkeep\n|\n|t:|1781394680\n|switch|p2a: Ditto|Ditto, L87|225/225\n|-transform|p2a: Ditto|p1a: Honchkrow|[from] ability: Imposter\n|-start|p2a: Ditto|typechange|Dark/Flying|[silent]\n|turn|22\n|\n|t:|1781394683\n|move|p2a: Ditto|Brave Bird|p1a: Honchkrow\n|-damage|p1a: Honchkrow|0 fnt\n|faint|p1a: Honchkrow\n|-ability|p2a: Ditto|Moxie|boost\n|-boost|p2a: Ditto|atk|1\n|-damage|p2a: Ditto|197/225|[from] Recoil\n|\n|upkeep\n|\n|t:|1781394685\n|switch|p1a: Primarina|Primarina, L83, M|268/268\n|-status|p1a: Primarina|tox\n|turn|23\n|\n|t:|1781394687\n|move|p2a: Ditto|Brave Bird|p1a: Primarina\n|-damage|p1a: Primarina|0 fnt\n|faint|p1a: Primarina\n|-ability|p2a: Ditto|Moxie|boost\n|-boost|p2a: Ditto|atk|1\n|-damage|p2a: Ditto|109/225|[from] Recoil\n|\n|upkeep\n|\n|t:|1781394689\n|switch|p1a: Mienshao|Mienshao, L83, M|244/244\n|-status|p1a: Mienshao|tox\n|turn|24\n|\n|t:|1781394691\n|move|p1a: Mienshao|Fake Out|p2a: Ditto\n|-damage|p2a: Ditto|63/225\n|cant|p2a: Ditto|flinch\n|\n|-damage|p1a: Mienshao|229/244 tox|[from] psn\n|upkeep\n|turn|25\n|\n|t:|1781394695\n|move|p2a: Ditto|Brave Bird|p1a: Mienshao\n|-supereffective|p1a: Mienshao\n|-damage|p1a: Mienshao|0 fnt\n|faint|p1a: Mienshao\n|-damage|p2a: Ditto|0 fnt|[from] Recoil\n|faint|p2a: Ditto\n|\n|win|adalgoudil\n", "inputlog": ">version a8376a258c1d4662feba110a92103f3664a72141\n>start {\"formatid\":\"gen9randombattle\",\"seed\":\"sodium,7b84924b66c33b2996eba08bc7ebfa8c\",\"rated\":\"Rated battle\"}\n>player p1 {\"name\":\"Arcangel666\",\"avatar\":\"piers-masters\",\"rating\":2040,\"seed\":\"sodium,da3da773d49e567403d23655a0dc9fce\"}\n>player p2 {\"name\":\"adalgoudil\",\"avatar\":\"169\",\"rating\":2142,\"seed\":\"sodium,c7c5daab178ed22466773d59f93bf1f4\"}\n>p1 move thunderwave\n>p2 switch 2\n>p1 switch 6\n>p2 move encore\n>p1 move knockoff\n>p2 move alluringvoice terastallize\n>p1 move bulletpunch\n>p2 move thunderbolt\n>p1 switch 6\n>p1 move seismictoss\n>p2 switch 5\n>p1 move seismictoss\n>p2 switch 5\n>p2 switch 3\n>p1 switch 3\n>p2 move dragondance\n>p1 move bugbuzz\n>p2 move outrage\n>p1 switch 4\n>p1 move moonblast\n>p2 move outrage\n>p2 switch 5\n>p1 switch 3\n>p2 move toxicspikes\n>p1 move thunderwave\n>p2 move toxicspikes\n>p1 move seismictoss\n>p2 move knockoff\n>p1 move seismictoss\n>p2 move knockoff\n>p1 move seismictoss\n>p2 move knockoff\n>p1 move seismictoss\n>p2 move knockoff\n>p2 switch 4\n>p1 move thunderwave\n>p2 move swordsdance\n>p1 move seismictoss\n>p2 move leafblade\n>p1 move seismictoss\n>p2 move earthquake\n>p1 switch 5\n>p1 move bravebird\n>p2 switch 2\n>p1 move bravebird\n>p2 move roost\n>p1 move bravebird terastallize\n>p2 move roost\n>p2 switch 6\n>p1 move bravebird\n>p2 move bravebird\n>p1 switch 3\n>p1 move moonblast\n>p2 move bravebird\n>p1 switch 2\n>p1 move fakeout\n>p2 move bravebird\n>p1 move knockoff\n>p2 move bravebird", "uploadtime": 1781394575, "views": 5, "formatid": "gen9randombattle", "rating": null, "private": 0, "password": null}