{"id": "gen9randombattle-2631510900", "format": "[Gen 9] Random Battle", "players": ["greenfalcon81", "lkj47"], "log": "|j|\u2606greenfalcon81\n|j|\u2606lkj47\n|t:|1781394475\n|gametype|singles\n|player|p1|greenfalcon81|101|1957\n|player|p2|lkj47|hilbert|1961\n|gen|9\n|tier|[Gen 9] Random Battle\n|rated|\n|rule|Species Clause: Limit one of each Pok\u00e9mon\n|rule|HP Percentage Mod: HP is shown in percentages\n|rule|Sleep Clause Mod: Limit one foe put to sleep\n|rule|Illusion Level Mod: Illusion disguises the Pok\u00e9mon's true level\n|\n|t:|1781394475\n|teamsize|p1|6\n|teamsize|p2|6\n|start\n|switch|p1a: Lanturn|Lanturn, L89, M|367/367\n|switch|p2a: Meloetta|Meloetta, L82|298/298\n|turn|1\n|\n|t:|1781394482\n|move|p2a: Meloetta|U-turn|p1a: Lanturn\n|-crit|p1a: Lanturn\n|-damage|p1a: Lanturn|295/367\n|\n|t:|1781394489\n|switch|p2a: Ting-Lu|Ting-Lu, L78|370/370|[from] U-turn\n|-ability|p2a: Ting-Lu|Vessel of Ruin\n|move|p1a: Lanturn|Thunder Wave|p2a: Ting-Lu\n|-immune|p2a: Ting-Lu\n|\n|-heal|p1a: Lanturn|317/367|[from] item: Leftovers\n|upkeep\n|turn|2\n|\n|t:|1781394498\n|switch|p1a: Meganium|Meganium, L90, F|290/290\n|move|p2a: Ting-Lu|Earthquake|p1a: Meganium\n|-resisted|p1a: Meganium\n|-damage|p1a: Meganium|245/290\n|\n|-heal|p1a: Meganium|263/290|[from] item: Leftovers\n|upkeep\n|turn|3\n|\n|t:|1781394503\n|switch|p2a: Leafeon|Leafeon, L88, M|258/258\n|move|p1a: Meganium|Encore||[still]\n|-fail|p1a: Meganium\n|\n|-heal|p1a: Meganium|281/290|[from] item: Leftovers\n|upkeep\n|turn|4\n|\n|t:|1781394509\n|move|p2a: Leafeon|Knock Off|p1a: Meganium\n|-damage|p1a: Meganium|212/290\n|-enditem|p1a: Meganium|Leftovers|[from] move: Knock Off|[of] p2a: Leafeon\n|move|p1a: Meganium|Knock Off|p2a: Leafeon\n|-damage|p2a: Leafeon|213/258\n|-enditem|p2a: Leafeon|Leftovers|[from] move: Knock Off|[of] p1a: Meganium\n|\n|upkeep\n|turn|5\n|\n|t:|1781394518\n|switch|p2a: Talonflame|Talonflame, L83, M|265/265\n|move|p1a: Meganium|Synthesis|p1a: Meganium\n|-heal|p1a: Meganium|290/290\n|\n|upkeep\n|turn|6\n|\n|t:|1781394521\n|switch|p1a: Lanturn|Lanturn, L89, M|317/367\n|move|p2a: Talonflame|Overheat|p1a: Lanturn\n|-resisted|p1a: Lanturn\n|-damage|p1a: Lanturn|261/367\n|-unboost|p2a: Talonflame|spa|2\n|\n|-heal|p1a: Lanturn|283/367|[from] item: Leftovers\n|upkeep\n|turn|7\n|\n|t:|1781394526\n|switch|p2a: Leafeon|Leafeon, L88, M|213/258\n|move|p1a: Lanturn|Scald|p2a: Leafeon\n|-resisted|p2a: Leafeon\n|-damage|p2a: Leafeon|168/258\n|\n|-heal|p1a: Lanturn|305/367|[from] item: Leftovers\n|upkeep\n|turn|8\n|\n|t:|1781394529\n|switch|p1a: Meganium|Meganium, L90, F|290/290\n|move|p2a: Leafeon|Substitute|p2a: Leafeon\n|-start|p2a: Leafeon|Substitute\n|-damage|p2a: Leafeon|104/258\n|\n|upkeep\n|turn|9\n|\n|t:|1781394533\n|switch|p2a: Talonflame|Talonflame, L83, M|265/265\n|move|p1a: Meganium|Encore||[still]\n|-fail|p1a: Meganium\n|\n|upkeep\n|turn|10\n|\n|t:|1781394537\n|switch|p2a: Ting-Lu|Ting-Lu, L78|370/370\n|-ability|p2a: Ting-Lu|Vessel of Ruin\n|switch|p1a: Lanturn|Lanturn, L89, M|305/367\n|\n|-heal|p1a: Lanturn|327/367|[from] item: Leftovers\n|upkeep\n|turn|11\n|\n|t:|1781394539\n|switch|p1a: Meganium|Meganium, L90, F|290/290\n|move|p2a: Ting-Lu|Spikes|p1a: Meganium\n|-sidestart|p1: greenfalcon81|Spikes\n|\n|upkeep\n|turn|12\n|\n|t:|1781394545\n|move|p1a: Meganium|Energy Ball|p2a: Ting-Lu\n|-supereffective|p2a: Ting-Lu\n|-damage|p2a: Ting-Lu|188/370\n|move|p2a: Ting-Lu|Spikes|p1a: Meganium\n|-sidestart|p1: greenfalcon81|Spikes\n|\n|-heal|p2a: Ting-Lu|211/370|[from] item: Leftovers\n|upkeep\n|turn|13\n|\n|t:|1781394550\n|switch|p2a: Talonflame|Talonflame, L83, M|265/265\n|move|p1a: Meganium|Knock Off|p2a: Talonflame\n|-damage|p2a: Talonflame|187/265\n|-status|p1a: Meganium|brn|[from] ability: Flame Body|[of] p2a: Talonflame\n|-enditem|p2a: Talonflame|Heavy-Duty Boots|[from] move: Knock Off|[of] p1a: Meganium\n|\n|-damage|p1a: Meganium|272/290 brn|[from] brn\n|upkeep\n|turn|14\n|\n|t:|1781394555\n|switch|p1a: Lanturn|Lanturn, L89, M|327/367\n|-damage|p1a: Lanturn|266/367|[from] Spikes\n|move|p2a: Talonflame|Taunt|p1a: Lanturn\n|-start|p1a: Lanturn|move: Taunt\n|\n|-heal|p1a: Lanturn|288/367|[from] item: Leftovers\n|upkeep\n|turn|15\n|\n|t:|1781394562\n|switch|p2a: Quagsire|Quagsire, L84, F|297/297\n|move|p1a: Lanturn|Scald|p2a: Quagsire\n|-damage|p2a: Quagsire|195/297\n|\n|-heal|p1a: Lanturn|310/367|[from] item: Leftovers\n|-heal|p2a: Quagsire|213/297|[from] item: Leftovers\n|upkeep\n|turn|16\n|\n|t:|1781394570\n|switch|p1a: Meganium|Meganium, L90, F|272/290 brn\n|-damage|p1a: Meganium|224/290 brn|[from] Spikes\n|move|p2a: Quagsire|Toxic||[still]\n|-fail|p2a: Quagsire\n|\n|-heal|p2a: Quagsire|231/297|[from] item: Leftovers\n|-damage|p1a: Meganium|206/290 brn|[from] brn\n|upkeep\n|turn|17\n|\n|t:|1781394574\n|switch|p2a: Talonflame|Talonflame, L83, M|187/265\n|move|p1a: Meganium|Synthesis|p1a: Meganium\n|-heal|p1a: Meganium|290/290 brn\n|\n|-damage|p1a: Meganium|272/290 brn|[from] brn\n|upkeep\n|turn|18\n|\n|t:|1781394577\n|switch|p1a: Lanturn|Lanturn, L89, M|310/367\n|-damage|p1a: Lanturn|249/367|[from] Spikes\n|move|p2a: Talonflame|Brave Bird|p1a: Lanturn\n|-resisted|p1a: Lanturn\n|-damage|p1a: Lanturn|182/367\n|-damage|p2a: Talonflame|165/265|[from] Recoil\n|\n|-heal|p1a: Lanturn|204/367|[from] item: Leftovers\n|upkeep\n|turn|19\n|\n|t:|1781394582\n|switch|p2a: Meloetta|Meloetta, L82|298/298\n|move|p1a: Lanturn|Scald|p2a: Meloetta\n|-damage|p2a: Meloetta|241/298\n|-status|p2a: Meloetta|brn\n|\n|-heal|p1a: Lanturn|226/367|[from] item: Leftovers\n|-damage|p2a: Meloetta|223/298 brn|[from] brn\n|upkeep\n|turn|20\n|\n|t:|1781394602\n|switch|p1a: Gumshoos|Gumshoos, L95, F|321/321\n|-damage|p1a: Gumshoos|268/321|[from] Spikes\n|move|p2a: Meloetta|Hyper Voice|p1a: Gumshoos\n|-damage|p1a: Gumshoos|70/321\n|\n|-damage|p2a: Meloetta|205/298 brn|[from] brn\n|upkeep\n|turn|21\n|\n|t:|1781394605\n|move|p2a: Meloetta|Hyper Voice|p1a: Gumshoos\n|-damage|p1a: Gumshoos|0 fnt\n|faint|p1a: Gumshoos\n|\n|-damage|p2a: Meloetta|187/298 brn|[from] brn\n|upkeep\n|\n|t:|1781394618\n|switch|p1a: Gothitelle|Gothitelle, L90, M|272/272\n|-damage|p1a: Gothitelle|227/272|[from] Spikes\n|turn|22\n|\n|t:|1781394627\n|move|p1a: Gothitelle|Dark Pulse|p2a: Meloetta\n|-supereffective|p2a: Meloetta\n|-damage|p2a: Meloetta|89/298 brn\n|move|p2a: Meloetta|Hyper Voice|p1a: Gothitelle\n|-damage|p1a: Gothitelle|104/272\n|\n|-damage|p2a: Meloetta|71/298 brn|[from] brn\n|upkeep\n|turn|23\n|\n|t:|1781394630\n|move|p1a: Gothitelle|Dark Pulse|p2a: Meloetta\n|-supereffective|p2a: Meloetta\n|-damage|p2a: Meloetta|0 fnt\n|faint|p2a: Meloetta\n|\n|upkeep\n|\n|t:|1781394633\n|switch|p2a: Ting-Lu|Ting-Lu, L78|211/370\n|-ability|p2a: Ting-Lu|Vessel of Ruin\n|turn|24\n|\n|t:|1781394637\n|switch|p1a: Meganium|Meganium, L90, F|272/290 brn\n|-damage|p1a: Meganium|224/290 brn|[from] Spikes\n|move|p2a: Ting-Lu|Heavy Slam|p1a: Meganium\n|-damage|p1a: Meganium|157/290 brn\n|\n|-heal|p2a: Ting-Lu|234/370|[from] item: Leftovers\n|-damage|p1a: Meganium|139/290 brn|[from] brn\n|upkeep\n|turn|25\n|\n|t:|1781394641\n|switch|p2a: Talonflame|Talonflame, L83, M|165/265\n|move|p1a: Meganium|Synthesis|p1a: Meganium\n|-heal|p1a: Meganium|284/290 brn\n|\n|-damage|p1a: Meganium|266/290 brn|[from] brn\n|upkeep\n|turn|26\n|\n|t:|1781394646\n|switch|p2a: Leafeon|Leafeon, L88, M|104/258\n|switch|p1a: Gothitelle|Gothitelle, L90, M|104/272\n|-damage|p1a: Gothitelle|59/272|[from] Spikes\n|\n|upkeep\n|turn|27\n|\n|t:|1781394650\n|move|p1a: Gothitelle|Psychic|p2a: Leafeon\n|-damage|p2a: Leafeon|0 fnt\n|faint|p2a: Leafeon\n|\n|upkeep\n|\n|t:|1781394653\n|switch|p2a: Ting-Lu|Ting-Lu, L78|234/370\n|-ability|p2a: Ting-Lu|Vessel of Ruin\n|turn|28\n|\n|t:|1781394655\n|switch|p1a: Meganium|Meganium, L90, F|266/290 brn\n|-damage|p1a: Meganium|218/290 brn|[from] Spikes\n|move|p2a: Ting-Lu|Heavy Slam|p1a: Meganium\n|-damage|p1a: Meganium|145/290 brn\n|\n|-heal|p2a: Ting-Lu|257/370|[from] item: Leftovers\n|-damage|p1a: Meganium|127/290 brn|[from] brn\n|upkeep\n|turn|29\n|\n|t:|1781394658\n|move|p1a: Meganium|Synthesis|p1a: Meganium\n|-heal|p1a: Meganium|272/290 brn\n|move|p2a: Ting-Lu|Heavy Slam|p1a: Meganium\n|-damage|p1a: Meganium|198/290 brn\n|\n|-heal|p2a: Ting-Lu|280/370|[from] item: Leftovers\n|-damage|p1a: Meganium|180/290 brn|[from] brn\n|upkeep\n|turn|30\n|\n|t:|1781394661\n|switch|p2a: Talonflame|Talonflame, L83, M|165/265\n|move|p1a: Meganium|Energy Ball|p2a: Talonflame\n|-resisted|p2a: Talonflame\n|-damage|p2a: Talonflame|134/265\n|\n|-damage|p1a: Meganium|162/290 brn|[from] brn\n|upkeep\n|turn|31\n|\n|t:|1781394663\n|switch|p2a: Ting-Lu|Ting-Lu, L78|280/370\n|-ability|p2a: Ting-Lu|Vessel of Ruin\n|switch|p1a: Gothitelle|Gothitelle, L90, M|59/272\n|-damage|p1a: Gothitelle|14/272|[from] Spikes\n|\n|-heal|p2a: Ting-Lu|303/370|[from] item: Leftovers\n|upkeep\n|turn|32\n|\n|t:|1781394671\n|move|p1a: Gothitelle|Trick|p2a: Ting-Lu\n|-activate|p1a: Gothitelle|move: Trick|[of] p2a: Ting-Lu\n|-item|p2a: Ting-Lu|Choice Scarf|[from] move: Trick\n|-item|p1a: Gothitelle|Leftovers|[from] move: Trick\n|move|p2a: Ting-Lu|Payback|p1a: Gothitelle\n|-supereffective|p1a: Gothitelle\n|-damage|p1a: Gothitelle|0 fnt\n|faint|p1a: Gothitelle\n|\n|upkeep\n|\n|t:|1781394695\n|switch|p1a: Meganium|Meganium, L90, F|162/290 brn\n|-damage|p1a: Meganium|114/290 brn|[from] Spikes\n|turn|33\n|\n|t:|1781394700\n|move|p1a: Meganium|Synthesis|p1a: Meganium\n|-heal|p1a: Meganium|259/290 brn\n|move|p2a: Ting-Lu|Payback|p1a: Meganium\n|-damage|p1a: Meganium|175/290 brn\n|\n|-damage|p1a: Meganium|157/290 brn|[from] brn\n|upkeep\n|turn|34\n|\n|t:|1781394704\n|switch|p2a: Talonflame|Talonflame, L83, M|134/265\n|move|p1a: Meganium|Energy Ball|p2a: Talonflame\n|-resisted|p2a: Talonflame\n|-damage|p2a: Talonflame|106/265\n|-unboost|p2a: Talonflame|spd|1\n|\n|-damage|p1a: Meganium|139/290 brn|[from] brn\n|upkeep\n|turn|35\n|\n|t:|1781394707\n|switch|p1a: Lanturn|Lanturn, L89, M|226/367\n|-damage|p1a: Lanturn|165/367|[from] Spikes\n|move|p2a: Talonflame|Roost|p2a: Talonflame\n|-heal|p2a: Talonflame|239/265\n|-singleturn|p2a: Talonflame|move: Roost\n|\n|-heal|p1a: Lanturn|187/367|[from] item: Leftovers\n|upkeep\n|turn|36\n|\n|t:|1781394710\n|switch|p2a: Ting-Lu|Ting-Lu, L78|303/370\n|-ability|p2a: Ting-Lu|Vessel of Ruin\n|move|p1a: Lanturn|Scald|p2a: Ting-Lu\n|-supereffective|p2a: Ting-Lu\n|-damage|p2a: Ting-Lu|159/370\n|\n|-heal|p1a: Lanturn|209/367|[from] item: Leftovers\n|upkeep\n|turn|37\n|\n|t:|1781394719\n|switch|p1a: Meganium|Meganium, L90, F|139/290 brn\n|-damage|p1a: Meganium|91/290 brn|[from] Spikes\n|move|p2a: Ting-Lu|Earthquake|p1a: Meganium\n|-resisted|p1a: Meganium\n|-damage|p1a: Meganium|46/290 brn\n|\n|-damage|p1a: Meganium|28/290 brn|[from] brn\n|upkeep\n|turn|38\n|\n|t:|1781394721\n|move|p1a: Meganium|Synthesis|p1a: Meganium\n|-heal|p1a: Meganium|173/290 brn\n|move|p2a: Ting-Lu|Earthquake|p1a: Meganium\n|-resisted|p1a: Meganium\n|-damage|p1a: Meganium|132/290 brn\n|\n|-damage|p1a: Meganium|114/290 brn|[from] brn\n|upkeep\n|turn|39\n|\n|t:|1781394725\n|switch|p2a: Talonflame|Talonflame, L83, M|239/265\n|move|p1a: Meganium|Synthesis|p1a: Meganium\n|-heal|p1a: Meganium|259/290 brn\n|\n|-damage|p1a: Meganium|241/290 brn|[from] brn\n|upkeep\n|turn|40\n|\n|t:|1781394734\n|switch|p2a: Quagsire|Quagsire, L84, F|231/297\n|switch|p1a: Lanturn|Lanturn, L89, M|209/367\n|-damage|p1a: Lanturn|148/367|[from] Spikes\n|\n|-heal|p1a: Lanturn|170/367|[from] item: Leftovers\n|-heal|p2a: Quagsire|249/297|[from] item: Leftovers\n|upkeep\n|turn|41\n|\n|t:|1781394742\n|switch|p1a: Meganium|Meganium, L90, F|241/290 brn\n|-damage|p1a: Meganium|193/290 brn|[from] Spikes\n|move|p2a: Quagsire|Ice Beam|p1a: Meganium\n|-supereffective|p1a: Meganium\n|-damage|p1a: Meganium|109/290 brn\n|\n|-heal|p2a: Quagsire|267/297|[from] item: Leftovers\n|-damage|p1a: Meganium|91/290 brn|[from] brn\n|upkeep\n|turn|42\n|\n|t:|1781394745\n|switch|p2a: Talonflame|Talonflame, L83, M|239/265\n|move|p1a: Meganium|Synthesis|p1a: Meganium\n|-heal|p1a: Meganium|236/290 brn\n|\n|-damage|p1a: Meganium|218/290 brn|[from] brn\n|upkeep\n|turn|43\n|\n|t:|1781394750\n|switch|p1a: Lanturn|Lanturn, L89, M|170/367\n|-damage|p1a: Lanturn|109/367|[from] Spikes\n|move|p2a: Talonflame|Brave Bird|p1a: Lanturn\n|-resisted|p1a: Lanturn\n|-damage|p1a: Lanturn|40/367\n|-damage|p2a: Talonflame|216/265|[from] Recoil\n|\n|-heal|p1a: Lanturn|62/367|[from] item: Leftovers\n|upkeep\n|turn|44\n|\n|t:|1781394753\n|move|p2a: Talonflame|Brave Bird|p1a: Lanturn\n|-resisted|p1a: Lanturn\n|-damage|p1a: Lanturn|0 fnt\n|faint|p1a: Lanturn\n|-damage|p2a: Talonflame|196/265|[from] Recoil\n|\n|upkeep\n|\n|t:|1781394756\n|switch|p1a: Talonflame|Talonflame, L83, F|265/265\n|turn|45\n|\n|t:|1781394766\n|move|p1a: Talonflame|Brave Bird|p2a: Talonflame\n|-damage|p2a: Talonflame|72/265\n|-damage|p1a: Talonflame|224/265|[from] Recoil\n|move|p2a: Talonflame|Brave Bird|p1a: Talonflame\n|-damage|p1a: Talonflame|83/265\n|-damage|p2a: Talonflame|25/265|[from] Recoil\n|\n|upkeep\n|turn|46\n|\n|t:|1781394770\n|switch|p2a: Iron Crown|Iron Crown, L78|268/268\n|move|p1a: Talonflame|Brave Bird|p2a: Iron Crown\n|-resisted|p2a: Iron Crown\n|-damage|p2a: Iron Crown|214/268\n|-damage|p1a: Talonflame|65/265|[from] Recoil\n|\n|upkeep\n|turn|47\n|\n|t:|1781394776\n|-end|p2a: Iron Crown|Quark Drive|[silent]\n|switch|p2a: Quagsire|Quagsire, L84, F|267/297\n|move|p1a: Talonflame|Flare Blitz|p2a: Quagsire\n|-resisted|p2a: Quagsire\n|-damage|p2a: Quagsire|214/297\n|-damage|p1a: Talonflame|48/265|[from] Recoil\n|\n|-heal|p2a: Quagsire|232/297|[from] item: Leftovers\n|upkeep\n|turn|48\n|\n|t:|1781394780\n|switch|p1a: Meganium|Meganium, L90, F|218/290 brn\n|-damage|p1a: Meganium|170/290 brn|[from] Spikes\n|move|p2a: Quagsire|Ice Beam|p1a: Meganium\n|-supereffective|p1a: Meganium\n|-damage|p1a: Meganium|94/290 brn\n|\n|-heal|p2a: Quagsire|250/297|[from] item: Leftovers\n|-damage|p1a: Meganium|76/290 brn|[from] brn\n|upkeep\n|turn|49\n|\n|t:|1781394784\n|switch|p2a: Iron Crown|Iron Crown, L78|214/268\n|move|p1a: Meganium|Energy Ball|p2a: Iron Crown\n|-resisted|p2a: Iron Crown\n|-damage|p2a: Iron Crown|147/268\n|\n|-damage|p1a: Meganium|58/290 brn|[from] brn\n|upkeep\n|turn|50\n|\n|t:|1781394790\n|move|p2a: Iron Crown|Tachyon Cutter|p1a: Meganium\n|-damage|p1a: Meganium|0 fnt\n|faint|p1a: Meganium\n|-hitcount|p1: Meganium|1\n|\n|upkeep\n|\n|t:|1781394792\n|switch|p1a: Necrozma|Necrozma-Dusk-Mane, L69|248/248\n|-damage|p1a: Necrozma|207/248|[from] Spikes\n|turn|51\n|\n|t:|1781394796\n|-end|p2a: Iron Crown|Quark Drive|[silent]\n|switch|p2a: Talonflame|Talonflame, L83, M|25/265\n|move|p1a: Necrozma|Dragon Dance|p1a: Necrozma\n|-boost|p1a: Necrozma|atk|1\n|-boost|p1a: Necrozma|spe|1\n|\n|upkeep\n|turn|52\n|\n|t:|1781394803\n|move|p2a: Talonflame|Taunt|p1a: Necrozma\n|-start|p1a: Necrozma|move: Taunt\n|cant|p1a: Necrozma|move: Taunt|Morning Sun\n|\n|upkeep\n|turn|53\n|\n|t:|1781394806\n|move|p2a: Talonflame|Roost|p2a: Talonflame\n|-heal|p2a: Talonflame|158/265\n|-singleturn|p2a: Talonflame|move: Roost\n|move|p1a: Necrozma|Sunsteel Strike|p2a: Talonflame\n|-resisted|p2a: Talonflame\n|-damage|p2a: Talonflame|62/265\n|\n|upkeep\n|turn|54\n|\n|t:|1781394815\n|switch|p2a: Quagsire|Quagsire, L84, F|250/297\n|move|p1a: Necrozma|Earthquake|p2a: Quagsire\n|-damage|p2a: Quagsire|174/297\n|\n|-heal|p2a: Quagsire|192/297|[from] item: Leftovers\n|-end|p1a: Necrozma|move: Taunt\n|upkeep\n|turn|55\n|\n|t:|1781394823\n|move|p1a: Necrozma|Dragon Dance|p1a: Necrozma\n|-boost|p1a: Necrozma|atk|1\n|-boost|p1a: Necrozma|spe|1\n|move|p2a: Quagsire|Recover|p2a: Quagsire\n|-heal|p2a: Quagsire|297/297\n|\n|upkeep\n|turn|56\n|\n|t:|1781394829\n|move|p1a: Necrozma|Dragon Dance|p1a: Necrozma\n|-boost|p1a: Necrozma|atk|1\n|-boost|p1a: Necrozma|spe|1\n|move|p2a: Quagsire|Earthquake|p1a: Necrozma\n|-supereffective|p1a: Necrozma\n|-damage|p1a: Necrozma|75/248\n|-enditem|p1a: Necrozma|Weakness Policy\n|-boost|p1a: Necrozma|atk|2|[from] item: Weakness Policy\n|-boost|p1a: Necrozma|spa|2|[from] item: Weakness Policy\n|\n|upkeep\n|turn|57\n|\n|t:|1781394835\n|-terastallize|p1a: Necrozma|Steel\n|move|p1a: Necrozma|Sunsteel Strike|p2a: Quagsire\n|-resisted|p2a: Quagsire\n|-damage|p2a: Quagsire|32/297\n|move|p2a: Quagsire|Earthquake|p1a: Necrozma\n|-supereffective|p1a: Necrozma\n|-damage|p1a: Necrozma|0 fnt\n|faint|p1a: Necrozma\n|\n|-heal|p2a: Quagsire|50/297|[from] item: Leftovers\n|upkeep\n|\n|t:|1781394839\n|switch|p1a: Talonflame|Talonflame, L83, F|48/265\n|turn|58\n|\n|t:|1781394846\n|move|p1a: Talonflame|Brave Bird|p2a: Quagsire\n|-damage|p2a: Quagsire|0 fnt\n|faint|p2a: Quagsire\n|-damage|p1a: Talonflame|31/265|[from] Recoil\n|\n|upkeep\n|\n|t:|1781394851\n|switch|p2a: Iron Crown|Iron Crown, L78|147/268\n|turn|59\n|\n|t:|1781394853\n|move|p1a: Talonflame|Flare Blitz|p2a: Iron Crown\n|-supereffective|p2a: Iron Crown\n|-damage|p2a: Iron Crown|0 fnt\n|faint|p2a: Iron Crown\n|-end|p2a: Iron Crown|Quark Drive|[silent]\n|-damage|p1a: Talonflame|0 fnt|[from] Recoil\n|faint|p1a: Talonflame\n|\n|win|lkj47\n", "inputlog": ">version a8376a258c1d4662feba110a92103f3664a72141\n>start {\"formatid\":\"gen9randombattle\",\"seed\":\"sodium,35f224769f27f5e924cde0d2aff85ce8\",\"rated\":\"Rated battle\"}\n>player p1 {\"name\":\"greenfalcon81\",\"avatar\":\"101\",\"rating\":1957,\"seed\":\"sodium,a0bddac3f9e704a157d96a8c5202c4c3\"}\n>player p2 {\"name\":\"lkj47\",\"avatar\":\"hilbert\",\"rating\":1961,\"seed\":\"sodium,8889e86ff6ceac5ed00e85ec9eee7b2c\"}\n>p1 move thunderwave\n>p2 move uturn\n>p2 switch 3\n>p1 switch 6\n>p2 move earthquake\n>p1 move encore\n>p2 switch 2\n>p1 move knockoff\n>p2 move knockoff\n>p1 move synthesis\n>p2 switch 5\n>p1 switch 6\n>p2 move overheat\n>p1 move scald\n>p2 switch 5\n>p1 switch 6\n>p2 move substitute\n>p1 move encore\n>p2 switch 5\n>p1 switch 6\n>p2 switch 2\n>p1 switch 6\n>p2 move spikes\n>p1 move energyball\n>p2 move spikes\n>p1 move knockoff\n>p2 switch 2\n>p1 switch 6\n>p2 move taunt\n>p1 move scald\n>p2 switch 4\n>p1 switch 6\n>p2 move toxic\n>p1 move synthesis\n>p2 switch 4\n>p1 switch 6\n>p2 move bravebird\n>p1 move scald\n>p2 switch 3\n>p1 switch 2\n>p2 move hypervoice\n>p1 move doubleedge\n>p2 move hypervoice\n>p1 switch 3\n>p1 move darkpulse\n>p2 move hypervoice\n>p1 move darkpulse\n>p2 move hypervoice\n>p2 switch 2\n>p1 switch 6\n>p2 move heavyslam\n>p1 move synthesis\n>p2 switch 3\n>p1 switch 6\n>p2 switch 5\n>p1 move psychic\n>p2 move knockoff\n>p2 switch 3\n>p1 switch 6\n>p2 move heavyslam\n>p1 move synthesis\n>p2 move heavyslam\n>p1 move energyball\n>p2 switch 5\n>p1 switch 6\n>p2 switch 5\n>p1 move trick\n>p2 move payback\n>p1 switch 6\n>p1 move synthesis\n>p2 move payback\n>p1 move energyball\n>p2 switch 5\n>p1 switch 2\n>p2 move roost\n>p1 move scald\n>p2 switch 5\n>p1 switch 2\n>p2 move earthquake\n>p1 move synthesis\n>p2 move earthquake\n>p1 move synthesis\n>p2 switch 5\n>p1 switch 2\n>p2 switch 4\n>p1 switch 2\n>p2 move icebeam\n>p1 move synthesis\n>p2 switch 4\n>p1 switch 2\n>p2 move bravebird\n>p1 move scald\n>p2 move bravebird\n>p1 switch 5\n>p1 move bravebird\n>p2 move bravebird\n>p1 move bravebird\n>p2 switch 6\n>p1 move flareblitz\n>p2 switch 4\n>p1 switch 2\n>p2 move icebeam\n>p1 move energyball\n>p2 switch 4\n>p1 move knockoff\n>p2 move tachyoncutter\n>p1 switch 4\n>p1 move dragondance\n>p2 switch 6\n>p1 move morningsun\n>p2 move taunt\n>p1 move sunsteelstrike\n>p2 move roost\n>p1 move earthquake\n>p2 switch 4\n>p1 move dragondance\n>p2 move recover\n>p1 move dragondance\n>p2 move earthquake\n>p1 move sunsteelstrike terastallize\n>p2 move earthquake\n>p1 switch 2\n>p1 move bravebird\n>p2 move toxic\n>p2 switch 6\n>p1 move flareblitz\n>p2 move voltswitch", "uploadtime": 1781394477, "views": 6, "formatid": "gen9randombattle", "rating": null, "private": 0, "password": null, "player_dets": [{"name": "greenfalcon81", "avatar": "101", "rating": 1957, "seed": "sodium,a0bddac3f9e704a157d96a8c5202c4c3"}, {"name": "lkj47", "avatar": "hilbert", "rating": 1961, "seed": "sodium,8889e86ff6ceac5ed00e85ec9eee7b2c"}], "teams_full": [{"Lanturn": {"name": "Lanturn", "species": "Lanturn", "speciesId": "lanturn", "gender": "M", "shiny": false, "level": 89, "moves": ["thunderwave", "scald", "thunderbolt", "icebeam"], "ability": "Volt Absorb", "evs": {"hp": 85, "atk": 0, "def": 85, "spa": 85, "spd": 85, "spe": 85}, "ivs": {"hp": 31, "atk": 0, "def": 31, "spa": 31, "spd": 31, "spe": 31}, "item": "Leftovers", "teraType": "Flying", "role": "Bulky Attacker", "bvs": {"hp": 125, "atk": 58, "def": 58, "spa": 76, "spd": 76, "spe": 67}, "stats": {"hp": 367, "atk": 108, "def": 154, "spa": 186, "spd": 186, "spe": 170}}, "Gumshoos": {"name": "Gumshoos", "species": "Gumshoos", "speciesId": "gumshoos", "gender": "F", "shiny": false, "level": 95, "moves": ["uturn", "knockoff", "earthquake", "doubleedge"], "ability": "Stakeout", "evs": {"hp": 85, "atk": 85, "def": 85, "spa": 85, "spd": 85, "spe": 85}, "ivs": {"hp": 31, "atk": 31, "def": 31, "spa": 31, "spd": 31, "spe": 31}, "item": "Choice Band", "teraType": "Normal", "role": "Wallbreaker", "bvs": {"hp": 88, "atk": 110, "def": 60, "spa": 55, "spd": 60, "spe": 45}, "stats": {"hp": 321, "atk": 263, "def": 168, "spa": 158, "spd": 168, "spe": 139}}, "Gothitelle": {"name": "Gothitelle", "species": "Gothitelle", "speciesId": "gothitelle", "gender": "M", "shiny": false, "level": 90, "moves": ["trick", "focusblast", "darkpulse", "psychic"], "ability": "Shadow Tag", "evs": {"hp": 85, "atk": 0, "def": 85, "spa": 85, "spd": 85, "spe": 85}, "ivs": {"hp": 31, "atk": 0, "def": 31, "spa": 31, "spd": 31, "spe": 31}, "item": "Choice Scarf", "teraType": "Ghost", "role": "Fast Attacker", "bvs": {"hp": 70, "atk": 55, "def": 95, "spa": 95, "spd": 110, "spe": 65}, "stats": {"hp": 272, "atk": 104, "def": 222, "spa": 222, "spd": 249, "spe": 168}}, "Necrozma": {"name": "Necrozma", "species": "Necrozma-Dusk-Mane", "speciesId": "necrozmaduskmane", "gender": "N", "shiny": false, "level": 69, "moves": ["sunsteelstrike", "morningsun", "dragondance", "earthquake"], "ability": "Prism Armor", "evs": {"hp": 85, "atk": 85, "def": 85, "spa": 85, "spd": 85, "spe": 85}, "ivs": {"hp": 31, "atk": 31, "def": 31, "spa": 31, "spd": 31, "spe": 31}, "item": "Weakness Policy", "teraType": "Steel", "role": "Bulky Setup", "bvs": {"hp": 97, "atk": 157, "def": 127, "spa": 113, "spd": 109, "spe": 77}, "stats": {"hp": 248, "atk": 257, "def": 216, "spa": 196, "spd": 191, "spe": 147}}, "Talonflame": {"name": "Talonflame", "species": "Talonflame", "speciesId": "talonflame", "gender": "F", "shiny": false, "level": 83, "moves": ["bravebird", "flareblitz", "swordsdance", "terablast"], "ability": "Gale Wings", "evs": {"hp": 85, "atk": 85, "def": 85, "spa": 85, "spd": 85, "spe": 85}, "ivs": {"hp": 31, "atk": 31, "def": 31, "spa": 31, "spd": 31, "spe": 31}, "item": "Heavy-Duty Boots", "teraType": "Ground", "role": "Tera Blast user", "bvs": {"hp": 78, "atk": 81, "def": 71, "spa": 74, "spd": 69, "spe": 126}, "stats": {"hp": 265, "atk": 182, "def": 166, "spa": 171, "spd": 162, "spe": 257}}, "Meganium": {"name": "Meganium", "species": "Meganium", "speciesId": "meganium", "gender": "F", "shiny": false, "level": 90, "moves": ["energyball", "knockoff", "encore", "synthesis"], "ability": "Overgrow", "evs": {"hp": 85, "atk": 85, "def": 85, "spa": 85, "spd": 85, "spe": 85}, "ivs": {"hp": 31, "atk": 31, "def": 31, "spa": 31, "spd": 31, "spe": 31}, "item": "Leftovers", "teraType": "Water", "role": "Bulky Attacker", "bvs": {"hp": 80, "atk": 82, "def": 100, "spa": 83, "spd": 100, "spe": 80}, "stats": {"hp": 290, "atk": 199, "def": 231, "spa": 201, "spd": 231, "spe": 195}}}, {"Meloetta": {"name": "Meloetta", "species": "Meloetta", "speciesId": "meloetta", "gender": "N", "shiny": false, "level": 82, "moves": ["psyshock", "focusblast", "uturn", "hypervoice"], "ability": "Serene Grace", "evs": {"hp": 85, "atk": 85, "def": 85, "spa": 85, "spd": 85, "spe": 85}, "ivs": {"hp": 31, "atk": 31, "def": 31, "spa": 31, "spd": 31, "spe": 31}, "item": "Choice Specs", "teraType": "Psychic", "role": "Bulky Attacker", "bvs": {"hp": 100, "atk": 77, "def": 77, "spa": 128, "spd": 128, "spe": 90}, "stats": {"hp": 298, "atk": 173, "def": 173, "spa": 257, "spd": 257, "spe": 195}}, "Leafeon": {"name": "Leafeon", "species": "Leafeon", "speciesId": "leafeon", "gender": "M", "shiny": false, "level": 88, "moves": ["swordsdance", "leafblade", "substitute", "knockoff"], "ability": "Chlorophyll", "evs": {"hp": 85, "atk": 85, "def": 85, "spa": 85, "spd": 85, "spe": 85}, "ivs": {"hp": 31, "atk": 31, "def": 31, "spa": 31, "spd": 31, "spe": 31}, "item": "Leftovers", "teraType": "Dark", "role": "Setup Sweeper", "bvs": {"hp": 65, "atk": 110, "def": 130, "spa": 60, "spd": 65, "spe": 95}, "stats": {"hp": 258, "atk": 244, "def": 279, "spa": 156, "spd": 165, "spe": 217}}, "Ting-Lu": {"name": "Ting-Lu", "species": "Ting-Lu", "speciesId": "tinglu", "gender": "N", "shiny": false, "level": 78, "moves": ["payback", "spikes", "heavyslam", "earthquake"], "ability": "Vessel of Ruin", "evs": {"hp": 85, "atk": 85, "def": 85, "spa": 85, "spd": 85, "spe": 85}, "ivs": {"hp": 31, "atk": 31, "def": 31, "spa": 31, "spd": 31, "spe": 31}, "item": "Leftovers", "teraType": "Ghost", "role": "Bulky Attacker", "bvs": {"hp": 155, "atk": 110, "def": 125, "spa": 55, "spd": 80, "spe": 45}, "stats": {"hp": 370, "atk": 217, "def": 240, "spa": 131, "spd": 170, "spe": 115}}, "Quagsire": {"name": "Quagsire", "species": "Quagsire", "speciesId": "quagsire", "gender": "F", "shiny": false, "level": 84, "moves": ["toxic", "earthquake", "icebeam", "recover"], "ability": "Unaware", "evs": {"hp": 85, "atk": 85, "def": 85, "spa": 85, "spd": 85, "spe": 85}, "ivs": {"hp": 31, "atk": 31, "def": 31, "spa": 31, "spd": 31, "spe": 31}, "item": "Leftovers", "teraType": "Fairy", "role": "Bulky Support", "bvs": {"hp": 95, "atk": 85, "def": 85, "spa": 65, "spd": 65, "spe": 35}, "stats": {"hp": 297, "atk": 191, "def": 191, "spa": 157, "spd": 157, "spe": 107}}, "Talonflame": {"name": "Talonflame", "species": "Talonflame", "speciesId": "talonflame", "gender": "M", "shiny": false, "level": 83, "moves": ["overheat", "taunt", "bravebird", "roost"], "ability": "Flame Body", "evs": {"hp": 85, "atk": 85, "def": 85, "spa": 85, "spd": 85, "spe": 85}, "ivs": {"hp": 31, "atk": 31, "def": 31, "spa": 31, "spd": 31, "spe": 31}, "item": "Heavy-Duty Boots", "teraType": "Ground", "role": "Bulky Attacker", "bvs": {"hp": 78, "atk": 81, "def": 71, "spa": 74, "spd": 69, "spe": 126}, "stats": {"hp": 265, "atk": 182, "def": 166, "spa": 171, "spd": 162, "spe": 257}}, "Iron Crown": {"name": "Iron Crown", "species": "Iron Crown", "speciesId": "ironcrown", "gender": "N", "shiny": false, "level": 78, "moves": ["focusblast", "tachyoncutter", "voltswitch", "psyshock"], "ability": "Quark Drive", "evs": {"hp": 85, "atk": 0, "def": 85, "spa": 85, "spd": 85, "spe": 85}, "ivs": {"hp": 31, "atk": 0, "def": 31, "spa": 31, "spd": 31, "spe": 31}, "item": "Choice Specs", "teraType": "Steel", "role": "Wallbreaker", "bvs": {"hp": 90, "atk": 72, "def": 100, "spa": 122, "spd": 108, "spe": 98}, "stats": {"hp": 268, "atk": 117, "def": 201, "spa": 235, "spd": 214, "spe": 198}}}]}