{"id": "gen9randombattle-2631642137", "format": "[Gen 9] Random Battle", "players": ["lianfan", "MakotoV7"], "log": "|j|\u2606lianfan\n|j|\u2606MakotoV7\n|t:|1781413519\n|gametype|singles\n|player|p1|lianfan|170|2000\n|player|p2|MakotoV7|steven|2153\n|gen|9\n|tier|[Gen 9] Random Battle\n|rated|\n|rule|Species Clause: Limit one of each Pok\u00e9mon\n|rule|HP Percentage Mod: HP is shown in percentages\n|rule|Sleep Clause Mod: Limit one foe put to sleep\n|rule|Illusion Level Mod: Illusion disguises the Pok\u00e9mon's true level\n|\n|t:|1781413519\n|teamsize|p1|6\n|teamsize|p2|6\n|start\n|switch|p1a: Tyranitar|Tyranitar, L78, M|284/284\n|switch|p2a: Miraidon|Miraidon, L65|238/238\n|-fieldstart|move: Electric Terrain|[from] ability: Hadron Engine|[of] p2a: Miraidon\n|-weather|Sandstorm|[from] ability: Sand Stream|[of] p1a: Tyranitar\n|turn|1\n|inactive|Battle timer is ON: inactive players will automatically lose when time's up. (requested by lianfan)\n|\n|t:|1781413543\n|switch|p2a: Arceus|Arceus-Grass, L73|296/296\n|move|p1a: Tyranitar|Knock Off|p2a: Arceus\n|-damage|p2a: Arceus|230/296\n|\n|-weather|Sandstorm|[upkeep]\n|-damage|p2a: Arceus|212/296|[from] Sandstorm\n|upkeep\n|turn|2\n|\n|t:|1781413549\n|move|p2a: Arceus|Calm Mind|p2a: Arceus\n|-boost|p2a: Arceus|spa|1\n|-boost|p2a: Arceus|spd|1\n|move|p1a: Tyranitar|Ice Beam|p2a: Arceus\n|-supereffective|p2a: Arceus\n|-crit|p2a: Arceus\n|-damage|p2a: Arceus|54/296\n|\n|-weather|Sandstorm|[upkeep]\n|-damage|p2a: Arceus|36/296|[from] Sandstorm\n|upkeep\n|turn|3\n|\n|t:|1781413562\n|switch|p1a: Zangoose|Zangoose, L85, F|263/263\n|move|p2a: Arceus|Judgment|p1a: Zangoose\n|-damage|p1a: Zangoose|52/263\n|\n|-weather|Sandstorm|[upkeep]\n|-damage|p2a: Arceus|18/296|[from] Sandstorm\n|-damage|p1a: Zangoose|36/263|[from] Sandstorm\n|-status|p1a: Zangoose|tox|[from] item: Toxic Orb\n|upkeep\n|turn|4\n|\n|t:|1781413579\n|move|p1a: Zangoose|Quick Attack|p2a: Arceus\n|-damage|p2a: Arceus|0 fnt\n|faint|p2a: Arceus\n|\n|-weather|Sandstorm|[upkeep]\n|-damage|p1a: Zangoose|20/263 tox|[from] Sandstorm\n|-damage|p1a: Zangoose|4/263 tox|[from] psn\n|upkeep\n|\n|t:|1781413597\n|switch|p2a: Illumise|Illumise, L91, F|266/266\n|turn|5\n|\n|t:|1781413609\n|switch|p1a: Tyranitar|Tyranitar, L78, M|284/284\n|move|p2a: Illumise|Bug Buzz|p1a: Tyranitar\n|-supereffective|p1a: Tyranitar\n|-damage|p1a: Tyranitar|200/284\n|\n|-weather|none\n|-fieldend|move: Electric Terrain\n|upkeep\n|turn|6\n|inactive|MakotoV7 has 120 seconds left.\n|\n|t:|1781413635\n|move|p2a: Illumise|Thunder Wave|p1a: Tyranitar\n|-hint|Since gen 7, Dark is immune to Prankster moves.\n|-immune|p1a: Tyranitar\n|move|p1a: Tyranitar|Stone Edge|p2a: Illumise|[miss]\n|-miss|p1a: Tyranitar|p2a: Illumise\n|\n|upkeep\n|turn|7\n|\n|t:|1781413644\n|switch|p2a: Iron Leaves|Iron Leaves, L80|275/275\n|move|p1a: Tyranitar|Stone Edge|p2a: Iron Leaves\n|-damage|p2a: Iron Leaves|139/275\n|\n|upkeep\n|turn|8\n|\n|t:|1781413668\n|switch|p1a: Latios|Latios, L78, M|253/253\n|move|p2a: Iron Leaves|Leaf Blade|p1a: Latios\n|-resisted|p1a: Latios\n|-damage|p1a: Latios|164/253\n|\n|upkeep\n|turn|9\n|\n|t:|1781413679\n|-end|p2a: Iron Leaves|Quark Drive|[silent]\n|switch|p2a: Illumise|Illumise, L91, F|266/266\n|move|p1a: Latios|Flip Turn|p2a: Illumise\n|-damage|p2a: Illumise|232/266\n|\n|t:|1781413684\n|switch|p1a: Tyranitar|Tyranitar, L78, M|200/284|[from] Flip Turn\n|-weather|Sandstorm|[from] ability: Sand Stream|[of] p1a: Tyranitar\n|\n|-weather|Sandstorm|[upkeep]\n|-damage|p2a: Illumise|216/266|[from] Sandstorm\n|upkeep\n|turn|10\n|\n|t:|1781413693\n|move|p2a: Illumise|Bug Buzz|p1a: Tyranitar\n|-supereffective|p1a: Tyranitar\n|-damage|p1a: Tyranitar|120/284\n|move|p1a: Tyranitar|Knock Off|p2a: Illumise\n|-damage|p2a: Illumise|105/266\n|-enditem|p2a: Illumise|Heavy-Duty Boots|[from] move: Knock Off|[of] p1a: Tyranitar\n|\n|-weather|Sandstorm|[upkeep]\n|-damage|p2a: Illumise|89/266|[from] Sandstorm\n|upkeep\n|turn|11\n|\n|t:|1781413712\n|move|p2a: Illumise|Bug Buzz|p1a: Tyranitar\n|-supereffective|p1a: Tyranitar\n|-damage|p1a: Tyranitar|36/284\n|move|p1a: Tyranitar|Stone Edge|p2a: Illumise\n|-supereffective|p2a: Illumise\n|-damage|p2a: Illumise|0 fnt\n|faint|p2a: Illumise\n|\n|-weather|Sandstorm|[upkeep]\n|upkeep\n|\n|t:|1781413715\n|switch|p2a: Iron Leaves|Iron Leaves, L80|139/275\n|turn|12\n|\n|t:|1781413723\n|move|p2a: Iron Leaves|Megahorn|p1a: Tyranitar\n|-supereffective|p1a: Tyranitar\n|-damage|p1a: Tyranitar|0 fnt\n|faint|p1a: Tyranitar\n|\n|-weather|Sandstorm|[upkeep]\n|-damage|p2a: Iron Leaves|122/275|[from] Sandstorm\n|upkeep\n|\n|t:|1781413727\n|switch|p1a: Sudowoodo|Sudowoodo, L94, F|284/284\n|turn|13\n|\n|t:|1781413739\n|move|p2a: Iron Leaves|Megahorn|p1a: Sudowoodo\n|-damage|p1a: Sudowoodo|183/284\n|move|p1a: Sudowoodo|Head Smash|p2a: Iron Leaves|[miss]\n|-miss|p1a: Sudowoodo|p2a: Iron Leaves\n|\n|-weather|none\n|-heal|p1a: Sudowoodo|200/284|[from] item: Leftovers\n|upkeep\n|turn|14\n|\n|t:|1781413745\n|move|p2a: Iron Leaves|Megahorn|p1a: Sudowoodo\n|-damage|p1a: Sudowoodo|83/284\n|move|p1a: Sudowoodo|Head Smash|p2a: Iron Leaves\n|-damage|p2a: Iron Leaves|0 fnt\n|faint|p2a: Iron Leaves\n|-end|p2a: Iron Leaves|Quark Drive|[silent]\n|\n|-heal|p1a: Sudowoodo|100/284|[from] item: Leftovers\n|upkeep\n|\n|t:|1781413748\n|switch|p2a: Pikachu|Pikachu-Partner, L93, M|216/216\n|turn|15\n|\n|t:|1781413762\n|move|p2a: Pikachu|Surf|p1a: Sudowoodo\n|-supereffective|p1a: Sudowoodo\n|-damage|p1a: Sudowoodo|0 fnt\n|faint|p1a: Sudowoodo\n|\n|upkeep\n|\n|t:|1781413764\n|switch|p1a: Inteleon|Inteleon, L81, F|246/246\n|turn|16\n|\n|t:|1781413773\n|-terastallize|p2a: Pikachu|Water\n|move|p1a: Inteleon|Hydro Pump|p2a: Pikachu\n|-resisted|p2a: Pikachu\n|-damage|p2a: Pikachu|75/216\n|move|p2a: Pikachu|Volt Tackle|p1a: Inteleon\n|-supereffective|p1a: Inteleon\n|-damage|p1a: Inteleon|0 fnt\n|faint|p1a: Inteleon\n|-damage|p2a: Pikachu|0 fnt|[from] Recoil\n|faint|p2a: Pikachu\n|\n|upkeep\n|\n|t:|1781413790\n|switch|p1a: Latios|Latios, L78, M|164/253\n|switch|p2a: Talonflame|Talonflame, L83, F|265/265\n|turn|17\n|\n|t:|1781413801\n|move|p2a: Talonflame|Swords Dance|p2a: Talonflame\n|-boost|p2a: Talonflame|atk|2\n|move|p1a: Latios|Flip Turn|p2a: Talonflame\n|-supereffective|p2a: Talonflame\n|-damage|p2a: Talonflame|187/265\n|inactive|lianfan has 120 seconds left.\n|\n|t:|1781413824\n|switch|p1a: Iron Crown|Iron Crown, L78|268/268|[from] Flip Turn\n|\n|upkeep\n|turn|18\n|inactive|lianfan has 120 seconds left.\n|\n|t:|1781413841\n|-terastallize|p1a: Iron Crown|Fighting\n|move|p2a: Talonflame|Flare Blitz|p1a: Iron Crown\n|-damage|p1a: Iron Crown|48/268\n|-damage|p2a: Talonflame|114/265|[from] Recoil\n|move|p1a: Iron Crown|Volt Switch|p2a: Talonflame\n|-supereffective|p2a: Talonflame\n|-damage|p2a: Talonflame|0 fnt\n|faint|p2a: Talonflame\n|\n|t:|1781413851\n|-end|p1a: Iron Crown|Quark Drive|[silent]\n|switch|p1a: Latios|Latios, L78, M|164/253|[from] Volt Switch\n|\n|upkeep\n|\n|t:|1781413858\n|switch|p2a: Miraidon|Miraidon, L65|238/238\n|-fieldstart|move: Electric Terrain|[from] ability: Hadron Engine|[of] p2a: Miraidon\n|turn|19\n|inactive|lianfan has 120 seconds left.\n|\n|t:|1781413864\n|move|p1a: Latios|Draco Meteor|p2a: Miraidon\n|-supereffective|p2a: Miraidon\n|-damage|p2a: Miraidon|0 fnt\n|-unboost|p1a: Latios|spa|2\n|faint|p2a: Miraidon\n|\n|win|lianfan\n", "inputlog": ">version a8376a258c1d4662feba110a92103f3664a72141\n>start {\"formatid\":\"gen9randombattle\",\"seed\":\"sodium,02caf4df53b7d342ddc3b24d17b20b02\",\"rated\":\"Rated battle\"}\n>player p1 {\"name\":\"lianfan\",\"avatar\":\"170\",\"rating\":2000,\"seed\":\"sodium,2bd5e71bfc06c6a9f7303c65bc7da12f\"}\n>player p2 {\"name\":\"MakotoV7\",\"avatar\":\"steven\",\"rating\":2153,\"seed\":\"sodium,acb266a164ef13498d890051d6beab9a\"}\n>p1 move knockoff\n>p2 switch 6\n>p1 move icebeam\n>p2 move calmmind\n>p1 switch 5\n>p2 move judgment\n>p1 move quickattack\n>p2 move judgment\n>p2 switch 2\n>p1 switch 5\n>p2 move bugbuzz\n>p1 move stoneedge\n>p2 move thunderwave\n>p1 move stoneedge\n>p2 switch 5\n>p1 switch 6\n>p2 move leafblade\n>p1 move flipturn\n>p2 switch 5\n>p1 switch 6\n>p1 move knockoff\n>p2 move bugbuzz\n>p1 move stoneedge\n>p2 move bugbuzz\n>p2 switch 5\n>p1 move knockoff\n>p2 move megahorn\n>p1 switch 2\n>p1 move headsmash\n>p2 move megahorn\n>p1 move headsmash\n>p2 move megahorn\n>p2 switch 4\n>p1 move earthquake\n>p2 move surf\n>p1 switch 4\n>p1 move hydropump\n>p2 move volttackle terastallize\n>p1 switch 6\n>p2 switch 3\n>p1 move flipturn\n>p2 move swordsdance\n>p1 switch 3\n>p1 move voltswitch terastallize\n>p2 move flareblitz\n>p1 switch 3\n>p2 switch 6\n>p1 move dracometeor\n>p2 move dragonpulse", "uploadtime": 1781413521, "views": 5, "formatid": "gen9randombattle", "rating": null, "private": 0, "password": null}