{"id": "gen9randombattle-2631391260", "format": "[Gen 9] Random Battle", "players": ["Vaudeville villain", "namanpokemonmaster"], "log": "|j|\u203dVaudeville villain\n|j|\u2606namanpokemonmaster\n|t:|1781379093\n|gametype|singles\n|player|p1|Vaudeville villain|265|1985\n|player|p2|namanpokemonmaster|101|2068\n|gen|9\n|tier|[Gen 9] Random Battle\n|rated|\n|rule|Species Clause: Limit one of each Pok\u00e9mon\n|rule|HP Percentage Mod: HP is shown in percentages\n|rule|Sleep Clause Mod: Limit one foe put to sleep\n|rule|Illusion Level Mod: Illusion disguises the Pok\u00e9mon's true level\n|\n|t:|1781379093\n|teamsize|p1|6\n|teamsize|p2|6\n|start\n|switch|p1a: Torkoal|Torkoal, L88, M|266/266\n|switch|p2a: Kingdra|Kingdra, L84, M|263/263\n|-weather|SunnyDay|[from] ability: Drought|[of] p1a: Torkoal\n|turn|1\n|inactive|Battle timer is ON: inactive players will automatically lose when time's up. (requested by namanpokemonmaster)\n|\n|t:|1781379106\n|move|p2a: Kingdra|Rain Dance|p2a: Kingdra\n|-weather|RainDance\n|move|p1a: Torkoal|Stealth Rock|p2a: Kingdra\n|-sidestart|p2: namanpokemonmaster|move: Stealth Rock\n|\n|-weather|RainDance|[upkeep]\n|upkeep\n|turn|2\n|\n|t:|1781379115\n|switch|p1a: Ogerpon|Ogerpon-Wellspring, L76, F|247/247\n|move|p2a: Kingdra|Wave Crash|p1a: Ogerpon\n|-immune|p1a: Ogerpon|[from] ability: Water Absorb\n|\n|-weather|RainDance|[upkeep]\n|upkeep\n|turn|3\n|\n|t:|1781379130\n|move|p2a: Kingdra|Hurricane|p1a: Ogerpon\n|-supereffective|p1a: Ogerpon\n|-damage|p1a: Ogerpon|57/247\n|-damage|p2a: Kingdra|237/263|[from] item: Life Orb\n|move|p1a: Ogerpon|U-turn|p2a: Kingdra\n|-damage|p2a: Kingdra|186/263\n|\n|t:|1781379140\n|switch|p1a: Torkoal|Torkoal, L88, M|266/266|[from] U-turn\n|-weather|SunnyDay|[from] ability: Drought|[of] p1a: Torkoal\n|\n|-weather|SunnyDay|[upkeep]\n|upkeep\n|turn|4\n|\n|t:|1781379150\n|move|p2a: Kingdra|Rain Dance|p2a: Kingdra\n|-weather|RainDance\n|move|p1a: Torkoal|Yawn|p2a: Kingdra\n|-start|p2a: Kingdra|move: Yawn|[of] p1a: Torkoal\n|\n|-weather|RainDance|[upkeep]\n|upkeep\n|turn|5\n|\n|t:|1781379162\n|move|p2a: Kingdra|Draco Meteor|p1a: Torkoal|[miss]\n|-miss|p2a: Kingdra|p1a: Torkoal\n|move|p1a: Torkoal|Lava Plume|p2a: Kingdra\n|-resisted|p2a: Kingdra\n|-damage|p2a: Kingdra|177/263\n|-status|p2a: Kingdra|brn\n|\n|-weather|RainDance|[upkeep]\n|-damage|p2a: Kingdra|161/263 brn|[from] brn\n|-end|p2a: Kingdra|move: Yawn|[silent]\n|upkeep\n|turn|6\n|\n|t:|1781379184\n|move|p2a: Kingdra|Hurricane|p1a: Torkoal\n|-damage|p1a: Torkoal|144/266\n|-start|p1a: Torkoal|confusion\n|-damage|p2a: Kingdra|135/263 brn|[from] item: Life Orb\n|-activate|p1a: Torkoal|confusion\n|move|p1a: Torkoal|Rapid Spin|p2a: Kingdra\n|-damage|p2a: Kingdra|100/263 brn\n|-boost|p1a: Torkoal|spe|1\n|\n|-weather|RainDance|[upkeep]\n|-damage|p2a: Kingdra|84/263 brn|[from] brn\n|upkeep\n|turn|7\n|\n|t:|1781379203\n|move|p2a: Kingdra|Draco Meteor|p1a: Torkoal|[miss]\n|-miss|p2a: Kingdra|p1a: Torkoal\n|-activate|p1a: Torkoal|confusion\n|move|p1a: Torkoal|Rapid Spin|p2a: Kingdra\n|-damage|p2a: Kingdra|49/263 brn\n|-boost|p1a: Torkoal|spe|1\n|\n|-weather|RainDance|[upkeep]\n|-damage|p2a: Kingdra|33/263 brn|[from] brn\n|upkeep\n|turn|8\n|\n|t:|1781379218\n|move|p2a: Kingdra|Draco Meteor|p1a: Torkoal\n|-damage|p1a: Torkoal|0 fnt\n|-unboost|p2a: Kingdra|spa|2\n|faint|p1a: Torkoal\n|-damage|p2a: Kingdra|7/263 brn|[from] item: Life Orb\n|\n|-weather|none\n|-damage|p2a: Kingdra|0 fnt|[from] brn\n|faint|p2a: Kingdra\n|upkeep\n|inactive|Vaudeville villain has 120 seconds left.\n|\n|t:|1781379238\n|switch|p2a: Camerupt|Camerupt, L91, F|275/275\n|switch|p1a: Incineroar|Incineroar, L82, M|290/290\n|-ability|p1a: Incineroar|Intimidate|boost\n|-unboost|p2a: Camerupt|atk|1\n|-damage|p2a: Camerupt|241/275|[from] Stealth Rock\n|turn|9\n|inactive|Vaudeville villain has 120 seconds left.\n|\n|t:|1781379256\n|switch|p1a: Mudsdale|Mudsdale, L83, F|302/302\n|move|p2a: Camerupt|Stealth Rock|p1a: Mudsdale\n|-sidestart|p1: Vaudeville villain|move: Stealth Rock\n|\n|-heal|p2a: Camerupt|258/275|[from] item: Leftovers\n|upkeep\n|turn|10\n|\n|t:|1781379265\n|move|p2a: Camerupt|Overheat|p1a: Mudsdale\n|-damage|p1a: Mudsdale|127/302\n|-unboost|p2a: Camerupt|spa|2\n|-ability|p1a: Mudsdale|Stamina|boost\n|-boost|p1a: Mudsdale|def|1\n|move|p1a: Mudsdale|Earthquake|p2a: Camerupt\n|-supereffective|p2a: Camerupt\n|-damage|p2a: Camerupt|60/275\n|\n|-heal|p2a: Camerupt|77/275|[from] item: Leftovers\n|-heal|p1a: Mudsdale|145/302|[from] item: Leftovers\n|upkeep\n|turn|11\n|inactive|Vaudeville villain has 120 seconds left.\n|\n|t:|1781379278\n|switch|p2a: Piloswine|Piloswine, L85, M|309/309\n|-damage|p2a: Piloswine|271/309|[from] Stealth Rock\n|move|p1a: Mudsdale|Earthquake|p2a: Piloswine\n|-damage|p2a: Piloswine|175/309\n|\n|-heal|p1a: Mudsdale|163/302|[from] item: Leftovers\n|upkeep\n|turn|12\n|inactive|Vaudeville villain has 120 seconds left.\n|\n|t:|1781379290\n|move|p2a: Piloswine|Icicle Crash|p1a: Mudsdale\n|-supereffective|p1a: Mudsdale\n|-damage|p1a: Mudsdale|55/302\n|-ability|p1a: Mudsdale|Stamina|boost\n|-boost|p1a: Mudsdale|def|1\n|move|p1a: Mudsdale|Heavy Slam|p2a: Piloswine\n|-supereffective|p2a: Piloswine\n|-damage|p2a: Piloswine|41/309\n|\n|-heal|p1a: Mudsdale|73/302|[from] item: Leftovers\n|upkeep\n|turn|13\n|inactive|Vaudeville villain has 120 seconds left.\n|\n|t:|1781379301\n|move|p2a: Piloswine|Icicle Crash|p1a: Mudsdale\n|-supereffective|p1a: Mudsdale\n|-damage|p1a: Mudsdale|0 fnt\n|faint|p1a: Mudsdale\n|\n|upkeep\n|\n|t:|1781379317\n|switch|p1a: Incineroar|Incineroar, L82, M|290/290\n|-damage|p1a: Incineroar|218/290|[from] Stealth Rock\n|-ability|p1a: Incineroar|Intimidate|boost\n|-unboost|p2a: Piloswine|atk|1\n|turn|14\n|\n|t:|1781379329\n|move|p1a: Incineroar|Knock Off|p2a: Piloswine\n|-damage|p2a: Piloswine|0 fnt\n|-enditem|p2a: Piloswine|Eviolite|[from] move: Knock Off|[of] p1a: Incineroar\n|faint|p2a: Piloswine\n|\n|upkeep\n|\n|t:|1781379336\n|switch|p2a: Camerupt|Camerupt, L91, F|77/275\n|-damage|p2a: Camerupt|43/275|[from] Stealth Rock\n|turn|15\n|\n|t:|1781379344\n|switch|p2a: Spiritomb|Spiritomb, L89, F|234/234\n|-damage|p2a: Spiritomb|205/234|[from] Stealth Rock\n|move|p1a: Incineroar|Knock Off|p2a: Spiritomb\n|-damage|p2a: Spiritomb|115/234\n|-enditem|p2a: Spiritomb|Leftovers|[from] move: Knock Off|[of] p1a: Incineroar\n|\n|upkeep\n|turn|16\n|inactive|Vaudeville villain has 120 seconds left.\n|\n|t:|1781379355\n|move|p1a: Incineroar|Knock Off|p2a: Spiritomb\n|-crit|p2a: Spiritomb\n|-damage|p2a: Spiritomb|28/234\n|move|p2a: Spiritomb|Poltergeist|p1a: Incineroar\n|-activate|p1a: Incineroar|move: Poltergeist|Choice Scarf\n|-resisted|p1a: Incineroar\n|-damage|p1a: Incineroar|161/290\n|\n|upkeep\n|turn|17\n|\n|t:|1781379363\n|move|p1a: Incineroar|Knock Off|p2a: Spiritomb\n|-damage|p2a: Spiritomb|0 fnt\n|faint|p2a: Spiritomb\n|\n|upkeep\n|\n|t:|1781379370\n|switch|p2a: Perrserker|Perrserker, L89, F|269/269\n|-damage|p2a: Perrserker|253/269|[from] Stealth Rock\n|turn|18\n|\n|t:|1781379387\n|move|p1a: Incineroar|Knock Off|p2a: Perrserker\n|-damage|p2a: Perrserker|159/269\n|-enditem|p2a: Perrserker|Choice Band|[from] move: Knock Off|[of] p1a: Incineroar\n|move|p2a: Perrserker|Close Combat|p1a: Incineroar\n|-supereffective|p1a: Incineroar\n|-damage|p1a: Incineroar|0 fnt\n|-unboost|p2a: Perrserker|def|1\n|-unboost|p2a: Perrserker|spd|1\n|faint|p1a: Incineroar\n|\n|upkeep\n|inactive|Vaudeville villain has 120 seconds left.\n|\n|t:|1781379418\n|switch|p1a: Ogerpon|Ogerpon-Wellspring, L76, F|57/247\n|-damage|p1a: Ogerpon|27/247|[from] Stealth Rock\n|turn|19\n|\n|t:|1781379427\n|switch|p2a: Camerupt|Camerupt, L91, F|43/275\n|-damage|p2a: Camerupt|9/275|[from] Stealth Rock\n|move|p1a: Ogerpon|Ivy Cudgel|p2a: Camerupt|[anim] Ivy Cudgel Water\n|-supereffective|p2a: Camerupt\n|-crit|p2a: Camerupt\n|-damage|p2a: Camerupt|0 fnt\n|faint|p2a: Camerupt\n|\n|upkeep\n|\n|t:|1781379429\n|switch|p2a: Perrserker|Perrserker, L89, F|159/269\n|-damage|p2a: Perrserker|143/269|[from] Stealth Rock\n|turn|20\n|\n|t:|1781379452\n|move|p1a: Ogerpon|Ivy Cudgel|p2a: Perrserker|[anim] Ivy Cudgel Water\n|-damage|p2a: Perrserker|32/269\n|move|p2a: Perrserker|Iron Head|p1a: Ogerpon\n|-resisted|p1a: Ogerpon\n|-damage|p1a: Ogerpon|0 fnt\n|faint|p1a: Ogerpon\n|\n|upkeep\n|\n|t:|1781379466\n|switch|p1a: Darkrai|Darkrai, L77|234/234\n|-damage|p1a: Darkrai|205/234|[from] Stealth Rock\n|turn|21\n|\n|t:|1781379482\n|move|p1a: Darkrai|Dark Pulse|p2a: Perrserker\n|-damage|p2a: Perrserker|0 fnt\n|faint|p2a: Perrserker\n|-damage|p1a: Darkrai|182/234|[from] item: Life Orb\n|\n|upkeep\n|\n|t:|1781379485\n|switch|p2a: Latios|Latios, L78, M|253/253\n|-damage|p2a: Latios|222/253|[from] Stealth Rock\n|turn|22\n|\n|t:|1781379495\n|-terastallize|p2a: Latios|Dragon\n|move|p1a: Darkrai|Dark Pulse|p2a: Latios\n|-damage|p2a: Latios|117/253\n|-damage|p1a: Darkrai|159/234|[from] item: Life Orb\n|move|p2a: Latios|Aura Sphere|p1a: Darkrai\n|-supereffective|p1a: Darkrai\n|-damage|p1a: Darkrai|33/234\n|\n|upkeep\n|turn|23\n|\n|t:|1781379506\n|move|p1a: Darkrai|Dark Pulse|p2a: Latios\n|-damage|p2a: Latios|14/253\n|-damage|p1a: Darkrai|10/234|[from] item: Life Orb\n|move|p2a: Latios|Recover|p2a: Latios\n|-heal|p2a: Latios|141/253\n|\n|upkeep\n|turn|24\n|\n|t:|1781379528\n|-terastallize|p1a: Darkrai|Poison\n|move|p1a: Darkrai|Sludge Bomb|p2a: Latios\n|-damage|p2a: Latios|15/253\n|-damage|p1a: Darkrai|0 fnt|[from] item: Life Orb\n|faint|p1a: Darkrai\n|move|p2a: Latios|Recover|p2a: Latios\n|-heal|p2a: Latios|142/253\n|\n|upkeep\n|inactive|Vaudeville villain has 90 seconds left.\n|\n|t:|1781379538\n|switch|p1a: Volbeat|Volbeat, L90, M|263/263\n|turn|25\n|\n|t:|1781379543\n|move|p1a: Volbeat|Encore|p2a: Latios\n|-start|p2a: Latios|Encore\n|move|p2a: Latios|Recover|p2a: Latios\n|-heal|p2a: Latios|253/253\n|\n|upkeep\n|turn|26\n|\n|t:|1781379549\n|move|p1a: Volbeat|Thunder Wave|p2a: Latios\n|-status|p2a: Latios|par\n|move|p2a: Latios|Recover||[still]\n|-fail|p2a: Latios|heal\n|\n|upkeep\n|turn|27\n|\n|t:|1781379559\n|move|p1a: Volbeat|U-turn|p2a: Latios\n|-damage|p2a: Latios|166/253 par\n|move|p2a: Latios|Recover|p2a: Latios\n|-heal|p2a: Latios|253/253 par\n|\n|-end|p2a: Latios|Encore\n|upkeep\n|turn|28\n|\n|t:|1781379568\n|move|p1a: Volbeat|Encore|p2a: Latios\n|-start|p2a: Latios|Encore\n|move|p2a: Latios|Recover||[still]\n|-fail|p2a: Latios|heal\n|\n|upkeep\n|turn|29\n|inactive|Vaudeville villain has 120 seconds left.\n|\n|t:|1781379574\n|move|p1a: Volbeat|U-turn|p2a: Latios\n|-damage|p2a: Latios|175/253 par\n|move|p2a: Latios|Recover|p2a: Latios\n|-heal|p2a: Latios|253/253 par\n|\n|upkeep\n|turn|30\n|\n|t:|1781379580\n|move|p1a: Volbeat|U-turn|p2a: Latios\n|-damage|p2a: Latios|165/253 par\n|move|p2a: Latios|Recover|p2a: Latios\n|-heal|p2a: Latios|253/253 par\n|\n|-end|p2a: Latios|Encore\n|upkeep\n|turn|31\n|inactive|Vaudeville villain has 120 seconds left.\n|\n|t:|1781379611\n|move|p1a: Volbeat|Encore||[still]\n|-fail|p1a: Volbeat\n|move|p2a: Latios|Draco Meteor|p1a: Volbeat\n|-damage|p1a: Volbeat|17/263\n|-unboost|p2a: Latios|spa|2\n|\n|upkeep\n|turn|32\n|\n|t:|1781379619\n|move|p1a: Volbeat|Roost|p1a: Volbeat\n|-heal|p1a: Volbeat|149/263\n|-singleturn|p1a: Volbeat|move: Roost\n|move|p2a: Latios|Draco Meteor|p1a: Volbeat\n|-damage|p1a: Volbeat|23/263\n|-unboost|p2a: Latios|spa|2\n|\n|upkeep\n|turn|33\n|\n|t:|1781379627\n|move|p1a: Volbeat|Roost|p1a: Volbeat\n|-heal|p1a: Volbeat|155/263\n|-singleturn|p1a: Volbeat|move: Roost\n|move|p2a: Latios|Luster Purge|p1a: Volbeat\n|-damage|p1a: Volbeat|112/263\n|\n|upkeep\n|turn|34\n|inactive|Vaudeville villain has 120 seconds left.\n|\n|t:|1781379633\n|move|p1a: Volbeat|Roost|p1a: Volbeat\n|-heal|p1a: Volbeat|244/263\n|-singleturn|p1a: Volbeat|move: Roost\n|move|p2a: Latios|Luster Purge|p1a: Volbeat\n|-damage|p1a: Volbeat|202/263\n|-unboost|p1a: Volbeat|spd|1\n|\n|upkeep\n|turn|35\n|\n|t:|1781379643\n|move|p1a: Volbeat|U-turn|p2a: Latios\n|-damage|p2a: Latios|171/253 par\n|move|p2a: Latios|Draco Meteor|p1a: Volbeat\n|-damage|p1a: Volbeat|92/263\n|-unboost|p2a: Latios|spa|2\n|\n|upkeep\n|turn|36\n|\n|t:|1781379651\n|move|p1a: Volbeat|Roost|p1a: Volbeat\n|-heal|p1a: Volbeat|224/263\n|-singleturn|p1a: Volbeat|move: Roost\n|move|p2a: Latios|Draco Meteor|p1a: Volbeat\n|-damage|p1a: Volbeat|138/263\n|\n|upkeep\n|turn|37\n|\n|t:|1781379661\n|move|p1a: Volbeat|Roost|p1a: Volbeat\n|-heal|p1a: Volbeat|263/263\n|-singleturn|p1a: Volbeat|move: Roost\n|move|p2a: Latios|Draco Meteor|p1a: Volbeat\n|-damage|p1a: Volbeat|177/263\n|\n|upkeep\n|turn|38\n|\n|t:|1781379670\n|move|p1a: Volbeat|U-turn|p2a: Latios\n|-damage|p2a: Latios|84/253 par\n|cant|p2a: Latios|par\n|\n|upkeep\n|turn|39\n|-message|namanpokemonmaster forfeited.\n|\n|win|Vaudeville villain\n|raw|Vaudeville villain's rating: 1985 &rarr; <strong>2010</strong><br />(+25 for winning)\n|raw|namanpokemonmaster's rating: 2068 &rarr; <strong>2043</strong><br />(-25 for losing)\n", "inputlog": ">version a8376a258c1d4662feba110a92103f3664a72141\n>start {\"formatid\":\"gen9randombattle\",\"seed\":\"sodium,ebb6f5669fb8aff8cbc4a58e61d0efd3\",\"rated\":\"Rated battle\"}\n>player p1 {\"name\":\"Vaudeville villain\",\"avatar\":\"265\",\"rating\":1985,\"seed\":\"sodium,948187e4a8251f5cd52f3614421799c0\"}\n>player p2 {\"name\":\"namanpokemonmaster\",\"avatar\":\"101\",\"rating\":2068,\"seed\":\"sodium,520a13534c684f4742fe8848fd13f2bd\"}\n>p1 move stealthrock\n>p2 move raindance\n>p1 switch 4\n>p2 move wavecrash\n>p1 move uturn\n>p2 move hurricane\n>p1 switch 4\n>p1 move yawn\n>p2 move raindance\n>p1 move lavaplume\n>p2 move dracometeor\n>p1 move rapidspin\n>p2 move hurricane\n>p1 move rapidspin\n>p2 move dracometeor\n>p1 move rapidspin\n>p2 move dracometeor\n>p1 switch 2\n>p2 switch 5\n>p1 switch 5\n>p2 move stealthrock\n>p1 move earthquake\n>p2 move overheat\n>p1 move earthquake\n>p2 switch 2\n>p1 move heavyslam\n>p2 move iciclecrash\n>p1 move earthquake\n>p2 move iciclecrash\n>p1 switch 5\n>p1 move knockoff\n>p2 move roar\n>p2 switch 2\n>p1 move knockoff\n>p2 switch 3\n>p1 move knockoff\n>p2 move poltergeist\n>p1 move knockoff\n>p2 move toxic\n>p2 switch 6\n>p1 move knockoff\n>p2 move closecombat\n>p1 switch 4\n>p1 move ivycudgel\n>p2 switch 3\n>p2 switch 3\n>p1 move ivycudgel\n>p2 move ironhead\n>p1 switch 3\n>p1 move darkpulse\n>p2 move closecombat\n>p2 switch 4\n>p1 move darkpulse\n>p2 move aurasphere terastallize\n>p1 move darkpulse\n>p2 move recover\n>p1 move sludgebomb terastallize\n>p2 move recover\n>p1 switch 6\n>p1 move encore\n>p2 move recover\n>p1 move thunderwave\n>p2 move recover\n>p1 move uturn\n>p2 move recover\n>p1 move encore\n>p2 move lusterpurge\n>p1 move uturn\n>p2 move recover\n>p1 move uturn\n>p2 move recover\n>p1 move encore\n>p2 move dracometeor\n>p1 move roost\n>p2 move dracometeor\n>p1 move roost\n>p2 move lusterpurge\n>p1 move roost\n>p2 move lusterpurge\n>p1 move uturn\n>p2 move dracometeor\n>p1 move roost\n>p2 move dracometeor\n>p1 move roost\n>p2 move dracometeor\n>p1 move uturn\n>p2 move dracometeor\n>forcelose p2", "uploadtime": 1781379095, "views": 8, "formatid": "gen9randombattle", "rating": 2010, "private": 0, "password": null}