{"id": "gen9randombattle-2631853802", "format": "[Gen 9] Random Battle", "players": ["Ballcoozy", "Okidoyuuki"], "log": "|j|\u2606Ballcoozy\n|j|\u2606Okidoyuuki\n|t:|1781448397\n|gametype|singles\n|player|p1|Ballcoozy|clair|1901\n|player|p2|Okidoyuuki|2|1968\n|gen|9\n|tier|[Gen 9] Random Battle\n|rated|\n|rule|Species Clause: Limit one of each Pok\u00e9mon\n|rule|HP Percentage Mod: HP is shown in percentages\n|rule|Sleep Clause Mod: Limit one foe put to sleep\n|rule|Illusion Level Mod: Illusion disguises the Pok\u00e9mon's true level\n|\n|t:|1781448397\n|teamsize|p1|6\n|teamsize|p2|6\n|start\n|switch|p1a: Cyclizar|Cyclizar, L83, M|252/252\n|switch|p2a: Pikachu|Pikachu-Sinnoh, L93, F|216/216\n|turn|1\n|\n|t:|1781448418\n|move|p2a: Pikachu|Fake Out|p1a: Cyclizar\n|-damage|p1a: Cyclizar|195/252\n|cant|p1a: Cyclizar|flinch\n|\n|upkeep\n|turn|2\n|\n|t:|1781448424\n|switch|p1a: Donphan|Donphan, L84, F|288/288\n|move|p2a: Pikachu|Knock Off|p1a: Donphan\n|-damage|p1a: Donphan|196/288\n|-enditem|p1a: Donphan|Choice Band|[from] move: Knock Off|[of] p2a: Pikachu\n|\n|upkeep\n|turn|3\n|\n|t:|1781448440\n|switch|p1a: Bellossom|Bellossom, L84, F|263/263\n|move|p2a: Pikachu|Surf|p1a: Bellossom\n|-resisted|p1a: Bellossom\n|-crit|p1a: Bellossom\n|-damage|p1a: Bellossom|199/263\n|\n|-heal|p1a: Bellossom|215/263|[from] item: Leftovers\n|upkeep\n|turn|4\n|\n|t:|1781448450\n|move|p2a: Pikachu|Knock Off|p1a: Bellossom\n|-damage|p1a: Bellossom|113/263\n|-enditem|p1a: Bellossom|Leftovers|[from] move: Knock Off|[of] p2a: Pikachu\n|move|p1a: Bellossom|Quiver Dance|p1a: Bellossom\n|-boost|p1a: Bellossom|spa|1\n|-boost|p1a: Bellossom|spd|1\n|-boost|p1a: Bellossom|spe|1\n|\n|upkeep\n|turn|5\n|\n|t:|1781448458\n|move|p2a: Pikachu|Volt Tackle|p1a: Bellossom\n|-resisted|p1a: Bellossom\n|-damage|p1a: Bellossom|24/263\n|-damage|p2a: Pikachu|187/216|[from] Recoil\n|move|p1a: Bellossom|Strength Sap|p2a: Pikachu\n|-unboost|p2a: Pikachu|atk|1\n|-heal|p1a: Bellossom|179/263\n|\n|upkeep\n|turn|6\n|\n|t:|1781448468\n|switch|p2a: Cryogonal|Cryogonal, L89|287/287\n|move|p1a: Bellossom|Giga Drain|p2a: Cryogonal\n|-damage|p2a: Cryogonal|205/287\n|-heal|p1a: Bellossom|220/263|[from] drain|[of] p2a: Cryogonal\n|\n|upkeep\n|turn|7\n|\n|t:|1781448476\n|move|p2a: Cryogonal|Haze|p2a: Cryogonal\n|-clearallboost\n|move|p1a: Bellossom|Quiver Dance|p1a: Bellossom\n|-boost|p1a: Bellossom|spa|1\n|-boost|p1a: Bellossom|spd|1\n|-boost|p1a: Bellossom|spe|1\n|\n|upkeep\n|turn|8\n|\n|t:|1781448485\n|switch|p1a: Blaziken|Blaziken, L76, F|247/247\n|move|p2a: Cryogonal|Haze|p2a: Cryogonal\n|-clearallboost\n|\n|upkeep\n|turn|9\n|\n|t:|1781448496\n|switch|p2a: Oinkologne|Oinkologne, L92, M|352/352\n|move|p1a: Blaziken|Swords Dance|p1a: Blaziken\n|-boost|p1a: Blaziken|atk|2\n|\n|-ability|p1a: Blaziken|Speed Boost|boost\n|-boost|p1a: Blaziken|spe|1\n|upkeep\n|turn|10\n|\n|t:|1781448509\n|-terastallize|p2a: Oinkologne|Ground\n|move|p1a: Blaziken|Close Combat|p2a: Oinkologne\n|-damage|p2a: Oinkologne|39/352\n|-unboost|p1a: Blaziken|def|1\n|-unboost|p1a: Blaziken|spd|1\n|-damage|p1a: Blaziken|223/247|[from] item: Life Orb\n|move|p2a: Oinkologne|High Horsepower|p1a: Blaziken\n|-supereffective|p1a: Blaziken\n|-damage|p1a: Blaziken|0 fnt\n|faint|p1a: Blaziken\n|\n|-heal|p2a: Oinkologne|61/352|[from] item: Leftovers\n|upkeep\n|\n|t:|1781448528\n|switch|p1a: Cyclizar|Cyclizar, L83, M|252/252\n|turn|11\n|\n|t:|1781448533\n|move|p1a: Cyclizar|Rapid Spin|p2a: Oinkologne\n|-damage|p2a: Oinkologne|6/352\n|-boost|p1a: Cyclizar|spe|1\n|move|p2a: Oinkologne|Body Slam|p1a: Cyclizar\n|-damage|p1a: Cyclizar|122/252\n|-status|p1a: Cyclizar|par\n|\n|-heal|p2a: Oinkologne|28/352|[from] item: Leftovers\n|upkeep\n|turn|12\n|\n|t:|1781448542\n|move|p1a: Cyclizar|Rapid Spin|p2a: Oinkologne\n|-damage|p2a: Oinkologne|0 fnt\n|-boost|p1a: Cyclizar|spe|1\n|faint|p2a: Oinkologne\n|\n|upkeep\n|\n|t:|1781448547\n|switch|p2a: Cryogonal|Cryogonal, L89|205/287\n|turn|13\n|\n|t:|1781448554\n|move|p1a: Cyclizar|Taunt|p2a: Cryogonal\n|-start|p2a: Cryogonal|move: Taunt\n|move|p2a: Cryogonal|Freeze-Dry|p1a: Cyclizar\n|-supereffective|p1a: Cyclizar\n|-crit|p1a: Cyclizar\n|-damage|p1a: Cyclizar|0 fnt\n|faint|p1a: Cyclizar\n|\n|upkeep\n|\n|t:|1781448565\n|switch|p1a: Flutter Mane|Flutter Mane, L74|203/203\n|turn|14\n|\n|t:|1781448571\n|move|p1a: Flutter Mane|Calm Mind|p1a: Flutter Mane\n|-boost|p1a: Flutter Mane|spa|1\n|-boost|p1a: Flutter Mane|spd|1\n|move|p2a: Cryogonal|Freeze-Dry|p1a: Flutter Mane\n|-damage|p1a: Flutter Mane|158/203\n|\n|upkeep\n|turn|15\n|\n|t:|1781448579\n|switch|p2a: Electrode|Electrode, L92|260/260\n|move|p1a: Flutter Mane|Mystical Fire|p2a: Electrode\n|-damage|p2a: Electrode|153/260\n|-unboost|p2a: Electrode|spa|1\n|-damage|p1a: Flutter Mane|138/203|[from] item: Life Orb\n|\n|upkeep\n|turn|16\n|\n|t:|1781448587\n|-end|p1a: Flutter Mane|Protosynthesis|[silent]\n|switch|p1a: Donphan|Donphan, L84, F|196/288\n|move|p2a: Electrode|Volt Switch|p1a: Donphan\n|-immune|p1a: Donphan\n|\n|upkeep\n|turn|17\n|\n|t:|1781448595\n|move|p2a: Electrode|Taunt|p1a: Donphan\n|-start|p1a: Donphan|move: Taunt\n|move|p1a: Donphan|Knock Off|p2a: Electrode\n|-damage|p2a: Electrode|71/260\n|-enditem|p2a: Electrode|Life Orb|[from] move: Knock Off|[of] p1a: Donphan\n|\n|upkeep\n|turn|18\n|\n|t:|1781448603\n|switch|p2a: Mamoswine|Mamoswine, L81, M|311/311\n|move|p1a: Donphan|Knock Off|p2a: Mamoswine\n|-damage|p2a: Mamoswine|216/311\n|-enditem|p2a: Mamoswine|Life Orb|[from] move: Knock Off|[of] p1a: Donphan\n|\n|upkeep\n|turn|19\n|\n|t:|1781448617\n|move|p2a: Mamoswine|Icicle Crash|p1a: Donphan|[miss]\n|-miss|p2a: Mamoswine|p1a: Donphan\n|move|p1a: Donphan|Earthquake|p2a: Mamoswine\n|-damage|p2a: Mamoswine|69/311\n|\n|-end|p1a: Donphan|move: Taunt\n|upkeep\n|turn|20\n|\n|t:|1781448624\n|move|p2a: Mamoswine|Icicle Crash|p1a: Donphan\n|-supereffective|p1a: Donphan\n|-damage|p1a: Donphan|14/288\n|move|p1a: Donphan|Earthquake|p2a: Mamoswine\n|-damage|p2a: Mamoswine|0 fnt\n|faint|p2a: Mamoswine\n|\n|upkeep\n|inactive|Battle timer is ON: inactive players will automatically lose when time's up. (requested by Ballcoozy)\n|\n|t:|1781448640\n|switch|p2a: Cryogonal|Cryogonal, L89|205/287\n|turn|21\n|\n|t:|1781448646\n|move|p2a: Cryogonal|Rapid Spin|p1a: Donphan\n|-damage|p1a: Donphan|0 fnt\n|-boost|p2a: Cryogonal|spe|1\n|faint|p1a: Donphan\n|\n|upkeep\n|\n|t:|1781448651\n|switch|p1a: Flutter Mane|Flutter Mane, L74|138/203\n|turn|22\n|\n|t:|1781448655\n|move|p2a: Cryogonal|Freeze-Dry|p1a: Flutter Mane\n|-damage|p1a: Flutter Mane|68/203\n|move|p1a: Flutter Mane|Mystical Fire|p2a: Cryogonal\n|-supereffective|p2a: Cryogonal\n|-damage|p2a: Cryogonal|104/287\n|-unboost|p2a: Cryogonal|spa|1\n|-damage|p1a: Flutter Mane|48/203|[from] item: Life Orb\n|\n|upkeep\n|turn|23\n|\n|t:|1781448665\n|move|p2a: Cryogonal|Freeze-Dry|p1a: Flutter Mane\n|-damage|p1a: Flutter Mane|3/203\n|move|p1a: Flutter Mane|Mystical Fire|p2a: Cryogonal\n|-supereffective|p2a: Cryogonal\n|-damage|p2a: Cryogonal|3/287\n|-unboost|p2a: Cryogonal|spa|1\n|-damage|p1a: Flutter Mane|0 fnt|[from] item: Life Orb\n|faint|p1a: Flutter Mane\n|-end|p1a: Flutter Mane|Protosynthesis|[silent]\n|\n|upkeep\n|\n|t:|1781448672\n|switch|p1a: Bellossom|Bellossom, L84, F|220/263\n|turn|24\n|\n|t:|1781448676\n|move|p2a: Cryogonal|Recover|p2a: Cryogonal\n|-heal|p2a: Cryogonal|147/287\n|move|p1a: Bellossom|Quiver Dance|p1a: Bellossom\n|-boost|p1a: Bellossom|spa|1\n|-boost|p1a: Bellossom|spd|1\n|-boost|p1a: Bellossom|spe|1\n|\n|upkeep\n|turn|25\n|\n|t:|1781448685\n|move|p2a: Cryogonal|Haze|p2a: Cryogonal\n|-clearallboost\n|move|p1a: Bellossom|Sludge Bomb|p2a: Cryogonal\n|-damage|p2a: Cryogonal|106/287\n|-status|p2a: Cryogonal|psn\n|\n|-damage|p2a: Cryogonal|71/287 psn|[from] psn\n|upkeep\n|turn|26\n|\n|t:|1781448695\n|-terastallize|p1a: Bellossom|Poison\n|move|p2a: Cryogonal|Freeze-Dry|p1a: Bellossom\n|-damage|p1a: Bellossom|148/263\n|move|p1a: Bellossom|Quiver Dance|p1a: Bellossom\n|-boost|p1a: Bellossom|spa|1\n|-boost|p1a: Bellossom|spd|1\n|-boost|p1a: Bellossom|spe|1\n|\n|-damage|p2a: Cryogonal|36/287 psn|[from] psn\n|upkeep\n|turn|27\n|\n|t:|1781448704\n|move|p2a: Cryogonal|Haze|p2a: Cryogonal\n|-clearallboost\n|move|p1a: Bellossom|Quiver Dance|p1a: Bellossom\n|-boost|p1a: Bellossom|spa|1\n|-boost|p1a: Bellossom|spd|1\n|-boost|p1a: Bellossom|spe|1\n|\n|-damage|p2a: Cryogonal|1/287 psn|[from] psn\n|upkeep\n|turn|28\n|\n|t:|1781448713\n|move|p2a: Cryogonal|Haze|p2a: Cryogonal\n|-clearallboost\n|move|p1a: Bellossom|Strength Sap|p2a: Cryogonal\n|-unboost|p2a: Cryogonal|atk|1\n|-heal|p1a: Bellossom|263/263\n|\n|-damage|p2a: Cryogonal|0 fnt|[from] psn\n|faint|p2a: Cryogonal\n|upkeep\n|\n|t:|1781448722\n|switch|p2a: Pikachu|Pikachu-Sinnoh, L93, F|187/216\n|turn|29\n|\n|t:|1781448726\n|move|p2a: Pikachu|Fake Out|p1a: Bellossom\n|-damage|p1a: Bellossom|219/263\n|cant|p1a: Bellossom|flinch\n|\n|upkeep\n|turn|30\n|\n|t:|1781448731\n|move|p2a: Pikachu|Volt Tackle|p1a: Bellossom\n|-damage|p1a: Bellossom|30/263\n|-damage|p2a: Pikachu|125/216|[from] Recoil\n|move|p1a: Bellossom|Strength Sap|p2a: Pikachu\n|-unboost|p2a: Pikachu|atk|1\n|-heal|p1a: Bellossom|185/263\n|\n|upkeep\n|turn|31\n|\n|t:|1781448745\n|move|p2a: Pikachu|Volt Tackle|p1a: Bellossom\n|-damage|p1a: Bellossom|47/263\n|-damage|p2a: Pikachu|79/216|[from] Recoil\n|move|p1a: Bellossom|Quiver Dance|p1a: Bellossom\n|-boost|p1a: Bellossom|spa|1\n|-boost|p1a: Bellossom|spd|1\n|-boost|p1a: Bellossom|spe|1\n|\n|upkeep\n|turn|32\n|\n|t:|1781448753\n|move|p2a: Pikachu|Volt Tackle|p1a: Bellossom\n|-damage|p1a: Bellossom|0 fnt\n|faint|p1a: Bellossom\n|-damage|p2a: Pikachu|63/216|[from] Recoil\n|\n|upkeep\n|-message|Ballcoozy forfeited.\n|\n|win|Okidoyuuki\n", "inputlog": ">version a8376a258c1d4662feba110a92103f3664a72141\n>start {\"formatid\":\"gen9randombattle\",\"seed\":\"sodium,7c43c14acf9cc64c7741b4bf6332fd44\",\"rated\":\"Rated battle\"}\n>player p1 {\"name\":\"Ballcoozy\",\"avatar\":\"clair\",\"rating\":1901,\"seed\":\"sodium,aed28dfe4845b769b060b9fad9145fad\"}\n>player p2 {\"name\":\"Okidoyuuki\",\"avatar\":\"2\",\"rating\":1968,\"seed\":\"sodium,91f3caf9f1a4c897b6f0f85bf96c4090\"}\n>p1 move dracometeor\n>p2 move fakeout\n>p1 switch 4\n>p2 move knockoff\n>p1 switch 3\n>p2 move surf\n>p1 move quiverdance\n>p2 move knockoff\n>p1 move strengthsap\n>p2 move volttackle\n>p1 move gigadrain\n>p2 switch 3\n>p1 move quiverdance\n>p2 move haze\n>p1 switch 2\n>p2 move haze\n>p1 move swordsdance\n>p2 switch 6\n>p1 move closecombat\n>p2 move highhorsepower terastallize\n>p1 switch 4\n>p1 move rapidspin\n>p2 move bodyslam\n>p1 move rapidspin\n>p2 move bodyslam\n>p2 switch 6\n>p1 move taunt\n>p2 move freezedry\n>p1 switch 5\n>p1 move calmmind\n>p2 move freezedry\n>p1 move mysticalfire\n>p2 switch 4\n>p1 switch 3\n>p2 move voltswitch\n>p1 move knockoff\n>p2 move taunt\n>p1 move knockoff\n>p2 switch 2\n>p1 move earthquake\n>p2 move iciclecrash\n>p1 move earthquake\n>p2 move iciclecrash\n>p2 switch 4\n>p1 move knockoff\n>p2 move rapidspin\n>p1 switch 3\n>p1 move mysticalfire\n>p2 move freezedry\n>p1 move mysticalfire\n>p2 move freezedry\n>p1 switch 2\n>p1 move quiverdance\n>p2 move recover\n>p1 move sludgebomb\n>p2 move haze\n>p1 move quiverdance terastallize\n>p2 move freezedry\n>p1 move quiverdance\n>p2 move haze\n>p1 move strengthsap\n>p2 move haze\n>p2 switch 3\n>p1 move strengthsap\n>p2 move fakeout\n>p1 move strengthsap\n>p2 move volttackle\n>p1 move quiverdance\n>p2 move volttackle\n>p1 move strengthsap\n>p2 move volttackle\n>forcelose p1", "uploadtime": 1781448399, "views": 4, "formatid": "gen9randombattle", "rating": null, "private": 0, "password": null}