{"id": "gen9randombattle-2631965518", "format": "[Gen 9] Random Battle", "players": ["Jhon Xina", "haxion"], "log": "|j|\u2606Jhon Xina\n|j|\u2606haxion\n|t:|1781460685\n|gametype|singles\n|player|p1|Jhon Xina|1|2048\n|player|p2|haxion|preschooler|2233\n|gen|9\n|tier|[Gen 9] Random Battle\n|rated|\n|rule|Species Clause: Limit one of each Pok\u00e9mon\n|rule|HP Percentage Mod: HP is shown in percentages\n|rule|Sleep Clause Mod: Limit one foe put to sleep\n|rule|Illusion Level Mod: Illusion disguises the Pok\u00e9mon's true level\n|\n|t:|1781460685\n|teamsize|p1|6\n|teamsize|p2|6\n|start\n|switch|p1a: Great Tusk|Great Tusk, L77|304/304\n|switch|p2a: Iron Crown|Iron Crown, L78|268/268\n|turn|1\n|inactive|Battle timer is ON: inactive players will automatically lose when time's up. (requested by haxion)\n|inactive|Jhon Xina also wants the timer to be on.\n|\n|t:|1781460706\n|-end|p2a: Iron Crown|Quark Drive|[silent]\n|switch|p2a: Araquanid|Araquanid, L82, M|246/246\n|move|p1a: Great Tusk|Earthquake|p2a: Araquanid\n|-resisted|p2a: Araquanid\n|-damage|p2a: Araquanid|195/246\n|\n|upkeep\n|turn|2\n|\n|t:|1781460732\n|-end|p1a: Great Tusk|Protosynthesis|[silent]\n|switch|p1a: Lycanroc|Lycanroc-Midnight, L89, M|296/296\n|move|p2a: Araquanid|Hydro Pump|p1a: Lycanroc\n|-supereffective|p1a: Lycanroc\n|-damage|p1a: Lycanroc|8/296\n|\n|upkeep\n|turn|3\n|c|\u2606haxion|shocked it didn't kill, that thing has a bulk?\n|\n|t:|1781460758\n|switch|p2a: Iron Crown|Iron Crown, L78|268/268\n|move|p1a: Lycanroc|Knock Off|p2a: Iron Crown\n|-supereffective|p2a: Iron Crown\n|-damage|p2a: Iron Crown|102/268\n|-enditem|p2a: Iron Crown|Leftovers|[from] move: Knock Off|[of] p1a: Lycanroc\n|\n|upkeep\n|turn|4\n|\n|t:|1781460764\n|move|p1a: Lycanroc|Knock Off|p2a: Iron Crown\n|-supereffective|p2a: Iron Crown\n|-damage|p2a: Iron Crown|0 fnt\n|faint|p2a: Iron Crown\n|-end|p2a: Iron Crown|Quark Drive|[silent]\n|\n|upkeep\n|c|\u2606haxion|aaah\n|inactive|haxion has 120 seconds left.\n|c|\u2606haxion|it can be scarf?? Since when? x)\n|c|\u2606haxion|it seems there's a 5% it might be the case.. damn\n|c|\u2606Jhon Xina|Really no idea\n|inactive|haxion has 90 seconds left.\n|c|\u2606Jhon Xina|I wish the randbats command showed itema\n|c|\u2606Jhon Xina|I dont have showdex\n|\n|t:|1781460838\n|switch|p2a: Scyther|Scyther, L82, F|249/249\n|turn|5\n|\n|t:|1781460850\n|move|p1a: Lycanroc|Knock Off|p2a: Scyther\n|-damage|p2a: Scyther|145/249\n|-enditem|p2a: Scyther|Heavy-Duty Boots|[from] move: Knock Off|[of] p1a: Lycanroc\n|move|p2a: Scyther|Bug Bite|p1a: Lycanroc\n|-damage|p1a: Lycanroc|0 fnt\n|faint|p1a: Lycanroc\n|\n|upkeep\n|\n|t:|1781460857\n|switch|p1a: Ogerpon|Ogerpon-Cornerstone, L76, F|247/247\n|turn|6\n|inactive|haxion has 60 seconds left.\n|\n|t:|1781460909\n|switch|p2a: Appletun|Appletun, L92, M|352/352\n|move|p1a: Ogerpon|Ivy Cudgel|p2a: Appletun|[anim] Ivy Cudgel Rock\n|-damage|p2a: Appletun|234/352\n|\n|-heal|p2a: Appletun|256/352|[from] item: Leftovers\n|upkeep\n|turn|7\n|\n|t:|1781460914\n|switch|p1a: Rabsca|Rabsca, L91, F|284/284\n|move|p2a: Appletun|Apple Acid|p1a: Rabsca\n|-resisted|p1a: Rabsca\n|-damage|p1a: Rabsca|239/284\n|-unboost|p1a: Rabsca|spd|1\n|\n|-heal|p2a: Appletun|278/352|[from] item: Leftovers\n|upkeep\n|turn|8\n|\n|t:|1781460927\n|move|p1a: Rabsca|Psychic|p2a: Appletun\n|-damage|p2a: Appletun|149/352\n|move|p2a: Appletun|Dragon Pulse|p1a: Rabsca\n|-damage|p1a: Rabsca|92/284\n|\n|-heal|p2a: Appletun|171/352|[from] item: Leftovers\n|upkeep\n|turn|9\n|\n|t:|1781460949\n|switch|p2a: Araquanid|Araquanid, L82, M|195/246\n|move|p1a: Rabsca|Bug Buzz|p2a: Araquanid\n|-damage|p2a: Araquanid|102/246\n|\n|upkeep\n|turn|10\n|\n|t:|1781460956\n|move|p1a: Rabsca|Recover|p1a: Rabsca\n|-heal|p1a: Rabsca|234/284\n|move|p2a: Araquanid|Sticky Web|p1a: Rabsca\n|-sidestart|p1: Jhon Xina|move: Sticky Web\n|\n|upkeep\n|turn|11\n|inactive|haxion has 60 seconds left.\n|\n|t:|1781460964\n|move|p1a: Rabsca|Revival Blessing|p1a: Rabsca\n|\n|t:|1781460965\n|-heal|p1: Lycanroc|148/296|[from] move: Revival Blessing\n|move|p2a: Araquanid|Leech Life|p1a: Rabsca\n|-supereffective|p1a: Rabsca\n|-damage|p1a: Rabsca|120/284\n|-heal|p2a: Araquanid|159/246|[from] drain|[of] p1a: Rabsca\n|\n|upkeep\n|turn|12\n|\n|t:|1781460980\n|move|p1a: Rabsca|Psychic|p2a: Araquanid\n|-damage|p2a: Araquanid|69/246\n|move|p2a: Araquanid|Leech Life|p1a: Rabsca\n|-supereffective|p1a: Rabsca\n|-damage|p1a: Rabsca|6/284\n|-heal|p2a: Araquanid|126/246|[from] drain|[of] p1a: Rabsca\n|\n|upkeep\n|turn|13\n|inactive|haxion has 60 seconds left.\n|inactive|haxion has 30 seconds left.\n|\n|t:|1781461028\n|switch|p2a: Comfey|Comfey, L85, M|225/225\n|move|p1a: Rabsca|Psychic|p2a: Comfey\n|-damage|p2a: Comfey|110/225\n|\n|-heal|p2a: Comfey|124/225|[from] item: Leftovers\n|upkeep\n|turn|14\n|\n|t:|1781461041\n|switch|p1a: Ogerpon|Ogerpon-Cornerstone, L76, F|247/247\n|-activate|p1a: Ogerpon|move: Sticky Web\n|-unboost|p1a: Ogerpon|spe|1\n|move|p2a: Comfey|Draining Kiss|p1a: Ogerpon\n|-damage|p1a: Ogerpon|199/247\n|-heal|p2a: Comfey|160/225|[from] drain|[of] p1a: Ogerpon\n|\n|-heal|p2a: Comfey|174/225|[from] item: Leftovers\n|upkeep\n|turn|15\n|inactive|haxion has 30 seconds left.\n|inactive|haxion has 20 seconds left.\n|inactive|haxion has 15 seconds left.\n|inactive|haxion has 10 seconds left.\n|\n|t:|1781461081\n|switch|p2a: Araquanid|Araquanid, L82, M|126/246\n|-terastallize|p1a: Ogerpon|Rock\n|detailschange|p1a: Ogerpon|Ogerpon-Cornerstone-Tera, L76, F, tera:Rock\n|-ability|p1a: Ogerpon|Embody Aspect (Cornerstone)|boost\n|-boost|p1a: Ogerpon|def|1\n|move|p1a: Ogerpon|Ivy Cudgel|p2a: Araquanid|[anim] Ivy Cudgel Rock\n|-supereffective|p2a: Araquanid\n|-damage|p2a: Araquanid|0 fnt\n|faint|p2a: Araquanid\n|\n|upkeep\n|inactive|haxion has 15 seconds left this turn.\n|inactive|haxion has 10 seconds left.\n|inactive|haxion has 5 seconds left.\n|\n|t:|1781461091\n|switch|p2a: Appletun|Appletun, L92, M|171/352\n|turn|16\n|inactive|haxion has 15 seconds left this turn.\n|inactive|haxion has 10 seconds left.\n|inactive|haxion has 5 seconds left.\n|\n|t:|1781461101\n|move|p1a: Ogerpon|Ivy Cudgel|p2a: Appletun|[anim] Ivy Cudgel Rock\n|-damage|p2a: Appletun|0 fnt\n|faint|p2a: Appletun\n|\n|upkeep\n|inactive|haxion has 10 seconds left this turn.\n|\n|t:|1781461105\n|switch|p2a: Reuniclus|Reuniclus, L88, M|337/337\n|turn|17\n|inactive|haxion has 20 seconds left this turn.\n|c|\u2606haxion|noo\n|inactive|haxion has 15 seconds left.\n|c|\u2606haxion|max roll :(\n|\n|t:|1781461114\n|switch|p1a: Rabsca|Rabsca, L91, F|6/284\n|move|p2a: Reuniclus|Focus Blast|p1a: Rabsca\n|-resisted|p1a: Rabsca\n|-damage|p1a: Rabsca|0 fnt\n|faint|p1a: Rabsca\n|\n|upkeep\n|\n|t:|1781461117\n|switch|p1a: Lycanroc|Lycanroc-Midnight, L89, M|148/296\n|-activate|p1a: Lycanroc|move: Sticky Web\n|-unboost|p1a: Lycanroc|spe|1\n|turn|18\n|inactive|haxion has 30 seconds left this turn.\n|\n|t:|1781461122\n|move|p1a: Lycanroc|Knock Off|p2a: Reuniclus\n|-supereffective|p2a: Reuniclus\n|-damage|p2a: Reuniclus|139/337\n|-enditem|p2a: Reuniclus|Life Orb|[from] move: Knock Off|[of] p1a: Lycanroc\n|move|p2a: Reuniclus|Recover|p2a: Reuniclus\n|-heal|p2a: Reuniclus|308/337\n|\n|upkeep\n|turn|19\n|inactive|haxion has 30 seconds left.\n|inactive|haxion has 20 seconds left.\n|inactive|haxion has 15 seconds left.\n|inactive|haxion has 10 seconds left.\n|\n|t:|1781461149\n|move|p1a: Lycanroc|Knock Off|p2a: Reuniclus\n|-supereffective|p2a: Reuniclus\n|-damage|p2a: Reuniclus|170/337\n|move|p2a: Reuniclus|Recover|p2a: Reuniclus\n|-heal|p2a: Reuniclus|337/337\n|\n|upkeep\n|turn|20\n|inactive|haxion has 20 seconds left this turn.\n|inactive|haxion has 15 seconds left.\n|c|\u2606Jhon Xina|You running out of time man\n|c|\u2606Jhon Xina|To much calc\n|\n|t:|1781461165\n|move|p1a: Lycanroc|Knock Off|p2a: Reuniclus\n|-supereffective|p2a: Reuniclus\n|-damage|p2a: Reuniclus|201/337\n|move|p2a: Reuniclus|Focus Blast|p1a: Lycanroc\n|-supereffective|p1a: Lycanroc\n|-damage|p1a: Lycanroc|0 fnt\n|faint|p1a: Lycanroc\n|\n|upkeep\n|\n|t:|1781461172\n|switch|p1a: Maushold|Maushold-Four, L76|238/238\n|-activate|p1a: Maushold|move: Sticky Web\n|-unboost|p1a: Maushold|spe|1\n|turn|21\n|inactive|haxion has 30 seconds left this turn.\n|inactive|haxion has 20 seconds left.\n|inactive|haxion has 15 seconds left.\n|\n|t:|1781461191\n|move|p1a: Maushold|Population Bomb|p2a: Reuniclus\n|-damage|p2a: Reuniclus|174/337\n|-damage|p2a: Reuniclus|149/337\n|-damage|p2a: Reuniclus|124/337\n|-damage|p2a: Reuniclus|99/337\n|-damage|p2a: Reuniclus|77/337\n|-damage|p2a: Reuniclus|53/337\n|-damage|p2a: Reuniclus|29/337\n|-damage|p2a: Reuniclus|5/337\n|-damage|p2a: Reuniclus|0 fnt\n|faint|p2a: Reuniclus\n|-hitcount|p2: Reuniclus|9\n|\n|upkeep\n|inactive|haxion has 20 seconds left this turn.\n|inactive|haxion has 15 seconds left.\n|\n|t:|1781461199\n|switch|p2a: Scyther|Scyther, L82, F|145/249\n|turn|22\n|inactive|haxion has 25 seconds left this turn.\n|inactive|haxion has 20 seconds left.\n|\n|t:|1781461207\n|move|p2a: Scyther|Dual Wingbeat|p1a: Maushold\n|-damage|p1a: Maushold|154/238\n|-damage|p1a: Maushold|70/238\n|-hitcount|p1a: Maushold|2\n|move|p1a: Maushold|Population Bomb|p2a: Scyther\n|-damage|p2a: Scyther|120/249\n|-damage|p2a: Scyther|92/249\n|-damage|p2a: Scyther|65/249\n|-damage|p2a: Scyther|41/249\n|-damage|p2a: Scyther|17/249\n|-damage|p2a: Scyther|0 fnt\n|faint|p2a: Scyther\n|-hitcount|p2: Scyther|6\n|\n|upkeep\n|inactive|haxion has 25 seconds left this turn.\n|inactive|haxion has 20 seconds left.\n|\n|t:|1781461213\n|switch|p2a: Comfey|Comfey, L85, M|174/225\n|turn|23\n|inactive|haxion has 30 seconds left this turn.\n|\n|t:|1781461220\n|-terastallize|p2a: Comfey|Fairy\n|move|p2a: Comfey|Draining Kiss|p1a: Maushold\n|-crit|p1a: Maushold\n|-damage|p1a: Maushold|0 fnt\n|-heal|p2a: Comfey|225/225|[from] drain|[of] p1a: Maushold\n|faint|p1a: Maushold\n|\n|upkeep\n|\n|t:|1781461228\n|switch|p1a: Samurott|Samurott, L88, F|310/310\n|-activate|p1a: Samurott|move: Sticky Web\n|-unboost|p1a: Samurott|spe|1\n|turn|24\n|\n|t:|1781461235\n|move|p2a: Comfey|Calm Mind|p2a: Comfey\n|-boost|p2a: Comfey|spa|1\n|-boost|p2a: Comfey|spd|1\n|move|p1a: Samurott|Liquidation|p2a: Comfey\n|-damage|p2a: Comfey|91/225\n|-unboost|p2a: Comfey|def|1\n|-damage|p1a: Samurott|279/310|[from] item: Life Orb\n|\n|-heal|p2a: Comfey|105/225|[from] item: Leftovers\n|upkeep\n|turn|25\n|\n|t:|1781461252\n|move|p2a: Comfey|Draining Kiss|p1a: Samurott\n|-damage|p1a: Samurott|155/310\n|-heal|p2a: Comfey|198/225|[from] drain|[of] p1a: Samurott\n|move|p1a: Samurott|Liquidation|p2a: Comfey\n|-damage|p2a: Comfey|19/225\n|-damage|p1a: Samurott|124/310|[from] item: Life Orb\n|\n|-heal|p2a: Comfey|33/225|[from] item: Leftovers\n|upkeep\n|turn|26\n|\n|t:|1781461262\n|move|p2a: Comfey|Giga Drain|p1a: Samurott\n|-supereffective|p1a: Samurott\n|-damage|p1a: Samurott|0 fnt\n|-heal|p2a: Comfey|95/225|[from] drain|[of] p1a: Samurott\n|faint|p1a: Samurott\n|\n|-heal|p2a: Comfey|109/225|[from] item: Leftovers\n|upkeep\n|\n|t:|1781461264\n|switch|p1a: Ogerpon|Ogerpon-Cornerstone-Tera, L76, F, tera:Rock|199/247\n|-activate|p1a: Ogerpon|move: Sticky Web\n|-unboost|p1a: Ogerpon|spe|1\n|-ability|p1a: Ogerpon|Embody Aspect (Cornerstone)|boost\n|-boost|p1a: Ogerpon|def|1\n|turn|27\n|c|\u2606haxion|welp\n|c|\u2606haxion|no luck\n|\n|t:|1781461291\n|move|p2a: Comfey|Giga Drain|p1a: Ogerpon\n|-supereffective|p1a: Ogerpon\n|-damage|p1a: Ogerpon|47/247\n|-heal|p2a: Comfey|185/225|[from] drain|[of] p1a: Ogerpon\n|move|p1a: Ogerpon|Ivy Cudgel|p2a: Comfey|[anim] Ivy Cudgel Rock\n|-damage|p2a: Comfey|0 fnt\n|faint|p2a: Comfey\n|\n|win|Jhon Xina\n", "inputlog": ">version a8376a258c1d4662feba110a92103f3664a72141\n>start {\"formatid\":\"gen9randombattle\",\"seed\":\"sodium,8a96c7d3a03979bcf4f2ea7d8cc04257\",\"rated\":\"Rated battle\"}\n>player p1 {\"name\":\"Jhon Xina\",\"avatar\":\"1\",\"rating\":2048,\"seed\":\"sodium,84bbf1c4c20e0125bae7d7ed8ca2a445\"}\n>player p2 {\"name\":\"haxion\",\"avatar\":\"preschooler\",\"rating\":2233,\"seed\":\"sodium,d2f9d7d0fc9e057c674c19c629a4fa1c\"}\n>p1 move earthquake\n>p2 switch 6\n>p1 switch 2\n>p2 move hydropump\n>chat \u2606haxion|shocked it didn't kill, that thing has a bulk?\n>p1 move knockoff\n>p2 switch 6\n>p1 move knockoff\n>p2 move psyshock\n>chat \u2606haxion|aaah\n>chat \u2606haxion|it can be scarf?? Since when? x)\n>chat \u2606haxion|it seems there's a 5% it might be the case.. damn\n>chat \u2606Jhon Xina|Really no idea\n>chat \u2606Jhon Xina|I wish the randbats command showed itema\n>chat \u2606Jhon Xina|I dont have showdex\n>p2 switch 5\n>p1 move knockoff\n>p2 move bugbite\n>p1 switch 3\n>p1 move ivycudgel\n>p2 switch 4\n>p1 switch 4\n>p2 move appleacid\n>p1 move psychic\n>p2 move dragonpulse\n>p1 move bugbuzz\n>p2 switch 6\n>p1 move recover\n>p2 move stickyweb\n>p1 move revivalblessing\n>p2 move leechlife\n>p1 switch 3\n>p1 move psychic\n>p2 move leechlife\n>p1 move psychic\n>p2 switch 2\n>p1 switch 4\n>p2 move drainingkiss\n>p1 move ivycudgel terastallize\n>p2 switch 2\n>p2 switch 6\n>p1 move ivycudgel\n>p2 move recover\n>p2 switch 3\n>chat \u2606haxion|noo\n>chat \u2606haxion|max roll :(\n>p1 switch 4\n>p2 move focusblast\n>p1 switch 3\n>p1 move knockoff\n>p2 move recover\n>p1 move knockoff\n>p2 move recover\n>chat \u2606Jhon Xina|You running out of time man\n>chat \u2606Jhon Xina|To much calc\n>p1 move knockoff\n>p2 move focusblast\n>p1 switch 5\n>p1 move populationbomb\n>p2 move psyshock\n>p2 switch 4\n>p1 move populationbomb\n>p2 move dualwingbeat\n>p2 switch 2\n>p1 move populationbomb\n>p2 move drainingkiss terastallize\n>p1 switch 6\n>p1 move liquidation\n>p2 move calmmind\n>p1 move liquidation\n>p2 move drainingkiss\n>p1 move liquidation\n>p2 move gigadrain\n>p1 switch 4\n>chat \u2606haxion|welp\n>chat \u2606haxion|no luck\n>p1 move ivycudgel\n>p2 move gigadrain", "uploadtime": 1781460688, "views": 6, "formatid": "gen9randombattle", "rating": null, "private": 0, "password": null}