{"id": "gen9randombattle-2631507315", "format": "[Gen 9] Random Battle", "players": ["blechas", "vexdelised"], "log": "|j|\u2606blechas\n|j|\u2606vexdelised\n|t:|1781393974\n|gametype|singles\n|player|p1|blechas|102|1984\n|player|p2|vexdelised|hooligans|1942\n|gen|9\n|tier|[Gen 9] Random Battle\n|rated|\n|rule|Species Clause: Limit one of each Pok\u00e9mon\n|rule|HP Percentage Mod: HP is shown in percentages\n|rule|Sleep Clause Mod: Limit one foe put to sleep\n|rule|Illusion Level Mod: Illusion disguises the Pok\u00e9mon's true level\n|\n|t:|1781393974\n|teamsize|p1|6\n|teamsize|p2|6\n|start\n|switch|p1a: Iron Bundle|Iron Bundle, L78|215/215\n|switch|p2a: Komala|Komala, L88, F|258/258\n|-ability|p2a: Komala|Comatose\n|turn|1\n|inactive|Battle timer is ON: inactive players will automatically lose when time's up. (requested by vexdelised)\n|\n|t:|1781393985\n|move|p1a: Iron Bundle|Flip Turn|p2a: Komala\n|-damage|p2a: Komala|197/258\n|\n|t:|1781393988\n|-end|p1a: Iron Bundle|Quark Drive|[silent]\n|switch|p1a: Landorus|Landorus-Therian, L76, M|260/260|[from] Flip Turn\n|-ability|p1a: Landorus|Intimidate|boost\n|-unboost|p2a: Komala|atk|1\n|move|p2a: Komala|Knock Off|p1a: Landorus\n|-damage|p1a: Landorus|196/260\n|-enditem|p1a: Landorus|Leftovers|[from] move: Knock Off|[of] p2a: Komala\n|\n|upkeep\n|turn|2\n|\n|t:|1781394013\n|switch|p2a: Honchkrow|Honchkrow, L86, M|312/312\n|move|p1a: Landorus|Earthquake|p2a: Honchkrow\n|-immune|p2a: Honchkrow\n|\n|upkeep\n|turn|3\n|\n|t:|1781394024\n|move|p1a: Landorus|Stone Edge|p2a: Honchkrow\n|-supereffective|p2a: Honchkrow\n|-crit|p2a: Honchkrow\n|-damage|p2a: Honchkrow|0 fnt\n|faint|p2a: Honchkrow\n|\n|upkeep\n|\n|t:|1781394030\n|switch|p2a: Garganacl|Garganacl, L80, F|291/291\n|turn|4\n|\n|t:|1781394045\n|move|p1a: Landorus|Taunt|p2a: Garganacl\n|-start|p2a: Garganacl|move: Taunt\n|move|p2a: Garganacl|Salt Cure|p1a: Landorus\n|-damage|p1a: Landorus|150/260\n|-start|p1a: Landorus|Salt Cure\n|\n|-damage|p1a: Landorus|118/260|[from] Salt Cure\n|upkeep\n|turn|5\n|\n|t:|1781394054\n|switch|p2a: Gurdurr|Gurdurr, L85, F|283/283\n|move|p1a: Landorus|U-turn|p2a: Gurdurr\n|-resisted|p2a: Gurdurr\n|-damage|p2a: Gurdurr|265/283\n|\n|t:|1781394070\n|switch|p1a: Rotom|Rotom-Mow, L87|229/229|[from] U-turn\n|\n|upkeep\n|turn|6\n|\n|t:|1781394076\n|move|p1a: Rotom|Nasty Plot|p1a: Rotom\n|-boost|p1a: Rotom|spa|2\n|move|p2a: Gurdurr|Knock Off|p1a: Rotom\n|-damage|p1a: Rotom|167/229\n|-enditem|p1a: Rotom|Leftovers|[from] move: Knock Off|[of] p2a: Gurdurr\n|\n|upkeep\n|turn|7\n|\n|t:|1781394100\n|switch|p2a: Muk|Muk-Alola, L82, M|306/306\n|move|p1a: Rotom|Leaf Storm|p2a: Muk\n|-resisted|p2a: Muk\n|-damage|p2a: Muk|202/306\n|-unboost|p1a: Rotom|spa|2\n|\n|upkeep\n|turn|8\n|\n|t:|1781394112\n|switch|p1a: Landorus|Landorus-Therian, L76, M|118/260\n|-ability|p1a: Landorus|Intimidate|boost\n|-unboost|p2a: Muk|atk|1\n|move|p2a: Muk|Knock Off|p1a: Landorus\n|-damage|p1a: Landorus|70/260\n|\n|upkeep\n|turn|9\n|\n|t:|1781394120\n|switch|p2a: Gurdurr|Gurdurr, L85, F|265/283\n|move|p1a: Landorus|Earthquake|p2a: Gurdurr\n|-damage|p2a: Gurdurr|178/283\n|\n|upkeep\n|turn|10\n|\n|t:|1781394127\n|move|p1a: Landorus|Earthquake|p2a: Gurdurr\n|-damage|p2a: Gurdurr|97/283\n|move|p2a: Gurdurr|Drain Punch|p1a: Landorus\n|-resisted|p1a: Landorus\n|-damage|p1a: Landorus|21/260\n|-heal|p2a: Gurdurr|122/283|[from] drain|[of] p1a: Landorus\n|\n|upkeep\n|turn|11\n|\n|t:|1781394131\n|move|p2a: Gurdurr|Mach Punch|p1a: Landorus\n|-resisted|p1a: Landorus\n|-damage|p1a: Landorus|0 fnt\n|faint|p1a: Landorus\n|\n|upkeep\n|\n|t:|1781394144\n|switch|p1a: Rotom|Rotom-Mow, L87|167/229\n|turn|12\n|\n|t:|1781394149\n|switch|p2a: Muk|Muk-Alola, L82, M|202/306\n|move|p1a: Rotom|Nasty Plot|p1a: Rotom\n|-boost|p1a: Rotom|spa|2\n|\n|upkeep\n|turn|13\n|\n|t:|1781394171\n|-terastallize|p1a: Rotom|Electric\n|move|p1a: Rotom|Thunderbolt|p2a: Muk\n|-damage|p2a: Muk|14/306\n|move|p2a: Muk|Poison Jab|p1a: Rotom\n|-damage|p1a: Rotom|98/229\n|-status|p1a: Rotom|psn\n|\n|-damage|p1a: Rotom|70/229 psn|[from] psn\n|upkeep\n|turn|14\n|\n|t:|1781394180\n|move|p1a: Rotom|Thunderbolt|p2a: Muk\n|-damage|p2a: Muk|0 fnt\n|faint|p2a: Muk\n|\n|-damage|p1a: Rotom|42/229 psn|[from] psn\n|upkeep\n|\n|t:|1781394200\n|switch|p2a: Komala|Komala, L88, F|197/258\n|-ability|p2a: Komala|Comatose\n|turn|15\n|\n|t:|1781394206\n|move|p1a: Rotom|Will-O-Wisp|p2a: Komala\n|-immune|p2a: Komala|[from] ability: Comatose\n|move|p2a: Komala|Rapid Spin|p1a: Rotom\n|-damage|p1a: Rotom|0 fnt\n|-boost|p2a: Komala|spe|1\n|faint|p1a: Rotom\n|\n|upkeep\n|\n|t:|1781394211\n|switch|p1a: Dudunsparce|Dudunsparce, L83, F|343/343\n|turn|16\n|\n|t:|1781394218\n|move|p2a: Komala|Body Slam|p1a: Dudunsparce\n|-damage|p1a: Dudunsparce|211/343\n|move|p1a: Dudunsparce|Glare|p2a: Komala\n|-immune|p2a: Komala|[from] ability: Comatose\n|\n|-heal|p1a: Dudunsparce|232/343|[from] item: Leftovers\n|upkeep\n|turn|17\n|c|\u2606blechas|sorry bro\n|c|\u2606blechas|I'm distracted\n|c|\u2606vexdelised|world cup?\n|c|\u2606blechas|nah\n|c|\u2606blechas|head is somewhere else\n|inactive|blechas has 120 seconds left.\n|c|\u2606vexdelised|it\n|c|\u2606vexdelised|it's alright\n|c|\u2606blechas|worried about some shit\n|c|\u2606blechas|gg\n|c|\u2606vexdelised|i dont judge\n|c|\u2606blechas|gl next match\n|c|\u2606vexdelised|hope it goes well for u\n|c|\u2606vexdelised|<3\n|c|\u2606blechas|thanks man :)\n|c|\u2606vexdelised|much love\n|inactive|blechas has 90 seconds left.\n|c|\u2606blechas|<3\n|-message|blechas forfeited.\n|\n|win|vexdelised\n", "inputlog": ">version a8376a258c1d4662feba110a92103f3664a72141\n>start {\"formatid\":\"gen9randombattle\",\"seed\":\"sodium,5817894babc4081267ba108cc33ed94a\",\"rated\":\"Rated battle\"}\n>player p1 {\"name\":\"blechas\",\"avatar\":\"102\",\"rating\":1984,\"seed\":\"sodium,eef15b88e9a44945cfada2c5bad231f8\"}\n>player p2 {\"name\":\"vexdelised\",\"avatar\":\"hooligans\",\"rating\":1942,\"seed\":\"sodium,9607f007a6bf0c5ac3e9063a207021e9\"}\n>p1 move flipturn\n>p2 move knockoff\n>p1 switch 3\n>p1 move earthquake\n>p2 switch 4\n>p1 move stoneedge\n>p2 move lashout\n>p2 switch 6\n>p1 move taunt\n>p2 move saltcure\n>p1 move uturn\n>p2 switch 2\n>p1 switch 4\n>p1 move nastyplot\n>p2 move knockoff\n>p1 move leafstorm\n>p2 switch 5\n>p1 switch 4\n>p2 move knockoff\n>p1 move earthquake\n>p2 switch 5\n>p1 move earthquake\n>p2 move drainpunch\n>p1 move earthquake\n>p2 move machpunch\n>p1 switch 4\n>p1 move nastyplot\n>p2 switch 5\n>p1 move thunderbolt terastallize\n>p2 move poisonjab\n>p1 move thunderbolt\n>p2 move poisonjab\n>p2 switch 4\n>p1 move willowisp\n>p2 move rapidspin\n>p1 switch 5\n>p1 move glare\n>p2 move bodyslam\n>chat \u2606blechas|sorry bro\n>chat \u2606blechas|I'm distracted\n>chat \u2606vexdelised|world cup?\n>chat \u2606blechas|nah\n>chat \u2606blechas|head is somewhere else\n>chat \u2606vexdelised|it\n>chat \u2606vexdelised|it's alright\n>chat \u2606blechas|worried about some shit\n>chat \u2606blechas|gg\n>chat \u2606vexdelised|i dont judge\n>chat \u2606blechas|gl next match\n>chat \u2606vexdelised|hope it goes well for u\n>chat \u2606vexdelised|<3\n>chat \u2606blechas|thanks man :)\n>chat \u2606vexdelised|much love\n>chat \u2606blechas|<3\n>forcelose p1", "uploadtime": 1781393975, "views": 5, "formatid": "gen9randombattle", "rating": null, "private": 0, "password": null}