{"id": "gen9randombattle-2631610332", "format": "[Gen 9] Random Battle", "players": ["schleeby", "Mr. BrickaBracka"], "log": "|j|\u2606schleeby\n|j|\u2606Mr. BrickaBracka\n|t:|1781408477\n|gametype|singles\n|player|p1|schleeby|rosa|2051\n|player|p2|Mr. BrickaBracka|170|2022\n|gen|9\n|tier|[Gen 9] Random Battle\n|rated|\n|rule|Species Clause: Limit one of each Pok\u00e9mon\n|rule|HP Percentage Mod: HP is shown in percentages\n|rule|Sleep Clause Mod: Limit one foe put to sleep\n|rule|Illusion Level Mod: Illusion disguises the Pok\u00e9mon's true level\n|\n|t:|1781408477\n|teamsize|p1|6\n|teamsize|p2|6\n|start\n|switch|p1a: Yanmega|Yanmega, L82, M|275/275\n|switch|p2a: Pikachu|Pikachu-Original, L93, F|216/216\n|turn|1\n|\n|t:|1781408488\n|move|p1a: Yanmega|Protect|p1a: Yanmega\n|-singleturn|p1a: Yanmega|Protect\n|move|p2a: Pikachu|Volt Tackle|p1a: Yanmega\n|-activate|p1a: Yanmega|move: Protect\n|\n|-ability|p1a: Yanmega|Speed Boost|boost\n|-boost|p1a: Yanmega|spe|1\n|upkeep\n|turn|2\n|\n|t:|1781408501\n|switch|p1a: Venusaur|Venusaur, L84, M|272/272\n|switch|p2a: Magmortar|Magmortar, L88, M|275/275\n|\n|upkeep\n|turn|3\n|\n|t:|1781408508\n|switch|p1a: Klawf|Klawf, L90, M|272/272\n|move|p2a: Magmortar|Fire Blast|p1a: Klawf\n|-resisted|p1a: Klawf\n|-damage|p1a: Klawf|175/272\n|\n|upkeep\n|turn|4\n|\n|t:|1781408513\n|move|p2a: Magmortar|Focus Blast|p1a: Klawf\n|-supereffective|p1a: Klawf\n|-damage|p1a: Klawf|0 fnt\n|faint|p1a: Klawf\n|\n|upkeep\n|\n|t:|1781408520\n|switch|p1a: Slowbro|Slowbro-Galar, L87, M|307/307\n|turn|5\n|\n|t:|1781408539\n|move|p2a: Magmortar|Fire Blast|p1a: Slowbro\n|-damage|p1a: Slowbro|132/307\n|move|p1a: Slowbro|Earthquake|p2a: Magmortar\n|-supereffective|p2a: Magmortar\n|-damage|p2a: Magmortar|87/275\n|\n|upkeep\n|turn|6\n|\n|t:|1781408567\n|switch|p1a: Altaria|Altaria, L89, F|278/278\n|move|p2a: Magmortar|Fire Blast|p1a: Altaria\n|-resisted|p1a: Altaria\n|-damage|p1a: Altaria|215/278\n|\n|upkeep\n|turn|7\n|\n|t:|1781408575\n|switch|p2a: Granbull|Granbull, L88, M|302/302\n|-ability|p2a: Granbull|Intimidate|boost\n|-unboost|p1a: Altaria|atk|1\n|move|p1a: Altaria|Brave Bird|p2a: Granbull\n|-damage|p2a: Granbull|229/302\n|-damage|p1a: Altaria|191/278|[from] Recoil\n|\n|-heal|p2a: Granbull|247/302|[from] item: Leftovers\n|upkeep\n|turn|8\n|\n|t:|1781408581\n|switch|p1a: Slowbro|Slowbro-Galar, L87, M|234/307\n|move|p2a: Granbull|Play Rough|p1a: Slowbro\n|-resisted|p1a: Slowbro\n|-damage|p1a: Slowbro|175/307\n|-damage|p2a: Granbull|197/302|[from] item: Rocky Helmet|[of] p1a: Slowbro\n|\n|-heal|p2a: Granbull|215/302|[from] item: Leftovers\n|upkeep\n|turn|9\n|\n|t:|1781408591\n|switch|p2a: Solgaleo|Solgaleo, L74|325/325\n|switch|p1a: Altaria|Altaria, L89, F|191/278\n|\n|upkeep\n|turn|10\n|\n|t:|1781408602\n|switch|p1a: Venusaur|Venusaur, L84, M|272/272\n|move|p2a: Solgaleo|Sunsteel Strike|p1a: Venusaur\n|-damage|p1a: Venusaur|155/272\n|\n|-heal|p1a: Venusaur|172/272|[from] item: Leftovers\n|upkeep\n|turn|11\n|\n|t:|1781408616\n|switch|p2a: Magmortar|Magmortar, L88, M|87/275\n|move|p1a: Venusaur|Sleep Powder|p2a: Magmortar\n|-status|p2a: Magmortar|slp|[from] move: Sleep Powder\n|\n|-heal|p1a: Venusaur|189/272|[from] item: Leftovers\n|upkeep\n|turn|12\n|\n|t:|1781408623\n|switch|p2a: Solgaleo|Solgaleo, L74|325/325\n|move|p1a: Venusaur|Sludge Bomb|p2a: Solgaleo\n|-immune|p2a: Solgaleo\n|\n|-heal|p1a: Venusaur|206/272|[from] item: Leftovers\n|upkeep\n|turn|13\n|\n|t:|1781408633\n|move|p2a: Solgaleo|Sunsteel Strike|p1a: Venusaur\n|-damage|p1a: Venusaur|91/272\n|move|p1a: Venusaur|Earth Power|p2a: Solgaleo\n|-supereffective|p2a: Solgaleo\n|-damage|p2a: Solgaleo|185/325\n|\n|-heal|p2a: Solgaleo|205/325|[from] item: Leftovers\n|-heal|p1a: Venusaur|108/272|[from] item: Leftovers\n|upkeep\n|turn|14\n|\n|t:|1781408642\n|switch|p1a: Slowbro|Slowbro-Galar, L87, M|277/307\n|move|p2a: Solgaleo|Sunsteel Strike|p1a: Slowbro\n|-damage|p1a: Slowbro|175/307\n|-damage|p2a: Solgaleo|151/325|[from] item: Rocky Helmet|[of] p1a: Slowbro\n|\n|-heal|p2a: Solgaleo|171/325|[from] item: Leftovers\n|upkeep\n|turn|15\n|\n|t:|1781408646\n|move|p2a: Solgaleo|Earthquake|p1a: Slowbro\n|-supereffective|p1a: Slowbro\n|-damage|p1a: Slowbro|39/307\n|move|p1a: Slowbro|Slack Off|p1a: Slowbro\n|-heal|p1a: Slowbro|193/307\n|\n|-heal|p2a: Solgaleo|191/325|[from] item: Leftovers\n|upkeep\n|turn|16\n|\n|t:|1781408652\n|move|p2a: Solgaleo|Earthquake|p1a: Slowbro\n|-supereffective|p1a: Slowbro\n|-damage|p1a: Slowbro|59/307\n|move|p1a: Slowbro|Earthquake|p2a: Solgaleo\n|-supereffective|p2a: Solgaleo\n|-damage|p2a: Solgaleo|31/325\n|\n|-heal|p2a: Solgaleo|51/325|[from] item: Leftovers\n|upkeep\n|turn|17\n|\n|t:|1781408657\n|switch|p1a: Venusaur|Venusaur, L84, M|108/272\n|move|p2a: Solgaleo|Morning Sun|p2a: Solgaleo\n|-heal|p2a: Solgaleo|213/325\n|\n|-heal|p2a: Solgaleo|233/325|[from] item: Leftovers\n|-heal|p1a: Venusaur|125/272|[from] item: Leftovers\n|upkeep\n|turn|18\n|\n|t:|1781408663\n|move|p2a: Solgaleo|Sunsteel Strike|p1a: Venusaur\n|-damage|p1a: Venusaur|4/272\n|move|p1a: Venusaur|Synthesis|p1a: Venusaur\n|-heal|p1a: Venusaur|140/272\n|\n|-heal|p2a: Solgaleo|253/325|[from] item: Leftovers\n|-heal|p1a: Venusaur|157/272|[from] item: Leftovers\n|upkeep\n|turn|19\n|\n|t:|1781408666\n|move|p1a: Venusaur|Synthesis|p1a: Venusaur\n|-heal|p1a: Venusaur|272/272\n|move|p2a: Solgaleo|Roar|p1a: Venusaur\n|drag|p1a: Slowbro|Slowbro-Galar, L87, M|161/307\n|\n|-heal|p2a: Solgaleo|273/325|[from] item: Leftovers\n|upkeep\n|turn|20\n|\n|t:|1781408675\n|switch|p1a: Yanmega|Yanmega, L82, M|275/275\n|move|p2a: Solgaleo|Earthquake|p1a: Yanmega\n|-immune|p1a: Yanmega\n|\n|-heal|p2a: Solgaleo|293/325|[from] item: Leftovers\n|upkeep\n|turn|21\n|\n|t:|1781408679\n|move|p1a: Yanmega|Bug Buzz|p2a: Solgaleo\n|-crit|p2a: Solgaleo\n|-damage|p2a: Solgaleo|125/325\n|move|p2a: Solgaleo|Sunsteel Strike|p1a: Yanmega\n|-damage|p1a: Yanmega|155/275\n|\n|-heal|p2a: Solgaleo|145/325|[from] item: Leftovers\n|-ability|p1a: Yanmega|Speed Boost|boost\n|-boost|p1a: Yanmega|spe|1\n|upkeep\n|turn|22\n|\n|t:|1781408689\n|move|p1a: Yanmega|Air Slash|p2a: Solgaleo|[miss]\n|-miss|p1a: Yanmega|p2a: Solgaleo\n|move|p2a: Solgaleo|Morning Sun|p2a: Solgaleo\n|-heal|p2a: Solgaleo|307/325\n|\n|-heal|p2a: Solgaleo|325/325|[from] item: Leftovers\n|-ability|p1a: Yanmega|Speed Boost|boost\n|-boost|p1a: Yanmega|spe|1\n|upkeep\n|turn|23\n|\n|t:|1781408699\n|move|p1a: Yanmega|Bug Buzz|p2a: Solgaleo\n|-damage|p2a: Solgaleo|216/325\n|move|p2a: Solgaleo|Sunsteel Strike|p1a: Yanmega\n|-damage|p1a: Yanmega|49/275\n|\n|-heal|p2a: Solgaleo|236/325|[from] item: Leftovers\n|-ability|p1a: Yanmega|Speed Boost|boost\n|-boost|p1a: Yanmega|spe|1\n|upkeep\n|turn|24\n|\n|t:|1781408706\n|move|p1a: Yanmega|Bug Buzz|p2a: Solgaleo\n|-damage|p2a: Solgaleo|124/325\n|move|p2a: Solgaleo|Sunsteel Strike|p1a: Yanmega\n|-damage|p1a: Yanmega|0 fnt\n|faint|p1a: Yanmega\n|\n|-heal|p2a: Solgaleo|144/325|[from] item: Leftovers\n|upkeep\n|\n|t:|1781408708\n|switch|p1a: Furret|Furret, L94, M|312/312\n|-item|p2a: Solgaleo|Leftovers|[from] ability: Frisk|[of] p1a: Furret\n|turn|25\n|\n|t:|1781408711\n|move|p1a: Furret|Knock Off|p2a: Solgaleo\n|-supereffective|p2a: Solgaleo\n|-damage|p2a: Solgaleo|0 fnt\n|-enditem|p2a: Solgaleo|Leftovers|[from] move: Knock Off|[of] p1a: Furret\n|faint|p2a: Solgaleo\n|-damage|p1a: Furret|281/312|[from] item: Life Orb\n|\n|upkeep\n|\n|t:|1781408714\n|switch|p2a: Granbull|Granbull, L88, M|215/302\n|-ability|p2a: Granbull|Intimidate|boost\n|-unboost|p1a: Furret|atk|1\n|turn|26\n|\n|t:|1781408717\n|switch|p1a: Slowbro|Slowbro-Galar, L87, M|263/307\n|move|p2a: Granbull|Thunder Wave|p1a: Slowbro\n|-status|p1a: Slowbro|par\n|\n|-heal|p2a: Granbull|233/302|[from] item: Leftovers\n|upkeep\n|turn|27\n|\n|t:|1781408723\n|move|p2a: Granbull|Earthquake|p1a: Slowbro\n|-supereffective|p1a: Slowbro\n|-crit|p1a: Slowbro\n|-damage|p1a: Slowbro|0 fnt\n|faint|p1a: Slowbro\n|\n|-heal|p2a: Granbull|251/302|[from] item: Leftovers\n|upkeep\n|\n|t:|1781408729\n|switch|p1a: Venusaur|Venusaur, L84, M|272/272\n|turn|28\n|\n|t:|1781408739\n|move|p1a: Venusaur|Sludge Bomb|p2a: Granbull\n|-supereffective|p2a: Granbull\n|-damage|p2a: Granbull|0 fnt\n|faint|p2a: Granbull\n|\n|upkeep\n|\n|t:|1781408742\n|switch|p2a: Honchkrow|Honchkrow, L86, F|312/312\n|turn|29\n|\n|t:|1781408751\n|switch|p1a: Altaria|Altaria, L89, F|191/278\n|move|p2a: Honchkrow|Brave Bird|p1a: Altaria\n|-damage|p1a: Altaria|47/278\n|-damage|p2a: Honchkrow|264/312|[from] Recoil\n|\n|upkeep\n|turn|30\n|\n|t:|1781408786\n|move|p1a: Altaria|Roost|p1a: Altaria\n|-heal|p1a: Altaria|186/278\n|-singleturn|p1a: Altaria|move: Roost\n|move|p2a: Honchkrow|Brave Bird|p1a: Altaria\n|-damage|p1a: Altaria|41/278\n|-damage|p2a: Honchkrow|216/312|[from] Recoil\n|\n|upkeep\n|turn|31\n|\n|t:|1781408791\n|move|p1a: Altaria|Roost|p1a: Altaria\n|-heal|p1a: Altaria|180/278\n|-singleturn|p1a: Altaria|move: Roost\n|move|p2a: Honchkrow|U-turn|p1a: Altaria\n|-damage|p1a: Altaria|123/278\n|\n|t:|1781408793\n|switch|p2a: Pikachu|Pikachu-Original, L93, F|216/216|[from] U-turn\n|\n|upkeep\n|turn|32\n|\n|t:|1781408800\n|switch|p1a: Venusaur|Venusaur, L84, M|272/272\n|move|p2a: Pikachu|Volt Tackle|p1a: Venusaur\n|-resisted|p1a: Venusaur\n|-damage|p1a: Venusaur|167/272\n|-damage|p2a: Pikachu|181/216|[from] Recoil\n|\n|-heal|p1a: Venusaur|184/272|[from] item: Leftovers\n|upkeep\n|turn|33\n|\n|t:|1781408808\n|switch|p2a: Mew|Mew, L82|298/298\n|move|p1a: Venusaur|Synthesis|p1a: Venusaur\n|-heal|p1a: Venusaur|272/272\n|\n|upkeep\n|turn|34\n|\n|t:|1781408816\n|move|p2a: Mew|Psychic|p1a: Venusaur\n|-supereffective|p1a: Venusaur\n|-damage|p1a: Venusaur|43/272\n|-damage|p2a: Mew|269/298|[from] item: Life Orb\n|move|p1a: Venusaur|Sludge Bomb|p2a: Mew\n|-damage|p2a: Mew|172/298\n|\n|-heal|p1a: Venusaur|60/272|[from] item: Leftovers\n|upkeep\n|turn|35\n|\n|t:|1781408822\n|move|p2a: Mew|Psychic|p1a: Venusaur\n|-supereffective|p1a: Venusaur\n|-damage|p1a: Venusaur|0 fnt\n|faint|p1a: Venusaur\n|-damage|p2a: Mew|143/298|[from] item: Life Orb\n|\n|upkeep\n|\n|t:|1781408835\n|switch|p1a: Furret|Furret, L94, M|281/312\n|-item|p2a: Mew|Life Orb|[from] ability: Frisk|[of] p1a: Furret\n|turn|36\n|\n|t:|1781408844\n|move|p1a: Furret|Double-Edge|p2a: Mew\n|-damage|p2a: Mew|0 fnt\n|faint|p2a: Mew\n|-damage|p1a: Furret|234/312|[from] Recoil\n|-damage|p1a: Furret|203/312|[from] item: Life Orb\n|\n|upkeep\n|\n|t:|1781408850\n|switch|p2a: Pikachu|Pikachu-Original, L93, F|181/216\n|turn|37\n|\n|t:|1781408853\n|switch|p1a: Altaria|Altaria, L89, F|123/278\n|move|p2a: Pikachu|Fake Out|p1a: Altaria\n|-damage|p1a: Altaria|82/278\n|\n|upkeep\n|turn|38\n|\n|t:|1781408863\n|move|p2a: Pikachu|Volt Tackle|p1a: Altaria\n|-damage|p1a: Altaria|0 fnt\n|faint|p1a: Altaria\n|-damage|p2a: Pikachu|154/216|[from] Recoil\n|\n|upkeep\n|\n|t:|1781408865\n|switch|p1a: Furret|Furret, L94, M|203/312\n|-item|p2a: Pikachu|Light Ball|[from] ability: Frisk|[of] p1a: Furret\n|turn|39\n|\n|t:|1781408868\n|switch|p2a: Magmortar|Magmortar, L88, M|87/275 slp\n|move|p1a: Furret|Tidy Up|p1a: Furret\n|-boost|p1a: Furret|atk|1\n|-boost|p1a: Furret|spe|1\n|\n|upkeep\n|turn|40\n|\n|t:|1781408872\n|move|p1a: Furret|Knock Off|p2a: Magmortar\n|-damage|p2a: Magmortar|0 fnt\n|-enditem|p2a: Magmortar|Heavy-Duty Boots|[from] move: Knock Off|[of] p1a: Furret\n|faint|p2a: Magmortar\n|-damage|p1a: Furret|172/312|[from] item: Life Orb\n|\n|upkeep\n|\n|t:|1781408874\n|switch|p2a: Pikachu|Pikachu-Original, L93, F|154/216\n|turn|41\n|\n|t:|1781408882\n|move|p2a: Pikachu|Fake Out|p1a: Furret\n|-damage|p1a: Furret|115/312\n|cant|p1a: Furret|flinch\n|\n|upkeep\n|turn|42\n|\n|t:|1781408891\n|move|p1a: Furret|Brick Break|p2a: Pikachu\n|-damage|p2a: Pikachu|0 fnt\n|faint|p2a: Pikachu\n|-damage|p1a: Furret|84/312|[from] item: Life Orb\n|\n|upkeep\n|\n|t:|1781408894\n|switch|p2a: Honchkrow|Honchkrow, L86, F|216/312\n|turn|43\n|\n|t:|1781408896\n|move|p2a: Honchkrow|Sucker Punch||[still]\n|-fail|p2a: Honchkrow\n|move|p1a: Furret|Tidy Up|p1a: Furret\n|-boost|p1a: Furret|atk|1\n|-boost|p1a: Furret|spe|1\n|\n|upkeep\n|turn|44\n|\n|t:|1781408899\n|move|p2a: Honchkrow|Sucker Punch||[still]\n|-fail|p2a: Honchkrow\n|move|p1a: Furret|Tidy Up|p1a: Furret\n|-boost|p1a: Furret|atk|1\n|-boost|p1a: Furret|spe|1\n|\n|upkeep\n|turn|45\n|\n|t:|1781408900\n|move|p2a: Honchkrow|Sucker Punch||[still]\n|-fail|p2a: Honchkrow\n|move|p1a: Furret|Tidy Up|p1a: Furret\n|-boost|p1a: Furret|atk|1\n|-boost|p1a: Furret|spe|1\n|\n|upkeep\n|turn|46\n|\n|t:|1781408902\n|move|p2a: Honchkrow|Sucker Punch||[still]\n|-fail|p2a: Honchkrow\n|move|p1a: Furret|Tidy Up|p1a: Furret\n|-boost|p1a: Furret|atk|1\n|-boost|p1a: Furret|spe|1\n|\n|upkeep\n|turn|47\n|\n|t:|1781408905\n|move|p1a: Furret|Tidy Up|p1a: Furret\n|-boost|p1a: Furret|atk|1\n|-boost|p1a: Furret|spe|1\n|move|p2a: Honchkrow|Brave Bird|p1a: Furret\n|-damage|p1a: Furret|0 fnt\n|faint|p1a: Furret\n|-damage|p2a: Honchkrow|188/312|[from] Recoil\n|\n|win|Mr. BrickaBracka\n", "inputlog": ">version a8376a258c1d4662feba110a92103f3664a72141\n>start {\"formatid\":\"gen9randombattle\",\"seed\":\"sodium,410baec73845b4485354c8ae11b2b699\",\"rated\":\"Rated battle\"}\n>player p1 {\"name\":\"schleeby\",\"avatar\":\"rosa\",\"rating\":2051,\"seed\":\"sodium,43fbbeb6fa00e25364fbddaf26bff3b1\"}\n>player p2 {\"name\":\"Mr. BrickaBracka\",\"avatar\":\"170\",\"rating\":2022,\"seed\":\"sodium,bf86d6950188e3a3ea6e05aebfbd9d18\"}\n>p1 move protect\n>p2 move volttackle\n>p1 switch 4\n>p2 switch 4\n>p1 switch 2\n>p2 move fireblast\n>p1 move stoneedge\n>p2 move focusblast\n>p1 switch 3\n>p1 move earthquake\n>p2 move fireblast\n>p1 switch 6\n>p2 move fireblast\n>p1 move bravebird\n>p2 switch 3\n>p1 switch 6\n>p2 move playrough\n>p1 switch 6\n>p2 switch 5\n>p1 switch 2\n>p2 move sunsteelstrike\n>p1 move sleeppowder\n>p2 switch 3\n>p1 move sludgebomb\n>p2 switch 3\n>p1 move earthpower\n>p2 move sunsteelstrike\n>p1 switch 6\n>p2 move sunsteelstrike\n>p1 move slackoff\n>p2 move earthquake\n>p1 move earthquake\n>p2 move earthquake\n>p1 switch 6\n>p2 move morningsun\n>p1 move synthesis\n>p2 move sunsteelstrike\n>p1 move synthesis\n>p2 move roar\n>p1 switch 4\n>p2 move earthquake\n>p1 move bugbuzz\n>p2 move sunsteelstrike\n>p1 move airslash\n>p2 move morningsun\n>p1 move bugbuzz\n>p2 move sunsteelstrike\n>p1 move bugbuzz\n>p2 move sunsteelstrike\n>p1 switch 5\n>p1 move knockoff\n>p2 move roar\n>p2 switch 5\n>p1 switch 4\n>p2 move thunderwave\n>p1 move shellsidearm\n>p2 move earthquake\n>p1 switch 6\n>p1 move sludgebomb\n>p2 move encore\n>p2 switch 6\n>p1 switch 2\n>p2 move bravebird\n>p1 move roost\n>p2 move bravebird\n>p1 move roost\n>p2 move uturn\n>p2 switch 4\n>p1 switch 2\n>p2 move volttackle\n>p1 move synthesis\n>p2 switch 2\n>p1 move sludgebomb\n>p2 move psychic\n>p1 move sludgebomb\n>p2 move psychic\n>p1 switch 4\n>p1 move doubleedge\n>p2 move aurasphere\n>p2 switch 2\n>p1 switch 2\n>p2 move fakeout\n>p1 move bravebird\n>p2 move volttackle\n>p1 switch 2\n>p1 move tidyup\n>p2 switch 3\n>p1 move knockoff\n>p2 move knockoff\n>p2 switch 3\n>p1 move knockoff\n>p2 move fakeout\n>p1 move brickbreak\n>p2 move volttackle\n>p2 switch 4\n>p1 move tidyup\n>p2 move suckerpunch\n>p1 move tidyup\n>p2 move suckerpunch\n>p1 move tidyup\n>p2 move suckerpunch\n>p1 move tidyup\n>p2 move suckerpunch\n>p1 move tidyup\n>p2 move bravebird", "uploadtime": 1781408479, "views": 5, "formatid": "gen9randombattle", "rating": null, "private": 0, "password": null}