{"id": "gen9randombattle-2631641893", "format": "[Gen 9] Random Battle", "players": ["BafoDePiranha", "T0RcH3D"], "log": "|j|\u2606BafoDePiranha\n|j|\u2606T0RcH3D\n|t:|1781413480\n|gametype|singles\n|player|p1|BafoDePiranha|karen|2137\n|player|p2|T0RcH3D|guitarist-gen4|2254\n|gen|9\n|tier|[Gen 9] Random Battle\n|rated|\n|rule|Species Clause: Limit one of each Pok\u00e9mon\n|rule|HP Percentage Mod: HP is shown in percentages\n|rule|Sleep Clause Mod: Limit one foe put to sleep\n|rule|Illusion Level Mod: Illusion disguises the Pok\u00e9mon's true level\n|\n|t:|1781413480\n|teamsize|p1|6\n|teamsize|p2|6\n|start\n|switch|p1a: Feraligatr|Feraligatr, L79, M|264/264\n|switch|p2a: Frosmoth|Frosmoth, L82, F|249/249\n|turn|1\n|\n|t:|1781413500\n|move|p1a: Feraligatr|Liquidation|p2a: Frosmoth\n|-damage|p2a: Frosmoth|74/249\n|move|p2a: Frosmoth|Giga Drain|p1a: Feraligatr\n|-supereffective|p1a: Feraligatr\n|-damage|p1a: Feraligatr|122/264\n|-heal|p2a: Frosmoth|145/249|[from] drain|[of] p1a: Feraligatr\n|\n|upkeep\n|turn|2\n|\n|t:|1781413509\n|switch|p2a: Dragalge|Dragalge, L88, F|258/258\n|move|p1a: Feraligatr|Liquidation|p2a: Dragalge\n|-resisted|p2a: Dragalge\n|-damage|p2a: Dragalge|194/258\n|\n|upkeep\n|turn|3\n|\n|t:|1781413515\n|move|p1a: Feraligatr|Ice Punch|p2a: Dragalge\n|-supereffective|p2a: Dragalge\n|-damage|p2a: Dragalge|28/258\n|move|p2a: Dragalge|Sludge Wave|p1a: Feraligatr\n|-damage|p1a: Feraligatr|0 fnt\n|faint|p1a: Feraligatr\n|\n|upkeep\n|\n|t:|1781413533\n|switch|p1a: Spiritomb|Spiritomb, L89, M|234/234\n|turn|4\n|\n|t:|1781413539\n|move|p1a: Spiritomb|Shadow Sneak|p2a: Dragalge\n|-damage|p2a: Dragalge|0 fnt\n|faint|p2a: Dragalge\n|\n|upkeep\n|\n|t:|1781413548\n|switch|p2a: Garganacl|Garganacl, L80, F|291/291\n|turn|5\n|\n|t:|1781413552\n|switch|p1a: Lapras|Lapras, L87, F|367/367\n|move|p2a: Garganacl|Salt Cure|p1a: Lapras\n|-supereffective|p1a: Lapras\n|-damage|p1a: Lapras|283/367\n|-start|p1a: Lapras|Salt Cure\n|\n|-damage|p1a: Lapras|192/367|[from] Salt Cure\n|upkeep\n|turn|6\n|\n|t:|1781413564\n|move|p2a: Garganacl|Protect|p2a: Garganacl\n|-singleturn|p2a: Garganacl|Protect\n|move|p1a: Lapras|Sparkling Aria|p2a: Garganacl\n|-activate|p2a: Garganacl|move: Protect\n|\n|-damage|p1a: Lapras|101/367|[from] Salt Cure\n|upkeep\n|turn|7\n|\n|t:|1781413568\n|switch|p2a: Frosmoth|Frosmoth, L82, F|145/249\n|move|p1a: Lapras|Sparkling Aria|p2a: Frosmoth\n|-damage|p2a: Frosmoth|78/249\n|\n|-damage|p1a: Lapras|10/367|[from] Salt Cure\n|upkeep\n|turn|8\n|\n|t:|1781413575\n|move|p1a: Lapras|Sparkling Aria|p2a: Frosmoth\n|-damage|p2a: Frosmoth|7/249\n|move|p2a: Frosmoth|Giga Drain|p1a: Lapras\n|-supereffective|p1a: Lapras\n|-damage|p1a: Lapras|0 fnt\n|-heal|p2a: Frosmoth|12/249|[from] drain|[of] p1a: Lapras\n|faint|p1a: Lapras\n|\n|upkeep\n|\n|t:|1781413581\n|switch|p1a: Slither Wing|Slither Wing, L81|270/270\n|turn|9\n|\n|t:|1781413597\n|move|p1a: Slither Wing|First Impression|p2a: Frosmoth\n|-damage|p2a: Frosmoth|0 fnt\n|faint|p2a: Frosmoth\n|-damage|p1a: Slither Wing|243/270|[from] item: Life Orb\n|\n|upkeep\n|\n|t:|1781413602\n|switch|p2a: Hippowdon|Hippowdon, L82, M|311/311\n|-weather|Sandstorm|[from] ability: Sand Stream|[of] p2a: Hippowdon\n|turn|10\n|\n|t:|1781413607\n|move|p1a: Slither Wing|U-turn|p2a: Hippowdon\n|-damage|p2a: Hippowdon|214/311\n|-damage|p1a: Slither Wing|198/270|[from] item: Rocky Helmet|[of] p2a: Hippowdon\n|-damage|p1a: Slither Wing|171/270|[from] item: Life Orb\n|\n|t:|1781413609\n|-end|p1a: Slither Wing|Protosynthesis|[silent]\n|switch|p1a: Rillaboom|Rillaboom, L79, F|288/288|[from] U-turn\n|-fieldstart|move: Grassy Terrain|[from] ability: Grassy Surge|[of] p1a: Rillaboom\n|move|p2a: Hippowdon|Stealth Rock|p1a: Rillaboom\n|-sidestart|p1: BafoDePiranha|move: Stealth Rock\n|\n|-weather|Sandstorm|[upkeep]\n|-damage|p1a: Rillaboom|270/288|[from] Sandstorm\n|-heal|p1a: Rillaboom|288/288|[from] Grassy Terrain\n|-heal|p2a: Hippowdon|233/311|[from] Grassy Terrain\n|upkeep\n|turn|11\n|\n|t:|1781413627\n|switch|p2a: Kingambit|Kingambit, L74, F|270/270\n|-activate|p2a: Kingambit|ability: Supreme Overlord\n|-start|p2a: Kingambit|fallen2|[silent]\n|move|p1a: Rillaboom|Grassy Glide|p2a: Kingambit\n|-resisted|p2a: Kingambit\n|-damage|p2a: Kingambit|216/270\n|\n|-weather|Sandstorm|[upkeep]\n|-damage|p1a: Rillaboom|270/288|[from] Sandstorm\n|-heal|p1a: Rillaboom|288/288|[from] Grassy Terrain\n|-heal|p2a: Kingambit|232/270|[from] Grassy Terrain\n|-heal|p2a: Kingambit|248/270|[from] item: Leftovers\n|upkeep\n|turn|12\n|\n|t:|1781413637\n|switch|p1a: Slither Wing|Slither Wing, L81|171/270\n|-damage|p1a: Slither Wing|138/270|[from] Stealth Rock\n|move|p2a: Kingambit|Iron Head|p1a: Slither Wing\n|-damage|p1a: Slither Wing|18/270\n|\n|-weather|Sandstorm|[upkeep]\n|-damage|p1a: Slither Wing|2/270|[from] Sandstorm\n|-heal|p1a: Slither Wing|18/270|[from] Grassy Terrain\n|-heal|p2a: Kingambit|264/270|[from] Grassy Terrain\n|-heal|p2a: Kingambit|270/270|[from] item: Leftovers\n|upkeep\n|turn|13\n|\n|t:|1781413645\n|move|p2a: Kingambit|Sucker Punch|p1a: Slither Wing\n|-resisted|p1a: Slither Wing\n|-damage|p1a: Slither Wing|0 fnt\n|faint|p1a: Slither Wing\n|-end|p1a: Slither Wing|Protosynthesis|[silent]\n|\n|-weather|Sandstorm|[upkeep]\n|upkeep\n|\n|t:|1781413648\n|switch|p1a: Haxorus|Haxorus, L77, F|244/244\n|-damage|p1a: Haxorus|214/244|[from] Stealth Rock\n|-ability|p1a: Haxorus|Mold Breaker\n|turn|14\n|\n|t:|1781413674\n|move|p1a: Haxorus|Close Combat|p2a: Kingambit\n|-supereffective|p2a: Kingambit\n|-damage|p2a: Kingambit|0 fnt\n|-unboost|p1a: Haxorus|def|1\n|-unboost|p1a: Haxorus|spd|1\n|faint|p2a: Kingambit\n|-end|p2a: Kingambit|fallen2|[silent]\n|\n|-weather|none\n|-heal|p1a: Haxorus|229/244|[from] Grassy Terrain\n|-fieldend|move: Grassy Terrain\n|upkeep\n|\n|t:|1781413698\n|switch|p2a: Garganacl|Garganacl, L80, F|291/291\n|turn|15\n|\n|t:|1781413705\n|move|p1a: Haxorus|Swords Dance|p1a: Haxorus\n|-boost|p1a: Haxorus|atk|2\n|move|p2a: Garganacl|Salt Cure|p1a: Haxorus\n|-damage|p1a: Haxorus|168/244\n|-start|p1a: Haxorus|Salt Cure\n|\n|-damage|p1a: Haxorus|138/244|[from] Salt Cure\n|upkeep\n|turn|16\n|\n|t:|1781413712\n|switch|p2a: Hippowdon|Hippowdon, L82, M|233/311\n|-weather|Sandstorm|[from] ability: Sand Stream|[of] p2a: Hippowdon\n|move|p1a: Haxorus|Close Combat|p2a: Hippowdon\n|-damage|p2a: Hippowdon|66/311\n|-unboost|p1a: Haxorus|def|1\n|-unboost|p1a: Haxorus|spd|1\n|-damage|p1a: Haxorus|98/244|[from] item: Rocky Helmet|[of] p2a: Hippowdon\n|\n|-weather|Sandstorm|[upkeep]\n|-damage|p1a: Haxorus|83/244|[from] Sandstorm\n|-damage|p1a: Haxorus|53/244|[from] Salt Cure\n|upkeep\n|turn|17\n|\n|t:|1781413734\n|switch|p2a: Garganacl|Garganacl, L80, F|291/291\n|move|p1a: Haxorus|Scale Shot|p2a: Garganacl\n|-damage|p2a: Garganacl|242/291\n|-damage|p2a: Garganacl|190/291\n|-damage|p2a: Garganacl|139/291\n|-damage|p2a: Garganacl|88/291\n|-damage|p2a: Garganacl|40/291\n|-hitcount|p2a: Garganacl|5\n|-unboost|p1a: Haxorus|def|1\n|-boost|p1a: Haxorus|spe|1\n|\n|-weather|Sandstorm|[upkeep]\n|-damage|p1a: Haxorus|38/244|[from] Sandstorm\n|-heal|p2a: Garganacl|58/291|[from] item: Leftovers\n|-damage|p1a: Haxorus|8/244|[from] Salt Cure\n|upkeep\n|turn|18\n|\n|t:|1781413746\n|move|p2a: Garganacl|Protect|p2a: Garganacl\n|-singleturn|p2a: Garganacl|Protect\n|move|p1a: Haxorus|Close Combat|p2a: Garganacl\n|-activate|p2a: Garganacl|move: Protect\n|\n|-weather|Sandstorm|[upkeep]\n|-damage|p1a: Haxorus|0 fnt|[from] Sandstorm\n|faint|p1a: Haxorus\n|-heal|p2a: Garganacl|76/291|[from] item: Leftovers\n|upkeep\n|\n|t:|1781413752\n|switch|p1a: Spiritomb|Spiritomb, L89, M|234/234\n|-damage|p1a: Spiritomb|205/234|[from] Stealth Rock\n|turn|19\n|\n|t:|1781413770\n|switch|p2a: Komala|Komala, L88, M|258/258\n|-ability|p2a: Komala|Comatose\n|move|p1a: Spiritomb|Foul Play|p2a: Komala\n|-damage|p2a: Komala|102/258\n|\n|-weather|Sandstorm|[upkeep]\n|-damage|p2a: Komala|86/258|[from] Sandstorm\n|-damage|p1a: Spiritomb|191/234|[from] Sandstorm\n|-heal|p1a: Spiritomb|205/234|[from] item: Leftovers\n|upkeep\n|turn|20\n|\n|t:|1781413781\n|move|p2a: Komala|U-turn|p1a: Spiritomb\n|-damage|p1a: Spiritomb|154/234\n|\n|t:|1781413784\n|switch|p2a: Hippowdon|Hippowdon, L82, M|66/311|[from] U-turn\n|move|p1a: Spiritomb|Foul Play|p2a: Hippowdon\n|-damage|p2a: Hippowdon|0 fnt\n|-damage|p1a: Spiritomb|115/234|[from] item: Rocky Helmet|[of] p2a: Hippowdon\n|faint|p2a: Hippowdon\n|\n|-weather|none\n|-heal|p1a: Spiritomb|129/234|[from] item: Leftovers\n|upkeep\n|\n|t:|1781413798\n|switch|p2a: Garganacl|Garganacl, L80, F|76/291\n|turn|21\n|\n|t:|1781413800\n|move|p2a: Garganacl|Protect|p2a: Garganacl\n|-singleturn|p2a: Garganacl|Protect\n|move|p1a: Spiritomb|Foul Play|p2a: Garganacl\n|-activate|p2a: Garganacl|move: Protect\n|\n|-heal|p1a: Spiritomb|143/234|[from] item: Leftovers\n|-heal|p2a: Garganacl|94/291|[from] item: Leftovers\n|upkeep\n|turn|22\n|\n|t:|1781413806\n|move|p1a: Spiritomb|Poltergeist|p2a: Garganacl\n|-activate|p2a: Garganacl|move: Poltergeist|Leftovers\n|-damage|p2a: Garganacl|46/291\n|move|p2a: Garganacl|Recover|p2a: Garganacl\n|-heal|p2a: Garganacl|192/291\n|\n|-heal|p1a: Spiritomb|157/234|[from] item: Leftovers\n|-heal|p2a: Garganacl|210/291|[from] item: Leftovers\n|upkeep\n|turn|23\n|\n|t:|1781413811\n|move|p1a: Spiritomb|Foul Play|p2a: Garganacl\n|-damage|p2a: Garganacl|129/291\n|move|p2a: Garganacl|Salt Cure|p1a: Spiritomb\n|-damage|p1a: Spiritomb|126/234\n|-start|p1a: Spiritomb|Salt Cure\n|\n|-heal|p1a: Spiritomb|140/234|[from] item: Leftovers\n|-heal|p2a: Garganacl|147/291|[from] item: Leftovers\n|-damage|p1a: Spiritomb|111/234|[from] Salt Cure\n|upkeep\n|turn|24\n|\n|t:|1781413825\n|switch|p1a: Rillaboom|Rillaboom, L79, F|288/288\n|-damage|p1a: Rillaboom|252/288|[from] Stealth Rock\n|-fieldstart|move: Grassy Terrain|[from] ability: Grassy Surge|[of] p1a: Rillaboom\n|move|p2a: Garganacl|Salt Cure|p1a: Rillaboom\n|-damage|p1a: Rillaboom|209/288\n|-start|p1a: Rillaboom|Salt Cure\n|\n|-heal|p1a: Rillaboom|227/288|[from] Grassy Terrain\n|-heal|p2a: Garganacl|165/291|[from] Grassy Terrain\n|-heal|p2a: Garganacl|183/291|[from] item: Leftovers\n|-damage|p1a: Rillaboom|191/288|[from] Salt Cure\n|upkeep\n|turn|25\n|\n|t:|1781413862\n|-terastallize|p2a: Garganacl|Dragon\n|move|p1a: Rillaboom|Wood Hammer|p2a: Garganacl\n|-resisted|p2a: Garganacl\n|-damage|p2a: Garganacl|82/291\n|-damage|p1a: Rillaboom|158/288|[from] Recoil\n|move|p2a: Garganacl|Recover|p2a: Garganacl\n|-heal|p2a: Garganacl|228/291\n|\n|-heal|p1a: Rillaboom|176/288|[from] Grassy Terrain\n|-heal|p2a: Garganacl|246/291|[from] Grassy Terrain\n|-heal|p2a: Garganacl|264/291|[from] item: Leftovers\n|-damage|p1a: Rillaboom|140/288|[from] Salt Cure\n|upkeep\n|turn|26\n|-message|BafoDePiranha forfeited.\n|\n|win|T0RcH3D\n", "inputlog": ">version a8376a258c1d4662feba110a92103f3664a72141\n>start {\"formatid\":\"gen9randombattle\",\"seed\":\"sodium,72e00152bacb79e182b4923e29cef610\",\"rated\":\"Rated battle\"}\n>player p1 {\"name\":\"BafoDePiranha\",\"avatar\":\"karen\",\"rating\":2137,\"seed\":\"sodium,b66056f2987209009286f4dd7a22e42a\"}\n>player p2 {\"name\":\"T0RcH3D\",\"avatar\":\"guitarist-gen4\",\"rating\":2254,\"seed\":\"sodium,881610923c0734ee95edde464a51ac59\"}\n>p1 move liquidation\n>p2 move gigadrain\n>p1 move liquidation\n>p2 switch 2\n>p1 move icepunch\n>p2 move sludgewave\n>p1 switch 2\n>p1 move shadowsneak\n>p2 move dracometeor\n>p2 switch 5\n>p1 switch 3\n>p2 move saltcure\n>p1 move sparklingaria\n>p2 move protect\n>p1 move sparklingaria\n>p2 switch 2\n>p1 move sparklingaria\n>p2 move gigadrain\n>p1 switch 6\n>p1 move firstimpression\n>p2 move icebeam\n>p2 switch 6\n>p1 move uturn\n>p2 move stealthrock\n>p1 switch 4\n>p1 move grassyglide\n>p2 switch 3\n>p1 switch 4\n>p2 move ironhead\n>p1 move closecombat\n>p2 move suckerpunch\n>p1 switch 5\n>p1 move closecombat\n>p2 move kowtowcleave\n>p2 switch 2\n>p1 move swordsdance\n>p2 move saltcure\n>p1 move closecombat\n>p2 switch 3\n>p1 move scaleshot\n>p2 switch 3\n>p1 move closecombat\n>p2 move protect\n>p1 switch 3\n>p1 move foulplay\n>p2 switch 4\n>p1 move foulplay\n>p2 move uturn\n>p2 switch 3\n>p2 switch 4\n>p1 move foulplay\n>p2 move protect\n>p1 move poltergeist\n>p2 move recover\n>p1 move foulplay\n>p2 move saltcure\n>p1 switch 4\n>p2 move saltcure\n>p1 move woodhammer\n>p2 move recover terastallize\n>forcelose p1", "uploadtime": 1781413483, "views": 4, "formatid": "gen9randombattle", "rating": null, "private": 0, "password": null}