{"id": "gen9randombattle-2632019003", "format": "[Gen 9] Random Battle", "players": ["magicaldc", "kheladi7"], "log": "|j|\u2606magicaldc\n|j|\u2606kheladi7\n|t:|1781466574\n|gametype|singles\n|player|p1|magicaldc|102|1991\n|player|p2|kheladi7|102|1974\n|gen|9\n|tier|[Gen 9] Random Battle\n|rated|\n|rule|Species Clause: Limit one of each Pok\u00e9mon\n|rule|HP Percentage Mod: HP is shown in percentages\n|rule|Sleep Clause Mod: Limit one foe put to sleep\n|rule|Illusion Level Mod: Illusion disguises the Pok\u00e9mon's true level\n|\n|t:|1781466574\n|teamsize|p1|6\n|teamsize|p2|6\n|start\n|switch|p1a: Exeggutor|Exeggutor, L89, M|312/312\n|switch|p2a: Forretress|Forretress, L84, M|263/263\n|turn|1\n|\n|t:|1781466586\n|move|p1a: Exeggutor|Substitute|p1a: Exeggutor\n|-start|p1a: Exeggutor|Substitute\n|-damage|p1a: Exeggutor|234/312\n|move|p2a: Forretress|Thunder Wave||[still]\n|-fail|p2a: Forretress\n|\n|upkeep\n|turn|2\n|\n|t:|1781466592\n|move|p1a: Exeggutor|Leech Seed|p2a: Forretress\n|-start|p2a: Forretress|move: Leech Seed\n|move|p2a: Forretress|Rapid Spin|p1a: Exeggutor\n|-activate|p1a: Exeggutor|move: Substitute|[damage]\n|-end|p2a: Forretress|Leech Seed|[from] move: Rapid Spin|[of] p2a: Forretress\n|-boost|p2a: Forretress|spe|1\n|\n|upkeep\n|turn|3\n|\n|t:|1781466606\n|move|p2a: Forretress|Stealth Rock|p1a: Exeggutor\n|-sidestart|p1: magicaldc|move: Stealth Rock\n|move|p1a: Exeggutor|Sleep Powder|p2a: Forretress\n|-status|p2a: Forretress|slp|[from] move: Sleep Powder\n|\n|upkeep\n|turn|4\n|\n|t:|1781466611\n|cant|p2a: Forretress|slp\n|move|p1a: Exeggutor|Leech Seed|p2a: Forretress\n|-start|p2a: Forretress|move: Leech Seed\n|\n|-damage|p2a: Forretress|231/263 slp|[from] Leech Seed|[of] p1a: Exeggutor\n|-heal|p1a: Exeggutor|266/312|[silent]\n|upkeep\n|turn|5\n|\n|t:|1781466619\n|cant|p2a: Forretress|slp\n|move|p1a: Exeggutor|Psychic|p2a: Forretress\n|-resisted|p2a: Forretress\n|-damage|p2a: Forretress|145/263 slp\n|\n|-heal|p2a: Forretress|161/263 slp|[from] item: Leftovers\n|-damage|p2a: Forretress|129/263 slp|[from] Leech Seed|[of] p1a: Exeggutor\n|-heal|p1a: Exeggutor|298/312|[silent]\n|upkeep\n|turn|6\n|\n|t:|1781466627\n|-curestatus|p2a: Forretress|slp|[msg]\n|move|p2a: Forretress|Rapid Spin|p1a: Exeggutor\n|-activate|p1a: Exeggutor|move: Substitute|[damage]\n|-end|p2a: Forretress|Leech Seed|[from] move: Rapid Spin|[of] p2a: Forretress\n|-boost|p2a: Forretress|spe|1\n|move|p1a: Exeggutor|Psychic|p2a: Forretress\n|-resisted|p2a: Forretress\n|-damage|p2a: Forretress|48/263\n|\n|-heal|p2a: Forretress|64/263|[from] item: Leftovers\n|upkeep\n|turn|7\n|\n|t:|1781466640\n|move|p2a: Forretress|Iron Head|p1a: Exeggutor\n|-end|p1a: Exeggutor|Substitute\n|move|p1a: Exeggutor|Psychic|p2a: Forretress\n|-resisted|p2a: Forretress\n|-damage|p2a: Forretress|0 fnt\n|faint|p2a: Forretress\n|\n|upkeep\n|\n|t:|1781466646\n|switch|p2a: Delibird|Delibird, F|252/252\n|turn|8\n|\n|t:|1781466652\n|switch|p1a: Politoed|Politoed, L88, F|302/302\n|-damage|p1a: Politoed|265/302|[from] Stealth Rock\n|-weather|RainDance|[from] ability: Drizzle|[of] p1a: Politoed\n|move|p2a: Delibird|Spikes|p1a: Politoed\n|-sidestart|p1: magicaldc|Spikes\n|\n|-weather|RainDance|[upkeep]\n|upkeep\n|turn|9\n|\n|t:|1781466662\n|move|p2a: Delibird|Spikes|p1a: Politoed\n|-sidestart|p1: magicaldc|Spikes\n|move|p1a: Politoed|Hydro Pump|p2a: Delibird|[miss]\n|-miss|p1a: Politoed|p2a: Delibird\n|\n|-weather|RainDance|[upkeep]\n|upkeep\n|turn|10\n|\n|t:|1781466667\n|move|p2a: Delibird|Spikes|p1a: Politoed\n|-sidestart|p1: magicaldc|Spikes\n|move|p1a: Politoed|Hydro Pump|p2a: Delibird\n|-damage|p2a: Delibird|14/252\n|\n|-weather|RainDance|[upkeep]\n|upkeep\n|turn|11\n|\n|t:|1781466675\n|move|p2a: Delibird|Brave Bird|p1a: Politoed\n|-damage|p1a: Politoed|79/302\n|-damage|p2a: Delibird|0 fnt|[from] Recoil\n|faint|p2a: Delibird\n|move|p1a: Politoed|Rest|p1a: Politoed\n|-status|p1a: Politoed|slp|[from] move: Rest\n|-heal|p1a: Politoed|302/302 slp|[silent]\n|-enditem|p1a: Politoed|Chesto Berry|[eat]\n|-curestatus|p1a: Politoed|slp|[msg]\n|\n|-weather|RainDance|[upkeep]\n|upkeep\n|\n|t:|1781466699\n|switch|p2a: Uxie|Uxie, L83|260/260\n|turn|12\n|\n|t:|1781466716\n|move|p2a: Uxie|Yawn|p1a: Politoed\n|-start|p1a: Politoed|move: Yawn|[of] p2a: Uxie\n|move|p1a: Politoed|Hydro Pump|p2a: Uxie\n|-damage|p2a: Uxie|134/260\n|\n|-weather|none\n|-heal|p2a: Uxie|150/260|[from] item: Leftovers\n|upkeep\n|turn|13\n|\n|t:|1781466724\n|switch|p1a: Blissey|Blissey, L85, F|572/572\n|-damage|p1a: Blissey|501/572|[from] Stealth Rock\n|-damage|p1a: Blissey|358/572|[from] Spikes\n|move|p2a: Uxie|Yawn|p1a: Blissey\n|-start|p1a: Blissey|move: Yawn|[of] p2a: Uxie\n|\n|-heal|p2a: Uxie|166/260|[from] item: Leftovers\n|-heal|p1a: Blissey|393/572|[from] item: Leftovers\n|upkeep\n|turn|14\n|\n|t:|1781466735\n|move|p2a: Uxie|Knock Off|p1a: Blissey\n|-damage|p1a: Blissey|233/572\n|-enditem|p1a: Blissey|Leftovers|[from] move: Knock Off|[of] p2a: Uxie\n|move|p1a: Blissey|Thunder Wave|p2a: Uxie\n|-status|p2a: Uxie|par\n|\n|-heal|p2a: Uxie|182/260 par|[from] item: Leftovers\n|-end|p1a: Blissey|move: Yawn|[silent]\n|-status|p1a: Blissey|slp\n|upkeep\n|turn|15\n|\n|t:|1781466744\n|-curestatus|p1a: Blissey|slp|[from] ability: Natural Cure|[silent]\n|switch|p1a: Politoed|Politoed, L88, F|302/302\n|-damage|p1a: Politoed|265/302|[from] Stealth Rock\n|-damage|p1a: Politoed|190/302|[from] Spikes\n|-weather|RainDance|[from] ability: Drizzle|[of] p1a: Politoed\n|move|p2a: Uxie|U-turn|p1a: Politoed\n|-damage|p1a: Politoed|146/302\n|\n|t:|1781466753\n|switch|p2a: Lokix|Lokix, L82, F|251/251|[from] U-turn\n|\n|-weather|RainDance|[upkeep]\n|upkeep\n|turn|16\n|\n|t:|1781466761\n|move|p2a: Lokix|Leech Life|p1a: Politoed\n|-damage|p1a: Politoed|32/302\n|-damage|p2a: Lokix|226/251|[from] item: Life Orb\n|move|p1a: Politoed|Hydro Pump|p2a: Lokix\n|-damage|p2a: Lokix|0 fnt\n|faint|p2a: Lokix\n|\n|-weather|RainDance|[upkeep]\n|upkeep\n|\n|t:|1781466772\n|switch|p2a: Ambipom|Ambipom, L84, M|263/263\n|turn|17\n|\n|t:|1781466776\n|move|p2a: Ambipom|Fake Out|p1a: Politoed\n|-damage|p1a: Politoed|0 fnt\n|faint|p1a: Politoed\n|\n|-weather|RainDance|[upkeep]\n|upkeep\n|\n|t:|1781466794\n|switch|p1a: Grafaiai|Grafaiai, L86, F|249/249\n|-damage|p1a: Grafaiai|218/249|[from] Stealth Rock\n|-damage|p1a: Grafaiai|156/249|[from] Spikes\n|turn|18\n|\n|t:|1781466801\n|move|p2a: Ambipom|Double-Edge|p1a: Grafaiai\n|-damage|p1a: Grafaiai|0 fnt\n|faint|p1a: Grafaiai\n|-damage|p2a: Ambipom|212/263|[from] Recoil\n|\n|-weather|RainDance|[upkeep]\n|upkeep\n|\n|t:|1781466823\n|switch|p1a: Keldeo|Keldeo-Resolute, L79|273/273\n|-damage|p1a: Keldeo|256/273|[from] Stealth Rock\n|-damage|p1a: Keldeo|188/273|[from] Spikes\n|turn|19\n|\n|t:|1781466829\n|switch|p2a: Uxie|Uxie, L83|182/260 par\n|move|p1a: Keldeo|Secret Sword|p2a: Uxie\n|-resisted|p2a: Uxie\n|-damage|p2a: Uxie|145/260 par\n|\n|-weather|none\n|-heal|p1a: Keldeo|205/273|[from] item: Leftovers\n|-heal|p2a: Uxie|161/260 par|[from] item: Leftovers\n|upkeep\n|turn|20\n|\n|t:|1781466838\n|-terastallize|p1a: Keldeo|Steel\n|move|p1a: Keldeo|Hydro Pump|p2a: Uxie\n|-damage|p2a: Uxie|67/260 par\n|cant|p2a: Uxie|par\n|\n|-heal|p1a: Keldeo|222/273|[from] item: Leftovers\n|-heal|p2a: Uxie|83/260 par|[from] item: Leftovers\n|upkeep\n|turn|21\n|l|\u2606kheladi7\n|player|p2|\n|j|\u2606kheladi7\n|player|p2|kheladi7|102|\n|\n|t:|1781466859\n|move|p1a: Keldeo|Hydro Pump|p2a: Uxie\n|-damage|p2a: Uxie|0 fnt\n|faint|p2a: Uxie\n|\n|-heal|p1a: Keldeo|239/273|[from] item: Leftovers\n|upkeep\n|\n|t:|1781466870\n|switch|p2a: Muk|Muk, L86, F|321/321\n|turn|22\n|\n|t:|1781466891\n|switch|p1a: Blissey|Blissey, L85, F|233/572\n|-damage|p1a: Blissey|162/572|[from] Stealth Rock\n|-damage|p1a: Blissey|19/572|[from] Spikes\n|move|p2a: Muk|Knock Off|p1a: Blissey\n|-damage|p1a: Blissey|0 fnt\n|faint|p1a: Blissey\n|\n|upkeep\n|\n|t:|1781466896\n|switch|p1a: Munkidori|Munkidori, L79, M|269/269\n|-damage|p1a: Munkidori|236/269|[from] Stealth Rock\n|-damage|p1a: Munkidori|169/269|[from] Spikes\n|turn|23\n|\n|t:|1781466903\n|move|p1a: Munkidori|Psychic Noise|p2a: Muk\n|-supereffective|p2a: Muk\n|-damage|p2a: Muk|223/321\n|-start|p2a: Muk|move: Heal Block\n|move|p2a: Muk|Knock Off|p1a: Munkidori\n|-supereffective|p1a: Munkidori\n|-damage|p1a: Munkidori|0 fnt\n|-enditem|p1a: Munkidori|Assault Vest|[from] move: Knock Off|[of] p2a: Muk\n|faint|p1a: Munkidori\n|\n|upkeep\n|\n|t:|1781466908\n|switch|p1a: Keldeo|Keldeo-Resolute, L79, tera:Steel|239/273\n|-damage|p1a: Keldeo|222/273|[from] Stealth Rock\n|-damage|p1a: Keldeo|154/273|[from] Spikes\n|turn|24\n|\n|t:|1781466916\n|move|p1a: Keldeo|Hydro Pump|p2a: Muk\n|-crit|p2a: Muk\n|-damage|p2a: Muk|112/321\n|move|p2a: Muk|Knock Off|p1a: Keldeo\n|-damage|p1a: Keldeo|68/273\n|-ability|p1a: Keldeo|Justified|boost\n|-boost|p1a: Keldeo|atk|1\n|-enditem|p1a: Keldeo|Leftovers|[from] move: Knock Off|[of] p2a: Muk\n|\n|-end|p2a: Muk|move: Heal Block\n|upkeep\n|turn|25\n|\n|t:|1781466927\n|move|p2a: Muk|Shadow Sneak|p1a: Keldeo\n|-damage|p1a: Keldeo|33/273\n|move|p1a: Keldeo|Hydro Pump|p2a: Muk\n|-damage|p2a: Muk|40/321\n|\n|upkeep\n|turn|26\n|\n|t:|1781466932\n|move|p2a: Muk|Shadow Sneak|p1a: Keldeo\n|-damage|p1a: Keldeo|0 fnt\n|faint|p1a: Keldeo\n|\n|upkeep\n|\n|t:|1781466936\n|switch|p1a: Exeggutor|Exeggutor, L89, M|298/312\n|-damage|p1a: Exeggutor|259/312|[from] Stealth Rock\n|-damage|p1a: Exeggutor|181/312|[from] Spikes\n|turn|27\n|\n|t:|1781466942\n|-terastallize|p2a: Muk|Dark\n|move|p1a: Exeggutor|Psychic|p2a: Muk\n|-immune|p2a: Muk\n|move|p2a: Muk|Knock Off|p1a: Exeggutor\n|-supereffective|p1a: Exeggutor\n|-damage|p1a: Exeggutor|0 fnt\n|-enditem|p1a: Exeggutor|Sitrus Berry|[from] move: Knock Off|[of] p2a: Muk\n|faint|p1a: Exeggutor\n|\n|win|kheladi7\n", "inputlog": ">version a8376a258c1d4662feba110a92103f3664a72141\n>start {\"formatid\":\"gen9randombattle\",\"seed\":\"sodium,f8e3bd465407336035a9a2bb7edee031\",\"rated\":\"Rated battle\"}\n>player p1 {\"name\":\"magicaldc\",\"avatar\":\"102\",\"rating\":1991,\"seed\":\"sodium,62c58d8e026ed700dbdbc5546115dbb8\"}\n>player p2 {\"name\":\"kheladi7\",\"avatar\":\"102\",\"rating\":1974,\"seed\":\"sodium,070efd252e993f1772c54fa0cecbfb49\"}\n>p1 move substitute\n>p2 move thunderwave\n>p1 move leechseed\n>p2 move rapidspin\n>p1 move sleeppowder\n>p2 move stealthrock\n>p1 move leechseed\n>p2 move rapidspin\n>p1 move psychic\n>p2 move rapidspin\n>p1 move psychic\n>p2 move rapidspin\n>p1 move psychic\n>p2 move ironhead\n>p2 switch 5\n>p1 switch 5\n>p2 move spikes\n>p1 move hydropump\n>p2 move spikes\n>p1 move hydropump\n>p2 move spikes\n>p1 move rest\n>p2 move bravebird\n>p2 switch 2\n>p1 move hydropump\n>p2 move yawn\n>p1 switch 6\n>p2 move yawn\n>p1 move thunderwave\n>p2 move knockoff\n>p1 switch 6\n>p2 move uturn\n>p2 switch 4\n>p1 move hydropump\n>p2 move leechlife\n>p2 switch 6\n>p1 move hydropump\n>p2 move fakeout\n>p1 switch 4\n>p1 move knockoff\n>p2 move doubleedge\n>p1 switch 3\n>p1 move secretsword\n>p2 switch 4\n>p1 move hydropump terastallize\n>p2 move psychicnoise\n>p1 move hydropump\n>p2 move yawn\n>p2 switch 3\n>p1 switch 6\n>p2 move knockoff\n>p1 switch 2\n>p1 move psychicnoise\n>p2 move knockoff\n>p1 switch 6\n>p1 move hydropump\n>p2 move knockoff\n>p1 move hydropump\n>p2 move shadowsneak\n>p1 move hydropump\n>p2 move shadowsneak\n>p1 switch 5\n>p1 move psychic\n>p2 move knockoff terastallize", "uploadtime": 1781466576, "views": 4, "formatid": "gen9randombattle", "rating": null, "private": 0, "password": null}