{"id": "gen9randombattle-2631983120", "format": "[Gen 9] Random Battle", "players": ["titofer", "Naderyf"], "log": "|j|\u2606titofer\n|j|\u2606Naderyf\n|t:|1781462621\n|gametype|singles\n|player|p1|titofer|169|1996\n|player|p2|Naderyf|266|1985\n|gen|9\n|tier|[Gen 9] Random Battle\n|rated|\n|rule|Species Clause: Limit one of each Pok\u00e9mon\n|rule|HP Percentage Mod: HP is shown in percentages\n|rule|Sleep Clause Mod: Limit one foe put to sleep\n|rule|Illusion Level Mod: Illusion disguises the Pok\u00e9mon's true level\n|\n|t:|1781462621\n|teamsize|p1|6\n|teamsize|p2|6\n|start\n|switch|p1a: Alomomola|Alomomola, L87, F|429/429\n|switch|p2a: Slowking|Slowking-Galar, L85, F|300/300\n|turn|1\n|inactive|Battle timer is ON: inactive players will automatically lose when time's up. (requested by Naderyf)\n|\n|t:|1781462632\n|move|p1a: Alomomola|Flip Turn|p2a: Slowking\n|-damage|p2a: Slowking|245/300\n|\n|t:|1781462634\n|switch|p1a: Uxie|Uxie, L83|260/260|[from] Flip Turn\n|move|p2a: Slowking|Sludge Bomb|p1a: Uxie\n|-damage|p1a: Uxie|173/260\n|-status|p1a: Uxie|psn\n|\n|-heal|p1a: Uxie|189/260 psn|[from] item: Leftovers\n|-heal|p2a: Slowking|263/300|[from] item: Leftovers\n|-damage|p1a: Uxie|157/260 psn|[from] psn\n|upkeep\n|turn|2\n|\n|t:|1781462645\n|switch|p2a: Dudunsparce|Dudunsparce-Three-Segment, L83, F|343/343\n|move|p1a: Uxie|Thunder Wave|p2a: Dudunsparce\n|-status|p2a: Dudunsparce|par\n|\n|-heal|p1a: Uxie|173/260 psn|[from] item: Leftovers\n|-damage|p1a: Uxie|141/260 psn|[from] psn\n|upkeep\n|turn|3\n|\n|t:|1781462652\n|switch|p1a: Alomomola|Alomomola, L87, F|429/429\n|cant|p2a: Dudunsparce|par\n|\n|upkeep\n|turn|4\n|\n|t:|1781462656\n|move|p1a: Alomomola|Wish|p1a: Alomomola\n|move|p2a: Dudunsparce|Boomburst|p1a: Alomomola\n|-damage|p1a: Alomomola|228/429\n|\n|upkeep\n|turn|5\n|\n|t:|1781462661\n|move|p1a: Alomomola|Flip Turn|p2a: Dudunsparce\n|-damage|p2a: Dudunsparce|283/343 par\n|\n|t:|1781462663\n|switch|p1a: Uxie|Uxie, L83|141/260 psn|[from] Flip Turn\n|move|p2a: Dudunsparce|Calm Mind|p2a: Dudunsparce\n|-boost|p2a: Dudunsparce|spa|1\n|-boost|p2a: Dudunsparce|spd|1\n|\n|-heal|p1a: Uxie|260/260 psn|[from] move: Wish|[wisher] Alomomola\n|-heal|p2a: Dudunsparce|304/343 par|[from] item: Leftovers\n|-damage|p1a: Uxie|228/260 psn|[from] psn\n|upkeep\n|turn|6\n|\n|t:|1781462666\n|move|p1a: Uxie|Encore|p2a: Dudunsparce\n|-start|p2a: Dudunsparce|Encore\n|move|p2a: Dudunsparce|Calm Mind|p2a: Dudunsparce\n|-boost|p2a: Dudunsparce|spa|1\n|-boost|p2a: Dudunsparce|spd|1\n|\n|-heal|p1a: Uxie|244/260 psn|[from] item: Leftovers\n|-heal|p2a: Dudunsparce|325/343 par|[from] item: Leftovers\n|-damage|p1a: Uxie|212/260 psn|[from] psn\n|upkeep\n|turn|7\n|\n|t:|1781462671\n|switch|p1a: Ambipom|Ambipom, L84, M|263/263\n|cant|p2a: Dudunsparce|par\n|\n|-heal|p2a: Dudunsparce|343/343 par|[from] item: Leftovers\n|upkeep\n|turn|8\n|\n|t:|1781462681\n|move|p1a: Ambipom|Triple Axel|p2a: Dudunsparce\n|-damage|p2a: Dudunsparce|306/343 par\n|-damage|p2a: Dudunsparce|232/343 par\n|-hitcount|p2a: Dudunsparce|2\n|cant|p2a: Dudunsparce|par\n|\n|-heal|p2a: Dudunsparce|253/343 par|[from] item: Leftovers\n|-end|p2a: Dudunsparce|Encore\n|upkeep\n|turn|9\n|\n|t:|1781462688\n|-terastallize|p1a: Ambipom|Ice\n|move|p1a: Ambipom|Triple Axel|p2a: Dudunsparce\n|-damage|p2a: Dudunsparce|202/343 par\n|-damage|p2a: Dudunsparce|99/343 par\n|-damage|p2a: Dudunsparce|0 fnt\n|faint|p2a: Dudunsparce\n|-hitcount|p2: Dudunsparce|3\n|\n|upkeep\n|\n|t:|1781462697\n|switch|p2a: Slowking|Slowking-Galar, L85, F|300/300\n|turn|10\n|\n|t:|1781462702\n|move|p1a: Ambipom|Triple Axel|p2a: Slowking\n|-damage|p2a: Slowking|252/300\n|-damage|p2a: Slowking|144/300\n|-damage|p2a: Slowking|0 fnt\n|faint|p2a: Slowking\n|-hitcount|p2: Slowking|3\n|\n|upkeep\n|\n|t:|1781462707\n|switch|p2a: Girafarig|Girafarig, L89, M|269/269\n|turn|11\n|\n|t:|1781462718\n|switch|p1a: Meowscarada|Meowscarada, L78, F|247/247\n|move|p2a: Girafarig|Psychic|p1a: Meowscarada\n|-immune|p1a: Meowscarada\n|\n|upkeep\n|turn|12\n|\n|t:|1781462724\n|switch|p2a: Pawmot|Pawmot, L80, M|243/243\n|move|p1a: Meowscarada|U-turn|p2a: Pawmot\n|-start|p1a: Meowscarada|typechange|Bug|[from] ability: Protean\n|-resisted|p2a: Pawmot\n|-crit|p2a: Pawmot\n|-damage|p2a: Pawmot|180/243\n|\n|t:|1781462732\n|switch|p1a: Ambipom|Ambipom, L84, M, tera:Ice|263/263|[from] U-turn\n|\n|upkeep\n|turn|13\n|\n|t:|1781462736\n|move|p1a: Ambipom|Double-Edge|p2a: Pawmot\n|-damage|p2a: Pawmot|0 fnt\n|faint|p2a: Pawmot\n|-damage|p1a: Ambipom|204/263|[from] Recoil\n|\n|upkeep\n|\n|t:|1781462741\n|switch|p2a: Walking Wake|Walking Wake, L79|286/286\n|turn|14\n|\n|t:|1781462745\n|switch|p1a: Uxie|Uxie, L83|212/260 psn\n|move|p2a: Walking Wake|Draco Meteor|p1a: Uxie\n|-damage|p1a: Uxie|37/260 psn\n|-unboost|p2a: Walking Wake|spa|2\n|\n|-heal|p1a: Uxie|53/260 psn|[from] item: Leftovers\n|-damage|p1a: Uxie|21/260 psn|[from] psn\n|upkeep\n|turn|15\n|\n|t:|1781462754\n|-end|p2a: Walking Wake|Protosynthesis|[silent]\n|switch|p2a: Girafarig|Girafarig, L89, M|269/269\n|switch|p1a: Alomomola|Alomomola, L87, F|371/429\n|\n|upkeep\n|turn|16\n|\n|t:|1781462757\n|move|p2a: Girafarig|Dazzling Gleam|p1a: Alomomola\n|-damage|p1a: Alomomola|280/429\n|move|p1a: Alomomola|Flip Turn|p2a: Girafarig\n|-crit|p2a: Girafarig\n|-damage|p2a: Girafarig|205/269\n|\n|t:|1781462763\n|switch|p1a: Meowscarada|Meowscarada, L78, F|247/247|[from] Flip Turn\n|\n|upkeep\n|turn|17\n|\n|t:|1781462768\n|move|p1a: Meowscarada|U-turn|p2a: Girafarig\n|-start|p1a: Meowscarada|typechange|Bug|[from] ability: Protean\n|-supereffective|p2a: Girafarig\n|-damage|p2a: Girafarig|79/269\n|\n|t:|1781462771\n|switch|p1a: Uxie|Uxie, L83|21/260 psn|[from] U-turn\n|move|p2a: Girafarig|Nasty Plot|p2a: Girafarig\n|-boost|p2a: Girafarig|spa|2\n|\n|-heal|p1a: Uxie|37/260 psn|[from] item: Leftovers\n|-damage|p1a: Uxie|5/260 psn|[from] psn\n|upkeep\n|turn|18\n|\n|t:|1781462775\n|move|p1a: Uxie|Knock Off|p2a: Girafarig\n|-supereffective|p2a: Girafarig\n|-damage|p2a: Girafarig|0 fnt\n|-enditem|p2a: Girafarig|Eviolite|[from] move: Knock Off|[of] p1a: Uxie\n|faint|p2a: Girafarig\n|\n|-heal|p1a: Uxie|21/260 psn|[from] item: Leftovers\n|-damage|p1a: Uxie|0 fnt|[from] psn\n|faint|p1a: Uxie\n|upkeep\n|\n|t:|1781462780\n|switch|p1a: Meowscarada|Meowscarada, L78, F|247/247\n|switch|p2a: Walking Wake|Walking Wake, L79|286/286\n|turn|19\n|\n|t:|1781462787\n|move|p1a: Meowscarada|U-turn|p2a: Walking Wake\n|-start|p1a: Meowscarada|typechange|Bug|[from] ability: Protean\n|-damage|p2a: Walking Wake|210/286\n|\n|t:|1781462789\n|switch|p1a: Alomomola|Alomomola, L87, F|423/429|[from] U-turn\n|move|p2a: Walking Wake|Flip Turn|p1a: Alomomola\n|-resisted|p1a: Alomomola\n|-damage|p1a: Alomomola|397/429\n|-damage|p2a: Walking Wake|163/286|[from] item: Rocky Helmet|[of] p1a: Alomomola\n|\n|t:|1781462791\n|-end|p2a: Walking Wake|Protosynthesis|[silent]\n|switch|p2a: Sunflora|Sunflora, M|312/312|[from] Flip Turn\n|\n|upkeep\n|turn|20\n|\n|t:|1781462797\n|move|p1a: Alomomola|Scald|p2a: Sunflora\n|-resisted|p2a: Sunflora\n|-damage|p2a: Sunflora|292/312\n|move|p2a: Sunflora|Leaf Storm|p1a: Alomomola\n|-supereffective|p1a: Alomomola\n|-damage|p1a: Alomomola|0 fnt\n|-unboost|p2a: Sunflora|spa|2\n|faint|p1a: Alomomola\n|\n|upkeep\n|\n|t:|1781462803\n|switch|p1a: Meowscarada|Meowscarada, L78, F|247/247\n|turn|21\n|\n|t:|1781462806\n|move|p1a: Meowscarada|U-turn|p2a: Sunflora\n|-start|p1a: Meowscarada|typechange|Bug|[from] ability: Protean\n|-supereffective|p2a: Sunflora\n|-damage|p2a: Sunflora|128/312\n|\n|t:|1781462809\n|switch|p1a: Virizion|Virizion, L82|283/283|[from] U-turn\n|move|p2a: Sunflora|Leaf Storm|p1a: Virizion\n|-resisted|p1a: Virizion\n|-damage|p1a: Virizion|223/283\n|-unboost|p2a: Sunflora|spa|2\n|\n|upkeep\n|turn|22\n|-message|Naderyf forfeited.\n|\n|win|titofer\n", "inputlog": ">version a8376a258c1d4662feba110a92103f3664a72141\n>start {\"formatid\":\"gen9randombattle\",\"seed\":\"sodium,5c60f0368f38b513563325179cacbf8f\",\"rated\":\"Rated battle\"}\n>player p1 {\"name\":\"titofer\",\"avatar\":\"169\",\"rating\":1996,\"seed\":\"sodium,5f7c4398a38a97d6dc5af8fd4fa4b17a\"}\n>player p2 {\"name\":\"Naderyf\",\"avatar\":\"266\",\"rating\":1985,\"seed\":\"sodium,4c38716333973e115f5a8603ad5cc66f\"}\n>p1 move flipturn\n>p2 move sludgebomb\n>p1 switch 6\n>p1 move thunderwave\n>p2 switch 6\n>p1 switch 6\n>p2 move shadowball\n>p1 move wish\n>p2 move boomburst\n>p1 move flipturn\n>p2 move calmmind\n>p1 switch 6\n>p1 move encore\n>p2 move boomburst\n>p1 switch 5\n>p2 move calmmind\n>p1 move tripleaxel\n>p2 move calmmind\n>p1 move tripleaxel terastallize\n>p2 move boomburst\n>p2 switch 6\n>p1 move tripleaxel\n>p2 move fireblast\n>p2 switch 2\n>p1 switch 2\n>p2 move psychic\n>p1 move uturn\n>p2 switch 4\n>p1 switch 2\n>p1 move doubleedge\n>p2 move closecombat\n>p2 switch 3\n>p1 switch 5\n>p2 move dracometeor\n>p1 switch 6\n>p2 switch 4\n>p1 move flipturn\n>p2 move dazzlinggleam\n>p1 switch 2\n>p1 move uturn\n>p2 move nastyplot\n>p1 switch 6\n>p1 move knockoff\n>p2 move dazzlinggleam\n>p1 switch 6\n>p2 switch 4\n>p1 move uturn\n>p2 move flipturn\n>p1 switch 2\n>p2 switch 5\n>p1 move scald\n>p2 move leafstorm\n>p1 switch 2\n>p1 move uturn\n>p2 move leafstorm\n>p1 switch 4\n>forcelose p2", "uploadtime": 1781462624, "views": 11, "formatid": "gen9randombattle", "rating": null, "private": 0, "password": null}