{"id": "gen9randombattle-2631648859", "format": "[Gen 9] Random Battle", "players": ["Trac!3.Mart3l", "Ilydqnny"], "log": "|j|\u2606Trac!3.Mart3l\n|j|\u2606Ilydqnny\n|t:|1781414683\n|gametype|singles\n|player|p1|Trac!3.Mart3l|lusamine-masters|1106\n|player|p2|Ilydqnny|lucas-gen4pt|1110\n|gen|9\n|tier|[Gen 9] Random Battle\n|rated|\n|rule|Species Clause: Limit one of each Pok\u00e9mon\n|rule|HP Percentage Mod: HP is shown in percentages\n|rule|Sleep Clause Mod: Limit one foe put to sleep\n|rule|Illusion Level Mod: Illusion disguises the Pok\u00e9mon's true level\n|\n|t:|1781414683\n|teamsize|p1|6\n|teamsize|p2|6\n|start\n|switch|p1a: Mew|Mew, L82|298/298\n|switch|p2a: Iron Treads|Iron Treads, L77|265/265\n|turn|1\n|inactive|Battle timer is ON: inactive players will automatically lose when time's up. (requested by Ilydqnny)\n|\n|t:|1781414702\n|move|p1a: Mew|Swords Dance|p1a: Mew\n|-boost|p1a: Mew|atk|2\n|move|p2a: Iron Treads|Stealth Rock|p1a: Mew\n|-sidestart|p1: Trac!3.Mart3l|move: Stealth Rock\n|\n|upkeep\n|turn|2\n|\n|t:|1781414711\n|move|p1a: Mew|Close Combat|p2a: Iron Treads\n|-supereffective|p2a: Iron Treads\n|-damage|p2a: Iron Treads|0 fnt\n|-unboost|p1a: Mew|def|1\n|-unboost|p1a: Mew|spd|1\n|faint|p2a: Iron Treads\n|-end|p2a: Iron Treads|Quark Drive|[silent]\n|-damage|p1a: Mew|269/298|[from] item: Life Orb\n|\n|upkeep\n|\n|t:|1781414731\n|switch|p2a: Deoxys|Deoxys-Attack, L72|191/191\n|-ability|p2a: Deoxys|Pressure\n|turn|3\n|\n|t:|1781414742\n|-terastallize|p2a: Deoxys|Dark\n|move|p2a: Deoxys|Knock Off|p1a: Mew\n|-supereffective|p1a: Mew\n|-damage|p1a: Mew|0 fnt\n|-enditem|p1a: Mew|Life Orb|[from] move: Knock Off|[of] p2a: Deoxys\n|faint|p1a: Mew\n|-damage|p2a: Deoxys|172/191|[from] item: Life Orb\n|\n|upkeep\n|\n|t:|1781414765\n|switch|p1a: Persian|Persian-Alola, L86, F|252/252\n|turn|4\n|\n|t:|1781414773\n|move|p2a: Deoxys|Superpower|p1a: Persian\n|-supereffective|p1a: Persian\n|-damage|p1a: Persian|75/252\n|-unboost|p2a: Deoxys|atk|1\n|-unboost|p2a: Deoxys|def|1\n|-damage|p2a: Deoxys|153/191|[from] item: Life Orb\n|move|p1a: Persian|Thunder Wave|p2a: Deoxys\n|-status|p2a: Deoxys|par\n|\n|upkeep\n|turn|5\n|\n|t:|1781414786\n|move|p1a: Persian|Knock Off|p2a: Deoxys\n|-resisted|p2a: Deoxys\n|-damage|p2a: Deoxys|0 fnt\n|-enditem|p2a: Deoxys|Life Orb|[from] move: Knock Off|[of] p1a: Persian\n|faint|p2a: Deoxys\n|\n|upkeep\n|\n|t:|1781414808\n|switch|p2a: Scyther|Scyther, L82, F|249/249\n|turn|6\n|\n|t:|1781414816\n|move|p1a: Persian|Parting Shot|p2a: Scyther\n|-unboost|p2a: Scyther|atk|1\n|-unboost|p2a: Scyther|spa|1\n|\n|t:|1781414823\n|switch|p1a: Coalossal|Coalossal, L89, F|341/341|[from] Parting Shot\n|move|p2a: Scyther|Close Combat|p1a: Coalossal\n|-supereffective|p1a: Coalossal\n|-damage|p1a: Coalossal|249/341\n|-unboost|p2a: Scyther|def|1\n|-unboost|p2a: Scyther|spd|1\n|-status|p2a: Scyther|brn|[from] ability: Flame Body|[of] p1a: Coalossal\n|\n|-damage|p2a: Scyther|234/249 brn|[from] brn\n|upkeep\n|turn|7\n|inactive|Ilydqnny has 120 seconds left.\n|\n|t:|1781414853\n|move|p2a: Scyther|Swords Dance|p2a: Scyther\n|-boost|p2a: Scyther|atk|2\n|move|p1a: Coalossal|Stealth Rock|p2a: Scyther\n|-sidestart|p2: Ilydqnny|move: Stealth Rock\n|\n|-damage|p2a: Scyther|219/249 brn|[from] brn\n|upkeep\n|turn|8\n|inactive|Ilydqnny has 120 seconds left.\n|\n|t:|1781414861\n|move|p2a: Scyther|Swords Dance|p2a: Scyther\n|-boost|p2a: Scyther|atk|2\n|move|p1a: Coalossal|Rapid Spin|p2a: Scyther\n|-damage|p2a: Scyther|164/249 brn\n|-boost|p1a: Coalossal|spe|1\n|-sideend|p1: Trac!3.Mart3l|Stealth Rock|[from] move: Rapid Spin|[of] p1a: Coalossal\n|\n|-damage|p2a: Scyther|149/249 brn|[from] brn\n|upkeep\n|turn|9\n|inactive|Ilydqnny has 120 seconds left.\n|\n|t:|1781414874\n|move|p2a: Scyther|Close Combat|p1a: Coalossal\n|-supereffective|p1a: Coalossal\n|-damage|p1a: Coalossal|98/341\n|-unboost|p2a: Scyther|def|1\n|-unboost|p2a: Scyther|spd|1\n|move|p1a: Coalossal|Stone Edge|p2a: Scyther\n|-supereffective|p2a: Scyther\n|-damage|p2a: Scyther|0 fnt\n|faint|p2a: Scyther\n|\n|upkeep\n|inactive|Ilydqnny has 120 seconds left.\n|\n|t:|1781414906\n|switch|p2a: Froslass|Froslass, L87, F|263/263\n|-damage|p2a: Froslass|198/263|[from] Stealth Rock\n|turn|10\n|\n|t:|1781414915\n|move|p2a: Froslass|Poltergeist|p1a: Coalossal\n|-activate|p1a: Coalossal|move: Poltergeist|Heavy-Duty Boots\n|-damage|p1a: Coalossal|16/341\n|move|p1a: Coalossal|Overheat|p2a: Froslass\n|-supereffective|p2a: Froslass\n|-damage|p2a: Froslass|0 fnt\n|-unboost|p1a: Coalossal|spa|2\n|faint|p2a: Froslass\n|\n|upkeep\n|inactive|Ilydqnny has 90 seconds left.\n|\n|t:|1781414931\n|switch|p2a: Armarouge|Armarouge, L80, M|267/267\n|-damage|p2a: Armarouge|201/267|[from] Stealth Rock\n|turn|11\n|\n|t:|1781414940\n|move|p2a: Armarouge|Energy Ball|p1a: Coalossal\n|-damage|p1a: Coalossal|0 fnt\n|faint|p1a: Coalossal\n|\n|upkeep\n|\n|t:|1781414966\n|switch|p1a: Persian|Persian-Alola, L86, F|75/252\n|turn|12\n|\n|t:|1781414975\n|move|p1a: Persian|Knock Off|p2a: Armarouge\n|-supereffective|p2a: Armarouge\n|-damage|p2a: Armarouge|51/267\n|-ability|p2a: Armarouge|Weak Armor|boost\n|-unboost|p2a: Armarouge|def|1\n|-boost|p2a: Armarouge|spe|2\n|-enditem|p2a: Armarouge|Power Herb|[from] move: Knock Off|[of] p1a: Persian\n|move|p2a: Armarouge|Armor Cannon|p1a: Persian\n|-damage|p1a: Persian|0 fnt\n|-unboost|p2a: Armarouge|def|1\n|-unboost|p2a: Armarouge|spd|1\n|faint|p1a: Persian\n|\n|upkeep\n|inactive|Trac!3.Mart3l has 120 seconds left.\n|\n|t:|1781415007\n|switch|p1a: Meloetta|Meloetta, L82|298/298\n|turn|13\n|\n|t:|1781415032\n|move|p2a: Armarouge|Armor Cannon|p1a: Meloetta\n|-damage|p1a: Meloetta|196/298\n|-unboost|p2a: Armarouge|def|1\n|-unboost|p2a: Armarouge|spd|1\n|move|p1a: Meloetta|Knock Off|p2a: Armarouge\n|-supereffective|p2a: Armarouge\n|-damage|p2a: Armarouge|0 fnt\n|faint|p2a: Armarouge\n|-damage|p1a: Meloetta|167/298|[from] item: Life Orb\n|\n|upkeep\n|\n|t:|1781415048\n|switch|p2a: Ursaluna|Ursaluna, L79, M|335/335\n|-damage|p2a: Ursaluna|315/335|[from] Stealth Rock\n|turn|14\n|\n|t:|1781415064\n|move|p1a: Meloetta|Knock Off|p2a: Ursaluna\n|-damage|p2a: Ursaluna|244/335\n|-enditem|p2a: Ursaluna|Flame Orb|[from] move: Knock Off|[of] p1a: Meloetta\n|-damage|p1a: Meloetta|138/298|[from] item: Life Orb\n|move|p2a: Ursaluna|Crunch|p1a: Meloetta\n|-supereffective|p1a: Meloetta\n|-damage|p1a: Meloetta|0 fnt\n|faint|p1a: Meloetta\n|\n|upkeep\n|inactive|Trac!3.Mart3l has 90 seconds left.\n|\n|t:|1781415075\n|switch|p1a: Sandy Shocks|Sandy Shocks, L80|267/267\n|turn|15\n|\n|t:|1781415083\n|move|p1a: Sandy Shocks|Earth Power|p2a: Ursaluna\n|-damage|p2a: Ursaluna|126/335\n|move|p2a: Ursaluna|Trailblaze|p1a: Sandy Shocks\n|-supereffective|p1a: Sandy Shocks\n|-damage|p1a: Sandy Shocks|181/267\n|-boost|p2a: Ursaluna|spe|1\n|\n|upkeep\n|turn|16\n|inactive|Ilydqnny has 120 seconds left.\n|\n|t:|1781415098\n|move|p1a: Sandy Shocks|Earth Power|p2a: Ursaluna\n|-damage|p2a: Ursaluna|14/335\n|move|p2a: Ursaluna|Trailblaze|p1a: Sandy Shocks\n|-supereffective|p1a: Sandy Shocks\n|-damage|p1a: Sandy Shocks|97/267\n|-boost|p2a: Ursaluna|spe|1\n|\n|upkeep\n|turn|17\n|inactive|Ilydqnny has 120 seconds left.\n|\n|t:|1781415117\n|move|p2a: Ursaluna|Headlong Rush|p1a: Sandy Shocks\n|-supereffective|p1a: Sandy Shocks\n|-damage|p1a: Sandy Shocks|0 fnt\n|-unboost|p2a: Ursaluna|def|1\n|-unboost|p2a: Ursaluna|spd|1\n|faint|p1a: Sandy Shocks\n|-end|p1a: Sandy Shocks|Protosynthesis|[silent]\n|\n|upkeep\n|\n|t:|1781415124\n|switch|p1a: Reshiram|Reshiram, L76|277/277\n|-ability|p1a: Reshiram|Turboblaze\n|turn|18\n|\n|t:|1781415134\n|move|p2a: Ursaluna|Headlong Rush|p1a: Reshiram\n|-supereffective|p1a: Reshiram\n|-damage|p1a: Reshiram|0 fnt\n|-unboost|p2a: Ursaluna|def|1\n|-unboost|p2a: Ursaluna|spd|1\n|faint|p1a: Reshiram\n|\n|win|Ilydqnny\n|raw|Trac!3.Mart3l's rating: 1106 &rarr; <strong>1081</strong><br />(-25 for losing)\n|raw|Ilydqnny's rating: 1110 &rarr; <strong>1135</strong><br />(+25 for winning)\n|c|\u2606Trac!3.Mart3l|gg\n", "inputlog": ">version a8376a258c1d4662feba110a92103f3664a72141\n>start {\"formatid\":\"gen9randombattle\",\"seed\":\"sodium,c5645ed9548be67996575b7ca84448cf\",\"rated\":\"Rated battle\"}\n>player p1 {\"name\":\"Trac!3.Mart3l\",\"avatar\":\"lusamine-masters\",\"rating\":1106,\"seed\":\"sodium,e7a0d03fff7180070fa69aa9fe20fff1\"}\n>player p2 {\"name\":\"Ilydqnny\",\"avatar\":\"lucas-gen4pt\",\"rating\":1110,\"seed\":\"sodium,aec43ab864007236502159224e679e6d\"}\n>p1 move swordsdance\n>p2 move stealthrock\n>p1 move closecombat\n>p2 move ironhead\n>p2 switch 6\n>p1 move knockoff\n>p2 move knockoff terastallize\n>p1 switch 2\n>p1 move thunderwave\n>p2 move superpower\n>p1 move knockoff\n>p2 move superpower\n>p2 switch 2\n>p1 move partingshot\n>p2 move closecombat\n>p1 switch 5\n>p1 move stealthrock\n>p2 move swordsdance\n>p1 move rapidspin\n>p2 move swordsdance\n>p1 move stoneedge\n>p2 move closecombat\n>p2 switch 5\n>p1 move overheat\n>p2 move poltergeist\n>p2 switch 4\n>p1 move stoneedge\n>p2 move energyball\n>p1 switch 5\n>p1 move knockoff\n>p2 move armorcannon\n>p1 switch 3\n>p1 move knockoff\n>p2 move armorcannon\n>p2 switch 3\n>p1 move knockoff\n>p2 move crunch\n>p1 switch 6\n>p1 move earthpower\n>p2 move trailblaze\n>p1 move earthpower\n>p2 move trailblaze\n>p1 move earthpower\n>p2 move headlongrush\n>p1 switch 4\n>p1 move dragontail\n>p2 move headlongrush", "uploadtime": 1781415146, "views": 7, "formatid": "gen9randombattle", "rating": 1081, "private": 0, "password": null}