{"id": "gen9randombattle-2631917129", "format": "[Gen 9] Random Battle", "players": ["Padelle", "Axieax"], "log": "|j|\u2606Padelle\n|j|\u2606Axieax\n|t:|1781455389\n|gametype|singles\n|player|p1|Padelle|102|1823\n|player|p2|Axieax|170|1799\n|gen|9\n|tier|[Gen 9] Random Battle\n|rated|\n|rule|Species Clause: Limit one of each Pok\u00e9mon\n|rule|HP Percentage Mod: HP is shown in percentages\n|rule|Sleep Clause Mod: Limit one foe put to sleep\n|rule|Illusion Level Mod: Illusion disguises the Pok\u00e9mon's true level\n|\n|t:|1781455389\n|teamsize|p1|6\n|teamsize|p2|6\n|start\n|switch|p1a: Oricorio|Oricorio, L84, F|263/263\n|switch|p2a: Duraludon|Duraludon, L82, F|249/249\n|turn|1\n|inactive|Battle timer is ON: inactive players will automatically lose when time's up. (requested by Padelle)\n|\n|t:|1781455403\n|switch|p1a: Swampert|Swampert, L83, M|302/302\n|move|p2a: Duraludon|Dragon Tail|p1a: Swampert\n|-damage|p1a: Swampert|238/302\n|drag|p1a: Dialga|Dialga, L73|266/266\n|-ability|p1a: Dialga|Pressure\n|\n|upkeep\n|turn|2\n|\n|t:|1781455414\n|move|p2a: Duraludon|Body Press|p1a: Dialga\n|-supereffective|p1a: Dialga\n|-damage|p1a: Dialga|164/266\n|move|p1a: Dialga|Draco Meteor|p2a: Duraludon\n|-damage|p2a: Duraludon|92/249\n|-unboost|p1a: Dialga|spa|2\n|\n|upkeep\n|turn|3\n|\n|t:|1781455431\n|move|p2a: Duraludon|Draco Meteor|p1a: Dialga\n|-damage|p1a: Dialga|55/266\n|-unboost|p2a: Duraludon|spa|2\n|move|p1a: Dialga|Draco Meteor|p2a: Duraludon\n|-damage|p2a: Duraludon|14/249\n|-unboost|p1a: Dialga|spa|2\n|\n|upkeep\n|turn|4\n|\n|t:|1781455447\n|move|p2a: Duraludon|Body Press|p1a: Dialga\n|-supereffective|p1a: Dialga\n|-damage|p1a: Dialga|0 fnt\n|faint|p1a: Dialga\n|\n|upkeep\n|\n|t:|1781455456\n|switch|p1a: Oricorio|Oricorio, L84, F|263/263\n|turn|5\n|\n|t:|1781455464\n|switch|p2a: Raging Bolt|Raging Bolt, L78|323/323\n|-enditem|p2a: Raging Bolt|Booster Energy\n|-activate|p2a: Raging Bolt|ability: Protosynthesis|[fromitem]\n|-start|p2a: Raging Bolt|protosynthesisspa\n|move|p1a: Oricorio|Revelation Dance|p2a: Raging Bolt\n|-resisted|p2a: Raging Bolt\n|-damage|p2a: Raging Bolt|270/323\n|\n|upkeep\n|turn|6\n|\n|t:|1781455481\n|-terastallize|p1a: Oricorio|Ground\n|move|p1a: Oricorio|Quiver Dance|p1a: Oricorio\n|-boost|p1a: Oricorio|spa|1\n|-boost|p1a: Oricorio|spd|1\n|-boost|p1a: Oricorio|spe|1\n|move|p2a: Raging Bolt|Calm Mind|p2a: Raging Bolt\n|-boost|p2a: Raging Bolt|spa|1\n|-boost|p2a: Raging Bolt|spd|1\n|\n|upkeep\n|turn|7\n|\n|t:|1781455486\n|move|p1a: Oricorio|Quiver Dance|p1a: Oricorio\n|-boost|p1a: Oricorio|spa|1\n|-boost|p1a: Oricorio|spd|1\n|-boost|p1a: Oricorio|spe|1\n|move|p2a: Raging Bolt|Calm Mind|p2a: Raging Bolt\n|-boost|p2a: Raging Bolt|spa|1\n|-boost|p2a: Raging Bolt|spd|1\n|\n|upkeep\n|turn|8\n|\n|t:|1781455492\n|move|p1a: Oricorio|Quiver Dance|p1a: Oricorio\n|-boost|p1a: Oricorio|spa|1\n|-boost|p1a: Oricorio|spd|1\n|-boost|p1a: Oricorio|spe|1\n|move|p2a: Raging Bolt|Calm Mind|p2a: Raging Bolt\n|-boost|p2a: Raging Bolt|spa|1\n|-boost|p2a: Raging Bolt|spd|1\n|\n|upkeep\n|turn|9\n|\n|t:|1781455494\n|move|p1a: Oricorio|Quiver Dance|p1a: Oricorio\n|-boost|p1a: Oricorio|spa|1\n|-boost|p1a: Oricorio|spd|1\n|-boost|p1a: Oricorio|spe|1\n|move|p2a: Raging Bolt|Calm Mind|p2a: Raging Bolt\n|-boost|p2a: Raging Bolt|spa|1\n|-boost|p2a: Raging Bolt|spd|1\n|\n|upkeep\n|turn|10\n|\n|t:|1781455497\n|move|p1a: Oricorio|Revelation Dance|p2a: Raging Bolt\n|-supereffective|p2a: Raging Bolt\n|-damage|p2a: Raging Bolt|64/323\n|move|p2a: Raging Bolt|Calm Mind|p2a: Raging Bolt\n|-boost|p2a: Raging Bolt|spa|1\n|-boost|p2a: Raging Bolt|spd|1\n|\n|upkeep\n|turn|11\n|\n|t:|1781455502\n|-end|p2a: Raging Bolt|Protosynthesis|[silent]\n|switch|p2a: Iron Jugulis|Iron Jugulis, L77|271/271\n|move|p1a: Oricorio|Revelation Dance|p2a: Iron Jugulis\n|-immune|p2a: Iron Jugulis\n|\n|upkeep\n|turn|12\n|\n|t:|1781455506\n|move|p1a: Oricorio|Hurricane|p2a: Iron Jugulis\n|-damage|p2a: Iron Jugulis|0 fnt\n|faint|p2a: Iron Jugulis\n|-end|p2a: Iron Jugulis|Quark Drive|[silent]\n|\n|upkeep\n|-message|Axieax forfeited.\n|\n|win|Padelle\n|raw|Padelle's rating: 1823 &rarr; <strong>1842</strong><br />(+19 for winning)\n|raw|Axieax's rating: 1799 &rarr; <strong>1780</strong><br />(-19 for losing)\n|l|\u2606Axieax\n|player|p2|\n", "inputlog": ">version a8376a258c1d4662feba110a92103f3664a72141\n>start {\"formatid\":\"gen9randombattle\",\"seed\":\"sodium,6b344527abebebb0ac4303e9070f4fae\",\"rated\":\"Rated battle\"}\n>player p1 {\"name\":\"Padelle\",\"avatar\":\"102\",\"rating\":1823,\"seed\":\"sodium,0e02a7dfc25f36cd9a12355223eb6395\"}\n>player p2 {\"name\":\"Axieax\",\"avatar\":\"170\",\"rating\":1799,\"seed\":\"sodium,8a13cd07daeed7c5eb62806373253240\"}\n>p1 switch 3\n>p2 move dragontail\n>p1 move dracometeor\n>p2 move bodypress\n>p1 move dracometeor\n>p2 move dracometeor\n>p1 move dracometeor\n>p2 move bodypress\n>p1 switch 3\n>p1 move revelationdance\n>p2 switch 4\n>p1 move quiverdance terastallize\n>p2 move calmmind\n>p1 move quiverdance\n>p2 move calmmind\n>p1 move quiverdance\n>p2 move calmmind\n>p1 move quiverdance\n>p2 move calmmind\n>p1 move revelationdance\n>p2 move calmmind\n>p1 move revelationdance\n>p2 switch 5\n>p1 move hurricane\n>p2 move hurricane\n>forcelose p2", "uploadtime": 1781455514, "views": 4, "formatid": "gen9randombattle", "rating": 1780, "private": 0, "password": null}