{"id": "gen9randombattle-2631917062", "format": "[Gen 9] Random Battle", "players": ["Daruma", "trevorstmcgoodbody"], "log": "|j|\u2606Daruma\n|j|\u2606trevorstmcgoodbody\n|t:|1781455381\n|gametype|singles\n|player|p1|Daruma|#ruplixsleekslushrushers|2108\n|player|p2|trevorstmcgoodbody|265|2043\n|gen|9\n|tier|[Gen 9] Random Battle\n|rated|\n|rule|Species Clause: Limit one of each Pok\u00e9mon\n|rule|HP Percentage Mod: HP is shown in percentages\n|rule|Sleep Clause Mod: Limit one foe put to sleep\n|rule|Illusion Level Mod: Illusion disguises the Pok\u00e9mon's true level\n|\n|t:|1781455382\n|teamsize|p1|6\n|teamsize|p2|6\n|start\n|switch|p1a: Rhyperior|Rhyperior, L82, F|323/323\n|switch|p2a: Thundurus|Thundurus, L80, M|258/258\n|turn|1\n|inactive|Battle timer is ON: inactive players will automatically lose when time's up. (requested by trevorstmcgoodbody)\n|\n|t:|1781455392\n|move|p2a: Thundurus|Grass Knot|p1a: Rhyperior\n|-supereffective|p1a: Rhyperior\n|-damage|p1a: Rhyperior|0 fnt\n|faint|p1a: Rhyperior\n|\n|upkeep\n|\n|t:|1781455398\n|switch|p1a: Reshiram|Reshiram, L76|277/277\n|-ability|p1a: Reshiram|Turboblaze\n|turn|2\n|\n|t:|1781455413\n|switch|p2a: Azumarill|Azumarill, L82, M|298/298\n|move|p1a: Reshiram|Dragon Dance|p1a: Reshiram\n|-boost|p1a: Reshiram|atk|1\n|-boost|p1a: Reshiram|spe|1\n|\n|upkeep\n|turn|3\n|\n|t:|1781455423\n|move|p1a: Reshiram|Stone Edge|p2a: Azumarill\n|-damage|p2a: Azumarill|190/298\n|move|p2a: Azumarill|Belly Drum|p2a: Azumarill\n|-damage|p2a: Azumarill|41/298\n|-setboost|p2a: Azumarill|atk|6|[from] move: Belly Drum\n|-enditem|p2a: Azumarill|Sitrus Berry|[eat]\n|-heal|p2a: Azumarill|115/298|[from] item: Sitrus Berry\n|\n|upkeep\n|turn|4\n|\n|t:|1781455429\n|move|p2a: Azumarill|Aqua Jet|p1a: Reshiram\n|-damage|p1a: Reshiram|78/277\n|move|p1a: Reshiram|Stone Edge|p2a: Azumarill\n|-damage|p2a: Azumarill|1/298\n|\n|upkeep\n|turn|5\n|\n|t:|1781455440\n|move|p2a: Azumarill|Aqua Jet|p1a: Reshiram\n|-damage|p1a: Reshiram|0 fnt\n|faint|p1a: Reshiram\n|\n|upkeep\n|\n|t:|1781455441\n|switch|p1a: Haxorus|Haxorus, L77, F|244/244\n|-ability|p1a: Haxorus|Mold Breaker\n|turn|6\n|\n|t:|1781455445\n|move|p2a: Azumarill|Aqua Jet|p1a: Haxorus\n|-resisted|p1a: Haxorus\n|-damage|p1a: Haxorus|130/244\n|move|p1a: Haxorus|Iron Head|p2a: Azumarill\n|-damage|p2a: Azumarill|0 fnt\n|faint|p2a: Azumarill\n|\n|upkeep\n|\n|t:|1781455460\n|switch|p2a: Charizard|Charizard, L85, M|271/271\n|turn|7\n|\n|t:|1781455471\n|move|p2a: Charizard|Dragon Dance|p2a: Charizard\n|-boost|p2a: Charizard|atk|1\n|-boost|p2a: Charizard|spe|1\n|move|p1a: Haxorus|Dragon Dance|p1a: Haxorus\n|-boost|p1a: Haxorus|atk|1\n|-boost|p1a: Haxorus|spe|1\n|\n|upkeep\n|turn|8\n|\n|t:|1781455474\n|switch|p1a: Granbull|Granbull, L88, M|302/302\n|-ability|p1a: Granbull|Intimidate|boost\n|-unboost|p2a: Charizard|atk|1\n|move|p2a: Charizard|Earthquake|p1a: Granbull\n|-damage|p1a: Granbull|228/302\n|\n|-heal|p1a: Granbull|246/302|[from] item: Leftovers\n|upkeep\n|turn|9\n|\n|t:|1781455482\n|switch|p2a: Thundurus|Thundurus, L80, M|258/258\n|move|p1a: Granbull|Encore||[still]\n|-fail|p1a: Granbull\n|\n|-heal|p1a: Granbull|264/302|[from] item: Leftovers\n|upkeep\n|turn|10\n|\n|t:|1781455488\n|switch|p1a: Galvantula|Galvantula, L82, F|249/249\n|move|p2a: Thundurus|Thunderbolt|p1a: Galvantula\n|-resisted|p1a: Galvantula\n|-damage|p1a: Galvantula|180/249\n|\n|upkeep\n|turn|11\n|\n|t:|1781455497\n|switch|p2a: Zangoose|Zangoose, L85, F|263/263\n|move|p1a: Galvantula|Thunder|p2a: Zangoose\n|-damage|p2a: Zangoose|107/263\n|\n|-status|p2a: Zangoose|tox|[from] item: Toxic Orb\n|upkeep\n|turn|12\n|\n|t:|1781455502\n|move|p2a: Zangoose|Quick Attack|p1a: Galvantula\n|-damage|p1a: Galvantula|78/249\n|move|p1a: Galvantula|Bug Buzz|p2a: Zangoose\n|-damage|p2a: Zangoose|0 fnt\n|faint|p2a: Zangoose\n|\n|upkeep\n|\n|t:|1781455518\n|switch|p2a: Sylveon|Sylveon, L85, F|300/300\n|turn|13\n|\n|t:|1781455525\n|switch|p1a: Typhlosion|Typhlosion-Hisui, L83, F|257/257\n|move|p2a: Sylveon|Calm Mind|p2a: Sylveon\n|-boost|p2a: Sylveon|spa|1\n|-boost|p2a: Sylveon|spd|1\n|\n|upkeep\n|turn|14\n|\n|t:|1781455529\n|move|p1a: Typhlosion|Calm Mind|p1a: Typhlosion\n|-boost|p1a: Typhlosion|spa|1\n|-boost|p1a: Typhlosion|spd|1\n|move|p2a: Sylveon|Hyper Voice|p1a: Typhlosion\n|-resisted|p1a: Typhlosion\n|-damage|p1a: Typhlosion|194/257\n|\n|-heal|p1a: Typhlosion|210/257|[from] item: Leftovers\n|upkeep\n|turn|15\n|\n|t:|1781455535\n|move|p1a: Typhlosion|Calm Mind|p1a: Typhlosion\n|-boost|p1a: Typhlosion|spa|1\n|-boost|p1a: Typhlosion|spd|1\n|move|p2a: Sylveon|Calm Mind|p2a: Sylveon\n|-boost|p2a: Sylveon|spa|1\n|-boost|p2a: Sylveon|spd|1\n|\n|-heal|p1a: Typhlosion|226/257|[from] item: Leftovers\n|upkeep\n|turn|16\n|\n|t:|1781455538\n|move|p1a: Typhlosion|Calm Mind|p1a: Typhlosion\n|-boost|p1a: Typhlosion|spa|1\n|-boost|p1a: Typhlosion|spd|1\n|move|p2a: Sylveon|Calm Mind|p2a: Sylveon\n|-boost|p2a: Sylveon|spa|1\n|-boost|p2a: Sylveon|spd|1\n|\n|-heal|p1a: Typhlosion|242/257|[from] item: Leftovers\n|upkeep\n|turn|17\n|\n|t:|1781455541\n|move|p1a: Typhlosion|Calm Mind|p1a: Typhlosion\n|-boost|p1a: Typhlosion|spa|1\n|-boost|p1a: Typhlosion|spd|1\n|move|p2a: Sylveon|Calm Mind|p2a: Sylveon\n|-boost|p2a: Sylveon|spa|1\n|-boost|p2a: Sylveon|spd|1\n|\n|-heal|p1a: Typhlosion|257/257|[from] item: Leftovers\n|upkeep\n|turn|18\n|\n|t:|1781455548\n|move|p1a: Typhlosion|Calm Mind|p1a: Typhlosion\n|-boost|p1a: Typhlosion|spa|1\n|-boost|p1a: Typhlosion|spd|1\n|move|p2a: Sylveon|Calm Mind|p2a: Sylveon\n|-boost|p2a: Sylveon|spa|1\n|-boost|p2a: Sylveon|spd|1\n|\n|upkeep\n|turn|19\n|\n|t:|1781455550\n|move|p1a: Typhlosion|Calm Mind|p1a: Typhlosion\n|-boost|p1a: Typhlosion|spa|1\n|-boost|p1a: Typhlosion|spd|1\n|move|p2a: Sylveon|Calm Mind|p2a: Sylveon\n|-boost|p2a: Sylveon|spa|1\n|-boost|p2a: Sylveon|spd|1\n|\n|upkeep\n|turn|20\n|\n|t:|1781455555\n|move|p1a: Typhlosion|Shadow Ball|p2a: Sylveon\n|-damage|p2a: Sylveon|228/300\n|-unboost|p2a: Sylveon|spd|1\n|move|p2a: Sylveon|Hyper Voice|p1a: Typhlosion\n|-resisted|p1a: Typhlosion\n|-damage|p1a: Typhlosion|189/257\n|\n|-heal|p1a: Typhlosion|205/257|[from] item: Leftovers\n|-heal|p2a: Sylveon|246/300|[from] item: Leftovers\n|upkeep\n|turn|21\n|\n|t:|1781455560\n|move|p1a: Typhlosion|Shadow Ball|p2a: Sylveon\n|-damage|p2a: Sylveon|162/300\n|move|p2a: Sylveon|Wish|p2a: Sylveon\n|\n|-heal|p1a: Typhlosion|221/257|[from] item: Leftovers\n|-heal|p2a: Sylveon|180/300|[from] item: Leftovers\n|upkeep\n|turn|22\n|\n|t:|1781455564\n|move|p1a: Typhlosion|Shadow Ball|p2a: Sylveon\n|-damage|p2a: Sylveon|99/300\n|-unboost|p2a: Sylveon|spd|1\n|move|p2a: Sylveon|Hyper Voice|p1a: Typhlosion\n|-resisted|p1a: Typhlosion\n|-damage|p1a: Typhlosion|150/257\n|\n|-heal|p2a: Sylveon|249/300|[from] move: Wish|[wisher] Sylveon\n|-heal|p1a: Typhlosion|166/257|[from] item: Leftovers\n|-heal|p2a: Sylveon|267/300|[from] item: Leftovers\n|upkeep\n|turn|23\n|\n|t:|1781455576\n|move|p2a: Sylveon|Protect|p2a: Sylveon\n|-singleturn|p2a: Sylveon|Protect\n|move|p1a: Typhlosion|Fire Blast|p2a: Sylveon\n|-activate|p2a: Sylveon|move: Protect\n|\n|-heal|p1a: Typhlosion|182/257|[from] item: Leftovers\n|-heal|p2a: Sylveon|285/300|[from] item: Leftovers\n|upkeep\n|turn|24\n|\n|t:|1781455578\n|move|p1a: Typhlosion|Shadow Ball|p2a: Sylveon\n|-damage|p2a: Sylveon|198/300\n|move|p2a: Sylveon|Hyper Voice|p1a: Typhlosion\n|-resisted|p1a: Typhlosion\n|-damage|p1a: Typhlosion|118/257\n|\n|-heal|p1a: Typhlosion|134/257|[from] item: Leftovers\n|-heal|p2a: Sylveon|216/300|[from] item: Leftovers\n|upkeep\n|turn|25\n|\n|t:|1781455583\n|move|p1a: Typhlosion|Fire Blast|p2a: Sylveon\n|-damage|p2a: Sylveon|75/300\n|move|p2a: Sylveon|Wish|p2a: Sylveon\n|\n|-heal|p1a: Typhlosion|150/257|[from] item: Leftovers\n|-heal|p2a: Sylveon|93/300|[from] item: Leftovers\n|upkeep\n|turn|26\n|\n|t:|1781455587\n|move|p2a: Sylveon|Protect|p2a: Sylveon\n|-singleturn|p2a: Sylveon|Protect\n|move|p1a: Typhlosion|Shadow Ball|p2a: Sylveon\n|-activate|p2a: Sylveon|move: Protect\n|\n|-heal|p2a: Sylveon|243/300|[from] move: Wish|[wisher] Sylveon\n|-heal|p1a: Typhlosion|166/257|[from] item: Leftovers\n|-heal|p2a: Sylveon|261/300|[from] item: Leftovers\n|upkeep\n|turn|27\n|\n|t:|1781455589\n|move|p1a: Typhlosion|Fire Blast|p2a: Sylveon\n|-damage|p2a: Sylveon|126/300\n|move|p2a: Sylveon|Calm Mind|p2a: Sylveon\n|-boost|p2a: Sylveon|spa|0\n|-boost|p2a: Sylveon|spd|1\n|\n|-heal|p1a: Typhlosion|182/257|[from] item: Leftovers\n|-heal|p2a: Sylveon|144/300|[from] item: Leftovers\n|upkeep\n|turn|28\n|\n|t:|1781455594\n|move|p1a: Typhlosion|Shadow Ball|p2a: Sylveon\n|-damage|p2a: Sylveon|60/300\n|move|p2a: Sylveon|Wish|p2a: Sylveon\n|\n|-heal|p1a: Typhlosion|198/257|[from] item: Leftovers\n|-heal|p2a: Sylveon|78/300|[from] item: Leftovers\n|upkeep\n|turn|29\n|\n|t:|1781455597\n|move|p2a: Sylveon|Protect|p2a: Sylveon\n|-singleturn|p2a: Sylveon|Protect\n|move|p1a: Typhlosion|Shadow Ball|p2a: Sylveon\n|-activate|p2a: Sylveon|move: Protect\n|\n|-heal|p2a: Sylveon|228/300|[from] move: Wish|[wisher] Sylveon\n|-heal|p1a: Typhlosion|214/257|[from] item: Leftovers\n|-heal|p2a: Sylveon|246/300|[from] item: Leftovers\n|upkeep\n|turn|30\n|\n|t:|1781455601\n|move|p1a: Typhlosion|Shadow Ball|p2a: Sylveon\n|-damage|p2a: Sylveon|165/300\n|-unboost|p2a: Sylveon|spd|1\n|move|p2a: Sylveon|Hyper Voice|p1a: Typhlosion\n|-resisted|p1a: Typhlosion\n|-damage|p1a: Typhlosion|145/257\n|\n|-heal|p1a: Typhlosion|161/257|[from] item: Leftovers\n|-heal|p2a: Sylveon|183/300|[from] item: Leftovers\n|upkeep\n|turn|31\n|\n|t:|1781455607\n|move|p2a: Sylveon|Protect|p2a: Sylveon\n|-singleturn|p2a: Sylveon|Protect\n|move|p1a: Typhlosion|Fire Blast|p2a: Sylveon\n|-activate|p2a: Sylveon|move: Protect\n|\n|-heal|p1a: Typhlosion|177/257|[from] item: Leftovers\n|-heal|p2a: Sylveon|201/300|[from] item: Leftovers\n|upkeep\n|turn|32\n|\n|t:|1781455609\n|move|p1a: Typhlosion|Fire Blast|p2a: Sylveon\n|-damage|p2a: Sylveon|60/300\n|move|p2a: Sylveon|Wish|p2a: Sylveon\n|\n|-heal|p1a: Typhlosion|193/257|[from] item: Leftovers\n|-heal|p2a: Sylveon|78/300|[from] item: Leftovers\n|upkeep\n|turn|33\n|\n|t:|1781455612\n|move|p2a: Sylveon|Protect|p2a: Sylveon\n|-singleturn|p2a: Sylveon|Protect\n|move|p1a: Typhlosion|Shadow Ball|p2a: Sylveon\n|-activate|p2a: Sylveon|move: Protect\n|\n|-heal|p2a: Sylveon|228/300|[from] move: Wish|[wisher] Sylveon\n|-heal|p1a: Typhlosion|209/257|[from] item: Leftovers\n|-heal|p2a: Sylveon|246/300|[from] item: Leftovers\n|upkeep\n|turn|34\n|\n|t:|1781455618\n|move|p1a: Typhlosion|Shadow Ball|p2a: Sylveon\n|-damage|p2a: Sylveon|150/300\n|move|p2a: Sylveon|Calm Mind|p2a: Sylveon\n|-boost|p2a: Sylveon|spa|0\n|-boost|p2a: Sylveon|spd|1\n|\n|-heal|p1a: Typhlosion|225/257|[from] item: Leftovers\n|-heal|p2a: Sylveon|168/300|[from] item: Leftovers\n|upkeep\n|turn|35\n|\n|t:|1781455623\n|move|p2a: Sylveon|Protect|p2a: Sylveon\n|-singleturn|p2a: Sylveon|Protect\n|move|p1a: Typhlosion|Shadow Ball|p2a: Sylveon\n|-activate|p2a: Sylveon|move: Protect\n|\n|-heal|p1a: Typhlosion|241/257|[from] item: Leftovers\n|-heal|p2a: Sylveon|186/300|[from] item: Leftovers\n|upkeep\n|turn|36\n|\n|t:|1781455624\n|move|p1a: Typhlosion|Shadow Ball|p2a: Sylveon\n|-damage|p2a: Sylveon|105/300\n|move|p2a: Sylveon|Wish|p2a: Sylveon\n|\n|-heal|p1a: Typhlosion|257/257|[from] item: Leftovers\n|-heal|p2a: Sylveon|123/300|[from] item: Leftovers\n|upkeep\n|turn|37\n|\n|t:|1781455632\n|move|p2a: Sylveon|Protect|p2a: Sylveon\n|-singleturn|p2a: Sylveon|Protect\n|move|p1a: Typhlosion|Shadow Ball|p2a: Sylveon\n|-activate|p2a: Sylveon|move: Protect\n|\n|-heal|p2a: Sylveon|273/300|[from] move: Wish|[wisher] Sylveon\n|-heal|p2a: Sylveon|291/300|[from] item: Leftovers\n|upkeep\n|turn|38\n|\n|t:|1781455638\n|move|p1a: Typhlosion|Shadow Ball|p2a: Sylveon\n|-damage|p2a: Sylveon|203/300\n|move|p2a: Sylveon|Calm Mind|p2a: Sylveon\n|-boost|p2a: Sylveon|spa|0\n|-boost|p2a: Sylveon|spd|1\n|\n|-heal|p2a: Sylveon|221/300|[from] item: Leftovers\n|upkeep\n|turn|39\n|\n|t:|1781455643\n|move|p1a: Typhlosion|Shadow Ball|p2a: Sylveon\n|-damage|p2a: Sylveon|151/300\n|move|p2a: Sylveon|Hyper Voice|p1a: Typhlosion\n|-resisted|p1a: Typhlosion\n|-damage|p1a: Typhlosion|185/257\n|\n|-heal|p1a: Typhlosion|201/257|[from] item: Leftovers\n|-heal|p2a: Sylveon|169/300|[from] item: Leftovers\n|upkeep\n|turn|40\n|\n|t:|1781455647\n|move|p1a: Typhlosion|Shadow Ball|p2a: Sylveon\n|-damage|p2a: Sylveon|100/300\n|move|p2a: Sylveon|Wish|p2a: Sylveon\n|\n|-heal|p1a: Typhlosion|217/257|[from] item: Leftovers\n|-heal|p2a: Sylveon|118/300|[from] item: Leftovers\n|upkeep\n|turn|41\n|\n|t:|1781455651\n|move|p1a: Typhlosion|Shadow Ball|p2a: Sylveon\n|-damage|p2a: Sylveon|43/300\n|move|p2a: Sylveon|Hyper Voice|p1a: Typhlosion\n|-resisted|p1a: Typhlosion\n|-damage|p1a: Typhlosion|154/257\n|\n|-heal|p2a: Sylveon|193/300|[from] move: Wish|[wisher] Sylveon\n|-heal|p1a: Typhlosion|170/257|[from] item: Leftovers\n|-heal|p2a: Sylveon|211/300|[from] item: Leftovers\n|upkeep\n|turn|42\n|\n|t:|1781455656\n|move|p1a: Typhlosion|Shadow Ball|p2a: Sylveon\n|-damage|p2a: Sylveon|135/300\n|move|p2a: Sylveon|Hyper Voice|p1a: Typhlosion\n|-resisted|p1a: Typhlosion\n|-damage|p1a: Typhlosion|98/257\n|\n|-heal|p1a: Typhlosion|114/257|[from] item: Leftovers\n|-heal|p2a: Sylveon|153/300|[from] item: Leftovers\n|upkeep\n|turn|43\n|\n|t:|1781455660\n|move|p1a: Typhlosion|Shadow Ball|p2a: Sylveon\n|-damage|p2a: Sylveon|87/300\n|-unboost|p2a: Sylveon|spd|1\n|move|p2a: Sylveon|Wish|p2a: Sylveon\n|\n|-heal|p1a: Typhlosion|130/257|[from] item: Leftovers\n|-heal|p2a: Sylveon|105/300|[from] item: Leftovers\n|upkeep\n|turn|44\n|\n|t:|1781455664\n|move|p1a: Typhlosion|Calm Mind|p1a: Typhlosion\n|-boost|p1a: Typhlosion|spa|0\n|-boost|p1a: Typhlosion|spd|0\n|move|p2a: Sylveon|Hyper Voice|p1a: Typhlosion\n|-resisted|p1a: Typhlosion\n|-damage|p1a: Typhlosion|64/257\n|\n|-heal|p2a: Sylveon|255/300|[from] move: Wish|[wisher] Sylveon\n|-heal|p1a: Typhlosion|80/257|[from] item: Leftovers\n|-heal|p2a: Sylveon|273/300|[from] item: Leftovers\n|upkeep\n|turn|45\n|\n|t:|1781455670\n|move|p1a: Typhlosion|Fire Blast|p2a: Sylveon\n|-damage|p2a: Sylveon|104/300\n|move|p2a: Sylveon|Hyper Voice|p1a: Typhlosion\n|-resisted|p1a: Typhlosion\n|-damage|p1a: Typhlosion|6/257\n|\n|-heal|p1a: Typhlosion|22/257|[from] item: Leftovers\n|-heal|p2a: Sylveon|122/300|[from] item: Leftovers\n|upkeep\n|turn|46\n|\n|t:|1781455676\n|move|p2a: Sylveon|Protect|p2a: Sylveon\n|-singleturn|p2a: Sylveon|Protect\n|move|p1a: Typhlosion|Fire Blast|p2a: Sylveon\n|-activate|p2a: Sylveon|move: Protect\n|\n|-heal|p1a: Typhlosion|38/257|[from] item: Leftovers\n|-heal|p2a: Sylveon|140/300|[from] item: Leftovers\n|upkeep\n|turn|47\n|\n|t:|1781455685\n|move|p1a: Typhlosion|Fire Blast|p2a: Sylveon\n|-damage|p2a: Sylveon|0 fnt\n|faint|p2a: Sylveon\n|\n|-heal|p1a: Typhlosion|54/257|[from] item: Leftovers\n|upkeep\n|\n|t:|1781455691\n|switch|p2a: Charizard|Charizard, L85, M|271/271\n|turn|48\n|\n|t:|1781455694\n|switch|p1a: Granbull|Granbull, L88, M|264/302\n|-ability|p1a: Granbull|Intimidate|boost\n|-unboost|p2a: Charizard|atk|1\n|move|p2a: Charizard|Earthquake|p1a: Granbull\n|-damage|p1a: Granbull|213/302\n|\n|-heal|p1a: Granbull|231/302|[from] item: Leftovers\n|upkeep\n|turn|49\n|\n|t:|1781455698\n|switch|p2a: Thundurus|Thundurus, L80, M|258/258\n|move|p1a: Granbull|Play Rough|p2a: Thundurus\n|-damage|p2a: Thundurus|96/258\n|-unboost|p2a: Thundurus|atk|1\n|\n|-heal|p1a: Granbull|249/302|[from] item: Leftovers\n|upkeep\n|turn|50\n|\n|t:|1781455703\n|switch|p1a: Typhlosion|Typhlosion-Hisui, L83, F|54/257\n|move|p2a: Thundurus|Thunderbolt|p1a: Typhlosion\n|-damage|p1a: Typhlosion|0 fnt\n|faint|p1a: Typhlosion\n|\n|upkeep\n|\n|t:|1781455705\n|switch|p1a: Haxorus|Haxorus, L77, F|130/244\n|-ability|p1a: Haxorus|Mold Breaker\n|turn|51\n|\n|t:|1781455716\n|move|p2a: Thundurus|Acrobatics|p1a: Haxorus\n|-damage|p1a: Haxorus|40/244\n|move|p1a: Haxorus|Dragon Dance|p1a: Haxorus\n|-boost|p1a: Haxorus|atk|1\n|-boost|p1a: Haxorus|spe|1\n|\n|upkeep\n|turn|52\n|\n|t:|1781455721\n|move|p2a: Thundurus|Thunder Wave|p1a: Haxorus\n|-status|p1a: Haxorus|par\n|-enditem|p1a: Haxorus|Lum Berry|[eat]\n|-curestatus|p1a: Haxorus|par|[msg]\n|move|p1a: Haxorus|Outrage|p2a: Thundurus\n|-damage|p2a: Thundurus|0 fnt\n|faint|p2a: Thundurus\n|\n|upkeep\n|\n|t:|1781455733\n|switch|p2a: Charizard|Charizard, L85, M|271/271\n|turn|53\n|\n|t:|1781455739\n|move|p1a: Haxorus|Outrage|p2a: Charizard|[from] lockedmove\n|-damage|p2a: Charizard|19/271\n|move|p2a: Charizard|Dragon Dance|p2a: Charizard\n|-boost|p2a: Charizard|atk|1\n|-boost|p2a: Charizard|spe|1\n|\n|upkeep\n|turn|54\n|\n|t:|1781455744\n|move|p2a: Charizard|Earthquake|p1a: Haxorus\n|-damage|p1a: Haxorus|0 fnt\n|faint|p1a: Haxorus\n|\n|upkeep\n|\n|t:|1781455746\n|switch|p1a: Granbull|Granbull, L88, M|249/302\n|-ability|p1a: Granbull|Intimidate|boost\n|-unboost|p2a: Charizard|atk|1\n|turn|55\n|\n|t:|1781455752\n|switch|p1a: Galvantula|Galvantula, L82, F|78/249\n|move|p2a: Charizard|Flare Blitz|p1a: Galvantula\n|-supereffective|p1a: Galvantula\n|-damage|p1a: Galvantula|0 fnt\n|faint|p1a: Galvantula\n|-damage|p2a: Charizard|0 fnt|[from] Recoil\n|faint|p2a: Charizard\n|\n|upkeep\n|\n|t:|1781455754\n|switch|p1a: Granbull|Granbull, L88, M|249/302\n|switch|p2a: Mismagius|Mismagius, L86, M|243/243\n|-ability|p1a: Granbull|Intimidate|boost\n|-unboost|p2a: Mismagius|atk|1\n|turn|56\n|\n|t:|1781455760\n|move|p2a: Mismagius|Substitute|p2a: Mismagius\n|-start|p2a: Mismagius|Substitute\n|-damage|p2a: Mismagius|183/243\n|move|p1a: Granbull|Thunder Wave||[still]\n|-fail|p1a: Granbull\n|\n|-heal|p2a: Mismagius|198/243|[from] item: Leftovers\n|-heal|p1a: Granbull|267/302|[from] item: Leftovers\n|upkeep\n|turn|57\n|\n|t:|1781455765\n|move|p2a: Mismagius|Shadow Ball|p1a: Granbull\n|-damage|p1a: Granbull|147/302\n|move|p1a: Granbull|Encore|p2a: Mismagius\n|-start|p2a: Mismagius|Encore\n|\n|-heal|p2a: Mismagius|213/243|[from] item: Leftovers\n|-heal|p1a: Granbull|165/302|[from] item: Leftovers\n|upkeep\n|turn|58\n|-message|Daruma forfeited.\n|\n|win|trevorstmcgoodbody\n", "inputlog": ">version a8376a258c1d4662feba110a92103f3664a72141\n>start {\"formatid\":\"gen9randombattle\",\"seed\":\"sodium,f4076f8c301b46bf379d208ba1358a79\",\"rated\":\"Rated battle\"}\n>player p1 {\"name\":\"Daruma\",\"avatar\":\"#ruplixsleekslushrushers\",\"rating\":2108,\"seed\":\"sodium,2398ea35ecd47fa5eff7578dc0daebfe\"}\n>player p2 {\"name\":\"trevorstmcgoodbody\",\"avatar\":\"265\",\"rating\":2043,\"seed\":\"sodium,a329880dc0fa80f43861ff02901bcf8d\"}\n>p1 move stoneedge\n>p2 move grassknot\n>p1 switch 2\n>p1 move dragondance\n>p2 switch 4\n>p1 move stoneedge\n>p2 move bellydrum\n>p1 move stoneedge\n>p2 move aquajet\n>p1 move flareblitz\n>p2 move aquajet\n>p1 switch 4\n>p1 move ironhead\n>p2 move aquajet\n>p2 switch 3\n>p1 move dragondance\n>p2 move dragondance\n>p1 switch 3\n>p2 move earthquake\n>p1 move encore\n>p2 switch 4\n>p1 switch 6\n>p2 move thunderbolt\n>p1 move thunder\n>p2 switch 6\n>p1 move bugbuzz\n>p2 move quickattack\n>p2 switch 5\n>p1 switch 5\n>p2 move calmmind\n>p1 move calmmind\n>p2 move hypervoice\n>p1 move calmmind\n>p2 move calmmind\n>p1 move calmmind\n>p2 move calmmind\n>p1 move calmmind\n>p2 move calmmind\n>p1 move calmmind\n>p2 move calmmind\n>p1 move calmmind\n>p2 move calmmind\n>p1 move shadowball\n>p2 move hypervoice\n>p1 move shadowball\n>p2 move wish\n>p1 move shadowball\n>p2 move hypervoice\n>p1 move fireblast\n>p2 move protect\n>p1 move shadowball\n>p2 move hypervoice\n>p1 move fireblast\n>p2 move wish\n>p1 move shadowball\n>p2 move protect\n>p1 move fireblast\n>p2 move calmmind\n>p1 move shadowball\n>p2 move wish\n>p1 move shadowball\n>p2 move protect\n>p1 move shadowball\n>p2 move hypervoice\n>p1 move fireblast\n>p2 move protect\n>p1 move fireblast\n>p2 move wish\n>p1 move shadowball\n>p2 move protect\n>p1 move shadowball\n>p2 move calmmind\n>p1 move shadowball\n>p2 move protect\n>p1 move shadowball\n>p2 move wish\n>p1 move shadowball\n>p2 move protect\n>p1 move shadowball\n>p2 move calmmind\n>p1 move shadowball\n>p2 move hypervoice\n>p1 move shadowball\n>p2 move wish\n>p1 move shadowball\n>p2 move hypervoice\n>p1 move shadowball\n>p2 move hypervoice\n>p1 move shadowball\n>p2 move wish\n>p1 move calmmind\n>p2 move hypervoice\n>p1 move fireblast\n>p2 move hypervoice\n>p1 move fireblast\n>p2 move protect\n>p1 move fireblast\n>p2 move wish\n>p2 switch 4\n>p1 switch 6\n>p2 move earthquake\n>p1 move playrough\n>p2 switch 6\n>p1 switch 6\n>p2 move thunderbolt\n>p1 switch 3\n>p1 move dragondance\n>p2 move acrobatics\n>p1 move outrage\n>p2 move thunderwave\n>p2 switch 6\n>p1 move outrage\n>p2 move dragondance\n>p1 move outrage\n>p2 move earthquake\n>p1 switch 6\n>p1 switch 5\n>p2 move flareblitz\n>p1 switch 5\n>p2 switch 2\n>p1 move thunderwave\n>p2 move substitute\n>p1 move encore\n>p2 move shadowball\n>forcelose p1", "uploadtime": 1781455383, "views": 4, "formatid": "gen9randombattle", "rating": null, "private": 0, "password": null, "player_dets": [{"name": "Daruma", "avatar": "#ruplixsleekslushrushers", "rating": 2108, "seed": "sodium,2398ea35ecd47fa5eff7578dc0daebfe"}, {"name": "trevorstmcgoodbody", "avatar": "265", "rating": 2043, "seed": "sodium,a329880dc0fa80f43861ff02901bcf8d"}], "teams_full": [{"Rhyperior": {"name": "Rhyperior", "species": "Rhyperior", "speciesId": "rhyperior", "gender": "F", "shiny": false, "level": 82, "moves": ["earthquake", "icepunch", "megahorn", "stoneedge"], "ability": "Solid Rock", "evs": {"hp": 85, "atk": 85, "def": 85, "spa": 85, "spd": 85, "spe": 85}, "ivs": {"hp": 31, "atk": 31, "def": 31, "spa": 31, "spd": 31, "spe": 31}, "item": "Choice Band", "teraType": "Dragon", "role": "Bulky Attacker", "bvs": {"hp": 115, "atk": 140, "def": 130, "spa": 55, "spd": 55, "spe": 40}, "stats": {"hp": 323, "atk": 277, "def": 260, "spa": 137, "spd": 137, "spe": 113}, "types": ["Ground", "Rock"]}, "Reshiram": {"name": "Reshiram", "species": "Reshiram", "speciesId": "reshiram", "gender": "N", "shiny": false, "level": 76, "moves": ["outrage", "flareblitz", "dragondance", "stoneedge"], "ability": "Turboblaze", "evs": {"hp": 85, "atk": 85, "def": 85, "spa": 85, "spd": 85, "spe": 85}, "ivs": {"hp": 31, "atk": 31, "def": 31, "spa": 31, "spd": 31, "spe": 31}, "item": "Heavy-Duty Boots", "teraType": "Dragon", "role": "Setup Sweeper", "bvs": {"hp": 100, "atk": 120, "def": 100, "spa": 150, "spd": 120, "spe": 90}, "stats": {"hp": 277, "atk": 226, "def": 196, "spa": 272, "spd": 226, "spe": 181}, "types": ["Dragon", "Fire"]}, "Granbull": {"name": "Granbull", "species": "Granbull", "speciesId": "granbull", "gender": "M", "shiny": false, "level": 88, "moves": ["earthquake", "playrough", "encore", "thunderwave"], "ability": "Intimidate", "evs": {"hp": 85, "atk": 85, "def": 85, "spa": 85, "spd": 85, "spe": 85}, "ivs": {"hp": 31, "atk": 31, "def": 31, "spa": 31, "spd": 31, "spe": 31}, "item": "Leftovers", "teraType": "Ground", "role": "Bulky Attacker", "bvs": {"hp": 90, "atk": 120, "def": 75, "spa": 60, "spd": 60, "spe": 45}, "stats": {"hp": 302, "atk": 261, "def": 182, "spa": 156, "spd": 156, "spe": 129}, "types": ["Fairy"]}, "Haxorus": {"name": "Haxorus", "species": "Haxorus", "speciesId": "haxorus", "gender": "F", "shiny": false, "level": 77, "moves": ["outrage", "dragondance", "earthquake", "ironhead"], "ability": "Mold Breaker", "evs": {"hp": 85, "atk": 85, "def": 85, "spa": 85, "spd": 85, "spe": 85}, "ivs": {"hp": 31, "atk": 31, "def": 31, "spa": 31, "spd": 31, "spe": 31}, "item": "Lum Berry", "teraType": "Steel", "role": "Setup Sweeper", "bvs": {"hp": 76, "atk": 147, "def": 90, "spa": 60, "spd": 70, "spe": 97}, "stats": {"hp": 244, "atk": 271, "def": 183, "spa": 137, "spd": 152, "spe": 194}, "types": ["Dragon"]}, "Typhlosion": {"name": "Typhlosion", "species": "Typhlosion-Hisui", "speciesId": "typhlosionhisui", "gender": "F", "shiny": false, "level": 83, "moves": ["fireblast", "shadowball", "calmmind", "substitute"], "ability": "Blaze", "evs": {"hp": 85, "atk": 0, "def": 85, "spa": 85, "spd": 85, "spe": 85}, "ivs": {"hp": 31, "atk": 0, "def": 31, "spa": 31, "spd": 31, "spe": 31}, "item": "Leftovers", "teraType": "Ghost", "role": "Fast Bulky Setup", "bvs": {"hp": 73, "atk": 84, "def": 78, "spa": 119, "spd": 85, "spe": 95}, "stats": {"hp": 257, "atk": 144, "def": 177, "spa": 245, "spd": 189, "spe": 205}, "types": ["Fire", "Ghost"]}, "Galvantula": {"name": "Galvantula", "species": "Galvantula", "speciesId": "galvantula", "gender": "F", "shiny": false, "level": 82, "moves": ["bugbuzz", "thunder", "stickyweb", "voltswitch"], "ability": "Compound Eyes", "evs": {"hp": 85, "atk": 0, "def": 85, "spa": 85, "spd": 85, "spe": 85}, "ivs": {"hp": 31, "atk": 0, "def": 31, "spa": 31, "spd": 31, "spe": 31}, "item": "Heavy-Duty Boots", "teraType": "Electric", "role": "Fast Support", "bvs": {"hp": 70, "atk": 77, "def": 60, "spa": 97, "spd": 60, "spe": 108}, "stats": {"hp": 249, "atk": 131, "def": 146, "spa": 206, "spd": 146, "spe": 224}, "types": ["Bug", "Electric"]}}, {"Thundurus": {"name": "Thundurus", "species": "Thundurus", "speciesId": "thundurus", "gender": "M", "shiny": false, "level": 80, "moves": ["thunderbolt", "acrobatics", "grassknot", "thunderwave"], "ability": "Prankster", "evs": {"hp": 85, "atk": 85, "def": 85, "spa": 85, "spd": 85, "spe": 85}, "ivs": {"hp": 31, "atk": 31, "def": 31, "spa": 31, "spd": 31, "spe": 31}, "item": "", "teraType": "Steel", "role": "Wallbreaker", "bvs": {"hp": 79, "atk": 115, "def": 70, "spa": 125, "spd": 80, "spe": 111}, "stats": {"hp": 258, "atk": 230, "def": 158, "spa": 246, "spd": 174, "spe": 224}, "types": ["Electric", "Flying"]}, "Mismagius": {"name": "Mismagius", "species": "Mismagius", "speciesId": "mismagius", "gender": "M", "shiny": false, "level": 86, "moves": ["shadowball", "nastyplot", "substitute", "terablast"], "ability": "Levitate", "evs": {"hp": 85, "atk": 0, "def": 85, "spa": 85, "spd": 85, "spe": 85}, "ivs": {"hp": 31, "atk": 0, "def": 31, "spa": 31, "spd": 31, "spe": 31}, "item": "Leftovers", "teraType": "Fighting", "role": "Tera Blast user", "bvs": {"hp": 60, "atk": 60, "def": 60, "spa": 105, "spd": 105, "spe": 105}, "stats": {"hp": 243, "atk": 108, "def": 152, "spa": 230, "spd": 230, "spe": 230}, "types": ["Ghost"]}, "Charizard": {"name": "Charizard", "species": "Charizard", "speciesId": "charizard", "gender": "M", "shiny": false, "level": 85, "moves": ["outrage", "dragondance", "flareblitz", "earthquake"], "ability": "Blaze", "evs": {"hp": 85, "atk": 85, "def": 85, "spa": 85, "spd": 85, "spe": 85}, "ivs": {"hp": 31, "atk": 31, "def": 31, "spa": 31, "spd": 31, "spe": 31}, "item": "Heavy-Duty Boots", "teraType": "Dragon", "role": "Setup Sweeper", "bvs": {"hp": 78, "atk": 84, "def": 78, "spa": 109, "spd": 85, "spe": 100}, "stats": {"hp": 271, "atk": 192, "def": 181, "spa": 234, "spd": 193, "spe": 219}, "types": ["Fire", "Flying"]}, "Azumarill": {"name": "Azumarill", "species": "Azumarill", "speciesId": "azumarill", "gender": "M", "shiny": false, "level": 82, "moves": ["aquajet", "liquidation", "bellydrum", "playrough"], "ability": "Huge Power", "evs": {"hp": 85, "atk": 85, "def": 85, "spa": 85, "spd": 85, "spe": 85}, "ivs": {"hp": 31, "atk": 31, "def": 31, "spa": 31, "spd": 31, "spe": 31}, "item": "Sitrus Berry", "teraType": "Water", "role": "Bulky Attacker", "bvs": {"hp": 100, "atk": 50, "def": 80, "spa": 60, "spd": 80, "spe": 50}, "stats": {"hp": 298, "atk": 129, "def": 178, "spa": 146, "spd": 178, "spe": 129}, "types": ["Water", "Fairy"]}, "Sylveon": {"name": "Sylveon", "species": "Sylveon", "speciesId": "sylveon", "gender": "F", "shiny": false, "level": 85, "moves": ["calmmind", "protect", "wish", "hypervoice"], "ability": "Pixilate", "evs": {"hp": 85, "atk": 0, "def": 85, "spa": 85, "spd": 85, "spe": 85}, "ivs": {"hp": 31, "atk": 0, "def": 31, "spa": 31, "spd": 31, "spe": 31}, "item": "Leftovers", "teraType": "Steel", "role": "Bulky Setup", "bvs": {"hp": 95, "atk": 65, "def": 65, "spa": 110, "spd": 130, "spe": 60}, "stats": {"hp": 300, "atk": 115, "def": 159, "spa": 236, "spd": 270, "spe": 151}, "types": ["Fairy"]}, "Zangoose": {"name": "Zangoose", "species": "Zangoose", "speciesId": "zangoose", "gender": "F", "shiny": false, "level": 85, "moves": ["closecombat", "knockoff", "quickattack", "facade"], "ability": "Toxic Boost", "evs": {"hp": 85, "atk": 85, "def": 85, "spa": 85, "spd": 85, "spe": 85}, "ivs": {"hp": 31, "atk": 31, "def": 31, "spa": 31, "spd": 31, "spe": 31}, "item": "Toxic Orb", "teraType": "Normal", "role": "Fast Attacker", "bvs": {"hp": 73, "atk": 115, "def": 60, "spa": 60, "spd": 60, "spe": 90}, "stats": {"hp": 263, "atk": 244, "def": 151, "spa": 151, "spd": 151, "spe": 202}, "types": ["Normal"]}}]}