{"id": "gen9randombattle-2631618183", "format": "[Gen 9] Random Battle", "players": ["SyxthSence", "Dfrrnspa97"], "log": "|j|\u2606SyxthSence\n|j|\u2606Dfrrnspa97\n|t:|1781409668\n|gametype|singles\n|player|p1|SyxthSence|169|2173\n|player|p2|Dfrrnspa97|101|2214\n|gen|9\n|tier|[Gen 9] Random Battle\n|rated|\n|rule|Species Clause: Limit one of each Pok\u00e9mon\n|rule|HP Percentage Mod: HP is shown in percentages\n|rule|Sleep Clause Mod: Limit one foe put to sleep\n|rule|Illusion Level Mod: Illusion disguises the Pok\u00e9mon's true level\n|\n|t:|1781409668\n|teamsize|p1|6\n|teamsize|p2|6\n|start\n|switch|p1a: Pyroar|Pyroar, L88, M|295/295\n|switch|p2a: Dragalge|Dragalge, L88, M|258/258\n|-ability|p1a: Pyroar|Unnerve\n|turn|1\n|inactive|Battle timer is ON: inactive players will automatically lose when time's up. (requested by Dfrrnspa97)\n|inactive|SyxthSence has 120 seconds left.\n|\n|t:|1781409742\n|switch|p1a: Dragalge|Dragalge, L88, M|258/258\n|move|p2a: Dragalge|Dragon Tail|p1a: Dragalge\n|-supereffective|p1a: Dragalge\n|-damage|p1a: Dragalge|122/258\n|drag|p1a: Leafeon|Leafeon, L88, M|258/258\n|\n|upkeep\n|turn|2\n|\n|t:|1781409757\n|switch|p1a: Cobalion|Cobalion, L80|277/277\n|move|p2a: Dragalge|Sludge Wave|p1a: Cobalion\n|-immune|p1a: Cobalion\n|\n|upkeep\n|turn|3\n|\n|t:|1781409764\n|switch|p1a: Dragalge|Dragalge, L88, M|122/258\n|move|p2a: Dragalge|Focus Blast|p1a: Dragalge|[miss]\n|-miss|p2a: Dragalge|p1a: Dragalge\n|\n|upkeep\n|turn|4\n|\n|t:|1781409772\n|move|p2a: Dragalge|Draco Meteor|p1a: Dragalge\n|-supereffective|p1a: Dragalge\n|-damage|p1a: Dragalge|0 fnt\n|-unboost|p2a: Dragalge|spa|2\n|faint|p1a: Dragalge\n|\n|upkeep\n|\n|t:|1781409775\n|switch|p1a: Azelf|Azelf, L82|257/257\n|turn|5\n|\n|t:|1781409779\n|move|p1a: Azelf|Stealth Rock|p2a: Dragalge\n|-sidestart|p2: Dfrrnspa97|move: Stealth Rock\n|move|p2a: Dragalge|Dragon Tail|p1a: Azelf\n|-damage|p1a: Azelf|165/257\n|drag|p1a: Pyroar|Pyroar, L88, M|295/295\n|-ability|p1a: Pyroar|Unnerve\n|\n|upkeep\n|turn|6\n|\n|t:|1781409786\n|switch|p2a: Azumarill|Azumarill, L82, M|298/298\n|-damage|p2a: Azumarill|261/298|[from] Stealth Rock\n|move|p1a: Pyroar|Hyper Voice|p2a: Azumarill\n|-damage|p2a: Azumarill|134/298\n|\n|upkeep\n|turn|7\n|\n|t:|1781409795\n|switch|p1a: Leafeon|Leafeon, L88, M|258/258\n|move|p2a: Azumarill|Ice Spinner|p1a: Leafeon\n|-supereffective|p1a: Leafeon\n|-damage|p1a: Leafeon|116/258\n|\n|upkeep\n|turn|8\n|\n|t:|1781409805\n|switch|p2a: Wo-Chien|Wo-Chien, L83|277/277\n|-damage|p2a: Wo-Chien|243/277|[from] Stealth Rock\n|-ability|p2a: Wo-Chien|Tablets of Ruin\n|move|p1a: Leafeon|Synthesis|p1a: Leafeon\n|-heal|p1a: Leafeon|245/258\n|\n|-heal|p2a: Wo-Chien|260/277|[from] item: Leftovers\n|upkeep\n|turn|9\n|\n|t:|1781409812\n|move|p1a: Leafeon|Knock Off|p2a: Wo-Chien\n|-resisted|p2a: Wo-Chien\n|-damage|p2a: Wo-Chien|222/277\n|-enditem|p2a: Wo-Chien|Leftovers|[from] move: Knock Off|[of] p1a: Leafeon\n|-damage|p1a: Leafeon|220/258|[from] item: Life Orb\n|move|p2a: Wo-Chien|Knock Off|p1a: Leafeon\n|-damage|p1a: Leafeon|154/258\n|-enditem|p1a: Leafeon|Life Orb|[from] move: Knock Off|[of] p2a: Wo-Chien\n|\n|upkeep\n|turn|10\n|\n|t:|1781409817\n|move|p1a: Leafeon|Swords Dance|p1a: Leafeon\n|-boost|p1a: Leafeon|atk|2\n|move|p2a: Wo-Chien|Ruination|p1a: Leafeon\n|-damage|p1a: Leafeon|77/258\n|\n|upkeep\n|turn|11\n|\n|t:|1781409833\n|switch|p2a: Gouging Fire|Gouging Fire, L74|277/277\n|move|p1a: Leafeon|Synthesis|p1a: Leafeon\n|-heal|p1a: Leafeon|206/258\n|\n|upkeep\n|turn|12\n|j| sencha123321\n|\n|t:|1781409846\n|move|p1a: Leafeon|Knock Off|p2a: Gouging Fire\n|-crit|p2a: Gouging Fire\n|-damage|p2a: Gouging Fire|44/277\n|-enditem|p2a: Gouging Fire|Heavy-Duty Boots|[from] move: Knock Off|[of] p1a: Leafeon\n|move|p2a: Gouging Fire|Dragon Dance|p2a: Gouging Fire\n|-boost|p2a: Gouging Fire|atk|1\n|-boost|p2a: Gouging Fire|spe|1\n|\n|upkeep\n|turn|13\n|\n|t:|1781409857\n|-terastallize|p1a: Leafeon|Dark\n|move|p2a: Gouging Fire|Morning Sun|p2a: Gouging Fire\n|-heal|p2a: Gouging Fire|182/277\n|move|p1a: Leafeon|Knock Off|p2a: Gouging Fire\n|-damage|p2a: Gouging Fire|25/277\n|\n|upkeep\n|turn|14\n|l| sencha123321\n|\n|t:|1781409877\n|move|p2a: Gouging Fire|Heat Crash|p1a: Leafeon\n|-damage|p1a: Leafeon|92/258\n|move|p1a: Leafeon|Knock Off|p2a: Gouging Fire\n|-damage|p2a: Gouging Fire|0 fnt\n|faint|p2a: Gouging Fire\n|-end|p2a: Gouging Fire|Protosynthesis|[silent]\n|\n|upkeep\n|\n|t:|1781409881\n|switch|p2a: Azumarill|Azumarill, L82, M|134/298\n|-damage|p2a: Azumarill|97/298|[from] Stealth Rock\n|turn|15\n|\n|t:|1781409891\n|-terastallize|p2a: Azumarill|Water\n|move|p2a: Azumarill|Aqua Jet|p1a: Leafeon\n|-damage|p1a: Leafeon|26/258\n|move|p1a: Leafeon|Leaf Blade|p2a: Azumarill\n|-supereffective|p2a: Azumarill\n|-crit|p2a: Azumarill\n|-damage|p2a: Azumarill|0 fnt\n|faint|p2a: Azumarill\n|\n|upkeep\n|\n|t:|1781409899\n|switch|p2a: Magnezone|Magnezone, L85|258/258\n|-damage|p2a: Magnezone|242/258|[from] Stealth Rock\n|turn|16\n|\n|t:|1781409911\n|move|p1a: Leafeon|Knock Off|p2a: Magnezone\n|-damage|p2a: Magnezone|32/258\n|-enditem|p2a: Magnezone|Leftovers|[from] move: Knock Off|[of] p1a: Leafeon\n|move|p2a: Magnezone|Body Press|p1a: Leafeon\n|-supereffective|p1a: Leafeon\n|-damage|p1a: Leafeon|0 fnt\n|faint|p1a: Leafeon\n|\n|upkeep\n|\n|t:|1781409918\n|switch|p1a: Azelf|Azelf, L82|165/257\n|turn|17\n|\n|t:|1781409924\n|move|p1a: Azelf|Knock Off|p2a: Magnezone\n|-damage|p2a: Magnezone|0 fnt\n|faint|p2a: Magnezone\n|-damage|p1a: Azelf|140/257|[from] item: Life Orb\n|\n|upkeep\n|\n|t:|1781409926\n|switch|p2a: Wo-Chien|Wo-Chien, L83|222/277\n|-damage|p2a: Wo-Chien|188/277|[from] Stealth Rock\n|-ability|p2a: Wo-Chien|Tablets of Ruin\n|turn|18\n|\n|t:|1781409928\n|switch|p1a: Pyroar|Pyroar, L88, M|295/295\n|-ability|p1a: Pyroar|Unnerve\n|move|p2a: Wo-Chien|Knock Off|p1a: Pyroar\n|-damage|p1a: Pyroar|198/295\n|-enditem|p1a: Pyroar|Heavy-Duty Boots|[from] move: Knock Off|[of] p2a: Wo-Chien\n|\n|upkeep\n|turn|19\n|\n|t:|1781409931\n|switch|p2a: Dragalge|Dragalge, L88, M|258/258\n|-damage|p2a: Dragalge|226/258|[from] Stealth Rock\n|move|p1a: Pyroar|Fire Blast|p2a: Dragalge\n|-resisted|p2a: Dragalge\n|-damage|p2a: Dragalge|190/258\n|\n|upkeep\n|turn|20\n|\n|t:|1781409939\n|move|p1a: Pyroar|Hyper Voice|p2a: Dragalge\n|-damage|p2a: Dragalge|135/258\n|move|p2a: Dragalge|Dragon Tail|p1a: Pyroar\n|-damage|p1a: Pyroar|114/295\n|drag|p1a: Cobalion|Cobalion, L80|277/277\n|\n|upkeep\n|turn|21\n|\n|t:|1781409943\n|move|p1a: Cobalion|Iron Head|p2a: Dragalge\n|-damage|p2a: Dragalge|69/258\n|move|p2a: Dragalge|Focus Blast|p1a: Cobalion\n|-supereffective|p1a: Cobalion\n|-damage|p1a: Cobalion|41/277\n|\n|-heal|p1a: Cobalion|58/277|[from] item: Leftovers\n|upkeep\n|turn|22\n|\n|t:|1781409949\n|move|p1a: Cobalion|Iron Head|p2a: Dragalge\n|-damage|p2a: Dragalge|0 fnt\n|faint|p2a: Dragalge\n|\n|-heal|p1a: Cobalion|75/277|[from] item: Leftovers\n|upkeep\n|\n|t:|1781409953\n|switch|p2a: Lunala|Lunala, L70|308/308\n|-damage|p2a: Lunala|270/308|[from] Stealth Rock\n|turn|23\n|\n|t:|1781409956\n|move|p1a: Cobalion|Taunt|p2a: Lunala\n|-start|p2a: Lunala|move: Taunt\n|cant|p2a: Lunala|move: Taunt|Calm Mind\n|\n|-heal|p1a: Cobalion|92/277|[from] item: Leftovers\n|-heal|p2a: Lunala|289/308|[from] item: Leftovers\n|upkeep\n|turn|24\n|\n|t:|1781409959\n|move|p1a: Cobalion|Iron Head|p2a: Lunala\n|-damage|p2a: Lunala|195/308\n|move|p2a: Lunala|Moongeist Beam|p1a: Cobalion\n|-damage|p1a: Cobalion|0 fnt\n|faint|p1a: Cobalion\n|\n|-heal|p2a: Lunala|214/308|[from] item: Leftovers\n|upkeep\n|\n|t:|1781409961\n|switch|p1a: Azelf|Azelf, L82|140/257\n|turn|25\n|\n|t:|1781409964\n|switch|p2a: Wo-Chien|Wo-Chien, L83|188/277\n|-damage|p2a: Wo-Chien|154/277|[from] Stealth Rock\n|-ability|p2a: Wo-Chien|Tablets of Ruin\n|move|p1a: Azelf|Knock Off|p2a: Wo-Chien\n|-resisted|p2a: Wo-Chien\n|-damage|p2a: Wo-Chien|131/277\n|-damage|p1a: Azelf|115/257|[from] item: Life Orb\n|\n|upkeep\n|turn|26\n|\n|t:|1781409967\n|move|p1a: Azelf|Fire Blast|p2a: Wo-Chien\n|-supereffective|p2a: Wo-Chien\n|-damage|p2a: Wo-Chien|0 fnt\n|faint|p2a: Wo-Chien\n|-damage|p1a: Azelf|90/257|[from] item: Life Orb\n|\n|upkeep\n|\n|t:|1781409969\n|switch|p2a: Lunala|Lunala, L70|214/308\n|-damage|p2a: Lunala|176/308|[from] Stealth Rock\n|turn|27\n|\n|t:|1781409971\n|move|p1a: Azelf|Knock Off|p2a: Lunala\n|-supereffective|p2a: Lunala\n|-damage|p2a: Lunala|0 fnt\n|-enditem|p2a: Lunala|Leftovers|[from] move: Knock Off|[of] p1a: Azelf\n|faint|p2a: Lunala\n|-damage|p1a: Azelf|65/257|[from] item: Life Orb\n|\n|win|SyxthSence\n", "inputlog": ">version a8376a258c1d4662feba110a92103f3664a72141\n>start {\"formatid\":\"gen9randombattle\",\"seed\":\"sodium,00c8cb70bc1467a47605231c8f4ce833\",\"rated\":\"Rated battle\"}\n>player p1 {\"name\":\"SyxthSence\",\"avatar\":\"169\",\"rating\":2173,\"seed\":\"sodium,97692d6d93187ab72f49b8af5ba7939d\"}\n>player p2 {\"name\":\"Dfrrnspa97\",\"avatar\":\"101\",\"rating\":2214,\"seed\":\"sodium,0dda8da23c1014b3bcab3719667a4aa6\"}\n>p1 switch 3\n>p2 move dragontail\n>p1 switch 4\n>p2 move sludgewave\n>p1 switch 6\n>p2 move focusblast\n>p1 move dracometeor\n>p2 move dracometeor\n>p1 switch 2\n>p1 move stealthrock\n>p2 move dragontail\n>p1 move hypervoice\n>p2 switch 2\n>p1 switch 4\n>p2 move icespinner\n>p1 move synthesis\n>p2 switch 4\n>p1 move knockoff\n>p2 move knockoff\n>p1 move swordsdance\n>p2 move ruination\n>p1 move synthesis\n>p2 switch 3\n>p1 move knockoff\n>p2 move dragondance\n>p1 move knockoff terastallize\n>p2 move morningsun\n>p1 move knockoff\n>p2 move heatcrash\n>p2 switch 4\n>p1 move leafblade\n>p2 move aquajet terastallize\n>p2 switch 6\n>p1 move knockoff\n>p2 move bodypress\n>p1 switch 3\n>p1 move knockoff\n>p2 move thunderbolt\n>p2 switch 3\n>p1 switch 4\n>p2 move knockoff\n>p1 move fireblast\n>p2 switch 2\n>p1 move hypervoice\n>p2 move dragontail\n>p1 move ironhead\n>p2 move focusblast\n>p1 move ironhead\n>p2 move focusblast\n>p2 switch 5\n>p1 move taunt\n>p2 move calmmind\n>p1 move ironhead\n>p2 move moongeistbeam\n>p1 switch 4\n>p1 move knockoff\n>p2 switch 2\n>p1 move fireblast\n>p2 move stunspore\n>p2 switch 2\n>p1 move knockoff\n>p2 move calmmind", "uploadtime": 1781409669, "views": 6, "formatid": "gen9randombattle", "rating": null, "private": 0, "password": null}