{"id": "gen9randombattle-2631878308", "format": "[Gen 9] Random Battle", "players": ["Pokeoke", "zsmith544"], "log": "|j|\u2606Pokeoke\n|j|\u2606zsmith544\n|t:|1781451178\n|gametype|singles\n|player|p1|Pokeoke|169|2012\n|player|p2|zsmith544|265|2040\n|gen|9\n|tier|[Gen 9] Random Battle\n|rated|\n|rule|Species Clause: Limit one of each Pok\u00e9mon\n|rule|HP Percentage Mod: HP is shown in percentages\n|rule|Sleep Clause Mod: Limit one foe put to sleep\n|rule|Illusion Level Mod: Illusion disguises the Pok\u00e9mon's true level\n|\n|t:|1781451178\n|teamsize|p1|6\n|teamsize|p2|6\n|start\n|switch|p1a: Exeggutor|Exeggutor, L89, M|312/312\n|switch|p2a: Talonflame|Talonflame, L83, F|265/265\n|turn|1\n|inactive|Battle timer is ON: inactive players will automatically lose when time's up. (requested by zsmith544)\n|\n|t:|1781451201\n|move|p2a: Talonflame|Overheat|p1a: Exeggutor\n|-supereffective|p1a: Exeggutor\n|-damage|p1a: Exeggutor|94/312\n|-unboost|p2a: Talonflame|spa|2\n|-enditem|p1a: Exeggutor|Sitrus Berry|[eat]\n|-heal|p1a: Exeggutor|172/312|[from] item: Sitrus Berry\n|move|p1a: Exeggutor|Sleep Powder|p2a: Talonflame\n|-status|p2a: Talonflame|slp|[from] move: Sleep Powder\n|\n|upkeep\n|turn|2\n|\n|t:|1781451213\n|cant|p2a: Talonflame|slp\n|move|p1a: Exeggutor|Substitute|p1a: Exeggutor\n|-start|p1a: Exeggutor|Substitute\n|-damage|p1a: Exeggutor|94/312\n|\n|-item|p1a: Exeggutor|Sitrus Berry|[from] ability: Harvest\n|upkeep\n|-enditem|p1a: Exeggutor|Sitrus Berry|[eat]\n|-heal|p1a: Exeggutor|172/312|[from] item: Sitrus Berry\n|turn|3\n|\n|t:|1781451231\n|-curestatus|p2a: Talonflame|slp|[msg]\n|move|p2a: Talonflame|Taunt|p1a: Exeggutor\n|-start|p1a: Exeggutor|move: Taunt\n|cant|p1a: Exeggutor|move: Taunt|Leech Seed\n|\n|upkeep\n|turn|4\n|\n|t:|1781451241\n|move|p2a: Talonflame|Brave Bird|p1a: Exeggutor\n|-supereffective|p1a: Exeggutor\n|-end|p1a: Exeggutor|Substitute\n|-damage|p2a: Talonflame|239/265|[from] Recoil|[of] p1a: Exeggutor\n|move|p1a: Exeggutor|Psychic|p2a: Talonflame\n|-damage|p2a: Talonflame|74/265\n|\n|upkeep\n|turn|5\n|\n|t:|1781451253\n|move|p2a: Talonflame|Brave Bird|p1a: Exeggutor\n|-supereffective|p1a: Exeggutor\n|-damage|p1a: Exeggutor|0 fnt\n|faint|p1a: Exeggutor\n|-damage|p2a: Talonflame|17/265|[from] Recoil\n|\n|upkeep\n|\n|t:|1781451263\n|switch|p1a: Azumarill|Azumarill, L82, M|298/298\n|turn|6\n|\n|t:|1781451273\n|switch|p2a: Suicune|Suicune, L82|298/298\n|-ability|p2a: Suicune|Pressure\n|move|p1a: Azumarill|Aqua Jet|p2a: Suicune\n|-resisted|p2a: Suicune\n|-damage|p2a: Suicune|277/298\n|\n|-heal|p2a: Suicune|295/298|[from] item: Leftovers\n|upkeep\n|turn|7\n|\n|t:|1781451290\n|move|p2a: Suicune|Calm Mind|p2a: Suicune\n|-boost|p2a: Suicune|spa|1\n|-boost|p2a: Suicune|spd|1\n|move|p1a: Azumarill|Belly Drum|p1a: Azumarill\n|-damage|p1a: Azumarill|149/298\n|-setboost|p1a: Azumarill|atk|6|[from] move: Belly Drum\n|-enditem|p1a: Azumarill|Sitrus Berry|[eat]\n|-heal|p1a: Azumarill|223/298|[from] item: Sitrus Berry\n|\n|-heal|p2a: Suicune|298/298|[from] item: Leftovers\n|upkeep\n|turn|8\n|\n|t:|1781451301\n|move|p2a: Suicune|Scald|p1a: Azumarill\n|-resisted|p1a: Azumarill\n|-damage|p1a: Azumarill|160/298\n|move|p1a: Azumarill|Play Rough|p2a: Suicune\n|-damage|p2a: Suicune|0 fnt\n|faint|p2a: Suicune\n|\n|upkeep\n|\n|t:|1781451314\n|switch|p2a: Virizion|Virizion, L82|283/283\n|turn|9\n|\n|t:|1781451327\n|move|p1a: Azumarill|Aqua Jet|p2a: Virizion\n|-resisted|p2a: Virizion\n|-damage|p2a: Virizion|161/283\n|move|p2a: Virizion|Leaf Blade|p1a: Azumarill\n|-supereffective|p1a: Azumarill\n|-damage|p1a: Azumarill|0 fnt\n|faint|p1a: Azumarill\n|-damage|p2a: Virizion|133/283|[from] item: Life Orb\n|\n|upkeep\n|\n|t:|1781451334\n|switch|p1a: Okidogi|Okidogi, L77, M|262/262\n|turn|10\n|\n|t:|1781451343\n|switch|p2a: Talonflame|Talonflame, L83, F|17/265\n|move|p1a: Okidogi|Gunk Shot|p2a: Talonflame\n|-damage|p2a: Talonflame|0 fnt\n|faint|p2a: Talonflame\n|\n|upkeep\n|\n|t:|1781451354\n|switch|p2a: Polteageist|Polteageist, L78|222/222\n|turn|11\n|\n|t:|1781451363\n|move|p1a: Okidogi|Knock Off|p2a: Polteageist\n|-supereffective|p2a: Polteageist\n|-damage|p2a: Polteageist|46/222\n|-start|p1a: Okidogi|Disable|Knock Off|[from] ability: Cursed Body|[of] p2a: Polteageist\n|-enditem|p2a: Polteageist|White Herb|[from] move: Knock Off|[of] p1a: Okidogi\n|move|p2a: Polteageist|Shell Smash|p2a: Polteageist\n|-unboost|p2a: Polteageist|def|1\n|-unboost|p2a: Polteageist|spd|1\n|-boost|p2a: Polteageist|atk|2\n|-boost|p2a: Polteageist|spa|2\n|-boost|p2a: Polteageist|spe|2\n|\n|upkeep\n|turn|12\n|\n|t:|1781451376\n|switch|p1a: Roaring Moon|Roaring Moon, L72|270/270\n|-enditem|p1a: Roaring Moon|Booster Energy\n|-activate|p1a: Roaring Moon|ability: Protosynthesis|[fromitem]\n|-start|p1a: Roaring Moon|protosynthesisatk\n|move|p2a: Polteageist|Strength Sap|p1a: Roaring Moon\n|-unboost|p1a: Roaring Moon|atk|1\n|-heal|p2a: Polteageist|222/222\n|\n|upkeep\n|turn|13\n|\n|t:|1781451387\n|-terastallize|p2a: Polteageist|Fighting\n|move|p2a: Polteageist|Tera Blast|p1a: Roaring Moon|[anim] Tera Blast Fighting\n|-supereffective|p1a: Roaring Moon\n|-damage|p1a: Roaring Moon|0 fnt\n|faint|p1a: Roaring Moon\n|-end|p1a: Roaring Moon|Protosynthesis|[silent]\n|\n|upkeep\n|\n|t:|1781451397\n|switch|p1a: Comfey|Comfey, L85, F|225/225\n|turn|14\n|\n|t:|1781451400\n|move|p1a: Comfey|Draining Kiss|p2a: Polteageist\n|-supereffective|p2a: Polteageist\n|-damage|p2a: Polteageist|84/222\n|move|p2a: Polteageist|Shadow Ball|p1a: Comfey\n|-damage|p1a: Comfey|75/225\n|\n|-heal|p1a: Comfey|89/225|[from] item: Leftovers\n|upkeep\n|turn|15\n|\n|t:|1781451410\n|move|p1a: Comfey|Draining Kiss|p2a: Polteageist\n|-supereffective|p2a: Polteageist\n|-damage|p2a: Polteageist|0 fnt\n|-heal|p1a: Comfey|152/225|[from] drain|[of] p2a: Polteageist\n|faint|p2a: Polteageist\n|\n|-heal|p1a: Comfey|166/225|[from] item: Leftovers\n|upkeep\n|\n|t:|1781451418\n|switch|p2a: Zangoose|Zangoose, L85, M|263/263\n|turn|16\n|\n|t:|1781451425\n|move|p1a: Comfey|Draining Kiss|p2a: Zangoose\n|-damage|p2a: Zangoose|199/263\n|-heal|p1a: Comfey|214/225|[from] drain|[of] p2a: Zangoose\n|move|p2a: Zangoose|Knock Off|p1a: Comfey\n|-resisted|p1a: Comfey\n|-damage|p1a: Comfey|176/225\n|-enditem|p1a: Comfey|Leftovers|[from] move: Knock Off|[of] p2a: Zangoose\n|\n|-status|p2a: Zangoose|tox|[from] item: Toxic Orb\n|upkeep\n|turn|17\n|\n|t:|1781451436\n|switch|p1a: Crabominable|Crabominable, L90, F|321/321\n|move|p2a: Zangoose|Facade|p1a: Crabominable\n|-damage|p1a: Crabominable|48/321\n|\n|-damage|p2a: Zangoose|183/263 tox|[from] psn\n|upkeep\n|turn|18\n|\n|t:|1781451443\n|move|p2a: Zangoose|Facade|p1a: Crabominable\n|-damage|p1a: Crabominable|0 fnt\n|faint|p1a: Crabominable\n|\n|-damage|p2a: Zangoose|151/263 tox|[from] psn\n|upkeep\n|\n|t:|1781451447\n|switch|p1a: Okidogi|Okidogi, L77, M|262/262\n|turn|19\n|\n|t:|1781451452\n|move|p2a: Zangoose|Facade|p1a: Okidogi\n|-damage|p1a: Okidogi|39/262\n|move|p1a: Okidogi|Drain Punch|p2a: Zangoose\n|-supereffective|p2a: Zangoose\n|-damage|p2a: Zangoose|0 fnt\n|-heal|p1a: Okidogi|115/262|[from] drain|[of] p2a: Zangoose\n|faint|p2a: Zangoose\n|\n|-heal|p1a: Okidogi|131/262|[from] item: Leftovers\n|upkeep\n|\n|t:|1781451468\n|switch|p2a: Terrakion|Terrakion, L79|273/273\n|turn|20\n|\n|t:|1781451473\n|move|p2a: Terrakion|Earthquake|p1a: Okidogi\n|-supereffective|p1a: Okidogi\n|-damage|p1a: Okidogi|0 fnt\n|faint|p1a: Okidogi\n|\n|upkeep\n|\n|t:|1781451475\n|switch|p1a: Comfey|Comfey, L85, F|176/225\n|turn|21\n|\n|t:|1781451495\n|move|p1a: Comfey|Draining Kiss|p2a: Terrakion\n|-supereffective|p2a: Terrakion\n|-damage|p2a: Terrakion|159/273\n|-heal|p1a: Comfey|225/225|[from] drain|[of] p2a: Terrakion\n|move|p2a: Terrakion|Earthquake|p1a: Comfey\n|-damage|p1a: Comfey|104/225\n|\n|upkeep\n|turn|22\n|\n|t:|1781451507\n|move|p1a: Comfey|Draining Kiss|p2a: Terrakion\n|-supereffective|p2a: Terrakion\n|-damage|p2a: Terrakion|51/273\n|-heal|p1a: Comfey|185/225|[from] drain|[of] p2a: Terrakion\n|move|p2a: Terrakion|Earthquake|p1a: Comfey\n|-damage|p1a: Comfey|70/225\n|\n|upkeep\n|turn|23\n|\n|t:|1781451514\n|move|p1a: Comfey|Draining Kiss|p2a: Terrakion\n|-supereffective|p2a: Terrakion\n|-damage|p2a: Terrakion|0 fnt\n|-heal|p1a: Comfey|108/225|[from] drain|[of] p2a: Terrakion\n|faint|p2a: Terrakion\n|\n|upkeep\n|\n|t:|1781451520\n|switch|p2a: Virizion|Virizion, L82|133/283\n|turn|24\n|\n|t:|1781451525\n|move|p1a: Comfey|Draining Kiss|p2a: Virizion\n|-supereffective|p2a: Virizion\n|-damage|p2a: Virizion|61/283\n|-heal|p1a: Comfey|162/225|[from] drain|[of] p2a: Virizion\n|move|p2a: Virizion|Leaf Blade|p1a: Comfey\n|-damage|p1a: Comfey|49/225\n|-damage|p2a: Virizion|33/283|[from] item: Life Orb\n|\n|upkeep\n|turn|25\n|\n|t:|1781451534\n|move|p1a: Comfey|Draining Kiss|p2a: Virizion\n|-supereffective|p2a: Virizion\n|-damage|p2a: Virizion|0 fnt\n|-heal|p1a: Comfey|74/225|[from] drain|[of] p2a: Virizion\n|faint|p2a: Virizion\n|\n|win|Pokeoke\n", "inputlog": ">version a8376a258c1d4662feba110a92103f3664a72141\n>start {\"formatid\":\"gen9randombattle\",\"seed\":\"sodium,bc84ccc752d8d4637afb3fec3cf991bd\",\"rated\":\"Rated battle\"}\n>player p1 {\"name\":\"Pokeoke\",\"avatar\":\"169\",\"rating\":2012,\"seed\":\"sodium,c5caed50ee684760d5b1fd624c4a7cc7\"}\n>player p2 {\"name\":\"zsmith544\",\"avatar\":\"265\",\"rating\":2040,\"seed\":\"sodium,25556e4d65659b7c9e7d257b4c6ce8c3\"}\n>p1 move sleeppowder\n>p2 move overheat\n>p1 move substitute\n>p2 move bravebird\n>p1 move leechseed\n>p2 move taunt\n>p1 move psychic\n>p2 move bravebird\n>p1 move psychic\n>p2 move bravebird\n>p1 switch 4\n>p1 move aquajet\n>p2 switch 6\n>p1 move bellydrum\n>p2 move calmmind\n>p1 move playrough\n>p2 move scald\n>p2 switch 5\n>p1 move aquajet\n>p2 move leafblade\n>p1 switch 2\n>p1 move gunkshot\n>p2 switch 6\n>p2 switch 3\n>p1 move knockoff\n>p2 move shellsmash\n>p1 switch 6\n>p2 move strengthsap\n>p1 move dragondance\n>p2 move terablast terastallize\n>p1 switch 3\n>p1 move drainingkiss\n>p2 move shadowball\n>p1 move drainingkiss\n>p2 move shadowball\n>p2 switch 2\n>p1 move drainingkiss\n>p2 move knockoff\n>p1 switch 5\n>p2 move facade\n>p1 move closecombat\n>p2 move facade\n>p1 switch 6\n>p1 move drainpunch\n>p2 move facade\n>p2 switch 4\n>p1 move drainpunch\n>p2 move earthquake\n>p1 switch 5\n>p1 move drainingkiss\n>p2 move earthquake\n>p1 move drainingkiss\n>p2 move earthquake\n>p1 move drainingkiss\n>p2 move earthquake\n>p2 switch 6\n>p1 move drainingkiss\n>p2 move leafblade\n>p1 move drainingkiss\n>p2 move leafblade", "uploadtime": 1781451179, "views": 5, "formatid": "gen9randombattle", "rating": null, "private": 0, "password": null}