{"id": "gen9randombattle-2631766854", "format": "[Gen 9] Random Battle", "players": ["boulette de veau", "DaMoistAvocado"], "log": "|j|\u203dboulette de veau\n|j|\u2606DaMoistAvocado\n|t:|1781436392\n|gametype|singles\n|player|p1|boulette de veau|265|1905\n|player|p2|DaMoistAvocado|steven|1937\n|gen|9\n|tier|[Gen 9] Random Battle\n|rated|\n|rule|Species Clause: Limit one of each Pok\u00e9mon\n|rule|HP Percentage Mod: HP is shown in percentages\n|rule|Sleep Clause Mod: Limit one foe put to sleep\n|rule|Illusion Level Mod: Illusion disguises the Pok\u00e9mon's true level\n|\n|t:|1781436392\n|teamsize|p1|6\n|teamsize|p2|6\n|start\n|switch|p1a: Zebstrika|Zebstrika, L87, F|272/272\n|switch|p2a: Jolteon|Jolteon, L84, M|246/246\n|turn|1\n|\n|t:|1781436414\n|switch|p2a: Camerupt|Camerupt, L91, F|275/275\n|move|p1a: Zebstrika|High Horsepower|p2a: Camerupt\n|-supereffective|p2a: Camerupt\n|-damage|p2a: Camerupt|111/275\n|-damage|p1a: Zebstrika|245/272|[from] item: Life Orb\n|\n|-heal|p2a: Camerupt|128/275|[from] item: Leftovers\n|upkeep\n|turn|2\n|\n|t:|1781436431\n|switch|p2a: Conkeldurr|Conkeldurr, L80, M|299/299\n|move|p1a: Zebstrika|High Horsepower|p2a: Conkeldurr\n|-damage|p2a: Conkeldurr|212/299\n|-damage|p1a: Zebstrika|218/272|[from] item: Life Orb\n|\n|-status|p2a: Conkeldurr|brn|[from] item: Flame Orb\n|upkeep\n|turn|3\n|\n|t:|1781436446\n|move|p1a: Zebstrika|Volt Switch|p2a: Conkeldurr\n|-damage|p2a: Conkeldurr|98/299 brn\n|-damage|p1a: Zebstrika|191/272|[from] item: Life Orb\n|\n|t:|1781436449\n|switch|p1a: Misdreavus|Misdreavus, L90, M|254/254|[from] Volt Switch\n|move|p2a: Conkeldurr|Facade|p1a: Misdreavus\n|-immune|p1a: Misdreavus\n|\n|-damage|p2a: Conkeldurr|80/299 brn|[from] brn\n|upkeep\n|turn|4\n|inactive|Battle timer is ON: inactive players will automatically lose when time's up. (requested by boulette de veau)\n|\n|t:|1781436462\n|switch|p2a: Camerupt|Camerupt, L91, F|128/275\n|move|p1a: Misdreavus|Draining Kiss|p2a: Camerupt\n|-resisted|p2a: Camerupt\n|-damage|p2a: Camerupt|109/275\n|\n|-heal|p2a: Camerupt|126/275|[from] item: Leftovers\n|upkeep\n|turn|5\n|\n|t:|1781436474\n|move|p1a: Misdreavus|Calm Mind|p1a: Misdreavus\n|-boost|p1a: Misdreavus|spa|1\n|-boost|p1a: Misdreavus|spd|1\n|move|p2a: Camerupt|Stealth Rock|p1a: Misdreavus\n|-sidestart|p1: boulette de veau|move: Stealth Rock\n|\n|-heal|p2a: Camerupt|143/275|[from] item: Leftovers\n|upkeep\n|turn|6\n|\n|t:|1781436483\n|move|p1a: Misdreavus|Shadow Ball|p2a: Camerupt\n|-damage|p2a: Camerupt|14/275\n|move|p2a: Camerupt|Roar|p1a: Misdreavus\n|drag|p1a: Keldeo|Keldeo-Resolute, L79|273/273\n|-damage|p1a: Keldeo|256/273|[from] Stealth Rock\n|\n|-heal|p1a: Keldeo|273/273|[from] item: Leftovers\n|-heal|p2a: Camerupt|31/275|[from] item: Leftovers\n|upkeep\n|turn|7\n|\n|t:|1781436489\n|move|p1a: Keldeo|Substitute|p1a: Keldeo\n|-start|p1a: Keldeo|Substitute\n|-damage|p1a: Keldeo|205/273\n|move|p2a: Camerupt|Earthquake|p1a: Keldeo\n|-end|p1a: Keldeo|Substitute\n|\n|-heal|p1a: Keldeo|222/273|[from] item: Leftovers\n|-heal|p2a: Camerupt|48/275|[from] item: Leftovers\n|upkeep\n|turn|8\n|\n|t:|1781436496\n|move|p1a: Keldeo|Secret Sword|p2a: Camerupt\n|-damage|p2a: Camerupt|0 fnt\n|faint|p2a: Camerupt\n|\n|-heal|p1a: Keldeo|239/273|[from] item: Leftovers\n|upkeep\n|\n|t:|1781436502\n|switch|p2a: Jolteon|Jolteon, L84, M|246/246\n|turn|9\n|\n|t:|1781436506\n|switch|p1a: Torterra|Torterra, L78, M|276/276\n|-damage|p1a: Torterra|259/276|[from] Stealth Rock\n|move|p2a: Jolteon|Substitute|p2a: Jolteon\n|-start|p2a: Jolteon|Substitute\n|-damage|p2a: Jolteon|185/246\n|\n|-heal|p2a: Jolteon|200/246|[from] item: Leftovers\n|upkeep\n|turn|10\n|\n|t:|1781436515\n|-terastallize|p2a: Jolteon|Ice\n|move|p2a: Jolteon|Tera Blast|p1a: Torterra|[anim] Tera Blast Ice\n|-supereffective|p1a: Torterra\n|-damage|p1a: Torterra|0 fnt\n|faint|p1a: Torterra\n|\n|-heal|p2a: Jolteon|215/246|[from] item: Leftovers\n|upkeep\n|\n|t:|1781436522\n|switch|p1a: Fezandipiti|Fezandipiti, L82, M|278/278\n|-damage|p1a: Fezandipiti|244/278|[from] Stealth Rock\n|turn|11\n|\n|t:|1781436530\n|move|p2a: Jolteon|Thunderbolt|p1a: Fezandipiti\n|-damage|p1a: Fezandipiti|166/278\n|move|p1a: Fezandipiti|Play Rough|p2a: Jolteon\n|-end|p2a: Jolteon|Substitute\n|\n|-heal|p2a: Jolteon|230/246|[from] item: Leftovers\n|-heal|p1a: Fezandipiti|183/278|[from] item: Leftovers\n|upkeep\n|turn|12\n|\n|t:|1781436536\n|move|p2a: Jolteon|Thunderbolt|p1a: Fezandipiti\n|-damage|p1a: Fezandipiti|98/278\n|move|p1a: Fezandipiti|Gunk Shot|p2a: Jolteon\n|-damage|p2a: Jolteon|80/246\n|\n|-heal|p2a: Jolteon|95/246|[from] item: Leftovers\n|-heal|p1a: Fezandipiti|115/278|[from] item: Leftovers\n|upkeep\n|turn|13\n|\n|t:|1781436542\n|move|p2a: Jolteon|Thunderbolt|p1a: Fezandipiti\n|-damage|p1a: Fezandipiti|39/278\n|move|p1a: Fezandipiti|Gunk Shot|p2a: Jolteon\n|-damage|p2a: Jolteon|0 fnt\n|faint|p2a: Jolteon\n|\n|-heal|p1a: Fezandipiti|56/278|[from] item: Leftovers\n|upkeep\n|\n|t:|1781436557\n|switch|p2a: Excadrill|Excadrill, L79, M|303/303\n|-ability|p2a: Excadrill|Mold Breaker\n|turn|14\n|\n|t:|1781436567\n|-terastallize|p1a: Fezandipiti|Ground\n|move|p1a: Fezandipiti|Tera Blast|p2a: Excadrill|[anim] Tera Blast Ground\n|-supereffective|p2a: Excadrill\n|-damage|p2a: Excadrill|93/303\n|move|p2a: Excadrill|Rapid Spin|p1a: Fezandipiti\n|-crit|p1a: Fezandipiti\n|-damage|p1a: Fezandipiti|0 fnt\n|-boost|p2a: Excadrill|spe|1\n|faint|p1a: Fezandipiti\n|\n|upkeep\n|\n|t:|1781436576\n|switch|p1a: Misdreavus|Misdreavus, L90, M|254/254\n|-damage|p1a: Misdreavus|223/254|[from] Stealth Rock\n|turn|15\n|\n|t:|1781436582\n|move|p2a: Excadrill|Iron Head|p1a: Misdreavus\n|-damage|p1a: Misdreavus|138/254\n|move|p1a: Misdreavus|Shadow Ball|p2a: Excadrill\n|-damage|p2a: Excadrill|17/303\n|\n|upkeep\n|turn|16\n|\n|t:|1781436585\n|move|p2a: Excadrill|Iron Head|p1a: Misdreavus\n|-damage|p1a: Misdreavus|59/254\n|move|p1a: Misdreavus|Shadow Ball|p2a: Excadrill\n|-damage|p2a: Excadrill|0 fnt\n|faint|p2a: Excadrill\n|\n|upkeep\n|\n|t:|1781436591\n|switch|p2a: Kleavor|Kleavor, L78, M|237/237\n|turn|17\n|\n|t:|1781436604\n|move|p1a: Misdreavus|Will-O-Wisp|p2a: Kleavor\n|-status|p2a: Kleavor|brn\n|move|p2a: Kleavor|Stone Axe|p1a: Misdreavus|[miss]\n|-miss|p2a: Kleavor|p1a: Misdreavus\n|\n|-damage|p2a: Kleavor|223/237 brn|[from] brn\n|upkeep\n|turn|18\n|inactive|DaMoistAvocado has 120 seconds left.\n|\n|t:|1781436650\n|move|p1a: Misdreavus|Draining Kiss|p2a: Kleavor\n|-damage|p2a: Kleavor|173/237 brn\n|-heal|p1a: Misdreavus|97/254|[from] drain|[of] p2a: Kleavor\n|move|p2a: Kleavor|Swords Dance|p2a: Kleavor\n|-boost|p2a: Kleavor|atk|2\n|\n|-damage|p2a: Kleavor|159/237 brn|[from] brn\n|upkeep\n|turn|19\n|\n|t:|1781436679\n|move|p1a: Misdreavus|Draining Kiss|p2a: Kleavor\n|-damage|p2a: Kleavor|113/237 brn\n|-heal|p1a: Misdreavus|132/254|[from] drain|[of] p2a: Kleavor\n|move|p2a: Kleavor|Stone Axe|p1a: Misdreavus\n|-damage|p1a: Misdreavus|33/254\n|\n|-damage|p2a: Kleavor|99/237 brn|[from] brn\n|upkeep\n|turn|20\n|inactive|DaMoistAvocado has 120 seconds left.\n|\n|t:|1781436698\n|move|p1a: Misdreavus|Shadow Ball|p2a: Kleavor\n|-damage|p2a: Kleavor|0 fnt\n|faint|p2a: Kleavor\n|\n|upkeep\n|\n|t:|1781436702\n|switch|p2a: Hitmonchan|Hitmonchan, L87, M|229/229\n|turn|21\n|\n|t:|1781436705\n|move|p1a: Misdreavus|Will-O-Wisp|p2a: Hitmonchan\n|-status|p2a: Hitmonchan|brn\n|move|p2a: Hitmonchan|Knock Off|p1a: Misdreavus\n|-supereffective|p1a: Misdreavus\n|-damage|p1a: Misdreavus|0 fnt\n|-enditem|p1a: Misdreavus|Eviolite|[from] move: Knock Off|[of] p2a: Hitmonchan\n|faint|p1a: Misdreavus\n|-damage|p2a: Hitmonchan|207/229 brn|[from] item: Life Orb\n|\n|-damage|p2a: Hitmonchan|193/229 brn|[from] brn\n|upkeep\n|\n|t:|1781436709\n|switch|p1a: Magearna|Magearna, L77|250/250\n|-damage|p1a: Magearna|235/250|[from] Stealth Rock\n|turn|22\n|inactive|DaMoistAvocado has 120 seconds left.\n|\n|t:|1781436729\n|move|p2a: Hitmonchan|Swords Dance|p2a: Hitmonchan\n|-boost|p2a: Hitmonchan|atk|2\n|move|p1a: Magearna|Fleur Cannon|p2a: Hitmonchan\n|-supereffective|p2a: Hitmonchan\n|-damage|p2a: Hitmonchan|0 fnt\n|-unboost|p1a: Magearna|spa|2\n|faint|p2a: Hitmonchan\n|-ability|p1a: Magearna|Soul-Heart|boost\n|-boost|p1a: Magearna|spa|1\n|\n|-heal|p1a: Magearna|250/250|[from] item: Leftovers\n|upkeep\n|-message|DaMoistAvocado forfeited.\n|\n|win|boulette de veau\n", "inputlog": ">version a8376a258c1d4662feba110a92103f3664a72141\n>start {\"formatid\":\"gen9randombattle\",\"seed\":\"sodium,a20330996cf7d406de2cd3d7d7a25176\",\"rated\":\"Rated battle\"}\n>player p1 {\"name\":\"boulette de veau\",\"avatar\":\"265\",\"rating\":1905,\"seed\":\"sodium,a0116399669987454753d641743efc90\"}\n>player p2 {\"name\":\"DaMoistAvocado\",\"avatar\":\"steven\",\"rating\":1937,\"seed\":\"sodium,8790052daf28bff3e76a22c0c503823f\"}\n>p1 move highhorsepower\n>p2 switch 3\n>p1 move highhorsepower\n>p2 switch 4\n>p1 move voltswitch\n>p2 move facade\n>p1 switch 2\n>p1 move drainingkiss\n>p2 switch 4\n>p1 move calmmind\n>p2 move stealthrock\n>p1 move shadowball\n>p2 move roar\n>p1 move substitute\n>p2 move earthquake\n>p1 move secretsword\n>p2 move earthquake\n>p2 switch 3\n>p1 switch 3\n>p2 move substitute\n>p1 move bulletseed\n>p2 move terablast terastallize\n>p1 switch 6\n>p1 move playrough\n>p2 move thunderbolt\n>p1 move gunkshot\n>p2 move thunderbolt\n>p1 move gunkshot\n>p2 move thunderbolt\n>p2 switch 2\n>p1 move terablast terastallize\n>p2 move rapidspin\n>p1 switch 5\n>p1 move shadowball\n>p2 move ironhead\n>p1 move shadowball\n>p2 move ironhead\n>p2 switch 6\n>p1 move willowisp\n>p2 move stoneaxe\n>p1 move drainingkiss\n>p2 move swordsdance\n>p1 move drainingkiss\n>p2 move stoneaxe\n>p1 move shadowball\n>p2 move stoneaxe\n>p2 switch 5\n>p1 move willowisp\n>p2 move knockoff\n>p1 switch 4\n>p1 move fleurcannon\n>p2 move swordsdance\n>forcelose p2", "uploadtime": 1781436393, "views": 6, "formatid": "gen9randombattle", "rating": null, "private": 0, "password": null}