{"id": "gen9randombattle-2631914032", "format": "[Gen 9] Random Battle", "players": ["SingWay", "Wigglystuff"], "log": "|j|\u2606SingWay\n|j|\u2606Wigglystuff\n|t:|1781455060\n|gametype|singles\n|player|p1|SingWay|burglar|2093\n|player|p2|Wigglystuff|265|2035\n|gen|9\n|tier|[Gen 9] Random Battle\n|rated|\n|rule|Species Clause: Limit one of each Pok\u00e9mon\n|rule|HP Percentage Mod: HP is shown in percentages\n|rule|Sleep Clause Mod: Limit one foe put to sleep\n|rule|Illusion Level Mod: Illusion disguises the Pok\u00e9mon's true level\n|\n|t:|1781455060\n|teamsize|p1|6\n|teamsize|p2|6\n|start\n|switch|p1a: Iron Treads|Iron Treads, L77|265/265\n|switch|p2a: Misdreavus|Misdreavus, L90, M|254/254\n|turn|1\n|inactive|Battle timer is ON: inactive players will automatically lose when time's up. (requested by Wigglystuff)\n|\n|t:|1781455111\n|switch|p2a: Gurdurr|Gurdurr, L85, M|283/283\n|move|p1a: Iron Treads|Volt Switch|p2a: Gurdurr\n|-damage|p2a: Gurdurr|248/283\n|\n|t:|1781455118\n|-end|p1a: Iron Treads|Quark Drive|[silent]\n|switch|p1a: Clefable|Clefable, L83, M|293/293|[from] Volt Switch\n|\n|upkeep\n|turn|2\n|\n|t:|1781455125\n|move|p1a: Clefable|Moonblast|p2a: Gurdurr\n|-supereffective|p2a: Gurdurr\n|-damage|p2a: Gurdurr|0 fnt\n|faint|p2a: Gurdurr\n|\n|upkeep\n|\n|t:|1781455147\n|switch|p2a: Gouging Fire|Gouging Fire, L74|277/277\n|turn|3\n|\n|t:|1781455168\n|move|p2a: Gouging Fire|Dragon Dance|p2a: Gouging Fire\n|-boost|p2a: Gouging Fire|atk|1\n|-boost|p2a: Gouging Fire|spe|1\n|move|p1a: Clefable|Moonblast|p2a: Gouging Fire\n|-damage|p2a: Gouging Fire|148/277\n|\n|upkeep\n|turn|4\n|\n|t:|1781455180\n|switch|p1a: Carbink|Carbink, L90|236/236\n|move|p2a: Gouging Fire|Heat Crash|p1a: Carbink\n|-resisted|p1a: Carbink\n|-damage|p1a: Carbink|184/236\n|\n|-heal|p1a: Carbink|198/236|[from] item: Leftovers\n|upkeep\n|turn|5\n|\n|t:|1781455186\n|move|p2a: Gouging Fire|Earthquake|p1a: Carbink\n|-supereffective|p1a: Carbink\n|-damage|p1a: Carbink|76/236\n|move|p1a: Carbink|Moonblast|p2a: Gouging Fire\n|-damage|p2a: Gouging Fire|75/277\n|\n|-heal|p1a: Carbink|90/236|[from] item: Leftovers\n|upkeep\n|turn|6\n|\n|t:|1781455194\n|move|p2a: Gouging Fire|Earthquake|p1a: Carbink\n|-supereffective|p1a: Carbink\n|-damage|p1a: Carbink|0 fnt\n|faint|p1a: Carbink\n|\n|upkeep\n|\n|t:|1781455206\n|switch|p1a: Sandaconda|Sandaconda, L84, M|258/258\n|turn|7\n|\n|t:|1781455212\n|move|p2a: Gouging Fire|Heat Crash|p1a: Sandaconda\n|-damage|p1a: Sandaconda|120/258\n|move|p1a: Sandaconda|Earthquake|p2a: Gouging Fire\n|-supereffective|p2a: Gouging Fire\n|-damage|p2a: Gouging Fire|0 fnt\n|faint|p2a: Gouging Fire\n|-end|p2a: Gouging Fire|Protosynthesis|[silent]\n|\n|-heal|p1a: Sandaconda|136/258|[from] item: Leftovers\n|upkeep\n|\n|t:|1781455225\n|switch|p2a: Poliwrath|Poliwrath, L88, F|302/302\n|turn|8\n|\n|t:|1781455242\n|switch|p1a: Articuno|Articuno, L86|295/295\n|-ability|p1a: Articuno|Pressure\n|move|p2a: Poliwrath|Liquidation|p1a: Articuno\n|-damage|p1a: Articuno|211/295\n|-unboost|p1a: Articuno|def|1\n|\n|upkeep\n|turn|9\n|\n|t:|1781455256\n|move|p1a: Articuno|Brave Bird|p2a: Poliwrath\n|-supereffective|p2a: Poliwrath\n|-damage|p2a: Poliwrath|98/302\n|-damage|p1a: Articuno|144/295|[from] Recoil\n|move|p2a: Poliwrath|Liquidation|p1a: Articuno\n|-damage|p1a: Articuno|5/295\n|\n|upkeep\n|turn|10\n|\n|t:|1781455265\n|move|p1a: Articuno|Brave Bird|p2a: Poliwrath\n|-supereffective|p2a: Poliwrath\n|-damage|p2a: Poliwrath|0 fnt\n|faint|p2a: Poliwrath\n|-damage|p1a: Articuno|0 fnt|[from] Recoil\n|faint|p1a: Articuno\n|\n|upkeep\n|\n|t:|1781455274\n|switch|p1a: Clefable|Clefable, L83, M|293/293\n|switch|p2a: Misdreavus|Misdreavus, L90, M|254/254\n|turn|11\n|\n|t:|1781455280\n|move|p2a: Misdreavus|Calm Mind|p2a: Misdreavus\n|-boost|p2a: Misdreavus|spa|1\n|-boost|p2a: Misdreavus|spd|1\n|move|p1a: Clefable|Calm Mind|p1a: Clefable\n|-boost|p1a: Clefable|spa|1\n|-boost|p1a: Clefable|spd|1\n|\n|upkeep\n|turn|12\n|\n|t:|1781455301\n|move|p2a: Misdreavus|Calm Mind|p2a: Misdreavus\n|-boost|p2a: Misdreavus|spa|1\n|-boost|p2a: Misdreavus|spd|1\n|move|p1a: Clefable|Calm Mind|p1a: Clefable\n|-boost|p1a: Clefable|spa|1\n|-boost|p1a: Clefable|spd|1\n|\n|upkeep\n|turn|13\n|\n|t:|1781455304\n|move|p2a: Misdreavus|Calm Mind|p2a: Misdreavus\n|-boost|p2a: Misdreavus|spa|1\n|-boost|p2a: Misdreavus|spd|1\n|move|p1a: Clefable|Calm Mind|p1a: Clefable\n|-boost|p1a: Clefable|spa|1\n|-boost|p1a: Clefable|spd|1\n|\n|upkeep\n|turn|14\n|\n|t:|1781455307\n|move|p2a: Misdreavus|Calm Mind|p2a: Misdreavus\n|-boost|p2a: Misdreavus|spa|1\n|-boost|p2a: Misdreavus|spd|1\n|move|p1a: Clefable|Calm Mind|p1a: Clefable\n|-boost|p1a: Clefable|spa|1\n|-boost|p1a: Clefable|spd|1\n|\n|upkeep\n|turn|15\n|\n|t:|1781455308\n|move|p2a: Misdreavus|Calm Mind|p2a: Misdreavus\n|-boost|p2a: Misdreavus|spa|1\n|-boost|p2a: Misdreavus|spd|1\n|move|p1a: Clefable|Calm Mind|p1a: Clefable\n|-boost|p1a: Clefable|spa|1\n|-boost|p1a: Clefable|spd|1\n|\n|upkeep\n|turn|16\n|\n|t:|1781455310\n|move|p2a: Misdreavus|Calm Mind|p2a: Misdreavus\n|-boost|p2a: Misdreavus|spa|1\n|-boost|p2a: Misdreavus|spd|1\n|move|p1a: Clefable|Calm Mind|p1a: Clefable\n|-boost|p1a: Clefable|spa|1\n|-boost|p1a: Clefable|spd|1\n|\n|upkeep\n|turn|17\n|\n|t:|1781455313\n|move|p2a: Misdreavus|Shadow Ball|p1a: Clefable\n|-damage|p1a: Clefable|209/293\n|-unboost|p1a: Clefable|spd|1\n|move|p1a: Clefable|Moonblast|p2a: Misdreavus\n|-damage|p2a: Misdreavus|171/254\n|\n|upkeep\n|turn|18\n|\n|t:|1781455321\n|move|p2a: Misdreavus|Shadow Ball|p1a: Clefable\n|-damage|p1a: Clefable|107/293\n|move|p1a: Clefable|Moonblast|p2a: Misdreavus\n|-damage|p2a: Misdreavus|84/254\n|\n|upkeep\n|turn|19\n|\n|t:|1781455327\n|move|p2a: Misdreavus|Shadow Ball|p1a: Clefable\n|-damage|p1a: Clefable|0 fnt\n|faint|p1a: Clefable\n|\n|upkeep\n|\n|t:|1781455332\n|switch|p1a: Iron Treads|Iron Treads, L77|265/265\n|turn|20\n|\n|t:|1781455342\n|move|p1a: Iron Treads|Iron Head|p2a: Misdreavus\n|-damage|p2a: Misdreavus|21/254\n|move|p2a: Misdreavus|Shadow Ball|p1a: Iron Treads\n|-damage|p1a: Iron Treads|0 fnt\n|faint|p1a: Iron Treads\n|-end|p1a: Iron Treads|Quark Drive|[silent]\n|\n|upkeep\n|\n|t:|1781455350\n|switch|p1a: Sandaconda|Sandaconda, L84, M|136/258\n|turn|21\n|-message|SingWay forfeited.\n|\n|win|Wigglystuff\n", "uploadtime": 1781455062, "views": 3, "formatid": "gen9randombattle", "rating": null, "private": 0, "password": null}