{"id": "gen9randombattle-2631508384", "format": "[Gen 9] Random Battle", "players": ["Rheny", "philschmil"], "log": "|j|\u2606Rheny\n|j|\u2606philschmil\n|t:|1781394123\n|gametype|singles\n|player|p1|Rheny|miku-ghost|1937\n|player|p2|philschmil|alder|1983\n|gen|9\n|tier|[Gen 9] Random Battle\n|rated|\n|rule|Species Clause: Limit one of each Pok\u00e9mon\n|rule|HP Percentage Mod: HP is shown in percentages\n|rule|Sleep Clause Mod: Limit one foe put to sleep\n|rule|Illusion Level Mod: Illusion disguises the Pok\u00e9mon's true level\n|\n|t:|1781394123\n|teamsize|p1|6\n|teamsize|p2|6\n|start\n|switch|p1a: Regieleki|Regieleki, L79|256/256\n|switch|p2a: Muk|Muk, L86, F|321/321\n|turn|1\n|inactive|Battle timer is ON: inactive players will automatically lose when time's up. (requested by philschmil)\n|\n|t:|1781394137\n|move|p1a: Regieleki|Volt Switch|p2a: Muk\n|-damage|p2a: Muk|261/321\n|\n|t:|1781394148\n|switch|p1a: Swalot|Swalot, L90, M|326/326|[from] Volt Switch\n|move|p2a: Muk|Knock Off|p1a: Swalot\n|-damage|p1a: Swalot|251/326\n|-enditem|p1a: Swalot|Leftovers|[from] move: Knock Off|[of] p2a: Muk\n|\n|upkeep\n|turn|2\n|\n|t:|1781394155\n|switch|p2a: Slowbro|Slowbro-Galar, L87, M|307/307\n|move|p1a: Swalot|Earthquake|p2a: Slowbro\n|-supereffective|p2a: Slowbro\n|-damage|p2a: Slowbro|185/307\n|\n|upkeep\n|turn|3\n|\n|t:|1781394174\n|switch|p1a: Greninja|Greninja, L80, M|246/246\n|move|p2a: Slowbro|Psychic|p1a: Greninja\n|-immune|p1a: Greninja\n|\n|upkeep\n|turn|4\n|\n|t:|1781394185\n|switch|p2a: Registeel|Registeel, L81|262/262\n|move|p1a: Greninja|Dark Pulse|p2a: Registeel\n|-start|p1a: Greninja|typechange|Dark|[from] ability: Protean\n|-damage|p2a: Registeel|192/262\n|-damage|p1a: Greninja|222/246|[from] item: Life Orb\n|\n|-heal|p2a: Registeel|208/262|[from] item: Leftovers\n|upkeep\n|turn|5\n|\n|t:|1781394201\n|switch|p1a: Brambleghast|Brambleghast, L88, F|240/240\n|move|p2a: Registeel|Iron Defense|p2a: Registeel\n|-boost|p2a: Registeel|def|2\n|\n|-heal|p2a: Registeel|224/262|[from] item: Leftovers\n|upkeep\n|turn|6\n|\n|t:|1781394215\n|move|p1a: Brambleghast|Spikes|p2a: Registeel\n|-sidestart|p2: philschmil|Spikes\n|move|p2a: Registeel|Thunder Wave|p1a: Brambleghast\n|-status|p1a: Brambleghast|par\n|\n|-heal|p2a: Registeel|240/262|[from] item: Leftovers\n|upkeep\n|turn|7\n|\n|t:|1781394218\n|move|p2a: Registeel|Iron Defense|p2a: Registeel\n|-boost|p2a: Registeel|def|2\n|cant|p1a: Brambleghast|par\n|\n|-heal|p2a: Registeel|256/262|[from] item: Leftovers\n|upkeep\n|turn|8\n|\n|t:|1781394220\n|move|p2a: Registeel|Iron Head|p1a: Brambleghast\n|-crit|p1a: Brambleghast\n|-damage|p1a: Brambleghast|134/240 par\n|move|p1a: Brambleghast|Spikes|p2a: Registeel\n|-sidestart|p2: philschmil|Spikes\n|\n|-heal|p2a: Registeel|262/262|[from] item: Leftovers\n|-heal|p1a: Brambleghast|149/240 par|[from] item: Leftovers\n|upkeep\n|turn|9\n|\n|t:|1781394223\n|move|p2a: Registeel|Iron Head|p1a: Brambleghast\n|-damage|p1a: Brambleghast|82/240 par\n|cant|p1a: Brambleghast|flinch\n|\n|-heal|p1a: Brambleghast|97/240 par|[from] item: Leftovers\n|upkeep\n|turn|10\n|\n|t:|1781394226\n|move|p2a: Registeel|Iron Head|p1a: Brambleghast\n|-damage|p1a: Brambleghast|25/240 par\n|move|p1a: Brambleghast|Spikes|p2a: Registeel\n|-sidestart|p2: philschmil|Spikes\n|\n|-heal|p1a: Brambleghast|40/240 par|[from] item: Leftovers\n|upkeep\n|turn|11\n|\n|t:|1781394230\n|move|p2a: Registeel|Iron Head|p1a: Brambleghast\n|-damage|p1a: Brambleghast|0 fnt\n|faint|p1a: Brambleghast\n|\n|upkeep\n|\n|t:|1781394241\n|switch|p1a: Great Tusk|Great Tusk, L77|304/304\n|turn|12\n|\n|t:|1781394247\n|move|p1a: Great Tusk|Headlong Rush|p2a: Registeel\n|-supereffective|p2a: Registeel\n|-damage|p2a: Registeel|200/262\n|-unboost|p1a: Great Tusk|def|1\n|-unboost|p1a: Great Tusk|spd|1\n|move|p2a: Registeel|Body Press|p1a: Great Tusk\n|-damage|p1a: Great Tusk|43/304\n|\n|-heal|p2a: Registeel|216/262|[from] item: Leftovers\n|upkeep\n|turn|13\n|\n|t:|1781394253\n|move|p1a: Great Tusk|Headlong Rush|p2a: Registeel\n|-supereffective|p2a: Registeel\n|-damage|p2a: Registeel|150/262\n|-unboost|p1a: Great Tusk|def|1\n|-unboost|p1a: Great Tusk|spd|1\n|move|p2a: Registeel|Iron Defense|p2a: Registeel\n|-boost|p2a: Registeel|def|2\n|\n|-heal|p2a: Registeel|166/262|[from] item: Leftovers\n|upkeep\n|turn|14\n|\n|t:|1781394256\n|move|p1a: Great Tusk|Headlong Rush|p2a: Registeel\n|-supereffective|p2a: Registeel\n|-damage|p2a: Registeel|118/262\n|-unboost|p1a: Great Tusk|def|1\n|-unboost|p1a: Great Tusk|spd|1\n|move|p2a: Registeel|Iron Head|p1a: Great Tusk\n|-damage|p1a: Great Tusk|0 fnt\n|faint|p1a: Great Tusk\n|-end|p1a: Great Tusk|Protosynthesis|[silent]\n|\n|-heal|p2a: Registeel|134/262|[from] item: Leftovers\n|upkeep\n|\n|t:|1781394260\n|switch|p1a: Greninja|Greninja, L80, M|222/246\n|turn|15\n|\n|t:|1781394265\n|-terastallize|p1a: Greninja|Dark\n|move|p1a: Greninja|Dark Pulse|p2a: Registeel\n|-damage|p2a: Registeel|30/262\n|-damage|p1a: Greninja|198/246|[from] item: Life Orb\n|move|p2a: Registeel|Body Press|p1a: Greninja\n|-supereffective|p1a: Greninja\n|-damage|p1a: Greninja|0 fnt\n|faint|p1a: Greninja\n|\n|-heal|p2a: Registeel|46/262|[from] item: Leftovers\n|upkeep\n|\n|t:|1781394266\n|switch|p1a: Regieleki|Regieleki, L79|256/256\n|turn|16\n|\n|t:|1781394277\n|move|p1a: Regieleki|Volt Switch|p2a: Registeel\n|-damage|p2a: Registeel|0 fnt\n|faint|p2a: Registeel\n|\n|t:|1781394290\n|switch|p1a: Swalot|Swalot, L90, M|251/326|[from] Volt Switch\n|\n|upkeep\n|\n|t:|1781394295\n|switch|p2a: Groudon|Groudon, L72|263/263\n|-damage|p2a: Groudon|198/263|[from] Spikes\n|-weather|SunnyDay|[from] ability: Drought|[of] p2a: Groudon\n|turn|17\n|\n|t:|1781394309\n|move|p2a: Groudon|Precipice Blades|p1a: Swalot\n|-supereffective|p1a: Swalot\n|-damage|p1a: Swalot|0 fnt\n|faint|p1a: Swalot\n|\n|-weather|SunnyDay|[upkeep]\n|-heal|p2a: Groudon|214/263|[from] item: Leftovers\n|upkeep\n|\n|t:|1781394313\n|switch|p1a: Frosmoth|Frosmoth, L82, M|249/249\n|turn|18\n|\n|t:|1781394318\n|move|p2a: Groudon|Heat Crash|p1a: Frosmoth\n|-supereffective|p1a: Frosmoth\n|-damage|p1a: Frosmoth|0 fnt\n|faint|p1a: Frosmoth\n|\n|-weather|SunnyDay|[upkeep]\n|-heal|p2a: Groudon|230/263|[from] item: Leftovers\n|upkeep\n|c|\u2606Rheny|gg\n|c|\u2606philschmil|gg\n|-message|Rheny forfeited.\n|\n|win|philschmil\n", "inputlog": ">version a8376a258c1d4662feba110a92103f3664a72141\n>start {\"formatid\":\"gen9randombattle\",\"seed\":\"sodium,0bd0bbfb2eeadc1861a931308a26850a\",\"rated\":\"Rated battle\"}\n>player p1 {\"name\":\"Rheny\",\"avatar\":\"miku-ghost\",\"rating\":1937,\"seed\":\"sodium,aa2c3f991e27feae6732ba01f138f9ba\"}\n>player p2 {\"name\":\"philschmil\",\"avatar\":\"alder\",\"rating\":1983,\"seed\":\"sodium,c66a5bdb8c8e1ac6a9d537a3b4d19516\"}\n>p1 move voltswitch\n>p2 move knockoff\n>p1 switch 4\n>p1 move earthquake\n>p2 switch 4\n>p1 switch 6\n>p2 move psychic\n>p1 move darkpulse\n>p2 switch 5\n>p1 switch 2\n>p2 move irondefense\n>p1 move spikes\n>p2 move thunderwave\n>p1 move spikes\n>p2 move irondefense\n>p1 move spikes\n>p2 move ironhead\n>p1 move spikes\n>p2 move ironhead\n>p1 move spikes\n>p2 move ironhead\n>p1 move spikes\n>p2 move ironhead\n>p1 switch 3\n>p1 move headlongrush\n>p2 move bodypress\n>p1 move headlongrush\n>p2 move irondefense\n>p1 move headlongrush\n>p2 move ironhead\n>p1 switch 2\n>p1 move darkpulse terastallize\n>p2 move bodypress\n>p1 switch 4\n>p1 move voltswitch\n>p2 move bodypress\n>p1 switch 6\n>p2 switch 2\n>p1 move toxic\n>p2 move precipiceblades\n>p1 switch 5\n>p1 move quiverdance\n>p2 move heatcrash\n>chat \u2606Rheny|gg\n>chat \u2606philschmil|gg\n>forcelose p1", "uploadtime": 1781394125, "views": 5, "formatid": "gen9randombattle", "rating": null, "private": 0, "password": null}