{"id": "gen9randombattle-2632000120", "format": "[Gen 9] Random Battle", "players": ["yakub's devil", "ahumanidadeomaga"], "log": "|j|\u2606yakub's devil\n|j|\u2606ahumanidadeomaga\n|t:|1781464499\n|gametype|singles\n|player|p1|yakub's devil|ghetsis|1322\n|player|p2|ahumanidadeomaga|101|1346\n|gen|9\n|tier|[Gen 9] Random Battle\n|rated|\n|rule|Species Clause: Limit one of each Pok\u00e9mon\n|rule|HP Percentage Mod: HP is shown in percentages\n|rule|Sleep Clause Mod: Limit one foe put to sleep\n|rule|Illusion Level Mod: Illusion disguises the Pok\u00e9mon's true level\n|\n|t:|1781464499\n|teamsize|p1|6\n|teamsize|p2|6\n|start\n|switch|p1a: Chansey|Chansey, L85, F|564/564\n|switch|p2a: Scizor|Scizor, L79, F|240/240\n|turn|1\n|\n|t:|1781464511\n|move|p2a: Scizor|Knock Off|p1a: Chansey\n|-damage|p1a: Chansey|314/564\n|-enditem|p1a: Chansey|Eviolite|[from] move: Knock Off|[of] p2a: Scizor\n|move|p1a: Chansey|Thunder Wave|p2a: Scizor\n|-status|p2a: Scizor|par\n|\n|upkeep\n|turn|2\n|\n|t:|1781464517\n|move|p1a: Chansey|Stealth Rock|p2a: Scizor\n|-sidestart|p2: ahumanidadeomaga|move: Stealth Rock\n|move|p2a: Scizor|Knock Off|p1a: Chansey\n|-damage|p1a: Chansey|65/564\n|\n|upkeep\n|turn|3\n|\n|t:|1781464532\n|move|p1a: Chansey|Soft-Boiled|p1a: Chansey\n|-heal|p1a: Chansey|347/564\n|move|p2a: Scizor|Knock Off|p1a: Chansey\n|-damage|p1a: Chansey|106/564\n|\n|upkeep\n|turn|4\n|\n|t:|1781464535\n|move|p1a: Chansey|Soft-Boiled|p1a: Chansey\n|-heal|p1a: Chansey|388/564\n|move|p2a: Scizor|Knock Off|p1a: Chansey\n|-damage|p1a: Chansey|113/564\n|\n|upkeep\n|turn|5\n|\n|t:|1781464540\n|switch|p2a: Swanna|Swanna, L89, F|278/278\n|move|p1a: Chansey|Soft-Boiled|p1a: Chansey\n|-heal|p1a: Chansey|395/564\n|\n|upkeep\n|turn|6\n|inactive|Battle timer is ON: inactive players will automatically lose when time's up. (requested by yakub's devil)\n|\n|t:|1781464550\n|move|p2a: Swanna|Defog|p1a: Chansey\n|-unboost|p1a: Chansey|evasion|1\n|-sideend|p2: ahumanidadeomaga|Stealth Rock|[from] move: Defog|[of] p2a: Swanna\n|move|p1a: Chansey|Thunder Wave|p2a: Swanna\n|-status|p2a: Swanna|par\n|\n|upkeep\n|turn|7\n|\n|t:|1781464556\n|move|p1a: Chansey|Seismic Toss|p2a: Swanna\n|-damage|p2a: Swanna|193/278 par\n|cant|p2a: Swanna|par\n|\n|upkeep\n|turn|8\n|\n|t:|1781464564\n|move|p1a: Chansey|Seismic Toss|p2a: Swanna\n|-damage|p2a: Swanna|108/278 par\n|move|p2a: Swanna|Brave Bird|p1a: Chansey\n|-damage|p1a: Chansey|0 fnt\n|faint|p1a: Chansey\n|-damage|p2a: Swanna|0 fnt|[from] Recoil\n|faint|p2a: Swanna\n|\n|upkeep\n|\n|t:|1781464581\n|switch|p2a: Scizor|Scizor, L79, F|240/240 par\n|switch|p1a: Pelipper|Pelipper, L86, F|243/243\n|-weather|RainDance|[from] ability: Drizzle|[of] p1a: Pelipper\n|turn|9\n|\n|t:|1781464590\n|move|p1a: Pelipper|Hurricane|p2a: Scizor\n|-damage|p2a: Scizor|21/240 par\n|move|p2a: Scizor|Knock Off|p1a: Pelipper\n|-crit|p1a: Pelipper\n|-damage|p1a: Pelipper|100/243\n|-enditem|p1a: Pelipper|Choice Specs|[from] move: Knock Off|[of] p2a: Scizor\n|\n|-weather|RainDance|[upkeep]\n|upkeep\n|turn|10\n|\n|t:|1781464596\n|move|p1a: Pelipper|Hurricane|p2a: Scizor\n|-damage|p2a: Scizor|0 fnt\n|faint|p2a: Scizor\n|\n|-weather|RainDance|[upkeep]\n|upkeep\n|\n|t:|1781464602\n|switch|p2a: Lugia|Lugia, L73|275/275\n|turn|11\n|\n|t:|1781464610\n|move|p2a: Lugia|Calm Mind|p2a: Lugia\n|-boost|p2a: Lugia|spa|1\n|-boost|p2a: Lugia|spd|1\n|move|p1a: Pelipper|Hurricane|p2a: Lugia\n|-damage|p2a: Lugia|245/275\n|-start|p2a: Lugia|confusion\n|\n|-weather|RainDance|[upkeep]\n|upkeep\n|turn|12\n|\n|t:|1781464621\n|-activate|p2a: Lugia|confusion\n|-damage|p2a: Lugia|230/275|[from] confusion\n|move|p1a: Pelipper|U-turn|p2a: Lugia\n|-damage|p2a: Lugia|204/275\n|\n|t:|1781464628\n|switch|p1a: Luxray|Luxray, L88, M|284/284|[from] U-turn\n|-ability|p1a: Luxray|Intimidate|boost\n|-unboost|p2a: Lugia|atk|1\n|\n|-weather|RainDance|[upkeep]\n|upkeep\n|turn|13\n|\n|t:|1781464634\n|switch|p2a: Chesnaught|Chesnaught, L84, M|285/285\n|move|p1a: Luxray|Wild Charge|p2a: Chesnaught\n|-resisted|p2a: Chesnaught\n|-damage|p2a: Chesnaught|241/285\n|-damage|p1a: Luxray|273/284|[from] Recoil\n|\n|-weather|none\n|-heal|p2a: Chesnaught|258/285|[from] item: Leftovers\n|upkeep\n|turn|14\n|\n|t:|1781464639\n|move|p1a: Luxray|Ice Fang|p2a: Chesnaught\n|-supereffective|p2a: Chesnaught\n|-damage|p2a: Chesnaught|164/285\n|move|p2a: Chesnaught|Knock Off|p1a: Luxray\n|-damage|p1a: Luxray|195/284\n|-enditem|p1a: Luxray|Assault Vest|[from] move: Knock Off|[of] p2a: Chesnaught\n|\n|-heal|p2a: Chesnaught|181/285|[from] item: Leftovers\n|upkeep\n|turn|15\n|\n|t:|1781464647\n|switch|p1a: Pelipper|Pelipper, L86, F|100/243\n|-weather|RainDance|[from] ability: Drizzle|[of] p1a: Pelipper\n|move|p2a: Chesnaught|Wood Hammer|p1a: Pelipper\n|-damage|p1a: Pelipper|0 fnt\n|faint|p1a: Pelipper\n|-damage|p2a: Chesnaught|148/285|[from] Recoil\n|\n|-weather|RainDance|[upkeep]\n|-heal|p2a: Chesnaught|165/285|[from] item: Leftovers\n|upkeep\n|\n|t:|1781464655\n|switch|p1a: Gurdurr|Gurdurr, L85, M|283/283\n|turn|16\n|\n|t:|1781464659\n|move|p2a: Chesnaught|Knock Off|p1a: Gurdurr\n|-resisted|p1a: Gurdurr\n|-damage|p1a: Gurdurr|257/283\n|-enditem|p1a: Gurdurr|Eviolite|[from] move: Knock Off|[of] p2a: Chesnaught\n|move|p1a: Gurdurr|Bulk Up|p1a: Gurdurr\n|-boost|p1a: Gurdurr|atk|1\n|-boost|p1a: Gurdurr|def|1\n|\n|-weather|RainDance|[upkeep]\n|-heal|p2a: Chesnaught|182/285|[from] item: Leftovers\n|upkeep\n|turn|17\n|\n|t:|1781464667\n|switch|p2a: Lugia|Lugia, L73|204/275\n|move|p1a: Gurdurr|Bulk Up|p1a: Gurdurr\n|-boost|p1a: Gurdurr|atk|1\n|-boost|p1a: Gurdurr|def|1\n|\n|-weather|RainDance|[upkeep]\n|upkeep\n|turn|18\n|\n|t:|1781464674\n|move|p2a: Lugia|Aeroblast|p1a: Gurdurr\n|-supereffective|p1a: Gurdurr\n|-damage|p1a: Gurdurr|21/283\n|move|p1a: Gurdurr|Knock Off|p2a: Lugia\n|-supereffective|p2a: Lugia\n|-damage|p2a: Lugia|0 fnt\n|-enditem|p2a: Lugia|Heavy-Duty Boots|[from] move: Knock Off|[of] p1a: Gurdurr\n|faint|p2a: Lugia\n|\n|-weather|RainDance|[upkeep]\n|upkeep\n|\n|t:|1781464693\n|switch|p2a: Chesnaught|Chesnaught, L84, M|182/285\n|turn|19\n|\n|t:|1781464701\n|move|p1a: Gurdurr|Mach Punch|p2a: Chesnaught\n|-damage|p2a: Chesnaught|112/285\n|move|p2a: Chesnaught|Knock Off|p1a: Gurdurr\n|-resisted|p1a: Gurdurr\n|-damage|p1a: Gurdurr|9/283\n|\n|-weather|none\n|-heal|p2a: Chesnaught|129/285|[from] item: Leftovers\n|upkeep\n|turn|20\n|\n|t:|1781464716\n|move|p1a: Gurdurr|Mach Punch|p2a: Chesnaught\n|-damage|p2a: Chesnaught|54/285\n|move|p2a: Chesnaught|Synthesis|p2a: Chesnaught\n|-heal|p2a: Chesnaught|196/285\n|\n|-heal|p2a: Chesnaught|213/285|[from] item: Leftovers\n|upkeep\n|turn|21\n|\n|t:|1781464722\n|move|p2a: Chesnaught|Body Press|p1a: Gurdurr\n|-damage|p1a: Gurdurr|0 fnt\n|faint|p1a: Gurdurr\n|\n|-heal|p2a: Chesnaught|230/285|[from] item: Leftovers\n|upkeep\n|\n|t:|1781464729\n|switch|p1a: Mamoswine|Mamoswine, L81, F|311/311\n|turn|22\n|\n|t:|1781464738\n|move|p1a: Mamoswine|Icicle Crash|p2a: Chesnaught\n|-supereffective|p2a: Chesnaught\n|-damage|p2a: Chesnaught|0 fnt\n|faint|p2a: Chesnaught\n|\n|upkeep\n|\n|t:|1781464742\n|switch|p2a: Emboar|Emboar, L84, F|322/322\n|turn|23\n|\n|t:|1781464752\n|switch|p1a: Luxray|Luxray, L88, M|195/284\n|-ability|p1a: Luxray|Intimidate|boost\n|-unboost|p2a: Emboar|atk|1\n|move|p2a: Emboar|Flare Blitz|p1a: Luxray\n|-damage|p1a: Luxray|75/284\n|-damage|p2a: Emboar|282/322|[from] Recoil\n|\n|upkeep\n|turn|24\n|\n|t:|1781464757\n|switch|p2a: Arbok|Arbok, L87, F|246/246\n|-ability|p2a: Arbok|Intimidate|boost\n|-unboost|p1a: Luxray|atk|1\n|move|p1a: Luxray|Wild Charge|p2a: Arbok\n|-damage|p2a: Arbok|147/246\n|-damage|p1a: Luxray|50/284|[from] Recoil\n|\n|upkeep\n|turn|25\n|\n|t:|1781464764\n|move|p2a: Arbok|Earthquake|p1a: Luxray\n|-supereffective|p1a: Luxray\n|-damage|p1a: Luxray|0 fnt\n|faint|p1a: Luxray\n|-damage|p2a: Arbok|123/246|[from] item: Life Orb\n|\n|upkeep\n|\n|t:|1781464768\n|switch|p1a: Mamoswine|Mamoswine, L81, F|311/311\n|turn|26\n|\n|t:|1781464771\n|move|p2a: Arbok|Glare|p1a: Mamoswine\n|-status|p1a: Mamoswine|par\n|move|p1a: Mamoswine|Earthquake|p2a: Arbok\n|-supereffective|p2a: Arbok\n|-crit|p2a: Arbok\n|-damage|p2a: Arbok|0 fnt\n|faint|p2a: Arbok\n|\n|upkeep\n|\n|t:|1781464773\n|switch|p2a: Emboar|Emboar, L84, F|282/322\n|turn|27\n|\n|t:|1781464777\n|-terastallize|p2a: Emboar|Fire\n|-terastallize|p1a: Mamoswine|Ground\n|move|p2a: Emboar|Flare Blitz|p1a: Mamoswine\n|-damage|p1a: Mamoswine|163/311 par\n|-damage|p2a: Emboar|233/322|[from] Recoil\n|move|p1a: Mamoswine|Earthquake|p2a: Emboar\n|-supereffective|p2a: Emboar\n|-damage|p2a: Emboar|0 fnt\n|faint|p2a: Emboar\n|\n|win|yakub's devil\n|raw|yakub&apos;s devil's rating: 1322 &rarr; <strong>1343</strong><br />(+21 for winning)\n|raw|ahumanidadeomaga's rating: 1346 &rarr; <strong>1325</strong><br />(-21 for losing)\n", "uploadtime": 1781464781, "views": 1, "formatid": "gen9randombattle", "rating": 1325, "private": 0, "password": null}