{"id": "gen9randombattle-2631630254", "format": "[Gen 9] Random Battle", "players": ["jsjsiis", "AllCuzOfHax"], "log": "|j|\u2606jsjsiis\n|j|\u2606AllCuzOfHax\n|t:|1781411570\n|gametype|singles\n|player|p1|jsjsiis|1|1942\n|player|p2|AllCuzOfHax|anabel|2018\n|gen|9\n|tier|[Gen 9] Random Battle\n|rated|\n|rule|Species Clause: Limit one of each Pok\u00e9mon\n|rule|HP Percentage Mod: HP is shown in percentages\n|rule|Sleep Clause Mod: Limit one foe put to sleep\n|rule|Illusion Level Mod: Illusion disguises the Pok\u00e9mon's true level\n|\n|t:|1781411570\n|teamsize|p1|6\n|teamsize|p2|6\n|start\n|switch|p1a: Noivern|Noivern, L82, F|274/274\n|switch|p2a: Toedscruel|Toedscruel, L87, F|281/281\n|turn|1\n|inactive|Battle timer is ON: inactive players will automatically lose when time's up. (requested by jsjsiis)\n|\n|t:|1781411590\n|switch|p2a: Perrserker|Perrserker, L89, F|269/269\n|move|p1a: Noivern|Hurricane|p2a: Perrserker\n|-resisted|p2a: Perrserker\n|-damage|p2a: Perrserker|203/269\n|-start|p2a: Perrserker|confusion\n|\n|upkeep\n|turn|2\n|\n|t:|1781411597\n|move|p1a: Noivern|Flamethrower|p2a: Perrserker\n|-supereffective|p2a: Perrserker\n|-damage|p2a: Perrserker|51/269\n|-activate|p2a: Perrserker|confusion\n|-damage|p2a: Perrserker|19/269|[from] confusion\n|\n|upkeep\n|turn|3\n|\n|t:|1781411602\n|move|p1a: Noivern|Flamethrower|p2a: Perrserker\n|-supereffective|p2a: Perrserker\n|-damage|p2a: Perrserker|0 fnt\n|faint|p2a: Perrserker\n|\n|upkeep\n|\n|t:|1781411608\n|switch|p2a: Indeedee|Indeedee, L84, M|238/238\n|-fieldstart|move: Psychic Terrain|[from] ability: Psychic Surge|[of] p2a: Indeedee\n|turn|4\n|\n|t:|1781411614\n|switch|p1a: Iron Crown|Iron Crown, L78|268/268\n|move|p2a: Indeedee|Expanding Force|p1a: Iron Crown\n|-resisted|p1a: Iron Crown\n|-damage|p1a: Iron Crown|231/268\n|\n|upkeep\n|turn|5\n|\n|t:|1781411622\n|switch|p2a: Toedscruel|Toedscruel, L87, F|281/281\n|move|p1a: Iron Crown|Tachyon Cutter|p2a: Toedscruel\n|-damage|p2a: Toedscruel|218/281\n|-damage|p2a: Toedscruel|158/281\n|-hitcount|p2a: Toedscruel|2\n|\n|-heal|p2a: Toedscruel|175/281|[from] item: Leftovers\n|upkeep\n|turn|6\n|\n|t:|1781411632\n|move|p1a: Iron Crown|Tachyon Cutter|p2a: Toedscruel\n|-damage|p2a: Toedscruel|114/281\n|-damage|p2a: Toedscruel|45/281\n|-hitcount|p2a: Toedscruel|2\n|move|p2a: Toedscruel|Spore|p1a: Iron Crown\n|-status|p1a: Iron Crown|slp|[from] move: Spore\n|\n|-heal|p2a: Toedscruel|62/281|[from] item: Leftovers\n|upkeep\n|turn|7\n|\n|t:|1781411640\n|-end|p1a: Iron Crown|Quark Drive|[silent]\n|switch|p1a: Noivern|Noivern, L82, F|274/274\n|move|p2a: Toedscruel|Earth Power|p1a: Noivern\n|-immune|p1a: Noivern\n|\n|-heal|p2a: Toedscruel|79/281|[from] item: Leftovers\n|upkeep\n|turn|8\n|\n|t:|1781411644\n|move|p1a: Noivern|Flamethrower|p2a: Toedscruel\n|-supereffective|p2a: Toedscruel\n|-damage|p2a: Toedscruel|0 fnt\n|faint|p2a: Toedscruel\n|\n|-fieldend|move: Psychic Terrain\n|upkeep\n|\n|t:|1781411651\n|switch|p2a: Indeedee|Indeedee, L84, M|238/238\n|-fieldstart|move: Psychic Terrain|[from] ability: Psychic Surge|[of] p2a: Indeedee\n|turn|9\n|\n|t:|1781411656\n|switch|p2a: Medicham|Medicham, L86, M|243/243\n|move|p1a: Noivern|Hurricane|p2a: Medicham|[miss]\n|-miss|p1a: Noivern|p2a: Medicham\n|\n|upkeep\n|turn|10\n|\n|t:|1781411662\n|move|p1a: Noivern|Hurricane|p2a: Medicham\n|-supereffective|p2a: Medicham\n|-damage|p2a: Medicham|9/243\n|move|p2a: Medicham|Zen Headbutt|p1a: Noivern\n|-damage|p1a: Noivern|0 fnt\n|faint|p1a: Noivern\n|\n|upkeep\n|\n|t:|1781411674\n|switch|p1a: Rotom|Rotom, L88|231/231\n|turn|11\n|\n|t:|1781411682\n|switch|p2a: Indeedee|Indeedee, L84, M|238/238\n|move|p1a: Rotom|Volt Switch|p2a: Indeedee\n|-damage|p2a: Indeedee|165/238\n|\n|t:|1781411689\n|switch|p1a: Zamazenta|Zamazenta, L71|248/248|[from] Volt Switch\n|-ability|p1a: Zamazenta|Dauntless Shield|boost\n|-boost|p1a: Zamazenta|def|1\n|\n|upkeep\n|turn|12\n|\n|t:|1781411693\n|move|p2a: Indeedee|Expanding Force|p1a: Zamazenta\n|-supereffective|p1a: Zamazenta\n|-damage|p1a: Zamazenta|0 fnt\n|faint|p1a: Zamazenta\n|\n|upkeep\n|\n|t:|1781411701\n|switch|p1a: Mimikyu|Mimikyu, L79, F|216/216\n|turn|13\n|\n|t:|1781411709\n|move|p2a: Indeedee|Expanding Force|p1a: Mimikyu\n|-activate|p1a: Mimikyu|ability: Disguise\n|-damage|p1a: Mimikyu|216/216\n|detailschange|p1a: Mimikyu|Mimikyu-Busted, L79, F\n|-damage|p1a: Mimikyu|189/216|[from] pokemon: Mimikyu-Busted\n|move|p1a: Mimikyu|Play Rough|p2a: Indeedee\n|-damage|p2a: Indeedee|16/238\n|-unboost|p2a: Indeedee|atk|1\n|-damage|p1a: Mimikyu|168/216|[from] item: Life Orb\n|\n|-fieldend|move: Psychic Terrain\n|upkeep\n|turn|14\n|\n|t:|1781411718\n|switch|p2a: Phione|Phione, L91|293/293\n|switch|p1a: Iron Crown|Iron Crown, L78|231/268 slp\n|\n|upkeep\n|turn|15\n|\n|t:|1781411725\n|cant|p1a: Iron Crown|slp\n|move|p2a: Phione|Take Heart|p2a: Phione\n|-boost|p2a: Phione|spa|1\n|-boost|p2a: Phione|spd|1\n|\n|upkeep\n|turn|16\n|\n|t:|1781411729\n|-curestatus|p1a: Iron Crown|slp|[msg]\n|move|p1a: Iron Crown|Psyshock|p2a: Phione\n|-damage|p2a: Phione|167/293\n|move|p2a: Phione|Take Heart|p2a: Phione\n|-boost|p2a: Phione|spa|1\n|-boost|p2a: Phione|spd|1\n|\n|-heal|p2a: Phione|185/293|[from] item: Leftovers\n|upkeep\n|turn|17\n|\n|t:|1781411736\n|move|p1a: Iron Crown|Psyshock|p2a: Phione\n|-damage|p2a: Phione|52/293\n|move|p2a: Phione|Scald|p1a: Iron Crown\n|-damage|p1a: Iron Crown|68/268\n|\n|-heal|p2a: Phione|70/293|[from] item: Leftovers\n|upkeep\n|turn|18\n|\n|t:|1781411743\n|move|p1a: Iron Crown|Psyshock|p2a: Phione\n|-damage|p2a: Phione|0 fnt\n|faint|p2a: Phione\n|\n|upkeep\n|\n|t:|1781411751\n|switch|p2a: Virizion|Virizion, L82|283/283\n|turn|19\n|\n|t:|1781411754\n|move|p2a: Virizion|Close Combat|p1a: Iron Crown\n|-damage|p1a: Iron Crown|0 fnt\n|-unboost|p2a: Virizion|def|1\n|-unboost|p2a: Virizion|spd|1\n|faint|p1a: Iron Crown\n|-end|p1a: Iron Crown|Quark Drive|[silent]\n|-damage|p2a: Virizion|255/283|[from] item: Life Orb\n|\n|upkeep\n|\n|t:|1781411768\n|switch|p1a: Rotom|Rotom, L88|231/231\n|turn|20\n|\n|t:|1781411774\n|switch|p2a: Medicham|Medicham, L86, M|9/243\n|move|p1a: Rotom|Trick|p2a: Medicham\n|-activate|p1a: Rotom|move: Trick|[of] p2a: Medicham\n|-item|p2a: Medicham|Choice Scarf|[from] move: Trick\n|-item|p1a: Rotom|Choice Band|[from] move: Trick\n|\n|upkeep\n|turn|21\n|\n|t:|1781411781\n|move|p2a: Medicham|Zen Headbutt|p1a: Rotom\n|-damage|p1a: Rotom|107/231\n|move|p1a: Rotom|Trick|p2a: Medicham\n|-activate|p1a: Rotom|move: Trick|[of] p2a: Medicham\n|-item|p2a: Medicham|Choice Band|[from] move: Trick\n|-item|p1a: Rotom|Choice Scarf|[from] move: Trick\n|\n|upkeep\n|turn|22\n|\n|t:|1781411786\n|move|p1a: Rotom|Volt Switch|p2a: Medicham\n|-damage|p2a: Medicham|0 fnt\n|faint|p2a: Medicham\n|\n|t:|1781411791\n|switch|p1a: Volcanion|Volcanion, L79|256/256|[from] Volt Switch\n|\n|upkeep\n|\n|t:|1781411797\n|switch|p2a: Indeedee|Indeedee, L84, M|16/238\n|-fieldstart|move: Psychic Terrain|[from] ability: Psychic Surge|[of] p2a: Indeedee\n|turn|23\n|\n|t:|1781411817\n|move|p2a: Indeedee|Expanding Force|p1a: Volcanion\n|-damage|p1a: Volcanion|61/256\n|move|p1a: Volcanion|Flamethrower|p2a: Indeedee\n|-damage|p2a: Indeedee|0 fnt\n|faint|p2a: Indeedee\n|\n|upkeep\n|\n|t:|1781411822\n|switch|p2a: Virizion|Virizion, L82|255/283\n|turn|24\n|\n|t:|1781411826\n|-terastallize|p2a: Virizion|Rock\n|move|p2a: Virizion|Swords Dance|p2a: Virizion\n|-boost|p2a: Virizion|atk|2\n|move|p1a: Volcanion|Haze|p1a: Volcanion\n|-clearallboost\n|\n|upkeep\n|turn|25\n|\n|t:|1781411838\n|move|p2a: Virizion|Leaf Blade|p1a: Volcanion\n|-damage|p1a: Volcanion|0 fnt\n|faint|p1a: Volcanion\n|-damage|p2a: Virizion|227/283|[from] item: Life Orb\n|\n|upkeep\n|\n|t:|1781411840\n|switch|p1a: Rotom|Rotom, L88|107/231\n|turn|26\n|\n|t:|1781411848\n|-terastallize|p1a: Rotom|Electric\n|move|p1a: Rotom|Thunderbolt|p2a: Virizion\n|-damage|p2a: Virizion|121/283\n|move|p2a: Virizion|Leaf Blade|p1a: Rotom\n|-damage|p1a: Rotom|0 fnt\n|faint|p1a: Rotom\n|-damage|p2a: Virizion|93/283|[from] item: Life Orb\n|\n|upkeep\n|\n|t:|1781411853\n|switch|p1a: Mimikyu|Mimikyu-Busted, L79, F|168/216\n|turn|27\n|\n|t:|1781411857\n|move|p2a: Virizion|Leaf Blade|p1a: Mimikyu\n|-damage|p1a: Mimikyu|39/216\n|-damage|p2a: Virizion|65/283|[from] item: Life Orb\n|move|p1a: Mimikyu|Shadow Claw|p2a: Virizion\n|-damage|p2a: Virizion|0 fnt\n|faint|p2a: Virizion\n|-damage|p1a: Mimikyu|18/216|[from] item: Life Orb\n|\n|win|jsjsiis\n", "inputlog": ">version a8376a258c1d4662feba110a92103f3664a72141\n>start {\"formatid\":\"gen9randombattle\",\"seed\":\"sodium,e305489634900febf3be6540cc8dc76d\",\"rated\":\"Rated battle\"}\n>player p1 {\"name\":\"jsjsiis\",\"avatar\":\"1\",\"rating\":1942,\"seed\":\"sodium,98eb19febf3c98e9500055796df3a8bc\"}\n>player p2 {\"name\":\"AllCuzOfHax\",\"avatar\":\"anabel\",\"rating\":2018,\"seed\":\"sodium,00dfb838e2b3fbf152f6b7e7ea74a187\"}\n>p1 move hurricane\n>p2 switch 4\n>p1 move flamethrower\n>p2 move uturn\n>p1 move flamethrower\n>p2 move uturn\n>p2 switch 3\n>p1 switch 3\n>p2 move expandingforce\n>p1 move tachyoncutter\n>p2 switch 4\n>p1 move tachyoncutter\n>p2 move spore\n>p1 switch 3\n>p2 move earthpower\n>p1 move flamethrower\n>p2 move rapidspin\n>p2 switch 4\n>p1 move hurricane\n>p2 switch 5\n>p1 move hurricane\n>p2 move zenheadbutt\n>p1 switch 6\n>p1 move voltswitch\n>p2 switch 5\n>p1 switch 5\n>p1 move crunch\n>p2 move expandingforce\n>p1 switch 2\n>p1 move playrough\n>p2 move expandingforce\n>p1 switch 3\n>p2 switch 6\n>p1 move psyshock\n>p2 move takeheart\n>p1 move psyshock\n>p2 move takeheart\n>p1 move psyshock\n>p2 move scald\n>p1 move psyshock\n>p2 move scald\n>p2 switch 2\n>p1 move psyshock\n>p2 move closecombat\n>p1 switch 5\n>p1 move trick\n>p2 switch 5\n>p1 move trick\n>p2 move zenheadbutt\n>p1 move voltswitch\n>p2 move zenheadbutt\n>p1 switch 4\n>p2 switch 6\n>p1 move flamethrower\n>p2 move expandingforce\n>p2 switch 5\n>p1 move haze\n>p2 move swordsdance terastallize\n>p1 move steameruption\n>p2 move leafblade\n>p1 switch 4\n>p1 move thunderbolt terastallize\n>p2 move leafblade\n>p1 switch 3\n>p1 move shadowclaw\n>p2 move leafblade", "uploadtime": 1781411572, "views": 4, "formatid": "gen9randombattle", "rating": null, "private": 0, "password": null}