{"id": "gen9randombattle-2631858224", "format": "[Gen 9] Random Battle", "players": ["seijetechi", "PTSree"], "log": "|j|\u2606seijetechi\n|j|\u2606PTSree\n|t:|1781448920\n|gametype|singles\n|player|p1|seijetechi|2|1928\n|player|p2|PTSree|1|1943\n|gen|9\n|tier|[Gen 9] Random Battle\n|rated|\n|rule|Species Clause: Limit one of each Pok\u00e9mon\n|rule|HP Percentage Mod: HP is shown in percentages\n|rule|Sleep Clause Mod: Limit one foe put to sleep\n|rule|Illusion Level Mod: Illusion disguises the Pok\u00e9mon's true level\n|\n|t:|1781448920\n|teamsize|p1|6\n|teamsize|p2|6\n|start\n|switch|p1a: Bellibolt|Bellibolt, L84, M|320/320\n|switch|p2a: Perrserker|Perrserker, L89, F|269/269\n|turn|1\n|inactive|Battle timer is ON: inactive players will automatically lose when time's up. (requested by PTSree)\n|\n|t:|1781448937\n|move|p2a: Perrserker|Knock Off|p1a: Bellibolt\n|-damage|p1a: Bellibolt|150/320\n|-start|p1a: Bellibolt|Charge|Knock Off|[from] ability: Electromorphosis\n|-enditem|p1a: Bellibolt|Leftovers|[from] move: Knock Off|[of] p2a: Perrserker\n|move|p1a: Bellibolt|Volt Switch|p2a: Perrserker\n|-damage|p2a: Perrserker|80/269\n|-end|p1a: Bellibolt|Charge|[silent]\n|\n|t:|1781448954\n|switch|p1a: Hitmontop|Hitmontop, L88, M|231/231|[from] Volt Switch\n|-ability|p1a: Hitmontop|Intimidate|boost\n|-unboost|p2a: Perrserker|atk|1\n|\n|upkeep\n|turn|2\n|\n|t:|1781448960\n|switch|p2a: Dachsbun|Dachsbun, L92, F|254/254\n|move|p1a: Hitmontop|Earthquake|p2a: Dachsbun\n|-damage|p2a: Dachsbun|200/254\n|\n|-heal|p2a: Dachsbun|215/254|[from] item: Leftovers\n|upkeep\n|turn|3\n|\n|t:|1781448972\n|switch|p1a: Copperajah|Copperajah, L86, M|350/350\n|move|p2a: Dachsbun|Yawn|p1a: Copperajah\n|-start|p1a: Copperajah|move: Yawn|[of] p2a: Dachsbun\n|\n|-heal|p2a: Dachsbun|230/254|[from] item: Leftovers\n|upkeep\n|turn|4\n|\n|t:|1781448981\n|switch|p1a: Bellibolt|Bellibolt, L84, M|150/320\n|move|p2a: Dachsbun|Protect||[still]\n|-fail|p2a: Dachsbun\n|\n|-heal|p2a: Dachsbun|245/254|[from] item: Leftovers\n|upkeep\n|turn|5\n|\n|t:|1781448988\n|move|p2a: Dachsbun|Yawn|p1a: Bellibolt\n|-start|p1a: Bellibolt|move: Yawn|[of] p2a: Dachsbun\n|move|p1a: Bellibolt|Slack Off|p1a: Bellibolt\n|-heal|p1a: Bellibolt|310/320\n|\n|-heal|p2a: Dachsbun|254/254|[from] item: Leftovers\n|upkeep\n|turn|6\n|\n|t:|1781449015\n|switch|p2a: Perrserker|Perrserker, L89, F|80/269\n|switch|p1a: Copperajah|Copperajah, L86, M|350/350\n|\n|upkeep\n|turn|7\n|\n|t:|1781449022\n|switch|p1a: Froslass|Froslass, L87, F|263/263\n|move|p2a: Perrserker|Close Combat|p1a: Froslass\n|-immune|p1a: Froslass\n|\n|upkeep\n|turn|8\n|\n|t:|1781449035\n|switch|p2a: Araquanid|Araquanid, L82, F|246/246\n|move|p1a: Froslass|Spikes|p2a: Araquanid\n|-sidestart|p2: PTSree|Spikes\n|\n|upkeep\n|turn|9\n|\n|t:|1781449047\n|switch|p1a: Bellibolt|Bellibolt, L84, M|310/320\n|move|p2a: Araquanid|Liquidation|p1a: Bellibolt\n|-damage|p1a: Bellibolt|177/320\n|-unboost|p1a: Bellibolt|def|1\n|-start|p1a: Bellibolt|Charge|Liquidation|[from] ability: Electromorphosis\n|\n|upkeep\n|turn|10\n|\n|t:|1781449059\n|move|p1a: Bellibolt|Thunderbolt|p2a: Araquanid\n|-supereffective|p2a: Araquanid\n|-damage|p2a: Araquanid|0 fnt\n|faint|p2a: Araquanid\n|-end|p1a: Bellibolt|Charge|[silent]\n|\n|upkeep\n|\n|t:|1781449069\n|switch|p2a: Perrserker|Perrserker, L89, F|80/269\n|-damage|p2a: Perrserker|47/269|[from] Spikes\n|turn|11\n|\n|t:|1781449082\n|switch|p1a: Basculegion|Basculegion, L80, M|323/323\n|move|p2a: Perrserker|Iron Head|p1a: Basculegion\n|-resisted|p1a: Basculegion\n|-damage|p1a: Basculegion|189/323\n|\n|upkeep\n|turn|12\n|\n|t:|1781449091\n|move|p1a: Basculegion|Aqua Jet|p2a: Perrserker\n|-damage|p2a: Perrserker|0 fnt\n|faint|p2a: Perrserker\n|\n|upkeep\n|\n|t:|1781449105\n|switch|p2a: Lokix|Lokix, L82, F|251/251\n|-damage|p2a: Lokix|220/251|[from] Spikes\n|turn|13\n|\n|t:|1781449112\n|switch|p1a: Copperajah|Copperajah, L86, M|350/350\n|move|p2a: Lokix|Knock Off|p1a: Copperajah\n|-damage|p1a: Copperajah|206/350\n|-enditem|p1a: Copperajah|Choice Band|[from] move: Knock Off|[of] p2a: Lokix\n|-damage|p2a: Lokix|195/251|[from] item: Life Orb\n|\n|upkeep\n|turn|14\n|\n|t:|1781449122\n|switch|p2a: Phione|Phione, L91|293/293\n|-damage|p2a: Phione|257/293|[from] Spikes\n|move|p1a: Copperajah|Heat Crash|p2a: Phione\n|-resisted|p2a: Phione\n|-damage|p2a: Phione|206/293\n|\n|-heal|p2a: Phione|224/293|[from] item: Leftovers\n|upkeep\n|turn|15\n|\n|t:|1781449133\n|move|p2a: Phione|Scald|p1a: Copperajah\n|-damage|p1a: Copperajah|106/350\n|-status|p1a: Copperajah|brn\n|move|p1a: Copperajah|Superpower|p2a: Phione\n|-crit|p2a: Phione\n|-damage|p2a: Phione|144/293\n|-unboost|p1a: Copperajah|atk|1\n|-unboost|p1a: Copperajah|def|1\n|\n|-heal|p2a: Phione|162/293|[from] item: Leftovers\n|-damage|p1a: Copperajah|85/350 brn|[from] brn\n|upkeep\n|turn|16\n|\n|t:|1781449147\n|switch|p1a: Bellibolt|Bellibolt, L84, M|177/320\n|move|p2a: Phione|Take Heart|p2a: Phione\n|-boost|p2a: Phione|spa|1\n|-boost|p2a: Phione|spd|1\n|\n|-heal|p2a: Phione|180/293|[from] item: Leftovers\n|upkeep\n|turn|17\n|\n|t:|1781449157\n|move|p2a: Phione|Take Heart|p2a: Phione\n|-boost|p2a: Phione|spa|1\n|-boost|p2a: Phione|spd|1\n|move|p1a: Bellibolt|Thunderbolt|p2a: Phione\n|-supereffective|p2a: Phione\n|-damage|p2a: Phione|78/293\n|\n|-heal|p2a: Phione|96/293|[from] item: Leftovers\n|upkeep\n|turn|18\n|\n|t:|1781449169\n|switch|p1a: Copperajah|Copperajah, L86, M|85/350 brn\n|move|p2a: Phione|Rest|p2a: Phione\n|-status|p2a: Phione|slp|[from] move: Rest\n|-heal|p2a: Phione|293/293 slp|[silent]\n|\n|-damage|p1a: Copperajah|64/350 brn|[from] brn\n|upkeep\n|turn|19\n|\n|t:|1781449180\n|switch|p1a: Froslass|Froslass, L87, F|263/263\n|cant|p2a: Phione|slp\n|move|p2a: Phione|Sleep Talk|p2a: Phione\n|move|p2a: Phione|Rest||[from] move: Sleep Talk|[still]\n|-fail|p2a: Phione\n|\n|upkeep\n|turn|20\n|\n|t:|1781449188\n|move|p1a: Froslass|Poltergeist|p2a: Phione\n|-activate|p2a: Phione|move: Poltergeist|Leftovers\n|-damage|p2a: Phione|185/293 slp\n|cant|p2a: Phione|slp\n|move|p2a: Phione|Sleep Talk|p2a: Phione\n|move|p2a: Phione|Scald|p1a: Froslass|[from] move: Sleep Talk\n|-crit|p1a: Froslass\n|-damage|p1a: Froslass|0 fnt\n|-start|p2a: Phione|Disable|Sleep Talk|[from] ability: Cursed Body|[of] p1a: Froslass\n|faint|p1a: Froslass\n|\n|-heal|p2a: Phione|203/293 slp|[from] item: Leftovers\n|upkeep\n|\n|t:|1781449218\n|switch|p1a: Hitmontop|Hitmontop, L88, M|231/231\n|-ability|p1a: Hitmontop|Intimidate|boost\n|-unboost|p2a: Phione|atk|1\n|turn|21\n|\n|t:|1781449239\n|switch|p2a: Dachsbun|Dachsbun, L92, F|254/254\n|-damage|p2a: Dachsbun|223/254|[from] Spikes\n|move|p1a: Hitmontop|Rapid Spin|p2a: Dachsbun\n|-damage|p2a: Dachsbun|194/254\n|-boost|p1a: Hitmontop|spe|1\n|\n|-heal|p2a: Dachsbun|209/254|[from] item: Leftovers\n|upkeep\n|turn|22\n|\n|t:|1781449251\n|switch|p1a: Bellibolt|Bellibolt, L84, M|177/320\n|move|p2a: Dachsbun|Play Rough|p1a: Bellibolt|[miss]\n|-miss|p2a: Dachsbun|p1a: Bellibolt\n|\n|-heal|p2a: Dachsbun|224/254|[from] item: Leftovers\n|upkeep\n|turn|23\n|\n|t:|1781449269\n|move|p2a: Dachsbun|Yawn|p1a: Bellibolt\n|-start|p1a: Bellibolt|move: Yawn|[of] p2a: Dachsbun\n|move|p1a: Bellibolt|Slack Off|p1a: Bellibolt\n|-heal|p1a: Bellibolt|320/320\n|\n|-heal|p2a: Dachsbun|239/254|[from] item: Leftovers\n|upkeep\n|turn|24\n|\n|t:|1781449286\n|switch|p1a: Copperajah|Copperajah, L86, M|64/350 brn\n|move|p2a: Dachsbun|Play Rough|p1a: Copperajah\n|-resisted|p1a: Copperajah\n|-damage|p1a: Copperajah|4/350 brn\n|\n|-heal|p2a: Dachsbun|254/254|[from] item: Leftovers\n|-damage|p1a: Copperajah|0 fnt|[from] brn\n|faint|p1a: Copperajah\n|upkeep\n|\n|t:|1781449298\n|switch|p1a: Bellibolt|Bellibolt, L84, M|320/320\n|turn|25\n|\n|t:|1781449303\n|move|p2a: Dachsbun|Yawn|p1a: Bellibolt\n|-start|p1a: Bellibolt|move: Yawn|[of] p2a: Dachsbun\n|move|p1a: Bellibolt|Volt Switch|p2a: Dachsbun\n|-crit|p2a: Dachsbun\n|-damage|p2a: Dachsbun|136/254\n|\n|t:|1781449310\n|switch|p1a: Basculegion|Basculegion, L80, M|189/323|[from] Volt Switch\n|\n|-heal|p2a: Dachsbun|151/254|[from] item: Leftovers\n|upkeep\n|turn|26\n|\n|t:|1781449317\n|move|p2a: Dachsbun|Protect|p2a: Dachsbun\n|-singleturn|p2a: Dachsbun|Protect\n|move|p1a: Basculegion|Shadow Ball|p2a: Dachsbun\n|-activate|p2a: Dachsbun|move: Protect\n|\n|-heal|p2a: Dachsbun|166/254|[from] item: Leftovers\n|upkeep\n|turn|27\n|\n|t:|1781449340\n|switch|p2a: Lokix|Lokix, L82, F|195/251\n|-damage|p2a: Lokix|164/251|[from] Spikes\n|move|p1a: Basculegion|Flip Turn|p2a: Lokix\n|-damage|p2a: Lokix|62/251\n|\n|t:|1781449349\n|switch|p1a: Cetitan|Cetitan, L82, F|413/413|[from] Flip Turn\n|\n|upkeep\n|turn|28\n|\n|t:|1781449361\n|move|p2a: Lokix|First Impression|p1a: Cetitan\n|-damage|p1a: Cetitan|260/413\n|-damage|p2a: Lokix|37/251|[from] item: Life Orb\n|move|p1a: Cetitan|Ice Shard|p2a: Lokix\n|-damage|p2a: Lokix|0 fnt\n|faint|p2a: Lokix\n|-damage|p1a: Cetitan|219/413|[from] item: Life Orb\n|\n|upkeep\n|inactive|PTSree has 120 seconds left.\n|\n|t:|1781449391\n|switch|p2a: Rampardos|Rampardos, L90, F|321/321\n|-damage|p2a: Rampardos|281/321|[from] Spikes\n|turn|29\n|inactive|PTSree has 120 seconds left.\n|\n|t:|1781449399\n|switch|p2a: Dachsbun|Dachsbun, L92, F|166/254\n|-damage|p2a: Dachsbun|135/254|[from] Spikes\n|move|p1a: Cetitan|Liquidation|p2a: Dachsbun\n|-damage|p2a: Dachsbun|58/254\n|\n|-heal|p2a: Dachsbun|73/254|[from] item: Leftovers\n|upkeep\n|turn|30\n|\n|t:|1781449408\n|move|p2a: Dachsbun|Protect|p2a: Dachsbun\n|-singleturn|p2a: Dachsbun|Protect\n|move|p1a: Cetitan|Icicle Crash|p2a: Dachsbun\n|-activate|p2a: Dachsbun|move: Protect\n|\n|-heal|p2a: Dachsbun|88/254|[from] item: Leftovers\n|upkeep\n|turn|31\n|\n|t:|1781449415\n|switch|p2a: Phione|Phione, L91|203/293 slp\n|-damage|p2a: Phione|167/293 slp|[from] Spikes\n|move|p1a: Cetitan|Icicle Crash|p2a: Phione\n|-resisted|p2a: Phione\n|-damage|p2a: Phione|81/293 slp\n|\n|-heal|p2a: Phione|99/293 slp|[from] item: Leftovers\n|upkeep\n|turn|32\n|\n|t:|1781449427\n|switch|p1a: Bellibolt|Bellibolt, L84, M|320/320\n|-curestatus|p2a: Phione|slp|[msg]\n|move|p2a: Phione|Rest|p2a: Phione\n|-status|p2a: Phione|slp|[from] move: Rest\n|-heal|p2a: Phione|293/293 slp|[silent]\n|\n|upkeep\n|turn|33\n|\n|t:|1781449437\n|switch|p2a: Rampardos|Rampardos, L90, F|281/321\n|-damage|p2a: Rampardos|241/321|[from] Spikes\n|move|p1a: Bellibolt|Thunderbolt|p2a: Rampardos\n|-damage|p2a: Rampardos|102/321\n|\n|upkeep\n|turn|34\n|\n|t:|1781449447\n|switch|p1a: Basculegion|Basculegion, L80, M|189/323\n|move|p2a: Rampardos|Earthquake|p1a: Basculegion\n|-crit|p1a: Basculegion\n|-damage|p1a: Basculegion|0 fnt\n|faint|p1a: Basculegion\n|\n|upkeep\n|\n|t:|1781449455\n|switch|p1a: Cetitan|Cetitan, L82, F|219/413\n|turn|35\n|\n|t:|1781449485\n|switch|p2a: Phione|Phione, L91|293/293 slp\n|-damage|p2a: Phione|257/293 slp|[from] Spikes\n|move|p1a: Cetitan|Earthquake|p2a: Phione\n|-damage|p2a: Phione|157/293 slp\n|-damage|p1a: Cetitan|178/413|[from] item: Life Orb\n|\n|-heal|p2a: Phione|175/293 slp|[from] item: Leftovers\n|upkeep\n|turn|36\n|\n|t:|1781449495\n|switch|p1a: Bellibolt|Bellibolt, L84, M|320/320\n|cant|p2a: Phione|slp\n|move|p2a: Phione|Sleep Talk|p2a: Phione\n|move|p2a: Phione|Rest||[from] move: Sleep Talk|[still]\n|-fail|p2a: Phione\n|\n|-heal|p2a: Phione|193/293 slp|[from] item: Leftovers\n|upkeep\n|turn|37\n|inactive|PTSree has 120 seconds left.\n|inactive|PTSree has 90 seconds left.\n|\n|t:|1781449551\n|-terastallize|p2a: Phione|Steel\n|cant|p2a: Phione|slp\n|move|p2a: Phione|Sleep Talk|p2a: Phione\n|move|p2a: Phione|Rest||[from] move: Sleep Talk|[still]\n|-fail|p2a: Phione\n|move|p1a: Bellibolt|Thunderbolt|p2a: Phione\n|-damage|p2a: Phione|90/293 slp\n|\n|-heal|p2a: Phione|108/293 slp|[from] item: Leftovers\n|upkeep\n|turn|38\n|inactive|PTSree has 90 seconds left.\n|\n|t:|1781449575\n|-curestatus|p2a: Phione|slp|[msg]\n|move|p2a: Phione|Rest|p2a: Phione\n|-status|p2a: Phione|slp|[from] move: Rest\n|-heal|p2a: Phione|293/293 slp|[silent]\n|move|p1a: Bellibolt|Volt Switch|p2a: Phione\n|-damage|p2a: Phione|209/293 slp\n|\n|t:|1781449584\n|switch|p1a: Hitmontop|Hitmontop, L88, M|231/231|[from] Volt Switch\n|-ability|p1a: Hitmontop|Intimidate|boost\n|-unboost|p2a: Phione|atk|1\n|\n|-heal|p2a: Phione|227/293 slp|[from] item: Leftovers\n|upkeep\n|turn|39\n|\n|t:|1781449591\n|switch|p2a: Dachsbun|Dachsbun, L92, F|88/254\n|-damage|p2a: Dachsbun|57/254|[from] Spikes\n|move|p1a: Hitmontop|Rapid Spin|p2a: Dachsbun\n|-damage|p2a: Dachsbun|29/254\n|-boost|p1a: Hitmontop|spe|1\n|\n|-heal|p2a: Dachsbun|44/254|[from] item: Leftovers\n|upkeep\n|turn|40\n|inactive|PTSree has 90 seconds left.\n|\n|t:|1781449603\n|move|p2a: Dachsbun|Protect|p2a: Dachsbun\n|-singleturn|p2a: Dachsbun|Protect\n|move|p1a: Hitmontop|Earthquake|p2a: Dachsbun\n|-activate|p2a: Dachsbun|move: Protect\n|\n|-heal|p2a: Dachsbun|59/254|[from] item: Leftovers\n|upkeep\n|turn|41\n|inactive|PTSree has 90 seconds left.\n|\n|t:|1781449611\n|-terastallize|p1a: Hitmontop|Steel\n|move|p1a: Hitmontop|Earthquake|p2a: Dachsbun\n|-damage|p2a: Dachsbun|6/254\n|move|p2a: Dachsbun|Play Rough|p1a: Hitmontop\n|-resisted|p1a: Hitmontop\n|-damage|p1a: Hitmontop|186/231\n|\n|-heal|p2a: Dachsbun|21/254|[from] item: Leftovers\n|upkeep\n|turn|42\n|-message|PTSree forfeited.\n|\n|win|seijetechi\n|raw|seijetechi's rating: 1928 &rarr; <strong>1949</strong><br />(+21 for winning)\n|raw|PTSree's rating: 1943 &rarr; <strong>1922</strong><br />(-21 for losing)\n", "inputlog": ">version a8376a258c1d4662feba110a92103f3664a72141\n>start {\"formatid\":\"gen9randombattle\",\"seed\":\"sodium,5d673677b6f7ebdfa9bffbada44343c8\",\"rated\":\"Rated battle\"}\n>player p1 {\"name\":\"seijetechi\",\"avatar\":\"2\",\"rating\":1928,\"seed\":\"sodium,6957ab553c6540058e925f6bcb832ef5\"}\n>player p2 {\"name\":\"PTSree\",\"avatar\":\"1\",\"rating\":1943,\"seed\":\"sodium,da5b4628483ae1f7397553e4b659f4b9\"}\n>p1 move voltswitch\n>p2 move knockoff\n>p1 switch 3\n>p1 move earthquake\n>p2 switch 6\n>p1 switch 6\n>p2 move yawn\n>p1 switch 3\n>p2 move protect\n>p1 move slackoff\n>p2 move yawn\n>p1 switch 3\n>p2 switch 6\n>p1 switch 2\n>p2 move closecombat\n>p1 move spikes\n>p2 switch 3\n>p1 switch 3\n>p2 move liquidation\n>p1 move thunderbolt\n>p2 move liquidation\n>p2 switch 3\n>p1 switch 4\n>p2 move ironhead\n>p1 move aquajet\n>p2 move ironhead\n>p2 switch 5\n>p1 switch 2\n>p2 move knockoff\n>p1 move heatcrash\n>p2 switch 2\n>p1 move superpower\n>p2 move scald\n>p1 switch 4\n>p2 move takeheart\n>p1 move thunderbolt\n>p2 move takeheart\n>p1 switch 4\n>p2 move rest\n>p1 switch 3\n>p2 move sleeptalk\n>p1 move poltergeist\n>p2 move sleeptalk\n>p1 switch 6\n>p1 move rapidspin\n>p2 switch 6\n>p1 switch 4\n>p2 move playrough\n>p1 move slackoff\n>p2 move yawn\n>p1 switch 3\n>p2 move playrough\n>p1 switch 3\n>p1 move voltswitch\n>p2 move yawn\n>p1 switch 2\n>p1 move shadowball\n>p2 move protect\n>p1 move flipturn\n>p2 switch 2\n>p1 switch 5\n>p1 move iceshard\n>p2 move firstimpression\n>p2 switch 4\n>p1 move liquidation\n>p2 switch 2\n>p1 move iciclecrash\n>p2 move protect\n>p1 move iciclecrash\n>p2 switch 6\n>p1 switch 2\n>p2 move rest\n>p1 move thunderbolt\n>p2 switch 2\n>p1 switch 5\n>p2 move earthquake\n>p1 switch 2\n>p1 move earthquake\n>p2 switch 2\n>p1 switch 5\n>p2 move sleeptalk\n>p1 move thunderbolt\n>p2 move sleeptalk terastallize\n>p1 move voltswitch\n>p2 move rest\n>p1 switch 4\n>p1 move rapidspin\n>p2 switch 6\n>p1 move earthquake\n>p2 move protect\n>p1 move earthquake terastallize\n>p2 move playrough\n>forcelose p2", "uploadtime": 1781448923, "views": 7, "formatid": "gen9randombattle", "rating": 1922, "private": 0, "password": null}