{"id": "gen9randombattle-2631430503", "format": "[Gen 9] Random Battle", "players": ["Manumed", "Alpha Clement"], "log": "|j|\u2606Manumed\n|j|\u2606Alpha Clement\n|t:|1781383721\n|gametype|singles\n|player|p1|Manumed|gambler|2007\n|player|p2|Alpha Clement|lucas|2031\n|gen|9\n|tier|[Gen 9] Random Battle\n|rated|\n|rule|Species Clause: Limit one of each Pok\u00e9mon\n|rule|HP Percentage Mod: HP is shown in percentages\n|rule|Sleep Clause Mod: Limit one foe put to sleep\n|rule|Illusion Level Mod: Illusion disguises the Pok\u00e9mon's true level\n|\n|t:|1781383721\n|teamsize|p1|6\n|teamsize|p2|6\n|start\n|switch|p1a: Ariados|Ariados, L95, M|287/287\n|switch|p2a: Meowscarada|Meowscarada, L78, M|247/247\n|turn|1\n|\n|t:|1781383760\n|move|p2a: Meowscarada|Toxic Spikes|p1a: Ariados\n|-start|p2a: Meowscarada|typechange|Poison|[from] ability: Protean\n|-sidestart|p1: Manumed|move: Toxic Spikes\n|move|p1a: Ariados|Sticky Web|p2a: Meowscarada\n|-sidestart|p2: Alpha Clement|move: Sticky Web\n|\n|upkeep\n|turn|2\n|\n|t:|1781383782\n|switch|p1a: Flamigo|Flamigo, L82, M|269/269\n|move|p2a: Meowscarada|Triple Axel|p1a: Flamigo\n|-supereffective|p1a: Flamigo\n|-damage|p1a: Flamigo|239/269\n|-supereffective|p1a: Flamigo\n|-damage|p1a: Flamigo|179/269\n|-supereffective|p1a: Flamigo\n|-damage|p1a: Flamigo|91/269\n|-hitcount|p1a: Flamigo|3\n|\n|upkeep\n|turn|3\n|\n|t:|1781383800\n|switch|p1a: Ariados|Ariados, L95, M|287/287\n|-sideend|p1: Manumed|move: Toxic Spikes|[of] p1a: Ariados\n|move|p2a: Meowscarada|Triple Axel|p1a: Ariados|[miss]\n|-miss|p2a: Meowscarada|p1a: Ariados\n|\n|upkeep\n|turn|4\n|\n|t:|1781383809\n|switch|p1a: Crabominable|Crabominable, L90, M|321/321\n|move|p2a: Meowscarada|Knock Off|p1a: Crabominable\n|-resisted|p1a: Crabominable\n|-damage|p1a: Crabominable|290/321\n|-enditem|p1a: Crabominable|Assault Vest|[from] move: Knock Off|[of] p2a: Meowscarada\n|\n|upkeep\n|turn|5\n|\n|t:|1781383822\n|switch|p2a: Grumpig|Grumpig, L92, F|297/297\n|-activate|p2a: Grumpig|move: Sticky Web\n|-unboost|p2a: Grumpig|spe|1\n|move|p1a: Crabominable|Earthquake|p2a: Grumpig\n|-damage|p2a: Grumpig|170/297\n|\n|upkeep\n|turn|6\n|\n|t:|1781383833\n|move|p2a: Grumpig|Psychic|p1a: Crabominable\n|-supereffective|p1a: Crabominable\n|-damage|p1a: Crabominable|0 fnt\n|faint|p1a: Crabominable\n|\n|upkeep\n|\n|t:|1781383837\n|switch|p1a: Veluza|Veluza, L85, M|292/292\n|turn|7\n|\n|t:|1781383859\n|switch|p2a: Meowscarada|Meowscarada, L78, M|247/247\n|-activate|p2a: Meowscarada|move: Sticky Web\n|-unboost|p2a: Meowscarada|spe|1\n|move|p1a: Veluza|Fillet Away|p1a: Veluza\n|-boost|p1a: Veluza|atk|2\n|-boost|p1a: Veluza|spa|2\n|-boost|p1a: Veluza|spe|2\n|-damage|p1a: Veluza|146/292\n|-enditem|p1a: Veluza|Sitrus Berry|[eat]\n|-heal|p1a: Veluza|219/292|[from] item: Sitrus Berry\n|\n|upkeep\n|turn|8\n|\n|t:|1781383878\n|-terastallize|p1a: Veluza|Dark\n|move|p1a: Veluza|Night Slash|p2a: Meowscarada\n|-resisted|p2a: Meowscarada\n|-damage|p2a: Meowscarada|100/247\n|move|p2a: Meowscarada|Flower Trick|p1a: Veluza\n|-start|p2a: Meowscarada|typechange|Grass|[from] ability: Protean\n|-crit|p1a: Veluza\n|-damage|p1a: Veluza|107/292\n|\n|upkeep\n|turn|9\n|\n|t:|1781383904\n|move|p1a: Veluza|Night Slash|p2a: Meowscarada\n|-damage|p2a: Meowscarada|0 fnt\n|faint|p2a: Meowscarada\n|\n|upkeep\n|\n|t:|1781383907\n|switch|p2a: Lokix|Lokix, L82, F|251/251\n|-activate|p2a: Lokix|move: Sticky Web\n|-unboost|p2a: Lokix|spe|1\n|turn|10\n|\n|t:|1781383917\n|move|p2a: Lokix|First Impression|p1a: Veluza\n|-supereffective|p1a: Veluza\n|-damage|p1a: Veluza|0 fnt\n|faint|p1a: Veluza\n|\n|upkeep\n|\n|t:|1781383927\n|switch|p1a: Ariados|Ariados, L95, M|287/287\n|turn|11\n|\n|t:|1781383948\n|move|p2a: Lokix|U-turn|p1a: Ariados\n|-resisted|p1a: Ariados\n|-damage|p1a: Ariados|201/287\n|\n|t:|1781383955\n|switch|p2a: Carbink|Carbink, L90|236/236|[from] U-turn\n|-activate|p2a: Carbink|move: Sticky Web\n|-fail|p2a: Carbink|unboost|[from] ability: Clear Body|[of] p2a: Carbink\n|move|p1a: Ariados|Megahorn|p2a: Carbink\n|-resisted|p2a: Carbink\n|-damage|p2a: Carbink|188/236\n|\n|-heal|p2a: Carbink|202/236|[from] item: Leftovers\n|upkeep\n|turn|12\n|\n|t:|1781383974\n|switch|p1a: Lunala|Lunala, L70|308/308\n|move|p2a: Carbink|Iron Defense|p2a: Carbink\n|-boost|p2a: Carbink|def|2\n|\n|-heal|p2a: Carbink|216/236|[from] item: Leftovers\n|upkeep\n|turn|13\n|\n|t:|1781383988\n|switch|p1a: Ariados|Ariados, L95, M|201/287\n|switch|p2a: Dewgong|Dewgong, L94, F|322/322\n|-activate|p2a: Dewgong|move: Sticky Web\n|-unboost|p2a: Dewgong|spe|1\n|\n|upkeep\n|turn|14\n|\n|t:|1781384005\n|move|p1a: Ariados|Poison Jab|p2a: Dewgong\n|-damage|p2a: Dewgong|231/322\n|move|p2a: Dewgong|Surf|p1a: Ariados\n|-damage|p1a: Ariados|107/287\n|\n|upkeep\n|turn|15\n|\n|t:|1781384017\n|move|p1a: Ariados|Megahorn|p2a: Dewgong|[miss]\n|-miss|p1a: Ariados|p2a: Dewgong\n|move|p2a: Dewgong|Triple Axel|p1a: Ariados\n|-damage|p1a: Ariados|85/287\n|-damage|p1a: Ariados|37/287\n|-damage|p1a: Ariados|0 fnt\n|faint|p1a: Ariados\n|-hitcount|p1: Ariados|3\n|\n|upkeep\n|\n|t:|1781384021\n|switch|p1a: Flamigo|Flamigo, L82, M|91/269\n|turn|16\n|\n|t:|1781384060\n|move|p1a: Flamigo|Close Combat|p2a: Dewgong\n|-supereffective|p2a: Dewgong\n|-damage|p2a: Dewgong|0 fnt\n|-unboost|p1a: Flamigo|def|1\n|-unboost|p1a: Flamigo|spd|1\n|faint|p2a: Dewgong\n|-damage|p1a: Flamigo|65/269|[from] item: Life Orb\n|\n|upkeep\n|\n|t:|1781384074\n|switch|p2a: Lokix|Lokix, L82, F|251/251\n|-activate|p2a: Lokix|move: Sticky Web\n|-unboost|p2a: Lokix|spe|1\n|turn|17\n|\n|t:|1781384079\n|move|p2a: Lokix|First Impression|p1a: Flamigo\n|-resisted|p1a: Flamigo\n|-damage|p1a: Flamigo|0 fnt\n|faint|p1a: Flamigo\n|\n|upkeep\n|\n|t:|1781384081\n|switch|p1a: Skeledirge|Skeledirge, L79, M|294/294\n|turn|18\n|\n|t:|1781384098\n|move|p1a: Skeledirge|Flame Charge|p2a: Lokix\n|-supereffective|p2a: Lokix\n|-damage|p2a: Lokix|171/251\n|-boost|p1a: Skeledirge|spe|1\n|move|p2a: Lokix|U-turn|p1a: Skeledirge\n|-resisted|p1a: Skeledirge\n|-damage|p1a: Skeledirge|252/294\n|\n|t:|1781384110\n|switch|p2a: Grumpig|Grumpig, L92, F|170/297|[from] U-turn\n|-activate|p2a: Grumpig|move: Sticky Web\n|-unboost|p2a: Grumpig|spe|1\n|\n|upkeep\n|turn|19\n|\n|t:|1781384116\n|move|p1a: Skeledirge|Shadow Ball|p2a: Grumpig\n|-supereffective|p2a: Grumpig\n|-damage|p2a: Grumpig|50/297\n|move|p2a: Grumpig|Earth Power|p1a: Skeledirge\n|-supereffective|p1a: Skeledirge\n|-damage|p1a: Skeledirge|16/294\n|\n|upkeep\n|turn|20\n|\n|t:|1781384139\n|move|p1a: Skeledirge|Torch Song|p2a: Grumpig\n|-damage|p2a: Grumpig|17/297\n|-boost|p1a: Skeledirge|spa|1\n|move|p2a: Grumpig|Earth Power|p1a: Skeledirge\n|-supereffective|p1a: Skeledirge\n|-damage|p1a: Skeledirge|0 fnt\n|faint|p1a: Skeledirge\n|\n|upkeep\n|-message|Manumed forfeited.\n|\n|win|Alpha Clement\n", "inputlog": ">version a8376a258c1d4662feba110a92103f3664a72141\n>start {\"formatid\":\"gen9randombattle\",\"seed\":\"sodium,f8f14e89df49ea5a51c4f16464ced4d9\",\"rated\":\"Rated battle\"}\n>player p1 {\"name\":\"Manumed\",\"avatar\":\"gambler\",\"rating\":2007,\"seed\":\"sodium,deb35e1b7cb5ce601580fc8c23411e76\"}\n>player p2 {\"name\":\"Alpha Clement\",\"avatar\":\"lucas\",\"rating\":2031,\"seed\":\"sodium,2f6b2fe8ba741891e36db028230e794e\"}\n>p1 move stickyweb\n>p2 move toxicspikes\n>p1 switch 3\n>p2 move tripleaxel\n>p1 switch 3\n>p2 move tripleaxel\n>p1 switch 4\n>p2 move knockoff\n>p1 move earthquake\n>p2 switch 5\n>p1 move knockoff\n>p2 move psychic\n>p1 switch 2\n>p1 move filletaway\n>p2 switch 5\n>p1 move nightslash terastallize\n>p2 move flowertrick\n>p1 move nightslash\n>p2 move flowertrick\n>p2 switch 6\n>p1 move aquacutter\n>p2 move firstimpression\n>p1 switch 4\n>p1 move megahorn\n>p2 move uturn\n>p2 switch 2\n>p1 switch 6\n>p2 move irondefense\n>p1 switch 6\n>p2 switch 4\n>p1 move poisonjab\n>p2 move surf\n>p1 move megahorn\n>p2 move tripleaxel\n>p1 switch 3\n>p1 move closecombat\n>p2 move surf\n>p2 switch 2\n>p1 move bravebird\n>p2 move firstimpression\n>p1 switch 5\n>p1 move flamecharge\n>p2 move uturn\n>p2 switch 5\n>p1 move shadowball\n>p2 move earthpower\n>p1 move torchsong\n>p2 move earthpower\n>forcelose p1", "uploadtime": 1781383723, "views": 12, "formatid": "gen9randombattle", "rating": null, "private": 0, "password": null}