{"id": "gen9randombattle-2631552808", "format": "[Gen 9] Random Battle", "players": ["nutbustas", "Arsenal0394"], "log": "|j|\u203dnutbustas\n|j|\u203dArsenal0394\n|t:|1781400343\n|gametype|singles\n|player|p1|nutbustas|plumeria|2031\n|player|p2|Arsenal0394|2|2034\n|gen|9\n|tier|[Gen 9] Random Battle\n|rated|\n|rule|Species Clause: Limit one of each Pok\u00e9mon\n|rule|HP Percentage Mod: HP is shown in percentages\n|rule|Sleep Clause Mod: Limit one foe put to sleep\n|rule|Illusion Level Mod: Illusion disguises the Pok\u00e9mon's true level\n|\n|t:|1781400343\n|teamsize|p1|6\n|teamsize|p2|6\n|start\n|switch|p1a: Minun|Minun, L95, F|268/268\n|switch|p2a: Magnezone|Magnezone, L85|258/258\n|turn|1\n|\n|t:|1781400383\n|move|p1a: Minun|Nasty Plot|p1a: Minun\n|-boost|p1a: Minun|spa|2\n|move|p2a: Magnezone|Body Press|p1a: Minun\n|-damage|p1a: Minun|153/268\n|\n|upkeep\n|turn|2\n|\n|t:|1781400388\n|move|p1a: Minun|Thunderbolt|p2a: Magnezone\n|-resisted|p2a: Magnezone\n|-damage|p2a: Magnezone|174/258\n|-damage|p1a: Minun|127/268|[from] item: Life Orb\n|move|p2a: Magnezone|Body Press|p1a: Minun\n|-damage|p1a: Minun|12/268\n|\n|upkeep\n|turn|3\n|\n|t:|1781400394\n|move|p1a: Minun|Thunderbolt|p2a: Magnezone\n|-resisted|p2a: Magnezone\n|-damage|p2a: Magnezone|95/258\n|-damage|p1a: Minun|0 fnt|[from] item: Life Orb\n|faint|p1a: Minun\n|move|p2a: Magnezone|Body Press|p1: Minun|[notarget]\n|-fail|p2a: Magnezone\n|\n|upkeep\n|\n|t:|1781400407\n|switch|p1a: Miraidon|Miraidon, L65|238/238\n|-fieldstart|move: Electric Terrain|[from] ability: Hadron Engine|[of] p1a: Miraidon\n|turn|4\n|\n|t:|1781400427\n|move|p1a: Miraidon|Calm Mind|p1a: Miraidon\n|-boost|p1a: Miraidon|spa|1\n|-boost|p1a: Miraidon|spd|1\n|move|p2a: Magnezone|Volt Switch|p1a: Miraidon\n|-resisted|p1a: Miraidon\n|-damage|p1a: Miraidon|209/238\n|\n|t:|1781400437\n|switch|p2a: Eternatus|Eternatus, L69|308/308|[from] Volt Switch\n|-ability|p2a: Eternatus|Pressure\n|\n|upkeep\n|turn|5\n|\n|t:|1781400451\n|move|p2a: Eternatus|Dynamax Cannon|p1a: Miraidon\n|-supereffective|p1a: Miraidon\n|-damage|p1a: Miraidon|65/238\n|move|p1a: Miraidon|Draco Meteor|p2a: Eternatus\n|-supereffective|p2a: Eternatus\n|-damage|p2a: Eternatus|0 fnt\n|-unboost|p1a: Miraidon|spa|2\n|faint|p2a: Eternatus\n|-damage|p1a: Miraidon|42/238|[from] item: Life Orb\n|\n|upkeep\n|\n|t:|1781400481\n|switch|p2a: Scyther|Scyther, L82, M|249/249\n|turn|6\n|\n|t:|1781400495\n|move|p2a: Scyther|Dual Wingbeat|p1a: Miraidon\n|-resisted|p1a: Miraidon\n|-damage|p1a: Miraidon|1/238\n|-resisted|p1a: Miraidon\n|-damage|p1a: Miraidon|0 fnt\n|faint|p1a: Miraidon\n|-hitcount|p1: Miraidon|2\n|\n|upkeep\n|inactive|Battle timer is ON: inactive players will automatically lose when time's up. (requested by Arsenal0394)\n|\n|t:|1781400503\n|switch|p1a: Terrakion|Terrakion, L79|273/273\n|turn|7\n|\n|t:|1781400513\n|move|p2a: Scyther|Close Combat|p1a: Terrakion\n|-supereffective|p1a: Terrakion\n|-damage|p1a: Terrakion|87/273\n|-unboost|p2a: Scyther|def|1\n|-unboost|p2a: Scyther|spd|1\n|move|p1a: Terrakion|Stone Edge|p2a: Scyther|[miss]\n|-miss|p1a: Terrakion|p2a: Scyther\n|\n|upkeep\n|turn|8\n|\n|t:|1781400517\n|switch|p1a: Sylveon|Sylveon, L85, M|300/300\n|move|p2a: Scyther|Close Combat|p1a: Sylveon\n|-resisted|p1a: Sylveon\n|-damage|p1a: Sylveon|249/300\n|-unboost|p2a: Scyther|def|1\n|-unboost|p2a: Scyther|spd|1\n|\n|-heal|p1a: Sylveon|267/300|[from] item: Leftovers\n|-fieldend|move: Electric Terrain\n|upkeep\n|turn|9\n|\n|t:|1781400522\n|move|p2a: Scyther|U-turn|p1a: Sylveon\n|-resisted|p1a: Sylveon\n|-damage|p1a: Sylveon|216/300\n|\n|t:|1781400525\n|switch|p2a: Magnezone|Magnezone, L85|95/258|[from] U-turn\n|move|p1a: Sylveon|Calm Mind|p1a: Sylveon\n|-boost|p1a: Sylveon|spa|1\n|-boost|p1a: Sylveon|spd|1\n|\n|-heal|p1a: Sylveon|234/300|[from] item: Leftovers\n|upkeep\n|turn|10\n|\n|t:|1781400542\n|move|p2a: Magnezone|Volt Switch|p1a: Sylveon\n|-damage|p1a: Sylveon|185/300\n|\n|t:|1781400550\n|switch|p2a: Clefable|Clefable, L83, F|293/293|[from] Volt Switch\n|move|p1a: Sylveon|Calm Mind|p1a: Sylveon\n|-boost|p1a: Sylveon|spa|1\n|-boost|p1a: Sylveon|spd|1\n|\n|-heal|p1a: Sylveon|203/300|[from] item: Leftovers\n|upkeep\n|turn|11\n|\n|t:|1781400557\n|move|p1a: Sylveon|Hyper Voice|p2a: Clefable\n|-damage|p2a: Clefable|32/293\n|move|p2a: Clefable|Moonblast|p1a: Sylveon\n|-damage|p1a: Sylveon|151/300\n|-unboost|p1a: Sylveon|spa|1\n|\n|-heal|p1a: Sylveon|169/300|[from] item: Leftovers\n|upkeep\n|turn|12\n|\n|t:|1781400564\n|switch|p2a: Mudsdale|Mudsdale, L83, F|302/302\n|move|p1a: Sylveon|Wish|p1a: Sylveon\n|\n|-heal|p1a: Sylveon|187/300|[from] item: Leftovers\n|upkeep\n|turn|13\n|\n|t:|1781400571\n|move|p1a: Sylveon|Hyper Voice|p2a: Mudsdale\n|-damage|p2a: Mudsdale|113/302\n|-ability|p2a: Mudsdale|Stamina|boost\n|-boost|p2a: Mudsdale|def|1\n|move|p2a: Mudsdale|Heavy Slam|p1a: Sylveon\n|-supereffective|p1a: Sylveon\n|-damage|p1a: Sylveon|0 fnt\n|faint|p1a: Sylveon\n|\n|-heal|p2a: Mudsdale|131/302|[from] item: Leftovers\n|upkeep\n|\n|t:|1781400578\n|switch|p1a: Chimecho|Chimecho, L93, F|290/290\n|turn|14\n|\n|t:|1781400588\n|switch|p2a: Scyther|Scyther, L82, M|249/249\n|move|p1a: Chimecho|Calm Mind|p1a: Chimecho\n|-boost|p1a: Chimecho|spa|1\n|-boost|p1a: Chimecho|spd|1\n|\n|upkeep\n|turn|15\n|\n|t:|1781400592\n|-terastallize|p1a: Chimecho|Electric\n|move|p2a: Scyther|U-turn|p1a: Chimecho\n|-damage|p1a: Chimecho|218/290\n|\n|t:|1781400614\n|switch|p2a: Mudsdale|Mudsdale, L83, F|131/302|[from] U-turn\n|move|p1a: Chimecho|Calm Mind|p1a: Chimecho\n|-boost|p1a: Chimecho|spa|1\n|-boost|p1a: Chimecho|spd|1\n|\n|-heal|p1a: Chimecho|236/290|[from] item: Leftovers\n|-heal|p2a: Mudsdale|149/302|[from] item: Leftovers\n|upkeep\n|turn|16\n|\n|t:|1781400621\n|move|p1a: Chimecho|Calm Mind|p1a: Chimecho\n|-boost|p1a: Chimecho|spa|1\n|-boost|p1a: Chimecho|spd|1\n|move|p2a: Mudsdale|Stone Edge|p1a: Chimecho\n|-damage|p1a: Chimecho|152/290\n|\n|-heal|p1a: Chimecho|170/290|[from] item: Leftovers\n|-heal|p2a: Mudsdale|167/302|[from] item: Leftovers\n|upkeep\n|turn|17\n|\n|t:|1781400624\n|move|p1a: Chimecho|Psychic Noise|p2a: Mudsdale\n|-damage|p2a: Mudsdale|0 fnt\n|faint|p2a: Mudsdale\n|\n|-heal|p1a: Chimecho|188/290|[from] item: Leftovers\n|upkeep\n|\n|t:|1781400633\n|switch|p2a: Cetitan|Cetitan, L82, M|413/413\n|turn|18\n|\n|t:|1781400639\n|move|p1a: Chimecho|Psychic Noise|p2a: Cetitan\n|-crit|p2a: Cetitan\n|-damage|p2a: Cetitan|0 fnt\n|faint|p2a: Cetitan\n|\n|-heal|p1a: Chimecho|206/290|[from] item: Leftovers\n|upkeep\n|\n|t:|1781400643\n|switch|p2a: Scyther|Scyther, L82, M|249/249\n|turn|19\n|\n|t:|1781400648\n|move|p2a: Scyther|U-turn|p1a: Chimecho\n|-damage|p1a: Chimecho|127/290\n|\n|t:|1781400653\n|switch|p2a: Clefable|Clefable, L83, F|32/293|[from] U-turn\n|move|p1a: Chimecho|Psychic Noise|p2a: Clefable\n|-damage|p2a: Clefable|0 fnt\n|faint|p2a: Clefable\n|\n|-heal|p1a: Chimecho|145/290|[from] item: Leftovers\n|upkeep\n|\n|t:|1781400655\n|switch|p2a: Scyther|Scyther, L82, M|249/249\n|turn|20\n|\n|t:|1781400660\n|move|p2a: Scyther|Close Combat|p1a: Chimecho\n|-damage|p1a: Chimecho|55/290\n|-unboost|p2a: Scyther|def|1\n|-unboost|p2a: Scyther|spd|1\n|move|p1a: Chimecho|Recover|p1a: Chimecho\n|-heal|p1a: Chimecho|200/290\n|\n|-heal|p1a: Chimecho|218/290|[from] item: Leftovers\n|upkeep\n|turn|21\n|\n|t:|1781400665\n|move|p2a: Scyther|U-turn|p1a: Chimecho\n|-damage|p1a: Chimecho|148/290\n|\n|t:|1781400667\n|switch|p2a: Magnezone|Magnezone, L85|95/258|[from] U-turn\n|move|p1a: Chimecho|Psychic Noise|p2a: Magnezone\n|-resisted|p2a: Magnezone\n|-damage|p2a: Magnezone|23/258\n|-start|p2a: Magnezone|move: Heal Block\n|\n|-heal|p1a: Chimecho|166/290|[from] item: Leftovers\n|upkeep\n|turn|22\n|-message|Arsenal0394 forfeited.\n|\n|win|nutbustas\n", "inputlog": ">version a8376a258c1d4662feba110a92103f3664a72141\n>start {\"formatid\":\"gen9randombattle\",\"seed\":\"sodium,8b45db1a797f8287ea669a7fca22d461\",\"rated\":\"Rated battle\"}\n>player p1 {\"name\":\"nutbustas\",\"avatar\":\"plumeria\",\"rating\":2031,\"seed\":\"sodium,10a895fe488a05296b07aa52ab1045bb\"}\n>player p2 {\"name\":\"Arsenal0394\",\"avatar\":\"2\",\"rating\":2034,\"seed\":\"sodium,dc8c68113109893ffdf95b0a9089dcaf\"}\n>p1 move nastyplot\n>p2 move bodypress\n>p1 move thunderbolt\n>p2 move bodypress\n>p1 move thunderbolt\n>p2 move bodypress\n>p1 switch 3\n>p1 move calmmind\n>p2 move voltswitch\n>p2 switch 2\n>p1 move dracometeor\n>p2 move dynamaxcannon\n>p2 switch 6\n>p1 move electrodrift\n>p2 move dualwingbeat\n>p1 switch 4\n>p1 move stoneedge\n>p2 move closecombat\n>p1 switch 6\n>p2 move closecombat\n>p1 move calmmind\n>p2 move uturn\n>p2 switch 2\n>p1 move calmmind\n>p2 move voltswitch\n>p2 switch 4\n>p1 move hypervoice\n>p2 move moonblast\n>p1 move wish\n>p2 switch 3\n>p1 move hypervoice\n>p2 move heavyslam\n>p1 switch 5\n>p1 move calmmind\n>p2 switch 2\n>p1 move calmmind terastallize\n>p2 move uturn\n>p2 switch 2\n>p1 move calmmind\n>p2 move stoneedge\n>p1 move psychicnoise\n>p2 move stoneedge\n>p2 switch 5\n>p1 move psychicnoise\n>p2 move iciclecrash\n>p2 switch 2\n>p1 move psychicnoise\n>p2 move uturn\n>p2 switch 3\n>p2 switch 3\n>p1 move recover\n>p2 move closecombat\n>p1 move psychicnoise\n>p2 move uturn\n>p2 switch 4\n>forcelose p2", "uploadtime": 1781400345, "views": 5, "formatid": "gen9randombattle", "rating": null, "private": 0, "password": null}