{"id": "gen9randombattle-2631908462", "format": "[Gen 9] Random Battle", "players": ["alvx", "Magikarpitalism"], "log": "|j|\u2606alvx\n|j|\u2606Magikarpitalism\n|t:|1781454463\n|gametype|singles\n|player|p1|alvx|alder|2108\n|player|p2|Magikarpitalism|steven|2161\n|gen|9\n|tier|[Gen 9] Random Battle\n|rated|\n|rule|Species Clause: Limit one of each Pok\u00e9mon\n|rule|HP Percentage Mod: HP is shown in percentages\n|rule|Sleep Clause Mod: Limit one foe put to sleep\n|rule|Illusion Level Mod: Illusion disguises the Pok\u00e9mon's true level\n|\n|t:|1781454463\n|teamsize|p1|6\n|teamsize|p2|6\n|start\n|switch|p1a: Archaludon|Archaludon, L78, F|268/268\n|switch|p2a: Vikavolt|Vikavolt, L83, M|263/263\n|turn|1\n|inactive|Battle timer is ON: inactive players will automatically lose when time's up. (requested by alvx)\n|\n|t:|1781454485\n|move|p1a: Archaludon|Swords Dance|p1a: Archaludon\n|-boost|p1a: Archaludon|atk|2\n|move|p2a: Vikavolt|Sticky Web|p1a: Archaludon\n|-sidestart|p1: alvx|move: Sticky Web\n|\n|upkeep\n|turn|2\n|\n|t:|1781454497\n|move|p1a: Archaludon|Iron Head|p2a: Vikavolt\n|-resisted|p2a: Vikavolt\n|-damage|p2a: Vikavolt|188/263\n|cant|p2a: Vikavolt|flinch\n|\n|upkeep\n|turn|3\n|\n|t:|1781454502\n|move|p1a: Archaludon|Outrage|p2a: Vikavolt\n|-damage|p2a: Vikavolt|0 fnt\n|faint|p2a: Vikavolt\n|\n|upkeep\n|\n|t:|1781454516\n|switch|p2a: Crabominable|Crabominable, L90, F|321/321\n|turn|4\n|\n|t:|1781454520\n|move|p1a: Archaludon|Outrage|p2a: Crabominable|[from] lockedmove\n|-damage|p2a: Crabominable|74/321\n|-start|p1a: Archaludon|confusion|[fatigue]\n|-enditem|p1a: Archaludon|Lum Berry|[eat]\n|-end|p1a: Archaludon|confusion\n|move|p2a: Crabominable|Close Combat|p1a: Archaludon\n|-supereffective|p1a: Archaludon\n|-damage|p1a: Archaludon|0 fnt\n|-unboost|p2a: Crabominable|def|1\n|-unboost|p2a: Crabominable|spd|1\n|faint|p1a: Archaludon\n|\n|upkeep\n|inactive|alvx has 120 seconds left.\n|\n|t:|1781454556\n|switch|p1a: Salamence|Salamence, L77, M|273/273\n|turn|5\n|\n|t:|1781454570\n|move|p1a: Salamence|Earthquake|p2a: Crabominable\n|-damage|p2a: Crabominable|0 fnt\n|faint|p2a: Crabominable\n|-ability|p1a: Salamence|Moxie|boost\n|-boost|p1a: Salamence|atk|1\n|\n|upkeep\n|\n|t:|1781454575\n|switch|p2a: Kleavor|Kleavor, L78, F|237/237\n|turn|6\n|\n|t:|1781454587\n|-terastallize|p1a: Salamence|Ground\n|move|p1a: Salamence|Dragon Dance|p1a: Salamence\n|-boost|p1a: Salamence|atk|1\n|-boost|p1a: Salamence|spe|1\n|move|p2a: Kleavor|Stone Axe|p1a: Salamence\n|-resisted|p1a: Salamence\n|-damage|p1a: Salamence|201/273\n|-sidestart|p1: alvx|move: Stealth Rock\n|\n|upkeep\n|turn|7\n|\n|t:|1781454594\n|move|p1a: Salamence|Dragon Dance|p1a: Salamence\n|-boost|p1a: Salamence|atk|1\n|-boost|p1a: Salamence|spe|1\n|move|p2a: Kleavor|X-Scissor|p1a: Salamence\n|-damage|p1a: Salamence|18/273\n|\n|upkeep\n|turn|8\n|\n|t:|1781454599\n|move|p1a: Salamence|Earthquake|p2a: Kleavor\n|-damage|p2a: Kleavor|0 fnt\n|faint|p2a: Kleavor\n|-ability|p1a: Salamence|Moxie|boost\n|-boost|p1a: Salamence|atk|1\n|\n|upkeep\n|\n|t:|1781454601\n|switch|p2a: Flapple|Flapple, L88, F|266/266\n|turn|9\n|\n|t:|1781454608\n|move|p1a: Salamence|Dragon Dance|p1a: Salamence\n|-boost|p1a: Salamence|atk|1\n|-boost|p1a: Salamence|spe|1\n|move|p2a: Flapple|Grav Apple|p1a: Salamence\n|-supereffective|p1a: Salamence\n|-damage|p1a: Salamence|0 fnt\n|faint|p1a: Salamence\n|\n|upkeep\n|\n|t:|1781454626\n|switch|p1a: Ho-Oh|Ho-Oh, L71|268/268\n|turn|10\n|\n|t:|1781454640\n|-terastallize|p2a: Flapple|Fire\n|move|p2a: Flapple|Dragon Dance|p2a: Flapple\n|-boost|p2a: Flapple|atk|1\n|-boost|p2a: Flapple|spe|1\n|move|p1a: Ho-Oh|Sacred Fire|p2a: Flapple\n|-resisted|p2a: Flapple\n|-damage|p2a: Flapple|214/266\n|\n|upkeep\n|turn|11\n|\n|t:|1781454651\n|switch|p1a: Regigigas|Regigigas, L84|322/322\n|-activate|p1a: Regigigas|move: Sticky Web\n|-unboost|p1a: Regigigas|spe|1\n|-damage|p1a: Regigigas|282/322|[from] Stealth Rock\n|-start|p1a: Regigigas|ability: Slow Start\n|move|p2a: Flapple|Outrage|p1a: Regigigas\n|-damage|p1a: Regigigas|0 fnt\n|faint|p1a: Regigigas\n|-end|p1a: Regigigas|Slow Start|[silent]\n|\n|upkeep\n|inactive|alvx has 120 seconds left.\n|\n|t:|1781454679\n|switch|p1a: Illumise|Illumise, L91, F|266/266\n|turn|12\n|\n|t:|1781454684\n|move|p1a: Illumise|Thunder Wave|p2a: Flapple\n|-status|p2a: Flapple|par\n|move|p2a: Flapple|Outrage|p1a: Illumise|[from] lockedmove\n|-damage|p1a: Illumise|0 fnt\n|faint|p1a: Illumise\n|-start|p2a: Flapple|confusion|[fatigue]\n|\n|upkeep\n|inactive|alvx has 120 seconds left.\n|\n|t:|1781454712\n|switch|p1a: Ambipom|Ambipom, L84, F|263/263\n|-activate|p1a: Ambipom|move: Sticky Web\n|-unboost|p1a: Ambipom|spe|1\n|-damage|p1a: Ambipom|231/263|[from] Stealth Rock\n|turn|13\n|inactive|alvx has 90 seconds left.\n|\n|t:|1781454745\n|move|p1a: Ambipom|Knock Off|p2a: Flapple\n|-damage|p2a: Flapple|113/266 par\n|-enditem|p2a: Flapple|Wide Lens|[from] move: Knock Off|[of] p1a: Ambipom\n|-activate|p2a: Flapple|confusion\n|move|p2a: Flapple|Outrage|p1a: Ambipom\n|-damage|p1a: Ambipom|0 fnt\n|faint|p1a: Ambipom\n|\n|upkeep\n|inactive|alvx has 90 seconds left.\n|\n|t:|1781454753\n|switch|p1a: Ho-Oh|Ho-Oh, L71|268/268\n|turn|14\n|\n|t:|1781454756\n|move|p1a: Ho-Oh|Earthquake|p2a: Flapple\n|-supereffective|p2a: Flapple\n|-damage|p2a: Flapple|0 fnt\n|faint|p2a: Flapple\n|\n|upkeep\n|\n|t:|1781454759\n|switch|p2a: Blaziken|Blaziken, L76, F|247/247\n|turn|15\n|\n|t:|1781454766\n|move|p2a: Blaziken|Protect|p2a: Blaziken\n|-singleturn|p2a: Blaziken|Protect\n|move|p1a: Ho-Oh|Brave Bird|p2a: Blaziken\n|-activate|p2a: Blaziken|move: Protect\n|\n|-ability|p2a: Blaziken|Speed Boost|boost\n|-boost|p2a: Blaziken|spe|1\n|upkeep\n|turn|16\n|\n|t:|1781454772\n|move|p2a: Blaziken|Flare Blitz|p1a: Ho-Oh\n|-resisted|p1a: Ho-Oh\n|-damage|p1a: Ho-Oh|174/268\n|-damage|p2a: Blaziken|216/247|[from] Recoil\n|-damage|p2a: Blaziken|192/247|[from] item: Life Orb\n|move|p1a: Ho-Oh|Brave Bird|p2a: Blaziken\n|-supereffective|p2a: Blaziken\n|-damage|p2a: Blaziken|0 fnt\n|faint|p2a: Blaziken\n|-damage|p1a: Ho-Oh|111/268|[from] Recoil\n|\n|upkeep\n|\n|t:|1781454774\n|switch|p2a: Cinccino|Cinccino, L83, F|260/260\n|turn|17\n|\n|t:|1781454779\n|move|p2a: Cinccino|Tail Slap|p1a: Ho-Oh\n|-damage|p1a: Ho-Oh|68/268\n|-damage|p1a: Ho-Oh|25/268\n|-damage|p1a: Ho-Oh|0 fnt\n|faint|p1a: Ho-Oh\n|-hitcount|p1: Ho-Oh|3\n|\n|win|Magikarpitalism\n|raw|alvx's rating: 2108 &rarr; <strong>2091</strong><br />(-17 for losing)\n|raw|Magikarpitalism's rating: 2161 &rarr; <strong>2178</strong><br />(+17 for winning)\n|l|\u2606alvx\n|player|p1|\n", "inputlog": ">version a8376a258c1d4662feba110a92103f3664a72141\n>start {\"formatid\":\"gen9randombattle\",\"seed\":\"sodium,1d0a5e30a66e79e906d5ce5cbb223bc3\",\"rated\":\"Rated battle\"}\n>player p1 {\"name\":\"alvx\",\"avatar\":\"alder\",\"rating\":2108,\"seed\":\"sodium,8c59db07a54b6f9a71b61db2b6fb1c85\"}\n>player p2 {\"name\":\"Magikarpitalism\",\"avatar\":\"steven\",\"rating\":2161,\"seed\":\"sodium,c9f12d5a27d66a1e9e7e04c3724558ef\"}\n>p1 move swordsdance\n>p2 move stickyweb\n>p1 move ironhead\n>p2 move bugbuzz\n>p1 move outrage\n>p2 move bugbuzz\n>p2 switch 3\n>p1 move outrage\n>p2 move closecombat\n>p1 switch 2\n>p1 move earthquake\n>p2 move closecombat\n>p2 switch 2\n>p1 move dragondance terastallize\n>p2 move stoneaxe\n>p1 move dragondance\n>p2 move xscissor\n>p1 move earthquake\n>p2 move xscissor\n>p2 switch 4\n>p1 move dragondance\n>p2 move gravapple\n>p1 switch 5\n>p1 move sacredfire\n>p2 move dragondance terastallize\n>p1 switch 3\n>p2 move outrage\n>p1 switch 4\n>p1 move thunderwave\n>p2 move outrage\n>p1 switch 6\n>p1 move knockoff\n>p2 move outrage\n>p1 switch 3\n>p1 move earthquake\n>p2 move outrage\n>p2 switch 6\n>p1 move bravebird\n>p2 move protect\n>p1 move bravebird\n>p2 move flareblitz\n>p2 switch 5\n>p1 move sacredfire\n>p2 move tailslap", "uploadtime": 1781454465, "views": 10, "formatid": "gen9randombattle", "rating": 2091, "private": 0, "password": null}