{"id": "gen9randombattle-2631826413", "format": "[Gen 9] Random Battle", "players": ["Gin X Tonic", "kheladi7"], "log": "|j|\u2606Gin X Tonic\n|j|\u2606kheladi7\n|t:|1781445089\n|gametype|singles\n|player|p1|Gin X Tonic|artist-gen4|1913\n|player|p2|kheladi7|102|2012\n|gen|9\n|tier|[Gen 9] Random Battle\n|rated|\n|rule|Species Clause: Limit one of each Pok\u00e9mon\n|rule|HP Percentage Mod: HP is shown in percentages\n|rule|Sleep Clause Mod: Limit one foe put to sleep\n|rule|Illusion Level Mod: Illusion disguises the Pok\u00e9mon's true level\n|\n|t:|1781445089\n|teamsize|p1|6\n|teamsize|p2|6\n|start\n|switch|p1a: Revavroom|Revavroom, L79, F|256/256\n|switch|p2a: Gurdurr|Gurdurr, L85, M|283/283\n|turn|1\n|inactive|Battle timer is ON: inactive players will automatically lose when time's up. (requested by Gin X Tonic)\n|\n|t:|1781445108\n|switch|p1a: Salamence|Salamence, L77, M|273/273\n|-ability|p1a: Salamence|Intimidate|boost\n|-unboost|p2a: Gurdurr|atk|1\n|move|p2a: Gurdurr|Bulk Up|p2a: Gurdurr\n|-boost|p2a: Gurdurr|atk|1\n|-boost|p2a: Gurdurr|def|1\n|\n|upkeep\n|turn|2\n|\n|t:|1781445116\n|move|p1a: Salamence|Dragon Dance|p1a: Salamence\n|-boost|p1a: Salamence|atk|1\n|-boost|p1a: Salamence|spe|1\n|move|p2a: Gurdurr|Bulk Up|p2a: Gurdurr\n|-boost|p2a: Gurdurr|atk|1\n|-boost|p2a: Gurdurr|def|1\n|\n|upkeep\n|turn|3\n|\n|t:|1781445123\n|move|p1a: Salamence|Dragon Dance|p1a: Salamence\n|-boost|p1a: Salamence|atk|1\n|-boost|p1a: Salamence|spe|1\n|move|p2a: Gurdurr|Bulk Up|p2a: Gurdurr\n|-boost|p2a: Gurdurr|atk|1\n|-boost|p2a: Gurdurr|def|1\n|\n|upkeep\n|turn|4\n|\n|t:|1781445129\n|move|p1a: Salamence|Dual Wingbeat|p2a: Gurdurr\n|-supereffective|p2a: Gurdurr\n|-damage|p2a: Gurdurr|229/283\n|-supereffective|p2a: Gurdurr\n|-damage|p2a: Gurdurr|175/283\n|-hitcount|p2a: Gurdurr|2\n|move|p2a: Gurdurr|Bulk Up|p2a: Gurdurr\n|-boost|p2a: Gurdurr|atk|1\n|-boost|p2a: Gurdurr|def|1\n|\n|upkeep\n|turn|5\n|\n|t:|1781445138\n|move|p1a: Salamence|Dual Wingbeat|p2a: Gurdurr\n|-supereffective|p2a: Gurdurr\n|-damage|p2a: Gurdurr|131/283\n|-supereffective|p2a: Gurdurr\n|-damage|p2a: Gurdurr|87/283\n|-hitcount|p2a: Gurdurr|2\n|move|p2a: Gurdurr|Knock Off|p1a: Salamence\n|-damage|p1a: Salamence|55/273\n|-enditem|p1a: Salamence|Heavy-Duty Boots|[from] move: Knock Off|[of] p2a: Gurdurr\n|\n|upkeep\n|turn|6\n|\n|t:|1781445150\n|-terastallize|p2a: Gurdurr|Steel\n|move|p1a: Salamence|Earthquake|p2a: Gurdurr\n|-supereffective|p2a: Gurdurr\n|-damage|p2a: Gurdurr|19/283\n|move|p2a: Gurdurr|Drain Punch|p1a: Salamence\n|-resisted|p1a: Salamence\n|-damage|p1a: Salamence|0 fnt\n|-heal|p2a: Gurdurr|47/283|[from] drain|[of] p1a: Salamence\n|faint|p1a: Salamence\n|\n|upkeep\n|c|\u2606kheladi7|woa nice predicted\n|c|\u2606kheladi7|!\n|\n|t:|1781445165\n|switch|p1a: Revavroom|Revavroom, L79, F|256/256\n|turn|7\n|\n|t:|1781445170\n|move|p2a: Gurdurr|Mach Punch|p1a: Revavroom\n|-damage|p1a: Revavroom|135/256\n|move|p1a: Revavroom|High Horsepower|p2a: Gurdurr\n|-supereffective|p2a: Gurdurr\n|-damage|p2a: Gurdurr|5/283\n|-damage|p1a: Revavroom|110/256|[from] item: Life Orb\n|\n|upkeep\n|turn|8\n|\n|t:|1781445181\n|move|p2a: Gurdurr|Mach Punch|p1a: Revavroom\n|-damage|p1a: Revavroom|0 fnt\n|faint|p1a: Revavroom\n|\n|upkeep\n|\n|t:|1781445187\n|switch|p1a: Minun|Minun, L95, F|268/268\n|turn|9\n|\n|t:|1781445205\n|move|p2a: Gurdurr|Mach Punch|p1a: Minun\n|-damage|p1a: Minun|109/268\n|move|p1a: Minun|Thunderbolt|p2a: Gurdurr\n|-damage|p2a: Gurdurr|0 fnt\n|faint|p2a: Gurdurr\n|-damage|p1a: Minun|83/268|[from] item: Life Orb\n|\n|upkeep\n|\n|t:|1781445224\n|switch|p2a: Dodrio|Dodrio, L85, M|241/241\n|turn|10\n|\n|t:|1781445229\n|switch|p1a: Rhyperior|Rhyperior, L82, M|323/323\n|move|p2a: Dodrio|Double-Edge|p1a: Rhyperior\n|-resisted|p1a: Rhyperior\n|-damage|p1a: Rhyperior|242/323\n|-damage|p2a: Dodrio|214/241|[from] Recoil\n|\n|upkeep\n|turn|11\n|\n|t:|1781445237\n|switch|p2a: Weezing|Weezing, L88, F|258/258\n|move|p1a: Rhyperior|Stone Edge|p2a: Weezing|[miss]\n|-miss|p1a: Rhyperior|p2a: Weezing\n|\n|upkeep\n|turn|12\n|\n|t:|1781445247\n|move|p2a: Weezing|Will-O-Wisp|p1a: Rhyperior\n|-status|p1a: Rhyperior|brn\n|move|p1a: Rhyperior|Stone Edge|p2a: Weezing\n|-damage|p2a: Weezing|205/258\n|\n|-heal|p2a: Weezing|221/258|[from] item: Leftovers\n|-damage|p1a: Rhyperior|222/323 brn|[from] brn\n|upkeep\n|turn|13\n|-message|Gin X Tonic forfeited.\n|\n|win|kheladi7\n", "inputlog": ">version a8376a258c1d4662feba110a92103f3664a72141\n>start {\"formatid\":\"gen9randombattle\",\"seed\":\"sodium,e212c2e716265b0dca527e9d6a5efa6e\",\"rated\":\"Rated battle\"}\n>player p1 {\"name\":\"Gin X Tonic\",\"avatar\":\"artist-gen4\",\"rating\":1913,\"seed\":\"sodium,4c66fa6fed1dff3b6846821e2527b11e\"}\n>player p2 {\"name\":\"kheladi7\",\"avatar\":\"102\",\"rating\":2012,\"seed\":\"sodium,1bb23dd8b12d6d8fe696480e55e07209\"}\n>p1 switch 3\n>p2 move bulkup\n>p1 move dragondance\n>p2 move bulkup\n>p1 move dragondance\n>p2 move bulkup\n>p1 move dualwingbeat\n>p2 move bulkup\n>p1 move dualwingbeat\n>p2 move knockoff\n>p1 move earthquake\n>p2 move drainpunch terastallize\n>chat \u2606kheladi7|woa nice predicted\n>chat \u2606kheladi7|!\n>p1 switch 3\n>p1 move highhorsepower\n>p2 move machpunch\n>p1 move highhorsepower\n>p2 move machpunch\n>p1 switch 6\n>p1 move thunderbolt\n>p2 move machpunch\n>p2 switch 5\n>p1 switch 4\n>p2 move doubleedge\n>p1 move stoneedge\n>p2 switch 2\n>p1 move stoneedge\n>p2 move willowisp\n>forcelose p1", "uploadtime": 1781445091, "views": 5, "formatid": "gen9randombattle", "rating": null, "private": 0, "password": null}