{"id": "gen9randombattle-2631855748", "format": "[Gen 9] Random Battle", "players": ["Mamut<33", "rktkm"], "log": "|j|\u2606Mamut<33\n|j|\u2606rktkm\n|t:|1781448627\n|gametype|singles\n|player|p1|Mamut<33|giovanni|1999\n|player|p2|rktkm|169|1986\n|gen|9\n|tier|[Gen 9] Random Battle\n|rated|\n|rule|Species Clause: Limit one of each Pok\u00e9mon\n|rule|HP Percentage Mod: HP is shown in percentages\n|rule|Sleep Clause Mod: Limit one foe put to sleep\n|rule|Illusion Level Mod: Illusion disguises the Pok\u00e9mon's true level\n|\n|t:|1781448627\n|teamsize|p1|6\n|teamsize|p2|6\n|start\n|switch|p1a: Slaking|Slaking, L84, F|389/389\n|switch|p2a: Samurott|Samurott, L88, M|310/310\n|turn|1\n|inactive|Battle timer is ON: inactive players will automatically lose when time's up. (requested by Mamut<33)\n|inactive|rktkm also wants the timer to be on.\n|\n|t:|1781448638\n|switch|p1a: Goodra|Goodra, L85, F|292/292\n|move|p2a: Samurott|Sacred Sword|p1a: Goodra\n|-damage|p1a: Goodra|184/292\n|-damage|p2a: Samurott|279/310|[from] item: Life Orb\n|\n|upkeep\n|turn|2\n|\n|t:|1781448654\n|switch|p2a: Tinkaton|Tinkaton, L82, F|274/274\n|-ability|p2a: Tinkaton|Mold Breaker\n|move|p1a: Goodra|Sludge Bomb|p2a: Tinkaton\n|-immune|p2a: Tinkaton\n|\n|upkeep\n|turn|3\n|\n|t:|1781448664\n|move|p2a: Tinkaton|Swords Dance|p2a: Tinkaton\n|-boost|p2a: Tinkaton|atk|2\n|move|p1a: Goodra|Fire Blast|p2a: Tinkaton\n|-supereffective|p2a: Tinkaton\n|-damage|p2a: Tinkaton|116/274\n|\n|-heal|p2a: Tinkaton|133/274|[from] item: Leftovers\n|upkeep\n|turn|4\n|\n|t:|1781448674\n|move|p2a: Tinkaton|Gigaton Hammer|p1a: Goodra\n|-damage|p1a: Goodra|0 fnt\n|faint|p1a: Goodra\n|\n|-heal|p2a: Tinkaton|150/274|[from] item: Leftovers\n|upkeep\n|\n|t:|1781448680\n|switch|p1a: Iron Thorns|Iron Thorns, L83|302/302\n|-enditem|p1a: Iron Thorns|Booster Energy\n|-activate|p1a: Iron Thorns|ability: Quark Drive|[fromitem]\n|-start|p1a: Iron Thorns|quarkdriveatk\n|turn|5\n|\n|t:|1781448689\n|move|p2a: Tinkaton|Play Rough|p1a: Iron Thorns\n|-damage|p1a: Iron Thorns|175/302\n|move|p1a: Iron Thorns|Dragon Dance|p1a: Iron Thorns\n|-boost|p1a: Iron Thorns|atk|1\n|-boost|p1a: Iron Thorns|spe|1\n|\n|-heal|p2a: Tinkaton|167/274|[from] item: Leftovers\n|upkeep\n|turn|6\n|\n|t:|1781448700\n|move|p2a: Tinkaton|Protect|p2a: Tinkaton\n|-singleturn|p2a: Tinkaton|Protect\n|move|p1a: Iron Thorns|Earthquake|p2a: Tinkaton\n|-activate|p2a: Tinkaton|move: Protect\n|\n|-heal|p2a: Tinkaton|184/274|[from] item: Leftovers\n|upkeep\n|turn|7\n|\n|t:|1781448724\n|switch|p2a: Grimmsnarl|Grimmsnarl, L83, M|293/293\n|move|p1a: Iron Thorns|Earthquake|p2a: Grimmsnarl\n|-damage|p2a: Grimmsnarl|77/293\n|\n|upkeep\n|turn|8\n|\n|t:|1781448733\n|move|p2a: Grimmsnarl|Reflect|p2a: Grimmsnarl\n|-sidestart|p2: rktkm|Reflect\n|move|p1a: Iron Thorns|Dragon Dance|p1a: Iron Thorns\n|-boost|p1a: Iron Thorns|atk|1\n|-boost|p1a: Iron Thorns|spe|1\n|\n|upkeep\n|turn|9\n|\n|t:|1781448743\n|move|p1a: Iron Thorns|Earthquake|p2a: Grimmsnarl\n|-damage|p2a: Grimmsnarl|0 fnt\n|faint|p2a: Grimmsnarl\n|\n|upkeep\n|\n|t:|1781448748\n|switch|p2a: Flygon|Flygon, L82, F|265/265\n|turn|10\n|\n|t:|1781448756\n|-end|p1a: Iron Thorns|Quark Drive|[silent]\n|switch|p1a: Hydreigon|Hydreigon, L79, M|275/275\n|move|p2a: Flygon|Earthquake|p1a: Hydreigon\n|-immune|p1a: Hydreigon|[from] ability: Levitate\n|\n|upkeep\n|turn|11\n|\n|t:|1781448764\n|switch|p2a: Samurott|Samurott, L88, M|279/310\n|move|p1a: Hydreigon|Fire Blast|p2a: Samurott|[miss]\n|-miss|p1a: Hydreigon|p2a: Samurott\n|\n|upkeep\n|turn|12\n|\n|t:|1781448773\n|move|p1a: Hydreigon|Dark Pulse|p2a: Samurott\n|-damage|p2a: Samurott|153/310\n|-damage|p1a: Hydreigon|248/275|[from] item: Life Orb\n|move|p2a: Samurott|Sacred Sword|p1a: Hydreigon\n|-supereffective|p1a: Hydreigon\n|-damage|p1a: Hydreigon|53/275\n|-damage|p2a: Samurott|122/310|[from] item: Life Orb\n|\n|upkeep\n|turn|13\n|\n|t:|1781448786\n|move|p1a: Hydreigon|Dark Pulse|p2a: Samurott\n|-damage|p2a: Samurott|0 fnt\n|faint|p2a: Samurott\n|-damage|p1a: Hydreigon|26/275|[from] item: Life Orb\n|\n|upkeep\n|\n|t:|1781448798\n|switch|p2a: Tinkaton|Tinkaton, L82, F|184/274\n|-ability|p2a: Tinkaton|Mold Breaker\n|turn|14\n|\n|t:|1781448803\n|move|p2a: Tinkaton|Play Rough|p1a: Hydreigon\n|-supereffective|p1a: Hydreigon\n|-damage|p1a: Hydreigon|0 fnt\n|faint|p1a: Hydreigon\n|\n|-heal|p2a: Tinkaton|201/274|[from] item: Leftovers\n|upkeep\n|\n|t:|1781448806\n|switch|p1a: Slowking|Slowking-Galar, L85, F|300/300\n|turn|15\n|\n|t:|1781448817\n|switch|p2a: Flygon|Flygon, L82, F|265/265\n|move|p1a: Slowking|Psychic Noise|p2a: Flygon\n|-damage|p2a: Flygon|169/265\n|-start|p2a: Flygon|move: Heal Block\n|\n|-sideend|p2: rktkm|Reflect\n|upkeep\n|turn|16\n|\n|t:|1781448827\n|-terastallize|p1a: Slowking|Water\n|move|p2a: Flygon|Earthquake|p1a: Slowking\n|-damage|p1a: Slowking|200/300\n|move|p1a: Slowking|Surf|p2a: Flygon\n|-damage|p2a: Flygon|55/265\n|\n|-end|p2a: Flygon|move: Heal Block\n|upkeep\n|turn|17\n|\n|t:|1781448838\n|move|p2a: Flygon|Earthquake|p1a: Slowking\n|-damage|p1a: Slowking|92/300\n|move|p1a: Slowking|Surf|p2a: Flygon\n|-damage|p2a: Flygon|0 fnt\n|faint|p2a: Flygon\n|\n|upkeep\n|\n|t:|1781448852\n|switch|p2a: Mew|Mew, L82|298/298\n|turn|18\n|\n|t:|1781448861\n|switch|p1a: Slaking|Slaking, L84, F|389/389\n|move|p2a: Mew|Close Combat|p1a: Slaking\n|-supereffective|p1a: Slaking\n|-damage|p1a: Slaking|184/389\n|-unboost|p2a: Mew|def|1\n|-unboost|p2a: Mew|spd|1\n|-damage|p2a: Mew|269/298|[from] item: Life Orb\n|\n|upkeep\n|turn|19\n|\n|t:|1781448878\n|switch|p2a: Vikavolt|Vikavolt, L83, M|263/263\n|move|p1a: Slaking|Earthquake|p2a: Vikavolt\n|-immune|p2a: Vikavolt|[from] ability: Levitate\n|\n|upkeep\n|turn|20\n|\n|t:|1781448893\n|switch|p1a: Hitmonlee|Hitmonlee, L85, M|223/223\n|move|p2a: Vikavolt|Energy Ball|p1a: Hitmonlee\n|-damage|p1a: Hitmonlee|155/223\n|\n|upkeep\n|turn|21\n|\n|t:|1781448904\n|move|p1a: Hitmonlee|Stone Edge|p2a: Vikavolt\n|-supereffective|p2a: Vikavolt\n|-damage|p2a: Vikavolt|9/263\n|move|p2a: Vikavolt|Thunderbolt|p1a: Hitmonlee\n|-damage|p1a: Hitmonlee|55/223\n|\n|upkeep\n|turn|22\n|\n|t:|1781448912\n|move|p1a: Hitmonlee|Stone Edge|p2a: Vikavolt\n|-supereffective|p2a: Vikavolt\n|-damage|p2a: Vikavolt|0 fnt\n|faint|p2a: Vikavolt\n|\n|upkeep\n|\n|t:|1781448919\n|switch|p2a: Tinkaton|Tinkaton, L82, F|201/274\n|-ability|p2a: Tinkaton|Mold Breaker\n|turn|23\n|\n|t:|1781448929\n|switch|p1a: Slowking|Slowking-Galar, L85, F, tera:Water|192/300\n|move|p2a: Tinkaton|Swords Dance|p2a: Tinkaton\n|-boost|p2a: Tinkaton|atk|2\n|\n|-heal|p2a: Tinkaton|218/274|[from] item: Leftovers\n|upkeep\n|turn|24\n|\n|t:|1781448937\n|switch|p1a: Hitmonlee|Hitmonlee, L85, M|55/223\n|move|p2a: Tinkaton|Play Rough|p1a: Hitmonlee\n|-supereffective|p1a: Hitmonlee\n|-crit|p1a: Hitmonlee\n|-damage|p1a: Hitmonlee|0 fnt\n|faint|p1a: Hitmonlee\n|\n|-heal|p2a: Tinkaton|235/274|[from] item: Leftovers\n|upkeep\n|\n|t:|1781448942\n|switch|p1a: Slowking|Slowking-Galar, L85, F, tera:Water|292/300\n|turn|25\n|\n|t:|1781448952\n|move|p2a: Tinkaton|Play Rough|p1a: Slowking\n|-damage|p1a: Slowking|138/300\n|-unboost|p1a: Slowking|atk|1\n|move|p1a: Slowking|Fire Blast|p2a: Tinkaton\n|-supereffective|p2a: Tinkaton\n|-damage|p2a: Tinkaton|73/274\n|-status|p2a: Tinkaton|brn\n|\n|-heal|p2a: Tinkaton|90/274 brn|[from] item: Leftovers\n|-damage|p2a: Tinkaton|73/274 brn|[from] brn\n|upkeep\n|turn|26\n|\n|t:|1781448975\n|switch|p2a: Mew|Mew, L82|269/298\n|switch|p1a: Iron Thorns|Iron Thorns, L83|175/302\n|\n|upkeep\n|turn|27\n|\n|t:|1781448991\n|move|p2a: Mew|Close Combat|p1a: Iron Thorns\n|-supereffective|p1a: Iron Thorns\n|-damage|p1a: Iron Thorns|0 fnt\n|-unboost|p2a: Mew|def|1\n|-unboost|p2a: Mew|spd|1\n|faint|p1a: Iron Thorns\n|-end|p1a: Iron Thorns|Quark Drive|[silent]\n|-damage|p2a: Mew|240/298|[from] item: Life Orb\n|\n|upkeep\n|\n|t:|1781448994\n|switch|p1a: Slaking|Slaking, L84, F|184/389\n|turn|28\n|inactive|rktkm has 120 seconds left.\n|-message|rktkm forfeited.\n|\n|win|Mamut<33\n", "inputlog": ">version a8376a258c1d4662feba110a92103f3664a72141\n>start {\"formatid\":\"gen9randombattle\",\"seed\":\"sodium,7e6a2b9bed0549b69d25fff3d33240e6\",\"rated\":\"Rated battle\"}\n>player p1 {\"name\":\"Mamut<33\",\"avatar\":\"giovanni\",\"rating\":1999,\"seed\":\"sodium,0af02fd974fc29d925e609bbb0cec754\"}\n>player p2 {\"name\":\"rktkm\",\"avatar\":\"169\",\"rating\":1986,\"seed\":\"sodium,f6f5666fd246813bf7c42917a7e735d8\"}\n>p1 switch 5\n>p2 move sacredsword\n>p1 move sludgebomb\n>p2 switch 3\n>p1 move fireblast\n>p2 move swordsdance\n>p1 move fireblast\n>p2 move gigatonhammer\n>p1 switch 3\n>p1 move dragondance\n>p2 move playrough\n>p1 move earthquake\n>p2 move protect\n>p1 move earthquake\n>p2 switch 2\n>p1 move dragondance\n>p2 move reflect\n>p1 move earthquake\n>p2 move spiritbreak\n>p2 switch 6\n>p1 switch 2\n>p2 move earthquake\n>p1 move fireblast\n>p2 switch 3\n>p1 move darkpulse\n>p2 move sacredsword\n>p1 move darkpulse\n>p2 move sacredsword\n>p2 switch 2\n>p1 move fireblast\n>p2 move playrough\n>p1 switch 6\n>p1 move psychicnoise\n>p2 switch 3\n>p1 move surf terastallize\n>p2 move earthquake\n>p1 move surf\n>p2 move earthquake\n>p2 switch 4\n>p1 switch 5\n>p2 move closecombat\n>p1 move earthquake\n>p2 switch 5\n>p1 switch 4\n>p2 move energyball\n>p1 move stoneedge\n>p2 move thunderbolt\n>p1 move stoneedge\n>p2 move thunderbolt\n>p2 switch 3\n>p1 switch 5\n>p2 move swordsdance\n>p1 switch 5\n>p2 move playrough\n>p1 switch 5\n>p1 move fireblast\n>p2 move playrough\n>p1 switch 2\n>p2 switch 5\n>p1 move dragondance\n>p2 move closecombat\n>p1 switch 4\n>forcelose p2", "uploadtime": 1781448630, "views": 4, "formatid": "gen9randombattle", "rating": null, "private": 0, "password": null}