{"id": "gen9randombattle-2631788231", "format": "[Gen 9] Random Battle", "players": ["rosymo", "jorn lande"], "log": "|j|\u2606rosymo\n|j|\u2606jorn lande\n|t:|1781439764\n|gametype|singles\n|player|p1|rosymo|dawn|2072\n|player|p2|jorn lande|169|2014\n|gen|9\n|tier|[Gen 9] Random Battle\n|rated|\n|rule|Species Clause: Limit one of each Pok\u00e9mon\n|rule|HP Percentage Mod: HP is shown in percentages\n|rule|Sleep Clause Mod: Limit one foe put to sleep\n|rule|Illusion Level Mod: Illusion disguises the Pok\u00e9mon's true level\n|\n|t:|1781439764\n|teamsize|p1|6\n|teamsize|p2|6\n|start\n|switch|p1a: Scream Tail|Scream Tail, L84|330/330\n|switch|p2a: Ninetales|Ninetales-Alola, L78, F|242/242\n|-weather|Snowscape|[from] ability: Snow Warning|[of] p2a: Ninetales\n|turn|1\n|\n|t:|1781439775\n|move|p1a: Scream Tail|Thunder Wave|p2a: Ninetales\n|-status|p2a: Ninetales|par\n|move|p2a: Ninetales|Aurora Veil|p2a: Ninetales\n|-sidestart|p2: jorn lande|move: Aurora Veil\n|\n|-weather|Snowscape|[upkeep]\n|upkeep\n|turn|2\n|inactive|Battle timer is ON: inactive players will automatically lose when time's up. (requested by jorn lande)\n|\n|t:|1781439784\n|switch|p2a: Swalot|Swalot, L90, F|326/326\n|move|p1a: Scream Tail|Wish|p1a: Scream Tail\n|\n|-weather|Snowscape|[upkeep]\n|upkeep\n|turn|3\n|\n|t:|1781439800\n|move|p1a: Scream Tail|Thunder Wave|p2a: Swalot\n|-status|p2a: Swalot|par\n|cant|p2a: Swalot|par\n|\n|-weather|Snowscape|[upkeep]\n|upkeep\n|turn|4\n|\n|t:|1781439807\n|-end|p1a: Scream Tail|Protosynthesis|[silent]\n|switch|p1a: Mamoswine|Mamoswine, L81, M|311/311\n|move|p2a: Swalot|Toxic|p1a: Mamoswine\n|-status|p1a: Mamoswine|tox\n|\n|-weather|Snowscape|[upkeep]\n|-damage|p1a: Mamoswine|292/311 tox|[from] psn\n|upkeep\n|turn|5\n|\n|t:|1781439819\n|switch|p2a: Quagsire|Quagsire, L84, F|297/297\n|move|p1a: Mamoswine|Stealth Rock|p2a: Quagsire\n|-sidestart|p2: jorn lande|move: Stealth Rock\n|\n|-weather|none\n|-damage|p1a: Mamoswine|254/311 tox|[from] psn\n|upkeep\n|turn|6\n|\n|t:|1781439843\n|switch|p1a: Mew|Mew, L82|298/298\n|move|p2a: Quagsire|Toxic|p1a: Mew|[miss]\n|-miss|p2a: Quagsire|p1a: Mew\n|\n|upkeep\n|turn|7\n|\n|t:|1781439857\n|move|p1a: Mew|Knock Off|p2a: Quagsire\n|-damage|p2a: Quagsire|261/297\n|-enditem|p2a: Quagsire|Leftovers|[from] move: Knock Off|[of] p1a: Mew\n|move|p2a: Quagsire|Toxic|p1a: Mew\n|-status|p1a: Mew|tox\n|-activate|p1a: Mew|ability: Synchronize\n|-status|p2a: Quagsire|tox\n|\n|-damage|p1a: Mew|280/298 tox|[from] psn\n|-damage|p2a: Quagsire|243/297 tox|[from] psn\n|upkeep\n|turn|8\n|\n|t:|1781439883\n|switch|p2a: Ninetales|Ninetales-Alola, L78, F|242/242 par\n|-damage|p2a: Ninetales|182/242 par|[from] Stealth Rock\n|-weather|Snowscape|[from] ability: Snow Warning|[of] p2a: Ninetales\n|move|p1a: Mew|U-turn|p2a: Ninetales\n|-resisted|p2a: Ninetales\n|-damage|p2a: Ninetales|172/242 par\n|\n|t:|1781439910\n|switch|p1a: Okidogi|Okidogi, L77, M|262/262|[from] U-turn\n|\n|-weather|Snowscape|[upkeep]\n|-sideend|p2: jorn lande|move: Aurora Veil\n|upkeep\n|turn|9\n|\n|t:|1781439921\n|move|p1a: Okidogi|Knock Off|p2a: Ninetales\n|-resisted|p2a: Ninetales\n|-damage|p2a: Ninetales|143/242 par\n|-enditem|p2a: Ninetales|Light Clay|[from] move: Knock Off|[of] p1a: Okidogi\n|cant|p2a: Ninetales|par\n|\n|-weather|Snowscape|[upkeep]\n|upkeep\n|turn|10\n|\n|t:|1781439929\n|move|p1a: Okidogi|Gunk Shot|p2a: Ninetales|[miss]\n|-miss|p1a: Okidogi|p2a: Ninetales\n|move|p2a: Ninetales|Aurora Veil|p2a: Ninetales\n|-sidestart|p2: jorn lande|move: Aurora Veil\n|\n|-weather|Snowscape|[upkeep]\n|upkeep\n|turn|11\n|\n|t:|1781439936\n|switch|p1a: Scream Tail|Scream Tail, L84|330/330\n|switch|p2a: Dugtrio|Dugtrio, L84, F|196/196\n|-damage|p2a: Dugtrio|184/196|[from] Stealth Rock\n|\n|-weather|Snowscape|[upkeep]\n|upkeep\n|turn|12\n|\n|t:|1781439947\n|move|p2a: Dugtrio|Earthquake|p1a: Scream Tail\n|-damage|p1a: Scream Tail|189/330\n|move|p1a: Scream Tail|Wish|p1a: Scream Tail\n|\n|-weather|none\n|-heal|p1a: Scream Tail|209/330|[from] item: Leftovers\n|upkeep\n|turn|13\n|\n|t:|1781439958\n|switch|p2a: Swalot|Swalot, L90, F|326/326 par\n|-damage|p2a: Swalot|286/326 par|[from] Stealth Rock\n|move|p1a: Scream Tail|Play Rough|p2a: Swalot\n|-resisted|p2a: Swalot\n|-damage|p2a: Swalot|268/326 par\n|\n|-heal|p1a: Scream Tail|330/330|[from] move: Wish|[wisher] Scream Tail\n|-heal|p2a: Swalot|288/326 par|[from] item: Leftovers\n|upkeep\n|turn|14\n|\n|t:|1781439974\n|-end|p1a: Scream Tail|Protosynthesis|[silent]\n|switch|p1a: Mamoswine|Mamoswine, L81, M|254/311 tox\n|switch|p2a: Dugtrio|Dugtrio, L84, F|184/196\n|-damage|p2a: Dugtrio|172/196|[from] Stealth Rock\n|\n|-damage|p1a: Mamoswine|235/311 tox|[from] psn\n|-sideend|p2: jorn lande|move: Aurora Veil\n|upkeep\n|turn|15\n|\n|t:|1781439985\n|-terastallize|p2a: Dugtrio|Ground\n|move|p2a: Dugtrio|Earthquake|p1a: Mamoswine\n|-damage|p1a: Mamoswine|0 fnt\n|faint|p1a: Mamoswine\n|\n|upkeep\n|\n|t:|1781439991\n|switch|p1a: Mew|Mew, L82|280/298 tox\n|turn|16\n|\n|t:|1781439995\n|move|p2a: Dugtrio|Earthquake|p1a: Mew\n|-damage|p1a: Mew|62/298 tox\n|move|p1a: Mew|Will-O-Wisp|p2a: Dugtrio\n|-status|p2a: Dugtrio|brn\n|\n|-heal|p1a: Mew|80/298 tox|[from] item: Leftovers\n|-damage|p1a: Mew|62/298 tox|[from] psn\n|-damage|p2a: Dugtrio|160/196 brn|[from] brn\n|upkeep\n|turn|17\n|\n|t:|1781440006\n|move|p2a: Dugtrio|Earthquake|p1a: Mew\n|-damage|p1a: Mew|0 fnt\n|faint|p1a: Mew\n|\n|-damage|p2a: Dugtrio|148/196 brn|[from] brn\n|upkeep\n|\n|t:|1781440016\n|switch|p1a: Scream Tail|Scream Tail, L84|330/330\n|turn|18\n|\n|t:|1781440022\n|switch|p2a: Swalot|Swalot, L90, F|288/326 par\n|-damage|p2a: Swalot|248/326 par|[from] Stealth Rock\n|move|p1a: Scream Tail|Wish|p1a: Scream Tail\n|\n|-heal|p2a: Swalot|268/326 par|[from] item: Leftovers\n|upkeep\n|turn|19\n|\n|t:|1781440031\n|-end|p1a: Scream Tail|Protosynthesis|[silent]\n|switch|p1a: Okidogi|Okidogi, L77, M|262/262\n|cant|p2a: Swalot|par\n|\n|-heal|p2a: Swalot|288/326 par|[from] item: Leftovers\n|upkeep\n|turn|20\n|\n|t:|1781440039\n|move|p1a: Okidogi|Bulk Up|p1a: Okidogi\n|-boost|p1a: Okidogi|atk|1\n|-boost|p1a: Okidogi|def|1\n|cant|p2a: Swalot|par\n|\n|-heal|p2a: Swalot|308/326 par|[from] item: Leftovers\n|upkeep\n|turn|21\n|-message|jorn lande forfeited.\n|\n|win|rosymo\n", "inputlog": ">version a8376a258c1d4662feba110a92103f3664a72141\n>start {\"formatid\":\"gen9randombattle\",\"seed\":\"sodium,8d2a081d491aa4b5b76c75b7a41cd4fa\",\"rated\":\"Rated battle\"}\n>player p1 {\"name\":\"rosymo\",\"avatar\":\"dawn\",\"rating\":2072,\"seed\":\"sodium,0dc9c08469400b452e661bc767199080\"}\n>player p2 {\"name\":\"jorn lande\",\"avatar\":\"169\",\"rating\":2014,\"seed\":\"sodium,d7fceca1a80c31f9cc65a1819523029f\"}\n>p1 move thunderwave\n>p2 move auroraveil\n>p1 move wish\n>p2 switch 6\n>p1 move thunderwave\n>p2 move toxic\n>p1 switch 3\n>p2 move toxic\n>p1 move stealthrock\n>p2 switch 2\n>p1 switch 6\n>p2 move toxic\n>p1 move knockoff\n>p2 move toxic\n>p1 move uturn\n>p2 switch 6\n>p1 switch 5\n>p1 move knockoff\n>p2 move auroraveil\n>p1 move gunkshot\n>p2 move auroraveil\n>p1 switch 3\n>p2 switch 4\n>p1 move wish\n>p2 move earthquake\n>p1 move playrough\n>p2 switch 2\n>p1 switch 6\n>p2 switch 2\n>p1 move earthquake\n>p2 move earthquake terastallize\n>p1 switch 5\n>p1 move willowisp\n>p2 move earthquake\n>p1 move uturn\n>p2 move earthquake\n>p1 switch 6\n>p1 move wish\n>p2 switch 2\n>p1 switch 3\n>p2 move earthquake\n>p1 move bulkup\n>p2 move earthquake\n>forcelose p2", "uploadtime": 1781439767, "views": 5, "formatid": "gen9randombattle", "rating": null, "private": 0, "password": null}