{"id": "gen9randombattle-2631769868", "format": "[Gen 9] Random Battle", "players": ["woxihuanni", "duuhhao"], "log": "|j|\u2606woxihuanni\n|j|\u2606duuhhao\n|t:|1781436876\n|gametype|singles\n|player|p1|woxihuanni|169|2111\n|player|p2|duuhhao|clair|2171\n|gen|9\n|tier|[Gen 9] Random Battle\n|rated|\n|rule|Species Clause: Limit one of each Pok\u00e9mon\n|rule|HP Percentage Mod: HP is shown in percentages\n|rule|Sleep Clause Mod: Limit one foe put to sleep\n|rule|Illusion Level Mod: Illusion disguises the Pok\u00e9mon's true level\n|\n|t:|1781436876\n|teamsize|p1|6\n|teamsize|p2|6\n|start\n|switch|p1a: Lilligant|Lilligant, L86, F|261/261\n|switch|p2a: Flamigo|Flamigo, L82, F|269/269\n|turn|1\n|\n|t:|1781436885\n|switch|p1a: Dachsbun|Dachsbun, L92, F|254/254\n|switch|p2a: Leavanny|Leavanny, L86, F|269/269\n|\n|upkeep\n|turn|2\n|\n|t:|1781436893\n|move|p1a: Dachsbun|Play Rough|p2a: Leavanny\n|-damage|p2a: Leavanny|164/269\n|move|p2a: Leavanny|Knock Off|p1a: Dachsbun\n|-resisted|p1a: Dachsbun\n|-damage|p1a: Dachsbun|226/254\n|-enditem|p1a: Dachsbun|Leftovers|[from] move: Knock Off|[of] p2a: Leavanny\n|\n|upkeep\n|turn|3\n|\n|t:|1781436897\n|move|p1a: Dachsbun|Play Rough|p2a: Leavanny\n|-damage|p2a: Leavanny|52/269\n|move|p2a: Leavanny|Sticky Web|p1a: Dachsbun\n|-sidestart|p1: woxihuanni|move: Sticky Web\n|\n|upkeep\n|turn|4\n|\n|t:|1781436902\n|switch|p2a: Armarouge|Armarouge, L80, F|267/267\n|move|p1a: Dachsbun|Play Rough|p2a: Armarouge|[miss]\n|-miss|p1a: Dachsbun|p2a: Armarouge\n|\n|upkeep\n|turn|5\n|\n|t:|1781436906\n|move|p1a: Dachsbun|Yawn|p2a: Armarouge\n|-start|p2a: Armarouge|move: Yawn|[of] p1a: Dachsbun\n|move|p2a: Armarouge|Psyshock|p1a: Dachsbun\n|-damage|p1a: Dachsbun|109/254\n|\n|upkeep\n|turn|6\n|\n|t:|1781436920\n|move|p1a: Dachsbun|Protect|p1a: Dachsbun\n|-singleturn|p1a: Dachsbun|Protect\n|move|p2a: Armarouge|Psyshock|p1a: Dachsbun\n|-activate|p1a: Dachsbun|move: Protect\n|\n|-end|p2a: Armarouge|move: Yawn|[silent]\n|-status|p2a: Armarouge|slp\n|upkeep\n|turn|7\n|\n|t:|1781436923\n|move|p1a: Dachsbun|Wish|p1a: Dachsbun\n|cant|p2a: Armarouge|slp\n|\n|upkeep\n|turn|8\n|\n|t:|1781436928\n|move|p1a: Dachsbun|Protect|p1a: Dachsbun\n|-singleturn|p1a: Dachsbun|Protect\n|cant|p2a: Armarouge|slp\n|\n|-heal|p1a: Dachsbun|236/254|[from] move: Wish|[wisher] Dachsbun\n|upkeep\n|turn|9\n|\n|t:|1781436932\n|move|p1a: Dachsbun|Wish|p1a: Dachsbun\n|cant|p2a: Armarouge|slp\n|\n|upkeep\n|turn|10\n|\n|t:|1781436943\n|switch|p1a: Wigglytuff|Wigglytuff, L96, M|424/424\n|-activate|p1a: Wigglytuff|move: Sticky Web\n|-unboost|p1a: Wigglytuff|spe|1\n|-ability|p1a: Wigglytuff|Competitive|boost\n|-boost|p1a: Wigglytuff|spa|2\n|-curestatus|p2a: Armarouge|slp|[msg]\n|move|p2a: Armarouge|Psyshock|p1a: Wigglytuff\n|-damage|p1a: Wigglytuff|240/424\n|\n|-heal|p1a: Wigglytuff|367/424|[from] move: Wish|[wisher] Dachsbun\n|-heal|p1a: Wigglytuff|393/424|[from] item: Leftovers\n|upkeep\n|turn|11\n|inactive|Battle timer is ON: inactive players will automatically lose when time's up. (requested by woxihuanni)\n|\n|t:|1781436954\n|move|p2a: Armarouge|Psyshock|p1a: Wigglytuff\n|-damage|p1a: Wigglytuff|194/424\n|move|p1a: Wigglytuff|Thunder Wave|p2a: Armarouge\n|-status|p2a: Armarouge|par\n|\n|-heal|p1a: Wigglytuff|220/424|[from] item: Leftovers\n|upkeep\n|turn|12\n|\n|t:|1781436962\n|move|p1a: Wigglytuff|Knock Off|p2a: Armarouge\n|-supereffective|p2a: Armarouge\n|-damage|p2a: Armarouge|127/267 par\n|-ability|p2a: Armarouge|Weak Armor|boost\n|-unboost|p2a: Armarouge|def|1\n|-boost|p2a: Armarouge|spe|2\n|-enditem|p2a: Armarouge|Choice Specs|[from] move: Knock Off|[of] p1a: Wigglytuff\n|move|p2a: Armarouge|Psyshock|p1a: Wigglytuff\n|-damage|p1a: Wigglytuff|99/424\n|\n|-heal|p1a: Wigglytuff|125/424|[from] item: Leftovers\n|upkeep\n|turn|13\n|\n|t:|1781436972\n|move|p2a: Armarouge|Armor Cannon|p1a: Wigglytuff\n|-damage|p1a: Wigglytuff|0 fnt\n|-unboost|p2a: Armarouge|def|1\n|-unboost|p2a: Armarouge|spd|1\n|faint|p1a: Wigglytuff\n|\n|upkeep\n|\n|t:|1781436979\n|switch|p1a: Banette|Banette, L93, M|270/270\n|-activate|p1a: Banette|move: Sticky Web\n|-unboost|p1a: Banette|spe|1\n|turn|14\n|\n|t:|1781436984\n|move|p1a: Banette|Shadow Sneak|p2a: Armarouge\n|-supereffective|p2a: Armarouge\n|-damage|p2a: Armarouge|0 fnt\n|faint|p2a: Armarouge\n|-damage|p1a: Banette|243/270|[from] item: Life Orb\n|\n|upkeep\n|\n|t:|1781436988\n|switch|p2a: Flamigo|Flamigo, L82, F|269/269\n|turn|15\n|\n|t:|1781436991\n|move|p2a: Flamigo|Brave Bird|p1a: Banette\n|-damage|p1a: Banette|40/270\n|-damage|p2a: Flamigo|202/269|[from] Recoil\n|-damage|p2a: Flamigo|176/269|[from] item: Life Orb\n|move|p1a: Banette|Thunder Wave|p2a: Flamigo\n|-status|p2a: Flamigo|par\n|\n|upkeep\n|turn|16\n|\n|t:|1781437000\n|move|p1a: Banette|Poltergeist|p2a: Flamigo\n|-activate|p2a: Flamigo|move: Poltergeist|Life Orb\n|-damage|p2a: Flamigo|0 fnt\n|faint|p2a: Flamigo\n|-damage|p1a: Banette|13/270|[from] item: Life Orb\n|\n|upkeep\n|\n|t:|1781437004\n|switch|p2a: Arceus|Arceus-Ice, L72|291/291\n|turn|17\n|\n|t:|1781437008\n|switch|p2a: Leavanny|Leavanny, L86, F|52/269\n|move|p1a: Banette|Shadow Sneak|p2a: Leavanny\n|-damage|p2a: Leavanny|0 fnt\n|faint|p2a: Leavanny\n|-damage|p1a: Banette|0 fnt|[from] item: Life Orb\n|faint|p1a: Banette\n|\n|upkeep\n|\n|t:|1781437020\n|switch|p2a: Arceus|Arceus-Ice, L72|291/291\n|switch|p1a: Volbeat|Volbeat, L90, M|263/263\n|turn|18\n|\n|t:|1781437025\n|switch|p2a: Dugtrio|Dugtrio, L84, M|196/196\n|move|p1a: Volbeat|Thunder Wave|p2a: Dugtrio\n|-immune|p2a: Dugtrio\n|\n|upkeep\n|turn|19\n|\n|t:|1781437030\n|move|p2a: Dugtrio|Stone Edge|p1a: Volbeat|[miss]\n|-miss|p2a: Dugtrio|p1a: Volbeat\n|move|p1a: Volbeat|Lunge|p2a: Dugtrio\n|-damage|p2a: Dugtrio|84/196\n|-unboost|p2a: Dugtrio|atk|1\n|\n|upkeep\n|turn|20\n|\n|t:|1781437036\n|move|p2a: Dugtrio|Stone Edge|p1a: Volbeat\n|-supereffective|p1a: Volbeat\n|-damage|p1a: Volbeat|117/263\n|move|p1a: Volbeat|Lunge|p2a: Dugtrio\n|-damage|p2a: Dugtrio|0 fnt\n|faint|p2a: Dugtrio\n|\n|upkeep\n|\n|t:|1781437039\n|switch|p2a: Arceus|Arceus-Ice, L72|291/291\n|turn|21\n|\n|t:|1781437047\n|-terastallize|p2a: Arceus|Ground\n|move|p1a: Volbeat|Roost|p1a: Volbeat\n|-heal|p1a: Volbeat|249/263\n|-singleturn|p1a: Volbeat|move: Roost\n|move|p2a: Arceus|Judgment|p1a: Volbeat\n|-damage|p1a: Volbeat|144/263\n|\n|upkeep\n|turn|22\n|\n|t:|1781437055\n|move|p1a: Volbeat|Roost|p1a: Volbeat\n|-heal|p1a: Volbeat|263/263\n|-singleturn|p1a: Volbeat|move: Roost\n|move|p2a: Arceus|Judgment|p1a: Volbeat\n|-damage|p1a: Volbeat|154/263\n|\n|upkeep\n|turn|23\n|\n|t:|1781437060\n|move|p1a: Volbeat|Encore|p2a: Arceus\n|-start|p2a: Arceus|Encore\n|move|p2a: Arceus|Judgment|p1a: Volbeat\n|-damage|p1a: Volbeat|39/263\n|\n|upkeep\n|turn|24\n|\n|t:|1781437062\n|switch|p1a: Lilligant|Lilligant, L86, F|261/261\n|-activate|p1a: Lilligant|move: Sticky Web\n|-unboost|p1a: Lilligant|spe|1\n|move|p2a: Arceus|Judgment|p1a: Lilligant\n|-supereffective|p1a: Lilligant\n|-crit|p1a: Lilligant\n|-damage|p1a: Lilligant|0 fnt\n|faint|p1a: Lilligant\n|\n|upkeep\n|\n|t:|1781437070\n|switch|p1a: Meowstic|Meowstic-F, L89, F|277/277\n|-activate|p1a: Meowstic|move: Sticky Web\n|-unboost|p1a: Meowstic|spe|1\n|-ability|p1a: Meowstic|Competitive|boost\n|-boost|p1a: Meowstic|spa|2\n|turn|25\n|\n|t:|1781437073\n|move|p2a: Arceus|Judgment|p1a: Meowstic\n|-damage|p1a: Meowstic|163/277\n|move|p1a: Meowstic|Psychic|p2a: Arceus\n|-damage|p2a: Arceus|83/291\n|-damage|p1a: Meowstic|136/277|[from] item: Life Orb\n|\n|-end|p2a: Arceus|Encore\n|upkeep\n|turn|26\n|\n|t:|1781437089\n|move|p2a: Arceus|Judgment|p1a: Meowstic\n|-damage|p1a: Meowstic|21/277\n|move|p1a: Meowstic|Psychic|p2a: Arceus\n|-crit|p2a: Arceus\n|-damage|p2a: Arceus|0 fnt\n|faint|p2a: Arceus\n|-damage|p1a: Meowstic|0 fnt|[from] item: Life Orb\n|faint|p1a: Meowstic\n|\n|upkeep\n|\n|t:|1781437093\n|switch|p1a: Volbeat|Volbeat, L90, M|39/263\n|switch|p2a: Kyogre|Kyogre, L71|259/259\n|-weather|RainDance|[from] ability: Drizzle|[of] p2a: Kyogre\n|turn|27\n|\n|t:|1781437096\n|move|p1a: Volbeat|Thunder Wave|p2a: Kyogre\n|-status|p2a: Kyogre|par\n|cant|p2a: Kyogre|par\n|\n|-weather|RainDance|[upkeep]\n|upkeep\n|turn|28\n|\n|t:|1781437100\n|move|p1a: Volbeat|Lunge|p2a: Kyogre\n|-damage|p2a: Kyogre|165/259 par\n|-unboost|p2a: Kyogre|atk|1\n|move|p2a: Kyogre|Origin Pulse|p1a: Volbeat\n|-damage|p1a: Volbeat|0 fnt\n|faint|p1a: Volbeat\n|\n|-weather|RainDance|[upkeep]\n|upkeep\n|\n|t:|1781437103\n|switch|p1a: Dachsbun|Dachsbun, L92, F|236/254\n|-activate|p1a: Dachsbun|move: Sticky Web\n|-unboost|p1a: Dachsbun|spe|1\n|turn|29\n|\n|t:|1781437106\n|move|p1a: Dachsbun|Play Rough|p2a: Kyogre\n|-damage|p2a: Kyogre|62/259 par\n|move|p2a: Kyogre|Origin Pulse|p1a: Dachsbun\n|-crit|p1a: Dachsbun\n|-damage|p1a: Dachsbun|0 fnt\n|faint|p1a: Dachsbun\n|\n|win|duuhhao\n", "inputlog": ">version a8376a258c1d4662feba110a92103f3664a72141\n>start {\"formatid\":\"gen9randombattle\",\"seed\":\"sodium,b3a05517f6e74fa67fd2f92d9abe766f\",\"rated\":\"Rated battle\"}\n>player p1 {\"name\":\"woxihuanni\",\"avatar\":\"169\",\"rating\":2111,\"seed\":\"sodium,8c4201fec73c4177e5446a7176aa65ce\"}\n>player p2 {\"name\":\"duuhhao\",\"avatar\":\"clair\",\"rating\":2171,\"seed\":\"sodium,4aa0496bd4ad1586eb601299bf63447a\"}\n>p1 switch 2\n>p2 switch 5\n>p1 move playrough\n>p2 move knockoff\n>p1 move playrough\n>p2 move stickyweb\n>p1 move playrough\n>p2 switch 4\n>p1 move yawn\n>p2 move psyshock\n>p1 move protect\n>p2 move psyshock\n>p1 move wish\n>p2 move psyshock\n>p1 move protect\n>p2 move psyshock\n>p1 move wish\n>p2 move psyshock\n>p1 switch 5\n>p2 move psyshock\n>p1 move thunderwave\n>p2 move psyshock\n>p1 move knockoff\n>p2 move psyshock\n>p1 move knockoff\n>p2 move armorcannon\n>p1 switch 6\n>p1 move shadowsneak\n>p2 move armorcannon\n>p2 switch 5\n>p1 move thunderwave\n>p2 move bravebird\n>p1 move poltergeist\n>p2 move bravebird\n>p2 switch 2\n>p1 move shadowsneak\n>p2 switch 4\n>p1 switch 4\n>p2 switch 4\n>p1 move thunderwave\n>p2 switch 3\n>p1 move lunge\n>p2 move stoneedge\n>p1 move lunge\n>p2 move stoneedge\n>p2 switch 3\n>p1 move roost\n>p2 move judgment terastallize\n>p1 move roost\n>p2 move judgment\n>p1 move encore\n>p2 move judgment\n>p1 switch 2\n>p2 move judgment\n>p1 switch 3\n>p1 move psychic\n>p2 move judgment\n>p1 move psychic\n>p2 move judgment\n>p1 switch 2\n>p2 switch 6\n>p1 move thunderwave\n>p2 move originpulse\n>p1 move lunge\n>p2 move originpulse\n>p1 switch 5\n>p1 move playrough\n>p2 move originpulse", "uploadtime": 1781436879, "views": 6, "formatid": "gen9randombattle", "rating": null, "private": 0, "password": null}