{"id": "gen9randombattle-2631749267", "format": "[Gen 9] Random Battle", "players": ["tttttttttyyygggg", "Saaskin"], "log": "|j|\u2606tttttttttyyygggg\n|j|\u2606Saaskin\n|t:|1781433413\n|gametype|singles\n|player|p1|tttttttttyyygggg|101|1944\n|player|p2|Saaskin|265|2020\n|gen|9\n|tier|[Gen 9] Random Battle\n|rated|\n|rule|Species Clause: Limit one of each Pok\u00e9mon\n|rule|HP Percentage Mod: HP is shown in percentages\n|rule|Sleep Clause Mod: Limit one foe put to sleep\n|rule|Illusion Level Mod: Illusion disguises the Pok\u00e9mon's true level\n|\n|t:|1781433413\n|teamsize|p1|6\n|teamsize|p2|6\n|start\n|switch|p1a: Toxapex|Toxapex, L82, M|216/216\n|switch|p2a: Raikou|Raikou, L81|278/278\n|-ability|p2a: Raikou|Pressure\n|turn|1\n|inactive|Battle timer is ON: inactive players will automatically lose when time's up. (requested by Saaskin)\n|inactive|tttttttttyyygggg also wants the timer to be on.\n|\n|t:|1781433423\n|switch|p1a: Hydrapple|Hydrapple, L83, M|312/312\n|move|p2a: Raikou|Substitute|p2a: Raikou\n|-start|p2a: Raikou|Substitute\n|-damage|p2a: Raikou|209/278\n|\n|-heal|p2a: Raikou|226/278|[from] item: Leftovers\n|upkeep\n|turn|2\n|\n|t:|1781433431\n|move|p2a: Raikou|Thunderbolt|p1a: Hydrapple\n|-resisted|p1a: Hydrapple\n|-damage|p1a: Hydrapple|295/312\n|-status|p1a: Hydrapple|par\n|cant|p1a: Hydrapple|par\n|\n|-heal|p2a: Raikou|243/278|[from] item: Leftovers\n|upkeep\n|turn|3\n|\n|t:|1781433438\n|move|p2a: Raikou|Thunderbolt|p1a: Hydrapple\n|-resisted|p1a: Hydrapple\n|-damage|p1a: Hydrapple|277/312 par\n|move|p1a: Hydrapple|Earth Power|p2a: Raikou\n|-supereffective|p2a: Raikou\n|-end|p2a: Raikou|Substitute\n|\n|-heal|p2a: Raikou|260/278|[from] item: Leftovers\n|upkeep\n|turn|4\n|\n|t:|1781433447\n|switch|p2a: Brambleghast|Brambleghast, L88, M|240/240\n|cant|p1a: Hydrapple|par\n|\n|upkeep\n|turn|5\n|\n|t:|1781433454\n|move|p2a: Brambleghast|Poltergeist|p1a: Hydrapple\n|-activate|p1a: Hydrapple|move: Poltergeist|Assault Vest\n|-damage|p1a: Hydrapple|145/312 par\n|cant|p1a: Hydrapple|par\n|\n|upkeep\n|turn|6\n|\n|t:|1781433461\n|switch|p1a: Toxapex|Toxapex, L82, M|216/216\n|move|p2a: Brambleghast|Poltergeist|p1a: Toxapex\n|-activate|p1a: Toxapex|move: Poltergeist|Rocky Helmet\n|-damage|p1a: Toxapex|114/216\n|\n|upkeep\n|turn|7\n|\n|t:|1781433470\n|switch|p1a: Hydrapple|Hydrapple, L83, M|249/312 par\n|move|p2a: Brambleghast|Poltergeist|p1a: Hydrapple\n|-activate|p1a: Hydrapple|move: Poltergeist|Assault Vest\n|-damage|p1a: Hydrapple|134/312 par\n|\n|upkeep\n|turn|8\n|\n|t:|1781433475\n|switch|p1a: Toxapex|Toxapex, L82, M|186/216\n|move|p2a: Brambleghast|Poltergeist|p1a: Toxapex\n|-activate|p1a: Toxapex|move: Poltergeist|Rocky Helmet\n|-damage|p1a: Toxapex|86/216\n|\n|upkeep\n|turn|9\n|\n|t:|1781433480\n|switch|p1a: Hydrapple|Hydrapple, L83, M|238/312 par\n|move|p2a: Brambleghast|Poltergeist|p1a: Hydrapple\n|-activate|p1a: Hydrapple|move: Poltergeist|Assault Vest\n|-damage|p1a: Hydrapple|105/312 par\n|\n|upkeep\n|turn|10\n|\n|t:|1781433485\n|switch|p1a: Toxapex|Toxapex, L82, M|158/216\n|move|p2a: Brambleghast|Power Whip|p1a: Toxapex\n|-damage|p1a: Toxapex|44/216\n|-damage|p2a: Brambleghast|200/240|[from] item: Rocky Helmet|[of] p1a: Toxapex\n|\n|upkeep\n|turn|11\n|\n|t:|1781433492\n|switch|p1a: Hydrapple|Hydrapple, L83, M|209/312 par\n|move|p2a: Brambleghast|Poltergeist|p1a: Hydrapple|[miss]\n|-miss|p2a: Brambleghast|p1a: Hydrapple\n|\n|upkeep\n|turn|12\n|\n|t:|1781433498\n|move|p2a: Brambleghast|Poltergeist|p1a: Hydrapple\n|-activate|p1a: Hydrapple|move: Poltergeist|Assault Vest\n|-crit|p1a: Hydrapple\n|-damage|p1a: Hydrapple|13/312 par\n|cant|p1a: Hydrapple|par\n|\n|upkeep\n|turn|13\n|\n|t:|1781433506\n|switch|p1a: Toxapex|Toxapex, L82, M|116/216\n|move|p2a: Brambleghast|Power Whip|p1a: Toxapex\n|-damage|p1a: Toxapex|7/216\n|-damage|p2a: Brambleghast|160/240|[from] item: Rocky Helmet|[of] p1a: Toxapex\n|\n|upkeep\n|turn|14\n|\n|t:|1781433512\n|move|p2a: Brambleghast|Poltergeist|p1a: Toxapex\n|-activate|p1a: Toxapex|move: Poltergeist|Rocky Helmet\n|-damage|p1a: Toxapex|0 fnt\n|faint|p1a: Toxapex\n|\n|upkeep\n|\n|t:|1781433517\n|switch|p1a: Hydrapple|Hydrapple, L83, M|117/312 par\n|turn|15\n|\n|t:|1781433524\n|switch|p2a: Mimikyu|Mimikyu, L79, F|216/216\n|cant|p1a: Hydrapple|par\n|\n|upkeep\n|turn|16\n|\n|t:|1781433533\n|switch|p1a: Clawitzer|Clawitzer, L87, M|265/265\n|move|p2a: Mimikyu|Swords Dance|p2a: Mimikyu\n|-boost|p2a: Mimikyu|atk|2\n|\n|upkeep\n|turn|17\n|\n|t:|1781433538\n|move|p2a: Mimikyu|Shadow Claw|p1a: Clawitzer\n|-damage|p1a: Clawitzer|119/265\n|-damage|p2a: Mimikyu|195/216|[from] item: Life Orb\n|move|p1a: Clawitzer|Water Pulse|p2a: Mimikyu\n|-activate|p2a: Mimikyu|ability: Disguise\n|-damage|p2a: Mimikyu|195/216\n|detailschange|p2a: Mimikyu|Mimikyu-Busted, L79, F\n|-damage|p2a: Mimikyu|168/216|[from] pokemon: Mimikyu-Busted\n|\n|upkeep\n|turn|18\n|\n|t:|1781433543\n|move|p2a: Mimikyu|Shadow Claw|p1a: Clawitzer\n|-damage|p1a: Clawitzer|0 fnt\n|faint|p1a: Clawitzer\n|-damage|p2a: Mimikyu|147/216|[from] item: Life Orb\n|\n|upkeep\n|\n|t:|1781433554\n|switch|p1a: Falinks|Falinks, L84|246/246\n|turn|19\n|\n|t:|1781433563\n|-terastallize|p1a: Falinks|Dark\n|move|p2a: Mimikyu|Shadow Claw|p1a: Falinks\n|-resisted|p1a: Falinks\n|-damage|p1a: Falinks|172/246\n|-damage|p2a: Mimikyu|126/216|[from] item: Life Orb\n|move|p1a: Falinks|Iron Head|p2a: Mimikyu\n|-supereffective|p2a: Mimikyu\n|-damage|p2a: Mimikyu|0 fnt\n|faint|p2a: Mimikyu\n|-damage|p1a: Falinks|148/246|[from] item: Life Orb\n|\n|upkeep\n|\n|t:|1781433574\n|switch|p2a: Brambleghast|Brambleghast, L88, M|160/240\n|turn|20\n|\n|t:|1781433579\n|switch|p1a: Hydrapple|Hydrapple, L83, M|221/312 par\n|move|p2a: Brambleghast|Power Whip|p1a: Hydrapple\n|-resisted|p1a: Hydrapple\n|-damage|p1a: Hydrapple|188/312 par\n|\n|upkeep\n|turn|21\n|\n|t:|1781433584\n|switch|p2a: Amoonguss|Amoonguss, L82, F|321/321\n|move|p1a: Hydrapple|Fickle Beam|p2a: Amoonguss|[anim] Fickle Beam All Out\n|-activate|p1a: Hydrapple|move: Fickle Beam\n|-damage|p2a: Amoonguss|117/321\n|\n|-heal|p2a: Amoonguss|137/321|[from] item: Leftovers\n|upkeep\n|turn|22\n|\n|t:|1781433599\n|move|p2a: Amoonguss|Sludge Bomb|p1a: Hydrapple\n|-supereffective|p1a: Hydrapple\n|-damage|p1a: Hydrapple|66/312 par\n|cant|p1a: Hydrapple|par\n|\n|-heal|p2a: Amoonguss|157/321|[from] item: Leftovers\n|upkeep\n|turn|23\n|\n|t:|1781433604\n|switch|p1a: Falinks|Falinks, L84, tera:Dark|148/246\n|move|p2a: Amoonguss|Sludge Bomb|p1a: Falinks\n|-crit|p1a: Falinks\n|-damage|p1a: Falinks|0 fnt\n|faint|p1a: Falinks\n|\n|-heal|p2a: Amoonguss|177/321|[from] item: Leftovers\n|upkeep\n|\n|t:|1781433610\n|switch|p1a: Cinderace|Cinderace, L77, F|249/249\n|turn|24\n|\n|t:|1781433614\n|switch|p2a: Alomomola|Alomomola, L87, F|429/429\n|move|p1a: Cinderace|Pyro Ball|p2a: Alomomola\n|-resisted|p2a: Alomomola\n|-damage|p2a: Alomomola|363/429\n|\n|-heal|p2a: Alomomola|389/429|[from] item: Leftovers\n|upkeep\n|turn|25\n|\n|t:|1781433621\n|move|p1a: Cinderace|U-turn|p2a: Alomomola\n|-start|p1a: Cinderace|typechange|Bug|[from] ability: Libero\n|-damage|p2a: Alomomola|310/429\n|\n|t:|1781433625\n|switch|p1a: Hydrapple|Hydrapple, L83, M|170/312 par|[from] U-turn\n|move|p2a: Alomomola|Flip Turn|p1a: Hydrapple\n|-resisted|p1a: Hydrapple\n|-damage|p1a: Hydrapple|159/312 par\n|\n|t:|1781433627\n|switch|p2a: Amoonguss|Amoonguss, L82, F|284/321|[from] Flip Turn\n|\n|-heal|p2a: Amoonguss|304/321|[from] item: Leftovers\n|upkeep\n|turn|26\n|\n|t:|1781433637\n|switch|p1a: Cinderace|Cinderace, L77, F|249/249\n|move|p2a: Amoonguss|Sludge Bomb|p1a: Cinderace\n|-damage|p1a: Cinderace|153/249\n|-status|p1a: Cinderace|psn\n|\n|-heal|p2a: Amoonguss|321/321|[from] item: Leftovers\n|-damage|p1a: Cinderace|122/249 psn|[from] psn\n|upkeep\n|turn|27\n|\n|t:|1781433644\n|switch|p2a: Alomomola|Alomomola, L87, F|429/429\n|move|p1a: Cinderace|Pyro Ball|p2a: Alomomola\n|-resisted|p2a: Alomomola\n|-damage|p2a: Alomomola|370/429\n|\n|-heal|p2a: Alomomola|396/429|[from] item: Leftovers\n|-damage|p1a: Cinderace|91/249 psn|[from] psn\n|upkeep\n|turn|28\n|\n|t:|1781433650\n|move|p1a: Cinderace|U-turn|p2a: Alomomola\n|-start|p1a: Cinderace|typechange|Bug|[from] ability: Libero\n|-damage|p2a: Alomomola|321/429\n|\n|t:|1781433656\n|switch|p1a: Kommo-o|Kommo-o, L78, M|245/245|[from] U-turn\n|move|p2a: Alomomola|Flip Turn|p1a: Kommo-o\n|-resisted|p1a: Kommo-o\n|-damage|p1a: Kommo-o|222/245\n|\n|t:|1781433659\n|switch|p2a: Amoonguss|Amoonguss, L82, F|321/321|[from] Flip Turn\n|\n|upkeep\n|turn|29\n|\n|t:|1781433665\n|move|p1a: Kommo-o|Swords Dance|p1a: Kommo-o\n|-boost|p1a: Kommo-o|atk|2\n|move|p2a: Amoonguss|Spore|p1a: Kommo-o\n|-status|p1a: Kommo-o|slp|[from] move: Spore\n|\n|upkeep\n|turn|30\n|\n|t:|1781433672\n|switch|p2a: Rayquaza|Rayquaza, L72|270/270\n|-ability|p2a: Rayquaza|Air Lock\n|cant|p1a: Kommo-o|slp\n|\n|upkeep\n|turn|31\n|\n|t:|1781433677\n|move|p2a: Rayquaza|Dragon Ascent|p1a: Kommo-o\n|-supereffective|p1a: Kommo-o\n|-damage|p1a: Kommo-o|0 fnt\n|-unboost|p2a: Rayquaza|def|1\n|-unboost|p2a: Rayquaza|spd|1\n|faint|p1a: Kommo-o\n|\n|upkeep\n|-message|tttttttttyyygggg forfeited.\n|\n|win|Saaskin\n|raw|tttttttttyyygggg's rating: 1944 &rarr; <strong>1928</strong><br />(-16 for losing)\n|raw|Saaskin's rating: 2020 &rarr; <strong>2036</strong><br />(+16 for winning)\n|l|\u2606tttttttttyyygggg\n|player|p1|\n", "inputlog": ">version a8376a258c1d4662feba110a92103f3664a72141\n>start {\"formatid\":\"gen9randombattle\",\"seed\":\"sodium,b01272a8a5a8e91f1d52556c1af77621\",\"rated\":\"Rated battle\"}\n>player p1 {\"name\":\"tttttttttyyygggg\",\"avatar\":\"101\",\"rating\":1944,\"seed\":\"sodium,6b4bf1b946c3e0e6b1ffe287e6fb8b5a\"}\n>player p2 {\"name\":\"Saaskin\",\"avatar\":\"265\",\"rating\":2020,\"seed\":\"sodium,c4994e8f769ffeff3b26cefb1b50aa1c\"}\n>p1 switch 5\n>p2 move substitute\n>p1 move dragontail\n>p2 move thunderbolt\n>p1 move earthpower\n>p2 move thunderbolt\n>p1 move ficklebeam\n>p2 switch 2\n>p1 move ficklebeam\n>p2 move poltergeist\n>p1 switch 5\n>p2 move poltergeist\n>p1 switch 5\n>p2 move poltergeist\n>p1 switch 5\n>p2 move poltergeist\n>p1 switch 5\n>p2 move poltergeist\n>p1 switch 5\n>p2 move powerwhip\n>p1 switch 5\n>p2 move poltergeist\n>p1 move ficklebeam\n>p2 move poltergeist\n>p1 switch 5\n>p2 move powerwhip\n>p1 move toxicspikes\n>p2 move poltergeist\n>p1 switch 5\n>p1 move ficklebeam\n>p2 switch 6\n>p1 switch 4\n>p2 move swordsdance\n>p1 move waterpulse\n>p2 move shadowclaw\n>p1 move waterpulse\n>p2 move shadowclaw\n>p1 switch 2\n>p1 move ironhead terastallize\n>p2 move shadowclaw\n>p2 switch 6\n>p1 switch 4\n>p2 move powerwhip\n>p1 move ficklebeam\n>p2 switch 4\n>p1 move ficklebeam\n>p2 move sludgebomb\n>p1 switch 4\n>p2 move sludgebomb\n>p1 switch 6\n>p1 move pyroball\n>p2 switch 5\n>p1 move uturn\n>p2 move flipturn\n>p1 switch 4\n>p2 switch 5\n>p1 switch 4\n>p2 move sludgebomb\n>p1 move pyroball\n>p2 switch 5\n>p1 move uturn\n>p2 move flipturn\n>p1 switch 3\n>p2 switch 5\n>p1 move swordsdance\n>p2 move spore\n>p1 move scaleshot\n>p2 switch 3\n>p1 move scaleshot\n>p2 move dragonascent\n>forcelose p1", "uploadtime": 1781433414, "views": 6, "formatid": "gen9randombattle", "rating": 1928, "private": 0, "password": null}