{"id": "gen9randombattle-2631399736", "format": "[Gen 9] Random Battle", "players": ["Dannymcq", "eheg"], "log": "|j|\u2606Dannymcq\n|j|\u2606eheg\n|t:|1781380060\n|gametype|singles\n|player|p1|Dannymcq|170|1989\n|player|p2|eheg|2|1976\n|gen|9\n|tier|[Gen 9] Random Battle\n|rated|\n|rule|Species Clause: Limit one of each Pok\u00e9mon\n|rule|HP Percentage Mod: HP is shown in percentages\n|rule|Sleep Clause Mod: Limit one foe put to sleep\n|rule|Illusion Level Mod: Illusion disguises the Pok\u00e9mon's true level\n|\n|t:|1781380060\n|teamsize|p1|6\n|teamsize|p2|6\n|start\n|switch|p1a: Swanna|Swanna, L89, F|278/278\n|switch|p2a: Regirock|Regirock, L83|268/268\n|turn|1\n|\n|t:|1781380066\n|move|p1a: Swanna|Hydro Pump|p2a: Regirock\n|-supereffective|p2a: Regirock\n|-damage|p2a: Regirock|38/268\n|move|p2a: Regirock|Thunder Wave|p1a: Swanna\n|-status|p1a: Swanna|par\n|\n|-heal|p2a: Regirock|54/268|[from] item: Leftovers\n|upkeep\n|turn|2\n|\n|t:|1781380078\n|move|p2a: Regirock|Stone Edge|p1a: Swanna|[miss]\n|-miss|p2a: Regirock|p1a: Swanna\n|move|p1a: Swanna|Hydro Pump|p2a: Regirock\n|-supereffective|p2a: Regirock\n|-damage|p2a: Regirock|0 fnt\n|faint|p2a: Regirock\n|\n|upkeep\n|\n|t:|1781380086\n|switch|p2a: Zekrom|Zekrom, L71|259/259\n|-ability|p2a: Zekrom|Teravolt\n|turn|3\n|\n|t:|1781380125\n|switch|p1a: Kingambit|Kingambit, L74, F|270/270\n|move|p2a: Zekrom|Dragon Dance|p2a: Zekrom\n|-boost|p2a: Zekrom|atk|1\n|-boost|p2a: Zekrom|spe|1\n|\n|upkeep\n|turn|4\n|\n|t:|1781380135\n|move|p2a: Zekrom|Bolt Strike|p1a: Kingambit\n|-damage|p1a: Kingambit|80/270\n|move|p1a: Kingambit|Kowtow Cleave|p2a: Zekrom\n|-damage|p2a: Zekrom|172/259\n|\n|-heal|p2a: Zekrom|188/259|[from] item: Leftovers\n|-heal|p1a: Kingambit|96/270|[from] item: Leftovers\n|upkeep\n|turn|5\n|\n|t:|1781380146\n|move|p2a: Zekrom|Substitute|p2a: Zekrom\n|-start|p2a: Zekrom|Substitute\n|-damage|p2a: Zekrom|124/259\n|move|p1a: Kingambit|Kowtow Cleave|p2a: Zekrom\n|-crit|p2a: Zekrom\n|-end|p2a: Zekrom|Substitute\n|\n|-heal|p2a: Zekrom|140/259|[from] item: Leftovers\n|-heal|p1a: Kingambit|112/270|[from] item: Leftovers\n|upkeep\n|turn|6\n|\n|t:|1781380156\n|move|p2a: Zekrom|Bolt Strike|p1a: Kingambit\n|-damage|p1a: Kingambit|0 fnt\n|faint|p1a: Kingambit\n|-end|p1a: Kingambit|fallenundefined|[silent]\n|\n|-heal|p2a: Zekrom|156/259|[from] item: Leftovers\n|upkeep\n|\n|t:|1781380177\n|switch|p1a: Baxcalibur|Baxcalibur, L75, F|295/295\n|turn|7\n|\n|t:|1781380185\n|move|p1a: Baxcalibur|Ice Shard|p2a: Zekrom\n|-supereffective|p2a: Zekrom\n|-damage|p2a: Zekrom|34/259\n|move|p2a: Zekrom|Outrage|p1a: Baxcalibur\n|-supereffective|p1a: Baxcalibur\n|-damage|p1a: Baxcalibur|0 fnt\n|faint|p1a: Baxcalibur\n|\n|-heal|p2a: Zekrom|50/259|[from] item: Leftovers\n|upkeep\n|\n|t:|1781380223\n|switch|p1a: Ogerpon|Ogerpon-Cornerstone, L76, F|247/247\n|turn|8\n|\n|t:|1781380231\n|move|p2a: Zekrom|Outrage|p1a: Ogerpon|[from] lockedmove\n|-damage|p1a: Ogerpon|9/247\n|move|p1a: Ogerpon|Ivy Cudgel|p2a: Zekrom|[anim] Ivy Cudgel Rock\n|-crit|p2a: Zekrom\n|-damage|p2a: Zekrom|0 fnt\n|faint|p2a: Zekrom\n|\n|upkeep\n|\n|t:|1781380245\n|switch|p2a: Luvdisc|Luvdisc, M|247/247\n|turn|9\n|\n|t:|1781380257\n|move|p2a: Luvdisc|Surf|p1a: Ogerpon\n|-damage|p1a: Ogerpon|0 fnt\n|faint|p1a: Ogerpon\n|\n|upkeep\n|\n|t:|1781380265\n|switch|p1a: Bellibolt|Bellibolt, L84, M|320/320\n|turn|10\n|\n|t:|1781380274\n|switch|p2a: Cacturne|Cacturne, L92, M|278/278\n|move|p1a: Bellibolt|Thunderbolt|p2a: Cacturne\n|-resisted|p2a: Cacturne\n|-damage|p2a: Cacturne|223/278\n|-status|p2a: Cacturne|par\n|\n|upkeep\n|turn|11\n|\n|t:|1781380299\n|switch|p1a: Swanna|Swanna, L89, F|278/278 par\n|cant|p2a: Cacturne|par\n|\n|upkeep\n|turn|12\n|\n|t:|1781380308\n|switch|p2a: Hydreigon|Hydreigon, L79, M|275/275\n|move|p1a: Swanna|Brave Bird|p2a: Hydreigon\n|-damage|p2a: Hydreigon|148/275\n|-damage|p1a: Swanna|236/278 par|[from] Recoil\n|\n|upkeep\n|turn|13\n|\n|t:|1781380353\n|switch|p1a: Bellibolt|Bellibolt, L84, M|320/320\n|move|p2a: Hydreigon|Dark Pulse|p1a: Bellibolt\n|-damage|p1a: Bellibolt|167/320\n|-start|p1a: Bellibolt|Charge|Dark Pulse|[from] ability: Electromorphosis\n|\n|-heal|p1a: Bellibolt|187/320|[from] item: Leftovers\n|upkeep\n|turn|14\n|\n|t:|1781380370\n|switch|p2a: Cacturne|Cacturne, L92, M|223/278 par\n|move|p1a: Bellibolt|Slack Off|p1a: Bellibolt\n|-heal|p1a: Bellibolt|320/320\n|\n|upkeep\n|turn|15\n|\n|t:|1781380382\n|switch|p1a: Swanna|Swanna, L89, F|236/278 par\n|cant|p2a: Cacturne|par\n|\n|upkeep\n|turn|16\n|\n|t:|1781380392\n|switch|p2a: Luvdisc|Luvdisc, M|247/247\n|move|p1a: Swanna|Brave Bird|p2a: Luvdisc\n|-damage|p2a: Luvdisc|81/247\n|-damage|p1a: Swanna|181/278 par|[from] Recoil\n|\n|upkeep\n|turn|17\n|\n|t:|1781380401\n|move|p2a: Luvdisc|Substitute|p2a: Luvdisc\n|-start|p2a: Luvdisc|Substitute\n|-damage|p2a: Luvdisc|20/247\n|move|p1a: Swanna|Brave Bird|p2a: Luvdisc\n|-end|p2a: Luvdisc|Substitute\n|-damage|p1a: Swanna|161/278 par|[from] Recoil|[of] p2a: Luvdisc\n|\n|upkeep\n|turn|18\n|\n|t:|1781380408\n|move|p2a: Luvdisc|Endeavor|p1a: Swanna\n|-damage|p1a: Swanna|20/278 par\n|cant|p1a: Swanna|par\n|\n|upkeep\n|turn|19\n|\n|t:|1781380416\n|move|p2a: Luvdisc|Surf|p1a: Swanna\n|-resisted|p1a: Swanna\n|-damage|p1a: Swanna|0 fnt\n|faint|p1a: Swanna\n|\n|upkeep\n|l|\u2606Dannymcq\n|player|p1|\n|inactive|Battle timer is ON: inactive players will automatically lose when time's up. (requested by eheg)\n|inactive|Dannymcq has 30 seconds to reconnect!\n|inactive|Dannymcq has 20 seconds to reconnect!\n|inactive|Dannymcq has 15 seconds to reconnect!\n|inactive|Dannymcq has 10 seconds to reconnect!\n|inactive|Dannymcq has 5 seconds to reconnect!\n|-message|Dannymcq lost due to inactivity.\n|\n|win|eheg\n", "inputlog": ">version a8376a258c1d4662feba110a92103f3664a72141\n>start {\"formatid\":\"gen9randombattle\",\"seed\":\"sodium,416da8ec3315a4bc4fbaf2f79fd15545\",\"rated\":\"Rated battle\"}\n>player p1 {\"name\":\"Dannymcq\",\"avatar\":\"170\",\"rating\":1989,\"seed\":\"sodium,8b1f24bbc5e3c7a4a8252b035194612a\"}\n>player p2 {\"name\":\"eheg\",\"avatar\":\"2\",\"rating\":1976,\"seed\":\"sodium,f93c3f892326cd49ffd1a83754240641\"}\n>p1 move hydropump\n>p2 move thunderwave\n>p1 move hydropump\n>p2 move stoneedge\n>p2 switch 6\n>p1 switch 3\n>p2 move dragondance\n>p1 move kowtowcleave\n>p2 move boltstrike\n>p1 move kowtowcleave\n>p2 move substitute\n>p1 move kowtowcleave\n>p2 move boltstrike\n>p1 switch 4\n>p1 move iceshard\n>p2 move outrage\n>p1 switch 6\n>p1 move ivycudgel\n>p2 move outrage\n>p2 switch 4\n>p1 move hornleech\n>p2 move surf\n>p1 switch 5\n>p1 move thunderbolt\n>p2 switch 2\n>p1 switch 3\n>p2 move spikes\n>p1 move bravebird\n>p2 switch 5\n>p1 switch 3\n>p2 move darkpulse\n>p1 move slackoff\n>p2 switch 5\n>p1 switch 3\n>p2 move spikes\n>p1 move bravebird\n>p2 switch 2\n>p1 move bravebird\n>p2 move substitute\n>p1 move bravebird\n>p2 move endeavor\n>p1 move bravebird\n>p2 move surf\n>forcelose p1", "uploadtime": 1781380062, "views": 10, "formatid": "gen9randombattle", "rating": null, "private": 0, "password": null}