{"id": "gen9randombattle-2631448781", "format": "[Gen 9] Random Battle", "players": ["Fortre", "xdx42"], "log": "|j|\u2606Fortre\n|j|\u2606xdx42\n|t:|1781385971\n|gametype|singles\n|player|p1|Fortre|1|2018\n|player|p2|xdx42|cyrus|2002\n|gen|9\n|tier|[Gen 9] Random Battle\n|rated|\n|rule|Species Clause: Limit one of each Pok\u00e9mon\n|rule|HP Percentage Mod: HP is shown in percentages\n|rule|Sleep Clause Mod: Limit one foe put to sleep\n|rule|Illusion Level Mod: Illusion disguises the Pok\u00e9mon's true level\n|\n|t:|1781385971\n|teamsize|p1|6\n|teamsize|p2|6\n|start\n|switch|p1a: Rabsca|Rabsca, L91, F|284/284\n|switch|p2a: Drifblim|Drifblim, L86, F|396/396\n|turn|1\n|inactive|Battle timer is ON: inactive players will automatically lose when time's up. (requested by xdx42)\n|\n|t:|1781385980\n|switch|p1a: Mightyena|Mightyena, L96, F|290/290\n|-ability|p1a: Mightyena|Intimidate|boost\n|-unboost|p2a: Drifblim|atk|1\n|move|p2a: Drifblim|Calm Mind|p2a: Drifblim\n|-boost|p2a: Drifblim|spa|1\n|-boost|p2a: Drifblim|spd|1\n|\n|upkeep\n|turn|2\n|\n|t:|1781385988\n|switch|p2a: Florges|Florges-Orange, L85, F|271/271\n|move|p1a: Mightyena|Taunt|p2a: Florges\n|-start|p2a: Florges|move: Taunt\n|\n|upkeep\n|turn|3\n|\n|t:|1781385993\n|switch|p1a: Pyroar|Pyroar, L88, F|295/295\n|-ability|p1a: Pyroar|Unnerve\n|move|p2a: Florges|Moonblast|p1a: Pyroar\n|-resisted|p1a: Pyroar\n|-damage|p1a: Pyroar|230/295\n|-unboost|p1a: Pyroar|spa|1\n|\n|upkeep\n|turn|4\n|\n|t:|1781386013\n|switch|p1a: Rabsca|Rabsca, L91, F|284/284\n|move|p2a: Florges|Moonblast|p1a: Rabsca\n|-damage|p1a: Rabsca|193/284\n|\n|-end|p2a: Florges|move: Taunt\n|upkeep\n|turn|5\n|\n|t:|1781386019\n|switch|p1a: Mightyena|Mightyena, L96, F|290/290\n|-ability|p1a: Mightyena|Intimidate|boost\n|-unboost|p2a: Florges|atk|1\n|move|p2a: Florges|Calm Mind|p2a: Florges\n|-boost|p2a: Florges|spa|1\n|-boost|p2a: Florges|spd|1\n|\n|upkeep\n|turn|6\n|\n|t:|1781386021\n|-terastallize|p1a: Mightyena|Fairy\n|move|p1a: Mightyena|Play Rough|p2a: Florges\n|-damage|p2a: Florges|136/271\n|move|p2a: Florges|Moonblast|p1a: Mightyena\n|-damage|p1a: Mightyena|85/290\n|\n|-heal|p1a: Mightyena|103/290|[from] item: Leftovers\n|-heal|p2a: Florges|152/271|[from] item: Leftovers\n|upkeep\n|turn|7\n|\n|t:|1781386039\n|move|p1a: Mightyena|Play Rough|p2a: Florges\n|-damage|p2a: Florges|16/271\n|move|p2a: Florges|Moonblast|p1a: Mightyena\n|-crit|p1a: Mightyena\n|-damage|p1a: Mightyena|0 fnt\n|faint|p1a: Mightyena\n|\n|-heal|p2a: Florges|32/271|[from] item: Leftovers\n|upkeep\n|\n|t:|1781386046\n|switch|p1a: Pyroar|Pyroar, L88, F|230/295\n|-ability|p1a: Pyroar|Unnerve\n|turn|8\n|\n|t:|1781386050\n|move|p2a: Florges|Protect|p2a: Florges\n|-singleturn|p2a: Florges|Protect\n|move|p1a: Pyroar|Hyper Voice|p2a: Florges\n|-activate|p2a: Florges|move: Protect\n|\n|-heal|p2a: Florges|48/271|[from] item: Leftovers\n|upkeep\n|turn|9\n|\n|t:|1781386054\n|move|p1a: Pyroar|Fire Blast|p2a: Florges\n|-crit|p2a: Florges\n|-damage|p2a: Florges|0 fnt\n|faint|p2a: Florges\n|\n|upkeep\n|\n|t:|1781386055\n|switch|p2a: Terrakion|Terrakion, L79|273/273\n|turn|10\n|\n|t:|1781386062\n|move|p1a: Pyroar|Taunt|p2a: Terrakion\n|-start|p2a: Terrakion|move: Taunt\n|move|p2a: Terrakion|Stone Edge|p1a: Pyroar\n|-supereffective|p1a: Pyroar\n|-damage|p1a: Pyroar|0 fnt\n|faint|p1a: Pyroar\n|\n|upkeep\n|\n|t:|1781386071\n|switch|p1a: Tatsugiri|Tatsugiri, L87, M|260/260\n|turn|11\n|\n|t:|1781386075\n|move|p2a: Terrakion|Stone Edge|p1a: Tatsugiri\n|-damage|p1a: Tatsugiri|37/260\n|move|p1a: Tatsugiri|Rapid Spin|p2a: Terrakion\n|-resisted|p2a: Terrakion\n|-damage|p2a: Terrakion|260/273\n|-boost|p1a: Tatsugiri|spe|1\n|\n|upkeep\n|turn|12\n|\n|t:|1781386082\n|switch|p2a: Drifblim|Drifblim, L86, F|396/396\n|move|p1a: Tatsugiri|Hydro Pump|p2a: Drifblim|[miss]\n|-miss|p1a: Tatsugiri|p2a: Drifblim\n|\n|upkeep\n|turn|13\n|\n|t:|1781386087\n|switch|p1a: Chi-Yu|Chi-Yu, L77|211/211\n|-ability|p1a: Chi-Yu|Beads of Ruin\n|move|p2a: Drifblim|Calm Mind|p2a: Drifblim\n|-boost|p2a: Drifblim|spa|1\n|-boost|p2a: Drifblim|spd|1\n|\n|upkeep\n|turn|14\n|\n|t:|1781386094\n|move|p1a: Chi-Yu|Will-O-Wisp|p2a: Drifblim\n|-status|p2a: Drifblim|brn\n|move|p2a: Drifblim|Calm Mind|p2a: Drifblim\n|-boost|p2a: Drifblim|spa|1\n|-boost|p2a: Drifblim|spd|1\n|\n|-damage|p2a: Drifblim|372/396 brn|[from] brn\n|upkeep\n|turn|15\n|\n|t:|1781386098\n|move|p1a: Chi-Yu|Nasty Plot|p1a: Chi-Yu\n|-boost|p1a: Chi-Yu|spa|2\n|move|p2a: Drifblim|Calm Mind|p2a: Drifblim\n|-boost|p2a: Drifblim|spa|1\n|-boost|p2a: Drifblim|spd|1\n|\n|-damage|p2a: Drifblim|348/396 brn|[from] brn\n|upkeep\n|turn|16\n|\n|t:|1781386100\n|move|p1a: Chi-Yu|Nasty Plot|p1a: Chi-Yu\n|-boost|p1a: Chi-Yu|spa|2\n|move|p2a: Drifblim|Air Slash|p1a: Chi-Yu\n|-damage|p1a: Chi-Yu|43/211\n|\n|-damage|p2a: Drifblim|324/396 brn|[from] brn\n|upkeep\n|turn|17\n|\n|t:|1781386102\n|move|p1a: Chi-Yu|Dark Pulse|p2a: Drifblim\n|-supereffective|p2a: Drifblim\n|-damage|p2a: Drifblim|0 fnt\n|faint|p2a: Drifblim\n|\n|upkeep\n|\n|t:|1781386104\n|switch|p2a: Terrakion|Terrakion, L79|260/273\n|turn|18\n|\n|t:|1781386110\n|move|p2a: Terrakion|Earthquake|p1a: Chi-Yu\n|-supereffective|p1a: Chi-Yu\n|-damage|p1a: Chi-Yu|0 fnt\n|faint|p1a: Chi-Yu\n|\n|upkeep\n|\n|t:|1781386112\n|switch|p1a: Rabsca|Rabsca, L91, F|193/284\n|turn|19\n|\n|t:|1781386117\n|switch|p2a: Talonflame|Talonflame, L83, F|265/265\n|move|p1a: Rabsca|Trick Room|p1a: Rabsca\n|-fieldstart|move: Trick Room|[of] p1a: Rabsca\n|\n|upkeep\n|turn|20\n|\n|t:|1781386124\n|move|p2a: Talonflame|Brave Bird|p1a: Rabsca\n|-supereffective|p1a: Rabsca\n|-damage|p1a: Rabsca|0 fnt\n|faint|p1a: Rabsca\n|-damage|p2a: Talonflame|201/265|[from] Recoil\n|\n|upkeep\n|\n|t:|1781386130\n|switch|p1a: Tatsugiri|Tatsugiri, L87, M|37/260\n|turn|21\n|\n|t:|1781386132\n|move|p1a: Tatsugiri|Hydro Pump|p2a: Talonflame\n|-supereffective|p2a: Talonflame\n|-damage|p2a: Talonflame|0 fnt\n|faint|p2a: Talonflame\n|\n|upkeep\n|\n|t:|1781386136\n|switch|p2a: Rampardos|Rampardos, L90, F|321/321\n|turn|22\n|\n|t:|1781386140\n|move|p2a: Rampardos|Earthquake|p1a: Tatsugiri\n|-damage|p1a: Tatsugiri|0 fnt\n|faint|p1a: Tatsugiri\n|-damage|p2a: Rampardos|289/321|[from] item: Life Orb\n|\n|upkeep\n|\n|t:|1781386142\n|switch|p1a: Polteageist|Polteageist-Antique, L78|222/222\n|turn|23\n|\n|t:|1781386147\n|move|p1a: Polteageist|Shell Smash|p1a: Polteageist\n|-unboost|p1a: Polteageist|def|1\n|-unboost|p1a: Polteageist|spd|1\n|-boost|p1a: Polteageist|atk|2\n|-boost|p1a: Polteageist|spa|2\n|-boost|p1a: Polteageist|spe|2\n|-enditem|p1a: Polteageist|White Herb\n|-clearnegativeboost|p1a: Polteageist|[silent]\n|move|p2a: Rampardos|Rock Slide|p1a: Polteageist\n|-damage|p1a: Polteageist|0 fnt\n|faint|p1a: Polteageist\n|\n|win|xdx42\n", "uploadtime": 1781385973, "views": 4, "formatid": "gen9randombattle", "rating": null, "private": 0, "password": null}