{"id": "gen9randombattle-2631985590", "format": "[Gen 9] Random Battle", "players": ["bros1021", "gangsta spongebob"], "log": "|j|\u2606bros1021\n|j|\u2606gangsta spongebob\n|t:|1781462892\n|gametype|singles\n|player|p1|bros1021|169|1935\n|player|p2|gangsta spongebob|101|2028\n|gen|9\n|tier|[Gen 9] Random Battle\n|rated|\n|rule|Species Clause: Limit one of each Pok\u00e9mon\n|rule|HP Percentage Mod: HP is shown in percentages\n|rule|Sleep Clause Mod: Limit one foe put to sleep\n|rule|Illusion Level Mod: Illusion disguises the Pok\u00e9mon's true level\n|\n|t:|1781462892\n|teamsize|p1|6\n|teamsize|p2|6\n|start\n|switch|p1a: Arboliva|Arboliva, L91, F|288/288\n|switch|p2a: Calyrex|Calyrex, L93|337/337\n|-ability|p2a: Calyrex|Unnerve\n|turn|1\n|c|\u2606gangsta spongebob|gl hf\n|\n|t:|1781462908\n|switch|p2a: Glaceon|Glaceon, L94, F|275/275\n|move|p1a: Arboliva|Hyper Voice|p2a: Glaceon\n|-damage|p2a: Glaceon|158/275\n|\n|upkeep\n|turn|2\n|\n|t:|1781462917\n|switch|p1a: Rotom|Rotom-Frost, L87|229/229\n|move|p2a: Glaceon|Wish|p2a: Glaceon\n|\n|upkeep\n|turn|3\n|\n|t:|1781462923\n|move|p1a: Rotom|Nasty Plot|p1a: Rotom\n|-boost|p1a: Rotom|spa|2\n|move|p2a: Glaceon|Freeze-Dry|p1a: Rotom\n|-resisted|p1a: Rotom\n|-damage|p1a: Rotom|182/229\n|\n|-heal|p2a: Glaceon|275/275|[from] move: Wish|[wisher] Glaceon\n|upkeep\n|turn|4\n|\n|t:|1781462930\n|switch|p2a: Calyrex|Calyrex, L93|337/337\n|-ability|p2a: Calyrex|Unnerve\n|move|p1a: Rotom|Thunderbolt|p2a: Calyrex\n|-resisted|p2a: Calyrex\n|-damage|p2a: Calyrex|241/337\n|\n|-heal|p2a: Calyrex|262/337|[from] item: Leftovers\n|upkeep\n|turn|5\n|\n|t:|1781462934\n|move|p2a: Calyrex|Body Press|p1a: Rotom\n|-supereffective|p1a: Rotom\n|-damage|p1a: Rotom|74/229\n|move|p1a: Rotom|Blizzard|p2a: Calyrex\n|-supereffective|p2a: Calyrex\n|-damage|p2a: Calyrex|0 fnt\n|faint|p2a: Calyrex\n|\n|upkeep\n|\n|t:|1781462938\n|switch|p2a: Pyroar|Pyroar, L88, M|295/295\n|-ability|p2a: Pyroar|Unnerve\n|turn|6\n|\n|t:|1781462941\n|switch|p1a: Volcanion|Volcanion, L79|255/255\n|move|p2a: Pyroar|Fire Blast|p1a: Volcanion\n|-resisted|p1a: Volcanion\n|-damage|p1a: Volcanion|231/255\n|\n|upkeep\n|turn|7\n|\n|t:|1781462945\n|switch|p2a: Kingdra|Kingdra, L84, M|263/263\n|move|p1a: Volcanion|Steam Eruption|p2a: Kingdra\n|-resisted|p2a: Kingdra\n|-damage|p2a: Kingdra|234/263\n|\n|upkeep\n|turn|8\n|\n|t:|1781462953\n|switch|p1a: Arboliva|Arboliva, L91, F|288/288\n|move|p2a: Kingdra|Draco Meteor|p1a: Arboliva\n|-damage|p1a: Arboliva|162/288\n|-unboost|p2a: Kingdra|spa|2\n|-damage|p2a: Kingdra|208/263|[from] item: Life Orb\n|\n|upkeep\n|turn|9\n|\n|t:|1781462964\n|switch|p2a: Pyroar|Pyroar, L88, M|295/295\n|-ability|p2a: Pyroar|Unnerve\n|move|p1a: Arboliva|Leech Seed|p2a: Pyroar\n|-start|p2a: Pyroar|move: Leech Seed\n|\n|-damage|p2a: Pyroar|259/295|[from] Leech Seed|[of] p1a: Arboliva\n|-heal|p1a: Arboliva|198/288|[silent]\n|upkeep\n|turn|10\n|\n|t:|1781462969\n|switch|p2a: Torkoal|Torkoal, L88, M|266/266\n|-weather|SunnyDay|[from] ability: Drought|[of] p2a: Torkoal\n|move|p1a: Arboliva|Protect||[still]\n|-fail|p1a: Arboliva\n|\n|-weather|SunnyDay|[upkeep]\n|upkeep\n|turn|11\n|\n|t:|1781462973\n|move|p1a: Arboliva|Substitute|p1a: Arboliva\n|-start|p1a: Arboliva|Substitute\n|-damage|p1a: Arboliva|126/288\n|-enditem|p1a: Arboliva|Sitrus Berry|[eat]\n|-heal|p1a: Arboliva|198/288|[from] item: Sitrus Berry\n|move|p2a: Torkoal|Yawn||[still]\n|-fail|p2a: Torkoal\n|\n|-weather|SunnyDay|[upkeep]\n|-item|p1a: Arboliva|Sitrus Berry|[from] ability: Harvest\n|upkeep\n|turn|12\n|\n|t:|1781462979\n|move|p1a: Arboliva|Hyper Voice|p2a: Torkoal\n|-damage|p2a: Torkoal|112/266\n|move|p2a: Torkoal|Rapid Spin|p1a: Arboliva\n|-activate|p1a: Arboliva|move: Substitute|[damage]\n|-boost|p2a: Torkoal|spe|1\n|\n|-weather|SunnyDay|[upkeep]\n|upkeep\n|turn|13\n|\n|t:|1781462987\n|move|p2a: Torkoal|Lava Plume|p1a: Arboliva\n|-supereffective|p1a: Arboliva\n|-end|p1a: Arboliva|Substitute\n|move|p1a: Arboliva|Hyper Voice|p2a: Torkoal\n|-crit|p2a: Torkoal\n|-damage|p2a: Torkoal|0 fnt\n|faint|p2a: Torkoal\n|\n|-weather|SunnyDay|[upkeep]\n|upkeep\n|-message|gangsta spongebob forfeited.\n|\n|win|bros1021\n", "inputlog": ">version a8376a258c1d4662feba110a92103f3664a72141\n>start {\"formatid\":\"gen9randombattle\",\"seed\":\"sodium,97b734642b29fa9fa1f7760399d809db\",\"rated\":\"Rated battle\"}\n>player p1 {\"name\":\"bros1021\",\"avatar\":\"169\",\"rating\":1935,\"seed\":\"sodium,504da76bbe5550a0a2101f1f8bfd6bf8\"}\n>player p2 {\"name\":\"gangsta spongebob\",\"avatar\":\"101\",\"rating\":2028,\"seed\":\"sodium,84af817e38aab5a36171700cedd1ea9b\"}\n>chat \u2606gangsta spongebob|gl hf\n>p1 move hypervoice\n>p2 switch 6\n>p1 switch 3\n>p2 move wish\n>p1 move nastyplot\n>p2 move freezedry\n>p1 move thunderbolt\n>p2 switch 6\n>p1 move blizzard\n>p2 move bodypress\n>p2 switch 5\n>p1 switch 4\n>p2 move fireblast\n>p1 move steameruption\n>p2 switch 4\n>p1 switch 3\n>p2 move dracometeor\n>p1 move leechseed\n>p2 switch 4\n>p1 move protect\n>p2 switch 2\n>p1 move substitute\n>p2 move yawn\n>p1 move hypervoice\n>p2 move rapidspin\n>p1 move hypervoice\n>p2 move lavaplume\n>forcelose p2", "uploadtime": 1781462893, "views": 4, "formatid": "gen9randombattle", "rating": null, "private": 0, "password": null}