{"id": "gen9randombattle-2631587104", "format": "[Gen 9] Random Battle", "players": ["catavieve", "Budgers"], "log": "|j|\u2606catavieve\n|j|\u2606Budgers\n|t:|1781405055\n|gametype|singles\n|player|p1|catavieve|palmer|2021\n|player|p2|Budgers|169|1983\n|gen|9\n|tier|[Gen 9] Random Battle\n|rated|\n|rule|Species Clause: Limit one of each Pok\u00e9mon\n|rule|HP Percentage Mod: HP is shown in percentages\n|rule|Sleep Clause Mod: Limit one foe put to sleep\n|rule|Illusion Level Mod: Illusion disguises the Pok\u00e9mon's true level\n|\n|t:|1781405055\n|teamsize|p1|6\n|teamsize|p2|6\n|start\n|switch|p1a: Klawf|Klawf, L90, M|272/272\n|switch|p2a: Magmortar|Magmortar, L88, F|275/275\n|turn|1\n|inactive|Battle timer is ON: inactive players will automatically lose when time's up. (requested by Budgers)\n|\n|t:|1781405061\n|move|p2a: Magmortar|Will-O-Wisp|p1a: Klawf\n|-status|p1a: Klawf|brn\n|move|p1a: Klawf|Stone Edge|p2a: Magmortar\n|-supereffective|p2a: Magmortar\n|-crit|p2a: Magmortar\n|-damage|p2a: Magmortar|44/275\n|\n|-damage|p1a: Klawf|255/272 brn|[from] brn\n|upkeep\n|turn|2\n|\n|t:|1781405069\n|move|p2a: Magmortar|Fire Blast|p1a: Klawf\n|-resisted|p1a: Klawf\n|-damage|p1a: Klawf|158/272 brn\n|move|p1a: Klawf|Knock Off|p2a: Magmortar\n|-damage|p2a: Magmortar|0 fnt\n|-enditem|p2a: Magmortar|Heavy-Duty Boots|[from] move: Knock Off|[of] p1a: Klawf\n|faint|p2a: Magmortar\n|\n|-damage|p1a: Klawf|141/272 brn|[from] brn\n|upkeep\n|\n|t:|1781405076\n|switch|p2a: Crawdaunt|Crawdaunt, L84, M|243/243\n|turn|3\n|\n|t:|1781405102\n|switch|p1a: Dialga|Dialga-Origin, L73|266/266\n|-ability|p1a: Dialga|Pressure\n|move|p2a: Crawdaunt|Dragon Dance|p2a: Crawdaunt\n|-boost|p2a: Crawdaunt|atk|1\n|-boost|p2a: Crawdaunt|spe|1\n|\n|upkeep\n|turn|4\n|\n|t:|1781405117\n|move|p2a: Crawdaunt|Knock Off|p1a: Dialga\n|-damage|p1a: Dialga|89/266\n|-damage|p2a: Crawdaunt|219/243|[from] item: Life Orb\n|move|p1a: Dialga|Dragon Tail|p2a: Crawdaunt\n|-damage|p2a: Crawdaunt|158/243\n|drag|p2a: Volcarona|Volcarona, L77, F|257/257\n|\n|upkeep\n|turn|5\n|\n|t:|1781405128\n|move|p2a: Volcarona|Fiery Dance|p1a: Dialga\n|-damage|p1a: Dialga|8/266\n|move|p1a: Dialga|Draco Meteor|p2a: Volcarona\n|-damage|p2a: Volcarona|76/257\n|-unboost|p1a: Dialga|spa|2\n|\n|upkeep\n|turn|6\n|\n|t:|1781405131\n|move|p2a: Volcarona|Fiery Dance|p1a: Dialga\n|-damage|p1a: Dialga|0 fnt\n|faint|p1a: Dialga\n|\n|upkeep\n|inactive|catavieve has 120 seconds left.\n|\n|t:|1781405167\n|switch|p1a: Furret|Furret, L94, M|312/312\n|-item|p2a: Volcarona|Heavy-Duty Boots|[from] ability: Frisk|[of] p1a: Furret\n|turn|7\n|\n|t:|1781405171\n|move|p1a: Furret|Double-Edge|p2a: Volcarona\n|-damage|p2a: Volcarona|0 fnt\n|faint|p2a: Volcarona\n|-damage|p1a: Furret|287/312|[from] Recoil\n|-damage|p1a: Furret|256/312|[from] item: Life Orb\n|\n|upkeep\n|\n|t:|1781405174\n|switch|p2a: Gurdurr|Gurdurr, L85, M|283/283\n|turn|8\n|\n|t:|1781405189\n|switch|p1a: Garchomp|Garchomp, L74, F|282/282\n|move|p2a: Gurdurr|Drain Punch|p1a: Garchomp\n|-damage|p1a: Garchomp|182/282\n|-damage|p2a: Gurdurr|248/283|[from] ability: Rough Skin|[of] p1a: Garchomp\n|-damage|p2a: Gurdurr|201/283|[from] item: Rocky Helmet|[of] p1a: Garchomp\n|\n|upkeep\n|turn|9\n|\n|t:|1781405194\n|switch|p2a: Crawdaunt|Crawdaunt, L84, M|158/243\n|move|p1a: Garchomp|Stealth Rock|p2a: Crawdaunt\n|-sidestart|p2: Budgers|move: Stealth Rock\n|\n|upkeep\n|turn|10\n|\n|t:|1781405207\n|move|p1a: Garchomp|Earthquake|p2a: Crawdaunt\n|-damage|p2a: Crawdaunt|41/243\n|move|p2a: Crawdaunt|Crabhammer|p1a: Garchomp\n|-damage|p1a: Garchomp|0 fnt\n|-damage|p2a: Crawdaunt|11/243|[from] ability: Rough Skin|[of] p1a: Garchomp\n|-damage|p2a: Crawdaunt|0 fnt|[from] item: Rocky Helmet|[of] p1a: Garchomp\n|faint|p1a: Garchomp\n|faint|p2a: Crawdaunt\n|\n|upkeep\n|\n|t:|1781405218\n|switch|p1a: Ariados|Ariados, L95, M|287/287\n|switch|p2a: Gurdurr|Gurdurr, L85, M|201/283\n|-damage|p2a: Gurdurr|184/283|[from] Stealth Rock\n|turn|11\n|\n|t:|1781405221\n|move|p1a: Ariados|Poison Jab|p2a: Gurdurr\n|-crit|p2a: Gurdurr\n|-damage|p2a: Gurdurr|85/283\n|move|p2a: Gurdurr|Defog|p1a: Ariados\n|-unboost|p1a: Ariados|evasion|1\n|-sideend|p2: Budgers|Stealth Rock|[from] move: Defog|[of] p2a: Gurdurr\n|\n|upkeep\n|turn|12\n|j| bomboa\n|\n|t:|1781405227\n|switch|p2a: Froslass|Froslass, L87, F|263/263\n|move|p1a: Ariados|Poison Jab|p2a: Froslass\n|-resisted|p2a: Froslass\n|-damage|p2a: Froslass|203/263\n|\n|upkeep\n|turn|13\n|l| bomboa\n|\n|t:|1781405244\n|move|p2a: Froslass|Triple Axel|p1a: Ariados\n|-damage|p1a: Ariados|268/287\n|-damage|p1a: Ariados|223/287\n|-damage|p1a: Ariados|163/287\n|-hitcount|p1a: Ariados|3\n|move|p1a: Ariados|Poison Jab|p2a: Froslass\n|-resisted|p2a: Froslass\n|-damage|p2a: Froslass|142/263\n|-status|p2a: Froslass|psn\n|-start|p1a: Ariados|Disable|Poison Jab|[from] ability: Cursed Body|[of] p2a: Froslass\n|\n|-damage|p2a: Froslass|110/263 psn|[from] psn\n|upkeep\n|turn|14\n|\n|t:|1781405250\n|move|p1a: Ariados|Sucker Punch|p2a: Froslass\n|-supereffective|p2a: Froslass\n|-damage|p2a: Froslass|0 fnt\n|faint|p2a: Froslass\n|\n|upkeep\n|\n|t:|1781405260\n|switch|p2a: Gurdurr|Gurdurr, L85, M|85/283\n|turn|15\n|\n|t:|1781405272\n|switch|p2a: Vileplume|Vileplume, L85, F|266/266\n|move|p1a: Ariados|Sticky Web|p2a: Vileplume\n|-sidestart|p2: Budgers|move: Sticky Web\n|\n|upkeep\n|turn|16\n|\n|t:|1781405277\n|move|p2a: Vileplume|Leech Seed|p1a: Ariados\n|-start|p1a: Ariados|move: Leech Seed\n|move|p1a: Ariados|Megahorn|p2a: Vileplume\n|-damage|p2a: Vileplume|122/266\n|\n|-heal|p2a: Vileplume|138/266|[from] item: Leftovers\n|-damage|p1a: Ariados|128/287|[from] Leech Seed|[of] p2a: Vileplume\n|-heal|p2a: Vileplume|173/266|[silent]\n|-end|p1a: Ariados|Disable\n|upkeep\n|turn|17\n|\n|t:|1781405289\n|switch|p1a: Klawf|Klawf, L90, M|141/272 brn\n|move|p2a: Vileplume|Sludge Bomb|p1a: Klawf\n|-resisted|p1a: Klawf\n|-damage|p1a: Klawf|71/272 brn\n|-ability|p1a: Klawf|Anger Shell|boost\n|-boost|p1a: Klawf|atk|1\n|-boost|p1a: Klawf|spa|1\n|-boost|p1a: Klawf|spe|1\n|-unboost|p1a: Klawf|def|1\n|-unboost|p1a: Klawf|spd|1\n|\n|-heal|p2a: Vileplume|189/266|[from] item: Leftovers\n|-damage|p1a: Klawf|54/272 brn|[from] brn\n|upkeep\n|turn|18\n|\n|t:|1781405293\n|move|p1a: Klawf|Knock Off|p2a: Vileplume\n|-damage|p2a: Vileplume|129/266\n|-enditem|p2a: Vileplume|Leftovers|[from] move: Knock Off|[of] p1a: Klawf\n|move|p2a: Vileplume|Strength Sap|p1a: Klawf\n|-unboost|p1a: Klawf|atk|1\n|-heal|p2a: Vileplume|266/266\n|\n|-damage|p1a: Klawf|37/272 brn|[from] brn\n|upkeep\n|turn|19\n|\n|t:|1781405301\n|move|p1a: Klawf|Swords Dance|p1a: Klawf\n|-boost|p1a: Klawf|atk|2\n|move|p2a: Vileplume|Giga Drain|p1a: Klawf\n|-supereffective|p1a: Klawf\n|-damage|p1a: Klawf|0 fnt\n|faint|p1a: Klawf\n|\n|upkeep\n|\n|t:|1781405302\n|switch|p1a: Deoxys|Deoxys-Speed, L82|216/216\n|-ability|p1a: Deoxys|Pressure\n|turn|20\n|\n|t:|1781405308\n|-terastallize|p2a: Vileplume|Steel\n|move|p1a: Deoxys|Nasty Plot|p1a: Deoxys\n|-boost|p1a: Deoxys|spa|2\n|move|p2a: Vileplume|Giga Drain|p1a: Deoxys\n|-damage|p1a: Deoxys|123/216\n|\n|upkeep\n|turn|21\n|\n|t:|1781405314\n|move|p1a: Deoxys|Focus Blast|p2a: Vileplume\n|-supereffective|p2a: Vileplume\n|-damage|p2a: Vileplume|0 fnt\n|faint|p2a: Vileplume\n|-damage|p1a: Deoxys|102/216|[from] item: Life Orb\n|\n|upkeep\n|-message|Budgers forfeited.\n|\n|win|catavieve\n", "inputlog": ">version a8376a258c1d4662feba110a92103f3664a72141\n>start {\"formatid\":\"gen9randombattle\",\"seed\":\"sodium,a5e7e06d8ffd069d53dedb2cc705d288\",\"rated\":\"Rated battle\"}\n>player p1 {\"name\":\"catavieve\",\"avatar\":\"palmer\",\"rating\":2021,\"seed\":\"sodium,4ef019ba2189656e4a25a11493321f81\"}\n>player p2 {\"name\":\"Budgers\",\"avatar\":\"169\",\"rating\":1983,\"seed\":\"sodium,ea4aee35ef116f3e0f56d894e277bc2b\"}\n>p1 move stoneedge\n>p2 move willowisp\n>p1 move knockoff\n>p2 move fireblast\n>p2 switch 5\n>p1 switch 5\n>p2 move dragondance\n>p1 move dragontail\n>p2 move knockoff\n>p1 move dracometeor\n>p2 move fierydance\n>p1 move dragontail\n>p2 move fierydance\n>p1 switch 6\n>p1 move doubleedge\n>p2 move fierydance\n>p2 switch 2\n>p1 switch 3\n>p2 move drainpunch\n>p1 move stealthrock\n>p2 switch 3\n>p1 move earthquake\n>p2 move crabhammer\n>p1 switch 4\n>p2 switch 3\n>p1 move poisonjab\n>p2 move defog\n>p1 move poisonjab\n>p2 switch 6\n>p1 move poisonjab\n>p2 move tripleaxel\n>p1 move suckerpunch\n>p2 move poltergeist\n>p2 switch 6\n>p1 move stickyweb\n>p2 switch 4\n>p1 move megahorn\n>p2 move leechseed\n>p1 switch 5\n>p2 move sludgebomb\n>p1 move knockoff\n>p2 move strengthsap\n>p1 move swordsdance\n>p2 move gigadrain\n>p1 switch 2\n>p1 move nastyplot\n>p2 move gigadrain terastallize\n>p1 move focusblast\n>p2 move sludgebomb\n>forcelose p2", "uploadtime": 1781405057, "views": 5, "formatid": "gen9randombattle", "rating": null, "private": 0, "password": null}