{"id": "gen9randombattle-2631468005", "format": "[Gen 9] Random Battle", "players": ["shams713", "SteelixPrismGX"], "log": "|j|\u2606shams713\n|j|\u2606SteelixPrismGX\n|t:|1781388425\n|gametype|singles\n|player|p1|shams713|101|2049\n|player|p2|SteelixPrismGX|siebold|2032\n|gen|9\n|tier|[Gen 9] Random Battle\n|rated|\n|rule|Species Clause: Limit one of each Pok\u00e9mon\n|rule|HP Percentage Mod: HP is shown in percentages\n|rule|Sleep Clause Mod: Limit one foe put to sleep\n|rule|Illusion Level Mod: Illusion disguises the Pok\u00e9mon's true level\n|\n|t:|1781388425\n|teamsize|p1|6\n|teamsize|p2|6\n|start\n|switch|p1a: Reshiram|Reshiram, L76|277/277\n|switch|p2a: Espathra|Espathra, L80, M|283/283\n|-ability|p1a: Reshiram|Turboblaze\n|turn|1\n|\n|t:|1781388439\n|move|p2a: Espathra|U-turn|p1a: Reshiram\n|-resisted|p1a: Reshiram\n|-damage|p1a: Reshiram|262/277\n|\n|t:|1781388449\n|switch|p2a: Chandelure|Chandelure, L83, F|235/235|[from] U-turn\n|move|p1a: Reshiram|Draco Meteor|p2a: Chandelure\n|-damage|p2a: Chandelure|64/235\n|-unboost|p1a: Reshiram|spa|2\n|\n|upkeep\n|turn|2\n|\n|t:|1781388462\n|switch|p2a: Lumineon|Lumineon, L93, M|279/279\n|move|p1a: Reshiram|Earth Power|p2a: Lumineon\n|-damage|p2a: Lumineon|244/279\n|\n|upkeep\n|turn|3\n|\n|t:|1781388483\n|switch|p1a: Hydrapple|Hydrapple, L83, F|312/312\n|move|p2a: Lumineon|Hydro Pump|p1a: Hydrapple\n|-resisted|p1a: Hydrapple\n|-damage|p1a: Hydrapple|285/312\n|\n|-heal|p1a: Hydrapple|304/312|[from] item: Leftovers\n|upkeep\n|turn|4\n|inactive|Battle timer is ON: inactive players will automatically lose when time's up. (requested by shams713)\n|\n|t:|1781388496\n|switch|p1a: Skeledirge|Skeledirge, L79, F|294/294\n|move|p2a: Lumineon|U-turn|p1a: Skeledirge\n|-resisted|p1a: Skeledirge\n|-damage|p1a: Skeledirge|282/294\n|\n|t:|1781388498\n|switch|p2a: Chandelure|Chandelure, L83, F|64/235|[from] U-turn\n|\n|upkeep\n|turn|5\n|\n|t:|1781388504\n|switch|p1a: Hydrapple|Hydrapple, L83, F|312/312\n|move|p2a: Chandelure|Shadow Ball|p1a: Hydrapple\n|-damage|p1a: Hydrapple|192/312\n|-unboost|p1a: Hydrapple|spd|1\n|\n|-heal|p1a: Hydrapple|211/312|[from] item: Leftovers\n|upkeep\n|turn|6\n|\n|t:|1781388508\n|move|p2a: Chandelure|Fire Blast|p1a: Hydrapple|[miss]\n|-miss|p2a: Chandelure|p1a: Hydrapple\n|move|p1a: Hydrapple|Fickle Beam|p2a: Chandelure\n|-damage|p2a: Chandelure|0 fnt\n|faint|p2a: Chandelure\n|\n|-heal|p1a: Hydrapple|230/312|[from] item: Leftovers\n|upkeep\n|c|\u2606SteelixPrismGX|bruh\n|\n|t:|1781388515\n|switch|p2a: Espathra|Espathra, L80, M|283/283\n|turn|7\n|c|\u2606shams713|i aint your bruh , bruh\n|\n|t:|1781388538\n|switch|p1a: Skeledirge|Skeledirge, L79, F|282/294\n|move|p2a: Espathra|Lumina Crash|p1a: Skeledirge\n|-damage|p1a: Skeledirge|144/294\n|-unboost|p1a: Skeledirge|spd|2\n|\n|-ability|p2a: Espathra|Speed Boost|boost\n|-boost|p2a: Espathra|spe|1\n|upkeep\n|turn|8\n|\n|t:|1781388543\n|switch|p1a: Hydrapple|Hydrapple, L83, F|312/312\n|move|p2a: Espathra|Lumina Crash|p1a: Hydrapple\n|-damage|p1a: Hydrapple|189/312\n|-unboost|p1a: Hydrapple|spd|2\n|\n|-heal|p1a: Hydrapple|208/312|[from] item: Leftovers\n|-ability|p2a: Espathra|Speed Boost|boost\n|-boost|p2a: Espathra|spe|1\n|upkeep\n|turn|9\n|\n|t:|1781388554\n|-terastallize|p1a: Hydrapple|Steel\n|move|p2a: Espathra|Lumina Crash|p1a: Hydrapple\n|-resisted|p1a: Hydrapple\n|-damage|p1a: Hydrapple|80/312\n|-unboost|p1a: Hydrapple|spd|2\n|move|p1a: Hydrapple|Fickle Beam|p2a: Espathra|[anim] Fickle Beam All Out\n|-activate|p1a: Hydrapple|move: Fickle Beam\n|-damage|p2a: Espathra|7/283\n|\n|-heal|p1a: Hydrapple|99/312|[from] item: Leftovers\n|-ability|p2a: Espathra|Speed Boost|boost\n|-boost|p2a: Espathra|spe|1\n|upkeep\n|turn|10\n|c|\u2606SteelixPrismGX|ow\n|\n|t:|1781388569\n|switch|p1a: Skeledirge|Skeledirge, L79, F|144/294\n|move|p2a: Espathra|Lumina Crash|p1a: Skeledirge\n|-damage|p1a: Skeledirge|9/294\n|-unboost|p1a: Skeledirge|spd|2\n|\n|-ability|p2a: Espathra|Speed Boost|boost\n|-boost|p2a: Espathra|spe|1\n|upkeep\n|turn|11\n|\n|t:|1781388572\n|move|p2a: Espathra|Lumina Crash|p1a: Skeledirge\n|-damage|p1a: Skeledirge|0 fnt\n|faint|p1a: Skeledirge\n|\n|-ability|p2a: Espathra|Speed Boost|boost\n|-boost|p2a: Espathra|spe|1\n|upkeep\n|\n|t:|1781388587\n|switch|p1a: Reshiram|Reshiram, L76|262/277\n|-ability|p1a: Reshiram|Turboblaze\n|turn|12\n|\n|t:|1781388591\n|move|p2a: Espathra|Lumina Crash|p1a: Reshiram\n|-crit|p1a: Reshiram\n|-damage|p1a: Reshiram|90/277\n|-unboost|p1a: Reshiram|spd|2\n|move|p1a: Reshiram|Earth Power|p2a: Espathra\n|-damage|p2a: Espathra|0 fnt\n|faint|p2a: Espathra\n|\n|upkeep\n|\n|t:|1781388594\n|switch|p2a: Lumineon|Lumineon, L93, M|244/279\n|turn|13\n|\n|t:|1781388597\n|switch|p1a: Hydrapple|Hydrapple, L83, F, tera:Steel|203/312\n|move|p2a: Lumineon|Hydro Pump|p1a: Hydrapple\n|-damage|p1a: Hydrapple|88/312\n|\n|-heal|p1a: Hydrapple|107/312|[from] item: Leftovers\n|upkeep\n|turn|14\n|\n|t:|1781388602\n|switch|p1a: Masquerain|Masquerain, L87, M|264/264\n|-ability|p1a: Masquerain|Intimidate|boost\n|-unboost|p2a: Lumineon|atk|1\n|move|p2a: Lumineon|Hydro Pump|p1a: Masquerain\n|-damage|p1a: Masquerain|149/264\n|\n|upkeep\n|turn|15\n|\n|t:|1781388606\n|move|p2a: Lumineon|Ice Beam|p1a: Masquerain\n|-supereffective|p1a: Masquerain\n|-crit|p1a: Masquerain\n|-damage|p1a: Masquerain|0 fnt\n|faint|p1a: Masquerain\n|\n|upkeep\n|\n|t:|1781388611\n|switch|p1a: Furret|Furret, L94, M|312/312\n|-item|p2a: Lumineon|Heavy-Duty Boots|[from] ability: Frisk|[of] p1a: Furret\n|turn|16\n|\n|t:|1781388616\n|move|p1a: Furret|Tidy Up|p1a: Furret\n|-boost|p1a: Furret|atk|1\n|-boost|p1a: Furret|spe|1\n|move|p2a: Lumineon|U-turn|p1a: Furret\n|-damage|p1a: Furret|275/312\n|\n|t:|1781388618\n|switch|p2a: Wyrdeer|Wyrdeer, L87, M|321/321|[from] U-turn\n|-ability|p2a: Wyrdeer|Intimidate|boost\n|-unboost|p1a: Furret|atk|1\n|\n|upkeep\n|turn|17\n|\n|t:|1781388621\n|move|p1a: Furret|Knock Off|p2a: Wyrdeer\n|-supereffective|p2a: Wyrdeer\n|-damage|p2a: Wyrdeer|116/321\n|-enditem|p2a: Wyrdeer|Leftovers|[from] move: Knock Off|[of] p1a: Furret\n|-damage|p1a: Furret|244/312|[from] item: Life Orb\n|move|p2a: Wyrdeer|Thunder Wave|p1a: Furret|[miss]\n|-miss|p2a: Wyrdeer|p1a: Furret\n|\n|upkeep\n|turn|18\n|\n|t:|1781388633\n|move|p1a: Furret|Double-Edge|p2a: Wyrdeer\n|-damage|p2a: Wyrdeer|0 fnt\n|faint|p2a: Wyrdeer\n|-damage|p1a: Furret|206/312|[from] Recoil\n|-damage|p1a: Furret|175/312|[from] item: Life Orb\n|\n|upkeep\n|\n|t:|1781388637\n|switch|p2a: Terapagos|Terapagos, L77, M|265/265\n|-activate|p2a: Terapagos|ability: Tera Shift\n|detailschange|p2a: Terapagos|Terapagos-Terastal, L77, M\n|-heal|p2a: Terapagos|273/273|[silent]\n|turn|19\n|\n|t:|1781388642\n|move|p1a: Furret|Knock Off|p2a: Terapagos\n|-activate|p2a: Terapagos|ability: Tera Shell\n|-resisted|p2a: Terapagos\n|-damage|p2a: Terapagos|230/273\n|-enditem|p2a: Terapagos|Heavy-Duty Boots|[from] move: Knock Off|[of] p1a: Furret\n|-damage|p1a: Furret|144/312|[from] item: Life Orb\n|move|p2a: Terapagos|Calm Mind|p2a: Terapagos\n|-boost|p2a: Terapagos|spa|1\n|-boost|p2a: Terapagos|spd|1\n|\n|upkeep\n|turn|20\n|\n|t:|1781388647\n|move|p1a: Furret|Brick Break|p2a: Terapagos\n|-supereffective|p2a: Terapagos\n|-damage|p2a: Terapagos|97/273\n|-damage|p1a: Furret|113/312|[from] item: Life Orb\n|move|p2a: Terapagos|Tera Starstorm|p1a: Furret\n|-damage|p1a: Furret|0 fnt\n|faint|p1a: Furret\n|\n|upkeep\n|\n|t:|1781388655\n|switch|p1a: Tauros|Tauros-Paldea-Aqua, L81, M|252/252\n|turn|21\n|c|\u2606SteelixPrismGX|i had this in my last game where i missed two thunder waves in my last game\n|\n|t:|1781388662\n|switch|p2a: Lumineon|Lumineon, L93, M|244/279\n|move|p1a: Tauros|Close Combat|p2a: Lumineon\n|-damage|p2a: Lumineon|115/279\n|-unboost|p1a: Tauros|def|1\n|-unboost|p1a: Tauros|spd|1\n|\n|upkeep\n|turn|22\n|\n|t:|1781388671\n|switch|p1a: Hydrapple|Hydrapple, L83, F, tera:Steel|211/312\n|move|p2a: Lumineon|Hydro Pump|p1a: Hydrapple\n|-damage|p1a: Hydrapple|100/312\n|\n|-heal|p1a: Hydrapple|119/312|[from] item: Leftovers\n|upkeep\n|turn|23\n|c|\u2606shams713|Accuracy\n|c|\u2606shams713|90%\n|\n|t:|1781388696\n|switch|p1a: Reshiram|Reshiram, L76|90/277\n|-ability|p1a: Reshiram|Turboblaze\n|move|p2a: Lumineon|Hydro Pump|p1a: Reshiram\n|-damage|p1a: Reshiram|0 fnt\n|faint|p1a: Reshiram\n|\n|upkeep\n|\n|t:|1781388699\n|switch|p1a: Hydrapple|Hydrapple, L83, F, tera:Steel|223/312\n|turn|24\n|\n|t:|1781388708\n|move|p2a: Lumineon|Hydro Pump|p1a: Hydrapple\n|-damage|p1a: Hydrapple|106/312\n|move|p1a: Hydrapple|Recover|p1a: Hydrapple\n|-heal|p1a: Hydrapple|262/312\n|\n|-heal|p1a: Hydrapple|281/312|[from] item: Leftovers\n|upkeep\n|turn|25\n|\n|t:|1781388715\n|move|p2a: Lumineon|Encore|p1a: Hydrapple\n|-start|p1a: Hydrapple|Encore\n|move|p1a: Hydrapple|Recover|p1a: Hydrapple\n|-heal|p1a: Hydrapple|312/312\n|\n|upkeep\n|turn|26\n|c|\u2606SteelixPrismGX|i know that's why i find it mildly annoying and tedious\n|\n|t:|1781388726\n|switch|p1a: Tauros|Tauros-Paldea-Aqua, L81, M|252/252\n|move|p2a: Lumineon|U-turn|p1a: Tauros\n|-resisted|p1a: Tauros\n|-damage|p1a: Tauros|230/252\n|\n|t:|1781388727\n|switch|p2a: Zebstrika|Zebstrika, L87, M|272/272|[from] U-turn\n|\n|upkeep\n|turn|27\n|c|\u2606shams713|i find you mildly annoying and tedious\n|\n|t:|1781388740\n|switch|p1a: Hydrapple|Hydrapple, L83, F, tera:Steel|312/312\n|move|p2a: Zebstrika|Supercell Slam|p1a: Hydrapple\n|-damage|p1a: Hydrapple|176/312\n|-damage|p2a: Zebstrika|245/272|[from] item: Life Orb\n|\n|-heal|p1a: Hydrapple|195/312|[from] item: Leftovers\n|upkeep\n|turn|28\n|c|\u2606SteelixPrismGX|damn ok\n|\n|t:|1781388753\n|-terastallize|p2a: Zebstrika|Ground\n|move|p2a: Zebstrika|High Horsepower|p1a: Hydrapple\n|-supereffective|p1a: Hydrapple\n|-damage|p1a: Hydrapple|0 fnt\n|faint|p1a: Hydrapple\n|-damage|p2a: Zebstrika|218/272|[from] item: Life Orb\n|\n|upkeep\n|c|\u2606shams713|nah jk\n|c|\u2606shams713|well played gg\n|\n|t:|1781388762\n|switch|p1a: Tauros|Tauros-Paldea-Aqua, L81, M|230/252\n|turn|29\n|\n|t:|1781388767\n|switch|p2a: Lumineon|Lumineon, L93, M|115/279\n|move|p1a: Tauros|Substitute|p1a: Tauros\n|-start|p1a: Tauros|Substitute\n|-damage|p1a: Tauros|167/252\n|\n|upkeep\n|turn|30\n|\n|t:|1781388772\n|move|p2a: Lumineon|Encore|p1a: Tauros\n|-start|p1a: Tauros|Encore\n|move|p1a: Tauros|Substitute|p1a: Tauros\n|-fail|p1a: Tauros|move: Substitute\n|\n|upkeep\n|turn|31\n|l|\u2606shams713\n|inactive|shams713 disconnected and has a minute to reconnect!\n|player|p1|\n|inactive|shams713 has 30 seconds to reconnect!\n|inactive|shams713 has 20 seconds to reconnect!\n|inactive|shams713 has 15 seconds to reconnect!\n|inactive|shams713 has 10 seconds to reconnect!\n|inactive|shams713 has 5 seconds to reconnect!\n|-message|shams713 lost due to inactivity.\n|\n|win|SteelixPrismGX\n|raw|shams713's rating: 2049 &rarr; <strong>2028</strong><br />(-21 for losing)\n|raw|SteelixPrismGX's rating: 2032 &rarr; <strong>2053</strong><br />(+21 for winning)\n", "inputlog": ">version a8376a258c1d4662feba110a92103f3664a72141\n>start {\"formatid\":\"gen9randombattle\",\"seed\":\"sodium,57e9b6a9200363a5d7cbe6df808b8728\",\"rated\":\"Rated battle\"}\n>player p1 {\"name\":\"shams713\",\"avatar\":\"101\",\"rating\":2049,\"seed\":\"sodium,4d85f671879e2eab12ec5cadc2bbc34e\"}\n>player p2 {\"name\":\"SteelixPrismGX\",\"avatar\":\"siebold\",\"rating\":2032,\"seed\":\"sodium,74d86447656f2bcb22a94dab3c907a11\"}\n>p1 move dracometeor\n>p2 move uturn\n>p2 switch 3\n>p1 move earthpower\n>p2 switch 5\n>p1 switch 3\n>p2 move hydropump\n>p1 switch 2\n>p2 move uturn\n>p2 switch 5\n>p1 switch 2\n>p2 move shadowball\n>p1 move ficklebeam\n>p2 move fireblast\n>chat \u2606SteelixPrismGX|bruh\n>p2 switch 3\n>chat \u2606shams713|i aint your bruh , bruh\n>p1 switch 2\n>p2 move luminacrash\n>p1 switch 2\n>p2 move luminacrash\n>p1 move ficklebeam terastallize\n>p2 move luminacrash\n>chat \u2606SteelixPrismGX|ow\n>p1 switch 2\n>p2 move luminacrash\n>p1 move flamecharge\n>p2 move luminacrash\n>p1 switch 3\n>p1 move earthpower\n>p2 move luminacrash\n>p2 switch 5\n>p1 switch 2\n>p2 move hydropump\n>p1 switch 4\n>p2 move hydropump\n>p1 move stickyweb\n>p2 move icebeam\n>p1 switch 6\n>p1 move tidyup\n>p2 move uturn\n>p2 switch 6\n>p1 move knockoff\n>p2 move thunderwave\n>p1 move doubleedge\n>p2 move psychicnoise\n>p2 switch 2\n>p1 move knockoff\n>p2 move calmmind\n>p1 move brickbreak\n>p2 move terastarstorm\n>p1 switch 5\n>chat \u2606SteelixPrismGX|i had this in my last game where i missed two thunder waves in my last game\n>p1 move closecombat\n>p2 switch 6\n>p1 switch 4\n>p2 move hydropump\n>chat \u2606shams713|Accuracy\n>chat \u2606shams713|90%\n>p1 switch 2\n>p2 move hydropump\n>p1 switch 2\n>p1 move recover\n>p2 move hydropump\n>p1 move ficklebeam\n>p2 move encore\n>chat \u2606SteelixPrismGX|i know that's why i find it mildly annoying and tedious\n>p1 switch 4\n>p2 move uturn\n>p2 switch 4\n>chat \u2606shams713|i find you mildly annoying and tedious\n>p1 switch 4\n>p2 move supercellslam\n>chat \u2606SteelixPrismGX|damn ok\n>p1 move recover\n>p2 move highhorsepower terastallize\n>chat \u2606shams713|nah jk\n>chat \u2606shams713|well played gg\n>p1 switch 4\n>p1 move substitute\n>p2 switch 4\n>p1 move closecombat\n>p2 move encore\n>forcelose p1", "uploadtime": 1781388427, "views": 9, "formatid": "gen9randombattle", "rating": 2028, "private": 0, "password": null}