{"id": "gen9randombattle-2631479306", "format": "[Gen 9] Random Battle", "players": ["gkjhlnk", "colorfmria"], "log": "|j|\u2606gkjhlnk\n|j|\u2606colorfmria\n|t:|1781390074\n|gametype|singles\n|player|p1|gkjhlnk|1|1082\n|player|p2|colorfmria|1|1040\n|gen|9\n|tier|[Gen 9] Random Battle\n|rated|\n|rule|Species Clause: Limit one of each Pok\u00e9mon\n|rule|HP Percentage Mod: HP is shown in percentages\n|rule|Sleep Clause Mod: Limit one foe put to sleep\n|rule|Illusion Level Mod: Illusion disguises the Pok\u00e9mon's true level\n|\n|t:|1781390074\n|teamsize|p1|6\n|teamsize|p2|6\n|start\n|switch|p1a: Oranguru|Oranguru, L92, M|315/315\n|switch|p2a: Charizard|Charizard, L85, F|271/271\n|turn|1\n|inactive|Battle timer is ON: inactive players will automatically lose when time's up. (requested by colorfmria)\n|\n|t:|1781390082\n|move|p2a: Charizard|Flare Blitz|p1a: Oranguru\n|-damage|p1a: Oranguru|192/315\n|-damage|p2a: Charizard|230/271|[from] Recoil\n|move|p1a: Oranguru|Thunderbolt|p2a: Charizard\n|-supereffective|p2a: Charizard\n|-damage|p2a: Charizard|30/271\n|\n|upkeep\n|turn|2\n|\n|t:|1781390091\n|switch|p2a: Iron Treads|Iron Treads, L77|265/265\n|move|p1a: Oranguru|Thunderbolt|p2a: Iron Treads\n|-immune|p2a: Iron Treads\n|\n|upkeep\n|turn|3\n|\n|t:|1781390107\n|switch|p1a: Jumpluff|Jumpluff, L87, M|271/271\n|move|p2a: Iron Treads|Iron Head|p1a: Jumpluff\n|-damage|p1a: Jumpluff|172/271\n|\n|upkeep\n|turn|4\n|\n|t:|1781390115\n|move|p1a: Jumpluff|Sleep Powder|p2a: Iron Treads\n|-status|p2a: Iron Treads|slp|[from] move: Sleep Powder\n|cant|p2a: Iron Treads|slp\n|\n|upkeep\n|turn|5\n|\n|t:|1781390130\n|-end|p2a: Iron Treads|Quark Drive|[silent]\n|switch|p2a: Scovillain|Scovillain, L91, F|266/266\n|move|p1a: Jumpluff|Strength Sap|p2a: Scovillain\n|-unboost|p2a: Scovillain|atk|1\n|-heal|p1a: Jumpluff|271/271\n|\n|upkeep\n|turn|6\n|\n|t:|1781390147\n|move|p1a: Jumpluff|U-turn|p2a: Scovillain\n|-damage|p2a: Scovillain|229/266\n|inactive|gkjhlnk has 120 seconds left.\n|\n|t:|1781390169\n|switch|p1a: Wugtrio|Wugtrio, L91, F|212/212|[from] U-turn\n|move|p2a: Scovillain|Flamethrower|p1a: Wugtrio\n|-resisted|p1a: Wugtrio\n|-damage|p1a: Wugtrio|151/212\n|\n|-heal|p2a: Scovillain|245/266|[from] item: Leftovers\n|upkeep\n|turn|7\n|\n|t:|1781390179\n|switch|p2a: Bruxish|Bruxish, L85, F|254/254\n|move|p1a: Wugtrio|Liquidation|p2a: Bruxish\n|-resisted|p2a: Bruxish\n|-damage|p2a: Bruxish|159/254\n|-unboost|p2a: Bruxish|def|1\n|\n|upkeep\n|turn|8\n|\n|t:|1781390189\n|switch|p1a: Abomasnow|Abomasnow, L84, F|287/287\n|-weather|Snowscape|[from] ability: Snow Warning|[of] p1a: Abomasnow\n|move|p2a: Bruxish|Psychic Fangs|p1a: Abomasnow\n|-damage|p1a: Abomasnow|147/287\n|-damage|p2a: Bruxish|134/254|[from] item: Life Orb\n|\n|-weather|Snowscape|[upkeep]\n|upkeep\n|turn|9\n|inactive|gkjhlnk has 120 seconds left.\n|\n|t:|1781390212\n|switch|p2a: Scovillain|Scovillain, L91, F|245/266\n|move|p1a: Abomasnow|Aurora Veil|p1a: Abomasnow\n|-sidestart|p1: gkjhlnk|move: Aurora Veil\n|\n|-weather|Snowscape|[upkeep]\n|-heal|p2a: Scovillain|261/266|[from] item: Leftovers\n|upkeep\n|turn|10\n|inactive|gkjhlnk has 120 seconds left.\n|\n|t:|1781390229\n|move|p1a: Abomasnow|Ice Shard|p2a: Scovillain\n|-damage|p2a: Scovillain|213/266\n|move|p2a: Scovillain|Flamethrower|p1a: Abomasnow\n|-supereffective|p1a: Abomasnow\n|-damage|p1a: Abomasnow|0 fnt\n|faint|p1a: Abomasnow\n|\n|-weather|Snowscape|[upkeep]\n|-heal|p2a: Scovillain|229/266|[from] item: Leftovers\n|upkeep\n|inactive|gkjhlnk has 120 seconds left.\n|\n|t:|1781390237\n|switch|p1a: Terapagos|Terapagos, L77, M|265/265\n|-activate|p1a: Terapagos|ability: Tera Shift\n|detailschange|p1a: Terapagos|Terapagos-Terastal, L77, M\n|-heal|p1a: Terapagos|273/273|[silent]\n|turn|11\n|\n|t:|1781390245\n|move|p2a: Scovillain|Leech Seed|p1a: Terapagos\n|-start|p1a: Terapagos|move: Leech Seed\n|move|p1a: Terapagos|Calm Mind|p1a: Terapagos\n|-boost|p1a: Terapagos|spa|1\n|-boost|p1a: Terapagos|spd|1\n|\n|-weather|Snowscape|[upkeep]\n|-heal|p2a: Scovillain|245/266|[from] item: Leftovers\n|-damage|p1a: Terapagos|239/273|[from] Leech Seed|[of] p2a: Scovillain\n|-heal|p2a: Scovillain|266/266|[silent]\n|upkeep\n|turn|12\n|\n|t:|1781390253\n|move|p2a: Scovillain|Substitute|p2a: Scovillain\n|-start|p2a: Scovillain|Substitute\n|-damage|p2a: Scovillain|200/266\n|move|p1a: Terapagos|Rapid Spin|p2a: Scovillain\n|-activate|p2a: Scovillain|move: Substitute|[damage]\n|-end|p1a: Terapagos|Leech Seed|[from] move: Rapid Spin|[of] p1a: Terapagos\n|-boost|p1a: Terapagos|spe|1\n|\n|-weather|none\n|-heal|p2a: Scovillain|216/266|[from] item: Leftovers\n|upkeep\n|turn|13\n|\n|t:|1781390270\n|move|p1a: Terapagos|Calm Mind|p1a: Terapagos\n|-boost|p1a: Terapagos|spa|1\n|-boost|p1a: Terapagos|spd|1\n|move|p2a: Scovillain|Flamethrower|p1a: Terapagos\n|-damage|p1a: Terapagos|209/273\n|\n|-heal|p2a: Scovillain|232/266|[from] item: Leftovers\n|upkeep\n|turn|14\n|\n|t:|1781390281\n|move|p1a: Terapagos|Dark Pulse|p2a: Scovillain\n|-end|p2a: Scovillain|Substitute\n|move|p2a: Scovillain|Leech Seed|p1a: Terapagos\n|-start|p1a: Terapagos|move: Leech Seed\n|\n|-heal|p2a: Scovillain|248/266|[from] item: Leftovers\n|-damage|p1a: Terapagos|175/273|[from] Leech Seed|[of] p2a: Scovillain\n|-heal|p2a: Scovillain|266/266|[silent]\n|upkeep\n|turn|15\n|\n|t:|1781390293\n|-terastallize|p1a: Terapagos|Stellar\n|detailschange|p1a: Terapagos|Terapagos-Stellar, L77, M, tera:Stellar\n|-heal|p1a: Terapagos|275/373|[silent]\n|move|p2a: Scovillain|Protect|p2a: Scovillain\n|-singleturn|p2a: Scovillain|Protect\n|move|p1a: Terapagos|Tera Starstorm|p2a: Scovillain\n|-activate|p2a: Scovillain|move: Protect\n|\n|-damage|p1a: Terapagos|229/373|[from] Leech Seed|[of] p2a: Scovillain\n|upkeep\n|turn|16\n|\n|t:|1781390308\n|move|p2a: Scovillain|Protect||[still]\n|-fail|p2a: Scovillain\n|move|p1a: Terapagos|Tera Starstorm|p2a: Scovillain\n|-damage|p2a: Scovillain|39/266\n|\n|-heal|p2a: Scovillain|55/266|[from] item: Leftovers\n|-damage|p1a: Terapagos|183/373|[from] Leech Seed|[of] p2a: Scovillain\n|-heal|p2a: Scovillain|101/266|[silent]\n|-sideend|p1: gkjhlnk|move: Aurora Veil\n|upkeep\n|turn|17\n|\n|t:|1781390316\n|move|p2a: Scovillain|Protect|p2a: Scovillain\n|-singleturn|p2a: Scovillain|Protect\n|move|p1a: Terapagos|Dark Pulse|p2a: Scovillain\n|-activate|p2a: Scovillain|move: Protect\n|\n|-heal|p2a: Scovillain|117/266|[from] item: Leftovers\n|-damage|p1a: Terapagos|137/373|[from] Leech Seed|[of] p2a: Scovillain\n|-heal|p2a: Scovillain|163/266|[silent]\n|upkeep\n|turn|18\n|\n|t:|1781390331\n|move|p1a: Terapagos|Tera Starstorm|p2a: Scovillain\n|-damage|p2a: Scovillain|0 fnt\n|faint|p2a: Scovillain\n|\n|upkeep\n|\n|t:|1781390342\n|switch|p2a: Iron Treads|Iron Treads, L77|265/265 slp\n|turn|19\n|\n|t:|1781390351\n|move|p1a: Terapagos|Dark Pulse|p2a: Iron Treads\n|-crit|p2a: Iron Treads\n|-damage|p2a: Iron Treads|72/265 slp\n|cant|p2a: Iron Treads|slp\n|\n|-damage|p1a: Terapagos|91/373|[from] Leech Seed|[of] p2a: Iron Treads\n|-heal|p2a: Iron Treads|118/265 slp|[silent]\n|upkeep\n|turn|20\n|\n|t:|1781390358\n|move|p1a: Terapagos|Dark Pulse|p2a: Iron Treads\n|-damage|p2a: Iron Treads|0 fnt\n|faint|p2a: Iron Treads\n|-end|p2a: Iron Treads|Quark Drive|[silent]\n|\n|upkeep\n|\n|t:|1781390363\n|switch|p2a: Morpeko|Morpeko, L88, F|245/245\n|turn|21\n|\n|t:|1781390367\n|move|p1a: Terapagos|Tera Starstorm|p2a: Morpeko\n|-damage|p2a: Morpeko|0 fnt\n|faint|p2a: Morpeko\n|\n|upkeep\n|l|\u2606colorfmria\n|inactive|colorfmria disconnected and has a minute to reconnect!\n|player|p2|\n|inactive|colorfmria has 30 seconds to reconnect!\n|inactive|colorfmria has 20 seconds to reconnect!\n|inactive|colorfmria has 15 seconds to reconnect!\n|inactive|colorfmria has 10 seconds to reconnect!\n|inactive|colorfmria has 5 seconds to reconnect!\n|-message|colorfmria lost due to inactivity.\n|\n|win|gkjhlnk\n|raw|gkjhlnk's rating: 1082 &rarr; <strong>1109</strong><br />(+27 for winning)\n|raw|colorfmria's rating: 1077 &rarr; <strong>1056</strong><br />(-21 for losing)\n", "inputlog": ">version a8376a258c1d4662feba110a92103f3664a72141\n>start {\"formatid\":\"gen9randombattle\",\"seed\":\"sodium,48d1ab5d9cff9859f0033f0190e86839\",\"rated\":\"Rated battle\"}\n>player p1 {\"name\":\"gkjhlnk\",\"avatar\":\"1\",\"rating\":1082,\"seed\":\"sodium,7030b7aaca2483aa550b8dcc08ccdf55\"}\n>player p2 {\"name\":\"colorfmria\",\"avatar\":\"1\",\"rating\":1040,\"seed\":\"sodium,0cf2544a20e9699d4bf117462a4c13fa\"}\n>p1 move thunderbolt\n>p2 move flareblitz\n>p1 move thunderbolt\n>p2 switch 5\n>p1 switch 6\n>p2 move ironhead\n>p1 move sleeppowder\n>p2 move voltswitch\n>p1 move strengthsap\n>p2 switch 2\n>p1 move uturn\n>p2 move flamethrower\n>p1 switch 2\n>p1 move liquidation\n>p2 switch 6\n>p1 switch 3\n>p2 move psychicfangs\n>p1 move auroraveil\n>p2 switch 6\n>p1 move iceshard\n>p2 move flamethrower\n>p1 switch 4\n>p1 move calmmind\n>p2 move leechseed\n>p1 move rapidspin\n>p2 move substitute\n>p1 move calmmind\n>p2 move flamethrower\n>p1 move darkpulse\n>p2 move leechseed\n>p1 move terastarstorm terastallize\n>p2 move protect\n>p1 move terastarstorm\n>p2 move protect\n>p1 move darkpulse\n>p2 move protect\n>p1 move terastarstorm\n>p2 move flamethrower\n>p2 switch 2\n>p1 move darkpulse\n>p2 move ironhead\n>p1 move darkpulse\n>p2 move ironhead\n>p2 switch 4\n>p1 move terastarstorm\n>p2 move aurawheel\n>forcelose p2", "uploadtime": 1781390431, "views": 4, "formatid": "gen9randombattle", "rating": 1056, "private": 0, "password": null}