{"id": "gen9randombattle-2631495723", "format": "[Gen 9] Random Battle", "players": ["velvet", "duuhhao"], "log": "|j|\u2606velvet\n|j|\u2606duuhhao\n|t:|1781392343\n|gametype|singles\n|player|p1|velvet|#agwliiikyogres|2147\n|player|p2|duuhhao|clair|2188\n|gen|9\n|tier|[Gen 9] Random Battle\n|rated|\n|rule|Species Clause: Limit one of each Pok\u00e9mon\n|rule|HP Percentage Mod: HP is shown in percentages\n|rule|Sleep Clause Mod: Limit one foe put to sleep\n|rule|Illusion Level Mod: Illusion disguises the Pok\u00e9mon's true level\n|\n|t:|1781392343\n|teamsize|p1|6\n|teamsize|p2|6\n|start\n|switch|p1a: Mesprit|Mesprit, L85|275/275\n|switch|p2a: Grumpig|Grumpig, L92, M|297/297\n|turn|1\n|inactive|Battle timer is ON: inactive players will automatically lose when time's up. (requested by velvet)\n|\n|t:|1781392362\n|switch|p1a: Ambipom|Ambipom, L84, F|263/263\n|move|p2a: Grumpig|Shadow Ball|p1a: Ambipom\n|-immune|p1a: Ambipom\n|\n|upkeep\n|turn|2\n|\n|t:|1781392367\n|move|p1a: Ambipom|Fake Out|p2a: Grumpig\n|-damage|p2a: Grumpig|207/297\n|cant|p2a: Grumpig|flinch\n|\n|-heal|p2a: Grumpig|225/297|[from] item: Leftovers\n|upkeep\n|turn|3\n|\n|t:|1781392371\n|move|p1a: Ambipom|Knock Off|p2a: Grumpig\n|-supereffective|p2a: Grumpig\n|-damage|p2a: Grumpig|69/297\n|-enditem|p2a: Grumpig|Leftovers|[from] move: Knock Off|[of] p1a: Ambipom\n|move|p2a: Grumpig|Psychic|p1a: Ambipom\n|-damage|p1a: Ambipom|125/263\n|\n|upkeep\n|turn|4\n|\n|t:|1781392377\n|move|p1a: Ambipom|Knock Off|p2a: Grumpig\n|-supereffective|p2a: Grumpig\n|-damage|p2a: Grumpig|0 fnt\n|faint|p2a: Grumpig\n|\n|upkeep\n|\n|t:|1781392379\n|switch|p2a: Toucannon|Toucannon, L88, M|284/284\n|turn|5\n|\n|t:|1781392383\n|switch|p1a: Duraludon|Duraludon, L82, F|249/249\n|move|p2a: Toucannon|Knock Off|p1a: Duraludon\n|-damage|p1a: Duraludon|197/249\n|-enditem|p1a: Duraludon|Eviolite|[from] move: Knock Off|[of] p2a: Toucannon\n|\n|upkeep\n|turn|6\n|\n|t:|1781392388\n|move|p1a: Duraludon|Flash Cannon|p2a: Toucannon\n|-damage|p2a: Toucannon|173/284\n|move|p2a: Toucannon|Boomburst|p1a: Duraludon\n|-resisted|p1a: Duraludon\n|-damage|p1a: Duraludon|90/249\n|\n|upkeep\n|turn|7\n|\n|t:|1781392399\n|move|p1a: Duraludon|Flash Cannon|p2a: Toucannon\n|-damage|p2a: Toucannon|73/284\n|-unboost|p2a: Toucannon|spd|1\n|move|p2a: Toucannon|Boomburst|p1a: Duraludon\n|-resisted|p1a: Duraludon\n|-damage|p1a: Duraludon|0 fnt\n|faint|p1a: Duraludon\n|\n|upkeep\n|\n|t:|1781392402\n|switch|p1a: Ambipom|Ambipom, L84, F|125/263\n|turn|8\n|\n|t:|1781392408\n|switch|p2a: Skuntank|Skuntank, L84, M|310/310\n|move|p1a: Ambipom|Fake Out|p2a: Skuntank\n|-damage|p2a: Skuntank|207/310\n|\n|upkeep\n|turn|9\n|\n|t:|1781392411\n|move|p2a: Skuntank|Sucker Punch|p1a: Ambipom\n|-damage|p1a: Ambipom|18/263\n|-damage|p2a: Skuntank|176/310|[from] item: Life Orb\n|move|p1a: Ambipom|Double-Edge|p2a: Skuntank\n|-damage|p2a: Skuntank|0 fnt\n|-damage|p1a: Ambipom|0 fnt|[from] ability: Aftermath|[of] p2a: Skuntank\n|faint|p2a: Skuntank\n|faint|p1a: Ambipom\n|\n|upkeep\n|\n|t:|1781392419\n|switch|p1a: Mesprit|Mesprit, L85|275/275\n|switch|p2a: Tyranitar|Tyranitar, L78, F|284/284\n|-weather|Sandstorm|[from] ability: Sand Stream|[of] p2a: Tyranitar\n|turn|10\n|\n|t:|1781392421\n|switch|p1a: Virizion|Virizion, L82|283/283\n|move|p2a: Tyranitar|Knock Off|p1a: Virizion\n|-resisted|p1a: Virizion\n|-damage|p1a: Virizion|218/283\n|-ability|p1a: Virizion|Justified|boost\n|-boost|p1a: Virizion|atk|1\n|-enditem|p1a: Virizion|Life Orb|[from] move: Knock Off|[of] p2a: Tyranitar\n|\n|-weather|Sandstorm|[upkeep]\n|-damage|p1a: Virizion|201/283|[from] Sandstorm\n|upkeep\n|turn|11\n|\n|t:|1781392430\n|-terastallize|p2a: Tyranitar|Ghost\n|move|p1a: Virizion|Leaf Blade|p2a: Tyranitar\n|-damage|p2a: Tyranitar|170/284\n|move|p2a: Tyranitar|Dragon Tail|p1a: Virizion\n|-damage|p1a: Virizion|149/283\n|drag|p1a: Glastrier|Glastrier, L86|311/311\n|\n|-weather|Sandstorm|[upkeep]\n|-damage|p2a: Tyranitar|153/284|[from] Sandstorm\n|-damage|p1a: Glastrier|292/311|[from] Sandstorm\n|upkeep\n|turn|12\n|\n|t:|1781392440\n|move|p2a: Tyranitar|Stone Edge|p1a: Glastrier\n|-supereffective|p1a: Glastrier\n|-damage|p1a: Glastrier|116/311\n|move|p1a: Glastrier|Icicle Crash|p2a: Tyranitar\n|-damage|p2a: Tyranitar|0 fnt\n|faint|p2a: Tyranitar\n|-ability|p1a: Glastrier|Chilling Neigh|boost\n|-boost|p1a: Glastrier|atk|1\n|\n|-weather|Sandstorm|[upkeep]\n|-damage|p1a: Glastrier|97/311|[from] Sandstorm\n|upkeep\n|\n|t:|1781392453\n|switch|p2a: Farigiraf|Farigiraf, L90, M|362/362\n|turn|13\n|\n|t:|1781392455\n|move|p2a: Farigiraf|Wish|p2a: Farigiraf\n|move|p1a: Glastrier|Icicle Crash|p2a: Farigiraf\n|-damage|p2a: Farigiraf|19/362\n|\n|-weather|Sandstorm|[upkeep]\n|-damage|p2a: Farigiraf|0 fnt|[from] Sandstorm\n|-damage|p1a: Glastrier|78/311|[from] Sandstorm\n|faint|p2a: Farigiraf\n|upkeep\n|\n|t:|1781392461\n|switch|p2a: Toucannon|Toucannon, L88, M|73/284\n|turn|14\n|\n|t:|1781392465\n|move|p2a: Toucannon|Boomburst|p1a: Glastrier\n|-damage|p1a: Glastrier|0 fnt\n|faint|p1a: Glastrier\n|\n|-weather|none\n|-heal|p2a: Toucannon|254/284|[from] move: Wish|[wisher] Farigiraf\n|upkeep\n|\n|t:|1781392469\n|switch|p1a: Mesprit|Mesprit, L85|275/275\n|turn|15\n|\n|t:|1781392472\n|-terastallize|p1a: Mesprit|Electric\n|move|p1a: Mesprit|Thunderbolt|p2a: Toucannon\n|-supereffective|p2a: Toucannon\n|-damage|p2a: Toucannon|20/284\n|move|p2a: Toucannon|Knock Off|p1a: Mesprit\n|-damage|p1a: Mesprit|199/275\n|-enditem|p1a: Mesprit|Choice Scarf|[from] move: Knock Off|[of] p2a: Toucannon\n|\n|upkeep\n|turn|16\n|\n|t:|1781392481\n|switch|p2a: Florges|Florges-Orange, L85, F|271/271\n|move|p1a: Mesprit|Dazzling Gleam|p2a: Florges\n|-damage|p2a: Florges|234/271\n|\n|-heal|p2a: Florges|250/271|[from] item: Leftovers\n|upkeep\n|turn|17\n|\n|t:|1781392486\n|switch|p1a: Deoxys|Deoxys, L74|196/196\n|-ability|p1a: Deoxys|Pressure\n|move|p2a: Florges|Calm Mind|p2a: Florges\n|-boost|p2a: Florges|spa|1\n|-boost|p2a: Florges|spd|1\n|\n|-heal|p2a: Florges|266/271|[from] item: Leftovers\n|upkeep\n|turn|18\n|\n|t:|1781392491\n|move|p1a: Deoxys|Knock Off|p2a: Florges\n|-resisted|p2a: Florges\n|-damage|p2a: Florges|210/271\n|-enditem|p2a: Florges|Leftovers|[from] move: Knock Off|[of] p1a: Deoxys\n|-damage|p1a: Deoxys|177/196|[from] item: Life Orb\n|move|p2a: Florges|Moonblast|p1a: Deoxys\n|-damage|p1a: Deoxys|0 fnt\n|faint|p1a: Deoxys\n|\n|upkeep\n|\n|t:|1781392493\n|switch|p1a: Virizion|Virizion, L82|149/283\n|turn|19\n|\n|t:|1781392496\n|move|p1a: Virizion|Leaf Blade|p2a: Florges\n|-damage|p2a: Florges|101/271\n|move|p2a: Florges|Moonblast|p1a: Virizion\n|-supereffective|p1a: Virizion\n|-damage|p1a: Virizion|0 fnt\n|faint|p1a: Virizion\n|\n|upkeep\n|\n|t:|1781392497\n|switch|p1a: Mesprit|Mesprit, L85, tera:Electric|199/275\n|turn|20\n|\n|t:|1781392500\n|move|p1a: Mesprit|Thunderbolt|p2a: Florges\n|-damage|p2a: Florges|58/271\n|move|p2a: Florges|Synthesis|p2a: Florges\n|-heal|p2a: Florges|193/271\n|\n|upkeep\n|turn|21\n|\n|t:|1781392510\n|move|p1a: Mesprit|Thunderbolt|p2a: Florges\n|-damage|p2a: Florges|145/271\n|move|p2a: Florges|Moonblast|p1a: Mesprit\n|-damage|p1a: Mesprit|57/275\n|-unboost|p1a: Mesprit|spa|1\n|\n|upkeep\n|turn|22\n|-message|velvet forfeited.\n|\n|win|duuhhao\n", "inputlog": ">version a8376a258c1d4662feba110a92103f3664a72141\n>start {\"formatid\":\"gen9randombattle\",\"seed\":\"sodium,d2fae94d215f537599e5d28cf0d745c5\",\"rated\":\"Rated battle\"}\n>player p1 {\"name\":\"velvet\",\"avatar\":\"#agwliiikyogres\",\"rating\":2147,\"seed\":\"sodium,40eddf3818c137ab8718aec124395927\"}\n>player p2 {\"name\":\"duuhhao\",\"avatar\":\"clair\",\"rating\":2188,\"seed\":\"sodium,075f9f751d33d6ed195df42e5e22e7fa\"}\n>p1 switch 2\n>p2 move shadowball\n>p1 move fakeout\n>p2 move psychic\n>p1 move knockoff\n>p2 move psychic\n>p1 move knockoff\n>p2 move psychic\n>p2 switch 5\n>p1 switch 5\n>p2 move knockoff\n>p1 move flashcannon\n>p2 move boomburst\n>p1 move flashcannon\n>p2 move boomburst\n>p1 switch 5\n>p1 move fakeout\n>p2 switch 2\n>p1 move doubleedge\n>p2 move suckerpunch\n>p1 switch 2\n>p2 switch 6\n>p1 switch 4\n>p2 move knockoff\n>p1 move leafblade\n>p2 move dragontail terastallize\n>p1 move iciclecrash\n>p2 move stoneedge\n>p2 switch 4\n>p1 move iciclecrash\n>p2 move wish\n>p2 switch 2\n>p1 move iciclecrash\n>p2 move boomburst\n>p1 switch 4\n>p1 move thunderbolt terastallize\n>p2 move knockoff\n>p1 move dazzlinggleam\n>p2 switch 3\n>p1 switch 6\n>p2 move calmmind\n>p1 move knockoff\n>p2 move moonblast\n>p1 switch 3\n>p1 move leafblade\n>p2 move moonblast\n>p1 switch 6\n>p1 move thunderbolt\n>p2 move synthesis\n>p1 move thunderbolt\n>p2 move moonblast\n>forcelose p1", "uploadtime": 1781392346, "views": 4, "formatid": "gen9randombattle", "rating": null, "private": 0, "password": null}