{"id": "gen9randombattle-2631999907", "format": "[Gen 9] Random Battle", "players": ["a rabbit", "tiny spaceship"], "log": "|badge|p1|silver|gen9randombattle|30-9\n|uhtml|medal-msg|<div class=\"broadcast-blue\">Curious what those medals under the avatar are? PS now has Ladder Seasons! For more information, check out the <a href=\"https://www.smogon.com/forums/threads/3740067/\">thread on Smogon.</a></div>\n|badge|p2|bronze|gen9randombattle|100-9\n|uhtml|medal-msg|<div class=\"broadcast-blue\">Curious what those medals under the avatar are? PS now has Ladder Seasons! For more information, check out the <a href=\"https://www.smogon.com/forums/threads/3740067/\">thread on Smogon.</a></div>\n|j|\u2606a rabbit\n|j|\u2606tiny spaceship\n|t:|1781464475\n|gametype|singles\n|player|p1|a rabbit|#scl2breakers|2433\n|player|p2|tiny spaceship|dawn|2311\n|gen|9\n|tier|[Gen 9] Random Battle\n|rated|\n|rule|Species Clause: Limit one of each Pok\u00e9mon\n|rule|HP Percentage Mod: HP is shown in percentages\n|rule|Sleep Clause Mod: Limit one foe put to sleep\n|rule|Illusion Level Mod: Illusion disguises the Pok\u00e9mon's true level\n|\n|t:|1781464475\n|teamsize|p1|6\n|teamsize|p2|6\n|start\n|switch|p1a: Cinderace|Cinderace, L77, M|249/249\n|switch|p2a: Empoleon|Empoleon, L84, F|278/278\n|turn|1\n|\n|t:|1781464497\n|move|p1a: Cinderace|Pyro Ball|p2a: Empoleon|[miss]\n|-miss|p1a: Cinderace|p2a: Empoleon\n|move|p2a: Empoleon|Flip Turn|p1a: Cinderace\n|-supereffective|p1a: Cinderace\n|-damage|p1a: Cinderace|117/249\n|inactive|Battle timer is ON: inactive players will automatically lose when time's up. (requested by tiny spaceship)\n|\n|t:|1781464507\n|switch|p2a: Greninja|Greninja, L80, M|246/246|[from] Flip Turn\n|\n|upkeep\n|turn|2\n|\n|t:|1781464516\n|switch|p1a: Quaquaval|Quaquaval, L79, M|264/264\n|move|p2a: Greninja|Dark Pulse|p1a: Quaquaval\n|-resisted|p1a: Quaquaval\n|-damage|p1a: Quaquaval|198/264\n|-damage|p2a: Greninja|222/246|[from] item: Life Orb\n|\n|-heal|p1a: Quaquaval|214/264|[from] item: Leftovers\n|upkeep\n|turn|3\n|\n|t:|1781464529\n|move|p2a: Greninja|Gunk Shot|p1a: Quaquaval\n|-damage|p1a: Quaquaval|110/264\n|-damage|p2a: Greninja|198/246|[from] item: Life Orb\n|move|p1a: Quaquaval|Aqua Step|p2a: Greninja\n|-resisted|p2a: Greninja\n|-damage|p2a: Greninja|138/246\n|-boost|p1a: Quaquaval|spe|1\n|\n|-heal|p1a: Quaquaval|126/264|[from] item: Leftovers\n|upkeep\n|turn|4\n|\n|t:|1781464538\n|switch|p2a: Palossand|Palossand, L89, M|296/296\n|move|p1a: Quaquaval|Roost|p1a: Quaquaval\n|-heal|p1a: Quaquaval|258/264\n|-singleturn|p1a: Quaquaval|move: Roost\n|\n|-heal|p1a: Quaquaval|264/264|[from] item: Leftovers\n|upkeep\n|turn|5\n|\n|t:|1781464547\n|move|p1a: Quaquaval|Aqua Step|p2a: Palossand\n|-supereffective|p2a: Palossand\n|-damage|p2a: Palossand|164/296\n|-boost|p1a: Quaquaval|spe|1\n|-ability|p2a: Palossand|Water Compaction|boost\n|-boost|p2a: Palossand|def|2\n|move|p2a: Palossand|Sludge Bomb|p1a: Quaquaval\n|-damage|p1a: Quaquaval|184/264\n|-status|p1a: Quaquaval|psn\n|\n|-heal|p1a: Quaquaval|200/264 psn|[from] item: Leftovers\n|-heal|p2a: Palossand|182/296|[from] item: Leftovers\n|-damage|p1a: Quaquaval|167/264 psn|[from] psn\n|upkeep\n|turn|6\n|\n|t:|1781464555\n|switch|p1a: Weezing|Weezing, L88, M|258/258\n|move|p2a: Palossand|Shore Up|p2a: Palossand\n|-heal|p2a: Palossand|296/296\n|\n|upkeep\n|turn|7\n|\n|t:|1781464579\n|switch|p2a: Empoleon|Empoleon, L84, F|278/278\n|move|p1a: Weezing|Will-O-Wisp|p2a: Empoleon\n|-status|p2a: Empoleon|brn\n|\n|-damage|p2a: Empoleon|261/278 brn|[from] brn\n|upkeep\n|turn|8\n|\n|t:|1781464599\n|move|p1a: Weezing|Fire Blast|p2a: Empoleon\n|-damage|p2a: Empoleon|189/278 brn\n|move|p2a: Empoleon|Stealth Rock|p1a: Weezing\n|-sidestart|p1: a rabbit|move: Stealth Rock\n|\n|-heal|p2a: Empoleon|206/278 brn|[from] item: Leftovers\n|-damage|p2a: Empoleon|189/278 brn|[from] brn\n|upkeep\n|turn|9\n|\n|t:|1781464607\n|move|p1a: Weezing|Fire Blast|p2a: Empoleon\n|-damage|p2a: Empoleon|116/278 brn\n|move|p2a: Empoleon|Surf|p1a: Weezing\n|-damage|p1a: Weezing|146/258\n|\n|-heal|p1a: Weezing|162/258|[from] item: Leftovers\n|-heal|p2a: Empoleon|133/278 brn|[from] item: Leftovers\n|-damage|p2a: Empoleon|116/278 brn|[from] brn\n|upkeep\n|turn|10\n|\n|t:|1781464613\n|move|p1a: Weezing|Fire Blast|p2a: Empoleon\n|-damage|p2a: Empoleon|40/278 brn\n|move|p2a: Empoleon|Roost|p2a: Empoleon\n|-heal|p2a: Empoleon|179/278 brn\n|-singleturn|p2a: Empoleon|move: Roost\n|\n|-heal|p1a: Weezing|178/258|[from] item: Leftovers\n|-heal|p2a: Empoleon|196/278 brn|[from] item: Leftovers\n|-damage|p2a: Empoleon|179/278 brn|[from] brn\n|upkeep\n|turn|11\n|\n|t:|1781464620\n|move|p1a: Weezing|Will-O-Wisp|p2a: Empoleon\n|-fail|p2a: Empoleon|brn\n|move|p2a: Empoleon|Surf|p1a: Weezing\n|-damage|p1a: Weezing|69/258\n|\n|-heal|p1a: Weezing|85/258|[from] item: Leftovers\n|-heal|p2a: Empoleon|196/278 brn|[from] item: Leftovers\n|-damage|p2a: Empoleon|179/278 brn|[from] brn\n|upkeep\n|turn|12\n|\n|t:|1781464626\n|move|p1a: Weezing|Pain Split|p2a: Empoleon\n|-sethp|p2a: Empoleon|132/278 brn|[from] move: Pain Split|[silent]\n|-sethp|p1a: Weezing|132/258|[from] move: Pain Split\n|move|p2a: Empoleon|Surf|p1a: Weezing\n|-damage|p1a: Weezing|5/258\n|\n|-heal|p1a: Weezing|21/258|[from] item: Leftovers\n|-heal|p2a: Empoleon|149/278 brn|[from] item: Leftovers\n|-damage|p2a: Empoleon|132/278 brn|[from] brn\n|upkeep\n|turn|13\n|\n|t:|1781464632\n|move|p1a: Weezing|Pain Split|p2a: Empoleon\n|-sethp|p2a: Empoleon|76/278 brn|[from] move: Pain Split|[silent]\n|-sethp|p1a: Weezing|76/258|[from] move: Pain Split\n|move|p2a: Empoleon|Surf|p1a: Weezing\n|-damage|p1a: Weezing|0 fnt\n|faint|p1a: Weezing\n|\n|-heal|p2a: Empoleon|93/278 brn|[from] item: Leftovers\n|-damage|p2a: Empoleon|76/278 brn|[from] brn\n|upkeep\n|\n|t:|1781464646\n|switch|p1a: Blastoise|Blastoise, L80, F|258/258\n|-damage|p1a: Blastoise|226/258|[from] Stealth Rock\n|turn|14\n|\n|t:|1781464670\n|move|p1a: Blastoise|Shell Smash|p1a: Blastoise\n|-unboost|p1a: Blastoise|def|1\n|-unboost|p1a: Blastoise|spd|1\n|-boost|p1a: Blastoise|atk|2\n|-boost|p1a: Blastoise|spa|2\n|-boost|p1a: Blastoise|spe|2\n|-enditem|p1a: Blastoise|White Herb\n|-clearnegativeboost|p1a: Blastoise|[silent]\n|move|p2a: Empoleon|Flip Turn|p1a: Blastoise\n|-resisted|p1a: Blastoise\n|-damage|p1a: Blastoise|212/258\n|inactive|tiny spaceship has 120 seconds left.\n|\n|t:|1781464701\n|switch|p2a: Medicham|Medicham, L86, M|243/243|[from] Flip Turn\n|\n|upkeep\n|turn|15\n|\n|t:|1781464728\n|move|p1a: Blastoise|Hydro Pump|p2a: Medicham\n|-damage|p2a: Medicham|12/243\n|move|p2a: Medicham|Close Combat|p1a: Blastoise\n|-crit|p1a: Blastoise\n|-damage|p1a: Blastoise|0 fnt\n|-unboost|p2a: Medicham|def|1\n|-unboost|p2a: Medicham|spd|1\n|faint|p1a: Blastoise\n|\n|upkeep\n|inactive|a rabbit has 120 seconds left.\n|\n|t:|1781464741\n|switch|p1a: Quaquaval|Quaquaval, L79, M|167/264 psn\n|-damage|p1a: Quaquaval|151/264 psn|[from] Stealth Rock\n|turn|16\n|inactive|tiny spaceship has 120 seconds left.\n|\n|t:|1781464757\n|move|p2a: Medicham|Close Combat|p1a: Quaquaval\n|-damage|p1a: Quaquaval|0 fnt\n|-unboost|p2a: Medicham|def|1\n|-unboost|p2a: Medicham|spd|1\n|faint|p1a: Quaquaval\n|\n|upkeep\n|inactive|a rabbit has 120 seconds left.\n|\n|t:|1781464779\n|switch|p1a: Smeargle|Smeargle, L95, M|258/258\n|-damage|p1a: Smeargle|226/258|[from] Stealth Rock\n|turn|17\n|inactive|tiny spaceship has 120 seconds left.\n|\n|t:|1781464787\n|move|p1a: Smeargle|Spore|p2a: Medicham\n|-status|p2a: Medicham|slp|[from] move: Spore\n|cant|p2a: Medicham|slp\n|\n|upkeep\n|turn|18\n|inactive|tiny spaceship has 120 seconds left.\n|\n|t:|1781464804\n|switch|p2a: Kricketune|Kricketune, L99, F|312/312\n|move|p1a: Smeargle|Shell Smash|p1a: Smeargle\n|-unboost|p1a: Smeargle|def|1\n|-unboost|p1a: Smeargle|spd|1\n|-boost|p1a: Smeargle|atk|2\n|-boost|p1a: Smeargle|spa|2\n|-boost|p1a: Smeargle|spe|2\n|\n|upkeep\n|turn|19\n|inactive|tiny spaceship has 120 seconds left.\n|\n|t:|1781464813\n|-terastallize|p2a: Kricketune|Ghost\n|move|p1a: Smeargle|Power Trip|p2a: Kricketune\n|-supereffective|p2a: Kricketune\n|-damage|p2a: Kricketune|46/312\n|move|p2a: Kricketune|Pounce|p1a: Smeargle\n|-damage|p1a: Smeargle|0 fnt\n|faint|p1a: Smeargle\n|\n|upkeep\n|\n|t:|1781464820\n|switch|p1a: Cinderace|Cinderace, L77, M|117/249\n|-damage|p1a: Cinderace|55/249|[from] Stealth Rock\n|turn|20\n|\n|t:|1781464828\n|move|p1a: Cinderace|Pyro Ball|p2a: Kricketune\n|-damage|p2a: Kricketune|0 fnt\n|faint|p2a: Kricketune\n|\n|upkeep\n|\n|t:|1781464841\n|switch|p2a: Greninja|Greninja, L80, M|138/246\n|turn|21\n|\n|t:|1781464852\n|move|p2a: Greninja|Dark Pulse|p1a: Cinderace\n|-damage|p1a: Cinderace|0 fnt\n|faint|p1a: Cinderace\n|-ability|p2a: Greninja|Battle Bond|boost\n|-boost|p2a: Greninja|atk|1\n|-boost|p2a: Greninja|spa|1\n|-boost|p2a: Greninja|spe|1\n|-activate|p2a: Greninja|ability: Battle Bond\n|-damage|p2a: Greninja|114/246|[from] item: Life Orb\n|\n|upkeep\n|\n|t:|1781464855\n|switch|p1a: Kingambit|Kingambit, L74, M|270/270\n|-damage|p1a: Kingambit|254/270|[from] Stealth Rock\n|-activate|p1a: Kingambit|ability: Supreme Overlord\n|-start|p1a: Kingambit|fallen5|[silent]\n|turn|22\n|\n|t:|1781464873\n|move|p2a: Greninja|Hydro Pump|p1a: Kingambit\n|-damage|p1a: Kingambit|0 fnt\n|faint|p1a: Kingambit\n|-end|p1a: Kingambit|fallen5|[silent]\n|-damage|p2a: Greninja|90/246|[from] item: Life Orb\n|\n|win|tiny spaceship\n", "uploadtime": 1781464477, "views": 2, "formatid": "gen9randombattle", "rating": null, "private": 0, "password": null}