{"id": "gen9randombattle-2631524783", "format": "[Gen 9] Random Battle", "players": ["drogga", "flaviodssts"], "log": "|j|\u2606drogga\n|j|\u2606flaviodssts\n|t:|1781396473\n|gametype|singles\n|player|p1|drogga|red|1957\n|player|p2|flaviodssts|burglar|2019\n|gen|9\n|tier|[Gen 9] Random Battle\n|rated|\n|rule|Species Clause: Limit one of each Pok\u00e9mon\n|rule|HP Percentage Mod: HP is shown in percentages\n|rule|Sleep Clause Mod: Limit one foe put to sleep\n|rule|Illusion Level Mod: Illusion disguises the Pok\u00e9mon's true level\n|\n|t:|1781396473\n|teamsize|p1|6\n|teamsize|p2|6\n|start\n|switch|p1a: Perrserker|Perrserker, L89, M|269/269\n|switch|p2a: Archaludon|Archaludon, L78, M|268/268\n|turn|1\n|inactive|Battle timer is ON: inactive players will automatically lose when time's up. (requested by flaviodssts)\n|inactive|drogga also wants the timer to be on.\n|\n|t:|1781396489\n|move|p2a: Archaludon|Body Press|p1a: Perrserker\n|-supereffective|p1a: Perrserker\n|-damage|p1a: Perrserker|157/269\n|move|p1a: Perrserker|Knock Off|p2a: Archaludon\n|-damage|p2a: Archaludon|126/268\n|-ability|p2a: Archaludon|Stamina|boost\n|-boost|p2a: Archaludon|def|1\n|-enditem|p2a: Archaludon|Assault Vest|[from] move: Knock Off|[of] p1a: Perrserker\n|\n|upkeep\n|turn|2\n|\n|t:|1781396511\n|switch|p1a: Entei|Entei, L78|307/307\n|move|p2a: Archaludon|Body Press|p1a: Entei\n|-damage|p1a: Entei|202/307\n|\n|upkeep\n|turn|3\n|\n|t:|1781396525\n|move|p1a: Entei|Flare Blitz|p2a: Archaludon\n|-damage|p2a: Archaludon|26/268\n|-ability|p2a: Archaludon|Stamina|boost\n|-boost|p2a: Archaludon|def|1\n|-damage|p1a: Entei|169/307|[from] Recoil\n|move|p2a: Archaludon|Draco Meteor|p1a: Entei\n|-damage|p1a: Entei|0 fnt\n|-unboost|p2a: Archaludon|spa|2\n|faint|p1a: Entei\n|\n|upkeep\n|\n|t:|1781396532\n|switch|p1a: Swanna|Swanna, L89, M|278/278\n|turn|4\n|\n|t:|1781396555\n|switch|p2a: Zekrom|Zekrom, L71|259/259\n|-ability|p2a: Zekrom|Teravolt\n|move|p1a: Swanna|Hydro Pump|p2a: Zekrom\n|-resisted|p2a: Zekrom\n|-damage|p2a: Zekrom|197/259\n|\n|-heal|p2a: Zekrom|213/259|[from] item: Leftovers\n|upkeep\n|turn|5\n|\n|t:|1781396563\n|switch|p1a: Great Tusk|Great Tusk, L77|304/304\n|-enditem|p1a: Great Tusk|Booster Energy\n|-activate|p1a: Great Tusk|ability: Protosynthesis|[fromitem]\n|-start|p1a: Great Tusk|protosynthesisatk\n|move|p2a: Zekrom|Dragon Dance|p2a: Zekrom\n|-boost|p2a: Zekrom|atk|1\n|-boost|p2a: Zekrom|spe|1\n|\n|-heal|p2a: Zekrom|229/259|[from] item: Leftovers\n|upkeep\n|turn|6\n|\n|t:|1781396570\n|switch|p2a: Archaludon|Archaludon, L78, M|26/268\n|move|p1a: Great Tusk|Rapid Spin|p2a: Archaludon\n|-resisted|p2a: Archaludon\n|-damage|p2a: Archaludon|7/268\n|-boost|p1a: Great Tusk|spe|1\n|-ability|p2a: Archaludon|Stamina|boost\n|-boost|p2a: Archaludon|def|1\n|\n|upkeep\n|turn|7\n|\n|t:|1781396580\n|move|p1a: Great Tusk|Rapid Spin|p2a: Archaludon\n|-resisted|p2a: Archaludon\n|-damage|p2a: Archaludon|0 fnt\n|-boost|p1a: Great Tusk|spe|1\n|faint|p2a: Archaludon\n|\n|upkeep\n|\n|t:|1781396586\n|switch|p2a: Hypno|Hypno, L95, M|315/315\n|turn|8\n|\n|t:|1781396613\n|-terastallize|p1a: Great Tusk|Ground\n|move|p1a: Great Tusk|Earthquake|p2a: Hypno\n|-damage|p2a: Hypno|125/315\n|move|p2a: Hypno|Psychic Noise|p1a: Great Tusk\n|-damage|p1a: Great Tusk|172/304\n|-start|p1a: Great Tusk|move: Heal Block\n|\n|-heal|p2a: Hypno|144/315|[from] item: Leftovers\n|upkeep\n|turn|9\n|\n|t:|1781396634\n|move|p1a: Great Tusk|Earthquake|p2a: Hypno\n|-damage|p2a: Hypno|0 fnt\n|faint|p2a: Hypno\n|\n|-end|p1a: Great Tusk|move: Heal Block\n|upkeep\n|\n|t:|1781396643\n|switch|p2a: Weavile|Weavile, L79, M|240/240\n|turn|10\n|\n|t:|1781396654\n|-terastallize|p2a: Weavile|Ice\n|move|p2a: Weavile|Ice Shard|p1a: Great Tusk\n|-supereffective|p1a: Great Tusk\n|-crit|p1a: Great Tusk\n|-damage|p1a: Great Tusk|24/304\n|move|p1a: Great Tusk|Close Combat|p2a: Weavile\n|-supereffective|p2a: Weavile\n|-damage|p2a: Weavile|0 fnt\n|-unboost|p1a: Great Tusk|def|1\n|-unboost|p1a: Great Tusk|spd|1\n|faint|p2a: Weavile\n|\n|upkeep\n|-message|flaviodssts forfeited.\n|\n|win|drogga\n", "inputlog": ">version a8376a258c1d4662feba110a92103f3664a72141\n>start {\"formatid\":\"gen9randombattle\",\"seed\":\"sodium,5e39f5e01e31d3c737ae56bec782afc0\",\"rated\":\"Rated battle\"}\n>player p1 {\"name\":\"drogga\",\"avatar\":\"red\",\"rating\":1957,\"seed\":\"sodium,2867f1c20b28cbbe59cdec71388d73af\"}\n>player p2 {\"name\":\"flaviodssts\",\"avatar\":\"burglar\",\"rating\":2019,\"seed\":\"sodium,57455d1e44d6a9a8e31ecb0ef51a73c0\"}\n>p1 move knockoff\n>p2 move bodypress\n>p1 switch 2\n>p2 move bodypress\n>p1 move flareblitz\n>p2 move dracometeor\n>p1 switch 6\n>p1 move hydropump\n>p2 switch 2\n>p1 switch 4\n>p2 move dragondance\n>p1 move rapidspin\n>p2 switch 2\n>p1 move rapidspin\n>p2 move dracometeor\n>p2 switch 3\n>p1 move earthquake terastallize\n>p2 move psychicnoise\n>p1 move earthquake\n>p2 move psychicnoise\n>p2 switch 6\n>p1 move closecombat\n>p2 move iceshard terastallize\n>forcelose p2", "uploadtime": 1781396475, "views": 6, "formatid": "gen9randombattle", "rating": null, "private": 0, "password": null}