{"id": "gen9randombattle-2631537668", "format": "[Gen 9] Random Battle", "players": ["VvDarkyn", "HotTgirlPower"], "log": "|j|\u2606VvDarkyn\n|j|\u2606HotTgirlPower\n|t:|1781398260\n|gametype|singles\n|player|p1|VvDarkyn|265|1499\n|player|p2|HotTgirlPower|iris|1451\n|gen|9\n|tier|[Gen 9] Random Battle\n|rated|\n|rule|Species Clause: Limit one of each Pok\u00e9mon\n|rule|HP Percentage Mod: HP is shown in percentages\n|rule|Sleep Clause Mod: Limit one foe put to sleep\n|rule|Illusion Level Mod: Illusion disguises the Pok\u00e9mon's true level\n|\n|t:|1781398260\n|teamsize|p1|6\n|teamsize|p2|6\n|start\n|switch|p1a: Chi-Yu|Chi-Yu, L77|211/211\n|switch|p2a: Furret|Furret, L94, M|312/312\n|-item|p1a: Chi-Yu|Choice Specs|[from] ability: Frisk|[of] p2a: Furret\n|-ability|p1a: Chi-Yu|Beads of Ruin\n|turn|1\n|\n|t:|1781398298\n|switch|p1a: Smeargle|Smeargle, L95, M|258/258\n|move|p2a: Furret|Double-Edge|p1a: Smeargle\n|-damage|p1a: Smeargle|0 fnt\n|faint|p1a: Smeargle\n|-damage|p2a: Furret|227/312|[from] Recoil\n|\n|upkeep\n|\n|t:|1781398318\n|switch|p1a: Arcanine|Arcanine-Hisui, L79, M|279/279\n|turn|2\n|\n|t:|1781398335\n|switch|p2a: Gholdengo|Gholdengo, L77|261/261\n|move|p1a: Arcanine|Head Smash|p2a: Gholdengo\n|-resisted|p2a: Gholdengo\n|-damage|p2a: Gholdengo|128/261\n|\n|-heal|p2a: Gholdengo|144/261|[from] item: Leftovers\n|upkeep\n|turn|3\n|\n|t:|1781398349\n|switch|p1a: Chi-Yu|Chi-Yu, L77|211/211\n|-ability|p1a: Chi-Yu|Beads of Ruin\n|move|p2a: Gholdengo|Make It Rain|p1a: Chi-Yu\n|-resisted|p1a: Chi-Yu\n|-damage|p1a: Chi-Yu|151/211\n|-unboost|p2a: Gholdengo|spa|1\n|\n|-heal|p2a: Gholdengo|160/261|[from] item: Leftovers\n|upkeep\n|turn|4\n|\n|t:|1781398368\n|switch|p2a: Deoxys|Deoxys-Defense, L84|221/221\n|-ability|p2a: Deoxys|Pressure\n|move|p1a: Chi-Yu|Overheat|p2a: Deoxys\n|-damage|p2a: Deoxys|23/221\n|-unboost|p1a: Chi-Yu|spa|2\n|\n|upkeep\n|turn|5\n|\n|t:|1781398378\n|move|p2a: Deoxys|Recover|p2a: Deoxys\n|-heal|p2a: Deoxys|134/221\n|move|p1a: Chi-Yu|Overheat|p2a: Deoxys\n|-damage|p2a: Deoxys|47/221\n|-unboost|p1a: Chi-Yu|spa|2\n|\n|upkeep\n|turn|6\n|-message|HotTgirlPower forfeited.\n|\n|win|VvDarkyn\n|raw|VvDarkyn's rating: 1499 &rarr; <strong>1516</strong><br />(+17 for winning)\n|raw|HotTgirlPower's rating: 1451 &rarr; <strong>1434</strong><br />(-17 for losing)\n|l|\u2606HotTgirlPower\n|player|p2|\n", "uploadtime": 1781398389, "views": 4, "formatid": "gen9randombattle", "rating": 1434, "private": 0, "password": null}