{"id": "gen9randombattle-2632003068", "format": "[Gen 9] Random Battle", "players": ["b3npaii", "Sekkari-"], "log": "|j|\u2606b3npaii\n|j|\u2606Sekkari-\n|t:|1781464824\n|gametype|singles\n|player|p1|b3npaii|elesa|2114\n|player|p2|Sekkari-|102|2125\n|gen|9\n|tier|[Gen 9] Random Battle\n|rated|\n|rule|Species Clause: Limit one of each Pok\u00e9mon\n|rule|HP Percentage Mod: HP is shown in percentages\n|rule|Sleep Clause Mod: Limit one foe put to sleep\n|rule|Illusion Level Mod: Illusion disguises the Pok\u00e9mon's true level\n|\n|t:|1781464824\n|teamsize|p1|6\n|teamsize|p2|6\n|start\n|switch|p1a: Porygon-Z|Porygon-Z, L83|277/277\n|switch|p2a: Dusknoir|Dusknoir, L89, M|225/225\n|-ability|p1a: Porygon-Z|Download|boost\n|-boost|p1a: Porygon-Z|spa|1\n|-item|p1a: Porygon-Z|Choice Scarf|[from] ability: Frisk|[of] p2a: Dusknoir\n|turn|1\n|inactive|Battle timer is ON: inactive players will automatically lose when time's up. (requested by b3npaii)\n|inactive|Sekkari- has 120 seconds left.\n|\n|t:|1781464858\n|-singleturn|p2a: Dusknoir|move: Focus Punch\n|move|p1a: Porygon-Z|Shadow Ball|p2a: Dusknoir\n|-supereffective|p2a: Dusknoir\n|-damage|p2a: Dusknoir|89/225\n|cant|p2a: Dusknoir|Focus Punch|Focus Punch\n|\n|-heal|p2a: Dusknoir|103/225|[from] item: Leftovers\n|upkeep\n|turn|2\n|\n|t:|1781464864\n|move|p1a: Porygon-Z|Shadow Ball|p2a: Dusknoir\n|-supereffective|p2a: Dusknoir\n|-damage|p2a: Dusknoir|0 fnt\n|faint|p2a: Dusknoir\n|\n|upkeep\n|\n|t:|1781464885\n|switch|p2a: Thundurus|Thundurus, L80, M|258/258\n|turn|3\n|\n|t:|1781464889\n|switch|p1a: Lanturn|Lanturn, L89, M|367/367\n|move|p2a: Thundurus|Knock Off|p1a: Lanturn\n|-damage|p1a: Lanturn|279/367\n|-enditem|p1a: Lanturn|Heavy-Duty Boots|[from] move: Knock Off|[of] p2a: Thundurus\n|\n|upkeep\n|turn|4\n|inactive|Sekkari- has 120 seconds left.\n|\n|t:|1781464920\n|move|p2a: Thundurus|Knock Off|p1a: Lanturn\n|-damage|p1a: Lanturn|215/367\n|move|p1a: Lanturn|Scald|p2a: Thundurus\n|-damage|p2a: Thundurus|165/258\n|\n|upkeep\n|turn|5\n|\n|t:|1781464927\n|move|p2a: Thundurus|Knock Off|p1a: Lanturn\n|-damage|p1a: Lanturn|158/367\n|move|p1a: Lanturn|Scald|p2a: Thundurus\n|-damage|p2a: Thundurus|71/258\n|\n|upkeep\n|turn|6\n|\n|t:|1781464934\n|move|p2a: Thundurus|Knock Off|p1a: Lanturn\n|-damage|p1a: Lanturn|100/367\n|move|p1a: Lanturn|Scald|p2a: Thundurus\n|-damage|p2a: Thundurus|0 fnt\n|faint|p2a: Thundurus\n|\n|upkeep\n|inactive|Sekkari- has 120 seconds left.\n|\n|t:|1781464961\n|switch|p2a: Golem|Golem, L87, M|281/281\n|turn|7\n|\n|t:|1781464964\n|move|p1a: Lanturn|Scald|p2a: Golem\n|-supereffective|p2a: Golem\n|-ability|p2a: Golem|Sturdy\n|-damage|p2a: Golem|1/281\n|-status|p2a: Golem|brn\n|-enditem|p2a: Golem|Weakness Policy\n|-boost|p2a: Golem|atk|2|[from] item: Weakness Policy\n|-boost|p2a: Golem|spa|2|[from] item: Weakness Policy\n|move|p2a: Golem|Earthquake|p1a: Lanturn\n|-supereffective|p1a: Lanturn\n|-damage|p1a: Lanturn|0 fnt\n|faint|p1a: Lanturn\n|\n|-damage|p2a: Golem|0 fnt|[from] brn\n|faint|p2a: Golem\n|upkeep\n|\n|t:|1781464974\n|switch|p1a: Cacturne|Cacturne, L92, M|278/278\n|switch|p2a: Weavile|Weavile, L79, F|240/240\n|turn|8\n|\n|t:|1781464979\n|move|p2a: Weavile|Triple Axel|p1a: Cacturne\n|-supereffective|p1a: Cacturne\n|-damage|p1a: Cacturne|222/278\n|-supereffective|p1a: Cacturne\n|-damage|p1a: Cacturne|118/278\n|-supereffective|p1a: Cacturne\n|-damage|p1a: Cacturne|0 fnt\n|faint|p1a: Cacturne\n|-hitcount|p1: Cacturne|3\n|\n|upkeep\n|\n|t:|1781464988\n|switch|p1a: Wugtrio|Wugtrio, L91, M|212/212\n|turn|9\n|\n|t:|1781464996\n|move|p1a: Wugtrio|Liquidation|p2a: Weavile\n|-damage|p2a: Weavile|24/240\n|move|p2a: Weavile|Knock Off|p1a: Wugtrio\n|-damage|p1a: Wugtrio|52/212\n|-ability|p1a: Wugtrio|Gooey\n|-unboost|p2a: Weavile|spe|1\n|-enditem|p1a: Wugtrio|Choice Band|[from] move: Knock Off|[of] p2a: Weavile\n|\n|upkeep\n|turn|10\n|\n|t:|1781465008\n|move|p2a: Weavile|Ice Shard|p1a: Wugtrio\n|-resisted|p1a: Wugtrio\n|-damage|p1a: Wugtrio|20/212\n|move|p1a: Wugtrio|Liquidation|p2a: Weavile\n|-damage|p2a: Weavile|0 fnt\n|faint|p2a: Weavile\n|\n|upkeep\n|\n|t:|1781465024\n|switch|p2a: Feraligatr|Feraligatr, L79, F|264/264\n|turn|11\n|\n|t:|1781465030\n|switch|p1a: Porygon-Z|Porygon-Z, L83|277/277\n|-ability|p1a: Porygon-Z|Download|boost\n|-boost|p1a: Porygon-Z|spa|1\n|move|p2a: Feraligatr|Dragon Dance|p2a: Feraligatr\n|-boost|p2a: Feraligatr|atk|1\n|-boost|p2a: Feraligatr|spe|1\n|\n|upkeep\n|turn|12\n|\n|t:|1781465037\n|move|p1a: Porygon-Z|Trick|p2a: Feraligatr\n|-activate|p1a: Porygon-Z|move: Trick|[of] p2a: Feraligatr\n|-item|p2a: Feraligatr|Choice Scarf|[from] move: Trick\n|-item|p1a: Porygon-Z|Life Orb|[from] move: Trick\n|move|p2a: Feraligatr|Dragon Dance|p2a: Feraligatr\n|-boost|p2a: Feraligatr|atk|1\n|-boost|p2a: Feraligatr|spe|1\n|\n|upkeep\n|turn|13\n|\n|t:|1781465042\n|switch|p2a: Bronzong|Bronzong, L88|261/261\n|move|p1a: Porygon-Z|Thunderbolt|p2a: Bronzong\n|-damage|p2a: Bronzong|138/261\n|-damage|p1a: Porygon-Z|250/277|[from] item: Life Orb\n|\n|upkeep\n|turn|14\n|\n|t:|1781465045\n|move|p1a: Porygon-Z|Shadow Ball|p2a: Bronzong\n|-supereffective|p2a: Bronzong\n|-damage|p2a: Bronzong|0 fnt\n|faint|p2a: Bronzong\n|-damage|p1a: Porygon-Z|223/277|[from] item: Life Orb\n|\n|upkeep\n|\n|t:|1781465046\n|switch|p2a: Feraligatr|Feraligatr, L79, F|264/264\n|turn|15\n|\n|t:|1781465048\n|-terastallize|p2a: Feraligatr|Water\n|move|p2a: Feraligatr|Liquidation|p1a: Porygon-Z\n|-damage|p1a: Porygon-Z|51/277\n|move|p1a: Porygon-Z|Thunderbolt|p2a: Feraligatr\n|-supereffective|p2a: Feraligatr\n|-damage|p2a: Feraligatr|0 fnt\n|faint|p2a: Feraligatr\n|-damage|p1a: Porygon-Z|24/277|[from] item: Life Orb\n|\n|win|b3npaii\n", "uploadtime": 1781464825, "views": 2, "formatid": "gen9randombattle", "rating": null, "private": 0, "password": null}