{"id": "gen9randombattle-2631391184", "format": "[Gen 9] Random Battle", "players": ["qiuescent", "moritzvb"], "log": "|j|\u203dqiuescent\n|j|\u2606moritzvb\n|t:|1781379086\n|gametype|singles\n|player|p1|qiuescent|265|2219\n|player|p2|moritzvb|ariana|2164\n|gen|9\n|tier|[Gen 9] Random Battle\n|rated|\n|rule|Species Clause: Limit one of each Pok\u00e9mon\n|rule|HP Percentage Mod: HP is shown in percentages\n|rule|Sleep Clause Mod: Limit one foe put to sleep\n|rule|Illusion Level Mod: Illusion disguises the Pok\u00e9mon's true level\n|\n|t:|1781379086\n|teamsize|p1|6\n|teamsize|p2|6\n|start\n|switch|p1a: Jolteon|Jolteon, L84, M|246/246\n|switch|p2a: Forretress|Forretress, L84, F|263/263\n|turn|1\n|\n|t:|1781379097\n|switch|p2a: Seviper|Seviper, L93, F|287/287\n|move|p1a: Jolteon|Thunderbolt|p2a: Seviper\n|-crit|p2a: Seviper\n|-damage|p2a: Seviper|97/287\n|\n|-heal|p2a: Seviper|114/287|[from] item: Leftovers\n|upkeep\n|turn|2\n|\n|t:|1781379109\n|move|p1a: Jolteon|Thunderbolt|p2a: Seviper\n|-damage|p2a: Seviper|0 fnt\n|faint|p2a: Seviper\n|\n|upkeep\n|\n|t:|1781379115\n|switch|p2a: Ludicolo|Ludicolo, L90, F|290/290\n|turn|3\n|\n|t:|1781379120\n|move|p1a: Jolteon|Substitute|p1a: Jolteon\n|-start|p1a: Jolteon|Substitute\n|-damage|p1a: Jolteon|185/246\n|move|p2a: Ludicolo|Leaf Storm|p1a: Jolteon\n|-end|p1a: Jolteon|Substitute\n|-unboost|p2a: Ludicolo|spa|2\n|\n|-heal|p1a: Jolteon|200/246|[from] item: Leftovers\n|upkeep\n|turn|4\n|\n|t:|1781379128\n|switch|p2a: Mabosstiff|Mabosstiff, L86, M|278/278\n|move|p1a: Jolteon|Substitute|p1a: Jolteon\n|-start|p1a: Jolteon|Substitute\n|-damage|p1a: Jolteon|139/246\n|\n|-heal|p1a: Jolteon|154/246|[from] item: Leftovers\n|upkeep\n|turn|5\n|\n|t:|1781379138\n|move|p1a: Jolteon|Thunderbolt|p2a: Mabosstiff\n|-damage|p2a: Mabosstiff|149/278\n|-status|p2a: Mabosstiff|par\n|move|p2a: Mabosstiff|Crunch|p1a: Jolteon\n|-end|p1a: Jolteon|Substitute\n|\n|-heal|p1a: Jolteon|169/246|[from] item: Leftovers\n|upkeep\n|turn|6\n|c|\u2606moritzvb|that crit mattered\n|\n|t:|1781379143\n|move|p1a: Jolteon|Substitute|p1a: Jolteon\n|-start|p1a: Jolteon|Substitute\n|-damage|p1a: Jolteon|108/246\n|move|p2a: Mabosstiff|Crunch|p1a: Jolteon\n|-end|p1a: Jolteon|Substitute\n|\n|-heal|p1a: Jolteon|123/246|[from] item: Leftovers\n|upkeep\n|turn|7\n|\n|t:|1781379146\n|move|p1a: Jolteon|Substitute|p1a: Jolteon\n|-start|p1a: Jolteon|Substitute\n|-damage|p1a: Jolteon|62/246\n|cant|p2a: Mabosstiff|par\n|\n|-heal|p1a: Jolteon|77/246|[from] item: Leftovers\n|upkeep\n|turn|8\n|\n|t:|1781379150\n|move|p1a: Jolteon|Calm Mind|p1a: Jolteon\n|-boost|p1a: Jolteon|spa|1\n|-boost|p1a: Jolteon|spd|1\n|move|p2a: Mabosstiff|Crunch|p1a: Jolteon\n|-end|p1a: Jolteon|Substitute\n|\n|-heal|p1a: Jolteon|92/246|[from] item: Leftovers\n|upkeep\n|turn|9\n|\n|t:|1781379153\n|move|p1a: Jolteon|Thunderbolt|p2a: Mabosstiff\n|-damage|p2a: Mabosstiff|0 fnt\n|faint|p2a: Mabosstiff\n|\n|-heal|p1a: Jolteon|107/246|[from] item: Leftovers\n|upkeep\n|\n|t:|1781379161\n|switch|p2a: Iron Jugulis|Iron Jugulis, L77|271/271\n|turn|10\n|\n|t:|1781379169\n|-terastallize|p2a: Iron Jugulis|Ground\n|move|p1a: Jolteon|Thunderbolt|p2a: Iron Jugulis\n|-immune|p2a: Iron Jugulis\n|move|p2a: Iron Jugulis|Earth Power|p1a: Jolteon\n|-supereffective|p1a: Jolteon\n|-damage|p1a: Jolteon|0 fnt\n|faint|p1a: Jolteon\n|\n|upkeep\n|\n|t:|1781379178\n|switch|p1a: Yanmega|Yanmega, L82, F|275/275\n|turn|11\n|\n|t:|1781379181\n|move|p2a: Iron Jugulis|Meteor Beam||[still]\n|-prepare|p2a: Iron Jugulis|Meteor Beam\n|-boost|p2a: Iron Jugulis|spa|1\n|-enditem|p2a: Iron Jugulis|Power Herb\n|-anim|p2a: Iron Jugulis|Meteor Beam|p1a: Yanmega|[miss]\n|-miss|p2a: Iron Jugulis|p1a: Yanmega\n|move|p1a: Yanmega|Air Slash|p2a: Iron Jugulis\n|-damage|p2a: Iron Jugulis|126/271\n|\n|upkeep\n|turn|12\n|c|\u2606moritzvb|ffs\n|\n|t:|1781379199\n|-end|p2a: Iron Jugulis|Quark Drive|[silent]\n|switch|p2a: Garganacl|Garganacl, L80, M|291/291\n|move|p1a: Yanmega|Air Slash|p2a: Garganacl\n|-resisted|p2a: Garganacl\n|-damage|p2a: Garganacl|157/291\n|\n|-heal|p2a: Garganacl|175/291|[from] item: Leftovers\n|upkeep\n|turn|13\n|\n|t:|1781379203\n|move|p1a: Yanmega|Air Slash|p2a: Garganacl\n|-resisted|p2a: Garganacl\n|-damage|p2a: Garganacl|37/291\n|move|p2a: Garganacl|Recover|p2a: Garganacl\n|-heal|p2a: Garganacl|183/291\n|\n|-heal|p2a: Garganacl|201/291|[from] item: Leftovers\n|upkeep\n|turn|14\n|\n|t:|1781379205\n|move|p1a: Yanmega|Air Slash|p2a: Garganacl\n|-resisted|p2a: Garganacl\n|-damage|p2a: Garganacl|63/291\n|cant|p2a: Garganacl|flinch\n|\n|-heal|p2a: Garganacl|81/291|[from] item: Leftovers\n|upkeep\n|turn|15\n|-message|moritzvb forfeited.\n|\n|win|qiuescent\n", "inputlog": ">version a8376a258c1d4662feba110a92103f3664a72141\n>start {\"formatid\":\"gen9randombattle\",\"seed\":\"sodium,961bf1c882f3a1dbedda3e3c3a2017df\",\"rated\":\"Rated battle\"}\n>player p1 {\"name\":\"qiuescent\",\"avatar\":\"265\",\"rating\":2219,\"seed\":\"sodium,7f970b9e3d3c915ea3657661936d9775\"}\n>player p2 {\"name\":\"moritzvb\",\"avatar\":\"ariana\",\"rating\":2164,\"seed\":\"sodium,9ca2865a30d91bb50a3089b51bac813b\"}\n>p1 move thunderbolt\n>p2 switch 5\n>p1 move thunderbolt\n>p2 move earthquake\n>p2 switch 4\n>p1 move substitute\n>p2 move leafstorm\n>p1 move substitute\n>p2 switch 2\n>p1 move thunderbolt\n>p2 move crunch\n>chat \u2606moritzvb|that crit mattered\n>p1 move substitute\n>p2 move crunch\n>p1 move substitute\n>p2 move crunch\n>p1 move calmmind\n>p2 move crunch\n>p1 move thunderbolt\n>p2 move crunch\n>p2 switch 6\n>p1 move thunderbolt\n>p2 move earthpower terastallize\n>p1 switch 2\n>p1 move airslash\n>p2 move meteorbeam\n>chat \u2606moritzvb|ffs\n>p1 move airslash\n>p2 switch 3\n>p1 move airslash\n>p2 move recover\n>p1 move airslash\n>p2 move saltcure\n>forcelose p2", "uploadtime": 1781379088, "views": 7, "formatid": "gen9randombattle", "rating": null, "private": 0, "password": null}