{"id": "gen9randombattle-2631964266", "format": "[Gen 9] Random Battle", "players": ["ChadInteleonUser", "jimothy cool yt"], "log": "|badge|p2|silver|gen9randombattle|30-9\n|uhtml|medal-msg|<div class=\"broadcast-blue\">Curious what those medals under the avatar are? PS now has Ladder Seasons! For more information, check out the <a href=\"https://www.smogon.com/forums/threads/3740067/\">thread on Smogon.</a></div>\n|j|\u2606ChadInteleonUser\n|j|\u2606jimothy cool yt\n|t:|1781460550\n|gametype|singles\n|player|p1|ChadInteleonUser|wallace|2275\n|player|p2|jimothy cool yt|lucas|2499\n|gen|9\n|tier|[Gen 9] Random Battle\n|rated|\n|rule|Species Clause: Limit one of each Pok\u00e9mon\n|rule|HP Percentage Mod: HP is shown in percentages\n|rule|Sleep Clause Mod: Limit one foe put to sleep\n|rule|Illusion Level Mod: Illusion disguises the Pok\u00e9mon's true level\n|\n|t:|1781460550\n|teamsize|p1|6\n|teamsize|p2|6\n|start\n|switch|p1a: Torterra|Torterra, L78, F|276/276\n|switch|p2a: Oranguru|Oranguru, L92, F|315/315\n|turn|1\n|inactive|Battle timer is ON: inactive players will automatically lose when time's up. (requested by jimothy cool yt)\n|inactive|ChadInteleonUser also wants the timer to be on.\n|\n|t:|1781460566\n|switch|p1a: Grimmsnarl|Grimmsnarl, L83, M|293/293\n|move|p2a: Oranguru|Nasty Plot|p2a: Oranguru\n|-boost|p2a: Oranguru|spa|2\n|\n|upkeep\n|turn|2\n|\n|t:|1781460581\n|move|p1a: Grimmsnarl|Parting Shot|p2a: Oranguru\n|-unboost|p2a: Oranguru|atk|1\n|-unboost|p2a: Oranguru|spa|1\n|\n|t:|1781460587\n|switch|p1a: Necrozma|Necrozma-Dawn-Wings, L76|272/272|[from] Parting Shot\n|move|p2a: Oranguru|Focus Blast|p1a: Necrozma\n|-immune|p1a: Necrozma\n|\n|upkeep\n|turn|3\n|\n|t:|1781460599\n|move|p2a: Oranguru|Nasty Plot|p2a: Oranguru\n|-boost|p2a: Oranguru|spa|2\n|move|p1a: Necrozma|Dragon Dance|p1a: Necrozma\n|-boost|p1a: Necrozma|atk|1\n|-boost|p1a: Necrozma|spe|1\n|\n|upkeep\n|turn|4\n|\n|t:|1781460609\n|move|p1a: Necrozma|Dragon Dance|p1a: Necrozma\n|-boost|p1a: Necrozma|atk|1\n|-boost|p1a: Necrozma|spe|1\n|move|p2a: Oranguru|Thunderbolt|p1a: Necrozma\n|-damage|p1a: Necrozma|118/272\n|\n|upkeep\n|turn|5\n|\n|t:|1781460612\n|move|p1a: Necrozma|Brick Break|p2a: Oranguru\n|-damage|p2a: Oranguru|197/315\n|-damage|p1a: Necrozma|91/272|[from] item: Life Orb\n|move|p2a: Oranguru|Thunderbolt|p1a: Necrozma\n|-damage|p1a: Necrozma|0 fnt\n|faint|p1a: Necrozma\n|\n|-heal|p2a: Oranguru|216/315|[from] item: Leftovers\n|upkeep\n|\n|t:|1781460615\n|switch|p1a: Meowscarada|Meowscarada, L78, M|247/247\n|turn|6\n|\n|t:|1781460634\n|switch|p2a: Eiscue|Eiscue, L88, M|274/274\n|move|p1a: Meowscarada|Knock Off|p2a: Eiscue\n|-start|p1a: Meowscarada|typechange|Dark|[from] ability: Protean\n|-activate|p2a: Eiscue|ability: Ice Face\n|-damage|p2a: Eiscue|274/274\n|-enditem|p2a: Eiscue|Sitrus Berry|[from] move: Knock Off|[of] p1a: Meowscarada\n|detailschange|p2a: Eiscue|Eiscue-Noice, L88, M\n|\n|upkeep\n|turn|7\n|\n|t:|1781460663\n|switch|p1a: Lapras|Lapras, L87, F|368/368\n|move|p2a: Eiscue|Belly Drum|p2a: Eiscue\n|-damage|p2a: Eiscue|137/274\n|-setboost|p2a: Eiscue|atk|6|[from] move: Belly Drum\n|\n|upkeep\n|turn|8\n|\n|t:|1781460668\n|move|p2a: Eiscue|Iron Head|p1a: Lapras\n|-damage|p1a: Lapras|156/368\n|move|p1a: Lapras|Sparkling Aria|p2a: Eiscue\n|-damage|p2a: Eiscue|10/274\n|\n|upkeep\n|turn|9\n|\n|t:|1781460673\n|move|p2a: Eiscue|Iron Head|p1a: Lapras\n|-damage|p1a: Lapras|0 fnt\n|faint|p1a: Lapras\n|\n|upkeep\n|\n|t:|1781460675\n|switch|p1a: Grimmsnarl|Grimmsnarl, L83, M|293/293\n|turn|10\n|\n|t:|1781460677\n|move|p1a: Grimmsnarl|Sucker Punch|p2a: Eiscue\n|-damage|p2a: Eiscue|0 fnt\n|faint|p2a: Eiscue\n|\n|upkeep\n|inactive|jimothy cool yt has 120 seconds left.\n|\n|t:|1781460728\n|switch|p2a: Magnezone|Magnezone, L85|258/258\n|turn|11\n|\n|t:|1781460740\n|move|p1a: Grimmsnarl|Parting Shot|p2a: Magnezone\n|-unboost|p2a: Magnezone|atk|1\n|-unboost|p2a: Magnezone|spa|1\n|\n|t:|1781460744\n|switch|p1a: Torterra|Torterra, L78, F|276/276|[from] Parting Shot\n|move|p2a: Magnezone|Flash Cannon|p1a: Torterra\n|-damage|p1a: Torterra|171/276\n|\n|upkeep\n|turn|12\n|inactive|jimothy cool yt has 120 seconds left.\n|\n|t:|1781460758\n|switch|p2a: Rillaboom|Rillaboom, L79, M|288/288\n|-fieldstart|move: Grassy Terrain|[from] ability: Grassy Surge|[of] p2a: Rillaboom\n|move|p1a: Torterra|Shell Smash|p1a: Torterra\n|-unboost|p1a: Torterra|def|1\n|-unboost|p1a: Torterra|spd|1\n|-boost|p1a: Torterra|atk|2\n|-boost|p1a: Torterra|spa|2\n|-boost|p1a: Torterra|spe|2\n|\n|-heal|p1a: Torterra|188/276|[from] Grassy Terrain\n|upkeep\n|turn|13\n|\n|t:|1781460767\n|move|p1a: Torterra|Rock Blast|p2a: Rillaboom\n|-damage|p2a: Rillaboom|252/288\n|-damage|p2a: Rillaboom|215/288\n|-damage|p2a: Rillaboom|179/288\n|-damage|p2a: Rillaboom|141/288\n|-hitcount|p2a: Rillaboom|4\n|move|p2a: Rillaboom|Swords Dance|p2a: Rillaboom\n|-boost|p2a: Rillaboom|atk|2\n|\n|-heal|p1a: Torterra|205/276|[from] Grassy Terrain\n|-heal|p2a: Rillaboom|159/288|[from] Grassy Terrain\n|upkeep\n|turn|14\n|\n|t:|1781460777\n|move|p2a: Rillaboom|Grassy Glide|p1a: Torterra\n|-damage|p1a: Torterra|0 fnt\n|faint|p1a: Torterra\n|-damage|p2a: Rillaboom|131/288|[from] item: Life Orb\n|\n|-heal|p2a: Rillaboom|149/288|[from] Grassy Terrain\n|upkeep\n|\n|t:|1781460784\n|switch|p1a: Meowscarada|Meowscarada, L78, M|247/247\n|turn|15\n|\n|t:|1781460788\n|move|p2a: Rillaboom|Grassy Glide|p1a: Meowscarada\n|-resisted|p1a: Meowscarada\n|-damage|p1a: Meowscarada|105/247\n|-damage|p2a: Rillaboom|121/288|[from] item: Life Orb\n|move|p1a: Meowscarada|U-turn|p2a: Rillaboom\n|-start|p1a: Meowscarada|typechange|Bug|[from] ability: Protean\n|-supereffective|p2a: Rillaboom\n|-damage|p2a: Rillaboom|0 fnt\n|faint|p2a: Rillaboom\n|\n|t:|1781460790\n|switch|p1a: Grimmsnarl|Grimmsnarl, L83, M|293/293|[from] U-turn\n|\n|upkeep\n|\n|t:|1781460792\n|switch|p2a: Magnezone|Magnezone, L85|258/258\n|turn|16\n|\n|t:|1781460799\n|move|p1a: Grimmsnarl|Parting Shot|p2a: Magnezone\n|-unboost|p2a: Magnezone|atk|1\n|-unboost|p2a: Magnezone|spa|1\n|\n|t:|1781460801\n|switch|p1a: Kommo-o|Kommo-o, L78, M|245/245|[from] Parting Shot\n|move|p2a: Magnezone|Flash Cannon|p1a: Kommo-o\n|-damage|p1a: Kommo-o|158/245\n|\n|-heal|p1a: Kommo-o|173/245|[from] Grassy Terrain\n|-fieldend|move: Grassy Terrain\n|upkeep\n|turn|17\n|\n|t:|1781460806\n|move|p2a: Magnezone|Flash Cannon|p1a: Kommo-o\n|-crit|p1a: Kommo-o\n|-damage|p1a: Kommo-o|11/245\n|move|p1a: Kommo-o|Clangorous Soul||[still]\n|-fail|p1a: Kommo-o\n|\n|upkeep\n|turn|18\n|\n|t:|1781460813\n|move|p2a: Magnezone|Flash Cannon|p1a: Kommo-o\n|-crit|p1a: Kommo-o\n|-damage|p1a: Kommo-o|0 fnt\n|faint|p1a: Kommo-o\n|\n|upkeep\n|c|\u2606ChadInteleonUser|gg\n|c|\u2606ChadInteleonUser|2 crits too lol\n|\n|t:|1781460821\n|switch|p1a: Meowscarada|Meowscarada, L78, M|105/247\n|turn|19\n|-message|ChadInteleonUser forfeited.\n|\n|win|jimothy cool yt\n", "inputlog": ">version a8376a258c1d4662feba110a92103f3664a72141\n>start {\"formatid\":\"gen9randombattle\",\"seed\":\"sodium,040e929a50b3c12449f45787cf88540e\",\"rated\":\"Rated battle\"}\n>player p1 {\"name\":\"ChadInteleonUser\",\"avatar\":\"wallace\",\"rating\":2275,\"seed\":\"sodium,9e120e82d6023f1e6925ab969a6a79d3\"}\n>player p2 {\"name\":\"jimothy cool yt\",\"avatar\":\"lucas\",\"rating\":2499,\"seed\":\"sodium,6a71c2ba78d122840be198ce1226b58e\"}\n>p1 switch 6\n>p2 move nastyplot\n>p1 move partingshot\n>p2 move focusblast\n>p1 switch 5\n>p1 move dragondance\n>p2 move nastyplot\n>p1 move dragondance\n>p2 move thunderbolt\n>p1 move brickbreak\n>p2 move thunderbolt\n>p1 switch 4\n>p1 move knockoff\n>p2 switch 6\n>p1 switch 3\n>p2 move bellydrum\n>p1 move sparklingaria\n>p2 move ironhead\n>p1 move sparklingaria\n>p2 move ironhead\n>p1 switch 5\n>p1 move suckerpunch\n>p2 move icespinner\n>p2 switch 2\n>p1 move partingshot\n>p2 move flashcannon\n>p1 switch 6\n>p1 move shellsmash\n>p2 switch 3\n>p1 move rockblast\n>p2 move swordsdance\n>p1 move rockblast\n>p2 move grassyglide\n>p1 switch 3\n>p1 move uturn\n>p2 move grassyglide\n>p1 switch 6\n>p2 switch 3\n>p1 move partingshot\n>p2 move flashcannon\n>p1 switch 2\n>p1 move clangoroussoul\n>p2 move flashcannon\n>p1 move drainpunch\n>p2 move flashcannon\n>chat \u2606ChadInteleonUser|gg\n>chat \u2606ChadInteleonUser|2 crits too lol\n>p1 switch 6\n>forcelose p1", "uploadtime": 1781460552, "views": 7, "formatid": "gen9randombattle", "rating": null, "private": 0, "password": null}