{"id": "gen9randombattle-2631534256", "format": "[Gen 9] Random Battle", "players": ["crooked_mouth", "Best Kittel"], "log": "|j|\u2606crooked_mouth\n|j|\u2606Best Kittel\n|t:|1781397791\n|gametype|singles\n|player|p1|crooked_mouth|worker|1715\n|player|p2|Best Kittel|volkner|1695\n|gen|9\n|tier|[Gen 9] Random Battle\n|rated|\n|rule|Species Clause: Limit one of each Pok\u00e9mon\n|rule|HP Percentage Mod: HP is shown in percentages\n|rule|Sleep Clause Mod: Limit one foe put to sleep\n|rule|Illusion Level Mod: Illusion disguises the Pok\u00e9mon's true level\n|\n|t:|1781397791\n|teamsize|p1|6\n|teamsize|p2|6\n|start\n|switch|p1a: Greninja|Greninja, L80, M|246/246\n|switch|p2a: Passimian|Passimian, L83, F|302/302\n|turn|1\n|inactive|Battle timer is ON: inactive players will automatically lose when time's up. (requested by crooked_mouth)\n|\n|t:|1781397814\n|switch|p1a: Amoonguss|Amoonguss, L82, F|321/321\n|move|p2a: Passimian|Close Combat|p1a: Amoonguss\n|-resisted|p1a: Amoonguss\n|-damage|p1a: Amoonguss|235/321\n|-unboost|p2a: Passimian|def|1\n|-unboost|p2a: Passimian|spd|1\n|\n|-heal|p1a: Amoonguss|255/321|[from] item: Leftovers\n|upkeep\n|turn|2\n|\n|t:|1781397825\n|switch|p2a: Sceptile|Sceptile, L87, F|264/264\n|move|p1a: Amoonguss|Toxic|p2a: Sceptile\n|-status|p2a: Sceptile|tox\n|\n|-heal|p1a: Amoonguss|275/321|[from] item: Leftovers\n|-damage|p2a: Sceptile|248/264 tox|[from] psn\n|upkeep\n|turn|3\n|\n|t:|1781397831\n|move|p2a: Sceptile|Shed Tail|p2a: Sceptile\n|-start|p2a: Sceptile|Substitute|[from] move: Shed Tail\n|-damage|p2a: Sceptile|116/264 tox\n|\n|t:|1781397843\n|switch|p2a: Duraludon|Duraludon, L82, M|249/249|[from] Shed Tail\n|move|p1a: Amoonguss|Sludge Bomb|p2a: Duraludon\n|-immune|p2a: Duraludon\n|\n|-heal|p1a: Amoonguss|295/321|[from] item: Leftovers\n|upkeep\n|turn|4\n|\n|t:|1781397848\n|switch|p1a: Galvantula|Galvantula, L82, M|249/249\n|move|p2a: Duraludon|Flash Cannon|p1a: Galvantula\n|-resisted|p1a: Galvantula\n|-damage|p1a: Galvantula|181/249\n|\n|upkeep\n|turn|5\n|\n|t:|1781397868\n|move|p1a: Galvantula|Sticky Web|p2a: Duraludon\n|-sidestart|p2: Best Kittel|move: Sticky Web\n|move|p2a: Duraludon|Flash Cannon|p1a: Galvantula\n|-resisted|p1a: Galvantula\n|-damage|p1a: Galvantula|116/249\n|\n|upkeep\n|turn|6\n|\n|t:|1781397873\n|move|p1a: Galvantula|Thunder|p2a: Duraludon\n|-resisted|p2a: Duraludon\n|-crit|p2a: Duraludon\n|-end|p2a: Duraludon|Substitute\n|move|p2a: Duraludon|Draco Meteor|p1a: Galvantula\n|-damage|p1a: Galvantula|0 fnt\n|-unboost|p2a: Duraludon|spa|2\n|faint|p1a: Galvantula\n|\n|upkeep\n|\n|t:|1781397888\n|switch|p1a: Qwilfish|Qwilfish, L86, M|252/252\n|-ability|p1a: Qwilfish|Intimidate|boost\n|-unboost|p2a: Duraludon|atk|1\n|turn|7\n|\n|t:|1781397900\n|switch|p2a: Reuniclus|Reuniclus, L88, M|337/337\n|-activate|p2a: Reuniclus|move: Sticky Web\n|-unboost|p2a: Reuniclus|spe|1\n|move|p1a: Qwilfish|Toxic Spikes|p2a: Reuniclus\n|-sidestart|p2: Best Kittel|move: Toxic Spikes\n|\n|upkeep\n|turn|8\n|\n|t:|1781397903\n|move|p1a: Qwilfish|Flip Turn|p2a: Reuniclus\n|-damage|p2a: Reuniclus|264/337\n|\n|t:|1781397908\n|switch|p1a: Greninja|Greninja, L80, M|246/246|[from] Flip Turn\n|move|p2a: Reuniclus|Psychic|p1a: Greninja\n|-immune|p1a: Greninja\n|\n|upkeep\n|turn|9\n|\n|t:|1781397911\n|move|p1a: Greninja|Dark Pulse|p2a: Reuniclus\n|-supereffective|p2a: Reuniclus\n|-damage|p2a: Reuniclus|43/337\n|-damage|p1a: Greninja|222/246|[from] item: Life Orb\n|cant|p2a: Reuniclus|flinch\n|\n|upkeep\n|turn|10\n|\n|t:|1781397928\n|switch|p2a: Enamorus|Enamorus, L79, F|247/247\n|move|p1a: Greninja|Dark Pulse|p2a: Enamorus\n|-resisted|p2a: Enamorus\n|-damage|p2a: Enamorus|186/247\n|-damage|p1a: Greninja|198/246|[from] item: Life Orb\n|\n|-heal|p2a: Enamorus|201/247|[from] item: Leftovers\n|upkeep\n|turn|11\n|\n|t:|1781397939\n|-terastallize|p2a: Enamorus|Fighting\n|move|p1a: Greninja|Gunk Shot|p2a: Enamorus\n|-damage|p2a: Enamorus|81/247\n|-damage|p1a: Greninja|174/246|[from] item: Life Orb\n|move|p2a: Enamorus|Superpower|p1a: Greninja\n|-supereffective|p1a: Greninja\n|-damage|p1a: Greninja|0 fnt\n|-boost|p2a: Enamorus|atk|1\n|-boost|p2a: Enamorus|def|1\n|faint|p1a: Greninja\n|\n|-heal|p2a: Enamorus|96/247|[from] item: Leftovers\n|upkeep\n|\n|t:|1781397949\n|switch|p1a: Amoonguss|Amoonguss, L82, F|321/321\n|turn|12\n|\n|t:|1781397969\n|move|p2a: Enamorus|Substitute|p2a: Enamorus\n|-start|p2a: Enamorus|Substitute\n|-damage|p2a: Enamorus|35/247\n|move|p1a: Amoonguss|Sludge Bomb|p2a: Enamorus\n|-end|p2a: Enamorus|Substitute\n|\n|-heal|p2a: Enamorus|50/247|[from] item: Leftovers\n|upkeep\n|turn|13\n|\n|t:|1781397975\n|move|p2a: Enamorus|Zen Headbutt|p1a: Amoonguss\n|-supereffective|p1a: Amoonguss\n|-damage|p1a: Amoonguss|127/321\n|move|p1a: Amoonguss|Sludge Bomb|p2a: Enamorus\n|-damage|p2a: Enamorus|0 fnt\n|faint|p2a: Enamorus\n|\n|-heal|p1a: Amoonguss|147/321|[from] item: Leftovers\n|upkeep\n|c|\u2606Best Kittel|kid gets a flinch but i don't\n|\n|t:|1781397992\n|switch|p2a: Sceptile|Sceptile, L87, F|116/264 tox\n|-activate|p2a: Sceptile|move: Sticky Web\n|-unboost|p2a: Sceptile|spe|1\n|turn|14\n|\n|t:|1781397998\n|switch|p1a: Glalie|Glalie, L96, M|309/309\n|move|p2a: Sceptile|Earthquake|p1a: Glalie\n|-damage|p1a: Glalie|227/309\n|-damage|p2a: Sceptile|90/264 tox|[from] item: Life Orb\n|\n|-damage|p2a: Sceptile|74/264 tox|[from] psn\n|upkeep\n|turn|15\n|\n|t:|1781398009\n|move|p1a: Glalie|Freeze-Dry|p2a: Sceptile\n|-supereffective|p2a: Sceptile\n|-damage|p2a: Sceptile|0 fnt\n|faint|p2a: Sceptile\n|\n|upkeep\n|\n|t:|1781398016\n|switch|p2a: Duraludon|Duraludon, L82, M|249/249\n|-activate|p2a: Duraludon|move: Sticky Web\n|-unboost|p2a: Duraludon|spe|1\n|turn|16\n|\n|t:|1781398022\n|move|p1a: Glalie|Earthquake|p2a: Duraludon\n|-supereffective|p2a: Duraludon\n|-damage|p2a: Duraludon|153/249\n|move|p2a: Duraludon|Flash Cannon|p1a: Glalie\n|-supereffective|p1a: Glalie\n|-damage|p1a: Glalie|33/309\n|-unboost|p1a: Glalie|spd|1\n|\n|upkeep\n|turn|17\n|\n|t:|1781398027\n|move|p1a: Glalie|Earthquake|p2a: Duraludon\n|-supereffective|p2a: Duraludon\n|-damage|p2a: Duraludon|65/249\n|move|p2a: Duraludon|Flash Cannon|p1a: Glalie\n|-supereffective|p1a: Glalie\n|-damage|p1a: Glalie|0 fnt\n|faint|p1a: Glalie\n|\n|upkeep\n|\n|t:|1781398037\n|switch|p1a: Archaludon|Archaludon, L78, F|268/268\n|turn|18\n|\n|t:|1781398055\n|move|p1a: Archaludon|Body Press|p2a: Duraludon\n|-supereffective|p2a: Duraludon\n|-damage|p2a: Duraludon|0 fnt\n|faint|p2a: Duraludon\n|\n|upkeep\n|\n|t:|1781398068\n|switch|p2a: Passimian|Passimian, L83, F|302/302\n|-activate|p2a: Passimian|move: Sticky Web\n|-unboost|p2a: Passimian|spe|1\n|-ability|p2a: Passimian|Defiant|boost\n|-boost|p2a: Passimian|atk|2\n|-status|p2a: Passimian|psn\n|turn|19\n|\n|t:|1781398075\n|switch|p1a: Amoonguss|Amoonguss, L82, F|254/321\n|move|p2a: Passimian|Close Combat|p1a: Amoonguss\n|-resisted|p1a: Amoonguss\n|-damage|p1a: Amoonguss|79/321\n|-unboost|p2a: Passimian|def|1\n|-unboost|p2a: Passimian|spd|1\n|\n|-heal|p1a: Amoonguss|99/321|[from] item: Leftovers\n|-damage|p2a: Passimian|265/302 psn|[from] psn\n|upkeep\n|turn|20\n|\n|t:|1781398081\n|move|p2a: Passimian|Close Combat|p1a: Amoonguss\n|-resisted|p1a: Amoonguss\n|-damage|p1a: Amoonguss|0 fnt\n|-unboost|p2a: Passimian|def|1\n|-unboost|p2a: Passimian|spd|1\n|faint|p1a: Amoonguss\n|\n|-damage|p2a: Passimian|228/302 psn|[from] psn\n|upkeep\n|\n|t:|1781398090\n|switch|p1a: Qwilfish|Qwilfish, L86, M|252/252\n|-ability|p1a: Qwilfish|Intimidate|boost\n|-unboost|p2a: Passimian|atk|1\n|-ability|p2a: Passimian|Defiant|boost\n|-boost|p2a: Passimian|atk|2\n|turn|21\n|\n|t:|1781398104\n|switch|p2a: Reuniclus|Reuniclus, L88, M|43/337\n|-activate|p2a: Reuniclus|move: Sticky Web\n|-unboost|p2a: Reuniclus|spe|1\n|-status|p2a: Reuniclus|psn\n|move|p1a: Qwilfish|Gunk Shot|p2a: Reuniclus\n|-damage|p2a: Reuniclus|0 fnt\n|faint|p2a: Reuniclus\n|\n|upkeep\n|\n|t:|1781398108\n|switch|p2a: Passimian|Passimian, L83, F|228/302 psn\n|-activate|p2a: Passimian|move: Sticky Web\n|-unboost|p2a: Passimian|spe|1\n|-ability|p2a: Passimian|Defiant|boost\n|-boost|p2a: Passimian|atk|2\n|turn|22\n|\n|t:|1781398119\n|move|p1a: Qwilfish|Gunk Shot|p2a: Passimian\n|-damage|p2a: Passimian|105/302 psn\n|move|p2a: Passimian|Knock Off|p1a: Qwilfish\n|-damage|p1a: Qwilfish|89/252\n|-enditem|p1a: Qwilfish|Heavy-Duty Boots|[from] move: Knock Off|[of] p2a: Passimian\n|\n|-damage|p2a: Passimian|68/302 psn|[from] psn\n|upkeep\n|turn|23\n|\n|t:|1781398130\n|move|p1a: Qwilfish|Gunk Shot|p2a: Passimian\n|-damage|p2a: Passimian|0 fnt\n|faint|p2a: Passimian\n|\n|upkeep\n|\n|t:|1781398133\n|switch|p2a: Cacturne|Cacturne, L92, M|278/278\n|-activate|p2a: Cacturne|move: Sticky Web\n|-unboost|p2a: Cacturne|spe|1\n|-status|p2a: Cacturne|psn\n|turn|24\n|\n|t:|1781398144\n|move|p1a: Qwilfish|Pain Split|p2a: Cacturne\n|-sethp|p2a: Cacturne|183/278 psn|[from] move: Pain Split|[silent]\n|-sethp|p1a: Qwilfish|183/252|[from] move: Pain Split\n|move|p2a: Cacturne|Swords Dance|p2a: Cacturne\n|-boost|p2a: Cacturne|atk|2\n|\n|-damage|p2a: Cacturne|149/278 psn|[from] psn\n|upkeep\n|turn|25\n|\n|t:|1781398151\n|move|p2a: Cacturne|Sucker Punch|p1a: Qwilfish\n|-damage|p1a: Qwilfish|0 fnt\n|faint|p1a: Qwilfish\n|-damage|p2a: Cacturne|122/278 psn|[from] item: Life Orb\n|\n|-damage|p2a: Cacturne|88/278 psn|[from] psn\n|upkeep\n|\n|t:|1781398155\n|switch|p1a: Archaludon|Archaludon, L78, F|268/268\n|turn|26\n|\n|t:|1781398172\n|-terastallize|p1a: Archaludon|Fighting\n|move|p2a: Cacturne|Sucker Punch|p1a: Archaludon\n|-resisted|p1a: Archaludon\n|-damage|p1a: Archaludon|160/268\n|-ability|p1a: Archaludon|Stamina|boost\n|-boost|p1a: Archaludon|def|1\n|-damage|p2a: Cacturne|61/278 psn|[from] item: Life Orb\n|move|p1a: Archaludon|Body Press|p2a: Cacturne\n|-supereffective|p2a: Cacturne\n|-damage|p2a: Cacturne|0 fnt\n|faint|p2a: Cacturne\n|\n|win|crooked_mouth\n|raw|crooked_mouth's rating: 1715 &rarr; <strong>1734</strong><br />(+19 for winning)\n|raw|Best Kittel's rating: 1695 &rarr; <strong>1676</strong><br />(-19 for losing)\n|c|\u2606Best Kittel|kid with the luck wins... good job, lil homie\n", "uploadtime": 1781398177, "views": 3, "formatid": "gen9randombattle", "rating": 1676, "private": 0, "password": null}