{"id": "gen9randombattle-2631945086", "format": "[Gen 9] Random Battle", "players": ["ahuramazda2", "jazenq"], "log": "|j|\u2606ahuramazda2\n|j|\u2606jazenq\n|t:|1781458483\n|gametype|singles\n|player|p1|ahuramazda2|169|1980\n|player|p2|jazenq|2|2059\n|gen|9\n|tier|[Gen 9] Random Battle\n|rated|\n|rule|Species Clause: Limit one of each Pok\u00e9mon\n|rule|HP Percentage Mod: HP is shown in percentages\n|rule|Sleep Clause Mod: Limit one foe put to sleep\n|rule|Illusion Level Mod: Illusion disguises the Pok\u00e9mon's true level\n|\n|t:|1781458483\n|teamsize|p1|6\n|teamsize|p2|6\n|start\n|switch|p1a: Gouging Fire|Gouging Fire, L74|277/277\n|switch|p2a: Lumineon|Lumineon, L93, F|279/279\n|turn|1\n|inactive|Battle timer is ON: inactive players will automatically lose when time's up. (requested by ahuramazda2)\n|\n|t:|1781458500\n|-end|p1a: Gouging Fire|Protosynthesis|[silent]\n|switch|p1a: Chansey|Chansey, L85, F|564/564\n|move|p2a: Lumineon|Hydro Pump|p1a: Chansey\n|-damage|p1a: Chansey|498/564\n|\n|upkeep\n|turn|2\n|\n|t:|1781458506\n|move|p2a: Lumineon|U-turn|p1a: Chansey\n|-damage|p1a: Chansey|388/564\n|\n|t:|1781458520\n|switch|p2a: Kricketune|Kricketune, L99, M|312/312|[from] U-turn\n|move|p1a: Chansey|Stealth Rock|p2a: Kricketune\n|-sidestart|p2: jazenq|move: Stealth Rock\n|\n|upkeep\n|turn|3\n|\n|t:|1781458530\n|move|p2a: Kricketune|Sticky Web|p1a: Chansey\n|-sidestart|p1: ahuramazda2|move: Sticky Web\n|move|p1a: Chansey|Thunder Wave|p2a: Kricketune\n|-status|p2a: Kricketune|par\n|\n|upkeep\n|turn|4\n|\n|t:|1781458539\n|switch|p1a: Regirock|Regirock, L83|268/268\n|-activate|p1a: Regirock|move: Sticky Web\n|-fail|p1a: Regirock|unboost|[from] ability: Clear Body|[of] p1a: Regirock\n|move|p2a: Kricketune|Knock Off|p1a: Regirock\n|-damage|p1a: Regirock|221/268\n|-enditem|p1a: Regirock|Chesto Berry|[from] move: Knock Off|[of] p2a: Kricketune\n|\n|upkeep\n|turn|5\n|\n|t:|1781458550\n|switch|p2a: Lumineon|Lumineon, L93, F|279/279\n|move|p1a: Regirock|Stone Edge|p2a: Lumineon|[miss]\n|-miss|p1a: Regirock|p2a: Lumineon\n|\n|upkeep\n|turn|6\n|\n|t:|1781458556\n|switch|p1a: Chansey|Chansey, L85, F|388/564\n|-activate|p1a: Chansey|move: Sticky Web\n|-unboost|p1a: Chansey|spe|1\n|move|p2a: Lumineon|Hydro Pump|p1a: Chansey\n|-damage|p1a: Chansey|330/564\n|\n|upkeep\n|turn|7\n|\n|t:|1781458565\n|move|p2a: Lumineon|U-turn|p1a: Chansey\n|-damage|p1a: Chansey|229/564\n|\n|t:|1781458569\n|switch|p2a: Hariyama|Hariyama, L87, M|392/392|[from] U-turn\n|-damage|p2a: Hariyama|368/392|[from] Stealth Rock\n|move|p1a: Chansey|Soft-Boiled|p1a: Chansey\n|-heal|p1a: Chansey|511/564\n|\n|upkeep\n|turn|8\n|\n|t:|1781458583\n|-terastallize|p1a: Chansey|Ghost\n|move|p2a: Hariyama|Knock Off|p1a: Chansey\n|-supereffective|p1a: Chansey\n|-damage|p1a: Chansey|105/564\n|-enditem|p1a: Chansey|Eviolite|[from] move: Knock Off|[of] p2a: Hariyama\n|move|p1a: Chansey|Thunder Wave|p2a: Hariyama\n|-status|p2a: Hariyama|par\n|\n|upkeep\n|turn|9\n|\n|t:|1781458601\n|switch|p1a: Regirock|Regirock, L83|221/268\n|-activate|p1a: Regirock|move: Sticky Web\n|-fail|p1a: Regirock|unboost|[from] ability: Clear Body|[of] p1a: Regirock\n|move|p2a: Hariyama|Knock Off|p1a: Regirock\n|-damage|p1a: Regirock|189/268\n|\n|upkeep\n|turn|10\n|\n|t:|1781458609\n|switch|p2a: Lumineon|Lumineon, L93, F|279/279\n|move|p1a: Regirock|Curse|p1a: Regirock\n|-unboost|p1a: Regirock|spe|1\n|-boost|p1a: Regirock|atk|1\n|-boost|p1a: Regirock|def|1\n|\n|upkeep\n|turn|11\n|\n|t:|1781458619\n|switch|p1a: Chansey|Chansey, L85, F, tera:Ghost|105/564\n|-activate|p1a: Chansey|move: Sticky Web\n|-unboost|p1a: Chansey|spe|1\n|move|p2a: Lumineon|Hydro Pump|p1a: Chansey\n|-damage|p1a: Chansey|8/564\n|\n|upkeep\n|turn|12\n|\n|t:|1781458622\n|move|p2a: Lumineon|Ice Beam|p1a: Chansey\n|-damage|p1a: Chansey|0 fnt\n|faint|p1a: Chansey\n|\n|upkeep\n|\n|t:|1781458630\n|switch|p1a: Lunala|Lunala, L70|308/308\n|-activate|p1a: Lunala|move: Sticky Web\n|-unboost|p1a: Lunala|spe|1\n|turn|13\n|\n|t:|1781458644\n|move|p2a: Lumineon|Ice Beam|p1a: Lunala\n|-damage|p1a: Lunala|277/308\n|move|p1a: Lunala|Moongeist Beam|p2a: Lumineon\n|-crit|p2a: Lumineon\n|-damage|p2a: Lumineon|135/279\n|\n|-heal|p1a: Lunala|296/308|[from] item: Leftovers\n|upkeep\n|turn|14\n|\n|t:|1781458649\n|move|p2a: Lumineon|U-turn|p1a: Lunala\n|-damage|p1a: Lunala|243/308\n|\n|t:|1781458652\n|switch|p2a: Hariyama|Hariyama, L87, M|368/392 par|[from] U-turn\n|-damage|p2a: Hariyama|344/392 par|[from] Stealth Rock\n|move|p1a: Lunala|Moongeist Beam|p2a: Hariyama\n|-damage|p2a: Hariyama|260/392 par\n|\n|-heal|p1a: Lunala|262/308|[from] item: Leftovers\n|upkeep\n|turn|15\n|\n|t:|1781458660\n|switch|p1a: Regirock|Regirock, L83|189/268\n|-activate|p1a: Regirock|move: Sticky Web\n|-fail|p1a: Regirock|unboost|[from] ability: Clear Body|[of] p1a: Regirock\n|move|p2a: Hariyama|Knock Off|p1a: Regirock\n|-damage|p1a: Regirock|157/268\n|\n|upkeep\n|turn|16\n|\n|t:|1781458666\n|move|p1a: Regirock|Body Press|p2a: Hariyama\n|-damage|p2a: Hariyama|120/392 par\n|move|p2a: Hariyama|Close Combat|p1a: Regirock\n|-supereffective|p1a: Regirock\n|-damage|p1a: Regirock|0 fnt\n|-unboost|p2a: Hariyama|def|1\n|-unboost|p2a: Hariyama|spd|1\n|faint|p1a: Regirock\n|\n|upkeep\n|\n|t:|1781458673\n|switch|p1a: Lunala|Lunala, L70|262/308\n|-activate|p1a: Lunala|move: Sticky Web\n|-unboost|p1a: Lunala|spe|1\n|turn|17\n|\n|t:|1781458685\n|move|p1a: Lunala|Psyshock|p2a: Hariyama\n|-supereffective|p2a: Hariyama\n|-damage|p2a: Hariyama|0 fnt\n|faint|p2a: Hariyama\n|\n|-heal|p1a: Lunala|281/308|[from] item: Leftovers\n|upkeep\n|\n|t:|1781458697\n|switch|p2a: Pyroar|Pyroar, L88, M|295/295\n|-ability|p2a: Pyroar|Unnerve\n|turn|18\n|\n|t:|1781458721\n|move|p2a: Pyroar|Dark Pulse|p1a: Lunala\n|-supereffective|p1a: Lunala\n|-damage|p1a: Lunala|17/308\n|move|p1a: Lunala|Psyshock|p2a: Pyroar\n|-damage|p2a: Pyroar|208/295\n|\n|-heal|p1a: Lunala|36/308|[from] item: Leftovers\n|upkeep\n|turn|19\n|\n|t:|1781458727\n|move|p2a: Pyroar|Dark Pulse|p1a: Lunala\n|-supereffective|p1a: Lunala\n|-damage|p1a: Lunala|0 fnt\n|faint|p1a: Lunala\n|\n|upkeep\n|\n|t:|1781458731\n|switch|p1a: Gouging Fire|Gouging Fire, L74|277/277\n|turn|20\n|\n|t:|1781458736\n|move|p2a: Pyroar|Taunt|p1a: Gouging Fire\n|-start|p1a: Gouging Fire|move: Taunt\n|cant|p1a: Gouging Fire|move: Taunt|Dragon Dance\n|\n|upkeep\n|turn|21\n|\n|t:|1781458745\n|move|p2a: Pyroar|Hyper Voice|p1a: Gouging Fire\n|-damage|p1a: Gouging Fire|141/277\n|move|p1a: Gouging Fire|Earthquake|p2a: Pyroar\n|-supereffective|p2a: Pyroar\n|-damage|p2a: Pyroar|60/295\n|\n|upkeep\n|turn|22\n|\n|t:|1781458749\n|move|p2a: Pyroar|Hyper Voice|p1a: Gouging Fire\n|-damage|p1a: Gouging Fire|6/277\n|move|p1a: Gouging Fire|Earthquake|p2a: Pyroar\n|-supereffective|p2a: Pyroar\n|-damage|p2a: Pyroar|0 fnt\n|faint|p2a: Pyroar\n|\n|-end|p1a: Gouging Fire|move: Taunt\n|upkeep\n|\n|t:|1781458758\n|switch|p2a: Lumineon|Lumineon, L93, F|135/279\n|turn|23\n|\n|t:|1781458763\n|-end|p1a: Gouging Fire|Protosynthesis|[silent]\n|switch|p1a: Rabsca|Rabsca, L91, M|284/284\n|move|p2a: Lumineon|Ice Beam|p1a: Rabsca\n|-damage|p1a: Rabsca|230/284\n|\n|upkeep\n|turn|24\n|\n|t:|1781458775\n|move|p2a: Lumineon|Hydro Pump|p1a: Rabsca\n|-damage|p1a: Rabsca|136/284\n|move|p1a: Rabsca|Psychic|p2a: Lumineon\n|-damage|p2a: Lumineon|9/279\n|\n|upkeep\n|turn|25\n|\n|t:|1781458783\n|move|p2a: Lumineon|Hydro Pump|p1a: Rabsca|[miss]\n|-miss|p2a: Lumineon|p1a: Rabsca\n|move|p1a: Rabsca|Psychic|p2a: Lumineon\n|-damage|p2a: Lumineon|0 fnt\n|faint|p2a: Lumineon\n|\n|upkeep\n|\n|t:|1781458789\n|switch|p2a: Salazzle|Salazzle, L83, F|249/249\n|turn|26\n|c|\u2606ahuramazda2|damn\n|c|\u2606ahuramazda2|what a bad matchup\n|c|\u2606ahuramazda2|gg\n|\n|t:|1781458813\n|-terastallize|p2a: Salazzle|Grass\n|move|p2a: Salazzle|Fire Blast|p1a: Rabsca\n|-supereffective|p1a: Rabsca\n|-damage|p1a: Rabsca|0 fnt\n|faint|p1a: Rabsca\n|\n|upkeep\n|\n|t:|1781458816\n|switch|p1a: Eiscue|Eiscue, L88, F|274/274\n|-activate|p1a: Eiscue|move: Sticky Web\n|-unboost|p1a: Eiscue|spe|1\n|turn|27\n|\n|t:|1781458831\n|move|p2a: Salazzle|Fire Blast|p1a: Eiscue\n|-supereffective|p1a: Eiscue\n|-damage|p1a: Eiscue|46/274\n|-status|p1a: Eiscue|brn\n|-enditem|p1a: Eiscue|Sitrus Berry|[eat]\n|-heal|p1a: Eiscue|114/274 brn|[from] item: Sitrus Berry\n|move|p1a: Eiscue|Ice Spinner|p2a: Salazzle\n|-supereffective|p2a: Salazzle\n|-damage|p2a: Salazzle|149/249\n|\n|-damage|p1a: Eiscue|97/274 brn|[from] brn\n|upkeep\n|turn|28\n|c|\u2606ahuramazda2|lol the burn\n|\n|t:|1781458842\n|move|p2a: Salazzle|Sludge Wave|p1a: Eiscue\n|-damage|p1a: Eiscue|0 fnt\n|faint|p1a: Eiscue\n|\n|upkeep\n|\n|t:|1781458844\n|switch|p1a: Gouging Fire|Gouging Fire, L74|6/277\n|turn|29\n|\n|t:|1781458846\n|move|p2a: Salazzle|Sludge Wave|p1a: Gouging Fire\n|-damage|p1a: Gouging Fire|0 fnt\n|faint|p1a: Gouging Fire\n|-end|p1a: Gouging Fire|Protosynthesis|[silent]\n|\n|win|jazenq\n", "inputlog": ">version a8376a258c1d4662feba110a92103f3664a72141\n>start {\"formatid\":\"gen9randombattle\",\"seed\":\"sodium,71c5f2e668e68aa5ce99437762c7d39e\",\"rated\":\"Rated battle\"}\n>player p1 {\"name\":\"ahuramazda2\",\"avatar\":\"169\",\"rating\":1980,\"seed\":\"sodium,bc2226f8ff0dec1a8afb9c082185e508\"}\n>player p2 {\"name\":\"jazenq\",\"avatar\":\"2\",\"rating\":2059,\"seed\":\"sodium,3418aa0cc30d078104ca6ed7564decaf\"}\n>p1 switch 4\n>p2 move hydropump\n>p1 move stealthrock\n>p2 move uturn\n>p2 switch 5\n>p1 move thunderwave\n>p2 move stickyweb\n>p1 switch 2\n>p2 move knockoff\n>p1 move stoneedge\n>p2 switch 5\n>p1 switch 2\n>p2 move hydropump\n>p1 move softboiled\n>p2 move uturn\n>p2 switch 4\n>p1 move thunderwave terastallize\n>p2 move knockoff\n>p1 switch 2\n>p2 move knockoff\n>p1 move curse\n>p2 switch 4\n>p1 switch 2\n>p2 move hydropump\n>p1 move softboiled\n>p2 move icebeam\n>p1 switch 6\n>p1 move moongeistbeam\n>p2 move icebeam\n>p1 move moongeistbeam\n>p2 move uturn\n>p2 switch 4\n>p1 switch 2\n>p2 move knockoff\n>p1 move bodypress\n>p2 move closecombat\n>p1 switch 2\n>p1 move psyshock\n>p2 move knockoff\n>p2 switch 6\n>p1 move psyshock\n>p2 move darkpulse\n>p1 move psyshock\n>p2 move darkpulse\n>p1 switch 4\n>p1 move dragondance\n>p2 move taunt\n>p1 move earthquake\n>p2 move hypervoice\n>p1 move earthquake\n>p2 move hypervoice\n>p2 switch 4\n>p1 switch 5\n>p2 move icebeam\n>p1 move psychic\n>p2 move hydropump\n>p1 move psychic\n>p2 move hydropump\n>p2 switch 3\n>chat \u2606ahuramazda2|damn\n>chat \u2606ahuramazda2|what a bad matchup\n>chat \u2606ahuramazda2|gg\n>p1 move psychic\n>p2 move fireblast terastallize\n>p1 switch 3\n>p1 move icespinner\n>p2 move fireblast\n>chat \u2606ahuramazda2|lol the burn\n>p1 move icespinner\n>p2 move sludgewave\n>p1 switch 5\n>p1 move heatcrash\n>p2 move sludgewave", "uploadtime": 1781458486, "views": 5, "formatid": "gen9randombattle", "rating": null, "private": 0, "password": null}