{"id": "gen9randombattle-2631619378", "format": "[Gen 9] Random Battle", "players": ["djangus unchained", "DIAPERABUSER2009"], "log": "|j|\u2606djangus unchained\n|j|\u2606DIAPERABUSER2009\n|t:|1781409850\n|gametype|singles\n|player|p1|djangus unchained|marshal|1921\n|player|p2|DIAPERABUSER2009|flannery|1906\n|gen|9\n|tier|[Gen 9] Random Battle\n|rated|\n|rule|Species Clause: Limit one of each Pok\u00e9mon\n|rule|HP Percentage Mod: HP is shown in percentages\n|rule|Sleep Clause Mod: Limit one foe put to sleep\n|rule|Illusion Level Mod: Illusion disguises the Pok\u00e9mon's true level\n|\n|t:|1781409850\n|teamsize|p1|6\n|teamsize|p2|6\n|start\n|switch|p1a: Snorlax|Snorlax, L82, F|397/397\n|switch|p2a: Morpeko|Morpeko, L88, F|245/245\n|turn|1\n|inactive|Battle timer is ON: inactive players will automatically lose when time's up. (requested by djangus unchained)\n|inactive|DIAPERABUSER2009 has 120 seconds left.\n|\n|t:|1781409912\n|move|p2a: Morpeko|Parting Shot|p1a: Snorlax\n|-unboost|p1a: Snorlax|atk|1\n|-unboost|p1a: Snorlax|spa|1\n|\n|t:|1781409925\n|switch|p2a: Lucario|Lucario, L84, F|255/255|[from] Parting Shot\n|move|p1a: Snorlax|Earthquake|p2a: Lucario\n|-supereffective|p2a: Lucario\n|-damage|p2a: Lucario|127/255\n|\n|upkeep\n|turn|2\n|\n|t:|1781409944\n|switch|p1a: Raichu|Raichu-Alola, L87, M|246/246\n|move|p2a: Lucario|Aura Sphere|p1a: Raichu\n|-resisted|p1a: Raichu\n|-damage|p1a: Raichu|181/246\n|-damage|p2a: Lucario|102/255|[from] item: Life Orb\n|\n|upkeep\n|turn|3\n|\n|t:|1781409960\n|switch|p2a: Kilowattrel|Kilowattrel, L83, M|252/252\n|move|p1a: Raichu|Alluring Voice|p2a: Kilowattrel\n|-damage|p2a: Kilowattrel|135/252\n|\n|upkeep\n|turn|4\n|\n|t:|1781409971\n|switch|p1a: Snorlax|Snorlax, L82, F|397/397\n|move|p2a: Kilowattrel|Roost|p2a: Kilowattrel\n|-heal|p2a: Kilowattrel|252/252\n|-singleturn|p2a: Kilowattrel|move: Roost\n|\n|upkeep\n|turn|5\n|\n|t:|1781409979\n|move|p2a: Kilowattrel|U-turn|p1a: Snorlax\n|-damage|p1a: Snorlax|343/397\n|\n|t:|1781409981\n|switch|p2a: Volcarona|Volcarona, L77, F|257/257|[from] U-turn\n|move|p1a: Snorlax|Curse|p1a: Snorlax\n|-unboost|p1a: Snorlax|spe|1\n|-boost|p1a: Snorlax|atk|1\n|-boost|p1a: Snorlax|def|1\n|\n|upkeep\n|turn|6\n|\n|t:|1781409995\n|move|p2a: Volcarona|Quiver Dance|p2a: Volcarona\n|-boost|p2a: Volcarona|spa|1\n|-boost|p2a: Volcarona|spd|1\n|-boost|p2a: Volcarona|spe|1\n|move|p1a: Snorlax|Body Slam|p2a: Volcarona\n|-damage|p2a: Volcarona|77/257\n|\n|upkeep\n|turn|7\n|\n|t:|1781410001\n|move|p2a: Volcarona|Giga Drain|p1a: Snorlax\n|-damage|p1a: Snorlax|269/397\n|-heal|p2a: Volcarona|114/257|[from] drain|[of] p1a: Snorlax\n|move|p1a: Snorlax|Body Slam|p2a: Volcarona\n|-damage|p2a: Volcarona|0 fnt\n|faint|p2a: Volcarona\n|\n|upkeep\n|\n|t:|1781410003\n|switch|p2a: Lucario|Lucario, L84, F|102/255\n|turn|8\n|\n|t:|1781410013\n|move|p2a: Lucario|Aura Sphere|p1a: Snorlax\n|-supereffective|p1a: Snorlax\n|-damage|p1a: Snorlax|64/397\n|-damage|p2a: Lucario|77/255|[from] item: Life Orb\n|move|p1a: Snorlax|Rest|p1a: Snorlax\n|-status|p1a: Snorlax|slp|[from] move: Rest\n|-heal|p1a: Snorlax|397/397 slp|[silent]\n|-enditem|p1a: Snorlax|Chesto Berry|[eat]\n|-curestatus|p1a: Snorlax|slp|[msg]\n|\n|upkeep\n|turn|9\n|\n|t:|1781410019\n|move|p2a: Lucario|Aura Sphere|p1a: Snorlax\n|-supereffective|p1a: Snorlax\n|-damage|p1a: Snorlax|179/397\n|-damage|p2a: Lucario|52/255|[from] item: Life Orb\n|move|p1a: Snorlax|Body Slam|p2a: Lucario\n|-resisted|p2a: Lucario\n|-damage|p2a: Lucario|0 fnt\n|faint|p2a: Lucario\n|\n|upkeep\n|\n|t:|1781410034\n|switch|p2a: Kilowattrel|Kilowattrel, L83, M|252/252\n|turn|10\n|\n|t:|1781410047\n|move|p2a: Kilowattrel|Hurricane|p1a: Snorlax\n|-damage|p1a: Snorlax|68/397\n|move|p1a: Snorlax|Rest|p1a: Snorlax\n|-status|p1a: Snorlax|slp|[from] move: Rest\n|-heal|p1a: Snorlax|397/397 slp|[silent]\n|\n|upkeep\n|turn|11\n|\n|t:|1781410053\n|move|p2a: Kilowattrel|U-turn|p1a: Snorlax\n|-damage|p1a: Snorlax|361/397 slp\n|\n|t:|1781410054\n|switch|p2a: Gyarados|Gyarados, L79, F|280/280|[from] U-turn\n|cant|p1a: Snorlax|slp\n|\n|upkeep\n|turn|12\n|\n|t:|1781410068\n|move|p2a: Gyarados|Dragon Dance|p2a: Gyarados\n|-boost|p2a: Gyarados|atk|1\n|-boost|p2a: Gyarados|spe|1\n|cant|p1a: Snorlax|slp\n|\n|upkeep\n|turn|13\n|\n|t:|1781410073\n|move|p2a: Gyarados|Dragon Dance|p2a: Gyarados\n|-boost|p2a: Gyarados|atk|1\n|-boost|p2a: Gyarados|spe|1\n|-curestatus|p1a: Snorlax|slp|[msg]\n|move|p1a: Snorlax|Curse|p1a: Snorlax\n|-unboost|p1a: Snorlax|spe|1\n|-boost|p1a: Snorlax|atk|1\n|-boost|p1a: Snorlax|def|1\n|\n|upkeep\n|turn|14\n|\n|t:|1781410077\n|move|p2a: Gyarados|Waterfall|p1a: Snorlax\n|-damage|p1a: Snorlax|252/397\n|move|p1a: Snorlax|Body Slam|p2a: Gyarados\n|-damage|p2a: Gyarados|51/280\n|\n|upkeep\n|turn|15\n|\n|t:|1781410083\n|move|p2a: Gyarados|Waterfall|p1a: Snorlax\n|-damage|p1a: Snorlax|131/397\n|move|p1a: Snorlax|Body Slam|p2a: Gyarados\n|-damage|p2a: Gyarados|0 fnt\n|faint|p2a: Gyarados\n|\n|upkeep\n|\n|t:|1781410090\n|switch|p2a: Kilowattrel|Kilowattrel, L83, M|252/252\n|turn|16\n|\n|t:|1781410093\n|move|p2a: Kilowattrel|Hurricane|p1a: Snorlax\n|-damage|p1a: Snorlax|31/397\n|move|p1a: Snorlax|Rest|p1a: Snorlax\n|-status|p1a: Snorlax|slp|[from] move: Rest\n|-heal|p1a: Snorlax|397/397 slp|[silent]\n|\n|upkeep\n|turn|17\n|\n|t:|1781410096\n|move|p2a: Kilowattrel|Discharge|p1a: Snorlax\n|-damage|p1a: Snorlax|315/397 slp\n|cant|p1a: Snorlax|slp\n|\n|upkeep\n|turn|18\n|\n|t:|1781410098\n|move|p2a: Kilowattrel|Discharge|p1a: Snorlax\n|-damage|p1a: Snorlax|240/397 slp\n|cant|p1a: Snorlax|slp\n|\n|upkeep\n|turn|19\n|\n|t:|1781410099\n|move|p2a: Kilowattrel|Discharge|p1a: Snorlax\n|-damage|p1a: Snorlax|159/397 slp\n|-curestatus|p1a: Snorlax|slp|[msg]\n|move|p1a: Snorlax|Body Slam|p2a: Kilowattrel\n|-damage|p2a: Kilowattrel|23/252\n|\n|upkeep\n|turn|20\n|\n|t:|1781410102\n|move|p2a: Kilowattrel|Hurricane|p1a: Snorlax\n|-damage|p1a: Snorlax|51/397\n|move|p1a: Snorlax|Rest|p1a: Snorlax\n|-status|p1a: Snorlax|slp|[from] move: Rest\n|-heal|p1a: Snorlax|397/397 slp|[silent]\n|\n|upkeep\n|turn|21\n|\n|t:|1781410106\n|move|p2a: Kilowattrel|Roost|p2a: Kilowattrel\n|-heal|p2a: Kilowattrel|149/252\n|-singleturn|p2a: Kilowattrel|move: Roost\n|cant|p1a: Snorlax|slp\n|\n|upkeep\n|turn|22\n|\n|t:|1781410108\n|move|p2a: Kilowattrel|Roost|p2a: Kilowattrel\n|-heal|p2a: Kilowattrel|252/252\n|-singleturn|p2a: Kilowattrel|move: Roost\n|cant|p1a: Snorlax|slp\n|\n|upkeep\n|turn|23\n|\n|t:|1781410111\n|move|p2a: Kilowattrel|Discharge|p1a: Snorlax\n|-damage|p1a: Snorlax|319/397 slp\n|-curestatus|p1a: Snorlax|slp|[msg]\n|move|p1a: Snorlax|Body Slam|p2a: Kilowattrel\n|-damage|p2a: Kilowattrel|17/252\n|\n|upkeep\n|turn|24\n|\n|t:|1781410115\n|move|p2a: Kilowattrel|Hurricane|p1a: Snorlax|[miss]\n|-miss|p2a: Kilowattrel|p1a: Snorlax\n|move|p1a: Snorlax|Body Slam|p2a: Kilowattrel\n|-damage|p2a: Kilowattrel|0 fnt\n|faint|p2a: Kilowattrel\n|\n|upkeep\n|\n|t:|1781410118\n|switch|p2a: Vaporeon|Vaporeon, L86, F|364/364\n|turn|25\n|\n|t:|1781410120\n|move|p2a: Vaporeon|Scald|p1a: Snorlax\n|-damage|p1a: Snorlax|235/397\n|move|p1a: Snorlax|Body Slam|p2a: Vaporeon\n|-damage|p2a: Vaporeon|129/364\n|-status|p2a: Vaporeon|par\n|\n|-heal|p2a: Vaporeon|151/364 par|[from] item: Leftovers\n|upkeep\n|turn|26\n|-message|DIAPERABUSER2009 forfeited.\n|\n|win|djangus unchained\n", "inputlog": ">version a8376a258c1d4662feba110a92103f3664a72141\n>start {\"formatid\":\"gen9randombattle\",\"seed\":\"sodium,8495a2c6b041d9aa9390913300619d67\",\"rated\":\"Rated battle\"}\n>player p1 {\"name\":\"djangus unchained\",\"avatar\":\"marshal\",\"rating\":1921,\"seed\":\"sodium,a4a93936363021071c66324701f18ddc\"}\n>player p2 {\"name\":\"DIAPERABUSER2009\",\"avatar\":\"flannery\",\"rating\":1906,\"seed\":\"sodium,4b9d5f455f4c322d99c117d8680880c6\"}\n>p1 move earthquake\n>p2 move partingshot\n>p2 switch 3\n>p1 switch 4\n>p2 move aurasphere\n>p1 move alluringvoice\n>p2 switch 4\n>p1 switch 4\n>p2 move roost\n>p1 move curse\n>p2 move uturn\n>p2 switch 6\n>p1 move bodyslam\n>p2 move quiverdance\n>p1 move bodyslam\n>p2 move gigadrain\n>p2 switch 4\n>p1 move rest\n>p2 move aurasphere\n>p1 move bodyslam\n>p2 move aurasphere\n>p2 switch 6\n>p1 move rest\n>p2 move hurricane\n>p1 move bodyslam\n>p2 move uturn\n>p2 switch 2\n>p1 move curse\n>p2 move dragondance\n>p1 move curse\n>p2 move dragondance\n>p1 move bodyslam\n>p2 move waterfall\n>p1 move bodyslam\n>p2 move waterfall\n>p2 switch 2\n>p1 move rest\n>p2 move hurricane\n>p1 move bodyslam\n>p2 move discharge\n>p1 move bodyslam\n>p2 move discharge\n>p1 move bodyslam\n>p2 move discharge\n>p1 move rest\n>p2 move hurricane\n>p1 move bodyslam\n>p2 move roost\n>p1 move bodyslam\n>p2 move roost\n>p1 move bodyslam\n>p2 move discharge\n>p1 move bodyslam\n>p2 move hurricane\n>p2 switch 5\n>p1 move bodyslam\n>p2 move scald\n>forcelose p2", "uploadtime": 1781409851, "views": 8, "formatid": "gen9randombattle", "rating": null, "private": 0, "password": null}