{"id": "gen9randombattle-2631533726", "format": "[Gen 9] Random Battle", "players": ["shukleneedzamega", "Xxion"], "log": "|j|\u2606shukleneedzamega\n|j|\u2606Xxion\n|t:|1781397718\n|gametype|singles\n|player|p1|shukleneedzamega|102|1288\n|player|p2|Xxion|lady|1331\n|gen|9\n|tier|[Gen 9] Random Battle\n|rated|\n|rule|Species Clause: Limit one of each Pok\u00e9mon\n|rule|HP Percentage Mod: HP is shown in percentages\n|rule|Sleep Clause Mod: Limit one foe put to sleep\n|rule|Illusion Level Mod: Illusion disguises the Pok\u00e9mon's true level\n|\n|t:|1781397718\n|teamsize|p1|6\n|teamsize|p2|6\n|start\n|switch|p1a: Vespiquen|Vespiquen, L99, F|299/299\n|switch|p2a: Iron Moth|Iron Moth, L78|253/253\n|-ability|p1a: Vespiquen|Pressure\n|turn|1\n|inactive|Battle timer is ON: inactive players will automatically lose when time's up. (requested by Xxion)\n|\n|t:|1781397734\n|move|p2a: Iron Moth|Fiery Dance|p1a: Vespiquen\n|-supereffective|p1a: Vespiquen\n|-damage|p1a: Vespiquen|155/299\n|-boost|p2a: Iron Moth|spa|1\n|move|p1a: Vespiquen|Air Slash|p2a: Iron Moth\n|-damage|p2a: Iron Moth|166/253\n|\n|upkeep\n|turn|2\n|\n|t:|1781397755\n|switch|p1a: Phione|Phione, L91|293/293\n|move|p2a: Iron Moth|Fiery Dance|p1a: Phione\n|-resisted|p1a: Phione\n|-crit|p1a: Phione\n|-damage|p1a: Phione|179/293\n|\n|-heal|p1a: Phione|197/293|[from] item: Leftovers\n|upkeep\n|turn|3\n|\n|t:|1781397768\n|move|p2a: Iron Moth|Energy Ball|p1a: Phione\n|-supereffective|p1a: Phione\n|-damage|p1a: Phione|0 fnt\n|faint|p1a: Phione\n|\n|upkeep\n|inactive|shukleneedzamega has 120 seconds left.\n|\n|t:|1781397783\n|switch|p1a: Braviary|Braviary, L85, M|309/309\n|turn|4\n|\n|t:|1781397800\n|move|p2a: Iron Moth|Sludge Wave|p1a: Braviary\n|-damage|p1a: Braviary|96/309\n|move|p1a: Braviary|Brave Bird|p2a: Iron Moth\n|-damage|p2a: Iron Moth|0 fnt\n|faint|p2a: Iron Moth\n|-end|p2a: Iron Moth|Quark Drive|[silent]\n|-damage|p1a: Braviary|41/309|[from] Recoil\n|\n|upkeep\n|\n|t:|1781397811\n|switch|p2a: Noctowl|Noctowl, L95, F|344/344\n|turn|5\n|\n|t:|1781397825\n|move|p2a: Noctowl|Calm Mind|p2a: Noctowl\n|-boost|p2a: Noctowl|spa|1\n|-boost|p2a: Noctowl|spd|1\n|move|p1a: Braviary|Brave Bird|p2a: Noctowl\n|-damage|p2a: Noctowl|125/344\n|-damage|p1a: Braviary|0 fnt|[from] Recoil\n|faint|p1a: Braviary\n|\n|upkeep\n|\n|t:|1781397841\n|switch|p1a: Ogerpon|Ogerpon-Hearthflame, L74, F|239/239\n|-ability|p1a: Ogerpon|Mold Breaker\n|turn|6\n|\n|t:|1781397848\n|move|p1a: Ogerpon|Ivy Cudgel|p2a: Noctowl|[anim] Ivy Cudgel Fire\n|-damage|p2a: Noctowl|0 fnt\n|faint|p2a: Noctowl\n|\n|upkeep\n|\n|t:|1781397858\n|switch|p2a: Sudowoodo|Sudowoodo, L94, F|284/284\n|turn|7\n|\n|t:|1781397863\n|move|p1a: Ogerpon|Power Whip|p2a: Sudowoodo|[miss]\n|-miss|p1a: Ogerpon|p2a: Sudowoodo\n|move|p2a: Sudowoodo|Head Smash|p1a: Ogerpon\n|-supereffective|p1a: Ogerpon\n|-damage|p1a: Ogerpon|0 fnt\n|faint|p1a: Ogerpon\n|\n|upkeep\n|\n|t:|1781397875\n|switch|p1a: Latios|Latios, L78, M|253/253\n|turn|8\n|\n|t:|1781397888\n|move|p1a: Latios|Aura Sphere|p2a: Sudowoodo\n|-supereffective|p2a: Sudowoodo\n|-damage|p2a: Sudowoodo|62/284\n|move|p2a: Sudowoodo|Head Smash|p1a: Latios|[miss]\n|-miss|p2a: Sudowoodo|p1a: Latios\n|\n|upkeep\n|turn|9\n|\n|t:|1781397895\n|switch|p2a: Trevenant|Trevenant, L89, M|296/296\n|move|p1a: Latios|Aura Sphere|p2a: Trevenant\n|-immune|p2a: Trevenant\n|\n|upkeep\n|turn|10\n|\n|t:|1781397904\n|switch|p1a: Vespiquen|Vespiquen, L99, F|155/299\n|-ability|p1a: Vespiquen|Pressure\n|move|p2a: Trevenant|Poltergeist|p1a: Vespiquen\n|-activate|p1a: Vespiquen|move: Poltergeist|Heavy-Duty Boots\n|-damage|p1a: Vespiquen|25/299\n|-damage|p2a: Trevenant|267/296|[from] item: Life Orb\n|\n|upkeep\n|turn|11\n|\n|t:|1781397922\n|switch|p2a: Sudowoodo|Sudowoodo, L94, F|62/284\n|move|p1a: Vespiquen|Roost|p1a: Vespiquen\n|-heal|p1a: Vespiquen|175/299\n|-singleturn|p1a: Vespiquen|move: Roost\n|\n|upkeep\n|turn|12\n|\n|t:|1781397930\n|-terastallize|p1a: Vespiquen|Steel\n|move|p1a: Vespiquen|Roost|p1a: Vespiquen\n|-heal|p1a: Vespiquen|299/299\n|move|p2a: Sudowoodo|Head Smash|p1a: Vespiquen|[miss]\n|-miss|p2a: Sudowoodo|p1a: Vespiquen\n|\n|upkeep\n|turn|13\n|\n|t:|1781397945\n|switch|p2a: Trevenant|Trevenant, L89, M|267/296\n|move|p1a: Vespiquen|Air Slash|p2a: Trevenant|[miss]\n|-miss|p1a: Vespiquen|p2a: Trevenant\n|\n|upkeep\n|turn|14\n|\n|t:|1781397960\n|move|p2a: Trevenant|Poltergeist|p1a: Vespiquen\n|-activate|p1a: Vespiquen|move: Poltergeist|Heavy-Duty Boots\n|-damage|p1a: Vespiquen|157/299\n|-damage|p2a: Trevenant|238/296|[from] item: Life Orb\n|move|p1a: Vespiquen|Air Slash|p2a: Trevenant\n|-supereffective|p2a: Trevenant\n|-damage|p2a: Trevenant|44/296\n|\n|upkeep\n|turn|15\n|\n|t:|1781397969\n|move|p2a: Trevenant|Drain Punch|p1a: Vespiquen\n|-supereffective|p1a: Vespiquen\n|-damage|p1a: Vespiquen|27/299\n|-heal|p2a: Trevenant|109/296|[from] drain|[of] p1a: Vespiquen\n|-damage|p2a: Trevenant|80/296|[from] item: Life Orb\n|move|p1a: Vespiquen|Roost|p1a: Vespiquen\n|-heal|p1a: Vespiquen|177/299\n|\n|upkeep\n|turn|16\n|\n|t:|1781397981\n|move|p2a: Trevenant|Drain Punch|p1a: Vespiquen\n|-supereffective|p1a: Vespiquen\n|-damage|p1a: Vespiquen|57/299\n|-heal|p2a: Trevenant|140/296|[from] drain|[of] p1a: Vespiquen\n|-damage|p2a: Trevenant|111/296|[from] item: Life Orb\n|move|p1a: Vespiquen|Air Slash|p2a: Trevenant\n|-supereffective|p2a: Trevenant\n|-damage|p2a: Trevenant|0 fnt\n|faint|p2a: Trevenant\n|\n|upkeep\n|\n|t:|1781397990\n|switch|p2a: Arboliva|Arboliva, L91, M|288/288\n|turn|17\n|\n|t:|1781397996\n|move|p1a: Vespiquen|Roost|p1a: Vespiquen\n|-heal|p1a: Vespiquen|207/299\n|move|p2a: Arboliva|Leech Seed|p1a: Vespiquen\n|-start|p1a: Vespiquen|move: Leech Seed\n|\n|-damage|p1a: Vespiquen|170/299|[from] Leech Seed|[of] p2a: Arboliva\n|upkeep\n|turn|18\n|\n|t:|1781398003\n|move|p2a: Arboliva|Protect|p2a: Arboliva\n|-singleturn|p2a: Arboliva|Protect\n|move|p1a: Vespiquen|Toxic|p2a: Arboliva\n|-activate|p2a: Arboliva|move: Protect\n|\n|-damage|p1a: Vespiquen|133/299|[from] Leech Seed|[of] p2a: Arboliva\n|upkeep\n|turn|19\n|\n|t:|1781398011\n|switch|p2a: Sudowoodo|Sudowoodo, L94, F|62/284\n|move|p1a: Vespiquen|Toxic|p2a: Sudowoodo\n|-status|p2a: Sudowoodo|tox\n|\n|-damage|p1a: Vespiquen|96/299|[from] Leech Seed|[of] p2a: Sudowoodo\n|-heal|p2a: Sudowoodo|99/284 tox|[silent]\n|-damage|p2a: Sudowoodo|82/284 tox|[from] psn\n|upkeep\n|turn|20\n|\n|t:|1781398020\n|move|p1a: Vespiquen|Roost|p1a: Vespiquen\n|-heal|p1a: Vespiquen|246/299\n|move|p2a: Sudowoodo|Earthquake|p1a: Vespiquen\n|-supereffective|p1a: Vespiquen\n|-damage|p1a: Vespiquen|56/299\n|\n|-damage|p1a: Vespiquen|19/299|[from] Leech Seed|[of] p2a: Sudowoodo\n|-heal|p2a: Sudowoodo|119/284 tox|[silent]\n|-damage|p2a: Sudowoodo|85/284 tox|[from] psn\n|upkeep\n|turn|21\n|\n|t:|1781398030\n|move|p1a: Vespiquen|Air Slash|p2a: Sudowoodo\n|-resisted|p2a: Sudowoodo\n|-damage|p2a: Sudowoodo|35/284 tox\n|move|p2a: Sudowoodo|Earthquake|p1a: Vespiquen\n|-supereffective|p1a: Vespiquen\n|-damage|p1a: Vespiquen|0 fnt\n|faint|p1a: Vespiquen\n|\n|-damage|p2a: Sudowoodo|0 fnt|[from] psn\n|faint|p2a: Sudowoodo\n|upkeep\n|\n|t:|1781398043\n|switch|p1a: Latios|Latios, L78, M|253/253\n|switch|p2a: Arboliva|Arboliva, L91, M|288/288\n|turn|22\n|\n|t:|1781398052\n|move|p1a: Latios|Aura Sphere|p2a: Arboliva\n|-supereffective|p2a: Arboliva\n|-damage|p2a: Arboliva|128/288\n|-enditem|p2a: Arboliva|Sitrus Berry|[eat]\n|-heal|p2a: Arboliva|200/288|[from] item: Sitrus Berry\n|move|p2a: Arboliva|Leech Seed|p1a: Latios\n|-start|p1a: Latios|move: Leech Seed\n|\n|-damage|p1a: Latios|222/253|[from] Leech Seed|[of] p2a: Arboliva\n|-heal|p2a: Arboliva|231/288|[silent]\n|-item|p2a: Arboliva|Sitrus Berry|[from] ability: Harvest\n|upkeep\n|turn|23\n|\n|t:|1781398063\n|switch|p1a: Hoopa|Hoopa, L85|275/275\n|move|p2a: Arboliva|Protect||[still]\n|-fail|p2a: Arboliva\n|\n|upkeep\n|turn|24\n|\n|t:|1781398072\n|move|p1a: Hoopa|Nasty Plot|p1a: Hoopa\n|-boost|p1a: Hoopa|spa|2\n|move|p2a: Arboliva|Leech Seed|p1a: Hoopa\n|-start|p1a: Hoopa|move: Leech Seed\n|\n|-damage|p1a: Hoopa|241/275|[from] Leech Seed|[of] p2a: Arboliva\n|-heal|p2a: Arboliva|265/288|[silent]\n|upkeep\n|turn|25\n|\n|t:|1781398080\n|move|p1a: Hoopa|Nasty Plot|p1a: Hoopa\n|-boost|p1a: Hoopa|spa|2\n|move|p2a: Arboliva|Substitute|p2a: Arboliva\n|-start|p2a: Arboliva|Substitute\n|-damage|p2a: Arboliva|193/288\n|\n|-damage|p1a: Hoopa|207/275|[from] Leech Seed|[of] p2a: Arboliva\n|-heal|p2a: Arboliva|227/288|[silent]\n|upkeep\n|turn|26\n|\n|t:|1781398090\n|move|p2a: Arboliva|Protect|p2a: Arboliva\n|-singleturn|p2a: Arboliva|Protect\n|move|p1a: Hoopa|Psyshock|p2a: Arboliva\n|-activate|p2a: Arboliva|move: Protect\n|\n|-damage|p1a: Hoopa|173/275|[from] Leech Seed|[of] p2a: Arboliva\n|-heal|p2a: Arboliva|261/288|[silent]\n|upkeep\n|turn|27\n|\n|t:|1781398098\n|move|p1a: Hoopa|Psyshock|p2a: Arboliva\n|-end|p2a: Arboliva|Substitute\n|-damage|p1a: Hoopa|146/275|[from] item: Life Orb\n|move|p2a: Arboliva|Substitute|p2a: Arboliva\n|-start|p2a: Arboliva|Substitute\n|-damage|p2a: Arboliva|189/288\n|\n|-damage|p1a: Hoopa|112/275|[from] Leech Seed|[of] p2a: Arboliva\n|-heal|p2a: Arboliva|223/288|[silent]\n|upkeep\n|turn|28\n|\n|t:|1781398110\n|move|p2a: Arboliva|Protect|p2a: Arboliva\n|-singleturn|p2a: Arboliva|Protect\n|move|p1a: Hoopa|Nasty Plot|p1a: Hoopa\n|-boost|p1a: Hoopa|spa|2\n|\n|-damage|p1a: Hoopa|78/275|[from] Leech Seed|[of] p2a: Arboliva\n|-heal|p2a: Arboliva|257/288|[silent]\n|upkeep\n|turn|29\n|\n|t:|1781398122\n|move|p1a: Hoopa|Psyshock|p2a: Arboliva\n|-end|p2a: Arboliva|Substitute\n|-damage|p1a: Hoopa|51/275|[from] item: Life Orb\n|move|p2a: Arboliva|Substitute|p2a: Arboliva\n|-start|p2a: Arboliva|Substitute\n|-damage|p2a: Arboliva|185/288\n|\n|-damage|p1a: Hoopa|17/275|[from] Leech Seed|[of] p2a: Arboliva\n|-heal|p2a: Arboliva|219/288|[silent]\n|upkeep\n|turn|30\n|\n|t:|1781398133\n|move|p2a: Arboliva|Protect|p2a: Arboliva\n|-singleturn|p2a: Arboliva|Protect\n|move|p1a: Hoopa|Psyshock|p2a: Arboliva\n|-activate|p2a: Arboliva|move: Protect\n|\n|-damage|p1a: Hoopa|0 fnt|[from] Leech Seed|[of] p2a: Arboliva\n|-heal|p2a: Arboliva|236/288|[silent]\n|faint|p1a: Hoopa\n|upkeep\n|\n|t:|1781398143\n|switch|p1a: Latios|Latios, L78, M|222/253\n|turn|31\n|\n|t:|1781398151\n|move|p1a: Latios|Aura Sphere|p2a: Arboliva\n|-supereffective|p2a: Arboliva\n|-end|p2a: Arboliva|Substitute\n|move|p2a: Arboliva|Leech Seed|p1a: Latios\n|-start|p1a: Latios|move: Leech Seed\n|\n|-damage|p1a: Latios|191/253|[from] Leech Seed|[of] p2a: Arboliva\n|-heal|p2a: Arboliva|267/288|[silent]\n|upkeep\n|turn|32\n|\n|t:|1781398160\n|move|p2a: Arboliva|Protect|p2a: Arboliva\n|-singleturn|p2a: Arboliva|Protect\n|move|p1a: Latios|Aura Sphere|p2a: Arboliva\n|-activate|p2a: Arboliva|move: Protect\n|\n|-damage|p1a: Latios|160/253|[from] Leech Seed|[of] p2a: Arboliva\n|-heal|p2a: Arboliva|288/288|[silent]\n|upkeep\n|turn|33\n|\n|t:|1781398168\n|move|p1a: Latios|Aura Sphere|p2a: Arboliva\n|-supereffective|p2a: Arboliva\n|-damage|p2a: Arboliva|128/288\n|-enditem|p2a: Arboliva|Sitrus Berry|[eat]\n|-heal|p2a: Arboliva|200/288|[from] item: Sitrus Berry\n|move|p2a: Arboliva|Substitute|p2a: Arboliva\n|-start|p2a: Arboliva|Substitute\n|-damage|p2a: Arboliva|128/288\n|\n|-damage|p1a: Latios|129/253|[from] Leech Seed|[of] p2a: Arboliva\n|-heal|p2a: Arboliva|159/288|[silent]\n|-item|p2a: Arboliva|Sitrus Berry|[from] ability: Harvest\n|upkeep\n|turn|34\n|-message|shukleneedzamega forfeited.\n|\n|win|Xxion\n|raw|shukleneedzamega's rating: 1288 &rarr; <strong>1266</strong><br />(-22 for losing)\n|raw|Xxion's rating: 1331 &rarr; <strong>1349</strong><br />(+18 for winning)\n|l|\u2606shukleneedzamega\n|player|p1|\n", "inputlog": ">version a8376a258c1d4662feba110a92103f3664a72141\n>start {\"formatid\":\"gen9randombattle\",\"seed\":\"sodium,6e66ac40d0c661a89c17d43dac970807\",\"rated\":\"Rated battle\"}\n>player p1 {\"name\":\"shukleneedzamega\",\"avatar\":\"102\",\"rating\":1288,\"seed\":\"sodium,82ce5d7f687523eb43e2693bb2478c78\"}\n>player p2 {\"name\":\"Xxion\",\"avatar\":\"lady\",\"rating\":1331,\"seed\":\"sodium,45b081670e80763edf58a3de03680487\"}\n>p1 move airslash\n>p2 move fierydance\n>p1 switch 4\n>p2 move fierydance\n>p1 move scald\n>p2 move energyball\n>p1 switch 3\n>p1 move bravebird\n>p2 move sludgewave\n>p2 switch 6\n>p1 move bravebird\n>p2 move calmmind\n>p1 switch 2\n>p1 move ivycudgel\n>p2 move hurricane\n>p2 switch 3\n>p1 move powerwhip\n>p2 move headsmash\n>p1 switch 5\n>p1 move aurasphere\n>p2 move headsmash\n>p1 move aurasphere\n>p2 switch 5\n>p1 switch 4\n>p2 move poltergeist\n>p1 move roost\n>p2 switch 5\n>p1 move roost terastallize\n>p2 move headsmash\n>p1 move airslash\n>p2 switch 5\n>p1 move airslash\n>p2 move poltergeist\n>p1 move roost\n>p2 move drainpunch\n>p1 move airslash\n>p2 move drainpunch\n>p2 switch 4\n>p1 move roost\n>p2 move leechseed\n>p1 move toxic\n>p2 move protect\n>p1 move toxic\n>p2 switch 5\n>p1 move roost\n>p2 move earthquake\n>p1 move airslash\n>p2 move earthquake\n>p1 switch 4\n>p2 switch 5\n>p1 move aurasphere\n>p2 move leechseed\n>p1 switch 6\n>p2 move protect\n>p1 move nastyplot\n>p2 move leechseed\n>p1 move nastyplot\n>p2 move substitute\n>p1 move psyshock\n>p2 move protect\n>p1 move psyshock\n>p2 move substitute\n>p1 move nastyplot\n>p2 move protect\n>p1 move psyshock\n>p2 move substitute\n>p1 move psyshock\n>p2 move protect\n>p1 switch 6\n>p1 move aurasphere\n>p2 move leechseed\n>p1 move aurasphere\n>p2 move protect\n>p1 move aurasphere\n>p2 move substitute\n>forcelose p1", "uploadtime": 1781398180, "views": 3, "formatid": "gen9randombattle", "rating": 1266, "private": 0, "password": null}