{"id": "gen9randombattle-2631753450", "format": "[Gen 9] Random Battle", "players": ["trevorstmcgoodbody", "Eddygee123"], "log": "|j|\u2606trevorstmcgoodbody\n|j|\u2606Eddygee123\n|t:|1781434129\n|gametype|singles\n|player|p1|trevorstmcgoodbody|1|2121\n|player|p2|Eddygee123|acetrainersnow|2091\n|gen|9\n|tier|[Gen 9] Random Battle\n|rated|\n|rule|Species Clause: Limit one of each Pok\u00e9mon\n|rule|HP Percentage Mod: HP is shown in percentages\n|rule|Sleep Clause Mod: Limit one foe put to sleep\n|rule|Illusion Level Mod: Illusion disguises the Pok\u00e9mon's true level\n|\n|t:|1781434129\n|teamsize|p1|6\n|teamsize|p2|6\n|start\n|switch|p1a: Greedent|Greedent, L86, F|347/347\n|switch|p2a: Falinks|Falinks, L84|246/246\n|turn|1\n|inactive|Battle timer is ON: inactive players will automatically lose when time's up. (requested by trevorstmcgoodbody)\n|\n|t:|1781434146\n|switch|p1a: Toxapex|Toxapex, L82, M|216/216\n|move|p2a: Falinks|No Retreat|p2a: Falinks\n|-boost|p2a: Falinks|atk|1\n|-boost|p2a: Falinks|def|1\n|-boost|p2a: Falinks|spa|1\n|-boost|p2a: Falinks|spd|1\n|-boost|p2a: Falinks|spe|1\n|-start|p2a: Falinks|move: No Retreat\n|\n|upkeep\n|turn|2\n|\n|t:|1781434156\n|-terastallize|p2a: Falinks|Dark\n|move|p2a: Falinks|Knock Off|p1a: Toxapex\n|-damage|p1a: Toxapex|83/216\n|-damage|p2a: Falinks|205/246|[from] item: Rocky Helmet|[of] p1a: Toxapex\n|-enditem|p1a: Toxapex|Rocky Helmet|[from] move: Knock Off|[of] p2a: Falinks\n|-damage|p2a: Falinks|181/246|[from] item: Life Orb\n|move|p1a: Toxapex|Haze|p1a: Toxapex\n|-clearallboost\n|\n|upkeep\n|turn|3\n|\n|t:|1781434182\n|move|p2a: Falinks|Knock Off|p1a: Toxapex\n|-damage|p1a: Toxapex|25/216\n|-damage|p2a: Falinks|157/246|[from] item: Life Orb\n|move|p1a: Toxapex|Recover|p1a: Toxapex\n|-heal|p1a: Toxapex|133/216\n|\n|upkeep\n|turn|4\n|\n|t:|1781434189\n|move|p2a: Falinks|No Retreat||[still]\n|-fail|p2a: Falinks\n|move|p1a: Toxapex|Recover|p1a: Toxapex\n|-heal|p1a: Toxapex|216/216\n|\n|upkeep\n|turn|5\n|\n|t:|1781434194\n|move|p2a: Falinks|Knock Off|p1a: Toxapex\n|-damage|p1a: Toxapex|152/216\n|-damage|p2a: Falinks|133/246|[from] item: Life Orb\n|move|p1a: Toxapex|Toxic Spikes|p2a: Falinks\n|-sidestart|p2: Eddygee123|move: Toxic Spikes\n|\n|upkeep\n|turn|6\n|\n|t:|1781434201\n|move|p2a: Falinks|Knock Off|p1a: Toxapex\n|-damage|p1a: Toxapex|94/216\n|-damage|p2a: Falinks|109/246|[from] item: Life Orb\n|move|p1a: Toxapex|Toxic Spikes|p2a: Falinks\n|-sidestart|p2: Eddygee123|move: Toxic Spikes\n|\n|upkeep\n|turn|7\n|\n|t:|1781434205\n|move|p2a: Falinks|Iron Head|p1a: Toxapex\n|-resisted|p1a: Toxapex\n|-damage|p1a: Toxapex|69/216\n|-damage|p2a: Falinks|85/246|[from] item: Life Orb\n|cant|p1a: Toxapex|flinch\n|\n|upkeep\n|turn|8\n|\n|t:|1781434217\n|move|p2a: Falinks|Iron Head|p1a: Toxapex\n|-resisted|p1a: Toxapex\n|-damage|p1a: Toxapex|46/216\n|-damage|p2a: Falinks|61/246|[from] item: Life Orb\n|move|p1a: Toxapex|Recover|p1a: Toxapex\n|-heal|p1a: Toxapex|154/216\n|\n|upkeep\n|turn|9\n|\n|t:|1781434223\n|move|p2a: Falinks|Knock Off|p1a: Toxapex\n|-damage|p1a: Toxapex|94/216\n|-damage|p2a: Falinks|37/246|[from] item: Life Orb\n|move|p1a: Toxapex|Recover|p1a: Toxapex\n|-heal|p1a: Toxapex|202/216\n|\n|upkeep\n|turn|10\n|\n|t:|1781434226\n|move|p2a: Falinks|Knock Off|p1a: Toxapex\n|-damage|p1a: Toxapex|136/216\n|-damage|p2a: Falinks|13/246|[from] item: Life Orb\n|move|p1a: Toxapex|Liquidation|p2a: Falinks\n|-damage|p2a: Falinks|0 fnt\n|faint|p2a: Falinks\n|\n|upkeep\n|\n|t:|1781434232\n|switch|p2a: Corviknight|Corviknight, L80, M|288/288\n|turn|11\n|\n|t:|1781434243\n|switch|p1a: Volbeat|Volbeat, L90, M|263/263\n|move|p2a: Corviknight|Defog|p1a: Volbeat\n|-unboost|p1a: Volbeat|evasion|1\n|-sideend|p2: Eddygee123|Toxic Spikes|[from] move: Defog|[of] p2a: Corviknight\n|\n|upkeep\n|turn|12\n|\n|t:|1781434247\n|switch|p2a: Ampharos|Ampharos, L88, F|302/302\n|move|p1a: Volbeat|Encore||[still]\n|-fail|p1a: Volbeat\n|\n|upkeep\n|turn|13\n|\n|t:|1781434254\n|move|p1a: Volbeat|U-turn|p2a: Ampharos\n|-damage|p2a: Ampharos|239/302\n|\n|t:|1781434259\n|switch|p1a: Greedent|Greedent, L86, F|347/347|[from] U-turn\n|move|p2a: Ampharos|Discharge|p1a: Greedent\n|-damage|p1a: Greedent|224/347\n|\n|upkeep\n|turn|14\n|\n|t:|1781434267\n|move|p2a: Ampharos|Focus Blast|p1a: Greedent\n|-supereffective|p1a: Greedent\n|-damage|p1a: Greedent|0 fnt\n|faint|p1a: Greedent\n|\n|upkeep\n|\n|t:|1781434273\n|switch|p1a: Hariyama|Hariyama, L87, M|392/392\n|turn|15\n|\n|t:|1781434286\n|move|p2a: Ampharos|Volt Switch|p1a: Hariyama\n|-damage|p1a: Hariyama|278/392\n|\n|t:|1781434290\n|switch|p2a: Enamorus|Enamorus-Therian, L83, F|259/259|[from] Volt Switch\n|move|p1a: Hariyama|Knock Off|p2a: Enamorus\n|-resisted|p2a: Enamorus\n|-damage|p2a: Enamorus|221/259\n|-enditem|p2a: Enamorus|Assault Vest|[from] move: Knock Off|[of] p1a: Hariyama\n|\n|-status|p1a: Hariyama|brn|[from] item: Flame Orb\n|upkeep\n|turn|16\n|\n|t:|1781434312\n|switch|p1a: Toxapex|Toxapex, L82, M|208/216\n|move|p2a: Enamorus|Moonblast|p1a: Toxapex\n|-resisted|p1a: Toxapex\n|-damage|p1a: Toxapex|159/216\n|\n|upkeep\n|turn|17\n|\n|t:|1781434322\n|switch|p1a: Volbeat|Volbeat, L90, M|263/263\n|move|p2a: Enamorus|Earth Power|p1a: Volbeat\n|-resisted|p1a: Volbeat\n|-damage|p1a: Volbeat|226/263\n|\n|upkeep\n|turn|18\n|\n|t:|1781434326\n|switch|p2a: Ampharos|Ampharos, L88, F|239/302\n|move|p1a: Volbeat|U-turn|p2a: Ampharos\n|-damage|p2a: Ampharos|170/302\n|\n|t:|1781434349\n|switch|p1a: Hariyama|Hariyama, L87, M|278/392 brn|[from] U-turn\n|\n|-damage|p1a: Hariyama|254/392 brn|[from] brn\n|upkeep\n|turn|19\n|\n|t:|1781434353\n|move|p2a: Ampharos|Volt Switch|p1a: Hariyama\n|-crit|p1a: Hariyama\n|-damage|p1a: Hariyama|79/392 brn\n|\n|t:|1781434357\n|switch|p2a: Corviknight|Corviknight, L80, M|288/288|[from] Volt Switch\n|move|p1a: Hariyama|Facade|p2a: Corviknight\n|-resisted|p2a: Corviknight\n|-damage|p2a: Corviknight|196/288\n|\n|-heal|p2a: Corviknight|214/288|[from] item: Leftovers\n|-damage|p1a: Hariyama|55/392 brn|[from] brn\n|upkeep\n|turn|20\n|\n|t:|1781434366\n|switch|p1a: Toxapex|Toxapex, L82, M|216/216\n|move|p2a: Corviknight|Brave Bird|p1a: Toxapex\n|-damage|p1a: Toxapex|147/216\n|-damage|p2a: Corviknight|191/288|[from] Recoil\n|\n|-heal|p2a: Corviknight|209/288|[from] item: Leftovers\n|upkeep\n|turn|21\n|\n|t:|1781434374\n|move|p2a: Corviknight|Brave Bird|p1a: Toxapex\n|-damage|p1a: Toxapex|74/216\n|-damage|p2a: Corviknight|185/288|[from] Recoil\n|move|p1a: Toxapex|Toxic Spikes|p2a: Corviknight\n|-sidestart|p2: Eddygee123|move: Toxic Spikes\n|\n|-heal|p2a: Corviknight|203/288|[from] item: Leftovers\n|upkeep\n|turn|22\n|\n|t:|1781434380\n|move|p2a: Corviknight|Brave Bird|p1a: Toxapex\n|-damage|p1a: Toxapex|0 fnt\n|faint|p1a: Toxapex\n|-damage|p2a: Corviknight|179/288|[from] Recoil\n|\n|-heal|p2a: Corviknight|197/288|[from] item: Leftovers\n|upkeep\n|\n|t:|1781434388\n|switch|p1a: Volbeat|Volbeat, L90, M|226/263\n|turn|23\n|\n|t:|1781434392\n|move|p1a: Volbeat|Thunder Wave|p2a: Corviknight\n|-status|p2a: Corviknight|par\n|move|p2a: Corviknight|Brave Bird|p1a: Volbeat\n|-supereffective|p1a: Volbeat\n|-damage|p1a: Volbeat|0 fnt\n|faint|p1a: Volbeat\n|-damage|p2a: Corviknight|122/288 par|[from] Recoil\n|\n|-heal|p2a: Corviknight|140/288 par|[from] item: Leftovers\n|upkeep\n|\n|t:|1781434403\n|switch|p1a: Hariyama|Hariyama, L87, M|55/392 brn\n|turn|24\n|\n|t:|1781434421\n|move|p1a: Hariyama|Close Combat|p2a: Corviknight\n|-damage|p2a: Corviknight|0 fnt\n|-unboost|p1a: Hariyama|def|1\n|-unboost|p1a: Hariyama|spd|1\n|faint|p2a: Corviknight\n|\n|-damage|p1a: Hariyama|31/392 brn|[from] brn\n|upkeep\n|\n|t:|1781434427\n|switch|p2a: Ampharos|Ampharos, L88, F|170/302\n|-status|p2a: Ampharos|psn\n|turn|25\n|\n|t:|1781434433\n|move|p2a: Ampharos|Discharge|p1a: Hariyama\n|-damage|p1a: Hariyama|0 fnt\n|faint|p1a: Hariyama\n|\n|-damage|p2a: Ampharos|133/302 psn|[from] psn\n|upkeep\n|\n|t:|1781434439\n|switch|p1a: Vigoroth|Vigoroth, L85, M|275/275\n|turn|26\n|\n|t:|1781434456\n|move|p1a: Vigoroth|Bulk Up|p1a: Vigoroth\n|-boost|p1a: Vigoroth|atk|1\n|-boost|p1a: Vigoroth|def|1\n|move|p2a: Ampharos|Discharge|p1a: Vigoroth\n|-damage|p1a: Vigoroth|184/275\n|\n|-damage|p2a: Ampharos|96/302 psn|[from] psn\n|upkeep\n|turn|27\n|\n|t:|1781434460\n|move|p1a: Vigoroth|Body Slam|p2a: Ampharos\n|-damage|p2a: Ampharos|0 fnt\n|-status|p1a: Vigoroth|par|[from] ability: Static|[of] p2a: Ampharos\n|faint|p2a: Ampharos\n|\n|upkeep\n|\n|t:|1781434468\n|switch|p2a: Enamorus|Enamorus-Therian, L83, F|221/259\n|turn|28\n|\n|t:|1781434471\n|move|p2a: Enamorus|Moonblast|p1a: Vigoroth\n|-crit|p1a: Vigoroth\n|-damage|p1a: Vigoroth|0 fnt\n|faint|p1a: Vigoroth\n|\n|upkeep\n|\n|t:|1781434476\n|switch|p1a: Kingambit|Kingambit, L74, M|270/270\n|-activate|p1a: Kingambit|ability: Supreme Overlord\n|-start|p1a: Kingambit|fallen5|[silent]\n|turn|29\n|\n|t:|1781434485\n|move|p2a: Enamorus|Superpower|p1a: Kingambit\n|-supereffective|p1a: Kingambit\n|-damage|p1a: Kingambit|0 fnt\n|-unboost|p2a: Enamorus|atk|1\n|-unboost|p2a: Enamorus|def|1\n|faint|p1a: Kingambit\n|-end|p1a: Kingambit|fallen5|[silent]\n|\n|win|Eddygee123\n", "uploadtime": 1781434131, "views": 3, "formatid": "gen9randombattle", "rating": null, "private": 0, "password": null}