{"id": "gen9randombattle-2631652277", "format": "[Gen 9] Random Battle", "players": ["wuxiant", "Fuk ICE"], "log": "|j|\u2606wuxiant\n|j|\u2606Fuk ICE\n|t:|1781415288\n|gametype|singles\n|player|p1|wuxiant|265|2090\n|player|p2|Fuk ICE|101|2127\n|gen|9\n|tier|[Gen 9] Random Battle\n|rated|\n|rule|Species Clause: Limit one of each Pok\u00e9mon\n|rule|HP Percentage Mod: HP is shown in percentages\n|rule|Sleep Clause Mod: Limit one foe put to sleep\n|rule|Illusion Level Mod: Illusion disguises the Pok\u00e9mon's true level\n|\n|t:|1781415288\n|teamsize|p1|6\n|teamsize|p2|6\n|start\n|switch|p1a: Dusknoir|Dusknoir, L89, M|225/225\n|switch|p2a: Kommo-o|Kommo-o, L78, M|245/245\n|-item|p2a: Kommo-o|Loaded Dice|[from] ability: Frisk|[of] p1a: Dusknoir\n|turn|1\n|inactive|Battle timer is ON: inactive players will automatically lose when time's up. (requested by wuxiant)\n|inactive|Fuk ICE has 120 seconds left.\n|\n|t:|1781415343\n|move|p2a: Kommo-o|Swords Dance|p2a: Kommo-o\n|-boost|p2a: Kommo-o|atk|2\n|move|p1a: Dusknoir|Will-O-Wisp|p2a: Kommo-o\n|-status|p2a: Kommo-o|brn\n|\n|-damage|p2a: Kommo-o|230/245 brn|[from] brn\n|upkeep\n|turn|2\n|\n|t:|1781415352\n|move|p2a: Kommo-o|Iron Head|p1a: Dusknoir\n|-damage|p1a: Dusknoir|188/225\n|move|p1a: Dusknoir|Poltergeist|p2a: Kommo-o\n|-activate|p2a: Kommo-o|move: Poltergeist|Loaded Dice\n|-damage|p2a: Kommo-o|115/245 brn\n|\n|-heal|p1a: Dusknoir|202/225|[from] item: Leftovers\n|-damage|p2a: Kommo-o|100/245 brn|[from] brn\n|upkeep\n|turn|3\n|inactive|Fuk ICE has 120 seconds left.\n|\n|t:|1781415397\n|move|p2a: Kommo-o|Scale Shot|p1a: Dusknoir|[miss]\n|-miss|p2a: Kommo-o|p1a: Dusknoir\n|move|p1a: Dusknoir|Poltergeist|p2a: Kommo-o\n|-activate|p2a: Kommo-o|move: Poltergeist|Loaded Dice\n|-damage|p2a: Kommo-o|0 fnt\n|faint|p2a: Kommo-o\n|\n|-heal|p1a: Dusknoir|216/225|[from] item: Leftovers\n|upkeep\n|\n|t:|1781415408\n|switch|p2a: Empoleon|Empoleon, L84, F|278/278\n|turn|4\n|\n|t:|1781415418\n|move|p2a: Empoleon|Knock Off|p1a: Dusknoir\n|-supereffective|p1a: Dusknoir\n|-damage|p1a: Dusknoir|132/225\n|-enditem|p1a: Dusknoir|Leftovers|[from] move: Knock Off|[of] p2a: Empoleon\n|move|p1a: Dusknoir|Will-O-Wisp|p2a: Empoleon|[miss]\n|-miss|p1a: Dusknoir|p2a: Empoleon\n|\n|upkeep\n|turn|5\n|inactive|Fuk ICE has 120 seconds left.\n|\n|t:|1781415428\n|move|p2a: Empoleon|Stealth Rock|p1a: Dusknoir\n|-sidestart|p1: wuxiant|move: Stealth Rock\n|move|p1a: Dusknoir|Pain Split|p2a: Empoleon\n|-sethp|p2a: Empoleon|205/278|[from] move: Pain Split|[silent]\n|-sethp|p1a: Dusknoir|205/225|[from] move: Pain Split\n|\n|-heal|p2a: Empoleon|222/278|[from] item: Leftovers\n|upkeep\n|turn|6\n|\n|t:|1781415436\n|move|p2a: Empoleon|Surf|p1a: Dusknoir\n|-damage|p1a: Dusknoir|133/225\n|move|p1a: Dusknoir|Will-O-Wisp|p2a: Empoleon\n|-status|p2a: Empoleon|brn\n|\n|-heal|p2a: Empoleon|239/278 brn|[from] item: Leftovers\n|-damage|p2a: Empoleon|222/278 brn|[from] brn\n|upkeep\n|turn|7\n|\n|t:|1781415443\n|move|p2a: Empoleon|Surf|p1a: Dusknoir\n|-damage|p1a: Dusknoir|67/225\n|move|p1a: Dusknoir|Pain Split|p2a: Empoleon\n|-sethp|p2a: Empoleon|144/278 brn|[from] move: Pain Split|[silent]\n|-sethp|p1a: Dusknoir|144/225|[from] move: Pain Split\n|\n|-heal|p2a: Empoleon|161/278 brn|[from] item: Leftovers\n|-damage|p2a: Empoleon|144/278 brn|[from] brn\n|upkeep\n|turn|8\n|\n|t:|1781415455\n|move|p2a: Empoleon|Surf|p1a: Dusknoir\n|-damage|p1a: Dusknoir|74/225\n|move|p1a: Dusknoir|Poltergeist|p2a: Empoleon\n|-activate|p2a: Empoleon|move: Poltergeist|Leftovers\n|-damage|p2a: Empoleon|11/278 brn\n|\n|-heal|p2a: Empoleon|28/278 brn|[from] item: Leftovers\n|-damage|p2a: Empoleon|11/278 brn|[from] brn\n|upkeep\n|turn|9\n|\n|t:|1781415467\n|move|p1a: Dusknoir|Shadow Sneak|p2a: Empoleon\n|-damage|p2a: Empoleon|0 fnt\n|faint|p2a: Empoleon\n|\n|upkeep\n|\n|t:|1781415476\n|switch|p2a: Basculin|Basculin-Blue-Striped, L86, F|261/261\n|turn|10\n|\n|t:|1781415494\n|switch|p1a: Latias|Latias, L79, F|256/256\n|-damage|p1a: Latias|224/256|[from] Stealth Rock\n|move|p2a: Basculin|Wave Crash|p1a: Latias\n|-resisted|p1a: Latias\n|-damage|p1a: Latias|91/256\n|-damage|p2a: Basculin|217/261|[from] Recoil\n|\n|upkeep\n|turn|11\n|\n|t:|1781415516\n|move|p1a: Latias|Recover|p1a: Latias\n|-heal|p1a: Latias|219/256\n|move|p2a: Basculin|Wave Crash|p1a: Latias\n|-resisted|p1a: Latias\n|-damage|p1a: Latias|97/256\n|-damage|p2a: Basculin|177/261|[from] Recoil\n|\n|upkeep\n|turn|12\n|\n|t:|1781415524\n|switch|p2a: Houndstone|Houndstone, L86, M|264/264\n|move|p1a: Latias|Recover|p1a: Latias\n|-heal|p1a: Latias|225/256\n|\n|upkeep\n|turn|13\n|\n|t:|1781415541\n|switch|p1a: Bastiodon|Bastiodon, L89, M|252/252\n|-damage|p1a: Bastiodon|237/252|[from] Stealth Rock\n|move|p2a: Houndstone|Poltergeist|p1a: Bastiodon\n|-activate|p1a: Bastiodon|move: Poltergeist|Chesto Berry\n|-damage|p1a: Bastiodon|171/252\n|\n|upkeep\n|turn|14\n|\n|t:|1781415555\n|move|p2a: Houndstone|Body Press|p1a: Bastiodon\n|-supereffective|p1a: Bastiodon\n|-damage|p1a: Bastiodon|43/252\n|move|p1a: Bastiodon|Iron Defense|p1a: Bastiodon\n|-boost|p1a: Bastiodon|def|2\n|\n|upkeep\n|turn|15\n|\n|t:|1781415583\n|-terastallize|p1a: Bastiodon|Fighting\n|move|p2a: Houndstone|Body Press|p1a: Bastiodon\n|-damage|p1a: Bastiodon|24/252\n|move|p1a: Bastiodon|Rest|p1a: Bastiodon\n|-status|p1a: Bastiodon|slp|[from] move: Rest\n|-heal|p1a: Bastiodon|252/252 slp|[silent]\n|-enditem|p1a: Bastiodon|Chesto Berry|[eat]\n|-curestatus|p1a: Bastiodon|slp|[msg]\n|\n|upkeep\n|turn|16\n|inactive|wuxiant has 120 seconds left.\n|inactive|Fuk ICE has 120 seconds left.\n|\n|t:|1781415622\n|switch|p2a: Yanmega|Yanmega, L82, F|275/275\n|move|p1a: Bastiodon|Iron Defense|p1a: Bastiodon\n|-boost|p1a: Bastiodon|def|2\n|\n|upkeep\n|turn|17\n|inactive|Fuk ICE has 120 seconds left.\n|inactive|wuxiant has 120 seconds left.\n|\n|t:|1781415661\n|move|p2a: Yanmega|Air Slash|p1a: Bastiodon\n|-supereffective|p1a: Bastiodon\n|-damage|p1a: Bastiodon|78/252\n|cant|p1a: Bastiodon|flinch\n|\n|upkeep\n|turn|18\n|inactive|Fuk ICE has 120 seconds left.\n|inactive|wuxiant has 90 seconds left.\n|\n|t:|1781415702\n|move|p2a: Yanmega|Air Slash|p1a: Bastiodon\n|-supereffective|p1a: Bastiodon\n|-damage|p1a: Bastiodon|0 fnt\n|faint|p1a: Bastiodon\n|\n|upkeep\n|\n|t:|1781415712\n|switch|p1a: Braviary|Braviary, L85, M|309/309\n|turn|19\n|\n|t:|1781415725\n|move|p2a: Yanmega|Air Slash|p1a: Braviary\n|-damage|p1a: Braviary|153/309\n|move|p1a: Braviary|Bulk Up|p1a: Braviary\n|-boost|p1a: Braviary|atk|1\n|-boost|p1a: Braviary|def|1\n|\n|upkeep\n|turn|20\n|\n|t:|1781415733\n|move|p2a: Yanmega|Air Slash|p1a: Braviary\n|-damage|p1a: Braviary|12/309\n|move|p1a: Braviary|Brave Bird|p2a: Yanmega\n|-supereffective|p2a: Yanmega\n|-damage|p2a: Yanmega|0 fnt\n|faint|p2a: Yanmega\n|-damage|p1a: Braviary|0 fnt|[from] Recoil\n|faint|p1a: Braviary\n|\n|upkeep\n|inactive|wuxiant has 60 seconds left.\n|\n|t:|1781415770\n|switch|p2a: Polteageist|Polteageist, L78|222/222\n|switch|p1a: Sceptile|Sceptile, L87, M|264/264\n|-damage|p1a: Sceptile|231/264|[from] Stealth Rock\n|turn|21\n|inactive|Fuk ICE has 90 seconds left.\n|\n|t:|1781415801\n|move|p1a: Sceptile|Swords Dance|p1a: Sceptile\n|-boost|p1a: Sceptile|atk|2\n|move|p2a: Polteageist|Shell Smash|p2a: Polteageist\n|-unboost|p2a: Polteageist|def|1\n|-unboost|p2a: Polteageist|spd|1\n|-boost|p2a: Polteageist|atk|2\n|-boost|p2a: Polteageist|spa|2\n|-boost|p2a: Polteageist|spe|2\n|-enditem|p2a: Polteageist|White Herb\n|-clearnegativeboost|p2a: Polteageist|[silent]\n|\n|upkeep\n|turn|22\n|\n|t:|1781415809\n|move|p2a: Polteageist|Stored Power|p1a: Sceptile\n|-damage|p1a: Sceptile|14/264\n|move|p1a: Sceptile|Leaf Blade|p2a: Polteageist\n|-damage|p2a: Polteageist|0 fnt\n|-start|p1a: Sceptile|Disable|Leaf Blade|[from] ability: Cursed Body|[of] p2a: Polteageist\n|faint|p2a: Polteageist\n|-damage|p1a: Sceptile|0 fnt|[from] item: Life Orb\n|faint|p1a: Sceptile\n|\n|upkeep\n|inactive|wuxiant has 60 seconds left.\n|\n|t:|1781415824\n|switch|p1a: Scovillain|Scovillain, L91, M|266/266\n|switch|p2a: Basculin|Basculin-Blue-Striped, L86, F|177/261\n|-damage|p1a: Scovillain|200/266|[from] Stealth Rock\n|turn|23\n|inactive|Fuk ICE has 90 seconds left.\n|\n|t:|1781415870\n|-terastallize|p2a: Basculin|Water\n|move|p1a: Scovillain|Protect|p1a: Scovillain\n|-singleturn|p1a: Scovillain|Protect\n|move|p2a: Basculin|Wave Crash|p1a: Scovillain\n|-activate|p1a: Scovillain|move: Protect\n|\n|-heal|p1a: Scovillain|216/266|[from] item: Leftovers\n|upkeep\n|turn|24\n|inactive|wuxiant has 60 seconds left.\n|inactive|wuxiant has 30 seconds left.\n|inactive|wuxiant has 20 seconds left.\n|\n|t:|1781415930\n|switch|p1a: Dusknoir|Dusknoir, L89, M|74/225\n|-damage|p1a: Dusknoir|46/225|[from] Stealth Rock\n|-item|p2a: Basculin|Choice Band|[from] ability: Frisk|[of] p1a: Dusknoir\n|move|p2a: Basculin|Wave Crash|p1a: Dusknoir\n|-damage|p1a: Dusknoir|0 fnt\n|faint|p1a: Dusknoir\n|-damage|p2a: Basculin|162/261|[from] Recoil\n|\n|upkeep\n|inactive|wuxiant has 25 seconds left this turn.\n|\n|t:|1781415933\n|switch|p1a: Latias|Latias, L79, F|225/256\n|-damage|p1a: Latias|193/256|[from] Stealth Rock\n|turn|25\n|inactive|wuxiant has 30 seconds left.\n|\n|t:|1781415952\n|switch|p2a: Houndstone|Houndstone, L86, M|264/264\n|move|p1a: Latias|Recover|p1a: Latias\n|-heal|p1a: Latias|256/256\n|\n|upkeep\n|turn|26\n|\n|t:|1781415956\n|switch|p1a: Scovillain|Scovillain, L91, M|216/266\n|-damage|p1a: Scovillain|150/266|[from] Stealth Rock\n|switch|p2a: Basculin|Basculin-Blue-Striped, L86, F, tera:Water|162/261\n|\n|-heal|p1a: Scovillain|166/266|[from] item: Leftovers\n|upkeep\n|turn|27\n|\n|t:|1781415960\n|move|p1a: Scovillain|Protect|p1a: Scovillain\n|-singleturn|p1a: Scovillain|Protect\n|move|p2a: Basculin|Wave Crash|p1a: Scovillain\n|-activate|p1a: Scovillain|move: Protect\n|\n|-heal|p1a: Scovillain|182/266|[from] item: Leftovers\n|upkeep\n|turn|28\n|\n|t:|1781415968\n|move|p2a: Basculin|Wave Crash|p1a: Scovillain\n|-damage|p1a: Scovillain|0 fnt\n|faint|p1a: Scovillain\n|-damage|p2a: Basculin|102/261|[from] Recoil\n|\n|upkeep\n|\n|t:|1781415971\n|switch|p1a: Latias|Latias, L79, F|256/256\n|-damage|p1a: Latias|224/256|[from] Stealth Rock\n|turn|29\n|\n|t:|1781415975\n|move|p1a: Latias|Calm Mind|p1a: Latias\n|-boost|p1a: Latias|spa|1\n|-boost|p1a: Latias|spd|1\n|move|p2a: Basculin|Wave Crash|p1a: Latias\n|-resisted|p1a: Latias\n|-damage|p1a: Latias|72/256\n|-damage|p2a: Basculin|52/261|[from] Recoil\n|\n|upkeep\n|turn|30\n|\n|t:|1781415981\n|move|p1a: Latias|Recover|p1a: Latias\n|-heal|p1a: Latias|200/256\n|move|p2a: Basculin|Wave Crash|p1a: Latias\n|-resisted|p1a: Latias\n|-damage|p1a: Latias|45/256\n|-damage|p2a: Basculin|1/261|[from] Recoil\n|\n|upkeep\n|turn|31\n|\n|t:|1781415985\n|move|p1a: Latias|Recover|p1a: Latias\n|-heal|p1a: Latias|173/256\n|move|p2a: Basculin|Wave Crash|p1a: Latias\n|-resisted|p1a: Latias\n|-damage|p1a: Latias|14/256\n|-damage|p2a: Basculin|0 fnt|[from] Recoil\n|faint|p2a: Basculin\n|\n|upkeep\n|\n|t:|1781415989\n|switch|p2a: Houndstone|Houndstone, L86, M|264/264\n|turn|32\n|-message|wuxiant forfeited.\n|\n|win|Fuk ICE\n", "inputlog": ">version a8376a258c1d4662feba110a92103f3664a72141\n>start {\"formatid\":\"gen9randombattle\",\"seed\":\"sodium,41fc44503f50d86695c7fdabf30cd893\",\"rated\":\"Rated battle\"}\n>player p1 {\"name\":\"wuxiant\",\"avatar\":\"265\",\"rating\":2090,\"seed\":\"sodium,e09beddb19c99b088e22d28d1676e962\"}\n>player p2 {\"name\":\"Fuk ICE\",\"avatar\":\"101\",\"rating\":2127,\"seed\":\"sodium,48818168d2b84281a5f7af7e09842a3d\"}\n>p1 move willowisp\n>p2 move swordsdance\n>p1 move poltergeist\n>p2 move ironhead\n>p1 move poltergeist\n>p2 move scaleshot\n>p2 switch 6\n>p1 move willowisp\n>p2 move knockoff\n>p1 move painsplit\n>p2 move stealthrock\n>p1 move willowisp\n>p2 move surf\n>p1 move painsplit\n>p2 move surf\n>p1 move poltergeist\n>p2 move surf\n>p1 move shadowsneak\n>p2 move surf\n>p2 switch 2\n>p1 switch 5\n>p2 move wavecrash\n>p1 move recover\n>p2 move wavecrash\n>p1 move recover\n>p2 switch 4\n>p1 switch 4\n>p2 move poltergeist\n>p1 move irondefense\n>p2 move bodypress\n>p1 move rest terastallize\n>p2 move bodypress\n>p1 move irondefense\n>p2 switch 5\n>p1 move bodypress\n>p2 move airslash\n>p1 move bodypress\n>p2 move airslash\n>p1 switch 6\n>p1 move bulkup\n>p2 move airslash\n>p1 move bravebird\n>p2 move airslash\n>p1 switch 3\n>p2 switch 3\n>p1 move swordsdance\n>p2 move shellsmash\n>p1 move leafblade\n>p2 move storedpower\n>p1 switch 2\n>p2 switch 4\n>p1 move protect\n>p2 move wavecrash terastallize\n>p1 switch 5\n>p2 move wavecrash\n>p1 switch 4\n>p1 move recover\n>p2 switch 5\n>p1 switch 5\n>p2 switch 5\n>p1 move protect\n>p2 move wavecrash\n>p1 move flamethrower\n>p2 move wavecrash\n>p1 switch 5\n>p1 move calmmind\n>p2 move wavecrash\n>p1 move recover\n>p2 move wavecrash\n>p1 move recover\n>p2 move wavecrash\n>p2 switch 5\n>forcelose p1", "uploadtime": 1781415290, "views": 4, "formatid": "gen9randombattle", "rating": null, "private": 0, "password": null}