{"id": "gen9randombattle-2631431804", "format": "[Gen 9] Random Battle", "players": ["milo65", "ThiccObama"], "log": "|j|\u2606milo65\n|j|\u2606ThiccObama\n|t:|1781383890\n|gametype|singles\n|player|p1|milo65|wallace|1303\n|player|p2|ThiccObama|fisherman-gen4|1326\n|gen|9\n|tier|[Gen 9] Random Battle\n|rated|\n|rule|Species Clause: Limit one of each Pok\u00e9mon\n|rule|HP Percentage Mod: HP is shown in percentages\n|rule|Sleep Clause Mod: Limit one foe put to sleep\n|rule|Illusion Level Mod: Illusion disguises the Pok\u00e9mon's true level\n|\n|t:|1781383890\n|teamsize|p1|6\n|teamsize|p2|6\n|start\n|switch|p1a: Scyther|Scyther, L82, M|249/249\n|switch|p2a: Meloetta|Meloetta, L82|298/298\n|turn|1\n|\n|t:|1781383908\n|switch|p2a: Charizard|Charizard, L85, F|271/271\n|move|p1a: Scyther|U-turn|p2a: Charizard\n|-resisted|p2a: Charizard\n|-damage|p2a: Charizard|249/271\n|\n|t:|1781383916\n|switch|p1a: Greninja|Greninja, L80, M|246/246|[from] U-turn\n|\n|upkeep\n|turn|2\n|\n|t:|1781383924\n|switch|p2a: Pelipper|Pelipper, L86, M|243/243\n|-weather|RainDance|[from] ability: Drizzle|[of] p2a: Pelipper\n|move|p1a: Greninja|Hydro Pump|p2a: Pelipper\n|-start|p1a: Greninja|typechange|Water|[from] ability: Protean\n|-resisted|p2a: Pelipper\n|-damage|p2a: Pelipper|112/243\n|-damage|p1a: Greninja|222/246|[from] item: Life Orb\n|\n|-weather|RainDance|[upkeep]\n|upkeep\n|turn|3\n|\n|t:|1781383948\n|move|p1a: Greninja|Hydro Pump|p2a: Pelipper\n|-resisted|p2a: Pelipper\n|-damage|p2a: Pelipper|0 fnt\n|faint|p2a: Pelipper\n|-damage|p1a: Greninja|198/246|[from] item: Life Orb\n|\n|-weather|RainDance|[upkeep]\n|upkeep\n|\n|t:|1781383959\n|switch|p2a: Samurott|Samurott, L88, F|310/310\n|turn|4\n|\n|t:|1781383965\n|move|p1a: Greninja|Grass Knot|p2a: Samurott\n|-supereffective|p2a: Samurott\n|-damage|p2a: Samurott|136/310\n|-damage|p1a: Greninja|174/246|[from] item: Life Orb\n|move|p2a: Samurott|Knock Off|p1a: Greninja\n|-damage|p1a: Greninja|36/246\n|-enditem|p1a: Greninja|Life Orb|[from] move: Knock Off|[of] p2a: Samurott\n|-damage|p2a: Samurott|105/310|[from] item: Life Orb\n|\n|-weather|RainDance|[upkeep]\n|upkeep\n|turn|5\n|\n|t:|1781383976\n|move|p1a: Greninja|Grass Knot|p2a: Samurott\n|-supereffective|p2a: Samurott\n|-damage|p2a: Samurott|0 fnt\n|faint|p2a: Samurott\n|\n|-weather|RainDance|[upkeep]\n|upkeep\n|\n|t:|1781383987\n|switch|p2a: Meloetta|Meloetta, L82|298/298\n|turn|6\n|\n|t:|1781383991\n|move|p1a: Greninja|Dark Pulse|p2a: Meloetta\n|-supereffective|p2a: Meloetta\n|-damage|p2a: Meloetta|214/298\n|move|p2a: Meloetta|U-turn|p1a: Greninja\n|-damage|p1a: Greninja|0 fnt\n|faint|p1a: Greninja\n|\n|t:|1781383999\n|switch|p2a: Arceus|Arceus-Psychic, L69|280/280|[from] U-turn\n|\n|-weather|none\n|upkeep\n|\n|t:|1781384009\n|switch|p1a: Scyther|Scyther, L82, M|249/249\n|turn|7\n|\n|t:|1781384015\n|-terastallize|p2a: Arceus|Steel\n|move|p1a: Scyther|U-turn|p2a: Arceus\n|-resisted|p2a: Arceus\n|-damage|p2a: Arceus|242/280\n|\n|t:|1781384022\n|switch|p1a: Ursaluna|Ursaluna-Bloodmoon, L79, M|308/308|[from] U-turn\n|move|p2a: Arceus|Cosmic Power|p2a: Arceus\n|-boost|p2a: Arceus|def|1\n|-boost|p2a: Arceus|spd|1\n|\n|upkeep\n|turn|8\n|\n|t:|1781384040\n|move|p2a: Arceus|Cosmic Power|p2a: Arceus\n|-boost|p2a: Arceus|def|1\n|-boost|p2a: Arceus|spd|1\n|move|p1a: Ursaluna|Calm Mind|p1a: Ursaluna\n|-boost|p1a: Ursaluna|spa|1\n|-boost|p1a: Ursaluna|spd|1\n|\n|upkeep\n|turn|9\n|\n|t:|1781384046\n|move|p2a: Arceus|Cosmic Power|p2a: Arceus\n|-boost|p2a: Arceus|def|1\n|-boost|p2a: Arceus|spd|1\n|move|p1a: Ursaluna|Calm Mind|p1a: Ursaluna\n|-boost|p1a: Ursaluna|spa|1\n|-boost|p1a: Ursaluna|spd|1\n|\n|upkeep\n|turn|10\n|\n|t:|1781384054\n|move|p2a: Arceus|Body Press|p1a: Ursaluna\n|-supereffective|p1a: Ursaluna\n|-damage|p1a: Ursaluna|114/308\n|move|p1a: Ursaluna|Calm Mind|p1a: Ursaluna\n|-boost|p1a: Ursaluna|spa|1\n|-boost|p1a: Ursaluna|spd|1\n|\n|-heal|p1a: Ursaluna|133/308|[from] item: Leftovers\n|upkeep\n|turn|11\n|\n|t:|1781384062\n|-terastallize|p1a: Ursaluna|Fighting\n|move|p1a: Ursaluna|Vacuum Wave|p2a: Arceus\n|-supereffective|p2a: Arceus\n|-damage|p2a: Arceus|138/280\n|move|p2a: Arceus|Body Press|p1a: Ursaluna\n|-damage|p1a: Ursaluna|43/308\n|\n|-heal|p1a: Ursaluna|62/308|[from] item: Leftovers\n|upkeep\n|turn|12\n|\n|t:|1781384075\n|move|p1a: Ursaluna|Vacuum Wave|p2a: Arceus\n|-supereffective|p2a: Arceus\n|-damage|p2a: Arceus|48/280\n|move|p2a: Arceus|Stored Power|p1a: Ursaluna\n|-supereffective|p1a: Ursaluna\n|-damage|p1a: Ursaluna|0 fnt\n|faint|p1a: Ursaluna\n|\n|upkeep\n|\n|t:|1781384083\n|switch|p1a: Infernape|Infernape, L82, F|259/259\n|turn|13\n|\n|t:|1781384088\n|move|p1a: Infernape|Close Combat|p2a: Arceus\n|-supereffective|p2a: Arceus\n|-damage|p2a: Arceus|0 fnt\n|-unboost|p1a: Infernape|def|1\n|-unboost|p1a: Infernape|spd|1\n|faint|p2a: Arceus\n|-damage|p1a: Infernape|234/259|[from] item: Life Orb\n|\n|upkeep\n|\n|t:|1781384092\n|switch|p2a: Meloetta|Meloetta, L82|214/298\n|turn|14\n|\n|t:|1781384096\n|move|p1a: Infernape|Knock Off|p2a: Meloetta\n|-supereffective|p2a: Meloetta\n|-damage|p2a: Meloetta|16/298\n|-enditem|p2a: Meloetta|Choice Specs|[from] move: Knock Off|[of] p1a: Infernape\n|-damage|p1a: Infernape|209/259|[from] item: Life Orb\n|move|p2a: Meloetta|Psyshock|p1a: Infernape\n|-supereffective|p1a: Infernape\n|-damage|p1a: Infernape|0 fnt\n|faint|p1a: Infernape\n|\n|upkeep\n|\n|t:|1781384104\n|switch|p1a: Scyther|Scyther, L82, M|249/249\n|turn|15\n|\n|t:|1781384108\n|move|p1a: Scyther|U-turn|p2a: Meloetta\n|-supereffective|p2a: Meloetta\n|-damage|p2a: Meloetta|0 fnt\n|faint|p2a: Meloetta\n|\n|t:|1781384114\n|switch|p1a: Passimian|Passimian, L83, M|302/302|[from] U-turn\n|\n|upkeep\n|\n|t:|1781384119\n|switch|p2a: Urshifu|Urshifu, L74, M|270/270\n|turn|16\n|\n|t:|1781384124\n|move|p1a: Passimian|Close Combat|p2a: Urshifu\n|-supereffective|p2a: Urshifu\n|-damage|p2a: Urshifu|0 fnt\n|-unboost|p1a: Passimian|def|1\n|-unboost|p1a: Passimian|spd|1\n|faint|p2a: Urshifu\n|\n|upkeep\n|-message|ThiccObama forfeited.\n|\n|win|milo65\n|raw|milo65's rating: 1303 &rarr; <strong>1324</strong><br />(+21 for winning)\n|raw|ThiccObama's rating: 1326 &rarr; <strong>1305</strong><br />(-21 for losing)\n|l|\u2606ThiccObama\n|player|p2|\n|c|\u2606milo65|Gg\n|c|\u2606milo65|Wp\n", "inputlog": ">version a8376a258c1d4662feba110a92103f3664a72141\n>start {\"formatid\":\"gen9randombattle\",\"seed\":\"sodium,8db47ffd4e2edf764ee2c21d344bd3b9\",\"rated\":\"Rated battle\"}\n>player p1 {\"name\":\"milo65\",\"avatar\":\"wallace\",\"rating\":1303,\"seed\":\"sodium,41594b056f503349f7feb4258118ca3d\"}\n>player p2 {\"name\":\"ThiccObama\",\"avatar\":\"fisherman-gen4\",\"rating\":1326,\"seed\":\"sodium,7769d049ca89e5ba8fa75d7a49fcdbb5\"}\n>p1 move uturn\n>p2 switch 5\n>p1 switch 6\n>p1 move hydropump\n>p2 switch 6\n>p1 move hydropump\n>p2 move hurricane\n>p2 switch 4\n>p1 move grassknot\n>p2 move knockoff\n>p1 move grassknot\n>p2 move megahorn\n>p2 switch 5\n>p1 move darkpulse\n>p2 move uturn\n>p2 switch 2\n>p1 switch 6\n>p1 move uturn\n>p2 move cosmicpower terastallize\n>p1 switch 4\n>p1 move calmmind\n>p2 move cosmicpower\n>p1 move calmmind\n>p2 move cosmicpower\n>p1 move calmmind\n>p2 move bodypress\n>p1 move vacuumwave terastallize\n>p2 move bodypress\n>p1 move vacuumwave\n>p2 move storedpower\n>p1 switch 2\n>p1 move closecombat\n>p2 move recover\n>p2 switch 2\n>p1 move knockoff\n>p2 move psyshock\n>p1 switch 4\n>p1 move uturn\n>p2 move hypervoice\n>p1 switch 3\n>p2 switch 3\n>p1 move closecombat\n>p2 move poisonjab\n>forcelose p2", "uploadtime": 1781384138, "views": 15, "formatid": "gen9randombattle", "rating": 1305, "private": 0, "password": null}