{"id": "gen9randombattle-2632002409", "format": "[Gen 9] Random Battle", "players": ["aceguy123", "Froydd"], "log": "|j|\u2606aceguy123\n|j|\u2606Froydd\n|t:|1781464751\n|gametype|singles\n|player|p1|aceguy123|firebreather|2278\n|player|p2|Froydd|pokekid|2260\n|gen|9\n|tier|[Gen 9] Random Battle\n|rated|\n|rule|Species Clause: Limit one of each Pok\u00e9mon\n|rule|HP Percentage Mod: HP is shown in percentages\n|rule|Sleep Clause Mod: Limit one foe put to sleep\n|rule|Illusion Level Mod: Illusion disguises the Pok\u00e9mon's true level\n|\n|t:|1781464751\n|teamsize|p1|6\n|teamsize|p2|6\n|start\n|switch|p1a: Farigiraf|Farigiraf, L90, M|362/362\n|switch|p2a: Kingambit|Kingambit, L74, M|270/270\n|turn|1\n|\n|t:|1781464763\n|switch|p1a: Infernape|Infernape, L82, F|259/259\n|move|p2a: Kingambit|Swords Dance|p2a: Kingambit\n|-boost|p2a: Kingambit|atk|2\n|\n|upkeep\n|turn|2\n|inactive|Battle timer is ON: inactive players will automatically lose when time's up. (requested by aceguy123)\n|\n|t:|1781464774\n|-end|p2a: Kingambit|fallenundefined|[silent]\n|switch|p2a: Giratina|Giratina, L75|349/349\n|-ability|p2a: Giratina|Pressure\n|move|p1a: Infernape|Swords Dance|p1a: Infernape\n|-boost|p1a: Infernape|atk|2\n|\n|upkeep\n|turn|3\n|\n|t:|1781464799\n|move|p1a: Infernape|Flare Blitz|p2a: Giratina\n|-resisted|p2a: Giratina\n|-damage|p2a: Giratina|216/349\n|-damage|p1a: Infernape|215/259|[from] Recoil\n|-damage|p1a: Infernape|190/259|[from] item: Life Orb\n|move|p2a: Giratina|Dragon Pulse|p1a: Infernape\n|-crit|p1a: Infernape\n|-damage|p1a: Infernape|64/259\n|\n|-heal|p2a: Giratina|237/349|[from] item: Leftovers\n|upkeep\n|turn|4\n|\n|t:|1781464808\n|move|p1a: Infernape|Flare Blitz|p2a: Giratina\n|-resisted|p2a: Giratina\n|-damage|p2a: Giratina|97/349\n|-damage|p1a: Infernape|18/259|[from] Recoil\n|-damage|p1a: Infernape|0 fnt|[from] item: Life Orb\n|faint|p1a: Infernape\n|move|p2a: Giratina|Rest|p2a: Giratina\n|-status|p2a: Giratina|slp|[from] move: Rest\n|-heal|p2a: Giratina|349/349 slp|[silent]\n|\n|upkeep\n|\n|t:|1781464820\n|switch|p1a: Minun|Minun, L95, M|268/268\n|turn|5\n|\n|t:|1781464831\n|switch|p2a: Vileplume|Vileplume, L85, F|266/266\n|move|p1a: Minun|Nasty Plot|p1a: Minun\n|-boost|p1a: Minun|spa|2\n|\n|upkeep\n|turn|6\n|\n|t:|1781464838\n|move|p1a: Minun|Nasty Plot|p1a: Minun\n|-boost|p1a: Minun|spa|2\n|move|p2a: Vileplume|Sleep Powder|p1a: Minun\n|-status|p1a: Minun|slp|[from] move: Sleep Powder\n|\n|upkeep\n|turn|7\n|\n|t:|1781464841\n|cant|p1a: Minun|slp\n|move|p2a: Vileplume|Sludge Bomb|p1a: Minun\n|-damage|p1a: Minun|174/268 slp\n|\n|upkeep\n|turn|8\n|\n|t:|1781464844\n|cant|p1a: Minun|slp\n|move|p2a: Vileplume|Sludge Bomb|p1a: Minun\n|-damage|p1a: Minun|68/268 slp\n|\n|upkeep\n|turn|9\n|\n|t:|1781464854\n|cant|p1a: Minun|slp\n|move|p2a: Vileplume|Giga Drain|p1a: Minun\n|-damage|p1a: Minun|0 fnt\n|faint|p1a: Minun\n|\n|upkeep\n|-message|aceguy123 forfeited.\n|\n|win|Froydd\n", "uploadtime": 1781464753, "views": 2, "formatid": "gen9randombattle", "rating": null, "private": 0, "password": null}