{"id": "gen9randombattle-2631987969", "format": "[Gen 9] Random Battle", "players": ["WhackE", "OverthereStair"], "log": "|j|\u2606WhackE\n|j|\u2606OverthereStair\n|t:|1781463153\n|gametype|singles\n|player|p1|WhackE|265|1990\n|player|p2|OverthereStair|hilda|2071\n|gen|9\n|tier|[Gen 9] Random Battle\n|rated|\n|rule|Species Clause: Limit one of each Pok\u00e9mon\n|rule|HP Percentage Mod: HP is shown in percentages\n|rule|Sleep Clause Mod: Limit one foe put to sleep\n|rule|Illusion Level Mod: Illusion disguises the Pok\u00e9mon's true level\n|\n|t:|1781463153\n|teamsize|p1|6\n|teamsize|p2|6\n|start\n|switch|p1a: Misdreavus|Misdreavus, L90, M|254/254\n|switch|p2a: Meowstic|Meowstic, L89, M|277/277\n|turn|1\n|inactive|Battle timer is ON: inactive players will automatically lose when time's up. (requested by OverthereStair)\n|\n|t:|1781463185\n|move|p2a: Meowstic|Light Screen|p2a: Meowstic\n|-sidestart|p2: OverthereStair|move: Light Screen\n|move|p1a: Misdreavus|Shadow Ball|p2a: Meowstic\n|-supereffective|p2a: Meowstic\n|-damage|p2a: Meowstic|189/277\n|\n|upkeep\n|turn|2\n|\n|t:|1781463192\n|switch|p2a: Latios|Latios, L78, M|253/253\n|move|p1a: Misdreavus|Shadow Ball|p2a: Latios\n|-supereffective|p2a: Latios\n|-crit|p2a: Latios\n|-damage|p2a: Latios|0 fnt\n|faint|p2a: Latios\n|\n|upkeep\n|\n|t:|1781463198\n|switch|p2a: Heracross|Heracross, L80, M|259/259\n|turn|3\n|\n|t:|1781463207\n|switch|p1a: Bombirdier|Bombirdier, L85, M|258/258\n|move|p2a: Heracross|Knock Off|p1a: Bombirdier\n|-resisted|p1a: Bombirdier\n|-damage|p1a: Bombirdier|222/258\n|-enditem|p1a: Bombirdier|Heavy-Duty Boots|[from] move: Knock Off|[of] p2a: Heracross\n|\n|upkeep\n|turn|4\n|\n|t:|1781463217\n|switch|p2a: Swanna|Swanna, L89, F|278/278\n|move|p1a: Bombirdier|Brave Bird|p2a: Swanna\n|-damage|p2a: Swanna|101/278\n|-damage|p1a: Bombirdier|164/258|[from] Recoil\n|\n|upkeep\n|turn|5\n|\n|t:|1781463241\n|switch|p1a: Dragapult|Dragapult, L77, F|262/262\n|move|p2a: Swanna|Roost|p2a: Swanna\n|-heal|p2a: Swanna|240/278\n|-singleturn|p2a: Swanna|move: Roost\n|\n|upkeep\n|turn|6\n|\n|t:|1781463248\n|move|p1a: Dragapult|U-turn|p2a: Swanna\n|-resisted|p2a: Swanna\n|-damage|p2a: Swanna|210/278\n|\n|t:|1781463252\n|switch|p1a: Misdreavus|Misdreavus, L90, M|254/254|[from] U-turn\n|move|p2a: Swanna|Brave Bird|p1a: Misdreavus\n|-damage|p1a: Misdreavus|145/254\n|-damage|p2a: Swanna|174/278|[from] Recoil\n|\n|upkeep\n|turn|7\n|\n|t:|1781463255\n|move|p2a: Swanna|Brave Bird|p1a: Misdreavus\n|-damage|p1a: Misdreavus|37/254\n|-damage|p2a: Swanna|138/278|[from] Recoil\n|move|p1a: Misdreavus|Will-O-Wisp|p2a: Swanna\n|-status|p2a: Swanna|brn\n|\n|-damage|p2a: Swanna|121/278 brn|[from] brn\n|upkeep\n|turn|8\n|\n|t:|1781463262\n|switch|p1a: Bombirdier|Bombirdier, L85, M|164/258\n|move|p2a: Swanna|Hydro Pump|p1a: Bombirdier|[miss]\n|-miss|p2a: Swanna|p1a: Bombirdier\n|\n|-damage|p2a: Swanna|104/278 brn|[from] brn\n|-sideend|p2: OverthereStair|move: Light Screen\n|upkeep\n|turn|9\n|\n|t:|1781463266\n|move|p2a: Swanna|Roost|p2a: Swanna\n|-heal|p2a: Swanna|243/278 brn\n|-singleturn|p2a: Swanna|move: Roost\n|move|p1a: Bombirdier|Roost|p1a: Bombirdier\n|-heal|p1a: Bombirdier|258/258\n|-singleturn|p1a: Bombirdier|move: Roost\n|\n|-damage|p2a: Swanna|226/278 brn|[from] brn\n|upkeep\n|turn|10\n|\n|t:|1781463269\n|move|p2a: Swanna|Hydro Pump|p1a: Bombirdier\n|-crit|p1a: Bombirdier\n|-damage|p1a: Bombirdier|83/258\n|move|p1a: Bombirdier|Knock Off|p2a: Swanna\n|-damage|p2a: Swanna|85/278 brn\n|-enditem|p2a: Swanna|Heavy-Duty Boots|[from] move: Knock Off|[of] p1a: Bombirdier\n|\n|-damage|p2a: Swanna|68/278 brn|[from] brn\n|upkeep\n|turn|11\n|\n|t:|1781463278\n|switch|p1a: Wugtrio|Wugtrio, L91, M|212/212\n|move|p2a: Swanna|Hydro Pump|p1a: Wugtrio\n|-resisted|p1a: Wugtrio\n|-damage|p1a: Wugtrio|143/212\n|\n|-damage|p2a: Swanna|51/278 brn|[from] brn\n|upkeep\n|turn|12\n|\n|t:|1781463281\n|switch|p2a: Dipplin|Dipplin, L88, M|284/284\n|move|p1a: Wugtrio|Liquidation|p2a: Dipplin\n|-resisted|p2a: Dipplin\n|-damage|p2a: Dipplin|261/284\n|\n|upkeep\n|turn|13\n|\n|t:|1781463286\n|switch|p1a: Girafarig|Girafarig, L89, F|269/269\n|move|p2a: Dipplin|Dragon Pulse|p1a: Girafarig\n|-damage|p1a: Girafarig|191/269\n|\n|upkeep\n|turn|14\n|\n|t:|1781463292\n|switch|p2a: Ambipom|Ambipom, L84, M|263/263\n|move|p1a: Girafarig|Hyper Voice|p2a: Ambipom\n|-damage|p2a: Ambipom|128/263\n|\n|upkeep\n|turn|15\n|\n|t:|1781463307\n|switch|p1a: Bombirdier|Bombirdier, L85, M|83/258\n|move|p2a: Ambipom|Knock Off|p1a: Bombirdier\n|-resisted|p1a: Bombirdier\n|-damage|p1a: Bombirdier|58/258\n|\n|upkeep\n|turn|16\n|\n|t:|1781463310\n|move|p2a: Ambipom|Double-Edge|p1a: Bombirdier\n|-damage|p1a: Bombirdier|0 fnt\n|faint|p1a: Bombirdier\n|-damage|p2a: Ambipom|109/263|[from] Recoil\n|\n|upkeep\n|\n|t:|1781463321\n|switch|p1a: Dragapult|Dragapult, L77, F|262/262\n|turn|17\n|\n|t:|1781463324\n|switch|p2a: Swanna|Swanna, L89, F|51/278 brn\n|move|p1a: Dragapult|Draco Meteor|p2a: Swanna\n|-damage|p2a: Swanna|0 fnt\n|-unboost|p1a: Dragapult|spa|2\n|faint|p2a: Swanna\n|\n|upkeep\n|\n|t:|1781463329\n|switch|p2a: Heracross|Heracross, L80, M|259/259\n|turn|18\n|\n|t:|1781463336\n|switch|p1a: Electrode|Electrode-Hisui, L87|246/246\n|move|p2a: Heracross|Knock Off|p1a: Electrode\n|-damage|p1a: Electrode|164/246\n|-enditem|p1a: Electrode|Leftovers|[from] move: Knock Off|[of] p2a: Heracross\n|\n|upkeep\n|turn|19\n|\n|t:|1781463347\n|switch|p1a: Misdreavus|Misdreavus, L90, M|37/254\n|switch|p2a: Dipplin|Dipplin, L88, M|261/284\n|\n|upkeep\n|turn|20\n|\n|t:|1781463353\n|move|p1a: Misdreavus|Draining Kiss|p2a: Dipplin\n|-supereffective|p2a: Dipplin\n|-damage|p2a: Dipplin|207/284\n|-heal|p1a: Misdreavus|78/254|[from] drain|[of] p2a: Dipplin\n|move|p2a: Dipplin|Giga Drain|p1a: Misdreavus\n|-damage|p1a: Misdreavus|24/254\n|-heal|p2a: Dipplin|234/284|[from] drain|[of] p1a: Misdreavus\n|\n|upkeep\n|turn|21\n|\n|t:|1781463363\n|move|p1a: Misdreavus|Draining Kiss|p2a: Dipplin\n|-supereffective|p2a: Dipplin\n|-damage|p2a: Dipplin|180/284\n|-heal|p1a: Misdreavus|65/254|[from] drain|[of] p2a: Dipplin\n|move|p2a: Dipplin|Giga Drain|p1a: Misdreavus\n|-damage|p1a: Misdreavus|14/254\n|-heal|p2a: Dipplin|206/284|[from] drain|[of] p1a: Misdreavus\n|\n|upkeep\n|turn|22\n|\n|t:|1781463368\n|move|p2a: Dipplin|Sucker Punch|p1a: Misdreavus\n|-supereffective|p1a: Misdreavus\n|-damage|p1a: Misdreavus|0 fnt\n|faint|p1a: Misdreavus\n|\n|upkeep\n|\n|t:|1781463379\n|switch|p1a: Dragapult|Dragapult, L77, F|262/262\n|turn|23\n|\n|t:|1781463381\n|switch|p2a: Meowstic|Meowstic, L89, M|189/277\n|move|p1a: Dragapult|U-turn|p2a: Meowstic\n|-supereffective|p2a: Meowstic\n|-damage|p2a: Meowstic|83/277\n|\n|t:|1781463386\n|switch|p1a: Electrode|Electrode-Hisui, L87|164/246|[from] U-turn\n|\n|upkeep\n|turn|24\n|\n|t:|1781463388\n|move|p2a: Meowstic|Light Screen|p2a: Meowstic\n|-sidestart|p2: OverthereStair|move: Light Screen\n|move|p1a: Electrode|Thunderbolt|p2a: Meowstic\n|-damage|p2a: Meowstic|38/277\n|\n|upkeep\n|turn|25\n|\n|t:|1781463392\n|move|p2a: Meowstic|Reflect|p2a: Meowstic\n|-sidestart|p2: OverthereStair|Reflect\n|move|p1a: Electrode|Thunderbolt|p2a: Meowstic\n|-damage|p2a: Meowstic|0 fnt\n|faint|p2a: Meowstic\n|\n|upkeep\n|\n|t:|1781463397\n|switch|p2a: Ambipom|Ambipom, L84, M|109/263\n|turn|26\n|\n|t:|1781463403\n|move|p2a: Ambipom|Fake Out|p1a: Electrode\n|-damage|p1a: Electrode|82/246\n|cant|p1a: Electrode|flinch\n|\n|upkeep\n|turn|27\n|\n|t:|1781463407\n|move|p1a: Electrode|Thunderbolt|p2a: Ambipom\n|-damage|p2a: Ambipom|56/263\n|move|p2a: Ambipom|Double-Edge|p1a: Electrode\n|-crit|p1a: Electrode\n|-damage|p1a: Electrode|0 fnt\n|faint|p1a: Electrode\n|-damage|p2a: Ambipom|29/263|[from] Recoil\n|\n|upkeep\n|\n|t:|1781463418\n|switch|p1a: Dragapult|Dragapult, L77, F|262/262\n|turn|28\n|\n|t:|1781463421\n|switch|p2a: Heracross|Heracross, L80, M|259/259\n|move|p1a: Dragapult|Draco Meteor|p2a: Heracross\n|-damage|p2a: Heracross|88/259\n|-unboost|p1a: Dragapult|spa|2\n|\n|upkeep\n|turn|29\n|\n|t:|1781463425\n|switch|p1a: Girafarig|Girafarig, L89, F|191/269\n|move|p2a: Heracross|Knock Off|p1a: Girafarig\n|-supereffective|p1a: Girafarig\n|-damage|p1a: Girafarig|71/269\n|-enditem|p1a: Girafarig|Eviolite|[from] move: Knock Off|[of] p2a: Heracross\n|\n|upkeep\n|turn|30\n|\n|t:|1781463429\n|move|p2a: Heracross|Knock Off|p1a: Girafarig\n|-supereffective|p1a: Girafarig\n|-damage|p1a: Girafarig|0 fnt\n|faint|p1a: Girafarig\n|-ability|p2a: Heracross|Moxie|boost\n|-boost|p2a: Heracross|atk|1\n|\n|upkeep\n|\n|t:|1781463432\n|switch|p1a: Dragapult|Dragapult, L77, F|262/262\n|turn|31\n|\n|t:|1781463435\n|move|p2a: Heracross|Knock Off|p1a: Dragapult\n|-supereffective|p1a: Dragapult\n|-damage|p1a: Dragapult|0 fnt\n|-enditem|p1a: Dragapult|Choice Specs|[from] move: Knock Off|[of] p2a: Heracross\n|faint|p1a: Dragapult\n|-ability|p2a: Heracross|Moxie|boost\n|-boost|p2a: Heracross|atk|1\n|\n|-sideend|p2: OverthereStair|move: Light Screen\n|upkeep\n|-message|WhackE forfeited.\n|\n|win|OverthereStair\n", "inputlog": ">version a8376a258c1d4662feba110a92103f3664a72141\n>start {\"formatid\":\"gen9randombattle\",\"seed\":\"sodium,fe4d4dc98781dd9b9eb36aed689ed101\",\"rated\":\"Rated battle\"}\n>player p1 {\"name\":\"WhackE\",\"avatar\":\"265\",\"rating\":1990,\"seed\":\"sodium,55239c18562c7b6ce8e226617835f303\"}\n>player p2 {\"name\":\"OverthereStair\",\"avatar\":\"hilda\",\"rating\":2071,\"seed\":\"sodium,be9e392343ca2a3546feb58e5a70b433\"}\n>p1 move shadowball\n>p2 move lightscreen\n>p1 move shadowball\n>p2 switch 2\n>p2 switch 4\n>p1 switch 5\n>p2 move knockoff\n>p1 move bravebird\n>p2 switch 6\n>p1 switch 3\n>p2 move roost\n>p1 move uturn\n>p2 move bravebird\n>p1 switch 5\n>p1 move willowisp\n>p2 move bravebird\n>p1 switch 3\n>p2 move hydropump\n>p1 move roost\n>p2 move roost\n>p1 move knockoff\n>p2 move hydropump\n>p1 switch 6\n>p2 move hydropump\n>p1 move liquidation\n>p2 switch 3\n>p1 switch 4\n>p2 move dragonpulse\n>p1 move hypervoice\n>p2 switch 5\n>p1 switch 6\n>p2 move knockoff\n>p1 move roost\n>p2 move doubleedge\n>p1 switch 5\n>p1 move dracometeor\n>p2 switch 3\n>p2 switch 6\n>p1 switch 2\n>p2 move knockoff\n>p1 switch 3\n>p2 switch 5\n>p1 move drainingkiss\n>p2 move gigadrain\n>p1 move drainingkiss\n>p2 move gigadrain\n>p1 move drainingkiss\n>p2 move suckerpunch\n>p1 switch 2\n>p1 move uturn\n>p2 switch 2\n>p1 switch 3\n>p1 move thunderbolt\n>p2 move lightscreen\n>p1 move thunderbolt\n>p2 move reflect\n>p2 switch 3\n>p1 move thunderbolt\n>p2 move fakeout\n>p1 move thunderbolt\n>p2 move doubleedge\n>p1 switch 3\n>p1 move dracometeor\n>p2 switch 5\n>p1 switch 6\n>p2 move knockoff\n>p1 move psyshock\n>p2 move knockoff\n>p1 switch 6\n>p1 move dracometeor\n>p2 move knockoff\n>forcelose p1", "uploadtime": 1781463156, "views": 6, "formatid": "gen9randombattle", "rating": null, "private": 0, "password": null}