{"id": "gen9randombattle-2631749895", "format": "[Gen 9] Random Battle", "players": ["Rheny", "watercell"], "log": "|j|\u2606Rheny\n|j|\u2606watercell\n|t:|1781433524\n|gametype|singles\n|player|p1|Rheny|miku-ghost|1970\n|player|p2|watercell|fisherman-gen4|1925\n|gen|9\n|tier|[Gen 9] Random Battle\n|rated|\n|rule|Species Clause: Limit one of each Pok\u00e9mon\n|rule|HP Percentage Mod: HP is shown in percentages\n|rule|Sleep Clause Mod: Limit one foe put to sleep\n|rule|Illusion Level Mod: Illusion disguises the Pok\u00e9mon's true level\n|\n|t:|1781433524\n|teamsize|p1|6\n|teamsize|p2|6\n|start\n|switch|p1a: Greedent|Greedent, L86, M|347/347\n|switch|p2a: Archaludon|Archaludon, L78, M|268/268\n|turn|1\n|inactive|Battle timer is ON: inactive players will automatically lose when time's up. (requested by watercell)\n|\n|t:|1781433581\n|move|p2a: Archaludon|Body Press|p1a: Greedent\n|-supereffective|p1a: Greedent\n|-damage|p1a: Greedent|229/347\n|move|p1a: Greedent|Swords Dance|p1a: Greedent\n|-boost|p1a: Greedent|atk|2\n|\n|upkeep\n|turn|2\n|\n|t:|1781433604\n|move|p2a: Archaludon|Draco Meteor|p1a: Greedent\n|-damage|p1a: Greedent|61/347\n|-unboost|p2a: Archaludon|spa|2\n|-enditem|p1a: Greedent|Sitrus Berry|[eat]\n|-heal|p1a: Greedent|147/347|[from] item: Sitrus Berry\n|-heal|p1a: Greedent|262/347|[from] ability: Cheek Pouch\n|move|p1a: Greedent|Earthquake|p2a: Archaludon\n|-supereffective|p2a: Archaludon\n|-damage|p2a: Archaludon|38/268\n|-ability|p2a: Archaludon|Stamina|boost\n|-boost|p2a: Archaludon|def|1\n|\n|upkeep\n|turn|3\n|\n|t:|1781433613\n|move|p2a: Archaludon|Body Press|p1a: Greedent\n|-supereffective|p1a: Greedent\n|-damage|p1a: Greedent|104/347\n|move|p1a: Greedent|Knock Off|p2a: Archaludon\n|-damage|p2a: Archaludon|0 fnt\n|-enditem|p2a: Archaludon|Assault Vest|[from] move: Knock Off|[of] p1a: Greedent\n|faint|p2a: Archaludon\n|\n|upkeep\n|\n|t:|1781433628\n|switch|p2a: Toxicroak|Toxicroak, L84, F|277/277\n|turn|4\n|\n|t:|1781433642\n|switch|p1a: Vivillon|Vivillon-Modern, L83, F|268/268\n|move|p2a: Toxicroak|Close Combat|p1a: Vivillon\n|-resisted|p1a: Vivillon\n|-damage|p1a: Vivillon|194/268\n|-unboost|p2a: Toxicroak|def|1\n|-unboost|p2a: Toxicroak|spd|1\n|\n|upkeep\n|turn|5\n|\n|t:|1781433670\n|switch|p2a: Ninetales|Ninetales-Alola, L78, M|242/242\n|-weather|Snowscape|[from] ability: Snow Warning|[of] p2a: Ninetales\n|move|p1a: Vivillon|Quiver Dance|p1a: Vivillon\n|-boost|p1a: Vivillon|spa|1\n|-boost|p1a: Vivillon|spd|1\n|-boost|p1a: Vivillon|spe|1\n|\n|-weather|Snowscape|[upkeep]\n|upkeep\n|turn|6\n|\n|t:|1781433675\n|move|p1a: Vivillon|Sleep Powder|p2a: Ninetales\n|-status|p2a: Ninetales|slp|[from] move: Sleep Powder\n|cant|p2a: Ninetales|slp\n|\n|-weather|Snowscape|[upkeep]\n|upkeep\n|turn|7\n|\n|t:|1781433680\n|switch|p2a: Dewgong|Dewgong, L94, F|322/322\n|move|p1a: Vivillon|Hurricane|p2a: Dewgong|[miss]\n|-miss|p1a: Vivillon|p2a: Dewgong\n|\n|-weather|Snowscape|[upkeep]\n|upkeep\n|turn|8\n|\n|t:|1781433687\n|-terastallize|p1a: Vivillon|Steel\n|move|p1a: Vivillon|Hurricane|p2a: Dewgong\n|-damage|p2a: Dewgong|222/322\n|move|p2a: Dewgong|Ice Beam|p1a: Vivillon\n|-resisted|p1a: Vivillon\n|-damage|p1a: Vivillon|146/268\n|\n|-weather|Snowscape|[upkeep]\n|upkeep\n|turn|9\n|\n|t:|1781433693\n|move|p1a: Vivillon|Hurricane|p2a: Dewgong\n|-damage|p2a: Dewgong|125/322\n|-start|p2a: Dewgong|confusion\n|-activate|p2a: Dewgong|confusion\n|-damage|p2a: Dewgong|97/322|[from] confusion\n|\n|-weather|none\n|upkeep\n|turn|10\n|\n|t:|1781433702\n|move|p1a: Vivillon|Quiver Dance|p1a: Vivillon\n|-boost|p1a: Vivillon|spa|1\n|-boost|p1a: Vivillon|spd|1\n|-boost|p1a: Vivillon|spe|1\n|-activate|p2a: Dewgong|confusion\n|-damage|p2a: Dewgong|70/322|[from] confusion\n|\n|upkeep\n|turn|11\n|\n|t:|1781433708\n|move|p1a: Vivillon|Bug Buzz|p2a: Dewgong\n|-damage|p2a: Dewgong|0 fnt\n|faint|p2a: Dewgong\n|\n|upkeep\n|\n|t:|1781433711\n|switch|p2a: Cacturne|Cacturne, L92, M|278/278\n|turn|12\n|\n|t:|1781433719\n|move|p2a: Cacturne|Sucker Punch|p1a: Vivillon\n|-damage|p1a: Vivillon|0 fnt\n|faint|p1a: Vivillon\n|-damage|p2a: Cacturne|251/278|[from] item: Life Orb\n|\n|upkeep\n|\n|t:|1781433727\n|switch|p1a: Hitmonchan|Hitmonchan, L87, M|229/229\n|turn|13\n|\n|t:|1781433742\n|switch|p2a: Ninetales|Ninetales-Alola, L78, M|242/242 slp\n|-weather|Snowscape|[from] ability: Snow Warning|[of] p2a: Ninetales\n|move|p1a: Hitmonchan|Knock Off|p2a: Ninetales\n|-resisted|p2a: Ninetales\n|-damage|p2a: Ninetales|202/242 slp\n|-enditem|p2a: Ninetales|Light Clay|[from] move: Knock Off|[of] p1a: Hitmonchan\n|-damage|p1a: Hitmonchan|207/229|[from] item: Life Orb\n|\n|-weather|Snowscape|[upkeep]\n|upkeep\n|turn|14\n|\n|t:|1781433746\n|cant|p2a: Ninetales|slp\n|move|p1a: Hitmonchan|Drain Punch|p2a: Ninetales\n|-damage|p2a: Ninetales|80/242 slp\n|-heal|p1a: Hitmonchan|229/229|[from] drain|[of] p2a: Ninetales\n|-damage|p1a: Hitmonchan|207/229|[from] item: Life Orb\n|\n|-weather|Snowscape|[upkeep]\n|upkeep\n|turn|15\n|\n|t:|1781433754\n|cant|p2a: Ninetales|slp\n|move|p1a: Hitmonchan|Drain Punch|p2a: Ninetales\n|-damage|p2a: Ninetales|0 fnt\n|-heal|p1a: Hitmonchan|229/229|[from] drain|[of] p2a: Ninetales\n|faint|p2a: Ninetales\n|-damage|p1a: Hitmonchan|207/229|[from] item: Life Orb\n|\n|-weather|Snowscape|[upkeep]\n|upkeep\n|\n|t:|1781433771\n|switch|p2a: Toxicroak|Toxicroak, L84, F|277/277\n|turn|16\n|\n|t:|1781433778\n|switch|p1a: Magearna|Magearna, L77|250/250\n|move|p2a: Toxicroak|Close Combat|p1a: Magearna\n|-damage|p1a: Magearna|55/250\n|-unboost|p2a: Toxicroak|def|1\n|-unboost|p2a: Toxicroak|spd|1\n|\n|-weather|Snowscape|[upkeep]\n|upkeep\n|turn|17\n|\n|t:|1781433787\n|switch|p1a: Greedent|Greedent, L86, M|104/347\n|move|p2a: Toxicroak|Close Combat|p1a: Greedent\n|-supereffective|p1a: Greedent\n|-damage|p1a: Greedent|0 fnt\n|-unboost|p2a: Toxicroak|def|1\n|-unboost|p2a: Toxicroak|spd|1\n|faint|p1a: Greedent\n|\n|-weather|none\n|upkeep\n|\n|t:|1781433793\n|switch|p1a: Electrode|Electrode-Hisui, L87|246/246\n|turn|18\n|\n|t:|1781433796\n|switch|p2a: Cacturne|Cacturne, L92, M|251/278\n|move|p1a: Electrode|Substitute|p1a: Electrode\n|-start|p1a: Electrode|Substitute\n|-damage|p1a: Electrode|185/246\n|\n|-heal|p1a: Electrode|200/246|[from] item: Leftovers\n|upkeep\n|turn|19\n|\n|t:|1781433801\n|move|p1a: Electrode|Thunderbolt|p2a: Cacturne\n|-resisted|p2a: Cacturne\n|-damage|p2a: Cacturne|197/278\n|move|p2a: Cacturne|Knock Off|p1a: Electrode\n|-end|p1a: Electrode|Substitute\n|-damage|p2a: Cacturne|170/278|[from] item: Life Orb\n|\n|-heal|p1a: Electrode|215/246|[from] item: Leftovers\n|upkeep\n|turn|20\n|\n|t:|1781433806\n|switch|p1a: Hitmonchan|Hitmonchan, L87, M|207/229\n|move|p2a: Cacturne|Knock Off|p1a: Hitmonchan\n|-resisted|p1a: Hitmonchan\n|-damage|p1a: Hitmonchan|110/229\n|-enditem|p1a: Hitmonchan|Life Orb|[from] move: Knock Off|[of] p2a: Cacturne\n|-damage|p2a: Cacturne|143/278|[from] item: Life Orb\n|\n|upkeep\n|turn|21\n|\n|t:|1781433824\n|switch|p2a: Toxicroak|Toxicroak, L84, F|277/277\n|move|p1a: Hitmonchan|Drain Punch|p2a: Toxicroak\n|-resisted|p2a: Toxicroak\n|-damage|p2a: Toxicroak|215/277\n|-heal|p1a: Hitmonchan|141/229|[from] drain|[of] p2a: Toxicroak\n|\n|upkeep\n|turn|22\n|\n|t:|1781433836\n|move|p1a: Hitmonchan|Mach Punch|p2a: Toxicroak\n|-resisted|p2a: Toxicroak\n|-damage|p2a: Toxicroak|178/277\n|move|p2a: Toxicroak|Close Combat|p1a: Hitmonchan\n|-damage|p1a: Hitmonchan|0 fnt\n|-unboost|p2a: Toxicroak|def|1\n|-unboost|p2a: Toxicroak|spd|1\n|faint|p1a: Hitmonchan\n|\n|upkeep\n|\n|t:|1781433841\n|switch|p1a: Electrode|Electrode-Hisui, L87|215/246\n|turn|23\n|\n|t:|1781433850\n|switch|p1a: Gallade|Gallade, L80, M|240/240\n|switch|p2a: Cacturne|Cacturne, L92, M|143/278\n|\n|upkeep\n|turn|24\n|\n|t:|1781433863\n|switch|p2a: Lunala|Lunala, L70|308/308\n|move|p1a: Gallade|Agility|p1a: Gallade\n|-boost|p1a: Gallade|spe|2\n|\n|upkeep\n|turn|25\n|\n|t:|1781433874\n|-terastallize|p2a: Lunala|Fighting\n|move|p1a: Gallade|Night Slash|p2a: Lunala\n|-resisted|p2a: Lunala\n|-damage|p2a: Lunala|277/308\n|-damage|p1a: Gallade|216/240|[from] item: Life Orb\n|move|p2a: Lunala|Moongeist Beam|p1a: Gallade\n|-supereffective|p1a: Gallade\n|-damage|p1a: Gallade|48/240\n|\n|-heal|p2a: Lunala|296/308|[from] item: Leftovers\n|upkeep\n|turn|26\n|\n|t:|1781433891\n|switch|p2a: Cacturne|Cacturne, L92, M|143/278\n|move|p1a: Gallade|Psycho Cut|p2a: Cacturne\n|-immune|p2a: Cacturne\n|\n|upkeep\n|turn|27\n|\n|t:|1781433897\n|move|p2a: Cacturne|Sucker Punch||[still]\n|-fail|p2a: Cacturne\n|move|p1a: Gallade|Agility|p1a: Gallade\n|-boost|p1a: Gallade|spe|2\n|\n|upkeep\n|turn|28\n|\n|t:|1781433903\n|move|p2a: Cacturne|Sucker Punch||[still]\n|-fail|p2a: Cacturne\n|move|p1a: Gallade|Agility|p1a: Gallade\n|-boost|p1a: Gallade|spe|2\n|\n|upkeep\n|turn|29\n|\n|t:|1781433907\n|move|p2a: Cacturne|Sucker Punch|p1a: Gallade\n|-damage|p1a: Gallade|0 fnt\n|faint|p1a: Gallade\n|-damage|p2a: Cacturne|116/278|[from] item: Life Orb\n|\n|upkeep\n|\n|t:|1781433909\n|switch|p1a: Electrode|Electrode-Hisui, L87|215/246\n|turn|30\n|\n|t:|1781433921\n|switch|p2a: Lunala|Lunala, L70, tera:Fighting|296/308\n|move|p1a: Electrode|Thunderbolt|p2a: Lunala\n|-damage|p2a: Lunala|212/308\n|\n|-heal|p1a: Electrode|230/246|[from] item: Leftovers\n|-heal|p2a: Lunala|231/308|[from] item: Leftovers\n|upkeep\n|turn|31\n|\n|t:|1781433929\n|move|p1a: Electrode|Leech Seed|p2a: Lunala\n|-start|p2a: Lunala|move: Leech Seed\n|move|p2a: Lunala|Calm Mind|p2a: Lunala\n|-boost|p2a: Lunala|spa|1\n|-boost|p2a: Lunala|spd|1\n|\n|-heal|p1a: Electrode|245/246|[from] item: Leftovers\n|-heal|p2a: Lunala|250/308|[from] item: Leftovers\n|-damage|p2a: Lunala|212/308|[from] Leech Seed|[of] p1a: Electrode\n|-heal|p1a: Electrode|246/246|[silent]\n|upkeep\n|turn|32\n|\n|t:|1781433940\n|move|p1a: Electrode|Substitute|p1a: Electrode\n|-start|p1a: Electrode|Substitute\n|-damage|p1a: Electrode|185/246\n|move|p2a: Lunala|Moonlight|p2a: Lunala\n|-heal|p2a: Lunala|308/308\n|\n|-heal|p1a: Electrode|200/246|[from] item: Leftovers\n|-damage|p2a: Lunala|270/308|[from] Leech Seed|[of] p1a: Electrode\n|-heal|p1a: Electrode|238/246|[silent]\n|upkeep\n|turn|33\n|\n|t:|1781433944\n|move|p1a: Electrode|Thunderbolt|p2a: Lunala\n|-damage|p2a: Lunala|212/308\n|-status|p2a: Lunala|par\n|cant|p2a: Lunala|par\n|\n|-heal|p1a: Electrode|246/246|[from] item: Leftovers\n|-heal|p2a: Lunala|231/308 par|[from] item: Leftovers\n|-damage|p2a: Lunala|193/308 par|[from] Leech Seed|[of] p1a: Electrode\n|upkeep\n|turn|34\n|\n|t:|1781433950\n|move|p1a: Electrode|Thunderbolt|p2a: Lunala\n|-damage|p2a: Lunala|132/308 par\n|move|p2a: Lunala|Moongeist Beam|p1a: Electrode\n|-end|p1a: Electrode|Substitute\n|\n|-heal|p2a: Lunala|151/308 par|[from] item: Leftovers\n|-damage|p2a: Lunala|113/308 par|[from] Leech Seed|[of] p1a: Electrode\n|upkeep\n|turn|35\n|\n|t:|1781433955\n|move|p1a: Electrode|Substitute|p1a: Electrode\n|-start|p1a: Electrode|Substitute\n|-damage|p1a: Electrode|185/246\n|move|p2a: Lunala|Moongeist Beam|p1a: Electrode\n|-end|p1a: Electrode|Substitute\n|\n|-heal|p1a: Electrode|200/246|[from] item: Leftovers\n|-heal|p2a: Lunala|132/308 par|[from] item: Leftovers\n|-damage|p2a: Lunala|94/308 par|[from] Leech Seed|[of] p1a: Electrode\n|-heal|p1a: Electrode|238/246|[silent]\n|upkeep\n|turn|36\n|\n|t:|1781433958\n|move|p1a: Electrode|Substitute|p1a: Electrode\n|-start|p1a: Electrode|Substitute\n|-damage|p1a: Electrode|177/246\n|cant|p2a: Lunala|par\n|\n|-heal|p1a: Electrode|192/246|[from] item: Leftovers\n|-heal|p2a: Lunala|113/308 par|[from] item: Leftovers\n|-damage|p2a: Lunala|75/308 par|[from] Leech Seed|[of] p1a: Electrode\n|-heal|p1a: Electrode|230/246|[silent]\n|upkeep\n|turn|37\n|\n|t:|1781433966\n|move|p1a: Electrode|Giga Drain|p2a: Lunala\n|-damage|p2a: Lunala|21/308 par\n|-heal|p1a: Electrode|246/246|[from] drain|[of] p2a: Lunala\n|cant|p2a: Lunala|par\n|\n|-heal|p2a: Lunala|40/308 par|[from] item: Leftovers\n|-damage|p2a: Lunala|2/308 par|[from] Leech Seed|[of] p1a: Electrode\n|upkeep\n|turn|38\n|\n|t:|1781433974\n|move|p1a: Electrode|Giga Drain|p2a: Lunala\n|-damage|p2a: Lunala|0 fnt\n|faint|p2a: Lunala\n|\n|upkeep\n|\n|t:|1781433982\n|switch|p2a: Cacturne|Cacturne, L92, M|116/278\n|turn|39\n|\n|t:|1781433985\n|move|p1a: Electrode|Thunderbolt|p2a: Cacturne\n|-resisted|p2a: Cacturne\n|-damage|p2a: Cacturne|67/278\n|move|p2a: Cacturne|Knock Off|p1a: Electrode\n|-end|p1a: Electrode|Substitute\n|-damage|p2a: Cacturne|40/278|[from] item: Life Orb\n|\n|upkeep\n|turn|40\n|\n|t:|1781433993\n|move|p1a: Electrode|Substitute|p1a: Electrode\n|-start|p1a: Electrode|Substitute\n|-damage|p1a: Electrode|185/246\n|move|p2a: Cacturne|Knock Off|p1a: Electrode\n|-end|p1a: Electrode|Substitute\n|-damage|p2a: Cacturne|13/278|[from] item: Life Orb\n|\n|-heal|p1a: Electrode|200/246|[from] item: Leftovers\n|upkeep\n|turn|41\n|\n|t:|1781433998\n|move|p1a: Electrode|Substitute|p1a: Electrode\n|-start|p1a: Electrode|Substitute\n|-damage|p1a: Electrode|139/246\n|move|p2a: Cacturne|Knock Off|p1a: Electrode\n|-end|p1a: Electrode|Substitute\n|-damage|p2a: Cacturne|0 fnt|[from] item: Life Orb\n|faint|p2a: Cacturne\n|\n|-heal|p1a: Electrode|154/246|[from] item: Leftovers\n|upkeep\n|\n|t:|1781434000\n|switch|p2a: Toxicroak|Toxicroak, L84, F|178/277\n|turn|42\n|\n|t:|1781434006\n|move|p1a: Electrode|Substitute|p1a: Electrode\n|-start|p1a: Electrode|Substitute\n|-damage|p1a: Electrode|93/246\n|move|p2a: Toxicroak|Close Combat|p1a: Electrode\n|-end|p1a: Electrode|Substitute\n|-unboost|p2a: Toxicroak|def|1\n|-unboost|p2a: Toxicroak|spd|1\n|\n|-heal|p1a: Electrode|108/246|[from] item: Leftovers\n|upkeep\n|turn|43\n|-message|watercell forfeited.\n|\n|win|Rheny\n", "uploadtime": 1781433526, "views": 6, "formatid": "gen9randombattle", "rating": null, "private": 0, "password": null}