{"id": "gen9randombattle-2631385454", "format": "[Gen 9] Random Battle", "players": ["KinglerCookie", "Beni190498"], "log": "|j|\u2606KinglerCookie\n|j|\u2606Beni190498\n|t:|1781378421\n|gametype|singles\n|player|p1|KinglerCookie|miku-ground|1705\n|player|p2|Beni190498|steven|1672\n|gen|9\n|tier|[Gen 9] Random Battle\n|rated|\n|rule|Species Clause: Limit one of each Pok\u00e9mon\n|rule|HP Percentage Mod: HP is shown in percentages\n|rule|Sleep Clause Mod: Limit one foe put to sleep\n|rule|Illusion Level Mod: Illusion disguises the Pok\u00e9mon's true level\n|\n|t:|1781378421\n|teamsize|p1|6\n|teamsize|p2|6\n|start\n|switch|p1a: Meloetta|Meloetta, L82|298/298\n|switch|p2a: Reuniclus|Reuniclus, L88, F|337/337\n|turn|1\n|inactive|Battle timer is ON: inactive players will automatically lose when time's up. (requested by Beni190498)\n|\n|t:|1781378427\n|move|p1a: Meloetta|Relic Song|p2a: Reuniclus\n|-damage|p2a: Reuniclus|212/337\n|-formechange|p1a: Meloetta|Meloetta-Pirouette|[msg]\n|-damage|p1a: Meloetta|269/298|[from] item: Life Orb\n|move|p2a: Reuniclus|Calm Mind|p2a: Reuniclus\n|-boost|p2a: Reuniclus|spa|1\n|-boost|p2a: Reuniclus|spd|1\n|\n|upkeep\n|turn|2\n|\n|t:|1781378432\n|move|p1a: Meloetta|Knock Off|p2a: Reuniclus\n|-supereffective|p2a: Reuniclus\n|-damage|p2a: Reuniclus|1/337\n|-enditem|p2a: Reuniclus|Life Orb|[from] move: Knock Off|[of] p1a: Meloetta\n|-damage|p1a: Meloetta|240/298|[from] item: Life Orb\n|move|p2a: Reuniclus|Recover|p2a: Reuniclus\n|-heal|p2a: Reuniclus|170/337\n|\n|upkeep\n|turn|3\n|\n|t:|1781378440\n|switch|p1a: Smeargle|Smeargle, L95, M|258/258\n|move|p2a: Reuniclus|Recover|p2a: Reuniclus\n|-heal|p2a: Reuniclus|337/337\n|\n|upkeep\n|turn|4\n|\n|t:|1781378445\n|move|p1a: Smeargle|Spore|p2a: Reuniclus\n|-status|p2a: Reuniclus|slp|[from] move: Spore\n|cant|p2a: Reuniclus|slp\n|\n|upkeep\n|turn|5\n|\n|t:|1781378451\n|move|p1a: Smeargle|Sticky Web|p2a: Reuniclus\n|-sidestart|p2: Beni190498|move: Sticky Web\n|-curestatus|p2a: Reuniclus|slp|[msg]\n|move|p2a: Reuniclus|Psychic|p1a: Smeargle\n|-crit|p1a: Smeargle\n|-enditem|p1a: Smeargle|Focus Sash\n|-damage|p1a: Smeargle|1/258\n|\n|upkeep\n|turn|6\n|\n|t:|1781378453\n|move|p1a: Smeargle|Spore|p2a: Reuniclus\n|-status|p2a: Reuniclus|slp|[from] move: Spore\n|cant|p2a: Reuniclus|slp\n|\n|upkeep\n|turn|7\n|\n|t:|1781378455\n|move|p1a: Smeargle|Ceaseless Edge|p2a: Reuniclus\n|-supereffective|p2a: Reuniclus\n|-damage|p2a: Reuniclus|281/337 slp\n|-sidestart|p2: Beni190498|Spikes\n|cant|p2a: Reuniclus|slp\n|\n|upkeep\n|turn|8\n|\n|t:|1781378458\n|move|p1a: Smeargle|Ceaseless Edge|p2a: Reuniclus\n|-supereffective|p2a: Reuniclus\n|-damage|p2a: Reuniclus|233/337 slp\n|-sidestart|p2: Beni190498|Spikes\n|-curestatus|p2a: Reuniclus|slp|[msg]\n|move|p2a: Reuniclus|Psychic|p1a: Smeargle\n|-damage|p1a: Smeargle|0 fnt\n|faint|p1a: Smeargle\n|\n|upkeep\n|\n|t:|1781378462\n|switch|p1a: Emboar|Emboar, L84, M|322/322\n|turn|9\n|l|\u2606Beni190498\n|inactive|Beni190498 disconnected and has a minute to reconnect!\n|player|p2|\n|inactive|Beni190498 has 30 seconds to reconnect!\n|inactive|Beni190498 has 20 seconds to reconnect!\n|j|\u2606Beni190498\n|inactive|Beni190498 reconnected and has 105 seconds left.\n|player|p2|Beni190498|steven|\n|\n|t:|1781378511\n|move|p1a: Emboar|Flare Blitz|p2a: Reuniclus\n|-damage|p2a: Reuniclus|41/337\n|-damage|p1a: Emboar|259/322|[from] Recoil\n|move|p2a: Reuniclus|Psychic|p1a: Emboar\n|-supereffective|p1a: Emboar\n|-damage|p1a: Emboar|0 fnt\n|faint|p1a: Emboar\n|\n|upkeep\n|\n|t:|1781378518\n|switch|p1a: Meloetta|Meloetta, L82|240/298\n|turn|10\n|\n|t:|1781378529\n|move|p1a: Meloetta|Relic Song|p2a: Reuniclus\n|-damage|p2a: Reuniclus|0 fnt\n|faint|p2a: Reuniclus\n|-formechange|p1a: Meloetta|Meloetta-Pirouette|[msg]\n|-damage|p1a: Meloetta|211/298|[from] item: Life Orb\n|\n|upkeep\n|\n|t:|1781378533\n|switch|p2a: Grimmsnarl|Grimmsnarl, L83, M|293/293\n|-activate|p2a: Grimmsnarl|move: Sticky Web\n|-unboost|p2a: Grimmsnarl|spe|1\n|-damage|p2a: Grimmsnarl|245/293|[from] Spikes\n|turn|11\n|\n|t:|1781378539\n|move|p2a: Grimmsnarl|Thunder Wave|p1a: Meloetta\n|-status|p1a: Meloetta|par\n|move|p1a: Meloetta|Close Combat|p2a: Grimmsnarl\n|-damage|p2a: Grimmsnarl|0 fnt\n|-unboost|p1a: Meloetta|def|1\n|-unboost|p1a: Meloetta|spd|1\n|faint|p2a: Grimmsnarl\n|-damage|p1a: Meloetta|182/298 par|[from] item: Life Orb\n|\n|upkeep\n|inactive|Beni190498 has 120 seconds left.\n|\n|t:|1781378551\n|switch|p2a: Bronzong|Bronzong, L88|261/261\n|turn|12\n|\n|t:|1781378556\n|move|p1a: Meloetta|Knock Off|p2a: Bronzong\n|-supereffective|p2a: Bronzong\n|-damage|p2a: Bronzong|84/261\n|-enditem|p2a: Bronzong|Leftovers|[from] move: Knock Off|[of] p1a: Meloetta\n|-damage|p1a: Meloetta|153/298 par|[from] item: Life Orb\n|move|p2a: Bronzong|Iron Head|p1a: Meloetta\n|-damage|p1a: Meloetta|11/298 par\n|\n|upkeep\n|turn|13\n|l|\u2606Beni190498\n|inactive|Beni190498 disconnected and has a minute to reconnect!\n|player|p2|\n|j|\u2606Beni190498\n|inactive|Beni190498 reconnected and has 130 seconds left.\n|player|p2|Beni190498|steven|\n|inactive|Beni190498 has 120 seconds left.\n|\n|t:|1781378582\n|cant|p1a: Meloetta|par\n|move|p2a: Bronzong|Iron Head|p1a: Meloetta\n|-damage|p1a: Meloetta|0 fnt\n|faint|p1a: Meloetta\n|\n|upkeep\n|\n|t:|1781378585\n|switch|p1a: Calyrex|Calyrex-Shadow, L64|235/235\n|-ability|p1a: Calyrex|As One\n|-ability|p1a: Calyrex|Unnerve\n|turn|14\n|\n|t:|1781378591\n|switch|p2a: Samurott|Samurott-Hisui, L77, F|265/265\n|-activate|p2a: Samurott|move: Sticky Web\n|-unboost|p2a: Samurott|spe|1\n|-damage|p2a: Samurott|221/265|[from] Spikes\n|move|p1a: Calyrex|Astral Barrage|p2a: Samurott\n|-resisted|p2a: Samurott\n|-damage|p2a: Samurott|102/265\n|\n|upkeep\n|turn|15\n|\n|t:|1781378604\n|-terastallize|p1a: Calyrex|Dark\n|move|p1a: Calyrex|Astral Barrage|p2a: Samurott\n|-resisted|p2a: Samurott\n|-damage|p2a: Samurott|0 fnt\n|faint|p2a: Samurott\n|-ability|p1a: Calyrex|Grim Neigh|boost\n|-boost|p1a: Calyrex|spa|1\n|\n|upkeep\n|-message|Beni190498 forfeited.\n|\n|win|KinglerCookie\n|raw|KinglerCookie's rating: 1705 &rarr; <strong>1723</strong><br />(+18 for winning)\n|raw|Beni190498's rating: 1672 &rarr; <strong>1654</strong><br />(-18 for losing)\n|l|\u2606Beni190498\n|player|p2|\n", "inputlog": ">version a8376a258c1d4662feba110a92103f3664a72141\n>start {\"formatid\":\"gen9randombattle\",\"seed\":\"sodium,b2164932ed04d80980c6d099e9e82013\",\"rated\":\"Rated battle\"}\n>player p1 {\"name\":\"KinglerCookie\",\"avatar\":\"miku-ground\",\"rating\":1705,\"seed\":\"sodium,fce4a7ac43cd98d89438c31f357897c9\"}\n>player p2 {\"name\":\"Beni190498\",\"avatar\":\"steven\",\"rating\":1672,\"seed\":\"sodium,366a615a1f1d8c6f15e68cd09c5222cc\"}\n>p1 move relicsong\n>p2 move calmmind\n>p1 move knockoff\n>p2 move recover\n>p1 switch 3\n>p2 move recover\n>p1 move spore\n>p2 move psychic\n>p1 move stickyweb\n>p2 move psychic\n>p1 move spore\n>p2 move psychic\n>p1 move ceaselessedge\n>p2 move psychic\n>p1 move ceaselessedge\n>p2 move psychic\n>p1 switch 5\n>p1 move flareblitz\n>p2 move psychic\n>p1 switch 3\n>p1 move relicsong\n>p2 move recover\n>p2 switch 6\n>p1 move closecombat\n>p2 move thunderwave\n>p2 switch 5\n>p1 move knockoff\n>p2 move ironhead\n>p1 move closecombat\n>p2 move ironhead\n>p1 switch 2\n>p1 move astralbarrage\n>p2 switch 4\n>p1 move astralbarrage terastallize\n>p2 move ceaselessedge\n>forcelose p2", "uploadtime": 1781378611, "views": 7, "formatid": "gen9randombattle", "rating": 1654, "private": 0, "password": null}