{"id": "gen9randombattle-2631626176", "format": "[Gen 9] Random Battle", "players": ["WhatEver2102", "Jadasteel"], "log": "|j|\u2606WhatEver2102\n|j|\u2606Jadasteel\n|t:|1781410926\n|gametype|singles\n|player|p1|WhatEver2102|juan|2045\n|player|p2|Jadasteel|fantina|1999\n|gen|9\n|tier|[Gen 9] Random Battle\n|rated|\n|rule|Species Clause: Limit one of each Pok\u00e9mon\n|rule|HP Percentage Mod: HP is shown in percentages\n|rule|Sleep Clause Mod: Limit one foe put to sleep\n|rule|Illusion Level Mod: Illusion disguises the Pok\u00e9mon's true level\n|\n|t:|1781410926\n|teamsize|p1|6\n|teamsize|p2|6\n|start\n|switch|p1a: Sneasler|Sneasler, L74, M|240/240\n|switch|p2a: Dragonite|Dragonite, L74, F|257/257\n|turn|1\n|inactive|Battle timer is ON: inactive players will automatically lose when time's up. (requested by Jadasteel)\n|\n|t:|1781410932\n|switch|p2a: Golurk|Golurk, L87|297/297\n|move|p1a: Sneasler|U-turn|p2a: Golurk\n|-resisted|p2a: Golurk\n|-damage|p2a: Golurk|261/297\n|-status|p2a: Golurk|psn|[from] ability: Poison Touch|[of] p1a: Sneasler\n|\n|t:|1781410957\n|switch|p1a: Sylveon|Sylveon, L85, F|300/300|[from] U-turn\n|\n|-damage|p2a: Golurk|224/297 psn|[from] psn\n|upkeep\n|turn|2\n|\n|t:|1781410965\n|move|p1a: Sylveon|Protect|p1a: Sylveon\n|-singleturn|p1a: Sylveon|Protect\n|move|p2a: Golurk|Stealth Rock|p1a: Sylveon\n|-sidestart|p1: WhatEver2102|move: Stealth Rock\n|\n|-damage|p2a: Golurk|187/297 psn|[from] psn\n|upkeep\n|turn|3\n|\n|t:|1781410977\n|switch|p2a: Magcargo|Magcargo, L95, F|268/268\n|move|p1a: Sylveon|Hyper Voice|p2a: Magcargo\n|-resisted|p2a: Magcargo\n|-damage|p2a: Magcargo|201/268\n|\n|upkeep\n|turn|4\n|\n|t:|1781410984\n|move|p1a: Sylveon|Wish|p1a: Sylveon\n|move|p2a: Magcargo|Lava Plume|p1a: Sylveon\n|-damage|p1a: Sylveon|225/300\n|-status|p1a: Sylveon|brn\n|\n|-heal|p1a: Sylveon|243/300 brn|[from] item: Leftovers\n|-damage|p1a: Sylveon|225/300 brn|[from] brn\n|upkeep\n|turn|5\n|\n|t:|1781411002\n|switch|p2a: Chimecho|Chimecho, L93, F|290/290\n|move|p1a: Sylveon|Calm Mind|p1a: Sylveon\n|-boost|p1a: Sylveon|spa|1\n|-boost|p1a: Sylveon|spd|1\n|\n|-heal|p1a: Sylveon|300/300 brn|[from] move: Wish|[wisher] Sylveon\n|-damage|p1a: Sylveon|282/300 brn|[from] brn\n|upkeep\n|turn|6\n|\n|t:|1781411008\n|move|p2a: Chimecho|Encore|p1a: Sylveon\n|-start|p1a: Sylveon|Encore\n|move|p1a: Sylveon|Calm Mind|p1a: Sylveon\n|-boost|p1a: Sylveon|spa|1\n|-boost|p1a: Sylveon|spd|1\n|\n|-heal|p1a: Sylveon|300/300 brn|[from] item: Leftovers\n|-damage|p1a: Sylveon|282/300 brn|[from] brn\n|upkeep\n|turn|7\n|\n|t:|1781411021\n|switch|p1a: Torkoal|Torkoal, L88, F|266/266\n|-weather|SunnyDay|[from] ability: Drought|[of] p1a: Torkoal\n|move|p2a: Chimecho|Knock Off|p1a: Torkoal\n|-damage|p1a: Torkoal|232/266\n|-enditem|p1a: Torkoal|Heavy-Duty Boots|[from] move: Knock Off|[of] p2a: Chimecho\n|\n|-weather|SunnyDay|[upkeep]\n|upkeep\n|turn|8\n|\n|t:|1781411037\n|move|p2a: Chimecho|Psychic Noise|p1a: Torkoal\n|-damage|p1a: Torkoal|130/266\n|-start|p1a: Torkoal|move: Heal Block\n|move|p1a: Torkoal|Rapid Spin|p2a: Chimecho\n|-damage|p2a: Chimecho|252/290\n|-boost|p1a: Torkoal|spe|1\n|-sideend|p1: WhatEver2102|Stealth Rock|[from] move: Rapid Spin|[of] p1a: Torkoal\n|\n|-weather|SunnyDay|[upkeep]\n|-heal|p2a: Chimecho|270/290|[from] item: Leftovers\n|upkeep\n|turn|9\n|\n|t:|1781411058\n|move|p2a: Chimecho|Psychic Noise|p1a: Torkoal\n|-crit|p1a: Torkoal\n|-damage|p1a: Torkoal|0 fnt\n|faint|p1a: Torkoal\n|\n|-weather|SunnyDay|[upkeep]\n|-heal|p2a: Chimecho|288/290|[from] item: Leftovers\n|upkeep\n|\n|t:|1781411067\n|switch|p1a: Sneasler|Sneasler, L74, M|240/240\n|turn|10\n|\n|t:|1781411079\n|-terastallize|p2a: Chimecho|Electric\n|move|p1a: Sneasler|U-turn|p2a: Chimecho\n|-damage|p2a: Chimecho|212/290\n|\n|t:|1781411088\n|switch|p1a: Sylveon|Sylveon, L85, F|282/300 brn|[from] U-turn\n|move|p2a: Chimecho|Recover|p2a: Chimecho\n|-heal|p2a: Chimecho|290/290\n|\n|-weather|SunnyDay|[upkeep]\n|-heal|p1a: Sylveon|300/300 brn|[from] item: Leftovers\n|-damage|p1a: Sylveon|282/300 brn|[from] brn\n|upkeep\n|turn|11\n|\n|t:|1781411094\n|move|p2a: Chimecho|Psychic Noise|p1a: Sylveon\n|-damage|p1a: Sylveon|210/300 brn\n|-start|p1a: Sylveon|move: Heal Block\n|move|p1a: Sylveon|Hyper Voice|p2a: Chimecho\n|-crit|p2a: Chimecho\n|-damage|p2a: Chimecho|113/290\n|\n|-weather|none\n|-heal|p2a: Chimecho|131/290|[from] item: Leftovers\n|-damage|p1a: Sylveon|192/300 brn|[from] brn\n|upkeep\n|turn|12\n|\n|t:|1781411107\n|switch|p2a: Magcargo|Magcargo, L95, F|201/268\n|move|p1a: Sylveon|Hyper Voice|p2a: Magcargo\n|-resisted|p2a: Magcargo\n|-damage|p2a: Magcargo|138/268\n|\n|-damage|p1a: Sylveon|174/300 brn|[from] brn\n|-end|p1a: Sylveon|move: Heal Block\n|upkeep\n|turn|13\n|\n|t:|1781411125\n|move|p1a: Sylveon|Wish|p1a: Sylveon\n|move|p2a: Magcargo|Recover|p2a: Magcargo\n|-heal|p2a: Magcargo|268/268\n|\n|-heal|p1a: Sylveon|192/300 brn|[from] item: Leftovers\n|-damage|p1a: Sylveon|174/300 brn|[from] brn\n|upkeep\n|turn|14\n|\n|t:|1781411132\n|move|p1a: Sylveon|Hyper Voice|p2a: Magcargo\n|-resisted|p2a: Magcargo\n|-damage|p2a: Magcargo|205/268\n|move|p2a: Magcargo|Lava Plume|p1a: Sylveon\n|-damage|p1a: Sylveon|101/300 brn\n|\n|-heal|p1a: Sylveon|251/300 brn|[from] move: Wish|[wisher] Sylveon\n|-heal|p1a: Sylveon|269/300 brn|[from] item: Leftovers\n|-damage|p1a: Sylveon|251/300 brn|[from] brn\n|upkeep\n|turn|15\n|\n|t:|1781411140\n|switch|p2a: Chimecho|Chimecho, L93, F, tera:Electric|131/290\n|move|p1a: Sylveon|Calm Mind|p1a: Sylveon\n|-boost|p1a: Sylveon|spa|1\n|-boost|p1a: Sylveon|spd|1\n|\n|-heal|p2a: Chimecho|149/290|[from] item: Leftovers\n|-heal|p1a: Sylveon|269/300 brn|[from] item: Leftovers\n|-damage|p1a: Sylveon|251/300 brn|[from] brn\n|upkeep\n|turn|16\n|\n|t:|1781411151\n|switch|p1a: Oricorio|Oricorio-Sensu, L85, M|266/266\n|move|p2a: Chimecho|Knock Off|p1a: Oricorio\n|-supereffective|p1a: Oricorio\n|-damage|p1a: Oricorio|144/266\n|-enditem|p1a: Oricorio|Heavy-Duty Boots|[from] move: Knock Off|[of] p2a: Chimecho\n|\n|-heal|p2a: Chimecho|167/290|[from] item: Leftovers\n|upkeep\n|turn|17\n|\n|t:|1781411161\n|move|p1a: Oricorio|Revelation Dance|p2a: Chimecho\n|-damage|p2a: Chimecho|80/290\n|move|p2a: Chimecho|Encore|p1a: Oricorio\n|-start|p1a: Oricorio|Encore\n|\n|-heal|p2a: Chimecho|98/290|[from] item: Leftovers\n|upkeep\n|turn|18\n|\n|t:|1781411170\n|switch|p1a: Sylveon|Sylveon, L85, F|251/300 brn\n|move|p2a: Chimecho|Recover|p2a: Chimecho\n|-heal|p2a: Chimecho|243/290\n|\n|-heal|p2a: Chimecho|261/290|[from] item: Leftovers\n|-heal|p1a: Sylveon|269/300 brn|[from] item: Leftovers\n|-damage|p1a: Sylveon|251/300 brn|[from] brn\n|upkeep\n|turn|19\n|\n|t:|1781411174\n|move|p2a: Chimecho|Knock Off|p1a: Sylveon\n|-resisted|p1a: Sylveon\n|-damage|p1a: Sylveon|217/300 brn\n|-enditem|p1a: Sylveon|Leftovers|[from] move: Knock Off|[of] p2a: Chimecho\n|move|p1a: Sylveon|Hyper Voice|p2a: Chimecho\n|-damage|p2a: Chimecho|153/290\n|\n|-heal|p2a: Chimecho|171/290|[from] item: Leftovers\n|-damage|p1a: Sylveon|199/300 brn|[from] brn\n|upkeep\n|turn|20\n|\n|t:|1781411180\n|move|p2a: Chimecho|Psychic Noise|p1a: Sylveon\n|-damage|p1a: Sylveon|135/300 brn\n|-start|p1a: Sylveon|move: Heal Block\n|move|p1a: Sylveon|Hyper Voice|p2a: Chimecho\n|-damage|p2a: Chimecho|53/290\n|\n|-heal|p2a: Chimecho|71/290|[from] item: Leftovers\n|-damage|p1a: Sylveon|117/300 brn|[from] brn\n|upkeep\n|turn|21\n|\n|t:|1781411184\n|move|p2a: Chimecho|Recover|p2a: Chimecho\n|-heal|p2a: Chimecho|216/290\n|move|p1a: Sylveon|Hyper Voice|p2a: Chimecho\n|-damage|p2a: Chimecho|96/290\n|\n|-heal|p2a: Chimecho|114/290|[from] item: Leftovers\n|-damage|p1a: Sylveon|99/300 brn|[from] brn\n|-end|p1a: Sylveon|move: Heal Block\n|upkeep\n|turn|22\n|\n|t:|1781411187\n|move|p2a: Chimecho|Psychic Noise|p1a: Sylveon\n|-damage|p1a: Sylveon|33/300 brn\n|-start|p1a: Sylveon|move: Heal Block\n|move|p1a: Sylveon|Hyper Voice|p2a: Chimecho\n|-damage|p2a: Chimecho|0 fnt\n|faint|p2a: Chimecho\n|\n|-damage|p1a: Sylveon|15/300 brn|[from] brn\n|upkeep\n|\n|t:|1781411196\n|switch|p2a: Golurk|Golurk, L87|187/297 psn\n|turn|23\n|\n|t:|1781411202\n|move|p1a: Sylveon|Hyper Voice|p2a: Golurk\n|-damage|p2a: Golurk|55/297 psn\n|move|p2a: Golurk|Stealth Rock|p1a: Sylveon\n|-sidestart|p1: WhatEver2102|move: Stealth Rock\n|\n|-damage|p2a: Golurk|18/297 psn|[from] psn\n|-damage|p1a: Sylveon|0 fnt|[from] brn\n|faint|p1a: Sylveon\n|upkeep\n|\n|t:|1781411222\n|switch|p1a: Oricorio|Oricorio-Sensu, L85, M|144/266\n|-damage|p1a: Oricorio|78/266|[from] Stealth Rock\n|turn|24\n|\n|t:|1781411232\n|move|p1a: Oricorio|Revelation Dance|p2a: Golurk\n|-supereffective|p2a: Golurk\n|-crit|p2a: Golurk\n|-damage|p2a: Golurk|0 fnt\n|faint|p2a: Golurk\n|\n|upkeep\n|\n|t:|1781411243\n|switch|p2a: Froslass|Froslass, L87, F|263/263\n|turn|25\n|\n|t:|1781411259\n|move|p2a: Froslass|Triple Axel|p1a: Oricorio\n|-supereffective|p1a: Oricorio\n|-damage|p1a: Oricorio|34/266\n|-supereffective|p1a: Oricorio\n|-damage|p1a: Oricorio|0 fnt\n|faint|p1a: Oricorio\n|-hitcount|p1: Oricorio|2\n|\n|upkeep\n|\n|t:|1781411266\n|switch|p1a: Ariados|Ariados, L95, M|287/287\n|turn|26\n|\n|t:|1781411270\n|move|p2a: Froslass|Taunt|p1a: Ariados\n|-start|p1a: Ariados|move: Taunt\n|cant|p1a: Ariados|move: Taunt|Sticky Web\n|\n|upkeep\n|turn|27\n|\n|t:|1781411276\n|move|p2a: Froslass|Will-O-Wisp|p1a: Ariados\n|-status|p1a: Ariados|brn\n|move|p1a: Ariados|Poison Jab|p2a: Froslass\n|-resisted|p2a: Froslass\n|-damage|p2a: Froslass|233/263\n|-start|p1a: Ariados|Disable|Poison Jab|[from] ability: Cursed Body|[of] p2a: Froslass\n|\n|-damage|p1a: Ariados|270/287 brn|[from] brn\n|upkeep\n|turn|28\n|\n|t:|1781411286\n|move|p1a: Ariados|Sucker Punch|p2a: Froslass\n|-supereffective|p2a: Froslass\n|-damage|p2a: Froslass|163/263\n|move|p2a: Froslass|Triple Axel|p1a: Ariados\n|-damage|p1a: Ariados|251/287 brn\n|-crit|p1a: Ariados\n|-damage|p1a: Ariados|188/287 brn\n|-damage|p1a: Ariados|122/287 brn\n|-hitcount|p1a: Ariados|3\n|\n|-damage|p1a: Ariados|105/287 brn|[from] brn\n|-end|p1a: Ariados|move: Taunt\n|upkeep\n|turn|29\n|\n|t:|1781411294\n|move|p2a: Froslass|Poltergeist|p1a: Ariados\n|-activate|p1a: Ariados|move: Poltergeist|Heavy-Duty Boots\n|-damage|p1a: Ariados|2/287 brn\n|move|p1a: Ariados|Megahorn|p2a: Froslass\n|-resisted|p2a: Froslass\n|-damage|p2a: Froslass|103/263\n|\n|-damage|p1a: Ariados|0 fnt|[from] brn\n|faint|p1a: Ariados\n|upkeep\n|\n|t:|1781411304\n|switch|p1a: Zapdos|Zapdos-Galar, L77|265/265\n|-damage|p1a: Zapdos|232/265|[from] Stealth Rock\n|turn|30\n|\n|t:|1781411309\n|move|p1a: Zapdos|Knock Off|p2a: Froslass\n|-supereffective|p2a: Froslass\n|-damage|p2a: Froslass|0 fnt\n|-enditem|p2a: Froslass|Wide Lens|[from] move: Knock Off|[of] p1a: Zapdos\n|faint|p2a: Froslass\n|\n|upkeep\n|\n|t:|1781411317\n|switch|p2a: Koraidon|Koraidon, L64|235/235\n|-weather|SunnyDay|[from] ability: Orichalcum Pulse|[of] p2a: Koraidon\n|-activate|p2a: Koraidon|Orichalcum Pulse|[source]\n|turn|31\n|\n|t:|1781411322\n|move|p1a: Zapdos|Knock Off|p2a: Koraidon\n|-resisted|p2a: Koraidon\n|-damage|p2a: Koraidon|197/235\n|-enditem|p2a: Koraidon|Loaded Dice|[from] move: Knock Off|[of] p1a: Zapdos\n|move|p2a: Koraidon|Swords Dance|p2a: Koraidon\n|-boost|p2a: Koraidon|atk|2\n|\n|-weather|SunnyDay|[upkeep]\n|upkeep\n|turn|32\n|\n|t:|1781411327\n|switch|p1a: Sneasler|Sneasler, L74, M|240/240\n|-damage|p1a: Sneasler|225/240|[from] Stealth Rock\n|move|p2a: Koraidon|Scale Shot|p1a: Sneasler\n|-damage|p1a: Sneasler|146/240\n|-damage|p1a: Sneasler|65/240\n|-crit|p1a: Sneasler\n|-damage|p1a: Sneasler|0 fnt\n|faint|p1a: Sneasler\n|-hitcount|p1: Sneasler|3\n|-unboost|p2a: Koraidon|def|1\n|-boost|p2a: Koraidon|spe|1\n|\n|-weather|SunnyDay|[upkeep]\n|upkeep\n|\n|t:|1781411330\n|switch|p1a: Zapdos|Zapdos-Galar, L77|232/265\n|-damage|p1a: Zapdos|199/265|[from] Stealth Rock\n|turn|33\n|\n|t:|1781411339\n|move|p2a: Koraidon|Flare Blitz|p1a: Zapdos\n|-damage|p1a: Zapdos|0 fnt\n|faint|p1a: Zapdos\n|-damage|p2a: Koraidon|131/235|[from] Recoil\n|\n|win|Jadasteel\n", "inputlog": ">version a8376a258c1d4662feba110a92103f3664a72141\n>start {\"formatid\":\"gen9randombattle\",\"seed\":\"sodium,4333857a36b4661da4ca296c233f1482\",\"rated\":\"Rated battle\"}\n>player p1 {\"name\":\"WhatEver2102\",\"avatar\":\"juan\",\"rating\":2045,\"seed\":\"sodium,9ecda236347dfa79adb31f92375138fb\"}\n>player p2 {\"name\":\"Jadasteel\",\"avatar\":\"fantina\",\"rating\":1999,\"seed\":\"sodium,709d3d298840d88b47ceacbea6c89b83\"}\n>p1 move uturn\n>p2 switch 6\n>p1 switch 5\n>p1 move protect\n>p2 move stealthrock\n>p1 move hypervoice\n>p2 switch 2\n>p1 move wish\n>p2 move lavaplume\n>p1 move calmmind\n>p2 switch 4\n>p1 move calmmind\n>p2 move encore\n>p1 switch 6\n>p2 move knockoff\n>p1 move rapidspin\n>p2 move psychicnoise\n>p1 move stealthrock\n>p2 move psychicnoise\n>p1 switch 5\n>p1 move uturn\n>p2 move recover terastallize\n>p1 switch 6\n>p1 move hypervoice\n>p2 move psychicnoise\n>p1 move hypervoice\n>p2 switch 4\n>p1 move wish\n>p2 move recover\n>p1 move hypervoice\n>p2 move lavaplume\n>p1 move calmmind\n>p2 switch 4\n>p1 switch 4\n>p2 move knockoff\n>p1 move revelationdance\n>p2 move encore\n>p1 switch 4\n>p2 move recover\n>p1 move hypervoice\n>p2 move knockoff\n>p1 move hypervoice\n>p2 move psychicnoise\n>p1 move hypervoice\n>p2 move recover\n>p1 move hypervoice\n>p2 move psychicnoise\n>p2 switch 2\n>p1 move hypervoice\n>p2 move stealthrock\n>p1 switch 4\n>p1 move revelationdance\n>p2 move earthquake\n>p2 switch 3\n>p1 move revelationdance\n>p2 move tripleaxel\n>p1 switch 2\n>p1 move stickyweb\n>p2 move taunt\n>p1 move poisonjab\n>p2 move willowisp\n>p1 move suckerpunch\n>p2 move tripleaxel\n>p1 move megahorn\n>p2 move poltergeist\n>p1 switch 3\n>p1 move knockoff\n>p2 move willowisp\n>p2 switch 5\n>p1 move knockoff\n>p2 move swordsdance\n>p1 switch 6\n>p2 move scaleshot\n>p1 switch 6\n>p1 move bravebird\n>p2 move flareblitz", "uploadtime": 1781410928, "views": 4, "formatid": "gen9randombattle", "rating": null, "private": 0, "password": null}