{"id": "gen9randombattle-2631845239", "format": "[Gen 9] Random Battle", "players": ["Aminator3000", "PTSree"], "log": "|j|\u2606Aminator3000\n|j|\u2606PTSree\n|t:|1781447391\n|gametype|singles\n|player|p1|Aminator3000|266|1977\n|player|p2|PTSree|1|1958\n|gen|9\n|tier|[Gen 9] Random Battle\n|rated|\n|rule|Species Clause: Limit one of each Pok\u00e9mon\n|rule|HP Percentage Mod: HP is shown in percentages\n|rule|Sleep Clause Mod: Limit one foe put to sleep\n|rule|Illusion Level Mod: Illusion disguises the Pok\u00e9mon's true level\n|\n|t:|1781447391\n|teamsize|p1|6\n|teamsize|p2|6\n|start\n|switch|p1a: Lapras|Lapras, L87, M|367/367\n|switch|p2a: Pecharunt|Pecharunt, L77|262/262\n|turn|1\n|inactive|Battle timer is ON: inactive players will automatically lose when time's up. (requested by Aminator3000)\n|\n|t:|1781447403\n|move|p2a: Pecharunt|Malignant Chain|p1a: Lapras\n|-damage|p1a: Lapras|294/367\n|-status|p1a: Lapras|tox\n|-start|p1a: Lapras|confusion|[from] ability: Poison Puppeteer|[of] p2a: Pecharunt\n|-activate|p1a: Lapras|confusion\n|move|p1a: Lapras|Dragon Dance|p1a: Lapras\n|-boost|p1a: Lapras|atk|1\n|-boost|p1a: Lapras|spe|1\n|\n|-damage|p1a: Lapras|272/367 tox|[from] psn\n|upkeep\n|turn|2\n|inactive|PTSree has 120 seconds left.\n|\n|t:|1781447437\n|-activate|p1a: Lapras|confusion\n|move|p1a: Lapras|Earthquake|p2a: Pecharunt\n|-supereffective|p2a: Pecharunt\n|-damage|p2a: Pecharunt|112/262\n|move|p2a: Pecharunt|Shadow Ball|p1a: Lapras\n|-damage|p1a: Lapras|208/367 tox\n|\n|-heal|p2a: Pecharunt|128/262|[from] item: Leftovers\n|-damage|p1a: Lapras|164/367 tox|[from] psn\n|upkeep\n|turn|3\n|inactive|PTSree has 120 seconds left.\n|\n|t:|1781447459\n|switch|p2a: Oricorio|Oricorio-Sensu, L85, F|266/266\n|-activate|p1a: Lapras|confusion\n|move|p1a: Lapras|Icicle Spear|p2a: Oricorio\n|-supereffective|p2a: Oricorio\n|-damage|p2a: Oricorio|176/266\n|-supereffective|p2a: Oricorio\n|-damage|p2a: Oricorio|86/266\n|-supereffective|p2a: Oricorio\n|-damage|p2a: Oricorio|0 fnt\n|faint|p2a: Oricorio\n|-hitcount|p2: Oricorio|3\n|\n|-damage|p1a: Lapras|98/367 tox|[from] psn\n|upkeep\n|\n|t:|1781447466\n|switch|p2a: Heatran|Heatran, L79, M|273/273\n|-item|p2a: Heatran|Air Balloon\n|turn|4\n|\n|t:|1781447478\n|switch|p2a: Dragonite|Dragonite, L74, M|257/257\n|-end|p1a: Lapras|confusion\n|move|p1a: Lapras|Waterfall|p2a: Dragonite\n|-resisted|p2a: Dragonite\n|-damage|p2a: Dragonite|224/257\n|\n|-damage|p1a: Lapras|10/367 tox|[from] psn\n|upkeep\n|turn|5\n|\n|t:|1781447495\n|switch|p2a: Pecharunt|Pecharunt, L77|128/262\n|move|p1a: Lapras|Icicle Spear|p2a: Pecharunt\n|-damage|p2a: Pecharunt|103/262\n|-damage|p2a: Pecharunt|78/262\n|-damage|p2a: Pecharunt|51/262\n|-damage|p2a: Pecharunt|26/262\n|-damage|p2a: Pecharunt|0 fnt\n|faint|p2a: Pecharunt\n|-hitcount|p2: Pecharunt|5\n|\n|-damage|p1a: Lapras|0 fnt|[from] psn\n|faint|p1a: Lapras\n|upkeep\n|\n|t:|1781447514\n|switch|p2a: Heatran|Heatran, L79, M|273/273\n|switch|p1a: Luvdisc|Luvdisc, M|247/247\n|-item|p2a: Heatran|Air Balloon\n|turn|6\n|\n|t:|1781447525\n|switch|p2a: Reshiram|Reshiram, L76|277/277\n|-ability|p2a: Reshiram|Turboblaze\n|move|p1a: Luvdisc|Whirlpool|p2a: Reshiram\n|-damage|p2a: Reshiram|250/277\n|-activate|p2a: Reshiram|move: Whirlpool|[of] p1a: Luvdisc\n|\n|-damage|p2a: Reshiram|216/277|[from] move: Whirlpool|[partiallytrapped]\n|upkeep\n|turn|7\n|\n|t:|1781447535\n|move|p1a: Luvdisc|Substitute|p1a: Luvdisc\n|-start|p1a: Luvdisc|Substitute\n|-damage|p1a: Luvdisc|186/247\n|move|p2a: Reshiram|Dragon Tail|p1a: Luvdisc\n|-end|p1a: Luvdisc|Substitute\n|\n|-damage|p2a: Reshiram|182/277|[from] move: Whirlpool|[partiallytrapped]\n|upkeep\n|turn|8\n|inactive|PTSree has 120 seconds left.\n|\n|t:|1781447544\n|move|p1a: Luvdisc|Substitute|p1a: Luvdisc\n|-start|p1a: Luvdisc|Substitute\n|-damage|p1a: Luvdisc|125/247\n|move|p2a: Reshiram|Earth Power|p1a: Luvdisc\n|-end|p1a: Luvdisc|Substitute\n|\n|-damage|p2a: Reshiram|148/277|[from] move: Whirlpool|[partiallytrapped]\n|upkeep\n|turn|9\n|\n|t:|1781447552\n|move|p1a: Luvdisc|Substitute|p1a: Luvdisc\n|-start|p1a: Luvdisc|Substitute\n|-damage|p1a: Luvdisc|64/247\n|move|p2a: Reshiram|Earth Power|p1a: Luvdisc\n|-end|p1a: Luvdisc|Substitute\n|\n|-damage|p2a: Reshiram|114/277|[from] move: Whirlpool|[partiallytrapped]\n|upkeep\n|turn|10\n|\n|t:|1781447559\n|move|p1a: Luvdisc|Substitute|p1a: Luvdisc\n|-start|p1a: Luvdisc|Substitute\n|-damage|p1a: Luvdisc|3/247\n|move|p2a: Reshiram|Earth Power|p1a: Luvdisc\n|-end|p1a: Luvdisc|Substitute\n|\n|-end|p2a: Reshiram|Whirlpool|[partiallytrapped]\n|upkeep\n|turn|11\n|\n|t:|1781447569\n|switch|p1a: Misdreavus|Misdreavus, L90, M|254/254\n|move|p2a: Reshiram|Earth Power|p1a: Misdreavus\n|-crit|p1a: Misdreavus\n|-damage|p1a: Misdreavus|179/254\n|\n|upkeep\n|turn|12\n|\n|t:|1781447576\n|move|p1a: Misdreavus|Shadow Ball|p2a: Reshiram\n|-damage|p2a: Reshiram|33/277\n|-unboost|p2a: Reshiram|spd|1\n|move|p2a: Reshiram|Dragon Tail|p1a: Misdreavus\n|-damage|p1a: Misdreavus|130/254\n|drag|p1a: Medicham|Medicham, L86, F|243/243\n|\n|upkeep\n|turn|13\n|\n|t:|1781447594\n|move|p1a: Medicham|Zen Headbutt|p2a: Reshiram\n|-crit|p2a: Reshiram\n|-damage|p2a: Reshiram|0 fnt\n|faint|p2a: Reshiram\n|\n|upkeep\n|\n|t:|1781447609\n|switch|p2a: Heatran|Heatran, L79, M|273/273\n|-item|p2a: Heatran|Air Balloon\n|turn|14\n|\n|t:|1781447619\n|switch|p1a: Ceruledge|Ceruledge, L78, M|245/245\n|move|p2a: Heatran|Heavy Slam|p1a: Ceruledge\n|-resisted|p1a: Ceruledge\n|-damage|p1a: Ceruledge|182/245\n|-ability|p1a: Ceruledge|Weak Armor|boost\n|-unboost|p1a: Ceruledge|def|1\n|-boost|p1a: Ceruledge|spe|2\n|\n|upkeep\n|turn|15\n|\n|t:|1781447631\n|move|p1a: Ceruledge|Swords Dance|p1a: Ceruledge\n|-boost|p1a: Ceruledge|atk|2\n|move|p2a: Heatran|Earth Power|p1a: Ceruledge\n|-supereffective|p1a: Ceruledge\n|-damage|p1a: Ceruledge|54/245\n|\n|upkeep\n|turn|16\n|\n|t:|1781447638\n|move|p1a: Ceruledge|Poltergeist|p2a: Heatran|[miss]\n|-miss|p1a: Ceruledge|p2a: Heatran\n|move|p2a: Heatran|Earth Power|p1a: Ceruledge\n|-supereffective|p1a: Ceruledge\n|-damage|p1a: Ceruledge|0 fnt\n|faint|p1a: Ceruledge\n|\n|upkeep\n|\n|t:|1781447646\n|switch|p1a: Medicham|Medicham, L86, F|243/243\n|turn|17\n|inactive|PTSree has 120 seconds left.\n|\n|t:|1781447699\n|move|p1a: Medicham|Zen Headbutt|p2a: Heatran\n|-resisted|p2a: Heatran\n|-damage|p2a: Heatran|189/273\n|-enditem|p2a: Heatran|Air Balloon\n|move|p2a: Heatran|Magma Storm|p1a: Medicham\n|-damage|p1a: Medicham|101/243\n|-activate|p1a: Medicham|move: Magma Storm|[of] p2a: Heatran\n|\n|-damage|p1a: Medicham|71/243|[from] move: Magma Storm|[partiallytrapped]\n|upkeep\n|turn|18\n|\n|t:|1781447711\n|move|p1a: Medicham|Zen Headbutt|p2a: Heatran\n|-resisted|p2a: Heatran\n|-damage|p2a: Heatran|109/273\n|move|p2a: Heatran|Heavy Slam|p1a: Medicham\n|-damage|p1a: Medicham|0 fnt\n|faint|p1a: Medicham\n|\n|upkeep\n|\n|t:|1781447721\n|switch|p1a: Misdreavus|Misdreavus, L90, M|130/254\n|turn|19\n|\n|t:|1781447726\n|move|p1a: Misdreavus|Shadow Ball|p2a: Heatran\n|-damage|p2a: Heatran|24/273\n|move|p2a: Heatran|Stealth Rock|p1a: Misdreavus\n|-sidestart|p1: Aminator3000|move: Stealth Rock\n|\n|upkeep\n|turn|20\n|inactive|PTSree has 120 seconds left.\n|\n|t:|1781447733\n|move|p1a: Misdreavus|Shadow Ball|p2a: Heatran\n|-damage|p2a: Heatran|0 fnt\n|faint|p2a: Heatran\n|\n|upkeep\n|inactive|PTSree has 120 seconds left.\n|\n|t:|1781447760\n|switch|p2a: Falinks|Falinks, L84|246/246\n|turn|21\n|\n|t:|1781447770\n|-terastallize|p2a: Falinks|Dark\n|move|p1a: Misdreavus|Will-O-Wisp|p2a: Falinks\n|-status|p2a: Falinks|brn\n|move|p2a: Falinks|No Retreat|p2a: Falinks\n|-boost|p2a: Falinks|atk|1\n|-boost|p2a: Falinks|def|1\n|-boost|p2a: Falinks|spa|1\n|-boost|p2a: Falinks|spd|1\n|-boost|p2a: Falinks|spe|1\n|-start|p2a: Falinks|move: No Retreat\n|\n|-damage|p2a: Falinks|231/246 brn|[from] brn\n|upkeep\n|turn|22\n|\n|t:|1781447781\n|-terastallize|p1a: Misdreavus|Fairy\n|move|p2a: Falinks|Knock Off|p1a: Misdreavus\n|-resisted|p1a: Misdreavus\n|-damage|p1a: Misdreavus|88/254\n|-enditem|p1a: Misdreavus|Eviolite|[from] move: Knock Off|[of] p2a: Falinks\n|-damage|p2a: Falinks|207/246 brn|[from] item: Life Orb\n|move|p1a: Misdreavus|Draining Kiss|p2a: Falinks\n|-supereffective|p2a: Falinks\n|-damage|p2a: Falinks|87/246 brn\n|-heal|p1a: Misdreavus|178/254|[from] drain|[of] p2a: Falinks\n|\n|-damage|p2a: Falinks|72/246 brn|[from] brn\n|upkeep\n|turn|23\n|\n|t:|1781447794\n|move|p2a: Falinks|Iron Head|p1a: Misdreavus\n|-supereffective|p1a: Misdreavus\n|-damage|p1a: Misdreavus|51/254\n|-damage|p2a: Falinks|48/246 brn|[from] item: Life Orb\n|move|p1a: Misdreavus|Draining Kiss|p2a: Falinks\n|-supereffective|p2a: Falinks\n|-damage|p2a: Falinks|0 fnt\n|-heal|p1a: Misdreavus|87/254|[from] drain|[of] p2a: Falinks\n|faint|p2a: Falinks\n|\n|upkeep\n|inactive|PTSree has 120 seconds left.\n|\n|t:|1781447802\n|switch|p2a: Dragonite|Dragonite, L74, M|224/257\n|turn|24\n|\n|t:|1781447811\n|move|p1a: Misdreavus|Draining Kiss|p2a: Dragonite\n|-supereffective|p2a: Dragonite\n|-damage|p2a: Dragonite|84/257\n|-heal|p1a: Misdreavus|192/254|[from] drain|[of] p2a: Dragonite\n|move|p2a: Dragonite|Dragon Dance|p2a: Dragonite\n|-boost|p2a: Dragonite|atk|1\n|-boost|p2a: Dragonite|spe|1\n|\n|upkeep\n|turn|25\n|\n|t:|1781447824\n|move|p2a: Dragonite|Earthquake|p1a: Misdreavus\n|-immune|p1a: Misdreavus|[from] ability: Levitate\n|move|p1a: Misdreavus|Draining Kiss|p2a: Dragonite\n|-supereffective|p2a: Dragonite\n|-damage|p2a: Dragonite|0 fnt\n|-heal|p1a: Misdreavus|254/254|[from] drain|[of] p2a: Dragonite\n|faint|p2a: Dragonite\n|\n|win|Aminator3000\n", "inputlog": ">version a8376a258c1d4662feba110a92103f3664a72141\n>start {\"formatid\":\"gen9randombattle\",\"seed\":\"sodium,1a20393d3925b1630c3c72566a20197d\",\"rated\":\"Rated battle\"}\n>player p1 {\"name\":\"Aminator3000\",\"avatar\":\"266\",\"rating\":1977,\"seed\":\"sodium,aec00b3937b5cdf0fff34c0cbd38ba03\"}\n>player p2 {\"name\":\"PTSree\",\"avatar\":\"1\",\"rating\":1958,\"seed\":\"sodium,dee2e3bf95eabf46b990237642b3754c\"}\n>p1 move dragondance\n>p2 move malignantchain\n>p1 move earthquake\n>p2 move shadowball\n>p1 move iciclespear\n>p2 switch 5\n>p2 switch 4\n>p1 move waterfall\n>p2 switch 3\n>p1 move iciclespear\n>p2 switch 5\n>p1 switch 3\n>p2 switch 3\n>p1 move whirlpool\n>p2 switch 2\n>p1 move substitute\n>p2 move dragontail\n>p1 move substitute\n>p2 move earthpower\n>p1 move substitute\n>p2 move earthpower\n>p1 move substitute\n>p2 move earthpower\n>p1 switch 2\n>p2 move earthpower\n>p1 move shadowball\n>p2 move dragontail\n>p1 move zenheadbutt\n>p2 move blueflare\n>p2 switch 2\n>p1 switch 4\n>p2 move heavyslam\n>p1 move swordsdance\n>p2 move earthpower\n>p1 move poltergeist\n>p2 move earthpower\n>p1 switch 4\n>p1 move zenheadbutt\n>p2 move magmastorm\n>p1 move zenheadbutt\n>p2 move heavyslam\n>p1 switch 6\n>p1 move shadowball\n>p2 move stealthrock\n>p1 move shadowball\n>p2 move heavyslam\n>p2 switch 6\n>p1 move willowisp\n>p2 move noretreat terastallize\n>p1 move drainingkiss terastallize\n>p2 move knockoff\n>p1 move drainingkiss\n>p2 move ironhead\n>p2 switch 5\n>p1 move drainingkiss\n>p2 move dragondance\n>p1 move drainingkiss\n>p2 move earthquake", "uploadtime": 1781447392, "views": 5, "formatid": "gen9randombattle", "rating": null, "private": 0, "password": null}