{"id": "gen9randombattle-2631546020", "format": "[Gen 9] Random Battle", "players": ["angsi", "Addddlleyy"], "log": "|j|\u2606angsi\n|j|\u2606Addddlleyy\n|t:|1781399416\n|gametype|singles\n|player|p1|angsi|1|1963\n|player|p2|Addddlleyy|swimmer|2020\n|gen|9\n|tier|[Gen 9] Random Battle\n|rated|\n|rule|Species Clause: Limit one of each Pok\u00e9mon\n|rule|HP Percentage Mod: HP is shown in percentages\n|rule|Sleep Clause Mod: Limit one foe put to sleep\n|rule|Illusion Level Mod: Illusion disguises the Pok\u00e9mon's true level\n|\n|t:|1781399416\n|teamsize|p1|6\n|teamsize|p2|6\n|start\n|switch|p1a: Weavile|Weavile, L79, M|240/240\n|switch|p2a: Baxcalibur|Baxcalibur, L75, F|295/295\n|turn|1\n|inactive|Battle timer is ON: inactive players will automatically lose when time's up. (requested by Addddlleyy)\n|\n|t:|1781399428\n|move|p1a: Weavile|Triple Axel|p2a: Baxcalibur\n|-damage|p2a: Baxcalibur|271/295\n|-damage|p2a: Baxcalibur|220/295\n|-damage|p2a: Baxcalibur|150/295\n|-hitcount|p2a: Baxcalibur|3\n|move|p2a: Baxcalibur|Scale Shot|p1a: Weavile\n|-damage|p1a: Weavile|197/240\n|-damage|p1a: Weavile|157/240\n|-damage|p1a: Weavile|120/240\n|-damage|p1a: Weavile|83/240\n|-crit|p1a: Weavile\n|-damage|p1a: Weavile|25/240\n|-hitcount|p1a: Weavile|5\n|-unboost|p2a: Baxcalibur|def|1\n|-boost|p2a: Baxcalibur|spe|1\n|\n|upkeep\n|turn|2\n|\n|t:|1781399444\n|move|p1a: Weavile|Ice Shard|p2a: Baxcalibur\n|-damage|p2a: Baxcalibur|80/295\n|move|p2a: Baxcalibur|Icicle Spear|p1a: Weavile\n|-resisted|p1a: Weavile\n|-damage|p1a: Weavile|7/240\n|-resisted|p1a: Weavile\n|-damage|p1a: Weavile|0 fnt\n|faint|p1a: Weavile\n|-hitcount|p1: Weavile|2\n|\n|upkeep\n|\n|t:|1781399448\n|switch|p1a: Dachsbun|Dachsbun, L92, F|254/254\n|turn|3\n|\n|t:|1781399458\n|switch|p2a: Cinderace|Cinderace, L77, M|249/249\n|move|p1a: Dachsbun|Play Rough|p2a: Cinderace\n|-resisted|p2a: Cinderace\n|-damage|p2a: Cinderace|195/249\n|\n|upkeep\n|turn|4\n|\n|t:|1781399465\n|switch|p1a: Lanturn|Lanturn, L89, F|367/367\n|move|p2a: Cinderace|Gunk Shot|p1a: Lanturn\n|-start|p2a: Cinderace|typechange|Poison|[from] ability: Libero\n|-damage|p1a: Lanturn|223/367\n|-status|p1a: Lanturn|psn\n|\n|-damage|p1a: Lanturn|178/367 psn|[from] psn\n|upkeep\n|turn|5\n|\n|t:|1781399479\n|switch|p2a: Phione|Phione, L91|293/293\n|move|p1a: Lanturn|Thunder Wave|p2a: Phione\n|-status|p2a: Phione|par\n|\n|-damage|p1a: Lanturn|133/367 psn|[from] psn\n|upkeep\n|turn|6\n|\n|t:|1781399488\n|switch|p1a: Hoopa|Hoopa, L85|275/275\n|switch|p2a: Appletun|Appletun, L92, F|352/352\n|\n|upkeep\n|turn|7\n|\n|t:|1781399493\n|move|p1a: Hoopa|Nasty Plot|p1a: Hoopa\n|-boost|p1a: Hoopa|spa|2\n|move|p2a: Appletun|Dragon Tail|p1a: Hoopa\n|-damage|p1a: Hoopa|188/275\n|drag|p1a: Toedscruel|Toedscruel, L87, M|281/281\n|\n|upkeep\n|turn|8\n|\n|t:|1781399508\n|switch|p1a: Dachsbun|Dachsbun, L92, F|254/254\n|move|p2a: Appletun|Dragon Tail|p1a: Dachsbun\n|-immune|p1a: Dachsbun\n|\n|upkeep\n|turn|9\n|\n|t:|1781399514\n|switch|p2a: Cinderace|Cinderace, L77, M|195/249\n|move|p1a: Dachsbun|Wish|p1a: Dachsbun\n|\n|upkeep\n|turn|10\n|\n|t:|1781399521\n|switch|p1a: Sneasler|Sneasler, L74, M|240/240\n|move|p2a: Cinderace|Gunk Shot|p1a: Sneasler\n|-start|p2a: Cinderace|typechange|Poison|[from] ability: Libero\n|-resisted|p1a: Sneasler\n|-damage|p1a: Sneasler|153/240\n|\n|-heal|p1a: Sneasler|240/240|[from] move: Wish|[wisher] Dachsbun\n|upkeep\n|turn|11\n|\n|t:|1781399532\n|move|p2a: Cinderace|Pyro Ball|p1a: Sneasler\n|-damage|p1a: Sneasler|120/240\n|move|p1a: Sneasler|Dire Claw|p2a: Cinderace\n|-resisted|p2a: Cinderace\n|-damage|p2a: Cinderace|125/249\n|\n|upkeep\n|turn|12\n|\n|t:|1781399542\n|switch|p1a: Dachsbun|Dachsbun, L92, F|254/254\n|move|p2a: Cinderace|Gunk Shot|p1a: Dachsbun\n|-supereffective|p1a: Dachsbun\n|-damage|p1a: Dachsbun|80/254\n|-status|p1a: Dachsbun|psn\n|\n|-heal|p1a: Dachsbun|95/254 psn|[from] item: Leftovers\n|-damage|p1a: Dachsbun|64/254 psn|[from] psn\n|upkeep\n|turn|13\n|-message|angsi forfeited.\n|\n|win|Addddlleyy\n", "inputlog": ">version a8376a258c1d4662feba110a92103f3664a72141\n>start {\"formatid\":\"gen9randombattle\",\"seed\":\"sodium,ce1af57fb5feabddd7cb88efcbf38f3f\",\"rated\":\"Rated battle\"}\n>player p1 {\"name\":\"angsi\",\"avatar\":\"1\",\"rating\":1963,\"seed\":\"sodium,9acee019781a52c38d070b50977680df\"}\n>player p2 {\"name\":\"Addddlleyy\",\"avatar\":\"swimmer\",\"rating\":2020,\"seed\":\"sodium,dc82b39c7431566fadf1b4ca27bdf6a3\"}\n>p1 move tripleaxel\n>p2 move scaleshot\n>p1 move iceshard\n>p2 move iciclespear\n>p1 switch 6\n>p1 move playrough\n>p2 switch 5\n>p1 switch 2\n>p2 move gunkshot\n>p1 move thunderwave\n>p2 switch 2\n>p1 switch 3\n>p2 switch 3\n>p1 move nastyplot\n>p2 move dragontail\n>p1 switch 2\n>p2 move dragontail\n>p1 move wish\n>p2 switch 2\n>p1 switch 5\n>p2 move gunkshot\n>p1 move direclaw\n>p2 move pyroball\n>p1 switch 5\n>p2 move gunkshot\n>forcelose p1", "uploadtime": 1781399418, "views": 4, "formatid": "gen9randombattle", "rating": null, "private": 0, "password": null}