{"id": "gen9randombattle-2631740149", "format": "[Gen 9] Random Battle", "players": ["louiszhang", "I'm A Nooby"], "log": "|j|\u2606louiszhang\n|j|\u2606I'm A Nooby\n|t:|1781431828\n|gametype|singles\n|player|p1|louiszhang|101|1597\n|player|p2|I'm A Nooby|2|1679\n|gen|9\n|tier|[Gen 9] Random Battle\n|rated|\n|rule|Species Clause: Limit one of each Pok\u00e9mon\n|rule|HP Percentage Mod: HP is shown in percentages\n|rule|Sleep Clause Mod: Limit one foe put to sleep\n|rule|Illusion Level Mod: Illusion disguises the Pok\u00e9mon's true level\n|\n|t:|1781431828\n|teamsize|p1|6\n|teamsize|p2|6\n|start\n|switch|p1a: Terrakion|Terrakion, L79|273/273\n|switch|p2a: Sceptile|Sceptile, L87, F|264/264\n|turn|1\n|inactive|Battle timer is ON: inactive players will automatically lose when time's up. (requested by louiszhang)\n|\n|t:|1781431839\n|move|p2a: Sceptile|Shed Tail|p2a: Sceptile\n|-start|p2a: Sceptile|Substitute|[from] move: Shed Tail\n|-damage|p2a: Sceptile|132/264\n|inactive|I'm A Nooby has 120 seconds left.\n|\n|t:|1781431870\n|switch|p2a: Gyarados|Gyarados, L79, F|280/280|[from] Shed Tail\n|-ability|p2a: Gyarados|Intimidate|boost\n|-unboost|p1a: Terrakion|atk|1\n|move|p1a: Terrakion|Close Combat|p2a: Gyarados\n|-resisted|p2a: Gyarados\n|-end|p2a: Gyarados|Substitute\n|-unboost|p1a: Terrakion|def|1\n|-unboost|p1a: Terrakion|spd|1\n|\n|upkeep\n|turn|2\n|\n|t:|1781431888\n|move|p1a: Terrakion|Close Combat|p2a: Gyarados\n|-resisted|p2a: Gyarados\n|-damage|p2a: Gyarados|192/280\n|-unboost|p1a: Terrakion|def|1\n|-unboost|p1a: Terrakion|spd|1\n|move|p2a: Gyarados|Dragon Dance|p2a: Gyarados\n|-boost|p2a: Gyarados|atk|1\n|-boost|p2a: Gyarados|spe|1\n|\n|upkeep\n|turn|3\n|\n|t:|1781431906\n|switch|p1a: Lumineon|Lumineon, L93, M|279/279\n|move|p2a: Gyarados|Dragon Dance|p2a: Gyarados\n|-boost|p2a: Gyarados|atk|1\n|-boost|p2a: Gyarados|spe|1\n|\n|upkeep\n|turn|4\n|\n|t:|1781431929\n|move|p2a: Gyarados|Earthquake|p1a: Lumineon\n|-damage|p1a: Lumineon|134/279\n|move|p1a: Lumineon|Encore|p2a: Gyarados\n|-start|p2a: Gyarados|Encore\n|\n|upkeep\n|turn|5\n|\n|t:|1781431938\n|switch|p1a: Ogerpon|Ogerpon, L80, F|259/259\n|move|p2a: Gyarados|Earthquake|p1a: Ogerpon\n|-resisted|p1a: Ogerpon\n|-damage|p1a: Ogerpon|183/259\n|\n|upkeep\n|turn|6\n|\n|t:|1781431948\n|move|p2a: Gyarados|Earthquake|p1a: Ogerpon\n|-resisted|p1a: Ogerpon\n|-damage|p1a: Ogerpon|98/259\n|move|p1a: Ogerpon|Swords Dance|p1a: Ogerpon\n|-boost|p1a: Ogerpon|atk|2\n|\n|upkeep\n|turn|7\n|\n|t:|1781431958\n|-terastallize|p2a: Gyarados|Ground\n|move|p2a: Gyarados|Earthquake|p1a: Ogerpon\n|-resisted|p1a: Ogerpon\n|-damage|p1a: Ogerpon|0 fnt\n|faint|p1a: Ogerpon\n|\n|-end|p2a: Gyarados|Encore\n|upkeep\n|\n|t:|1781431967\n|switch|p1a: Roaring Moon|Roaring Moon, L72|270/270\n|-enditem|p1a: Roaring Moon|Booster Energy\n|-activate|p1a: Roaring Moon|ability: Protosynthesis|[fromitem]\n|-start|p1a: Roaring Moon|protosynthesisatk\n|turn|8\n|\n|t:|1781431985\n|-terastallize|p1a: Roaring Moon|Flying\n|move|p2a: Gyarados|Earthquake|p1a: Roaring Moon\n|-immune|p1a: Roaring Moon\n|move|p1a: Roaring Moon|Acrobatics|p2a: Gyarados\n|-damage|p2a: Gyarados|12/280\n|\n|upkeep\n|turn|9\n|\n|t:|1781432002\n|move|p2a: Gyarados|Stone Edge|p1a: Roaring Moon\n|-supereffective|p1a: Roaring Moon\n|-damage|p1a: Roaring Moon|0 fnt\n|faint|p1a: Roaring Moon\n|-end|p1a: Roaring Moon|Protosynthesis|[silent]\n|\n|upkeep\n|-message|louiszhang forfeited.\n|\n|win|I'm A Nooby\n|raw|louiszhang's rating: 1597 &rarr; <strong>1582</strong><br />(-15 for losing)\n|raw|I&apos;m A Nooby's rating: 1679 &rarr; <strong>1694</strong><br />(+15 for winning)\n|l|\u2606louiszhang\n|player|p1|\n", "inputlog": ">version a8376a258c1d4662feba110a92103f3664a72141\n>start {\"formatid\":\"gen9randombattle\",\"seed\":\"sodium,8ede883f7082973b8955c6574411c0b3\",\"rated\":\"Rated battle\"}\n>player p1 {\"name\":\"louiszhang\",\"avatar\":\"101\",\"rating\":1597,\"seed\":\"sodium,b559cc396a7abe98727a8cb55648904d\"}\n>player p2 {\"name\":\"I'm A Nooby\",\"avatar\":\"2\",\"rating\":1679,\"seed\":\"sodium,b8b0826d94f8734955731d927a5930c0\"}\n>p1 move closecombat\n>p2 move shedtail\n>p2 switch 3\n>p1 move closecombat\n>p2 move dragondance\n>p1 switch 5\n>p2 move dragondance\n>p1 move encore\n>p2 move earthquake\n>p1 switch 6\n>p2 move earthquake\n>p1 move swordsdance\n>p2 move earthquake\n>p1 move ivycudgel\n>p2 move earthquake terastallize\n>p1 switch 3\n>p1 move acrobatics terastallize\n>p2 move earthquake\n>p1 move acrobatics\n>p2 move stoneedge\n>forcelose p1", "uploadtime": 1781432015, "views": 5, "formatid": "gen9randombattle", "rating": 1582, "private": 0, "password": null}