{"id": "gen9randombattle-2631994135", "format": "[Gen 9] Random Battle", "players": ["daktey", "Gin X Tonic"], "log": "|j|\u2606daktey\n|j|\u2606Gin X Tonic\n|t:|1781463836\n|gametype|singles\n|player|p1|daktey|2|1926\n|player|p2|Gin X Tonic|artist-gen4|1938\n|gen|9\n|tier|[Gen 9] Random Battle\n|rated|\n|rule|Species Clause: Limit one of each Pok\u00e9mon\n|rule|HP Percentage Mod: HP is shown in percentages\n|rule|Sleep Clause Mod: Limit one foe put to sleep\n|rule|Illusion Level Mod: Illusion disguises the Pok\u00e9mon's true level\n|\n|t:|1781463836\n|teamsize|p1|6\n|teamsize|p2|6\n|start\n|switch|p1a: Crabominable|Crabominable, L90, F|321/321\n|switch|p2a: Qwilfish|Qwilfish-Hisui, L83, M|244/244\n|-ability|p2a: Qwilfish|Intimidate|boost\n|-unboost|p1a: Crabominable|atk|1\n|turn|1\n|inactive|Battle timer is ON: inactive players will automatically lose when time's up. (requested by Gin X Tonic)\n|\n|t:|1781463852\n|move|p2a: Qwilfish|Spikes|p1a: Crabominable\n|-sidestart|p1: daktey|Spikes\n|move|p1a: Crabominable|Earthquake|p2a: Qwilfish\n|-supereffective|p2a: Qwilfish\n|-damage|p2a: Qwilfish|152/244\n|\n|upkeep\n|turn|2\n|\n|t:|1781463867\n|switch|p2a: Misdreavus|Misdreavus, L90, F|254/254\n|move|p1a: Crabominable|Earthquake|p2a: Misdreavus\n|-immune|p2a: Misdreavus|[from] ability: Levitate\n|\n|upkeep\n|turn|3\n|inactive|daktey has 120 seconds left.\n|\n|t:|1781463906\n|switch|p1a: Sandaconda|Sandaconda, L84, M|258/258\n|-damage|p1a: Sandaconda|226/258|[from] Spikes\n|move|p2a: Misdreavus|Will-O-Wisp|p1a: Sandaconda\n|-status|p1a: Sandaconda|brn\n|\n|-heal|p1a: Sandaconda|242/258 brn|[from] item: Leftovers\n|-damage|p1a: Sandaconda|226/258 brn|[from] brn\n|upkeep\n|turn|4\n|\n|t:|1781463922\n|move|p2a: Misdreavus|Calm Mind|p2a: Misdreavus\n|-boost|p2a: Misdreavus|spa|1\n|-boost|p2a: Misdreavus|spd|1\n|move|p1a: Sandaconda|Glare|p2a: Misdreavus\n|-status|p2a: Misdreavus|par\n|\n|-heal|p1a: Sandaconda|242/258 brn|[from] item: Leftovers\n|-damage|p1a: Sandaconda|226/258 brn|[from] brn\n|upkeep\n|turn|5\n|\n|t:|1781463931\n|move|p1a: Sandaconda|Coil|p1a: Sandaconda\n|-boost|p1a: Sandaconda|atk|1\n|-boost|p1a: Sandaconda|def|1\n|-boost|p1a: Sandaconda|accuracy|1\n|move|p2a: Misdreavus|Shadow Ball|p1a: Sandaconda\n|-damage|p1a: Sandaconda|67/258 brn\n|\n|-heal|p1a: Sandaconda|83/258 brn|[from] item: Leftovers\n|-damage|p1a: Sandaconda|67/258 brn|[from] brn\n|upkeep\n|turn|6\n|inactive|daktey has 120 seconds left.\n|\n|t:|1781463943\n|move|p1a: Sandaconda|Stone Edge|p2a: Misdreavus\n|-crit|p2a: Misdreavus\n|-damage|p2a: Misdreavus|180/254 par\n|move|p2a: Misdreavus|Shadow Ball|p1a: Sandaconda\n|-damage|p1a: Sandaconda|0 fnt\n|faint|p1a: Sandaconda\n|\n|upkeep\n|inactive|daktey has 90 seconds left.\n|\n|t:|1781463985\n|switch|p1a: Gardevoir|Gardevoir, L83, M|249/249\n|-damage|p1a: Gardevoir|218/249|[from] Spikes\n|-ability|p1a: Gardevoir|Levitate|Trace|[from] ability: Trace|[of] p2a: Misdreavus\n|turn|7\n|\n|t:|1781463996\n|move|p1a: Gardevoir|Calm Mind|p1a: Gardevoir\n|-boost|p1a: Gardevoir|spa|1\n|-boost|p1a: Gardevoir|spd|1\n|cant|p2a: Misdreavus|par\n|\n|upkeep\n|turn|8\n|inactive|daktey has 90 seconds left.\n|\n|t:|1781464008\n|move|p1a: Gardevoir|Moonblast|p2a: Misdreavus\n|-damage|p2a: Misdreavus|70/254 par\n|-damage|p1a: Gardevoir|194/249|[from] item: Life Orb\n|cant|p2a: Misdreavus|par\n|\n|upkeep\n|turn|9\n|inactive|daktey has 90 seconds left.\n|\n|t:|1781464013\n|move|p1a: Gardevoir|Moonblast|p2a: Misdreavus\n|-damage|p2a: Misdreavus|0 fnt\n|faint|p2a: Misdreavus\n|-damage|p1a: Gardevoir|170/249|[from] item: Life Orb\n|\n|upkeep\n|\n|t:|1781464016\n|switch|p2a: Qwilfish|Qwilfish-Hisui, L83, M|152/244\n|-ability|p2a: Qwilfish|Intimidate|boost\n|-unboost|p1a: Gardevoir|atk|1\n|turn|10\n|\n|t:|1781464030\n|switch|p1a: Toxicroak|Toxicroak, L84, M|277/277\n|-damage|p1a: Toxicroak|243/277|[from] Spikes\n|move|p2a: Qwilfish|Gunk Shot|p1a: Toxicroak\n|-resisted|p1a: Toxicroak\n|-damage|p1a: Toxicroak|162/277\n|\n|upkeep\n|turn|11\n|inactive|daktey has 90 seconds left.\n|\n|t:|1781464055\n|switch|p2a: Delibird|Delibird, M|252/252\n|move|p1a: Toxicroak|Earthquake|p2a: Delibird\n|-immune|p2a: Delibird\n|\n|upkeep\n|turn|12\n|inactive|daktey has 90 seconds left.\n|\n|t:|1781464083\n|move|p2a: Delibird|Brave Bird|p1a: Toxicroak\n|-supereffective|p1a: Toxicroak\n|-damage|p1a: Toxicroak|0 fnt\n|faint|p1a: Toxicroak\n|-damage|p2a: Delibird|199/252|[from] Recoil\n|\n|upkeep\n|\n|t:|1781464092\n|switch|p1a: Calyrex|Calyrex-Ice, L72|263/263\n|-ability|p1a: Calyrex|As One\n|-ability|p1a: Calyrex|Unnerve\n|turn|13\n|inactive|Gin X Tonic has 120 seconds left.\n|\n|t:|1781464126\n|move|p2a: Delibird|Brave Bird|p1a: Calyrex\n|-damage|p1a: Calyrex|178/263\n|-damage|p2a: Delibird|171/252|[from] Recoil\n|move|p1a: Calyrex|Trick Room|p1a: Calyrex\n|-fieldstart|move: Trick Room|[of] p1a: Calyrex\n|\n|upkeep\n|turn|14\n|inactive|Gin X Tonic has 120 seconds left.\n|\n|t:|1781464144\n|switch|p2a: Qwilfish|Qwilfish-Hisui, L83, M|152/244\n|-ability|p2a: Qwilfish|Intimidate|boost\n|-unboost|p1a: Calyrex|atk|1\n|move|p1a: Calyrex|Glacial Lance|p2a: Qwilfish\n|-damage|p2a: Qwilfish|89/244\n|\n|upkeep\n|turn|15\n|inactive|daktey has 90 seconds left.\n|\n|t:|1781464151\n|switch|p2a: Delibird|Delibird, M|171/252\n|move|p1a: Calyrex|High Horsepower|p2a: Delibird\n|-immune|p2a: Delibird\n|\n|upkeep\n|turn|16\n|inactive|Gin X Tonic has 120 seconds left.\n|\n|t:|1781464166\n|move|p1a: Calyrex|Glacial Lance|p2a: Delibird\n|-damage|p2a: Delibird|50/252\n|move|p2a: Delibird|Brave Bird|p1a: Calyrex\n|-damage|p1a: Calyrex|78/263\n|-damage|p2a: Delibird|17/252|[from] Recoil\n|\n|upkeep\n|turn|17\n|\n|t:|1781464175\n|move|p1a: Calyrex|Glacial Lance|p2a: Delibird\n|-crit|p2a: Delibird\n|-damage|p2a: Delibird|0 fnt\n|faint|p2a: Delibird\n|-ability|p1a: Calyrex|Chilling Neigh|boost\n|-boost|p1a: Calyrex|atk|1\n|\n|-fieldend|move: Trick Room\n|upkeep\n|inactive|Gin X Tonic has 120 seconds left.\n|\n|t:|1781464189\n|switch|p2a: Hoopa|Hoopa-Unbound, L80|259/259\n|turn|18\n|\n|t:|1781464203\n|move|p2a: Hoopa|Hyperspace Fury|p1a: Calyrex\n|-supereffective|p1a: Calyrex\n|-damage|p1a: Calyrex|0 fnt\n|-unboost|p2a: Hoopa|def|1\n|faint|p1a: Calyrex\n|\n|upkeep\n|inactive|daktey has 90 seconds left.\n|\n|t:|1781464235\n|switch|p1a: Crabominable|Crabominable, L90, F|321/321\n|-damage|p1a: Crabominable|281/321|[from] Spikes\n|turn|19\n|\n|t:|1781464243\n|switch|p2a: Qwilfish|Qwilfish-Hisui, L83, M|89/244\n|-ability|p2a: Qwilfish|Intimidate|boost\n|-unboost|p1a: Crabominable|atk|1\n|move|p1a: Crabominable|Ice Hammer|p2a: Qwilfish\n|-damage|p2a: Qwilfish|0 fnt\n|-unboost|p1a: Crabominable|spe|1\n|faint|p2a: Qwilfish\n|\n|upkeep\n|\n|t:|1781464251\n|switch|p2a: Indeedee|Indeedee-F, L90, F|272/272\n|-fieldstart|move: Psychic Terrain|[from] ability: Psychic Surge|[of] p2a: Indeedee\n|turn|20\n|inactive|daktey has 90 seconds left.\n|\n|t:|1781464278\n|move|p2a: Indeedee|Psychic|p1a: Crabominable\n|-supereffective|p1a: Crabominable\n|-damage|p1a: Crabominable|0 fnt\n|faint|p1a: Crabominable\n|\n|upkeep\n|\n|t:|1781464287\n|switch|p1a: Gardevoir|Gardevoir, L83, M|170/249\n|-damage|p1a: Gardevoir|139/249|[from] Spikes\n|-ability|p1a: Gardevoir|Psychic Surge|Trace|[from] ability: Trace|[of] p2a: Indeedee\n|turn|21\n|\n|t:|1781464296\n|move|p2a: Indeedee|Psychic|p1a: Gardevoir\n|-resisted|p1a: Gardevoir\n|-damage|p1a: Gardevoir|56/249\n|move|p1a: Gardevoir|Moonblast|p2a: Indeedee\n|-damage|p2a: Indeedee|132/272\n|-unboost|p2a: Indeedee|spa|1\n|-damage|p1a: Gardevoir|32/249|[from] item: Life Orb\n|\n|upkeep\n|turn|22\n|\n|t:|1781464310\n|move|p2a: Indeedee|Psychic|p1a: Gardevoir\n|-resisted|p1a: Gardevoir\n|-damage|p1a: Gardevoir|0 fnt\n|faint|p1a: Gardevoir\n|\n|upkeep\n|\n|t:|1781464315\n|switch|p1a: Wugtrio|Wugtrio, L91, F|212/212\n|-damage|p1a: Wugtrio|186/212|[from] Spikes\n|turn|23\n|\n|t:|1781464319\n|move|p1a: Wugtrio|Liquidation|p2a: Indeedee\n|-damage|p2a: Indeedee|0 fnt\n|faint|p2a: Indeedee\n|\n|upkeep\n|\n|t:|1781464323\n|switch|p2a: Breloom|Breloom, L83, F|235/235\n|turn|24\n|\n|t:|1781464330\n|-terastallize|p1a: Wugtrio|Dark\n|move|p1a: Wugtrio|Liquidation|p2a: Breloom\n|-resisted|p2a: Breloom\n|-damage|p2a: Breloom|151/235\n|move|p2a: Breloom|Spore|p1a: Wugtrio\n|-status|p1a: Wugtrio|slp|[from] move: Spore\n|\n|-fieldend|move: Psychic Terrain\n|upkeep\n|turn|25\n|-message|daktey forfeited.\n|\n|win|Gin X Tonic\n", "inputlog": ">version a8376a258c1d4662feba110a92103f3664a72141\n>start {\"formatid\":\"gen9randombattle\",\"seed\":\"sodium,b98defa68b3a677edb1fad5ff8483cfd\",\"rated\":\"Rated battle\"}\n>player p1 {\"name\":\"daktey\",\"avatar\":\"2\",\"rating\":1926,\"seed\":\"sodium,d45d0073320b69c84fef0a0f1345986f\"}\n>player p2 {\"name\":\"Gin X Tonic\",\"avatar\":\"artist-gen4\",\"rating\":1938,\"seed\":\"sodium,116b4bd0abe471a930852483deccfee5\"}\n>p1 move earthquake\n>p2 move spikes\n>p1 move earthquake\n>p2 switch 5\n>p1 switch 3\n>p2 move willowisp\n>p1 move glare\n>p2 move calmmind\n>p1 move coil\n>p2 move shadowball\n>p1 move stoneedge\n>p2 move shadowball\n>p1 switch 4\n>p1 move calmmind\n>p2 move shadowball\n>p1 move moonblast\n>p2 move shadowball\n>p1 move moonblast\n>p2 move shadowball\n>p2 switch 5\n>p1 switch 6\n>p2 move gunkshot\n>p1 move earthquake\n>p2 switch 6\n>p1 move gunkshot\n>p2 move bravebird\n>p1 switch 2\n>p1 move trickroom\n>p2 move bravebird\n>p1 move glaciallance\n>p2 switch 6\n>p1 move highhorsepower\n>p2 switch 6\n>p1 move glaciallance\n>p2 move bravebird\n>p1 move glaciallance\n>p2 move bravebird\n>p2 switch 3\n>p1 move trickroom\n>p2 move hyperspacefury\n>p1 switch 3\n>p1 move icehammer\n>p2 switch 6\n>p2 switch 2\n>p1 move knockoff\n>p2 move psychic\n>p1 switch 6\n>p1 move moonblast\n>p2 move psychic\n>p1 move moonblast\n>p2 move psychic\n>p1 switch 5\n>p1 move liquidation\n>p2 move psychic\n>p2 switch 4\n>p1 move liquidation terastallize\n>p2 move spore\n>forcelose p1", "uploadtime": 1781463838, "views": 6, "formatid": "gen9randombattle", "rating": null, "private": 0, "password": null}