{"id": "gen9randombattle-2631871682", "format": "[Gen 9] Random Battle", "players": ["barretjd", "grabschaender"], "log": "|j|\u2606barretjd\n|j|\u2606grabschaender\n|t:|1781450433\n|gametype|singles\n|player|p1|barretjd|101|2240\n|player|p2|grabschaender|candice|2285\n|gen|9\n|tier|[Gen 9] Random Battle\n|rated|\n|rule|Species Clause: Limit one of each Pok\u00e9mon\n|rule|HP Percentage Mod: HP is shown in percentages\n|rule|Sleep Clause Mod: Limit one foe put to sleep\n|rule|Illusion Level Mod: Illusion disguises the Pok\u00e9mon's true level\n|\n|t:|1781450433\n|teamsize|p1|6\n|teamsize|p2|6\n|start\n|switch|p1a: Okidogi|Okidogi, L77, M|262/262\n|switch|p2a: Crabominable|Crabominable, L90, M|321/321\n|turn|1\n|\n|t:|1781450471\n|move|p1a: Okidogi|Knock Off|p2a: Crabominable\n|-resisted|p2a: Crabominable\n|-damage|p2a: Crabominable|282/321\n|-enditem|p2a: Crabominable|Choice Band|[from] move: Knock Off|[of] p1a: Okidogi\n|move|p2a: Crabominable|Ice Hammer|p1a: Okidogi|[miss]\n|-miss|p2a: Crabominable|p1a: Okidogi\n|\n|upkeep\n|turn|2\n|\n|t:|1781450490\n|move|p1a: Okidogi|Drain Punch|p2a: Crabominable\n|-supereffective|p2a: Crabominable\n|-damage|p2a: Crabominable|108/321\n|-status|p2a: Crabominable|tox|[from] ability: Toxic Chain|[of] p1a: Okidogi\n|move|p2a: Crabominable|Ice Hammer|p1a: Okidogi\n|-damage|p1a: Okidogi|82/262\n|-unboost|p2a: Crabominable|spe|1\n|\n|-damage|p2a: Crabominable|88/321 tox|[from] psn\n|upkeep\n|turn|3\n|\n|t:|1781450497\n|switch|p2a: Misdreavus|Misdreavus, L90, M|254/254\n|move|p1a: Okidogi|Psychic Fangs|p2a: Misdreavus\n|-damage|p2a: Misdreavus|204/254\n|-status|p2a: Misdreavus|tox|[from] ability: Toxic Chain|[of] p1a: Okidogi\n|\n|-damage|p2a: Misdreavus|189/254 tox|[from] psn\n|upkeep\n|turn|4\n|\n|t:|1781450512\n|switch|p1a: Sylveon|Sylveon, L85, M|300/300\n|move|p2a: Misdreavus|Will-O-Wisp|p1a: Sylveon\n|-status|p1a: Sylveon|brn\n|\n|-damage|p2a: Misdreavus|159/254 tox|[from] psn\n|-damage|p1a: Sylveon|282/300 brn|[from] brn\n|upkeep\n|turn|5\n|\n|t:|1781450522\n|switch|p2a: Muk|Muk-Alola, L82, F|306/306\n|move|p1a: Sylveon|Wish|p1a: Sylveon\n|\n|-heal|p1a: Sylveon|300/300 brn|[from] item: Leftovers\n|-damage|p1a: Sylveon|282/300 brn|[from] brn\n|upkeep\n|turn|6\n|\n|t:|1781450532\n|switch|p1a: Okidogi|Okidogi, L77, M|82/262\n|move|p2a: Muk|Knock Off|p1a: Okidogi\n|-resisted|p1a: Okidogi\n|-damage|p1a: Okidogi|37/262\n|-enditem|p1a: Okidogi|Assault Vest|[from] move: Knock Off|[of] p2a: Muk\n|\n|-heal|p1a: Okidogi|187/262|[from] move: Wish|[wisher] Sylveon\n|upkeep\n|turn|7\n|\n|t:|1781450543\n|move|p1a: Okidogi|Drain Punch|p2a: Muk\n|-damage|p2a: Muk|215/306\n|-heal|p1a: Okidogi|233/262|[from] drain|[of] p2a: Muk\n|move|p2a: Muk|Ice Punch|p1a: Okidogi\n|-damage|p1a: Okidogi|187/262\n|\n|upkeep\n|turn|8\n|\n|t:|1781450549\n|switch|p2a: Misdreavus|Misdreavus, L90, M|159/254 tox\n|move|p1a: Okidogi|Drain Punch|p2a: Misdreavus\n|-immune|p2a: Misdreavus\n|\n|-damage|p2a: Misdreavus|144/254 tox|[from] psn\n|upkeep\n|turn|9\n|\n|t:|1781450561\n|switch|p2a: Dachsbun|Dachsbun, L92, F|254/254\n|switch|p1a: Sylveon|Sylveon, L85, M|282/300 brn\n|\n|-heal|p1a: Sylveon|300/300 brn|[from] item: Leftovers\n|-damage|p1a: Sylveon|282/300 brn|[from] brn\n|upkeep\n|turn|10\n|\n|t:|1781450576\n|move|p2a: Dachsbun|Play Rough|p1a: Sylveon\n|-damage|p1a: Sylveon|152/300 brn\n|-unboost|p1a: Sylveon|atk|1\n|move|p1a: Sylveon|Wish|p1a: Sylveon\n|\n|-heal|p1a: Sylveon|170/300 brn|[from] item: Leftovers\n|-damage|p1a: Sylveon|152/300 brn|[from] brn\n|upkeep\n|turn|11\n|\n|t:|1781450584\n|move|p1a: Sylveon|Protect|p1a: Sylveon\n|-singleturn|p1a: Sylveon|Protect\n|move|p2a: Dachsbun|Play Rough|p1a: Sylveon\n|-activate|p1a: Sylveon|move: Protect\n|\n|-heal|p1a: Sylveon|300/300 brn|[from] move: Wish|[wisher] Sylveon\n|-damage|p1a: Sylveon|282/300 brn|[from] brn\n|upkeep\n|turn|12\n|\n|t:|1781450588\n|move|p2a: Dachsbun|Play Rough|p1a: Sylveon\n|-damage|p1a: Sylveon|171/300 brn\n|move|p1a: Sylveon|Wish|p1a: Sylveon\n|\n|-heal|p1a: Sylveon|189/300 brn|[from] item: Leftovers\n|-damage|p1a: Sylveon|171/300 brn|[from] brn\n|upkeep\n|turn|13\n|\n|t:|1781450603\n|move|p2a: Dachsbun|Play Rough|p1a: Sylveon\n|-damage|p1a: Sylveon|59/300 brn\n|move|p1a: Sylveon|Calm Mind|p1a: Sylveon\n|-boost|p1a: Sylveon|spa|1\n|-boost|p1a: Sylveon|spd|1\n|\n|-heal|p1a: Sylveon|209/300 brn|[from] move: Wish|[wisher] Sylveon\n|-heal|p1a: Sylveon|227/300 brn|[from] item: Leftovers\n|-damage|p1a: Sylveon|209/300 brn|[from] brn\n|upkeep\n|turn|14\n|\n|t:|1781450611\n|switch|p2a: Muk|Muk-Alola, L82, F|215/306\n|move|p1a: Sylveon|Wish|p1a: Sylveon\n|\n|-heal|p1a: Sylveon|227/300 brn|[from] item: Leftovers\n|-damage|p1a: Sylveon|209/300 brn|[from] brn\n|upkeep\n|turn|15\n|\n|t:|1781450617\n|move|p1a: Sylveon|Protect|p1a: Sylveon\n|-singleturn|p1a: Sylveon|Protect\n|move|p2a: Muk|Knock Off|p1a: Sylveon\n|-activate|p1a: Sylveon|move: Protect\n|\n|-heal|p1a: Sylveon|300/300 brn|[from] move: Wish|[wisher] Sylveon\n|-damage|p1a: Sylveon|282/300 brn|[from] brn\n|upkeep\n|turn|16\n|\n|t:|1781450622\n|switch|p1a: Okidogi|Okidogi, L77, M|187/262\n|move|p2a: Muk|Knock Off|p1a: Okidogi\n|-resisted|p1a: Okidogi\n|-damage|p1a: Okidogi|155/262\n|\n|upkeep\n|turn|17\n|\n|t:|1781450627\n|switch|p2a: Misdreavus|Misdreavus, L90, M|144/254 tox\n|move|p1a: Okidogi|Drain Punch|p2a: Misdreavus\n|-immune|p2a: Misdreavus\n|\n|-damage|p2a: Misdreavus|129/254 tox|[from] psn\n|upkeep\n|turn|18\n|\n|t:|1781450632\n|switch|p1a: Sylveon|Sylveon, L85, M|282/300 brn\n|move|p2a: Misdreavus|Shadow Ball|p1a: Sylveon\n|-damage|p1a: Sylveon|224/300 brn\n|\n|-heal|p1a: Sylveon|242/300 brn|[from] item: Leftovers\n|-damage|p2a: Misdreavus|99/254 tox|[from] psn\n|-damage|p1a: Sylveon|224/300 brn|[from] brn\n|upkeep\n|turn|19\n|\n|t:|1781450637\n|switch|p2a: Muk|Muk-Alola, L82, F|215/306\n|move|p1a: Sylveon|Wish|p1a: Sylveon\n|\n|-heal|p1a: Sylveon|242/300 brn|[from] item: Leftovers\n|-damage|p1a: Sylveon|224/300 brn|[from] brn\n|upkeep\n|turn|20\n|\n|t:|1781450644\n|switch|p1a: Okidogi|Okidogi, L77, M|155/262\n|move|p2a: Muk|Poison Jab|p1a: Okidogi\n|-resisted|p1a: Okidogi\n|-damage|p1a: Okidogi|119/262\n|\n|-heal|p1a: Okidogi|262/262|[from] move: Wish|[wisher] Sylveon\n|upkeep\n|turn|21\n|-message|grabschaender forfeited.\n|\n|win|barretjd\n", "inputlog": ">version a8376a258c1d4662feba110a92103f3664a72141\n>start {\"formatid\":\"gen9randombattle\",\"seed\":\"sodium,ac35447516d8dcf0b487a0e81742aa69\",\"rated\":\"Rated battle\"}\n>player p1 {\"name\":\"barretjd\",\"avatar\":\"101\",\"rating\":2240,\"seed\":\"sodium,be23c4e27fed02c35401a6e9fce6f164\"}\n>player p2 {\"name\":\"grabschaender\",\"avatar\":\"candice\",\"rating\":2285,\"seed\":\"sodium,cff0f926cd528b08b04cc4f9c76f2845\"}\n>p1 move knockoff\n>p2 move icehammer\n>p1 move drainpunch\n>p2 move icehammer\n>p1 move psychicfangs\n>p2 switch 6\n>p1 switch 3\n>p2 move willowisp\n>p1 move wish\n>p2 switch 2\n>p1 switch 3\n>p2 move knockoff\n>p1 move drainpunch\n>p2 move icepunch\n>p1 move drainpunch\n>p2 switch 2\n>p1 switch 3\n>p2 switch 5\n>p1 move wish\n>p2 move playrough\n>p1 move protect\n>p2 move playrough\n>p1 move wish\n>p2 move playrough\n>p1 move calmmind\n>p2 move playrough\n>p1 move wish\n>p2 switch 2\n>p1 move protect\n>p2 move knockoff\n>p1 switch 3\n>p2 move knockoff\n>p1 move drainpunch\n>p2 switch 5\n>p1 switch 3\n>p2 move shadowball\n>p1 move wish\n>p2 switch 5\n>p1 switch 3\n>p2 move poisonjab\n>forcelose p2", "uploadtime": 1781450436, "views": 4, "formatid": "gen9randombattle", "rating": null, "private": 0, "password": null}