{"id": "gen9randombattle-2631852619", "format": "[Gen 9] Random Battle", "players": ["T3am_Sky_f4n", "mike_3500"], "log": "|j|\u2606T3am_Sky_f4n\n|j|\u2606mike_3500\n|t:|1781448261\n|gametype|singles\n|player|p1|T3am_Sky_f4n|102|\n|player|p2|mike_3500|2|\n|gen|9\n|tier|[Gen 9] Random Battle\n|rule|Species Clause: Limit one of each Pok\u00e9mon\n|rule|HP Percentage Mod: HP is shown in percentages\n|rule|Sleep Clause Mod: Limit one foe put to sleep\n|rule|Illusion Level Mod: Illusion disguises the Pok\u00e9mon's true level\n|\n|t:|1781448261\n|teamsize|p1|6\n|teamsize|p2|6\n|start\n|switch|p1a: Muk|Muk-Alola, L82, F|306/306\n|switch|p2a: Volcanion|Volcanion, L79|255/255\n|turn|1\n|\n|t:|1781448299\n|move|p2a: Volcanion|Earth Power|p1a: Muk\n|-supereffective|p1a: Muk\n|-damage|p1a: Muk|220/306\n|move|p1a: Muk|Knock Off|p2a: Volcanion\n|-damage|p2a: Volcanion|164/255\n|-status|p2a: Volcanion|psn|[from] ability: Poison Touch|[of] p1a: Muk\n|-enditem|p2a: Volcanion|Assault Vest|[from] move: Knock Off|[of] p1a: Muk\n|\n|-damage|p2a: Volcanion|133/255 psn|[from] psn\n|upkeep\n|turn|2\n|\n|t:|1781448318\n|move|p2a: Volcanion|Steam Eruption|p1a: Muk\n|-damage|p1a: Muk|144/306\n|move|p1a: Muk|Drain Punch|p2a: Volcanion\n|-damage|p2a: Volcanion|87/255 psn\n|-heal|p1a: Muk|167/306|[from] drain|[of] p2a: Volcanion\n|\n|-damage|p2a: Volcanion|56/255 psn|[from] psn\n|upkeep\n|turn|3\n|\n|t:|1781448336\n|switch|p2a: Donphan|Donphan, L84, M|288/288\n|move|p1a: Muk|Drain Punch|p2a: Donphan\n|-damage|p2a: Donphan|246/288\n|-heal|p1a: Muk|188/306|[from] drain|[of] p2a: Donphan\n|\n|-heal|p2a: Donphan|264/288|[from] item: Leftovers\n|upkeep\n|turn|4\n|\n|t:|1781448352\n|move|p2a: Donphan|Stealth Rock|p1a: Muk\n|-sidestart|p1: T3am_Sky_f4n|move: Stealth Rock\n|move|p1a: Muk|Knock Off|p2a: Donphan\n|-damage|p2a: Donphan|183/288\n|-enditem|p2a: Donphan|Leftovers|[from] move: Knock Off|[of] p1a: Muk\n|\n|upkeep\n|turn|5\n|\n|t:|1781448380\n|move|p2a: Donphan|Earthquake|p1a: Muk\n|-supereffective|p1a: Muk\n|-damage|p1a: Muk|0 fnt\n|faint|p1a: Muk\n|\n|upkeep\n|\n|t:|1781448403\n|switch|p1a: Cinccino|Cinccino, L83, F|260/260\n|-damage|p1a: Cinccino|228/260|[from] Stealth Rock\n|turn|6\n|\n|t:|1781448416\n|-terastallize|p2a: Donphan|Steel\n|move|p1a: Cinccino|Bullet Seed|p2a: Donphan\n|-resisted|p2a: Donphan\n|-damage|p2a: Donphan|173/288\n|-resisted|p2a: Donphan\n|-damage|p2a: Donphan|162/288\n|-resisted|p2a: Donphan\n|-damage|p2a: Donphan|153/288\n|-resisted|p2a: Donphan\n|-damage|p2a: Donphan|142/288\n|-hitcount|p2a: Donphan|4\n|move|p2a: Donphan|Earthquake|p1a: Cinccino\n|-damage|p1a: Cinccino|69/260\n|\n|upkeep\n|turn|7\n|\n|t:|1781448432\n|move|p2a: Donphan|Ice Shard|p1a: Cinccino\n|-damage|p1a: Cinccino|24/260\n|move|p1a: Cinccino|U-turn|p2a: Donphan\n|-resisted|p2a: Donphan\n|-damage|p2a: Donphan|125/288\n|\n|t:|1781448463\n|switch|p1a: Armarouge|Armarouge, L80, M|267/267|[from] U-turn\n|-damage|p1a: Armarouge|201/267|[from] Stealth Rock\n|\n|upkeep\n|turn|8\n|\n|t:|1781448490\n|switch|p2a: Volcanion|Volcanion, L79|56/255 psn\n|-terastallize|p1a: Armarouge|Grass\n|move|p1a: Armarouge|Meteor Beam||[still]\n|-prepare|p1a: Armarouge|Meteor Beam\n|-boost|p1a: Armarouge|spa|1\n|-enditem|p1a: Armarouge|Power Herb\n|-anim|p1a: Armarouge|Meteor Beam|p2a: Volcanion\n|-supereffective|p2a: Volcanion\n|-damage|p2a: Volcanion|0 fnt\n|faint|p2a: Volcanion\n|\n|upkeep\n|\n|t:|1781448503\n|switch|p2a: Donphan|Donphan, L84, M, tera:Steel|125/288\n|turn|9\n|\n|t:|1781448516\n|move|p2a: Donphan|Ice Shard|p1a: Armarouge\n|-supereffective|p1a: Armarouge\n|-damage|p1a: Armarouge|135/267\n|-ability|p1a: Armarouge|Weak Armor|boost\n|-unboost|p1a: Armarouge|def|1\n|-boost|p1a: Armarouge|spe|2\n|move|p1a: Armarouge|Energy Ball|p2a: Donphan\n|-resisted|p2a: Donphan\n|-damage|p2a: Donphan|11/288\n|\n|upkeep\n|turn|10\n|\n|t:|1781448527\n|move|p2a: Donphan|Ice Shard|p1a: Armarouge\n|-supereffective|p1a: Armarouge\n|-damage|p1a: Armarouge|31/267\n|-ability|p1a: Armarouge|Weak Armor|boost\n|-unboost|p1a: Armarouge|def|1\n|-boost|p1a: Armarouge|spe|2\n|move|p1a: Armarouge|Energy Ball|p2a: Donphan\n|-resisted|p2a: Donphan\n|-damage|p2a: Donphan|0 fnt\n|faint|p2a: Donphan\n|\n|upkeep\n|\n|t:|1781448560\n|switch|p2a: Dunsparce|Dunsparce, L86, M|312/312\n|turn|11\n|\n|t:|1781448573\n|move|p1a: Armarouge|Armor Cannon|p2a: Dunsparce\n|-damage|p2a: Dunsparce|144/312\n|-unboost|p1a: Armarouge|def|1\n|-unboost|p1a: Armarouge|spd|1\n|move|p2a: Dunsparce|Body Slam|p1a: Armarouge\n|-damage|p1a: Armarouge|0 fnt\n|faint|p1a: Armarouge\n|\n|upkeep\n|\n|t:|1781448582\n|switch|p1a: Cinccino|Cinccino, L83, F|24/260\n|-damage|p1a: Cinccino|0 fnt|[from] Stealth Rock\n|faint|p1a: Cinccino\n|\n|t:|1781448586\n|switch|p1a: Ariados|Ariados, L95, M|287/287\n|turn|12\n|\n|t:|1781448591\n|move|p1a: Ariados|Sticky Web|p2a: Dunsparce\n|-sidestart|p2: mike_3500|move: Sticky Web\n|move|p2a: Dunsparce|Roost|p2a: Dunsparce\n|-heal|p2a: Dunsparce|300/312\n|-singleturn|p2a: Dunsparce|move: Roost\n|\n|upkeep\n|turn|13\n|\n|t:|1781448604\n|move|p1a: Ariados|Knock Off|p2a: Dunsparce\n|-damage|p2a: Dunsparce|235/312\n|-enditem|p2a: Dunsparce|Eviolite|[from] move: Knock Off|[of] p1a: Ariados\n|move|p2a: Dunsparce|Coil|p2a: Dunsparce\n|-boost|p2a: Dunsparce|atk|1\n|-boost|p2a: Dunsparce|def|1\n|-boost|p2a: Dunsparce|accuracy|1\n|\n|upkeep\n|turn|14\n|\n|t:|1781448616\n|move|p1a: Ariados|Poison Jab|p2a: Dunsparce\n|-damage|p2a: Dunsparce|153/312\n|move|p2a: Dunsparce|Coil|p2a: Dunsparce\n|-boost|p2a: Dunsparce|atk|1\n|-boost|p2a: Dunsparce|def|1\n|-boost|p2a: Dunsparce|accuracy|1\n|\n|upkeep\n|turn|15\n|\n|t:|1781448631\n|move|p1a: Ariados|Poison Jab|p2a: Dunsparce\n|-damage|p2a: Dunsparce|92/312\n|-status|p2a: Dunsparce|psn\n|move|p2a: Dunsparce|Body Slam|p1a: Ariados\n|-damage|p1a: Ariados|140/287\n|-status|p1a: Ariados|par\n|\n|-damage|p2a: Dunsparce|53/312 psn|[from] psn\n|upkeep\n|turn|16\n|\n|t:|1781448643\n|move|p2a: Dunsparce|Body Slam|p1a: Ariados\n|-damage|p1a: Ariados|0 fnt\n|faint|p1a: Ariados\n|\n|-damage|p2a: Dunsparce|14/312 psn|[from] psn\n|upkeep\n|\n|t:|1781448649\n|switch|p1a: Ludicolo|Ludicolo, L90, F|290/290\n|-damage|p1a: Ludicolo|254/290|[from] Stealth Rock\n|turn|17\n|\n|t:|1781448670\n|move|p1a: Ludicolo|Rain Dance|p1a: Ludicolo\n|-weather|RainDance\n|move|p2a: Dunsparce|Body Slam|p1a: Ludicolo\n|-damage|p1a: Ludicolo|92/290\n|-status|p1a: Ludicolo|par\n|\n|-weather|RainDance|[upkeep]\n|-damage|p2a: Dunsparce|0 fnt|[from] psn\n|faint|p2a: Dunsparce\n|upkeep\n|\n|t:|1781448681\n|switch|p2a: Abomasnow|Abomasnow, L84, M|287/287\n|-activate|p2a: Abomasnow|move: Sticky Web\n|-unboost|p2a: Abomasnow|spe|1\n|-weather|Snowscape|[from] ability: Snow Warning|[of] p2a: Abomasnow\n|turn|18\n|\n|t:|1781448722\n|move|p2a: Abomasnow|Blizzard|p1a: Ludicolo\n|-damage|p1a: Ludicolo|0 fnt\n|faint|p1a: Ludicolo\n|\n|-weather|Snowscape|[upkeep]\n|upkeep\n|\n|t:|1781448729\n|switch|p1a: Thundurus|Thundurus-Therian, L80, M|258/258\n|-damage|p1a: Thundurus|194/258|[from] Stealth Rock\n|turn|19\n|\n|t:|1781448743\n|move|p1a: Thundurus|Sludge Wave|p2a: Abomasnow\n|-supereffective|p2a: Abomasnow\n|-damage|p2a: Abomasnow|107/287\n|move|p2a: Abomasnow|Blizzard|p1a: Thundurus\n|-supereffective|p1a: Thundurus\n|-damage|p1a: Thundurus|0 fnt\n|faint|p1a: Thundurus\n|\n|win|mike_3500\n", "inputlog": ">version a8376a258c1d4662feba110a92103f3664a72141\n>start {\"formatid\":\"gen9randombattle\",\"seed\":\"sodium,6c5c2879fc68f32dde0c766517cab88e\"}\n>player p1 {\"name\":\"T3am_Sky_f4n\",\"avatar\":\"102\",\"rating\":0,\"seed\":\"sodium,7c2314aeb47bdb2702c64801a9ec8a39\"}\n>player p2 {\"name\":\"mike_3500\",\"avatar\":\"2\",\"rating\":0,\"seed\":\"sodium,60a060c5b868931af9fd2a4b938dd5de\"}\n>p1 move knockoff\n>p2 move earthpower\n>p1 move drainpunch\n>p2 move steameruption\n>p1 move drainpunch\n>p2 switch 5\n>p1 move knockoff\n>p2 move stealthrock\n>p1 move drainpunch\n>p2 move earthquake\n>p1 switch 6\n>p1 move bulletseed\n>p2 move earthquake terastallize\n>p1 move uturn\n>p2 move iceshard\n>p1 switch 2\n>p1 move meteorbeam terastallize\n>p2 switch 5\n>p2 switch 5\n>p1 move energyball\n>p2 move iceshard\n>p1 move energyball\n>p2 move iceshard\n>p2 switch 2\n>p1 move armorcannon\n>p2 move bodyslam\n>p1 switch 2\n>p1 switch 5\n>p1 move stickyweb\n>p2 move roost\n>p1 move knockoff\n>p2 move coil\n>p1 move poisonjab\n>p2 move coil\n>p1 move poisonjab\n>p2 move bodyslam\n>p1 move poisonjab\n>p2 move bodyslam\n>p1 switch 4\n>p1 move raindance\n>p2 move bodyslam\n>p2 switch 4\n>p1 move raindance\n>p2 move blizzard\n>p1 switch 3\n>p1 move sludgewave\n>p2 move blizzard", "uploadtime": 1781448759, "views": 7, "formatid": "gen9randombattle", "rating": null, "private": 0, "password": null}