{"id": "gen9randombattle-2631441064", "format": "[Gen 9] Random Battle", "players": ["Unknown Warrior", "fugupineapple"], "log": "|j|\u2606Unknown Warrior\n|j|\u2606fugupineapple\n|t:|1781385025\n|gametype|singles\n|player|p1|Unknown Warrior|266|1902\n|player|p2|fugupineapple|266|2062\n|gen|9\n|tier|[Gen 9] Random Battle\n|rated|\n|rule|Species Clause: Limit one of each Pok\u00e9mon\n|rule|HP Percentage Mod: HP is shown in percentages\n|rule|Sleep Clause Mod: Limit one foe put to sleep\n|rule|Illusion Level Mod: Illusion disguises the Pok\u00e9mon's true level\n|\n|t:|1781385025\n|teamsize|p1|6\n|teamsize|p2|6\n|start\n|switch|p1a: Vileplume|Vileplume, L85, F|266/266\n|switch|p2a: Luxray|Luxray, L88, F|283/283\n|turn|1\n|inactive|Battle timer is ON: inactive players will automatically lose when time's up. (requested by fugupineapple)\n|\n|t:|1781385039\n|switch|p2a: Iron Moth|Iron Moth, L78|253/253\n|move|p1a: Vileplume|Strength Sap|p2a: Iron Moth\n|-unboost|p2a: Iron Moth|atk|1\n|\n|upkeep\n|turn|2\n|\n|t:|1781385043\n|switch|p1a: Palossand|Palossand, L89, M|296/296\n|move|p2a: Iron Moth|Fire Blast|p1a: Palossand\n|-damage|p1a: Palossand|149/296\n|\n|-heal|p1a: Palossand|167/296|[from] item: Leftovers\n|upkeep\n|turn|3\n|\n|t:|1781385049\n|move|p2a: Iron Moth|Energy Ball|p1a: Palossand\n|-supereffective|p1a: Palossand\n|-damage|p1a: Palossand|1/296\n|move|p1a: Palossand|Stealth Rock|p2a: Iron Moth\n|-sidestart|p2: fugupineapple|move: Stealth Rock\n|\n|-heal|p1a: Palossand|19/296|[from] item: Leftovers\n|upkeep\n|turn|4\n|\n|t:|1781385055\n|switch|p1a: Azelf|Azelf, L82|257/257\n|move|p2a: Iron Moth|Sludge Wave|p1a: Azelf\n|-damage|p1a: Azelf|103/257\n|\n|upkeep\n|turn|5\n|\n|t:|1781385064\n|-end|p2a: Iron Moth|Quark Drive|[silent]\n|switch|p2a: Regigigas|Regigigas, L84|322/322\n|-damage|p2a: Regigigas|282/322|[from] Stealth Rock\n|-start|p2a: Regigigas|ability: Slow Start\n|move|p1a: Azelf|Psychic|p2a: Regigigas\n|-damage|p2a: Regigigas|131/322\n|\n|-heal|p2a: Regigigas|151/322|[from] item: Leftovers\n|upkeep\n|turn|6\n|\n|t:|1781385070\n|move|p2a: Regigigas|Protect|p2a: Regigigas\n|-singleturn|p2a: Regigigas|Protect\n|move|p1a: Azelf|Psychic|p2a: Regigigas\n|-activate|p2a: Regigigas|move: Protect\n|\n|-heal|p2a: Regigigas|171/322|[from] item: Leftovers\n|upkeep\n|turn|7\n|\n|t:|1781385073\n|move|p1a: Azelf|Psychic|p2a: Regigigas\n|-damage|p2a: Regigigas|41/322\n|move|p2a: Regigigas|Knock Off|p1a: Azelf\n|-supereffective|p1a: Azelf\n|-damage|p1a: Azelf|0 fnt\n|-enditem|p1a: Azelf|Choice Specs|[from] move: Knock Off|[of] p2a: Regigigas\n|faint|p1a: Azelf\n|\n|-heal|p2a: Regigigas|61/322|[from] item: Leftovers\n|upkeep\n|\n|t:|1781385078\n|switch|p1a: Hariyama|Hariyama, L87, M|392/392\n|turn|8\n|\n|t:|1781385082\n|move|p1a: Hariyama|Knock Off|p2a: Regigigas\n|-damage|p2a: Regigigas|0 fnt\n|-enditem|p2a: Regigigas|Leftovers|[from] move: Knock Off|[of] p1a: Hariyama\n|faint|p2a: Regigigas\n|-end|p2a: Regigigas|Slow Start|[silent]\n|\n|-status|p1a: Hariyama|brn|[from] item: Flame Orb\n|upkeep\n|\n|t:|1781385094\n|switch|p2a: Flapple|Flapple, L88, M|266/266\n|-damage|p2a: Flapple|233/266|[from] Stealth Rock\n|turn|9\n|\n|t:|1781385100\n|switch|p1a: Vileplume|Vileplume, L85, F|266/266\n|move|p2a: Flapple|Outrage|p1a: Vileplume\n|-damage|p1a: Vileplume|14/266\n|\n|-heal|p1a: Vileplume|30/266|[from] item: Leftovers\n|upkeep\n|turn|10\n|\n|t:|1781385104\n|move|p2a: Flapple|Outrage|p1a: Vileplume|[from] lockedmove\n|-damage|p1a: Vileplume|0 fnt\n|faint|p1a: Vileplume\n|-start|p2a: Flapple|confusion|[fatigue]\n|\n|upkeep\n|\n|t:|1781385108\n|switch|p1a: Arceus|Arceus-Dark, L71|288/288\n|turn|11\n|\n|t:|1781385119\n|-terastallize|p1a: Arceus|Fairy\n|move|p1a: Arceus|Calm Mind|p1a: Arceus\n|-boost|p1a: Arceus|spa|1\n|-boost|p1a: Arceus|spd|1\n|-activate|p2a: Flapple|confusion\n|move|p2a: Flapple|Grav Apple|p1a: Arceus\n|-damage|p1a: Arceus|138/288\n|-unboost|p1a: Arceus|def|1\n|\n|upkeep\n|turn|12\n|\n|t:|1781385129\n|switch|p2a: Clodsire|Clodsire, L81, F|343/343\n|-damage|p2a: Clodsire|322/343|[from] Stealth Rock\n|move|p1a: Arceus|Dazzling Gleam|p2a: Clodsire\n|-resisted|p2a: Clodsire\n|-damage|p2a: Clodsire|289/343\n|\n|-heal|p2a: Clodsire|310/343|[from] item: Leftovers\n|upkeep\n|turn|13\n|\n|t:|1781385132\n|switch|p1a: Hariyama|Hariyama, L87, M|392/392 brn\n|move|p2a: Clodsire|Earthquake|p1a: Hariyama\n|-damage|p1a: Hariyama|296/392 brn\n|\n|-heal|p2a: Clodsire|331/343|[from] item: Leftovers\n|-damage|p1a: Hariyama|272/392 brn|[from] brn\n|upkeep\n|turn|14\n|\n|t:|1781385142\n|move|p1a: Hariyama|Knock Off|p2a: Clodsire\n|-damage|p2a: Clodsire|166/343\n|-enditem|p2a: Clodsire|Leftovers|[from] move: Knock Off|[of] p1a: Hariyama\n|move|p2a: Clodsire|Earthquake|p1a: Hariyama\n|-damage|p1a: Hariyama|164/392 brn\n|\n|-damage|p1a: Hariyama|140/392 brn|[from] brn\n|upkeep\n|turn|15\n|\n|t:|1781385145\n|move|p1a: Hariyama|Facade|p2a: Clodsire\n|-damage|p2a: Clodsire|0 fnt\n|faint|p2a: Clodsire\n|\n|-damage|p1a: Hariyama|116/392 brn|[from] brn\n|upkeep\n|\n|t:|1781385153\n|switch|p2a: Iron Moth|Iron Moth, L78|253/253\n|turn|16\n|\n|t:|1781385158\n|move|p2a: Iron Moth|Sludge Wave|p1a: Hariyama\n|-damage|p1a: Hariyama|0 fnt\n|faint|p1a: Hariyama\n|\n|upkeep\n|\n|t:|1781385162\n|switch|p1a: Darkrai|Darkrai, L77|234/234\n|turn|17\n|\n|t:|1781385169\n|move|p1a: Darkrai|Hypnosis|p2a: Iron Moth\n|-status|p2a: Iron Moth|slp|[from] move: Hypnosis\n|cant|p2a: Iron Moth|slp\n|\n|-damage|p2a: Iron Moth|222/253 slp|[from] ability: Bad Dreams|[of] p1a: Darkrai\n|upkeep\n|turn|18\n|\n|t:|1781385178\n|-end|p2a: Iron Moth|Quark Drive|[silent]\n|switch|p2a: Luxray|Luxray, L88, F|283/283\n|-damage|p2a: Luxray|248/283|[from] Stealth Rock\n|move|p1a: Darkrai|Nasty Plot|p1a: Darkrai\n|-boost|p1a: Darkrai|spa|2\n|\n|-status|p2a: Luxray|brn|[from] item: Flame Orb\n|upkeep\n|turn|19\n|\n|t:|1781385182\n|move|p1a: Darkrai|Dark Pulse|p2a: Luxray\n|-damage|p2a: Luxray|10/283 brn\n|-damage|p1a: Darkrai|211/234|[from] item: Life Orb\n|move|p2a: Luxray|Trailblaze|p1a: Darkrai\n|-damage|p1a: Darkrai|140/234\n|-boost|p2a: Luxray|spe|1\n|\n|-damage|p2a: Luxray|0 fnt|[from] brn\n|faint|p2a: Luxray\n|upkeep\n|\n|t:|1781385196\n|switch|p2a: Kyogre|Kyogre, L71|259/259\n|-damage|p2a: Kyogre|227/259|[from] Stealth Rock\n|-weather|RainDance|[from] ability: Drizzle|[of] p2a: Kyogre\n|turn|20\n|\n|t:|1781385199\n|move|p1a: Darkrai|Dark Pulse|p2a: Kyogre\n|-damage|p2a: Kyogre|39/259\n|-damage|p1a: Darkrai|117/234|[from] item: Life Orb\n|move|p2a: Kyogre|Origin Pulse|p1a: Darkrai\n|-damage|p1a: Darkrai|0 fnt\n|faint|p1a: Darkrai\n|\n|-weather|RainDance|[upkeep]\n|-heal|p2a: Kyogre|55/259|[from] item: Leftovers\n|upkeep\n|\n|t:|1781385208\n|switch|p1a: Arceus|Arceus-Dark, L71, tera:Fairy|138/288\n|turn|21\n|\n|t:|1781385214\n|move|p1a: Arceus|Recover|p1a: Arceus\n|-heal|p1a: Arceus|282/288\n|move|p2a: Kyogre|Origin Pulse|p1a: Arceus\n|-damage|p1a: Arceus|104/288\n|\n|-weather|RainDance|[upkeep]\n|-heal|p2a: Kyogre|71/259|[from] item: Leftovers\n|upkeep\n|turn|22\n|\n|t:|1781385239\n|switch|p2a: Flapple|Flapple, L88, M|233/266\n|-damage|p2a: Flapple|200/266|[from] Stealth Rock\n|move|p1a: Arceus|Judgment|p2a: Flapple\n|-damage|p2a: Flapple|65/266\n|\n|-weather|RainDance|[upkeep]\n|upkeep\n|turn|23\n|\n|t:|1781385254\n|move|p1a: Arceus|Dazzling Gleam|p2a: Flapple\n|-supereffective|p2a: Flapple\n|-damage|p2a: Flapple|0 fnt\n|faint|p2a: Flapple\n|\n|-weather|RainDance|[upkeep]\n|upkeep\n|\n|t:|1781385256\n|switch|p2a: Iron Moth|Iron Moth, L78|222/253 slp\n|turn|24\n|\n|t:|1781385261\n|cant|p2a: Iron Moth|slp\n|move|p1a: Arceus|Calm Mind|p1a: Arceus\n|-boost|p1a: Arceus|spa|1\n|-boost|p1a: Arceus|spd|1\n|\n|-weather|none\n|upkeep\n|turn|25\n|\n|t:|1781385264\n|-curestatus|p2a: Iron Moth|slp|[msg]\n|move|p2a: Iron Moth|Sludge Wave|p1a: Arceus\n|-supereffective|p1a: Arceus\n|-damage|p1a: Arceus|0 fnt\n|faint|p1a: Arceus\n|\n|upkeep\n|c|\u2606Unknown Warrior|I need to look at speed more\n|c|\u2606Unknown Warrior|gg\n|-message|Unknown Warrior forfeited.\n|\n|win|fugupineapple\n", "inputlog": ">version a8376a258c1d4662feba110a92103f3664a72141\n>start {\"formatid\":\"gen9randombattle\",\"seed\":\"sodium,fee54426fd1ff07892c44b554b8c0f6f\",\"rated\":\"Rated battle\"}\n>player p1 {\"name\":\"Unknown Warrior\",\"avatar\":\"266\",\"rating\":1902,\"seed\":\"sodium,81e4266f081ebeb420e17c8008128b1a\"}\n>player p2 {\"name\":\"fugupineapple\",\"avatar\":\"266\",\"rating\":2062,\"seed\":\"sodium,0b34b7fdbe104b03e5704bdfcb55e46b\"}\n>p1 move strengthsap\n>p2 switch 2\n>p1 switch 6\n>p2 move fireblast\n>p1 move stealthrock\n>p2 move energyball\n>p1 switch 3\n>p2 move sludgewave\n>p1 move psychic\n>p2 switch 5\n>p1 move psychic\n>p2 move protect\n>p1 move psychic\n>p2 move knockoff\n>p1 switch 5\n>p1 move knockoff\n>p2 move bodyslam\n>p2 switch 6\n>p1 switch 6\n>p2 move outrage\n>p1 move strengthsap\n>p2 move outrage\n>p1 switch 4\n>p1 move calmmind terastallize\n>p2 move gravapple\n>p1 move dazzlinggleam\n>p2 switch 3\n>p1 switch 6\n>p2 move earthquake\n>p1 move knockoff\n>p2 move earthquake\n>p1 move facade\n>p2 move recover\n>p2 switch 5\n>p1 move knockoff\n>p2 move sludgewave\n>p1 switch 2\n>p1 move hypnosis\n>p2 move sludgewave\n>p1 move nastyplot\n>p2 switch 2\n>p1 move darkpulse\n>p2 move trailblaze\n>p2 switch 4\n>p1 move darkpulse\n>p2 move originpulse\n>p1 switch 6\n>p1 move recover\n>p2 move originpulse\n>p1 move judgment\n>p2 switch 3\n>p1 move dazzlinggleam\n>p2 move gravapple\n>p2 switch 2\n>p1 move calmmind\n>p2 move sludgewave\n>p1 move recover\n>p2 move sludgewave\n>chat \u2606Unknown Warrior|I need to look at speed more\n>chat \u2606Unknown Warrior|gg\n>forcelose p1", "uploadtime": 1781385027, "views": 8, "formatid": "gen9randombattle", "rating": null, "private": 0, "password": null}