{"id": "gen9randombattle-2631584310", "format": "[Gen 9] Random Battle", "players": ["medo6037", "nocomment3"], "log": "|j|\u2606medo6037\n|j|\u2606nocomment3\n|t:|1781404679\n|gametype|singles\n|player|p1|medo6037|n|2182\n|player|p2|nocomment3|265|2248\n|gen|9\n|tier|[Gen 9] Random Battle\n|rated|\n|rule|Species Clause: Limit one of each Pok\u00e9mon\n|rule|HP Percentage Mod: HP is shown in percentages\n|rule|Sleep Clause Mod: Limit one foe put to sleep\n|rule|Illusion Level Mod: Illusion disguises the Pok\u00e9mon's true level\n|\n|t:|1781404679\n|teamsize|p1|6\n|teamsize|p2|6\n|start\n|switch|p1a: Oinkologne|Oinkologne-F, L92, F|361/361\n|switch|p2a: Banette|Banette, L93, M|270/270\n|turn|1\n|\n|t:|1781404701\n|switch|p2a: Decidueye|Decidueye-Hisui, L87, F|295/295\n|switch|p1a: Salamence|Salamence, L77, F|273/273\n|-ability|p1a: Salamence|Intimidate|boost\n|-fail|p2a: Decidueye|unboost|Attack|[from] ability: Scrappy|[of] p2a: Decidueye\n|\n|upkeep\n|turn|2\n|\n|t:|1781404714\n|switch|p2a: Carbink|Carbink, L90|236/236\n|move|p1a: Salamence|Dual Wingbeat|p2a: Carbink\n|-resisted|p2a: Carbink\n|-damage|p2a: Carbink|220/236\n|-resisted|p2a: Carbink\n|-damage|p2a: Carbink|206/236\n|-hitcount|p2a: Carbink|2\n|\n|upkeep\n|turn|3\n|\n|t:|1781404720\n|switch|p1a: Quagsire|Quagsire, L84, F|297/297\n|move|p2a: Carbink|Body Press|p1a: Quagsire\n|-damage|p1a: Quagsire|205/297\n|\n|-heal|p1a: Quagsire|223/297|[from] item: Leftovers\n|upkeep\n|turn|4\n|\n|t:|1781404738\n|switch|p2a: Banette|Banette, L93, M|270/270\n|move|p1a: Quagsire|Toxic|p2a: Banette\n|-status|p2a: Banette|tox\n|\n|-heal|p1a: Quagsire|241/297|[from] item: Leftovers\n|-damage|p2a: Banette|254/270 tox|[from] psn\n|upkeep\n|turn|5\n|\n|t:|1781404742\n|move|p2a: Banette|Gunk Shot|p1a: Quagsire|[miss]\n|-miss|p2a: Banette|p1a: Quagsire\n|move|p1a: Quagsire|Recover|p1a: Quagsire\n|-heal|p1a: Quagsire|297/297\n|\n|-damage|p2a: Banette|222/270 tox|[from] psn\n|upkeep\n|turn|6\n|\n|t:|1781404747\n|switch|p1a: Oinkologne|Oinkologne-F, L92, F|361/361\n|move|p2a: Banette|Poltergeist|p1a: Oinkologne\n|-immune|p1a: Oinkologne\n|\n|-damage|p2a: Banette|174/270 tox|[from] psn\n|upkeep\n|turn|7\n|\n|t:|1781404752\n|move|p2a: Banette|Thunder Wave|p1a: Oinkologne\n|-status|p1a: Oinkologne|par\n|move|p1a: Oinkologne|Curse|p1a: Oinkologne\n|-unboost|p1a: Oinkologne|spe|1\n|-boost|p1a: Oinkologne|atk|1\n|-boost|p1a: Oinkologne|def|1\n|\n|-damage|p2a: Banette|110/270 tox|[from] psn\n|upkeep\n|turn|8\n|\n|t:|1781404758\n|switch|p2a: Carbink|Carbink, L90|206/236\n|move|p1a: Oinkologne|Rest|p1a: Oinkologne\n|-fail|p1a: Oinkologne|heal\n|\n|upkeep\n|turn|9\n|\n|t:|1781404768\n|switch|p1a: Quagsire|Quagsire, L84, F|297/297\n|move|p2a: Carbink|Body Press|p1a: Quagsire\n|-damage|p1a: Quagsire|198/297\n|\n|-heal|p1a: Quagsire|216/297|[from] item: Leftovers\n|upkeep\n|turn|10\n|\n|t:|1781404781\n|switch|p2a: Tsareena|Tsareena, L87, F|267/267\n|move|p1a: Quagsire|Ice Beam|p2a: Tsareena\n|-supereffective|p2a: Tsareena\n|-damage|p2a: Tsareena|181/267\n|\n|-heal|p1a: Quagsire|234/297|[from] item: Leftovers\n|upkeep\n|turn|11\n|\n|t:|1781404796\n|switch|p2a: Dusknoir|Dusknoir, L89, F|225/225\n|-item|p1a: Quagsire|Leftovers|[from] ability: Frisk|[of] p2a: Dusknoir\n|switch|p1a: Oinkologne|Oinkologne-F, L92, F|361/361 par\n|\n|upkeep\n|turn|12\n|\n|t:|1781404805\n|switch|p2a: Decidueye|Decidueye-Hisui, L87, F|295/295\n|move|p1a: Oinkologne|Curse|p1a: Oinkologne\n|-unboost|p1a: Oinkologne|spe|1\n|-boost|p1a: Oinkologne|atk|1\n|-boost|p1a: Oinkologne|def|1\n|\n|upkeep\n|turn|13\n|\n|t:|1781404810\n|move|p2a: Decidueye|Triple Arrows|p1a: Oinkologne\n|-supereffective|p1a: Oinkologne\n|-damage|p1a: Oinkologne|197/361 par\n|-unboost|p1a: Oinkologne|def|1\n|cant|p1a: Oinkologne|flinch\n|\n|-heal|p1a: Oinkologne|219/361 par|[from] item: Leftovers\n|upkeep\n|turn|14\n|\n|t:|1781404818\n|switch|p1a: Salamence|Salamence, L77, F|273/273\n|-ability|p1a: Salamence|Intimidate|boost\n|-fail|p2a: Decidueye|unboost|Attack|[from] ability: Scrappy|[of] p2a: Decidueye\n|move|p2a: Decidueye|Triple Arrows|p1a: Salamence\n|-resisted|p1a: Salamence\n|-damage|p1a: Salamence|207/273\n|\n|upkeep\n|turn|15\n|\n|t:|1781404827\n|switch|p1a: Quagsire|Quagsire, L84, F|234/297\n|switch|p2a: Dusknoir|Dusknoir, L89, F|225/225\n|-item|p1a: Quagsire|Leftovers|[from] ability: Frisk|[of] p2a: Dusknoir\n|\n|-heal|p1a: Quagsire|252/297|[from] item: Leftovers\n|upkeep\n|turn|16\n|\n|t:|1781404834\n|switch|p2a: Tsareena|Tsareena, L87, F|181/267\n|move|p1a: Quagsire|Earthquake|p2a: Tsareena\n|-resisted|p2a: Tsareena\n|-damage|p2a: Tsareena|138/267\n|\n|-heal|p1a: Quagsire|270/297|[from] item: Leftovers\n|upkeep\n|turn|17\n|\n|t:|1781404839\n|switch|p1a: Salamence|Salamence, L77, F|207/273\n|-ability|p1a: Salamence|Intimidate|boost\n|-unboost|p2a: Tsareena|atk|1\n|move|p2a: Tsareena|High Jump Kick|p1a: Salamence|[miss]\n|-miss|p2a: Tsareena|p1a: Salamence\n|-damage|p2a: Tsareena|5/267|[from] highjumpkick\n|\n|upkeep\n|turn|18\n|\n|t:|1781404845\n|switch|p2a: Dusknoir|Dusknoir, L89, F|225/225\n|-item|p1a: Salamence|Heavy-Duty Boots|[from] ability: Frisk|[of] p2a: Dusknoir\n|move|p1a: Salamence|Dragon Dance|p1a: Salamence\n|-boost|p1a: Salamence|atk|1\n|-boost|p1a: Salamence|spe|1\n|\n|upkeep\n|turn|19\n|\n|t:|1781404851\n|switch|p1a: Oinkologne|Oinkologne-F, L92, F|219/361 par\n|move|p2a: Dusknoir|Poltergeist|p1a: Oinkologne\n|-immune|p1a: Oinkologne\n|\n|-heal|p1a: Oinkologne|241/361 par|[from] item: Leftovers\n|upkeep\n|turn|20\n|\n|t:|1781404856\n|switch|p2a: Tsareena|Tsareena, L87, F|5/267\n|move|p1a: Oinkologne|Rest|p1a: Oinkologne\n|-status|p1a: Oinkologne|slp|[from] move: Rest\n|-heal|p1a: Oinkologne|361/361 slp|[silent]\n|\n|upkeep\n|turn|21\n|\n|t:|1781404862\n|move|p2a: Tsareena|Synthesis|p2a: Tsareena\n|-heal|p2a: Tsareena|138/267\n|cant|p1a: Oinkologne|slp\n|move|p1a: Oinkologne|Sleep Talk|p1a: Oinkologne\n|move|p1a: Oinkologne|Body Slam|p2a: Tsareena|[from] move: Sleep Talk\n|-damage|p2a: Tsareena|54/267\n|\n|upkeep\n|turn|22\n|\n|t:|1781404875\n|switch|p1a: Salamence|Salamence, L77, F|207/273\n|-ability|p1a: Salamence|Intimidate|boost\n|-unboost|p2a: Tsareena|atk|1\n|move|p2a: Tsareena|High Jump Kick|p1a: Salamence\n|-resisted|p1a: Salamence\n|-damage|p1a: Salamence|162/273\n|\n|upkeep\n|turn|23\n|\n|t:|1781404879\n|switch|p2a: Carbink|Carbink, L90|206/236\n|move|p1a: Salamence|Dual Wingbeat|p2a: Carbink\n|-resisted|p2a: Carbink\n|-damage|p2a: Carbink|190/236\n|-resisted|p2a: Carbink\n|-damage|p2a: Carbink|175/236\n|-hitcount|p2a: Carbink|2\n|\n|upkeep\n|turn|24\n|\n|t:|1781404887\n|switch|p1a: Quagsire|Quagsire, L84, F|270/297\n|switch|p2a: Tsareena|Tsareena, L87, F|54/267\n|\n|-heal|p1a: Quagsire|288/297|[from] item: Leftovers\n|upkeep\n|turn|25\n|\n|t:|1781404899\n|switch|p1a: Salamence|Salamence, L77, F|162/273\n|-ability|p1a: Salamence|Intimidate|boost\n|-unboost|p2a: Tsareena|atk|1\n|move|p2a: Tsareena|Synthesis|p2a: Tsareena\n|-heal|p2a: Tsareena|187/267\n|\n|upkeep\n|turn|26\n|\n|t:|1781404904\n|switch|p2a: Dusknoir|Dusknoir, L89, F|225/225\n|-item|p1a: Salamence|Heavy-Duty Boots|[from] ability: Frisk|[of] p2a: Dusknoir\n|move|p1a: Salamence|Earthquake|p2a: Dusknoir\n|-damage|p2a: Dusknoir|169/225\n|\n|-heal|p2a: Dusknoir|183/225|[from] item: Leftovers\n|upkeep\n|turn|27\n|\n|t:|1781404915\n|switch|p1a: Oinkologne|Oinkologne-F, L92, F|361/361 slp\n|switch|p2a: Carbink|Carbink, L90|175/236\n|\n|upkeep\n|turn|28\n|\n|t:|1781404922\n|switch|p2a: Decidueye|Decidueye-Hisui, L87, F|295/295\n|cant|p1a: Oinkologne|slp\n|move|p1a: Oinkologne|Sleep Talk|p1a: Oinkologne\n|move|p1a: Oinkologne|Rest||[from] move: Sleep Talk|[still]\n|-fail|p1a: Oinkologne\n|\n|upkeep\n|turn|29\n|\n|t:|1781404930\n|switch|p1a: Salamence|Salamence, L77, F|162/273\n|-ability|p1a: Salamence|Intimidate|boost\n|-fail|p2a: Decidueye|unboost|Attack|[from] ability: Scrappy|[of] p2a: Decidueye\n|move|p2a: Decidueye|Triple Arrows|p1a: Salamence\n|-resisted|p1a: Salamence\n|-crit|p1a: Salamence\n|-damage|p1a: Salamence|60/273\n|-unboost|p1a: Salamence|def|1\n|\n|upkeep\n|turn|30\n|\n|t:|1781404939\n|move|p1a: Salamence|Earthquake|p2a: Decidueye\n|-resisted|p2a: Decidueye\n|-damage|p2a: Decidueye|258/295\n|move|p2a: Decidueye|Triple Arrows|p1a: Salamence\n|-resisted|p1a: Salamence\n|-damage|p1a: Salamence|0 fnt\n|faint|p1a: Salamence\n|\n|-heal|p2a: Decidueye|276/295|[from] item: Leftovers\n|upkeep\n|\n|t:|1781404945\n|switch|p1a: Kilowattrel|Kilowattrel, L83, F|252/252\n|turn|31\n|\n|t:|1781404955\n|switch|p2a: Dusknoir|Dusknoir, L89, F|183/225\n|-item|p1a: Kilowattrel|Heavy-Duty Boots|[from] ability: Frisk|[of] p2a: Dusknoir\n|move|p1a: Kilowattrel|U-turn|p2a: Dusknoir\n|-resisted|p2a: Dusknoir\n|-damage|p2a: Dusknoir|169/225\n|\n|t:|1781404961\n|switch|p1a: Crabominable|Crabominable, L90, M|321/321|[from] U-turn\n|\n|-heal|p2a: Dusknoir|183/225|[from] item: Leftovers\n|upkeep\n|turn|32\n|\n|t:|1781404975\n|move|p2a: Dusknoir|Poltergeist|p1a: Crabominable\n|-activate|p1a: Crabominable|move: Poltergeist|Assault Vest\n|-damage|p1a: Crabominable|176/321\n|move|p1a: Crabominable|Knock Off|p2a: Dusknoir\n|-supereffective|p2a: Dusknoir\n|-damage|p2a: Dusknoir|51/225\n|-enditem|p2a: Dusknoir|Leftovers|[from] move: Knock Off|[of] p1a: Crabominable\n|\n|upkeep\n|turn|33\n|\n|t:|1781404989\n|switch|p1a: Oinkologne|Oinkologne-F, L92, F|361/361 slp\n|move|p2a: Dusknoir|Poltergeist|p1a: Oinkologne\n|-immune|p1a: Oinkologne\n|\n|upkeep\n|turn|34\n|\n|t:|1781404999\n|-curestatus|p1a: Oinkologne|slp|[msg]\n|move|p1a: Oinkologne|Curse|p1a: Oinkologne\n|-unboost|p1a: Oinkologne|spe|1\n|-boost|p1a: Oinkologne|atk|1\n|-boost|p1a: Oinkologne|def|1\n|move|p2a: Dusknoir|Pain Split|p1a: Oinkologne\n|-sethp|p1a: Oinkologne|206/361|[from] move: Pain Split|[silent]\n|-sethp|p2a: Dusknoir|206/225|[from] move: Pain Split\n|\n|-heal|p1a: Oinkologne|228/361|[from] item: Leftovers\n|upkeep\n|turn|35\n|\n|t:|1781405013\n|switch|p2a: Decidueye|Decidueye-Hisui, L87, F|276/295\n|move|p1a: Oinkologne|Curse|p1a: Oinkologne\n|-unboost|p1a: Oinkologne|spe|1\n|-boost|p1a: Oinkologne|atk|1\n|-boost|p1a: Oinkologne|def|1\n|\n|-heal|p2a: Decidueye|294/295|[from] item: Leftovers\n|-heal|p1a: Oinkologne|250/361|[from] item: Leftovers\n|upkeep\n|turn|36\n|\n|t:|1781405017\n|move|p2a: Decidueye|Triple Arrows|p1a: Oinkologne\n|-supereffective|p1a: Oinkologne\n|-damage|p1a: Oinkologne|118/361\n|-unboost|p1a: Oinkologne|def|1\n|cant|p1a: Oinkologne|flinch\n|\n|-heal|p2a: Decidueye|295/295|[from] item: Leftovers\n|-heal|p1a: Oinkologne|140/361|[from] item: Leftovers\n|upkeep\n|turn|37\n|\n|t:|1781405024\n|switch|p1a: Kilowattrel|Kilowattrel, L83, F|252/252\n|move|p2a: Decidueye|Triple Arrows|p1a: Kilowattrel\n|-resisted|p1a: Kilowattrel\n|-damage|p1a: Kilowattrel|177/252\n|-unboost|p1a: Kilowattrel|def|1\n|\n|upkeep\n|turn|38\n|\n|t:|1781405032\n|switch|p2a: Dusknoir|Dusknoir, L89, F|206/225\n|-item|p1a: Kilowattrel|Heavy-Duty Boots|[from] ability: Frisk|[of] p2a: Dusknoir\n|move|p1a: Kilowattrel|U-turn|p2a: Dusknoir\n|-resisted|p2a: Dusknoir\n|-damage|p2a: Dusknoir|192/225\n|\n|t:|1781405055\n|switch|p1a: Quagsire|Quagsire, L84, F|288/297|[from] U-turn\n|\n|-heal|p1a: Quagsire|297/297|[from] item: Leftovers\n|upkeep\n|turn|39\n|\n|t:|1781405062\n|switch|p2a: Tsareena|Tsareena, L87, F|187/267\n|move|p1a: Quagsire|Toxic|p2a: Tsareena\n|-status|p2a: Tsareena|tox\n|\n|-damage|p2a: Tsareena|171/267 tox|[from] psn\n|upkeep\n|turn|40\n|\n|t:|1781405072\n|switch|p1a: Kilowattrel|Kilowattrel, L83, F|177/252\n|move|p2a: Tsareena|Power Whip|p1a: Kilowattrel\n|-resisted|p1a: Kilowattrel\n|-damage|p1a: Kilowattrel|68/252\n|\n|-damage|p2a: Tsareena|139/267 tox|[from] psn\n|upkeep\n|turn|41\n|\n|t:|1781405079\n|move|p1a: Kilowattrel|Hurricane|p2a: Tsareena|[miss]\n|-miss|p1a: Kilowattrel|p2a: Tsareena\n|move|p2a: Tsareena|Power Whip|p1a: Kilowattrel\n|-resisted|p1a: Kilowattrel\n|-damage|p1a: Kilowattrel|0 fnt\n|faint|p1a: Kilowattrel\n|\n|-damage|p2a: Tsareena|91/267 tox|[from] psn\n|upkeep\n|-message|medo6037 forfeited.\n|\n|win|nocomment3\n", "inputlog": ">version a8376a258c1d4662feba110a92103f3664a72141\n>start {\"formatid\":\"gen9randombattle\",\"seed\":\"sodium,72005d0ca216f43d638ca6600b033363\",\"rated\":\"Rated battle\"}\n>player p1 {\"name\":\"medo6037\",\"avatar\":\"n\",\"rating\":2182,\"seed\":\"sodium,5bd95a25124b6af5675eecd2727e12a1\"}\n>player p2 {\"name\":\"nocomment3\",\"avatar\":\"265\",\"rating\":2248,\"seed\":\"sodium,98021cd6c1be82d4e7529330aa267467\"}\n>p1 switch 5\n>p2 switch 2\n>p1 move dualwingbeat\n>p2 switch 5\n>p1 switch 3\n>p2 move bodypress\n>p1 move toxic\n>p2 switch 2\n>p1 move recover\n>p2 move gunkshot\n>p1 switch 5\n>p2 move poltergeist\n>p1 move curse\n>p2 move thunderwave\n>p1 move rest\n>p2 switch 2\n>p1 switch 5\n>p2 move bodypress\n>p1 move icebeam\n>p2 switch 3\n>p1 switch 5\n>p2 switch 4\n>p1 move curse\n>p2 switch 5\n>p1 move rest\n>p2 move triplearrows\n>p1 switch 3\n>p2 move triplearrows\n>p1 switch 5\n>p2 switch 5\n>p1 move earthquake\n>p2 switch 4\n>p1 switch 5\n>p2 move highjumpkick\n>p1 move dragondance\n>p2 switch 4\n>p1 switch 3\n>p2 move poltergeist\n>p1 move rest\n>p2 switch 4\n>p1 move sleeptalk\n>p2 move synthesis\n>p1 switch 3\n>p2 move highjumpkick\n>p1 move dualwingbeat\n>p2 switch 3\n>p1 switch 5\n>p2 switch 3\n>p1 switch 5\n>p2 move synthesis\n>p1 move earthquake\n>p2 switch 4\n>p1 switch 3\n>p2 switch 3\n>p1 move sleeptalk\n>p2 switch 5\n>p1 switch 3\n>p2 move triplearrows\n>p1 move earthquake\n>p2 move triplearrows\n>p1 switch 6\n>p1 move uturn\n>p2 switch 3\n>p1 switch 2\n>p1 move knockoff\n>p2 move poltergeist\n>p1 switch 3\n>p2 move poltergeist\n>p1 move curse\n>p2 move painsplit\n>p1 move curse\n>p2 switch 3\n>p1 move bodyslam\n>p2 move triplearrows\n>p1 switch 2\n>p2 move triplearrows\n>p1 move uturn\n>p2 switch 3\n>p1 switch 5\n>p1 move toxic\n>p2 switch 4\n>p1 switch 5\n>p2 move powerwhip\n>p1 move hurricane\n>p2 move powerwhip\n>forcelose p1", "uploadtime": 1781404682, "views": 7, "formatid": "gen9randombattle", "rating": null, "private": 0, "password": null}