{"id": "gen9randombattle-2631833379", "format": "[Gen 9] Random Battle", "players": ["Elysia_773", "Mcnoodle"], "log": "|j|\u2606Elysia_773\n|j|\u2606Mcnoodle\n|t:|1781445948\n|gametype|singles\n|player|p1|Elysia_773|miku-flying|2114\n|player|p2|Mcnoodle|backpacker|2077\n|gen|9\n|tier|[Gen 9] Random Battle\n|rated|\n|rule|Species Clause: Limit one of each Pok\u00e9mon\n|rule|HP Percentage Mod: HP is shown in percentages\n|rule|Sleep Clause Mod: Limit one foe put to sleep\n|rule|Illusion Level Mod: Illusion disguises the Pok\u00e9mon's true level\n|\n|t:|1781445948\n|teamsize|p1|6\n|teamsize|p2|6\n|start\n|switch|p1a: Toedscruel|Toedscruel, L87, M|281/281\n|switch|p2a: Gastrodon|Gastrodon-East, L86, M|331/331\n|turn|1\n|inactive|Battle timer is ON: inactive players will automatically lose when time's up. (requested by Mcnoodle)\n|inactive|Elysia_773 also wants the timer to be on.\n|inactive|Mcnoodle has 120 seconds left.\n|\n|t:|1781445991\n|switch|p2a: Dusknoir|Dusknoir, L89, F|225/225\n|-item|p1a: Toedscruel|Leftovers|[from] ability: Frisk|[of] p2a: Dusknoir\n|move|p1a: Toedscruel|Toxic|p2a: Dusknoir\n|-status|p2a: Dusknoir|tox\n|\n|-damage|p2a: Dusknoir|211/225 tox|[from] psn\n|upkeep\n|turn|2\n|\n|t:|1781446005\n|switch|p1a: Regigigas|Regigigas, L84|322/322\n|-start|p1a: Regigigas|ability: Slow Start\n|move|p2a: Dusknoir|Poltergeist|p1a: Regigigas\n|-immune|p1a: Regigigas\n|\n|-heal|p2a: Dusknoir|225/225 tox|[from] item: Leftovers\n|-damage|p2a: Dusknoir|197/225 tox|[from] psn\n|upkeep\n|turn|3\n|\n|t:|1781446012\n|move|p2a: Dusknoir|Will-O-Wisp|p1a: Regigigas\n|-status|p1a: Regigigas|brn\n|move|p1a: Regigigas|Knock Off|p2a: Dusknoir\n|-supereffective|p2a: Dusknoir\n|-crit|p2a: Dusknoir\n|-damage|p2a: Dusknoir|142/225 tox\n|-enditem|p2a: Dusknoir|Leftovers|[from] move: Knock Off|[of] p1a: Regigigas\n|\n|-damage|p2a: Dusknoir|100/225 tox|[from] psn\n|-damage|p1a: Regigigas|302/322 brn|[from] brn\n|upkeep\n|turn|4\n|\n|t:|1781446019\n|move|p2a: Dusknoir|Pain Split|p1a: Regigigas\n|-sethp|p1a: Regigigas|201/322 brn|[from] move: Pain Split|[silent]\n|-sethp|p2a: Dusknoir|201/225 tox|[from] move: Pain Split\n|move|p1a: Regigigas|Substitute|p1a: Regigigas\n|-start|p1a: Regigigas|Substitute\n|-damage|p1a: Regigigas|121/322 brn\n|\n|-heal|p1a: Regigigas|141/322 brn|[from] item: Leftovers\n|-damage|p2a: Dusknoir|145/225 tox|[from] psn\n|-damage|p1a: Regigigas|121/322 brn|[from] brn\n|upkeep\n|turn|5\n|\n|t:|1781446029\n|switch|p2a: Bellibolt|Bellibolt, L84, F|320/320\n|move|p1a: Regigigas|Knock Off|p2a: Bellibolt\n|-damage|p2a: Bellibolt|293/320\n|-start|p2a: Bellibolt|Charge|Knock Off|[from] ability: Electromorphosis\n|-enditem|p2a: Bellibolt|Leftovers|[from] move: Knock Off|[of] p1a: Regigigas\n|\n|-heal|p1a: Regigigas|141/322 brn|[from] item: Leftovers\n|-damage|p1a: Regigigas|121/322 brn|[from] brn\n|upkeep\n|turn|6\n|\n|t:|1781446035\n|move|p2a: Bellibolt|Thunderbolt|p1a: Regigigas\n|-end|p1a: Regigigas|Substitute\n|-end|p2a: Bellibolt|Charge|[silent]\n|move|p1a: Regigigas|Body Slam|p2a: Bellibolt\n|-damage|p2a: Bellibolt|263/320\n|-start|p2a: Bellibolt|Charge|Body Slam|[from] ability: Electromorphosis\n|\n|-heal|p1a: Regigigas|141/322 brn|[from] item: Leftovers\n|-damage|p1a: Regigigas|121/322 brn|[from] brn\n|upkeep\n|turn|7\n|\n|t:|1781446040\n|switch|p1a: Iron Treads|Iron Treads, L77|265/265\n|move|p2a: Bellibolt|Toxic|p1a: Iron Treads|[miss]\n|-miss|p2a: Bellibolt|p1a: Iron Treads\n|\n|upkeep\n|turn|8\n|\n|t:|1781446045\n|switch|p2a: Gastrodon|Gastrodon-East, L86, M|331/331\n|move|p1a: Iron Treads|Stealth Rock|p2a: Gastrodon\n|-sidestart|p2: Mcnoodle|move: Stealth Rock\n|\n|upkeep\n|turn|9\n|\n|t:|1781446054\n|-end|p1a: Iron Treads|Quark Drive|[silent]\n|switch|p1a: Regigigas|Regigigas, L84|121/322 brn\n|-start|p1a: Regigigas|ability: Slow Start\n|switch|p2a: Dusknoir|Dusknoir, L89, F|145/225 tox\n|-damage|p2a: Dusknoir|117/225 tox|[from] Stealth Rock\n|-item|p1a: Regigigas|Leftovers|[from] ability: Frisk|[of] p2a: Dusknoir\n|\n|-heal|p1a: Regigigas|141/322 brn|[from] item: Leftovers\n|-damage|p2a: Dusknoir|103/225 tox|[from] psn\n|-damage|p1a: Regigigas|121/322 brn|[from] brn\n|upkeep\n|turn|10\n|\n|t:|1781446060\n|switch|p2a: Bellibolt|Bellibolt, L84, F|263/320\n|-damage|p2a: Bellibolt|223/320|[from] Stealth Rock\n|move|p1a: Regigigas|Knock Off|p2a: Bellibolt\n|-damage|p2a: Bellibolt|207/320\n|-start|p2a: Bellibolt|Charge|Knock Off|[from] ability: Electromorphosis\n|\n|-heal|p1a: Regigigas|141/322 brn|[from] item: Leftovers\n|-damage|p1a: Regigigas|121/322 brn|[from] brn\n|upkeep\n|turn|11\n|\n|t:|1781446065\n|move|p2a: Bellibolt|Slack Off|p2a: Bellibolt\n|-heal|p2a: Bellibolt|320/320\n|move|p1a: Regigigas|Body Slam|p2a: Bellibolt\n|-damage|p2a: Bellibolt|290/320\n|-start|p2a: Bellibolt|Charge|Body Slam|[from] ability: Electromorphosis\n|\n|-heal|p1a: Regigigas|141/322 brn|[from] item: Leftovers\n|-damage|p1a: Regigigas|121/322 brn|[from] brn\n|upkeep\n|turn|12\n|\n|t:|1781446068\n|move|p2a: Bellibolt|Thunderbolt|p1a: Regigigas\n|-damage|p1a: Regigigas|0 fnt\n|faint|p1a: Regigigas\n|-end|p1a: Regigigas|Slow Start|[silent]\n|-end|p2a: Bellibolt|Charge|[silent]\n|\n|upkeep\n|\n|t:|1781446071\n|switch|p1a: Iron Treads|Iron Treads, L77|265/265\n|turn|13\n|\n|t:|1781446078\n|switch|p2a: Gastrodon|Gastrodon-East, L86, M|331/331\n|-damage|p2a: Gastrodon|311/331|[from] Stealth Rock\n|move|p1a: Iron Treads|Earthquake|p2a: Gastrodon\n|-damage|p2a: Gastrodon|197/331\n|\n|-heal|p2a: Gastrodon|217/331|[from] item: Leftovers\n|upkeep\n|turn|14\n|\n|t:|1781446084\n|move|p1a: Iron Treads|Knock Off|p2a: Gastrodon\n|-damage|p2a: Gastrodon|139/331\n|-enditem|p2a: Gastrodon|Leftovers|[from] move: Knock Off|[of] p1a: Iron Treads\n|move|p2a: Gastrodon|Recover|p2a: Gastrodon\n|-heal|p2a: Gastrodon|305/331\n|\n|upkeep\n|turn|15\n|\n|t:|1781446094\n|-end|p1a: Iron Treads|Quark Drive|[silent]\n|switch|p1a: Toedscruel|Toedscruel, L87, M|281/281\n|switch|p2a: Dusknoir|Dusknoir, L89, F|103/225 tox\n|-damage|p2a: Dusknoir|75/225 tox|[from] Stealth Rock\n|-item|p1a: Toedscruel|Leftovers|[from] ability: Frisk|[of] p2a: Dusknoir\n|\n|-damage|p2a: Dusknoir|61/225 tox|[from] psn\n|upkeep\n|turn|16\n|\n|t:|1781446103\n|move|p1a: Toedscruel|Earth Power|p2a: Dusknoir\n|-damage|p2a: Dusknoir|1/225 tox\n|move|p2a: Dusknoir|Pain Split|p1a: Toedscruel\n|-sethp|p1a: Toedscruel|141/281|[from] move: Pain Split|[silent]\n|-sethp|p2a: Dusknoir|141/225 tox|[from] move: Pain Split\n|\n|-heal|p1a: Toedscruel|158/281|[from] item: Leftovers\n|-damage|p2a: Dusknoir|113/225 tox|[from] psn\n|upkeep\n|turn|17\n|\n|t:|1781446107\n|move|p1a: Toedscruel|Earth Power|p2a: Dusknoir\n|-damage|p2a: Dusknoir|53/225 tox\n|move|p2a: Dusknoir|Poltergeist|p1a: Toedscruel\n|-activate|p1a: Toedscruel|move: Poltergeist|Leftovers\n|-damage|p1a: Toedscruel|0 fnt\n|faint|p1a: Toedscruel\n|\n|-damage|p2a: Dusknoir|11/225 tox|[from] psn\n|upkeep\n|\n|t:|1781446111\n|switch|p1a: Iron Treads|Iron Treads, L77|265/265\n|turn|18\n|\n|t:|1781446119\n|switch|p2a: Gastrodon|Gastrodon-East, L86, M|305/331\n|-damage|p2a: Gastrodon|285/331|[from] Stealth Rock\n|move|p1a: Iron Treads|Knock Off|p2a: Gastrodon\n|-damage|p2a: Gastrodon|236/331\n|\n|upkeep\n|turn|19\n|\n|t:|1781446124\n|-end|p1a: Iron Treads|Quark Drive|[silent]\n|switch|p1a: Zangoose|Zangoose, L85, F|263/263\n|move|p2a: Gastrodon|Recover|p2a: Gastrodon\n|-heal|p2a: Gastrodon|331/331\n|\n|-status|p1a: Zangoose|tox|[from] item: Toxic Orb\n|upkeep\n|turn|20\n|\n|t:|1781446133\n|move|p1a: Zangoose|Swords Dance|p1a: Zangoose\n|-boost|p1a: Zangoose|atk|2\n|move|p2a: Gastrodon|Surf|p1a: Zangoose\n|-crit|p1a: Zangoose\n|-damage|p1a: Zangoose|70/263 tox\n|\n|-damage|p1a: Zangoose|54/263 tox|[from] psn\n|upkeep\n|turn|21\n|\n|t:|1781446138\n|switch|p2a: Dusknoir|Dusknoir, L89, F|11/225 tox\n|-damage|p2a: Dusknoir|0 fnt|[from] Stealth Rock\n|faint|p2a: Dusknoir\n|move|p1a: Zangoose|Knock Off|p2: Dusknoir|[notarget]\n|-fail|p1a: Zangoose\n|\n|-damage|p1a: Zangoose|22/263 tox|[from] psn\n|upkeep\n|\n|t:|1781446146\n|switch|p2a: Dachsbun|Dachsbun, L92, M|254/254\n|-damage|p2a: Dachsbun|223/254|[from] Stealth Rock\n|turn|22\n|\n|t:|1781446151\n|move|p2a: Dachsbun|Protect|p2a: Dachsbun\n|-singleturn|p2a: Dachsbun|Protect\n|move|p1a: Zangoose|Quick Attack|p2a: Dachsbun\n|-activate|p2a: Dachsbun|move: Protect\n|\n|-heal|p2a: Dachsbun|238/254|[from] item: Leftovers\n|-damage|p1a: Zangoose|0 fnt|[from] psn\n|faint|p1a: Zangoose\n|upkeep\n|\n|t:|1781446154\n|switch|p1a: Toxtricity|Toxtricity, L82, M|257/257\n|turn|23\n|\n|t:|1781446160\n|move|p2a: Dachsbun|Yawn|p1a: Toxtricity\n|-start|p1a: Toxtricity|move: Yawn|[of] p2a: Dachsbun\n|move|p1a: Toxtricity|Boomburst|p2a: Dachsbun\n|-damage|p2a: Dachsbun|26/254\n|\n|-heal|p2a: Dachsbun|41/254|[from] item: Leftovers\n|upkeep\n|turn|24\n|\n|t:|1781446166\n|switch|p1a: Iron Treads|Iron Treads, L77|265/265\n|move|p2a: Dachsbun|Wish|p2a: Dachsbun\n|\n|-heal|p2a: Dachsbun|56/254|[from] item: Leftovers\n|upkeep\n|turn|25\n|\n|t:|1781446174\n|-end|p1a: Iron Treads|Quark Drive|[silent]\n|switch|p1a: Pikachu|Pikachu-Sinnoh, L93, M|216/216\n|move|p2a: Dachsbun|Protect||[still]\n|-fail|p2a: Dachsbun\n|\n|-heal|p2a: Dachsbun|183/254|[from] move: Wish|[wisher] Dachsbun\n|-heal|p2a: Dachsbun|198/254|[from] item: Leftovers\n|upkeep\n|turn|26\n|\n|t:|1781446180\n|switch|p2a: Gastrodon|Gastrodon-East, L86, M|331/331\n|-damage|p2a: Gastrodon|311/331|[from] Stealth Rock\n|move|p1a: Pikachu|Fake Out|p2a: Gastrodon\n|-damage|p2a: Gastrodon|253/331\n|\n|upkeep\n|turn|27\n|\n|t:|1781446188\n|switch|p1a: Iron Treads|Iron Treads, L77|265/265\n|move|p2a: Gastrodon|Earthquake|p1a: Iron Treads\n|-supereffective|p1a: Iron Treads\n|-damage|p1a: Iron Treads|95/265\n|\n|-heal|p1a: Iron Treads|111/265|[from] item: Leftovers\n|upkeep\n|turn|28\n|\n|t:|1781446192\n|move|p1a: Iron Treads|Earthquake|p2a: Gastrodon\n|-damage|p2a: Gastrodon|136/331\n|move|p2a: Gastrodon|Recover|p2a: Gastrodon\n|-heal|p2a: Gastrodon|302/331\n|\n|-heal|p1a: Iron Treads|127/265|[from] item: Leftovers\n|upkeep\n|turn|29\n|\n|t:|1781446199\n|move|p1a: Iron Treads|Earthquake|p2a: Gastrodon\n|-damage|p2a: Gastrodon|191/331\n|move|p2a: Gastrodon|Earthquake|p1a: Iron Treads\n|-supereffective|p1a: Iron Treads\n|-damage|p1a: Iron Treads|0 fnt\n|faint|p1a: Iron Treads\n|-end|p1a: Iron Treads|Quark Drive|[silent]\n|\n|upkeep\n|\n|t:|1781446202\n|switch|p1a: Toxtricity|Toxtricity, L82, M|257/257\n|turn|30\n|\n|t:|1781446214\n|switch|p2a: Bellibolt|Bellibolt, L84, F|290/320\n|-damage|p2a: Bellibolt|250/320|[from] Stealth Rock\n|move|p1a: Toxtricity|Boomburst|p2a: Bellibolt\n|-damage|p2a: Bellibolt|52/320\n|-start|p2a: Bellibolt|Charge|Boomburst|[from] ability: Electromorphosis\n|\n|upkeep\n|turn|31\n|\n|t:|1781446216\n|move|p1a: Toxtricity|Boomburst|p2a: Bellibolt\n|-damage|p2a: Bellibolt|0 fnt\n|faint|p2a: Bellibolt\n|\n|upkeep\n|\n|t:|1781446219\n|switch|p2a: Coalossal|Coalossal, L89, M|341/341\n|turn|32\n|\n|t:|1781446226\n|switch|p1a: Pikachu|Pikachu-Sinnoh, L93, M|216/216\n|move|p2a: Coalossal|Rapid Spin|p1a: Pikachu\n|-damage|p1a: Pikachu|166/216\n|-boost|p2a: Coalossal|spe|1\n|-sideend|p2: Mcnoodle|Stealth Rock|[from] move: Rapid Spin|[of] p2a: Coalossal\n|\n|upkeep\n|turn|33\n|\n|t:|1781446232\n|switch|p2a: Gastrodon|Gastrodon-East, L86, M|191/331\n|move|p1a: Pikachu|Fake Out|p2a: Gastrodon\n|-damage|p2a: Gastrodon|137/331\n|\n|upkeep\n|turn|34\n|\n|t:|1781446237\n|switch|p1a: Toxtricity|Toxtricity, L82, M|257/257\n|move|p2a: Gastrodon|Recover|p2a: Gastrodon\n|-heal|p2a: Gastrodon|303/331\n|\n|upkeep\n|turn|35\n|\n|t:|1781446259\n|switch|p2a: Coalossal|Coalossal, L89, M|341/341\n|-terastallize|p1a: Toxtricity|Normal\n|move|p1a: Toxtricity|Boomburst|p2a: Coalossal\n|-resisted|p2a: Coalossal\n|-damage|p2a: Coalossal|203/341\n|\n|upkeep\n|turn|36\n|\n|t:|1781446276\n|move|p1a: Toxtricity|Boomburst|p2a: Coalossal\n|-resisted|p2a: Coalossal\n|-damage|p2a: Coalossal|62/341\n|move|p2a: Coalossal|Overheat|p1a: Toxtricity\n|-damage|p1a: Toxtricity|88/257\n|-unboost|p2a: Coalossal|spa|2\n|\n|upkeep\n|turn|37\n|\n|t:|1781446279\n|move|p1a: Toxtricity|Boomburst|p2a: Coalossal\n|-resisted|p2a: Coalossal\n|-damage|p2a: Coalossal|0 fnt\n|faint|p2a: Coalossal\n|\n|upkeep\n|\n|t:|1781446291\n|switch|p2a: Dachsbun|Dachsbun, L92, M|198/254\n|turn|38\n|\n|t:|1781446294\n|move|p2a: Dachsbun|Play Rough|p1a: Toxtricity\n|-damage|p1a: Toxtricity|0 fnt\n|faint|p1a: Toxtricity\n|\n|-heal|p2a: Dachsbun|213/254|[from] item: Leftovers\n|upkeep\n|-message|Elysia_773 forfeited.\n|\n|win|Mcnoodle\n|raw|Elysia_773's rating: 2114 &rarr; <strong>2092</strong><br />(-22 for losing)\n|raw|Mcnoodle's rating: 2077 &rarr; <strong>2099</strong><br />(+22 for winning)\n", "inputlog": ">version a8376a258c1d4662feba110a92103f3664a72141\n>start {\"formatid\":\"gen9randombattle\",\"seed\":\"sodium,b36377a4c0788b78707ef79bf72224a9\",\"rated\":\"Rated battle\"}\n>player p1 {\"name\":\"Elysia_773\",\"avatar\":\"miku-flying\",\"rating\":2114,\"seed\":\"sodium,47a5e8adc1a6a9eba22b78aac085b2fd\"}\n>player p2 {\"name\":\"Mcnoodle\",\"avatar\":\"backpacker\",\"rating\":2077,\"seed\":\"sodium,34cc68254fa47e69b7d83f616f705a88\"}\n>p1 move toxic\n>p2 switch 2\n>p1 switch 4\n>p2 move poltergeist\n>p1 move knockoff\n>p2 move willowisp\n>p1 move substitute\n>p2 move painsplit\n>p1 move knockoff\n>p2 switch 6\n>p1 move bodyslam\n>p2 move thunderbolt\n>p1 switch 3\n>p2 move toxic\n>p1 move stealthrock\n>p2 switch 2\n>p1 switch 3\n>p2 switch 6\n>p1 move knockoff\n>p2 switch 2\n>p1 move bodyslam\n>p2 move slackoff\n>p1 move bodyslam\n>p2 move thunderbolt\n>p1 switch 3\n>p1 move earthquake\n>p2 switch 6\n>p1 move knockoff\n>p2 move recover\n>p1 switch 4\n>p2 switch 2\n>p1 move earthpower\n>p2 move painsplit\n>p1 move earthpower\n>p2 move poltergeist\n>p1 switch 4\n>p1 move knockoff\n>p2 switch 2\n>p1 switch 6\n>p2 move recover\n>p1 move swordsdance\n>p2 move surf\n>p1 move knockoff\n>p2 switch 2\n>p2 switch 3\n>p1 move quickattack\n>p2 move protect\n>p1 switch 2\n>p1 move boomburst\n>p2 move yawn\n>p1 switch 6\n>p2 move wish\n>p1 switch 5\n>p2 move protect\n>p1 move fakeout\n>p2 switch 2\n>p1 switch 5\n>p2 move earthquake\n>p1 move earthquake\n>p2 move recover\n>p1 move earthquake\n>p2 move earthquake\n>p1 switch 6\n>p1 move boomburst\n>p2 switch 6\n>p1 move boomburst\n>p2 move toxic\n>p2 switch 4\n>p1 switch 5\n>p2 move rapidspin\n>p1 move fakeout\n>p2 switch 6\n>p1 switch 5\n>p2 move recover\n>p1 move boomburst terastallize\n>p2 switch 6\n>p1 move boomburst\n>p2 move overheat\n>p1 move boomburst\n>p2 move stoneedge\n>p2 switch 2\n>p1 move boomburst\n>p2 move playrough\n>forcelose p1", "uploadtime": 1781445951, "views": 6, "formatid": "gen9randombattle", "rating": 2092, "private": 0, "password": null}