{"id": "gen9randombattle-2631522262", "format": "[Gen 9] Random Battle", "players": ["bluesun000", "Circz"], "log": "|j|\u2606bluesun000\n|j|\u2606Circz\n|t:|1781396126\n|gametype|singles\n|player|p1|bluesun000|palmer|1970\n|player|p2|Circz|dawn|1965\n|gen|9\n|tier|[Gen 9] Random Battle\n|rated|\n|rule|Species Clause: Limit one of each Pok\u00e9mon\n|rule|HP Percentage Mod: HP is shown in percentages\n|rule|Sleep Clause Mod: Limit one foe put to sleep\n|rule|Illusion Level Mod: Illusion disguises the Pok\u00e9mon's true level\n|\n|t:|1781396126\n|teamsize|p1|6\n|teamsize|p2|6\n|start\n|switch|p1a: Kingambit|Kingambit, L74, M|270/270\n|switch|p2a: Toucannon|Toucannon, L88, F|284/284\n|turn|1\n|inactive|Battle timer is ON: inactive players will automatically lose when time's up. (requested by Circz)\n|inactive|bluesun000 also wants the timer to be on.\n|\n|t:|1781396150\n|switch|p2a: Sandslash|Sandslash, L89, F|278/278\n|-end|p1a: Kingambit|fallenundefined|[silent]\n|switch|p1a: Pachirisu|Pachirisu, L96, M|271/271\n|\n|upkeep\n|turn|2\n|\n|t:|1781396158\n|move|p1a: Pachirisu|U-turn|p2a: Sandslash\n|-damage|p2a: Sandslash|246/278\n|inactive|bluesun000 has 120 seconds left.\n|\n|t:|1781396190\n|switch|p1a: Flamigo|Flamigo, L82, F|269/269|[from] U-turn\n|move|p2a: Sandslash|Spikes|p1a: Flamigo\n|-sidestart|p1: bluesun000|Spikes\n|\n|-heal|p2a: Sandslash|263/278|[from] item: Leftovers\n|upkeep\n|turn|3\n|inactive|bluesun000 has 120 seconds left.\n|\n|t:|1781396201\n|switch|p2a: Toucannon|Toucannon, L88, F|284/284\n|move|p1a: Flamigo|Brave Bird|p2a: Toucannon\n|-damage|p2a: Toucannon|62/284\n|-damage|p1a: Flamigo|196/269|[from] Recoil\n|\n|upkeep\n|turn|4\n|\n|t:|1781396210\n|switch|p1a: Pachirisu|Pachirisu, L96, M|271/271\n|-damage|p1a: Pachirisu|238/271|[from] Spikes\n|move|p2a: Toucannon|Boomburst|p1a: Pachirisu\n|-damage|p1a: Pachirisu|157/271\n|\n|upkeep\n|turn|5\n|inactive|bluesun000 has 120 seconds left.\n|\n|t:|1781396232\n|move|p1a: Pachirisu|Thunderbolt|p2a: Toucannon\n|-supereffective|p2a: Toucannon\n|-damage|p2a: Toucannon|0 fnt\n|faint|p2a: Toucannon\n|\n|upkeep\n|\n|t:|1781396235\n|switch|p2a: Sandslash|Sandslash, L89, F|263/278\n|turn|6\n|\n|t:|1781396240\n|move|p1a: Pachirisu|Super Fang|p2a: Sandslash\n|-damage|p2a: Sandslash|132/278\n|move|p2a: Sandslash|Knock Off|p1a: Pachirisu\n|-damage|p1a: Pachirisu|82/271\n|-enditem|p1a: Pachirisu|Assault Vest|[from] move: Knock Off|[of] p2a: Sandslash\n|\n|-heal|p2a: Sandslash|149/278|[from] item: Leftovers\n|upkeep\n|turn|7\n|\n|t:|1781396249\n|move|p1a: Pachirisu|U-turn|p2a: Sandslash\n|-damage|p2a: Sandslash|117/278\n|inactive|bluesun000 has 120 seconds left.\n|\n|t:|1781396285\n|switch|p1a: Flamigo|Flamigo, L82, F|196/269|[from] U-turn\n|move|p2a: Sandslash|Rapid Spin|p1a: Flamigo\n|-damage|p1a: Flamigo|149/269\n|-boost|p2a: Sandslash|spe|1\n|\n|-heal|p2a: Sandslash|134/278|[from] item: Leftovers\n|upkeep\n|turn|8\n|\n|t:|1781396302\n|move|p2a: Sandslash|Knock Off|p1a: Flamigo\n|-resisted|p1a: Flamigo\n|-damage|p1a: Flamigo|100/269\n|-enditem|p1a: Flamigo|Choice Band|[from] move: Knock Off|[of] p2a: Sandslash\n|move|p1a: Flamigo|Close Combat|p2a: Sandslash\n|-damage|p2a: Sandslash|22/278\n|-unboost|p1a: Flamigo|def|1\n|-unboost|p1a: Flamigo|spd|1\n|\n|-heal|p2a: Sandslash|39/278|[from] item: Leftovers\n|upkeep\n|turn|9\n|inactive|bluesun000 has 90 seconds left.\n|\n|t:|1781396322\n|move|p2a: Sandslash|Spikes|p1a: Flamigo\n|-sidestart|p1: bluesun000|Spikes\n|move|p1a: Flamigo|U-turn|p2a: Sandslash\n|-damage|p2a: Sandslash|0 fnt\n|faint|p2a: Sandslash\n|\n|t:|1781396330\n|switch|p1a: Pachirisu|Pachirisu, L96, M|82/271|[from] U-turn\n|-damage|p1a: Pachirisu|37/271|[from] Spikes\n|\n|upkeep\n|\n|t:|1781396359\n|switch|p2a: Jolteon|Jolteon, L84, M|246/246\n|turn|10\n|inactive|bluesun000 has 90 seconds left.\n|\n|t:|1781396371\n|move|p2a: Jolteon|Substitute|p2a: Jolteon\n|-start|p2a: Jolteon|Substitute\n|-damage|p2a: Jolteon|185/246\n|move|p1a: Pachirisu|U-turn|p2a: Jolteon\n|-activate|p2a: Jolteon|move: Substitute|[damage]\n|inactive|bluesun000 has 90 seconds left.\n|\n|t:|1781396389\n|switch|p1a: Sandslash|Sandslash, L89, M|278/278|[from] U-turn\n|-damage|p1a: Sandslash|232/278|[from] Spikes\n|\n|-heal|p2a: Jolteon|200/246|[from] item: Leftovers\n|-heal|p1a: Sandslash|249/278|[from] item: Leftovers\n|upkeep\n|turn|11\n|\n|t:|1781396404\n|move|p2a: Jolteon|Calm Mind|p2a: Jolteon\n|-boost|p2a: Jolteon|spa|1\n|-boost|p2a: Jolteon|spd|1\n|move|p1a: Sandslash|Rapid Spin|p2a: Jolteon\n|-end|p2a: Jolteon|Substitute\n|-sideend|p1: bluesun000|Spikes|[from] move: Rapid Spin|[of] p1a: Sandslash\n|-boost|p1a: Sandslash|spe|1\n|\n|-heal|p2a: Jolteon|215/246|[from] item: Leftovers\n|-heal|p1a: Sandslash|266/278|[from] item: Leftovers\n|upkeep\n|turn|12\n|\n|t:|1781396431\n|-terastallize|p2a: Jolteon|Ice\n|-terastallize|p1a: Sandslash|Water\n|move|p2a: Jolteon|Tera Blast|p1a: Sandslash|[anim] Tera Blast Ice\n|-resisted|p1a: Sandslash\n|-damage|p1a: Sandslash|181/278\n|move|p1a: Sandslash|Rapid Spin|p2a: Jolteon\n|-damage|p2a: Jolteon|165/246\n|-boost|p1a: Sandslash|spe|1\n|\n|-heal|p1a: Sandslash|198/278|[from] item: Leftovers\n|-heal|p2a: Jolteon|180/246|[from] item: Leftovers\n|upkeep\n|turn|13\n|\n|t:|1781396443\n|move|p1a: Sandslash|Earthquake|p2a: Jolteon\n|-damage|p2a: Jolteon|15/246\n|move|p2a: Jolteon|Thunderbolt|p1a: Sandslash\n|-supereffective|p1a: Sandslash\n|-damage|p1a: Sandslash|0 fnt\n|faint|p1a: Sandslash\n|\n|-heal|p2a: Jolteon|30/246|[from] item: Leftovers\n|upkeep\n|inactive|bluesun000 has 60 seconds left.\n|\n|t:|1781396472\n|switch|p1a: Quaquaval|Quaquaval, L79, M|264/264\n|turn|14\n|\n|t:|1781396488\n|switch|p1a: Pachirisu|Pachirisu, L96, M|37/271\n|move|p2a: Jolteon|Thunderbolt|p1a: Pachirisu\n|-heal|p1a: Pachirisu|104/271|[from] ability: Volt Absorb|[of] p2a: Jolteon\n|\n|-heal|p2a: Jolteon|45/246|[from] item: Leftovers\n|upkeep\n|turn|15\n|\n|t:|1781396502\n|switch|p1a: Quaquaval|Quaquaval, L79, M|264/264\n|move|p2a: Jolteon|Tera Blast|p1a: Quaquaval|[anim] Tera Blast Ice\n|-resisted|p1a: Quaquaval\n|-damage|p1a: Quaquaval|177/264\n|\n|-heal|p2a: Jolteon|60/246|[from] item: Leftovers\n|upkeep\n|turn|16\n|inactive|bluesun000 has 30 seconds left.\n|inactive|bluesun000 has 20 seconds left.\n|\n|t:|1781396536\n|move|p2a: Jolteon|Thunderbolt|p1a: Quaquaval\n|-supereffective|p1a: Quaquaval\n|-damage|p1a: Quaquaval|0 fnt\n|faint|p1a: Quaquaval\n|\n|-heal|p2a: Jolteon|75/246|[from] item: Leftovers\n|upkeep\n|inactive|bluesun000 has 25 seconds left this turn.\n|inactive|bluesun000 has 20 seconds left.\n|\n|t:|1781396543\n|switch|p1a: Flamigo|Flamigo, L82, F|100/269\n|turn|17\n|inactive|bluesun000 has 30 seconds left this turn.\n|\n|t:|1781396549\n|switch|p1a: Pachirisu|Pachirisu, L96, M|104/271\n|move|p2a: Jolteon|Tera Blast|p1a: Pachirisu|[anim] Tera Blast Ice\n|-damage|p1a: Pachirisu|0 fnt\n|faint|p1a: Pachirisu\n|\n|-heal|p2a: Jolteon|90/246|[from] item: Leftovers\n|upkeep\n|\n|t:|1781396553\n|switch|p1a: Kingambit|Kingambit, L74, M|270/270\n|-activate|p1a: Kingambit|ability: Supreme Overlord\n|-start|p1a: Kingambit|fallen3|[silent]\n|turn|18\n|\n|t:|1781396561\n|move|p2a: Jolteon|Substitute|p2a: Jolteon\n|-start|p2a: Jolteon|Substitute\n|-damage|p2a: Jolteon|29/246\n|move|p1a: Kingambit|Kowtow Cleave|p2a: Jolteon\n|-crit|p2a: Jolteon\n|-end|p2a: Jolteon|Substitute\n|\n|-heal|p2a: Jolteon|44/246|[from] item: Leftovers\n|upkeep\n|turn|19\n|\n|t:|1781396575\n|move|p1a: Kingambit|Sucker Punch|p2a: Jolteon\n|-damage|p2a: Jolteon|0 fnt\n|faint|p2a: Jolteon\n|\n|upkeep\n|\n|t:|1781396579\n|switch|p2a: Raichu|Raichu, L88, M|249/249\n|turn|20\n|\n|t:|1781396588\n|-end|p1a: Kingambit|fallen3|[silent]\n|switch|p1a: Flamigo|Flamigo, L82, F|100/269\n|move|p2a: Raichu|Focus Blast|p1a: Flamigo|[miss]\n|-miss|p2a: Raichu|p1a: Flamigo\n|\n|upkeep\n|turn|21\n|\n|t:|1781396600\n|move|p2a: Raichu|Surf|p1a: Flamigo\n|-damage|p1a: Flamigo|0 fnt\n|faint|p1a: Flamigo\n|-damage|p2a: Raichu|225/249|[from] item: Life Orb\n|\n|upkeep\n|\n|t:|1781396629\n|switch|p1a: Sandy Shocks|Sandy Shocks, L80|267/267\n|turn|22\n|\n|t:|1781396642\n|move|p2a: Raichu|Surf|p1a: Sandy Shocks\n|-supereffective|p1a: Sandy Shocks\n|-damage|p1a: Sandy Shocks|69/267\n|-damage|p2a: Raichu|201/249|[from] item: Life Orb\n|move|p1a: Sandy Shocks|Earth Power|p2a: Raichu\n|-supereffective|p2a: Raichu\n|-crit|p2a: Raichu\n|-damage|p2a: Raichu|0 fnt\n|faint|p2a: Raichu\n|\n|-heal|p1a: Sandy Shocks|85/267|[from] item: Leftovers\n|upkeep\n|inactive|Circz has 120 seconds left.\n|inactive|Circz has 90 seconds left.\n|inactive|Circz has 60 seconds left.\n|inactive|Circz has 30 seconds left.\n|inactive|Circz has 20 seconds left.\n|inactive|Circz has 15 seconds left.\n|inactive|Circz has 10 seconds left.\n|inactive|Circz has 5 seconds left.\n|-message|Circz lost due to inactivity.\n|\n|win|bluesun000\n", "inputlog": ">version a8376a258c1d4662feba110a92103f3664a72141\n>start {\"formatid\":\"gen9randombattle\",\"seed\":\"sodium,919b53b292f288f27926b11888b63d3a\",\"rated\":\"Rated battle\"}\n>player p1 {\"name\":\"bluesun000\",\"avatar\":\"palmer\",\"rating\":1970,\"seed\":\"sodium,e77e5ec99e8f0fa39603634b3c86143c\"}\n>player p2 {\"name\":\"Circz\",\"avatar\":\"dawn\",\"rating\":1965,\"seed\":\"sodium,7925eeed1313d2c9f1d31ddbf8cb56d0\"}\n>p1 switch 3\n>p2 switch 4\n>p1 move uturn\n>p2 move spikes\n>p1 switch 5\n>p1 move bravebird\n>p2 switch 4\n>p1 switch 5\n>p2 move boomburst\n>p1 move thunderbolt\n>p2 move roost\n>p2 switch 4\n>p1 move superfang\n>p2 move knockoff\n>p1 move uturn\n>p2 move rapidspin\n>p1 switch 5\n>p1 move closecombat\n>p2 move knockoff\n>p1 move uturn\n>p2 move spikes\n>p1 switch 5\n>p2 switch 2\n>p1 move uturn\n>p2 move substitute\n>p1 switch 4\n>p1 move rapidspin\n>p2 move calmmind\n>p1 move rapidspin terastallize\n>p2 move terablast terastallize\n>p1 move earthquake\n>p2 move thunderbolt\n>p1 switch 6\n>p1 switch 4\n>p2 move thunderbolt\n>p1 switch 4\n>p2 move terablast\n>p1 move aquastep\n>p2 move thunderbolt\n>p1 switch 5\n>p1 switch 4\n>p2 move terablast\n>p1 switch 3\n>p1 move kowtowcleave\n>p2 move substitute\n>p1 move suckerpunch\n>p2 move thunderbolt\n>p2 switch 5\n>p1 switch 4\n>p2 move focusblast\n>p1 move closecombat\n>p2 move surf\n>p1 switch 2\n>p1 move earthpower\n>p2 move surf\n>forcelose p2", "uploadtime": 1781396129, "views": 6, "formatid": "gen9randombattle", "rating": null, "private": 0, "password": null}