{"id": "gen9randombattle-2631735383", "format": "[Gen 9] Random Battle", "players": ["dawn505", "coolbai"], "log": "|j|\u2606dawn505\n|j|\u2606coolbai\n|t:|1781430973\n|gametype|singles\n|player|p1|dawn505|dawn|1981\n|player|p2|coolbai|lucas|1940\n|gen|9\n|tier|[Gen 9] Random Battle\n|rated|\n|rule|Species Clause: Limit one of each Pok\u00e9mon\n|rule|HP Percentage Mod: HP is shown in percentages\n|rule|Sleep Clause Mod: Limit one foe put to sleep\n|rule|Illusion Level Mod: Illusion disguises the Pok\u00e9mon's true level\n|\n|t:|1781430973\n|teamsize|p1|6\n|teamsize|p2|6\n|start\n|switch|p1a: Kingdra|Kingdra, L84, F|263/263\n|switch|p2a: Hariyama|Hariyama, L87, F|392/392\n|turn|1\n|\n|t:|1781431006\n|switch|p2a: Luxray|Luxray, L88, M|284/284\n|-ability|p2a: Luxray|Intimidate|boost\n|-unboost|p1a: Kingdra|atk|1\n|move|p1a: Kingdra|Rain Dance|p1a: Kingdra\n|-weather|RainDance\n|\n|-weather|RainDance|[upkeep]\n|upkeep\n|turn|2\n|\n|t:|1781431022\n|switch|p1a: Camerupt|Camerupt, L91, F|275/275\n|move|p2a: Luxray|Play Rough|p1a: Camerupt\n|-resisted|p1a: Camerupt\n|-damage|p1a: Camerupt|226/275\n|\n|-weather|RainDance|[upkeep]\n|-heal|p1a: Camerupt|243/275|[from] item: Leftovers\n|upkeep\n|turn|3\n|\n|t:|1781431033\n|switch|p2a: Slowbro|Slowbro, L85, F|300/300\n|move|p1a: Camerupt|Earthquake|p2a: Slowbro\n|-damage|p2a: Slowbro|203/300\n|\n|-weather|RainDance|[upkeep]\n|-heal|p1a: Camerupt|260/275|[from] item: Leftovers\n|-heal|p2a: Slowbro|221/300|[from] item: Leftovers\n|upkeep\n|turn|4\n|\n|t:|1781431045\n|switch|p1a: Duraludon|Duraludon, L82, M|249/249\n|move|p2a: Slowbro|Scald|p1a: Duraludon\n|-resisted|p1a: Duraludon\n|-damage|p1a: Duraludon|180/249\n|\n|-weather|RainDance|[upkeep]\n|-heal|p2a: Slowbro|239/300|[from] item: Leftovers\n|upkeep\n|turn|5\n|\n|t:|1781431054\n|move|p1a: Duraludon|Stealth Rock|p2a: Slowbro\n|-sidestart|p2: coolbai|move: Stealth Rock\n|move|p2a: Slowbro|Slack Off|p2a: Slowbro\n|-heal|p2a: Slowbro|300/300\n|\n|-weather|none\n|upkeep\n|turn|6\n|\n|t:|1781431071\n|switch|p1a: Vileplume|Vileplume, L85, M|266/266\n|move|p2a: Slowbro|Iron Defense|p2a: Slowbro\n|-boost|p2a: Slowbro|def|2\n|\n|upkeep\n|turn|7\n|\n|t:|1781431078\n|switch|p2a: Orthworm|Orthworm, L88, M|266/266\n|-damage|p2a: Orthworm|250/266|[from] Stealth Rock\n|move|p1a: Vileplume|Sleep Powder|p2a: Orthworm\n|-status|p2a: Orthworm|slp|[from] move: Sleep Powder\n|-enditem|p2a: Orthworm|Chesto Berry|[eat]\n|-curestatus|p2a: Orthworm|slp|[msg]\n|\n|upkeep\n|turn|8\n|\n|t:|1781431086\n|move|p2a: Orthworm|Coil|p2a: Orthworm\n|-boost|p2a: Orthworm|atk|1\n|-boost|p2a: Orthworm|def|1\n|-boost|p2a: Orthworm|accuracy|1\n|move|p1a: Vileplume|Sleep Powder|p2a: Orthworm\n|-status|p2a: Orthworm|slp|[from] move: Sleep Powder\n|\n|upkeep\n|turn|9\n|\n|t:|1781431095\n|switch|p1a: Camerupt|Camerupt, L91, F|260/275\n|cant|p2a: Orthworm|slp\n|\n|-heal|p1a: Camerupt|275/275|[from] item: Leftovers\n|upkeep\n|turn|10\n|\n|t:|1781431102\n|switch|p2a: Slowbro|Slowbro, L85, F|300/300\n|-damage|p2a: Slowbro|263/300|[from] Stealth Rock\n|move|p1a: Camerupt|Roar|p2a: Slowbro\n|drag|p2a: Hariyama|Hariyama, L87, F|392/392\n|-damage|p2a: Hariyama|368/392|[from] Stealth Rock\n|\n|-status|p2a: Hariyama|brn|[from] item: Flame Orb\n|upkeep\n|turn|11\n|\n|t:|1781431115\n|move|p2a: Hariyama|Headlong Rush|p1a: Camerupt\n|-supereffective|p1a: Camerupt\n|-damage|p1a: Camerupt|19/275\n|-unboost|p2a: Hariyama|def|1\n|-unboost|p2a: Hariyama|spd|1\n|move|p1a: Camerupt|Earthquake|p2a: Hariyama\n|-damage|p2a: Hariyama|110/392 brn\n|\n|-heal|p1a: Camerupt|36/275|[from] item: Leftovers\n|-damage|p2a: Hariyama|86/392 brn|[from] brn\n|upkeep\n|turn|12\n|\n|t:|1781431125\n|move|p2a: Hariyama|Knock Off|p1a: Camerupt\n|-damage|p1a: Camerupt|0 fnt\n|-enditem|p1a: Camerupt|Leftovers|[from] move: Knock Off|[of] p2a: Hariyama\n|faint|p1a: Camerupt\n|\n|-damage|p2a: Hariyama|62/392 brn|[from] brn\n|upkeep\n|\n|t:|1781431142\n|switch|p1a: Duraludon|Duraludon, L82, M|180/249\n|turn|13\n|\n|t:|1781431147\n|move|p1a: Duraludon|Flash Cannon|p2a: Hariyama\n|-damage|p2a: Hariyama|0 fnt\n|faint|p2a: Hariyama\n|\n|upkeep\n|\n|t:|1781431152\n|switch|p2a: Luxray|Luxray, L88, M|284/284\n|-damage|p2a: Luxray|249/284|[from] Stealth Rock\n|-ability|p2a: Luxray|Intimidate|boost\n|-unboost|p1a: Duraludon|atk|1\n|turn|14\n|\n|t:|1781431162\n|switch|p1a: Vileplume|Vileplume, L85, M|266/266\n|move|p2a: Luxray|Volt Switch|p1a: Vileplume\n|-resisted|p1a: Vileplume\n|-damage|p1a: Vileplume|227/266\n|\n|t:|1781431167\n|switch|p2a: Cetitan|Cetitan, L82, M|412/412|[from] Volt Switch\n|-damage|p2a: Cetitan|309/412|[from] Stealth Rock\n|\n|-heal|p1a: Vileplume|243/266|[from] item: Leftovers\n|upkeep\n|turn|15\n|\n|t:|1781431183\n|switch|p1a: Magmortar|Magmortar, L88, F|275/275\n|move|p2a: Cetitan|Belly Drum|p2a: Cetitan\n|-damage|p2a: Cetitan|103/412\n|-setboost|p2a: Cetitan|atk|6|[from] move: Belly Drum\n|-enditem|p2a: Cetitan|Sitrus Berry|[eat]\n|-heal|p2a: Cetitan|206/412|[from] item: Sitrus Berry\n|\n|upkeep\n|turn|16\n|\n|t:|1781431199\n|-terastallize|p1a: Magmortar|Electric\n|move|p1a: Magmortar|Thunderbolt|p2a: Cetitan\n|-damage|p2a: Cetitan|16/412\n|move|p2a: Cetitan|Earthquake|p1a: Magmortar\n|-supereffective|p1a: Magmortar\n|-damage|p1a: Magmortar|0 fnt\n|faint|p1a: Magmortar\n|\n|upkeep\n|\n|t:|1781431211\n|switch|p1a: Duraludon|Duraludon, L82, M|180/249\n|turn|17\n|\n|t:|1781431229\n|move|p2a: Cetitan|Ice Shard|p1a: Duraludon\n|-damage|p1a: Duraludon|72/249\n|move|p1a: Duraludon|Flash Cannon|p2a: Cetitan\n|-supereffective|p2a: Cetitan\n|-damage|p2a: Cetitan|0 fnt\n|faint|p2a: Cetitan\n|\n|upkeep\n|\n|t:|1781431237\n|switch|p2a: Luxray|Luxray, L88, M|249/284\n|-damage|p2a: Luxray|214/284|[from] Stealth Rock\n|-ability|p2a: Luxray|Intimidate|boost\n|-unboost|p1a: Duraludon|atk|1\n|turn|18\n|\n|t:|1781431243\n|move|p1a: Duraludon|Draco Meteor|p2a: Luxray\n|-crit|p2a: Luxray\n|-damage|p2a: Luxray|58/284\n|-unboost|p1a: Duraludon|spa|2\n|move|p2a: Luxray|Play Rough|p1a: Duraludon\n|-damage|p1a: Duraludon|23/249\n|\n|upkeep\n|turn|19\n|\n|t:|1781431251\n|move|p1a: Duraludon|Draco Meteor|p2a: Luxray\n|-damage|p2a: Luxray|1/284\n|-unboost|p1a: Duraludon|spa|2\n|move|p2a: Luxray|Play Rough|p1a: Duraludon|[miss]\n|-miss|p2a: Luxray|p1a: Duraludon\n|\n|upkeep\n|turn|20\n|\n|t:|1781431259\n|move|p1a: Duraludon|Flash Cannon|p2a: Luxray\n|-resisted|p2a: Luxray\n|-damage|p2a: Luxray|0 fnt\n|faint|p2a: Luxray\n|\n|upkeep\n|\n|t:|1781431269\n|switch|p2a: Slowbro|Slowbro, L85, F|300/300\n|-damage|p2a: Slowbro|263/300|[from] Stealth Rock\n|turn|21\n|\n|t:|1781431285\n|switch|p1a: Vileplume|Vileplume, L85, M|243/266\n|move|p2a: Slowbro|Iron Defense|p2a: Slowbro\n|-boost|p2a: Slowbro|def|2\n|\n|-heal|p1a: Vileplume|259/266|[from] item: Leftovers\n|-heal|p2a: Slowbro|281/300|[from] item: Leftovers\n|upkeep\n|turn|22\n|\n|t:|1781431292\n|switch|p2a: Orthworm|Orthworm, L88, M|250/266 slp\n|-damage|p2a: Orthworm|234/266 slp|[from] Stealth Rock\n|move|p1a: Vileplume|Giga Drain|p2a: Orthworm\n|-resisted|p2a: Orthworm\n|-damage|p2a: Orthworm|176/266 slp\n|-heal|p1a: Vileplume|266/266|[from] drain|[of] p2a: Orthworm\n|\n|upkeep\n|turn|23\n|\n|t:|1781431306\n|switch|p1a: Kingdra|Kingdra, L84, F|263/263\n|-curestatus|p2a: Orthworm|slp|[msg]\n|move|p2a: Orthworm|Coil|p2a: Orthworm\n|-boost|p2a: Orthworm|atk|1\n|-boost|p2a: Orthworm|def|1\n|-boost|p2a: Orthworm|accuracy|1\n|\n|upkeep\n|turn|24\n|\n|t:|1781431315\n|move|p1a: Kingdra|Rain Dance|p1a: Kingdra\n|-weather|RainDance\n|move|p2a: Orthworm|Body Press|p1a: Kingdra\n|-damage|p1a: Kingdra|151/263\n|\n|-weather|RainDance|[upkeep]\n|upkeep\n|turn|25\n|\n|t:|1781431322\n|move|p1a: Kingdra|Wave Crash|p2a: Orthworm\n|-damage|p2a: Orthworm|73/266\n|-damage|p1a: Kingdra|117/263|[from] Recoil\n|-damage|p1a: Kingdra|91/263|[from] item: Life Orb\n|move|p2a: Orthworm|Body Press|p1a: Kingdra\n|-damage|p1a: Kingdra|0 fnt\n|faint|p1a: Kingdra\n|\n|-weather|RainDance|[upkeep]\n|upkeep\n|\n|t:|1781431344\n|switch|p1a: Vileplume|Vileplume, L85, M|266/266\n|turn|26\n|\n|t:|1781431348\n|move|p2a: Orthworm|Rest|p2a: Orthworm\n|-status|p2a: Orthworm|slp|[from] move: Rest\n|-heal|p2a: Orthworm|266/266 slp|[silent]\n|move|p1a: Vileplume|Sleep Powder|p2a: Orthworm\n|-fail|p2a: Orthworm|slp\n|\n|-weather|RainDance|[upkeep]\n|upkeep\n|turn|27\n|\n|t:|1781431359\n|cant|p2a: Orthworm|slp\n|move|p1a: Vileplume|Giga Drain|p2a: Orthworm\n|-resisted|p2a: Orthworm\n|-damage|p2a: Orthworm|210/266 slp\n|\n|-weather|RainDance|[upkeep]\n|upkeep\n|turn|28\n|\n|t:|1781431365\n|cant|p2a: Orthworm|slp\n|move|p1a: Vileplume|Giga Drain|p2a: Orthworm\n|-resisted|p2a: Orthworm\n|-damage|p2a: Orthworm|147/266 slp\n|\n|-weather|none\n|upkeep\n|turn|29\n|\n|t:|1781431371\n|-curestatus|p2a: Orthworm|slp|[msg]\n|move|p2a: Orthworm|Coil|p2a: Orthworm\n|-boost|p2a: Orthworm|atk|1\n|-boost|p2a: Orthworm|def|1\n|-boost|p2a: Orthworm|accuracy|1\n|move|p1a: Vileplume|Giga Drain|p2a: Orthworm\n|-resisted|p2a: Orthworm\n|-damage|p2a: Orthworm|88/266\n|\n|upkeep\n|turn|30\n|\n|t:|1781431378\n|move|p2a: Orthworm|Rest|p2a: Orthworm\n|-status|p2a: Orthworm|slp|[from] move: Rest\n|-heal|p2a: Orthworm|266/266 slp|[silent]\n|move|p1a: Vileplume|Giga Drain|p2a: Orthworm\n|-resisted|p2a: Orthworm\n|-crit|p2a: Orthworm\n|-damage|p2a: Orthworm|169/266 slp\n|\n|upkeep\n|turn|31\n|\n|t:|1781431387\n|cant|p2a: Orthworm|slp\n|move|p1a: Vileplume|Giga Drain|p2a: Orthworm\n|-resisted|p2a: Orthworm\n|-damage|p2a: Orthworm|106/266 slp\n|\n|upkeep\n|turn|32\n|\n|t:|1781431395\n|cant|p2a: Orthworm|slp\n|move|p1a: Vileplume|Giga Drain|p2a: Orthworm\n|-resisted|p2a: Orthworm\n|-damage|p2a: Orthworm|45/266 slp\n|\n|upkeep\n|turn|33\n|\n|t:|1781431407\n|-curestatus|p2a: Orthworm|slp|[msg]\n|move|p2a: Orthworm|Rest|p2a: Orthworm\n|-status|p2a: Orthworm|slp|[from] move: Rest\n|-heal|p2a: Orthworm|266/266 slp|[silent]\n|move|p1a: Vileplume|Sleep Powder|p2a: Orthworm\n|-fail|p2a: Orthworm|slp\n|\n|upkeep\n|turn|34\n|\n|t:|1781431423\n|switch|p1a: Venusaur|Venusaur, L84, F|272/272\n|cant|p2a: Orthworm|slp\n|\n|upkeep\n|turn|35\n|\n|t:|1781431428\n|move|p1a: Venusaur|Energy Ball|p2a: Orthworm\n|-resisted|p2a: Orthworm\n|-damage|p2a: Orthworm|201/266 slp\n|cant|p2a: Orthworm|slp\n|\n|upkeep\n|turn|36\n|\n|t:|1781431433\n|move|p1a: Venusaur|Energy Ball|p2a: Orthworm\n|-resisted|p2a: Orthworm\n|-damage|p2a: Orthworm|138/266 slp\n|-curestatus|p2a: Orthworm|slp|[msg]\n|move|p2a: Orthworm|Iron Tail|p1a: Venusaur\n|-crit|p1a: Venusaur\n|-damage|p1a: Venusaur|0 fnt\n|faint|p1a: Venusaur\n|\n|upkeep\n|inactive|Battle timer is ON: inactive players will automatically lose when time's up. (requested by coolbai)\n|\n|t:|1781431450\n|switch|p1a: Duraludon|Duraludon, L82, M|23/249\n|turn|37\n|\n|t:|1781431460\n|move|p1a: Duraludon|Flash Cannon|p2a: Orthworm\n|-resisted|p2a: Orthworm\n|-damage|p2a: Orthworm|76/266\n|move|p2a: Orthworm|Body Press|p1a: Duraludon\n|-supereffective|p1a: Duraludon\n|-damage|p1a: Duraludon|0 fnt\n|faint|p1a: Duraludon\n|\n|upkeep\n|\n|t:|1781431468\n|switch|p1a: Vileplume|Vileplume, L85, M|266/266\n|turn|38\n|\n|t:|1781431471\n|move|p2a: Orthworm|Rest|p2a: Orthworm\n|-status|p2a: Orthworm|slp|[from] move: Rest\n|-heal|p2a: Orthworm|266/266 slp|[silent]\n|move|p1a: Vileplume|Giga Drain|p2a: Orthworm\n|-resisted|p2a: Orthworm\n|-damage|p2a: Orthworm|203/266 slp\n|\n|upkeep\n|turn|39\n|\n|t:|1781431479\n|cant|p2a: Orthworm|slp\n|move|p1a: Vileplume|Giga Drain|p2a: Orthworm\n|-resisted|p2a: Orthworm\n|-crit|p2a: Orthworm\n|-damage|p2a: Orthworm|115/266 slp\n|\n|upkeep\n|turn|40\n|\n|t:|1781431485\n|cant|p2a: Orthworm|slp\n|move|p1a: Vileplume|Giga Drain|p2a: Orthworm\n|-resisted|p2a: Orthworm\n|-damage|p2a: Orthworm|52/266 slp\n|\n|upkeep\n|turn|41\n|\n|t:|1781431491\n|-curestatus|p2a: Orthworm|slp|[msg]\n|move|p2a: Orthworm|Rest|p2a: Orthworm\n|-status|p2a: Orthworm|slp|[from] move: Rest\n|-heal|p2a: Orthworm|266/266 slp|[silent]\n|move|p1a: Vileplume|Giga Drain|p2a: Orthworm\n|-resisted|p2a: Orthworm\n|-damage|p2a: Orthworm|209/266 slp\n|\n|upkeep\n|turn|42\n|\n|t:|1781431511\n|cant|p2a: Orthworm|slp\n|move|p1a: Vileplume|Giga Drain|p2a: Orthworm\n|-resisted|p2a: Orthworm\n|-damage|p2a: Orthworm|143/266 slp\n|\n|upkeep\n|turn|43\n|\n|t:|1781431517\n|cant|p2a: Orthworm|slp\n|move|p1a: Vileplume|Giga Drain|p2a: Orthworm\n|-resisted|p2a: Orthworm\n|-damage|p2a: Orthworm|81/266 slp\n|\n|upkeep\n|turn|44\n|-message|dawn505 forfeited.\n|\n|win|coolbai\n", "inputlog": ">version a8376a258c1d4662feba110a92103f3664a72141\n>start {\"formatid\":\"gen9randombattle\",\"seed\":\"sodium,ad981509a3185bb33b0f7179f7f97925\",\"rated\":\"Rated battle\"}\n>player p1 {\"name\":\"dawn505\",\"avatar\":\"dawn\",\"rating\":1981,\"seed\":\"sodium,f2899de792e49668581f6688309ea3ab\"}\n>player p2 {\"name\":\"coolbai\",\"avatar\":\"lucas\",\"rating\":1940,\"seed\":\"sodium,dfa64c858084baec1a67ca310c46e2f3\"}\n>p1 move raindance\n>p2 switch 2\n>p1 switch 5\n>p2 move playrough\n>p1 move earthquake\n>p2 switch 3\n>p1 switch 4\n>p2 move scald\n>p1 move stealthrock\n>p2 move slackoff\n>p1 switch 3\n>p2 move irondefense\n>p1 move sleeppowder\n>p2 switch 4\n>p1 move sleeppowder\n>p2 move coil\n>p1 switch 4\n>p2 move coil\n>p1 move roar\n>p2 switch 4\n>p1 move earthquake\n>p2 move headlongrush\n>p1 move earthquake\n>p2 move knockoff\n>p1 switch 3\n>p1 move flashcannon\n>p2 move closecombat\n>p2 switch 3\n>p1 switch 4\n>p2 move voltswitch\n>p2 switch 6\n>p1 switch 6\n>p2 move bellydrum\n>p1 move thunderbolt terastallize\n>p2 move earthquake\n>p1 switch 4\n>p1 move flashcannon\n>p2 move iceshard\n>p2 switch 6\n>p1 move dracometeor\n>p2 move playrough\n>p1 move dracometeor\n>p2 move playrough\n>p1 move flashcannon\n>p2 move voltswitch\n>p2 switch 2\n>p1 switch 6\n>p2 move irondefense\n>p1 move gigadrain\n>p2 switch 4\n>p1 switch 5\n>p2 move coil\n>p1 move raindance\n>p2 move bodypress\n>p1 move wavecrash\n>p2 move bodypress\n>p1 switch 5\n>p1 move sleeppowder\n>p2 move rest\n>p1 move gigadrain\n>p2 move irontail\n>p1 move gigadrain\n>p2 move coil\n>p1 move gigadrain\n>p2 move coil\n>p1 move gigadrain\n>p2 move rest\n>p1 move gigadrain\n>p2 move irontail\n>p1 move gigadrain\n>p2 move coil\n>p1 move sleeppowder\n>p2 move rest\n>p1 switch 2\n>p2 move irontail\n>p1 move energyball\n>p2 move irontail\n>p1 move energyball\n>p2 move irontail\n>p1 switch 6\n>p1 move flashcannon\n>p2 move bodypress\n>p1 switch 2\n>p1 move gigadrain\n>p2 move rest\n>p1 move gigadrain\n>p2 move irontail\n>p1 move gigadrain\n>p2 move irontail\n>p1 move gigadrain\n>p2 move rest\n>p1 move gigadrain\n>p2 move irontail\n>p1 move gigadrain\n>p2 move irontail\n>forcelose p1", "uploadtime": 1781430975, "views": 6, "formatid": "gen9randombattle", "rating": null, "private": 0, "password": null}