{"id": "gen9randombattle-2631938139", "format": "[Gen 9] Random Battle", "players": ["Deezmcnuggetz", "ToaOfTheVoid"], "log": "|j|\u2606Deezmcnuggetz\n|j|\u2606ToaOfTheVoid\n|t:|1781457709\n|gametype|singles\n|player|p1|Deezmcnuggetz|1|1407\n|player|p2|ToaOfTheVoid|plasmagruntf|1430\n|gen|9\n|tier|[Gen 9] Random Battle\n|rated|\n|rule|Species Clause: Limit one of each Pok\u00e9mon\n|rule|HP Percentage Mod: HP is shown in percentages\n|rule|Sleep Clause Mod: Limit one foe put to sleep\n|rule|Illusion Level Mod: Illusion disguises the Pok\u00e9mon's true level\n|\n|t:|1781457709\n|teamsize|p1|6\n|teamsize|p2|6\n|start\n|switch|p1a: Malamar|Malamar, L82, F|275/275\n|switch|p2a: Persian|Persian, L92, M|269/269\n|turn|1\n|\n|t:|1781457724\n|move|p2a: Persian|Knock Off|p1a: Malamar\n|-damage|p1a: Malamar|169/275\n|-enditem|p1a: Malamar|Chesto Berry|[from] move: Knock Off|[of] p2a: Persian\n|move|p1a: Malamar|Superpower|p2a: Persian\n|-supereffective|p2a: Persian\n|-damage|p2a: Persian|97/269\n|-boost|p1a: Malamar|atk|1\n|-boost|p1a: Malamar|def|1\n|\n|upkeep\n|turn|2\n|\n|t:|1781457736\n|switch|p2a: Whimsicott|Whimsicott, L84, F|238/238\n|move|p1a: Malamar|Knock Off|p2a: Whimsicott\n|-resisted|p2a: Whimsicott\n|-damage|p2a: Whimsicott|163/238\n|-enditem|p2a: Whimsicott|Leftovers|[from] move: Knock Off|[of] p1a: Malamar\n|\n|upkeep\n|turn|3\n|\n|t:|1781457741\n|move|p2a: Whimsicott|Moonblast|p1a: Malamar\n|-supereffective|p1a: Malamar\n|-damage|p1a: Malamar|0 fnt\n|faint|p1a: Malamar\n|\n|upkeep\n|\n|t:|1781457747\n|switch|p1a: Regice|Regice, L88|284/284\n|turn|4\n|\n|t:|1781457762\n|switch|p2a: Carbink|Carbink, L90|236/236\n|move|p1a: Regice|Ice Beam|p2a: Carbink\n|-damage|p2a: Carbink|164/236\n|\n|-heal|p2a: Carbink|178/236|[from] item: Leftovers\n|upkeep\n|turn|5\n|\n|t:|1781457769\n|switch|p1a: Ditto|Ditto, L87|225/225\n|-transform|p1a: Ditto|p2a: Carbink|[from] ability: Imposter\n|move|p2a: Carbink|Rock Polish|p2a: Carbink\n|-boost|p2a: Carbink|spe|2\n|\n|-heal|p2a: Carbink|192/236|[from] item: Leftovers\n|upkeep\n|turn|6\n|\n|t:|1781457784\n|move|p2a: Carbink|Iron Defense|p2a: Carbink\n|-boost|p2a: Carbink|def|2\n|move|p1a: Ditto|Iron Defense|p1a: Ditto\n|-boost|p1a: Ditto|def|2\n|\n|-heal|p2a: Carbink|206/236|[from] item: Leftovers\n|upkeep\n|turn|7\n|\n|t:|1781457800\n|switch|p1a: Magnezone|Magnezone, L85|258/258\n|move|p2a: Carbink|Body Press|p1a: Magnezone\n|-supereffective|p1a: Magnezone\n|-damage|p1a: Magnezone|0 fnt\n|faint|p1a: Magnezone\n|\n|-heal|p2a: Carbink|220/236|[from] item: Leftovers\n|upkeep\n|\n|t:|1781457803\n|switch|p1a: Ditto|Ditto, L87|225/225\n|-transform|p1a: Ditto|p2a: Carbink|[from] ability: Imposter\n|turn|8\n|\n|t:|1781457809\n|move|p1a: Ditto|Moonblast|p2a: Carbink\n|-damage|p2a: Carbink|172/236\n|move|p2a: Carbink|Rock Polish|p2a: Carbink\n|-boost|p2a: Carbink|spe|2\n|\n|-heal|p2a: Carbink|186/236|[from] item: Leftovers\n|upkeep\n|turn|9\n|\n|t:|1781457813\n|move|p1a: Ditto|Moonblast|p2a: Carbink\n|-damage|p2a: Carbink|143/236\n|-unboost|p2a: Carbink|spa|1\n|move|p2a: Carbink|Iron Defense|p2a: Carbink\n|-boost|p2a: Carbink|def|2\n|\n|-heal|p2a: Carbink|157/236|[from] item: Leftovers\n|upkeep\n|turn|10\n|\n|t:|1781457817\n|move|p2a: Carbink|Body Press|p1a: Ditto\n|-damage|p1a: Ditto|137/225\n|move|p1a: Ditto|Moonblast|p2a: Carbink\n|-damage|p2a: Carbink|111/236\n|\n|-heal|p2a: Carbink|125/236|[from] item: Leftovers\n|upkeep\n|turn|11\n|\n|t:|1781457822\n|-terastallize|p1a: Ditto|Ghost\n|move|p1a: Ditto|Moonblast|p2a: Carbink\n|-damage|p2a: Carbink|79/236\n|move|p2a: Carbink|Body Press|p1a: Ditto\n|-immune|p1a: Ditto\n|\n|-heal|p2a: Carbink|93/236|[from] item: Leftovers\n|upkeep\n|turn|12\n|\n|t:|1781457836\n|move|p2a: Carbink|Moonblast|p1a: Ditto\n|-damage|p1a: Ditto|104/225\n|move|p1a: Ditto|Moonblast|p2a: Carbink\n|-crit|p2a: Carbink\n|-damage|p2a: Carbink|30/236\n|\n|-heal|p2a: Carbink|44/236|[from] item: Leftovers\n|upkeep\n|turn|13\n|\n|t:|1781457844\n|move|p2a: Carbink|Moonblast|p1a: Ditto\n|-damage|p1a: Ditto|73/225\n|-activate|p1a: Ditto|move: Struggle\n|move|p1a: Ditto|Struggle|p2a: Carbink\n|-damage|p2a: Carbink|40/236\n|-damage|p1a: Ditto|17/225|[from] recoil\n|\n|-heal|p2a: Carbink|54/236|[from] item: Leftovers\n|upkeep\n|turn|14\n|\n|t:|1781457850\n|move|p2a: Carbink|Moonblast|p1a: Ditto\n|-damage|p1a: Ditto|0 fnt\n|faint|p1a: Ditto\n|\n|-heal|p2a: Carbink|68/236|[from] item: Leftovers\n|upkeep\n|-message|Deezmcnuggetz forfeited.\n|\n|win|ToaOfTheVoid\n|raw|Deezmcnuggetz's rating: 1407 &rarr; <strong>1388</strong><br />(-19 for losing)\n|raw|ToaOfTheVoid's rating: 1430 &rarr; <strong>1449</strong><br />(+19 for winning)\n|l|\u2606Deezmcnuggetz\n|player|p1|\n", "uploadtime": 1781457897, "views": 7, "formatid": "gen9randombattle", "rating": 1388, "private": 0, "password": null}