{"id": "gen9randombattle-2631434281", "format": "[Gen 9] Random Battle", "players": ["BoboTheBobo", "Z10101"], "log": "|j|\u2606BoboTheBobo\n|j|\u2606Z10101\n|t:|1781384187\n|gametype|singles\n|player|p1|BoboTheBobo|fantina|2100\n|player|p2|Z10101|266|2065\n|gen|9\n|tier|[Gen 9] Random Battle\n|rated|\n|rule|Species Clause: Limit one of each Pok\u00e9mon\n|rule|HP Percentage Mod: HP is shown in percentages\n|rule|Sleep Clause Mod: Limit one foe put to sleep\n|rule|Illusion Level Mod: Illusion disguises the Pok\u00e9mon's true level\n|\n|t:|1781384187\n|teamsize|p1|6\n|teamsize|p2|6\n|start\n|switch|p1a: Pikachu|Pikachu-World, L93, F|216/216\n|switch|p2a: Oricorio|Oricorio-Pa'u, L87, F|272/272\n|turn|1\n|\n|t:|1781384198\n|switch|p2a: Golem|Golem, L87, M|281/281\n|move|p1a: Pikachu|Knock Off|p2a: Golem\n|-damage|p2a: Golem|195/281\n|-enditem|p2a: Golem|Weakness Policy|[from] move: Knock Off|[of] p1a: Pikachu\n|\n|upkeep\n|turn|2\n|\n|t:|1781384202\n|move|p1a: Pikachu|Surf|p2a: Golem\n|-supereffective|p2a: Golem\n|-damage|p2a: Golem|0 fnt\n|faint|p2a: Golem\n|\n|upkeep\n|\n|t:|1781384204\n|switch|p2a: Vikavolt|Vikavolt, L83, M|263/263\n|turn|3\n|inactive|Battle timer is ON: inactive players will automatically lose when time's up. (requested by Z10101)\n|\n|t:|1781384220\n|move|p1a: Pikachu|Volt Switch|p2a: Vikavolt\n|-resisted|p2a: Vikavolt\n|-damage|p2a: Vikavolt|204/263\n|\n|t:|1781384221\n|switch|p1a: Heracross|Heracross, L80, F|259/259|[from] Volt Switch\n|move|p2a: Vikavolt|Sticky Web|p1a: Heracross\n|-sidestart|p1: BoboTheBobo|move: Sticky Web\n|\n|upkeep\n|turn|4\n|\n|t:|1781384244\n|switch|p2a: Annihilape|Annihilape, L76, F|292/292\n|move|p1a: Heracross|Stone Edge|p2a: Annihilape\n|-resisted|p2a: Annihilape\n|-damage|p2a: Annihilape|244/292\n|\n|-heal|p2a: Annihilape|262/292|[from] item: Leftovers\n|upkeep\n|turn|5\n|\n|t:|1781384250\n|switch|p1a: Sandaconda|Sandaconda, L84, F|258/258\n|-activate|p1a: Sandaconda|move: Sticky Web\n|-unboost|p1a: Sandaconda|spe|1\n|move|p2a: Annihilape|Bulk Up|p2a: Annihilape\n|-boost|p2a: Annihilape|atk|1\n|-boost|p2a: Annihilape|def|1\n|\n|-heal|p2a: Annihilape|280/292|[from] item: Leftovers\n|upkeep\n|turn|6\n|\n|t:|1781384256\n|move|p2a: Annihilape|Taunt|p1a: Sandaconda\n|-start|p1a: Sandaconda|move: Taunt\n|cant|p1a: Sandaconda|move: Taunt|Glare\n|\n|-heal|p2a: Annihilape|292/292|[from] item: Leftovers\n|upkeep\n|turn|7\n|\n|t:|1781384260\n|switch|p1a: Miraidon|Miraidon, L65|238/238\n|-activate|p1a: Miraidon|move: Sticky Web\n|-unboost|p1a: Miraidon|spe|1\n|-fieldstart|move: Electric Terrain|[from] ability: Hadron Engine|[of] p1a: Miraidon\n|move|p2a: Annihilape|Bulk Up|p2a: Annihilape\n|-boost|p2a: Annihilape|atk|1\n|-boost|p2a: Annihilape|def|1\n|\n|upkeep\n|turn|8\n|\n|t:|1781384277\n|-terastallize|p1a: Miraidon|Electric\n|move|p2a: Annihilape|Rage Fist|p1a: Miraidon\n|-damage|p1a: Miraidon|0 fnt\n|faint|p1a: Miraidon\n|\n|upkeep\n|-message|BoboTheBobo forfeited.\n|\n|win|Z10101\n", "inputlog": ">version a8376a258c1d4662feba110a92103f3664a72141\n>start {\"formatid\":\"gen9randombattle\",\"seed\":\"sodium,aa64b61e457dd218600f9ba53bc5b50b\",\"rated\":\"Rated battle\"}\n>player p1 {\"name\":\"BoboTheBobo\",\"avatar\":\"fantina\",\"rating\":2100,\"seed\":\"sodium,531afb49542d36b4962f6d4c99d9a8a1\"}\n>player p2 {\"name\":\"Z10101\",\"avatar\":\"266\",\"rating\":2065,\"seed\":\"sodium,75e28fbba675c9006dd8bc1ba3a56aea\"}\n>p1 move knockoff\n>p2 switch 3\n>p1 move surf\n>p2 move rockpolish\n>p2 switch 2\n>p1 move voltswitch\n>p2 move stickyweb\n>p1 switch 6\n>p1 move stoneedge\n>p2 switch 4\n>p1 switch 4\n>p2 move bulkup\n>p1 move glare\n>p2 move taunt\n>p1 switch 3\n>p2 move bulkup\n>p1 move electrodrift terastallize\n>p2 move ragefist\n>forcelose p1", "uploadtime": 1781384189, "views": 11, "formatid": "gen9randombattle", "rating": null, "private": 0, "password": null}