{"id": "gen9randombattle-2631536657", "format": "[Gen 9] Random Battle", "players": ["jokaire", "Undertaker67"], "log": "|j|\u2606jokaire\n|j|\u2606Undertaker67\n|t:|1781398118\n|gametype|singles\n|player|p1|jokaire|clown|1923\n|player|p2|Undertaker67|n|2009\n|gen|9\n|tier|[Gen 9] Random Battle\n|rated|\n|rule|Species Clause: Limit one of each Pok\u00e9mon\n|rule|HP Percentage Mod: HP is shown in percentages\n|rule|Sleep Clause Mod: Limit one foe put to sleep\n|rule|Illusion Level Mod: Illusion disguises the Pok\u00e9mon's true level\n|\n|t:|1781398118\n|teamsize|p1|6\n|teamsize|p2|6\n|start\n|switch|p1a: Feraligatr|Feraligatr, L79, F|264/264\n|switch|p2a: Indeedee|Indeedee-F, L90, F|272/272\n|-fieldstart|move: Psychic Terrain|[from] ability: Psychic Surge|[of] p2a: Indeedee\n|turn|1\n|inactive|Battle timer is ON: inactive players will automatically lose when time's up. (requested by Undertaker67)\n|inactive|jokaire has 120 seconds left.\n|inactive|Undertaker67 has 120 seconds left.\n|\n|t:|1781398164\n|switch|p2a: Toxapex|Toxapex, L82, M|216/216\n|switch|p1a: Crawdaunt|Crawdaunt, L84, M|243/243\n|\n|upkeep\n|turn|2\n|\n|t:|1781398173\n|move|p1a: Crawdaunt|Knock Off|p2a: Toxapex\n|-damage|p2a: Toxapex|56/216\n|-enditem|p2a: Toxapex|Leftovers|[from] move: Knock Off|[of] p1a: Crawdaunt\n|move|p2a: Toxapex|Toxic|p1a: Crawdaunt\n|-status|p1a: Crawdaunt|tox\n|\n|-damage|p1a: Crawdaunt|228/243 tox|[from] psn\n|upkeep\n|turn|3\n|\n|t:|1781398186\n|switch|p2a: Hitmontop|Hitmontop, L88, M|231/231\n|move|p1a: Crawdaunt|Knock Off|p2a: Hitmontop\n|-resisted|p2a: Hitmontop\n|-damage|p2a: Hitmontop|122/231\n|-enditem|p2a: Hitmontop|Leftovers|[from] move: Knock Off|[of] p1a: Crawdaunt\n|\n|-damage|p1a: Crawdaunt|198/243 tox|[from] psn\n|upkeep\n|turn|4\n|\n|t:|1781398202\n|switch|p1a: Seviper|Seviper, L93, M|287/287\n|move|p2a: Hitmontop|Rapid Spin|p1a: Seviper\n|-damage|p1a: Seviper|221/287\n|-boost|p2a: Hitmontop|spe|1\n|\n|-heal|p1a: Seviper|238/287|[from] item: Leftovers\n|upkeep\n|turn|5\n|l|\u2606jokaire\n|inactive|jokaire disconnected and has a minute to reconnect!\n|player|p1|\n|inactive|Undertaker67 has 120 seconds left.\n|\n|t:|1781398233\n|-terastallize|p2a: Hitmontop|Ice\n|move|p2a: Hitmontop|Triple Axel|p1a: Seviper\n|-damage|p1a: Seviper|196/287\n|-hitcount|p1a: Seviper|1\n|move|p1a: Seviper|Gunk Shot|p2a: Hitmontop\n|-damage|p2a: Hitmontop|0 fnt\n|faint|p2a: Hitmontop\n|\n|-heal|p1a: Seviper|213/287|[from] item: Leftovers\n|-fieldend|move: Psychic Terrain\n|upkeep\n|\n|t:|1781398241\n|switch|p2a: Indeedee|Indeedee-F, L90, F|272/272\n|-fieldstart|move: Psychic Terrain|[from] ability: Psychic Surge|[of] p2a: Indeedee\n|turn|6\n|inactive|jokaire has 30 seconds to reconnect!\n|inactive|jokaire has 20 seconds to reconnect!\n|j|\u2606jokaire\n|inactive|jokaire reconnected and has 110 seconds left.\n|player|p1|jokaire|clown|\n|\n|t:|1781398294\n|switch|p1a: Exeggutor|Exeggutor, L89, F|314/314\n|move|p2a: Indeedee|Hyper Voice|p1a: Exeggutor\n|-damage|p1a: Exeggutor|205/314\n|\n|upkeep\n|turn|7\n|inactive|Undertaker67 has 120 seconds left.\n|\n|t:|1781398316\n|switch|p2a: Drifblim|Drifblim, L86, F|396/396\n|move|p1a: Exeggutor|Giga Drain|p2a: Drifblim\n|-resisted|p2a: Drifblim\n|-damage|p2a: Drifblim|318/396\n|-heal|p1a: Exeggutor|244/314|[from] drain|[of] p2a: Drifblim\n|\n|upkeep\n|turn|8\n|\n|t:|1781398331\n|move|p2a: Drifblim|Calm Mind|p2a: Drifblim\n|-boost|p2a: Drifblim|spa|1\n|-boost|p2a: Drifblim|spd|1\n|move|p1a: Exeggutor|Calm Mind|p1a: Exeggutor\n|-boost|p1a: Exeggutor|spa|1\n|-boost|p1a: Exeggutor|spd|1\n|\n|upkeep\n|turn|9\n|\n|t:|1781398339\n|move|p2a: Drifblim|Strength Sap|p1a: Exeggutor\n|-unboost|p1a: Exeggutor|atk|1\n|-heal|p2a: Drifblim|396/396\n|move|p1a: Exeggutor|Psyshock|p2a: Drifblim\n|-damage|p2a: Drifblim|63/396\n|-enditem|p2a: Drifblim|Sitrus Berry|[eat]\n|-heal|p2a: Drifblim|162/396|[from] item: Sitrus Berry\n|\n|upkeep\n|turn|10\n|\n|t:|1781398354\n|move|p2a: Drifblim|Air Slash|p1a: Exeggutor\n|-supereffective|p1a: Exeggutor\n|-damage|p1a: Exeggutor|86/314\n|-enditem|p1a: Exeggutor|Sitrus Berry|[eat]\n|-heal|p1a: Exeggutor|164/314|[from] item: Sitrus Berry\n|move|p1a: Exeggutor|Psyshock|p2a: Drifblim\n|-damage|p2a: Drifblim|0 fnt\n|faint|p2a: Drifblim\n|\n|-fieldend|move: Psychic Terrain\n|upkeep\n|\n|t:|1781398372\n|switch|p2a: Coalossal|Coalossal, L89, M|341/341\n|turn|11\n|\n|t:|1781398376\n|move|p1a: Exeggutor|Giga Drain|p2a: Coalossal\n|-damage|p2a: Coalossal|193/341\n|-heal|p1a: Exeggutor|238/314|[from] drain|[of] p2a: Coalossal\n|move|p2a: Coalossal|Flamethrower|p1a: Exeggutor\n|-supereffective|p1a: Exeggutor\n|-damage|p1a: Exeggutor|116/314\n|\n|upkeep\n|turn|12\n|\n|t:|1781398382\n|move|p1a: Exeggutor|Sleep Powder|p2a: Coalossal|[miss]\n|-miss|p1a: Exeggutor|p2a: Coalossal\n|move|p2a: Coalossal|Flamethrower|p1a: Exeggutor\n|-supereffective|p1a: Exeggutor\n|-damage|p1a: Exeggutor|0 fnt\n|faint|p1a: Exeggutor\n|\n|upkeep\n|\n|t:|1781398387\n|switch|p1a: Crawdaunt|Crawdaunt, L84, M|198/243 tox\n|turn|13\n|\n|t:|1781398400\n|move|p1a: Crawdaunt|Crabhammer|p2a: Coalossal\n|-supereffective|p2a: Coalossal\n|-crit|p2a: Coalossal\n|-damage|p2a: Coalossal|0 fnt\n|faint|p2a: Coalossal\n|\n|-damage|p1a: Crawdaunt|183/243 tox|[from] psn\n|upkeep\n|\n|t:|1781398409\n|switch|p2a: Indeedee|Indeedee-F, L90, F|272/272\n|-fieldstart|move: Psychic Terrain|[from] ability: Psychic Surge|[of] p2a: Indeedee\n|turn|14\n|l|\u2606jokaire\n|inactive|jokaire disconnected and has a minute to reconnect!\n|player|p1|\n|inactive|jokaire has 30 seconds to reconnect!\n|inactive|jokaire has 20 seconds to reconnect!\n|inactive|jokaire has 15 seconds to reconnect!\n|inactive|jokaire has 10 seconds to reconnect!\n|inactive|jokaire has 5 seconds to reconnect!\n|-message|jokaire lost due to inactivity.\n|\n|win|Undertaker67\n", "inputlog": ">version a8376a258c1d4662feba110a92103f3664a72141\n>start {\"formatid\":\"gen9randombattle\",\"seed\":\"sodium,92d7d1cb4b81595c23cf2c6875ac7a08\",\"rated\":\"Rated battle\"}\n>player p1 {\"name\":\"jokaire\",\"avatar\":\"clown\",\"rating\":1923,\"seed\":\"sodium,c423fa49ef3cd1bc6932808aba37ecbd\"}\n>player p2 {\"name\":\"Undertaker67\",\"avatar\":\"n\",\"rating\":2009,\"seed\":\"sodium,d44c8d557d3924d5ce063f7d23b7c5a1\"}\n>p1 switch 5\n>p2 switch 3\n>p1 move knockoff\n>p2 move toxic\n>p1 move knockoff\n>p2 switch 2\n>p1 switch 3\n>p2 move rapidspin\n>p1 move gunkshot\n>p2 move tripleaxel terastallize\n>p2 switch 3\n>p1 switch 6\n>p2 move hypervoice\n>p1 move gigadrain\n>p2 switch 6\n>p1 move calmmind\n>p2 move calmmind\n>p1 move psyshock\n>p2 move strengthsap\n>p1 move psyshock\n>p2 move airslash\n>p2 switch 5\n>p1 move gigadrain\n>p2 move flamethrower\n>p1 move sleeppowder\n>p2 move flamethrower\n>p1 switch 3\n>p1 move crabhammer\n>p2 move stoneedge\n>p2 switch 6\n>forcelose p1", "uploadtime": 1781398119, "views": 4, "formatid": "gen9randombattle", "rating": null, "private": 0, "password": null}