{"id": "gen9randombattle-2631996702", "format": "[Gen 9] Random Battle", "players": ["WhatEver2102", "ZamaBinLadan"], "log": "|j|\u2606WhatEver2102\n|j|\u2606ZamaBinLadan\n|t:|1781464126\n|gametype|singles\n|player|p1|WhatEver2102|juan|1977\n|player|p2|ZamaBinLadan|265|1975\n|gen|9\n|tier|[Gen 9] Random Battle\n|rated|\n|rule|Species Clause: Limit one of each Pok\u00e9mon\n|rule|HP Percentage Mod: HP is shown in percentages\n|rule|Sleep Clause Mod: Limit one foe put to sleep\n|rule|Illusion Level Mod: Illusion disguises the Pok\u00e9mon's true level\n|\n|t:|1781464126\n|teamsize|p1|6\n|teamsize|p2|6\n|start\n|switch|p1a: Pawmot|Pawmot, L80, M|243/243\n|switch|p2a: Iron Thorns|Iron Thorns, L83|302/302\n|-item|p2a: Iron Thorns|Air Balloon\n|turn|1\n|\n|t:|1781464138\n|-end|p2a: Iron Thorns|Quark Drive|[silent]\n|switch|p2a: Hypno|Hypno, L95, F|315/315\n|move|p1a: Pawmot|Close Combat|p2a: Hypno\n|-resisted|p2a: Hypno\n|-damage|p2a: Hypno|239/315\n|-unboost|p1a: Pawmot|def|1\n|-unboost|p1a: Pawmot|spd|1\n|\n|-heal|p2a: Hypno|258/315|[from] item: Leftovers\n|upkeep\n|turn|2\n|inactive|Battle timer is ON: inactive players will automatically lose when time's up. (requested by ZamaBinLadan)\n|\n|t:|1781464169\n|switch|p1a: Sableye|Sableye, L88, F|231/231\n|move|p2a: Hypno|Toxic|p1a: Sableye\n|-status|p1a: Sableye|tox\n|\n|-heal|p2a: Hypno|277/315|[from] item: Leftovers\n|-damage|p1a: Sableye|217/231 tox|[from] psn\n|upkeep\n|turn|3\n|\n|t:|1781464177\n|move|p2a: Hypno|Protect|p2a: Hypno\n|-singleturn|p2a: Hypno|Protect\n|move|p1a: Sableye|Knock Off|p2a: Hypno\n|-activate|p2a: Hypno|move: Protect\n|\n|-heal|p2a: Hypno|296/315|[from] item: Leftovers\n|-heal|p1a: Sableye|231/231 tox|[from] item: Leftovers\n|-damage|p1a: Sableye|203/231 tox|[from] psn\n|upkeep\n|turn|4\n|\n|t:|1781464187\n|switch|p2a: Arceus|Arceus-Fighting, L70|284/284\n|move|p1a: Sableye|Will-O-Wisp|p2a: Arceus\n|-status|p2a: Arceus|brn\n|\n|-heal|p1a: Sableye|217/231 tox|[from] item: Leftovers\n|-damage|p1a: Sableye|175/231 tox|[from] psn\n|-damage|p2a: Arceus|267/284 brn|[from] brn\n|upkeep\n|turn|5\n|\n|t:|1781464198\n|switch|p1a: Wigglytuff|Wigglytuff, L96, M|424/424\n|move|p2a: Arceus|Shadow Ball|p1a: Wigglytuff\n|-immune|p1a: Wigglytuff\n|\n|-damage|p2a: Arceus|250/284 brn|[from] brn\n|upkeep\n|turn|6\n|\n|t:|1781464208\n|switch|p2a: Dugtrio|Dugtrio-Alola, L84, F|196/196\n|move|p1a: Wigglytuff|Alluring Voice|p2a: Dugtrio\n|-resisted|p2a: Dugtrio\n|-damage|p2a: Dugtrio|132/196\n|\n|upkeep\n|turn|7\n|\n|t:|1781464223\n|switch|p1a: Zamazenta|Zamazenta, L71|248/248\n|-ability|p1a: Zamazenta|Dauntless Shield|boost\n|-boost|p1a: Zamazenta|def|1\n|move|p2a: Dugtrio|Earthquake|p1a: Zamazenta\n|-damage|p1a: Zamazenta|146/248\n|\n|upkeep\n|turn|8\n|\n|t:|1781464238\n|switch|p2a: Hypno|Hypno, L95, F|296/315\n|move|p1a: Zamazenta|Close Combat|p2a: Hypno\n|-resisted|p2a: Hypno\n|-damage|p2a: Hypno|215/315\n|-unboost|p1a: Zamazenta|def|1\n|-unboost|p1a: Zamazenta|spd|1\n|\n|-heal|p2a: Hypno|234/315|[from] item: Leftovers\n|upkeep\n|turn|9\n|\n|t:|1781464254\n|switch|p1a: Sableye|Sableye, L88, F|175/231 tox\n|switch|p2a: Arceus|Arceus-Fighting, L70|250/284 brn\n|\n|-heal|p1a: Sableye|189/231 tox|[from] item: Leftovers\n|-damage|p1a: Sableye|175/231 tox|[from] psn\n|-damage|p2a: Arceus|233/284 brn|[from] brn\n|upkeep\n|turn|10\n|\n|t:|1781464264\n|switch|p1a: Wigglytuff|Wigglytuff, L96, M|424/424\n|move|p2a: Arceus|Iron Defense|p2a: Arceus\n|-boost|p2a: Arceus|def|2\n|\n|-damage|p2a: Arceus|216/284 brn|[from] brn\n|upkeep\n|turn|11\n|\n|t:|1781464269\n|move|p2a: Arceus|Body Press|p1a: Wigglytuff\n|-damage|p1a: Wigglytuff|301/424\n|move|p1a: Wigglytuff|Alluring Voice|p2a: Arceus\n|-supereffective|p2a: Arceus\n|-damage|p2a: Arceus|16/284 brn\n|\n|-heal|p1a: Wigglytuff|327/424|[from] item: Leftovers\n|-damage|p2a: Arceus|0 fnt|[from] brn\n|faint|p2a: Arceus\n|upkeep\n|\n|t:|1781464277\n|switch|p2a: Dugtrio|Dugtrio-Alola, L84, F|132/196\n|turn|12\n|\n|t:|1781464285\n|switch|p1a: Sableye|Sableye, L88, F|175/231 tox\n|move|p2a: Dugtrio|Earthquake|p1a: Sableye\n|-damage|p1a: Sableye|0 fnt\n|faint|p1a: Sableye\n|\n|upkeep\n|\n|t:|1781464290\n|switch|p1a: Zamazenta|Zamazenta, L71|146/248\n|turn|13\n|\n|t:|1781464317\n|move|p1a: Zamazenta|Close Combat|p2a: Dugtrio\n|-supereffective|p2a: Dugtrio\n|-damage|p2a: Dugtrio|0 fnt\n|-unboost|p1a: Zamazenta|def|1\n|-unboost|p1a: Zamazenta|spd|1\n|-ability|p2a: Dugtrio|Tangling Hair\n|-unboost|p1a: Zamazenta|spe|1\n|faint|p2a: Dugtrio\n|\n|upkeep\n|\n|t:|1781464323\n|switch|p2a: Squawkabilly|Squawkabilly-White, L89, F|291/291\n|turn|14\n|\n|t:|1781464342\n|switch|p1a: Arceus|Arceus-Rock, L74|300/300\n|move|p2a: Squawkabilly|Double-Edge|p1a: Arceus|[miss]\n|-miss|p2a: Squawkabilly|p1a: Arceus\n|\n|upkeep\n|turn|15\n|\n|t:|1781464350\n|switch|p2a: Hypno|Hypno, L95, F|234/315\n|move|p1a: Arceus|Judgment|p2a: Hypno\n|-damage|p2a: Hypno|149/315\n|\n|-heal|p2a: Hypno|168/315|[from] item: Leftovers\n|upkeep\n|turn|16\n|\n|t:|1781464356\n|switch|p1a: Wigglytuff|Wigglytuff, L96, M|327/424\n|move|p2a: Hypno|Toxic|p1a: Wigglytuff\n|-status|p1a: Wigglytuff|tox\n|\n|-heal|p2a: Hypno|187/315|[from] item: Leftovers\n|-heal|p1a: Wigglytuff|353/424 tox|[from] item: Leftovers\n|-damage|p1a: Wigglytuff|327/424 tox|[from] psn\n|upkeep\n|turn|17\n|\n|t:|1781464363\n|move|p2a: Hypno|Psychic Noise|p1a: Wigglytuff\n|-damage|p1a: Wigglytuff|224/424 tox\n|-start|p1a: Wigglytuff|move: Heal Block\n|cant|p1a: Wigglytuff|move: Heal Block|Wish\n|\n|-heal|p2a: Hypno|206/315|[from] item: Leftovers\n|-damage|p1a: Wigglytuff|172/424 tox|[from] psn\n|upkeep\n|turn|18\n|\n|t:|1781464382\n|move|p2a: Hypno|Protect|p2a: Hypno\n|-singleturn|p2a: Hypno|Protect\n|move|p1a: Wigglytuff|Alluring Voice|p2a: Hypno\n|-activate|p2a: Hypno|move: Protect\n|\n|-heal|p2a: Hypno|225/315|[from] item: Leftovers\n|-damage|p1a: Wigglytuff|94/424 tox|[from] psn\n|-end|p1a: Wigglytuff|move: Heal Block\n|upkeep\n|turn|19\n|\n|t:|1781464385\n|move|p2a: Hypno|Psychic Noise|p1a: Wigglytuff\n|-damage|p1a: Wigglytuff|0 fnt\n|faint|p1a: Wigglytuff\n|\n|-heal|p2a: Hypno|244/315|[from] item: Leftovers\n|upkeep\n|\n|t:|1781464403\n|switch|p1a: Pawmot|Pawmot, L80, M|243/243\n|turn|20\n|\n|t:|1781464414\n|-terastallize|p1a: Pawmot|Electric\n|move|p1a: Pawmot|Double Shock|p2a: Hypno\n|-damage|p2a: Hypno|48/315\n|-start|p1a: Pawmot|typechange|Electric|[from] move: Double Shock\n|move|p2a: Hypno|Psychic Noise|p1a: Pawmot\n|-damage|p1a: Pawmot|129/243\n|-start|p1a: Pawmot|move: Heal Block\n|\n|-heal|p2a: Hypno|67/315|[from] item: Leftovers\n|upkeep\n|turn|21\n|inactive|ZamaBinLadan has 120 seconds left.\n|\n|t:|1781464457\n|move|p1a: Pawmot|Double Shock|p2a: Hypno\n|-damage|p2a: Hypno|0 fnt\n|-start|p1a: Pawmot|typechange|Electric|[from] move: Double Shock\n|faint|p2a: Hypno\n|\n|-end|p1a: Pawmot|move: Heal Block\n|upkeep\n|\n|t:|1781464459\n|switch|p2a: Iron Thorns|Iron Thorns, L83|302/302\n|-item|p2a: Iron Thorns|Air Balloon\n|turn|22\n|\n|t:|1781464482\n|move|p1a: Pawmot|Revival Blessing|p1a: Pawmot\n|-enditem|p1a: Pawmot|Leppa Berry|[eat]\n|-activate|p1a: Pawmot|item: Leppa Berry|Revival Blessing|[consumed]\n|\n|t:|1781464484\n|-heal|p1: Sableye|115/231|[from] move: Revival Blessing\n|move|p2a: Iron Thorns|Stealth Rock|p1a: Pawmot\n|-sidestart|p1: WhatEver2102|move: Stealth Rock\n|\n|upkeep\n|turn|23\n|\n|t:|1781464491\n|move|p1a: Pawmot|Close Combat|p2a: Iron Thorns\n|-supereffective|p2a: Iron Thorns\n|-damage|p2a: Iron Thorns|60/302\n|-unboost|p1a: Pawmot|def|1\n|-unboost|p1a: Pawmot|spd|1\n|-enditem|p2a: Iron Thorns|Air Balloon\n|move|p2a: Iron Thorns|Earthquake|p1a: Pawmot\n|-supereffective|p1a: Pawmot\n|-damage|p1a: Pawmot|0 fnt\n|faint|p1a: Pawmot\n|\n|upkeep\n|\n|t:|1781464514\n|switch|p1a: Zamazenta|Zamazenta, L71|146/248\n|-damage|p1a: Zamazenta|131/248|[from] Stealth Rock\n|turn|24\n|\n|t:|1781464530\n|move|p1a: Zamazenta|Close Combat|p2a: Iron Thorns\n|-supereffective|p2a: Iron Thorns\n|-damage|p2a: Iron Thorns|0 fnt\n|-unboost|p1a: Zamazenta|def|1\n|-unboost|p1a: Zamazenta|spd|1\n|faint|p2a: Iron Thorns\n|-end|p2a: Iron Thorns|Quark Drive|[silent]\n|\n|upkeep\n|\n|t:|1781464540\n|switch|p2a: Squawkabilly|Squawkabilly-White, L89, F|291/291\n|turn|25\n|\n|t:|1781464551\n|switch|p1a: Sableye|Sableye, L88, F|115/231\n|-damage|p1a: Sableye|87/231|[from] Stealth Rock\n|move|p2a: Squawkabilly|Brave Bird|p1a: Sableye\n|-damage|p1a: Sableye|0 fnt\n|faint|p1a: Sableye\n|-damage|p2a: Squawkabilly|262/291|[from] Recoil\n|\n|upkeep\n|\n|t:|1781464558\n|switch|p1a: Arceus|Arceus-Rock, L74|300/300\n|-damage|p1a: Arceus|263/300|[from] Stealth Rock\n|turn|26\n|\n|t:|1781464561\n|switch|p2a: Terrakion|Terrakion, L79|273/273\n|move|p1a: Arceus|Judgment|p2a: Terrakion\n|-resisted|p2a: Terrakion\n|-damage|p2a: Terrakion|216/273\n|\n|upkeep\n|turn|27\n|\n|t:|1781464568\n|move|p1a: Arceus|Earth Power|p2a: Terrakion\n|-supereffective|p2a: Terrakion\n|-damage|p2a: Terrakion|86/273\n|move|p2a: Terrakion|Close Combat|p1a: Arceus\n|-supereffective|p1a: Arceus\n|-damage|p1a: Arceus|0 fnt\n|-unboost|p2a: Terrakion|def|1\n|-unboost|p2a: Terrakion|spd|1\n|faint|p1a: Arceus\n|\n|upkeep\n|\n|t:|1781464573\n|switch|p1a: Zamazenta|Zamazenta, L71|131/248\n|-damage|p1a: Zamazenta|116/248|[from] Stealth Rock\n|turn|28\n|\n|t:|1781464587\n|move|p1a: Zamazenta|Close Combat|p2a: Terrakion\n|-supereffective|p2a: Terrakion\n|-damage|p2a: Terrakion|0 fnt\n|-unboost|p1a: Zamazenta|def|1\n|-unboost|p1a: Zamazenta|spd|1\n|faint|p2a: Terrakion\n|\n|upkeep\n|\n|t:|1781464590\n|switch|p2a: Squawkabilly|Squawkabilly-White, L89, F|262/291\n|turn|29\n|\n|t:|1781464593\n|-terastallize|p2a: Squawkabilly|Normal\n|move|p1a: Zamazenta|Close Combat|p2a: Squawkabilly\n|-supereffective|p2a: Squawkabilly\n|-damage|p2a: Squawkabilly|0 fnt\n|-unboost|p1a: Zamazenta|def|1\n|-unboost|p1a: Zamazenta|spd|1\n|faint|p2a: Squawkabilly\n|\n|win|WhatEver2102\n", "uploadtime": 1781464128, "views": 4, "formatid": "gen9randombattle", "rating": null, "private": 0, "password": null}