{"id": "gen9randombattle-2631459439", "format": "[Gen 9] Random Battle", "players": ["Elite 4 Anubis", "Sekkari-"], "log": "|j|\u2606Elite 4 Anubis\n|j|\u2606Sekkari-\n|t:|1781387296\n|gametype|singles\n|player|p1|Elite 4 Anubis|266|2268\n|player|p2|Sekkari-|170|2197\n|gen|9\n|tier|[Gen 9] Random Battle\n|rated|\n|rule|Species Clause: Limit one of each Pok\u00e9mon\n|rule|HP Percentage Mod: HP is shown in percentages\n|rule|Sleep Clause Mod: Limit one foe put to sleep\n|rule|Illusion Level Mod: Illusion disguises the Pok\u00e9mon's true level\n|\n|t:|1781387296\n|teamsize|p1|6\n|teamsize|p2|6\n|start\n|switch|p1a: Kingdra|Kingdra, L84, M|263/263\n|switch|p2a: Hitmonchan|Hitmonchan, L87, M|229/229\n|turn|1\n|\n|t:|1781387312\n|switch|p1a: Cramorant|Cramorant, L86, M|261/261\n|switch|p2a: Masquerain|Masquerain, L87, F|264/264\n|-ability|p2a: Masquerain|Intimidate|boost\n|-unboost|p1a: Cramorant|atk|1\n|\n|upkeep\n|turn|2\n|\n|t:|1781387331\n|move|p1a: Cramorant|Brave Bird|p2a: Masquerain\n|-supereffective|p2a: Masquerain\n|-damage|p2a: Masquerain|54/264\n|-damage|p1a: Cramorant|192/261|[from] Recoil\n|move|p2a: Masquerain|Quiver Dance|p2a: Masquerain\n|-boost|p2a: Masquerain|spa|1\n|-boost|p2a: Masquerain|spd|1\n|-boost|p2a: Masquerain|spe|1\n|\n|upkeep\n|turn|3\n|\n|t:|1781387342\n|move|p2a: Masquerain|Hurricane|p1a: Cramorant|[miss]\n|-miss|p2a: Masquerain|p1a: Cramorant\n|move|p1a: Cramorant|Brave Bird|p2a: Masquerain\n|-supereffective|p2a: Masquerain\n|-damage|p2a: Masquerain|0 fnt\n|faint|p2a: Masquerain\n|-damage|p1a: Cramorant|174/261|[from] Recoil\n|\n|upkeep\n|inactive|Battle timer is ON: inactive players will automatically lose when time's up. (requested by Elite 4 Anubis)\n|\n|t:|1781387348\n|switch|p2a: Zebstrika|Zebstrika, L87, F|272/272\n|turn|4\n|\n|t:|1781387361\n|-terastallize|p1a: Cramorant|Ground\n|move|p2a: Zebstrika|Volt Switch|p1a: Cramorant\n|-immune|p1a: Cramorant\n|move|p1a: Cramorant|Surf|p2a: Zebstrika\n|-formechange|p1a: Cramorant|Cramorant-Gulping|\n|-damage|p2a: Zebstrika|154/272\n|\n|upkeep\n|turn|5\n|\n|t:|1781387382\n|move|p2a: Zebstrika|Overheat|p1a: Cramorant\n|-damage|p1a: Cramorant|65/261\n|-unboost|p2a: Zebstrika|spa|2\n|-damage|p2a: Zebstrika|86/272|[from] ability: Gulp Missile|[of] p1a: Cramorant\n|-unboost|p2a: Zebstrika|def|1\n|-formechange|p1a: Cramorant|Cramorant|\n|-damage|p2a: Zebstrika|59/272|[from] item: Life Orb\n|move|p1a: Cramorant|Roost|p1a: Cramorant\n|-heal|p1a: Cramorant|196/261\n|\n|upkeep\n|turn|6\n|\n|t:|1781387393\n|move|p2a: Zebstrika|High Horsepower|p1a: Cramorant|[miss]\n|-miss|p2a: Zebstrika|p1a: Cramorant\n|move|p1a: Cramorant|Roost|p1a: Cramorant\n|-heal|p1a: Cramorant|261/261\n|\n|upkeep\n|turn|7\n|\n|t:|1781387406\n|move|p2a: Zebstrika|High Horsepower|p1a: Cramorant\n|-damage|p1a: Cramorant|127/261\n|-damage|p2a: Zebstrika|32/272|[from] item: Life Orb\n|move|p1a: Cramorant|Roost|p1a: Cramorant\n|-heal|p1a: Cramorant|258/261\n|\n|upkeep\n|turn|8\n|\n|t:|1781387410\n|move|p2a: Zebstrika|High Horsepower|p1a: Cramorant\n|-damage|p1a: Cramorant|118/261\n|-damage|p2a: Zebstrika|5/272|[from] item: Life Orb\n|move|p1a: Cramorant|Roost|p1a: Cramorant\n|-heal|p1a: Cramorant|249/261\n|\n|upkeep\n|turn|9\n|\n|t:|1781387414\n|move|p2a: Zebstrika|High Horsepower|p1a: Cramorant\n|-damage|p1a: Cramorant|124/261\n|-damage|p2a: Zebstrika|0 fnt|[from] item: Life Orb\n|faint|p2a: Zebstrika\n|move|p1a: Cramorant|Roost|p1a: Cramorant\n|-heal|p1a: Cramorant|255/261\n|\n|upkeep\n|\n|t:|1781387418\n|switch|p2a: Pecharunt|Pecharunt, L77|262/262\n|turn|10\n|\n|t:|1781387438\n|switch|p1a: Probopass|Probopass, L91, F|257/257\n|move|p2a: Pecharunt|Nasty Plot|p2a: Pecharunt\n|-boost|p2a: Pecharunt|spa|2\n|\n|upkeep\n|turn|11\n|\n|t:|1781387454\n|move|p2a: Pecharunt|Nasty Plot|p2a: Pecharunt\n|-boost|p2a: Pecharunt|spa|2\n|move|p1a: Probopass|Power Gem|p2a: Pecharunt\n|-damage|p2a: Pecharunt|180/262\n|\n|-heal|p2a: Pecharunt|196/262|[from] item: Leftovers\n|upkeep\n|turn|12\n|j| rufoush\n|\n|t:|1781387459\n|move|p2a: Pecharunt|Shadow Ball|p1a: Probopass\n|-damage|p1a: Probopass|130/257\n|move|p1a: Probopass|Power Gem|p2a: Pecharunt\n|-damage|p2a: Pecharunt|109/262\n|\n|-heal|p2a: Pecharunt|125/262|[from] item: Leftovers\n|upkeep\n|turn|13\n|\n|t:|1781387462\n|move|p2a: Pecharunt|Recover|p2a: Pecharunt\n|-heal|p2a: Pecharunt|256/262\n|move|p1a: Probopass|Power Gem|p2a: Pecharunt\n|-damage|p2a: Pecharunt|160/262\n|\n|-heal|p2a: Pecharunt|176/262|[from] item: Leftovers\n|upkeep\n|turn|14\n|\n|t:|1781387464\n|move|p2a: Pecharunt|Shadow Ball|p1a: Probopass\n|-damage|p1a: Probopass|19/257\n|move|p1a: Probopass|Power Gem|p2a: Pecharunt\n|-damage|p2a: Pecharunt|89/262\n|\n|-heal|p2a: Pecharunt|105/262|[from] item: Leftovers\n|upkeep\n|turn|15\n|\n|t:|1781387469\n|move|p2a: Pecharunt|Recover|p2a: Pecharunt\n|-heal|p2a: Pecharunt|236/262\n|move|p1a: Probopass|Power Gem|p2a: Pecharunt\n|-damage|p2a: Pecharunt|140/262\n|\n|-heal|p2a: Pecharunt|156/262|[from] item: Leftovers\n|upkeep\n|turn|16\n|\n|t:|1781387472\n|move|p2a: Pecharunt|Recover|p2a: Pecharunt\n|-heal|p2a: Pecharunt|262/262\n|move|p1a: Probopass|Power Gem|p2a: Pecharunt\n|-damage|p2a: Pecharunt|166/262\n|\n|-heal|p2a: Pecharunt|182/262|[from] item: Leftovers\n|upkeep\n|turn|17\n|\n|t:|1781387474\n|move|p2a: Pecharunt|Shadow Ball|p1a: Probopass\n|-damage|p1a: Probopass|0 fnt\n|faint|p1a: Probopass\n|\n|-heal|p2a: Pecharunt|198/262|[from] item: Leftovers\n|upkeep\n|\n|t:|1781387491\n|switch|p1a: Medicham|Medicham, L86, F|243/243\n|turn|18\n|inactive|Elite 4 Anubis has 120 seconds left.\n|\n|t:|1781387533\n|switch|p1a: Ceruledge|Ceruledge, L78, M|245/245\n|move|p2a: Pecharunt|Shadow Ball|p1a: Ceruledge\n|-supereffective|p1a: Ceruledge\n|-damage|p1a: Ceruledge|0 fnt\n|faint|p1a: Ceruledge\n|\n|-heal|p2a: Pecharunt|214/262|[from] item: Leftovers\n|upkeep\n|\n|t:|1781387537\n|switch|p1a: Medicham|Medicham, L86, F|243/243\n|turn|19\n|\n|t:|1781387539\n|-terastallize|p2a: Pecharunt|Dark\n|move|p1a: Medicham|Zen Headbutt|p2a: Pecharunt\n|-immune|p2a: Pecharunt\n|move|p2a: Pecharunt|Shadow Ball|p1a: Medicham\n|-supereffective|p1a: Medicham\n|-damage|p1a: Medicham|0 fnt\n|faint|p1a: Medicham\n|\n|-heal|p2a: Pecharunt|230/262|[from] item: Leftovers\n|upkeep\n|\n|t:|1781387542\n|switch|p1a: Electrode|Electrode-Hisui, L87|246/246\n|turn|20\n|\n|t:|1781387548\n|move|p1a: Electrode|Thunderbolt|p2a: Pecharunt\n|-damage|p2a: Pecharunt|131/262\n|move|p2a: Pecharunt|Malignant Chain|p1a: Electrode\n|-supereffective|p1a: Electrode\n|-damage|p1a: Electrode|0 fnt\n|faint|p1a: Electrode\n|\n|-heal|p2a: Pecharunt|147/262|[from] item: Leftovers\n|upkeep\n|\n|t:|1781387550\n|switch|p1a: Kingdra|Kingdra, L84, M|263/263\n|turn|21\n|\n|t:|1781387554\n|move|p1a: Kingdra|Iron Head|p2a: Pecharunt\n|-damage|p2a: Pecharunt|106/262\n|move|p2a: Pecharunt|Recover|p2a: Pecharunt\n|-heal|p2a: Pecharunt|237/262\n|\n|-heal|p2a: Pecharunt|253/262|[from] item: Leftovers\n|upkeep\n|turn|22\n|\n|t:|1781387558\n|move|p1a: Kingdra|Wave Crash|p2a: Pecharunt\n|-damage|p2a: Pecharunt|174/262\n|-damage|p1a: Kingdra|237/263|[from] Recoil\n|move|p2a: Pecharunt|Malignant Chain|p1a: Kingdra\n|-damage|p1a: Kingdra|17/263\n|\n|-heal|p2a: Pecharunt|190/262|[from] item: Leftovers\n|upkeep\n|turn|23\n|-message|Elite 4 Anubis forfeited.\n|\n|win|Sekkari-\n", "inputlog": ">version a8376a258c1d4662feba110a92103f3664a72141\n>start {\"formatid\":\"gen9randombattle\",\"seed\":\"sodium,1ff22671e83a942e86135ad4e6ae6f70\",\"rated\":\"Rated battle\"}\n>player p1 {\"name\":\"Elite 4 Anubis\",\"avatar\":\"266\",\"rating\":2268,\"seed\":\"sodium,647320051c696d26d21936fcc5de6512\"}\n>player p2 {\"name\":\"Sekkari-\",\"avatar\":\"170\",\"rating\":2197,\"seed\":\"sodium,d68dd0809142a7fa6aedf0bdef03ca4c\"}\n>p1 switch 4\n>p2 switch 6\n>p1 move bravebird\n>p2 move quiverdance\n>p1 move bravebird\n>p2 move hurricane\n>p2 switch 5\n>p1 move surf terastallize\n>p2 move voltswitch\n>p1 move roost\n>p2 move overheat\n>p1 move roost\n>p2 move highhorsepower\n>p1 move roost\n>p2 move highhorsepower\n>p1 move roost\n>p2 move highhorsepower\n>p1 move roost\n>p2 move highhorsepower\n>p2 switch 4\n>p1 switch 2\n>p2 move nastyplot\n>p1 move powergem\n>p2 move nastyplot\n>p1 move powergem\n>p2 move shadowball\n>p1 move powergem\n>p2 move recover\n>p1 move powergem\n>p2 move shadowball\n>p1 move powergem\n>p2 move recover\n>p1 move powergem\n>p2 move recover\n>p1 move powergem\n>p2 move shadowball\n>p1 switch 5\n>p1 switch 3\n>p2 move shadowball\n>p1 switch 3\n>p1 move zenheadbutt\n>p2 move shadowball terastallize\n>p1 switch 6\n>p1 move thunderbolt\n>p2 move malignantchain\n>p1 switch 4\n>p1 move ironhead\n>p2 move recover\n>p1 move wavecrash\n>p2 move malignantchain\n>forcelose p1", "uploadtime": 1781387298, "views": 6, "formatid": "gen9randombattle", "rating": null, "private": 0, "password": null}