{"id": "gen9randombattle-2631612266", "format": "[Gen 9] Random Battle", "players": ["mayqueen nyannyan", "Node"], "log": "|badge|p2|bronze|gen9randombattle|100-9\n|uhtml|medal-msg|<div class=\"broadcast-blue\">Curious what those medals under the avatar are? PS now has Ladder Seasons! For more information, check out the <a href=\"https://www.smogon.com/forums/threads/3740067/\">thread on Smogon.</a></div>\n|j|\u2606mayqueen nyannyan\n|j|\u2606Node\n|t:|1781408769\n|gametype|singles\n|player|p1|mayqueen nyannyan|169|2261\n|player|p2|Node|#rbtt9phantoms2|2322\n|gen|9\n|tier|[Gen 9] Random Battle\n|rated|\n|rule|Species Clause: Limit one of each Pok\u00e9mon\n|rule|HP Percentage Mod: HP is shown in percentages\n|rule|Sleep Clause Mod: Limit one foe put to sleep\n|rule|Illusion Level Mod: Illusion disguises the Pok\u00e9mon's true level\n|\n|t:|1781408769\n|teamsize|p1|6\n|teamsize|p2|6\n|start\n|switch|p1a: Typhlosion|Typhlosion, L84, F|267/267\n|switch|p2a: Cinccino|Cinccino, L83, F|260/260\n|turn|1\n|\n|t:|1781408778\n|switch|p1a: Gholdengo|Gholdengo, L77|261/261\n|move|p2a: Cinccino|Tail Slap|p1a: Gholdengo\n|-immune|p1a: Gholdengo\n|\n|upkeep\n|turn|2\n|\n|t:|1781408785\n|switch|p2a: Iron Moth|Iron Moth, L78|253/253\n|move|p1a: Gholdengo|Nasty Plot|p1a: Gholdengo\n|-boost|p1a: Gholdengo|spa|2\n|\n|upkeep\n|turn|3\n|\n|t:|1781408793\n|move|p2a: Iron Moth|Fiery Dance|p1a: Gholdengo\n|-supereffective|p1a: Gholdengo\n|-damage|p1a: Gholdengo|51/261\n|-boost|p2a: Iron Moth|spa|1\n|move|p1a: Gholdengo|Shadow Ball|p2a: Iron Moth\n|-damage|p2a: Iron Moth|79/253\n|\n|-heal|p1a: Gholdengo|67/261|[from] item: Leftovers\n|upkeep\n|turn|4\n|\n|t:|1781408801\n|move|p2a: Iron Moth|Morning Sun|p2a: Iron Moth\n|-heal|p2a: Iron Moth|205/253\n|move|p1a: Gholdengo|Shadow Ball|p2a: Iron Moth\n|-damage|p2a: Iron Moth|27/253\n|\n|-heal|p1a: Gholdengo|83/261|[from] item: Leftovers\n|upkeep\n|turn|5\n|\n|t:|1781408804\n|move|p2a: Iron Moth|Fiery Dance|p1a: Gholdengo\n|-supereffective|p1a: Gholdengo\n|-damage|p1a: Gholdengo|0 fnt\n|faint|p1a: Gholdengo\n|\n|upkeep\n|\n|t:|1781408809\n|switch|p1a: Morpeko|Morpeko, L88, M|245/245\n|turn|6\n|\n|t:|1781408813\n|-end|p2a: Iron Moth|Quark Drive|[silent]\n|switch|p2a: Hitmontop|Hitmontop, L88, M|231/231\n|move|p1a: Morpeko|Aura Wheel|p2a: Hitmontop\n|-damage|p2a: Hitmontop|125/231\n|-boost|p1a: Morpeko|spe|1\n|\n|-heal|p2a: Hitmontop|139/231|[from] item: Leftovers\n|-formechange|p1a: Morpeko|Morpeko-Hangry||[from] ability: Hunger Switch\n|upkeep\n|turn|7\n|\n|t:|1781408825\n|move|p1a: Morpeko|Parting Shot|p2a: Hitmontop\n|-unboost|p2a: Hitmontop|atk|1\n|-unboost|p2a: Hitmontop|spa|1\n|\n|t:|1781408826\n|switch|p1a: Forretress|Forretress, L84, F|263/263|[from] Parting Shot\n|move|p2a: Hitmontop|Close Combat|p1a: Forretress\n|-damage|p1a: Forretress|196/263\n|-unboost|p2a: Hitmontop|def|1\n|-unboost|p2a: Hitmontop|spd|1\n|\n|-heal|p2a: Hitmontop|153/231|[from] item: Leftovers\n|-heal|p1a: Forretress|212/263|[from] item: Leftovers\n|upkeep\n|turn|8\n|\n|t:|1781408837\n|move|p2a: Hitmontop|Bulk Up|p2a: Hitmontop\n|-boost|p2a: Hitmontop|atk|1\n|-boost|p2a: Hitmontop|def|1\n|move|p1a: Forretress|Iron Head|p2a: Hitmontop\n|-damage|p2a: Hitmontop|84/231\n|\n|-heal|p2a: Hitmontop|98/231|[from] item: Leftovers\n|-heal|p1a: Forretress|228/263|[from] item: Leftovers\n|upkeep\n|turn|9\n|\n|t:|1781408846\n|move|p2a: Hitmontop|Bulk Up|p2a: Hitmontop\n|-boost|p2a: Hitmontop|atk|1\n|-boost|p2a: Hitmontop|def|1\n|move|p1a: Forretress|Iron Head|p2a: Hitmontop\n|-damage|p2a: Hitmontop|50/231\n|\n|-heal|p2a: Hitmontop|64/231|[from] item: Leftovers\n|-heal|p1a: Forretress|244/263|[from] item: Leftovers\n|upkeep\n|turn|10\n|\n|t:|1781408855\n|move|p2a: Hitmontop|Close Combat|p1a: Forretress\n|-damage|p1a: Forretress|94/263\n|-unboost|p2a: Hitmontop|def|1\n|-unboost|p2a: Hitmontop|spd|1\n|move|p1a: Forretress|Iron Head|p2a: Hitmontop\n|-damage|p2a: Hitmontop|0 fnt\n|faint|p2a: Hitmontop\n|\n|-heal|p1a: Forretress|110/263|[from] item: Leftovers\n|upkeep\n|\n|t:|1781408868\n|switch|p2a: Iron Moth|Iron Moth, L78|27/253\n|turn|11\n|\n|t:|1781408870\n|move|p2a: Iron Moth|Fiery Dance|p1a: Forretress\n|-supereffective|p1a: Forretress\n|-damage|p1a: Forretress|0 fnt\n|-boost|p2a: Iron Moth|spa|1\n|faint|p1a: Forretress\n|\n|upkeep\n|\n|t:|1781408873\n|switch|p1a: Morpeko|Morpeko, L88, M|245/245\n|turn|12\n|\n|t:|1781408878\n|move|p1a: Morpeko|Aura Wheel|p2a: Iron Moth\n|-damage|p2a: Iron Moth|0 fnt\n|-boost|p1a: Morpeko|spe|1\n|faint|p2a: Iron Moth\n|-end|p2a: Iron Moth|Quark Drive|[silent]\n|\n|-formechange|p1a: Morpeko|Morpeko-Hangry||[from] ability: Hunger Switch\n|upkeep\n|\n|t:|1781408882\n|switch|p2a: Kyurem|Kyurem-White, L73|303/303\n|-ability|p2a: Kyurem|Turboblaze\n|turn|13\n|\n|t:|1781408892\n|move|p1a: Morpeko|Aura Wheel|p2a: Kyurem\n|-damage|p2a: Kyurem|161/303\n|-boost|p1a: Morpeko|spe|1\n|move|p2a: Kyurem|Draco Meteor|p1a: Morpeko\n|-damage|p1a: Morpeko|0 fnt\n|-unboost|p2a: Kyurem|spa|2\n|faint|p1a: Morpeko\n|\n|upkeep\n|\n|t:|1781408900\n|switch|p1a: Porygon-Z|Porygon-Z, L83|277/277\n|turn|14\n|\n|t:|1781408904\n|switch|p2a: Typhlosion|Typhlosion-Hisui, L83, M|257/257\n|move|p1a: Porygon-Z|Agility|p1a: Porygon-Z\n|-boost|p1a: Porygon-Z|spe|2\n|\n|upkeep\n|turn|15\n|\n|t:|1781408922\n|move|p1a: Porygon-Z|Nasty Plot|p1a: Porygon-Z\n|-boost|p1a: Porygon-Z|spa|2\n|move|p2a: Typhlosion|Fire Blast|p1a: Porygon-Z\n|-damage|p1a: Porygon-Z|64/277\n|\n|upkeep\n|turn|16\n|\n|t:|1781408931\n|switch|p2a: Kyurem|Kyurem-White, L73|161/303\n|-ability|p2a: Kyurem|Turboblaze\n|move|p1a: Porygon-Z|Shadow Ball|p2a: Kyurem\n|-damage|p2a: Kyurem|0 fnt\n|faint|p2a: Kyurem\n|-damage|p1a: Porygon-Z|37/277|[from] item: Life Orb\n|\n|upkeep\n|\n|t:|1781408933\n|switch|p2a: Comfey|Comfey, L85, M|225/225\n|turn|17\n|\n|t:|1781408939\n|move|p2a: Comfey|Draining Kiss|p1a: Porygon-Z\n|-damage|p1a: Porygon-Z|0 fnt\n|faint|p1a: Porygon-Z\n|\n|upkeep\n|\n|t:|1781408941\n|switch|p1a: Typhlosion|Typhlosion, L84, F|267/267\n|turn|18\n|\n|t:|1781408971\n|move|p2a: Comfey|Draining Kiss|p1a: Typhlosion\n|-resisted|p1a: Typhlosion\n|-damage|p1a: Typhlosion|240/267\n|move|p1a: Typhlosion|Fire Blast|p2a: Comfey\n|-damage|p2a: Comfey|69/225\n|\n|-heal|p2a: Comfey|83/225|[from] item: Leftovers\n|upkeep\n|turn|19\n|\n|t:|1781408987\n|switch|p2a: Typhlosion|Typhlosion-Hisui, L83, M|257/257\n|move|p1a: Typhlosion|Fire Blast|p2a: Typhlosion\n|-resisted|p2a: Typhlosion\n|-damage|p2a: Typhlosion|152/257\n|\n|upkeep\n|turn|20\n|\n|t:|1781408993\n|move|p1a: Typhlosion|Fire Blast|p2a: Typhlosion\n|-resisted|p2a: Typhlosion\n|-damage|p2a: Typhlosion|47/257\n|move|p2a: Typhlosion|Shadow Ball|p1a: Typhlosion\n|-damage|p1a: Typhlosion|93/267\n|\n|upkeep\n|turn|21\n|\n|t:|1781408996\n|move|p1a: Typhlosion|Fire Blast|p2a: Typhlosion\n|-resisted|p2a: Typhlosion\n|-damage|p2a: Typhlosion|0 fnt\n|faint|p2a: Typhlosion\n|\n|upkeep\n|\n|t:|1781408998\n|switch|p2a: Cinccino|Cinccino, L83, F|260/260\n|turn|22\n|\n|t:|1781409003\n|move|p2a: Cinccino|Tail Slap|p1a: Typhlosion\n|-damage|p1a: Typhlosion|51/267\n|-damage|p1a: Typhlosion|9/267\n|-damage|p1a: Typhlosion|0 fnt\n|faint|p1a: Typhlosion\n|-hitcount|p1: Typhlosion|3\n|\n|upkeep\n|\n|t:|1781409005\n|switch|p1a: Kyogre|Kyogre, L71|259/259\n|-weather|RainDance|[from] ability: Drizzle|[of] p1a: Kyogre\n|turn|23\n|\n|t:|1781409010\n|move|p1a: Kyogre|Water Spout|p2a: Cinccino\n|-damage|p2a: Cinccino|0 fnt\n|faint|p2a: Cinccino\n|\n|-weather|RainDance|[upkeep]\n|upkeep\n|\n|t:|1781409013\n|switch|p2a: Comfey|Comfey, L85, M|83/225\n|turn|24\n|\n|t:|1781409017\n|-terastallize|p1a: Kyogre|Water\n|-terastallize|p2a: Comfey|Poison\n|move|p2a: Comfey|Giga Drain|p1a: Kyogre\n|-supereffective|p1a: Kyogre\n|-damage|p1a: Kyogre|179/259\n|-heal|p2a: Comfey|123/225|[from] drain|[of] p1a: Kyogre\n|move|p1a: Kyogre|Water Spout|p2a: Comfey\n|-damage|p2a: Comfey|0 fnt\n|faint|p2a: Comfey\n|\n|win|mayqueen nyannyan\n", "uploadtime": 1781408770, "views": 3, "formatid": "gen9randombattle", "rating": null, "private": 0, "password": null}