{"id": "gen9randombattle-2631612573", "format": "[Gen 9] Random Battle", "players": ["WhatEver2102", "Mitchel531"], "log": "|j|\u2606WhatEver2102\n|j|\u2606Mitchel531\n|t:|1781408813\n|gametype|singles\n|player|p1|WhatEver2102|juan|2029\n|player|p2|Mitchel531|1|2097\n|gen|9\n|tier|[Gen 9] Random Battle\n|rated|\n|rule|Species Clause: Limit one of each Pok\u00e9mon\n|rule|HP Percentage Mod: HP is shown in percentages\n|rule|Sleep Clause Mod: Limit one foe put to sleep\n|rule|Illusion Level Mod: Illusion disguises the Pok\u00e9mon's true level\n|\n|t:|1781408813\n|teamsize|p1|6\n|teamsize|p2|6\n|start\n|switch|p1a: Hitmontop|Hitmontop, L88, M|231/231\n|switch|p2a: Necrozma|Necrozma-Dusk-Mane, L69|248/248\n|-ability|p1a: Hitmontop|Intimidate|boost\n|-unboost|p2a: Necrozma|atk|1\n|turn|1\n|\n|t:|1781408829\n|switch|p1a: Sandaconda|Sandaconda, L84, F|258/258\n|switch|p2a: Kilowattrel|Kilowattrel, L83, F|252/252\n|\n|upkeep\n|turn|2\n|\n|t:|1781408881\n|switch|p1a: Dialga|Dialga, L73|266/266\n|-ability|p1a: Dialga|Pressure\n|move|p2a: Kilowattrel|Hurricane|p1a: Dialga\n|-resisted|p1a: Dialga\n|-damage|p1a: Dialga|222/266\n|-start|p1a: Dialga|confusion\n|\n|upkeep\n|turn|3\n|\n|t:|1781408889\n|move|p2a: Kilowattrel|U-turn|p1a: Dialga\n|-resisted|p1a: Dialga\n|-damage|p1a: Dialga|203/266\n|\n|t:|1781408902\n|switch|p2a: Necrozma|Necrozma-Dusk-Mane, L69|248/248|[from] U-turn\n|-activate|p1a: Dialga|confusion\n|-damage|p1a: Dialga|180/266|[from] confusion\n|\n|upkeep\n|turn|4\n|\n|t:|1781408919\n|move|p2a: Necrozma|Dragon Dance|p2a: Necrozma\n|-boost|p2a: Necrozma|atk|1\n|-boost|p2a: Necrozma|spe|1\n|-activate|p1a: Dialga|confusion\n|move|p1a: Dialga|Dragon Tail|p2a: Necrozma\n|-resisted|p2a: Necrozma\n|-damage|p2a: Necrozma|221/248\n|drag|p2a: Minior|Minior-Violet, L79|224/224\n|-formechange|p2a: Minior|Minior-Meteor||[from] ability: Shields Down\n|\n|upkeep\n|turn|5\n|\n|t:|1781408926\n|move|p2a: Minior|Earthquake|p1a: Dialga\n|-supereffective|p1a: Dialga\n|-damage|p1a: Dialga|98/266\n|-activate|p1a: Dialga|confusion\n|-damage|p1a: Dialga|75/266|[from] confusion\n|\n|upkeep\n|turn|6\n|\n|t:|1781408931\n|-end|p1a: Dialga|confusion\n|move|p1a: Dialga|Heavy Slam|p2a: Minior\n|-supereffective|p2a: Minior\n|-damage|p2a: Minior|8/224\n|move|p2a: Minior|Earthquake|p1a: Dialga\n|-supereffective|p1a: Dialga\n|-damage|p1a: Dialga|0 fnt\n|faint|p1a: Dialga\n|\n|-formechange|p2a: Minior|Minior-Violet||[from] ability: Shields Down\n|upkeep\n|inactive|Battle timer is ON: inactive players will automatically lose when time's up. (requested by Mitchel531)\n|\n|t:|1781408949\n|switch|p1a: Donphan|Donphan, L84, M|288/288\n|turn|7\n|\n|t:|1781408970\n|switch|p2a: Gumshoos|Gumshoos, L95, M|321/321\n|move|p1a: Donphan|Ice Spinner|p2a: Gumshoos\n|-crit|p2a: Gumshoos\n|-damage|p2a: Gumshoos|214/321\n|\n|upkeep\n|turn|8\n|\n|t:|1781408979\n|move|p2a: Gumshoos|Double-Edge|p1a: Donphan\n|-damage|p1a: Donphan|93/288\n|-damage|p2a: Gumshoos|150/321|[from] Recoil\n|move|p1a: Donphan|Knock Off|p2a: Gumshoos\n|-damage|p2a: Gumshoos|53/321\n|-enditem|p2a: Gumshoos|Choice Band|[from] move: Knock Off|[of] p1a: Donphan\n|\n|-heal|p1a: Donphan|111/288|[from] item: Leftovers\n|upkeep\n|turn|9\n|\n|t:|1781408988\n|move|p2a: Gumshoos|Double-Edge|p1a: Donphan\n|-damage|p1a: Donphan|0 fnt\n|faint|p1a: Donphan\n|-damage|p2a: Gumshoos|16/321|[from] Recoil\n|\n|upkeep\n|\n|t:|1781409002\n|switch|p1a: Hitmontop|Hitmontop, L88, M|231/231\n|-ability|p1a: Hitmontop|Intimidate|boost\n|-unboost|p2a: Gumshoos|atk|1\n|turn|10\n|\n|t:|1781409007\n|move|p1a: Hitmontop|Rapid Spin|p2a: Gumshoos\n|-damage|p2a: Gumshoos|0 fnt\n|-boost|p1a: Hitmontop|spe|1\n|faint|p2a: Gumshoos\n|\n|upkeep\n|\n|t:|1781409020\n|switch|p2a: Necrozma|Necrozma-Dusk-Mane, L69|221/248\n|turn|11\n|\n|t:|1781409030\n|move|p1a: Hitmontop|Close Combat|p2a: Necrozma\n|-damage|p2a: Necrozma|104/248\n|-unboost|p1a: Hitmontop|def|1\n|-unboost|p1a: Hitmontop|spd|1\n|move|p2a: Necrozma|Photon Geyser|p1a: Hitmontop\n|-supereffective|p1a: Hitmontop\n|-damage|p1a: Hitmontop|0 fnt\n|faint|p1a: Hitmontop\n|\n|upkeep\n|\n|t:|1781409036\n|switch|p1a: Sandaconda|Sandaconda, L84, F|258/258\n|turn|12\n|\n|t:|1781409049\n|move|p1a: Sandaconda|Coil|p1a: Sandaconda\n|-boost|p1a: Sandaconda|atk|1\n|-boost|p1a: Sandaconda|def|1\n|-boost|p1a: Sandaconda|accuracy|1\n|move|p2a: Necrozma|Dragon Dance|p2a: Necrozma\n|-boost|p2a: Necrozma|atk|1\n|-boost|p2a: Necrozma|spe|1\n|\n|upkeep\n|turn|13\n|\n|t:|1781409057\n|move|p2a: Necrozma|Photon Geyser|p1a: Sandaconda\n|-damage|p1a: Sandaconda|176/258\n|move|p1a: Sandaconda|Earthquake|p2a: Necrozma\n|-supereffective|p2a: Necrozma\n|-damage|p2a: Necrozma|0 fnt\n|faint|p2a: Necrozma\n|\n|-heal|p1a: Sandaconda|192/258|[from] item: Leftovers\n|upkeep\n|\n|t:|1781409069\n|switch|p2a: Ursaluna|Ursaluna, L79, M|335/335\n|turn|14\n|\n|t:|1781409073\n|move|p1a: Sandaconda|Earthquake|p2a: Ursaluna\n|-damage|p2a: Ursaluna|163/335\n|move|p2a: Ursaluna|Trailblaze|p1a: Sandaconda\n|-supereffective|p1a: Sandaconda\n|-damage|p1a: Sandaconda|148/258\n|-boost|p2a: Ursaluna|spe|1\n|\n|-heal|p1a: Sandaconda|164/258|[from] item: Leftovers\n|-status|p2a: Ursaluna|brn|[from] item: Flame Orb\n|upkeep\n|turn|15\n|\n|t:|1781409080\n|-terastallize|p2a: Ursaluna|Normal\n|move|p2a: Ursaluna|Facade|p1a: Sandaconda\n|-damage|p1a: Sandaconda|0 fnt\n|faint|p1a: Sandaconda\n|\n|-damage|p2a: Ursaluna|143/335 brn|[from] brn\n|upkeep\n|\n|t:|1781409089\n|switch|p1a: Electivire|Electivire, L84, M|263/263\n|turn|16\n|\n|t:|1781409094\n|move|p1a: Electivire|Supercell Slam|p2a: Ursaluna|[miss]\n|-miss|p1a: Electivire|p2a: Ursaluna\n|-damage|p1a: Electivire|132/263|[from] supercellslam\n|move|p2a: Ursaluna|Facade|p1a: Electivire\n|-damage|p1a: Electivire|0 fnt\n|faint|p1a: Electivire\n|\n|-damage|p2a: Ursaluna|123/335 brn|[from] brn\n|upkeep\n|-message|WhatEver2102 forfeited.\n|\n|win|Mitchel531\n", "inputlog": ">version a8376a258c1d4662feba110a92103f3664a72141\n>start {\"formatid\":\"gen9randombattle\",\"seed\":\"sodium,273a21e69b9e00d79b7fd273374aa60c\",\"rated\":\"Rated battle\"}\n>player p1 {\"name\":\"WhatEver2102\",\"avatar\":\"juan\",\"rating\":2029,\"seed\":\"sodium,c1db76185f0fd084163b5207508e88ee\"}\n>player p2 {\"name\":\"Mitchel531\",\"avatar\":\"1\",\"rating\":2097,\"seed\":\"sodium,33b3d1f518a018917c42b44275b29447\"}\n>p1 switch 5\n>p2 switch 3\n>p1 switch 3\n>p2 move hurricane\n>p1 move dragontail\n>p2 move uturn\n>p2 switch 3\n>p1 move dragontail\n>p2 move dragondance\n>p1 move dragontail\n>p2 move earthquake\n>p1 move heavyslam\n>p2 move earthquake\n>p1 switch 2\n>p1 move icespinner\n>p2 switch 6\n>p1 move knockoff\n>p2 move doubleedge\n>p1 move stealthrock\n>p2 move doubleedge\n>p1 switch 5\n>p1 move rapidspin\n>p2 move doubleedge\n>p2 switch 5\n>p1 move closecombat\n>p2 move photongeyser\n>p1 switch 3\n>p1 move coil\n>p2 move dragondance\n>p1 move earthquake\n>p2 move photongeyser\n>p2 switch 4\n>p1 move earthquake\n>p2 move trailblaze\n>p1 move earthquake\n>p2 move facade terastallize\n>p1 switch 4\n>p1 move supercellslam\n>p2 move facade\n>forcelose p1", "uploadtime": 1781408816, "views": 5, "formatid": "gen9randombattle", "rating": null, "private": 0, "password": null}