{"id": "gen9randombattle-2631411777", "format": "[Gen 9] Random Battle", "players": ["justinprim", "Esterb00ny"], "log": "|j|\u2606justinprim\n|j|\u2606Esterb00ny\n|t:|1781381468\n|gametype|singles\n|player|p1|justinprim|265|2051\n|player|p2|Esterb00ny|unknownf|2068\n|gen|9\n|tier|[Gen 9] Random Battle\n|rated|\n|rule|Species Clause: Limit one of each Pok\u00e9mon\n|rule|HP Percentage Mod: HP is shown in percentages\n|rule|Sleep Clause Mod: Limit one foe put to sleep\n|rule|Illusion Level Mod: Illusion disguises the Pok\u00e9mon's true level\n|\n|t:|1781381468\n|teamsize|p1|6\n|teamsize|p2|6\n|start\n|switch|p1a: Wugtrio|Wugtrio, L91, M|212/212\n|switch|p2a: Quagsire|Quagsire, L84, F|297/297\n|turn|1\n|inactive|Battle timer is ON: inactive players will automatically lose when time's up. (requested by justinprim)\n|\n|t:|1781381491\n|move|p1a: Wugtrio|Liquidation|p2a: Quagsire\n|-damage|p2a: Quagsire|143/297\n|-unboost|p2a: Quagsire|def|1\n|move|p2a: Quagsire|Toxic|p1a: Wugtrio\n|-status|p1a: Wugtrio|tox\n|\n|-heal|p2a: Quagsire|161/297|[from] item: Leftovers\n|-damage|p1a: Wugtrio|199/212 tox|[from] psn\n|upkeep\n|turn|2\n|\n|t:|1781381496\n|switch|p2a: Ludicolo|Ludicolo, L90, M|290/290\n|move|p1a: Wugtrio|Liquidation|p2a: Ludicolo\n|-resisted|p2a: Ludicolo\n|-damage|p2a: Ludicolo|245/290\n|-unboost|p2a: Ludicolo|def|1\n|\n|-damage|p1a: Wugtrio|173/212 tox|[from] psn\n|upkeep\n|turn|3\n|\n|t:|1781381505\n|switch|p1a: Arboliva|Arboliva, L91, F|288/288\n|move|p2a: Ludicolo|Hydro Pump|p1a: Arboliva\n|-resisted|p1a: Arboliva\n|-damage|p1a: Arboliva|226/288\n|-damage|p2a: Ludicolo|216/290|[from] item: Life Orb\n|\n|upkeep\n|turn|4\n|\n|t:|1781381515\n|switch|p2a: Muk|Muk-Alola, L82, M|306/306\n|move|p1a: Arboliva|Substitute|p1a: Arboliva\n|-start|p1a: Arboliva|Substitute\n|-damage|p1a: Arboliva|154/288\n|\n|upkeep\n|turn|5\n|\n|t:|1781381518\n|move|p2a: Muk|Knock Off|p1a: Arboliva\n|-end|p1a: Arboliva|Substitute\n|move|p1a: Arboliva|Leech Seed|p2a: Muk\n|-start|p2a: Muk|move: Leech Seed\n|\n|-damage|p2a: Muk|268/306|[from] Leech Seed|[of] p1a: Arboliva\n|-heal|p1a: Arboliva|192/288|[silent]\n|upkeep\n|turn|6\n|\n|t:|1781381521\n|move|p1a: Arboliva|Protect|p1a: Arboliva\n|-singleturn|p1a: Arboliva|Protect\n|move|p2a: Muk|Knock Off|p1a: Arboliva\n|-activate|p1a: Arboliva|move: Protect\n|\n|-damage|p2a: Muk|230/306|[from] Leech Seed|[of] p1a: Arboliva\n|-heal|p1a: Arboliva|230/288|[silent]\n|upkeep\n|turn|7\n|\n|t:|1781381527\n|switch|p1a: Cramorant|Cramorant, L86, F|261/261\n|move|p2a: Muk|Knock Off|p1a: Cramorant\n|-damage|p1a: Cramorant|108/261\n|-enditem|p1a: Cramorant|Heavy-Duty Boots|[from] move: Knock Off|[of] p2a: Muk\n|\n|-damage|p2a: Muk|192/306|[from] Leech Seed|[of] p1a: Cramorant\n|-heal|p1a: Cramorant|146/261|[silent]\n|upkeep\n|turn|8\n|\n|t:|1781381540\n|switch|p2a: Articuno|Articuno-Galar, L84|288/288\n|move|p1a: Cramorant|Roost|p1a: Cramorant\n|-heal|p1a: Cramorant|261/261\n|-singleturn|p1a: Cramorant|move: Roost\n|\n|upkeep\n|turn|9\n|\n|t:|1781381544\n|move|p2a: Articuno|Calm Mind|p2a: Articuno\n|-boost|p2a: Articuno|spa|1\n|-boost|p2a: Articuno|spd|1\n|move|p1a: Cramorant|Surf|p2a: Articuno\n|-formechange|p1a: Cramorant|Cramorant-Gulping|\n|-damage|p2a: Articuno|231/288\n|\n|upkeep\n|turn|10\n|\n|t:|1781381548\n|move|p2a: Articuno|Recover|p2a: Articuno\n|-heal|p2a: Articuno|288/288\n|move|p1a: Cramorant|Brave Bird|p2a: Articuno\n|-damage|p2a: Articuno|153/288\n|-damage|p1a: Cramorant|216/261|[from] Recoil\n|\n|upkeep\n|turn|11\n|\n|t:|1781381550\n|move|p2a: Articuno|Recover|p2a: Articuno\n|-heal|p2a: Articuno|288/288\n|move|p1a: Cramorant|Brave Bird|p2a: Articuno\n|-damage|p2a: Articuno|167/288\n|-damage|p1a: Cramorant|176/261|[from] Recoil\n|\n|upkeep\n|turn|12\n|\n|t:|1781381554\n|move|p2a: Articuno|Recover|p2a: Articuno\n|-heal|p2a: Articuno|288/288\n|move|p1a: Cramorant|Brave Bird|p2a: Articuno\n|-damage|p2a: Articuno|168/288\n|-damage|p1a: Cramorant|136/261|[from] Recoil\n|\n|upkeep\n|turn|13\n|\n|t:|1781381557\n|move|p2a: Articuno|Freezing Glare|p1a: Cramorant\n|-damage|p1a: Cramorant|0 fnt\n|-damage|p2a: Articuno|96/288|[from] ability: Gulp Missile|[of] p1a: Cramorant\n|-unboost|p2a: Articuno|def|1\n|-ability|p2a: Articuno|Competitive|boost\n|-boost|p2a: Articuno|spa|2\n|-formechange|p1a: Cramorant|Cramorant|\n|faint|p1a: Cramorant\n|\n|upkeep\n|\n|t:|1781381565\n|switch|p1a: Ursaring|Ursaring, L84, M|288/288\n|turn|14\n|\n|t:|1781381572\n|move|p2a: Articuno|Freezing Glare|p1a: Ursaring\n|-damage|p1a: Ursaring|89/288\n|move|p1a: Ursaring|Body Slam|p2a: Articuno\n|-damage|p2a: Articuno|0 fnt\n|faint|p2a: Articuno\n|\n|upkeep\n|\n|t:|1781381588\n|switch|p2a: Mamoswine|Mamoswine, L81, F|311/311\n|turn|15\n|\n|t:|1781381596\n|move|p2a: Mamoswine|Earthquake|p1a: Ursaring\n|-damage|p1a: Ursaring|0 fnt\n|faint|p1a: Ursaring\n|\n|upkeep\n|\n|t:|1781381599\n|switch|p1a: Zarude|Zarude, L77|288/288\n|turn|16\n|\n|t:|1781381606\n|switch|p2a: Quagsire|Quagsire, L84, F|161/297\n|move|p1a: Zarude|Knock Off|p2a: Quagsire\n|-damage|p2a: Quagsire|58/297\n|-enditem|p2a: Quagsire|Leftovers|[from] move: Knock Off|[of] p1a: Zarude\n|\n|upkeep\n|turn|17\n|\n|t:|1781381609\n|move|p1a: Zarude|Knock Off|p2a: Quagsire\n|-damage|p2a: Quagsire|0 fnt\n|faint|p2a: Quagsire\n|\n|upkeep\n|inactive|Esterb00ny has 120 seconds left.\n|\n|t:|1781381641\n|switch|p2a: Muk|Muk-Alola, L82, M|192/306\n|turn|18\n|\n|t:|1781381643\n|switch|p1a: Toxtricity|Toxtricity, L82, F|257/257\n|move|p2a: Muk|Poison Jab|p1a: Toxtricity\n|-resisted|p1a: Toxtricity\n|-crit|p1a: Toxtricity\n|-damage|p1a: Toxtricity|182/257\n|\n|upkeep\n|turn|19\n|\n|t:|1781381647\n|move|p1a: Toxtricity|Boomburst|p2a: Muk\n|-damage|p2a: Muk|113/306\n|-enditem|p1a: Toxtricity|Throat Spray\n|-boost|p1a: Toxtricity|spa|1|[from] item: Throat Spray\n|move|p2a: Muk|Knock Off|p1a: Toxtricity\n|-damage|p1a: Toxtricity|95/257\n|\n|upkeep\n|turn|20\n|\n|t:|1781381659\n|move|p1a: Toxtricity|Boomburst|p2a: Muk\n|-damage|p2a: Muk|0 fnt\n|faint|p2a: Muk\n|\n|upkeep\n|inactive|Esterb00ny has 120 seconds left.\n|\n|t:|1781381692\n|switch|p2a: Ludicolo|Ludicolo, L90, M|216/290\n|turn|21\n|\n|t:|1781381696\n|move|p2a: Ludicolo|Ice Beam|p1a: Toxtricity\n|-damage|p1a: Toxtricity|0 fnt\n|faint|p1a: Toxtricity\n|-damage|p2a: Ludicolo|187/290|[from] item: Life Orb\n|\n|upkeep\n|\n|t:|1781381700\n|switch|p1a: Arboliva|Arboliva, L91, F|230/288\n|turn|22\n|\n|t:|1781381712\n|move|p2a: Ludicolo|Ice Beam|p1a: Arboliva\n|-supereffective|p1a: Arboliva\n|-damage|p1a: Arboliva|90/288\n|-enditem|p1a: Arboliva|Sitrus Berry|[eat]\n|-heal|p1a: Arboliva|162/288|[from] item: Sitrus Berry\n|-damage|p2a: Ludicolo|158/290|[from] item: Life Orb\n|move|p1a: Arboliva|Substitute|p1a: Arboliva\n|-start|p1a: Arboliva|Substitute\n|-damage|p1a: Arboliva|90/288\n|\n|upkeep\n|turn|23\n|\n|t:|1781381717\n|move|p1a: Arboliva|Protect|p1a: Arboliva\n|-singleturn|p1a: Arboliva|Protect\n|move|p2a: Ludicolo|Ice Beam|p1a: Arboliva\n|-activate|p1a: Arboliva|move: Protect\n|\n|-item|p1a: Arboliva|Sitrus Berry|[from] ability: Harvest\n|upkeep\n|-enditem|p1a: Arboliva|Sitrus Berry|[eat]\n|-heal|p1a: Arboliva|162/288|[from] item: Sitrus Berry\n|turn|24\n|\n|t:|1781381722\n|move|p2a: Ludicolo|Ice Beam|p1a: Arboliva\n|-supereffective|p1a: Arboliva\n|-end|p1a: Arboliva|Substitute\n|-damage|p2a: Ludicolo|129/290|[from] item: Life Orb\n|move|p1a: Arboliva|Substitute|p1a: Arboliva\n|-start|p1a: Arboliva|Substitute\n|-damage|p1a: Arboliva|90/288\n|\n|-item|p1a: Arboliva|Sitrus Berry|[from] ability: Harvest\n|upkeep\n|-enditem|p1a: Arboliva|Sitrus Berry|[eat]\n|-heal|p1a: Arboliva|162/288|[from] item: Sitrus Berry\n|turn|25\n|\n|t:|1781381731\n|move|p1a: Arboliva|Protect|p1a: Arboliva\n|-singleturn|p1a: Arboliva|Protect\n|move|p2a: Ludicolo|Ice Beam|p1a: Arboliva\n|-activate|p1a: Arboliva|move: Protect\n|\n|-item|p1a: Arboliva|Sitrus Berry|[from] ability: Harvest\n|upkeep\n|turn|26\n|\n|t:|1781381749\n|move|p2a: Ludicolo|Giga Drain|p1a: Arboliva\n|-resisted|p1a: Arboliva\n|-activate|p1a: Arboliva|move: Substitute|[damage]\n|-heal|p2a: Ludicolo|151/290|[from] drain|[of] p1a: Arboliva\n|-damage|p2a: Ludicolo|122/290|[from] item: Life Orb\n|move|p1a: Arboliva|Substitute|p1a: Arboliva\n|-fail|p1a: Arboliva|move: Substitute\n|\n|upkeep\n|turn|27\n|\n|t:|1781381757\n|move|p2a: Ludicolo|Giga Drain|p1a: Arboliva\n|-resisted|p1a: Arboliva\n|-end|p1a: Arboliva|Substitute\n|-heal|p2a: Ludicolo|137/290|[from] drain|[of] p1a: Arboliva\n|-damage|p2a: Ludicolo|108/290|[from] item: Life Orb\n|move|p1a: Arboliva|Substitute|p1a: Arboliva\n|-start|p1a: Arboliva|Substitute\n|-damage|p1a: Arboliva|90/288\n|-enditem|p1a: Arboliva|Sitrus Berry|[eat]\n|-heal|p1a: Arboliva|162/288|[from] item: Sitrus Berry\n|\n|upkeep\n|turn|28\n|\n|t:|1781381762\n|move|p2a: Ludicolo|Ice Beam|p1a: Arboliva\n|-supereffective|p1a: Arboliva\n|-end|p1a: Arboliva|Substitute\n|-damage|p2a: Ludicolo|79/290|[from] item: Life Orb\n|move|p1a: Arboliva|Hyper Voice|p2a: Ludicolo\n|-damage|p2a: Ludicolo|0 fnt\n|faint|p2a: Ludicolo\n|\n|upkeep\n|\n|t:|1781381767\n|switch|p2a: Mamoswine|Mamoswine, L81, F|311/311\n|turn|29\n|\n|t:|1781381776\n|move|p1a: Arboliva|Protect|p1a: Arboliva\n|-singleturn|p1a: Arboliva|Protect\n|move|p2a: Mamoswine|Knock Off|p1a: Arboliva\n|-activate|p1a: Arboliva|move: Protect\n|\n|-item|p1a: Arboliva|Sitrus Berry|[from] ability: Harvest\n|upkeep\n|turn|30\n|\n|t:|1781381782\n|move|p2a: Mamoswine|Knock Off|p1a: Arboliva\n|-damage|p1a: Arboliva|47/288\n|-enditem|p1a: Arboliva|Sitrus Berry|[from] move: Knock Off|[of] p2a: Mamoswine\n|move|p1a: Arboliva|Leech Seed|p2a: Mamoswine\n|-start|p2a: Mamoswine|move: Leech Seed\n|\n|-damage|p2a: Mamoswine|273/311|[from] Leech Seed|[of] p1a: Arboliva\n|-heal|p1a: Arboliva|85/288|[silent]\n|upkeep\n|turn|31\n|\n|t:|1781381790\n|switch|p2a: Heatran|Heatran, L79, F|273/273\n|-item|p2a: Heatran|Air Balloon\n|move|p1a: Arboliva|Hyper Voice|p2a: Heatran\n|-resisted|p2a: Heatran\n|-damage|p2a: Heatran|211/273\n|-enditem|p2a: Heatran|Air Balloon\n|\n|upkeep\n|turn|32\n|\n|t:|1781381797\n|move|p2a: Heatran|Lava Plume|p1a: Arboliva\n|-supereffective|p1a: Arboliva\n|-damage|p1a: Arboliva|0 fnt\n|faint|p1a: Arboliva\n|\n|upkeep\n|\n|t:|1781381799\n|switch|p1a: Wugtrio|Wugtrio, L91, M|173/212 tox\n|turn|33\n|\n|t:|1781381807\n|-terastallize|p2a: Heatran|Grass\n|move|p1a: Wugtrio|Liquidation|p2a: Heatran\n|-resisted|p2a: Heatran\n|-damage|p2a: Heatran|143/273\n|-unboost|p2a: Heatran|def|1\n|move|p2a: Heatran|Earth Power|p1a: Wugtrio\n|-damage|p1a: Wugtrio|96/212 tox\n|\n|-damage|p1a: Wugtrio|83/212 tox|[from] psn\n|upkeep\n|turn|34\n|\n|t:|1781381825\n|move|p1a: Wugtrio|Liquidation|p2a: Heatran\n|-resisted|p2a: Heatran\n|-damage|p2a: Heatran|26/273\n|move|p2a: Heatran|Heavy Slam|p1a: Wugtrio\n|-resisted|p1a: Wugtrio\n|-damage|p1a: Wugtrio|6/212 tox\n|-ability|p1a: Wugtrio|Gooey\n|-unboost|p2a: Heatran|spe|1\n|\n|-damage|p1a: Wugtrio|0 fnt|[from] psn\n|faint|p1a: Wugtrio\n|upkeep\n|\n|t:|1781381828\n|switch|p1a: Zarude|Zarude, L77|288/288\n|turn|35\n|\n|t:|1781381831\n|move|p1a: Zarude|Knock Off|p2a: Heatran\n|-damage|p2a: Heatran|0 fnt\n|faint|p2a: Heatran\n|\n|upkeep\n|\n|t:|1781381833\n|switch|p2a: Mamoswine|Mamoswine, L81, F|273/311\n|turn|36\n|\n|t:|1781381841\n|-terastallize|p1a: Zarude|Dark\n|move|p1a: Zarude|Power Whip|p2a: Mamoswine\n|-supereffective|p2a: Mamoswine\n|-damage|p2a: Mamoswine|0 fnt\n|faint|p2a: Mamoswine\n|\n|win|justinprim\n", "inputlog": ">version a8376a258c1d4662feba110a92103f3664a72141\n>start {\"formatid\":\"gen9randombattle\",\"seed\":\"sodium,f5939e4573019f04af8eb4fd2452b6e3\",\"rated\":\"Rated battle\"}\n>player p1 {\"name\":\"justinprim\",\"avatar\":\"265\",\"rating\":2051,\"seed\":\"sodium,f82a5dc6d68b075534fe43cb5c5d5c72\"}\n>player p2 {\"name\":\"Esterb00ny\",\"avatar\":\"unknownf\",\"rating\":2068,\"seed\":\"sodium,41c4b3234750e3163f1a7aec6ace1ffd\"}\n>p1 move liquidation\n>p2 move toxic\n>p1 move liquidation\n>p2 switch 2\n>p1 switch 4\n>p2 move hydropump\n>p1 move substitute\n>p2 switch 4\n>p1 move leechseed\n>p2 move knockoff\n>p1 move protect\n>p2 move knockoff\n>p1 switch 3\n>p2 move knockoff\n>p1 move roost\n>p2 switch 6\n>p1 move surf\n>p2 move calmmind\n>p1 move bravebird\n>p2 move recover\n>p1 move bravebird\n>p2 move recover\n>p1 move bravebird\n>p2 move recover\n>p1 move roost\n>p2 move freezingglare\n>p1 switch 5\n>p1 move bodyslam\n>p2 move freezingglare\n>p2 switch 3\n>p1 move bodyslam\n>p2 move earthquake\n>p1 switch 2\n>p1 move knockoff\n>p2 switch 2\n>p1 move knockoff\n>p2 move toxic\n>p2 switch 6\n>p1 switch 6\n>p2 move poisonjab\n>p1 move boomburst\n>p2 move knockoff\n>p1 move boomburst\n>p2 move knockoff\n>p2 switch 4\n>p1 move gunkshot\n>p2 move icebeam\n>p1 switch 3\n>p1 move substitute\n>p2 move icebeam\n>p1 move protect\n>p2 move icebeam\n>p1 move substitute\n>p2 move icebeam\n>p1 move protect\n>p2 move icebeam\n>p1 move substitute\n>p2 move gigadrain\n>p1 move substitute\n>p2 move gigadrain\n>p1 move hypervoice\n>p2 move icebeam\n>p2 switch 2\n>p1 move protect\n>p2 move knockoff\n>p1 move leechseed\n>p2 move knockoff\n>p1 move hypervoice\n>p2 switch 5\n>p1 move leechseed\n>p2 move lavaplume\n>p1 switch 4\n>p1 move liquidation\n>p2 move earthpower terastallize\n>p1 move liquidation\n>p2 move heavyslam\n>p1 switch 6\n>p1 move knockoff\n>p2 move lavaplume\n>p2 switch 5\n>p1 move powerwhip terastallize\n>p2 move iciclecrash", "uploadtime": 1781381470, "views": 12, "formatid": "gen9randombattle", "rating": null, "private": 0, "password": null}