{"id": "gen9randombattle-2631877248", "format": "[Gen 9] Random Battle", "players": ["WhatEver2102", "pagenfranskane"], "log": "|j|\u2606WhatEver2102\n|j|\u2606pagenfranskane\n|t:|1781451057\n|gametype|singles\n|player|p1|WhatEver2102|juan|2021\n|player|p2|pagenfranskane|battlegirl|2035\n|gen|9\n|tier|[Gen 9] Random Battle\n|rated|\n|rule|Species Clause: Limit one of each Pok\u00e9mon\n|rule|HP Percentage Mod: HP is shown in percentages\n|rule|Sleep Clause Mod: Limit one foe put to sleep\n|rule|Illusion Level Mod: Illusion disguises the Pok\u00e9mon's true level\n|\n|t:|1781451057\n|teamsize|p1|6\n|teamsize|p2|6\n|start\n|switch|p1a: Falinks|Falinks, L84|246/246\n|switch|p2a: Politoed|Politoed, L88, F|302/302\n|-weather|RainDance|[from] ability: Drizzle|[of] p2a: Politoed\n|turn|1\n|\n|t:|1781451066\n|switch|p1a: Phione|Phione, L91|293/293\n|move|p2a: Politoed|Haze|p2a: Politoed\n|-clearallboost\n|\n|-weather|RainDance|[upkeep]\n|upkeep\n|turn|2\n|\n|t:|1781451077\n|switch|p2a: Mismagius|Mismagius, L86, M|243/243\n|move|p1a: Phione|Grass Knot|p2a: Mismagius\n|-damage|p2a: Mismagius|230/243\n|\n|-weather|RainDance|[upkeep]\n|-heal|p2a: Mismagius|243/243|[from] item: Leftovers\n|upkeep\n|turn|3\n|\n|t:|1781451082\n|move|p2a: Mismagius|Nasty Plot|p2a: Mismagius\n|-boost|p2a: Mismagius|spa|2\n|move|p1a: Phione|Take Heart|p1a: Phione\n|-boost|p1a: Phione|spa|1\n|-boost|p1a: Phione|spd|1\n|\n|-weather|RainDance|[upkeep]\n|upkeep\n|turn|4\n|\n|t:|1781451084\n|move|p2a: Mismagius|Thunderbolt|p1a: Phione\n|-supereffective|p1a: Phione\n|-damage|p1a: Phione|105/293\n|-status|p1a: Phione|par\n|move|p1a: Phione|Scald|p2a: Mismagius\n|-damage|p2a: Mismagius|89/243\n|\n|-weather|RainDance|[upkeep]\n|-heal|p2a: Mismagius|104/243|[from] item: Leftovers\n|-activate|p1a: Phione|ability: Hydration\n|-curestatus|p1a: Phione|par|[msg]\n|-heal|p1a: Phione|123/293|[from] item: Leftovers\n|upkeep\n|turn|5\n|\n|t:|1781451097\n|move|p2a: Mismagius|Thunderbolt|p1a: Phione\n|-supereffective|p1a: Phione\n|-damage|p1a: Phione|0 fnt\n|faint|p1a: Phione\n|\n|-weather|none\n|-heal|p2a: Mismagius|119/243|[from] item: Leftovers\n|upkeep\n|\n|t:|1781451120\n|switch|p1a: Scrafty|Scrafty, L83, F|244/244\n|turn|6\n|\n|t:|1781451164\n|switch|p1a: Skeledirge|Skeledirge, L79, F|294/294\n|move|p2a: Mismagius|Thunderbolt|p1a: Skeledirge\n|-damage|p1a: Skeledirge|211/294\n|\n|-heal|p2a: Mismagius|134/243|[from] item: Leftovers\n|upkeep\n|turn|7\n|\n|t:|1781451174\n|-terastallize|p1a: Skeledirge|Water\n|move|p2a: Mismagius|Shadow Ball|p1a: Skeledirge\n|-damage|p1a: Skeledirge|99/294\n|-unboost|p1a: Skeledirge|spd|1\n|move|p1a: Skeledirge|Torch Song|p2a: Mismagius\n|-damage|p2a: Mismagius|62/243\n|-boost|p1a: Skeledirge|spa|1\n|\n|-heal|p2a: Mismagius|77/243|[from] item: Leftovers\n|upkeep\n|turn|8\n|\n|t:|1781451186\n|move|p2a: Mismagius|Shadow Ball|p1a: Skeledirge\n|-damage|p1a: Skeledirge|0 fnt\n|faint|p1a: Skeledirge\n|\n|-heal|p2a: Mismagius|92/243|[from] item: Leftovers\n|upkeep\n|\n|t:|1781451189\n|switch|p1a: Kyogre|Kyogre, L71|259/259\n|-weather|RainDance|[from] ability: Drizzle|[of] p1a: Kyogre\n|turn|9\n|\n|t:|1781451193\n|move|p2a: Mismagius|Thunderbolt|p1a: Kyogre\n|-supereffective|p1a: Kyogre\n|-damage|p1a: Kyogre|15/259\n|-status|p1a: Kyogre|par\n|move|p1a: Kyogre|Origin Pulse|p2a: Mismagius\n|-damage|p2a: Mismagius|0 fnt\n|faint|p2a: Mismagius\n|\n|-weather|RainDance|[upkeep]\n|-heal|p1a: Kyogre|31/259 par|[from] item: Leftovers\n|upkeep\n|\n|t:|1781451196\n|switch|p2a: Greninja|Greninja, L80, M|246/246\n|turn|10\n|\n|t:|1781451209\n|move|p2a: Greninja|Hydro Pump|p1a: Kyogre\n|-resisted|p1a: Kyogre\n|-damage|p1a: Kyogre|0 fnt\n|faint|p1a: Kyogre\n|-ability|p2a: Greninja|Battle Bond|boost\n|-boost|p2a: Greninja|atk|1\n|-boost|p2a: Greninja|spa|1\n|-boost|p2a: Greninja|spe|1\n|-activate|p2a: Greninja|ability: Battle Bond\n|-damage|p2a: Greninja|222/246|[from] item: Life Orb\n|\n|-weather|RainDance|[upkeep]\n|upkeep\n|\n|t:|1781451213\n|switch|p1a: Scrafty|Scrafty, L83, F|244/244\n|turn|11\n|\n|t:|1781451217\n|move|p2a: Greninja|Hydro Pump|p1a: Scrafty\n|-damage|p1a: Scrafty|0 fnt\n|faint|p1a: Scrafty\n|-damage|p2a: Greninja|198/246|[from] item: Life Orb\n|\n|-weather|RainDance|[upkeep]\n|upkeep\n|\n|t:|1781451222\n|switch|p1a: Falinks|Falinks, L84|246/246\n|turn|12\n|\n|t:|1781451225\n|-terastallize|p2a: Greninja|Water\n|move|p2a: Greninja|Hydro Pump|p1a: Falinks|[miss]\n|-miss|p2a: Greninja|p1a: Falinks\n|move|p1a: Falinks|Close Combat|p2a: Greninja\n|-damage|p2a: Greninja|0 fnt\n|-unboost|p1a: Falinks|def|1\n|-unboost|p1a: Falinks|spd|1\n|faint|p2a: Greninja\n|-damage|p1a: Falinks|222/246|[from] item: Life Orb\n|\n|-weather|RainDance|[upkeep]\n|upkeep\n|\n|t:|1781451231\n|switch|p2a: Politoed|Politoed, L88, F|302/302\n|turn|13\n|\n|t:|1781451242\n|move|p1a: Falinks|Close Combat|p2a: Politoed\n|-damage|p2a: Politoed|117/302\n|-unboost|p1a: Falinks|def|1\n|-unboost|p1a: Falinks|spd|1\n|-damage|p1a: Falinks|198/246|[from] item: Life Orb\n|move|p2a: Politoed|Surf|p1a: Falinks\n|-damage|p1a: Falinks|0 fnt\n|faint|p1a: Falinks\n|\n|-weather|none\n|-heal|p2a: Politoed|135/302|[from] item: Leftovers\n|upkeep\n|\n|t:|1781451245\n|switch|p1a: Oricorio|Oricorio, L84, F|263/263\n|turn|14\n|\n|t:|1781451249\n|move|p1a: Oricorio|Quiver Dance|p1a: Oricorio\n|-boost|p1a: Oricorio|spa|1\n|-boost|p1a: Oricorio|spd|1\n|-boost|p1a: Oricorio|spe|1\n|move|p2a: Politoed|Encore|p1a: Oricorio\n|-start|p1a: Oricorio|Encore\n|\n|-heal|p2a: Politoed|153/302|[from] item: Leftovers\n|upkeep\n|turn|15\n|-message|WhatEver2102 forfeited.\n|\n|win|pagenfranskane\n", "uploadtime": 1781451059, "views": 3, "formatid": "gen9randombattle", "rating": null, "private": 0, "password": null}