{"id": "gen9randombattle-2631617180", "format": "[Gen 9] Random Battle", "players": ["Ascent-SG", "TrivagoGuy"], "log": "|j|\u2606Ascent-SG\n|j|\u2606TrivagoGuy\n|t:|1781409508\n|gametype|singles\n|player|p1|Ascent-SG|lucas|1935\n|player|p2|TrivagoGuy|worker|1929\n|gen|9\n|tier|[Gen 9] Random Battle\n|rated|\n|rule|Species Clause: Limit one of each Pok\u00e9mon\n|rule|HP Percentage Mod: HP is shown in percentages\n|rule|Sleep Clause Mod: Limit one foe put to sleep\n|rule|Illusion Level Mod: Illusion disguises the Pok\u00e9mon's true level\n|\n|t:|1781409508\n|teamsize|p1|6\n|teamsize|p2|6\n|start\n|switch|p1a: Morpeko|Morpeko, L88, M|245/245\n|switch|p2a: Granbull|Granbull, L88, F|302/302\n|-ability|p2a: Granbull|Intimidate|boost\n|-unboost|p1a: Morpeko|atk|1\n|turn|1\n|\n|t:|1781409528\n|move|p1a: Morpeko|Parting Shot|p2a: Granbull\n|-unboost|p2a: Granbull|atk|1\n|-unboost|p2a: Granbull|spa|1\n|\n|t:|1781409544\n|switch|p1a: Rillaboom|Rillaboom, L79, F|288/288|[from] Parting Shot\n|-fieldstart|move: Grassy Terrain|[from] ability: Grassy Surge|[of] p1a: Rillaboom\n|move|p2a: Granbull|Encore||[still]\n|-fail|p2a: Granbull\n|\n|upkeep\n|turn|2\n|\n|t:|1781409555\n|move|p1a: Rillaboom|Wood Hammer|p2a: Granbull\n|-damage|p2a: Granbull|17/302\n|-damage|p1a: Rillaboom|194/288|[from] Recoil\n|move|p2a: Granbull|Thunder Wave|p1a: Rillaboom|[miss]\n|-miss|p2a: Granbull|p1a: Rillaboom\n|\n|-heal|p1a: Rillaboom|212/288|[from] Grassy Terrain\n|-heal|p2a: Granbull|35/302|[from] Grassy Terrain\n|-heal|p2a: Granbull|53/302|[from] item: Leftovers\n|upkeep\n|turn|3\n|\n|t:|1781409567\n|switch|p2a: Shaymin|Shaymin-Sky, L73|266/266\n|move|p1a: Rillaboom|Wood Hammer|p2a: Shaymin\n|-resisted|p2a: Shaymin\n|-damage|p2a: Shaymin|178/266\n|-damage|p1a: Rillaboom|183/288|[from] Recoil\n|\n|-heal|p1a: Rillaboom|201/288|[from] Grassy Terrain\n|upkeep\n|turn|4\n|\n|t:|1781409590\n|switch|p1a: Bellibolt|Bellibolt, L84, M|320/320\n|move|p2a: Shaymin|Synthesis|p2a: Shaymin\n|-heal|p2a: Shaymin|266/266\n|\n|upkeep\n|turn|5\n|\n|t:|1781409609\n|switch|p2a: Magnezone|Magnezone, L85|258/258\n|move|p1a: Bellibolt|Toxic|p2a: Magnezone\n|-immune|p2a: Magnezone\n|\n|-fieldend|move: Grassy Terrain\n|upkeep\n|turn|6\n|\n|t:|1781409619\n|move|p1a: Bellibolt|Muddy Water|p2a: Magnezone\n|-damage|p2a: Magnezone|212/258\n|move|p2a: Magnezone|Mirror Coat|p1a: Bellibolt\n|-damage|p1a: Bellibolt|228/320\n|-start|p1a: Bellibolt|Charge|Mirror Coat|[from] ability: Electromorphosis\n|\n|-heal|p1a: Bellibolt|248/320|[from] item: Leftovers\n|upkeep\n|turn|7\n|\n|t:|1781409626\n|move|p2a: Magnezone|Flash Cannon|p1a: Bellibolt\n|-resisted|p1a: Bellibolt\n|-damage|p1a: Bellibolt|194/320\n|-start|p1a: Bellibolt|Charge|Flash Cannon|[from] ability: Electromorphosis\n|move|p1a: Bellibolt|Muddy Water|p2a: Magnezone|[miss]\n|-miss|p1a: Bellibolt|p2a: Magnezone\n|\n|-heal|p1a: Bellibolt|214/320|[from] item: Leftovers\n|upkeep\n|turn|8\n|\n|t:|1781409636\n|move|p1a: Bellibolt|Muddy Water|p2a: Magnezone\n|-damage|p2a: Magnezone|168/258\n|move|p2a: Magnezone|Mirror Coat|p1a: Bellibolt\n|-damage|p1a: Bellibolt|126/320\n|-start|p1a: Bellibolt|Charge|Mirror Coat|[from] ability: Electromorphosis\n|\n|-heal|p1a: Bellibolt|146/320|[from] item: Leftovers\n|upkeep\n|turn|9\n|\n|t:|1781409652\n|move|p2a: Magnezone|Flash Cannon|p1a: Bellibolt\n|-resisted|p1a: Bellibolt\n|-damage|p1a: Bellibolt|93/320\n|-start|p1a: Bellibolt|Charge|Flash Cannon|[from] ability: Electromorphosis\n|move|p1a: Bellibolt|Slack Off|p1a: Bellibolt\n|-heal|p1a: Bellibolt|253/320\n|\n|-heal|p1a: Bellibolt|273/320|[from] item: Leftovers\n|upkeep\n|turn|10\n|\n|t:|1781409661\n|switch|p1a: Infernape|Infernape, L82, M|259/259\n|move|p2a: Magnezone|Flash Cannon|p1a: Infernape\n|-resisted|p1a: Infernape\n|-damage|p1a: Infernape|191/259\n|\n|upkeep\n|turn|11\n|\n|t:|1781409668\n|switch|p2a: Granbull|Granbull, L88, F|53/302\n|-ability|p2a: Granbull|Intimidate|boost\n|-unboost|p1a: Infernape|atk|1\n|move|p1a: Infernape|Flare Blitz|p2a: Granbull\n|-damage|p2a: Granbull|0 fnt\n|faint|p2a: Granbull\n|-damage|p1a: Infernape|174/259|[from] Recoil\n|\n|upkeep\n|\n|t:|1781409681\n|switch|p2a: Palkia|Palkia-Origin, L72|249/249\n|-ability|p2a: Palkia|Pressure\n|turn|12\n|\n|t:|1781409692\n|switch|p1a: Sylveon|Sylveon, L85, F|300/300\n|move|p2a: Palkia|Thunder Wave|p1a: Sylveon\n|-status|p1a: Sylveon|par\n|\n|upkeep\n|turn|13\n|\n|t:|1781409696\n|switch|p2a: Magnezone|Magnezone, L85|168/258\n|move|p1a: Sylveon|Wish|p1a: Sylveon\n|\n|upkeep\n|turn|14\n|\n|t:|1781409708\n|switch|p1a: Infernape|Infernape, L82, M|174/259\n|move|p2a: Magnezone|Volt Switch|p1a: Infernape\n|-damage|p1a: Infernape|57/259\n|\n|t:|1781409716\n|switch|p2a: Glalie|Glalie, L96, M|309/309|[from] Volt Switch\n|\n|-heal|p1a: Infernape|207/259|[from] move: Wish|[wisher] Sylveon\n|upkeep\n|turn|15\n|\n|t:|1781409724\n|switch|p2a: Palkia|Palkia-Origin, L72|249/249\n|-ability|p2a: Palkia|Pressure\n|move|p1a: Infernape|Close Combat|p2a: Palkia\n|-damage|p2a: Palkia|63/249\n|-unboost|p1a: Infernape|def|1\n|-unboost|p1a: Infernape|spd|1\n|\n|upkeep\n|turn|16\n|\n|t:|1781409733\n|switch|p2a: Shaymin|Shaymin-Sky, L73|266/266\n|move|p1a: Infernape|Close Combat|p2a: Shaymin\n|-resisted|p2a: Shaymin\n|-damage|p2a: Shaymin|143/266\n|-unboost|p1a: Infernape|def|1\n|-unboost|p1a: Infernape|spd|1\n|\n|upkeep\n|turn|17\n|\n|t:|1781409739\n|switch|p1a: Bellibolt|Bellibolt, L84, M|273/320\n|move|p2a: Shaymin|Synthesis|p2a: Shaymin\n|-heal|p2a: Shaymin|266/266\n|\n|-heal|p1a: Bellibolt|293/320|[from] item: Leftovers\n|upkeep\n|turn|18\n|\n|t:|1781409745\n|move|p2a: Shaymin|Earth Power|p1a: Bellibolt\n|-supereffective|p1a: Bellibolt\n|-damage|p1a: Bellibolt|177/320\n|-unboost|p1a: Bellibolt|spd|1\n|-start|p1a: Bellibolt|Charge|Earth Power|[from] ability: Electromorphosis\n|move|p1a: Bellibolt|Thunderbolt|p2a: Shaymin\n|-damage|p2a: Shaymin|23/266\n|-end|p1a: Bellibolt|Charge|[silent]\n|\n|-heal|p1a: Bellibolt|197/320|[from] item: Leftovers\n|upkeep\n|turn|19\n|\n|t:|1781409756\n|move|p2a: Shaymin|Earth Power|p1a: Bellibolt\n|-supereffective|p1a: Bellibolt\n|-damage|p1a: Bellibolt|17/320\n|-start|p1a: Bellibolt|Charge|Earth Power|[from] ability: Electromorphosis\n|move|p1a: Bellibolt|Thunderbolt|p2a: Shaymin\n|-damage|p2a: Shaymin|0 fnt\n|faint|p2a: Shaymin\n|-end|p1a: Bellibolt|Charge|[silent]\n|\n|-heal|p1a: Bellibolt|37/320|[from] item: Leftovers\n|upkeep\n|-message|TrivagoGuy forfeited.\n|\n|win|Ascent-SG\n", "uploadtime": 1781409510, "views": 3, "formatid": "gen9randombattle", "rating": null, "private": 0, "password": null}