{"id": "gen9randombattle-2631523918", "format": "[Gen 9] Random Battle", "players": ["100taka", "pagenfranskane"], "log": "|j|\u2606100taka\n|j|\u2606pagenfranskane\n|t:|1781396350\n|gametype|singles\n|player|p1|100taka|265|1939\n|player|p2|pagenfranskane|battlegirl|2012\n|gen|9\n|tier|[Gen 9] Random Battle\n|rated|\n|rule|Species Clause: Limit one of each Pok\u00e9mon\n|rule|HP Percentage Mod: HP is shown in percentages\n|rule|Sleep Clause Mod: Limit one foe put to sleep\n|rule|Illusion Level Mod: Illusion disguises the Pok\u00e9mon's true level\n|\n|t:|1781396350\n|teamsize|p1|6\n|teamsize|p2|6\n|start\n|switch|p1a: Eternatus|Eternatus, L69|308/308\n|switch|p2a: Trevenant|Trevenant, L89, M|296/296\n|-ability|p1a: Eternatus|Pressure\n|turn|1\n|\n|t:|1781396368\n|move|p1a: Eternatus|Meteor Beam||[still]\n|-prepare|p1a: Eternatus|Meteor Beam\n|-boost|p1a: Eternatus|spa|1\n|-enditem|p1a: Eternatus|Power Herb\n|-anim|p1a: Eternatus|Meteor Beam|p2a: Trevenant\n|-damage|p2a: Trevenant|170/296\n|move|p2a: Trevenant|Will-O-Wisp|p1a: Eternatus\n|-status|p1a: Eternatus|brn\n|\n|-damage|p1a: Eternatus|289/308 brn|[from] brn\n|upkeep\n|turn|2\n|\n|t:|1781396375\n|switch|p2a: Magmortar|Magmortar, L88, F|275/275\n|move|p1a: Eternatus|Fire Blast|p2a: Magmortar\n|-resisted|p2a: Magmortar\n|-damage|p2a: Magmortar|226/275\n|\n|-damage|p1a: Eternatus|270/308 brn|[from] brn\n|upkeep\n|turn|3\n|\n|t:|1781396382\n|move|p1a: Eternatus|Sludge Bomb|p2a: Magmortar\n|-damage|p2a: Magmortar|112/275\n|move|p2a: Magmortar|Knock Off|p1a: Eternatus\n|-damage|p1a: Eternatus|211/308 brn\n|\n|-damage|p1a: Eternatus|192/308 brn|[from] brn\n|upkeep\n|turn|4\n|\n|t:|1781396388\n|move|p1a: Eternatus|Dynamax Cannon|p2a: Magmortar\n|-damage|p2a: Magmortar|0 fnt\n|faint|p2a: Magmortar\n|\n|-damage|p1a: Eternatus|173/308 brn|[from] brn\n|upkeep\n|\n|t:|1781396398\n|switch|p2a: Lapras|Lapras, L87, F|367/367\n|turn|5\n|\n|t:|1781396403\n|move|p1a: Eternatus|Sludge Bomb|p2a: Lapras\n|-damage|p2a: Lapras|235/367\n|-status|p2a: Lapras|psn\n|move|p2a: Lapras|Ice Beam|p1a: Eternatus\n|-supereffective|p1a: Eternatus\n|-crit|p1a: Eternatus\n|-damage|p1a: Eternatus|0 fnt\n|faint|p1a: Eternatus\n|\n|-damage|p2a: Lapras|190/367 psn|[from] psn\n|upkeep\n|\n|t:|1781396411\n|switch|p1a: Sneasler|Sneasler, L74, F|240/240\n|turn|6\n|\n|t:|1781396416\n|move|p1a: Sneasler|U-turn|p2a: Lapras\n|-damage|p2a: Lapras|114/367 psn\n|\n|t:|1781396421\n|switch|p1a: Flareon|Flareon, L90, M|263/263|[from] U-turn\n|move|p2a: Lapras|Ice Beam|p1a: Flareon\n|-resisted|p1a: Flareon\n|-damage|p1a: Flareon|205/263\n|-status|p1a: Flareon|frz\n|\n|-damage|p2a: Lapras|69/367 psn|[from] psn\n|upkeep\n|turn|7\n|\n|t:|1781396432\n|switch|p2a: Bisharp|Bisharp, L79, F|232/232\n|-curestatus|p1a: Flareon|frz|[from] move: Flare Blitz\n|move|p1a: Flareon|Flare Blitz|p2a: Bisharp\n|-supereffective|p2a: Bisharp\n|-damage|p2a: Bisharp|0 fnt\n|faint|p2a: Bisharp\n|-damage|p1a: Flareon|128/263|[from] Recoil\n|\n|-status|p1a: Flareon|tox|[from] item: Toxic Orb\n|upkeep\n|\n|t:|1781396437\n|switch|p2a: Greninja|Greninja, L80, M|246/246\n|turn|8\n|\n|t:|1781396442\n|switch|p1a: Phione|Phione, L91|293/293\n|move|p2a: Greninja|Gunk Shot|p1a: Phione|[miss]\n|-start|p2a: Greninja|typechange|Poison|[from] ability: Protean\n|-miss|p2a: Greninja|p1a: Phione\n|\n|upkeep\n|turn|9\n|\n|t:|1781396447\n|move|p2a: Greninja|U-turn|p1a: Phione\n|-damage|p1a: Phione|229/293\n|-damage|p2a: Greninja|222/246|[from] item: Life Orb\n|\n|t:|1781396449\n|switch|p2a: Lapras|Lapras, L87, F|69/367 psn|[from] U-turn\n|move|p1a: Phione|Scald|p2a: Lapras\n|-heal|p2a: Lapras|160/367 psn|[from] ability: Water Absorb|[of] p1a: Phione\n|\n|-heal|p1a: Phione|247/293|[from] item: Leftovers\n|-damage|p2a: Lapras|115/367 psn|[from] psn\n|upkeep\n|turn|10\n|\n|t:|1781396453\n|move|p1a: Phione|Rest|p1a: Phione\n|-status|p1a: Phione|slp|[from] move: Rest\n|-heal|p1a: Phione|293/293 slp|[silent]\n|move|p2a: Lapras|Freeze-Dry|p1a: Phione\n|-supereffective|p1a: Phione\n|-damage|p1a: Phione|87/293 slp\n|\n|-heal|p1a: Phione|105/293 slp|[from] item: Leftovers\n|-damage|p2a: Lapras|70/367 psn|[from] psn\n|upkeep\n|turn|11\n|inactive|Battle timer is ON: inactive players will automatically lose when time's up. (requested by pagenfranskane)\n|\n|t:|1781396460\n|cant|p1a: Phione|slp\n|move|p2a: Lapras|Freeze-Dry|p1a: Phione\n|-supereffective|p1a: Phione\n|-damage|p1a: Phione|0 fnt\n|faint|p1a: Phione\n|\n|-damage|p2a: Lapras|25/367 psn|[from] psn\n|upkeep\n|\n|t:|1781396462\n|switch|p1a: Flareon|Flareon, L90, M|128/263 tox\n|turn|12\n|\n|t:|1781396466\n|move|p1a: Flareon|Trailblaze|p2a: Lapras\n|-supereffective|p2a: Lapras\n|-damage|p2a: Lapras|0 fnt\n|-boost|p1a: Flareon|spe|1\n|faint|p2a: Lapras\n|\n|-damage|p1a: Flareon|112/263 tox|[from] psn\n|upkeep\n|\n|t:|1781396479\n|switch|p2a: Trevenant|Trevenant, L89, M|170/296\n|turn|13\n|\n|t:|1781396483\n|move|p1a: Flareon|Flare Blitz|p2a: Trevenant\n|-supereffective|p2a: Trevenant\n|-damage|p2a: Trevenant|0 fnt\n|faint|p2a: Trevenant\n|-damage|p1a: Flareon|56/263 tox|[from] Recoil\n|\n|-damage|p1a: Flareon|24/263 tox|[from] psn\n|upkeep\n|\n|t:|1781396493\n|switch|p2a: Greninja|Greninja, L80, M|222/246\n|turn|14\n|\n|t:|1781396496\n|move|p1a: Flareon|Facade|p2a: Greninja\n|-damage|p2a: Greninja|0 fnt\n|faint|p2a: Greninja\n|\n|-damage|p1a: Flareon|0 fnt|[from] psn\n|faint|p1a: Flareon\n|upkeep\n|\n|t:|1781396500\n|switch|p2a: Eternatus|Eternatus, L69|308/308\n|switch|p1a: Sneasler|Sneasler, L74, F|240/240\n|-ability|p2a: Eternatus|Pressure\n|turn|15\n|\n|t:|1781396509\n|move|p1a: Sneasler|Dire Claw|p2a: Eternatus\n|-resisted|p2a: Eternatus\n|-damage|p2a: Eternatus|242/308\n|-damage|p1a: Sneasler|200/240|[from] item: Rocky Helmet|[of] p2a: Eternatus\n|move|p2a: Eternatus|Dynamax Cannon|p1a: Sneasler\n|-damage|p1a: Sneasler|86/240\n|\n|upkeep\n|turn|16\n|\n|t:|1781396516\n|move|p1a: Sneasler|Dire Claw|p2a: Eternatus\n|-resisted|p2a: Eternatus\n|-damage|p2a: Eternatus|176/308\n|-damage|p1a: Sneasler|46/240|[from] item: Rocky Helmet|[of] p2a: Eternatus\n|move|p2a: Eternatus|Dynamax Cannon|p1a: Sneasler\n|-damage|p1a: Sneasler|0 fnt\n|faint|p1a: Sneasler\n|\n|upkeep\n|\n|t:|1781396527\n|switch|p1a: Quaquaval|Quaquaval, L79, M|264/264\n|turn|17\n|\n|t:|1781396536\n|move|p2a: Eternatus|Recover|p2a: Eternatus\n|-heal|p2a: Eternatus|308/308\n|move|p1a: Quaquaval|Aqua Step|p2a: Eternatus\n|-resisted|p2a: Eternatus\n|-damage|p2a: Eternatus|255/308\n|-boost|p1a: Quaquaval|spe|1\n|-damage|p1a: Quaquaval|220/264|[from] item: Rocky Helmet|[of] p2a: Eternatus\n|\n|-heal|p1a: Quaquaval|236/264|[from] item: Leftovers\n|upkeep\n|turn|18\n|\n|t:|1781396540\n|move|p1a: Quaquaval|Swords Dance|p1a: Quaquaval\n|-boost|p1a: Quaquaval|atk|2\n|move|p2a: Eternatus|Dynamax Cannon|p1a: Quaquaval\n|-damage|p1a: Quaquaval|118/264\n|\n|-heal|p1a: Quaquaval|134/264|[from] item: Leftovers\n|upkeep\n|turn|19\n|\n|t:|1781396546\n|-terastallize|p2a: Eternatus|Dragon\n|move|p1a: Quaquaval|Roost|p1a: Quaquaval\n|-heal|p1a: Quaquaval|264/264\n|-singleturn|p1a: Quaquaval|move: Roost\n|move|p2a: Eternatus|Dynamax Cannon|p1a: Quaquaval\n|-damage|p1a: Quaquaval|98/264\n|\n|-heal|p1a: Quaquaval|114/264|[from] item: Leftovers\n|upkeep\n|turn|20\n|\n|t:|1781396554\n|-terastallize|p1a: Quaquaval|Steel\n|move|p1a: Quaquaval|Roost|p1a: Quaquaval\n|-heal|p1a: Quaquaval|246/264\n|move|p2a: Eternatus|Dynamax Cannon|p1a: Quaquaval\n|-resisted|p1a: Quaquaval\n|-damage|p1a: Quaquaval|164/264\n|\n|-heal|p1a: Quaquaval|180/264|[from] item: Leftovers\n|upkeep\n|turn|21\n|\n|t:|1781396561\n|move|p1a: Quaquaval|Roost|p1a: Quaquaval\n|-heal|p1a: Quaquaval|264/264\n|move|p2a: Eternatus|Flamethrower|p1a: Quaquaval\n|-supereffective|p1a: Quaquaval\n|-damage|p1a: Quaquaval|120/264\n|\n|-heal|p1a: Quaquaval|136/264|[from] item: Leftovers\n|upkeep\n|turn|22\n|\n|t:|1781396569\n|move|p1a: Quaquaval|Close Combat|p2a: Eternatus\n|-damage|p2a: Eternatus|0 fnt\n|-unboost|p1a: Quaquaval|def|1\n|-unboost|p1a: Quaquaval|spd|1\n|-damage|p1a: Quaquaval|92/264|[from] item: Rocky Helmet|[of] p2a: Eternatus\n|faint|p2a: Eternatus\n|\n|win|100taka\n|raw|100taka's rating: 1939 &rarr; <strong>1963</strong><br />(+24 for winning)\n|raw|pagenfranskane's rating: 2012 &rarr; <strong>1988</strong><br />(-24 for losing)\n", "inputlog": ">version a8376a258c1d4662feba110a92103f3664a72141\n>start {\"formatid\":\"gen9randombattle\",\"seed\":\"sodium,70cb11809c9572e33b1fd9b58db6b441\",\"rated\":\"Rated battle\"}\n>player p1 {\"name\":\"100taka\",\"avatar\":\"265\",\"rating\":1939,\"seed\":\"sodium,b96d00bd514cb543e3548aa32601b210\"}\n>player p2 {\"name\":\"pagenfranskane\",\"avatar\":\"battlegirl\",\"rating\":2012,\"seed\":\"sodium,b060551b8261bacf3e8376b868867e43\"}\n>p1 move meteorbeam\n>p2 move willowisp\n>p1 move fireblast\n>p2 switch 4\n>p1 move sludgebomb\n>p2 move knockoff\n>p1 move dynamaxcannon\n>p2 move fireblast\n>p2 switch 2\n>p1 move sludgebomb\n>p2 move icebeam\n>p1 switch 3\n>p1 move uturn\n>p2 move icebeam\n>p1 switch 5\n>p1 move flareblitz\n>p2 switch 3\n>p2 switch 5\n>p1 switch 2\n>p2 move gunkshot\n>p1 move scald\n>p2 move uturn\n>p2 switch 3\n>p1 move rest\n>p2 move freezedry\n>p1 move rest\n>p2 move freezedry\n>p1 switch 2\n>p1 move trailblaze\n>p2 move freezedry\n>p2 switch 4\n>p1 move flareblitz\n>p2 move drainpunch\n>p2 switch 3\n>p1 move facade\n>p2 move uturn\n>p1 switch 5\n>p2 switch 6\n>p1 move direclaw\n>p2 move dynamaxcannon\n>p1 move direclaw\n>p2 move dynamaxcannon\n>p1 switch 4\n>p1 move aquastep\n>p2 move recover\n>p1 move swordsdance\n>p2 move dynamaxcannon\n>p1 move roost\n>p2 move dynamaxcannon terastallize\n>p1 move roost terastallize\n>p2 move dynamaxcannon\n>p1 move roost\n>p2 move flamethrower\n>p1 move closecombat\n>p2 move flamethrower", "uploadtime": 1781396351, "views": 7, "formatid": "gen9randombattle", "rating": 1963, "private": 0, "password": null}