{"id": "gen9randombattle-2631857007", "format": "[Gen 9] Random Battle", "players": ["meemsik", "mechroape"], "log": "|j|\u2606meemsik\n|j|\u2606mechroape\n|t:|1781448774\n|gametype|singles\n|player|p1|meemsik|2|1907\n|player|p2|mechroape|brycen|1966\n|gen|9\n|tier|[Gen 9] Random Battle\n|rated|\n|rule|Species Clause: Limit one of each Pok\u00e9mon\n|rule|HP Percentage Mod: HP is shown in percentages\n|rule|Sleep Clause Mod: Limit one foe put to sleep\n|rule|Illusion Level Mod: Illusion disguises the Pok\u00e9mon's true level\n|\n|t:|1781448774\n|teamsize|p1|6\n|teamsize|p2|6\n|start\n|switch|p1a: Shiftry|Shiftry, L89, M|305/305\n|switch|p2a: Whimsicott|Whimsicott, L84, M|238/238\n|turn|1\n|inactive|Battle timer is ON: inactive players will automatically lose when time's up. (requested by meemsik)\n|\n|t:|1781448783\n|switch|p1a: Magearna|Magearna-Original, L77|250/250\n|move|p2a: Whimsicott|U-turn|p1a: Magearna\n|-resisted|p1a: Magearna\n|-damage|p1a: Magearna|242/250\n|\n|t:|1781448791\n|switch|p2a: Dusknoir|Dusknoir, L89, F|225/225|[from] U-turn\n|-item|p1a: Magearna|Leftovers|[from] ability: Frisk|[of] p2a: Dusknoir\n|\n|-heal|p1a: Magearna|250/250|[from] item: Leftovers\n|upkeep\n|turn|2\n|\n|t:|1781448804\n|move|p1a: Magearna|Flash Cannon|p2a: Dusknoir\n|-damage|p2a: Dusknoir|167/225\n|move|p2a: Dusknoir|Will-O-Wisp|p1a: Magearna\n|-status|p1a: Magearna|brn\n|\n|-heal|p2a: Dusknoir|181/225|[from] item: Leftovers\n|-damage|p1a: Magearna|235/250 brn|[from] brn\n|upkeep\n|turn|3\n|\n|t:|1781448807\n|move|p1a: Magearna|Flash Cannon|p2a: Dusknoir\n|-damage|p2a: Dusknoir|124/225\n|move|p2a: Dusknoir|Poltergeist|p1a: Magearna\n|-activate|p1a: Magearna|move: Poltergeist|Leftovers\n|-damage|p1a: Magearna|120/250 brn\n|\n|-heal|p1a: Magearna|135/250 brn|[from] item: Leftovers\n|-heal|p2a: Dusknoir|138/225|[from] item: Leftovers\n|-damage|p1a: Magearna|120/250 brn|[from] brn\n|upkeep\n|turn|4\n|\n|t:|1781448816\n|switch|p2a: Skeledirge|Skeledirge, L79, F|294/294\n|move|p1a: Magearna|Fleur Cannon|p2a: Skeledirge\n|-resisted|p2a: Skeledirge\n|-damage|p2a: Skeledirge|213/294\n|-unboost|p1a: Magearna|spa|2\n|\n|-heal|p1a: Magearna|135/250 brn|[from] item: Leftovers\n|-damage|p1a: Magearna|120/250 brn|[from] brn\n|upkeep\n|turn|5\n|\n|t:|1781448827\n|switch|p1a: Hitmonlee|Hitmonlee, L85, M|224/224\n|move|p2a: Skeledirge|Flame Charge|p1a: Hitmonlee\n|-damage|p1a: Hitmonlee|169/224\n|-boost|p2a: Skeledirge|spe|1\n|\n|upkeep\n|turn|6\n|\n|t:|1781448835\n|switch|p2a: Whimsicott|Whimsicott, L84, M|238/238\n|move|p1a: Hitmonlee|Knock Off|p2a: Whimsicott\n|-resisted|p2a: Whimsicott\n|-damage|p2a: Whimsicott|197/238\n|-enditem|p2a: Whimsicott|Heavy-Duty Boots|[from] move: Knock Off|[of] p1a: Hitmonlee\n|\n|upkeep\n|turn|7\n|\n|t:|1781448842\n|move|p2a: Whimsicott|U-turn|p1a: Hitmonlee\n|-resisted|p1a: Hitmonlee\n|-damage|p1a: Hitmonlee|143/224\n|\n|t:|1781448847\n|switch|p2a: Dusknoir|Dusknoir, L89, F|138/225|[from] U-turn\n|-item|p1a: Hitmonlee|White Herb|[from] ability: Frisk|[of] p2a: Dusknoir\n|move|p1a: Hitmonlee|Close Combat|p2a: Dusknoir\n|-immune|p2a: Dusknoir\n|\n|-heal|p2a: Dusknoir|152/225|[from] item: Leftovers\n|upkeep\n|turn|8\n|\n|t:|1781448854\n|move|p1a: Hitmonlee|Knock Off|p2a: Dusknoir\n|-supereffective|p2a: Dusknoir\n|-damage|p2a: Dusknoir|46/225\n|-enditem|p2a: Dusknoir|Leftovers|[from] move: Knock Off|[of] p1a: Hitmonlee\n|move|p2a: Dusknoir|Poltergeist|p1a: Hitmonlee\n|-activate|p1a: Hitmonlee|move: Poltergeist|White Herb\n|-damage|p1a: Hitmonlee|0 fnt\n|faint|p1a: Hitmonlee\n|\n|upkeep\n|\n|t:|1781448866\n|switch|p1a: Magearna|Magearna-Original, L77|120/250 brn\n|turn|9\n|\n|t:|1781448871\n|move|p2a: Dusknoir|Shadow Sneak|p1a: Magearna\n|-damage|p1a: Magearna|77/250 brn\n|move|p1a: Magearna|Flash Cannon|p2a: Dusknoir\n|-damage|p2a: Dusknoir|0 fnt\n|faint|p2a: Dusknoir\n|-ability|p1a: Magearna|Soul-Heart|boost\n|-boost|p1a: Magearna|spa|1\n|\n|-heal|p1a: Magearna|92/250 brn|[from] item: Leftovers\n|-damage|p1a: Magearna|77/250 brn|[from] brn\n|upkeep\n|\n|t:|1781448877\n|switch|p2a: Skeledirge|Skeledirge, L79, F|213/294\n|turn|10\n|\n|t:|1781448896\n|-terastallize|p1a: Magearna|Fighting\n|move|p2a: Skeledirge|Torch Song|p1a: Magearna\n|-crit|p1a: Magearna\n|-damage|p1a: Magearna|0 fnt\n|-boost|p2a: Skeledirge|spa|1\n|faint|p1a: Magearna\n|\n|upkeep\n|c|\u2606mechroape|?\n|\n|t:|1781448909\n|switch|p1a: Mewtwo|Mewtwo, L72|272/272\n|-ability|p1a: Mewtwo|Unnerve\n|turn|11\n|\n|t:|1781448917\n|move|p1a: Mewtwo|Psystrike|p2a: Skeledirge\n|-damage|p2a: Skeledirge|79/294\n|-damage|p1a: Mewtwo|245/272|[from] item: Life Orb\n|move|p2a: Skeledirge|Shadow Ball|p1a: Mewtwo\n|-supereffective|p1a: Mewtwo\n|-damage|p1a: Mewtwo|0 fnt\n|faint|p1a: Mewtwo\n|\n|upkeep\n|\n|t:|1781448924\n|switch|p1a: Tornadus|Tornadus, L82, M|264/264\n|turn|12\n|\n|t:|1781448933\n|move|p1a: Tornadus|Bleakwind Storm|p2a: Skeledirge\n|-damage|p2a: Skeledirge|0 fnt\n|faint|p2a: Skeledirge\n|\n|upkeep\n|\n|t:|1781448937\n|switch|p2a: Noivern|Noivern, L82, M|274/274\n|turn|13\n|\n|t:|1781448944\n|switch|p1a: Shiftry|Shiftry, L89, M|305/305\n|move|p2a: Noivern|Boomburst|p1a: Shiftry\n|-damage|p1a: Shiftry|131/305\n|\n|upkeep\n|turn|14\n|\n|t:|1781448949\n|move|p2a: Noivern|Boomburst|p1a: Shiftry\n|-damage|p1a: Shiftry|0 fnt\n|faint|p1a: Shiftry\n|\n|upkeep\n|\n|t:|1781448955\n|switch|p1a: Ogerpon|Ogerpon, L80, F|259/259\n|turn|15\n|\n|t:|1781448962\n|move|p2a: Noivern|Boomburst|p1a: Ogerpon\n|-damage|p1a: Ogerpon|113/259\n|move|p1a: Ogerpon|Spikes|p2a: Noivern\n|-sidestart|p2: mechroape|Spikes\n|\n|upkeep\n|turn|16\n|\n|t:|1781448967\n|move|p2a: Noivern|Boomburst|p1a: Ogerpon\n|-damage|p1a: Ogerpon|0 fnt\n|faint|p1a: Ogerpon\n|\n|upkeep\n|\n|t:|1781448970\n|switch|p1a: Tornadus|Tornadus, L82, M|264/264\n|turn|17\n|\n|t:|1781448973\n|move|p2a: Noivern|Boomburst|p1a: Tornadus\n|-damage|p1a: Tornadus|114/264\n|move|p1a: Tornadus|Bleakwind Storm|p2a: Noivern|[miss]\n|-miss|p1a: Tornadus|p2a: Noivern\n|\n|upkeep\n|turn|18\n|\n|t:|1781448978\n|move|p2a: Noivern|Boomburst|p1a: Tornadus\n|-damage|p1a: Tornadus|0 fnt\n|faint|p1a: Tornadus\n|\n|win|mechroape\n", "inputlog": ">version a8376a258c1d4662feba110a92103f3664a72141\n>start {\"formatid\":\"gen9randombattle\",\"seed\":\"sodium,9859246ec5b5ae19df3e3ce46dee41aa\",\"rated\":\"Rated battle\"}\n>player p1 {\"name\":\"meemsik\",\"avatar\":\"2\",\"rating\":1907,\"seed\":\"sodium,209a66aef9c3b02e4676b5602861a188\"}\n>player p2 {\"name\":\"mechroape\",\"avatar\":\"brycen\",\"rating\":1966,\"seed\":\"sodium,4369bf34a8d0468145e51ea04a4f0005\"}\n>p1 switch 2\n>p2 move uturn\n>p2 switch 2\n>p1 move flashcannon\n>p2 move willowisp\n>p1 move flashcannon\n>p2 move poltergeist\n>p1 move fleurcannon\n>p2 switch 4\n>p1 switch 5\n>p2 move flamecharge\n>p1 move knockoff\n>p2 switch 2\n>p1 move closecombat\n>p2 move uturn\n>p2 switch 4\n>p1 move knockoff\n>p2 move poltergeist\n>p1 switch 5\n>p1 move flashcannon\n>p2 move shadowsneak\n>p2 switch 2\n>p1 move painsplit terastallize\n>p2 move torchsong\n>chat \u2606mechroape|?\n>p1 switch 3\n>p1 move psystrike\n>p2 move shadowball\n>p1 switch 6\n>p1 move bleakwindstorm\n>p2 move torchsong\n>p2 switch 6\n>p1 switch 2\n>p2 move boomburst\n>p1 move knockoff\n>p2 move boomburst\n>p1 switch 4\n>p1 move spikes\n>p2 move boomburst\n>p1 move spikes\n>p2 move boomburst\n>p1 switch 2\n>p1 move bleakwindstorm\n>p2 move boomburst\n>p1 move bleakwindstorm\n>p2 move boomburst", "uploadtime": 1781448778, "views": 5, "formatid": "gen9randombattle", "rating": null, "private": 0, "password": null}