{"id": "gen9randombattle-2631872520", "format": "[Gen 9] Random Battle", "players": ["YveltalNL", "ultipokemast"], "log": "|j|\u2606YveltalNL\n|j|\u2606ultipokemast\n|t:|1781450528\n|gametype|singles\n|player|p1|YveltalNL|#yveltalnl|2109\n|player|p2|ultipokemast|nessa-masters|2109\n|gen|9\n|tier|[Gen 9] Random Battle\n|rated|\n|rule|Species Clause: Limit one of each Pok\u00e9mon\n|rule|HP Percentage Mod: HP is shown in percentages\n|rule|Sleep Clause Mod: Limit one foe put to sleep\n|rule|Illusion Level Mod: Illusion disguises the Pok\u00e9mon's true level\n|\n|t:|1781450528\n|teamsize|p1|6\n|teamsize|p2|6\n|start\n|switch|p1a: Amoonguss|Amoonguss, L82, F|321/321\n|switch|p2a: Dipplin|Dipplin, L88, F|284/284\n|turn|1\n|inactive|Battle timer is ON: inactive players will automatically lose when time's up. (requested by ultipokemast)\n|\n|t:|1781450545\n|move|p2a: Dipplin|Dragon Pulse|p1a: Amoonguss\n|-damage|p1a: Amoonguss|222/321\n|move|p1a: Amoonguss|Sludge Bomb|p2a: Dipplin\n|-supereffective|p2a: Dipplin\n|-damage|p2a: Dipplin|158/284\n|-status|p2a: Dipplin|psn\n|\n|-damage|p2a: Dipplin|123/284 psn|[from] psn\n|upkeep\n|turn|2\n|\n|t:|1781450565\n|move|p2a: Dipplin|Dragon Pulse|p1a: Amoonguss\n|-damage|p1a: Amoonguss|107/321\n|move|p1a: Amoonguss|Spore|p2a: Dipplin\n|-immune|p2a: Dipplin\n|\n|-damage|p2a: Dipplin|88/284 psn|[from] psn\n|upkeep\n|turn|3\n|\n|t:|1781450572\n|switch|p1a: Mightyena|Mightyena, L96, F|290/290\n|-ability|p1a: Mightyena|Intimidate|boost\n|-unboost|p2a: Dipplin|atk|1\n|move|p2a: Dipplin|Dragon Pulse|p1a: Mightyena\n|-damage|p1a: Mightyena|211/290\n|\n|-damage|p2a: Dipplin|53/284 psn|[from] psn\n|upkeep\n|turn|4\n|\n|t:|1781450578\n|move|p1a: Mightyena|Play Rough|p2a: Dipplin\n|-supereffective|p2a: Dipplin\n|-damage|p2a: Dipplin|0 fnt\n|faint|p2a: Dipplin\n|\n|upkeep\n|\n|t:|1781450608\n|switch|p2a: Infernape|Infernape, L82, M|259/259\n|turn|5\n|\n|t:|1781450620\n|move|p2a: Infernape|Knock Off|p1a: Mightyena\n|-resisted|p1a: Mightyena\n|-damage|p1a: Mightyena|162/290\n|-enditem|p1a: Mightyena|Assault Vest|[from] move: Knock Off|[of] p2a: Infernape\n|-damage|p2a: Infernape|234/259|[from] item: Life Orb\n|move|p1a: Mightyena|Super Fang|p2a: Infernape\n|-damage|p2a: Infernape|117/259\n|\n|upkeep\n|turn|6\n|\n|t:|1781450627\n|switch|p1a: Amoonguss|Amoonguss, L82, F|214/321\n|move|p2a: Infernape|Overheat|p1a: Amoonguss\n|-supereffective|p1a: Amoonguss\n|-damage|p1a: Amoonguss|0 fnt\n|-unboost|p2a: Infernape|spa|2\n|faint|p1a: Amoonguss\n|-damage|p2a: Infernape|92/259|[from] item: Life Orb\n|\n|upkeep\n|\n|t:|1781450632\n|switch|p1a: Tatsugiri|Tatsugiri, L87, M|260/260\n|turn|7\n|\n|t:|1781450641\n|switch|p2a: Weezing|Weezing, L88, M|258/258\n|move|p1a: Tatsugiri|Hydro Pump|p2a: Weezing\n|-damage|p2a: Weezing|95/258\n|\n|-heal|p2a: Weezing|111/258|[from] item: Leftovers\n|upkeep\n|turn|8\n|\n|t:|1781450645\n|move|p1a: Tatsugiri|Hydro Pump|p2a: Weezing\n|-damage|p2a: Weezing|0 fnt\n|faint|p2a: Weezing\n|\n|upkeep\n|\n|t:|1781450663\n|switch|p2a: Dunsparce|Dunsparce, L86, M|312/312\n|turn|9\n|\n|t:|1781450680\n|switch|p1a: Mightyena|Mightyena, L96, F|162/290\n|-ability|p1a: Mightyena|Intimidate|boost\n|-unboost|p2a: Dunsparce|atk|1\n|move|p2a: Dunsparce|Body Slam|p1a: Mightyena\n|-damage|p1a: Mightyena|111/290\n|\n|upkeep\n|turn|10\n|\n|t:|1781450687\n|move|p1a: Mightyena|Poison Fang|p2a: Dunsparce\n|-damage|p2a: Dunsparce|280/312\n|-status|p2a: Dunsparce|tox\n|move|p2a: Dunsparce|Body Slam|p1a: Mightyena\n|-damage|p1a: Mightyena|56/290\n|-status|p1a: Mightyena|par\n|\n|-damage|p2a: Dunsparce|261/312 tox|[from] psn\n|upkeep\n|turn|11\n|\n|t:|1781450695\n|move|p2a: Dunsparce|Coil|p2a: Dunsparce\n|-boost|p2a: Dunsparce|atk|1\n|-boost|p2a: Dunsparce|def|1\n|-boost|p2a: Dunsparce|accuracy|1\n|move|p1a: Mightyena|Super Fang|p2a: Dunsparce\n|-damage|p2a: Dunsparce|131/312 tox\n|\n|-damage|p2a: Dunsparce|93/312 tox|[from] psn\n|upkeep\n|turn|12\n|\n|t:|1781450697\n|move|p2a: Dunsparce|Roost|p2a: Dunsparce\n|-heal|p2a: Dunsparce|249/312 tox\n|-singleturn|p2a: Dunsparce|move: Roost\n|move|p1a: Mightyena|Super Fang|p2a: Dunsparce|[miss]\n|-miss|p1a: Mightyena|p2a: Dunsparce\n|\n|-damage|p2a: Dunsparce|192/312 tox|[from] psn\n|upkeep\n|turn|13\n|\n|t:|1781450700\n|move|p2a: Dunsparce|Body Slam|p1a: Mightyena\n|-damage|p1a: Mightyena|0 fnt\n|faint|p1a: Mightyena\n|\n|-damage|p2a: Dunsparce|116/312 tox|[from] psn\n|upkeep\n|\n|t:|1781450703\n|switch|p1a: Typhlosion|Typhlosion, L84, M|267/267\n|turn|14\n|\n|t:|1781450711\n|move|p1a: Typhlosion|Fire Blast|p2a: Dunsparce\n|-crit|p2a: Dunsparce\n|-damage|p2a: Dunsparce|0 fnt\n|faint|p2a: Dunsparce\n|\n|upkeep\n|\n|t:|1781450722\n|switch|p2a: Infernape|Infernape, L82, M|92/259\n|turn|15\n|\n|t:|1781450726\n|move|p2a: Infernape|Stone Edge|p1a: Typhlosion\n|-supereffective|p1a: Typhlosion\n|-damage|p1a: Typhlosion|77/267\n|-damage|p2a: Infernape|67/259|[from] item: Life Orb\n|move|p1a: Typhlosion|Fire Blast|p2a: Infernape\n|-resisted|p2a: Infernape\n|-damage|p2a: Infernape|0 fnt\n|faint|p2a: Infernape\n|\n|upkeep\n|\n|t:|1781450738\n|switch|p2a: Kingdra|Kingdra, L84, F|263/263\n|turn|16\n|\n|t:|1781450749\n|switch|p1a: Arceus|Arceus-Grass, L73|296/296\n|move|p2a: Kingdra|Dragon Dance|p2a: Kingdra\n|-boost|p2a: Kingdra|atk|1\n|-boost|p2a: Kingdra|spe|1\n|\n|upkeep\n|turn|17\n|\n|t:|1781450762\n|move|p2a: Kingdra|Outrage|p1a: Arceus\n|-damage|p1a: Arceus|125/296\n|move|p1a: Arceus|Judgment|p2a: Kingdra\n|-damage|p2a: Kingdra|163/263\n|\n|upkeep\n|turn|18\n|\n|t:|1781450770\n|move|p2a: Kingdra|Outrage|p1a: Arceus|[from] lockedmove\n|-damage|p1a: Arceus|0 fnt\n|faint|p1a: Arceus\n|-start|p2a: Kingdra|confusion|[fatigue]\n|-enditem|p2a: Kingdra|Lum Berry|[eat]\n|-end|p2a: Kingdra|confusion\n|\n|upkeep\n|\n|t:|1781450774\n|switch|p1a: Tatsugiri|Tatsugiri, L87, M|260/260\n|turn|19\n|\n|t:|1781450791\n|-terastallize|p2a: Kingdra|Steel\n|-terastallize|p1a: Tatsugiri|Steel\n|move|p2a: Kingdra|Iron Head|p1a: Tatsugiri\n|-resisted|p1a: Tatsugiri\n|-damage|p1a: Tatsugiri|188/260\n|cant|p1a: Tatsugiri|flinch\n|\n|upkeep\n|turn|20\n|inactive|ultipokemast has 120 seconds left.\n|\n|t:|1781450817\n|move|p2a: Kingdra|Iron Head|p1a: Tatsugiri\n|-resisted|p1a: Tatsugiri\n|-damage|p1a: Tatsugiri|111/260\n|move|p1a: Tatsugiri|Rapid Spin|p2a: Kingdra\n|-resisted|p2a: Kingdra\n|-damage|p2a: Kingdra|151/263\n|-boost|p1a: Tatsugiri|spe|1\n|\n|upkeep\n|turn|21\n|\n|t:|1781450823\n|move|p1a: Tatsugiri|Hydro Pump|p2a: Kingdra\n|-crit|p2a: Kingdra\n|-damage|p2a: Kingdra|0 fnt\n|faint|p2a: Kingdra\n|\n|upkeep\n|\n|t:|1781450826\n|switch|p2a: Shiftry|Shiftry, L89, M|305/305\n|turn|22\n|\n|t:|1781450830\n|move|p1a: Tatsugiri|Draco Meteor|p2a: Shiftry\n|-damage|p2a: Shiftry|83/305\n|-unboost|p1a: Tatsugiri|spa|2\n|move|p2a: Shiftry|Tailwind|p2a: Shiftry\n|-sidestart|p2: ultipokemast|move: Tailwind\n|-ability|p2a: Shiftry|Wind Rider|boost\n|-boost|p2a: Shiftry|atk|1\n|\n|upkeep\n|turn|23\n|\n|t:|1781450844\n|move|p2a: Shiftry|Knock Off|p1a: Tatsugiri\n|-damage|p1a: Tatsugiri|0 fnt\n|-enditem|p1a: Tatsugiri|Heavy-Duty Boots|[from] move: Knock Off|[of] p2a: Shiftry\n|faint|p1a: Tatsugiri\n|-damage|p2a: Shiftry|53/305|[from] item: Life Orb\n|\n|upkeep\n|\n|t:|1781450851\n|switch|p1a: Volcarona|Volcarona, L77, M|257/257\n|turn|24\n|\n|t:|1781450857\n|move|p2a: Shiftry|Knock Off|p1a: Volcarona\n|-damage|p1a: Volcarona|0 fnt\n|-enditem|p1a: Volcarona|Heavy-Duty Boots|[from] move: Knock Off|[of] p2a: Shiftry\n|faint|p1a: Volcarona\n|-damage|p2a: Shiftry|23/305|[from] item: Life Orb\n|\n|upkeep\n|c|\u2606YveltalNL|frustrating\n|\n|t:|1781450866\n|switch|p1a: Typhlosion|Typhlosion, L84, M|77/267\n|turn|25\n|\n|t:|1781450869\n|move|p2a: Shiftry|Knock Off|p1a: Typhlosion\n|-damage|p1a: Typhlosion|0 fnt\n|-enditem|p1a: Typhlosion|Choice Specs|[from] move: Knock Off|[of] p2a: Shiftry\n|faint|p1a: Typhlosion\n|-damage|p2a: Shiftry|0 fnt|[from] item: Life Orb\n|faint|p2a: Shiftry\n|\n|win|ultipokemast\n", "inputlog": ">version a8376a258c1d4662feba110a92103f3664a72141\n>start {\"formatid\":\"gen9randombattle\",\"seed\":\"sodium,a1de6e467c518ed1ddeb3b7ed0a03b64\",\"rated\":\"Rated battle\"}\n>player p1 {\"name\":\"YveltalNL\",\"avatar\":\"#yveltalnl\",\"rating\":2109,\"seed\":\"sodium,88fa084f126c26c8bb319b73f0b9205e\"}\n>player p2 {\"name\":\"ultipokemast\",\"avatar\":\"nessa-masters\",\"rating\":2109,\"seed\":\"sodium,9fd2b793c6716f40df43c4ff81cc5058\"}\n>p1 move sludgebomb\n>p2 move dragonpulse\n>p1 move spore\n>p2 move dragonpulse\n>p1 switch 5\n>p2 move dragonpulse\n>p1 move playrough\n>p2 move recover\n>p2 switch 4\n>p1 move superfang\n>p2 move knockoff\n>p1 switch 5\n>p2 move overheat\n>p1 switch 4\n>p1 move hydropump\n>p2 switch 2\n>p1 move hydropump\n>p2 move painsplit\n>p2 switch 6\n>p1 switch 5\n>p2 move bodyslam\n>p1 move poisonfang\n>p2 move bodyslam\n>p1 move superfang\n>p2 move coil\n>p1 move superfang\n>p2 move roost\n>p1 move superfang\n>p2 move bodyslam\n>p1 switch 3\n>p1 move fireblast\n>p2 move bodyslam\n>p2 switch 2\n>p1 move fireblast\n>p2 move stoneedge\n>p2 switch 3\n>p1 switch 6\n>p2 move dragondance\n>p1 move judgment\n>p2 move outrage\n>p1 move judgment\n>p2 move outrage\n>p1 switch 5\n>p1 move rapidspin terastallize\n>p2 move ironhead terastallize\n>p1 move rapidspin\n>p2 move ironhead\n>p1 move hydropump\n>p2 move outrage\n>p2 switch 5\n>p1 move dracometeor\n>p2 move tailwind\n>p1 move dracometeor\n>p2 move knockoff\n>p1 switch 2\n>p1 move fierydance\n>p2 move knockoff\n>chat \u2606YveltalNL|frustrating\n>p1 switch 6\n>p1 move scorchingsands\n>p2 move knockoff", "uploadtime": 1781450530, "views": 5, "formatid": "gen9randombattle", "rating": null, "private": 0, "password": null}