{"id": "gen9randombattle-2631569673", "format": "[Gen 9] Random Battle", "players": ["bulrug", "whisperwyrm"], "log": "|j|\u203dbulrug\n|j|\u2606whisperwyrm\n|t:|1781402665\n|gametype|singles\n|player|p1|bulrug|burglar|2005\n|player|p2|whisperwyrm|170|2140\n|gen|9\n|tier|[Gen 9] Random Battle\n|rated|\n|rule|Species Clause: Limit one of each Pok\u00e9mon\n|rule|HP Percentage Mod: HP is shown in percentages\n|rule|Sleep Clause Mod: Limit one foe put to sleep\n|rule|Illusion Level Mod: Illusion disguises the Pok\u00e9mon's true level\n|\n|t:|1781402665\n|teamsize|p1|6\n|teamsize|p2|6\n|start\n|switch|p1a: Electivire|Electivire, L84, M|263/263\n|switch|p2a: Shiftry|Shiftry, L89, M|305/305\n|turn|1\n|inactive|Battle timer is ON: inactive players will automatically lose when time's up. (requested by whisperwyrm)\n|\n|t:|1781402673\n|move|p1a: Electivire|Bulk Up|p1a: Electivire\n|-boost|p1a: Electivire|atk|1\n|-boost|p1a: Electivire|def|1\n|move|p2a: Shiftry|Knock Off|p1a: Electivire\n|-damage|p1a: Electivire|146/263\n|-enditem|p1a: Electivire|Life Orb|[from] move: Knock Off|[of] p2a: Shiftry\n|-damage|p2a: Shiftry|275/305|[from] item: Life Orb\n|\n|upkeep\n|turn|2\n|\n|t:|1781402690\n|move|p2a: Shiftry|Sucker Punch|p1a: Electivire\n|-damage|p1a: Electivire|52/263\n|-damage|p2a: Shiftry|245/305|[from] item: Life Orb\n|move|p1a: Electivire|Ice Punch|p2a: Shiftry\n|-supereffective|p2a: Shiftry\n|-damage|p2a: Shiftry|13/305\n|\n|upkeep\n|turn|3\n|\n|t:|1781402695\n|move|p1a: Electivire|Earthquake|p2a: Shiftry\n|-resisted|p2a: Shiftry\n|-damage|p2a: Shiftry|0 fnt\n|faint|p2a: Shiftry\n|\n|upkeep\n|\n|t:|1781402704\n|switch|p2a: Masquerain|Masquerain, L87, M|264/264\n|-ability|p2a: Masquerain|Intimidate|boost\n|-unboost|p1a: Electivire|atk|1\n|turn|4\n|\n|t:|1781402710\n|switch|p2a: Dialga|Dialga, L73|266/266\n|-ability|p2a: Dialga|Pressure\n|move|p1a: Electivire|Ice Punch|p2a: Dialga\n|-damage|p2a: Dialga|209/266\n|\n|-heal|p2a: Dialga|225/266|[from] item: Leftovers\n|upkeep\n|turn|5\n|\n|t:|1781402718\n|switch|p2a: Masquerain|Masquerain, L87, M|264/264\n|-ability|p2a: Masquerain|Intimidate|boost\n|-unboost|p1a: Electivire|atk|1\n|move|p1a: Electivire|Earthquake|p2a: Masquerain\n|-immune|p2a: Masquerain\n|\n|upkeep\n|turn|6\n|\n|t:|1781402726\n|move|p1a: Electivire|Bulk Up|p1a: Electivire\n|-boost|p1a: Electivire|atk|1\n|-boost|p1a: Electivire|def|1\n|move|p2a: Masquerain|Sticky Web|p1a: Electivire\n|-sidestart|p1: bulrug|move: Sticky Web\n|\n|upkeep\n|turn|7\n|\n|t:|1781402728\n|move|p1a: Electivire|Supercell Slam|p2a: Masquerain\n|-supereffective|p2a: Masquerain\n|-crit|p2a: Masquerain\n|-damage|p2a: Masquerain|0 fnt\n|faint|p2a: Masquerain\n|\n|upkeep\n|\n|t:|1781402745\n|switch|p2a: Sandslash|Sandslash-Alola, L88, M|275/275\n|turn|8\n|\n|t:|1781402751\n|move|p1a: Electivire|Earthquake|p2a: Sandslash\n|-supereffective|p2a: Sandslash\n|-damage|p2a: Sandslash|149/275\n|move|p2a: Sandslash|Triple Axel|p1a: Electivire\n|-damage|p1a: Electivire|37/263\n|-damage|p1a: Electivire|10/263\n|-damage|p1a: Electivire|0 fnt\n|faint|p1a: Electivire\n|-hitcount|p1: Electivire|3\n|\n|upkeep\n|\n|t:|1781402755\n|switch|p1a: Entei|Entei, L78|307/307\n|-activate|p1a: Entei|move: Sticky Web\n|-unboost|p1a: Entei|spe|1\n|turn|9\n|\n|t:|1781402761\n|move|p2a: Sandslash|Knock Off|p1a: Entei\n|-damage|p1a: Entei|219/307\n|-enditem|p1a: Entei|Choice Band|[from] move: Knock Off|[of] p2a: Sandslash\n|move|p1a: Entei|Flare Blitz|p2a: Sandslash\n|-supereffective|p2a: Sandslash\n|-damage|p2a: Sandslash|0 fnt\n|faint|p2a: Sandslash\n|-damage|p1a: Entei|170/307|[from] Recoil\n|\n|upkeep\n|\n|t:|1781402767\n|switch|p2a: Vaporeon|Vaporeon, L86, M|364/364\n|turn|10\n|\n|t:|1781402776\n|move|p2a: Vaporeon|Scald|p1a: Entei\n|-supereffective|p1a: Entei\n|-damage|p1a: Entei|0 fnt\n|faint|p1a: Entei\n|\n|upkeep\n|\n|t:|1781402780\n|switch|p1a: Toucannon|Toucannon, L88, M|284/284\n|turn|11\n|\n|t:|1781402783\n|move|p2a: Vaporeon|Scald|p1a: Toucannon\n|-damage|p1a: Toucannon|173/284\n|move|p1a: Toucannon|Bullet Seed|p2a: Vaporeon\n|-supereffective|p2a: Vaporeon\n|-damage|p2a: Vaporeon|304/364\n|-supereffective|p2a: Vaporeon\n|-damage|p2a: Vaporeon|240/364\n|-supereffective|p2a: Vaporeon\n|-damage|p2a: Vaporeon|178/364\n|-supereffective|p2a: Vaporeon\n|-crit|p2a: Vaporeon\n|-damage|p2a: Vaporeon|82/364\n|-supereffective|p2a: Vaporeon\n|-damage|p2a: Vaporeon|24/364\n|-hitcount|p2a: Vaporeon|5\n|\n|-heal|p2a: Vaporeon|46/364|[from] item: Leftovers\n|upkeep\n|turn|12\n|\n|t:|1781402792\n|move|p2a: Vaporeon|Scald|p1a: Toucannon\n|-damage|p1a: Toucannon|73/284\n|-status|p1a: Toucannon|brn\n|move|p1a: Toucannon|Boomburst|p2a: Vaporeon\n|-damage|p2a: Vaporeon|0 fnt\n|faint|p2a: Vaporeon\n|\n|-damage|p1a: Toucannon|56/284 brn|[from] brn\n|upkeep\n|\n|t:|1781402799\n|switch|p2a: Dialga|Dialga, L73|225/266\n|-ability|p2a: Dialga|Pressure\n|turn|13\n|\n|t:|1781402803\n|-singleturn|p1a: Toucannon|move: Beak Blast\n|move|p2a: Dialga|Fire Blast|p1a: Toucannon\n|-damage|p1a: Toucannon|0 fnt\n|faint|p1a: Toucannon\n|\n|-heal|p2a: Dialga|241/266|[from] item: Leftovers\n|upkeep\n|\n|t:|1781402811\n|switch|p1a: Annihilape|Annihilape, L76, F|292/292\n|-activate|p1a: Annihilape|move: Sticky Web\n|-unboost|p1a: Annihilape|spe|1\n|-ability|p1a: Annihilape|Defiant|boost\n|-boost|p1a: Annihilape|atk|2\n|turn|14\n|\n|t:|1781402819\n|switch|p2a: Flamigo|Flamigo, L82, F|269/269\n|move|p1a: Annihilape|Drain Punch|p2a: Flamigo\n|-resisted|p2a: Flamigo\n|-damage|p2a: Flamigo|182/269\n|\n|upkeep\n|turn|15\n|\n|t:|1781402830\n|switch|p1a: Dragonite|Dragonite, L74, M|257/257\n|move|p2a: Flamigo|Brave Bird|p1a: Dragonite\n|-damage|p1a: Dragonite|151/257\n|-damage|p2a: Flamigo|147/269|[from] Recoil\n|\n|upkeep\n|turn|16\n|\n|t:|1781402836\n|move|p2a: Flamigo|Brave Bird|p1a: Dragonite\n|-damage|p1a: Dragonite|0 fnt\n|faint|p1a: Dragonite\n|-damage|p2a: Flamigo|97/269|[from] Recoil\n|\n|upkeep\n|\n|t:|1781402838\n|switch|p1a: Feraligatr|Feraligatr, L79, M|264/264\n|-activate|p1a: Feraligatr|move: Sticky Web\n|-unboost|p1a: Feraligatr|spe|1\n|turn|17\n|\n|t:|1781402844\n|switch|p2a: Dialga|Dialga, L73|241/266\n|-ability|p2a: Dialga|Pressure\n|move|p1a: Feraligatr|Liquidation|p2a: Dialga\n|-resisted|p2a: Dialga\n|-damage|p2a: Dialga|179/266\n|\n|-heal|p2a: Dialga|195/266|[from] item: Leftovers\n|upkeep\n|turn|18\n|\n|t:|1781402847\n|move|p2a: Dialga|Thunder Wave|p1a: Feraligatr|[miss]\n|-miss|p2a: Dialga|p1a: Feraligatr\n|move|p1a: Feraligatr|Dragon Dance|p1a: Feraligatr\n|-boost|p1a: Feraligatr|atk|1\n|-boost|p1a: Feraligatr|spe|1\n|\n|-heal|p2a: Dialga|211/266|[from] item: Leftovers\n|upkeep\n|turn|19\n|\n|t:|1781402853\n|move|p2a: Dialga|Thunder Wave|p1a: Feraligatr\n|-status|p1a: Feraligatr|par\n|cant|p1a: Feraligatr|par\n|\n|-heal|p2a: Dialga|227/266|[from] item: Leftovers\n|upkeep\n|turn|20\n|\n|t:|1781402857\n|move|p2a: Dialga|Draco Meteor|p1a: Feraligatr\n|-damage|p1a: Feraligatr|87/264 par\n|-unboost|p2a: Dialga|spa|2\n|move|p1a: Feraligatr|Ice Punch|p2a: Dialga\n|-damage|p2a: Dialga|106/266\n|\n|-heal|p2a: Dialga|122/266|[from] item: Leftovers\n|upkeep\n|turn|21\n|\n|t:|1781402861\n|move|p2a: Dialga|Heavy Slam|p1a: Feraligatr\n|-resisted|p1a: Feraligatr\n|-damage|p1a: Feraligatr|30/264 par\n|move|p1a: Feraligatr|Ice Punch|p2a: Dialga\n|-damage|p2a: Dialga|10/266\n|\n|-heal|p2a: Dialga|26/266|[from] item: Leftovers\n|upkeep\n|turn|22\n|\n|t:|1781402864\n|move|p2a: Dialga|Heavy Slam|p1a: Feraligatr\n|-resisted|p1a: Feraligatr\n|-damage|p1a: Feraligatr|0 fnt\n|faint|p1a: Feraligatr\n|\n|-heal|p2a: Dialga|42/266|[from] item: Leftovers\n|upkeep\n|\n|t:|1781402866\n|switch|p1a: Annihilape|Annihilape, L76, F|292/292\n|-activate|p1a: Annihilape|move: Sticky Web\n|-unboost|p1a: Annihilape|spe|1\n|-ability|p1a: Annihilape|Defiant|boost\n|-boost|p1a: Annihilape|atk|2\n|turn|23\n|\n|t:|1781402873\n|-terastallize|p2a: Dialga|Steel\n|move|p2a: Dialga|Heavy Slam|p1a: Annihilape\n|-damage|p1a: Annihilape|110/292\n|move|p1a: Annihilape|Drain Punch|p2a: Dialga\n|-supereffective|p2a: Dialga\n|-damage|p2a: Dialga|0 fnt\n|-heal|p1a: Annihilape|131/292|[from] drain|[of] p2a: Dialga\n|faint|p2a: Dialga\n|\n|upkeep\n|\n|t:|1781402877\n|switch|p2a: Flamigo|Flamigo, L82, F|97/269\n|turn|24\n|\n|t:|1781402881\n|-terastallize|p1a: Annihilape|Steel\n|move|p2a: Flamigo|Close Combat|p1a: Annihilape\n|-supereffective|p1a: Annihilape\n|-damage|p1a: Annihilape|0 fnt\n|-unboost|p2a: Flamigo|def|1\n|-unboost|p2a: Flamigo|spd|1\n|faint|p1a: Annihilape\n|\n|win|whisperwyrm\n", "inputlog": ">version a8376a258c1d4662feba110a92103f3664a72141\n>start {\"formatid\":\"gen9randombattle\",\"seed\":\"sodium,c988eb6ddd942144029b383fb7df6d7d\",\"rated\":\"Rated battle\"}\n>player p1 {\"name\":\"bulrug\",\"avatar\":\"burglar\",\"rating\":2005,\"seed\":\"sodium,5f088bbb7c94ea2ff95a69bf2d5d879f\"}\n>player p2 {\"name\":\"whisperwyrm\",\"avatar\":\"170\",\"rating\":2140,\"seed\":\"sodium,a46cb209d7af95cb40b8ed7292593546\"}\n>p1 move bulkup\n>p2 move knockoff\n>p1 move icepunch\n>p2 move suckerpunch\n>p1 move earthquake\n>p2 move leafblade\n>p2 switch 2\n>p1 move icepunch\n>p2 switch 4\n>p1 move earthquake\n>p2 switch 4\n>p1 move bulkup\n>p2 move stickyweb\n>p1 move supercellslam\n>p2 move bugbuzz\n>p2 switch 6\n>p1 move earthquake\n>p2 move tripleaxel\n>p1 switch 3\n>p1 move flareblitz\n>p2 move knockoff\n>p2 switch 3\n>p1 move sacredfire\n>p2 move scald\n>p1 switch 2\n>p1 move bulletseed\n>p2 move scald\n>p1 move boomburst\n>p2 move scald\n>p2 switch 4\n>p1 move beakblast\n>p2 move fireblast\n>p1 switch 5\n>p1 move drainpunch\n>p2 switch 5\n>p1 switch 4\n>p2 move bravebird\n>p1 move dragondance\n>p2 move bravebird\n>p1 switch 6\n>p1 move liquidation\n>p2 switch 5\n>p1 move dragondance\n>p2 move thunderwave\n>p1 move dragondance\n>p2 move thunderwave\n>p1 move icepunch\n>p2 move dracometeor\n>p1 move icepunch\n>p2 move heavyslam\n>p1 move icepunch\n>p2 move heavyslam\n>p1 switch 4\n>p1 move drainpunch\n>p2 move heavyslam terastallize\n>p2 switch 5\n>p1 move ragefist terastallize\n>p2 move closecombat", "uploadtime": 1781402667, "views": 5, "formatid": "gen9randombattle", "rating": null, "private": 0, "password": null}