{"id": "gen9randombattle-2631922888", "format": "[Gen 9] Random Battle", "players": ["schleeby", "balilou"], "log": "|j|\u2606schleeby\n|j|\u2606balilou\n|t:|1781456015\n|gametype|singles\n|player|p1|schleeby|rosa|2004\n|player|p2|balilou|101|1995\n|gen|9\n|tier|[Gen 9] Random Battle\n|rated|\n|rule|Species Clause: Limit one of each Pok\u00e9mon\n|rule|HP Percentage Mod: HP is shown in percentages\n|rule|Sleep Clause Mod: Limit one foe put to sleep\n|rule|Illusion Level Mod: Illusion disguises the Pok\u00e9mon's true level\n|\n|t:|1781456015\n|teamsize|p1|6\n|teamsize|p2|6\n|start\n|switch|p1a: Breloom|Breloom, L83, M|235/235\n|switch|p2a: Keldeo|Keldeo-Resolute, L79|273/273\n|turn|1\n|\n|t:|1781456029\n|move|p2a: Keldeo|Air Slash|p1a: Breloom\n|-supereffective|p1a: Breloom\n|-damage|p1a: Breloom|0 fnt\n|faint|p1a: Breloom\n|-damage|p2a: Keldeo|246/273|[from] item: Life Orb\n|\n|upkeep\n|\n|t:|1781456039\n|switch|p1a: Lycanroc|Lycanroc-Dusk, L81, F|254/254\n|turn|2\n|\n|t:|1781456045\n|move|p1a: Lycanroc|Psychic Fangs|p2a: Keldeo\n|-supereffective|p2a: Keldeo\n|-damage|p2a: Keldeo|0 fnt\n|faint|p2a: Keldeo\n|\n|upkeep\n|\n|t:|1781456049\n|switch|p2a: Ting-Lu|Ting-Lu, L78|370/370\n|-ability|p2a: Ting-Lu|Vessel of Ruin\n|turn|3\n|\n|t:|1781456053\n|switch|p1a: Hatterene|Hatterene, L85, F|236/236\n|move|p2a: Ting-Lu|Stealth Rock|p1a: Hatterene\n|move|p1a: Hatterene|Stealth Rock|p2a: Ting-Lu|[from] ability: Magic Bounce\n|-sidestart|p2: balilou|move: Stealth Rock\n|\n|upkeep\n|turn|4\n|\n|t:|1781456065\n|switch|p2a: Komala|Komala, L88, M|258/258\n|-damage|p2a: Komala|226/258|[from] Stealth Rock\n|-ability|p2a: Komala|Comatose\n|switch|p1a: Sawsbuck|Sawsbuck-Summer, L88, M|284/284\n|\n|upkeep\n|turn|5\n|\n|t:|1781456071\n|move|p1a: Sawsbuck|Swords Dance|p1a: Sawsbuck\n|-boost|p1a: Sawsbuck|atk|2\n|move|p2a: Komala|Body Slam|p1a: Sawsbuck\n|-damage|p1a: Sawsbuck|152/284\n|\n|upkeep\n|turn|6\n|\n|t:|1781456077\n|switch|p2a: Masquerain|Masquerain, L87, M|264/264\n|-ability|p2a: Masquerain|Intimidate|boost\n|-unboost|p1a: Sawsbuck|atk|1\n|move|p1a: Sawsbuck|Horn Leech|p2a: Masquerain\n|-resisted|p2a: Masquerain\n|-damage|p2a: Masquerain|206/264\n|-heal|p1a: Sawsbuck|181/284|[from] drain|[of] p2a: Masquerain\n|-damage|p1a: Sawsbuck|153/284|[from] item: Life Orb\n|\n|upkeep\n|turn|7\n|\n|t:|1781456092\n|switch|p2a: Ting-Lu|Ting-Lu, L78|370/370\n|-damage|p2a: Ting-Lu|347/370|[from] Stealth Rock\n|-ability|p2a: Ting-Lu|Vessel of Ruin\n|move|p1a: Sawsbuck|Headbutt|p2a: Ting-Lu\n|-damage|p2a: Ting-Lu|209/370\n|-damage|p1a: Sawsbuck|125/284|[from] item: Life Orb\n|\n|-heal|p2a: Ting-Lu|232/370|[from] item: Leftovers\n|upkeep\n|turn|8\n|\n|t:|1781456099\n|move|p1a: Sawsbuck|Headbutt|p2a: Ting-Lu\n|-damage|p2a: Ting-Lu|96/370\n|-damage|p1a: Sawsbuck|97/284|[from] item: Life Orb\n|cant|p2a: Ting-Lu|flinch\n|\n|-heal|p2a: Ting-Lu|119/370|[from] item: Leftovers\n|upkeep\n|turn|9\n|\n|t:|1781456103\n|switch|p2a: Masquerain|Masquerain, L87, M|206/264\n|-ability|p2a: Masquerain|Intimidate|boost\n|-unboost|p1a: Sawsbuck|atk|1\n|move|p1a: Sawsbuck|Horn Leech|p2a: Masquerain\n|-resisted|p2a: Masquerain\n|-damage|p2a: Masquerain|170/264\n|-heal|p1a: Sawsbuck|115/284|[from] drain|[of] p2a: Masquerain\n|-damage|p1a: Sawsbuck|87/284|[from] item: Life Orb\n|\n|upkeep\n|turn|10\n|\n|t:|1781456109\n|move|p1a: Sawsbuck|Headbutt|p2a: Masquerain\n|-damage|p2a: Masquerain|41/264\n|-damage|p1a: Sawsbuck|59/284|[from] item: Life Orb\n|cant|p2a: Masquerain|flinch\n|\n|upkeep\n|turn|11\n|\n|t:|1781456115\n|switch|p2a: Ting-Lu|Ting-Lu, L78|119/370\n|-damage|p2a: Ting-Lu|96/370|[from] Stealth Rock\n|-ability|p2a: Ting-Lu|Vessel of Ruin\n|move|p1a: Sawsbuck|Headbutt|p2a: Ting-Lu\n|-damage|p2a: Ting-Lu|9/370\n|-damage|p1a: Sawsbuck|31/284|[from] item: Life Orb\n|\n|-heal|p2a: Ting-Lu|32/370|[from] item: Leftovers\n|upkeep\n|turn|12\n|\n|t:|1781456120\n|move|p1a: Sawsbuck|Headbutt|p2a: Ting-Lu\n|-damage|p2a: Ting-Lu|0 fnt\n|faint|p2a: Ting-Lu\n|-damage|p1a: Sawsbuck|3/284|[from] item: Life Orb\n|\n|upkeep\n|\n|t:|1781456128\n|switch|p2a: Komala|Komala, L88, M|226/258\n|-damage|p2a: Komala|194/258|[from] Stealth Rock\n|-ability|p2a: Komala|Comatose\n|turn|13\n|\n|t:|1781456139\n|-terastallize|p2a: Komala|Ghost\n|move|p1a: Sawsbuck|Headbutt|p2a: Komala\n|-immune|p2a: Komala\n|move|p2a: Komala|Rapid Spin|p1a: Sawsbuck\n|-damage|p1a: Sawsbuck|0 fnt\n|-boost|p2a: Komala|spe|1\n|-sideend|p2: balilou|Stealth Rock|[from] move: Rapid Spin|[of] p2a: Komala\n|faint|p1a: Sawsbuck\n|\n|upkeep\n|\n|t:|1781456150\n|switch|p1a: Lycanroc|Lycanroc-Dusk, L81, F|254/254\n|turn|14\n|\n|t:|1781456154\n|move|p2a: Komala|Earthquake|p1a: Lycanroc\n|-supereffective|p1a: Lycanroc\n|-damage|p1a: Lycanroc|28/254\n|move|p1a: Lycanroc|Stone Edge|p2a: Komala\n|-damage|p2a: Komala|0 fnt\n|faint|p2a: Komala\n|\n|upkeep\n|\n|t:|1781456161\n|switch|p2a: Porygon2|Porygon2, L81|270/270\n|-ability|p2a: Porygon2|Download|boost\n|-boost|p2a: Porygon2|spa|1\n|turn|15\n|\n|t:|1781456165\n|switch|p1a: Raging Bolt|Raging Bolt, L78|323/323\n|move|p2a: Porygon2|Tera Blast|p1a: Raging Bolt\n|-damage|p1a: Raging Bolt|230/323\n|\n|upkeep\n|turn|16\n|\n|t:|1781456170\n|move|p1a: Raging Bolt|Volt Switch|p2a: Porygon2\n|-damage|p2a: Porygon2|212/270\n|\n|t:|1781456172\n|-end|p1a: Raging Bolt|Protosynthesis|[silent]\n|switch|p1a: Hatterene|Hatterene, L85, F|236/236|[from] Volt Switch\n|move|p2a: Porygon2|Tera Blast|p1a: Hatterene\n|-damage|p1a: Hatterene|163/236\n|\n|upkeep\n|turn|17\n|\n|t:|1781456175\n|move|p2a: Porygon2|Shadow Ball|p1a: Hatterene\n|-supereffective|p1a: Hatterene\n|-damage|p1a: Hatterene|57/236\n|-unboost|p1a: Hatterene|spd|1\n|move|p1a: Hatterene|Nuzzle|p2a: Porygon2\n|-damage|p2a: Porygon2|201/270\n|-status|p2a: Porygon2|par\n|\n|upkeep\n|turn|18\n|\n|t:|1781456179\n|move|p1a: Hatterene|Psychic Noise|p2a: Porygon2\n|-damage|p2a: Porygon2|135/270 par\n|-start|p2a: Porygon2|move: Heal Block\n|move|p2a: Porygon2|Shadow Ball|p1a: Hatterene\n|-supereffective|p1a: Hatterene\n|-damage|p1a: Hatterene|0 fnt\n|faint|p1a: Hatterene\n|\n|upkeep\n|\n|t:|1781456184\n|switch|p1a: Sneasler|Sneasler, L74, F|240/240\n|turn|19\n|\n|t:|1781456187\n|move|p1a: Sneasler|Swords Dance|p1a: Sneasler\n|-boost|p1a: Sneasler|atk|2\n|move|p2a: Porygon2|Thunder Wave|p1a: Sneasler\n|-status|p1a: Sneasler|par\n|\n|-end|p2a: Porygon2|move: Heal Block\n|upkeep\n|turn|20\n|\n|t:|1781456197\n|cant|p1a: Sneasler|par\n|move|p2a: Porygon2|Tera Blast|p1a: Sneasler\n|-damage|p1a: Sneasler|98/240 par\n|\n|upkeep\n|turn|21\n|\n|t:|1781456202\n|move|p1a: Sneasler|Close Combat|p2a: Porygon2\n|-supereffective|p2a: Porygon2\n|-damage|p2a: Porygon2|0 fnt\n|-unboost|p1a: Sneasler|def|1\n|-unboost|p1a: Sneasler|spd|1\n|faint|p2a: Porygon2\n|-enditem|p1a: Sneasler|White Herb\n|-clearnegativeboost|p1a: Sneasler|[silent]\n|\n|upkeep\n|\n|t:|1781456208\n|switch|p2a: Volcanion|Volcanion, L79|256/256\n|turn|22\n|\n|t:|1781456220\n|move|p1a: Sneasler|Close Combat|p2a: Volcanion\n|-damage|p2a: Volcanion|31/256\n|-unboost|p1a: Sneasler|def|1\n|-unboost|p1a: Sneasler|spd|1\n|move|p2a: Volcanion|Steam Eruption|p1a: Sneasler\n|-damage|p1a: Sneasler|0 fnt\n|faint|p1a: Sneasler\n|\n|upkeep\n|\n|t:|1781456227\n|switch|p1a: Raging Bolt|Raging Bolt, L78|230/323\n|turn|23\n|\n|t:|1781456231\n|move|p1a: Raging Bolt|Discharge|p2a: Volcanion\n|-supereffective|p2a: Volcanion\n|-damage|p2a: Volcanion|0 fnt\n|faint|p2a: Volcanion\n|\n|upkeep\n|\n|t:|1781456232\n|switch|p2a: Masquerain|Masquerain, L87, M|41/264\n|-ability|p2a: Masquerain|Intimidate|boost\n|-unboost|p1a: Raging Bolt|atk|1\n|turn|24\n|\n|t:|1781456235\n|move|p2a: Masquerain|Bug Buzz|p1a: Raging Bolt\n|-damage|p1a: Raging Bolt|149/323\n|move|p1a: Raging Bolt|Discharge|p2a: Masquerain\n|-supereffective|p2a: Masquerain\n|-damage|p2a: Masquerain|0 fnt\n|faint|p2a: Masquerain\n|\n|win|schleeby\n", "inputlog": ">version a8376a258c1d4662feba110a92103f3664a72141\n>start {\"formatid\":\"gen9randombattle\",\"seed\":\"sodium,e80aa3ce011c86d2b736ddf0c8dd94f6\",\"rated\":\"Rated battle\"}\n>player p1 {\"name\":\"schleeby\",\"avatar\":\"rosa\",\"rating\":2004,\"seed\":\"sodium,6fd380681fd0d22cf8ada88e594dacb3\"}\n>player p2 {\"name\":\"balilou\",\"avatar\":\"101\",\"rating\":1995,\"seed\":\"sodium,f6945dec8e8c14bb71b0da28d72ef9ed\"}\n>p1 move bulletseed\n>p2 move airslash\n>p1 switch 6\n>p1 move psychicfangs\n>p2 move hydropump\n>p2 switch 3\n>p1 switch 5\n>p2 move stealthrock\n>p1 switch 3\n>p2 switch 2\n>p1 move swordsdance\n>p2 move bodyslam\n>p1 move hornleech\n>p2 switch 5\n>p1 move headbutt\n>p2 switch 2\n>p1 move headbutt\n>p2 move ruination\n>p1 move hornleech\n>p2 switch 2\n>p1 move headbutt\n>p2 move stickyweb\n>p1 move headbutt\n>p2 switch 2\n>p1 move headbutt\n>p2 move payback\n>p2 switch 5\n>p1 move headbutt\n>p2 move rapidspin terastallize\n>p1 switch 5\n>p1 move stoneedge\n>p2 move earthquake\n>p2 switch 4\n>p1 switch 2\n>p2 move terablast\n>p1 move voltswitch\n>p2 move terablast\n>p1 switch 3\n>p1 move nuzzle\n>p2 move shadowball\n>p1 move psychicnoise\n>p2 move shadowball\n>p1 switch 4\n>p1 move swordsdance\n>p2 move thunderwave\n>p1 move closecombat\n>p2 move terablast\n>p1 move closecombat\n>p2 move terablast\n>p2 switch 6\n>p1 move closecombat\n>p2 move steameruption\n>p1 switch 3\n>p1 move discharge\n>p2 move steameruption\n>p2 switch 2\n>p1 move discharge\n>p2 move bugbuzz", "uploadtime": 1781456018, "views": 8, "formatid": "gen9randombattle", "rating": null, "private": 0, "password": null}