{"id": "gen9randombattle-2631380649", "format": "[Gen 9] Random Battle", "players": ["Dannymcq", "vogabal"], "log": "|j|\u2606Dannymcq\n|j|\u2606vogabal\n|t:|1781377863\n|gametype|singles\n|player|p1|Dannymcq|170|1966\n|player|p2|vogabal|2|2018\n|gen|9\n|tier|[Gen 9] Random Battle\n|rated|\n|rule|Species Clause: Limit one of each Pok\u00e9mon\n|rule|HP Percentage Mod: HP is shown in percentages\n|rule|Sleep Clause Mod: Limit one foe put to sleep\n|rule|Illusion Level Mod: Illusion disguises the Pok\u00e9mon's true level\n|\n|t:|1781377863\n|teamsize|p1|6\n|teamsize|p2|6\n|start\n|switch|p1a: Jolteon|Jolteon, L84, F|246/246\n|switch|p2a: Azelf|Azelf, L82|257/257\n|turn|1\n|\n|t:|1781377880\n|move|p1a: Jolteon|Calm Mind|p1a: Jolteon\n|-boost|p1a: Jolteon|spa|1\n|-boost|p1a: Jolteon|spd|1\n|move|p2a: Azelf|Psychic|p1a: Jolteon\n|-damage|p1a: Jolteon|149/246\n|\n|-heal|p1a: Jolteon|164/246|[from] item: Leftovers\n|upkeep\n|turn|2\n|\n|t:|1781377891\n|move|p1a: Jolteon|Thunderbolt|p2a: Azelf\n|-damage|p2a: Azelf|73/257\n|move|p2a: Azelf|Psychic|p1a: Jolteon\n|-damage|p1a: Jolteon|58/246\n|\n|-heal|p1a: Jolteon|73/246|[from] item: Leftovers\n|upkeep\n|turn|3\n|\n|t:|1781377897\n|move|p1a: Jolteon|Thunderbolt|p2a: Azelf\n|-damage|p2a: Azelf|0 fnt\n|faint|p2a: Azelf\n|\n|-heal|p1a: Jolteon|88/246|[from] item: Leftovers\n|upkeep\n|\n|t:|1781377903\n|switch|p2a: Sandslash|Sandslash, L89, M|278/278\n|turn|4\n|\n|t:|1781377910\n|switch|p2a: Veluza|Veluza, L85, F|292/292\n|-terastallize|p1a: Jolteon|Ice\n|move|p1a: Jolteon|Tera Blast|p2a: Veluza|[anim] Tera Blast Ice\n|-resisted|p2a: Veluza\n|-damage|p2a: Veluza|212/292\n|\n|-heal|p1a: Jolteon|103/246|[from] item: Leftovers\n|upkeep\n|turn|5\n|\n|t:|1781377915\n|-terastallize|p2a: Veluza|Water\n|move|p2a: Veluza|Aqua Jet|p1a: Jolteon\n|-damage|p1a: Jolteon|0 fnt\n|faint|p1a: Jolteon\n|\n|upkeep\n|\n|t:|1781377926\n|switch|p1a: Whimsicott|Whimsicott, L84, M|238/238\n|turn|6\n|\n|t:|1781377931\n|switch|p2a: Mandibuzz|Mandibuzz, L85, F|326/326\n|move|p1a: Whimsicott|Stun Spore|p2a: Mandibuzz\n|-immune|p2a: Mandibuzz|[from] ability: Overcoat\n|\n|upkeep\n|turn|7\n|\n|t:|1781377934\n|move|p1a: Whimsicott|Moonblast|p2a: Mandibuzz\n|-supereffective|p2a: Mandibuzz\n|-damage|p2a: Mandibuzz|170/326\n|-unboost|p2a: Mandibuzz|spa|1\n|move|p2a: Mandibuzz|Brave Bird|p1a: Whimsicott\n|-supereffective|p1a: Whimsicott\n|-crit|p1a: Whimsicott\n|-damage|p1a: Whimsicott|0 fnt\n|faint|p1a: Whimsicott\n|-damage|p2a: Mandibuzz|91/326|[from] Recoil\n|\n|upkeep\n|\n|t:|1781377943\n|switch|p1a: Cetitan|Cetitan, L82, M|413/413\n|turn|8\n|\n|t:|1781377947\n|switch|p2a: Weezing|Weezing, L88, F|258/258\n|move|p1a: Cetitan|Ice Shard|p2a: Weezing\n|-damage|p2a: Weezing|211/258\n|-damage|p1a: Cetitan|372/413|[from] item: Life Orb\n|\n|-heal|p2a: Weezing|227/258|[from] item: Leftovers\n|upkeep\n|turn|9\n|\n|t:|1781377951\n|move|p1a: Cetitan|Icicle Crash|p2a: Weezing\n|-damage|p2a: Weezing|114/258\n|move|p2a: Weezing|Will-O-Wisp|p1a: Cetitan\n|-status|p1a: Cetitan|brn\n|\n|-heal|p2a: Weezing|130/258|[from] item: Leftovers\n|-damage|p1a: Cetitan|347/413 brn|[from] brn\n|upkeep\n|turn|10\n|\n|t:|1781377956\n|move|p1a: Cetitan|Icicle Crash|p2a: Weezing\n|-damage|p2a: Weezing|68/258\n|move|p2a: Weezing|Pain Split|p1a: Cetitan\n|-sethp|p1a: Cetitan|207/413 brn|[from] move: Pain Split|[silent]\n|-sethp|p2a: Weezing|207/258|[from] move: Pain Split\n|\n|-heal|p2a: Weezing|223/258|[from] item: Leftovers\n|-damage|p1a: Cetitan|182/413 brn|[from] brn\n|upkeep\n|turn|11\n|\n|t:|1781377963\n|move|p1a: Cetitan|Icicle Crash|p2a: Weezing\n|-damage|p2a: Weezing|167/258\n|move|p2a: Weezing|Fire Blast|p1a: Cetitan\n|-supereffective|p1a: Cetitan\n|-damage|p1a: Cetitan|0 fnt\n|faint|p1a: Cetitan\n|\n|-heal|p2a: Weezing|183/258|[from] item: Leftovers\n|upkeep\n|\n|t:|1781377968\n|switch|p1a: Vivillon|Vivillon-Garden, L83, M|268/268\n|turn|12\n|\n|t:|1781377973\n|move|p1a: Vivillon|Sleep Powder|p2a: Weezing\n|-status|p2a: Weezing|slp|[from] move: Sleep Powder\n|cant|p2a: Weezing|slp\n|\n|-heal|p2a: Weezing|199/258 slp|[from] item: Leftovers\n|upkeep\n|turn|13\n|\n|t:|1781377978\n|switch|p2a: Sandslash|Sandslash, L89, M|278/278\n|move|p1a: Vivillon|Quiver Dance|p1a: Vivillon\n|-boost|p1a: Vivillon|spa|1\n|-boost|p1a: Vivillon|spd|1\n|-boost|p1a: Vivillon|spe|1\n|\n|upkeep\n|turn|14\n|\n|t:|1781377980\n|move|p1a: Vivillon|Hurricane|p2a: Sandslash\n|-damage|p2a: Sandslash|83/278\n|-start|p2a: Sandslash|confusion\n|-activate|p2a: Sandslash|confusion\n|move|p2a: Sandslash|Stone Edge|p1a: Vivillon\n|-supereffective|p1a: Vivillon\n|-damage|p1a: Vivillon|0 fnt\n|faint|p1a: Vivillon\n|\n|-heal|p2a: Sandslash|100/278|[from] item: Leftovers\n|upkeep\n|\n|t:|1781377990\n|switch|p1a: Mew|Mew, L82|298/298\n|turn|15\n|\n|t:|1781377992\n|move|p1a: Mew|Swords Dance|p1a: Mew\n|-boost|p1a: Mew|atk|2\n|-end|p2a: Sandslash|confusion\n|move|p2a: Sandslash|Knock Off|p1a: Mew\n|-supereffective|p1a: Mew\n|-damage|p1a: Mew|164/298\n|-enditem|p1a: Mew|Life Orb|[from] move: Knock Off|[of] p2a: Sandslash\n|\n|-heal|p2a: Sandslash|117/278|[from] item: Leftovers\n|upkeep\n|turn|16\n|\n|t:|1781377996\n|move|p1a: Mew|Leech Life|p2a: Sandslash\n|-damage|p2a: Sandslash|35/278\n|-heal|p1a: Mew|205/298|[from] drain|[of] p2a: Sandslash\n|move|p2a: Sandslash|Earthquake|p1a: Mew\n|-damage|p1a: Mew|100/298\n|\n|-heal|p2a: Sandslash|52/278|[from] item: Leftovers\n|upkeep\n|turn|17\n|\n|t:|1781378000\n|move|p1a: Mew|Leech Life|p2a: Sandslash\n|-damage|p2a: Sandslash|0 fnt\n|-heal|p1a: Mew|126/298|[from] drain|[of] p2a: Sandslash\n|faint|p2a: Sandslash\n|\n|upkeep\n|\n|t:|1781378009\n|switch|p2a: Venomoth|Venomoth, L84, M|255/255\n|turn|18\n|\n|t:|1781378013\n|switch|p2a: Weezing|Weezing, L88, F|199/258 slp\n|move|p1a: Mew|Psychic Fangs|p2a: Weezing\n|-supereffective|p2a: Weezing\n|-damage|p2a: Weezing|0 fnt\n|faint|p2a: Weezing\n|\n|upkeep\n|\n|t:|1781378017\n|switch|p2a: Veluza|Veluza, L85, F, tera:Water|212/292\n|turn|19\n|\n|t:|1781378020\n|move|p2a: Veluza|Aqua Jet|p1a: Mew\n|-damage|p1a: Mew|38/298\n|move|p1a: Mew|Leech Life|p2a: Veluza\n|-damage|p2a: Veluza|93/292\n|-heal|p1a: Mew|98/298|[from] drain|[of] p2a: Veluza\n|\n|upkeep\n|turn|20\n|\n|t:|1781378026\n|move|p2a: Veluza|Aqua Jet|p1a: Mew\n|-damage|p1a: Mew|6/298\n|move|p1a: Mew|Psychic Fangs|p2a: Veluza\n|-damage|p2a: Veluza|0 fnt\n|faint|p2a: Veluza\n|\n|upkeep\n|\n|t:|1781378028\n|switch|p2a: Venomoth|Venomoth, L84, M|255/255\n|turn|21\n|\n|t:|1781378033\n|move|p1a: Mew|Psychic Fangs|p2a: Venomoth\n|-supereffective|p2a: Venomoth\n|-damage|p2a: Venomoth|0 fnt\n|faint|p2a: Venomoth\n|\n|upkeep\n|-message|vogabal forfeited.\n|\n|win|Dannymcq\n", "inputlog": ">version a8376a258c1d4662feba110a92103f3664a72141\n>start {\"formatid\":\"gen9randombattle\",\"seed\":\"sodium,9ecf75d3536c2e960cc210f092238af9\",\"rated\":\"Rated battle\"}\n>player p1 {\"name\":\"Dannymcq\",\"avatar\":\"170\",\"rating\":1966,\"seed\":\"sodium,430ab994b3a9989563edd7c1f047ff5a\"}\n>player p2 {\"name\":\"vogabal\",\"avatar\":\"2\",\"rating\":2018,\"seed\":\"sodium,283c5678dfe8ea11a0dab3c1e3526aa6\"}\n>p1 move calmmind\n>p2 move psychic\n>p1 move thunderbolt\n>p2 move psychic\n>p1 move thunderbolt\n>p2 move psychic\n>p2 switch 4\n>p1 move terablast terastallize\n>p2 switch 5\n>p1 move thunderbolt\n>p2 move aquajet terastallize\n>p1 switch 4\n>p1 move stunspore\n>p2 switch 3\n>p1 move moonblast\n>p2 move bravebird\n>p1 switch 5\n>p1 move iceshard\n>p2 switch 6\n>p1 move iciclecrash\n>p2 move willowisp\n>p1 move iciclecrash\n>p2 move painsplit\n>p1 move iciclecrash\n>p2 move fireblast\n>p1 switch 6\n>p1 move sleeppowder\n>p2 move gunkshot\n>p1 move quiverdance\n>p2 switch 5\n>p1 move hurricane\n>p2 move stoneedge\n>p1 switch 3\n>p1 move swordsdance\n>p2 move knockoff\n>p1 move leechlife\n>p2 move earthquake\n>p1 move leechlife\n>p2 move earthquake\n>p2 switch 2\n>p1 move psychicfangs\n>p2 switch 5\n>p2 switch 3\n>p1 move leechlife\n>p2 move aquajet\n>p1 move psychicfangs\n>p2 move aquajet\n>p2 switch 5\n>p1 move psychicfangs\n>p2 move quiverdance\n>forcelose p2", "uploadtime": 1781377865, "views": 10, "formatid": "gen9randombattle", "rating": null, "private": 0, "password": null}