{"id": "gen9randombattle-2631802424", "format": "[Gen 9] Random Battle", "players": ["ecstasy_yzz", "Vetliem"], "log": "|j|\u2606ecstasy_yzz\n|j|\u2606Vetliem\n|t:|1781441836\n|gametype|singles\n|player|p1|ecstasy_yzz|marshal|1271\n|player|p2|Vetliem|unknown|1259\n|gen|9\n|tier|[Gen 9] Random Battle\n|rated|\n|rule|Species Clause: Limit one of each Pok\u00e9mon\n|rule|HP Percentage Mod: HP is shown in percentages\n|rule|Sleep Clause Mod: Limit one foe put to sleep\n|rule|Illusion Level Mod: Illusion disguises the Pok\u00e9mon's true level\n|\n|t:|1781441836\n|teamsize|p1|6\n|teamsize|p2|6\n|start\n|switch|p1a: Araquanid|Araquanid, L82, F|246/246\n|switch|p2a: Gouging Fire|Gouging Fire, L74|277/277\n|turn|1\n|inactive|Battle timer is ON: inactive players will automatically lose when time's up. (requested by ecstasy_yzz)\n|\n|t:|1781441877\n|move|p2a: Gouging Fire|Dragon Dance|p2a: Gouging Fire\n|-boost|p2a: Gouging Fire|atk|1\n|-boost|p2a: Gouging Fire|spe|1\n|move|p1a: Araquanid|Sticky Web|p2a: Gouging Fire\n|-sidestart|p2: Vetliem|move: Sticky Web\n|\n|upkeep\n|turn|2\n|\n|t:|1781441893\n|move|p2a: Gouging Fire|Dragon Dance|p2a: Gouging Fire\n|-boost|p2a: Gouging Fire|atk|1\n|-boost|p2a: Gouging Fire|spe|1\n|move|p1a: Araquanid|Liquidation|p2a: Gouging Fire\n|-damage|p2a: Gouging Fire|162/277\n|\n|upkeep\n|turn|3\n|\n|t:|1781441901\n|move|p2a: Gouging Fire|Outrage|p1a: Araquanid\n|-damage|p1a: Araquanid|11/246\n|move|p1a: Araquanid|Liquidation|p2a: Gouging Fire\n|-damage|p2a: Gouging Fire|41/277\n|-unboost|p2a: Gouging Fire|def|1\n|\n|upkeep\n|turn|4\n|\n|t:|1781441909\n|move|p2a: Gouging Fire|Outrage|p1a: Araquanid|[from] lockedmove\n|-damage|p1a: Araquanid|0 fnt\n|faint|p1a: Araquanid\n|\n|upkeep\n|\n|t:|1781441930\n|switch|p1a: Great Tusk|Great Tusk, L77|304/304\n|turn|5\n|\n|t:|1781441948\n|move|p2a: Gouging Fire|Outrage|p1a: Great Tusk|[from] lockedmove\n|-damage|p1a: Great Tusk|139/304\n|-start|p2a: Gouging Fire|confusion|[fatigue]\n|move|p1a: Great Tusk|Headlong Rush|p2a: Gouging Fire\n|-supereffective|p2a: Gouging Fire\n|-damage|p2a: Gouging Fire|0 fnt\n|-unboost|p1a: Great Tusk|def|1\n|-unboost|p1a: Great Tusk|spd|1\n|faint|p2a: Gouging Fire\n|-end|p2a: Gouging Fire|Protosynthesis|[silent]\n|\n|upkeep\n|\n|t:|1781441967\n|switch|p2a: Cresselia|Cresselia, L80, F|323/323\n|turn|6\n|inactive|ecstasy_yzz has 120 seconds left.\n|\n|t:|1781441987\n|-end|p1a: Great Tusk|Protosynthesis|[silent]\n|switch|p1a: Skuntank|Skuntank, L84, M|310/310\n|move|p2a: Cresselia|Calm Mind|p2a: Cresselia\n|-boost|p2a: Cresselia|spa|1\n|-boost|p2a: Cresselia|spd|1\n|\n|upkeep\n|turn|7\n|inactive|ecstasy_yzz has 120 seconds left.\n|\n|t:|1781442013\n|-terastallize|p2a: Cresselia|Electric\n|move|p1a: Skuntank|Toxic Spikes|p2a: Cresselia\n|-sidestart|p2: Vetliem|move: Toxic Spikes\n|move|p2a: Cresselia|Thunderbolt|p1a: Skuntank\n|-damage|p1a: Skuntank|180/310\n|\n|upkeep\n|turn|8\n|inactive|ecstasy_yzz has 120 seconds left.\n|\n|t:|1781442023\n|move|p1a: Skuntank|Toxic Spikes|p2a: Cresselia\n|-sidestart|p2: Vetliem|move: Toxic Spikes\n|move|p2a: Cresselia|Thunderbolt|p1a: Skuntank\n|-damage|p1a: Skuntank|39/310\n|\n|upkeep\n|turn|9\n|\n|t:|1781442029\n|move|p1a: Skuntank|Gunk Shot|p2a: Cresselia|[miss]\n|-miss|p1a: Skuntank|p2a: Cresselia\n|move|p2a: Cresselia|Thunderbolt|p1a: Skuntank\n|-damage|p1a: Skuntank|0 fnt\n|faint|p1a: Skuntank\n|\n|upkeep\n|inactive|ecstasy_yzz has 120 seconds left.\n|\n|t:|1781442067\n|switch|p1a: Gumshoos|Gumshoos, L95, F|321/321\n|turn|10\n|inactive|Vetliem has 120 seconds left.\n|\n|t:|1781442098\n|move|p2a: Cresselia|Thunderbolt|p1a: Gumshoos\n|-damage|p1a: Gumshoos|194/321\n|-status|p1a: Gumshoos|par\n|move|p1a: Gumshoos|Knock Off|p2a: Cresselia\n|-damage|p2a: Cresselia|189/323\n|-enditem|p2a: Cresselia|Leftovers|[from] move: Knock Off|[of] p1a: Gumshoos\n|\n|upkeep\n|turn|11\n|inactive|Vetliem has 120 seconds left.\n|inactive|ecstasy_yzz has 90 seconds left.\n|\n|t:|1781442122\n|switch|p1a: Great Tusk|Great Tusk, L77|139/304\n|move|p2a: Cresselia|Thunderbolt|p1a: Great Tusk\n|-immune|p1a: Great Tusk\n|\n|upkeep\n|turn|12\n|inactive|ecstasy_yzz has 90 seconds left.\n|inactive|Vetliem has 120 seconds left.\n|\n|t:|1781442134\n|move|p2a: Cresselia|Moonlight|p2a: Cresselia\n|-heal|p2a: Cresselia|323/323\n|move|p1a: Great Tusk|Close Combat|p2a: Cresselia\n|-damage|p2a: Cresselia|208/323\n|-unboost|p1a: Great Tusk|def|1\n|-unboost|p1a: Great Tusk|spd|1\n|\n|upkeep\n|turn|13\n|inactive|ecstasy_yzz has 90 seconds left.\n|inactive|Vetliem has 120 seconds left.\n|\n|t:|1781442148\n|-end|p1a: Great Tusk|Protosynthesis|[silent]\n|switch|p1a: Tauros|Tauros-Paldea-Blaze, L81, M|252/252\n|move|p2a: Cresselia|Calm Mind|p2a: Cresselia\n|-boost|p2a: Cresselia|spa|1\n|-boost|p2a: Cresselia|spd|1\n|\n|upkeep\n|turn|14\n|inactive|ecstasy_yzz has 90 seconds left.\n|inactive|Vetliem has 120 seconds left.\n|\n|t:|1781442168\n|move|p1a: Tauros|Raging Bull|p2a: Cresselia\n|-damage|p2a: Cresselia|126/323\n|move|p2a: Cresselia|Psyshock|p1a: Tauros\n|-supereffective|p1a: Tauros\n|-damage|p1a: Tauros|34/252\n|-enditem|p1a: Tauros|Sitrus Berry|[eat]\n|-heal|p1a: Tauros|97/252|[from] item: Sitrus Berry\n|\n|upkeep\n|turn|15\n|inactive|Vetliem has 120 seconds left.\n|\n|t:|1781442177\n|move|p1a: Tauros|Raging Bull|p2a: Cresselia\n|-damage|p2a: Cresselia|42/323\n|move|p2a: Cresselia|Moonlight|p2a: Cresselia\n|-heal|p2a: Cresselia|203/323\n|\n|-activate|p1a: Tauros|ability: Cud Chew\n|-enditem|p1a: Tauros|Sitrus Berry|[eat]\n|-heal|p1a: Tauros|160/252|[from] item: Sitrus Berry\n|upkeep\n|turn|16\n|inactive|Vetliem has 120 seconds left.\n|\n|t:|1781442195\n|move|p1a: Tauros|Bulk Up|p1a: Tauros\n|-boost|p1a: Tauros|atk|1\n|-boost|p1a: Tauros|def|1\n|move|p2a: Cresselia|Thunderbolt|p1a: Tauros\n|-damage|p1a: Tauros|0 fnt\n|faint|p1a: Tauros\n|\n|upkeep\n|-message|ecstasy_yzz forfeited.\n|\n|win|Vetliem\n|raw|ecstasy_yzz's rating: 1271 &rarr; <strong>1245</strong><br />(-26 for losing)\n|raw|Vetliem's rating: 1259 &rarr; <strong>1285</strong><br />(+26 for winning)\n|l|\u2606ecstasy_yzz\n|player|p1|\n", "inputlog": ">version a8376a258c1d4662feba110a92103f3664a72141\n>start {\"formatid\":\"gen9randombattle\",\"seed\":\"sodium,19397f3e2f09039cb3f397262b5a6a9e\",\"rated\":\"Rated battle\"}\n>player p1 {\"name\":\"ecstasy_yzz\",\"avatar\":\"marshal\",\"rating\":1271,\"seed\":\"sodium,c4cd2582aaad2321dac66647f221b7be\"}\n>player p2 {\"name\":\"Vetliem\",\"avatar\":\"unknown\",\"rating\":1259,\"seed\":\"sodium,407e64b52f146f07ab89d8b6469678b3\"}\n>p1 move stickyweb\n>p2 move dragondance\n>p1 move liquidation\n>p2 move dragondance\n>p1 move liquidation\n>p2 move outrage\n>p1 move liquidation\n>p2 move outrage\n>p1 switch 3\n>p1 move headlongrush\n>p2 move outrage\n>p2 switch 3\n>p1 switch 4\n>p2 move calmmind\n>p1 move toxicspikes\n>p2 move thunderbolt terastallize\n>p1 move toxicspikes\n>p2 move thunderbolt\n>p1 move gunkshot\n>p2 move thunderbolt\n>p1 switch 5\n>p1 move knockoff\n>p2 move thunderbolt\n>p1 switch 4\n>p2 move thunderbolt\n>p1 move closecombat\n>p2 move moonlight\n>p1 switch 2\n>p2 move calmmind\n>p1 move ragingbull\n>p2 move psyshock\n>p1 move ragingbull\n>p2 move moonlight\n>p1 move bulkup\n>p2 move thunderbolt\n>forcelose p1", "uploadtime": 1781442216, "views": 5, "formatid": "gen9randombattle", "rating": 1245, "private": 0, "password": null}