{"id": "gen9randombattle-2631890886", "format": "[Gen 9] Random Battle", "players": ["Ggs1237", "Drop a nickname"], "log": "|j|\u2606Ggs1237\n|j|\u2606Drop a nickname\n|t:|1781452569\n|gametype|singles\n|player|p1|Ggs1237|linebacker|2191\n|player|p2|Drop a nickname|102|2237\n|gen|9\n|tier|[Gen 9] Random Battle\n|rated|\n|rule|Species Clause: Limit one of each Pok\u00e9mon\n|rule|HP Percentage Mod: HP is shown in percentages\n|rule|Sleep Clause Mod: Limit one foe put to sleep\n|rule|Illusion Level Mod: Illusion disguises the Pok\u00e9mon's true level\n|\n|t:|1781452569\n|teamsize|p1|6\n|teamsize|p2|6\n|start\n|switch|p1a: Sinistcha|Sinistcha-Masterpiece, L83|254/254\n|switch|p2a: Quaquaval|Quaquaval, L79, F|264/264\n|turn|1\n|inactive|Battle timer is ON: inactive players will automatically lose when time's up. (requested by Ggs1237)\n|\n|t:|1781452585\n|move|p2a: Quaquaval|Swords Dance|p2a: Quaquaval\n|-boost|p2a: Quaquaval|atk|2\n|move|p1a: Sinistcha|Calm Mind|p1a: Sinistcha\n|-boost|p1a: Sinistcha|spa|1\n|-boost|p1a: Sinistcha|spd|1\n|\n|upkeep\n|turn|2\n|\n|t:|1781452589\n|move|p2a: Quaquaval|Knock Off|p1a: Sinistcha\n|-supereffective|p1a: Sinistcha\n|-damage|p1a: Sinistcha|0 fnt\n|-enditem|p1a: Sinistcha|Leftovers|[from] move: Knock Off|[of] p2a: Quaquaval\n|faint|p1a: Sinistcha\n|-ability|p2a: Quaquaval|Moxie|boost\n|-boost|p2a: Quaquaval|atk|1\n|-damage|p2a: Quaquaval|238/264|[from] item: Life Orb\n|\n|upkeep\n|\n|t:|1781452591\n|switch|p1a: Regieleki|Regieleki, L79|256/256\n|turn|3\n|\n|t:|1781452595\n|switch|p2a: Mightyena|Mightyena, L96, F|290/290\n|-ability|p2a: Mightyena|Intimidate|boost\n|-unboost|p1a: Regieleki|atk|1\n|move|p1a: Regieleki|Volt Switch|p2a: Mightyena\n|-damage|p2a: Mightyena|211/290\n|\n|t:|1781452599\n|switch|p1a: Hariyama|Hariyama, L87, M|392/392|[from] Volt Switch\n|\n|upkeep\n|turn|4\n|\n|t:|1781452603\n|switch|p2a: Arbok|Arbok, L87, M|246/246\n|-ability|p2a: Arbok|Intimidate|boost\n|-unboost|p1a: Hariyama|atk|1\n|move|p1a: Hariyama|Close Combat|p2a: Arbok\n|-resisted|p2a: Arbok\n|-damage|p2a: Arbok|187/246\n|-unboost|p1a: Hariyama|def|1\n|-unboost|p1a: Hariyama|spd|1\n|\n|-heal|p2a: Arbok|202/246|[from] item: Leftovers\n|upkeep\n|turn|5\n|\n|t:|1781452606\n|switch|p1a: Duraludon|Duraludon, L82, F|249/249\n|move|p2a: Arbok|Coil|p2a: Arbok\n|-boost|p2a: Arbok|atk|1\n|-boost|p2a: Arbok|def|1\n|-boost|p2a: Arbok|accuracy|1\n|\n|-heal|p2a: Arbok|217/246|[from] item: Leftovers\n|upkeep\n|turn|6\n|\n|t:|1781452608\n|move|p2a: Arbok|Coil|p2a: Arbok\n|-boost|p2a: Arbok|atk|1\n|-boost|p2a: Arbok|def|1\n|-boost|p2a: Arbok|accuracy|1\n|move|p1a: Duraludon|Stealth Rock|p2a: Arbok\n|-sidestart|p2: Drop a nickname|move: Stealth Rock\n|\n|-heal|p2a: Arbok|232/246|[from] item: Leftovers\n|upkeep\n|turn|7\n|\n|t:|1781452614\n|move|p2a: Arbok|Earthquake|p1a: Duraludon\n|-supereffective|p1a: Duraludon\n|-damage|p1a: Duraludon|85/249\n|move|p1a: Duraludon|Flash Cannon|p2a: Arbok\n|-damage|p2a: Arbok|124/246\n|\n|-heal|p2a: Arbok|139/246|[from] item: Leftovers\n|upkeep\n|turn|8\n|\n|t:|1781452619\n|move|p2a: Arbok|Earthquake|p1a: Duraludon\n|-supereffective|p1a: Duraludon\n|-damage|p1a: Duraludon|0 fnt\n|faint|p1a: Duraludon\n|\n|-heal|p2a: Arbok|154/246|[from] item: Leftovers\n|upkeep\n|\n|t:|1781452621\n|switch|p1a: Skeledirge|Skeledirge, L79, M|294/294\n|turn|9\n|\n|t:|1781452624\n|move|p2a: Arbok|Earthquake|p1a: Skeledirge\n|-supereffective|p1a: Skeledirge\n|-damage|p1a: Skeledirge|140/294\n|move|p1a: Skeledirge|Will-O-Wisp|p2a: Arbok\n|-status|p2a: Arbok|brn\n|\n|-heal|p2a: Arbok|169/246 brn|[from] item: Leftovers\n|-damage|p2a: Arbok|154/246 brn|[from] brn\n|upkeep\n|turn|10\n|\n|t:|1781452627\n|move|p2a: Arbok|Gunk Shot|p1a: Skeledirge\n|-resisted|p1a: Skeledirge\n|-damage|p1a: Skeledirge|111/294\n|-status|p1a: Skeledirge|psn\n|move|p1a: Skeledirge|Slack Off|p1a: Skeledirge\n|-heal|p1a: Skeledirge|258/294 psn\n|\n|-heal|p2a: Arbok|169/246 brn|[from] item: Leftovers\n|-damage|p1a: Skeledirge|222/294 psn|[from] psn\n|-damage|p2a: Arbok|154/246 brn|[from] brn\n|upkeep\n|turn|11\n|\n|t:|1781452631\n|move|p2a: Arbok|Earthquake|p1a: Skeledirge\n|-supereffective|p1a: Skeledirge\n|-damage|p1a: Skeledirge|145/294 psn\n|move|p1a: Skeledirge|Torch Song|p2a: Arbok\n|-crit|p2a: Arbok\n|-damage|p2a: Arbok|15/246 brn\n|-boost|p1a: Skeledirge|spa|1\n|\n|-heal|p2a: Arbok|30/246 brn|[from] item: Leftovers\n|-damage|p1a: Skeledirge|109/294 psn|[from] psn\n|-damage|p2a: Arbok|15/246 brn|[from] brn\n|upkeep\n|turn|12\n|\n|t:|1781452636\n|move|p2a: Arbok|Earthquake|p1a: Skeledirge\n|-supereffective|p1a: Skeledirge\n|-damage|p1a: Skeledirge|32/294 psn\n|move|p1a: Skeledirge|Slack Off|p1a: Skeledirge\n|-heal|p1a: Skeledirge|179/294 psn\n|\n|-heal|p2a: Arbok|30/246 brn|[from] item: Leftovers\n|-damage|p1a: Skeledirge|143/294 psn|[from] psn\n|-damage|p2a: Arbok|15/246 brn|[from] brn\n|upkeep\n|turn|13\n|\n|t:|1781452639\n|move|p2a: Arbok|Earthquake|p1a: Skeledirge\n|-supereffective|p1a: Skeledirge\n|-damage|p1a: Skeledirge|70/294 psn\n|move|p1a: Skeledirge|Slack Off|p1a: Skeledirge\n|-heal|p1a: Skeledirge|217/294 psn\n|\n|-heal|p2a: Arbok|30/246 brn|[from] item: Leftovers\n|-damage|p1a: Skeledirge|181/294 psn|[from] psn\n|-damage|p2a: Arbok|15/246 brn|[from] brn\n|upkeep\n|turn|14\n|\n|t:|1781452641\n|move|p2a: Arbok|Earthquake|p1a: Skeledirge\n|-supereffective|p1a: Skeledirge\n|-crit|p1a: Skeledirge\n|-damage|p1a: Skeledirge|69/294 psn\n|move|p1a: Skeledirge|Slack Off|p1a: Skeledirge\n|-heal|p1a: Skeledirge|216/294 psn\n|\n|-heal|p2a: Arbok|30/246 brn|[from] item: Leftovers\n|-damage|p1a: Skeledirge|180/294 psn|[from] psn\n|-damage|p2a: Arbok|15/246 brn|[from] brn\n|upkeep\n|turn|15\n|\n|t:|1781452643\n|move|p2a: Arbok|Earthquake|p1a: Skeledirge\n|-supereffective|p1a: Skeledirge\n|-damage|p1a: Skeledirge|110/294 psn\n|move|p1a: Skeledirge|Slack Off|p1a: Skeledirge\n|-heal|p1a: Skeledirge|257/294 psn\n|\n|-heal|p2a: Arbok|30/246 brn|[from] item: Leftovers\n|-damage|p1a: Skeledirge|221/294 psn|[from] psn\n|-damage|p2a: Arbok|15/246 brn|[from] brn\n|upkeep\n|turn|16\n|\n|t:|1781452647\n|move|p2a: Arbok|Earthquake|p1a: Skeledirge\n|-supereffective|p1a: Skeledirge\n|-damage|p1a: Skeledirge|151/294 psn\n|move|p1a: Skeledirge|Slack Off|p1a: Skeledirge\n|-heal|p1a: Skeledirge|294/294 psn\n|\n|-heal|p2a: Arbok|30/246 brn|[from] item: Leftovers\n|-damage|p1a: Skeledirge|258/294 psn|[from] psn\n|-damage|p2a: Arbok|15/246 brn|[from] brn\n|upkeep\n|turn|17\n|\n|t:|1781452649\n|move|p2a: Arbok|Earthquake|p1a: Skeledirge\n|-supereffective|p1a: Skeledirge\n|-damage|p1a: Skeledirge|193/294 psn\n|move|p1a: Skeledirge|Will-O-Wisp|p2a: Arbok\n|-fail|p2a: Arbok|brn\n|\n|-heal|p2a: Arbok|30/246 brn|[from] item: Leftovers\n|-damage|p1a: Skeledirge|157/294 psn|[from] psn\n|-damage|p2a: Arbok|15/246 brn|[from] brn\n|upkeep\n|turn|18\n|\n|t:|1781452650\n|move|p2a: Arbok|Earthquake|p1a: Skeledirge\n|-supereffective|p1a: Skeledirge\n|-damage|p1a: Skeledirge|90/294 psn\n|move|p1a: Skeledirge|Slack Off|p1a: Skeledirge\n|-heal|p1a: Skeledirge|237/294 psn\n|\n|-heal|p2a: Arbok|30/246 brn|[from] item: Leftovers\n|-damage|p1a: Skeledirge|201/294 psn|[from] psn\n|-damage|p2a: Arbok|15/246 brn|[from] brn\n|upkeep\n|turn|19\n|\n|t:|1781452653\n|move|p2a: Arbok|Earthquake|p1a: Skeledirge\n|-supereffective|p1a: Skeledirge\n|-damage|p1a: Skeledirge|134/294 psn\n|move|p1a: Skeledirge|Slack Off|p1a: Skeledirge\n|-heal|p1a: Skeledirge|281/294 psn\n|\n|-heal|p2a: Arbok|30/246 brn|[from] item: Leftovers\n|-damage|p1a: Skeledirge|245/294 psn|[from] psn\n|-damage|p2a: Arbok|15/246 brn|[from] brn\n|upkeep\n|turn|20\n|\n|t:|1781452655\n|move|p2a: Arbok|Earthquake|p1a: Skeledirge\n|-supereffective|p1a: Skeledirge\n|-damage|p1a: Skeledirge|174/294 psn\n|move|p1a: Skeledirge|Torch Song|p2a: Arbok\n|-damage|p2a: Arbok|0 fnt\n|-boost|p1a: Skeledirge|spa|1\n|faint|p2a: Arbok\n|\n|-damage|p1a: Skeledirge|138/294 psn|[from] psn\n|upkeep\n|\n|t:|1781452657\n|switch|p2a: Quaquaval|Quaquaval, L79, F|238/264\n|-damage|p2a: Quaquaval|222/264|[from] Stealth Rock\n|turn|21\n|\n|t:|1781452659\n|move|p2a: Quaquaval|Aqua Step|p1a: Skeledirge\n|-supereffective|p1a: Skeledirge\n|-damage|p1a: Skeledirge|0 fnt\n|-boost|p2a: Quaquaval|spe|1\n|faint|p1a: Skeledirge\n|-ability|p2a: Quaquaval|Moxie|boost\n|-boost|p2a: Quaquaval|atk|1\n|-damage|p2a: Quaquaval|196/264|[from] item: Life Orb\n|\n|upkeep\n|\n|t:|1781452661\n|switch|p1a: Regieleki|Regieleki, L79|256/256\n|turn|22\n|\n|t:|1781452664\n|-terastallize|p2a: Quaquaval|Steel\n|move|p1a: Regieleki|Volt Switch|p2a: Quaquaval\n|-damage|p2a: Quaquaval|70/264\n|\n|t:|1781452667\n|switch|p1a: Hariyama|Hariyama, L87, M|392/392|[from] Volt Switch\n|move|p2a: Quaquaval|Aqua Step|p1a: Hariyama\n|-damage|p1a: Hariyama|176/392\n|-boost|p2a: Quaquaval|spe|1\n|-damage|p2a: Quaquaval|44/264|[from] item: Life Orb\n|\n|upkeep\n|turn|23\n|-message|Ggs1237 forfeited.\n|\n|win|Drop a nickname\n", "inputlog": ">version a8376a258c1d4662feba110a92103f3664a72141\n>start {\"formatid\":\"gen9randombattle\",\"seed\":\"sodium,06eea097eb986f41380c77ada1a1942e\",\"rated\":\"Rated battle\"}\n>player p1 {\"name\":\"Ggs1237\",\"avatar\":\"linebacker\",\"rating\":2191,\"seed\":\"sodium,ba56ced4eb2d31d95f3495ae25156b2f\"}\n>player p2 {\"name\":\"Drop a nickname\",\"avatar\":\"102\",\"rating\":2237,\"seed\":\"sodium,7a07bc775268dc352e76f188723c365d\"}\n>p1 move calmmind\n>p2 move swordsdance\n>p1 move matchagotcha\n>p2 move knockoff\n>p1 switch 4\n>p1 move voltswitch\n>p2 switch 2\n>p1 switch 6\n>p1 move closecombat\n>p2 switch 3\n>p1 switch 2\n>p2 move coil\n>p1 move stealthrock\n>p2 move coil\n>p1 move flashcannon\n>p2 move earthquake\n>p1 move dracometeor\n>p2 move earthquake\n>p1 switch 3\n>p1 move willowisp\n>p2 move earthquake\n>p1 move slackoff\n>p2 move gunkshot\n>p1 move torchsong\n>p2 move earthquake\n>p1 move slackoff\n>p2 move earthquake\n>p1 move slackoff\n>p2 move earthquake\n>p1 move slackoff\n>p2 move earthquake\n>p1 move slackoff\n>p2 move earthquake\n>p1 move slackoff\n>p2 move earthquake\n>p1 move willowisp\n>p2 move earthquake\n>p1 move slackoff\n>p2 move earthquake\n>p1 move slackoff\n>p2 move earthquake\n>p1 move torchsong\n>p2 move earthquake\n>p2 switch 2\n>p1 move willowisp\n>p2 move aquastep\n>p1 switch 6\n>p1 move voltswitch\n>p2 move aquastep terastallize\n>p1 switch 2\n>forcelose p1", "uploadtime": 1781452570, "views": 5, "formatid": "gen9randombattle", "rating": null, "private": 0, "password": null}