{"id": "gen9randombattle-2631376479", "format": "[Gen 9] Random Battle", "players": ["soap_trusted_you", "laundry bias"], "log": "|j|\u2606soap_trusted_you\n|j|\u2606laundry bias\n|t:|1781377372\n|gametype|singles\n|player|p1|soap_trusted_you|worker|1938\n|player|p2|laundry bias|101|1953\n|gen|9\n|tier|[Gen 9] Random Battle\n|rated|\n|rule|Species Clause: Limit one of each Pok\u00e9mon\n|rule|HP Percentage Mod: HP is shown in percentages\n|rule|Sleep Clause Mod: Limit one foe put to sleep\n|rule|Illusion Level Mod: Illusion disguises the Pok\u00e9mon's true level\n|\n|t:|1781377372\n|teamsize|p1|6\n|teamsize|p2|6\n|start\n|switch|p1a: Raging Bolt|Raging Bolt, L78|323/323\n|switch|p2a: Calyrex|Calyrex-Shadow, L64|235/235\n|-ability|p2a: Calyrex|As One\n|-ability|p2a: Calyrex|Unnerve\n|turn|1\n|inactive|Battle timer is ON: inactive players will automatically lose when time's up. (requested by soap_trusted_you)\n|\n|t:|1781377383\n|switch|p2a: Great Tusk|Great Tusk, L77|304/304\n|move|p1a: Raging Bolt|Discharge|p2a: Great Tusk\n|-immune|p2a: Great Tusk\n|\n|upkeep\n|turn|2\n|\n|t:|1781377394\n|-end|p1a: Raging Bolt|Protosynthesis|[silent]\n|switch|p1a: Pelipper|Pelipper, L86, F|243/243\n|-weather|RainDance|[from] ability: Drizzle|[of] p1a: Pelipper\n|move|p2a: Great Tusk|Close Combat|p1a: Pelipper\n|-resisted|p1a: Pelipper\n|-damage|p1a: Pelipper|178/243\n|-unboost|p2a: Great Tusk|def|1\n|-unboost|p2a: Great Tusk|spd|1\n|\n|-weather|RainDance|[upkeep]\n|upkeep\n|turn|3\n|\n|t:|1781377401\n|-end|p2a: Great Tusk|Protosynthesis|[silent]\n|switch|p2a: Mesprit|Mesprit, L85|275/275\n|move|p1a: Pelipper|Hydro Pump|p2a: Mesprit\n|-damage|p2a: Mesprit|25/275\n|\n|-weather|RainDance|[upkeep]\n|-heal|p2a: Mesprit|42/275|[from] item: Leftovers\n|upkeep\n|turn|4\n|\n|t:|1781377409\n|switch|p1a: Raging Bolt|Raging Bolt, L78|323/323\n|move|p2a: Mesprit|U-turn|p1a: Raging Bolt\n|-damage|p1a: Raging Bolt|268/323\n|\n|t:|1781377414\n|switch|p2a: Tsareena|Tsareena, L87, F|267/267|[from] U-turn\n|\n|-weather|RainDance|[upkeep]\n|upkeep\n|turn|5\n|\n|t:|1781377418\n|move|p2a: Tsareena|Triple Axel|p1a: Raging Bolt\n|-supereffective|p1a: Raging Bolt\n|-damage|p1a: Raging Bolt|216/323\n|-supereffective|p1a: Raging Bolt\n|-damage|p1a: Raging Bolt|100/323\n|-supereffective|p1a: Raging Bolt\n|-damage|p1a: Raging Bolt|0 fnt\n|faint|p1a: Raging Bolt\n|-end|p1a: Raging Bolt|Protosynthesis|[silent]\n|-hitcount|p1: Raging Bolt|3\n|\n|-weather|RainDance|[upkeep]\n|upkeep\n|\n|t:|1781377431\n|switch|p1a: Arcanine|Arcanine, L84, F|288/288\n|-ability|p1a: Arcanine|Intimidate|boost\n|-unboost|p2a: Tsareena|atk|1\n|turn|6\n|\n|t:|1781377441\n|switch|p1a: Pelipper|Pelipper, L86, F|178/243\n|switch|p2a: Coalossal|Coalossal, L89, F|341/341\n|\n|-weather|none\n|upkeep\n|turn|7\n|\n|t:|1781377450\n|switch|p2a: Tsareena|Tsareena, L87, F|267/267\n|move|p1a: Pelipper|Hydro Pump|p2a: Tsareena\n|-resisted|p2a: Tsareena\n|-damage|p2a: Tsareena|191/267\n|\n|upkeep\n|turn|8\n|\n|t:|1781377457\n|switch|p1a: Arcanine|Arcanine, L84, F|288/288\n|-ability|p1a: Arcanine|Intimidate|boost\n|-unboost|p2a: Tsareena|atk|1\n|move|p2a: Tsareena|Knock Off|p1a: Arcanine\n|-damage|p1a: Arcanine|193/288\n|-enditem|p1a: Arcanine|Heavy-Duty Boots|[from] move: Knock Off|[of] p2a: Tsareena\n|\n|upkeep\n|turn|9\n|\n|t:|1781377468\n|switch|p2a: Coalossal|Coalossal, L89, F|341/341\n|move|p1a: Arcanine|Close Combat|p2a: Coalossal\n|-supereffective|p2a: Coalossal\n|-damage|p2a: Coalossal|189/341\n|-unboost|p1a: Arcanine|def|1\n|-unboost|p1a: Arcanine|spd|1\n|\n|upkeep\n|turn|10\n|\n|t:|1781377481\n|switch|p1a: Empoleon|Empoleon, L84, F|278/278\n|move|p2a: Coalossal|Stone Edge|p1a: Empoleon\n|-resisted|p1a: Empoleon\n|-damage|p1a: Empoleon|225/278\n|\n|-heal|p1a: Empoleon|242/278|[from] item: Leftovers\n|upkeep\n|turn|11\n|\n|t:|1781377489\n|switch|p2a: Tsareena|Tsareena, L87, F|191/267\n|move|p1a: Empoleon|Yawn|p2a: Tsareena\n|-start|p2a: Tsareena|move: Yawn|[of] p1a: Empoleon\n|\n|-heal|p1a: Empoleon|259/278|[from] item: Leftovers\n|upkeep\n|turn|12\n|\n|t:|1781377507\n|switch|p1a: Pelipper|Pelipper, L86, F|178/243\n|-weather|RainDance|[from] ability: Drizzle|[of] p1a: Pelipper\n|move|p2a: Tsareena|Power Whip|p1a: Pelipper\n|-crit|p1a: Pelipper\n|-damage|p1a: Pelipper|0 fnt\n|faint|p1a: Pelipper\n|\n|-weather|RainDance|[upkeep]\n|-end|p2a: Tsareena|move: Yawn|[silent]\n|-status|p2a: Tsareena|slp\n|upkeep\n|\n|t:|1781377516\n|switch|p1a: Gumshoos|Gumshoos, L95, M|321/321\n|turn|13\n|\n|t:|1781377532\n|cant|p2a: Tsareena|slp\n|move|p1a: Gumshoos|Double-Edge|p2a: Tsareena\n|-damage|p2a: Tsareena|0 fnt\n|faint|p2a: Tsareena\n|-damage|p1a: Gumshoos|258/321|[from] Recoil\n|\n|-weather|RainDance|[upkeep]\n|upkeep\n|\n|t:|1781377535\n|switch|p2a: Mesprit|Mesprit, L85|42/275\n|turn|14\n|\n|t:|1781377538\n|switch|p1a: Empoleon|Empoleon, L84, F|259/278\n|move|p2a: Mesprit|Stealth Rock|p1a: Empoleon\n|-sidestart|p1: soap_trusted_you|move: Stealth Rock\n|\n|-weather|RainDance|[upkeep]\n|-heal|p2a: Mesprit|59/275|[from] item: Leftovers\n|-heal|p1a: Empoleon|276/278|[from] item: Leftovers\n|upkeep\n|turn|15\n|\n|t:|1781377550\n|move|p2a: Mesprit|Thunder Wave|p1a: Empoleon\n|-status|p1a: Empoleon|par\n|move|p1a: Empoleon|Surf|p2a: Mesprit\n|-damage|p2a: Mesprit|0 fnt\n|faint|p2a: Mesprit\n|\n|-weather|RainDance|[upkeep]\n|-heal|p1a: Empoleon|278/278 par|[from] item: Leftovers\n|upkeep\n|\n|t:|1781377555\n|switch|p2a: Scyther|Scyther, L82, F|249/249\n|turn|16\n|\n|t:|1781377559\n|move|p2a: Scyther|Swords Dance|p2a: Scyther\n|-boost|p2a: Scyther|atk|2\n|move|p1a: Empoleon|Yawn|p2a: Scyther\n|-start|p2a: Scyther|move: Yawn|[of] p1a: Empoleon\n|\n|-weather|none\n|upkeep\n|turn|17\n|\n|t:|1781377574\n|switch|p1a: Venomoth|Venomoth, L84, F|255/255\n|move|p2a: Scyther|Close Combat|p1a: Venomoth\n|-resisted|p1a: Venomoth\n|-damage|p1a: Venomoth|196/255\n|-unboost|p2a: Scyther|def|1\n|-unboost|p2a: Scyther|spd|1\n|\n|-end|p2a: Scyther|move: Yawn|[silent]\n|-status|p2a: Scyther|slp\n|upkeep\n|turn|18\n|\n|t:|1781377586\n|switch|p2a: Great Tusk|Great Tusk, L77|304/304\n|move|p1a: Venomoth|Quiver Dance|p1a: Venomoth\n|-boost|p1a: Venomoth|spa|1\n|-boost|p1a: Venomoth|spd|1\n|-boost|p1a: Venomoth|spe|1\n|\n|upkeep\n|turn|19\n|\n|t:|1781377591\n|move|p1a: Venomoth|Sludge Wave|p2a: Great Tusk\n|-resisted|p2a: Great Tusk\n|-damage|p2a: Great Tusk|164/304\n|move|p2a: Great Tusk|Stone Edge|p1a: Venomoth\n|-supereffective|p1a: Venomoth\n|-damage|p1a: Venomoth|0 fnt\n|faint|p1a: Venomoth\n|\n|upkeep\n|\n|t:|1781377602\n|switch|p1a: Empoleon|Empoleon, L84, F|278/278 par\n|-damage|p1a: Empoleon|261/278 par|[from] Stealth Rock\n|turn|20\n|\n|t:|1781377616\n|-end|p2a: Great Tusk|Protosynthesis|[silent]\n|switch|p2a: Scyther|Scyther, L82, F|249/249 slp\n|cant|p1a: Empoleon|par\n|\n|-heal|p1a: Empoleon|278/278 par|[from] item: Leftovers\n|upkeep\n|turn|21\n|\n|t:|1781377621\n|cant|p2a: Scyther|slp\n|move|p1a: Empoleon|Surf|p2a: Scyther\n|-damage|p2a: Scyther|129/249 slp\n|\n|upkeep\n|turn|22\n|\n|t:|1781377630\n|cant|p2a: Scyther|slp\n|cant|p1a: Empoleon|par\n|\n|upkeep\n|turn|23\n|\n|t:|1781377636\n|cant|p2a: Scyther|slp\n|move|p1a: Empoleon|Surf|p2a: Scyther\n|-damage|p2a: Scyther|15/249 slp\n|\n|upkeep\n|turn|24\n|\n|t:|1781377644\n|-terastallize|p1a: Empoleon|Flying\n|-curestatus|p2a: Scyther|slp|[msg]\n|move|p2a: Scyther|Close Combat|p1a: Empoleon\n|-resisted|p1a: Empoleon\n|-damage|p1a: Empoleon|234/278 par\n|-unboost|p2a: Scyther|def|1\n|-unboost|p2a: Scyther|spd|1\n|move|p1a: Empoleon|Surf|p2a: Scyther\n|-damage|p2a: Scyther|0 fnt\n|faint|p2a: Scyther\n|\n|-heal|p1a: Empoleon|251/278 par|[from] item: Leftovers\n|upkeep\n|\n|t:|1781377656\n|switch|p2a: Coalossal|Coalossal, L89, F|189/341\n|turn|25\n|\n|t:|1781377665\n|switch|p1a: Gumshoos|Gumshoos, L95, M|258/321\n|-damage|p1a: Gumshoos|218/321|[from] Stealth Rock\n|move|p2a: Coalossal|Stone Edge|p1a: Gumshoos\n|-damage|p1a: Gumshoos|98/321\n|\n|upkeep\n|turn|26\n|\n|t:|1781377675\n|move|p1a: Gumshoos|Earthquake|p2a: Coalossal\n|-supereffective|p2a: Coalossal\n|-damage|p2a: Coalossal|0 fnt\n|faint|p2a: Coalossal\n|\n|upkeep\n|\n|t:|1781377689\n|switch|p2a: Calyrex|Calyrex-Shadow, L64|235/235\n|-ability|p2a: Calyrex|As One\n|-ability|p2a: Calyrex|Unnerve\n|turn|27\n|\n|t:|1781377698\n|switch|p1a: Empoleon|Empoleon, L84, F, tera:Flying|251/278 par\n|-damage|p1a: Empoleon|182/278 par|[from] Stealth Rock\n|move|p2a: Calyrex|Psyshock|p1a: Empoleon\n|-damage|p1a: Empoleon|67/278 par\n|\n|-heal|p1a: Empoleon|84/278 par|[from] item: Leftovers\n|upkeep\n|turn|28\n|\n|t:|1781377710\n|move|p2a: Calyrex|Psyshock|p1a: Empoleon\n|-damage|p1a: Empoleon|0 fnt\n|faint|p1a: Empoleon\n|-ability|p2a: Calyrex|Grim Neigh|boost\n|-boost|p2a: Calyrex|spa|1\n|\n|upkeep\n|-message|soap_trusted_you forfeited.\n|\n|win|laundry bias\n|raw|soap_trusted_you's rating: 1938 &rarr; <strong>1919</strong><br />(-19 for losing)\n|raw|laundry bias's rating: 1953 &rarr; <strong>1972</strong><br />(+19 for winning)\n", "inputlog": ">version a8376a258c1d4662feba110a92103f3664a72141\n>start {\"formatid\":\"gen9randombattle\",\"seed\":\"sodium,5bf77dddeb195b44318a8a6acd99f89f\",\"rated\":\"Rated battle\"}\n>player p1 {\"name\":\"soap_trusted_you\",\"avatar\":\"worker\",\"rating\":1938,\"seed\":\"sodium,3e2d4c31da4ddec12452a0c725afc69c\"}\n>player p2 {\"name\":\"laundry bias\",\"avatar\":\"101\",\"rating\":1953,\"seed\":\"sodium,b13c93c8a24e7fe12ee8c4c0b09e729e\"}\n>p1 move discharge\n>p2 switch 4\n>p1 switch 4\n>p2 move closecombat\n>p1 move hydropump\n>p2 switch 2\n>p1 switch 4\n>p2 move uturn\n>p2 switch 3\n>p1 move voltswitch\n>p2 move tripleaxel\n>p1 switch 3\n>p1 switch 4\n>p2 switch 6\n>p1 move hydropump\n>p2 switch 6\n>p1 switch 4\n>p2 move knockoff\n>p1 move closecombat\n>p2 switch 6\n>p1 switch 2\n>p2 move stoneedge\n>p1 move yawn\n>p2 switch 6\n>p1 switch 4\n>p2 move powerwhip\n>p1 switch 5\n>p1 move doubleedge\n>p2 move powerwhip\n>p2 switch 3\n>p1 switch 4\n>p2 move stealthrock\n>p1 move surf\n>p2 move thunderwave\n>p2 switch 5\n>p1 move yawn\n>p2 move swordsdance\n>p1 switch 6\n>p2 move closecombat\n>p1 move quiverdance\n>p2 switch 2\n>p1 move sludgewave\n>p2 move stoneedge\n>p1 switch 6\n>p1 move surf\n>p2 switch 2\n>p1 move surf\n>p2 move closecombat\n>p1 move surf\n>p2 move swordsdance\n>p1 move surf\n>p2 move swordsdance\n>p1 move surf terastallize\n>p2 move closecombat\n>p2 switch 6\n>p1 switch 4\n>p2 move stoneedge\n>p1 move earthquake\n>p2 move stoneedge\n>p2 switch 4\n>p1 switch 4\n>p2 move psyshock\n>p1 move roost\n>p2 move psyshock\n>forcelose p1", "uploadtime": 1781377374, "views": 8, "formatid": "gen9randombattle", "rating": 1919, "private": 0, "password": null}