{"id": "gen9randombattle-2631452968", "format": "[Gen 9] Random Battle", "players": ["ZannaBianca99", "nocomment3"], "log": "|j|\u2606ZannaBianca99\n|j|\u2606nocomment3\n|t:|1781386488\n|gametype|singles\n|player|p1|ZannaBianca99|169|2135\n|player|p2|nocomment3|2|2140\n|gen|9\n|tier|[Gen 9] Random Battle\n|rated|\n|rule|Species Clause: Limit one of each Pok\u00e9mon\n|rule|HP Percentage Mod: HP is shown in percentages\n|rule|Sleep Clause Mod: Limit one foe put to sleep\n|rule|Illusion Level Mod: Illusion disguises the Pok\u00e9mon's true level\n|\n|t:|1781386488\n|teamsize|p1|6\n|teamsize|p2|6\n|start\n|switch|p1a: Sawsbuck|Sawsbuck-Winter, L88, F|284/284\n|switch|p2a: Decidueye|Decidueye-Hisui, L87, M|295/295\n|turn|1\n|\n|t:|1781386497\n|switch|p1a: Clodsire|Clodsire, L81, F|343/343\n|move|p2a: Decidueye|Triple Arrows|p1a: Clodsire\n|-resisted|p1a: Clodsire\n|-damage|p1a: Clodsire|262/343\n|\n|-heal|p1a: Clodsire|283/343|[from] item: Leftovers\n|upkeep\n|turn|2\n|\n|t:|1781386504\n|switch|p2a: Copperajah|Copperajah, L86, M|350/350\n|move|p1a: Clodsire|Curse|p1a: Clodsire\n|-unboost|p1a: Clodsire|spe|1\n|-boost|p1a: Clodsire|atk|1\n|-boost|p1a: Clodsire|def|1\n|\n|-heal|p1a: Clodsire|304/343|[from] item: Leftovers\n|upkeep\n|turn|3\n|\n|t:|1781386508\n|move|p2a: Copperajah|Iron Head|p1a: Clodsire\n|-damage|p1a: Clodsire|132/343\n|move|p1a: Clodsire|Earthquake|p2a: Copperajah\n|-supereffective|p2a: Copperajah\n|-damage|p2a: Copperajah|50/350\n|\n|-heal|p1a: Clodsire|153/343|[from] item: Leftovers\n|upkeep\n|turn|4\n|\n|t:|1781386518\n|move|p2a: Copperajah|Iron Head|p1a: Clodsire\n|-damage|p1a: Clodsire|0 fnt\n|faint|p1a: Clodsire\n|\n|upkeep\n|\n|t:|1781386524\n|switch|p1a: Okidogi|Okidogi, L77, M|262/262\n|turn|5\n|\n|t:|1781386534\n|move|p1a: Okidogi|Knock Off|p2a: Copperajah\n|-damage|p2a: Copperajah|0 fnt\n|-enditem|p2a: Copperajah|Life Orb|[from] move: Knock Off|[of] p1a: Okidogi\n|faint|p2a: Copperajah\n|\n|upkeep\n|\n|t:|1781386539\n|switch|p2a: Toucannon|Toucannon, L88, F|284/284\n|turn|6\n|\n|t:|1781386550\n|-terastallize|p1a: Okidogi|Dark\n|-singleturn|p2a: Toucannon|move: Beak Blast\n|move|p1a: Okidogi|Bulk Up|p1a: Okidogi\n|-boost|p1a: Okidogi|atk|1\n|-boost|p1a: Okidogi|def|1\n|move|p2a: Toucannon|Beak Blast|p1a: Okidogi\n|-damage|p1a: Okidogi|186/262\n|\n|-heal|p1a: Okidogi|202/262|[from] item: Leftovers\n|upkeep\n|turn|7\n|\n|t:|1781386557\n|move|p1a: Okidogi|Bulk Up|p1a: Okidogi\n|-boost|p1a: Okidogi|atk|1\n|-boost|p1a: Okidogi|def|1\n|move|p2a: Toucannon|Boomburst|p1a: Okidogi\n|-damage|p1a: Okidogi|40/262\n|\n|-heal|p1a: Okidogi|56/262|[from] item: Leftovers\n|upkeep\n|turn|8\n|\n|t:|1781386569\n|-singleturn|p2a: Toucannon|move: Beak Blast\n|move|p1a: Okidogi|Drain Punch|p2a: Toucannon\n|-damage|p2a: Toucannon|106/284\n|-heal|p1a: Okidogi|145/262|[from] drain|[of] p2a: Toucannon\n|-status|p1a: Okidogi|brn\n|move|p2a: Toucannon|Beak Blast|p1a: Okidogi\n|-damage|p1a: Okidogi|81/262 brn\n|\n|-heal|p1a: Okidogi|97/262 brn|[from] item: Leftovers\n|-damage|p1a: Okidogi|81/262 brn|[from] brn\n|upkeep\n|turn|9\n|\n|t:|1781386575\n|move|p1a: Okidogi|Gunk Shot|p2a: Toucannon\n|-damage|p2a: Toucannon|0 fnt\n|faint|p2a: Toucannon\n|\n|-heal|p1a: Okidogi|97/262 brn|[from] item: Leftovers\n|-damage|p1a: Okidogi|81/262 brn|[from] brn\n|upkeep\n|\n|t:|1781386584\n|switch|p2a: Wugtrio|Wugtrio, L91, M|212/212\n|turn|10\n|\n|t:|1781386590\n|move|p2a: Wugtrio|Liquidation|p1a: Okidogi\n|-damage|p1a: Okidogi|12/262 brn\n|-unboost|p1a: Okidogi|def|1\n|move|p1a: Okidogi|Knock Off|p2a: Wugtrio\n|-damage|p2a: Wugtrio|62/212\n|-ability|p2a: Wugtrio|Gooey\n|-unboost|p1a: Okidogi|spe|1\n|-status|p2a: Wugtrio|tox|[from] ability: Toxic Chain|[of] p1a: Okidogi\n|-enditem|p2a: Wugtrio|Choice Band|[from] move: Knock Off|[of] p1a: Okidogi\n|\n|-heal|p1a: Okidogi|28/262 brn|[from] item: Leftovers\n|-damage|p2a: Wugtrio|49/212 tox|[from] psn\n|-damage|p1a: Okidogi|12/262 brn|[from] brn\n|upkeep\n|turn|11\n|\n|t:|1781386597\n|move|p2a: Wugtrio|Liquidation|p1a: Okidogi\n|-damage|p1a: Okidogi|0 fnt\n|faint|p1a: Okidogi\n|\n|-damage|p2a: Wugtrio|23/212 tox|[from] psn\n|upkeep\n|\n|t:|1781386604\n|switch|p1a: Sawsbuck|Sawsbuck-Winter, L88, F|284/284\n|turn|12\n|\n|t:|1781386610\n|switch|p2a: Decidueye|Decidueye-Hisui, L87, M|295/295\n|move|p1a: Sawsbuck|Swords Dance|p1a: Sawsbuck\n|-boost|p1a: Sawsbuck|atk|2\n|\n|upkeep\n|turn|13\n|\n|t:|1781386613\n|move|p1a: Sawsbuck|Double-Edge|p2a: Decidueye\n|-damage|p2a: Decidueye|0 fnt\n|faint|p2a: Decidueye\n|-damage|p1a: Sawsbuck|187/284|[from] Recoil\n|-damage|p1a: Sawsbuck|159/284|[from] item: Life Orb\n|\n|upkeep\n|\n|t:|1781386617\n|switch|p2a: Wugtrio|Wugtrio, L91, M|23/212 tox\n|turn|14\n|\n|t:|1781386621\n|switch|p1a: Azumarill|Azumarill, L82, M|298/298\n|move|p2a: Wugtrio|Throat Chop|p1a: Azumarill\n|-resisted|p1a: Azumarill\n|-damage|p1a: Azumarill|259/298\n|-start|p1a: Azumarill|Throat Chop|[silent]\n|\n|-damage|p2a: Wugtrio|10/212 tox|[from] psn\n|upkeep\n|turn|15\n|\n|t:|1781386628\n|move|p2a: Wugtrio|Throat Chop|p1a: Azumarill\n|-resisted|p1a: Azumarill\n|-damage|p1a: Azumarill|219/298\n|move|p1a: Azumarill|Knock Off|p2a: Wugtrio\n|-damage|p2a: Wugtrio|0 fnt\n|-ability|p2a: Wugtrio|Gooey\n|-unboost|p1a: Azumarill|spe|1\n|faint|p2a: Wugtrio\n|\n|-end|p1a: Azumarill|Throat Chop|[silent]\n|upkeep\n|\n|t:|1781386635\n|switch|p2a: Volcanion|Volcanion, L79|255/255\n|turn|16\n|\n|t:|1781386639\n|move|p2a: Volcanion|Sludge Bomb|p1a: Azumarill\n|-supereffective|p1a: Azumarill\n|-damage|p1a: Azumarill|0 fnt\n|faint|p1a: Azumarill\n|\n|upkeep\n|\n|t:|1781386647\n|switch|p1a: Arceus|Arceus, L68|276/276\n|turn|17\n|\n|t:|1781386651\n|move|p1a: Arceus|Swords Dance|p1a: Arceus\n|-boost|p1a: Arceus|atk|2\n|move|p2a: Volcanion|Sludge Bomb|p1a: Arceus\n|-crit|p1a: Arceus\n|-damage|p1a: Arceus|129/276\n|-status|p1a: Arceus|psn\n|\n|-damage|p1a: Arceus|95/276 psn|[from] psn\n|upkeep\n|turn|18\n|\n|t:|1781386655\n|move|p1a: Arceus|Earthquake|p2a: Volcanion\n|-supereffective|p2a: Volcanion\n|-damage|p2a: Volcanion|5/255\n|-damage|p1a: Arceus|68/276 psn|[from] item: Life Orb\n|move|p2a: Volcanion|Sludge Bomb|p1a: Arceus\n|-damage|p1a: Arceus|0 fnt\n|faint|p1a: Arceus\n|\n|upkeep\n|\n|t:|1781386660\n|switch|p1a: Sawsbuck|Sawsbuck-Winter, L88, F|159/284\n|turn|19\n|\n|t:|1781386662\n|move|p1a: Sawsbuck|Horn Leech|p2a: Volcanion\n|-damage|p2a: Volcanion|0 fnt\n|-heal|p1a: Sawsbuck|162/284|[from] drain|[of] p2a: Volcanion\n|faint|p2a: Volcanion\n|-damage|p1a: Sawsbuck|134/284|[from] item: Life Orb\n|\n|upkeep\n|\n|t:|1781386663\n|switch|p2a: Maushold|Maushold, L76|238/238\n|turn|20\n|\n|t:|1781386674\n|move|p1a: Sawsbuck|Double-Edge|p2a: Maushold\n|-damage|p2a: Maushold|0 fnt\n|faint|p2a: Maushold\n|-damage|p1a: Sawsbuck|55/284|[from] Recoil\n|-damage|p1a: Sawsbuck|27/284|[from] item: Life Orb\n|\n|win|ZannaBianca99\n", "inputlog": ">version a8376a258c1d4662feba110a92103f3664a72141\n>start {\"formatid\":\"gen9randombattle\",\"seed\":\"sodium,2cfd4a8d4edcd69431708fbd98518cbb\",\"rated\":\"Rated battle\"}\n>player p1 {\"name\":\"ZannaBianca99\",\"avatar\":\"169\",\"rating\":2135,\"seed\":\"sodium,0133d5f94055348b47476945a55b2b64\"}\n>player p2 {\"name\":\"nocomment3\",\"avatar\":\"2\",\"rating\":2140,\"seed\":\"sodium,e5573e21b62370b1e9e0111ae899c5c8\"}\n>p1 switch 3\n>p2 move triplearrows\n>p1 move curse\n>p2 switch 6\n>p1 move earthquake\n>p2 move ironhead\n>p1 move earthquake\n>p2 move ironhead\n>p1 switch 5\n>p1 move knockoff\n>p2 move playrough\n>p2 switch 2\n>p1 move bulkup terastallize\n>p2 move beakblast\n>p1 move bulkup\n>p2 move boomburst\n>p1 move drainpunch\n>p2 move beakblast\n>p1 move gunkshot\n>p2 move boomburst\n>p2 switch 5\n>p1 move knockoff\n>p2 move liquidation\n>p1 move knockoff\n>p2 move liquidation\n>p1 switch 3\n>p1 move swordsdance\n>p2 switch 6\n>p1 move doubleedge\n>p2 move triplearrows\n>p2 switch 6\n>p1 switch 6\n>p2 move throatchop\n>p1 move knockoff\n>p2 move throatchop\n>p2 switch 3\n>p1 move knockoff\n>p2 move sludgebomb\n>p1 switch 2\n>p1 move swordsdance\n>p2 move sludgebomb\n>p1 move earthquake\n>p2 move sludgebomb\n>p1 switch 6\n>p1 move hornleech\n>p2 move sludgebomb\n>p2 switch 4\n>p1 move doubleedge\n>p2 move tidyup", "uploadtime": 1781386490, "views": 5, "formatid": "gen9randombattle", "rating": null, "private": 0, "password": null}