{"id": "gen9randombattle-2631859373", "format": "[Gen 9] Random Battle", "players": ["xxzjdd", "greenuu cc"], "log": "|j|\u2606xxzjdd\n|j|\u2606greenuu cc\n|t:|1781449056\n|gametype|singles\n|player|p1|xxzjdd|lucas|1205\n|player|p2|greenuu cc|teamrocket|1197\n|gen|9\n|tier|[Gen 9] Random Battle\n|rated|\n|rule|Species Clause: Limit one of each Pok\u00e9mon\n|rule|HP Percentage Mod: HP is shown in percentages\n|rule|Sleep Clause Mod: Limit one foe put to sleep\n|rule|Illusion Level Mod: Illusion disguises the Pok\u00e9mon's true level\n|\n|t:|1781449056\n|teamsize|p1|6\n|teamsize|p2|6\n|start\n|switch|p1a: Shiftry|Shiftry, L89, F|305/305\n|switch|p2a: Dedenne|Dedenne, L88, F|261/261\n|turn|1\n|inactive|Battle timer is ON: inactive players will automatically lose when time's up. (requested by greenuu cc)\n|inactive|xxzjdd has 120 seconds left.\n|inactive|xxzjdd has 90 seconds left.\n|\n|t:|1781449126\n|switch|p1a: Revavroom|Revavroom, L79, F|256/256\n|move|p2a: Dedenne|Nuzzle|p1a: Revavroom\n|-damage|p1a: Revavroom|238/256\n|-status|p1a: Revavroom|par\n|\n|upkeep\n|turn|2\n|\n|t:|1781449139\n|switch|p2a: Yanmega|Yanmega, L82, M|275/275\n|cant|p1a: Revavroom|par\n|\n|upkeep\n|turn|3\n|\n|t:|1781449146\n|-terastallize|p2a: Yanmega|Ground\n|move|p2a: Yanmega|Tera Blast|p1a: Revavroom|[anim] Tera Blast Ground\n|-supereffective|p1a: Revavroom\n|-damage|p1a: Revavroom|0 fnt\n|faint|p1a: Revavroom\n|\n|-ability|p2a: Yanmega|Speed Boost|boost\n|-boost|p2a: Yanmega|spe|1\n|upkeep\n|\n|t:|1781449163\n|switch|p1a: Manaphy|Manaphy, L78|284/284\n|turn|4\n|\n|t:|1781449170\n|switch|p2a: Dedenne|Dedenne, L88, F|261/261\n|move|p1a: Manaphy|Hydro Pump|p2a: Dedenne|[miss]\n|-miss|p1a: Manaphy|p2a: Dedenne\n|\n|upkeep\n|turn|5\n|\n|t:|1781449183\n|move|p2a: Dedenne|Nuzzle|p1a: Manaphy\n|-supereffective|p1a: Manaphy\n|-damage|p1a: Manaphy|252/284\n|-status|p1a: Manaphy|par\n|move|p1a: Manaphy|Tail Glow|p1a: Manaphy\n|-boost|p1a: Manaphy|spa|3\n|\n|-heal|p1a: Manaphy|269/284 par|[from] item: Leftovers\n|upkeep\n|turn|6\n|\n|t:|1781449194\n|move|p2a: Dedenne|Thunderbolt|p1a: Manaphy\n|-supereffective|p1a: Manaphy\n|-damage|p1a: Manaphy|81/284 par\n|move|p1a: Manaphy|Tail Glow|p1a: Manaphy\n|-boost|p1a: Manaphy|spa|3\n|\n|-heal|p1a: Manaphy|98/284 par|[from] item: Leftovers\n|upkeep\n|turn|7\n|\n|t:|1781449206\n|move|p2a: Dedenne|Thunderbolt|p1a: Manaphy\n|-supereffective|p1a: Manaphy\n|-damage|p1a: Manaphy|0 fnt\n|faint|p1a: Manaphy\n|\n|upkeep\n|inactive|xxzjdd has 120 seconds left.\n|\n|t:|1781449232\n|switch|p1a: Froslass|Froslass, L87, F|263/263\n|turn|8\n|\n|t:|1781449238\n|move|p1a: Froslass|Spikes|p2a: Dedenne\n|-sidestart|p2: greenuu cc|Spikes\n|move|p2a: Dedenne|Nuzzle|p1a: Froslass\n|-damage|p1a: Froslass|244/263\n|-status|p1a: Froslass|par\n|\n|upkeep\n|turn|9\n|\n|t:|1781449250\n|move|p2a: Dedenne|Dazzling Gleam|p1a: Froslass\n|-damage|p1a: Froslass|148/263 par\n|move|p1a: Froslass|Poltergeist|p2a: Dedenne\n|-activate|p2a: Dedenne|move: Poltergeist|Sitrus Berry\n|-damage|p2a: Dedenne|122/261\n|-enditem|p2a: Dedenne|Sitrus Berry|[eat]\n|-heal|p2a: Dedenne|187/261|[from] item: Sitrus Berry\n|-heal|p2a: Dedenne|261/261|[from] ability: Cheek Pouch\n|\n|upkeep\n|turn|10\n|\n|t:|1781449261\n|move|p2a: Dedenne|Thunderbolt|p1a: Froslass\n|-damage|p1a: Froslass|46/263 par\n|move|p1a: Froslass|Destiny Bond|p1a: Froslass\n|-singlemove|p1a: Froslass|Destiny Bond\n|\n|upkeep\n|turn|11\n|\n|t:|1781449268\n|move|p2a: Dedenne|Nuzzle|p1a: Froslass\n|-damage|p1a: Froslass|25/263 par\n|-start|p2a: Dedenne|Disable|Nuzzle|[from] ability: Cursed Body|[of] p1a: Froslass\n|move|p1a: Froslass|Poltergeist||[still]\n|-fail|p1a: Froslass\n|\n|upkeep\n|turn|12\n|\n|t:|1781449276\n|move|p2a: Dedenne|Dazzling Gleam|p1a: Froslass\n|-damage|p1a: Froslass|0 fnt\n|faint|p1a: Froslass\n|\n|upkeep\n|\n|t:|1781449283\n|switch|p1a: Lunala|Lunala, L70|308/308\n|turn|13\n|\n|t:|1781449289\n|move|p2a: Dedenne|Thunderbolt|p1a: Lunala\n|-damage|p1a: Lunala|258/308\n|move|p1a: Lunala|Calm Mind|p1a: Lunala\n|-boost|p1a: Lunala|spa|1\n|-boost|p1a: Lunala|spd|1\n|\n|-heal|p1a: Lunala|277/308|[from] item: Leftovers\n|upkeep\n|turn|14\n|\n|t:|1781449298\n|move|p2a: Dedenne|Thunderbolt|p1a: Lunala\n|-damage|p1a: Lunala|219/308\n|-status|p1a: Lunala|par\n|move|p1a: Lunala|Calm Mind|p1a: Lunala\n|-boost|p1a: Lunala|spa|1\n|-boost|p1a: Lunala|spd|1\n|\n|-heal|p1a: Lunala|238/308 par|[from] item: Leftovers\n|-end|p2a: Dedenne|Disable\n|upkeep\n|turn|15\n|\n|t:|1781449309\n|switch|p2a: Ariados|Ariados, L95, M|287/287\n|move|p1a: Lunala|Calm Mind|p1a: Lunala\n|-boost|p1a: Lunala|spa|1\n|-boost|p1a: Lunala|spd|1\n|\n|-heal|p1a: Lunala|257/308 par|[from] item: Leftovers\n|upkeep\n|turn|16\n|\n|t:|1781449320\n|move|p2a: Ariados|Megahorn|p1a: Lunala\n|-damage|p1a: Lunala|76/308 par\n|move|p1a: Lunala|Moongeist Beam|p2a: Ariados\n|-damage|p2a: Ariados|5/287\n|\n|-heal|p1a: Lunala|95/308 par|[from] item: Leftovers\n|upkeep\n|turn|17\n|\n|t:|1781449330\n|move|p2a: Ariados|Megahorn|p1a: Lunala\n|-damage|p1a: Lunala|0 fnt\n|faint|p1a: Lunala\n|\n|upkeep\n|\n|t:|1781449340\n|switch|p1a: Shiftry|Shiftry, L89, F|305/305\n|turn|18\n|\n|t:|1781449345\n|switch|p2a: Dedenne|Dedenne, L88, F|261/261\n|-damage|p2a: Dedenne|229/261|[from] Spikes\n|move|p1a: Shiftry|Tailwind|p1a: Shiftry\n|-sidestart|p1: xxzjdd|move: Tailwind\n|-ability|p1a: Shiftry|Wind Rider|boost\n|-boost|p1a: Shiftry|atk|1\n|\n|upkeep\n|turn|19\n|\n|t:|1781449359\n|move|p1a: Shiftry|Leaf Blade|p2a: Dedenne\n|-damage|p2a: Dedenne|0 fnt\n|faint|p2a: Dedenne\n|-damage|p1a: Shiftry|275/305|[from] item: Life Orb\n|\n|upkeep\n|\n|t:|1781449371\n|switch|p2a: Squawkabilly|Squawkabilly-White, L89, M|291/291\n|turn|20\n|\n|t:|1781449383\n|move|p1a: Shiftry|Knock Off|p2a: Squawkabilly\n|-damage|p2a: Squawkabilly|0 fnt\n|-enditem|p2a: Squawkabilly|Choice Band|[from] move: Knock Off|[of] p1a: Shiftry\n|faint|p2a: Squawkabilly\n|-damage|p1a: Shiftry|245/305|[from] item: Life Orb\n|\n|upkeep\n|\n|t:|1781449393\n|switch|p2a: Ariados|Ariados, L95, M|5/287\n|turn|21\n|\n|t:|1781449398\n|move|p1a: Shiftry|Knock Off|p2a: Ariados\n|-damage|p2a: Ariados|0 fnt\n|-enditem|p2a: Ariados|Heavy-Duty Boots|[from] move: Knock Off|[of] p1a: Shiftry\n|faint|p2a: Ariados\n|-damage|p1a: Shiftry|215/305|[from] item: Life Orb\n|\n|-sideend|p1: xxzjdd|move: Tailwind\n|upkeep\n|\n|t:|1781449409\n|switch|p2a: Yanmega|Yanmega, L82, M, tera:Ground|275/275\n|turn|22\n|\n|t:|1781449414\n|-terastallize|p1a: Shiftry|Fighting\n|move|p2a: Yanmega|Bug Buzz|p1a: Shiftry\n|-resisted|p1a: Shiftry\n|-damage|p1a: Shiftry|147/305\n|move|p1a: Shiftry|Tailwind|p1a: Shiftry\n|-sidestart|p1: xxzjdd|move: Tailwind\n|-ability|p1a: Shiftry|Wind Rider|boost\n|-boost|p1a: Shiftry|atk|1\n|\n|-ability|p2a: Yanmega|Speed Boost|boost\n|-boost|p2a: Yanmega|spe|1\n|upkeep\n|turn|23\n|\n|t:|1781449427\n|move|p1a: Shiftry|Leaf Blade|p2a: Yanmega\n|-supereffective|p2a: Yanmega\n|-crit|p2a: Yanmega\n|-damage|p2a: Yanmega|0 fnt\n|faint|p2a: Yanmega\n|-damage|p1a: Shiftry|117/305|[from] item: Life Orb\n|\n|upkeep\n|\n|t:|1781449432\n|switch|p2a: Regirock|Regirock, L83|268/268\n|-damage|p2a: Regirock|235/268|[from] Spikes\n|turn|24\n|\n|t:|1781449438\n|move|p1a: Shiftry|Low Kick|p2a: Regirock\n|-supereffective|p2a: Regirock\n|-damage|p2a: Regirock|0 fnt\n|faint|p2a: Regirock\n|-damage|p1a: Shiftry|87/305|[from] item: Life Orb\n|\n|upkeep\n|\n|t:|1781449444\n|switch|p2a: Indeedee|Indeedee, L84, M|238/238\n|-damage|p2a: Indeedee|209/238|[from] Spikes\n|-fieldstart|move: Psychic Terrain|[from] ability: Psychic Surge|[of] p2a: Indeedee\n|turn|25\n|\n|t:|1781449450\n|move|p1a: Shiftry|Knock Off|p2a: Indeedee\n|-supereffective|p2a: Indeedee\n|-damage|p2a: Indeedee|0 fnt\n|-enditem|p2a: Indeedee|Life Orb|[from] move: Knock Off|[of] p1a: Shiftry\n|faint|p2a: Indeedee\n|-damage|p1a: Shiftry|57/305|[from] item: Life Orb\n|\n|win|xxzjdd\n|raw|xxzjdd's rating: 1205 &rarr; <strong>1229</strong><br />(+24 for winning)\n|raw|greenuu cc's rating: 1197 &rarr; <strong>1173</strong><br />(-24 for losing)\n|l|\u2606greenuu cc\n|player|p2|\n|l|\u2606xxzjdd\n|player|p1|\n|j|\u2606xxzjdd\n|player|p1|xxzjdd|lucas|\n", "inputlog": ">version a8376a258c1d4662feba110a92103f3664a72141\n>start {\"formatid\":\"gen9randombattle\",\"seed\":\"sodium,55a9b05f4f9a36c5f7566692026d4bbd\",\"rated\":\"Rated battle\"}\n>player p1 {\"name\":\"xxzjdd\",\"avatar\":\"lucas\",\"rating\":1205,\"seed\":\"sodium,a8d8d25af6cfa613da695ae27ff7e7b2\"}\n>player p2 {\"name\":\"greenuu cc\",\"avatar\":\"teamrocket\",\"rating\":1197,\"seed\":\"sodium,d469ed7c843d4aead7d00b3d22b4d7d3\"}\n>p1 switch 4\n>p2 move nuzzle\n>p1 move shiftgear\n>p2 switch 3\n>p1 move shiftgear\n>p2 move terablast terastallize\n>p1 switch 5\n>p1 move hydropump\n>p2 switch 3\n>p1 move tailglow\n>p2 move nuzzle\n>p1 move tailglow\n>p2 move thunderbolt\n>p1 move hydropump\n>p2 move thunderbolt\n>p1 switch 3\n>p1 move spikes\n>p2 move nuzzle\n>p1 move poltergeist\n>p2 move dazzlinggleam\n>p1 move destinybond\n>p2 move thunderbolt\n>p1 move poltergeist\n>p2 move nuzzle\n>p1 move destinybond\n>p2 move dazzlinggleam\n>p1 switch 6\n>p1 move calmmind\n>p2 move thunderbolt\n>p1 move calmmind\n>p2 move thunderbolt\n>p1 move calmmind\n>p2 switch 5\n>p1 move moongeistbeam\n>p2 move megahorn\n>p1 move moongeistbeam\n>p2 move megahorn\n>p1 switch 4\n>p1 move tailwind\n>p2 switch 5\n>p1 move leafblade\n>p2 move nuzzle\n>p2 switch 2\n>p1 move knockoff\n>p2 move bravebird\n>p2 switch 5\n>p1 move knockoff\n>p2 move megahorn\n>p2 switch 3\n>p1 move tailwind terastallize\n>p2 move bugbuzz\n>p1 move leafblade\n>p2 move airslash\n>p2 switch 6\n>p1 move lowkick\n>p2 move bodypress\n>p2 switch 4\n>p1 move knockoff\n>p2 move expandingforce", "uploadtime": 1781449614, "views": 5, "formatid": "gen9randombattle", "rating": 1173, "private": 0, "password": null}