{"id": "gen9randombattle-2631916824", "format": "[Gen 9] Random Battle", "players": ["fortnitekid1212", "Soul Gem"], "log": "|j|\u2606fortnitekid1212\n|j|\u2606Soul Gem\n|t:|1781455356\n|gametype|singles\n|player|p1|fortnitekid1212|101|1972\n|player|p2|Soul Gem|misty|1925\n|gen|9\n|tier|[Gen 9] Random Battle\n|rated|\n|rule|Species Clause: Limit one of each Pok\u00e9mon\n|rule|HP Percentage Mod: HP is shown in percentages\n|rule|Sleep Clause Mod: Limit one foe put to sleep\n|rule|Illusion Level Mod: Illusion disguises the Pok\u00e9mon's true level\n|\n|t:|1781455356\n|teamsize|p1|6\n|teamsize|p2|6\n|start\n|switch|p1a: Metagross|Metagross, L79|256/256\n|switch|p2a: Misdreavus|Misdreavus, L90, F|254/254\n|turn|1\n|inactive|Battle timer is ON: inactive players will automatically lose when time's up. (requested by fortnitekid1212)\n|\n|t:|1781455384\n|switch|p1a: Arceus|Arceus-Grass, L73|219/219\n|move|p2a: Misdreavus|Will-O-Wisp|p1a: Arceus|[miss]\n|-miss|p2a: Misdreavus|p1a: Arceus\n|\n|upkeep\n|turn|2\n|\n|t:|1781455405\n|switch|p2a: Iron Jugulis|Iron Jugulis, L77|271/271\n|move|p1a: Arceus|Poltergeist|p2a: Iron Jugulis\n|-activate|p2a: Iron Jugulis|move: Poltergeist|Power Herb\n|-resisted|p2a: Iron Jugulis\n|-damage|p2a: Iron Jugulis|193/271\n|-damage|p1a: Arceus|198/219|[from] item: Life Orb\n|\n|upkeep\n|turn|3\n|\n|t:|1781455420\n|move|p1a: Arceus|Hyper Voice|p2a: Iron Jugulis\n|-damage|p2a: Iron Jugulis|24/271\n|-damage|p1a: Arceus|177/219|[from] item: Life Orb\n|move|p2a: Iron Jugulis|Meteor Beam||[still]\n|-prepare|p2a: Iron Jugulis|Meteor Beam\n|-boost|p2a: Iron Jugulis|spa|1\n|-enditem|p2a: Iron Jugulis|Power Herb\n|-anim|p2a: Iron Jugulis|Meteor Beam|p1a: Arceus\n|-damage|p1a: Arceus|0 fnt\n|replace|p1a: Zoroark|Zoroark-Hisui, L80, F\n|-end|p1a: Zoroark|Illusion\n|-hint|Illusion Level Mod is active, so this Pok\u00e9mon's true level was hidden.\n|faint|p1a: Zoroark\n|\n|upkeep\n|inactive|fortnitekid1212 has 120 seconds left.\n|\n|t:|1781455437\n|switch|p1a: Arceus|Arceus-Grass, L73|296/296\n|turn|4\n|\n|t:|1781455445\n|-end|p2a: Iron Jugulis|Quark Drive|[silent]\n|switch|p2a: Kilowattrel|Kilowattrel, L83, M|252/252\n|move|p1a: Arceus|Ice Beam|p2a: Kilowattrel\n|-supereffective|p2a: Kilowattrel\n|-damage|p2a: Kilowattrel|98/252\n|\n|upkeep\n|turn|5\n|\n|t:|1781455454\n|move|p2a: Kilowattrel|Roost|p2a: Kilowattrel\n|-heal|p2a: Kilowattrel|224/252\n|-singleturn|p2a: Kilowattrel|move: Roost\n|move|p1a: Arceus|Ice Beam|p2a: Kilowattrel\n|-damage|p2a: Kilowattrel|144/252\n|\n|upkeep\n|turn|6\n|\n|t:|1781455463\n|move|p2a: Kilowattrel|U-turn|p1a: Arceus\n|-supereffective|p1a: Arceus\n|-damage|p1a: Arceus|222/296\n|\n|t:|1781455469\n|switch|p2a: Misdreavus|Misdreavus, L90, F|254/254|[from] U-turn\n|move|p1a: Arceus|Ice Beam|p2a: Misdreavus\n|-damage|p2a: Misdreavus|218/254\n|\n|upkeep\n|turn|7\n|\n|t:|1781455499\n|switch|p1a: Swampert|Swampert, L83, M|302/302\n|move|p2a: Misdreavus|Will-O-Wisp|p1a: Swampert\n|-status|p1a: Swampert|brn\n|\n|-damage|p1a: Swampert|284/302 brn|[from] brn\n|upkeep\n|turn|8\n|\n|t:|1781455525\n|move|p2a: Misdreavus|Calm Mind|p2a: Misdreavus\n|-boost|p2a: Misdreavus|spa|1\n|-boost|p2a: Misdreavus|spd|1\n|move|p1a: Swampert|Yawn|p2a: Misdreavus\n|-start|p2a: Misdreavus|move: Yawn|[of] p1a: Swampert\n|\n|-heal|p1a: Swampert|302/302 brn|[from] item: Leftovers\n|-damage|p1a: Swampert|284/302 brn|[from] brn\n|upkeep\n|turn|9\n|\n|t:|1781455532\n|switch|p2a: Kilowattrel|Kilowattrel, L83, M|144/252\n|move|p1a: Swampert|Flip Turn|p2a: Kilowattrel\n|-damage|p2a: Kilowattrel|99/252\n|\n|t:|1781455538\n|switch|p1a: Delibird|Delibird, F|252/252|[from] Flip Turn\n|\n|upkeep\n|turn|10\n|\n|t:|1781455544\n|switch|p2a: Wugtrio|Wugtrio, L91, M|212/212\n|move|p1a: Delibird|Ice Shard|p2a: Wugtrio|[miss]\n|-miss|p1a: Delibird|p2a: Wugtrio\n|\n|upkeep\n|turn|11\n|\n|t:|1781455569\n|move|p2a: Wugtrio|Liquidation|p1a: Delibird\n|-damage|p1a: Delibird|51/252\n|move|p1a: Delibird|Brave Bird|p2a: Wugtrio|[miss]\n|-miss|p1a: Delibird|p2a: Wugtrio\n|\n|upkeep\n|turn|12\n|\n|t:|1781455579\n|switch|p1a: Arceus|Arceus-Grass, L73|222/296\n|move|p2a: Wugtrio|Liquidation|p1a: Arceus\n|-resisted|p1a: Arceus\n|-damage|p1a: Arceus|147/296\n|\n|upkeep\n|turn|13\n|\n|t:|1781455601\n|switch|p2a: Kilowattrel|Kilowattrel, L83, M|99/252\n|move|p1a: Arceus|Judgment|p2a: Kilowattrel\n|-resisted|p2a: Kilowattrel\n|-damage|p2a: Kilowattrel|22/252\n|\n|upkeep\n|turn|14\n|\n|t:|1781455608\n|move|p2a: Kilowattrel|Hurricane|p1a: Arceus|[miss]\n|-miss|p2a: Kilowattrel|p1a: Arceus\n|move|p1a: Arceus|Ice Beam|p2a: Kilowattrel\n|-supereffective|p2a: Kilowattrel\n|-damage|p2a: Kilowattrel|0 fnt\n|faint|p2a: Kilowattrel\n|\n|upkeep\n|\n|t:|1781455625\n|switch|p2a: Terapagos|Terapagos, L77, F|265/265\n|-activate|p2a: Terapagos|ability: Tera Shift\n|detailschange|p2a: Terapagos|Terapagos-Terastal, L77, F\n|-heal|p2a: Terapagos|273/273|[silent]\n|turn|15\n|\n|t:|1781455633\n|switch|p1a: Armarouge|Armarouge, L80, F|267/267\n|move|p2a: Terapagos|Calm Mind|p2a: Terapagos\n|-boost|p2a: Terapagos|spa|1\n|-boost|p2a: Terapagos|spd|1\n|\n|upkeep\n|turn|16\n|\n|t:|1781455640\n|move|p2a: Terapagos|Calm Mind|p2a: Terapagos\n|-boost|p2a: Terapagos|spa|1\n|-boost|p2a: Terapagos|spd|1\n|move|p1a: Armarouge|Psyshock|p2a: Terapagos\n|-activate|p2a: Terapagos|ability: Tera Shell\n|-resisted|p2a: Terapagos\n|-damage|p2a: Terapagos|209/273\n|\n|upkeep\n|turn|17\n|\n|t:|1781455651\n|-terastallize|p2a: Terapagos|Stellar\n|detailschange|p2a: Terapagos|Terapagos-Stellar, L77, F, tera:Stellar\n|-heal|p2a: Terapagos|309/373|[silent]\n|move|p2a: Terapagos|Tera Starstorm|p1a: Armarouge\n|-damage|p1a: Armarouge|29/267\n|move|p1a: Armarouge|Psyshock|p2a: Terapagos\n|-damage|p2a: Terapagos|171/373\n|\n|upkeep\n|turn|18\n|\n|t:|1781455669\n|move|p2a: Terapagos|Rapid Spin|p1a: Armarouge\n|-damage|p1a: Armarouge|0 fnt\n|-boost|p2a: Terapagos|spe|1\n|faint|p1a: Armarouge\n|\n|upkeep\n|\n|t:|1781455675\n|switch|p1a: Metagross|Metagross, L79|256/256\n|turn|19\n|\n|t:|1781455680\n|move|p2a: Terapagos|Earth Power|p1a: Metagross\n|-supereffective|p1a: Metagross\n|-damage|p1a: Metagross|0 fnt\n|faint|p1a: Metagross\n|\n|upkeep\n|-message|fortnitekid1212 forfeited.\n|\n|win|Soul Gem\n|raw|fortnitekid1212's rating: 1972 &rarr; <strong>1949</strong><br />(-23 for losing)\n|raw|Soul Gem's rating: 1925 &rarr; <strong>1948</strong><br />(+23 for winning)\n|l|\u2606fortnitekid1212\n|player|p1|\n", "inputlog": ">version a8376a258c1d4662feba110a92103f3664a72141\n>start {\"formatid\":\"gen9randombattle\",\"seed\":\"sodium,1b51aef9b17699d8760ba0d878923895\",\"rated\":\"Rated battle\"}\n>player p1 {\"name\":\"fortnitekid1212\",\"avatar\":\"101\",\"rating\":1972,\"seed\":\"sodium,d345406dd2290a5d9e8c4bc8acaf0d5c\"}\n>player p2 {\"name\":\"Soul Gem\",\"avatar\":\"misty\",\"rating\":1925,\"seed\":\"sodium,8b8a00ab32b7ed5bfc79c7d0d1434868\"}\n>p1 switch 4\n>p2 move willowisp\n>p1 move poltergeist\n>p2 switch 6\n>p1 move hypervoice\n>p2 move meteorbeam\n>p1 switch 6\n>p1 move icebeam\n>p2 switch 4\n>p1 move icebeam\n>p2 move roost\n>p1 move icebeam\n>p2 move uturn\n>p2 switch 6\n>p1 switch 2\n>p2 move willowisp\n>p1 move yawn\n>p2 move calmmind\n>p1 move flipturn\n>p2 switch 6\n>p1 switch 5\n>p1 move iceshard\n>p2 switch 3\n>p1 move bravebird\n>p2 move liquidation\n>p1 switch 2\n>p2 move liquidation\n>p1 move judgment\n>p2 switch 3\n>p1 move icebeam\n>p2 move hurricane\n>p2 switch 5\n>p1 switch 3\n>p2 move calmmind\n>p1 move psyshock\n>p2 move calmmind\n>p1 move psyshock\n>p2 move terastarstorm terastallize\n>p1 move psyshock\n>p2 move rapidspin\n>p1 switch 4\n>p1 move heavyslam\n>p2 move earthpower\n>forcelose p1", "uploadtime": 1781455358, "views": 5, "formatid": "gen9randombattle", "rating": 1948, "private": 0, "password": null}