{"id": "gen9randombattle-2631823265", "format": "[Gen 9] Random Battle", "players": ["Pilapilapila", "itstoff"], "log": "|j|\u2606Pilapilapila\n|j|\u2606itstoff\n|t:|1781444683\n|gametype|singles\n|player|p1|Pilapilapila|265|1581\n|player|p2|itstoff|miku-water|1540\n|gen|9\n|tier|[Gen 9] Random Battle\n|rated|\n|rule|Species Clause: Limit one of each Pok\u00e9mon\n|rule|HP Percentage Mod: HP is shown in percentages\n|rule|Sleep Clause Mod: Limit one foe put to sleep\n|rule|Illusion Level Mod: Illusion disguises the Pok\u00e9mon's true level\n|\n|t:|1781444683\n|teamsize|p1|6\n|teamsize|p2|6\n|start\n|switch|p1a: Lumineon|Lumineon, L93, F|279/279\n|switch|p2a: Minun|Minun, L95, F|268/268\n|turn|1\n|inactive|Battle timer is ON: inactive players will automatically lose when time's up. (requested by itstoff)\n|\n|t:|1781444709\n|move|p2a: Minun|Thunderbolt|p1a: Lumineon\n|-supereffective|p1a: Lumineon\n|-damage|p1a: Lumineon|53/279\n|-damage|p2a: Minun|242/268|[from] item: Life Orb\n|move|p1a: Lumineon|Encore|p2a: Minun\n|-start|p2a: Minun|Encore\n|\n|upkeep\n|turn|2\n|\n|t:|1781444728\n|switch|p1a: Chansey|Chansey, L85, F|564/564\n|move|p2a: Minun|Thunderbolt|p1a: Chansey\n|-damage|p1a: Chansey|493/564\n|-status|p1a: Chansey|par\n|-damage|p2a: Minun|216/268|[from] item: Life Orb\n|\n|upkeep\n|turn|3\n|\n|t:|1781444738\n|switch|p2a: Gumshoos|Gumshoos, L95, F|321/321\n|move|p1a: Chansey|Stealth Rock|p2a: Gumshoos\n|-sidestart|p2: itstoff|move: Stealth Rock\n|\n|upkeep\n|turn|4\n|\n|t:|1781444755\n|-curestatus|p1a: Chansey|par|[from] ability: Natural Cure|[silent]\n|switch|p1a: Rampardos|Rampardos, L90, M|321/321\n|move|p2a: Gumshoos|Knock Off|p1a: Rampardos\n|-damage|p1a: Rampardos|0 fnt\n|-enditem|p1a: Rampardos|Life Orb|[from] move: Knock Off|[of] p2a: Gumshoos\n|faint|p1a: Rampardos\n|\n|upkeep\n|inactive|Pilapilapila has 120 seconds left.\n|\n|t:|1781444793\n|switch|p1a: Lumineon|Lumineon, L93, F|53/279\n|turn|5\n|\n|t:|1781444810\n|move|p1a: Lumineon|Hydro Pump|p2a: Gumshoos\n|-damage|p2a: Gumshoos|203/321\n|move|p2a: Gumshoos|Knock Off|p1a: Lumineon\n|-damage|p1a: Lumineon|0 fnt\n|-enditem|p1a: Lumineon|Heavy-Duty Boots|[from] move: Knock Off|[of] p2a: Gumshoos\n|faint|p1a: Lumineon\n|\n|upkeep\n|\n|t:|1781444830\n|switch|p1a: Cloyster|Cloyster, L80, M|211/211\n|turn|6\n|\n|t:|1781444856\n|move|p1a: Cloyster|Shell Smash|p1a: Cloyster\n|-unboost|p1a: Cloyster|def|1\n|-unboost|p1a: Cloyster|spd|1\n|-boost|p1a: Cloyster|atk|2\n|-boost|p1a: Cloyster|spa|2\n|-boost|p1a: Cloyster|spe|2\n|-enditem|p1a: Cloyster|White Herb\n|-clearnegativeboost|p1a: Cloyster|[silent]\n|move|p2a: Gumshoos|Knock Off|p1a: Cloyster\n|-damage|p1a: Cloyster|151/211\n|\n|upkeep\n|turn|7\n|\n|t:|1781444871\n|move|p1a: Cloyster|Icicle Spear|p2a: Gumshoos\n|-damage|p2a: Gumshoos|149/321\n|-damage|p2a: Gumshoos|92/321\n|-damage|p2a: Gumshoos|32/321\n|-damage|p2a: Gumshoos|0 fnt\n|faint|p2a: Gumshoos\n|-hitcount|p2: Gumshoos|4\n|\n|upkeep\n|\n|t:|1781444877\n|switch|p2a: Tinkaton|Tinkaton, L82, F|274/274\n|-damage|p2a: Tinkaton|257/274|[from] Stealth Rock\n|-ability|p2a: Tinkaton|Mold Breaker\n|turn|8\n|\n|t:|1781444891\n|-terastallize|p2a: Tinkaton|Water\n|move|p1a: Cloyster|Hydro Pump|p2a: Tinkaton\n|-resisted|p2a: Tinkaton\n|-damage|p2a: Tinkaton|167/274\n|move|p2a: Tinkaton|Gigaton Hammer|p1a: Cloyster\n|-damage|p1a: Cloyster|70/211\n|\n|-heal|p2a: Tinkaton|184/274|[from] item: Leftovers\n|upkeep\n|turn|9\n|\n|t:|1781444906\n|move|p1a: Cloyster|Rock Blast|p2a: Tinkaton\n|-damage|p2a: Tinkaton|149/274\n|-damage|p2a: Tinkaton|115/274\n|-damage|p2a: Tinkaton|78/274\n|-damage|p2a: Tinkaton|43/274\n|-damage|p2a: Tinkaton|5/274\n|-hitcount|p2a: Tinkaton|5\n|move|p2a: Tinkaton|Play Rough|p1a: Cloyster\n|-damage|p1a: Cloyster|28/211\n|\n|-heal|p2a: Tinkaton|22/274|[from] item: Leftovers\n|upkeep\n|turn|10\n|\n|t:|1781444918\n|move|p1a: Cloyster|Icicle Spear|p2a: Tinkaton\n|-resisted|p2a: Tinkaton\n|-damage|p2a: Tinkaton|0 fnt\n|faint|p2a: Tinkaton\n|-hitcount|p2: Tinkaton|1\n|\n|upkeep\n|\n|t:|1781444922\n|switch|p2a: Dunsparce|Dunsparce, L86, M|312/312\n|-damage|p2a: Dunsparce|273/312|[from] Stealth Rock\n|turn|11\n|inactive|Pilapilapila has 90 seconds left.\n|\n|t:|1781444950\n|move|p1a: Cloyster|Icicle Spear|p2a: Dunsparce\n|-damage|p2a: Dunsparce|237/312\n|-damage|p2a: Dunsparce|198/312\n|-damage|p2a: Dunsparce|162/312\n|-damage|p2a: Dunsparce|125/312\n|-damage|p2a: Dunsparce|89/312\n|-hitcount|p2a: Dunsparce|5\n|move|p2a: Dunsparce|Body Slam|p1a: Cloyster\n|-damage|p1a: Cloyster|0 fnt\n|faint|p1a: Cloyster\n|\n|upkeep\n|inactive|Pilapilapila has 90 seconds left.\n|\n|t:|1781444971\n|switch|p1a: Ariados|Ariados, L95, M|287/287\n|turn|12\n|\n|t:|1781444984\n|move|p1a: Ariados|Poison Jab|p2a: Dunsparce\n|-damage|p2a: Dunsparce|4/312\n|move|p2a: Dunsparce|Roost|p2a: Dunsparce\n|-heal|p2a: Dunsparce|160/312\n|-singleturn|p2a: Dunsparce|move: Roost\n|\n|upkeep\n|turn|13\n|\n|t:|1781444999\n|move|p1a: Ariados|Sticky Web|p2a: Dunsparce\n|-sidestart|p2: itstoff|move: Sticky Web\n|move|p2a: Dunsparce|Roost|p2a: Dunsparce\n|-heal|p2a: Dunsparce|312/312\n|-singleturn|p2a: Dunsparce|move: Roost\n|\n|upkeep\n|turn|14\n|\n|t:|1781445007\n|move|p1a: Ariados|Megahorn|p2a: Dunsparce\n|-damage|p2a: Dunsparce|188/312\n|move|p2a: Dunsparce|Body Slam|p1a: Ariados\n|-damage|p1a: Ariados|214/287\n|\n|upkeep\n|turn|15\n|inactive|Pilapilapila has 90 seconds left.\n|\n|t:|1781445019\n|move|p1a: Ariados|Megahorn|p2a: Dunsparce\n|-damage|p2a: Dunsparce|79/312\n|move|p2a: Dunsparce|Body Slam|p1a: Ariados\n|-damage|p1a: Ariados|136/287\n|-status|p1a: Ariados|par\n|\n|upkeep\n|turn|16\n|inactive|Pilapilapila has 90 seconds left.\n|c|\u2606Pilapilapila|Jesus\n|\n|t:|1781445036\n|switch|p1a: Chansey|Chansey, L85, F|493/564\n|move|p2a: Dunsparce|Roost|p2a: Dunsparce\n|-heal|p2a: Dunsparce|235/312\n|-singleturn|p2a: Dunsparce|move: Roost\n|\n|upkeep\n|turn|17\n|inactive|Pilapilapila has 90 seconds left.\n|\n|t:|1781445045\n|move|p1a: Chansey|Thunder Wave|p2a: Dunsparce\n|-status|p2a: Dunsparce|par\n|move|p2a: Dunsparce|Body Slam|p1a: Chansey\n|-damage|p1a: Chansey|319/564\n|-status|p1a: Chansey|par\n|\n|upkeep\n|turn|18\n|inactive|Pilapilapila has 90 seconds left.\n|\n|t:|1781445055\n|cant|p1a: Chansey|par\n|cant|p2a: Dunsparce|par\n|\n|upkeep\n|turn|19\n|\n|t:|1781445058\n|cant|p1a: Chansey|par\n|move|p2a: Dunsparce|Body Slam|p1a: Chansey\n|-damage|p1a: Chansey|154/564 par\n|\n|upkeep\n|turn|20\n|\n|t:|1781445063\n|cant|p1a: Chansey|par\n|move|p2a: Dunsparce|Body Slam|p1a: Chansey\n|-damage|p1a: Chansey|0 fnt\n|faint|p1a: Chansey\n|\n|upkeep\n|c|\u2606Pilapilapila|Government mandated loss right here\n|\n|t:|1781445081\n|switch|p1a: Alcremie|Alcremie, L90, F|263/263\n|turn|21\n|c|\u2606itstoff|agreed i fear\n|\n|t:|1781445094\n|move|p1a: Alcremie|Calm Mind|p1a: Alcremie\n|-boost|p1a: Alcremie|spa|1\n|-boost|p1a: Alcremie|spd|1\n|move|p2a: Dunsparce|Body Slam|p1a: Alcremie\n|-damage|p1a: Alcremie|181/263\n|-status|p1a: Alcremie|par\n|\n|-heal|p1a: Alcremie|197/263 par|[from] item: Leftovers\n|upkeep\n|turn|22\n|\n|t:|1781445102\n|move|p1a: Alcremie|Calm Mind|p1a: Alcremie\n|-boost|p1a: Alcremie|spa|1\n|-boost|p1a: Alcremie|spd|1\n|move|p2a: Dunsparce|Coil|p2a: Dunsparce\n|-boost|p2a: Dunsparce|atk|1\n|-boost|p2a: Dunsparce|def|1\n|-boost|p2a: Dunsparce|accuracy|1\n|\n|-heal|p1a: Alcremie|213/263 par|[from] item: Leftovers\n|upkeep\n|turn|23\n|\n|t:|1781445119\n|cant|p1a: Alcremie|par\n|move|p2a: Dunsparce|Coil|p2a: Dunsparce\n|-boost|p2a: Dunsparce|atk|1\n|-boost|p2a: Dunsparce|def|1\n|-boost|p2a: Dunsparce|accuracy|1\n|\n|-heal|p1a: Alcremie|229/263 par|[from] item: Leftovers\n|upkeep\n|turn|24\n|c|\u2606Pilapilapila|Omfg\n|\n|t:|1781445130\n|cant|p1a: Alcremie|par\n|move|p2a: Dunsparce|Body Slam|p1a: Alcremie\n|-damage|p1a: Alcremie|79/263 par\n|\n|-heal|p1a: Alcremie|95/263 par|[from] item: Leftovers\n|upkeep\n|turn|25\n|\n|t:|1781445136\n|move|p1a: Alcremie|Recover|p1a: Alcremie\n|-heal|p1a: Alcremie|227/263 par\n|cant|p2a: Dunsparce|par\n|\n|-heal|p1a: Alcremie|243/263 par|[from] item: Leftovers\n|upkeep\n|turn|26\n|\n|t:|1781445144\n|move|p1a: Alcremie|Alluring Voice|p2a: Dunsparce\n|-damage|p2a: Dunsparce|66/312 par\n|move|p2a: Dunsparce|Body Slam|p1a: Alcremie\n|-damage|p1a: Alcremie|99/263 par\n|\n|-heal|p1a: Alcremie|115/263 par|[from] item: Leftovers\n|upkeep\n|turn|27\n|\n|t:|1781445150\n|cant|p1a: Alcremie|par\n|cant|p2a: Dunsparce|par\n|\n|-heal|p1a: Alcremie|131/263 par|[from] item: Leftovers\n|upkeep\n|turn|28\n|\n|t:|1781445154\n|cant|p1a: Alcremie|par\n|move|p2a: Dunsparce|Roost|p2a: Dunsparce\n|-heal|p2a: Dunsparce|222/312 par\n|-singleturn|p2a: Dunsparce|move: Roost\n|\n|-heal|p1a: Alcremie|147/263 par|[from] item: Leftovers\n|upkeep\n|turn|29\n|c|\u2606Pilapilapila|WHAT ARE THESE PARALYSIS\n|\n|t:|1781445168\n|move|p1a: Alcremie|Alluring Voice|p2a: Dunsparce\n|-damage|p2a: Dunsparce|38/312 par\n|cant|p2a: Dunsparce|par\n|\n|-heal|p1a: Alcremie|163/263 par|[from] item: Leftovers\n|upkeep\n|turn|30\n|\n|t:|1781445173\n|move|p1a: Alcremie|Alluring Voice|p2a: Dunsparce\n|-damage|p2a: Dunsparce|0 fnt\n|faint|p2a: Dunsparce\n|\n|-heal|p1a: Alcremie|179/263 par|[from] item: Leftovers\n|upkeep\n|\n|t:|1781445178\n|switch|p2a: Azelf|Azelf, L82|257/257\n|-damage|p2a: Azelf|225/257|[from] Stealth Rock\n|turn|31\n|\n|t:|1781445191\n|move|p2a: Azelf|Psyshock|p1a: Alcremie\n|-damage|p1a: Alcremie|50/263 par\n|-damage|p2a: Azelf|200/257|[from] item: Life Orb\n|move|p1a: Alcremie|Recover|p1a: Alcremie\n|-heal|p1a: Alcremie|182/263 par\n|\n|-heal|p1a: Alcremie|198/263 par|[from] item: Leftovers\n|upkeep\n|turn|32\n|\n|t:|1781445204\n|move|p2a: Azelf|Nasty Plot|p2a: Azelf\n|-boost|p2a: Azelf|spa|2\n|move|p1a: Alcremie|Alluring Voice|p2a: Azelf\n|-crit|p2a: Azelf\n|-damage|p2a: Azelf|0 fnt\n|faint|p2a: Azelf\n|\n|-heal|p1a: Alcremie|214/263 par|[from] item: Leftovers\n|upkeep\n|\n|t:|1781445210\n|switch|p2a: Zapdos|Zapdos, L78|268/268\n|turn|33\n|\n|t:|1781445222\n|-terastallize|p1a: Alcremie|Ground\n|move|p2a: Zapdos|Thunderbolt|p1a: Alcremie\n|-immune|p1a: Alcremie\n|move|p1a: Alcremie|Alluring Voice|p2a: Zapdos\n|-damage|p2a: Zapdos|28/268\n|\n|-heal|p1a: Alcremie|230/263 par|[from] item: Leftovers\n|upkeep\n|turn|34\n|\n|t:|1781445229\n|move|p2a: Zapdos|Heat Wave|p1a: Alcremie\n|-damage|p1a: Alcremie|206/263 par\n|move|p1a: Alcremie|Alluring Voice|p2a: Zapdos\n|-damage|p2a: Zapdos|0 fnt\n|faint|p2a: Zapdos\n|\n|-heal|p1a: Alcremie|222/263 par|[from] item: Leftovers\n|upkeep\n|\n|t:|1781445231\n|switch|p2a: Minun|Minun, L95, F|216/268\n|-damage|p2a: Minun|183/268|[from] Stealth Rock\n|-activate|p2a: Minun|move: Sticky Web\n|-unboost|p2a: Minun|spe|1\n|turn|35\n|\n|t:|1781445238\n|move|p2a: Minun|Grass Knot|p1a: Alcremie\n|-supereffective|p1a: Alcremie\n|-damage|p1a: Alcremie|206/263 par\n|-damage|p2a: Minun|157/268|[from] item: Life Orb\n|move|p1a: Alcremie|Tera Blast|p2a: Minun|[anim] Tera Blast Ground\n|-supereffective|p2a: Minun\n|-damage|p2a: Minun|0 fnt\n|faint|p2a: Minun\n|\n|win|Pilapilapila\n|raw|Pilapilapila's rating: 1581 &rarr; <strong>1600</strong><br />(+19 for winning)\n|raw|itstoff's rating: 1559 &rarr; <strong>1540</strong><br />(-19 for losing)\n|l|\u2606itstoff\n|player|p2|\n|c|\u2606Pilapilapila|Wow\n", "inputlog": ">version a8376a258c1d4662feba110a92103f3664a72141\n>start {\"formatid\":\"gen9randombattle\",\"seed\":\"sodium,cdc71fcc56d4ca68893219b2c0ef40ed\",\"rated\":\"Rated battle\"}\n>player p1 {\"name\":\"Pilapilapila\",\"avatar\":\"265\",\"rating\":1581,\"seed\":\"sodium,81bd08ba63a5191f20b0f0cca7b27ad7\"}\n>player p2 {\"name\":\"itstoff\",\"avatar\":\"miku-water\",\"rating\":1540,\"seed\":\"sodium,332af47b8cf0942594751fcf9c2af1a1\"}\n>p1 move encore\n>p2 move thunderbolt\n>p1 switch 3\n>p2 move thunderbolt\n>p1 move stealthrock\n>p2 switch 6\n>p1 switch 2\n>p2 move knockoff\n>p1 switch 3\n>p1 move hydropump\n>p2 move knockoff\n>p1 switch 5\n>p1 move shellsmash\n>p2 move knockoff\n>p1 move iciclespear\n>p2 move knockoff\n>p2 switch 4\n>p1 move hydropump\n>p2 move gigatonhammer terastallize\n>p1 move rockblast\n>p2 move playrough\n>p1 move iciclespear\n>p2 move playrough\n>p2 switch 5\n>p1 move iciclespear\n>p2 move bodyslam\n>p1 switch 4\n>p1 move poisonjab\n>p2 move roost\n>p1 move stickyweb\n>p2 move roost\n>p1 move megahorn\n>p2 move bodyslam\n>p1 move megahorn\n>p2 move bodyslam\n>chat \u2606Pilapilapila|Jesus\n>p1 switch 2\n>p2 move roost\n>p1 move thunderwave\n>p2 move bodyslam\n>p1 move seismictoss\n>p2 move bodyslam\n>p1 move seismictoss\n>p2 move bodyslam\n>p1 move softboiled\n>p2 move bodyslam\n>chat \u2606Pilapilapila|Government mandated loss right here\n>p1 switch 6\n>chat \u2606itstoff|agreed i fear\n>p1 move calmmind\n>p2 move bodyslam\n>p1 move calmmind\n>p2 move coil\n>p1 move alluringvoice\n>p2 move coil\n>chat \u2606Pilapilapila|Omfg\n>p1 move alluringvoice\n>p2 move bodyslam\n>p1 move recover\n>p2 move bodyslam\n>p1 move alluringvoice\n>p2 move bodyslam\n>p1 move alluringvoice\n>p2 move roost\n>p1 move alluringvoice\n>p2 move roost\n>chat \u2606Pilapilapila|WHAT ARE THESE PARALYSIS\n>p1 move alluringvoice\n>p2 move bodyslam\n>p1 move alluringvoice\n>p2 move bodyslam\n>p2 switch 3\n>p1 move recover\n>p2 move psyshock\n>p1 move alluringvoice\n>p2 move nastyplot\n>p2 switch 2\n>p1 move alluringvoice terastallize\n>p2 move thunderbolt\n>p1 move alluringvoice\n>p2 move heatwave\n>p2 switch 6\n>p1 move terablast\n>p2 move grassknot", "uploadtime": 1781445258, "views": 9, "formatid": "gen9randombattle", "rating": 1540, "private": 0, "password": null}