{"id": "gen9randombattle-2631752465", "format": "[Gen 9] Random Battle", "players": ["masbahlilganteng", "JayClaw"], "log": "|j|\u2606masbahlilganteng\n|j|\u2606JayClaw\n|t:|1781433964\n|gametype|singles\n|player|p1|masbahlilganteng|hoopster|2082\n|player|p2|JayClaw|red|2055\n|gen|9\n|tier|[Gen 9] Random Battle\n|rated|\n|rule|Species Clause: Limit one of each Pok\u00e9mon\n|rule|HP Percentage Mod: HP is shown in percentages\n|rule|Sleep Clause Mod: Limit one foe put to sleep\n|rule|Illusion Level Mod: Illusion disguises the Pok\u00e9mon's true level\n|\n|t:|1781433964\n|teamsize|p1|6\n|teamsize|p2|6\n|start\n|switch|p1a: Hariyama|Hariyama, L87, F|392/392\n|switch|p2a: Uxie|Uxie, L83|260/260\n|turn|1\n|inactive|Battle timer is ON: inactive players will automatically lose when time's up. (requested by masbahlilganteng)\n|\n|t:|1781433988\n|switch|p1a: Empoleon|Empoleon, L84, M|278/278\n|move|p2a: Uxie|U-turn|p1a: Empoleon\n|-resisted|p1a: Empoleon\n|-damage|p1a: Empoleon|258/278\n|\n|t:|1781433993\n|switch|p2a: Miraidon|Miraidon, L65|238/238|[from] U-turn\n|-fieldstart|move: Electric Terrain|[from] ability: Hadron Engine|[of] p2a: Miraidon\n|\n|-heal|p1a: Empoleon|275/278|[from] item: Leftovers\n|upkeep\n|turn|2\n|\n|t:|1781433999\n|switch|p1a: Lurantis|Lurantis, L87, F|264/264\n|move|p2a: Miraidon|Volt Switch|p1a: Lurantis\n|-resisted|p1a: Lurantis\n|-damage|p1a: Lurantis|213/264\n|\n|t:|1781434011\n|switch|p2a: Golduck|Golduck, L90, M|290/290|[from] Volt Switch\n|-ability|p2a: Golduck|Cloud Nine\n|\n|upkeep\n|turn|3\n|\n|t:|1781434030\n|move|p2a: Golduck|Flip Turn|p1a: Lurantis\n|-resisted|p1a: Lurantis\n|-damage|p1a: Lurantis|181/264\n|\n|t:|1781434036\n|switch|p2a: Kricketune|Kricketune, L99, F|312/312|[from] Flip Turn\n|move|p1a: Lurantis|Leaf Storm|p2a: Kricketune\n|-resisted|p2a: Kricketune\n|-damage|p2a: Kricketune|235/312\n|-boost|p1a: Lurantis|spa|2\n|\n|upkeep\n|turn|4\n|\n|t:|1781434044\n|move|p2a: Kricketune|Pounce|p1a: Lurantis\n|-supereffective|p1a: Lurantis\n|-damage|p1a: Lurantis|0 fnt\n|faint|p1a: Lurantis\n|\n|upkeep\n|\n|t:|1781434050\n|switch|p1a: Empoleon|Empoleon, L84, M|275/278\n|turn|5\n|j| rufoush\n|\n|t:|1781434076\n|switch|p2a: Golduck|Golduck, L90, M|290/290\n|-ability|p2a: Golduck|Cloud Nine\n|move|p1a: Empoleon|Stealth Rock|p2a: Golduck\n|-sidestart|p2: JayClaw|move: Stealth Rock\n|\n|-heal|p1a: Empoleon|278/278|[from] item: Leftovers\n|-fieldend|move: Electric Terrain\n|upkeep\n|turn|6\n|\n|t:|1781434082\n|move|p2a: Golduck|Flip Turn|p1a: Empoleon\n|-resisted|p1a: Empoleon\n|-damage|p1a: Empoleon|245/278\n|\n|t:|1781434086\n|switch|p2a: Miraidon|Miraidon, L65|238/238|[from] Flip Turn\n|-damage|p2a: Miraidon|209/238|[from] Stealth Rock\n|-fieldstart|move: Electric Terrain|[from] ability: Hadron Engine|[of] p2a: Miraidon\n|move|p1a: Empoleon|Roar|p2a: Miraidon\n|drag|p2a: Uxie|Uxie, L83|260/260\n|-damage|p2a: Uxie|228/260|[from] Stealth Rock\n|\n|-heal|p2a: Uxie|244/260|[from] item: Leftovers\n|-heal|p1a: Empoleon|262/278|[from] item: Leftovers\n|upkeep\n|turn|7\n|\n|t:|1781434101\n|move|p2a: Uxie|Thunder Wave|p1a: Empoleon\n|-status|p1a: Empoleon|par\n|cant|p1a: Empoleon|par\n|\n|-heal|p2a: Uxie|260/260|[from] item: Leftovers\n|-heal|p1a: Empoleon|278/278 par|[from] item: Leftovers\n|upkeep\n|turn|8\n|\n|t:|1781434108\n|move|p2a: Uxie|Psychic Noise|p1a: Empoleon\n|-resisted|p1a: Empoleon\n|-damage|p1a: Empoleon|249/278 par\n|-start|p1a: Empoleon|move: Heal Block\n|move|p1a: Empoleon|Roar|p2a: Uxie\n|drag|p2a: Golduck|Golduck, L90, M|290/290\n|-damage|p2a: Golduck|254/290|[from] Stealth Rock\n|-ability|p2a: Golduck|Cloud Nine\n|\n|upkeep\n|turn|9\n|\n|t:|1781434119\n|move|p2a: Golduck|Flip Turn|p1a: Empoleon\n|-resisted|p1a: Empoleon\n|-crit|p1a: Empoleon\n|-damage|p1a: Empoleon|200/278 par\n|\n|t:|1781434123\n|switch|p2a: Miraidon|Miraidon, L65|209/238|[from] Flip Turn\n|-damage|p2a: Miraidon|180/238|[from] Stealth Rock\n|-activate|p2a: Miraidon|ability: Hadron Engine\n|move|p1a: Empoleon|Roar|p2a: Miraidon\n|drag|p2a: Palkia|Palkia-Origin, L72|249/249\n|-damage|p2a: Palkia|218/249|[from] Stealth Rock\n|-ability|p2a: Palkia|Pressure\n|\n|-end|p1a: Empoleon|move: Heal Block\n|upkeep\n|turn|10\n|\n|t:|1781434137\n|move|p2a: Palkia|Fire Blast|p1a: Empoleon\n|-damage|p1a: Empoleon|130/278 par\n|move|p1a: Empoleon|Roost|p1a: Empoleon\n|-heal|p1a: Empoleon|269/278 par\n|-singleturn|p1a: Empoleon|move: Roost\n|\n|-heal|p1a: Empoleon|278/278 par|[from] item: Leftovers\n|-fieldend|move: Electric Terrain\n|upkeep\n|turn|11\n|\n|t:|1781434143\n|switch|p2a: Miraidon|Miraidon, L65|180/238\n|-damage|p2a: Miraidon|151/238|[from] Stealth Rock\n|-fieldstart|move: Electric Terrain|[from] ability: Hadron Engine|[of] p2a: Miraidon\n|cant|p1a: Empoleon|par\n|\n|upkeep\n|turn|12\n|\n|t:|1781434155\n|switch|p1a: Hariyama|Hariyama, L87, F|392/392\n|move|p2a: Miraidon|Volt Switch|p1a: Hariyama\n|-damage|p1a: Hariyama|262/392\n|\n|t:|1781434165\n|switch|p2a: Uxie|Uxie, L83|260/260|[from] Volt Switch\n|-damage|p2a: Uxie|228/260|[from] Stealth Rock\n|\n|-heal|p2a: Uxie|244/260|[from] item: Leftovers\n|upkeep\n|turn|13\n|\n|t:|1781434175\n|switch|p1a: Empoleon|Empoleon, L84, M|278/278 par\n|move|p2a: Uxie|Psychic Noise|p1a: Empoleon\n|-resisted|p1a: Empoleon\n|-damage|p1a: Empoleon|247/278 par\n|-start|p1a: Empoleon|move: Heal Block\n|\n|-heal|p2a: Uxie|260/260|[from] item: Leftovers\n|upkeep\n|turn|14\n|\n|t:|1781434180\n|move|p2a: Uxie|U-turn|p1a: Empoleon\n|-resisted|p1a: Empoleon\n|-damage|p1a: Empoleon|225/278 par\n|\n|t:|1781434183\n|switch|p2a: Golduck|Golduck, L90, M|254/290|[from] U-turn\n|-damage|p2a: Golduck|218/290|[from] Stealth Rock\n|-ability|p2a: Golduck|Cloud Nine\n|move|p1a: Empoleon|Roar|p2a: Golduck\n|drag|p2a: Palkia|Palkia-Origin, L72|218/249\n|-damage|p2a: Palkia|187/249|[from] Stealth Rock\n|-ability|p2a: Palkia|Pressure\n|\n|-end|p1a: Empoleon|move: Heal Block\n|upkeep\n|turn|15\n|\n|t:|1781434211\n|move|p2a: Palkia|Fire Blast|p1a: Empoleon|[miss]\n|-miss|p2a: Palkia|p1a: Empoleon\n|move|p1a: Empoleon|Roar|p2a: Palkia\n|drag|p2a: Deoxys|Deoxys-Speed, L82|216/216\n|-damage|p2a: Deoxys|189/216|[from] Stealth Rock\n|-ability|p2a: Deoxys|Pressure\n|\n|-heal|p1a: Empoleon|242/278 par|[from] item: Leftovers\n|-fieldend|move: Electric Terrain\n|upkeep\n|turn|16\n|\n|t:|1781434221\n|switch|p1a: Ho-Oh|Ho-Oh, L71|268/268\n|move|p2a: Deoxys|Focus Blast|p1a: Ho-Oh|[miss]\n|-miss|p2a: Deoxys|p1a: Ho-Oh\n|\n|upkeep\n|turn|17\n|\n|t:|1781434233\n|switch|p2a: Golduck|Golduck, L90, M|218/290\n|-damage|p2a: Golduck|182/290|[from] Stealth Rock\n|-ability|p2a: Golduck|Cloud Nine\n|move|p1a: Ho-Oh|Earthquake|p2a: Golduck\n|-crit|p2a: Golduck\n|-damage|p2a: Golduck|86/290\n|\n|upkeep\n|turn|18\n|\n|t:|1781434242\n|switch|p1a: Empoleon|Empoleon, L84, M|242/278 par\n|move|p2a: Golduck|Flip Turn|p1a: Empoleon\n|-resisted|p1a: Empoleon\n|-damage|p1a: Empoleon|209/278 par\n|\n|t:|1781434247\n|switch|p2a: Miraidon|Miraidon, L65|151/238|[from] Flip Turn\n|-damage|p2a: Miraidon|122/238|[from] Stealth Rock\n|-fieldstart|move: Electric Terrain|[from] ability: Hadron Engine|[of] p2a: Miraidon\n|\n|-heal|p1a: Empoleon|226/278 par|[from] item: Leftovers\n|upkeep\n|turn|19\n|\n|t:|1781434253\n|switch|p1a: Hariyama|Hariyama, L87, F|262/392\n|move|p2a: Miraidon|Electro Drift|p1a: Hariyama\n|-damage|p1a: Hariyama|58/392\n|\n|upkeep\n|turn|20\n|\n|t:|1781434260\n|move|p2a: Miraidon|Electro Drift|p1a: Hariyama\n|-damage|p1a: Hariyama|0 fnt\n|faint|p1a: Hariyama\n|\n|upkeep\n|\n|t:|1781434263\n|switch|p1a: Rampardos|Rampardos, L90, M|321/321\n|turn|21\n|\n|t:|1781434276\n|switch|p2a: Golduck|Golduck, L90, M|86/290\n|-damage|p2a: Golduck|50/290|[from] Stealth Rock\n|-ability|p2a: Golduck|Cloud Nine\n|move|p1a: Rampardos|Rock Slide|p2a: Golduck\n|-damage|p2a: Golduck|0 fnt\n|faint|p2a: Golduck\n|\n|upkeep\n|\n|t:|1781434284\n|switch|p2a: Uxie|Uxie, L83|260/260\n|-damage|p2a: Uxie|228/260|[from] Stealth Rock\n|turn|22\n|\n|t:|1781434290\n|-terastallize|p1a: Rampardos|Rock\n|move|p1a: Rampardos|Rock Slide|p2a: Uxie\n|-damage|p2a: Uxie|44/260\n|move|p2a: Uxie|U-turn|p1a: Rampardos\n|-damage|p1a: Rampardos|266/321\n|\n|t:|1781434301\n|switch|p2a: Deoxys|Deoxys-Speed, L82|189/216|[from] U-turn\n|-damage|p2a: Deoxys|162/216|[from] Stealth Rock\n|-ability|p2a: Deoxys|Pressure\n|\n|-fieldend|move: Electric Terrain\n|upkeep\n|turn|23\n|\n|t:|1781434309\n|switch|p1a: Empoleon|Empoleon, L84, M|226/278 par\n|move|p2a: Deoxys|Nasty Plot|p2a: Deoxys\n|-boost|p2a: Deoxys|spa|2\n|\n|-heal|p1a: Empoleon|243/278 par|[from] item: Leftovers\n|upkeep\n|turn|24\n|\n|t:|1781434319\n|switch|p1a: Ho-Oh|Ho-Oh, L71|268/268\n|move|p2a: Deoxys|Focus Blast|p1a: Ho-Oh|[miss]\n|-miss|p2a: Deoxys|p1a: Ho-Oh\n|\n|upkeep\n|turn|25\n|\n|t:|1781434339\n|switch|p2a: Palkia|Palkia-Origin, L72|187/249\n|-damage|p2a: Palkia|156/249|[from] Stealth Rock\n|-ability|p2a: Palkia|Pressure\n|move|p1a: Ho-Oh|Sacred Fire|p2a: Palkia\n|-resisted|p2a: Palkia\n|-damage|p2a: Palkia|132/249\n|\n|upkeep\n|turn|26\n|\n|t:|1781434352\n|switch|p2a: Kricketune|Kricketune, L99, F|235/312\n|switch|p1a: Empoleon|Empoleon, L84, M|243/278 par\n|\n|-heal|p1a: Empoleon|260/278 par|[from] item: Leftovers\n|upkeep\n|turn|27\n|\n|t:|1781434378\n|switch|p1a: Rampardos|Rampardos, L90, M, tera:Rock|266/321\n|move|p2a: Kricketune|Sticky Web|p1a: Rampardos\n|-sidestart|p1: masbahlilganteng|move: Sticky Web\n|\n|upkeep\n|turn|28\n|\n|t:|1781434390\n|move|p1a: Rampardos|Rock Slide|p2a: Kricketune\n|-supereffective|p2a: Kricketune\n|-damage|p2a: Kricketune|0 fnt\n|faint|p2a: Kricketune\n|\n|upkeep\n|\n|t:|1781434393\n|switch|p2a: Deoxys|Deoxys-Speed, L82|162/216\n|-damage|p2a: Deoxys|135/216|[from] Stealth Rock\n|-ability|p2a: Deoxys|Pressure\n|turn|29\n|\n|t:|1781434397\n|move|p2a: Deoxys|Focus Blast|p1a: Rampardos|[miss]\n|-miss|p2a: Deoxys|p1a: Rampardos\n|move|p1a: Rampardos|Rock Slide|p2a: Deoxys\n|-damage|p2a: Deoxys|0 fnt\n|faint|p2a: Deoxys\n|\n|upkeep\n|\n|t:|1781434407\n|switch|p2a: Uxie|Uxie, L83|44/260\n|-damage|p2a: Uxie|12/260|[from] Stealth Rock\n|turn|30\n|\n|t:|1781434411\n|move|p1a: Rampardos|Rock Slide|p2a: Uxie\n|-damage|p2a: Uxie|0 fnt\n|faint|p2a: Uxie\n|\n|upkeep\n|\n|t:|1781434415\n|switch|p2a: Palkia|Palkia-Origin, L72|132/249\n|-damage|p2a: Palkia|101/249|[from] Stealth Rock\n|-ability|p2a: Palkia|Pressure\n|turn|31\n|\n|t:|1781434418\n|move|p1a: Rampardos|Rock Slide|p2a: Palkia\n|-damage|p2a: Palkia|0 fnt\n|faint|p2a: Palkia\n|\n|upkeep\n|\n|t:|1781434422\n|switch|p2a: Miraidon|Miraidon, L65|122/238\n|-damage|p2a: Miraidon|93/238|[from] Stealth Rock\n|-fieldstart|move: Electric Terrain|[from] ability: Hadron Engine|[of] p2a: Miraidon\n|turn|32\n|\n|t:|1781434425\n|move|p1a: Rampardos|Rock Slide|p2a: Miraidon\n|-damage|p2a: Miraidon|0 fnt\n|faint|p2a: Miraidon\n|\n|win|masbahlilganteng\n|raw|masbahlilganteng's rating: 2082 &rarr; <strong>2100</strong><br />(+18 for winning)\n|raw|JayClaw's rating: 2055 &rarr; <strong>2037</strong><br />(-18 for losing)\n", "inputlog": ">version a8376a258c1d4662feba110a92103f3664a72141\n>start {\"formatid\":\"gen9randombattle\",\"seed\":\"sodium,5acf8773420f9783ac16c8aeb762e464\",\"rated\":\"Rated battle\"}\n>player p1 {\"name\":\"masbahlilganteng\",\"avatar\":\"hoopster\",\"rating\":2082,\"seed\":\"sodium,2750ecd8df419a111b320c9e0571852c\"}\n>player p2 {\"name\":\"JayClaw\",\"avatar\":\"red\",\"rating\":2055,\"seed\":\"sodium,6ecd264835af94328abff052e7d8291e\"}\n>p1 switch 6\n>p2 move uturn\n>p2 switch 6\n>p1 switch 3\n>p2 move voltswitch\n>p2 switch 5\n>p1 move leafstorm\n>p2 move flipturn\n>p2 switch 2\n>p1 move superpower\n>p2 move pounce\n>p1 switch 3\n>p1 move stealthrock\n>p2 switch 2\n>p1 move roar\n>p2 move flipturn\n>p2 switch 5\n>p1 move roar\n>p2 move thunderwave\n>p1 move roar\n>p2 move psychicnoise\n>p1 move roar\n>p2 move flipturn\n>p2 switch 6\n>p1 move roost\n>p2 move fireblast\n>p1 move roar\n>p2 switch 3\n>p1 switch 6\n>p2 move voltswitch\n>p2 switch 5\n>p1 switch 6\n>p2 move psychicnoise\n>p1 move roar\n>p2 move uturn\n>p2 switch 6\n>p1 move roar\n>p2 move fireblast\n>p1 switch 4\n>p2 move focusblast\n>p1 move earthquake\n>p2 switch 3\n>p1 switch 4\n>p2 move flipturn\n>p2 switch 5\n>p1 switch 6\n>p2 move electrodrift\n>p1 move headlongrush\n>p2 move electrodrift\n>p1 switch 2\n>p1 move rockslide\n>p2 switch 5\n>p2 switch 6\n>p1 move rockslide terastallize\n>p2 move uturn\n>p2 switch 3\n>p1 switch 6\n>p2 move nastyplot\n>p1 switch 4\n>p2 move focusblast\n>p1 move sacredfire\n>p2 switch 4\n>p1 switch 4\n>p2 switch 2\n>p1 switch 6\n>p2 move stickyweb\n>p1 move rockslide\n>p2 move pounce\n>p2 switch 4\n>p1 move rockslide\n>p2 move focusblast\n>p2 switch 3\n>p1 move rockslide\n>p2 move thunderwave\n>p2 switch 2\n>p1 move rockslide\n>p2 move thunderwave\n>p2 switch 5\n>p1 move rockslide\n>p2 move electrodrift", "uploadtime": 1781433966, "views": 8, "formatid": "gen9randombattle", "rating": 2037, "private": 0, "password": null}