{"id": "gen9randombattle-2631851831", "format": "[Gen 9] Random Battle", "players": ["nilrac", "Micael Lopes"], "log": "|j|\u2606nilrac\n|j|\u2606Micael Lopes\n|t:|1781448169\n|gametype|singles\n|player|p1|nilrac|tuber|1694\n|player|p2|Micael Lopes|benga|1701\n|gen|9\n|tier|[Gen 9] Random Battle\n|rated|\n|rule|Species Clause: Limit one of each Pok\u00e9mon\n|rule|HP Percentage Mod: HP is shown in percentages\n|rule|Sleep Clause Mod: Limit one foe put to sleep\n|rule|Illusion Level Mod: Illusion disguises the Pok\u00e9mon's true level\n|\n|t:|1781448169\n|teamsize|p1|6\n|teamsize|p2|6\n|start\n|switch|p1a: Raikou|Raikou, L81|278/278\n|switch|p2a: Groudon|Groudon, L72|263/263\n|-ability|p1a: Raikou|Pressure\n|-weather|SunnyDay|[from] ability: Drought|[of] p2a: Groudon\n|turn|1\n|inactive|Battle timer is ON: inactive players will automatically lose when time's up. (requested by Micael Lopes)\n|\n|t:|1781448182\n|move|p1a: Raikou|Substitute|p1a: Raikou\n|-start|p1a: Raikou|Substitute\n|-damage|p1a: Raikou|209/278\n|move|p2a: Groudon|Stealth Rock|p1a: Raikou\n|-sidestart|p1: nilrac|move: Stealth Rock\n|\n|-weather|SunnyDay|[upkeep]\n|-heal|p1a: Raikou|226/278|[from] item: Leftovers\n|upkeep\n|turn|2\n|\n|t:|1781448192\n|move|p1a: Raikou|Scald|p2a: Groudon\n|-supereffective|p2a: Groudon\n|-damage|p2a: Groudon|201/263\n|-status|p2a: Groudon|brn\n|move|p2a: Groudon|Precipice Blades|p1a: Raikou|[miss]\n|-miss|p2a: Groudon|p1a: Raikou\n|\n|-weather|SunnyDay|[upkeep]\n|-heal|p1a: Raikou|243/278|[from] item: Leftovers\n|-heal|p2a: Groudon|217/263 brn|[from] item: Leftovers\n|-damage|p2a: Groudon|201/263 brn|[from] brn\n|upkeep\n|turn|3\n|\n|t:|1781448208\n|-terastallize|p1a: Raikou|Grass\n|move|p1a: Raikou|Calm Mind|p1a: Raikou\n|-boost|p1a: Raikou|spa|1\n|-boost|p1a: Raikou|spd|1\n|move|p2a: Groudon|Precipice Blades|p1a: Raikou\n|-resisted|p1a: Raikou\n|-activate|p1a: Raikou|move: Substitute|[damage]\n|\n|-weather|SunnyDay|[upkeep]\n|-heal|p1a: Raikou|260/278|[from] item: Leftovers\n|-heal|p2a: Groudon|217/263 brn|[from] item: Leftovers\n|-damage|p2a: Groudon|201/263 brn|[from] brn\n|upkeep\n|turn|4\n|\n|t:|1781448221\n|move|p1a: Raikou|Scald|p2a: Groudon\n|-supereffective|p2a: Groudon\n|-damage|p2a: Groudon|95/263 brn\n|move|p2a: Groudon|Heat Crash|p1a: Raikou\n|-supereffective|p1a: Raikou\n|-crit|p1a: Raikou\n|-end|p1a: Raikou|Substitute\n|\n|-weather|SunnyDay|[upkeep]\n|-heal|p1a: Raikou|277/278|[from] item: Leftovers\n|-heal|p2a: Groudon|111/263 brn|[from] item: Leftovers\n|-damage|p2a: Groudon|95/263 brn|[from] brn\n|upkeep\n|turn|5\n|\n|t:|1781448242\n|move|p1a: Raikou|Scald|p2a: Groudon\n|-supereffective|p2a: Groudon\n|-damage|p2a: Groudon|0 fnt\n|faint|p2a: Groudon\n|\n|-weather|none\n|-heal|p1a: Raikou|278/278|[from] item: Leftovers\n|upkeep\n|\n|t:|1781448249\n|switch|p2a: Swalot|Swalot, L90, F|326/326\n|turn|6\n|\n|t:|1781448255\n|switch|p1a: Ursaluna|Ursaluna-Bloodmoon, L79, M|308/308\n|-damage|p1a: Ursaluna|289/308|[from] Stealth Rock\n|move|p2a: Swalot|Toxic|p1a: Ursaluna\n|-status|p1a: Ursaluna|tox\n|\n|-heal|p1a: Ursaluna|308/308 tox|[from] item: Leftovers\n|-damage|p1a: Ursaluna|289/308 tox|[from] psn\n|upkeep\n|turn|7\n|\n|t:|1781448271\n|move|p2a: Swalot|Protect|p2a: Swalot\n|-singleturn|p2a: Swalot|Protect\n|move|p1a: Ursaluna|Blood Moon|p2a: Swalot\n|-activate|p2a: Swalot|move: Protect\n|\n|-heal|p1a: Ursaluna|308/308 tox|[from] item: Leftovers\n|-damage|p1a: Ursaluna|270/308 tox|[from] psn\n|upkeep\n|turn|8\n|\n|t:|1781448284\n|switch|p2a: Eternatus|Eternatus, L69|308/308\n|-ability|p2a: Eternatus|Pressure\n|switch|p1a: Porygon-Z|Porygon-Z, L83|277/277\n|-damage|p1a: Porygon-Z|243/277|[from] Stealth Rock\n|-ability|p1a: Porygon-Z|Download|boost\n|-boost|p1a: Porygon-Z|spa|1\n|\n|upkeep\n|turn|9\n|\n|t:|1781448310\n|switch|p2a: Annihilape|Annihilape, L76, M|292/292\n|move|p1a: Porygon-Z|Ice Beam|p2a: Annihilape\n|-damage|p2a: Annihilape|84/292\n|-status|p2a: Annihilape|frz\n|\n|-heal|p2a: Annihilape|102/292 frz|[from] item: Leftovers\n|upkeep\n|turn|10\n|\n|t:|1781448319\n|move|p1a: Porygon-Z|Ice Beam|p2a: Annihilape\n|-damage|p2a: Annihilape|0 fnt\n|faint|p2a: Annihilape\n|\n|upkeep\n|\n|t:|1781448330\n|switch|p2a: Swalot|Swalot, L90, F|326/326\n|turn|11\n|\n|t:|1781448336\n|move|p1a: Porygon-Z|Ice Beam|p2a: Swalot\n|-damage|p2a: Swalot|135/326\n|move|p2a: Swalot|Sludge Bomb|p1a: Porygon-Z\n|-damage|p1a: Porygon-Z|149/277\n|\n|-heal|p2a: Swalot|155/326|[from] item: Leftovers\n|upkeep\n|turn|12\n|\n|t:|1781448348\n|move|p2a: Swalot|Protect|p2a: Swalot\n|-singleturn|p2a: Swalot|Protect\n|move|p1a: Porygon-Z|Ice Beam|p2a: Swalot\n|-activate|p2a: Swalot|move: Protect\n|\n|-heal|p2a: Swalot|175/326|[from] item: Leftovers\n|upkeep\n|turn|13\n|\n|t:|1781448359\n|move|p2a: Swalot|Protect||[still]\n|-fail|p2a: Swalot\n|move|p1a: Porygon-Z|Ice Beam|p2a: Swalot\n|-damage|p2a: Swalot|0 fnt\n|faint|p2a: Swalot\n|\n|upkeep\n|\n|t:|1781448361\n|switch|p2a: Deoxys|Deoxys-Speed, L82|216/216\n|-ability|p2a: Deoxys|Pressure\n|turn|14\n|\n|t:|1781448376\n|move|p2a: Deoxys|Focus Blast|p1a: Porygon-Z|[miss]\n|-miss|p2a: Deoxys|p1a: Porygon-Z\n|move|p1a: Porygon-Z|Ice Beam|p2a: Deoxys\n|-damage|p2a: Deoxys|35/216\n|\n|upkeep\n|turn|15\n|\n|t:|1781448396\n|switch|p1a: Palafin|Palafin, L77, F|281/281\n|-damage|p1a: Palafin|246/281|[from] Stealth Rock\n|move|p2a: Deoxys|Focus Blast|p1a: Palafin\n|-damage|p1a: Palafin|104/281\n|-damage|p2a: Deoxys|14/216|[from] item: Life Orb\n|\n|upkeep\n|turn|16\n|\n|t:|1781448405\n|switch|p2a: Eternatus|Eternatus, L69|308/308\n|-ability|p2a: Eternatus|Pressure\n|move|p1a: Palafin|Jet Punch|p2a: Eternatus\n|-resisted|p2a: Eternatus\n|-damage|p2a: Eternatus|271/308\n|-damage|p1a: Palafin|58/281|[from] item: Rocky Helmet|[of] p2a: Eternatus\n|\n|upkeep\n|turn|17\n|\n|t:|1781448425\n|detailschange|p1a: Palafin|Palafin-Hero, L77, F\n|switch|p1a: Dedenne|Dedenne, L88, F|261/261\n|-damage|p1a: Dedenne|229/261|[from] Stealth Rock\n|move|p2a: Eternatus|Dynamax Cannon|p1a: Dedenne\n|-immune|p1a: Dedenne\n|\n|upkeep\n|turn|18\n|\n|t:|1781448433\n|move|p1a: Dedenne|Nuzzle|p2a: Eternatus\n|-resisted|p2a: Eternatus\n|-damage|p2a: Eternatus|261/308\n|-status|p2a: Eternatus|par\n|-damage|p1a: Dedenne|186/261|[from] item: Rocky Helmet|[of] p2a: Eternatus\n|move|p2a: Eternatus|Sludge Bomb|p1a: Dedenne\n|-supereffective|p1a: Dedenne\n|-damage|p1a: Dedenne|0 fnt\n|faint|p1a: Dedenne\n|\n|upkeep\n|\n|t:|1781448454\n|switch|p1a: Porygon-Z|Porygon-Z, L83|149/277\n|-damage|p1a: Porygon-Z|115/277|[from] Stealth Rock\n|-ability|p1a: Porygon-Z|Download|boost\n|-boost|p1a: Porygon-Z|spa|1\n|turn|19\n|\n|t:|1781448473\n|move|p1a: Porygon-Z|Tri Attack|p2a: Eternatus\n|-damage|p2a: Eternatus|0 fnt\n|faint|p2a: Eternatus\n|\n|upkeep\n|\n|t:|1781448477\n|switch|p2a: Deoxys|Deoxys-Speed, L82|14/216\n|-ability|p2a: Deoxys|Pressure\n|turn|20\n|\n|t:|1781448488\n|switch|p1a: Palafin|Palafin-Hero, L77, F|58/281\n|-damage|p1a: Palafin|23/281|[from] Stealth Rock\n|-activate|p1a: Palafin|ability: Zero to Hero\n|move|p2a: Deoxys|Psycho Boost|p1a: Palafin\n|-damage|p1a: Palafin|0 fnt\n|-unboost|p2a: Deoxys|spa|2\n|faint|p1a: Palafin\n|-damage|p2a: Deoxys|0 fnt|[from] item: Life Orb\n|faint|p2a: Deoxys\n|\n|upkeep\n|\n|t:|1781448503\n|switch|p2a: Reuniclus|Reuniclus, L88, M|337/337\n|switch|p1a: Porygon-Z|Porygon-Z, L83|115/277\n|-damage|p1a: Porygon-Z|81/277|[from] Stealth Rock\n|-ability|p1a: Porygon-Z|Download|boost\n|-boost|p1a: Porygon-Z|atk|1\n|turn|21\n|\n|t:|1781448517\n|move|p1a: Porygon-Z|Tri Attack|p2a: Reuniclus\n|-damage|p2a: Reuniclus|178/337\n|move|p2a: Reuniclus|Psychic|p1a: Porygon-Z\n|-damage|p1a: Porygon-Z|0 fnt\n|faint|p1a: Porygon-Z\n|\n|upkeep\n|\n|t:|1781448530\n|switch|p1a: Ursaluna|Ursaluna-Bloodmoon, L79, M|270/308 tox\n|-damage|p1a: Ursaluna|251/308 tox|[from] Stealth Rock\n|turn|22\n|\n|t:|1781448541\n|move|p1a: Ursaluna|Blood Moon|p2a: Reuniclus\n|-damage|p2a: Reuniclus|18/337\n|move|p2a: Reuniclus|Recover|p2a: Reuniclus\n|-heal|p2a: Reuniclus|187/337\n|\n|-heal|p1a: Ursaluna|270/308 tox|[from] item: Leftovers\n|-damage|p1a: Ursaluna|251/308 tox|[from] psn\n|upkeep\n|turn|23\n|\n|t:|1781448552\n|switch|p1a: Primarina|Primarina, L83, M|268/268\n|-damage|p1a: Primarina|235/268|[from] Stealth Rock\n|move|p2a: Reuniclus|Calm Mind|p2a: Reuniclus\n|-boost|p2a: Reuniclus|spa|1\n|-boost|p2a: Reuniclus|spd|1\n|\n|-heal|p1a: Primarina|251/268|[from] item: Leftovers\n|upkeep\n|turn|24\n|\n|t:|1781448565\n|move|p1a: Primarina|Calm Mind|p1a: Primarina\n|-boost|p1a: Primarina|spa|1\n|-boost|p1a: Primarina|spd|1\n|move|p2a: Reuniclus|Recover|p2a: Reuniclus\n|-heal|p2a: Reuniclus|337/337\n|\n|-heal|p1a: Primarina|267/268|[from] item: Leftovers\n|upkeep\n|turn|25\n|\n|t:|1781448574\n|move|p1a: Primarina|Sparkling Aria|p2a: Reuniclus\n|-damage|p2a: Reuniclus|229/337\n|move|p2a: Reuniclus|Calm Mind|p2a: Reuniclus\n|-boost|p2a: Reuniclus|spa|1\n|-boost|p2a: Reuniclus|spd|1\n|\n|-heal|p1a: Primarina|268/268|[from] item: Leftovers\n|upkeep\n|turn|26\n|\n|t:|1781448587\n|move|p1a: Primarina|Calm Mind|p1a: Primarina\n|-boost|p1a: Primarina|spa|1\n|-boost|p1a: Primarina|spd|1\n|move|p2a: Reuniclus|Calm Mind|p2a: Reuniclus\n|-boost|p2a: Reuniclus|spa|1\n|-boost|p2a: Reuniclus|spd|1\n|\n|upkeep\n|turn|27\n|\n|t:|1781448594\n|move|p1a: Primarina|Sparkling Aria|p2a: Reuniclus\n|-damage|p2a: Reuniclus|133/337\n|move|p2a: Reuniclus|Psychic|p1a: Primarina\n|-damage|p1a: Primarina|108/268\n|\n|-heal|p1a: Primarina|124/268|[from] item: Leftovers\n|upkeep\n|turn|28\n|\n|t:|1781448603\n|move|p1a: Primarina|Calm Mind|p1a: Primarina\n|-boost|p1a: Primarina|spa|1\n|-boost|p1a: Primarina|spd|1\n|move|p2a: Reuniclus|Recover|p2a: Reuniclus\n|-heal|p2a: Reuniclus|302/337\n|\n|-heal|p1a: Primarina|140/268|[from] item: Leftovers\n|upkeep\n|turn|29\n|\n|t:|1781448612\n|move|p1a: Primarina|Draining Kiss|p2a: Reuniclus\n|-damage|p2a: Reuniclus|239/337\n|-heal|p1a: Primarina|187/268|[from] drain|[of] p2a: Reuniclus\n|move|p2a: Reuniclus|Calm Mind|p2a: Reuniclus\n|-boost|p2a: Reuniclus|spa|1\n|-boost|p2a: Reuniclus|spd|1\n|\n|-heal|p1a: Primarina|203/268|[from] item: Leftovers\n|upkeep\n|turn|30\n|\n|t:|1781448621\n|move|p1a: Primarina|Calm Mind|p1a: Primarina\n|-boost|p1a: Primarina|spa|1\n|-boost|p1a: Primarina|spd|1\n|move|p2a: Reuniclus|Calm Mind|p2a: Reuniclus\n|-boost|p2a: Reuniclus|spa|1\n|-boost|p2a: Reuniclus|spd|1\n|\n|-heal|p1a: Primarina|219/268|[from] item: Leftovers\n|upkeep\n|turn|31\n|\n|t:|1781448631\n|move|p1a: Primarina|Calm Mind|p1a: Primarina\n|-boost|p1a: Primarina|spa|1\n|-boost|p1a: Primarina|spd|1\n|move|p2a: Reuniclus|Calm Mind|p2a: Reuniclus\n|-boost|p2a: Reuniclus|spa|1\n|-boost|p2a: Reuniclus|spd|1\n|\n|-heal|p1a: Primarina|235/268|[from] item: Leftovers\n|upkeep\n|turn|32\n|\n|t:|1781448639\n|move|p1a: Primarina|Draining Kiss|p2a: Reuniclus\n|-damage|p2a: Reuniclus|187/337\n|-heal|p1a: Primarina|268/268|[from] drain|[of] p2a: Reuniclus\n|move|p2a: Reuniclus|Psychic|p1a: Primarina\n|-damage|p1a: Primarina|124/268\n|\n|-heal|p1a: Primarina|140/268|[from] item: Leftovers\n|upkeep\n|turn|33\n|\n|t:|1781448649\n|move|p1a: Primarina|Sparkling Aria|p2a: Reuniclus\n|-damage|p2a: Reuniclus|91/337\n|move|p2a: Reuniclus|Recover|p2a: Reuniclus\n|-heal|p2a: Reuniclus|260/337\n|\n|-heal|p1a: Primarina|156/268|[from] item: Leftovers\n|upkeep\n|turn|34\n|\n|t:|1781448657\n|move|p1a: Primarina|Sparkling Aria|p2a: Reuniclus\n|-damage|p2a: Reuniclus|155/337\n|move|p2a: Reuniclus|Psychic|p1a: Primarina\n|-damage|p1a: Primarina|8/268\n|\n|-heal|p1a: Primarina|24/268|[from] item: Leftovers\n|upkeep\n|turn|35\n|c|\u2606Micael Lopes|**__Sexy game.__**\n|\n|t:|1781448665\n|move|p1a: Primarina|Sparkling Aria|p2a: Reuniclus\n|-damage|p2a: Reuniclus|1/337\n|move|p2a: Reuniclus|Recover|p2a: Reuniclus\n|-heal|p2a: Reuniclus|170/337\n|\n|-heal|p1a: Primarina|40/268|[from] item: Leftovers\n|upkeep\n|turn|36\n|c|\u2606Micael Lopes|Oh.\n|c|\u2606Micael Lopes|He survived.\n|\n|t:|1781448680\n|move|p1a: Primarina|Sparkling Aria|p2a: Reuniclus\n|-damage|p2a: Reuniclus|25/337\n|move|p2a: Reuniclus|Recover|p2a: Reuniclus\n|-heal|p2a: Reuniclus|194/337\n|\n|-heal|p1a: Primarina|56/268|[from] item: Leftovers\n|upkeep\n|turn|37\n|\n|t:|1781448688\n|move|p1a: Primarina|Sparkling Aria|p2a: Reuniclus\n|-damage|p2a: Reuniclus|46/337\n|move|p2a: Reuniclus|Psychic|p1a: Primarina\n|-damage|p1a: Primarina|0 fnt\n|faint|p1a: Primarina\n|\n|upkeep\n|c|\u2606Micael Lopes|Not anymore, tho.\n|\n|t:|1781448697\n|switch|p1a: Ursaluna|Ursaluna-Bloodmoon, L79, M|251/308 tox\n|-damage|p1a: Ursaluna|232/308 tox|[from] Stealth Rock\n|turn|38\n|\n|t:|1781448703\n|move|p1a: Ursaluna|Blood Moon|p2a: Reuniclus\n|-damage|p2a: Reuniclus|7/337\n|move|p2a: Reuniclus|Recover|p2a: Reuniclus\n|-heal|p2a: Reuniclus|176/337\n|\n|-heal|p1a: Ursaluna|251/308 tox|[from] item: Leftovers\n|-damage|p1a: Ursaluna|232/308 tox|[from] psn\n|upkeep\n|turn|39\n|-message|nilrac forfeited.\n|\n|win|Micael Lopes\n|raw|nilrac's rating: 1694 &rarr; <strong>1677</strong><br />(-17 for losing)\n|raw|Micael Lopes's rating: 1743 &rarr; <strong>1760</strong><br />(+17 for winning)\n|c|\u2606Micael Lopes|Woah!\n|l|\u2606nilrac\n|player|p1|\n|c|\u2606Micael Lopes|**__Sexy game.__**\n", "inputlog": ">version a8376a258c1d4662feba110a92103f3664a72141\n>start {\"formatid\":\"gen9randombattle\",\"seed\":\"sodium,f6777a0cb28d95a138621f87d59b016c\",\"rated\":\"Rated battle\"}\n>player p1 {\"name\":\"nilrac\",\"avatar\":\"tuber\",\"rating\":1694,\"seed\":\"sodium,8a496a7f92f4cdd2b3178b7591daffce\"}\n>player p2 {\"name\":\"Micael Lopes\",\"avatar\":\"benga\",\"rating\":1701,\"seed\":\"sodium,6db949a96e1dd2f360faadc55e55bfc5\"}\n>p1 move substitute\n>p2 move stealthrock\n>p1 move scald\n>p2 move precipiceblades\n>p1 move calmmind terastallize\n>p2 move precipiceblades\n>p1 move scald\n>p2 move heatcrash\n>p1 move scald\n>p2 move heatcrash\n>p2 switch 6\n>p1 switch 4\n>p2 move toxic\n>p1 move bloodmoon\n>p2 move protect\n>p1 switch 2\n>p2 switch 2\n>p1 move icebeam\n>p2 switch 3\n>p1 move icebeam\n>p2 move drainpunch\n>p2 switch 2\n>p1 move icebeam\n>p2 move sludgebomb\n>p1 move icebeam\n>p2 move protect\n>p1 move icebeam\n>p2 move protect\n>p2 switch 5\n>p1 move icebeam\n>p2 move focusblast\n>p1 switch 3\n>p2 move focusblast\n>p1 move jetpunch\n>p2 switch 3\n>p1 switch 6\n>p2 move dynamaxcannon\n>p1 move nuzzle\n>p2 move sludgebomb\n>p1 switch 3\n>p1 move triattack\n>p2 move dynamaxcannon\n>p2 switch 3\n>p1 switch 6\n>p2 move psychoboost\n>p1 switch 6\n>p2 switch 4\n>p1 move triattack\n>p2 move psychic\n>p1 switch 2\n>p1 move bloodmoon\n>p2 move recover\n>p1 switch 5\n>p2 move calmmind\n>p1 move calmmind\n>p2 move recover\n>p1 move sparklingaria\n>p2 move calmmind\n>p1 move calmmind\n>p2 move calmmind\n>p1 move sparklingaria\n>p2 move psychic\n>p1 move calmmind\n>p2 move recover\n>p1 move drainingkiss\n>p2 move calmmind\n>p1 move calmmind\n>p2 move calmmind\n>p1 move calmmind\n>p2 move calmmind\n>p1 move drainingkiss\n>p2 move psychic\n>p1 move sparklingaria\n>p2 move recover\n>p1 move sparklingaria\n>p2 move psychic\n>chat \u2606Micael Lopes|**__Sexy game.__**\n>p1 move sparklingaria\n>p2 move recover\n>chat \u2606Micael Lopes|Oh.\n>chat \u2606Micael Lopes|He survived.\n>p1 move sparklingaria\n>p2 move recover\n>p1 move sparklingaria\n>p2 move psychic\n>chat \u2606Micael Lopes|Not anymore, tho.\n>p1 switch 5\n>p1 move bloodmoon\n>p2 move recover\n>forcelose p1", "uploadtime": 1781448720, "views": 6, "formatid": "gen9randombattle", "rating": 1677, "private": 0, "password": null}