{"id": "gen9randombattle-2631623576", "format": "[Gen 9] Random Battle", "players": ["bed burglar", "personanongrattata"], "log": "|j|\u2606bed burglar\n|j|\u2606personanongrattata\n|t:|1781410510\n|gametype|singles\n|player|p1|bed burglar|170|1951\n|player|p2|personanongrattata|youngster-gen4dp|1982\n|gen|9\n|tier|[Gen 9] Random Battle\n|rated|\n|rule|Species Clause: Limit one of each Pok\u00e9mon\n|rule|HP Percentage Mod: HP is shown in percentages\n|rule|Sleep Clause Mod: Limit one foe put to sleep\n|rule|Illusion Level Mod: Illusion disguises the Pok\u00e9mon's true level\n|\n|t:|1781410510\n|teamsize|p1|6\n|teamsize|p2|6\n|start\n|switch|p1a: Kommo-o|Kommo-o, L78, M|245/245\n|switch|p2a: Clefable|Clefable, L83, F|293/293\n|turn|1\n|inactive|Battle timer is ON: inactive players will automatically lose when time's up. (requested by personanongrattata)\n|\n|t:|1781410521\n|switch|p1a: Munkidori|Munkidori, L79, M|269/269\n|move|p2a: Clefable|Stealth Rock|p1a: Munkidori\n|-sidestart|p1: bed burglar|move: Stealth Rock\n|\n|upkeep\n|turn|2\n|\n|t:|1781410526\n|switch|p2a: Magnezone|Magnezone, L85|258/258\n|move|p1a: Munkidori|Nasty Plot|p1a: Munkidori\n|-boost|p1a: Munkidori|spa|2\n|\n|upkeep\n|turn|3\n|\n|t:|1781410533\n|move|p1a: Munkidori|Focus Blast|p2a: Magnezone|[miss]\n|-miss|p1a: Munkidori|p2a: Magnezone\n|move|p2a: Magnezone|Discharge|p1a: Munkidori\n|-damage|p1a: Munkidori|131/269\n|\n|upkeep\n|turn|4\n|\n|t:|1781410539\n|switch|p2a: Mewtwo|Mewtwo, L72|272/272\n|-ability|p2a: Mewtwo|Unnerve\n|move|p1a: Munkidori|Focus Blast|p2a: Mewtwo|[miss]\n|-miss|p1a: Munkidori|p2a: Mewtwo\n|\n|upkeep\n|turn|5\n|\n|t:|1781410546\n|switch|p1a: Bisharp|Bisharp, L79, F|232/232\n|-damage|p1a: Bisharp|218/232|[from] Stealth Rock\n|move|p2a: Mewtwo|Psystrike|p1a: Bisharp\n|-immune|p1a: Bisharp\n|\n|upkeep\n|turn|6\n|\n|t:|1781410550\n|switch|p2a: Magnezone|Magnezone, L85|258/258\n|move|p1a: Bisharp|Throat Chop|p2a: Magnezone\n|-damage|p2a: Magnezone|186/258\n|-start|p2a: Magnezone|Throat Chop|[silent]\n|\n|-heal|p2a: Magnezone|202/258|[from] item: Leftovers\n|upkeep\n|turn|7\n|\n|t:|1781410553\n|move|p1a: Bisharp|Swords Dance|p1a: Bisharp\n|-boost|p1a: Bisharp|atk|2\n|move|p2a: Magnezone|Body Press|p1a: Bisharp\n|-supereffective|p1a: Bisharp\n|-damage|p1a: Bisharp|10/232\n|\n|-heal|p2a: Magnezone|218/258|[from] item: Leftovers\n|-end|p2a: Magnezone|Throat Chop|[silent]\n|upkeep\n|turn|8\n|\n|t:|1781410562\n|move|p1a: Bisharp|Throat Chop|p2a: Magnezone\n|-damage|p2a: Magnezone|80/258\n|-start|p2a: Magnezone|Throat Chop|[silent]\n|move|p2a: Magnezone|Flash Cannon|p1a: Bisharp\n|-resisted|p1a: Bisharp\n|-damage|p1a: Bisharp|0 fnt\n|faint|p1a: Bisharp\n|\n|-heal|p2a: Magnezone|96/258|[from] item: Leftovers\n|upkeep\n|\n|t:|1781410565\n|switch|p1a: Munkidori|Munkidori, L79, M|131/269\n|-damage|p1a: Munkidori|98/269|[from] Stealth Rock\n|turn|9\n|\n|t:|1781410570\n|switch|p2a: Mewtwo|Mewtwo, L72|272/272\n|-ability|p2a: Mewtwo|Unnerve\n|move|p1a: Munkidori|Sludge Wave|p2a: Mewtwo\n|-damage|p2a: Mewtwo|91/272\n|-status|p2a: Mewtwo|tox|[from] ability: Toxic Chain|[of] p1a: Munkidori\n|-damage|p1a: Munkidori|72/269|[from] item: Life Orb\n|\n|-damage|p2a: Mewtwo|74/272 tox|[from] psn\n|upkeep\n|turn|10\n|\n|t:|1781410577\n|switch|p1a: Ludicolo|Ludicolo, L90, M|290/290\n|-damage|p1a: Ludicolo|254/290|[from] Stealth Rock\n|move|p2a: Mewtwo|Psystrike|p1a: Ludicolo\n|-damage|p1a: Ludicolo|97/290\n|-damage|p2a: Mewtwo|47/272 tox|[from] item: Life Orb\n|\n|-damage|p2a: Mewtwo|13/272 tox|[from] psn\n|upkeep\n|turn|11\n|\n|t:|1781410586\n|switch|p2a: Ogerpon|Ogerpon-Wellspring, L76, F|247/247\n|move|p1a: Ludicolo|Rain Dance|p1a: Ludicolo\n|-weather|RainDance\n|\n|-weather|RainDance|[upkeep]\n|upkeep\n|turn|12\n|\n|t:|1781410589\n|move|p1a: Ludicolo|Giga Drain|p2a: Ogerpon\n|-damage|p2a: Ogerpon|133/247\n|-heal|p1a: Ludicolo|154/290|[from] drain|[of] p2a: Ogerpon\n|-damage|p1a: Ludicolo|125/290|[from] item: Life Orb\n|move|p2a: Ogerpon|U-turn|p1a: Ludicolo\n|-supereffective|p1a: Ludicolo\n|-damage|p1a: Ludicolo|0 fnt\n|faint|p1a: Ludicolo\n|\n|t:|1781410592\n|switch|p2a: Basculin|Basculin-Blue-Striped, L86, F|261/261|[from] U-turn\n|\n|-weather|RainDance|[upkeep]\n|upkeep\n|\n|t:|1781410595\n|switch|p1a: Tauros|Tauros-Paldea-Aqua, L81, M|254/254\n|-damage|p1a: Tauros|239/254|[from] Stealth Rock\n|-ability|p1a: Tauros|Intimidate|boost\n|-unboost|p2a: Basculin|atk|1\n|turn|13\n|\n|t:|1781410602\n|move|p2a: Basculin|Flip Turn|p1a: Tauros\n|-resisted|p1a: Tauros\n|-damage|p1a: Tauros|181/254\n|\n|t:|1781410607\n|switch|p2a: Koraidon|Koraidon, L64|235/235|[from] Flip Turn\n|-weather|SunnyDay|[from] ability: Orichalcum Pulse|[of] p2a: Koraidon\n|-activate|p2a: Koraidon|Orichalcum Pulse|[source]\n|move|p1a: Tauros|Close Combat|p2a: Koraidon\n|-damage|p2a: Koraidon|39/235\n|-unboost|p1a: Tauros|def|1\n|-unboost|p1a: Tauros|spd|1\n|-damage|p1a: Tauros|156/254|[from] item: Life Orb\n|\n|-weather|SunnyDay|[upkeep]\n|upkeep\n|turn|14\n|\n|t:|1781410619\n|move|p2a: Koraidon|Scale Shot|p1a: Tauros\n|-damage|p1a: Tauros|120/254\n|-damage|p1a: Tauros|81/254\n|-damage|p1a: Tauros|44/254\n|-damage|p1a: Tauros|8/254\n|-damage|p1a: Tauros|0 fnt\n|faint|p1a: Tauros\n|-hitcount|p1: Tauros|5\n|-unboost|p2a: Koraidon|def|1\n|-boost|p2a: Koraidon|spe|1\n|\n|-weather|SunnyDay|[upkeep]\n|upkeep\n|\n|t:|1781410623\n|switch|p1a: Kommo-o|Kommo-o, L78, M|245/245\n|-damage|p1a: Kommo-o|230/245|[from] Stealth Rock\n|turn|15\n|\n|t:|1781410628\n|move|p2a: Koraidon|Collision Course|p1a: Kommo-o\n|-damage|p1a: Kommo-o|148/245\n|move|p1a: Kommo-o|Scale Shot|p2a: Koraidon\n|-supereffective|p2a: Koraidon\n|-damage|p2a: Koraidon|0 fnt\n|faint|p2a: Koraidon\n|-hitcount|p2: Koraidon|1\n|-unboost|p1a: Kommo-o|def|1\n|-boost|p1a: Kommo-o|spe|1\n|\n|-weather|SunnyDay|[upkeep]\n|upkeep\n|\n|t:|1781410634\n|switch|p2a: Clefable|Clefable, L83, F|293/293\n|turn|16\n|\n|t:|1781410642\n|switch|p1a: Munkidori|Munkidori, L79, M|72/269\n|-damage|p1a: Munkidori|39/269|[from] Stealth Rock\n|move|p2a: Clefable|Moonblast|p1a: Munkidori\n|-resisted|p1a: Munkidori\n|-damage|p1a: Munkidori|0 fnt\n|faint|p1a: Munkidori\n|\n|-weather|SunnyDay|[upkeep]\n|upkeep\n|\n|t:|1781410645\n|switch|p1a: Zekrom|Zekrom, L71|259/259\n|-damage|p1a: Zekrom|227/259|[from] Stealth Rock\n|-ability|p1a: Zekrom|Teravolt\n|turn|17\n|\n|t:|1781410653\n|-terastallize|p1a: Zekrom|Steel\n|move|p1a: Zekrom|Dragon Dance|p1a: Zekrom\n|-boost|p1a: Zekrom|atk|1\n|-boost|p1a: Zekrom|spe|1\n|move|p2a: Clefable|Moonblast|p1a: Zekrom\n|-resisted|p1a: Zekrom\n|-damage|p1a: Zekrom|173/259\n|-unboost|p1a: Zekrom|spa|1\n|\n|-weather|none\n|-heal|p1a: Zekrom|189/259|[from] item: Leftovers\n|upkeep\n|turn|18\n|\n|t:|1781410658\n|move|p1a: Zekrom|Dragon Dance|p1a: Zekrom\n|-boost|p1a: Zekrom|atk|1\n|-boost|p1a: Zekrom|spe|1\n|move|p2a: Clefable|Knock Off|p1a: Zekrom\n|-damage|p1a: Zekrom|141/259\n|-enditem|p1a: Zekrom|Leftovers|[from] move: Knock Off|[of] p2a: Clefable\n|\n|upkeep\n|turn|19\n|\n|t:|1781410665\n|move|p1a: Zekrom|Bolt Strike|p2a: Clefable\n|-damage|p2a: Clefable|0 fnt\n|faint|p2a: Clefable\n|\n|upkeep\n|\n|t:|1781410680\n|switch|p2a: Basculin|Basculin-Blue-Striped, L86, F|261/261\n|turn|20\n|\n|t:|1781410688\n|-terastallize|p2a: Basculin|Water\n|move|p2a: Basculin|Aqua Jet|p1a: Zekrom\n|-damage|p1a: Zekrom|51/259\n|move|p1a: Zekrom|Outrage|p2a: Basculin\n|-damage|p2a: Basculin|0 fnt\n|faint|p2a: Basculin\n|\n|upkeep\n|\n|t:|1781410693\n|switch|p2a: Magnezone|Magnezone, L85|96/258\n|turn|21\n|\n|t:|1781410696\n|move|p1a: Zekrom|Outrage|p2a: Magnezone|[from] lockedmove\n|-resisted|p2a: Magnezone\n|-damage|p2a: Magnezone|0 fnt\n|faint|p2a: Magnezone\n|\n|upkeep\n|\n|t:|1781410704\n|switch|p2a: Ogerpon|Ogerpon-Wellspring, L76, F|133/247\n|turn|22\n|\n|t:|1781410707\n|move|p1a: Zekrom|Outrage|p2a: Ogerpon|[from] lockedmove\n|-damage|p2a: Ogerpon|0 fnt\n|faint|p2a: Ogerpon\n|-start|p1a: Zekrom|confusion|[fatigue]\n|\n|upkeep\n|\n|t:|1781410710\n|switch|p2a: Mewtwo|Mewtwo, L72|13/272 tox\n|-ability|p2a: Mewtwo|Unnerve\n|turn|23\n|\n|t:|1781410712\n|-activate|p1a: Zekrom|confusion\n|-damage|p1a: Zekrom|0 fnt|[from] confusion\n|faint|p1a: Zekrom\n|move|p2a: Mewtwo|Recover|p2a: Mewtwo\n|-heal|p2a: Mewtwo|149/272 tox\n|\n|-damage|p2a: Mewtwo|132/272 tox|[from] psn\n|upkeep\n|\n|t:|1781410714\n|switch|p1a: Kommo-o|Kommo-o, L78, M|148/245\n|-damage|p1a: Kommo-o|133/245|[from] Stealth Rock\n|turn|24\n|\n|t:|1781410718\n|move|p2a: Mewtwo|Psystrike|p1a: Kommo-o\n|-supereffective|p1a: Kommo-o\n|-damage|p1a: Kommo-o|0 fnt\n|faint|p1a: Kommo-o\n|-damage|p2a: Mewtwo|105/272 tox|[from] item: Life Orb\n|\n|win|personanongrattata\n", "inputlog": ">version a8376a258c1d4662feba110a92103f3664a72141\n>start {\"formatid\":\"gen9randombattle\",\"seed\":\"sodium,7c2d76d4b57008d3f2e06dd6efbb45e5\",\"rated\":\"Rated battle\"}\n>player p1 {\"name\":\"bed burglar\",\"avatar\":\"170\",\"rating\":1951,\"seed\":\"sodium,fee6eca6b5fef54b7e91a317bd6e6209\"}\n>player p2 {\"name\":\"personanongrattata\",\"avatar\":\"youngster-gen4dp\",\"rating\":1982,\"seed\":\"sodium,f177e9c35e78703dbb705399a9d48126\"}\n>p1 switch 6\n>p2 move stealthrock\n>p1 move nastyplot\n>p2 switch 6\n>p1 move focusblast\n>p2 move discharge\n>p1 move focusblast\n>p2 switch 4\n>p1 switch 5\n>p2 move psystrike\n>p1 move throatchop\n>p2 switch 4\n>p1 move swordsdance\n>p2 move bodypress\n>p1 move throatchop\n>p2 move flashcannon\n>p1 switch 5\n>p1 move sludgewave\n>p2 switch 4\n>p1 switch 4\n>p2 move psystrike\n>p1 move raindance\n>p2 switch 3\n>p1 move gigadrain\n>p2 move uturn\n>p2 switch 2\n>p1 switch 3\n>p1 move closecombat\n>p2 move flipturn\n>p2 switch 5\n>p1 move closecombat\n>p2 move scaleshot\n>p1 switch 6\n>p1 move scaleshot\n>p2 move collisioncourse\n>p2 switch 6\n>p1 switch 4\n>p2 move moonblast\n>p1 switch 2\n>p1 move dragondance terastallize\n>p2 move moonblast\n>p1 move dragondance\n>p2 move knockoff\n>p1 move boltstrike\n>p2 move moonblast\n>p2 switch 5\n>p1 move outrage\n>p2 move aquajet terastallize\n>p2 switch 4\n>p1 move outrage\n>p2 move bodypress\n>p2 switch 2\n>p1 move outrage\n>p2 move ivycudgel\n>p2 switch 3\n>p1 move outrage\n>p2 move recover\n>p1 switch 4\n>p1 move scaleshot\n>p2 move psystrike", "uploadtime": 1781410513, "views": 7, "formatid": "gen9randombattle", "rating": null, "private": 0, "password": null}