{"id": "gen9randombattle-2631512835", "format": "[Gen 9] Random Battle", "players": ["actuary97", "46455i"], "log": "|j|\u2606actuary97\n|j|\u260646455i\n|t:|1781394744\n|gametype|singles\n|player|p1|actuary97|sabrina-frlg|2084\n|player|p2|46455i|fisherman-gen4|2186\n|gen|9\n|tier|[Gen 9] Random Battle\n|rated|\n|rule|Species Clause: Limit one of each Pok\u00e9mon\n|rule|HP Percentage Mod: HP is shown in percentages\n|rule|Sleep Clause Mod: Limit one foe put to sleep\n|rule|Illusion Level Mod: Illusion disguises the Pok\u00e9mon's true level\n|\n|t:|1781394744\n|teamsize|p1|6\n|teamsize|p2|6\n|start\n|switch|p1a: Ogerpon|Ogerpon-Cornerstone, L76, F|247/247\n|switch|p2a: Squawkabilly|Squawkabilly-White, L89, M|291/291\n|turn|1\n|inactive|Battle timer is ON: inactive players will automatically lose when time's up. (requested by actuary97)\n|\n|t:|1781394753\n|move|p2a: Squawkabilly|Parting Shot|p1a: Ogerpon\n|-unboost|p1a: Ogerpon|atk|1\n|-unboost|p1a: Ogerpon|spa|1\n|\n|t:|1781394761\n|switch|p2a: Weezing|Weezing-Galar, L86, F|252/252|[from] Parting Shot\n|move|p1a: Ogerpon|Ivy Cudgel|p2a: Weezing|[anim] Ivy Cudgel Rock\n|-damage|p2a: Weezing|189/252\n|\n|-heal|p2a: Weezing|204/252|[from] item: Leftovers\n|upkeep\n|turn|2\n|\n|t:|1781394772\n|switch|p1a: Volcanion|Volcanion, L79|255/255\n|move|p2a: Weezing|Strange Steam|p1a: Volcanion\n|-resisted|p1a: Volcanion\n|-damage|p1a: Volcanion|207/255\n|\n|-heal|p2a: Weezing|219/252|[from] item: Leftovers\n|upkeep\n|turn|3\n|\n|t:|1781394782\n|switch|p2a: Gothitelle|Gothitelle, L90, F|272/272\n|move|p1a: Volcanion|Steam Eruption|p2a: Gothitelle\n|-damage|p2a: Gothitelle|163/272\n|\n|-heal|p2a: Gothitelle|180/272|[from] item: Leftovers\n|upkeep\n|turn|4\n|\n|t:|1781394788\n|move|p1a: Volcanion|Steam Eruption|p2a: Gothitelle\n|-damage|p2a: Gothitelle|84/272\n|-status|p2a: Gothitelle|brn\n|move|p2a: Gothitelle|Calm Mind|p2a: Gothitelle\n|-boost|p2a: Gothitelle|spa|1\n|-boost|p2a: Gothitelle|spd|1\n|\n|-heal|p2a: Gothitelle|101/272 brn|[from] item: Leftovers\n|-damage|p2a: Gothitelle|84/272 brn|[from] brn\n|upkeep\n|turn|5\n|\n|t:|1781394792\n|move|p1a: Volcanion|Steam Eruption|p2a: Gothitelle\n|-damage|p2a: Gothitelle|12/272 brn\n|move|p2a: Gothitelle|Thunderbolt|p1a: Volcanion\n|-supereffective|p1a: Volcanion\n|-damage|p1a: Volcanion|0 fnt\n|faint|p1a: Volcanion\n|\n|-heal|p2a: Gothitelle|29/272 brn|[from] item: Leftovers\n|-damage|p2a: Gothitelle|12/272 brn|[from] brn\n|upkeep\n|\n|t:|1781394819\n|switch|p1a: Ogerpon|Ogerpon-Cornerstone, L76, F|247/247\n|turn|6\n|\n|t:|1781394824\n|move|p1a: Ogerpon|Ivy Cudgel|p2a: Gothitelle|[anim] Ivy Cudgel Rock\n|-damage|p2a: Gothitelle|0 fnt\n|faint|p2a: Gothitelle\n|\n|upkeep\n|\n|t:|1781394828\n|switch|p2a: Squawkabilly|Squawkabilly-White, L89, M|291/291\n|turn|7\n|\n|t:|1781394831\n|move|p2a: Squawkabilly|Parting Shot|p1a: Ogerpon\n|-unboost|p1a: Ogerpon|atk|1\n|-unboost|p1a: Ogerpon|spa|1\n|\n|t:|1781394834\n|switch|p2a: Weezing|Weezing-Galar, L86, F|219/252|[from] Parting Shot\n|move|p1a: Ogerpon|Ivy Cudgel|p2a: Weezing|[anim] Ivy Cudgel Rock\n|-damage|p2a: Weezing|158/252\n|\n|-heal|p2a: Weezing|173/252|[from] item: Leftovers\n|upkeep\n|turn|8\n|\n|t:|1781394844\n|switch|p1a: Reshiram|Reshiram, L76|277/277\n|-ability|p1a: Reshiram|Turboblaze\n|move|p2a: Weezing|Gunk Shot|p1a: Reshiram|[miss]\n|-miss|p2a: Weezing|p1a: Reshiram\n|\n|-heal|p2a: Weezing|188/252|[from] item: Leftovers\n|upkeep\n|turn|9\n|\n|t:|1781394852\n|switch|p2a: Floatzel|Floatzel, L86, M|286/286\n|move|p1a: Reshiram|Dragon Dance|p1a: Reshiram\n|-boost|p1a: Reshiram|atk|1\n|-boost|p1a: Reshiram|spe|1\n|\n|upkeep\n|turn|10\n|\n|t:|1781394863\n|move|p1a: Reshiram|Outrage|p2a: Floatzel\n|-damage|p2a: Floatzel|49/286\n|move|p2a: Floatzel|Wave Crash|p1a: Reshiram\n|-damage|p1a: Reshiram|127/277\n|-damage|p2a: Floatzel|0 fnt|[from] Recoil\n|faint|p2a: Floatzel\n|\n|upkeep\n|\n|t:|1781394868\n|switch|p2a: Weezing|Weezing-Galar, L86, F|188/252\n|turn|11\n|\n|t:|1781394870\n|move|p1a: Reshiram|Outrage|p2a: Weezing|[from] lockedmove\n|-immune|p2a: Weezing\n|-start|p1a: Reshiram|confusion|[fatigue]\n|move|p2a: Weezing|Gunk Shot|p1a: Reshiram\n|-damage|p1a: Reshiram|7/277\n|-status|p1a: Reshiram|psn\n|\n|-heal|p2a: Weezing|203/252|[from] item: Leftovers\n|-damage|p1a: Reshiram|0 fnt|[from] psn\n|faint|p1a: Reshiram\n|upkeep\n|\n|t:|1781394881\n|switch|p1a: Eelektross|Eelektross, L87, M|290/290\n|turn|12\n|\n|t:|1781394890\n|move|p2a: Weezing|Gunk Shot|p1a: Eelektross\n|-damage|p1a: Eelektross|158/290\n|-status|p1a: Eelektross|psn\n|move|p1a: Eelektross|Discharge|p2a: Weezing\n|-damage|p2a: Weezing|101/252\n|\n|-heal|p2a: Weezing|116/252|[from] item: Leftovers\n|-damage|p1a: Eelektross|122/290 psn|[from] psn\n|upkeep\n|turn|13\n|\n|t:|1781394914\n|switch|p2a: Galvantula|Galvantula, L82, F|249/249\n|move|p1a: Eelektross|Discharge|p2a: Galvantula\n|-resisted|p2a: Galvantula\n|-damage|p2a: Galvantula|180/249\n|\n|-damage|p1a: Eelektross|86/290 psn|[from] psn\n|upkeep\n|turn|14\n|\n|t:|1781394933\n|move|p2a: Galvantula|Sticky Web|p1a: Eelektross\n|-sidestart|p1: actuary97|move: Sticky Web\n|move|p1a: Eelektross|U-turn|p2a: Galvantula\n|-crit|p2a: Galvantula\n|-damage|p2a: Galvantula|52/249\n|\n|t:|1781394935\n|switch|p1a: Koraidon|Koraidon, L64|235/235|[from] U-turn\n|-activate|p1a: Koraidon|move: Sticky Web\n|-unboost|p1a: Koraidon|spe|1\n|-weather|SunnyDay|[from] ability: Orichalcum Pulse|[of] p1a: Koraidon\n|-activate|p1a: Koraidon|Orichalcum Pulse|[source]\n|\n|-weather|SunnyDay|[upkeep]\n|upkeep\n|turn|15\n|\n|t:|1781394943\n|switch|p2a: Weezing|Weezing-Galar, L86, F|116/252\n|move|p1a: Koraidon|Swords Dance|p1a: Koraidon\n|-boost|p1a: Koraidon|atk|2\n|\n|-weather|SunnyDay|[upkeep]\n|-heal|p2a: Weezing|131/252|[from] item: Leftovers\n|upkeep\n|turn|16\n|\n|t:|1781394964\n|switch|p2a: Galvantula|Galvantula, L82, F|52/249\n|switch|p1a: Eelektross|Eelektross, L87, M|86/290 psn\n|\n|-weather|SunnyDay|[upkeep]\n|-damage|p1a: Eelektross|50/290 psn|[from] psn\n|upkeep\n|turn|17\n|\n|t:|1781394968\n|move|p2a: Galvantula|Bug Buzz|p1a: Eelektross\n|-damage|p1a: Eelektross|0 fnt\n|faint|p1a: Eelektross\n|\n|-weather|SunnyDay|[upkeep]\n|upkeep\n|\n|t:|1781394971\n|switch|p1a: Banette|Banette, L93, F|270/270\n|-activate|p1a: Banette|move: Sticky Web\n|-unboost|p1a: Banette|spe|1\n|turn|18\n|\n|t:|1781394976\n|move|p2a: Galvantula|Thunder|p1a: Banette\n|-damage|p1a: Banette|150/270\n|move|p1a: Banette|Swords Dance|p1a: Banette\n|-boost|p1a: Banette|atk|2\n|\n|-weather|none\n|upkeep\n|turn|19\n|\n|t:|1781394980\n|move|p1a: Banette|Shadow Sneak|p2a: Galvantula\n|-damage|p2a: Galvantula|0 fnt\n|faint|p2a: Galvantula\n|-damage|p1a: Banette|123/270|[from] item: Life Orb\n|\n|upkeep\n|\n|t:|1781394981\n|switch|p2a: Squawkabilly|Squawkabilly-White, L89, M|291/291\n|turn|20\n|\n|t:|1781394993\n|move|p2a: Squawkabilly|Brave Bird|p1a: Banette\n|-damage|p1a: Banette|0 fnt\n|faint|p1a: Banette\n|-damage|p2a: Squawkabilly|250/291|[from] Recoil\n|\n|upkeep\n|\n|t:|1781394996\n|switch|p1a: Ogerpon|Ogerpon-Cornerstone, L76, F|247/247\n|-activate|p1a: Ogerpon|move: Sticky Web\n|-unboost|p1a: Ogerpon|spe|1\n|turn|21\n|\n|t:|1781395000\n|move|p2a: Squawkabilly|Parting Shot|p1a: Ogerpon\n|-unboost|p1a: Ogerpon|atk|1\n|-unboost|p1a: Ogerpon|spa|1\n|\n|t:|1781395002\n|switch|p2a: Weezing|Weezing-Galar, L86, F|131/252|[from] Parting Shot\n|move|p1a: Ogerpon|Swords Dance|p1a: Ogerpon\n|-boost|p1a: Ogerpon|atk|2\n|\n|-heal|p2a: Weezing|146/252|[from] item: Leftovers\n|upkeep\n|turn|22\n|\n|t:|1781395016\n|switch|p1a: Koraidon|Koraidon, L64|235/235\n|-activate|p1a: Koraidon|move: Sticky Web\n|-unboost|p1a: Koraidon|spe|1\n|-weather|SunnyDay|[from] ability: Orichalcum Pulse|[of] p1a: Koraidon\n|-activate|p1a: Koraidon|Orichalcum Pulse|[source]\n|move|p2a: Weezing|Gunk Shot|p1a: Koraidon\n|-damage|p1a: Koraidon|90/235\n|\n|-weather|SunnyDay|[upkeep]\n|-heal|p2a: Weezing|161/252|[from] item: Leftovers\n|upkeep\n|turn|23\n|\n|t:|1781395030\n|switch|p2a: Articuno|Articuno-Galar, L84|288/288\n|-terastallize|p1a: Koraidon|Fire\n|move|p1a: Koraidon|Flare Blitz|p2a: Articuno\n|-damage|p2a: Articuno|92/288\n|-damage|p1a: Koraidon|25/235|[from] Recoil\n|\n|-weather|SunnyDay|[upkeep]\n|upkeep\n|turn|24\n|\n|t:|1781395034\n|move|p2a: Articuno|Freezing Glare|p1a: Koraidon\n|-damage|p1a: Koraidon|0 fnt\n|faint|p1a: Koraidon\n|\n|-weather|SunnyDay|[upkeep]\n|upkeep\n|\n|t:|1781395036\n|switch|p1a: Ogerpon|Ogerpon-Cornerstone, L76, F|247/247\n|-activate|p1a: Ogerpon|move: Sticky Web\n|-unboost|p1a: Ogerpon|spe|1\n|turn|25\n|\n|t:|1781395043\n|move|p2a: Articuno|Freezing Glare|p1a: Ogerpon\n|-damage|p1a: Ogerpon|133/247\n|move|p1a: Ogerpon|Ivy Cudgel|p2a: Articuno|[anim] Ivy Cudgel Rock\n|-supereffective|p2a: Articuno\n|-damage|p2a: Articuno|0 fnt\n|faint|p2a: Articuno\n|\n|-weather|SunnyDay|[upkeep]\n|upkeep\n|\n|t:|1781395046\n|switch|p2a: Squawkabilly|Squawkabilly-White, L89, M|250/291\n|turn|26\n|\n|t:|1781395050\n|move|p2a: Squawkabilly|Brave Bird|p1a: Ogerpon\n|-damage|p1a: Ogerpon|0 fnt\n|faint|p1a: Ogerpon\n|-damage|p2a: Squawkabilly|206/291|[from] Recoil\n|\n|win|46455i\n", "inputlog": ">version a8376a258c1d4662feba110a92103f3664a72141\n>start {\"formatid\":\"gen9randombattle\",\"seed\":\"sodium,e67305f4210b1ef78674c0f48b55e1f6\",\"rated\":\"Rated battle\"}\n>player p1 {\"name\":\"actuary97\",\"avatar\":\"sabrina-frlg\",\"rating\":2084,\"seed\":\"sodium,0e7cea7aeafc24af1e085c1be3ed8247\"}\n>player p2 {\"name\":\"46455i\",\"avatar\":\"fisherman-gen4\",\"rating\":2186,\"seed\":\"sodium,2ef6f6c990916c42bf3f31dbe1779ff5\"}\n>p1 move ivycudgel\n>p2 move partingshot\n>p2 switch 6\n>p1 switch 6\n>p2 move strangesteam\n>p1 move steameruption\n>p2 switch 3\n>p1 move steameruption\n>p2 move calmmind\n>p1 move steameruption\n>p2 move thunderbolt\n>p1 switch 6\n>p1 move ivycudgel\n>p2 move thunderbolt\n>p2 switch 6\n>p1 move ivycudgel\n>p2 move partingshot\n>p2 switch 3\n>p1 switch 2\n>p2 move gunkshot\n>p1 move dragondance\n>p2 switch 2\n>p1 move outrage\n>p2 move wavecrash\n>p2 switch 2\n>p1 move outrage\n>p2 move gunkshot\n>p1 switch 5\n>p1 move discharge\n>p2 move gunkshot\n>p1 move discharge\n>p2 switch 4\n>p1 move uturn\n>p2 move stickyweb\n>p1 switch 4\n>p1 move swordsdance\n>p2 switch 4\n>p1 switch 4\n>p2 switch 4\n>p1 move discharge\n>p2 move bugbuzz\n>p1 switch 3\n>p1 move swordsdance\n>p2 move thunder\n>p1 move shadowsneak\n>p2 move thunder\n>p2 switch 3\n>p1 move gunkshot\n>p2 move bravebird\n>p1 switch 2\n>p1 move swordsdance\n>p2 move partingshot\n>p2 switch 4\n>p1 switch 4\n>p2 move gunkshot\n>p1 move flareblitz terastallize\n>p2 switch 5\n>p1 move scaleshot\n>p2 move freezingglare\n>p1 switch 4\n>p1 move ivycudgel\n>p2 move freezingglare\n>p2 switch 4\n>p1 move ivycudgel\n>p2 move bravebird", "uploadtime": 1781394747, "views": 8, "formatid": "gen9randombattle", "rating": null, "private": 0, "password": null}