{"id": "gen9randombattle-2631724102", "format": "[Gen 9] Random Battle", "players": ["VLADICK3333", "I is Drakon"], "log": "|j|\u2606VLADICK3333\n|j|\u2606I is Drakon\n|t:|1781428927\n|gametype|singles\n|player|p1|VLADICK3333|unknown|1421\n|player|p2|I is Drakon|lance|1465\n|gen|9\n|tier|[Gen 9] Random Battle\n|rated|\n|rule|Species Clause: Limit one of each Pok\u00e9mon\n|rule|HP Percentage Mod: HP is shown in percentages\n|rule|Sleep Clause Mod: Limit one foe put to sleep\n|rule|Illusion Level Mod: Illusion disguises the Pok\u00e9mon's true level\n|\n|t:|1781428927\n|teamsize|p1|6\n|teamsize|p2|6\n|start\n|switch|p1a: Chien-Pao|Chien-Pao, L72|234/234\n|switch|p2a: Sandaconda|Sandaconda, L84, F|258/258\n|-ability|p1a: Chien-Pao|Sword of Ruin\n|turn|1\n|\n|t:|1781428937\n|switch|p1a: Veluza|Veluza, L85, M|292/292\n|move|p2a: Sandaconda|Glare|p1a: Veluza\n|-status|p1a: Veluza|par\n|\n|upkeep\n|turn|2\n|\n|t:|1781428945\n|switch|p2a: Floatzel|Floatzel, L86, M|286/286\n|move|p1a: Veluza|Aqua Cutter|p2a: Floatzel\n|-resisted|p2a: Floatzel\n|-damage|p2a: Floatzel|173/286\n|\n|upkeep\n|turn|3\n|\n|t:|1781428947\n|move|p2a: Floatzel|Crunch|p1a: Veluza\n|-supereffective|p1a: Veluza\n|-damage|p1a: Veluza|84/292 par\n|move|p1a: Veluza|Aqua Cutter|p2a: Floatzel\n|-resisted|p2a: Floatzel\n|-damage|p2a: Floatzel|48/286\n|\n|upkeep\n|turn|4\n|\n|t:|1781428949\n|move|p2a: Floatzel|Crunch|p1a: Veluza\n|-supereffective|p1a: Veluza\n|-damage|p1a: Veluza|0 fnt\n|faint|p1a: Veluza\n|\n|upkeep\n|\n|t:|1781428955\n|switch|p1a: Avalugg|Avalugg, L88, F|310/310\n|turn|5\n|\n|t:|1781428959\n|move|p2a: Floatzel|Crunch|p1a: Avalugg\n|-damage|p1a: Avalugg|260/310\n|move|p1a: Avalugg|Body Press|p2a: Floatzel\n|-damage|p2a: Floatzel|0 fnt\n|faint|p2a: Floatzel\n|\n|upkeep\n|\n|t:|1781428962\n|switch|p2a: Iron Crown|Iron Crown, L78|268/268\n|turn|6\n|inactive|Battle timer is ON: inactive players will automatically lose when time's up. (requested by I is Drakon)\n|\n|t:|1781428975\n|move|p2a: Iron Crown|Tachyon Cutter|p1a: Avalugg\n|-supereffective|p1a: Avalugg\n|-damage|p1a: Avalugg|24/310\n|-supereffective|p1a: Avalugg\n|-damage|p1a: Avalugg|0 fnt\n|faint|p1a: Avalugg\n|-hitcount|p1: Avalugg|2\n|\n|upkeep\n|\n|t:|1781428977\n|switch|p1a: Groudon|Groudon, L72|263/263\n|-weather|SunnyDay|[from] ability: Drought|[of] p1a: Groudon\n|turn|7\n|\n|t:|1781428982\n|-end|p2a: Iron Crown|Quark Drive|[silent]\n|switch|p2a: Donphan|Donphan, L84, M|288/288\n|move|p1a: Groudon|Precipice Blades|p2a: Donphan\n|-damage|p2a: Donphan|182/288\n|\n|-weather|SunnyDay|[upkeep]\n|-heal|p2a: Donphan|200/288|[from] item: Leftovers\n|upkeep\n|turn|8\n|\n|t:|1781428990\n|switch|p1a: Wyrdeer|Wyrdeer, L87, F|321/321\n|-ability|p1a: Wyrdeer|Intimidate|boost\n|-unboost|p2a: Donphan|atk|1\n|move|p2a: Donphan|Knock Off|p1a: Wyrdeer\n|-supereffective|p1a: Wyrdeer\n|-damage|p1a: Wyrdeer|197/321\n|-enditem|p1a: Wyrdeer|Leftovers|[from] move: Knock Off|[of] p2a: Donphan\n|\n|-weather|SunnyDay|[upkeep]\n|-heal|p2a: Donphan|218/288|[from] item: Leftovers\n|upkeep\n|turn|9\n|\n|t:|1781428997\n|move|p1a: Wyrdeer|Psychic Noise|p2a: Donphan\n|-damage|p2a: Donphan|103/288\n|-start|p2a: Donphan|move: Heal Block\n|move|p2a: Donphan|Stealth Rock|p1a: Wyrdeer\n|-sidestart|p1: VLADICK3333|move: Stealth Rock\n|\n|-weather|SunnyDay|[upkeep]\n|upkeep\n|turn|10\n|\n|t:|1781429004\n|move|p1a: Wyrdeer|Psychic Noise|p2a: Donphan\n|-damage|p2a: Donphan|0 fnt\n|faint|p2a: Donphan\n|\n|-weather|SunnyDay|[upkeep]\n|upkeep\n|\n|t:|1781429008\n|switch|p2a: Sandaconda|Sandaconda, L84, F|258/258\n|turn|11\n|\n|t:|1781429023\n|move|p2a: Sandaconda|Glare|p1a: Wyrdeer\n|-status|p1a: Wyrdeer|par\n|cant|p1a: Wyrdeer|par\n|\n|-weather|none\n|upkeep\n|turn|12\n|\n|t:|1781429037\n|move|p2a: Sandaconda|Coil|p2a: Sandaconda\n|-boost|p2a: Sandaconda|atk|1\n|-boost|p2a: Sandaconda|def|1\n|-boost|p2a: Sandaconda|accuracy|1\n|move|p1a: Wyrdeer|Psychic Noise|p2a: Sandaconda\n|-damage|p2a: Sandaconda|152/258\n|-start|p2a: Sandaconda|move: Heal Block\n|\n|upkeep\n|turn|13\n|\n|t:|1781429040\n|move|p2a: Sandaconda|Earthquake|p1a: Wyrdeer\n|-damage|p1a: Wyrdeer|0 fnt\n|faint|p1a: Wyrdeer\n|\n|-end|p2a: Sandaconda|move: Heal Block\n|upkeep\n|\n|t:|1781429042\n|switch|p1a: Vespiquen|Vespiquen, L99, F|299/299\n|-ability|p1a: Vespiquen|Pressure\n|turn|14\n|\n|t:|1781429046\n|move|p2a: Sandaconda|Stone Edge|p1a: Vespiquen\n|-supereffective|p1a: Vespiquen\n|-damage|p1a: Vespiquen|0 fnt\n|faint|p1a: Vespiquen\n|\n|-heal|p2a: Sandaconda|168/258|[from] item: Leftovers\n|upkeep\n|\n|t:|1781429051\n|switch|p1a: Chien-Pao|Chien-Pao, L72|234/234\n|-damage|p1a: Chien-Pao|176/234|[from] Stealth Rock\n|-ability|p1a: Chien-Pao|Sword of Ruin\n|turn|15\n|\n|t:|1781429055\n|move|p1a: Chien-Pao|Icicle Crash|p2a: Sandaconda\n|-supereffective|p2a: Sandaconda\n|-damage|p2a: Sandaconda|22/258\n|cant|p2a: Sandaconda|flinch\n|\n|-heal|p2a: Sandaconda|38/258|[from] item: Leftovers\n|upkeep\n|turn|16\n|\n|t:|1781429060\n|move|p1a: Chien-Pao|Icicle Crash|p2a: Sandaconda\n|-supereffective|p2a: Sandaconda\n|-damage|p2a: Sandaconda|0 fnt\n|faint|p2a: Sandaconda\n|\n|upkeep\n|\n|t:|1781429061\n|switch|p2a: Iron Crown|Iron Crown, L78|268/268\n|turn|17\n|\n|t:|1781429068\n|switch|p1a: Groudon|Groudon, L72|263/263\n|-damage|p1a: Groudon|247/263|[from] Stealth Rock\n|-weather|SunnyDay|[from] ability: Drought|[of] p1a: Groudon\n|move|p2a: Iron Crown|Tachyon Cutter|p1a: Groudon\n|-damage|p1a: Groudon|157/263\n|-damage|p1a: Groudon|58/263\n|-hitcount|p1a: Groudon|2\n|\n|-weather|SunnyDay|[upkeep]\n|-heal|p1a: Groudon|74/263|[from] item: Leftovers\n|upkeep\n|turn|18\n|\n|t:|1781429072\n|move|p2a: Iron Crown|Tachyon Cutter|p1a: Groudon\n|-damage|p1a: Groudon|0 fnt\n|faint|p1a: Groudon\n|-hitcount|p1: Groudon|1\n|\n|-weather|SunnyDay|[upkeep]\n|upkeep\n|\n|t:|1781429074\n|switch|p1a: Chien-Pao|Chien-Pao, L72|176/234\n|-damage|p1a: Chien-Pao|118/234|[from] Stealth Rock\n|-ability|p1a: Chien-Pao|Sword of Ruin\n|turn|19\n|\n|t:|1781429079\n|-terastallize|p1a: Chien-Pao|Fighting\n|-terastallize|p2a: Iron Crown|Steel\n|move|p1a: Chien-Pao|Throat Chop|p2a: Iron Crown\n|-damage|p2a: Iron Crown|112/268\n|-start|p2a: Iron Crown|Throat Chop|[silent]\n|move|p2a: Iron Crown|Tachyon Cutter|p1a: Chien-Pao\n|-damage|p1a: Chien-Pao|0 fnt\n|faint|p1a: Chien-Pao\n|-hitcount|p1: Chien-Pao|1\n|\n|win|I is Drakon\n|raw|VLADICK3333's rating: 1421 &rarr; <strong>1404</strong><br />(-17 for losing)\n|raw|I is Drakon's rating: 1465 &rarr; <strong>1482</strong><br />(+17 for winning)\n|l|\u2606VLADICK3333\n|player|p1|\n", "inputlog": ">version a8376a258c1d4662feba110a92103f3664a72141\n>start {\"formatid\":\"gen9randombattle\",\"seed\":\"sodium,f17fd8b69da05cb6eec0612edaefe34d\",\"rated\":\"Rated battle\"}\n>player p1 {\"name\":\"VLADICK3333\",\"avatar\":\"unknown\",\"rating\":1421,\"seed\":\"sodium,9a3bb7496902d8186dad4f592a2feb44\"}\n>player p2 {\"name\":\"I is Drakon\",\"avatar\":\"lance\",\"rating\":1465,\"seed\":\"sodium,e26934a4333a154c7f12e6d36ca1bdbb\"}\n>p1 switch 2\n>p2 move glare\n>p1 move aquacutter\n>p2 switch 4\n>p1 move aquacutter\n>p2 move crunch\n>p1 move aquacutter\n>p2 move crunch\n>p1 switch 5\n>p1 move bodypress\n>p2 move crunch\n>p2 switch 3\n>p1 move bodypress\n>p2 move tachyoncutter\n>p1 switch 4\n>p1 move precipiceblades\n>p2 switch 2\n>p1 switch 6\n>p2 move knockoff\n>p1 move psychicnoise\n>p2 move stealthrock\n>p1 move psychicnoise\n>p2 move knockoff\n>p2 switch 4\n>p1 move psychicnoise\n>p2 move glare\n>p1 move psychicnoise\n>p2 move coil\n>p1 move psychicnoise\n>p2 move earthquake\n>p1 switch 3\n>p1 move airslash\n>p2 move stoneedge\n>p1 switch 2\n>p1 move iciclecrash\n>p2 move glare\n>p1 move iciclecrash\n>p2 move glare\n>p2 switch 2\n>p1 switch 6\n>p2 move tachyoncutter\n>p1 move heatcrash\n>p2 move tachyoncutter\n>p1 switch 6\n>p1 move throatchop terastallize\n>p2 move tachyoncutter terastallize", "uploadtime": 1781429082, "views": 3, "formatid": "gen9randombattle", "rating": 1404, "private": 0, "password": null}