{"id": "gen9randombattle-2631440424", "format": "[Gen 9] Random Battle", "players": ["klam141", "Fortre"], "log": "|j|\u2606klam141\n|j|\u2606Fortre\n|t:|1781384943\n|gametype|singles\n|player|p1|klam141|pokemaniac|2045\n|player|p2|Fortre|1|1974\n|gen|9\n|tier|[Gen 9] Random Battle\n|rated|\n|rule|Species Clause: Limit one of each Pok\u00e9mon\n|rule|HP Percentage Mod: HP is shown in percentages\n|rule|Sleep Clause Mod: Limit one foe put to sleep\n|rule|Illusion Level Mod: Illusion disguises the Pok\u00e9mon's true level\n|\n|t:|1781384943\n|teamsize|p1|6\n|teamsize|p2|6\n|start\n|switch|p1a: Vikavolt|Vikavolt, L83, F|263/263\n|switch|p2a: Leavanny|Leavanny, L86, F|269/269\n|turn|1\n|inactive|Battle timer is ON: inactive players will automatically lose when time's up. (requested by klam141)\n|\n|t:|1781384954\n|move|p2a: Leavanny|Sticky Web|p1a: Vikavolt\n|-sidestart|p1: klam141|move: Sticky Web\n|move|p1a: Vikavolt|Sticky Web|p2a: Leavanny\n|-sidestart|p2: Fortre|move: Sticky Web\n|\n|upkeep\n|turn|2\n|\n|t:|1781384967\n|switch|p2a: Delibird|Delibird, F|252/252\n|move|p1a: Vikavolt|Bug Buzz|p2a: Delibird\n|-resisted|p2a: Delibird\n|-damage|p2a: Delibird|169/252\n|\n|upkeep\n|turn|3\n|\n|t:|1781384981\n|move|p2a: Delibird|Brave Bird|p1a: Vikavolt\n|-damage|p1a: Vikavolt|92/263\n|-damage|p2a: Delibird|113/252|[from] Recoil\n|move|p1a: Vikavolt|Discharge|p2a: Delibird\n|-supereffective|p2a: Delibird\n|-damage|p2a: Delibird|0 fnt\n|faint|p2a: Delibird\n|\n|upkeep\n|\n|t:|1781384991\n|switch|p2a: Venomoth|Venomoth, L84, M|255/255\n|turn|4\n|\n|t:|1781385005\n|move|p2a: Venomoth|Sludge Wave|p1a: Vikavolt\n|-damage|p1a: Vikavolt|0 fnt\n|faint|p1a: Vikavolt\n|\n|upkeep\n|\n|t:|1781385023\n|switch|p1a: Lugia|Lugia, L73|275/275\n|turn|5\n|\n|t:|1781385029\n|switch|p2a: Sandy Shocks|Sandy Shocks, L80|267/267\n|-activate|p2a: Sandy Shocks|move: Sticky Web\n|-unboost|p2a: Sandy Shocks|spe|1\n|move|p1a: Lugia|Aeroblast|p2a: Sandy Shocks\n|-resisted|p2a: Sandy Shocks\n|-damage|p2a: Sandy Shocks|228/267\n|\n|-heal|p2a: Sandy Shocks|244/267|[from] item: Leftovers\n|upkeep\n|turn|6\n|\n|t:|1781385044\n|switch|p1a: Tyranitar|Tyranitar, L78, F|284/284\n|-activate|p1a: Tyranitar|move: Sticky Web\n|-unboost|p1a: Tyranitar|spe|1\n|-weather|Sandstorm|[from] ability: Sand Stream|[of] p1a: Tyranitar\n|move|p2a: Sandy Shocks|Thunder Wave|p1a: Tyranitar\n|-status|p1a: Tyranitar|par\n|\n|-weather|Sandstorm|[upkeep]\n|-heal|p2a: Sandy Shocks|260/267|[from] item: Leftovers\n|upkeep\n|turn|7\n|\n|t:|1781385062\n|move|p2a: Sandy Shocks|Earth Power|p1a: Tyranitar\n|-supereffective|p1a: Tyranitar\n|-damage|p1a: Tyranitar|158/284 par\n|-enditem|p1a: Tyranitar|Weakness Policy\n|-boost|p1a: Tyranitar|atk|2|[from] item: Weakness Policy\n|-boost|p1a: Tyranitar|spa|2|[from] item: Weakness Policy\n|move|p1a: Tyranitar|Knock Off|p2a: Sandy Shocks\n|-damage|p2a: Sandy Shocks|16/267\n|-enditem|p2a: Sandy Shocks|Leftovers|[from] move: Knock Off|[of] p1a: Tyranitar\n|\n|-weather|Sandstorm|[upkeep]\n|upkeep\n|turn|8\n|\n|t:|1781385068\n|move|p2a: Sandy Shocks|Earth Power|p1a: Tyranitar\n|-supereffective|p1a: Tyranitar\n|-damage|p1a: Tyranitar|12/284 par\n|cant|p1a: Tyranitar|par\n|\n|-weather|Sandstorm|[upkeep]\n|upkeep\n|turn|9\n|\n|t:|1781385079\n|move|p2a: Sandy Shocks|Earth Power|p1a: Tyranitar\n|-supereffective|p1a: Tyranitar\n|-damage|p1a: Tyranitar|0 fnt\n|faint|p1a: Tyranitar\n|\n|-weather|Sandstorm|[upkeep]\n|upkeep\n|\n|t:|1781385108\n|switch|p1a: Lugia|Lugia, L73|275/275\n|turn|10\n|\n|t:|1781385114\n|move|p1a: Lugia|Psychic Noise|p2a: Sandy Shocks\n|-damage|p2a: Sandy Shocks|0 fnt\n|faint|p2a: Sandy Shocks\n|-end|p2a: Sandy Shocks|Protosynthesis|[silent]\n|\n|-weather|none\n|upkeep\n|\n|t:|1781385119\n|switch|p2a: Leavanny|Leavanny, L86, F|269/269\n|-activate|p2a: Leavanny|move: Sticky Web\n|-unboost|p2a: Leavanny|spe|1\n|turn|11\n|\n|t:|1781385127\n|-terastallize|p2a: Leavanny|Ghost\n|move|p1a: Lugia|Aeroblast|p2a: Leavanny\n|-damage|p2a: Leavanny|185/269\n|move|p2a: Leavanny|Triple Axel|p1a: Lugia\n|-supereffective|p1a: Lugia\n|-damage|p1a: Lugia|261/275\n|-supereffective|p1a: Lugia\n|-damage|p1a: Lugia|207/275\n|-supereffective|p1a: Lugia\n|-damage|p1a: Lugia|123/275\n|-hitcount|p1a: Lugia|3\n|\n|upkeep\n|turn|12\n|\n|t:|1781385136\n|switch|p1a: Infernape|Infernape, L82, F|259/259\n|-activate|p1a: Infernape|move: Sticky Web\n|-unboost|p1a: Infernape|spe|1\n|move|p2a: Leavanny|Knock Off|p1a: Infernape\n|-resisted|p1a: Infernape\n|-damage|p1a: Infernape|212/259\n|-enditem|p1a: Infernape|Life Orb|[from] move: Knock Off|[of] p2a: Leavanny\n|\n|upkeep\n|turn|13\n|\n|t:|1781385143\n|switch|p2a: Primarina|Primarina, L83, M|268/268\n|-activate|p2a: Primarina|move: Sticky Web\n|-unboost|p2a: Primarina|spe|1\n|move|p1a: Infernape|Knock Off|p2a: Primarina\n|-resisted|p2a: Primarina\n|-damage|p2a: Primarina|231/268\n|-enditem|p2a: Primarina|Choice Specs|[from] move: Knock Off|[of] p1a: Infernape\n|\n|upkeep\n|turn|14\n|\n|t:|1781385158\n|move|p1a: Infernape|Grass Knot|p2a: Primarina\n|-supereffective|p2a: Primarina\n|-damage|p2a: Primarina|163/268\n|move|p2a: Primarina|Hydro Pump|p1a: Infernape\n|-supereffective|p1a: Infernape\n|-damage|p1a: Infernape|0 fnt\n|faint|p1a: Infernape\n|\n|upkeep\n|\n|t:|1781385171\n|switch|p1a: Flutter Mane|Flutter Mane, L74|203/203\n|-activate|p1a: Flutter Mane|move: Sticky Web\n|-unboost|p1a: Flutter Mane|spe|1\n|turn|15\n|\n|t:|1781385182\n|move|p1a: Flutter Mane|Shadow Ball|p2a: Primarina\n|-damage|p2a: Primarina|64/268\n|move|p2a: Primarina|Flip Turn|p1a: Flutter Mane\n|-damage|p1a: Flutter Mane|83/203\n|\n|t:|1781385184\n|switch|p2a: Venomoth|Venomoth, L84, M|255/255|[from] Flip Turn\n|\n|upkeep\n|turn|16\n|\n|t:|1781385188\n|move|p2a: Venomoth|Quiver Dance|p2a: Venomoth\n|-boost|p2a: Venomoth|spa|1\n|-boost|p2a: Venomoth|spd|1\n|-boost|p2a: Venomoth|spe|1\n|move|p1a: Flutter Mane|Shadow Ball|p2a: Venomoth\n|-damage|p2a: Venomoth|150/255\n|\n|upkeep\n|turn|17\n|\n|t:|1781385193\n|move|p2a: Venomoth|Sludge Wave|p1a: Flutter Mane\n|-damage|p1a: Flutter Mane|0 fnt\n|faint|p1a: Flutter Mane\n|-end|p1a: Flutter Mane|Protosynthesis|[silent]\n|\n|upkeep\n|\n|t:|1781385195\n|switch|p1a: Wyrdeer|Wyrdeer, L87, M|321/321\n|-activate|p1a: Wyrdeer|move: Sticky Web\n|-unboost|p1a: Wyrdeer|spe|1\n|-ability|p1a: Wyrdeer|Intimidate|boost\n|-unboost|p2a: Venomoth|atk|1\n|turn|18\n|\n|t:|1781385207\n|-terastallize|p1a: Wyrdeer|Ground\n|move|p2a: Venomoth|Sleep Powder|p1a: Wyrdeer\n|-status|p1a: Wyrdeer|slp|[from] move: Sleep Powder\n|cant|p1a: Wyrdeer|slp\n|\n|upkeep\n|turn|19\n|-message|klam141 forfeited.\n|\n|win|Fortre\n", "inputlog": ">version a8376a258c1d4662feba110a92103f3664a72141\n>start {\"formatid\":\"gen9randombattle\",\"seed\":\"sodium,b3f983cff430a80580887706741261a5\",\"rated\":\"Rated battle\"}\n>player p1 {\"name\":\"klam141\",\"avatar\":\"pokemaniac\",\"rating\":2045,\"seed\":\"sodium,1340f7094fc013f1f83ed2a0d9877700\"}\n>player p2 {\"name\":\"Fortre\",\"avatar\":\"1\",\"rating\":1974,\"seed\":\"sodium,369f5534ada0d669516ae8baa896cc35\"}\n>p1 move stickyweb\n>p2 move stickyweb\n>p1 move bugbuzz\n>p2 switch 6\n>p1 move discharge\n>p2 move bravebird\n>p2 switch 4\n>p1 move voltswitch\n>p2 move sludgewave\n>p1 switch 6\n>p1 move aeroblast\n>p2 switch 2\n>p1 switch 2\n>p2 move thunderwave\n>p1 move knockoff\n>p2 move earthpower\n>p1 move knockoff\n>p2 move earthpower\n>p1 move knockoff\n>p2 move earthpower\n>p1 switch 2\n>p1 move psychicnoise\n>p2 move thunderwave\n>p2 switch 6\n>p1 move aeroblast\n>p2 move tripleaxel terastallize\n>p1 switch 4\n>p2 move knockoff\n>p1 move knockoff\n>p2 switch 3\n>p1 move grassknot\n>p2 move hydropump\n>p1 switch 5\n>p1 move shadowball\n>p2 move flipturn\n>p2 switch 2\n>p1 move shadowball\n>p2 move quiverdance\n>p1 move shadowball\n>p2 move sludgewave\n>p1 switch 3\n>p1 move earthquake terastallize\n>p2 move sleeppowder\n>forcelose p1", "uploadtime": 1781384945, "views": 8, "formatid": "gen9randombattle", "rating": null, "private": 0, "password": null}