{"id": "gen9randombattle-2631812265", "format": "[Gen 9] Random Battle", "players": ["zicafeliped", "espeonagee"], "log": "|j|\u2606zicafeliped\n|j|\u2606espeonagee\n|t:|1781443229\n|gametype|singles\n|player|p1|zicafeliped|beauty-gen4dp|2214\n|player|p2|espeonagee|169|2202\n|gen|9\n|tier|[Gen 9] Random Battle\n|rated|\n|rule|Species Clause: Limit one of each Pok\u00e9mon\n|rule|HP Percentage Mod: HP is shown in percentages\n|rule|Sleep Clause Mod: Limit one foe put to sleep\n|rule|Illusion Level Mod: Illusion disguises the Pok\u00e9mon's true level\n|\n|t:|1781443229\n|teamsize|p1|6\n|teamsize|p2|6\n|start\n|switch|p1a: Koraidon|Koraidon, L64|235/235\n|switch|p2a: Baxcalibur|Baxcalibur, L75, F|296/296\n|-weather|SunnyDay|[from] ability: Orichalcum Pulse|[of] p1a: Koraidon\n|-activate|p1a: Koraidon|Orichalcum Pulse|[source]\n|turn|1\n|inactive|Battle timer is ON: inactive players will automatically lose when time's up. (requested by zicafeliped)\n|\n|t:|1781443237\n|switch|p2a: Weezing|Weezing-Galar, L86, F|252/252\n|move|p1a: Koraidon|Close Combat|p2a: Weezing\n|-resisted|p2a: Weezing\n|-damage|p2a: Weezing|218/252\n|-unboost|p1a: Koraidon|def|1\n|-unboost|p1a: Koraidon|spd|1\n|\n|-weather|SunnyDay|[upkeep]\n|-heal|p2a: Weezing|233/252|[from] item: Leftovers\n|upkeep\n|turn|2\n|\n|t:|1781443243\n|switch|p1a: Solgaleo|Solgaleo, L74|325/325\n|move|p2a: Weezing|Will-O-Wisp|p1a: Solgaleo\n|-status|p1a: Solgaleo|brn\n|\n|-weather|SunnyDay|[upkeep]\n|-heal|p2a: Weezing|248/252|[from] item: Leftovers\n|-damage|p1a: Solgaleo|305/325 brn|[from] brn\n|upkeep\n|turn|3\n|\n|t:|1781443249\n|switch|p2a: Groudon|Groudon, L72|263/263\n|move|p1a: Solgaleo|Knock Off|p2a: Groudon\n|-damage|p2a: Groudon|234/263\n|-enditem|p2a: Groudon|Leftovers|[from] move: Knock Off|[of] p1a: Solgaleo\n|\n|-weather|SunnyDay|[upkeep]\n|-damage|p1a: Solgaleo|285/325 brn|[from] brn\n|upkeep\n|turn|4\n|\n|t:|1781443273\n|move|p1a: Solgaleo|Flame Charge|p2a: Groudon\n|-damage|p2a: Groudon|213/263\n|-boost|p1a: Solgaleo|spe|1\n|move|p2a: Groudon|Stealth Rock|p1a: Solgaleo\n|-sidestart|p1: zicafeliped|move: Stealth Rock\n|\n|-weather|SunnyDay|[upkeep]\n|-damage|p1a: Solgaleo|265/325 brn|[from] brn\n|upkeep\n|turn|5\n|\n|t:|1781443302\n|move|p1a: Solgaleo|Flame Charge|p2a: Groudon\n|-damage|p2a: Groudon|191/263\n|-boost|p1a: Solgaleo|spe|1\n|move|p2a: Groudon|Precipice Blades|p1a: Solgaleo\n|-supereffective|p1a: Solgaleo\n|-damage|p1a: Solgaleo|0 fnt\n|faint|p1a: Solgaleo\n|\n|-weather|none\n|upkeep\n|inactive|zicafeliped has 120 seconds left.\n|\n|t:|1781443320\n|switch|p1a: Koraidon|Koraidon, L64|235/235\n|-damage|p1a: Koraidon|221/235|[from] Stealth Rock\n|-weather|SunnyDay|[from] ability: Orichalcum Pulse|[of] p1a: Koraidon\n|-activate|p1a: Koraidon|Orichalcum Pulse|[source]\n|turn|6\n|-message|zicafeliped forfeited.\n|\n|win|espeonagee\n", "inputlog": ">version a8376a258c1d4662feba110a92103f3664a72141\n>start {\"formatid\":\"gen9randombattle\",\"seed\":\"sodium,5dae34fdd4aa4132d4c10ba1c2536209\",\"rated\":\"Rated battle\"}\n>player p1 {\"name\":\"zicafeliped\",\"avatar\":\"beauty-gen4dp\",\"rating\":2214,\"seed\":\"sodium,f5c8545abd205b16a12663006cbcd42a\"}\n>player p2 {\"name\":\"espeonagee\",\"avatar\":\"169\",\"rating\":2202,\"seed\":\"sodium,fcb31b02bf1178a55c64c5010c786925\"}\n>p1 move closecombat\n>p2 switch 4\n>p1 switch 3\n>p2 move willowisp\n>p1 move knockoff\n>p2 switch 6\n>p1 move flamecharge\n>p2 move stealthrock\n>p1 move flamecharge\n>p2 move precipiceblades\n>p1 switch 3\n>forcelose p1", "uploadtime": 1781443230, "views": 6, "formatid": "gen9randombattle", "rating": null, "private": 0, "password": null}