{"id": "gen9randombattle-2632019652", "format": "[Gen 9] Random Battle", "players": ["lucky liu", "Ara Ara Armin"], "log": "|j|\u203dlucky liu\n|j|\u2606Ara Ara Armin\n|t:|1781466642\n|gametype|singles\n|player|p1|lucky liu|roxie|2102\n|player|p2|Ara Ara Armin|101|2065\n|gen|9\n|tier|[Gen 9] Random Battle\n|rated|\n|rule|Species Clause: Limit one of each Pok\u00e9mon\n|rule|HP Percentage Mod: HP is shown in percentages\n|rule|Sleep Clause Mod: Limit one foe put to sleep\n|rule|Illusion Level Mod: Illusion disguises the Pok\u00e9mon's true level\n|\n|t:|1781466642\n|teamsize|p1|6\n|teamsize|p2|6\n|start\n|switch|p1a: Regidrago|Regidrago, L77|435/435\n|switch|p2a: Sunflora|Sunflora, M|312/312\n|turn|1\n|inactive|Battle timer is ON: inactive players will automatically lose when time's up. (requested by Ara Ara Armin)\n|inactive|lucky liu has 120 seconds left.\n|\n|t:|1781466692\n|switch|p1a: Frosmoth|Frosmoth, L82, F|249/249\n|move|p2a: Sunflora|Dazzling Gleam|p1a: Frosmoth\n|-damage|p1a: Frosmoth|182/249\n|\n|upkeep\n|turn|2\n|inactive|lucky liu has 120 seconds left.\n|\n|t:|1781466733\n|switch|p1a: Regidrago|Regidrago, L77|435/435\n|switch|p2a: Cetitan|Cetitan, L82, F|413/413\n|\n|upkeep\n|turn|3\n|\n|t:|1781466743\n|switch|p1a: Mewtwo|Mewtwo, L72|272/272\n|-ability|p1a: Mewtwo|Unnerve\n|move|p2a: Cetitan|Icicle Crash|p1a: Mewtwo\n|-damage|p1a: Mewtwo|77/272\n|\n|upkeep\n|turn|4\n|\n|t:|1781466757\n|move|p1a: Mewtwo|Fire Blast|p2a: Cetitan\n|-supereffective|p2a: Cetitan\n|-damage|p2a: Cetitan|98/413\n|-damage|p1a: Mewtwo|50/272|[from] item: Life Orb\n|move|p2a: Cetitan|Liquidation|p1a: Mewtwo\n|-damage|p1a: Mewtwo|0 fnt\n|faint|p1a: Mewtwo\n|\n|upkeep\n|inactive|lucky liu has 120 seconds left.\n|\n|t:|1781466770\n|switch|p1a: Darkrai|Darkrai, L77|234/234\n|turn|5\n|inactive|lucky liu has 120 seconds left.\n|\n|t:|1781466784\n|move|p2a: Cetitan|Ice Shard|p1a: Darkrai\n|-damage|p1a: Darkrai|168/234\n|-damage|p2a: Cetitan|57/413|[from] item: Life Orb\n|move|p1a: Darkrai|Sludge Bomb|p2a: Cetitan\n|-damage|p2a: Cetitan|0 fnt\n|faint|p2a: Cetitan\n|-damage|p1a: Darkrai|145/234|[from] item: Life Orb\n|\n|upkeep\n|\n|t:|1781466791\n|switch|p2a: Enamorus|Enamorus-Therian, L83, F|259/259\n|turn|6\n|\n|t:|1781466802\n|-terastallize|p1a: Darkrai|Poison\n|move|p1a: Darkrai|Sludge Bomb|p2a: Enamorus\n|-supereffective|p2a: Enamorus\n|-damage|p2a: Enamorus|87/259\n|-damage|p1a: Darkrai|122/234|[from] item: Life Orb\n|move|p2a: Enamorus|Moonblast|p1a: Darkrai\n|-resisted|p1a: Darkrai\n|-damage|p1a: Darkrai|53/234\n|-unboost|p1a: Darkrai|spa|1\n|\n|upkeep\n|turn|7\n|\n|t:|1781466819\n|move|p1a: Darkrai|Sludge Bomb|p2a: Enamorus\n|-supereffective|p2a: Enamorus\n|-damage|p2a: Enamorus|0 fnt\n|faint|p2a: Enamorus\n|-damage|p1a: Darkrai|30/234|[from] item: Life Orb\n|\n|upkeep\n|inactive|Ara Ara Armin has 120 seconds left.\n|\n|t:|1781466841\n|switch|p2a: Toxtricity|Toxtricity, L82, F|257/257\n|turn|8\n|inactive|lucky liu has 120 seconds left.\n|\n|t:|1781466867\n|move|p1a: Darkrai|Hypnosis|p2a: Toxtricity|[miss]\n|-miss|p1a: Darkrai|p2a: Toxtricity\n|move|p2a: Toxtricity|Volt Switch|p1a: Darkrai\n|-damage|p1a: Darkrai|0 fnt\n|faint|p1a: Darkrai\n|\n|t:|1781466873\n|switch|p2a: Meowstic|Meowstic, L89, M|277/277|[from] Volt Switch\n|\n|upkeep\n|inactive|lucky liu has 120 seconds left.\n|\n|t:|1781466886\n|switch|p1a: Donphan|Donphan, L84, F|288/288\n|turn|9\n|inactive|lucky liu has 120 seconds left.\n|\n|t:|1781466897\n|move|p2a: Meowstic|Reflect|p2a: Meowstic\n|-sidestart|p2: Ara Ara Armin|Reflect\n|move|p1a: Donphan|Earthquake|p2a: Meowstic\n|-damage|p2a: Meowstic|207/277\n|\n|upkeep\n|turn|10\n|\n|t:|1781466904\n|switch|p2a: Quagsire|Quagsire, L84, F|297/297\n|move|p1a: Donphan|Ice Spinner|p2a: Quagsire\n|-damage|p2a: Quagsire|264/297\n|\n|-heal|p2a: Quagsire|282/297|[from] item: Leftovers\n|upkeep\n|turn|11\n|\n|t:|1781466919\n|switch|p1a: Regidrago|Regidrago, L77|435/435\n|move|p2a: Quagsire|Toxic|p1a: Regidrago\n|-status|p1a: Regidrago|tox\n|-enditem|p1a: Regidrago|Lum Berry|[eat]\n|-curestatus|p1a: Regidrago|tox|[msg]\n|\n|-heal|p2a: Quagsire|297/297|[from] item: Leftovers\n|upkeep\n|turn|12\n|\n|t:|1781466930\n|move|p1a: Regidrago|Draco Meteor|p2a: Quagsire\n|-damage|p2a: Quagsire|81/297\n|-unboost|p1a: Regidrago|spa|2\n|move|p2a: Quagsire|Toxic|p1a: Regidrago\n|-status|p1a: Regidrago|tox\n|\n|-heal|p2a: Quagsire|99/297|[from] item: Leftovers\n|-damage|p1a: Regidrago|408/435 tox|[from] psn\n|upkeep\n|turn|13\n|\n|t:|1781466943\n|switch|p2a: Sunflora|Sunflora, M|312/312\n|move|p1a: Regidrago|Draco Meteor|p2a: Sunflora\n|-damage|p2a: Sunflora|240/312\n|-unboost|p1a: Regidrago|spa|2\n|\n|-damage|p1a: Regidrago|354/435 tox|[from] psn\n|upkeep\n|turn|14\n|\n|t:|1781466956\n|switch|p1a: Frosmoth|Frosmoth, L82, F|182/249\n|switch|p2a: Meowstic|Meowstic, L89, M|207/277\n|\n|upkeep\n|turn|15\n|\n|t:|1781466964\n|-terastallize|p2a: Meowstic|Fairy\n|move|p2a: Meowstic|Light Screen|p2a: Meowstic\n|-sidestart|p2: Ara Ara Armin|move: Light Screen\n|move|p1a: Frosmoth|Bug Buzz|p2a: Meowstic\n|-resisted|p2a: Meowstic\n|-damage|p2a: Meowstic|177/277\n|-unboost|p2a: Meowstic|spd|1\n|\n|upkeep\n|turn|16\n|\n|t:|1781466973\n|move|p2a: Meowstic|Psychic Noise|p1a: Frosmoth\n|-damage|p1a: Frosmoth|143/249\n|-start|p1a: Frosmoth|move: Heal Block\n|move|p1a: Frosmoth|Ice Beam|p2a: Meowstic\n|-damage|p2a: Meowstic|99/277\n|-status|p2a: Meowstic|frz\n|\n|-sideend|p2: Ara Ara Armin|Reflect\n|upkeep\n|turn|17\n|\n|t:|1781466985\n|switch|p2a: Toxtricity|Toxtricity, L82, F|257/257\n|move|p1a: Frosmoth|Quiver Dance|p1a: Frosmoth\n|-boost|p1a: Frosmoth|spa|1\n|-boost|p1a: Frosmoth|spd|1\n|-boost|p1a: Frosmoth|spe|1\n|\n|-end|p1a: Frosmoth|move: Heal Block\n|upkeep\n|turn|18\n|\n|t:|1781466990\n|move|p1a: Frosmoth|Quiver Dance|p1a: Frosmoth\n|-boost|p1a: Frosmoth|spa|1\n|-boost|p1a: Frosmoth|spd|1\n|-boost|p1a: Frosmoth|spe|1\n|move|p2a: Toxtricity|Sludge Wave|p1a: Frosmoth\n|-damage|p1a: Frosmoth|102/249\n|\n|upkeep\n|turn|19\n|\n|t:|1781467000\n|move|p1a: Frosmoth|Quiver Dance|p1a: Frosmoth\n|-boost|p1a: Frosmoth|spa|1\n|-boost|p1a: Frosmoth|spd|1\n|-boost|p1a: Frosmoth|spe|1\n|move|p2a: Toxtricity|Sludge Wave|p1a: Frosmoth\n|-damage|p1a: Frosmoth|68/249\n|\n|upkeep\n|turn|20\n|\n|t:|1781467013\n|move|p1a: Frosmoth|Quiver Dance|p1a: Frosmoth\n|-boost|p1a: Frosmoth|spa|1\n|-boost|p1a: Frosmoth|spd|1\n|-boost|p1a: Frosmoth|spe|1\n|move|p2a: Toxtricity|Sludge Wave|p1a: Frosmoth\n|-damage|p1a: Frosmoth|43/249\n|\n|upkeep\n|turn|21\n|\n|t:|1781467018\n|move|p1a: Frosmoth|Ice Beam|p2a: Toxtricity\n|-damage|p2a: Toxtricity|51/257\n|move|p2a: Toxtricity|Sludge Wave|p1a: Frosmoth\n|-damage|p1a: Frosmoth|18/249\n|\n|upkeep\n|turn|22\n|\n|t:|1781467023\n|move|p1a: Frosmoth|Ice Beam|p2a: Toxtricity\n|-damage|p2a: Toxtricity|0 fnt\n|faint|p2a: Toxtricity\n|\n|-sideend|p2: Ara Ara Armin|move: Light Screen\n|upkeep\n|\n|t:|1781467035\n|switch|p2a: Quagsire|Quagsire, L84, F|99/297\n|turn|23\n|\n|t:|1781467039\n|move|p1a: Frosmoth|Bug Buzz|p2a: Quagsire\n|-damage|p2a: Quagsire|0 fnt\n|faint|p2a: Quagsire\n|\n|upkeep\n|\n|t:|1781467041\n|switch|p2a: Meowstic|Meowstic, L89, M, tera:Fairy|99/277 frz\n|turn|24\n|\n|t:|1781467045\n|cant|p2a: Meowstic|frz\n|move|p1a: Frosmoth|Ice Beam|p2a: Meowstic\n|-damage|p2a: Meowstic|0 fnt\n|faint|p2a: Meowstic\n|\n|upkeep\n|-message|Ara Ara Armin forfeited.\n|\n|win|lucky liu\n", "inputlog": ">version a8376a258c1d4662feba110a92103f3664a72141\n>start {\"formatid\":\"gen9randombattle\",\"seed\":\"sodium,5b55a4592429ed60e40f369bf474a973\",\"rated\":\"Rated battle\"}\n>player p1 {\"name\":\"lucky liu\",\"avatar\":\"roxie\",\"rating\":2102,\"seed\":\"sodium,fb0e5527fedebf630344fd648438be3d\"}\n>player p2 {\"name\":\"Ara Ara Armin\",\"avatar\":\"101\",\"rating\":2065,\"seed\":\"sodium,877e310f22e4b84f61aa0ea71de9d15a\"}\n>p1 switch 5\n>p2 move dazzlinggleam\n>p1 switch 5\n>p2 switch 6\n>p1 switch 3\n>p2 move iciclecrash\n>p1 move fireblast\n>p2 move liquidation\n>p1 switch 6\n>p1 move sludgebomb\n>p2 move iceshard\n>p2 switch 5\n>p1 move sludgebomb terastallize\n>p2 move moonblast\n>p1 move sludgebomb\n>p2 move psychic\n>p2 switch 3\n>p1 move hypnosis\n>p2 move voltswitch\n>p2 switch 2\n>p1 switch 4\n>p1 move earthquake\n>p2 move reflect\n>p1 move icespinner\n>p2 switch 4\n>p1 switch 3\n>p2 move toxic\n>p1 move dracometeor\n>p2 move toxic\n>p1 move dracometeor\n>p2 switch 6\n>p1 switch 5\n>p2 switch 4\n>p1 move bugbuzz\n>p2 move lightscreen terastallize\n>p1 move icebeam\n>p2 move psychicnoise\n>p1 move quiverdance\n>p2 switch 2\n>p1 move quiverdance\n>p2 move sludgewave\n>p1 move quiverdance\n>p2 move sludgewave\n>p1 move quiverdance\n>p2 move sludgewave\n>p1 move icebeam\n>p2 move sludgewave\n>p1 move icebeam\n>p2 move sludgewave\n>p2 switch 6\n>p1 move bugbuzz\n>p2 move earthquake\n>p2 switch 2\n>p1 move icebeam\n>p2 move lightscreen\n>forcelose p2", "uploadtime": 1781466643, "views": 9, "formatid": "gen9randombattle", "rating": null, "private": 0, "password": null}