{"id": "gen9randombattle-2631875146", "format": "[Gen 9] Random Battle", "players": ["fuckuup", "finish thi"], "log": "|j|\u2606fuckuup\n|j|\u2606finish thi\n|t:|1781450824\n|gametype|singles\n|player|p1|fuckuup|169|1059\n|player|p2|finish thi|shadowtriad|1070\n|gen|9\n|tier|[Gen 9] Random Battle\n|rated|\n|rule|Species Clause: Limit one of each Pok\u00e9mon\n|rule|HP Percentage Mod: HP is shown in percentages\n|rule|Sleep Clause Mod: Limit one foe put to sleep\n|rule|Illusion Level Mod: Illusion disguises the Pok\u00e9mon's true level\n|\n|t:|1781450824\n|teamsize|p1|6\n|teamsize|p2|6\n|start\n|switch|p1a: Kricketune|Kricketune, L99, F|311/311\n|switch|p2a: Archaludon|Archaludon, L78, F|268/268\n|turn|1\n|inactive|Battle timer is ON: inactive players will automatically lose when time's up. (requested by finish thi)\n|\n|t:|1781450843\n|switch|p1a: Tauros|Tauros-Paldea-Aqua, L81, M|254/254\n|-ability|p1a: Tauros|Intimidate|boost\n|-unboost|p2a: Archaludon|atk|1\n|move|p2a: Archaludon|Swords Dance|p2a: Archaludon\n|-boost|p2a: Archaludon|atk|2\n|\n|upkeep\n|turn|2\n|inactive|finish thi has 120 seconds left.\n|\n|t:|1781450892\n|switch|p2a: Araquanid|Araquanid, L82, F|246/246\n|move|p1a: Tauros|Bulk Up|p1a: Tauros\n|-boost|p1a: Tauros|atk|1\n|-boost|p1a: Tauros|def|1\n|\n|upkeep\n|turn|3\n|\n|t:|1781450903\n|move|p1a: Tauros|Bulk Up|p1a: Tauros\n|-boost|p1a: Tauros|atk|1\n|-boost|p1a: Tauros|def|1\n|move|p2a: Araquanid|Sticky Web|p1a: Tauros\n|-sidestart|p1: fuckuup|move: Sticky Web\n|\n|upkeep\n|turn|4\n|\n|t:|1781450924\n|switch|p2a: Florges|Florges-White, L85, F|271/271\n|move|p1a: Tauros|Bulk Up|p1a: Tauros\n|-boost|p1a: Tauros|atk|1\n|-boost|p1a: Tauros|def|1\n|\n|upkeep\n|turn|5\n|\n|t:|1781450935\n|-terastallize|p1a: Tauros|Water\n|move|p1a: Tauros|Liquidation|p2a: Florges\n|-damage|p2a: Florges|0 fnt\n|faint|p2a: Florges\n|-damage|p1a: Tauros|229/254|[from] item: Life Orb\n|\n|upkeep\n|inactive|finish thi has 90 seconds left.\n|\n|t:|1781450951\n|switch|p2a: Serperior|Serperior, L79, M|248/248\n|turn|6\n|inactive|finish thi has 90 seconds left.\n|\n|t:|1781450962\n|switch|p1a: Abomasnow|Abomasnow, L84, F|287/287\n|-activate|p1a: Abomasnow|move: Sticky Web\n|-unboost|p1a: Abomasnow|spe|1\n|-weather|Snowscape|[from] ability: Snow Warning|[of] p1a: Abomasnow\n|move|p2a: Serperior|Leaf Storm|p1a: Abomasnow\n|-resisted|p1a: Abomasnow\n|-damage|p1a: Abomasnow|219/287\n|-boost|p2a: Serperior|spa|2\n|-damage|p2a: Serperior|224/248|[from] item: Life Orb\n|\n|-weather|Snowscape|[upkeep]\n|upkeep\n|turn|7\n|inactive|finish thi has 90 seconds left.\n|\n|t:|1781450991\n|switch|p2a: Oinkologne|Oinkologne, L92, M|352/352\n|move|p1a: Abomasnow|Blizzard|p2a: Oinkologne\n|-damage|p2a: Oinkologne|294/352\n|\n|-weather|Snowscape|[upkeep]\n|-heal|p2a: Oinkologne|316/352|[from] item: Leftovers\n|upkeep\n|turn|8\n|inactive|finish thi has 60 seconds left.\n|\n|t:|1781451020\n|switch|p1a: Tauros|Tauros-Paldea-Aqua, L81, M, tera:Water|229/254\n|-activate|p1a: Tauros|move: Sticky Web\n|-unboost|p1a: Tauros|spe|1\n|-ability|p1a: Tauros|Intimidate|boost\n|-unboost|p2a: Oinkologne|atk|1\n|move|p2a: Oinkologne|Double-Edge|p1a: Tauros\n|-damage|p1a: Tauros|142/254\n|-damage|p2a: Oinkologne|287/352|[from] Recoil\n|\n|-weather|Snowscape|[upkeep]\n|-heal|p2a: Oinkologne|309/352|[from] item: Leftovers\n|upkeep\n|turn|9\n|inactive|finish thi has 60 seconds left.\n|\n|t:|1781451056\n|move|p2a: Oinkologne|Double-Edge|p1a: Tauros\n|-damage|p1a: Tauros|57/254\n|-damage|p2a: Oinkologne|281/352|[from] Recoil\n|move|p1a: Tauros|Liquidation|p2a: Oinkologne\n|-damage|p2a: Oinkologne|128/352\n|-damage|p1a: Tauros|32/254|[from] item: Life Orb\n|\n|-weather|Snowscape|[upkeep]\n|-heal|p2a: Oinkologne|150/352|[from] item: Leftovers\n|upkeep\n|turn|10\n|\n|t:|1781451069\n|move|p1a: Tauros|Aqua Jet|p2a: Oinkologne\n|-damage|p2a: Oinkologne|69/352\n|-damage|p1a: Tauros|7/254|[from] item: Life Orb\n|move|p2a: Oinkologne|Double-Edge|p1a: Tauros\n|-damage|p1a: Tauros|0 fnt\n|faint|p1a: Tauros\n|-damage|p2a: Oinkologne|67/352|[from] Recoil\n|\n|-weather|none\n|-heal|p2a: Oinkologne|89/352|[from] item: Leftovers\n|upkeep\n|\n|t:|1781451080\n|switch|p1a: Kricketune|Kricketune, L99, F|311/311\n|-activate|p1a: Kricketune|move: Sticky Web\n|-unboost|p1a: Kricketune|spe|1\n|turn|11\n|inactive|finish thi has 30 seconds left.\n|\n|t:|1781451102\n|move|p2a: Oinkologne|Double-Edge|p1a: Kricketune\n|-crit|p1a: Kricketune\n|-damage|p1a: Kricketune|10/311\n|-damage|p2a: Oinkologne|0 fnt|[from] Recoil\n|faint|p2a: Oinkologne\n|move|p1a: Kricketune|Sticky Web|p2: Oinkologne\n|-sidestart|p2: finish thi|move: Sticky Web\n|\n|upkeep\n|inactive|finish thi has 30 seconds left.\n|inactive|finish thi has 20 seconds left.\n|inactive|finish thi has 15 seconds left.\n|inactive|finish thi has 10 seconds left.\n|\n|t:|1781451130\n|switch|p2a: Venomoth|Venomoth, L84, M|255/255\n|turn|12\n|inactive|finish thi has 20 seconds left this turn.\n|inactive|finish thi has 15 seconds left.\n|inactive|finish thi has 10 seconds left.\n|\n|t:|1781451142\n|move|p2a: Venomoth|Bug Buzz|p1a: Kricketune\n|-damage|p1a: Kricketune|0 fnt\n|faint|p1a: Kricketune\n|\n|upkeep\n|\n|t:|1781451148\n|switch|p1a: Zekrom|Zekrom, L71|259/259\n|-activate|p1a: Zekrom|move: Sticky Web\n|-unboost|p1a: Zekrom|spe|1\n|-ability|p1a: Zekrom|Teravolt\n|turn|13\n|inactive|finish thi has 25 seconds left this turn.\n|inactive|finish thi has 20 seconds left.\n|inactive|finish thi has 15 seconds left.\n|inactive|finish thi has 10 seconds left.\n|\n|t:|1781451166\n|move|p2a: Venomoth|Sleep Powder|p1a: Zekrom|[miss]\n|-miss|p2a: Venomoth|p1a: Zekrom\n|move|p1a: Zekrom|Dragon Dance|p1a: Zekrom\n|-boost|p1a: Zekrom|atk|1\n|-boost|p1a: Zekrom|spe|1\n|\n|upkeep\n|turn|14\n|inactive|finish thi has 20 seconds left this turn.\n|inactive|finish thi has 15 seconds left.\n|inactive|finish thi has 10 seconds left.\n|inactive|finish thi has 5 seconds left.\n|inactiveoff|Battle timer is now OFF.\n|\n|t:|1781451205\n|move|p2a: Venomoth|Sleep Powder|p1a: Zekrom\n|-status|p1a: Zekrom|slp|[from] move: Sleep Powder\n|cant|p1a: Zekrom|slp\n|\n|upkeep\n|turn|15\n|\n|t:|1781451214\n|switch|p2a: Archaludon|Archaludon, L78, F|268/268\n|-activate|p2a: Archaludon|move: Sticky Web\n|-unboost|p2a: Archaludon|spe|1\n|cant|p1a: Zekrom|slp\n|\n|upkeep\n|turn|16\n|\n|t:|1781451243\n|cant|p1a: Zekrom|slp\n|move|p2a: Archaludon|Earthquake|p1a: Zekrom\n|-supereffective|p1a: Zekrom\n|-damage|p1a: Zekrom|125/259 slp\n|\n|-heal|p1a: Zekrom|141/259 slp|[from] item: Leftovers\n|upkeep\n|turn|17\n|\n|t:|1781451254\n|-curestatus|p1a: Zekrom|slp|[msg]\n|move|p1a: Zekrom|Outrage|p2a: Archaludon\n|-damage|p2a: Archaludon|112/268\n|-ability|p2a: Archaludon|Stamina|boost\n|-boost|p2a: Archaludon|def|1\n|move|p2a: Archaludon|Outrage|p1a: Zekrom\n|-supereffective|p1a: Zekrom\n|-damage|p1a: Zekrom|0 fnt\n|faint|p1a: Zekrom\n|\n|upkeep\n|\n|t:|1781451262\n|switch|p1a: Phione|Phione, L91|293/293\n|-activate|p1a: Phione|move: Sticky Web\n|-unboost|p1a: Phione|spe|1\n|turn|18\n|\n|t:|1781451269\n|move|p1a: Phione|Take Heart|p1a: Phione\n|-boost|p1a: Phione|spa|1\n|-boost|p1a: Phione|spd|1\n|move|p2a: Archaludon|Outrage|p1a: Phione|[from] lockedmove\n|-damage|p1a: Phione|176/293\n|-start|p2a: Archaludon|confusion|[fatigue]\n|-enditem|p2a: Archaludon|Lum Berry|[eat]\n|-end|p2a: Archaludon|confusion\n|\n|-heal|p1a: Phione|194/293|[from] item: Leftovers\n|upkeep\n|turn|19\n|\n|t:|1781451288\n|switch|p2a: Serperior|Serperior, L79, M|224/248\n|-activate|p2a: Serperior|move: Sticky Web\n|-boost|p2a: Serperior|spe|1\n|move|p1a: Phione|Scald|p2a: Serperior\n|-resisted|p2a: Serperior\n|-damage|p2a: Serperior|164/248\n|\n|-heal|p1a: Phione|212/293|[from] item: Leftovers\n|upkeep\n|turn|20\n|\n|t:|1781451320\n|move|p2a: Serperior|Dragon Pulse|p1a: Phione\n|-damage|p1a: Phione|172/293\n|-damage|p2a: Serperior|140/248|[from] item: Life Orb\n|move|p1a: Phione|Ice Beam|p2a: Serperior\n|-supereffective|p2a: Serperior\n|-damage|p2a: Serperior|0 fnt\n|faint|p2a: Serperior\n|\n|-heal|p1a: Phione|190/293|[from] item: Leftovers\n|upkeep\n|\n|t:|1781451335\n|switch|p2a: Venomoth|Venomoth, L84, M|255/255\n|turn|21\n|\n|t:|1781451346\n|move|p2a: Venomoth|Sludge Wave|p1a: Phione\n|-damage|p1a: Phione|127/293\n|move|p1a: Phione|Scald|p2a: Venomoth\n|-damage|p2a: Venomoth|110/255\n|\n|-heal|p1a: Phione|145/293|[from] item: Leftovers\n|upkeep\n|turn|22\n|\n|t:|1781451360\n|move|p2a: Venomoth|Sleep Powder|p1a: Phione\n|-status|p1a: Phione|slp|[from] move: Sleep Powder\n|cant|p1a: Phione|slp\n|\n|-heal|p1a: Phione|163/293 slp|[from] item: Leftovers\n|upkeep\n|turn|23\n|\n|t:|1781451371\n|-terastallize|p2a: Venomoth|Poison\n|move|p2a: Venomoth|Sludge Wave|p1a: Phione\n|-damage|p1a: Phione|83/293 slp\n|-curestatus|p1a: Phione|slp|[msg]\n|move|p1a: Phione|Scald|p2a: Venomoth\n|-damage|p2a: Venomoth|0 fnt\n|faint|p2a: Venomoth\n|\n|-heal|p1a: Phione|101/293|[from] item: Leftovers\n|upkeep\n|\n|t:|1781451385\n|switch|p2a: Araquanid|Araquanid, L82, F|246/246\n|turn|24\n|\n|t:|1781451399\n|move|p1a: Phione|Scald|p2a: Araquanid\n|-resisted|p2a: Araquanid\n|-damage|p2a: Araquanid|201/246\n|move|p2a: Araquanid|Leech Life|p1a: Phione\n|-damage|p1a: Phione|43/293\n|-heal|p2a: Araquanid|230/246|[from] drain|[of] p1a: Phione\n|\n|-heal|p1a: Phione|61/293|[from] item: Leftovers\n|upkeep\n|turn|25\n|\n|t:|1781451410\n|move|p1a: Phione|Grass Knot|p2a: Araquanid\n|-damage|p2a: Araquanid|163/246\n|move|p2a: Araquanid|Leech Life|p1a: Phione\n|-damage|p1a: Phione|1/293\n|-heal|p2a: Araquanid|193/246|[from] drain|[of] p1a: Phione\n|\n|-heal|p1a: Phione|19/293|[from] item: Leftovers\n|upkeep\n|turn|26\n|\n|t:|1781451436\n|move|p1a: Phione|Scald|p2a: Araquanid\n|-resisted|p2a: Araquanid\n|-damage|p2a: Araquanid|146/246\n|move|p2a: Araquanid|Leech Life|p1a: Phione\n|-damage|p1a: Phione|0 fnt\n|-heal|p2a: Araquanid|156/246|[from] drain|[of] p1a: Phione\n|faint|p1a: Phione\n|\n|upkeep\n|\n|t:|1781451453\n|switch|p1a: Pikachu|Pikachu-World, L93, F|216/216\n|-activate|p1a: Pikachu|move: Sticky Web\n|-unboost|p1a: Pikachu|spe|1\n|turn|27\n|l|\u2606finish thi\n|player|p2|\n|inactive|Battle timer is ON: inactive players will automatically lose when time's up. (requested by fuckuup)\n|inactive|finish thi has 15 seconds left this turn.\n|j|\u2606finish thi\n|inactive|finish thi reconnected and has 15 seconds left.\n|player|p2|finish thi|shadowtriad|\n|inactive|finish thi also wants the timer to be on.\n|inactive|finish thi has 10 seconds left.\n|inactive|finish thi no longer wants the timer on, but the timer is staying on because fuckuup still does.\n|\n|t:|1781451494\n|move|p1a: Pikachu|Volt Tackle|p2a: Araquanid\n|-supereffective|p2a: Araquanid\n|-damage|p2a: Araquanid|0 fnt\n|faint|p2a: Araquanid\n|-damage|p1a: Pikachu|165/216|[from] Recoil\n|\n|upkeep\n|inactive|finish thi has 15 seconds left this turn.\n|inactive|finish thi has 10 seconds left.\n|\n|t:|1781451501\n|switch|p2a: Archaludon|Archaludon, L78, F|112/268\n|-activate|p2a: Archaludon|move: Sticky Web\n|-unboost|p2a: Archaludon|spe|1\n|turn|28\n|inactive|finish thi has 20 seconds left this turn.\n|inactive|finish thi has 15 seconds left.\n|\n|t:|1781451515\n|move|p1a: Pikachu|Play Rough|p2a: Archaludon\n|-damage|p2a: Archaludon|29/268\n|-ability|p2a: Archaludon|Stamina|boost\n|-boost|p2a: Archaludon|def|1\n|move|p2a: Archaludon|Earthquake|p1a: Pikachu\n|-supereffective|p1a: Pikachu\n|-damage|p1a: Pikachu|0 fnt\n|faint|p1a: Pikachu\n|\n|upkeep\n|\n|t:|1781451518\n|switch|p1a: Abomasnow|Abomasnow, L84, F|219/287\n|-activate|p1a: Abomasnow|move: Sticky Web\n|-unboost|p1a: Abomasnow|spe|1\n|-weather|Snowscape|[from] ability: Snow Warning|[of] p1a: Abomasnow\n|turn|29\n|inactive|finish thi has 30 seconds left this turn.\n|inactive|finish thi has 20 seconds left.\n|inactive|finish thi has 15 seconds left.\n|\n|t:|1781451535\n|move|p2a: Archaludon|Iron Head|p1a: Abomasnow\n|-supereffective|p1a: Abomasnow\n|-damage|p1a: Abomasnow|99/287\n|move|p1a: Abomasnow|Earthquake|p2a: Archaludon\n|-supereffective|p2a: Archaludon\n|-damage|p2a: Archaludon|0 fnt\n|faint|p2a: Archaludon\n|\n|win|fuckuup\n|raw|fuckuup's rating: 1059 &rarr; <strong>1091</strong><br />(+32 for winning)\n|raw|finish thi's rating: 1070 &rarr; <strong>1049</strong><br />(-21 for losing)\n", "inputlog": ">version a8376a258c1d4662feba110a92103f3664a72141\n>start {\"formatid\":\"gen9randombattle\",\"seed\":\"sodium,3b7410e1667cb939685938f41a9d29bf\",\"rated\":\"Rated battle\"}\n>player p1 {\"name\":\"fuckuup\",\"avatar\":\"169\",\"rating\":1059,\"seed\":\"sodium,6411e21ef44b73b81874276e64cf769b\"}\n>player p2 {\"name\":\"finish thi\",\"avatar\":\"shadowtriad\",\"rating\":1070,\"seed\":\"sodium,aabfc16f850f2ba898f78395d3c7f619\"}\n>p1 switch 5\n>p2 move swordsdance\n>p1 move bulkup\n>p2 switch 3\n>p1 move bulkup\n>p2 move stickyweb\n>p1 move bulkup\n>p2 switch 5\n>p1 move liquidation terastallize\n>p2 move moonblast\n>p2 switch 4\n>p1 switch 6\n>p2 move leafstorm\n>p1 move blizzard\n>p2 switch 6\n>p1 switch 6\n>p2 move doubleedge\n>p1 move liquidation\n>p2 move doubleedge\n>p1 move aquajet\n>p2 move doubleedge\n>p1 switch 5\n>p1 move stickyweb\n>p2 move doubleedge\n>p2 switch 2\n>p1 move knockoff\n>p2 move bugbuzz\n>p1 switch 4\n>p1 move dragondance\n>p2 move sleeppowder\n>p1 move dragondance\n>p2 move sleeppowder\n>p1 move dragondance\n>p2 switch 3\n>p1 move outrage\n>p2 move earthquake\n>p1 move outrage\n>p2 move outrage\n>p1 switch 2\n>p1 move takeheart\n>p2 move outrage\n>p1 move scald\n>p2 switch 6\n>p1 move icebeam\n>p2 move dragonpulse\n>p2 switch 3\n>p1 move scald\n>p2 move sludgewave\n>p1 move scald\n>p2 move sleeppowder\n>p1 move scald\n>p2 move sludgewave terastallize\n>p2 switch 5\n>p1 move scald\n>p2 move leechlife\n>p1 move grassknot\n>p2 move leechlife\n>p1 move scald\n>p2 move leechlife\n>p1 switch 3\n>p1 move volttackle\n>p2 move hydropump\n>p2 switch 6\n>p1 move playrough\n>p2 move earthquake\n>p1 switch 6\n>p1 move earthquake\n>p2 move ironhead", "uploadtime": 1781451552, "views": 3, "formatid": "gen9randombattle", "rating": 1049, "private": 0, "password": null}