{"id": "gen9randombattle-2631991567", "format": "[Gen 9] Random Battle", "players": ["Gin X Tonic", "ze xauk"], "log": "|j|\u2606Gin X Tonic\n|j|\u2606ze xauk\n|t:|1781463557\n|gametype|singles\n|player|p1|Gin X Tonic|artist-gen4|1954\n|player|p2|ze xauk|cheren-gen5bw2|2018\n|gen|9\n|tier|[Gen 9] Random Battle\n|rated|\n|rule|Species Clause: Limit one of each Pok\u00e9mon\n|rule|HP Percentage Mod: HP is shown in percentages\n|rule|Sleep Clause Mod: Limit one foe put to sleep\n|rule|Illusion Level Mod: Illusion disguises the Pok\u00e9mon's true level\n|\n|t:|1781463557\n|teamsize|p1|6\n|teamsize|p2|6\n|start\n|switch|p1a: Leavanny|Leavanny, L86, F|269/269\n|switch|p2a: Dedenne|Dedenne, L88, M|261/261\n|turn|1\n|inactive|Battle timer is ON: inactive players will automatically lose when time's up. (requested by Gin X Tonic)\n|\n|t:|1781463570\n|move|p2a: Dedenne|Super Fang|p1a: Leavanny\n|-damage|p1a: Leavanny|135/269\n|move|p1a: Leavanny|Knock Off|p2a: Dedenne\n|-resisted|p2a: Dedenne\n|-damage|p2a: Dedenne|210/261\n|-enditem|p2a: Dedenne|Sitrus Berry|[from] move: Knock Off|[of] p1a: Leavanny\n|\n|upkeep\n|turn|2\n|\n|t:|1781463575\n|move|p2a: Dedenne|Dazzling Gleam|p1a: Leavanny\n|-damage|p1a: Leavanny|54/269\n|move|p1a: Leavanny|Sticky Web|p2a: Dedenne\n|-sidestart|p2: ze xauk|move: Sticky Web\n|\n|upkeep\n|turn|3\n|\n|t:|1781463591\n|switch|p1a: Chansey|Chansey, L85, F|564/564\n|move|p2a: Dedenne|Dazzling Gleam|p1a: Chansey\n|-damage|p1a: Chansey|518/564\n|\n|upkeep\n|turn|4\n|\n|t:|1781463597\n|switch|p2a: Flareon|Flareon, L90, F|263/263\n|-activate|p2a: Flareon|move: Sticky Web\n|-unboost|p2a: Flareon|spe|1\n|move|p1a: Chansey|Seismic Toss|p2a: Flareon\n|-damage|p2a: Flareon|178/263\n|\n|-status|p2a: Flareon|tox|[from] item: Toxic Orb\n|upkeep\n|turn|5\n|\n|t:|1781463604\n|switch|p1a: Leavanny|Leavanny, L86, F|54/269\n|move|p2a: Flareon|Flare Blitz|p1a: Leavanny\n|-supereffective|p1a: Leavanny\n|-damage|p1a: Leavanny|0 fnt\n|faint|p1a: Leavanny\n|-damage|p2a: Flareon|160/263 tox|[from] Recoil\n|\n|-damage|p2a: Flareon|144/263 tox|[from] psn\n|upkeep\n|\n|t:|1781463621\n|switch|p1a: Crawdaunt|Crawdaunt, L84, M|243/243\n|turn|6\n|\n|t:|1781463627\n|switch|p2a: Dedenne|Dedenne, L88, M|210/261\n|-activate|p2a: Dedenne|move: Sticky Web\n|-unboost|p2a: Dedenne|spe|1\n|move|p1a: Crawdaunt|Crabhammer|p2a: Dedenne\n|-damage|p2a: Dedenne|0 fnt\n|faint|p2a: Dedenne\n|-damage|p1a: Crawdaunt|219/243|[from] item: Life Orb\n|\n|upkeep\n|\n|t:|1781463641\n|switch|p2a: Uxie|Uxie, L83|260/260\n|turn|7\n|\n|t:|1781463655\n|move|p2a: Uxie|U-turn|p1a: Crawdaunt\n|-supereffective|p1a: Crawdaunt\n|-damage|p1a: Crawdaunt|135/243\n|\n|t:|1781463659\n|switch|p2a: Reshiram|Reshiram, L76|277/277|[from] U-turn\n|-ability|p2a: Reshiram|Turboblaze\n|move|p1a: Crawdaunt|Knock Off|p2a: Reshiram\n|-damage|p2a: Reshiram|64/277\n|-enditem|p2a: Reshiram|Heavy-Duty Boots|[from] move: Knock Off|[of] p1a: Crawdaunt\n|-damage|p1a: Crawdaunt|111/243|[from] item: Life Orb\n|\n|upkeep\n|turn|8\n|\n|t:|1781463665\n|move|p1a: Crawdaunt|Aqua Jet|p2a: Reshiram\n|-damage|p2a: Reshiram|0 fnt\n|faint|p2a: Reshiram\n|-damage|p1a: Crawdaunt|87/243|[from] item: Life Orb\n|\n|upkeep\n|\n|t:|1781463674\n|switch|p2a: Uxie|Uxie, L83|260/260\n|turn|9\n|\n|t:|1781463679\n|switch|p1a: Chansey|Chansey, L85, F|518/564\n|move|p2a: Uxie|U-turn|p1a: Chansey\n|-damage|p1a: Chansey|422/564\n|\n|t:|1781463682\n|switch|p2a: Flareon|Flareon, L90, F|144/263 tox|[from] U-turn\n|-activate|p2a: Flareon|move: Sticky Web\n|-unboost|p2a: Flareon|spe|1\n|\n|-damage|p2a: Flareon|128/263 tox|[from] psn\n|upkeep\n|turn|10\n|\n|t:|1781463694\n|move|p1a: Chansey|Seismic Toss|p2a: Flareon\n|-damage|p2a: Flareon|43/263 tox\n|move|p2a: Flareon|Facade|p1a: Chansey\n|-damage|p1a: Chansey|0 fnt\n|faint|p1a: Chansey\n|\n|-damage|p2a: Flareon|11/263 tox|[from] psn\n|upkeep\n|\n|t:|1781463708\n|switch|p1a: Delibird|Delibird, F|252/252\n|turn|11\n|\n|t:|1781463711\n|move|p2a: Flareon|Quick Attack|p1a: Delibird\n|-damage|p1a: Delibird|163/252\n|move|p1a: Delibird|Rapid Spin|p2a: Flareon\n|-damage|p2a: Flareon|0 fnt\n|-boost|p1a: Delibird|spe|1\n|faint|p2a: Flareon\n|\n|upkeep\n|\n|t:|1781463716\n|switch|p2a: Misdreavus|Misdreavus, L90, F|254/254\n|turn|12\n|\n|t:|1781463724\n|move|p1a: Delibird|Brave Bird|p2a: Misdreavus\n|-crit|p2a: Misdreavus\n|-damage|p2a: Misdreavus|109/254\n|-damage|p1a: Delibird|115/252|[from] Recoil\n|move|p2a: Misdreavus|Will-O-Wisp|p1a: Delibird|[miss]\n|-miss|p2a: Misdreavus|p1a: Delibird\n|\n|upkeep\n|turn|13\n|\n|t:|1781463732\n|move|p1a: Delibird|Brave Bird|p2a: Misdreavus\n|-damage|p2a: Misdreavus|13/254\n|-damage|p1a: Delibird|83/252|[from] Recoil\n|move|p2a: Misdreavus|Shadow Ball|p1a: Delibird\n|-damage|p1a: Delibird|0 fnt\n|faint|p1a: Delibird\n|\n|upkeep\n|\n|t:|1781463738\n|switch|p1a: Delphox|Delphox, L84, M|263/263\n|turn|14\n|\n|t:|1781463743\n|move|p1a: Delphox|Psyshock|p2a: Misdreavus\n|-damage|p2a: Misdreavus|0 fnt\n|faint|p2a: Misdreavus\n|\n|upkeep\n|\n|t:|1781463746\n|switch|p2a: Uxie|Uxie, L83|260/260\n|turn|15\n|\n|t:|1781463752\n|move|p1a: Delphox|Nasty Plot|p1a: Delphox\n|-boost|p1a: Delphox|spa|2\n|move|p2a: Uxie|Encore|p1a: Delphox\n|-start|p1a: Delphox|Encore\n|\n|upkeep\n|turn|16\n|\n|t:|1781463760\n|move|p1a: Delphox|Nasty Plot|p1a: Delphox\n|-boost|p1a: Delphox|spa|2\n|move|p2a: Uxie|Knock Off|p1a: Delphox\n|-supereffective|p1a: Delphox\n|-damage|p1a: Delphox|125/263\n|-enditem|p1a: Delphox|Heavy-Duty Boots|[from] move: Knock Off|[of] p2a: Uxie\n|\n|upkeep\n|turn|17\n|\n|t:|1781463769\n|move|p1a: Delphox|Nasty Plot|p1a: Delphox\n|-boost|p1a: Delphox|spa|2\n|move|p2a: Uxie|Knock Off|p1a: Delphox\n|-supereffective|p1a: Delphox\n|-damage|p1a: Delphox|31/263\n|\n|upkeep\n|turn|18\n|\n|t:|1781463775\n|move|p1a: Delphox|Nasty Plot|p1a: Delphox\n|-boost|p1a: Delphox|spa|0\n|move|p2a: Uxie|Knock Off|p1a: Delphox\n|-supereffective|p1a: Delphox\n|-damage|p1a: Delphox|0 fnt\n|faint|p1a: Delphox\n|\n|upkeep\n|\n|t:|1781463777\n|switch|p1a: Crabominable|Crabominable, L90, M|321/321\n|turn|19\n|\n|t:|1781463779\n|-terastallize|p1a: Crabominable|Ground\n|move|p2a: Uxie|Psychic Noise|p1a: Crabominable\n|-damage|p1a: Crabominable|248/321\n|-start|p1a: Crabominable|move: Heal Block\n|move|p1a: Crabominable|Ice Hammer|p2a: Uxie\n|-damage|p2a: Uxie|67/260\n|-unboost|p1a: Crabominable|spe|1\n|\n|-heal|p2a: Uxie|83/260|[from] item: Leftovers\n|upkeep\n|turn|20\n|\n|t:|1781463791\n|move|p2a: Uxie|Knock Off|p1a: Crabominable\n|-damage|p1a: Crabominable|192/321\n|-enditem|p1a: Crabominable|Choice Band|[from] move: Knock Off|[of] p2a: Uxie\n|move|p1a: Crabominable|Ice Hammer|p2a: Uxie\n|-damage|p2a: Uxie|0 fnt\n|-unboost|p1a: Crabominable|spe|1\n|faint|p2a: Uxie\n|\n|-end|p1a: Crabominable|move: Heal Block\n|upkeep\n|\n|t:|1781463797\n|switch|p2a: Vaporeon|Vaporeon, L86, M|364/364\n|-activate|p2a: Vaporeon|move: Sticky Web\n|-unboost|p2a: Vaporeon|spe|1\n|turn|21\n|\n|t:|1781463813\n|move|p2a: Vaporeon|Scald|p1a: Crabominable\n|-supereffective|p1a: Crabominable\n|-damage|p1a: Crabominable|0 fnt\n|faint|p1a: Crabominable\n|\n|upkeep\n|\n|t:|1781463816\n|switch|p1a: Crawdaunt|Crawdaunt, L84, M|87/243\n|turn|22\n|\n|t:|1781463827\n|-terastallize|p2a: Vaporeon|Ground\n|move|p1a: Crawdaunt|Knock Off|p2a: Vaporeon\n|-damage|p2a: Vaporeon|88/364\n|-enditem|p2a: Vaporeon|Leftovers|[from] move: Knock Off|[of] p1a: Crawdaunt\n|-damage|p1a: Crawdaunt|63/243|[from] item: Life Orb\n|move|p2a: Vaporeon|Scald|p1a: Crawdaunt\n|-resisted|p1a: Crawdaunt\n|-damage|p1a: Crawdaunt|0 fnt\n|faint|p1a: Crawdaunt\n|\n|win|ze xauk\n", "inputlog": ">version a8376a258c1d4662feba110a92103f3664a72141\n>start {\"formatid\":\"gen9randombattle\",\"seed\":\"sodium,3e5dcdcac0d87f34c9d8c324f26e4cfd\",\"rated\":\"Rated battle\"}\n>player p1 {\"name\":\"Gin X Tonic\",\"avatar\":\"artist-gen4\",\"rating\":1954,\"seed\":\"sodium,e383b1344f423171d90735a250866c38\"}\n>player p2 {\"name\":\"ze xauk\",\"avatar\":\"cheren-gen5bw2\",\"rating\":2018,\"seed\":\"sodium,202929d84e5771f298fd565e2509f657\"}\n>p1 move knockoff\n>p2 move superfang\n>p1 move stickyweb\n>p2 move dazzlinggleam\n>p1 switch 2\n>p2 move dazzlinggleam\n>p1 move seismictoss\n>p2 switch 3\n>p1 switch 2\n>p2 move flareblitz\n>p1 switch 3\n>p1 move crabhammer\n>p2 switch 3\n>p2 switch 5\n>p1 move knockoff\n>p2 move uturn\n>p2 switch 2\n>p1 move aquajet\n>p2 move dracometeor\n>p2 switch 2\n>p1 switch 2\n>p2 move uturn\n>p2 switch 3\n>p1 move seismictoss\n>p2 move facade\n>p1 switch 4\n>p1 move rapidspin\n>p2 move quickattack\n>p2 switch 4\n>p1 move bravebird\n>p2 move willowisp\n>p1 move bravebird\n>p2 move shadowball\n>p1 switch 6\n>p1 move psyshock\n>p2 move shadowball\n>p2 switch 3\n>p1 move nastyplot\n>p2 move encore\n>p1 move nastyplot\n>p2 move knockoff\n>p1 move nastyplot\n>p2 move knockoff\n>p1 move nastyplot\n>p2 move knockoff\n>p1 switch 5\n>p1 move icehammer terastallize\n>p2 move psychicnoise\n>p1 move icehammer\n>p2 move knockoff\n>p2 switch 6\n>p1 move drainpunch\n>p2 move scald\n>p1 switch 2\n>p1 move knockoff\n>p2 move scald terastallize", "uploadtime": 1781463559, "views": 4, "formatid": "gen9randombattle", "rating": null, "private": 0, "password": null}