{"id": "gen9randombattle-2631872446", "format": "[Gen 9] Random Battle", "players": ["Breachingtrout", "KlausUnbound"], "log": "|j|\u2606Breachingtrout\n|j|\u2606KlausUnbound\n|t:|1781450519\n|gametype|singles\n|player|p1|Breachingtrout|1|2277\n|player|p2|KlausUnbound|heroine2-conquest|2259\n|gen|9\n|tier|[Gen 9] Random Battle\n|rated|\n|rule|Species Clause: Limit one of each Pok\u00e9mon\n|rule|HP Percentage Mod: HP is shown in percentages\n|rule|Sleep Clause Mod: Limit one foe put to sleep\n|rule|Illusion Level Mod: Illusion disguises the Pok\u00e9mon's true level\n|\n|t:|1781450519\n|teamsize|p1|6\n|teamsize|p2|6\n|start\n|switch|p1a: Toxicroak|Toxicroak, L84, F|277/277\n|switch|p2a: Gogoat|Gogoat, L88, F|360/360\n|turn|1\n|inactive|Battle timer is ON: inactive players will automatically lose when time's up. (requested by KlausUnbound)\n|\n|t:|1781450530\n|switch|p2a: Mightyena|Mightyena, L96, F|290/290\n|-ability|p2a: Mightyena|Intimidate|boost\n|-unboost|p1a: Toxicroak|atk|1\n|move|p1a: Toxicroak|Swords Dance|p1a: Toxicroak\n|-boost|p1a: Toxicroak|atk|2\n|\n|upkeep\n|turn|2\n|\n|t:|1781450554\n|move|p2a: Mightyena|Sucker Punch|p1a: Toxicroak\n|-resisted|p1a: Toxicroak\n|-damage|p1a: Toxicroak|220/277\n|move|p1a: Toxicroak|Close Combat|p2a: Mightyena\n|-supereffective|p2a: Mightyena\n|-damage|p2a: Mightyena|0 fnt\n|-unboost|p1a: Toxicroak|def|1\n|-unboost|p1a: Toxicroak|spd|1\n|faint|p2a: Mightyena\n|-damage|p1a: Toxicroak|193/277|[from] item: Life Orb\n|\n|upkeep\n|\n|t:|1781450566\n|switch|p2a: Flutter Mane|Flutter Mane, L74|203/203\n|turn|3\n|\n|t:|1781450574\n|switch|p1a: Blissey|Blissey, L85, F|572/572\n|move|p2a: Flutter Mane|Moonblast|p1a: Blissey\n|-crit|p1a: Blissey\n|-damage|p1a: Blissey|418/572\n|\n|-heal|p1a: Blissey|453/572|[from] item: Leftovers\n|upkeep\n|turn|4\n|\n|t:|1781450582\n|-end|p2a: Flutter Mane|Protosynthesis|[silent]\n|switch|p2a: Mienshao|Mienshao, L83, F|244/244\n|move|p1a: Blissey|Seismic Toss|p2a: Mienshao\n|-damage|p2a: Mienshao|159/244\n|\n|-heal|p1a: Blissey|488/572|[from] item: Leftovers\n|upkeep\n|turn|5\n|\n|t:|1781450589\n|switch|p1a: Lunala|Lunala, L70|308/308\n|move|p2a: Mienshao|Knock Off|p1a: Lunala\n|-supereffective|p1a: Lunala\n|-damage|p1a: Lunala|104/308\n|-enditem|p1a: Lunala|Leftovers|[from] move: Knock Off|[of] p2a: Mienshao\n|\n|upkeep\n|turn|6\n|\n|t:|1781450596\n|switch|p1a: Toxicroak|Toxicroak, L84, F|193/277\n|move|p2a: Mienshao|Knock Off|p1a: Toxicroak\n|-resisted|p1a: Toxicroak\n|-damage|p1a: Toxicroak|143/277\n|-enditem|p1a: Toxicroak|Life Orb|[from] move: Knock Off|[of] p2a: Mienshao\n|\n|upkeep\n|turn|7\n|\n|t:|1781450600\n|move|p2a: Mienshao|U-turn|p1a: Toxicroak\n|-resisted|p1a: Toxicroak\n|-damage|p1a: Toxicroak|125/277\n|\n|t:|1781450603\n|switch|p2a: Pelipper|Pelipper, L86, F|243/243|[from] U-turn\n|-weather|RainDance|[from] ability: Drizzle|[of] p2a: Pelipper\n|move|p1a: Toxicroak|Knock Off|p2a: Pelipper\n|-damage|p2a: Pelipper|175/243\n|-enditem|p2a: Pelipper|Heavy-Duty Boots|[from] move: Knock Off|[of] p1a: Toxicroak\n|\n|-weather|RainDance|[upkeep]\n|-heal|p1a: Toxicroak|159/277|[from] ability: Dry Skin\n|upkeep\n|turn|8\n|\n|t:|1781450607\n|move|p1a: Toxicroak|Gunk Shot|p2a: Pelipper|[miss]\n|-miss|p1a: Toxicroak|p2a: Pelipper\n|move|p2a: Pelipper|Hurricane|p1a: Toxicroak\n|-supereffective|p1a: Toxicroak\n|-damage|p1a: Toxicroak|0 fnt\n|faint|p1a: Toxicroak\n|\n|-weather|RainDance|[upkeep]\n|upkeep\n|\n|t:|1781450612\n|switch|p1a: Electrode|Electrode, L92|260/260\n|turn|9\n|\n|t:|1781450614\n|switch|p2a: Gogoat|Gogoat, L88, F|360/360\n|move|p1a: Electrode|Volt Switch|p2a: Gogoat\n|-resisted|p2a: Gogoat\n|-damage|p2a: Gogoat|307/360\n|-damage|p1a: Electrode|234/260|[from] item: Life Orb\n|\n|t:|1781450629\n|switch|p1a: Rhyperior|Rhyperior, L82, M|323/323|[from] Volt Switch\n|\n|-weather|RainDance|[upkeep]\n|-heal|p2a: Gogoat|329/360|[from] item: Leftovers\n|upkeep\n|turn|10\n|\n|t:|1781450640\n|-terastallize|p1a: Rhyperior|Dragon\n|move|p2a: Gogoat|Bulk Up|p2a: Gogoat\n|-boost|p2a: Gogoat|atk|1\n|-boost|p2a: Gogoat|def|1\n|move|p1a: Rhyperior|Ice Punch|p2a: Gogoat\n|-supereffective|p2a: Gogoat\n|-damage|p2a: Gogoat|215/360\n|\n|-weather|RainDance|[upkeep]\n|-heal|p2a: Gogoat|237/360|[from] item: Leftovers\n|upkeep\n|turn|11\n|\n|t:|1781450647\n|move|p2a: Gogoat|Bulk Up|p2a: Gogoat\n|-boost|p2a: Gogoat|atk|1\n|-boost|p2a: Gogoat|def|1\n|move|p1a: Rhyperior|Dragon Tail|p2a: Gogoat|[miss]\n|-miss|p1a: Rhyperior|p2a: Gogoat\n|\n|-weather|none\n|-heal|p2a: Gogoat|259/360|[from] item: Leftovers\n|upkeep\n|turn|12\n|\n|t:|1781450649\n|move|p2a: Gogoat|Earthquake|p1a: Rhyperior\n|-damage|p1a: Rhyperior|209/323\n|move|p1a: Rhyperior|Dragon Tail|p2a: Gogoat|[miss]\n|-miss|p1a: Rhyperior|p2a: Gogoat\n|\n|-heal|p2a: Gogoat|281/360|[from] item: Leftovers\n|upkeep\n|turn|13\n|-message|Breachingtrout forfeited.\n|\n|win|KlausUnbound\n", "inputlog": ">version a8376a258c1d4662feba110a92103f3664a72141\n>start {\"formatid\":\"gen9randombattle\",\"seed\":\"sodium,a73aa0c9113034a4cce31a782fdfb223\",\"rated\":\"Rated battle\"}\n>player p1 {\"name\":\"Breachingtrout\",\"avatar\":\"1\",\"rating\":2277,\"seed\":\"sodium,0d4bf0b74c5349eec2be7311a81c9dbd\"}\n>player p2 {\"name\":\"KlausUnbound\",\"avatar\":\"heroine2-conquest\",\"rating\":2259,\"seed\":\"sodium,38a852b60abd22235ee4895bfd050697\"}\n>p1 move swordsdance\n>p2 switch 3\n>p1 move closecombat\n>p2 move suckerpunch\n>p2 switch 5\n>p1 switch 6\n>p2 move moonblast\n>p1 move seismictoss\n>p2 switch 6\n>p1 switch 4\n>p2 move knockoff\n>p1 switch 6\n>p2 move knockoff\n>p1 move knockoff\n>p2 move uturn\n>p2 switch 4\n>p1 move gunkshot\n>p2 move hurricane\n>p1 switch 3\n>p1 move voltswitch\n>p2 switch 3\n>p1 switch 2\n>p1 move icepunch terastallize\n>p2 move bulkup\n>p1 move dragontail\n>p2 move bulkup\n>p1 move dragontail\n>p2 move earthquake\n>forcelose p1", "uploadtime": 1781450521, "views": 4, "formatid": "gen9randombattle", "rating": null, "private": 0, "password": null}