{"id": "gen9randombattle-2631733716", "format": "[Gen 9] Random Battle", "players": ["mastasefkillah", "TheBotanist73"], "log": "|j|\u2606mastasefkillah\n|j|\u2606TheBotanist73\n|t:|1781430658\n|gametype|singles\n|player|p1|mastasefkillah|alder|1900\n|player|p2|TheBotanist73|scientist-gen7|1975\n|gen|9\n|tier|[Gen 9] Random Battle\n|rated|\n|rule|Species Clause: Limit one of each Pok\u00e9mon\n|rule|HP Percentage Mod: HP is shown in percentages\n|rule|Sleep Clause Mod: Limit one foe put to sleep\n|rule|Illusion Level Mod: Illusion disguises the Pok\u00e9mon's true level\n|\n|t:|1781430658\n|teamsize|p1|6\n|teamsize|p2|6\n|start\n|switch|p1a: Arbok|Arbok, L87, M|246/246\n|switch|p2a: Dragalge|Dragalge, L88, M|258/258\n|-ability|p1a: Arbok|Intimidate|boost\n|-unboost|p2a: Dragalge|atk|1\n|turn|1\n|\n|t:|1781430671\n|move|p1a: Arbok|Knock Off|p2a: Dragalge\n|-damage|p2a: Dragalge|185/258\n|-enditem|p2a: Dragalge|Leftovers|[from] move: Knock Off|[of] p1a: Arbok\n|move|p2a: Dragalge|Draco Meteor|p1a: Arbok\n|-damage|p1a: Arbok|50/246\n|-unboost|p2a: Dragalge|spa|2\n|\n|upkeep\n|turn|2\n|inactive|Battle timer is ON: inactive players will automatically lose when time's up. (requested by mastasefkillah)\n|\n|t:|1781430685\n|switch|p1a: Slowking|Slowking, L88, M|310/310\n|move|p2a: Dragalge|Draco Meteor|p1a: Slowking\n|-damage|p1a: Slowking|234/310\n|-unboost|p2a: Dragalge|spa|2\n|\n|upkeep\n|turn|3\n|\n|t:|1781430693\n|switch|p2a: Dewgong|Dewgong, L94, F|322/322\n|move|p1a: Slowking|Future Sight|p2a: Dewgong\n|-start|p1a: Slowking|move: Future Sight\n|\n|upkeep\n|turn|4\n|\n|t:|1781430707\n|move|p2a: Dewgong|Knock Off|p1a: Slowking\n|-supereffective|p1a: Slowking\n|-damage|p1a: Slowking|106/310\n|-enditem|p1a: Slowking|Heavy-Duty Boots|[from] move: Knock Off|[of] p2a: Dewgong\n|-prepare|p1a: Slowking|Chilly Reception|[premajor]\n|move|p1a: Slowking|Chilly Reception|p1a: Slowking\n|-weather|Snowscape\n|\n|t:|1781430716\n|switch|p1a: Lanturn|Lanturn, L89, M|367/367|[from] Chilly Reception\n|\n|-weather|Snowscape|[upkeep]\n|upkeep\n|turn|5\n|\n|t:|1781430728\n|move|p2a: Dewgong|Flip Turn|p1a: Lanturn\n|-resisted|p1a: Lanturn\n|-damage|p1a: Lanturn|330/367\n|\n|t:|1781430733\n|switch|p2a: Slowking|Slowking-Galar, L85, M|300/300|[from] Flip Turn\n|move|p1a: Lanturn|Thunder Wave|p2a: Slowking\n|-status|p2a: Slowking|par\n|\n|-weather|Snowscape|[upkeep]\n|-end|p2a: Slowking|move: Future Sight\n|-damage|p2a: Slowking|191/300 par\n|-heal|p1a: Lanturn|352/367|[from] item: Leftovers\n|-heal|p2a: Slowking|209/300 par|[from] item: Leftovers\n|upkeep\n|turn|6\n|inactive|mastasefkillah has 120 seconds left.\n|\n|t:|1781430770\n|switch|p1a: Ceruledge|Ceruledge, L78, M|245/245\n|cant|p2a: Slowking|par\n|\n|-weather|Snowscape|[upkeep]\n|-heal|p2a: Slowking|227/300 par|[from] item: Leftovers\n|upkeep\n|turn|7\n|inactive|mastasefkillah has 120 seconds left.\n|\n|t:|1781430784\n|switch|p2a: Dewgong|Dewgong, L94, F|322/322\n|move|p1a: Ceruledge|Swords Dance|p1a: Ceruledge\n|-boost|p1a: Ceruledge|atk|2\n|\n|-weather|Snowscape|[upkeep]\n|upkeep\n|turn|8\n|inactive|mastasefkillah has 120 seconds left.\n|\n|t:|1781430796\n|switch|p1a: Lanturn|Lanturn, L89, M|352/367\n|move|p2a: Dewgong|Surf|p1a: Lanturn\n|-resisted|p1a: Lanturn\n|-damage|p1a: Lanturn|304/367\n|\n|-weather|none\n|-heal|p1a: Lanturn|326/367|[from] item: Leftovers\n|upkeep\n|turn|9\n|\n|t:|1781430804\n|move|p2a: Dewgong|Flip Turn|p1a: Lanturn\n|-resisted|p1a: Lanturn\n|-damage|p1a: Lanturn|287/367\n|\n|t:|1781430809\n|switch|p2a: Slowking|Slowking-Galar, L85, M|300/300 par|[from] Flip Turn\n|move|p1a: Lanturn|Thunderbolt|p2a: Slowking\n|-damage|p2a: Slowking|221/300 par\n|\n|-heal|p1a: Lanturn|309/367|[from] item: Leftovers\n|-heal|p2a: Slowking|239/300 par|[from] item: Leftovers\n|upkeep\n|turn|10\n|\n|t:|1781430822\n|switch|p1a: Slowking|Slowking, L88, M|209/310\n|cant|p2a: Slowking|par\n|\n|-heal|p2a: Slowking|257/300 par|[from] item: Leftovers\n|upkeep\n|turn|11\n|\n|t:|1781430833\n|move|p1a: Slowking|Future Sight|p2a: Slowking\n|-start|p1a: Slowking|move: Future Sight\n|move|p2a: Slowking|Sludge Bomb|p1a: Slowking\n|-damage|p1a: Slowking|119/310\n|-status|p1a: Slowking|psn\n|\n|-heal|p2a: Slowking|275/300 par|[from] item: Leftovers\n|-damage|p1a: Slowking|81/310 psn|[from] psn\n|upkeep\n|turn|12\n|\n|t:|1781430843\n|switch|p1a: Ceruledge|Ceruledge, L78, M|245/245\n|switch|p2a: Dewgong|Dewgong, L94, F|322/322\n|\n|upkeep\n|turn|13\n|\n|t:|1781430853\n|switch|p1a: Lanturn|Lanturn, L89, M|309/367\n|move|p2a: Dewgong|Surf|p1a: Lanturn\n|-resisted|p1a: Lanturn\n|-damage|p1a: Lanturn|258/367\n|\n|-end|p2a: Dewgong|move: Future Sight\n|-damage|p2a: Dewgong|247/322\n|-heal|p1a: Lanturn|280/367|[from] item: Leftovers\n|upkeep\n|turn|14\n|\n|t:|1781430873\n|switch|p1a: Ceruledge|Ceruledge, L78, M|245/245\n|move|p2a: Dewgong|Flip Turn|p1a: Ceruledge\n|-supereffective|p1a: Ceruledge\n|-damage|p1a: Ceruledge|113/245\n|-ability|p1a: Ceruledge|Weak Armor|boost\n|-unboost|p1a: Ceruledge|def|1\n|-boost|p1a: Ceruledge|spe|2\n|\n|t:|1781430890\n|switch|p2a: Suicune|Suicune, L82|298/298|[from] Flip Turn\n|-ability|p2a: Suicune|Pressure\n|\n|upkeep\n|turn|15\n|\n|t:|1781430905\n|move|p1a: Ceruledge|Poltergeist|p2a: Suicune\n|-activate|p2a: Suicune|move: Poltergeist|Leftovers\n|-damage|p2a: Suicune|190/298\n|move|p2a: Suicune|Scald|p1a: Ceruledge\n|-supereffective|p1a: Ceruledge\n|-damage|p1a: Ceruledge|0 fnt\n|faint|p1a: Ceruledge\n|\n|-heal|p2a: Suicune|208/298|[from] item: Leftovers\n|upkeep\n|\n|t:|1781430929\n|switch|p1a: Deoxys|Deoxys-Speed, L82|216/216\n|-ability|p1a: Deoxys|Pressure\n|turn|16\n|\n|t:|1781430944\n|move|p1a: Deoxys|Knock Off|p2a: Suicune\n|-damage|p2a: Suicune|151/298\n|-enditem|p2a: Suicune|Leftovers|[from] move: Knock Off|[of] p1a: Deoxys\n|move|p2a: Suicune|Scald|p1a: Deoxys\n|-damage|p1a: Deoxys|141/216\n|\n|-heal|p1a: Deoxys|154/216|[from] item: Leftovers\n|upkeep\n|turn|17\n|inactive|mastasefkillah has 120 seconds left.\n|\n|t:|1781430981\n|move|p1a: Deoxys|Stealth Rock|p2a: Suicune\n|-sidestart|p2: TheBotanist73|move: Stealth Rock\n|move|p2a: Suicune|Substitute|p2a: Suicune\n|-start|p2a: Suicune|Substitute\n|-damage|p2a: Suicune|77/298\n|\n|-heal|p1a: Deoxys|167/216|[from] item: Leftovers\n|upkeep\n|turn|18\n|\n|t:|1781430995\n|switch|p1a: Lanturn|Lanturn, L89, M|280/367\n|move|p2a: Suicune|Scald|p1a: Lanturn\n|-resisted|p1a: Lanturn\n|-damage|p1a: Lanturn|238/367\n|\n|-heal|p1a: Lanturn|260/367|[from] item: Leftovers\n|upkeep\n|turn|19\n|\n|t:|1781431004\n|move|p2a: Suicune|Calm Mind|p2a: Suicune\n|-boost|p2a: Suicune|spa|1\n|-boost|p2a: Suicune|spd|1\n|move|p1a: Lanturn|Thunderbolt|p2a: Suicune\n|-supereffective|p2a: Suicune\n|-end|p2a: Suicune|Substitute\n|\n|-heal|p1a: Lanturn|282/367|[from] item: Leftovers\n|upkeep\n|turn|20\n|\n|t:|1781431028\n|move|p2a: Suicune|Scald|p1a: Lanturn\n|-resisted|p1a: Lanturn\n|-damage|p1a: Lanturn|219/367\n|move|p1a: Lanturn|Thunderbolt|p2a: Suicune\n|-supereffective|p2a: Suicune\n|-damage|p2a: Suicune|0 fnt\n|faint|p2a: Suicune\n|\n|-heal|p1a: Lanturn|241/367|[from] item: Leftovers\n|upkeep\n|\n|t:|1781431041\n|switch|p2a: Slowking|Slowking-Galar, L85, M|300/300 par\n|-damage|p2a: Slowking|263/300 par|[from] Stealth Rock\n|turn|21\n|inactive|mastasefkillah has 90 seconds left.\n|\n|t:|1781431070\n|move|p1a: Lanturn|Thunderbolt|p2a: Slowking\n|-damage|p2a: Slowking|185/300 par\n|cant|p2a: Slowking|par\n|\n|-heal|p1a: Lanturn|263/367|[from] item: Leftovers\n|-heal|p2a: Slowking|203/300 par|[from] item: Leftovers\n|upkeep\n|turn|22\n|\n|t:|1781431096\n|move|p1a: Lanturn|Thunderbolt|p2a: Slowking\n|-damage|p2a: Slowking|127/300 par\n|move|p2a: Slowking|Sludge Bomb|p1a: Lanturn\n|-damage|p1a: Lanturn|152/367\n|\n|-heal|p1a: Lanturn|174/367|[from] item: Leftovers\n|-heal|p2a: Slowking|145/300 par|[from] item: Leftovers\n|upkeep\n|turn|23\n|\n|t:|1781431105\n|move|p1a: Lanturn|Thunderbolt|p2a: Slowking\n|-damage|p2a: Slowking|76/300 par\n|move|p2a: Slowking|Slack Off|p2a: Slowking\n|-heal|p2a: Slowking|226/300 par\n|\n|-heal|p1a: Lanturn|196/367|[from] item: Leftovers\n|-heal|p2a: Slowking|244/300 par|[from] item: Leftovers\n|upkeep\n|turn|24\n|\n|t:|1781431112\n|switch|p1a: Deoxys|Deoxys-Speed, L82|167/216\n|-ability|p1a: Deoxys|Pressure\n|move|p2a: Slowking|Sludge Bomb|p1a: Deoxys\n|-damage|p1a: Deoxys|58/216\n|\n|-heal|p1a: Deoxys|71/216|[from] item: Leftovers\n|-heal|p2a: Slowking|262/300 par|[from] item: Leftovers\n|upkeep\n|turn|25\n|\n|t:|1781431123\n|switch|p2a: Dewgong|Dewgong, L94, F|247/322\n|-damage|p2a: Dewgong|167/322|[from] Stealth Rock\n|move|p1a: Deoxys|Knock Off|p2a: Dewgong\n|-damage|p2a: Dewgong|101/322\n|-enditem|p2a: Dewgong|Assault Vest|[from] move: Knock Off|[of] p1a: Deoxys\n|\n|-heal|p1a: Deoxys|84/216|[from] item: Leftovers\n|upkeep\n|turn|26\n|\n|t:|1781431133\n|move|p1a: Deoxys|Psycho Boost|p2a: Dewgong\n|-damage|p2a: Dewgong|0 fnt\n|-unboost|p1a: Deoxys|spa|2\n|faint|p2a: Dewgong\n|\n|-heal|p1a: Deoxys|97/216|[from] item: Leftovers\n|upkeep\n|\n|t:|1781431138\n|switch|p2a: Coalossal|Coalossal, L89, F|341/341\n|turn|27\n|inactive|mastasefkillah has 120 seconds left.\n|\n|t:|1781431149\n|move|p1a: Deoxys|Knock Off|p2a: Coalossal\n|-damage|p2a: Coalossal|290/341\n|-status|p1a: Deoxys|brn|[from] ability: Flame Body|[of] p2a: Coalossal\n|-enditem|p2a: Coalossal|Heavy-Duty Boots|[from] move: Knock Off|[of] p1a: Deoxys\n|move|p2a: Coalossal|Rapid Spin|p1a: Deoxys\n|-damage|p1a: Deoxys|61/216 brn\n|-boost|p2a: Coalossal|spe|1\n|-sideend|p2: TheBotanist73|Stealth Rock|[from] move: Rapid Spin|[of] p2a: Coalossal\n|\n|-heal|p1a: Deoxys|74/216 brn|[from] item: Leftovers\n|-damage|p1a: Deoxys|61/216 brn|[from] brn\n|upkeep\n|turn|28\n|inactive|mastasefkillah has 120 seconds left.\n|\n|t:|1781431160\n|switch|p1a: Conkeldurr|Conkeldurr, L80, F|299/299\n|move|p2a: Coalossal|Stealth Rock|p1a: Conkeldurr\n|-sidestart|p1: mastasefkillah|move: Stealth Rock\n|\n|-status|p1a: Conkeldurr|brn|[from] item: Flame Orb\n|upkeep\n|turn|29\n|inactive|mastasefkillah has 120 seconds left.\n|\n|t:|1781431173\n|move|p1a: Conkeldurr|Mach Punch|p2a: Coalossal\n|-supereffective|p2a: Coalossal\n|-damage|p2a: Coalossal|164/341\n|move|p2a: Coalossal|Flamethrower|p1a: Conkeldurr\n|-damage|p1a: Conkeldurr|169/299 brn\n|\n|-damage|p1a: Conkeldurr|151/299 brn|[from] brn\n|upkeep\n|turn|30\n|inactive|mastasefkillah has 120 seconds left.\n|\n|t:|1781431182\n|move|p2a: Coalossal|Flamethrower|p1a: Conkeldurr\n|-damage|p1a: Conkeldurr|31/299 brn\n|move|p1a: Conkeldurr|Close Combat|p2a: Coalossal\n|-supereffective|p2a: Coalossal\n|-damage|p2a: Coalossal|0 fnt\n|-unboost|p1a: Conkeldurr|def|1\n|-unboost|p1a: Conkeldurr|spd|1\n|faint|p2a: Coalossal\n|\n|-damage|p1a: Conkeldurr|13/299 brn|[from] brn\n|upkeep\n|\n|t:|1781431189\n|switch|p2a: Dragalge|Dragalge, L88, M|185/258\n|turn|31\n|\n|t:|1781431196\n|move|p1a: Conkeldurr|Mach Punch|p2a: Dragalge\n|-resisted|p2a: Dragalge\n|-damage|p2a: Dragalge|149/258\n|move|p2a: Dragalge|Sludge Wave|p1a: Conkeldurr\n|-damage|p1a: Conkeldurr|0 fnt\n|faint|p1a: Conkeldurr\n|\n|upkeep\n|\n|t:|1781431205\n|switch|p1a: Deoxys|Deoxys-Speed, L82|61/216 brn\n|-damage|p1a: Deoxys|34/216 brn|[from] Stealth Rock\n|-ability|p1a: Deoxys|Pressure\n|turn|32\n|\n|t:|1781431211\n|switch|p2a: Slowking|Slowking-Galar, L85, M|300/300 par\n|move|p1a: Deoxys|Psycho Boost|p2a: Slowking\n|-damage|p2a: Slowking|183/300 par\n|-unboost|p1a: Deoxys|spa|2\n|\n|-heal|p1a: Deoxys|47/216 brn|[from] item: Leftovers\n|-heal|p2a: Slowking|201/300 par|[from] item: Leftovers\n|-damage|p1a: Deoxys|34/216 brn|[from] brn\n|upkeep\n|turn|33\n|\n|t:|1781431223\n|move|p1a: Deoxys|Knock Off|p2a: Slowking\n|-supereffective|p2a: Slowking\n|-damage|p2a: Slowking|133/300 par\n|-enditem|p2a: Slowking|Leftovers|[from] move: Knock Off|[of] p1a: Deoxys\n|move|p2a: Slowking|Sludge Bomb|p1a: Deoxys\n|-damage|p1a: Deoxys|0 fnt\n|faint|p1a: Deoxys\n|\n|upkeep\n|\n|t:|1781431232\n|switch|p1a: Slowking|Slowking, L88, M|184/310 psn\n|-damage|p1a: Slowking|146/310 psn|[from] Stealth Rock\n|turn|34\n|\n|t:|1781431239\n|switch|p2a: Exeggutor|Exeggutor-Alola, L89, F|314/314\n|move|p1a: Slowking|Future Sight|p2a: Exeggutor\n|-start|p1a: Slowking|move: Future Sight\n|\n|-damage|p1a: Slowking|108/310 psn|[from] psn\n|upkeep\n|turn|35\n|\n|t:|1781431252\n|switch|p1a: Arbok|Arbok, L87, M|50/246\n|-damage|p1a: Arbok|20/246|[from] Stealth Rock\n|-ability|p1a: Arbok|Intimidate|boost\n|-unboost|p2a: Exeggutor|atk|1\n|move|p2a: Exeggutor|Giga Drain|p1a: Arbok\n|-resisted|p1a: Arbok\n|-damage|p1a: Arbok|0 fnt\n|faint|p1a: Arbok\n|\n|upkeep\n|\n|t:|1781431260\n|switch|p1a: Lanturn|Lanturn, L89, M|196/367\n|-damage|p1a: Lanturn|151/367|[from] Stealth Rock\n|turn|36\n|\n|t:|1781431272\n|switch|p2a: Slowking|Slowking-Galar, L85, M|233/300 par\n|move|p1a: Lanturn|Ice Beam|p2a: Slowking\n|-damage|p2a: Slowking|185/300 par\n|\n|-end|p2a: Slowking|move: Future Sight\n|-damage|p2a: Slowking|68/300 par\n|-heal|p1a: Lanturn|173/367|[from] item: Leftovers\n|upkeep\n|turn|37\n|\n|t:|1781431284\n|move|p1a: Lanturn|Thunderbolt|p2a: Slowking\n|-damage|p2a: Slowking|0 fnt\n|faint|p2a: Slowking\n|\n|-heal|p1a: Lanturn|195/367|[from] item: Leftovers\n|upkeep\n|\n|t:|1781431287\n|switch|p2a: Dragalge|Dragalge, L88, M|149/258\n|turn|38\n|\n|t:|1781431316\n|switch|p1a: Slowking|Slowking, L88, M|211/310 psn\n|-damage|p1a: Slowking|173/310 psn|[from] Stealth Rock\n|move|p2a: Dragalge|Sludge Wave|p1a: Slowking\n|-damage|p1a: Slowking|53/310 psn\n|\n|-damage|p1a: Slowking|15/310 psn|[from] psn\n|upkeep\n|turn|39\n|\n|t:|1781431326\n|move|p2a: Dragalge|Toxic Spikes|p1a: Slowking\n|-sidestart|p1: mastasefkillah|move: Toxic Spikes\n|move|p1a: Slowking|Slack Off|p1a: Slowking\n|-heal|p1a: Slowking|170/310 psn\n|\n|-damage|p1a: Slowking|132/310 psn|[from] psn\n|upkeep\n|turn|40\n|\n|t:|1781431337\n|move|p2a: Dragalge|Draco Meteor|p1a: Slowking\n|-damage|p1a: Slowking|0 fnt\n|-unboost|p2a: Dragalge|spa|2\n|faint|p1a: Slowking\n|\n|upkeep\n|-message|mastasefkillah forfeited.\n|\n|win|TheBotanist73\n", "inputlog": ">version a8376a258c1d4662feba110a92103f3664a72141\n>start {\"formatid\":\"gen9randombattle\",\"seed\":\"sodium,8e8f2ac2a756c6e4ccd8106def0b8de1\",\"rated\":\"Rated battle\"}\n>player p1 {\"name\":\"mastasefkillah\",\"avatar\":\"alder\",\"rating\":1900,\"seed\":\"sodium,57250cb2c068fff63d3b7de2f5b73fad\"}\n>player p2 {\"name\":\"TheBotanist73\",\"avatar\":\"scientist-gen7\",\"rating\":1975,\"seed\":\"sodium,462b520a90e7837fc665b17b5722d593\"}\n>p1 move knockoff\n>p2 move dracometeor\n>p1 switch 6\n>p2 move dracometeor\n>p1 move futuresight\n>p2 switch 6\n>p1 move chillyreception\n>p2 move knockoff\n>p1 switch 3\n>p1 move thunderwave\n>p2 move flipturn\n>p2 switch 5\n>p1 switch 5\n>p2 move psychicnoise\n>p1 move swordsdance\n>p2 switch 5\n>p1 switch 5\n>p2 move surf\n>p1 move thunderbolt\n>p2 move flipturn\n>p2 switch 5\n>p1 switch 3\n>p2 move sludgebomb\n>p1 move futuresight\n>p2 move sludgebomb\n>p1 switch 5\n>p2 switch 5\n>p1 switch 3\n>p2 move surf\n>p1 switch 3\n>p2 move flipturn\n>p2 switch 3\n>p1 move poltergeist\n>p2 move scald\n>p1 switch 2\n>p1 move knockoff\n>p2 move scald\n>p1 move stealthrock\n>p2 move substitute\n>p1 switch 3\n>p2 move scald\n>p1 move thunderbolt\n>p2 move calmmind\n>p1 move thunderbolt\n>p2 move scald\n>p2 switch 5\n>p1 move thunderbolt\n>p2 move sludgebomb\n>p1 move thunderbolt\n>p2 move sludgebomb\n>p1 move thunderbolt\n>p2 move slackoff\n>p1 switch 3\n>p2 move sludgebomb\n>p1 move knockoff\n>p2 switch 3\n>p1 move psychoboost\n>p2 move knockoff\n>p2 switch 2\n>p1 move knockoff\n>p2 move rapidspin\n>p1 switch 4\n>p2 move stealthrock\n>p1 move machpunch\n>p2 move flamethrower\n>p1 move closecombat\n>p2 move flamethrower\n>p2 switch 6\n>p1 move machpunch\n>p2 move sludgewave\n>p1 switch 4\n>p1 move psychoboost\n>p2 switch 3\n>p1 move knockoff\n>p2 move sludgebomb\n>p1 switch 5\n>p1 move futuresight\n>p2 switch 4\n>p1 switch 6\n>p2 move gigadrain\n>p1 switch 3\n>p1 move icebeam\n>p2 switch 4\n>p1 move thunderbolt\n>p2 move slackoff\n>p2 switch 3\n>p1 switch 6\n>p2 move sludgewave\n>p1 move slackoff\n>p2 move toxicspikes\n>p1 move slackoff\n>p2 move dracometeor\n>forcelose p1", "uploadtime": 1781430660, "views": 4, "formatid": "gen9randombattle", "rating": null, "private": 0, "password": null}