{"id": "gen9randombattle-2631553255", "format": "[Gen 9] Random Battle", "players": ["Fortre", "bluesun000"], "log": "|j|\u2606Fortre\n|j|\u2606bluesun000\n|t:|1781400406\n|gametype|singles\n|player|p1|Fortre|1|1928\n|player|p2|bluesun000|palmer|1981\n|gen|9\n|tier|[Gen 9] Random Battle\n|rated|\n|rule|Species Clause: Limit one of each Pok\u00e9mon\n|rule|HP Percentage Mod: HP is shown in percentages\n|rule|Sleep Clause Mod: Limit one foe put to sleep\n|rule|Illusion Level Mod: Illusion disguises the Pok\u00e9mon's true level\n|\n|t:|1781400406\n|teamsize|p1|6\n|teamsize|p2|6\n|start\n|switch|p1a: Galvantula|Galvantula, L82, F|249/249\n|switch|p2a: Gurdurr|Gurdurr, L85, M|283/283\n|turn|1\n|inactive|Battle timer is ON: inactive players will automatically lose when time's up. (requested by bluesun000)\n|inactive|Fortre has 120 seconds left.\n|\n|t:|1781400437\n|switch|p1a: Toxapex|Toxapex, L82, M|216/216\n|move|p2a: Gurdurr|Knock Off|p1a: Toxapex\n|-damage|p1a: Toxapex|167/216\n|-damage|p2a: Gurdurr|236/283|[from] item: Rocky Helmet|[of] p1a: Toxapex\n|-enditem|p1a: Toxapex|Rocky Helmet|[from] move: Knock Off|[of] p2a: Gurdurr\n|\n|upkeep\n|turn|2\n|\n|t:|1781400452\n|move|p2a: Gurdurr|Knock Off|p1a: Toxapex\n|-damage|p1a: Toxapex|133/216\n|move|p1a: Toxapex|Toxic Spikes|p2a: Gurdurr\n|-sidestart|p2: bluesun000|move: Toxic Spikes\n|\n|upkeep\n|turn|3\n|\n|t:|1781400466\n|move|p2a: Gurdurr|Defog|p1a: Toxapex\n|-unboost|p1a: Toxapex|evasion|1\n|-sideend|p2: bluesun000|Toxic Spikes|[from] move: Defog|[of] p2a: Gurdurr\n|move|p1a: Toxapex|Toxic Spikes|p2a: Gurdurr\n|-sidestart|p2: bluesun000|move: Toxic Spikes\n|\n|upkeep\n|turn|4\n|\n|t:|1781400477\n|move|p2a: Gurdurr|Knock Off|p1a: Toxapex\n|-damage|p1a: Toxapex|99/216\n|move|p1a: Toxapex|Liquidation|p2a: Gurdurr\n|-damage|p2a: Gurdurr|188/283\n|\n|upkeep\n|turn|5\n|\n|t:|1781400488\n|switch|p2a: Braviary|Braviary, L85, M|309/309\n|move|p1a: Toxapex|Toxic Spikes|p2a: Braviary\n|-sidestart|p2: bluesun000|move: Toxic Spikes\n|\n|upkeep\n|turn|6\n|\n|t:|1781400493\n|switch|p2a: Gurdurr|Gurdurr, L85, M|188/283\n|-status|p2a: Gurdurr|tox\n|move|p1a: Toxapex|Haze|p1a: Toxapex\n|-clearallboost\n|\n|-damage|p2a: Gurdurr|171/283 tox|[from] psn\n|upkeep\n|turn|7\n|\n|t:|1781400504\n|move|p2a: Gurdurr|Drain Punch|p1a: Toxapex\n|-resisted|p1a: Toxapex\n|-damage|p1a: Toxapex|58/216\n|-heal|p2a: Gurdurr|192/283 tox|[from] drain|[of] p1a: Toxapex\n|move|p1a: Toxapex|Recover|p1a: Toxapex\n|-heal|p1a: Toxapex|166/216\n|\n|-damage|p2a: Gurdurr|158/283 tox|[from] psn\n|upkeep\n|turn|8\n|\n|t:|1781400515\n|move|p2a: Gurdurr|Knock Off|p1a: Toxapex\n|-damage|p1a: Toxapex|113/216\n|move|p1a: Toxapex|Liquidation|p2a: Gurdurr\n|-damage|p2a: Gurdurr|115/283 tox\n|\n|-damage|p2a: Gurdurr|64/283 tox|[from] psn\n|upkeep\n|turn|9\n|\n|t:|1781400521\n|move|p2a: Gurdurr|Defog|p1a: Toxapex\n|-unboost|p1a: Toxapex|evasion|1\n|-sideend|p2: bluesun000|Toxic Spikes|[from] move: Defog|[of] p2a: Gurdurr\n|move|p1a: Toxapex|Liquidation|p2a: Gurdurr\n|-damage|p2a: Gurdurr|24/283 tox\n|\n|-damage|p2a: Gurdurr|0 fnt|[from] psn\n|faint|p2a: Gurdurr\n|upkeep\n|\n|t:|1781400532\n|switch|p2a: Ampharos|Ampharos, L88, F|302/302\n|turn|10\n|\n|t:|1781400539\n|switch|p1a: Galvantula|Galvantula, L82, F|249/249\n|move|p2a: Ampharos|Volt Switch|p1a: Galvantula\n|-resisted|p1a: Galvantula\n|-damage|p1a: Galvantula|155/249\n|\n|t:|1781400563\n|switch|p2a: Hitmonlee|Hitmonlee, L85, M|224/224|[from] Volt Switch\n|\n|upkeep\n|turn|11\n|\n|t:|1781400575\n|move|p1a: Galvantula|Thunder|p2a: Hitmonlee\n|-damage|p2a: Hitmonlee|137/224\n|-status|p2a: Hitmonlee|par\n|cant|p2a: Hitmonlee|par\n|\n|upkeep\n|turn|12\n|\n|t:|1781400580\n|move|p1a: Galvantula|Sticky Web|p2a: Hitmonlee\n|-sidestart|p2: bluesun000|move: Sticky Web\n|cant|p2a: Hitmonlee|par\n|\n|upkeep\n|turn|13\n|\n|t:|1781400583\n|switch|p1a: Toxapex|Toxapex, L82, M|185/216\n|move|p2a: Hitmonlee|Stone Edge|p1a: Toxapex\n|-crit|p1a: Toxapex\n|-damage|p1a: Toxapex|98/216\n|\n|upkeep\n|turn|14\n|\n|t:|1781400605\n|switch|p2a: Ampharos|Ampharos, L88, F|302/302\n|-activate|p2a: Ampharos|move: Sticky Web\n|-unboost|p2a: Ampharos|spe|1\n|move|p1a: Toxapex|Toxic Spikes|p2a: Ampharos\n|-sidestart|p2: bluesun000|move: Toxic Spikes\n|\n|upkeep\n|turn|15\n|\n|t:|1781400626\n|move|p1a: Toxapex|Recover|p1a: Toxapex\n|-heal|p1a: Toxapex|206/216\n|move|p2a: Ampharos|Thunderbolt|p1a: Toxapex\n|-supereffective|p1a: Toxapex\n|-damage|p1a: Toxapex|0 fnt\n|faint|p1a: Toxapex\n|\n|upkeep\n|\n|t:|1781400630\n|switch|p1a: Ursaring|Ursaring, L84, M|288/288\n|turn|16\n|\n|t:|1781400646\n|switch|p2a: Hitmonlee|Hitmonlee, L85, M|137/224 par\n|-activate|p2a: Hitmonlee|move: Sticky Web\n|-unboost|p2a: Hitmonlee|spe|1\n|-enditem|p2a: Hitmonlee|White Herb\n|-clearnegativeboost|p2a: Hitmonlee|[silent]\n|move|p1a: Ursaring|Swords Dance|p1a: Ursaring\n|-boost|p1a: Ursaring|atk|2\n|\n|-status|p1a: Ursaring|tox|[from] item: Toxic Orb\n|upkeep\n|turn|17\n|inactive|Fortre has 120 seconds left.\n|\n|t:|1781400686\n|switch|p1a: Galvantula|Galvantula, L82, F|155/249\n|cant|p2a: Hitmonlee|par\n|\n|upkeep\n|turn|18\n|\n|t:|1781400695\n|move|p1a: Galvantula|Thunder|p2a: Hitmonlee\n|-damage|p2a: Hitmonlee|43/224 par\n|move|p2a: Hitmonlee|Stone Edge|p1a: Galvantula|[miss]\n|-miss|p2a: Hitmonlee|p1a: Galvantula\n|\n|upkeep\n|turn|19\n|\n|t:|1781400700\n|move|p1a: Galvantula|Thunder|p2a: Hitmonlee\n|-damage|p2a: Hitmonlee|0 fnt\n|faint|p2a: Hitmonlee\n|\n|upkeep\n|\n|t:|1781400722\n|switch|p2a: Mabosstiff|Mabosstiff, L86, F|278/278\n|-activate|p2a: Mabosstiff|move: Sticky Web\n|-unboost|p2a: Mabosstiff|spe|1\n|-status|p2a: Mabosstiff|psn\n|turn|20\n|l|\u2606Fortre\n|inactive|Fortre disconnected and has a minute to reconnect!\n|player|p1|\n|j|\u2606Fortre\n|inactive|Fortre reconnected and has 135 seconds left.\n|player|p1|Fortre|1|\n|\n|t:|1781400742\n|move|p1a: Galvantula|Bug Buzz|p2a: Mabosstiff\n|-supereffective|p2a: Mabosstiff\n|-crit|p2a: Mabosstiff\n|-damage|p2a: Mabosstiff|0 fnt\n|faint|p2a: Mabosstiff\n|\n|upkeep\n|\n|t:|1781400750\n|switch|p2a: Oinkologne|Oinkologne, L92, M|352/352\n|-activate|p2a: Oinkologne|move: Sticky Web\n|-unboost|p2a: Oinkologne|spe|1\n|-status|p2a: Oinkologne|psn\n|turn|21\n|\n|t:|1781400768\n|-terastallize|p2a: Oinkologne|Ground\n|move|p1a: Galvantula|Thunder|p2a: Oinkologne\n|-immune|p2a: Oinkologne\n|move|p2a: Oinkologne|Double-Edge|p1a: Galvantula\n|-damage|p1a: Galvantula|0 fnt\n|faint|p1a: Galvantula\n|-damage|p2a: Oinkologne|301/352 psn|[from] Recoil\n|\n|-heal|p2a: Oinkologne|323/352 psn|[from] item: Leftovers\n|-damage|p2a: Oinkologne|279/352 psn|[from] psn\n|upkeep\n|\n|t:|1781400785\n|switch|p1a: Ursaring|Ursaring, L84, M|288/288 tox\n|turn|22\n|inactive|bluesun000 has 120 seconds left.\n|\n|t:|1781400824\n|-terastallize|p1a: Ursaring|Normal\n|move|p1a: Ursaring|Facade|p2a: Oinkologne\n|-damage|p2a: Oinkologne|27/352 psn\n|move|p2a: Oinkologne|Double-Edge|p1a: Ursaring\n|-damage|p1a: Ursaring|101/288 tox\n|-damage|p2a: Oinkologne|0 fnt|[from] Recoil\n|faint|p2a: Oinkologne\n|\n|-damage|p1a: Ursaring|83/288 tox|[from] psn\n|upkeep\n|\n|t:|1781400839\n|switch|p2a: Ampharos|Ampharos, L88, F|302/302\n|-activate|p2a: Ampharos|move: Sticky Web\n|-unboost|p2a: Ampharos|spe|1\n|-status|p2a: Ampharos|psn\n|turn|23\n|\n|t:|1781400847\n|move|p1a: Ursaring|Facade|p2a: Ampharos\n|-damage|p2a: Ampharos|58/302 psn\n|move|p2a: Ampharos|Thunderbolt|p1a: Ursaring\n|-damage|p1a: Ursaring|0 fnt\n|faint|p1a: Ursaring\n|\n|-damage|p2a: Ampharos|21/302 psn|[from] psn\n|upkeep\n|\n|t:|1781400856\n|switch|p1a: Slither Wing|Slither Wing, L81|270/270\n|turn|24\n|inactive|bluesun000 has 120 seconds left.\n|\n|t:|1781400891\n|move|p1a: Slither Wing|Close Combat|p2a: Ampharos\n|-damage|p2a: Ampharos|0 fnt\n|-unboost|p1a: Slither Wing|def|1\n|-unboost|p1a: Slither Wing|spd|1\n|faint|p2a: Ampharos\n|\n|upkeep\n|\n|t:|1781400893\n|switch|p2a: Braviary|Braviary, L85, M|309/309\n|turn|25\n|\n|t:|1781400902\n|move|p2a: Braviary|Bulk Up|p2a: Braviary\n|-boost|p2a: Braviary|atk|1\n|-boost|p2a: Braviary|def|1\n|move|p1a: Slither Wing|Close Combat|p2a: Braviary\n|-damage|p2a: Braviary|150/309\n|-unboost|p1a: Slither Wing|def|1\n|-unboost|p1a: Slither Wing|spd|1\n|\n|upkeep\n|turn|26\n|inactive|bluesun000 has 120 seconds left.\n|l|\u2606Fortre\n|inactive|Fortre disconnected and has a minute to reconnect!\n|player|p1|\n|inactive|bluesun000 has 90 seconds left.\n|\n|t:|1781400939\n|-end|p1a: Slither Wing|Protosynthesis|[silent]\n|switch|p1a: Cloyster|Cloyster, L80, M|211/211\n|move|p2a: Braviary|Brave Bird|p1a: Cloyster\n|-damage|p1a: Cloyster|79/211\n|-damage|p2a: Braviary|106/309|[from] Recoil\n|\n|upkeep\n|turn|27\n|j|\u2606Fortre\n|inactive|Fortre reconnected and has 150 seconds left.\n|player|p1|Fortre|1|\n|\n|t:|1781400944\n|move|p2a: Braviary|Brave Bird|p1a: Cloyster\n|-damage|p1a: Cloyster|0 fnt\n|faint|p1a: Cloyster\n|-damage|p2a: Braviary|80/309|[from] Recoil\n|\n|upkeep\n|\n|t:|1781400950\n|switch|p1a: Slither Wing|Slither Wing, L81|270/270\n|turn|28\n|\n|t:|1781400962\n|move|p2a: Braviary|Brave Bird|p1a: Slither Wing\n|-supereffective|p1a: Slither Wing\n|-damage|p1a: Slither Wing|0 fnt\n|faint|p1a: Slither Wing\n|-end|p1a: Slither Wing|Protosynthesis|[silent]\n|-damage|p2a: Braviary|0 fnt|[from] Recoil\n|faint|p2a: Braviary\n|\n|win|Fortre\n|raw|Fortre's rating: 1928 &rarr; <strong>1951</strong><br />(+23 for winning)\n|raw|bluesun000's rating: 1981 &rarr; <strong>1958</strong><br />(-23 for losing)\n", "inputlog": ">version a8376a258c1d4662feba110a92103f3664a72141\n>start {\"formatid\":\"gen9randombattle\",\"seed\":\"sodium,ffa49c7c8907997b2eb64bde1368782a\",\"rated\":\"Rated battle\"}\n>player p1 {\"name\":\"Fortre\",\"avatar\":\"1\",\"rating\":1928,\"seed\":\"sodium,a3178ee5599973d8b1938ba7268cb47d\"}\n>player p2 {\"name\":\"bluesun000\",\"avatar\":\"palmer\",\"rating\":1981,\"seed\":\"sodium,97a8354aee8b74356331be4e26eef874\"}\n>p1 switch 3\n>p2 move knockoff\n>p1 move toxicspikes\n>p2 move knockoff\n>p1 move toxicspikes\n>p2 move defog\n>p1 move liquidation\n>p2 move knockoff\n>p1 move toxicspikes\n>p2 switch 5\n>p1 move haze\n>p2 switch 5\n>p1 move recover\n>p2 move drainpunch\n>p1 move liquidation\n>p2 move knockoff\n>p1 move liquidation\n>p2 move defog\n>p2 switch 4\n>p1 switch 3\n>p2 move voltswitch\n>p2 switch 3\n>p1 move thunder\n>p2 move closecombat\n>p1 move stickyweb\n>p2 move stoneedge\n>p1 switch 3\n>p2 move stoneedge\n>p1 move toxicspikes\n>p2 switch 3\n>p1 move recover\n>p2 move thunderbolt\n>p1 switch 6\n>p1 move swordsdance\n>p2 switch 3\n>p1 switch 3\n>p2 move closecombat\n>p1 move thunder\n>p2 move stoneedge\n>p1 move thunder\n>p2 move stoneedge\n>p2 switch 6\n>p1 move bugbuzz\n>p2 move crunch\n>p2 switch 2\n>p1 move thunder\n>p2 move doubleedge terastallize\n>p1 switch 3\n>p1 move facade terastallize\n>p2 move doubleedge\n>p2 switch 3\n>p1 move facade\n>p2 move thunderbolt\n>p1 switch 2\n>p1 move closecombat\n>p2 move thunderbolt\n>p2 switch 5\n>p1 move closecombat\n>p2 move bulkup\n>p1 switch 5\n>p2 move bravebird\n>p1 move iciclespear\n>p2 move bravebird\n>p1 switch 5\n>p1 move closecombat\n>p2 move bravebird", "uploadtime": 1781400408, "views": 5, "formatid": "gen9randombattle", "rating": 1951, "private": 0, "password": null}