{"id": "gen9randombattle-2631905344", "format": "[Gen 9] Random Battle", "players": ["fizmoniri", "AEnAEl"], "log": "|j|\u2606fizmoniri\n|j|\u2606AEnAEl\n|t:|1781454127\n|gametype|singles\n|player|p1|fizmoniri|canari|1219\n|player|p2|AEnAEl|1|1193\n|gen|9\n|tier|[Gen 9] Random Battle\n|rated|\n|rule|Species Clause: Limit one of each Pok\u00e9mon\n|rule|HP Percentage Mod: HP is shown in percentages\n|rule|Sleep Clause Mod: Limit one foe put to sleep\n|rule|Illusion Level Mod: Illusion disguises the Pok\u00e9mon's true level\n|\n|t:|1781454127\n|teamsize|p1|6\n|teamsize|p2|6\n|start\n|switch|p1a: Eternatus|Eternatus, L69|308/308\n|switch|p2a: Scream Tail|Scream Tail, L84|330/330\n|-ability|p1a: Eternatus|Pressure\n|turn|1\n|\n|t:|1781454139\n|-terastallize|p1a: Eternatus|Poison\n|move|p2a: Scream Tail|Thunder Wave|p1a: Eternatus\n|-status|p1a: Eternatus|par\n|move|p1a: Eternatus|Meteor Beam||[still]\n|-prepare|p1a: Eternatus|Meteor Beam\n|-boost|p1a: Eternatus|spa|1\n|-enditem|p1a: Eternatus|Power Herb\n|-anim|p1a: Eternatus|Meteor Beam|p2a: Scream Tail\n|-damage|p2a: Scream Tail|233/330\n|\n|-heal|p2a: Scream Tail|253/330|[from] item: Leftovers\n|upkeep\n|turn|2\n|inactive|Battle timer is ON: inactive players will automatically lose when time's up. (requested by AEnAEl)\n|\n|t:|1781454153\n|move|p2a: Scream Tail|Protect|p2a: Scream Tail\n|-singleturn|p2a: Scream Tail|Protect\n|cant|p1a: Eternatus|par\n|\n|-heal|p2a: Scream Tail|273/330|[from] item: Leftovers\n|upkeep\n|turn|3\n|\n|t:|1781454173\n|-end|p2a: Scream Tail|Protosynthesis|[silent]\n|switch|p2a: Klawf|Klawf, L90, F|272/272\n|move|p1a: Eternatus|Sludge Bomb|p2a: Klawf\n|-resisted|p2a: Klawf\n|-damage|p2a: Klawf|153/272\n|-status|p2a: Klawf|psn\n|\n|-damage|p2a: Klawf|119/272 psn|[from] psn\n|upkeep\n|turn|4\n|\n|t:|1781454187\n|move|p2a: Klawf|High Horsepower|p1a: Eternatus\n|-supereffective|p1a: Eternatus\n|-damage|p1a: Eternatus|130/308 par\n|move|p1a: Eternatus|Sludge Bomb|p2a: Klawf\n|-resisted|p2a: Klawf\n|-damage|p2a: Klawf|8/272 psn\n|\n|-damage|p2a: Klawf|0 fnt|[from] psn\n|faint|p2a: Klawf\n|upkeep\n|\n|t:|1781454199\n|switch|p2a: Greedent|Greedent, L86, F|347/347\n|turn|5\n|\n|t:|1781454205\n|move|p1a: Eternatus|Sludge Bomb|p2a: Greedent\n|-damage|p2a: Greedent|155/347\n|-status|p2a: Greedent|psn\n|-enditem|p2a: Greedent|Sitrus Berry|[eat]\n|-heal|p2a: Greedent|241/347 psn|[from] item: Sitrus Berry\n|-heal|p2a: Greedent|347/347 psn|[from] ability: Cheek Pouch\n|move|p2a: Greedent|Swords Dance|p2a: Greedent\n|-boost|p2a: Greedent|atk|2\n|\n|-damage|p2a: Greedent|304/347 psn|[from] psn\n|upkeep\n|turn|6\n|-message|AEnAEl forfeited.\n|\n|win|fizmoniri\n|raw|fizmoniri's rating: 1219 &rarr; <strong>1242</strong><br />(+23 for winning)\n|raw|AEnAEl's rating: 1193 &rarr; <strong>1170</strong><br />(-23 for losing)\n|l|\u2606AEnAEl\n|player|p2|\n", "uploadtime": 1781454212, "views": 4, "formatid": "gen9randombattle", "rating": 1170, "private": 0, "password": null}