{"id": "gen9randombattle-2631809423", "format": "[Gen 9] Random Battle", "players": ["igiveuponaname", "zicafeliped"], "log": "|j|\u2606igiveuponaname\n|j|\u2606zicafeliped\n|t:|1781442836\n|gametype|singles\n|player|p1|igiveuponaname|miku-fire|2234\n|player|p2|zicafeliped|beauty-gen4dp|2177\n|gen|9\n|tier|[Gen 9] Random Battle\n|rated|\n|rule|Species Clause: Limit one of each Pok\u00e9mon\n|rule|HP Percentage Mod: HP is shown in percentages\n|rule|Sleep Clause Mod: Limit one foe put to sleep\n|rule|Illusion Level Mod: Illusion disguises the Pok\u00e9mon's true level\n|\n|t:|1781442836\n|teamsize|p1|6\n|teamsize|p2|6\n|start\n|switch|p1a: Latios|Latios, L78, M|253/253\n|switch|p2a: Cloyster|Cloyster, L80, F|211/211\n|turn|1\n|inactive|Battle timer is ON: inactive players will automatically lose when time's up. (requested by zicafeliped)\n|inactive|igiveuponaname also wants the timer to be on.\n|\n|t:|1781442849\n|switch|p2a: Hitmonlee|Hitmonlee, L85, M|223/223\n|move|p1a: Latios|Luster Purge|p2a: Hitmonlee\n|-supereffective|p2a: Hitmonlee\n|-damage|p2a: Hitmonlee|0 fnt\n|faint|p2a: Hitmonlee\n|\n|upkeep\n|\n|t:|1781442855\n|switch|p2a: Chien-Pao|Chien-Pao, L72|234/234\n|-ability|p2a: Chien-Pao|Sword of Ruin\n|turn|2\n|\n|t:|1781442864\n|switch|p1a: Talonflame|Talonflame, L83, F|265/265\n|move|p2a: Chien-Pao|Sacred Sword|p1a: Talonflame\n|-resisted|p1a: Talonflame\n|-damage|p1a: Talonflame|200/265\n|\n|upkeep\n|turn|3\n|\n|t:|1781442868\n|switch|p2a: Gyarados|Gyarados, L79, F|280/280\n|-ability|p2a: Gyarados|Intimidate|boost\n|-unboost|p1a: Talonflame|atk|1\n|move|p1a: Talonflame|Will-O-Wisp|p2a: Gyarados\n|-status|p2a: Gyarados|brn\n|\n|-damage|p2a: Gyarados|263/280 brn|[from] brn\n|upkeep\n|turn|4\n|\n|t:|1781442871\n|switch|p1a: Latios|Latios, L78, M|253/253\n|move|p2a: Gyarados|Dragon Dance|p2a: Gyarados\n|-boost|p2a: Gyarados|atk|1\n|-boost|p2a: Gyarados|spe|1\n|\n|-damage|p2a: Gyarados|246/280 brn|[from] brn\n|upkeep\n|turn|5\n|\n|t:|1781442879\n|move|p2a: Gyarados|Dragon Dance|p2a: Gyarados\n|-boost|p2a: Gyarados|atk|1\n|-boost|p2a: Gyarados|spe|1\n|move|p1a: Latios|Luster Purge|p2a: Gyarados\n|-damage|p2a: Gyarados|80/280 brn\n|-unboost|p2a: Gyarados|spd|1\n|\n|-damage|p2a: Gyarados|63/280 brn|[from] brn\n|upkeep\n|turn|6\n|\n|t:|1781442882\n|move|p2a: Gyarados|Waterfall|p1a: Latios\n|-resisted|p1a: Latios\n|-damage|p1a: Latios|198/253\n|move|p1a: Latios|Luster Purge|p2a: Gyarados\n|-damage|p2a: Gyarados|0 fnt\n|faint|p2a: Gyarados\n|\n|upkeep\n|\n|t:|1781442886\n|switch|p2a: Chien-Pao|Chien-Pao, L72|234/234\n|-ability|p2a: Chien-Pao|Sword of Ruin\n|turn|7\n|\n|t:|1781442891\n|switch|p1a: Florges|Florges-Yellow, L85, F|271/271\n|move|p2a: Chien-Pao|Throat Chop|p1a: Florges\n|-resisted|p1a: Florges\n|-damage|p1a: Florges|181/271\n|-start|p1a: Florges|Throat Chop|[silent]\n|\n|-heal|p1a: Florges|197/271|[from] item: Leftovers\n|upkeep\n|turn|8\n|\n|t:|1781442895\n|switch|p2a: Pecharunt|Pecharunt, L77|262/262\n|move|p1a: Florges|Moonblast|p2a: Pecharunt\n|-resisted|p2a: Pecharunt\n|-damage|p2a: Pecharunt|199/262\n|\n|-heal|p2a: Pecharunt|215/262|[from] item: Leftovers\n|-heal|p1a: Florges|213/271|[from] item: Leftovers\n|-end|p1a: Florges|Throat Chop|[silent]\n|upkeep\n|turn|9\n|\n|t:|1781442900\n|switch|p1a: Iron Treads|Iron Treads, L77|265/265\n|move|p2a: Pecharunt|Nasty Plot|p2a: Pecharunt\n|-boost|p2a: Pecharunt|spa|2\n|\n|-heal|p2a: Pecharunt|231/262|[from] item: Leftovers\n|upkeep\n|turn|10\n|\n|t:|1781442906\n|move|p1a: Iron Treads|Earthquake|p2a: Pecharunt\n|-supereffective|p2a: Pecharunt\n|-damage|p2a: Pecharunt|109/262\n|move|p2a: Pecharunt|Shadow Ball|p1a: Iron Treads\n|-damage|p1a: Iron Treads|150/265\n|\n|-heal|p2a: Pecharunt|125/262|[from] item: Leftovers\n|upkeep\n|turn|11\n|\n|t:|1781442916\n|move|p1a: Iron Treads|Earthquake|p2a: Pecharunt\n|-supereffective|p2a: Pecharunt\n|-damage|p2a: Pecharunt|0 fnt\n|faint|p2a: Pecharunt\n|\n|upkeep\n|\n|t:|1781442918\n|switch|p2a: Cloyster|Cloyster, L80, F|211/211\n|turn|12\n|\n|t:|1781442922\n|move|p1a: Iron Treads|Volt Switch|p2a: Cloyster\n|-supereffective|p2a: Cloyster\n|-damage|p2a: Cloyster|107/211\n|\n|t:|1781442924\n|-end|p1a: Iron Treads|Quark Drive|[silent]\n|switch|p1a: Gothitelle|Gothitelle, L90, M|272/272|[from] Volt Switch\n|move|p2a: Cloyster|Shell Smash|p2a: Cloyster\n|-unboost|p2a: Cloyster|def|1\n|-unboost|p2a: Cloyster|spd|1\n|-boost|p2a: Cloyster|atk|2\n|-boost|p2a: Cloyster|spa|2\n|-boost|p2a: Cloyster|spe|2\n|-enditem|p2a: Cloyster|White Herb\n|-clearnegativeboost|p2a: Cloyster|[silent]\n|\n|upkeep\n|turn|13\n|\n|t:|1781442931\n|-terastallize|p2a: Cloyster|Ice\n|move|p2a: Cloyster|Icicle Spear|p1a: Gothitelle\n|-damage|p1a: Gothitelle|210/272\n|-damage|p1a: Gothitelle|146/272\n|-damage|p1a: Gothitelle|84/272\n|-damage|p1a: Gothitelle|22/272\n|-damage|p1a: Gothitelle|0 fnt\n|faint|p1a: Gothitelle\n|-hitcount|p1: Gothitelle|5\n|\n|upkeep\n|\n|t:|1781442940\n|switch|p1a: Florges|Florges-Yellow, L85, F|213/271\n|turn|14\n|\n|t:|1781442946\n|-terastallize|p1a: Florges|Steel\n|move|p2a: Cloyster|Icicle Spear|p1a: Florges\n|-resisted|p1a: Florges\n|-crit|p1a: Florges\n|-damage|p1a: Florges|153/271\n|-resisted|p1a: Florges\n|-damage|p1a: Florges|110/271\n|-resisted|p1a: Florges\n|-damage|p1a: Florges|69/271\n|-resisted|p1a: Florges\n|-damage|p1a: Florges|28/271\n|-resisted|p1a: Florges\n|-damage|p1a: Florges|0 fnt\n|faint|p1a: Florges\n|-hitcount|p1: Florges|5\n|\n|upkeep\n|-message|igiveuponaname forfeited.\n|\n|win|zicafeliped\n", "uploadtime": 1781442838, "views": 3, "formatid": "gen9randombattle", "rating": null, "private": 0, "password": null}