{"id": "gen9randombattle-2631434714", "format": "[Gen 9] Random Battle", "players": ["Petilil37", "Infamous20111"], "log": "|j|\u203dPetilil37\n|j|\u2606Infamous20111\n|t:|1781384243\n|gametype|singles\n|player|p1|Petilil37|2|2060\n|player|p2|Infamous20111|170|2206\n|gen|9\n|tier|[Gen 9] Random Battle\n|rated|\n|rule|Species Clause: Limit one of each Pok\u00e9mon\n|rule|HP Percentage Mod: HP is shown in percentages\n|rule|Sleep Clause Mod: Limit one foe put to sleep\n|rule|Illusion Level Mod: Illusion disguises the Pok\u00e9mon's true level\n|\n|t:|1781384243\n|teamsize|p1|6\n|teamsize|p2|6\n|start\n|switch|p1a: Manaphy|Manaphy, L78|284/284\n|switch|p2a: Gothitelle|Gothitelle, L90, F|272/272\n|turn|1\n|inactive|Battle timer is ON: inactive players will automatically lose when time's up. (requested by Infamous20111)\n|inactive|Infamous20111 has 120 seconds left.\n|\n|t:|1781384274\n|move|p1a: Manaphy|Hydro Pump|p2a: Gothitelle|[miss]\n|-miss|p1a: Manaphy|p2a: Gothitelle\n|move|p2a: Gothitelle|Calm Mind|p2a: Gothitelle\n|-boost|p2a: Gothitelle|spa|1\n|-boost|p2a: Gothitelle|spd|1\n|\n|upkeep\n|turn|2\n|\n|t:|1781384277\n|move|p1a: Manaphy|Tail Glow|p1a: Manaphy\n|-boost|p1a: Manaphy|spa|3\n|move|p2a: Gothitelle|Thunderbolt|p1a: Manaphy\n|-supereffective|p1a: Manaphy\n|-damage|p1a: Manaphy|68/284\n|\n|-heal|p1a: Manaphy|85/284|[from] item: Leftovers\n|upkeep\n|turn|3\n|\n|t:|1781384279\n|move|p1a: Manaphy|Hydro Pump|p2a: Gothitelle\n|-damage|p2a: Gothitelle|128/272\n|move|p2a: Gothitelle|Psychic Noise|p1a: Manaphy\n|-damage|p1a: Manaphy|0 fnt\n|faint|p1a: Manaphy\n|\n|-heal|p2a: Gothitelle|145/272|[from] item: Leftovers\n|upkeep\n|\n|t:|1781384281\n|switch|p1a: Lokix|Lokix, L82, M|251/251\n|turn|4\n|\n|t:|1781384288\n|switch|p2a: Corviknight|Corviknight, L80, F|288/288\n|-ability|p2a: Corviknight|Pressure\n|move|p1a: Lokix|Knock Off|p2a: Corviknight\n|-damage|p2a: Corviknight|175/288\n|-damage|p1a: Lokix|210/251|[from] item: Rocky Helmet|[of] p2a: Corviknight\n|-enditem|p2a: Corviknight|Rocky Helmet|[from] move: Knock Off|[of] p1a: Lokix\n|-damage|p1a: Lokix|185/251|[from] item: Life Orb\n|\n|upkeep\n|turn|5\n|\n|t:|1781384304\n|switch|p1a: Stonjourner|Stonjourner, L91, F|330/330\n|move|p2a: Corviknight|Roost|p2a: Corviknight\n|-heal|p2a: Corviknight|288/288\n|-singleturn|p2a: Corviknight|move: Roost\n|\n|upkeep\n|turn|6\n|\n|t:|1781384309\n|switch|p2a: Zamazenta|Zamazenta, L71|248/248\n|-ability|p2a: Zamazenta|Dauntless Shield|boost\n|-boost|p2a: Zamazenta|def|1\n|move|p1a: Stonjourner|Stealth Rock|p2a: Zamazenta\n|-sidestart|p2: Infamous20111|move: Stealth Rock\n|\n|upkeep\n|turn|7\n|\n|t:|1781384324\n|switch|p1a: Farigiraf|Farigiraf, L90, F|362/362\n|move|p2a: Zamazenta|Iron Head|p1a: Farigiraf\n|-damage|p1a: Farigiraf|278/362\n|\n|-heal|p1a: Farigiraf|300/362|[from] item: Leftovers\n|upkeep\n|turn|8\n|\n|t:|1781384341\n|switch|p2a: Gothitelle|Gothitelle, L90, F|145/272\n|-damage|p2a: Gothitelle|111/272|[from] Stealth Rock\n|move|p1a: Farigiraf|Psychic Noise|p2a: Gothitelle\n|-resisted|p2a: Gothitelle\n|-damage|p2a: Gothitelle|71/272\n|-start|p2a: Gothitelle|move: Heal Block\n|\n|-heal|p1a: Farigiraf|322/362|[from] item: Leftovers\n|upkeep\n|turn|9\n|\n|t:|1781384350\n|move|p1a: Farigiraf|Protect|p1a: Farigiraf\n|-singleturn|p1a: Farigiraf|Protect\n|move|p2a: Gothitelle|Psychic Noise|p1a: Farigiraf\n|-activate|p1a: Farigiraf|move: Protect\n|\n|-heal|p1a: Farigiraf|344/362|[from] item: Leftovers\n|-end|p2a: Gothitelle|move: Heal Block\n|upkeep\n|turn|10\n|\n|t:|1781384354\n|move|p2a: Gothitelle|Psychic Noise|p1a: Farigiraf\n|-resisted|p1a: Farigiraf\n|-damage|p1a: Farigiraf|296/362\n|-start|p1a: Farigiraf|move: Heal Block\n|move|p1a: Farigiraf|Body Slam|p2a: Gothitelle\n|-damage|p2a: Gothitelle|0 fnt\n|faint|p2a: Gothitelle\n|\n|upkeep\n|\n|t:|1781384359\n|switch|p2a: Zangoose|Zangoose, L85, M|263/263\n|-damage|p2a: Zangoose|231/263|[from] Stealth Rock\n|turn|11\n|\n|t:|1781384365\n|move|p2a: Zangoose|Swords Dance|p2a: Zangoose\n|-boost|p2a: Zangoose|atk|2\n|move|p1a: Farigiraf|Body Slam|p2a: Zangoose\n|-damage|p2a: Zangoose|98/263\n|\n|-end|p1a: Farigiraf|move: Heal Block\n|-status|p2a: Zangoose|tox|[from] item: Toxic Orb\n|upkeep\n|turn|12\n|\n|t:|1781384373\n|move|p1a: Farigiraf|Protect|p1a: Farigiraf\n|-singleturn|p1a: Farigiraf|Protect\n|move|p2a: Zangoose|Facade|p1a: Farigiraf\n|-activate|p1a: Farigiraf|move: Protect\n|\n|-heal|p1a: Farigiraf|318/362|[from] item: Leftovers\n|-damage|p2a: Zangoose|82/263 tox|[from] psn\n|upkeep\n|turn|13\n|\n|t:|1781384378\n|switch|p1a: Glimmora|Glimmora, L75, F|248/248\n|-item|p1a: Glimmora|Air Balloon\n|move|p2a: Zangoose|Facade|p1a: Glimmora\n|-resisted|p1a: Glimmora\n|-damage|p1a: Glimmora|0 fnt\n|-activate|p1a: Glimmora|ability: Toxic Debris\n|-sidestart|p2: Infamous20111|move: Toxic Spikes\n|-enditem|p1a: Glimmora|Air Balloon\n|faint|p1a: Glimmora\n|\n|-damage|p2a: Zangoose|50/263 tox|[from] psn\n|upkeep\n|\n|t:|1781384381\n|switch|p1a: Lokix|Lokix, L82, M|185/251\n|turn|14\n|\n|t:|1781384386\n|move|p1a: Lokix|Sucker Punch|p2a: Zangoose\n|-damage|p2a: Zangoose|0 fnt\n|faint|p2a: Zangoose\n|-damage|p1a: Lokix|160/251|[from] item: Life Orb\n|\n|upkeep\n|\n|t:|1781384394\n|switch|p2a: Corviknight|Corviknight, L80, F|288/288\n|-damage|p2a: Corviknight|252/288|[from] Stealth Rock\n|-ability|p2a: Corviknight|Pressure\n|turn|15\n|\n|t:|1781384398\n|switch|p1a: Stonjourner|Stonjourner, L91, F|330/330\n|move|p2a: Corviknight|Defog|p1a: Stonjourner\n|-unboost|p1a: Stonjourner|evasion|1\n|-sideend|p2: Infamous20111|Toxic Spikes|[from] move: Defog|[of] p2a: Corviknight\n|-sideend|p2: Infamous20111|Stealth Rock|[from] move: Defog|[of] p2a: Corviknight\n|\n|upkeep\n|turn|16\n|\n|t:|1781384405\n|move|p1a: Stonjourner|Heat Crash|p2a: Corviknight\n|-supereffective|p2a: Corviknight\n|-damage|p2a: Corviknight|0 fnt\n|faint|p2a: Corviknight\n|-damage|p1a: Stonjourner|297/330|[from] item: Life Orb\n|\n|upkeep\n|\n|t:|1781384412\n|switch|p2a: Zamazenta|Zamazenta, L71|248/248\n|turn|17\n|\n|t:|1781384418\n|switch|p1a: Farigiraf|Farigiraf, L90, F|318/362\n|move|p2a: Zamazenta|Close Combat|p1a: Farigiraf\n|-damage|p1a: Farigiraf|137/362\n|-unboost|p2a: Zamazenta|def|1\n|-unboost|p2a: Zamazenta|spd|1\n|\n|-heal|p1a: Farigiraf|159/362|[from] item: Leftovers\n|upkeep\n|turn|18\n|\n|t:|1781384425\n|switch|p2a: Orthworm|Orthworm, L88, F|266/266\n|move|p1a: Farigiraf|Protect||[still]\n|-fail|p1a: Farigiraf\n|\n|-heal|p1a: Farigiraf|181/362|[from] item: Leftovers\n|upkeep\n|turn|19\n|\n|t:|1781384432\n|move|p2a: Orthworm|Coil|p2a: Orthworm\n|-boost|p2a: Orthworm|atk|1\n|-boost|p2a: Orthworm|def|1\n|-boost|p2a: Orthworm|accuracy|1\n|move|p1a: Farigiraf|Wish|p1a: Farigiraf\n|\n|-heal|p1a: Farigiraf|203/362|[from] item: Leftovers\n|upkeep\n|turn|20\n|\n|t:|1781384439\n|move|p2a: Orthworm|Iron Tail|p1a: Farigiraf\n|-damage|p1a: Farigiraf|26/362\n|-unboost|p1a: Farigiraf|def|1\n|move|p1a: Farigiraf|Psychic Noise|p2a: Orthworm\n|-resisted|p2a: Orthworm\n|-crit|p2a: Orthworm\n|-damage|p2a: Orthworm|160/266\n|-start|p2a: Orthworm|move: Heal Block\n|\n|-heal|p1a: Farigiraf|207/362|[from] move: Wish|[wisher] Farigiraf\n|-heal|p1a: Farigiraf|229/362|[from] item: Leftovers\n|upkeep\n|turn|21\n|\n|t:|1781384455\n|switch|p1a: Pachirisu|Pachirisu, L96, F|271/271\n|move|p2a: Orthworm|Coil|p2a: Orthworm\n|-boost|p2a: Orthworm|atk|1\n|-boost|p2a: Orthworm|def|1\n|-boost|p2a: Orthworm|accuracy|1\n|\n|-end|p2a: Orthworm|move: Heal Block\n|upkeep\n|turn|22\n|\n|t:|1781384460\n|move|p1a: Pachirisu|Thunderbolt|p2a: Orthworm\n|-damage|p2a: Orthworm|57/266\n|move|p2a: Orthworm|Body Press|p1a: Pachirisu\n|-damage|p1a: Pachirisu|80/271\n|\n|upkeep\n|turn|23\n|\n|t:|1781384462\n|move|p1a: Pachirisu|Thunderbolt|p2a: Orthworm\n|-crit|p2a: Orthworm\n|-damage|p2a: Orthworm|0 fnt\n|faint|p2a: Orthworm\n|\n|upkeep\n|\n|t:|1781384465\n|switch|p2a: Toxtricity|Toxtricity, L82, F|257/257\n|turn|24\n|\n|t:|1781384472\n|move|p1a: Pachirisu|Super Fang|p2a: Toxtricity\n|-damage|p2a: Toxtricity|129/257\n|move|p2a: Toxtricity|Shift Gear|p2a: Toxtricity\n|-boost|p2a: Toxtricity|spe|2\n|-boost|p2a: Toxtricity|atk|1\n|\n|upkeep\n|turn|25\n|\n|t:|1781384477\n|move|p2a: Toxtricity|Boomburst|p1a: Pachirisu\n|-damage|p1a: Pachirisu|4/271\n|-enditem|p2a: Toxtricity|Throat Spray\n|-boost|p2a: Toxtricity|spa|1|[from] item: Throat Spray\n|move|p1a: Pachirisu|Super Fang|p2a: Toxtricity|[miss]\n|-miss|p1a: Pachirisu|p2a: Toxtricity\n|\n|upkeep\n|turn|26\n|\n|t:|1781384484\n|move|p2a: Toxtricity|Boomburst|p1a: Pachirisu\n|-damage|p1a: Pachirisu|0 fnt\n|faint|p1a: Pachirisu\n|\n|upkeep\n|\n|t:|1781384494\n|switch|p1a: Lokix|Lokix, L82, M|160/251\n|turn|27\n|\n|t:|1781384497\n|-terastallize|p1a: Lokix|Dark\n|move|p1a: Lokix|Sucker Punch|p2a: Toxtricity\n|-crit|p2a: Toxtricity\n|-damage|p2a: Toxtricity|0 fnt\n|faint|p2a: Toxtricity\n|-damage|p1a: Lokix|135/251|[from] item: Life Orb\n|\n|upkeep\n|\n|t:|1781384501\n|switch|p2a: Zamazenta|Zamazenta, L71|248/248\n|turn|28\n|\n|t:|1781384508\n|move|p1a: Lokix|Sucker Punch|p2a: Zamazenta\n|-resisted|p2a: Zamazenta\n|-damage|p2a: Zamazenta|126/248\n|-damage|p1a: Lokix|110/251|[from] item: Life Orb\n|move|p2a: Zamazenta|Close Combat|p1a: Lokix\n|-supereffective|p1a: Lokix\n|-damage|p1a: Lokix|0 fnt\n|-unboost|p2a: Zamazenta|def|1\n|-unboost|p2a: Zamazenta|spd|1\n|faint|p1a: Lokix\n|\n|upkeep\n|\n|t:|1781384511\n|switch|p1a: Farigiraf|Farigiraf, L90, F|229/362\n|turn|29\n|\n|t:|1781384518\n|-terastallize|p2a: Zamazenta|Steel\n|move|p1a: Farigiraf|Protect|p1a: Farigiraf\n|-singleturn|p1a: Farigiraf|Protect\n|move|p2a: Zamazenta|Close Combat|p1a: Farigiraf\n|-activate|p1a: Farigiraf|move: Protect\n|\n|-heal|p1a: Farigiraf|251/362|[from] item: Leftovers\n|upkeep\n|turn|30\n|\n|t:|1781384522\n|switch|p1a: Stonjourner|Stonjourner, L91, F|297/330\n|move|p2a: Zamazenta|Close Combat|p1a: Stonjourner\n|-supereffective|p1a: Stonjourner\n|-damage|p1a: Stonjourner|79/330\n|-unboost|p2a: Zamazenta|def|1\n|-unboost|p2a: Zamazenta|spd|1\n|\n|upkeep\n|turn|31\n|\n|t:|1781384524\n|move|p2a: Zamazenta|Close Combat|p1a: Stonjourner\n|-supereffective|p1a: Stonjourner\n|-damage|p1a: Stonjourner|0 fnt\n|-unboost|p2a: Zamazenta|def|1\n|-unboost|p2a: Zamazenta|spd|1\n|faint|p1a: Stonjourner\n|\n|upkeep\n|\n|t:|1781384525\n|switch|p1a: Farigiraf|Farigiraf, L90, F|251/362\n|turn|32\n|\n|t:|1781384527\n|move|p1a: Farigiraf|Protect|p1a: Farigiraf\n|-singleturn|p1a: Farigiraf|Protect\n|move|p2a: Zamazenta|Close Combat|p1a: Farigiraf\n|-activate|p1a: Farigiraf|move: Protect\n|\n|-heal|p1a: Farigiraf|273/362|[from] item: Leftovers\n|upkeep\n|turn|33\n|\n|t:|1781384530\n|move|p2a: Zamazenta|Close Combat|p1a: Farigiraf\n|-damage|p1a: Farigiraf|81/362\n|-unboost|p2a: Zamazenta|def|1\n|-unboost|p2a: Zamazenta|spd|1\n|move|p1a: Farigiraf|Wish|p1a: Farigiraf\n|\n|-heal|p1a: Farigiraf|103/362|[from] item: Leftovers\n|upkeep\n|turn|34\n|\n|t:|1781384533\n|move|p1a: Farigiraf|Protect|p1a: Farigiraf\n|-singleturn|p1a: Farigiraf|Protect\n|move|p2a: Zamazenta|Close Combat|p1a: Farigiraf\n|-activate|p1a: Farigiraf|move: Protect\n|\n|-heal|p1a: Farigiraf|284/362|[from] move: Wish|[wisher] Farigiraf\n|-heal|p1a: Farigiraf|306/362|[from] item: Leftovers\n|upkeep\n|turn|35\n|\n|t:|1781384537\n|-activate|p2a: Zamazenta|move: Struggle\n|move|p2a: Zamazenta|Struggle|p1a: Farigiraf\n|-damage|p1a: Farigiraf|255/362\n|-damage|p2a: Zamazenta|64/248|[from] recoil\n|move|p1a: Farigiraf|Psychic Noise|p2a: Zamazenta\n|-resisted|p2a: Zamazenta\n|-damage|p2a: Zamazenta|0 fnt\n|faint|p2a: Zamazenta\n|\n|win|Petilil37\n", "inputlog": ">version a8376a258c1d4662feba110a92103f3664a72141\n>start {\"formatid\":\"gen9randombattle\",\"seed\":\"sodium,530b1a87077334371c06b4e6bcabb457\",\"rated\":\"Rated battle\"}\n>player p1 {\"name\":\"Petilil37\",\"avatar\":\"2\",\"rating\":2060,\"seed\":\"sodium,18c8c5163786996ffeb471d6e3be2843\"}\n>player p2 {\"name\":\"Infamous20111\",\"avatar\":\"170\",\"rating\":2206,\"seed\":\"sodium,40196b11f6527cc40c2f6a25d9fb25dc\"}\n>p1 move hydropump\n>p2 move calmmind\n>p1 move tailglow\n>p2 move thunderbolt\n>p1 move hydropump\n>p2 move psychicnoise\n>p1 switch 6\n>p1 move knockoff\n>p2 switch 3\n>p1 switch 4\n>p2 move roost\n>p1 move stealthrock\n>p2 switch 4\n>p1 switch 2\n>p2 move ironhead\n>p1 move psychicnoise\n>p2 switch 3\n>p1 move protect\n>p2 move psychicnoise\n>p1 move bodyslam\n>p2 move psychicnoise\n>p2 switch 2\n>p1 move bodyslam\n>p2 move swordsdance\n>p1 move protect\n>p2 move facade\n>p1 switch 3\n>p2 move facade\n>p1 switch 4\n>p1 move suckerpunch\n>p2 move facade\n>p2 switch 4\n>p1 switch 2\n>p2 move defog\n>p1 move heatcrash\n>p2 move bodypress\n>p2 switch 3\n>p1 switch 3\n>p2 move closecombat\n>p1 move protect\n>p2 switch 5\n>p1 move wish\n>p2 move coil\n>p1 move psychicnoise\n>p2 move irontail\n>p1 switch 5\n>p2 move coil\n>p1 move thunderbolt\n>p2 move bodypress\n>p1 move thunderbolt\n>p2 move rest\n>p2 switch 6\n>p1 move superfang\n>p2 move shiftgear\n>p1 move superfang\n>p2 move boomburst\n>p1 move superfang\n>p2 move boomburst\n>p1 switch 2\n>p1 move suckerpunch terastallize\n>p2 move boomburst\n>p2 switch 5\n>p1 move suckerpunch\n>p2 move closecombat\n>p1 switch 5\n>p1 move protect\n>p2 move closecombat terastallize\n>p1 switch 3\n>p2 move closecombat\n>p1 move earthquake\n>p2 move closecombat\n>p1 switch 3\n>p1 move protect\n>p2 move closecombat\n>p1 move wish\n>p2 move closecombat\n>p1 move protect\n>p2 move closecombat\n>p1 move psychicnoise\n>p2 move struggle", "uploadtime": 1781384245, "views": 11, "formatid": "gen9randombattle", "rating": null, "private": 0, "password": null}