{"id": "gen9randombattle-2631578737", "format": "[Gen 9] Random Battle", "players": ["bluesun000", "JayCroc"], "log": "|j|\u2606bluesun000\n|j|\u2606JayCroc\n|t:|1781403908\n|gametype|singles\n|player|p1|bluesun000|palmer|1938\n|player|p2|JayCroc|ivor|1985\n|gen|9\n|tier|[Gen 9] Random Battle\n|rated|\n|rule|Species Clause: Limit one of each Pok\u00e9mon\n|rule|HP Percentage Mod: HP is shown in percentages\n|rule|Sleep Clause Mod: Limit one foe put to sleep\n|rule|Illusion Level Mod: Illusion disguises the Pok\u00e9mon's true level\n|\n|t:|1781403908\n|teamsize|p1|6\n|teamsize|p2|6\n|start\n|switch|p1a: Regice|Regice, L88|284/284\n|switch|p2a: Archaludon|Archaludon, L78, M|268/268\n|turn|1\n|inactive|Battle timer is ON: inactive players will automatically lose when time's up. (requested by bluesun000)\n|inactive|bluesun000 has 120 seconds left.\n|\n|t:|1781403943\n|switch|p1a: Dragalge|Dragalge, L88, F|258/258\n|move|p2a: Archaludon|Flash Cannon|p1a: Dragalge\n|-damage|p1a: Dragalge|216/258\n|\n|upkeep\n|turn|2\n|\n|t:|1781403957\n|move|p2a: Archaludon|Draco Meteor|p1a: Dragalge|[miss]\n|-miss|p2a: Archaludon|p1a: Dragalge\n|move|p1a: Dragalge|Focus Blast|p2a: Archaludon\n|-supereffective|p2a: Archaludon\n|-damage|p2a: Archaludon|108/268\n|-ability|p2a: Archaludon|Stamina|boost\n|-boost|p2a: Archaludon|def|1\n|\n|upkeep\n|turn|3\n|\n|t:|1781403972\n|switch|p1a: Regice|Regice, L88|284/284\n|move|p2a: Archaludon|Draco Meteor|p1a: Regice\n|-damage|p1a: Regice|215/284\n|-unboost|p2a: Archaludon|spa|2\n|\n|upkeep\n|turn|4\n|\n|t:|1781403986\n|switch|p1a: Dragalge|Dragalge, L88, F|216/258\n|move|p2a: Archaludon|Body Press|p1a: Dragalge\n|-resisted|p1a: Dragalge\n|-damage|p1a: Dragalge|175/258\n|\n|upkeep\n|turn|5\n|\n|t:|1781403994\n|switch|p2a: Noctowl|Noctowl, L95, F|344/344\n|move|p1a: Dragalge|Focus Blast|p2a: Noctowl\n|-damage|p2a: Noctowl|268/344\n|\n|upkeep\n|turn|6\n|\n|t:|1781404005\n|switch|p2a: Medicham|Medicham, L86, F|243/243\n|move|p1a: Dragalge|Sludge Wave|p2a: Medicham\n|-damage|p2a: Medicham|89/243\n|\n|upkeep\n|turn|7\n|inactive|bluesun000 has 120 seconds left.\n|\n|t:|1781404044\n|switch|p1a: Regice|Regice, L88|215/284\n|move|p2a: Medicham|Zen Headbutt|p1a: Regice\n|-damage|p1a: Regice|104/284\n|\n|upkeep\n|turn|8\n|inactive|bluesun000 has 120 seconds left.\n|inactive|bluesun000 has 90 seconds left.\n|\n|t:|1781404094\n|move|p2a: Medicham|Zen Headbutt|p1a: Regice\n|-damage|p1a: Regice|0 fnt\n|faint|p1a: Regice\n|\n|upkeep\n|\n|t:|1781404108\n|switch|p1a: Hydrapple|Hydrapple, L83, M|312/312\n|turn|9\n|\n|t:|1781404120\n|switch|p2a: Noctowl|Noctowl, L95, F|268/344\n|move|p1a: Hydrapple|Fickle Beam|p2a: Noctowl\n|-damage|p2a: Noctowl|153/344\n|\n|upkeep\n|turn|10\n|\n|t:|1781404127\n|switch|p1a: Dragalge|Dragalge, L88, F|175/258\n|move|p2a: Noctowl|Roost|p2a: Noctowl\n|-heal|p2a: Noctowl|325/344\n|-singleturn|p2a: Noctowl|move: Roost\n|\n|upkeep\n|turn|11\n|inactive|bluesun000 has 90 seconds left.\n|\n|t:|1781404138\n|move|p2a: Noctowl|Nasty Plot|p2a: Noctowl\n|-boost|p2a: Noctowl|spa|2\n|move|p1a: Dragalge|Sludge Wave|p2a: Noctowl\n|-damage|p2a: Noctowl|201/344\n|\n|upkeep\n|turn|12\n|inactive|bluesun000 has 90 seconds left.\n|\n|t:|1781404149\n|move|p2a: Noctowl|Hurricane|p1a: Dragalge|[miss]\n|-miss|p2a: Noctowl|p1a: Dragalge\n|move|p1a: Dragalge|Dragon Tail|p2a: Noctowl\n|-damage|p2a: Noctowl|103/344\n|drag|p2a: Arbok|Arbok, L87, M|246/246\n|-ability|p2a: Arbok|Intimidate|boost\n|-unboost|p1a: Dragalge|atk|1\n|\n|upkeep\n|turn|13\n|inactive|bluesun000 has 90 seconds left.\n|\n|t:|1781404164\n|switch|p1a: Phione|Phione, L91|293/293\n|move|p2a: Arbok|Earthquake|p1a: Phione\n|-damage|p1a: Phione|213/293\n|\n|-heal|p1a: Phione|231/293|[from] item: Leftovers\n|upkeep\n|turn|14\n|\n|t:|1781404171\n|move|p1a: Phione|Scald|p2a: Arbok\n|-damage|p2a: Arbok|162/246\n|move|p2a: Arbok|Trailblaze|p1a: Phione\n|-supereffective|p1a: Phione\n|-damage|p1a: Phione|157/293\n|-boost|p2a: Arbok|spe|1\n|\n|-heal|p2a: Arbok|177/246|[from] item: Leftovers\n|-heal|p1a: Phione|175/293|[from] item: Leftovers\n|upkeep\n|turn|15\n|inactive|bluesun000 has 90 seconds left.\n|\n|t:|1781404180\n|move|p2a: Arbok|Gunk Shot|p1a: Phione\n|-damage|p1a: Phione|39/293\n|move|p1a: Phione|Scald|p2a: Arbok\n|-damage|p2a: Arbok|90/246\n|\n|-heal|p2a: Arbok|105/246|[from] item: Leftovers\n|-heal|p1a: Phione|57/293|[from] item: Leftovers\n|upkeep\n|turn|16\n|inactive|bluesun000 has 90 seconds left.\n|\n|t:|1781404192\n|move|p2a: Arbok|Earthquake|p1a: Phione\n|-damage|p1a: Phione|0 fnt\n|faint|p1a: Phione\n|\n|-heal|p2a: Arbok|120/246|[from] item: Leftovers\n|upkeep\n|inactive|bluesun000 has 90 seconds left.\n|\n|t:|1781404216\n|switch|p1a: Hydrapple|Hydrapple, L83, M|312/312\n|turn|17\n|\n|t:|1781404224\n|move|p2a: Arbok|Earthquake|p1a: Hydrapple\n|-resisted|p1a: Hydrapple\n|-damage|p1a: Hydrapple|282/312\n|move|p1a: Hydrapple|Fickle Beam|p2a: Arbok\n|-damage|p2a: Arbok|0 fnt\n|faint|p2a: Arbok\n|\n|upkeep\n|\n|t:|1781404232\n|switch|p2a: Noctowl|Noctowl, L95, F|103/344\n|turn|18\n|inactive|bluesun000 has 90 seconds left.\n|\n|t:|1781404240\n|move|p2a: Noctowl|Roost|p2a: Noctowl\n|-heal|p2a: Noctowl|275/344\n|-singleturn|p2a: Noctowl|move: Roost\n|move|p1a: Hydrapple|Fickle Beam|p2a: Noctowl\n|-damage|p2a: Noctowl|163/344\n|\n|upkeep\n|turn|19\n|inactive|bluesun000 has 90 seconds left.\n|\n|t:|1781404255\n|switch|p1a: Dragalge|Dragalge, L88, F|175/258\n|move|p2a: Noctowl|Roost|p2a: Noctowl\n|-heal|p2a: Noctowl|335/344\n|-singleturn|p2a: Noctowl|move: Roost\n|\n|upkeep\n|turn|20\n|\n|t:|1781404263\n|move|p2a: Noctowl|Hurricane|p1a: Dragalge\n|-damage|p1a: Dragalge|108/258\n|move|p1a: Dragalge|Sludge Wave|p2a: Noctowl\n|-damage|p2a: Noctowl|207/344\n|\n|upkeep\n|turn|21\n|\n|t:|1781404268\n|move|p2a: Noctowl|Hyper Voice|p1a: Dragalge\n|-damage|p1a: Dragalge|51/258\n|move|p1a: Dragalge|Sludge Wave|p2a: Noctowl\n|-damage|p2a: Noctowl|91/344\n|\n|upkeep\n|turn|22\n|\n|t:|1781404279\n|move|p2a: Noctowl|Hyper Voice|p1a: Dragalge\n|-damage|p1a: Dragalge|0 fnt\n|faint|p1a: Dragalge\n|\n|upkeep\n|\n|t:|1781404292\n|switch|p1a: Jolteon|Jolteon, L84, F|246/246\n|turn|23\n|\n|t:|1781404306\n|switch|p2a: Regieleki|Regieleki, L79|256/256\n|move|p1a: Jolteon|Substitute|p1a: Jolteon\n|-start|p1a: Jolteon|Substitute\n|-damage|p1a: Jolteon|185/246\n|\n|-heal|p1a: Jolteon|200/246|[from] item: Leftovers\n|upkeep\n|turn|24\n|inactive|bluesun000 has 90 seconds left.\n|\n|t:|1781404346\n|-terastallize|p2a: Regieleki|Ice\n|move|p2a: Regieleki|Tera Blast|p1a: Jolteon|[anim] Tera Blast Ice\n|-end|p1a: Jolteon|Substitute\n|move|p1a: Jolteon|Calm Mind|p1a: Jolteon\n|-boost|p1a: Jolteon|spa|1\n|-boost|p1a: Jolteon|spd|1\n|\n|-heal|p1a: Jolteon|215/246|[from] item: Leftovers\n|upkeep\n|turn|25\n|inactive|bluesun000 has 90 seconds left.\n|\n|t:|1781404360\n|move|p2a: Regieleki|Tera Blast|p1a: Jolteon|[anim] Tera Blast Ice\n|-damage|p1a: Jolteon|166/246\n|move|p1a: Jolteon|Substitute|p1a: Jolteon\n|-start|p1a: Jolteon|Substitute\n|-damage|p1a: Jolteon|105/246\n|\n|-heal|p1a: Jolteon|120/246|[from] item: Leftovers\n|upkeep\n|turn|26\n|inactive|bluesun000 has 90 seconds left.\n|\n|t:|1781404368\n|move|p2a: Regieleki|Tera Blast|p1a: Jolteon|[anim] Tera Blast Ice\n|-activate|p1a: Jolteon|move: Substitute|[damage]\n|move|p1a: Jolteon|Calm Mind|p1a: Jolteon\n|-boost|p1a: Jolteon|spa|1\n|-boost|p1a: Jolteon|spd|1\n|\n|-heal|p1a: Jolteon|135/246|[from] item: Leftovers\n|upkeep\n|turn|27\n|\n|t:|1781404376\n|move|p2a: Regieleki|Rapid Spin|p1a: Jolteon\n|-end|p1a: Jolteon|Substitute\n|-boost|p2a: Regieleki|spe|1\n|move|p1a: Jolteon|Calm Mind|p1a: Jolteon\n|-boost|p1a: Jolteon|spa|1\n|-boost|p1a: Jolteon|spd|1\n|\n|-heal|p1a: Jolteon|150/246|[from] item: Leftovers\n|upkeep\n|turn|28\n|inactive|bluesun000 has 90 seconds left.\n|\n|t:|1781404396\n|move|p2a: Regieleki|Rapid Spin|p1a: Jolteon\n|-damage|p1a: Jolteon|110/246\n|-boost|p2a: Regieleki|spe|1\n|move|p1a: Jolteon|Substitute|p1a: Jolteon\n|-start|p1a: Jolteon|Substitute\n|-damage|p1a: Jolteon|49/246\n|\n|-heal|p1a: Jolteon|64/246|[from] item: Leftovers\n|upkeep\n|turn|29\n|inactive|bluesun000 has 90 seconds left.\n|\n|t:|1781404406\n|move|p2a: Regieleki|Rapid Spin|p1a: Jolteon\n|-activate|p1a: Jolteon|move: Substitute|[damage]\n|-boost|p2a: Regieleki|spe|1\n|move|p1a: Jolteon|Thunderbolt|p2a: Regieleki\n|-damage|p2a: Regieleki|0 fnt\n|faint|p2a: Regieleki\n|\n|-heal|p1a: Jolteon|79/246|[from] item: Leftovers\n|upkeep\n|\n|t:|1781404421\n|switch|p2a: Medicham|Medicham, L86, F|89/243\n|turn|30\n|inactive|bluesun000 has 90 seconds left.\n|\n|t:|1781404453\n|move|p2a: Medicham|Trick||[still]\n|-fail|p2a: Medicham\n|move|p1a: Jolteon|Thunderbolt|p2a: Medicham\n|-damage|p2a: Medicham|0 fnt\n|faint|p2a: Medicham\n|\n|-heal|p1a: Jolteon|94/246|[from] item: Leftovers\n|upkeep\n|-message|JayCroc forfeited.\n|\n|win|bluesun000\n", "inputlog": ">version a8376a258c1d4662feba110a92103f3664a72141\n>start {\"formatid\":\"gen9randombattle\",\"seed\":\"sodium,de9efcb271bc794b7dcec12749dbb566\",\"rated\":\"Rated battle\"}\n>player p1 {\"name\":\"bluesun000\",\"avatar\":\"palmer\",\"rating\":1938,\"seed\":\"sodium,88d985b4afb8ad6107843df388cfa983\"}\n>player p2 {\"name\":\"JayCroc\",\"avatar\":\"ivor\",\"rating\":1985,\"seed\":\"sodium,b47c91ae6da19d9cf2037937d9c7f37d\"}\n>p1 switch 6\n>p2 move flashcannon\n>p1 move focusblast\n>p2 move dracometeor\n>p1 switch 6\n>p2 move dracometeor\n>p1 switch 6\n>p2 move bodypress\n>p1 move focusblast\n>p2 switch 5\n>p1 move sludgewave\n>p2 switch 6\n>p1 switch 6\n>p2 move zenheadbutt\n>p1 move rest\n>p2 move zenheadbutt\n>p1 switch 2\n>p1 move ficklebeam\n>p2 switch 6\n>p1 switch 6\n>p2 move roost\n>p1 move sludgewave\n>p2 move nastyplot\n>p1 move dragontail\n>p2 move hurricane\n>p1 switch 3\n>p2 move earthquake\n>p1 move scald\n>p2 move trailblaze\n>p1 move scald\n>p2 move gunkshot\n>p1 move rest\n>p2 move earthquake\n>p1 switch 6\n>p1 move ficklebeam\n>p2 move earthquake\n>p2 switch 2\n>p1 move ficklebeam\n>p2 move roost\n>p1 switch 3\n>p2 move roost\n>p1 move sludgewave\n>p2 move hurricane\n>p1 move sludgewave\n>p2 move hypervoice\n>p1 move sludgewave\n>p2 move hypervoice\n>p1 switch 4\n>p1 move substitute\n>p2 switch 4\n>p1 move calmmind\n>p2 move terablast terastallize\n>p1 move substitute\n>p2 move terablast\n>p1 move calmmind\n>p2 move terablast\n>p1 move calmmind\n>p2 move rapidspin\n>p1 move substitute\n>p2 move rapidspin\n>p1 move thunderbolt\n>p2 move rapidspin\n>p2 switch 6\n>p1 move thunderbolt\n>p2 move trick\n>forcelose p2", "uploadtime": 1781403909, "views": 5, "formatid": "gen9randombattle", "rating": null, "private": 0, "password": null}