{"id": "gen9randombattle-2631944021", "format": "[Gen 9] Random Battle", "players": ["good pork", "zsmith544"], "log": "|j|\u2606good pork\n|j|\u2606zsmith544\n|t:|1781458366\n|gametype|singles\n|player|p1|good pork|ghetsis-gen5bw|2040\n|player|p2|zsmith544|101|2046\n|gen|9\n|tier|[Gen 9] Random Battle\n|rated|\n|rule|Species Clause: Limit one of each Pok\u00e9mon\n|rule|HP Percentage Mod: HP is shown in percentages\n|rule|Sleep Clause Mod: Limit one foe put to sleep\n|rule|Illusion Level Mod: Illusion disguises the Pok\u00e9mon's true level\n|\n|t:|1781458366\n|teamsize|p1|6\n|teamsize|p2|6\n|start\n|switch|p1a: Oranguru|Oranguru, L92, F|315/315\n|switch|p2a: Porygon-Z|Porygon-Z, L83|277/277\n|-ability|p2a: Porygon-Z|Download|boost\n|-boost|p2a: Porygon-Z|atk|1\n|turn|1\n|inactive|Battle timer is ON: inactive players will automatically lose when time's up. (requested by zsmith544)\n|\n|t:|1781458389\n|switch|p2a: Lurantis|Lurantis, L87, M|264/264\n|move|p1a: Oranguru|Trick|p2a: Lurantis\n|-activate|p1a: Oranguru|move: Trick|[of] p2a: Lurantis\n|-item|p2a: Lurantis|Choice Specs|[from] move: Trick\n|-item|p1a: Oranguru|Leftovers|[from] move: Trick\n|\n|upkeep\n|turn|2\n|\n|t:|1781458405\n|move|p1a: Oranguru|Psyshock|p2a: Lurantis\n|-damage|p2a: Lurantis|167/264\n|move|p2a: Lurantis|Leaf Storm|p1a: Oranguru\n|-damage|p1a: Oranguru|182/315\n|-boost|p2a: Lurantis|spa|2\n|\n|-heal|p1a: Oranguru|201/315|[from] item: Leftovers\n|upkeep\n|turn|3\n|\n|t:|1781458417\n|move|p1a: Oranguru|Psyshock|p2a: Lurantis\n|-damage|p2a: Lurantis|70/264\n|move|p2a: Lurantis|Leaf Storm|p1a: Oranguru\n|-damage|p1a: Oranguru|0 fnt\n|-boost|p2a: Lurantis|spa|2\n|faint|p1a: Oranguru\n|\n|upkeep\n|\n|t:|1781458425\n|switch|p1a: Abomasnow|Abomasnow, L84, F|287/287\n|-weather|Snowscape|[from] ability: Snow Warning|[of] p1a: Abomasnow\n|turn|4\n|\n|t:|1781458430\n|move|p1a: Abomasnow|Blizzard|p2a: Lurantis\n|-supereffective|p2a: Lurantis\n|-damage|p2a: Lurantis|0 fnt\n|faint|p2a: Lurantis\n|\n|-weather|Snowscape|[upkeep]\n|upkeep\n|\n|t:|1781458450\n|switch|p2a: Excadrill|Excadrill, L79, F|303/303\n|-ability|p2a: Excadrill|Mold Breaker\n|turn|5\n|\n|t:|1781458458\n|switch|p1a: Quagsire|Quagsire, L84, M|297/297\n|move|p2a: Excadrill|Iron Head|p1a: Quagsire\n|-resisted|p1a: Quagsire\n|-damage|p1a: Quagsire|246/297\n|\n|-weather|Snowscape|[upkeep]\n|-heal|p1a: Quagsire|264/297|[from] item: Leftovers\n|upkeep\n|turn|6\n|\n|t:|1781458469\n|switch|p2a: Porygon-Z|Porygon-Z, L83|277/277\n|-ability|p2a: Porygon-Z|Download|boost\n|-boost|p2a: Porygon-Z|spa|1\n|move|p1a: Quagsire|Earthquake|p2a: Porygon-Z\n|-damage|p2a: Porygon-Z|162/277\n|\n|-weather|Snowscape|[upkeep]\n|-heal|p1a: Quagsire|282/297|[from] item: Leftovers\n|upkeep\n|turn|7\n|\n|t:|1781458485\n|move|p2a: Porygon-Z|Tri Attack|p1a: Quagsire\n|-damage|p1a: Quagsire|141/297\n|move|p1a: Quagsire|Spikes|p2a: Porygon-Z\n|-sidestart|p2: zsmith544|Spikes\n|\n|-weather|Snowscape|[upkeep]\n|-heal|p1a: Quagsire|159/297|[from] item: Leftovers\n|upkeep\n|turn|8\n|\n|t:|1781458492\n|switch|p1a: Banette|Banette, L93, M|270/270\n|move|p2a: Porygon-Z|Tri Attack|p1a: Banette\n|-immune|p1a: Banette\n|\n|-weather|none\n|upkeep\n|turn|9\n|\n|t:|1781458504\n|switch|p2a: Electrode|Electrode, L92|260/260\n|-damage|p2a: Electrode|228/260|[from] Spikes\n|move|p1a: Banette|Poltergeist|p2a: Electrode\n|-activate|p2a: Electrode|move: Poltergeist|Life Orb\n|-damage|p2a: Electrode|12/260\n|-damage|p1a: Banette|243/270|[from] item: Life Orb\n|\n|upkeep\n|turn|10\n|\n|t:|1781458515\n|move|p1a: Banette|Shadow Sneak|p2a: Electrode\n|-damage|p2a: Electrode|0 fnt\n|-damage|p1a: Banette|176/270|[from] ability: Aftermath|[of] p2a: Electrode\n|faint|p2a: Electrode\n|-damage|p1a: Banette|149/270|[from] item: Life Orb\n|\n|upkeep\n|\n|t:|1781458528\n|switch|p2a: Porygon-Z|Porygon-Z, L83|162/277\n|-damage|p2a: Porygon-Z|128/277|[from] Spikes\n|-ability|p2a: Porygon-Z|Download|boost\n|-boost|p2a: Porygon-Z|spa|1\n|turn|11\n|\n|t:|1781458534\n|switch|p1a: Abomasnow|Abomasnow, L84, F|287/287\n|-weather|Snowscape|[from] ability: Snow Warning|[of] p1a: Abomasnow\n|move|p2a: Porygon-Z|Shadow Ball|p1a: Abomasnow\n|-damage|p1a: Abomasnow|169/287\n|\n|-weather|Snowscape|[upkeep]\n|upkeep\n|turn|12\n|\n|t:|1781458547\n|move|p2a: Porygon-Z|Shadow Ball|p1a: Abomasnow\n|-damage|p1a: Abomasnow|56/287\n|move|p1a: Abomasnow|Aurora Veil|p1a: Abomasnow\n|-sidestart|p1: good pork|move: Aurora Veil\n|\n|-weather|Snowscape|[upkeep]\n|upkeep\n|turn|13\n|\n|t:|1781458553\n|move|p2a: Porygon-Z|Shadow Ball|p1a: Abomasnow\n|-damage|p1a: Abomasnow|0 fnt\n|faint|p1a: Abomasnow\n|\n|-weather|Snowscape|[upkeep]\n|upkeep\n|\n|t:|1781458559\n|switch|p1a: Glastrier|Glastrier, L86|312/312\n|turn|14\n|\n|t:|1781458565\n|switch|p2a: Excadrill|Excadrill, L79, F|303/303\n|-damage|p2a: Excadrill|266/303|[from] Spikes\n|-ability|p2a: Excadrill|Mold Breaker\n|move|p1a: Glastrier|Swords Dance|p1a: Glastrier\n|-boost|p1a: Glastrier|atk|2\n|\n|-weather|Snowscape|[upkeep]\n|-heal|p2a: Excadrill|284/303|[from] item: Leftovers\n|upkeep\n|turn|15\n|\n|t:|1781458575\n|move|p2a: Excadrill|Iron Head|p1a: Glastrier\n|-supereffective|p1a: Glastrier\n|-damage|p1a: Glastrier|267/312\n|move|p1a: Glastrier|Close Combat|p2a: Excadrill\n|-supereffective|p2a: Excadrill\n|-damage|p2a: Excadrill|0 fnt\n|-unboost|p1a: Glastrier|def|1\n|-unboost|p1a: Glastrier|spd|1\n|faint|p2a: Excadrill\n|-ability|p1a: Glastrier|Chilling Neigh|boost\n|-boost|p1a: Glastrier|atk|1\n|\n|-weather|none\n|upkeep\n|inactive|zsmith544 has 120 seconds left.\n|\n|t:|1781458606\n|switch|p2a: Porygon-Z|Porygon-Z, L83|128/277\n|-damage|p2a: Porygon-Z|94/277|[from] Spikes\n|-ability|p2a: Porygon-Z|Download|boost\n|-boost|p2a: Porygon-Z|spa|1\n|turn|16\n|inactive|zsmith544 has 120 seconds left.\n|\n|t:|1781458613\n|move|p2a: Porygon-Z|Tri Attack|p1a: Glastrier\n|-damage|p1a: Glastrier|169/312\n|move|p1a: Glastrier|Heavy Slam|p2a: Porygon-Z\n|-damage|p2a: Porygon-Z|0 fnt\n|faint|p2a: Porygon-Z\n|-ability|p1a: Glastrier|Chilling Neigh|boost\n|-boost|p1a: Glastrier|atk|1\n|\n|upkeep\n|inactive|zsmith544 has 120 seconds left.\n|inactive|zsmith544 has 90 seconds left.\n|\n|t:|1781458648\n|switch|p2a: Articuno|Articuno-Galar, L84|288/288\n|turn|17\n|inactive|zsmith544 has 90 seconds left.\n|\n|t:|1781458663\n|-terastallize|p2a: Articuno|Steel\n|move|p2a: Articuno|Hurricane|p1a: Glastrier\n|-damage|p1a: Glastrier|76/312\n|move|p1a: Glastrier|Close Combat|p2a: Articuno\n|-supereffective|p2a: Articuno\n|-damage|p2a: Articuno|0 fnt\n|-unboost|p1a: Glastrier|def|1\n|-unboost|p1a: Glastrier|spd|1\n|faint|p2a: Articuno\n|-ability|p1a: Glastrier|Chilling Neigh|boost\n|-boost|p1a: Glastrier|atk|1\n|\n|upkeep\n|inactive|zsmith544 has 90 seconds left.\n|c|\u2606good pork|Had to do it\n|\n|t:|1781458676\n|switch|p2a: Glastrier|Glastrier, L86|312/312\n|turn|18\n|inactive|zsmith544 has 90 seconds left.\n|\n|t:|1781458685\n|move|p2a: Glastrier|Heavy Slam|p1a: Glastrier\n|-supereffective|p1a: Glastrier\n|-damage|p1a: Glastrier|11/312\n|move|p1a: Glastrier|Close Combat|p2a: Glastrier\n|-supereffective|p2a: Glastrier\n|-damage|p2a: Glastrier|0 fnt\n|-unboost|p1a: Glastrier|def|1\n|-unboost|p1a: Glastrier|spd|1\n|faint|p2a: Glastrier\n|\n|win|good pork\n", "inputlog": ">version a8376a258c1d4662feba110a92103f3664a72141\n>start {\"formatid\":\"gen9randombattle\",\"seed\":\"sodium,de9ee3aa742f4390229e2362d141c350\",\"rated\":\"Rated battle\"}\n>player p1 {\"name\":\"good pork\",\"avatar\":\"ghetsis-gen5bw\",\"rating\":2040,\"seed\":\"sodium,b830e4ad836fa105ecc2a850ef5daf30\"}\n>player p2 {\"name\":\"zsmith544\",\"avatar\":\"101\",\"rating\":2046,\"seed\":\"sodium,4b3e4c3294cff22b788725790e8043fe\"}\n>p1 move trick\n>p2 switch 5\n>p1 move psyshock\n>p2 move leafstorm\n>p1 move psyshock\n>p2 move leafstorm\n>p1 switch 5\n>p1 move blizzard\n>p2 move leafstorm\n>p2 switch 2\n>p1 switch 6\n>p2 move ironhead\n>p1 move earthquake\n>p2 switch 5\n>p1 move spikes\n>p2 move triattack\n>p1 switch 4\n>p2 move triattack\n>p1 move poltergeist\n>p2 switch 6\n>p1 move shadowsneak\n>p2 move thunderbolt\n>p2 switch 6\n>p1 switch 6\n>p2 move shadowball\n>p1 move auroraveil\n>p2 move shadowball\n>p1 move woodhammer\n>p2 move shadowball\n>p1 switch 3\n>p1 move swordsdance\n>p2 switch 5\n>p1 move closecombat\n>p2 move ironhead\n>p2 switch 5\n>p1 move heavyslam\n>p2 move triattack\n>p2 switch 4\n>p1 move closecombat\n>p2 move hurricane terastallize\n>chat \u2606good pork|Had to do it\n>p2 switch 3\n>p1 move closecombat\n>p2 move heavyslam", "uploadtime": 1781458368, "views": 4, "formatid": "gen9randombattle", "rating": null, "private": 0, "password": null}