{"id": "gen9randombattle-2631646119", "format": "[Gen 9] Random Battle", "players": ["edsheeranfan", "JhuniorCq"], "log": "|j|\u2606edsheeranfan\n|j|\u2606JhuniorCq\n|t:|1781414201\n|gametype|singles\n|player|p1|edsheeranfan|1|1903\n|player|p2|JhuniorCq|169|1976\n|gen|9\n|tier|[Gen 9] Random Battle\n|rated|\n|rule|Species Clause: Limit one of each Pok\u00e9mon\n|rule|HP Percentage Mod: HP is shown in percentages\n|rule|Sleep Clause Mod: Limit one foe put to sleep\n|rule|Illusion Level Mod: Illusion disguises the Pok\u00e9mon's true level\n|\n|t:|1781414201\n|teamsize|p1|6\n|teamsize|p2|6\n|start\n|switch|p1a: Skuntank|Skuntank, L84, M|310/310\n|switch|p2a: Raging Bolt|Raging Bolt, L78|323/323\n|turn|1\n|\n|t:|1781414218\n|move|p1a: Skuntank|Knock Off|p2a: Raging Bolt\n|-damage|p2a: Raging Bolt|217/323\n|-enditem|p2a: Raging Bolt|Assault Vest|[from] move: Knock Off|[of] p1a: Skuntank\n|move|p2a: Raging Bolt|Volt Switch|p1a: Skuntank\n|-damage|p1a: Skuntank|243/310\n|\n|t:|1781414227\n|-end|p2a: Raging Bolt|Protosynthesis|[silent]\n|switch|p2a: Scrafty|Scrafty, L83, F|244/244|[from] Volt Switch\n|-ability|p2a: Scrafty|Intimidate|boost\n|-unboost|p1a: Skuntank|atk|1\n|\n|upkeep\n|turn|2\n|inactive|Battle timer is ON: inactive players will automatically lose when time's up. (requested by JhuniorCq)\n|\n|t:|1781414247\n|switch|p1a: Rotom|Rotom-Fan, L86|226/226\n|move|p2a: Scrafty|Dragon Dance|p2a: Scrafty\n|-boost|p2a: Scrafty|atk|1\n|-boost|p2a: Scrafty|spe|1\n|\n|upkeep\n|turn|3\n|\n|t:|1781414256\n|move|p2a: Scrafty|Knock Off|p1a: Rotom\n|-damage|p1a: Rotom|103/226\n|-enditem|p1a: Rotom|Heavy-Duty Boots|[from] move: Knock Off|[of] p2a: Scrafty\n|move|p1a: Rotom|Air Slash|p2a: Scrafty\n|-supereffective|p2a: Scrafty\n|-damage|p2a: Scrafty|92/244\n|\n|-heal|p2a: Scrafty|107/244|[from] item: Leftovers\n|upkeep\n|turn|4\n|\n|t:|1781414263\n|-terastallize|p2a: Scrafty|Poison\n|move|p2a: Scrafty|Poison Jab|p1a: Rotom\n|-damage|p1a: Rotom|10/226\n|move|p1a: Rotom|Air Slash|p2a: Scrafty\n|-damage|p2a: Scrafty|37/244\n|\n|-heal|p2a: Scrafty|52/244|[from] item: Leftovers\n|upkeep\n|turn|5\n|\n|t:|1781414268\n|move|p2a: Scrafty|Drain Punch|p1a: Rotom\n|-resisted|p1a: Rotom\n|-damage|p1a: Rotom|0 fnt\n|-heal|p2a: Scrafty|57/244|[from] drain|[of] p1a: Rotom\n|faint|p1a: Rotom\n|\n|-heal|p2a: Scrafty|72/244|[from] item: Leftovers\n|upkeep\n|\n|t:|1781414272\n|switch|p1a: Azelf|Azelf, L82|257/257\n|turn|6\n|\n|t:|1781414278\n|switch|p2a: Braviary|Braviary-Hisui, L85, M|326/326\n|move|p1a: Azelf|Psychic|p2a: Braviary\n|-resisted|p2a: Braviary\n|-damage|p2a: Braviary|261/326\n|\n|upkeep\n|turn|7\n|\n|t:|1781414285\n|move|p1a: Azelf|U-turn|p2a: Braviary\n|-damage|p2a: Braviary|194/326\n|\n|t:|1781414298\n|switch|p1a: Lurantis|Lurantis, L87, M|264/264|[from] U-turn\n|move|p2a: Braviary|Hurricane|p1a: Lurantis|[miss]\n|-miss|p2a: Braviary|p1a: Lurantis\n|\n|upkeep\n|turn|8\n|\n|t:|1781414307\n|-terastallize|p1a: Lurantis|Steel\n|move|p2a: Braviary|Hurricane|p1a: Lurantis\n|-resisted|p1a: Lurantis\n|-damage|p1a: Lurantis|146/264\n|move|p1a: Lurantis|Knock Off|p2a: Braviary\n|-supereffective|p2a: Braviary\n|-damage|p2a: Braviary|4/326\n|-enditem|p2a: Braviary|Choice Specs|[from] move: Knock Off|[of] p1a: Lurantis\n|\n|upkeep\n|turn|9\n|\n|t:|1781414314\n|move|p2a: Braviary|Vacuum Wave|p1a: Lurantis\n|-supereffective|p1a: Lurantis\n|-damage|p1a: Lurantis|104/264\n|move|p1a: Lurantis|Superpower|p2a: Braviary\n|-resisted|p2a: Braviary\n|-damage|p2a: Braviary|0 fnt\n|-boost|p1a: Lurantis|atk|1\n|-boost|p1a: Lurantis|def|1\n|faint|p2a: Braviary\n|\n|upkeep\n|\n|t:|1781414320\n|switch|p2a: Passimian|Passimian, L83, F|302/302\n|turn|10\n|\n|t:|1781414324\n|switch|p1a: Azelf|Azelf, L82|257/257\n|move|p2a: Passimian|Bulk Up|p2a: Passimian\n|-boost|p2a: Passimian|atk|1\n|-boost|p2a: Passimian|def|1\n|\n|upkeep\n|turn|11\n|\n|t:|1781414329\n|switch|p2a: Scrafty|Scrafty, L83, F, tera:Poison|72/244\n|-ability|p2a: Scrafty|Intimidate|boost\n|-unboost|p1a: Azelf|atk|1\n|move|p1a: Azelf|Psychic|p2a: Scrafty\n|-supereffective|p2a: Scrafty\n|-damage|p2a: Scrafty|0 fnt\n|faint|p2a: Scrafty\n|\n|upkeep\n|c|\u2606edsheeranfan|ep\n|\n|t:|1781414333\n|switch|p2a: Necrozma|Necrozma-Dawn-Wings, L76|272/272\n|turn|12\n|\n|t:|1781414338\n|switch|p2a: Passimian|Passimian, L83, F|302/302\n|move|p1a: Azelf|U-turn|p2a: Passimian\n|-resisted|p2a: Passimian\n|-damage|p2a: Passimian|283/302\n|\n|t:|1781414341\n|switch|p1a: Gallade|Gallade, L80, M|240/240|[from] U-turn\n|\n|-heal|p2a: Passimian|301/302|[from] item: Leftovers\n|upkeep\n|turn|13\n|\n|t:|1781414346\n|move|p2a: Passimian|Gunk Shot|p1a: Gallade|[miss]\n|-miss|p2a: Passimian|p1a: Gallade\n|move|p1a: Gallade|Psycho Cut|p2a: Passimian\n|-supereffective|p2a: Passimian\n|-crit|p2a: Passimian\n|-damage|p2a: Passimian|0 fnt\n|faint|p2a: Passimian\n|-damage|p1a: Gallade|216/240|[from] item: Life Orb\n|\n|upkeep\n|-message|JhuniorCq forfeited.\n|\n|win|edsheeranfan\n", "inputlog": ">version a8376a258c1d4662feba110a92103f3664a72141\n>start {\"formatid\":\"gen9randombattle\",\"seed\":\"sodium,ab033213dc6d9cc78c1507359bc0a5d0\",\"rated\":\"Rated battle\"}\n>player p1 {\"name\":\"edsheeranfan\",\"avatar\":\"1\",\"rating\":1903,\"seed\":\"sodium,2ebb6a00d3c6c153dd5f4796a3b1390f\"}\n>player p2 {\"name\":\"JhuniorCq\",\"avatar\":\"169\",\"rating\":1976,\"seed\":\"sodium,13bc8af2fc39d084232ceba68d94b6de\"}\n>p1 move knockoff\n>p2 move voltswitch\n>p2 switch 6\n>p1 switch 3\n>p2 move dragondance\n>p1 move airslash\n>p2 move knockoff\n>p1 move airslash\n>p2 move poisonjab terastallize\n>p1 move airslash\n>p2 move drainpunch\n>p1 switch 5\n>p1 move psychic\n>p2 switch 4\n>p1 move uturn\n>p2 move hurricane\n>p1 switch 6\n>p1 move knockoff terastallize\n>p2 move hurricane\n>p1 move superpower\n>p2 move vacuumwave\n>p2 switch 3\n>p1 switch 6\n>p2 move bulkup\n>p1 move psychic\n>p2 switch 4\n>chat \u2606edsheeranfan|ep\n>p2 switch 2\n>p1 move uturn\n>p2 switch 4\n>p1 switch 4\n>p1 move psychocut\n>p2 move gunkshot\n>forcelose p2", "uploadtime": 1781414203, "views": 5, "formatid": "gen9randombattle", "rating": null, "private": 0, "password": null}