{"id": "gen9randombattle-2631575670", "format": "[Gen 9] Random Battle", "players": ["Ggstarmie", "LinkNinjaTC11"], "log": "|j|\u2606Ggstarmie\n|j|\u2606LinkNinjaTC11\n|t:|1781403480\n|gametype|singles\n|player|p1|Ggstarmie|101|2054\n|player|p2|LinkNinjaTC11|veteran|2017\n|gen|9\n|tier|[Gen 9] Random Battle\n|rated|\n|rule|Species Clause: Limit one of each Pok\u00e9mon\n|rule|HP Percentage Mod: HP is shown in percentages\n|rule|Sleep Clause Mod: Limit one foe put to sleep\n|rule|Illusion Level Mod: Illusion disguises the Pok\u00e9mon's true level\n|\n|t:|1781403480\n|teamsize|p1|6\n|teamsize|p2|6\n|start\n|switch|p1a: Tauros|Tauros-Paldea-Combat, L82, M|257/257\n|switch|p2a: Victreebel|Victreebel, L90, F|290/290\n|-ability|p1a: Tauros|Intimidate|boost\n|-unboost|p2a: Victreebel|atk|1\n|turn|1\n|inactive|Battle timer is ON: inactive players will automatically lose when time's up. (requested by LinkNinjaTC11)\n|j| chaerylxz0\n|\n|t:|1781403491\n|move|p1a: Tauros|Earthquake|p2a: Victreebel\n|-damage|p2a: Victreebel|164/290\n|move|p2a: Victreebel|Poison Jab|p1a: Tauros\n|-damage|p1a: Tauros|171/257\n|-damage|p2a: Victreebel|135/290|[from] item: Life Orb\n|\n|upkeep\n|turn|2\n|\n|t:|1781403497\n|switch|p2a: Hawlucha|Hawlucha, L80, F|256/256\n|move|p1a: Tauros|Earthquake|p2a: Hawlucha\n|-immune|p2a: Hawlucha\n|\n|upkeep\n|turn|3\n|\n|t:|1781403502\n|switch|p1a: Mimikyu|Mimikyu, L79, F|216/216\n|move|p2a: Hawlucha|Swords Dance|p2a: Hawlucha\n|-boost|p2a: Hawlucha|atk|2\n|\n|upkeep\n|turn|4\n|\n|t:|1781403507\n|move|p2a: Hawlucha|Acrobatics|p1a: Mimikyu\n|-activate|p1a: Mimikyu|ability: Disguise\n|-damage|p1a: Mimikyu|216/216\n|detailschange|p1a: Mimikyu|Mimikyu-Busted, L79, F\n|-damage|p1a: Mimikyu|189/216|[from] pokemon: Mimikyu-Busted\n|move|p1a: Mimikyu|Play Rough|p2a: Hawlucha\n|-supereffective|p2a: Hawlucha\n|-damage|p2a: Hawlucha|6/256\n|-damage|p1a: Mimikyu|168/216|[from] item: Life Orb\n|\n|upkeep\n|turn|5\n|\n|t:|1781403511\n|switch|p2a: Ursaring|Ursaring, L84, M|288/288\n|move|p1a: Mimikyu|Shadow Sneak|p2a: Ursaring\n|-immune|p2a: Ursaring\n|\n|upkeep\n|turn|6\n|\n|t:|1781403516\n|move|p1a: Mimikyu|Swords Dance|p1a: Mimikyu\n|-boost|p1a: Mimikyu|atk|2\n|move|p2a: Ursaring|Throat Chop|p1a: Mimikyu\n|-damage|p1a: Mimikyu|81/216\n|-start|p1a: Mimikyu|Throat Chop|[silent]\n|\n|upkeep\n|turn|7\n|\n|t:|1781403519\n|move|p1a: Mimikyu|Drain Punch|p2a: Ursaring\n|-supereffective|p2a: Ursaring\n|-damage|p2a: Ursaring|127/288\n|-heal|p1a: Mimikyu|162/216|[from] drain|[of] p2a: Ursaring\n|-damage|p1a: Mimikyu|141/216|[from] item: Life Orb\n|move|p2a: Ursaring|Throat Chop|p1a: Mimikyu\n|-damage|p1a: Mimikyu|60/216\n|\n|-end|p1a: Mimikyu|Throat Chop|[silent]\n|upkeep\n|turn|8\n|\n|t:|1781403522\n|move|p1a: Mimikyu|Drain Punch|p2a: Ursaring\n|-supereffective|p2a: Ursaring\n|-damage|p2a: Ursaring|0 fnt\n|-heal|p1a: Mimikyu|124/216|[from] drain|[of] p2a: Ursaring\n|faint|p2a: Ursaring\n|-damage|p1a: Mimikyu|103/216|[from] item: Life Orb\n|\n|upkeep\n|\n|t:|1781403538\n|switch|p2a: Munkidori|Munkidori, L79, M|269/269\n|turn|9\n|\n|t:|1781403541\n|move|p1a: Mimikyu|Shadow Sneak|p2a: Munkidori\n|-supereffective|p2a: Munkidori\n|-damage|p2a: Munkidori|19/269\n|-damage|p1a: Mimikyu|82/216|[from] item: Life Orb\n|move|p2a: Munkidori|Sludge Wave|p1a: Mimikyu\n|-damage|p1a: Mimikyu|0 fnt\n|faint|p1a: Mimikyu\n|-damage|p2a: Munkidori|0 fnt|[from] item: Life Orb\n|faint|p2a: Munkidori\n|\n|upkeep\n|l| chaerylxz0\n|\n|t:|1781403555\n|switch|p2a: Hawlucha|Hawlucha, L80, F|6/256\n|switch|p1a: Tauros|Tauros-Paldea-Combat, L82, M|171/257\n|-ability|p1a: Tauros|Intimidate|boost\n|-unboost|p2a: Hawlucha|atk|1\n|-enditem|p2a: Hawlucha|White Herb\n|-clearnegativeboost|p2a: Hawlucha|[silent]\n|turn|10\n|\n|t:|1781403561\n|switch|p1a: Arcanine|Arcanine-Hisui, L79, F|280/280\n|move|p2a: Hawlucha|Acrobatics|p1a: Arcanine\n|-resisted|p1a: Arcanine\n|-damage|p1a: Arcanine|226/280\n|\n|upkeep\n|turn|11\n|\n|t:|1781403566\n|switch|p2a: Minior|Minior-Green, L79|224/224\n|-formechange|p2a: Minior|Minior-Meteor||[from] ability: Shields Down\n|move|p1a: Arcanine|Extreme Speed|p2a: Minior\n|-resisted|p2a: Minior\n|-damage|p2a: Minior|198/224\n|\n|upkeep\n|turn|12\n|\n|t:|1781403571\n|move|p1a: Arcanine|Head Smash|p2a: Minior\n|-supereffective|p2a: Minior\n|-damage|p2a: Minior|0 fnt\n|faint|p2a: Minior\n|\n|upkeep\n|\n|t:|1781403577\n|switch|p2a: Typhlosion|Typhlosion, L84, M|267/267\n|turn|13\n|\n|t:|1781403592\n|switch|p2a: Victreebel|Victreebel, L90, F|135/290\n|switch|p1a: Bellossom|Bellossom, L84, M|263/263\n|\n|upkeep\n|turn|14\n|\n|t:|1781403615\n|switch|p1a: Gengar|Gengar, L81, M|230/230\n|move|p2a: Victreebel|Poison Jab|p1a: Gengar\n|-resisted|p1a: Gengar\n|-damage|p1a: Gengar|186/230\n|-damage|p2a: Victreebel|106/290|[from] item: Life Orb\n|\n|upkeep\n|turn|15\n|\n|t:|1781403620\n|move|p2a: Victreebel|Sucker Punch|p1a: Gengar\n|-supereffective|p1a: Gengar\n|-damage|p1a: Gengar|0 fnt\n|-start|p2a: Victreebel|Disable|Sucker Punch|[from] ability: Cursed Body|[of] p1a: Gengar\n|faint|p1a: Gengar\n|-damage|p2a: Victreebel|77/290|[from] item: Life Orb\n|\n|upkeep\n|inactive|Ggstarmie has 120 seconds left.\n|\n|t:|1781403655\n|switch|p1a: Tauros|Tauros-Paldea-Combat, L82, M|171/257\n|-ability|p1a: Tauros|Intimidate|boost\n|-unboost|p2a: Victreebel|atk|1\n|turn|16\n|\n|t:|1781403660\n|move|p1a: Tauros|Close Combat|p2a: Victreebel\n|-resisted|p2a: Victreebel\n|-damage|p2a: Victreebel|0 fnt\n|-unboost|p1a: Tauros|def|1\n|-unboost|p1a: Tauros|spd|1\n|faint|p2a: Victreebel\n|\n|upkeep\n|\n|t:|1781403664\n|switch|p2a: Hawlucha|Hawlucha, L80, F|6/256\n|turn|17\n|\n|t:|1781403671\n|move|p2a: Hawlucha|Close Combat|p1a: Tauros\n|-damage|p1a: Tauros|23/257\n|-unboost|p2a: Hawlucha|def|1\n|-unboost|p2a: Hawlucha|spd|1\n|move|p1a: Tauros|Close Combat|p2a: Hawlucha\n|-resisted|p2a: Hawlucha\n|-damage|p2a: Hawlucha|0 fnt\n|-unboost|p1a: Tauros|def|1\n|-unboost|p1a: Tauros|spd|1\n|faint|p2a: Hawlucha\n|\n|upkeep\n|\n|t:|1781403675\n|switch|p2a: Typhlosion|Typhlosion, L84, M|267/267\n|turn|18\n|\n|t:|1781403678\n|-terastallize|p2a: Typhlosion|Fire\n|move|p2a: Typhlosion|Eruption|p1a: Tauros\n|-damage|p1a: Tauros|0 fnt\n|faint|p1a: Tauros\n|\n|upkeep\n|\n|t:|1781403682\n|switch|p1a: Houndoom|Houndoom, L87, M|272/272\n|turn|19\n|-message|LinkNinjaTC11 forfeited.\n|\n|win|Ggstarmie\n", "uploadtime": 1781403482, "views": 3, "formatid": "gen9randombattle", "rating": null, "private": 0, "password": null}