{"id": "gen9randombattle-2632010069", "format": "[Gen 9] Random Battle", "players": ["catlib", "moenke"], "log": "|j|\u2606catlib\n|j|\u2606moenke\n|t:|1781465589\n|gametype|singles\n|player|p1|catlib|birdkeeper|2111\n|player|p2|moenke|169|2135\n|gen|9\n|tier|[Gen 9] Random Battle\n|rated|\n|rule|Species Clause: Limit one of each Pok\u00e9mon\n|rule|HP Percentage Mod: HP is shown in percentages\n|rule|Sleep Clause Mod: Limit one foe put to sleep\n|rule|Illusion Level Mod: Illusion disguises the Pok\u00e9mon's true level\n|\n|t:|1781465589\n|teamsize|p1|6\n|teamsize|p2|6\n|start\n|switch|p1a: Thundurus|Thundurus, L80, M|258/258\n|switch|p2a: Kommo-o|Kommo-o, L78, F|245/245\n|turn|1\n|inactive|Battle timer is ON: inactive players will automatically lose when time's up. (requested by catlib)\n|\n|t:|1781465607\n|move|p1a: Thundurus|Acrobatics|p2a: Kommo-o\n|-supereffective|p2a: Kommo-o\n|-damage|p2a: Kommo-o|47/245\n|move|p2a: Kommo-o|Clangorous Soul||[still]\n|-fail|p2a: Kommo-o\n|\n|upkeep\n|turn|2\n|\n|t:|1781465612\n|switch|p2a: Umbreon|Umbreon, L84, F|297/297\n|move|p1a: Thundurus|Acrobatics|p2a: Umbreon\n|-damage|p2a: Umbreon|186/297\n|\n|-heal|p2a: Umbreon|204/297|[from] item: Leftovers\n|upkeep\n|turn|3\n|\n|t:|1781465617\n|move|p1a: Thundurus|U-turn|p2a: Umbreon\n|-supereffective|p2a: Umbreon\n|-damage|p2a: Umbreon|116/297\n|\n|t:|1781465624\n|switch|p1a: Okidogi|Okidogi, L77, M|262/262|[from] U-turn\n|move|p2a: Umbreon|Foul Play|p1a: Okidogi\n|-resisted|p1a: Okidogi\n|-damage|p1a: Okidogi|208/262\n|\n|-heal|p2a: Umbreon|134/297|[from] item: Leftovers\n|upkeep\n|turn|4\n|\n|t:|1781465633\n|switch|p2a: Tentacruel|Tentacruel, L84, M|272/272\n|move|p1a: Okidogi|Knock Off|p2a: Tentacruel\n|-damage|p2a: Tentacruel|175/272\n|-enditem|p2a: Tentacruel|Assault Vest|[from] move: Knock Off|[of] p1a: Okidogi\n|\n|upkeep\n|turn|5\n|\n|t:|1781465640\n|move|p2a: Tentacruel|Surf|p1a: Okidogi\n|-damage|p1a: Okidogi|150/262\n|move|p1a: Okidogi|High Horsepower|p2a: Tentacruel|[miss]\n|-miss|p1a: Okidogi|p2a: Tentacruel\n|\n|upkeep\n|turn|6\n|\n|t:|1781465647\n|move|p2a: Tentacruel|Flip Turn|p1a: Okidogi\n|-damage|p1a: Okidogi|105/262\n|\n|t:|1781465650\n|switch|p2a: Delibird|Delibird, F|252/252|[from] Flip Turn\n|move|p1a: Okidogi|High Horsepower|p2a: Delibird\n|-immune|p2a: Delibird\n|\n|upkeep\n|turn|7\n|\n|t:|1781465668\n|move|p2a: Delibird|Spikes|p1a: Okidogi\n|-sidestart|p1: catlib|Spikes\n|move|p1a: Okidogi|Drain Punch|p2a: Delibird\n|-damage|p2a: Delibird|137/252\n|-heal|p1a: Okidogi|163/262|[from] drain|[of] p2a: Delibird\n|\n|upkeep\n|turn|8\n|\n|t:|1781465680\n|switch|p1a: Thundurus|Thundurus, L80, M|258/258\n|move|p2a: Delibird|Brave Bird|p1a: Thundurus|[miss]\n|-miss|p2a: Delibird|p1a: Thundurus\n|\n|upkeep\n|turn|9\n|\n|t:|1781465685\n|switch|p2a: Kommo-o|Kommo-o, L78, F|47/245\n|move|p1a: Thundurus|Acrobatics|p2a: Kommo-o\n|-supereffective|p2a: Kommo-o\n|-damage|p2a: Kommo-o|0 fnt\n|faint|p2a: Kommo-o\n|\n|upkeep\n|\n|t:|1781465707\n|switch|p2a: Oranguru|Oranguru, L92, M|315/315\n|turn|10\n|\n|t:|1781465715\n|move|p1a: Thundurus|U-turn|p2a: Oranguru\n|-supereffective|p2a: Oranguru\n|-damage|p2a: Oranguru|205/315\n|\n|t:|1781465723\n|switch|p1a: Okidogi|Okidogi, L77, M|163/262|[from] U-turn\n|-damage|p1a: Okidogi|131/262|[from] Spikes\n|move|p2a: Oranguru|Psyshock|p1a: Okidogi\n|-supereffective|p1a: Okidogi\n|-damage|p1a: Okidogi|0 fnt\n|faint|p1a: Okidogi\n|-damage|p2a: Oranguru|174/315|[from] item: Life Orb\n|\n|upkeep\n|\n|t:|1781465747\n|switch|p1a: Cetitan|Cetitan, L82, M|413/413\n|-damage|p1a: Cetitan|362/413|[from] Spikes\n|turn|11\n|\n|t:|1781465756\n|move|p1a: Cetitan|Icicle Crash|p2a: Oranguru\n|-damage|p2a: Oranguru|26/315\n|move|p2a: Oranguru|Hyper Voice|p1a: Cetitan\n|-damage|p1a: Cetitan|167/413\n|-damage|p2a: Oranguru|0 fnt|[from] item: Life Orb\n|faint|p2a: Oranguru\n|\n|upkeep\n|\n|t:|1781465767\n|switch|p2a: Delibird|Delibird, F|137/252\n|turn|12\n|\n|t:|1781465788\n|move|p1a: Cetitan|Ice Shard|p2a: Delibird\n|-damage|p2a: Delibird|63/252\n|-damage|p1a: Cetitan|126/413|[from] item: Life Orb\n|move|p2a: Delibird|Brave Bird|p1a: Cetitan\n|-damage|p1a: Cetitan|0 fnt\n|faint|p1a: Cetitan\n|-damage|p2a: Delibird|21/252|[from] Recoil\n|\n|upkeep\n|\n|t:|1781465796\n|switch|p1a: Thundurus|Thundurus, L80, M|258/258\n|turn|13\n|\n|t:|1781465801\n|move|p1a: Thundurus|U-turn|p2a: Delibird\n|-resisted|p2a: Delibird\n|-damage|p2a: Delibird|0 fnt\n|faint|p2a: Delibird\n|\n|t:|1781465807\n|switch|p1a: Annihilape|Annihilape, L76, F|292/292|[from] U-turn\n|-damage|p1a: Annihilape|256/292|[from] Spikes\n|\n|upkeep\n|\n|t:|1781465819\n|switch|p2a: Golduck|Golduck, L90, M|290/290\n|-ability|p2a: Golduck|Cloud Nine\n|turn|14\n|\n|t:|1781465839\n|switch|p1a: Thundurus|Thundurus, L80, M|258/258\n|move|p2a: Golduck|Nasty Plot|p2a: Golduck\n|-boost|p2a: Golduck|spa|2\n|\n|upkeep\n|turn|15\n|\n|t:|1781465847\n|move|p1a: Thundurus|Thunder Wave|p2a: Golduck\n|-status|p2a: Golduck|par\n|move|p2a: Golduck|Ice Beam|p1a: Thundurus\n|-supereffective|p1a: Thundurus\n|-damage|p1a: Thundurus|0 fnt\n|faint|p1a: Thundurus\n|-damage|p2a: Golduck|261/290 par|[from] item: Life Orb\n|\n|upkeep\n|inactive|catlib has 120 seconds left.\n|\n|t:|1781465886\n|switch|p1a: Oricorio|Oricorio-Pom-Pom, L82, F|257/257\n|turn|16\n|\n|t:|1781465892\n|move|p1a: Oricorio|Revelation Dance|p2a: Golduck\n|-supereffective|p2a: Golduck\n|-damage|p2a: Golduck|87/290 par\n|cant|p2a: Golduck|par\n|\n|upkeep\n|turn|17\n|\n|t:|1781465896\n|move|p1a: Oricorio|Revelation Dance|p2a: Golduck\n|-supereffective|p2a: Golduck\n|-damage|p2a: Golduck|0 fnt\n|faint|p2a: Golduck\n|\n|upkeep\n|\n|t:|1781465898\n|switch|p2a: Umbreon|Umbreon, L84, F|134/297\n|turn|18\n|\n|t:|1781465902\n|move|p1a: Oricorio|Quiver Dance|p1a: Oricorio\n|-boost|p1a: Oricorio|spa|1\n|-boost|p1a: Oricorio|spd|1\n|-boost|p1a: Oricorio|spe|1\n|move|p2a: Umbreon|Wish|p2a: Umbreon\n|\n|-heal|p2a: Umbreon|152/297|[from] item: Leftovers\n|upkeep\n|turn|19\n|\n|t:|1781465906\n|move|p1a: Oricorio|Quiver Dance|p1a: Oricorio\n|-boost|p1a: Oricorio|spa|1\n|-boost|p1a: Oricorio|spd|1\n|-boost|p1a: Oricorio|spe|1\n|move|p2a: Umbreon|Toxic|p1a: Oricorio\n|-status|p1a: Oricorio|tox\n|\n|-heal|p2a: Umbreon|297/297|[from] move: Wish|[wisher] Umbreon\n|-damage|p1a: Oricorio|241/257 tox|[from] psn\n|upkeep\n|turn|20\n|\n|t:|1781465909\n|move|p1a: Oricorio|Quiver Dance|p1a: Oricorio\n|-boost|p1a: Oricorio|spa|1\n|-boost|p1a: Oricorio|spd|1\n|-boost|p1a: Oricorio|spe|1\n|move|p2a: Umbreon|Wish|p2a: Umbreon\n|\n|-damage|p1a: Oricorio|209/257 tox|[from] psn\n|upkeep\n|turn|21\n|\n|t:|1781465912\n|move|p1a: Oricorio|Revelation Dance|p2a: Umbreon\n|-damage|p2a: Umbreon|141/297\n|move|p2a: Umbreon|Foul Play|p1a: Oricorio\n|-damage|p1a: Oricorio|146/257 tox\n|\n|-heal|p2a: Umbreon|289/297|[from] move: Wish|[wisher] Umbreon\n|-heal|p2a: Umbreon|297/297|[from] item: Leftovers\n|-damage|p1a: Oricorio|98/257 tox|[from] psn\n|upkeep\n|turn|22\n|\n|t:|1781465918\n|move|p1a: Oricorio|Revelation Dance|p2a: Umbreon\n|-damage|p2a: Umbreon|137/297\n|move|p2a: Umbreon|Wish|p2a: Umbreon\n|\n|-heal|p2a: Umbreon|155/297|[from] item: Leftovers\n|-damage|p1a: Oricorio|34/257 tox|[from] psn\n|upkeep\n|turn|23\n|\n|t:|1781465922\n|move|p1a: Oricorio|Revelation Dance|p2a: Umbreon\n|-damage|p2a: Umbreon|0 fnt\n|faint|p2a: Umbreon\n|\n|-damage|p1a: Oricorio|0 fnt|[from] psn\n|faint|p1a: Oricorio\n|upkeep\n|\n|t:|1781465926\n|switch|p1a: Ursaring|Ursaring, L84, F|288/288\n|switch|p2a: Tentacruel|Tentacruel, L84, M|175/272\n|-damage|p1a: Ursaring|252/288|[from] Spikes\n|turn|24\n|\n|t:|1781465933\n|-terastallize|p2a: Tentacruel|Grass\n|move|p2a: Tentacruel|Sludge Bomb|p1a: Ursaring\n|-damage|p1a: Ursaring|159/288\n|move|p1a: Ursaring|Swords Dance|p1a: Ursaring\n|-boost|p1a: Ursaring|atk|2\n|\n|-status|p1a: Ursaring|tox|[from] item: Toxic Orb\n|upkeep\n|turn|25\n|\n|t:|1781465941\n|move|p2a: Tentacruel|Rapid Spin|p1a: Ursaring\n|-damage|p1a: Ursaring|129/288 tox\n|-boost|p2a: Tentacruel|spe|1\n|move|p1a: Ursaring|Facade|p2a: Tentacruel\n|-damage|p2a: Tentacruel|0 fnt\n|faint|p2a: Tentacruel\n|\n|win|catlib\n", "inputlog": ">version a8376a258c1d4662feba110a92103f3664a72141\n>start {\"formatid\":\"gen9randombattle\",\"seed\":\"sodium,c746f95e20b002b57681312cb99b0671\",\"rated\":\"Rated battle\"}\n>player p1 {\"name\":\"catlib\",\"avatar\":\"birdkeeper\",\"rating\":2111,\"seed\":\"sodium,155937c489c8da5f849662c0e1f230d4\"}\n>player p2 {\"name\":\"moenke\",\"avatar\":\"169\",\"rating\":2135,\"seed\":\"sodium,a06159050f999df51647ad8329c84735\"}\n>p1 move acrobatics\n>p2 move clangoroussoul\n>p1 move acrobatics\n>p2 switch 4\n>p1 move uturn\n>p2 move foulplay\n>p1 switch 5\n>p1 move knockoff\n>p2 switch 3\n>p1 move highhorsepower\n>p2 move surf\n>p1 move highhorsepower\n>p2 move flipturn\n>p2 switch 5\n>p1 move drainpunch\n>p2 move spikes\n>p1 switch 5\n>p2 move bravebird\n>p1 move acrobatics\n>p2 switch 4\n>p2 switch 6\n>p1 move uturn\n>p2 move psyshock\n>p1 switch 5\n>p1 switch 4\n>p1 move iciclecrash\n>p2 move hypervoice\n>p2 switch 4\n>p1 move iceshard\n>p2 move bravebird\n>p1 switch 5\n>p1 move uturn\n>p2 move icespinner\n>p1 switch 2\n>p2 switch 2\n>p1 switch 2\n>p2 move nastyplot\n>p1 move thunderwave\n>p2 move icebeam\n>p1 switch 3\n>p1 move revelationdance\n>p2 move icebeam\n>p1 move revelationdance\n>p2 move icebeam\n>p2 switch 3\n>p1 move quiverdance\n>p2 move wish\n>p1 move quiverdance\n>p2 move toxic\n>p1 move quiverdance\n>p2 move wish\n>p1 move revelationdance\n>p2 move foulplay\n>p1 move revelationdance\n>p2 move wish\n>p1 move revelationdance\n>p2 move foulplay\n>p1 switch 6\n>p2 switch 5\n>p1 move swordsdance\n>p2 move sludgebomb terastallize\n>p1 move facade\n>p2 move rapidspin", "uploadtime": 1781465591, "views": 7, "formatid": "gen9randombattle", "rating": null, "private": 0, "password": null}