{"id": "gen9randombattle-2631951637", "format": "[Gen 9] Random Battle", "players": ["schleeby", "woopre"], "log": "|j|\u2606schleeby\n|j|\u2606woopre\n|t:|1781459199\n|gametype|singles\n|player|p1|schleeby|rosa|2083\n|player|p2|woopre|#solomodspliii|2048\n|gen|9\n|tier|[Gen 9] Random Battle\n|rated|\n|rule|Species Clause: Limit one of each Pok\u00e9mon\n|rule|HP Percentage Mod: HP is shown in percentages\n|rule|Sleep Clause Mod: Limit one foe put to sleep\n|rule|Illusion Level Mod: Illusion disguises the Pok\u00e9mon's true level\n|\n|t:|1781459199\n|teamsize|p1|6\n|teamsize|p2|6\n|start\n|switch|p1a: Necrozma|Necrozma, L80|286/286\n|switch|p2a: Gallade|Gallade, L80, M|240/240\n|turn|1\n|inactive|Battle timer is ON: inactive players will automatically lose when time's up. (requested by woopre)\n|\n|t:|1781459225\n|move|p2a: Gallade|Night Slash|p1a: Necrozma\n|-supereffective|p1a: Necrozma\n|-damage|p1a: Necrozma|132/286\n|-enditem|p1a: Necrozma|Weakness Policy\n|-boost|p1a: Necrozma|atk|2|[from] item: Weakness Policy\n|-boost|p1a: Necrozma|spa|2|[from] item: Weakness Policy\n|-damage|p2a: Gallade|216/240|[from] item: Life Orb\n|move|p1a: Necrozma|Knock Off|p2a: Gallade\n|-damage|p2a: Gallade|42/240\n|-enditem|p2a: Gallade|Life Orb|[from] move: Knock Off|[of] p1a: Necrozma\n|\n|upkeep\n|turn|2\n|\n|t:|1781459234\n|move|p2a: Gallade|Night Slash|p1a: Necrozma\n|-supereffective|p1a: Necrozma\n|-damage|p1a: Necrozma|15/286\n|move|p1a: Necrozma|Dragon Dance|p1a: Necrozma\n|-boost|p1a: Necrozma|atk|1\n|-boost|p1a: Necrozma|spe|1\n|\n|upkeep\n|turn|3\n|\n|t:|1781459242\n|move|p1a: Necrozma|Photon Geyser|p2a: Gallade\n|-crit|p2a: Gallade\n|-damage|p2a: Gallade|0 fnt\n|faint|p2a: Gallade\n|\n|upkeep\n|\n|t:|1781459245\n|switch|p2a: Registeel|Registeel, L81|262/262\n|turn|4\n|\n|t:|1781459265\n|-terastallize|p1a: Necrozma|Ground\n|-terastallize|p2a: Registeel|Fighting\n|move|p1a: Necrozma|Earthquake|p2a: Registeel\n|-damage|p2a: Registeel|87/262\n|move|p2a: Registeel|Body Press|p1a: Necrozma\n|-damage|p1a: Necrozma|0 fnt\n|faint|p1a: Necrozma\n|\n|upkeep\n|\n|t:|1781459277\n|switch|p1a: Perrserker|Perrserker, L89, M|269/269\n|turn|5\n|\n|t:|1781459291\n|switch|p2a: Charizard|Charizard, L85, F|271/271\n|move|p1a: Perrserker|Iron Head|p2a: Charizard\n|-resisted|p2a: Charizard\n|-damage|p2a: Charizard|174/271\n|-damage|p1a: Perrserker|243/269|[from] item: Life Orb\n|\n|upkeep\n|turn|6\n|\n|t:|1781459300\n|switch|p1a: Luvdisc|Luvdisc, F|247/247\n|move|p2a: Charizard|Earthquake|p1a: Luvdisc\n|-damage|p1a: Luvdisc|174/247\n|\n|upkeep\n|turn|7\n|\n|t:|1781459305\n|switch|p2a: Clodsire|Clodsire, L81, F|343/343\n|move|p1a: Luvdisc|Whirlpool|p2a: Clodsire\n|-immune|p2a: Clodsire|[from] ability: Water Absorb\n|\n|upkeep\n|turn|8\n|\n|t:|1781459314\n|switch|p1a: Hariyama|Hariyama, L87, F|392/392\n|move|p2a: Clodsire|Curse|p2a: Clodsire\n|-unboost|p2a: Clodsire|spe|1\n|-boost|p2a: Clodsire|atk|1\n|-boost|p2a: Clodsire|def|1\n|\n|-status|p1a: Hariyama|brn|[from] item: Flame Orb\n|upkeep\n|turn|9\n|\n|t:|1781459322\n|move|p1a: Hariyama|Headlong Rush|p2a: Clodsire\n|-supereffective|p2a: Clodsire\n|-damage|p2a: Clodsire|39/343\n|-unboost|p1a: Hariyama|def|1\n|-unboost|p1a: Hariyama|spd|1\n|move|p2a: Clodsire|Curse|p2a: Clodsire\n|-unboost|p2a: Clodsire|spe|1\n|-boost|p2a: Clodsire|atk|1\n|-boost|p2a: Clodsire|def|1\n|\n|-heal|p2a: Clodsire|60/343|[from] item: Leftovers\n|-damage|p1a: Hariyama|368/392 brn|[from] brn\n|upkeep\n|turn|10\n|\n|t:|1781459327\n|move|p1a: Hariyama|Facade|p2a: Clodsire\n|-damage|p2a: Clodsire|0 fnt\n|faint|p2a: Clodsire\n|\n|-damage|p1a: Hariyama|344/392 brn|[from] brn\n|upkeep\n|\n|t:|1781459334\n|switch|p2a: Charizard|Charizard, L85, F|174/271\n|turn|11\n|\n|t:|1781459338\n|switch|p1a: Luvdisc|Luvdisc, F|174/247\n|move|p2a: Charizard|Dragon Dance|p2a: Charizard\n|-boost|p2a: Charizard|atk|1\n|-boost|p2a: Charizard|spe|1\n|\n|upkeep\n|turn|12\n|\n|t:|1781459341\n|move|p2a: Charizard|Earthquake|p1a: Luvdisc\n|-damage|p1a: Luvdisc|61/247\n|move|p1a: Luvdisc|Surf|p2a: Charizard\n|-supereffective|p2a: Charizard\n|-damage|p2a: Charizard|36/271\n|\n|upkeep\n|turn|13\n|\n|t:|1781459344\n|move|p2a: Charizard|Earthquake|p1a: Luvdisc\n|-damage|p1a: Luvdisc|0 fnt\n|faint|p1a: Luvdisc\n|\n|upkeep\n|\n|t:|1781459352\n|switch|p1a: Bronzong|Bronzong, L88|261/261\n|turn|14\n|\n|t:|1781459359\n|move|p2a: Charizard|Flare Blitz|p1a: Bronzong\n|-supereffective|p1a: Bronzong\n|-damage|p1a: Bronzong|0 fnt\n|faint|p1a: Bronzong\n|-damage|p2a: Charizard|0 fnt|[from] Recoil\n|faint|p2a: Charizard\n|\n|upkeep\n|\n|t:|1781459367\n|switch|p2a: Palossand|Palossand, L89, F|296/296\n|switch|p1a: Perrserker|Perrserker, L89, M|243/269\n|turn|15\n|\n|t:|1781459375\n|move|p1a: Perrserker|Iron Head|p2a: Palossand\n|-damage|p2a: Palossand|156/296\n|-damage|p1a: Perrserker|217/269|[from] item: Life Orb\n|cant|p2a: Palossand|flinch\n|\n|-heal|p2a: Palossand|174/296|[from] item: Leftovers\n|upkeep\n|turn|16\n|\n|t:|1781459381\n|move|p1a: Perrserker|Stealth Rock|p2a: Palossand\n|-sidestart|p2: woopre|move: Stealth Rock\n|move|p2a: Palossand|Earth Power|p1a: Perrserker\n|-supereffective|p1a: Perrserker\n|-damage|p1a: Perrserker|0 fnt\n|faint|p1a: Perrserker\n|\n|-heal|p2a: Palossand|192/296|[from] item: Leftovers\n|upkeep\n|\n|t:|1781459392\n|switch|p1a: Tatsugiri|Tatsugiri, L87, F|260/260\n|turn|17\n|\n|t:|1781459416\n|move|p1a: Tatsugiri|Nasty Plot|p1a: Tatsugiri\n|-boost|p1a: Tatsugiri|spa|2\n|move|p2a: Palossand|Earth Power|p1a: Tatsugiri\n|-damage|p1a: Tatsugiri|161/260\n|\n|-heal|p2a: Palossand|210/296|[from] item: Leftovers\n|upkeep\n|turn|18\n|\n|t:|1781459427\n|move|p1a: Tatsugiri|Surf|p2a: Palossand\n|-supereffective|p2a: Palossand\n|-damage|p2a: Palossand|0 fnt\n|faint|p2a: Palossand\n|\n|upkeep\n|\n|t:|1781459430\n|switch|p2a: Vigoroth|Vigoroth, L85, M|275/275\n|-damage|p2a: Vigoroth|241/275|[from] Stealth Rock\n|turn|19\n|\n|t:|1781459437\n|switch|p2a: Registeel|Registeel, L81, tera:Fighting|87/262\n|-damage|p2a: Registeel|71/262|[from] Stealth Rock\n|move|p1a: Tatsugiri|Draco Meteor|p2a: Registeel\n|-damage|p2a: Registeel|0 fnt\n|-unboost|p1a: Tatsugiri|spa|2\n|faint|p2a: Registeel\n|\n|upkeep\n|\n|t:|1781459438\n|switch|p2a: Vigoroth|Vigoroth, L85, M|241/275\n|-damage|p2a: Vigoroth|207/275|[from] Stealth Rock\n|turn|20\n|\n|t:|1781459448\n|switch|p1a: Hariyama|Hariyama, L87, F|344/392 brn\n|move|p2a: Vigoroth|Body Slam|p1a: Hariyama\n|-damage|p1a: Hariyama|235/392 brn\n|\n|-damage|p1a: Hariyama|211/392 brn|[from] brn\n|upkeep\n|turn|21\n|\n|t:|1781459455\n|move|p2a: Vigoroth|Bulk Up|p2a: Vigoroth\n|-boost|p2a: Vigoroth|atk|1\n|-boost|p2a: Vigoroth|def|1\n|move|p1a: Hariyama|Close Combat|p2a: Vigoroth\n|-supereffective|p2a: Vigoroth\n|-damage|p2a: Vigoroth|0 fnt\n|-unboost|p1a: Hariyama|def|1\n|-unboost|p1a: Hariyama|spd|1\n|faint|p2a: Vigoroth\n|\n|win|schleeby\n", "inputlog": ">version a8376a258c1d4662feba110a92103f3664a72141\n>start {\"formatid\":\"gen9randombattle\",\"seed\":\"sodium,f12100e2cc3629364efe7ecf7dedd94f\",\"rated\":\"Rated battle\"}\n>player p1 {\"name\":\"schleeby\",\"avatar\":\"rosa\",\"rating\":2083,\"seed\":\"sodium,267ccd1f52897cc9525493fd41946966\"}\n>player p2 {\"name\":\"woopre\",\"avatar\":\"#solomodspliii\",\"rating\":2048,\"seed\":\"sodium,3e5c24eb12ebd64645ac1e7d257c95fe\"}\n>p1 move knockoff\n>p2 move nightslash\n>p1 move dragondance\n>p2 move nightslash\n>p1 move photongeyser\n>p2 move nightslash\n>p2 switch 5\n>p1 move earthquake terastallize\n>p2 move bodypress terastallize\n>p1 switch 6\n>p1 move ironhead\n>p2 switch 2\n>p1 switch 4\n>p2 move earthquake\n>p1 move whirlpool\n>p2 switch 3\n>p1 switch 5\n>p2 move curse\n>p1 move headlongrush\n>p2 move curse\n>p1 move facade\n>p2 move earthquake\n>p2 switch 3\n>p1 switch 5\n>p2 move dragondance\n>p1 move surf\n>p2 move earthquake\n>p1 move surf\n>p2 move earthquake\n>p1 switch 3\n>p1 move psychicnoise\n>p2 move flareblitz\n>p1 switch 4\n>p2 switch 4\n>p1 move ironhead\n>p2 move earthpower\n>p1 move stealthrock\n>p2 move earthpower\n>p1 switch 2\n>p1 move nastyplot\n>p2 move earthpower\n>p1 move surf\n>p2 move earthpower\n>p2 switch 6\n>p1 move dracometeor\n>p2 switch 2\n>p2 switch 2\n>p1 switch 5\n>p2 move bodyslam\n>p1 move closecombat\n>p2 move bulkup", "uploadtime": 1781459202, "views": 5, "formatid": "gen9randombattle", "rating": null, "private": 0, "password": null}