{"id": "gen9randombattle-2631487471", "format": "[Gen 9] Random Battle", "players": ["Bruhcloud", "rhinoshark007"], "log": "|badge|p2|bronze|gen9randombattle|100-9\n|uhtml|medal-msg|<div class=\"broadcast-blue\">Curious what those medals under the avatar are? PS now has Ladder Seasons! For more information, check out the <a href=\"https://www.smogon.com/forums/threads/3740067/\">thread on Smogon.</a></div>\n|j|\u2606Bruhcloud\n|j|\u2606rhinoshark007\n|t:|1781391287\n|gametype|singles\n|player|p1|Bruhcloud|n|2119\n|player|p2|rhinoshark007|elesa|2278\n|gen|9\n|tier|[Gen 9] Random Battle\n|rated|\n|rule|Species Clause: Limit one of each Pok\u00e9mon\n|rule|HP Percentage Mod: HP is shown in percentages\n|rule|Sleep Clause Mod: Limit one foe put to sleep\n|rule|Illusion Level Mod: Illusion disguises the Pok\u00e9mon's true level\n|\n|t:|1781391287\n|teamsize|p1|6\n|teamsize|p2|6\n|start\n|switch|p1a: Smeargle|Smeargle, L95, F|258/258\n|switch|p2a: Avalugg|Avalugg, L88, F|310/310\n|turn|1\n|inactive|Battle timer is ON: inactive players will automatically lose when time's up. (requested by Bruhcloud)\n|\n|t:|1781391300\n|switch|p2a: Sceptile|Sceptile, L87, F|264/264\n|move|p1a: Smeargle|Spore|p2a: Sceptile\n|-immune|p2a: Sceptile\n|\n|upkeep\n|turn|2\n|\n|t:|1781391306\n|switch|p1a: Hitmontop|Hitmontop, L88, M|231/231\n|-ability|p1a: Hitmontop|Intimidate|boost\n|-unboost|p2a: Sceptile|atk|1\n|move|p2a: Sceptile|Swords Dance|p2a: Sceptile\n|-boost|p2a: Sceptile|atk|2\n|\n|upkeep\n|turn|3\n|j| zekoby\n|\n|t:|1781391310\n|move|p2a: Sceptile|Leaf Blade|p1a: Hitmontop\n|-damage|p1a: Hitmontop|74/231\n|-damage|p2a: Sceptile|238/264|[from] item: Life Orb\n|move|p1a: Hitmontop|Close Combat|p2a: Sceptile\n|-damage|p2a: Sceptile|79/264\n|-unboost|p1a: Hitmontop|def|1\n|-unboost|p1a: Hitmontop|spd|1\n|\n|upkeep\n|turn|4\n|\n|t:|1781391315\n|move|p1a: Hitmontop|Sucker Punch|p2a: Sceptile\n|-damage|p2a: Sceptile|11/264\n|move|p2a: Sceptile|Earthquake|p1a: Hitmontop\n|-damage|p1a: Hitmontop|0 fnt\n|faint|p1a: Hitmontop\n|-damage|p2a: Sceptile|0 fnt|[from] item: Life Orb\n|faint|p2a: Sceptile\n|\n|upkeep\n|j| MrLJay\n|c| MrLJay|COME ON LADS\n|\n|t:|1781391327\n|switch|p2a: Pyroar|Pyroar, L88, M|295/295\n|switch|p1a: Polteageist|Polteageist-Antique, L78|222/222\n|-ability|p2a: Pyroar|Unnerve\n|turn|5\n|c| MrLJay|BAND FOR BAND\n|\n|t:|1781391336\n|move|p2a: Pyroar|Dark Pulse|p1a: Polteageist\n|-supereffective|p1a: Polteageist\n|-damage|p1a: Polteageist|96/222\n|-start|p2a: Pyroar|Disable|Dark Pulse|[from] ability: Cursed Body|[of] p1a: Polteageist\n|move|p1a: Polteageist|Shell Smash|p1a: Polteageist\n|-unboost|p1a: Polteageist|def|1\n|-unboost|p1a: Polteageist|spd|1\n|-boost|p1a: Polteageist|atk|2\n|-boost|p1a: Polteageist|spa|2\n|-boost|p1a: Polteageist|spe|2\n|-enditem|p1a: Polteageist|White Herb\n|-clearnegativeboost|p1a: Polteageist|[silent]\n|\n|upkeep\n|turn|6\n|\n|t:|1781391346\n|move|p1a: Polteageist|Strength Sap|p2a: Pyroar\n|-unboost|p2a: Pyroar|atk|1\n|-heal|p1a: Polteageist|220/222\n|move|p2a: Pyroar|Fire Blast|p1a: Polteageist\n|-damage|p1a: Polteageist|99/222\n|\n|upkeep\n|turn|7\n|\n|t:|1781391353\n|move|p1a: Polteageist|Stored Power|p2a: Pyroar\n|-damage|p2a: Pyroar|20/295\n|move|p2a: Pyroar|Fire Blast|p1a: Polteageist\n|-damage|p1a: Polteageist|0 fnt\n|faint|p1a: Polteageist\n|\n|upkeep\n|\n|t:|1781391361\n|switch|p1a: Veluza|Veluza, L85, F|292/292\n|turn|8\n|l| MrLJay\n|\n|t:|1781391366\n|move|p2a: Pyroar|Hyper Voice|p1a: Veluza\n|-damage|p1a: Veluza|151/292\n|move|p1a: Veluza|Fillet Away|p1a: Veluza\n|-boost|p1a: Veluza|atk|2\n|-boost|p1a: Veluza|spa|2\n|-boost|p1a: Veluza|spe|2\n|-damage|p1a: Veluza|5/292\n|\n|-end|p2a: Pyroar|Disable\n|upkeep\n|turn|9\n|\n|t:|1781391371\n|move|p1a: Veluza|Aqua Cutter|p2a: Pyroar\n|-supereffective|p2a: Pyroar\n|-damage|p2a: Pyroar|0 fnt\n|-enditem|p1a: Veluza|Sitrus Berry|[eat]\n|-heal|p1a: Veluza|78/292|[from] item: Sitrus Berry\n|faint|p2a: Pyroar\n|\n|upkeep\n|\n|t:|1781391377\n|switch|p2a: Avalugg|Avalugg, L88, F|310/310\n|turn|10\n|\n|t:|1781391382\n|move|p1a: Veluza|Psycho Cut|p2a: Avalugg\n|-damage|p2a: Avalugg|177/310\n|move|p2a: Avalugg|Rapid Spin|p1a: Veluza\n|-damage|p1a: Veluza|24/292\n|-boost|p2a: Avalugg|spe|1\n|\n|upkeep\n|turn|11\n|\n|t:|1781391391\n|move|p1a: Veluza|Psycho Cut|p2a: Avalugg\n|-damage|p2a: Avalugg|44/310\n|move|p2a: Avalugg|Rapid Spin|p1a: Veluza\n|-damage|p1a: Veluza|0 fnt\n|-boost|p2a: Avalugg|spe|1\n|faint|p1a: Veluza\n|\n|upkeep\n|\n|t:|1781391404\n|switch|p1a: Chien-Pao|Chien-Pao, L72|234/234\n|-ability|p1a: Chien-Pao|Sword of Ruin\n|turn|12\n|\n|t:|1781391416\n|move|p1a: Chien-Pao|Sacred Sword|p2a: Avalugg\n|-supereffective|p2a: Avalugg\n|-damage|p2a: Avalugg|0 fnt\n|faint|p2a: Avalugg\n|\n|upkeep\n|\n|t:|1781391422\n|switch|p2a: Delphox|Delphox, L84, M|263/263\n|turn|13\n|\n|t:|1781391430\n|switch|p1a: Smeargle|Smeargle, L95, F|258/258\n|move|p2a: Delphox|Fire Blast|p1a: Smeargle|[miss]\n|-miss|p2a: Delphox|p1a: Smeargle\n|\n|upkeep\n|turn|14\n|\n|t:|1781391434\n|move|p2a: Delphox|Fire Blast|p1a: Smeargle\n|-damage|p1a: Smeargle|74/258\n|move|p1a: Smeargle|Spore|p2a: Delphox\n|-status|p2a: Delphox|slp|[from] move: Spore\n|\n|upkeep\n|turn|15\n|\n|t:|1781391437\n|cant|p2a: Delphox|slp\n|move|p1a: Smeargle|Shell Smash|p1a: Smeargle\n|-unboost|p1a: Smeargle|def|1\n|-unboost|p1a: Smeargle|spd|1\n|-boost|p1a: Smeargle|atk|2\n|-boost|p1a: Smeargle|spa|2\n|-boost|p1a: Smeargle|spe|2\n|\n|upkeep\n|turn|16\n|\n|t:|1781391442\n|move|p1a: Smeargle|Population Bomb|p2a: Delphox\n|-damage|p2a: Delphox|224/263 slp\n|-damage|p2a: Delphox|188/263 slp\n|-damage|p2a: Delphox|148/263 slp\n|-damage|p2a: Delphox|109/263 slp\n|-damage|p2a: Delphox|73/263 slp\n|-damage|p2a: Delphox|36/263 slp\n|-damage|p2a: Delphox|0 fnt\n|faint|p2a: Delphox\n|-hitcount|p2: Delphox|7\n|\n|upkeep\n|\n|t:|1781391452\n|switch|p2a: Gogoat|Gogoat, L88, M|360/360\n|turn|17\n|\n|t:|1781391457\n|move|p1a: Smeargle|Population Bomb|p2a: Gogoat\n|-damage|p2a: Gogoat|317/360\n|-crit|p2a: Gogoat\n|-damage|p2a: Gogoat|256/360\n|-damage|p2a: Gogoat|217/360\n|-damage|p2a: Gogoat|178/360\n|-damage|p2a: Gogoat|139/360\n|-damage|p2a: Gogoat|99/360\n|-damage|p2a: Gogoat|60/360\n|-damage|p2a: Gogoat|21/360\n|-damage|p2a: Gogoat|0 fnt\n|faint|p2a: Gogoat\n|-hitcount|p2: Gogoat|9\n|\n|upkeep\n|-message|rhinoshark007 forfeited.\n|\n|win|Bruhcloud\n", "inputlog": ">version a8376a258c1d4662feba110a92103f3664a72141\n>start {\"formatid\":\"gen9randombattle\",\"seed\":\"sodium,bf32ac669b6cb297ccef9ad8a38775e5\",\"rated\":\"Rated battle\"}\n>player p1 {\"name\":\"Bruhcloud\",\"avatar\":\"n\",\"rating\":2119,\"seed\":\"sodium,4b0fd80c204165e67b7b75ab9bd628c5\"}\n>player p2 {\"name\":\"rhinoshark007\",\"avatar\":\"elesa\",\"rating\":2278,\"seed\":\"sodium,26557a0b5d29b8b0e045c7d2b12f0f21\"}\n>p1 move spore\n>p2 switch 5\n>p1 switch 4\n>p2 move swordsdance\n>p1 move closecombat\n>p2 move leafblade\n>p1 move suckerpunch\n>p2 move earthquake\n>chat  MrLJay|COME ON LADS\n>p1 switch 3\n>p2 switch 3\n>chat  MrLJay|BAND FOR BAND\n>p1 move shellsmash\n>p2 move darkpulse\n>p1 move strengthsap\n>p2 move fireblast\n>p1 move storedpower\n>p2 move fireblast\n>p1 switch 5\n>p1 move filletaway\n>p2 move hypervoice\n>p1 move aquacutter\n>p2 move hypervoice\n>p2 switch 5\n>p1 move psychocut\n>p2 move rapidspin\n>p1 move psychocut\n>p2 move rapidspin\n>p1 switch 2\n>p1 move sacredsword\n>p2 move recover\n>p2 switch 4\n>p1 switch 4\n>p2 move fireblast\n>p1 move spore\n>p2 move fireblast\n>p1 move shellsmash\n>p2 move fireblast\n>p1 move populationbomb\n>p2 move fireblast\n>p2 switch 2\n>p1 move populationbomb\n>p2 move hornleech\n>forcelose p2", "uploadtime": 1781391289, "views": 5, "formatid": "gen9randombattle", "rating": null, "private": 0, "password": null}