{"id": "gen9randombattle-2631380886", "format": "[Gen 9] Random Battle", "players": ["3kzzzzzzzz", "nano jump"], "log": "|j|\u26063kzzzzzzzz\n|j|\u2606nano jump\n|t:|1781377893\n|gametype|singles\n|player|p1|3kzzzzzzzz|janitor|2227\n|player|p2|nano jump|steven-masters|2273\n|gen|9\n|tier|[Gen 9] Random Battle\n|rated|\n|rule|Species Clause: Limit one of each Pok\u00e9mon\n|rule|HP Percentage Mod: HP is shown in percentages\n|rule|Sleep Clause Mod: Limit one foe put to sleep\n|rule|Illusion Level Mod: Illusion disguises the Pok\u00e9mon's true level\n|\n|t:|1781377893\n|teamsize|p1|6\n|teamsize|p2|6\n|start\n|switch|p1a: Entei|Entei, L78|307/307\n|switch|p2a: Raikou|Raikou, L81|278/278\n|-ability|p2a: Raikou|Pressure\n|turn|1\n|inactive|Battle timer is ON: inactive players will automatically lose when time's up. (requested by 3kzzzzzzzz)\n|inactive|nano jump has 120 seconds left.\n|\n|t:|1781377939\n|move|p2a: Raikou|Scald|p1a: Entei\n|-supereffective|p1a: Entei\n|-damage|p1a: Entei|149/307\n|move|p1a: Entei|Sacred Fire|p2a: Raikou\n|-damage|p2a: Raikou|86/278\n|\n|-heal|p2a: Raikou|103/278|[from] item: Leftovers\n|upkeep\n|turn|2\n|\n|t:|1781377944\n|switch|p1a: Ampharos|Ampharos, L88, M|302/302\n|move|p2a: Raikou|Scald|p1a: Ampharos\n|-damage|p1a: Ampharos|261/302\n|\n|-heal|p2a: Raikou|120/278|[from] item: Leftovers\n|upkeep\n|turn|3\n|\n|t:|1781377948\n|move|p2a: Raikou|Calm Mind|p2a: Raikou\n|-boost|p2a: Raikou|spa|1\n|-boost|p2a: Raikou|spd|1\n|move|p1a: Ampharos|Dazzling Gleam|p2a: Raikou\n|-damage|p2a: Raikou|73/278\n|\n|-heal|p2a: Raikou|90/278|[from] item: Leftovers\n|upkeep\n|turn|4\n|\n|t:|1781377950\n|move|p2a: Raikou|Calm Mind|p2a: Raikou\n|-boost|p2a: Raikou|spa|1\n|-boost|p2a: Raikou|spd|1\n|move|p1a: Ampharos|Dragon Tail|p2a: Raikou\n|-damage|p2a: Raikou|43/278\n|drag|p2a: Iron Moth|Iron Moth, L78|253/253\n|\n|upkeep\n|turn|5\n|\n|t:|1781377953\n|move|p2a: Iron Moth|Toxic Spikes|p1a: Ampharos\n|-sidestart|p1: 3kzzzzzzzz|move: Toxic Spikes\n|move|p1a: Ampharos|Discharge|p2a: Iron Moth\n|-damage|p2a: Iron Moth|153/253\n|-status|p2a: Iron Moth|par\n|\n|upkeep\n|turn|6\n|\n|t:|1781377958\n|move|p1a: Ampharos|Discharge|p2a: Iron Moth\n|-damage|p2a: Iron Moth|62/253 par\n|move|p2a: Iron Moth|U-turn|p1a: Ampharos\n|-damage|p1a: Ampharos|226/302\n|\n|t:|1781377960\n|-end|p2a: Iron Moth|Quark Drive|[silent]\n|switch|p2a: Raikou|Raikou, L81|43/278|[from] U-turn\n|-ability|p2a: Raikou|Pressure\n|\n|-heal|p2a: Raikou|60/278|[from] item: Leftovers\n|upkeep\n|turn|7\n|\n|t:|1781377964\n|move|p2a: Raikou|Calm Mind|p2a: Raikou\n|-boost|p2a: Raikou|spa|1\n|-boost|p2a: Raikou|spd|1\n|move|p1a: Ampharos|Dazzling Gleam|p2a: Raikou\n|-damage|p2a: Raikou|12/278\n|\n|-heal|p2a: Raikou|29/278|[from] item: Leftovers\n|upkeep\n|turn|8\n|\n|t:|1781377966\n|move|p2a: Raikou|Scald|p1a: Ampharos\n|-damage|p1a: Ampharos|169/302\n|-status|p1a: Ampharos|brn\n|move|p1a: Ampharos|Dazzling Gleam|p2a: Raikou\n|-damage|p2a: Raikou|0 fnt\n|faint|p2a: Raikou\n|\n|-damage|p1a: Ampharos|151/302 brn|[from] brn\n|upkeep\n|\n|t:|1781377971\n|switch|p2a: Archaludon|Archaludon, L78, F|268/268\n|turn|9\n|\n|t:|1781377973\n|move|p2a: Archaludon|Swords Dance|p2a: Archaludon\n|-boost|p2a: Archaludon|atk|2\n|move|p1a: Ampharos|Dragon Tail|p2a: Archaludon\n|-damage|p2a: Archaludon|253/268\n|-ability|p2a: Archaludon|Stamina|boost\n|-boost|p2a: Archaludon|def|1\n|drag|p2a: Passimian|Passimian, L83, M|302/302\n|\n|-damage|p1a: Ampharos|133/302 brn|[from] brn\n|upkeep\n|turn|10\n|\n|t:|1781377978\n|switch|p2a: Archaludon|Archaludon, L78, F|253/268\n|move|p1a: Ampharos|Discharge|p2a: Archaludon\n|-resisted|p2a: Archaludon\n|-damage|p2a: Archaludon|180/268\n|-ability|p2a: Archaludon|Stamina|boost\n|-boost|p2a: Archaludon|def|1\n|\n|-damage|p1a: Ampharos|115/302 brn|[from] brn\n|upkeep\n|turn|11\n|\n|t:|1781377981\n|move|p2a: Archaludon|Earthquake|p1a: Ampharos\n|-supereffective|p1a: Ampharos\n|-damage|p1a: Ampharos|0 fnt\n|faint|p1a: Ampharos\n|\n|upkeep\n|\n|t:|1781377988\n|switch|p1a: Reuniclus|Reuniclus, L88, F|337/337\n|-status|p1a: Reuniclus|psn\n|turn|12\n|\n|t:|1781377991\n|switch|p2a: Iron Moth|Iron Moth, L78|62/253 par\n|move|p1a: Reuniclus|Focus Blast|p2a: Iron Moth\n|-resisted|p2a: Iron Moth\n|-damage|p2a: Iron Moth|0 fnt\n|faint|p2a: Iron Moth\n|-end|p2a: Iron Moth|Quark Drive|[silent]\n|\n|upkeep\n|\n|t:|1781377996\n|switch|p2a: Toucannon|Toucannon, L88, M|284/284\n|turn|13\n|\n|t:|1781378005\n|move|p2a: Toucannon|Boomburst|p1a: Reuniclus\n|-damage|p1a: Reuniclus|201/337 psn\n|move|p1a: Reuniclus|Psychic|p2a: Toucannon\n|-damage|p2a: Toucannon|103/284\n|\n|upkeep\n|turn|14\n|\n|t:|1781378011\n|-singleturn|p2a: Toucannon|move: Beak Blast\n|move|p1a: Reuniclus|Recover|p1a: Reuniclus\n|-heal|p1a: Reuniclus|337/337 psn\n|move|p2a: Toucannon|Beak Blast|p1a: Reuniclus\n|-damage|p1a: Reuniclus|180/337 psn\n|\n|upkeep\n|turn|15\n|\n|t:|1781378015\n|move|p2a: Toucannon|Boomburst|p1a: Reuniclus\n|-damage|p1a: Reuniclus|41/337 psn\n|move|p1a: Reuniclus|Recover|p1a: Reuniclus\n|-heal|p1a: Reuniclus|210/337 psn\n|\n|upkeep\n|turn|16\n|\n|t:|1781378017\n|-singleturn|p2a: Toucannon|move: Beak Blast\n|move|p1a: Reuniclus|Calm Mind|p1a: Reuniclus\n|-boost|p1a: Reuniclus|spa|1\n|-boost|p1a: Reuniclus|spd|1\n|move|p2a: Toucannon|Beak Blast|p1a: Reuniclus\n|-damage|p1a: Reuniclus|62/337 psn\n|\n|upkeep\n|turn|17\n|\n|t:|1781378019\n|move|p2a: Toucannon|Boomburst|p1a: Reuniclus\n|-damage|p1a: Reuniclus|0 fnt\n|faint|p1a: Reuniclus\n|\n|upkeep\n|\n|t:|1781378024\n|switch|p1a: Noivern|Noivern, L82, M|274/274\n|turn|18\n|\n|t:|1781378027\n|move|p1a: Noivern|Hurricane|p2a: Toucannon\n|-damage|p2a: Toucannon|0 fnt\n|faint|p2a: Toucannon\n|\n|upkeep\n|\n|t:|1781378029\n|switch|p2a: Blastoise|Blastoise, L80, F|258/258\n|turn|19\n|\n|t:|1781378034\n|move|p1a: Noivern|Draco Meteor|p2a: Blastoise\n|-damage|p2a: Blastoise|128/258\n|-unboost|p1a: Noivern|spa|2\n|move|p2a: Blastoise|Shell Smash|p2a: Blastoise\n|-unboost|p2a: Blastoise|def|1\n|-unboost|p2a: Blastoise|spd|1\n|-boost|p2a: Blastoise|atk|2\n|-boost|p2a: Blastoise|spa|2\n|-boost|p2a: Blastoise|spe|2\n|-enditem|p2a: Blastoise|White Herb\n|-clearnegativeboost|p2a: Blastoise|[silent]\n|\n|upkeep\n|turn|20\n|\n|t:|1781378041\n|move|p2a: Blastoise|Ice Beam|p1a: Noivern\n|-supereffective|p1a: Noivern\n|-damage|p1a: Noivern|0 fnt\n|faint|p1a: Noivern\n|\n|upkeep\n|\n|t:|1781378046\n|switch|p1a: Kyogre|Kyogre, L71|259/259\n|-status|p1a: Kyogre|psn\n|-weather|RainDance|[from] ability: Drizzle|[of] p1a: Kyogre\n|turn|21\n|\n|t:|1781378052\n|-terastallize|p2a: Blastoise|Ground\n|move|p2a: Blastoise|Earthquake|p1a: Kyogre\n|-damage|p1a: Kyogre|72/259 psn\n|move|p1a: Kyogre|Origin Pulse|p2a: Blastoise\n|-supereffective|p2a: Blastoise\n|-damage|p2a: Blastoise|0 fnt\n|faint|p2a: Blastoise\n|\n|-weather|RainDance|[upkeep]\n|-damage|p1a: Kyogre|40/259 psn|[from] psn\n|upkeep\n|\n|t:|1781378059\n|switch|p2a: Archaludon|Archaludon, L78, F|180/268\n|turn|22\n|\n|t:|1781378063\n|move|p1a: Kyogre|Origin Pulse|p2a: Archaludon\n|-resisted|p2a: Archaludon\n|-damage|p2a: Archaludon|50/268\n|-ability|p2a: Archaludon|Stamina|boost\n|-boost|p2a: Archaludon|def|1\n|move|p2a: Archaludon|Earthquake|p1a: Kyogre\n|-damage|p1a: Kyogre|0 fnt\n|faint|p1a: Kyogre\n|\n|-weather|RainDance|[upkeep]\n|upkeep\n|\n|t:|1781378069\n|switch|p1a: Chandelure|Chandelure, L83, M|235/235\n|turn|23\n|\n|t:|1781378072\n|move|p1a: Chandelure|Shadow Ball|p2a: Archaludon\n|-damage|p2a: Archaludon|0 fnt\n|faint|p2a: Archaludon\n|\n|-weather|RainDance|[upkeep]\n|upkeep\n|\n|t:|1781378073\n|switch|p2a: Passimian|Passimian, L83, M|302/302\n|turn|24\n|\n|t:|1781378084\n|-terastallize|p1a: Chandelure|Grass\n|move|p2a: Passimian|Bulk Up|p2a: Passimian\n|-boost|p2a: Passimian|atk|1\n|-boost|p2a: Passimian|def|1\n|move|p1a: Chandelure|Energy Ball|p2a: Passimian\n|-damage|p2a: Passimian|128/302\n|\n|-weather|RainDance|[upkeep]\n|-heal|p2a: Passimian|146/302|[from] item: Leftovers\n|upkeep\n|turn|25\n|\n|t:|1781378092\n|move|p2a: Passimian|Gunk Shot|p1a: Chandelure\n|-supereffective|p1a: Chandelure\n|-damage|p1a: Chandelure|0 fnt\n|faint|p1a: Chandelure\n|\n|-weather|none\n|-heal|p2a: Passimian|164/302|[from] item: Leftovers\n|upkeep\n|\n|t:|1781378094\n|switch|p1a: Entei|Entei, L78|149/307\n|-status|p1a: Entei|psn\n|turn|26\n|\n|t:|1781378100\n|move|p1a: Entei|Flare Blitz|p2a: Passimian\n|-damage|p2a: Passimian|32/302\n|-damage|p1a: Entei|105/307 psn|[from] Recoil\n|move|p2a: Passimian|Drain Punch|p1a: Entei\n|-damage|p1a: Entei|0 fnt\n|-heal|p2a: Passimian|85/302|[from] drain|[of] p1a: Entei\n|faint|p1a: Entei\n|\n|win|nano jump\n", "inputlog": ">version a8376a258c1d4662feba110a92103f3664a72141\n>start {\"formatid\":\"gen9randombattle\",\"seed\":\"sodium,bc8133f5204dc8da7655a0d17314404a\",\"rated\":\"Rated battle\"}\n>player p1 {\"name\":\"3kzzzzzzzz\",\"avatar\":\"janitor\",\"rating\":2227,\"seed\":\"sodium,81829903df82059265416e9d8ab10950\"}\n>player p2 {\"name\":\"nano jump\",\"avatar\":\"steven-masters\",\"rating\":2273,\"seed\":\"sodium,3b2b75ea26f066d2bea155de06198ba6\"}\n>p1 move sacredfire\n>p2 move scald\n>p1 switch 2\n>p2 move scald\n>p1 move dazzlinggleam\n>p2 move calmmind\n>p1 move dragontail\n>p2 move calmmind\n>p1 move discharge\n>p2 move toxicspikes\n>p1 move discharge\n>p2 move uturn\n>p2 switch 4\n>p1 move dazzlinggleam\n>p2 move calmmind\n>p1 move dazzlinggleam\n>p2 move scald\n>p2 switch 3\n>p1 move dragontail\n>p2 move swordsdance\n>p1 move discharge\n>p2 switch 5\n>p1 move dragontail\n>p2 move earthquake\n>p1 switch 6\n>p1 move focusblast\n>p2 switch 4\n>p2 switch 6\n>p1 move psychic\n>p2 move boomburst\n>p1 move recover\n>p2 move beakblast\n>p1 move recover\n>p2 move boomburst\n>p1 move calmmind\n>p2 move beakblast\n>p1 move recover\n>p2 move boomburst\n>p1 switch 4\n>p1 move hurricane\n>p2 move roost\n>p2 switch 2\n>p1 move dracometeor\n>p2 move shellsmash\n>p1 move defog\n>p2 move icebeam\n>p1 switch 5\n>p1 move originpulse\n>p2 move earthquake terastallize\n>p2 switch 4\n>p1 move originpulse\n>p2 move earthquake\n>p1 switch 3\n>p1 move shadowball\n>p2 move earthquake\n>p2 switch 5\n>p1 move energyball terastallize\n>p2 move bulkup\n>p1 move energyball\n>p2 move gunkshot\n>p1 switch 2\n>p1 move flareblitz\n>p2 move drainpunch", "uploadtime": 1781377897, "views": 8, "formatid": "gen9randombattle", "rating": null, "private": 0, "password": null}