{"id": "gen9randombattle-2631970369", "format": "[Gen 9] Random Battle", "players": ["centrallimittheory", "Okidoyuuki"], "log": "|j|\u2606centrallimittheory\n|j|\u2606Okidoyuuki\n|t:|1781461230\n|gametype|singles\n|player|p1|centrallimittheory|crasherwake|1976\n|player|p2|Okidoyuuki|2|1999\n|gen|9\n|tier|[Gen 9] Random Battle\n|rated|\n|rule|Species Clause: Limit one of each Pok\u00e9mon\n|rule|HP Percentage Mod: HP is shown in percentages\n|rule|Sleep Clause Mod: Limit one foe put to sleep\n|rule|Illusion Level Mod: Illusion disguises the Pok\u00e9mon's true level\n|\n|t:|1781461230\n|teamsize|p1|6\n|teamsize|p2|6\n|start\n|switch|p1a: Vaporeon|Vaporeon, L86, F|364/364\n|switch|p2a: Electrode|Electrode, L92|260/260\n|turn|1\n|inactive|Battle timer is ON: inactive players will automatically lose when time's up. (requested by centrallimittheory)\n|\n|t:|1781461237\n|switch|p1a: Camerupt|Camerupt, L91, F|275/275\n|move|p2a: Electrode|Volt Switch|p1a: Camerupt\n|-immune|p1a: Camerupt\n|\n|upkeep\n|turn|2\n|\n|t:|1781461242\n|move|p2a: Electrode|Taunt|p1a: Camerupt\n|-start|p1a: Camerupt|move: Taunt\n|cant|p1a: Camerupt|move: Taunt|Stealth Rock\n|\n|upkeep\n|turn|3\n|\n|t:|1781461251\n|switch|p2a: Toucannon|Toucannon, L88, F|284/284\n|move|p1a: Camerupt|Overheat|p2a: Toucannon\n|-damage|p2a: Toucannon|94/284\n|-unboost|p1a: Camerupt|spa|2\n|\n|upkeep\n|turn|4\n|\n|t:|1781461258\n|move|p2a: Toucannon|Roost|p2a: Toucannon\n|-heal|p2a: Toucannon|236/284\n|-singleturn|p2a: Toucannon|move: Roost\n|move|p1a: Camerupt|Earthquake|p2a: Toucannon\n|-damage|p2a: Toucannon|106/284\n|\n|-end|p1a: Camerupt|move: Taunt\n|upkeep\n|turn|5\n|\n|t:|1781461269\n|move|p2a: Toucannon|Boomburst|p1a: Camerupt\n|-damage|p1a: Camerupt|143/275\n|move|p1a: Camerupt|Stealth Rock|p2a: Toucannon\n|-sidestart|p2: Okidoyuuki|move: Stealth Rock\n|\n|-heal|p1a: Camerupt|160/275|[from] item: Leftovers\n|upkeep\n|turn|6\n|\n|t:|1781461281\n|switch|p1a: Minun|Minun, L95, M|268/268\n|-singleturn|p2a: Toucannon|move: Beak Blast\n|move|p2a: Toucannon|Beak Blast|p1a: Minun\n|-resisted|p1a: Minun\n|-damage|p1a: Minun|185/268\n|\n|upkeep\n|turn|7\n|\n|t:|1781461289\n|switch|p1a: Camerupt|Camerupt, L91, F|160/275\n|move|p2a: Toucannon|Boomburst|p1a: Camerupt\n|-damage|p1a: Camerupt|19/275\n|\n|-heal|p1a: Camerupt|36/275|[from] item: Leftovers\n|upkeep\n|turn|8\n|\n|t:|1781461300\n|move|p2a: Toucannon|Boomburst|p1a: Camerupt\n|-damage|p1a: Camerupt|0 fnt\n|faint|p1a: Camerupt\n|\n|upkeep\n|\n|t:|1781461305\n|switch|p1a: Iron Boulder|Iron Boulder, L77|265/265\n|turn|9\n|\n|t:|1781461309\n|-singleturn|p2a: Toucannon|move: Beak Blast\n|move|p1a: Iron Boulder|Mighty Cleave|p2a: Toucannon\n|-supereffective|p2a: Toucannon\n|-damage|p2a: Toucannon|0 fnt\n|-status|p1a: Iron Boulder|brn\n|faint|p2a: Toucannon\n|-damage|p1a: Iron Boulder|239/265 brn|[from] item: Life Orb\n|\n|-damage|p1a: Iron Boulder|223/265 brn|[from] brn\n|upkeep\n|\n|t:|1781461320\n|switch|p2a: Gogoat|Gogoat, L88, M|360/360\n|-damage|p2a: Gogoat|315/360|[from] Stealth Rock\n|turn|10\n|\n|t:|1781461325\n|-end|p1a: Iron Boulder|Quark Drive|[silent]\n|switch|p1a: Minun|Minun, L95, M|185/268\n|move|p2a: Gogoat|Bulk Up|p2a: Gogoat\n|-boost|p2a: Gogoat|atk|1\n|-boost|p2a: Gogoat|def|1\n|\n|-heal|p2a: Gogoat|337/360|[from] item: Leftovers\n|upkeep\n|turn|11\n|\n|t:|1781461335\n|move|p1a: Minun|Encore|p2a: Gogoat\n|-start|p2a: Gogoat|Encore\n|move|p2a: Gogoat|Bulk Up|p2a: Gogoat\n|-boost|p2a: Gogoat|atk|1\n|-boost|p2a: Gogoat|def|1\n|\n|-heal|p2a: Gogoat|359/360|[from] item: Leftovers\n|upkeep\n|turn|12\n|\n|t:|1781461343\n|switch|p2a: Gumshoos|Gumshoos, L95, M|321/321\n|-damage|p2a: Gumshoos|281/321|[from] Stealth Rock\n|move|p1a: Minun|Nasty Plot|p1a: Minun\n|-boost|p1a: Minun|spa|2\n|\n|upkeep\n|turn|13\n|\n|t:|1781461357\n|move|p1a: Minun|Thunderbolt|p2a: Gumshoos\n|-damage|p2a: Gumshoos|0 fnt\n|faint|p2a: Gumshoos\n|-damage|p1a: Minun|159/268|[from] item: Life Orb\n|\n|upkeep\n|\n|t:|1781461367\n|switch|p2a: Serperior|Serperior, L79, F|248/248\n|-damage|p2a: Serperior|217/248|[from] Stealth Rock\n|turn|14\n|\n|t:|1781461388\n|switch|p1a: Iron Boulder|Iron Boulder, L77|223/265 brn\n|move|p2a: Serperior|Leaf Storm|p1a: Iron Boulder\n|-supereffective|p1a: Iron Boulder\n|-damage|p1a: Iron Boulder|47/265 brn\n|-boost|p2a: Serperior|spa|2\n|\n|-heal|p2a: Serperior|232/248|[from] item: Leftovers\n|-damage|p1a: Iron Boulder|31/265 brn|[from] brn\n|upkeep\n|turn|15\n|\n|t:|1781461397\n|move|p1a: Iron Boulder|Zen Headbutt|p2a: Serperior|[miss]\n|-miss|p1a: Iron Boulder|p2a: Serperior\n|move|p2a: Serperior|Substitute|p2a: Serperior\n|-start|p2a: Serperior|Substitute\n|-damage|p2a: Serperior|170/248\n|\n|-heal|p2a: Serperior|185/248|[from] item: Leftovers\n|-damage|p1a: Iron Boulder|15/265 brn|[from] brn\n|upkeep\n|turn|16\n|\n|t:|1781461407\n|move|p1a: Iron Boulder|Mighty Cleave|p2a: Serperior\n|-end|p2a: Serperior|Substitute\n|-damage|p1a: Iron Boulder|0 fnt|[from] item: Life Orb\n|faint|p1a: Iron Boulder\n|-end|p1a: Iron Boulder|Quark Drive|[silent]\n|move|p2a: Serperior|Leaf Storm|p1: Iron Boulder|[notarget]\n|-fail|p2a: Serperior\n|\n|-heal|p2a: Serperior|200/248|[from] item: Leftovers\n|upkeep\n|\n|t:|1781461418\n|switch|p1a: Hoopa|Hoopa-Unbound, L80|259/259\n|turn|17\n|\n|t:|1781461423\n|move|p2a: Serperior|Leaf Storm|p1a: Hoopa\n|-damage|p1a: Hoopa|94/259\n|-boost|p2a: Serperior|spa|2\n|move|p1a: Hoopa|Hyperspace Fury|p2a: Serperior\n|-damage|p2a: Serperior|0 fnt\n|-unboost|p1a: Hoopa|def|1\n|faint|p2a: Serperior\n|\n|upkeep\n|\n|t:|1781461433\n|switch|p2a: Electrode|Electrode, L92|260/260\n|-damage|p2a: Electrode|228/260|[from] Stealth Rock\n|turn|18\n|\n|t:|1781461440\n|move|p2a: Electrode|Tera Blast|p1a: Hoopa\n|-damage|p1a: Hoopa|32/259\n|-damage|p2a: Electrode|202/260|[from] item: Life Orb\n|move|p1a: Hoopa|Hyperspace Fury|p2a: Electrode\n|-damage|p2a: Electrode|0 fnt\n|-unboost|p1a: Hoopa|def|1\n|faint|p2a: Electrode\n|\n|upkeep\n|\n|t:|1781461453\n|switch|p2a: Gogoat|Gogoat, L88, M|359/360\n|-damage|p2a: Gogoat|314/360|[from] Stealth Rock\n|turn|19\n|inactive|centrallimittheory has 120 seconds left.\n|\n|t:|1781461499\n|-terastallize|p1a: Hoopa|Dark\n|move|p1a: Hoopa|Hyperspace Fury|p2a: Gogoat\n|-damage|p2a: Gogoat|0 fnt\n|-unboost|p1a: Hoopa|def|1\n|faint|p2a: Gogoat\n|\n|upkeep\n|\n|t:|1781461505\n|switch|p2a: Perrserker|Perrserker, L89, F|269/269\n|-damage|p2a: Perrserker|253/269|[from] Stealth Rock\n|turn|20\n|\n|t:|1781461509\n|move|p1a: Hoopa|Hyperspace Fury|p2a: Perrserker\n|-damage|p2a: Perrserker|0 fnt\n|-unboost|p1a: Hoopa|def|1\n|faint|p2a: Perrserker\n|\n|win|centrallimittheory\n", "inputlog": ">version a8376a258c1d4662feba110a92103f3664a72141\n>start {\"formatid\":\"gen9randombattle\",\"seed\":\"sodium,35dbe7c0153a8b17d3f712dd5acc92e2\",\"rated\":\"Rated battle\"}\n>player p1 {\"name\":\"centrallimittheory\",\"avatar\":\"crasherwake\",\"rating\":1976,\"seed\":\"sodium,d10cb14df41ef353b3efc0f0b0929f0a\"}\n>player p2 {\"name\":\"Okidoyuuki\",\"avatar\":\"2\",\"rating\":1999,\"seed\":\"sodium,0686a876f672102c5b012720b84ae01f\"}\n>p1 switch 6\n>p2 move voltswitch\n>p1 move stealthrock\n>p2 move taunt\n>p1 move overheat\n>p2 switch 5\n>p1 move earthquake\n>p2 move roost\n>p1 move stealthrock\n>p2 move boomburst\n>p1 switch 2\n>p2 move beakblast\n>p1 switch 2\n>p2 move boomburst\n>p1 move earthquake\n>p2 move boomburst\n>p1 switch 4\n>p1 move mightycleave\n>p2 move beakblast\n>p2 switch 4\n>p1 switch 2\n>p2 move bulkup\n>p1 move encore\n>p2 move earthquake\n>p1 move nastyplot\n>p2 switch 3\n>p1 move thunderbolt\n>p2 move doubleedge\n>p2 switch 2\n>p1 switch 2\n>p2 move leafstorm\n>p1 move zenheadbutt\n>p2 move substitute\n>p1 move mightycleave\n>p2 move leafstorm\n>p1 switch 3\n>p1 move hyperspacefury\n>p2 move leafstorm\n>p2 switch 5\n>p1 move hyperspacefury\n>p2 move terablast\n>p2 switch 3\n>p1 move hyperspacefury terastallize\n>p2 move hornleech\n>p2 switch 6\n>p1 move hyperspacefury\n>p2 move ironhead", "uploadtime": 1781461233, "views": 8, "formatid": "gen9randombattle", "rating": null, "private": 0, "password": null}