{"id": "gen9randombattle-2631742111", "format": "[Gen 9] Random Battle", "players": ["medo6037", "EnthusiastAmateur"], "log": "|j|\u2606medo6037\n|j|\u2606EnthusiastAmateur\n|t:|1781432173\n|gametype|singles\n|player|p1|medo6037|n|2207\n|player|p2|EnthusiastAmateur|266|2130\n|gen|9\n|tier|[Gen 9] Random Battle\n|rated|\n|rule|Species Clause: Limit one of each Pok\u00e9mon\n|rule|HP Percentage Mod: HP is shown in percentages\n|rule|Sleep Clause Mod: Limit one foe put to sleep\n|rule|Illusion Level Mod: Illusion disguises the Pok\u00e9mon's true level\n|\n|t:|1781432173\n|teamsize|p1|6\n|teamsize|p2|6\n|start\n|switch|p1a: Leavanny|Leavanny, L86, F|269/269\n|switch|p2a: Giratina|Giratina-Origin, L72|335/335\n|turn|1\n|inactive|Battle timer is ON: inactive players will automatically lose when time's up. (requested by EnthusiastAmateur)\n|inactive|EnthusiastAmateur has 120 seconds left.\n|\n|t:|1781432209\n|switch|p2a: Houndoom|Houndoom, L87, F|272/272\n|move|p1a: Leavanny|Triple Axel|p2a: Houndoom\n|-resisted|p2a: Houndoom\n|-damage|p2a: Houndoom|261/272\n|-resisted|p2a: Houndoom\n|-damage|p2a: Houndoom|239/272\n|-resisted|p2a: Houndoom\n|-damage|p2a: Houndoom|208/272\n|-hitcount|p2a: Houndoom|3\n|\n|upkeep\n|turn|2\n|\n|t:|1781432227\n|switch|p1a: Vaporeon|Vaporeon, L86, M|364/364\n|move|p2a: Houndoom|Nasty Plot|p2a: Houndoom\n|-boost|p2a: Houndoom|spa|2\n|\n|upkeep\n|turn|3\n|\n|t:|1781432248\n|switch|p2a: Trevenant|Trevenant, L89, F|296/296\n|move|p1a: Vaporeon|Roar|p2a: Trevenant\n|drag|p2a: Cresselia|Cresselia, L80, F|323/323\n|\n|upkeep\n|turn|4\n|\n|t:|1781432256\n|switch|p2a: Trevenant|Trevenant, L89, F|296/296\n|move|p1a: Vaporeon|Scald|p2a: Trevenant\n|-resisted|p2a: Trevenant\n|-damage|p2a: Trevenant|247/296\n|\n|upkeep\n|turn|5\n|\n|t:|1781432265\n|move|p1a: Vaporeon|Protect|p1a: Vaporeon\n|-singleturn|p1a: Vaporeon|Protect\n|move|p2a: Trevenant|Poltergeist|p1a: Vaporeon\n|-activate|p1a: Vaporeon|move: Protect\n|\n|upkeep\n|turn|6\n|\n|t:|1781432274\n|switch|p1a: Leavanny|Leavanny, L86, F|269/269\n|move|p2a: Trevenant|Poltergeist|p1a: Leavanny\n|-activate|p1a: Leavanny|move: Poltergeist|Loaded Dice\n|-damage|p1a: Leavanny|62/269\n|-damage|p2a: Trevenant|218/296|[from] item: Life Orb\n|\n|upkeep\n|turn|7\n|\n|t:|1781432288\n|move|p1a: Leavanny|Knock Off|p2a: Trevenant\n|-supereffective|p2a: Trevenant\n|-damage|p2a: Trevenant|48/296\n|-enditem|p2a: Trevenant|Life Orb|[from] move: Knock Off|[of] p1a: Leavanny\n|move|p2a: Trevenant|Poltergeist|p1a: Leavanny\n|-activate|p1a: Leavanny|move: Poltergeist|Loaded Dice\n|-damage|p1a: Leavanny|0 fnt\n|faint|p1a: Leavanny\n|\n|upkeep\n|\n|t:|1781432317\n|switch|p1a: Passimian|Passimian, L83, F|302/302\n|turn|8\n|\n|t:|1781432327\n|switch|p2a: Giratina|Giratina-Origin, L72|335/335\n|move|p1a: Passimian|U-turn|p2a: Giratina\n|-resisted|p2a: Giratina\n|-damage|p2a: Giratina|302/335\n|\n|t:|1781432339\n|switch|p1a: Vaporeon|Vaporeon, L86, M|364/364|[from] U-turn\n|\n|upkeep\n|turn|9\n|\n|t:|1781432348\n|move|p1a: Vaporeon|Scald|p2a: Giratina\n|-resisted|p2a: Giratina\n|-damage|p2a: Giratina|251/335\n|move|p2a: Giratina|Dragon Tail|p1a: Vaporeon\n|-damage|p1a: Vaporeon|282/364\n|drag|p1a: Passimian|Passimian, L83, F|302/302\n|\n|upkeep\n|turn|10\n|\n|t:|1781432364\n|move|p1a: Passimian|U-turn|p2a: Giratina\n|-resisted|p2a: Giratina\n|-damage|p2a: Giratina|222/335\n|\n|t:|1781432367\n|switch|p1a: Vaporeon|Vaporeon, L86, M|282/364|[from] U-turn\n|move|p2a: Giratina|Poltergeist|p1a: Vaporeon\n|-activate|p1a: Vaporeon|move: Poltergeist|Leftovers\n|-damage|p1a: Vaporeon|126/364\n|\n|-heal|p1a: Vaporeon|148/364|[from] item: Leftovers\n|upkeep\n|turn|11\n|j| showingsleep\n|\n|t:|1781432380\n|move|p1a: Vaporeon|Protect|p1a: Vaporeon\n|-singleturn|p1a: Vaporeon|Protect\n|move|p2a: Giratina|Poltergeist|p1a: Vaporeon\n|-activate|p1a: Vaporeon|move: Protect\n|\n|-heal|p1a: Vaporeon|170/364|[from] item: Leftovers\n|upkeep\n|turn|12\n|\n|t:|1781432392\n|move|p1a: Vaporeon|Scald|p2a: Giratina\n|-resisted|p2a: Giratina\n|-damage|p2a: Giratina|171/335\n|move|p2a: Giratina|Dragon Tail|p1a: Vaporeon\n|-damage|p1a: Vaporeon|85/364\n|drag|p1a: Lycanroc|Lycanroc-Midnight, L89, M|296/296\n|\n|upkeep\n|turn|13\n|inactive|EnthusiastAmateur has 120 seconds left.\n|\n|t:|1781432427\n|move|p1a: Lycanroc|Stone Edge|p2a: Giratina\n|-damage|p2a: Giratina|0 fnt\n|faint|p2a: Giratina\n|-damage|p1a: Lycanroc|267/296|[from] item: Life Orb\n|\n|upkeep\n|\n|t:|1781432430\n|switch|p2a: Iron Treads|Iron Treads, L77|265/265\n|turn|14\n|\n|t:|1781432437\n|switch|p1a: Tsareena|Tsareena, L87, F|267/267\n|move|p2a: Iron Treads|Stealth Rock|p1a: Tsareena\n|-sidestart|p1: medo6037|move: Stealth Rock\n|\n|upkeep\n|turn|15\n|\n|t:|1781432455\n|move|p2a: Iron Treads|Iron Head|p1a: Tsareena\n|-damage|p1a: Tsareena|198/267\n|move|p1a: Tsareena|Rapid Spin|p2a: Iron Treads\n|-resisted|p2a: Iron Treads\n|-damage|p2a: Iron Treads|246/265\n|-boost|p1a: Tsareena|spe|1\n|-sideend|p1: medo6037|Stealth Rock|[from] move: Rapid Spin|[of] p1a: Tsareena\n|\n|-heal|p2a: Iron Treads|262/265|[from] item: Leftovers\n|upkeep\n|turn|16\n|inactive|EnthusiastAmateur has 120 seconds left.\n|\n|t:|1781432470\n|-end|p2a: Iron Treads|Quark Drive|[silent]\n|switch|p2a: Trevenant|Trevenant, L89, F|48/296\n|move|p1a: Tsareena|Power Whip|p2a: Trevenant\n|-resisted|p2a: Trevenant\n|-damage|p2a: Trevenant|0 fnt\n|faint|p2a: Trevenant\n|\n|upkeep\n|\n|t:|1781432472\n|switch|p2a: Houndoom|Houndoom, L87, F|208/272\n|turn|17\n|\n|t:|1781432480\n|move|p1a: Tsareena|High Jump Kick|p2a: Houndoom\n|-supereffective|p2a: Houndoom\n|-damage|p2a: Houndoom|0 fnt\n|faint|p2a: Houndoom\n|\n|upkeep\n|\n|t:|1781432489\n|switch|p2a: Cresselia|Cresselia, L80, F|323/323\n|turn|18\n|\n|t:|1781432496\n|switch|p1a: Lycanroc|Lycanroc-Midnight, L89, M|267/296\n|move|p2a: Cresselia|Calm Mind|p2a: Cresselia\n|-boost|p2a: Cresselia|spa|1\n|-boost|p2a: Cresselia|spd|1\n|\n|upkeep\n|turn|19\n|\n|t:|1781432511\n|switch|p2a: Iron Treads|Iron Treads, L77|262/265\n|move|p1a: Lycanroc|Swords Dance|p1a: Lycanroc\n|-boost|p1a: Lycanroc|atk|2\n|\n|-heal|p2a: Iron Treads|265/265|[from] item: Leftovers\n|upkeep\n|turn|20\n|\n|t:|1781432521\n|switch|p1a: Tsareena|Tsareena, L87, F|198/267\n|move|p2a: Iron Treads|Iron Head|p1a: Tsareena\n|-damage|p1a: Tsareena|132/267\n|\n|upkeep\n|turn|21\n|\n|t:|1781432526\n|move|p2a: Iron Treads|Iron Head|p1a: Tsareena\n|-damage|p1a: Tsareena|59/267\n|cant|p1a: Tsareena|flinch\n|\n|upkeep\n|turn|22\n|\n|t:|1781432541\n|move|p2a: Iron Treads|Iron Head|p1a: Tsareena\n|-damage|p1a: Tsareena|0 fnt\n|faint|p1a: Tsareena\n|\n|upkeep\n|inactive|medo6037 has 120 seconds left.\n|\n|t:|1781432578\n|switch|p1a: Passimian|Passimian, L83, F|302/302\n|turn|23\n|\n|t:|1781432594\n|move|p1a: Passimian|Close Combat|p2a: Iron Treads\n|-supereffective|p2a: Iron Treads\n|-damage|p2a: Iron Treads|25/265\n|-unboost|p1a: Passimian|def|1\n|-unboost|p1a: Passimian|spd|1\n|move|p2a: Iron Treads|Knock Off|p1a: Passimian\n|-resisted|p1a: Passimian\n|-damage|p1a: Passimian|257/302\n|-enditem|p1a: Passimian|Choice Scarf|[from] move: Knock Off|[of] p2a: Iron Treads\n|\n|-heal|p2a: Iron Treads|41/265|[from] item: Leftovers\n|upkeep\n|turn|24\n|\n|t:|1781432615\n|move|p2a: Iron Treads|Stealth Rock|p1a: Passimian\n|-sidestart|p1: medo6037|move: Stealth Rock\n|move|p1a: Passimian|Knock Off|p2a: Iron Treads\n|-damage|p2a: Iron Treads|0 fnt\n|-enditem|p2a: Iron Treads|Leftovers|[from] move: Knock Off|[of] p1a: Passimian\n|faint|p2a: Iron Treads\n|-end|p2a: Iron Treads|Quark Drive|[silent]\n|\n|upkeep\n|\n|t:|1781432620\n|switch|p2a: Cresselia|Cresselia, L80, F|323/323\n|turn|25\n|inactive|medo6037 has 120 seconds left.\n|\n|t:|1781432634\n|-terastallize|p2a: Cresselia|Fairy\n|move|p2a: Cresselia|Moonblast|p1a: Passimian\n|-supereffective|p1a: Passimian\n|-crit|p1a: Passimian\n|-damage|p1a: Passimian|0 fnt\n|faint|p1a: Passimian\n|\n|upkeep\n|inactive|medo6037 has 120 seconds left.\n|\n|t:|1781432648\n|switch|p1a: Registeel|Registeel, L81|262/262\n|-damage|p1a: Registeel|246/262|[from] Stealth Rock\n|turn|26\n|\n|t:|1781432654\n|switch|p2a: Raging Bolt|Raging Bolt, L78|323/323\n|move|p1a: Registeel|Iron Defense|p1a: Registeel\n|-boost|p1a: Registeel|def|2\n|\n|upkeep\n|turn|27\n|\n|t:|1781432662\n|move|p2a: Raging Bolt|Calm Mind|p2a: Raging Bolt\n|-boost|p2a: Raging Bolt|spa|1\n|-boost|p2a: Raging Bolt|spd|1\n|move|p1a: Registeel|Iron Defense|p1a: Registeel\n|-boost|p1a: Registeel|def|2\n|\n|upkeep\n|turn|28\n|\n|t:|1781432667\n|move|p2a: Raging Bolt|Thunderbolt|p1a: Registeel\n|-damage|p1a: Registeel|138/262\n|move|p1a: Registeel|Body Press|p2a: Raging Bolt\n|-damage|p2a: Raging Bolt|68/323\n|\n|-heal|p2a: Raging Bolt|88/323|[from] item: Leftovers\n|upkeep\n|turn|29\n|\n|t:|1781432676\n|move|p2a: Raging Bolt|Thunderbolt|p1a: Registeel\n|-damage|p1a: Registeel|30/262\n|move|p1a: Registeel|Rest|p1a: Registeel\n|-status|p1a: Registeel|slp|[from] move: Rest\n|-heal|p1a: Registeel|262/262 slp|[silent]\n|-enditem|p1a: Registeel|Chesto Berry|[eat]\n|-curestatus|p1a: Registeel|slp|[msg]\n|\n|-heal|p2a: Raging Bolt|108/323|[from] item: Leftovers\n|upkeep\n|turn|30\n|\n|t:|1781432682\n|move|p2a: Raging Bolt|Thunderbolt|p1a: Registeel\n|-damage|p1a: Registeel|151/262\n|move|p1a: Registeel|Body Press|p2a: Raging Bolt\n|-damage|p2a: Raging Bolt|0 fnt\n|faint|p2a: Raging Bolt\n|-end|p2a: Raging Bolt|Protosynthesis|[silent]\n|\n|upkeep\n|\n|t:|1781432685\n|switch|p2a: Cresselia|Cresselia, L80, F, tera:Fairy|323/323\n|turn|31\n|\n|t:|1781432691\n|move|p2a: Cresselia|Moonblast|p1a: Registeel\n|-resisted|p1a: Registeel\n|-damage|p1a: Registeel|124/262\n|move|p1a: Registeel|Iron Defense|p1a: Registeel\n|-boost|p1a: Registeel|def|2\n|\n|upkeep\n|turn|32\n|\n|t:|1781432696\n|move|p2a: Cresselia|Moonblast|p1a: Registeel\n|-resisted|p1a: Registeel\n|-damage|p1a: Registeel|99/262\n|move|p1a: Registeel|Body Press|p2a: Cresselia\n|-resisted|p2a: Cresselia\n|-damage|p2a: Cresselia|198/323\n|\n|-heal|p2a: Cresselia|218/323|[from] item: Leftovers\n|upkeep\n|turn|33\n|-message|EnthusiastAmateur forfeited.\n|\n|win|medo6037\n|raw|medo6037's rating: 2207 &rarr; <strong>2223</strong><br />(+16 for winning)\n|raw|EnthusiastAmateur's rating: 2130 &rarr; <strong>2114</strong><br />(-16 for losing)\n", "inputlog": ">version a8376a258c1d4662feba110a92103f3664a72141\n>start {\"formatid\":\"gen9randombattle\",\"seed\":\"sodium,cc17c588d833b07b0dc785511c5de249\",\"rated\":\"Rated battle\"}\n>player p1 {\"name\":\"medo6037\",\"avatar\":\"n\",\"rating\":2207,\"seed\":\"sodium,681f2bba16ca58745ed196d4ef50198b\"}\n>player p2 {\"name\":\"EnthusiastAmateur\",\"avatar\":\"266\",\"rating\":2130,\"seed\":\"sodium,8f026feb95fccef38e17a9876b3818de\"}\n>p1 move tripleaxel\n>p2 switch 3\n>p1 switch 6\n>p2 move nastyplot\n>p1 move roar\n>p2 switch 4\n>p1 move scald\n>p2 switch 5\n>p1 move protect\n>p2 move poltergeist\n>p1 switch 6\n>p2 move poltergeist\n>p1 move knockoff\n>p2 move poltergeist\n>p1 switch 5\n>p1 move uturn\n>p2 switch 3\n>p1 switch 6\n>p1 move scald\n>p2 move dragontail\n>p1 move uturn\n>p2 move poltergeist\n>p1 switch 6\n>p1 move protect\n>p2 move poltergeist\n>p1 move scald\n>p2 move dragontail\n>p1 move stoneedge\n>p2 move dragontail\n>p2 switch 6\n>p1 switch 4\n>p2 move stealthrock\n>p1 move rapidspin\n>p2 move ironhead\n>p1 move powerwhip\n>p2 switch 3\n>p2 switch 4\n>p1 move highjumpkick\n>p2 move sludgebomb\n>p2 switch 5\n>p1 switch 4\n>p2 move calmmind\n>p1 move swordsdance\n>p2 switch 3\n>p1 switch 4\n>p2 move ironhead\n>p1 move synthesis\n>p2 move ironhead\n>p1 move highjumpkick\n>p2 move ironhead\n>p1 switch 6\n>p1 move closecombat\n>p2 move knockoff\n>p1 move knockoff\n>p2 move stealthrock\n>p2 switch 3\n>p1 move uturn\n>p2 move moonblast terastallize\n>p1 switch 3\n>p1 move irondefense\n>p2 switch 2\n>p1 move irondefense\n>p2 move calmmind\n>p1 move bodypress\n>p2 move thunderbolt\n>p1 move rest\n>p2 move thunderbolt\n>p1 move bodypress\n>p2 move thunderbolt\n>p2 switch 2\n>p1 move irondefense\n>p2 move moonblast\n>p1 move bodypress\n>p2 move moonblast\n>forcelose p2", "uploadtime": 1781432174, "views": 6, "formatid": "gen9randombattle", "rating": 2114, "private": 0, "password": null}