{"id": "gen9randombattle-2631455116", "format": "[Gen 9] Random Battle", "players": ["b3npaii", "Red Skies"], "log": "|j|\u2606b3npaii\n|j|\u2606Red Skies\n|t:|1781386748\n|gametype|singles\n|player|p1|b3npaii|elesa|2124\n|player|p2|Red Skies|n|2182\n|gen|9\n|tier|[Gen 9] Random Battle\n|rated|\n|rule|Species Clause: Limit one of each Pok\u00e9mon\n|rule|HP Percentage Mod: HP is shown in percentages\n|rule|Sleep Clause Mod: Limit one foe put to sleep\n|rule|Illusion Level Mod: Illusion disguises the Pok\u00e9mon's true level\n|\n|t:|1781386748\n|teamsize|p1|6\n|teamsize|p2|6\n|start\n|switch|p1a: Tsareena|Tsareena, L87, F|267/267\n|switch|p2a: Sceptile|Sceptile, L87, M|264/264\n|turn|1\n|inactive|Battle timer is ON: inactive players will automatically lose when time's up. (requested by b3npaii)\n|\n|t:|1781386763\n|move|p2a: Sceptile|Shed Tail|p2a: Sceptile\n|-start|p2a: Sceptile|Substitute|[from] move: Shed Tail\n|-damage|p2a: Sceptile|132/264\n|\n|t:|1781386766\n|switch|p2a: Corviknight|Corviknight, L80, F|288/288|[from] Shed Tail\n|move|p1a: Tsareena|U-turn|p2a: Corviknight\n|-resisted|p2a: Corviknight\n|-activate|p2a: Corviknight|move: Substitute|[damage]\n|\n|t:|1781386779\n|switch|p1a: Floatzel|Floatzel, L86, M|286/286|[from] U-turn\n|\n|upkeep\n|turn|2\n|\n|t:|1781386782\n|move|p1a: Floatzel|Flip Turn|p2a: Corviknight\n|-end|p2a: Corviknight|Substitute\n|\n|t:|1781386785\n|switch|p1a: Clefable|Clefable, L83, M|293/293|[from] Flip Turn\n|move|p2a: Corviknight|Brave Bird|p1a: Clefable\n|-damage|p1a: Clefable|169/293\n|-damage|p2a: Corviknight|247/288|[from] Recoil\n|\n|upkeep\n|turn|3\n|\n|t:|1781386789\n|switch|p2a: Blissey|Blissey, L85, F|572/572\n|move|p1a: Clefable|Moonlight|p1a: Clefable\n|-heal|p1a: Clefable|293/293\n|\n|upkeep\n|turn|4\n|\n|t:|1781386803\n|switch|p1a: Tentacruel|Tentacruel, L84, M|272/272\n|move|p2a: Blissey|Stealth Rock|p1a: Tentacruel\n|-sidestart|p1: b3npaii|move: Stealth Rock\n|\n|upkeep\n|turn|5\n|\n|t:|1781386809\n|move|p1a: Tentacruel|Flip Turn|p2a: Blissey\n|-damage|p2a: Blissey|424/572\n|\n|t:|1781386813\n|switch|p1a: Clefable|Clefable, L83, M|293/293|[from] Flip Turn\n|move|p2a: Blissey|Thunder Wave|p1a: Clefable\n|-status|p1a: Clefable|par\n|\n|-heal|p2a: Blissey|459/572|[from] item: Leftovers\n|upkeep\n|turn|6\n|\n|t:|1781386818\n|switch|p1a: Tsareena|Tsareena, L87, F|267/267\n|-damage|p1a: Tsareena|234/267|[from] Stealth Rock\n|move|p2a: Blissey|Seismic Toss|p1a: Tsareena\n|-damage|p1a: Tsareena|149/267\n|\n|-heal|p2a: Blissey|494/572|[from] item: Leftovers\n|upkeep\n|turn|7\n|\n|t:|1781386823\n|switch|p2a: Corviknight|Corviknight, L80, F|247/288\n|move|p1a: Tsareena|Rapid Spin|p2a: Corviknight\n|-resisted|p2a: Corviknight\n|-damage|p2a: Corviknight|228/288\n|-boost|p1a: Tsareena|spe|1\n|-damage|p1a: Tsareena|105/267|[from] item: Rocky Helmet|[of] p2a: Corviknight\n|-sideend|p1: b3npaii|Stealth Rock|[from] move: Rapid Spin|[of] p1a: Tsareena\n|\n|upkeep\n|turn|8\n|\n|t:|1781386833\n|switch|p1a: Tentacruel|Tentacruel, L84, M|272/272\n|move|p2a: Corviknight|Brave Bird|p1a: Tentacruel\n|-damage|p1a: Tentacruel|148/272\n|-damage|p2a: Corviknight|187/288|[from] Recoil\n|\n|-heal|p1a: Tentacruel|165/272|[from] item: Leftovers\n|upkeep\n|turn|9\n|\n|t:|1781386839\n|move|p1a: Tentacruel|Flip Turn|p2a: Corviknight\n|-damage|p2a: Corviknight|145/288\n|-damage|p1a: Tentacruel|120/272|[from] item: Rocky Helmet|[of] p2a: Corviknight\n|\n|t:|1781386845\n|switch|p1a: Clefable|Clefable, L83, M|293/293 par|[from] Flip Turn\n|move|p2a: Corviknight|Brave Bird|p1a: Clefable\n|-crit|p1a: Clefable\n|-damage|p1a: Clefable|110/293 par\n|-damage|p2a: Corviknight|85/288|[from] Recoil\n|\n|upkeep\n|turn|10\n|\n|t:|1781386849\n|move|p2a: Corviknight|Brave Bird|p1a: Clefable\n|-damage|p1a: Clefable|0 fnt\n|faint|p1a: Clefable\n|-damage|p2a: Corviknight|49/288|[from] Recoil\n|\n|upkeep\n|\n|t:|1781386851\n|switch|p1a: Braviary|Braviary-Hisui, L85, M|326/326\n|turn|11\n|\n|t:|1781386854\n|switch|p2a: Blissey|Blissey, L85, F|494/572\n|move|p1a: Braviary|Esper Wing|p2a: Blissey\n|-crit|p2a: Blissey\n|-damage|p2a: Blissey|338/572\n|-boost|p1a: Braviary|spe|1\n|\n|-heal|p2a: Blissey|373/572|[from] item: Leftovers\n|upkeep\n|turn|12\n|\n|t:|1781386859\n|switch|p1a: Tentacruel|Tentacruel, L84, M|120/272\n|move|p2a: Blissey|Stealth Rock|p1a: Tentacruel\n|-sidestart|p1: b3npaii|move: Stealth Rock\n|\n|-heal|p1a: Tentacruel|137/272|[from] item: Leftovers\n|-heal|p2a: Blissey|408/572|[from] item: Leftovers\n|upkeep\n|turn|13\n|\n|t:|1781386864\n|move|p1a: Tentacruel|Sludge Bomb|p2a: Blissey\n|-damage|p2a: Blissey|351/572\n|move|p2a: Blissey|Thunder Wave|p1a: Tentacruel\n|-status|p1a: Tentacruel|par\n|\n|-heal|p2a: Blissey|386/572|[from] item: Leftovers\n|-heal|p1a: Tentacruel|154/272 par|[from] item: Leftovers\n|upkeep\n|turn|14\n|\n|t:|1781386868\n|move|p2a: Blissey|Soft-Boiled|p2a: Blissey\n|-heal|p2a: Blissey|572/572\n|move|p1a: Tentacruel|Flip Turn|p2a: Blissey\n|-damage|p2a: Blissey|415/572\n|\n|t:|1781386877\n|switch|p1a: Heracross|Heracross, L80, M|259/259|[from] Flip Turn\n|-damage|p1a: Heracross|227/259|[from] Stealth Rock\n|\n|-heal|p2a: Blissey|450/572|[from] item: Leftovers\n|upkeep\n|turn|15\n|\n|t:|1781386882\n|switch|p2a: Corviknight|Corviknight, L80, F|49/288\n|move|p1a: Heracross|Close Combat|p2a: Corviknight\n|-damage|p2a: Corviknight|0 fnt\n|-unboost|p1a: Heracross|def|1\n|-unboost|p1a: Heracross|spd|1\n|-damage|p1a: Heracross|184/259|[from] item: Rocky Helmet|[of] p2a: Corviknight\n|faint|p2a: Corviknight\n|-ability|p1a: Heracross|Moxie|boost\n|-boost|p1a: Heracross|atk|1\n|\n|upkeep\n|\n|t:|1781386894\n|switch|p2a: Miraidon|Miraidon, L65|238/238\n|-fieldstart|move: Electric Terrain|[from] ability: Hadron Engine|[of] p2a: Miraidon\n|turn|16\n|\n|t:|1781386899\n|move|p1a: Heracross|Close Combat|p2a: Miraidon\n|-damage|p2a: Miraidon|3/238\n|-unboost|p1a: Heracross|def|1\n|-unboost|p1a: Heracross|spd|1\n|move|p2a: Miraidon|Electro Drift|p1a: Heracross\n|-damage|p1a: Heracross|0 fnt\n|faint|p1a: Heracross\n|-damage|p2a: Miraidon|0 fnt|[from] item: Life Orb\n|faint|p2a: Miraidon\n|\n|upkeep\n|\n|t:|1781386909\n|switch|p2a: Sceptile|Sceptile, L87, M|132/264\n|switch|p1a: Tsareena|Tsareena, L87, F|105/267\n|-damage|p1a: Tsareena|72/267|[from] Stealth Rock\n|turn|17\n|\n|t:|1781386915\n|move|p2a: Sceptile|Focus Blast|p1a: Tsareena|[miss]\n|-miss|p2a: Sceptile|p1a: Tsareena\n|move|p1a: Tsareena|Rapid Spin|p2a: Sceptile\n|-damage|p2a: Sceptile|81/264\n|-boost|p1a: Tsareena|spe|1\n|-sideend|p1: b3npaii|Stealth Rock|[from] move: Rapid Spin|[of] p1a: Tsareena\n|\n|upkeep\n|turn|18\n|\n|t:|1781386919\n|move|p1a: Tsareena|High Jump Kick|p2a: Sceptile\n|-damage|p2a: Sceptile|0 fnt\n|faint|p2a: Sceptile\n|\n|upkeep\n|\n|t:|1781386924\n|switch|p2a: Heracross|Heracross, L80, M|259/259\n|turn|19\n|\n|t:|1781386931\n|move|p1a: Tsareena|U-turn|p2a: Heracross\n|-resisted|p2a: Heracross\n|-damage|p2a: Heracross|225/259\n|\n|t:|1781386933\n|switch|p1a: Tentacruel|Tentacruel, L84, M|154/272 par|[from] U-turn\n|move|p2a: Heracross|Megahorn|p1a: Tentacruel|[miss]\n|-miss|p2a: Heracross|p1a: Tentacruel\n|\n|-heal|p1a: Tentacruel|171/272 par|[from] item: Leftovers\n|upkeep\n|turn|20\n|\n|t:|1781386938\n|move|p2a: Heracross|Megahorn|p1a: Tentacruel\n|-resisted|p1a: Tentacruel\n|-damage|p1a: Tentacruel|43/272 par\n|move|p1a: Tentacruel|Flip Turn|p2a: Heracross\n|-damage|p2a: Heracross|162/259\n|\n|t:|1781386956\n|switch|p1a: Floatzel|Floatzel, L86, M|286/286|[from] Flip Turn\n|\n|-fieldend|move: Electric Terrain\n|upkeep\n|turn|21\n|\n|t:|1781386959\n|move|p1a: Floatzel|Wave Crash|p2a: Heracross\n|-damage|p2a: Heracross|0 fnt\n|faint|p2a: Heracross\n|-damage|p1a: Floatzel|233/286|[from] Recoil\n|\n|upkeep\n|\n|t:|1781386963\n|switch|p2a: Malamar|Malamar, L82, M|275/275\n|turn|22\n|\n|t:|1781386969\n|-terastallize|p1a: Floatzel|Water\n|move|p1a: Floatzel|Wave Crash|p2a: Malamar\n|-damage|p2a: Malamar|7/275\n|-damage|p1a: Floatzel|145/286|[from] Recoil\n|move|p2a: Malamar|Superpower|p1a: Floatzel\n|-damage|p1a: Floatzel|35/286\n|-boost|p2a: Malamar|atk|1\n|-boost|p2a: Malamar|def|1\n|\n|upkeep\n|turn|23\n|-message|Red Skies forfeited.\n|\n|win|b3npaii\n", "inputlog": ">version a8376a258c1d4662feba110a92103f3664a72141\n>start {\"formatid\":\"gen9randombattle\",\"seed\":\"sodium,f186e0baeed3bb63ff018e009f6d257a\",\"rated\":\"Rated battle\"}\n>player p1 {\"name\":\"b3npaii\",\"avatar\":\"elesa\",\"rating\":2124,\"seed\":\"sodium,d903be6f7ea4465de6c9455b507a2b46\"}\n>player p2 {\"name\":\"Red Skies\",\"avatar\":\"n\",\"rating\":2182,\"seed\":\"sodium,635a7e69b221234ca87f708c03994f0b\"}\n>p1 move uturn\n>p2 move shedtail\n>p2 switch 3\n>p1 switch 6\n>p1 move flipturn\n>p2 move bravebird\n>p1 switch 4\n>p1 move moonlight\n>p2 switch 6\n>p1 switch 5\n>p2 move stealthrock\n>p1 move flipturn\n>p2 move thunderwave\n>p1 switch 5\n>p1 switch 6\n>p2 move seismictoss\n>p1 move rapidspin\n>p2 switch 6\n>p1 switch 5\n>p2 move bravebird\n>p1 move flipturn\n>p2 move bravebird\n>p1 switch 6\n>p1 move moonlight\n>p2 move bravebird\n>p1 switch 2\n>p1 move esperwing\n>p2 switch 6\n>p1 switch 6\n>p2 move stealthrock\n>p1 move sludgebomb\n>p2 move thunderwave\n>p1 move flipturn\n>p2 move softboiled\n>p1 switch 3\n>p1 move closecombat\n>p2 switch 6\n>p2 switch 4\n>p1 move closecombat\n>p2 move electrodrift\n>p1 switch 5\n>p2 switch 3\n>p1 move rapidspin\n>p2 move focusblast\n>p1 move highjumpkick\n>p2 move gigadrain\n>p2 switch 5\n>p1 move uturn\n>p2 move megahorn\n>p1 switch 3\n>p1 move flipturn\n>p2 move megahorn\n>p1 switch 4\n>p1 move wavecrash\n>p2 move megahorn\n>p2 switch 2\n>p1 move wavecrash terastallize\n>p2 move superpower\n>forcelose p2", "uploadtime": 1781386750, "views": 11, "formatid": "gen9randombattle", "rating": null, "private": 0, "password": null}