{"id": "gen9randombattle-2631412898", "format": "[Gen 9] Random Battle", "players": ["stop_aa", "Z10101"], "log": "|j|\u2606stop_aa\n|j|\u2606Z10101\n|t:|1781381602\n|gametype|singles\n|player|p1|stop_aa|101|2030\n|player|p2|Z10101|266|2120\n|gen|9\n|tier|[Gen 9] Random Battle\n|rated|\n|rule|Species Clause: Limit one of each Pok\u00e9mon\n|rule|HP Percentage Mod: HP is shown in percentages\n|rule|Sleep Clause Mod: Limit one foe put to sleep\n|rule|Illusion Level Mod: Illusion disguises the Pok\u00e9mon's true level\n|\n|t:|1781381602\n|teamsize|p1|6\n|teamsize|p2|6\n|start\n|switch|p1a: Chandelure|Chandelure, L83, M|235/235\n|switch|p2a: Basculegion|Basculegion-F, L83, F|335/335\n|turn|1\n|inactive|Battle timer is ON: inactive players will automatically lose when time's up. (requested by Z10101)\n|\n|t:|1781381620\n|switch|p1a: Empoleon|Empoleon, L84, F|278/278\n|move|p2a: Basculegion|Flip Turn|p1a: Empoleon\n|-resisted|p1a: Empoleon\n|-damage|p1a: Empoleon|240/278\n|\n|t:|1781381634\n|switch|p2a: Mabosstiff|Mabosstiff, L86, M|278/278|[from] Flip Turn\n|\n|-heal|p1a: Empoleon|257/278|[from] item: Leftovers\n|upkeep\n|turn|2\n|\n|t:|1781381639\n|move|p2a: Mabosstiff|Wild Charge|p1a: Empoleon\n|-supereffective|p1a: Empoleon\n|-damage|p1a: Empoleon|91/278\n|-damage|p2a: Mabosstiff|236/278|[from] Recoil\n|move|p1a: Empoleon|Stealth Rock|p2a: Mabosstiff\n|-sidestart|p2: Z10101|move: Stealth Rock\n|\n|-heal|p1a: Empoleon|108/278|[from] item: Leftovers\n|upkeep\n|turn|3\n|\n|t:|1781381644\n|switch|p1a: Sandy Shocks|Sandy Shocks, L80|267/267\n|move|p2a: Mabosstiff|Wild Charge|p1a: Sandy Shocks\n|-immune|p1a: Sandy Shocks\n|\n|upkeep\n|turn|4\n|\n|t:|1781381653\n|switch|p2a: Porygon2|Porygon2, L81|270/270\n|-damage|p2a: Porygon2|237/270|[from] Stealth Rock\n|-ability|p2a: Porygon2|Download|boost\n|-boost|p2a: Porygon2|spa|1\n|move|p1a: Sandy Shocks|Spikes|p2a: Porygon2\n|-sidestart|p2: Z10101|Spikes\n|\n|upkeep\n|turn|5\n|\n|t:|1781381661\n|move|p1a: Sandy Shocks|Volt Switch|p2a: Porygon2\n|-damage|p2a: Porygon2|188/270\n|\n|t:|1781381662\n|-end|p1a: Sandy Shocks|Protosynthesis|[silent]\n|switch|p1a: Chandelure|Chandelure, L83, M|235/235|[from] Volt Switch\n|move|p2a: Porygon2|Ice Beam|p1a: Chandelure\n|-resisted|p1a: Chandelure\n|-damage|p1a: Chandelure|187/235\n|\n|upkeep\n|turn|6\n|\n|t:|1781381665\n|move|p1a: Chandelure|Trick|p2a: Porygon2\n|-activate|p1a: Chandelure|move: Trick|[of] p2a: Porygon2\n|-item|p2a: Porygon2|Choice Scarf|[from] move: Trick\n|-item|p1a: Chandelure|Eviolite|[from] move: Trick\n|move|p2a: Porygon2|Discharge|p1a: Chandelure\n|-damage|p1a: Chandelure|106/235\n|\n|upkeep\n|turn|7\n|\n|t:|1781381672\n|switch|p1a: Sandy Shocks|Sandy Shocks, L80|267/267\n|move|p2a: Porygon2|Discharge|p1a: Sandy Shocks\n|-immune|p1a: Sandy Shocks\n|\n|upkeep\n|turn|8\n|\n|t:|1781381681\n|switch|p2a: Reuniclus|Reuniclus, L88, M|337/337\n|move|p1a: Sandy Shocks|Spikes|p2a: Reuniclus\n|-sidestart|p2: Z10101|Spikes\n|\n|upkeep\n|turn|9\n|\n|t:|1781381686\n|move|p1a: Sandy Shocks|Volt Switch|p2a: Reuniclus\n|-damage|p2a: Reuniclus|262/337\n|\n|t:|1781381690\n|-end|p1a: Sandy Shocks|Protosynthesis|[silent]\n|switch|p1a: Empoleon|Empoleon, L84, F|108/278|[from] Volt Switch\n|move|p2a: Reuniclus|Psyshock|p1a: Empoleon\n|-resisted|p1a: Empoleon\n|-damage|p1a: Empoleon|39/278\n|\n|-heal|p1a: Empoleon|56/278|[from] item: Leftovers\n|upkeep\n|turn|10\n|\n|t:|1781381695\n|move|p1a: Empoleon|Roost|p1a: Empoleon\n|-heal|p1a: Empoleon|195/278\n|-singleturn|p1a: Empoleon|move: Roost\n|move|p2a: Reuniclus|Focus Blast|p1a: Empoleon|[miss]\n|-miss|p2a: Reuniclus|p1a: Empoleon\n|\n|-heal|p1a: Empoleon|212/278|[from] item: Leftovers\n|upkeep\n|turn|11\n|\n|t:|1781381702\n|move|p1a: Empoleon|Flip Turn|p2a: Reuniclus\n|-damage|p2a: Reuniclus|202/337\n|\n|t:|1781381705\n|switch|p1a: Chandelure|Chandelure, L83, M|106/235|[from] Flip Turn\n|move|p2a: Reuniclus|Psyshock|p1a: Chandelure\n|-damage|p1a: Chandelure|0 fnt\n|faint|p1a: Chandelure\n|\n|upkeep\n|\n|t:|1781381724\n|switch|p1a: Ludicolo|Ludicolo, L90, F|290/290\n|turn|12\n|\n|t:|1781381731\n|move|p1a: Ludicolo|Giga Drain|p2a: Reuniclus\n|-damage|p2a: Reuniclus|64/337\n|move|p2a: Reuniclus|Recover|p2a: Reuniclus\n|-heal|p2a: Reuniclus|233/337\n|\n|upkeep\n|turn|13\n|\n|t:|1781381734\n|move|p1a: Ludicolo|Giga Drain|p2a: Reuniclus\n|-damage|p2a: Reuniclus|112/337\n|move|p2a: Reuniclus|Recover|p2a: Reuniclus\n|-heal|p2a: Reuniclus|281/337\n|\n|upkeep\n|turn|14\n|\n|t:|1781381736\n|move|p1a: Ludicolo|Giga Drain|p2a: Reuniclus\n|-damage|p2a: Reuniclus|146/337\n|move|p2a: Reuniclus|Recover|p2a: Reuniclus\n|-heal|p2a: Reuniclus|315/337\n|\n|upkeep\n|turn|15\n|\n|t:|1781381741\n|move|p1a: Ludicolo|Giga Drain|p2a: Reuniclus\n|-damage|p2a: Reuniclus|192/337\n|move|p2a: Reuniclus|Calm Mind|p2a: Reuniclus\n|-boost|p2a: Reuniclus|spa|1\n|-boost|p2a: Reuniclus|spd|1\n|\n|upkeep\n|turn|16\n|\n|t:|1781381743\n|move|p1a: Ludicolo|Giga Drain|p2a: Reuniclus\n|-damage|p2a: Reuniclus|105/337\n|move|p2a: Reuniclus|Recover|p2a: Reuniclus\n|-heal|p2a: Reuniclus|274/337\n|\n|upkeep\n|turn|17\n|\n|t:|1781381746\n|switch|p1a: Heracross|Heracross, L80, F|259/259\n|move|p2a: Reuniclus|Calm Mind|p2a: Reuniclus\n|-boost|p2a: Reuniclus|spa|1\n|-boost|p2a: Reuniclus|spd|1\n|\n|-status|p1a: Heracross|brn|[from] item: Flame Orb\n|upkeep\n|turn|18\n|\n|t:|1781381750\n|-terastallize|p2a: Reuniclus|Steel\n|move|p1a: Heracross|Knock Off|p2a: Reuniclus\n|-damage|p2a: Reuniclus|152/337\n|-enditem|p2a: Reuniclus|Life Orb|[from] move: Knock Off|[of] p1a: Heracross\n|move|p2a: Reuniclus|Psyshock|p1a: Heracross\n|-supereffective|p1a: Heracross\n|-damage|p1a: Heracross|0 fnt\n|faint|p1a: Heracross\n|\n|upkeep\n|\n|t:|1781381752\n|switch|p1a: Ogerpon|Ogerpon-Hearthflame, L74, F|239/239\n|-ability|p1a: Ogerpon|Mold Breaker\n|turn|19\n|\n|t:|1781381757\n|move|p1a: Ogerpon|Ivy Cudgel|p2a: Reuniclus|[anim] Ivy Cudgel Fire\n|-supereffective|p2a: Reuniclus\n|-damage|p2a: Reuniclus|0 fnt\n|faint|p2a: Reuniclus\n|\n|upkeep\n|\n|t:|1781381774\n|switch|p2a: Delibird|Delibird, F|252/252\n|turn|20\n|\n|t:|1781381783\n|move|p2a: Delibird|Rapid Spin|p1a: Ogerpon\n|-damage|p1a: Ogerpon|197/239\n|-boost|p2a: Delibird|spe|1\n|-sideend|p2: Z10101|Spikes|[from] move: Rapid Spin|[of] p2a: Delibird\n|-sideend|p2: Z10101|Stealth Rock|[from] move: Rapid Spin|[of] p2a: Delibird\n|move|p1a: Ogerpon|Ivy Cudgel|p2a: Delibird|[anim] Ivy Cudgel Fire\n|-supereffective|p2a: Delibird\n|-damage|p2a: Delibird|0 fnt\n|faint|p2a: Delibird\n|\n|upkeep\n|\n|t:|1781381791\n|switch|p2a: Porygon2|Porygon2, L81|188/270\n|-ability|p2a: Porygon2|Download|boost\n|-boost|p2a: Porygon2|atk|1\n|turn|21\n|\n|t:|1781381797\n|move|p2a: Porygon2|Tri Attack|p1a: Ogerpon\n|-damage|p1a: Ogerpon|104/239\n|move|p1a: Ogerpon|Ivy Cudgel|p2a: Porygon2|[anim] Ivy Cudgel Fire\n|-damage|p2a: Porygon2|70/270\n|\n|upkeep\n|turn|22\n|\n|t:|1781381801\n|switch|p1a: Empoleon|Empoleon, L84, F|212/278\n|move|p2a: Porygon2|Tri Attack|p1a: Empoleon\n|-resisted|p1a: Empoleon\n|-damage|p1a: Empoleon|172/278\n|\n|-heal|p1a: Empoleon|189/278|[from] item: Leftovers\n|upkeep\n|turn|23\n|\n|t:|1781381806\n|switch|p2a: Basculegion|Basculegion-F, L83, F|335/335\n|move|p1a: Empoleon|Stealth Rock|p2a: Basculegion\n|-sidestart|p2: Z10101|move: Stealth Rock\n|\n|-heal|p1a: Empoleon|206/278|[from] item: Leftovers\n|upkeep\n|turn|24\n|\n|t:|1781381811\n|move|p2a: Basculegion|Flip Turn|p1a: Empoleon\n|-resisted|p1a: Empoleon\n|-damage|p1a: Empoleon|165/278\n|\n|t:|1781381814\n|switch|p2a: Mabosstiff|Mabosstiff, L86, M|236/278|[from] Flip Turn\n|-damage|p2a: Mabosstiff|202/278|[from] Stealth Rock\n|move|p1a: Empoleon|Roost|p1a: Empoleon\n|-heal|p1a: Empoleon|278/278\n|-singleturn|p1a: Empoleon|move: Roost\n|\n|upkeep\n|turn|25\n|\n|t:|1781381821\n|move|p2a: Mabosstiff|Crunch|p1a: Empoleon\n|-damage|p1a: Empoleon|181/278\n|-unboost|p1a: Empoleon|def|1\n|-ability|p1a: Empoleon|Competitive|boost\n|-boost|p1a: Empoleon|spa|2\n|move|p1a: Empoleon|Flip Turn|p2a: Mabosstiff\n|-damage|p2a: Mabosstiff|147/278\n|\n|t:|1781381828\n|switch|p1a: Sandy Shocks|Sandy Shocks, L80|267/267|[from] Flip Turn\n|\n|upkeep\n|turn|26\n|\n|t:|1781381833\n|move|p2a: Mabosstiff|Crunch|p1a: Sandy Shocks\n|-damage|p1a: Sandy Shocks|161/267\n|move|p1a: Sandy Shocks|Volt Switch|p2a: Mabosstiff\n|-crit|p2a: Mabosstiff\n|-damage|p2a: Mabosstiff|0 fnt\n|faint|p2a: Mabosstiff\n|\n|t:|1781381835\n|-end|p1a: Sandy Shocks|Protosynthesis|[silent]\n|switch|p1a: Empoleon|Empoleon, L84, F|181/278|[from] Volt Switch\n|\n|-heal|p1a: Empoleon|198/278|[from] item: Leftovers\n|upkeep\n|\n|t:|1781381847\n|switch|p2a: Amoonguss|Amoonguss, L82, M|321/321\n|-damage|p2a: Amoonguss|281/321|[from] Stealth Rock\n|turn|27\n|\n|t:|1781381853\n|move|p1a: Empoleon|Flip Turn|p2a: Amoonguss\n|-resisted|p2a: Amoonguss\n|-damage|p2a: Amoonguss|243/321\n|\n|t:|1781381857\n|switch|p1a: Sandy Shocks|Sandy Shocks, L80|161/267|[from] Flip Turn\n|move|p2a: Amoonguss|Spore|p1a: Sandy Shocks\n|-status|p1a: Sandy Shocks|slp|[from] move: Spore\n|\n|-heal|p2a: Amoonguss|263/321|[from] item: Leftovers\n|upkeep\n|turn|28\n|\n|t:|1781381863\n|-end|p1a: Sandy Shocks|Protosynthesis|[silent]\n|switch|p1a: Ogerpon|Ogerpon-Hearthflame, L74, F|104/239\n|-ability|p1a: Ogerpon|Mold Breaker\n|move|p2a: Amoonguss|Giga Drain|p1a: Ogerpon\n|-resisted|p1a: Ogerpon\n|-damage|p1a: Ogerpon|86/239\n|-heal|p2a: Amoonguss|272/321|[from] drain|[of] p1a: Ogerpon\n|\n|-heal|p2a: Amoonguss|292/321|[from] item: Leftovers\n|upkeep\n|turn|29\n|\n|t:|1781381870\n|-terastallize|p1a: Ogerpon|Fire\n|detailschange|p1a: Ogerpon|Ogerpon-Hearthflame-Tera, L74, F, tera:Fire\n|-ability|p1a: Ogerpon|Embody Aspect (Hearthflame)|boost\n|-boost|p1a: Ogerpon|atk|1\n|move|p1a: Ogerpon|Ivy Cudgel|p2a: Amoonguss|[anim] Ivy Cudgel Fire\n|-supereffective|p2a: Amoonguss\n|-damage|p2a: Amoonguss|0 fnt\n|faint|p2a: Amoonguss\n|\n|upkeep\n|\n|t:|1781381885\n|switch|p2a: Basculegion|Basculegion-F, L83, F|335/335\n|-damage|p2a: Basculegion|294/335|[from] Stealth Rock\n|turn|30\n|\n|t:|1781381889\n|move|p1a: Ogerpon|Horn Leech|p2a: Basculegion\n|-supereffective|p2a: Basculegion\n|-damage|p2a: Basculegion|0 fnt\n|-heal|p1a: Ogerpon|233/239|[from] drain|[of] p2a: Basculegion\n|faint|p2a: Basculegion\n|\n|upkeep\n|\n|t:|1781381892\n|switch|p2a: Porygon2|Porygon2, L81|70/270\n|-damage|p2a: Porygon2|37/270|[from] Stealth Rock\n|-ability|p2a: Porygon2|Download|boost\n|-boost|p2a: Porygon2|atk|1\n|turn|31\n|\n|t:|1781381895\n|move|p2a: Porygon2|Discharge|p1a: Ogerpon\n|-damage|p1a: Ogerpon|175/239\n|-status|p1a: Ogerpon|par\n|cant|p1a: Ogerpon|par\n|\n|upkeep\n|turn|32\n|-message|Z10101 forfeited.\n|\n|win|stop_aa\n", "inputlog": ">version a8376a258c1d4662feba110a92103f3664a72141\n>start {\"formatid\":\"gen9randombattle\",\"seed\":\"sodium,ab3750b0ae72495ba7dfad09f88ace70\",\"rated\":\"Rated battle\"}\n>player p1 {\"name\":\"stop_aa\",\"avatar\":\"101\",\"rating\":2030,\"seed\":\"sodium,6649fefff4e208c933417d49c51e52a6\"}\n>player p2 {\"name\":\"Z10101\",\"avatar\":\"266\",\"rating\":2120,\"seed\":\"sodium,7554283b786ed5d2a02079c4e69c034e\"}\n>p1 switch 2\n>p2 move flipturn\n>p2 switch 3\n>p1 move stealthrock\n>p2 move wildcharge\n>p1 switch 5\n>p2 move wildcharge\n>p1 move spikes\n>p2 switch 2\n>p1 move voltswitch\n>p2 move icebeam\n>p1 switch 2\n>p1 move trick\n>p2 move discharge\n>p1 switch 2\n>p2 move discharge\n>p1 move spikes\n>p2 switch 5\n>p1 move voltswitch\n>p2 move psyshock\n>p1 switch 5\n>p1 move roost\n>p2 move focusblast\n>p1 move flipturn\n>p2 move psyshock\n>p1 switch 2\n>p1 switch 6\n>p1 move gigadrain\n>p2 move recover\n>p1 move gigadrain\n>p2 move recover\n>p1 move gigadrain\n>p2 move recover\n>p1 move gigadrain\n>p2 move calmmind\n>p1 move gigadrain\n>p2 move recover\n>p1 switch 3\n>p2 move calmmind\n>p1 move knockoff\n>p2 move psyshock terastallize\n>p1 switch 4\n>p1 move ivycudgel\n>p2 move psyshock\n>p2 switch 6\n>p1 move ivycudgel\n>p2 move rapidspin\n>p2 switch 5\n>p1 move ivycudgel\n>p2 move triattack\n>p1 switch 2\n>p2 move triattack\n>p1 move stealthrock\n>p2 switch 3\n>p1 move roost\n>p2 move flipturn\n>p2 switch 2\n>p1 move flipturn\n>p2 move crunch\n>p1 switch 5\n>p1 move voltswitch\n>p2 move crunch\n>p1 switch 5\n>p2 switch 4\n>p1 move flipturn\n>p2 move spore\n>p1 switch 5\n>p1 switch 2\n>p2 move gigadrain\n>p1 move ivycudgel terastallize\n>p2 move sludgebomb\n>p2 switch 2\n>p1 move hornleech\n>p2 move hydropump\n>p2 switch 3\n>p1 move ivycudgel\n>p2 move discharge\n>forcelose p2", "uploadtime": 1781381604, "views": 9, "formatid": "gen9randombattle", "rating": null, "private": 0, "password": null}