{"id": "gen9randombattle-2631996547", "format": "[Gen 9] Random Battle", "players": ["resurrection999", "lahy"], "log": "|j|\u2606resurrection999\n|j|\u2606lahy\n|t:|1781464109\n|gametype|singles\n|player|p1|resurrection999|clerk|1912\n|player|p2|lahy|cynthia-gen4|1936\n|gen|9\n|tier|[Gen 9] Random Battle\n|rated|\n|rule|Species Clause: Limit one of each Pok\u00e9mon\n|rule|HP Percentage Mod: HP is shown in percentages\n|rule|Sleep Clause Mod: Limit one foe put to sleep\n|rule|Illusion Level Mod: Illusion disguises the Pok\u00e9mon's true level\n|\n|t:|1781464109\n|teamsize|p1|6\n|teamsize|p2|6\n|start\n|switch|p1a: Toucannon|Toucannon, L88, F|284/284\n|switch|p2a: Golem|Golem-Alola, L93, F|300/300\n|turn|1\n|inactive|Battle timer is ON: inactive players will automatically lose when time's up. (requested by resurrection999)\n|inactive|lahy also wants the timer to be on.\n|\n|t:|1781464129\n|move|p1a: Toucannon|U-turn|p2a: Golem\n|-damage|p2a: Golem|254/300\n|inactive|resurrection999 has 120 seconds left.\n|\n|t:|1781464161\n|switch|p1a: Sudowoodo|Sudowoodo, L94, F|284/284|[from] U-turn\n|move|p2a: Golem|Double-Edge|p1a: Sudowoodo\n|-damage|p1a: Sudowoodo|26/284\n|-damage|p2a: Golem|169/300|[from] Recoil\n|\n|-heal|p1a: Sudowoodo|43/284|[from] item: Leftovers\n|upkeep\n|turn|2\n|\n|t:|1781464188\n|move|p1a: Sudowoodo|Sucker Punch|p2a: Golem\n|-damage|p2a: Golem|129/300\n|move|p2a: Golem|Double-Edge|p1a: Sudowoodo\n|-damage|p1a: Sudowoodo|0 fnt\n|faint|p1a: Sudowoodo\n|-damage|p2a: Golem|115/300|[from] Recoil\n|\n|upkeep\n|inactive|resurrection999 has 120 seconds left.\n|\n|t:|1781464218\n|switch|p1a: Minun|Minun, L95, M|268/268\n|turn|3\n|\n|t:|1781464232\n|switch|p2a: Minun|Minun, L95, M|268/268\n|move|p1a: Minun|Grass Knot|p2a: Minun\n|-damage|p2a: Minun|249/268\n|-damage|p1a: Minun|242/268|[from] item: Life Orb\n|\n|upkeep\n|turn|4\n|\n|t:|1781464251\n|switch|p1a: Kilowattrel|Kilowattrel, L83, M|252/252\n|move|p2a: Minun|Alluring Voice|p1a: Kilowattrel\n|-damage|p1a: Kilowattrel|143/252\n|-damage|p2a: Minun|223/268|[from] item: Life Orb\n|\n|upkeep\n|turn|5\n|\n|t:|1781464266\n|switch|p2a: Golem|Golem-Alola, L93, F|115/300\n|move|p1a: Kilowattrel|Roost|p1a: Kilowattrel\n|-heal|p1a: Kilowattrel|252/252\n|-singleturn|p1a: Kilowattrel|move: Roost\n|\n|upkeep\n|turn|6\n|\n|t:|1781464281\n|move|p1a: Kilowattrel|U-turn|p2a: Golem\n|-damage|p2a: Golem|89/300\n|\n|t:|1781464283\n|switch|p1a: Conkeldurr|Conkeldurr, L80, M|299/299|[from] U-turn\n|move|p2a: Golem|Stone Edge|p1a: Conkeldurr|[miss]\n|-miss|p2a: Golem|p1a: Conkeldurr\n|\n|-status|p1a: Conkeldurr|brn|[from] item: Flame Orb\n|upkeep\n|turn|7\n|\n|t:|1781464289\n|move|p1a: Conkeldurr|Mach Punch|p2a: Golem\n|-supereffective|p2a: Golem\n|-damage|p2a: Golem|0 fnt\n|faint|p2a: Golem\n|\n|-damage|p1a: Conkeldurr|281/299 brn|[from] brn\n|upkeep\n|\n|t:|1781464295\n|switch|p2a: Salamence|Salamence, L77, F|273/273\n|-ability|p2a: Salamence|Intimidate|boost\n|-unboost|p1a: Conkeldurr|atk|1\n|turn|8\n|inactive|resurrection999 has 120 seconds left.\n|\n|t:|1781464321\n|move|p2a: Salamence|Dragon Dance|p2a: Salamence\n|-boost|p2a: Salamence|atk|1\n|-boost|p2a: Salamence|spe|1\n|move|p1a: Conkeldurr|Facade|p2a: Salamence\n|-damage|p2a: Salamence|123/273\n|\n|-damage|p1a: Conkeldurr|263/299 brn|[from] brn\n|upkeep\n|turn|9\n|\n|t:|1781464330\n|-terastallize|p1a: Conkeldurr|Normal\n|move|p2a: Salamence|Dual Wingbeat|p1a: Conkeldurr|[miss]\n|-miss|p2a: Salamence|p1a: Conkeldurr\n|move|p1a: Conkeldurr|Facade|p2a: Salamence\n|-damage|p2a: Salamence|0 fnt\n|faint|p2a: Salamence\n|\n|-damage|p1a: Conkeldurr|245/299 brn|[from] brn\n|upkeep\n|\n|t:|1781464337\n|switch|p2a: Heracross|Heracross, L80, M|259/259\n|turn|10\n|\n|t:|1781464347\n|switch|p1a: Kilowattrel|Kilowattrel, L83, M|252/252\n|move|p2a: Heracross|Close Combat|p1a: Kilowattrel\n|-resisted|p1a: Kilowattrel\n|-damage|p1a: Kilowattrel|153/252\n|-unboost|p2a: Heracross|def|1\n|-unboost|p2a: Heracross|spd|1\n|\n|-status|p2a: Heracross|brn|[from] item: Flame Orb\n|upkeep\n|turn|11\n|\n|t:|1781464361\n|switch|p2a: Copperajah|Copperajah, L86, F|349/349\n|move|p1a: Kilowattrel|Hurricane|p2a: Copperajah\n|-resisted|p2a: Copperajah\n|-damage|p2a: Copperajah|283/349\n|\n|upkeep\n|turn|12\n|\n|t:|1781464389\n|move|p1a: Kilowattrel|U-turn|p2a: Copperajah\n|-resisted|p2a: Copperajah\n|-damage|p2a: Copperajah|261/349\n|\n|t:|1781464391\n|switch|p1a: Minun|Minun, L95, M|242/268|[from] U-turn\n|move|p2a: Copperajah|Heavy Slam|p1a: Minun\n|-resisted|p1a: Minun\n|-damage|p1a: Minun|78/268\n|\n|upkeep\n|turn|13\n|\n|t:|1781464407\n|move|p1a: Minun|Grass Knot|p2a: Copperajah\n|-resisted|p2a: Copperajah\n|-damage|p2a: Copperajah|190/349\n|-damage|p1a: Minun|52/268|[from] item: Life Orb\n|move|p2a: Copperajah|Heavy Slam|p1a: Minun\n|-resisted|p1a: Minun\n|-damage|p1a: Minun|0 fnt\n|faint|p1a: Minun\n|\n|upkeep\n|inactive|resurrection999 has 90 seconds left.\n|\n|t:|1781464421\n|switch|p1a: Conkeldurr|Conkeldurr, L80, M, tera:Normal|245/299 brn\n|turn|14\n|inactive|resurrection999 has 90 seconds left.\n|\n|t:|1781464449\n|move|p1a: Conkeldurr|Facade|p2a: Copperajah\n|-resisted|p2a: Copperajah\n|-damage|p2a: Copperajah|28/349\n|move|p2a: Copperajah|Heavy Slam|p1a: Conkeldurr\n|-damage|p1a: Conkeldurr|2/299 brn\n|\n|-damage|p1a: Conkeldurr|0 fnt|[from] brn\n|faint|p1a: Conkeldurr\n|upkeep\n|\n|t:|1781464453\n|switch|p1a: Palafin|Palafin, L77, F|281/281\n|turn|15\n|\n|t:|1781464459\n|move|p1a: Palafin|Jet Punch|p2a: Copperajah\n|-damage|p2a: Copperajah|0 fnt\n|faint|p2a: Copperajah\n|\n|upkeep\n|\n|t:|1781464463\n|switch|p2a: Heracross|Heracross, L80, M|259/259 brn\n|turn|16\n|inactive|resurrection999 has 90 seconds left.\n|\n|t:|1781464476\n|detailschange|p1a: Palafin|Palafin-Hero, L77, F\n|switch|p1a: Toucannon|Toucannon, L88, F|284/284\n|move|p2a: Heracross|Trailblaze|p1a: Toucannon\n|-resisted|p1a: Toucannon\n|-damage|p1a: Toucannon|250/284\n|-boost|p2a: Heracross|spe|1\n|\n|-damage|p2a: Heracross|243/259 brn|[from] brn\n|upkeep\n|turn|17\n|\n|t:|1781464484\n|-terastallize|p2a: Heracross|Normal\n|-singleturn|p1a: Toucannon|move: Beak Blast\n|move|p2a: Heracross|Facade|p1a: Toucannon\n|-damage|p1a: Toucannon|0 fnt\n|faint|p1a: Toucannon\n|\n|-damage|p2a: Heracross|227/259 brn|[from] brn\n|upkeep\n|inactive|resurrection999 has 90 seconds left.\n|\n|t:|1781464501\n|switch|p1a: Kilowattrel|Kilowattrel, L83, M|153/252\n|turn|18\n|inactive|resurrection999 has 90 seconds left.\n|\n|t:|1781464509\n|move|p2a: Heracross|Facade|p1a: Kilowattrel\n|-damage|p1a: Kilowattrel|0 fnt\n|faint|p1a: Kilowattrel\n|\n|-damage|p2a: Heracross|211/259 brn|[from] brn\n|upkeep\n|\n|t:|1781464512\n|switch|p1a: Palafin|Palafin-Hero, L77, F|281/281\n|-activate|p1a: Palafin|ability: Zero to Hero\n|turn|19\n|\n|t:|1781464515\n|move|p2a: Heracross|Facade|p1a: Palafin\n|-damage|p1a: Palafin|35/281\n|move|p1a: Palafin|Drain Punch|p2a: Heracross\n|-supereffective|p2a: Heracross\n|-damage|p2a: Heracross|47/259 brn\n|-heal|p1a: Palafin|117/281|[from] drain|[of] p2a: Heracross\n|\n|-heal|p1a: Palafin|134/281|[from] item: Leftovers\n|-damage|p2a: Heracross|31/259 brn|[from] brn\n|upkeep\n|turn|20\n|\n|t:|1781464521\n|move|p1a: Palafin|Jet Punch|p2a: Heracross\n|-damage|p2a: Heracross|0 fnt\n|faint|p2a: Heracross\n|\n|-heal|p1a: Palafin|151/281|[from] item: Leftovers\n|upkeep\n|\n|t:|1781464525\n|switch|p2a: Minun|Minun, L95, M|223/268\n|turn|21\n|\n|t:|1781464529\n|move|p1a: Palafin|Jet Punch|p2a: Minun\n|-damage|p2a: Minun|115/268\n|move|p2a: Minun|Thunderbolt|p1a: Palafin\n|-supereffective|p1a: Palafin\n|-damage|p1a: Palafin|0 fnt\n|faint|p1a: Palafin\n|-damage|p2a: Minun|89/268|[from] item: Life Orb\n|\n|win|lahy\n", "inputlog": ">version a8376a258c1d4662feba110a92103f3664a72141\n>start {\"formatid\":\"gen9randombattle\",\"seed\":\"sodium,71945f2af3a0baef4cba43ad5d40ec88\",\"rated\":\"Rated battle\"}\n>player p1 {\"name\":\"resurrection999\",\"avatar\":\"clerk\",\"rating\":1912,\"seed\":\"sodium,c8bd5f6c5e1ee3a303e3af367e58cd76\"}\n>player p2 {\"name\":\"lahy\",\"avatar\":\"cynthia-gen4\",\"rating\":1936,\"seed\":\"sodium,4dd58e65fed1c62671da9d7ff8ef03bc\"}\n>p1 move uturn\n>p2 move doubleedge\n>p1 switch 2\n>p1 move suckerpunch\n>p2 move doubleedge\n>p1 switch 6\n>p1 move grassknot\n>p2 switch 3\n>p1 switch 3\n>p2 move alluringvoice\n>p1 move roost\n>p2 switch 3\n>p1 move uturn\n>p2 move stoneedge\n>p1 switch 4\n>p1 move machpunch\n>p2 move stoneedge\n>p2 switch 4\n>p1 move facade\n>p2 move dragondance\n>p1 move facade terastallize\n>p2 move dualwingbeat\n>p2 switch 5\n>p1 switch 4\n>p2 move closecombat\n>p1 move hurricane\n>p2 switch 2\n>p1 move uturn\n>p2 move heavyslam\n>p1 switch 3\n>p1 move grassknot\n>p2 move heavyslam\n>p1 switch 4\n>p1 move facade\n>p2 move heavyslam\n>p1 switch 5\n>p1 move jetpunch\n>p2 move heavyslam\n>p2 switch 2\n>p1 switch 2\n>p2 move trailblaze\n>p1 move beakblast\n>p2 move facade terastallize\n>p1 switch 3\n>p1 move hurricane\n>p2 move facade\n>p1 switch 2\n>p1 move drainpunch\n>p2 move facade\n>p1 move jetpunch\n>p2 move facade\n>p2 switch 3\n>p1 move jetpunch\n>p2 move thunderbolt", "uploadtime": 1781464111, "views": 6, "formatid": "gen9randombattle", "rating": null, "private": 0, "password": null}