{"id": "gen9randombattle-2631906613", "format": "[Gen 9] Random Battle", "players": ["Circz", "Battlingonthejob"], "log": "|j|\u2606Circz\n|j|\u2606Battlingonthejob\n|t:|1781454265\n|gametype|singles\n|player|p1|Circz|dawn|1939\n|player|p2|Battlingonthejob|wattson|1976\n|gen|9\n|tier|[Gen 9] Random Battle\n|rated|\n|rule|Species Clause: Limit one of each Pok\u00e9mon\n|rule|HP Percentage Mod: HP is shown in percentages\n|rule|Sleep Clause Mod: Limit one foe put to sleep\n|rule|Illusion Level Mod: Illusion disguises the Pok\u00e9mon's true level\n|\n|t:|1781454265\n|teamsize|p1|6\n|teamsize|p2|6\n|start\n|switch|p1a: Camerupt|Camerupt, L91, M|275/275\n|switch|p2a: Sudowoodo|Sudowoodo, L94, F|284/284\n|turn|1\n|inactive|Battle timer is ON: inactive players will automatically lose when time's up. (requested by Circz)\n|\n|t:|1781454275\n|switch|p2a: Altaria|Altaria, L89, M|278/278\n|move|p1a: Camerupt|Will-O-Wisp|p2a: Altaria\n|-status|p2a: Altaria|brn\n|\n|-damage|p2a: Altaria|261/278 brn|[from] brn\n|upkeep\n|turn|2\n|\n|t:|1781454293\n|move|p2a: Altaria|Will-O-Wisp|p1a: Camerupt\n|-immune|p1a: Camerupt\n|move|p1a: Camerupt|Stealth Rock|p2a: Altaria\n|-sidestart|p2: Battlingonthejob|move: Stealth Rock\n|\n|-damage|p2a: Altaria|244/278 brn|[from] brn\n|upkeep\n|turn|3\n|inactive|Circz has 120 seconds left.\n|inactive|Circz has 90 seconds left.\n|\n|t:|1781454360\n|switch|p1a: Komala|Komala, L88, F|258/258\n|-ability|p1a: Komala|Comatose\n|move|p2a: Altaria|Will-O-Wisp|p1a: Komala\n|-immune|p1a: Komala|[from] ability: Comatose\n|\n|-damage|p2a: Altaria|227/278 brn|[from] brn\n|upkeep\n|turn|4\n|inactive|Circz has 90 seconds left.\n|inactive|Circz has 60 seconds left.\n|\n|t:|1781454405\n|move|p1a: Komala|Knock Off|p2a: Altaria\n|-damage|p2a: Altaria|141/278 brn\n|-enditem|p2a: Altaria|Heavy-Duty Boots|[from] move: Knock Off|[of] p1a: Komala\n|move|p2a: Altaria|Defog|p1a: Komala\n|-unboost|p1a: Komala|evasion|1\n|-sideend|p2: Battlingonthejob|Stealth Rock|[from] move: Defog|[of] p2a: Altaria\n|\n|-damage|p2a: Altaria|124/278 brn|[from] brn\n|upkeep\n|turn|5\n|\n|t:|1781454418\n|switch|p1a: Cinccino|Cinccino, L83, F|260/260\n|-curestatus|p2a: Altaria|brn|[from] ability: Natural Cure|[silent]\n|switch|p2a: Regigigas|Regigigas, L84|322/322\n|-start|p2a: Regigigas|ability: Slow Start\n|\n|upkeep\n|turn|6\n|inactive|Circz has 60 seconds left.\n|\n|t:|1781454431\n|move|p1a: Cinccino|U-turn|p2a: Regigigas\n|-damage|p2a: Regigigas|282/322\n|inactive|Circz has 60 seconds left.\n|\n|t:|1781454439\n|switch|p1a: Camerupt|Camerupt, L91, M|275/275|[from] U-turn\n|move|p2a: Regigigas|Knock Off|p1a: Camerupt\n|-damage|p1a: Camerupt|218/275\n|-enditem|p1a: Camerupt|Leftovers|[from] move: Knock Off|[of] p2a: Regigigas\n|\n|-heal|p2a: Regigigas|302/322|[from] item: Leftovers\n|upkeep\n|turn|7\n|\n|t:|1781454443\n|move|p1a: Camerupt|Will-O-Wisp|p2a: Regigigas\n|-status|p2a: Regigigas|brn\n|move|p2a: Regigigas|Substitute|p2a: Regigigas\n|-start|p2a: Regigigas|Substitute\n|-damage|p2a: Regigigas|222/322 brn\n|\n|-heal|p2a: Regigigas|242/322 brn|[from] item: Leftovers\n|-damage|p2a: Regigigas|222/322 brn|[from] brn\n|upkeep\n|turn|8\n|\n|t:|1781454450\n|move|p1a: Camerupt|Stealth Rock|p2a: Regigigas\n|-sidestart|p2: Battlingonthejob|move: Stealth Rock\n|move|p2a: Regigigas|Knock Off|p1a: Camerupt\n|-damage|p1a: Camerupt|198/275\n|\n|-heal|p2a: Regigigas|242/322 brn|[from] item: Leftovers\n|-damage|p2a: Regigigas|222/322 brn|[from] brn\n|upkeep\n|turn|9\n|\n|t:|1781454452\n|move|p1a: Camerupt|Earthquake|p2a: Regigigas\n|-end|p2a: Regigigas|Substitute\n|move|p2a: Regigigas|Body Slam|p1a: Camerupt\n|-damage|p1a: Camerupt|162/275\n|\n|-heal|p2a: Regigigas|242/322 brn|[from] item: Leftovers\n|-damage|p2a: Regigigas|222/322 brn|[from] brn\n|upkeep\n|turn|10\n|\n|t:|1781454455\n|move|p1a: Camerupt|Earthquake|p2a: Regigigas\n|-damage|p2a: Regigigas|107/322 brn\n|move|p2a: Regigigas|Body Slam|p1a: Camerupt\n|-damage|p1a: Camerupt|126/275\n|\n|-heal|p2a: Regigigas|127/322 brn|[from] item: Leftovers\n|-damage|p2a: Regigigas|107/322 brn|[from] brn\n|-end|p2a: Regigigas|Slow Start\n|upkeep\n|turn|11\n|\n|t:|1781454459\n|move|p2a: Regigigas|Body Slam|p1a: Camerupt\n|-damage|p1a: Camerupt|51/275\n|move|p1a: Camerupt|Earthquake|p2a: Regigigas\n|-damage|p2a: Regigigas|0 fnt\n|faint|p2a: Regigigas\n|-end|p2a: Regigigas|Slow Start|[silent]\n|\n|upkeep\n|\n|t:|1781454487\n|switch|p2a: Tyranitar|Tyranitar, L78, F|284/284\n|-damage|p2a: Tyranitar|249/284|[from] Stealth Rock\n|-weather|Sandstorm|[from] ability: Sand Stream|[of] p2a: Tyranitar\n|turn|12\n|\n|t:|1781454492\n|move|p2a: Tyranitar|Knock Off|p1a: Camerupt\n|-damage|p1a: Camerupt|0 fnt\n|faint|p1a: Camerupt\n|\n|-weather|Sandstorm|[upkeep]\n|upkeep\n|\n|t:|1781454500\n|switch|p1a: Scyther|Scyther, L82, M|249/249\n|turn|13\n|\n|t:|1781454520\n|switch|p2a: Altaria|Altaria, L89, M|124/278\n|-damage|p2a: Altaria|55/278|[from] Stealth Rock\n|move|p1a: Scyther|U-turn|p2a: Altaria\n|-resisted|p2a: Altaria\n|-damage|p2a: Altaria|16/278\n|inactive|Circz has 120 seconds left.\n|\n|t:|1781454542\n|switch|p1a: Meganium|Meganium, L90, F|290/290|[from] U-turn\n|\n|-weather|Sandstorm|[upkeep]\n|-damage|p1a: Meganium|272/290|[from] Sandstorm\n|-damage|p2a: Altaria|0 fnt|[from] Sandstorm\n|faint|p2a: Altaria\n|-heal|p1a: Meganium|290/290|[from] item: Leftovers\n|upkeep\n|\n|t:|1781454549\n|switch|p2a: Tyranitar|Tyranitar, L78, F|249/284\n|-damage|p2a: Tyranitar|214/284|[from] Stealth Rock\n|turn|14\n|inactive|Circz has 120 seconds left.\n|\n|t:|1781454580\n|move|p1a: Meganium|Knock Off|p2a: Tyranitar\n|-resisted|p2a: Tyranitar\n|-damage|p2a: Tyranitar|182/284\n|-enditem|p2a: Tyranitar|Weakness Policy|[from] move: Knock Off|[of] p1a: Meganium\n|move|p2a: Tyranitar|Dragon Dance|p2a: Tyranitar\n|-boost|p2a: Tyranitar|atk|1\n|-boost|p2a: Tyranitar|spe|1\n|\n|-weather|Sandstorm|[upkeep]\n|-damage|p1a: Meganium|272/290|[from] Sandstorm\n|-heal|p1a: Meganium|290/290|[from] item: Leftovers\n|upkeep\n|turn|15\n|\n|t:|1781454585\n|move|p2a: Tyranitar|Dragon Dance|p2a: Tyranitar\n|-boost|p2a: Tyranitar|atk|1\n|-boost|p2a: Tyranitar|spe|1\n|move|p1a: Meganium|Dragon Tail|p2a: Tyranitar\n|-damage|p2a: Tyranitar|140/284\n|drag|p2a: Sudowoodo|Sudowoodo, L94, F|284/284\n|-damage|p2a: Sudowoodo|249/284|[from] Stealth Rock\n|\n|-weather|Sandstorm|[upkeep]\n|-damage|p1a: Meganium|272/290|[from] Sandstorm\n|-heal|p1a: Meganium|290/290|[from] item: Leftovers\n|-heal|p2a: Sudowoodo|266/284|[from] item: Leftovers\n|upkeep\n|turn|16\n|inactive|Circz has 120 seconds left.\n|-message|Battlingonthejob forfeited.\n|\n|win|Circz\n", "uploadtime": 1781454267, "views": 3, "formatid": "gen9randombattle", "rating": null, "private": 0, "password": null}