{"id": "gen9randombattle-2631523782", "format": "[Gen 9] Random Battle", "players": ["OGKUSHONDECK", "noocha"], "log": "|j|\u2606OGKUSHONDECK\n|j|\u2606noocha\n|t:|1781396332\n|gametype|singles\n|player|p1|OGKUSHONDECK|biker-gen1rb|2028\n|player|p2|noocha|hanbei-conquest|2007\n|gen|9\n|tier|[Gen 9] Random Battle\n|rated|\n|rule|Species Clause: Limit one of each Pok\u00e9mon\n|rule|HP Percentage Mod: HP is shown in percentages\n|rule|Sleep Clause Mod: Limit one foe put to sleep\n|rule|Illusion Level Mod: Illusion disguises the Pok\u00e9mon's true level\n|\n|t:|1781396332\n|teamsize|p1|6\n|teamsize|p2|6\n|start\n|switch|p1a: Rillaboom|Rillaboom, L79, M|288/288\n|switch|p2a: Oinkologne|Oinkologne-F, L92, F|361/361\n|-fieldstart|move: Grassy Terrain|[from] ability: Grassy Surge|[of] p1a: Rillaboom\n|turn|1\n|\n|t:|1781396342\n|move|p1a: Rillaboom|Wood Hammer|p2a: Oinkologne\n|-damage|p2a: Oinkologne|61/361\n|-damage|p1a: Rillaboom|189/288|[from] Recoil\n|move|p2a: Oinkologne|Curse|p2a: Oinkologne\n|-unboost|p2a: Oinkologne|spe|1\n|-boost|p2a: Oinkologne|atk|1\n|-boost|p2a: Oinkologne|def|1\n|\n|-heal|p1a: Rillaboom|207/288|[from] Grassy Terrain\n|-heal|p2a: Oinkologne|83/361|[from] Grassy Terrain\n|-heal|p2a: Oinkologne|105/361|[from] item: Leftovers\n|upkeep\n|turn|2\n|inactive|Battle timer is ON: inactive players will automatically lose when time's up. (requested by OGKUSHONDECK)\n|\n|t:|1781396349\n|move|p1a: Rillaboom|Wood Hammer|p2a: Oinkologne\n|-damage|p2a: Oinkologne|0 fnt\n|faint|p2a: Oinkologne\n|-damage|p1a: Rillaboom|172/288|[from] Recoil\n|\n|-heal|p1a: Rillaboom|190/288|[from] Grassy Terrain\n|upkeep\n|\n|t:|1781396351\n|switch|p2a: Regidrago|Regidrago, L77|435/435\n|turn|3\n|\n|t:|1781396362\n|move|p1a: Rillaboom|Wood Hammer|p2a: Regidrago\n|-resisted|p2a: Regidrago\n|-damage|p2a: Regidrago|237/435\n|-damage|p1a: Rillaboom|125/288|[from] Recoil\n|move|p2a: Regidrago|Dragon Dance|p2a: Regidrago\n|-boost|p2a: Regidrago|atk|1\n|-boost|p2a: Regidrago|spe|1\n|\n|-heal|p2a: Regidrago|264/435|[from] Grassy Terrain\n|-heal|p1a: Rillaboom|143/288|[from] Grassy Terrain\n|upkeep\n|turn|4\n|\n|t:|1781396377\n|move|p2a: Regidrago|Dragon Claw|p1a: Rillaboom\n|-damage|p1a: Rillaboom|0 fnt\n|faint|p1a: Rillaboom\n|-damage|p2a: Regidrago|221/435|[from] item: Life Orb\n|\n|-heal|p2a: Regidrago|248/435|[from] Grassy Terrain\n|upkeep\n|\n|t:|1781396379\n|switch|p1a: Cloyster|Cloyster, L80, M|211/211\n|turn|5\n|\n|t:|1781396392\n|move|p2a: Regidrago|Dragon Dance|p2a: Regidrago\n|-boost|p2a: Regidrago|atk|1\n|-boost|p2a: Regidrago|spe|1\n|move|p1a: Cloyster|Shell Smash|p1a: Cloyster\n|-unboost|p1a: Cloyster|def|1\n|-unboost|p1a: Cloyster|spd|1\n|-boost|p1a: Cloyster|atk|2\n|-boost|p1a: Cloyster|spa|2\n|-boost|p1a: Cloyster|spe|2\n|-enditem|p1a: Cloyster|White Herb\n|-clearnegativeboost|p1a: Cloyster|[silent]\n|\n|-heal|p2a: Regidrago|275/435|[from] Grassy Terrain\n|-fieldend|move: Grassy Terrain\n|upkeep\n|turn|6\n|\n|t:|1781396398\n|move|p2a: Regidrago|Dragon Claw|p1a: Cloyster\n|-damage|p1a: Cloyster|36/211\n|-damage|p2a: Regidrago|232/435|[from] item: Life Orb\n|move|p1a: Cloyster|Icicle Spear|p2a: Regidrago\n|-supereffective|p2a: Regidrago\n|-damage|p2a: Regidrago|70/435\n|-supereffective|p2a: Regidrago\n|-crit|p2a: Regidrago\n|-damage|p2a: Regidrago|0 fnt\n|faint|p2a: Regidrago\n|-hitcount|p2: Regidrago|2\n|\n|upkeep\n|\n|t:|1781396405\n|switch|p2a: Grimmsnarl|Grimmsnarl, L83, M|293/293\n|turn|7\n|\n|t:|1781396418\n|move|p2a: Grimmsnarl|Reflect|p2a: Grimmsnarl\n|-sidestart|p2: noocha|Reflect\n|move|p1a: Cloyster|Icicle Spear|p2a: Grimmsnarl\n|-damage|p2a: Grimmsnarl|260/293\n|-damage|p2a: Grimmsnarl|227/293\n|-damage|p2a: Grimmsnarl|197/293\n|-damage|p2a: Grimmsnarl|168/293\n|-damage|p2a: Grimmsnarl|140/293\n|-hitcount|p2a: Grimmsnarl|5\n|\n|upkeep\n|turn|8\n|\n|t:|1781396422\n|move|p2a: Grimmsnarl|Light Screen|p2a: Grimmsnarl\n|-sidestart|p2: noocha|move: Light Screen\n|move|p1a: Cloyster|Icicle Spear|p2a: Grimmsnarl\n|-damage|p2a: Grimmsnarl|111/293\n|-damage|p2a: Grimmsnarl|81/293\n|-damage|p2a: Grimmsnarl|48/293\n|-damage|p2a: Grimmsnarl|18/293\n|-damage|p2a: Grimmsnarl|0 fnt\n|faint|p2a: Grimmsnarl\n|-hitcount|p2: Grimmsnarl|5\n|\n|upkeep\n|\n|t:|1781396425\n|switch|p2a: Metagross|Metagross, L79|256/256\n|turn|9\n|\n|t:|1781396430\n|move|p1a: Cloyster|Hydro Pump|p2a: Metagross\n|-damage|p2a: Metagross|163/256\n|move|p2a: Metagross|Psychic Fangs|p1a: Cloyster\n|-damage|p1a: Cloyster|0 fnt\n|faint|p1a: Cloyster\n|\n|-heal|p2a: Metagross|179/256|[from] item: Leftovers\n|upkeep\n|\n|t:|1781396435\n|switch|p1a: Appletun|Appletun, L92, M|352/352\n|turn|10\n|\n|t:|1781396439\n|move|p2a: Metagross|Stealth Rock|p1a: Appletun\n|-sidestart|p1: OGKUSHONDECK|move: Stealth Rock\n|move|p1a: Appletun|Leech Seed|p2a: Metagross\n|-start|p2a: Metagross|move: Leech Seed\n|\n|-heal|p2a: Metagross|195/256|[from] item: Leftovers\n|-damage|p2a: Metagross|163/256|[from] Leech Seed|[of] p1a: Appletun\n|upkeep\n|turn|11\n|\n|t:|1781396446\n|switch|p2a: Glimmora|Glimmora, L75, M|248/248\n|move|p1a: Appletun|Apple Acid|p2a: Glimmora\n|-damage|p2a: Glimmora|209/248\n|-unboost|p2a: Glimmora|spd|1\n|\n|upkeep\n|turn|12\n|\n|t:|1781396469\n|-terastallize|p1a: Appletun|Steel\n|move|p2a: Glimmora|Sludge Wave|p1a: Appletun\n|-immune|p1a: Appletun\n|move|p1a: Appletun|Leech Seed|p2a: Glimmora\n|-start|p2a: Glimmora|move: Leech Seed\n|\n|-damage|p2a: Glimmora|178/248|[from] Leech Seed|[of] p1a: Appletun\n|upkeep\n|turn|13\n|\n|t:|1781396478\n|move|p2a: Glimmora|Earth Power|p1a: Appletun\n|-supereffective|p1a: Appletun\n|-damage|p1a: Appletun|218/352\n|move|p1a: Appletun|Recover|p1a: Appletun\n|-heal|p1a: Appletun|352/352\n|\n|-damage|p2a: Glimmora|147/248|[from] Leech Seed|[of] p1a: Appletun\n|upkeep\n|turn|14\n|\n|t:|1781396481\n|move|p2a: Glimmora|Earth Power|p1a: Appletun\n|-supereffective|p1a: Appletun\n|-damage|p1a: Appletun|232/352\n|move|p1a: Appletun|Recover|p1a: Appletun\n|-heal|p1a: Appletun|352/352\n|\n|-damage|p2a: Glimmora|116/248|[from] Leech Seed|[of] p1a: Appletun\n|-sideend|p2: noocha|Reflect\n|upkeep\n|turn|15\n|\n|t:|1781396489\n|move|p2a: Glimmora|Earth Power|p1a: Appletun\n|-supereffective|p1a: Appletun\n|-damage|p1a: Appletun|232/352\n|move|p1a: Appletun|Recover|p1a: Appletun\n|-heal|p1a: Appletun|352/352\n|\n|-damage|p2a: Glimmora|85/248|[from] Leech Seed|[of] p1a: Appletun\n|-sideend|p2: noocha|move: Light Screen\n|upkeep\n|turn|16\n|\n|t:|1781396499\n|switch|p1a: Zapdos|Zapdos-Galar, L77|265/265\n|-damage|p1a: Zapdos|232/265|[from] Stealth Rock\n|move|p2a: Glimmora|Earth Power|p1a: Zapdos\n|-immune|p1a: Zapdos\n|\n|-damage|p2a: Glimmora|54/248|[from] Leech Seed|[of] p1a: Zapdos\n|-heal|p1a: Zapdos|263/265|[silent]\n|upkeep\n|turn|17\n|\n|t:|1781396508\n|move|p1a: Zapdos|Knock Off|p2a: Glimmora\n|-damage|p2a: Glimmora|0 fnt\n|-activate|p2a: Glimmora|ability: Toxic Debris\n|-sidestart|p1: OGKUSHONDECK|move: Toxic Spikes\n|-enditem|p2a: Glimmora|Assault Vest|[from] move: Knock Off|[of] p1a: Zapdos\n|faint|p2a: Glimmora\n|-damage|p1a: Zapdos|237/265|[from] item: Life Orb\n|\n|upkeep\n|\n|t:|1781396513\n|switch|p2a: Bruxish|Bruxish, L85, F|254/254\n|turn|18\n|\n|t:|1781396524\n|move|p2a: Bruxish|Swords Dance|p2a: Bruxish\n|-boost|p2a: Bruxish|atk|2\n|move|p1a: Zapdos|Knock Off|p2a: Bruxish\n|-supereffective|p2a: Bruxish\n|-damage|p2a: Bruxish|41/254\n|-enditem|p2a: Bruxish|Life Orb|[from] move: Knock Off|[of] p1a: Zapdos\n|-damage|p1a: Zapdos|211/265|[from] item: Life Orb\n|\n|upkeep\n|turn|19\n|\n|t:|1781396528\n|move|p2a: Bruxish|Psychic Fangs|p1a: Zapdos\n|-supereffective|p1a: Zapdos\n|-damage|p1a: Zapdos|0 fnt\n|faint|p1a: Zapdos\n|\n|upkeep\n|\n|t:|1781396531\n|switch|p1a: Weavile|Weavile, L79, M|240/240\n|turn|20\n|\n|t:|1781396537\n|move|p2a: Bruxish|Aqua Jet|p1a: Weavile\n|-damage|p1a: Weavile|125/240\n|move|p1a: Weavile|Knock Off|p2a: Bruxish\n|-supereffective|p2a: Bruxish\n|-damage|p2a: Bruxish|0 fnt\n|faint|p2a: Bruxish\n|\n|upkeep\n|\n|t:|1781396539\n|switch|p2a: Metagross|Metagross, L79|163/256\n|turn|21\n|\n|t:|1781396542\n|move|p2a: Metagross|Bullet Punch|p1a: Weavile\n|-supereffective|p1a: Weavile\n|-damage|p1a: Weavile|5/240\n|move|p1a: Weavile|Knock Off|p2a: Metagross\n|-supereffective|p2a: Metagross\n|-damage|p2a: Metagross|1/256\n|-enditem|p2a: Metagross|Leftovers|[from] move: Knock Off|[of] p1a: Weavile\n|\n|upkeep\n|turn|22\n|\n|t:|1781396546\n|move|p1a: Weavile|Ice Shard|p2a: Metagross\n|-resisted|p2a: Metagross\n|-damage|p2a: Metagross|0 fnt\n|faint|p2a: Metagross\n|\n|win|OGKUSHONDECK\n", "inputlog": ">version a8376a258c1d4662feba110a92103f3664a72141\n>start {\"formatid\":\"gen9randombattle\",\"seed\":\"sodium,9928781ad059bc4e5f950136e77db0ab\",\"rated\":\"Rated battle\"}\n>player p1 {\"name\":\"OGKUSHONDECK\",\"avatar\":\"biker-gen1rb\",\"rating\":2028,\"seed\":\"sodium,1b686cf8965df6fdddac512dd3e1ccaa\"}\n>player p2 {\"name\":\"noocha\",\"avatar\":\"hanbei-conquest\",\"rating\":2007,\"seed\":\"sodium,b12615a6da3263ef7f67ba62a101620c\"}\n>p1 move woodhammer\n>p2 move curse\n>p1 move woodhammer\n>p2 move rest\n>p2 switch 5\n>p1 move woodhammer\n>p2 move dragondance\n>p1 move woodhammer\n>p2 move dragonclaw\n>p1 switch 2\n>p1 move shellsmash\n>p2 move dragondance\n>p1 move iciclespear\n>p2 move dragonclaw\n>p2 switch 6\n>p1 move iciclespear\n>p2 move reflect\n>p1 move iciclespear\n>p2 move lightscreen\n>p2 switch 4\n>p1 move hydropump\n>p2 move psychicfangs\n>p1 switch 6\n>p1 move leechseed\n>p2 move stealthrock\n>p1 move appleacid\n>p2 switch 3\n>p1 move leechseed terastallize\n>p2 move sludgewave\n>p1 move recover\n>p2 move earthpower\n>p1 move recover\n>p2 move earthpower\n>p1 move recover\n>p2 move earthpower\n>p1 switch 3\n>p2 move earthpower\n>p1 move knockoff\n>p2 move sludgewave\n>p2 switch 2\n>p1 move knockoff\n>p2 move swordsdance\n>p1 move knockoff\n>p2 move psychicfangs\n>p1 switch 5\n>p1 move knockoff\n>p2 move aquajet\n>p2 switch 3\n>p1 move knockoff\n>p2 move bulletpunch\n>p1 move iceshard\n>p2 move bulletpunch", "uploadtime": 1781396334, "views": 8, "formatid": "gen9randombattle", "rating": null, "private": 0, "password": null}