{"id": "gen9randombattle-2631395959", "format": "[Gen 9] Random Battle", "players": ["WhatEver2102", "thuggernaut"], "log": "|j|\u2606WhatEver2102\n|j|\u2606thuggernaut\n|t:|1781379625\n|gametype|singles\n|player|p1|WhatEver2102|juan|1989\n|player|p2|thuggernaut|266|2083\n|gen|9\n|tier|[Gen 9] Random Battle\n|rated|\n|rule|Species Clause: Limit one of each Pok\u00e9mon\n|rule|HP Percentage Mod: HP is shown in percentages\n|rule|Sleep Clause Mod: Limit one foe put to sleep\n|rule|Illusion Level Mod: Illusion disguises the Pok\u00e9mon's true level\n|\n|t:|1781379625\n|teamsize|p1|6\n|teamsize|p2|6\n|start\n|switch|p1a: Ogerpon|Ogerpon, L80, F|259/259\n|switch|p2a: Cobalion|Cobalion, L80|277/277\n|turn|1\n|\n|t:|1781379691\n|switch|p1a: Sandslash|Sandslash, L89, F|278/278\n|move|p2a: Cobalion|Iron Head|p1a: Sandslash\n|-damage|p1a: Sandslash|221/278\n|\n|upkeep\n|turn|2\n|\n|t:|1781379738\n|switch|p2a: Iron Leaves|Iron Leaves, L80|275/275\n|move|p1a: Sandslash|Earthquake|p2a: Iron Leaves\n|-resisted|p2a: Iron Leaves\n|-damage|p2a: Iron Leaves|214/275\n|\n|upkeep\n|turn|3\n|\n|t:|1781379742\n|switch|p1a: Talonflame|Talonflame, L83, M|265/265\n|move|p2a: Iron Leaves|Leaf Blade|p1a: Talonflame\n|-resisted|p1a: Talonflame\n|-damage|p1a: Talonflame|218/265\n|-status|p2a: Iron Leaves|brn|[from] ability: Flame Body|[of] p1a: Talonflame\n|\n|-damage|p2a: Iron Leaves|197/275 brn|[from] brn\n|upkeep\n|turn|4\n|\n|t:|1781379750\n|-end|p2a: Iron Leaves|Quark Drive|[silent]\n|switch|p2a: Diancie|Diancie, L82|216/216\n|move|p1a: Talonflame|U-turn|p2a: Diancie\n|-resisted|p2a: Diancie\n|-damage|p2a: Diancie|202/216\n|\n|t:|1781379755\n|switch|p1a: Sandslash|Sandslash, L89, F|221/278|[from] U-turn\n|\n|upkeep\n|turn|5\n|inactive|Battle timer is ON: inactive players will automatically lose when time's up. (requested by WhatEver2102)\n|\n|t:|1781379833\n|switch|p2a: Exeggutor|Exeggutor-Alola, L89, F|314/314\n|move|p1a: Sandslash|Earthquake|p2a: Exeggutor\n|-resisted|p2a: Exeggutor\n|-damage|p2a: Exeggutor|251/314\n|\n|upkeep\n|turn|6\n|\n|t:|1781379852\n|switch|p1a: Bombirdier|Bombirdier, L85, M|258/258\n|move|p2a: Exeggutor|Knock Off|p1a: Bombirdier\n|-resisted|p1a: Bombirdier\n|-damage|p1a: Bombirdier|214/258\n|-enditem|p1a: Bombirdier|Heavy-Duty Boots|[from] move: Knock Off|[of] p2a: Exeggutor\n|\n|upkeep\n|turn|7\n|\n|t:|1781379882\n|switch|p2a: Cobalion|Cobalion, L80|277/277\n|move|p1a: Bombirdier|Knock Off|p2a: Cobalion\n|-resisted|p2a: Cobalion\n|-damage|p2a: Cobalion|232/277\n|-ability|p2a: Cobalion|Justified|boost\n|-boost|p2a: Cobalion|atk|1\n|-enditem|p2a: Cobalion|Leftovers|[from] move: Knock Off|[of] p1a: Bombirdier\n|\n|upkeep\n|turn|8\n|\n|t:|1781379897\n|move|p2a: Cobalion|Swords Dance|p2a: Cobalion\n|-boost|p2a: Cobalion|atk|2\n|move|p1a: Bombirdier|Brave Bird|p2a: Cobalion\n|-damage|p2a: Cobalion|132/277\n|-damage|p1a: Bombirdier|181/258|[from] Recoil\n|\n|upkeep\n|turn|9\n|inactive|thuggernaut has 120 seconds left.\n|\n|t:|1781379931\n|switch|p1a: Sandslash|Sandslash, L89, F|221/278\n|move|p2a: Cobalion|Close Combat|p1a: Sandslash\n|-damage|p1a: Sandslash|7/278\n|-unboost|p2a: Cobalion|def|1\n|-unboost|p2a: Cobalion|spd|1\n|\n|upkeep\n|turn|10\n|inactive|WhatEver2102 has 120 seconds left.\n|inactive|thuggernaut has 90 seconds left.\n|\n|t:|1781379964\n|move|p2a: Cobalion|Iron Head|p1a: Sandslash\n|-damage|p1a: Sandslash|0 fnt\n|faint|p1a: Sandslash\n|\n|upkeep\n|inactive|WhatEver2102 has 120 seconds left.\n|\n|t:|1781379989\n|switch|p1a: Lumineon|Lumineon, L93, F|279/279\n|turn|11\n|\n|t:|1781380001\n|move|p1a: Lumineon|Alluring Voice|p2a: Cobalion\n|-damage|p2a: Cobalion|1/277\n|-damage|p1a: Lumineon|252/279|[from] item: Life Orb\n|move|p2a: Cobalion|Close Combat|p1a: Lumineon\n|-damage|p1a: Lumineon|0 fnt\n|-unboost|p2a: Cobalion|def|1\n|-unboost|p2a: Cobalion|spd|1\n|faint|p1a: Lumineon\n|\n|upkeep\n|\n|t:|1781380008\n|switch|p1a: Talonflame|Talonflame, L83, M|218/265\n|turn|12\n|inactive|thuggernaut has 90 seconds left.\n|\n|t:|1781380034\n|move|p1a: Talonflame|Brave Bird|p2a: Cobalion\n|-damage|p2a: Cobalion|0 fnt\n|faint|p2a: Cobalion\n|-damage|p1a: Talonflame|217/265|[from] Recoil\n|\n|upkeep\n|\n|t:|1781380062\n|switch|p2a: Diancie|Diancie, L82|202/216\n|turn|13\n|\n|t:|1781380074\n|move|p1a: Talonflame|U-turn|p2a: Diancie\n|-resisted|p2a: Diancie\n|-damage|p2a: Diancie|188/216\n|\n|t:|1781380079\n|switch|p1a: Ogerpon|Ogerpon, L80, F|259/259|[from] U-turn\n|move|p2a: Diancie|Diamond Storm|p1a: Ogerpon\n|-damage|p1a: Ogerpon|144/259\n|-boost|p2a: Diancie|def|2\n|\n|upkeep\n|turn|14\n|\n|t:|1781380100\n|switch|p2a: Exeggutor|Exeggutor-Alola, L89, F|251/314\n|move|p1a: Ogerpon|Ivy Cudgel|p2a: Exeggutor\n|-resisted|p2a: Exeggutor\n|-crit|p2a: Exeggutor\n|-damage|p2a: Exeggutor|195/314\n|-damage|p1a: Ogerpon|119/259|[from] item: Life Orb\n|\n|upkeep\n|turn|15\n|\n|t:|1781380110\n|move|p1a: Ogerpon|Knock Off|p2a: Exeggutor\n|-damage|p2a: Exeggutor|103/314\n|-enditem|p2a: Exeggutor|Sitrus Berry|[from] move: Knock Off|[of] p1a: Ogerpon\n|-damage|p1a: Ogerpon|94/259|[from] item: Life Orb\n|move|p2a: Exeggutor|Draco Meteor|p1a: Ogerpon\n|-damage|p1a: Ogerpon|0 fnt\n|-unboost|p2a: Exeggutor|spa|2\n|faint|p1a: Ogerpon\n|\n|upkeep\n|inactive|WhatEver2102 has 120 seconds left.\n|\n|t:|1781380124\n|switch|p1a: Bombirdier|Bombirdier, L85, M|181/258\n|turn|16\n|\n|t:|1781380133\n|move|p1a: Bombirdier|Brave Bird|p2a: Exeggutor\n|-supereffective|p2a: Exeggutor\n|-damage|p2a: Exeggutor|0 fnt\n|faint|p2a: Exeggutor\n|-damage|p1a: Bombirdier|147/258|[from] Recoil\n|\n|upkeep\n|\n|t:|1781380148\n|switch|p2a: Diancie|Diancie, L82|188/216\n|turn|17\n|\n|t:|1781380152\n|move|p1a: Bombirdier|Knock Off|p2a: Diancie\n|-resisted|p2a: Diancie\n|-damage|p2a: Diancie|149/216\n|-enditem|p2a: Diancie|Assault Vest|[from] move: Knock Off|[of] p1a: Bombirdier\n|move|p2a: Diancie|Diamond Storm|p1a: Bombirdier\n|-supereffective|p1a: Bombirdier\n|-damage|p1a: Bombirdier|0 fnt\n|-boost|p2a: Diancie|def|2\n|faint|p1a: Bombirdier\n|\n|upkeep\n|\n|t:|1781380156\n|switch|p1a: Eiscue|Eiscue, L88, M|274/274\n|turn|18\n|\n|t:|1781380170\n|move|p1a: Eiscue|Belly Drum|p1a: Eiscue\n|-damage|p1a: Eiscue|137/274\n|-setboost|p1a: Eiscue|atk|6|[from] move: Belly Drum\n|-enditem|p1a: Eiscue|Sitrus Berry|[eat]\n|-heal|p1a: Eiscue|205/274|[from] item: Sitrus Berry\n|move|p2a: Diancie|Moonblast|p1a: Eiscue\n|-damage|p1a: Eiscue|120/274\n|\n|upkeep\n|turn|19\n|inactive|thuggernaut has 90 seconds left.\n|\n|t:|1781380189\n|-terastallize|p1a: Eiscue|Water\n|move|p1a: Eiscue|Liquidation|p2a: Diancie\n|-supereffective|p2a: Diancie\n|-damage|p2a: Diancie|0 fnt\n|faint|p2a: Diancie\n|\n|upkeep\n|inactive|thuggernaut has 90 seconds left.\n|\n|t:|1781380198\n|switch|p2a: Frosmoth|Frosmoth, L82, M|249/249\n|turn|20\n|\n|t:|1781380204\n|move|p2a: Frosmoth|Bug Buzz|p1a: Eiscue\n|-damage|p1a: Eiscue|9/274\n|move|p1a: Eiscue|Liquidation|p2a: Frosmoth\n|-damage|p2a: Frosmoth|0 fnt\n|faint|p2a: Frosmoth\n|\n|upkeep\n|\n|t:|1781380213\n|switch|p2a: Ambipom|Ambipom, L84, F|263/263\n|turn|21\n|\n|t:|1781380218\n|move|p2a: Ambipom|Fake Out|p1a: Eiscue\n|-activate|p1a: Eiscue|ability: Ice Face\n|-damage|p1a: Eiscue|9/274\n|detailschange|p1a: Eiscue|Eiscue-Noice, L88, M, tera:Water\n|cant|p1a: Eiscue|flinch\n|\n|upkeep\n|turn|22\n|\n|t:|1781380227\n|switch|p2a: Iron Leaves|Iron Leaves, L80|197/275 brn\n|move|p1a: Eiscue|Ice Spinner|p2a: Iron Leaves\n|-supereffective|p2a: Iron Leaves\n|-damage|p2a: Iron Leaves|0 fnt\n|faint|p2a: Iron Leaves\n|-end|p2a: Iron Leaves|Quark Drive|[silent]\n|\n|upkeep\n|\n|t:|1781380229\n|switch|p2a: Ambipom|Ambipom, L84, F|263/263\n|turn|23\n|\n|t:|1781380233\n|-terastallize|p2a: Ambipom|Normal\n|move|p2a: Ambipom|Fake Out|p1a: Eiscue\n|-damage|p1a: Eiscue|0 fnt\n|faint|p1a: Eiscue\n|\n|upkeep\n|\n|t:|1781380236\n|switch|p1a: Talonflame|Talonflame, L83, M|217/265\n|turn|24\n|\n|t:|1781380247\n|move|p1a: Talonflame|Brave Bird|p2a: Ambipom\n|-damage|p2a: Ambipom|128/263\n|-damage|p1a: Talonflame|172/265|[from] Recoil\n|move|p2a: Ambipom|Double-Edge|p1a: Talonflame\n|-damage|p1a: Talonflame|0 fnt\n|-status|p2a: Ambipom|brn|[from] ability: Flame Body|[of] p1a: Talonflame\n|faint|p1a: Talonflame\n|-damage|p2a: Ambipom|71/263 brn|[from] Recoil\n|\n|win|thuggernaut\n", "inputlog": ">version a8376a258c1d4662feba110a92103f3664a72141\n>start {\"formatid\":\"gen9randombattle\",\"seed\":\"sodium,ca3df1ca2d251dd7c25fb578fe1528a2\",\"rated\":\"Rated battle\"}\n>player p1 {\"name\":\"WhatEver2102\",\"avatar\":\"juan\",\"rating\":1989,\"seed\":\"sodium,4a45487e7d43ec924aaa389e6186e00a\"}\n>player p2 {\"name\":\"thuggernaut\",\"avatar\":\"266\",\"rating\":2083,\"seed\":\"sodium,a52f55ab73ae6609cb89583333152bba\"}\n>p1 switch 2\n>p2 move ironhead\n>p1 move earthquake\n>p2 switch 4\n>p1 switch 3\n>p2 move leafblade\n>p1 move uturn\n>p2 switch 6\n>p1 switch 3\n>p1 move earthquake\n>p2 switch 5\n>p1 switch 5\n>p2 move knockoff\n>p1 move knockoff\n>p2 switch 4\n>p1 move bravebird\n>p2 move swordsdance\n>p1 switch 5\n>p2 move closecombat\n>p1 move earthquake\n>p2 move ironhead\n>p1 switch 6\n>p1 move alluringvoice\n>p2 move closecombat\n>p1 switch 3\n>p1 move bravebird\n>p2 move closecombat\n>p2 switch 5\n>p1 move uturn\n>p2 move diamondstorm\n>p1 switch 2\n>p1 move ivycudgel\n>p2 switch 4\n>p1 move knockoff\n>p2 move dracometeor\n>p1 switch 5\n>p1 move bravebird\n>p2 move dracometeor\n>p2 switch 4\n>p1 move knockoff\n>p2 move diamondstorm\n>p1 switch 4\n>p1 move bellydrum\n>p2 move moonblast\n>p1 move liquidation terastallize\n>p2 move moonblast\n>p2 switch 2\n>p1 move liquidation\n>p2 move bugbuzz\n>p2 switch 3\n>p1 move liquidation\n>p2 move fakeout\n>p1 move icespinner\n>p2 switch 6\n>p2 switch 6\n>p1 move liquidation\n>p2 move fakeout terastallize\n>p1 switch 2\n>p1 move bravebird\n>p2 move doubleedge", "uploadtime": 1781379628, "views": 8, "formatid": "gen9randombattle", "rating": null, "private": 0, "password": null}