{"id": "gen9randombattle-2631939125", "format": "[Gen 9] Random Battle", "players": ["itsbaloney", "christiansraw"], "log": "|j|\u2606itsbaloney\n|j|\u2606christiansraw\n|t:|1781457818\n|gametype|singles\n|player|p1|itsbaloney|giovanni|1992\n|player|p2|christiansraw|265|1936\n|gen|9\n|tier|[Gen 9] Random Battle\n|rated|\n|rule|Species Clause: Limit one of each Pok\u00e9mon\n|rule|HP Percentage Mod: HP is shown in percentages\n|rule|Sleep Clause Mod: Limit one foe put to sleep\n|rule|Illusion Level Mod: Illusion disguises the Pok\u00e9mon's true level\n|\n|t:|1781457818\n|teamsize|p1|6\n|teamsize|p2|6\n|start\n|switch|p1a: Empoleon|Empoleon, L84, M|278/278\n|switch|p2a: Azumarill|Azumarill, L82, M|298/298\n|turn|1\n|inactive|Battle timer is ON: inactive players will automatically lose when time's up. (requested by itsbaloney)\n|\n|t:|1781457840\n|move|p1a: Empoleon|Knock Off|p2a: Azumarill\n|-resisted|p2a: Azumarill\n|-crit|p2a: Azumarill\n|-damage|p2a: Azumarill|244/298\n|-enditem|p2a: Azumarill|Choice Band|[from] move: Knock Off|[of] p1a: Empoleon\n|move|p2a: Azumarill|Knock Off|p1a: Empoleon\n|-damage|p1a: Empoleon|194/278\n|-enditem|p1a: Empoleon|Leftovers|[from] move: Knock Off|[of] p2a: Azumarill\n|\n|upkeep\n|turn|2\n|\n|t:|1781457845\n|move|p1a: Empoleon|Stealth Rock|p2a: Azumarill\n|-sidestart|p2: christiansraw|move: Stealth Rock\n|move|p2a: Azumarill|Liquidation|p1a: Empoleon\n|-resisted|p1a: Empoleon\n|-damage|p1a: Empoleon|145/278\n|-unboost|p1a: Empoleon|def|1\n|-ability|p1a: Empoleon|Competitive|boost\n|-boost|p1a: Empoleon|spa|2\n|\n|upkeep\n|turn|3\n|\n|t:|1781457852\n|move|p1a: Empoleon|Roost|p1a: Empoleon\n|-heal|p1a: Empoleon|278/278\n|-singleturn|p1a: Empoleon|move: Roost\n|move|p2a: Azumarill|Liquidation|p1a: Empoleon\n|-resisted|p1a: Empoleon\n|-damage|p1a: Empoleon|196/278\n|\n|upkeep\n|turn|4\n|\n|t:|1781457860\n|switch|p1a: Kilowattrel|Kilowattrel, L83, M|252/252\n|move|p2a: Azumarill|Liquidation|p1a: Kilowattrel\n|-damage|p1a: Kilowattrel|104/252\n|\n|upkeep\n|turn|5\n|\n|t:|1781457869\n|move|p2a: Azumarill|Aqua Jet|p1a: Kilowattrel\n|-damage|p1a: Kilowattrel|40/252\n|move|p1a: Kilowattrel|Thunderbolt|p2a: Azumarill\n|-supereffective|p2a: Azumarill\n|-damage|p2a: Azumarill|28/298\n|\n|upkeep\n|turn|6\n|\n|t:|1781457876\n|switch|p1a: Serperior|Serperior, L79, F|248/248\n|move|p2a: Azumarill|Liquidation|p1a: Serperior\n|-resisted|p1a: Serperior\n|-damage|p1a: Serperior|194/248\n|\n|upkeep\n|turn|7\n|\n|t:|1781457884\n|move|p2a: Azumarill|Aqua Jet|p1a: Serperior\n|-resisted|p1a: Serperior\n|-damage|p1a: Serperior|169/248\n|move|p1a: Serperior|Leaf Storm|p2a: Azumarill\n|-supereffective|p2a: Azumarill\n|-damage|p2a: Azumarill|0 fnt\n|-boost|p1a: Serperior|spa|2\n|faint|p2a: Azumarill\n|-damage|p1a: Serperior|145/248|[from] item: Life Orb\n|\n|upkeep\n|\n|t:|1781457894\n|switch|p2a: Jirachi|Jirachi, L80|291/291\n|-damage|p2a: Jirachi|273/291|[from] Stealth Rock\n|turn|8\n|\n|t:|1781457898\n|move|p1a: Serperior|Glare|p2a: Jirachi\n|-status|p2a: Jirachi|par\n|cant|p2a: Jirachi|par\n|\n|upkeep\n|turn|9\n|\n|t:|1781457905\n|switch|p1a: Gholdengo|Gholdengo, L77|261/261\n|move|p2a: Jirachi|Body Slam|p1a: Gholdengo\n|-immune|p1a: Gholdengo\n|\n|upkeep\n|turn|10\n|\n|t:|1781457909\n|move|p1a: Gholdengo|Nasty Plot|p1a: Gholdengo\n|-boost|p1a: Gholdengo|spa|2\n|cant|p2a: Jirachi|par\n|\n|upkeep\n|turn|11\n|\n|t:|1781457915\n|switch|p2a: Maushold|Maushold, L76|238/238\n|-damage|p2a: Maushold|209/238|[from] Stealth Rock\n|move|p1a: Gholdengo|Shadow Ball|p2a: Maushold\n|-immune|p2a: Maushold\n|\n|upkeep\n|turn|12\n|\n|t:|1781457919\n|move|p2a: Maushold|Encore|p1a: Gholdengo\n|-immune|p1a: Gholdengo|[from] ability: Good as Gold\n|move|p1a: Gholdengo|Make It Rain|p2a: Maushold\n|-crit|p2a: Maushold\n|-damage|p2a: Maushold|0 fnt\n|-unboost|p1a: Gholdengo|spa|1\n|faint|p2a: Maushold\n|\n|upkeep\n|\n|t:|1781457928\n|switch|p2a: Zangoose|Zangoose, L85, M|263/263\n|-damage|p2a: Zangoose|231/263|[from] Stealth Rock\n|turn|13\n|c|\u2606itsbaloney|this why the cheese sticj is dumb\n|\n|t:|1781457937\n|move|p2a: Zangoose|Knock Off|p1a: Gholdengo\n|-supereffective|p1a: Gholdengo\n|-damage|p1a: Gholdengo|93/261\n|-enditem|p1a: Gholdengo|Leftovers|[from] move: Knock Off|[of] p2a: Zangoose\n|move|p1a: Gholdengo|Shadow Ball|p2a: Zangoose\n|-immune|p2a: Zangoose\n|\n|-status|p2a: Zangoose|tox|[from] item: Toxic Orb\n|upkeep\n|turn|14\n|c|\u2606itsbaloney|misclick lool\n|\n|t:|1781457946\n|switch|p1a: Kilowattrel|Kilowattrel, L83, M|40/252\n|move|p2a: Zangoose|Knock Off|p1a: Kilowattrel\n|-damage|p1a: Kilowattrel|0 fnt\n|-enditem|p1a: Kilowattrel|Heavy-Duty Boots|[from] move: Knock Off|[of] p2a: Zangoose\n|faint|p1a: Kilowattrel\n|\n|-damage|p2a: Zangoose|215/263 tox|[from] psn\n|upkeep\n|\n|t:|1781457952\n|switch|p1a: Meowscarada|Meowscarada, L78, M|247/247\n|turn|15\n|\n|t:|1781457959\n|move|p1a: Meowscarada|U-turn|p2a: Zangoose\n|-start|p1a: Meowscarada|typechange|Bug|[from] ability: Protean\n|-damage|p2a: Zangoose|70/263 tox\n|\n|t:|1781457968\n|switch|p1a: Serperior|Serperior, L79, F|145/248|[from] U-turn\n|move|p2a: Zangoose|Facade|p1a: Serperior\n|-damage|p1a: Serperior|0 fnt\n|faint|p1a: Serperior\n|\n|-damage|p2a: Zangoose|38/263 tox|[from] psn\n|upkeep\n|\n|t:|1781457972\n|switch|p1a: Meowscarada|Meowscarada, L78, M|247/247\n|turn|16\n|\n|t:|1781457977\n|move|p2a: Zangoose|Quick Attack|p1a: Meowscarada\n|-damage|p1a: Meowscarada|153/247\n|move|p1a: Meowscarada|U-turn|p2a: Zangoose\n|-start|p1a: Meowscarada|typechange|Bug|[from] ability: Protean\n|-damage|p2a: Zangoose|0 fnt\n|faint|p2a: Zangoose\n|\n|t:|1781457981\n|switch|p1a: Empoleon|Empoleon, L84, M|196/278|[from] U-turn\n|\n|upkeep\n|\n|t:|1781457989\n|switch|p2a: Quaquaval|Quaquaval, L79, M|264/264\n|-damage|p2a: Quaquaval|248/264|[from] Stealth Rock\n|turn|17\n|inactive|itsbaloney has 120 seconds left.\n|\n|t:|1781458021\n|move|p2a: Quaquaval|Aqua Step|p1a: Empoleon\n|-resisted|p1a: Empoleon\n|-damage|p1a: Empoleon|152/278\n|-boost|p2a: Quaquaval|spe|1\n|move|p1a: Empoleon|Knock Off|p2a: Quaquaval\n|-resisted|p2a: Quaquaval\n|-damage|p2a: Quaquaval|211/264\n|-enditem|p2a: Quaquaval|Leftovers|[from] move: Knock Off|[of] p1a: Empoleon\n|\n|upkeep\n|turn|18\n|\n|t:|1781458030\n|switch|p1a: Meowscarada|Meowscarada, L78, M|153/247\n|move|p2a: Quaquaval|Swords Dance|p2a: Quaquaval\n|-boost|p2a: Quaquaval|atk|2\n|\n|upkeep\n|turn|19\n|\n|t:|1781458042\n|-terastallize|p2a: Quaquaval|Steel\n|move|p2a: Quaquaval|Roost|p2a: Quaquaval\n|-heal|p2a: Quaquaval|264/264\n|move|p1a: Meowscarada|Flower Trick|p2a: Quaquaval\n|-start|p1a: Meowscarada|typechange|Grass|[from] ability: Protean\n|-resisted|p2a: Quaquaval\n|-crit|p2a: Quaquaval\n|-damage|p2a: Quaquaval|176/264\n|\n|upkeep\n|turn|20\n|\n|t:|1781458046\n|move|p2a: Quaquaval|Close Combat|p1a: Meowscarada\n|-damage|p1a: Meowscarada|0 fnt\n|-unboost|p2a: Quaquaval|def|1\n|-unboost|p2a: Quaquaval|spd|1\n|faint|p1a: Meowscarada\n|-ability|p2a: Quaquaval|Moxie|boost\n|-boost|p2a: Quaquaval|atk|1\n|\n|upkeep\n|\n|t:|1781458049\n|switch|p1a: Lunala|Lunala, L70|308/308\n|turn|21\n|\n|t:|1781458054\n|move|p2a: Quaquaval|Aqua Step|p1a: Lunala\n|-damage|p1a: Lunala|176/308\n|-boost|p2a: Quaquaval|spe|1\n|move|p1a: Lunala|Moongeist Beam|p2a: Quaquaval\n|-damage|p2a: Quaquaval|0 fnt\n|faint|p2a: Quaquaval\n|\n|-heal|p1a: Lunala|195/308|[from] item: Leftovers\n|upkeep\n|\n|t:|1781458061\n|switch|p2a: Giratina|Giratina, L75|349/349\n|-damage|p2a: Giratina|306/349|[from] Stealth Rock\n|-ability|p2a: Giratina|Pressure\n|turn|22\n|\n|t:|1781458065\n|switch|p1a: Empoleon|Empoleon, L84, M|152/278\n|move|p2a: Giratina|Shadow Ball|p1a: Empoleon\n|-damage|p1a: Empoleon|94/278\n|-unboost|p1a: Empoleon|spd|1\n|-ability|p1a: Empoleon|Competitive|boost\n|-boost|p1a: Empoleon|spa|2\n|\n|-heal|p2a: Giratina|327/349|[from] item: Leftovers\n|upkeep\n|turn|23\n|\n|t:|1781458073\n|move|p2a: Giratina|Shadow Ball|p1a: Empoleon\n|-damage|p1a: Empoleon|4/278\n|move|p1a: Empoleon|Roost|p1a: Empoleon\n|-heal|p1a: Empoleon|143/278\n|-singleturn|p1a: Empoleon|move: Roost\n|\n|-heal|p2a: Giratina|348/349|[from] item: Leftovers\n|upkeep\n|turn|24\n|\n|t:|1781458085\n|move|p2a: Giratina|Shadow Ball|p1a: Empoleon\n|-damage|p1a: Empoleon|50/278\n|move|p1a: Empoleon|Roost|p1a: Empoleon\n|-heal|p1a: Empoleon|189/278\n|-singleturn|p1a: Empoleon|move: Roost\n|\n|-heal|p2a: Giratina|349/349|[from] item: Leftovers\n|upkeep\n|turn|25\n|inactive|christiansraw has 120 seconds left.\n|l|\u2606christiansraw\n|inactive|christiansraw disconnected and has a minute to reconnect!\n|player|p2|\n|j|\u2606christiansraw\n|inactive|christiansraw reconnected and has 105 seconds left.\n|player|p2|christiansraw|265|\n|\n|t:|1781458140\n|move|p2a: Giratina|Shadow Ball|p1a: Empoleon\n|-damage|p1a: Empoleon|101/278\n|move|p1a: Empoleon|Roost|p1a: Empoleon\n|-heal|p1a: Empoleon|240/278\n|-singleturn|p1a: Empoleon|move: Roost\n|\n|upkeep\n|turn|26\n|inactive|christiansraw has 90 seconds left.\n|\n|t:|1781458163\n|move|p2a: Giratina|Shadow Ball|p1a: Empoleon\n|-damage|p1a: Empoleon|147/278\n|move|p1a: Empoleon|Knock Off|p2a: Giratina\n|-supereffective|p2a: Giratina\n|-damage|p2a: Giratina|241/349\n|-enditem|p2a: Giratina|Leftovers|[from] move: Knock Off|[of] p1a: Empoleon\n|\n|upkeep\n|turn|27\n|\n|t:|1781458173\n|move|p2a: Giratina|Shadow Ball|p1a: Empoleon\n|-damage|p1a: Empoleon|59/278\n|move|p1a: Empoleon|Roost|p1a: Empoleon\n|-heal|p1a: Empoleon|198/278\n|-singleturn|p1a: Empoleon|move: Roost\n|\n|upkeep\n|turn|28\n|\n|t:|1781458180\n|move|p2a: Giratina|Shadow Ball|p1a: Empoleon\n|-damage|p1a: Empoleon|105/278\n|move|p1a: Empoleon|Roost|p1a: Empoleon\n|-heal|p1a: Empoleon|244/278\n|-singleturn|p1a: Empoleon|move: Roost\n|\n|upkeep\n|turn|29\n|\n|t:|1781458183\n|move|p2a: Giratina|Shadow Ball|p1a: Empoleon\n|-damage|p1a: Empoleon|153/278\n|-unboost|p1a: Empoleon|spd|1\n|-ability|p1a: Empoleon|Competitive|boost\n|-boost|p1a: Empoleon|spa|2\n|move|p1a: Empoleon|Surf|p2a: Giratina\n|-resisted|p2a: Giratina\n|-damage|p2a: Giratina|91/349\n|\n|upkeep\n|turn|30\n|\n|t:|1781458189\n|move|p2a: Giratina|Shadow Ball|p1a: Empoleon\n|-damage|p1a: Empoleon|35/278\n|move|p1a: Empoleon|Surf|p2a: Giratina\n|-resisted|p2a: Giratina\n|-damage|p2a: Giratina|0 fnt\n|faint|p2a: Giratina\n|\n|upkeep\n|\n|t:|1781458193\n|switch|p2a: Jirachi|Jirachi, L80|273/291 par\n|-damage|p2a: Jirachi|255/291 par|[from] Stealth Rock\n|turn|31\n|\n|t:|1781458196\n|move|p1a: Empoleon|Surf|p2a: Jirachi\n|-crit|p2a: Jirachi\n|-damage|p2a: Jirachi|0 fnt\n|faint|p2a: Jirachi\n|\n|win|itsbaloney\n", "inputlog": ">version a8376a258c1d4662feba110a92103f3664a72141\n>start {\"formatid\":\"gen9randombattle\",\"seed\":\"sodium,954fbc32b0aeaec9d50f2582c6465b6e\",\"rated\":\"Rated battle\"}\n>player p1 {\"name\":\"itsbaloney\",\"avatar\":\"giovanni\",\"rating\":1992,\"seed\":\"sodium,8cb298b197a755c4964fa09f2207f690\"}\n>player p2 {\"name\":\"christiansraw\",\"avatar\":\"265\",\"rating\":1936,\"seed\":\"sodium,9150a2167ce3de6f9371bab2cda7bce0\"}\n>p1 move knockoff\n>p2 move knockoff\n>p1 move stealthrock\n>p2 move liquidation\n>p1 move roost\n>p2 move liquidation\n>p1 switch 2\n>p2 move liquidation\n>p1 move thunderbolt\n>p2 move aquajet\n>p1 switch 3\n>p2 move liquidation\n>p1 move leafstorm\n>p2 move aquajet\n>p2 switch 6\n>p1 move glare\n>p2 move bodyslam\n>p1 switch 4\n>p2 move bodyslam\n>p1 move nastyplot\n>p2 move uturn\n>p1 move shadowball\n>p2 switch 5\n>p1 move makeitrain\n>p2 move encore\n>p2 switch 3\n>chat \u2606itsbaloney|this why the cheese sticj is dumb\n>p1 move shadowball\n>p2 move knockoff\n>chat \u2606itsbaloney|misclick lool\n>p1 switch 3\n>p2 move knockoff\n>p1 switch 5\n>p1 move uturn\n>p2 move facade\n>p1 switch 4\n>p1 switch 4\n>p1 move uturn\n>p2 move quickattack\n>p1 switch 2\n>p2 switch 2\n>p1 move knockoff\n>p2 move aquastep\n>p1 switch 2\n>p2 move swordsdance\n>p1 move flowertrick\n>p2 move roost terastallize\n>p1 move flowertrick\n>p2 move closecombat\n>p1 switch 6\n>p1 move moongeistbeam\n>p2 move aquastep\n>p2 switch 4\n>p1 switch 2\n>p2 move shadowball\n>p1 move roost\n>p2 move shadowball\n>p1 move roost\n>p2 move shadowball\n>p1 move roost\n>p2 move shadowball\n>p1 move knockoff\n>p2 move shadowball\n>p1 move roost\n>p2 move shadowball\n>p1 move roost\n>p2 move shadowball\n>p1 move surf\n>p2 move shadowball\n>p1 move surf\n>p2 move shadowball\n>p2 switch 5\n>p1 move surf\n>p2 move drainpunch", "uploadtime": 1781457820, "views": 5, "formatid": "gen9randombattle", "rating": null, "private": 0, "password": null}