{"id": "gen9randombattle-2631733197", "format": "[Gen 9] Random Battle", "players": ["vogabal", "rayray9"], "log": "|j|\u2606vogabal\n|j|\u2606rayray9\n|t:|1781430561\n|gametype|singles\n|player|p1|vogabal|169|2001\n|player|p2|rayray9|102|2020\n|gen|9\n|tier|[Gen 9] Random Battle\n|rated|\n|rule|Species Clause: Limit one of each Pok\u00e9mon\n|rule|HP Percentage Mod: HP is shown in percentages\n|rule|Sleep Clause Mod: Limit one foe put to sleep\n|rule|Illusion Level Mod: Illusion disguises the Pok\u00e9mon's true level\n|\n|t:|1781430561\n|teamsize|p1|6\n|teamsize|p2|6\n|start\n|switch|p1a: Oranguru|Oranguru, L92, F|315/315\n|switch|p2a: Ursaring|Ursaring, L84, F|288/288\n|turn|1\n|\n|t:|1781430577\n|switch|p1a: Spiritomb|Spiritomb, L89, F|234/234\n|switch|p2a: Keldeo|Keldeo-Resolute, L79|273/273\n|\n|upkeep\n|turn|2\n|\n|t:|1781430584\n|move|p2a: Keldeo|Hydro Pump|p1a: Spiritomb\n|-damage|p1a: Spiritomb|71/234\n|move|p1a: Spiritomb|Poltergeist|p2a: Keldeo\n|-activate|p2a: Keldeo|move: Poltergeist|Choice Specs\n|-damage|p2a: Keldeo|75/273\n|\n|upkeep\n|turn|3\n|\n|t:|1781430590\n|switch|p1a: Lumineon|Lumineon, L93, F|279/279\n|move|p2a: Keldeo|Hydro Pump|p1a: Lumineon\n|-ability|p1a: Lumineon|Storm Drain|boost\n|-boost|p1a: Lumineon|spa|1\n|\n|upkeep\n|turn|4\n|\n|t:|1781430595\n|switch|p2a: Dedenne|Dedenne, L88, M|261/261\n|move|p1a: Lumineon|Hydro Pump|p2a: Dedenne\n|-damage|p2a: Dedenne|0 fnt\n|faint|p2a: Dedenne\n|-damage|p1a: Lumineon|252/279|[from] item: Life Orb\n|\n|upkeep\n|\n|t:|1781430609\n|switch|p2a: Urshifu|Urshifu-Rapid-Strike, L75, F|274/274\n|turn|5\n|\n|t:|1781430614\n|move|p1a: Lumineon|Alluring Voice|p2a: Urshifu\n|-supereffective|p2a: Urshifu\n|-damage|p2a: Urshifu|0 fnt\n|faint|p2a: Urshifu\n|-damage|p1a: Lumineon|225/279|[from] item: Life Orb\n|\n|upkeep\n|\n|t:|1781430630\n|switch|p2a: Gouging Fire|Gouging Fire, L74|277/277\n|turn|6\n|\n|t:|1781430635\n|move|p1a: Lumineon|Hydro Pump|p2a: Gouging Fire|[miss]\n|-miss|p1a: Lumineon|p2a: Gouging Fire\n|move|p2a: Gouging Fire|Dragon Dance|p2a: Gouging Fire\n|-boost|p2a: Gouging Fire|atk|1\n|-boost|p2a: Gouging Fire|spe|1\n|\n|upkeep\n|turn|7\n|\n|t:|1781430644\n|move|p2a: Gouging Fire|Outrage|p1a: Lumineon\n|-damage|p1a: Lumineon|65/279\n|move|p1a: Lumineon|Encore|p2a: Gouging Fire\n|-start|p2a: Gouging Fire|Encore\n|\n|upkeep\n|turn|8\n|\n|t:|1781430649\n|move|p2a: Gouging Fire|Outrage|p1a: Lumineon|[from] lockedmove\n|-crit|p1a: Lumineon\n|-damage|p1a: Lumineon|0 fnt\n|faint|p1a: Lumineon\n|\n|upkeep\n|\n|t:|1781430662\n|switch|p1a: Spiritomb|Spiritomb, L89, F|71/234\n|turn|9\n|\n|t:|1781430666\n|move|p1a: Spiritomb|Sucker Punch|p2a: Gouging Fire\n|-damage|p2a: Gouging Fire|174/277\n|move|p2a: Gouging Fire|Outrage|p1a: Spiritomb|[from] lockedmove\n|-damage|p1a: Spiritomb|0 fnt\n|faint|p1a: Spiritomb\n|-start|p2a: Gouging Fire|confusion|[fatigue]\n|\n|upkeep\n|\n|t:|1781430671\n|switch|p1a: Comfey|Comfey, L85, M|225/225\n|turn|10\n|\n|t:|1781430679\n|-end|p2a: Gouging Fire|Protosynthesis|[silent]\n|switch|p2a: Ursaring|Ursaring, L84, F|288/288\n|switch|p1a: Garchomp|Garchomp, L74, M|282/282\n|\n|-status|p2a: Ursaring|tox|[from] item: Toxic Orb\n|upkeep\n|turn|11\n|\n|t:|1781430688\n|switch|p2a: Arcanine|Arcanine, L84, F|288/288\n|-ability|p2a: Arcanine|Intimidate|boost\n|-unboost|p1a: Garchomp|atk|1\n|move|p1a: Garchomp|Dragon Tail|p2a: Arcanine\n|-damage|p2a: Arcanine|239/288\n|drag|p2a: Keldeo|Keldeo-Resolute, L79|75/273\n|\n|upkeep\n|turn|12\n|\n|t:|1781430695\n|move|p2a: Keldeo|Hydro Pump|p1a: Garchomp\n|-damage|p1a: Garchomp|45/282\n|move|p1a: Garchomp|Stealth Rock|p2a: Keldeo\n|-sidestart|p2: rayray9|move: Stealth Rock\n|\n|upkeep\n|turn|13\n|\n|t:|1781430700\n|switch|p1a: Pachirisu|Pachirisu, L96, F|271/271\n|move|p2a: Keldeo|Hydro Pump|p1a: Pachirisu\n|-crit|p1a: Pachirisu\n|-damage|p1a: Pachirisu|103/271\n|\n|upkeep\n|turn|14\n|\n|t:|1781430706\n|move|p1a: Pachirisu|Thunderbolt|p2a: Keldeo\n|-supereffective|p2a: Keldeo\n|-damage|p2a: Keldeo|0 fnt\n|faint|p2a: Keldeo\n|\n|upkeep\n|\n|t:|1781430710\n|switch|p2a: Gouging Fire|Gouging Fire, L74|174/277\n|turn|15\n|\n|t:|1781430715\n|move|p1a: Pachirisu|Super Fang|p2a: Gouging Fire\n|-damage|p2a: Gouging Fire|87/277\n|move|p2a: Gouging Fire|Dragon Dance|p2a: Gouging Fire\n|-boost|p2a: Gouging Fire|atk|1\n|-boost|p2a: Gouging Fire|spe|1\n|\n|upkeep\n|turn|16\n|\n|t:|1781430721\n|move|p2a: Gouging Fire|Heat Crash|p1a: Pachirisu\n|-damage|p1a: Pachirisu|0 fnt\n|faint|p1a: Pachirisu\n|\n|upkeep\n|\n|t:|1781430723\n|switch|p1a: Comfey|Comfey, L85, M|225/225\n|turn|17\n|\n|t:|1781430728\n|switch|p1a: Garchomp|Garchomp, L74, M|45/282\n|move|p2a: Gouging Fire|Heat Crash|p1a: Garchomp\n|-resisted|p1a: Garchomp\n|-damage|p1a: Garchomp|0 fnt\n|-damage|p2a: Gouging Fire|53/277|[from] ability: Rough Skin|[of] p1a: Garchomp\n|-damage|p2a: Gouging Fire|7/277|[from] item: Rocky Helmet|[of] p1a: Garchomp\n|faint|p1a: Garchomp\n|\n|upkeep\n|\n|t:|1781430730\n|switch|p1a: Comfey|Comfey, L85, M|225/225\n|turn|18\n|\n|t:|1781430733\n|move|p1a: Comfey|Draining Kiss|p2a: Gouging Fire\n|-damage|p2a: Gouging Fire|0 fnt\n|faint|p2a: Gouging Fire\n|-end|p2a: Gouging Fire|Protosynthesis|[silent]\n|\n|upkeep\n|\n|t:|1781430736\n|switch|p2a: Ursaring|Ursaring, L84, F|288/288 tox\n|-damage|p2a: Ursaring|252/288 tox|[from] Stealth Rock\n|turn|19\n|\n|t:|1781430740\n|move|p1a: Comfey|Draining Kiss|p2a: Ursaring\n|-damage|p2a: Ursaring|201/288 tox\n|move|p2a: Ursaring|Swords Dance|p2a: Ursaring\n|-boost|p2a: Ursaring|atk|2\n|\n|-damage|p2a: Ursaring|183/288 tox|[from] psn\n|upkeep\n|turn|20\n|\n|t:|1781430746\n|-terastallize|p2a: Ursaring|Normal\n|move|p1a: Comfey|Draining Kiss|p2a: Ursaring\n|-damage|p2a: Ursaring|125/288 tox\n|move|p2a: Ursaring|Facade|p1a: Comfey\n|-damage|p1a: Comfey|0 fnt\n|faint|p1a: Comfey\n|\n|-damage|p2a: Ursaring|89/288 tox|[from] psn\n|upkeep\n|\n|t:|1781430747\n|switch|p1a: Oranguru|Oranguru, L92, F|315/315\n|turn|21\n|\n|t:|1781430754\n|move|p2a: Ursaring|Facade|p1a: Oranguru\n|-damage|p1a: Oranguru|0 fnt\n|faint|p1a: Oranguru\n|\n|win|rayray9\n", "inputlog": ">version a8376a258c1d4662feba110a92103f3664a72141\n>start {\"formatid\":\"gen9randombattle\",\"seed\":\"sodium,aef957d294d7b7b98b977f751ccd25ff\",\"rated\":\"Rated battle\"}\n>player p1 {\"name\":\"vogabal\",\"avatar\":\"169\",\"rating\":2001,\"seed\":\"sodium,2845092c660b2c8defd5612bf12a1e45\"}\n>player p2 {\"name\":\"rayray9\",\"avatar\":\"102\",\"rating\":2020,\"seed\":\"sodium,b3a152f813df786b171d50496ca82707\"}\n>p1 switch 3\n>p2 switch 5\n>p1 move poltergeist\n>p2 move hydropump\n>p1 switch 5\n>p2 move hydropump\n>p1 move hydropump\n>p2 switch 2\n>p2 switch 6\n>p1 move alluringvoice\n>p2 move closecombat\n>p2 switch 4\n>p1 move hydropump\n>p2 move dragondance\n>p1 move encore\n>p2 move outrage\n>p1 move hydropump\n>p2 move outrage\n>p1 switch 5\n>p1 move suckerpunch\n>p2 move outrage\n>p1 switch 2\n>p1 switch 4\n>p2 switch 5\n>p1 move dragontail\n>p2 switch 3\n>p1 move stealthrock\n>p2 move hydropump\n>p1 switch 6\n>p2 move hydropump\n>p1 move thunderbolt\n>p2 move hydropump\n>p2 switch 5\n>p1 move superfang\n>p2 move dragondance\n>p1 move nuzzle\n>p2 move heatcrash\n>p1 switch 4\n>p1 switch 6\n>p2 move heatcrash\n>p1 switch 6\n>p1 move drainingkiss\n>p2 move heatcrash\n>p2 switch 3\n>p1 move drainingkiss\n>p2 move swordsdance\n>p1 move drainingkiss\n>p2 move facade terastallize\n>p1 switch 3\n>p1 move psyshock\n>p2 move facade", "uploadtime": 1781430564, "views": 4, "formatid": "gen9randombattle", "rating": null, "private": 0, "password": null}