{"id": "gen9randombattle-2631862625", "format": "[Gen 9] Random Battle", "players": ["KnightsOfNi", "Scarf bonsley"], "log": "|j|\u2606KnightsOfNi\n|j|\u2606Scarf bonsley\n|t:|1781449420\n|gametype|singles\n|player|p1|KnightsOfNi|plasmagrunt-gen5bw|2244\n|player|p2|Scarf bonsley|marlon|2221\n|gen|9\n|tier|[Gen 9] Random Battle\n|rated|\n|rule|Species Clause: Limit one of each Pok\u00e9mon\n|rule|HP Percentage Mod: HP is shown in percentages\n|rule|Sleep Clause Mod: Limit one foe put to sleep\n|rule|Illusion Level Mod: Illusion disguises the Pok\u00e9mon's true level\n|\n|t:|1781449420\n|teamsize|p1|6\n|teamsize|p2|6\n|start\n|switch|p1a: Greedent|Greedent, L86, F|347/347\n|switch|p2a: Porygon2|Porygon2, L81|270/270\n|-ability|p2a: Porygon2|Download|boost\n|-boost|p2a: Porygon2|spa|1\n|turn|1\n|inactive|Battle timer is ON: inactive players will automatically lose when time's up. (requested by KnightsOfNi)\n|\n|t:|1781449431\n|switch|p2a: Iron Hands|Iron Hands, L79|373/373\n|move|p1a: Greedent|Knock Off|p2a: Iron Hands\n|-resisted|p2a: Iron Hands\n|-damage|p2a: Iron Hands|340/373\n|-enditem|p2a: Iron Hands|Assault Vest|[from] move: Knock Off|[of] p1a: Greedent\n|\n|upkeep\n|turn|2\n|\n|t:|1781449439\n|switch|p1a: Amoonguss|Amoonguss, L82, F|321/321\n|move|p2a: Iron Hands|Drain Punch|p1a: Amoonguss\n|-resisted|p1a: Amoonguss\n|-damage|p1a: Amoonguss|261/321\n|-heal|p2a: Iron Hands|370/373|[from] drain|[of] p1a: Amoonguss\n|\n|-heal|p1a: Amoonguss|281/321|[from] item: Leftovers\n|upkeep\n|turn|3\n|\n|t:|1781449444\n|move|p2a: Iron Hands|Ice Punch|p1a: Amoonguss\n|-supereffective|p1a: Amoonguss\n|-damage|p1a: Amoonguss|119/321\n|move|p1a: Amoonguss|Spore|p2a: Iron Hands\n|-status|p2a: Iron Hands|slp|[from] move: Spore\n|\n|-heal|p1a: Amoonguss|139/321|[from] item: Leftovers\n|upkeep\n|turn|4\n|\n|t:|1781449465\n|-end|p2a: Iron Hands|Quark Drive|[silent]\n|switch|p2a: Porygon2|Porygon2, L81|270/270\n|-ability|p2a: Porygon2|Download|boost\n|-boost|p2a: Porygon2|atk|1\n|switch|p1a: Serperior|Serperior, L79, M|248/248\n|\n|upkeep\n|turn|5\n|\n|t:|1781449473\n|switch|p1a: Greedent|Greedent, L86, F|347/347\n|move|p2a: Porygon2|Ice Beam|p1a: Greedent\n|-damage|p1a: Greedent|282/347\n|-status|p1a: Greedent|frz\n|\n|upkeep\n|turn|6\n|\n|t:|1781449479\n|switch|p2a: Iron Hands|Iron Hands, L79|370/373 slp\n|cant|p1a: Greedent|frz\n|\n|upkeep\n|turn|7\n|\n|t:|1781449486\n|switch|p1a: Mightyena|Mightyena, L96, M|290/290\n|-ability|p1a: Mightyena|Intimidate|boost\n|-unboost|p2a: Iron Hands|atk|1\n|cant|p2a: Iron Hands|slp\n|\n|upkeep\n|turn|8\n|\n|t:|1781449494\n|switch|p1a: Amoonguss|Amoonguss, L82, F|246/321\n|-curestatus|p2a: Iron Hands|slp|[msg]\n|move|p2a: Iron Hands|Drain Punch|p1a: Amoonguss\n|-resisted|p1a: Amoonguss\n|-damage|p1a: Amoonguss|207/321\n|-heal|p2a: Iron Hands|373/373|[from] drain|[of] p1a: Amoonguss\n|\n|-heal|p1a: Amoonguss|227/321|[from] item: Leftovers\n|upkeep\n|turn|9\n|\n|t:|1781449500\n|move|p2a: Iron Hands|Ice Punch|p1a: Amoonguss\n|-supereffective|p1a: Amoonguss\n|-damage|p1a: Amoonguss|121/321\n|move|p1a: Amoonguss|Giga Drain|p2a: Iron Hands\n|-damage|p2a: Iron Hands|283/373\n|-heal|p1a: Amoonguss|166/321|[from] drain|[of] p2a: Iron Hands\n|\n|-heal|p1a: Amoonguss|186/321|[from] item: Leftovers\n|upkeep\n|turn|10\n|\n|t:|1781449506\n|move|p2a: Iron Hands|Ice Punch|p1a: Amoonguss\n|-supereffective|p1a: Amoonguss\n|-damage|p1a: Amoonguss|78/321\n|move|p1a: Amoonguss|Spore|p2a: Iron Hands\n|-status|p2a: Iron Hands|slp|[from] move: Spore\n|\n|-heal|p1a: Amoonguss|98/321|[from] item: Leftovers\n|upkeep\n|turn|11\n|\n|t:|1781449510\n|-end|p2a: Iron Hands|Quark Drive|[silent]\n|switch|p2a: Porygon2|Porygon2, L81|270/270\n|-ability|p2a: Porygon2|Download|boost\n|-boost|p2a: Porygon2|atk|1\n|switch|p1a: Mightyena|Mightyena, L96, M|290/290\n|-ability|p1a: Mightyena|Intimidate|boost\n|-unboost|p2a: Porygon2|atk|1\n|\n|upkeep\n|turn|12\n|\n|t:|1781449513\n|move|p1a: Mightyena|Poison Fang|p2a: Porygon2\n|-damage|p2a: Porygon2|239/270\n|-status|p2a: Porygon2|tox\n|move|p2a: Porygon2|Tri Attack|p1a: Mightyena\n|-damage|p1a: Mightyena|227/290\n|\n|-damage|p2a: Porygon2|223/270 tox|[from] psn\n|upkeep\n|turn|13\n|\n|t:|1781449520\n|switch|p1a: Greedent|Greedent, L86, F|282/347 frz\n|move|p2a: Porygon2|Tri Attack|p1a: Greedent\n|-damage|p1a: Greedent|185/347 frz\n|\n|-damage|p2a: Porygon2|191/270 tox|[from] psn\n|upkeep\n|turn|14\n|\n|t:|1781449530\n|move|p2a: Porygon2|Tri Attack|p1a: Greedent\n|-damage|p1a: Greedent|100/347 frz\n|-enditem|p1a: Greedent|Sitrus Berry|[eat]\n|-heal|p1a: Greedent|186/347 frz|[from] item: Sitrus Berry\n|-heal|p1a: Greedent|301/347 frz|[from] ability: Cheek Pouch\n|cant|p1a: Greedent|frz\n|\n|-damage|p2a: Porygon2|143/270 tox|[from] psn\n|upkeep\n|turn|15\n|\n|t:|1781449537\n|switch|p2a: Iron Hands|Iron Hands, L79|283/373 slp\n|cant|p1a: Greedent|frz\n|\n|upkeep\n|turn|16\n|\n|t:|1781449541\n|switch|p1a: Mightyena|Mightyena, L96, M|227/290\n|-ability|p1a: Mightyena|Intimidate|boost\n|-unboost|p2a: Iron Hands|atk|1\n|cant|p2a: Iron Hands|slp\n|\n|upkeep\n|turn|17\n|\n|t:|1781449554\n|switch|p1a: Amoonguss|Amoonguss, L82, F|205/321\n|cant|p2a: Iron Hands|slp\n|\n|-heal|p1a: Amoonguss|225/321|[from] item: Leftovers\n|upkeep\n|turn|18\n|\n|t:|1781449560\n|-end|p2a: Iron Hands|Quark Drive|[silent]\n|switch|p2a: Porygon2|Porygon2, L81|143/270 tox\n|-ability|p2a: Porygon2|Download|boost\n|-boost|p2a: Porygon2|atk|1\n|switch|p1a: Mightyena|Mightyena, L96, M|227/290\n|-ability|p1a: Mightyena|Intimidate|boost\n|-unboost|p2a: Porygon2|atk|1\n|\n|-damage|p2a: Porygon2|127/270 tox|[from] psn\n|upkeep\n|turn|19\n|\n|t:|1781449564\n|switch|p1a: Greedent|Greedent, L86, F|301/347 frz\n|move|p2a: Porygon2|Tri Attack|p1a: Greedent\n|-damage|p1a: Greedent|213/347 frz\n|\n|-damage|p2a: Porygon2|95/270 tox|[from] psn\n|upkeep\n|turn|20\n|\n|t:|1781449569\n|switch|p2a: Iron Hands|Iron Hands, L79|283/373 slp\n|cant|p1a: Greedent|frz\n|\n|upkeep\n|turn|21\n|\n|t:|1781449573\n|switch|p1a: Mightyena|Mightyena, L96, M|227/290\n|-ability|p1a: Mightyena|Intimidate|boost\n|-unboost|p2a: Iron Hands|atk|1\n|cant|p2a: Iron Hands|slp\n|\n|upkeep\n|turn|22\n|\n|t:|1781449582\n|-end|p2a: Iron Hands|Quark Drive|[silent]\n|switch|p2a: Porygon2|Porygon2, L81|95/270 tox\n|-ability|p2a: Porygon2|Download|boost\n|-boost|p2a: Porygon2|spa|1\n|move|p1a: Mightyena|Play Rough|p2a: Porygon2\n|-damage|p2a: Porygon2|41/270 tox\n|\n|-damage|p2a: Porygon2|25/270 tox|[from] psn\n|upkeep\n|turn|23\n|\n|t:|1781449587\n|move|p1a: Mightyena|Crunch|p2a: Porygon2\n|-damage|p2a: Porygon2|0 fnt\n|faint|p2a: Porygon2\n|\n|upkeep\n|\n|t:|1781449588\n|switch|p2a: Iron Hands|Iron Hands, L79|283/373 slp\n|turn|24\n|\n|t:|1781449592\n|switch|p1a: Amoonguss|Amoonguss, L82, F|321/321\n|-curestatus|p2a: Iron Hands|slp|[msg]\n|move|p2a: Iron Hands|Ice Punch|p1a: Amoonguss\n|-supereffective|p1a: Amoonguss\n|-damage|p1a: Amoonguss|171/321\n|\n|-heal|p1a: Amoonguss|191/321|[from] item: Leftovers\n|upkeep\n|turn|25\n|\n|t:|1781449597\n|move|p2a: Iron Hands|Ice Punch|p1a: Amoonguss\n|-supereffective|p1a: Amoonguss\n|-damage|p1a: Amoonguss|29/321\n|-status|p1a: Amoonguss|frz\n|-curestatus|p1a: Amoonguss|frz|[msg]\n|move|p1a: Amoonguss|Spore|p2a: Iron Hands\n|-status|p2a: Iron Hands|slp|[from] move: Spore\n|\n|-heal|p1a: Amoonguss|49/321|[from] item: Leftovers\n|upkeep\n|turn|26\n|\n|t:|1781449601\n|switch|p1a: Mightyena|Mightyena, L96, M|227/290\n|-ability|p1a: Mightyena|Intimidate|boost\n|-unboost|p2a: Iron Hands|atk|1\n|cant|p2a: Iron Hands|slp\n|\n|upkeep\n|turn|27\n|\n|t:|1781449612\n|switch|p1a: Amoonguss|Amoonguss, L82, F|156/321\n|cant|p2a: Iron Hands|slp\n|\n|-heal|p1a: Amoonguss|176/321|[from] item: Leftovers\n|upkeep\n|turn|28\n|\n|t:|1781449614\n|switch|p1a: Mightyena|Mightyena, L96, M|227/290\n|-ability|p1a: Mightyena|Intimidate|boost\n|-unboost|p2a: Iron Hands|atk|1\n|-curestatus|p2a: Iron Hands|slp|[msg]\n|move|p2a: Iron Hands|Ice Punch|p1a: Mightyena\n|-damage|p1a: Mightyena|193/290\n|\n|upkeep\n|turn|29\n|\n|t:|1781449623\n|-end|p2a: Iron Hands|Quark Drive|[silent]\n|switch|p2a: Wigglytuff|Wigglytuff, L96, F|424/424\n|move|p1a: Mightyena|Poison Fang|p2a: Wigglytuff\n|-supereffective|p2a: Wigglytuff\n|-damage|p2a: Wigglytuff|304/424\n|-status|p2a: Wigglytuff|tox\n|\n|-heal|p2a: Wigglytuff|330/424 tox|[from] item: Leftovers\n|-damage|p2a: Wigglytuff|304/424 tox|[from] psn\n|upkeep\n|turn|30\n|\n|t:|1781449634\n|switch|p1a: Greedent|Greedent, L86, F|213/347 frz\n|move|p2a: Wigglytuff|Fire Blast|p1a: Greedent\n|-damage|p1a: Greedent|116/347 frz\n|-curestatus|p1a: Greedent|frz|[msg]\n|\n|-heal|p2a: Wigglytuff|330/424 tox|[from] item: Leftovers\n|-damage|p2a: Wigglytuff|278/424 tox|[from] psn\n|upkeep\n|turn|31\n|\n|t:|1781449644\n|move|p2a: Wigglytuff|Dazzling Gleam|p1a: Greedent\n|-damage|p1a: Greedent|14/347\n|move|p1a: Greedent|Double-Edge|p2a: Wigglytuff\n|-damage|p2a: Wigglytuff|101/424 tox\n|-damage|p1a: Greedent|0 fnt|[from] Recoil\n|faint|p1a: Greedent\n|\n|-heal|p2a: Wigglytuff|127/424 tox|[from] item: Leftovers\n|-damage|p2a: Wigglytuff|49/424 tox|[from] psn\n|upkeep\n|\n|t:|1781449661\n|switch|p1a: Serperior|Serperior, L79, M|248/248\n|turn|32\n|\n|t:|1781449664\n|move|p2a: Wigglytuff|Protect|p2a: Wigglytuff\n|-singleturn|p2a: Wigglytuff|Protect\n|move|p1a: Serperior|Leaf Storm|p2a: Wigglytuff\n|-activate|p2a: Wigglytuff|move: Protect\n|\n|-heal|p2a: Wigglytuff|75/424 tox|[from] item: Leftovers\n|-damage|p2a: Wigglytuff|0 fnt|[from] psn\n|faint|p2a: Wigglytuff\n|upkeep\n|\n|t:|1781449667\n|switch|p2a: Sneasler|Sneasler, L74, M|240/240\n|turn|33\n|j| Tusclomb\n|\n|t:|1781449693\n|move|p1a: Serperior|Leaf Storm|p2a: Sneasler\n|-resisted|p2a: Sneasler\n|-damage|p2a: Sneasler|176/240\n|-boost|p1a: Serperior|spa|2\n|move|p2a: Sneasler|U-turn|p1a: Serperior\n|-supereffective|p1a: Serperior\n|-damage|p1a: Serperior|106/248\n|\n|t:|1781449699\n|switch|p2a: Sylveon|Sylveon, L85, F|300/300|[from] U-turn\n|\n|-heal|p1a: Serperior|121/248|[from] item: Leftovers\n|upkeep\n|turn|34\n|\n|t:|1781449704\n|-terastallize|p1a: Serperior|Fire\n|move|p1a: Serperior|Leaf Storm|p2a: Sylveon|[miss]\n|-miss|p1a: Serperior|p2a: Sylveon\n|move|p2a: Sylveon|Hyper Voice|p1a: Serperior\n|-resisted|p1a: Serperior\n|-damage|p1a: Serperior|55/248\n|\n|-heal|p1a: Serperior|70/248|[from] item: Leftovers\n|upkeep\n|turn|35\n|\n|t:|1781449718\n|switch|p2a: Mewtwo|Mewtwo, L72|272/272\n|-ability|p2a: Mewtwo|Unnerve\n|move|p1a: Serperior|Leaf Storm|p2a: Mewtwo\n|-damage|p2a: Mewtwo|53/272\n|-boost|p1a: Serperior|spa|2\n|\n|-heal|p1a: Serperior|85/248|[from] item: Leftovers\n|upkeep\n|turn|36\n|-message|Scarf bonsley forfeited.\n|\n|win|KnightsOfNi\n", "inputlog": ">version a8376a258c1d4662feba110a92103f3664a72141\n>start {\"formatid\":\"gen9randombattle\",\"seed\":\"sodium,4d2d6b90b2a6e67f98fa3a9c8a5cf824\",\"rated\":\"Rated battle\"}\n>player p1 {\"name\":\"KnightsOfNi\",\"avatar\":\"plasmagrunt-gen5bw\",\"rating\":2244,\"seed\":\"sodium,5cce32c354cbb028c9b10fb352a9e6c4\"}\n>player p2 {\"name\":\"Scarf bonsley\",\"avatar\":\"marlon\",\"rating\":2221,\"seed\":\"sodium,0a30988dffb403352f728477685e21dc\"}\n>p1 move knockoff\n>p2 switch 2\n>p1 switch 5\n>p2 move drainpunch\n>p1 move spore\n>p2 move icepunch\n>p1 switch 4\n>p2 switch 2\n>p1 switch 5\n>p2 move icebeam\n>p1 move doubleedge\n>p2 switch 2\n>p1 switch 3\n>p2 move icepunch\n>p1 switch 4\n>p2 move drainpunch\n>p1 move gigadrain\n>p2 move icepunch\n>p1 move spore\n>p2 move icepunch\n>p1 switch 4\n>p2 switch 2\n>p1 move poisonfang\n>p2 move triattack\n>p1 switch 3\n>p2 move triattack\n>p1 move doubleedge\n>p2 move triattack\n>p1 move doubleedge\n>p2 switch 2\n>p1 switch 3\n>p2 move drainpunch\n>p1 switch 4\n>p2 move drainpunch\n>p1 switch 4\n>p2 switch 2\n>p1 switch 3\n>p2 move triattack\n>p1 move doubleedge\n>p2 switch 2\n>p1 switch 3\n>p2 move drainpunch\n>p1 move playrough\n>p2 switch 2\n>p1 move crunch\n>p2 move recover\n>p2 switch 2\n>p1 switch 4\n>p2 move icepunch\n>p1 move spore\n>p2 move icepunch\n>p1 switch 4\n>p2 move drainpunch\n>p1 switch 4\n>p2 move icepunch\n>p1 switch 4\n>p2 move icepunch\n>p1 move poisonfang\n>p2 switch 5\n>p1 switch 3\n>p2 move fireblast\n>p1 move doubleedge\n>p2 move dazzlinggleam\n>p1 switch 5\n>p1 move leafstorm\n>p2 move protect\n>p2 switch 3\n>p1 move leafstorm\n>p2 move uturn\n>p2 switch 6\n>p1 move leafstorm terastallize\n>p2 move hypervoice\n>p1 move leafstorm\n>p2 switch 4\n>forcelose p2", "uploadtime": 1781449422, "views": 5, "formatid": "gen9randombattle", "rating": null, "private": 0, "password": null}