{"id": "gen9randombattle-2631558640", "format": "[Gen 9] Random Battle", "players": ["Monsterofgermany", "nickolassbomfim"], "log": "|j|\u2606Monsterofgermany\n|j|\u2606nickolassbomfim\n|t:|1781401165\n|gametype|singles\n|player|p1|Monsterofgermany|102|1934\n|player|p2|nickolassbomfim|red-masters|1881\n|gen|9\n|tier|[Gen 9] Random Battle\n|rated|\n|rule|Species Clause: Limit one of each Pok\u00e9mon\n|rule|HP Percentage Mod: HP is shown in percentages\n|rule|Sleep Clause Mod: Limit one foe put to sleep\n|rule|Illusion Level Mod: Illusion disguises the Pok\u00e9mon's true level\n|\n|t:|1781401165\n|teamsize|p1|6\n|teamsize|p2|6\n|start\n|switch|p1a: Appletun|Appletun, L92, F|352/352\n|switch|p2a: Vivillon|Vivillon-Savanna, L83, M|268/268\n|turn|1\n|inactive|Battle timer is ON: inactive players will automatically lose when time's up. (requested by nickolassbomfim)\n|\n|t:|1781401184\n|move|p2a: Vivillon|Hurricane|p1a: Appletun\n|-supereffective|p1a: Appletun\n|-damage|p1a: Appletun|154/352\n|move|p1a: Appletun|Draco Meteor|p2a: Vivillon\n|-damage|p2a: Vivillon|6/268\n|-unboost|p1a: Appletun|spa|2\n|\n|-heal|p1a: Appletun|176/352|[from] item: Leftovers\n|upkeep\n|turn|2\n|\n|t:|1781401196\n|switch|p1a: Bastiodon|Bastiodon, L89, M|252/252\n|move|p2a: Vivillon|Quiver Dance|p2a: Vivillon\n|-boost|p2a: Vivillon|spa|1\n|-boost|p2a: Vivillon|spd|1\n|-boost|p2a: Vivillon|spe|1\n|\n|upkeep\n|turn|3\n|\n|t:|1781401204\n|move|p2a: Vivillon|Sleep Powder|p1a: Bastiodon\n|-status|p1a: Bastiodon|slp|[from] move: Sleep Powder\n|-enditem|p1a: Bastiodon|Chesto Berry|[eat]\n|-curestatus|p1a: Bastiodon|slp|[msg]\n|move|p1a: Bastiodon|Foul Play|p2a: Vivillon\n|-damage|p2a: Vivillon|0 fnt\n|faint|p2a: Vivillon\n|\n|upkeep\n|\n|t:|1781401208\n|switch|p2a: Decidueye|Decidueye-Hisui, L87, F|295/295\n|turn|4\n|\n|t:|1781401232\n|switch|p1a: Rotom|Rotom, L88|231/231\n|move|p2a: Decidueye|Triple Arrows|p1a: Rotom\n|-damage|p1a: Rotom|116/231\n|\n|upkeep\n|turn|5\n|\n|t:|1781401243\n|switch|p2a: Lanturn|Lanturn, L89, M|367/367\n|move|p1a: Rotom|Volt Switch|p2a: Lanturn\n|-immune|p2a: Lanturn|[from] ability: Volt Absorb\n|\n|upkeep\n|turn|6\n|\n|t:|1781401247\n|switch|p1a: Appletun|Appletun, L92, F|176/352\n|move|p2a: Lanturn|Ice Beam|p1a: Appletun\n|-supereffective|p1a: Appletun\n|-damage|p1a: Appletun|52/352\n|\n|-heal|p1a: Appletun|74/352|[from] item: Leftovers\n|upkeep\n|turn|7\n|\n|t:|1781401264\n|switch|p1a: Iron Hands|Iron Hands, L79|373/373\n|move|p2a: Lanturn|Ice Beam|p1a: Iron Hands\n|-damage|p1a: Iron Hands|326/373\n|\n|upkeep\n|turn|8\n|\n|t:|1781401268\n|move|p1a: Iron Hands|Fake Out|p2a: Lanturn\n|-damage|p2a: Lanturn|321/367\n|cant|p2a: Lanturn|flinch\n|\n|-heal|p2a: Lanturn|343/367|[from] item: Leftovers\n|upkeep\n|turn|9\n|\n|t:|1781401272\n|move|p2a: Lanturn|Scald|p1a: Iron Hands\n|-damage|p1a: Iron Hands|254/373\n|move|p1a: Iron Hands|Drain Punch|p2a: Lanturn\n|-damage|p2a: Lanturn|234/367\n|-heal|p1a: Iron Hands|309/373|[from] drain|[of] p2a: Lanturn\n|\n|-heal|p2a: Lanturn|256/367|[from] item: Leftovers\n|upkeep\n|turn|10\n|\n|t:|1781401291\n|move|p2a: Lanturn|Scald|p1a: Iron Hands\n|-damage|p1a: Iron Hands|237/373\n|move|p1a: Iron Hands|Drain Punch|p2a: Lanturn\n|-damage|p2a: Lanturn|147/367\n|-heal|p1a: Iron Hands|292/373|[from] drain|[of] p2a: Lanturn\n|\n|-heal|p2a: Lanturn|169/367|[from] item: Leftovers\n|upkeep\n|turn|11\n|\n|t:|1781401295\n|move|p2a: Lanturn|Scald|p1a: Iron Hands\n|-damage|p1a: Iron Hands|226/373\n|-status|p1a: Iron Hands|brn\n|move|p1a: Iron Hands|Drain Punch|p2a: Lanturn\n|-damage|p2a: Lanturn|109/367\n|-heal|p1a: Iron Hands|256/373 brn|[from] drain|[of] p2a: Lanturn\n|\n|-heal|p2a: Lanturn|131/367|[from] item: Leftovers\n|-damage|p1a: Iron Hands|233/373 brn|[from] brn\n|upkeep\n|turn|12\n|\n|t:|1781401300\n|switch|p2a: Decidueye|Decidueye-Hisui, L87, F|295/295\n|move|p1a: Iron Hands|Drain Punch|p2a: Decidueye\n|-crit|p2a: Decidueye\n|-damage|p2a: Decidueye|223/295\n|-heal|p1a: Iron Hands|269/373 brn|[from] drain|[of] p2a: Decidueye\n|\n|-heal|p2a: Decidueye|241/295|[from] item: Leftovers\n|-damage|p1a: Iron Hands|246/373 brn|[from] brn\n|upkeep\n|turn|13\n|\n|t:|1781401305\n|move|p2a: Decidueye|Triple Arrows|p1a: Iron Hands\n|-damage|p1a: Iron Hands|134/373 brn\n|move|p1a: Iron Hands|Volt Switch|p2a: Decidueye\n|-resisted|p2a: Decidueye\n|-damage|p2a: Decidueye|221/295\n|inactive|Monsterofgermany has 120 seconds left.\n|\n|t:|1781401347\n|-end|p1a: Iron Hands|Quark Drive|[silent]\n|switch|p1a: Rotom|Rotom, L88|116/231|[from] Volt Switch\n|\n|-heal|p2a: Decidueye|239/295|[from] item: Leftovers\n|upkeep\n|turn|14\n|inactive|Monsterofgermany has 120 seconds left.\n|\n|t:|1781401354\n|switch|p2a: Grimmsnarl|Grimmsnarl, L83, M|293/293\n|move|p1a: Rotom|Trick|p2a: Grimmsnarl\n|-activate|p1a: Rotom|move: Trick|[of] p2a: Grimmsnarl\n|-item|p2a: Grimmsnarl|Choice Scarf|[from] move: Trick\n|-item|p1a: Rotom|Light Clay|[from] move: Trick\n|\n|upkeep\n|turn|15\n|inactive|Monsterofgermany has 120 seconds left.\n|\n|t:|1781401367\n|move|p2a: Grimmsnarl|Parting Shot|p1a: Rotom\n|-unboost|p1a: Rotom|atk|1\n|-unboost|p1a: Rotom|spa|1\n|\n|t:|1781401371\n|switch|p2a: Garchomp|Garchomp, L74, M|282/282|[from] Parting Shot\n|move|p1a: Rotom|Volt Switch|p2a: Garchomp\n|-immune|p2a: Garchomp\n|\n|upkeep\n|turn|16\n|\n|t:|1781401386\n|switch|p1a: Clawitzer|Clawitzer, L87, M|265/265\n|move|p2a: Garchomp|Swords Dance|p2a: Garchomp\n|-boost|p2a: Garchomp|atk|2\n|\n|upkeep\n|turn|17\n|\n|t:|1781401398\n|-terastallize|p2a: Garchomp|Ground\n|move|p2a: Garchomp|Earthquake|p1a: Clawitzer\n|-damage|p1a: Clawitzer|19/265\n|move|p1a: Clawitzer|Dragon Pulse|p2a: Garchomp\n|-damage|p2a: Garchomp|160/282\n|\n|upkeep\n|turn|18\n|\n|t:|1781401410\n|move|p2a: Garchomp|Scale Shot|p1a: Clawitzer\n|-damage|p1a: Clawitzer|0 fnt\n|faint|p1a: Clawitzer\n|-hitcount|p1: Clawitzer|1\n|-unboost|p2a: Garchomp|def|1\n|-boost|p2a: Garchomp|spe|1\n|\n|upkeep\n|inactive|Monsterofgermany has 120 seconds left.\n|\n|t:|1781401443\n|switch|p1a: Iron Hands|Iron Hands, L79|134/373 brn\n|turn|19\n|\n|t:|1781401446\n|move|p1a: Iron Hands|Fake Out|p2a: Garchomp\n|-damage|p2a: Garchomp|135/282\n|-damage|p1a: Iron Hands|88/373 brn|[from] ability: Rough Skin|[of] p2a: Garchomp\n|cant|p2a: Garchomp|flinch\n|\n|-damage|p1a: Iron Hands|65/373 brn|[from] brn\n|upkeep\n|turn|20\n|\n|t:|1781401450\n|move|p2a: Garchomp|Swords Dance|p2a: Garchomp\n|-boost|p2a: Garchomp|atk|2\n|move|p1a: Iron Hands|Drain Punch|p2a: Garchomp\n|-damage|p2a: Garchomp|57/282\n|-heal|p1a: Iron Hands|104/373 brn|[from] drain|[of] p2a: Garchomp\n|-damage|p1a: Iron Hands|58/373 brn|[from] ability: Rough Skin|[of] p2a: Garchomp\n|\n|-damage|p1a: Iron Hands|35/373 brn|[from] brn\n|upkeep\n|turn|21\n|inactive|Monsterofgermany has 120 seconds left.\n|\n|t:|1781401461\n|-end|p1a: Iron Hands|Quark Drive|[silent]\n|switch|p1a: Rotom|Rotom, L88|116/231\n|move|p2a: Garchomp|Earthquake|p1a: Rotom\n|-immune|p1a: Rotom|[from] ability: Levitate\n|\n|upkeep\n|turn|22\n|\n|t:|1781401468\n|move|p2a: Garchomp|Iron Head|p1a: Rotom\n|-resisted|p1a: Rotom\n|-damage|p1a: Rotom|24/231\n|cant|p1a: Rotom|flinch\n|\n|upkeep\n|turn|23\n|\n|t:|1781401474\n|move|p2a: Garchomp|Iron Head|p1a: Rotom\n|-resisted|p1a: Rotom\n|-damage|p1a: Rotom|0 fnt\n|faint|p1a: Rotom\n|\n|upkeep\n|\n|t:|1781401478\n|switch|p1a: Iron Hands|Iron Hands, L79|35/373 brn\n|turn|24\n|\n|t:|1781401480\n|move|p1a: Iron Hands|Fake Out|p2a: Garchomp\n|-damage|p2a: Garchomp|31/282\n|-damage|p1a: Iron Hands|0 fnt|[from] ability: Rough Skin|[of] p2a: Garchomp\n|faint|p1a: Iron Hands\n|-end|p1a: Iron Hands|Quark Drive|[silent]\n|cant|p2a: Garchomp|flinch\n|\n|upkeep\n|\n|t:|1781401486\n|switch|p1a: Bastiodon|Bastiodon, L89, M|252/252\n|turn|25\n|\n|t:|1781401490\n|-terastallize|p1a: Bastiodon|Fighting\n|move|p2a: Garchomp|Earthquake|p1a: Bastiodon\n|-damage|p1a: Bastiodon|12/252\n|move|p1a: Bastiodon|Body Press|p2a: Garchomp\n|-damage|p2a: Garchomp|0 fnt\n|-damage|p1a: Bastiodon|0 fnt|[from] ability: Rough Skin|[of] p2a: Garchomp\n|faint|p2a: Garchomp\n|faint|p1a: Bastiodon\n|\n|upkeep\n|\n|t:|1781401497\n|switch|p2a: Decidueye|Decidueye-Hisui, L87, F|239/295\n|switch|p1a: Appletun|Appletun, L92, F|74/352\n|turn|26\n|\n|t:|1781401502\n|move|p2a: Decidueye|Triple Arrows|p1a: Appletun\n|-damage|p1a: Appletun|0 fnt\n|faint|p1a: Appletun\n|\n|-heal|p2a: Decidueye|257/295|[from] item: Leftovers\n|upkeep\n|\n|t:|1781401504\n|switch|p1a: Roaring Moon|Roaring Moon, L72|270/270\n|-enditem|p1a: Roaring Moon|Booster Energy\n|-activate|p1a: Roaring Moon|ability: Protosynthesis|[fromitem]\n|-start|p1a: Roaring Moon|protosynthesisatk\n|turn|27\n|\n|t:|1781401510\n|move|p1a: Roaring Moon|Dragon Dance|p1a: Roaring Moon\n|-boost|p1a: Roaring Moon|atk|1\n|-boost|p1a: Roaring Moon|spe|1\n|move|p2a: Decidueye|Triple Arrows|p1a: Roaring Moon\n|-supereffective|p1a: Roaring Moon\n|-damage|p1a: Roaring Moon|0 fnt\n|faint|p1a: Roaring Moon\n|-end|p1a: Roaring Moon|Protosynthesis|[silent]\n|\n|win|nickolassbomfim\n|raw|Monsterofgermany's rating: 1934 &rarr; <strong>1911</strong><br />(-23 for losing)\n|raw|nickolassbomfim's rating: 1881 &rarr; <strong>1904</strong><br />(+23 for winning)\n", "inputlog": ">version a8376a258c1d4662feba110a92103f3664a72141\n>start {\"formatid\":\"gen9randombattle\",\"seed\":\"sodium,9c03f88711a48a7ec1f49a72d0ae8af4\",\"rated\":\"Rated battle\"}\n>player p1 {\"name\":\"Monsterofgermany\",\"avatar\":\"102\",\"rating\":1934,\"seed\":\"sodium,306baa8e856d37ef386daad4bd952ef4\"}\n>player p2 {\"name\":\"nickolassbomfim\",\"avatar\":\"red-masters\",\"rating\":1881,\"seed\":\"sodium,d11ff4fd2928f1f1d1e53edefd696b21\"}\n>p1 move dracometeor\n>p2 move hurricane\n>p1 switch 3\n>p2 move quiverdance\n>p1 move foulplay\n>p2 move sleeppowder\n>p2 switch 2\n>p1 switch 4\n>p2 move triplearrows\n>p1 move voltswitch\n>p2 switch 5\n>p1 switch 3\n>p2 move icebeam\n>p1 switch 6\n>p2 move icebeam\n>p1 move fakeout\n>p2 move scald\n>p1 move drainpunch\n>p2 move scald\n>p1 move drainpunch\n>p2 move scald\n>p1 move drainpunch\n>p2 move scald\n>p1 move drainpunch\n>p2 switch 5\n>p1 move voltswitch\n>p2 move triplearrows\n>p1 switch 3\n>p1 move trick\n>p2 switch 6\n>p1 move voltswitch\n>p2 move partingshot\n>p2 switch 3\n>p1 switch 2\n>p2 move swordsdance\n>p1 move dragonpulse\n>p2 move earthquake terastallize\n>p1 move waterpulse\n>p2 move scaleshot\n>p1 switch 3\n>p1 move fakeout\n>p2 move swordsdance\n>p1 move drainpunch\n>p2 move swordsdance\n>p1 switch 2\n>p2 move earthquake\n>p1 move shadowball\n>p2 move ironhead\n>p1 move shadowball\n>p2 move ironhead\n>p1 switch 2\n>p1 move fakeout\n>p2 move ironhead\n>p1 switch 4\n>p1 move bodypress terastallize\n>p2 move earthquake\n>p1 switch 6\n>p2 switch 6\n>p1 move dracometeor\n>p2 move triplearrows\n>p1 switch 5\n>p1 move dragondance\n>p2 move triplearrows", "uploadtime": 1781401510, "views": 5, "formatid": "gen9randombattle", "rating": 1904, "private": 0, "password": null}