{"id": "gen9randombattle-2631803739", "format": "[Gen 9] Random Battle", "players": ["AcquiredWolf", "alfredochi"], "log": "|j|\u2606AcquiredWolf\n|j|\u2606alfredochi\n|t:|1781442022\n|gametype|singles\n|player|p1|AcquiredWolf|diantha|2070\n|player|p2|alfredochi|pryce|2082\n|gen|9\n|tier|[Gen 9] Random Battle\n|rated|\n|rule|Species Clause: Limit one of each Pok\u00e9mon\n|rule|HP Percentage Mod: HP is shown in percentages\n|rule|Sleep Clause Mod: Limit one foe put to sleep\n|rule|Illusion Level Mod: Illusion disguises the Pok\u00e9mon's true level\n|\n|t:|1781442022\n|teamsize|p1|6\n|teamsize|p2|6\n|start\n|switch|p1a: Archaludon|Archaludon, L78, M|268/268\n|switch|p2a: Torterra|Torterra, L78, F|276/276\n|turn|1\n|inactive|Battle timer is ON: inactive players will automatically lose when time's up. (requested by AcquiredWolf)\n|\n|t:|1781442042\n|switch|p1a: Dusknoir|Dusknoir, L89, F|225/225\n|-item|p2a: Torterra|Loaded Dice|[from] ability: Frisk|[of] p1a: Dusknoir\n|move|p2a: Torterra|Shell Smash|p2a: Torterra\n|-unboost|p2a: Torterra|def|1\n|-unboost|p2a: Torterra|spd|1\n|-boost|p2a: Torterra|atk|2\n|-boost|p2a: Torterra|spa|2\n|-boost|p2a: Torterra|spe|2\n|\n|upkeep\n|turn|2\n|\n|t:|1781442061\n|move|p2a: Torterra|Bullet Seed|p1a: Dusknoir\n|-damage|p1a: Dusknoir|192/225\n|-damage|p1a: Dusknoir|155/225\n|-damage|p1a: Dusknoir|121/225\n|-damage|p1a: Dusknoir|85/225\n|-hitcount|p1a: Dusknoir|4\n|move|p1a: Dusknoir|Poltergeist|p2a: Torterra\n|-activate|p2a: Torterra|move: Poltergeist|Loaded Dice\n|-damage|p2a: Torterra|5/276\n|\n|upkeep\n|turn|3\n|\n|t:|1781442074\n|move|p2a: Torterra|Bullet Seed|p1a: Dusknoir\n|-damage|p1a: Dusknoir|37/225\n|-damage|p1a: Dusknoir|0 fnt\n|faint|p1a: Dusknoir\n|-hitcount|p1: Dusknoir|2\n|\n|upkeep\n|\n|t:|1781442086\n|switch|p1a: Hypno|Hypno, L95, M|315/315\n|turn|4\n|\n|t:|1781442093\n|move|p2a: Torterra|Headlong Rush|p1a: Hypno\n|-damage|p1a: Hypno|65/315\n|-unboost|p2a: Torterra|def|1\n|-unboost|p2a: Torterra|spd|1\n|move|p1a: Hypno|Psychic Noise|p2a: Torterra\n|-damage|p2a: Torterra|0 fnt\n|faint|p2a: Torterra\n|\n|-heal|p1a: Hypno|84/315|[from] item: Leftovers\n|upkeep\n|\n|t:|1781442101\n|switch|p2a: Dewgong|Dewgong, L94, F|322/322\n|turn|5\n|\n|t:|1781442111\n|move|p1a: Hypno|Protect|p1a: Hypno\n|-singleturn|p1a: Hypno|Protect\n|move|p2a: Dewgong|Knock Off|p1a: Hypno\n|-activate|p1a: Hypno|move: Protect\n|\n|-heal|p1a: Hypno|103/315|[from] item: Leftovers\n|upkeep\n|turn|6\n|\n|t:|1781442125\n|switch|p1a: Malamar|Malamar, L82, M|275/275\n|move|p2a: Dewgong|Knock Off|p1a: Malamar\n|-crit|p1a: Malamar\n|-damage|p1a: Malamar|175/275\n|-enditem|p1a: Malamar|Chesto Berry|[from] move: Knock Off|[of] p2a: Dewgong\n|\n|upkeep\n|turn|7\n|\n|t:|1781442141\n|move|p2a: Dewgong|Flip Turn|p1a: Malamar\n|-damage|p1a: Malamar|109/275\n|\n|t:|1781442151\n|switch|p2a: Chimecho|Chimecho, L93, M|290/290|[from] Flip Turn\n|move|p1a: Malamar|Knock Off|p2a: Chimecho\n|-supereffective|p2a: Chimecho\n|-damage|p2a: Chimecho|104/290\n|-enditem|p2a: Chimecho|Leftovers|[from] move: Knock Off|[of] p1a: Malamar\n|\n|upkeep\n|turn|8\n|\n|t:|1781442160\n|move|p2a: Chimecho|Dazzling Gleam|p1a: Malamar\n|-supereffective|p1a: Malamar\n|-damage|p1a: Malamar|0 fnt\n|faint|p1a: Malamar\n|\n|upkeep\n|\n|t:|1781442166\n|switch|p1a: Minun|Minun, L95, M|268/268\n|turn|9\n|\n|t:|1781442173\n|move|p1a: Minun|Nasty Plot|p1a: Minun\n|-boost|p1a: Minun|spa|2\n|move|p2a: Chimecho|Psychic Noise|p1a: Minun\n|-damage|p1a: Minun|186/268\n|-start|p1a: Minun|move: Heal Block\n|\n|upkeep\n|turn|10\n|\n|t:|1781442182\n|move|p1a: Minun|Thunderbolt|p2a: Chimecho\n|-damage|p2a: Chimecho|0 fnt\n|faint|p2a: Chimecho\n|-damage|p1a: Minun|160/268|[from] item: Life Orb\n|\n|-end|p1a: Minun|move: Heal Block\n|upkeep\n|\n|t:|1781442191\n|switch|p2a: Sawsbuck|Sawsbuck-Summer, L88, M|284/284\n|turn|11\n|\n|t:|1781442205\n|switch|p1a: Archaludon|Archaludon, L78, M|268/268\n|move|p2a: Sawsbuck|Horn Leech|p1a: Archaludon\n|-resisted|p1a: Archaludon\n|-damage|p1a: Archaludon|243/268\n|-ability|p1a: Archaludon|Stamina|boost\n|-boost|p1a: Archaludon|def|1\n|-damage|p2a: Sawsbuck|256/284|[from] item: Life Orb\n|\n|upkeep\n|turn|12\n|\n|t:|1781442229\n|switch|p2a: Glimmora|Glimmora, L75, M|248/248\n|-item|p2a: Glimmora|Air Balloon\n|move|p1a: Archaludon|Swords Dance|p1a: Archaludon\n|-boost|p1a: Archaludon|atk|2\n|\n|upkeep\n|turn|13\n|\n|t:|1781442238\n|move|p1a: Archaludon|Earthquake|p2a: Glimmora\n|-immune|p2a: Glimmora\n|move|p2a: Glimmora|Earth Power|p1a: Archaludon\n|-supereffective|p1a: Archaludon\n|-damage|p1a: Archaludon|73/268\n|-ability|p1a: Archaludon|Stamina|boost\n|-boost|p1a: Archaludon|def|1\n|\n|upkeep\n|turn|14\n|\n|t:|1781442246\n|move|p1a: Archaludon|Iron Head|p2a: Glimmora\n|-supereffective|p2a: Glimmora\n|-damage|p2a: Glimmora|0 fnt\n|-activate|p2a: Glimmora|ability: Toxic Debris\n|-sidestart|p1: AcquiredWolf|move: Toxic Spikes\n|-enditem|p2a: Glimmora|Air Balloon\n|faint|p2a: Glimmora\n|\n|upkeep\n|\n|t:|1781442255\n|switch|p2a: Dewgong|Dewgong, L94, F|322/322\n|turn|15\n|\n|t:|1781442260\n|move|p2a: Dewgong|Ice Beam|p1a: Archaludon\n|-damage|p1a: Archaludon|0 fnt\n|faint|p1a: Archaludon\n|\n|upkeep\n|\n|t:|1781442289\n|switch|p1a: Lapras|Lapras, L87, F|367/367\n|-status|p1a: Lapras|psn\n|turn|16\n|\n|t:|1781442301\n|move|p2a: Dewgong|Knock Off|p1a: Lapras\n|-damage|p1a: Lapras|298/367 psn\n|-enditem|p1a: Lapras|Loaded Dice|[from] move: Knock Off|[of] p2a: Dewgong\n|move|p1a: Lapras|Dragon Dance|p1a: Lapras\n|-boost|p1a: Lapras|atk|1\n|-boost|p1a: Lapras|spe|1\n|\n|-damage|p1a: Lapras|253/367 psn|[from] psn\n|upkeep\n|turn|17\n|\n|t:|1781442315\n|move|p1a: Lapras|Dragon Dance|p1a: Lapras\n|-boost|p1a: Lapras|atk|1\n|-boost|p1a: Lapras|spe|1\n|move|p2a: Dewgong|Knock Off|p1a: Lapras\n|-damage|p1a: Lapras|206/367 psn\n|\n|-damage|p1a: Lapras|161/367 psn|[from] psn\n|upkeep\n|turn|18\n|\n|t:|1781442323\n|move|p1a: Lapras|Earthquake|p2a: Dewgong\n|-damage|p2a: Dewgong|200/322\n|move|p2a: Dewgong|Knock Off|p1a: Lapras\n|-damage|p1a: Lapras|112/367 psn\n|\n|-damage|p1a: Lapras|67/367 psn|[from] psn\n|upkeep\n|turn|19\n|\n|t:|1781442331\n|move|p1a: Lapras|Earthquake|p2a: Dewgong\n|-damage|p2a: Dewgong|79/322\n|move|p2a: Dewgong|Knock Off|p1a: Lapras\n|-damage|p1a: Lapras|21/367 psn\n|\n|-damage|p1a: Lapras|0 fnt|[from] psn\n|faint|p1a: Lapras\n|upkeep\n|-message|AcquiredWolf forfeited.\n|\n|win|alfredochi\n", "inputlog": ">version a8376a258c1d4662feba110a92103f3664a72141\n>start {\"formatid\":\"gen9randombattle\",\"seed\":\"sodium,92ee72f654c96ab876aae6232cfee318\",\"rated\":\"Rated battle\"}\n>player p1 {\"name\":\"AcquiredWolf\",\"avatar\":\"diantha\",\"rating\":2070,\"seed\":\"sodium,f400418e9c7aab5109dfaa5dde0f9901\"}\n>player p2 {\"name\":\"alfredochi\",\"avatar\":\"pryce\",\"rating\":2082,\"seed\":\"sodium,93be70b77d1ba5ed887af2bddf03553c\"}\n>p1 switch 6\n>p2 move shellsmash\n>p1 move poltergeist\n>p2 move bulletseed\n>p1 move poltergeist\n>p2 move bulletseed\n>p1 switch 4\n>p1 move psychicnoise\n>p2 move headlongrush\n>p2 switch 6\n>p1 move protect\n>p2 move knockoff\n>p1 switch 5\n>p2 move knockoff\n>p1 move knockoff\n>p2 move flipturn\n>p2 switch 4\n>p1 move superpower\n>p2 move dazzlinggleam\n>p1 switch 2\n>p1 move nastyplot\n>p2 move psychicnoise\n>p1 move thunderbolt\n>p2 move psychicnoise\n>p2 switch 3\n>p1 switch 6\n>p2 move hornleech\n>p1 move swordsdance\n>p2 switch 2\n>p1 move earthquake\n>p2 move earthpower\n>p1 move ironhead\n>p2 move earthpower\n>p2 switch 4\n>p1 move outrage\n>p2 move icebeam\n>p1 switch 3\n>p1 move dragondance\n>p2 move knockoff\n>p1 move dragondance\n>p2 move knockoff\n>p1 move earthquake\n>p2 move knockoff\n>p1 move earthquake\n>p2 move knockoff\n>forcelose p1", "uploadtime": 1781442024, "views": 4, "formatid": "gen9randombattle", "rating": null, "private": 0, "password": null}