{"id": "gen9randombattle-2631851652", "format": "[Gen 9] Random Battle", "players": ["funybuny", "SelectronHiPower"], "log": "|j|\u2606funybuny\n|j|\u2606SelectronHiPower\n|t:|1781448150\n|gametype|singles\n|player|p1|funybuny|roxie|1963\n|player|p2|SelectronHiPower|bellelba|1916\n|gen|9\n|tier|[Gen 9] Random Battle\n|rated|\n|rule|Species Clause: Limit one of each Pok\u00e9mon\n|rule|HP Percentage Mod: HP is shown in percentages\n|rule|Sleep Clause Mod: Limit one foe put to sleep\n|rule|Illusion Level Mod: Illusion disguises the Pok\u00e9mon's true level\n|\n|t:|1781448150\n|teamsize|p1|6\n|teamsize|p2|6\n|start\n|switch|p1a: Camerupt|Camerupt, L91, M|275/275\n|switch|p2a: Hippowdon|Hippowdon, L82, M|311/311\n|-weather|Sandstorm|[from] ability: Sand Stream|[of] p2a: Hippowdon\n|turn|1\n|c|\u2606SelectronHiPower|glhf\n|inactive|Battle timer is ON: inactive players will automatically lose when time's up. (requested by SelectronHiPower)\n|c|\u2606funybuny|u2\n|\n|t:|1781448173\n|move|p1a: Camerupt|Will-O-Wisp|p2a: Hippowdon\n|-status|p2a: Hippowdon|brn\n|move|p2a: Hippowdon|Stealth Rock|p1a: Camerupt\n|-sidestart|p1: funybuny|move: Stealth Rock\n|\n|-weather|Sandstorm|[upkeep]\n|-damage|p2a: Hippowdon|292/311 brn|[from] brn\n|upkeep\n|turn|2\n|\n|t:|1781448181\n|move|p1a: Camerupt|Stealth Rock|p2a: Hippowdon\n|-sidestart|p2: SelectronHiPower|move: Stealth Rock\n|move|p2a: Hippowdon|Earthquake|p1a: Camerupt\n|-supereffective|p1a: Camerupt\n|-damage|p1a: Camerupt|189/275\n|\n|-weather|Sandstorm|[upkeep]\n|-heal|p1a: Camerupt|206/275|[from] item: Leftovers\n|-heal|p2a: Hippowdon|311/311 brn|[from] item: Leftovers\n|-damage|p2a: Hippowdon|292/311 brn|[from] brn\n|upkeep\n|turn|3\n|\n|t:|1781448191\n|move|p1a: Camerupt|Overheat|p2a: Hippowdon\n|-damage|p2a: Hippowdon|93/311 brn\n|-unboost|p1a: Camerupt|spa|2\n|move|p2a: Hippowdon|Whirlwind|p1a: Camerupt\n|drag|p1a: Toucannon|Toucannon, L88, F|284/284\n|\n|-weather|Sandstorm|[upkeep]\n|-damage|p1a: Toucannon|267/284|[from] Sandstorm\n|-heal|p2a: Hippowdon|112/311 brn|[from] item: Leftovers\n|-damage|p2a: Hippowdon|93/311 brn|[from] brn\n|upkeep\n|turn|4\n|\n|t:|1781448201\n|move|p1a: Toucannon|Boomburst|p2a: Hippowdon\n|-damage|p2a: Hippowdon|0 fnt\n|faint|p2a: Hippowdon\n|\n|-weather|Sandstorm|[upkeep]\n|-damage|p1a: Toucannon|250/284|[from] Sandstorm\n|upkeep\n|\n|t:|1781448223\n|switch|p2a: Slowking|Slowking, L88, F|310/310\n|-damage|p2a: Slowking|272/310|[from] Stealth Rock\n|turn|5\n|\n|t:|1781448230\n|move|p1a: Toucannon|U-turn|p2a: Slowking\n|-supereffective|p2a: Slowking\n|-damage|p2a: Slowking|148/310\n|\n|t:|1781448233\n|switch|p1a: Wyrdeer|Wyrdeer, L87, F|321/321|[from] U-turn\n|-damage|p1a: Wyrdeer|281/321|[from] Stealth Rock\n|-ability|p1a: Wyrdeer|Intimidate|boost\n|-unboost|p2a: Slowking|atk|1\n|move|p2a: Slowking|Thunder Wave|p1a: Wyrdeer\n|-status|p1a: Wyrdeer|par\n|\n|-weather|none\n|-heal|p2a: Slowking|167/310|[from] item: Leftovers\n|upkeep\n|turn|6\n|\n|t:|1781448252\n|switch|p2a: Cryogonal|Cryogonal, L89|287/287\n|move|p1a: Wyrdeer|Body Slam|p2a: Cryogonal\n|-damage|p2a: Cryogonal|137/287\n|\n|upkeep\n|turn|7\n|\n|t:|1781448261\n|move|p2a: Cryogonal|Recover|p2a: Cryogonal\n|-heal|p2a: Cryogonal|281/287\n|move|p1a: Wyrdeer|Body Slam|p2a: Cryogonal\n|-damage|p2a: Cryogonal|143/287\n|\n|upkeep\n|turn|8\n|\n|t:|1781448269\n|-terastallize|p2a: Cryogonal|Electric\n|move|p2a: Cryogonal|Recover|p2a: Cryogonal\n|-heal|p2a: Cryogonal|287/287\n|move|p1a: Wyrdeer|Body Slam|p2a: Cryogonal\n|-damage|p2a: Cryogonal|137/287\n|\n|upkeep\n|turn|9\n|\n|t:|1781448276\n|move|p2a: Cryogonal|Recover|p2a: Cryogonal\n|-heal|p2a: Cryogonal|281/287\n|cant|p1a: Wyrdeer|par\n|\n|upkeep\n|turn|10\n|\n|t:|1781448281\n|move|p2a: Cryogonal|Rapid Spin|p1a: Wyrdeer\n|-damage|p1a: Wyrdeer|254/321 par\n|-boost|p2a: Cryogonal|spe|1\n|-sideend|p2: SelectronHiPower|Stealth Rock|[from] move: Rapid Spin|[of] p2a: Cryogonal\n|move|p1a: Wyrdeer|Body Slam|p2a: Cryogonal\n|-damage|p2a: Cryogonal|149/287\n|\n|upkeep\n|turn|11\n|\n|t:|1781448292\n|move|p2a: Cryogonal|Tera Blast|p1a: Wyrdeer|[anim] Tera Blast Electric\n|-crit|p1a: Wyrdeer\n|-damage|p1a: Wyrdeer|152/321 par\n|cant|p1a: Wyrdeer|par\n|\n|upkeep\n|turn|12\n|\n|t:|1781448297\n|move|p2a: Cryogonal|Tera Blast|p1a: Wyrdeer|[anim] Tera Blast Electric\n|-crit|p1a: Wyrdeer\n|-damage|p1a: Wyrdeer|47/321 par\n|cant|p1a: Wyrdeer|par\n|\n|upkeep\n|turn|13\n|\n|t:|1781448302\n|move|p2a: Cryogonal|Tera Blast|p1a: Wyrdeer|[anim] Tera Blast Electric\n|-damage|p1a: Wyrdeer|0 fnt\n|faint|p1a: Wyrdeer\n|\n|upkeep\n|\n|t:|1781448311\n|switch|p1a: Gardevoir|Gardevoir, L83, F|249/249\n|-damage|p1a: Gardevoir|218/249|[from] Stealth Rock\n|-ability|p1a: Gardevoir|Levitate|Trace|[from] ability: Trace|[of] p2a: Cryogonal\n|turn|14\n|\n|t:|1781448317\n|move|p2a: Cryogonal|Recover|p2a: Cryogonal\n|-heal|p2a: Cryogonal|287/287\n|move|p1a: Gardevoir|Mystical Fire|p2a: Cryogonal\n|-damage|p2a: Cryogonal|243/287\n|-unboost|p2a: Cryogonal|spa|1\n|\n|upkeep\n|turn|15\n|\n|t:|1781448331\n|switch|p2a: Slowking|Slowking, L88, F|270/310\n|move|p1a: Gardevoir|Mystical Fire|p2a: Slowking\n|-resisted|p2a: Slowking\n|-damage|p2a: Slowking|246/310\n|-unboost|p2a: Slowking|spa|1\n|\n|-heal|p2a: Slowking|265/310|[from] item: Leftovers\n|upkeep\n|turn|16\n|\n|t:|1781448339\n|switch|p1a: Zarude|Zarude, L77|288/288\n|-damage|p1a: Zarude|252/288|[from] Stealth Rock\n|move|p2a: Slowking|Thunder Wave|p1a: Zarude\n|-status|p1a: Zarude|par\n|\n|-heal|p2a: Slowking|284/310|[from] item: Leftovers\n|-heal|p1a: Zarude|270/288 par|[from] item: Leftovers\n|upkeep\n|turn|17\n|\n|t:|1781448352\n|switch|p2a: Venusaur|Venusaur, L84, M|272/272\n|move|p1a: Zarude|Knock Off|p2a: Venusaur\n|-damage|p2a: Venusaur|173/272\n|-enditem|p2a: Venusaur|Leftovers|[from] move: Knock Off|[of] p1a: Zarude\n|\n|-heal|p1a: Zarude|288/288 par|[from] item: Leftovers\n|upkeep\n|turn|18\n|\n|t:|1781448365\n|switch|p1a: Camerupt|Camerupt, L91, M|206/275\n|-damage|p1a: Camerupt|172/275|[from] Stealth Rock\n|move|p2a: Venusaur|Sludge Bomb|p1a: Camerupt\n|-resisted|p1a: Camerupt\n|-damage|p1a: Camerupt|124/275\n|\n|-heal|p1a: Camerupt|141/275|[from] item: Leftovers\n|upkeep\n|turn|19\n|\n|t:|1781448377\n|move|p2a: Venusaur|Sleep Powder|p1a: Camerupt\n|-status|p1a: Camerupt|slp|[from] move: Sleep Powder\n|cant|p1a: Camerupt|slp\n|\n|-heal|p1a: Camerupt|158/275 slp|[from] item: Leftovers\n|upkeep\n|turn|20\n|\n|t:|1781448385\n|switch|p1a: Gardevoir|Gardevoir, L83, F|218/249\n|-damage|p1a: Gardevoir|187/249|[from] Stealth Rock\n|-ability|p1a: Gardevoir|Chlorophyll|Trace|[from] ability: Trace|[of] p2a: Venusaur\n|move|p2a: Venusaur|Knock Off|p1a: Gardevoir\n|-damage|p1a: Gardevoir|105/249\n|-enditem|p1a: Gardevoir|Choice Scarf|[from] move: Knock Off|[of] p2a: Venusaur\n|\n|upkeep\n|turn|21\n|\n|t:|1781448395\n|move|p2a: Venusaur|Sludge Bomb|p1a: Gardevoir\n|-supereffective|p1a: Gardevoir\n|-damage|p1a: Gardevoir|0 fnt\n|faint|p1a: Gardevoir\n|\n|upkeep\n|\n|t:|1781448398\n|switch|p1a: Toucannon|Toucannon, L88, F|250/284\n|turn|22\n|\n|t:|1781448414\n|switch|p2a: Slowking|Slowking, L88, F|310/310\n|-singleturn|p1a: Toucannon|move: Beak Blast\n|move|p1a: Toucannon|Beak Blast|p2a: Slowking\n|-damage|p2a: Slowking|162/310\n|\n|-heal|p2a: Slowking|181/310|[from] item: Leftovers\n|upkeep\n|turn|23\n|\n|t:|1781448431\n|move|p1a: Toucannon|U-turn|p2a: Slowking\n|-supereffective|p2a: Slowking\n|-damage|p2a: Slowking|43/310\n|\n|t:|1781448434\n|switch|p1a: Zarude|Zarude, L77|288/288 par|[from] U-turn\n|-damage|p1a: Zarude|252/288 par|[from] Stealth Rock\n|move|p2a: Slowking|Scald|p1a: Zarude\n|-resisted|p1a: Zarude\n|-damage|p1a: Zarude|201/288 par\n|\n|-heal|p2a: Slowking|62/310|[from] item: Leftovers\n|-heal|p1a: Zarude|219/288 par|[from] item: Leftovers\n|upkeep\n|turn|24\n|\n|t:|1781448448\n|move|p2a: Slowking|Slack Off|p2a: Slowking\n|-heal|p2a: Slowking|217/310\n|move|p1a: Zarude|Knock Off|p2a: Slowking\n|-supereffective|p2a: Slowking\n|-damage|p2a: Slowking|23/310\n|-enditem|p2a: Slowking|Leftovers|[from] move: Knock Off|[of] p1a: Zarude\n|\n|-heal|p1a: Zarude|237/288 par|[from] item: Leftovers\n|upkeep\n|turn|25\n|\n|t:|1781448455\n|move|p1a: Zarude|Knock Off|p2a: Slowking\n|-supereffective|p2a: Slowking\n|-damage|p2a: Slowking|0 fnt\n|faint|p2a: Slowking\n|\n|-heal|p1a: Zarude|255/288 par|[from] item: Leftovers\n|upkeep\n|\n|t:|1781448464\n|switch|p2a: Venusaur|Venusaur, L84, M|173/272\n|turn|26\n|\n|t:|1781448469\n|move|p2a: Venusaur|Sludge Bomb|p1a: Zarude\n|-supereffective|p1a: Zarude\n|-damage|p1a: Zarude|49/288 par\n|move|p1a: Zarude|Knock Off|p2a: Venusaur\n|-damage|p2a: Venusaur|103/272\n|\n|-heal|p1a: Zarude|67/288 par|[from] item: Leftovers\n|upkeep\n|turn|27\n|\n|t:|1781448483\n|move|p2a: Venusaur|Sludge Bomb|p1a: Zarude\n|-supereffective|p1a: Zarude\n|-damage|p1a: Zarude|0 fnt\n|faint|p1a: Zarude\n|\n|upkeep\n|\n|t:|1781448493\n|switch|p1a: Toucannon|Toucannon, L88, F|250/284\n|turn|28\n|\n|t:|1781448501\n|-singleturn|p1a: Toucannon|move: Beak Blast\n|move|p2a: Venusaur|Knock Off|p1a: Toucannon\n|-crit|p1a: Toucannon\n|-damage|p1a: Toucannon|160/284\n|-status|p2a: Venusaur|brn\n|-enditem|p1a: Toucannon|Heavy-Duty Boots|[from] move: Knock Off|[of] p2a: Venusaur\n|move|p1a: Toucannon|Beak Blast|p2a: Venusaur\n|-supereffective|p2a: Venusaur\n|-damage|p2a: Venusaur|0 fnt\n|faint|p2a: Venusaur\n|\n|upkeep\n|\n|t:|1781448514\n|switch|p2a: Cryogonal|Cryogonal, L89, tera:Electric|243/287\n|turn|29\n|\n|t:|1781448536\n|move|p2a: Cryogonal|Tera Blast|p1a: Toucannon|[anim] Tera Blast Electric\n|-supereffective|p1a: Toucannon\n|-damage|p1a: Toucannon|0 fnt\n|faint|p1a: Toucannon\n|\n|upkeep\n|\n|t:|1781448540\n|switch|p1a: Rayquaza|Rayquaza, L72|270/270\n|-damage|p1a: Rayquaza|203/270|[from] Stealth Rock\n|-ability|p1a: Rayquaza|Air Lock\n|turn|30\n|\n|t:|1781448551\n|-terastallize|p1a: Rayquaza|Dragon\n|move|p2a: Cryogonal|Rapid Spin|p1a: Rayquaza\n|-damage|p1a: Rayquaza|173/270\n|-boost|p2a: Cryogonal|spe|1\n|move|p1a: Rayquaza|Scale Shot|p2a: Cryogonal\n|-damage|p2a: Cryogonal|193/287\n|-damage|p2a: Cryogonal|137/287\n|-damage|p2a: Cryogonal|85/287\n|-damage|p2a: Cryogonal|35/287\n|-damage|p2a: Cryogonal|0 fnt\n|faint|p2a: Cryogonal\n|-hitcount|p2: Cryogonal|5\n|-unboost|p1a: Rayquaza|def|1\n|-boost|p1a: Rayquaza|spe|1\n|\n|upkeep\n|inactive|SelectronHiPower has 120 seconds left.\n|\n|t:|1781448579\n|switch|p2a: Medicham|Medicham, L86, F|243/243\n|turn|31\n|\n|t:|1781448582\n|move|p2a: Medicham|Bullet Punch|p1a: Rayquaza\n|-damage|p1a: Rayquaza|73/270\n|move|p1a: Rayquaza|Dragon Ascent|p2a: Medicham\n|-supereffective|p2a: Medicham\n|-damage|p2a: Medicham|0 fnt\n|-unboost|p1a: Rayquaza|def|1\n|-unboost|p1a: Rayquaza|spd|1\n|faint|p2a: Medicham\n|\n|upkeep\n|\n|t:|1781448590\n|switch|p2a: Phione|Phione, L91|293/293\n|turn|32\n|\n|t:|1781448596\n|move|p1a: Rayquaza|Scale Shot|p2a: Phione\n|-damage|p2a: Phione|255/293\n|-damage|p2a: Phione|217/293\n|-damage|p2a: Phione|179/293\n|-damage|p2a: Phione|139/293\n|-hitcount|p2a: Phione|4\n|-unboost|p1a: Rayquaza|def|1\n|-boost|p1a: Rayquaza|spe|1\n|move|p2a: Phione|Scald|p1a: Rayquaza\n|-resisted|p1a: Rayquaza\n|-damage|p1a: Rayquaza|0 fnt\n|faint|p1a: Rayquaza\n|\n|-heal|p2a: Phione|157/293|[from] item: Leftovers\n|upkeep\n|\n|t:|1781448599\n|switch|p1a: Camerupt|Camerupt, L91, M|158/275 slp\n|-damage|p1a: Camerupt|124/275 slp|[from] Stealth Rock\n|turn|33\n|c|\u2606SelectronHiPower|ggwp\n|c|\u2606funybuny|gg\n|\n|t:|1781448613\n|move|p2a: Phione|Scald|p1a: Camerupt\n|-supereffective|p1a: Camerupt\n|-damage|p1a: Camerupt|0 fnt\n|faint|p1a: Camerupt\n|\n|win|SelectronHiPower\n", "inputlog": ">version a8376a258c1d4662feba110a92103f3664a72141\n>start {\"formatid\":\"gen9randombattle\",\"seed\":\"sodium,7fd757c1a0b2b41fdaec0fd6f3f40b0f\",\"rated\":\"Rated battle\"}\n>player p1 {\"name\":\"funybuny\",\"avatar\":\"roxie\",\"rating\":1963,\"seed\":\"sodium,e7a91db0dde24b202086ff81d88185e2\"}\n>player p2 {\"name\":\"SelectronHiPower\",\"avatar\":\"bellelba\",\"rating\":1916,\"seed\":\"sodium,d73d1862c7b933bf318527c2768f34e4\"}\n>chat \u2606SelectronHiPower|glhf\n>chat \u2606funybuny|u2\n>p1 move willowisp\n>p2 move stealthrock\n>p1 move stealthrock\n>p2 move earthquake\n>p1 move overheat\n>p2 move whirlwind\n>p1 move boomburst\n>p2 move whirlwind\n>p2 switch 3\n>p1 move uturn\n>p2 move thunderwave\n>p1 switch 3\n>p1 move bodyslam\n>p2 switch 6\n>p1 move bodyslam\n>p2 move recover\n>p1 move bodyslam\n>p2 move recover terastallize\n>p1 move bodyslam\n>p2 move recover\n>p1 move bodyslam\n>p2 move rapidspin\n>p1 move bodyslam\n>p2 move terablast\n>p1 move bodyslam\n>p2 move terablast\n>p1 move bodyslam\n>p2 move terablast\n>p1 switch 2\n>p1 move mysticalfire\n>p2 move recover\n>p1 move mysticalfire\n>p2 switch 6\n>p1 switch 5\n>p2 move thunderwave\n>p1 move knockoff\n>p2 switch 4\n>p1 switch 6\n>p2 move sludgebomb\n>p1 move stealthrock\n>p2 move sleeppowder\n>p1 switch 5\n>p2 move knockoff\n>p1 move psychic\n>p2 move sludgebomb\n>p1 switch 3\n>p1 move beakblast\n>p2 switch 4\n>p1 move uturn\n>p2 move scald\n>p1 switch 6\n>p1 move knockoff\n>p2 move slackoff\n>p1 move knockoff\n>p2 move slackoff\n>p2 switch 4\n>p1 move knockoff\n>p2 move sludgebomb\n>p1 move knockoff\n>p2 move sludgebomb\n>p1 switch 6\n>p1 move beakblast\n>p2 move knockoff\n>p2 switch 6\n>p1 move boomburst\n>p2 move terablast\n>p1 switch 4\n>p1 move scaleshot terastallize\n>p2 move rapidspin\n>p2 switch 5\n>p1 move dragonascent\n>p2 move bulletpunch\n>p2 switch 2\n>p1 move scaleshot\n>p2 move scald\n>p1 switch 5\n>chat \u2606SelectronHiPower|ggwp\n>chat \u2606funybuny|gg\n>p1 move earthquake\n>p2 move scald", "uploadtime": 1781448151, "views": 4, "formatid": "gen9randombattle", "rating": null, "private": 0, "password": null}