{"id": "gen9randombattle-2631470463", "format": "[Gen 9] Random Battle", "players": ["YOYILANG2", "fortnitekid1212"], "log": "|j|\u2606YOYILANG2\n|j|\u2606fortnitekid1212\n|t:|1781388782\n|gametype|singles\n|player|p1|YOYILANG2|1|1989\n|player|p2|fortnitekid1212|169|2040\n|gen|9\n|tier|[Gen 9] Random Battle\n|rated|\n|rule|Species Clause: Limit one of each Pok\u00e9mon\n|rule|HP Percentage Mod: HP is shown in percentages\n|rule|Sleep Clause Mod: Limit one foe put to sleep\n|rule|Illusion Level Mod: Illusion disguises the Pok\u00e9mon's true level\n|\n|t:|1781388783\n|teamsize|p1|6\n|teamsize|p2|6\n|start\n|switch|p1a: Furret|Furret, L94, F|312/312\n|switch|p2a: Breloom|Breloom, L83, M|235/235\n|-item|p2a: Breloom|Life Orb|[from] ability: Frisk|[of] p1a: Furret\n|turn|1\n|inactive|Battle timer is ON: inactive players will automatically lose when time's up. (requested by fortnitekid1212)\n|\n|t:|1781388792\n|move|p2a: Breloom|Mach Punch|p1a: Furret\n|-supereffective|p1a: Furret\n|-crit|p1a: Furret\n|-damage|p1a: Furret|0 fnt\n|faint|p1a: Furret\n|-damage|p2a: Breloom|212/235|[from] item: Life Orb\n|\n|upkeep\n|\n|t:|1781388797\n|switch|p1a: Victreebel|Victreebel, L90, F|290/290\n|turn|2\n|\n|t:|1781388811\n|switch|p2a: Incineroar|Incineroar, L82, M|290/290\n|-ability|p2a: Incineroar|Intimidate|boost\n|-unboost|p1a: Victreebel|atk|1\n|move|p1a: Victreebel|Sludge Wave|p2a: Incineroar\n|-damage|p2a: Incineroar|180/290\n|-damage|p1a: Victreebel|261/290|[from] item: Life Orb\n|\n|upkeep\n|turn|3\n|\n|t:|1781388827\n|move|p1a: Victreebel|Sleep Powder|p2a: Incineroar|[miss]\n|-miss|p1a: Victreebel|p2a: Incineroar\n|move|p2a: Incineroar|Knock Off|p1a: Victreebel\n|-damage|p1a: Victreebel|123/290\n|-enditem|p1a: Victreebel|Life Orb|[from] move: Knock Off|[of] p2a: Incineroar\n|\n|upkeep\n|turn|4\n|inactive|fortnitekid1212 has 120 seconds left.\n|inactive|fortnitekid1212 has 90 seconds left.\n|\n|t:|1781388893\n|move|p1a: Victreebel|Strength Sap|p2a: Incineroar\n|-unboost|p2a: Incineroar|atk|1\n|-heal|p1a: Victreebel|290/290\n|move|p2a: Incineroar|U-turn|p1a: Victreebel\n|-damage|p1a: Victreebel|248/290\n|\n|t:|1781388905\n|switch|p2a: Tsareena|Tsareena, L87, F|267/267|[from] U-turn\n|\n|upkeep\n|turn|5\n|\n|t:|1781388909\n|move|p1a: Victreebel|Sludge Wave|p2a: Tsareena\n|-supereffective|p2a: Tsareena\n|-damage|p2a: Tsareena|49/267\n|move|p2a: Tsareena|Triple Axel|p1a: Victreebel\n|-supereffective|p1a: Victreebel\n|-damage|p1a: Victreebel|193/290\n|-supereffective|p1a: Victreebel\n|-damage|p1a: Victreebel|84/290\n|-supereffective|p1a: Victreebel\n|-damage|p1a: Victreebel|0 fnt\n|faint|p1a: Victreebel\n|-hitcount|p1: Victreebel|3\n|-damage|p2a: Tsareena|23/267|[from] item: Life Orb\n|\n|upkeep\n|\n|t:|1781388926\n|switch|p1a: Grimmsnarl|Grimmsnarl, L83, M|293/293\n|turn|6\n|\n|t:|1781388935\n|move|p2a: Tsareena|Power Whip|p1a: Grimmsnarl\n|-damage|p1a: Grimmsnarl|54/293\n|-damage|p2a: Tsareena|0 fnt|[from] item: Life Orb\n|faint|p2a: Tsareena\n|move|p1a: Grimmsnarl|Spirit Break|p2: Tsareena|[notarget]\n|-fail|p1a: Grimmsnarl\n|\n|-heal|p1a: Grimmsnarl|72/293|[from] item: Leftovers\n|upkeep\n|\n|t:|1781388944\n|switch|p2a: Great Tusk|Great Tusk, L77|304/304\n|turn|7\n|\n|t:|1781388947\n|move|p1a: Grimmsnarl|Parting Shot|p2a: Great Tusk\n|-unboost|p2a: Great Tusk|atk|1\n|-unboost|p2a: Great Tusk|spa|1\n|\n|t:|1781388951\n|switch|p1a: Chimecho|Chimecho, L93, M|290/290|[from] Parting Shot\n|move|p2a: Great Tusk|Headlong Rush|p1a: Chimecho\n|-immune|p1a: Chimecho|[from] ability: Levitate\n|\n|upkeep\n|turn|8\n|inactive|fortnitekid1212 has 120 seconds left.\n|-message|YOYILANG2 forfeited.\n|\n|win|fortnitekid1212\n|raw|YOYILANG2's rating: 1989 &rarr; <strong>1971</strong><br />(-18 for losing)\n|raw|fortnitekid1212's rating: 2023 &rarr; <strong>2041</strong><br />(+18 for winning)\n", "inputlog": ">version a8376a258c1d4662feba110a92103f3664a72141\n>start {\"formatid\":\"gen9randombattle\",\"seed\":\"sodium,66e67a25f3ddfda4677d8faa236fa353\",\"rated\":\"Rated battle\"}\n>player p1 {\"name\":\"YOYILANG2\",\"avatar\":\"1\",\"rating\":1989,\"seed\":\"sodium,70f6f00646aeb5cb750efca3114953ef\"}\n>player p2 {\"name\":\"fortnitekid1212\",\"avatar\":\"169\",\"rating\":2040,\"seed\":\"sodium,08d0379f1083f2f7de9c7364b5cae095\"}\n>p1 move doubleedge\n>p2 move machpunch\n>p1 switch 4\n>p1 move sludgewave\n>p2 switch 6\n>p1 move sleeppowder\n>p2 move knockoff\n>p1 move strengthsap\n>p2 move uturn\n>p2 switch 4\n>p1 move sludgewave\n>p2 move tripleaxel\n>p1 switch 6\n>p1 move spiritbreak\n>p2 move powerwhip\n>p2 switch 3\n>p1 move partingshot\n>p2 move headlongrush\n>p1 switch 5\n>forcelose p1", "uploadtime": 1781388784, "views": 7, "formatid": "gen9randombattle", "rating": 1971, "private": 0, "password": null}