{"id": "gen9randombattle-2631820559", "format": "[Gen 9] Random Battle", "players": ["ElSrStinson", "MiracleEggy"], "log": "|j|\u203dElSrStinson\n|j|\u203dMiracleEggy\n|t:|1781444332\n|gametype|singles\n|player|p1|ElSrStinson|101|1980\n|player|p2|MiracleEggy|soliera|2022\n|gen|9\n|tier|[Gen 9] Random Battle\n|rated|\n|rule|Species Clause: Limit one of each Pok\u00e9mon\n|rule|HP Percentage Mod: HP is shown in percentages\n|rule|Sleep Clause Mod: Limit one foe put to sleep\n|rule|Illusion Level Mod: Illusion disguises the Pok\u00e9mon's true level\n|\n|t:|1781444332\n|teamsize|p1|6\n|teamsize|p2|6\n|start\n|switch|p1a: Ursaluna|Ursaluna-Bloodmoon, L79, M|308/308\n|switch|p2a: Komala|Komala, L88, F|258/258\n|-ability|p2a: Komala|Comatose\n|turn|1\n|inactive|Battle timer is ON: inactive players will automatically lose when time's up. (requested by MiracleEggy)\n|\n|t:|1781444347\n|switch|p1a: Clefable|Clefable, L83, M|293/293\n|move|p2a: Komala|Body Slam|p1a: Clefable\n|-damage|p1a: Clefable|169/293\n|\n|-heal|p1a: Clefable|187/293|[from] item: Leftovers\n|upkeep\n|turn|2\n|\n|t:|1781444360\n|move|p2a: Komala|Body Slam|p1a: Clefable\n|-damage|p1a: Clefable|46/293\n|-status|p1a: Clefable|par\n|cant|p1a: Clefable|par\n|\n|-heal|p1a: Clefable|64/293 par|[from] item: Leftovers\n|upkeep\n|turn|3\n|\n|t:|1781444373\n|move|p2a: Komala|Rapid Spin|p1a: Clefable\n|-damage|p1a: Clefable|0 fnt\n|-boost|p2a: Komala|spe|1\n|faint|p1a: Clefable\n|\n|upkeep\n|\n|t:|1781444387\n|switch|p1a: Deoxys|Deoxys, L74|196/196\n|-ability|p1a: Deoxys|Pressure\n|turn|4\n|\n|t:|1781444410\n|switch|p2a: Munkidori|Munkidori, L79, M|269/269\n|move|p1a: Deoxys|Superpower|p2a: Munkidori\n|-resisted|p2a: Munkidori\n|-damage|p2a: Munkidori|227/269\n|-unboost|p1a: Deoxys|atk|1\n|-unboost|p1a: Deoxys|def|1\n|-damage|p1a: Deoxys|177/196|[from] item: Life Orb\n|\n|upkeep\n|turn|5\n|\n|t:|1781444423\n|move|p1a: Deoxys|Psycho Boost|p2a: Munkidori\n|-damage|p2a: Munkidori|75/269\n|-unboost|p1a: Deoxys|spa|2\n|-damage|p1a: Deoxys|158/196|[from] item: Life Orb\n|move|p2a: Munkidori|U-turn|p1a: Deoxys\n|-supereffective|p1a: Deoxys\n|-damage|p1a: Deoxys|0 fnt\n|faint|p1a: Deoxys\n|\n|t:|1781444428\n|switch|p2a: Komala|Komala, L88, F|258/258|[from] U-turn\n|-ability|p2a: Komala|Comatose\n|\n|upkeep\n|\n|t:|1781444440\n|switch|p1a: Greninja|Greninja, L80, M|246/246\n|turn|6\n|\n|t:|1781444453\n|move|p1a: Greninja|Gunk Shot|p2a: Komala\n|-damage|p2a: Komala|138/258\n|-damage|p1a: Greninja|222/246|[from] item: Life Orb\n|move|p2a: Komala|Rapid Spin|p1a: Greninja\n|-damage|p1a: Greninja|137/246\n|-boost|p2a: Komala|spe|1\n|\n|upkeep\n|turn|7\n|\n|t:|1781444470\n|move|p2a: Komala|Body Slam|p1a: Greninja\n|-damage|p1a: Greninja|0 fnt\n|faint|p1a: Greninja\n|\n|upkeep\n|\n|t:|1781444480\n|switch|p1a: Gardevoir|Gardevoir, L83, F|249/249\n|turn|8\n|\n|t:|1781444485\n|move|p1a: Gardevoir|Moonblast|p2a: Komala\n|-damage|p2a: Komala|59/258\n|move|p2a: Komala|Body Slam|p1a: Gardevoir\n|-damage|p1a: Gardevoir|105/249\n|-status|p1a: Gardevoir|par\n|\n|upkeep\n|turn|9\n|\n|t:|1781444494\n|move|p2a: Komala|Body Slam|p1a: Gardevoir\n|-damage|p1a: Gardevoir|0 fnt\n|faint|p1a: Gardevoir\n|\n|upkeep\n|\n|t:|1781444501\n|switch|p1a: Moltres|Moltres-Galar, L79|271/271\n|turn|10\n|\n|t:|1781444519\n|move|p2a: Komala|Body Slam|p1a: Moltres\n|-damage|p1a: Moltres|154/271\n|move|p1a: Moltres|Hurricane|p2a: Komala\n|-damage|p2a: Komala|0 fnt\n|faint|p2a: Komala\n|\n|upkeep\n|inactive|MiracleEggy has 120 seconds left.\n|\n|t:|1781444541\n|switch|p2a: Munkidori|Munkidori, L79, M|75/269\n|turn|11\n|\n|t:|1781444549\n|move|p2a: Munkidori|Fake Out|p1a: Moltres\n|-damage|p1a: Moltres|131/271\n|-status|p1a: Moltres|tox|[from] ability: Toxic Chain|[of] p2a: Munkidori\n|-ability|p1a: Moltres|Berserk|boost\n|-boost|p1a: Moltres|spa|1\n|cant|p1a: Moltres|flinch\n|\n|-damage|p1a: Moltres|115/271 tox|[from] psn\n|upkeep\n|turn|12\n|\n|t:|1781444560\n|move|p2a: Munkidori|Sludge Wave|p1a: Moltres\n|-damage|p1a: Moltres|30/271 tox\n|move|p1a: Moltres|Fiery Wrath|p2a: Munkidori\n|-supereffective|p2a: Munkidori\n|-damage|p2a: Munkidori|0 fnt\n|faint|p2a: Munkidori\n|\n|-damage|p1a: Moltres|0 fnt|[from] psn\n|faint|p1a: Moltres\n|upkeep\n|\n|t:|1781444572\n|switch|p2a: Donphan|Donphan, L84, M|288/288\n|switch|p1a: Ursaluna|Ursaluna-Bloodmoon, L79, M|308/308\n|turn|13\n|\n|t:|1781444582\n|move|p2a: Donphan|Knock Off|p1a: Ursaluna\n|-damage|p1a: Ursaluna|243/308\n|-enditem|p1a: Ursaluna|Leftovers|[from] move: Knock Off|[of] p2a: Donphan\n|move|p1a: Ursaluna|Calm Mind|p1a: Ursaluna\n|-boost|p1a: Ursaluna|spa|1\n|-boost|p1a: Ursaluna|spd|1\n|\n|upkeep\n|turn|14\n|\n|t:|1781444588\n|move|p2a: Donphan|Ice Spinner|p1a: Ursaluna\n|-supereffective|p1a: Ursaluna\n|-damage|p1a: Ursaluna|139/308\n|move|p1a: Ursaluna|Calm Mind|p1a: Ursaluna\n|-boost|p1a: Ursaluna|spa|1\n|-boost|p1a: Ursaluna|spd|1\n|\n|upkeep\n|turn|15\n|\n|t:|1781444591\n|move|p2a: Donphan|Ice Spinner|p1a: Ursaluna\n|-supereffective|p1a: Ursaluna\n|-damage|p1a: Ursaluna|33/308\n|move|p1a: Ursaluna|Moonlight|p1a: Ursaluna\n|-heal|p1a: Ursaluna|187/308\n|\n|upkeep\n|turn|16\n|\n|t:|1781444597\n|switch|p2a: Bronzong|Bronzong, L88|261/261\n|move|p1a: Ursaluna|Moonlight|p1a: Ursaluna\n|-heal|p1a: Ursaluna|308/308\n|\n|upkeep\n|turn|17\n|\n|t:|1781444607\n|move|p1a: Ursaluna|Calm Mind|p1a: Ursaluna\n|-boost|p1a: Ursaluna|spa|1\n|-boost|p1a: Ursaluna|spd|1\n|move|p2a: Bronzong|Iron Defense|p2a: Bronzong\n|-boost|p2a: Bronzong|def|2\n|\n|upkeep\n|turn|18\n|\n|t:|1781444615\n|-terastallize|p1a: Ursaluna|Poison\n|-terastallize|p2a: Bronzong|Fighting\n|move|p1a: Ursaluna|Calm Mind|p1a: Ursaluna\n|-boost|p1a: Ursaluna|spa|1\n|-boost|p1a: Ursaluna|spd|1\n|move|p2a: Bronzong|Body Press|p1a: Ursaluna\n|-resisted|p1a: Ursaluna\n|-damage|p1a: Ursaluna|217/308\n|\n|upkeep\n|turn|19\n|\n|t:|1781444619\n|move|p1a: Ursaluna|Blood Moon|p2a: Bronzong\n|-damage|p2a: Bronzong|0 fnt\n|faint|p2a: Bronzong\n|\n|upkeep\n|\n|t:|1781444625\n|switch|p2a: Donphan|Donphan, L84, M|288/288\n|turn|20\n|\n|t:|1781444630\n|move|p2a: Donphan|Earthquake|p1a: Ursaluna\n|-supereffective|p1a: Ursaluna\n|-damage|p1a: Ursaluna|11/308\n|move|p1a: Ursaluna|Earth Power|p2a: Donphan\n|-ability|p2a: Donphan|Sturdy\n|-damage|p2a: Donphan|1/288\n|\n|-heal|p2a: Donphan|19/288|[from] item: Leftovers\n|upkeep\n|turn|21\n|\n|t:|1781444635\n|move|p2a: Donphan|Earthquake|p1a: Ursaluna\n|-supereffective|p1a: Ursaluna\n|-damage|p1a: Ursaluna|0 fnt\n|faint|p1a: Ursaluna\n|\n|win|MiracleEggy\n|raw|ElSrStinson's rating: 1980 &rarr; <strong>1962</strong><br />(-18 for losing)\n|raw|MiracleEggy's rating: 2022 &rarr; <strong>2040</strong><br />(+18 for winning)\n", "inputlog": ">version a8376a258c1d4662feba110a92103f3664a72141\n>start {\"formatid\":\"gen9randombattle\",\"seed\":\"sodium,4dc995a3c120f50e33a40f71f244fa79\",\"rated\":\"Rated battle\"}\n>player p1 {\"name\":\"ElSrStinson\",\"avatar\":\"101\",\"rating\":1980,\"seed\":\"sodium,b9958cdd0afe00de8fe24e04a92c6d04\"}\n>player p2 {\"name\":\"MiracleEggy\",\"avatar\":\"soliera\",\"rating\":2022,\"seed\":\"sodium,b531c35083387a64a1bb5e62259a1cae\"}\n>p1 switch 3\n>p2 move bodyslam\n>p1 move knockoff\n>p2 move bodyslam\n>p1 move knockoff\n>p2 move rapidspin\n>p1 switch 6\n>p1 move superpower\n>p2 switch 2\n>p1 move psychoboost\n>p2 move uturn\n>p2 switch 2\n>p1 switch 5\n>p1 move gunkshot\n>p2 move rapidspin\n>p1 move gunkshot\n>p2 move bodyslam\n>p1 switch 2\n>p1 move moonblast\n>p2 move bodyslam\n>p1 move moonblast\n>p2 move bodyslam\n>p1 switch 4\n>p1 move hurricane\n>p2 move bodyslam\n>p2 switch 2\n>p1 move agility\n>p2 move fakeout\n>p1 move fierywrath\n>p2 move sludgewave\n>p1 switch 3\n>p2 switch 4\n>p1 move calmmind\n>p2 move knockoff\n>p1 move calmmind\n>p2 move icespinner\n>p1 move moonlight\n>p2 move icespinner\n>p1 move moonlight\n>p2 switch 5\n>p1 move calmmind\n>p2 move irondefense\n>p1 move calmmind terastallize\n>p2 move bodypress terastallize\n>p1 move bloodmoon\n>p2 move psychicnoise\n>p2 switch 5\n>p1 move earthpower\n>p2 move earthquake\n>p1 move bloodmoon\n>p2 move earthquake", "uploadtime": 1781444333, "views": 6, "formatid": "gen9randombattle", "rating": 1962, "private": 0, "password": null}