{"id": "gen9randombattle-2631841338", "format": "[Gen 9] Random Battle", "players": ["matthewma654321", "eliasmo"], "log": "|j|\u2606matthewma654321\n|j|\u2606eliasmo\n|t:|1781446913\n|gametype|singles\n|player|p1|matthewma654321|102|1998\n|player|p2|eliasmo|2|2034\n|gen|9\n|tier|[Gen 9] Random Battle\n|rated|\n|rule|Species Clause: Limit one of each Pok\u00e9mon\n|rule|HP Percentage Mod: HP is shown in percentages\n|rule|Sleep Clause Mod: Limit one foe put to sleep\n|rule|Illusion Level Mod: Illusion disguises the Pok\u00e9mon's true level\n|\n|t:|1781446913\n|teamsize|p1|6\n|teamsize|p2|6\n|start\n|switch|p1a: Ogerpon|Ogerpon-Hearthflame, L74, F|239/239\n|switch|p2a: Cyclizar|Cyclizar, L83, M|252/252\n|-ability|p1a: Ogerpon|Mold Breaker\n|turn|1\n|inactive|Battle timer is ON: inactive players will automatically lose when time's up. (requested by eliasmo)\n|\n|t:|1781446956\n|switch|p1a: Mew|Mew, L82|298/298\n|move|p2a: Cyclizar|Shed Tail|p2a: Cyclizar\n|-start|p2a: Cyclizar|Substitute|[from] move: Shed Tail\n|-damage|p2a: Cyclizar|126/252\n|\n|t:|1781446981\n|switch|p2a: Pachirisu|Pachirisu, L96, F|271/271|[from] Shed Tail\n|\n|upkeep\n|turn|2\n|\n|t:|1781447002\n|move|p2a: Pachirisu|Nuzzle|p1a: Mew\n|-damage|p1a: Mew|282/298\n|-status|p1a: Mew|par\n|-activate|p1a: Mew|ability: Synchronize\n|-immune|p2a: Pachirisu\n|move|p1a: Mew|Stealth Rock|p2a: Pachirisu\n|-sidestart|p2: eliasmo|move: Stealth Rock\n|\n|-heal|p1a: Mew|298/298 par|[from] item: Leftovers\n|upkeep\n|turn|3\n|\n|t:|1781447019\n|move|p2a: Pachirisu|Super Fang|p1a: Mew\n|-damage|p1a: Mew|149/298 par\n|cant|p1a: Mew|par\n|\n|-heal|p1a: Mew|167/298 par|[from] item: Leftovers\n|upkeep\n|turn|4\n|\n|t:|1781447026\n|move|p2a: Pachirisu|Super Fang|p1a: Mew\n|-damage|p1a: Mew|84/298 par\n|move|p1a: Mew|Psychic Noise|p2a: Pachirisu\n|-damage|p2a: Pachirisu|225/271\n|-start|p2a: Pachirisu|move: Heal Block\n|\n|-heal|p1a: Mew|102/298 par|[from] item: Leftovers\n|upkeep\n|turn|5\n|\n|t:|1781447032\n|move|p2a: Pachirisu|Super Fang|p1a: Mew\n|-damage|p1a: Mew|51/298 par\n|move|p1a: Mew|Encore|p2a: Pachirisu\n|-start|p2a: Pachirisu|Encore\n|\n|-heal|p1a: Mew|69/298 par|[from] item: Leftovers\n|-end|p2a: Pachirisu|move: Heal Block\n|upkeep\n|turn|6\n|\n|t:|1781447043\n|switch|p1a: Landorus|Landorus, L75, M|257/257\n|move|p2a: Pachirisu|Super Fang|p1a: Landorus\n|-damage|p1a: Landorus|129/257\n|\n|upkeep\n|turn|7\n|\n|t:|1781447047\n|move|p2a: Pachirisu|Super Fang|p1a: Landorus|[miss]\n|-miss|p2a: Pachirisu|p1a: Landorus\n|move|p1a: Landorus|Earth Power|p2a: Pachirisu\n|-supereffective|p2a: Pachirisu\n|-end|p2a: Pachirisu|Substitute\n|\n|upkeep\n|turn|8\n|\n|t:|1781447053\n|switch|p2a: Braviary|Braviary, L85, M|309/309\n|move|p1a: Landorus|Sludge Wave|p2a: Braviary\n|-damage|p2a: Braviary|192/309\n|\n|upkeep\n|turn|9\n|\n|t:|1781447063\n|move|p1a: Landorus|Rock Slide|p2a: Braviary\n|-supereffective|p2a: Braviary\n|-damage|p2a: Braviary|0 fnt\n|faint|p2a: Braviary\n|\n|upkeep\n|\n|t:|1781447068\n|switch|p2a: Cyclizar|Cyclizar, L83, M|210/252\n|turn|10\n|\n|t:|1781447074\n|switch|p1a: Gengar|Gengar, L81, M|230/230\n|move|p2a: Cyclizar|Draco Meteor|p1a: Gengar\n|-damage|p1a: Gengar|92/230\n|-unboost|p2a: Cyclizar|spa|2\n|\n|upkeep\n|turn|11\n|\n|t:|1781447083\n|switch|p1a: Mew|Mew, L82|69/298 par\n|move|p2a: Cyclizar|Knock Off|p1a: Mew\n|-supereffective|p1a: Mew\n|-damage|p1a: Mew|0 fnt\n|-enditem|p1a: Mew|Leftovers|[from] move: Knock Off|[of] p2a: Cyclizar\n|faint|p1a: Mew\n|\n|upkeep\n|\n|t:|1781447090\n|switch|p1a: Delibird|Delibird, F|252/252\n|turn|12\n|\n|t:|1781447094\n|move|p2a: Cyclizar|Shed Tail|p2a: Cyclizar\n|-start|p2a: Cyclizar|Substitute|[from] move: Shed Tail\n|-damage|p2a: Cyclizar|84/252\n|\n|t:|1781447099\n|switch|p2a: Magcargo|Magcargo, L95, M|268/268|[from] Shed Tail\n|move|p1a: Delibird|Ice Spinner|p2a: Magcargo\n|-resisted|p2a: Magcargo\n|-activate|p2a: Magcargo|move: Substitute|[damage]\n|\n|upkeep\n|turn|13\n|inactive|matthewma654321 has 120 seconds left.\n|\n|t:|1781447135\n|move|p1a: Delibird|Drill Run|p2a: Magcargo|[miss]\n|-miss|p1a: Delibird|p2a: Magcargo\n|move|p2a: Magcargo|Shell Smash|p2a: Magcargo\n|-unboost|p2a: Magcargo|def|1\n|-unboost|p2a: Magcargo|spd|1\n|-boost|p2a: Magcargo|atk|2\n|-boost|p2a: Magcargo|spa|2\n|-boost|p2a: Magcargo|spe|2\n|\n|upkeep\n|turn|14\n|-message|matthewma654321 forfeited.\n|\n|win|eliasmo\n", "inputlog": ">version a8376a258c1d4662feba110a92103f3664a72141\n>start {\"formatid\":\"gen9randombattle\",\"seed\":\"sodium,06ae1453b3a7f4e27e98c67951d2d132\",\"rated\":\"Rated battle\"}\n>player p1 {\"name\":\"matthewma654321\",\"avatar\":\"102\",\"rating\":1998,\"seed\":\"sodium,08c514085342dbac870c7988644cea8e\"}\n>player p2 {\"name\":\"eliasmo\",\"avatar\":\"2\",\"rating\":2034,\"seed\":\"sodium,10c221da79402c7d229dd300eacdf443\"}\n>p1 switch 5\n>p2 move shedtail\n>p2 switch 6\n>p1 move stealthrock\n>p2 move nuzzle\n>p1 move psychicnoise\n>p2 move superfang\n>p1 move psychicnoise\n>p2 move superfang\n>p1 move encore\n>p2 move superfang\n>p1 switch 4\n>p2 move superfang\n>p1 move earthpower\n>p2 move superfang\n>p1 move sludgewave\n>p2 switch 4\n>p1 move rockslide\n>p2 move roost\n>p2 switch 6\n>p1 switch 3\n>p2 move dracometeor\n>p1 switch 4\n>p2 move knockoff\n>p1 switch 2\n>p1 move icespinner\n>p2 move shedtail\n>p2 switch 3\n>p1 move drillrun\n>p2 move shellsmash\n>forcelose p1", "uploadtime": 1781446916, "views": 10, "formatid": "gen9randombattle", "rating": null, "private": 0, "password": null}