{"id": "gen9randombattle-2631449855", "format": "[Gen 9] Random Battle", "players": ["mfcorrea11", "ninjaditto"], "log": "|j|\u2606mfcorrea11\n|j|\u2606ninjaditto\n|t:|1781386097\n|gametype|singles\n|player|p1|mfcorrea11|169|1957\n|player|p2|ninjaditto|shadowtriad|1857\n|gen|9\n|tier|[Gen 9] Random Battle\n|rated|\n|rule|Species Clause: Limit one of each Pok\u00e9mon\n|rule|HP Percentage Mod: HP is shown in percentages\n|rule|Sleep Clause Mod: Limit one foe put to sleep\n|rule|Illusion Level Mod: Illusion disguises the Pok\u00e9mon's true level\n|\n|t:|1781386097\n|teamsize|p1|6\n|teamsize|p2|6\n|start\n|switch|p1a: Swalot|Swalot, L90, F|326/326\n|switch|p2a: Basculin|Basculin, L86, F|261/261\n|turn|1\n|inactive|Battle timer is ON: inactive players will automatically lose when time's up. (requested by ninjaditto)\n|\n|t:|1781386109\n|switch|p1a: Hydrapple|Hydrapple, L83, F|312/312\n|move|p2a: Basculin|Flip Turn|p1a: Hydrapple\n|-resisted|p1a: Hydrapple\n|-damage|p1a: Hydrapple|285/312\n|\n|t:|1781386124\n|switch|p2a: Ho-Oh|Ho-Oh, L71|268/268|[from] Flip Turn\n|\n|upkeep\n|turn|2\n|inactive|mfcorrea11 has 120 seconds left.\n|\n|t:|1781386158\n|switch|p1a: Chandelure|Chandelure, L83, F|235/235\n|move|p2a: Ho-Oh|Sacred Fire|p1a: Chandelure\n|-start|p1a: Chandelure|ability: Flash Fire\n|\n|upkeep\n|turn|3\n|inactive|mfcorrea11 has 120 seconds left.\n|\n|t:|1781386169\n|move|p1a: Chandelure|Trick|p2a: Ho-Oh\n|-activate|p1a: Chandelure|move: Trick|[of] p2a: Ho-Oh\n|-item|p2a: Ho-Oh|Choice Scarf|[from] move: Trick\n|-item|p1a: Chandelure|Heavy-Duty Boots|[from] move: Trick\n|move|p2a: Ho-Oh|Earthquake|p1a: Chandelure\n|-supereffective|p1a: Chandelure\n|-damage|p1a: Chandelure|109/235\n|\n|upkeep\n|turn|4\n|\n|t:|1781386176\n|-end|p1a: Chandelure|ability: Flash Fire|[silent]\n|switch|p1a: Masquerain|Masquerain, L87, M|264/264\n|-ability|p1a: Masquerain|Intimidate|boost\n|-unboost|p2a: Ho-Oh|atk|1\n|move|p2a: Ho-Oh|Earthquake|p1a: Masquerain\n|-immune|p1a: Masquerain\n|\n|upkeep\n|turn|5\n|\n|t:|1781386189\n|switch|p2a: Klawf|Klawf, L90, M|272/272\n|move|p1a: Masquerain|Sticky Web|p2a: Klawf\n|-sidestart|p2: ninjaditto|move: Sticky Web\n|\n|upkeep\n|turn|6\n|inactive|mfcorrea11 has 120 seconds left.\n|\n|t:|1781386214\n|switch|p1a: Dugtrio|Dugtrio-Alola, L84, M|196/196\n|move|p2a: Klawf|Knock Off|p1a: Dugtrio\n|-damage|p1a: Dugtrio|61/196\n|-ability|p1a: Dugtrio|Tangling Hair\n|-unboost|p2a: Klawf|spe|1\n|-enditem|p1a: Dugtrio|Life Orb|[from] move: Knock Off|[of] p2a: Klawf\n|-damage|p2a: Klawf|245/272|[from] item: Life Orb\n|\n|upkeep\n|turn|7\n|inactive|mfcorrea11 has 120 seconds left.\n|inactive|mfcorrea11 has 90 seconds left.\n|\n|t:|1781386261\n|move|p1a: Dugtrio|Earthquake|p2a: Klawf\n|-supereffective|p2a: Klawf\n|-damage|p2a: Klawf|71/272\n|move|p2a: Klawf|Knock Off|p1a: Dugtrio\n|-damage|p1a: Dugtrio|0 fnt\n|-ability|p1a: Dugtrio|Tangling Hair\n|-unboost|p2a: Klawf|spe|1\n|faint|p1a: Dugtrio\n|-damage|p2a: Klawf|44/272|[from] item: Life Orb\n|\n|upkeep\n|inactive|mfcorrea11 has 60 seconds left.\n|\n|t:|1781386306\n|switch|p1a: Hypno|Hypno, L95, M|315/315\n|turn|8\n|\n|t:|1781386310\n|move|p1a: Hypno|Psychic Noise|p2a: Klawf\n|-damage|p2a: Klawf|0 fnt\n|faint|p2a: Klawf\n|\n|upkeep\n|\n|t:|1781386313\n|switch|p2a: Blissey|Blissey, L85, F|572/572\n|-activate|p2a: Blissey|move: Sticky Web\n|-unboost|p2a: Blissey|spe|1\n|turn|9\n|\n|t:|1781386321\n|move|p1a: Hypno|Knock Off|p2a: Blissey\n|-damage|p2a: Blissey|347/572\n|-enditem|p2a: Blissey|Leftovers|[from] move: Knock Off|[of] p1a: Hypno\n|move|p2a: Blissey|Thunder Wave|p1a: Hypno|[miss]\n|-miss|p2a: Blissey|p1a: Hypno\n|\n|upkeep\n|turn|10\n|inactive|mfcorrea11 has 60 seconds left.\n|\n|t:|1781386345\n|switch|p1a: Swalot|Swalot, L90, F|326/326\n|move|p2a: Blissey|Thunder Wave|p1a: Swalot\n|-status|p1a: Swalot|par\n|\n|upkeep\n|turn|11\n|\n|t:|1781386351\n|move|p2a: Blissey|Soft-Boiled|p2a: Blissey\n|-heal|p2a: Blissey|572/572\n|move|p1a: Swalot|Gunk Shot|p2a: Blissey\n|-damage|p2a: Blissey|191/572\n|\n|upkeep\n|turn|12\n|\n|t:|1781386358\n|move|p2a: Blissey|Soft-Boiled|p2a: Blissey\n|-heal|p2a: Blissey|477/572\n|move|p1a: Swalot|Gunk Shot|p2a: Blissey\n|-damage|p2a: Blissey|96/572\n|-status|p2a: Blissey|psn\n|\n|-damage|p2a: Blissey|25/572 psn|[from] psn\n|upkeep\n|turn|13\n|\n|t:|1781386366\n|move|p2a: Blissey|Soft-Boiled|p2a: Blissey\n|-heal|p2a: Blissey|311/572 psn\n|move|p1a: Swalot|Swords Dance|p1a: Swalot\n|-boost|p1a: Swalot|atk|2\n|\n|-damage|p2a: Blissey|240/572 psn|[from] psn\n|upkeep\n|turn|14\n|\n|t:|1781386373\n|move|p2a: Blissey|Seismic Toss|p1a: Swalot\n|-damage|p1a: Swalot|241/326 par\n|cant|p1a: Swalot|par\n|\n|-heal|p1a: Swalot|261/326 par|[from] item: Leftovers\n|-damage|p2a: Blissey|169/572 psn|[from] psn\n|upkeep\n|turn|15\n|\n|t:|1781386382\n|move|p2a: Blissey|Seismic Toss|p1a: Swalot\n|-damage|p1a: Swalot|176/326 par\n|move|p1a: Swalot|Earthquake|p2a: Blissey\n|-damage|p2a: Blissey|0 fnt\n|faint|p2a: Blissey\n|\n|-heal|p1a: Swalot|196/326 par|[from] item: Leftovers\n|upkeep\n|\n|t:|1781386388\n|switch|p2a: Iron Boulder|Iron Boulder, L77|265/265\n|-activate|p2a: Iron Boulder|move: Sticky Web\n|-unboost|p2a: Iron Boulder|spe|1\n|turn|16\n|\n|t:|1781386398\n|-terastallize|p1a: Swalot|Ground\n|move|p2a: Iron Boulder|Zen Headbutt|p1a: Swalot\n|-damage|p1a: Swalot|82/326 par\n|-damage|p2a: Iron Boulder|239/265|[from] item: Life Orb\n|move|p1a: Swalot|Earthquake|p2a: Iron Boulder\n|-supereffective|p2a: Iron Boulder\n|-damage|p2a: Iron Boulder|0 fnt\n|faint|p2a: Iron Boulder\n|-end|p2a: Iron Boulder|Quark Drive|[silent]\n|\n|-heal|p1a: Swalot|102/326 par|[from] item: Leftovers\n|upkeep\n|\n|t:|1781386403\n|switch|p2a: Virizion|Virizion, L82|283/283\n|-activate|p2a: Virizion|move: Sticky Web\n|-unboost|p2a: Virizion|spe|1\n|turn|17\n|\n|t:|1781386418\n|switch|p1a: Masquerain|Masquerain, L87, M|264/264\n|-ability|p1a: Masquerain|Intimidate|boost\n|-unboost|p2a: Virizion|atk|1\n|move|p2a: Virizion|Leaf Blade|p1a: Masquerain\n|-resisted|p1a: Masquerain\n|-damage|p1a: Masquerain|242/264\n|-damage|p2a: Virizion|255/283|[from] item: Life Orb\n|\n|upkeep\n|turn|18\n|\n|t:|1781386426\n|move|p1a: Masquerain|Hurricane|p2a: Virizion\n|-supereffective|p2a: Virizion\n|-damage|p2a: Virizion|0 fnt\n|faint|p2a: Virizion\n|\n|upkeep\n|\n|t:|1781386429\n|switch|p2a: Ho-Oh|Ho-Oh, L71|268/268\n|turn|19\n|\n|t:|1781386434\n|switch|p1a: Swalot|Swalot, L90, F, tera:Ground|102/326 par\n|move|p2a: Ho-Oh|Brave Bird|p1a: Swalot\n|-damage|p1a: Swalot|0 fnt\n|faint|p1a: Swalot\n|-damage|p2a: Ho-Oh|234/268|[from] Recoil\n|\n|upkeep\n|\n|t:|1781386450\n|switch|p1a: Hypno|Hypno, L95, M|315/315\n|turn|20\n|\n|t:|1781386453\n|move|p2a: Ho-Oh|Brave Bird|p1a: Hypno\n|-damage|p1a: Hypno|203/315\n|-damage|p2a: Ho-Oh|197/268|[from] Recoil\n|move|p1a: Hypno|Toxic|p2a: Ho-Oh\n|-status|p2a: Ho-Oh|tox\n|\n|-heal|p1a: Hypno|222/315|[from] item: Leftovers\n|-damage|p2a: Ho-Oh|181/268 tox|[from] psn\n|upkeep\n|turn|21\n|-message|ninjaditto forfeited.\n|\n|win|mfcorrea11\n|raw|mfcorrea11's rating: 1957 &rarr; <strong>1971</strong><br />(+14 for winning)\n|raw|ninjaditto's rating: 1857 &rarr; <strong>1843</strong><br />(-14 for losing)\n", "inputlog": ">version a8376a258c1d4662feba110a92103f3664a72141\n>start {\"formatid\":\"gen9randombattle\",\"seed\":\"sodium,e04087516e43059ff823501d1eef6b82\",\"rated\":\"Rated battle\"}\n>player p1 {\"name\":\"mfcorrea11\",\"avatar\":\"169\",\"rating\":1957,\"seed\":\"sodium,fd577aca42b4083e84d003a993145994\"}\n>player p2 {\"name\":\"ninjaditto\",\"avatar\":\"shadowtriad\",\"rating\":1857,\"seed\":\"sodium,0e8c1b8c4e96eda9de785283ce18543a\"}\n>p1 switch 5\n>p2 move flipturn\n>p2 switch 3\n>p1 switch 4\n>p2 move sacredfire\n>p1 move trick\n>p2 move earthquake\n>p1 switch 3\n>p2 move earthquake\n>p1 move stickyweb\n>p2 switch 6\n>p1 switch 2\n>p2 move knockoff\n>p1 move earthquake\n>p2 move knockoff\n>p1 switch 6\n>p1 move psychicnoise\n>p2 move knockoff\n>p2 switch 2\n>p1 move knockoff\n>p2 move thunderwave\n>p1 switch 5\n>p2 move thunderwave\n>p1 move gunkshot\n>p2 move softboiled\n>p1 move gunkshot\n>p2 move softboiled\n>p1 move swordsdance\n>p2 move softboiled\n>p1 move gunkshot\n>p2 move seismictoss\n>p1 move earthquake\n>p2 move seismictoss\n>p2 switch 5\n>p1 move earthquake terastallize\n>p2 move zenheadbutt\n>p2 switch 4\n>p1 switch 2\n>p2 move leafblade\n>p1 move hurricane\n>p2 move stoneedge\n>p2 switch 6\n>p1 switch 2\n>p2 move bravebird\n>p1 switch 5\n>p1 move toxic\n>p2 move bravebird\n>forcelose p2", "uploadtime": 1781386456, "views": 5, "formatid": "gen9randombattle", "rating": 1843, "private": 0, "password": null}