{"id": "gen9randombattle-2631401285", "format": "[Gen 9] Random Battle", "players": ["ElaeRehT", "Fanta Robot"], "log": "|j|\u2606ElaeRehT\n|j|\u2606Fanta Robot\n|t:|1781380239\n|gametype|singles\n|player|p1|ElaeRehT|265|1405\n|player|p2|Fanta Robot|265|1419\n|gen|9\n|tier|[Gen 9] Random Battle\n|rated|\n|rule|Species Clause: Limit one of each Pok\u00e9mon\n|rule|HP Percentage Mod: HP is shown in percentages\n|rule|Sleep Clause Mod: Limit one foe put to sleep\n|rule|Illusion Level Mod: Illusion disguises the Pok\u00e9mon's true level\n|\n|t:|1781380239\n|teamsize|p1|6\n|teamsize|p2|6\n|start\n|switch|p1a: Glalie|Glalie, L96, M|309/309\n|switch|p2a: Venomoth|Venomoth, L84, F|255/255\n|turn|1\n|inactive|Battle timer is ON: inactive players will automatically lose when time's up. (requested by ElaeRehT)\n|\n|t:|1781380256\n|move|p1a: Glalie|Taunt|p2a: Venomoth\n|-start|p2a: Venomoth|move: Taunt\n|cant|p2a: Venomoth|move: Taunt|Sleep Powder\n|\n|upkeep\n|turn|2\n|\n|t:|1781380268\n|move|p1a: Glalie|Spikes|p2a: Venomoth\n|-sidestart|p2: Fanta Robot|Spikes\n|move|p2a: Venomoth|Sludge Wave|p1a: Glalie\n|-damage|p1a: Glalie|213/309\n|\n|upkeep\n|turn|3\n|\n|t:|1781380275\n|move|p1a: Glalie|Spikes|p2a: Venomoth\n|-sidestart|p2: Fanta Robot|Spikes\n|move|p2a: Venomoth|Sludge Wave|p1a: Glalie\n|-damage|p1a: Glalie|119/309\n|\n|-end|p2a: Venomoth|move: Taunt\n|upkeep\n|turn|4\n|\n|t:|1781380289\n|move|p1a: Glalie|Taunt|p2a: Venomoth\n|-start|p2a: Venomoth|move: Taunt\n|move|p2a: Venomoth|Sludge Wave|p1a: Glalie\n|-damage|p1a: Glalie|26/309\n|-status|p1a: Glalie|psn\n|\n|-damage|p1a: Glalie|0 fnt|[from] psn\n|faint|p1a: Glalie\n|upkeep\n|\n|t:|1781380307\n|switch|p1a: Weezing|Weezing-Galar, L86, M|252/252\n|turn|5\n|\n|t:|1781380317\n|move|p2a: Venomoth|Sludge Wave|p1a: Weezing\n|-damage|p1a: Weezing|152/252\n|move|p1a: Weezing|Fire Blast|p2a: Venomoth\n|-supereffective|p2a: Venomoth\n|-damage|p2a: Venomoth|85/255\n|\n|-heal|p1a: Weezing|167/252|[from] item: Leftovers\n|upkeep\n|turn|6\n|\n|t:|1781380328\n|switch|p2a: Hippowdon|Hippowdon, L82, M|311/311\n|-damage|p2a: Hippowdon|260/311|[from] Spikes\n|-weather|Sandstorm|[from] ability: Sand Stream|[of] p2a: Hippowdon\n|move|p1a: Weezing|Fire Blast|p2a: Hippowdon\n|-damage|p2a: Hippowdon|173/311\n|\n|-weather|Sandstorm|[upkeep]\n|-damage|p1a: Weezing|152/252|[from] Sandstorm\n|-heal|p1a: Weezing|167/252|[from] item: Leftovers\n|-heal|p2a: Hippowdon|192/311|[from] item: Leftovers\n|upkeep\n|turn|7\n|\n|t:|1781380340\n|move|p1a: Weezing|Strange Steam|p2a: Hippowdon\n|-damage|p2a: Hippowdon|77/311\n|move|p2a: Hippowdon|Stone Edge|p1a: Weezing|[miss]\n|-miss|p2a: Hippowdon|p1a: Weezing\n|\n|-weather|Sandstorm|[upkeep]\n|-damage|p1a: Weezing|152/252|[from] Sandstorm\n|-heal|p1a: Weezing|167/252|[from] item: Leftovers\n|-heal|p2a: Hippowdon|96/311|[from] item: Leftovers\n|upkeep\n|turn|8\n|\n|t:|1781380350\n|move|p1a: Weezing|Strange Steam|p2a: Hippowdon\n|-damage|p2a: Hippowdon|0 fnt\n|faint|p2a: Hippowdon\n|\n|-weather|Sandstorm|[upkeep]\n|-damage|p1a: Weezing|152/252|[from] Sandstorm\n|-heal|p1a: Weezing|167/252|[from] item: Leftovers\n|upkeep\n|\n|t:|1781380379\n|switch|p2a: Spectrier|Spectrier, L75|274/274\n|-damage|p2a: Spectrier|229/274|[from] Spikes\n|turn|9\n|\n|t:|1781380389\n|move|p2a: Spectrier|Shadow Ball|p1a: Weezing\n|-damage|p1a: Weezing|53/252\n|move|p1a: Weezing|Strange Steam|p2a: Spectrier\n|-crit|p2a: Spectrier\n|-damage|p2a: Spectrier|78/274\n|\n|-weather|Sandstorm|[upkeep]\n|-damage|p2a: Spectrier|61/274|[from] Sandstorm\n|-damage|p1a: Weezing|38/252|[from] Sandstorm\n|-heal|p2a: Spectrier|78/274|[from] item: Leftovers\n|-heal|p1a: Weezing|53/252|[from] item: Leftovers\n|upkeep\n|turn|10\n|\n|t:|1781380403\n|switch|p1a: Gastrodon|Gastrodon, L86, F|331/331\n|move|p2a: Spectrier|Shadow Ball|p1a: Gastrodon\n|-damage|p1a: Gastrodon|238/331\n|\n|-weather|none\n|-heal|p2a: Spectrier|95/274|[from] item: Leftovers\n|-heal|p1a: Gastrodon|258/331|[from] item: Leftovers\n|upkeep\n|turn|11\n|\n|t:|1781380417\n|switch|p2a: Venomoth|Venomoth, L84, F|85/255\n|move|p1a: Gastrodon|Surf|p2a: Venomoth\n|-damage|p2a: Venomoth|0 fnt\n|faint|p2a: Venomoth\n|\n|-heal|p1a: Gastrodon|278/331|[from] item: Leftovers\n|upkeep\n|\n|t:|1781380423\n|switch|p2a: Exeggutor|Exeggutor, L89, F|312/312\n|-damage|p2a: Exeggutor|260/312|[from] Spikes\n|turn|12\n|\n|t:|1781380430\n|switch|p1a: Exeggutor|Exeggutor-Alola, L89, M|314/314\n|move|p2a: Exeggutor|Substitute|p2a: Exeggutor\n|-start|p2a: Exeggutor|Substitute\n|-damage|p2a: Exeggutor|182/312\n|\n|upkeep\n|turn|13\n|\n|t:|1781380437\n|move|p2a: Exeggutor|Psychic|p1a: Exeggutor\n|-damage|p1a: Exeggutor|181/314\n|move|p1a: Exeggutor|Flamethrower|p2a: Exeggutor\n|-supereffective|p2a: Exeggutor\n|-crit|p2a: Exeggutor\n|-end|p2a: Exeggutor|Substitute\n|\n|upkeep\n|turn|14\n|\n|t:|1781380452\n|move|p2a: Exeggutor|Substitute|p2a: Exeggutor\n|-start|p2a: Exeggutor|Substitute\n|-damage|p2a: Exeggutor|104/312\n|-enditem|p2a: Exeggutor|Sitrus Berry|[eat]\n|-heal|p2a: Exeggutor|182/312|[from] item: Sitrus Berry\n|move|p1a: Exeggutor|Flamethrower|p2a: Exeggutor\n|-supereffective|p2a: Exeggutor\n|-end|p2a: Exeggutor|Substitute\n|\n|-item|p2a: Exeggutor|Sitrus Berry|[from] ability: Harvest\n|upkeep\n|turn|15\n|\n|t:|1781380461\n|move|p2a: Exeggutor|Psychic|p1a: Exeggutor\n|-damage|p1a: Exeggutor|45/314\n|-unboost|p1a: Exeggutor|spd|1\n|-enditem|p1a: Exeggutor|Sitrus Berry|[eat]\n|-heal|p1a: Exeggutor|123/314|[from] item: Sitrus Berry\n|move|p1a: Exeggutor|Flamethrower|p2a: Exeggutor\n|-supereffective|p2a: Exeggutor\n|-damage|p2a: Exeggutor|0 fnt\n|faint|p2a: Exeggutor\n|\n|upkeep\n|\n|t:|1781380472\n|switch|p2a: Iron Moth|Iron Moth, L78|253/253\n|turn|16\n|\n|t:|1781380479\n|move|p2a: Iron Moth|Fiery Dance|p1a: Exeggutor\n|-damage|p1a: Exeggutor|0 fnt\n|-boost|p2a: Iron Moth|spa|1\n|faint|p1a: Exeggutor\n|\n|upkeep\n|\n|t:|1781380487\n|switch|p1a: Lokix|Lokix, L82, F|251/251\n|turn|17\n|\n|t:|1781380495\n|move|p2a: Iron Moth|Fiery Dance|p1a: Lokix\n|-supereffective|p1a: Lokix\n|-damage|p1a: Lokix|0 fnt\n|faint|p1a: Lokix\n|\n|upkeep\n|\n|t:|1781380501\n|switch|p1a: Gastrodon|Gastrodon, L86, F|278/331\n|turn|18\n|\n|t:|1781380507\n|move|p2a: Iron Moth|Energy Ball|p1a: Gastrodon\n|-supereffective|p1a: Gastrodon\n|-damage|p1a: Gastrodon|0 fnt\n|faint|p1a: Gastrodon\n|\n|upkeep\n|\n|t:|1781380513\n|switch|p1a: Slither Wing|Slither Wing, L81|270/270\n|turn|19\n|\n|t:|1781380523\n|move|p2a: Iron Moth|Fiery Dance|p1a: Slither Wing\n|-supereffective|p1a: Slither Wing\n|-damage|p1a: Slither Wing|0 fnt\n|-boost|p2a: Iron Moth|spa|1\n|faint|p1a: Slither Wing\n|-end|p1a: Slither Wing|Protosynthesis|[silent]\n|\n|upkeep\n|\n|t:|1781380528\n|switch|p1a: Weezing|Weezing-Galar, L86, M|53/252\n|turn|20\n|\n|t:|1781380535\n|-terastallize|p1a: Weezing|Steel\n|move|p2a: Iron Moth|Fiery Dance|p1a: Weezing\n|-supereffective|p1a: Weezing\n|-damage|p1a: Weezing|0 fnt\n|-boost|p2a: Iron Moth|spa|1\n|faint|p1a: Weezing\n|\n|win|Fanta Robot\n|raw|ElaeRehT's rating: 1405 &rarr; <strong>1386</strong><br />(-19 for losing)\n|raw|Fanta Robot's rating: 1419 &rarr; <strong>1438</strong><br />(+19 for winning)\n|l|\u2606ElaeRehT\n|player|p1|\n", "inputlog": ">version a8376a258c1d4662feba110a92103f3664a72141\n>start {\"formatid\":\"gen9randombattle\",\"seed\":\"sodium,2f66d4b3d254e2dd6a7cf822d80997bc\",\"rated\":\"Rated battle\"}\n>player p1 {\"name\":\"ElaeRehT\",\"avatar\":\"265\",\"rating\":1405,\"seed\":\"sodium,2648c417f9ab8052c21072e3abfb54e3\"}\n>player p2 {\"name\":\"Fanta Robot\",\"avatar\":\"265\",\"rating\":1419,\"seed\":\"sodium,f14e50c780ecdcf8434b3a148aa40430\"}\n>p1 move taunt\n>p2 move sleeppowder\n>p1 move spikes\n>p2 move sludgewave\n>p1 move spikes\n>p2 move sludgewave\n>p1 move taunt\n>p2 move sludgewave\n>p1 switch 6\n>p1 move fireblast\n>p2 move sludgewave\n>p1 move fireblast\n>p2 switch 2\n>p1 move strangesteam\n>p2 move stoneedge\n>p1 move strangesteam\n>p2 move slackoff\n>p2 switch 6\n>p1 move strangesteam\n>p2 move shadowball\n>p1 switch 3\n>p2 move shadowball\n>p1 move surf\n>p2 switch 2\n>p2 switch 4\n>p1 switch 2\n>p2 move substitute\n>p1 move flamethrower\n>p2 move psychic\n>p1 move flamethrower\n>p2 move substitute\n>p1 move flamethrower\n>p2 move psychic\n>p2 switch 5\n>p1 move dracometeor\n>p2 move fierydance\n>p1 switch 4\n>p1 move knockoff\n>p2 move fierydance\n>p1 switch 2\n>p1 move earthquake\n>p2 move energyball\n>p1 switch 5\n>p1 move morningsun\n>p2 move fierydance\n>p1 switch 3\n>p1 move gunkshot terastallize\n>p2 move fierydance", "uploadtime": 1781380541, "views": 9, "formatid": "gen9randombattle", "rating": 1386, "private": 0, "password": null}