{"id": "gen9randombattle-2631990980", "format": "[Gen 9] Random Battle", "players": ["Zabalilla", "schleeby"], "log": "|j|\u2606Zabalilla\n|j|\u2606schleeby\n|t:|1781463492\n|gametype|singles\n|player|p1|Zabalilla|101|1953\n|player|p2|schleeby|rosa|2094\n|gen|9\n|tier|[Gen 9] Random Battle\n|rated|\n|rule|Species Clause: Limit one of each Pok\u00e9mon\n|rule|HP Percentage Mod: HP is shown in percentages\n|rule|Sleep Clause Mod: Limit one foe put to sleep\n|rule|Illusion Level Mod: Illusion disguises the Pok\u00e9mon's true level\n|\n|t:|1781463492\n|teamsize|p1|6\n|teamsize|p2|6\n|start\n|switch|p1a: Lumineon|Lumineon, L93, F|279/279\n|switch|p2a: Alomomola|Alomomola, L87, M|429/429\n|turn|1\n|inactive|Battle timer is ON: inactive players will automatically lose when time's up. (requested by Zabalilla)\n|\n|t:|1781463507\n|switch|p2a: Goodra|Goodra-Hisui, L82, F|265/265\n|move|p1a: Lumineon|Alluring Voice|p2a: Goodra\n|-damage|p2a: Goodra|231/265\n|-damage|p1a: Lumineon|252/279|[from] item: Life Orb\n|\n|upkeep\n|turn|2\n|\n|t:|1781463514\n|move|p1a: Lumineon|Ice Beam|p2a: Goodra\n|-damage|p2a: Goodra|197/265\n|-damage|p1a: Lumineon|225/279|[from] item: Life Orb\n|move|p2a: Goodra|Draco Meteor|p1a: Lumineon\n|-damage|p1a: Lumineon|93/279\n|-unboost|p2a: Goodra|spa|2\n|\n|upkeep\n|turn|3\n|\n|t:|1781463521\n|switch|p1a: Trevenant|Trevenant, L89, M|296/296\n|move|p2a: Goodra|Earthquake|p1a: Trevenant\n|-resisted|p1a: Trevenant\n|-damage|p1a: Trevenant|261/296\n|\n|upkeep\n|turn|4\n|\n|t:|1781463530\n|switch|p2a: Granbull|Granbull, L88, M|302/302\n|-ability|p2a: Granbull|Intimidate|boost\n|-unboost|p1a: Trevenant|atk|1\n|move|p1a: Trevenant|Poltergeist|p2a: Granbull\n|-activate|p2a: Granbull|move: Poltergeist|Leftovers\n|-damage|p2a: Granbull|151/302\n|\n|-heal|p2a: Granbull|169/302|[from] item: Leftovers\n|upkeep\n|turn|5\n|\n|t:|1781463536\n|switch|p1a: Chansey|Chansey, L85, F|564/564\n|switch|p2a: Dodrio|Dodrio, L85, M|241/241\n|\n|upkeep\n|turn|6\n|\n|t:|1781463540\n|move|p2a: Dodrio|Brave Bird|p1a: Chansey\n|-damage|p1a: Chansey|51/564\n|-damage|p2a: Dodrio|72/241|[from] Recoil\n|move|p1a: Chansey|Thunder Wave|p2a: Dodrio\n|-status|p2a: Dodrio|par\n|\n|upkeep\n|turn|7\n|\n|t:|1781463544\n|move|p1a: Chansey|Seismic Toss|p2a: Dodrio\n|-damage|p2a: Dodrio|0 fnt\n|faint|p2a: Dodrio\n|\n|upkeep\n|\n|t:|1781463551\n|switch|p2a: Alomomola|Alomomola, L87, M|429/429\n|turn|8\n|\n|t:|1781463555\n|switch|p1a: Lumineon|Lumineon, L93, F|93/279\n|move|p2a: Alomomola|Flip Turn|p1a: Lumineon\n|-ability|p1a: Lumineon|Storm Drain|boost\n|-boost|p1a: Lumineon|spa|1\n|\n|upkeep\n|turn|9\n|\n|t:|1781463557\n|switch|p2a: Goodra|Goodra-Hisui, L82, F|197/265\n|move|p1a: Lumineon|Encore||[still]\n|-fail|p1a: Lumineon\n|\n|upkeep\n|turn|10\n|\n|t:|1781463560\n|move|p1a: Lumineon|Ice Beam|p2a: Goodra\n|-damage|p2a: Goodra|145/265\n|-damage|p1a: Lumineon|66/279|[from] item: Life Orb\n|move|p2a: Goodra|Earthquake|p1a: Lumineon\n|-damage|p1a: Lumineon|0 fnt\n|faint|p1a: Lumineon\n|\n|upkeep\n|\n|t:|1781463565\n|switch|p1a: Trevenant|Trevenant, L89, M|261/296\n|turn|11\n|\n|t:|1781463572\n|switch|p2a: Granbull|Granbull, L88, M|169/302\n|-ability|p2a: Granbull|Intimidate|boost\n|-unboost|p1a: Trevenant|atk|1\n|move|p1a: Trevenant|Poltergeist|p2a: Granbull\n|-activate|p2a: Granbull|move: Poltergeist|Leftovers\n|-damage|p2a: Granbull|13/302\n|\n|-heal|p2a: Granbull|31/302|[from] item: Leftovers\n|upkeep\n|turn|12\n|\n|t:|1781463580\n|move|p1a: Trevenant|Poltergeist|p2a: Granbull\n|-activate|p2a: Granbull|move: Poltergeist|Leftovers\n|-damage|p2a: Granbull|0 fnt\n|faint|p2a: Granbull\n|\n|upkeep\n|\n|t:|1781463582\n|switch|p2a: Spidops|Spidops, L96, M|271/271\n|turn|13\n|\n|t:|1781463588\n|switch|p1a: Yanmega|Yanmega, L82, M|275/275\n|move|p2a: Spidops|Sticky Web|p1a: Yanmega\n|-sidestart|p1: Zabalilla|move: Sticky Web\n|\n|upkeep\n|turn|14\n|\n|t:|1781463595\n|move|p1a: Yanmega|Air Slash|p2a: Spidops\n|-supereffective|p2a: Spidops\n|-damage|p2a: Spidops|37/271\n|move|p2a: Spidops|Toxic Spikes|p1a: Yanmega\n|-sidestart|p1: Zabalilla|move: Toxic Spikes\n|\n|upkeep\n|turn|15\n|\n|t:|1781463603\n|switch|p2a: Alomomola|Alomomola, L87, M|429/429\n|move|p1a: Yanmega|Air Slash|p2a: Alomomola|[miss]\n|-miss|p1a: Yanmega|p2a: Alomomola\n|\n|upkeep\n|turn|16\n|\n|t:|1781463609\n|move|p1a: Yanmega|Air Slash|p2a: Alomomola\n|-damage|p2a: Alomomola|227/429\n|move|p2a: Alomomola|Wish|p2a: Alomomola\n|\n|-heal|p2a: Alomomola|253/429|[from] item: Leftovers\n|upkeep\n|turn|17\n|\n|t:|1781463613\n|switch|p2a: Goodra|Goodra-Hisui, L82, F|145/265\n|move|p1a: Yanmega|Air Slash|p2a: Goodra\n|-resisted|p2a: Goodra\n|-damage|p2a: Goodra|87/265\n|\n|-heal|p2a: Goodra|265/265|[from] move: Wish|[wisher] Alomomola\n|upkeep\n|turn|18\n|\n|t:|1781463617\n|move|p1a: Yanmega|Air Slash|p2a: Goodra\n|-resisted|p2a: Goodra\n|-damage|p2a: Goodra|205/265\n|move|p2a: Goodra|Dragon Tail|p1a: Yanmega|[miss]\n|-miss|p2a: Goodra|p1a: Yanmega\n|\n|upkeep\n|turn|19\n|\n|t:|1781463622\n|move|p1a: Yanmega|Air Slash|p2a: Goodra\n|-resisted|p2a: Goodra\n|-damage|p2a: Goodra|145/265\n|move|p2a: Goodra|Heavy Slam|p1a: Yanmega\n|-damage|p1a: Yanmega|136/275\n|\n|upkeep\n|turn|20\n|\n|t:|1781463628\n|switch|p1a: Chansey|Chansey, L85, F|51/564\n|-activate|p1a: Chansey|move: Sticky Web\n|-unboost|p1a: Chansey|spe|1\n|-status|p1a: Chansey|psn\n|move|p2a: Goodra|Heavy Slam|p1a: Chansey\n|-crit|p1a: Chansey\n|-damage|p1a: Chansey|0 fnt\n|faint|p1a: Chansey\n|\n|upkeep\n|\n|t:|1781463630\n|switch|p1a: Munkidori|Munkidori, L79, M|269/269\n|-activate|p1a: Munkidori|move: Sticky Web\n|-unboost|p1a: Munkidori|spe|1\n|-sideend|p1: Zabalilla|move: Toxic Spikes|[of] p1a: Munkidori\n|turn|21\n|\n|t:|1781463639\n|switch|p2a: Alomomola|Alomomola, L87, M|396/429\n|switch|p1a: Trevenant|Trevenant, L89, M|261/296\n|-activate|p1a: Trevenant|move: Sticky Web\n|-unboost|p1a: Trevenant|spe|1\n|\n|-heal|p2a: Alomomola|422/429|[from] item: Leftovers\n|upkeep\n|turn|22\n|\n|t:|1781463648\n|move|p2a: Alomomola|Wish|p2a: Alomomola\n|move|p1a: Trevenant|Wood Hammer|p2a: Alomomola\n|-supereffective|p2a: Alomomola\n|-damage|p2a: Alomomola|0 fnt\n|faint|p2a: Alomomola\n|-damage|p1a: Trevenant|122/296|[from] Recoil\n|\n|upkeep\n|\n|t:|1781463652\n|switch|p2a: Goodra|Goodra-Hisui, L82, F|145/265\n|turn|23\n|\n|t:|1781463655\n|switch|p1a: Yanmega|Yanmega, L82, M|136/275\n|move|p2a: Goodra|Heavy Slam|p1a: Yanmega\n|-damage|p1a: Yanmega|0 fnt\n|faint|p1a: Yanmega\n|\n|-heal|p2a: Goodra|265/265|[from] move: Wish|[wisher] Alomomola\n|upkeep\n|\n|t:|1781463665\n|switch|p1a: Trevenant|Trevenant, L89, M|122/296\n|-activate|p1a: Trevenant|move: Sticky Web\n|-unboost|p1a: Trevenant|spe|1\n|turn|24\n|\n|t:|1781463672\n|switch|p1a: Munkidori|Munkidori, L79, M|269/269\n|-activate|p1a: Munkidori|move: Sticky Web\n|-unboost|p1a: Munkidori|spe|1\n|move|p2a: Goodra|Draco Meteor|p1a: Munkidori\n|-damage|p1a: Munkidori|118/269\n|-unboost|p2a: Goodra|spa|2\n|\n|upkeep\n|turn|25\n|\n|t:|1781463675\n|switch|p2a: Spidops|Spidops, L96, M|37/271\n|move|p1a: Munkidori|Focus Blast|p2a: Spidops\n|-resisted|p2a: Spidops\n|-damage|p2a: Spidops|0 fnt\n|faint|p2a: Spidops\n|-damage|p1a: Munkidori|92/269|[from] item: Life Orb\n|\n|upkeep\n|\n|t:|1781463678\n|switch|p2a: Mew|Mew, L82|298/298\n|turn|26\n|\n|t:|1781463681\n|move|p2a: Mew|Swords Dance|p2a: Mew\n|-boost|p2a: Mew|atk|2\n|move|p1a: Munkidori|Sludge Wave|p2a: Mew\n|-damage|p2a: Mew|164/298\n|-damage|p1a: Munkidori|66/269|[from] item: Life Orb\n|\n|upkeep\n|turn|27\n|\n|t:|1781463684\n|move|p2a: Mew|Psychic Fangs|p1a: Munkidori\n|-damage|p1a: Munkidori|0 fnt\n|faint|p1a: Munkidori\n|-damage|p2a: Mew|135/298|[from] item: Life Orb\n|\n|upkeep\n|\n|t:|1781463686\n|switch|p1a: Haxorus|Haxorus, L77, M|244/244\n|-activate|p1a: Haxorus|move: Sticky Web\n|-unboost|p1a: Haxorus|spe|1\n|-ability|p1a: Haxorus|Mold Breaker\n|turn|28\n|\n|t:|1781463689\n|-terastallize|p2a: Mew|Fighting\n|move|p2a: Mew|Close Combat|p1a: Haxorus\n|-damage|p1a: Haxorus|0 fnt\n|-unboost|p2a: Mew|def|1\n|-unboost|p2a: Mew|spd|1\n|faint|p1a: Haxorus\n|-damage|p2a: Mew|106/298|[from] item: Life Orb\n|\n|upkeep\n|-message|Zabalilla forfeited.\n|\n|win|schleeby\n", "inputlog": ">version a8376a258c1d4662feba110a92103f3664a72141\n>start {\"formatid\":\"gen9randombattle\",\"seed\":\"sodium,283a0c9de84890baf59f7a4d53593abe\",\"rated\":\"Rated battle\"}\n>player p1 {\"name\":\"Zabalilla\",\"avatar\":\"101\",\"rating\":1953,\"seed\":\"sodium,3da82f8688647f800678269632772b97\"}\n>player p2 {\"name\":\"schleeby\",\"avatar\":\"rosa\",\"rating\":2094,\"seed\":\"sodium,1e662d95f12ce96113c7015dc806e880\"}\n>p1 move alluringvoice\n>p2 switch 4\n>p1 move icebeam\n>p2 move dracometeor\n>p1 switch 5\n>p2 move earthquake\n>p1 move poltergeist\n>p2 switch 5\n>p1 switch 6\n>p2 switch 6\n>p1 move thunderwave\n>p2 move bravebird\n>p1 move seismictoss\n>p2 move bravebird\n>p2 switch 4\n>p1 switch 5\n>p2 move flipturn\n>p1 move encore\n>p2 switch 5\n>p1 move icebeam\n>p2 move earthquake\n>p1 switch 6\n>p1 move poltergeist\n>p2 switch 6\n>p1 move poltergeist\n>p2 move playrough\n>p2 switch 3\n>p1 switch 3\n>p2 move stickyweb\n>p1 move airslash\n>p2 move toxicspikes\n>p1 move airslash\n>p2 switch 5\n>p1 move airslash\n>p2 move wish\n>p1 move airslash\n>p2 switch 6\n>p1 move airslash\n>p2 move dragontail\n>p1 move airslash\n>p2 move heavyslam\n>p1 switch 5\n>p2 move heavyslam\n>p1 switch 4\n>p1 switch 3\n>p2 switch 6\n>p1 move woodhammer\n>p2 move wish\n>p2 switch 6\n>p1 switch 5\n>p2 move heavyslam\n>p1 switch 5\n>p1 switch 3\n>p2 move dracometeor\n>p1 move focusblast\n>p2 switch 5\n>p2 switch 2\n>p1 move sludgewave\n>p2 move swordsdance\n>p1 move sludgewave\n>p2 move psychicfangs\n>p1 switch 2\n>p1 move scaleshot\n>p2 move closecombat terastallize\n>forcelose p1", "uploadtime": 1781463493, "views": 6, "formatid": "gen9randombattle", "rating": null, "private": 0, "password": null}