{"id": "gen9randombattle-2631840986", "format": "[Gen 9] Random Battle", "players": ["TandemUnicycle", "zeropepsi"], "log": "|j|\u2606TandemUnicycle\n|j|\u2606zeropepsi\n|t:|1781446871\n|gametype|singles\n|player|p1|TandemUnicycle|grimsley|1937\n|player|p2|zeropepsi|hilbert|1996\n|gen|9\n|tier|[Gen 9] Random Battle\n|rated|\n|rule|Species Clause: Limit one of each Pok\u00e9mon\n|rule|HP Percentage Mod: HP is shown in percentages\n|rule|Sleep Clause Mod: Limit one foe put to sleep\n|rule|Illusion Level Mod: Illusion disguises the Pok\u00e9mon's true level\n|\n|t:|1781446871\n|teamsize|p1|6\n|teamsize|p2|6\n|start\n|switch|p1a: Hitmontop|Hitmontop, L88, M|231/231\n|switch|p2a: Dialga|Dialga-Origin, L73|266/266\n|-ability|p2a: Dialga|Pressure\n|-ability|p1a: Hitmontop|Intimidate|boost\n|-unboost|p2a: Dialga|atk|1\n|turn|1\n|inactive|Battle timer is ON: inactive players will automatically lose when time's up. (requested by zeropepsi)\n|\n|t:|1781446881\n|switch|p2a: Basculegion|Basculegion, L80, M|323/323\n|move|p1a: Hitmontop|Rapid Spin|p2a: Basculegion\n|-immune|p2a: Basculegion\n|\n|upkeep\n|turn|2\n|\n|t:|1781446890\n|move|p1a: Hitmontop|Sucker Punch|p2a: Basculegion\n|-supereffective|p2a: Basculegion\n|-damage|p2a: Basculegion|187/323\n|move|p2a: Basculegion|Wave Crash|p1a: Hitmontop\n|-damage|p1a: Hitmontop|85/231\n|-damage|p2a: Basculegion|139/323|[from] Recoil\n|\n|upkeep\n|turn|3\n|\n|t:|1781446904\n|switch|p1a: Lapras|Lapras, L87, M|367/367\n|move|p2a: Basculegion|Flip Turn|p1a: Lapras\n|-immune|p1a: Lapras|[from] ability: Water Absorb\n|\n|upkeep\n|turn|4\n|\n|t:|1781446911\n|switch|p2a: Dialga|Dialga-Origin, L73|266/266\n|-ability|p2a: Dialga|Pressure\n|move|p1a: Lapras|Freeze-Dry|p2a: Dialga\n|-damage|p2a: Dialga|169/266\n|\n|upkeep\n|turn|5\n|\n|t:|1781446927\n|move|p2a: Dialga|Stealth Rock|p1a: Lapras\n|-sidestart|p1: TandemUnicycle|move: Stealth Rock\n|move|p1a: Lapras|Freeze-Dry|p2a: Dialga\n|-damage|p2a: Dialga|75/266\n|\n|upkeep\n|turn|6\n|\n|t:|1781446934\n|move|p2a: Dialga|Flash Cannon|p1a: Lapras\n|-damage|p1a: Lapras|271/367\n|move|p1a: Lapras|Freeze-Dry|p2a: Dialga\n|-crit|p2a: Dialga\n|-damage|p2a: Dialga|0 fnt\n|faint|p2a: Dialga\n|\n|upkeep\n|\n|t:|1781446940\n|switch|p2a: Shaymin|Shaymin, L82|298/298\n|turn|7\n|\n|t:|1781446957\n|switch|p1a: Arceus|Arceus-Bug, L73|295/295\n|-damage|p1a: Arceus|222/295|[from] Stealth Rock\n|move|p2a: Shaymin|Seed Flare|p1a: Arceus\n|-resisted|p1a: Arceus\n|-damage|p1a: Arceus|168/295\n|\n|upkeep\n|turn|8\n|\n|t:|1781446968\n|switch|p2a: Basculegion|Basculegion, L80, M|139/323\n|move|p1a: Arceus|Recover|p1a: Arceus\n|-heal|p1a: Arceus|295/295\n|\n|upkeep\n|turn|9\n|inactive|TandemUnicycle has 120 seconds left.\n|\n|t:|1781446996\n|move|p1a: Arceus|Calm Mind|p1a: Arceus\n|-boost|p1a: Arceus|spa|1\n|-boost|p1a: Arceus|spd|1\n|move|p2a: Basculegion|Shadow Ball|p1a: Arceus\n|-damage|p1a: Arceus|243/295\n|\n|upkeep\n|turn|10\n|\n|t:|1781447004\n|move|p1a: Arceus|Earth Power|p2a: Basculegion\n|-damage|p2a: Basculegion|66/323\n|move|p2a: Basculegion|Wave Crash|p1a: Arceus\n|-damage|p1a: Arceus|71/295\n|-damage|p2a: Basculegion|9/323|[from] Recoil\n|\n|upkeep\n|turn|11\n|\n|t:|1781447011\n|move|p1a: Arceus|Recover|p1a: Arceus\n|-heal|p1a: Arceus|219/295\n|move|p2a: Basculegion|Wave Crash|p1a: Arceus\n|-damage|p1a: Arceus|65/295\n|-damage|p2a: Basculegion|0 fnt|[from] Recoil\n|faint|p2a: Basculegion\n|\n|upkeep\n|\n|t:|1781447019\n|switch|p2a: Smeargle|Smeargle, L95, M|258/258\n|turn|12\n|\n|t:|1781447025\n|move|p1a: Arceus|Judgment|p2a: Smeargle\n|-damage|p2a: Smeargle|6/258\n|move|p2a: Smeargle|Shell Smash|p2a: Smeargle\n|-unboost|p2a: Smeargle|def|1\n|-unboost|p2a: Smeargle|spd|1\n|-boost|p2a: Smeargle|atk|2\n|-boost|p2a: Smeargle|spa|2\n|-boost|p2a: Smeargle|spe|2\n|\n|upkeep\n|turn|13\n|\n|t:|1781447040\n|move|p2a: Smeargle|Population Bomb|p1a: Arceus\n|-damage|p1a: Arceus|37/295\n|-damage|p1a: Arceus|6/295\n|-damage|p1a: Arceus|0 fnt\n|faint|p1a: Arceus\n|-hitcount|p1: Arceus|3\n|\n|upkeep\n|\n|t:|1781447054\n|switch|p1a: Hitmontop|Hitmontop, L88, M|85/231\n|-damage|p1a: Hitmontop|71/231|[from] Stealth Rock\n|-ability|p1a: Hitmontop|Intimidate|boost\n|-unboost|p2a: Smeargle|atk|1\n|turn|14\n|\n|t:|1781447057\n|move|p1a: Hitmontop|Sucker Punch||[still]\n|-fail|p1a: Hitmontop\n|move|p2a: Smeargle|Spore|p1a: Hitmontop\n|-status|p1a: Hitmontop|slp|[from] move: Spore\n|\n|upkeep\n|turn|15\n|\n|t:|1781447073\n|switch|p1a: Dedenne|Dedenne, L88, F|261/261\n|-damage|p1a: Dedenne|229/261|[from] Stealth Rock\n|move|p2a: Smeargle|Shell Smash|p2a: Smeargle\n|-unboost|p2a: Smeargle|def|1\n|-unboost|p2a: Smeargle|spd|1\n|-boost|p2a: Smeargle|atk|2\n|-boost|p2a: Smeargle|spa|2\n|-boost|p2a: Smeargle|spe|2\n|\n|upkeep\n|turn|16\n|\n|t:|1781447089\n|switch|p1a: Hitmontop|Hitmontop, L88, M|71/231 slp\n|-damage|p1a: Hitmontop|57/231 slp|[from] Stealth Rock\n|-ability|p1a: Hitmontop|Intimidate|boost\n|-unboost|p2a: Smeargle|atk|1\n|-terastallize|p2a: Smeargle|Normal\n|move|p2a: Smeargle|Population Bomb|p1a: Hitmontop\n|-damage|p1a: Hitmontop|17/231 slp\n|-damage|p1a: Hitmontop|0 fnt\n|faint|p1a: Hitmontop\n|-hitcount|p1: Hitmontop|2\n|\n|upkeep\n|\n|t:|1781447101\n|switch|p1a: Manaphy|Manaphy, L78|284/284\n|-damage|p1a: Manaphy|249/284|[from] Stealth Rock\n|turn|17\n|\n|t:|1781447108\n|move|p2a: Smeargle|Population Bomb|p1a: Manaphy\n|-crit|p1a: Manaphy\n|-damage|p1a: Manaphy|189/284\n|-damage|p1a: Manaphy|147/284\n|-damage|p1a: Manaphy|107/284\n|-damage|p1a: Manaphy|67/284\n|-damage|p1a: Manaphy|29/284\n|-crit|p1a: Manaphy\n|-damage|p1a: Manaphy|0 fnt\n|faint|p1a: Manaphy\n|-hitcount|p1: Manaphy|6\n|\n|upkeep\n|-message|TandemUnicycle forfeited.\n|\n|win|zeropepsi\n", "inputlog": ">version a8376a258c1d4662feba110a92103f3664a72141\n>start {\"formatid\":\"gen9randombattle\",\"seed\":\"sodium,2c72c1080c979ca32e1234f52e8606bb\",\"rated\":\"Rated battle\"}\n>player p1 {\"name\":\"TandemUnicycle\",\"avatar\":\"grimsley\",\"rating\":1937,\"seed\":\"sodium,dcff5c5feb3e1162919f06409ac8d618\"}\n>player p2 {\"name\":\"zeropepsi\",\"avatar\":\"hilbert\",\"rating\":1996,\"seed\":\"sodium,de2c9963d6663312e916d7240e3ef5ce\"}\n>p1 move rapidspin\n>p2 switch 2\n>p1 move suckerpunch\n>p2 move wavecrash\n>p1 switch 4\n>p2 move flipturn\n>p1 move freezedry\n>p2 switch 2\n>p1 move freezedry\n>p2 move stealthrock\n>p1 move freezedry\n>p2 move flashcannon\n>p2 switch 5\n>p1 switch 6\n>p2 move seedflare\n>p1 move recover\n>p2 switch 2\n>p1 move calmmind\n>p2 move shadowball\n>p1 move earthpower\n>p2 move wavecrash\n>p1 move recover\n>p2 move wavecrash\n>p2 switch 4\n>p1 move judgment\n>p2 move shellsmash\n>p1 move judgment\n>p2 move populationbomb\n>p1 switch 4\n>p1 move suckerpunch\n>p2 move spore\n>p1 switch 3\n>p2 move shellsmash\n>p1 switch 3\n>p2 move populationbomb terastallize\n>p1 switch 5\n>p1 move surf\n>p2 move populationbomb\n>forcelose p1", "uploadtime": 1781446872, "views": 6, "formatid": "gen9randombattle", "rating": null, "private": 0, "password": null}