{"id": "gen9randombattle-2631470541", "format": "[Gen 9] Random Battle", "players": ["Omnimon merciful m", "Frasmaschine2002"], "log": "|j|\u2606Omnimon merciful m\n|j|\u2606Frasmaschine2002\n|t:|1781388794\n|gametype|singles\n|player|p1|Omnimon merciful m|benga|1427\n|player|p2|Frasmaschine2002|170|1462\n|gen|9\n|tier|[Gen 9] Random Battle\n|rated|\n|rule|Species Clause: Limit one of each Pok\u00e9mon\n|rule|HP Percentage Mod: HP is shown in percentages\n|rule|Sleep Clause Mod: Limit one foe put to sleep\n|rule|Illusion Level Mod: Illusion disguises the Pok\u00e9mon's true level\n|\n|t:|1781388794\n|teamsize|p1|6\n|teamsize|p2|6\n|start\n|switch|p1a: Latias|Latias, L79, F|256/256\n|switch|p2a: Falinks|Falinks, L84|246/246\n|turn|1\n|inactive|Battle timer is ON: inactive players will automatically lose when time's up. (requested by Frasmaschine2002)\n|\n|t:|1781388801\n|switch|p2a: Ting-Lu|Ting-Lu, L78|370/370\n|-ability|p2a: Ting-Lu|Vessel of Ruin\n|move|p1a: Latias|Calm Mind|p1a: Latias\n|-boost|p1a: Latias|spa|1\n|-boost|p1a: Latias|spd|1\n|\n|upkeep\n|turn|2\n|\n|t:|1781388807\n|move|p1a: Latias|Draco Meteor|p2a: Ting-Lu\n|-damage|p2a: Ting-Lu|162/370\n|-unboost|p1a: Latias|spa|2\n|move|p2a: Ting-Lu|Spikes|p1a: Latias\n|-sidestart|p1: Omnimon merciful m|Spikes\n|\n|-heal|p2a: Ting-Lu|185/370|[from] item: Leftovers\n|upkeep\n|turn|3\n|\n|t:|1781388811\n|move|p1a: Latias|Calm Mind|p1a: Latias\n|-boost|p1a: Latias|spa|1\n|-boost|p1a: Latias|spd|1\n|move|p2a: Ting-Lu|Payback|p1a: Latias\n|-supereffective|p1a: Latias\n|-damage|p1a: Latias|50/256\n|\n|-heal|p2a: Ting-Lu|208/370|[from] item: Leftovers\n|upkeep\n|turn|4\n|\n|t:|1781388817\n|move|p1a: Latias|Recover|p1a: Latias\n|-heal|p1a: Latias|178/256\n|move|p2a: Ting-Lu|Payback|p1a: Latias\n|-supereffective|p1a: Latias\n|-damage|p1a: Latias|0 fnt\n|faint|p1a: Latias\n|\n|-heal|p2a: Ting-Lu|231/370|[from] item: Leftovers\n|upkeep\n|\n|t:|1781388822\n|switch|p1a: Sunflora|Sunflora, F|312/312\n|-damage|p1a: Sunflora|273/312|[from] Spikes\n|turn|5\n|\n|t:|1781388827\n|switch|p2a: Scizor|Scizor, L79, F|240/240\n|move|p1a: Sunflora|Dazzling Gleam|p2a: Scizor\n|-resisted|p2a: Scizor\n|-damage|p2a: Scizor|173/240\n|\n|upkeep\n|turn|6\n|\n|t:|1781388832\n|switch|p1a: Houndoom|Houndoom, L87, F|272/272\n|move|p2a: Scizor|Swords Dance|p2a: Scizor\n|-boost|p2a: Scizor|atk|2\n|\n|upkeep\n|turn|7\n|\n|t:|1781388840\n|switch|p2a: Walking Wake|Walking Wake, L79|286/286\n|move|p1a: Houndoom|Fire Blast|p2a: Walking Wake\n|-resisted|p2a: Walking Wake\n|-damage|p2a: Walking Wake|248/286\n|\n|upkeep\n|turn|8\n|\n|t:|1781388849\n|move|p2a: Walking Wake|Flip Turn|p1a: Houndoom\n|-supereffective|p1a: Houndoom\n|-damage|p1a: Houndoom|132/272\n|\n|t:|1781388853\n|-end|p2a: Walking Wake|Protosynthesis|[silent]\n|switch|p2a: Scizor|Scizor, L79, F|173/240|[from] Flip Turn\n|move|p1a: Houndoom|Sludge Bomb|p2a: Scizor\n|-immune|p2a: Scizor\n|\n|upkeep\n|turn|9\n|\n|t:|1781388858\n|switch|p2a: Walking Wake|Walking Wake, L79|248/286\n|move|p1a: Houndoom|Fire Blast|p2a: Walking Wake\n|-resisted|p2a: Walking Wake\n|-damage|p2a: Walking Wake|213/286\n|\n|upkeep\n|turn|10\n|\n|t:|1781388863\n|move|p1a: Houndoom|Sucker Punch|p2a: Walking Wake\n|-damage|p2a: Walking Wake|141/286\n|move|p2a: Walking Wake|Flip Turn|p1a: Houndoom\n|-supereffective|p1a: Houndoom\n|-damage|p1a: Houndoom|0 fnt\n|faint|p1a: Houndoom\n|\n|t:|1781388866\n|-end|p2a: Walking Wake|Protosynthesis|[silent]\n|switch|p2a: Scizor|Scizor, L79, F|173/240|[from] Flip Turn\n|\n|upkeep\n|\n|t:|1781388873\n|switch|p1a: Cloyster|Cloyster, L80, F|211/211\n|-damage|p1a: Cloyster|185/211|[from] Spikes\n|turn|11\n|\n|t:|1781388884\n|move|p1a: Cloyster|Shell Smash|p1a: Cloyster\n|-unboost|p1a: Cloyster|def|1\n|-unboost|p1a: Cloyster|spd|1\n|-boost|p1a: Cloyster|atk|2\n|-boost|p1a: Cloyster|spa|2\n|-boost|p1a: Cloyster|spe|2\n|-enditem|p1a: Cloyster|White Herb\n|-clearnegativeboost|p1a: Cloyster|[silent]\n|move|p2a: Scizor|Bug Bite|p1a: Cloyster\n|-damage|p1a: Cloyster|102/211\n|-damage|p2a: Scizor|149/240|[from] item: Life Orb\n|\n|upkeep\n|turn|12\n|\n|t:|1781388904\n|move|p2a: Scizor|Bullet Punch|p1a: Cloyster\n|-damage|p1a: Cloyster|47/211\n|-damage|p2a: Scizor|125/240|[from] item: Life Orb\n|move|p1a: Cloyster|Rock Blast|p2a: Scizor\n|-damage|p2a: Scizor|94/240\n|-damage|p2a: Scizor|64/240\n|-damage|p2a: Scizor|31/240\n|-damage|p2a: Scizor|0 fnt\n|faint|p2a: Scizor\n|-hitcount|p2: Scizor|4\n|\n|upkeep\n|\n|t:|1781388916\n|switch|p2a: Tinkaton|Tinkaton, L82, F|274/274\n|-ability|p2a: Tinkaton|Mold Breaker\n|turn|13\n|\n|t:|1781388919\n|-terastallize|p2a: Tinkaton|Water\n|move|p1a: Cloyster|Drill Run|p2a: Tinkaton\n|-damage|p2a: Tinkaton|156/274\n|move|p2a: Tinkaton|Gigaton Hammer|p1a: Cloyster\n|-damage|p1a: Cloyster|0 fnt\n|faint|p1a: Cloyster\n|\n|-heal|p2a: Tinkaton|173/274|[from] item: Leftovers\n|upkeep\n|\n|t:|1781388924\n|switch|p1a: Sunflora|Sunflora, F|273/312\n|-damage|p1a: Sunflora|234/312|[from] Spikes\n|turn|14\n|\n|t:|1781388933\n|move|p2a: Tinkaton|Play Rough|p1a: Sunflora\n|-damage|p1a: Sunflora|141/312\n|move|p1a: Sunflora|Leaf Storm|p2a: Tinkaton\n|-supereffective|p2a: Tinkaton\n|-damage|p2a: Tinkaton|0 fnt\n|-unboost|p1a: Sunflora|spa|2\n|faint|p2a: Tinkaton\n|\n|upkeep\n|\n|t:|1781388941\n|switch|p2a: Falinks|Falinks, L84|246/246\n|turn|15\n|\n|t:|1781388944\n|move|p2a: Falinks|No Retreat|p2a: Falinks\n|-boost|p2a: Falinks|atk|1\n|-boost|p2a: Falinks|def|1\n|-boost|p2a: Falinks|spa|1\n|-boost|p2a: Falinks|spd|1\n|-boost|p2a: Falinks|spe|1\n|-start|p2a: Falinks|move: No Retreat\n|move|p1a: Sunflora|Leaf Storm|p2a: Falinks\n|-damage|p2a: Falinks|104/246\n|-unboost|p1a: Sunflora|spa|2\n|\n|upkeep\n|turn|16\n|\n|t:|1781388950\n|move|p2a: Falinks|Knock Off|p1a: Sunflora\n|-damage|p1a: Sunflora|0 fnt\n|-enditem|p1a: Sunflora|Choice Specs|[from] move: Knock Off|[of] p2a: Falinks\n|faint|p1a: Sunflora\n|-damage|p2a: Falinks|80/246|[from] item: Life Orb\n|\n|upkeep\n|\n|t:|1781388954\n|switch|p1a: Minior|Minior-Yellow, L79|224/224\n|-formechange|p1a: Minior|Minior-Meteor||[from] ability: Shields Down\n|turn|17\n|inactive|Omnimon merciful m has 120 seconds left.\n|\n|t:|1781388989\n|move|p2a: Falinks|Close Combat|p1a: Minior\n|-damage|p1a: Minior|0 fnt\n|-unboost|p2a: Falinks|def|1\n|-unboost|p2a: Falinks|spd|1\n|faint|p1a: Minior\n|-damage|p2a: Falinks|56/246|[from] item: Life Orb\n|\n|upkeep\n|\n|t:|1781388996\n|switch|p1a: Kingambit|Kingambit, L74, F|270/270\n|-damage|p1a: Kingambit|237/270|[from] Spikes\n|-activate|p1a: Kingambit|ability: Supreme Overlord\n|-start|p1a: Kingambit|fallen5|[silent]\n|turn|18\n|\n|t:|1781389002\n|-terastallize|p1a: Kingambit|Dark\n|move|p1a: Kingambit|Sucker Punch|p2a: Falinks\n|-resisted|p2a: Falinks\n|-damage|p2a: Falinks|0 fnt\n|faint|p2a: Falinks\n|\n|-heal|p1a: Kingambit|253/270|[from] item: Leftovers\n|upkeep\n|\n|t:|1781389011\n|switch|p2a: Zapdos|Zapdos, L78|268/268\n|turn|19\n|\n|t:|1781389014\n|move|p2a: Zapdos|Thunderbolt|p1a: Kingambit\n|-damage|p1a: Kingambit|129/270\n|move|p1a: Kingambit|Swords Dance|p1a: Kingambit\n|-boost|p1a: Kingambit|atk|2\n|\n|-heal|p1a: Kingambit|145/270|[from] item: Leftovers\n|upkeep\n|turn|20\n|\n|t:|1781389023\n|move|p1a: Kingambit|Sucker Punch|p2a: Zapdos\n|-damage|p2a: Zapdos|0 fnt\n|faint|p2a: Zapdos\n|\n|-heal|p1a: Kingambit|161/270|[from] item: Leftovers\n|upkeep\n|\n|t:|1781389025\n|switch|p2a: Ting-Lu|Ting-Lu, L78|231/370\n|-ability|p2a: Ting-Lu|Vessel of Ruin\n|turn|21\n|-message|Frasmaschine2002 forfeited.\n|\n|win|Omnimon merciful m\n|raw|Omnimon merciful m's rating: 1427 &rarr; <strong>1449</strong><br />(+22 for winning)\n|raw|Frasmaschine2002's rating: 1462 &rarr; <strong>1440</strong><br />(-22 for losing)\n|l|\u2606Frasmaschine2002\n|player|p2|\n", "inputlog": ">version a8376a258c1d4662feba110a92103f3664a72141\n>start {\"formatid\":\"gen9randombattle\",\"seed\":\"sodium,1802a30584a3ddafde75d8b86cf80e8b\",\"rated\":\"Rated battle\"}\n>player p1 {\"name\":\"Omnimon merciful m\",\"avatar\":\"benga\",\"rating\":1427,\"seed\":\"sodium,d1a8a1d29f61e611a518ba17ca0e7229\"}\n>player p2 {\"name\":\"Frasmaschine2002\",\"avatar\":\"170\",\"rating\":1462,\"seed\":\"sodium,a7ac109fd105122986e55b30ae5b92e1\"}\n>p1 move calmmind\n>p2 switch 6\n>p1 move dracometeor\n>p2 move spikes\n>p1 move calmmind\n>p2 move payback\n>p1 move recover\n>p2 move payback\n>p1 switch 6\n>p1 move dazzlinggleam\n>p2 switch 3\n>p1 switch 2\n>p2 move swordsdance\n>p1 move fireblast\n>p2 switch 4\n>p1 move sludgebomb\n>p2 move flipturn\n>p2 switch 4\n>p1 move fireblast\n>p2 switch 4\n>p1 move suckerpunch\n>p2 move flipturn\n>p2 switch 4\n>p1 switch 5\n>p1 move shellsmash\n>p2 move bugbite\n>p1 move rockblast\n>p2 move bulletpunch\n>p2 switch 2\n>p1 move drillrun\n>p2 move gigatonhammer terastallize\n>p1 switch 2\n>p1 move leafstorm\n>p2 move playrough\n>p2 switch 6\n>p1 move leafstorm\n>p2 move noretreat\n>p1 move leafstorm\n>p2 move knockoff\n>p1 switch 3\n>p1 move shellsmash\n>p2 move closecombat\n>p1 switch 4\n>p1 move suckerpunch terastallize\n>p2 move closecombat\n>p2 switch 5\n>p1 move swordsdance\n>p2 move thunderbolt\n>p1 move suckerpunch\n>p2 move hurricane\n>p2 switch 3\n>forcelose p2", "uploadtime": 1781389043, "views": 6, "formatid": "gen9randombattle", "rating": 1440, "private": 0, "password": null}