{"id": "gen9randombattle-2631982871", "format": "[Gen 9] Random Battle", "players": ["IceColdAcer", "General Nova64"], "log": "|j|\u2606IceColdAcer\n|j|\u2606General Nova64\n|t:|1781462595\n|gametype|singles\n|player|p1|IceColdAcer|acetrainer|2071\n|player|p2|General Nova64|265|2174\n|gen|9\n|tier|[Gen 9] Random Battle\n|rated|\n|rule|Species Clause: Limit one of each Pok\u00e9mon\n|rule|HP Percentage Mod: HP is shown in percentages\n|rule|Sleep Clause Mod: Limit one foe put to sleep\n|rule|Illusion Level Mod: Illusion disguises the Pok\u00e9mon's true level\n|\n|t:|1781462595\n|teamsize|p1|6\n|teamsize|p2|6\n|start\n|switch|p1a: Toxicroak|Toxicroak, L84, M|277/277\n|switch|p2a: Emboar|Emboar, L84, F|322/322\n|turn|1\n|l|\u2606IceColdAcer\n|player|p1|\n|j|\u2606IceColdAcer\n|player|p1|IceColdAcer|acetrainer|\n|\n|t:|1781462618\n|move|p1a: Toxicroak|Earthquake|p2a: Emboar\n|-supereffective|p2a: Emboar\n|-damage|p2a: Emboar|124/322\n|move|p2a: Emboar|Flare Blitz|p1a: Toxicroak\n|-damage|p1a: Toxicroak|3/277\n|-damage|p2a: Emboar|34/322|[from] Recoil\n|\n|upkeep\n|turn|2\n|\n|t:|1781462626\n|switch|p2a: Zarude|Zarude-Dada, L77|288/288\n|move|p1a: Toxicroak|Earthquake|p2a: Zarude\n|-resisted|p2a: Zarude\n|-damage|p2a: Zarude|249/288\n|\n|upkeep\n|turn|3\n|\n|t:|1781462635\n|switch|p1a: Moltres|Moltres, L81|278/278\n|move|p2a: Zarude|Swords Dance|p2a: Zarude\n|-boost|p2a: Zarude|atk|2\n|\n|upkeep\n|turn|4\n|\n|t:|1781462642\n|switch|p2a: Arcanine|Arcanine-Hisui, L79, F|280/280\n|move|p1a: Moltres|Fire Blast|p2a: Arcanine|[miss]\n|-miss|p1a: Moltres|p2a: Arcanine\n|\n|upkeep\n|turn|5\n|\n|t:|1781462648\n|switch|p1a: Poliwrath|Poliwrath, L88, F|302/302\n|move|p2a: Arcanine|Head Smash|p1a: Poliwrath\n|-resisted|p1a: Poliwrath\n|-damage|p1a: Poliwrath|233/302\n|\n|upkeep\n|turn|6\n|\n|t:|1781462654\n|switch|p2a: Hydrapple|Hydrapple, L83, M|312/312\n|move|p1a: Poliwrath|Rain Dance|p1a: Poliwrath\n|-weather|RainDance\n|\n|-weather|RainDance|[upkeep]\n|upkeep\n|turn|7\n|\n|t:|1781462658\n|-terastallize|p1a: Poliwrath|Dark\n|move|p1a: Poliwrath|Knock Off|p2a: Hydrapple\n|-damage|p2a: Hydrapple|198/312\n|-enditem|p2a: Hydrapple|Life Orb|[from] move: Knock Off|[of] p1a: Poliwrath\n|-damage|p1a: Poliwrath|203/302|[from] item: Life Orb\n|move|p2a: Hydrapple|Nasty Plot|p2a: Hydrapple\n|-boost|p2a: Hydrapple|spa|2\n|\n|-weather|RainDance|[upkeep]\n|upkeep\n|turn|8\n|\n|t:|1781462667\n|move|p1a: Poliwrath|Close Combat|p2a: Hydrapple\n|-damage|p2a: Hydrapple|42/312\n|-unboost|p1a: Poliwrath|def|1\n|-unboost|p1a: Poliwrath|spd|1\n|-damage|p1a: Poliwrath|173/302|[from] item: Life Orb\n|move|p2a: Hydrapple|Giga Drain|p1a: Poliwrath\n|-damage|p1a: Poliwrath|0 fnt\n|-heal|p2a: Hydrapple|129/312|[from] drain|[of] p1a: Poliwrath\n|faint|p1a: Poliwrath\n|\n|-weather|RainDance|[upkeep]\n|upkeep\n|\n|t:|1781462680\n|switch|p1a: Toxicroak|Toxicroak, L84, M|3/277\n|turn|9\n|\n|t:|1781462682\n|move|p1a: Toxicroak|Close Combat|p2a: Hydrapple\n|-damage|p2a: Hydrapple|23/312\n|-unboost|p1a: Toxicroak|def|1\n|-unboost|p1a: Toxicroak|spd|1\n|move|p2a: Hydrapple|Giga Drain|p1a: Toxicroak\n|-resisted|p1a: Toxicroak\n|-damage|p1a: Toxicroak|0 fnt\n|-heal|p2a: Hydrapple|25/312|[from] drain|[of] p1a: Toxicroak\n|faint|p1a: Toxicroak\n|\n|-weather|RainDance|[upkeep]\n|upkeep\n|\n|t:|1781462691\n|switch|p1a: Meowstic|Meowstic, L89, M|277/277\n|turn|10\n|\n|t:|1781462694\n|move|p1a: Meowstic|Alluring Voice|p2a: Hydrapple\n|-supereffective|p2a: Hydrapple\n|-damage|p2a: Hydrapple|0 fnt\n|faint|p2a: Hydrapple\n|\n|-weather|none\n|upkeep\n|\n|t:|1781462701\n|switch|p2a: Gardevoir|Gardevoir, L83, F|249/249\n|-ability|p2a: Gardevoir|Prankster|Trace|[from] ability: Trace|[of] p1a: Meowstic\n|turn|11\n|\n|t:|1781462718\n|move|p2a: Gardevoir|Trick|p1a: Meowstic\n|-activate|p2a: Gardevoir|move: Trick|[of] p1a: Meowstic\n|-item|p1a: Meowstic|Choice Scarf|[from] move: Trick\n|-item|p2a: Gardevoir|Light Clay|[from] move: Trick\n|move|p1a: Meowstic|Light Screen|p1a: Meowstic\n|-sidestart|p1: IceColdAcer|move: Light Screen\n|\n|upkeep\n|turn|12\n|\n|t:|1781462730\n|switch|p1a: Moltres|Moltres, L81|278/278\n|move|p2a: Gardevoir|Psychic|p1a: Moltres\n|-damage|p1a: Moltres|221/278\n|\n|upkeep\n|turn|13\n|\n|t:|1781462739\n|switch|p2a: Arcanine|Arcanine-Hisui, L79, F|280/280\n|move|p1a: Moltres|Scorching Sands|p2a: Arcanine\n|-supereffective|p2a: Arcanine\n|-damage|p2a: Arcanine|12/280\n|\n|upkeep\n|turn|14\n|\n|t:|1781462745\n|move|p1a: Moltres|Brave Bird|p2a: Arcanine\n|-resisted|p2a: Arcanine\n|-damage|p2a: Arcanine|0 fnt\n|faint|p2a: Arcanine\n|-damage|p1a: Moltres|217/278|[from] Recoil\n|\n|upkeep\n|\n|t:|1781462747\n|switch|p2a: Luvdisc|Luvdisc, F|247/247\n|turn|15\n|\n|t:|1781462752\n|move|p2a: Luvdisc|Substitute|p2a: Luvdisc\n|-start|p2a: Luvdisc|Substitute\n|-damage|p2a: Luvdisc|186/247\n|move|p1a: Moltres|Brave Bird|p2a: Luvdisc\n|-end|p2a: Luvdisc|Substitute\n|-damage|p1a: Moltres|197/278|[from] Recoil|[of] p2a: Luvdisc\n|\n|-sideend|p1: IceColdAcer|move: Light Screen\n|upkeep\n|turn|16\n|\n|t:|1781462757\n|move|p2a: Luvdisc|Substitute|p2a: Luvdisc\n|-start|p2a: Luvdisc|Substitute\n|-damage|p2a: Luvdisc|125/247\n|move|p1a: Moltres|Brave Bird|p2a: Luvdisc\n|-end|p2a: Luvdisc|Substitute\n|-damage|p1a: Moltres|177/278|[from] Recoil|[of] p2a: Luvdisc\n|\n|upkeep\n|turn|17\n|\n|t:|1781462761\n|move|p2a: Luvdisc|Surf|p1a: Moltres\n|-supereffective|p1a: Moltres\n|-damage|p1a: Moltres|27/278\n|move|p1a: Moltres|Brave Bird|p2a: Luvdisc\n|-damage|p2a: Luvdisc|0 fnt\n|faint|p2a: Luvdisc\n|-damage|p1a: Moltres|0 fnt|[from] Recoil\n|faint|p1a: Moltres\n|\n|upkeep\n|\n|t:|1781462774\n|switch|p2a: Gardevoir|Gardevoir, L83, F|249/249\n|switch|p1a: Plusle|Plusle, L95, M|268/268\n|-ability|p2a: Gardevoir|Lightning Rod|Trace|[from] ability: Trace|[of] p1a: Plusle\n|turn|18\n|\n|t:|1781462779\n|move|p1a: Plusle|Thunderbolt|p2a: Gardevoir\n|-ability|p2a: Gardevoir|Lightning Rod|boost\n|-boost|p2a: Gardevoir|spa|1\n|move|p2a: Gardevoir|Mystical Fire|p1a: Plusle\n|-damage|p1a: Plusle|177/268\n|-unboost|p1a: Plusle|spa|1\n|\n|upkeep\n|turn|19\n|\n|t:|1781462788\n|move|p1a: Plusle|Encore|p2a: Gardevoir\n|-start|p2a: Gardevoir|Encore\n|move|p2a: Gardevoir|Mystical Fire|p1a: Plusle\n|-damage|p1a: Plusle|80/268\n|-unboost|p1a: Plusle|spa|1\n|\n|upkeep\n|turn|20\n|\n|t:|1781462795\n|switch|p1a: Meowstic|Meowstic, L89, M|277/277\n|move|p2a: Gardevoir|Mystical Fire|p1a: Meowstic\n|-damage|p1a: Meowstic|183/277\n|-unboost|p1a: Meowstic|spa|1\n|\n|upkeep\n|turn|21\n|\n|t:|1781462806\n|move|p1a: Meowstic|Light Screen|p1a: Meowstic\n|-sidestart|p1: IceColdAcer|move: Light Screen\n|move|p2a: Gardevoir|Mystical Fire|p1a: Meowstic\n|-damage|p1a: Meowstic|133/277\n|-unboost|p1a: Meowstic|spa|1\n|\n|-end|p2a: Gardevoir|Encore\n|upkeep\n|turn|22\n|\n|t:|1781462814\n|switch|p1a: Plusle|Plusle, L95, M|80/268\n|move|p2a: Gardevoir|Moonblast|p1a: Plusle\n|-damage|p1a: Plusle|0 fnt\n|faint|p1a: Plusle\n|\n|upkeep\n|\n|t:|1781462818\n|switch|p1a: Chien-Pao|Chien-Pao, L72|234/234\n|-ability|p1a: Chien-Pao|Sword of Ruin\n|turn|23\n|\n|t:|1781462823\n|-terastallize|p2a: Gardevoir|Fairy\n|move|p1a: Chien-Pao|Swords Dance|p1a: Chien-Pao\n|-boost|p1a: Chien-Pao|atk|2\n|move|p2a: Gardevoir|Moonblast|p1a: Chien-Pao\n|-supereffective|p1a: Chien-Pao\n|-damage|p1a: Chien-Pao|0 fnt\n|faint|p1a: Chien-Pao\n|\n|upkeep\n|c|\u2606General Nova64|Gg\n|-message|IceColdAcer forfeited.\n|\n|win|General Nova64\n", "inputlog": ">version a8376a258c1d4662feba110a92103f3664a72141\n>start {\"formatid\":\"gen9randombattle\",\"seed\":\"sodium,58cc7fb2d2c23dabadb38d082b7fe10e\",\"rated\":\"Rated battle\"}\n>player p1 {\"name\":\"IceColdAcer\",\"avatar\":\"acetrainer\",\"rating\":2071,\"seed\":\"sodium,eeacc47fc99bd08a98316f6b5a502091\"}\n>player p2 {\"name\":\"General Nova64\",\"avatar\":\"265\",\"rating\":2174,\"seed\":\"sodium,7c494b1d6e2f3ced8ea0759a15bd7867\"}\n>p1 move earthquake\n>p2 move flareblitz\n>p1 move earthquake\n>p2 switch 2\n>p1 switch 3\n>p2 move swordsdance\n>p1 move fireblast\n>p2 switch 3\n>p1 switch 6\n>p2 move headsmash\n>p1 move raindance\n>p2 switch 4\n>p1 move knockoff terastallize\n>p2 move nastyplot\n>p1 move closecombat\n>p2 move gigadrain\n>p1 switch 3\n>p1 move closecombat\n>p2 move gigadrain\n>p1 switch 5\n>p1 move alluringvoice\n>p2 move ficklebeam\n>p2 switch 6\n>p1 move lightscreen\n>p2 move trick\n>p1 switch 6\n>p2 move psychic\n>p1 move scorchingsands\n>p2 switch 4\n>p1 move bravebird\n>p2 move headsmash\n>p2 switch 5\n>p1 move bravebird\n>p2 move substitute\n>p1 move bravebird\n>p2 move substitute\n>p1 move bravebird\n>p2 move surf\n>p1 switch 2\n>p2 switch 4\n>p1 move thunderbolt\n>p2 move mysticalfire\n>p1 move encore\n>p2 move moonblast\n>p1 switch 6\n>p2 move mysticalfire\n>p1 move lightscreen\n>p2 move mysticalfire\n>p1 switch 6\n>p2 move moonblast\n>p1 switch 4\n>p1 move swordsdance\n>p2 move moonblast terastallize\n>chat \u2606General Nova64|Gg\n>forcelose p1", "uploadtime": 1781462596, "views": 5, "formatid": "gen9randombattle", "rating": null, "private": 0, "password": null}