{"id": "gen9randombattle-2631858902", "format": "[Gen 9] Random Battle", "players": ["Sebman", "Mr. Fulletfunoill"], "log": "|j|\u2606Sebman\n|j|\u2606Mr. Fulletfunoill\n|t:|1781449002\n|gametype|singles\n|player|p1|Sebman|palmer|2191\n|player|p2|Mr. Fulletfunoill|swimmer-gen4|2105\n|gen|9\n|tier|[Gen 9] Random Battle\n|rated|\n|rule|Species Clause: Limit one of each Pok\u00e9mon\n|rule|HP Percentage Mod: HP is shown in percentages\n|rule|Sleep Clause Mod: Limit one foe put to sleep\n|rule|Illusion Level Mod: Illusion disguises the Pok\u00e9mon's true level\n|\n|t:|1781449002\n|teamsize|p1|6\n|teamsize|p2|6\n|start\n|switch|p1a: Cacturne|Cacturne, L92, M|278/278\n|switch|p2a: Amoonguss|Amoonguss, L82, F|321/321\n|turn|1\n|inactive|Battle timer is ON: inactive players will automatically lose when time's up. (requested by Sebman)\n|\n|t:|1781449014\n|switch|p1a: Iron Treads|Iron Treads, L77|265/265\n|move|p2a: Amoonguss|Sludge Bomb|p1a: Iron Treads\n|-immune|p1a: Iron Treads\n|\n|upkeep\n|turn|2\n|\n|t:|1781449016\n|move|p1a: Iron Treads|Earthquake|p2a: Amoonguss\n|-damage|p2a: Amoonguss|212/321\n|move|p2a: Amoonguss|Spore|p1a: Iron Treads\n|-status|p1a: Iron Treads|slp|[from] move: Spore\n|\n|-heal|p2a: Amoonguss|232/321|[from] item: Leftovers\n|upkeep\n|turn|3\n|\n|t:|1781449019\n|cant|p1a: Iron Treads|slp\n|move|p2a: Amoonguss|Sludge Bomb|p1a: Iron Treads\n|-immune|p1a: Iron Treads\n|\n|-heal|p2a: Amoonguss|252/321|[from] item: Leftovers\n|upkeep\n|turn|4\n|j| chenyiyiyiyiyi\n|\n|t:|1781449021\n|cant|p1a: Iron Treads|slp\n|move|p2a: Amoonguss|Giga Drain|p1a: Iron Treads\n|-damage|p1a: Iron Treads|201/265 slp\n|-heal|p2a: Amoonguss|284/321|[from] drain|[of] p1a: Iron Treads\n|\n|-heal|p2a: Amoonguss|304/321|[from] item: Leftovers\n|upkeep\n|turn|5\n|\n|t:|1781449023\n|cant|p1a: Iron Treads|slp\n|move|p2a: Amoonguss|Giga Drain|p1a: Iron Treads\n|-damage|p1a: Iron Treads|143/265 slp\n|-heal|p2a: Amoonguss|321/321|[from] drain|[of] p1a: Iron Treads\n|\n|upkeep\n|turn|6\n|\n|t:|1781449025\n|-curestatus|p1a: Iron Treads|slp|[msg]\n|move|p1a: Iron Treads|Earthquake|p2a: Amoonguss\n|-damage|p2a: Amoonguss|206/321\n|move|p2a: Amoonguss|Spore|p1a: Iron Treads\n|-status|p1a: Iron Treads|slp|[from] move: Spore\n|\n|-heal|p2a: Amoonguss|226/321|[from] item: Leftovers\n|upkeep\n|turn|7\n|\n|t:|1781449032\n|-end|p1a: Iron Treads|Quark Drive|[silent]\n|switch|p1a: Cacturne|Cacturne, L92, M|278/278\n|move|p2a: Amoonguss|Sludge Bomb|p1a: Cacturne\n|-supereffective|p1a: Cacturne\n|-damage|p1a: Cacturne|74/278\n|\n|-heal|p2a: Amoonguss|246/321|[from] item: Leftovers\n|upkeep\n|turn|8\n|\n|t:|1781449035\n|move|p1a: Cacturne|Knock Off|p2a: Amoonguss\n|-damage|p2a: Amoonguss|38/321\n|-enditem|p2a: Amoonguss|Leftovers|[from] move: Knock Off|[of] p1a: Cacturne\n|-damage|p1a: Cacturne|47/278|[from] item: Life Orb\n|move|p2a: Amoonguss|Sludge Bomb|p1a: Cacturne\n|-supereffective|p1a: Cacturne\n|-damage|p1a: Cacturne|0 fnt\n|faint|p1a: Cacturne\n|\n|upkeep\n|\n|t:|1781449042\n|switch|p1a: Barraskewda|Barraskewda, L81, F|231/231\n|turn|9\n|\n|t:|1781449046\n|switch|p2a: Ogerpon|Ogerpon, L80, F|259/259\n|move|p1a: Barraskewda|Flip Turn|p2a: Ogerpon\n|-resisted|p2a: Ogerpon\n|-damage|p2a: Ogerpon|200/259\n|\n|t:|1781449053\n|switch|p1a: Darkrai|Darkrai, L77|234/234|[from] Flip Turn\n|\n|upkeep\n|turn|10\n|\n|t:|1781449059\n|-terastallize|p2a: Ogerpon|Grass\n|detailschange|p2a: Ogerpon|Ogerpon-Teal-Tera, L80, F, tera:Grass\n|-ability|p2a: Ogerpon|Embody Aspect (Teal)|boost\n|-boost|p2a: Ogerpon|spe|1\n|move|p2a: Ogerpon|Ivy Cudgel|p1a: Darkrai\n|-damage|p1a: Darkrai|16/234\n|-damage|p2a: Ogerpon|175/259|[from] item: Life Orb\n|move|p1a: Darkrai|Sludge Bomb|p2a: Ogerpon\n|-supereffective|p2a: Ogerpon\n|-crit|p2a: Ogerpon\n|-damage|p2a: Ogerpon|0 fnt\n|faint|p2a: Ogerpon\n|detailschange|p2: Ogerpon|Ogerpon, L80, F|[silent]\n|-damage|p1a: Darkrai|0 fnt|[from] item: Life Orb\n|faint|p1a: Darkrai\n|\n|upkeep\n|\n|t:|1781449068\n|switch|p1a: Barraskewda|Barraskewda, L81, F|231/231\n|switch|p2a: Amoonguss|Amoonguss, L82, F|145/321\n|turn|11\n|\n|t:|1781449073\n|switch|p2a: Skeledirge|Skeledirge, L79, F|294/294\n|move|p1a: Barraskewda|Psychic Fangs|p2a: Skeledirge\n|-damage|p2a: Skeledirge|192/294\n|\n|upkeep\n|turn|12\n|\n|t:|1781449081\n|switch|p1a: Lugia|Lugia, L73|275/275\n|move|p2a: Skeledirge|Slack Off|p2a: Skeledirge\n|-heal|p2a: Skeledirge|294/294\n|\n|upkeep\n|turn|13\n|\n|t:|1781449085\n|move|p1a: Lugia|Psychic Noise|p2a: Skeledirge\n|-damage|p2a: Skeledirge|224/294\n|-start|p2a: Skeledirge|move: Heal Block\n|move|p2a: Skeledirge|Shadow Ball|p1a: Lugia\n|-supereffective|p1a: Lugia\n|-damage|p1a: Lugia|209/275\n|-unboost|p1a: Lugia|spd|1\n|\n|upkeep\n|turn|14\n|\n|t:|1781449088\n|switch|p1a: Barraskewda|Barraskewda, L81, F|231/231\n|move|p2a: Skeledirge|Shadow Ball|p1a: Barraskewda\n|-damage|p1a: Barraskewda|114/231\n|\n|-end|p2a: Skeledirge|move: Heal Block\n|upkeep\n|turn|15\n|\n|t:|1781449093\n|move|p1a: Barraskewda|Flip Turn|p2a: Skeledirge\n|-supereffective|p2a: Skeledirge\n|-damage|p2a: Skeledirge|30/294\n|\n|t:|1781449095\n|switch|p1a: Lugia|Lugia, L73|209/275|[from] Flip Turn\n|move|p2a: Skeledirge|Shadow Ball|p1a: Lugia\n|-supereffective|p1a: Lugia\n|-damage|p1a: Lugia|75/275\n|\n|upkeep\n|turn|16\n|\n|t:|1781449099\n|move|p1a: Lugia|Psychic Noise|p2a: Skeledirge\n|-damage|p2a: Skeledirge|0 fnt\n|faint|p2a: Skeledirge\n|\n|upkeep\n|\n|t:|1781449102\n|switch|p2a: Pawmot|Pawmot, L80, M|243/243\n|turn|17\n|\n|t:|1781449108\n|move|p2a: Pawmot|Knock Off|p1a: Lugia\n|-supereffective|p1a: Lugia\n|-damage|p1a: Lugia|0 fnt\n|-enditem|p1a: Lugia|Heavy-Duty Boots|[from] move: Knock Off|[of] p2a: Pawmot\n|faint|p1a: Lugia\n|-damage|p2a: Pawmot|219/243|[from] item: Life Orb\n|\n|upkeep\n|\n|t:|1781449111\n|switch|p1a: Barraskewda|Barraskewda, L81, F|114/231\n|turn|18\n|\n|t:|1781449115\n|switch|p2a: Amoonguss|Amoonguss, L82, F|252/321\n|move|p1a: Barraskewda|Psychic Fangs|p2a: Amoonguss\n|-supereffective|p2a: Amoonguss\n|-damage|p2a: Amoonguss|0 fnt\n|faint|p2a: Amoonguss\n|\n|upkeep\n|\n|t:|1781449119\n|switch|p2a: Sandy Shocks|Sandy Shocks, L80|267/267\n|turn|19\n|\n|t:|1781449129\n|switch|p1a: Sylveon|Sylveon, L85, F|300/300\n|move|p2a: Sandy Shocks|Earth Power|p1a: Sylveon\n|-damage|p1a: Sylveon|218/300\n|\n|-heal|p1a: Sylveon|236/300|[from] item: Leftovers\n|upkeep\n|turn|20\n|\n|t:|1781449136\n|move|p2a: Sandy Shocks|Stealth Rock|p1a: Sylveon\n|-sidestart|p1: Sebman|move: Stealth Rock\n|move|p1a: Sylveon|Calm Mind|p1a: Sylveon\n|-boost|p1a: Sylveon|spa|1\n|-boost|p1a: Sylveon|spd|1\n|\n|-heal|p1a: Sylveon|254/300|[from] item: Leftovers\n|upkeep\n|turn|21\n|\n|t:|1781449164\n|move|p2a: Sandy Shocks|Thunderbolt|p1a: Sylveon\n|-damage|p1a: Sylveon|206/300\n|move|p1a: Sylveon|Hyper Voice|p2a: Sandy Shocks\n|-damage|p2a: Sandy Shocks|48/267\n|\n|-heal|p1a: Sylveon|224/300|[from] item: Leftovers\n|upkeep\n|turn|22\n|\n|t:|1781449171\n|move|p2a: Sandy Shocks|Thunderbolt|p1a: Sylveon\n|-damage|p1a: Sylveon|176/300\n|move|p1a: Sylveon|Wish|p1a: Sylveon\n|\n|-heal|p1a: Sylveon|194/300|[from] item: Leftovers\n|upkeep\n|turn|23\n|\n|t:|1781449195\n|move|p2a: Sandy Shocks|Thunderbolt|p1a: Sylveon\n|-damage|p1a: Sylveon|146/300\n|move|p1a: Sylveon|Calm Mind|p1a: Sylveon\n|-boost|p1a: Sylveon|spa|1\n|-boost|p1a: Sylveon|spd|1\n|\n|-heal|p1a: Sylveon|296/300|[from] move: Wish|[wisher] Sylveon\n|-heal|p1a: Sylveon|300/300|[from] item: Leftovers\n|upkeep\n|turn|24\n|\n|t:|1781449202\n|move|p2a: Sandy Shocks|Thunderbolt|p1a: Sylveon\n|-damage|p1a: Sylveon|261/300\n|move|p1a: Sylveon|Calm Mind|p1a: Sylveon\n|-boost|p1a: Sylveon|spa|1\n|-boost|p1a: Sylveon|spd|1\n|\n|-heal|p1a: Sylveon|279/300|[from] item: Leftovers\n|upkeep\n|turn|25\n|\n|t:|1781449208\n|move|p2a: Sandy Shocks|Thunderbolt|p1a: Sylveon\n|-damage|p1a: Sylveon|251/300\n|move|p1a: Sylveon|Hyper Voice|p2a: Sandy Shocks\n|-damage|p2a: Sandy Shocks|0 fnt\n|faint|p2a: Sandy Shocks\n|-end|p2a: Sandy Shocks|Protosynthesis|[silent]\n|\n|-heal|p1a: Sylveon|269/300|[from] item: Leftovers\n|upkeep\n|\n|t:|1781449212\n|switch|p2a: Pawmot|Pawmot, L80, M|219/243\n|turn|26\n|\n|t:|1781449225\n|move|p2a: Pawmot|Revival Blessing|p2a: Pawmot\n|\n|t:|1781449228\n|-heal|p2: Skeledirge|147/294|[from] move: Revival Blessing\n|move|p1a: Sylveon|Hyper Voice|p2a: Pawmot\n|-supereffective|p2a: Pawmot\n|-damage|p2a: Pawmot|0 fnt\n|faint|p2a: Pawmot\n|\n|-heal|p1a: Sylveon|287/300|[from] item: Leftovers\n|upkeep\n|\n|t:|1781449232\n|switch|p2a: Skeledirge|Skeledirge, L79, F|147/294\n|turn|27\n|\n|t:|1781449235\n|move|p1a: Sylveon|Hyper Voice|p2a: Skeledirge\n|-resisted|p2a: Skeledirge\n|-damage|p2a: Skeledirge|67/294\n|move|p2a: Skeledirge|Slack Off|p2a: Skeledirge\n|-heal|p2a: Skeledirge|214/294\n|\n|-heal|p1a: Sylveon|300/300|[from] item: Leftovers\n|upkeep\n|turn|28\n|\n|t:|1781449239\n|switch|p1a: Iron Treads|Iron Treads, L77|143/265 slp\n|-damage|p1a: Iron Treads|135/265 slp|[from] Stealth Rock\n|move|p2a: Skeledirge|Shadow Ball|p1a: Iron Treads\n|-damage|p1a: Iron Treads|69/265 slp\n|\n|upkeep\n|turn|29\n|\n|t:|1781449244\n|cant|p1a: Iron Treads|slp\n|move|p2a: Skeledirge|Slack Off|p2a: Skeledirge\n|-heal|p2a: Skeledirge|294/294\n|\n|upkeep\n|turn|30\n|\n|t:|1781449247\n|switch|p2a: Espathra|Espathra, L80, M|283/283\n|-curestatus|p1a: Iron Treads|slp|[msg]\n|move|p1a: Iron Treads|Earthquake|p2a: Espathra\n|-damage|p2a: Espathra|154/283\n|\n|upkeep\n|turn|31\n|\n|t:|1781449252\n|move|p2a: Espathra|Lumina Crash|p1a: Iron Treads\n|-resisted|p1a: Iron Treads\n|-damage|p1a: Iron Treads|12/265\n|-unboost|p1a: Iron Treads|spd|2\n|move|p1a: Iron Treads|Rapid Spin|p2a: Espathra\n|-damage|p2a: Espathra|105/283\n|-boost|p1a: Iron Treads|spe|1\n|-sideend|p1: Sebman|Stealth Rock|[from] move: Rapid Spin|[of] p1a: Iron Treads\n|\n|-ability|p2a: Espathra|Speed Boost|boost\n|-boost|p2a: Espathra|spe|1\n|upkeep\n|turn|32\n|\n|t:|1781449263\n|move|p2a: Espathra|Lumina Crash|p1a: Iron Treads\n|-resisted|p1a: Iron Treads\n|-damage|p1a: Iron Treads|0 fnt\n|faint|p1a: Iron Treads\n|-end|p1a: Iron Treads|Quark Drive|[silent]\n|\n|-ability|p2a: Espathra|Speed Boost|boost\n|-boost|p2a: Espathra|spe|1\n|upkeep\n|\n|t:|1781449264\n|switch|p1a: Sylveon|Sylveon, L85, F|300/300\n|turn|33\n|\n|t:|1781449268\n|move|p2a: Espathra|Lumina Crash|p1a: Sylveon\n|-damage|p1a: Sylveon|213/300\n|-unboost|p1a: Sylveon|spd|2\n|move|p1a: Sylveon|Wish|p1a: Sylveon\n|\n|-heal|p1a: Sylveon|231/300|[from] item: Leftovers\n|-ability|p2a: Espathra|Speed Boost|boost\n|-boost|p2a: Espathra|spe|1\n|upkeep\n|turn|34\n|\n|t:|1781449274\n|move|p2a: Espathra|Lumina Crash|p1a: Sylveon\n|-damage|p1a: Sylveon|47/300\n|-unboost|p1a: Sylveon|spd|2\n|move|p1a: Sylveon|Hyper Voice|p2a: Espathra\n|-damage|p2a: Espathra|0 fnt\n|faint|p2a: Espathra\n|\n|-heal|p1a: Sylveon|197/300|[from] move: Wish|[wisher] Sylveon\n|-heal|p1a: Sylveon|215/300|[from] item: Leftovers\n|upkeep\n|\n|t:|1781449278\n|switch|p2a: Skeledirge|Skeledirge, L79, F|294/294\n|turn|35\n|\n|t:|1781449282\n|switch|p1a: Barraskewda|Barraskewda, L81, F|114/231\n|move|p2a: Skeledirge|Flame Charge|p1a: Barraskewda\n|-resisted|p1a: Barraskewda\n|-damage|p1a: Barraskewda|88/231\n|-boost|p2a: Skeledirge|spe|1\n|\n|upkeep\n|turn|36\n|\n|t:|1781449285\n|-terastallize|p1a: Barraskewda|Water\n|move|p1a: Barraskewda|Waterfall|p2a: Skeledirge\n|-supereffective|p2a: Skeledirge\n|-damage|p2a: Skeledirge|0 fnt\n|faint|p2a: Skeledirge\n|\n|win|Sebman\n", "inputlog": ">version a8376a258c1d4662feba110a92103f3664a72141\n>start {\"formatid\":\"gen9randombattle\",\"seed\":\"sodium,90c0d2a90be9accfbf2f04d03193a5a2\",\"rated\":\"Rated battle\"}\n>player p1 {\"name\":\"Sebman\",\"avatar\":\"palmer\",\"rating\":2191,\"seed\":\"sodium,d6ee5be7b05bd9bdd675f49eb025142a\"}\n>player p2 {\"name\":\"Mr. Fulletfunoill\",\"avatar\":\"swimmer-gen4\",\"rating\":2105,\"seed\":\"sodium,7c3d09bf1bbdad9f28909bce8b081ebf\"}\n>p1 switch 4\n>p2 move sludgebomb\n>p1 move earthquake\n>p2 move spore\n>p1 move earthquake\n>p2 move sludgebomb\n>p1 move earthquake\n>p2 move gigadrain\n>p1 move earthquake\n>p2 move gigadrain\n>p1 move earthquake\n>p2 move spore\n>p1 switch 4\n>p2 move sludgebomb\n>p1 move knockoff\n>p2 move sludgebomb\n>p1 switch 5\n>p1 move flipturn\n>p2 switch 6\n>p1 switch 6\n>p1 move sludgebomb\n>p2 move ivycudgel terastallize\n>p1 switch 6\n>p2 switch 6\n>p1 move psychicfangs\n>p2 switch 3\n>p1 switch 3\n>p2 move slackoff\n>p1 move psychicnoise\n>p2 move shadowball\n>p1 switch 3\n>p2 move shadowball\n>p1 move flipturn\n>p2 move shadowball\n>p1 switch 3\n>p1 move psychicnoise\n>p2 move slackoff\n>p2 switch 2\n>p1 move psychicnoise\n>p2 move knockoff\n>p1 switch 3\n>p1 move psychicfangs\n>p2 switch 3\n>p2 switch 5\n>p1 switch 2\n>p2 move earthpower\n>p1 move calmmind\n>p2 move stealthrock\n>p1 move hypervoice\n>p2 move thunderbolt\n>p1 move wish\n>p2 move thunderbolt\n>p1 move calmmind\n>p2 move thunderbolt\n>p1 move calmmind\n>p2 move thunderbolt\n>p1 move hypervoice\n>p2 move thunderbolt\n>p2 switch 3\n>p1 move hypervoice\n>p2 move revivalblessing\n>p2 switch 2\n>p2 switch 2\n>p1 move hypervoice\n>p2 move slackoff\n>p1 switch 4\n>p2 move shadowball\n>p1 move earthquake\n>p2 move slackoff\n>p1 move earthquake\n>p2 switch 4\n>p1 move rapidspin\n>p2 move luminacrash\n>p1 move earthquake\n>p2 move luminacrash\n>p1 switch 4\n>p1 move wish\n>p2 move luminacrash\n>p1 move hypervoice\n>p2 move luminacrash\n>p2 switch 4\n>p1 switch 2\n>p2 move flamecharge\n>p1 move waterfall terastallize\n>p2 move flamecharge", "uploadtime": 1781449006, "views": 5, "formatid": "gen9randombattle", "rating": null, "private": 0, "password": null}