{"id": "gen9randombattle-2631432505", "format": "[Gen 9] Random Battle", "players": ["toucann", "noocha"], "log": "|j|\u2606toucann\n|j|\u2606noocha\n|t:|1781383974\n|gametype|singles\n|player|p1|toucann|ethan|2073\n|player|p2|noocha|hanbei-conquest|2048\n|gen|9\n|tier|[Gen 9] Random Battle\n|rated|\n|rule|Species Clause: Limit one of each Pok\u00e9mon\n|rule|HP Percentage Mod: HP is shown in percentages\n|rule|Sleep Clause Mod: Limit one foe put to sleep\n|rule|Illusion Level Mod: Illusion disguises the Pok\u00e9mon's true level\n|\n|t:|1781383974\n|teamsize|p1|6\n|teamsize|p2|6\n|start\n|switch|p1a: Arbok|Arbok, L87, F|246/246\n|switch|p2a: Misdreavus|Misdreavus, L90, F|254/254\n|-ability|p1a: Arbok|Intimidate|boost\n|-unboost|p2a: Misdreavus|atk|1\n|turn|1\n|\n|t:|1781383984\n|switch|p2a: Tinkaton|Tinkaton, L82, F|274/274\n|-ability|p2a: Tinkaton|Mold Breaker\n|move|p1a: Arbok|Knock Off|p2a: Tinkaton\n|-resisted|p2a: Tinkaton\n|-damage|p2a: Tinkaton|221/274\n|-enditem|p2a: Tinkaton|Leftovers|[from] move: Knock Off|[of] p1a: Arbok\n|-damage|p1a: Arbok|222/246|[from] item: Life Orb\n|\n|upkeep\n|turn|2\n|\n|t:|1781383988\n|move|p2a: Tinkaton|Swords Dance|p2a: Tinkaton\n|-boost|p2a: Tinkaton|atk|2\n|move|p1a: Arbok|Earthquake|p2a: Tinkaton\n|-supereffective|p2a: Tinkaton\n|-damage|p2a: Tinkaton|0 fnt\n|faint|p2a: Tinkaton\n|-damage|p1a: Arbok|198/246|[from] item: Life Orb\n|\n|upkeep\n|\n|t:|1781383994\n|switch|p2a: Rhyperior|Rhyperior, L82, M|323/323\n|turn|3\n|\n|t:|1781384013\n|switch|p1a: Zamazenta|Zamazenta, L71|248/248\n|-ability|p1a: Zamazenta|Dauntless Shield|boost\n|-boost|p1a: Zamazenta|def|1\n|move|p2a: Rhyperior|Rock Polish|p2a: Rhyperior\n|-boost|p2a: Rhyperior|spe|2\n|\n|upkeep\n|turn|4\n|\n|t:|1781384017\n|move|p1a: Zamazenta|Iron Defense|p1a: Zamazenta\n|-boost|p1a: Zamazenta|def|2\n|move|p2a: Rhyperior|Earthquake|p1a: Zamazenta\n|-damage|p1a: Zamazenta|197/248\n|\n|-heal|p1a: Zamazenta|212/248|[from] item: Leftovers\n|upkeep\n|turn|5\n|\n|t:|1781384023\n|switch|p2a: Misdreavus|Misdreavus, L90, F|254/254\n|move|p1a: Zamazenta|Iron Defense|p1a: Zamazenta\n|-boost|p1a: Zamazenta|def|2\n|\n|-heal|p1a: Zamazenta|227/248|[from] item: Leftovers\n|upkeep\n|turn|6\n|\n|t:|1781384029\n|move|p1a: Zamazenta|Substitute|p1a: Zamazenta\n|-start|p1a: Zamazenta|Substitute\n|-damage|p1a: Zamazenta|165/248\n|move|p2a: Misdreavus|Will-O-Wisp||[still]\n|-fail|p2a: Misdreavus\n|\n|-heal|p1a: Zamazenta|180/248|[from] item: Leftovers\n|upkeep\n|turn|7\n|\n|t:|1781384033\n|move|p1a: Zamazenta|Iron Head|p2a: Misdreavus\n|-damage|p2a: Misdreavus|214/254\n|move|p2a: Misdreavus|Calm Mind|p2a: Misdreavus\n|-boost|p2a: Misdreavus|spa|1\n|-boost|p2a: Misdreavus|spd|1\n|\n|-heal|p1a: Zamazenta|195/248|[from] item: Leftovers\n|upkeep\n|turn|8\n|\n|t:|1781384039\n|switch|p1a: Arbok|Arbok, L87, F|198/246\n|-ability|p1a: Arbok|Intimidate|boost\n|-unboost|p2a: Misdreavus|atk|1\n|move|p2a: Misdreavus|Draining Kiss|p1a: Arbok\n|-resisted|p1a: Arbok\n|-damage|p1a: Arbok|168/246\n|-heal|p2a: Misdreavus|237/254|[from] drain|[of] p1a: Arbok\n|\n|upkeep\n|turn|9\n|\n|t:|1781384046\n|move|p2a: Misdreavus|Will-O-Wisp|p1a: Arbok\n|-status|p1a: Arbok|brn\n|move|p1a: Arbok|Glare|p2a: Misdreavus\n|-status|p2a: Misdreavus|par\n|\n|-damage|p1a: Arbok|153/246 brn|[from] brn\n|upkeep\n|turn|10\n|\n|t:|1781384049\n|move|p1a: Arbok|Knock Off|p2a: Misdreavus\n|-supereffective|p2a: Misdreavus\n|-damage|p2a: Misdreavus|154/254 par\n|-enditem|p2a: Misdreavus|Eviolite|[from] move: Knock Off|[of] p1a: Arbok\n|-damage|p1a: Arbok|129/246 brn|[from] item: Life Orb\n|move|p2a: Misdreavus|Calm Mind|p2a: Misdreavus\n|-boost|p2a: Misdreavus|spa|1\n|-boost|p2a: Misdreavus|spd|1\n|\n|-damage|p1a: Arbok|114/246 brn|[from] brn\n|upkeep\n|turn|11\n|\n|t:|1781384059\n|move|p1a: Arbok|Knock Off|p2a: Misdreavus\n|-supereffective|p2a: Misdreavus\n|-damage|p2a: Misdreavus|75/254 par\n|-damage|p1a: Arbok|90/246 brn|[from] item: Life Orb\n|move|p2a: Misdreavus|Shadow Ball|p1a: Arbok\n|-damage|p1a: Arbok|0 fnt\n|faint|p1a: Arbok\n|\n|upkeep\n|\n|t:|1781384071\n|switch|p1a: Spiritomb|Spiritomb, L89, M|234/234\n|turn|12\n|\n|t:|1781384107\n|move|p1a: Spiritomb|Foul Play|p2a: Misdreavus\n|-supereffective|p2a: Misdreavus\n|-damage|p2a: Misdreavus|0 fnt\n|faint|p2a: Misdreavus\n|\n|upkeep\n|\n|t:|1781384112\n|switch|p2a: Tatsugiri|Tatsugiri, L87, M|260/260\n|turn|13\n|\n|t:|1781384128\n|switch|p1a: Lanturn|Lanturn, L89, M|367/367\n|move|p2a: Tatsugiri|Nasty Plot|p2a: Tatsugiri\n|-boost|p2a: Tatsugiri|spa|2\n|\n|upkeep\n|turn|14\n|\n|t:|1781384136\n|move|p2a: Tatsugiri|Draco Meteor|p1a: Lanturn\n|-damage|p1a: Lanturn|27/367\n|-unboost|p2a: Tatsugiri|spa|2\n|move|p1a: Lanturn|Thunder Wave|p2a: Tatsugiri\n|-status|p2a: Tatsugiri|par\n|\n|upkeep\n|turn|15\n|-message|noocha forfeited.\n|\n|win|toucann\n", "inputlog": ">version a8376a258c1d4662feba110a92103f3664a72141\n>start {\"formatid\":\"gen9randombattle\",\"seed\":\"sodium,074cd0f462f2e02613875655d958f29c\",\"rated\":\"Rated battle\"}\n>player p1 {\"name\":\"toucann\",\"avatar\":\"ethan\",\"rating\":2073,\"seed\":\"sodium,d2b15eaccdcc4800decd84982329a24a\"}\n>player p2 {\"name\":\"noocha\",\"avatar\":\"hanbei-conquest\",\"rating\":2048,\"seed\":\"sodium,5cc543167c44f04c35093c48b95fd5fe\"}\n>p1 move knockoff\n>p2 switch 3\n>p1 move earthquake\n>p2 move swordsdance\n>p2 switch 5\n>p1 switch 3\n>p2 move rockpolish\n>p1 move irondefense\n>p2 move earthquake\n>p1 move irondefense\n>p2 switch 3\n>p1 move substitute\n>p2 move willowisp\n>p1 move ironhead\n>p2 move calmmind\n>p1 switch 3\n>p2 move drainingkiss\n>p1 move glare\n>p2 move willowisp\n>p1 move knockoff\n>p2 move calmmind\n>p1 move knockoff\n>p2 move shadowball\n>p1 switch 2\n>p1 move foulplay\n>p2 move drainingkiss\n>p2 switch 2\n>p1 switch 6\n>p2 move nastyplot\n>p1 move thunderwave\n>p2 move dracometeor\n>forcelose p2", "uploadtime": 1781383975, "views": 11, "formatid": "gen9randombattle", "rating": null, "private": 0, "password": null}