{"id": "gen9randombattle-2631422398", "format": "[Gen 9] Random Battle", "players": ["xadu133", "AdvancedWelfare"], "log": "|j|\u2606xadu133\n|j|\u2606AdvancedWelfare\n|t:|1781382742\n|gametype|singles\n|player|p1|xadu133|norman|1921\n|player|p2|AdvancedWelfare|ghetsis|1944\n|gen|9\n|tier|[Gen 9] Random Battle\n|rated|\n|rule|Species Clause: Limit one of each Pok\u00e9mon\n|rule|HP Percentage Mod: HP is shown in percentages\n|rule|Sleep Clause Mod: Limit one foe put to sleep\n|rule|Illusion Level Mod: Illusion disguises the Pok\u00e9mon's true level\n|\n|t:|1781382742\n|teamsize|p1|6\n|teamsize|p2|6\n|start\n|switch|p1a: Jirachi|Jirachi, L80|291/291\n|switch|p2a: Primarina|Primarina, L83, M|268/268\n|turn|1\n|inactive|Battle timer is ON: inactive players will automatically lose when time's up. (requested by xadu133)\n|inactive|AdvancedWelfare has 120 seconds left.\n|\n|t:|1781382780\n|move|p1a: Jirachi|Stealth Rock|p2a: Primarina\n|-sidestart|p2: AdvancedWelfare|move: Stealth Rock\n|move|p2a: Primarina|Sparkling Aria|p1a: Jirachi\n|-damage|p1a: Jirachi|177/291\n|\n|-heal|p1a: Jirachi|195/291|[from] item: Leftovers\n|upkeep\n|turn|2\n|\n|t:|1781382786\n|move|p1a: Jirachi|Body Slam|p2a: Primarina\n|-damage|p2a: Primarina|204/268\n|move|p2a: Primarina|Calm Mind|p2a: Primarina\n|-boost|p2a: Primarina|spa|1\n|-boost|p2a: Primarina|spd|1\n|\n|-heal|p1a: Jirachi|213/291|[from] item: Leftovers\n|-heal|p2a: Primarina|220/268|[from] item: Leftovers\n|upkeep\n|turn|3\n|\n|t:|1781382790\n|move|p1a: Jirachi|Body Slam|p2a: Primarina\n|-crit|p2a: Primarina\n|-damage|p2a: Primarina|120/268\n|-status|p2a: Primarina|par\n|move|p2a: Primarina|Sparkling Aria|p1a: Jirachi\n|-damage|p1a: Jirachi|38/291\n|\n|-heal|p1a: Jirachi|56/291|[from] item: Leftovers\n|-heal|p2a: Primarina|136/268 par|[from] item: Leftovers\n|upkeep\n|turn|4\n|\n|t:|1781382800\n|move|p1a: Jirachi|Iron Head|p2a: Primarina\n|-damage|p2a: Primarina|49/268 par\n|move|p2a: Primarina|Sparkling Aria|p1a: Jirachi\n|-damage|p1a: Jirachi|0 fnt\n|faint|p1a: Jirachi\n|\n|-heal|p2a: Primarina|65/268 par|[from] item: Leftovers\n|upkeep\n|\n|t:|1781382823\n|switch|p1a: Conkeldurr|Conkeldurr, L80, M|299/299\n|turn|5\n|\n|t:|1781382827\n|move|p1a: Conkeldurr|Facade|p2a: Primarina\n|-damage|p2a: Primarina|0 fnt\n|faint|p2a: Primarina\n|\n|-status|p1a: Conkeldurr|brn|[from] item: Flame Orb\n|upkeep\n|\n|t:|1781382840\n|switch|p2a: Dragalge|Dragalge, L88, F|258/258\n|-damage|p2a: Dragalge|226/258|[from] Stealth Rock\n|turn|6\n|\n|t:|1781382846\n|move|p2a: Dragalge|Draco Meteor|p1a: Conkeldurr\n|-damage|p1a: Conkeldurr|0 fnt\n|-unboost|p2a: Dragalge|spa|2\n|faint|p1a: Conkeldurr\n|\n|upkeep\n|\n|t:|1781382850\n|switch|p1a: Sandy Shocks|Sandy Shocks, L80|267/267\n|turn|7\n|\n|t:|1781382863\n|move|p1a: Sandy Shocks|Spikes|p2a: Dragalge\n|-sidestart|p2: AdvancedWelfare|Spikes\n|move|p2a: Dragalge|Draco Meteor|p1a: Sandy Shocks\n|-damage|p1a: Sandy Shocks|115/267\n|-unboost|p2a: Dragalge|spa|2\n|\n|upkeep\n|turn|8\n|\n|t:|1781382873\n|switch|p2a: Hoopa|Hoopa, L85|275/275\n|-damage|p2a: Hoopa|241/275|[from] Stealth Rock\n|-damage|p2a: Hoopa|207/275|[from] Spikes\n|move|p1a: Sandy Shocks|Spikes|p2a: Hoopa\n|-sidestart|p2: AdvancedWelfare|Spikes\n|\n|upkeep\n|turn|9\n|\n|t:|1781382879\n|move|p1a: Sandy Shocks|Spikes|p2a: Hoopa\n|-sidestart|p2: AdvancedWelfare|Spikes\n|move|p2a: Hoopa|Shadow Ball|p1a: Sandy Shocks\n|-damage|p1a: Sandy Shocks|0 fnt\n|faint|p1a: Sandy Shocks\n|-end|p1a: Sandy Shocks|Protosynthesis|[silent]\n|-damage|p2a: Hoopa|180/275|[from] item: Life Orb\n|\n|upkeep\n|\n|t:|1781382890\n|switch|p1a: Hoopa|Hoopa, L85|275/275\n|turn|10\n|\n|t:|1781382902\n|move|p1a: Hoopa|Shadow Ball|p2a: Hoopa\n|-supereffective|p2a: Hoopa\n|-damage|p2a: Hoopa|0 fnt\n|faint|p2a: Hoopa\n|-damage|p1a: Hoopa|248/275|[from] item: Life Orb\n|\n|upkeep\n|\n|t:|1781382906\n|switch|p2a: Spiritomb|Spiritomb, L89, F|234/234\n|-damage|p2a: Spiritomb|205/234|[from] Stealth Rock\n|-damage|p2a: Spiritomb|147/234|[from] Spikes\n|turn|11\n|\n|t:|1781382911\n|switch|p1a: Regirock|Regirock, L83|268/268\n|move|p2a: Spiritomb|Sucker Punch||[still]\n|-fail|p2a: Spiritomb\n|\n|upkeep\n|turn|12\n|\n|t:|1781382916\n|switch|p2a: Golduck|Golduck, L90, F|290/290\n|-damage|p2a: Golduck|254/290|[from] Stealth Rock\n|-damage|p2a: Golduck|182/290|[from] Spikes\n|-ability|p2a: Golduck|Cloud Nine\n|move|p1a: Regirock|Curse|p1a: Regirock\n|-unboost|p1a: Regirock|spe|1\n|-boost|p1a: Regirock|atk|1\n|-boost|p1a: Regirock|def|1\n|\n|upkeep\n|turn|13\n|\n|t:|1781382926\n|-terastallize|p1a: Regirock|Fighting\n|move|p2a: Golduck|Nasty Plot|p2a: Golduck\n|-boost|p2a: Golduck|spa|2\n|move|p1a: Regirock|Body Press|p2a: Golduck\n|-damage|p2a: Golduck|0 fnt\n|faint|p2a: Golduck\n|\n|upkeep\n|\n|t:|1781382930\n|switch|p2a: Raichu|Raichu-Alola, L87, F|246/246\n|-damage|p2a: Raichu|216/246|[from] Stealth Rock\n|-damage|p2a: Raichu|155/246|[from] Spikes\n|turn|14\n|\n|t:|1781382939\n|switch|p1a: Hoopa|Hoopa, L85|248/275\n|-terastallize|p2a: Raichu|Fairy\n|move|p2a: Raichu|Alluring Voice|p1a: Hoopa\n|-damage|p1a: Hoopa|146/275\n|\n|upkeep\n|turn|15\n|\n|t:|1781382955\n|move|p2a: Raichu|Alluring Voice|p1a: Hoopa\n|-crit|p1a: Hoopa\n|-damage|p1a: Hoopa|10/275\n|move|p1a: Hoopa|Shadow Ball|p2a: Raichu\n|-damage|p2a: Raichu|0 fnt\n|faint|p2a: Raichu\n|-damage|p1a: Hoopa|0 fnt|[from] item: Life Orb\n|faint|p1a: Hoopa\n|\n|upkeep\n|\n|t:|1781382965\n|switch|p2a: Dragalge|Dragalge, L88, F|226/258\n|switch|p1a: Regidrago|Regidrago, L77|435/435\n|-damage|p2a: Dragalge|194/258|[from] Stealth Rock\n|-damage|p2a: Dragalge|130/258|[from] Spikes\n|turn|16\n|\n|t:|1781382968\n|move|p1a: Regidrago|Dragon Claw|p2a: Dragalge\n|-supereffective|p2a: Dragalge\n|-damage|p2a: Dragalge|0 fnt\n|faint|p2a: Dragalge\n|-damage|p1a: Regidrago|392/435|[from] item: Life Orb\n|\n|upkeep\n|\n|t:|1781382971\n|switch|p2a: Spiritomb|Spiritomb, L89, F|147/234\n|-damage|p2a: Spiritomb|118/234|[from] Stealth Rock\n|-damage|p2a: Spiritomb|60/234|[from] Spikes\n|turn|17\n|\n|t:|1781382974\n|move|p1a: Regidrago|Dragon Claw|p2a: Spiritomb\n|-damage|p2a: Spiritomb|0 fnt\n|faint|p2a: Spiritomb\n|-damage|p1a: Regidrago|349/435|[from] item: Life Orb\n|\n|win|xadu133\n", "inputlog": ">version a8376a258c1d4662feba110a92103f3664a72141\n>start {\"formatid\":\"gen9randombattle\",\"seed\":\"sodium,c8b41ddbbeaddd32150e9bf213cb4a7e\",\"rated\":\"Rated battle\"}\n>player p1 {\"name\":\"xadu133\",\"avatar\":\"norman\",\"rating\":1921,\"seed\":\"sodium,ca6d4cdb1facc6082120bc298841c0af\"}\n>player p2 {\"name\":\"AdvancedWelfare\",\"avatar\":\"ghetsis\",\"rating\":1944,\"seed\":\"sodium,b0ad50ffb39d9108ba2f1b70d2b319bb\"}\n>p1 move stealthrock\n>p2 move sparklingaria\n>p1 move bodyslam\n>p2 move calmmind\n>p1 move bodyslam\n>p2 move sparklingaria\n>p1 move ironhead\n>p2 move sparklingaria\n>p1 switch 6\n>p1 move facade\n>p2 move drainingkiss\n>p2 switch 6\n>p1 move facade\n>p2 move dracometeor\n>p1 switch 5\n>p1 move spikes\n>p2 move dracometeor\n>p1 move spikes\n>p2 switch 2\n>p1 move spikes\n>p2 move shadowball\n>p1 switch 3\n>p1 move shadowball\n>p2 move shadowball\n>p2 switch 4\n>p1 switch 2\n>p2 move suckerpunch\n>p1 move curse\n>p2 switch 5\n>p1 move bodypress terastallize\n>p2 move nastyplot\n>p2 switch 3\n>p1 switch 2\n>p2 move alluringvoice terastallize\n>p1 move shadowball\n>p2 move alluringvoice\n>p1 switch 4\n>p2 switch 2\n>p1 move dragonclaw\n>p2 move dracometeor\n>p2 switch 5\n>p1 move dragonclaw\n>p2 move poltergeist", "uploadtime": 1781382744, "views": 10, "formatid": "gen9randombattle", "rating": null, "private": 0, "password": null}