{"id": "gen9randombattle-2631388613", "format": "[Gen 9] Random Battle", "players": ["EduArdo1516", "bot17334"], "log": "|j|\u2606EduArdo1516\n|j|\u2606bot17334\n|t:|1781378786\n|gametype|singles\n|player|p1|EduArdo1516|102|2030\n|player|p2|bot17334|169|1998\n|gen|9\n|tier|[Gen 9] Random Battle\n|rated|\n|rule|Species Clause: Limit one of each Pok\u00e9mon\n|rule|HP Percentage Mod: HP is shown in percentages\n|rule|Sleep Clause Mod: Limit one foe put to sleep\n|rule|Illusion Level Mod: Illusion disguises the Pok\u00e9mon's true level\n|\n|t:|1781378786\n|teamsize|p1|6\n|teamsize|p2|6\n|start\n|switch|p1a: Blissey|Blissey, L85, F|572/572\n|switch|p2a: Pachirisu|Pachirisu, L96, F|271/271\n|turn|1\n|inactive|Battle timer is ON: inactive players will automatically lose when time's up. (requested by EduArdo1516)\n|\n|t:|1781378797\n|switch|p1a: Groudon|Groudon, L72|263/263\n|-weather|SunnyDay|[from] ability: Drought|[of] p1a: Groudon\n|move|p2a: Pachirisu|Super Fang|p1a: Groudon\n|-damage|p1a: Groudon|132/263\n|\n|-weather|SunnyDay|[upkeep]\n|-heal|p1a: Groudon|148/263|[from] item: Leftovers\n|upkeep\n|turn|2\n|\n|t:|1781378806\n|move|p2a: Pachirisu|U-turn|p1a: Groudon\n|-damage|p1a: Groudon|115/263\n|\n|t:|1781378808\n|switch|p2a: Brambleghast|Brambleghast, L88, F|240/240|[from] U-turn\n|move|p1a: Groudon|Swords Dance|p1a: Groudon\n|-boost|p1a: Groudon|atk|2\n|\n|-weather|SunnyDay|[upkeep]\n|-heal|p1a: Groudon|131/263|[from] item: Leftovers\n|upkeep\n|turn|3\n|\n|t:|1781378816\n|-terastallize|p1a: Groudon|Fire\n|move|p2a: Brambleghast|Poltergeist|p1a: Groudon\n|-activate|p1a: Groudon|move: Poltergeist|Leftovers\n|-damage|p1a: Groudon|14/263\n|move|p1a: Groudon|Heat Crash|p2a: Brambleghast\n|-supereffective|p2a: Brambleghast\n|-damage|p2a: Brambleghast|0 fnt\n|faint|p2a: Brambleghast\n|\n|-weather|SunnyDay|[upkeep]\n|-heal|p1a: Groudon|30/263|[from] item: Leftovers\n|upkeep\n|\n|t:|1781378840\n|switch|p2a: Noctowl|Noctowl, L95, M|344/344\n|turn|4\n|\n|t:|1781378846\n|switch|p1a: Blissey|Blissey, L85, F|572/572\n|move|p2a: Noctowl|Hyper Voice|p1a: Blissey\n|-crit|p1a: Blissey\n|-damage|p1a: Blissey|455/572\n|\n|-weather|SunnyDay|[upkeep]\n|-heal|p1a: Blissey|490/572|[from] item: Leftovers\n|upkeep\n|turn|5\n|\n|t:|1781378858\n|switch|p2a: Banette|Banette, L93, F|270/270\n|move|p1a: Blissey|Stealth Rock|p2a: Banette\n|-sidestart|p2: bot17334|move: Stealth Rock\n|\n|-weather|none\n|-heal|p1a: Blissey|525/572|[from] item: Leftovers\n|upkeep\n|turn|6\n|\n|t:|1781378883\n|move|p2a: Banette|Thunder Wave|p1a: Blissey\n|-status|p1a: Blissey|par\n|move|p1a: Blissey|Thunder Wave|p2a: Banette\n|-status|p2a: Banette|par\n|\n|-heal|p1a: Blissey|560/572 par|[from] item: Leftovers\n|upkeep\n|turn|7\n|\n|t:|1781378891\n|-curestatus|p1a: Blissey|par|[from] ability: Natural Cure|[silent]\n|switch|p1a: Groudon|Groudon, L72, tera:Fire|30/263\n|-weather|SunnyDay|[from] ability: Drought|[of] p1a: Groudon\n|move|p2a: Banette|Gunk Shot|p1a: Groudon|[miss]\n|-miss|p2a: Banette|p1a: Groudon\n|\n|-weather|SunnyDay|[upkeep]\n|-heal|p1a: Groudon|46/263|[from] item: Leftovers\n|upkeep\n|turn|8\n|\n|t:|1781378915\n|move|p2a: Banette|Shadow Sneak|p1a: Groudon\n|-damage|p1a: Groudon|0 fnt\n|faint|p1a: Groudon\n|-damage|p2a: Banette|243/270 par|[from] item: Life Orb\n|\n|-weather|SunnyDay|[upkeep]\n|upkeep\n|\n|t:|1781378928\n|switch|p1a: Chesnaught|Chesnaught, L84, F|285/285\n|turn|9\n|\n|t:|1781378941\n|switch|p2a: Granbull|Granbull, L88, F|302/302\n|-damage|p2a: Granbull|265/302|[from] Stealth Rock\n|-ability|p2a: Granbull|Intimidate|boost\n|-unboost|p1a: Chesnaught|atk|1\n|move|p1a: Chesnaught|Knock Off|p2a: Granbull\n|-resisted|p2a: Granbull\n|-damage|p2a: Granbull|238/302\n|-enditem|p2a: Granbull|Leftovers|[from] move: Knock Off|[of] p1a: Chesnaught\n|\n|-weather|SunnyDay|[upkeep]\n|upkeep\n|turn|10\n|\n|t:|1781378953\n|switch|p1a: Glastrier|Glastrier, L86|312/312\n|move|p2a: Granbull|Thunder Wave|p1a: Glastrier\n|-status|p1a: Glastrier|par\n|\n|-weather|SunnyDay|[upkeep]\n|upkeep\n|turn|11\n|\n|t:|1781378962\n|move|p2a: Granbull|Play Rough|p1a: Glastrier|[miss]\n|-miss|p2a: Granbull|p1a: Glastrier\n|cant|p1a: Glastrier|par\n|\n|-weather|none\n|upkeep\n|turn|12\n|\n|t:|1781378971\n|move|p2a: Granbull|Play Rough|p1a: Glastrier\n|-damage|p1a: Glastrier|230/312 par\n|move|p1a: Glastrier|Heavy Slam|p2a: Granbull\n|-supereffective|p2a: Granbull\n|-damage|p2a: Granbull|0 fnt\n|faint|p2a: Granbull\n|-ability|p1a: Glastrier|Chilling Neigh|boost\n|-boost|p1a: Glastrier|atk|1\n|\n|upkeep\n|\n|t:|1781378979\n|switch|p2a: Pachirisu|Pachirisu, L96, F|271/271\n|turn|13\n|\n|t:|1781378983\n|move|p2a: Pachirisu|Super Fang|p1a: Glastrier|[miss]\n|-miss|p2a: Pachirisu|p1a: Glastrier\n|move|p1a: Glastrier|High Horsepower|p2a: Pachirisu\n|-supereffective|p2a: Pachirisu\n|-damage|p2a: Pachirisu|0 fnt\n|faint|p2a: Pachirisu\n|-ability|p1a: Glastrier|Chilling Neigh|boost\n|-boost|p1a: Glastrier|atk|1\n|\n|upkeep\n|c|\u2606bot17334|rip\n|\n|t:|1781378991\n|switch|p2a: Terrakion|Terrakion, L79|273/273\n|-damage|p2a: Terrakion|256/273|[from] Stealth Rock\n|turn|14\n|\n|t:|1781379003\n|switch|p1a: Chesnaught|Chesnaught, L84, F|285/285\n|move|p2a: Terrakion|Close Combat|p1a: Chesnaught\n|-damage|p1a: Chesnaught|155/285\n|-unboost|p2a: Terrakion|def|1\n|-unboost|p2a: Terrakion|spd|1\n|-damage|p2a: Terrakion|211/273|[from] item: Rocky Helmet|[of] p1a: Chesnaught\n|-damage|p2a: Terrakion|184/273|[from] item: Life Orb\n|\n|upkeep\n|turn|15\n|\n|t:|1781379013\n|switch|p2a: Banette|Banette, L93, F|243/270 par\n|-damage|p2a: Banette|210/270 par|[from] Stealth Rock\n|move|p1a: Chesnaught|Wood Hammer|p2a: Banette\n|-damage|p2a: Banette|53/270 par\n|-damage|p1a: Chesnaught|103/285|[from] Recoil\n|\n|upkeep\n|turn|16\n|\n|t:|1781379022\n|move|p1a: Chesnaught|Knock Off|p2a: Banette\n|-supereffective|p2a: Banette\n|-damage|p2a: Banette|0 fnt\n|-enditem|p2a: Banette|Life Orb|[from] move: Knock Off|[of] p1a: Chesnaught\n|faint|p2a: Banette\n|\n|upkeep\n|\n|t:|1781379043\n|switch|p2a: Noctowl|Noctowl, L95, M|344/344\n|turn|17\n|\n|t:|1781379054\n|move|p2a: Noctowl|Nasty Plot|p2a: Noctowl\n|-boost|p2a: Noctowl|spa|2\n|move|p1a: Chesnaught|Body Press|p2a: Noctowl\n|-damage|p2a: Noctowl|217/344\n|\n|upkeep\n|turn|18\n|\n|t:|1781379064\n|move|p2a: Noctowl|Nasty Plot|p2a: Noctowl\n|-boost|p2a: Noctowl|spa|2\n|move|p1a: Chesnaught|Body Press|p2a: Noctowl\n|-damage|p2a: Noctowl|78/344\n|\n|upkeep\n|turn|19\n|\n|t:|1781379073\n|move|p2a: Noctowl|Hyper Voice|p1a: Chesnaught\n|-damage|p1a: Chesnaught|0 fnt\n|faint|p1a: Chesnaught\n|\n|upkeep\n|\n|t:|1781379087\n|switch|p1a: Regieleki|Regieleki, L79|256/256\n|turn|20\n|\n|t:|1781379099\n|switch|p1a: Dudunsparce|Dudunsparce-Three-Segment, L83, F|343/343\n|move|p2a: Noctowl|Hyper Voice|p1a: Dudunsparce\n|-damage|p1a: Dudunsparce|0 fnt\n|faint|p1a: Dudunsparce\n|\n|upkeep\n|\n|t:|1781379113\n|switch|p1a: Regieleki|Regieleki, L79|256/256\n|turn|21\n|\n|t:|1781379121\n|move|p1a: Regieleki|Thunderbolt|p2a: Noctowl\n|-supereffective|p2a: Noctowl\n|-damage|p2a: Noctowl|0 fnt\n|faint|p2a: Noctowl\n|\n|upkeep\n|\n|t:|1781379125\n|switch|p2a: Terrakion|Terrakion, L79|184/273\n|-damage|p2a: Terrakion|167/273|[from] Stealth Rock\n|turn|22\n|\n|t:|1781379130\n|-terastallize|p2a: Terrakion|Ground\n|move|p1a: Regieleki|Volt Switch|p2a: Terrakion\n|-immune|p2a: Terrakion\n|move|p2a: Terrakion|Earthquake|p1a: Regieleki\n|-supereffective|p1a: Regieleki\n|-damage|p1a: Regieleki|0 fnt\n|faint|p1a: Regieleki\n|-damage|p2a: Terrakion|140/273|[from] item: Life Orb\n|\n|upkeep\n|\n|t:|1781379135\n|switch|p1a: Glastrier|Glastrier, L86|230/312 par\n|turn|23\n|\n|t:|1781379143\n|move|p2a: Terrakion|Close Combat|p1a: Glastrier\n|-supereffective|p1a: Glastrier\n|-damage|p1a: Glastrier|0 fnt\n|-unboost|p2a: Terrakion|def|1\n|-unboost|p2a: Terrakion|spd|1\n|faint|p1a: Glastrier\n|-damage|p2a: Terrakion|113/273|[from] item: Life Orb\n|\n|upkeep\n|\n|t:|1781379147\n|switch|p1a: Blissey|Blissey, L85, F|560/572\n|turn|24\n|\n|t:|1781379159\n|move|p2a: Terrakion|Swords Dance|p2a: Terrakion\n|-boost|p2a: Terrakion|atk|2\n|move|p1a: Blissey|Seismic Toss|p2a: Terrakion\n|-damage|p2a: Terrakion|28/273\n|\n|-heal|p1a: Blissey|572/572|[from] item: Leftovers\n|upkeep\n|turn|25\n|\n|t:|1781379166\n|move|p2a: Terrakion|Close Combat|p1a: Blissey\n|-supereffective|p1a: Blissey\n|-damage|p1a: Blissey|0 fnt\n|-unboost|p2a: Terrakion|def|1\n|-unboost|p2a: Terrakion|spd|1\n|faint|p1a: Blissey\n|-damage|p2a: Terrakion|1/273|[from] item: Life Orb\n|\n|win|bot17334\n|raw|EduArdo1516's rating: 2030 &rarr; <strong>2008</strong><br />(-22 for losing)\n|raw|bot17334's rating: 1998 &rarr; <strong>2020</strong><br />(+22 for winning)\n", "inputlog": ">version a8376a258c1d4662feba110a92103f3664a72141\n>start {\"formatid\":\"gen9randombattle\",\"seed\":\"sodium,19a9fd3c8928b6180fcbd9f3a4cc334f\",\"rated\":\"Rated battle\"}\n>player p1 {\"name\":\"EduArdo1516\",\"avatar\":\"102\",\"rating\":2030,\"seed\":\"sodium,2ef07729d0d2c9009f7dc88df2e7f58a\"}\n>player p2 {\"name\":\"bot17334\",\"avatar\":\"169\",\"rating\":1998,\"seed\":\"sodium,483672ea31cde4b14671724b3182aac6\"}\n>p1 switch 4\n>p2 move superfang\n>p1 move swordsdance\n>p2 move uturn\n>p2 switch 3\n>p1 move heatcrash terastallize\n>p2 move poltergeist\n>p2 switch 6\n>p1 switch 4\n>p2 move hypervoice\n>p1 move stealthrock\n>p2 switch 5\n>p1 move thunderwave\n>p2 move thunderwave\n>p1 switch 4\n>p2 move gunkshot\n>p1 move heatcrash\n>p2 move shadowsneak\n>p1 switch 5\n>p1 move knockoff\n>p2 switch 4\n>p1 switch 2\n>p2 move thunderwave\n>p1 move highhorsepower\n>p2 move playrough\n>p1 move heavyslam\n>p2 move playrough\n>p2 switch 3\n>p1 move highhorsepower\n>p2 move superfang\n>chat \u2606bot17334|rip\n>p2 switch 2\n>p1 switch 2\n>p2 move closecombat\n>p1 move woodhammer\n>p2 switch 4\n>p1 move knockoff\n>p2 move gunkshot\n>p2 switch 5\n>p1 move bodypress\n>p2 move nastyplot\n>p1 move bodypress\n>p2 move nastyplot\n>p1 move bodypress\n>p2 move hypervoice\n>p1 switch 6\n>p1 switch 3\n>p2 move hypervoice\n>p1 switch 3\n>p1 move thunderbolt\n>p2 move hypervoice\n>p2 switch 4\n>p1 move voltswitch\n>p2 move earthquake terastallize\n>p1 switch 2\n>p1 move iciclecrash\n>p2 move closecombat\n>p1 switch 4\n>p1 move seismictoss\n>p2 move swordsdance\n>p1 move seismictoss\n>p2 move closecombat", "uploadtime": 1781378788, "views": 8, "formatid": "gen9randombattle", "rating": 2008, "private": 0, "password": null}