{"id": "gen9randombattle-2631400133", "format": "[Gen 9] Random Battle", "players": ["TY SM MY GUY", "Usummega"], "log": "|j|\u2606TY SM MY GUY\n|j|\u2606Usummega\n|t:|1781380105\n|gametype|singles\n|player|p1|TY SM MY GUY|hoopster|2259\n|player|p2|Usummega|maxie-gen6|2354\n|gen|9\n|tier|[Gen 9] Random Battle\n|rated|\n|rule|Species Clause: Limit one of each Pok\u00e9mon\n|rule|HP Percentage Mod: HP is shown in percentages\n|rule|Sleep Clause Mod: Limit one foe put to sleep\n|rule|Illusion Level Mod: Illusion disguises the Pok\u00e9mon's true level\n|\n|t:|1781380105\n|teamsize|p1|6\n|teamsize|p2|6\n|start\n|switch|p1a: Iron Valiant|Iron Valiant, L78|244/244\n|switch|p2a: Lumineon|Lumineon, L93, M|279/279\n|turn|1\n|\n|t:|1781380134\n|move|p1a: Iron Valiant|Calm Mind|p1a: Iron Valiant\n|-boost|p1a: Iron Valiant|spa|1\n|-boost|p1a: Iron Valiant|spd|1\n|move|p2a: Lumineon|Hydro Pump|p1a: Iron Valiant\n|-damage|p1a: Iron Valiant|147/244\n|\n|upkeep\n|turn|2\n|\n|t:|1781380142\n|switch|p2a: Camerupt|Camerupt, L91, M|275/275\n|move|p1a: Iron Valiant|Moonblast|p2a: Camerupt\n|-resisted|p2a: Camerupt\n|-damage|p2a: Camerupt|178/275\n|-unboost|p2a: Camerupt|spa|1\n|-damage|p1a: Iron Valiant|123/244|[from] item: Life Orb\n|\n|-heal|p2a: Camerupt|195/275|[from] item: Leftovers\n|upkeep\n|turn|3\n|\n|t:|1781380150\n|-end|p1a: Iron Valiant|Quark Drive|[silent]\n|switch|p1a: Flygon|Flygon, L82, M|265/265\n|move|p2a: Camerupt|Earthquake|p1a: Flygon\n|-immune|p1a: Flygon|[from] ability: Levitate\n|\n|-heal|p2a: Camerupt|212/275|[from] item: Leftovers\n|upkeep\n|turn|4\n|\n|t:|1781380168\n|switch|p2a: Trevenant|Trevenant, L89, F|296/296\n|move|p1a: Flygon|Dragon Dance|p1a: Flygon\n|-boost|p1a: Flygon|atk|1\n|-boost|p1a: Flygon|spe|1\n|\n|upkeep\n|turn|5\n|\n|t:|1781380180\n|switch|p1a: Scream Tail|Scream Tail, L84|330/330\n|move|p2a: Trevenant|Poltergeist|p1a: Scream Tail\n|-activate|p1a: Scream Tail|move: Poltergeist|Leftovers\n|-supereffective|p1a: Scream Tail\n|-damage|p1a: Scream Tail|58/330\n|\n|-heal|p1a: Scream Tail|78/330|[from] item: Leftovers\n|upkeep\n|turn|6\n|\n|t:|1781380186\n|move|p1a: Scream Tail|Wish|p1a: Scream Tail\n|move|p2a: Trevenant|Poltergeist|p1a: Scream Tail\n|-activate|p1a: Scream Tail|move: Poltergeist|Leftovers\n|-supereffective|p1a: Scream Tail\n|-damage|p1a: Scream Tail|0 fnt\n|faint|p1a: Scream Tail\n|-end|p1a: Scream Tail|Protosynthesis|[silent]\n|\n|upkeep\n|\n|t:|1781380190\n|switch|p1a: Bombirdier|Bombirdier, L85, F|258/258\n|turn|7\n|\n|t:|1781380229\n|switch|p2a: Lumineon|Lumineon, L93, M|279/279\n|move|p1a: Bombirdier|Knock Off|p2a: Lumineon\n|-damage|p2a: Lumineon|171/279\n|-enditem|p2a: Lumineon|Heavy-Duty Boots|[from] move: Knock Off|[of] p1a: Bombirdier\n|\n|upkeep\n|turn|8\n|\n|t:|1781380241\n|switch|p1a: Vaporeon|Vaporeon, L86, M|364/364\n|move|p2a: Lumineon|Hydro Pump|p1a: Vaporeon\n|-immune|p1a: Vaporeon|[from] ability: Water Absorb\n|\n|upkeep\n|turn|9\n|\n|t:|1781380250\n|move|p2a: Lumineon|Ice Beam|p1a: Vaporeon\n|-resisted|p1a: Vaporeon\n|-damage|p1a: Vaporeon|334/364\n|move|p1a: Vaporeon|Wish|p1a: Vaporeon\n|\n|-heal|p1a: Vaporeon|356/364|[from] item: Leftovers\n|upkeep\n|turn|10\n|\n|t:|1781380255\n|switch|p1a: Iron Valiant|Iron Valiant, L78|123/244\n|move|p2a: Lumineon|Hydro Pump|p1a: Iron Valiant\n|-damage|p1a: Iron Valiant|0 fnt\n|faint|p1a: Iron Valiant\n|-end|p1a: Iron Valiant|Quark Drive|[silent]\n|\n|upkeep\n|\n|t:|1781380265\n|switch|p1a: Bombirdier|Bombirdier, L85, F|258/258\n|turn|11\n|\n|t:|1781380273\n|move|p2a: Lumineon|Hydro Pump|p1a: Bombirdier|[miss]\n|-miss|p2a: Lumineon|p1a: Bombirdier\n|move|p1a: Bombirdier|Brave Bird|p2a: Lumineon\n|-damage|p2a: Lumineon|35/279\n|-damage|p1a: Bombirdier|213/258|[from] Recoil\n|\n|upkeep\n|turn|12\n|\n|t:|1781380282\n|move|p2a: Lumineon|Hydro Pump|p1a: Bombirdier\n|-damage|p1a: Bombirdier|104/258\n|move|p1a: Bombirdier|Brave Bird|p2a: Lumineon\n|-damage|p2a: Lumineon|0 fnt\n|faint|p2a: Lumineon\n|-damage|p1a: Bombirdier|92/258|[from] Recoil\n|\n|upkeep\n|\n|t:|1781380288\n|switch|p2a: Weavile|Weavile, L79, M|240/240\n|turn|13\n|\n|t:|1781380294\n|switch|p1a: Vaporeon|Vaporeon, L86, M|356/364\n|move|p2a: Weavile|Triple Axel|p1a: Vaporeon\n|-resisted|p1a: Vaporeon\n|-damage|p1a: Vaporeon|341/364\n|-hitcount|p1a: Vaporeon|1\n|\n|-heal|p1a: Vaporeon|363/364|[from] item: Leftovers\n|upkeep\n|turn|14\n|\n|t:|1781380304\n|switch|p2a: Trevenant|Trevenant, L89, F|296/296\n|move|p1a: Vaporeon|Scald|p2a: Trevenant\n|-resisted|p2a: Trevenant\n|-damage|p2a: Trevenant|246/296\n|\n|-heal|p1a: Vaporeon|364/364|[from] item: Leftovers\n|upkeep\n|turn|15\n|\n|t:|1781380312\n|move|p1a: Vaporeon|Protect|p1a: Vaporeon\n|-singleturn|p1a: Vaporeon|Protect\n|move|p2a: Trevenant|Toxic|p1a: Vaporeon\n|-activate|p1a: Vaporeon|move: Protect\n|\n|upkeep\n|turn|16\n|\n|t:|1781380318\n|switch|p1a: Clodsire|Clodsire, L81, F|343/343\n|move|p2a: Trevenant|Poltergeist|p1a: Clodsire\n|-activate|p1a: Clodsire|move: Poltergeist|Leftovers\n|-damage|p1a: Clodsire|141/343\n|\n|-heal|p1a: Clodsire|162/343|[from] item: Leftovers\n|upkeep\n|turn|17\n|\n|t:|1781380324\n|switch|p1a: Bombirdier|Bombirdier, L85, F|92/258\n|move|p2a: Trevenant|Poltergeist|p1a: Bombirdier\n|-activate|p1a: Bombirdier|move: Poltergeist|Heavy-Duty Boots\n|-resisted|p1a: Bombirdier\n|-damage|p1a: Bombirdier|18/258\n|\n|upkeep\n|turn|18\n|\n|t:|1781380347\n|switch|p2a: Mandibuzz|Mandibuzz, L85, F|326/326\n|move|p1a: Bombirdier|Knock Off|p2a: Mandibuzz\n|-resisted|p2a: Mandibuzz\n|-damage|p2a: Mandibuzz|275/326\n|-enditem|p2a: Mandibuzz|Heavy-Duty Boots|[from] move: Knock Off|[of] p1a: Bombirdier\n|\n|upkeep\n|turn|19\n|\n|t:|1781380352\n|move|p1a: Bombirdier|U-turn|p2a: Mandibuzz\n|-damage|p2a: Mandibuzz|228/326\n|\n|t:|1781380354\n|switch|p1a: Clodsire|Clodsire, L81, F|162/343|[from] U-turn\n|move|p2a: Mandibuzz|U-turn|p1a: Clodsire\n|-resisted|p1a: Clodsire\n|-damage|p1a: Clodsire|136/343\n|\n|t:|1781380358\n|switch|p2a: Trevenant|Trevenant, L89, F|246/296|[from] U-turn\n|\n|-heal|p1a: Clodsire|157/343|[from] item: Leftovers\n|upkeep\n|turn|20\n|\n|t:|1781380362\n|move|p2a: Trevenant|Poltergeist|p1a: Clodsire\n|-activate|p1a: Clodsire|move: Poltergeist|Leftovers\n|-damage|p1a: Clodsire|0 fnt\n|faint|p1a: Clodsire\n|\n|upkeep\n|\n|t:|1781380364\n|switch|p1a: Bombirdier|Bombirdier, L85, F|18/258\n|turn|21\n|\n|t:|1781380368\n|switch|p2a: Mandibuzz|Mandibuzz, L85, F|228/326\n|move|p1a: Bombirdier|Knock Off|p2a: Mandibuzz\n|-resisted|p2a: Mandibuzz\n|-damage|p2a: Mandibuzz|195/326\n|\n|upkeep\n|turn|22\n|\n|t:|1781380377\n|switch|p1a: Flygon|Flygon, L82, M|265/265\n|move|p2a: Mandibuzz|U-turn|p1a: Flygon\n|-damage|p1a: Flygon|218/265\n|\n|t:|1781380387\n|switch|p2a: Trevenant|Trevenant, L89, F|246/296|[from] U-turn\n|\n|upkeep\n|turn|23\n|\n|t:|1781380393\n|move|p1a: Flygon|Dragon Dance|p1a: Flygon\n|-boost|p1a: Flygon|atk|1\n|-boost|p1a: Flygon|spe|1\n|move|p2a: Trevenant|Poltergeist|p1a: Flygon\n|-activate|p1a: Flygon|move: Poltergeist|Lum Berry\n|-damage|p1a: Flygon|62/265\n|\n|upkeep\n|turn|24\n|\n|t:|1781380398\n|move|p1a: Flygon|Outrage|p2a: Trevenant\n|-damage|p2a: Trevenant|54/296\n|-enditem|p2a: Trevenant|Sitrus Berry|[eat]\n|-heal|p2a: Trevenant|128/296|[from] item: Sitrus Berry\n|move|p2a: Trevenant|Drain Punch|p1a: Flygon\n|-damage|p1a: Flygon|0 fnt\n|-heal|p2a: Trevenant|159/296|[from] drain|[of] p1a: Flygon\n|faint|p1a: Flygon\n|\n|-item|p2a: Trevenant|Sitrus Berry|[from] ability: Harvest\n|upkeep\n|-message|TY SM MY GUY forfeited.\n|\n|win|Usummega\n", "inputlog": ">version a8376a258c1d4662feba110a92103f3664a72141\n>start {\"formatid\":\"gen9randombattle\",\"seed\":\"sodium,2086142099df67f5156cccbb1b98d715\",\"rated\":\"Rated battle\"}\n>player p1 {\"name\":\"TY SM MY GUY\",\"avatar\":\"hoopster\",\"rating\":2259,\"seed\":\"sodium,1ac6b6c94e8e304495e8b1f243065a58\"}\n>player p2 {\"name\":\"Usummega\",\"avatar\":\"maxie-gen6\",\"rating\":2354,\"seed\":\"sodium,41a3abdc0261547325185ec28ec9a116\"}\n>p1 move calmmind\n>p2 move hydropump\n>p1 move moonblast\n>p2 switch 4\n>p1 switch 5\n>p2 move earthquake\n>p1 move dragondance\n>p2 switch 3\n>p1 switch 6\n>p2 move poltergeist\n>p1 move wish\n>p2 move poltergeist\n>p1 switch 4\n>p1 move knockoff\n>p2 switch 4\n>p1 switch 3\n>p2 move hydropump\n>p1 move wish\n>p2 move icebeam\n>p1 switch 5\n>p2 move hydropump\n>p1 switch 3\n>p1 move bravebird\n>p2 move hydropump\n>p1 move bravebird\n>p2 move hydropump\n>p2 switch 5\n>p1 switch 5\n>p2 move tripleaxel\n>p1 move scald\n>p2 switch 4\n>p1 move protect\n>p2 move toxic\n>p1 switch 2\n>p2 move poltergeist\n>p1 switch 5\n>p2 move poltergeist\n>p1 move knockoff\n>p2 switch 6\n>p1 move uturn\n>p2 move uturn\n>p1 switch 5\n>p2 switch 6\n>p1 move recover\n>p2 move poltergeist\n>p1 switch 5\n>p1 move knockoff\n>p2 switch 6\n>p1 switch 6\n>p2 move uturn\n>p2 switch 6\n>p1 move dragondance\n>p2 move poltergeist\n>p1 move outrage\n>p2 move drainpunch\n>forcelose p1", "uploadtime": 1781380108, "views": 7, "formatid": "gen9randombattle", "rating": null, "private": 0, "password": null}