{"id": "gen9randombattle-2631428014", "format": "[Gen 9] Random Battle", "players": ["CLS31", "jatrix03"], "log": "|j|\u2606CLS31\n|j|\u2606jatrix03\n|t:|1781383419\n|gametype|singles\n|player|p1|CLS31|101|1452\n|player|p2|jatrix03|266|1497\n|gen|9\n|tier|[Gen 9] Random Battle\n|rated|\n|rule|Species Clause: Limit one of each Pok\u00e9mon\n|rule|HP Percentage Mod: HP is shown in percentages\n|rule|Sleep Clause Mod: Limit one foe put to sleep\n|rule|Illusion Level Mod: Illusion disguises the Pok\u00e9mon's true level\n|\n|t:|1781383419\n|teamsize|p1|6\n|teamsize|p2|6\n|start\n|switch|p1a: Enamorus|Enamorus-Therian, L83, F|259/259\n|switch|p2a: Ambipom|Ambipom, L84, F|263/263\n|turn|1\n|inactive|Battle timer is ON: inactive players will automatically lose when time's up. (requested by CLS31)\n|\n|t:|1781383447\n|switch|p1a: Regigigas|Regigigas, L84|322/322\n|-start|p1a: Regigigas|ability: Slow Start\n|move|p2a: Ambipom|Triple Axel|p1a: Regigigas\n|-damage|p1a: Regigigas|292/322\n|-damage|p1a: Regigigas|241/322\n|-hitcount|p1a: Regigigas|2\n|\n|-heal|p1a: Regigigas|261/322|[from] item: Leftovers\n|upkeep\n|turn|2\n|\n|t:|1781383459\n|switch|p2a: Conkeldurr|Conkeldurr, L80, F|299/299\n|move|p1a: Regigigas|Substitute|p1a: Regigigas\n|-start|p1a: Regigigas|Substitute\n|-damage|p1a: Regigigas|181/322\n|\n|-heal|p1a: Regigigas|201/322|[from] item: Leftovers\n|-status|p2a: Conkeldurr|brn|[from] item: Flame Orb\n|upkeep\n|turn|3\n|\n|t:|1781383472\n|move|p1a: Regigigas|Protect|p1a: Regigigas\n|-singleturn|p1a: Regigigas|Protect\n|move|p2a: Conkeldurr|Knock Off|p1a: Regigigas\n|-activate|p1a: Regigigas|move: Protect\n|\n|-heal|p1a: Regigigas|221/322|[from] item: Leftovers\n|-damage|p2a: Conkeldurr|281/299 brn|[from] brn\n|upkeep\n|turn|4\n|\n|t:|1781383483\n|move|p2a: Conkeldurr|Facade|p1a: Regigigas\n|-end|p1a: Regigigas|Substitute\n|move|p1a: Regigigas|Body Slam|p2a: Conkeldurr\n|-damage|p2a: Conkeldurr|211/299 brn\n|\n|-heal|p1a: Regigigas|241/322|[from] item: Leftovers\n|-damage|p2a: Conkeldurr|193/299 brn|[from] brn\n|upkeep\n|turn|5\n|\n|t:|1781383497\n|move|p1a: Regigigas|Protect|p1a: Regigigas\n|-singleturn|p1a: Regigigas|Protect\n|move|p2a: Conkeldurr|Facade|p1a: Regigigas\n|-activate|p1a: Regigigas|move: Protect\n|\n|-heal|p1a: Regigigas|261/322|[from] item: Leftovers\n|-damage|p2a: Conkeldurr|175/299 brn|[from] brn\n|upkeep\n|turn|6\n|\n|t:|1781383517\n|switch|p1a: Annihilape|Annihilape, L76, M|292/292\n|move|p2a: Conkeldurr|Knock Off|p1a: Annihilape\n|-damage|p1a: Annihilape|148/292\n|-enditem|p1a: Annihilape|Leftovers|[from] move: Knock Off|[of] p2a: Conkeldurr\n|\n|-damage|p2a: Conkeldurr|157/299 brn|[from] brn\n|upkeep\n|turn|7\n|\n|t:|1781383535\n|move|p1a: Annihilape|Rage Fist|p2a: Conkeldurr\n|-damage|p2a: Conkeldurr|54/299 brn\n|move|p2a: Conkeldurr|Knock Off|p1a: Annihilape\n|-damage|p1a: Annihilape|54/292\n|\n|-damage|p2a: Conkeldurr|36/299 brn|[from] brn\n|upkeep\n|turn|8\n|inactive|jatrix03 has 120 seconds left.\n|\n|t:|1781383562\n|switch|p2a: Ambipom|Ambipom, L84, F|263/263\n|move|p1a: Annihilape|Drain Punch|p2a: Ambipom\n|-supereffective|p2a: Ambipom\n|-damage|p2a: Ambipom|81/263\n|-heal|p1a: Annihilape|145/292|[from] drain|[of] p2a: Ambipom\n|\n|upkeep\n|turn|9\n|inactive|jatrix03 has 120 seconds left.\n|\n|t:|1781383575\n|move|p2a: Ambipom|Knock Off|p1a: Annihilape\n|-damage|p1a: Annihilape|64/292\n|move|p1a: Annihilape|Drain Punch|p2a: Ambipom\n|-supereffective|p2a: Ambipom\n|-damage|p2a: Ambipom|0 fnt\n|-heal|p1a: Annihilape|105/292|[from] drain|[of] p2a: Ambipom\n|faint|p2a: Ambipom\n|\n|upkeep\n|inactive|jatrix03 has 120 seconds left.\n|\n|t:|1781383583\n|switch|p2a: Cresselia|Cresselia, L80, F|323/323\n|turn|10\n|\n|t:|1781383596\n|switch|p1a: Weavile|Weavile, L79, M|239/239\n|move|p2a: Cresselia|Psyshock|p1a: Weavile\n|-immune|p1a: Weavile\n|\n|upkeep\n|turn|11\n|\n|t:|1781383606\n|switch|p2a: Conkeldurr|Conkeldurr, L80, F|36/299 brn\n|move|p1a: Weavile|Knock Off|p2a: Conkeldurr\n|-resisted|p2a: Conkeldurr\n|-damage|p2a: Conkeldurr|0 fnt\n|-enditem|p2a: Conkeldurr|Flame Orb|[from] move: Knock Off|[of] p1a: Weavile\n|faint|p2a: Conkeldurr\n|\n|upkeep\n|\n|t:|1781383615\n|switch|p2a: Tinkaton|Tinkaton, L82, F|274/274\n|-ability|p2a: Tinkaton|Mold Breaker\n|turn|12\n|\n|t:|1781383630\n|switch|p1a: Regigigas|Regigigas, L84|261/322\n|-start|p1a: Regigigas|ability: Slow Start\n|move|p2a: Tinkaton|Play Rough|p1a: Regigigas|[miss]\n|-miss|p2a: Tinkaton|p1a: Regigigas\n|\n|-heal|p1a: Regigigas|281/322|[from] item: Leftovers\n|upkeep\n|turn|13\n|\n|t:|1781383653\n|move|p1a: Regigigas|Protect|p1a: Regigigas\n|-singleturn|p1a: Regigigas|Protect\n|move|p2a: Tinkaton|Knock Off|p1a: Regigigas\n|-activate|p1a: Regigigas|move: Protect\n|\n|-heal|p1a: Regigigas|301/322|[from] item: Leftovers\n|upkeep\n|turn|14\n|\n|t:|1781383661\n|move|p2a: Tinkaton|Knock Off|p1a: Regigigas\n|-damage|p1a: Regigigas|252/322\n|-enditem|p1a: Regigigas|Leftovers|[from] move: Knock Off|[of] p2a: Tinkaton\n|move|p1a: Regigigas|Body Slam|p2a: Tinkaton\n|-resisted|p2a: Tinkaton\n|-damage|p2a: Tinkaton|235/274\n|\n|-heal|p2a: Tinkaton|252/274|[from] item: Leftovers\n|upkeep\n|turn|15\n|\n|t:|1781383678\n|move|p2a: Tinkaton|Thunder Wave|p1a: Regigigas|[miss]\n|-miss|p2a: Tinkaton|p1a: Regigigas\n|move|p1a: Regigigas|Body Slam|p2a: Tinkaton\n|-resisted|p2a: Tinkaton\n|-damage|p2a: Tinkaton|213/274\n|\n|-heal|p2a: Tinkaton|230/274|[from] item: Leftovers\n|upkeep\n|turn|16\n|\n|t:|1781383688\n|move|p2a: Tinkaton|Thunder Wave|p1a: Regigigas\n|-status|p1a: Regigigas|par\n|move|p1a: Regigigas|Body Slam|p2a: Tinkaton\n|-resisted|p2a: Tinkaton\n|-damage|p2a: Tinkaton|194/274\n|\n|-heal|p2a: Tinkaton|211/274|[from] item: Leftovers\n|upkeep\n|turn|17\n|\n|t:|1781383698\n|move|p2a: Tinkaton|Gigaton Hammer|p1a: Regigigas\n|-damage|p1a: Regigigas|141/322 par\n|move|p1a: Regigigas|Body Slam|p2a: Tinkaton\n|-resisted|p2a: Tinkaton\n|-damage|p2a: Tinkaton|174/274\n|-status|p2a: Tinkaton|par\n|\n|-heal|p2a: Tinkaton|191/274 par|[from] item: Leftovers\n|-end|p1a: Regigigas|Slow Start\n|upkeep\n|turn|18\n|\n|t:|1781383716\n|switch|p2a: Goodra|Goodra, L85, M|292/292\n|move|p1a: Regigigas|Knock Off|p2a: Goodra\n|-damage|p2a: Goodra|181/292\n|-enditem|p2a: Goodra|Assault Vest|[from] move: Knock Off|[of] p1a: Regigigas\n|\n|upkeep\n|turn|19\n|\n|t:|1781383729\n|switch|p1a: Sylveon|Sylveon, L85, M|300/300\n|move|p2a: Goodra|Scald|p1a: Sylveon\n|-damage|p1a: Sylveon|255/300\n|\n|-heal|p1a: Sylveon|273/300|[from] item: Leftovers\n|upkeep\n|turn|20\n|\n|t:|1781383739\n|switch|p2a: Heatran|Heatran, L79, M|273/273\n|-item|p2a: Heatran|Air Balloon\n|move|p1a: Sylveon|Hyper Voice|p2a: Heatran\n|-resisted|p2a: Heatran\n|-damage|p2a: Heatran|243/273\n|-enditem|p2a: Heatran|Air Balloon\n|\n|-heal|p1a: Sylveon|291/300|[from] item: Leftovers\n|upkeep\n|turn|21\n|\n|t:|1781383754\n|switch|p1a: Palafin|Palafin, L77, F|281/281\n|move|p2a: Heatran|Heavy Slam|p1a: Palafin\n|-resisted|p1a: Palafin\n|-damage|p1a: Palafin|218/281\n|\n|upkeep\n|turn|22\n|\n|t:|1781383784\n|detailschange|p1a: Palafin|Palafin-Hero, L77, F\n|switch|p1a: Annihilape|Annihilape, L76, M|105/292\n|-terastallize|p2a: Heatran|Grass\n|move|p2a: Heatran|Lava Plume|p1a: Annihilape\n|-damage|p1a: Annihilape|3/292\n|\n|upkeep\n|turn|23\n|\n|t:|1781383797\n|move|p1a: Annihilape|Drain Punch|p2a: Heatran\n|-crit|p2a: Heatran\n|-damage|p2a: Heatran|144/273\n|-heal|p1a: Annihilape|53/292|[from] drain|[of] p2a: Heatran\n|move|p2a: Heatran|Lava Plume|p1a: Annihilape\n|-damage|p1a: Annihilape|0 fnt\n|faint|p1a: Annihilape\n|\n|upkeep\n|inactive|CLS31 has 120 seconds left.\n|\n|t:|1781383835\n|switch|p1a: Regigigas|Regigigas, L84|141/322 par\n|-start|p1a: Regigigas|ability: Slow Start\n|turn|24\n|\n|t:|1781383844\n|move|p2a: Heatran|Stealth Rock|p1a: Regigigas\n|-sidestart|p1: CLS31|move: Stealth Rock\n|move|p1a: Regigigas|Body Slam|p2a: Heatran\n|-damage|p2a: Heatran|78/273\n|-status|p2a: Heatran|par\n|\n|upkeep\n|turn|25\n|inactive|CLS31 has 120 seconds left.\n|\n|t:|1781383851\n|move|p2a: Heatran|Lava Plume|p1a: Regigigas\n|-damage|p1a: Regigigas|57/322 par\n|move|p1a: Regigigas|Body Slam|p2a: Heatran\n|-damage|p2a: Heatran|20/273 par\n|\n|upkeep\n|turn|26\n|\n|t:|1781383859\n|move|p2a: Heatran|Lava Plume|p1a: Regigigas\n|-damage|p1a: Regigigas|0 fnt\n|faint|p1a: Regigigas\n|-end|p1a: Regigigas|Slow Start|[silent]\n|\n|upkeep\n|inactive|CLS31 has 120 seconds left.\n|\n|t:|1781383890\n|switch|p1a: Weavile|Weavile, L79, M|239/239\n|-damage|p1a: Weavile|180/239|[from] Stealth Rock\n|turn|27\n|\n|t:|1781383907\n|move|p1a: Weavile|Knock Off|p2a: Heatran\n|-crit|p2a: Heatran\n|-damage|p2a: Heatran|0 fnt\n|faint|p2a: Heatran\n|\n|upkeep\n|\n|t:|1781383911\n|switch|p2a: Tinkaton|Tinkaton, L82, F|191/274 par\n|-ability|p2a: Tinkaton|Mold Breaker\n|turn|28\n|\n|t:|1781383921\n|switch|p1a: Sylveon|Sylveon, L85, M|291/300\n|-damage|p1a: Sylveon|254/300|[from] Stealth Rock\n|move|p2a: Tinkaton|Gigaton Hammer|p1a: Sylveon\n|-supereffective|p1a: Sylveon\n|-damage|p1a: Sylveon|0 fnt\n|faint|p1a: Sylveon\n|\n|-heal|p2a: Tinkaton|208/274 par|[from] item: Leftovers\n|upkeep\n|\n|t:|1781383933\n|switch|p1a: Enamorus|Enamorus-Therian, L83, F|259/259\n|-damage|p1a: Enamorus|195/259|[from] Stealth Rock\n|turn|29\n|\n|t:|1781383951\n|switch|p2a: Cresselia|Cresselia, L80, F|323/323\n|move|p1a: Enamorus|Agility|p1a: Enamorus\n|-boost|p1a: Enamorus|spe|2\n|\n|upkeep\n|turn|30\n|\n|t:|1781383960\n|move|p1a: Enamorus|Moonblast|p2a: Cresselia\n|-damage|p2a: Cresselia|217/323\n|move|p2a: Cresselia|Calm Mind|p2a: Cresselia\n|-boost|p2a: Cresselia|spa|1\n|-boost|p2a: Cresselia|spd|1\n|\n|-heal|p2a: Cresselia|237/323|[from] item: Leftovers\n|upkeep\n|turn|31\n|inactive|jatrix03 has 120 seconds left.\n|\n|t:|1781384002\n|switch|p1a: Weavile|Weavile, L79, M|180/239\n|-damage|p1a: Weavile|121/239|[from] Stealth Rock\n|switch|p2a: Tinkaton|Tinkaton, L82, F|208/274 par\n|-ability|p2a: Tinkaton|Mold Breaker\n|\n|-heal|p2a: Tinkaton|225/274 par|[from] item: Leftovers\n|upkeep\n|turn|32\n|inactive|jatrix03 has 120 seconds left.\n|\n|t:|1781384021\n|move|p1a: Weavile|Low Kick|p2a: Tinkaton\n|-damage|p2a: Tinkaton|110/274 par\n|move|p2a: Tinkaton|Gigaton Hammer|p1a: Weavile\n|-supereffective|p1a: Weavile\n|-damage|p1a: Weavile|0 fnt\n|faint|p1a: Weavile\n|\n|-heal|p2a: Tinkaton|127/274 par|[from] item: Leftovers\n|upkeep\n|\n|t:|1781384030\n|switch|p1a: Palafin|Palafin-Hero, L77, F|218/281\n|-damage|p1a: Palafin|183/281|[from] Stealth Rock\n|-activate|p1a: Palafin|ability: Zero to Hero\n|turn|33\n|inactive|jatrix03 has 120 seconds left.\n|\n|t:|1781384059\n|move|p1a: Palafin|Wave Crash|p2a: Tinkaton\n|-damage|p2a: Tinkaton|0 fnt\n|faint|p2a: Tinkaton\n|-damage|p1a: Palafin|141/281|[from] Recoil\n|\n|upkeep\n|\n|t:|1781384063\n|switch|p2a: Goodra|Goodra, L85, M|181/292\n|turn|34\n|inactive|jatrix03 has 120 seconds left.\n|\n|t:|1781384070\n|switch|p1a: Enamorus|Enamorus-Therian, L83, F|195/259\n|-damage|p1a: Enamorus|131/259|[from] Stealth Rock\n|move|p2a: Goodra|Sludge Bomb|p1a: Enamorus\n|-supereffective|p1a: Enamorus\n|-damage|p1a: Enamorus|7/259\n|-status|p1a: Enamorus|psn\n|-enditem|p1a: Enamorus|Weakness Policy\n|-boost|p1a: Enamorus|atk|2|[from] item: Weakness Policy\n|-boost|p1a: Enamorus|spa|2|[from] item: Weakness Policy\n|\n|-damage|p1a: Enamorus|0 fnt|[from] psn\n|faint|p1a: Enamorus\n|upkeep\n|inactive|CLS31 has 120 seconds left.\n|-message|CLS31 forfeited.\n|\n|win|jatrix03\n|raw|CLS31's rating: 1452 &rarr; <strong>1435</strong><br />(-17 for losing)\n|raw|jatrix03's rating: 1497 &rarr; <strong>1514</strong><br />(+17 for winning)\n|l|\u2606CLS31\n|player|p1|\n", "inputlog": ">version a8376a258c1d4662feba110a92103f3664a72141\n>start {\"formatid\":\"gen9randombattle\",\"seed\":\"sodium,e5cdf77ab64bd7323f736ff31ed2d667\",\"rated\":\"Rated battle\"}\n>player p1 {\"name\":\"CLS31\",\"avatar\":\"101\",\"rating\":1452,\"seed\":\"sodium,cb2e2025081584b62d895fad669e72e8\"}\n>player p2 {\"name\":\"jatrix03\",\"avatar\":\"266\",\"rating\":1497,\"seed\":\"sodium,d1eb5679cb7c64460dfc750b9e204f35\"}\n>p1 switch 3\n>p2 move tripleaxel\n>p1 move substitute\n>p2 switch 5\n>p1 move protect\n>p2 move knockoff\n>p1 move bodyslam\n>p2 move facade\n>p1 move protect\n>p2 move facade\n>p1 switch 4\n>p2 move knockoff\n>p1 move ragefist\n>p2 move knockoff\n>p1 move drainpunch\n>p2 switch 5\n>p1 move drainpunch\n>p2 move knockoff\n>p2 switch 4\n>p1 switch 6\n>p2 move psyshock\n>p1 move knockoff\n>p2 switch 5\n>p2 switch 2\n>p1 switch 4\n>p2 move playrough\n>p1 move protect\n>p2 move knockoff\n>p1 move bodyslam\n>p2 move knockoff\n>p1 move bodyslam\n>p2 move thunderwave\n>p1 move bodyslam\n>p2 move thunderwave\n>p1 move bodyslam\n>p2 move gigatonhammer\n>p1 move knockoff\n>p2 switch 3\n>p1 switch 2\n>p2 move scald\n>p1 move hypervoice\n>p2 switch 6\n>p1 switch 5\n>p2 move heavyslam\n>p1 switch 6\n>p2 move lavaplume terastallize\n>p1 move drainpunch\n>p2 move lavaplume\n>p1 switch 2\n>p1 move bodyslam\n>p2 move stealthrock\n>p1 move bodyslam\n>p2 move lavaplume\n>p1 move knockoff\n>p2 move lavaplume\n>p1 switch 4\n>p1 move knockoff\n>p2 move lavaplume\n>p2 switch 3\n>p1 switch 5\n>p2 move gigatonhammer\n>p1 switch 3\n>p1 move agility\n>p2 switch 5\n>p1 move moonblast\n>p2 move calmmind\n>p1 switch 5\n>p2 switch 5\n>p1 move lowkick\n>p2 move gigatonhammer\n>p1 switch 6\n>p1 move wavecrash\n>p2 move knockoff\n>p2 switch 6\n>p1 switch 5\n>p2 move sludgebomb\n>forcelose p1", "uploadtime": 1781384088, "views": 9, "formatid": "gen9randombattle", "rating": 1435, "private": 0, "password": null}