{"id": "gen9randombattle-2631397977", "format": "[Gen 9] Random Battle", "players": ["xJetfire", "bellenguer2"], "log": "|j|\u2606xJetfire\n|j|\u2606bellenguer2\n|t:|1781379853\n|gametype|singles\n|player|p1|xJetfire|palmer|1594\n|player|p2|bellenguer2|dawn|1583\n|gen|9\n|tier|[Gen 9] Random Battle\n|rated|\n|rule|Species Clause: Limit one of each Pok\u00e9mon\n|rule|HP Percentage Mod: HP is shown in percentages\n|rule|Sleep Clause Mod: Limit one foe put to sleep\n|rule|Illusion Level Mod: Illusion disguises the Pok\u00e9mon's true level\n|\n|t:|1781379853\n|teamsize|p1|6\n|teamsize|p2|6\n|start\n|switch|p1a: Toxicroak|Toxicroak, L84, F|277/277\n|switch|p2a: Toucannon|Toucannon, L88, M|284/284\n|turn|1\n|\n|t:|1781379919\n|-singleturn|p2a: Toucannon|move: Beak Blast\n|move|p1a: Toxicroak|Gunk Shot|p2a: Toucannon\n|-damage|p2a: Toucannon|97/284\n|-damage|p1a: Toxicroak|250/277|[from] item: Life Orb\n|move|p2a: Toucannon|Beak Blast|p1a: Toxicroak\n|-supereffective|p1a: Toxicroak\n|-damage|p1a: Toxicroak|0 fnt\n|faint|p1a: Toxicroak\n|\n|upkeep\n|inactive|Battle timer is ON: inactive players will automatically lose when time's up. (requested by bellenguer2)\n|\n|t:|1781379946\n|switch|p1a: Oricorio|Oricorio-Pom-Pom, L82, M|257/257\n|turn|2\n|\n|t:|1781379956\n|switch|p2a: Garchomp|Garchomp, L74, M|282/282\n|move|p1a: Oricorio|Revelation Dance|p2a: Garchomp\n|-immune|p2a: Garchomp\n|\n|upkeep\n|turn|3\n|inactive|bellenguer2 has 120 seconds left.\n|\n|t:|1781380003\n|move|p1a: Oricorio|Quiver Dance|p1a: Oricorio\n|-boost|p1a: Oricorio|spa|1\n|-boost|p1a: Oricorio|spd|1\n|-boost|p1a: Oricorio|spe|1\n|move|p2a: Garchomp|Swords Dance|p2a: Garchomp\n|-boost|p2a: Garchomp|atk|2\n|-activate|p1a: Oricorio|ability: Dancer\n|move|p1a: Oricorio|Swords Dance|p1a: Oricorio|[from] ability: Dancer\n|-boost|p1a: Oricorio|atk|2\n|\n|upkeep\n|turn|4\n|\n|t:|1781380021\n|move|p1a: Oricorio|Hurricane|p2a: Garchomp\n|-damage|p2a: Garchomp|80/282\n|-start|p2a: Garchomp|confusion\n|-activate|p2a: Garchomp|confusion\n|move|p2a: Garchomp|Scale Shot|p1a: Oricorio\n|-damage|p1a: Oricorio|193/257\n|-damage|p1a: Oricorio|132/257\n|-damage|p1a: Oricorio|74/257\n|-damage|p1a: Oricorio|10/257\n|-damage|p1a: Oricorio|0 fnt\n|faint|p1a: Oricorio\n|-hitcount|p1: Oricorio|5\n|-unboost|p2a: Garchomp|def|1\n|-boost|p2a: Garchomp|spe|1\n|\n|upkeep\n|inactive|xJetfire has 120 seconds left.\n|\n|t:|1781380039\n|switch|p1a: Dugtrio|Dugtrio, L84, F|196/196\n|turn|5\n|\n|t:|1781380045\n|move|p1a: Dugtrio|Sucker Punch|p2a: Garchomp\n|-damage|p2a: Garchomp|0 fnt\n|-damage|p1a: Dugtrio|172/196|[from] ability: Rough Skin|[of] p2a: Garchomp\n|faint|p2a: Garchomp\n|\n|upkeep\n|inactive|bellenguer2 has 120 seconds left.\n|inactive|bellenguer2 has 90 seconds left.\n|\n|t:|1781380100\n|switch|p2a: Ribombee|Ribombee, L83, M|235/235\n|turn|6\n|\n|t:|1781380111\n|switch|p1a: Ursaring|Ursaring, L84, F|288/288\n|move|p2a: Ribombee|Moonblast|p1a: Ursaring\n|-damage|p1a: Ursaring|180/288\n|\n|-status|p1a: Ursaring|tox|[from] item: Toxic Orb\n|upkeep\n|turn|7\n|inactive|bellenguer2 has 90 seconds left.\n|inactive|bellenguer2 has 60 seconds left.\n|inactive|bellenguer2 has 30 seconds left.\n|inactive|bellenguer2 has 20 seconds left.\n|inactive|bellenguer2 has 15 seconds left.\n|inactive|bellenguer2 has 10 seconds left.\n|inactive|bellenguer2 has 5 seconds left.\n|-message|bellenguer2 lost due to inactivity.\n|\n|win|xJetfire\n|raw|xJetfire's rating: 1594 &rarr; <strong>1613</strong><br />(+19 for winning)\n|raw|bellenguer2's rating: 1583 &rarr; <strong>1564</strong><br />(-19 for losing)\n|l|\u2606xJetfire\n|player|p1|\n", "uploadtime": 1781380267, "views": 8, "formatid": "gen9randombattle", "rating": 1564, "private": 0, "password": null}