{"id": "gen9randombattle-2631710917", "format": "[Gen 9] Random Battle", "players": ["Amadeus Kavladeus", "Green Calf"], "log": "|j|\u2606Amadeus Kavladeus\n|j|\u2606Green Calf\n|t:|1781426447\n|gametype|singles\n|player|p1|Amadeus Kavladeus|1|2025\n|player|p2|Green Calf|266|1929\n|gen|9\n|tier|[Gen 9] Random Battle\n|rated|\n|rule|Species Clause: Limit one of each Pok\u00e9mon\n|rule|HP Percentage Mod: HP is shown in percentages\n|rule|Sleep Clause Mod: Limit one foe put to sleep\n|rule|Illusion Level Mod: Illusion disguises the Pok\u00e9mon's true level\n|\n|t:|1781426447\n|teamsize|p1|6\n|teamsize|p2|6\n|start\n|switch|p1a: Persian|Persian-Alola, L86, F|252/252\n|switch|p2a: Leavanny|Leavanny, L86, F|269/269\n|turn|1\n|inactive|Battle timer is ON: inactive players will automatically lose when time's up. (requested by Green Calf)\n|\n|t:|1781426466\n|move|p1a: Persian|Burning Jealousy|p2a: Leavanny\n|-supereffective|p2a: Leavanny\n|-damage|p2a: Leavanny|30/269\n|-damage|p1a: Persian|227/252|[from] item: Life Orb\n|move|p2a: Leavanny|Sticky Web|p1a: Persian\n|-sidestart|p1: Amadeus Kavladeus|move: Sticky Web\n|\n|upkeep\n|turn|2\n|\n|t:|1781426477\n|move|p1a: Persian|Dark Pulse|p2a: Leavanny\n|-damage|p2a: Leavanny|0 fnt\n|faint|p2a: Leavanny\n|-damage|p1a: Persian|202/252|[from] item: Life Orb\n|\n|upkeep\n|\n|t:|1781426482\n|switch|p2a: Seviper|Seviper, L93, F|287/287\n|turn|3\n|\n|t:|1781426488\n|move|p1a: Persian|Dark Pulse|p2a: Seviper\n|-damage|p2a: Seviper|180/287\n|-damage|p1a: Persian|177/252|[from] item: Life Orb\n|move|p2a: Seviper|Gunk Shot|p1a: Persian\n|-damage|p1a: Persian|75/252\n|\n|-heal|p2a: Seviper|197/287|[from] item: Leftovers\n|upkeep\n|turn|4\n|\n|t:|1781426509\n|move|p1a: Persian|Dark Pulse|p2a: Seviper\n|-damage|p2a: Seviper|72/287\n|-damage|p1a: Persian|50/252|[from] item: Life Orb\n|move|p2a: Seviper|Gunk Shot|p1a: Persian\n|-damage|p1a: Persian|0 fnt\n|faint|p1a: Persian\n|\n|-heal|p2a: Seviper|89/287|[from] item: Leftovers\n|upkeep\n|\n|t:|1781426528\n|switch|p1a: Vivillon|Vivillon-Marine, L83, M|268/268\n|turn|5\n|\n|t:|1781426533\n|move|p1a: Vivillon|Hurricane|p2a: Seviper|[miss]\n|-miss|p1a: Vivillon|p2a: Seviper\n|move|p2a: Seviper|Gunk Shot|p1a: Vivillon\n|-damage|p1a: Vivillon|31/268\n|-status|p1a: Vivillon|psn\n|\n|-heal|p2a: Seviper|106/287|[from] item: Leftovers\n|-damage|p1a: Vivillon|0 fnt|[from] psn\n|faint|p1a: Vivillon\n|upkeep\n|inactive|Amadeus Kavladeus has 120 seconds left.\n|\n|t:|1781426572\n|switch|p1a: Zebstrika|Zebstrika, L87, F|272/272\n|-activate|p1a: Zebstrika|move: Sticky Web\n|-unboost|p1a: Zebstrika|spe|1\n|turn|6\n|\n|t:|1781426577\n|move|p2a: Seviper|Earthquake|p1a: Zebstrika\n|-supereffective|p1a: Zebstrika\n|-damage|p1a: Zebstrika|40/272\n|move|p1a: Zebstrika|High Horsepower|p2a: Seviper\n|-supereffective|p2a: Seviper\n|-damage|p2a: Seviper|0 fnt\n|faint|p2a: Seviper\n|-damage|p1a: Zebstrika|13/272|[from] item: Life Orb\n|\n|upkeep\n|\n|t:|1781426579\n|switch|p2a: Hypno|Hypno, L95, F|315/315\n|turn|7\n|inactive|Amadeus Kavladeus has 120 seconds left.\n|\n|t:|1781426607\n|move|p2a: Hypno|Psychic Noise|p1a: Zebstrika\n|-damage|p1a: Zebstrika|0 fnt\n|faint|p1a: Zebstrika\n|\n|upkeep\n|\n|t:|1781426611\n|switch|p1a: Hoopa|Hoopa-Unbound, L80|259/259\n|-activate|p1a: Hoopa|move: Sticky Web\n|-unboost|p1a: Hoopa|spe|1\n|turn|8\n|\n|t:|1781426615\n|move|p2a: Hypno|Knock Off|p1a: Hoopa\n|-damage|p1a: Hoopa|152/259\n|-enditem|p1a: Hoopa|Assault Vest|[from] move: Knock Off|[of] p2a: Hypno\n|move|p1a: Hoopa|Hyperspace Fury|p2a: Hypno\n|-supereffective|p2a: Hypno\n|-damage|p2a: Hypno|25/315\n|-unboost|p1a: Hoopa|def|1\n|-item|p1a: Hoopa|Leftovers|[from] ability: Magician|[of] p2a: Hypno\n|\n|-heal|p1a: Hoopa|168/259|[from] item: Leftovers\n|upkeep\n|turn|9\n|\n|t:|1781426629\n|move|p2a: Hypno|Knock Off|p1a: Hoopa\n|-damage|p1a: Hoopa|17/259\n|-enditem|p1a: Hoopa|Leftovers|[from] move: Knock Off|[of] p2a: Hypno\n|move|p1a: Hoopa|Hyperspace Fury|p2a: Hypno\n|-supereffective|p2a: Hypno\n|-damage|p2a: Hypno|0 fnt\n|-unboost|p1a: Hoopa|def|1\n|faint|p2a: Hypno\n|\n|upkeep\n|\n|t:|1781426636\n|switch|p2a: Empoleon|Empoleon, L84, M|278/278\n|turn|10\n|\n|t:|1781426640\n|move|p2a: Empoleon|Ice Beam|p1a: Hoopa\n|-damage|p1a: Hoopa|0 fnt\n|faint|p1a: Hoopa\n|\n|upkeep\n|\n|t:|1781426642\n|switch|p1a: Passimian|Passimian, L83, M|302/302\n|-activate|p1a: Passimian|move: Sticky Web\n|-unboost|p1a: Passimian|spe|1\n|-ability|p1a: Passimian|Defiant|boost\n|-boost|p1a: Passimian|atk|2\n|turn|11\n|\n|t:|1781426647\n|move|p2a: Empoleon|Surf|p1a: Passimian\n|-damage|p1a: Passimian|166/302\n|move|p1a: Passimian|Close Combat|p2a: Empoleon\n|-supereffective|p2a: Empoleon\n|-damage|p2a: Empoleon|0 fnt\n|-unboost|p1a: Passimian|def|1\n|-unboost|p1a: Passimian|spd|1\n|faint|p2a: Empoleon\n|\n|upkeep\n|\n|t:|1781426652\n|switch|p2a: Meloetta|Meloetta, L82|298/298\n|turn|12\n|\n|t:|1781426668\n|switch|p1a: Iron Crown|Iron Crown, L78|268/268\n|-activate|p1a: Iron Crown|move: Sticky Web\n|-unboost|p1a: Iron Crown|spe|1\n|move|p2a: Meloetta|Hyper Voice|p1a: Iron Crown\n|-resisted|p1a: Iron Crown\n|-damage|p1a: Iron Crown|214/268\n|\n|-heal|p1a: Iron Crown|230/268|[from] item: Leftovers\n|upkeep\n|turn|13\n|\n|t:|1781426673\n|move|p2a: Meloetta|Calm Mind|p2a: Meloetta\n|-boost|p2a: Meloetta|spa|1\n|-boost|p2a: Meloetta|spd|1\n|move|p1a: Iron Crown|Calm Mind|p1a: Iron Crown\n|-boost|p1a: Iron Crown|spa|1\n|-boost|p1a: Iron Crown|spd|1\n|\n|-heal|p1a: Iron Crown|246/268|[from] item: Leftovers\n|upkeep\n|turn|14\n|\n|t:|1781426683\n|move|p2a: Meloetta|Focus Blast|p1a: Iron Crown|[miss]\n|-miss|p2a: Meloetta|p1a: Iron Crown\n|move|p1a: Iron Crown|Tachyon Cutter|p2a: Meloetta\n|-damage|p2a: Meloetta|255/298\n|-damage|p2a: Meloetta|212/298\n|-hitcount|p2a: Meloetta|2\n|\n|-heal|p2a: Meloetta|230/298|[from] item: Leftovers\n|-heal|p1a: Iron Crown|262/268|[from] item: Leftovers\n|upkeep\n|turn|15\n|\n|t:|1781426690\n|move|p2a: Meloetta|Focus Blast|p1a: Iron Crown\n|-damage|p1a: Iron Crown|176/268\n|move|p1a: Iron Crown|Psyshock|p2a: Meloetta\n|-resisted|p2a: Meloetta\n|-damage|p2a: Meloetta|160/298\n|\n|-heal|p2a: Meloetta|178/298|[from] item: Leftovers\n|-heal|p1a: Iron Crown|192/268|[from] item: Leftovers\n|upkeep\n|turn|16\n|\n|t:|1781426695\n|move|p2a: Meloetta|Calm Mind|p2a: Meloetta\n|-boost|p2a: Meloetta|spa|1\n|-boost|p2a: Meloetta|spd|1\n|move|p1a: Iron Crown|Calm Mind|p1a: Iron Crown\n|-boost|p1a: Iron Crown|spa|1\n|-boost|p1a: Iron Crown|spd|1\n|\n|-heal|p2a: Meloetta|196/298|[from] item: Leftovers\n|-heal|p1a: Iron Crown|208/268|[from] item: Leftovers\n|upkeep\n|turn|17\n|\n|t:|1781426697\n|move|p2a: Meloetta|Calm Mind|p2a: Meloetta\n|-boost|p2a: Meloetta|spa|1\n|-boost|p2a: Meloetta|spd|1\n|move|p1a: Iron Crown|Psyshock|p2a: Meloetta\n|-resisted|p2a: Meloetta\n|-damage|p2a: Meloetta|104/298\n|\n|-heal|p2a: Meloetta|122/298|[from] item: Leftovers\n|-heal|p1a: Iron Crown|224/268|[from] item: Leftovers\n|upkeep\n|turn|18\n|\n|t:|1781426700\n|move|p2a: Meloetta|Psyshock|p1a: Iron Crown\n|-resisted|p1a: Iron Crown\n|-damage|p1a: Iron Crown|163/268\n|move|p1a: Iron Crown|Psyshock|p2a: Meloetta\n|-resisted|p2a: Meloetta\n|-damage|p2a: Meloetta|24/298\n|\n|-heal|p2a: Meloetta|42/298|[from] item: Leftovers\n|-heal|p1a: Iron Crown|179/268|[from] item: Leftovers\n|upkeep\n|turn|19\n|\n|t:|1781426703\n|-terastallize|p2a: Meloetta|Fighting\n|move|p2a: Meloetta|Focus Blast|p1a: Iron Crown\n|-damage|p1a: Iron Crown|14/268\n|-unboost|p1a: Iron Crown|spd|1\n|move|p1a: Iron Crown|Psyshock|p2a: Meloetta\n|-supereffective|p2a: Meloetta\n|-damage|p2a: Meloetta|0 fnt\n|faint|p2a: Meloetta\n|\n|-heal|p1a: Iron Crown|30/268|[from] item: Leftovers\n|upkeep\n|\n|t:|1781426708\n|switch|p2a: Minior|Minior-Orange, L79|224/224\n|-formechange|p2a: Minior|Minior-Meteor||[from] ability: Shields Down\n|turn|20\n|\n|t:|1781426713\n|move|p2a: Minior|Earthquake|p1a: Iron Crown\n|-supereffective|p1a: Iron Crown\n|-damage|p1a: Iron Crown|0 fnt\n|faint|p1a: Iron Crown\n|-end|p1a: Iron Crown|Quark Drive|[silent]\n|\n|upkeep\n|\n|t:|1781426715\n|switch|p1a: Passimian|Passimian, L83, M|166/302\n|-activate|p1a: Passimian|move: Sticky Web\n|-unboost|p1a: Passimian|spe|1\n|-ability|p1a: Passimian|Defiant|boost\n|-boost|p1a: Passimian|atk|2\n|turn|21\n|\n|t:|1781426719\n|-terastallize|p1a: Passimian|Fighting\n|move|p2a: Minior|Shell Smash|p2a: Minior\n|-unboost|p2a: Minior|def|1\n|-unboost|p2a: Minior|spd|1\n|-boost|p2a: Minior|atk|2\n|-boost|p2a: Minior|spa|2\n|-boost|p2a: Minior|spe|2\n|-enditem|p2a: Minior|White Herb\n|-clearnegativeboost|p2a: Minior|[silent]\n|move|p1a: Passimian|Close Combat|p2a: Minior\n|-damage|p2a: Minior|0 fnt\n|-unboost|p1a: Passimian|def|1\n|-unboost|p1a: Passimian|spd|1\n|faint|p2a: Minior\n|\n|win|Amadeus Kavladeus\n", "inputlog": ">version a8376a258c1d4662feba110a92103f3664a72141\n>start {\"formatid\":\"gen9randombattle\",\"seed\":\"sodium,fb822a440f80b16d24f1a097740ec50b\",\"rated\":\"Rated battle\"}\n>player p1 {\"name\":\"Amadeus Kavladeus\",\"avatar\":\"1\",\"rating\":2025,\"seed\":\"sodium,272d4adb6b2b24b770069e1a71906313\"}\n>player p2 {\"name\":\"Green Calf\",\"avatar\":\"266\",\"rating\":1929,\"seed\":\"sodium,9130cf0a97dfe93486d8483988bcf7a9\"}\n>p1 move burningjealousy\n>p2 move stickyweb\n>p1 move darkpulse\n>p2 move bulletseed\n>p2 switch 5\n>p1 move darkpulse\n>p2 move gunkshot\n>p1 move darkpulse\n>p2 move gunkshot\n>p1 switch 3\n>p1 move hurricane\n>p2 move gunkshot\n>p1 switch 2\n>p1 move highhorsepower\n>p2 move earthquake\n>p2 switch 2\n>p1 move supercellslam\n>p2 move psychicnoise\n>p1 switch 5\n>p1 move hyperspacefury\n>p2 move knockoff\n>p1 move hyperspacefury\n>p2 move knockoff\n>p2 switch 4\n>p1 move focusblast\n>p2 move icebeam\n>p1 switch 4\n>p1 move closecombat\n>p2 move surf\n>p2 switch 3\n>p1 switch 6\n>p2 move hypervoice\n>p1 move calmmind\n>p2 move calmmind\n>p1 move tachyoncutter\n>p2 move focusblast\n>p1 move psyshock\n>p2 move focusblast\n>p1 move calmmind\n>p2 move calmmind\n>p1 move psyshock\n>p2 move calmmind\n>p1 move psyshock\n>p2 move psyshock\n>p1 move psyshock\n>p2 move focusblast terastallize\n>p2 switch 6\n>p1 move tachyoncutter\n>p2 move earthquake\n>p1 switch 6\n>p1 move closecombat terastallize\n>p2 move shellsmash", "uploadtime": 1781426449, "views": 4, "formatid": "gen9randombattle", "rating": null, "private": 0, "password": null}