{"id": "gen9randombattle-2631930503", "format": "[Gen 9] Random Battle", "players": ["personanongrattata", "goooze"], "log": "|j|\u2606personanongrattata\n|j|\u2606goooze\n|t:|1781456858\n|gametype|singles\n|player|p1|personanongrattata|youngster-gen4dp|2195\n|player|p2|goooze|sage|2157\n|gen|9\n|tier|[Gen 9] Random Battle\n|rated|\n|rule|Species Clause: Limit one of each Pok\u00e9mon\n|rule|HP Percentage Mod: HP is shown in percentages\n|rule|Sleep Clause Mod: Limit one foe put to sleep\n|rule|Illusion Level Mod: Illusion disguises the Pok\u00e9mon's true level\n|\n|t:|1781456858\n|teamsize|p1|6\n|teamsize|p2|6\n|start\n|switch|p1a: Venusaur|Venusaur, L84, M|272/272\n|switch|p2a: Qwilfish|Qwilfish, L86, F|252/252\n|-ability|p2a: Qwilfish|Intimidate|boost\n|-unboost|p1a: Venusaur|atk|1\n|turn|1\n|inactive|Battle timer is ON: inactive players will automatically lose when time's up. (requested by personanongrattata)\n|\n|t:|1781456872\n|move|p2a: Qwilfish|Flip Turn|p1a: Venusaur\n|-resisted|p1a: Venusaur\n|-damage|p1a: Venusaur|239/272\n|\n|t:|1781456880\n|switch|p2a: Gurdurr|Gurdurr, L85, F|283/283|[from] Flip Turn\n|move|p1a: Venusaur|Sleep Powder|p2a: Gurdurr\n|-status|p2a: Gurdurr|slp|[from] move: Sleep Powder\n|\n|-heal|p1a: Venusaur|256/272|[from] item: Leftovers\n|upkeep\n|turn|2\n|\n|t:|1781456896\n|switch|p2a: Toucannon|Toucannon, L88, M|284/284\n|move|p1a: Venusaur|Leech Seed|p2a: Toucannon|[miss]\n|-miss|p1a: Venusaur|p2a: Toucannon\n|\n|-heal|p1a: Venusaur|272/272|[from] item: Leftovers\n|upkeep\n|turn|3\n|inactive|personanongrattata has 120 seconds left.\n|\n|t:|1781456926\n|switch|p1a: Lanturn|Lanturn, L89, M|367/367\n|move|p2a: Toucannon|Knock Off|p1a: Lanturn\n|-damage|p1a: Lanturn|251/367\n|-enditem|p1a: Lanturn|Heavy-Duty Boots|[from] move: Knock Off|[of] p2a: Toucannon\n|\n|upkeep\n|turn|4\n|\n|t:|1781456940\n|switch|p2a: Garchomp|Garchomp, L74, F|282/282\n|move|p1a: Lanturn|Volt Switch|p2a: Garchomp\n|-immune|p2a: Garchomp\n|\n|upkeep\n|turn|5\n|inactive|personanongrattata has 120 seconds left.\n|\n|t:|1781456972\n|switch|p1a: Venusaur|Venusaur, L84, M|272/272\n|move|p2a: Garchomp|Spikes|p1a: Venusaur\n|-sidestart|p1: personanongrattata|Spikes\n|\n|upkeep\n|turn|6\n|\n|t:|1781456989\n|switch|p2a: Toucannon|Toucannon, L88, M|284/284\n|move|p1a: Venusaur|Leech Seed|p2a: Toucannon\n|-start|p2a: Toucannon|move: Leech Seed\n|\n|-damage|p2a: Toucannon|249/284|[from] Leech Seed|[of] p1a: Venusaur\n|upkeep\n|turn|7\n|inactive|personanongrattata has 120 seconds left.\n|\n|t:|1781457008\n|move|p1a: Venusaur|Substitute|p1a: Venusaur\n|-start|p1a: Venusaur|Substitute\n|-damage|p1a: Venusaur|204/272\n|move|p2a: Toucannon|Boomburst|p1a: Venusaur\n|-damage|p1a: Venusaur|72/272\n|\n|-heal|p1a: Venusaur|89/272|[from] item: Leftovers\n|-damage|p2a: Toucannon|214/284|[from] Leech Seed|[of] p1a: Venusaur\n|-heal|p1a: Venusaur|124/272|[silent]\n|upkeep\n|turn|8\n|inactive|personanongrattata has 120 seconds left.\n|\n|t:|1781457025\n|switch|p1a: Lanturn|Lanturn, L89, M|251/367\n|-damage|p1a: Lanturn|206/367|[from] Spikes\n|move|p2a: Toucannon|Boomburst|p1a: Lanturn\n|-damage|p1a: Lanturn|68/367\n|\n|-damage|p2a: Toucannon|179/284|[from] Leech Seed|[of] p1a: Lanturn\n|-heal|p1a: Lanturn|103/367|[silent]\n|upkeep\n|turn|9\n|\n|t:|1781457034\n|switch|p2a: Gurdurr|Gurdurr, L85, F|283/283 slp\n|move|p1a: Lanturn|Scald|p2a: Gurdurr\n|-damage|p2a: Gurdurr|210/283 slp\n|\n|upkeep\n|turn|10\n|inactive|personanongrattata has 120 seconds left.\n|\n|t:|1781457066\n|move|p1a: Lanturn|Volt Switch|p2a: Gurdurr\n|-damage|p2a: Gurdurr|140/283 slp\n|\n|t:|1781457069\n|switch|p1a: Hoopa|Hoopa-Unbound, L80|259/259|[from] Volt Switch\n|-damage|p1a: Hoopa|227/259|[from] Spikes\n|cant|p2a: Gurdurr|slp\n|\n|upkeep\n|turn|11\n|\n|t:|1781457084\n|-curestatus|p2a: Gurdurr|slp|[msg]\n|move|p2a: Gurdurr|Mach Punch|p1a: Hoopa\n|-damage|p1a: Hoopa|160/259\n|move|p1a: Hoopa|Psychic|p2a: Gurdurr\n|-supereffective|p2a: Gurdurr\n|-damage|p2a: Gurdurr|0 fnt\n|faint|p2a: Gurdurr\n|\n|upkeep\n|inactive|goooze has 120 seconds left.\n|\n|t:|1781457118\n|switch|p2a: Garchomp|Garchomp, L74, F|282/282\n|turn|12\n|\n|t:|1781457126\n|move|p1a: Hoopa|Psychic|p2a: Garchomp\n|-damage|p2a: Garchomp|114/282\n|move|p2a: Garchomp|Outrage|p1a: Hoopa\n|-damage|p1a: Hoopa|0 fnt\n|faint|p1a: Hoopa\n|\n|upkeep\n|inactive|personanongrattata has 120 seconds left.\n|\n|t:|1781457151\n|switch|p1a: Scizor|Scizor, L79, F|240/240\n|-damage|p1a: Scizor|210/240|[from] Spikes\n|turn|13\n|\n|t:|1781457173\n|move|p2a: Garchomp|Outrage|p1a: Scizor|[from] lockedmove\n|-resisted|p1a: Scizor\n|-damage|p1a: Scizor|156/240\n|move|p1a: Scizor|Swords Dance|p1a: Scizor\n|-boost|p1a: Scizor|atk|2\n|\n|upkeep\n|turn|14\n|\n|t:|1781457180\n|move|p1a: Scizor|Bullet Punch|p2a: Garchomp\n|-damage|p2a: Garchomp|0 fnt\n|-damage|p1a: Scizor|126/240|[from] ability: Rough Skin|[of] p2a: Garchomp\n|-damage|p1a: Scizor|86/240|[from] item: Rocky Helmet|[of] p2a: Garchomp\n|faint|p2a: Garchomp\n|-damage|p1a: Scizor|62/240|[from] item: Life Orb\n|\n|upkeep\n|\n|t:|1781457195\n|switch|p2a: Qwilfish|Qwilfish, L86, F|252/252\n|-ability|p2a: Qwilfish|Intimidate|boost\n|-unboost|p1a: Scizor|atk|1\n|turn|15\n|\n|t:|1781457215\n|move|p1a: Scizor|Bullet Punch|p2a: Qwilfish\n|-resisted|p2a: Qwilfish\n|-damage|p2a: Qwilfish|188/252\n|-damage|p1a: Scizor|38/240|[from] item: Life Orb\n|move|p2a: Qwilfish|Flip Turn|p1a: Scizor\n|-damage|p1a: Scizor|0 fnt\n|faint|p1a: Scizor\n|\n|t:|1781457233\n|switch|p2a: Toucannon|Toucannon, L88, M|179/284|[from] Flip Turn\n|\n|upkeep\n|\n|t:|1781457245\n|switch|p1a: Zamazenta|Zamazenta, L71|248/248\n|-damage|p1a: Zamazenta|217/248|[from] Spikes\n|-ability|p1a: Zamazenta|Dauntless Shield|boost\n|-boost|p1a: Zamazenta|def|1\n|turn|16\n|\n|t:|1781457254\n|-singleturn|p2a: Toucannon|move: Beak Blast\n|move|p1a: Zamazenta|Stone Edge|p2a: Toucannon\n|-supereffective|p2a: Toucannon\n|-damage|p2a: Toucannon|0 fnt\n|faint|p2a: Toucannon\n|\n|upkeep\n|\n|t:|1781457260\n|switch|p2a: Qwilfish|Qwilfish, L86, F|188/252\n|-ability|p2a: Qwilfish|Intimidate|boost\n|-unboost|p1a: Zamazenta|atk|1\n|turn|17\n|\n|t:|1781457273\n|move|p1a: Zamazenta|Stone Edge|p2a: Qwilfish|[miss]\n|-miss|p1a: Zamazenta|p2a: Qwilfish\n|move|p2a: Qwilfish|Gunk Shot|p1a: Zamazenta\n|-damage|p1a: Zamazenta|138/248\n|-status|p1a: Zamazenta|psn\n|\n|-damage|p1a: Zamazenta|107/248 psn|[from] psn\n|upkeep\n|turn|18\n|\n|t:|1781457283\n|move|p1a: Zamazenta|Stone Edge|p2a: Qwilfish\n|-crit|p2a: Qwilfish\n|-damage|p2a: Qwilfish|51/252\n|move|p2a: Qwilfish|Gunk Shot|p1a: Zamazenta\n|-damage|p1a: Zamazenta|29/248 psn\n|\n|-damage|p1a: Zamazenta|0 fnt|[from] psn\n|faint|p1a: Zamazenta\n|upkeep\n|\n|t:|1781457291\n|switch|p1a: Tauros|Tauros-Paldea-Combat, L82, M|257/257\n|-damage|p1a: Tauros|225/257|[from] Spikes\n|-ability|p1a: Tauros|Intimidate|boost\n|-unboost|p2a: Qwilfish|atk|1\n|turn|19\n|\n|t:|1781457303\n|switch|p2a: Sylveon|Sylveon, L85, M|300/300\n|move|p1a: Tauros|Bulk Up|p1a: Tauros\n|-boost|p1a: Tauros|atk|1\n|-boost|p1a: Tauros|def|1\n|\n|upkeep\n|turn|20\n|\n|t:|1781457316\n|-terastallize|p2a: Sylveon|Steel\n|move|p1a: Tauros|Iron Head|p2a: Sylveon\n|-resisted|p2a: Sylveon\n|-damage|p2a: Sylveon|230/300\n|-damage|p1a: Tauros|200/257|[from] item: Life Orb\n|cant|p2a: Sylveon|flinch\n|\n|-heal|p2a: Sylveon|248/300|[from] item: Leftovers\n|upkeep\n|turn|21\n|\n|t:|1781457331\n|switch|p2a: Pecharunt|Pecharunt, L77|262/262\n|move|p1a: Tauros|Close Combat|p2a: Pecharunt\n|-immune|p2a: Pecharunt\n|\n|upkeep\n|turn|22\n|\n|t:|1781457338\n|move|p1a: Tauros|Throat Chop|p2a: Pecharunt\n|-supereffective|p2a: Pecharunt\n|-damage|p2a: Pecharunt|116/262\n|-start|p2a: Pecharunt|Throat Chop|[silent]\n|-damage|p1a: Tauros|158/257|[from] item: Rocky Helmet|[of] p2a: Pecharunt\n|-damage|p1a: Tauros|133/257|[from] item: Life Orb\n|move|p2a: Pecharunt|Malignant Chain|p1a: Tauros\n|-damage|p1a: Tauros|25/257\n|\n|upkeep\n|turn|23\n|\n|t:|1781457349\n|switch|p2a: Qwilfish|Qwilfish, L86, F|51/252\n|-ability|p2a: Qwilfish|Intimidate|boost\n|-unboost|p1a: Tauros|atk|1\n|move|p1a: Tauros|Close Combat|p2a: Qwilfish\n|-resisted|p2a: Qwilfish\n|-damage|p2a: Qwilfish|0 fnt\n|-unboost|p1a: Tauros|def|1\n|-unboost|p1a: Tauros|spd|1\n|faint|p2a: Qwilfish\n|-damage|p1a: Tauros|0 fnt|[from] item: Life Orb\n|faint|p1a: Tauros\n|\n|upkeep\n|\n|t:|1781457366\n|switch|p1a: Venusaur|Venusaur, L84, M|124/272\n|switch|p2a: Pecharunt|Pecharunt, L77|116/262\n|-damage|p1a: Venusaur|90/272|[from] Spikes\n|turn|24\n|inactive|goooze has 120 seconds left.\n|\n|t:|1781457390\n|move|p1a: Venusaur|Sleep Powder|p2a: Pecharunt\n|-status|p2a: Pecharunt|slp|[from] move: Sleep Powder\n|cant|p2a: Pecharunt|slp\n|\n|-heal|p1a: Venusaur|107/272|[from] item: Leftovers\n|upkeep\n|turn|25\n|\n|t:|1781457393\n|switch|p2a: Sylveon|Sylveon, L85, M, tera:Steel|248/300\n|move|p1a: Venusaur|Leech Seed|p2a: Sylveon\n|-start|p2a: Sylveon|move: Leech Seed\n|\n|-heal|p1a: Venusaur|124/272|[from] item: Leftovers\n|-heal|p2a: Sylveon|266/300|[from] item: Leftovers\n|-damage|p2a: Sylveon|229/300|[from] Leech Seed|[of] p1a: Venusaur\n|-heal|p1a: Venusaur|161/272|[silent]\n|upkeep\n|turn|26\n|\n|t:|1781457399\n|switch|p1a: Lanturn|Lanturn, L89, M|103/367\n|-damage|p1a: Lanturn|58/367|[from] Spikes\n|move|p2a: Sylveon|Calm Mind|p2a: Sylveon\n|-boost|p2a: Sylveon|spa|1\n|-boost|p2a: Sylveon|spd|1\n|\n|-heal|p2a: Sylveon|247/300|[from] item: Leftovers\n|-damage|p2a: Sylveon|210/300|[from] Leech Seed|[of] p1a: Lanturn\n|-heal|p1a: Lanturn|95/367|[silent]\n|upkeep\n|turn|27\n|\n|t:|1781457404\n|move|p1a: Lanturn|Thunder Wave|p2a: Sylveon\n|-status|p2a: Sylveon|par\n|move|p2a: Sylveon|Hyper Voice|p1a: Lanturn\n|-damage|p1a: Lanturn|0 fnt\n|faint|p1a: Lanturn\n|\n|-heal|p2a: Sylveon|228/300 par|[from] item: Leftovers\n|upkeep\n|\n|t:|1781457406\n|switch|p1a: Venusaur|Venusaur, L84, M|161/272\n|-damage|p1a: Venusaur|127/272|[from] Spikes\n|turn|28\n|\n|t:|1781457410\n|move|p1a: Venusaur|Leech Seed||[still]\n|-fail|p1a: Venusaur\n|cant|p2a: Sylveon|par\n|\n|-heal|p1a: Venusaur|144/272|[from] item: Leftovers\n|-heal|p2a: Sylveon|246/300 par|[from] item: Leftovers\n|-damage|p2a: Sylveon|209/300 par|[from] Leech Seed|[of] p1a: Venusaur\n|-heal|p1a: Venusaur|181/272|[silent]\n|upkeep\n|turn|29\n|\n|t:|1781457416\n|move|p1a: Venusaur|Sludge Bomb|p2a: Sylveon\n|-immune|p2a: Sylveon\n|move|p2a: Sylveon|Wish|p2a: Sylveon\n|\n|-heal|p1a: Venusaur|198/272|[from] item: Leftovers\n|-heal|p2a: Sylveon|227/300 par|[from] item: Leftovers\n|-damage|p2a: Sylveon|190/300 par|[from] Leech Seed|[of] p1a: Venusaur\n|-heal|p1a: Venusaur|235/272|[silent]\n|upkeep\n|turn|30\n|\n|t:|1781457420\n|move|p1a: Venusaur|Sludge Bomb|p2a: Sylveon\n|-immune|p2a: Sylveon\n|move|p2a: Sylveon|Calm Mind|p2a: Sylveon\n|-boost|p2a: Sylveon|spa|1\n|-boost|p2a: Sylveon|spd|1\n|\n|-heal|p2a: Sylveon|300/300 par|[from] move: Wish|[wisher] Sylveon\n|-heal|p1a: Venusaur|252/272|[from] item: Leftovers\n|-damage|p2a: Sylveon|263/300 par|[from] Leech Seed|[of] p1a: Venusaur\n|-heal|p1a: Venusaur|272/272|[silent]\n|upkeep\n|turn|31\n|\n|t:|1781457433\n|move|p1a: Venusaur|Substitute|p1a: Venusaur\n|-start|p1a: Venusaur|Substitute\n|-damage|p1a: Venusaur|204/272\n|move|p2a: Sylveon|Calm Mind|p2a: Sylveon\n|-boost|p2a: Sylveon|spa|1\n|-boost|p2a: Sylveon|spd|1\n|\n|-heal|p1a: Venusaur|221/272|[from] item: Leftovers\n|-heal|p2a: Sylveon|281/300 par|[from] item: Leftovers\n|-damage|p2a: Sylveon|244/300 par|[from] Leech Seed|[of] p1a: Venusaur\n|-heal|p1a: Venusaur|258/272|[silent]\n|upkeep\n|turn|32\n|\n|t:|1781457437\n|move|p1a: Venusaur|Sludge Bomb|p2a: Sylveon\n|-immune|p2a: Sylveon\n|move|p2a: Sylveon|Wish|p2a: Sylveon\n|\n|-heal|p1a: Venusaur|272/272|[from] item: Leftovers\n|-heal|p2a: Sylveon|262/300 par|[from] item: Leftovers\n|-damage|p2a: Sylveon|225/300 par|[from] Leech Seed|[of] p1a: Venusaur\n|upkeep\n|turn|33\n|\n|t:|1781457439\n|move|p1a: Venusaur|Sludge Bomb|p2a: Sylveon\n|-immune|p2a: Sylveon\n|cant|p2a: Sylveon|par\n|\n|-heal|p2a: Sylveon|300/300 par|[from] move: Wish|[wisher] Sylveon\n|-damage|p2a: Sylveon|263/300 par|[from] Leech Seed|[of] p1a: Venusaur\n|upkeep\n|turn|34\n|\n|t:|1781457445\n|move|p1a: Venusaur|Sludge Bomb|p2a: Sylveon\n|-immune|p2a: Sylveon\n|cant|p2a: Sylveon|par\n|\n|-heal|p2a: Sylveon|281/300 par|[from] item: Leftovers\n|-damage|p2a: Sylveon|244/300 par|[from] Leech Seed|[of] p1a: Venusaur\n|upkeep\n|turn|35\n|\n|t:|1781457447\n|move|p1a: Venusaur|Sludge Bomb|p2a: Sylveon\n|-immune|p2a: Sylveon\n|cant|p2a: Sylveon|par\n|\n|-heal|p2a: Sylveon|262/300 par|[from] item: Leftovers\n|-damage|p2a: Sylveon|225/300 par|[from] Leech Seed|[of] p1a: Venusaur\n|upkeep\n|turn|36\n|\n|t:|1781457450\n|move|p1a: Venusaur|Sludge Bomb|p2a: Sylveon\n|-immune|p2a: Sylveon\n|move|p2a: Sylveon|Wish|p2a: Sylveon\n|\n|-heal|p2a: Sylveon|243/300 par|[from] item: Leftovers\n|-damage|p2a: Sylveon|206/300 par|[from] Leech Seed|[of] p1a: Venusaur\n|upkeep\n|turn|37\n|\n|t:|1781457453\n|move|p1a: Venusaur|Sludge Bomb|p2a: Sylveon\n|-immune|p2a: Sylveon\n|cant|p2a: Sylveon|par\n|\n|-heal|p2a: Sylveon|300/300 par|[from] move: Wish|[wisher] Sylveon\n|-damage|p2a: Sylveon|263/300 par|[from] Leech Seed|[of] p1a: Venusaur\n|upkeep\n|turn|38\n|\n|t:|1781457457\n|move|p1a: Venusaur|Sleep Powder||[still]\n|-fail|p1a: Venusaur\n|move|p2a: Sylveon|Calm Mind|p2a: Sylveon\n|-boost|p2a: Sylveon|spa|1\n|-boost|p2a: Sylveon|spd|1\n|\n|-heal|p2a: Sylveon|281/300 par|[from] item: Leftovers\n|-damage|p2a: Sylveon|244/300 par|[from] Leech Seed|[of] p1a: Venusaur\n|upkeep\n|turn|39\n|\n|t:|1781457464\n|move|p1a: Venusaur|Sleep Powder||[still]\n|-fail|p1a: Venusaur\n|move|p2a: Sylveon|Hyper Voice|p1a: Venusaur\n|-resisted|p1a: Venusaur\n|-damage|p1a: Venusaur|107/272\n|\n|-heal|p1a: Venusaur|124/272|[from] item: Leftovers\n|-heal|p2a: Sylveon|262/300 par|[from] item: Leftovers\n|-damage|p2a: Sylveon|225/300 par|[from] Leech Seed|[of] p1a: Venusaur\n|-heal|p1a: Venusaur|161/272|[silent]\n|upkeep\n|turn|40\n|\n|t:|1781457471\n|move|p1a: Venusaur|Sleep Powder||[still]\n|-fail|p1a: Venusaur\n|cant|p2a: Sylveon|par\n|\n|-heal|p1a: Venusaur|178/272|[from] item: Leftovers\n|-heal|p2a: Sylveon|243/300 par|[from] item: Leftovers\n|-damage|p2a: Sylveon|206/300 par|[from] Leech Seed|[of] p1a: Venusaur\n|-heal|p1a: Venusaur|215/272|[silent]\n|upkeep\n|turn|41\n|\n|t:|1781457474\n|move|p1a: Venusaur|Sleep Powder|p2a: Sylveon|[miss]\n|-miss|p1a: Venusaur|p2a: Sylveon\n|move|p2a: Sylveon|Wish|p2a: Sylveon\n|\n|-heal|p1a: Venusaur|232/272|[from] item: Leftovers\n|-heal|p2a: Sylveon|224/300 par|[from] item: Leftovers\n|-damage|p2a: Sylveon|187/300 par|[from] Leech Seed|[of] p1a: Venusaur\n|-heal|p1a: Venusaur|269/272|[silent]\n|upkeep\n|turn|42\n|\n|t:|1781457478\n|move|p1a: Venusaur|Sleep Powder|p2a: Sylveon|[miss]\n|-miss|p1a: Venusaur|p2a: Sylveon\n|move|p2a: Sylveon|Hyper Voice|p1a: Venusaur\n|-resisted|p1a: Venusaur\n|-damage|p1a: Venusaur|89/272\n|\n|-heal|p2a: Sylveon|300/300 par|[from] move: Wish|[wisher] Sylveon\n|-heal|p1a: Venusaur|106/272|[from] item: Leftovers\n|-damage|p2a: Sylveon|263/300 par|[from] Leech Seed|[of] p1a: Venusaur\n|-heal|p1a: Venusaur|143/272|[silent]\n|upkeep\n|turn|43\n|\n|t:|1781457482\n|move|p1a: Venusaur|Sleep Powder||[still]\n|-fail|p1a: Venusaur\n|move|p2a: Sylveon|Hyper Voice|p1a: Venusaur\n|-resisted|p1a: Venusaur\n|-damage|p1a: Venusaur|0 fnt\n|faint|p1a: Venusaur\n|\n|win|goooze\n", "inputlog": ">version a8376a258c1d4662feba110a92103f3664a72141\n>start {\"formatid\":\"gen9randombattle\",\"seed\":\"sodium,3ee97ca1c2b060d8d506f3058cf5179c\",\"rated\":\"Rated battle\"}\n>player p1 {\"name\":\"personanongrattata\",\"avatar\":\"youngster-gen4dp\",\"rating\":2195,\"seed\":\"sodium,09e7ffd8c31c7b97f9e14b9834bd7533\"}\n>player p2 {\"name\":\"goooze\",\"avatar\":\"sage\",\"rating\":2157,\"seed\":\"sodium,060889b652f2ae5dada73295f71a57b5\"}\n>p1 move sleeppowder\n>p2 move flipturn\n>p2 switch 3\n>p1 move leechseed\n>p2 switch 4\n>p1 switch 5\n>p2 move knockoff\n>p1 move voltswitch\n>p2 switch 6\n>p1 switch 5\n>p2 move spikes\n>p1 move leechseed\n>p2 switch 6\n>p1 move substitute\n>p2 move boomburst\n>p1 switch 5\n>p2 move boomburst\n>p1 move scald\n>p2 switch 4\n>p1 move voltswitch\n>p2 move drainpunch\n>p1 switch 4\n>p1 move psychic\n>p2 move machpunch\n>p2 switch 6\n>p1 move psychic\n>p2 move outrage\n>p1 switch 6\n>p1 move swordsdance\n>p2 move outrage\n>p1 move bulletpunch\n>p2 move outrage\n>p2 switch 3\n>p1 move bulletpunch\n>p2 move flipturn\n>p2 switch 4\n>p1 switch 3\n>p1 move stoneedge\n>p2 move beakblast\n>p2 switch 4\n>p1 move stoneedge\n>p2 move gunkshot\n>p1 move stoneedge\n>p2 move gunkshot\n>p1 switch 2\n>p1 move bulkup\n>p2 switch 5\n>p1 move ironhead\n>p2 move hypervoice terastallize\n>p1 move closecombat\n>p2 switch 2\n>p1 move throatchop\n>p2 move malignantchain\n>p1 move closecombat\n>p2 switch 5\n>p1 switch 5\n>p2 switch 5\n>p1 move sleeppowder\n>p2 move shadowball\n>p1 move leechseed\n>p2 switch 2\n>p1 switch 4\n>p2 move calmmind\n>p1 move thunderwave\n>p2 move hypervoice\n>p1 switch 4\n>p1 move leechseed\n>p2 move wish\n>p1 move sludgebomb\n>p2 move wish\n>p1 move sludgebomb\n>p2 move calmmind\n>p1 move substitute\n>p2 move calmmind\n>p1 move sludgebomb\n>p2 move wish\n>p1 move sludgebomb\n>p2 move calmmind\n>p1 move sludgebomb\n>p2 move calmmind\n>p1 move sludgebomb\n>p2 move calmmind\n>p1 move sludgebomb\n>p2 move wish\n>p1 move sludgebomb\n>p2 move calmmind\n>p1 move sleeppowder\n>p2 move calmmind\n>p1 move sleeppowder\n>p2 move hypervoice\n>p1 move sleeppowder\n>p2 move hypervoice\n>p1 move sleeppowder\n>p2 move wish\n>p1 move sleeppowder\n>p2 move hypervoice\n>p1 move sleeppowder\n>p2 move hypervoice", "uploadtime": 1781456860, "views": 6, "formatid": "gen9randombattle", "rating": null, "private": 0, "password": null, "player_dets": [{"name": "personanongrattata", "avatar": "youngster-gen4dp", "rating": 2195, "seed": "sodium,09e7ffd8c31c7b97f9e14b9834bd7533"}, {"name": "goooze", "avatar": "sage", "rating": 2157, "seed": "sodium,060889b652f2ae5dada73295f71a57b5"}], "teams_full": [{"Venusaur": {"name": "Venusaur", "species": "Venusaur", "speciesId": "venusaur", "gender": "M", "shiny": false, "level": 84, "moves": ["leechseed", "substitute", "sleeppowder", "sludgebomb"], "ability": "Chlorophyll", "evs": {"hp": 85, "atk": 0, "def": 85, "spa": 85, "spd": 85, "spe": 85}, "ivs": {"hp": 31, "atk": 0, "def": 31, "spa": 31, "spd": 31, "spe": 31}, "item": "Leftovers", "teraType": "Water", "role": "Bulky Support", "bvs": {"hp": 80, "atk": 82, "def": 83, "spa": 100, "spd": 100, "spe": 80}, "stats": {"hp": 272, "atk": 142, "def": 188, "spa": 216, "spd": 216, "spe": 183}}, "Tauros": {"name": "Tauros", "species": "Tauros-Paldea-Combat", "speciesId": "taurospaldeacombat", "gender": "M", "shiny": false, "level": 82, "moves": ["closecombat", "throatchop", "ironhead", "bulkup"], "ability": "Intimidate", "evs": {"hp": 85, "atk": 85, "def": 85, "spa": 85, "spd": 85, "spe": 85}, "ivs": {"hp": 31, "atk": 31, "def": 31, "spa": 31, "spd": 31, "spe": 31}, "item": "Life Orb", "teraType": "Fighting", "role": "Wallbreaker", "bvs": {"hp": 75, "atk": 110, "def": 105, "spa": 30, "spd": 70, "spe": 100}, "stats": {"hp": 257, "atk": 228, "def": 219, "spa": 96, "spd": 162, "spe": 211}}, "Zamazenta": {"name": "Zamazenta", "species": "Zamazenta", "speciesId": "zamazenta", "gender": "N", "shiny": false, "level": 71, "moves": ["closecombat", "crunch", "stoneedge", "ironhead"], "ability": "Dauntless Shield", "evs": {"hp": 85, "atk": 85, "def": 85, "spa": 85, "spd": 85, "spe": 85}, "ivs": {"hp": 31, "atk": 31, "def": 31, "spa": 31, "spd": 31, "spe": 31}, "item": "Choice Band", "teraType": "Steel", "role": "Bulky Attacker", "bvs": {"hp": 92, "atk": 120, "def": 115, "spa": 80, "spd": 115, "spe": 138}, "stats": {"hp": 248, "atk": 212, "def": 205, "spa": 155, "spd": 205, "spe": 237}}, "Hoopa": {"name": "Hoopa", "species": "Hoopa-Unbound", "speciesId": "hoopaunbound", "gender": "N", "shiny": false, "level": 80, "moves": ["psychic", "focusblast", "trick", "hyperspacefury"], "ability": "Magician", "evs": {"hp": 85, "atk": 85, "def": 85, "spa": 85, "spd": 85, "spe": 85}, "ivs": {"hp": 31, "atk": 31, "def": 31, "spa": 31, "spd": 31, "spe": 31}, "item": "Choice Scarf", "teraType": "Fighting", "role": "Bulky Attacker", "bvs": {"hp": 80, "atk": 160, "def": 60, "spa": 170, "spd": 130, "spe": 80}, "stats": {"hp": 259, "atk": 302, "def": 142, "spa": 318, "spd": 254, "spe": 174}}, "Lanturn": {"name": "Lanturn", "species": "Lanturn", "speciesId": "lanturn", "gender": "M", "shiny": false, "level": 89, "moves": ["scald", "thunderwave", "thunderbolt", "voltswitch"], "ability": "Volt Absorb", "evs": {"hp": 85, "atk": 0, "def": 85, "spa": 85, "spd": 85, "spe": 85}, "ivs": {"hp": 31, "atk": 0, "def": 31, "spa": 31, "spd": 31, "spe": 31}, "item": "Heavy-Duty Boots", "teraType": "Flying", "role": "Fast Support", "bvs": {"hp": 125, "atk": 58, "def": 58, "spa": 76, "spd": 76, "spe": 67}, "stats": {"hp": 367, "atk": 108, "def": 154, "spa": 186, "spd": 186, "spe": 170}}, "Scizor": {"name": "Scizor", "species": "Scizor", "speciesId": "scizor", "gender": "F", "shiny": false, "level": 79, "moves": ["bugbite", "closecombat", "bulletpunch", "swordsdance"], "ability": "Technician", "evs": {"hp": 85, "atk": 85, "def": 85, "spa": 85, "spd": 85, "spe": 85}, "ivs": {"hp": 31, "atk": 31, "def": 31, "spa": 31, "spd": 31, "spe": 31}, "item": "Life Orb", "teraType": "Steel", "role": "Setup Sweeper", "bvs": {"hp": 70, "atk": 130, "def": 100, "spa": 55, "spd": 80, "spe": 65}, "stats": {"hp": 240, "atk": 251, "def": 204, "spa": 132, "spd": 172, "spe": 148}}}, {"Qwilfish": {"name": "Qwilfish", "species": "Qwilfish", "speciesId": "qwilfish", "gender": "F", "shiny": false, "level": 86, "moves": ["painsplit", "gunkshot", "thunderwave", "flipturn"], "ability": "Intimidate", "evs": {"hp": 85, "atk": 85, "def": 85, "spa": 85, "spd": 85, "spe": 85}, "ivs": {"hp": 31, "atk": 31, "def": 31, "spa": 31, "spd": 31, "spe": 31}, "item": "Heavy-Duty Boots", "teraType": "Grass", "role": "Fast Support", "bvs": {"hp": 65, "atk": 95, "def": 85, "spa": 55, "spd": 55, "spe": 85}, "stats": {"hp": 252, "atk": 213, "def": 195, "spa": 144, "spd": 144, "spe": 195}}, "Pecharunt": {"name": "Pecharunt", "species": "Pecharunt", "speciesId": "pecharunt", "gender": "N", "shiny": false, "level": 77, "moves": ["partingshot", "malignantchain", "shadowball", "recover"], "ability": "Poison Puppeteer", "evs": {"hp": 85, "atk": 0, "def": 85, "spa": 85, "spd": 85, "spe": 85}, "ivs": {"hp": 31, "atk": 0, "def": 31, "spa": 31, "spd": 31, "spe": 31}, "item": "Rocky Helmet", "teraType": "Dark", "role": "Bulky Attacker", "bvs": {"hp": 88, "atk": 88, "def": 160, "spa": 88, "spd": 88, "spe": 88}, "stats": {"hp": 262, "atk": 140, "def": 291, "spa": 180, "spd": 180, "spe": 180}}, "Gurdurr": {"name": "Gurdurr", "species": "Gurdurr", "speciesId": "gurdurr", "gender": "F", "shiny": false, "level": 85, "moves": ["drainpunch", "defog", "knockoff", "machpunch"], "ability": "Guts", "evs": {"hp": 85, "atk": 85, "def": 85, "spa": 85, "spd": 85, "spe": 85}, "ivs": {"hp": 31, "atk": 31, "def": 31, "spa": 31, "spd": 31, "spe": 31}, "item": "Eviolite", "teraType": "Steel", "role": "Bulky Attacker", "bvs": {"hp": 85, "atk": 105, "def": 85, "spa": 40, "spd": 50, "spe": 40}, "stats": {"hp": 283, "atk": 227, "def": 193, "spa": 117, "spd": 134, "spe": 117}}, "Toucannon": {"name": "Toucannon", "species": "Toucannon", "speciesId": "toucannon", "gender": "M", "shiny": false, "level": 88, "moves": ["boomburst", "knockoff", "beakblast", "roost"], "ability": "Keen Eye", "evs": {"hp": 85, "atk": 85, "def": 85, "spa": 85, "spd": 85, "spe": 85}, "ivs": {"hp": 31, "atk": 31, "def": 31, "spa": 31, "spd": 31, "spe": 31}, "item": "Heavy-Duty Boots", "teraType": "Steel", "role": "Bulky Support", "bvs": {"hp": 80, "atk": 120, "def": 75, "spa": 75, "spd": 75, "spe": 60}, "stats": {"hp": 284, "atk": 261, "def": 182, "spa": 182, "spd": 182, "spe": 156}}, "Sylveon": {"name": "Sylveon", "species": "Sylveon", "speciesId": "sylveon", "gender": "M", "shiny": false, "level": 85, "moves": ["wish", "protect", "calmmind", "hypervoice"], "ability": "Pixilate", "evs": {"hp": 85, "atk": 0, "def": 85, "spa": 85, "spd": 85, "spe": 85}, "ivs": {"hp": 31, "atk": 0, "def": 31, "spa": 31, "spd": 31, "spe": 31}, "item": "Leftovers", "teraType": "Steel", "role": "Bulky Setup", "bvs": {"hp": 95, "atk": 65, "def": 65, "spa": 110, "spd": 130, "spe": 60}, "stats": {"hp": 300, "atk": 115, "def": 159, "spa": 236, "spd": 270, "spe": 151}}, "Garchomp": {"name": "Garchomp", "species": "Garchomp", "speciesId": "garchomp", "gender": "F", "shiny": false, "level": 74, "moves": ["outrage", "dragontail", "spikes", "earthquake"], "ability": "Rough Skin", "evs": {"hp": 85, "atk": 85, "def": 85, "spa": 85, "spd": 85, "spe": 85}, "ivs": {"hp": 31, "atk": 31, "def": 31, "spa": 31, "spd": 31, "spe": 31}, "item": "Rocky Helmet", "teraType": "Ground", "role": "Fast Support", "bvs": {"hp": 108, "atk": 130, "def": 95, "spa": 80, "spd": 85, "spe": 102}, "stats": {"hp": 282, "atk": 235, "def": 184, "spa": 161, "spd": 169, "spe": 194}}}]}