{"id": "gen9randombattle-2631828628", "format": "[Gen 9] Random Battle", "players": ["Schibi", "joebidenfan1245"], "log": "|j|\u2606Schibi\n|j|\u203djoebidenfan1245\n|t:|1781445363\n|gametype|singles\n|player|p1|Schibi|265|1943\n|player|p2|joebidenfan1245|265|2062\n|gen|9\n|tier|[Gen 9] Random Battle\n|rated|\n|rule|Species Clause: Limit one of each Pok\u00e9mon\n|rule|HP Percentage Mod: HP is shown in percentages\n|rule|Sleep Clause Mod: Limit one foe put to sleep\n|rule|Illusion Level Mod: Illusion disguises the Pok\u00e9mon's true level\n|\n|t:|1781445363\n|teamsize|p1|6\n|teamsize|p2|6\n|start\n|switch|p1a: Veluza|Veluza, L85, F|292/292\n|switch|p2a: Feraligatr|Feraligatr, L79, F|264/264\n|turn|1\n|inactive|Battle timer is ON: inactive players will automatically lose when time's up. (requested by Schibi)\n|\n|t:|1781445383\n|move|p2a: Feraligatr|Dragon Dance|p2a: Feraligatr\n|-boost|p2a: Feraligatr|atk|1\n|-boost|p2a: Feraligatr|spe|1\n|move|p1a: Veluza|Fillet Away|p1a: Veluza\n|-boost|p1a: Veluza|atk|2\n|-boost|p1a: Veluza|spa|2\n|-boost|p1a: Veluza|spe|2\n|-damage|p1a: Veluza|146/292\n|-enditem|p1a: Veluza|Sitrus Berry|[eat]\n|-heal|p1a: Veluza|219/292|[from] item: Sitrus Berry\n|\n|upkeep\n|turn|2\n|\n|t:|1781445390\n|move|p1a: Veluza|Psycho Cut|p2a: Feraligatr\n|-damage|p2a: Feraligatr|53/264\n|move|p2a: Feraligatr|Trailblaze|p1a: Veluza\n|-supereffective|p1a: Veluza\n|-damage|p1a: Veluza|29/292\n|\n|upkeep\n|turn|3\n|\n|t:|1781445402\n|move|p1a: Veluza|Psycho Cut|p2a: Feraligatr\n|-damage|p2a: Feraligatr|0 fnt\n|faint|p2a: Feraligatr\n|\n|upkeep\n|\n|t:|1781445409\n|switch|p2a: Pikachu|Pikachu-Sinnoh, L93, F|216/216\n|turn|4\n|\n|t:|1781445415\n|move|p2a: Pikachu|Fake Out|p1a: Veluza\n|-damage|p1a: Veluza|0 fnt\n|faint|p1a: Veluza\n|\n|upkeep\n|\n|t:|1781445421\n|switch|p1a: Shiftry|Shiftry, L89, F|305/305\n|turn|5\n|\n|t:|1781445429\n|move|p2a: Pikachu|Play Rough|p1a: Shiftry\n|-supereffective|p1a: Shiftry\n|-damage|p1a: Shiftry|59/305\n|move|p1a: Shiftry|Tailwind|p1a: Shiftry\n|-sidestart|p1: Schibi|move: Tailwind\n|-ability|p1a: Shiftry|Wind Rider|boost\n|-boost|p1a: Shiftry|atk|1\n|\n|upkeep\n|turn|6\n|\n|t:|1781445441\n|switch|p2a: Scizor|Scizor, L79, F|240/240\n|move|p1a: Shiftry|Knock Off|p2a: Scizor\n|-damage|p2a: Scizor|40/240\n|-enditem|p2a: Scizor|Leftovers|[from] move: Knock Off|[of] p1a: Shiftry\n|-damage|p1a: Shiftry|29/305|[from] item: Life Orb\n|\n|upkeep\n|turn|7\n|\n|t:|1781445447\n|move|p2a: Scizor|Bullet Punch|p1a: Shiftry\n|-damage|p1a: Shiftry|0 fnt\n|faint|p1a: Shiftry\n|\n|upkeep\n|\n|t:|1781445449\n|switch|p1a: Gurdurr|Gurdurr, L85, M|283/283\n|turn|8\n|\n|t:|1781445456\n|move|p1a: Gurdurr|Bulk Up|p1a: Gurdurr\n|-boost|p1a: Gurdurr|atk|1\n|-boost|p1a: Gurdurr|def|1\n|move|p2a: Scizor|Knock Off|p1a: Gurdurr\n|-resisted|p1a: Gurdurr\n|-damage|p1a: Gurdurr|267/283\n|-enditem|p1a: Gurdurr|Eviolite|[from] move: Knock Off|[of] p2a: Scizor\n|\n|-sideend|p1: Schibi|move: Tailwind\n|upkeep\n|turn|9\n|\n|t:|1781445468\n|move|p2a: Scizor|U-turn|p1a: Gurdurr\n|-resisted|p1a: Gurdurr\n|-damage|p1a: Gurdurr|238/283\n|\n|t:|1781445474\n|switch|p2a: Rotom|Rotom, L88|231/231|[from] U-turn\n|move|p1a: Gurdurr|Drain Punch|p2a: Rotom\n|-immune|p2a: Rotom\n|\n|upkeep\n|turn|10\n|\n|t:|1781445481\n|move|p2a: Rotom|Thunderbolt|p1a: Gurdurr\n|-damage|p1a: Gurdurr|78/283\n|move|p1a: Gurdurr|Knock Off|p2a: Rotom\n|-supereffective|p2a: Rotom\n|-damage|p2a: Rotom|0 fnt\n|-enditem|p2a: Rotom|Choice Scarf|[from] move: Knock Off|[of] p1a: Gurdurr\n|faint|p2a: Rotom\n|\n|upkeep\n|\n|t:|1781445491\n|switch|p2a: Pikachu|Pikachu-Sinnoh, L93, F|216/216\n|turn|11\n|\n|t:|1781445495\n|move|p2a: Pikachu|Fake Out|p1a: Gurdurr\n|-crit|p1a: Gurdurr\n|-damage|p1a: Gurdurr|6/283\n|cant|p1a: Gurdurr|flinch\n|\n|upkeep\n|turn|12\n|\n|t:|1781445498\n|move|p1a: Gurdurr|Mach Punch|p2a: Pikachu\n|-damage|p2a: Pikachu|104/216\n|move|p2a: Pikachu|Surf|p1a: Gurdurr\n|-damage|p1a: Gurdurr|0 fnt\n|faint|p1a: Gurdurr\n|\n|upkeep\n|\n|t:|1781445509\n|switch|p1a: Overqwil|Overqwil, L82, M|274/274\n|-ability|p1a: Overqwil|Intimidate|boost\n|-unboost|p2a: Pikachu|atk|1\n|turn|13\n|\n|t:|1781445518\n|move|p2a: Pikachu|Volt Tackle|p1a: Overqwil\n|-damage|p1a: Overqwil|133/274\n|-damage|p2a: Pikachu|57/216|[from] Recoil\n|move|p1a: Overqwil|Crunch|p2a: Pikachu\n|-damage|p2a: Pikachu|0 fnt\n|faint|p2a: Pikachu\n|-damage|p1a: Overqwil|106/274|[from] item: Life Orb\n|\n|upkeep\n|\n|t:|1781445525\n|switch|p2a: Ambipom|Ambipom, L84, M|263/263\n|turn|14\n|\n|t:|1781445531\n|move|p2a: Ambipom|Double-Edge|p1a: Overqwil\n|-damage|p1a: Overqwil|0 fnt\n|faint|p1a: Overqwil\n|-damage|p2a: Ambipom|228/263|[from] Recoil\n|\n|upkeep\n|\n|t:|1781445536\n|switch|p1a: Volcarona|Volcarona, L77, F|257/257\n|turn|15\n|\n|t:|1781445541\n|move|p2a: Ambipom|Double-Edge|p1a: Volcarona\n|-damage|p1a: Volcarona|0 fnt\n|faint|p1a: Volcarona\n|-damage|p2a: Ambipom|143/263|[from] Recoil\n|\n|upkeep\n|\n|t:|1781445543\n|switch|p1a: Meloetta|Meloetta, L82|298/298\n|turn|16\n|\n|t:|1781445547\n|move|p2a: Ambipom|Double-Edge|p1a: Meloetta\n|-damage|p1a: Meloetta|82/298\n|-damage|p2a: Ambipom|72/263|[from] Recoil\n|move|p1a: Meloetta|Hyper Voice|p2a: Ambipom\n|-damage|p2a: Ambipom|0 fnt\n|faint|p2a: Ambipom\n|\n|-heal|p1a: Meloetta|100/298|[from] item: Leftovers\n|upkeep\n|\n|t:|1781445554\n|switch|p2a: Landorus|Landorus-Therian, L76, M|260/260\n|-ability|p2a: Landorus|Intimidate|boost\n|-unboost|p1a: Meloetta|atk|1\n|turn|17\n|\n|t:|1781445565\n|-terastallize|p1a: Meloetta|Normal\n|move|p1a: Meloetta|Hyper Voice|p2a: Landorus\n|-damage|p2a: Landorus|88/260\n|move|p2a: Landorus|Earthquake|p1a: Meloetta\n|-damage|p1a: Meloetta|0 fnt\n|faint|p1a: Meloetta\n|\n|win|joebidenfan1245\n", "inputlog": ">version a8376a258c1d4662feba110a92103f3664a72141\n>start {\"formatid\":\"gen9randombattle\",\"seed\":\"sodium,ceecaf5fddc79726c62c82c2b785211c\",\"rated\":\"Rated battle\"}\n>player p1 {\"name\":\"Schibi\",\"avatar\":\"265\",\"rating\":1943,\"seed\":\"sodium,f232b1d2509995cf9f3c3c8c958f08e5\"}\n>player p2 {\"name\":\"joebidenfan1245\",\"avatar\":\"265\",\"rating\":2062,\"seed\":\"sodium,8ab71cbca20769fb71ed839ce179dd34\"}\n>p1 move filletaway\n>p2 move dragondance\n>p1 move psychocut\n>p2 move trailblaze\n>p1 move psychocut\n>p2 move liquidation\n>p2 switch 2\n>p1 move psychocut\n>p2 move fakeout\n>p1 switch 4\n>p1 move tailwind\n>p2 move playrough\n>p1 move knockoff\n>p2 switch 4\n>p1 move knockoff\n>p2 move bulletpunch\n>p1 switch 5\n>p1 move bulkup\n>p2 move knockoff\n>p1 move drainpunch\n>p2 move uturn\n>p2 switch 5\n>p1 move knockoff\n>p2 move thunderbolt\n>p2 switch 4\n>p1 move machpunch\n>p2 move fakeout\n>p1 move machpunch\n>p2 move surf\n>p1 switch 2\n>p1 move crunch\n>p2 move volttackle\n>p2 switch 3\n>p1 move crunch\n>p2 move doubleedge\n>p1 switch 6\n>p1 move quiverdance\n>p2 move doubleedge\n>p1 switch 3\n>p1 move hypervoice\n>p2 move doubleedge\n>p2 switch 6\n>p1 move hypervoice terastallize\n>p2 move earthquake", "uploadtime": 1781445365, "views": 5, "formatid": "gen9randombattle", "rating": null, "private": 0, "password": null}