{"id": "gen9randombattle-2631575398", "format": "[Gen 9] Random Battle", "players": ["ChiiMew151", "YOYILANG2"], "log": "|j|\u2606ChiiMew151\n|j|\u2606YOYILANG2\n|t:|1781403447\n|gametype|singles\n|player|p1|ChiiMew151|hilbert-wonderlauncher|1931\n|player|p2|YOYILANG2|2|1932\n|gen|9\n|tier|[Gen 9] Random Battle\n|rated|\n|rule|Species Clause: Limit one of each Pok\u00e9mon\n|rule|HP Percentage Mod: HP is shown in percentages\n|rule|Sleep Clause Mod: Limit one foe put to sleep\n|rule|Illusion Level Mod: Illusion disguises the Pok\u00e9mon's true level\n|\n|t:|1781403447\n|teamsize|p1|6\n|teamsize|p2|6\n|start\n|switch|p1a: Quaquaval|Quaquaval, L79, F|264/264\n|switch|p2a: Landorus|Landorus-Therian, L76, M|260/260\n|-ability|p2a: Landorus|Intimidate|boost\n|-unboost|p1a: Quaquaval|atk|1\n|turn|1\n|inactive|Battle timer is ON: inactive players will automatically lose when time's up. (requested by ChiiMew151)\n|\n|t:|1781403466\n|switch|p2a: Hippowdon|Hippowdon, L82, M, shiny|311/311\n|-weather|Sandstorm|[from] ability: Sand Stream|[of] p2a: Hippowdon\n|move|p1a: Quaquaval|Aqua Step|p2a: Hippowdon\n|-supereffective|p2a: Hippowdon\n|-damage|p2a: Hippowdon|191/311\n|-boost|p1a: Quaquaval|spe|1\n|-damage|p1a: Quaquaval|238/264|[from] item: Life Orb\n|\n|-weather|Sandstorm|[upkeep]\n|-damage|p1a: Quaquaval|222/264|[from] Sandstorm\n|-heal|p2a: Hippowdon|210/311|[from] item: Leftovers\n|upkeep\n|turn|2\n|\n|t:|1781403472\n|switch|p1a: Tornadus|Tornadus-Therian, L79, M|254/254\n|move|p2a: Hippowdon|Slack Off|p2a: Hippowdon\n|-heal|p2a: Hippowdon|311/311\n|\n|-weather|Sandstorm|[upkeep]\n|-damage|p1a: Tornadus|239/254|[from] Sandstorm\n|upkeep\n|turn|3\n|\n|t:|1781403476\n|switch|p2a: Magnezone|Magnezone, L85|258/258\n|move|p1a: Tornadus|Grass Knot|p2a: Magnezone\n|-resisted|p2a: Magnezone\n|-damage|p2a: Magnezone|225/258\n|\n|-weather|Sandstorm|[upkeep]\n|-damage|p1a: Tornadus|224/254|[from] Sandstorm\n|-heal|p2a: Magnezone|241/258|[from] item: Leftovers\n|upkeep\n|turn|4\n|\n|t:|1781403485\n|switch|p1a: Lycanroc|Lycanroc-Midnight, L89, F|296/296\n|move|p2a: Magnezone|Iron Defense|p2a: Magnezone\n|-boost|p2a: Magnezone|def|2\n|\n|-weather|Sandstorm|[upkeep]\n|-heal|p2a: Magnezone|257/258|[from] item: Leftovers\n|upkeep\n|turn|5\n|\n|t:|1781403493\n|move|p1a: Lycanroc|Close Combat|p2a: Magnezone\n|-supereffective|p2a: Magnezone\n|-damage|p2a: Magnezone|135/258\n|-unboost|p1a: Lycanroc|def|1\n|-unboost|p1a: Lycanroc|spd|1\n|-damage|p1a: Lycanroc|267/296|[from] item: Life Orb\n|move|p2a: Magnezone|Body Press|p1a: Lycanroc\n|-supereffective|p1a: Lycanroc\n|-damage|p1a: Lycanroc|0 fnt\n|faint|p1a: Lycanroc\n|\n|-weather|none\n|-heal|p2a: Magnezone|151/258|[from] item: Leftovers\n|upkeep\n|\n|t:|1781403498\n|switch|p1a: Houndoom|Houndoom, L87, M|272/272\n|turn|6\n|\n|t:|1781403503\n|switch|p2a: Carbink|Carbink, L90|236/236\n|move|p1a: Houndoom|Fire Blast|p2a: Carbink\n|-resisted|p2a: Carbink\n|-damage|p2a: Carbink|191/236\n|\n|upkeep\n|turn|7\n|\n|t:|1781403507\n|switch|p1a: Quaquaval|Quaquaval, L79, F|222/264\n|move|p2a: Carbink|Moonblast|p1a: Quaquaval\n|-supereffective|p1a: Quaquaval\n|-damage|p1a: Quaquaval|60/264\n|-unboost|p1a: Quaquaval|spa|1\n|\n|upkeep\n|turn|8\n|\n|t:|1781403514\n|move|p1a: Quaquaval|Aqua Step|p2a: Carbink\n|-supereffective|p2a: Carbink\n|-damage|p2a: Carbink|48/236\n|-boost|p1a: Quaquaval|spe|1\n|-damage|p1a: Quaquaval|34/264|[from] item: Life Orb\n|move|p2a: Carbink|Moonblast|p1a: Quaquaval\n|-supereffective|p1a: Quaquaval\n|-damage|p1a: Quaquaval|0 fnt\n|faint|p1a: Quaquaval\n|\n|upkeep\n|\n|t:|1781403522\n|switch|p1a: Tornadus|Tornadus-Therian, L79, M|254/254\n|turn|9\n|\n|t:|1781403528\n|move|p1a: Tornadus|Grass Knot|p2a: Carbink\n|-supereffective|p2a: Carbink\n|-damage|p2a: Carbink|28/236\n|move|p2a: Carbink|Rest|p2a: Carbink\n|-status|p2a: Carbink|slp|[from] move: Rest\n|-heal|p2a: Carbink|236/236 slp|[silent]\n|-enditem|p2a: Carbink|Chesto Berry|[eat]\n|-curestatus|p2a: Carbink|slp|[msg]\n|\n|upkeep\n|turn|10\n|\n|t:|1781403537\n|switch|p1a: Meowscarada|Meowscarada, L78, M|247/247\n|switch|p2a: Magnezone|Magnezone, L85|151/258\n|\n|-heal|p2a: Magnezone|167/258|[from] item: Leftovers\n|upkeep\n|turn|11\n|\n|t:|1781403543\n|switch|p1a: Houndoom|Houndoom, L87, M|272/272\n|move|p2a: Magnezone|Body Press|p1a: Houndoom\n|-supereffective|p1a: Houndoom\n|-damage|p1a: Houndoom|92/272\n|\n|-heal|p2a: Magnezone|183/258|[from] item: Leftovers\n|upkeep\n|turn|12\n|\n|t:|1781403547\n|switch|p2a: Carbink|Carbink, L90|236/236\n|move|p1a: Houndoom|Fire Blast|p2a: Carbink\n|-resisted|p2a: Carbink\n|-damage|p2a: Carbink|192/236\n|\n|upkeep\n|turn|13\n|\n|t:|1781403554\n|switch|p1a: Swalot|Swalot, L90, M|326/326\n|move|p2a: Carbink|Body Press|p1a: Swalot\n|-resisted|p1a: Swalot\n|-damage|p1a: Swalot|279/326\n|\n|-heal|p1a: Swalot|299/326|[from] item: Leftovers\n|upkeep\n|turn|14\n|\n|t:|1781403562\n|switch|p2a: Hippowdon|Hippowdon, L82, M, shiny|311/311\n|-weather|Sandstorm|[from] ability: Sand Stream|[of] p2a: Hippowdon\n|move|p1a: Swalot|Toxic|p2a: Hippowdon\n|-status|p2a: Hippowdon|tox\n|\n|-weather|Sandstorm|[upkeep]\n|-damage|p1a: Swalot|279/326|[from] Sandstorm\n|-heal|p1a: Swalot|299/326|[from] item: Leftovers\n|-damage|p2a: Hippowdon|292/311 tox|[from] psn\n|upkeep\n|turn|15\n|\n|t:|1781403569\n|move|p1a: Swalot|Protect|p1a: Swalot\n|-singleturn|p1a: Swalot|Protect\n|move|p2a: Hippowdon|Stone Edge|p1a: Swalot\n|-activate|p1a: Swalot|move: Protect\n|\n|-weather|Sandstorm|[upkeep]\n|-damage|p1a: Swalot|279/326|[from] Sandstorm\n|-heal|p1a: Swalot|299/326|[from] item: Leftovers\n|-heal|p2a: Hippowdon|311/311 tox|[from] item: Leftovers\n|-damage|p2a: Hippowdon|273/311 tox|[from] psn\n|upkeep\n|turn|16\n|\n|t:|1781403573\n|switch|p1a: Meowscarada|Meowscarada, L78, M|247/247\n|move|p2a: Hippowdon|Earthquake|p1a: Meowscarada\n|-resisted|p1a: Meowscarada\n|-damage|p1a: Meowscarada|171/247\n|\n|-weather|Sandstorm|[upkeep]\n|-damage|p1a: Meowscarada|156/247|[from] Sandstorm\n|-heal|p2a: Hippowdon|292/311 tox|[from] item: Leftovers\n|-damage|p2a: Hippowdon|235/311 tox|[from] psn\n|upkeep\n|turn|17\n|\n|t:|1781403579\n|switch|p2a: Magnezone|Magnezone, L85|183/258\n|move|p1a: Meowscarada|Flower Trick|p2a: Magnezone\n|-start|p1a: Meowscarada|typechange|Grass|[from] ability: Protean\n|-resisted|p2a: Magnezone\n|-crit|p2a: Magnezone\n|-damage|p2a: Magnezone|141/258\n|\n|-weather|Sandstorm|[upkeep]\n|-damage|p1a: Meowscarada|141/247|[from] Sandstorm\n|-heal|p2a: Magnezone|157/258|[from] item: Leftovers\n|upkeep\n|turn|18\n|\n|t:|1781403585\n|move|p1a: Meowscarada|Knock Off|p2a: Magnezone\n|-damage|p2a: Magnezone|108/258\n|-enditem|p2a: Magnezone|Leftovers|[from] move: Knock Off|[of] p1a: Meowscarada\n|move|p2a: Magnezone|Thunderbolt|p1a: Meowscarada\n|-resisted|p1a: Meowscarada\n|-damage|p1a: Meowscarada|62/247\n|\n|-weather|none\n|upkeep\n|turn|19\n|\n|t:|1781403594\n|move|p1a: Meowscarada|Toxic Spikes|p2a: Magnezone\n|-sidestart|p2: YOYILANG2|move: Toxic Spikes\n|move|p2a: Magnezone|Thunderbolt|p1a: Meowscarada\n|-resisted|p1a: Meowscarada\n|-damage|p1a: Meowscarada|0 fnt\n|faint|p1a: Meowscarada\n|\n|upkeep\n|\n|t:|1781403597\n|switch|p1a: Houndoom|Houndoom, L87, M|92/272\n|turn|20\n|\n|t:|1781403602\n|switch|p1a: Swalot|Swalot, L90, M|299/326\n|switch|p2a: Carbink|Carbink, L90|192/236\n|-status|p2a: Carbink|psn\n|\n|-heal|p1a: Swalot|319/326|[from] item: Leftovers\n|-damage|p2a: Carbink|163/236 psn|[from] psn\n|upkeep\n|turn|21\n|\n|t:|1781403608\n|switch|p2a: Landorus|Landorus-Therian, L76, M|260/260\n|-ability|p2a: Landorus|Intimidate|boost\n|-unboost|p1a: Swalot|atk|1\n|move|p1a: Swalot|Sludge Bomb|p2a: Landorus\n|-resisted|p2a: Landorus\n|-damage|p2a: Landorus|206/260\n|\n|-heal|p2a: Landorus|222/260|[from] item: Leftovers\n|-heal|p1a: Swalot|326/326|[from] item: Leftovers\n|upkeep\n|turn|22\n|\n|t:|1781403613\n|move|p2a: Landorus|Stealth Rock|p1a: Swalot\n|-sidestart|p1: ChiiMew151|move: Stealth Rock\n|move|p1a: Swalot|Toxic|p2a: Landorus\n|-status|p2a: Landorus|tox\n|\n|-heal|p2a: Landorus|238/260 tox|[from] item: Leftovers\n|-damage|p2a: Landorus|222/260 tox|[from] psn\n|upkeep\n|turn|23\n|\n|t:|1781403618\n|switch|p1a: Tornadus|Tornadus-Therian, L79, M|254/254\n|move|p2a: Landorus|Stone Edge|p1a: Tornadus\n|-supereffective|p1a: Tornadus\n|-damage|p1a: Tornadus|80/254\n|\n|-heal|p2a: Landorus|238/260 tox|[from] item: Leftovers\n|-damage|p2a: Landorus|206/260 tox|[from] psn\n|upkeep\n|turn|24\n|\n|t:|1781403625\n|switch|p1a: Swalot|Swalot, L90, M|326/326\n|-damage|p1a: Swalot|286/326|[from] Stealth Rock\n|move|p2a: Landorus|Stone Edge|p1a: Swalot\n|-damage|p1a: Swalot|213/326\n|\n|-heal|p2a: Landorus|222/260 tox|[from] item: Leftovers\n|-heal|p1a: Swalot|233/326|[from] item: Leftovers\n|-damage|p2a: Landorus|174/260 tox|[from] psn\n|upkeep\n|turn|25\n|\n|t:|1781403631\n|move|p1a: Swalot|Protect|p1a: Swalot\n|-singleturn|p1a: Swalot|Protect\n|move|p2a: Landorus|Earthquake|p1a: Swalot\n|-activate|p1a: Swalot|move: Protect\n|\n|-heal|p2a: Landorus|190/260 tox|[from] item: Leftovers\n|-heal|p1a: Swalot|253/326|[from] item: Leftovers\n|-damage|p2a: Landorus|126/260 tox|[from] psn\n|upkeep\n|turn|26\n|\n|t:|1781403635\n|move|p2a: Landorus|Earthquake|p1a: Swalot\n|-supereffective|p1a: Swalot\n|-damage|p1a: Swalot|13/326\n|move|p1a: Swalot|Toxic|p2a: Landorus\n|-fail|p2a: Landorus|tox\n|\n|-heal|p2a: Landorus|142/260 tox|[from] item: Leftovers\n|-heal|p1a: Swalot|33/326|[from] item: Leftovers\n|-damage|p2a: Landorus|62/260 tox|[from] psn\n|upkeep\n|turn|27\n|\n|t:|1781403640\n|move|p2a: Landorus|Stone Edge|p1a: Swalot\n|-damage|p1a: Swalot|0 fnt\n|faint|p1a: Swalot\n|\n|-heal|p2a: Landorus|78/260 tox|[from] item: Leftovers\n|-damage|p2a: Landorus|0 fnt|[from] psn\n|faint|p2a: Landorus\n|upkeep\n|\n|t:|1781403654\n|switch|p2a: Magnezone|Magnezone, L85|108/258\n|switch|p1a: Tornadus|Tornadus-Therian, L79, M|164/254\n|turn|28\n|\n|t:|1781403663\n|move|p1a: Tornadus|Heat Wave|p2a: Magnezone\n|-supereffective|p2a: Magnezone\n|-crit|p2a: Magnezone\n|-damage|p2a: Magnezone|0 fnt\n|faint|p2a: Magnezone\n|\n|upkeep\n|\n|t:|1781403673\n|switch|p2a: Veluza|Veluza, L85, F|292/292\n|-status|p2a: Veluza|psn\n|turn|29\n|\n|t:|1781403680\n|move|p1a: Tornadus|Grass Knot|p2a: Veluza\n|-supereffective|p2a: Veluza\n|-damage|p2a: Veluza|156/292 psn\n|move|p2a: Veluza|Aqua Cutter|p1a: Tornadus\n|-damage|p1a: Tornadus|0 fnt\n|faint|p1a: Tornadus\n|\n|-damage|p2a: Veluza|120/292 psn|[from] psn\n|upkeep\n|\n|t:|1781403683\n|switch|p1a: Houndoom|Houndoom, L87, M|92/272\n|turn|30\n|\n|t:|1781403688\n|move|p1a: Houndoom|Sucker Punch|p2a: Veluza\n|-supereffective|p2a: Veluza\n|-damage|p2a: Veluza|0 fnt\n|faint|p2a: Veluza\n|\n|upkeep\n|\n|t:|1781403691\n|switch|p2a: Hippowdon|Hippowdon, L82, M, shiny|235/311 tox\n|-weather|Sandstorm|[from] ability: Sand Stream|[of] p2a: Hippowdon\n|turn|31\n|\n|t:|1781403697\n|-terastallize|p1a: Houndoom|Dark\n|move|p1a: Houndoom|Dark Pulse|p2a: Hippowdon\n|-damage|p2a: Hippowdon|77/311 tox\n|move|p2a: Hippowdon|Earthquake|p1a: Houndoom\n|-damage|p1a: Houndoom|0 fnt\n|faint|p1a: Houndoom\n|\n|win|YOYILANG2\n", "inputlog": ">version a8376a258c1d4662feba110a92103f3664a72141\n>start {\"formatid\":\"gen9randombattle\",\"seed\":\"sodium,1475bc2f0a533c05d4dc5b4fdca952e8\",\"rated\":\"Rated battle\"}\n>player p1 {\"name\":\"ChiiMew151\",\"avatar\":\"hilbert-wonderlauncher\",\"rating\":1931,\"seed\":\"sodium,73a3e62f1e742ed8911390f5011d89dc\"}\n>player p2 {\"name\":\"YOYILANG2\",\"avatar\":\"2\",\"rating\":1932,\"seed\":\"sodium,c92063df42564502eaaeb81f26c7fa38\"}\n>p1 move aquastep\n>p2 switch 4\n>p1 switch 5\n>p2 move slackoff\n>p1 move grassknot\n>p2 switch 5\n>p1 switch 2\n>p2 move irondefense\n>p1 move closecombat\n>p2 move bodypress\n>p1 switch 4\n>p1 move fireblast\n>p2 switch 2\n>p1 switch 5\n>p2 move moonblast\n>p1 move aquastep\n>p2 move moonblast\n>p1 switch 2\n>p1 move grassknot\n>p2 move rest\n>p1 switch 6\n>p2 switch 2\n>p1 switch 5\n>p2 move bodypress\n>p1 move fireblast\n>p2 switch 2\n>p1 switch 3\n>p2 move bodypress\n>p1 move toxic\n>p2 switch 5\n>p1 move protect\n>p2 move stoneedge\n>p1 switch 5\n>p2 move earthquake\n>p1 move flowertrick\n>p2 switch 2\n>p1 move knockoff\n>p2 move thunderbolt\n>p1 move toxicspikes\n>p2 move thunderbolt\n>p1 switch 3\n>p1 switch 5\n>p2 switch 5\n>p1 move sludgebomb\n>p2 switch 4\n>p1 move toxic\n>p2 move stealthrock\n>p1 switch 6\n>p2 move stoneedge\n>p1 switch 6\n>p2 move stoneedge\n>p1 move protect\n>p2 move earthquake\n>p1 move toxic\n>p2 move earthquake\n>p1 move sludgebomb\n>p2 move stoneedge\n>p1 switch 6\n>p2 switch 5\n>p1 move heatwave\n>p2 move thunderbolt\n>p2 switch 6\n>p1 move grassknot\n>p2 move aquacutter\n>p1 switch 5\n>p1 move suckerpunch\n>p2 move aquacutter\n>p2 switch 2\n>p1 move darkpulse terastallize\n>p2 move earthquake", "uploadtime": 1781403449, "views": 4, "formatid": "gen9randombattle", "rating": null, "private": 0, "password": null}