{"id": "gen9randombattle-2631901490", "format": "[Gen 9] Random Battle", "players": ["crustlemuscle", "bimiuchiratnhieu"], "log": "|j|\u2606crustlemuscle\n|j|\u2606bimiuchiratnhieu\n|t:|1781453712\n|gametype|singles\n|player|p1|crustlemuscle|169|1929\n|player|p2|bimiuchiratnhieu|hilda|1944\n|gen|9\n|tier|[Gen 9] Random Battle\n|rated|\n|rule|Species Clause: Limit one of each Pok\u00e9mon\n|rule|HP Percentage Mod: HP is shown in percentages\n|rule|Sleep Clause Mod: Limit one foe put to sleep\n|rule|Illusion Level Mod: Illusion disguises the Pok\u00e9mon's true level\n|\n|t:|1781453712\n|teamsize|p1|6\n|teamsize|p2|6\n|start\n|switch|p1a: Empoleon|Empoleon, L84, F|278/278\n|switch|p2a: Spectrier|Spectrier, L75|274/274\n|turn|1\n|inactive|Battle timer is ON: inactive players will automatically lose when time's up. (requested by bimiuchiratnhieu)\n|\n|t:|1781453723\n|switch|p2a: Iron Crown|Iron Crown, L78|268/268\n|move|p1a: Empoleon|Knock Off|p2a: Iron Crown\n|-supereffective|p2a: Iron Crown\n|-damage|p2a: Iron Crown|146/268\n|-enditem|p2a: Iron Crown|Choice Specs|[from] move: Knock Off|[of] p1a: Empoleon\n|\n|upkeep\n|turn|2\n|\n|t:|1781453731\n|move|p2a: Iron Crown|Focus Blast|p1a: Empoleon|[miss]\n|-miss|p2a: Iron Crown|p1a: Empoleon\n|move|p1a: Empoleon|Surf|p2a: Iron Crown\n|-damage|p2a: Iron Crown|52/268\n|\n|upkeep\n|turn|3\n|inactive|bimiuchiratnhieu has 120 seconds left.\n|\n|t:|1781453762\n|switch|p1a: Giratina|Giratina, L75|349/349\n|-ability|p1a: Giratina|Pressure\n|move|p2a: Iron Crown|Volt Switch|p1a: Giratina\n|-resisted|p1a: Giratina\n|-damage|p1a: Giratina|326/349\n|inactive|bimiuchiratnhieu has 120 seconds left.\n|\n|t:|1781453774\n|-end|p2a: Iron Crown|Quark Drive|[silent]\n|switch|p2a: Ambipom|Ambipom, L84, F|263/263|[from] Volt Switch\n|\n|-heal|p1a: Giratina|347/349|[from] item: Leftovers\n|upkeep\n|turn|4\n|\n|t:|1781453781\n|move|p2a: Ambipom|Knock Off|p1a: Giratina\n|-supereffective|p1a: Giratina\n|-crit|p1a: Giratina\n|-damage|p1a: Giratina|69/349\n|-enditem|p1a: Giratina|Leftovers|[from] move: Knock Off|[of] p2a: Ambipom\n|move|p1a: Giratina|Rest|p1a: Giratina\n|-status|p1a: Giratina|slp|[from] move: Rest\n|-heal|p1a: Giratina|349/349 slp|[silent]\n|\n|upkeep\n|turn|5\n|inactive|bimiuchiratnhieu has 120 seconds left.\n|\n|t:|1781453798\n|switch|p2a: Torkoal|Torkoal, L88, M|266/266\n|-weather|SunnyDay|[from] ability: Drought|[of] p2a: Torkoal\n|cant|p1a: Giratina|slp\n|move|p1a: Giratina|Sleep Talk|p1a: Giratina\n|move|p1a: Giratina|Rest||[from] move: Sleep Talk|[still]\n|-fail|p1a: Giratina\n|\n|-weather|SunnyDay|[upkeep]\n|upkeep\n|turn|6\n|\n|t:|1781453819\n|cant|p1a: Giratina|slp\n|move|p1a: Giratina|Sleep Talk|p1a: Giratina\n|move|p1a: Giratina|Rest||[from] move: Sleep Talk|[still]\n|-fail|p1a: Giratina\n|move|p2a: Torkoal|Stealth Rock|p1a: Giratina\n|-sidestart|p1: crustlemuscle|move: Stealth Rock\n|\n|-weather|SunnyDay|[upkeep]\n|upkeep\n|turn|7\n|\n|t:|1781453831\n|-curestatus|p1a: Giratina|slp|[msg]\n|move|p1a: Giratina|Calm Mind|p1a: Giratina\n|-boost|p1a: Giratina|spa|1\n|-boost|p1a: Giratina|spd|1\n|move|p2a: Torkoal|Yawn|p1a: Giratina\n|-start|p1a: Giratina|move: Yawn|[of] p2a: Torkoal\n|\n|-weather|SunnyDay|[upkeep]\n|upkeep\n|turn|8\n|\n|t:|1781453839\n|switch|p2a: Ambipom|Ambipom, L84, F|263/263\n|move|p1a: Giratina|Dragon Pulse|p2a: Ambipom\n|-damage|p2a: Ambipom|136/263\n|\n|-weather|SunnyDay|[upkeep]\n|-end|p1a: Giratina|move: Yawn|[silent]\n|-status|p1a: Giratina|slp\n|upkeep\n|turn|9\n|\n|t:|1781453864\n|move|p2a: Ambipom|Triple Axel|p1a: Giratina\n|-supereffective|p1a: Giratina\n|-damage|p1a: Giratina|295/349 slp\n|-supereffective|p1a: Giratina\n|-damage|p1a: Giratina|185/349 slp\n|-supereffective|p1a: Giratina\n|-damage|p1a: Giratina|27/349 slp\n|-hitcount|p1a: Giratina|3\n|cant|p1a: Giratina|slp\n|move|p1a: Giratina|Sleep Talk|p1a: Giratina\n|move|p1a: Giratina|Calm Mind|p1a: Giratina|[from] move: Sleep Talk\n|-boost|p1a: Giratina|spa|1\n|-boost|p1a: Giratina|spd|1\n|\n|-weather|none\n|upkeep\n|turn|10\n|\n|t:|1781453877\n|move|p2a: Ambipom|Triple Axel|p1a: Giratina\n|-supereffective|p1a: Giratina\n|-damage|p1a: Giratina|0 fnt\n|faint|p1a: Giratina\n|-hitcount|p1: Giratina|1\n|\n|upkeep\n|\n|t:|1781453887\n|switch|p1a: Empoleon|Empoleon, L84, F|278/278\n|-damage|p1a: Empoleon|261/278|[from] Stealth Rock\n|turn|11\n|\n|t:|1781453893\n|switch|p2a: Torkoal|Torkoal, L88, M|266/266\n|-weather|SunnyDay|[from] ability: Drought|[of] p2a: Torkoal\n|move|p1a: Empoleon|Knock Off|p2a: Torkoal\n|-damage|p2a: Torkoal|221/266\n|-enditem|p2a: Torkoal|Heavy-Duty Boots|[from] move: Knock Off|[of] p1a: Empoleon\n|\n|-weather|SunnyDay|[upkeep]\n|-heal|p1a: Empoleon|278/278|[from] item: Leftovers\n|upkeep\n|turn|12\n|\n|t:|1781453904\n|move|p1a: Empoleon|Surf|p2a: Torkoal\n|-supereffective|p2a: Torkoal\n|-damage|p2a: Torkoal|101/266\n|move|p2a: Torkoal|Lava Plume|p1a: Empoleon\n|-damage|p1a: Empoleon|167/278\n|\n|-weather|SunnyDay|[upkeep]\n|-heal|p1a: Empoleon|184/278|[from] item: Leftovers\n|upkeep\n|turn|13\n|\n|t:|1781453914\n|move|p1a: Empoleon|Surf|p2a: Torkoal\n|-supereffective|p2a: Torkoal\n|-damage|p2a: Torkoal|0 fnt\n|faint|p2a: Torkoal\n|\n|-weather|SunnyDay|[upkeep]\n|-heal|p1a: Empoleon|201/278|[from] item: Leftovers\n|upkeep\n|\n|t:|1781453918\n|switch|p2a: Iron Crown|Iron Crown, L78|52/268\n|turn|14\n|\n|t:|1781453923\n|move|p2a: Iron Crown|Focus Blast|p1a: Empoleon\n|-supereffective|p1a: Empoleon\n|-damage|p1a: Empoleon|27/278\n|move|p1a: Empoleon|Surf|p2a: Iron Crown\n|-damage|p2a: Iron Crown|0 fnt\n|faint|p2a: Iron Crown\n|-end|p2a: Iron Crown|Quark Drive|[silent]\n|\n|-weather|SunnyDay|[upkeep]\n|-heal|p1a: Empoleon|44/278|[from] item: Leftovers\n|upkeep\n|\n|t:|1781453939\n|switch|p2a: Spectrier|Spectrier, L75|274/274\n|turn|15\n|\n|t:|1781453949\n|move|p2a: Spectrier|Shadow Ball|p1a: Empoleon\n|-damage|p1a: Empoleon|0 fnt\n|faint|p1a: Empoleon\n|-ability|p2a: Spectrier|Grim Neigh|boost\n|-boost|p2a: Spectrier|spa|1\n|-damage|p2a: Spectrier|247/274|[from] item: Life Orb\n|\n|-weather|none\n|upkeep\n|\n|t:|1781453968\n|switch|p1a: Copperajah|Copperajah, L86, M|350/350\n|-damage|p1a: Copperajah|329/350|[from] Stealth Rock\n|turn|16\n|\n|t:|1781453989\n|switch|p2a: Ogerpon|Ogerpon-Hearthflame, L74, F|239/239\n|-ability|p2a: Ogerpon|Mold Breaker\n|move|p1a: Copperajah|Heavy Slam|p2a: Ogerpon\n|-resisted|p2a: Ogerpon\n|-damage|p2a: Ogerpon|83/239\n|\n|upkeep\n|turn|17\n|\n|t:|1781453998\n|move|p2a: Ogerpon|Ivy Cudgel|p1a: Copperajah|[anim] Ivy Cudgel Fire\n|-supereffective|p1a: Copperajah\n|-damage|p1a: Copperajah|39/350\n|move|p1a: Copperajah|Heavy Slam|p2a: Ogerpon\n|-resisted|p2a: Ogerpon\n|-damage|p2a: Ogerpon|0 fnt\n|faint|p2a: Ogerpon\n|\n|upkeep\n|\n|t:|1781454006\n|switch|p2a: Spectrier|Spectrier, L75|247/274\n|turn|18\n|\n|t:|1781454013\n|move|p2a: Spectrier|Shadow Ball|p1a: Copperajah\n|-damage|p1a: Copperajah|0 fnt\n|faint|p1a: Copperajah\n|-ability|p2a: Spectrier|Grim Neigh|boost\n|-boost|p2a: Spectrier|spa|1\n|-damage|p2a: Spectrier|220/274|[from] item: Life Orb\n|\n|upkeep\n|\n|t:|1781454025\n|switch|p1a: Clawitzer|Clawitzer, L87, F|265/265\n|-damage|p1a: Clawitzer|232/265|[from] Stealth Rock\n|turn|19\n|inactive|bimiuchiratnhieu has 120 seconds left.\n|inactive|bimiuchiratnhieu has 90 seconds left.\n|\n|t:|1781454097\n|-terastallize|p2a: Spectrier|Dark\n|-terastallize|p1a: Clawitzer|Dark\n|move|p2a: Spectrier|Shadow Ball|p1a: Clawitzer\n|-resisted|p1a: Clawitzer\n|-damage|p1a: Clawitzer|142/265\n|-damage|p2a: Spectrier|193/274|[from] item: Life Orb\n|move|p1a: Clawitzer|Dark Pulse|p2a: Spectrier\n|-resisted|p2a: Spectrier\n|-damage|p2a: Spectrier|59/274\n|\n|upkeep\n|turn|20\n|\n|t:|1781454109\n|move|p2a: Spectrier|Draining Kiss|p1a: Clawitzer\n|-supereffective|p1a: Clawitzer\n|-damage|p1a: Clawitzer|0 fnt\n|-heal|p2a: Spectrier|166/274|[from] drain|[of] p1a: Clawitzer\n|faint|p1a: Clawitzer\n|-ability|p2a: Spectrier|Grim Neigh|boost\n|-boost|p2a: Spectrier|spa|1\n|-damage|p2a: Spectrier|139/274|[from] item: Life Orb\n|\n|upkeep\n|\n|t:|1781454116\n|switch|p1a: Heracross|Heracross, L80, F|259/259\n|-damage|p1a: Heracross|227/259|[from] Stealth Rock\n|turn|21\n|\n|t:|1781454128\n|move|p1a: Heracross|Close Combat|p2a: Spectrier\n|-supereffective|p2a: Spectrier\n|-damage|p2a: Spectrier|0 fnt\n|-unboost|p1a: Heracross|def|1\n|-unboost|p1a: Heracross|spd|1\n|faint|p2a: Spectrier\n|-ability|p1a: Heracross|Moxie|boost\n|-boost|p1a: Heracross|atk|1\n|\n|upkeep\n|inactive|bimiuchiratnhieu has 90 seconds left.\n|\n|t:|1781454143\n|switch|p2a: Roaring Moon|Roaring Moon, L72|270/270\n|turn|22\n|\n|t:|1781454147\n|move|p1a: Heracross|Close Combat|p2a: Roaring Moon\n|-supereffective|p2a: Roaring Moon\n|-damage|p2a: Roaring Moon|0 fnt\n|-unboost|p1a: Heracross|def|1\n|-unboost|p1a: Heracross|spd|1\n|faint|p2a: Roaring Moon\n|-end|p2a: Roaring Moon|Protosynthesis|[silent]\n|-ability|p1a: Heracross|Moxie|boost\n|-boost|p1a: Heracross|atk|1\n|\n|upkeep\n|-message|bimiuchiratnhieu forfeited.\n|\n|win|crustlemuscle\n", "inputlog": ">version a8376a258c1d4662feba110a92103f3664a72141\n>start {\"formatid\":\"gen9randombattle\",\"seed\":\"sodium,e524b78fd4f7962852aee65ad0a66429\",\"rated\":\"Rated battle\"}\n>player p1 {\"name\":\"crustlemuscle\",\"avatar\":\"169\",\"rating\":1929,\"seed\":\"sodium,847e5277fe407d7106810e988a8d01de\"}\n>player p2 {\"name\":\"bimiuchiratnhieu\",\"avatar\":\"hilda\",\"rating\":1944,\"seed\":\"sodium,22efa574331079bf7598b159e56f3571\"}\n>p1 move knockoff\n>p2 switch 2\n>p1 move surf\n>p2 move focusblast\n>p1 switch 5\n>p2 move voltswitch\n>p2 switch 3\n>p1 move rest\n>p2 move knockoff\n>p1 move sleeptalk\n>p2 switch 6\n>p1 move sleeptalk\n>p2 move stealthrock\n>p1 move calmmind\n>p2 move yawn\n>p1 move dragonpulse\n>p2 switch 6\n>p1 move sleeptalk\n>p2 move tripleaxel\n>p1 move sleeptalk\n>p2 move tripleaxel\n>p1 switch 5\n>p1 move knockoff\n>p2 switch 6\n>p1 move surf\n>p2 move lavaplume\n>p1 move surf\n>p2 move lavaplume\n>p2 switch 3\n>p1 move surf\n>p2 move focusblast\n>p2 switch 2\n>p1 move yawn\n>p2 move shadowball\n>p1 switch 3\n>p1 move heavyslam\n>p2 switch 4\n>p1 move heavyslam\n>p2 move ivycudgel\n>p2 switch 4\n>p1 move heavyslam\n>p2 move shadowball\n>p1 switch 6\n>p1 move darkpulse terastallize\n>p2 move shadowball terastallize\n>p1 move darkpulse\n>p2 move drainingkiss\n>p1 switch 2\n>p1 move closecombat\n>p2 move drainingkiss\n>p2 switch 5\n>p1 move closecombat\n>p2 move outrage\n>forcelose p2", "uploadtime": 1781453715, "views": 13, "formatid": "gen9randombattle", "rating": null, "private": 0, "password": null}