{"id": "gen9randombattle-2631490251", "format": "[Gen 9] Random Battle", "players": ["TheOldTimers", "Okidoyuuki"], "log": "|j|\u2606TheOldTimers\n|j|\u2606Okidoyuuki\n|t:|1781391639\n|gametype|singles\n|player|p1|TheOldTimers|li|1969\n|player|p2|Okidoyuuki|101|1910\n|gen|9\n|tier|[Gen 9] Random Battle\n|rated|\n|rule|Species Clause: Limit one of each Pok\u00e9mon\n|rule|HP Percentage Mod: HP is shown in percentages\n|rule|Sleep Clause Mod: Limit one foe put to sleep\n|rule|Illusion Level Mod: Illusion disguises the Pok\u00e9mon's true level\n|\n|t:|1781391639\n|teamsize|p1|6\n|teamsize|p2|6\n|start\n|switch|p1a: Spidops|Spidops, L96, M|271/271\n|switch|p2a: Basculegion|Basculegion, L80, M|323/323\n|turn|1\n|\n|t:|1781391648\n|move|p2a: Basculegion|Flip Turn|p1a: Spidops\n|-damage|p1a: Spidops|193/271\n|\n|t:|1781391652\n|switch|p2a: Heracross|Heracross, L80, M|259/259|[from] Flip Turn\n|move|p1a: Spidops|Knock Off|p2a: Heracross\n|-resisted|p2a: Heracross\n|-damage|p2a: Heracross|171/259\n|-enditem|p2a: Heracross|Flame Orb|[from] move: Knock Off|[of] p1a: Spidops\n|\n|upkeep\n|turn|2\n|\n|t:|1781391664\n|move|p2a: Heracross|Knock Off|p1a: Spidops\n|-damage|p1a: Spidops|130/271\n|-enditem|p1a: Spidops|Heavy-Duty Boots|[from] move: Knock Off|[of] p2a: Heracross\n|move|p1a: Spidops|Sticky Web|p2a: Heracross\n|-sidestart|p2: Okidoyuuki|move: Sticky Web\n|\n|upkeep\n|turn|3\n|\n|t:|1781391671\n|move|p2a: Heracross|Trailblaze|p1a: Spidops\n|-resisted|p1a: Spidops\n|-damage|p1a: Spidops|114/271\n|-boost|p2a: Heracross|spe|1\n|move|p1a: Spidops|Spikes|p2a: Heracross\n|-sidestart|p2: Okidoyuuki|Spikes\n|\n|upkeep\n|turn|4\n|\n|t:|1781391691\n|move|p2a: Heracross|Facade|p1a: Spidops\n|-damage|p1a: Spidops|64/271\n|move|p1a: Spidops|U-turn|p2a: Heracross\n|-resisted|p2a: Heracross\n|-damage|p2a: Heracross|125/259\n|\n|t:|1781391694\n|switch|p1a: Sandaconda|Sandaconda, L84, M|258/258|[from] U-turn\n|\n|upkeep\n|turn|5\n|\n|t:|1781391699\n|move|p2a: Heracross|Knock Off|p1a: Sandaconda\n|-damage|p1a: Sandaconda|201/258\n|-enditem|p1a: Sandaconda|Leftovers|[from] move: Knock Off|[of] p2a: Heracross\n|move|p1a: Sandaconda|Stone Edge|p2a: Heracross\n|-damage|p2a: Heracross|27/259\n|\n|upkeep\n|turn|6\n|\n|t:|1781391724\n|move|p2a: Heracross|Close Combat|p1a: Sandaconda\n|-damage|p1a: Sandaconda|101/258\n|-unboost|p2a: Heracross|def|1\n|-unboost|p2a: Heracross|spd|1\n|move|p1a: Sandaconda|Stone Edge|p2a: Heracross|[miss]\n|-miss|p1a: Sandaconda|p2a: Heracross\n|\n|upkeep\n|turn|7\n|\n|t:|1781391736\n|switch|p1a: Spidops|Spidops, L96, M|64/271\n|move|p2a: Heracross|Close Combat|p1a: Spidops\n|-resisted|p1a: Spidops\n|-damage|p1a: Spidops|4/271\n|-unboost|p2a: Heracross|def|1\n|-unboost|p2a: Heracross|spd|1\n|\n|upkeep\n|turn|8\n|\n|t:|1781391743\n|move|p2a: Heracross|Close Combat|p1a: Spidops\n|-resisted|p1a: Spidops\n|-damage|p1a: Spidops|0 fnt\n|-unboost|p2a: Heracross|def|1\n|-unboost|p2a: Heracross|spd|1\n|faint|p1a: Spidops\n|\n|upkeep\n|\n|t:|1781391745\n|switch|p1a: Luvdisc|Luvdisc, F|247/247\n|turn|9\n|\n|t:|1781391750\n|move|p2a: Heracross|Trailblaze|p1a: Luvdisc\n|-supereffective|p1a: Luvdisc\n|-damage|p1a: Luvdisc|155/247\n|-boost|p2a: Heracross|spe|1\n|move|p1a: Luvdisc|Surf|p2a: Heracross\n|-damage|p2a: Heracross|0 fnt\n|faint|p2a: Heracross\n|\n|upkeep\n|\n|t:|1781391766\n|switch|p2a: Corviknight|Corviknight, L80, M|288/288\n|turn|10\n|\n|t:|1781391770\n|move|p1a: Luvdisc|Whirlpool|p2a: Corviknight\n|-damage|p2a: Corviknight|257/288\n|-activate|p2a: Corviknight|move: Whirlpool|[of] p1a: Luvdisc\n|move|p2a: Corviknight|Defog|p1a: Luvdisc\n|-unboost|p1a: Luvdisc|evasion|1\n|-sideend|p2: Okidoyuuki|Spikes|[from] move: Defog|[of] p2a: Corviknight\n|-sideend|p2: Okidoyuuki|Sticky Web|[from] move: Defog|[of] p2a: Corviknight\n|\n|-damage|p2a: Corviknight|221/288|[from] move: Whirlpool|[partiallytrapped]\n|upkeep\n|turn|11\n|\n|t:|1781391778\n|move|p1a: Luvdisc|Surf|p2a: Corviknight\n|-damage|p2a: Corviknight|136/288\n|move|p2a: Corviknight|Brave Bird|p1a: Luvdisc\n|-damage|p1a: Luvdisc|35/247\n|-damage|p2a: Corviknight|96/288|[from] Recoil\n|\n|-damage|p2a: Corviknight|60/288|[from] move: Whirlpool|[partiallytrapped]\n|upkeep\n|turn|12\n|\n|t:|1781391786\n|move|p1a: Luvdisc|Surf|p2a: Corviknight\n|-crit|p2a: Corviknight\n|-damage|p2a: Corviknight|0 fnt\n|faint|p2a: Corviknight\n|\n|upkeep\n|\n|t:|1781391798\n|switch|p2a: Basculegion|Basculegion, L80, M|323/323\n|turn|13\n|\n|t:|1781391808\n|-terastallize|p2a: Basculegion|Water\n|move|p2a: Basculegion|Aqua Jet|p1a: Luvdisc\n|-resisted|p1a: Luvdisc\n|-damage|p1a: Luvdisc|0 fnt\n|faint|p1a: Luvdisc\n|\n|upkeep\n|\n|t:|1781391813\n|switch|p1a: Regice|Regice, L88|284/284\n|turn|14\n|\n|t:|1781391816\n|switch|p2a: Umbreon|Umbreon, L84, M|297/297\n|move|p1a: Regice|Thunderbolt|p2a: Umbreon\n|-damage|p2a: Umbreon|244/297\n|\n|-heal|p2a: Umbreon|262/297|[from] item: Leftovers\n|upkeep\n|turn|15\n|\n|t:|1781391823\n|switch|p1a: Sandaconda|Sandaconda, L84, M|101/258\n|move|p2a: Umbreon|Toxic|p1a: Sandaconda\n|-status|p1a: Sandaconda|tox\n|\n|-heal|p2a: Umbreon|280/297|[from] item: Leftovers\n|-damage|p1a: Sandaconda|85/258 tox|[from] psn\n|upkeep\n|turn|16\n|\n|t:|1781391832\n|move|p1a: Sandaconda|Glare||[still]\n|-status|p2a: Umbreon|par\n|-activate|p2a: Umbreon|ability: Synchronize\n|-fail|p2a: Umbreon\n|move|p2a: Umbreon|Foul Play|p1a: Sandaconda\n|-damage|p1a: Sandaconda|7/258 tox\n|\n|-heal|p2a: Umbreon|297/297 par|[from] item: Leftovers\n|-damage|p1a: Sandaconda|0 fnt|[from] psn\n|faint|p1a: Sandaconda\n|upkeep\n|\n|t:|1781391841\n|switch|p1a: Zapdos|Zapdos-Galar, L77|265/265\n|turn|17\n|\n|t:|1781391847\n|-terastallize|p1a: Zapdos|Steel\n|move|p1a: Zapdos|Bulk Up|p1a: Zapdos\n|-boost|p1a: Zapdos|atk|1\n|-boost|p1a: Zapdos|def|1\n|move|p2a: Umbreon|Toxic|p1a: Zapdos\n|-immune|p1a: Zapdos\n|\n|upkeep\n|turn|18\n|\n|t:|1781391858\n|move|p1a: Zapdos|Close Combat|p2a: Umbreon\n|-supereffective|p2a: Umbreon\n|-damage|p2a: Umbreon|0 fnt\n|-unboost|p1a: Zapdos|def|1\n|-unboost|p1a: Zapdos|spd|1\n|faint|p2a: Umbreon\n|-damage|p1a: Zapdos|239/265|[from] item: Life Orb\n|\n|upkeep\n|\n|t:|1781391866\n|switch|p2a: Iron Moth|Iron Moth, L78|253/253\n|turn|19\n|\n|t:|1781391874\n|switch|p1a: Latias|Latias, L79, F|256/256\n|move|p2a: Iron Moth|Fiery Dance|p1a: Latias\n|-resisted|p1a: Latias\n|-damage|p1a: Latias|217/256\n|\n|upkeep\n|turn|20\n|\n|t:|1781391882\n|-end|p2a: Iron Moth|Quark Drive|[silent]\n|switch|p2a: Basculegion|Basculegion, L80, M, tera:Water|323/323\n|move|p1a: Latias|Psyshock|p2a: Basculegion\n|-damage|p2a: Basculegion|199/323\n|\n|upkeep\n|turn|21\n|\n|t:|1781391888\n|switch|p1a: Regice|Regice, L88|284/284\n|move|p2a: Basculegion|Shadow Ball|p1a: Regice\n|-damage|p1a: Regice|253/284\n|\n|upkeep\n|turn|22\n|\n|t:|1781391897\n|switch|p2a: Garganacl|Garganacl, L80, F|291/291\n|move|p1a: Regice|Thunderbolt|p2a: Garganacl\n|-damage|p2a: Garganacl|215/291\n|\n|-heal|p2a: Garganacl|233/291|[from] item: Leftovers\n|upkeep\n|turn|23\n|\n|t:|1781391905\n|move|p1a: Regice|Ice Beam|p2a: Garganacl\n|-damage|p2a: Garganacl|131/291\n|move|p2a: Garganacl|Iron Defense|p2a: Garganacl\n|-boost|p2a: Garganacl|def|2\n|\n|-heal|p2a: Garganacl|149/291|[from] item: Leftovers\n|upkeep\n|turn|24\n|\n|t:|1781391912\n|move|p1a: Regice|Ice Beam|p2a: Garganacl\n|-damage|p2a: Garganacl|41/291\n|move|p2a: Garganacl|Recover|p2a: Garganacl\n|-heal|p2a: Garganacl|187/291\n|\n|-heal|p2a: Garganacl|205/291|[from] item: Leftovers\n|upkeep\n|turn|25\n|\n|t:|1781391919\n|move|p1a: Regice|Ice Beam|p2a: Garganacl\n|-damage|p2a: Garganacl|102/291\n|move|p2a: Garganacl|Recover|p2a: Garganacl\n|-heal|p2a: Garganacl|248/291\n|\n|-heal|p2a: Garganacl|266/291|[from] item: Leftovers\n|upkeep\n|turn|26\n|\n|t:|1781391925\n|move|p1a: Regice|Ice Beam|p2a: Garganacl\n|-damage|p2a: Garganacl|155/291\n|move|p2a: Garganacl|Body Press|p1a: Regice\n|-supereffective|p1a: Regice\n|-damage|p1a: Regice|33/284\n|\n|-heal|p2a: Garganacl|173/291|[from] item: Leftovers\n|upkeep\n|turn|27\n|\n|t:|1781391933\n|move|p1a: Regice|Ice Beam|p2a: Garganacl\n|-damage|p2a: Garganacl|58/291\n|move|p2a: Garganacl|Recover|p2a: Garganacl\n|-heal|p2a: Garganacl|204/291\n|\n|-heal|p2a: Garganacl|222/291|[from] item: Leftovers\n|upkeep\n|turn|28\n|\n|t:|1781391941\n|move|p1a: Regice|Ice Beam|p2a: Garganacl\n|-damage|p2a: Garganacl|114/291\n|move|p2a: Garganacl|Recover|p2a: Garganacl\n|-heal|p2a: Garganacl|260/291\n|\n|-heal|p2a: Garganacl|278/291|[from] item: Leftovers\n|upkeep\n|turn|29\n|\n|t:|1781391948\n|move|p1a: Regice|Ice Beam|p2a: Garganacl\n|-damage|p2a: Garganacl|157/291\n|move|p2a: Garganacl|Body Press|p1a: Regice\n|-supereffective|p1a: Regice\n|-damage|p1a: Regice|0 fnt\n|faint|p1a: Regice\n|\n|-heal|p2a: Garganacl|175/291|[from] item: Leftovers\n|upkeep\n|\n|t:|1781391965\n|switch|p1a: Zapdos|Zapdos-Galar, L77, tera:Steel|239/265\n|turn|30\n|\n|t:|1781391969\n|move|p1a: Zapdos|Close Combat|p2a: Garganacl\n|-supereffective|p2a: Garganacl\n|-damage|p2a: Garganacl|40/291\n|-unboost|p1a: Zapdos|def|1\n|-unboost|p1a: Zapdos|spd|1\n|-damage|p1a: Zapdos|213/265|[from] item: Life Orb\n|move|p2a: Garganacl|Body Press|p1a: Zapdos\n|-supereffective|p1a: Zapdos\n|-damage|p1a: Zapdos|0 fnt\n|faint|p1a: Zapdos\n|\n|-heal|p2a: Garganacl|58/291|[from] item: Leftovers\n|upkeep\n|\n|t:|1781391972\n|switch|p1a: Latias|Latias, L79, F|217/256\n|turn|31\n|\n|t:|1781391982\n|move|p1a: Latias|Psyshock|p2a: Garganacl\n|-damage|p2a: Garganacl|18/291\n|move|p2a: Garganacl|Recover|p2a: Garganacl\n|-heal|p2a: Garganacl|164/291\n|\n|-heal|p2a: Garganacl|182/291|[from] item: Leftovers\n|upkeep\n|turn|32\n|\n|t:|1781391989\n|move|p1a: Latias|Draco Meteor|p2a: Garganacl\n|-damage|p2a: Garganacl|20/291\n|-unboost|p1a: Latias|spa|2\n|move|p2a: Garganacl|Recover|p2a: Garganacl\n|-heal|p2a: Garganacl|166/291\n|\n|-heal|p2a: Garganacl|184/291|[from] item: Leftovers\n|upkeep\n|turn|33\n|-message|TheOldTimers forfeited.\n|\n|win|Okidoyuuki\n", "inputlog": ">version a8376a258c1d4662feba110a92103f3664a72141\n>start {\"formatid\":\"gen9randombattle\",\"seed\":\"sodium,bf07516d703f66233e090f4cc1b06b9c\",\"rated\":\"Rated battle\"}\n>player p1 {\"name\":\"TheOldTimers\",\"avatar\":\"li\",\"rating\":1969,\"seed\":\"sodium,ba854b94e95e55cc27fbe76c4eb2b5f0\"}\n>player p2 {\"name\":\"Okidoyuuki\",\"avatar\":\"101\",\"rating\":1910,\"seed\":\"sodium,17b1de2a71e8cfe0d7aeff673d4cd7de\"}\n>p1 move knockoff\n>p2 move flipturn\n>p2 switch 3\n>p1 move stickyweb\n>p2 move knockoff\n>p1 move spikes\n>p2 move trailblaze\n>p1 move uturn\n>p2 move facade\n>p1 switch 4\n>p1 move stoneedge\n>p2 move knockoff\n>p1 move stoneedge\n>p2 move closecombat\n>p1 switch 4\n>p2 move closecombat\n>p1 move spikes\n>p2 move closecombat\n>p1 switch 3\n>p1 move surf\n>p2 move trailblaze\n>p2 switch 2\n>p1 move whirlpool\n>p2 move defog\n>p1 move surf\n>p2 move bravebird\n>p1 move surf\n>p2 move bravebird\n>p2 switch 3\n>p1 move whirlpool\n>p2 move aquajet terastallize\n>p1 switch 2\n>p1 move thunderbolt\n>p2 switch 4\n>p1 switch 4\n>p2 move toxic\n>p1 move glare\n>p2 move foulplay\n>p1 switch 5\n>p1 move bulkup terastallize\n>p2 move toxic\n>p1 move closecombat\n>p2 move foulplay\n>p2 switch 5\n>p1 switch 6\n>p2 move fierydance\n>p1 move psyshock\n>p2 switch 4\n>p1 switch 4\n>p2 move shadowball\n>p1 move thunderbolt\n>p2 switch 6\n>p1 move icebeam\n>p2 move irondefense\n>p1 move icebeam\n>p2 move recover\n>p1 move icebeam\n>p2 move recover\n>p1 move icebeam\n>p2 move bodypress\n>p1 move icebeam\n>p2 move recover\n>p1 move icebeam\n>p2 move recover\n>p1 move icebeam\n>p2 move bodypress\n>p1 switch 6\n>p1 move closecombat\n>p2 move bodypress\n>p1 switch 4\n>p1 move psyshock\n>p2 move recover\n>p1 move dracometeor\n>p2 move recover\n>forcelose p1", "uploadtime": 1781391641, "views": 5, "formatid": "gen9randombattle", "rating": null, "private": 0, "password": null}