{"id": "gen9randombattle-2631877715", "format": "[Gen 9] Random Battle", "players": ["wout0706", "Xan4ss"], "log": "|j|\u2606wout0706\n|j|\u2606Xan4ss\n|t:|1781451113\n|gametype|singles\n|player|p1|wout0706|1|1982\n|player|p2|Xan4ss|1|1953\n|gen|9\n|tier|[Gen 9] Random Battle\n|rated|\n|rule|Species Clause: Limit one of each Pok\u00e9mon\n|rule|HP Percentage Mod: HP is shown in percentages\n|rule|Sleep Clause Mod: Limit one foe put to sleep\n|rule|Illusion Level Mod: Illusion disguises the Pok\u00e9mon's true level\n|\n|t:|1781451113\n|teamsize|p1|6\n|teamsize|p2|6\n|start\n|switch|p1a: Vespiquen|Vespiquen, L99, F|299/299\n|switch|p2a: Hariyama|Hariyama, L87, M|392/392\n|-ability|p1a: Vespiquen|Pressure\n|turn|1\n|inactive|Battle timer is ON: inactive players will automatically lose when time's up. (requested by Xan4ss)\n|\n|t:|1781451127\n|move|p2a: Hariyama|Knock Off|p1a: Vespiquen\n|-damage|p1a: Vespiquen|228/299\n|-enditem|p1a: Vespiquen|Heavy-Duty Boots|[from] move: Knock Off|[of] p2a: Hariyama\n|move|p1a: Vespiquen|Spikes|p2a: Hariyama\n|-sidestart|p2: Xan4ss|Spikes\n|\n|-status|p2a: Hariyama|brn|[from] item: Flame Orb\n|upkeep\n|turn|2\n|\n|t:|1781451134\n|move|p2a: Hariyama|Facade|p1a: Vespiquen\n|-damage|p1a: Vespiquen|75/299\n|move|p1a: Vespiquen|Hurricane|p2a: Hariyama|[miss]\n|-miss|p1a: Vespiquen|p2a: Hariyama\n|\n|-damage|p2a: Hariyama|368/392 brn|[from] brn\n|upkeep\n|turn|3\n|\n|t:|1781451143\n|move|p2a: Hariyama|Facade|p1a: Vespiquen\n|-crit|p1a: Vespiquen\n|-damage|p1a: Vespiquen|0 fnt\n|faint|p1a: Vespiquen\n|\n|-damage|p2a: Hariyama|344/392 brn|[from] brn\n|upkeep\n|\n|t:|1781451152\n|switch|p1a: Fezandipiti|Fezandipiti, L82, M|278/278\n|turn|4\n|l|\u2606wout0706\n|inactive|wout0706 disconnected and has a minute to reconnect!\n|player|p1|\n|j|\u2606wout0706\n|inactive|wout0706 reconnected.\n|player|p1|wout0706|1|\n|inactive|Xan4ss has 120 seconds left.\n|\n|t:|1781451183\n|move|p1a: Fezandipiti|Moonblast|p2a: Hariyama\n|-supereffective|p2a: Hariyama\n|-damage|p2a: Hariyama|164/392 brn\n|move|p2a: Hariyama|Headlong Rush|p1a: Fezandipiti\n|-supereffective|p1a: Fezandipiti\n|-damage|p1a: Fezandipiti|0 fnt\n|-unboost|p2a: Hariyama|def|1\n|-unboost|p2a: Hariyama|spd|1\n|faint|p1a: Fezandipiti\n|\n|-damage|p2a: Hariyama|140/392 brn|[from] brn\n|upkeep\n|\n|t:|1781451194\n|switch|p1a: Regieleki|Regieleki, L79|256/256\n|turn|5\n|\n|t:|1781451209\n|move|p1a: Regieleki|Volt Switch|p2a: Hariyama\n|-damage|p2a: Hariyama|0 fnt\n|faint|p2a: Hariyama\n|\n|t:|1781451214\n|switch|p1a: Toucannon|Toucannon, L88, M|284/284|[from] Volt Switch\n|\n|upkeep\n|\n|t:|1781451229\n|switch|p2a: Gothitelle|Gothitelle, L90, F|272/272\n|-damage|p2a: Gothitelle|238/272|[from] Spikes\n|turn|6\n|\n|t:|1781451234\n|move|p2a: Gothitelle|Psychic|p1a: Toucannon\n|-damage|p1a: Toucannon|157/284\n|move|p1a: Toucannon|Knock Off|p2a: Gothitelle\n|-supereffective|p2a: Gothitelle\n|-damage|p2a: Gothitelle|86/272\n|-enditem|p2a: Gothitelle|Choice Scarf|[from] move: Knock Off|[of] p1a: Toucannon\n|\n|upkeep\n|turn|7\n|\n|t:|1781451247\n|-singleturn|p1a: Toucannon|move: Beak Blast\n|move|p2a: Gothitelle|Psychic|p1a: Toucannon\n|-damage|p1a: Toucannon|43/284\n|move|p1a: Toucannon|Beak Blast|p2a: Gothitelle\n|-damage|p2a: Gothitelle|0 fnt\n|faint|p2a: Gothitelle\n|\n|upkeep\n|\n|t:|1781451257\n|switch|p2a: Manaphy|Manaphy, L78|284/284\n|-damage|p2a: Manaphy|249/284|[from] Spikes\n|turn|8\n|\n|t:|1781451265\n|-singleturn|p1a: Toucannon|move: Beak Blast\n|move|p2a: Manaphy|Ice Beam|p1a: Toucannon\n|-supereffective|p1a: Toucannon\n|-damage|p1a: Toucannon|0 fnt\n|faint|p1a: Toucannon\n|\n|-heal|p2a: Manaphy|266/284|[from] item: Leftovers\n|upkeep\n|\n|t:|1781451269\n|switch|p1a: Regieleki|Regieleki, L79|256/256\n|turn|9\n|\n|t:|1781451278\n|-terastallize|p2a: Manaphy|Grass\n|move|p1a: Regieleki|Thunderbolt|p2a: Manaphy\n|-resisted|p2a: Manaphy\n|-damage|p2a: Manaphy|197/284\n|move|p2a: Manaphy|Tail Glow|p2a: Manaphy\n|-boost|p2a: Manaphy|spa|3\n|\n|-heal|p2a: Manaphy|214/284|[from] item: Leftovers\n|upkeep\n|turn|10\n|\n|t:|1781451288\n|move|p1a: Regieleki|Explosion|p2a: Manaphy\n|-damage|p2a: Manaphy|57/284\n|faint|p1a: Regieleki\n|move|p2a: Manaphy|Energy Ball|p1: Regieleki|[notarget]\n|-fail|p2a: Manaphy\n|\n|-heal|p2a: Manaphy|74/284|[from] item: Leftovers\n|upkeep\n|\n|t:|1781451296\n|switch|p1a: Gengar|Gengar, L81, F|230/230\n|turn|11\n|\n|t:|1781451305\n|move|p1a: Gengar|Shadow Ball|p2a: Manaphy\n|-damage|p2a: Manaphy|0 fnt\n|faint|p2a: Manaphy\n|-damage|p1a: Gengar|207/230|[from] item: Life Orb\n|\n|upkeep\n|\n|t:|1781451311\n|switch|p2a: Grafaiai|Grafaiai, L86, M|249/249\n|-damage|p2a: Grafaiai|218/249|[from] Spikes\n|turn|12\n|\n|t:|1781451326\n|move|p2a: Grafaiai|Swords Dance|p2a: Grafaiai\n|-boost|p2a: Grafaiai|atk|2\n|move|p1a: Gengar|Will-O-Wisp|p2a: Grafaiai|[miss]\n|-miss|p1a: Gengar|p2a: Grafaiai\n|\n|upkeep\n|turn|13\n|\n|t:|1781451333\n|move|p2a: Grafaiai|Knock Off|p1a: Gengar\n|-supereffective|p1a: Gengar\n|-damage|p1a: Gengar|0 fnt\n|-enditem|p1a: Gengar|Life Orb|[from] move: Knock Off|[of] p2a: Grafaiai\n|faint|p1a: Gengar\n|-damage|p2a: Grafaiai|194/249|[from] item: Life Orb\n|\n|upkeep\n|\n|t:|1781451336\n|switch|p1a: Chesnaught|Chesnaught, L84, M|285/285\n|turn|14\n|\n|t:|1781451341\n|-terastallize|p1a: Chesnaught|Steel\n|move|p2a: Grafaiai|Gunk Shot|p1a: Chesnaught\n|-immune|p1a: Chesnaught\n|move|p1a: Chesnaught|Body Press|p2a: Grafaiai\n|-damage|p2a: Grafaiai|64/249\n|\n|upkeep\n|turn|15\n|\n|t:|1781451350\n|move|p2a: Grafaiai|Knock Off|p1a: Chesnaught\n|-damage|p1a: Chesnaught|141/285\n|-damage|p2a: Grafaiai|23/249|[from] item: Rocky Helmet|[of] p1a: Chesnaught\n|-enditem|p1a: Chesnaught|Rocky Helmet|[from] move: Knock Off|[of] p2a: Grafaiai\n|-damage|p2a: Grafaiai|0 fnt|[from] item: Life Orb\n|faint|p2a: Grafaiai\n|move|p1a: Chesnaught|Body Press|p2: Grafaiai|[notarget]\n|-fail|p1a: Chesnaught\n|\n|upkeep\n|\n|t:|1781451356\n|switch|p2a: Honchkrow|Honchkrow, L86, F|312/312\n|turn|16\n|\n|t:|1781451363\n|move|p2a: Honchkrow|Heat Wave|p1a: Chesnaught\n|-supereffective|p1a: Chesnaught\n|-damage|p1a: Chesnaught|0 fnt\n|faint|p1a: Chesnaught\n|\n|win|Xan4ss\n", "inputlog": ">version a8376a258c1d4662feba110a92103f3664a72141\n>start {\"formatid\":\"gen9randombattle\",\"seed\":\"sodium,77fa65e6438283d45b98210762b111ec\",\"rated\":\"Rated battle\"}\n>player p1 {\"name\":\"wout0706\",\"avatar\":\"1\",\"rating\":1982,\"seed\":\"sodium,5aa503b8e7939dcd5bbbcd20cf2dc16d\"}\n>player p2 {\"name\":\"Xan4ss\",\"avatar\":\"1\",\"rating\":1953,\"seed\":\"sodium,375fe4d6fa1ccd009d67c92197638f80\"}\n>p1 move spikes\n>p2 move knockoff\n>p1 move hurricane\n>p2 move facade\n>p1 move spikes\n>p2 move facade\n>p1 switch 3\n>p1 move moonblast\n>p2 move headlongrush\n>p1 switch 2\n>p1 move voltswitch\n>p2 move facade\n>p1 switch 6\n>p2 switch 5\n>p1 move knockoff\n>p2 move psychic\n>p1 move beakblast\n>p2 move psychic\n>p2 switch 6\n>p1 move beakblast\n>p2 move icebeam\n>p1 switch 6\n>p1 move thunderbolt\n>p2 move tailglow terastallize\n>p1 move explosion\n>p2 move energyball\n>p1 switch 5\n>p1 move shadowball\n>p2 move icebeam\n>p2 switch 4\n>p1 move willowisp\n>p2 move swordsdance\n>p1 move willowisp\n>p2 move knockoff\n>p1 switch 4\n>p1 move bodypress terastallize\n>p2 move gunkshot\n>p1 move bodypress\n>p2 move knockoff\n>p2 switch 3\n>p1 move synthesis\n>p2 move heatwave", "uploadtime": 1781451115, "views": 5, "formatid": "gen9randombattle", "rating": null, "private": 0, "password": null}