{"id": "gen9randombattle-2631542914", "format": "[Gen 9] Random Battle", "players": ["Sa!duck", "angsi"], "log": "|j|\u2606Sa!duck\n|j|\u2606angsi\n|t:|1781398989\n|gametype|singles\n|player|p1|Sa!duck|cress|1903\n|player|p2|angsi|1|1902\n|gen|9\n|tier|[Gen 9] Random Battle\n|rated|\n|rule|Species Clause: Limit one of each Pok\u00e9mon\n|rule|HP Percentage Mod: HP is shown in percentages\n|rule|Sleep Clause Mod: Limit one foe put to sleep\n|rule|Illusion Level Mod: Illusion disguises the Pok\u00e9mon's true level\n|\n|t:|1781398989\n|teamsize|p1|6\n|teamsize|p2|6\n|start\n|switch|p1a: Pecharunt|Pecharunt, L77|262/262\n|switch|p2a: Mightyena|Mightyena, L96, M|290/290\n|-ability|p2a: Mightyena|Intimidate|boost\n|-unboost|p1a: Pecharunt|atk|1\n|turn|1\n|\n|t:|1781398999\n|switch|p1a: Copperajah|Copperajah, L86, M|349/349\n|move|p2a: Mightyena|Throat Chop|p1a: Copperajah\n|-damage|p1a: Copperajah|169/349\n|-start|p1a: Copperajah|Throat Chop|[silent]\n|\n|upkeep\n|turn|2\n|\n|t:|1781399012\n|move|p2a: Mightyena|Throat Chop|p1a: Copperajah\n|-damage|p1a: Copperajah|0 fnt\n|faint|p1a: Copperajah\n|\n|upkeep\n|\n|t:|1781399015\n|switch|p1a: Cinderace|Cinderace, L77, F|250/250\n|turn|3\n|\n|t:|1781399026\n|move|p1a: Cinderace|Will-O-Wisp|p2a: Mightyena|[miss]\n|-miss|p1a: Cinderace|p2a: Mightyena\n|move|p2a: Mightyena|Throat Chop|p1a: Cinderace\n|-damage|p1a: Cinderace|64/250\n|-start|p1a: Cinderace|Throat Chop|[silent]\n|\n|upkeep\n|turn|4\n|\n|t:|1781399032\n|switch|p2a: Minun|Minun, L95, F|268/268\n|move|p1a: Cinderace|U-turn|p2a: Minun\n|-start|p1a: Cinderace|typechange|Bug|[from] ability: Libero\n|-damage|p2a: Minun|166/268\n|inactive|Battle timer is ON: inactive players will automatically lose when time's up. (requested by angsi)\n|\n|t:|1781399038\n|switch|p1a: Oranguru|Oranguru, L92, F|315/315|[from] U-turn\n|\n|upkeep\n|turn|5\n|\n|t:|1781399046\n|move|p2a: Minun|Thunderbolt|p1a: Oranguru\n|-damage|p1a: Oranguru|212/315\n|-damage|p2a: Minun|140/268|[from] item: Life Orb\n|move|p1a: Oranguru|Nasty Plot|p1a: Oranguru\n|-boost|p1a: Oranguru|spa|2\n|\n|-heal|p1a: Oranguru|231/315|[from] item: Leftovers\n|upkeep\n|turn|6\n|\n|t:|1781399057\n|move|p2a: Minun|Encore|p1a: Oranguru\n|-start|p1a: Oranguru|Encore\n|move|p1a: Oranguru|Nasty Plot|p1a: Oranguru\n|-boost|p1a: Oranguru|spa|2\n|\n|-heal|p1a: Oranguru|250/315|[from] item: Leftovers\n|upkeep\n|turn|7\n|\n|t:|1781399061\n|switch|p1a: Noivern|Noivern, L82, F|274/274\n|move|p2a: Minun|Nasty Plot|p2a: Minun\n|-boost|p2a: Minun|spa|2\n|\n|upkeep\n|turn|8\n|\n|t:|1781399063\n|move|p1a: Noivern|Draco Meteor|p2a: Minun\n|-damage|p2a: Minun|22/268\n|-unboost|p1a: Noivern|spa|2\n|move|p2a: Minun|Alluring Voice|p1a: Noivern\n|-supereffective|p1a: Noivern\n|-crit|p1a: Noivern\n|-damage|p1a: Noivern|0 fnt\n|faint|p1a: Noivern\n|-damage|p2a: Minun|0 fnt|[from] item: Life Orb\n|faint|p2a: Minun\n|\n|upkeep\n|\n|t:|1781399070\n|switch|p1a: Cinderace|Cinderace, L77, F|64/250\n|switch|p2a: Indeedee|Indeedee, L84, M|238/238\n|-fieldstart|move: Psychic Terrain|[from] ability: Psychic Surge|[of] p2a: Indeedee\n|turn|9\n|\n|t:|1781399074\n|move|p2a: Indeedee|Expanding Force|p1a: Cinderace\n|-crit|p1a: Cinderace\n|-damage|p1a: Cinderace|0 fnt\n|faint|p1a: Cinderace\n|\n|upkeep\n|\n|t:|1781399078\n|switch|p1a: Oranguru|Oranguru, L92, F|250/315\n|turn|10\n|\n|t:|1781399086\n|switch|p2a: Basculegion|Basculegion-F, L83, F|335/335\n|move|p1a: Oranguru|Focus Blast|p2a: Basculegion\n|-immune|p2a: Basculegion\n|\n|-heal|p1a: Oranguru|269/315|[from] item: Leftovers\n|upkeep\n|turn|11\n|\n|t:|1781399091\n|move|p2a: Basculegion|Hydro Pump|p1a: Oranguru\n|-damage|p1a: Oranguru|75/315\n|move|p1a: Oranguru|Thunderbolt|p2a: Basculegion\n|-supereffective|p2a: Basculegion\n|-damage|p2a: Basculegion|175/335\n|\n|-heal|p1a: Oranguru|94/315|[from] item: Leftovers\n|upkeep\n|turn|12\n|\n|t:|1781399094\n|move|p2a: Basculegion|Hydro Pump|p1a: Oranguru\n|-damage|p1a: Oranguru|0 fnt\n|faint|p1a: Oranguru\n|\n|upkeep\n|\n|t:|1781399099\n|switch|p1a: Pecharunt|Pecharunt, L77|262/262\n|turn|13\n|\n|t:|1781399103\n|move|p1a: Pecharunt|Shadow Ball|p2a: Basculegion\n|-supereffective|p2a: Basculegion\n|-damage|p2a: Basculegion|35/335\n|move|p2a: Basculegion|Hydro Pump|p1a: Pecharunt\n|-damage|p1a: Pecharunt|0 fnt\n|faint|p1a: Pecharunt\n|\n|-fieldend|move: Psychic Terrain\n|upkeep\n|\n|t:|1781399106\n|switch|p1a: Greedent|Greedent, L86, M|347/347\n|turn|14\n|\n|t:|1781399110\n|move|p2a: Basculegion|Hydro Pump|p1a: Greedent|[miss]\n|-miss|p2a: Basculegion|p1a: Greedent\n|move|p1a: Greedent|Knock Off|p2a: Basculegion\n|-supereffective|p2a: Basculegion\n|-damage|p2a: Basculegion|0 fnt\n|-enditem|p2a: Basculegion|Choice Specs|[from] move: Knock Off|[of] p1a: Greedent\n|faint|p2a: Basculegion\n|\n|upkeep\n|\n|t:|1781399118\n|switch|p2a: Kyurem|Kyurem-White, L73|303/303\n|-ability|p2a: Kyurem|Turboblaze\n|turn|15\n|\n|t:|1781399123\n|move|p2a: Kyurem|Ice Beam|p1a: Greedent\n|-crit|p1a: Greedent\n|-damage|p1a: Greedent|77/347\n|-enditem|p1a: Greedent|Sitrus Berry|[eat]\n|-heal|p1a: Greedent|163/347|[from] item: Sitrus Berry\n|-heal|p1a: Greedent|278/347|[from] ability: Cheek Pouch\n|move|p1a: Greedent|Swords Dance|p1a: Greedent\n|-boost|p1a: Greedent|atk|2\n|\n|upkeep\n|turn|16\n|\n|t:|1781399126\n|move|p2a: Kyurem|Ice Beam|p1a: Greedent\n|-damage|p1a: Greedent|85/347\n|move|p1a: Greedent|Double-Edge|p2a: Kyurem\n|-damage|p2a: Kyurem|0 fnt\n|faint|p2a: Kyurem\n|-damage|p1a: Greedent|0 fnt|[from] Recoil\n|faint|p1a: Greedent\n|\n|win|angsi\n", "inputlog": ">version a8376a258c1d4662feba110a92103f3664a72141\n>start {\"formatid\":\"gen9randombattle\",\"seed\":\"sodium,e9981e84072b2faf36f2595ddae4adcc\",\"rated\":\"Rated battle\"}\n>player p1 {\"name\":\"Sa!duck\",\"avatar\":\"cress\",\"rating\":1903,\"seed\":\"sodium,6333457d88f9ddca021bced14ea1a0fe\"}\n>player p2 {\"name\":\"angsi\",\"avatar\":\"1\",\"rating\":1902,\"seed\":\"sodium,09dfeac030dd72610948a491d8030e04\"}\n>p1 switch 3\n>p2 move throatchop\n>p1 move heavyslam\n>p2 move throatchop\n>p1 switch 4\n>p1 move willowisp\n>p2 move throatchop\n>p1 move uturn\n>p2 switch 6\n>p1 switch 5\n>p1 move nastyplot\n>p2 move thunderbolt\n>p1 move psyshock\n>p2 move encore\n>p1 switch 6\n>p2 move nastyplot\n>p1 move dracometeor\n>p2 move alluringvoice\n>p1 switch 5\n>p2 switch 3\n>p1 move uturn\n>p2 move expandingforce\n>p1 switch 6\n>p1 move focusblast\n>p2 switch 4\n>p1 move thunderbolt\n>p2 move hydropump\n>p1 move thunderbolt\n>p2 move hydropump\n>p1 switch 3\n>p1 move shadowball\n>p2 move hydropump\n>p1 switch 2\n>p1 move knockoff\n>p2 move hydropump\n>p2 switch 5\n>p1 move swordsdance\n>p2 move icebeam\n>p1 move doubleedge\n>p2 move icebeam", "uploadtime": 1781398991, "views": 9, "formatid": "gen9randombattle", "rating": null, "private": 0, "password": null}