{"id": "gen9randombattle-2632002860", "format": "[Gen 9] Random Battle", "players": ["rcm4444", "pagenfranskane"], "log": "|j|\u2606rcm4444\n|j|\u2606pagenfranskane\n|t:|1781464801\n|gametype|singles\n|player|p1|rcm4444|266|1875\n|player|p2|pagenfranskane|battlegirl|1929\n|gen|9\n|tier|[Gen 9] Random Battle\n|rated|\n|rule|Species Clause: Limit one of each Pok\u00e9mon\n|rule|HP Percentage Mod: HP is shown in percentages\n|rule|Sleep Clause Mod: Limit one foe put to sleep\n|rule|Illusion Level Mod: Illusion disguises the Pok\u00e9mon's true level\n|\n|t:|1781464801\n|teamsize|p1|6\n|teamsize|p2|6\n|start\n|switch|p1a: Deoxys|Deoxys-Attack, L72|191/191\n|switch|p2a: Clodsire|Clodsire, L81, F|343/343\n|-ability|p1a: Deoxys|Pressure\n|turn|1\n|\n|t:|1781464815\n|switch|p2a: Alomomola|Alomomola, L87, M|429/429\n|move|p1a: Deoxys|Knock Off|p2a: Alomomola\n|-damage|p2a: Alomomola|317/429\n|-damage|p1a: Deoxys|160/191|[from] item: Rocky Helmet|[of] p2a: Alomomola\n|-enditem|p2a: Alomomola|Rocky Helmet|[from] move: Knock Off|[of] p1a: Deoxys\n|-damage|p1a: Deoxys|141/191|[from] item: Life Orb\n|\n|upkeep\n|turn|2\n|\n|t:|1781464832\n|switch|p1a: Pincurchin|Pincurchin, F|258/258\n|-fieldstart|move: Electric Terrain|[from] ability: Electric Surge|[of] p1a: Pincurchin\n|move|p2a: Alomomola|Flip Turn|p1a: Pincurchin\n|-damage|p1a: Pincurchin|209/258\n|\n|t:|1781464837\n|switch|p2a: Clodsire|Clodsire, L81, F|343/343|[from] Flip Turn\n|\n|-heal|p1a: Pincurchin|225/258|[from] item: Leftovers\n|upkeep\n|turn|3\n|\n|t:|1781464851\n|switch|p1a: Illumise|Illumise, L91, F|266/266\n|move|p2a: Clodsire|Toxic Spikes|p1a: Illumise\n|-sidestart|p1: rcm4444|move: Toxic Spikes\n|\n|upkeep\n|turn|4\n|\n|t:|1781464861\n|move|p1a: Illumise|Encore|p2a: Clodsire\n|-start|p2a: Clodsire|Encore\n|move|p2a: Clodsire|Toxic Spikes|p1a: Illumise\n|-sidestart|p1: rcm4444|move: Toxic Spikes\n|\n|upkeep\n|turn|5\n|\n|t:|1781464870\n|switch|p2a: Piloswine|Piloswine, L85, M|309/309\n|move|p1a: Illumise|Bug Buzz|p2a: Piloswine\n|-damage|p2a: Piloswine|224/309\n|\n|upkeep\n|turn|6\n|inactive|Battle timer is ON: inactive players will automatically lose when time's up. (requested by pagenfranskane)\n|\n|t:|1781464877\n|move|p1a: Illumise|Bug Buzz|p2a: Piloswine\n|-damage|p2a: Piloswine|143/309\n|move|p2a: Piloswine|Stealth Rock|p1a: Illumise\n|-sidestart|p1: rcm4444|move: Stealth Rock\n|\n|-fieldend|move: Electric Terrain\n|upkeep\n|turn|7\n|\n|t:|1781464885\n|switch|p2a: Clodsire|Clodsire, L81, F|343/343\n|move|p1a: Illumise|Bug Buzz|p2a: Clodsire\n|-resisted|p2a: Clodsire\n|-crit|p2a: Clodsire\n|-damage|p2a: Clodsire|283/343\n|-unboost|p2a: Clodsire|spd|1\n|\n|-heal|p2a: Clodsire|304/343|[from] item: Leftovers\n|upkeep\n|turn|8\n|\n|t:|1781464901\n|move|p1a: Illumise|Bug Buzz|p2a: Clodsire\n|-resisted|p2a: Clodsire\n|-damage|p2a: Clodsire|241/343\n|move|p2a: Clodsire|Poison Jab|p1a: Illumise\n|-damage|p1a: Illumise|196/266\n|\n|-heal|p2a: Clodsire|262/343|[from] item: Leftovers\n|upkeep\n|turn|9\n|\n|t:|1781464917\n|switch|p1a: Rhyperior|Rhyperior, L82, M|323/323\n|-status|p1a: Rhyperior|tox\n|-damage|p1a: Rhyperior|303/323 tox|[from] Stealth Rock\n|switch|p2a: Piloswine|Piloswine, L85, M|143/309\n|\n|-damage|p1a: Rhyperior|283/323 tox|[from] psn\n|upkeep\n|turn|10\n|\n|t:|1781464928\n|move|p2a: Piloswine|Earthquake|p1a: Rhyperior\n|-supereffective|p1a: Rhyperior\n|-damage|p1a: Rhyperior|147/323 tox\n|-enditem|p1a: Rhyperior|Weakness Policy\n|-boost|p1a: Rhyperior|atk|2|[from] item: Weakness Policy\n|-boost|p1a: Rhyperior|spa|2|[from] item: Weakness Policy\n|move|p1a: Rhyperior|Rock Polish|p1a: Rhyperior\n|-boost|p1a: Rhyperior|spe|2\n|\n|-damage|p1a: Rhyperior|107/323 tox|[from] psn\n|upkeep\n|turn|11\n|\n|t:|1781464938\n|move|p2a: Piloswine|Ice Shard|p1a: Rhyperior\n|-supereffective|p1a: Rhyperior\n|-damage|p1a: Rhyperior|52/323 tox\n|move|p1a: Rhyperior|Earthquake|p2a: Piloswine\n|-damage|p2a: Piloswine|0 fnt\n|faint|p2a: Piloswine\n|\n|-damage|p1a: Rhyperior|0 fnt|[from] psn\n|faint|p1a: Rhyperior\n|upkeep\n|\n|t:|1781464950\n|switch|p2a: Alomomola|Alomomola, L87, M|429/429\n|switch|p1a: Pyroar|Pyroar, L88, F|295/295\n|-ability|p1a: Pyroar|Unnerve\n|turn|12\n|\n|t:|1781464964\n|move|p1a: Pyroar|Will-O-Wisp|p2a: Alomomola|[miss]\n|-miss|p1a: Pyroar|p2a: Alomomola\n|move|p2a: Alomomola|Flip Turn|p1a: Pyroar\n|-supereffective|p1a: Pyroar\n|-damage|p1a: Pyroar|169/295\n|\n|t:|1781464973\n|switch|p2a: Flamigo|Flamigo, L82, F|269/269|[from] Flip Turn\n|\n|upkeep\n|turn|13\n|\n|t:|1781464984\n|move|p1a: Pyroar|Will-O-Wisp|p2a: Flamigo\n|-status|p2a: Flamigo|brn\n|move|p2a: Flamigo|Brave Bird|p1a: Pyroar\n|-damage|p1a: Pyroar|78/295\n|-damage|p2a: Flamigo|239/269 brn|[from] Recoil\n|-damage|p2a: Flamigo|213/269 brn|[from] item: Life Orb\n|\n|-damage|p2a: Flamigo|197/269 brn|[from] brn\n|upkeep\n|turn|14\n|\n|t:|1781464996\n|move|p1a: Pyroar|Fire Blast|p2a: Flamigo\n|-damage|p2a: Flamigo|22/269 brn\n|move|p2a: Flamigo|Brave Bird|p1a: Pyroar\n|-damage|p1a: Pyroar|0 fnt\n|faint|p1a: Pyroar\n|-damage|p2a: Flamigo|0 fnt|[from] Recoil\n|faint|p2a: Flamigo\n|\n|upkeep\n|\n|t:|1781465007\n|switch|p1a: Illumise|Illumise, L91, F|196/266\n|switch|p2a: Alomomola|Alomomola, L87, M|429/429\n|turn|15\n|\n|t:|1781465017\n|switch|p2a: Clodsire|Clodsire, L81, F|262/343\n|move|p1a: Illumise|Bug Buzz|p2a: Clodsire\n|-resisted|p2a: Clodsire\n|-damage|p2a: Clodsire|221/343\n|\n|-heal|p2a: Clodsire|242/343|[from] item: Leftovers\n|upkeep\n|turn|16\n|\n|t:|1781465027\n|move|p1a: Illumise|Bug Buzz|p2a: Clodsire\n|-resisted|p2a: Clodsire\n|-damage|p2a: Clodsire|203/343\n|move|p2a: Clodsire|Poison Jab|p1a: Illumise\n|-damage|p1a: Illumise|127/266\n|-status|p1a: Illumise|psn\n|\n|-heal|p2a: Clodsire|224/343|[from] item: Leftovers\n|-damage|p1a: Illumise|94/266 psn|[from] psn\n|upkeep\n|turn|17\n|\n|t:|1781465037\n|move|p1a: Illumise|Encore|p2a: Clodsire\n|-start|p2a: Clodsire|Encore\n|move|p2a: Clodsire|Poison Jab|p1a: Illumise\n|-damage|p1a: Illumise|25/266 psn\n|\n|-heal|p2a: Clodsire|245/343|[from] item: Leftovers\n|-damage|p1a: Illumise|0 fnt|[from] psn\n|faint|p1a: Illumise\n|upkeep\n|\n|t:|1781465048\n|switch|p1a: Deoxys|Deoxys-Attack, L72|141/191\n|-status|p1a: Deoxys|tox\n|-damage|p1a: Deoxys|118/191 tox|[from] Stealth Rock\n|-ability|p1a: Deoxys|Pressure\n|turn|18\n|\n|t:|1781465055\n|switch|p2a: Alomomola|Alomomola, L87, M|429/429\n|move|p1a: Deoxys|Psycho Boost|p2a: Alomomola\n|-damage|p2a: Alomomola|85/429\n|-unboost|p1a: Deoxys|spa|2\n|-damage|p1a: Deoxys|99/191 tox|[from] item: Life Orb\n|\n|-damage|p1a: Deoxys|88/191 tox|[from] psn\n|upkeep\n|turn|19\n|\n|t:|1781465065\n|move|p2a: Alomomola|Protect|p2a: Alomomola\n|-singleturn|p2a: Alomomola|Protect\n|move|p1a: Deoxys|Psycho Boost|p2a: Alomomola\n|-activate|p2a: Alomomola|move: Protect\n|\n|-damage|p1a: Deoxys|66/191 tox|[from] psn\n|upkeep\n|turn|20\n|\n|t:|1781465078\n|switch|p2a: Clodsire|Clodsire, L81, F|245/343\n|move|p1a: Deoxys|Psycho Boost|p2a: Clodsire\n|-supereffective|p2a: Clodsire\n|-damage|p2a: Clodsire|11/343\n|-unboost|p1a: Deoxys|spa|2\n|-damage|p1a: Deoxys|47/191 tox|[from] item: Life Orb\n|\n|-heal|p2a: Clodsire|32/343|[from] item: Leftovers\n|-damage|p1a: Deoxys|14/191 tox|[from] psn\n|upkeep\n|turn|21\n|\n|t:|1781465098\n|move|p1a: Deoxys|Psycho Boost|p2a: Clodsire\n|-supereffective|p2a: Clodsire\n|-damage|p2a: Clodsire|0 fnt\n|-unboost|p1a: Deoxys|spa|2\n|faint|p2a: Clodsire\n|-damage|p1a: Deoxys|0 fnt|[from] item: Life Orb\n|faint|p1a: Deoxys\n|\n|upkeep\n|\n|t:|1781465106\n|switch|p1a: Pincurchin|Pincurchin, F|225/258\n|switch|p2a: Alomomola|Alomomola, L87, M|228/429\n|-status|p1a: Pincurchin|tox\n|-damage|p1a: Pincurchin|193/258 tox|[from] Stealth Rock\n|-fieldstart|move: Electric Terrain|[from] ability: Electric Surge|[of] p1a: Pincurchin\n|turn|22\n|\n|t:|1781465116\n|move|p2a: Alomomola|Protect|p2a: Alomomola\n|-singleturn|p2a: Alomomola|Protect\n|move|p1a: Pincurchin|Zing Zap|p2a: Alomomola\n|-activate|p2a: Alomomola|move: Protect\n|\n|-heal|p1a: Pincurchin|209/258 tox|[from] item: Leftovers\n|-damage|p1a: Pincurchin|193/258 tox|[from] psn\n|upkeep\n|turn|23\n|\n|t:|1781465125\n|move|p2a: Alomomola|Flip Turn|p1a: Pincurchin\n|-damage|p1a: Pincurchin|147/258 tox\n|\n|t:|1781465137\n|switch|p2a: Sandslash|Sandslash-Alola, L88, M|275/275|[from] Flip Turn\n|move|p1a: Pincurchin|Zing Zap|p2a: Sandslash\n|-damage|p2a: Sandslash|149/275\n|\n|-heal|p1a: Pincurchin|163/258 tox|[from] item: Leftovers\n|-damage|p1a: Pincurchin|131/258 tox|[from] psn\n|upkeep\n|turn|24\n|\n|t:|1781465149\n|move|p2a: Sandslash|Triple Axel|p1a: Pincurchin\n|-damage|p1a: Pincurchin|106/258 tox\n|-damage|p1a: Pincurchin|55/258 tox\n|-damage|p1a: Pincurchin|0 fnt\n|faint|p1a: Pincurchin\n|-hitcount|p1: Pincurchin|3\n|-damage|p2a: Sandslash|122/275|[from] item: Life Orb\n|\n|upkeep\n|\n|t:|1781465157\n|switch|p1a: Ditto|Ditto, L87|225/225\n|-status|p1a: Ditto|tox\n|-damage|p1a: Ditto|197/225 tox|[from] Stealth Rock\n|-transform|p1a: Ditto|p2a: Sandslash|[from] ability: Imposter\n|turn|25\n|\n|t:|1781465167\n|move|p1a: Ditto|Earthquake|p2a: Sandslash\n|-supereffective|p2a: Sandslash\n|-damage|p2a: Sandslash|0 fnt\n|faint|p2a: Sandslash\n|\n|-damage|p1a: Ditto|183/225 tox|[from] psn\n|upkeep\n|\n|t:|1781465170\n|switch|p2a: Alomomola|Alomomola, L87, M|371/429\n|turn|26\n|\n|t:|1781465178\n|move|p2a: Alomomola|Protect|p2a: Alomomola\n|-singleturn|p2a: Alomomola|Protect\n|move|p1a: Ditto|Earthquake|p2a: Alomomola\n|-activate|p2a: Alomomola|move: Protect\n|\n|-damage|p1a: Ditto|155/225 tox|[from] psn\n|-fieldend|move: Electric Terrain\n|upkeep\n|turn|27\n|-message|rcm4444 forfeited.\n|\n|win|pagenfranskane\n|raw|rcm4444's rating: 1875 &rarr; <strong>1858</strong><br />(-17 for losing)\n|raw|pagenfranskane's rating: 1929 &rarr; <strong>1946</strong><br />(+17 for winning)\n", "inputlog": ">version a8376a258c1d4662feba110a92103f3664a72141\n>start {\"formatid\":\"gen9randombattle\",\"seed\":\"sodium,64c954d54056c2b5614ca151fbe74280\",\"rated\":\"Rated battle\"}\n>player p1 {\"name\":\"rcm4444\",\"avatar\":\"266\",\"rating\":1875,\"seed\":\"sodium,a6ef606aa85e6a9e603b2a095f347997\"}\n>player p2 {\"name\":\"pagenfranskane\",\"avatar\":\"battlegirl\",\"rating\":1929,\"seed\":\"sodium,42ff548d3ddd1025f30080fd201a5a06\"}\n>p1 move knockoff\n>p2 switch 5\n>p1 switch 4\n>p2 move flipturn\n>p2 switch 5\n>p1 switch 2\n>p2 move toxicspikes\n>p1 move encore\n>p2 move poisonjab\n>p1 move bugbuzz\n>p2 switch 2\n>p1 move bugbuzz\n>p2 move stealthrock\n>p1 move bugbuzz\n>p2 switch 2\n>p1 move bugbuzz\n>p2 move poisonjab\n>p1 switch 3\n>p2 switch 2\n>p1 move rockpolish\n>p2 move earthquake\n>p1 move earthquake\n>p2 move iceshard\n>p1 switch 5\n>p2 switch 5\n>p1 move willowisp\n>p2 move flipturn\n>p2 switch 3\n>p1 move willowisp\n>p2 move bravebird\n>p1 move fireblast\n>p2 move bravebird\n>p1 switch 3\n>p2 switch 3\n>p1 move bugbuzz\n>p2 switch 2\n>p1 move bugbuzz\n>p2 move poisonjab\n>p1 move encore\n>p2 move recover\n>p1 switch 4\n>p1 move psychoboost\n>p2 switch 2\n>p1 move psychoboost\n>p2 move protect\n>p1 move psychoboost\n>p2 switch 2\n>p1 move psychoboost\n>p2 move recover\n>p1 switch 2\n>p2 switch 2\n>p1 move zingzap\n>p2 move protect\n>p1 move zingzap\n>p2 move flipturn\n>p2 switch 4\n>p1 move zingzap\n>p2 move tripleaxel\n>p1 switch 6\n>p1 move earthquake\n>p2 move earthquake\n>p2 switch 4\n>p1 move earthquake\n>p2 move protect\n>forcelose p1", "uploadtime": 1781465182, "views": 6, "formatid": "gen9randombattle", "rating": 1858, "private": 0, "password": null}