{"id": "gen9randombattle-2631988331", "format": "[Gen 9] Random Battle", "players": ["Sango North", "newsock"], "log": "|j|\u2606Sango North\n|j|\u2606newsock\n|t:|1781463196\n|gametype|singles\n|player|p1|Sango North|1|1960\n|player|p2|newsock|1|1923\n|gen|9\n|tier|[Gen 9] Random Battle\n|rated|\n|rule|Species Clause: Limit one of each Pok\u00e9mon\n|rule|HP Percentage Mod: HP is shown in percentages\n|rule|Sleep Clause Mod: Limit one foe put to sleep\n|rule|Illusion Level Mod: Illusion disguises the Pok\u00e9mon's true level\n|\n|t:|1781463196\n|teamsize|p1|6\n|teamsize|p2|6\n|start\n|switch|p1a: Chien-Pao|Chien-Pao, L72|234/234\n|switch|p2a: Corviknight|Corviknight, L80, F|288/288\n|-ability|p1a: Chien-Pao|Sword of Ruin\n|-ability|p2a: Corviknight|Pressure\n|turn|1\n|inactive|Battle timer is ON: inactive players will automatically lose when time's up. (requested by newsock)\n|\n|t:|1781463226\n|switch|p1a: Poliwrath|Poliwrath, L88, M|302/302\n|move|p2a: Corviknight|Body Press|p1a: Poliwrath\n|-damage|p1a: Poliwrath|252/302\n|\n|upkeep\n|turn|2\n|\n|t:|1781463241\n|move|p2a: Corviknight|Brave Bird|p1a: Poliwrath\n|-supereffective|p1a: Poliwrath\n|-damage|p1a: Poliwrath|42/302\n|-damage|p2a: Corviknight|219/288|[from] Recoil\n|move|p1a: Poliwrath|Circle Throw|p2a: Corviknight|[miss]\n|-miss|p1a: Poliwrath|p2a: Corviknight\n|\n|-heal|p2a: Corviknight|237/288|[from] item: Leftovers\n|upkeep\n|turn|3\n|\n|t:|1781463256\n|move|p1a: Poliwrath|Knock Off|p2a: Corviknight\n|-damage|p2a: Corviknight|164/288\n|-enditem|p2a: Corviknight|Leftovers|[from] move: Knock Off|[of] p1a: Poliwrath\n|move|p2a: Corviknight|Body Press|p1a: Poliwrath\n|-damage|p1a: Poliwrath|0 fnt\n|faint|p1a: Poliwrath\n|\n|upkeep\n|\n|t:|1781463267\n|switch|p1a: Volbeat|Volbeat, L90, M|263/263\n|turn|4\n|inactive|newsock has 120 seconds left.\n|\n|t:|1781463297\n|switch|p2a: Quagsire|Quagsire, L84, M|297/297\n|move|p1a: Volbeat|Thunder Wave|p2a: Quagsire\n|-immune|p2a: Quagsire\n|\n|upkeep\n|turn|5\n|\n|t:|1781463315\n|move|p1a: Volbeat|U-turn|p2a: Quagsire\n|-damage|p2a: Quagsire|230/297\n|\n|t:|1781463317\n|switch|p1a: Chesnaught|Chesnaught, L84, M|285/285|[from] U-turn\n|move|p2a: Quagsire|Toxic|p1a: Chesnaught\n|-status|p1a: Chesnaught|tox\n|\n|-heal|p2a: Quagsire|248/297|[from] item: Leftovers\n|-damage|p1a: Chesnaught|268/285 tox|[from] psn\n|upkeep\n|turn|6\n|\n|t:|1781463325\n|switch|p2a: Corviknight|Corviknight, L80, F|164/288\n|-ability|p2a: Corviknight|Pressure\n|move|p1a: Chesnaught|Iron Defense|p1a: Chesnaught\n|-boost|p1a: Chesnaught|def|2\n|\n|-heal|p1a: Chesnaught|285/285 tox|[from] item: Leftovers\n|-damage|p1a: Chesnaught|251/285 tox|[from] psn\n|upkeep\n|turn|7\n|\n|t:|1781463342\n|switch|p2a: Quagsire|Quagsire, L84, M|248/297\n|move|p1a: Chesnaught|Body Press|p2a: Quagsire\n|-damage|p2a: Quagsire|134/297\n|\n|-heal|p1a: Chesnaught|268/285 tox|[from] item: Leftovers\n|-heal|p2a: Quagsire|152/297|[from] item: Leftovers\n|-damage|p1a: Chesnaught|217/285 tox|[from] psn\n|upkeep\n|turn|8\n|\n|t:|1781463347\n|switch|p2a: Corviknight|Corviknight, L80, F|164/288\n|-ability|p2a: Corviknight|Pressure\n|move|p1a: Chesnaught|Trailblaze|p2a: Corviknight\n|-resisted|p2a: Corviknight\n|-damage|p2a: Corviknight|151/288\n|-boost|p1a: Chesnaught|spe|1\n|\n|-heal|p1a: Chesnaught|234/285 tox|[from] item: Leftovers\n|-damage|p1a: Chesnaught|166/285 tox|[from] psn\n|upkeep\n|turn|9\n|\n|t:|1781463354\n|move|p1a: Chesnaught|Body Press|p2a: Corviknight\n|-damage|p2a: Corviknight|0 fnt\n|faint|p2a: Corviknight\n|\n|-heal|p1a: Chesnaught|183/285 tox|[from] item: Leftovers\n|-damage|p1a: Chesnaught|98/285 tox|[from] psn\n|upkeep\n|\n|t:|1781463357\n|switch|p2a: Tsareena|Tsareena, L87, F|267/267\n|turn|10\n|\n|t:|1781463363\n|move|p1a: Chesnaught|Body Press|p2a: Tsareena\n|-damage|p2a: Tsareena|75/267\n|move|p2a: Tsareena|U-turn|p1a: Chesnaught\n|-damage|p1a: Chesnaught|76/285 tox\n|\n|t:|1781463371\n|switch|p2a: Quagsire|Quagsire, L84, M|152/297|[from] U-turn\n|\n|-heal|p1a: Chesnaught|93/285 tox|[from] item: Leftovers\n|-heal|p2a: Quagsire|170/297|[from] item: Leftovers\n|-damage|p1a: Chesnaught|0 fnt|[from] psn\n|faint|p1a: Chesnaught\n|upkeep\n|\n|t:|1781463378\n|switch|p1a: Chien-Pao|Chien-Pao, L72|234/234\n|-ability|p1a: Chien-Pao|Sword of Ruin\n|turn|11\n|\n|t:|1781463394\n|-terastallize|p1a: Chien-Pao|Dark\n|move|p1a: Chien-Pao|Throat Chop|p2a: Quagsire\n|-damage|p2a: Quagsire|0 fnt\n|faint|p2a: Quagsire\n|\n|upkeep\n|\n|t:|1781463403\n|switch|p2a: Crabominable|Crabominable, L90, M|321/321\n|turn|12\n|\n|t:|1781463408\n|switch|p1a: Volbeat|Volbeat, L90, M|263/263\n|move|p2a: Crabominable|Ice Hammer|p1a: Volbeat\n|-damage|p1a: Volbeat|0 fnt\n|-unboost|p2a: Crabominable|spe|1\n|faint|p1a: Volbeat\n|\n|upkeep\n|\n|t:|1781463418\n|switch|p1a: Drednaw|Drednaw, L81, F|278/278\n|turn|13\n|\n|t:|1781463431\n|switch|p2a: Tsareena|Tsareena, L87, F|75/267\n|move|p1a: Drednaw|Shell Smash|p1a: Drednaw\n|-unboost|p1a: Drednaw|def|1\n|-unboost|p1a: Drednaw|spd|1\n|-boost|p1a: Drednaw|atk|2\n|-boost|p1a: Drednaw|spa|2\n|-boost|p1a: Drednaw|spe|2\n|-enditem|p1a: Drednaw|White Herb\n|-clearnegativeboost|p1a: Drednaw|[silent]\n|\n|upkeep\n|turn|14\n|\n|t:|1781463437\n|move|p1a: Drednaw|Liquidation|p2a: Tsareena\n|-resisted|p2a: Tsareena\n|-damage|p2a: Tsareena|0 fnt\n|faint|p2a: Tsareena\n|\n|upkeep\n|\n|t:|1781463463\n|switch|p2a: Crabominable|Crabominable, L90, M|321/321\n|turn|15\n|\n|t:|1781463482\n|move|p1a: Drednaw|Liquidation|p2a: Crabominable\n|-damage|p2a: Crabominable|123/321\n|move|p2a: Crabominable|Close Combat|p1a: Drednaw\n|-supereffective|p1a: Drednaw\n|-damage|p1a: Drednaw|0 fnt\n|-unboost|p2a: Crabominable|def|1\n|-unboost|p2a: Crabominable|spd|1\n|faint|p1a: Drednaw\n|\n|upkeep\n|\n|t:|1781463487\n|switch|p1a: Dugtrio|Dugtrio, L84, M|196/196\n|turn|16\n|\n|t:|1781463493\n|move|p1a: Dugtrio|Earthquake|p2a: Crabominable\n|-damage|p2a: Crabominable|0 fnt\n|faint|p2a: Crabominable\n|\n|upkeep\n|\n|t:|1781463499\n|switch|p2a: Tatsugiri|Tatsugiri, L87, F|260/260\n|turn|17\n|\n|t:|1781463508\n|move|p1a: Dugtrio|Earthquake|p2a: Tatsugiri\n|-damage|p2a: Tatsugiri|55/260\n|move|p2a: Tatsugiri|Rapid Spin|p1a: Dugtrio\n|-damage|p1a: Dugtrio|161/196\n|-boost|p2a: Tatsugiri|spe|1\n|\n|upkeep\n|turn|18\n|\n|t:|1781463520\n|move|p2a: Tatsugiri|Draco Meteor|p1a: Dugtrio\n|-damage|p1a: Dugtrio|0 fnt\n|-unboost|p2a: Tatsugiri|spa|2\n|faint|p1a: Dugtrio\n|\n|upkeep\n|\n|t:|1781463523\n|switch|p1a: Chien-Pao|Chien-Pao, L72, tera:Dark|234/234\n|-ability|p1a: Chien-Pao|Sword of Ruin\n|turn|19\n|\n|t:|1781463531\n|move|p2a: Tatsugiri|Hydro Pump|p1a: Chien-Pao\n|-damage|p1a: Chien-Pao|134/234\n|move|p1a: Chien-Pao|Throat Chop|p2a: Tatsugiri\n|-damage|p2a: Tatsugiri|0 fnt\n|faint|p2a: Tatsugiri\n|\n|upkeep\n|\n|t:|1781463537\n|switch|p2a: Mewtwo|Mewtwo, L72|272/272\n|-ability|p2a: Mewtwo|Unnerve\n|turn|20\n|\n|t:|1781463541\n|-terastallize|p2a: Mewtwo|Fighting\n|move|p1a: Chien-Pao|Throat Chop|p2a: Mewtwo\n|-resisted|p2a: Mewtwo\n|-damage|p2a: Mewtwo|160/272\n|-start|p2a: Mewtwo|Throat Chop|[silent]\n|move|p2a: Mewtwo|Aura Sphere|p1a: Chien-Pao\n|-supereffective|p1a: Chien-Pao\n|-damage|p1a: Chien-Pao|0 fnt\n|faint|p1a: Chien-Pao\n|-damage|p2a: Mewtwo|133/272|[from] item: Life Orb\n|\n|win|newsock\n", "uploadtime": 1781463198, "views": 3, "formatid": "gen9randombattle", "rating": null, "private": 0, "password": null}