{"id": "gen9randombattle-2631959404", "format": "[Gen 9] Random Battle", "players": ["ice59", "PadreDeAspi"], "log": "|j|\u2606ice59\n|j|\u2606PadreDeAspi\n|t:|1781460036\n|gametype|singles\n|player|p1|ice59|101|1161\n|player|p2|PadreDeAspi|marlon|1118\n|gen|9\n|tier|[Gen 9] Random Battle\n|rated|\n|rule|Species Clause: Limit one of each Pok\u00e9mon\n|rule|HP Percentage Mod: HP is shown in percentages\n|rule|Sleep Clause Mod: Limit one foe put to sleep\n|rule|Illusion Level Mod: Illusion disguises the Pok\u00e9mon's true level\n|\n|t:|1781460036\n|teamsize|p1|6\n|teamsize|p2|6\n|start\n|switch|p1a: Reuniclus|Reuniclus, L88, M|337/337\n|switch|p2a: Volcanion|Volcanion, L79|255/255\n|turn|1\n|inactive|Battle timer is ON: inactive players will automatically lose when time's up. (requested by ice59)\n|\n|t:|1781460061\n|move|p2a: Volcanion|Flame Charge|p1a: Reuniclus\n|-damage|p1a: Reuniclus|283/337\n|-boost|p2a: Volcanion|spe|1\n|move|p1a: Reuniclus|Calm Mind|p1a: Reuniclus\n|-boost|p1a: Reuniclus|spa|1\n|-boost|p1a: Reuniclus|spd|1\n|\n|upkeep\n|turn|2\n|\n|t:|1781460073\n|move|p2a: Volcanion|Steam Eruption|p1a: Reuniclus\n|-damage|p1a: Reuniclus|204/337\n|move|p1a: Reuniclus|Calm Mind|p1a: Reuniclus\n|-boost|p1a: Reuniclus|spa|1\n|-boost|p1a: Reuniclus|spd|1\n|\n|upkeep\n|turn|3\n|\n|t:|1781460080\n|move|p2a: Volcanion|Steam Eruption|p1a: Reuniclus\n|-damage|p1a: Reuniclus|135/337\n|move|p1a: Reuniclus|Recover|p1a: Reuniclus\n|-heal|p1a: Reuniclus|304/337\n|\n|upkeep\n|turn|4\n|\n|t:|1781460087\n|move|p2a: Volcanion|Steam Eruption|p1a: Reuniclus\n|-damage|p1a: Reuniclus|241/337\n|-status|p1a: Reuniclus|brn\n|move|p1a: Reuniclus|Calm Mind|p1a: Reuniclus\n|-boost|p1a: Reuniclus|spa|1\n|-boost|p1a: Reuniclus|spd|1\n|\n|upkeep\n|turn|5\n|\n|t:|1781460103\n|move|p2a: Volcanion|Steam Eruption|p1a: Reuniclus\n|-damage|p1a: Reuniclus|187/337 brn\n|move|p1a: Reuniclus|Psychic|p2a: Volcanion\n|-damage|p2a: Volcanion|0 fnt\n|faint|p2a: Volcanion\n|\n|upkeep\n|inactive|PadreDeAspi has 120 seconds left.\n|\n|t:|1781460140\n|switch|p2a: Arceus|Arceus-Electric, L70|284/284\n|turn|6\n|\n|t:|1781460146\n|move|p2a: Arceus|Judgment|p1a: Reuniclus\n|-damage|p1a: Reuniclus|144/337 brn\n|move|p1a: Reuniclus|Psychic|p2a: Arceus\n|-damage|p2a: Arceus|0 fnt\n|faint|p2a: Arceus\n|\n|upkeep\n|\n|t:|1781460154\n|switch|p2a: Decidueye|Decidueye-Hisui, L87, F|295/295\n|turn|7\n|\n|t:|1781460166\n|move|p2a: Decidueye|Sucker Punch||[still]\n|-fail|p2a: Decidueye\n|move|p1a: Reuniclus|Recover|p1a: Reuniclus\n|-heal|p1a: Reuniclus|313/337 brn\n|\n|upkeep\n|turn|8\n|\n|t:|1781460172\n|move|p2a: Decidueye|Sucker Punch||[still]\n|-fail|p2a: Decidueye\n|move|p1a: Reuniclus|Calm Mind|p1a: Reuniclus\n|-boost|p1a: Reuniclus|spa|1\n|-boost|p1a: Reuniclus|spd|1\n|\n|upkeep\n|turn|9\n|\n|t:|1781460183\n|move|p2a: Decidueye|Leaf Blade|p1a: Reuniclus\n|-damage|p1a: Reuniclus|193/337 brn\n|move|p1a: Reuniclus|Calm Mind|p1a: Reuniclus\n|-boost|p1a: Reuniclus|spa|1\n|-boost|p1a: Reuniclus|spd|1\n|\n|upkeep\n|turn|10\n|\n|t:|1781460191\n|move|p2a: Decidueye|Sucker Punch||[still]\n|-fail|p2a: Decidueye\n|move|p1a: Reuniclus|Recover|p1a: Reuniclus\n|-heal|p1a: Reuniclus|337/337 brn\n|\n|upkeep\n|turn|11\n|\n|t:|1781460206\n|move|p2a: Decidueye|Sucker Punch||[still]\n|-fail|p2a: Decidueye\n|move|p1a: Reuniclus|Calm Mind|p1a: Reuniclus\n|-boost|p1a: Reuniclus|spa|1\n|-boost|p1a: Reuniclus|spd|1\n|\n|upkeep\n|turn|12\n|\n|t:|1781460217\n|move|p2a: Decidueye|Leaf Blade|p1a: Reuniclus\n|-damage|p1a: Reuniclus|208/337 brn\n|move|p1a: Reuniclus|Psychic|p2a: Decidueye\n|-supereffective|p2a: Decidueye\n|-damage|p2a: Decidueye|0 fnt\n|faint|p2a: Decidueye\n|\n|upkeep\n|\n|t:|1781460227\n|switch|p2a: Ogerpon|Ogerpon, L80, F|259/259\n|turn|13\n|\n|t:|1781460232\n|move|p2a: Ogerpon|Encore|p1a: Reuniclus\n|-start|p1a: Reuniclus|Encore\n|move|p1a: Reuniclus|Psychic|p2a: Ogerpon\n|-damage|p2a: Ogerpon|0 fnt\n|faint|p2a: Ogerpon\n|\n|upkeep\n|\n|t:|1781460240\n|switch|p2a: Dragalge|Dragalge, L88, F|258/258\n|turn|14\n|\n|t:|1781460246\n|move|p2a: Dragalge|Draco Meteor|p1a: Reuniclus\n|-damage|p1a: Reuniclus|162/337 brn\n|-unboost|p2a: Dragalge|spa|2\n|move|p1a: Reuniclus|Psychic|p2a: Dragalge\n|-supereffective|p2a: Dragalge\n|-damage|p2a: Dragalge|0 fnt\n|faint|p2a: Dragalge\n|\n|upkeep\n|\n|t:|1781460254\n|switch|p2a: Forretress|Forretress, L84, M|263/263\n|turn|15\n|\n|t:|1781460260\n|move|p2a: Forretress|Iron Head|p1a: Reuniclus\n|-damage|p1a: Reuniclus|77/337 brn\n|move|p1a: Reuniclus|Psychic|p2a: Forretress\n|-resisted|p2a: Forretress\n|-ability|p2a: Forretress|Sturdy\n|-damage|p2a: Forretress|1/263\n|\n|-heal|p2a: Forretress|17/263|[from] item: Leftovers\n|-end|p1a: Reuniclus|Encore\n|upkeep\n|turn|16\n|\n|t:|1781460274\n|move|p2a: Forretress|Iron Head|p1a: Reuniclus\n|-damage|p1a: Reuniclus|0 fnt\n|faint|p1a: Reuniclus\n|\n|-heal|p2a: Forretress|33/263|[from] item: Leftovers\n|upkeep\n|\n|t:|1781460285\n|switch|p1a: Ribombee|Ribombee, L83, F|235/235\n|turn|17\n|\n|t:|1781460290\n|move|p1a: Ribombee|Moonblast|p2a: Forretress\n|-resisted|p2a: Forretress\n|-damage|p2a: Forretress|0 fnt\n|faint|p2a: Forretress\n|\n|win|ice59\n|raw|ice59's rating: 1161 &rarr; <strong>1183</strong><br />(+22 for winning)\n|raw|PadreDeAspi's rating: 1118 &rarr; <strong>1096</strong><br />(-22 for losing)\n|l|\u2606PadreDeAspi\n|player|p2|\n", "inputlog": ">version a8376a258c1d4662feba110a92103f3664a72141\n>start {\"formatid\":\"gen9randombattle\",\"seed\":\"sodium,14502d799c3c3d18af4445e2feee6ffe\",\"rated\":\"Rated battle\"}\n>player p1 {\"name\":\"ice59\",\"avatar\":\"101\",\"rating\":1161,\"seed\":\"sodium,4925ec94095f973cf7ac1530afabf9c5\"}\n>player p2 {\"name\":\"PadreDeAspi\",\"avatar\":\"marlon\",\"rating\":1118,\"seed\":\"sodium,ac346076c9ae6a7c12f2cce3e4d97624\"}\n>p1 move calmmind\n>p2 move flamecharge\n>p1 move calmmind\n>p2 move steameruption\n>p1 move recover\n>p2 move steameruption\n>p1 move calmmind\n>p2 move steameruption\n>p1 move psychic\n>p2 move steameruption\n>p2 switch 2\n>p1 move psychic\n>p2 move judgment\n>p2 switch 6\n>p1 move recover\n>p2 move suckerpunch\n>p1 move calmmind\n>p2 move suckerpunch\n>p1 move calmmind\n>p2 move leafblade\n>p1 move recover\n>p2 move suckerpunch\n>p1 move calmmind\n>p2 move suckerpunch\n>p1 move psychic\n>p2 move leafblade\n>p2 switch 5\n>p1 move psychic\n>p2 move encore\n>p2 switch 4\n>p1 move psychic\n>p2 move dracometeor\n>p2 switch 3\n>p1 move psychic\n>p2 move ironhead\n>p1 move recover\n>p2 move ironhead\n>p1 switch 2\n>p1 move moonblast\n>p2 move ironhead", "uploadtime": 1781460299, "views": 29, "formatid": "gen9randombattle", "rating": 1096, "private": 0, "password": null}