{"id": "gen9randombattle-2631962145", "format": "[Gen 9] Random Battle", "players": ["Ciuwy", "mysticle\u2666marshadow"], "log": "|j|\u2606Ciuwy\n|j|\u2606mysticle\u2666marshadow\n|t:|1781460331\n|gametype|singles\n|player|p1|Ciuwy|cynthia-gen4|1973\n|player|p2|mysticle\u2666marshadow|unknownf|1914\n|gen|9\n|tier|[Gen 9] Random Battle\n|rated|\n|rule|Species Clause: Limit one of each Pok\u00e9mon\n|rule|HP Percentage Mod: HP is shown in percentages\n|rule|Sleep Clause Mod: Limit one foe put to sleep\n|rule|Illusion Level Mod: Illusion disguises the Pok\u00e9mon's true level\n|\n|t:|1781460331\n|teamsize|p1|6\n|teamsize|p2|6\n|start\n|switch|p1a: Cresselia|Cresselia, L80, F|323/323\n|switch|p2a: Manaphy|Manaphy, L78|284/284\n|turn|1\n|inactive|Battle timer is ON: inactive players will automatically lose when time's up. (requested by Ciuwy)\n|\n|t:|1781460351\n|switch|p1a: Toxicroak|Toxicroak, L84, F|277/277\n|move|p2a: Manaphy|Tail Glow|p2a: Manaphy\n|-boost|p2a: Manaphy|spa|3\n|\n|upkeep\n|turn|2\n|\n|t:|1781460361\n|move|p2a: Manaphy|Ice Beam|p1a: Toxicroak\n|-crit|p1a: Toxicroak\n|-damage|p1a: Toxicroak|6/277\n|move|p1a: Toxicroak|Close Combat|p2a: Manaphy\n|-damage|p2a: Manaphy|127/284\n|-unboost|p1a: Toxicroak|def|1\n|-unboost|p1a: Toxicroak|spd|1\n|-damage|p1a: Toxicroak|0 fnt|[from] item: Life Orb\n|faint|p1a: Toxicroak\n|\n|-heal|p2a: Manaphy|144/284|[from] item: Leftovers\n|upkeep\n|\n|t:|1781460379\n|switch|p1a: Dialga|Dialga-Origin, L73|266/266\n|-ability|p1a: Dialga|Pressure\n|turn|3\n|\n|t:|1781460390\n|move|p2a: Manaphy|Ice Beam|p1a: Dialga\n|-damage|p1a: Dialga|148/266\n|move|p1a: Dialga|Dragon Tail|p2a: Manaphy|[miss]\n|-miss|p1a: Dialga|p2a: Manaphy\n|\n|-heal|p2a: Manaphy|161/284|[from] item: Leftovers\n|upkeep\n|turn|4\n|\n|t:|1781460394\n|move|p2a: Manaphy|Ice Beam|p1a: Dialga\n|-damage|p1a: Dialga|28/266\n|move|p1a: Dialga|Dragon Tail|p2a: Manaphy\n|-damage|p2a: Manaphy|98/284\n|drag|p2a: Cresselia|Cresselia, L80, F|323/323\n|\n|upkeep\n|turn|5\n|\n|t:|1781460402\n|move|p2a: Cresselia|Moonblast|p1a: Dialga\n|-damage|p1a: Dialga|0 fnt\n|faint|p1a: Dialga\n|\n|upkeep\n|\n|t:|1781460405\n|switch|p1a: Ursaring|Ursaring, L84, F|288/288\n|turn|6\n|\n|t:|1781460411\n|switch|p2a: Persian|Persian, L92, M|269/269\n|move|p1a: Ursaring|Body Slam|p2a: Persian\n|-crit|p2a: Persian\n|-damage|p2a: Persian|82/269\n|\n|upkeep\n|turn|7\n|\n|t:|1781460419\n|move|p2a: Persian|Knock Off|p1a: Ursaring\n|-damage|p1a: Ursaring|235/288\n|-enditem|p1a: Ursaring|Eviolite|[from] move: Knock Off|[of] p2a: Persian\n|move|p1a: Ursaring|Body Slam|p2a: Persian\n|-damage|p2a: Persian|0 fnt\n|faint|p2a: Persian\n|\n|upkeep\n|\n|t:|1781460431\n|switch|p2a: Scovillain|Scovillain, L91, F|266/266\n|turn|8\n|\n|t:|1781460446\n|move|p2a: Scovillain|Flamethrower|p1a: Ursaring\n|-damage|p1a: Ursaring|100/288\n|move|p1a: Ursaring|Body Slam|p2a: Scovillain\n|-damage|p2a: Scovillain|134/266\n|\n|upkeep\n|turn|9\n|\n|t:|1781460453\n|move|p2a: Scovillain|Flamethrower|p1a: Ursaring\n|-crit|p1a: Ursaring\n|-damage|p1a: Ursaring|0 fnt\n|faint|p1a: Ursaring\n|\n|upkeep\n|\n|t:|1781460456\n|switch|p1a: Conkeldurr|Conkeldurr, L80, M|299/299\n|turn|10\n|\n|t:|1781460475\n|move|p2a: Scovillain|Flamethrower|p1a: Conkeldurr\n|-damage|p1a: Conkeldurr|134/299\n|move|p1a: Conkeldurr|Close Combat|p2a: Scovillain\n|-damage|p2a: Scovillain|0 fnt\n|-unboost|p1a: Conkeldurr|def|1\n|-unboost|p1a: Conkeldurr|spd|1\n|faint|p2a: Scovillain\n|\n|-status|p1a: Conkeldurr|brn|[from] item: Flame Orb\n|upkeep\n|\n|t:|1781460482\n|switch|p2a: Cresselia|Cresselia, L80, F|323/323\n|turn|11\n|\n|t:|1781460493\n|switch|p1a: Arboliva|Arboliva, L91, F|288/288\n|move|p2a: Cresselia|Psyshock|p1a: Arboliva\n|-damage|p1a: Arboliva|228/288\n|\n|upkeep\n|turn|12\n|\n|t:|1781460502\n|switch|p2a: Morpeko|Morpeko, L88, F|245/245\n|move|p1a: Arboliva|Leech Seed|p2a: Morpeko\n|-start|p2a: Morpeko|move: Leech Seed\n|\n|-damage|p2a: Morpeko|215/245|[from] Leech Seed|[of] p1a: Arboliva\n|-heal|p1a: Arboliva|258/288|[silent]\n|-formechange|p2a: Morpeko|Morpeko-Hangry||[from] ability: Hunger Switch\n|upkeep\n|turn|13\n|\n|t:|1781460508\n|move|p1a: Arboliva|Protect|p1a: Arboliva\n|-singleturn|p1a: Arboliva|Protect\n|move|p2a: Morpeko|Aura Wheel|p1a: Arboliva\n|-activate|p1a: Arboliva|move: Protect\n|\n|-damage|p2a: Morpeko|185/245|[from] Leech Seed|[of] p1a: Arboliva\n|-heal|p1a: Arboliva|288/288|[silent]\n|-formechange|p2a: Morpeko|Morpeko||[from] ability: Hunger Switch\n|upkeep\n|turn|14\n|\n|t:|1781460513\n|move|p2a: Morpeko|Rapid Spin|p1a: Arboliva\n|-damage|p1a: Arboliva|253/288\n|-boost|p2a: Morpeko|spe|1\n|-end|p2a: Morpeko|Leech Seed|[from] move: Rapid Spin|[of] p2a: Morpeko\n|move|p1a: Arboliva|Substitute|p1a: Arboliva\n|-start|p1a: Arboliva|Substitute\n|-damage|p1a: Arboliva|181/288\n|\n|-formechange|p2a: Morpeko|Morpeko-Hangry||[from] ability: Hunger Switch\n|upkeep\n|turn|15\n|\n|t:|1781460518\n|move|p2a: Morpeko|Aura Wheel|p1a: Arboliva\n|-end|p1a: Arboliva|Substitute\n|-boost|p2a: Morpeko|spe|1\n|move|p1a: Arboliva|Hyper Voice|p2a: Morpeko\n|-damage|p2a: Morpeko|20/245\n|\n|-formechange|p2a: Morpeko|Morpeko||[from] ability: Hunger Switch\n|upkeep\n|turn|16\n|\n|t:|1781460525\n|move|p2a: Morpeko|Parting Shot|p1a: Arboliva\n|-unboost|p1a: Arboliva|atk|1\n|-unboost|p1a: Arboliva|spa|1\n|\n|t:|1781460528\n|switch|p2a: Gouging Fire|Gouging Fire, L74|277/277|[from] Parting Shot\n|move|p1a: Arboliva|Leech Seed|p2a: Gouging Fire\n|-start|p2a: Gouging Fire|move: Leech Seed\n|\n|-damage|p2a: Gouging Fire|243/277|[from] Leech Seed|[of] p1a: Arboliva\n|-heal|p1a: Arboliva|215/288|[silent]\n|upkeep\n|turn|17\n|\n|t:|1781460536\n|-end|p2a: Gouging Fire|Protosynthesis|[silent]\n|switch|p2a: Manaphy|Manaphy, L78|98/284\n|switch|p1a: Cresselia|Cresselia, L80, F|323/323\n|\n|-heal|p2a: Manaphy|115/284|[from] item: Leftovers\n|upkeep\n|turn|18\n|\n|t:|1781460544\n|move|p2a: Manaphy|Tail Glow|p2a: Manaphy\n|-boost|p2a: Manaphy|spa|3\n|move|p1a: Cresselia|Calm Mind|p1a: Cresselia\n|-boost|p1a: Cresselia|spa|1\n|-boost|p1a: Cresselia|spd|1\n|\n|-heal|p2a: Manaphy|132/284|[from] item: Leftovers\n|upkeep\n|turn|19\n|\n|t:|1781460547\n|move|p2a: Manaphy|Surf|p1a: Cresselia\n|-damage|p1a: Cresselia|212/323\n|move|p1a: Cresselia|Calm Mind|p1a: Cresselia\n|-boost|p1a: Cresselia|spa|1\n|-boost|p1a: Cresselia|spd|1\n|\n|-heal|p2a: Manaphy|149/284|[from] item: Leftovers\n|-heal|p1a: Cresselia|232/323|[from] item: Leftovers\n|upkeep\n|turn|20\n|\n|t:|1781460555\n|move|p2a: Manaphy|Tail Glow|p2a: Manaphy\n|-boost|p2a: Manaphy|spa|3\n|move|p1a: Cresselia|Calm Mind|p1a: Cresselia\n|-boost|p1a: Cresselia|spa|1\n|-boost|p1a: Cresselia|spd|1\n|\n|-heal|p2a: Manaphy|166/284|[from] item: Leftovers\n|-heal|p1a: Cresselia|252/323|[from] item: Leftovers\n|upkeep\n|turn|21\n|\n|t:|1781460559\n|move|p2a: Manaphy|Surf|p1a: Cresselia\n|-damage|p1a: Cresselia|131/323\n|move|p1a: Cresselia|Calm Mind|p1a: Cresselia\n|-boost|p1a: Cresselia|spa|1\n|-boost|p1a: Cresselia|spd|1\n|\n|-heal|p2a: Manaphy|183/284|[from] item: Leftovers\n|-heal|p1a: Cresselia|151/323|[from] item: Leftovers\n|upkeep\n|turn|22\n|\n|t:|1781460562\n|move|p2a: Manaphy|Surf|p1a: Cresselia\n|-damage|p1a: Cresselia|57/323\n|move|p1a: Cresselia|Moonlight|p1a: Cresselia\n|-heal|p1a: Cresselia|218/323\n|\n|-heal|p2a: Manaphy|200/284|[from] item: Leftovers\n|-heal|p1a: Cresselia|238/323|[from] item: Leftovers\n|upkeep\n|turn|23\n|\n|t:|1781460564\n|move|p2a: Manaphy|Surf|p1a: Cresselia\n|-damage|p1a: Cresselia|141/323\n|move|p1a: Cresselia|Calm Mind|p1a: Cresselia\n|-boost|p1a: Cresselia|spa|1\n|-boost|p1a: Cresselia|spd|1\n|\n|-heal|p2a: Manaphy|217/284|[from] item: Leftovers\n|-heal|p1a: Cresselia|161/323|[from] item: Leftovers\n|upkeep\n|turn|24\n|\n|t:|1781460566\n|move|p2a: Manaphy|Surf|p1a: Cresselia\n|-damage|p1a: Cresselia|77/323\n|move|p1a: Cresselia|Moonlight|p1a: Cresselia\n|-heal|p1a: Cresselia|238/323\n|\n|-heal|p2a: Manaphy|234/284|[from] item: Leftovers\n|-heal|p1a: Cresselia|258/323|[from] item: Leftovers\n|upkeep\n|turn|25\n|\n|t:|1781460568\n|move|p2a: Manaphy|Surf|p1a: Cresselia\n|-damage|p1a: Cresselia|183/323\n|move|p1a: Cresselia|Psyshock|p2a: Manaphy\n|-damage|p2a: Manaphy|6/284\n|\n|-heal|p2a: Manaphy|23/284|[from] item: Leftovers\n|-heal|p1a: Cresselia|203/323|[from] item: Leftovers\n|upkeep\n|turn|26\n|\n|t:|1781460570\n|move|p2a: Manaphy|Surf|p1a: Cresselia\n|-damage|p1a: Cresselia|127/323\n|move|p1a: Cresselia|Psyshock|p2a: Manaphy\n|-damage|p2a: Manaphy|0 fnt\n|faint|p2a: Manaphy\n|\n|-heal|p1a: Cresselia|147/323|[from] item: Leftovers\n|upkeep\n|\n|t:|1781460572\n|switch|p2a: Morpeko|Morpeko, L88, F|20/245\n|turn|27\n|\n|t:|1781460576\n|-terastallize|p1a: Cresselia|Poison\n|move|p2a: Morpeko|Protect|p2a: Morpeko\n|-singleturn|p2a: Morpeko|Protect\n|move|p1a: Cresselia|Moonblast|p2a: Morpeko\n|-activate|p2a: Morpeko|move: Protect\n|\n|-heal|p1a: Cresselia|167/323|[from] item: Leftovers\n|-formechange|p2a: Morpeko|Morpeko-Hangry||[from] ability: Hunger Switch\n|upkeep\n|turn|28\n|\n|t:|1781460580\n|move|p2a: Morpeko|Aura Wheel|p1a: Cresselia\n|-damage|p1a: Cresselia|65/323\n|-boost|p2a: Morpeko|spe|1\n|move|p1a: Cresselia|Moonblast|p2a: Morpeko\n|-supereffective|p2a: Morpeko\n|-damage|p2a: Morpeko|0 fnt\n|faint|p2a: Morpeko\n|\n|-heal|p1a: Cresselia|85/323|[from] item: Leftovers\n|upkeep\n|\n|t:|1781460584\n|switch|p2a: Cresselia|Cresselia, L80, F|323/323\n|turn|29\n|\n|t:|1781460592\n|move|p2a: Cresselia|Psyshock|p1a: Cresselia\n|-supereffective|p1a: Cresselia\n|-damage|p1a: Cresselia|0 fnt\n|faint|p1a: Cresselia\n|\n|upkeep\n|\n|t:|1781460596\n|switch|p1a: Arboliva|Arboliva, L91, F|215/288\n|turn|30\n|\n|t:|1781460606\n|switch|p2a: Gouging Fire|Gouging Fire, L74|243/277\n|move|p1a: Arboliva|Leech Seed|p2a: Gouging Fire\n|-start|p2a: Gouging Fire|move: Leech Seed\n|\n|-damage|p2a: Gouging Fire|209/277|[from] Leech Seed|[of] p1a: Arboliva\n|-heal|p1a: Arboliva|249/288|[silent]\n|upkeep\n|turn|31\n|\n|t:|1781460614\n|move|p2a: Gouging Fire|Heat Crash|p1a: Arboliva\n|-supereffective|p1a: Arboliva\n|-damage|p1a: Arboliva|45/288\n|-enditem|p1a: Arboliva|Sitrus Berry|[eat]\n|-heal|p1a: Arboliva|117/288|[from] item: Sitrus Berry\n|move|p1a: Arboliva|Hyper Voice|p2a: Gouging Fire\n|-damage|p2a: Gouging Fire|56/277\n|\n|-damage|p2a: Gouging Fire|22/277|[from] Leech Seed|[of] p1a: Arboliva\n|-heal|p1a: Arboliva|151/288|[silent]\n|-item|p1a: Arboliva|Sitrus Berry|[from] ability: Harvest\n|upkeep\n|turn|32\n|\n|t:|1781460629\n|-end|p2a: Gouging Fire|Protosynthesis|[silent]\n|switch|p2a: Cresselia|Cresselia, L80, F|323/323\n|move|p1a: Arboliva|Hyper Voice|p2a: Cresselia\n|-damage|p2a: Cresselia|215/323\n|\n|-heal|p2a: Cresselia|235/323|[from] item: Leftovers\n|upkeep\n|turn|33\n|\n|t:|1781460637\n|move|p2a: Cresselia|Calm Mind|p2a: Cresselia\n|-boost|p2a: Cresselia|spa|1\n|-boost|p2a: Cresselia|spd|1\n|move|p1a: Arboliva|Leech Seed|p2a: Cresselia\n|-start|p2a: Cresselia|move: Leech Seed\n|\n|-heal|p2a: Cresselia|255/323|[from] item: Leftovers\n|-damage|p2a: Cresselia|215/323|[from] Leech Seed|[of] p1a: Arboliva\n|-heal|p1a: Arboliva|191/288|[silent]\n|upkeep\n|turn|34\n|\n|t:|1781460644\n|move|p2a: Cresselia|Psyshock|p1a: Arboliva\n|-damage|p1a: Arboliva|100/288\n|-enditem|p1a: Arboliva|Sitrus Berry|[eat]\n|-heal|p1a: Arboliva|172/288|[from] item: Sitrus Berry\n|move|p1a: Arboliva|Substitute|p1a: Arboliva\n|-start|p1a: Arboliva|Substitute\n|-damage|p1a: Arboliva|100/288\n|\n|-heal|p2a: Cresselia|235/323|[from] item: Leftovers\n|-damage|p2a: Cresselia|195/323|[from] Leech Seed|[of] p1a: Arboliva\n|-heal|p1a: Arboliva|140/288|[silent]\n|-item|p1a: Arboliva|Sitrus Berry|[from] ability: Harvest\n|upkeep\n|-enditem|p1a: Arboliva|Sitrus Berry|[eat]\n|-heal|p1a: Arboliva|212/288|[from] item: Sitrus Berry\n|turn|35\n|-message|mysticle\u2666marshadow forfeited.\n|\n|win|Ciuwy\n", "inputlog": ">version a8376a258c1d4662feba110a92103f3664a72141\n>start {\"formatid\":\"gen9randombattle\",\"seed\":\"sodium,c8cd5a3d8c441c9fd6246b5c8858de45\",\"rated\":\"Rated battle\"}\n>player p1 {\"name\":\"Ciuwy\",\"avatar\":\"cynthia-gen4\",\"rating\":1973,\"seed\":\"sodium,150a4b9e1e3020bf14977a368d71605f\"}\n>player p2 {\"name\":\"mysticle\u2666marshadow\",\"avatar\":\"unknownf\",\"rating\":1914,\"seed\":\"sodium,8422c7f46dfb0247d148a0e7fcd7704b\"}\n>p1 switch 2\n>p2 move tailglow\n>p1 move closecombat\n>p2 move icebeam\n>p1 switch 6\n>p1 move dragontail\n>p2 move icebeam\n>p1 move dragontail\n>p2 move icebeam\n>p1 move stealthrock\n>p2 move moonblast\n>p1 switch 5\n>p1 move bodyslam\n>p2 switch 3\n>p1 move bodyslam\n>p2 move knockoff\n>p2 switch 2\n>p1 move bodyslam\n>p2 move flamethrower\n>p1 move bodyslam\n>p2 move flamethrower\n>p1 switch 3\n>p1 move closecombat\n>p2 move flamethrower\n>p2 switch 3\n>p1 switch 4\n>p2 move psyshock\n>p1 move leechseed\n>p2 switch 4\n>p1 move protect\n>p2 move aurawheel\n>p1 move substitute\n>p2 move rapidspin\n>p1 move hypervoice\n>p2 move aurawheel\n>p1 move leechseed\n>p2 move partingshot\n>p2 switch 5\n>p1 switch 2\n>p2 switch 6\n>p1 move calmmind\n>p2 move tailglow\n>p1 move calmmind\n>p2 move surf\n>p1 move calmmind\n>p2 move tailglow\n>p1 move calmmind\n>p2 move surf\n>p1 move moonlight\n>p2 move surf\n>p1 move calmmind\n>p2 move surf\n>p1 move moonlight\n>p2 move surf\n>p1 move psyshock\n>p2 move surf\n>p1 move psyshock\n>p2 move surf\n>p2 switch 5\n>p1 move moonblast terastallize\n>p2 move protect\n>p1 move moonblast\n>p2 move aurawheel\n>p2 switch 4\n>p1 move psyshock\n>p2 move psyshock\n>p1 switch 2\n>p1 move leechseed\n>p2 switch 6\n>p1 move hypervoice\n>p2 move heatcrash\n>p1 move hypervoice\n>p2 switch 6\n>p1 move leechseed\n>p2 move calmmind\n>p1 move substitute\n>p2 move psyshock\n>forcelose p2", "uploadtime": 1781460333, "views": 5, "formatid": "gen9randombattle", "rating": null, "private": 0, "password": null}