{"id": "gen9randombattle-2631989176", "format": "[Gen 9] Random Battle", "players": ["akeyd", "randbatsluvr"], "log": "|j|\u2606akeyd\n|j|\u2606randbatsluvr\n|t:|1781463291\n|gametype|singles\n|player|p1|akeyd|will|1317\n|player|p2|randbatsluvr|266|1289\n|gen|9\n|tier|[Gen 9] Random Battle\n|rated|\n|rule|Species Clause: Limit one of each Pok\u00e9mon\n|rule|HP Percentage Mod: HP is shown in percentages\n|rule|Sleep Clause Mod: Limit one foe put to sleep\n|rule|Illusion Level Mod: Illusion disguises the Pok\u00e9mon's true level\n|\n|t:|1781463291\n|teamsize|p1|6\n|teamsize|p2|6\n|start\n|switch|p1a: Araquanid|Araquanid, L82, F|246/246\n|switch|p2a: Indeedee|Indeedee-F, L90, F|272/272\n|-fieldstart|move: Psychic Terrain|[from] ability: Psychic Surge|[of] p2a: Indeedee\n|turn|1\n|inactive|Battle timer is ON: inactive players will automatically lose when time's up. (requested by akeyd)\n|inactive|randbatsluvr also wants the timer to be on.\n|\n|t:|1781463312\n|switch|p2a: Chesnaught|Chesnaught, L84, F|285/285\n|move|p1a: Araquanid|Leech Life|p2a: Chesnaught\n|-crit|p2a: Chesnaught\n|-damage|p2a: Chesnaught|218/285\n|\n|-heal|p2a: Chesnaught|235/285|[from] item: Leftovers\n|upkeep\n|turn|2\n|\n|t:|1781463320\n|move|p2a: Chesnaught|Trailblaze|p1a: Araquanid\n|-crit|p1a: Araquanid\n|-damage|p1a: Araquanid|158/246\n|-boost|p2a: Chesnaught|spe|1\n|move|p1a: Araquanid|Sticky Web|p2a: Chesnaught\n|-sidestart|p2: randbatsluvr|move: Sticky Web\n|\n|-heal|p2a: Chesnaught|252/285|[from] item: Leftovers\n|upkeep\n|turn|3\n|\n|t:|1781463343\n|switch|p1a: Latias|Latias, L79, F|256/256\n|move|p2a: Chesnaught|Trailblaze|p1a: Latias\n|-resisted|p1a: Latias\n|-damage|p1a: Latias|227/256\n|-boost|p2a: Chesnaught|spe|1\n|\n|-heal|p2a: Chesnaught|269/285|[from] item: Leftovers\n|upkeep\n|turn|4\n|\n|t:|1781463352\n|switch|p2a: Frosmoth|Frosmoth, L82, M|249/249\n|move|p1a: Latias|Calm Mind|p1a: Latias\n|-boost|p1a: Latias|spa|1\n|-boost|p1a: Latias|spd|1\n|\n|upkeep\n|turn|5\n|\n|t:|1781463361\n|-terastallize|p1a: Latias|Steel\n|move|p1a: Latias|Calm Mind|p1a: Latias\n|-boost|p1a: Latias|spa|1\n|-boost|p1a: Latias|spd|1\n|move|p2a: Frosmoth|Quiver Dance|p2a: Frosmoth\n|-boost|p2a: Frosmoth|spa|1\n|-boost|p2a: Frosmoth|spd|1\n|-boost|p2a: Frosmoth|spe|1\n|\n|-fieldend|move: Psychic Terrain\n|upkeep\n|turn|6\n|\n|t:|1781463370\n|move|p2a: Frosmoth|Quiver Dance|p2a: Frosmoth\n|-boost|p2a: Frosmoth|spa|1\n|-boost|p2a: Frosmoth|spd|1\n|-boost|p2a: Frosmoth|spe|1\n|move|p1a: Latias|Draco Meteor|p2a: Frosmoth|[miss]\n|-miss|p1a: Latias|p2a: Frosmoth\n|\n|upkeep\n|turn|7\n|\n|t:|1781463377\n|move|p2a: Frosmoth|Quiver Dance|p2a: Frosmoth\n|-boost|p2a: Frosmoth|spa|1\n|-boost|p2a: Frosmoth|spd|1\n|-boost|p2a: Frosmoth|spe|1\n|move|p1a: Latias|Psyshock|p2a: Frosmoth\n|-damage|p2a: Frosmoth|114/249\n|\n|upkeep\n|turn|8\n|\n|t:|1781463383\n|move|p2a: Frosmoth|Ice Beam|p1a: Latias\n|-resisted|p1a: Latias\n|-damage|p1a: Latias|177/256\n|-status|p1a: Latias|frz\n|cant|p1a: Latias|frz\n|\n|upkeep\n|turn|9\n|\n|t:|1781463390\n|move|p2a: Frosmoth|Bug Buzz|p1a: Latias\n|-resisted|p1a: Latias\n|-damage|p1a: Latias|124/256 frz\n|-curestatus|p1a: Latias|frz|[msg]\n|move|p1a: Latias|Psyshock|p2a: Frosmoth\n|-damage|p2a: Frosmoth|0 fnt\n|faint|p2a: Frosmoth\n|\n|upkeep\n|\n|t:|1781463394\n|switch|p2a: Indeedee|Indeedee-F, L90, F|272/272\n|-activate|p2a: Indeedee|move: Sticky Web\n|-unboost|p2a: Indeedee|spe|1\n|-fieldstart|move: Psychic Terrain|[from] ability: Psychic Surge|[of] p2a: Indeedee\n|turn|10\n|\n|t:|1781463404\n|-terastallize|p2a: Indeedee|Fairy\n|move|p1a: Latias|Recover|p1a: Latias\n|-heal|p1a: Latias|252/256\n|move|p2a: Indeedee|Psychic|p1a: Latias\n|-resisted|p1a: Latias\n|-damage|p1a: Latias|218/256\n|-damage|p2a: Indeedee|245/272|[from] item: Life Orb\n|\n|upkeep\n|turn|11\n|\n|t:|1781463412\n|move|p1a: Latias|Psyshock|p2a: Indeedee\n|-damage|p2a: Indeedee|1/272\n|move|p2a: Indeedee|Psychic|p1a: Latias\n|-resisted|p1a: Latias\n|-damage|p1a: Latias|186/256\n|-damage|p2a: Indeedee|0 fnt|[from] item: Life Orb\n|faint|p2a: Indeedee\n|\n|upkeep\n|\n|t:|1781463416\n|switch|p2a: Chesnaught|Chesnaught, L84, F|269/285\n|-activate|p2a: Chesnaught|move: Sticky Web\n|-unboost|p2a: Chesnaught|spe|1\n|turn|12\n|\n|t:|1781463424\n|move|p1a: Latias|Psyshock|p2a: Chesnaught\n|-supereffective|p2a: Chesnaught\n|-damage|p2a: Chesnaught|0 fnt\n|faint|p2a: Chesnaught\n|\n|upkeep\n|\n|t:|1781463430\n|switch|p2a: Quaquaval|Quaquaval, L79, M|264/264\n|-activate|p2a: Quaquaval|move: Sticky Web\n|-unboost|p2a: Quaquaval|spe|1\n|turn|13\n|\n|t:|1781463436\n|move|p1a: Latias|Psyshock|p2a: Quaquaval\n|-supereffective|p2a: Quaquaval\n|-damage|p2a: Quaquaval|0 fnt\n|faint|p2a: Quaquaval\n|\n|upkeep\n|\n|t:|1781463439\n|switch|p2a: Hippowdon|Hippowdon, L82, M|311/311\n|-activate|p2a: Hippowdon|move: Sticky Web\n|-unboost|p2a: Hippowdon|spe|1\n|-weather|Sandstorm|[from] ability: Sand Stream|[of] p2a: Hippowdon\n|turn|14\n|\n|t:|1781463445\n|move|p1a: Latias|Draco Meteor|p2a: Hippowdon\n|-damage|p2a: Hippowdon|0 fnt\n|-unboost|p1a: Latias|spa|2\n|faint|p2a: Hippowdon\n|\n|-weather|Sandstorm|[upkeep]\n|-fieldend|move: Psychic Terrain\n|upkeep\n|\n|t:|1781463449\n|switch|p2a: Gouging Fire|Gouging Fire, L74|277/277\n|turn|15\n|\n|t:|1781463454\n|move|p1a: Latias|Draco Meteor|p2a: Gouging Fire\n|-supereffective|p2a: Gouging Fire\n|-damage|p2a: Gouging Fire|0 fnt\n|-unboost|p1a: Latias|spa|2\n|faint|p2a: Gouging Fire\n|-end|p2a: Gouging Fire|Protosynthesis|[silent]\n|\n|win|akeyd\n|raw|akeyd's rating: 1317 &rarr; <strong>1333</strong><br />(+16 for winning)\n|raw|randbatsluvr's rating: 1244 &rarr; <strong>1224</strong><br />(-20 for losing)\n|l|\u2606randbatsluvr\n|player|p2|\n", "inputlog": ">version a8376a258c1d4662feba110a92103f3664a72141\n>start {\"formatid\":\"gen9randombattle\",\"seed\":\"sodium,5b0854f5f9f337de97ea872293357042\",\"rated\":\"Rated battle\"}\n>player p1 {\"name\":\"akeyd\",\"avatar\":\"will\",\"rating\":1317,\"seed\":\"sodium,ccb8f64148dbb95b77b0ab6dde5950c8\"}\n>player p2 {\"name\":\"randbatsluvr\",\"avatar\":\"266\",\"rating\":1289,\"seed\":\"sodium,bcd77ed567f2d0bc113cf2e11290aa55\"}\n>p1 move leechlife\n>p2 switch 5\n>p1 move stickyweb\n>p2 move trailblaze\n>p1 switch 3\n>p2 move trailblaze\n>p1 move calmmind\n>p2 switch 2\n>p1 move calmmind terastallize\n>p2 move quiverdance\n>p1 move dracometeor\n>p2 move quiverdance\n>p1 move psyshock\n>p2 move quiverdance\n>p1 move psyshock\n>p2 move icebeam\n>p1 move psyshock\n>p2 move bugbuzz\n>p2 switch 5\n>p1 move recover\n>p2 move psychic terastallize\n>p1 move psyshock\n>p2 move psychic\n>p2 switch 2\n>p1 move psyshock\n>p2 move bodypress\n>p2 switch 3\n>p1 move psyshock\n>p2 move closecombat\n>p2 switch 4\n>p1 move dracometeor\n>p2 move stoneedge\n>p2 switch 6\n>p1 move dracometeor\n>p2 move outrage", "uploadtime": 1781463473, "views": 4, "formatid": "gen9randombattle", "rating": 1224, "private": 0, "password": null}