{"id": "gen9randombattle-2631455782", "format": "[Gen 9] Random Battle", "players": ["drowyna", "Marmeluk"], "log": "|j|\u2606drowyna\n|j|\u2606Marmeluk\n|t:|1781386832\n|gametype|singles\n|player|p1|drowyna|lucas|1615\n|player|p2|Marmeluk|170|1557\n|gen|9\n|tier|[Gen 9] Random Battle\n|rated|\n|rule|Species Clause: Limit one of each Pok\u00e9mon\n|rule|HP Percentage Mod: HP is shown in percentages\n|rule|Sleep Clause Mod: Limit one foe put to sleep\n|rule|Illusion Level Mod: Illusion disguises the Pok\u00e9mon's true level\n|\n|t:|1781386832\n|teamsize|p1|6\n|teamsize|p2|6\n|start\n|switch|p1a: Hippowdon|Hippowdon, L82, M|311/311\n|switch|p2a: Miraidon|Miraidon, L65|238/238\n|-fieldstart|move: Electric Terrain|[from] ability: Hadron Engine|[of] p2a: Miraidon\n|-weather|Sandstorm|[from] ability: Sand Stream|[of] p1a: Hippowdon\n|turn|1\n|inactive|Battle timer is ON: inactive players will automatically lose when time's up. (requested by Marmeluk)\n|\n|t:|1781386844\n|switch|p2a: Krookodile|Krookodile, L79, F|280/280\n|-ability|p2a: Krookodile|Intimidate|boost\n|-unboost|p1a: Hippowdon|atk|1\n|move|p1a: Hippowdon|Whirlwind|p2a: Krookodile\n|drag|p2a: Dialga|Dialga, L73|266/266\n|-ability|p2a: Dialga|Pressure\n|\n|-weather|Sandstorm|[upkeep]\n|upkeep\n|turn|2\n|\n|t:|1781386852\n|switch|p2a: Krookodile|Krookodile, L79, F|280/280\n|-ability|p2a: Krookodile|Intimidate|boost\n|-unboost|p1a: Hippowdon|atk|1\n|switch|p1a: Empoleon|Empoleon, L84, M|278/278\n|\n|-weather|Sandstorm|[upkeep]\n|upkeep\n|turn|3\n|\n|t:|1781386859\n|switch|p1a: Braviary|Braviary-Hisui, L85, M|326/326\n|move|p2a: Krookodile|Earthquake|p1a: Braviary\n|-immune|p1a: Braviary\n|\n|-weather|Sandstorm|[upkeep]\n|-damage|p1a: Braviary|306/326|[from] Sandstorm\n|upkeep\n|turn|4\n|\n|t:|1781386866\n|switch|p2a: Dialga|Dialga, L73|266/266\n|-ability|p2a: Dialga|Pressure\n|move|p1a: Braviary|U-turn|p2a: Dialga\n|-resisted|p2a: Dialga\n|-damage|p2a: Dialga|222/266\n|\n|t:|1781386871\n|switch|p1a: Hippowdon|Hippowdon, L82, M|311/311|[from] U-turn\n|\n|-weather|Sandstorm|[upkeep]\n|upkeep\n|turn|5\n|\n|t:|1781386877\n|switch|p2a: Krookodile|Krookodile, L79, F|280/280\n|-ability|p2a: Krookodile|Intimidate|boost\n|-unboost|p1a: Hippowdon|atk|1\n|move|p1a: Hippowdon|Earthquake|p2a: Krookodile\n|-damage|p2a: Krookodile|201/280\n|\n|-weather|none\n|-fieldend|move: Electric Terrain\n|upkeep\n|turn|6\n|\n|t:|1781386885\n|move|p2a: Krookodile|Knock Off|p1a: Hippowdon\n|-damage|p1a: Hippowdon|218/311\n|-enditem|p1a: Hippowdon|Leftovers|[from] move: Knock Off|[of] p2a: Krookodile\n|move|p1a: Hippowdon|Slack Off|p1a: Hippowdon\n|-heal|p1a: Hippowdon|311/311\n|\n|upkeep\n|turn|7\n|\n|t:|1781386899\n|switch|p2a: Mismagius|Mismagius, L86, F|243/243\n|move|p1a: Hippowdon|Earthquake|p2a: Mismagius\n|-immune|p2a: Mismagius|[from] ability: Levitate\n|\n|upkeep\n|turn|8\n|\n|t:|1781386905\n|switch|p1a: Empoleon|Empoleon, L84, M|278/278\n|move|p2a: Mismagius|Shadow Ball|p1a: Empoleon\n|-damage|p1a: Empoleon|191/278\n|\n|-heal|p1a: Empoleon|208/278|[from] item: Leftovers\n|upkeep\n|turn|9\n|\n|t:|1781386909\n|move|p2a: Mismagius|Nasty Plot|p2a: Mismagius\n|-boost|p2a: Mismagius|spa|2\n|move|p1a: Empoleon|Knock Off|p2a: Mismagius\n|-supereffective|p2a: Mismagius\n|-damage|p2a: Mismagius|93/243\n|-enditem|p2a: Mismagius|Leftovers|[from] move: Knock Off|[of] p1a: Empoleon\n|\n|-heal|p1a: Empoleon|225/278|[from] item: Leftovers\n|upkeep\n|turn|10\n|\n|t:|1781386914\n|-terastallize|p2a: Mismagius|Fighting\n|move|p2a: Mismagius|Tera Blast|p1a: Empoleon|[anim] Tera Blast Fighting\n|-supereffective|p1a: Empoleon\n|-damage|p1a: Empoleon|0 fnt\n|faint|p1a: Empoleon\n|\n|upkeep\n|\n|t:|1781386924\n|switch|p1a: Meowstic|Meowstic, L89, M|277/277\n|turn|11\n|\n|t:|1781386932\n|switch|p2a: Dialga|Dialga, L73|222/266\n|-ability|p2a: Dialga|Pressure\n|move|p1a: Meowstic|Alluring Voice|p2a: Dialga\n|-damage|p2a: Dialga|185/266\n|\n|upkeep\n|turn|12\n|\n|t:|1781386936\n|switch|p1a: Hippowdon|Hippowdon, L82, M|311/311\n|-weather|Sandstorm|[from] ability: Sand Stream|[of] p1a: Hippowdon\n|move|p2a: Dialga|Dragon Tail|p1a: Hippowdon|[miss]\n|-miss|p2a: Dialga|p1a: Hippowdon\n|\n|-weather|Sandstorm|[upkeep]\n|upkeep\n|turn|13\n|\n|t:|1781386943\n|switch|p2a: Krookodile|Krookodile, L79, F|201/280\n|-ability|p2a: Krookodile|Intimidate|boost\n|-unboost|p1a: Hippowdon|atk|1\n|move|p1a: Hippowdon|Earthquake|p2a: Krookodile\n|-crit|p2a: Krookodile\n|-damage|p2a: Krookodile|21/280\n|\n|-weather|Sandstorm|[upkeep]\n|upkeep\n|turn|14\n|\n|t:|1781386950\n|move|p2a: Krookodile|Earthquake|p1a: Hippowdon\n|-damage|p1a: Hippowdon|218/311\n|move|p1a: Hippowdon|Earthquake|p2a: Krookodile\n|-damage|p2a: Krookodile|0 fnt\n|faint|p2a: Krookodile\n|\n|-weather|Sandstorm|[upkeep]\n|upkeep\n|\n|t:|1781386975\n|switch|p2a: Hawlucha|Hawlucha, L80, F|256/256\n|turn|15\n|\n|t:|1781386984\n|move|p2a: Hawlucha|Encore|p1a: Hippowdon\n|-start|p1a: Hippowdon|Encore\n|move|p1a: Hippowdon|Earthquake|p2a: Hawlucha\n|-immune|p2a: Hawlucha\n|\n|-weather|Sandstorm|[upkeep]\n|-damage|p2a: Hawlucha|240/256|[from] Sandstorm\n|upkeep\n|turn|16\n|\n|t:|1781386991\n|switch|p1a: Meowstic|Meowstic, L89, M|277/277\n|move|p2a: Hawlucha|Close Combat|p1a: Meowstic\n|-resisted|p1a: Meowstic\n|-damage|p1a: Meowstic|219/277\n|-unboost|p2a: Hawlucha|def|1\n|-unboost|p2a: Hawlucha|spd|1\n|-enditem|p2a: Hawlucha|White Herb\n|-clearnegativeboost|p2a: Hawlucha|[silent]\n|\n|-weather|none\n|-heal|p1a: Meowstic|236/277|[from] item: Leftovers\n|upkeep\n|turn|17\n|\n|t:|1781387001\n|switch|p2a: Dialga|Dialga, L73|185/266\n|-ability|p2a: Dialga|Pressure\n|move|p1a: Meowstic|Thunder Wave|p2a: Dialga\n|-status|p2a: Dialga|par\n|\n|-heal|p1a: Meowstic|253/277|[from] item: Leftovers\n|upkeep\n|turn|18\n|\n|t:|1781387008\n|switch|p1a: Hippowdon|Hippowdon, L82, M|218/311\n|-weather|Sandstorm|[from] ability: Sand Stream|[of] p1a: Hippowdon\n|move|p2a: Dialga|Dragon Tail|p1a: Hippowdon\n|-damage|p1a: Hippowdon|170/311\n|drag|p1a: Braviary|Braviary-Hisui, L85, M|306/326\n|\n|-weather|Sandstorm|[upkeep]\n|-damage|p1a: Braviary|286/326|[from] Sandstorm\n|upkeep\n|turn|19\n|\n|t:|1781387020\n|move|p1a: Braviary|Esper Wing|p2a: Dialga\n|-resisted|p2a: Dialga\n|-damage|p2a: Dialga|83/266 par\n|-boost|p1a: Braviary|spe|1\n|move|p2a: Dialga|Draco Meteor|p1a: Braviary\n|-damage|p1a: Braviary|123/326\n|-unboost|p2a: Dialga|spa|2\n|\n|-weather|Sandstorm|[upkeep]\n|-damage|p1a: Braviary|103/326|[from] Sandstorm\n|upkeep\n|turn|20\n|\n|t:|1781387031\n|move|p1a: Braviary|Esper Wing|p2a: Dialga\n|-resisted|p2a: Dialga\n|-damage|p2a: Dialga|0 fnt\n|-boost|p1a: Braviary|spe|1\n|faint|p2a: Dialga\n|\n|-weather|Sandstorm|[upkeep]\n|-damage|p1a: Braviary|83/326|[from] Sandstorm\n|upkeep\n|\n|t:|1781387034\n|switch|p2a: Coalossal|Coalossal, L89, F|341/341\n|turn|21\n|\n|t:|1781387042\n|move|p1a: Braviary|Esper Wing|p2a: Coalossal\n|-damage|p2a: Coalossal|248/341\n|-boost|p1a: Braviary|spe|1\n|move|p2a: Coalossal|Flamethrower|p1a: Braviary\n|-damage|p1a: Braviary|0 fnt\n|faint|p1a: Braviary\n|\n|-weather|Sandstorm|[upkeep]\n|upkeep\n|\n|t:|1781387055\n|switch|p1a: Basculin|Basculin-Blue-Striped, L86, M|261/261\n|turn|22\n|\n|t:|1781387062\n|switch|p2a: Miraidon|Miraidon, L65|238/238\n|-fieldstart|move: Electric Terrain|[from] ability: Hadron Engine|[of] p2a: Miraidon\n|move|p1a: Basculin|Double-Edge|p2a: Miraidon\n|-damage|p2a: Miraidon|86/238\n|-damage|p1a: Basculin|211/261|[from] Recoil\n|\n|-weather|none\n|upkeep\n|turn|23\n|\n|t:|1781387070\n|switch|p2a: Coalossal|Coalossal, L89, F|248/341\n|move|p1a: Basculin|Double-Edge|p2a: Coalossal\n|-resisted|p2a: Coalossal\n|-damage|p2a: Coalossal|203/341\n|-damage|p1a: Basculin|196/261|[from] Recoil\n|\n|upkeep\n|turn|24\n|\n|t:|1781387081\n|switch|p1a: Hippowdon|Hippowdon, L82, M|170/311\n|-weather|Sandstorm|[from] ability: Sand Stream|[of] p1a: Hippowdon\n|move|p2a: Coalossal|Spikes|p1a: Hippowdon\n|-sidestart|p1: drowyna|Spikes\n|\n|-weather|Sandstorm|[upkeep]\n|upkeep\n|turn|25\n|\n|t:|1781387087\n|move|p1a: Hippowdon|Earthquake|p2a: Coalossal\n|-supereffective|p2a: Coalossal\n|-damage|p2a: Coalossal|0 fnt\n|faint|p2a: Coalossal\n|\n|-weather|Sandstorm|[upkeep]\n|upkeep\n|\n|t:|1781387090\n|switch|p2a: Miraidon|Miraidon, L65|86/238\n|-activate|p2a: Miraidon|ability: Hadron Engine\n|turn|26\n|\n|t:|1781387093\n|move|p2a: Miraidon|Draco Meteor|p1a: Hippowdon\n|-damage|p1a: Hippowdon|0 fnt\n|-unboost|p2a: Miraidon|spa|2\n|faint|p1a: Hippowdon\n|-damage|p2a: Miraidon|63/238|[from] item: Life Orb\n|\n|-weather|Sandstorm|[upkeep]\n|-damage|p2a: Miraidon|49/238|[from] Sandstorm\n|-fieldend|move: Electric Terrain\n|upkeep\n|l|\u2606Marmeluk\n|inactive|Marmeluk disconnected and has a minute to reconnect!\n|player|p2|\n|\n|t:|1781387110\n|switch|p1a: Basculin|Basculin-Blue-Striped, L86, M|196/261\n|-damage|p1a: Basculin|164/261|[from] Spikes\n|turn|27\n|inactive|Marmeluk has 30 seconds to reconnect!\n|inactive|Marmeluk has 20 seconds to reconnect!\n|inactive|Marmeluk has 15 seconds to reconnect!\n|inactive|Marmeluk has 10 seconds to reconnect!\n|inactive|Marmeluk has 5 seconds to reconnect!\n|-message|Marmeluk lost due to inactivity.\n|\n|win|drowyna\n|raw|drowyna's rating: 1615 &rarr; <strong>1632</strong><br />(+17 for winning)\n|raw|Marmeluk's rating: 1557 &rarr; <strong>1540</strong><br />(-17 for losing)\n", "inputlog": ">version a8376a258c1d4662feba110a92103f3664a72141\n>start {\"formatid\":\"gen9randombattle\",\"seed\":\"sodium,53f1af8a0c3673730955899819b7fafe\",\"rated\":\"Rated battle\"}\n>player p1 {\"name\":\"drowyna\",\"avatar\":\"lucas\",\"rating\":1615,\"seed\":\"sodium,238cd06119ac7ac7abd5f55f5fd34a37\"}\n>player p2 {\"name\":\"Marmeluk\",\"avatar\":\"170\",\"rating\":1557,\"seed\":\"sodium,f95df8d4e56856a07f2a61b663a3f502\"}\n>p1 move whirlwind\n>p2 switch 6\n>p1 switch 6\n>p2 switch 5\n>p1 switch 2\n>p2 move earthquake\n>p1 move uturn\n>p2 switch 5\n>p1 switch 6\n>p1 move earthquake\n>p2 switch 5\n>p1 move slackoff\n>p2 move knockoff\n>p1 move earthquake\n>p2 switch 4\n>p1 switch 2\n>p2 move shadowball\n>p1 move knockoff\n>p2 move nastyplot\n>p1 move surf\n>p2 move terablast terastallize\n>p1 switch 3\n>p1 move alluringvoice\n>p2 switch 5\n>p1 switch 2\n>p2 move dragontail\n>p1 move earthquake\n>p2 switch 4\n>p1 move earthquake\n>p2 move earthquake\n>p2 switch 2\n>p1 move whirlwind\n>p2 move encore\n>p1 switch 2\n>p2 move closecombat\n>p1 move thunderwave\n>p2 switch 4\n>p1 switch 2\n>p2 move dragontail\n>p1 move esperwing\n>p2 move dracometeor\n>p1 move esperwing\n>p2 move heavyslam\n>p2 switch 3\n>p1 move esperwing\n>p2 move flamethrower\n>p1 switch 5\n>p1 move doubleedge\n>p2 switch 6\n>p1 move doubleedge\n>p2 switch 6\n>p1 switch 6\n>p2 move spikes\n>p1 move earthquake\n>p2 move flamethrower\n>p2 switch 6\n>p1 move slackoff\n>p2 move dracometeor\n>p1 switch 6\n>forcelose p2", "uploadtime": 1781387173, "views": 8, "formatid": "gen9randombattle", "rating": 1540, "private": 0, "password": null}