{"id": "gen9randombattle-2631497907", "format": "[Gen 9] Random Battle", "players": ["big_o'l_bigboy", "Uhdb"], "log": "|j|\u2606big_o'l_bigboy\n|j|\u2606Uhdb\n|t:|1781392649\n|gametype|singles\n|player|p1|big_o'l_bigboy|clair|1811\n|player|p2|Uhdb|1|1836\n|gen|9\n|tier|[Gen 9] Random Battle\n|rated|\n|rule|Species Clause: Limit one of each Pok\u00e9mon\n|rule|HP Percentage Mod: HP is shown in percentages\n|rule|Sleep Clause Mod: Limit one foe put to sleep\n|rule|Illusion Level Mod: Illusion disguises the Pok\u00e9mon's true level\n|\n|t:|1781392649\n|teamsize|p1|6\n|teamsize|p2|6\n|start\n|switch|p1a: Clefable|Clefable, L83, M|293/293\n|switch|p2a: Delibird|Delibird, F|252/252\n|turn|1\n|inactive|Battle timer is ON: inactive players will automatically lose when time's up. (requested by big_o'l_bigboy)\n|\n|t:|1781392665\n|move|p2a: Delibird|Spikes|p1a: Clefable\n|-sidestart|p1: big_o'l_bigboy|Spikes\n|move|p1a: Clefable|Stealth Rock|p2a: Delibird\n|-sidestart|p2: Uhdb|move: Stealth Rock\n|\n|upkeep\n|turn|2\n|\n|t:|1781392679\n|move|p2a: Delibird|Spikes|p1a: Clefable\n|-sidestart|p1: big_o'l_bigboy|Spikes\n|move|p1a: Clefable|Knock Off|p2a: Delibird\n|-damage|p2a: Delibird|157/252\n|-enditem|p2a: Delibird|Heavy-Duty Boots|[from] move: Knock Off|[of] p1a: Clefable\n|\n|upkeep\n|turn|3\n|\n|t:|1781392690\n|switch|p1a: Torkoal|Torkoal, L88, M|266/266\n|-weather|SunnyDay|[from] ability: Drought|[of] p1a: Torkoal\n|move|p2a: Delibird|Spikes|p1a: Torkoal\n|-sidestart|p1: big_o'l_bigboy|Spikes\n|\n|-weather|SunnyDay|[upkeep]\n|upkeep\n|turn|4\n|\n|t:|1781392706\n|switch|p2a: Whimsicott|Whimsicott, L84, F|238/238\n|-damage|p2a: Whimsicott|209/238|[from] Stealth Rock\n|move|p1a: Torkoal|Rapid Spin|p2a: Whimsicott\n|-damage|p2a: Whimsicott|169/238\n|-boost|p1a: Torkoal|spe|1\n|-sideend|p1: big_o'l_bigboy|Spikes|[from] move: Rapid Spin|[of] p1a: Torkoal\n|\n|-weather|SunnyDay|[upkeep]\n|-heal|p2a: Whimsicott|183/238|[from] item: Leftovers\n|upkeep\n|turn|5\n|\n|t:|1781392732\n|switch|p1a: Tropius|Tropius, L91, F|328/328\n|move|p2a: Whimsicott|Encore||[still]\n|-fail|p2a: Whimsicott\n|\n|-weather|SunnyDay|[upkeep]\n|-heal|p2a: Whimsicott|197/238|[from] item: Leftovers\n|upkeep\n|turn|6\n|\n|t:|1781392745\n|switch|p2a: Dialga|Dialga-Origin, L73, shiny|266/266\n|-damage|p2a: Dialga|250/266|[from] Stealth Rock\n|-ability|p2a: Dialga|Pressure\n|move|p1a: Tropius|Dual Wingbeat|p2a: Dialga\n|-resisted|p2a: Dialga\n|-damage|p2a: Dialga|234/266\n|-resisted|p2a: Dialga\n|-damage|p2a: Dialga|218/266\n|-hitcount|p2a: Dialga|2\n|\n|-weather|SunnyDay|[upkeep]\n|upkeep\n|turn|7\n|\n|t:|1781392761\n|-terastallize|p1a: Tropius|Ground\n|move|p2a: Dialga|Heavy Slam|p1a: Tropius\n|-damage|p1a: Tropius|205/328\n|move|p1a: Tropius|Dragon Dance|p1a: Tropius\n|-boost|p1a: Tropius|atk|1\n|-boost|p1a: Tropius|spe|1\n|\n|-weather|none\n|upkeep\n|turn|8\n|\n|t:|1781392772\n|move|p1a: Tropius|Dual Wingbeat|p2a: Dialga|[miss]\n|-miss|p1a: Tropius|p2a: Dialga\n|move|p2a: Dialga|Dragon Tail|p1a: Tropius\n|-damage|p1a: Tropius|147/328\n|-enditem|p1a: Tropius|Sitrus Berry|[eat]\n|-heal|p1a: Tropius|229/328|[from] item: Sitrus Berry\n|drag|p1a: Clawitzer|Clawitzer, L87, M|265/265\n|\n|upkeep\n|turn|9\n|inactive|big_o'l_bigboy has 120 seconds left.\n|\n|t:|1781392787\n|switch|p2a: Articuno|Articuno-Galar, L84|288/288\n|move|p1a: Clawitzer|U-turn|p2a: Articuno\n|-damage|p2a: Articuno|243/288\n|inactive|big_o'l_bigboy has 120 seconds left.\n|inactive|big_o'l_bigboy has 90 seconds left.\n|\n|t:|1781392824\n|switch|p1a: Torkoal|Torkoal, L88, M|235/235|[from] U-turn\n|\n|upkeep\n|turn|10\n|\n|t:|1781392834\n|move|p1a: Torkoal|Dark Pulse|p2a: Articuno\n|-supereffective|p2a: Articuno\n|-damage|p2a: Articuno|1/288\n|-damage|p1a: Torkoal|212/235|[from] item: Life Orb\n|move|p2a: Articuno|Freezing Glare|p1a: Torkoal\n|-immune|p1a: Torkoal\n|\n|upkeep\n|turn|11\n|\n|t:|1781392843\n|switch|p2a: Magearna|Magearna-Original, L77|250/250\n|-damage|p2a: Magearna|235/250|[from] Stealth Rock\n|move|p1a: Torkoal|Nasty Plot|p1a: Torkoal\n|-boost|p1a: Torkoal|spa|2\n|\n|-heal|p2a: Magearna|250/250|[from] item: Leftovers\n|upkeep\n|turn|12\n|inactive|big_o'l_bigboy has 90 seconds left.\n|\n|t:|1781392870\n|switch|p1a: Tropius|Tropius, L91, F, tera:Ground|229/328\n|move|p2a: Magearna|Fleur Cannon|p1a: Tropius\n|-damage|p1a: Tropius|93/328\n|-unboost|p2a: Magearna|spa|2\n|\n|upkeep\n|turn|13\n|inactive|big_o'l_bigboy has 90 seconds left.\n|\n|t:|1781392880\n|switch|p2a: Whimsicott|Whimsicott, L84, F|197/238\n|-damage|p2a: Whimsicott|168/238|[from] Stealth Rock\n|move|p1a: Tropius|Earthquake|p2a: Whimsicott\n|-resisted|p2a: Whimsicott\n|-damage|p2a: Whimsicott|117/238\n|\n|-heal|p2a: Whimsicott|131/238|[from] item: Leftovers\n|upkeep\n|turn|14\n|\n|t:|1781392905\n|move|p2a: Whimsicott|Moonblast|p1a: Tropius\n|-damage|p1a: Tropius|6/328\n|move|p1a: Tropius|Dual Wingbeat|p2a: Whimsicott\n|-supereffective|p2a: Whimsicott\n|-damage|p2a: Whimsicott|51/238\n|-supereffective|p2a: Whimsicott\n|-damage|p2a: Whimsicott|0 fnt\n|faint|p2a: Whimsicott\n|-hitcount|p2: Whimsicott|2\n|\n|-item|p1a: Tropius|Sitrus Berry|[from] ability: Harvest\n|upkeep\n|-enditem|p1a: Tropius|Sitrus Berry|[eat]\n|-heal|p1a: Tropius|88/328|[from] item: Sitrus Berry\n|inactive|Uhdb has 120 seconds left.\n|\n|t:|1781392925\n|switch|p2a: Articuno|Articuno-Galar, L84|1/288\n|turn|15\n|\n|t:|1781392932\n|move|p2a: Articuno|Freezing Glare|p1a: Tropius\n|-crit|p1a: Tropius\n|-damage|p1a: Tropius|0 fnt\n|faint|p1a: Tropius\n|\n|upkeep\n|\n|t:|1781392945\n|switch|p1a: Torkoal|Torkoal, L88, M|212/235\n|turn|16\n|inactive|Uhdb has 120 seconds left.\n|\n|t:|1781392971\n|switch|p2a: Swalot|Swalot, L90, F|326/326\n|-damage|p2a: Swalot|286/326|[from] Stealth Rock\n|move|p1a: Torkoal|Dark Pulse|p2a: Swalot\n|-damage|p2a: Swalot|160/326\n|-damage|p1a: Torkoal|189/235|[from] item: Life Orb\n|\n|-heal|p2a: Swalot|180/326|[from] item: Leftovers\n|upkeep\n|turn|17\n|\n|t:|1781392981\n|move|p1a: Torkoal|Psychic|p2a: Swalot\n|-supereffective|p2a: Swalot\n|-damage|p2a: Swalot|0 fnt\n|faint|p2a: Swalot\n|-damage|p1a: Torkoal|166/235|[from] item: Life Orb\n|\n|upkeep\n|\n|t:|1781392984\n|switch|p2a: Magearna|Magearna-Original, L77|250/250\n|-damage|p2a: Magearna|235/250|[from] Stealth Rock\n|turn|18\n|\n|t:|1781392997\n|switch|p1a: Clawitzer|Clawitzer, L87, M|265/265\n|move|p2a: Magearna|Fleur Cannon|p1a: Clawitzer\n|-damage|p1a: Clawitzer|168/265\n|-unboost|p2a: Magearna|spa|2\n|\n|-heal|p2a: Magearna|250/250|[from] item: Leftovers\n|upkeep\n|turn|19\n|\n|t:|1781393014\n|switch|p2a: Delibird|Delibird, F|157/252\n|-damage|p2a: Delibird|31/252|[from] Stealth Rock\n|move|p1a: Clawitzer|U-turn|p2a: Delibird\n|-resisted|p2a: Delibird\n|-damage|p2a: Delibird|3/252\n|inactive|big_o'l_bigboy has 90 seconds left.\n|\n|t:|1781393035\n|switch|p1a: Breloom|Breloom, L83, F|235/235|[from] U-turn\n|\n|upkeep\n|turn|20\n|\n|t:|1781393041\n|move|p1a: Breloom|Mach Punch|p2a: Delibird\n|-damage|p2a: Delibird|0 fnt\n|faint|p2a: Delibird\n|-damage|p1a: Breloom|212/235|[from] item: Life Orb\n|\n|upkeep\n|\n|t:|1781393053\n|switch|p2a: Dialga|Dialga-Origin, L73, shiny|218/266\n|-damage|p2a: Dialga|202/266|[from] Stealth Rock\n|-ability|p2a: Dialga|Pressure\n|turn|21\n|\n|t:|1781393064\n|move|p1a: Breloom|Mach Punch|p2a: Dialga\n|-supereffective|p2a: Dialga\n|-damage|p2a: Dialga|4/266\n|-damage|p1a: Breloom|189/235|[from] item: Life Orb\n|move|p2a: Dialga|Heavy Slam|p1a: Breloom\n|-damage|p1a: Breloom|54/235\n|\n|upkeep\n|turn|22\n|-message|Uhdb forfeited.\n|\n|win|big_o'l_bigboy\n|raw|big_o&apos;l_bigboy's rating: 1811 &rarr; <strong>1832</strong><br />(+21 for winning)\n|raw|Uhdb's rating: 1836 &rarr; <strong>1815</strong><br />(-21 for losing)\n|l|\u2606Uhdb\n|player|p2|\n", "inputlog": ">version a8376a258c1d4662feba110a92103f3664a72141\n>start {\"formatid\":\"gen9randombattle\",\"seed\":\"sodium,d639703473f87a30c79e04b8915a426d\",\"rated\":\"Rated battle\"}\n>player p1 {\"name\":\"big_o'l_bigboy\",\"avatar\":\"clair\",\"rating\":1811,\"seed\":\"sodium,b22eed778997e5578fc3dd9da799d433\"}\n>player p2 {\"name\":\"Uhdb\",\"avatar\":\"1\",\"rating\":1836,\"seed\":\"sodium,2c7d6666c64e153b1f22207c36e79147\"}\n>p1 move stealthrock\n>p2 move spikes\n>p1 move knockoff\n>p2 move spikes\n>p1 switch 5\n>p2 move spikes\n>p1 move rapidspin\n>p2 switch 6\n>p1 switch 6\n>p2 move encore\n>p1 move dualwingbeat\n>p2 switch 3\n>p1 move dragondance terastallize\n>p2 move heavyslam\n>p1 move dualwingbeat\n>p2 move dragontail\n>p1 move uturn\n>p2 switch 4\n>p1 switch 2\n>p1 move darkpulse\n>p2 move freezingglare\n>p1 move nastyplot\n>p2 switch 2\n>p1 switch 3\n>p2 move fleurcannon\n>p1 move earthquake\n>p2 switch 3\n>p1 move dualwingbeat\n>p2 move moonblast\n>p2 switch 2\n>p1 move dragondance\n>p2 move freezingglare\n>p1 switch 3\n>p1 move darkpulse\n>p2 switch 5\n>p1 move psychic\n>p2 move knockoff\n>p2 switch 3\n>p1 switch 2\n>p2 move fleurcannon\n>p1 move uturn\n>p2 switch 6\n>p1 switch 4\n>p1 move machpunch\n>p2 move bravebird\n>p2 switch 4\n>p1 move machpunch\n>p2 move heavyslam\n>forcelose p2", "uploadtime": 1781393085, "views": 15, "formatid": "gen9randombattle", "rating": 1815, "private": 0, "password": null}