{"id": "gen9randombattle-2631425938", "format": "[Gen 9] Random Battle", "players": ["horohorovasey", "apathetic jenny"], "log": "|j|\u2606horohorovasey\n|j|\u2606apathetic jenny\n|t:|1781383162\n|gametype|singles\n|player|p1|horohorovasey|miku-ghost|1815\n|player|p2|apathetic jenny|1|1772\n|gen|9\n|tier|[Gen 9] Random Battle\n|rated|\n|rule|Species Clause: Limit one of each Pok\u00e9mon\n|rule|HP Percentage Mod: HP is shown in percentages\n|rule|Sleep Clause Mod: Limit one foe put to sleep\n|rule|Illusion Level Mod: Illusion disguises the Pok\u00e9mon's true level\n|\n|t:|1781383162\n|teamsize|p1|6\n|teamsize|p2|6\n|start\n|switch|p1a: Swalot|Swalot, L90, M|326/326\n|switch|p2a: Emboar|Emboar, L84, M|322/322\n|turn|1\n|inactive|Battle timer is ON: inactive players will automatically lose when time's up. (requested by horohorovasey)\n|\n|t:|1781383202\n|move|p2a: Emboar|Flare Blitz|p1a: Swalot\n|-damage|p1a: Swalot|152/326\n|-damage|p2a: Emboar|265/322|[from] Recoil\n|move|p1a: Swalot|Earthquake|p2a: Emboar\n|-supereffective|p2a: Emboar\n|-damage|p2a: Emboar|97/322\n|\n|-heal|p1a: Swalot|172/326|[from] item: Leftovers\n|upkeep\n|turn|2\n|\n|t:|1781383205\n|move|p1a: Swalot|Protect|p1a: Swalot\n|-singleturn|p1a: Swalot|Protect\n|move|p2a: Emboar|Flare Blitz|p1a: Swalot\n|-activate|p1a: Swalot|move: Protect\n|\n|-heal|p1a: Swalot|192/326|[from] item: Leftovers\n|upkeep\n|turn|3\n|\n|t:|1781383211\n|switch|p1a: Volcanion|Volcanion, L79|255/255\n|move|p2a: Emboar|Flare Blitz|p1a: Volcanion\n|-resisted|p1a: Volcanion\n|-damage|p1a: Volcanion|220/255\n|-damage|p2a: Emboar|85/322|[from] Recoil\n|\n|upkeep\n|turn|4\n|\n|t:|1781383217\n|switch|p2a: Archaludon|Archaludon, L78, M|268/268\n|move|p1a: Volcanion|Steam Eruption|p2a: Archaludon\n|-resisted|p2a: Archaludon\n|-damage|p2a: Archaludon|184/268\n|-ability|p2a: Archaludon|Stamina|boost\n|-boost|p2a: Archaludon|def|1\n|\n|upkeep\n|turn|5\n|\n|t:|1781383226\n|move|p2a: Archaludon|Earthquake|p1a: Volcanion\n|-supereffective|p1a: Volcanion\n|-damage|p1a: Volcanion|112/255\n|move|p1a: Volcanion|Earth Power|p2a: Archaludon\n|-supereffective|p2a: Archaludon\n|-damage|p2a: Archaludon|0 fnt\n|faint|p2a: Archaludon\n|\n|upkeep\n|\n|t:|1781383237\n|switch|p2a: Oinkologne|Oinkologne, L92, M|352/352\n|turn|6\n|\n|t:|1781383255\n|switch|p1a: Venusaur|Venusaur, L84, F|272/272\n|move|p2a: Oinkologne|Double-Edge|p1a: Venusaur\n|-damage|p1a: Venusaur|104/272\n|-damage|p2a: Oinkologne|297/352|[from] Recoil\n|\n|-heal|p1a: Venusaur|121/272|[from] item: Leftovers\n|-heal|p2a: Oinkologne|319/352|[from] item: Leftovers\n|upkeep\n|turn|7\n|\n|t:|1781383266\n|switch|p1a: Empoleon|Empoleon, L84, F|278/278\n|move|p2a: Oinkologne|Double-Edge|p1a: Empoleon\n|-resisted|p1a: Empoleon\n|-damage|p1a: Empoleon|201/278\n|-damage|p2a: Oinkologne|294/352|[from] Recoil\n|\n|-heal|p2a: Oinkologne|316/352|[from] item: Leftovers\n|-heal|p1a: Empoleon|218/278|[from] item: Leftovers\n|upkeep\n|turn|8\n|\n|t:|1781383272\n|switch|p1a: Flygon|Flygon, L82, F|265/265\n|move|p2a: Oinkologne|High Horsepower|p1a: Flygon\n|-immune|p1a: Flygon|[from] ability: Levitate\n|\n|-heal|p2a: Oinkologne|338/352|[from] item: Leftovers\n|upkeep\n|turn|9\n|\n|t:|1781383277\n|move|p1a: Flygon|Dragon Dance|p1a: Flygon\n|-boost|p1a: Flygon|atk|1\n|-boost|p1a: Flygon|spe|1\n|move|p2a: Oinkologne|Double-Edge|p1a: Flygon\n|-damage|p1a: Flygon|109/265\n|-damage|p2a: Oinkologne|287/352|[from] Recoil\n|\n|-heal|p2a: Oinkologne|309/352|[from] item: Leftovers\n|upkeep\n|turn|10\n|\n|t:|1781383280\n|move|p1a: Flygon|Outrage|p2a: Oinkologne\n|-damage|p2a: Oinkologne|108/352\n|move|p2a: Oinkologne|Double-Edge|p1a: Flygon\n|-damage|p1a: Flygon|0 fnt\n|faint|p1a: Flygon\n|-damage|p2a: Oinkologne|72/352|[from] Recoil\n|\n|-heal|p2a: Oinkologne|94/352|[from] item: Leftovers\n|upkeep\n|\n|t:|1781383291\n|switch|p1a: Empoleon|Empoleon, L84, F|218/278\n|turn|11\n|\n|t:|1781383300\n|move|p2a: Oinkologne|High Horsepower|p1a: Empoleon\n|-supereffective|p1a: Empoleon\n|-damage|p1a: Empoleon|42/278\n|move|p1a: Empoleon|Surf|p2a: Oinkologne\n|-damage|p2a: Oinkologne|0 fnt\n|faint|p2a: Oinkologne\n|\n|-heal|p1a: Empoleon|59/278|[from] item: Leftovers\n|upkeep\n|\n|t:|1781383310\n|switch|p2a: Emboar|Emboar, L84, M|85/322\n|turn|12\n|\n|t:|1781383321\n|switch|p1a: Swalot|Swalot, L90, M|192/326\n|move|p2a: Emboar|Head Smash|p1a: Swalot\n|-damage|p1a: Swalot|33/326\n|-damage|p2a: Emboar|5/322|[from] Recoil\n|\n|-heal|p1a: Swalot|53/326|[from] item: Leftovers\n|upkeep\n|turn|13\n|\n|t:|1781383337\n|move|p1a: Swalot|Protect|p1a: Swalot\n|-singleturn|p1a: Swalot|Protect\n|move|p2a: Emboar|Head Smash|p1a: Swalot\n|-activate|p1a: Swalot|move: Protect\n|\n|-heal|p1a: Swalot|73/326|[from] item: Leftovers\n|upkeep\n|turn|14\n|\n|t:|1781383340\n|switch|p1a: Empoleon|Empoleon, L84, F|59/278\n|move|p2a: Emboar|Head Smash|p1a: Empoleon\n|-resisted|p1a: Empoleon\n|-damage|p1a: Empoleon|0 fnt\n|faint|p1a: Empoleon\n|-damage|p2a: Emboar|0 fnt|[from] Recoil\n|faint|p2a: Emboar\n|\n|upkeep\n|\n|t:|1781383349\n|switch|p2a: Mimikyu|Mimikyu, L79, F|216/216\n|switch|p1a: Venusaur|Venusaur, L84, F|121/272\n|turn|15\n|\n|t:|1781383353\n|-terastallize|p2a: Mimikyu|Ghost\n|move|p2a: Mimikyu|Shadow Claw|p1a: Venusaur\n|-damage|p1a: Venusaur|9/272\n|-damage|p2a: Mimikyu|195/216|[from] item: Life Orb\n|move|p1a: Venusaur|Leech Seed|p2a: Mimikyu\n|-start|p2a: Mimikyu|move: Leech Seed\n|\n|-heal|p1a: Venusaur|26/272|[from] item: Leftovers\n|-damage|p2a: Mimikyu|168/216|[from] Leech Seed|[of] p1a: Venusaur\n|-heal|p1a: Venusaur|53/272|[silent]\n|upkeep\n|turn|16\n|\n|t:|1781383360\n|move|p2a: Mimikyu|Shadow Claw|p1a: Venusaur\n|-damage|p1a: Venusaur|0 fnt\n|faint|p1a: Venusaur\n|-damage|p2a: Mimikyu|147/216|[from] item: Life Orb\n|\n|upkeep\n|\n|t:|1781383362\n|switch|p1a: Swalot|Swalot, L90, M|73/326\n|turn|17\n|\n|t:|1781383366\n|switch|p2a: Ariados|Ariados, L95, F|287/287\n|move|p1a: Swalot|Sludge Bomb|p2a: Ariados\n|-resisted|p2a: Ariados\n|-damage|p2a: Ariados|236/287\n|\n|-heal|p1a: Swalot|93/326|[from] item: Leftovers\n|upkeep\n|turn|18\n|\n|t:|1781383373\n|move|p1a: Swalot|Earthquake|p2a: Ariados\n|-damage|p2a: Ariados|161/287\n|move|p2a: Ariados|Sticky Web|p1a: Swalot\n|-sidestart|p1: horohorovasey|move: Sticky Web\n|\n|-heal|p1a: Swalot|113/326|[from] item: Leftovers\n|upkeep\n|turn|19\n|\n|t:|1781383377\n|move|p1a: Swalot|Protect|p1a: Swalot\n|-singleturn|p1a: Swalot|Protect\n|move|p2a: Ariados|Megahorn|p1a: Swalot\n|-activate|p1a: Swalot|move: Protect\n|\n|-heal|p1a: Swalot|133/326|[from] item: Leftovers\n|upkeep\n|turn|20\n|\n|t:|1781383378\n|move|p1a: Swalot|Earthquake|p2a: Ariados\n|-damage|p2a: Ariados|89/287\n|move|p2a: Ariados|Megahorn|p1a: Swalot\n|-resisted|p1a: Swalot\n|-damage|p1a: Swalot|16/326\n|\n|-heal|p1a: Swalot|36/326|[from] item: Leftovers\n|upkeep\n|turn|21\n|\n|t:|1781383381\n|move|p1a: Swalot|Protect|p1a: Swalot\n|-singleturn|p1a: Swalot|Protect\n|move|p2a: Ariados|Toxic Spikes|p1a: Swalot\n|-sidestart|p1: horohorovasey|move: Toxic Spikes\n|\n|-heal|p1a: Swalot|56/326|[from] item: Leftovers\n|upkeep\n|turn|22\n|\n|t:|1781383386\n|move|p1a: Swalot|Earthquake|p2a: Ariados\n|-damage|p2a: Ariados|25/287\n|move|p2a: Ariados|Megahorn|p1a: Swalot\n|-resisted|p1a: Swalot\n|-damage|p1a: Swalot|0 fnt\n|faint|p1a: Swalot\n|\n|upkeep\n|\n|t:|1781383388\n|switch|p1a: Polteageist|Polteageist-Antique, L78|222/222\n|-activate|p1a: Polteageist|move: Sticky Web\n|-unboost|p1a: Polteageist|spe|1\n|-status|p1a: Polteageist|psn\n|-enditem|p1a: Polteageist|White Herb\n|-clearnegativeboost|p1a: Polteageist|[silent]\n|turn|23\n|\n|t:|1781383394\n|move|p1a: Polteageist|Shell Smash|p1a: Polteageist\n|-unboost|p1a: Polteageist|def|1\n|-unboost|p1a: Polteageist|spd|1\n|-boost|p1a: Polteageist|atk|2\n|-boost|p1a: Polteageist|spa|2\n|-boost|p1a: Polteageist|spe|2\n|move|p2a: Ariados|Megahorn|p1a: Polteageist\n|-resisted|p1a: Polteageist\n|-damage|p1a: Polteageist|0 fnt\n|faint|p1a: Polteageist\n|\n|upkeep\n|-message|horohorovasey forfeited.\n|\n|win|apathetic jenny\n|raw|horohorovasey's rating: 1815 &rarr; <strong>1793</strong><br />(-22 for losing)\n|raw|apathetic jenny's rating: 1772 &rarr; <strong>1794</strong><br />(+22 for winning)\n|l|\u2606horohorovasey\n|player|p1|\n", "inputlog": ">version a8376a258c1d4662feba110a92103f3664a72141\n>start {\"formatid\":\"gen9randombattle\",\"seed\":\"sodium,0e25a9d79edcc44b31ba83b71d40aeb9\",\"rated\":\"Rated battle\"}\n>player p1 {\"name\":\"horohorovasey\",\"avatar\":\"miku-ghost\",\"rating\":1815,\"seed\":\"sodium,c8d79584e750edaeeab8db5e0406b6af\"}\n>player p2 {\"name\":\"apathetic jenny\",\"avatar\":\"1\",\"rating\":1772,\"seed\":\"sodium,c78e5752506728f4363129af33eb1a7a\"}\n>p1 move earthquake\n>p2 move flareblitz\n>p1 move protect\n>p2 move flareblitz\n>p1 switch 6\n>p2 move flareblitz\n>p1 move steameruption\n>p2 switch 3\n>p1 move earthpower\n>p2 move earthquake\n>p2 switch 2\n>p1 switch 5\n>p2 move doubleedge\n>p1 switch 3\n>p2 move doubleedge\n>p1 switch 2\n>p2 move highhorsepower\n>p1 move dragondance\n>p2 move doubleedge\n>p1 move outrage\n>p2 move doubleedge\n>p1 switch 2\n>p1 move surf\n>p2 move highhorsepower\n>p2 switch 3\n>p1 switch 6\n>p2 move headsmash\n>p1 move protect\n>p2 move headsmash\n>p1 switch 6\n>p2 move headsmash\n>p1 switch 3\n>p2 switch 5\n>p1 move leechseed\n>p2 move shadowclaw terastallize\n>p1 move gigadrain\n>p2 move shadowclaw\n>p1 switch 6\n>p1 move sludgebomb\n>p2 switch 6\n>p1 move earthquake\n>p2 move stickyweb\n>p1 move protect\n>p2 move megahorn\n>p1 move earthquake\n>p2 move megahorn\n>p1 move protect\n>p2 move toxicspikes\n>p1 move earthquake\n>p2 move megahorn\n>p1 switch 4\n>p1 move shellsmash\n>p2 move megahorn\n>forcelose p1", "uploadtime": 1781383410, "views": 9, "formatid": "gen9randombattle", "rating": 1793, "private": 0, "password": null}