{"id": "gen9randombattle-2631590585", "format": "[Gen 9] Random Battle", "players": ["Jzcool", "zomboide"], "log": "|j|\u2606Jzcool\n|j|\u2606zomboide\n|t:|1781405535\n|gametype|singles\n|player|p1|Jzcool|mars|1397\n|player|p2|zomboide|artist-gen4|1341\n|gen|9\n|tier|[Gen 9] Random Battle\n|rated|\n|rule|Species Clause: Limit one of each Pok\u00e9mon\n|rule|HP Percentage Mod: HP is shown in percentages\n|rule|Sleep Clause Mod: Limit one foe put to sleep\n|rule|Illusion Level Mod: Illusion disguises the Pok\u00e9mon's true level\n|\n|t:|1781405535\n|teamsize|p1|6\n|teamsize|p2|6\n|start\n|switch|p1a: Klefki|Klefki, L84, M|233/233\n|switch|p2a: Empoleon|Empoleon, L84, F|278/278\n|turn|1\n|inactive|Battle timer is ON: inactive players will automatically lose when time's up. (requested by Jzcool)\n|\n|t:|1781405543\n|move|p1a: Klefki|Thunder Wave|p2a: Empoleon\n|-status|p2a: Empoleon|par\n|move|p2a: Empoleon|Surf|p1a: Klefki\n|-damage|p1a: Klefki|116/233\n|\n|-heal|p1a: Klefki|130/233|[from] item: Leftovers\n|upkeep\n|turn|2\n|\n|t:|1781405566\n|move|p1a: Klefki|Spikes|p2a: Empoleon\n|-sidestart|p2: zomboide|Spikes\n|move|p2a: Empoleon|Flip Turn|p1a: Klefki\n|-damage|p1a: Klefki|69/233\n|\n|t:|1781405572\n|switch|p2a: Vikavolt|Vikavolt, L83, M|263/263|[from] Flip Turn\n|\n|-heal|p1a: Klefki|83/233|[from] item: Leftovers\n|upkeep\n|turn|3\n|\n|t:|1781405582\n|switch|p1a: Iron Boulder|Iron Boulder, L77|265/265\n|move|p2a: Vikavolt|Sticky Web|p1a: Iron Boulder\n|-sidestart|p1: Jzcool|move: Sticky Web\n|\n|upkeep\n|turn|4\n|\n|t:|1781405589\n|-terastallize|p1a: Iron Boulder|Fighting\n|move|p1a: Iron Boulder|Swords Dance|p1a: Iron Boulder\n|-boost|p1a: Iron Boulder|atk|2\n|move|p2a: Vikavolt|Thunderbolt|p1a: Iron Boulder\n|-damage|p1a: Iron Boulder|138/265\n|\n|upkeep\n|turn|5\n|\n|t:|1781405596\n|move|p1a: Iron Boulder|Mighty Cleave|p2a: Vikavolt\n|-supereffective|p2a: Vikavolt\n|-damage|p2a: Vikavolt|0 fnt\n|faint|p2a: Vikavolt\n|-damage|p1a: Iron Boulder|112/265|[from] item: Life Orb\n|\n|upkeep\n|\n|t:|1781405605\n|switch|p2a: Bronzong|Bronzong, L88|261/261\n|turn|6\n|\n|t:|1781405609\n|move|p1a: Iron Boulder|Close Combat|p2a: Bronzong\n|-damage|p2a: Bronzong|6/261\n|-unboost|p1a: Iron Boulder|def|1\n|-unboost|p1a: Iron Boulder|spd|1\n|-damage|p1a: Iron Boulder|86/265|[from] item: Life Orb\n|move|p2a: Bronzong|Iron Head|p1a: Iron Boulder\n|-damage|p1a: Iron Boulder|0 fnt\n|faint|p1a: Iron Boulder\n|-end|p1a: Iron Boulder|Quark Drive|[silent]\n|\n|-heal|p2a: Bronzong|22/261|[from] item: Leftovers\n|upkeep\n|\n|t:|1781405617\n|switch|p1a: Ariados|Ariados, L95, F|287/287\n|turn|7\n|\n|t:|1781405623\n|move|p1a: Ariados|Knock Off|p2a: Bronzong\n|-supereffective|p2a: Bronzong\n|-crit|p2a: Bronzong\n|-damage|p2a: Bronzong|0 fnt\n|-enditem|p2a: Bronzong|Leftovers|[from] move: Knock Off|[of] p1a: Ariados\n|faint|p2a: Bronzong\n|\n|upkeep\n|\n|t:|1781405629\n|switch|p2a: Swanna|Swanna, L89, F|278/278\n|turn|8\n|\n|t:|1781405638\n|move|p2a: Swanna|Brave Bird|p1a: Ariados\n|-supereffective|p1a: Ariados\n|-damage|p1a: Ariados|29/287\n|-damage|p2a: Swanna|193/278|[from] Recoil\n|move|p1a: Ariados|Sticky Web|p2a: Swanna\n|-sidestart|p2: zomboide|move: Sticky Web\n|\n|upkeep\n|turn|9\n|\n|t:|1781405646\n|switch|p1a: Klefki|Klefki, L84, M|83/233\n|-activate|p1a: Klefki|move: Sticky Web\n|-unboost|p1a: Klefki|spe|1\n|move|p2a: Swanna|Defog|p1a: Klefki\n|-unboost|p1a: Klefki|evasion|1\n|-sideend|p1: Jzcool|Sticky Web|[from] move: Defog|[of] p2a: Swanna\n|-sideend|p2: zomboide|Spikes|[from] move: Defog|[of] p2a: Swanna\n|-sideend|p2: zomboide|Sticky Web|[from] move: Defog|[of] p2a: Swanna\n|\n|-heal|p1a: Klefki|97/233|[from] item: Leftovers\n|upkeep\n|turn|10\n|\n|t:|1781405652\n|move|p1a: Klefki|Thunder Wave|p2a: Swanna\n|-status|p2a: Swanna|par\n|move|p2a: Swanna|Hydro Pump|p1a: Klefki\n|-damage|p1a: Klefki|0 fnt\n|faint|p1a: Klefki\n|\n|upkeep\n|\n|t:|1781405662\n|switch|p1a: Ariados|Ariados, L95, F|29/287\n|turn|11\n|\n|t:|1781405665\n|move|p1a: Ariados|Sticky Web|p2a: Swanna\n|-sidestart|p2: zomboide|move: Sticky Web\n|move|p2a: Swanna|Brave Bird|p1a: Ariados\n|-supereffective|p1a: Ariados\n|-damage|p1a: Ariados|0 fnt\n|faint|p1a: Ariados\n|-damage|p2a: Swanna|183/278 par|[from] Recoil\n|\n|upkeep\n|\n|t:|1781405668\n|switch|p1a: Raichu|Raichu, L88, F|249/249\n|turn|12\n|\n|t:|1781405672\n|switch|p2a: Raichu|Raichu-Alola, L87, M|246/246\n|-activate|p2a: Raichu|move: Sticky Web\n|-unboost|p2a: Raichu|spe|1\n|move|p1a: Raichu|Thunderbolt|p2a: Raichu\n|-resisted|p2a: Raichu\n|-damage|p2a: Raichu|174/246\n|\n|upkeep\n|turn|13\n|\n|t:|1781405679\n|switch|p1a: Landorus|Landorus, L75, M|257/257\n|move|p2a: Raichu|Psyshock|p1a: Landorus\n|-damage|p1a: Landorus|140/257\n|-damage|p2a: Raichu|150/246|[from] item: Life Orb\n|\n|upkeep\n|turn|14\n|\n|t:|1781405689\n|switch|p2a: Vivillon|Vivillon-Icy Snow, L83, F|268/268\n|move|p1a: Landorus|Earth Power|p2a: Vivillon\n|-immune|p2a: Vivillon\n|\n|upkeep\n|turn|15\n|\n|t:|1781405694\n|move|p1a: Landorus|Sludge Wave|p2a: Vivillon\n|-damage|p2a: Vivillon|115/268\n|move|p2a: Vivillon|Sleep Powder|p1a: Landorus\n|-status|p1a: Landorus|slp|[from] move: Sleep Powder\n|\n|upkeep\n|turn|16\n|\n|t:|1781405700\n|cant|p1a: Landorus|slp\n|move|p2a: Vivillon|Quiver Dance|p2a: Vivillon\n|-boost|p2a: Vivillon|spa|1\n|-boost|p2a: Vivillon|spd|1\n|-boost|p2a: Vivillon|spe|1\n|\n|upkeep\n|turn|17\n|\n|t:|1781405705\n|switch|p1a: Raichu|Raichu, L88, F|249/249\n|move|p2a: Vivillon|Quiver Dance|p2a: Vivillon\n|-boost|p2a: Vivillon|spa|1\n|-boost|p2a: Vivillon|spd|1\n|-boost|p2a: Vivillon|spe|1\n|\n|upkeep\n|turn|18\n|\n|t:|1781405712\n|-terastallize|p2a: Vivillon|Ground\n|move|p2a: Vivillon|Tera Blast|p1a: Raichu|[anim] Tera Blast Ground\n|-supereffective|p1a: Raichu\n|-damage|p1a: Raichu|0 fnt\n|faint|p1a: Raichu\n|\n|upkeep\n|\n|t:|1781405718\n|switch|p1a: Landorus|Landorus, L75, M|140/257 slp\n|turn|19\n|\n|t:|1781405721\n|move|p2a: Vivillon|Hurricane|p1a: Landorus\n|-damage|p1a: Landorus|0 fnt\n|faint|p1a: Landorus\n|\n|upkeep\n|\n|t:|1781405724\n|switch|p1a: Shiftry|Shiftry, L89, M|305/305\n|turn|20\n|c|\u2606Jzcool|Gg\n|\n|t:|1781405731\n|move|p2a: Vivillon|Hurricane|p1a: Shiftry\n|-ability|p1a: Shiftry|Wind Rider|boost\n|-boost|p1a: Shiftry|atk|1\n|move|p1a: Shiftry|Tailwind|p1a: Shiftry\n|-sidestart|p1: Jzcool|move: Tailwind\n|-ability|p1a: Shiftry|Wind Rider|boost\n|-boost|p1a: Shiftry|atk|1\n|\n|upkeep\n|turn|21\n|\n|t:|1781405737\n|move|p2a: Vivillon|Tera Blast|p1a: Shiftry|[anim] Tera Blast Ground\n|-resisted|p1a: Shiftry\n|-damage|p1a: Shiftry|206/305\n|move|p1a: Shiftry|Leaf Blade|p2a: Vivillon\n|-supereffective|p2a: Vivillon\n|-damage|p2a: Vivillon|0 fnt\n|faint|p2a: Vivillon\n|-damage|p1a: Shiftry|176/305|[from] item: Life Orb\n|\n|upkeep\n|\n|t:|1781405741\n|switch|p2a: Empoleon|Empoleon, L84, F|278/278 par\n|-activate|p2a: Empoleon|move: Sticky Web\n|-unboost|p2a: Empoleon|spe|1\n|-ability|p2a: Empoleon|Competitive|boost\n|-boost|p2a: Empoleon|spa|2\n|turn|22\n|\n|t:|1781405744\n|move|p1a: Shiftry|Low Kick|p2a: Empoleon\n|-supereffective|p2a: Empoleon\n|-damage|p2a: Empoleon|0 fnt\n|faint|p2a: Empoleon\n|-damage|p1a: Shiftry|146/305|[from] item: Life Orb\n|\n|upkeep\n|\n|t:|1781405748\n|switch|p2a: Raichu|Raichu-Alola, L87, M|150/246\n|-activate|p2a: Raichu|move: Sticky Web\n|-unboost|p2a: Raichu|spe|1\n|turn|23\n|\n|t:|1781405757\n|move|p1a: Shiftry|Knock Off|p2a: Raichu\n|-supereffective|p2a: Raichu\n|-damage|p2a: Raichu|0 fnt\n|-enditem|p2a: Raichu|Life Orb|[from] move: Knock Off|[of] p1a: Shiftry\n|faint|p2a: Raichu\n|-damage|p1a: Shiftry|116/305|[from] item: Life Orb\n|\n|-sideend|p1: Jzcool|move: Tailwind\n|upkeep\n|\n|t:|1781405762\n|switch|p2a: Swanna|Swanna, L89, F|183/278 par\n|turn|24\n|\n|t:|1781405767\n|move|p1a: Shiftry|Knock Off|p2a: Swanna\n|-damage|p2a: Swanna|0 fnt\n|-enditem|p2a: Swanna|Heavy-Duty Boots|[from] move: Knock Off|[of] p1a: Shiftry\n|faint|p2a: Swanna\n|-damage|p1a: Shiftry|86/305|[from] item: Life Orb\n|\n|win|Jzcool\n|raw|Jzcool's rating: 1397 &rarr; <strong>1414</strong><br />(+17 for winning)\n|raw|zomboide's rating: 1341 &rarr; <strong>1324</strong><br />(-17 for losing)\n|l|\u2606zomboide\n|player|p2|\n", "inputlog": ">version a8376a258c1d4662feba110a92103f3664a72141\n>start {\"formatid\":\"gen9randombattle\",\"seed\":\"sodium,6e4b0ecdd280c10b35148abf4bc5520f\",\"rated\":\"Rated battle\"}\n>player p1 {\"name\":\"Jzcool\",\"avatar\":\"mars\",\"rating\":1397,\"seed\":\"sodium,ea24dd46e03295c291c2cf9f5e1aa04a\"}\n>player p2 {\"name\":\"zomboide\",\"avatar\":\"artist-gen4\",\"rating\":1341,\"seed\":\"sodium,702c3d01221fc3a7bc670277d5231b9b\"}\n>p1 move thunderwave\n>p2 move surf\n>p1 move spikes\n>p2 move flipturn\n>p2 switch 3\n>p1 switch 3\n>p2 move stickyweb\n>p1 move swordsdance terastallize\n>p2 move thunderbolt\n>p1 move mightycleave\n>p2 move thunderbolt\n>p2 switch 4\n>p1 move closecombat\n>p2 move ironhead\n>p1 switch 4\n>p1 move knockoff\n>p2 move psychicnoise\n>p2 switch 6\n>p1 move stickyweb\n>p2 move bravebird\n>p1 switch 3\n>p2 move defog\n>p1 move thunderwave\n>p2 move hydropump\n>p1 switch 3\n>p1 move stickyweb\n>p2 move bravebird\n>p1 switch 2\n>p1 move thunderbolt\n>p2 switch 2\n>p1 switch 6\n>p2 move psyshock\n>p1 move earthpower\n>p2 switch 5\n>p1 move sludgewave\n>p2 move sleeppowder\n>p1 move sludgewave\n>p2 move quiverdance\n>p1 switch 6\n>p2 move quiverdance\n>p1 move thunderbolt\n>p2 move terablast terastallize\n>p1 switch 6\n>p1 move earthpower\n>p2 move hurricane\n>p1 switch 5\n>chat \u2606Jzcool|Gg\n>p1 move tailwind\n>p2 move hurricane\n>p1 move leafblade\n>p2 move terablast\n>p2 switch 3\n>p1 move lowkick\n>p2 move icebeam\n>p2 switch 5\n>p1 move knockoff\n>p2 move alluringvoice\n>p2 switch 2\n>p1 move knockoff\n>p2 move hydropump", "uploadtime": 1781405776, "views": 18, "formatid": "gen9randombattle", "rating": 1324, "private": 0, "password": null}