{"id": "gen9randombattle-2632014122", "format": "[Gen 9] Random Battle", "players": ["Glinteighty", "Profschnitzel"], "log": "|j|\u2606Glinteighty\n|j|\u2606Profschnitzel\n|t:|1781466029\n|gametype|singles\n|player|p1|Glinteighty|266|1977\n|player|p2|Profschnitzel|steven|2053\n|gen|9\n|tier|[Gen 9] Random Battle\n|rated|\n|rule|Species Clause: Limit one of each Pok\u00e9mon\n|rule|HP Percentage Mod: HP is shown in percentages\n|rule|Sleep Clause Mod: Limit one foe put to sleep\n|rule|Illusion Level Mod: Illusion disguises the Pok\u00e9mon's true level\n|\n|t:|1781466029\n|teamsize|p1|6\n|teamsize|p2|6\n|start\n|switch|p1a: Exeggutor|Exeggutor, L89, M|314/314\n|switch|p2a: Regigigas|Regigigas, L84|322/322\n|-start|p2a: Regigigas|ability: Slow Start\n|turn|1\n|inactive|Battle timer is ON: inactive players will automatically lose when time's up. (requested by Profschnitzel)\n|\n|t:|1781466057\n|switch|p1a: Regirock|Regirock, L83|268/268\n|move|p2a: Regigigas|Knock Off|p1a: Regirock\n|-damage|p1a: Regirock|239/268\n|-enditem|p1a: Regirock|Leftovers|[from] move: Knock Off|[of] p2a: Regigigas\n|\n|upkeep\n|turn|2\n|\n|t:|1781466066\n|switch|p2a: Milotic|Milotic, L83, M|293/293\n|move|p1a: Regirock|Thunder Wave|p2a: Milotic\n|-status|p2a: Milotic|par\n|\n|upkeep\n|turn|3\n|\n|t:|1781466072\n|move|p1a: Regirock|Stealth Rock|p2a: Milotic\n|-sidestart|p2: Profschnitzel|move: Stealth Rock\n|move|p2a: Milotic|Scald|p1a: Regirock\n|-supereffective|p1a: Regirock\n|-damage|p1a: Regirock|89/268\n|\n|upkeep\n|turn|4\n|\n|t:|1781466081\n|switch|p1a: Toxicroak|Toxicroak, L84, M|277/277\n|move|p2a: Milotic|Ice Beam|p1a: Toxicroak\n|-damage|p1a: Toxicroak|196/277\n|\n|upkeep\n|turn|5\n|\n|t:|1781466088\n|move|p1a: Toxicroak|Swords Dance|p1a: Toxicroak\n|-boost|p1a: Toxicroak|atk|2\n|cant|p2a: Milotic|par\n|\n|upkeep\n|turn|6\n|\n|t:|1781466097\n|move|p1a: Toxicroak|Knock Off|p2a: Milotic\n|-damage|p2a: Milotic|102/293 par\n|-enditem|p2a: Milotic|Leftovers|[from] move: Knock Off|[of] p1a: Toxicroak\n|-damage|p1a: Toxicroak|169/277|[from] item: Life Orb\n|move|p2a: Milotic|Dragon Tail|p1a: Toxicroak\n|-damage|p1a: Toxicroak|134/277\n|drag|p1a: Cloyster|Cloyster, L80, F|211/211\n|\n|upkeep\n|turn|7\n|\n|t:|1781466109\n|switch|p1a: Toxicroak|Toxicroak, L84, M|134/277\n|move|p2a: Milotic|Dragon Tail|p1a: Toxicroak\n|-damage|p1a: Toxicroak|100/277\n|drag|p1a: Exeggutor|Exeggutor, L89, M|314/314\n|\n|upkeep\n|turn|8\n|\n|t:|1781466116\n|switch|p2a: Skuntank|Skuntank, L84, M|310/310\n|-damage|p2a: Skuntank|272/310|[from] Stealth Rock\n|move|p1a: Exeggutor|Giga Drain|p2a: Skuntank\n|-resisted|p2a: Skuntank\n|-damage|p2a: Skuntank|200/310\n|\n|upkeep\n|turn|9\n|\n|t:|1781466122\n|switch|p1a: Regirock|Regirock, L83|89/268\n|move|p2a: Skuntank|Knock Off|p1a: Regirock\n|-damage|p1a: Regirock|45/268\n|-damage|p2a: Skuntank|169/310|[from] item: Life Orb\n|\n|upkeep\n|turn|10\n|\n|t:|1781466128\n|move|p2a: Skuntank|Toxic Spikes|p1a: Regirock\n|-sidestart|p1: Glinteighty|move: Toxic Spikes\n|move|p1a: Regirock|Body Press|p2a: Skuntank\n|-damage|p2a: Skuntank|37/310\n|\n|upkeep\n|turn|11\n|\n|t:|1781466133\n|move|p2a: Skuntank|Knock Off|p1a: Regirock\n|-damage|p1a: Regirock|2/268\n|-damage|p2a: Skuntank|6/310|[from] item: Life Orb\n|move|p1a: Regirock|Body Press|p2a: Skuntank\n|-damage|p2a: Skuntank|0 fnt\n|-damage|p1a: Regirock|0 fnt|[from] ability: Aftermath|[of] p2a: Skuntank\n|faint|p2a: Skuntank\n|faint|p1a: Regirock\n|\n|upkeep\n|\n|t:|1781466141\n|switch|p2a: Grimmsnarl|Grimmsnarl, L83, M|293/293\n|switch|p1a: Toxicroak|Toxicroak, L84, M|100/277\n|-sideend|p1: Glinteighty|move: Toxic Spikes|[of] p1a: Toxicroak\n|-damage|p2a: Grimmsnarl|257/293|[from] Stealth Rock\n|turn|12\n|\n|t:|1781466147\n|-terastallize|p2a: Grimmsnarl|Poison\n|move|p2a: Grimmsnarl|Thunder Wave|p1a: Toxicroak\n|-status|p1a: Toxicroak|par\n|move|p1a: Toxicroak|Gunk Shot|p2a: Grimmsnarl\n|-resisted|p2a: Grimmsnarl\n|-damage|p2a: Grimmsnarl|140/293\n|-damage|p1a: Toxicroak|73/277 par|[from] item: Life Orb\n|\n|-heal|p2a: Grimmsnarl|158/293|[from] item: Leftovers\n|upkeep\n|turn|13\n|\n|t:|1781466157\n|move|p2a: Grimmsnarl|Spirit Break|p1a: Toxicroak\n|-damage|p1a: Toxicroak|0 fnt\n|faint|p1a: Toxicroak\n|\n|-heal|p2a: Grimmsnarl|176/293|[from] item: Leftovers\n|upkeep\n|\n|t:|1781466166\n|switch|p1a: Cobalion|Cobalion, L80|277/277\n|turn|14\n|\n|t:|1781466169\n|move|p2a: Grimmsnarl|Thunder Wave|p1a: Cobalion\n|-status|p1a: Cobalion|par\n|move|p1a: Cobalion|Calm Mind|p1a: Cobalion\n|-boost|p1a: Cobalion|spa|1\n|-boost|p1a: Cobalion|spd|1\n|\n|-heal|p2a: Grimmsnarl|194/293|[from] item: Leftovers\n|upkeep\n|turn|15\n|\n|t:|1781466177\n|move|p2a: Grimmsnarl|Spirit Break|p1a: Cobalion\n|-damage|p1a: Cobalion|207/277 par\n|-unboost|p1a: Cobalion|spa|1\n|move|p1a: Cobalion|Calm Mind|p1a: Cobalion\n|-boost|p1a: Cobalion|spa|1\n|-boost|p1a: Cobalion|spd|1\n|\n|-heal|p2a: Grimmsnarl|212/293|[from] item: Leftovers\n|-heal|p1a: Cobalion|224/277 par|[from] item: Leftovers\n|upkeep\n|turn|16\n|\n|t:|1781466182\n|move|p2a: Grimmsnarl|Spirit Break|p1a: Cobalion\n|-damage|p1a: Cobalion|151/277 par\n|-unboost|p1a: Cobalion|spa|1\n|move|p1a: Cobalion|Flash Cannon|p2a: Grimmsnarl\n|-damage|p2a: Grimmsnarl|119/293\n|\n|-heal|p2a: Grimmsnarl|137/293|[from] item: Leftovers\n|-heal|p1a: Cobalion|168/277 par|[from] item: Leftovers\n|upkeep\n|turn|17\n|\n|t:|1781466188\n|move|p2a: Grimmsnarl|Spirit Break|p1a: Cobalion\n|-damage|p1a: Cobalion|93/277 par\n|-unboost|p1a: Cobalion|spa|1\n|move|p1a: Cobalion|Flash Cannon|p2a: Grimmsnarl\n|-damage|p2a: Grimmsnarl|79/293\n|-unboost|p2a: Grimmsnarl|spd|1\n|\n|-heal|p2a: Grimmsnarl|97/293|[from] item: Leftovers\n|-heal|p1a: Cobalion|110/277 par|[from] item: Leftovers\n|upkeep\n|turn|18\n|\n|t:|1781466194\n|move|p2a: Grimmsnarl|Parting Shot|p1a: Cobalion\n|-unboost|p1a: Cobalion|atk|1\n|-unboost|p1a: Cobalion|spa|1\n|\n|t:|1781466197\n|switch|p2a: Regigigas|Regigigas, L84|322/322|[from] Parting Shot\n|-damage|p2a: Regigigas|282/322|[from] Stealth Rock\n|-start|p2a: Regigigas|ability: Slow Start\n|move|p1a: Cobalion|Flash Cannon|p2a: Regigigas\n|-damage|p2a: Regigigas|248/322\n|\n|-heal|p1a: Cobalion|127/277 par|[from] item: Leftovers\n|-heal|p2a: Regigigas|268/322|[from] item: Leftovers\n|upkeep\n|turn|19\n|\n|t:|1781466204\n|move|p1a: Cobalion|Calm Mind|p1a: Cobalion\n|-boost|p1a: Cobalion|spa|1\n|-boost|p1a: Cobalion|spd|1\n|move|p2a: Regigigas|Knock Off|p1a: Cobalion\n|-resisted|p1a: Cobalion\n|-damage|p1a: Cobalion|109/277 par\n|-ability|p1a: Cobalion|Justified|boost\n|-boost|p1a: Cobalion|atk|1\n|-enditem|p1a: Cobalion|Leftovers|[from] move: Knock Off|[of] p2a: Regigigas\n|\n|-heal|p2a: Regigigas|288/322|[from] item: Leftovers\n|upkeep\n|turn|20\n|\n|t:|1781466209\n|move|p1a: Cobalion|Calm Mind|p1a: Cobalion\n|-boost|p1a: Cobalion|spa|1\n|-boost|p1a: Cobalion|spd|1\n|move|p2a: Regigigas|Body Slam|p1a: Cobalion\n|-resisted|p1a: Cobalion\n|-damage|p1a: Cobalion|81/277 par\n|\n|-heal|p2a: Regigigas|308/322|[from] item: Leftovers\n|upkeep\n|turn|21\n|\n|t:|1781466213\n|move|p1a: Cobalion|Aura Sphere|p2a: Regigigas\n|-supereffective|p2a: Regigigas\n|-crit|p2a: Regigigas\n|-damage|p2a: Regigigas|110/322\n|move|p2a: Regigigas|Body Slam|p1a: Cobalion\n|-resisted|p1a: Cobalion\n|-damage|p1a: Cobalion|52/277 par\n|\n|-heal|p2a: Regigigas|130/322|[from] item: Leftovers\n|upkeep\n|turn|22\n|\n|t:|1781466220\n|move|p1a: Cobalion|Aura Sphere|p2a: Regigigas\n|-supereffective|p2a: Regigigas\n|-damage|p2a: Regigigas|14/322\n|move|p2a: Regigigas|Rest|p2a: Regigigas\n|-status|p2a: Regigigas|slp|[from] move: Rest\n|-heal|p2a: Regigigas|322/322 slp|[silent]\n|\n|upkeep\n|turn|23\n|\n|t:|1781466223\n|cant|p1a: Cobalion|par\n|cant|p2a: Regigigas|slp\n|move|p2a: Regigigas|Sleep Talk|p2a: Regigigas\n|move|p2a: Regigigas|Rest||[from] move: Sleep Talk|[still]\n|-fail|p2a: Regigigas\n|\n|-end|p2a: Regigigas|Slow Start\n|upkeep\n|turn|24\n|\n|t:|1781466229\n|cant|p2a: Regigigas|slp\n|move|p2a: Regigigas|Sleep Talk|p2a: Regigigas\n|move|p2a: Regigigas|Rest||[from] move: Sleep Talk|[still]\n|-fail|p2a: Regigigas\n|move|p1a: Cobalion|Aura Sphere|p2a: Regigigas\n|-supereffective|p2a: Regigigas\n|-damage|p2a: Regigigas|184/322 slp\n|\n|-heal|p2a: Regigigas|204/322 slp|[from] item: Leftovers\n|upkeep\n|turn|25\n|\n|t:|1781466236\n|move|p1a: Cobalion|Vacuum Wave|p2a: Regigigas\n|-supereffective|p2a: Regigigas\n|-damage|p2a: Regigigas|144/322 slp\n|-curestatus|p2a: Regigigas|slp|[msg]\n|move|p2a: Regigigas|Body Slam|p1a: Cobalion\n|-resisted|p1a: Cobalion\n|-damage|p1a: Cobalion|2/277 par\n|\n|-heal|p2a: Regigigas|164/322|[from] item: Leftovers\n|upkeep\n|turn|26\n|\n|t:|1781466241\n|move|p2a: Regigigas|Rest|p2a: Regigigas\n|-status|p2a: Regigigas|slp|[from] move: Rest\n|-heal|p2a: Regigigas|322/322 slp|[silent]\n|move|p1a: Cobalion|Aura Sphere|p2a: Regigigas\n|-supereffective|p2a: Regigigas\n|-damage|p2a: Regigigas|194/322 slp\n|\n|-heal|p2a: Regigigas|214/322 slp|[from] item: Leftovers\n|upkeep\n|turn|27\n|\n|t:|1781466244\n|cant|p2a: Regigigas|slp\n|move|p2a: Regigigas|Sleep Talk|p2a: Regigigas\n|move|p2a: Regigigas|Body Slam|p1a: Cobalion|[from] move: Sleep Talk\n|-resisted|p1a: Cobalion\n|-damage|p1a: Cobalion|0 fnt\n|faint|p1a: Cobalion\n|\n|-heal|p2a: Regigigas|234/322 slp|[from] item: Leftovers\n|upkeep\n|\n|t:|1781466260\n|switch|p1a: Exeggutor|Exeggutor, L89, M|314/314\n|turn|28\n|\n|t:|1781466264\n|cant|p2a: Regigigas|slp\n|move|p2a: Regigigas|Sleep Talk|p2a: Regigigas\n|move|p2a: Regigigas|Body Slam|p1a: Exeggutor|[from] move: Sleep Talk\n|-damage|p1a: Exeggutor|179/314\n|move|p1a: Exeggutor|Calm Mind|p1a: Exeggutor\n|-boost|p1a: Exeggutor|spa|1\n|-boost|p1a: Exeggutor|spd|1\n|\n|-heal|p2a: Regigigas|254/322 slp|[from] item: Leftovers\n|upkeep\n|turn|29\n|\n|t:|1781466270\n|-curestatus|p2a: Regigigas|slp|[msg]\n|move|p2a: Regigigas|Knock Off|p1a: Exeggutor\n|-supereffective|p1a: Exeggutor\n|-damage|p1a: Exeggutor|0 fnt\n|-enditem|p1a: Exeggutor|Sitrus Berry|[from] move: Knock Off|[of] p2a: Regigigas\n|faint|p1a: Exeggutor\n|\n|-heal|p2a: Regigigas|274/322|[from] item: Leftovers\n|upkeep\n|\n|t:|1781466276\n|switch|p1a: Dragonite|Dragonite, L74, M|257/257\n|turn|30\n|\n|t:|1781466279\n|move|p2a: Regigigas|Body Slam|p1a: Dragonite\n|-damage|p1a: Dragonite|188/257\n|move|p1a: Dragonite|Dragon Dance|p1a: Dragonite\n|-boost|p1a: Dragonite|atk|1\n|-boost|p1a: Dragonite|spe|1\n|\n|-heal|p2a: Regigigas|294/322|[from] item: Leftovers\n|upkeep\n|turn|31\n|\n|t:|1781466289\n|-terastallize|p1a: Dragonite|Steel\n|move|p1a: Dragonite|Iron Head|p2a: Regigigas\n|-damage|p2a: Regigigas|182/322\n|move|p2a: Regigigas|Body Slam|p1a: Dragonite\n|-resisted|p1a: Dragonite\n|-damage|p1a: Dragonite|112/257\n|-status|p1a: Dragonite|par\n|\n|-heal|p2a: Regigigas|202/322|[from] item: Leftovers\n|upkeep\n|turn|32\n|\n|t:|1781466298\n|move|p2a: Regigigas|Knock Off|p1a: Dragonite\n|-damage|p1a: Dragonite|5/257 par\n|-enditem|p1a: Dragonite|Heavy-Duty Boots|[from] move: Knock Off|[of] p2a: Regigigas\n|move|p1a: Dragonite|Outrage|p2a: Regigigas\n|-damage|p2a: Regigigas|27/322\n|\n|-heal|p2a: Regigigas|47/322|[from] item: Leftovers\n|upkeep\n|turn|33\n|\n|t:|1781466308\n|move|p2a: Regigigas|Rest|p2a: Regigigas\n|-status|p2a: Regigigas|slp|[from] move: Rest\n|-heal|p2a: Regigigas|322/322 slp|[silent]\n|move|p1a: Dragonite|Outrage|p2a: Regigigas|[from] lockedmove\n|-damage|p2a: Regigigas|165/322 slp\n|-start|p1a: Dragonite|confusion|[fatigue]\n|\n|-heal|p2a: Regigigas|185/322 slp|[from] item: Leftovers\n|upkeep\n|turn|34\n|\n|t:|1781466313\n|cant|p2a: Regigigas|slp\n|move|p2a: Regigigas|Sleep Talk|p2a: Regigigas\n|move|p2a: Regigigas|Rest||[from] move: Sleep Talk|[still]\n|-fail|p2a: Regigigas\n|-activate|p1a: Dragonite|confusion\n|move|p1a: Dragonite|Outrage|p2a: Regigigas\n|-damage|p2a: Regigigas|19/322 slp\n|\n|-heal|p2a: Regigigas|39/322 slp|[from] item: Leftovers\n|upkeep\n|turn|35\n|\n|t:|1781466325\n|cant|p2a: Regigigas|slp\n|move|p2a: Regigigas|Sleep Talk|p2a: Regigigas\n|move|p2a: Regigigas|Rest||[from] move: Sleep Talk|[still]\n|-fail|p2a: Regigigas\n|-activate|p1a: Dragonite|confusion\n|move|p1a: Dragonite|Outrage|p2a: Regigigas|[from] lockedmove\n|-damage|p2a: Regigigas|0 fnt\n|faint|p2a: Regigigas\n|-end|p2a: Regigigas|Slow Start|[silent]\n|\n|upkeep\n|\n|t:|1781466337\n|switch|p2a: Iron Leaves|Iron Leaves, L80|275/275\n|-damage|p2a: Iron Leaves|241/275|[from] Stealth Rock\n|turn|36\n|\n|t:|1781466343\n|move|p2a: Iron Leaves|Leaf Blade|p1a: Dragonite\n|-resisted|p1a: Dragonite\n|-damage|p1a: Dragonite|0 fnt\n|faint|p1a: Dragonite\n|\n|upkeep\n|\n|t:|1781466345\n|switch|p1a: Cloyster|Cloyster, L80, F|211/211\n|turn|37\n|\n|t:|1781466349\n|move|p2a: Iron Leaves|Leaf Blade|p1a: Cloyster\n|-supereffective|p1a: Cloyster\n|-damage|p1a: Cloyster|29/211\n|move|p1a: Cloyster|Shell Smash|p1a: Cloyster\n|-unboost|p1a: Cloyster|def|1\n|-unboost|p1a: Cloyster|spd|1\n|-boost|p1a: Cloyster|atk|2\n|-boost|p1a: Cloyster|spa|2\n|-boost|p1a: Cloyster|spe|2\n|-enditem|p1a: Cloyster|White Herb\n|-clearnegativeboost|p1a: Cloyster|[silent]\n|\n|upkeep\n|turn|38\n|\n|t:|1781466353\n|move|p1a: Cloyster|Icicle Spear|p2a: Iron Leaves\n|-supereffective|p2a: Iron Leaves\n|-damage|p2a: Iron Leaves|133/275\n|-supereffective|p2a: Iron Leaves\n|-damage|p2a: Iron Leaves|23/275\n|-supereffective|p2a: Iron Leaves\n|-damage|p2a: Iron Leaves|0 fnt\n|faint|p2a: Iron Leaves\n|-end|p2a: Iron Leaves|Quark Drive|[silent]\n|-hitcount|p2: Iron Leaves|3\n|\n|upkeep\n|\n|t:|1781466359\n|switch|p2a: Grimmsnarl|Grimmsnarl, L83, M, tera:Poison|97/293\n|-damage|p2a: Grimmsnarl|61/293|[from] Stealth Rock\n|turn|39\n|\n|t:|1781466362\n|move|p2a: Grimmsnarl|Sucker Punch||[still]\n|-fail|p2a: Grimmsnarl\n|move|p1a: Cloyster|Shell Smash|p1a: Cloyster\n|-unboost|p1a: Cloyster|def|1\n|-unboost|p1a: Cloyster|spd|1\n|-boost|p1a: Cloyster|atk|2\n|-boost|p1a: Cloyster|spa|2\n|-boost|p1a: Cloyster|spe|2\n|\n|-heal|p2a: Grimmsnarl|79/293|[from] item: Leftovers\n|upkeep\n|turn|40\n|\n|t:|1781466366\n|move|p2a: Grimmsnarl|Sucker Punch||[still]\n|-fail|p2a: Grimmsnarl\n|move|p1a: Cloyster|Shell Smash|p1a: Cloyster\n|-unboost|p1a: Cloyster|def|1\n|-unboost|p1a: Cloyster|spd|1\n|-boost|p1a: Cloyster|atk|2\n|-boost|p1a: Cloyster|spa|2\n|-boost|p1a: Cloyster|spe|2\n|\n|-heal|p2a: Grimmsnarl|97/293|[from] item: Leftovers\n|upkeep\n|turn|41\n|\n|t:|1781466368\n|move|p2a: Grimmsnarl|Sucker Punch||[still]\n|-fail|p2a: Grimmsnarl\n|move|p1a: Cloyster|Shell Smash|p1a: Cloyster\n|-unboost|p1a: Cloyster|def|1\n|-unboost|p1a: Cloyster|spd|1\n|-boost|p1a: Cloyster|atk|0\n|-boost|p1a: Cloyster|spa|0\n|-boost|p1a: Cloyster|spe|0\n|\n|-heal|p2a: Grimmsnarl|115/293|[from] item: Leftovers\n|upkeep\n|turn|42\n|\n|t:|1781466370\n|move|p2a: Grimmsnarl|Sucker Punch||[still]\n|-fail|p2a: Grimmsnarl\n|move|p1a: Cloyster|Shell Smash|p1a: Cloyster\n|-unboost|p1a: Cloyster|def|1\n|-unboost|p1a: Cloyster|spd|1\n|-boost|p1a: Cloyster|atk|0\n|-boost|p1a: Cloyster|spa|0\n|-boost|p1a: Cloyster|spe|0\n|\n|-heal|p2a: Grimmsnarl|133/293|[from] item: Leftovers\n|upkeep\n|turn|43\n|\n|t:|1781466372\n|move|p2a: Grimmsnarl|Sucker Punch||[still]\n|-fail|p2a: Grimmsnarl\n|move|p1a: Cloyster|Shell Smash|p1a: Cloyster\n|-unboost|p1a: Cloyster|def|1\n|-unboost|p1a: Cloyster|spd|1\n|-boost|p1a: Cloyster|atk|0\n|-boost|p1a: Cloyster|spa|0\n|-boost|p1a: Cloyster|spe|0\n|\n|-heal|p2a: Grimmsnarl|151/293|[from] item: Leftovers\n|upkeep\n|turn|44\n|\n|t:|1781466377\n|move|p2a: Grimmsnarl|Sucker Punch|p1a: Cloyster\n|-damage|p1a: Cloyster|0 fnt\n|faint|p1a: Cloyster\n|\n|win|Profschnitzel\n", "inputlog": ">version a8376a258c1d4662feba110a92103f3664a72141\n>start {\"formatid\":\"gen9randombattle\",\"seed\":\"sodium,bbcfa404bcec852d187359a0493848db\",\"rated\":\"Rated battle\"}\n>player p1 {\"name\":\"Glinteighty\",\"avatar\":\"266\",\"rating\":1977,\"seed\":\"sodium,07e631ffd1b5fff4392d71b062be2e63\"}\n>player p2 {\"name\":\"Profschnitzel\",\"avatar\":\"steven\",\"rating\":2053,\"seed\":\"sodium,e5946f3873a1d967d8b2c93211d7c70e\"}\n>p1 switch 3\n>p2 move knockoff\n>p1 move thunderwave\n>p2 switch 3\n>p1 move stealthrock\n>p2 move scald\n>p1 switch 5\n>p2 move icebeam\n>p1 move swordsdance\n>p2 move dragontail\n>p1 move knockoff\n>p2 move dragontail\n>p1 switch 6\n>p2 move dragontail\n>p1 move gigadrain\n>p2 switch 2\n>p1 switch 5\n>p2 move knockoff\n>p1 move bodypress\n>p2 move toxicspikes\n>p1 move bodypress\n>p2 move knockoff\n>p1 switch 3\n>p2 switch 4\n>p1 move gunkshot\n>p2 move thunderwave terastallize\n>p1 move knockoff\n>p2 move spiritbreak\n>p1 switch 2\n>p1 move calmmind\n>p2 move thunderwave\n>p1 move calmmind\n>p2 move spiritbreak\n>p1 move flashcannon\n>p2 move spiritbreak\n>p1 move flashcannon\n>p2 move spiritbreak\n>p1 move flashcannon\n>p2 move partingshot\n>p2 switch 3\n>p1 move calmmind\n>p2 move knockoff\n>p1 move calmmind\n>p2 move bodyslam\n>p1 move aurasphere\n>p2 move bodyslam\n>p1 move aurasphere\n>p2 move rest\n>p1 move aurasphere\n>p2 move sleeptalk\n>p1 move aurasphere\n>p2 move sleeptalk\n>p1 move vacuumwave\n>p2 move bodyslam\n>p1 move aurasphere\n>p2 move rest\n>p1 move aurasphere\n>p2 move sleeptalk\n>p1 switch 5\n>p1 move calmmind\n>p2 move sleeptalk\n>p1 move sleeppowder\n>p2 move knockoff\n>p1 switch 4\n>p1 move dragondance\n>p2 move bodyslam\n>p1 move ironhead terastallize\n>p2 move bodyslam\n>p1 move outrage\n>p2 move knockoff\n>p1 move outrage\n>p2 move rest\n>p1 move outrage\n>p2 move sleeptalk\n>p1 move outrage\n>p2 move sleeptalk\n>p2 switch 6\n>p1 move outrage\n>p2 move leafblade\n>p1 switch 6\n>p1 move shellsmash\n>p2 move leafblade\n>p1 move iciclespear\n>p2 move leafblade\n>p2 switch 3\n>p1 move shellsmash\n>p2 move suckerpunch\n>p1 move shellsmash\n>p2 move suckerpunch\n>p1 move shellsmash\n>p2 move suckerpunch\n>p1 move shellsmash\n>p2 move suckerpunch\n>p1 move shellsmash\n>p2 move suckerpunch\n>p1 move iciclespear\n>p2 move suckerpunch", "uploadtime": 1781466031, "views": 4, "formatid": "gen9randombattle", "rating": null, "private": 0, "password": null}