{"id": "gen9randombattle-2631747204", "format": "[Gen 9] Random Battle", "players": ["Mcnoodle", "reela"], "log": "|j|\u2606Mcnoodle\n|j|\u2606reela\n|t:|1781433057\n|gametype|singles\n|player|p1|Mcnoodle|backpacker|2113\n|player|p2|reela|101|2097\n|gen|9\n|tier|[Gen 9] Random Battle\n|rated|\n|rule|Species Clause: Limit one of each Pok\u00e9mon\n|rule|HP Percentage Mod: HP is shown in percentages\n|rule|Sleep Clause Mod: Limit one foe put to sleep\n|rule|Illusion Level Mod: Illusion disguises the Pok\u00e9mon's true level\n|\n|t:|1781433057\n|teamsize|p1|6\n|teamsize|p2|6\n|start\n|switch|p1a: Kricketune|Kricketune, L99, F|311/311\n|switch|p2a: Rampardos|Rampardos, L90, F|321/321\n|turn|1\n|inactive|Battle timer is ON: inactive players will automatically lose when time's up. (requested by Mcnoodle)\n|j| robot waves\n|\n|t:|1781433081\n|move|p2a: Rampardos|Rock Slide|p1a: Kricketune\n|-supereffective|p1a: Kricketune\n|-enditem|p1a: Kricketune|Focus Sash\n|-damage|p1a: Kricketune|1/311\n|move|p1a: Kricketune|Pounce|p2a: Rampardos\n|-damage|p2a: Rampardos|191/321\n|-unboost|p2a: Rampardos|spe|1\n|\n|upkeep\n|turn|2\n|\n|t:|1781433087\n|move|p1a: Kricketune|Sticky Web|p2a: Rampardos\n|-sidestart|p2: reela|move: Sticky Web\n|move|p2a: Rampardos|Rock Slide|p1a: Kricketune\n|-supereffective|p1a: Kricketune\n|-damage|p1a: Kricketune|0 fnt\n|faint|p1a: Kricketune\n|\n|upkeep\n|\n|t:|1781433096\n|switch|p1a: Chesnaught|Chesnaught, L84, M|285/285\n|turn|3\n|\n|t:|1781433104\n|switch|p2a: Delibird|Delibird, F|252/252\n|move|p1a: Chesnaught|Spikes|p2a: Delibird\n|-sidestart|p2: reela|Spikes\n|\n|upkeep\n|turn|4\n|\n|t:|1781433116\n|move|p2a: Delibird|Brave Bird|p1a: Chesnaught\n|-supereffective|p1a: Chesnaught\n|-damage|p1a: Chesnaught|0 fnt\n|-damage|p2a: Delibird|210/252|[from] item: Rocky Helmet|[of] p1a: Chesnaught\n|faint|p1a: Chesnaught\n|-damage|p2a: Delibird|116/252|[from] Recoil\n|\n|upkeep\n|\n|t:|1781433136\n|switch|p1a: Houndoom|Houndoom, L87, M|272/272\n|turn|5\n|l| robot waves\n|inactive|reela has 120 seconds left.\n|\n|t:|1781433169\n|switch|p2a: Samurott|Samurott, L88, M|310/310\n|-activate|p2a: Samurott|move: Sticky Web\n|-unboost|p2a: Samurott|spe|1\n|-damage|p2a: Samurott|272/310|[from] Spikes\n|move|p1a: Houndoom|Fire Blast|p2a: Samurott\n|-resisted|p2a: Samurott\n|-damage|p2a: Samurott|188/310\n|\n|upkeep\n|turn|6\n|\n|t:|1781433176\n|switch|p1a: Alomomola|Alomomola, L87, F|429/429\n|move|p2a: Samurott|Liquidation|p1a: Alomomola\n|-resisted|p1a: Alomomola\n|-damage|p1a: Alomomola|365/429\n|-unboost|p1a: Alomomola|def|1\n|-damage|p2a: Samurott|157/310|[from] item: Life Orb\n|\n|upkeep\n|turn|7\n|\n|t:|1781433192\n|switch|p2a: Rampardos|Rampardos, L90, F|191/321\n|-activate|p2a: Rampardos|move: Sticky Web\n|-unboost|p2a: Rampardos|spe|1\n|-damage|p2a: Rampardos|151/321|[from] Spikes\n|move|p1a: Alomomola|Flip Turn|p2a: Rampardos\n|-supereffective|p2a: Rampardos\n|-damage|p2a: Rampardos|7/321\n|\n|t:|1781433196\n|switch|p1a: Houndoom|Houndoom, L87, M|272/272|[from] Flip Turn\n|\n|upkeep\n|turn|8\n|\n|t:|1781433208\n|move|p1a: Houndoom|Dark Pulse|p2a: Rampardos\n|-damage|p2a: Rampardos|0 fnt\n|faint|p2a: Rampardos\n|\n|upkeep\n|\n|t:|1781433216\n|switch|p2a: Zangoose|Zangoose, L85, M|263/263\n|-activate|p2a: Zangoose|move: Sticky Web\n|-unboost|p2a: Zangoose|spe|1\n|-damage|p2a: Zangoose|231/263|[from] Spikes\n|turn|9\n|\n|t:|1781433226\n|move|p1a: Houndoom|Nasty Plot|p1a: Houndoom\n|-boost|p1a: Houndoom|spa|2\n|move|p2a: Zangoose|Close Combat|p1a: Houndoom\n|-supereffective|p1a: Houndoom\n|-damage|p1a: Houndoom|0 fnt\n|-unboost|p2a: Zangoose|def|1\n|-unboost|p2a: Zangoose|spd|1\n|faint|p1a: Houndoom\n|\n|-status|p2a: Zangoose|tox|[from] item: Toxic Orb\n|upkeep\n|j| robot waves\n|\n|t:|1781433254\n|switch|p1a: Ho-Oh|Ho-Oh, L71|268/268\n|turn|10\n|\n|t:|1781433271\n|switch|p2a: Delibird|Delibird, F|116/252\n|-terastallize|p1a: Ho-Oh|Steel\n|move|p1a: Ho-Oh|Sacred Fire|p2a: Delibird\n|-supereffective|p2a: Delibird\n|-damage|p2a: Delibird|0 fnt\n|faint|p2a: Delibird\n|\n|upkeep\n|\n|t:|1781433286\n|switch|p2a: Samurott|Samurott, L88, M|157/310\n|-activate|p2a: Samurott|move: Sticky Web\n|-unboost|p2a: Samurott|spe|1\n|-damage|p2a: Samurott|119/310|[from] Spikes\n|turn|11\n|\n|t:|1781433290\n|switch|p1a: Alomomola|Alomomola, L87, F|429/429\n|move|p2a: Samurott|Sacred Sword|p1a: Alomomola\n|-crit|p1a: Alomomola\n|-damage|p1a: Alomomola|272/429\n|-damage|p2a: Samurott|88/310|[from] item: Life Orb\n|\n|upkeep\n|turn|12\n|inactive|reela has 120 seconds left.\n|\n|t:|1781433326\n|move|p1a: Alomomola|Protect|p1a: Alomomola\n|-singleturn|p1a: Alomomola|Protect\n|move|p2a: Samurott|Swords Dance|p2a: Samurott\n|-boost|p2a: Samurott|atk|2\n|\n|upkeep\n|turn|13\n|\n|t:|1781433335\n|move|p1a: Alomomola|Scald|p2a: Samurott\n|-resisted|p2a: Samurott\n|-damage|p2a: Samurott|59/310\n|move|p2a: Samurott|Sacred Sword|p1a: Alomomola\n|-crit|p1a: Alomomola\n|-damage|p1a: Alomomola|0 fnt\n|faint|p1a: Alomomola\n|-damage|p2a: Samurott|28/310|[from] item: Life Orb\n|\n|upkeep\n|\n|t:|1781433342\n|switch|p1a: Crawdaunt|Crawdaunt, L84, M|243/243\n|turn|14\n|\n|t:|1781433346\n|move|p1a: Crawdaunt|Aqua Jet|p2a: Samurott\n|-resisted|p2a: Samurott\n|-damage|p2a: Samurott|0 fnt\n|faint|p2a: Samurott\n|-damage|p1a: Crawdaunt|219/243|[from] item: Life Orb\n|\n|upkeep\n|\n|t:|1781433349\n|switch|p2a: Magearna|Magearna, L77|250/250\n|-activate|p2a: Magearna|move: Sticky Web\n|-unboost|p2a: Magearna|spe|1\n|-damage|p2a: Magearna|219/250|[from] Spikes\n|turn|15\n|\n|t:|1781433359\n|switch|p1a: Ho-Oh|Ho-Oh, L71, tera:Steel|268/268\n|move|p2a: Magearna|Aura Sphere|p1a: Ho-Oh\n|-supereffective|p1a: Ho-Oh\n|-damage|p1a: Ho-Oh|172/268\n|\n|-heal|p2a: Magearna|234/250|[from] item: Leftovers\n|upkeep\n|turn|16\n|\n|t:|1781433372\n|switch|p2a: Typhlosion|Typhlosion-Hisui, L83, M|257/257\n|-activate|p2a: Typhlosion|move: Sticky Web\n|-unboost|p2a: Typhlosion|spe|1\n|-damage|p2a: Typhlosion|225/257|[from] Spikes\n|move|p1a: Ho-Oh|Sacred Fire|p2a: Typhlosion\n|-resisted|p2a: Typhlosion\n|-damage|p2a: Typhlosion|167/257\n|\n|upkeep\n|turn|17\n|\n|t:|1781433376\n|move|p1a: Ho-Oh|Earthquake|p2a: Typhlosion\n|-supereffective|p2a: Typhlosion\n|-damage|p2a: Typhlosion|25/257\n|move|p2a: Typhlosion|Fire Blast|p1a: Ho-Oh|[miss]\n|-miss|p2a: Typhlosion|p1a: Ho-Oh\n|\n|upkeep\n|turn|18\n|c|\u2606reela|bg\n|-message|reela forfeited.\n|\n|win|Mcnoodle\n", "inputlog": ">version a8376a258c1d4662feba110a92103f3664a72141\n>start {\"formatid\":\"gen9randombattle\",\"seed\":\"sodium,2972bcd43c530f9ea84deacd5f28c72f\",\"rated\":\"Rated battle\"}\n>player p1 {\"name\":\"Mcnoodle\",\"avatar\":\"backpacker\",\"rating\":2113,\"seed\":\"sodium,d3dd52d50062085ef18a336efce13b67\"}\n>player p2 {\"name\":\"reela\",\"avatar\":\"101\",\"rating\":2097,\"seed\":\"sodium,159268203a29bd16f68ae73f7962e246\"}\n>p1 move pounce\n>p2 move rockslide\n>p1 move stickyweb\n>p2 move rockslide\n>p1 switch 6\n>p1 move spikes\n>p2 switch 5\n>p1 move woodhammer\n>p2 move bravebird\n>p1 switch 3\n>p1 move fireblast\n>p2 switch 4\n>p1 switch 2\n>p2 move liquidation\n>p1 move flipturn\n>p2 switch 5\n>p1 switch 2\n>p1 move darkpulse\n>p2 move earthquake\n>p2 switch 3\n>p1 move nastyplot\n>p2 move closecombat\n>p1 switch 4\n>p1 move sacredfire terastallize\n>p2 switch 4\n>p2 switch 5\n>p1 switch 2\n>p2 move sacredsword\n>p1 move protect\n>p2 move swordsdance\n>p1 move scald\n>p2 move sacredsword\n>p1 switch 5\n>p1 move aquajet\n>p2 move sacredsword\n>p2 switch 6\n>p1 switch 2\n>p2 move aurasphere\n>p1 move sacredfire\n>p2 switch 2\n>p1 move earthquake\n>p2 move fireblast\n>chat \u2606reela|bg\n>forcelose p2", "uploadtime": 1781433059, "views": 9, "formatid": "gen9randombattle", "rating": null, "private": 0, "password": null}