{"id": "gen9randombattle-2631563953", "format": "[Gen 9] Random Battle", "players": ["probablyloosing", "gpuhijo"], "log": "|j|\u2606probablyloosing\n|j|\u2606gpuhijo\n|t:|1781401906\n|gametype|singles\n|player|p1|probablyloosing|clown|1348\n|player|p2|gpuhijo|101|1339\n|gen|9\n|tier|[Gen 9] Random Battle\n|rated|\n|rule|Species Clause: Limit one of each Pok\u00e9mon\n|rule|HP Percentage Mod: HP is shown in percentages\n|rule|Sleep Clause Mod: Limit one foe put to sleep\n|rule|Illusion Level Mod: Illusion disguises the Pok\u00e9mon's true level\n|\n|t:|1781401906\n|teamsize|p1|6\n|teamsize|p2|6\n|start\n|switch|p1a: Eiscue|Eiscue, L88, M|274/274\n|switch|p2a: Muk|Muk-Alola, L82, F|306/306\n|turn|1\n|\n|t:|1781401921\n|switch|p2a: Noivern|Noivern, L82, F|274/274\n|move|p1a: Eiscue|Belly Drum|p1a: Eiscue\n|-damage|p1a: Eiscue|137/274\n|-setboost|p1a: Eiscue|atk|6|[from] move: Belly Drum\n|-enditem|p1a: Eiscue|Sitrus Berry|[eat]\n|-heal|p1a: Eiscue|205/274|[from] item: Sitrus Berry\n|\n|upkeep\n|turn|2\n|\n|t:|1781401927\n|move|p2a: Noivern|Draco Meteor|p1a: Eiscue\n|-damage|p1a: Eiscue|19/274\n|-unboost|p2a: Noivern|spa|2\n|move|p1a: Eiscue|Ice Spinner|p2a: Noivern\n|-supereffective|p2a: Noivern\n|-damage|p2a: Noivern|0 fnt\n|faint|p2a: Noivern\n|\n|upkeep\n|\n|t:|1781401941\n|switch|p2a: Porygon2|Porygon2, L81|270/270\n|-ability|p2a: Porygon2|Download|boost\n|-boost|p2a: Porygon2|spa|1\n|turn|3\n|\n|t:|1781401944\n|move|p2a: Porygon2|Tera Blast|p1a: Eiscue\n|-damage|p1a: Eiscue|0 fnt\n|faint|p1a: Eiscue\n|\n|upkeep\n|\n|t:|1781401952\n|switch|p1a: Munkidori|Munkidori, L79, M|269/269\n|turn|4\n|\n|t:|1781401957\n|switch|p2a: Muk|Muk-Alola, L82, F|306/306\n|move|p1a: Munkidori|Fake Out|p2a: Muk\n|-damage|p2a: Muk|282/306\n|\n|upkeep\n|turn|5\n|\n|t:|1781401960\n|move|p1a: Munkidori|U-turn|p2a: Muk\n|-damage|p2a: Muk|242/306\n|\n|t:|1781401967\n|switch|p1a: Articuno|Articuno, L86|295/295|[from] U-turn\n|-ability|p1a: Articuno|Pressure\n|move|p2a: Muk|Knock Off|p1a: Articuno\n|-damage|p1a: Articuno|199/295\n|-enditem|p1a: Articuno|Heavy-Duty Boots|[from] move: Knock Off|[of] p2a: Muk\n|\n|upkeep\n|turn|6\n|\n|t:|1781401972\n|switch|p2a: Porygon2|Porygon2, L81|270/270\n|-ability|p2a: Porygon2|Download|boost\n|-boost|p2a: Porygon2|atk|1\n|move|p1a: Articuno|Substitute|p1a: Articuno\n|-start|p1a: Articuno|Substitute\n|-damage|p1a: Articuno|126/295\n|\n|upkeep\n|turn|7\n|\n|t:|1781401984\n|move|p1a: Articuno|Freeze-Dry|p2a: Porygon2\n|-damage|p2a: Porygon2|219/270\n|-status|p2a: Porygon2|frz\n|cant|p2a: Porygon2|frz\n|\n|upkeep\n|turn|8\n|\n|t:|1781401991\n|move|p1a: Articuno|Roost|p1a: Articuno\n|-heal|p1a: Articuno|274/295\n|-singleturn|p1a: Articuno|move: Roost\n|-curestatus|p2a: Porygon2|frz|[msg]\n|move|p2a: Porygon2|Tera Blast|p1a: Articuno\n|-activate|p1a: Articuno|move: Substitute|[damage]\n|\n|upkeep\n|turn|9\n|\n|t:|1781401996\n|move|p1a: Articuno|Freeze-Dry|p2a: Porygon2\n|-damage|p2a: Porygon2|167/270\n|move|p2a: Porygon2|Recover|p2a: Porygon2\n|-heal|p2a: Porygon2|270/270\n|\n|upkeep\n|turn|10\n|\n|t:|1781402013\n|switch|p2a: Sandslash|Sandslash-Alola, L88, F|275/275\n|move|p1a: Articuno|Freeze-Dry|p2a: Sandslash\n|-resisted|p2a: Sandslash\n|-crit|p2a: Sandslash\n|-damage|p2a: Sandslash|252/275\n|\n|upkeep\n|turn|11\n|\n|t:|1781402019\n|move|p1a: Articuno|Freeze-Dry|p2a: Sandslash\n|-resisted|p2a: Sandslash\n|-damage|p2a: Sandslash|237/275\n|move|p2a: Sandslash|Rapid Spin|p1a: Articuno\n|-end|p1a: Articuno|Substitute\n|-boost|p2a: Sandslash|spe|1\n|\n|upkeep\n|turn|12\n|\n|t:|1781402040\n|switch|p1a: Meowstic|Meowstic-F, L89, F|277/277\n|move|p2a: Sandslash|Iron Head|p1a: Meowstic\n|-damage|p1a: Meowstic|181/277\n|\n|upkeep\n|turn|13\n|\n|t:|1781402051\n|move|p2a: Sandslash|Iron Head|p1a: Meowstic\n|-damage|p1a: Meowstic|87/277\n|move|p1a: Meowstic|Dark Pulse|p2a: Sandslash\n|-damage|p2a: Sandslash|173/275\n|-damage|p1a: Meowstic|60/277|[from] item: Life Orb\n|\n|upkeep\n|turn|14\n|\n|t:|1781402056\n|move|p2a: Sandslash|Iron Head|p1a: Meowstic\n|-damage|p1a: Meowstic|0 fnt\n|faint|p1a: Meowstic\n|\n|upkeep\n|\n|t:|1781402060\n|switch|p1a: Greninja|Greninja, L80, M|246/246\n|turn|15\n|\n|t:|1781402070\n|switch|p2a: Porygon2|Porygon2, L81|270/270\n|-ability|p2a: Porygon2|Download|boost\n|-boost|p2a: Porygon2|atk|1\n|move|p1a: Greninja|Hydro Pump|p2a: Porygon2\n|-start|p1a: Greninja|typechange|Water|[from] ability: Protean\n|-damage|p2a: Porygon2|162/270\n|\n|upkeep\n|turn|16\n|\n|t:|1781402086\n|switch|p1a: Munkidori|Munkidori, L79, M|269/269\n|move|p2a: Porygon2|Thunder Wave|p1a: Munkidori\n|-status|p1a: Munkidori|par\n|\n|upkeep\n|turn|17\n|\n|t:|1781402093\n|switch|p2a: Muk|Muk-Alola, L82, F|242/306\n|move|p1a: Munkidori|Fake Out|p2a: Muk\n|-damage|p2a: Muk|219/306\n|\n|upkeep\n|turn|18\n|\n|t:|1781402099\n|move|p2a: Muk|Poison Jab|p1a: Munkidori\n|-resisted|p1a: Munkidori\n|-crit|p1a: Munkidori\n|-damage|p1a: Munkidori|184/269 par\n|cant|p1a: Munkidori|par\n|\n|upkeep\n|turn|19\n|-message|probablyloosing forfeited.\n|\n|win|gpuhijo\n|raw|probablyloosing's rating: 1348 &rarr; <strong>1327</strong><br />(-21 for losing)\n|raw|gpuhijo's rating: 1339 &rarr; <strong>1360</strong><br />(+21 for winning)\n|l|\u2606probablyloosing\n|player|p1|\n|n|\u2606gpuhijo|gpuhijo\n", "uploadtime": 1781402961, "views": 9, "formatid": "gen9randombattle", "rating": 1327, "private": 0, "password": null}