{"id": "gen9randombattle-2631739231", "format": "[Gen 9] Random Battle", "players": ["JeanPaulPot", "SoldRpp"], "log": "|j|\u2606JeanPaulPot\n|j|\u2606SoldRpp\n|t:|1781431666\n|gametype|singles\n|player|p1|JeanPaulPot|infielder|2015\n|player|p2|SoldRpp|265|1965\n|gen|9\n|tier|[Gen 9] Random Battle\n|rated|\n|rule|Species Clause: Limit one of each Pok\u00e9mon\n|rule|HP Percentage Mod: HP is shown in percentages\n|rule|Sleep Clause Mod: Limit one foe put to sleep\n|rule|Illusion Level Mod: Illusion disguises the Pok\u00e9mon's true level\n|\n|t:|1781431666\n|teamsize|p1|6\n|teamsize|p2|6\n|start\n|switch|p1a: Glaceon|Glaceon, L94, M|275/275\n|switch|p2a: Excadrill|Excadrill, L79, M|303/303\n|-ability|p2a: Excadrill|Mold Breaker\n|turn|1\n|inactive|Battle timer is ON: inactive players will automatically lose when time's up. (requested by SoldRpp)\n|inactive|JeanPaulPot has 120 seconds left.\n|\n|t:|1781431709\n|switch|p1a: Misdreavus|Misdreavus, L90, F|254/254\n|move|p2a: Excadrill|Iron Head|p1a: Misdreavus\n|-damage|p1a: Misdreavus|178/254\n|\n|upkeep\n|turn|2\n|\n|t:|1781431729\n|switch|p2a: Cinderace|Cinderace, L77, M|249/249\n|move|p1a: Misdreavus|Will-O-Wisp|p2a: Cinderace\n|-immune|p2a: Cinderace\n|\n|upkeep\n|turn|3\n|\n|t:|1781431751\n|switch|p1a: Palkia|Palkia, L75|259/259\n|-ability|p1a: Palkia|Pressure\n|move|p2a: Cinderace|U-turn|p1a: Palkia\n|-start|p2a: Cinderace|typechange|Bug|[from] ability: Libero\n|-damage|p1a: Palkia|190/259\n|inactive|SoldRpp has 120 seconds left.\n|\n|t:|1781431782\n|switch|p2a: Heracross|Heracross, L80, M|259/259|[from] U-turn\n|\n|-status|p2a: Heracross|brn|[from] item: Flame Orb\n|upkeep\n|turn|4\n|inactive|JeanPaulPot has 120 seconds left.\n|\n|t:|1781431821\n|switch|p1a: Trevenant|Trevenant, L89, F|296/296\n|move|p2a: Heracross|Trailblaze|p1a: Trevenant\n|-resisted|p1a: Trevenant\n|-damage|p1a: Trevenant|265/296\n|-boost|p2a: Heracross|spe|1\n|\n|-damage|p2a: Heracross|243/259 brn|[from] brn\n|upkeep\n|turn|5\n|\n|t:|1781431834\n|move|p2a: Heracross|Knock Off|p1a: Trevenant\n|-supereffective|p1a: Trevenant\n|-damage|p1a: Trevenant|37/296\n|-enditem|p1a: Trevenant|Life Orb|[from] move: Knock Off|[of] p2a: Heracross\n|move|p1a: Trevenant|Poltergeist|p2a: Heracross\n|-activate|p2a: Heracross|move: Poltergeist|Flame Orb\n|-damage|p2a: Heracross|66/259 brn\n|\n|-damage|p2a: Heracross|50/259 brn|[from] brn\n|upkeep\n|turn|6\n|\n|t:|1781431851\n|move|p2a: Heracross|Knock Off|p1a: Trevenant\n|-supereffective|p1a: Trevenant\n|-damage|p1a: Trevenant|0 fnt\n|faint|p1a: Trevenant\n|\n|-damage|p2a: Heracross|34/259 brn|[from] brn\n|upkeep\n|\n|t:|1781431867\n|switch|p1a: Misdreavus|Misdreavus, L90, F|178/254\n|turn|7\n|inactive|SoldRpp has 120 seconds left.\n|\n|t:|1781431878\n|move|p2a: Heracross|Knock Off|p1a: Misdreavus\n|-supereffective|p1a: Misdreavus\n|-damage|p1a: Misdreavus|0 fnt\n|-enditem|p1a: Misdreavus|Eviolite|[from] move: Knock Off|[of] p2a: Heracross\n|faint|p1a: Misdreavus\n|\n|-damage|p2a: Heracross|18/259 brn|[from] brn\n|upkeep\n|inactive|JeanPaulPot has 90 seconds left.\n|\n|t:|1781431903\n|switch|p1a: Glaceon|Glaceon, L94, M|275/275\n|turn|8\n|\n|t:|1781431908\n|move|p1a: Glaceon|Protect|p1a: Glaceon\n|-singleturn|p1a: Glaceon|Protect\n|move|p2a: Heracross|Close Combat|p1a: Glaceon\n|-activate|p1a: Glaceon|move: Protect\n|\n|-damage|p2a: Heracross|2/259 brn|[from] brn\n|upkeep\n|turn|9\n|\n|t:|1781431916\n|switch|p1a: Bastiodon|Bastiodon, L89, M|252/252\n|move|p2a: Heracross|Close Combat|p1a: Bastiodon\n|-supereffective|p1a: Bastiodon\n|-damage|p1a: Bastiodon|0 fnt\n|-unboost|p2a: Heracross|def|1\n|-unboost|p2a: Heracross|spd|1\n|faint|p1a: Bastiodon\n|\n|-damage|p2a: Heracross|0 fnt|[from] brn\n|faint|p2a: Heracross\n|upkeep\n|inactive|JeanPaulPot has 90 seconds left.\n|\n|t:|1781431940\n|switch|p2a: Spiritomb|Spiritomb, L89, F|234/234\n|switch|p1a: Palkia|Palkia, L75|190/259\n|-ability|p1a: Palkia|Pressure\n|turn|10\n|inactive|JeanPaulPot has 90 seconds left.\n|\n|t:|1781431949\n|move|p1a: Palkia|Hydro Pump|p2a: Spiritomb\n|-damage|p2a: Spiritomb|83/234\n|move|p2a: Spiritomb|Poltergeist|p1a: Palkia\n|-activate|p1a: Palkia|move: Poltergeist|Choice Specs\n|-damage|p1a: Palkia|61/259\n|\n|-heal|p2a: Spiritomb|97/234|[from] item: Leftovers\n|upkeep\n|turn|11\n|\n|t:|1781431957\n|move|p2a: Spiritomb|Shadow Sneak|p1a: Palkia\n|-damage|p1a: Palkia|16/259\n|move|p1a: Palkia|Hydro Pump|p2a: Spiritomb\n|-damage|p2a: Spiritomb|0 fnt\n|faint|p2a: Spiritomb\n|\n|upkeep\n|\n|t:|1781431970\n|switch|p2a: Cinderace|Cinderace, L77, M|249/249\n|turn|12\n|\n|t:|1781431976\n|move|p2a: Cinderace|U-turn|p1a: Palkia\n|-start|p2a: Cinderace|typechange|Bug|[from] ability: Libero\n|-damage|p1a: Palkia|0 fnt\n|faint|p1a: Palkia\n|\n|t:|1781431979\n|switch|p2a: Pecharunt|Pecharunt, L77|262/262|[from] U-turn\n|\n|upkeep\n|inactive|JeanPaulPot has 90 seconds left.\n|\n|t:|1781432018\n|switch|p1a: Glaceon|Glaceon, L94, M|275/275\n|turn|13\n|\n|t:|1781432026\n|move|p2a: Pecharunt|Malignant Chain|p1a: Glaceon\n|-damage|p1a: Glaceon|205/275\n|move|p1a: Glaceon|Freeze-Dry|p2a: Pecharunt\n|-damage|p2a: Pecharunt|127/262\n|\n|-heal|p2a: Pecharunt|143/262|[from] item: Leftovers\n|upkeep\n|turn|14\n|inactive|JeanPaulPot has 90 seconds left.\n|\n|t:|1781432038\n|move|p2a: Pecharunt|Malignant Chain|p1a: Glaceon\n|-damage|p1a: Glaceon|139/275\n|move|p1a: Glaceon|Calm Mind|p1a: Glaceon\n|-boost|p1a: Glaceon|spa|1\n|-boost|p1a: Glaceon|spd|1\n|\n|-heal|p2a: Pecharunt|159/262|[from] item: Leftovers\n|upkeep\n|turn|15\n|\n|t:|1781432042\n|move|p2a: Pecharunt|Malignant Chain|p1a: Glaceon\n|-damage|p1a: Glaceon|91/275\n|-status|p1a: Glaceon|tox\n|-start|p1a: Glaceon|confusion|[from] ability: Poison Puppeteer|[of] p2a: Pecharunt\n|-activate|p1a: Glaceon|confusion\n|-damage|p1a: Glaceon|76/275 tox|[from] confusion\n|\n|-heal|p2a: Pecharunt|175/262|[from] item: Leftovers\n|-damage|p1a: Glaceon|59/275 tox|[from] psn\n|upkeep\n|turn|16\n|\n|t:|1781432051\n|move|p2a: Pecharunt|Parting Shot|p1a: Glaceon\n|-unboost|p1a: Glaceon|atk|1\n|-unboost|p1a: Glaceon|spa|1\n|\n|t:|1781432059\n|switch|p2a: Excadrill|Excadrill, L79, M|303/303|[from] Parting Shot\n|-ability|p2a: Excadrill|Mold Breaker\n|-activate|p1a: Glaceon|confusion\n|move|p1a: Glaceon|Freeze-Dry|p2a: Excadrill\n|-damage|p2a: Excadrill|201/303\n|\n|-damage|p1a: Glaceon|25/275 tox|[from] psn\n|upkeep\n|turn|17\n|\n|t:|1781432083\n|move|p2a: Excadrill|Rapid Spin|p1a: Glaceon\n|-damage|p1a: Glaceon|0 fnt\n|-boost|p2a: Excadrill|spe|1\n|faint|p1a: Glaceon\n|\n|upkeep\n|\n|t:|1781432089\n|switch|p1a: Drednaw|Drednaw, L81, M|278/278\n|turn|18\n|\n|t:|1781432111\n|-terastallize|p1a: Drednaw|Dark\n|move|p2a: Excadrill|Rapid Spin|p1a: Drednaw\n|-damage|p1a: Drednaw|232/278\n|-boost|p2a: Excadrill|spe|1\n|move|p1a: Drednaw|Shell Smash|p1a: Drednaw\n|-unboost|p1a: Drednaw|def|1\n|-unboost|p1a: Drednaw|spd|1\n|-boost|p1a: Drednaw|atk|2\n|-boost|p1a: Drednaw|spa|2\n|-boost|p1a: Drednaw|spe|2\n|-enditem|p1a: Drednaw|White Herb\n|-clearnegativeboost|p1a: Drednaw|[silent]\n|\n|upkeep\n|turn|19\n|\n|t:|1781432124\n|move|p2a: Excadrill|Iron Head|p1a: Drednaw\n|-damage|p1a: Drednaw|123/278\n|cant|p1a: Drednaw|flinch\n|\n|upkeep\n|turn|20\n|\n|t:|1781432127\n|move|p2a: Excadrill|Iron Head|p1a: Drednaw\n|-damage|p1a: Drednaw|30/278\n|cant|p1a: Drednaw|flinch\n|\n|upkeep\n|turn|21\n|-message|JeanPaulPot forfeited.\n|\n|win|SoldRpp\n", "inputlog": ">version a8376a258c1d4662feba110a92103f3664a72141\n>start {\"formatid\":\"gen9randombattle\",\"seed\":\"sodium,7f24a671ab61f585d008dee130edf482\",\"rated\":\"Rated battle\"}\n>player p1 {\"name\":\"JeanPaulPot\",\"avatar\":\"infielder\",\"rating\":2015,\"seed\":\"sodium,f9c4c1c026af5b0507982347886df9fc\"}\n>player p2 {\"name\":\"SoldRpp\",\"avatar\":\"265\",\"rating\":1965,\"seed\":\"sodium,60aecc6bdc128cefe656fac78a3fd662\"}\n>p1 switch 5\n>p2 move ironhead\n>p1 move willowisp\n>p2 switch 5\n>p1 switch 4\n>p2 move uturn\n>p2 switch 2\n>p1 switch 6\n>p2 move trailblaze\n>p1 move poltergeist\n>p2 move knockoff\n>p1 move woodhammer\n>p2 move knockoff\n>p1 switch 4\n>p1 move drainingkiss\n>p2 move knockoff\n>p1 switch 5\n>p1 move protect\n>p2 move closecombat\n>p1 switch 2\n>p2 move closecombat\n>p1 switch 6\n>p2 switch 3\n>p1 move hydropump\n>p2 move poltergeist\n>p1 move hydropump\n>p2 move shadowsneak\n>p2 switch 2\n>p1 move hydropump\n>p2 move uturn\n>p2 switch 6\n>p1 switch 2\n>p1 move freezedry\n>p2 move malignantchain\n>p1 move calmmind\n>p2 move malignantchain\n>p1 move freezedry\n>p2 move malignantchain\n>p1 move freezedry\n>p2 move partingshot\n>p2 switch 5\n>p1 move freezedry\n>p2 move rapidspin\n>p1 switch 3\n>p1 move shellsmash terastallize\n>p2 move rapidspin\n>p1 move shellsmash\n>p2 move ironhead\n>p1 move shellsmash\n>p2 move ironhead\n>forcelose p1", "uploadtime": 1781431667, "views": 4, "formatid": "gen9randombattle", "rating": null, "private": 0, "password": null}