{"id": "gen9randombattle-2631485499", "format": "[Gen 9] Random Battle", "players": ["jh bruns", "gangsta spongebob"], "log": "|j|\u2606jh bruns\n|j|\u2606gangsta spongebob\n|t:|1781391003\n|gametype|singles\n|player|p1|jh bruns|170|1957\n|player|p2|gangsta spongebob|102|1980\n|gen|9\n|tier|[Gen 9] Random Battle\n|rated|\n|rule|Species Clause: Limit one of each Pok\u00e9mon\n|rule|HP Percentage Mod: HP is shown in percentages\n|rule|Sleep Clause Mod: Limit one foe put to sleep\n|rule|Illusion Level Mod: Illusion disguises the Pok\u00e9mon's true level\n|\n|t:|1781391003\n|teamsize|p1|6\n|teamsize|p2|6\n|start\n|switch|p1a: Terapagos|Terapagos, L77, F|265/265\n|switch|p2a: Venusaur|Venusaur, L84, M|272/272\n|-activate|p1a: Terapagos|ability: Tera Shift\n|detailschange|p1a: Terapagos|Terapagos-Terastal, L77, F\n|-heal|p1a: Terapagos|273/273|[silent]\n|turn|1\n|\n|t:|1781391017\n|switch|p1a: Mandibuzz|Mandibuzz, L85, F|326/326\n|move|p2a: Venusaur|Knock Off|p1a: Mandibuzz\n|-resisted|p1a: Mandibuzz\n|-damage|p1a: Mandibuzz|302/326\n|-enditem|p1a: Mandibuzz|Heavy-Duty Boots|[from] move: Knock Off|[of] p2a: Venusaur\n|\n|upkeep\n|turn|2\n|\n|t:|1781391045\n|switch|p2a: Pincurchin|Pincurchin, F|258/258\n|-fieldstart|move: Electric Terrain|[from] ability: Electric Surge|[of] p2a: Pincurchin\n|move|p1a: Mandibuzz|Brave Bird|p2a: Pincurchin\n|-resisted|p2a: Pincurchin\n|-damage|p2a: Pincurchin|217/258\n|-damage|p1a: Mandibuzz|288/326|[from] Recoil\n|\n|-heal|p2a: Pincurchin|233/258|[from] item: Leftovers\n|upkeep\n|turn|3\n|inactive|Battle timer is ON: inactive players will automatically lose when time's up. (requested by jh bruns)\n|\n|t:|1781391114\n|switch|p1a: Swampert|Swampert, L83, F|302/302\n|move|p2a: Pincurchin|Zing Zap|p1a: Swampert\n|-immune|p1a: Swampert\n|\n|-heal|p2a: Pincurchin|249/258|[from] item: Leftovers\n|upkeep\n|turn|4\n|inactive|jh bruns has 120 seconds left.\n|\n|t:|1781391145\n|switch|p2a: Uxie|Uxie, L83|260/260\n|move|p1a: Swampert|Earthquake|p2a: Uxie\n|-immune|p2a: Uxie|[from] ability: Levitate\n|\n|upkeep\n|turn|5\n|inactive|gangsta spongebob has 120 seconds left.\n|\n|t:|1781391195\n|move|p2a: Uxie|Knock Off|p1a: Swampert\n|-damage|p1a: Swampert|246/302\n|-enditem|p1a: Swampert|Leftovers|[from] move: Knock Off|[of] p2a: Uxie\n|move|p1a: Swampert|Knock Off|p2a: Uxie\n|-supereffective|p2a: Uxie\n|-damage|p2a: Uxie|154/260\n|-enditem|p2a: Uxie|Leftovers|[from] move: Knock Off|[of] p1a: Swampert\n|\n|upkeep\n|turn|6\n|inactive|jh bruns has 120 seconds left.\n|\n|t:|1781391212\n|move|p2a: Uxie|Psychic Noise|p1a: Swampert\n|-damage|p1a: Swampert|180/302\n|-start|p1a: Swampert|move: Heal Block\n|move|p1a: Swampert|Knock Off|p2a: Uxie\n|-supereffective|p2a: Uxie\n|-damage|p2a: Uxie|78/260\n|\n|-fieldend|move: Electric Terrain\n|upkeep\n|turn|7\n|inactive|gangsta spongebob has 120 seconds left.\n|\n|t:|1781391235\n|move|p2a: Uxie|Psychic Noise|p1a: Swampert\n|-damage|p1a: Swampert|116/302\n|move|p1a: Swampert|Knock Off|p2a: Uxie\n|-supereffective|p2a: Uxie\n|-damage|p2a: Uxie|0 fnt\n|faint|p2a: Uxie\n|\n|-end|p1a: Swampert|move: Heal Block\n|upkeep\n|\n|t:|1781391243\n|switch|p2a: Scrafty|Scrafty, L83, F|244/244\n|-ability|p2a: Scrafty|Intimidate|boost\n|-unboost|p1a: Swampert|atk|1\n|turn|8\n|\n|t:|1781391250\n|switch|p1a: Kilowattrel|Kilowattrel, L83, M|252/252\n|move|p2a: Scrafty|Dragon Dance|p2a: Scrafty\n|-boost|p2a: Scrafty|atk|1\n|-boost|p2a: Scrafty|spe|1\n|\n|upkeep\n|turn|9\n|inactive|gangsta spongebob has 120 seconds left.\n|\n|t:|1781391271\n|-terastallize|p2a: Scrafty|Poison\n|move|p1a: Kilowattrel|Hurricane|p2a: Scrafty\n|-damage|p2a: Scrafty|139/244\n|-start|p2a: Scrafty|confusion\n|-activate|p2a: Scrafty|confusion\n|move|p2a: Scrafty|Dragon Dance|p2a: Scrafty\n|-boost|p2a: Scrafty|atk|1\n|-boost|p2a: Scrafty|spe|1\n|\n|-heal|p2a: Scrafty|154/244|[from] item: Leftovers\n|upkeep\n|turn|10\n|\n|t:|1781391281\n|-activate|p2a: Scrafty|confusion\n|move|p2a: Scrafty|Knock Off|p1a: Kilowattrel\n|-damage|p1a: Kilowattrel|0 fnt\n|-enditem|p1a: Kilowattrel|Heavy-Duty Boots|[from] move: Knock Off|[of] p2a: Scrafty\n|faint|p1a: Kilowattrel\n|\n|-heal|p2a: Scrafty|169/244|[from] item: Leftovers\n|upkeep\n|\n|t:|1781391294\n|switch|p1a: Terapagos|Terapagos-Terastal, L77, F|273/273\n|turn|11\n|inactive|gangsta spongebob has 120 seconds left.\n|\n|t:|1781391312\n|-activate|p2a: Scrafty|confusion\n|-damage|p2a: Scrafty|124/244|[from] confusion\n|move|p1a: Terapagos|Earth Power|p2a: Scrafty\n|-supereffective|p2a: Scrafty\n|-crit|p2a: Scrafty\n|-damage|p2a: Scrafty|0 fnt\n|faint|p2a: Scrafty\n|\n|upkeep\n|\n|t:|1781391315\n|switch|p2a: Gurdurr|Gurdurr, L85, F|283/283\n|turn|12\n|\n|t:|1781391321\n|switch|p1a: Swampert|Swampert, L83, F|116/302\n|move|p2a: Gurdurr|Knock Off|p1a: Swampert\n|-damage|p1a: Swampert|68/302\n|\n|upkeep\n|turn|13\n|\n|t:|1781391332\n|move|p1a: Swampert|Knock Off|p2a: Gurdurr\n|-resisted|p2a: Gurdurr\n|-damage|p2a: Gurdurr|259/283\n|-enditem|p2a: Gurdurr|Eviolite|[from] move: Knock Off|[of] p1a: Swampert\n|move|p2a: Gurdurr|Drain Punch|p1a: Swampert\n|-damage|p1a: Swampert|0 fnt\n|-heal|p2a: Gurdurr|283/283|[from] drain|[of] p1a: Swampert\n|faint|p1a: Swampert\n|\n|upkeep\n|\n|t:|1781391336\n|switch|p1a: Solgaleo|Solgaleo, L74|325/325\n|turn|14\n|\n|t:|1781391353\n|move|p1a: Solgaleo|Sunsteel Strike|p2a: Gurdurr\n|-damage|p2a: Gurdurr|174/283\n|move|p2a: Gurdurr|Knock Off|p1a: Solgaleo\n|-supereffective|p1a: Solgaleo\n|-damage|p1a: Solgaleo|181/325\n|-enditem|p1a: Solgaleo|Weakness Policy\n|-boost|p1a: Solgaleo|atk|2|[from] item: Weakness Policy\n|-boost|p1a: Solgaleo|spa|2|[from] item: Weakness Policy\n|\n|upkeep\n|turn|15\n|\n|t:|1781391364\n|move|p1a: Solgaleo|Sunsteel Strike|p2a: Gurdurr\n|-damage|p2a: Gurdurr|0 fnt\n|faint|p2a: Gurdurr\n|\n|upkeep\n|\n|t:|1781391375\n|switch|p2a: Venusaur|Venusaur, L84, M|272/272\n|turn|16\n|-message|gangsta spongebob forfeited.\n|\n|win|jh bruns\n", "inputlog": ">version a8376a258c1d4662feba110a92103f3664a72141\n>start {\"formatid\":\"gen9randombattle\",\"seed\":\"sodium,136ef823cd70ab2e83dda4440640ca0d\",\"rated\":\"Rated battle\"}\n>player p1 {\"name\":\"jh bruns\",\"avatar\":\"170\",\"rating\":1957,\"seed\":\"sodium,31476d6925b3ab5a48366918d8ebb074\"}\n>player p2 {\"name\":\"gangsta spongebob\",\"avatar\":\"102\",\"rating\":1980,\"seed\":\"sodium,1d7bce8d14726ab04bb90bedece6d2f7\"}\n>p1 switch 5\n>p2 move knockoff\n>p1 move bravebird\n>p2 switch 3\n>p1 switch 6\n>p2 move zingzap\n>p1 move earthquake\n>p2 switch 5\n>p1 move knockoff\n>p2 move knockoff\n>p1 move knockoff\n>p2 move psychicnoise\n>p1 move knockoff\n>p2 move psychicnoise\n>p2 switch 4\n>p1 switch 3\n>p2 move dragondance\n>p1 move hurricane\n>p2 move dragondance terastallize\n>p1 move thunderbolt\n>p2 move knockoff\n>p1 switch 5\n>p1 move earthpower\n>p2 move drainpunch\n>p2 switch 6\n>p1 switch 3\n>p2 move knockoff\n>p1 move knockoff\n>p2 move drainpunch\n>p1 switch 2\n>p1 move sunsteelstrike\n>p2 move knockoff\n>p1 move sunsteelstrike\n>p2 move drainpunch\n>p2 switch 3\n>forcelose p2", "uploadtime": 1781391004, "views": 5, "formatid": "gen9randombattle", "rating": null, "private": 0, "password": null}