{"id": "gen9randombattle-2631599416", "format": "[Gen 9] Random Battle", "players": ["likesub", "crazykc"], "log": "|j|\u2606likesub\n|j|\u2606crazykc\n|t:|1781406790\n|gametype|singles\n|player|p1|likesub|101|1197\n|player|p2|crazykc|n|1156\n|gen|9\n|tier|[Gen 9] Random Battle\n|rated|\n|rule|Species Clause: Limit one of each Pok\u00e9mon\n|rule|HP Percentage Mod: HP is shown in percentages\n|rule|Sleep Clause Mod: Limit one foe put to sleep\n|rule|Illusion Level Mod: Illusion disguises the Pok\u00e9mon's true level\n|\n|t:|1781406790\n|teamsize|p1|6\n|teamsize|p2|6\n|start\n|switch|p1a: Vigoroth|Vigoroth, L85, M|275/275\n|switch|p2a: Mienshao|Mienshao, L83, F|244/244\n|turn|1\n|\n|t:|1781406802\n|move|p2a: Mienshao|Swords Dance|p2a: Mienshao\n|-boost|p2a: Mienshao|atk|2\n|move|p1a: Vigoroth|Bulk Up|p1a: Vigoroth\n|-boost|p1a: Vigoroth|atk|1\n|-boost|p1a: Vigoroth|def|1\n|\n|upkeep\n|turn|2\n|\n|t:|1781406808\n|move|p2a: Mienshao|Close Combat|p1a: Vigoroth\n|-supereffective|p1a: Vigoroth\n|-damage|p1a: Vigoroth|0 fnt\n|-unboost|p2a: Mienshao|def|1\n|-unboost|p2a: Mienshao|spd|1\n|faint|p1a: Vigoroth\n|-damage|p2a: Mienshao|220/244|[from] item: Life Orb\n|\n|upkeep\n|\n|t:|1781406823\n|switch|p1a: Girafarig|Girafarig, L89, F|269/269\n|turn|3\n|\n|t:|1781406832\n|move|p2a: Mienshao|Knock Off|p1a: Girafarig\n|-supereffective|p1a: Girafarig\n|-crit|p1a: Girafarig\n|-damage|p1a: Girafarig|0 fnt\n|-enditem|p1a: Girafarig|Eviolite|[from] move: Knock Off|[of] p2a: Mienshao\n|faint|p1a: Girafarig\n|-damage|p2a: Mienshao|196/244|[from] item: Life Orb\n|\n|upkeep\n|\n|t:|1781406844\n|switch|p1a: Tentacruel|Tentacruel, L84, M|272/272\n|turn|4\n|\n|t:|1781406850\n|move|p2a: Mienshao|Knock Off|p1a: Tentacruel\n|-damage|p1a: Tentacruel|2/272\n|-enditem|p1a: Tentacruel|Leftovers|[from] move: Knock Off|[of] p2a: Mienshao\n|-damage|p2a: Mienshao|172/244|[from] item: Life Orb\n|move|p1a: Tentacruel|Haze|p1a: Tentacruel\n|-clearallboost\n|\n|upkeep\n|turn|5\n|\n|t:|1781406859\n|move|p2a: Mienshao|Triple Axel|p1a: Tentacruel\n|-resisted|p1a: Tentacruel\n|-damage|p1a: Tentacruel|0 fnt\n|faint|p1a: Tentacruel\n|-hitcount|p1: Tentacruel|1\n|-damage|p2a: Mienshao|148/244|[from] item: Life Orb\n|\n|upkeep\n|\n|t:|1781406861\n|switch|p1a: Hypno|Hypno, L95, M|315/315\n|turn|6\n|\n|t:|1781406869\n|switch|p2a: Lokix|Lokix, L82, M|251/251\n|move|p1a: Hypno|Thunder Wave|p2a: Lokix\n|-status|p2a: Lokix|par\n|\n|upkeep\n|turn|7\n|\n|t:|1781406878\n|switch|p1a: Dragalge|Dragalge, L88, F|258/258\n|move|p2a: Lokix|First Impression|p1a: Dragalge\n|-resisted|p1a: Dragalge\n|-damage|p1a: Dragalge|144/258\n|-damage|p2a: Lokix|226/251 par|[from] item: Life Orb\n|\n|-heal|p1a: Dragalge|160/258|[from] item: Leftovers\n|upkeep\n|turn|8\n|\n|t:|1781406887\n|move|p1a: Dragalge|Sludge Wave|p2a: Lokix\n|-damage|p2a: Lokix|0 fnt\n|faint|p2a: Lokix\n|\n|-heal|p1a: Dragalge|176/258|[from] item: Leftovers\n|upkeep\n|\n|t:|1781406901\n|switch|p2a: Flygon|Flygon, L82, M|265/265\n|turn|9\n|\n|t:|1781406909\n|-terastallize|p1a: Dragalge|Fighting\n|move|p2a: Flygon|Earthquake|p1a: Dragalge\n|-damage|p1a: Dragalge|74/258\n|move|p1a: Dragalge|Draco Meteor|p2a: Flygon\n|-supereffective|p2a: Flygon\n|-damage|p2a: Flygon|0 fnt\n|-unboost|p1a: Dragalge|spa|2\n|faint|p2a: Flygon\n|\n|-heal|p1a: Dragalge|90/258|[from] item: Leftovers\n|upkeep\n|\n|t:|1781406921\n|switch|p2a: Mienshao|Mienshao, L83, F|229/244\n|turn|10\n|\n|t:|1781406926\n|move|p2a: Mienshao|Swords Dance|p2a: Mienshao\n|-boost|p2a: Mienshao|atk|2\n|move|p1a: Dragalge|Toxic|p2a: Mienshao\n|-status|p2a: Mienshao|tox\n|\n|-heal|p1a: Dragalge|106/258|[from] item: Leftovers\n|-damage|p2a: Mienshao|214/244 tox|[from] psn\n|upkeep\n|turn|11\n|\n|t:|1781406937\n|move|p2a: Mienshao|Triple Axel|p1a: Dragalge\n|-damage|p1a: Dragalge|64/258\n|-damage|p1a: Dragalge|0 fnt\n|faint|p1a: Dragalge\n|-hitcount|p1: Dragalge|2\n|-damage|p2a: Mienshao|190/244 tox|[from] item: Life Orb\n|\n|-damage|p2a: Mienshao|160/244 tox|[from] psn\n|upkeep\n|\n|t:|1781406942\n|switch|p1a: Hypno|Hypno, L95, M|315/315\n|turn|12\n|\n|t:|1781406948\n|move|p2a: Mienshao|Knock Off|p1a: Hypno\n|-supereffective|p1a: Hypno\n|-damage|p1a: Hypno|0 fnt\n|-enditem|p1a: Hypno|Leftovers|[from] move: Knock Off|[of] p2a: Mienshao\n|faint|p1a: Hypno\n|-damage|p2a: Mienshao|136/244 tox|[from] item: Life Orb\n|\n|-damage|p2a: Mienshao|91/244 tox|[from] psn\n|upkeep\n|\n|t:|1781406950\n|switch|p1a: Rillaboom|Rillaboom, L79, M|288/288\n|-fieldstart|move: Grassy Terrain|[from] ability: Grassy Surge|[of] p1a: Rillaboom\n|turn|13\n|\n|t:|1781406959\n|move|p1a: Rillaboom|Grassy Glide|p2a: Mienshao\n|-damage|p2a: Mienshao|0 fnt\n|faint|p2a: Mienshao\n|-damage|p1a: Rillaboom|260/288|[from] item: Life Orb\n|\n|-heal|p1a: Rillaboom|278/288|[from] Grassy Terrain\n|upkeep\n|\n|t:|1781406968\n|switch|p2a: Glalie|Glalie, L96, M|309/309\n|turn|14\n|\n|t:|1781406972\n|move|p2a: Glalie|Freeze-Dry|p1a: Rillaboom\n|-supereffective|p1a: Rillaboom\n|-damage|p1a: Rillaboom|56/288\n|move|p1a: Rillaboom|High Horsepower|p2a: Glalie\n|-damage|p2a: Glalie|222/309\n|-damage|p1a: Rillaboom|28/288|[from] item: Life Orb\n|\n|-heal|p2a: Glalie|241/309|[from] Grassy Terrain\n|-heal|p1a: Rillaboom|46/288|[from] Grassy Terrain\n|upkeep\n|turn|15\n|\n|t:|1781406981\n|move|p2a: Glalie|Freeze-Dry|p1a: Rillaboom\n|-supereffective|p1a: Rillaboom\n|-damage|p1a: Rillaboom|0 fnt\n|faint|p1a: Rillaboom\n|\n|win|crazykc\n|raw|likesub's rating: 1197 &rarr; <strong>1169</strong><br />(-28 for losing)\n|raw|crazykc's rating: 1156 &rarr; <strong>1184</strong><br />(+28 for winning)\n", "inputlog": ">version a8376a258c1d4662feba110a92103f3664a72141\n>start {\"formatid\":\"gen9randombattle\",\"seed\":\"sodium,fa7293684892ba98c968265a5950cca1\",\"rated\":\"Rated battle\"}\n>player p1 {\"name\":\"likesub\",\"avatar\":\"101\",\"rating\":1197,\"seed\":\"sodium,c5e3b0be6e90e73652cb7038d08758de\"}\n>player p2 {\"name\":\"crazykc\",\"avatar\":\"n\",\"rating\":1156,\"seed\":\"sodium,66cce252181f68fde8efd1b88cbc317b\"}\n>p1 move bulkup\n>p2 move swordsdance\n>p1 move bulkup\n>p2 move closecombat\n>p1 switch 2\n>p1 move dazzlinggleam\n>p2 move knockoff\n>p1 switch 5\n>p1 move haze\n>p2 move knockoff\n>p1 move sludgebomb\n>p2 move tripleaxel\n>p1 switch 3\n>p1 move thunderwave\n>p2 switch 5\n>p1 switch 6\n>p2 move firstimpression\n>p1 move sludgewave\n>p2 move knockoff\n>p2 switch 2\n>p1 move dracometeor terastallize\n>p2 move earthquake\n>p2 switch 5\n>p1 move toxic\n>p2 move swordsdance\n>p1 move focusblast\n>p2 move tripleaxel\n>p1 switch 6\n>p1 move psychicnoise\n>p2 move knockoff\n>p1 switch 4\n>p1 move grassyglide\n>p2 move tripleaxel\n>p2 switch 6\n>p1 move highhorsepower\n>p2 move freezedry\n>p1 move highhorsepower\n>p2 move freezedry", "uploadtime": 1781406983, "views": 4, "formatid": "gen9randombattle", "rating": 1169, "private": 0, "password": null}