{"id": "gen9randombattle-2631901159", "format": "[Gen 9] Random Battle", "players": ["eliasmo", "BBUTTER"], "log": "|j|\u2606eliasmo\n|j|\u2606BBUTTER\n|t:|1781453674\n|gametype|singles\n|player|p1|eliasmo|2|1989\n|player|p2|BBUTTER|blue|2042\n|gen|9\n|tier|[Gen 9] Random Battle\n|rated|\n|rule|Species Clause: Limit one of each Pok\u00e9mon\n|rule|HP Percentage Mod: HP is shown in percentages\n|rule|Sleep Clause Mod: Limit one foe put to sleep\n|rule|Illusion Level Mod: Illusion disguises the Pok\u00e9mon's true level\n|\n|t:|1781453674\n|teamsize|p1|6\n|teamsize|p2|6\n|start\n|switch|p1a: Regirock|Regirock, L83|268/268\n|switch|p2a: Espeon|Espeon, L84, F, shiny|246/246\n|turn|1\n|inactive|Battle timer is ON: inactive players will automatically lose when time's up. (requested by BBUTTER)\n|\n|t:|1781453712\n|move|p2a: Espeon|Psychic|p1a: Regirock\n|-damage|p1a: Regirock|105/268\n|move|p1a: Regirock|Stone Edge|p2a: Espeon\n|-damage|p2a: Espeon|116/246\n|\n|upkeep\n|turn|2\n|\n|t:|1781453725\n|move|p2a: Espeon|Psychic|p1a: Regirock\n|-damage|p1a: Regirock|0 fnt\n|faint|p1a: Regirock\n|\n|upkeep\n|\n|t:|1781453731\n|switch|p1a: Dusknoir|Dusknoir, L89, M|225/225\n|-item|p2a: Espeon|Choice Specs|[from] ability: Frisk|[of] p1a: Dusknoir\n|turn|3\n|\n|t:|1781453748\n|switch|p2a: Arceus|Arceus-Fairy, L69|280/280\n|move|p1a: Dusknoir|Shadow Sneak|p2a: Arceus\n|-damage|p2a: Arceus|205/280\n|\n|upkeep\n|turn|4\n|\n|t:|1781453762\n|switch|p1a: Perrserker|Perrserker, L89, F|269/269\n|move|p2a: Arceus|Recover|p2a: Arceus\n|-heal|p2a: Arceus|280/280\n|\n|upkeep\n|turn|5\n|\n|t:|1781453777\n|switch|p2a: Tatsugiri|Tatsugiri, L87, F|260/260\n|move|p1a: Perrserker|Iron Head|p2a: Tatsugiri\n|-resisted|p2a: Tatsugiri\n|-damage|p2a: Tatsugiri|121/260\n|\n|upkeep\n|turn|6\n|\n|t:|1781453781\n|move|p2a: Tatsugiri|Hydro Pump|p1a: Perrserker\n|-damage|p1a: Perrserker|89/269\n|move|p1a: Perrserker|Iron Head|p2a: Tatsugiri\n|-resisted|p2a: Tatsugiri\n|-damage|p2a: Tatsugiri|0 fnt\n|faint|p2a: Tatsugiri\n|\n|upkeep\n|\n|t:|1781453804\n|switch|p2a: Giratina|Giratina-Origin, L72|335/335\n|turn|7\n|\n|t:|1781453807\n|move|p2a: Giratina|Poltergeist|p1a: Perrserker\n|-activate|p1a: Perrserker|move: Poltergeist|Choice Band\n|-damage|p1a: Perrserker|0 fnt\n|faint|p1a: Perrserker\n|\n|upkeep\n|\n|t:|1781453811\n|switch|p1a: Tinkaton|Tinkaton, L82, F|274/274\n|-ability|p1a: Tinkaton|Mold Breaker\n|turn|8\n|\n|t:|1781453829\n|move|p1a: Tinkaton|Knock Off|p2a: Giratina\n|-supereffective|p2a: Giratina\n|-damage|p2a: Giratina|259/335\n|move|p2a: Giratina|Poltergeist|p1a: Tinkaton|[miss]\n|-miss|p2a: Giratina|p1a: Tinkaton\n|\n|upkeep\n|turn|9\n|\n|t:|1781453838\n|move|p1a: Tinkaton|Stealth Rock|p2a: Giratina\n|-sidestart|p2: BBUTTER|move: Stealth Rock\n|move|p2a: Giratina|Poltergeist|p1a: Tinkaton|[miss]\n|-miss|p2a: Giratina|p1a: Tinkaton\n|\n|upkeep\n|turn|10\n|\n|t:|1781453843\n|move|p1a: Tinkaton|Play Rough|p2a: Giratina\n|-supereffective|p2a: Giratina\n|-damage|p2a: Giratina|109/335\n|move|p2a: Giratina|Poltergeist|p1a: Tinkaton\n|-activate|p1a: Tinkaton|move: Poltergeist|Leftovers\n|-damage|p1a: Tinkaton|129/274\n|\n|-heal|p1a: Tinkaton|146/274|[from] item: Leftovers\n|upkeep\n|turn|11\n|\n|t:|1781453851\n|move|p1a: Tinkaton|Play Rough|p2a: Giratina\n|-supereffective|p2a: Giratina\n|-damage|p2a: Giratina|0 fnt\n|faint|p2a: Giratina\n|\n|-heal|p1a: Tinkaton|163/274|[from] item: Leftovers\n|upkeep\n|\n|t:|1781453853\n|switch|p2a: Drednaw|Drednaw, L81, M|278/278\n|-damage|p2a: Drednaw|244/278|[from] Stealth Rock\n|turn|12\n|\n|t:|1781453861\n|move|p1a: Tinkaton|Knock Off|p2a: Drednaw\n|-damage|p2a: Drednaw|193/278\n|-enditem|p2a: Drednaw|White Herb|[from] move: Knock Off|[of] p1a: Tinkaton\n|move|p2a: Drednaw|Shell Smash|p2a: Drednaw\n|-unboost|p2a: Drednaw|def|1\n|-unboost|p2a: Drednaw|spd|1\n|-boost|p2a: Drednaw|atk|2\n|-boost|p2a: Drednaw|spa|2\n|-boost|p2a: Drednaw|spe|2\n|\n|-heal|p1a: Tinkaton|180/274|[from] item: Leftovers\n|upkeep\n|turn|13\n|\n|t:|1781453873\n|move|p2a: Drednaw|Earthquake|p1a: Tinkaton\n|-supereffective|p1a: Tinkaton\n|-damage|p1a: Tinkaton|0 fnt\n|faint|p1a: Tinkaton\n|\n|upkeep\n|\n|t:|1781453875\n|switch|p1a: Keldeo|Keldeo-Resolute, L79|273/273\n|turn|14\n|\n|t:|1781453878\n|move|p1a: Keldeo|Vacuum Wave|p2a: Drednaw\n|-supereffective|p2a: Drednaw\n|-damage|p2a: Drednaw|0 fnt\n|faint|p2a: Drednaw\n|\n|upkeep\n|\n|t:|1781453883\n|switch|p2a: Arceus|Arceus-Fairy, L69|280/280\n|-damage|p2a: Arceus|245/280|[from] Stealth Rock\n|turn|15\n|\n|t:|1781453889\n|switch|p1a: Dusknoir|Dusknoir, L89, M|225/225\n|-item|p2a: Arceus|Pixie Plate|[from] ability: Frisk|[of] p1a: Dusknoir\n|move|p2a: Arceus|Calm Mind|p2a: Arceus\n|-boost|p2a: Arceus|spa|1\n|-boost|p2a: Arceus|spd|1\n|\n|upkeep\n|turn|16\n|\n|t:|1781453895\n|move|p2a: Arceus|Judgment|p1a: Dusknoir\n|-damage|p1a: Dusknoir|114/225\n|move|p1a: Dusknoir|Poltergeist|p2a: Arceus\n|-activate|p2a: Arceus|move: Poltergeist|Pixie Plate\n|-damage|p2a: Arceus|53/280\n|\n|upkeep\n|turn|17\n|\n|t:|1781453902\n|move|p2a: Arceus|Judgment|p1a: Dusknoir\n|-damage|p1a: Dusknoir|2/225\n|move|p1a: Dusknoir|Poltergeist|p2a: Arceus\n|-activate|p2a: Arceus|move: Poltergeist|Pixie Plate\n|-damage|p2a: Arceus|0 fnt\n|faint|p2a: Arceus\n|\n|upkeep\n|\n|t:|1781453909\n|switch|p2a: Espeon|Espeon, L84, F, shiny|116/246\n|-damage|p2a: Espeon|86/246|[from] Stealth Rock\n|turn|18\n|\n|t:|1781453911\n|move|p2a: Espeon|Psychic|p1a: Dusknoir\n|-damage|p1a: Dusknoir|0 fnt\n|faint|p1a: Dusknoir\n|\n|upkeep\n|\n|t:|1781453913\n|switch|p1a: Bruxish|Bruxish, L85, M|254/254\n|turn|19\n|\n|t:|1781453922\n|-terastallize|p1a: Bruxish|Dark\n|move|p2a: Espeon|Psychic|p1a: Bruxish\n|-immune|p1a: Bruxish\n|move|p1a: Bruxish|Crunch|p2a: Espeon\n|-supereffective|p2a: Espeon\n|-damage|p2a: Espeon|0 fnt\n|faint|p2a: Espeon\n|\n|upkeep\n|\n|t:|1781453924\n|switch|p2a: Comfey|Comfey, L85, F|225/225\n|-damage|p2a: Comfey|197/225|[from] Stealth Rock\n|turn|20\n|\n|t:|1781453930\n|move|p2a: Comfey|Calm Mind|p2a: Comfey\n|-boost|p2a: Comfey|spa|1\n|-boost|p2a: Comfey|spd|1\n|move|p1a: Bruxish|Crunch|p2a: Comfey\n|-resisted|p2a: Comfey\n|-damage|p2a: Comfey|89/225\n|\n|-heal|p2a: Comfey|103/225|[from] item: Leftovers\n|upkeep\n|turn|21\n|\n|t:|1781453935\n|switch|p1a: Keldeo|Keldeo-Resolute, L79|273/273\n|move|p2a: Comfey|Draining Kiss|p1a: Keldeo\n|-supereffective|p1a: Keldeo\n|-damage|p1a: Keldeo|105/273\n|-heal|p2a: Comfey|225/225|[from] drain|[of] p1a: Keldeo\n|\n|upkeep\n|turn|22\n|\n|t:|1781453942\n|move|p2a: Comfey|Draining Kiss|p1a: Keldeo\n|-supereffective|p1a: Keldeo\n|-damage|p1a: Keldeo|0 fnt\n|faint|p1a: Keldeo\n|\n|upkeep\n|\n|t:|1781453944\n|switch|p1a: Bruxish|Bruxish, L85, M, tera:Dark|254/254\n|turn|23\n|\n|t:|1781453947\n|move|p2a: Comfey|Draining Kiss|p1a: Bruxish\n|-supereffective|p1a: Bruxish\n|-damage|p1a: Bruxish|86/254\n|move|p1a: Bruxish|Wave Crash|p2a: Comfey\n|-damage|p2a: Comfey|21/225\n|-damage|p1a: Bruxish|19/254|[from] Recoil\n|\n|-heal|p2a: Comfey|35/225|[from] item: Leftovers\n|upkeep\n|turn|24\n|\n|t:|1781453952\n|move|p2a: Comfey|Draining Kiss|p1a: Bruxish\n|-supereffective|p1a: Bruxish\n|-damage|p1a: Bruxish|0 fnt\n|-heal|p2a: Comfey|49/225|[from] drain|[of] p1a: Bruxish\n|faint|p1a: Bruxish\n|\n|win|BBUTTER\n", "inputlog": ">version a8376a258c1d4662feba110a92103f3664a72141\n>start {\"formatid\":\"gen9randombattle\",\"seed\":\"sodium,808e630510c863bc99ecd002d96d4770\",\"rated\":\"Rated battle\"}\n>player p1 {\"name\":\"eliasmo\",\"avatar\":\"2\",\"rating\":1989,\"seed\":\"sodium,26e9de858b27ab1af65181fd00893dd9\"}\n>player p2 {\"name\":\"BBUTTER\",\"avatar\":\"blue\",\"rating\":2042,\"seed\":\"sodium,3084f25a2431c545f40acf37674b3a29\"}\n>p1 move stoneedge\n>p2 move psychic\n>p1 move rest\n>p2 move psychic\n>p1 switch 6\n>p1 move shadowsneak\n>p2 switch 3\n>p1 switch 4\n>p2 move recover\n>p1 move ironhead\n>p2 switch 6\n>p1 move ironhead\n>p2 move hydropump\n>p2 switch 2\n>p1 move ironhead\n>p2 move poltergeist\n>p1 switch 2\n>p1 move knockoff\n>p2 move poltergeist\n>p1 move stealthrock\n>p2 move poltergeist\n>p1 move playrough\n>p2 move poltergeist\n>p1 move playrough\n>p2 move poltergeist\n>p2 switch 4\n>p1 move knockoff\n>p2 move shellsmash\n>p1 move gigatonhammer\n>p2 move earthquake\n>p1 switch 3\n>p1 move vacuumwave\n>p2 move earthquake\n>p2 switch 6\n>p1 switch 4\n>p2 move calmmind\n>p1 move poltergeist\n>p2 move judgment\n>p1 move poltergeist\n>p2 move judgment\n>p2 switch 3\n>p1 move poltergeist\n>p2 move psychic\n>p1 switch 5\n>p1 move crunch terastallize\n>p2 move psychic\n>p2 switch 5\n>p1 move crunch\n>p2 move calmmind\n>p1 switch 4\n>p2 move drainingkiss\n>p1 move hydropump\n>p2 move drainingkiss\n>p1 switch 4\n>p1 move wavecrash\n>p2 move drainingkiss\n>p1 move wavecrash\n>p2 move drainingkiss", "uploadtime": 1781453676, "views": 4, "formatid": "gen9randombattle", "rating": null, "private": 0, "password": null}