{"id": "gen9randombattle-2631991347", "format": "[Gen 9] Random Battle", "players": ["ftaochaphet", "varllyam"], "log": "|j|\u2606ftaochaphet\n|j|\u2606varllyam\n|t:|1781463534\n|gametype|singles\n|player|p1|ftaochaphet|265|2259\n|player|p2|varllyam|170|2146\n|gen|9\n|tier|[Gen 9] Random Battle\n|rated|\n|rule|Species Clause: Limit one of each Pok\u00e9mon\n|rule|HP Percentage Mod: HP is shown in percentages\n|rule|Sleep Clause Mod: Limit one foe put to sleep\n|rule|Illusion Level Mod: Illusion disguises the Pok\u00e9mon's true level\n|\n|t:|1781463534\n|teamsize|p1|6\n|teamsize|p2|6\n|start\n|switch|p1a: Arceus|Arceus-Fairy, L69|280/280\n|switch|p2a: Diancie|Diancie, L82|216/216\n|turn|1\n|inactive|Battle timer is ON: inactive players will automatically lose when time's up. (requested by ftaochaphet)\n|\n|t:|1781463557\n|switch|p1a: Breloom|Breloom, L83, F|235/235\n|move|p2a: Diancie|Stealth Rock|p1a: Breloom\n|-sidestart|p1: ftaochaphet|move: Stealth Rock\n|\n|upkeep\n|turn|2\n|\n|t:|1781463565\n|switch|p2a: Gyarados|Gyarados, L79, F|280/280\n|move|p1a: Breloom|Bullet Seed|p2a: Gyarados\n|-damage|p2a: Gyarados|205/280\n|-damage|p2a: Gyarados|135/280\n|-damage|p2a: Gyarados|64/280\n|-hitcount|p2a: Gyarados|3\n|-damage|p1a: Breloom|212/235|[from] item: Life Orb\n|\n|upkeep\n|turn|3\n|\n|t:|1781463577\n|switch|p1a: Rotom|Rotom-Mow, L87|229/229\n|-damage|p1a: Rotom|201/229|[from] Stealth Rock\n|move|p2a: Gyarados|Temper Flare|p1a: Rotom\n|-supereffective|p1a: Rotom\n|-damage|p1a: Rotom|113/229\n|\n|-heal|p1a: Rotom|127/229|[from] item: Leftovers\n|upkeep\n|turn|4\n|\n|t:|1781463585\n|move|p1a: Rotom|Volt Switch|p2a: Gyarados\n|-supereffective|p2a: Gyarados\n|-damage|p2a: Gyarados|0 fnt\n|faint|p2a: Gyarados\n|\n|t:|1781463591\n|switch|p1a: Morpeko|Morpeko, L88, F|245/245|[from] Volt Switch\n|\n|-formechange|p1a: Morpeko|Morpeko-Hangry||[from] ability: Hunger Switch\n|upkeep\n|\n|t:|1781463596\n|switch|p2a: Diancie|Diancie, L82|216/216\n|turn|5\n|\n|t:|1781463624\n|move|p1a: Morpeko|Rapid Spin|p2a: Diancie\n|-resisted|p2a: Diancie\n|-damage|p2a: Diancie|202/216\n|-boost|p1a: Morpeko|spe|1\n|-sideend|p1: ftaochaphet|Stealth Rock|[from] move: Rapid Spin|[of] p1a: Morpeko\n|move|p2a: Diancie|Moonblast|p1a: Morpeko\n|-supereffective|p1a: Morpeko\n|-damage|p1a: Morpeko|0 fnt\n|faint|p1a: Morpeko\n|\n|-heal|p2a: Diancie|215/216|[from] item: Leftovers\n|upkeep\n|\n|t:|1781463630\n|switch|p1a: Breloom|Breloom, L83, F|212/235\n|turn|6\n|\n|t:|1781463641\n|-terastallize|p2a: Diancie|Fighting\n|move|p1a: Breloom|Bullet Seed|p2a: Diancie\n|-damage|p2a: Diancie|171/216\n|-damage|p2a: Diancie|124/216\n|-hitcount|p2a: Diancie|2\n|-damage|p1a: Breloom|189/235|[from] item: Life Orb\n|move|p2a: Diancie|Moonblast|p1a: Breloom\n|-supereffective|p1a: Breloom\n|-damage|p1a: Breloom|0 fnt\n|faint|p1a: Breloom\n|\n|-heal|p2a: Diancie|137/216|[from] item: Leftovers\n|upkeep\n|inactive|ftaochaphet has 120 seconds left.\n|\n|t:|1781463668\n|switch|p1a: Arceus|Arceus-Fairy, L69|280/280\n|turn|7\n|\n|t:|1781463673\n|move|p1a: Arceus|Calm Mind|p1a: Arceus\n|-boost|p1a: Arceus|spa|1\n|-boost|p1a: Arceus|spd|1\n|move|p2a: Diancie|Stealth Rock|p1a: Arceus\n|-sidestart|p1: ftaochaphet|move: Stealth Rock\n|\n|-heal|p2a: Diancie|150/216|[from] item: Leftovers\n|upkeep\n|turn|8\n|\n|t:|1781463686\n|move|p1a: Arceus|Calm Mind|p1a: Arceus\n|-boost|p1a: Arceus|spa|1\n|-boost|p1a: Arceus|spd|1\n|move|p2a: Diancie|Diamond Storm|p1a: Arceus\n|-damage|p1a: Arceus|181/280\n|-boost|p2a: Diancie|def|2\n|\n|-heal|p2a: Diancie|163/216|[from] item: Leftovers\n|upkeep\n|turn|9\n|\n|t:|1781463691\n|move|p1a: Arceus|Judgment|p2a: Diancie\n|-supereffective|p2a: Diancie\n|-damage|p2a: Diancie|0 fnt\n|faint|p2a: Diancie\n|\n|upkeep\n|\n|t:|1781463696\n|switch|p2a: Arceus|Arceus-Flying, L69|279/279\n|turn|10\n|\n|t:|1781463714\n|move|p1a: Arceus|Judgment|p2a: Arceus\n|-damage|p2a: Arceus|86/279\n|move|p2a: Arceus|Calm Mind|p2a: Arceus\n|-boost|p2a: Arceus|spa|1\n|-boost|p2a: Arceus|spd|1\n|\n|upkeep\n|turn|11\n|\n|t:|1781463719\n|move|p1a: Arceus|Judgment|p2a: Arceus\n|-damage|p2a: Arceus|0 fnt\n|faint|p2a: Arceus\n|\n|upkeep\n|\n|t:|1781463724\n|switch|p2a: Vaporeon|Vaporeon, L86, M|364/364\n|turn|12\n|\n|t:|1781463752\n|move|p1a: Arceus|Judgment|p2a: Vaporeon\n|-damage|p2a: Vaporeon|181/364\n|move|p2a: Vaporeon|Calm Mind|p2a: Vaporeon\n|-boost|p2a: Vaporeon|spa|1\n|-boost|p2a: Vaporeon|spd|1\n|\n|-heal|p2a: Vaporeon|203/364|[from] item: Leftovers\n|upkeep\n|turn|13\n|\n|t:|1781463763\n|switch|p1a: Rotom|Rotom-Mow, L87|127/229\n|-damage|p1a: Rotom|99/229|[from] Stealth Rock\n|move|p2a: Vaporeon|Wish|p2a: Vaporeon\n|\n|-heal|p1a: Rotom|113/229|[from] item: Leftovers\n|-heal|p2a: Vaporeon|225/364|[from] item: Leftovers\n|upkeep\n|turn|14\n|\n|t:|1781463767\n|move|p2a: Vaporeon|Protect|p2a: Vaporeon\n|-singleturn|p2a: Vaporeon|Protect\n|move|p1a: Rotom|Will-O-Wisp|p2a: Vaporeon\n|-activate|p2a: Vaporeon|move: Protect\n|\n|-heal|p2a: Vaporeon|364/364|[from] move: Wish|[wisher] Vaporeon\n|-heal|p1a: Rotom|127/229|[from] item: Leftovers\n|upkeep\n|turn|15\n|\n|t:|1781463772\n|move|p1a: Rotom|Will-O-Wisp|p2a: Vaporeon\n|-status|p2a: Vaporeon|brn\n|move|p2a: Vaporeon|Calm Mind|p2a: Vaporeon\n|-boost|p2a: Vaporeon|spa|1\n|-boost|p2a: Vaporeon|spd|1\n|\n|-heal|p1a: Rotom|141/229|[from] item: Leftovers\n|-damage|p2a: Vaporeon|342/364 brn|[from] brn\n|upkeep\n|turn|16\n|\n|t:|1781463775\n|move|p1a: Rotom|Thunderbolt|p2a: Vaporeon\n|-supereffective|p2a: Vaporeon\n|-damage|p2a: Vaporeon|232/364 brn\n|move|p2a: Vaporeon|Calm Mind|p2a: Vaporeon\n|-boost|p2a: Vaporeon|spa|1\n|-boost|p2a: Vaporeon|spd|1\n|\n|-heal|p1a: Rotom|155/229|[from] item: Leftovers\n|-heal|p2a: Vaporeon|254/364 brn|[from] item: Leftovers\n|-damage|p2a: Vaporeon|232/364 brn|[from] brn\n|upkeep\n|turn|17\n|\n|t:|1781463779\n|move|p1a: Rotom|Volt Switch|p2a: Vaporeon\n|-supereffective|p2a: Vaporeon\n|-damage|p2a: Vaporeon|170/364 brn\n|\n|t:|1781463784\n|switch|p1a: Araquanid|Araquanid, L82, M|246/246|[from] Volt Switch\n|move|p2a: Vaporeon|Wish|p2a: Vaporeon\n|\n|-heal|p2a: Vaporeon|192/364 brn|[from] item: Leftovers\n|-damage|p2a: Vaporeon|170/364 brn|[from] brn\n|upkeep\n|turn|18\n|\n|t:|1781463788\n|move|p2a: Vaporeon|Calm Mind|p2a: Vaporeon\n|-boost|p2a: Vaporeon|spa|1\n|-boost|p2a: Vaporeon|spd|1\n|move|p1a: Araquanid|Sticky Web|p2a: Vaporeon\n|-sidestart|p2: varllyam|move: Sticky Web\n|\n|-heal|p2a: Vaporeon|352/364 brn|[from] move: Wish|[wisher] Vaporeon\n|-heal|p2a: Vaporeon|364/364 brn|[from] item: Leftovers\n|-damage|p2a: Vaporeon|342/364 brn|[from] brn\n|upkeep\n|turn|19\n|\n|t:|1781463797\n|move|p2a: Vaporeon|Calm Mind|p2a: Vaporeon\n|-boost|p2a: Vaporeon|spa|1\n|-boost|p2a: Vaporeon|spd|1\n|move|p1a: Araquanid|Leech Life|p2a: Vaporeon\n|-damage|p2a: Vaporeon|264/364 brn\n|\n|-heal|p2a: Vaporeon|286/364 brn|[from] item: Leftovers\n|-damage|p2a: Vaporeon|264/364 brn|[from] brn\n|upkeep\n|turn|20\n|\n|t:|1781463801\n|move|p2a: Vaporeon|Wish|p2a: Vaporeon\n|move|p1a: Araquanid|Leech Life|p2a: Vaporeon\n|-damage|p2a: Vaporeon|186/364 brn\n|\n|-heal|p2a: Vaporeon|208/364 brn|[from] item: Leftovers\n|-damage|p2a: Vaporeon|186/364 brn|[from] brn\n|upkeep\n|turn|21\n|\n|t:|1781463804\n|move|p2a: Vaporeon|Calm Mind|p2a: Vaporeon\n|-boost|p2a: Vaporeon|spa|1\n|-boost|p2a: Vaporeon|spd|1\n|move|p1a: Araquanid|Leech Life|p2a: Vaporeon\n|-damage|p2a: Vaporeon|101/364 brn\n|\n|-heal|p2a: Vaporeon|283/364 brn|[from] move: Wish|[wisher] Vaporeon\n|-heal|p2a: Vaporeon|305/364 brn|[from] item: Leftovers\n|-damage|p2a: Vaporeon|283/364 brn|[from] brn\n|upkeep\n|turn|22\n|\n|t:|1781463807\n|move|p2a: Vaporeon|Wish|p2a: Vaporeon\n|move|p1a: Araquanid|Leech Life|p2a: Vaporeon\n|-damage|p2a: Vaporeon|199/364 brn\n|\n|-heal|p2a: Vaporeon|221/364 brn|[from] item: Leftovers\n|-damage|p2a: Vaporeon|199/364 brn|[from] brn\n|upkeep\n|turn|23\n|\n|t:|1781463810\n|move|p2a: Vaporeon|Scald|p1a: Araquanid\n|-resisted|p1a: Araquanid\n|-damage|p1a: Araquanid|107/246\n|move|p1a: Araquanid|Leech Life|p2a: Vaporeon\n|-damage|p2a: Vaporeon|123/364 brn\n|-heal|p1a: Araquanid|145/246|[from] drain|[of] p2a: Vaporeon\n|\n|-heal|p2a: Vaporeon|305/364 brn|[from] move: Wish|[wisher] Vaporeon\n|-heal|p2a: Vaporeon|327/364 brn|[from] item: Leftovers\n|-damage|p2a: Vaporeon|305/364 brn|[from] brn\n|upkeep\n|turn|24\n|\n|t:|1781463814\n|move|p2a: Vaporeon|Scald|p1a: Araquanid\n|-resisted|p1a: Araquanid\n|-damage|p1a: Araquanid|0 fnt\n|faint|p1a: Araquanid\n|\n|-heal|p2a: Vaporeon|327/364 brn|[from] item: Leftovers\n|-damage|p2a: Vaporeon|305/364 brn|[from] brn\n|upkeep\n|\n|t:|1781463819\n|switch|p1a: Deoxys|Deoxys-Attack, L72|191/191\n|-damage|p1a: Deoxys|168/191|[from] Stealth Rock\n|-ability|p1a: Deoxys|Pressure\n|turn|25\n|\n|t:|1781463823\n|move|p1a: Deoxys|Knock Off|p2a: Vaporeon\n|-damage|p2a: Vaporeon|161/364 brn\n|-enditem|p2a: Vaporeon|Leftovers|[from] move: Knock Off|[of] p1a: Deoxys\n|-damage|p1a: Deoxys|149/191|[from] item: Life Orb\n|move|p2a: Vaporeon|Wish|p2a: Vaporeon\n|\n|-damage|p2a: Vaporeon|139/364 brn|[from] brn\n|upkeep\n|turn|26\n|\n|t:|1781463834\n|move|p2a: Vaporeon|Protect|p2a: Vaporeon\n|-singleturn|p2a: Vaporeon|Protect\n|move|p1a: Deoxys|Superpower|p2a: Vaporeon\n|-activate|p2a: Vaporeon|move: Protect\n|\n|-heal|p2a: Vaporeon|321/364 brn|[from] move: Wish|[wisher] Vaporeon\n|-damage|p2a: Vaporeon|299/364 brn|[from] brn\n|upkeep\n|turn|27\n|\n|t:|1781463837\n|move|p1a: Deoxys|Superpower|p2a: Vaporeon\n|-damage|p2a: Vaporeon|127/364 brn\n|-unboost|p1a: Deoxys|atk|1\n|-unboost|p1a: Deoxys|def|1\n|-damage|p1a: Deoxys|130/191|[from] item: Life Orb\n|move|p2a: Vaporeon|Scald|p1a: Deoxys\n|-damage|p1a: Deoxys|0 fnt\n|faint|p1a: Deoxys\n|\n|-damage|p2a: Vaporeon|105/364 brn|[from] brn\n|upkeep\n|\n|t:|1781463845\n|switch|p1a: Rotom|Rotom-Mow, L87|155/229\n|-damage|p1a: Rotom|127/229|[from] Stealth Rock\n|turn|28\n|\n|t:|1781463848\n|-terastallize|p1a: Rotom|Electric\n|move|p1a: Rotom|Thunderbolt|p2a: Vaporeon\n|-supereffective|p2a: Vaporeon\n|-damage|p2a: Vaporeon|37/364 brn\n|move|p2a: Vaporeon|Wish|p2a: Vaporeon\n|\n|-heal|p1a: Rotom|141/229|[from] item: Leftovers\n|-damage|p2a: Vaporeon|15/364 brn|[from] brn\n|upkeep\n|turn|29\n|\n|t:|1781463855\n|move|p2a: Vaporeon|Protect|p2a: Vaporeon\n|-singleturn|p2a: Vaporeon|Protect\n|move|p1a: Rotom|Thunderbolt|p2a: Vaporeon\n|-activate|p2a: Vaporeon|move: Protect\n|\n|-heal|p2a: Vaporeon|197/364 brn|[from] move: Wish|[wisher] Vaporeon\n|-heal|p1a: Rotom|155/229|[from] item: Leftovers\n|-damage|p2a: Vaporeon|175/364 brn|[from] brn\n|upkeep\n|turn|30\n|-message|ftaochaphet forfeited.\n|\n|win|varllyam\n", "inputlog": ">version a8376a258c1d4662feba110a92103f3664a72141\n>start {\"formatid\":\"gen9randombattle\",\"seed\":\"sodium,8ff79dc7457480a7688334b2d751401a\",\"rated\":\"Rated battle\"}\n>player p1 {\"name\":\"ftaochaphet\",\"avatar\":\"265\",\"rating\":2259,\"seed\":\"sodium,6ec3077ece30efaea706ee0298fdab5b\"}\n>player p2 {\"name\":\"varllyam\",\"avatar\":\"170\",\"rating\":2146,\"seed\":\"sodium,afefdc1d61dd5c8eb12b6f8bf1962e20\"}\n>p1 switch 5\n>p2 move stealthrock\n>p1 move bulletseed\n>p2 switch 4\n>p1 switch 4\n>p2 move temperflare\n>p1 move voltswitch\n>p2 move dragondance\n>p1 switch 3\n>p2 switch 4\n>p1 move rapidspin\n>p2 move moonblast\n>p1 switch 4\n>p1 move bulletseed\n>p2 move moonblast terastallize\n>p1 switch 5\n>p1 move calmmind\n>p2 move stealthrock\n>p1 move calmmind\n>p2 move diamondstorm\n>p1 move judgment\n>p2 move bodypress\n>p2 switch 3\n>p1 move judgment\n>p2 move calmmind\n>p1 move judgment\n>p2 move recover\n>p2 switch 5\n>p1 move judgment\n>p2 move calmmind\n>p1 switch 3\n>p2 move wish\n>p1 move willowisp\n>p2 move protect\n>p1 move willowisp\n>p2 move calmmind\n>p1 move thunderbolt\n>p2 move calmmind\n>p1 move voltswitch\n>p2 move wish\n>p1 switch 2\n>p1 move stickyweb\n>p2 move calmmind\n>p1 move leechlife\n>p2 move calmmind\n>p1 move leechlife\n>p2 move wish\n>p1 move leechlife\n>p2 move calmmind\n>p1 move leechlife\n>p2 move wish\n>p1 move leechlife\n>p2 move scald\n>p1 move leechlife\n>p2 move scald\n>p1 switch 6\n>p1 move knockoff\n>p2 move wish\n>p1 move superpower\n>p2 move protect\n>p1 move superpower\n>p2 move scald\n>p1 switch 2\n>p1 move thunderbolt terastallize\n>p2 move wish\n>p1 move thunderbolt\n>p2 move protect\n>forcelose p1", "uploadtime": 1781463537, "views": 4, "formatid": "gen9randombattle", "rating": null, "private": 0, "password": null}