{"id": "gen9randombattle-2631767679", "format": "[Gen 9] Random Battle", "players": ["holy s m i t e", "THSupernova"], "log": "|badge|p1|bronze|gen9randombattle|100-9\n|uhtml|medal-msg|<div class=\"broadcast-blue\">Curious what those medals under the avatar are? PS now has Ladder Seasons! For more information, check out the <a href=\"https://www.smogon.com/forums/threads/3740067/\">thread on Smogon.</a></div>\n|j|\u2606holy s m i t e\n|j|\u2606THSupernova\n|t:|1781436523\n|gametype|singles\n|player|p1|holy s m i t e|265|2360\n|player|p2|THSupernova|bellelba|2208\n|gen|9\n|tier|[Gen 9] Random Battle\n|rated|\n|rule|Species Clause: Limit one of each Pok\u00e9mon\n|rule|HP Percentage Mod: HP is shown in percentages\n|rule|Sleep Clause Mod: Limit one foe put to sleep\n|rule|Illusion Level Mod: Illusion disguises the Pok\u00e9mon's true level\n|\n|t:|1781436523\n|teamsize|p1|6\n|teamsize|p2|6\n|start\n|switch|p1a: Pincurchin|Pincurchin, M|258/258\n|switch|p2a: Rhydon|Rhydon, L85, F|317/317\n|-fieldstart|move: Electric Terrain|[from] ability: Electric Surge|[of] p1a: Pincurchin\n|turn|1\n|inactive|Battle timer is ON: inactive players will automatically lose when time's up. (requested by holy s m i t e)\n|\n|t:|1781436538\n|switch|p1a: Groudon|Groudon, L72|263/263\n|-weather|SunnyDay|[from] ability: Drought|[of] p1a: Groudon\n|move|p2a: Rhydon|Stealth Rock|p1a: Groudon\n|-sidestart|p1: holy s m i t e|move: Stealth Rock\n|\n|-weather|SunnyDay|[upkeep]\n|upkeep\n|turn|2\n|\n|t:|1781436544\n|switch|p2a: Volbeat|Volbeat, L90, M|263/263\n|move|p1a: Groudon|Will-O-Wisp|p2a: Volbeat\n|-status|p2a: Volbeat|brn\n|\n|-weather|SunnyDay|[upkeep]\n|-damage|p2a: Volbeat|247/263 brn|[from] brn\n|upkeep\n|turn|3\n|\n|t:|1781436548\n|move|p2a: Volbeat|Encore|p1a: Groudon\n|-start|p1a: Groudon|Encore\n|move|p1a: Groudon|Will-O-Wisp|p2a: Volbeat\n|-fail|p2a: Volbeat|brn\n|\n|-weather|SunnyDay|[upkeep]\n|-damage|p2a: Volbeat|231/263 brn|[from] brn\n|upkeep\n|turn|4\n|\n|t:|1781436552\n|switch|p1a: Pincurchin|Pincurchin, M|258/258\n|-damage|p1a: Pincurchin|226/258|[from] Stealth Rock\n|move|p2a: Volbeat|Lunge|p1a: Pincurchin\n|-damage|p1a: Pincurchin|193/258\n|-unboost|p1a: Pincurchin|atk|1\n|\n|-weather|SunnyDay|[upkeep]\n|-heal|p1a: Pincurchin|209/258|[from] item: Leftovers\n|-damage|p2a: Volbeat|215/263 brn|[from] brn\n|upkeep\n|turn|5\n|\n|t:|1781436556\n|switch|p2a: Rhydon|Rhydon, L85, F|317/317\n|move|p1a: Pincurchin|Toxic Spikes|p2a: Rhydon\n|-sidestart|p2: THSupernova|move: Toxic Spikes\n|\n|-weather|none\n|-heal|p1a: Pincurchin|225/258|[from] item: Leftovers\n|-fieldend|move: Electric Terrain\n|upkeep\n|turn|6\n|\n|t:|1781436561\n|switch|p1a: Groudon|Groudon, L72|263/263\n|-damage|p1a: Groudon|247/263|[from] Stealth Rock\n|-weather|SunnyDay|[from] ability: Drought|[of] p1a: Groudon\n|move|p2a: Rhydon|Earthquake|p1a: Groudon\n|-damage|p1a: Groudon|130/263\n|\n|-weather|SunnyDay|[upkeep]\n|-heal|p1a: Groudon|146/263|[from] item: Leftovers\n|upkeep\n|turn|7\n|\n|t:|1781436569\n|move|p1a: Groudon|Spikes|p2a: Rhydon\n|-sidestart|p2: THSupernova|Spikes\n|move|p2a: Rhydon|Earthquake|p1a: Groudon\n|-damage|p1a: Groudon|38/263\n|\n|-weather|SunnyDay|[upkeep]\n|-heal|p1a: Groudon|54/263|[from] item: Leftovers\n|upkeep\n|turn|8\n|\n|t:|1781436577\n|switch|p2a: Mismagius|Mismagius, L86, M|243/243\n|move|p1a: Groudon|Will-O-Wisp|p2a: Mismagius\n|-status|p2a: Mismagius|brn\n|\n|-weather|SunnyDay|[upkeep]\n|-heal|p1a: Groudon|70/263|[from] item: Leftovers\n|-damage|p2a: Mismagius|228/243 brn|[from] brn\n|upkeep\n|turn|9\n|\n|t:|1781436585\n|switch|p1a: Ambipom|Ambipom, L84, F|263/263\n|-damage|p1a: Ambipom|231/263|[from] Stealth Rock\n|move|p2a: Mismagius|Shadow Ball|p1a: Ambipom\n|-immune|p1a: Ambipom\n|\n|-weather|SunnyDay|[upkeep]\n|-heal|p2a: Mismagius|243/243 brn|[from] item: Leftovers\n|-damage|p2a: Mismagius|228/243 brn|[from] brn\n|upkeep\n|turn|10\n|\n|t:|1781436591\n|switch|p2a: Volbeat|Volbeat, L90, M|215/263 brn\n|move|p1a: Ambipom|Knock Off|p2a: Volbeat\n|-damage|p2a: Volbeat|143/263 brn\n|-enditem|p2a: Volbeat|Heavy-Duty Boots|[from] move: Knock Off|[of] p1a: Ambipom\n|\n|-weather|none\n|-damage|p2a: Volbeat|127/263 brn|[from] brn\n|upkeep\n|turn|11\n|\n|t:|1781436598\n|switch|p1a: Pincurchin|Pincurchin, M|225/258\n|-damage|p1a: Pincurchin|193/258|[from] Stealth Rock\n|-fieldstart|move: Electric Terrain|[from] ability: Electric Surge|[of] p1a: Pincurchin\n|move|p2a: Volbeat|Roost|p2a: Volbeat\n|-heal|p2a: Volbeat|259/263 brn\n|-singleturn|p2a: Volbeat|move: Roost\n|\n|-heal|p1a: Pincurchin|209/258|[from] item: Leftovers\n|-damage|p2a: Volbeat|243/263 brn|[from] brn\n|upkeep\n|turn|12\n|\n|t:|1781436602\n|switch|p2a: Fezandipiti|Fezandipiti, L82, M|278/278\n|-sideend|p2: THSupernova|move: Toxic Spikes|[of] p2a: Fezandipiti\n|-damage|p2a: Fezandipiti|244/278|[from] Spikes\n|move|p1a: Pincurchin|Scald|p2a: Fezandipiti\n|-damage|p2a: Fezandipiti|189/278\n|-status|p2a: Fezandipiti|brn\n|\n|-heal|p2a: Fezandipiti|206/278 brn|[from] item: Leftovers\n|-heal|p1a: Pincurchin|225/258|[from] item: Leftovers\n|-damage|p2a: Fezandipiti|189/278 brn|[from] brn\n|upkeep\n|turn|13\n|j| DikkeBende\n|\n|t:|1781436609\n|move|p2a: Fezandipiti|Moonblast|p1a: Pincurchin\n|-damage|p1a: Pincurchin|161/258\n|-unboost|p1a: Pincurchin|spa|1\n|move|p1a: Pincurchin|Thunderbolt|p2a: Fezandipiti\n|-damage|p2a: Fezandipiti|105/278 brn\n|\n|-heal|p2a: Fezandipiti|122/278 brn|[from] item: Leftovers\n|-heal|p1a: Pincurchin|177/258|[from] item: Leftovers\n|-damage|p2a: Fezandipiti|105/278 brn|[from] brn\n|upkeep\n|turn|14\n|\n|t:|1781436617\n|switch|p1a: Kingdra|Kingdra, L84, M|263/263\n|-damage|p1a: Kingdra|231/263|[from] Stealth Rock\n|move|p2a: Fezandipiti|Roost|p2a: Fezandipiti\n|-heal|p2a: Fezandipiti|244/278 brn\n|-singleturn|p2a: Fezandipiti|move: Roost\n|\n|-heal|p2a: Fezandipiti|261/278 brn|[from] item: Leftovers\n|-damage|p2a: Fezandipiti|244/278 brn|[from] brn\n|upkeep\n|turn|15\n|\n|t:|1781436636\n|-terastallize|p1a: Kingdra|Water\n|move|p2a: Fezandipiti|Moonblast|p1a: Kingdra\n|-damage|p1a: Kingdra|165/263\n|-unboost|p1a: Kingdra|spa|1\n|move|p1a: Kingdra|Dragon Dance|p1a: Kingdra\n|-boost|p1a: Kingdra|atk|1\n|-boost|p1a: Kingdra|spe|1\n|\n|-heal|p2a: Fezandipiti|261/278 brn|[from] item: Leftovers\n|-damage|p2a: Fezandipiti|244/278 brn|[from] brn\n|-fieldend|move: Electric Terrain\n|upkeep\n|turn|16\n|\n|t:|1781436651\n|move|p1a: Kingdra|Wave Crash|p2a: Fezandipiti\n|-damage|p2a: Fezandipiti|0 fnt\n|faint|p2a: Fezandipiti\n|-damage|p1a: Kingdra|84/263|[from] Recoil\n|\n|upkeep\n|j| afdasfafafdsaf\n|l| afdasfafafdsaf\n|\n|t:|1781436666\n|switch|p2a: Pachirisu|Pachirisu, L96, M|271/271\n|turn|17\n|j| xmagic_7\n|j| Crinjal\n|inactive|holy s m i t e has 120 seconds left.\n|\n|t:|1781436702\n|move|p1a: Kingdra|Wave Crash|p2a: Pachirisu\n|-damage|p2a: Pachirisu|9/271\n|-damage|p1a: Kingdra|0 fnt|[from] Recoil\n|faint|p1a: Kingdra\n|move|p2a: Pachirisu|Discharge|p1: Kingdra|[notarget]\n|-fail|p2a: Pachirisu\n|\n|upkeep\n|l| Crinjal\n|\n|t:|1781436719\n|switch|p1a: Ambipom|Ambipom, L84, F|231/263\n|-damage|p1a: Ambipom|199/263|[from] Stealth Rock\n|turn|18\n|\n|t:|1781436723\n|move|p1a: Ambipom|Double-Edge|p2a: Pachirisu\n|-damage|p2a: Pachirisu|0 fnt\n|faint|p2a: Pachirisu\n|-damage|p1a: Ambipom|196/263|[from] Recoil\n|\n|upkeep\n|\n|t:|1781436729\n|switch|p2a: Rhydon|Rhydon, L85, F|317/317\n|-damage|p2a: Rhydon|278/317|[from] Spikes\n|turn|19\n|inactive|holy s m i t e has 120 seconds left.\n|\n|t:|1781436753\n|switch|p1a: Dunsparce|Dunsparce, L86, F|312/312\n|-damage|p1a: Dunsparce|273/312|[from] Stealth Rock\n|move|p2a: Rhydon|Earthquake|p1a: Dunsparce\n|-damage|p1a: Dunsparce|173/312\n|\n|upkeep\n|turn|20\n|\n|t:|1781436759\n|switch|p2a: Mismagius|Mismagius, L86, M|228/243 brn\n|move|p1a: Dunsparce|Roost|p1a: Dunsparce\n|-heal|p1a: Dunsparce|312/312\n|-singleturn|p1a: Dunsparce|move: Roost\n|\n|-heal|p2a: Mismagius|243/243 brn|[from] item: Leftovers\n|-damage|p2a: Mismagius|228/243 brn|[from] brn\n|upkeep\n|turn|21\n|inactive|holy s m i t e has 120 seconds left.\n|\n|t:|1781436771\n|switch|p1a: Ambipom|Ambipom, L84, F|196/263\n|-damage|p1a: Ambipom|164/263|[from] Stealth Rock\n|move|p2a: Mismagius|Substitute|p2a: Mismagius\n|-start|p2a: Mismagius|Substitute\n|-damage|p2a: Mismagius|168/243 brn\n|\n|-heal|p2a: Mismagius|183/243 brn|[from] item: Leftovers\n|-damage|p2a: Mismagius|168/243 brn|[from] brn\n|upkeep\n|turn|22\n|\n|t:|1781436775\n|move|p1a: Ambipom|Knock Off|p2a: Mismagius\n|-supereffective|p2a: Mismagius\n|-end|p2a: Mismagius|Substitute\n|move|p2a: Mismagius|Tera Blast|p1a: Ambipom\n|-damage|p1a: Ambipom|88/263\n|\n|-heal|p2a: Mismagius|183/243 brn|[from] item: Leftovers\n|-damage|p2a: Mismagius|168/243 brn|[from] brn\n|upkeep\n|turn|23\n|\n|t:|1781436782\n|switch|p2a: Volbeat|Volbeat, L90, M|243/263 brn\n|-damage|p2a: Volbeat|211/263 brn|[from] Spikes\n|move|p1a: Ambipom|Knock Off|p2a: Volbeat\n|-damage|p2a: Volbeat|160/263 brn\n|\n|-damage|p2a: Volbeat|144/263 brn|[from] brn\n|upkeep\n|turn|24\n|\n|t:|1781436786\n|switch|p1a: Pincurchin|Pincurchin, M|177/258\n|-damage|p1a: Pincurchin|145/258|[from] Stealth Rock\n|-fieldstart|move: Electric Terrain|[from] ability: Electric Surge|[of] p1a: Pincurchin\n|move|p2a: Volbeat|Lunge|p1a: Pincurchin\n|-damage|p1a: Pincurchin|112/258\n|-unboost|p1a: Pincurchin|atk|1\n|\n|-heal|p1a: Pincurchin|128/258|[from] item: Leftovers\n|-damage|p2a: Volbeat|128/263 brn|[from] brn\n|upkeep\n|turn|25\n|\n|t:|1781436794\n|switch|p2a: Ursaluna|Ursaluna, L79, F|335/335\n|-damage|p2a: Ursaluna|294/335|[from] Spikes\n|move|p1a: Pincurchin|Toxic Spikes|p2a: Ursaluna\n|-sidestart|p2: THSupernova|move: Toxic Spikes\n|\n|-heal|p1a: Pincurchin|144/258|[from] item: Leftovers\n|-status|p2a: Ursaluna|brn|[from] item: Flame Orb\n|upkeep\n|turn|26\n|\n|t:|1781436799\n|move|p2a: Ursaluna|Facade|p1a: Pincurchin\n|-damage|p1a: Pincurchin|0 fnt\n|faint|p1a: Pincurchin\n|\n|-damage|p2a: Ursaluna|274/335 brn|[from] brn\n|upkeep\n|j| doesitmatterreally\n|\n|t:|1781436819\n|switch|p1a: Dunsparce|Dunsparce, L86, F|312/312\n|-damage|p1a: Dunsparce|273/312|[from] Stealth Rock\n|turn|27\n|\n|t:|1781436822\n|move|p1a: Dunsparce|Coil|p1a: Dunsparce\n|-boost|p1a: Dunsparce|atk|1\n|-boost|p1a: Dunsparce|def|1\n|-boost|p1a: Dunsparce|accuracy|1\n|move|p2a: Ursaluna|Facade|p1a: Dunsparce\n|-damage|p1a: Dunsparce|134/312\n|\n|-damage|p2a: Ursaluna|254/335 brn|[from] brn\n|upkeep\n|turn|28\n|\n|t:|1781436828\n|move|p1a: Dunsparce|Roost|p1a: Dunsparce\n|-heal|p1a: Dunsparce|290/312\n|-singleturn|p1a: Dunsparce|move: Roost\n|move|p2a: Ursaluna|Swords Dance|p2a: Ursaluna\n|-boost|p2a: Ursaluna|atk|2\n|\n|-damage|p2a: Ursaluna|234/335 brn|[from] brn\n|-fieldend|move: Electric Terrain\n|upkeep\n|turn|29\n|\n|t:|1781436831\n|move|p1a: Dunsparce|Body Slam|p2a: Ursaluna\n|-damage|p2a: Ursaluna|140/335 brn\n|move|p2a: Ursaluna|Facade|p1a: Dunsparce\n|-damage|p1a: Dunsparce|31/312\n|\n|-damage|p2a: Ursaluna|120/335 brn|[from] brn\n|upkeep\n|turn|30\n|\n|t:|1781436836\n|move|p1a: Dunsparce|Body Slam|p2a: Ursaluna\n|-damage|p2a: Ursaluna|18/335 brn\n|move|p2a: Ursaluna|Facade|p1a: Dunsparce\n|-damage|p1a: Dunsparce|0 fnt\n|faint|p1a: Dunsparce\n|\n|-damage|p2a: Ursaluna|0 fnt|[from] brn\n|faint|p2a: Ursaluna\n|upkeep\n|\n|t:|1781436850\n|switch|p1a: Groudon|Groudon, L72|70/263\n|switch|p2a: Mismagius|Mismagius, L86, M|168/243 brn\n|-damage|p1a: Groudon|54/263|[from] Stealth Rock\n|-weather|SunnyDay|[from] ability: Drought|[of] p1a: Groudon\n|turn|31\n|\n|t:|1781436854\n|move|p2a: Mismagius|Shadow Ball|p1a: Groudon\n|-damage|p1a: Groudon|0 fnt\n|faint|p1a: Groudon\n|\n|-weather|SunnyDay|[upkeep]\n|-heal|p2a: Mismagius|183/243 brn|[from] item: Leftovers\n|-damage|p2a: Mismagius|168/243 brn|[from] brn\n|upkeep\n|\n|t:|1781436857\n|switch|p1a: Ambipom|Ambipom, L84, F|88/263\n|-damage|p1a: Ambipom|56/263|[from] Stealth Rock\n|turn|32\n|\n|t:|1781436872\n|switch|p2a: Volbeat|Volbeat, L90, M|128/263 brn\n|-damage|p2a: Volbeat|96/263 brn|[from] Spikes\n|move|p1a: Ambipom|Double-Edge|p2a: Volbeat\n|-damage|p2a: Volbeat|0 fnt\n|faint|p2a: Volbeat\n|-damage|p1a: Ambipom|24/263|[from] Recoil\n|\n|-weather|SunnyDay|[upkeep]\n|upkeep\n|\n|t:|1781436884\n|switch|p2a: Mismagius|Mismagius, L86, M|168/243 brn\n|turn|33\n|\n|t:|1781436890\n|move|p1a: Ambipom|Knock Off|p2a: Mismagius\n|-supereffective|p2a: Mismagius\n|-damage|p2a: Mismagius|0 fnt\n|-enditem|p2a: Mismagius|Leftovers|[from] move: Knock Off|[of] p1a: Ambipom\n|faint|p2a: Mismagius\n|\n|-weather|SunnyDay|[upkeep]\n|upkeep\n|\n|t:|1781436893\n|switch|p2a: Rhydon|Rhydon, L85, F|278/317\n|-damage|p2a: Rhydon|239/317|[from] Spikes\n|-status|p2a: Rhydon|psn\n|turn|34\n|\n|t:|1781436896\n|move|p1a: Ambipom|Knock Off|p2a: Rhydon\n|-damage|p2a: Rhydon|201/317 psn\n|-enditem|p2a: Rhydon|Eviolite|[from] move: Knock Off|[of] p1a: Ambipom\n|move|p2a: Rhydon|Earthquake|p1a: Ambipom\n|-damage|p1a: Ambipom|0 fnt\n|faint|p1a: Ambipom\n|\n|-weather|SunnyDay|[upkeep]\n|-damage|p2a: Rhydon|162/317 psn|[from] psn\n|upkeep\n|\n|t:|1781436901\n|switch|p1a: Urshifu|Urshifu-Rapid-Strike, L75, M|274/274\n|-damage|p1a: Urshifu|257/274|[from] Stealth Rock\n|turn|35\n|\n|t:|1781436923\n|-terastallize|p2a: Rhydon|Flying\n|move|p1a: Urshifu|Close Combat|p2a: Rhydon\n|-resisted|p2a: Rhydon\n|-damage|p2a: Rhydon|111/317 psn\n|-unboost|p1a: Urshifu|def|1\n|-unboost|p1a: Urshifu|spd|1\n|move|p2a: Rhydon|Earthquake|p1a: Urshifu\n|-damage|p1a: Urshifu|40/274\n|\n|-weather|none\n|-damage|p2a: Rhydon|72/317 psn|[from] psn\n|upkeep\n|turn|36\n|\n|t:|1781436940\n|move|p1a: Urshifu|Close Combat|p2a: Rhydon\n|-resisted|p2a: Rhydon\n|-damage|p2a: Rhydon|21/317 psn\n|-unboost|p1a: Urshifu|def|1\n|-unboost|p1a: Urshifu|spd|1\n|move|p2a: Rhydon|Earthquake|p1a: Urshifu\n|-damage|p1a: Urshifu|0 fnt\n|faint|p1a: Urshifu\n|\n|win|THSupernova\n", "inputlog": ">version a8376a258c1d4662feba110a92103f3664a72141\n>start {\"formatid\":\"gen9randombattle\",\"seed\":\"sodium,8da5e99f2887207a79aeca16e407e9fd\",\"rated\":\"Rated battle\"}\n>player p1 {\"name\":\"holy s m i t e\",\"avatar\":\"265\",\"rating\":2360,\"seed\":\"sodium,9a1ef5c804b4c7e21e0ee4b9fb2facb8\"}\n>player p2 {\"name\":\"THSupernova\",\"avatar\":\"bellelba\",\"rating\":2208,\"seed\":\"sodium,9c86dc8b4a0f12fecc7f253a98b61599\"}\n>p1 switch 5\n>p2 move stealthrock\n>p1 move willowisp\n>p2 switch 3\n>p1 move spikes\n>p2 move encore\n>p1 switch 5\n>p2 move lunge\n>p1 move toxicspikes\n>p2 switch 3\n>p1 switch 5\n>p2 move earthquake\n>p1 move spikes\n>p2 move earthquake\n>p1 move willowisp\n>p2 switch 5\n>p1 switch 6\n>p2 move shadowball\n>p1 move knockoff\n>p2 switch 3\n>p1 switch 5\n>p2 move roost\n>p1 move scald\n>p2 switch 2\n>p1 move thunderbolt\n>p2 move moonblast\n>p1 switch 2\n>p2 move roost\n>p1 move dragondance terastallize\n>p2 move moonblast\n>p1 move wavecrash\n>p2 move beatup\n>p2 switch 4\n>p1 move wavecrash\n>p2 move discharge\n>p1 switch 5\n>p1 move doubleedge\n>p2 move uturn\n>p2 switch 5\n>p1 switch 3\n>p2 move earthquake\n>p1 move roost\n>p2 switch 3\n>p1 switch 3\n>p2 move substitute\n>p1 move knockoff\n>p2 move terablast\n>p1 move knockoff\n>p2 switch 2\n>p1 switch 2\n>p2 move lunge\n>p1 move toxicspikes\n>p2 switch 6\n>p1 move scald\n>p2 move facade\n>p1 switch 3\n>p1 move coil\n>p2 move facade\n>p1 move roost\n>p2 move swordsdance\n>p1 move bodyslam\n>p2 move facade\n>p1 move bodyslam\n>p2 move facade\n>p1 switch 6\n>p2 switch 2\n>p1 move heatcrash\n>p2 move shadowball\n>p1 switch 2\n>p1 move doubleedge\n>p2 switch 6\n>p2 switch 6\n>p1 move knockoff\n>p2 move substitute\n>p2 switch 3\n>p1 move knockoff\n>p2 move earthquake\n>p1 switch 4\n>p1 move closecombat\n>p2 move earthquake terastallize\n>p1 move closecombat\n>p2 move earthquake", "uploadtime": 1781436524, "views": 6, "formatid": "gen9randombattle", "rating": null, "private": 0, "password": null}