{"id": "gen9randombattle-2631709251", "format": "[Gen 9] Random Battle", "players": ["randbatsluvr", "drop a draco nice"], "log": "|j|\u2606randbatsluvr\n|j|\u2606drop a draco nice\n|t:|1781426124\n|gametype|singles\n|player|p1|randbatsluvr|265|1343\n|player|p2|drop a draco nice|cynthia-gen4|1396\n|gen|9\n|tier|[Gen 9] Random Battle\n|rated|\n|rule|Species Clause: Limit one of each Pok\u00e9mon\n|rule|HP Percentage Mod: HP is shown in percentages\n|rule|Sleep Clause Mod: Limit one foe put to sleep\n|rule|Illusion Level Mod: Illusion disguises the Pok\u00e9mon's true level\n|\n|t:|1781426124\n|teamsize|p1|6\n|teamsize|p2|6\n|start\n|switch|p1a: Salamence|Salamence, L77, M|273/273\n|switch|p2a: Volbeat|Volbeat, L90, M|263/263\n|-ability|p1a: Salamence|Intimidate|boost\n|-unboost|p2a: Volbeat|atk|1\n|turn|1\n|inactive|Battle timer is ON: inactive players will automatically lose when time's up. (requested by randbatsluvr)\n|\n|t:|1781426139\n|move|p2a: Volbeat|Thunder Wave|p1a: Salamence\n|-status|p1a: Salamence|par\n|move|p1a: Salamence|Dual Wingbeat|p2a: Volbeat\n|-supereffective|p2a: Volbeat\n|-damage|p2a: Volbeat|155/263\n|-supereffective|p2a: Volbeat\n|-damage|p2a: Volbeat|51/263\n|-hitcount|p2a: Volbeat|2\n|\n|upkeep\n|turn|2\n|\n|t:|1781426147\n|switch|p2a: Empoleon|Empoleon, L84, F|278/278\n|move|p1a: Salamence|Dual Wingbeat|p2a: Empoleon\n|-resisted|p2a: Empoleon\n|-damage|p2a: Empoleon|256/278\n|-resisted|p2a: Empoleon\n|-damage|p2a: Empoleon|234/278\n|-hitcount|p2a: Empoleon|2\n|\n|-heal|p2a: Empoleon|251/278|[from] item: Leftovers\n|upkeep\n|turn|3\n|\n|t:|1781426154\n|switch|p1a: Sawsbuck|Sawsbuck, L88, M|284/284\n|move|p2a: Empoleon|Stealth Rock|p1a: Sawsbuck\n|-sidestart|p1: randbatsluvr|move: Stealth Rock\n|\n|-heal|p2a: Empoleon|268/278|[from] item: Leftovers\n|upkeep\n|turn|4\n|\n|t:|1781426160\n|-terastallize|p1a: Sawsbuck|Normal\n|move|p1a: Sawsbuck|High Horsepower|p2a: Empoleon\n|-supereffective|p2a: Empoleon\n|-damage|p2a: Empoleon|78/278\n|-damage|p1a: Sawsbuck|256/284|[from] item: Life Orb\n|move|p2a: Empoleon|Roar|p1a: Sawsbuck\n|drag|p1a: Calyrex|Calyrex-Shadow, L64|235/235\n|-ability|p1a: Calyrex|As One\n|-ability|p1a: Calyrex|Unnerve\n|-damage|p1a: Calyrex|206/235|[from] Stealth Rock\n|\n|-heal|p2a: Empoleon|95/278|[from] item: Leftovers\n|upkeep\n|turn|5\n|\n|t:|1781426173\n|move|p1a: Calyrex|Astral Barrage|p2a: Empoleon\n|-crit|p2a: Empoleon\n|-damage|p2a: Empoleon|0 fnt\n|faint|p2a: Empoleon\n|-ability|p1a: Calyrex|Grim Neigh|boost\n|-boost|p1a: Calyrex|spa|1\n|\n|upkeep\n|\n|t:|1781426175\n|switch|p2a: Volbeat|Volbeat, L90, M|51/263\n|turn|6\n|\n|t:|1781426178\n|move|p2a: Volbeat|Thunder Wave|p1a: Calyrex\n|-status|p1a: Calyrex|par\n|cant|p1a: Calyrex|par\n|\n|upkeep\n|turn|7\n|\n|t:|1781426188\n|switch|p2a: Ariados|Ariados, L95, M|287/287\n|move|p1a: Calyrex|Astral Barrage|p2a: Ariados\n|-damage|p2a: Ariados|10/287\n|\n|upkeep\n|turn|8\n|\n|t:|1781426198\n|switch|p1a: Sawsbuck|Sawsbuck, L88, M, tera:Normal|256/284\n|-damage|p1a: Sawsbuck|221/284|[from] Stealth Rock\n|move|p2a: Ariados|Sucker Punch||[still]\n|-fail|p2a: Ariados\n|\n|upkeep\n|turn|9\n|\n|t:|1781426205\n|move|p1a: Sawsbuck|Horn Leech|p2a: Ariados\n|-resisted|p2a: Ariados\n|-damage|p2a: Ariados|0 fnt\n|-heal|p1a: Sawsbuck|226/284|[from] drain|[of] p2a: Ariados\n|faint|p2a: Ariados\n|-damage|p1a: Sawsbuck|198/284|[from] item: Life Orb\n|\n|upkeep\n|\n|t:|1781426217\n|switch|p2a: Ho-Oh|Ho-Oh, L71|268/268\n|turn|10\n|\n|t:|1781426222\n|move|p1a: Sawsbuck|Headbutt|p2a: Ho-Oh\n|-damage|p2a: Ho-Oh|104/268\n|-damage|p1a: Sawsbuck|170/284|[from] item: Life Orb\n|cant|p2a: Ho-Oh|flinch\n|\n|upkeep\n|turn|11\n|\n|t:|1781426235\n|switch|p2a: Slowbro|Slowbro, L85, F|300/300\n|move|p1a: Sawsbuck|Headbutt|p2a: Slowbro\n|-damage|p2a: Slowbro|175/300\n|-damage|p1a: Sawsbuck|142/284|[from] item: Life Orb\n|\n|upkeep\n|turn|12\n|\n|t:|1781426240\n|-terastallize|p2a: Slowbro|Fairy\n|move|p1a: Sawsbuck|Horn Leech|p2a: Slowbro\n|-damage|p2a: Slowbro|80/300\n|-heal|p1a: Sawsbuck|190/284|[from] drain|[of] p2a: Slowbro\n|-damage|p1a: Sawsbuck|162/284|[from] item: Life Orb\n|move|p2a: Slowbro|Body Press|p1a: Sawsbuck\n|-supereffective|p1a: Sawsbuck\n|-damage|p1a: Sawsbuck|18/284\n|\n|upkeep\n|turn|13\n|\n|t:|1781426252\n|move|p1a: Sawsbuck|Headbutt|p2a: Slowbro\n|-damage|p2a: Slowbro|0 fnt\n|faint|p2a: Slowbro\n|-damage|p1a: Sawsbuck|0 fnt|[from] item: Life Orb\n|faint|p1a: Sawsbuck\n|\n|upkeep\n|\n|t:|1781426259\n|switch|p1a: Meganium|Meganium, L90, F|290/290\n|switch|p2a: Ho-Oh|Ho-Oh, L71|193/268\n|-damage|p1a: Meganium|254/290|[from] Stealth Rock\n|turn|14\n|\n|t:|1781426264\n|switch|p1a: Greninja|Greninja, L80, M|246/246\n|-damage|p1a: Greninja|216/246|[from] Stealth Rock\n|move|p2a: Ho-Oh|Sacred Fire|p1a: Greninja\n|-resisted|p1a: Greninja\n|-damage|p1a: Greninja|153/246\n|\n|upkeep\n|turn|15\n|\n|t:|1781426274\n|switch|p2a: Volbeat|Volbeat, L90, M|51/263\n|move|p1a: Greninja|Hydro Pump|p2a: Volbeat\n|-start|p1a: Greninja|typechange|Water|[from] ability: Protean\n|-damage|p2a: Volbeat|0 fnt\n|faint|p2a: Volbeat\n|-damage|p1a: Greninja|129/246|[from] item: Life Orb\n|\n|upkeep\n|\n|t:|1781426278\n|switch|p2a: Raichu|Raichu, L88, F|249/249\n|turn|16\n|\n|t:|1781426284\n|switch|p1a: Meganium|Meganium, L90, F|254/290\n|-damage|p1a: Meganium|218/290|[from] Stealth Rock\n|move|p2a: Raichu|Thunderbolt|p1a: Meganium\n|-resisted|p1a: Meganium\n|-damage|p1a: Meganium|173/290\n|\n|-heal|p1a: Meganium|191/290|[from] item: Leftovers\n|upkeep\n|turn|17\n|\n|t:|1781426291\n|move|p2a: Raichu|Volt Switch|p1a: Meganium\n|-resisted|p1a: Meganium\n|-damage|p1a: Meganium|161/290\n|\n|t:|1781426293\n|switch|p2a: Ho-Oh|Ho-Oh, L71|268/268|[from] Volt Switch\n|move|p1a: Meganium|Knock Off|p2a: Ho-Oh\n|-damage|p2a: Ho-Oh|184/268\n|-enditem|p2a: Ho-Oh|Heavy-Duty Boots|[from] move: Knock Off|[of] p1a: Meganium\n|\n|-heal|p1a: Meganium|179/290|[from] item: Leftovers\n|upkeep\n|turn|18\n|\n|t:|1781426297\n|switch|p1a: Pecharunt|Pecharunt, L77|262/262\n|-damage|p1a: Pecharunt|230/262|[from] Stealth Rock\n|move|p2a: Ho-Oh|Sacred Fire|p1a: Pecharunt\n|-damage|p1a: Pecharunt|160/262\n|-status|p1a: Pecharunt|brn\n|\n|-heal|p1a: Pecharunt|176/262 brn|[from] item: Leftovers\n|-damage|p1a: Pecharunt|160/262 brn|[from] brn\n|upkeep\n|turn|19\n|\n|t:|1781426307\n|move|p1a: Pecharunt|Malignant Chain|p2a: Ho-Oh\n|-damage|p2a: Ho-Oh|123/268\n|-status|p2a: Ho-Oh|tox\n|-start|p2a: Ho-Oh|confusion|[from] ability: Poison Puppeteer|[of] p1a: Pecharunt\n|-activate|p2a: Ho-Oh|confusion\n|move|p2a: Ho-Oh|Earthquake|p1a: Pecharunt\n|-supereffective|p1a: Pecharunt\n|-damage|p1a: Pecharunt|68/262 brn\n|\n|-heal|p1a: Pecharunt|84/262 brn|[from] item: Leftovers\n|-damage|p2a: Ho-Oh|107/268 tox|[from] psn\n|-damage|p1a: Pecharunt|68/262 brn|[from] brn\n|upkeep\n|turn|20\n|\n|t:|1781426317\n|switch|p1a: Salamence|Salamence, L77, M|273/273 par\n|-ability|p1a: Salamence|Intimidate|boost\n|-unboost|p2a: Ho-Oh|atk|1\n|switch|p2a: Raichu|Raichu, L88, F|249/249\n|\n|upkeep\n|turn|21\n|\n|t:|1781426323\n|move|p2a: Raichu|Thunderbolt|p1a: Salamence\n|-damage|p1a: Salamence|162/273 par\n|cant|p1a: Salamence|par\n|\n|upkeep\n|turn|22\n|\n|t:|1781426332\n|switch|p1a: Meganium|Meganium, L90, F|179/290\n|-damage|p1a: Meganium|143/290|[from] Stealth Rock\n|move|p2a: Raichu|Thunderbolt|p1a: Meganium\n|-resisted|p1a: Meganium\n|-damage|p1a: Meganium|104/290\n|\n|-heal|p1a: Meganium|122/290|[from] item: Leftovers\n|upkeep\n|turn|23\n|\n|t:|1781426342\n|move|p2a: Raichu|Volt Switch|p1a: Meganium\n|-resisted|p1a: Meganium\n|-damage|p1a: Meganium|92/290\n|\n|t:|1781426344\n|switch|p2a: Ho-Oh|Ho-Oh, L71|196/268 tox|[from] Volt Switch\n|move|p1a: Meganium|Knock Off|p2a: Ho-Oh\n|-damage|p2a: Ho-Oh|137/268 tox\n|\n|-heal|p1a: Meganium|110/290|[from] item: Leftovers\n|-damage|p2a: Ho-Oh|121/268 tox|[from] psn\n|upkeep\n|turn|24\n|\n|t:|1781426350\n|switch|p1a: Salamence|Salamence, L77, M|162/273 par\n|-ability|p1a: Salamence|Intimidate|boost\n|-unboost|p2a: Ho-Oh|atk|1\n|move|p2a: Ho-Oh|Sacred Fire|p1a: Salamence\n|-resisted|p1a: Salamence\n|-damage|p1a: Salamence|124/273 par\n|\n|-damage|p2a: Ho-Oh|89/268 tox|[from] psn\n|upkeep\n|turn|25\n|\n|t:|1781426355\n|switch|p2a: Raichu|Raichu, L88, F|249/249\n|cant|p1a: Salamence|par\n|\n|upkeep\n|turn|26\n|\n|t:|1781426363\n|switch|p1a: Meganium|Meganium, L90, F|110/290\n|-damage|p1a: Meganium|74/290|[from] Stealth Rock\n|move|p2a: Raichu|Volt Switch|p1a: Meganium\n|-resisted|p1a: Meganium\n|-damage|p1a: Meganium|42/290\n|\n|t:|1781426368\n|switch|p2a: Ho-Oh|Ho-Oh, L71|178/268 tox|[from] Volt Switch\n|\n|-heal|p1a: Meganium|60/290|[from] item: Leftovers\n|-damage|p2a: Ho-Oh|162/268 tox|[from] psn\n|upkeep\n|turn|27\n|\n|t:|1781426375\n|move|p1a: Meganium|Knock Off|p2a: Ho-Oh\n|-damage|p2a: Ho-Oh|107/268 tox\n|move|p2a: Ho-Oh|Brave Bird|p1a: Meganium\n|-supereffective|p1a: Meganium\n|-damage|p1a: Meganium|0 fnt\n|faint|p1a: Meganium\n|-damage|p2a: Ho-Oh|87/268 tox|[from] Recoil\n|\n|-damage|p2a: Ho-Oh|55/268 tox|[from] psn\n|upkeep\n|\n|t:|1781426375\n|switch|p1a: Calyrex|Calyrex-Shadow, L64|206/235 par\n|-ability|p1a: Calyrex|As One\n|-ability|p1a: Calyrex|Unnerve\n|-damage|p1a: Calyrex|177/235 par|[from] Stealth Rock\n|turn|28\n|\n|t:|1781426379\n|switch|p2a: Raichu|Raichu, L88, F|249/249\n|move|p1a: Calyrex|Psyshock|p2a: Raichu\n|-damage|p2a: Raichu|107/249\n|\n|upkeep\n|turn|29\n|\n|t:|1781426382\n|move|p2a: Raichu|Knock Off|p1a: Calyrex\n|-supereffective|p1a: Calyrex\n|-damage|p1a: Calyrex|0 fnt\n|-enditem|p1a: Calyrex|Choice Specs|[from] move: Knock Off|[of] p2a: Raichu\n|faint|p1a: Calyrex\n|\n|upkeep\n|\n|t:|1781426383\n|switch|p1a: Salamence|Salamence, L77, M|124/273 par\n|-ability|p1a: Salamence|Intimidate|boost\n|-unboost|p2a: Raichu|atk|1\n|turn|30\n|\n|t:|1781426387\n|move|p2a: Raichu|Volt Switch|p1a: Salamence\n|-damage|p1a: Salamence|36/273 par\n|\n|t:|1781426388\n|switch|p2a: Ho-Oh|Ho-Oh, L71|144/268 tox|[from] Volt Switch\n|move|p1a: Salamence|Earthquake|p2a: Ho-Oh\n|-immune|p2a: Ho-Oh\n|\n|-damage|p2a: Ho-Oh|128/268 tox|[from] psn\n|upkeep\n|turn|31\n|\n|t:|1781426393\n|move|p2a: Ho-Oh|Recover|p2a: Ho-Oh\n|-heal|p2a: Ho-Oh|262/268 tox\n|move|p1a: Salamence|Outrage|p2a: Ho-Oh\n|-damage|p2a: Ho-Oh|115/268 tox\n|\n|-damage|p2a: Ho-Oh|83/268 tox|[from] psn\n|upkeep\n|turn|32\n|\n|t:|1781426399\n|move|p2a: Ho-Oh|Brave Bird|p1a: Salamence\n|-damage|p1a: Salamence|0 fnt\n|faint|p1a: Salamence\n|-damage|p2a: Ho-Oh|71/268 tox|[from] Recoil\n|\n|-damage|p2a: Ho-Oh|23/268 tox|[from] psn\n|upkeep\n|\n|t:|1781426400\n|switch|p1a: Greninja|Greninja, L80, M|129/246\n|-damage|p1a: Greninja|99/246|[from] Stealth Rock\n|turn|33\n|\n|t:|1781426421\n|move|p1a: Greninja|Dark Pulse|p2a: Ho-Oh\n|-start|p1a: Greninja|typechange|Dark|[from] ability: Protean\n|-damage|p2a: Ho-Oh|0 fnt\n|faint|p2a: Ho-Oh\n|-damage|p1a: Greninja|75/246|[from] item: Life Orb\n|\n|upkeep\n|\n|t:|1781426422\n|switch|p2a: Raichu|Raichu, L88, F|107/249\n|turn|34\n|\n|t:|1781426425\n|move|p2a: Raichu|Thunderbolt|p1a: Greninja\n|-damage|p1a: Greninja|0 fnt\n|faint|p1a: Greninja\n|\n|upkeep\n|\n|t:|1781426426\n|switch|p1a: Pecharunt|Pecharunt, L77|68/262 brn\n|-damage|p1a: Pecharunt|36/262 brn|[from] Stealth Rock\n|turn|35\n|\n|t:|1781426429\n|move|p2a: Raichu|Thunderbolt|p1a: Pecharunt\n|-damage|p1a: Pecharunt|0 fnt\n|faint|p1a: Pecharunt\n|\n|win|drop a draco nice\n|raw|randbatsluvr's rating: 1345 &rarr; <strong>1328</strong><br />(-17 for losing)\n|raw|drop a draco nice's rating: 1396 &rarr; <strong>1413</strong><br />(+17 for winning)\n|l|\u2606randbatsluvr\n|player|p1|\n", "inputlog": ">version a8376a258c1d4662feba110a92103f3664a72141\n>start {\"formatid\":\"gen9randombattle\",\"seed\":\"sodium,4f8f735c65e5978d25f84c4a4d088d11\",\"rated\":\"Rated battle\"}\n>player p1 {\"name\":\"randbatsluvr\",\"avatar\":\"265\",\"rating\":1343,\"seed\":\"sodium,e4d9f096115932cb5f03e534c0f208ff\"}\n>player p2 {\"name\":\"drop a draco nice\",\"avatar\":\"cynthia-gen4\",\"rating\":1396,\"seed\":\"sodium,020da396735819156650744c77482bcf\"}\n>p1 move dualwingbeat\n>p2 move thunderwave\n>p1 move dualwingbeat\n>p2 switch 5\n>p1 switch 6\n>p2 move stealthrock\n>p1 move highhorsepower terastallize\n>p2 move roar\n>p1 move astralbarrage\n>p2 move surf\n>p2 switch 5\n>p1 move astralbarrage\n>p2 move thunderwave\n>p1 move astralbarrage\n>p2 switch 6\n>p1 switch 5\n>p2 move suckerpunch\n>p1 move hornleech\n>p2 move stickyweb\n>p2 switch 2\n>p1 move headbutt\n>p2 move sacredfire\n>p1 move headbutt\n>p2 switch 3\n>p1 move hornleech\n>p2 move bodypress terastallize\n>p1 move headbutt\n>p2 move futuresight\n>p1 switch 3\n>p2 switch 3\n>p1 switch 4\n>p2 move sacredfire\n>p1 move hydropump\n>p2 switch 6\n>p2 switch 4\n>p1 switch 4\n>p2 move thunderbolt\n>p1 move knockoff\n>p2 move voltswitch\n>p2 switch 6\n>p1 switch 2\n>p2 move sacredfire\n>p1 move malignantchain\n>p2 move earthquake\n>p1 switch 6\n>p2 switch 6\n>p1 move outrage\n>p2 move thunderbolt\n>p1 switch 2\n>p2 move thunderbolt\n>p1 move knockoff\n>p2 move voltswitch\n>p2 switch 6\n>p1 switch 2\n>p2 move sacredfire\n>p1 move outrage\n>p2 switch 6\n>p1 switch 2\n>p2 move voltswitch\n>p2 switch 6\n>p1 move knockoff\n>p2 move bravebird\n>p1 switch 5\n>p1 move psyshock\n>p2 switch 6\n>p1 move psyshock\n>p2 move knockoff\n>p1 switch 2\n>p1 move earthquake\n>p2 move voltswitch\n>p2 switch 6\n>p1 move outrage\n>p2 move recover\n>p1 move outrage\n>p2 move bravebird\n>p1 switch 4\n>p1 move darkpulse\n>p2 move bravebird\n>p2 switch 6\n>p1 move uturn\n>p2 move thunderbolt\n>p1 switch 6\n>p1 move malignantchain\n>p2 move thunderbolt", "uploadtime": 1781426442, "views": 9, "formatid": "gen9randombattle", "rating": 1328, "private": 0, "password": null}