{"id": "gen9randombattle-2631532517", "format": "[Gen 9] Random Battle", "players": ["etetete", "Thunderbird227"], "log": "|j|\u2606etetete\n|j|\u2606Thunderbird227\n|t:|1781397543\n|gametype|singles\n|player|p1|etetete|170|2043\n|player|p2|Thunderbird227|n|2056\n|gen|9\n|tier|[Gen 9] Random Battle\n|rated|\n|rule|Species Clause: Limit one of each Pok\u00e9mon\n|rule|HP Percentage Mod: HP is shown in percentages\n|rule|Sleep Clause Mod: Limit one foe put to sleep\n|rule|Illusion Level Mod: Illusion disguises the Pok\u00e9mon's true level\n|\n|t:|1781397543\n|teamsize|p1|6\n|teamsize|p2|6\n|start\n|switch|p1a: Ogerpon|Ogerpon-Hearthflame, L74, F|239/239\n|switch|p2a: Stonjourner|Stonjourner, L91, M|330/330\n|-ability|p1a: Ogerpon|Mold Breaker\n|turn|1\n|inactive|Battle timer is ON: inactive players will automatically lose when time's up. (requested by Thunderbird227)\n|inactive|Thunderbird227 has 120 seconds left.\n|\n|t:|1781397578\n|switch|p2a: Overqwil|Overqwil, L82, F|274/274\n|-ability|p2a: Overqwil|Intimidate|boost\n|-unboost|p1a: Ogerpon|atk|1\n|move|p1a: Ogerpon|Power Whip|p2a: Overqwil\n|-resisted|p2a: Overqwil\n|-damage|p2a: Overqwil|229/274\n|\n|upkeep\n|turn|2\n|\n|t:|1781397589\n|switch|p1a: Lumineon|Lumineon, L93, F|279/279\n|move|p2a: Overqwil|Swords Dance|p2a: Overqwil\n|-boost|p2a: Overqwil|atk|2\n|\n|upkeep\n|turn|3\n|\n|t:|1781397595\n|switch|p2a: Regice|Regice, L88|284/284\n|move|p1a: Lumineon|Encore||[still]\n|-fail|p1a: Lumineon\n|\n|upkeep\n|turn|4\n|\n|t:|1781397601\n|move|p1a: Lumineon|U-turn|p2a: Regice\n|-damage|p2a: Regice|243/284\n|\n|t:|1781397602\n|switch|p1a: Uxie|Uxie, L83|260/260|[from] U-turn\n|move|p2a: Regice|Thunder Wave|p1a: Uxie\n|-status|p1a: Uxie|par\n|\n|upkeep\n|turn|5\n|\n|t:|1781397613\n|switch|p2a: Overqwil|Overqwil, L82, F|229/274\n|-ability|p2a: Overqwil|Intimidate|boost\n|-unboost|p1a: Uxie|atk|1\n|move|p1a: Uxie|Stealth Rock|p2a: Overqwil\n|-sidestart|p2: Thunderbird227|move: Stealth Rock\n|\n|upkeep\n|turn|6\n|\n|t:|1781397620\n|move|p2a: Overqwil|Crunch|p1a: Uxie\n|-supereffective|p1a: Uxie\n|-damage|p1a: Uxie|126/260 par\n|move|p1a: Uxie|U-turn|p2a: Overqwil\n|-damage|p2a: Overqwil|202/274\n|\n|t:|1781397625\n|switch|p1a: Lumineon|Lumineon, L93, F|279/279|[from] U-turn\n|\n|upkeep\n|turn|7\n|\n|t:|1781397647\n|switch|p2a: Regice|Regice, L88|243/284\n|move|p1a: Lumineon|U-turn|p2a: Regice\n|-damage|p2a: Regice|204/284\n|\n|t:|1781397650\n|switch|p1a: Hitmonchan|Hitmonchan, L87, M|229/229|[from] U-turn\n|\n|upkeep\n|turn|8\n|\n|t:|1781397658\n|switch|p2a: Overqwil|Overqwil, L82, F|202/274\n|-damage|p2a: Overqwil|168/274|[from] Stealth Rock\n|-ability|p2a: Overqwil|Intimidate|boost\n|-unboost|p1a: Hitmonchan|atk|1\n|move|p1a: Hitmonchan|Swords Dance|p1a: Hitmonchan\n|-boost|p1a: Hitmonchan|atk|2\n|\n|upkeep\n|turn|9\n|\n|t:|1781397663\n|move|p2a: Overqwil|Scale Shot|p1a: Hitmonchan\n|-damage|p1a: Hitmonchan|208/229\n|-damage|p1a: Hitmonchan|188/229\n|-damage|p1a: Hitmonchan|166/229\n|-damage|p1a: Hitmonchan|144/229\n|-damage|p1a: Hitmonchan|124/229\n|-hitcount|p1a: Hitmonchan|5\n|-unboost|p2a: Overqwil|def|1\n|-boost|p2a: Overqwil|spe|1\n|move|p1a: Hitmonchan|Drain Punch|p2a: Overqwil\n|-crit|p2a: Overqwil\n|-damage|p2a: Overqwil|0 fnt\n|-heal|p1a: Hitmonchan|208/229|[from] drain|[of] p2a: Overqwil\n|faint|p2a: Overqwil\n|-damage|p1a: Hitmonchan|186/229|[from] item: Life Orb\n|\n|upkeep\n|\n|t:|1781397680\n|switch|p2a: Corviknight|Corviknight, L80, M|288/288\n|-damage|p2a: Corviknight|252/288|[from] Stealth Rock\n|-ability|p2a: Corviknight|Pressure\n|turn|10\n|\n|t:|1781397697\n|switch|p1a: Uxie|Uxie, L83|126/260 par\n|move|p2a: Corviknight|Brave Bird|p1a: Uxie\n|-damage|p1a: Uxie|48/260 par\n|-damage|p2a: Corviknight|226/288|[from] Recoil\n|\n|-heal|p1a: Uxie|64/260 par|[from] item: Leftovers\n|upkeep\n|turn|11\n|\n|t:|1781397702\n|move|p2a: Corviknight|Defog|p1a: Uxie\n|-unboost|p1a: Uxie|evasion|1\n|-sideend|p2: Thunderbird227|Stealth Rock|[from] move: Defog|[of] p2a: Corviknight\n|move|p1a: Uxie|U-turn|p2a: Corviknight\n|-resisted|p2a: Corviknight\n|-damage|p2a: Corviknight|217/288\n|-damage|p1a: Uxie|21/260 par|[from] item: Rocky Helmet|[of] p2a: Corviknight\n|\n|t:|1781397705\n|switch|p1a: Skeledirge|Skeledirge, L79, M|294/294|[from] U-turn\n|\n|upkeep\n|turn|12\n|\n|t:|1781397709\n|switch|p2a: Ludicolo|Ludicolo, L90, M|290/290\n|move|p1a: Skeledirge|Will-O-Wisp|p2a: Ludicolo|[miss]\n|-miss|p1a: Skeledirge|p2a: Ludicolo\n|\n|upkeep\n|turn|13\n|\n|t:|1781397716\n|switch|p1a: Uxie|Uxie, L83|21/260 par\n|move|p2a: Ludicolo|Giga Drain|p1a: Uxie\n|-damage|p1a: Uxie|0 fnt\n|faint|p1a: Uxie\n|\n|upkeep\n|\n|t:|1781397722\n|switch|p1a: Skeledirge|Skeledirge, L79, M|294/294\n|turn|14\n|\n|t:|1781397724\n|switch|p2a: Stonjourner|Stonjourner, L91, M|330/330\n|move|p1a: Skeledirge|Will-O-Wisp|p2a: Stonjourner\n|-status|p2a: Stonjourner|brn\n|\n|-damage|p2a: Stonjourner|310/330 brn|[from] brn\n|upkeep\n|turn|15\n|\n|t:|1781397731\n|move|p2a: Stonjourner|Stealth Rock|p1a: Skeledirge\n|-sidestart|p1: etetete|move: Stealth Rock\n|move|p1a: Skeledirge|Hex|p2a: Stonjourner\n|-damage|p2a: Stonjourner|4/330 brn\n|\n|-damage|p2a: Stonjourner|0 fnt|[from] brn\n|faint|p2a: Stonjourner\n|upkeep\n|\n|t:|1781397739\n|switch|p2a: Ludicolo|Ludicolo, L90, M|290/290\n|turn|16\n|\n|t:|1781397749\n|switch|p1a: Lumineon|Lumineon, L93, F|279/279\n|move|p2a: Ludicolo|Hydro Pump|p1a: Lumineon\n|-ability|p1a: Lumineon|Storm Drain|boost\n|-boost|p1a: Lumineon|spa|1\n|\n|upkeep\n|turn|17\n|\n|t:|1781397753\n|switch|p2a: Regice|Regice, L88|204/284\n|move|p1a: Lumineon|U-turn|p2a: Regice\n|-damage|p2a: Regice|162/284\n|\n|t:|1781397755\n|switch|p1a: Hitmonchan|Hitmonchan, L87, M|186/229|[from] U-turn\n|-damage|p1a: Hitmonchan|172/229|[from] Stealth Rock\n|\n|upkeep\n|turn|18\n|\n|t:|1781397767\n|switch|p1a: Skeledirge|Skeledirge, L79, M|294/294\n|move|p2a: Regice|Thunder Wave|p1a: Skeledirge\n|-status|p1a: Skeledirge|par\n|\n|upkeep\n|turn|19\n|\n|t:|1781397771\n|switch|p2a: Ludicolo|Ludicolo, L90, M|290/290\n|cant|p1a: Skeledirge|par\n|\n|upkeep\n|turn|20\n|\n|t:|1781397781\n|move|p2a: Ludicolo|Leaf Storm|p1a: Skeledirge\n|-resisted|p1a: Skeledirge\n|-damage|p1a: Skeledirge|165/294 par\n|-unboost|p2a: Ludicolo|spa|2\n|move|p1a: Skeledirge|Will-O-Wisp|p2a: Ludicolo\n|-status|p2a: Ludicolo|brn\n|\n|-damage|p2a: Ludicolo|272/290 brn|[from] brn\n|upkeep\n|turn|21\n|\n|t:|1781397785\n|switch|p2a: Regice|Regice, L88|162/284\n|move|p1a: Skeledirge|Will-O-Wisp|p2a: Regice\n|-status|p2a: Regice|brn\n|\n|-damage|p2a: Regice|145/284 brn|[from] brn\n|upkeep\n|turn|22\n|\n|t:|1781397794\n|move|p2a: Regice|Thunderbolt|p1a: Skeledirge\n|-damage|p1a: Skeledirge|83/294 par\n|cant|p1a: Skeledirge|par\n|\n|-damage|p2a: Regice|128/284 brn|[from] brn\n|upkeep\n|turn|23\n|\n|t:|1781397798\n|switch|p1a: Hitmonchan|Hitmonchan, L87, M|172/229\n|-damage|p1a: Hitmonchan|158/229|[from] Stealth Rock\n|move|p2a: Regice|Thunderbolt|p1a: Hitmonchan\n|-damage|p1a: Hitmonchan|104/229\n|-status|p1a: Hitmonchan|par\n|\n|-damage|p2a: Regice|111/284 brn|[from] brn\n|upkeep\n|turn|24\n|\n|t:|1781397806\n|switch|p2a: Corviknight|Corviknight, L80, M|217/288\n|-ability|p2a: Corviknight|Pressure\n|move|p1a: Hitmonchan|Drain Punch|p2a: Corviknight\n|-damage|p2a: Corviknight|99/288\n|-heal|p1a: Hitmonchan|163/229 par|[from] drain|[of] p2a: Corviknight\n|-damage|p1a: Hitmonchan|125/229 par|[from] item: Rocky Helmet|[of] p2a: Corviknight\n|-damage|p1a: Hitmonchan|103/229 par|[from] item: Life Orb\n|\n|upkeep\n|turn|25\n|\n|t:|1781397811\n|move|p2a: Corviknight|Roost|p2a: Corviknight\n|-heal|p2a: Corviknight|243/288\n|-singleturn|p2a: Corviknight|move: Roost\n|move|p1a: Hitmonchan|Drain Punch|p2a: Corviknight\n|-supereffective|p2a: Corviknight\n|-damage|p2a: Corviknight|0 fnt\n|-heal|p1a: Hitmonchan|225/229 par|[from] drain|[of] p2a: Corviknight\n|-damage|p1a: Hitmonchan|187/229 par|[from] item: Rocky Helmet|[of] p2a: Corviknight\n|faint|p2a: Corviknight\n|-damage|p1a: Hitmonchan|165/229 par|[from] item: Life Orb\n|\n|upkeep\n|inactive|Thunderbird227 has 120 seconds left.\n|\n|t:|1781397842\n|switch|p2a: Ludicolo|Ludicolo, L90, M|272/290 brn\n|turn|26\n|\n|t:|1781397849\n|switch|p1a: Skeledirge|Skeledirge, L79, M|83/294 par\n|move|p2a: Ludicolo|Leaf Storm|p1a: Skeledirge\n|-resisted|p1a: Skeledirge\n|-damage|p1a: Skeledirge|0 fnt\n|-unboost|p2a: Ludicolo|spa|2\n|faint|p1a: Skeledirge\n|\n|-damage|p2a: Ludicolo|254/290 brn|[from] brn\n|upkeep\n|\n|t:|1781397853\n|switch|p1a: Espathra|Espathra, L80, M|283/283\n|-damage|p1a: Espathra|248/283|[from] Stealth Rock\n|turn|27\n|\n|t:|1781397855\n|switch|p2a: Regice|Regice, L88|111/284 brn\n|move|p1a: Espathra|Calm Mind|p1a: Espathra\n|-boost|p1a: Espathra|spa|1\n|-boost|p1a: Espathra|spd|1\n|\n|-heal|p1a: Espathra|265/283|[from] item: Leftovers\n|-damage|p2a: Regice|94/284 brn|[from] brn\n|-ability|p1a: Espathra|Speed Boost|boost\n|-boost|p1a: Espathra|spe|1\n|upkeep\n|turn|28\n|\n|t:|1781397858\n|move|p1a: Espathra|Substitute|p1a: Espathra\n|-start|p1a: Espathra|Substitute\n|-damage|p1a: Espathra|195/283\n|move|p2a: Regice|Thunder Wave||[still]\n|-fail|p2a: Regice\n|\n|-heal|p1a: Espathra|212/283|[from] item: Leftovers\n|-damage|p2a: Regice|77/284 brn|[from] brn\n|-ability|p1a: Espathra|Speed Boost|boost\n|-boost|p1a: Espathra|spe|1\n|upkeep\n|turn|29\n|\n|t:|1781397860\n|move|p1a: Espathra|Calm Mind|p1a: Espathra\n|-boost|p1a: Espathra|spa|1\n|-boost|p1a: Espathra|spd|1\n|move|p2a: Regice|Thunderbolt|p1a: Espathra\n|-activate|p1a: Espathra|move: Substitute|[damage]\n|\n|-heal|p1a: Espathra|229/283|[from] item: Leftovers\n|-damage|p2a: Regice|60/284 brn|[from] brn\n|-ability|p1a: Espathra|Speed Boost|boost\n|-boost|p1a: Espathra|spe|1\n|upkeep\n|turn|30\n|\n|t:|1781397862\n|move|p1a: Espathra|Calm Mind|p1a: Espathra\n|-boost|p1a: Espathra|spa|1\n|-boost|p1a: Espathra|spd|1\n|move|p2a: Regice|Ice Beam|p1a: Espathra\n|-end|p1a: Espathra|Substitute\n|\n|-heal|p1a: Espathra|246/283|[from] item: Leftovers\n|-damage|p2a: Regice|43/284 brn|[from] brn\n|-ability|p1a: Espathra|Speed Boost|boost\n|-boost|p1a: Espathra|spe|1\n|upkeep\n|turn|31\n|\n|t:|1781397867\n|move|p1a: Espathra|Substitute|p1a: Espathra\n|-start|p1a: Espathra|Substitute\n|-damage|p1a: Espathra|176/283\n|move|p2a: Regice|Ice Beam|p1a: Espathra\n|-activate|p1a: Espathra|move: Substitute|[damage]\n|\n|-heal|p1a: Espathra|193/283|[from] item: Leftovers\n|-damage|p2a: Regice|26/284 brn|[from] brn\n|-ability|p1a: Espathra|Speed Boost|boost\n|-boost|p1a: Espathra|spe|1\n|upkeep\n|turn|32\n|-message|Thunderbird227 forfeited.\n|\n|win|etetete\n", "inputlog": ">version a8376a258c1d4662feba110a92103f3664a72141\n>start {\"formatid\":\"gen9randombattle\",\"seed\":\"sodium,1b13ee427c8c063037b47ca8c4a7413b\",\"rated\":\"Rated battle\"}\n>player p1 {\"name\":\"etetete\",\"avatar\":\"170\",\"rating\":2043,\"seed\":\"sodium,d2e43c54307e4c82ff088e0e821474fe\"}\n>player p2 {\"name\":\"Thunderbird227\",\"avatar\":\"n\",\"rating\":2056,\"seed\":\"sodium,2c1d189ddd2e16be7ff27556b4c8284d\"}\n>p1 move powerwhip\n>p2 switch 6\n>p1 switch 6\n>p2 move swordsdance\n>p1 move encore\n>p2 switch 2\n>p1 move uturn\n>p2 move thunderwave\n>p1 switch 2\n>p1 move stealthrock\n>p2 switch 2\n>p1 move uturn\n>p2 move crunch\n>p1 switch 2\n>p1 move uturn\n>p2 switch 2\n>p1 switch 3\n>p1 move swordsdance\n>p2 switch 2\n>p1 move drainpunch\n>p2 move scaleshot\n>p2 switch 4\n>p1 switch 2\n>p2 move bravebird\n>p1 move uturn\n>p2 move defog\n>p1 switch 4\n>p1 move willowisp\n>p2 switch 5\n>p1 switch 4\n>p2 move gigadrain\n>p1 switch 4\n>p1 move willowisp\n>p2 switch 6\n>p1 move hex\n>p2 move stealthrock\n>p2 switch 6\n>p1 switch 3\n>p2 move hydropump\n>p1 move uturn\n>p2 switch 2\n>p1 switch 2\n>p1 switch 3\n>p2 move thunderwave\n>p1 move willowisp\n>p2 switch 2\n>p1 move willowisp\n>p2 move leafstorm\n>p1 move willowisp\n>p2 switch 2\n>p1 move slackoff\n>p2 move thunderbolt\n>p1 switch 3\n>p2 move thunderbolt\n>p1 move drainpunch\n>p2 switch 5\n>p1 move drainpunch\n>p2 move roost\n>p2 switch 2\n>p1 switch 3\n>p2 move leafstorm\n>p1 switch 5\n>p1 move calmmind\n>p2 switch 5\n>p1 move substitute\n>p2 move thunderwave\n>p1 move calmmind\n>p2 move thunderbolt\n>p1 move calmmind\n>p2 move icebeam\n>p1 move substitute\n>p2 move icebeam\n>forcelose p2", "uploadtime": 1781397545, "views": 5, "formatid": "gen9randombattle", "rating": null, "private": 0, "password": null}