{"id": "gen9randombattle-2631584630", "format": "[Gen 9] Random Battle", "players": ["laper3", "Javieyau"], "log": "|j|\u2606laper3\n|j|\u2606Javieyau\n|t:|1781404720\n|gametype|singles\n|player|p1|laper3|unknown|1196\n|player|p2|Javieyau|170|1201\n|gen|9\n|tier|[Gen 9] Random Battle\n|rated|\n|rule|Species Clause: Limit one of each Pok\u00e9mon\n|rule|HP Percentage Mod: HP is shown in percentages\n|rule|Sleep Clause Mod: Limit one foe put to sleep\n|rule|Illusion Level Mod: Illusion disguises the Pok\u00e9mon's true level\n|\n|t:|1781404720\n|teamsize|p1|6\n|teamsize|p2|6\n|start\n|switch|p1a: Palkia|Palkia, L75|259/259\n|switch|p2a: Banette|Banette, L93, M|270/270\n|-ability|p1a: Palkia|Pressure\n|turn|1\n|\n|t:|1781404743\n|move|p1a: Palkia|Hydro Pump|p2a: Banette\n|-damage|p2a: Banette|126/270\n|move|p2a: Banette|Thunder Wave|p1a: Palkia|[miss]\n|-miss|p2a: Banette|p1a: Palkia\n|\n|upkeep\n|turn|2\n|inactive|Battle timer is ON: inactive players will automatically lose when time's up. (requested by Javieyau)\n|\n|t:|1781404773\n|switch|p1a: Great Tusk|Great Tusk, L77|304/304\n|move|p2a: Banette|Thunder Wave|p1a: Great Tusk\n|-immune|p1a: Great Tusk\n|\n|upkeep\n|turn|3\n|inactive|laper3 has 120 seconds left.\n|\n|t:|1781404816\n|move|p1a: Great Tusk|Stone Edge|p2a: Banette\n|-damage|p2a: Banette|35/270\n|move|p2a: Banette|Poltergeist|p1a: Great Tusk\n|-activate|p1a: Great Tusk|move: Poltergeist|Assault Vest\n|-damage|p1a: Great Tusk|144/304\n|-damage|p2a: Banette|8/270|[from] item: Life Orb\n|\n|upkeep\n|turn|4\n|\n|t:|1781404837\n|move|p2a: Banette|Shadow Sneak|p1a: Great Tusk\n|-damage|p1a: Great Tusk|76/304\n|-damage|p2a: Banette|0 fnt|[from] item: Life Orb\n|faint|p2a: Banette\n|move|p1a: Great Tusk|Headlong Rush|p2: Banette|[notarget]\n|-fail|p1a: Great Tusk\n|\n|upkeep\n|\n|t:|1781404862\n|switch|p2a: Necrozma|Necrozma, L80|286/286\n|turn|5\n|\n|t:|1781404876\n|move|p1a: Great Tusk|Headlong Rush|p2a: Necrozma\n|-damage|p2a: Necrozma|150/286\n|-unboost|p1a: Great Tusk|def|1\n|-unboost|p1a: Great Tusk|spd|1\n|move|p2a: Necrozma|Calm Mind|p2a: Necrozma\n|-boost|p2a: Necrozma|spa|1\n|-boost|p2a: Necrozma|spd|1\n|\n|-heal|p2a: Necrozma|167/286|[from] item: Leftovers\n|upkeep\n|turn|6\n|\n|t:|1781404884\n|move|p1a: Great Tusk|Headlong Rush|p2a: Necrozma\n|-damage|p2a: Necrozma|31/286\n|-unboost|p1a: Great Tusk|def|1\n|-unboost|p1a: Great Tusk|spd|1\n|move|p2a: Necrozma|Moonlight|p2a: Necrozma\n|-heal|p2a: Necrozma|174/286\n|\n|-heal|p2a: Necrozma|191/286|[from] item: Leftovers\n|upkeep\n|turn|7\n|\n|t:|1781404889\n|move|p1a: Great Tusk|Headlong Rush|p2a: Necrozma\n|-damage|p2a: Necrozma|56/286\n|-unboost|p1a: Great Tusk|def|1\n|-unboost|p1a: Great Tusk|spd|1\n|move|p2a: Necrozma|Moonlight|p2a: Necrozma\n|-heal|p2a: Necrozma|199/286\n|\n|-heal|p2a: Necrozma|216/286|[from] item: Leftovers\n|upkeep\n|turn|8\n|\n|t:|1781404894\n|move|p1a: Great Tusk|Headlong Rush|p2a: Necrozma\n|-damage|p2a: Necrozma|99/286\n|-unboost|p1a: Great Tusk|def|1\n|-unboost|p1a: Great Tusk|spd|1\n|move|p2a: Necrozma|Photon Geyser|p1a: Great Tusk\n|-supereffective|p1a: Great Tusk\n|-damage|p1a: Great Tusk|0 fnt\n|faint|p1a: Great Tusk\n|-end|p1a: Great Tusk|Protosynthesis|[silent]\n|\n|-heal|p2a: Necrozma|116/286|[from] item: Leftovers\n|upkeep\n|inactive|laper3 has 120 seconds left.\n|\n|t:|1781404905\n|switch|p1a: Grafaiai|Grafaiai, L86, M|249/249\n|turn|9\n|\n|t:|1781404910\n|move|p1a: Grafaiai|Knock Off|p2a: Necrozma\n|-supereffective|p2a: Necrozma\n|-damage|p2a: Necrozma|0 fnt\n|-enditem|p2a: Necrozma|Leftovers|[from] move: Knock Off|[of] p1a: Grafaiai\n|faint|p2a: Necrozma\n|-damage|p1a: Grafaiai|225/249|[from] item: Life Orb\n|\n|upkeep\n|\n|t:|1781404925\n|switch|p2a: Smeargle|Smeargle, L95, F|258/258\n|turn|10\n|\n|t:|1781404932\n|move|p1a: Grafaiai|Low Kick|p2a: Smeargle\n|-supereffective|p2a: Smeargle\n|-damage|p2a: Smeargle|24/258\n|-status|p2a: Smeargle|psn|[from] ability: Poison Touch|[of] p1a: Grafaiai\n|-damage|p1a: Grafaiai|201/249|[from] item: Life Orb\n|move|p2a: Smeargle|Spore|p1a: Grafaiai\n|-status|p1a: Grafaiai|slp|[from] move: Spore\n|\n|-damage|p2a: Smeargle|0 fnt|[from] psn\n|faint|p2a: Smeargle\n|upkeep\n|c|\u2606Javieyau|fuck yyyoou\n|\n|t:|1781404944\n|switch|p2a: Ursaring|Ursaring, L84, M|288/288\n|turn|11\n|c|\u2606laper3|chill\n|\n|t:|1781404952\n|cant|p1a: Grafaiai|slp\n|move|p2a: Ursaring|Swords Dance|p2a: Ursaring\n|-boost|p2a: Ursaring|atk|2\n|\n|-status|p2a: Ursaring|tox|[from] item: Toxic Orb\n|upkeep\n|turn|12\n|\n|t:|1781404960\n|cant|p1a: Grafaiai|slp\n|move|p2a: Ursaring|Facade|p1a: Grafaiai\n|-damage|p1a: Grafaiai|0 fnt\n|faint|p1a: Grafaiai\n|\n|-damage|p2a: Ursaring|270/288 tox|[from] psn\n|upkeep\n|inactive|laper3 has 120 seconds left.\n|c|\u2606laper3|!dt ursaring\n|c|\u2606laper3|/raw <div class=\"message\"><ul class=\"utilichart\"><li class=\"result\"><span class=\"col numcol\">NFE</span> <span class=\"col iconcol\"><psicon pokemon=\"ursaring\"/></span> <span class=\"col pokemonnamecol\" style=\"white-space:nowrap\"><a href=\"https://dex.pokemonshowdown.com/pokemon/ursaring\" target=\"_blank\">Ursaring</a></span> <span class=\"col typecol\"><img src=\"https://play.pokemonshowdown.com/sprites/types/Normal.png\" alt=\"Normal\" height=\"14\" width=\"32\"></span> <span style=\"float:left;min-height:26px\"><span class=\"col twoabilitycol\">Guts<br />Quick Feet</span><span class=\"col abilitycol\"><em>Unnerve</em></span></span><span style=\"float:left;min-height:26px\"><span class=\"col statcol\"><em>HP</em><br />90</span> <span class=\"col statcol\"><em>Atk</em><br />130</span> <span class=\"col statcol\"><em>Def</em><br />75</span> <span class=\"col statcol\"><em>SpA</em><br />75</span> <span class=\"col statcol\"><em>SpD</em><br />75</span> <span class=\"col statcol\"><em>Spe</em><br />55</span> <span class=\"col bstcol\"><em>BST<br />500</em></span> </span></li><li style=\"clear:both\"></li></ul></div>\n|c|\u2606laper3|/raw <font size=\"1\"><font color=\"#686868\">Dex#:</font> 217&nbsp;|&ThickSpace;<font color=\"#686868\">Gen:</font> 2&nbsp;|&ThickSpace;<font color=\"#686868\">Height:</font> 1.8 m&nbsp;|&ThickSpace;<font color=\"#686868\">Weight:</font> 125.8 kg <em>(100 BP)</em>&nbsp;|&ThickSpace;<font color=\"#686868\">Dex Colour:</font> Brown&nbsp;|&ThickSpace;<font color=\"#686868\">Egg Group(s):</font> Field&nbsp;|&ThickSpace;<font color=\"#686868\">Pre-Evolution:</font> Teddiursa&nbsp;|&ThickSpace;<font color=\"#686868\">Evolution:</font> Ursaluna (Peat Block when there's a full moon)</font>\n\n|\n|t:|1781405004\n|switch|p1a: Palkia|Palkia, L75|259/259\n|-ability|p1a: Palkia|Pressure\n|turn|13\n|inactive|Javieyau has 120 seconds left.\n|l|\u2606Javieyau\n|inactive|Javieyau disconnected and has a minute to reconnect!\n|player|p2|\n|inactive|Javieyau has 30 seconds to reconnect!\n|inactive|Javieyau has 20 seconds to reconnect!\n|j|\u2606Javieyau\n|inactive|Javieyau reconnected and has 60 seconds left.\n|player|p2|Javieyau|170|\n|\n|t:|1781405100\n|-terastallize|p1a: Palkia|Dragon\n|move|p1a: Palkia|Draco Meteor|p2a: Ursaring\n|-damage|p2a: Ursaring|30/288 tox\n|-unboost|p1a: Palkia|spa|2\n|move|p2a: Ursaring|Facade|p1a: Palkia\n|-damage|p1a: Palkia|0 fnt\n|faint|p1a: Palkia\n|\n|-damage|p2a: Ursaring|0 fnt|[from] psn\n|faint|p2a: Ursaring\n|upkeep\n|c|\u2606Javieyau|never going to the goddamn toilet\n|inactive|laper3 has 90 seconds left.\n|c|\u2606laper3|lol\n|\n|t:|1781405136\n|switch|p1a: Skuntank|Skuntank, L84, M|310/310\n|switch|p2a: Decidueye|Decidueye, L88, M|281/281\n|turn|14\n|\n|t:|1781405155\n|move|p1a: Skuntank|Knock Off|p2a: Decidueye\n|-supereffective|p2a: Decidueye\n|-damage|p2a: Decidueye|71/281\n|-enditem|p2a: Decidueye|Heavy-Duty Boots|[from] move: Knock Off|[of] p1a: Skuntank\n|move|p2a: Decidueye|U-turn|p1a: Skuntank\n|-damage|p1a: Skuntank|240/310\n|\n|t:|1781405159\n|switch|p2a: Plusle|Plusle, L95, F|268/268|[from] U-turn\n|\n|upkeep\n|turn|15\n|\n|t:|1781405173\n|move|p2a: Plusle|Nasty Plot|p2a: Plusle\n|-boost|p2a: Plusle|spa|2\n|move|p1a: Skuntank|Gunk Shot|p2a: Plusle\n|-damage|p2a: Plusle|78/268\n|-status|p2a: Plusle|psn\n|\n|-damage|p2a: Plusle|45/268 psn|[from] psn\n|upkeep\n|turn|16\n|inactive|Javieyau has 60 seconds left.\n|c|\u2606Javieyau|game just bates me today\n|\n|t:|1781405199\n|move|p1a: Skuntank|Sucker Punch|p2a: Plusle\n|-damage|p2a: Plusle|0 fnt\n|faint|p2a: Plusle\n|\n|upkeep\n|c|\u2606laper3|so many poisons\n|\n|t:|1781405202\n|switch|p2a: Decidueye|Decidueye, L88, M|71/281\n|turn|17\n|\n|t:|1781405206\n|-terastallize|p2a: Decidueye|Ghost\n|move|p1a: Skuntank|Fire Blast|p2a: Decidueye\n|-damage|p2a: Decidueye|18/281\n|move|p2a: Decidueye|Roost|p2a: Decidueye\n|-heal|p2a: Decidueye|159/281\n|\n|upkeep\n|turn|18\n|\n|t:|1781405213\n|move|p1a: Skuntank|Knock Off|p2a: Decidueye\n|-supereffective|p2a: Decidueye\n|-damage|p2a: Decidueye|3/281\n|move|p2a: Decidueye|Roost|p2a: Decidueye\n|-heal|p2a: Decidueye|144/281\n|\n|upkeep\n|turn|19\n|\n|t:|1781405219\n|move|p1a: Skuntank|Gunk Shot|p2a: Decidueye\n|-resisted|p2a: Decidueye\n|-damage|p2a: Decidueye|76/281\n|move|p2a: Decidueye|Roost|p2a: Decidueye\n|-heal|p2a: Decidueye|217/281\n|\n|upkeep\n|turn|20\n|\n|t:|1781405226\n|move|p1a: Skuntank|Gunk Shot|p2a: Decidueye\n|-resisted|p2a: Decidueye\n|-damage|p2a: Decidueye|149/281\n|move|p2a: Decidueye|Roost|p2a: Decidueye\n|-heal|p2a: Decidueye|281/281\n|\n|upkeep\n|turn|21\n|\n|t:|1781405235\n|move|p1a: Skuntank|Gunk Shot|p2a: Decidueye\n|-resisted|p2a: Decidueye\n|-damage|p2a: Decidueye|215/281\n|move|p2a: Decidueye|Spirit Shackle|p1a: Skuntank\n|-resisted|p1a: Skuntank\n|-damage|p1a: Skuntank|160/310\n|-activate|p1a: Skuntank|trapped\n|\n|upkeep\n|turn|22\n|\n|t:|1781405240\n|move|p1a: Skuntank|Gunk Shot|p2a: Decidueye|[miss]\n|-miss|p1a: Skuntank|p2a: Decidueye\n|move|p2a: Decidueye|Spirit Shackle|p1a: Skuntank\n|-resisted|p1a: Skuntank\n|-damage|p1a: Skuntank|82/310\n|\n|upkeep\n|turn|23\n|\n|t:|1781405245\n|move|p1a: Skuntank|Gunk Shot|p2a: Decidueye\n|-resisted|p2a: Decidueye\n|-damage|p2a: Decidueye|145/281\n|-status|p2a: Decidueye|psn\n|move|p2a: Decidueye|Spirit Shackle|p1a: Skuntank\n|-resisted|p1a: Skuntank\n|-damage|p1a: Skuntank|5/310\n|\n|-damage|p2a: Decidueye|110/281 psn|[from] psn\n|upkeep\n|turn|24\n|c|\u2606Javieyau|im  ooked\n|c|\u2606Javieyau|cooked\n|\n|t:|1781405250\n|move|p1a: Skuntank|Sucker Punch|p2a: Decidueye\n|-supereffective|p2a: Decidueye\n|-damage|p2a: Decidueye|0 fnt\n|faint|p2a: Decidueye\n|\n|win|laper3\n", "inputlog": ">version a8376a258c1d4662feba110a92103f3664a72141\n>start {\"formatid\":\"gen9randombattle\",\"seed\":\"sodium,0afb1740252de337d8a3e6670c66bbc2\",\"rated\":\"Rated battle\"}\n>player p1 {\"name\":\"laper3\",\"avatar\":\"unknown\",\"rating\":1196,\"seed\":\"sodium,226051381a78661b256101f53c63a314\"}\n>player p2 {\"name\":\"Javieyau\",\"avatar\":\"170\",\"rating\":1201,\"seed\":\"sodium,0790a07dbcf409f9a205662ecdaaef84\"}\n>p1 move hydropump\n>p2 move thunderwave\n>p1 switch 6\n>p2 move thunderwave\n>p1 move stoneedge\n>p2 move poltergeist\n>p1 move headlongrush\n>p2 move shadowsneak\n>p2 switch 4\n>p1 move headlongrush\n>p2 move calmmind\n>p1 move headlongrush\n>p2 move moonlight\n>p1 move headlongrush\n>p2 move moonlight\n>p1 move headlongrush\n>p2 move photongeyser\n>p1 switch 4\n>p1 move knockoff\n>p2 move photongeyser\n>p2 switch 6\n>p1 move lowkick\n>p2 move spore\n>chat \u2606Javieyau|fuck yyyoou\n>p2 switch 2\n>chat \u2606laper3|chill\n>p1 move lowkick\n>p2 move swordsdance\n>p1 move lowkick\n>p2 move facade\n>chat \u2606laper3|!dt ursaring\n>p1 switch 6\n>p1 move dracometeor terastallize\n>p2 move facade\n>chat \u2606Javieyau|never going to the goddamn toilet\n>chat \u2606laper3|lol\n>p1 switch 3\n>p2 switch 5\n>p1 move knockoff\n>p2 move uturn\n>p2 switch 3\n>p1 move gunkshot\n>p2 move nastyplot\n>chat \u2606Javieyau|game just bates me today\n>p1 move suckerpunch\n>p2 move thunderbolt\n>chat \u2606laper3|so many poisons \n>p2 switch 3\n>p1 move fireblast\n>p2 move roost terastallize\n>p1 move knockoff\n>p2 move roost\n>p1 move gunkshot\n>p2 move roost\n>p1 move gunkshot\n>p2 move roost\n>p1 move gunkshot\n>p2 move spiritshackle\n>p1 move gunkshot\n>p2 move spiritshackle\n>p1 move gunkshot\n>p2 move spiritshackle\n>chat \u2606Javieyau|im  ooked\n>chat \u2606Javieyau|cooked\n>p1 move suckerpunch\n>p2 move spiritshackle", "uploadtime": 1781404940, "views": 5, "formatid": "gen9randombattle", "rating": null, "private": 0, "password": null}