{"id": "gen9randombattle-2631409073", "format": "[Gen 9] Random Battle", "players": ["XZ_LuxShadow", "CTCIsMyDad"], "log": "|j|\u2606XZ_LuxShadow\n|j|\u2606CTCIsMyDad\n|t:|1781381148\n|gametype|singles\n|player|p1|XZ_LuxShadow|102|1446\n|player|p2|CTCIsMyDad|1|1478\n|gen|9\n|tier|[Gen 9] Random Battle\n|rated|\n|rule|Species Clause: Limit one of each Pok\u00e9mon\n|rule|HP Percentage Mod: HP is shown in percentages\n|rule|Sleep Clause Mod: Limit one foe put to sleep\n|rule|Illusion Level Mod: Illusion disguises the Pok\u00e9mon's true level\n|\n|t:|1781381148\n|teamsize|p1|6\n|teamsize|p2|6\n|start\n|switch|p1a: Haxorus|Haxorus, L77, M|244/244\n|switch|p2a: Brambleghast|Brambleghast, L88, F|240/240\n|-ability|p1a: Haxorus|Mold Breaker\n|turn|1\n|inactive|Battle timer is ON: inactive players will automatically lose when time's up. (requested by XZ_LuxShadow)\n|\n|t:|1781381162\n|switch|p2a: Alcremie|Alcremie-Mint-Cream, L90, F|263/263\n|move|p1a: Haxorus|Dragon Dance|p1a: Haxorus\n|-boost|p1a: Haxorus|atk|1\n|-boost|p1a: Haxorus|spe|1\n|\n|upkeep\n|turn|2\n|\n|t:|1781381167\n|-terastallize|p1a: Haxorus|Steel\n|move|p1a: Haxorus|Dragon Dance|p1a: Haxorus\n|-boost|p1a: Haxorus|atk|1\n|-boost|p1a: Haxorus|spe|1\n|move|p2a: Alcremie|Alluring Voice|p1a: Haxorus\n|-resisted|p1a: Haxorus\n|-damage|p1a: Haxorus|181/244\n|-start|p1a: Haxorus|confusion\n|-enditem|p1a: Haxorus|Lum Berry|[eat]\n|-end|p1a: Haxorus|confusion\n|\n|upkeep\n|turn|3\n|\n|t:|1781381189\n|switch|p2a: Malamar|Malamar, L82, M|275/275\n|move|p1a: Haxorus|Iron Head|p2a: Malamar\n|-damage|p2a: Malamar|67/275\n|\n|upkeep\n|turn|4\n|\n|t:|1781381194\n|move|p1a: Haxorus|Iron Head|p2a: Malamar\n|-damage|p2a: Malamar|0 fnt\n|faint|p2a: Malamar\n|\n|upkeep\n|\n|t:|1781381203\n|switch|p2a: Alcremie|Alcremie-Mint-Cream, L90, F|263/263\n|turn|5\n|\n|t:|1781381208\n|-terastallize|p2a: Alcremie|Ground\n|move|p1a: Haxorus|Iron Head|p2a: Alcremie\n|-damage|p2a: Alcremie|40/263\n|move|p2a: Alcremie|Tera Blast|p1a: Haxorus|[anim] Tera Blast Ground\n|-supereffective|p1a: Haxorus\n|-damage|p1a: Haxorus|0 fnt\n|faint|p1a: Haxorus\n|\n|-heal|p2a: Alcremie|56/263|[from] item: Leftovers\n|upkeep\n|\n|t:|1781381212\n|switch|p1a: Munkidori|Munkidori, L79, M|269/269\n|turn|6\n|\n|t:|1781381216\n|move|p1a: Munkidori|Fake Out|p2a: Alcremie\n|-damage|p2a: Alcremie|34/263\n|-status|p2a: Alcremie|tox|[from] ability: Toxic Chain|[of] p1a: Munkidori\n|cant|p2a: Alcremie|flinch\n|\n|-heal|p2a: Alcremie|50/263 tox|[from] item: Leftovers\n|-damage|p2a: Alcremie|34/263 tox|[from] psn\n|upkeep\n|turn|7\n|\n|t:|1781381226\n|move|p1a: Munkidori|Psychic Noise|p2a: Alcremie\n|-damage|p2a: Alcremie|0 fnt\n|faint|p2a: Alcremie\n|\n|upkeep\n|\n|t:|1781381240\n|switch|p2a: Brambleghast|Brambleghast, L88, F|240/240\n|turn|8\n|\n|t:|1781381245\n|move|p1a: Munkidori|U-turn|p2a: Brambleghast\n|-damage|p2a: Brambleghast|200/240\n|\n|t:|1781381254\n|switch|p1a: Hoopa|Hoopa-Unbound, L80|259/259|[from] U-turn\n|move|p2a: Brambleghast|Poltergeist|p1a: Hoopa\n|-activate|p1a: Hoopa|move: Poltergeist|Choice Band\n|-damage|p1a: Hoopa|60/259\n|\n|upkeep\n|turn|9\n|\n|t:|1781381263\n|move|p2a: Brambleghast|Poltergeist|p1a: Hoopa\n|-activate|p1a: Hoopa|move: Poltergeist|Choice Band\n|-damage|p1a: Hoopa|0 fnt\n|faint|p1a: Hoopa\n|\n|upkeep\n|\n|t:|1781381266\n|switch|p1a: Jumpluff|Jumpluff, L87, M|271/271\n|turn|10\n|\n|t:|1781381271\n|move|p1a: Jumpluff|Encore|p2a: Brambleghast\n|-start|p2a: Brambleghast|Encore\n|move|p2a: Brambleghast|Poltergeist||[still]\n|-fail|p2a: Brambleghast\n|\n|upkeep\n|turn|11\n|\n|t:|1781381283\n|switch|p2a: Dragalge|Dragalge, L88, F|258/258\n|move|p1a: Jumpluff|Acrobatics|p2a: Dragalge\n|-damage|p2a: Dragalge|180/258\n|\n|-heal|p2a: Dragalge|196/258|[from] item: Leftovers\n|upkeep\n|turn|12\n|\n|t:|1781381290\n|move|p1a: Jumpluff|U-turn|p2a: Dragalge\n|-resisted|p2a: Dragalge\n|-damage|p2a: Dragalge|181/258\n|\n|t:|1781381293\n|switch|p1a: Munkidori|Munkidori, L79, M|269/269|[from] U-turn\n|move|p2a: Dragalge|Sludge Wave|p1a: Munkidori\n|-resisted|p1a: Munkidori\n|-damage|p1a: Munkidori|212/269\n|\n|-heal|p2a: Dragalge|197/258|[from] item: Leftovers\n|upkeep\n|turn|13\n|\n|t:|1781381302\n|switch|p2a: Brambleghast|Brambleghast, L88, F|200/240\n|move|p1a: Munkidori|Psychic Noise|p2a: Brambleghast\n|-damage|p2a: Brambleghast|94/240\n|-start|p2a: Brambleghast|move: Heal Block\n|\n|upkeep\n|turn|14\n|\n|t:|1781381311\n|move|p1a: Munkidori|Sludge Wave|p2a: Brambleghast\n|-damage|p2a: Brambleghast|0 fnt\n|faint|p2a: Brambleghast\n|\n|upkeep\n|\n|t:|1781381318\n|switch|p2a: Dragalge|Dragalge, L88, F|197/258\n|turn|15\n|\n|t:|1781381331\n|move|p1a: Munkidori|Psychic Noise|p2a: Dragalge\n|-supereffective|p2a: Dragalge\n|-damage|p2a: Dragalge|69/258\n|-start|p2a: Dragalge|move: Heal Block\n|move|p2a: Dragalge|Draco Meteor|p1a: Munkidori\n|-damage|p1a: Munkidori|78/269\n|-unboost|p2a: Dragalge|spa|2\n|\n|upkeep\n|turn|16\n|\n|t:|1781381339\n|move|p1a: Munkidori|Psychic Noise|p2a: Dragalge\n|-supereffective|p2a: Dragalge\n|-damage|p2a: Dragalge|0 fnt\n|faint|p2a: Dragalge\n|\n|upkeep\n|\n|t:|1781381344\n|switch|p2a: Ninetales|Ninetales-Alola, L78, M|242/242\n|-weather|Snowscape|[from] ability: Snow Warning|[of] p2a: Ninetales\n|turn|17\n|\n|t:|1781381352\n|move|p2a: Ninetales|Blizzard|p1a: Munkidori\n|-damage|p1a: Munkidori|15/269\n|move|p1a: Munkidori|Sludge Wave|p2a: Ninetales\n|-supereffective|p2a: Ninetales\n|-damage|p2a: Ninetales|6/242\n|\n|-weather|Snowscape|[upkeep]\n|upkeep\n|turn|18\n|\n|t:|1781381357\n|switch|p1a: Cloyster|Cloyster, L80, M|211/211\n|move|p2a: Ninetales|Blizzard|p1a: Cloyster\n|-resisted|p1a: Cloyster\n|-damage|p1a: Cloyster|177/211\n|\n|-weather|Snowscape|[upkeep]\n|upkeep\n|turn|19\n|\n|t:|1781381364\n|move|p2a: Ninetales|Aurora Veil|p2a: Ninetales\n|-sidestart|p2: CTCIsMyDad|move: Aurora Veil\n|move|p1a: Cloyster|Shell Smash|p1a: Cloyster\n|-unboost|p1a: Cloyster|def|1\n|-unboost|p1a: Cloyster|spd|1\n|-boost|p1a: Cloyster|atk|2\n|-boost|p1a: Cloyster|spa|2\n|-boost|p1a: Cloyster|spe|2\n|-enditem|p1a: Cloyster|White Herb\n|-clearnegativeboost|p1a: Cloyster|[silent]\n|\n|-weather|Snowscape|[upkeep]\n|upkeep\n|turn|20\n|\n|t:|1781381371\n|move|p1a: Cloyster|Icicle Spear|p2a: Ninetales\n|-resisted|p2a: Ninetales\n|-damage|p2a: Ninetales|0 fnt\n|faint|p2a: Ninetales\n|-hitcount|p2: Ninetales|1\n|\n|-weather|Snowscape|[upkeep]\n|upkeep\n|\n|t:|1781381373\n|switch|p2a: Dipplin|Dipplin, L88, M|284/284\n|turn|21\n|\n|t:|1781381379\n|move|p1a: Cloyster|Icicle Spear|p2a: Dipplin\n|-supereffective|p2a: Dipplin\n|-damage|p2a: Dipplin|228/284\n|-supereffective|p2a: Dipplin\n|-damage|p2a: Dipplin|178/284\n|-supereffective|p2a: Dipplin\n|-damage|p2a: Dipplin|128/284\n|-supereffective|p2a: Dipplin\n|-damage|p2a: Dipplin|74/284\n|-supereffective|p2a: Dipplin\n|-damage|p2a: Dipplin|20/284\n|-hitcount|p2a: Dipplin|5\n|move|p2a: Dipplin|Giga Drain|p1a: Cloyster\n|-supereffective|p1a: Cloyster\n|-damage|p1a: Cloyster|0 fnt\n|-heal|p2a: Dipplin|109/284|[from] drain|[of] p1a: Cloyster\n|faint|p1a: Cloyster\n|\n|-weather|none\n|upkeep\n|\n|t:|1781381391\n|switch|p1a: Munkidori|Munkidori, L79, M|15/269\n|turn|22\n|\n|t:|1781381393\n|move|p1a: Munkidori|Fake Out|p2a: Dipplin\n|-damage|p2a: Dipplin|103/284\n|cant|p2a: Dipplin|flinch\n|\n|upkeep\n|turn|23\n|c|\u2606XZ_LuxShadow|gg\n|\n|t:|1781381400\n|move|p2a: Dipplin|Sucker Punch|p1a: Munkidori\n|-supereffective|p1a: Munkidori\n|-damage|p1a: Munkidori|0 fnt\n|faint|p1a: Munkidori\n|\n|upkeep\n|\n|t:|1781381404\n|switch|p1a: Jumpluff|Jumpluff, L87, M|271/271\n|turn|24\n|\n|t:|1781381408\n|move|p1a: Jumpluff|Encore|p2a: Dipplin\n|-start|p2a: Dipplin|Encore\n|move|p2a: Dipplin|Sucker Punch||[still]\n|-fail|p2a: Dipplin\n|\n|upkeep\n|turn|25\n|c|\u2606CTCIsMyDad|gg\n|\n|t:|1781381414\n|move|p2a: Dipplin|Sucker Punch|p1a: Jumpluff\n|-damage|p1a: Jumpluff|219/271\n|move|p1a: Jumpluff|Acrobatics|p2a: Dipplin\n|-supereffective|p2a: Dipplin\n|-damage|p2a: Dipplin|11/284\n|\n|upkeep\n|turn|26\n|\n|t:|1781381418\n|move|p2a: Dipplin|Sucker Punch|p1a: Jumpluff\n|-damage|p1a: Jumpluff|167/271\n|move|p1a: Jumpluff|Acrobatics|p2a: Dipplin\n|-supereffective|p2a: Dipplin\n|-damage|p2a: Dipplin|0 fnt\n|faint|p2a: Dipplin\n|\n|win|XZ_LuxShadow\n|raw|XZ_LuxShadow's rating: 1446 &rarr; <strong>1468</strong><br />(+22 for winning)\n|raw|CTCIsMyDad's rating: 1478 &rarr; <strong>1456</strong><br />(-22 for losing)\n|l|\u2606CTCIsMyDad\n|player|p2|\n", "inputlog": ">version a8376a258c1d4662feba110a92103f3664a72141\n>start {\"formatid\":\"gen9randombattle\",\"seed\":\"sodium,9bf741ba27fc081037481a2192f983bb\",\"rated\":\"Rated battle\"}\n>player p1 {\"name\":\"XZ_LuxShadow\",\"avatar\":\"102\",\"rating\":1446,\"seed\":\"sodium,dfb30e879b7aa4255cad4f9bbc64b5c3\"}\n>player p2 {\"name\":\"CTCIsMyDad\",\"avatar\":\"1\",\"rating\":1478,\"seed\":\"sodium,cc540a03e94aed43bd0097c64889a17f\"}\n>p1 move dragondance\n>p2 switch 2\n>p1 move dragondance terastallize\n>p2 move alluringvoice\n>p1 move ironhead\n>p2 switch 6\n>p1 move ironhead\n>p2 move superpower\n>p2 switch 6\n>p1 move ironhead\n>p2 move terablast terastallize\n>p1 switch 2\n>p1 move fakeout\n>p2 move terablast\n>p1 move psychicnoise\n>p2 move terablast\n>p2 switch 2\n>p1 move uturn\n>p2 move poltergeist\n>p1 switch 3\n>p1 move hyperspacefury\n>p2 move poltergeist\n>p1 switch 6\n>p1 move encore\n>p2 move poltergeist\n>p1 move acrobatics\n>p2 switch 3\n>p1 move uturn\n>p2 move sludgewave\n>p1 switch 3\n>p1 move psychicnoise\n>p2 switch 3\n>p1 move sludgewave\n>p2 move poltergeist\n>p2 switch 3\n>p1 move psychicnoise\n>p2 move dracometeor\n>p1 move psychicnoise\n>p2 move dracometeor\n>p2 switch 4\n>p1 move sludgewave\n>p2 move blizzard\n>p1 switch 5\n>p2 move blizzard\n>p1 move shellsmash\n>p2 move auroraveil\n>p1 move iciclespear\n>p2 move moonblast\n>p2 switch 5\n>p1 move iciclespear\n>p2 move gigadrain\n>p1 switch 5\n>p1 move fakeout\n>p2 move suckerpunch\n>chat \u2606XZ_LuxShadow|gg\n>p1 move sludgewave\n>p2 move suckerpunch\n>p1 switch 3\n>p1 move encore\n>p2 move recover\n>chat \u2606CTCIsMyDad|gg\n>p1 move acrobatics\n>p2 move suckerpunch\n>p1 move acrobatics\n>p2 move suckerpunch", "uploadtime": 1781381427, "views": 9, "formatid": "gen9randombattle", "rating": 1456, "private": 0, "password": null}