{"id": "gen9randombattle-2632006851", "format": "[Gen 9] Random Battle", "players": ["Jesse1807", "yagdaquebrada"], "log": "|j|\u2606Jesse1807\n|j|\u2606yagdaquebrada\n|t:|1781465240\n|gametype|singles\n|player|p1|Jesse1807|1|1985\n|player|p2|yagdaquebrada|beauty-gen4dp|2046\n|gen|9\n|tier|[Gen 9] Random Battle\n|rated|\n|rule|Species Clause: Limit one of each Pok\u00e9mon\n|rule|HP Percentage Mod: HP is shown in percentages\n|rule|Sleep Clause Mod: Limit one foe put to sleep\n|rule|Illusion Level Mod: Illusion disguises the Pok\u00e9mon's true level\n|\n|t:|1781465240\n|teamsize|p1|6\n|teamsize|p2|6\n|start\n|switch|p1a: Revavroom|Revavroom, L79, F|256/256\n|switch|p2a: Salamence|Salamence, L77, F|273/273\n|-ability|p2a: Salamence|Intimidate|boost\n|-unboost|p1a: Revavroom|atk|1\n|turn|1\n|\n|t:|1781465248\n|switch|p1a: Dedenne|Dedenne, L88, F|261/261\n|move|p2a: Salamence|Dragon Dance|p2a: Salamence\n|-boost|p2a: Salamence|atk|1\n|-boost|p2a: Salamence|spe|1\n|\n|upkeep\n|turn|2\n|\n|t:|1781465264\n|switch|p2a: Registeel|Registeel, L81|262/262\n|move|p1a: Dedenne|Dazzling Gleam|p2a: Registeel\n|-resisted|p2a: Registeel\n|-damage|p2a: Registeel|234/262\n|\n|upkeep\n|turn|3\n|\n|t:|1781465276\n|move|p1a: Dedenne|Thunderbolt|p2a: Registeel\n|-damage|p2a: Registeel|176/262\n|move|p2a: Registeel|Iron Defense|p2a: Registeel\n|-boost|p2a: Registeel|def|2\n|\n|upkeep\n|turn|4\n|\n|t:|1781465281\n|move|p1a: Dedenne|Super Fang|p2a: Registeel\n|-damage|p2a: Registeel|88/262\n|move|p2a: Registeel|Body Press|p1a: Dedenne\n|-resisted|p1a: Dedenne\n|-damage|p1a: Dedenne|159/261\n|\n|upkeep\n|turn|5\n|\n|t:|1781465285\n|move|p1a: Dedenne|Thunderbolt|p2a: Registeel\n|-crit|p2a: Registeel\n|-damage|p2a: Registeel|0 fnt\n|faint|p2a: Registeel\n|\n|upkeep\n|\n|t:|1781465288\n|switch|p2a: Galvantula|Galvantula, L82, M|249/249\n|turn|6\n|\n|t:|1781465292\n|move|p1a: Dedenne|Super Fang|p2a: Galvantula\n|-damage|p2a: Galvantula|125/249\n|move|p2a: Galvantula|Sticky Web|p1a: Dedenne\n|-sidestart|p1: Jesse1807|move: Sticky Web\n|\n|upkeep\n|turn|7\n|\n|t:|1781465296\n|move|p1a: Dedenne|Dazzling Gleam|p2a: Galvantula\n|-damage|p2a: Galvantula|13/249\n|move|p2a: Galvantula|Energy Ball|p1a: Dedenne\n|-damage|p1a: Dedenne|87/261\n|-enditem|p1a: Dedenne|Sitrus Berry|[eat]\n|-heal|p1a: Dedenne|152/261|[from] item: Sitrus Berry\n|-heal|p1a: Dedenne|239/261|[from] ability: Cheek Pouch\n|\n|upkeep\n|turn|8\n|\n|t:|1781465301\n|move|p1a: Dedenne|Thunderbolt|p2a: Galvantula\n|-resisted|p2a: Galvantula\n|-damage|p2a: Galvantula|0 fnt\n|faint|p2a: Galvantula\n|\n|upkeep\n|\n|t:|1781465318\n|switch|p2a: Clefable|Clefable, L83, F|293/293\n|turn|9\n|\n|t:|1781465321\n|move|p1a: Dedenne|Super Fang|p2a: Clefable\n|-damage|p2a: Clefable|147/293\n|move|p2a: Clefable|Calm Mind|p2a: Clefable\n|-boost|p2a: Clefable|spa|1\n|-boost|p2a: Clefable|spd|1\n|\n|-heal|p2a: Clefable|165/293|[from] item: Leftovers\n|upkeep\n|turn|10\n|\n|t:|1781465327\n|move|p1a: Dedenne|U-turn|p2a: Clefable\n|-resisted|p2a: Clefable\n|-damage|p2a: Clefable|143/293\n|inactive|Battle timer is ON: inactive players will automatically lose when time's up. (requested by yagdaquebrada)\n|\n|t:|1781465333\n|switch|p1a: Scyther|Scyther, L82, M|249/249|[from] U-turn\n|move|p2a: Clefable|Moonlight|p2a: Clefable\n|-heal|p2a: Clefable|289/293\n|\n|-heal|p2a: Clefable|293/293|[from] item: Leftovers\n|upkeep\n|turn|11\n|\n|t:|1781465337\n|move|p1a: Scyther|Defog|p2a: Clefable\n|-unboost|p2a: Clefable|evasion|1\n|-sideend|p1: Jesse1807|Sticky Web|[from] move: Defog|[of] p1a: Scyther\n|move|p2a: Clefable|Fire Blast|p1a: Scyther\n|-supereffective|p1a: Scyther\n|-damage|p1a: Scyther|3/249\n|\n|upkeep\n|turn|12\n|\n|t:|1781465344\n|move|p1a: Scyther|Dual Wingbeat|p2a: Clefable\n|-damage|p2a: Clefable|221/293\n|-damage|p2a: Clefable|146/293\n|-hitcount|p2a: Clefable|2\n|move|p2a: Clefable|Moonblast|p1a: Scyther\n|-damage|p1a: Scyther|0 fnt\n|faint|p1a: Scyther\n|\n|-heal|p2a: Clefable|164/293|[from] item: Leftovers\n|upkeep\n|\n|t:|1781465352\n|switch|p1a: Medicham|Medicham, L86, M|243/243\n|turn|13\n|\n|t:|1781465378\n|-terastallize|p2a: Clefable|Steel\n|move|p1a: Medicham|Poison Jab|p2a: Clefable\n|-immune|p2a: Clefable\n|move|p2a: Clefable|Moonlight|p2a: Clefable\n|-heal|p2a: Clefable|293/293\n|\n|upkeep\n|turn|14\n|\n|t:|1781465384\n|switch|p1a: Flareon|Flareon, L90, F|263/263\n|move|p2a: Clefable|Fire Blast|p1a: Flareon\n|-resisted|p1a: Flareon\n|-damage|p1a: Flareon|223/263\n|\n|-status|p1a: Flareon|tox|[from] item: Toxic Orb\n|upkeep\n|turn|15\n|\n|t:|1781465394\n|switch|p2a: Salamence|Salamence, L77, F|273/273\n|-ability|p2a: Salamence|Intimidate|boost\n|-unboost|p1a: Flareon|atk|1\n|move|p1a: Flareon|Trailblaze|p2a: Salamence\n|-resisted|p2a: Salamence\n|-damage|p2a: Salamence|259/273\n|-boost|p1a: Flareon|spe|1\n|\n|-damage|p1a: Flareon|207/263 tox|[from] psn\n|upkeep\n|turn|16\n|\n|t:|1781465401\n|-terastallize|p1a: Flareon|Normal\n|move|p1a: Flareon|Facade|p2a: Salamence\n|-damage|p2a: Salamence|28/273\n|move|p2a: Salamence|Dragon Dance|p2a: Salamence\n|-boost|p2a: Salamence|atk|1\n|-boost|p2a: Salamence|spe|1\n|\n|-damage|p1a: Flareon|175/263 tox|[from] psn\n|upkeep\n|turn|17\n|\n|t:|1781465406\n|move|p1a: Flareon|Quick Attack|p2a: Salamence\n|-damage|p2a: Salamence|0 fnt\n|faint|p2a: Salamence\n|\n|-damage|p1a: Flareon|127/263 tox|[from] psn\n|upkeep\n|\n|t:|1781465431\n|switch|p2a: Dialga|Dialga, L73|266/266\n|-ability|p2a: Dialga|Pressure\n|turn|18\n|\n|t:|1781465439\n|move|p1a: Flareon|Flare Blitz|p2a: Dialga\n|-damage|p2a: Dialga|98/266\n|-damage|p1a: Flareon|72/263 tox|[from] Recoil\n|move|p2a: Dialga|Heavy Slam|p1a: Flareon\n|-damage|p1a: Flareon|0 fnt\n|faint|p1a: Flareon\n|\n|upkeep\n|\n|t:|1781465443\n|switch|p1a: Medicham|Medicham, L86, M|243/243\n|turn|19\n|\n|t:|1781465451\n|move|p1a: Medicham|Close Combat|p2a: Dialga\n|-supereffective|p2a: Dialga\n|-damage|p2a: Dialga|0 fnt\n|-unboost|p1a: Medicham|def|1\n|-unboost|p1a: Medicham|spd|1\n|faint|p2a: Dialga\n|\n|upkeep\n|\n|t:|1781465455\n|switch|p2a: Luxray|Luxray, L88, M|283/283\n|turn|20\n|\n|t:|1781465459\n|switch|p1a: Dedenne|Dedenne, L88, F|239/261\n|move|p2a: Luxray|Trailblaze|p1a: Dedenne\n|-damage|p1a: Dedenne|175/261\n|-boost|p2a: Luxray|spe|1\n|\n|-status|p2a: Luxray|brn|[from] item: Flame Orb\n|upkeep\n|turn|21\n|\n|t:|1781465465\n|move|p2a: Luxray|Facade|p1a: Dedenne\n|-damage|p1a: Dedenne|0 fnt\n|faint|p1a: Dedenne\n|\n|-damage|p2a: Luxray|266/283 brn|[from] brn\n|upkeep\n|\n|t:|1781465475\n|switch|p1a: Virizion|Virizion, L82|283/283\n|turn|22\n|\n|t:|1781465479\n|move|p2a: Luxray|Play Rough|p1a: Virizion\n|-supereffective|p1a: Virizion\n|-damage|p1a: Virizion|0 fnt\n|faint|p1a: Virizion\n|\n|-damage|p2a: Luxray|249/283 brn|[from] brn\n|upkeep\n|\n|t:|1781465487\n|switch|p1a: Revavroom|Revavroom, L79, F|256/256\n|turn|23\n|\n|t:|1781465491\n|move|p2a: Luxray|Supercell Slam|p1a: Revavroom\n|-damage|p1a: Revavroom|51/256\n|move|p1a: Revavroom|Shift Gear|p1a: Revavroom\n|-boost|p1a: Revavroom|spe|2\n|-boost|p1a: Revavroom|atk|1\n|\n|-damage|p2a: Luxray|232/283 brn|[from] brn\n|upkeep\n|turn|24\n|\n|t:|1781465497\n|move|p1a: Revavroom|High Horsepower|p2a: Luxray\n|-supereffective|p2a: Luxray\n|-damage|p2a: Luxray|0 fnt\n|faint|p2a: Luxray\n|-damage|p1a: Revavroom|26/256|[from] item: Life Orb\n|\n|upkeep\n|\n|t:|1781465500\n|switch|p2a: Clefable|Clefable, L83, F, tera:Steel|293/293\n|turn|25\n|\n|t:|1781465505\n|move|p1a: Revavroom|High Horsepower|p2a: Clefable\n|-supereffective|p2a: Clefable\n|-damage|p2a: Clefable|90/293\n|-damage|p1a: Revavroom|1/256|[from] item: Life Orb\n|move|p2a: Clefable|Moonblast|p1a: Revavroom\n|-resisted|p1a: Revavroom\n|-damage|p1a: Revavroom|0 fnt\n|faint|p1a: Revavroom\n|\n|-heal|p2a: Clefable|108/293|[from] item: Leftovers\n|upkeep\n|\n|t:|1781465510\n|switch|p1a: Medicham|Medicham, L86, M|243/243\n|turn|26\n|\n|t:|1781465520\n|move|p1a: Medicham|Close Combat|p2a: Clefable\n|-supereffective|p2a: Clefable\n|-damage|p2a: Clefable|0 fnt\n|-unboost|p1a: Medicham|def|1\n|-unboost|p1a: Medicham|spd|1\n|faint|p2a: Clefable\n|\n|win|Jesse1807\n", "uploadtime": 1781465242, "views": 2, "formatid": "gen9randombattle", "rating": null, "private": 0, "password": null}