{"id": "gen9randombattle-2631895831", "format": "[Gen 9] Random Battle", "players": ["bed burglar", "fart's cologne"], "log": "|j|\u2606bed burglar\n|j|\u2606fart's cologne\n|t:|1781453099\n|gametype|singles\n|player|p1|bed burglar|2|1975\n|player|p2|fart's cologne|266|2053\n|gen|9\n|tier|[Gen 9] Random Battle\n|rated|\n|rule|Species Clause: Limit one of each Pok\u00e9mon\n|rule|HP Percentage Mod: HP is shown in percentages\n|rule|Sleep Clause Mod: Limit one foe put to sleep\n|rule|Illusion Level Mod: Illusion disguises the Pok\u00e9mon's true level\n|\n|t:|1781453099\n|teamsize|p1|6\n|teamsize|p2|6\n|start\n|switch|p1a: Persian|Persian, L92, F|269/269\n|switch|p2a: Swalot|Swalot, L90, F|326/326\n|turn|1\n|inactive|Battle timer is ON: inactive players will automatically lose when time's up. (requested by bed burglar)\n|\n|t:|1781453113\n|move|p1a: Persian|Fake Out|p2a: Swalot\n|-damage|p2a: Swalot|259/326\n|cant|p2a: Swalot|flinch\n|\n|-heal|p2a: Swalot|279/326|[from] item: Leftovers\n|upkeep\n|turn|2\n|\n|t:|1781453122\n|move|p1a: Persian|U-turn|p2a: Swalot\n|-resisted|p2a: Swalot\n|-crit|p2a: Swalot\n|-damage|p2a: Swalot|243/326\n|\n|t:|1781453129\n|switch|p1a: Iron Crown|Iron Crown, L78|268/268|[from] U-turn\n|move|p2a: Swalot|Knock Off|p1a: Iron Crown\n|-supereffective|p1a: Iron Crown\n|-damage|p1a: Iron Crown|130/268\n|-enditem|p1a: Iron Crown|Leftovers|[from] move: Knock Off|[of] p2a: Swalot\n|\n|-heal|p2a: Swalot|263/326|[from] item: Leftovers\n|upkeep\n|turn|3\n|\n|t:|1781453149\n|move|p1a: Iron Crown|Psyshock|p2a: Swalot\n|-supereffective|p2a: Swalot\n|-damage|p2a: Swalot|89/326\n|move|p2a: Swalot|Earthquake|p1a: Iron Crown\n|-supereffective|p1a: Iron Crown\n|-damage|p1a: Iron Crown|8/268\n|\n|-heal|p2a: Swalot|109/326|[from] item: Leftovers\n|upkeep\n|turn|4\n|\n|t:|1781453165\n|switch|p2a: Golduck|Golduck, L90, M|290/290\n|-ability|p2a: Golduck|Cloud Nine\n|move|p1a: Iron Crown|Psyshock|p2a: Golduck\n|-damage|p2a: Golduck|206/290\n|\n|-heal|p2a: Golduck|224/290|[from] item: Leftovers\n|upkeep\n|turn|5\n|\n|t:|1781453180\n|move|p2a: Golduck|Ice Beam|p1a: Iron Crown\n|-resisted|p1a: Iron Crown\n|-damage|p1a: Iron Crown|0 fnt\n|faint|p1a: Iron Crown\n|-end|p1a: Iron Crown|Quark Drive|[silent]\n|\n|-heal|p2a: Golduck|242/290|[from] item: Leftovers\n|upkeep\n|\n|t:|1781453183\n|switch|p1a: Persian|Persian, L92, F|269/269\n|turn|6\n|inactive|fart's cologne has 120 seconds left.\n|\n|t:|1781453209\n|switch|p2a: Swalot|Swalot, L90, F|109/326\n|move|p1a: Persian|Fake Out|p2a: Swalot\n|-damage|p2a: Swalot|40/326\n|\n|-heal|p2a: Swalot|60/326|[from] item: Leftovers\n|upkeep\n|turn|7\n|inactive|fart's cologne has 120 seconds left.\n|\n|t:|1781453223\n|move|p1a: Persian|Double-Edge|p2a: Swalot\n|-damage|p2a: Swalot|0 fnt\n|faint|p2a: Swalot\n|-damage|p1a: Persian|249/269|[from] Recoil\n|\n|upkeep\n|\n|t:|1781453240\n|switch|p2a: Gouging Fire|Gouging Fire, L74|277/277\n|turn|8\n|\n|t:|1781453244\n|move|p1a: Persian|U-turn|p2a: Gouging Fire\n|-resisted|p2a: Gouging Fire\n|-damage|p2a: Gouging Fire|257/277\n|\n|t:|1781453250\n|switch|p1a: Kingdra|Kingdra, L84, F|263/263|[from] U-turn\n|move|p2a: Gouging Fire|Dragon Dance|p2a: Gouging Fire\n|-boost|p2a: Gouging Fire|atk|1\n|-boost|p2a: Gouging Fire|spe|1\n|\n|upkeep\n|turn|9\n|\n|t:|1781453258\n|-terastallize|p1a: Kingdra|Steel\n|move|p2a: Gouging Fire|Outrage|p1a: Kingdra\n|-resisted|p1a: Kingdra\n|-damage|p1a: Kingdra|183/263\n|move|p1a: Kingdra|Dragon Dance|p1a: Kingdra\n|-boost|p1a: Kingdra|atk|1\n|-boost|p1a: Kingdra|spe|1\n|\n|upkeep\n|turn|10\n|\n|t:|1781453269\n|move|p1a: Kingdra|Outrage|p2a: Gouging Fire\n|-supereffective|p2a: Gouging Fire\n|-damage|p2a: Gouging Fire|0 fnt\n|faint|p2a: Gouging Fire\n|-end|p2a: Gouging Fire|Protosynthesis|[silent]\n|\n|upkeep\n|inactive|fart's cologne has 120 seconds left.\n|\n|t:|1781453291\n|switch|p2a: Slither Wing|Slither Wing, L81|270/270\n|turn|11\n|\n|t:|1781453296\n|move|p1a: Kingdra|Outrage|p2a: Slither Wing|[from] lockedmove\n|-damage|p2a: Slither Wing|68/270\n|move|p2a: Slither Wing|Close Combat|p1a: Kingdra\n|-supereffective|p1a: Kingdra\n|-damage|p1a: Kingdra|0 fnt\n|-unboost|p2a: Slither Wing|def|1\n|-unboost|p2a: Slither Wing|spd|1\n|faint|p1a: Kingdra\n|\n|upkeep\n|\n|t:|1781453305\n|switch|p1a: Persian|Persian, L92, F|249/269\n|turn|12\n|\n|t:|1781453309\n|move|p1a: Persian|Fake Out|p2a: Slither Wing\n|-damage|p2a: Slither Wing|0 fnt\n|faint|p2a: Slither Wing\n|-end|p2a: Slither Wing|Protosynthesis|[silent]\n|\n|upkeep\n|\n|t:|1781453320\n|switch|p2a: Golduck|Golduck, L90, M|242/290\n|-ability|p2a: Golduck|Cloud Nine\n|turn|13\n|\n|t:|1781453325\n|move|p1a: Persian|Knock Off|p2a: Golduck\n|-damage|p2a: Golduck|173/290\n|-enditem|p2a: Golduck|Leftovers|[from] move: Knock Off|[of] p1a: Persian\n|move|p2a: Golduck|Hydro Pump|p1a: Persian\n|-damage|p1a: Persian|93/269\n|\n|upkeep\n|turn|14\n|\n|t:|1781453332\n|move|p1a: Persian|U-turn|p2a: Golduck\n|-damage|p2a: Golduck|125/290\n|\n|t:|1781453336\n|switch|p1a: Tornadus|Tornadus, L82, M|264/264|[from] U-turn\n|move|p2a: Golduck|Hydro Pump|p1a: Tornadus\n|-damage|p1a: Tornadus|126/264\n|\n|upkeep\n|turn|15\n|\n|t:|1781453344\n|move|p1a: Tornadus|Grass Knot|p2a: Golduck\n|-supereffective|p2a: Golduck\n|-damage|p2a: Golduck|0 fnt\n|faint|p2a: Golduck\n|\n|upkeep\n|\n|t:|1781453354\n|switch|p2a: Palkia|Palkia, L75|259/259\n|-ability|p2a: Palkia|Pressure\n|turn|16\n|\n|t:|1781453360\n|move|p1a: Tornadus|Bleakwind Storm|p2a: Palkia\n|-damage|p2a: Palkia|142/259\n|move|p2a: Palkia|Spacial Rend|p1a: Tornadus\n|-crit|p1a: Tornadus\n|-damage|p1a: Tornadus|0 fnt\n|faint|p1a: Tornadus\n|\n|upkeep\n|\n|t:|1781453363\n|switch|p1a: Persian|Persian, L92, F|93/269\n|turn|17\n|\n|t:|1781453372\n|move|p1a: Persian|Fake Out|p2a: Palkia\n|-damage|p2a: Palkia|73/259\n|cant|p2a: Palkia|flinch\n|\n|upkeep\n|turn|18\n|\n|t:|1781453377\n|move|p1a: Persian|Double-Edge|p2a: Palkia\n|-damage|p2a: Palkia|0 fnt\n|faint|p2a: Palkia\n|-damage|p1a: Persian|69/269|[from] Recoil\n|\n|upkeep\n|\n|t:|1781453383\n|switch|p2a: Scyther|Scyther, L82, F|249/249\n|turn|19\n|\n|t:|1781453388\n|move|p1a: Persian|Double-Edge|p2a: Scyther\n|-damage|p2a: Scyther|83/249\n|-damage|p1a: Persian|14/269|[from] Recoil\n|move|p2a: Scyther|Dual Wingbeat|p1a: Persian\n|-damage|p1a: Persian|0 fnt\n|faint|p1a: Persian\n|-hitcount|p1: Persian|1\n|\n|upkeep\n|\n|t:|1781453391\n|switch|p1a: Cinderace|Cinderace, L77, F|249/249\n|turn|20\n|\n|t:|1781453403\n|-terastallize|p2a: Scyther|Fighting\n|move|p1a: Cinderace|Pyro Ball|p2a: Scyther\n|-damage|p2a: Scyther|0 fnt\n|faint|p2a: Scyther\n|\n|win|bed burglar\n", "inputlog": ">version a8376a258c1d4662feba110a92103f3664a72141\n>start {\"formatid\":\"gen9randombattle\",\"seed\":\"sodium,fffbac4204ed50d0fc4d90cdf36ddb95\",\"rated\":\"Rated battle\"}\n>player p1 {\"name\":\"bed burglar\",\"avatar\":\"2\",\"rating\":1975,\"seed\":\"sodium,3b7870c37b0928dc6df46c1a93030dd0\"}\n>player p2 {\"name\":\"fart's cologne\",\"avatar\":\"266\",\"rating\":2053,\"seed\":\"sodium,648760095f18dfb3c4197f81961c1788\"}\n>p1 move fakeout\n>p2 move knockoff\n>p1 move uturn\n>p2 move knockoff\n>p1 switch 3\n>p1 move psyshock\n>p2 move earthquake\n>p1 move psyshock\n>p2 switch 3\n>p1 move psyshock\n>p2 move icebeam\n>p1 switch 3\n>p1 move fakeout\n>p2 switch 3\n>p1 move doubleedge\n>p2 move knockoff\n>p2 switch 5\n>p1 move uturn\n>p2 move dragondance\n>p1 switch 5\n>p1 move dragondance terastallize\n>p2 move outrage\n>p1 move outrage\n>p2 move outrage\n>p2 switch 6\n>p1 move outrage\n>p2 move closecombat\n>p1 switch 5\n>p1 move fakeout\n>p2 move morningsun\n>p2 switch 3\n>p1 move knockoff\n>p2 move hydropump\n>p1 move uturn\n>p2 move hydropump\n>p1 switch 4\n>p1 move grassknot\n>p2 move hydropump\n>p2 switch 2\n>p1 move bleakwindstorm\n>p2 move spacialrend\n>p1 switch 4\n>p1 move fakeout\n>p2 move spacialrend\n>p1 move doubleedge\n>p2 move spacialrend\n>p2 switch 4\n>p1 move doubleedge\n>p2 move dualwingbeat\n>p1 switch 6\n>p1 move pyroball\n>p2 move dualwingbeat terastallize", "uploadtime": 1781453101, "views": 5, "formatid": "gen9randombattle", "rating": null, "private": 0, "password": null}