{"id": "gen9randombattle-2631487227", "format": "[Gen 9] Random Battle", "players": ["100taka", "rainjolt"], "log": "|j|\u2606100taka\n|j|\u2606rainjolt\n|t:|1781391257\n|gametype|singles\n|player|p1|100taka|265|1911\n|player|p2|rainjolt|elesa|1920\n|gen|9\n|tier|[Gen 9] Random Battle\n|rated|\n|rule|Species Clause: Limit one of each Pok\u00e9mon\n|rule|HP Percentage Mod: HP is shown in percentages\n|rule|Sleep Clause Mod: Limit one foe put to sleep\n|rule|Illusion Level Mod: Illusion disguises the Pok\u00e9mon's true level\n|\n|t:|1781391257\n|teamsize|p1|6\n|teamsize|p2|6\n|start\n|switch|p1a: Vivillon|Vivillon-Marine, L83, M|268/268\n|switch|p2a: Porygon2|Porygon2, L81|270/270\n|-ability|p2a: Porygon2|Download|boost\n|-boost|p2a: Porygon2|spa|1\n|turn|1\n|\n|t:|1781391267\n|move|p1a: Vivillon|Sleep Powder|p2a: Porygon2\n|-status|p2a: Porygon2|slp|[from] move: Sleep Powder\n|cant|p2a: Porygon2|slp\n|\n|upkeep\n|turn|2\n|\n|t:|1781391270\n|switch|p1a: Magnezone|Magnezone, L85|258/258\n|-curestatus|p2a: Porygon2|slp|[msg]\n|move|p2a: Porygon2|Ice Beam|p1a: Magnezone\n|-resisted|p1a: Magnezone\n|-damage|p1a: Magnezone|209/258\n|\n|-heal|p1a: Magnezone|225/258|[from] item: Leftovers\n|upkeep\n|turn|3\n|\n|t:|1781391275\n|switch|p2a: Vileplume|Vileplume, L85, M|266/266\n|move|p1a: Magnezone|Iron Defense|p1a: Magnezone\n|-boost|p1a: Magnezone|def|2\n|\n|-heal|p1a: Magnezone|241/258|[from] item: Leftovers\n|upkeep\n|turn|4\n|\n|t:|1781391280\n|move|p1a: Magnezone|Discharge|p2a: Vileplume\n|-resisted|p2a: Vileplume\n|-damage|p2a: Vileplume|215/266\n|move|p2a: Vileplume|Leech Seed|p1a: Magnezone\n|-start|p1a: Magnezone|move: Leech Seed\n|\n|-heal|p1a: Magnezone|257/258|[from] item: Leftovers\n|-heal|p2a: Vileplume|231/266|[from] item: Leftovers\n|-damage|p1a: Magnezone|225/258|[from] Leech Seed|[of] p2a: Vileplume\n|-heal|p2a: Vileplume|263/266|[silent]\n|upkeep\n|turn|5\n|\n|t:|1781391297\n|switch|p1a: Goodra|Goodra, L85, M|292/292\n|move|p2a: Vileplume|Leech Seed|p1a: Goodra\n|-ability|p1a: Goodra|Sap Sipper|boost\n|-boost|p1a: Goodra|atk|1\n|\n|-heal|p2a: Vileplume|266/266|[from] item: Leftovers\n|upkeep\n|turn|6\n|\n|t:|1781391306\n|move|p1a: Goodra|Fire Blast|p2a: Vileplume|[miss]\n|-miss|p1a: Goodra|p2a: Vileplume\n|move|p2a: Vileplume|Sludge Bomb|p1a: Goodra\n|-damage|p1a: Goodra|247/292\n|\n|upkeep\n|turn|7\n|\n|t:|1781391311\n|switch|p2a: Regirock|Regirock, L83|268/268\n|move|p1a: Goodra|Knock Off|p2a: Regirock\n|-damage|p2a: Regirock|209/268\n|-enditem|p2a: Regirock|Leftovers|[from] move: Knock Off|[of] p1a: Goodra\n|\n|upkeep\n|turn|8\n|\n|t:|1781391319\n|move|p1a: Goodra|Draco Meteor|p2a: Regirock\n|-damage|p2a: Regirock|71/268\n|-unboost|p1a: Goodra|spa|2\n|move|p2a: Regirock|Thunder Wave|p1a: Goodra\n|-status|p1a: Goodra|par\n|\n|upkeep\n|turn|9\n|\n|t:|1781391327\n|switch|p1a: Phione|Phione, L91|293/293\n|move|p2a: Regirock|Body Press|p1a: Phione\n|-damage|p1a: Phione|187/293\n|\n|-heal|p1a: Phione|205/293|[from] item: Leftovers\n|upkeep\n|turn|10\n|\n|t:|1781391338\n|switch|p2a: Porygon2|Porygon2, L81|270/270\n|-ability|p2a: Porygon2|Download|boost\n|-boost|p2a: Porygon2|spa|1\n|move|p1a: Phione|Take Heart|p1a: Phione\n|-boost|p1a: Phione|spa|1\n|-boost|p1a: Phione|spd|1\n|\n|-heal|p1a: Phione|223/293|[from] item: Leftovers\n|upkeep\n|turn|11\n|\n|t:|1781391342\n|move|p1a: Phione|Scald|p2a: Porygon2\n|-damage|p2a: Porygon2|180/270\n|-status|p2a: Porygon2|brn\n|move|p2a: Porygon2|Discharge|p1a: Phione\n|-supereffective|p1a: Phione\n|-damage|p1a: Phione|109/293\n|-status|p1a: Phione|par\n|\n|-heal|p1a: Phione|127/293 par|[from] item: Leftovers\n|-damage|p2a: Porygon2|164/270 brn|[from] brn\n|upkeep\n|turn|12\n|\n|t:|1781391351\n|move|p2a: Porygon2|Discharge|p1a: Phione\n|-supereffective|p1a: Phione\n|-damage|p1a: Phione|17/293 par\n|move|p1a: Phione|Rest|p1a: Phione\n|-status|p1a: Phione|slp|[from] move: Rest\n|-heal|p1a: Phione|293/293 slp|[silent]\n|\n|-damage|p2a: Porygon2|148/270 brn|[from] brn\n|upkeep\n|turn|13\n|\n|t:|1781391362\n|switch|p2a: Vileplume|Vileplume, L85, M|266/266\n|cant|p1a: Phione|slp\n|move|p1a: Phione|Sleep Talk|p1a: Phione\n|move|p1a: Phione|Take Heart|p1a: Phione|[from] move: Sleep Talk\n|-boost|p1a: Phione|spa|1\n|-boost|p1a: Phione|spd|1\n|-curestatus|p1a: Phione|slp|[msg]\n|\n|upkeep\n|turn|14\n|\n|t:|1781391367\n|move|p1a: Phione|Scald|p2a: Vileplume\n|-resisted|p2a: Vileplume\n|-damage|p2a: Vileplume|185/266\n|move|p2a: Vileplume|Leech Seed|p1a: Phione\n|-start|p1a: Phione|move: Leech Seed\n|\n|-heal|p2a: Vileplume|201/266|[from] item: Leftovers\n|-damage|p1a: Phione|257/293|[from] Leech Seed|[of] p2a: Vileplume\n|-heal|p2a: Vileplume|237/266|[silent]\n|upkeep\n|turn|15\n|\n|t:|1781391380\n|switch|p2a: Feraligatr|Feraligatr, L79, F|264/264\n|move|p1a: Phione|Scald|p2a: Feraligatr\n|-resisted|p2a: Feraligatr\n|-damage|p2a: Feraligatr|175/264\n|\n|-heal|p1a: Phione|275/293|[from] item: Leftovers\n|-damage|p1a: Phione|239/293|[from] Leech Seed|[of] p2a: Feraligatr\n|-heal|p2a: Feraligatr|211/264|[silent]\n|upkeep\n|turn|16\n|\n|t:|1781391386\n|move|p1a: Phione|Scald|p2a: Feraligatr\n|-resisted|p2a: Feraligatr\n|-crit|p2a: Feraligatr\n|-damage|p2a: Feraligatr|61/264\n|move|p2a: Feraligatr|Dragon Dance|p2a: Feraligatr\n|-boost|p2a: Feraligatr|atk|1\n|-boost|p2a: Feraligatr|spe|1\n|\n|-heal|p1a: Phione|257/293|[from] item: Leftovers\n|-damage|p1a: Phione|221/293|[from] Leech Seed|[of] p2a: Feraligatr\n|-heal|p2a: Feraligatr|97/264|[silent]\n|upkeep\n|turn|17\n|\n|t:|1781391393\n|-terastallize|p2a: Feraligatr|Grass\n|move|p2a: Feraligatr|Trailblaze|p1a: Phione\n|-supereffective|p1a: Phione\n|-damage|p1a: Phione|0 fnt\n|faint|p1a: Phione\n|\n|upkeep\n|\n|t:|1781391404\n|switch|p1a: Spidops|Spidops, L96, M|271/271\n|turn|18\n|\n|t:|1781391413\n|switch|p2a: Noivern|Noivern, L82, M|274/274\n|move|p1a: Spidops|Circle Throw|p2a: Noivern\n|-resisted|p2a: Noivern\n|-damage|p2a: Noivern|222/274\n|drag|p2a: Vileplume|Vileplume, L85, M|237/266\n|\n|-heal|p2a: Vileplume|253/266|[from] item: Leftovers\n|upkeep\n|turn|19\n|\n|t:|1781391419\n|move|p2a: Vileplume|Leech Seed|p1a: Spidops\n|-start|p1a: Spidops|move: Leech Seed\n|move|p1a: Spidops|Sticky Web|p2a: Vileplume\n|-sidestart|p2: rainjolt|move: Sticky Web\n|\n|-heal|p2a: Vileplume|266/266|[from] item: Leftovers\n|-damage|p1a: Spidops|238/271|[from] Leech Seed|[of] p2a: Vileplume\n|upkeep\n|turn|20\n|\n|t:|1781391427\n|switch|p1a: Goodra|Goodra, L85, M|247/292 par\n|move|p2a: Vileplume|Sludge Bomb|p1a: Goodra\n|-damage|p1a: Goodra|199/292 par\n|\n|upkeep\n|turn|21\n|\n|t:|1781391436\n|switch|p2a: Porygon2|Porygon2, L81|148/270 brn\n|-activate|p2a: Porygon2|move: Sticky Web\n|-unboost|p2a: Porygon2|spe|1\n|-ability|p2a: Porygon2|Download|boost\n|-boost|p2a: Porygon2|atk|1\n|move|p1a: Goodra|Knock Off|p2a: Porygon2\n|-damage|p2a: Porygon2|98/270 brn\n|-enditem|p2a: Porygon2|Eviolite|[from] move: Knock Off|[of] p1a: Goodra\n|\n|-damage|p2a: Porygon2|82/270 brn|[from] brn\n|upkeep\n|turn|22\n|\n|t:|1781391445\n|switch|p1a: Magnezone|Magnezone, L85|225/258\n|move|p2a: Porygon2|Recover|p2a: Porygon2\n|-heal|p2a: Porygon2|217/270 brn\n|\n|-heal|p1a: Magnezone|241/258|[from] item: Leftovers\n|-damage|p2a: Porygon2|201/270 brn|[from] brn\n|upkeep\n|turn|23\n|\n|t:|1781391449\n|move|p1a: Magnezone|Discharge|p2a: Porygon2\n|-damage|p2a: Porygon2|95/270 brn\n|move|p2a: Porygon2|Tri Attack|p1a: Magnezone\n|-resisted|p1a: Magnezone\n|-damage|p1a: Magnezone|203/258\n|\n|-heal|p1a: Magnezone|219/258|[from] item: Leftovers\n|-damage|p2a: Porygon2|79/270 brn|[from] brn\n|upkeep\n|turn|24\n|\n|t:|1781391453\n|switch|p2a: Vileplume|Vileplume, L85, M|266/266\n|-activate|p2a: Vileplume|move: Sticky Web\n|-unboost|p2a: Vileplume|spe|1\n|move|p1a: Magnezone|Body Press|p2a: Vileplume\n|-resisted|p2a: Vileplume\n|-damage|p2a: Vileplume|230/266\n|-status|p1a: Magnezone|slp|[from] ability: Effect Spore|[of] p2a: Vileplume\n|\n|-heal|p1a: Magnezone|235/258 slp|[from] item: Leftovers\n|-heal|p2a: Vileplume|246/266|[from] item: Leftovers\n|upkeep\n|turn|25\n|\n|t:|1781391462\n|switch|p1a: Goodra|Goodra, L85, M|199/292 par\n|switch|p2a: Feraligatr|Feraligatr, L79, F, tera:Grass|97/264\n|-activate|p2a: Feraligatr|move: Sticky Web\n|-unboost|p2a: Feraligatr|spe|1\n|\n|upkeep\n|turn|26\n|\n|t:|1781391472\n|switch|p2a: Porygon2|Porygon2, L81|79/270 brn\n|-activate|p2a: Porygon2|move: Sticky Web\n|-unboost|p2a: Porygon2|spe|1\n|-ability|p2a: Porygon2|Download|boost\n|-boost|p2a: Porygon2|atk|1\n|move|p1a: Goodra|Fire Blast|p2a: Porygon2\n|-damage|p2a: Porygon2|0 fnt\n|faint|p2a: Porygon2\n|\n|upkeep\n|\n|t:|1781391496\n|switch|p2a: Probopass|Probopass, L91, F|257/257\n|-activate|p2a: Probopass|move: Sticky Web\n|-unboost|p2a: Probopass|spe|1\n|turn|27\n|\n|t:|1781391504\n|move|p2a: Probopass|Body Press|p1a: Goodra\n|-damage|p1a: Goodra|95/292 par\n|move|p1a: Goodra|Dragon Tail|p2a: Probopass|[miss]\n|-miss|p1a: Goodra|p2a: Probopass\n|\n|upkeep\n|turn|28\n|\n|t:|1781391510\n|switch|p1a: Cramorant|Cramorant, L86, M|261/261\n|move|p2a: Probopass|Body Press|p1a: Cramorant\n|-resisted|p1a: Cramorant\n|-damage|p1a: Cramorant|203/261\n|\n|upkeep\n|turn|29\n|\n|t:|1781391516\n|switch|p2a: Regirock|Regirock, L83|71/268\n|-activate|p2a: Regirock|move: Sticky Web\n|-fail|p2a: Regirock|unboost|[from] ability: Clear Body|[of] p2a: Regirock\n|move|p1a: Cramorant|Surf|p2a: Regirock\n|-formechange|p1a: Cramorant|Cramorant-Gulping|\n|-supereffective|p2a: Regirock\n|-damage|p2a: Regirock|0 fnt\n|faint|p2a: Regirock\n|\n|upkeep\n|\n|t:|1781391527\n|switch|p2a: Noivern|Noivern, L82, M|222/274\n|turn|30\n|\n|t:|1781391534\n|switch|p1a: Goodra|Goodra, L85, M|95/292 par\n|move|p2a: Noivern|Hurricane|p1a: Goodra\n|-damage|p1a: Goodra|52/292 par\n|\n|upkeep\n|turn|31\n|\n|t:|1781391541\n|move|p2a: Noivern|Draco Meteor|p1a: Goodra\n|-supereffective|p1a: Goodra\n|-damage|p1a: Goodra|0 fnt\n|-unboost|p2a: Noivern|spa|2\n|faint|p1a: Goodra\n|\n|upkeep\n|\n|t:|1781391547\n|switch|p1a: Cramorant|Cramorant, L86, M|203/261\n|turn|32\n|\n|t:|1781391552\n|move|p2a: Noivern|Defog|p1a: Cramorant\n|-unboost|p1a: Cramorant|evasion|1\n|-sideend|p2: rainjolt|Sticky Web|[from] move: Defog|[of] p2a: Noivern\n|move|p1a: Cramorant|Surf|p2a: Noivern\n|-formechange|p1a: Cramorant|Cramorant-Gulping|\n|-resisted|p2a: Noivern\n|-damage|p2a: Noivern|171/274\n|\n|upkeep\n|turn|33\n|\n|t:|1781391561\n|move|p2a: Noivern|Hurricane|p1a: Cramorant\n|-damage|p1a: Cramorant|148/261\n|-damage|p2a: Noivern|103/274|[from] ability: Gulp Missile|[of] p1a: Cramorant\n|-unboost|p2a: Noivern|def|1\n|-formechange|p1a: Cramorant|Cramorant|\n|move|p1a: Cramorant|Roost|p1a: Cramorant\n|-heal|p1a: Cramorant|261/261\n|-singleturn|p1a: Cramorant|move: Roost\n|\n|upkeep\n|turn|34\n|\n|t:|1781391573\n|switch|p2a: Probopass|Probopass, L91, F|257/257\n|move|p1a: Cramorant|Surf|p2a: Probopass\n|-formechange|p1a: Cramorant|Cramorant-Gulping|\n|-supereffective|p2a: Probopass\n|-damage|p2a: Probopass|141/257\n|\n|-heal|p2a: Probopass|157/257|[from] item: Leftovers\n|upkeep\n|turn|35\n|\n|t:|1781391579\n|move|p1a: Cramorant|Surf|p2a: Probopass\n|-supereffective|p2a: Probopass\n|-damage|p2a: Probopass|41/257\n|move|p2a: Probopass|Thunder Wave|p1a: Cramorant\n|-status|p1a: Cramorant|par\n|\n|-heal|p2a: Probopass|57/257|[from] item: Leftovers\n|upkeep\n|turn|36\n|\n|t:|1781391587\n|switch|p2a: Vileplume|Vileplume, L85, M|246/266\n|move|p1a: Cramorant|Surf|p2a: Vileplume\n|-resisted|p2a: Vileplume\n|-damage|p2a: Vileplume|206/266\n|\n|-heal|p2a: Vileplume|222/266|[from] item: Leftovers\n|upkeep\n|turn|37\n|\n|t:|1781391591\n|move|p2a: Vileplume|Leech Seed|p1a: Cramorant\n|-start|p1a: Cramorant|move: Leech Seed\n|cant|p1a: Cramorant|par\n|\n|-heal|p2a: Vileplume|238/266|[from] item: Leftovers\n|-damage|p1a: Cramorant|229/261 par|[from] Leech Seed|[of] p2a: Vileplume\n|-heal|p2a: Vileplume|266/266|[silent]\n|upkeep\n|turn|38\n|\n|t:|1781391597\n|switch|p1a: Magnezone|Magnezone, L85|235/258 slp\n|move|p2a: Vileplume|Sludge Bomb|p1a: Magnezone\n|-immune|p1a: Magnezone\n|\n|-heal|p1a: Magnezone|251/258 slp|[from] item: Leftovers\n|upkeep\n|turn|39\n|\n|t:|1781391603\n|cant|p1a: Magnezone|slp\n|move|p2a: Vileplume|Leech Seed|p1a: Magnezone\n|-start|p1a: Magnezone|move: Leech Seed\n|\n|-heal|p1a: Magnezone|258/258 slp|[from] item: Leftovers\n|-damage|p1a: Magnezone|226/258 slp|[from] Leech Seed|[of] p2a: Vileplume\n|upkeep\n|turn|40\n|\n|t:|1781391610\n|switch|p1a: Spidops|Spidops, L96, M|238/271\n|move|p2a: Vileplume|Sludge Bomb|p1a: Spidops\n|-damage|p1a: Spidops|139/271\n|\n|upkeep\n|turn|41\n|\n|t:|1781391619\n|switch|p2a: Noivern|Noivern, L82, M|103/274\n|move|p1a: Spidops|Sticky Web|p2a: Noivern\n|-sidestart|p2: rainjolt|move: Sticky Web\n|\n|upkeep\n|turn|42\n|\n|t:|1781391625\n|move|p2a: Noivern|Hurricane|p1a: Spidops|[miss]\n|-miss|p2a: Noivern|p1a: Spidops\n|move|p1a: Spidops|Sticky Web||[still]\n|-fail|p1a: Spidops\n|\n|upkeep\n|turn|43\n|\n|t:|1781391632\n|-terastallize|p1a: Spidops|Ghost\n|move|p2a: Noivern|Hurricane|p1a: Spidops\n|-damage|p1a: Spidops|40/271\n|move|p1a: Spidops|Knock Off|p2a: Noivern\n|-damage|p2a: Noivern|13/274\n|-enditem|p2a: Noivern|Heavy-Duty Boots|[from] move: Knock Off|[of] p1a: Spidops\n|\n|upkeep\n|turn|44\n|\n|t:|1781391643\n|move|p2a: Noivern|Flamethrower|p1a: Spidops\n|-damage|p1a: Spidops|0 fnt\n|faint|p1a: Spidops\n|\n|upkeep\n|\n|t:|1781391649\n|switch|p1a: Vivillon|Vivillon-Marine, L83, M|268/268\n|turn|45\n|\n|t:|1781391652\n|move|p2a: Noivern|Hurricane|p1a: Vivillon\n|-supereffective|p1a: Vivillon\n|-damage|p1a: Vivillon|0 fnt\n|faint|p1a: Vivillon\n|\n|upkeep\n|-message|100taka forfeited.\n|\n|win|rainjolt\n", "inputlog": ">version a8376a258c1d4662feba110a92103f3664a72141\n>start {\"formatid\":\"gen9randombattle\",\"seed\":\"sodium,404bd6086817987e179dfc1fd049d84d\",\"rated\":\"Rated battle\"}\n>player p1 {\"name\":\"100taka\",\"avatar\":\"265\",\"rating\":1911,\"seed\":\"sodium,3ddc21fdae233f5fb554eff7e88e7a6f\"}\n>player p2 {\"name\":\"rainjolt\",\"avatar\":\"elesa\",\"rating\":1920,\"seed\":\"sodium,c480a49bbc877d46205db14c8e84711c\"}\n>p1 move sleeppowder\n>p2 move discharge\n>p1 switch 2\n>p2 move icebeam\n>p1 move irondefense\n>p2 switch 5\n>p1 move discharge\n>p2 move leechseed\n>p1 switch 3\n>p2 move leechseed\n>p1 move fireblast\n>p2 move sludgebomb\n>p1 move knockoff\n>p2 switch 6\n>p1 move dracometeor\n>p2 move thunderwave\n>p1 switch 5\n>p2 move bodypress\n>p1 move takeheart\n>p2 switch 5\n>p1 move scald\n>p2 move discharge\n>p1 move rest\n>p2 move discharge\n>p1 move sleeptalk\n>p2 switch 6\n>p1 move scald\n>p2 move leechseed\n>p1 move scald\n>p2 switch 4\n>p1 move scald\n>p2 move dragondance\n>p1 move scald\n>p2 move trailblaze terastallize\n>p1 switch 6\n>p1 move circlethrow\n>p2 switch 3\n>p1 move stickyweb\n>p2 move leechseed\n>p1 switch 5\n>p2 move sludgebomb\n>p1 move knockoff\n>p2 switch 6\n>p1 switch 3\n>p2 move recover\n>p1 move discharge\n>p2 move triattack\n>p1 move bodypress\n>p2 switch 6\n>p1 switch 3\n>p2 switch 3\n>p1 move fireblast\n>p2 switch 6\n>p2 switch 2\n>p1 move dragontail\n>p2 move bodypress\n>p1 switch 4\n>p2 move bodypress\n>p1 move surf\n>p2 switch 5\n>p2 switch 4\n>p1 switch 4\n>p2 move hurricane\n>p1 move dragontail\n>p2 move dracometeor\n>p1 switch 4\n>p1 move surf\n>p2 move defog\n>p1 move roost\n>p2 move hurricane\n>p1 move surf\n>p2 switch 5\n>p1 move surf\n>p2 move thunderwave\n>p1 move surf\n>p2 switch 3\n>p1 move bravebird\n>p2 move leechseed\n>p1 switch 3\n>p2 move sludgebomb\n>p1 move discharge\n>p2 move leechseed\n>p1 switch 5\n>p2 move sludgebomb\n>p1 move stickyweb\n>p2 switch 5\n>p1 move stickyweb\n>p2 move hurricane\n>p1 move knockoff terastallize\n>p2 move hurricane\n>p1 move stickyweb\n>p2 move flamethrower\n>p1 switch 2\n>p1 move quiverdance\n>p2 move hurricane\n>forcelose p1", "uploadtime": 1781391259, "views": 5, "formatid": "gen9randombattle", "rating": null, "private": 0, "password": null, "player_dets": [{"name": "100taka", "avatar": "265", "rating": 1911, "seed": "sodium,3ddc21fdae233f5fb554eff7e88e7a6f"}, {"name": "rainjolt", "avatar": "elesa", "rating": 1920, "seed": "sodium,c480a49bbc877d46205db14c8e84711c"}], "teams_full": [{"Vivillon": {"name": "Vivillon", "species": "Vivillon-Marine", "speciesId": "vivillon", "gender": "M", "shiny": false, "level": 83, "moves": ["hurricane", "quiverdance", "sleeppowder", "bugbuzz"], "ability": "Compound Eyes", "evs": {"hp": 85, "atk": 0, "def": 85, "spa": 85, "spd": 85, "spe": 85}, "ivs": {"hp": 31, "atk": 0, "def": 31, "spa": 31, "spd": 31, "spe": 31}, "item": "Heavy-Duty Boots", "teraType": "Flying", "role": "Fast Bulky Setup", "bvs": {"hp": 80, "atk": 52, "def": 50, "spa": 90, "spd": 50, "spe": 89}, "stats": {"hp": 268, "atk": 91, "def": 131, "spa": 197, "spd": 131, "spe": 195}}, "Magnezone": {"name": "Magnezone", "species": "Magnezone", "speciesId": "magnezone", "gender": "N", "shiny": false, "level": 85, "moves": ["flashcannon", "discharge", "bodypress", "irondefense"], "ability": "Magnet Pull", "evs": {"hp": 85, "atk": 0, "def": 85, "spa": 85, "spd": 85, "spe": 85}, "ivs": {"hp": 31, "atk": 0, "def": 31, "spa": 31, "spd": 31, "spe": 31}, "item": "Leftovers", "teraType": "Fighting", "role": "Bulky Setup", "bvs": {"hp": 70, "atk": 70, "def": 115, "spa": 130, "spd": 90, "spe": 60}, "stats": {"hp": 258, "atk": 124, "def": 244, "spa": 270, "spd": 202, "spe": 151}}, "Goodra": {"name": "Goodra", "species": "Goodra", "speciesId": "goodra", "gender": "M", "shiny": false, "level": 85, "moves": ["knockoff", "dracometeor", "fireblast", "dragontail"], "ability": "Sap Sipper", "evs": {"hp": 85, "atk": 85, "def": 85, "spa": 85, "spd": 85, "spe": 85}, "ivs": {"hp": 31, "atk": 31, "def": 31, "spa": 31, "spd": 31, "spe": 31}, "item": "Assault Vest", "teraType": "Steel", "role": "AV Pivot", "bvs": {"hp": 90, "atk": 100, "def": 70, "spa": 110, "spd": 150, "spe": 80}, "stats": {"hp": 292, "atk": 219, "def": 168, "spa": 236, "spd": 304, "spe": 185}}, "Cramorant": {"name": "Cramorant", "species": "Cramorant", "speciesId": "cramorant", "gender": "M", "shiny": false, "level": 86, "moves": ["roost", "bravebird", "defog", "surf"], "ability": "Gulp Missile", "evs": {"hp": 85, "atk": 85, "def": 85, "spa": 85, "spd": 85, "spe": 85}, "ivs": {"hp": 31, "atk": 31, "def": 31, "spa": 31, "spd": 31, "spe": 31}, "item": "Heavy-Duty Boots", "teraType": "Ground", "role": "Bulky Support", "bvs": {"hp": 70, "atk": 85, "def": 55, "spa": 85, "spd": 95, "spe": 85}, "stats": {"hp": 261, "atk": 195, "def": 144, "spa": 195, "spd": 213, "spe": 195}}, "Phione": {"name": "Phione", "species": "Phione", "speciesId": "phione", "gender": "N", "shiny": false, "level": 91, "moves": ["sleeptalk", "takeheart", "rest", "scald"], "ability": "Hydration", "evs": {"hp": 85, "atk": 0, "def": 85, "spa": 85, "spd": 85, "spe": 85}, "ivs": {"hp": 31, "atk": 0, "def": 31, "spa": 31, "spd": 31, "spe": 31}, "item": "Leftovers", "teraType": "Dragon", "role": "Bulky Setup", "bvs": {"hp": 80, "atk": 80, "def": 80, "spa": 80, "spd": 80, "spe": 80}, "stats": {"hp": 293, "atk": 150, "def": 197, "spa": 197, "spd": 197, "spe": 197}}, "Spidops": {"name": "Spidops", "species": "Spidops", "speciesId": "spidops", "gender": "M", "shiny": false, "level": 96, "moves": ["circlethrow", "stickyweb", "toxicspikes", "knockoff"], "ability": "Stakeout", "evs": {"hp": 85, "atk": 85, "def": 85, "spa": 85, "spd": 85, "spe": 85}, "ivs": {"hp": 31, "atk": 31, "def": 31, "spa": 31, "spd": 31, "spe": 31}, "item": "Heavy-Duty Boots", "teraType": "Ghost", "role": "Bulky Support", "bvs": {"hp": 60, "atk": 79, "def": 92, "spa": 52, "spd": 86, "spe": 35}, "stats": {"hp": 271, "atk": 206, "def": 231, "spa": 154, "spd": 220, "spe": 122}}}, {"Porygon2": {"name": "Porygon2", "species": "Porygon2", "speciesId": "porygon2", "gender": "N", "shiny": false, "level": 81, "moves": ["recover", "discharge", "triattack", "icebeam"], "ability": "Download", "evs": {"hp": 85, "atk": 0, "def": 85, "spa": 85, "spd": 85, "spe": 85}, "ivs": {"hp": 31, "atk": 0, "def": 31, "spa": 31, "spd": 31, "spe": 31}, "item": "Eviolite", "teraType": "Electric", "role": "Bulky Support", "bvs": {"hp": 85, "atk": 80, "def": 90, "spa": 105, "spd": 95, "spe": 60}, "stats": {"hp": 270, "atk": 134, "def": 192, "spa": 217, "spd": 201, "spe": 144}}, "Probopass": {"name": "Probopass", "species": "Probopass", "speciesId": "probopass", "gender": "F", "shiny": false, "level": 91, "moves": ["irondefense", "bodypress", "thunderwave", "flashcannon"], "ability": "Magnet Pull", "evs": {"hp": 85, "atk": 0, "def": 85, "spa": 85, "spd": 85, "spe": 85}, "ivs": {"hp": 31, "atk": 0, "def": 31, "spa": 31, "spd": 31, "spe": 31}, "item": "Leftovers", "teraType": "Fighting", "role": "Bulky Setup", "bvs": {"hp": 60, "atk": 55, "def": 145, "spa": 75, "spd": 150, "spe": 40}, "stats": {"hp": 257, "atk": 105, "def": 316, "spa": 188, "spd": 325, "spe": 125}}, "Noivern": {"name": "Noivern", "species": "Noivern", "speciesId": "noivern", "gender": "M", "shiny": false, "level": 82, "moves": ["flamethrower", "hurricane", "dracometeor", "defog"], "ability": "Infiltrator", "evs": {"hp": 85, "atk": 0, "def": 85, "spa": 85, "spd": 85, "spe": 85}, "ivs": {"hp": 31, "atk": 0, "def": 31, "spa": 31, "spd": 31, "spe": 31}, "item": "Heavy-Duty Boots", "teraType": "Fire", "role": "Fast Support", "bvs": {"hp": 85, "atk": 70, "def": 80, "spa": 97, "spd": 80, "spe": 123}, "stats": {"hp": 274, "atk": 119, "def": 178, "spa": 206, "spd": 178, "spe": 249}}, "Feraligatr": {"name": "Feraligatr", "species": "Feraligatr", "speciesId": "feraligatr", "gender": "F", "shiny": false, "level": 79, "moves": ["liquidation", "dragondance", "trailblaze", "icepunch"], "ability": "Sheer Force", "evs": {"hp": 85, "atk": 85, "def": 85, "spa": 85, "spd": 85, "spe": 85}, "ivs": {"hp": 31, "atk": 31, "def": 31, "spa": 31, "spd": 31, "spe": 31}, "item": "Life Orb", "teraType": "Grass", "role": "Setup Sweeper", "bvs": {"hp": 85, "atk": 105, "def": 100, "spa": 79, "spd": 83, "spe": 78}, "stats": {"hp": 264, "atk": 211, "def": 204, "spa": 170, "spd": 177, "spe": 169}}, "Vileplume": {"name": "Vileplume", "species": "Vileplume", "speciesId": "vileplume", "gender": "M", "shiny": false, "level": 85, "moves": ["gigadrain", "sludgebomb", "leechseed", "strengthsap"], "ability": "Effect Spore", "evs": {"hp": 85, "atk": 0, "def": 85, "spa": 85, "spd": 85, "spe": 85}, "ivs": {"hp": 31, "atk": 0, "def": 31, "spa": 31, "spd": 31, "spe": 31}, "item": "Leftovers", "teraType": "Water", "role": "Bulky Attacker", "bvs": {"hp": 75, "atk": 80, "def": 85, "spa": 110, "spd": 90, "spe": 50}, "stats": {"hp": 266, "atk": 141, "def": 193, "spa": 236, "spd": 202, "spe": 134}}, "Regirock": {"name": "Regirock", "species": "Regirock", "speciesId": "regirock", "gender": "N", "shiny": false, "level": 83, "moves": ["bodypress", "stoneedge", "thunderwave", "irondefense"], "ability": "Clear Body", "evs": {"hp": 85, "atk": 85, "def": 85, "spa": 85, "spd": 85, "spe": 85}, "ivs": {"hp": 31, "atk": 31, "def": 31, "spa": 31, "spd": 31, "spe": 31}, "item": "Leftovers", "teraType": "Fighting", "role": "Bulky Attacker", "bvs": {"hp": 80, "atk": 100, "def": 200, "spa": 50, "spd": 100, "spe": 50}, "stats": {"hp": 268, "atk": 214, "def": 380, "spa": 131, "spd": 214, "spe": 131}}}]}