{"id": "gen9randombattle-2631413542", "format": "[Gen 9] Random Battle", "players": ["koffingwoffing", "tofumeats"], "log": "|j|\u2606koffingwoffing\n|j|\u2606tofumeats\n|t:|1781381679\n|gametype|singles\n|player|p1|koffingwoffing|will-gen2|2131\n|player|p2|tofumeats|n|2159\n|gen|9\n|tier|[Gen 9] Random Battle\n|rated|\n|rule|Species Clause: Limit one of each Pok\u00e9mon\n|rule|HP Percentage Mod: HP is shown in percentages\n|rule|Sleep Clause Mod: Limit one foe put to sleep\n|rule|Illusion Level Mod: Illusion disguises the Pok\u00e9mon's true level\n|\n|t:|1781381679\n|teamsize|p1|6\n|teamsize|p2|6\n|start\n|switch|p1a: Archaludon|Archaludon, L78, M|268/268\n|switch|p2a: Hippowdon|Hippowdon, L82, M|311/311\n|-weather|Sandstorm|[from] ability: Sand Stream|[of] p2a: Hippowdon\n|turn|1\n|inactive|Battle timer is ON: inactive players will automatically lose when time's up. (requested by tofumeats)\n|inactive|koffingwoffing has 120 seconds left.\n|\n|t:|1781381711\n|move|p1a: Archaludon|Draco Meteor|p2a: Hippowdon\n|-damage|p2a: Hippowdon|131/311\n|-unboost|p1a: Archaludon|spa|2\n|move|p2a: Hippowdon|Earthquake|p1a: Archaludon\n|-supereffective|p1a: Archaludon\n|-damage|p1a: Archaludon|88/268\n|-ability|p1a: Archaludon|Stamina|boost\n|-boost|p1a: Archaludon|def|1\n|\n|-weather|Sandstorm|[upkeep]\n|-heal|p2a: Hippowdon|150/311|[from] item: Leftovers\n|upkeep\n|turn|2\n|\n|t:|1781381727\n|switch|p1a: Lurantis|Lurantis, L87, M|264/264\n|move|p2a: Hippowdon|Slack Off|p2a: Hippowdon\n|-heal|p2a: Hippowdon|306/311\n|\n|-weather|Sandstorm|[upkeep]\n|-damage|p1a: Lurantis|248/264|[from] Sandstorm\n|-heal|p1a: Lurantis|264/264|[from] item: Leftovers\n|-heal|p2a: Hippowdon|311/311|[from] item: Leftovers\n|upkeep\n|turn|3\n|\n|t:|1781381741\n|switch|p2a: Hariyama|Hariyama, L87, M|392/392\n|move|p1a: Lurantis|Leaf Storm|p2a: Hariyama\n|-damage|p2a: Hariyama|227/392\n|-boost|p1a: Lurantis|spa|2\n|\n|-weather|Sandstorm|[upkeep]\n|-damage|p2a: Hariyama|203/392|[from] Sandstorm\n|-damage|p1a: Lurantis|248/264|[from] Sandstorm\n|-heal|p1a: Lurantis|264/264|[from] item: Leftovers\n|-status|p2a: Hariyama|brn|[from] item: Flame Orb\n|upkeep\n|turn|4\n|\n|t:|1781381750\n|move|p2a: Hariyama|Fake Out|p1a: Lurantis\n|-damage|p1a: Lurantis|213/264\n|cant|p1a: Lurantis|flinch\n|\n|-weather|Sandstorm|[upkeep]\n|-damage|p2a: Hariyama|179/392 brn|[from] Sandstorm\n|-damage|p1a: Lurantis|197/264|[from] Sandstorm\n|-heal|p1a: Lurantis|213/264|[from] item: Leftovers\n|-damage|p2a: Hariyama|155/392 brn|[from] brn\n|upkeep\n|turn|5\n|\n|t:|1781381767\n|switch|p1a: Archaludon|Archaludon, L78, M|88/268\n|move|p2a: Hariyama|Close Combat|p1a: Archaludon\n|-supereffective|p1a: Archaludon\n|-damage|p1a: Archaludon|0 fnt\n|-unboost|p2a: Hariyama|def|1\n|-unboost|p2a: Hariyama|spd|1\n|faint|p1a: Archaludon\n|\n|-weather|none\n|-damage|p2a: Hariyama|131/392 brn|[from] brn\n|upkeep\n|\n|t:|1781381782\n|switch|p1a: Leavanny|Leavanny, L86, F|269/269\n|turn|6\n|\n|t:|1781381789\n|switch|p2a: Jirachi|Jirachi, L80|291/291\n|move|p1a: Leavanny|Leaf Blade|p2a: Jirachi\n|-resisted|p2a: Jirachi\n|-damage|p2a: Jirachi|239/291\n|\n|-heal|p2a: Jirachi|257/291|[from] item: Leftovers\n|upkeep\n|turn|7\n|\n|t:|1781381805\n|move|p1a: Leavanny|Knock Off|p2a: Jirachi\n|-supereffective|p2a: Jirachi\n|-damage|p2a: Jirachi|117/291\n|-enditem|p2a: Jirachi|Leftovers|[from] move: Knock Off|[of] p1a: Leavanny\n|move|p2a: Jirachi|Body Slam|p1a: Leavanny\n|-damage|p1a: Leavanny|207/269\n|-status|p1a: Leavanny|par\n|\n|upkeep\n|turn|8\n|\n|t:|1781381817\n|move|p2a: Jirachi|Iron Head|p1a: Leavanny\n|-damage|p1a: Leavanny|122/269 par\n|cant|p1a: Leavanny|flinch\n|\n|upkeep\n|turn|9\n|\n|t:|1781381821\n|move|p2a: Jirachi|Iron Head|p1a: Leavanny\n|-damage|p1a: Leavanny|38/269 par\n|move|p1a: Leavanny|Sticky Web|p2a: Jirachi\n|-sidestart|p2: tofumeats|move: Sticky Web\n|\n|upkeep\n|turn|10\n|\n|t:|1781381826\n|move|p2a: Jirachi|Body Slam|p1a: Leavanny\n|-damage|p1a: Leavanny|0 fnt\n|faint|p1a: Leavanny\n|\n|upkeep\n|\n|t:|1781381834\n|switch|p1a: Excadrill|Excadrill, L79, M|303/303\n|-ability|p1a: Excadrill|Mold Breaker\n|turn|11\n|\n|t:|1781381841\n|move|p2a: Jirachi|Body Slam|p1a: Excadrill\n|-resisted|p1a: Excadrill\n|-damage|p1a: Excadrill|264/303\n|-status|p1a: Excadrill|par\n|cant|p1a: Excadrill|par\n|\n|upkeep\n|turn|12\n|\n|t:|1781381847\n|switch|p2a: Hippowdon|Hippowdon, L82, M|311/311\n|-activate|p2a: Hippowdon|move: Sticky Web\n|-unboost|p2a: Hippowdon|spe|1\n|-weather|Sandstorm|[from] ability: Sand Stream|[of] p2a: Hippowdon\n|move|p1a: Excadrill|Earthquake|p2a: Hippowdon\n|-damage|p2a: Hippowdon|208/311\n|\n|-weather|Sandstorm|[upkeep]\n|-heal|p2a: Hippowdon|227/311|[from] item: Leftovers\n|upkeep\n|turn|13\n|\n|t:|1781381861\n|switch|p1a: Lurantis|Lurantis, L87, M|213/264\n|move|p2a: Hippowdon|Stone Edge|p1a: Lurantis\n|-damage|p1a: Lurantis|147/264\n|\n|-weather|Sandstorm|[upkeep]\n|-damage|p1a: Lurantis|131/264|[from] Sandstorm\n|-heal|p1a: Lurantis|147/264|[from] item: Leftovers\n|-heal|p2a: Hippowdon|246/311|[from] item: Leftovers\n|upkeep\n|turn|14\n|\n|t:|1781381872\n|move|p1a: Lurantis|Superpower|p2a: Hippowdon\n|-damage|p2a: Hippowdon|174/311\n|-boost|p1a: Lurantis|atk|1\n|-boost|p1a: Lurantis|def|1\n|move|p2a: Hippowdon|Stone Edge|p1a: Lurantis\n|-damage|p1a: Lurantis|97/264\n|\n|-weather|Sandstorm|[upkeep]\n|-damage|p1a: Lurantis|81/264|[from] Sandstorm\n|-heal|p1a: Lurantis|97/264|[from] item: Leftovers\n|-heal|p2a: Hippowdon|193/311|[from] item: Leftovers\n|upkeep\n|turn|15\n|\n|t:|1781381888\n|switch|p2a: Ogerpon|Ogerpon, L80, F|259/259\n|-activate|p2a: Ogerpon|move: Sticky Web\n|-unboost|p2a: Ogerpon|spe|1\n|-ability|p2a: Ogerpon|Defiant|boost\n|-boost|p2a: Ogerpon|atk|2\n|move|p1a: Lurantis|Superpower|p2a: Ogerpon\n|-damage|p2a: Ogerpon|113/259\n|-boost|p1a: Lurantis|atk|1\n|-boost|p1a: Lurantis|def|1\n|\n|-weather|Sandstorm|[upkeep]\n|-damage|p2a: Ogerpon|97/259|[from] Sandstorm\n|-damage|p1a: Lurantis|81/264|[from] Sandstorm\n|-heal|p2a: Ogerpon|113/259|[from] item: Leftovers\n|-heal|p1a: Lurantis|97/264|[from] item: Leftovers\n|upkeep\n|turn|16\n|\n|t:|1781381904\n|move|p2a: Ogerpon|Ivy Cudgel|p1a: Lurantis\n|-resisted|p1a: Lurantis\n|-damage|p1a: Lurantis|43/264\n|move|p1a: Lurantis|Superpower|p2a: Ogerpon\n|-damage|p2a: Ogerpon|0 fnt\n|-boost|p1a: Lurantis|atk|1\n|-boost|p1a: Lurantis|def|1\n|faint|p2a: Ogerpon\n|\n|-weather|none\n|-heal|p1a: Lurantis|59/264|[from] item: Leftovers\n|upkeep\n|\n|t:|1781381915\n|switch|p2a: Spectrier|Spectrier, L75|274/274\n|-activate|p2a: Spectrier|move: Sticky Web\n|-unboost|p2a: Spectrier|spe|1\n|turn|17\n|\n|t:|1781381920\n|switch|p1a: Cyclizar|Cyclizar, L83, F|252/252\n|move|p2a: Spectrier|Shadow Ball|p1a: Cyclizar\n|-immune|p1a: Cyclizar\n|\n|upkeep\n|turn|18\n|\n|t:|1781381934\n|move|p1a: Cyclizar|Shed Tail|p1a: Cyclizar\n|-start|p1a: Cyclizar|Substitute|[from] move: Shed Tail\n|-damage|p1a: Cyclizar|126/252\n|\n|t:|1781381942\n|switch|p1a: Lurantis|Lurantis, L87, M|59/264|[from] Shed Tail\n|move|p2a: Spectrier|Draining Kiss|p1a: Lurantis\n|-activate|p1a: Lurantis|move: Substitute|[damage]\n|-damage|p2a: Spectrier|247/274|[from] item: Life Orb\n|\n|-heal|p1a: Lurantis|75/264|[from] item: Leftovers\n|upkeep\n|turn|19\n|\n|t:|1781381947\n|move|p2a: Spectrier|Shadow Ball|p1a: Lurantis\n|-end|p1a: Lurantis|Substitute\n|-damage|p2a: Spectrier|220/274|[from] item: Life Orb\n|move|p1a: Lurantis|Leaf Storm|p2a: Spectrier\n|-damage|p2a: Spectrier|78/274\n|-boost|p1a: Lurantis|spa|2\n|\n|-heal|p1a: Lurantis|91/264|[from] item: Leftovers\n|upkeep\n|turn|20\n|\n|t:|1781381953\n|switch|p1a: Cyclizar|Cyclizar, L83, F|210/252\n|move|p2a: Spectrier|Shadow Ball|p1a: Cyclizar\n|-immune|p1a: Cyclizar\n|\n|upkeep\n|turn|21\n|\n|t:|1781381960\n|-terastallize|p2a: Spectrier|Fairy\n|move|p1a: Cyclizar|Knock Off|p2a: Spectrier\n|-resisted|p2a: Spectrier\n|-damage|p2a: Spectrier|27/274\n|-enditem|p2a: Spectrier|Life Orb|[from] move: Knock Off|[of] p1a: Cyclizar\n|move|p2a: Spectrier|Draining Kiss|p1a: Cyclizar\n|-supereffective|p1a: Cyclizar\n|-damage|p1a: Cyclizar|16/252\n|-heal|p2a: Spectrier|173/274|[from] drain|[of] p1a: Cyclizar\n|\n|upkeep\n|turn|22\n|\n|t:|1781381979\n|move|p1a: Cyclizar|Taunt|p2a: Spectrier\n|-start|p2a: Spectrier|move: Taunt\n|move|p2a: Spectrier|Draining Kiss|p1a: Cyclizar\n|-supereffective|p1a: Cyclizar\n|-damage|p1a: Cyclizar|0 fnt\n|-heal|p2a: Spectrier|185/274|[from] drain|[of] p1a: Cyclizar\n|faint|p1a: Cyclizar\n|-ability|p2a: Spectrier|Grim Neigh|boost\n|-boost|p2a: Spectrier|spa|1\n|\n|upkeep\n|\n|t:|1781381987\n|switch|p1a: Hariyama|Hariyama, L87, M|392/392\n|turn|23\n|\n|t:|1781382011\n|move|p2a: Spectrier|Draining Kiss|p1a: Hariyama\n|-supereffective|p1a: Hariyama\n|-damage|p1a: Hariyama|222/392\n|-heal|p2a: Spectrier|274/274|[from] drain|[of] p1a: Hariyama\n|move|p1a: Hariyama|Heavy Slam|p2a: Spectrier\n|-supereffective|p2a: Spectrier\n|-damage|p2a: Spectrier|0 fnt\n|faint|p2a: Spectrier\n|\n|upkeep\n|\n|t:|1781382022\n|switch|p2a: Medicham|Medicham, L86, F|243/243\n|-activate|p2a: Medicham|move: Sticky Web\n|-unboost|p2a: Medicham|spe|1\n|turn|24\n|inactive|koffingwoffing has 120 seconds left.\n|\n|t:|1781382047\n|-terastallize|p1a: Hariyama|Steel\n|move|p2a: Medicham|Close Combat|p1a: Hariyama\n|-supereffective|p1a: Hariyama\n|-damage|p1a: Hariyama|0 fnt\n|-unboost|p2a: Medicham|def|1\n|-unboost|p2a: Medicham|spd|1\n|faint|p1a: Hariyama\n|\n|upkeep\n|\n|t:|1781382053\n|switch|p1a: Lurantis|Lurantis, L87, M|91/264\n|turn|25\n|inactive|koffingwoffing has 120 seconds left.\n|\n|t:|1781382060\n|switch|p1a: Excadrill|Excadrill, L79, M|264/303 par\n|-ability|p1a: Excadrill|Mold Breaker\n|move|p2a: Medicham|Close Combat|p1a: Excadrill\n|-supereffective|p1a: Excadrill\n|-damage|p1a: Excadrill|0 fnt\n|-unboost|p2a: Medicham|def|1\n|-unboost|p2a: Medicham|spd|1\n|faint|p1a: Excadrill\n|\n|upkeep\n|\n|t:|1781382062\n|switch|p1a: Lurantis|Lurantis, L87, M|91/264\n|turn|26\n|\n|t:|1781382069\n|move|p2a: Medicham|Close Combat|p1a: Lurantis\n|-crit|p1a: Lurantis\n|-damage|p1a: Lurantis|0 fnt\n|-unboost|p2a: Medicham|def|1\n|-unboost|p2a: Medicham|spd|1\n|faint|p1a: Lurantis\n|\n|win|tofumeats\n", "inputlog": ">version a8376a258c1d4662feba110a92103f3664a72141\n>start {\"formatid\":\"gen9randombattle\",\"seed\":\"sodium,f6e7d865918e999f7e615c78549d3cd3\",\"rated\":\"Rated battle\"}\n>player p1 {\"name\":\"koffingwoffing\",\"avatar\":\"will-gen2\",\"rating\":2131,\"seed\":\"sodium,0fc38ad6529a75a3fbc1c95a36d2d6eb\"}\n>player p2 {\"name\":\"tofumeats\",\"avatar\":\"n\",\"rating\":2159,\"seed\":\"sodium,60259956e9109a15690d4ed3235ddfa9\"}\n>p1 move dracometeor\n>p2 move earthquake\n>p1 switch 3\n>p2 move slackoff\n>p1 move leafstorm\n>p2 switch 4\n>p1 move leafstorm\n>p2 move fakeout\n>p1 switch 3\n>p2 move closecombat\n>p1 switch 6\n>p1 move leafblade\n>p2 switch 3\n>p1 move knockoff\n>p2 move bodyslam\n>p1 move stickyweb\n>p2 move ironhead\n>p1 move stickyweb\n>p2 move ironhead\n>p1 move lunge\n>p2 move bodyslam\n>p1 switch 5\n>p1 move earthquake\n>p2 move bodyslam\n>p1 move earthquake\n>p2 switch 4\n>p1 switch 3\n>p2 move stoneedge\n>p1 move superpower\n>p2 move stoneedge\n>p1 move superpower\n>p2 switch 6\n>p1 move superpower\n>p2 move ivycudgel\n>p2 switch 5\n>p1 switch 4\n>p2 move shadowball\n>p1 move shedtail\n>p2 move drainingkiss\n>p1 switch 4\n>p1 move leafstorm\n>p2 move shadowball\n>p1 switch 4\n>p2 move shadowball\n>p1 move knockoff\n>p2 move drainingkiss terastallize\n>p1 move taunt\n>p2 move drainingkiss\n>p1 switch 2\n>p1 move heavyslam\n>p2 move drainingkiss\n>p2 switch 2\n>p1 move heavyslam terastallize\n>p2 move closecombat\n>p1 switch 4\n>p1 switch 3\n>p2 move closecombat\n>p1 switch 3\n>p1 move leafstorm\n>p2 move closecombat", "uploadtime": 1781381680, "views": 9, "formatid": "gen9randombattle", "rating": null, "private": 0, "password": null}