{"id": "gen9randombattle-2631375061", "format": "[Gen 9] Random Battle", "players": ["Adbbb", "Wesleywidmer"], "log": "|j|\u2606Adbbb\n|j|\u2606Wesleywidmer\n|t:|1781377210\n|gametype|singles\n|player|p1|Adbbb|dawn|\n|player|p2|Wesleywidmer|265|\n|gen|9\n|tier|[Gen 9] Random Battle\n|rule|Species Clause: Limit one of each Pok\u00e9mon\n|rule|HP Percentage Mod: HP is shown in percentages\n|rule|Sleep Clause Mod: Limit one foe put to sleep\n|rule|Illusion Level Mod: Illusion disguises the Pok\u00e9mon's true level\n|\n|t:|1781377210\n|teamsize|p1|6\n|teamsize|p2|6\n|start\n|switch|p1a: Eelektross|Eelektross, L87, F|290/290\n|switch|p2a: Darkrai|Darkrai, L77|234/234\n|turn|1\n|\n|t:|1781377234\n|move|p2a: Darkrai|Sludge Bomb|p1a: Eelektross\n|-damage|p1a: Eelektross|199/290\n|-status|p1a: Eelektross|psn\n|-damage|p2a: Darkrai|211/234|[from] item: Life Orb\n|move|p1a: Eelektross|Coil|p1a: Eelektross\n|-boost|p1a: Eelektross|atk|1\n|-boost|p1a: Eelektross|def|1\n|-boost|p1a: Eelektross|accuracy|1\n|\n|-heal|p1a: Eelektross|217/290 psn|[from] item: Leftovers\n|-damage|p1a: Eelektross|181/290 psn|[from] psn\n|upkeep\n|turn|2\n|\n|t:|1781377248\n|move|p2a: Darkrai|Nasty Plot|p2a: Darkrai\n|-boost|p2a: Darkrai|spa|2\n|move|p1a: Eelektross|Drain Punch|p2a: Darkrai\n|-supereffective|p2a: Darkrai\n|-damage|p2a: Darkrai|1/234\n|-heal|p1a: Eelektross|286/290 psn|[from] drain|[of] p2a: Darkrai\n|\n|-heal|p1a: Eelektross|290/290 psn|[from] item: Leftovers\n|-damage|p1a: Eelektross|254/290 psn|[from] psn\n|upkeep\n|turn|3\n|\n|t:|1781377265\n|move|p2a: Darkrai|Dark Pulse|p1a: Eelektross\n|-damage|p1a: Eelektross|12/290 psn\n|-damage|p2a: Darkrai|0 fnt|[from] item: Life Orb\n|faint|p2a: Darkrai\n|cant|p1a: Eelektross|flinch\n|\n|-heal|p1a: Eelektross|30/290 psn|[from] item: Leftovers\n|-damage|p1a: Eelektross|0 fnt|[from] psn\n|faint|p1a: Eelektross\n|upkeep\n|\n|t:|1781377281\n|switch|p2a: Tentacruel|Tentacruel, L84, F|272/272\n|switch|p1a: Blissey|Blissey, L85, F|572/572\n|turn|4\n|\n|t:|1781377302\n|move|p2a: Tentacruel|Sludge Bomb|p1a: Blissey\n|-damage|p1a: Blissey|511/572\n|-status|p1a: Blissey|psn\n|move|p1a: Blissey|Seismic Toss|p2a: Tentacruel\n|-damage|p2a: Tentacruel|187/272\n|\n|-heal|p2a: Tentacruel|204/272|[from] item: Leftovers\n|-heal|p1a: Blissey|546/572 psn|[from] item: Leftovers\n|-damage|p1a: Blissey|475/572 psn|[from] psn\n|upkeep\n|turn|5\n|\n|t:|1781377318\n|move|p2a: Tentacruel|Rapid Spin|p1a: Blissey\n|-damage|p1a: Blissey|388/572 psn\n|-boost|p2a: Tentacruel|spe|1\n|move|p1a: Blissey|Thunder Wave|p2a: Tentacruel\n|-status|p2a: Tentacruel|par\n|\n|-heal|p2a: Tentacruel|221/272 par|[from] item: Leftovers\n|-heal|p1a: Blissey|423/572 psn|[from] item: Leftovers\n|-damage|p1a: Blissey|352/572 psn|[from] psn\n|upkeep\n|turn|6\n|\n|t:|1781377334\n|cant|p2a: Tentacruel|par\n|move|p1a: Blissey|Heal Bell|p1a: Blissey\n|-activate|p1a: Blissey|move: Heal Bell\n|-curestatus|p1a: Blissey|psn|[msg]\n|\n|-heal|p2a: Tentacruel|238/272 par|[from] item: Leftovers\n|-heal|p1a: Blissey|387/572|[from] item: Leftovers\n|upkeep\n|turn|7\n|\n|t:|1781377344\n|move|p2a: Tentacruel|Rapid Spin|p1a: Blissey\n|-damage|p1a: Blissey|297/572\n|-boost|p2a: Tentacruel|spe|1\n|move|p1a: Blissey|Seismic Toss|p2a: Tentacruel\n|-damage|p2a: Tentacruel|153/272 par\n|\n|-heal|p2a: Tentacruel|170/272 par|[from] item: Leftovers\n|-heal|p1a: Blissey|332/572|[from] item: Leftovers\n|upkeep\n|turn|8\n|\n|t:|1781377355\n|move|p2a: Tentacruel|Sludge Bomb|p1a: Blissey\n|-damage|p1a: Blissey|277/572\n|move|p1a: Blissey|Soft-Boiled|p1a: Blissey\n|-heal|p1a: Blissey|563/572\n|\n|-heal|p2a: Tentacruel|187/272 par|[from] item: Leftovers\n|-heal|p1a: Blissey|572/572|[from] item: Leftovers\n|upkeep\n|turn|9\n|\n|t:|1781377364\n|cant|p2a: Tentacruel|par\n|move|p1a: Blissey|Seismic Toss|p2a: Tentacruel\n|-damage|p2a: Tentacruel|102/272 par\n|\n|-heal|p2a: Tentacruel|119/272 par|[from] item: Leftovers\n|upkeep\n|turn|10\n|\n|t:|1781377375\n|move|p2a: Tentacruel|Surf|p1a: Blissey\n|-damage|p1a: Blissey|511/572\n|move|p1a: Blissey|Seismic Toss|p2a: Tentacruel\n|-damage|p2a: Tentacruel|34/272 par\n|\n|-heal|p2a: Tentacruel|51/272 par|[from] item: Leftovers\n|-heal|p1a: Blissey|546/572|[from] item: Leftovers\n|upkeep\n|turn|11\n|\n|t:|1781377386\n|move|p2a: Tentacruel|Sludge Bomb|p1a: Blissey\n|-damage|p1a: Blissey|489/572\n|move|p1a: Blissey|Seismic Toss|p2a: Tentacruel\n|-damage|p2a: Tentacruel|0 fnt\n|faint|p2a: Tentacruel\n|\n|-heal|p1a: Blissey|524/572|[from] item: Leftovers\n|upkeep\n|\n|t:|1781377397\n|switch|p2a: Avalugg|Avalugg-Hisui, L90, M|317/317\n|turn|12\n|\n|t:|1781377416\n|move|p1a: Blissey|Seismic Toss|p2a: Avalugg\n|-damage|p2a: Avalugg|232/317\n|move|p2a: Avalugg|Body Press|p1a: Blissey\n|-supereffective|p1a: Blissey\n|-damage|p1a: Blissey|0 fnt\n|faint|p1a: Blissey\n|\n|upkeep\n|\n|t:|1781377434\n|switch|p1a: Dugtrio|Dugtrio, L84, M|196/196\n|turn|13\n|\n|t:|1781377451\n|move|p1a: Dugtrio|Swords Dance|p1a: Dugtrio\n|-boost|p1a: Dugtrio|atk|2\n|move|p2a: Avalugg|Avalanche|p1a: Dugtrio\n|-supereffective|p1a: Dugtrio\n|-damage|p1a: Dugtrio|0 fnt\n|faint|p1a: Dugtrio\n|\n|upkeep\n|\n|t:|1781377468\n|switch|p1a: Metagross|Metagross, L79|256/256\n|turn|14\n|\n|t:|1781377478\n|move|p1a: Metagross|Heavy Slam|p2a: Avalugg\n|-supereffective|p2a: Avalugg\n|-damage|p2a: Avalugg|0 fnt\n|faint|p2a: Avalugg\n|\n|upkeep\n|\n|t:|1781377489\n|switch|p2a: Noctowl|Noctowl, L95, M|344/344\n|turn|15\n|\n|t:|1781377502\n|switch|p2a: Sawsbuck|Sawsbuck-Autumn, L88, F|284/284\n|move|p1a: Metagross|Heavy Slam|p2a: Sawsbuck\n|-damage|p2a: Sawsbuck|43/284\n|\n|upkeep\n|turn|16\n|\n|t:|1781377517\n|move|p2a: Sawsbuck|Horn Leech|p1a: Metagross\n|-resisted|p1a: Metagross\n|-damage|p1a: Metagross|209/256\n|-heal|p2a: Sawsbuck|67/284|[from] drain|[of] p1a: Metagross\n|-damage|p2a: Sawsbuck|39/284|[from] item: Life Orb\n|move|p1a: Metagross|Heavy Slam|p2a: Sawsbuck\n|-damage|p2a: Sawsbuck|0 fnt\n|faint|p2a: Sawsbuck\n|\n|upkeep\n|\n|t:|1781377528\n|switch|p2a: Noctowl|Noctowl, L95, M|344/344\n|turn|17\n|\n|t:|1781377541\n|move|p2a: Noctowl|Hurricane|p1a: Metagross\n|-resisted|p1a: Metagross\n|-damage|p1a: Metagross|65/256\n|-start|p1a: Metagross|confusion\n|-activate|p1a: Metagross|confusion\n|move|p1a: Metagross|Heavy Slam|p2a: Noctowl\n|-damage|p2a: Noctowl|43/344\n|\n|upkeep\n|turn|18\n|\n|t:|1781377551\n|move|p2a: Noctowl|Hyper Voice|p1a: Metagross\n|-resisted|p1a: Metagross\n|-damage|p1a: Metagross|0 fnt\n|faint|p1a: Metagross\n|\n|upkeep\n|\n|t:|1781377563\n|switch|p1a: Mesprit|Mesprit, L85|275/275\n|turn|19\n|\n|t:|1781377574\n|move|p2a: Noctowl|Hurricane|p1a: Mesprit|[miss]\n|-miss|p2a: Noctowl|p1a: Mesprit\n|move|p1a: Mesprit|Nasty Plot|p1a: Mesprit\n|-boost|p1a: Mesprit|spa|2\n|\n|upkeep\n|turn|20\n|\n|t:|1781377583\n|move|p2a: Noctowl|Hurricane|p1a: Mesprit|[miss]\n|-miss|p2a: Noctowl|p1a: Mesprit\n|move|p1a: Mesprit|Psychic|p2a: Noctowl\n|-damage|p2a: Noctowl|0 fnt\n|faint|p2a: Noctowl\n|-damage|p1a: Mesprit|248/275|[from] item: Life Orb\n|\n|upkeep\n|\n|t:|1781377592\n|switch|p2a: Shaymin|Shaymin, L82|298/298\n|turn|21\n|\n|t:|1781377612\n|-terastallize|p2a: Shaymin|Steel\n|move|p2a: Shaymin|Seed Flare|p1a: Mesprit\n|-damage|p1a: Mesprit|148/275\n|-unboost|p1a: Mesprit|spd|2\n|move|p1a: Mesprit|Psychic|p2a: Shaymin\n|-resisted|p2a: Shaymin\n|-damage|p2a: Shaymin|181/298\n|-damage|p1a: Mesprit|121/275|[from] item: Life Orb\n|\n|-heal|p2a: Shaymin|199/298|[from] item: Leftovers\n|upkeep\n|turn|22\n|\n|t:|1781377629\n|move|p2a: Shaymin|Air Slash|p1a: Mesprit\n|-damage|p1a: Mesprit|26/275\n|move|p1a: Mesprit|Shadow Ball|p2a: Shaymin\n|-damage|p2a: Shaymin|59/298\n|-damage|p1a: Mesprit|0 fnt|[from] item: Life Orb\n|faint|p1a: Mesprit\n|\n|-heal|p2a: Shaymin|77/298|[from] item: Leftovers\n|upkeep\n|\n|t:|1781377639\n|switch|p1a: Ho-Oh|Ho-Oh, L71|268/268\n|turn|23\n|\n|t:|1781377670\n|move|p2a: Shaymin|Air Slash|p1a: Ho-Oh\n|-damage|p1a: Ho-Oh|226/268\n|move|p1a: Ho-Oh|Sacred Fire|p2a: Shaymin\n|-supereffective|p2a: Shaymin\n|-damage|p2a: Shaymin|0 fnt\n|faint|p2a: Shaymin\n|\n|win|Adbbb\n", "inputlog": ">version a8376a258c1d4662feba110a92103f3664a72141\n>start {\"formatid\":\"gen9randombattle\",\"seed\":\"sodium,7f61f0338b730bb5d5a6cd408ca0cc76\"}\n>player p1 {\"name\":\"Adbbb\",\"avatar\":\"dawn\",\"rating\":0,\"seed\":\"sodium,3e8fa5e2afbe0e64a2d2b93980878307\"}\n>player p2 {\"name\":\"Wesleywidmer\",\"avatar\":\"265\",\"rating\":0,\"seed\":\"sodium,271e726d1848e7f31ffd809b939f0d87\"}\n>p1 move coil\n>p2 move sludgebomb\n>p1 move drainpunch\n>p2 move nastyplot\n>p1 move coil\n>p2 move darkpulse\n>p1 switch 3\n>p2 switch 2\n>p1 move seismictoss\n>p2 move sludgebomb\n>p1 move thunderwave\n>p2 move rapidspin\n>p1 move healbell\n>p2 move rapidspin\n>p1 move seismictoss\n>p2 move rapidspin\n>p1 move softboiled\n>p2 move sludgebomb\n>p1 move seismictoss\n>p2 move surf\n>p1 move seismictoss\n>p2 move surf\n>p1 move seismictoss\n>p2 move sludgebomb\n>p2 switch 6\n>p1 move seismictoss\n>p2 move bodypress\n>p1 switch 2\n>p1 move swordsdance\n>p2 move avalanche\n>p1 switch 5\n>p1 move heavyslam\n>p2 move bodypress\n>p2 switch 3\n>p1 move heavyslam\n>p2 switch 5\n>p1 move heavyslam\n>p2 move hornleech\n>p2 switch 5\n>p1 move heavyslam\n>p2 move hurricane\n>p1 move heavyslam\n>p2 move hypervoice\n>p1 switch 6\n>p1 move nastyplot\n>p2 move hurricane\n>p1 move psychic\n>p2 move hurricane\n>p2 switch 4\n>p1 move psychic\n>p2 move seedflare terastallize\n>p1 move shadowball\n>p2 move airslash\n>p1 switch 4\n>p1 move sacredfire\n>p2 move airslash", "uploadtime": 1781377690, "views": 15, "formatid": "gen9randombattle", "rating": null, "private": 0, "password": null}