{"id": "gen9randombattle-2631567874", "format": "[Gen 9] Random Battle", "players": ["JayCroc", "buzbee2000"], "log": "|j|\u2606JayCroc\n|j|\u2606buzbee2000\n|t:|1781402420\n|gametype|singles\n|player|p1|JayCroc|ivor|1956\n|player|p2|buzbee2000|266|2020\n|gen|9\n|tier|[Gen 9] Random Battle\n|rated|\n|rule|Species Clause: Limit one of each Pok\u00e9mon\n|rule|HP Percentage Mod: HP is shown in percentages\n|rule|Sleep Clause Mod: Limit one foe put to sleep\n|rule|Illusion Level Mod: Illusion disguises the Pok\u00e9mon's true level\n|\n|t:|1781402420\n|teamsize|p1|6\n|teamsize|p2|6\n|start\n|switch|p1a: Inteleon|Inteleon, L81, M|246/246\n|switch|p2a: Sandaconda|Sandaconda, L84, F|258/258\n|turn|1\n|\n|t:|1781402438\n|switch|p2a: Leavanny|Leavanny, L86, M|269/269\n|move|p1a: Inteleon|Ice Beam|p2a: Leavanny\n|-supereffective|p2a: Leavanny\n|-damage|p2a: Leavanny|31/269\n|\n|upkeep\n|turn|2\n|\n|t:|1781402443\n|switch|p2a: Coalossal|Coalossal, L89, F|341/341\n|move|p1a: Inteleon|Ice Beam|p2a: Coalossal\n|-resisted|p2a: Coalossal\n|-damage|p2a: Coalossal|290/341\n|\n|upkeep\n|turn|3\n|\n|t:|1781402450\n|switch|p1a: Garchomp|Garchomp, L74, M|282/282\n|move|p2a: Coalossal|Will-O-Wisp|p1a: Garchomp|[miss]\n|-miss|p2a: Coalossal|p1a: Garchomp\n|\n|upkeep\n|turn|4\n|\n|t:|1781402456\n|move|p1a: Garchomp|Earthquake|p2a: Coalossal\n|-supereffective|p2a: Coalossal\n|-damage|p2a: Coalossal|2/341\n|move|p2a: Coalossal|Will-O-Wisp|p1a: Garchomp|[miss]\n|-miss|p2a: Coalossal|p1a: Garchomp\n|\n|upkeep\n|turn|5\n|\n|t:|1781402462\n|move|p1a: Garchomp|Scale Shot|p2a: Coalossal\n|-damage|p2a: Coalossal|0 fnt\n|faint|p2a: Coalossal\n|-hitcount|p2: Coalossal|1\n|-unboost|p1a: Garchomp|def|1\n|-boost|p1a: Garchomp|spe|1\n|\n|upkeep\n|\n|t:|1781402468\n|switch|p2a: Sandaconda|Sandaconda, L84, F|258/258\n|turn|6\n|\n|t:|1781402472\n|switch|p1a: Spidops|Spidops, L96, F|271/271\n|move|p2a: Sandaconda|Earthquake|p1a: Spidops\n|-resisted|p1a: Spidops\n|-damage|p1a: Spidops|221/271\n|\n|upkeep\n|turn|7\n|\n|t:|1781402481\n|move|p2a: Sandaconda|Coil|p2a: Sandaconda\n|-boost|p2a: Sandaconda|atk|1\n|-boost|p2a: Sandaconda|def|1\n|-boost|p2a: Sandaconda|accuracy|1\n|move|p1a: Spidops|Sticky Web|p2a: Sandaconda\n|-sidestart|p2: buzbee2000|move: Sticky Web\n|\n|upkeep\n|turn|8\n|\n|t:|1781402489\n|move|p2a: Sandaconda|Stone Edge|p1a: Spidops\n|-supereffective|p1a: Spidops\n|-damage|p1a: Spidops|43/271\n|move|p1a: Spidops|Knock Off|p2a: Sandaconda\n|-damage|p2a: Sandaconda|217/258\n|-enditem|p2a: Sandaconda|Leftovers|[from] move: Knock Off|[of] p1a: Spidops\n|\n|upkeep\n|turn|9\n|\n|t:|1781402496\n|move|p2a: Sandaconda|Earthquake|p1a: Spidops\n|-resisted|p1a: Spidops\n|-damage|p1a: Spidops|0 fnt\n|faint|p1a: Spidops\n|\n|upkeep\n|\n|t:|1781402501\n|switch|p1a: Inteleon|Inteleon, L81, M|246/246\n|turn|10\n|\n|t:|1781402506\n|switch|p2a: Leavanny|Leavanny, L86, M|31/269\n|move|p1a: Inteleon|Ice Beam|p2a: Leavanny\n|-supereffective|p2a: Leavanny\n|-damage|p2a: Leavanny|0 fnt\n|faint|p2a: Leavanny\n|\n|upkeep\n|\n|t:|1781402514\n|switch|p2a: Gothitelle|Gothitelle, L90, F|272/272\n|-activate|p2a: Gothitelle|move: Sticky Web\n|-unboost|p2a: Gothitelle|spe|1\n|turn|11\n|\n|t:|1781402518\n|move|p1a: Inteleon|Ice Beam|p2a: Gothitelle\n|-damage|p2a: Gothitelle|179/272\n|move|p2a: Gothitelle|Calm Mind|p2a: Gothitelle\n|-boost|p2a: Gothitelle|spa|1\n|-boost|p2a: Gothitelle|spd|1\n|\n|-heal|p2a: Gothitelle|196/272|[from] item: Leftovers\n|upkeep\n|turn|12\n|\n|t:|1781402525\n|move|p1a: Inteleon|Ice Beam|p2a: Gothitelle\n|-damage|p2a: Gothitelle|142/272\n|move|p2a: Gothitelle|Calm Mind|p2a: Gothitelle\n|-boost|p2a: Gothitelle|spa|1\n|-boost|p2a: Gothitelle|spd|1\n|\n|-heal|p2a: Gothitelle|159/272|[from] item: Leftovers\n|upkeep\n|turn|13\n|\n|t:|1781402531\n|move|p1a: Inteleon|Ice Beam|p2a: Gothitelle\n|-damage|p2a: Gothitelle|117/272\n|move|p2a: Gothitelle|Thunderbolt|p1a: Inteleon\n|-supereffective|p1a: Inteleon\n|-damage|p1a: Inteleon|0 fnt\n|faint|p1a: Inteleon\n|\n|-heal|p2a: Gothitelle|134/272|[from] item: Leftovers\n|upkeep\n|\n|t:|1781402543\n|switch|p1a: Muk|Muk-Alola, L82, F|306/306\n|turn|14\n|\n|t:|1781402548\n|switch|p2a: Sandaconda|Sandaconda, L84, F|217/258\n|-activate|p2a: Sandaconda|move: Sticky Web\n|-unboost|p2a: Sandaconda|spe|1\n|move|p1a: Muk|Knock Off|p2a: Sandaconda\n|-damage|p2a: Sandaconda|165/258\n|\n|upkeep\n|turn|15\n|\n|t:|1781402554\n|move|p1a: Muk|Ice Punch|p2a: Sandaconda\n|-supereffective|p2a: Sandaconda\n|-damage|p2a: Sandaconda|75/258\n|move|p2a: Sandaconda|Coil|p2a: Sandaconda\n|-boost|p2a: Sandaconda|atk|1\n|-boost|p2a: Sandaconda|def|1\n|-boost|p2a: Sandaconda|accuracy|1\n|\n|upkeep\n|turn|16\n|\n|t:|1781402562\n|switch|p1a: Hydreigon|Hydreigon, L79, M|275/275\n|move|p2a: Sandaconda|Rest|p2a: Sandaconda\n|-status|p2a: Sandaconda|slp|[from] move: Rest\n|-heal|p2a: Sandaconda|258/258 slp|[silent]\n|\n|upkeep\n|turn|17\n|\n|t:|1781402569\n|move|p1a: Hydreigon|Nasty Plot|p1a: Hydreigon\n|-boost|p1a: Hydreigon|spa|2\n|cant|p2a: Sandaconda|slp\n|\n|upkeep\n|turn|18\n|\n|t:|1781402575\n|move|p1a: Hydreigon|Dark Pulse|p2a: Sandaconda\n|-damage|p2a: Sandaconda|0 fnt\n|faint|p2a: Sandaconda\n|-damage|p1a: Hydreigon|248/275|[from] item: Life Orb\n|\n|upkeep\n|-message|buzbee2000 forfeited.\n|\n|win|JayCroc\n", "inputlog": ">version a8376a258c1d4662feba110a92103f3664a72141\n>start {\"formatid\":\"gen9randombattle\",\"seed\":\"sodium,5dcaec0a53e04d37ebd10a73e8a3fe96\",\"rated\":\"Rated battle\"}\n>player p1 {\"name\":\"JayCroc\",\"avatar\":\"ivor\",\"rating\":1956,\"seed\":\"sodium,e15db3686ded735b124482e7115be974\"}\n>player p2 {\"name\":\"buzbee2000\",\"avatar\":\"266\",\"rating\":2020,\"seed\":\"sodium,e2cde9b40e716c24ccea756c8c1b513e\"}\n>p1 move icebeam\n>p2 switch 4\n>p1 move icebeam\n>p2 switch 6\n>p1 switch 3\n>p2 move willowisp\n>p1 move earthquake\n>p2 move willowisp\n>p1 move scaleshot\n>p2 move willowisp\n>p2 switch 4\n>p1 switch 6\n>p2 move earthquake\n>p1 move stickyweb\n>p2 move coil\n>p1 move knockoff\n>p2 move stoneedge\n>p1 move toxicspikes\n>p2 move earthquake\n>p1 switch 3\n>p1 move icebeam\n>p2 switch 6\n>p2 switch 2\n>p1 move icebeam\n>p2 move calmmind\n>p1 move icebeam\n>p2 move calmmind\n>p1 move icebeam\n>p2 move thunderbolt\n>p1 switch 2\n>p1 move knockoff\n>p2 switch 6\n>p1 move icepunch\n>p2 move coil\n>p1 switch 4\n>p2 move rest\n>p1 move nastyplot\n>p2 move stoneedge\n>p1 move darkpulse\n>p2 move stoneedge\n>forcelose p2", "uploadtime": 1781402422, "views": 4, "formatid": "gen9randombattle", "rating": null, "private": 0, "password": null}