{"id": "gen9randombattle-2631785770", "format": "[Gen 9] Random Battle", "players": ["pablovr", "costcos_wholesales"], "log": "|j|\u2606pablovr\n|j|\u2606costcos_wholesales\n|t:|1781439381\n|gametype|singles\n|player|p1|pablovr|hiker-gen4|1929\n|player|p2|costcos_wholesales|hiker-gen4|1913\n|gen|9\n|tier|[Gen 9] Random Battle\n|rated|\n|rule|Species Clause: Limit one of each Pok\u00e9mon\n|rule|HP Percentage Mod: HP is shown in percentages\n|rule|Sleep Clause Mod: Limit one foe put to sleep\n|rule|Illusion Level Mod: Illusion disguises the Pok\u00e9mon's true level\n|\n|t:|1781439381\n|teamsize|p1|6\n|teamsize|p2|6\n|start\n|switch|p1a: Ceruledge|Ceruledge, L78, F|245/245\n|switch|p2a: Mandibuzz|Mandibuzz, L85, F|326/326\n|turn|1\n|inactive|Battle timer is ON: inactive players will automatically lose when time's up. (requested by pablovr)\n|\n|t:|1781439399\n|switch|p1a: Morpeko|Morpeko, L88, M|245/245\n|move|p2a: Mandibuzz|Foul Play|p1a: Morpeko\n|-resisted|p1a: Morpeko\n|-damage|p1a: Morpeko|181/245\n|\n|-formechange|p1a: Morpeko|Morpeko-Hangry||[from] ability: Hunger Switch\n|upkeep\n|turn|2\n|\n|t:|1781439408\n|move|p1a: Morpeko|Parting Shot|p2a: Mandibuzz\n|-unboost|p2a: Mandibuzz|atk|1\n|-unboost|p2a: Mandibuzz|spa|1\n|\n|t:|1781439422\n|switch|p1a: Clawitzer|Clawitzer, L87, F|265/265|[from] Parting Shot\n|move|p2a: Mandibuzz|U-turn|p1a: Clawitzer\n|-damage|p1a: Clawitzer|241/265\n|l|\u2606costcos_wholesales\n|inactive|costcos_wholesales disconnected and has a minute to reconnect!\n|player|p2|\n|j|\u2606costcos_wholesales\n|inactive|costcos_wholesales reconnected and has 120 seconds left.\n|player|p2|costcos_wholesales|hiker-gen4|\n|\n|t:|1781439461\n|switch|p2a: Rillaboom|Rillaboom, L79, F|288/288|[from] U-turn\n|-fieldstart|move: Grassy Terrain|[from] ability: Grassy Surge|[of] p2a: Rillaboom\n|\n|-heal|p1a: Clawitzer|257/265|[from] Grassy Terrain\n|upkeep\n|turn|3\n|\n|t:|1781439470\n|switch|p1a: Illumise|Illumise, L91, F|266/266\n|move|p2a: Rillaboom|Swords Dance|p2a: Rillaboom\n|-boost|p2a: Rillaboom|atk|2\n|\n|upkeep\n|turn|4\n|\n|t:|1781439476\n|switch|p2a: Lanturn|Lanturn, L89, M|367/367\n|move|p1a: Illumise|Bug Buzz|p2a: Lanturn\n|-damage|p2a: Lanturn|273/367\n|\n|-heal|p2a: Lanturn|295/367|[from] Grassy Terrain\n|upkeep\n|turn|5\n|\n|t:|1781439486\n|switch|p1a: Morpeko|Morpeko, L88, M|181/245\n|move|p2a: Lanturn|Volt Switch|p1a: Morpeko\n|-resisted|p1a: Morpeko\n|-damage|p1a: Morpeko|133/245\n|\n|t:|1781439489\n|switch|p2a: Mandibuzz|Mandibuzz, L85, F|326/326|[from] Volt Switch\n|\n|-heal|p1a: Morpeko|148/245|[from] Grassy Terrain\n|-formechange|p1a: Morpeko|Morpeko-Hangry||[from] ability: Hunger Switch\n|upkeep\n|turn|6\n|\n|t:|1781439493\n|move|p1a: Morpeko|Protect|p1a: Morpeko\n|-singleturn|p1a: Morpeko|Protect\n|move|p2a: Mandibuzz|Foul Play|p1a: Morpeko\n|-activate|p1a: Morpeko|move: Protect\n|\n|-heal|p1a: Morpeko|163/245|[from] Grassy Terrain\n|-fieldend|move: Grassy Terrain\n|-formechange|p1a: Morpeko|Morpeko||[from] ability: Hunger Switch\n|upkeep\n|turn|7\n|\n|t:|1781439498\n|switch|p2a: Lanturn|Lanturn, L89, M|295/367\n|move|p1a: Morpeko|Aura Wheel|p2a: Lanturn\n|-heal|p2a: Lanturn|367/367|[from] ability: Volt Absorb|[of] p1a: Morpeko\n|\n|-formechange|p1a: Morpeko|Morpeko-Hangry||[from] ability: Hunger Switch\n|upkeep\n|turn|8\n|\n|t:|1781439503\n|move|p1a: Morpeko|Aura Wheel|p2a: Lanturn\n|-damage|p2a: Lanturn|196/367\n|-boost|p1a: Morpeko|spe|1\n|move|p2a: Lanturn|Scald|p1a: Morpeko\n|-damage|p1a: Morpeko|64/245\n|\n|-formechange|p1a: Morpeko|Morpeko||[from] ability: Hunger Switch\n|upkeep\n|turn|9\n|\n|t:|1781439524\n|move|p1a: Morpeko|Parting Shot|p2a: Lanturn\n|-unboost|p2a: Lanturn|atk|1\n|-unboost|p2a: Lanturn|spa|1\n|\n|t:|1781439538\n|switch|p1a: Clawitzer|Clawitzer, L87, F|257/265|[from] Parting Shot\n|move|p2a: Lanturn|Scald|p1a: Clawitzer\n|-resisted|p1a: Clawitzer\n|-damage|p1a: Clawitzer|240/265\n|\n|upkeep\n|turn|10\n|\n|t:|1781439547\n|move|p2a: Lanturn|Volt Switch|p1a: Clawitzer\n|-supereffective|p1a: Clawitzer\n|-damage|p1a: Clawitzer|184/265\n|\n|t:|1781439552\n|switch|p2a: Mandibuzz|Mandibuzz, L85, F|326/326|[from] Volt Switch\n|move|p1a: Clawitzer|Dragon Pulse|p2a: Mandibuzz\n|-damage|p2a: Mandibuzz|230/326\n|\n|upkeep\n|turn|11\n|\n|t:|1781439559\n|move|p2a: Mandibuzz|Foul Play|p1a: Clawitzer\n|-damage|p1a: Clawitzer|102/265\n|move|p1a: Clawitzer|Water Pulse|p2a: Mandibuzz\n|-damage|p2a: Mandibuzz|119/326\n|\n|upkeep\n|turn|12\n|\n|t:|1781439572\n|move|p2a: Mandibuzz|U-turn|p1a: Clawitzer\n|-damage|p1a: Clawitzer|66/265\n|\n|t:|1781439575\n|switch|p2a: Rillaboom|Rillaboom, L79, F|288/288|[from] U-turn\n|-fieldstart|move: Grassy Terrain|[from] ability: Grassy Surge|[of] p2a: Rillaboom\n|move|p1a: Clawitzer|Dragon Pulse|p2a: Rillaboom\n|-damage|p2a: Rillaboom|154/288\n|\n|-heal|p2a: Rillaboom|172/288|[from] Grassy Terrain\n|-heal|p1a: Clawitzer|82/265|[from] Grassy Terrain\n|upkeep\n|turn|13\n|\n|t:|1781439583\n|switch|p1a: Illumise|Illumise, L91, F|266/266\n|move|p2a: Rillaboom|Grassy Glide|p1a: Illumise\n|-resisted|p1a: Illumise\n|-damage|p1a: Illumise|211/266\n|-damage|p2a: Rillaboom|144/288|[from] item: Life Orb\n|\n|-heal|p1a: Illumise|227/266|[from] Grassy Terrain\n|-heal|p2a: Rillaboom|162/288|[from] Grassy Terrain\n|upkeep\n|turn|14\n|\n|t:|1781439589\n|switch|p2a: Goodra|Goodra-Hisui, L82, M|265/265\n|move|p1a: Illumise|Bug Buzz|p2a: Goodra\n|-resisted|p2a: Goodra\n|-damage|p2a: Goodra|244/265\n|\n|-heal|p1a: Illumise|243/266|[from] Grassy Terrain\n|-heal|p2a: Goodra|260/265|[from] Grassy Terrain\n|upkeep\n|turn|15\n|\n|t:|1781439592\n|switch|p2a: Mandibuzz|Mandibuzz, L85, F|119/326\n|move|p1a: Illumise|Thunder Wave|p2a: Mandibuzz\n|-hint|Since gen 7, Dark is immune to Prankster moves.\n|-immune|p2a: Mandibuzz\n|\n|-heal|p1a: Illumise|259/266|[from] Grassy Terrain\n|upkeep\n|turn|16\n|\n|t:|1781439595\n|move|p1a: Illumise|Bug Buzz|p2a: Mandibuzz\n|-damage|p2a: Mandibuzz|41/326\n|move|p2a: Mandibuzz|Roost|p2a: Mandibuzz\n|-heal|p2a: Mandibuzz|204/326\n|-singleturn|p2a: Mandibuzz|move: Roost\n|\n|-heal|p1a: Illumise|266/266|[from] Grassy Terrain\n|-heal|p2a: Mandibuzz|224/326|[from] Grassy Terrain\n|-fieldend|move: Grassy Terrain\n|upkeep\n|turn|17\n|\n|t:|1781439603\n|switch|p1a: Clawitzer|Clawitzer, L87, F|82/265\n|move|p2a: Mandibuzz|Foul Play|p1a: Clawitzer\n|-damage|p1a: Clawitzer|0 fnt\n|faint|p1a: Clawitzer\n|\n|upkeep\n|\n|t:|1781439619\n|switch|p1a: Misdreavus|Misdreavus, L90, M|254/254\n|turn|18\n|\n|t:|1781439625\n|switch|p2a: Lanturn|Lanturn, L89, M|196/367\n|move|p1a: Misdreavus|Will-O-Wisp|p2a: Lanturn\n|-status|p2a: Lanturn|brn\n|\n|-damage|p2a: Lanturn|174/367 brn|[from] brn\n|upkeep\n|turn|19\n|\n|t:|1781439634\n|switch|p1a: Morpeko|Morpeko, L88, M|64/245\n|move|p2a: Lanturn|Volt Switch|p1a: Morpeko\n|-resisted|p1a: Morpeko\n|-crit|p1a: Morpeko\n|-damage|p1a: Morpeko|0 fnt\n|faint|p1a: Morpeko\n|\n|t:|1781439645\n|switch|p2a: Rillaboom|Rillaboom, L79, F|162/288|[from] Volt Switch\n|-fieldstart|move: Grassy Terrain|[from] ability: Grassy Surge|[of] p2a: Rillaboom\n|\n|-heal|p2a: Rillaboom|180/288|[from] Grassy Terrain\n|upkeep\n|\n|t:|1781439654\n|switch|p1a: Illumise|Illumise, L91, F|266/266\n|turn|20\n|\n|t:|1781439661\n|switch|p2a: Mandibuzz|Mandibuzz, L85, F|224/326\n|move|p1a: Illumise|Bug Buzz|p2a: Mandibuzz\n|-damage|p2a: Mandibuzz|133/326\n|\n|upkeep\n|turn|21\n|\n|t:|1781439669\n|switch|p1a: Misdreavus|Misdreavus, L90, M|254/254\n|move|p2a: Mandibuzz|Roost|p2a: Mandibuzz\n|-heal|p2a: Mandibuzz|296/326\n|-singleturn|p2a: Mandibuzz|move: Roost\n|\n|-heal|p2a: Mandibuzz|316/326|[from] Grassy Terrain\n|upkeep\n|turn|22\n|\n|t:|1781439679\n|switch|p2a: Lanturn|Lanturn, L89, M|174/367 brn\n|move|p1a: Misdreavus|Calm Mind|p1a: Misdreavus\n|-boost|p1a: Misdreavus|spa|1\n|-boost|p1a: Misdreavus|spd|1\n|\n|-heal|p2a: Lanturn|196/367 brn|[from] Grassy Terrain\n|-damage|p2a: Lanturn|174/367 brn|[from] brn\n|upkeep\n|turn|23\n|\n|t:|1781439682\n|move|p1a: Misdreavus|Shadow Ball|p2a: Lanturn\n|-damage|p2a: Lanturn|41/367 brn\n|move|p2a: Lanturn|Thunder Wave|p1a: Misdreavus\n|-status|p1a: Misdreavus|par\n|\n|-heal|p2a: Lanturn|63/367 brn|[from] Grassy Terrain\n|-damage|p2a: Lanturn|41/367 brn|[from] brn\n|-fieldend|move: Grassy Terrain\n|upkeep\n|turn|24\n|\n|t:|1781439690\n|move|p2a: Lanturn|Thunderbolt|p1a: Misdreavus\n|-damage|p1a: Misdreavus|214/254 par\n|move|p1a: Misdreavus|Shadow Ball|p2a: Lanturn\n|-damage|p2a: Lanturn|0 fnt\n|faint|p2a: Lanturn\n|\n|upkeep\n|\n|t:|1781439702\n|switch|p2a: Cinderace|Cinderace, L77, M|250/250\n|turn|25\n|\n|t:|1781439708\n|move|p2a: Cinderace|Pyro Ball|p1a: Misdreavus|[miss]\n|-miss|p2a: Cinderace|p1a: Misdreavus\n|move|p1a: Misdreavus|Shadow Ball|p2a: Cinderace\n|-crit|p2a: Cinderace\n|-damage|p2a: Cinderace|0 fnt\n|faint|p2a: Cinderace\n|\n|upkeep\n|\n|t:|1781439713\n|switch|p2a: Mandibuzz|Mandibuzz, L85, F|316/326\n|turn|26\n|\n|t:|1781439716\n|move|p2a: Mandibuzz|Foul Play|p1a: Misdreavus\n|-supereffective|p1a: Misdreavus\n|-damage|p1a: Misdreavus|128/254 par\n|move|p1a: Misdreavus|Draining Kiss|p2a: Mandibuzz\n|-supereffective|p2a: Mandibuzz\n|-damage|p2a: Mandibuzz|206/326\n|-heal|p1a: Misdreavus|211/254 par|[from] drain|[of] p2a: Mandibuzz\n|\n|upkeep\n|turn|27\n|\n|t:|1781439725\n|switch|p2a: Oricorio|Oricorio-Pa'u, L87, M|272/272\n|move|p1a: Misdreavus|Will-O-Wisp|p2a: Oricorio|[miss]\n|-miss|p1a: Misdreavus|p2a: Oricorio\n|\n|upkeep\n|turn|28\n|\n|t:|1781439730\n|move|p2a: Oricorio|Quiver Dance|p2a: Oricorio\n|-boost|p2a: Oricorio|spa|1\n|-boost|p2a: Oricorio|spd|1\n|-boost|p2a: Oricorio|spe|1\n|cant|p1a: Misdreavus|par\n|\n|upkeep\n|turn|29\n|\n|t:|1781439736\n|switch|p1a: Illumise|Illumise, L91, F|266/266\n|move|p2a: Oricorio|Hurricane|p1a: Illumise\n|-supereffective|p1a: Illumise\n|-damage|p1a: Illumise|0 fnt\n|faint|p1a: Illumise\n|\n|upkeep\n|\n|t:|1781439750\n|switch|p1a: Necrozma|Necrozma, L80|286/286\n|turn|30\n|\n|t:|1781439754\n|move|p2a: Oricorio|Hurricane|p1a: Necrozma\n|-damage|p1a: Necrozma|90/286\n|move|p1a: Necrozma|Knock Off|p2a: Oricorio\n|-supereffective|p2a: Oricorio\n|-damage|p2a: Oricorio|51/272\n|-enditem|p2a: Oricorio|Heavy-Duty Boots|[from] move: Knock Off|[of] p1a: Necrozma\n|-damage|p1a: Necrozma|62/286|[from] item: Life Orb\n|\n|upkeep\n|turn|31\n|\n|t:|1781439758\n|move|p2a: Oricorio|Revelation Dance|p1a: Necrozma\n|-resisted|p1a: Necrozma\n|-damage|p1a: Necrozma|0 fnt\n|faint|p1a: Necrozma\n|\n|upkeep\n|\n|t:|1781439770\n|switch|p1a: Misdreavus|Misdreavus, L90, M|211/254 par\n|turn|32\n|\n|t:|1781439773\n|move|p2a: Oricorio|Hurricane|p1a: Misdreavus\n|-damage|p1a: Misdreavus|82/254 par\n|-start|p1a: Misdreavus|confusion\n|-activate|p1a: Misdreavus|confusion\n|move|p1a: Misdreavus|Shadow Ball|p2a: Oricorio\n|-supereffective|p2a: Oricorio\n|-damage|p2a: Oricorio|0 fnt\n|faint|p2a: Oricorio\n|\n|upkeep\n|\n|t:|1781439783\n|switch|p2a: Rillaboom|Rillaboom, L79, F|180/288\n|-fieldstart|move: Grassy Terrain|[from] ability: Grassy Surge|[of] p2a: Rillaboom\n|turn|33\n|\n|t:|1781439785\n|move|p2a: Rillaboom|Wood Hammer|p1a: Misdreavus\n|-damage|p1a: Misdreavus|0 fnt\n|faint|p1a: Misdreavus\n|-damage|p2a: Rillaboom|153/288|[from] Recoil\n|-damage|p2a: Rillaboom|125/288|[from] item: Life Orb\n|\n|-heal|p2a: Rillaboom|143/288|[from] Grassy Terrain\n|upkeep\n|\n|t:|1781439787\n|switch|p1a: Ceruledge|Ceruledge, L78, F|245/245\n|turn|34\n|\n|t:|1781439795\n|-terastallize|p1a: Ceruledge|Fighting\n|move|p2a: Rillaboom|High Horsepower|p1a: Ceruledge\n|-damage|p1a: Ceruledge|144/245\n|-ability|p1a: Ceruledge|Weak Armor|boost\n|-unboost|p1a: Ceruledge|def|1\n|-boost|p1a: Ceruledge|spe|2\n|-damage|p2a: Rillaboom|115/288|[from] item: Life Orb\n|move|p1a: Ceruledge|Swords Dance|p1a: Ceruledge\n|-boost|p1a: Ceruledge|atk|2\n|\n|-heal|p1a: Ceruledge|159/245|[from] Grassy Terrain\n|-heal|p2a: Rillaboom|133/288|[from] Grassy Terrain\n|upkeep\n|turn|35\n|\n|t:|1781439803\n|-terastallize|p2a: Rillaboom|Grass\n|move|p2a: Rillaboom|Grassy Glide|p1a: Ceruledge\n|-damage|p1a: Ceruledge|0 fnt\n|faint|p1a: Ceruledge\n|-damage|p2a: Rillaboom|105/288|[from] item: Life Orb\n|\n|win|costcos_wholesales\n", "inputlog": ">version a8376a258c1d4662feba110a92103f3664a72141\n>start {\"formatid\":\"gen9randombattle\",\"seed\":\"sodium,bc052233eb920ce71792ea3c5c769314\",\"rated\":\"Rated battle\"}\n>player p1 {\"name\":\"pablovr\",\"avatar\":\"hiker-gen4\",\"rating\":1929,\"seed\":\"sodium,08a1772dd9a1615b4c02f03b7e3312fc\"}\n>player p2 {\"name\":\"costcos_wholesales\",\"avatar\":\"hiker-gen4\",\"rating\":1913,\"seed\":\"sodium,b1018d4e9d2dbaee4788d0563737e01b\"}\n>p1 switch 6\n>p2 move foulplay\n>p1 move partingshot\n>p2 move uturn\n>p1 switch 4\n>p2 switch 6\n>p1 switch 5\n>p2 move swordsdance\n>p1 move bugbuzz\n>p2 switch 2\n>p1 switch 4\n>p2 move voltswitch\n>p2 switch 6\n>p1 move protect\n>p2 move foulplay\n>p1 move aurawheel\n>p2 switch 6\n>p1 move aurawheel\n>p2 move scald\n>p1 move partingshot\n>p2 move scald\n>p1 switch 5\n>p1 move dragonpulse\n>p2 move voltswitch\n>p2 switch 6\n>p1 move waterpulse\n>p2 move foulplay\n>p1 move dragonpulse\n>p2 move uturn\n>p2 switch 2\n>p1 switch 4\n>p2 move grassyglide\n>p1 move bugbuzz\n>p2 switch 4\n>p1 move thunderwave\n>p2 switch 2\n>p1 move bugbuzz\n>p2 move roost\n>p1 switch 4\n>p2 move foulplay\n>p1 switch 2\n>p1 move willowisp\n>p2 switch 6\n>p1 switch 5\n>p2 move voltswitch\n>p2 switch 4\n>p1 switch 4\n>p1 move bugbuzz\n>p2 switch 6\n>p1 switch 5\n>p2 move roost\n>p1 move calmmind\n>p2 switch 4\n>p1 move shadowball\n>p2 move thunderwave\n>p1 move shadowball\n>p2 move thunderbolt\n>p2 switch 3\n>p1 move shadowball\n>p2 move pyroball\n>p2 switch 4\n>p1 move drainingkiss\n>p2 move foulplay\n>p1 move willowisp\n>p2 switch 5\n>p1 move shadowball\n>p2 move quiverdance\n>p1 switch 5\n>p2 move hurricane\n>p1 switch 3\n>p1 move knockoff\n>p2 move hurricane\n>p1 move knockoff\n>p2 move revelationdance\n>p1 switch 5\n>p1 move shadowball\n>p2 move hurricane\n>p2 switch 6\n>p1 move willowisp\n>p2 move woodhammer\n>p1 switch 6\n>p1 move swordsdance terastallize\n>p2 move highhorsepower\n>p1 move bitterblade\n>p2 move grassyglide terastallize", "uploadtime": 1781439383, "views": 4, "formatid": "gen9randombattle", "rating": null, "private": 0, "password": null}