{"id": "gen9randombattle-2631602490", "format": "[Gen 9] Random Battle", "players": ["Webby47_", "Kool Kiddo"], "log": "|j|\u2606Webby47_\n|j|\u2606Kool Kiddo\n|t:|1781407269\n|gametype|singles\n|player|p1|Webby47_|1|2049\n|player|p2|Kool Kiddo|hilbert|2030\n|gen|9\n|tier|[Gen 9] Random Battle\n|rated|\n|rule|Species Clause: Limit one of each Pok\u00e9mon\n|rule|HP Percentage Mod: HP is shown in percentages\n|rule|Sleep Clause Mod: Limit one foe put to sleep\n|rule|Illusion Level Mod: Illusion disguises the Pok\u00e9mon's true level\n|\n|t:|1781407269\n|teamsize|p1|6\n|teamsize|p2|6\n|start\n|switch|p1a: Great Tusk|Great Tusk, L77|304/304\n|switch|p2a: Roaring Moon|Roaring Moon, L72|270/270\n|turn|1\n|inactive|Battle timer is ON: inactive players will automatically lose when time's up. (requested by Kool Kiddo)\n|\n|t:|1781407277\n|-end|p2a: Roaring Moon|Protosynthesis|[silent]\n|switch|p2a: Reshiram|Reshiram, L76|277/277\n|-ability|p2a: Reshiram|Turboblaze\n|move|p1a: Great Tusk|Ice Spinner|p2a: Reshiram\n|-damage|p2a: Reshiram|217/277\n|\n|upkeep\n|turn|2\n|\n|t:|1781407282\n|-end|p1a: Great Tusk|Protosynthesis|[silent]\n|switch|p1a: Araquanid|Araquanid, L82, F|246/246\n|move|p2a: Reshiram|Blue Flare|p1a: Araquanid\n|-damage|p1a: Araquanid|135/246\n|\n|upkeep\n|turn|3\n|\n|t:|1781407290\n|move|p2a: Reshiram|Blue Flare|p1a: Araquanid\n|-damage|p1a: Araquanid|17/246\n|-status|p1a: Araquanid|brn\n|-activate|p1a: Araquanid|ability: Water Bubble\n|-curestatus|p1a: Araquanid|brn|[msg]\n|move|p1a: Araquanid|Sticky Web|p2a: Reshiram\n|-sidestart|p2: Kool Kiddo|move: Sticky Web\n|\n|upkeep\n|turn|4\n|\n|t:|1781407293\n|move|p2a: Reshiram|Earth Power|p1a: Araquanid\n|-resisted|p1a: Araquanid\n|-damage|p1a: Araquanid|0 fnt\n|faint|p1a: Araquanid\n|\n|upkeep\n|\n|t:|1781407296\n|switch|p1a: Grumpig|Grumpig, L92, M|297/297\n|turn|5\n|\n|t:|1781407299\n|move|p1a: Grumpig|Focus Blast|p2a: Reshiram\n|-damage|p2a: Reshiram|129/277\n|move|p2a: Reshiram|Blue Flare|p1a: Grumpig\n|-damage|p1a: Grumpig|180/297\n|\n|-heal|p1a: Grumpig|198/297|[from] item: Leftovers\n|upkeep\n|turn|6\n|\n|t:|1781407303\n|move|p1a: Grumpig|Psyshock|p2a: Reshiram\n|-damage|p2a: Reshiram|30/277\n|move|p2a: Reshiram|Blue Flare|p1a: Grumpig\n|-damage|p1a: Grumpig|81/297\n|\n|-heal|p1a: Grumpig|99/297|[from] item: Leftovers\n|upkeep\n|turn|7\n|\n|t:|1781407318\n|move|p1a: Grumpig|Shadow Ball|p2a: Reshiram\n|-damage|p2a: Reshiram|0 fnt\n|faint|p2a: Reshiram\n|\n|-heal|p1a: Grumpig|117/297|[from] item: Leftovers\n|upkeep\n|\n|t:|1781407326\n|switch|p2a: Veluza|Veluza, L85, M|292/292\n|-activate|p2a: Veluza|move: Sticky Web\n|-unboost|p2a: Veluza|spe|1\n|turn|8\n|\n|t:|1781407331\n|move|p1a: Grumpig|Shadow Ball|p2a: Veluza\n|-supereffective|p2a: Veluza\n|-damage|p2a: Veluza|130/292\n|move|p2a: Veluza|Aqua Cutter|p1a: Grumpig\n|-damage|p1a: Grumpig|0 fnt\n|faint|p1a: Grumpig\n|\n|upkeep\n|\n|t:|1781407339\n|switch|p1a: Perrserker|Perrserker, L89, F|269/269\n|turn|9\n|\n|t:|1781407343\n|move|p1a: Perrserker|Stealth Rock|p2a: Veluza\n|-sidestart|p2: Kool Kiddo|move: Stealth Rock\n|move|p2a: Veluza|Aqua Cutter|p1a: Perrserker\n|-damage|p1a: Perrserker|109/269\n|\n|upkeep\n|turn|10\n|\n|t:|1781407348\n|move|p1a: Perrserker|U-turn|p2a: Veluza\n|-supereffective|p2a: Veluza\n|-damage|p2a: Veluza|0 fnt\n|faint|p2a: Veluza\n|-damage|p1a: Perrserker|83/269|[from] item: Life Orb\n|\n|t:|1781407352\n|switch|p1a: Squawkabilly|Squawkabilly, L85, F|278/278|[from] U-turn\n|\n|-status|p1a: Squawkabilly|brn|[from] item: Flame Orb\n|upkeep\n|\n|t:|1781407372\n|switch|p2a: Meowscarada|Meowscarada, L78, M|247/247\n|-activate|p2a: Meowscarada|move: Sticky Web\n|-unboost|p2a: Meowscarada|spe|1\n|-damage|p2a: Meowscarada|217/247|[from] Stealth Rock\n|turn|11\n|\n|t:|1781407386\n|move|p1a: Squawkabilly|Facade|p2a: Meowscarada\n|-damage|p2a: Meowscarada|0 fnt\n|faint|p2a: Meowscarada\n|\n|-damage|p1a: Squawkabilly|261/278 brn|[from] brn\n|upkeep\n|\n|t:|1781407390\n|switch|p2a: Glaceon|Glaceon, L94, F|275/275\n|turn|12\n|\n|t:|1781407396\n|switch|p1a: Perrserker|Perrserker, L89, F|83/269\n|move|p2a: Glaceon|Protect||[still]\n|-fail|p2a: Glaceon\n|\n|upkeep\n|turn|13\n|\n|t:|1781407401\n|switch|p2a: Pawmot|Pawmot, L80, M|243/243\n|-activate|p2a: Pawmot|move: Sticky Web\n|-unboost|p2a: Pawmot|spe|1\n|-damage|p2a: Pawmot|228/243|[from] Stealth Rock\n|move|p1a: Perrserker|Iron Head|p2a: Pawmot\n|-resisted|p2a: Pawmot\n|-damage|p2a: Pawmot|124/243\n|-damage|p1a: Perrserker|57/269|[from] item: Life Orb\n|\n|upkeep\n|turn|14\n|\n|t:|1781407406\n|move|p2a: Pawmot|Revival Blessing|p2a: Pawmot\n|\n|t:|1781407410\n|-heal|p2: Reshiram|138/277|[from] move: Revival Blessing\n|move|p1a: Perrserker|Close Combat|p2a: Pawmot\n|-damage|p2a: Pawmot|0 fnt\n|-unboost|p1a: Perrserker|def|1\n|-unboost|p1a: Perrserker|spd|1\n|faint|p2a: Pawmot\n|-damage|p1a: Perrserker|31/269|[from] item: Life Orb\n|\n|upkeep\n|\n|t:|1781407413\n|switch|p2a: Reshiram|Reshiram, L76|138/277\n|-ability|p2a: Reshiram|Turboblaze\n|turn|15\n|\n|t:|1781407417\n|move|p2a: Reshiram|Earth Power|p1a: Perrserker\n|-supereffective|p1a: Perrserker\n|-damage|p1a: Perrserker|0 fnt\n|faint|p1a: Perrserker\n|\n|upkeep\n|\n|t:|1781407421\n|switch|p1a: Squawkabilly|Squawkabilly, L85, F|261/278 brn\n|turn|16\n|\n|t:|1781407424\n|move|p1a: Squawkabilly|Facade|p2a: Reshiram\n|-damage|p2a: Reshiram|0 fnt\n|faint|p2a: Reshiram\n|\n|-damage|p1a: Squawkabilly|244/278 brn|[from] brn\n|upkeep\n|\n|t:|1781407426\n|switch|p2a: Glaceon|Glaceon, L94, F|275/275\n|turn|17\n|\n|t:|1781407429\n|switch|p1a: Gogoat|Gogoat, L88, F|360/360\n|move|p2a: Glaceon|Freeze-Dry|p1a: Gogoat\n|-supereffective|p1a: Gogoat\n|-damage|p1a: Gogoat|120/360\n|\n|-heal|p1a: Gogoat|142/360|[from] item: Leftovers\n|upkeep\n|turn|18\n|\n|t:|1781407434\n|move|p2a: Glaceon|Freeze-Dry|p1a: Gogoat\n|-supereffective|p1a: Gogoat\n|-damage|p1a: Gogoat|0 fnt\n|faint|p1a: Gogoat\n|\n|upkeep\n|\n|t:|1781407437\n|switch|p1a: Great Tusk|Great Tusk, L77|304/304\n|turn|19\n|\n|t:|1781407445\n|-terastallize|p2a: Glaceon|Water\n|move|p1a: Great Tusk|Close Combat|p2a: Glaceon\n|-damage|p2a: Glaceon|173/275\n|-unboost|p1a: Great Tusk|def|1\n|-unboost|p1a: Great Tusk|spd|1\n|move|p2a: Glaceon|Calm Mind|p2a: Glaceon\n|-boost|p2a: Glaceon|spa|1\n|-boost|p2a: Glaceon|spd|1\n|\n|upkeep\n|turn|20\n|\n|t:|1781407449\n|move|p1a: Great Tusk|Headlong Rush|p2a: Glaceon\n|-damage|p2a: Glaceon|65/275\n|-unboost|p1a: Great Tusk|def|1\n|-unboost|p1a: Great Tusk|spd|1\n|move|p2a: Glaceon|Wish|p2a: Glaceon\n|\n|upkeep\n|turn|21\n|\n|t:|1781407454\n|move|p2a: Glaceon|Protect|p2a: Glaceon\n|-singleturn|p2a: Glaceon|Protect\n|move|p1a: Great Tusk|Headlong Rush|p2a: Glaceon\n|-activate|p2a: Glaceon|move: Protect\n|\n|-heal|p2a: Glaceon|202/275|[from] move: Wish|[wisher] Glaceon\n|upkeep\n|turn|22\n|\n|t:|1781407457\n|move|p1a: Great Tusk|Headlong Rush|p2a: Glaceon\n|-damage|p2a: Glaceon|99/275\n|-unboost|p1a: Great Tusk|def|1\n|-unboost|p1a: Great Tusk|spd|1\n|move|p2a: Glaceon|Wish|p2a: Glaceon\n|\n|upkeep\n|turn|23\n|\n|t:|1781407461\n|move|p2a: Glaceon|Protect|p2a: Glaceon\n|-singleturn|p2a: Glaceon|Protect\n|move|p1a: Great Tusk|Close Combat|p2a: Glaceon\n|-activate|p2a: Glaceon|move: Protect\n|\n|-heal|p2a: Glaceon|236/275|[from] move: Wish|[wisher] Glaceon\n|upkeep\n|turn|24\n|\n|t:|1781407464\n|move|p1a: Great Tusk|Close Combat|p2a: Glaceon\n|-damage|p2a: Glaceon|127/275\n|-unboost|p1a: Great Tusk|def|1\n|-unboost|p1a: Great Tusk|spd|1\n|move|p2a: Glaceon|Wish|p2a: Glaceon\n|\n|upkeep\n|turn|25\n|\n|t:|1781407466\n|move|p2a: Glaceon|Protect|p2a: Glaceon\n|-singleturn|p2a: Glaceon|Protect\n|move|p1a: Great Tusk|Close Combat|p2a: Glaceon\n|-activate|p2a: Glaceon|move: Protect\n|\n|-heal|p2a: Glaceon|264/275|[from] move: Wish|[wisher] Glaceon\n|upkeep\n|turn|26\n|\n|t:|1781407469\n|move|p1a: Great Tusk|Headlong Rush|p2a: Glaceon\n|-damage|p2a: Glaceon|161/275\n|-unboost|p1a: Great Tusk|def|1\n|-unboost|p1a: Great Tusk|spd|1\n|move|p2a: Glaceon|Wish|p2a: Glaceon\n|\n|upkeep\n|turn|27\n|\n|t:|1781407473\n|move|p2a: Glaceon|Protect|p2a: Glaceon\n|-singleturn|p2a: Glaceon|Protect\n|move|p1a: Great Tusk|Rapid Spin|p2a: Glaceon\n|-activate|p2a: Glaceon|move: Protect\n|\n|-heal|p2a: Glaceon|275/275|[from] move: Wish|[wisher] Glaceon\n|upkeep\n|turn|28\n|\n|t:|1781407476\n|move|p1a: Great Tusk|Rapid Spin|p2a: Glaceon\n|-damage|p2a: Glaceon|245/275\n|-boost|p1a: Great Tusk|spe|1\n|move|p2a: Glaceon|Wish|p2a: Glaceon\n|\n|upkeep\n|turn|29\n|\n|t:|1781407480\n|move|p1a: Great Tusk|Rapid Spin|p2a: Glaceon\n|-damage|p2a: Glaceon|217/275\n|-boost|p1a: Great Tusk|spe|1\n|move|p2a: Glaceon|Freeze-Dry|p1a: Great Tusk\n|-supereffective|p1a: Great Tusk\n|-damage|p1a: Great Tusk|0 fnt\n|faint|p1a: Great Tusk\n|-end|p1a: Great Tusk|Protosynthesis|[silent]\n|\n|-heal|p2a: Glaceon|275/275|[from] move: Wish|[wisher] Glaceon\n|upkeep\n|\n|t:|1781407482\n|switch|p1a: Squawkabilly|Squawkabilly, L85, F|244/278 brn\n|turn|30\n|\n|t:|1781407491\n|-terastallize|p1a: Squawkabilly|Normal\n|move|p2a: Glaceon|Protect|p2a: Glaceon\n|-singleturn|p2a: Glaceon|Protect\n|move|p1a: Squawkabilly|Facade|p2a: Glaceon\n|-activate|p2a: Glaceon|move: Protect\n|\n|-damage|p1a: Squawkabilly|227/278 brn|[from] brn\n|upkeep\n|turn|31\n|\n|t:|1781407493\n|move|p1a: Squawkabilly|Facade|p2a: Glaceon\n|-damage|p2a: Glaceon|53/275\n|move|p2a: Glaceon|Freeze-Dry|p1a: Squawkabilly\n|-damage|p1a: Squawkabilly|0 fnt\n|faint|p1a: Squawkabilly\n|\n|win|Kool Kiddo\n", "inputlog": ">version a8376a258c1d4662feba110a92103f3664a72141\n>start {\"formatid\":\"gen9randombattle\",\"seed\":\"sodium,de7e0a29de127db6090ac9d36b75ce0e\",\"rated\":\"Rated battle\"}\n>player p1 {\"name\":\"Webby47_\",\"avatar\":\"1\",\"rating\":2049,\"seed\":\"sodium,6a04718b5c04f204df987ca1a41d0114\"}\n>player p2 {\"name\":\"Kool Kiddo\",\"avatar\":\"hilbert\",\"rating\":2030,\"seed\":\"sodium,39c19e058928b4185d4fdf02f1cfcc43\"}\n>p1 move icespinner\n>p2 switch 5\n>p1 switch 5\n>p2 move blueflare\n>p1 move stickyweb\n>p2 move blueflare\n>p1 move liquidation\n>p2 move earthpower\n>p1 switch 2\n>p1 move focusblast\n>p2 move blueflare\n>p1 move psyshock\n>p2 move blueflare\n>p1 move shadowball\n>p2 move dracometeor\n>p2 switch 4\n>p1 move shadowball\n>p2 move aquacutter\n>p1 switch 6\n>p1 move stealthrock\n>p2 move aquacutter\n>p1 move uturn\n>p2 move aquacutter\n>p1 switch 4\n>p2 switch 3\n>p1 move facade\n>p2 move tripleaxel\n>p2 switch 2\n>p1 switch 4\n>p2 move protect\n>p1 move ironhead\n>p2 switch 6\n>p1 move closecombat\n>p2 move revivalblessing\n>p2 switch 4\n>p2 switch 4\n>p1 move closecombat\n>p2 move earthpower\n>p1 switch 4\n>p1 move facade\n>p2 move blueflare\n>p2 switch 6\n>p1 switch 3\n>p2 move freezedry\n>p1 move earthquake\n>p2 move freezedry\n>p1 switch 5\n>p1 move closecombat\n>p2 move calmmind terastallize\n>p1 move headlongrush\n>p2 move wish\n>p1 move headlongrush\n>p2 move protect\n>p1 move headlongrush\n>p2 move wish\n>p1 move closecombat\n>p2 move protect\n>p1 move closecombat\n>p2 move wish\n>p1 move closecombat\n>p2 move protect\n>p1 move headlongrush\n>p2 move wish\n>p1 move rapidspin\n>p2 move protect\n>p1 move rapidspin\n>p2 move wish\n>p1 move rapidspin\n>p2 move freezedry\n>p1 switch 3\n>p1 move facade terastallize\n>p2 move protect\n>p1 move facade\n>p2 move freezedry", "uploadtime": 1781407271, "views": 5, "formatid": "gen9randombattle", "rating": null, "private": 0, "password": null}