{"id": "gen9randombattle-2631449382", "format": "[Gen 9] Random Battle", "players": ["fatgamerpro", "nocomment3"], "log": "|j|\u2606fatgamerpro\n|j|\u2606nocomment3\n|t:|1781386042\n|gametype|singles\n|player|p1|fatgamerpro|ruinmaniac|1914\n|player|p2|nocomment3|2|2094\n|gen|9\n|tier|[Gen 9] Random Battle\n|rated|\n|rule|Species Clause: Limit one of each Pok\u00e9mon\n|rule|HP Percentage Mod: HP is shown in percentages\n|rule|Sleep Clause Mod: Limit one foe put to sleep\n|rule|Illusion Level Mod: Illusion disguises the Pok\u00e9mon's true level\n|\n|t:|1781386042\n|teamsize|p1|6\n|teamsize|p2|6\n|start\n|switch|p1a: Oranguru|Oranguru, L92, M|315/315\n|switch|p2a: Eternatus|Eternatus, L69|308/308\n|-ability|p2a: Eternatus|Pressure\n|turn|1\n|inactive|Battle timer is ON: inactive players will automatically lose when time's up. (requested by fatgamerpro)\n|\n|t:|1781386072\n|move|p2a: Eternatus|Toxic|p1a: Oranguru\n|-status|p1a: Oranguru|tox\n|move|p1a: Oranguru|Psyshock|p2a: Eternatus\n|-supereffective|p2a: Eternatus\n|-damage|p2a: Eternatus|6/308\n|\n|-damage|p1a: Oranguru|296/315 tox|[from] psn\n|upkeep\n|turn|2\n|\n|t:|1781386080\n|move|p2a: Eternatus|Dynamax Cannon|p1a: Oranguru\n|-damage|p1a: Oranguru|221/315 tox\n|move|p1a: Oranguru|Psyshock|p2a: Eternatus\n|-supereffective|p2a: Eternatus\n|-damage|p2a: Eternatus|0 fnt\n|faint|p2a: Eternatus\n|\n|-damage|p1a: Oranguru|183/315 tox|[from] psn\n|upkeep\n|\n|t:|1781386093\n|switch|p2a: Phione|Phione, L91|293/293\n|turn|3\n|\n|t:|1781386105\n|move|p2a: Phione|Take Heart|p2a: Phione\n|-boost|p2a: Phione|spa|1\n|-boost|p2a: Phione|spd|1\n|move|p1a: Oranguru|Psyshock|p2a: Phione\n|-damage|p2a: Phione|149/293\n|\n|-heal|p2a: Phione|167/293|[from] item: Leftovers\n|-damage|p1a: Oranguru|126/315 tox|[from] psn\n|upkeep\n|turn|4\n|\n|t:|1781386108\n|move|p2a: Phione|Scald|p1a: Oranguru\n|-damage|p1a: Oranguru|26/315 tox\n|move|p1a: Oranguru|Psyshock|p2a: Phione\n|-damage|p2a: Phione|29/293\n|\n|-heal|p2a: Phione|47/293|[from] item: Leftovers\n|-damage|p1a: Oranguru|0 fnt|[from] psn\n|faint|p1a: Oranguru\n|upkeep\n|\n|t:|1781386118\n|switch|p1a: Sandslash|Sandslash-Alola, L88, M|275/275\n|turn|5\n|\n|t:|1781386122\n|move|p2a: Phione|Scald|p1a: Sandslash\n|-damage|p1a: Sandslash|125/275\n|-status|p1a: Sandslash|brn\n|move|p1a: Sandslash|Rapid Spin|p2a: Phione\n|-damage|p2a: Phione|27/293\n|-boost|p1a: Sandslash|spe|1\n|\n|-heal|p1a: Sandslash|142/275 brn|[from] item: Leftovers\n|-heal|p2a: Phione|45/293|[from] item: Leftovers\n|-damage|p1a: Sandslash|125/275 brn|[from] brn\n|upkeep\n|turn|6\n|\n|t:|1781386131\n|move|p1a: Sandslash|Triple Axel|p2a: Phione|[miss]\n|-miss|p1a: Sandslash|p2a: Phione\n|move|p2a: Phione|Scald|p1a: Sandslash\n|-damage|p1a: Sandslash|0 fnt\n|faint|p1a: Sandslash\n|\n|-heal|p2a: Phione|63/293|[from] item: Leftovers\n|upkeep\n|-message|fatgamerpro forfeited.\n|\n|win|nocomment3\n", "uploadtime": 1781386044, "views": 6, "formatid": "gen9randombattle", "rating": null, "private": 0, "password": null}