{"id": "gen9randombattle-2631620658", "format": "[Gen 9] Random Battle", "players": ["nickolassbomfim", "Marferno"], "log": "|j|\u2606nickolassbomfim\n|j|\u2606Marferno\n|t:|1781410048\n|gametype|singles\n|player|p1|nickolassbomfim|red-masters|1953\n|player|p2|Marferno|lucas-gen4pt|1916\n|gen|9\n|tier|[Gen 9] Random Battle\n|rated|\n|rule|Species Clause: Limit one of each Pok\u00e9mon\n|rule|HP Percentage Mod: HP is shown in percentages\n|rule|Sleep Clause Mod: Limit one foe put to sleep\n|rule|Illusion Level Mod: Illusion disguises the Pok\u00e9mon's true level\n|\n|t:|1781410048\n|teamsize|p1|6\n|teamsize|p2|6\n|start\n|switch|p1a: Terapagos|Terapagos, L77, M|265/265\n|switch|p2a: Scovillain|Scovillain, L91, M|266/266\n|-activate|p1a: Terapagos|ability: Tera Shift\n|detailschange|p1a: Terapagos|Terapagos-Terastal, L77, M\n|-heal|p1a: Terapagos|273/273|[silent]\n|turn|1\n|inactive|Battle timer is ON: inactive players will automatically lose when time's up. (requested by Marferno)\n|inactive|Marferno has 120 seconds left.\n|\n|t:|1781410079\n|switch|p2a: Milotic|Milotic, L83, M|293/293\n|move|p1a: Terapagos|Rapid Spin|p2a: Milotic\n|-damage|p2a: Milotic|245/293\n|-boost|p1a: Terapagos|spe|1\n|\n|-heal|p2a: Milotic|263/293|[from] item: Leftovers\n|upkeep\n|turn|2\n|\n|t:|1781410088\n|move|p1a: Terapagos|Calm Mind|p1a: Terapagos\n|-boost|p1a: Terapagos|spa|1\n|-boost|p1a: Terapagos|spd|1\n|move|p2a: Milotic|Scald|p1a: Terapagos\n|-activate|p1a: Terapagos|ability: Tera Shell\n|-resisted|p1a: Terapagos\n|-damage|p1a: Terapagos|246/273\n|\n|-heal|p2a: Milotic|281/293|[from] item: Leftovers\n|upkeep\n|turn|3\n|\n|t:|1781410090\n|move|p1a: Terapagos|Tera Starstorm|p2a: Milotic\n|-damage|p2a: Milotic|140/293\n|move|p2a: Milotic|Dragon Tail|p1a: Terapagos\n|-damage|p1a: Terapagos|217/273\n|drag|p1a: Tentacruel|Tentacruel, L84, F|272/272\n|\n|-heal|p2a: Milotic|158/293|[from] item: Leftovers\n|upkeep\n|turn|4\n|\n|t:|1781410097\n|move|p1a: Tentacruel|Sludge Bomb|p2a: Milotic\n|-damage|p2a: Milotic|94/293\n|move|p2a: Milotic|Recover|p2a: Milotic\n|-heal|p2a: Milotic|241/293\n|\n|-heal|p2a: Milotic|259/293|[from] item: Leftovers\n|upkeep\n|turn|5\n|\n|t:|1781410101\n|move|p1a: Tentacruel|Sludge Bomb|p2a: Milotic\n|-damage|p2a: Milotic|189/293\n|move|p2a: Milotic|Scald|p1a: Tentacruel\n|-resisted|p1a: Tentacruel\n|-damage|p1a: Tentacruel|239/272\n|\n|-heal|p1a: Tentacruel|256/272|[from] item: Leftovers\n|-heal|p2a: Milotic|207/293|[from] item: Leftovers\n|upkeep\n|turn|6\n|\n|t:|1781410105\n|move|p1a: Tentacruel|Sludge Bomb|p2a: Milotic\n|-damage|p2a: Milotic|141/293\n|move|p2a: Milotic|Scald|p1a: Tentacruel\n|-resisted|p1a: Tentacruel\n|-damage|p1a: Tentacruel|221/272\n|\n|-heal|p1a: Tentacruel|238/272|[from] item: Leftovers\n|-heal|p2a: Milotic|159/293|[from] item: Leftovers\n|upkeep\n|turn|7\n|\n|t:|1781410110\n|move|p1a: Tentacruel|Sludge Bomb|p2a: Milotic\n|-crit|p2a: Milotic\n|-damage|p2a: Milotic|68/293\n|-status|p2a: Milotic|psn\n|move|p2a: Milotic|Scald|p1a: Tentacruel\n|-resisted|p1a: Tentacruel\n|-damage|p1a: Tentacruel|202/272\n|\n|-heal|p1a: Tentacruel|219/272|[from] item: Leftovers\n|-heal|p2a: Milotic|86/293 psn|[from] item: Leftovers\n|-damage|p2a: Milotic|50/293 psn|[from] psn\n|upkeep\n|turn|8\n|\n|t:|1781410117\n|switch|p2a: Iron Moth|Iron Moth, L78|253/253\n|move|p1a: Tentacruel|Sludge Bomb|p2a: Iron Moth\n|-resisted|p2a: Iron Moth\n|-damage|p2a: Iron Moth|215/253\n|\n|-heal|p1a: Tentacruel|236/272|[from] item: Leftovers\n|upkeep\n|turn|9\n|\n|t:|1781410135\n|-end|p2a: Iron Moth|Quark Drive|[silent]\n|switch|p2a: Zebstrika|Zebstrika, L87, F|272/272\n|move|p1a: Tentacruel|Surf|p2a: Zebstrika\n|-damage|p2a: Zebstrika|161/272\n|\n|-heal|p1a: Tentacruel|253/272|[from] item: Leftovers\n|upkeep\n|turn|10\n|\n|t:|1781410142\n|switch|p1a: Spiritomb|Spiritomb, L89, M|234/234\n|move|p2a: Zebstrika|Supercell Slam|p1a: Spiritomb\n|-damage|p1a: Spiritomb|120/234\n|-damage|p2a: Zebstrika|134/272|[from] item: Life Orb\n|\n|-heal|p1a: Spiritomb|134/234|[from] item: Leftovers\n|upkeep\n|turn|11\n|\n|t:|1781410153\n|switch|p2a: Iron Moth|Iron Moth, L78|215/253\n|move|p1a: Spiritomb|Foul Play|p2a: Iron Moth\n|-damage|p2a: Iron Moth|100/253\n|\n|-heal|p1a: Spiritomb|148/234|[from] item: Leftovers\n|upkeep\n|turn|12\n|\n|t:|1781410161\n|move|p2a: Iron Moth|Morning Sun|p2a: Iron Moth\n|-heal|p2a: Iron Moth|226/253\n|move|p1a: Spiritomb|Poltergeist|p2a: Iron Moth\n|-activate|p2a: Iron Moth|move: Poltergeist|Heavy-Duty Boots\n|-damage|p2a: Iron Moth|39/253\n|\n|-heal|p1a: Spiritomb|162/234|[from] item: Leftovers\n|upkeep\n|turn|13\n|\n|t:|1781410165\n|move|p2a: Iron Moth|Fire Blast|p1a: Spiritomb|[miss]\n|-miss|p2a: Iron Moth|p1a: Spiritomb\n|move|p1a: Spiritomb|Poltergeist|p2a: Iron Moth\n|-activate|p2a: Iron Moth|move: Poltergeist|Heavy-Duty Boots\n|-damage|p2a: Iron Moth|0 fnt\n|faint|p2a: Iron Moth\n|-end|p2a: Iron Moth|Quark Drive|[silent]\n|\n|-heal|p1a: Spiritomb|176/234|[from] item: Leftovers\n|upkeep\n|\n|t:|1781410168\n|switch|p2a: Sawsbuck|Sawsbuck, L88, F|284/284\n|turn|14\n|\n|t:|1781410171\n|move|p2a: Sawsbuck|Swords Dance|p2a: Sawsbuck\n|-boost|p2a: Sawsbuck|atk|2\n|move|p1a: Spiritomb|Will-O-Wisp|p2a: Sawsbuck\n|-status|p2a: Sawsbuck|brn\n|\n|-heal|p1a: Spiritomb|190/234|[from] item: Leftovers\n|-damage|p2a: Sawsbuck|267/284 brn|[from] brn\n|upkeep\n|turn|15\n|\n|t:|1781410175\n|move|p2a: Sawsbuck|Horn Leech|p1a: Spiritomb\n|-damage|p1a: Spiritomb|93/234\n|-heal|p2a: Sawsbuck|284/284 brn|[from] drain|[of] p1a: Spiritomb\n|-damage|p2a: Sawsbuck|256/284 brn|[from] item: Life Orb\n|move|p1a: Spiritomb|Foul Play|p2a: Sawsbuck\n|-damage|p2a: Sawsbuck|21/284 brn\n|\n|-heal|p1a: Spiritomb|107/234|[from] item: Leftovers\n|-damage|p2a: Sawsbuck|4/284 brn|[from] brn\n|upkeep\n|turn|16\n|\n|t:|1781410179\n|move|p2a: Sawsbuck|Horn Leech|p1a: Spiritomb\n|-damage|p1a: Spiritomb|16/234\n|-heal|p2a: Sawsbuck|50/284 brn|[from] drain|[of] p1a: Spiritomb\n|-damage|p2a: Sawsbuck|22/284 brn|[from] item: Life Orb\n|move|p1a: Spiritomb|Foul Play|p2a: Sawsbuck\n|-damage|p2a: Sawsbuck|0 fnt\n|faint|p2a: Sawsbuck\n|\n|-heal|p1a: Spiritomb|30/234|[from] item: Leftovers\n|upkeep\n|\n|t:|1781410190\n|switch|p2a: Milotic|Milotic, L83, M|50/293 psn\n|turn|17\n|\n|t:|1781410194\n|move|p2a: Milotic|Scald|p1a: Spiritomb\n|-damage|p1a: Spiritomb|0 fnt\n|faint|p1a: Spiritomb\n|\n|-heal|p2a: Milotic|68/293 psn|[from] item: Leftovers\n|-damage|p2a: Milotic|32/293 psn|[from] psn\n|upkeep\n|\n|t:|1781410202\n|switch|p1a: Tentacruel|Tentacruel, L84, F|253/272\n|turn|18\n|\n|t:|1781410204\n|move|p1a: Tentacruel|Sludge Bomb|p2a: Milotic\n|-damage|p2a: Milotic|0 fnt\n|faint|p2a: Milotic\n|\n|-heal|p1a: Tentacruel|270/272|[from] item: Leftovers\n|upkeep\n|\n|t:|1781410213\n|switch|p2a: Chimecho|Chimecho, L93, F|290/290\n|turn|19\n|\n|t:|1781410220\n|switch|p2a: Zebstrika|Zebstrika, L87, F|134/272\n|move|p1a: Tentacruel|Flip Turn|p2a: Zebstrika\n|-damage|p2a: Zebstrika|68/272\n|\n|t:|1781410228\n|switch|p1a: Terapagos|Terapagos-Terastal, L77, M|217/273|[from] Flip Turn\n|\n|upkeep\n|turn|20\n|\n|t:|1781410231\n|move|p2a: Zebstrika|Supercell Slam|p1a: Terapagos\n|-damage|p1a: Terapagos|88/273\n|-damage|p2a: Zebstrika|41/272|[from] item: Life Orb\n|move|p1a: Terapagos|Rapid Spin|p2a: Zebstrika\n|-damage|p2a: Zebstrika|0 fnt\n|-boost|p1a: Terapagos|spe|1\n|faint|p2a: Zebstrika\n|\n|upkeep\n|\n|t:|1781410234\n|switch|p2a: Scovillain|Scovillain, L91, M|266/266\n|turn|21\n|\n|t:|1781410238\n|move|p1a: Terapagos|Tera Starstorm|p2a: Scovillain\n|-damage|p2a: Scovillain|127/266\n|move|p2a: Scovillain|Sunny Day|p2a: Scovillain\n|-weather|SunnyDay\n|\n|-weather|SunnyDay|[upkeep]\n|upkeep\n|turn|22\n|\n|t:|1781410243\n|move|p2a: Scovillain|Energy Ball|p1a: Terapagos\n|-damage|p1a: Terapagos|0 fnt\n|faint|p1a: Terapagos\n|\n|-weather|SunnyDay|[upkeep]\n|upkeep\n|\n|t:|1781410246\n|switch|p1a: Slowking|Slowking-Galar, L85, F|300/300\n|turn|23\n|\n|t:|1781410252\n|move|p2a: Scovillain|Stomping Tantrum|p1a: Slowking\n|-supereffective|p1a: Slowking\n|-damage|p1a: Slowking|160/300\n|move|p1a: Slowking|Sludge Bomb|p2a: Scovillain\n|-supereffective|p2a: Scovillain\n|-damage|p2a: Scovillain|0 fnt\n|faint|p2a: Scovillain\n|\n|-weather|SunnyDay|[upkeep]\n|-heal|p1a: Slowking|178/300|[from] item: Leftovers\n|upkeep\n|\n|t:|1781410255\n|switch|p2a: Chimecho|Chimecho, L93, F|290/290\n|turn|24\n|\n|t:|1781410262\n|-terastallize|p2a: Chimecho|Steel\n|move|p2a: Chimecho|Cosmic Power|p2a: Chimecho\n|-boost|p2a: Chimecho|def|1\n|-boost|p2a: Chimecho|spd|1\n|move|p1a: Slowking|Psychic Noise|p2a: Chimecho\n|-resisted|p2a: Chimecho\n|-damage|p2a: Chimecho|263/290\n|-start|p2a: Chimecho|move: Heal Block\n|\n|-weather|SunnyDay|[upkeep]\n|-heal|p1a: Slowking|196/300|[from] item: Leftovers\n|upkeep\n|turn|25\n|\n|t:|1781410271\n|switch|p1a: Tentacruel|Tentacruel, L84, F|270/272\n|move|p2a: Chimecho|Stored Power|p1a: Tentacruel\n|-supereffective|p1a: Tentacruel\n|-damage|p1a: Tentacruel|150/272\n|\n|-weather|none\n|-heal|p1a: Tentacruel|167/272|[from] item: Leftovers\n|-end|p2a: Chimecho|move: Heal Block\n|upkeep\n|turn|26\n|\n|t:|1781410275\n|move|p1a: Tentacruel|Haze|p1a: Tentacruel\n|-clearallboost\n|move|p2a: Chimecho|Stored Power|p1a: Tentacruel\n|-supereffective|p1a: Tentacruel\n|-damage|p1a: Tentacruel|125/272\n|\n|-heal|p1a: Tentacruel|142/272|[from] item: Leftovers\n|-heal|p2a: Chimecho|281/290|[from] item: Leftovers\n|upkeep\n|turn|27\n|\n|t:|1781410280\n|move|p1a: Tentacruel|Surf|p2a: Chimecho\n|-damage|p2a: Chimecho|203/290\n|move|p2a: Chimecho|Cosmic Power|p2a: Chimecho\n|-boost|p2a: Chimecho|def|1\n|-boost|p2a: Chimecho|spd|1\n|\n|-heal|p1a: Tentacruel|159/272|[from] item: Leftovers\n|-heal|p2a: Chimecho|221/290|[from] item: Leftovers\n|upkeep\n|turn|28\n|\n|t:|1781410283\n|move|p1a: Tentacruel|Haze|p1a: Tentacruel\n|-clearallboost\n|move|p2a: Chimecho|Stored Power|p1a: Tentacruel\n|-supereffective|p1a: Tentacruel\n|-damage|p1a: Tentacruel|115/272\n|\n|-heal|p1a: Tentacruel|132/272|[from] item: Leftovers\n|-heal|p2a: Chimecho|239/290|[from] item: Leftovers\n|upkeep\n|turn|29\n|\n|t:|1781410285\n|move|p1a: Tentacruel|Surf|p2a: Chimecho\n|-damage|p2a: Chimecho|163/290\n|move|p2a: Chimecho|Stored Power|p1a: Tentacruel\n|-supereffective|p1a: Tentacruel\n|-damage|p1a: Tentacruel|88/272\n|\n|-heal|p1a: Tentacruel|105/272|[from] item: Leftovers\n|-heal|p2a: Chimecho|181/290|[from] item: Leftovers\n|upkeep\n|turn|30\n|\n|t:|1781410292\n|move|p1a: Tentacruel|Surf|p2a: Chimecho\n|-damage|p2a: Chimecho|102/290\n|move|p2a: Chimecho|Recover|p2a: Chimecho\n|-heal|p2a: Chimecho|247/290\n|\n|-heal|p1a: Tentacruel|122/272|[from] item: Leftovers\n|-heal|p2a: Chimecho|265/290|[from] item: Leftovers\n|upkeep\n|turn|31\n|\n|t:|1781410295\n|move|p1a: Tentacruel|Flip Turn|p2a: Chimecho\n|-damage|p2a: Chimecho|216/290\n|\n|t:|1781410298\n|switch|p1a: Plusle|Plusle, L95, M|268/268|[from] Flip Turn\n|move|p2a: Chimecho|Dazzling Gleam|p1a: Plusle\n|-damage|p1a: Plusle|193/268\n|\n|-heal|p2a: Chimecho|234/290|[from] item: Leftovers\n|upkeep\n|turn|32\n|\n|t:|1781410304\n|move|p1a: Plusle|Encore|p2a: Chimecho\n|-start|p2a: Chimecho|Encore\n|move|p2a: Chimecho|Dazzling Gleam|p1a: Plusle\n|-damage|p1a: Plusle|127/268\n|\n|-heal|p2a: Chimecho|252/290|[from] item: Leftovers\n|upkeep\n|turn|33\n|\n|t:|1781410307\n|move|p1a: Plusle|Nasty Plot|p1a: Plusle\n|-boost|p1a: Plusle|spa|2\n|move|p2a: Chimecho|Dazzling Gleam|p1a: Plusle\n|-damage|p1a: Plusle|53/268\n|\n|-heal|p2a: Chimecho|270/290|[from] item: Leftovers\n|upkeep\n|turn|34\n|\n|t:|1781410309\n|move|p1a: Plusle|Thunderbolt|p2a: Chimecho\n|-damage|p2a: Chimecho|4/290\n|-damage|p1a: Plusle|27/268|[from] item: Life Orb\n|move|p2a: Chimecho|Dazzling Gleam|p1a: Plusle\n|-damage|p1a: Plusle|0 fnt\n|faint|p1a: Plusle\n|\n|-heal|p2a: Chimecho|22/290|[from] item: Leftovers\n|-end|p2a: Chimecho|Encore\n|upkeep\n|-message|Marferno forfeited.\n|\n|win|nickolassbomfim\n", "inputlog": ">version a8376a258c1d4662feba110a92103f3664a72141\n>start {\"formatid\":\"gen9randombattle\",\"seed\":\"sodium,57ee54d44fb2ea58aaadb2af49aa0102\",\"rated\":\"Rated battle\"}\n>player p1 {\"name\":\"nickolassbomfim\",\"avatar\":\"red-masters\",\"rating\":1953,\"seed\":\"sodium,5cb0b9f65d1e1e6a05668e0f1ffa17e3\"}\n>player p2 {\"name\":\"Marferno\",\"avatar\":\"lucas-gen4pt\",\"rating\":1916,\"seed\":\"sodium,3e3bc603d0c088d987a97351c0298c6c\"}\n>p1 move rapidspin\n>p2 switch 4\n>p1 move calmmind\n>p2 move scald\n>p1 move terastarstorm\n>p2 move dragontail\n>p1 move sludgebomb\n>p2 move recover\n>p1 move sludgebomb\n>p2 move scald\n>p1 move sludgebomb\n>p2 move scald\n>p1 move sludgebomb\n>p2 move scald\n>p1 move sludgebomb\n>p2 switch 6\n>p1 move surf\n>p2 switch 5\n>p1 switch 2\n>p2 move supercellslam\n>p1 move foulplay\n>p2 switch 5\n>p1 move poltergeist\n>p2 move morningsun\n>p1 move poltergeist\n>p2 move fireblast\n>p2 switch 3\n>p1 move willowisp\n>p2 move swordsdance\n>p1 move foulplay\n>p2 move hornleech\n>p1 move foulplay\n>p2 move hornleech\n>p2 switch 6\n>p1 move painsplit\n>p2 move scald\n>p1 switch 2\n>p1 move sludgebomb\n>p2 move scald\n>p2 switch 2\n>p1 move flipturn\n>p2 switch 5\n>p1 switch 4\n>p1 move rapidspin\n>p2 move supercellslam\n>p2 switch 4\n>p1 move terastarstorm\n>p2 move sunnyday\n>p1 move terastarstorm\n>p2 move energyball\n>p1 switch 3\n>p1 move sludgebomb\n>p2 move stompingtantrum\n>p2 switch 5\n>p1 move psychicnoise\n>p2 move cosmicpower terastallize\n>p1 switch 4\n>p2 move storedpower\n>p1 move haze\n>p2 move storedpower\n>p1 move surf\n>p2 move cosmicpower\n>p1 move haze\n>p2 move storedpower\n>p1 move surf\n>p2 move storedpower\n>p1 move surf\n>p2 move recover\n>p1 move flipturn\n>p2 move dazzlinggleam\n>p1 switch 5\n>p1 move encore\n>p2 move dazzlinggleam\n>p1 move nastyplot\n>p2 move dazzlinggleam\n>p1 move thunderbolt\n>p2 move dazzlinggleam\n>forcelose p2", "uploadtime": 1781410050, "views": 5, "formatid": "gen9randombattle", "rating": null, "private": 0, "password": null}