{"id": "gen9randombattle-2631991878", "format": "[Gen 9] Random Battle", "players": ["MasterSlash001", "Boogey"], "log": "|j|\u2606MasterSlash001\n|j|\u2606Boogey\n|t:|1781463593\n|gametype|singles\n|player|p1|MasterSlash001|volkner|2031\n|player|p2|Boogey|265|1967\n|gen|9\n|tier|[Gen 9] Random Battle\n|rated|\n|rule|Species Clause: Limit one of each Pok\u00e9mon\n|rule|HP Percentage Mod: HP is shown in percentages\n|rule|Sleep Clause Mod: Limit one foe put to sleep\n|rule|Illusion Level Mod: Illusion disguises the Pok\u00e9mon's true level\n|\n|t:|1781463593\n|teamsize|p1|6\n|teamsize|p2|6\n|start\n|switch|p1a: Lunala|Lunala, L70|308/308\n|switch|p2a: Greninja|Greninja, L80, M|246/246\n|turn|1\n|inactive|Battle timer is ON: inactive players will automatically lose when time's up. (requested by Boogey)\n|inactive|MasterSlash001 also wants the timer to be on.\n|\n|t:|1781463603\n|switch|p1a: Noctowl|Noctowl, L95, F|344/344\n|move|p2a: Greninja|Dark Pulse|p1a: Noctowl\n|-damage|p1a: Noctowl|258/344\n|-damage|p2a: Greninja|222/246|[from] item: Life Orb\n|\n|upkeep\n|turn|2\n|\n|t:|1781463610\n|move|p2a: Greninja|Ice Beam|p1a: Noctowl\n|-supereffective|p1a: Noctowl\n|-damage|p1a: Noctowl|123/344\n|-damage|p2a: Greninja|198/246|[from] item: Life Orb\n|move|p1a: Noctowl|Hurricane|p2a: Greninja|[miss]\n|-miss|p1a: Noctowl|p2a: Greninja\n|\n|upkeep\n|turn|3\n|\n|t:|1781463620\n|switch|p1a: Inteleon|Inteleon, L81, M|246/246\n|move|p2a: Greninja|Ice Beam|p1a: Inteleon\n|-resisted|p1a: Inteleon\n|-damage|p1a: Inteleon|193/246\n|-damage|p2a: Greninja|174/246|[from] item: Life Orb\n|\n|upkeep\n|turn|4\n|\n|t:|1781463636\n|switch|p2a: Venusaur|Venusaur, L84, M|272/272\n|move|p1a: Inteleon|U-turn|p2a: Venusaur\n|-damage|p2a: Venusaur|227/272\n|\n|t:|1781463641\n|switch|p1a: Noctowl|Noctowl, L95, F|123/344|[from] U-turn\n|\n|-heal|p2a: Venusaur|244/272|[from] item: Leftovers\n|upkeep\n|turn|5\n|\n|t:|1781463647\n|switch|p2a: Magcargo|Magcargo, L95, M|268/268\n|move|p1a: Noctowl|Roost|p1a: Noctowl\n|-heal|p1a: Noctowl|295/344\n|-singleturn|p1a: Noctowl|move: Roost\n|\n|upkeep\n|turn|6\n|\n|t:|1781463655\n|switch|p1a: Inteleon|Inteleon, L81, M|193/246\n|move|p2a: Magcargo|Stealth Rock|p1a: Inteleon\n|-sidestart|p1: MasterSlash001|move: Stealth Rock\n|\n|upkeep\n|turn|7\n|\n|t:|1781463666\n|switch|p2a: Eelektross|Eelektross, L87, F|290/290\n|move|p1a: Inteleon|Scald|p2a: Eelektross\n|-damage|p2a: Eelektross|137/290\n|-status|p2a: Eelektross|brn\n|\n|-heal|p2a: Eelektross|155/290 brn|[from] item: Leftovers\n|-damage|p2a: Eelektross|137/290 brn|[from] brn\n|upkeep\n|turn|8\n|\n|t:|1781463675\n|move|p1a: Inteleon|Scald|p2a: Eelektross\n|-damage|p2a: Eelektross|0 fnt\n|faint|p2a: Eelektross\n|\n|upkeep\n|\n|t:|1781463677\n|switch|p2a: Venusaur|Venusaur, L84, M|244/272\n|turn|9\n|\n|t:|1781463685\n|switch|p1a: Noctowl|Noctowl, L95, F|295/344\n|move|p2a: Venusaur|Substitute|p2a: Venusaur\n|-start|p2a: Venusaur|Substitute\n|-damage|p2a: Venusaur|176/272\n|\n|-heal|p2a: Venusaur|193/272|[from] item: Leftovers\n|upkeep\n|turn|10\n|\n|t:|1781463692\n|move|p1a: Noctowl|Hyper Voice|p2a: Venusaur\n|-damage|p2a: Venusaur|97/272\n|move|p2a: Venusaur|Leech Seed|p1a: Noctowl\n|-start|p1a: Noctowl|move: Leech Seed\n|\n|-heal|p2a: Venusaur|114/272|[from] item: Leftovers\n|-damage|p1a: Noctowl|252/344|[from] Leech Seed|[of] p2a: Venusaur\n|-heal|p2a: Venusaur|157/272|[silent]\n|upkeep\n|turn|11\n|\n|t:|1781463700\n|move|p1a: Noctowl|Calm Mind|p1a: Noctowl\n|-boost|p1a: Noctowl|spa|1\n|-boost|p1a: Noctowl|spd|1\n|move|p2a: Venusaur|Sludge Bomb|p1a: Noctowl\n|-damage|p1a: Noctowl|194/344\n|\n|-heal|p2a: Venusaur|174/272|[from] item: Leftovers\n|-damage|p1a: Noctowl|151/344|[from] Leech Seed|[of] p2a: Venusaur\n|-heal|p2a: Venusaur|217/272|[silent]\n|upkeep\n|turn|12\n|\n|t:|1781463709\n|move|p1a: Noctowl|Roost|p1a: Noctowl\n|-heal|p1a: Noctowl|323/344\n|-singleturn|p1a: Noctowl|move: Roost\n|move|p2a: Venusaur|Sludge Bomb|p1a: Noctowl\n|-damage|p1a: Noctowl|272/344\n|-status|p1a: Noctowl|psn\n|\n|-heal|p2a: Venusaur|234/272|[from] item: Leftovers\n|-damage|p1a: Noctowl|229/344 psn|[from] Leech Seed|[of] p2a: Venusaur\n|-heal|p2a: Venusaur|272/272|[silent]\n|-damage|p1a: Noctowl|186/344 psn|[from] psn\n|upkeep\n|turn|13\n|\n|t:|1781463721\n|move|p1a: Noctowl|Hyper Voice|p2a: Venusaur\n|-damage|p2a: Venusaur|128/272\n|move|p2a: Venusaur|Sludge Bomb|p1a: Noctowl\n|-damage|p1a: Noctowl|132/344 psn\n|\n|-heal|p2a: Venusaur|145/272|[from] item: Leftovers\n|-damage|p1a: Noctowl|89/344 psn|[from] Leech Seed|[of] p2a: Venusaur\n|-heal|p2a: Venusaur|188/272|[silent]\n|-damage|p1a: Noctowl|46/344 psn|[from] psn\n|upkeep\n|turn|14\n|\n|t:|1781463734\n|move|p1a: Noctowl|Hyper Voice|p2a: Venusaur\n|-damage|p2a: Venusaur|44/272\n|move|p2a: Venusaur|Sludge Bomb|p1a: Noctowl\n|-damage|p1a: Noctowl|0 fnt\n|faint|p1a: Noctowl\n|\n|-heal|p2a: Venusaur|61/272|[from] item: Leftovers\n|upkeep\n|\n|t:|1781463743\n|switch|p1a: Frosmoth|Frosmoth, L82, M|249/249\n|turn|15\n|\n|t:|1781463750\n|move|p2a: Venusaur|Sludge Bomb|p1a: Frosmoth\n|-damage|p1a: Frosmoth|197/249\n|move|p1a: Frosmoth|Bug Buzz|p2a: Venusaur\n|-damage|p2a: Venusaur|0 fnt\n|faint|p2a: Venusaur\n|\n|upkeep\n|\n|t:|1781463757\n|switch|p2a: Groudon|Groudon, L72|263/263\n|-weather|SunnyDay|[from] ability: Drought|[of] p2a: Groudon\n|turn|16\n|\n|t:|1781463764\n|switch|p1a: Walking Wake|Walking Wake, L79|286/286\n|-damage|p1a: Walking Wake|251/286|[from] Stealth Rock\n|-activate|p1a: Walking Wake|ability: Protosynthesis\n|-start|p1a: Walking Wake|protosynthesisspa\n|move|p2a: Groudon|Heat Crash|p1a: Walking Wake\n|-resisted|p1a: Walking Wake\n|-crit|p1a: Walking Wake\n|-damage|p1a: Walking Wake|217/286\n|\n|-weather|SunnyDay|[upkeep]\n|upkeep\n|turn|17\n|\n|t:|1781463775\n|switch|p2a: Cacturne|Cacturne, L92, F|278/278\n|move|p1a: Walking Wake|Hydro Steam|p2a: Cacturne\n|-immune|p2a: Cacturne|[from] ability: Water Absorb\n|\n|-weather|SunnyDay|[upkeep]\n|upkeep\n|turn|18\n|\n|t:|1781463785\n|move|p2a: Cacturne|Sucker Punch|p1a: Walking Wake\n|-damage|p1a: Walking Wake|87/286\n|-damage|p2a: Cacturne|251/278|[from] item: Life Orb\n|move|p1a: Walking Wake|Flamethrower|p2a: Cacturne\n|-supereffective|p2a: Cacturne\n|-damage|p2a: Cacturne|0 fnt\n|faint|p2a: Cacturne\n|-damage|p1a: Walking Wake|59/286|[from] item: Life Orb\n|\n|-weather|SunnyDay|[upkeep]\n|upkeep\n|\n|t:|1781463788\n|switch|p2a: Greninja|Greninja, L80, M|174/246\n|turn|19\n|\n|t:|1781463799\n|-end|p1a: Walking Wake|Protosynthesis|[silent]\n|switch|p1a: Slither Wing|Slither Wing, L81|270/270\n|-activate|p1a: Slither Wing|ability: Protosynthesis\n|-start|p1a: Slither Wing|protosynthesisatk\n|move|p2a: Greninja|Dark Pulse|p1a: Slither Wing\n|-resisted|p1a: Slither Wing\n|-damage|p1a: Slither Wing|223/270\n|-damage|p2a: Greninja|150/246|[from] item: Life Orb\n|\n|-weather|SunnyDay|[upkeep]\n|upkeep\n|turn|20\n|\n|t:|1781463808\n|switch|p2a: Groudon|Groudon, L72|263/263\n|move|p1a: Slither Wing|Close Combat|p2a: Groudon\n|-damage|p2a: Groudon|110/263\n|-unboost|p1a: Slither Wing|def|1\n|-unboost|p1a: Slither Wing|spd|1\n|\n|-weather|none\n|-end|p1a: Slither Wing|Protosynthesis\n|-heal|p2a: Groudon|126/263|[from] item: Leftovers\n|upkeep\n|turn|21\n|\n|t:|1781463824\n|move|p1a: Slither Wing|U-turn|p2a: Groudon\n|-damage|p2a: Groudon|57/263\n|\n|t:|1781463829\n|-end|p1a: Slither Wing|Protosynthesis|[silent]\n|switch|p1a: Inteleon|Inteleon, L81, M|193/246|[from] U-turn\n|-damage|p1a: Inteleon|163/246|[from] Stealth Rock\n|move|p2a: Groudon|Heat Crash|p1a: Inteleon\n|-resisted|p1a: Inteleon\n|-damage|p1a: Inteleon|104/246\n|\n|-heal|p2a: Groudon|73/263|[from] item: Leftovers\n|upkeep\n|turn|22\n|\n|t:|1781463840\n|move|p1a: Inteleon|Scald|p2a: Groudon\n|-supereffective|p2a: Groudon\n|-damage|p2a: Groudon|0 fnt\n|faint|p2a: Groudon\n|\n|upkeep\n|\n|t:|1781463843\n|switch|p2a: Greninja|Greninja, L80, M|150/246\n|turn|23\n|\n|t:|1781463850\n|move|p1a: Inteleon|Scald|p2a: Greninja\n|-resisted|p2a: Greninja\n|-damage|p2a: Greninja|54/246\n|move|p2a: Greninja|Hydro Pump|p1a: Inteleon\n|-resisted|p1a: Inteleon\n|-damage|p1a: Inteleon|17/246\n|-damage|p2a: Greninja|30/246|[from] item: Life Orb\n|\n|upkeep\n|turn|24\n|\n|t:|1781463858\n|move|p2a: Greninja|Dark Pulse|p1a: Inteleon\n|-damage|p1a: Inteleon|0 fnt\n|faint|p1a: Inteleon\n|-ability|p2a: Greninja|Battle Bond|boost\n|-boost|p2a: Greninja|atk|1\n|-boost|p2a: Greninja|spa|1\n|-boost|p2a: Greninja|spe|1\n|-activate|p2a: Greninja|ability: Battle Bond\n|-damage|p2a: Greninja|6/246|[from] item: Life Orb\n|\n|upkeep\n|\n|t:|1781463875\n|switch|p1a: Slither Wing|Slither Wing, L81|223/270\n|turn|25\n|\n|t:|1781463879\n|move|p2a: Greninja|Hydro Pump|p1a: Slither Wing\n|-damage|p1a: Slither Wing|27/270\n|-damage|p2a: Greninja|0 fnt|[from] item: Life Orb\n|faint|p2a: Greninja\n|move|p1a: Slither Wing|Morning Sun|p1a: Slither Wing\n|-heal|p1a: Slither Wing|162/270\n|\n|upkeep\n|\n|t:|1781463882\n|switch|p2a: Magcargo|Magcargo, L95, M|268/268\n|turn|26\n|\n|t:|1781463889\n|-terastallize|p2a: Magcargo|Dragon\n|move|p1a: Slither Wing|Close Combat|p2a: Magcargo\n|-damage|p2a: Magcargo|159/268\n|-unboost|p1a: Slither Wing|def|1\n|-unboost|p1a: Slither Wing|spd|1\n|-status|p1a: Slither Wing|brn|[from] ability: Flame Body|[of] p2a: Magcargo\n|move|p2a: Magcargo|Yawn||[still]\n|-fail|p2a: Magcargo\n|\n|-damage|p1a: Slither Wing|146/270 brn|[from] brn\n|upkeep\n|turn|27\n|\n|t:|1781463902\n|move|p1a: Slither Wing|U-turn|p2a: Magcargo\n|-damage|p2a: Magcargo|130/268\n|\n|t:|1781463904\n|-end|p1a: Slither Wing|Protosynthesis|[silent]\n|switch|p1a: Frosmoth|Frosmoth, L82, M|197/249|[from] U-turn\n|move|p2a: Magcargo|Recover|p2a: Magcargo\n|-heal|p2a: Magcargo|264/268\n|\n|upkeep\n|turn|28\n|\n|t:|1781463910\n|move|p1a: Frosmoth|Ice Beam|p2a: Magcargo\n|-supereffective|p2a: Magcargo\n|-damage|p2a: Magcargo|48/268\n|move|p2a: Magcargo|Yawn|p1a: Frosmoth\n|-start|p1a: Frosmoth|move: Yawn|[of] p2a: Magcargo\n|\n|upkeep\n|turn|29\n|\n|t:|1781463916\n|move|p1a: Frosmoth|Ice Beam|p2a: Magcargo\n|-supereffective|p2a: Magcargo\n|-damage|p2a: Magcargo|0 fnt\n|faint|p2a: Magcargo\n|\n|win|MasterSlash001\n", "inputlog": ">version a8376a258c1d4662feba110a92103f3664a72141\n>start {\"formatid\":\"gen9randombattle\",\"seed\":\"sodium,4ce83e62de35f6bb4cf9aff9dbdb3435\",\"rated\":\"Rated battle\"}\n>player p1 {\"name\":\"MasterSlash001\",\"avatar\":\"volkner\",\"rating\":2031,\"seed\":\"sodium,a0e80572ba534cc8da5a0decc7869a56\"}\n>player p2 {\"name\":\"Boogey\",\"avatar\":\"265\",\"rating\":1967,\"seed\":\"sodium,b82dfa3ca69cec0e45ab5dbfa5239f21\"}\n>p1 switch 6\n>p2 move darkpulse\n>p1 move hurricane\n>p2 move icebeam\n>p1 switch 3\n>p2 move icebeam\n>p1 move uturn\n>p2 switch 6\n>p1 switch 3\n>p1 move roost\n>p2 switch 3\n>p1 switch 3\n>p2 move stealthrock\n>p1 move scald\n>p2 switch 4\n>p1 move scald\n>p2 move supercellslam\n>p2 switch 3\n>p1 switch 3\n>p2 move substitute\n>p1 move hypervoice\n>p2 move leechseed\n>p1 move calmmind\n>p2 move sludgebomb\n>p1 move roost\n>p2 move sludgebomb\n>p1 move hypervoice\n>p2 move sludgebomb\n>p1 move hypervoice\n>p2 move sludgebomb\n>p1 switch 2\n>p1 move bugbuzz\n>p2 move sludgebomb\n>p2 switch 5\n>p1 switch 4\n>p2 move heatcrash\n>p1 move hydrosteam\n>p2 switch 2\n>p1 move flamethrower\n>p2 move suckerpunch\n>p2 switch 6\n>p1 switch 5\n>p2 move darkpulse\n>p1 move closecombat\n>p2 switch 2\n>p1 move uturn\n>p2 move heatcrash\n>p1 switch 3\n>p1 move scald\n>p2 move precipiceblades\n>p2 switch 2\n>p1 move scald\n>p2 move hydropump\n>p1 move scald\n>p2 move darkpulse\n>p1 switch 3\n>p1 move morningsun\n>p2 move hydropump\n>p2 switch 4\n>p1 move closecombat\n>p2 move yawn terastallize\n>p1 move uturn\n>p2 move recover\n>p1 switch 4\n>p1 move icebeam\n>p2 move yawn\n>p1 move icebeam\n>p2 move lavaplume", "uploadtime": 1781463594, "views": 4, "formatid": "gen9randombattle", "rating": null, "private": 0, "password": null}