{"id": "gen9randombattle-2631854912", "format": "[Gen 9] Random Battle", "players": ["ifishboi", "Aminator3000"], "log": "|j|\u203difishboi\n|j|\u2606Aminator3000\n|t:|1781448529\n|gametype|singles\n|player|p1|ifishboi|roxie-masters|1905\n|player|p2|Aminator3000|266|1939\n|gen|9\n|tier|[Gen 9] Random Battle\n|rated|\n|rule|Species Clause: Limit one of each Pok\u00e9mon\n|rule|HP Percentage Mod: HP is shown in percentages\n|rule|Sleep Clause Mod: Limit one foe put to sleep\n|rule|Illusion Level Mod: Illusion disguises the Pok\u00e9mon's true level\n|\n|t:|1781448529\n|teamsize|p1|6\n|teamsize|p2|6\n|start\n|switch|p1a: Lapras|Lapras, L87, M|367/367\n|switch|p2a: Rampardos|Rampardos, L90, M|321/321\n|turn|1\n|inactive|Battle timer is ON: inactive players will automatically lose when time's up. (requested by Aminator3000)\n|\n|t:|1781448543\n|switch|p1a: Persian|Persian-Alola, L86, F|252/252\n|move|p2a: Rampardos|Head Smash|p1a: Persian\n|-damage|p1a: Persian|81/252\n|-damage|p2a: Rampardos|235/321|[from] Recoil\n|\n|-heal|p1a: Persian|96/252|[from] item: Leftovers\n|upkeep\n|turn|2\n|\n|t:|1781448563\n|switch|p2a: Primarina|Primarina, L83, M|268/268\n|move|p1a: Persian|Dark Pulse|p2a: Primarina\n|-resisted|p2a: Primarina\n|-damage|p2a: Primarina|235/268\n|\n|-heal|p1a: Persian|111/252|[from] item: Leftovers\n|-heal|p2a: Primarina|251/268|[from] item: Leftovers\n|upkeep\n|turn|3\n|\n|t:|1781448572\n|move|p1a: Persian|Hypnosis|p2a: Primarina\n|-status|p2a: Primarina|slp|[from] move: Hypnosis\n|cant|p2a: Primarina|slp\n|\n|-heal|p1a: Persian|126/252|[from] item: Leftovers\n|-heal|p2a: Primarina|267/268 slp|[from] item: Leftovers\n|upkeep\n|turn|4\n|\n|t:|1781448585\n|switch|p1a: Lapras|Lapras, L87, M|367/367\n|cant|p2a: Primarina|slp\n|\n|-heal|p2a: Primarina|268/268 slp|[from] item: Leftovers\n|upkeep\n|turn|5\n|\n|t:|1781448593\n|switch|p2a: Wyrdeer|Wyrdeer, L87, M|321/321\n|-ability|p2a: Wyrdeer|Intimidate|boost\n|-unboost|p1a: Lapras|atk|1\n|move|p1a: Lapras|Freeze-Dry|p2a: Wyrdeer\n|-damage|p2a: Wyrdeer|207/321\n|\n|-heal|p2a: Wyrdeer|227/321|[from] item: Leftovers\n|upkeep\n|turn|6\n|\n|t:|1781448605\n|switch|p1a: Persian|Persian-Alola, L86, F|126/252\n|move|p2a: Wyrdeer|Thunder Wave|p1a: Persian\n|-status|p1a: Persian|par\n|\n|-heal|p2a: Wyrdeer|247/321|[from] item: Leftovers\n|-heal|p1a: Persian|141/252 par|[from] item: Leftovers\n|upkeep\n|turn|7\n|\n|t:|1781448615\n|move|p2a: Wyrdeer|Body Slam|p1a: Persian\n|-damage|p1a: Persian|78/252 par\n|move|p1a: Persian|Dark Pulse|p2a: Wyrdeer\n|-supereffective|p2a: Wyrdeer\n|-damage|p2a: Wyrdeer|95/321\n|\n|-heal|p2a: Wyrdeer|115/321|[from] item: Leftovers\n|-heal|p1a: Persian|93/252 par|[from] item: Leftovers\n|upkeep\n|turn|8\n|\n|t:|1781448624\n|move|p2a: Wyrdeer|Body Slam|p1a: Persian\n|-damage|p1a: Persian|30/252 par\n|move|p1a: Persian|Dark Pulse|p2a: Wyrdeer\n|-supereffective|p2a: Wyrdeer\n|-damage|p2a: Wyrdeer|0 fnt\n|faint|p2a: Wyrdeer\n|\n|-heal|p1a: Persian|45/252 par|[from] item: Leftovers\n|upkeep\n|\n|t:|1781448632\n|switch|p2a: Rampardos|Rampardos, L90, M|235/321\n|turn|9\n|inactive|ifishboi has 120 seconds left.\n|inactive|ifishboi has 90 seconds left.\n|inactive|ifishboi has 60 seconds left.\n|inactive|ifishboi has 30 seconds left.\n|\n|t:|1781448761\n|move|p2a: Rampardos|Rock Slide|p1a: Persian\n|-damage|p1a: Persian|0 fnt\n|faint|p1a: Persian\n|\n|upkeep\n|inactive|ifishboi has 30 seconds left this turn.\n|\n|t:|1781448769\n|switch|p1a: Carbink|Carbink, L90|236/236\n|turn|10\n|\n|t:|1781448773\n|move|p2a: Rampardos|Rock Slide|p1a: Carbink\n|-damage|p1a: Carbink|127/236\n|move|p1a: Carbink|Iron Defense|p1a: Carbink\n|-boost|p1a: Carbink|def|2\n|\n|upkeep\n|turn|11\n|\n|t:|1781448789\n|move|p2a: Rampardos|Rock Slide|p1a: Carbink|[miss]\n|-miss|p2a: Rampardos|p1a: Carbink\n|move|p1a: Carbink|Body Press|p2a: Rampardos\n|-supereffective|p2a: Rampardos\n|-damage|p2a: Rampardos|0 fnt\n|faint|p2a: Rampardos\n|\n|upkeep\n|\n|t:|1781448804\n|switch|p2a: Camerupt|Camerupt, L91, F|275/275\n|turn|12\n|\n|t:|1781448813\n|switch|p1a: Lapras|Lapras, L87, M|367/367\n|move|p2a: Camerupt|Earthquake|p1a: Lapras\n|-damage|p1a: Lapras|231/367\n|\n|upkeep\n|turn|13\n|\n|t:|1781448825\n|switch|p2a: Overqwil|Overqwil, L82, F|274/274\n|-ability|p2a: Overqwil|Intimidate|boost\n|-unboost|p1a: Lapras|atk|1\n|move|p1a: Lapras|Sparkling Aria|p2a: Overqwil\n|-damage|p2a: Overqwil|103/274\n|\n|upkeep\n|turn|14\n|\n|t:|1781448836\n|switch|p1a: Magcargo|Magcargo, L95, M|268/268\n|move|p2a: Overqwil|Gunk Shot|p1a: Magcargo|[miss]\n|-miss|p2a: Overqwil|p1a: Magcargo\n|\n|upkeep\n|turn|15\n|\n|t:|1781448846\n|switch|p2a: Camerupt|Camerupt, L91, F|275/275\n|move|p1a: Magcargo|Power Gem|p2a: Camerupt\n|-damage|p2a: Camerupt|170/275\n|\n|-heal|p2a: Camerupt|187/275|[from] item: Leftovers\n|upkeep\n|turn|16\n|\n|t:|1781448859\n|switch|p1a: Swanna|Swanna, L89, F|278/278\n|move|p2a: Camerupt|Stealth Rock|p1a: Swanna\n|-sidestart|p1: ifishboi|move: Stealth Rock\n|\n|-heal|p2a: Camerupt|204/275|[from] item: Leftovers\n|upkeep\n|turn|17\n|\n|t:|1781448872\n|switch|p2a: Overqwil|Overqwil, L82, F|103/274\n|-ability|p2a: Overqwil|Intimidate|boost\n|-unboost|p1a: Swanna|atk|1\n|move|p1a: Swanna|Defog|p2a: Overqwil\n|-unboost|p2a: Overqwil|evasion|1\n|-sideend|p1: ifishboi|Stealth Rock|[from] move: Defog|[of] p1a: Swanna\n|\n|upkeep\n|turn|18\n|\n|t:|1781448890\n|move|p1a: Swanna|Hydro Pump|p2a: Overqwil\n|-damage|p2a: Overqwil|0 fnt\n|faint|p2a: Overqwil\n|\n|upkeep\n|\n|t:|1781448904\n|switch|p2a: Sandaconda|Sandaconda, L84, F|258/258\n|turn|19\n|inactive|ifishboi has 60 seconds left.\n|\n|t:|1781448940\n|-terastallize|p2a: Sandaconda|Dragon\n|move|p1a: Swanna|Hydro Pump|p2a: Sandaconda\n|-resisted|p2a: Sandaconda\n|-damage|p2a: Sandaconda|186/258\n|move|p2a: Sandaconda|Coil|p2a: Sandaconda\n|-boost|p2a: Sandaconda|atk|1\n|-boost|p2a: Sandaconda|def|1\n|-boost|p2a: Sandaconda|accuracy|1\n|\n|-heal|p2a: Sandaconda|202/258|[from] item: Leftovers\n|upkeep\n|turn|20\n|\n|t:|1781448959\n|switch|p1a: Magcargo|Magcargo, L95, M|268/268\n|move|p2a: Sandaconda|Coil|p2a: Sandaconda\n|-boost|p2a: Sandaconda|atk|1\n|-boost|p2a: Sandaconda|def|1\n|-boost|p2a: Sandaconda|accuracy|1\n|\n|-heal|p2a: Sandaconda|218/258|[from] item: Leftovers\n|upkeep\n|turn|21\n|\n|t:|1781448977\n|move|p2a: Sandaconda|Stone Edge|p1a: Magcargo\n|-supereffective|p1a: Magcargo\n|-damage|p1a: Magcargo|60/268\n|move|p1a: Magcargo|Power Gem|p2a: Sandaconda\n|-damage|p2a: Sandaconda|98/258\n|\n|-heal|p2a: Sandaconda|114/258|[from] item: Leftovers\n|upkeep\n|turn|22\n|\n|t:|1781448986\n|move|p2a: Sandaconda|Stone Edge|p1a: Magcargo\n|-supereffective|p1a: Magcargo\n|-damage|p1a: Magcargo|0 fnt\n|faint|p1a: Magcargo\n|\n|-heal|p2a: Sandaconda|130/258|[from] item: Leftovers\n|upkeep\n|\n|t:|1781448997\n|switch|p1a: Carbink|Carbink, L90|127/236\n|turn|23\n|\n|t:|1781449001\n|-terastallize|p1a: Carbink|Fighting\n|move|p2a: Sandaconda|Earthquake|p1a: Carbink\n|-crit|p1a: Carbink\n|-damage|p1a: Carbink|0 fnt\n|faint|p1a: Carbink\n|\n|-heal|p2a: Sandaconda|146/258|[from] item: Leftovers\n|upkeep\n|-message|ifishboi forfeited.\n|\n|win|Aminator3000\n", "inputlog": ">version a8376a258c1d4662feba110a92103f3664a72141\n>start {\"formatid\":\"gen9randombattle\",\"seed\":\"sodium,80373e1b0e510480389dff635750b8f0\",\"rated\":\"Rated battle\"}\n>player p1 {\"name\":\"ifishboi\",\"avatar\":\"roxie-masters\",\"rating\":1905,\"seed\":\"sodium,444e1a0fadb817c1c2755f1a94a8c888\"}\n>player p2 {\"name\":\"Aminator3000\",\"avatar\":\"266\",\"rating\":1939,\"seed\":\"sodium,102f4b502e4f81d6bcd5353f389bf530\"}\n>p1 switch 2\n>p2 move headsmash\n>p1 move darkpulse\n>p2 switch 4\n>p1 move hypnosis\n>p2 move drainingkiss\n>p1 switch 2\n>p2 move drainingkiss\n>p1 move freezedry\n>p2 switch 6\n>p1 switch 2\n>p2 move thunderwave\n>p1 move darkpulse\n>p2 move bodyslam\n>p1 move darkpulse\n>p2 move bodyslam\n>p2 switch 4\n>p1 move darkpulse\n>p2 move rockslide\n>p1 switch 6\n>p1 move irondefense\n>p2 move rockslide\n>p1 move bodypress\n>p2 move rockslide\n>p2 switch 3\n>p1 switch 2\n>p2 move earthquake\n>p1 move sparklingaria\n>p2 switch 5\n>p1 switch 3\n>p2 move gunkshot\n>p1 move powergem\n>p2 switch 5\n>p1 switch 4\n>p2 move stealthrock\n>p1 move defog\n>p2 switch 5\n>p1 move hydropump\n>p2 move crunch\n>p2 switch 2\n>p1 move hydropump\n>p2 move coil terastallize\n>p1 switch 4\n>p2 move coil\n>p1 move powergem\n>p2 move stoneedge\n>p1 move powergem\n>p2 move stoneedge\n>p1 switch 2\n>p1 move moonblast terastallize\n>p2 move earthquake\n>forcelose p1", "uploadtime": 1781448532, "views": 4, "formatid": "gen9randombattle", "rating": null, "private": 0, "password": null}