{"id": "gen9randombattle-2631524805", "format": "[Gen 9] Random Battle", "players": ["DarkReaper1560", "cosmic12213"], "log": "|j|\u2606DarkReaper1560\n|j|\u2606cosmic12213\n|t:|1781396476\n|gametype|singles\n|player|p1|DarkReaper1560|lance|\n|player|p2|cosmic12213|265|\n|gen|9\n|tier|[Gen 9] Random Battle\n|rule|Species Clause: Limit one of each Pok\u00e9mon\n|rule|HP Percentage Mod: HP is shown in percentages\n|rule|Sleep Clause Mod: Limit one foe put to sleep\n|rule|Illusion Level Mod: Illusion disguises the Pok\u00e9mon's true level\n|\n|t:|1781396476\n|teamsize|p1|6\n|teamsize|p2|6\n|start\n|switch|p1a: Basculin|Basculin-Blue-Striped, L86, F|261/261\n|switch|p2a: Gurdurr|Gurdurr, L85, M|283/283\n|turn|1\n|\n|t:|1781396518\n|switch|p2a: Sinistcha|Sinistcha-Masterpiece, L83|254/254\n|move|p1a: Basculin|Flip Turn|p2a: Sinistcha\n|-resisted|p2a: Sinistcha\n|-damage|p2a: Sinistcha|200/254\n|\n|t:|1781396548\n|switch|p1a: Cinderace|Cinderace, L77, F|250/250|[from] Flip Turn\n|\n|-heal|p2a: Sinistcha|215/254|[from] item: Leftovers\n|upkeep\n|turn|2\n|\n|t:|1781396565\n|switch|p2a: Minior|Minior-Orange, L79|224/224\n|-formechange|p2a: Minior|Minior-Meteor||[from] ability: Shields Down\n|move|p1a: Cinderace|Pyro Ball|p2a: Minior\n|-resisted|p2a: Minior\n|-damage|p2a: Minior|168/224\n|\n|upkeep\n|turn|3\n|\n|t:|1781396585\n|move|p1a: Cinderace|U-turn|p2a: Minior\n|-start|p1a: Cinderace|typechange|Bug|[from] ability: Libero\n|-resisted|p2a: Minior\n|-damage|p2a: Minior|132/224\n|\n|t:|1781396594\n|switch|p1a: Basculin|Basculin-Blue-Striped, L86, F|261/261|[from] U-turn\n|move|p2a: Minior|Earthquake|p1a: Basculin\n|-damage|p1a: Basculin|203/261\n|\n|upkeep\n|turn|4\n|\n|t:|1781396620\n|switch|p2a: Sinistcha|Sinistcha-Masterpiece, L83|215/254\n|move|p1a: Basculin|Wave Crash|p2a: Sinistcha\n|-resisted|p2a: Sinistcha\n|-damage|p2a: Sinistcha|110/254\n|-damage|p1a: Basculin|168/261|[from] Recoil\n|\n|-heal|p2a: Sinistcha|125/254|[from] item: Leftovers\n|upkeep\n|turn|5\n|\n|t:|1781396637\n|switch|p1a: Dachsbun|Dachsbun, L92, F|254/254\n|move|p2a: Sinistcha|Matcha Gotcha|p1a: Dachsbun\n|-damage|p1a: Dachsbun|161/254\n|-heal|p2a: Sinistcha|172/254|[from] drain|[of] p1a: Dachsbun\n|-status|p1a: Dachsbun|brn\n|\n|-heal|p1a: Dachsbun|176/254 brn|[from] item: Leftovers\n|-heal|p2a: Sinistcha|187/254|[from] item: Leftovers\n|-damage|p1a: Dachsbun|161/254 brn|[from] brn\n|upkeep\n|turn|6\n|\n|t:|1781396679\n|-terastallize|p2a: Sinistcha|Steel\n|move|p1a: Dachsbun|Yawn|p2a: Sinistcha\n|-start|p2a: Sinistcha|move: Yawn|[of] p1a: Dachsbun\n|move|p2a: Sinistcha|Shadow Ball|p1a: Dachsbun\n|-damage|p1a: Dachsbun|71/254 brn\n|\n|-heal|p1a: Dachsbun|86/254 brn|[from] item: Leftovers\n|-heal|p2a: Sinistcha|202/254|[from] item: Leftovers\n|-damage|p1a: Dachsbun|71/254 brn|[from] brn\n|upkeep\n|turn|7\n|\n|t:|1781396696\n|move|p1a: Dachsbun|Protect|p1a: Dachsbun\n|-singleturn|p1a: Dachsbun|Protect\n|move|p2a: Sinistcha|Shadow Ball|p1a: Dachsbun\n|-activate|p1a: Dachsbun|move: Protect\n|\n|-heal|p1a: Dachsbun|86/254 brn|[from] item: Leftovers\n|-heal|p2a: Sinistcha|217/254|[from] item: Leftovers\n|-damage|p1a: Dachsbun|71/254 brn|[from] brn\n|-end|p2a: Sinistcha|move: Yawn|[silent]\n|-status|p2a: Sinistcha|slp\n|upkeep\n|turn|8\n|\n|t:|1781396711\n|move|p1a: Dachsbun|Yawn||[still]\n|-fail|p1a: Dachsbun\n|cant|p2a: Sinistcha|slp\n|\n|-heal|p1a: Dachsbun|86/254 brn|[from] item: Leftovers\n|-heal|p2a: Sinistcha|232/254 slp|[from] item: Leftovers\n|-damage|p1a: Dachsbun|71/254 brn|[from] brn\n|upkeep\n|turn|9\n|\n|t:|1781396732\n|move|p1a: Dachsbun|Wish|p1a: Dachsbun\n|cant|p2a: Sinistcha|slp\n|\n|-heal|p1a: Dachsbun|86/254 brn|[from] item: Leftovers\n|-heal|p2a: Sinistcha|247/254 slp|[from] item: Leftovers\n|-damage|p1a: Dachsbun|71/254 brn|[from] brn\n|upkeep\n|turn|10\n|\n|t:|1781396746\n|move|p1a: Dachsbun|Protect|p1a: Dachsbun\n|-singleturn|p1a: Dachsbun|Protect\n|-curestatus|p2a: Sinistcha|slp|[msg]\n|move|p2a: Sinistcha|Shadow Ball|p1a: Dachsbun\n|-activate|p1a: Dachsbun|move: Protect\n|\n|-heal|p1a: Dachsbun|198/254 brn|[from] move: Wish|[wisher] Dachsbun\n|-heal|p1a: Dachsbun|213/254 brn|[from] item: Leftovers\n|-heal|p2a: Sinistcha|254/254|[from] item: Leftovers\n|-damage|p1a: Dachsbun|198/254 brn|[from] brn\n|upkeep\n|turn|11\n|\n|t:|1781396767\n|move|p1a: Dachsbun|Yawn|p2a: Sinistcha\n|-start|p2a: Sinistcha|move: Yawn|[of] p1a: Dachsbun\n|move|p2a: Sinistcha|Strength Sap|p1a: Dachsbun\n|-unboost|p1a: Dachsbun|atk|1\n|\n|-heal|p1a: Dachsbun|213/254 brn|[from] item: Leftovers\n|-damage|p1a: Dachsbun|198/254 brn|[from] brn\n|upkeep\n|turn|12\n|\n|t:|1781396785\n|switch|p1a: Cinderace|Cinderace, L77, F|250/250\n|move|p2a: Sinistcha|Shadow Ball|p1a: Cinderace\n|-damage|p1a: Cinderace|120/250\n|-unboost|p1a: Cinderace|spd|1\n|\n|-end|p2a: Sinistcha|move: Yawn|[silent]\n|-status|p2a: Sinistcha|slp\n|upkeep\n|turn|13\n|\n|t:|1781396829\n|switch|p2a: Blastoise|Blastoise, L80, F|258/258\n|move|p1a: Cinderace|Pyro Ball|p2a: Blastoise\n|-resisted|p2a: Blastoise\n|-damage|p2a: Blastoise|202/258\n|\n|upkeep\n|turn|14\n|\n|t:|1781396836\n|move|p1a: Cinderace|U-turn|p2a: Blastoise\n|-start|p1a: Cinderace|typechange|Bug|[from] ability: Libero\n|-damage|p2a: Blastoise|127/258\n|\n|t:|1781396844\n|switch|p1a: Chesnaught|Chesnaught, L84, M|285/285|[from] U-turn\n|move|p2a: Blastoise|Hydro Pump|p1a: Chesnaught\n|-resisted|p1a: Chesnaught\n|-damage|p1a: Chesnaught|228/285\n|\n|-heal|p1a: Chesnaught|245/285|[from] item: Leftovers\n|upkeep\n|turn|15\n|\n|t:|1781396865\n|switch|p2a: Minior|Minior-Orange, L79|132/224\n|-formechange|p2a: Minior|Minior-Meteor||[from] ability: Shields Down\n|move|p1a: Chesnaught|Trailblaze|p2a: Minior\n|-damage|p2a: Minior|80/224\n|-boost|p1a: Chesnaught|spe|1\n|\n|-heal|p1a: Chesnaught|262/285|[from] item: Leftovers\n|-formechange|p2a: Minior|Minior-Orange||[from] ability: Shields Down\n|upkeep\n|turn|16\n|\n|t:|1781396898\n|-terastallize|p1a: Chesnaught|Steel\n|move|p2a: Minior|Acrobatics|p1a: Chesnaught\n|-resisted|p1a: Chesnaught\n|-damage|p1a: Chesnaught|241/285\n|move|p1a: Chesnaught|Iron Defense|p1a: Chesnaught\n|-boost|p1a: Chesnaught|def|2\n|\n|-heal|p1a: Chesnaught|258/285|[from] item: Leftovers\n|upkeep\n|turn|17\n|\n|t:|1781396926\n|switch|p2a: Gurdurr|Gurdurr, L85, M|283/283\n|move|p1a: Chesnaught|Body Press|p2a: Gurdurr\n|-damage|p2a: Gurdurr|145/283\n|\n|-heal|p1a: Chesnaught|275/285|[from] item: Leftovers\n|upkeep\n|turn|18\n|\n|t:|1781396939\n|move|p1a: Chesnaught|Iron Defense|p1a: Chesnaught\n|-boost|p1a: Chesnaught|def|2\n|move|p2a: Gurdurr|Drain Punch|p1a: Chesnaught\n|-supereffective|p1a: Chesnaught\n|-damage|p1a: Chesnaught|227/285\n|-heal|p2a: Gurdurr|169/283|[from] drain|[of] p1a: Chesnaught\n|\n|-heal|p1a: Chesnaught|244/285|[from] item: Leftovers\n|upkeep\n|turn|19\n|\n|t:|1781396972\n|move|p1a: Chesnaught|Body Press|p2a: Gurdurr\n|-damage|p2a: Gurdurr|0 fnt\n|faint|p2a: Gurdurr\n|\n|-heal|p1a: Chesnaught|261/285|[from] item: Leftovers\n|upkeep\n|j| kangwh\n|\n|t:|1781396985\n|switch|p2a: Garchomp|Garchomp, L74, M|282/282\n|turn|20\n|\n|t:|1781396999\n|move|p1a: Chesnaught|Body Press|p2a: Garchomp\n|-damage|p2a: Garchomp|0 fnt\n|-damage|p1a: Chesnaught|226/285|[from] ability: Rough Skin|[of] p2a: Garchomp\n|faint|p2a: Garchomp\n|\n|-heal|p1a: Chesnaught|243/285|[from] item: Leftovers\n|upkeep\n|\n|t:|1781397018\n|switch|p2a: Gumshoos|Gumshoos, L95, M|321/321\n|turn|21\n|\n|t:|1781397030\n|move|p1a: Chesnaught|Body Press|p2a: Gumshoos\n|-supereffective|p2a: Gumshoos\n|-damage|p2a: Gumshoos|0 fnt\n|faint|p2a: Gumshoos\n|\n|-heal|p1a: Chesnaught|260/285|[from] item: Leftovers\n|upkeep\n|\n|t:|1781397049\n|switch|p2a: Minior|Minior-Orange, L79|80/224\n|turn|22\n|\n|t:|1781397057\n|move|p2a: Minior|Earthquake|p1a: Chesnaught\n|-supereffective|p1a: Chesnaught\n|-damage|p1a: Chesnaught|224/285\n|move|p1a: Chesnaught|Trailblaze|p2a: Minior\n|-damage|p2a: Minior|1/224\n|-boost|p1a: Chesnaught|spe|1\n|\n|-heal|p1a: Chesnaught|241/285|[from] item: Leftovers\n|upkeep\n|turn|23\n|\n|t:|1781397078\n|move|p1a: Chesnaught|Trailblaze|p2a: Minior\n|-damage|p2a: Minior|0 fnt\n|-boost|p1a: Chesnaught|spe|1\n|faint|p2a: Minior\n|\n|-heal|p1a: Chesnaught|258/285|[from] item: Leftovers\n|upkeep\n|\n|t:|1781397124\n|switch|p2a: Sinistcha|Sinistcha-Masterpiece, L83, tera:Steel|254/254 slp\n|turn|24\n|\n|t:|1781397129\n|move|p1a: Chesnaught|Body Press|p2a: Sinistcha\n|-supereffective|p2a: Sinistcha\n|-damage|p2a: Sinistcha|0 fnt\n|faint|p2a: Sinistcha\n|\n|-heal|p1a: Chesnaught|275/285|[from] item: Leftovers\n|upkeep\n|\n|t:|1781397136\n|switch|p2a: Blastoise|Blastoise, L80, F|127/258\n|turn|25\n|\n|t:|1781397144\n|move|p1a: Chesnaught|Body Press|p2a: Blastoise\n|-damage|p2a: Blastoise|0 fnt\n|faint|p2a: Blastoise\n|\n|win|DarkReaper1560\n|l|\u2606cosmic12213\n|player|p2|\n", "uploadtime": 1781398747, "views": 4, "formatid": "gen9randombattle", "rating": null, "private": 0, "password": null}