{"id": "gen9randombattle-2631447161", "format": "[Gen 9] Random Battle", "players": ["sulugoz", "BeauBBoi"], "log": "|j|\u2606sulugoz\n|j|\u2606BeauBBoi\n|t:|1781385763\n|gametype|singles\n|player|p1|sulugoz|2|1534\n|player|p2|BeauBBoi|dawn|1549\n|gen|9\n|tier|[Gen 9] Random Battle\n|rated|\n|rule|Species Clause: Limit one of each Pok\u00e9mon\n|rule|HP Percentage Mod: HP is shown in percentages\n|rule|Sleep Clause Mod: Limit one foe put to sleep\n|rule|Illusion Level Mod: Illusion disguises the Pok\u00e9mon's true level\n|\n|t:|1781385763\n|teamsize|p1|6\n|teamsize|p2|6\n|start\n|switch|p1a: Hatterene|Hatterene, L85, F|236/236\n|switch|p2a: Suicune|Suicune, L82|298/298\n|-ability|p2a: Suicune|Pressure\n|turn|1\n|\n|t:|1781385779\n|move|p2a: Suicune|Substitute|p2a: Suicune\n|-start|p2a: Suicune|Substitute\n|-damage|p2a: Suicune|224/298\n|move|p1a: Hatterene|Calm Mind|p1a: Hatterene\n|-boost|p1a: Hatterene|spa|1\n|-boost|p1a: Hatterene|spd|1\n|\n|-heal|p2a: Suicune|242/298|[from] item: Leftovers\n|upkeep\n|turn|2\n|inactive|Battle timer is ON: inactive players will automatically lose when time's up. (requested by sulugoz)\n|\n|t:|1781385795\n|move|p2a: Suicune|Calm Mind|p2a: Suicune\n|-boost|p2a: Suicune|spa|1\n|-boost|p2a: Suicune|spd|1\n|move|p1a: Hatterene|Calm Mind|p1a: Hatterene\n|-boost|p1a: Hatterene|spa|1\n|-boost|p1a: Hatterene|spd|1\n|\n|-heal|p2a: Suicune|260/298|[from] item: Leftovers\n|upkeep\n|turn|3\n|\n|t:|1781385811\n|move|p2a: Suicune|Calm Mind|p2a: Suicune\n|-boost|p2a: Suicune|spa|1\n|-boost|p2a: Suicune|spd|1\n|move|p1a: Hatterene|Draining Kiss|p2a: Suicune\n|-activate|p2a: Suicune|move: Substitute|[damage]\n|\n|-heal|p2a: Suicune|278/298|[from] item: Leftovers\n|upkeep\n|turn|4\n|\n|t:|1781385819\n|move|p2a: Suicune|Scald|p1a: Hatterene\n|-damage|p1a: Hatterene|175/236\n|move|p1a: Hatterene|Calm Mind|p1a: Hatterene\n|-boost|p1a: Hatterene|spa|1\n|-boost|p1a: Hatterene|spd|1\n|\n|-heal|p2a: Suicune|296/298|[from] item: Leftovers\n|-heal|p1a: Hatterene|189/236|[from] item: Leftovers\n|upkeep\n|turn|5\n|\n|t:|1781385827\n|move|p2a: Suicune|Calm Mind|p2a: Suicune\n|-boost|p2a: Suicune|spa|1\n|-boost|p2a: Suicune|spd|1\n|move|p1a: Hatterene|Calm Mind|p1a: Hatterene\n|-boost|p1a: Hatterene|spa|1\n|-boost|p1a: Hatterene|spd|1\n|\n|-heal|p2a: Suicune|298/298|[from] item: Leftovers\n|-heal|p1a: Hatterene|203/236|[from] item: Leftovers\n|upkeep\n|turn|6\n|\n|t:|1781385835\n|move|p2a: Suicune|Calm Mind|p2a: Suicune\n|-boost|p2a: Suicune|spa|1\n|-boost|p2a: Suicune|spd|1\n|move|p1a: Hatterene|Calm Mind|p1a: Hatterene\n|-boost|p1a: Hatterene|spa|1\n|-boost|p1a: Hatterene|spd|1\n|\n|-heal|p1a: Hatterene|217/236|[from] item: Leftovers\n|upkeep\n|turn|7\n|\n|t:|1781385843\n|move|p2a: Suicune|Calm Mind|p2a: Suicune\n|-boost|p2a: Suicune|spa|1\n|-boost|p2a: Suicune|spd|1\n|move|p1a: Hatterene|Calm Mind|p1a: Hatterene\n|-boost|p1a: Hatterene|spa|1\n|-boost|p1a: Hatterene|spd|1\n|\n|-heal|p1a: Hatterene|231/236|[from] item: Leftovers\n|upkeep\n|turn|8\n|\n|t:|1781385851\n|move|p2a: Suicune|Calm Mind|p2a: Suicune\n|-boost|p2a: Suicune|spa|1\n|-boost|p2a: Suicune|spd|1\n|move|p1a: Hatterene|Draining Kiss|p2a: Suicune\n|-end|p2a: Suicune|Substitute\n|-heal|p1a: Hatterene|236/236|[from] drain|[of] p2a: Suicune\n|\n|upkeep\n|turn|9\n|\n|t:|1781385860\n|move|p2a: Suicune|Substitute|p2a: Suicune\n|-start|p2a: Suicune|Substitute\n|-damage|p2a: Suicune|224/298\n|move|p1a: Hatterene|Psychic|p2a: Suicune\n|-end|p2a: Suicune|Substitute\n|\n|-heal|p2a: Suicune|242/298|[from] item: Leftovers\n|upkeep\n|turn|10\n|\n|t:|1781385872\n|move|p2a: Suicune|Protect|p2a: Suicune\n|-singleturn|p2a: Suicune|Protect\n|move|p1a: Hatterene|Psychic|p2a: Suicune\n|-activate|p2a: Suicune|move: Protect\n|\n|-heal|p2a: Suicune|260/298|[from] item: Leftovers\n|upkeep\n|turn|11\n|\n|t:|1781385891\n|move|p2a: Suicune|Scald|p1a: Hatterene\n|-damage|p1a: Hatterene|170/236\n|move|p1a: Hatterene|Psychic|p2a: Suicune\n|-damage|p2a: Suicune|143/298\n|\n|-heal|p2a: Suicune|161/298|[from] item: Leftovers\n|-heal|p1a: Hatterene|184/236|[from] item: Leftovers\n|upkeep\n|turn|12\n|\n|t:|1781385899\n|move|p2a: Suicune|Protect|p2a: Suicune\n|-singleturn|p2a: Suicune|Protect\n|move|p1a: Hatterene|Draining Kiss|p2a: Suicune\n|-activate|p2a: Suicune|move: Protect\n|\n|-heal|p2a: Suicune|179/298|[from] item: Leftovers\n|-heal|p1a: Hatterene|198/236|[from] item: Leftovers\n|upkeep\n|turn|13\n|\n|t:|1781385907\n|move|p2a: Suicune|Substitute|p2a: Suicune\n|-start|p2a: Suicune|Substitute\n|-damage|p2a: Suicune|105/298\n|move|p1a: Hatterene|Psychic|p2a: Suicune\n|-end|p2a: Suicune|Substitute\n|\n|-heal|p2a: Suicune|123/298|[from] item: Leftovers\n|-heal|p1a: Hatterene|212/236|[from] item: Leftovers\n|upkeep\n|turn|14\n|\n|t:|1781385917\n|move|p2a: Suicune|Substitute|p2a: Suicune\n|-start|p2a: Suicune|Substitute\n|-damage|p2a: Suicune|49/298\n|move|p1a: Hatterene|Mystical Fire|p2a: Suicune\n|-resisted|p2a: Suicune\n|-activate|p2a: Suicune|move: Substitute|[damage]\n|\n|-heal|p2a: Suicune|67/298|[from] item: Leftovers\n|-heal|p1a: Hatterene|226/236|[from] item: Leftovers\n|upkeep\n|turn|15\n|\n|t:|1781385926\n|move|p2a: Suicune|Protect|p2a: Suicune\n|-singleturn|p2a: Suicune|Protect\n|move|p1a: Hatterene|Draining Kiss|p2a: Suicune\n|-activate|p2a: Suicune|move: Protect\n|\n|-heal|p2a: Suicune|85/298|[from] item: Leftovers\n|-heal|p1a: Hatterene|236/236|[from] item: Leftovers\n|upkeep\n|turn|16\n|\n|t:|1781385933\n|move|p2a: Suicune|Scald|p1a: Hatterene\n|-damage|p1a: Hatterene|170/236\n|move|p1a: Hatterene|Draining Kiss|p2a: Suicune\n|-end|p2a: Suicune|Substitute\n|-heal|p1a: Hatterene|203/236|[from] drain|[of] p2a: Suicune\n|\n|-heal|p2a: Suicune|103/298|[from] item: Leftovers\n|-heal|p1a: Hatterene|217/236|[from] item: Leftovers\n|upkeep\n|turn|17\n|\n|t:|1781385945\n|move|p2a: Suicune|Protect|p2a: Suicune\n|-singleturn|p2a: Suicune|Protect\n|move|p1a: Hatterene|Psychic|p2a: Suicune\n|-activate|p2a: Suicune|move: Protect\n|\n|-heal|p2a: Suicune|121/298|[from] item: Leftovers\n|-heal|p1a: Hatterene|231/236|[from] item: Leftovers\n|upkeep\n|turn|18\n|\n|t:|1781385953\n|move|p2a: Suicune|Substitute|p2a: Suicune\n|-start|p2a: Suicune|Substitute\n|-damage|p2a: Suicune|47/298\n|move|p1a: Hatterene|Psychic|p2a: Suicune\n|-end|p2a: Suicune|Substitute\n|\n|-heal|p2a: Suicune|65/298|[from] item: Leftovers\n|-heal|p1a: Hatterene|236/236|[from] item: Leftovers\n|upkeep\n|turn|19\n|\n|t:|1781385968\n|move|p2a: Suicune|Scald|p1a: Hatterene\n|-crit|p1a: Hatterene\n|-damage|p1a: Hatterene|0 fnt\n|faint|p1a: Hatterene\n|\n|-heal|p2a: Suicune|83/298|[from] item: Leftovers\n|upkeep\n|\n|t:|1781385978\n|switch|p1a: Flamigo|Flamigo, L82, M|269/269\n|turn|20\n|\n|t:|1781385995\n|move|p2a: Suicune|Protect|p2a: Suicune\n|-singleturn|p2a: Suicune|Protect\n|move|p1a: Flamigo|Brave Bird|p2a: Suicune\n|-activate|p2a: Suicune|move: Protect\n|\n|-heal|p2a: Suicune|101/298|[from] item: Leftovers\n|upkeep\n|turn|21\n|\n|t:|1781386012\n|switch|p2a: Hypno|Hypno, L95, F|315/315\n|move|p1a: Flamigo|Brave Bird|p2a: Hypno\n|-damage|p2a: Hypno|142/315\n|-damage|p1a: Flamigo|212/269|[from] Recoil\n|-damage|p1a: Flamigo|186/269|[from] item: Life Orb\n|\n|-heal|p2a: Hypno|161/315|[from] item: Leftovers\n|upkeep\n|turn|22\n|\n|t:|1781386034\n|switch|p1a: Hydreigon|Hydreigon, L79, M|275/275\n|move|p2a: Hypno|Psychic Noise|p1a: Hydreigon\n|-immune|p1a: Hydreigon\n|\n|-heal|p2a: Hypno|180/315|[from] item: Leftovers\n|upkeep\n|turn|23\n|\n|t:|1781386048\n|switch|p2a: Araquanid|Araquanid, L82, M|246/246\n|move|p1a: Hydreigon|Dark Pulse|p2a: Araquanid\n|-damage|p2a: Araquanid|137/246\n|\n|upkeep\n|turn|24\n|\n|t:|1781386058\n|move|p1a: Hydreigon|Dark Pulse|p2a: Araquanid\n|-damage|p2a: Araquanid|40/246\n|move|p2a: Araquanid|Leech Life|p1a: Hydreigon\n|-supereffective|p1a: Hydreigon\n|-damage|p1a: Hydreigon|137/275\n|-heal|p2a: Araquanid|109/246|[from] drain|[of] p1a: Hydreigon\n|\n|upkeep\n|turn|25\n|\n|t:|1781386069\n|switch|p1a: Flamigo|Flamigo, L82, M|186/269\n|move|p2a: Araquanid|Leech Life|p1a: Flamigo\n|-resisted|p1a: Flamigo\n|-damage|p1a: Flamigo|168/269\n|-heal|p2a: Araquanid|118/246|[from] drain|[of] p1a: Flamigo\n|\n|upkeep\n|turn|26\n|inactive|BeauBBoi has 120 seconds left.\n|\n|t:|1781386104\n|switch|p2a: Hypno|Hypno, L95, F|180/315\n|move|p1a: Flamigo|Brave Bird|p2a: Hypno\n|-damage|p2a: Hypno|0 fnt\n|faint|p2a: Hypno\n|-damage|p1a: Flamigo|109/269|[from] Recoil\n|-damage|p1a: Flamigo|83/269|[from] item: Life Orb\n|\n|upkeep\n|\n|t:|1781386112\n|switch|p2a: Calyrex|Calyrex-Shadow, L64|235/235\n|-ability|p2a: Calyrex|As One\n|-ability|p2a: Calyrex|Unnerve\n|turn|27\n|inactive|BeauBBoi has 120 seconds left.\n|\n|t:|1781386132\n|switch|p1a: Terapagos|Terapagos, L77, M|265/265\n|-activate|p1a: Terapagos|ability: Tera Shift\n|detailschange|p1a: Terapagos|Terapagos-Terastal, L77, M\n|-heal|p1a: Terapagos|273/273|[silent]\n|move|p2a: Calyrex|Astral Barrage|p1a: Terapagos\n|-immune|p1a: Terapagos\n|\n|upkeep\n|turn|28\n|inactive|BeauBBoi has 120 seconds left.\n|\n|t:|1781386151\n|switch|p2a: Araquanid|Araquanid, L82, M|118/246\n|move|p1a: Terapagos|Calm Mind|p1a: Terapagos\n|-boost|p1a: Terapagos|spa|1\n|-boost|p1a: Terapagos|spd|1\n|\n|upkeep\n|turn|29\n|inactive|BeauBBoi has 120 seconds left.\n|\n|t:|1781386166\n|-terastallize|p1a: Terapagos|Stellar\n|detailschange|p1a: Terapagos|Terapagos-Stellar, L77, M, tera:Stellar\n|-heal|p1a: Terapagos|373/373|[silent]\n|move|p1a: Terapagos|Tera Starstorm|p2a: Araquanid\n|-damage|p2a: Araquanid|0 fnt\n|faint|p2a: Araquanid\n|\n|upkeep\n|inactive|BeauBBoi has 120 seconds left.\n|\n|t:|1781386181\n|switch|p2a: Zamazenta|Zamazenta, L71|248/248\n|-ability|p2a: Zamazenta|Dauntless Shield|boost\n|-boost|p2a: Zamazenta|def|1\n|turn|30\n|inactive|BeauBBoi has 120 seconds left.\n|\n|t:|1781386195\n|switch|p1a: Scream Tail|Scream Tail, L84|330/330\n|move|p2a: Zamazenta|Iron Head|p1a: Scream Tail\n|-supereffective|p1a: Scream Tail\n|-damage|p1a: Scream Tail|208/330\n|\n|-heal|p1a: Scream Tail|228/330|[from] item: Leftovers\n|upkeep\n|turn|31\n|inactive|BeauBBoi has 120 seconds left.\n|\n|t:|1781386206\n|-terastallize|p2a: Zamazenta|Steel\n|move|p2a: Zamazenta|Iron Head|p1a: Scream Tail\n|-supereffective|p1a: Scream Tail\n|-damage|p1a: Scream Tail|30/330\n|move|p1a: Scream Tail|Wish|p1a: Scream Tail\n|\n|-heal|p1a: Scream Tail|50/330|[from] item: Leftovers\n|upkeep\n|turn|32\n|inactive|BeauBBoi has 120 seconds left.\n|\n|t:|1781386222\n|-end|p1a: Scream Tail|Protosynthesis|[silent]\n|switch|p1a: Flamigo|Flamigo, L82, M|83/269\n|move|p2a: Zamazenta|Iron Head|p1a: Flamigo\n|-damage|p1a: Flamigo|0 fnt\n|faint|p1a: Flamigo\n|\n|upkeep\n|\n|t:|1781386229\n|switch|p1a: Appletun|Appletun, L92, F|352/352\n|turn|33\n|\n|t:|1781386233\n|move|p2a: Zamazenta|Iron Head|p1a: Appletun\n|-damage|p1a: Appletun|238/352\n|cant|p1a: Appletun|flinch\n|\n|-heal|p1a: Appletun|260/352|[from] item: Leftovers\n|upkeep\n|turn|34\n|\n|t:|1781386239\n|move|p2a: Zamazenta|Iron Head|p1a: Appletun\n|-damage|p1a: Appletun|154/352\n|move|p1a: Appletun|Dragon Tail|p2a: Zamazenta\n|-resisted|p2a: Zamazenta\n|-damage|p2a: Zamazenta|224/248\n|drag|p2a: Suicune|Suicune, L82|101/298\n|-ability|p2a: Suicune|Pressure\n|\n|-heal|p2a: Suicune|119/298|[from] item: Leftovers\n|-heal|p1a: Appletun|176/352|[from] item: Leftovers\n|upkeep\n|turn|35\n|\n|t:|1781386255\n|move|p2a: Suicune|Protect|p2a: Suicune\n|-singleturn|p2a: Suicune|Protect\n|move|p1a: Appletun|Recover|p1a: Appletun\n|-heal|p1a: Appletun|352/352\n|\n|-heal|p2a: Suicune|137/298|[from] item: Leftovers\n|upkeep\n|turn|36\n|\n|t:|1781386264\n|switch|p2a: Honchkrow|Honchkrow, L86, M|312/312\n|move|p1a: Appletun|Apple Acid|p2a: Honchkrow\n|-resisted|p2a: Honchkrow\n|-damage|p2a: Honchkrow|237/312\n|-unboost|p2a: Honchkrow|spd|1\n|\n|upkeep\n|turn|37\n|\n|t:|1781386286\n|move|p2a: Honchkrow|Brave Bird|p1a: Appletun\n|-supereffective|p1a: Appletun\n|-damage|p1a: Appletun|4/352\n|-damage|p2a: Honchkrow|122/312|[from] Recoil\n|move|p1a: Appletun|Dragon Pulse|p2a: Honchkrow\n|-damage|p2a: Honchkrow|0 fnt\n|faint|p2a: Honchkrow\n|\n|-heal|p1a: Appletun|26/352|[from] item: Leftovers\n|upkeep\n|\n|t:|1781386299\n|switch|p2a: Calyrex|Calyrex-Shadow, L64|235/235\n|-ability|p2a: Calyrex|As One\n|-ability|p2a: Calyrex|Unnerve\n|turn|38\n|\n|t:|1781386312\n|move|p2a: Calyrex|Pollen Puff|p1a: Appletun\n|-supereffective|p1a: Appletun\n|-damage|p1a: Appletun|0 fnt\n|faint|p1a: Appletun\n|-ability|p2a: Calyrex|Grim Neigh|boost\n|-boost|p2a: Calyrex|spa|1\n|-damage|p2a: Calyrex|212/235|[from] item: Life Orb\n|\n|upkeep\n|\n|t:|1781386319\n|switch|p1a: Terapagos|Terapagos-Stellar, L77, M, tera:Stellar|373/373\n|turn|39\n|\n|t:|1781386326\n|move|p2a: Calyrex|Psyshock|p1a: Terapagos\n|-damage|p1a: Terapagos|239/373\n|-damage|p2a: Calyrex|189/235|[from] item: Life Orb\n|move|p1a: Terapagos|Dark Pulse|p2a: Calyrex\n|-supereffective|p2a: Calyrex\n|-damage|p2a: Calyrex|0 fnt\n|faint|p2a: Calyrex\n|\n|upkeep\n|\n|t:|1781386335\n|switch|p2a: Suicune|Suicune, L82|137/298\n|-ability|p2a: Suicune|Pressure\n|turn|40\n|\n|t:|1781386343\n|move|p2a: Suicune|Calm Mind|p2a: Suicune\n|-boost|p2a: Suicune|spa|1\n|-boost|p2a: Suicune|spd|1\n|move|p1a: Terapagos|Calm Mind|p1a: Terapagos\n|-boost|p1a: Terapagos|spa|1\n|-boost|p1a: Terapagos|spd|1\n|\n|-heal|p2a: Suicune|155/298|[from] item: Leftovers\n|upkeep\n|turn|41\n|\n|t:|1781386354\n|move|p2a: Suicune|Calm Mind|p2a: Suicune\n|-boost|p2a: Suicune|spa|1\n|-boost|p2a: Suicune|spd|1\n|move|p1a: Terapagos|Tera Starstorm|p2a: Suicune\n|-damage|p2a: Suicune|91/298\n|\n|-heal|p2a: Suicune|109/298|[from] item: Leftovers\n|upkeep\n|turn|42\n|\n|t:|1781386365\n|move|p2a: Suicune|Calm Mind|p2a: Suicune\n|-boost|p2a: Suicune|spa|1\n|-boost|p2a: Suicune|spd|1\n|move|p1a: Terapagos|Calm Mind|p1a: Terapagos\n|-boost|p1a: Terapagos|spa|1\n|-boost|p1a: Terapagos|spd|1\n|\n|-heal|p2a: Suicune|127/298|[from] item: Leftovers\n|upkeep\n|turn|43\n|\n|t:|1781386373\n|move|p2a: Suicune|Calm Mind|p2a: Suicune\n|-boost|p2a: Suicune|spa|1\n|-boost|p2a: Suicune|spd|1\n|move|p1a: Terapagos|Calm Mind|p1a: Terapagos\n|-boost|p1a: Terapagos|spa|1\n|-boost|p1a: Terapagos|spd|1\n|\n|-heal|p2a: Suicune|145/298|[from] item: Leftovers\n|upkeep\n|turn|44\n|\n|t:|1781386380\n|move|p2a: Suicune|Calm Mind|p2a: Suicune\n|-boost|p2a: Suicune|spa|1\n|-boost|p2a: Suicune|spd|1\n|move|p1a: Terapagos|Calm Mind|p1a: Terapagos\n|-boost|p1a: Terapagos|spa|1\n|-boost|p1a: Terapagos|spd|1\n|\n|-heal|p2a: Suicune|163/298|[from] item: Leftovers\n|upkeep\n|turn|45\n|\n|t:|1781386387\n|move|p2a: Suicune|Calm Mind|p2a: Suicune\n|-boost|p2a: Suicune|spa|1\n|-boost|p2a: Suicune|spd|1\n|move|p1a: Terapagos|Calm Mind|p1a: Terapagos\n|-boost|p1a: Terapagos|spa|1\n|-boost|p1a: Terapagos|spd|1\n|\n|-heal|p2a: Suicune|181/298|[from] item: Leftovers\n|upkeep\n|turn|46\n|\n|t:|1781386395\n|move|p2a: Suicune|Substitute|p2a: Suicune\n|-start|p2a: Suicune|Substitute\n|-damage|p2a: Suicune|107/298\n|move|p1a: Terapagos|Rest|p1a: Terapagos\n|-status|p1a: Terapagos|slp|[from] move: Rest\n|-heal|p1a: Terapagos|373/373 slp|[silent]\n|-enditem|p1a: Terapagos|Chesto Berry|[eat]\n|-curestatus|p1a: Terapagos|slp|[msg]\n|\n|-heal|p2a: Suicune|125/298|[from] item: Leftovers\n|upkeep\n|turn|47\n|\n|t:|1781386412\n|move|p2a: Suicune|Scald|p1a: Terapagos\n|-damage|p1a: Terapagos|300/373\n|-status|p1a: Terapagos|brn\n|move|p1a: Terapagos|Calm Mind|p1a: Terapagos\n|-boost|p1a: Terapagos|spa|1\n|-boost|p1a: Terapagos|spd|1\n|\n|-heal|p2a: Suicune|143/298|[from] item: Leftovers\n|-damage|p1a: Terapagos|277/373 brn|[from] brn\n|upkeep\n|turn|48\n|\n|t:|1781386423\n|move|p2a: Suicune|Scald|p1a: Terapagos\n|-damage|p1a: Terapagos|211/373 brn\n|move|p1a: Terapagos|Dark Pulse|p2a: Suicune\n|-activate|p2a: Suicune|move: Substitute|[damage]\n|\n|-heal|p2a: Suicune|161/298|[from] item: Leftovers\n|-damage|p1a: Terapagos|188/373 brn|[from] brn\n|upkeep\n|turn|49\n|\n|t:|1781386437\n|move|p2a: Suicune|Protect|p2a: Suicune\n|-singleturn|p2a: Suicune|Protect\n|move|p1a: Terapagos|Dark Pulse|p2a: Suicune\n|-activate|p2a: Suicune|move: Protect\n|\n|-heal|p2a: Suicune|179/298|[from] item: Leftovers\n|-damage|p1a: Terapagos|165/373 brn|[from] brn\n|upkeep\n|turn|50\n|\n|t:|1781386446\n|move|p2a: Suicune|Scald|p1a: Terapagos\n|-damage|p1a: Terapagos|98/373 brn\n|move|p1a: Terapagos|Dark Pulse|p2a: Suicune\n|-end|p2a: Suicune|Substitute\n|\n|-heal|p2a: Suicune|197/298|[from] item: Leftovers\n|-damage|p1a: Terapagos|75/373 brn|[from] brn\n|upkeep\n|turn|51\n|\n|t:|1781386454\n|move|p2a: Suicune|Substitute|p2a: Suicune\n|-start|p2a: Suicune|Substitute\n|-damage|p2a: Suicune|123/298\n|move|p1a: Terapagos|Rest|p1a: Terapagos\n|-status|p1a: Terapagos|slp|[from] move: Rest\n|-heal|p1a: Terapagos|373/373 slp|[silent]\n|\n|-heal|p2a: Suicune|141/298|[from] item: Leftovers\n|upkeep\n|turn|52\n|inactive|BeauBBoi has 120 seconds left.\n|\n|t:|1781386489\n|switch|p2a: Zamazenta|Zamazenta, L71, tera:Steel|224/248\n|cant|p1a: Terapagos|slp\n|\n|upkeep\n|turn|53\n|\n|t:|1781386504\n|move|p2a: Zamazenta|Close Combat|p1a: Terapagos\n|-supereffective|p1a: Terapagos\n|-damage|p1a: Terapagos|67/373 slp\n|-unboost|p2a: Zamazenta|def|1\n|-unboost|p2a: Zamazenta|spd|1\n|cant|p1a: Terapagos|slp\n|\n|upkeep\n|turn|54\n|\n|t:|1781386518\n|move|p2a: Zamazenta|Close Combat|p1a: Terapagos\n|-supereffective|p1a: Terapagos\n|-damage|p1a: Terapagos|0 fnt\n|-unboost|p2a: Zamazenta|def|1\n|-unboost|p2a: Zamazenta|spd|1\n|faint|p1a: Terapagos\n|detailschange|p1: Terapagos|Terapagos, L77, M|[silent]\n|\n|upkeep\n|\n|t:|1781386524\n|switch|p1a: Hydreigon|Hydreigon, L79, M|137/275\n|turn|55\n|\n|t:|1781386527\n|move|p2a: Zamazenta|Close Combat|p1a: Hydreigon\n|-supereffective|p1a: Hydreigon\n|-damage|p1a: Hydreigon|0 fnt\n|-unboost|p2a: Zamazenta|def|1\n|-unboost|p2a: Zamazenta|spd|1\n|faint|p1a: Hydreigon\n|\n|upkeep\n|c|\u2606sulugoz|gg\n|\n|t:|1781386534\n|switch|p1a: Scream Tail|Scream Tail, L84|50/330\n|turn|56\n|\n|t:|1781386539\n|move|p1a: Scream Tail|Protect|p1a: Scream Tail\n|-singleturn|p1a: Scream Tail|Protect\n|move|p2a: Zamazenta|Close Combat|p1a: Scream Tail\n|-activate|p1a: Scream Tail|move: Protect\n|\n|-heal|p1a: Scream Tail|70/330|[from] item: Leftovers\n|upkeep\n|turn|57\n|\n|t:|1781386547\n|switch|p2a: Suicune|Suicune, L82|141/298\n|-ability|p2a: Suicune|Pressure\n|move|p1a: Scream Tail|Wish|p1a: Scream Tail\n|\n|-heal|p1a: Scream Tail|90/330|[from] item: Leftovers\n|-heal|p2a: Suicune|159/298|[from] item: Leftovers\n|upkeep\n|turn|58\n|\n|t:|1781386560\n|move|p1a: Scream Tail|Dazzling Gleam|p2a: Suicune\n|-damage|p2a: Suicune|104/298\n|move|p2a: Suicune|Calm Mind|p2a: Suicune\n|-boost|p2a: Suicune|spa|1\n|-boost|p2a: Suicune|spd|1\n|\n|-heal|p1a: Scream Tail|255/330|[from] move: Wish|[wisher] Scream Tail\n|-heal|p1a: Scream Tail|275/330|[from] item: Leftovers\n|-heal|p2a: Suicune|122/298|[from] item: Leftovers\n|upkeep\n|turn|59\n|\n|t:|1781386570\n|move|p1a: Scream Tail|Encore|p2a: Suicune\n|-start|p2a: Suicune|Encore\n|move|p2a: Suicune|Calm Mind|p2a: Suicune\n|-boost|p2a: Suicune|spa|1\n|-boost|p2a: Suicune|spd|1\n|\n|-heal|p1a: Scream Tail|295/330|[from] item: Leftovers\n|-heal|p2a: Suicune|140/298|[from] item: Leftovers\n|upkeep\n|turn|60\n|\n|t:|1781386581\n|move|p1a: Scream Tail|Wish|p1a: Scream Tail\n|move|p2a: Suicune|Calm Mind|p2a: Suicune\n|-boost|p2a: Suicune|spa|1\n|-boost|p2a: Suicune|spd|1\n|\n|-heal|p1a: Scream Tail|315/330|[from] item: Leftovers\n|-heal|p2a: Suicune|158/298|[from] item: Leftovers\n|upkeep\n|turn|61\n|\n|t:|1781386590\n|move|p1a: Scream Tail|Protect|p1a: Scream Tail\n|-singleturn|p1a: Scream Tail|Protect\n|move|p2a: Suicune|Calm Mind|p2a: Suicune\n|-boost|p2a: Suicune|spa|1\n|-boost|p2a: Suicune|spd|1\n|\n|-heal|p1a: Scream Tail|330/330|[from] move: Wish|[wisher] Scream Tail\n|-heal|p2a: Suicune|176/298|[from] item: Leftovers\n|-end|p2a: Suicune|Encore\n|upkeep\n|turn|62\n|\n|t:|1781386602\n|move|p1a: Scream Tail|Encore|p2a: Suicune\n|-start|p2a: Suicune|Encore\n|move|p2a: Suicune|Calm Mind|p2a: Suicune\n|-boost|p2a: Suicune|spa|1\n|-boost|p2a: Suicune|spd|1\n|\n|-heal|p2a: Suicune|194/298|[from] item: Leftovers\n|upkeep\n|turn|63\n|\n|t:|1781386610\n|move|p1a: Scream Tail|Protect|p1a: Scream Tail\n|-singleturn|p1a: Scream Tail|Protect\n|move|p2a: Suicune|Calm Mind|p2a: Suicune\n|-boost|p2a: Suicune|spa|1\n|-boost|p2a: Suicune|spd|1\n|\n|-heal|p2a: Suicune|212/298|[from] item: Leftovers\n|upkeep\n|turn|64\n|c|\u2606BeauBBoi|gg\n|\n|t:|1781386624\n|move|p1a: Scream Tail|Protect||[still]\n|-fail|p1a: Scream Tail\n|move|p2a: Suicune|Calm Mind|p2a: Suicune\n|-boost|p2a: Suicune|spa|0\n|-boost|p2a: Suicune|spd|0\n|\n|-heal|p2a: Suicune|230/298|[from] item: Leftovers\n|-end|p2a: Suicune|Encore\n|upkeep\n|turn|65\n|\n|t:|1781386631\n|move|p1a: Scream Tail|Encore|p2a: Suicune\n|-start|p2a: Suicune|Encore\n|move|p2a: Suicune|Calm Mind|p2a: Suicune\n|-boost|p2a: Suicune|spa|0\n|-boost|p2a: Suicune|spd|0\n|\n|-heal|p2a: Suicune|248/298|[from] item: Leftovers\n|upkeep\n|turn|66\n|\n|t:|1781386647\n|move|p1a: Scream Tail|Protect|p1a: Scream Tail\n|-singleturn|p1a: Scream Tail|Protect\n|move|p2a: Suicune|Calm Mind|p2a: Suicune\n|-boost|p2a: Suicune|spa|0\n|-boost|p2a: Suicune|spd|0\n|\n|-heal|p2a: Suicune|266/298|[from] item: Leftovers\n|upkeep\n|turn|67\n|\n|t:|1781386661\n|move|p1a: Scream Tail|Dazzling Gleam|p2a: Suicune\n|-damage|p2a: Suicune|251/298\n|move|p2a: Suicune|Calm Mind|p2a: Suicune\n|-boost|p2a: Suicune|spa|0\n|-boost|p2a: Suicune|spd|0\n|\n|-heal|p2a: Suicune|269/298|[from] item: Leftovers\n|-end|p2a: Suicune|Encore\n|upkeep\n|turn|68\n|\n|t:|1781386672\n|move|p1a: Scream Tail|Encore|p2a: Suicune\n|-start|p2a: Suicune|Encore\n|move|p2a: Suicune|Calm Mind|p2a: Suicune\n|-boost|p2a: Suicune|spa|0\n|-boost|p2a: Suicune|spd|0\n|\n|-heal|p2a: Suicune|287/298|[from] item: Leftovers\n|upkeep\n|turn|69\n|\n|t:|1781386679\n|move|p1a: Scream Tail|Dazzling Gleam|p2a: Suicune\n|-damage|p2a: Suicune|272/298\n|move|p2a: Suicune|Calm Mind|p2a: Suicune\n|-boost|p2a: Suicune|spa|0\n|-boost|p2a: Suicune|spd|0\n|\n|-heal|p2a: Suicune|290/298|[from] item: Leftovers\n|upkeep\n|turn|70\n|\n|t:|1781386686\n|move|p1a: Scream Tail|Dazzling Gleam|p2a: Suicune\n|-damage|p2a: Suicune|275/298\n|move|p2a: Suicune|Calm Mind|p2a: Suicune\n|-boost|p2a: Suicune|spa|0\n|-boost|p2a: Suicune|spd|0\n|\n|-heal|p2a: Suicune|293/298|[from] item: Leftovers\n|-end|p2a: Suicune|Encore\n|upkeep\n|turn|71\n|c|\u2606BeauBBoi|i deserve this\n|\n|t:|1781386700\n|move|p1a: Scream Tail|Wish|p1a: Scream Tail\n|move|p2a: Suicune|Substitute|p2a: Suicune\n|-start|p2a: Suicune|Substitute\n|-damage|p2a: Suicune|219/298\n|\n|-heal|p2a: Suicune|237/298|[from] item: Leftovers\n|upkeep\n|turn|72\n|\n|t:|1781386708\n|move|p1a: Scream Tail|Protect|p1a: Scream Tail\n|-singleturn|p1a: Scream Tail|Protect\n|move|p2a: Suicune|Scald|p1a: Scream Tail\n|-activate|p1a: Scream Tail|move: Protect\n|\n|-heal|p2a: Suicune|255/298|[from] item: Leftovers\n|upkeep\n|turn|73\n|\n|t:|1781386717\n|move|p1a: Scream Tail|Wish|p1a: Scream Tail\n|move|p2a: Suicune|Scald|p1a: Scream Tail\n|-damage|p1a: Scream Tail|104/330\n|\n|-heal|p1a: Scream Tail|124/330|[from] item: Leftovers\n|-heal|p2a: Suicune|273/298|[from] item: Leftovers\n|upkeep\n|turn|74\n|\n|t:|1781386723\n|move|p1a: Scream Tail|Protect|p1a: Scream Tail\n|-singleturn|p1a: Scream Tail|Protect\n|move|p2a: Suicune|Scald|p1a: Scream Tail\n|-activate|p1a: Scream Tail|move: Protect\n|\n|-heal|p1a: Scream Tail|289/330|[from] move: Wish|[wisher] Scream Tail\n|-heal|p1a: Scream Tail|309/330|[from] item: Leftovers\n|-heal|p2a: Suicune|291/298|[from] item: Leftovers\n|upkeep\n|turn|75\n|\n|t:|1781386735\n|move|p1a: Scream Tail|Wish|p1a: Scream Tail\n|move|p2a: Suicune|Scald|p1a: Scream Tail\n|-damage|p1a: Scream Tail|80/330\n|\n|-heal|p1a: Scream Tail|100/330|[from] item: Leftovers\n|-heal|p2a: Suicune|298/298|[from] item: Leftovers\n|upkeep\n|turn|76\n|\n|t:|1781386744\n|move|p1a: Scream Tail|Protect|p1a: Scream Tail\n|-singleturn|p1a: Scream Tail|Protect\n|move|p2a: Suicune|Protect||[still]\n|-fail|p2a: Suicune\n|\n|-heal|p1a: Scream Tail|265/330|[from] move: Wish|[wisher] Scream Tail\n|-heal|p1a: Scream Tail|285/330|[from] item: Leftovers\n|upkeep\n|turn|77\n|\n|t:|1781386753\n|move|p1a: Scream Tail|Wish|p1a: Scream Tail\n|move|p2a: Suicune|Scald|p1a: Scream Tail\n|-damage|p1a: Scream Tail|27/330\n|-status|p1a: Scream Tail|brn\n|\n|-heal|p1a: Scream Tail|47/330 brn|[from] item: Leftovers\n|-damage|p1a: Scream Tail|27/330 brn|[from] brn\n|upkeep\n|turn|78\n|\n|t:|1781386767\n|move|p2a: Suicune|Protect|p2a: Suicune\n|-singleturn|p2a: Suicune|Protect\n|move|p1a: Scream Tail|Dazzling Gleam|p2a: Suicune\n|-activate|p2a: Suicune|move: Protect\n|\n|-heal|p1a: Scream Tail|192/330 brn|[from] move: Wish|[wisher] Scream Tail\n|-heal|p1a: Scream Tail|212/330 brn|[from] item: Leftovers\n|-damage|p1a: Scream Tail|192/330 brn|[from] brn\n|upkeep\n|turn|79\n|\n|t:|1781386776\n|move|p1a: Scream Tail|Protect|p1a: Scream Tail\n|-singleturn|p1a: Scream Tail|Protect\n|move|p2a: Suicune|Scald|p1a: Scream Tail\n|-activate|p1a: Scream Tail|move: Protect\n|\n|-heal|p1a: Scream Tail|212/330 brn|[from] item: Leftovers\n|-damage|p1a: Scream Tail|192/330 brn|[from] brn\n|upkeep\n|turn|80\n|\n|t:|1781386784\n|move|p1a: Scream Tail|Wish|p1a: Scream Tail\n|move|p2a: Suicune|Scald|p1a: Scream Tail\n|-damage|p1a: Scream Tail|0 fnt\n|faint|p1a: Scream Tail\n|-end|p1a: Scream Tail|Protosynthesis|[silent]\n|\n|win|BeauBBoi\n|raw|sulugoz's rating: 1534 &rarr; <strong>1515</strong><br />(-19 for losing)\n|raw|BeauBBoi's rating: 1549 &rarr; <strong>1568</strong><br />(+19 for winning)\n|c|\u2606sulugoz|gg\n|c|\u2606BeauBBoi|gg\n", "inputlog": ">version a8376a258c1d4662feba110a92103f3664a72141\n>start {\"formatid\":\"gen9randombattle\",\"seed\":\"sodium,d07b45e854569c8a5994e7fb674063ee\",\"rated\":\"Rated battle\"}\n>player p1 {\"name\":\"sulugoz\",\"avatar\":\"2\",\"rating\":1534,\"seed\":\"sodium,fb038223011cb19049dcd7f8c3e2c0f8\"}\n>player p2 {\"name\":\"BeauBBoi\",\"avatar\":\"dawn\",\"rating\":1549,\"seed\":\"sodium,6b316499bfc3b83d498529c2fbd6c2e3\"}\n>p1 move calmmind\n>p2 move substitute\n>p1 move calmmind\n>p2 move calmmind\n>p1 move drainingkiss\n>p2 move calmmind\n>p1 move calmmind\n>p2 move scald\n>p1 move calmmind\n>p2 move calmmind\n>p1 move calmmind\n>p2 move calmmind\n>p1 move calmmind\n>p2 move calmmind\n>p1 move drainingkiss\n>p2 move calmmind\n>p1 move psychic\n>p2 move substitute\n>p1 move psychic\n>p2 move protect\n>p1 move psychic\n>p2 move scald\n>p1 move drainingkiss\n>p2 move protect\n>p1 move psychic\n>p2 move substitute\n>p1 move mysticalfire\n>p2 move substitute\n>p1 move drainingkiss\n>p2 move protect\n>p1 move drainingkiss\n>p2 move scald\n>p1 move psychic\n>p2 move protect\n>p1 move psychic\n>p2 move substitute\n>p1 move mysticalfire\n>p2 move scald\n>p1 switch 5\n>p1 move bravebird\n>p2 move protect\n>p1 move bravebird\n>p2 switch 4\n>p1 switch 2\n>p2 move psychicnoise\n>p1 move darkpulse\n>p2 switch 5\n>p1 move darkpulse\n>p2 move leechlife\n>p1 switch 2\n>p2 move leechlife\n>p1 move bravebird\n>p2 switch 5\n>p2 switch 6\n>p1 switch 4\n>p2 move astralbarrage\n>p1 move calmmind\n>p2 switch 5\n>p1 move terastarstorm terastallize\n>p2 move liquidation\n>p2 switch 3\n>p1 switch 6\n>p2 move ironhead\n>p1 move wish\n>p2 move ironhead terastallize\n>p1 switch 4\n>p2 move ironhead\n>p1 switch 3\n>p1 move dragontail\n>p2 move ironhead\n>p1 move dragontail\n>p2 move ironhead\n>p1 move recover\n>p2 move protect\n>p1 move appleacid\n>p2 switch 2\n>p1 move dragonpulse\n>p2 move bravebird\n>p2 switch 5\n>p1 move dragontail\n>p2 move pollenpuff\n>p1 switch 6\n>p1 move darkpulse\n>p2 move psyshock\n>p2 switch 2\n>p1 move calmmind\n>p2 move calmmind\n>p1 move terastarstorm\n>p2 move calmmind\n>p1 move calmmind\n>p2 move calmmind\n>p1 move calmmind\n>p2 move calmmind\n>p1 move calmmind\n>p2 move calmmind\n>p1 move calmmind\n>p2 move calmmind\n>p1 move rest\n>p2 move substitute\n>p1 move calmmind\n>p2 move scald\n>p1 move darkpulse\n>p2 move scald\n>p1 move darkpulse\n>p2 move protect\n>p1 move darkpulse\n>p2 move scald\n>p1 move rest\n>p2 move substitute\n>p1 move terastarstorm\n>p2 switch 4\n>p1 move terastarstorm\n>p2 move closecombat\n>p1 move terastarstorm\n>p2 move closecombat\n>p1 switch 2\n>p1 move fireblast\n>p2 move closecombat\n>chat \u2606sulugoz|gg\n>p1 switch 4\n>p1 move protect\n>p2 move closecombat\n>p1 move wish\n>p2 switch 4\n>p1 move dazzlinggleam\n>p2 move calmmind\n>p1 move encore\n>p2 move scald\n>p1 move wish\n>p2 move calmmind\n>p1 move protect\n>p2 move calmmind\n>p1 move encore\n>p2 move substitute\n>p1 move protect\n>p2 move calmmind\n>chat \u2606BeauBBoi|gg\n>p1 move protect\n>p2 move calmmind\n>p1 move encore\n>p2 move substitute\n>p1 move protect\n>p2 move calmmind\n>p1 move dazzlinggleam\n>p2 move calmmind\n>p1 move encore\n>p2 move substitute\n>p1 move dazzlinggleam\n>p2 move calmmind\n>p1 move dazzlinggleam\n>p2 move calmmind\n>chat \u2606BeauBBoi|i deserve this\n>p1 move wish\n>p2 move substitute\n>p1 move protect\n>p2 move scald\n>p1 move wish\n>p2 move scald\n>p1 move protect\n>p2 move scald\n>p1 move wish\n>p2 move scald\n>p1 move protect\n>p2 move protect\n>p1 move wish\n>p2 move scald\n>p1 move dazzlinggleam\n>p2 move protect\n>p1 move protect\n>p2 move scald\n>p1 move wish\n>p2 move scald", "uploadtime": 1781386797, "views": 14, "formatid": "gen9randombattle", "rating": 1515, "private": 0, "password": null, "player_dets": [{"name": "sulugoz", "avatar": "2", "rating": 1534, "seed": "sodium,fb038223011cb19049dcd7f8c3e2c0f8"}, {"name": "BeauBBoi", "avatar": "dawn", "rating": 1549, "seed": "sodium,6b316499bfc3b83d498529c2fbd6c2e3"}], "teams_full": [{"Hatterene": {"name": "Hatterene", "species": "Hatterene", "speciesId": "hatterene", "gender": "F", "shiny": false, "level": 85, "moves": ["mysticalfire", "calmmind", "drainingkiss", "psychic"], "ability": "Magic Bounce", "evs": {"hp": 85, "atk": 0, "def": 85, "spa": 85, "spd": 85, "spe": 85}, "ivs": {"hp": 31, "atk": 0, "def": 31, "spa": 31, "spd": 31, "spe": 31}, "item": "Leftovers", "teraType": "Steel", "role": "Bulky Setup", "bvs": {"hp": 57, "atk": 90, "def": 95, "spa": 136, "spd": 103, "spe": 29}, "stats": {"hp": 236, "atk": 158, "def": 210, "spa": 280, "spd": 224, "spe": 98}, "types": ["Psychic", "Fairy"]}, "Hydreigon": {"name": "Hydreigon", "species": "Hydreigon", "speciesId": "hydreigon", "gender": "M", "shiny": false, "level": 79, "moves": ["flashcannon", "dracometeor", "darkpulse", "fireblast"], "ability": "Levitate", "evs": {"hp": 85, "atk": 0, "def": 85, "spa": 85, "spd": 85, "spe": 85}, "ivs": {"hp": 31, "atk": 0, "def": 31, "spa": 31, "spd": 31, "spe": 31}, "item": "Choice Specs", "teraType": "Steel", "role": "Fast Attacker", "bvs": {"hp": 92, "atk": 105, "def": 90, "spa": 125, "spd": 90, "spe": 98}, "stats": {"hp": 275, "atk": 170, "def": 188, "spa": 243, "spd": 188, "spe": 200}, "types": ["Dark", "Dragon"]}, "Appletun": {"name": "Appletun", "species": "Appletun", "speciesId": "appletun", "gender": "F", "shiny": false, "level": 92, "moves": ["recover", "dragonpulse", "appleacid", "dragontail"], "ability": "Thick Fat", "evs": {"hp": 85, "atk": 85, "def": 85, "spa": 85, "spd": 85, "spe": 85}, "ivs": {"hp": 31, "atk": 31, "def": 31, "spa": 31, "spd": 31, "spe": 31}, "item": "Leftovers", "teraType": "Steel", "role": "Bulky Attacker", "bvs": {"hp": 110, "atk": 85, "def": 80, "spa": 100, "spd": 80, "spe": 30}, "stats": {"hp": 352, "atk": 209, "def": 200, "spa": 236, "spd": 200, "spe": 108}, "types": ["Grass", "Dragon"]}, "Terapagos": {"name": "Terapagos", "species": "Terapagos", "speciesId": "terapagos", "gender": "M", "shiny": false, "level": 77, "moves": ["terastarstorm", "rest", "calmmind", "darkpulse"], "ability": "Tera Shift", "evs": {"hp": 85, "atk": 0, "def": 85, "spa": 85, "spd": 85, "spe": 85}, "ivs": {"hp": 31, "atk": 0, "def": 31, "spa": 31, "spd": 31, "spe": 31}, "item": "Chesto Berry", "teraType": "Stellar", "role": "Setup Sweeper", "bvs": {"hp": 90, "atk": 65, "def": 85, "spa": 65, "spd": 85, "spe": 60}, "stats": {"hp": 265, "atk": 105, "def": 175, "spa": 145, "spd": 175, "spe": 137}, "types": ["Normal"]}, "Flamigo": {"name": "Flamigo", "species": "Flamigo", "speciesId": "flamigo", "gender": "M", "shiny": false, "level": 82, "moves": ["bravebird", "closecombat", "throatchop", "swordsdance"], "ability": "Scrappy", "evs": {"hp": 85, "atk": 85, "def": 85, "spa": 85, "spd": 85, "spe": 85}, "ivs": {"hp": 31, "atk": 31, "def": 31, "spa": 31, "spd": 31, "spe": 31}, "item": "Life Orb", "teraType": "Steel", "role": "Setup Sweeper", "bvs": {"hp": 82, "atk": 115, "def": 74, "spa": 75, "spd": 64, "spe": 90}, "stats": {"hp": 269, "atk": 236, "def": 169, "spa": 170, "spd": 152, "spe": 195}, "types": ["Flying", "Fighting"]}, "Scream Tail": {"name": "Scream Tail", "species": "Scream Tail", "speciesId": "screamtail", "gender": "N", "shiny": false, "level": 84, "moves": ["protect", "encore", "dazzlinggleam", "wish"], "ability": "Protosynthesis", "evs": {"hp": 85, "atk": 0, "def": 85, "spa": 85, "spd": 85, "spe": 85}, "ivs": {"hp": 31, "atk": 0, "def": 31, "spa": 31, "spd": 31, "spe": 31}, "item": "Leftovers", "teraType": "Steel", "role": "Bulky Attacker", "bvs": {"hp": 115, "atk": 65, "def": 99, "spa": 65, "spd": 115, "spe": 111}, "stats": {"hp": 330, "atk": 114, "def": 215, "spa": 157, "spd": 241, "spe": 235}, "types": ["Fairy", "Psychic"]}}, {"Suicune": {"name": "Suicune", "species": "Suicune", "speciesId": "suicune", "gender": "N", "shiny": false, "level": 82, "moves": ["substitute", "calmmind", "protect", "scald"], "ability": "Pressure", "evs": {"hp": 85, "atk": 0, "def": 85, "spa": 85, "spd": 85, "spe": 85}, "ivs": {"hp": 31, "atk": 0, "def": 31, "spa": 31, "spd": 31, "spe": 31}, "item": "Leftovers", "teraType": "Steel", "role": "Fast Support", "bvs": {"hp": 100, "atk": 75, "def": 115, "spa": 90, "spd": 115, "spe": 85}, "stats": {"hp": 298, "atk": 127, "def": 236, "spa": 195, "spd": 236, "spe": 187}, "types": ["Water"]}, "Honchkrow": {"name": "Honchkrow", "species": "Honchkrow", "speciesId": "honchkrow", "gender": "M", "shiny": false, "level": 86, "moves": ["bravebird", "suckerpunch", "heatwave", "uturn"], "ability": "Moxie", "evs": {"hp": 85, "atk": 85, "def": 85, "spa": 85, "spd": 85, "spe": 85}, "ivs": {"hp": 31, "atk": 31, "def": 31, "spa": 31, "spd": 31, "spe": 31}, "item": "Heavy-Duty Boots", "teraType": "Dark", "role": "Fast Attacker", "bvs": {"hp": 100, "atk": 125, "def": 52, "spa": 105, "spd": 52, "spe": 71}, "stats": {"hp": 312, "atk": 264, "def": 139, "spa": 230, "spd": 139, "spe": 171}, "types": ["Dark", "Flying"]}, "Zamazenta": {"name": "Zamazenta", "species": "Zamazenta", "speciesId": "zamazenta", "gender": "N", "shiny": false, "level": 71, "moves": ["ironhead", "crunch", "closecombat", "psychicfangs"], "ability": "Dauntless Shield", "evs": {"hp": 85, "atk": 85, "def": 85, "spa": 85, "spd": 85, "spe": 85}, "ivs": {"hp": 31, "atk": 31, "def": 31, "spa": 31, "spd": 31, "spe": 31}, "item": "Choice Band", "teraType": "Steel", "role": "Bulky Attacker", "bvs": {"hp": 92, "atk": 120, "def": 115, "spa": 80, "spd": 115, "spe": 138}, "stats": {"hp": 248, "atk": 212, "def": 205, "spa": 155, "spd": 205, "spe": 237}, "types": ["Fighting"]}, "Hypno": {"name": "Hypno", "species": "Hypno", "speciesId": "hypno", "gender": "F", "shiny": false, "level": 95, "moves": ["toxic", "psychicnoise", "encore", "knockoff"], "ability": "Insomnia", "evs": {"hp": 85, "atk": 85, "def": 85, "spa": 85, "spd": 85, "spe": 85}, "ivs": {"hp": 31, "atk": 31, "def": 31, "spa": 31, "spd": 31, "spe": 31}, "item": "Leftovers", "teraType": "Fairy", "role": "Bulky Support", "bvs": {"hp": 85, "atk": 73, "def": 70, "spa": 73, "spd": 115, "spe": 67}, "stats": {"hp": 315, "atk": 193, "def": 187, "spa": 193, "spd": 272, "spe": 181}, "types": ["Psychic"]}, "Araquanid": {"name": "Araquanid", "species": "Araquanid", "speciesId": "araquanid", "gender": "M", "shiny": false, "level": 82, "moves": ["mirrorcoat", "leechlife", "liquidation", "stickyweb"], "ability": "Water Bubble", "evs": {"hp": 85, "atk": 85, "def": 85, "spa": 85, "spd": 85, "spe": 85}, "ivs": {"hp": 31, "atk": 31, "def": 31, "spa": 31, "spd": 31, "spe": 31}, "item": "Heavy-Duty Boots", "teraType": "Ground", "role": "Bulky Attacker", "bvs": {"hp": 68, "atk": 70, "def": 92, "spa": 50, "spd": 132, "spe": 42}, "stats": {"hp": 246, "atk": 162, "def": 198, "spa": 129, "spd": 264, "spe": 116}, "types": ["Water", "Bug"]}, "Calyrex": {"name": "Calyrex", "species": "Calyrex-Shadow", "speciesId": "calyrexshadow", "gender": "N", "shiny": false, "level": 64, "moves": ["pollenpuff", "astralbarrage", "nastyplot", "psyshock"], "ability": "As One (Spectrier)", "evs": {"hp": 85, "atk": 0, "def": 85, "spa": 85, "spd": 85, "spe": 85}, "ivs": {"hp": 31, "atk": 0, "def": 31, "spa": 31, "spd": 31, "spe": 31}, "item": "Life Orb", "teraType": "Ghost", "role": "Fast Attacker", "bvs": {"hp": 100, "atk": 85, "def": 80, "spa": 165, "spd": 100, "spe": 150}, "stats": {"hp": 235, "atk": 113, "def": 140, "spa": 249, "spd": 166, "spe": 230}, "types": ["Psychic", "Ghost"]}}]}