{"id": "gen9randombattle-2631534248", "format": "[Gen 9] Random Battle", "players": ["DarkReaper1560", "cosmic12213"], "log": "|j|\u2606DarkReaper1560\n|j|\u2606cosmic12213\n|t:|1781397790\n|gametype|singles\n|player|p1|DarkReaper1560|lance|\n|player|p2|cosmic12213|265|\n|gen|9\n|tier|[Gen 9] Random Battle\n|rule|Species Clause: Limit one of each Pok\u00e9mon\n|rule|HP Percentage Mod: HP is shown in percentages\n|rule|Sleep Clause Mod: Limit one foe put to sleep\n|rule|Illusion Level Mod: Illusion disguises the Pok\u00e9mon's true level\n|\n|t:|1781397790\n|teamsize|p1|6\n|teamsize|p2|6\n|start\n|switch|p1a: Chien-Pao|Chien-Pao, L72|234/234\n|switch|p2a: Palkia|Palkia, L75|259/259\n|-ability|p1a: Chien-Pao|Sword of Ruin\n|-ability|p2a: Palkia|Pressure\n|turn|1\n|\n|t:|1781397819\n|move|p1a: Chien-Pao|Swords Dance|p1a: Chien-Pao\n|-boost|p1a: Chien-Pao|atk|2\n|move|p2a: Palkia|Fire Blast|p1a: Chien-Pao\n|-supereffective|p1a: Chien-Pao\n|-damage|p1a: Chien-Pao|0 fnt\n|faint|p1a: Chien-Pao\n|\n|upkeep\n|\n|t:|1781397828\n|switch|p1a: Sableye|Sableye, L88, F|231/231\n|turn|2\n|\n|t:|1781397855\n|switch|p2a: Zacian|Zacian-Crowned, L64|225/225\n|-ability|p2a: Zacian|Intrepid Sword|boost\n|-boost|p2a: Zacian|atk|1\n|move|p1a: Sableye|Will-O-Wisp|p2a: Zacian\n|-status|p2a: Zacian|brn\n|\n|-damage|p2a: Zacian|211/225 brn|[from] brn\n|upkeep\n|turn|3\n|\n|t:|1781397888\n|-terastallize|p1a: Sableye|Poison\n|move|p2a: Zacian|Swords Dance|p2a: Zacian\n|-boost|p2a: Zacian|atk|2\n|move|p1a: Sableye|Knock Off|p2a: Zacian\n|-resisted|p2a: Zacian\n|-damage|p2a: Zacian|180/225 brn\n|\n|-damage|p2a: Zacian|166/225 brn|[from] brn\n|upkeep\n|turn|4\n|\n|t:|1781397899\n|move|p2a: Zacian|Behemoth Blade|p1a: Sableye\n|-damage|p1a: Sableye|107/231\n|move|p1a: Sableye|Knock Off|p2a: Zacian\n|-resisted|p2a: Zacian\n|-damage|p2a: Zacian|133/225 brn\n|\n|-heal|p1a: Sableye|121/231|[from] item: Leftovers\n|-damage|p2a: Zacian|119/225 brn|[from] brn\n|upkeep\n|turn|5\n|\n|t:|1781397917\n|move|p1a: Sableye|Encore|p2a: Zacian\n|-start|p2a: Zacian|Encore\n|move|p2a: Zacian|Behemoth Blade|p1a: Sableye\n|-damage|p1a: Sableye|6/231\n|\n|-heal|p1a: Sableye|20/231|[from] item: Leftovers\n|-damage|p2a: Zacian|105/225 brn|[from] brn\n|upkeep\n|turn|6\n|\n|t:|1781397925\n|move|p2a: Zacian|Behemoth Blade|p1a: Sableye\n|-damage|p1a: Sableye|0 fnt\n|faint|p1a: Sableye\n|\n|-damage|p2a: Zacian|91/225 brn|[from] brn\n|upkeep\n|\n|t:|1781397932\n|switch|p1a: Toedscruel|Toedscruel, L87, F|281/281\n|turn|7\n|\n|t:|1781397975\n|switch|p2a: Eelektross|Eelektross, L87, M|290/290\n|move|p1a: Toedscruel|Earth Power|p2a: Eelektross\n|-immune|p2a: Eelektross|[from] ability: Levitate\n|\n|upkeep\n|turn|8\n|\n|t:|1781397985\n|move|p2a: Eelektross|Flamethrower|p1a: Toedscruel\n|-supereffective|p1a: Toedscruel\n|-damage|p1a: Toedscruel|177/281\n|move|p1a: Toedscruel|Spore|p2a: Eelektross\n|-status|p2a: Eelektross|slp|[from] move: Spore\n|\n|-heal|p1a: Toedscruel|194/281|[from] item: Leftovers\n|upkeep\n|turn|9\n|\n|t:|1781398007\n|switch|p1a: Lilligant|Lilligant, L86, F|261/261\n|cant|p2a: Eelektross|slp\n|\n|upkeep\n|turn|10\n|\n|t:|1781398053\n|-terastallize|p2a: Eelektross|Poison\n|move|p1a: Lilligant|Quiver Dance|p1a: Lilligant\n|-boost|p1a: Lilligant|spa|1\n|-boost|p1a: Lilligant|spd|1\n|-boost|p1a: Lilligant|spe|1\n|cant|p2a: Eelektross|slp\n|\n|upkeep\n|turn|11\n|\n|t:|1781398064\n|move|p1a: Lilligant|Quiver Dance|p1a: Lilligant\n|-boost|p1a: Lilligant|spa|1\n|-boost|p1a: Lilligant|spd|1\n|-boost|p1a: Lilligant|spe|1\n|cant|p2a: Eelektross|slp\n|\n|upkeep\n|turn|12\n|\n|t:|1781398077\n|move|p1a: Lilligant|Quiver Dance|p1a: Lilligant\n|-boost|p1a: Lilligant|spa|1\n|-boost|p1a: Lilligant|spd|1\n|-boost|p1a: Lilligant|spe|1\n|-curestatus|p2a: Eelektross|slp|[msg]\n|move|p2a: Eelektross|Flamethrower|p1a: Lilligant\n|-supereffective|p1a: Lilligant\n|-damage|p1a: Lilligant|195/261\n|\n|upkeep\n|turn|13\n|\n|t:|1781398099\n|move|p1a: Lilligant|Sleep Powder|p2a: Eelektross\n|-status|p2a: Eelektross|slp|[from] move: Sleep Powder\n|cant|p2a: Eelektross|slp\n|\n|upkeep\n|turn|14\n|\n|t:|1781398104\n|move|p1a: Lilligant|Alluring Voice|p2a: Eelektross\n|-resisted|p2a: Eelektross\n|-damage|p2a: Eelektross|217/290 slp\n|-damage|p1a: Lilligant|169/261|[from] item: Life Orb\n|cant|p2a: Eelektross|slp\n|\n|upkeep\n|turn|15\n|\n|t:|1781398111\n|move|p1a: Lilligant|Petal Dance|p2a: Eelektross\n|-resisted|p2a: Eelektross\n|-damage|p2a: Eelektross|61/290 slp\n|-damage|p1a: Lilligant|143/261|[from] item: Life Orb\n|-curestatus|p2a: Eelektross|slp|[msg]\n|move|p2a: Eelektross|Flamethrower|p1a: Lilligant\n|-supereffective|p1a: Lilligant\n|-damage|p1a: Lilligant|83/261\n|\n|upkeep\n|turn|16\n|\n|t:|1781398137\n|switch|p2a: Okidogi|Okidogi, L77, M|262/262\n|move|p1a: Lilligant|Petal Dance|p2a: Okidogi|[from] lockedmove\n|-resisted|p2a: Okidogi\n|-damage|p2a: Okidogi|76/262\n|-damage|p1a: Lilligant|57/261|[from] item: Life Orb\n|\n|upkeep\n|turn|17\n|\n|t:|1781398148\n|move|p1a: Lilligant|Petal Dance|p2a: Okidogi|[from] lockedmove\n|-resisted|p2a: Okidogi\n|-damage|p2a: Okidogi|0 fnt\n|faint|p2a: Okidogi\n|-damage|p1a: Lilligant|31/261|[from] item: Life Orb\n|\n|upkeep\n|\n|t:|1781398174\n|switch|p2a: Eelektross|Eelektross, L87, M, tera:Poison|61/290\n|turn|18\n|\n|t:|1781398184\n|move|p1a: Lilligant|Petal Dance|p2a: Eelektross\n|-resisted|p2a: Eelektross\n|-damage|p2a: Eelektross|0 fnt\n|faint|p2a: Eelektross\n|-damage|p1a: Lilligant|5/261|[from] item: Life Orb\n|\n|upkeep\n|\n|t:|1781398205\n|switch|p2a: Porygon2|Porygon2, L81|270/270\n|-ability|p2a: Porygon2|Download|boost\n|-boost|p2a: Porygon2|atk|1\n|turn|19\n|\n|t:|1781398210\n|move|p1a: Lilligant|Petal Dance|p2a: Porygon2|[from] lockedmove\n|-damage|p2a: Porygon2|0 fnt\n|faint|p2a: Porygon2\n|-damage|p1a: Lilligant|0 fnt|[from] item: Life Orb\n|faint|p1a: Lilligant\n|\n|upkeep\n|\n|t:|1781398221\n|switch|p1a: Noctowl|Noctowl, L95, M|344/344\n|switch|p2a: Tauros|Tauros-Paldea-Aqua, L81, M|252/252\n|turn|20\n|\n|t:|1781398261\n|move|p2a: Tauros|Substitute|p2a: Tauros\n|-start|p2a: Tauros|Substitute\n|-damage|p2a: Tauros|189/252\n|move|p1a: Noctowl|Hurricane|p2a: Tauros|[miss]\n|-miss|p1a: Noctowl|p2a: Tauros\n|\n|upkeep\n|turn|21\n|\n|t:|1781398279\n|move|p2a: Tauros|Liquidation|p1a: Noctowl\n|-damage|p1a: Noctowl|221/344\n|-unboost|p1a: Noctowl|def|1\n|move|p1a: Noctowl|Hurricane|p2a: Tauros\n|-supereffective|p2a: Tauros\n|-end|p2a: Tauros|Substitute\n|\n|upkeep\n|turn|22\n|\n|t:|1781398290\n|move|p2a: Tauros|Substitute|p2a: Tauros\n|-start|p2a: Tauros|Substitute\n|-damage|p2a: Tauros|126/252\n|-enditem|p2a: Tauros|Sitrus Berry|[eat]\n|-heal|p2a: Tauros|189/252|[from] item: Sitrus Berry\n|move|p1a: Noctowl|Hurricane|p2a: Tauros|[miss]\n|-miss|p1a: Noctowl|p2a: Tauros\n|\n|upkeep\n|turn|23\n|\n|t:|1781398304\n|move|p2a: Tauros|Bulk Up|p2a: Tauros\n|-boost|p2a: Tauros|atk|1\n|-boost|p2a: Tauros|def|1\n|move|p1a: Noctowl|Hurricane|p2a: Tauros\n|-supereffective|p2a: Tauros\n|-end|p2a: Tauros|Substitute\n|\n|-activate|p2a: Tauros|ability: Cud Chew\n|-enditem|p2a: Tauros|Sitrus Berry|[eat]\n|-heal|p2a: Tauros|252/252|[from] item: Sitrus Berry\n|upkeep\n|turn|24\n|\n|t:|1781398314\n|move|p2a: Tauros|Substitute|p2a: Tauros\n|-start|p2a: Tauros|Substitute\n|-damage|p2a: Tauros|189/252\n|move|p1a: Noctowl|Hurricane|p2a: Tauros\n|-supereffective|p2a: Tauros\n|-end|p2a: Tauros|Substitute\n|\n|upkeep\n|turn|25\n|\n|t:|1781398321\n|move|p2a: Tauros|Close Combat|p1a: Noctowl\n|-damage|p1a: Noctowl|0 fnt\n|-unboost|p2a: Tauros|def|1\n|-unboost|p2a: Tauros|spd|1\n|faint|p1a: Noctowl\n|\n|upkeep\n|\n|t:|1781398330\n|switch|p1a: Luxray|Luxray, L88, M|284/284\n|-ability|p1a: Luxray|Intimidate|boost\n|-unboost|p2a: Tauros|atk|1\n|turn|26\n|\n|t:|1781398398\n|switch|p2a: Palkia|Palkia, L75|259/259\n|-ability|p2a: Palkia|Pressure\n|move|p1a: Luxray|Wild Charge|p2a: Palkia\n|-damage|p2a: Palkia|144/259\n|-damage|p1a: Luxray|255/284|[from] Recoil\n|\n|upkeep\n|turn|27\n|\n|t:|1781398414\n|move|p2a: Palkia|Fire Blast|p1a: Luxray\n|-crit|p1a: Luxray\n|-damage|p1a: Luxray|168/284\n|-status|p1a: Luxray|brn\n|move|p1a: Luxray|Play Rough|p2a: Palkia\n|-supereffective|p2a: Palkia\n|-damage|p2a: Palkia|62/259\n|\n|-damage|p1a: Luxray|151/284 brn|[from] brn\n|upkeep\n|turn|28\n|\n|t:|1781398437\n|switch|p2a: Tauros|Tauros-Paldea-Aqua, L81, M|189/252\n|move|p1a: Luxray|Play Rough|p2a: Tauros\n|-supereffective|p2a: Tauros\n|-damage|p2a: Tauros|107/252\n|\n|-damage|p1a: Luxray|134/284 brn|[from] brn\n|upkeep\n|turn|29\n|\n|t:|1781398444\n|move|p2a: Tauros|Substitute|p2a: Tauros\n|-start|p2a: Tauros|Substitute\n|-damage|p2a: Tauros|44/252\n|move|p1a: Luxray|Wild Charge|p2a: Tauros\n|-supereffective|p2a: Tauros\n|-end|p2a: Tauros|Substitute\n|-damage|p1a: Luxray|118/284 brn|[from] Recoil|[of] p2a: Tauros\n|\n|-damage|p1a: Luxray|101/284 brn|[from] brn\n|upkeep\n|turn|30\n|\n|t:|1781398453\n|move|p2a: Tauros|Bulk Up|p2a: Tauros\n|-boost|p2a: Tauros|atk|1\n|-boost|p2a: Tauros|def|1\n|move|p1a: Luxray|Wild Charge|p2a: Tauros\n|-supereffective|p2a: Tauros\n|-damage|p2a: Tauros|0 fnt\n|faint|p2a: Tauros\n|-damage|p1a: Luxray|90/284 brn|[from] Recoil\n|\n|-damage|p1a: Luxray|73/284 brn|[from] brn\n|upkeep\n|\n|t:|1781398504\n|switch|p2a: Zacian|Zacian-Crowned, L64|91/225 brn\n|turn|31\n|\n|t:|1781398537\n|move|p2a: Zacian|Close Combat|p1a: Luxray\n|-damage|p1a: Luxray|39/284 brn\n|-unboost|p2a: Zacian|def|1\n|-unboost|p2a: Zacian|spd|1\n|move|p1a: Luxray|Wild Charge|p2a: Zacian\n|-damage|p2a: Zacian|0 fnt\n|faint|p2a: Zacian\n|-damage|p1a: Luxray|16/284 brn|[from] Recoil\n|\n|-damage|p1a: Luxray|0 fnt|[from] brn\n|faint|p1a: Luxray\n|upkeep\n|\n|t:|1781398558\n|switch|p2a: Palkia|Palkia, L75|62/259\n|switch|p1a: Toedscruel|Toedscruel, L87, F|194/281\n|-ability|p2a: Palkia|Pressure\n|turn|32\n|\n|t:|1781398564\n|move|p1a: Toedscruel|Leaf Storm|p2a: Palkia\n|-damage|p2a: Palkia|0 fnt\n|-unboost|p1a: Toedscruel|spa|2\n|faint|p2a: Palkia\n|\n|win|DarkReaper1560\n", "uploadtime": 1781398701, "views": 3, "formatid": "gen9randombattle", "rating": null, "private": 0, "password": null}