{"id": "gen9randombattle-2631925926", "format": "[Gen 9] Random Battle", "players": ["monrayhudson", "WumboMumboJumbo"], "log": "|j|\u2606monrayhudson\n|j|\u2606WumboMumboJumbo\n|t:|1781456346\n|gametype|singles\n|player|p1|monrayhudson|blue|1973\n|player|p2|WumboMumboJumbo|265|1999\n|gen|9\n|tier|[Gen 9] Random Battle\n|rated|\n|rule|Species Clause: Limit one of each Pok\u00e9mon\n|rule|HP Percentage Mod: HP is shown in percentages\n|rule|Sleep Clause Mod: Limit one foe put to sleep\n|rule|Illusion Level Mod: Illusion disguises the Pok\u00e9mon's true level\n|\n|t:|1781456346\n|teamsize|p1|6\n|teamsize|p2|6\n|start\n|switch|p1a: Skuntank|Skuntank, L84, F|310/310\n|switch|p2a: Ribombee|Ribombee, L83, M|235/235\n|turn|1\n|inactive|Battle timer is ON: inactive players will automatically lose when time's up. (requested by WumboMumboJumbo)\n|\n|t:|1781456355\n|switch|p2a: Magnezone|Magnezone, L85|258/258\n|move|p1a: Skuntank|Gunk Shot|p2a: Magnezone\n|-immune|p2a: Magnezone\n|\n|upkeep\n|turn|2\n|\n|t:|1781456381\n|switch|p1a: Cinderace|Cinderace, L77, M|249/249\n|move|p2a: Magnezone|Volt Switch|p1a: Cinderace\n|-crit|p1a: Cinderace\n|-damage|p1a: Cinderace|0 fnt\n|faint|p1a: Cinderace\n|\n|t:|1781456388\n|switch|p2a: Ribombee|Ribombee, L83, M|235/235|[from] Volt Switch\n|\n|upkeep\n|\n|t:|1781456395\n|switch|p1a: Skuntank|Skuntank, L84, F|310/310\n|turn|3\n|\n|t:|1781456406\n|switch|p2a: Magnezone|Magnezone, L85|258/258\n|move|p1a: Skuntank|Gunk Shot|p2a: Magnezone\n|-immune|p2a: Magnezone\n|\n|upkeep\n|turn|4\n|\n|t:|1781456422\n|switch|p1a: Gumshoos|Gumshoos, L95, F|321/321\n|move|p2a: Magnezone|Thunderbolt|p1a: Gumshoos\n|-damage|p1a: Gumshoos|135/321\n|\n|upkeep\n|turn|5\n|\n|t:|1781456428\n|-terastallize|p1a: Gumshoos|Ground\n|move|p2a: Magnezone|Thunderbolt|p1a: Gumshoos\n|-immune|p1a: Gumshoos\n|move|p1a: Gumshoos|Earthquake|p2a: Magnezone\n|-supereffective|p2a: Magnezone\n|-damage|p2a: Magnezone|0 fnt\n|faint|p2a: Magnezone\n|\n|upkeep\n|\n|t:|1781456434\n|switch|p2a: Brambleghast|Brambleghast, L88, F|240/240\n|turn|6\n|\n|t:|1781456443\n|switch|p1a: Skuntank|Skuntank, L84, F|310/310\n|move|p2a: Brambleghast|Power Whip|p1a: Skuntank\n|-resisted|p1a: Skuntank\n|-damage|p1a: Skuntank|217/310\n|\n|upkeep\n|turn|7\n|\n|t:|1781456466\n|switch|p2a: Ribombee|Ribombee, L83, M|235/235\n|move|p1a: Skuntank|Knock Off|p2a: Ribombee\n|-resisted|p2a: Ribombee\n|-damage|p2a: Ribombee|170/235\n|-enditem|p2a: Ribombee|Heavy-Duty Boots|[from] move: Knock Off|[of] p1a: Skuntank\n|\n|upkeep\n|turn|8\n|\n|t:|1781456469\n|move|p2a: Ribombee|Moonblast|p1a: Skuntank\n|-damage|p1a: Skuntank|130/310\n|move|p1a: Skuntank|Gunk Shot|p2a: Ribombee\n|-supereffective|p2a: Ribombee\n|-damage|p2a: Ribombee|0 fnt\n|faint|p2a: Ribombee\n|\n|upkeep\n|\n|t:|1781456474\n|switch|p2a: Entei|Entei, L78|307/307\n|turn|9\n|\n|t:|1781456478\n|switch|p1a: Gumshoos|Gumshoos, L95, F, tera:Ground|135/321\n|move|p2a: Entei|Sacred Fire|p1a: Gumshoos\n|-damage|p1a: Gumshoos|0 fnt\n|faint|p1a: Gumshoos\n|\n|upkeep\n|\n|t:|1781456483\n|switch|p1a: Keldeo|Keldeo-Resolute, L79|273/273\n|turn|10\n|\n|t:|1781456490\n|switch|p1a: Skuntank|Skuntank, L84, F|130/310\n|switch|p2a: Brambleghast|Brambleghast, L88, F|240/240\n|\n|upkeep\n|turn|11\n|\n|t:|1781456502\n|switch|p2a: Scrafty|Scrafty, L83, M|244/244\n|move|p1a: Skuntank|Knock Off|p2a: Scrafty\n|-resisted|p2a: Scrafty\n|-damage|p2a: Scrafty|223/244\n|-enditem|p2a: Scrafty|Leftovers|[from] move: Knock Off|[of] p1a: Skuntank\n|\n|upkeep\n|turn|12\n|\n|t:|1781456510\n|switch|p1a: Noctowl|Noctowl, L95, M|344/344\n|move|p2a: Scrafty|Bulk Up|p2a: Scrafty\n|-boost|p2a: Scrafty|atk|1\n|-boost|p2a: Scrafty|def|1\n|\n|upkeep\n|turn|13\n|\n|t:|1781456528\n|switch|p2a: Brambleghast|Brambleghast, L88, F|240/240\n|move|p1a: Noctowl|Hurricane|p2a: Brambleghast\n|-ability|p2a: Brambleghast|Wind Rider|boost\n|-boost|p2a: Brambleghast|atk|1\n|\n|upkeep\n|turn|14\n|\n|t:|1781456536\n|switch|p1a: Skuntank|Skuntank, L84, F|130/310\n|move|p2a: Brambleghast|Power Whip|p1a: Skuntank\n|-resisted|p1a: Skuntank\n|-damage|p1a: Skuntank|0 fnt\n|-damage|p2a: Brambleghast|180/240|[from] ability: Aftermath|[of] p1a: Skuntank\n|faint|p1a: Skuntank\n|\n|upkeep\n|\n|t:|1781456539\n|switch|p1a: Persian|Persian-Alola, L86, M|252/252\n|turn|15\n|\n|t:|1781456546\n|switch|p2a: Scrafty|Scrafty, L83, M|223/244\n|move|p1a: Persian|Thunder Wave|p2a: Scrafty\n|-status|p2a: Scrafty|par\n|\n|upkeep\n|turn|16\n|\n|t:|1781456560\n|move|p1a: Persian|Parting Shot|p2a: Scrafty\n|-unboost|p2a: Scrafty|atk|1\n|-unboost|p2a: Scrafty|spa|1\n|\n|t:|1781456563\n|switch|p1a: Noctowl|Noctowl, L95, M|344/344|[from] Parting Shot\n|move|p2a: Scrafty|Knock Off|p1a: Noctowl\n|-damage|p1a: Noctowl|253/344\n|-enditem|p1a: Noctowl|Heavy-Duty Boots|[from] move: Knock Off|[of] p2a: Scrafty\n|\n|upkeep\n|turn|17\n|\n|t:|1781456567\n|switch|p1a: Persian|Persian-Alola, L86, M|252/252\n|switch|p2a: Brambleghast|Brambleghast, L88, F|180/240\n|\n|upkeep\n|turn|18\n|\n|t:|1781456587\n|switch|p2a: Scrafty|Scrafty, L83, M|223/244 par\n|move|p1a: Persian|Foul Play|p2a: Scrafty\n|-resisted|p2a: Scrafty\n|-damage|p2a: Scrafty|205/244 par\n|\n|-activate|p2a: Scrafty|ability: Shed Skin\n|-curestatus|p2a: Scrafty|par|[msg]\n|upkeep\n|turn|19\n|\n|t:|1781456595\n|move|p1a: Persian|Parting Shot|p2a: Scrafty\n|-unboost|p2a: Scrafty|atk|1\n|-unboost|p2a: Scrafty|spa|1\n|\n|t:|1781456598\n|switch|p1a: Noctowl|Noctowl, L95, M|253/344|[from] Parting Shot\n|move|p2a: Scrafty|Drain Punch|p1a: Noctowl\n|-damage|p1a: Noctowl|190/344\n|-heal|p2a: Scrafty|237/244|[from] drain|[of] p1a: Noctowl\n|\n|upkeep\n|turn|20\n|\n|t:|1781456614\n|move|p1a: Noctowl|Roost|p1a: Noctowl\n|-heal|p1a: Noctowl|344/344\n|-singleturn|p1a: Noctowl|move: Roost\n|move|p2a: Scrafty|Bulk Up|p2a: Scrafty\n|-boost|p2a: Scrafty|atk|1\n|-boost|p2a: Scrafty|def|1\n|\n|upkeep\n|turn|21\n|\n|t:|1781456620\n|move|p1a: Noctowl|Hyper Voice|p2a: Scrafty\n|-damage|p2a: Scrafty|141/244\n|move|p2a: Scrafty|Bulk Up|p2a: Scrafty\n|-boost|p2a: Scrafty|atk|1\n|-boost|p2a: Scrafty|def|1\n|\n|upkeep\n|turn|22\n|\n|t:|1781456628\n|switch|p2a: Brambleghast|Brambleghast, L88, F|180/240\n|move|p1a: Noctowl|Hurricane|p2a: Brambleghast\n|-ability|p2a: Brambleghast|Wind Rider|boost\n|-boost|p2a: Brambleghast|atk|1\n|\n|upkeep\n|turn|23\n|\n|t:|1781456636\n|switch|p1a: Persian|Persian-Alola, L86, M|252/252\n|move|p2a: Brambleghast|Power Whip|p1a: Persian\n|-damage|p1a: Persian|95/252\n|\n|upkeep\n|turn|24\n|\n|t:|1781456645\n|switch|p2a: Scrafty|Scrafty, L83, M|141/244\n|move|p1a: Persian|Foul Play|p2a: Scrafty\n|-resisted|p2a: Scrafty\n|-damage|p2a: Scrafty|123/244\n|\n|upkeep\n|turn|25\n|\n|t:|1781456650\n|move|p1a: Persian|Parting Shot|p2a: Scrafty\n|-unboost|p2a: Scrafty|atk|1\n|-unboost|p2a: Scrafty|spa|1\n|\n|t:|1781456652\n|switch|p1a: Noctowl|Noctowl, L95, M|344/344|[from] Parting Shot\n|move|p2a: Scrafty|Drain Punch|p1a: Noctowl\n|-damage|p1a: Noctowl|275/344\n|-heal|p2a: Scrafty|158/244|[from] drain|[of] p1a: Noctowl\n|\n|upkeep\n|turn|26\n|\n|t:|1781456661\n|switch|p2a: Brambleghast|Brambleghast, L88, F|180/240\n|move|p1a: Noctowl|Hyper Voice|p2a: Brambleghast\n|-immune|p2a: Brambleghast\n|\n|upkeep\n|turn|27\n|\n|t:|1781456665\n|switch|p1a: Persian|Persian-Alola, L86, M|95/252\n|move|p2a: Brambleghast|Power Whip|p1a: Persian\n|-damage|p1a: Persian|0 fnt\n|faint|p1a: Persian\n|\n|upkeep\n|-message|monrayhudson forfeited.\n|\n|win|WumboMumboJumbo\n", "inputlog": ">version a8376a258c1d4662feba110a92103f3664a72141\n>start {\"formatid\":\"gen9randombattle\",\"seed\":\"sodium,1b8a81bcb35f96c3bff7a6d17115e869\",\"rated\":\"Rated battle\"}\n>player p1 {\"name\":\"monrayhudson\",\"avatar\":\"blue\",\"rating\":1973,\"seed\":\"sodium,0292cfab7b04d7f994772d69eb8b1c1f\"}\n>player p2 {\"name\":\"WumboMumboJumbo\",\"avatar\":\"265\",\"rating\":1999,\"seed\":\"sodium,2a9cc0d9398a586898ac1379d41e9bc2\"}\n>p1 move gunkshot\n>p2 switch 5\n>p1 switch 2\n>p2 move voltswitch\n>p2 switch 5\n>p1 switch 2\n>p1 move gunkshot\n>p2 switch 5\n>p1 switch 6\n>p2 move thunderbolt\n>p1 move earthquake terastallize\n>p2 move thunderbolt\n>p2 switch 3\n>p1 switch 6\n>p2 move powerwhip\n>p1 move knockoff\n>p2 switch 5\n>p1 move gunkshot\n>p2 move moonblast\n>p2 switch 2\n>p1 switch 6\n>p2 move sacredfire\n>p1 switch 5\n>p1 switch 6\n>p2 switch 5\n>p1 move knockoff\n>p2 switch 6\n>p1 switch 4\n>p2 move bulkup\n>p1 move hurricane\n>p2 switch 6\n>p1 switch 4\n>p2 move powerwhip\n>p1 switch 3\n>p1 move thunderwave\n>p2 switch 6\n>p1 move partingshot\n>p2 move knockoff\n>p1 switch 4\n>p1 switch 4\n>p2 switch 6\n>p1 move foulplay\n>p2 switch 6\n>p1 move partingshot\n>p2 move drainpunch\n>p1 switch 4\n>p1 move roost\n>p2 move bulkup\n>p1 move hypervoice\n>p2 move bulkup\n>p1 move hurricane\n>p2 switch 6\n>p1 switch 4\n>p2 move powerwhip\n>p1 move foulplay\n>p2 switch 6\n>p1 move partingshot\n>p2 move drainpunch\n>p1 switch 4\n>p1 move hypervoice\n>p2 switch 6\n>p1 switch 4\n>p2 move powerwhip\n>forcelose p1", "uploadtime": 1781456347, "views": 5, "formatid": "gen9randombattle", "rating": null, "private": 0, "password": null}