{"id": "gen9randombattle-2631565836", "format": "[Gen 9] Random Battle", "players": ["masbahlilganteng", "SoCapable"], "log": "|j|\u2606masbahlilganteng\n|j|\u2606SoCapable\n|t:|1781402156\n|gametype|singles\n|player|p1|masbahlilganteng|hoopster|2086\n|player|p2|SoCapable|silver|2229\n|gen|9\n|tier|[Gen 9] Random Battle\n|rated|\n|rule|Species Clause: Limit one of each Pok\u00e9mon\n|rule|HP Percentage Mod: HP is shown in percentages\n|rule|Sleep Clause Mod: Limit one foe put to sleep\n|rule|Illusion Level Mod: Illusion disguises the Pok\u00e9mon's true level\n|\n|t:|1781402156\n|teamsize|p1|6\n|teamsize|p2|6\n|start\n|switch|p1a: Slowbro|Slowbro-Galar, L87, M|307/307\n|switch|p2a: Iron Valiant|Iron Valiant, L78|244/244\n|turn|1\n|inactive|Battle timer is ON: inactive players will automatically lose when time's up. (requested by masbahlilganteng)\n|\n|t:|1781402170\n|-end|p2a: Iron Valiant|Quark Drive|[silent]\n|switch|p2a: Hypno|Hypno, L95, F|315/315\n|move|p1a: Slowbro|Psychic|p2a: Hypno\n|-resisted|p2a: Hypno\n|-damage|p2a: Hypno|277/315\n|\n|-heal|p2a: Hypno|296/315|[from] item: Leftovers\n|upkeep\n|turn|2\n|\n|t:|1781402181\n|move|p2a: Hypno|Encore|p1a: Slowbro\n|-start|p1a: Slowbro|Encore\n|move|p1a: Slowbro|Psychic|p2a: Hypno\n|-resisted|p2a: Hypno\n|-damage|p2a: Hypno|257/315\n|\n|-heal|p2a: Hypno|276/315|[from] item: Leftovers\n|upkeep\n|turn|3\n|\n|t:|1781402188\n|move|p2a: Hypno|Knock Off|p1a: Slowbro\n|-supereffective|p1a: Slowbro\n|-damage|p1a: Slowbro|187/307\n|-enditem|p1a: Slowbro|Assault Vest|[from] move: Knock Off|[of] p2a: Hypno\n|move|p1a: Slowbro|Psychic|p2a: Hypno\n|-resisted|p2a: Hypno\n|-damage|p2a: Hypno|240/315\n|\n|-heal|p2a: Hypno|259/315|[from] item: Leftovers\n|upkeep\n|turn|4\n|\n|t:|1781402194\n|move|p2a: Hypno|Knock Off|p1a: Slowbro\n|-supereffective|p1a: Slowbro\n|-damage|p1a: Slowbro|95/307\n|move|p1a: Slowbro|Psychic|p2a: Hypno\n|-resisted|p2a: Hypno\n|-damage|p2a: Hypno|223/315\n|\n|-heal|p2a: Hypno|242/315|[from] item: Leftovers\n|-end|p1a: Slowbro|Encore\n|upkeep\n|turn|5\n|\n|t:|1781402201\n|move|p2a: Hypno|Toxic|p1a: Slowbro\n|-immune|p1a: Slowbro\n|move|p1a: Slowbro|Shell Side Arm|p2a: Hypno|[anim] Shell Side Arm Physical\n|-damage|p2a: Hypno|142/315\n|-hint|Physical Shell Side Arm\n|\n|-heal|p2a: Hypno|161/315|[from] item: Leftovers\n|upkeep\n|turn|6\n|\n|t:|1781402209\n|move|p2a: Hypno|Psychic Noise|p1a: Slowbro\n|-damage|p1a: Slowbro|2/307\n|-start|p1a: Slowbro|move: Heal Block\n|move|p1a: Slowbro|Shell Side Arm|p2a: Hypno|[anim] Shell Side Arm Physical\n|-damage|p2a: Hypno|46/315\n|-hint|Physical Shell Side Arm\n|-status|p2a: Hypno|psn\n|\n|-heal|p2a: Hypno|65/315 psn|[from] item: Leftovers\n|-damage|p2a: Hypno|26/315 psn|[from] psn\n|upkeep\n|turn|7\n|\n|t:|1781402222\n|switch|p1a: Bastiodon|Bastiodon, L89, M|252/252\n|move|p2a: Hypno|Knock Off|p1a: Bastiodon\n|-damage|p1a: Bastiodon|212/252\n|-enditem|p1a: Bastiodon|Chesto Berry|[from] move: Knock Off|[of] p2a: Hypno\n|\n|-heal|p2a: Hypno|45/315 psn|[from] item: Leftovers\n|-damage|p2a: Hypno|6/315 psn|[from] psn\n|upkeep\n|turn|8\n|\n|t:|1781402232\n|move|p2a: Hypno|Knock Off|p1a: Bastiodon\n|-damage|p1a: Bastiodon|185/252\n|move|p1a: Bastiodon|Iron Defense|p1a: Bastiodon\n|-boost|p1a: Bastiodon|def|2\n|\n|-heal|p2a: Hypno|25/315 psn|[from] item: Leftovers\n|-damage|p2a: Hypno|0 fnt|[from] psn\n|faint|p2a: Hypno\n|upkeep\n|\n|t:|1781402238\n|switch|p2a: Lanturn|Lanturn, L89, M|367/367\n|turn|9\n|\n|t:|1781402252\n|switch|p1a: Slowbro|Slowbro-Galar, L87, M|104/307\n|move|p2a: Lanturn|Scald|p1a: Slowbro\n|-damage|p1a: Slowbro|8/307\n|\n|upkeep\n|turn|10\n|\n|t:|1781402267\n|move|p2a: Lanturn|Scald|p1a: Slowbro\n|-damage|p1a: Slowbro|0 fnt\n|faint|p1a: Slowbro\n|\n|upkeep\n|\n|t:|1781402269\n|switch|p1a: Ninetales|Ninetales-Alola, L78, M|242/242\n|-weather|Snowscape|[from] ability: Snow Warning|[of] p1a: Ninetales\n|turn|11\n|\n|t:|1781402274\n|move|p1a: Ninetales|Aurora Veil|p1a: Ninetales\n|-sidestart|p1: masbahlilganteng|move: Aurora Veil\n|move|p2a: Lanturn|Thunder Wave|p1a: Ninetales\n|-status|p1a: Ninetales|par\n|\n|-weather|Snowscape|[upkeep]\n|upkeep\n|turn|12\n|\n|t:|1781402277\n|switch|p2a: Alomomola|Alomomola, L87, F|429/429\n|move|p1a: Ninetales|Freeze-Dry|p2a: Alomomola\n|-supereffective|p2a: Alomomola\n|-damage|p2a: Alomomola|253/429\n|\n|-weather|Snowscape|[upkeep]\n|-heal|p2a: Alomomola|279/429|[from] item: Leftovers\n|upkeep\n|turn|13\n|\n|t:|1781402286\n|switch|p1a: Furret|Furret, L94, M|312/312\n|-item|p2a: Alomomola|Leftovers|[from] ability: Frisk|[of] p1a: Furret\n|move|p2a: Alomomola|Wish|p2a: Alomomola\n|\n|-weather|Snowscape|[upkeep]\n|-heal|p2a: Alomomola|305/429|[from] item: Leftovers\n|upkeep\n|turn|14\n|\n|t:|1781402290\n|move|p2a: Alomomola|Protect|p2a: Alomomola\n|-singleturn|p2a: Alomomola|Protect\n|move|p1a: Furret|Tidy Up|p1a: Furret\n|-boost|p1a: Furret|atk|1\n|-boost|p1a: Furret|spe|1\n|\n|-weather|Snowscape|[upkeep]\n|-heal|p2a: Alomomola|429/429|[from] move: Wish|[wisher] Alomomola\n|upkeep\n|turn|15\n|\n|t:|1781402295\n|move|p1a: Furret|Double-Edge|p2a: Alomomola\n|-damage|p2a: Alomomola|147/429\n|-damage|p1a: Furret|219/312|[from] Recoil\n|-damage|p1a: Furret|188/312|[from] item: Life Orb\n|move|p2a: Alomomola|Wish|p2a: Alomomola\n|\n|-weather|none\n|-heal|p2a: Alomomola|173/429|[from] item: Leftovers\n|upkeep\n|turn|16\n|\n|t:|1781402299\n|switch|p2a: Lanturn|Lanturn, L89, M|367/367\n|move|p1a: Furret|Double-Edge|p2a: Lanturn\n|-damage|p2a: Lanturn|50/367\n|-damage|p1a: Furret|83/312|[from] Recoil\n|-damage|p1a: Furret|52/312|[from] item: Life Orb\n|\n|-heal|p2a: Lanturn|264/367|[from] move: Wish|[wisher] Alomomola\n|-heal|p2a: Lanturn|286/367|[from] item: Leftovers\n|upkeep\n|turn|17\n|\n|t:|1781402308\n|move|p1a: Furret|Double-Edge|p2a: Lanturn\n|-damage|p2a: Lanturn|0 fnt\n|faint|p2a: Lanturn\n|-damage|p1a: Furret|0 fnt|[from] Recoil\n|faint|p1a: Furret\n|\n|upkeep\n|\n|t:|1781402313\n|switch|p1a: Ninetales|Ninetales-Alola, L78, M|242/242 par\n|switch|p2a: Alomomola|Alomomola, L87, F|316/429\n|-weather|Snowscape|[from] ability: Snow Warning|[of] p1a: Ninetales\n|turn|18\n|\n|t:|1781402319\n|move|p2a: Alomomola|Flip Turn|p1a: Ninetales\n|-damage|p1a: Ninetales|221/242 par\n|\n|t:|1781402320\n|switch|p2a: Iron Boulder|Iron Boulder, L77|265/265|[from] Flip Turn\n|cant|p1a: Ninetales|par\n|\n|-weather|Snowscape|[upkeep]\n|-sideend|p1: masbahlilganteng|move: Aurora Veil\n|upkeep\n|turn|19\n|inactive|masbahlilganteng has 120 seconds left.\n|\n|t:|1781402353\n|move|p2a: Iron Boulder|Mighty Cleave|p1a: Ninetales\n|-supereffective|p1a: Ninetales\n|-damage|p1a: Ninetales|3/242 par\n|-damage|p2a: Iron Boulder|239/265|[from] item: Life Orb\n|cant|p1a: Ninetales|par\n|\n|-weather|Snowscape|[upkeep]\n|upkeep\n|turn|20\n|\n|t:|1781402360\n|move|p2a: Iron Boulder|Close Combat|p1a: Ninetales\n|-damage|p1a: Ninetales|0 fnt\n|-unboost|p2a: Iron Boulder|def|1\n|-unboost|p2a: Iron Boulder|spd|1\n|faint|p1a: Ninetales\n|-damage|p2a: Iron Boulder|213/265|[from] item: Life Orb\n|\n|-weather|Snowscape|[upkeep]\n|upkeep\n|inactive|masbahlilganteng has 120 seconds left.\n|\n|t:|1781402376\n|switch|p1a: Duraludon|Duraludon, L82, F|249/249\n|turn|21\n|inactive|masbahlilganteng has 120 seconds left.\n|\n|t:|1781402382\n|-end|p2a: Iron Boulder|Quark Drive|[silent]\n|switch|p2a: Alomomola|Alomomola, L87, F|429/429\n|move|p1a: Duraludon|Stealth Rock|p2a: Alomomola\n|-sidestart|p2: SoCapable|move: Stealth Rock\n|\n|-weather|Snowscape|[upkeep]\n|upkeep\n|turn|22\n|\n|t:|1781402389\n|move|p1a: Duraludon|Flash Cannon|p2a: Alomomola\n|-resisted|p2a: Alomomola\n|-damage|p2a: Alomomola|362/429\n|move|p2a: Alomomola|Scald|p1a: Duraludon\n|-resisted|p1a: Duraludon\n|-damage|p1a: Duraludon|225/249\n|\n|-weather|none\n|-heal|p2a: Alomomola|388/429|[from] item: Leftovers\n|upkeep\n|turn|23\n|\n|t:|1781402395\n|move|p1a: Duraludon|Body Press|p2a: Alomomola\n|-damage|p2a: Alomomola|319/429\n|move|p2a: Alomomola|Wish|p2a: Alomomola\n|\n|-heal|p2a: Alomomola|345/429|[from] item: Leftovers\n|upkeep\n|turn|24\n|\n|t:|1781402399\n|move|p1a: Duraludon|Body Press|p2a: Alomomola\n|-damage|p2a: Alomomola|278/429\n|move|p2a: Alomomola|Flip Turn|p1a: Duraludon\n|-resisted|p1a: Duraludon\n|-damage|p1a: Duraludon|211/249\n|\n|t:|1781402403\n|switch|p2a: Iron Valiant|Iron Valiant, L78|244/244|[from] Flip Turn\n|-damage|p2a: Iron Valiant|229/244|[from] Stealth Rock\n|\n|-heal|p2a: Iron Valiant|244/244|[from] move: Wish|[wisher] Alomomola\n|upkeep\n|turn|25\n|\n|t:|1781402419\n|move|p2a: Iron Valiant|Close Combat|p1a: Duraludon\n|-supereffective|p1a: Duraludon\n|-damage|p1a: Duraludon|0 fnt\n|-unboost|p2a: Iron Valiant|def|1\n|-unboost|p2a: Iron Valiant|spd|1\n|faint|p1a: Duraludon\n|-damage|p2a: Iron Valiant|220/244|[from] item: Life Orb\n|\n|upkeep\n|\n|t:|1781402425\n|switch|p1a: Oricorio|Oricorio-Pa'u, L87, F|272/272\n|turn|26\n|\n|t:|1781402431\n|move|p2a: Iron Valiant|Moonblast|p1a: Oricorio\n|-damage|p1a: Oricorio|119/272\n|-unboost|p1a: Oricorio|spa|1\n|-damage|p2a: Iron Valiant|196/244|[from] item: Life Orb\n|move|p1a: Oricorio|Quiver Dance|p1a: Oricorio\n|-boost|p1a: Oricorio|spa|1\n|-boost|p1a: Oricorio|spd|1\n|-boost|p1a: Oricorio|spe|1\n|\n|upkeep\n|turn|27\n|\n|t:|1781402436\n|-end|p2a: Iron Valiant|Quark Drive|[silent]\n|switch|p2a: Breloom|Breloom, L83, M|235/235\n|-damage|p2a: Breloom|221/235|[from] Stealth Rock\n|move|p1a: Oricorio|Revelation Dance|p2a: Breloom\n|-supereffective|p2a: Breloom\n|-crit|p2a: Breloom\n|-damage|p2a: Breloom|0 fnt\n|faint|p2a: Breloom\n|\n|upkeep\n|\n|t:|1781402441\n|switch|p2a: Iron Boulder|Iron Boulder, L77|213/265\n|-damage|p2a: Iron Boulder|180/265|[from] Stealth Rock\n|turn|28\n|\n|t:|1781402451\n|-terastallize|p1a: Oricorio|Fighting\n|-terastallize|p2a: Iron Boulder|Fighting\n|move|p1a: Oricorio|Roost|p1a: Oricorio\n|-heal|p1a: Oricorio|255/272\n|move|p2a: Iron Boulder|Close Combat|p1a: Oricorio\n|-damage|p1a: Oricorio|67/272\n|-unboost|p2a: Iron Boulder|def|1\n|-unboost|p2a: Iron Boulder|spd|1\n|-damage|p2a: Iron Boulder|154/265|[from] item: Life Orb\n|\n|upkeep\n|turn|29\n|\n|t:|1781402461\n|-end|p2a: Iron Boulder|Quark Drive|[silent]\n|switch|p2a: Alomomola|Alomomola, L87, F|421/429\n|-damage|p2a: Alomomola|368/429|[from] Stealth Rock\n|move|p1a: Oricorio|Hurricane|p2a: Alomomola\n|-damage|p2a: Alomomola|169/429\n|-start|p2a: Alomomola|confusion\n|\n|-heal|p2a: Alomomola|195/429|[from] item: Leftovers\n|upkeep\n|turn|30\n|\n|t:|1781402468\n|move|p1a: Oricorio|Revelation Dance|p2a: Alomomola\n|-damage|p2a: Alomomola|42/429\n|-activate|p2a: Alomomola|confusion\n|move|p2a: Alomomola|Flip Turn|p1a: Oricorio\n|-damage|p1a: Oricorio|3/272\n|\n|t:|1781402473\n|switch|p2a: Iron Boulder|Iron Boulder, L77, tera:Fighting|154/265|[from] Flip Turn\n|-damage|p2a: Iron Boulder|138/265|[from] Stealth Rock\n|\n|upkeep\n|turn|31\n|\n|t:|1781402477\n|move|p1a: Oricorio|Hurricane|p2a: Iron Boulder\n|-supereffective|p2a: Iron Boulder\n|-damage|p2a: Iron Boulder|0 fnt\n|faint|p2a: Iron Boulder\n|-end|p2a: Iron Boulder|Quark Drive|[silent]\n|\n|upkeep\n|\n|t:|1781402479\n|switch|p2a: Iron Valiant|Iron Valiant, L78|196/244\n|-damage|p2a: Iron Valiant|181/244|[from] Stealth Rock\n|turn|32\n|\n|t:|1781402484\n|move|p1a: Oricorio|Hurricane|p2a: Iron Valiant|[miss]\n|-miss|p1a: Oricorio|p2a: Iron Valiant\n|move|p2a: Iron Valiant|Close Combat|p1a: Oricorio\n|-damage|p1a: Oricorio|0 fnt\n|-unboost|p2a: Iron Valiant|def|1\n|-unboost|p2a: Iron Valiant|spd|1\n|faint|p1a: Oricorio\n|-damage|p2a: Iron Valiant|157/244|[from] item: Life Orb\n|\n|upkeep\n|\n|t:|1781402487\n|switch|p1a: Bastiodon|Bastiodon, L89, M|185/252\n|turn|33\n|\n|t:|1781402490\n|move|p2a: Iron Valiant|Close Combat|p1a: Bastiodon\n|-supereffective|p1a: Bastiodon\n|-damage|p1a: Bastiodon|0 fnt\n|-unboost|p2a: Iron Valiant|def|1\n|-unboost|p2a: Iron Valiant|spd|1\n|faint|p1a: Bastiodon\n|-damage|p2a: Iron Valiant|133/244|[from] item: Life Orb\n|\n|win|SoCapable\n", "inputlog": ">version a8376a258c1d4662feba110a92103f3664a72141\n>start {\"formatid\":\"gen9randombattle\",\"seed\":\"sodium,6dc77a244b897c52ee34e762b9dd8deb\",\"rated\":\"Rated battle\"}\n>player p1 {\"name\":\"masbahlilganteng\",\"avatar\":\"hoopster\",\"rating\":2086,\"seed\":\"sodium,407cdc749a65f1eda1267973f04f1745\"}\n>player p2 {\"name\":\"SoCapable\",\"avatar\":\"silver\",\"rating\":2229,\"seed\":\"sodium,49ef539c22eefb285352a6f62adbb4bb\"}\n>p1 move psychic\n>p2 switch 5\n>p1 move shellsidearm\n>p2 move encore\n>p1 move psychic\n>p2 move knockoff\n>p1 move psychic\n>p2 move knockoff\n>p1 move shellsidearm\n>p2 move toxic\n>p1 move shellsidearm\n>p2 move psychicnoise\n>p1 switch 3\n>p2 move knockoff\n>p1 move irondefense\n>p2 move knockoff\n>p2 switch 3\n>p1 switch 3\n>p2 move scald\n>p1 move shellsidearm\n>p2 move scald\n>p1 switch 6\n>p1 move auroraveil\n>p2 move thunderwave\n>p1 move freezedry\n>p2 switch 2\n>p1 switch 4\n>p2 move wish\n>p1 move tidyup\n>p2 move protect\n>p1 move doubleedge\n>p2 move wish\n>p1 move doubleedge\n>p2 switch 2\n>p1 move doubleedge\n>p2 move scald\n>p1 switch 4\n>p2 switch 2\n>p1 move freezedry\n>p2 move flipturn\n>p2 switch 6\n>p1 move auroraveil\n>p2 move mightycleave\n>p1 move auroraveil\n>p2 move closecombat\n>p1 switch 2\n>p1 move stealthrock\n>p2 switch 6\n>p1 move flashcannon\n>p2 move scald\n>p1 move bodypress\n>p2 move wish\n>p1 move bodypress\n>p2 move flipturn\n>p2 switch 5\n>p1 move flashcannon\n>p2 move closecombat\n>p1 switch 5\n>p1 move quiverdance\n>p2 move moonblast\n>p1 move revelationdance\n>p2 switch 4\n>p2 switch 6\n>p1 move roost terastallize\n>p2 move closecombat terastallize\n>p1 move hurricane\n>p2 switch 5\n>p1 move revelationdance\n>p2 move flipturn\n>p2 switch 5\n>p1 move hurricane\n>p2 move closecombat\n>p2 switch 4\n>p1 move hurricane\n>p2 move closecombat\n>p1 switch 3\n>p1 move rest\n>p2 move closecombat", "uploadtime": 1781402158, "views": 8, "formatid": "gen9randombattle", "rating": null, "private": 0, "password": null}