{"id": "gen9randombattle-2631944401", "format": "[Gen 9] Random Battle", "players": ["00aa00aa", "danmoses"], "log": "|j|\u260600aa00aa\n|j|\u2606danmoses\n|t:|1781458410\n|gametype|singles\n|player|p1|00aa00aa|2|1980\n|player|p2|danmoses|whitney|1952\n|gen|9\n|tier|[Gen 9] Random Battle\n|rated|\n|rule|Species Clause: Limit one of each Pok\u00e9mon\n|rule|HP Percentage Mod: HP is shown in percentages\n|rule|Sleep Clause Mod: Limit one foe put to sleep\n|rule|Illusion Level Mod: Illusion disguises the Pok\u00e9mon's true level\n|\n|t:|1781458410\n|teamsize|p1|6\n|teamsize|p2|6\n|start\n|switch|p1a: Shiftry|Shiftry, L89, F|305/305\n|switch|p2a: Dialga|Dialga-Origin, L73|266/266\n|-ability|p2a: Dialga|Pressure\n|turn|1\n|inactive|Battle timer is ON: inactive players will automatically lose when time's up. (requested by danmoses)\n|inactive|00aa00aa has 120 seconds left.\n|\n|t:|1781458460\n|switch|p1a: Pincurchin|Pincurchin, M|258/258\n|-fieldstart|move: Electric Terrain|[from] ability: Electric Surge|[of] p1a: Pincurchin\n|move|p2a: Dialga|Fire Blast|p1a: Pincurchin\n|-damage|p1a: Pincurchin|185/258\n|\n|-heal|p1a: Pincurchin|201/258|[from] item: Leftovers\n|upkeep\n|turn|2\n|\n|t:|1781458476\n|move|p1a: Pincurchin|Toxic Spikes|p2a: Dialga\n|-sidestart|p2: danmoses|move: Toxic Spikes\n|move|p2a: Dialga|Dragon Tail|p1a: Pincurchin\n|-damage|p1a: Pincurchin|158/258\n|drag|p1a: Infernape|Infernape, L82, F|259/259\n|\n|upkeep\n|turn|3\n|\n|t:|1781458487\n|switch|p2a: Drifblim|Drifblim, L86, F|398/398\n|move|p1a: Infernape|Close Combat|p2a: Drifblim\n|-immune|p2a: Drifblim\n|\n|upkeep\n|turn|4\n|\n|t:|1781458497\n|switch|p1a: Pincurchin|Pincurchin, M|158/258\n|move|p2a: Drifblim|Defog|p1a: Pincurchin\n|-unboost|p1a: Pincurchin|evasion|1\n|-sideend|p2: danmoses|Toxic Spikes|[from] move: Defog|[of] p2a: Drifblim\n|-fieldend|move: Electric Terrain\n|\n|-heal|p1a: Pincurchin|174/258|[from] item: Leftovers\n|upkeep\n|turn|5\n|\n|t:|1781458511\n|switch|p2a: Piloswine|Piloswine, L85, F|309/309\n|move|p1a: Pincurchin|Discharge|p2a: Piloswine\n|-immune|p2a: Piloswine\n|\n|-heal|p1a: Pincurchin|190/258|[from] item: Leftovers\n|upkeep\n|turn|6\n|\n|t:|1781458521\n|switch|p1a: Shiftry|Shiftry, L89, F|305/305\n|move|p2a: Piloswine|Stealth Rock|p1a: Shiftry\n|-sidestart|p1: 00aa00aa|move: Stealth Rock\n|\n|upkeep\n|turn|7\n|\n|t:|1781458535\n|move|p1a: Shiftry|Will-O-Wisp|p2a: Piloswine\n|-status|p2a: Piloswine|brn\n|move|p2a: Piloswine|Icicle Crash|p1a: Shiftry\n|-supereffective|p1a: Shiftry\n|-damage|p1a: Shiftry|182/305\n|\n|-damage|p2a: Piloswine|290/309 brn|[from] brn\n|upkeep\n|turn|8\n|\n|t:|1781458546\n|move|p1a: Shiftry|Leaf Storm|p2a: Piloswine\n|-supereffective|p2a: Piloswine\n|-damage|p2a: Piloswine|0 fnt\n|-unboost|p1a: Shiftry|spa|2\n|faint|p2a: Piloswine\n|-damage|p1a: Shiftry|152/305|[from] item: Life Orb\n|\n|upkeep\n|\n|t:|1781458568\n|switch|p2a: Inteleon|Inteleon, L81, F|246/246\n|turn|9\n|\n|t:|1781458586\n|switch|p1a: Pincurchin|Pincurchin, M|190/258\n|-damage|p1a: Pincurchin|158/258|[from] Stealth Rock\n|-fieldstart|move: Electric Terrain|[from] ability: Electric Surge|[of] p1a: Pincurchin\n|move|p2a: Inteleon|U-turn|p1a: Pincurchin\n|-damage|p1a: Pincurchin|126/258\n|\n|t:|1781458601\n|switch|p2a: Latios|Latios, L78, M|253/253|[from] U-turn\n|\n|-heal|p1a: Pincurchin|142/258|[from] item: Leftovers\n|upkeep\n|turn|10\n|\n|t:|1781458613\n|move|p2a: Latios|Draco Meteor|p1a: Pincurchin\n|-damage|p1a: Pincurchin|0 fnt\n|-unboost|p2a: Latios|spa|2\n|faint|p1a: Pincurchin\n|\n|upkeep\n|\n|t:|1781458630\n|switch|p1a: Regice|Regice, L88|284/284\n|turn|11\n|\n|t:|1781458637\n|switch|p2a: Delphox|Delphox, L84, F|263/263\n|move|p1a: Regice|Thunder Wave|p2a: Delphox|[miss]\n|-miss|p1a: Regice|p2a: Delphox\n|\n|upkeep\n|turn|12\n|\n|t:|1781458660\n|switch|p2a: Dialga|Dialga-Origin, L73|266/266\n|-ability|p2a: Dialga|Pressure\n|switch|p1a: Meowstic|Meowstic, L89, M|277/277\n|-damage|p1a: Meowstic|243/277|[from] Stealth Rock\n|\n|upkeep\n|turn|13\n|\n|t:|1781458671\n|move|p1a: Meowstic|Light Screen|p1a: Meowstic\n|-sidestart|p1: 00aa00aa|move: Light Screen\n|move|p2a: Dialga|Dragon Tail|p1a: Meowstic\n|-crit|p1a: Meowstic\n|-damage|p1a: Meowstic|155/277\n|drag|p1a: Infernape|Infernape, L82, F|259/259\n|-damage|p1a: Infernape|227/259|[from] Stealth Rock\n|\n|-fieldend|move: Electric Terrain\n|upkeep\n|turn|14\n|\n|t:|1781458683\n|switch|p2a: Drifblim|Drifblim, L86, F|398/398\n|move|p1a: Infernape|Overheat|p2a: Drifblim\n|-damage|p2a: Drifblim|172/398\n|-unboost|p1a: Infernape|spa|2\n|-damage|p1a: Infernape|202/259|[from] item: Life Orb\n|\n|upkeep\n|turn|15\n|inactive|00aa00aa has 120 seconds left.\n|\n|t:|1781458700\n|switch|p1a: Regice|Regice, L88|284/284\n|move|p2a: Drifblim|Strength Sap|p1a: Regice\n|-fail|p1a: Regice|unboost|[from] ability: Clear Body|[of] p1a: Regice\n|-heal|p2a: Drifblim|265/398\n|\n|upkeep\n|turn|16\n|\n|t:|1781458709\n|switch|p2a: Dialga|Dialga-Origin, L73|266/266\n|-ability|p2a: Dialga|Pressure\n|move|p1a: Regice|Thunder Wave|p2a: Dialga\n|-status|p2a: Dialga|par\n|\n|upkeep\n|turn|17\n|\n|t:|1781458723\n|move|p1a: Regice|Body Press|p2a: Dialga\n|-supereffective|p2a: Dialga\n|-damage|p2a: Dialga|140/266 par\n|cant|p2a: Dialga|par\n|\n|upkeep\n|turn|18\n|\n|t:|1781458734\n|move|p1a: Regice|Ice Beam|p2a: Dialga\n|-damage|p2a: Dialga|37/266 par\n|move|p2a: Dialga|Dragon Tail|p1a: Regice\n|-damage|p1a: Regice|229/284\n|drag|p1a: Magmortar|Magmortar, L88, F|275/275\n|-damage|p1a: Magmortar|207/275|[from] Stealth Rock\n|\n|upkeep\n|turn|19\n|\n|t:|1781458749\n|move|p1a: Magmortar|Fire Blast|p2a: Dialga\n|-damage|p2a: Dialga|0 fnt\n|faint|p2a: Dialga\n|\n|upkeep\n|\n|t:|1781458765\n|switch|p2a: Inteleon|Inteleon, L81, F|246/246\n|turn|20\n|\n|t:|1781458776\n|switch|p1a: Meowstic|Meowstic, L89, M|155/277\n|-damage|p1a: Meowstic|121/277|[from] Stealth Rock\n|-terastallize|p2a: Inteleon|Water\n|move|p2a: Inteleon|Hydro Pump|p1a: Meowstic\n|-damage|p1a: Meowstic|0 fnt\n|faint|p1a: Meowstic\n|\n|-sideend|p1: 00aa00aa|move: Light Screen\n|upkeep\n|inactive|00aa00aa has 120 seconds left.\n|\n|t:|1781458793\n|switch|p1a: Regice|Regice, L88|229/284\n|turn|21\n|\n|t:|1781458804\n|switch|p2a: Drifblim|Drifblim, L86, F|265/398\n|move|p1a: Regice|Thunder Wave|p2a: Drifblim\n|-status|p2a: Drifblim|par\n|\n|upkeep\n|turn|22\n|\n|t:|1781458810\n|move|p1a: Regice|Ice Beam|p2a: Drifblim\n|-supereffective|p2a: Drifblim\n|-damage|p2a: Drifblim|0 fnt\n|faint|p2a: Drifblim\n|\n|upkeep\n|\n|t:|1781458822\n|switch|p2a: Delphox|Delphox, L84, F|263/263\n|turn|23\n|\n|t:|1781458835\n|-terastallize|p1a: Regice|Electric\n|move|p2a: Delphox|Fire Blast|p1a: Regice\n|-damage|p1a: Regice|160/284\n|move|p1a: Regice|Thunder Wave|p2a: Delphox\n|-status|p2a: Delphox|par\n|\n|upkeep\n|turn|24\n|\n|t:|1781458843\n|move|p1a: Regice|Thunderbolt|p2a: Delphox\n|-damage|p2a: Delphox|169/263 par\n|move|p2a: Delphox|Psyshock|p1a: Regice\n|-damage|p1a: Regice|84/284\n|\n|upkeep\n|turn|25\n|\n|t:|1781458849\n|switch|p1a: Shiftry|Shiftry, L89, F|152/305\n|-damage|p1a: Shiftry|114/305|[from] Stealth Rock\n|move|p2a: Delphox|Psyshock|p1a: Shiftry\n|-immune|p1a: Shiftry\n|\n|upkeep\n|turn|26\n|\n|t:|1781458857\n|move|p1a: Shiftry|Knock Off|p2a: Delphox\n|-supereffective|p2a: Delphox\n|-damage|p2a: Delphox|0 fnt\n|-enditem|p2a: Delphox|Heavy-Duty Boots|[from] move: Knock Off|[of] p1a: Shiftry\n|faint|p2a: Delphox\n|-damage|p1a: Shiftry|84/305|[from] item: Life Orb\n|\n|upkeep\n|\n|t:|1781458862\n|switch|p2a: Inteleon|Inteleon, L81, F, tera:Water|246/246\n|turn|27\n|\n|t:|1781458868\n|move|p1a: Shiftry|Sucker Punch|p2a: Inteleon\n|-damage|p2a: Inteleon|90/246\n|-damage|p1a: Shiftry|54/305|[from] item: Life Orb\n|move|p2a: Inteleon|U-turn|p1a: Shiftry\n|-supereffective|p1a: Shiftry\n|-damage|p1a: Shiftry|0 fnt\n|faint|p1a: Shiftry\n|\n|t:|1781458871\n|switch|p2a: Latios|Latios, L78, M|253/253|[from] U-turn\n|\n|upkeep\n|\n|t:|1781458896\n|switch|p1a: Regice|Regice, L88, tera:Electric|84/284\n|turn|28\n|\n|t:|1781458906\n|move|p2a: Latios|Draco Meteor|p1a: Regice\n|-damage|p1a: Regice|0 fnt\n|-unboost|p2a: Latios|spa|2\n|faint|p1a: Regice\n|\n|upkeep\n|\n|t:|1781458912\n|switch|p1a: Magmortar|Magmortar, L88, F|207/275\n|-damage|p1a: Magmortar|139/275|[from] Stealth Rock\n|turn|29\n|\n|t:|1781458915\n|move|p2a: Latios|Luster Purge|p1a: Magmortar\n|-damage|p1a: Magmortar|79/275\n|-unboost|p1a: Magmortar|spd|1\n|move|p1a: Magmortar|Fire Blast|p2a: Latios\n|-resisted|p2a: Latios\n|-damage|p2a: Latios|149/253\n|\n|upkeep\n|turn|30\n|\n|t:|1781458922\n|move|p2a: Latios|Luster Purge|p1a: Magmortar\n|-damage|p1a: Magmortar|0 fnt\n|faint|p1a: Magmortar\n|\n|upkeep\n|\n|t:|1781458924\n|switch|p1a: Infernape|Infernape, L82, F|202/259\n|-damage|p1a: Infernape|170/259|[from] Stealth Rock\n|turn|31\n|\n|t:|1781458929\n|move|p1a: Infernape|Gunk Shot|p2a: Latios\n|-damage|p2a: Latios|27/253\n|-damage|p1a: Infernape|145/259|[from] item: Life Orb\n|move|p2a: Latios|Luster Purge|p1a: Infernape\n|-supereffective|p1a: Infernape\n|-damage|p1a: Infernape|0 fnt\n|faint|p1a: Infernape\n|\n|win|danmoses\n", "uploadtime": 1781458412, "views": 3, "formatid": "gen9randombattle", "rating": null, "private": 0, "password": null}