{"id": "gen9randombattle-2631782805", "format": "[Gen 9] Random Battle", "players": ["Qishuuuu", "cabrg36"], "log": "|j|\u2606Qishuuuu\n|j|\u2606cabrg36\n|t:|1781438926\n|gametype|singles\n|player|p1|Qishuuuu|rosa|1512\n|player|p2|cabrg36|2|1548\n|gen|9\n|tier|[Gen 9] Random Battle\n|rated|\n|rule|Species Clause: Limit one of each Pok\u00e9mon\n|rule|HP Percentage Mod: HP is shown in percentages\n|rule|Sleep Clause Mod: Limit one foe put to sleep\n|rule|Illusion Level Mod: Illusion disguises the Pok\u00e9mon's true level\n|\n|t:|1781438926\n|teamsize|p1|6\n|teamsize|p2|6\n|start\n|switch|p1a: Ogerpon|Ogerpon-Wellspring, L76, F|247/247\n|switch|p2a: Gumshoos|Gumshoos, L95, F|321/321\n|turn|1\n|inactive|Battle timer is ON: inactive players will automatically lose when time's up. (requested by cabrg36)\n|\n|t:|1781438949\n|move|p1a: Ogerpon|Ivy Cudgel|p2a: Gumshoos|[anim] Ivy Cudgel Water\n|-damage|p2a: Gumshoos|180/321\n|move|p2a: Gumshoos|Double-Edge|p1a: Ogerpon\n|-crit|p1a: Ogerpon\n|-damage|p1a: Ogerpon|0 fnt\n|faint|p1a: Ogerpon\n|-damage|p2a: Gumshoos|98/321|[from] Recoil\n|\n|upkeep\n|\n|t:|1781438969\n|switch|p1a: Dodrio|Dodrio, L85, M|241/241\n|turn|2\n|\n|t:|1781438985\n|switch|p2a: Landorus|Landorus-Therian, L76, M|260/260\n|-ability|p2a: Landorus|Intimidate|boost\n|-unboost|p1a: Dodrio|atk|1\n|move|p1a: Dodrio|Brave Bird|p2a: Landorus\n|-damage|p2a: Landorus|104/260\n|-damage|p1a: Dodrio|190/241|[from] Recoil\n|\n|-heal|p2a: Landorus|120/260|[from] item: Leftovers\n|upkeep\n|turn|3\n|\n|t:|1781439006\n|move|p1a: Dodrio|Brave Bird|p2a: Landorus\n|-damage|p2a: Landorus|0 fnt\n|faint|p2a: Landorus\n|-damage|p1a: Dodrio|150/241|[from] Recoil\n|\n|upkeep\n|inactive|cabrg36 has 120 seconds left.\n|\n|t:|1781439035\n|switch|p2a: Eelektross|Eelektross, L87, M|290/290\n|turn|4\n|\n|t:|1781439043\n|switch|p1a: Dondozo|Dondozo, L78, F|362/362\n|move|p2a: Eelektross|Coil|p2a: Eelektross\n|-boost|p2a: Eelektross|atk|1\n|-boost|p2a: Eelektross|def|1\n|-boost|p2a: Eelektross|accuracy|1\n|\n|upkeep\n|turn|5\n|inactive|cabrg36 has 120 seconds left.\n|\n|t:|1781439052\n|-terastallize|p1a: Dondozo|Dragon\n|move|p2a: Eelektross|Supercell Slam|p1a: Dondozo\n|-resisted|p1a: Dondozo\n|-damage|p1a: Dondozo|309/362\n|move|p1a: Dondozo|Curse|p1a: Dondozo\n|-unboost|p1a: Dondozo|spe|1\n|-boost|p1a: Dondozo|atk|1\n|-boost|p1a: Dondozo|def|1\n|\n|-heal|p1a: Dondozo|331/362|[from] item: Leftovers\n|upkeep\n|turn|6\n|inactive|cabrg36 has 120 seconds left.\n|\n|t:|1781439067\n|switch|p2a: Latios|Latios, L78, M|253/253\n|move|p1a: Dondozo|Curse|p1a: Dondozo\n|-unboost|p1a: Dondozo|spe|1\n|-boost|p1a: Dondozo|atk|1\n|-boost|p1a: Dondozo|def|1\n|\n|-heal|p1a: Dondozo|353/362|[from] item: Leftovers\n|upkeep\n|turn|7\n|\n|t:|1781439077\n|switch|p1a: Vileplume|Vileplume, L85, M|266/266\n|move|p2a: Latios|Draco Meteor|p1a: Vileplume\n|-damage|p1a: Vileplume|44/266\n|-unboost|p2a: Latios|spa|2\n|\n|-heal|p1a: Vileplume|60/266|[from] item: Leftovers\n|upkeep\n|turn|8\n|\n|t:|1781439084\n|move|p2a: Latios|Draco Meteor|p1a: Vileplume\n|-damage|p1a: Vileplume|0 fnt\n|-unboost|p2a: Latios|spa|2\n|faint|p1a: Vileplume\n|\n|upkeep\n|\n|t:|1781439095\n|switch|p1a: Dodrio|Dodrio, L85, M|150/241\n|turn|9\n|\n|t:|1781439098\n|switch|p2a: Gumshoos|Gumshoos, L95, F|98/321\n|move|p1a: Dodrio|Knock Off|p2a: Gumshoos\n|-damage|p2a: Gumshoos|0 fnt\n|-enditem|p2a: Gumshoos|Choice Band|[from] move: Knock Off|[of] p1a: Dodrio\n|faint|p2a: Gumshoos\n|\n|upkeep\n|\n|t:|1781439107\n|switch|p2a: Eelektross|Eelektross, L87, M|290/290\n|turn|10\n|\n|t:|1781439114\n|switch|p1a: Dondozo|Dondozo, L78, F, tera:Dragon|353/362\n|move|p2a: Eelektross|Supercell Slam|p1a: Dondozo\n|-resisted|p1a: Dondozo\n|-damage|p1a: Dondozo|295/362\n|\n|-heal|p1a: Dondozo|317/362|[from] item: Leftovers\n|upkeep\n|turn|11\n|\n|t:|1781439120\n|switch|p2a: Latios|Latios, L78, M|253/253\n|switch|p1a: Dodrio|Dodrio, L85, M|150/241\n|\n|upkeep\n|turn|12\n|\n|t:|1781439136\n|-terastallize|p2a: Latios|Steel\n|move|p1a: Dodrio|Knock Off|p2a: Latios\n|-damage|p2a: Latios|117/253\n|-enditem|p2a: Latios|Choice Specs|[from] move: Knock Off|[of] p1a: Dodrio\n|move|p2a: Latios|Luster Purge|p1a: Dodrio\n|-damage|p1a: Dodrio|0 fnt\n|faint|p1a: Dodrio\n|\n|upkeep\n|\n|t:|1781439144\n|switch|p1a: Passimian|Passimian, L83, F|302/302\n|turn|13\n|\n|t:|1781439150\n|move|p1a: Passimian|Close Combat|p2a: Latios\n|-supereffective|p2a: Latios\n|-crit|p2a: Latios\n|-damage|p2a: Latios|0 fnt\n|-unboost|p1a: Passimian|def|1\n|-unboost|p1a: Passimian|spd|1\n|faint|p2a: Latios\n|\n|upkeep\n|\n|t:|1781439161\n|switch|p2a: Houndstone|Houndstone, L86, M|264/264\n|turn|14\n|\n|t:|1781439165\n|switch|p1a: Slaking|Slaking, L84, M|389/389\n|move|p2a: Houndstone|Poltergeist|p1a: Slaking\n|-immune|p1a: Slaking\n|\n|upkeep\n|turn|15\n|\n|t:|1781439171\n|move|p1a: Slaking|Knock Off|p2a: Houndstone\n|-supereffective|p2a: Houndstone\n|-damage|p2a: Houndstone|120/264\n|-enditem|p2a: Houndstone|Leftovers|[from] move: Knock Off|[of] p1a: Slaking\n|move|p2a: Houndstone|Body Press|p1a: Slaking\n|-supereffective|p1a: Slaking\n|-damage|p1a: Slaking|285/389\n|\n|upkeep\n|turn|16\n|\n|t:|1781439177\n|cant|p1a: Slaking|ability: Truant\n|move|p2a: Houndstone|Body Press|p1a: Slaking\n|-supereffective|p1a: Slaking\n|-damage|p1a: Slaking|173/389\n|\n|upkeep\n|turn|17\n|\n|t:|1781439183\n|move|p1a: Slaking|Knock Off|p2a: Houndstone\n|-supereffective|p2a: Houndstone\n|-damage|p2a: Houndstone|29/264\n|move|p2a: Houndstone|Rest|p2a: Houndstone\n|-status|p2a: Houndstone|slp|[from] move: Rest\n|-heal|p2a: Houndstone|264/264 slp|[silent]\n|\n|upkeep\n|turn|18\n|\n|t:|1781439191\n|switch|p1a: Dondozo|Dondozo, L78, F, tera:Dragon|317/362\n|cant|p2a: Houndstone|slp\n|move|p2a: Houndstone|Sleep Talk|p2a: Houndstone\n|move|p2a: Houndstone|Rest||[from] move: Sleep Talk|[still]\n|-fail|p2a: Houndstone\n|\n|-heal|p1a: Dondozo|339/362|[from] item: Leftovers\n|upkeep\n|turn|19\n|\n|t:|1781439206\n|cant|p2a: Houndstone|slp\n|move|p1a: Dondozo|Curse|p1a: Dondozo\n|-unboost|p1a: Dondozo|spe|1\n|-boost|p1a: Dondozo|atk|1\n|-boost|p1a: Dondozo|def|1\n|\n|-heal|p1a: Dondozo|361/362|[from] item: Leftovers\n|upkeep\n|turn|20\n|\n|t:|1781439213\n|switch|p2a: Eelektross|Eelektross, L87, M|290/290\n|move|p1a: Dondozo|Curse|p1a: Dondozo\n|-unboost|p1a: Dondozo|spe|1\n|-boost|p1a: Dondozo|atk|1\n|-boost|p1a: Dondozo|def|1\n|\n|-heal|p1a: Dondozo|362/362|[from] item: Leftovers\n|upkeep\n|turn|21\n|\n|t:|1781439217\n|move|p2a: Eelektross|Knock Off|p1a: Dondozo\n|-damage|p1a: Dondozo|328/362\n|-enditem|p1a: Dondozo|Leftovers|[from] move: Knock Off|[of] p2a: Eelektross\n|move|p1a: Dondozo|Wave Crash|p2a: Eelektross\n|-damage|p2a: Eelektross|41/290\n|-damage|p1a: Dondozo|246/362|[from] Recoil\n|\n|-heal|p2a: Eelektross|59/290|[from] item: Leftovers\n|upkeep\n|turn|22\n|\n|t:|1781439227\n|switch|p2a: Suicune|Suicune, L82|298/298\n|-ability|p2a: Suicune|Pressure\n|move|p1a: Dondozo|Curse|p1a: Dondozo\n|-unboost|p1a: Dondozo|spe|1\n|-boost|p1a: Dondozo|atk|1\n|-boost|p1a: Dondozo|def|1\n|\n|upkeep\n|turn|23\n|\n|t:|1781439234\n|move|p2a: Suicune|Scald|p1a: Dondozo\n|-resisted|p1a: Dondozo\n|-damage|p1a: Dondozo|200/362\n|move|p1a: Dondozo|Curse|p1a: Dondozo\n|-unboost|p1a: Dondozo|spe|1\n|-boost|p1a: Dondozo|atk|1\n|-boost|p1a: Dondozo|def|1\n|\n|upkeep\n|turn|24\n|\n|t:|1781439238\n|move|p2a: Suicune|Scald|p1a: Dondozo\n|-resisted|p1a: Dondozo\n|-crit|p1a: Dondozo\n|-damage|p1a: Dondozo|120/362\n|move|p1a: Dondozo|Wave Crash|p2a: Suicune\n|-resisted|p2a: Suicune\n|-damage|p2a: Suicune|163/298\n|-damage|p1a: Dondozo|75/362|[from] Recoil\n|\n|-heal|p2a: Suicune|181/298|[from] item: Leftovers\n|upkeep\n|turn|25\n|\n|t:|1781439247\n|move|p2a: Suicune|Scald|p1a: Dondozo\n|-resisted|p1a: Dondozo\n|-damage|p1a: Dondozo|25/362\n|move|p1a: Dondozo|Rest|p1a: Dondozo\n|-status|p1a: Dondozo|slp|[from] move: Rest\n|-heal|p1a: Dondozo|362/362 slp|[silent]\n|\n|-heal|p2a: Suicune|199/298|[from] item: Leftovers\n|upkeep\n|turn|26\n|\n|t:|1781439256\n|move|p2a: Suicune|Scald|p1a: Dondozo\n|-resisted|p1a: Dondozo\n|-damage|p1a: Dondozo|313/362 slp\n|cant|p1a: Dondozo|slp\n|move|p1a: Dondozo|Sleep Talk|p1a: Dondozo\n|move|p1a: Dondozo|Curse|p1a: Dondozo|[from] move: Sleep Talk\n|-unboost|p1a: Dondozo|spe|1\n|-boost|p1a: Dondozo|atk|1\n|-boost|p1a: Dondozo|def|1\n|\n|-heal|p2a: Suicune|217/298|[from] item: Leftovers\n|upkeep\n|turn|27\n|\n|t:|1781439262\n|move|p2a: Suicune|Scald|p1a: Dondozo\n|-resisted|p1a: Dondozo\n|-crit|p1a: Dondozo\n|-damage|p1a: Dondozo|234/362 slp\n|cant|p1a: Dondozo|slp\n|move|p1a: Dondozo|Sleep Talk|p1a: Dondozo\n|move|p1a: Dondozo|Wave Crash|p2a: Suicune|[from] move: Sleep Talk\n|-resisted|p2a: Suicune\n|-damage|p2a: Suicune|51/298\n|-damage|p1a: Dondozo|179/362 slp|[from] Recoil\n|\n|-heal|p2a: Suicune|69/298|[from] item: Leftovers\n|upkeep\n|turn|28\n|\n|t:|1781439266\n|move|p2a: Suicune|Rest|p2a: Suicune\n|-status|p2a: Suicune|slp|[from] move: Rest\n|-heal|p2a: Suicune|298/298 slp|[silent]\n|-curestatus|p1a: Dondozo|slp|[msg]\n|move|p1a: Dondozo|Wave Crash|p2a: Suicune\n|-resisted|p2a: Suicune\n|-damage|p2a: Suicune|148/298 slp\n|-damage|p1a: Dondozo|129/362|[from] Recoil\n|\n|-heal|p2a: Suicune|166/298 slp|[from] item: Leftovers\n|upkeep\n|turn|29\n|\n|t:|1781439274\n|cant|p2a: Suicune|slp\n|move|p2a: Suicune|Sleep Talk|p2a: Suicune\n|move|p2a: Suicune|Calm Mind|p2a: Suicune|[from] move: Sleep Talk\n|-boost|p2a: Suicune|spa|1\n|-boost|p2a: Suicune|spd|1\n|move|p1a: Dondozo|Rest|p1a: Dondozo\n|-status|p1a: Dondozo|slp|[from] move: Rest\n|-heal|p1a: Dondozo|362/362 slp|[silent]\n|\n|-heal|p2a: Suicune|184/298 slp|[from] item: Leftovers\n|upkeep\n|turn|30\n|\n|t:|1781439279\n|cant|p2a: Suicune|slp\n|move|p2a: Suicune|Sleep Talk|p2a: Suicune\n|move|p2a: Suicune|Scald|p1a: Dondozo|[from] move: Sleep Talk\n|-resisted|p1a: Dondozo\n|-damage|p1a: Dondozo|307/362 slp\n|cant|p1a: Dondozo|slp\n|move|p1a: Dondozo|Sleep Talk|p1a: Dondozo\n|move|p1a: Dondozo|Curse|p1a: Dondozo|[from] move: Sleep Talk\n|-unboost|p1a: Dondozo|spe|1\n|-boost|p1a: Dondozo|atk|1\n|-boost|p1a: Dondozo|def|1\n|\n|-heal|p2a: Suicune|202/298 slp|[from] item: Leftovers\n|upkeep\n|turn|31\n|\n|t:|1781439286\n|-curestatus|p2a: Suicune|slp|[msg]\n|move|p2a: Suicune|Scald|p1a: Dondozo\n|-resisted|p1a: Dondozo\n|-damage|p1a: Dondozo|255/362 slp\n|cant|p1a: Dondozo|slp\n|move|p1a: Dondozo|Sleep Talk|p1a: Dondozo\n|move|p1a: Dondozo|Curse|p1a: Dondozo|[from] move: Sleep Talk\n|\n|-heal|p2a: Suicune|220/298|[from] item: Leftovers\n|upkeep\n|turn|32\n|\n|t:|1781439299\n|move|p2a: Suicune|Scald|p1a: Dondozo\n|-resisted|p1a: Dondozo\n|-damage|p1a: Dondozo|207/362 slp\n|-curestatus|p1a: Dondozo|slp|[msg]\n|move|p1a: Dondozo|Wave Crash|p2a: Suicune\n|-resisted|p2a: Suicune\n|-damage|p2a: Suicune|42/298\n|-damage|p1a: Dondozo|148/362|[from] Recoil\n|\n|-heal|p2a: Suicune|60/298|[from] item: Leftovers\n|upkeep\n|turn|33\n|\n|t:|1781439303\n|move|p2a: Suicune|Rest|p2a: Suicune\n|-status|p2a: Suicune|slp|[from] move: Rest\n|-heal|p2a: Suicune|298/298 slp|[silent]\n|move|p1a: Dondozo|Wave Crash|p2a: Suicune\n|-resisted|p2a: Suicune\n|-damage|p2a: Suicune|109/298 slp\n|-damage|p1a: Dondozo|86/362|[from] Recoil\n|\n|-heal|p2a: Suicune|127/298 slp|[from] item: Leftovers\n|upkeep\n|turn|34\n|\n|t:|1781439310\n|cant|p2a: Suicune|slp\n|move|p2a: Suicune|Sleep Talk|p2a: Suicune\n|move|p2a: Suicune|Calm Mind|p2a: Suicune|[from] move: Sleep Talk\n|-boost|p2a: Suicune|spa|1\n|-boost|p2a: Suicune|spd|1\n|move|p1a: Dondozo|Rest|p1a: Dondozo\n|-status|p1a: Dondozo|slp|[from] move: Rest\n|-heal|p1a: Dondozo|362/362 slp|[silent]\n|\n|-heal|p2a: Suicune|145/298 slp|[from] item: Leftovers\n|upkeep\n|turn|35\n|\n|t:|1781439318\n|cant|p2a: Suicune|slp\n|cant|p1a: Dondozo|slp\n|move|p1a: Dondozo|Sleep Talk|p1a: Dondozo\n|move|p1a: Dondozo|Curse|p1a: Dondozo|[from] move: Sleep Talk\n|\n|-heal|p2a: Suicune|163/298 slp|[from] item: Leftovers\n|upkeep\n|turn|36\n|\n|t:|1781439322\n|-curestatus|p2a: Suicune|slp|[msg]\n|move|p2a: Suicune|Rest|p2a: Suicune\n|-status|p2a: Suicune|slp|[from] move: Rest\n|-heal|p2a: Suicune|298/298 slp|[silent]\n|cant|p1a: Dondozo|slp\n|move|p1a: Dondozo|Sleep Talk|p1a: Dondozo\n|move|p1a: Dondozo|Rest||[from] move: Sleep Talk|[still]\n|-fail|p1a: Dondozo\n|\n|upkeep\n|turn|37\n|\n|t:|1781439328\n|cant|p2a: Suicune|slp\n|move|p2a: Suicune|Sleep Talk|p2a: Suicune\n|move|p2a: Suicune|Calm Mind|p2a: Suicune|[from] move: Sleep Talk\n|-boost|p2a: Suicune|spa|1\n|-boost|p2a: Suicune|spd|1\n|-curestatus|p1a: Dondozo|slp|[msg]\n|move|p1a: Dondozo|Wave Crash|p2a: Suicune\n|-resisted|p2a: Suicune\n|-damage|p2a: Suicune|118/298 slp\n|-damage|p1a: Dondozo|303/362|[from] Recoil\n|\n|-heal|p2a: Suicune|136/298 slp|[from] item: Leftovers\n|upkeep\n|turn|38\n|\n|t:|1781439337\n|cant|p2a: Suicune|slp\n|move|p1a: Dondozo|Wave Crash|p2a: Suicune\n|-resisted|p2a: Suicune\n|-damage|p2a: Suicune|0 fnt\n|faint|p2a: Suicune\n|-damage|p1a: Dondozo|258/362|[from] Recoil\n|\n|upkeep\n|\n|t:|1781439343\n|switch|p2a: Eelektross|Eelektross, L87, M|59/290\n|turn|39\n|\n|t:|1781439345\n|move|p2a: Eelektross|Supercell Slam|p1a: Dondozo\n|-resisted|p1a: Dondozo\n|-damage|p1a: Dondozo|243/362\n|move|p1a: Dondozo|Wave Crash|p2a: Eelektross\n|-damage|p2a: Eelektross|0 fnt\n|faint|p2a: Eelektross\n|-damage|p1a: Dondozo|224/362|[from] Recoil\n|\n|upkeep\n|\n|t:|1781439348\n|switch|p2a: Houndstone|Houndstone, L86, M|264/264 slp\n|turn|40\n|\n|t:|1781439351\n|-curestatus|p2a: Houndstone|slp|[msg]\n|move|p2a: Houndstone|Body Press|p1a: Dondozo\n|-damage|p1a: Dondozo|210/362\n|move|p1a: Dondozo|Wave Crash|p2a: Houndstone\n|-damage|p2a: Houndstone|63/264\n|-damage|p1a: Dondozo|144/362|[from] Recoil\n|\n|upkeep\n|turn|41\n|\n|t:|1781439355\n|move|p2a: Houndstone|Rest|p2a: Houndstone\n|-status|p2a: Houndstone|slp|[from] move: Rest\n|-heal|p2a: Houndstone|264/264 slp|[silent]\n|move|p1a: Dondozo|Wave Crash|p2a: Houndstone\n|-damage|p2a: Houndstone|49/264 slp\n|-damage|p1a: Dondozo|73/362|[from] Recoil\n|\n|upkeep\n|turn|42\n|\n|t:|1781439363\n|switch|p1a: Slaking|Slaking, L84, M|173/389\n|cant|p2a: Houndstone|slp\n|move|p2a: Houndstone|Sleep Talk|p2a: Houndstone\n|move|p2a: Houndstone|Body Press|p1a: Slaking|[from] move: Sleep Talk\n|-supereffective|p1a: Slaking\n|-damage|p1a: Slaking|57/389\n|\n|upkeep\n|turn|43\n|-message|cabrg36 forfeited.\n|\n|win|Qishuuuu\n|raw|Qishuuuu's rating: 1512 &rarr; <strong>1534</strong><br />(+22 for winning)\n|raw|cabrg36's rating: 1548 &rarr; <strong>1526</strong><br />(-22 for losing)\n|l|\u2606cabrg36\n|player|p2|\n", "inputlog": ">version a8376a258c1d4662feba110a92103f3664a72141\n>start {\"formatid\":\"gen9randombattle\",\"seed\":\"sodium,438fbb034d54791454a8f4b0f8ada8e3\",\"rated\":\"Rated battle\"}\n>player p1 {\"name\":\"Qishuuuu\",\"avatar\":\"rosa\",\"rating\":1512,\"seed\":\"sodium,eef22805a444deee094fb965bfd47011\"}\n>player p2 {\"name\":\"cabrg36\",\"avatar\":\"2\",\"rating\":1548,\"seed\":\"sodium,cb716b40a210417f2f79f9e4e372d335\"}\n>p1 move ivycudgel\n>p2 move doubleedge\n>p1 switch 5\n>p1 move bravebird\n>p2 switch 6\n>p1 move bravebird\n>p2 move stoneedge\n>p2 switch 3\n>p1 switch 4\n>p2 move coil\n>p1 move curse terastallize\n>p2 move supercellslam\n>p1 move curse\n>p2 switch 5\n>p1 switch 2\n>p2 move dracometeor\n>p1 move strengthsap\n>p2 move dracometeor\n>p1 switch 4\n>p1 move knockoff\n>p2 switch 6\n>p2 switch 5\n>p1 switch 2\n>p2 move supercellslam\n>p1 switch 2\n>p2 switch 6\n>p1 move knockoff\n>p2 move lusterpurge terastallize\n>p1 switch 6\n>p1 move closecombat\n>p2 move lusterpurge\n>p2 switch 2\n>p1 switch 3\n>p2 move poltergeist\n>p1 move knockoff\n>p2 move bodypress\n>p1 move knockoff\n>p2 move bodypress\n>p1 move knockoff\n>p2 move rest\n>p1 switch 2\n>p2 move sleeptalk\n>p1 move curse\n>p2 move poltergeist\n>p1 move curse\n>p2 switch 6\n>p1 move wavecrash\n>p2 move knockoff\n>p1 move curse\n>p2 switch 4\n>p1 move curse\n>p2 move scald\n>p1 move wavecrash\n>p2 move scald\n>p1 move rest\n>p2 move scald\n>p1 move sleeptalk\n>p2 move scald\n>p1 move sleeptalk\n>p2 move scald\n>p1 move wavecrash\n>p2 move rest\n>p1 move rest\n>p2 move sleeptalk\n>p1 move sleeptalk\n>p2 move sleeptalk\n>p1 move sleeptalk\n>p2 move scald\n>p1 move wavecrash\n>p2 move scald\n>p1 move wavecrash\n>p2 move rest\n>p1 move rest\n>p2 move sleeptalk\n>p1 move sleeptalk\n>p2 move rest\n>p1 move sleeptalk\n>p2 move rest\n>p1 move wavecrash\n>p2 move sleeptalk\n>p1 move wavecrash\n>p2 move rest\n>p2 switch 4\n>p1 move wavecrash\n>p2 move supercellslam\n>p2 switch 6\n>p1 move wavecrash\n>p2 move bodypress\n>p1 move wavecrash\n>p2 move rest\n>p1 switch 2\n>p2 move sleeptalk\n>forcelose p2", "uploadtime": 1781439381, "views": 5, "formatid": "gen9randombattle", "rating": 1526, "private": 0, "password": null, "player_dets": [{"name": "Qishuuuu", "avatar": "rosa", "rating": 1512, "seed": "sodium,eef22805a444deee094fb965bfd47011"}, {"name": "cabrg36", "avatar": "2", "rating": 1548, "seed": "sodium,cb716b40a210417f2f79f9e4e372d335"}], "teams_full": [{"Ogerpon": {"name": "Ogerpon", "species": "Ogerpon-Wellspring", "speciesId": "ogerponwellspring", "gender": "F", "shiny": false, "level": 76, "moves": ["woodhammer", "ivycudgel", "synthesis", "uturn"], "ability": "Water Absorb", "evs": {"hp": 85, "atk": 85, "def": 85, "spa": 85, "spd": 85, "spe": 85}, "ivs": {"hp": 31, "atk": 31, "def": 31, "spa": 31, "spd": 31, "spe": 31}, "item": "Wellspring Mask", "teraType": "Water", "role": "Bulky Attacker", "bvs": {"hp": 80, "atk": 120, "def": 84, "spa": 60, "spd": 96, "spe": 110}, "stats": {"hp": 247, "atk": 226, "def": 172, "spa": 135, "spd": 190, "spe": 211}}, "Vileplume": {"name": "Vileplume", "species": "Vileplume", "speciesId": "vileplume", "gender": "M", "shiny": false, "level": 85, "moves": ["sludgebomb", "strengthsap", "sleeppowder", "gigadrain"], "ability": "Effect Spore", "evs": {"hp": 85, "atk": 0, "def": 85, "spa": 85, "spd": 85, "spe": 85}, "ivs": {"hp": 31, "atk": 0, "def": 31, "spa": 31, "spd": 31, "spe": 31}, "item": "Leftovers", "teraType": "Steel", "role": "Bulky Attacker", "bvs": {"hp": 75, "atk": 80, "def": 85, "spa": 110, "spd": 90, "spe": 50}, "stats": {"hp": 266, "atk": 141, "def": 193, "spa": 236, "spd": 202, "spe": 134}}, "Slaking": {"name": "Slaking", "species": "Slaking", "speciesId": "slaking", "gender": "M", "shiny": false, "level": 84, "moves": ["knockoff", "doubleedge", "gigaimpact", "earthquake"], "ability": "Truant", "evs": {"hp": 85, "atk": 85, "def": 85, "spa": 85, "spd": 85, "spe": 85}, "ivs": {"hp": 31, "atk": 31, "def": 31, "spa": 31, "spd": 31, "spe": 31}, "item": "Choice Band", "teraType": "Ground", "role": "Wallbreaker", "bvs": {"hp": 150, "atk": 160, "def": 100, "spa": 95, "spd": 65, "spe": 100}, "stats": {"hp": 389, "atk": 317, "def": 216, "spa": 208, "spd": 157, "spe": 216}}, "Dondozo": {"name": "Dondozo", "species": "Dondozo", "speciesId": "dondozo", "gender": "F", "shiny": false, "level": 78, "moves": ["rest", "sleeptalk", "curse", "wavecrash"], "ability": "Unaware", "evs": {"hp": 85, "atk": 85, "def": 85, "spa": 85, "spd": 85, "spe": 85}, "ivs": {"hp": 31, "atk": 31, "def": 31, "spa": 31, "spd": 31, "spe": 31}, "item": "Leftovers", "teraType": "Dragon", "role": "Bulky Setup", "bvs": {"hp": 150, "atk": 100, "def": 115, "spa": 65, "spd": 65, "spe": 35}, "stats": {"hp": 362, "atk": 201, "def": 224, "spa": 146, "spd": 146, "spe": 100}}, "Dodrio": {"name": "Dodrio", "species": "Dodrio", "speciesId": "dodrio", "gender": "M", "shiny": false, "level": 85, "moves": ["quickattack", "bravebird", "knockoff", "drillrun"], "ability": "Early Bird", "evs": {"hp": 85, "atk": 85, "def": 85, "spa": 85, "spd": 85, "spe": 85}, "ivs": {"hp": 31, "atk": 31, "def": 31, "spa": 31, "spd": 31, "spe": 31}, "item": "Choice Band", "teraType": "Ground", "role": "Fast Attacker", "bvs": {"hp": 60, "atk": 110, "def": 70, "spa": 60, "spd": 60, "spe": 110}, "stats": {"hp": 241, "atk": 236, "def": 168, "spa": 151, "spd": 151, "spe": 236}}, "Passimian": {"name": "Passimian", "species": "Passimian", "speciesId": "passimian", "gender": "F", "shiny": false, "level": 83, "moves": ["rockslide", "uturn", "closecombat", "knockoff"], "ability": "Defiant", "evs": {"hp": 85, "atk": 85, "def": 85, "spa": 85, "spd": 85, "spe": 85}, "ivs": {"hp": 31, "atk": 31, "def": 31, "spa": 31, "spd": 31, "spe": 31}, "item": "Choice Scarf", "teraType": "Dark", "role": "Fast Attacker", "bvs": {"hp": 100, "atk": 120, "def": 90, "spa": 40, "spd": 60, "spe": 80}, "stats": {"hp": 302, "atk": 247, "def": 197, "spa": 114, "spd": 147, "spe": 180}}}, {"Gumshoos": {"name": "Gumshoos", "species": "Gumshoos", "speciesId": "gumshoos", "gender": "F", "shiny": false, "level": 95, "moves": ["knockoff", "doubleedge", "uturn", "earthquake"], "ability": "Adaptability", "evs": {"hp": 85, "atk": 85, "def": 85, "spa": 85, "spd": 85, "spe": 85}, "ivs": {"hp": 31, "atk": 31, "def": 31, "spa": 31, "spd": 31, "spe": 31}, "item": "Choice Band", "teraType": "Ground", "role": "Fast Attacker", "bvs": {"hp": 88, "atk": 110, "def": 60, "spa": 55, "spd": 60, "spe": 45}, "stats": {"hp": 321, "atk": 263, "def": 168, "spa": 158, "spd": 168, "spe": 139}}, "Houndstone": {"name": "Houndstone", "species": "Houndstone", "speciesId": "houndstone", "gender": "M", "shiny": false, "level": 86, "moves": ["bodypress", "sleeptalk", "poltergeist", "rest"], "ability": "Fluffy", "evs": {"hp": 85, "atk": 85, "def": 85, "spa": 85, "spd": 85, "spe": 85}, "ivs": {"hp": 31, "atk": 31, "def": 31, "spa": 31, "spd": 31, "spe": 31}, "item": "Leftovers", "teraType": "Fighting", "role": "Bulky Support", "bvs": {"hp": 72, "atk": 101, "def": 100, "spa": 50, "spd": 97, "spe": 68}, "stats": {"hp": 264, "atk": 223, "def": 221, "spa": 135, "spd": 216, "spe": 166}}, "Eelektross": {"name": "Eelektross", "species": "Eelektross", "speciesId": "eelektross", "gender": "M", "shiny": false, "level": 87, "moves": ["supercellslam", "coil", "drainpunch", "knockoff"], "ability": "Levitate", "evs": {"hp": 85, "atk": 85, "def": 85, "spa": 85, "spd": 85, "spe": 85}, "ivs": {"hp": 31, "atk": 31, "def": 31, "spa": 31, "spd": 31, "spe": 31}, "item": "Leftovers", "teraType": "Fighting", "role": "Bulky Setup", "bvs": {"hp": 85, "atk": 115, "def": 80, "spa": 105, "spd": 80, "spe": 50}, "stats": {"hp": 290, "atk": 250, "def": 189, "spa": 232, "spd": 189, "spe": 137}}, "Suicune": {"name": "Suicune", "species": "Suicune", "speciesId": "suicune", "gender": "N", "shiny": false, "level": 82, "moves": ["sleeptalk", "calmmind", "scald", "rest"], "ability": "Pressure", "evs": {"hp": 85, "atk": 0, "def": 85, "spa": 85, "spd": 85, "spe": 85}, "ivs": {"hp": 31, "atk": 0, "def": 31, "spa": 31, "spd": 31, "spe": 31}, "item": "Leftovers", "teraType": "Dragon", "role": "Bulky Attacker", "bvs": {"hp": 100, "atk": 75, "def": 115, "spa": 90, "spd": 115, "spe": 85}, "stats": {"hp": 298, "atk": 127, "def": 236, "spa": 195, "spd": 236, "spe": 187}}, "Latios": {"name": "Latios", "species": "Latios", "speciesId": "latios", "gender": "M", "shiny": false, "level": 78, "moves": ["aurasphere", "dracometeor", "flipturn", "lusterpurge"], "ability": "Levitate", "evs": {"hp": 85, "atk": 85, "def": 85, "spa": 85, "spd": 85, "spe": 85}, "ivs": {"hp": 31, "atk": 31, "def": 31, "spa": 31, "spd": 31, "spe": 31}, "item": "Choice Specs", "teraType": "Steel", "role": "Fast Attacker", "bvs": {"hp": 80, "atk": 90, "def": 80, "spa": 130, "spd": 110, "spe": 110}, "stats": {"hp": 253, "atk": 185, "def": 170, "spa": 248, "spd": 217, "spe": 217}}, "Landorus": {"name": "Landorus", "species": "Landorus-Therian", "speciesId": "landorustherian", "gender": "M", "shiny": false, "level": 76, "moves": ["taunt", "stoneedge", "earthquake", "uturn"], "ability": "Intimidate", "evs": {"hp": 85, "atk": 85, "def": 85, "spa": 85, "spd": 85, "spe": 85}, "ivs": {"hp": 31, "atk": 31, "def": 31, "spa": 31, "spd": 31, "spe": 31}, "item": "Leftovers", "teraType": "Water", "role": "Bulky Support", "bvs": {"hp": 89, "atk": 145, "def": 90, "spa": 105, "spd": 80, "spe": 91}, "stats": {"hp": 260, "atk": 264, "def": 181, "spa": 204, "spd": 166, "spe": 182}}}]}