{"id": "gen9randombattle-2631540014", "format": "[Gen 9] Random Battle", "players": ["Lunar Sloth", "magictac1"], "log": "|j|\u2606Lunar Sloth\n|j|\u2606magictac1\n|t:|1781398581\n|gametype|singles\n|player|p1|Lunar Sloth|jupiter|1953\n|player|p2|magictac1|riley|1932\n|gen|9\n|tier|[Gen 9] Random Battle\n|rated|\n|rule|Species Clause: Limit one of each Pok\u00e9mon\n|rule|HP Percentage Mod: HP is shown in percentages\n|rule|Sleep Clause Mod: Limit one foe put to sleep\n|rule|Illusion Level Mod: Illusion disguises the Pok\u00e9mon's true level\n|\n|t:|1781398581\n|teamsize|p1|6\n|teamsize|p2|6\n|start\n|switch|p1a: Spectrier|Spectrier, L75|274/274\n|switch|p2a: Pincurchin|Pincurchin, M|258/258\n|-fieldstart|move: Electric Terrain|[from] ability: Electric Surge|[of] p2a: Pincurchin\n|turn|1\n|\n|t:|1781398592\n|move|p1a: Spectrier|Shadow Ball|p2a: Pincurchin\n|-damage|p2a: Pincurchin|159/258\n|-unboost|p2a: Pincurchin|spd|1\n|-damage|p1a: Spectrier|247/274|[from] item: Life Orb\n|move|p2a: Pincurchin|Zing Zap|p1a: Spectrier\n|-crit|p1a: Spectrier\n|-damage|p1a: Spectrier|0 fnt\n|faint|p1a: Spectrier\n|\n|-heal|p2a: Pincurchin|175/258|[from] item: Leftovers\n|upkeep\n|inactive|Battle timer is ON: inactive players will automatically lose when time's up. (requested by magictac1)\n|\n|t:|1781398604\n|switch|p1a: Alcremie|Alcremie-Caramel-Swirl, L90, F|263/263\n|turn|2\n|\n|t:|1781398617\n|move|p1a: Alcremie|Alluring Voice|p2a: Pincurchin\n|-damage|p2a: Pincurchin|22/258\n|move|p2a: Pincurchin|Zing Zap|p1a: Alcremie\n|-damage|p1a: Alcremie|91/263\n|\n|-heal|p1a: Alcremie|107/263|[from] item: Leftovers\n|-heal|p2a: Pincurchin|38/258|[from] item: Leftovers\n|upkeep\n|turn|3\n|\n|t:|1781398624\n|move|p1a: Alcremie|Recover|p1a: Alcremie\n|-heal|p1a: Alcremie|239/263\n|move|p2a: Pincurchin|Zing Zap|p1a: Alcremie\n|-damage|p1a: Alcremie|82/263\n|\n|-heal|p1a: Alcremie|98/263|[from] item: Leftovers\n|-heal|p2a: Pincurchin|54/258|[from] item: Leftovers\n|upkeep\n|turn|4\n|\n|t:|1781398627\n|move|p1a: Alcremie|Alluring Voice|p2a: Pincurchin\n|-damage|p2a: Pincurchin|0 fnt\n|faint|p2a: Pincurchin\n|\n|-heal|p1a: Alcremie|114/263|[from] item: Leftovers\n|upkeep\n|\n|t:|1781398629\n|switch|p2a: Venomoth|Venomoth, L84, F|255/255\n|turn|5\n|\n|t:|1781398652\n|move|p2a: Venomoth|Sludge Wave|p1a: Alcremie\n|-supereffective|p1a: Alcremie\n|-damage|p1a: Alcremie|0 fnt\n|faint|p1a: Alcremie\n|\n|-fieldend|move: Electric Terrain\n|upkeep\n|\n|t:|1781398659\n|switch|p1a: Cloyster|Cloyster, L80, F|211/211\n|turn|6\n|\n|t:|1781398675\n|switch|p2a: Porygon2|Porygon2, L81|270/270\n|-ability|p2a: Porygon2|Download|boost\n|-boost|p2a: Porygon2|spa|1\n|move|p1a: Cloyster|Shell Smash|p1a: Cloyster\n|-unboost|p1a: Cloyster|def|1\n|-unboost|p1a: Cloyster|spd|1\n|-boost|p1a: Cloyster|atk|2\n|-boost|p1a: Cloyster|spa|2\n|-boost|p1a: Cloyster|spe|2\n|-enditem|p1a: Cloyster|White Herb\n|-clearnegativeboost|p1a: Cloyster|[silent]\n|\n|upkeep\n|turn|7\n|inactive|Lunar Sloth has 120 seconds left.\n|\n|t:|1781398699\n|-terastallize|p1a: Cloyster|Ground\n|move|p1a: Cloyster|Icicle Spear|p2a: Porygon2\n|-damage|p2a: Porygon2|233/270\n|-damage|p2a: Porygon2|202/270\n|-damage|p2a: Porygon2|166/270\n|-crit|p2a: Porygon2\n|-damage|p2a: Porygon2|117/270\n|-damage|p2a: Porygon2|84/270\n|-hitcount|p2a: Porygon2|5\n|move|p2a: Porygon2|Discharge|p1a: Cloyster\n|-immune|p1a: Cloyster\n|\n|upkeep\n|turn|8\n|inactive|Lunar Sloth has 120 seconds left.\n|l|\u2606magictac1\n|inactive|magictac1 disconnected and has a minute to reconnect!\n|player|p2|\n|inactive|magictac1 has 30 seconds to reconnect!\n|inactive|magictac1 has 20 seconds to reconnect!\n|inactive|magictac1 has 15 seconds to reconnect!\n|inactive|magictac1 has 10 seconds to reconnect!\n|inactive|magictac1 has 5 seconds to reconnect!\n|-message|magictac1 lost due to inactivity.\n|\n|win|Lunar Sloth\n|raw|Lunar Sloth's rating: 1953 &rarr; <strong>1972</strong><br />(+19 for winning)\n|raw|magictac1's rating: 1932 &rarr; <strong>1913</strong><br />(-19 for losing)\n", "inputlog": ">version a8376a258c1d4662feba110a92103f3664a72141\n>start {\"formatid\":\"gen9randombattle\",\"seed\":\"sodium,566f867fc89d81f5b7cac22484fe4a7d\",\"rated\":\"Rated battle\"}\n>player p1 {\"name\":\"Lunar Sloth\",\"avatar\":\"jupiter\",\"rating\":1953,\"seed\":\"sodium,0859df2ccf03ad1e483c43bb3477c358\"}\n>player p2 {\"name\":\"magictac1\",\"avatar\":\"riley\",\"rating\":1932,\"seed\":\"sodium,1ea0d9aa0a3da856452b9ac415061ecd\"}\n>p1 move shadowball\n>p2 move zingzap\n>p1 switch 5\n>p1 move alluringvoice\n>p2 move zingzap\n>p1 move recover\n>p2 move zingzap\n>p1 move alluringvoice\n>p2 move zingzap\n>p2 switch 4\n>p1 move psyshock\n>p2 move sludgewave\n>p1 switch 4\n>p1 move shellsmash\n>p2 switch 3\n>p1 move iciclespear terastallize\n>p2 move discharge\n>forcelose p2", "uploadtime": 1781398583, "views": 5, "formatid": "gen9randombattle", "rating": 1913, "private": 0, "password": null}