{"id": "gen9randombattle-2631956650", "format": "[Gen 9] Random Battle", "players": ["Tokinada_Purple", "arthuria_lily"], "log": "|j|\u2606Tokinada_Purple\n|j|\u2606arthuria_lily\n|t:|1781459749\n|gametype|singles\n|player|p1|Tokinada_Purple|2|\n|player|p2|arthuria_lily|cynthia-gen4|\n|gen|9\n|tier|[Gen 9] Random Battle\n|rule|Species Clause: Limit one of each Pok\u00e9mon\n|rule|HP Percentage Mod: HP is shown in percentages\n|rule|Sleep Clause Mod: Limit one foe put to sleep\n|rule|Illusion Level Mod: Illusion disguises the Pok\u00e9mon's true level\n|\n|t:|1781459749\n|teamsize|p1|6\n|teamsize|p2|6\n|start\n|switch|p1a: Falinks|Falinks, L84|246/246\n|switch|p2a: Salamence|Salamence, L77, M|273/273\n|-ability|p2a: Salamence|Intimidate|boost\n|-unboost|p1a: Falinks|atk|1\n|-ability|p1a: Falinks|Defiant|boost\n|-boost|p1a: Falinks|atk|2\n|turn|1\n|\n|t:|1781459785\n|move|p2a: Salamence|Dragon Dance|p2a: Salamence\n|-boost|p2a: Salamence|atk|1\n|-boost|p2a: Salamence|spe|1\n|move|p1a: Falinks|Knock Off|p2a: Salamence\n|-damage|p2a: Salamence|101/273\n|-enditem|p2a: Salamence|Heavy-Duty Boots|[from] move: Knock Off|[of] p1a: Falinks\n|-damage|p1a: Falinks|222/246|[from] item: Life Orb\n|\n|upkeep\n|turn|2\n|\n|t:|1781459795\n|move|p2a: Salamence|Dual Wingbeat|p1a: Falinks\n|-supereffective|p1a: Falinks\n|-damage|p1a: Falinks|94/246\n|-supereffective|p1a: Falinks\n|-damage|p1a: Falinks|0 fnt\n|faint|p1a: Falinks\n|-hitcount|p1: Falinks|2\n|\n|upkeep\n|\n|t:|1781459832\n|switch|p1a: Jumpluff|Jumpluff, L87, F|271/271\n|turn|3\n|\n|t:|1781459845\n|-terastallize|p1a: Jumpluff|Steel\n|move|p2a: Salamence|Dragon Dance|p2a: Salamence\n|-boost|p2a: Salamence|atk|1\n|-boost|p2a: Salamence|spe|1\n|move|p1a: Jumpluff|Sleep Powder|p2a: Salamence\n|-status|p2a: Salamence|slp|[from] move: Sleep Powder\n|\n|upkeep\n|turn|4\n|\n|t:|1781459859\n|cant|p2a: Salamence|slp\n|move|p1a: Jumpluff|Acrobatics|p2a: Salamence\n|-damage|p2a: Salamence|8/273 slp\n|\n|upkeep\n|turn|5\n|\n|t:|1781459875\n|switch|p2a: Grimmsnarl|Grimmsnarl, L83, M|293/293\n|move|p1a: Jumpluff|Acrobatics|p2a: Grimmsnarl\n|-damage|p2a: Grimmsnarl|194/293\n|\n|upkeep\n|turn|6\n|\n|t:|1781459881\n|move|p2a: Grimmsnarl|Light Screen|p2a: Grimmsnarl\n|-sidestart|p2: arthuria_lily|move: Light Screen\n|move|p1a: Jumpluff|Sleep Powder|p2a: Grimmsnarl\n|-message|Sleep Clause Mod activated.\n|-hint|Sleep Clause Mod prevents players from putting more than one of their opponent's Pok\u00e9mon to sleep at a time\n|\n|upkeep\n|turn|7\n|\n|t:|1781459906\n|move|p2a: Grimmsnarl|Reflect|p2a: Grimmsnarl\n|-sidestart|p2: arthuria_lily|Reflect\n|move|p1a: Jumpluff|Acrobatics|p2a: Grimmsnarl\n|-damage|p2a: Grimmsnarl|100/293\n|\n|upkeep\n|turn|8\n|\n|t:|1781459918\n|move|p1a: Jumpluff|U-turn|p2a: Grimmsnarl\n|-damage|p2a: Grimmsnarl|53/293\n|\n|t:|1781459928\n|switch|p1a: Zangoose|Zangoose, L85, M|263/263|[from] U-turn\n|move|p2a: Grimmsnarl|Spirit Break|p1a: Zangoose\n|-damage|p1a: Zangoose|151/263\n|-unboost|p1a: Zangoose|spa|1\n|\n|-status|p1a: Zangoose|tox|[from] item: Toxic Orb\n|upkeep\n|turn|9\n|\n|t:|1781459939\n|move|p2a: Grimmsnarl|Parting Shot|p1a: Zangoose\n|-unboost|p1a: Zangoose|atk|1\n|-unboost|p1a: Zangoose|spa|1\n|\n|t:|1781459947\n|switch|p2a: Mimikyu|Mimikyu, L79, F|216/216|[from] Parting Shot\n|move|p1a: Zangoose|Swords Dance|p1a: Zangoose\n|-boost|p1a: Zangoose|atk|2\n|\n|-damage|p1a: Zangoose|135/263 tox|[from] psn\n|upkeep\n|turn|10\n|\n|t:|1781459958\n|move|p1a: Zangoose|Knock Off|p2a: Mimikyu\n|-activate|p2a: Mimikyu|ability: Disguise\n|-damage|p2a: Mimikyu|216/216\n|-enditem|p2a: Mimikyu|Life Orb|[from] move: Knock Off|[of] p1a: Zangoose\n|detailschange|p2a: Mimikyu|Mimikyu-Busted, L79, F\n|-damage|p2a: Mimikyu|189/216|[from] pokemon: Mimikyu-Busted\n|move|p2a: Mimikyu|Swords Dance|p2a: Mimikyu\n|-boost|p2a: Mimikyu|atk|2\n|\n|-damage|p1a: Zangoose|103/263 tox|[from] psn\n|upkeep\n|turn|11\n|\n|t:|1781459972\n|move|p1a: Zangoose|Knock Off|p2a: Mimikyu\n|-damage|p2a: Mimikyu|123/216\n|move|p2a: Mimikyu|Swords Dance|p2a: Mimikyu\n|-boost|p2a: Mimikyu|atk|2\n|\n|-damage|p1a: Zangoose|55/263 tox|[from] psn\n|upkeep\n|turn|12\n|\n|t:|1781459988\n|move|p1a: Zangoose|Swords Dance|p1a: Zangoose\n|-boost|p1a: Zangoose|atk|2\n|move|p2a: Mimikyu|Swords Dance|p2a: Mimikyu\n|-boost|p2a: Mimikyu|atk|2\n|\n|-damage|p1a: Zangoose|0 fnt|[from] psn\n|faint|p1a: Zangoose\n|upkeep\n|\n|t:|1781459998\n|switch|p1a: Houndstone|Houndstone, L86, M|264/264\n|turn|13\n|\n|t:|1781460008\n|-terastallize|p2a: Mimikyu|Fairy\n|move|p2a: Mimikyu|Play Rough|p1a: Houndstone|[miss]\n|-miss|p2a: Mimikyu|p1a: Houndstone\n|move|p1a: Houndstone|Poltergeist||[still]\n|-fail|p1a: Houndstone\n|\n|-sideend|p2: arthuria_lily|move: Light Screen\n|upkeep\n|turn|14\n|\n|t:|1781460030\n|move|p2a: Mimikyu|Shadow Claw|p1a: Houndstone\n|-supereffective|p1a: Houndstone\n|-damage|p1a: Houndstone|60/264\n|move|p1a: Houndstone|Body Press|p2a: Mimikyu\n|-resisted|p2a: Mimikyu\n|-damage|p2a: Mimikyu|107/216\n|\n|-heal|p1a: Houndstone|76/264|[from] item: Leftovers\n|-sideend|p2: arthuria_lily|Reflect\n|upkeep\n|turn|15\n|\n|t:|1781460040\n|move|p2a: Mimikyu|Shadow Sneak|p1a: Houndstone\n|-supereffective|p1a: Houndstone\n|-damage|p1a: Houndstone|0 fnt\n|faint|p1a: Houndstone\n|\n|upkeep\n|\n|t:|1781460046\n|switch|p1a: Jumpluff|Jumpluff, L87, F, tera:Steel|271/271\n|turn|16\n|\n|t:|1781460053\n|move|p2a: Mimikyu|Shadow Sneak|p1a: Jumpluff\n|-damage|p1a: Jumpluff|112/271\n|move|p1a: Jumpluff|Sleep Powder|p2a: Mimikyu\n|-message|Sleep Clause Mod activated.\n|-hint|Sleep Clause Mod prevents players from putting more than one of their opponent's Pok\u00e9mon to sleep at a time\n|\n|upkeep\n|turn|17\n|\n|t:|1781460062\n|move|p1a: Jumpluff|Strength Sap|p2a: Mimikyu\n|-unboost|p2a: Mimikyu|atk|1\n|-heal|p1a: Jumpluff|271/271\n|move|p2a: Mimikyu|Play Rough|p1a: Jumpluff\n|-resisted|p1a: Jumpluff\n|-damage|p1a: Jumpluff|49/271\n|\n|upkeep\n|turn|18\n|\n|t:|1781460078\n|move|p1a: Jumpluff|Sleep Powder|p2a: Mimikyu|[miss]\n|-miss|p1a: Jumpluff|p2a: Mimikyu\n|move|p2a: Mimikyu|Shadow Claw|p1a: Jumpluff\n|-damage|p1a: Jumpluff|0 fnt\n|faint|p1a: Jumpluff\n|\n|upkeep\n|\n|t:|1781460085\n|switch|p1a: Slaking|Slaking, L84, F|389/389\n|turn|19\n|\n|t:|1781460099\n|move|p1a: Slaking|Earthquake|p2a: Mimikyu\n|-damage|p2a: Mimikyu|0 fnt\n|faint|p2a: Mimikyu\n|\n|upkeep\n|\n|t:|1781460104\n|switch|p2a: Grimmsnarl|Grimmsnarl, L83, M|53/293\n|turn|20\n|\n|t:|1781460119\n|cant|p1a: Slaking|ability: Truant\n|move|p2a: Grimmsnarl|Spirit Break|p1a: Slaking\n|-damage|p1a: Slaking|302/389\n|-unboost|p1a: Slaking|spa|1\n|\n|upkeep\n|turn|21\n|\n|t:|1781460126\n|move|p2a: Grimmsnarl|Parting Shot|p1a: Slaking\n|-unboost|p1a: Slaking|atk|1\n|-unboost|p1a: Slaking|spa|1\n|\n|t:|1781460130\n|switch|p2a: Smeargle|Smeargle, L95, M|258/258|[from] Parting Shot\n|move|p1a: Slaking|Earthquake|p2a: Smeargle\n|-damage|p2a: Smeargle|84/258\n|\n|upkeep\n|turn|22\n|\n|t:|1781460138\n|cant|p1a: Slaking|ability: Truant\n|move|p2a: Smeargle|Spore|p1a: Slaking\n|-status|p1a: Slaking|slp|[from] move: Spore\n|\n|upkeep\n|turn|23\n|\n|t:|1781460145\n|cant|p1a: Slaking|slp\n|move|p2a: Smeargle|Shell Smash|p2a: Smeargle\n|-unboost|p2a: Smeargle|def|1\n|-unboost|p2a: Smeargle|spd|1\n|-boost|p2a: Smeargle|atk|2\n|-boost|p2a: Smeargle|spa|2\n|-boost|p2a: Smeargle|spe|2\n|\n|upkeep\n|turn|24\n|\n|t:|1781460155\n|move|p2a: Smeargle|Power Trip|p1a: Slaking\n|-crit|p1a: Slaking\n|-damage|p1a: Slaking|165/389 slp\n|-curestatus|p1a: Slaking|slp|[msg]\n|move|p1a: Slaking|Earthquake|p2a: Smeargle\n|-damage|p2a: Smeargle|0 fnt\n|faint|p2a: Smeargle\n|\n|upkeep\n|\n|t:|1781460165\n|switch|p2a: Zebstrika|Zebstrika, L87, M|272/272\n|turn|25\n|\n|t:|1781460173\n|move|p2a: Zebstrika|Supercell Slam|p1a: Slaking\n|-damage|p1a: Slaking|23/389\n|-damage|p2a: Zebstrika|245/272|[from] item: Life Orb\n|cant|p1a: Slaking|ability: Truant\n|\n|upkeep\n|turn|26\n|\n|t:|1781460183\n|move|p2a: Zebstrika|Volt Switch|p1a: Slaking\n|-damage|p1a: Slaking|0 fnt\n|faint|p1a: Slaking\n|-damage|p2a: Zebstrika|218/272|[from] item: Life Orb\n|\n|t:|1781460186\n|switch|p2a: Salamence|Salamence, L77, M|8/273 slp|[from] Volt Switch\n|\n|upkeep\n|\n|t:|1781460191\n|switch|p1a: Kingambit|Kingambit, L74, F|270/270\n|-activate|p1a: Kingambit|ability: Supreme Overlord\n|-start|p1a: Kingambit|fallen5|[silent]\n|turn|27\n|\n|t:|1781460201\n|move|p1a: Kingambit|Sucker Punch|p2a: Salamence\n|-damage|p2a: Salamence|0 fnt\n|faint|p2a: Salamence\n|\n|upkeep\n|\n|t:|1781460213\n|switch|p2a: Grimmsnarl|Grimmsnarl, L83, M|53/293\n|turn|28\n|\n|t:|1781460218\n|move|p2a: Grimmsnarl|Light Screen|p2a: Grimmsnarl\n|-sidestart|p2: arthuria_lily|move: Light Screen\n|move|p1a: Kingambit|Swords Dance|p1a: Kingambit\n|-boost|p1a: Kingambit|atk|2\n|\n|upkeep\n|turn|29\n|\n|t:|1781460223\n|move|p2a: Grimmsnarl|Reflect|p2a: Grimmsnarl\n|-sidestart|p2: arthuria_lily|Reflect\n|move|p1a: Kingambit|Swords Dance|p1a: Kingambit\n|-boost|p1a: Kingambit|atk|2\n|\n|upkeep\n|turn|30\n|\n|t:|1781460242\n|move|p2a: Grimmsnarl|Parting Shot|p1a: Kingambit\n|-hint|Since gen 7, Dark is immune to Prankster moves.\n|-immune|p1a: Kingambit\n|move|p1a: Kingambit|Sucker Punch||[still]\n|-fail|p1a: Kingambit\n|\n|upkeep\n|turn|31\n|\n|t:|1781460248\n|move|p2a: Grimmsnarl|Parting Shot|p1a: Kingambit\n|-hint|Since gen 7, Dark is immune to Prankster moves.\n|-immune|p1a: Kingambit\n|move|p1a: Kingambit|Swords Dance|p1a: Kingambit\n|-boost|p1a: Kingambit|atk|2\n|\n|upkeep\n|turn|32\n|\n|t:|1781460262\n|switch|p2a: Zebstrika|Zebstrika, L87, M|218/272\n|move|p1a: Kingambit|Kowtow Cleave|p2a: Zebstrika\n|-damage|p2a: Zebstrika|0 fnt\n|faint|p2a: Zebstrika\n|\n|upkeep\n|\n|t:|1781460267\n|switch|p2a: Grimmsnarl|Grimmsnarl, L83, M|53/293\n|turn|33\n|\n|t:|1781460271\n|move|p2a: Grimmsnarl|Spirit Break|p1a: Kingambit\n|-damage|p1a: Kingambit|188/270\n|-unboost|p1a: Kingambit|spa|1\n|move|p1a: Kingambit|Iron Head|p2a: Grimmsnarl\n|-supereffective|p2a: Grimmsnarl\n|-damage|p2a: Grimmsnarl|0 fnt\n|faint|p2a: Grimmsnarl\n|\n|-heal|p1a: Kingambit|204/270|[from] item: Leftovers\n|upkeep\n|\n|t:|1781460278\n|switch|p2a: Dialga|Dialga, L73|266/266\n|-ability|p2a: Dialga|Pressure\n|turn|34\n|\n|t:|1781460296\n|move|p2a: Dialga|Fire Blast|p1a: Kingambit\n|-supereffective|p1a: Kingambit\n|-damage|p1a: Kingambit|18/270\n|move|p1a: Kingambit|Kowtow Cleave|p2a: Dialga\n|-damage|p2a: Dialga|41/266\n|\n|-heal|p1a: Kingambit|34/270|[from] item: Leftovers\n|upkeep\n|turn|35\n|\n|t:|1781460303\n|move|p1a: Kingambit|Sucker Punch|p2a: Dialga\n|-damage|p2a: Dialga|0 fnt\n|faint|p2a: Dialga\n|\n|win|Tokinada_Purple\n", "inputlog": ">version a8376a258c1d4662feba110a92103f3664a72141\n>start {\"formatid\":\"gen9randombattle\",\"seed\":\"sodium,56c1f17fd258dfaadd7953bacedd6372\"}\n>player p1 {\"name\":\"Tokinada_Purple\",\"avatar\":\"2\",\"rating\":0,\"seed\":\"sodium,d90040a8dbc96efd7ffa0b0fd1d55d5c\"}\n>player p2 {\"name\":\"arthuria_lily\",\"avatar\":\"cynthia-gen4\",\"rating\":0,\"seed\":\"sodium,4264e73a732d54fab191681ade6faecf\"}\n>p1 move knockoff\n>p2 move dragondance\n>p1 move noretreat\n>p2 move dualwingbeat\n>p1 switch 6\n>p1 move sleeppowder terastallize\n>p2 move dragondance\n>p1 move acrobatics\n>p2 move earthquake\n>p1 move acrobatics\n>p2 switch 3\n>p1 move sleeppowder\n>p2 move lightscreen\n>p1 move acrobatics\n>p2 move reflect\n>p1 move uturn\n>p2 move spiritbreak\n>p1 switch 4\n>p1 move swordsdance\n>p2 move partingshot\n>p2 switch 6\n>p1 move knockoff\n>p2 move swordsdance\n>p1 move knockoff\n>p2 move swordsdance\n>p1 move swordsdance\n>p2 move swordsdance\n>p1 switch 5\n>p1 move poltergeist\n>p2 move playrough terastallize\n>p1 move bodypress\n>p2 move shadowclaw\n>p1 move rest\n>p2 move shadowsneak\n>p1 switch 4\n>p1 move sleeppowder\n>p2 move shadowsneak\n>p1 move strengthsap\n>p2 move playrough\n>p1 move sleeppowder\n>p2 move shadowclaw\n>p1 switch 2\n>p1 move earthquake\n>p2 move playrough\n>p2 switch 6\n>p1 move earthquake\n>p2 move spiritbreak\n>p1 move earthquake\n>p2 move partingshot\n>p2 switch 5\n>p1 move earthquake\n>p2 move spore\n>p1 move earthquake\n>p2 move shellsmash\n>p1 move earthquake\n>p2 move powertrip\n>p2 switch 4\n>p1 move earthquake\n>p2 move supercellslam\n>p1 move earthquake\n>p2 move voltswitch\n>p2 switch 3\n>p1 switch 3\n>p1 move suckerpunch\n>p2 move dualwingbeat\n>p2 switch 5\n>p1 move swordsdance\n>p2 move lightscreen\n>p1 move swordsdance\n>p2 move reflect\n>p1 move suckerpunch\n>p2 move partingshot\n>p1 move swordsdance\n>p2 move partingshot\n>p1 move kowtowcleave\n>p2 switch 3\n>p2 switch 3\n>p1 move ironhead\n>p2 move spiritbreak\n>p2 switch 2\n>p1 move kowtowcleave\n>p2 move fireblast\n>p1 move suckerpunch\n>p2 move fireblast", "uploadtime": 1781460310, "views": 6, "formatid": "gen9randombattle", "rating": null, "private": 0, "password": null}