{"id": "gen9randombattle-2631990406", "format": "[Gen 9] Random Battle", "players": ["Strokefish", "Malog7"], "log": "|j|\u2606Strokefish\n|j|\u2606Malog7\n|t:|1781463428\n|gametype|singles\n|player|p1|Strokefish|102|2021\n|player|p2|Malog7|steven|1986\n|gen|9\n|tier|[Gen 9] Random Battle\n|rated|\n|rule|Species Clause: Limit one of each Pok\u00e9mon\n|rule|HP Percentage Mod: HP is shown in percentages\n|rule|Sleep Clause Mod: Limit one foe put to sleep\n|rule|Illusion Level Mod: Illusion disguises the Pok\u00e9mon's true level\n|\n|t:|1781463428\n|teamsize|p1|6\n|teamsize|p2|6\n|start\n|switch|p1a: Drednaw|Drednaw, L81, F|278/278\n|switch|p2a: Sudowoodo|Sudowoodo, L94, M|284/284\n|turn|1\n|inactive|Battle timer is ON: inactive players will automatically lose when time's up. (requested by Malog7)\n|\n|t:|1781463442\n|move|p1a: Drednaw|Liquidation|p2a: Sudowoodo\n|-supereffective|p2a: Sudowoodo\n|-damage|p2a: Sudowoodo|140/284\n|move|p2a: Sudowoodo|Stealth Rock|p1a: Drednaw\n|-sidestart|p1: Strokefish|move: Stealth Rock\n|\n|-heal|p2a: Sudowoodo|157/284|[from] item: Leftovers\n|upkeep\n|turn|2\n|\n|t:|1781463448\n|move|p1a: Drednaw|Shell Smash|p1a: Drednaw\n|-unboost|p1a: Drednaw|def|1\n|-unboost|p1a: Drednaw|spd|1\n|-boost|p1a: Drednaw|atk|2\n|-boost|p1a: Drednaw|spa|2\n|-boost|p1a: Drednaw|spe|2\n|-enditem|p1a: Drednaw|White Herb\n|-clearnegativeboost|p1a: Drednaw|[silent]\n|move|p2a: Sudowoodo|Wood Hammer|p1a: Drednaw\n|-supereffective|p1a: Drednaw\n|-damage|p1a: Drednaw|0 fnt\n|faint|p1a: Drednaw\n|\n|-heal|p2a: Sudowoodo|174/284|[from] item: Leftovers\n|upkeep\n|\n|t:|1781463463\n|switch|p1a: Volcanion|Volcanion, L79|255/255\n|-damage|p1a: Volcanion|192/255|[from] Stealth Rock\n|turn|3\n|\n|t:|1781463469\n|switch|p2a: Hypno|Hypno, L95, M|315/315\n|move|p1a: Volcanion|Steam Eruption|p2a: Hypno\n|-damage|p2a: Hypno|213/315\n|\n|-heal|p2a: Hypno|232/315|[from] item: Leftovers\n|upkeep\n|turn|4\n|\n|t:|1781463476\n|switch|p1a: Klefki|Klefki, L84, F|233/233\n|-damage|p1a: Klefki|219/233|[from] Stealth Rock\n|move|p2a: Hypno|Knock Off|p1a: Klefki\n|-resisted|p1a: Klefki\n|-damage|p1a: Klefki|184/233\n|-enditem|p1a: Klefki|Leftovers|[from] move: Knock Off|[of] p2a: Hypno\n|\n|-heal|p2a: Hypno|251/315|[from] item: Leftovers\n|upkeep\n|turn|5\n|\n|t:|1781463483\n|switch|p2a: Samurott|Samurott, L88, M|310/310\n|move|p1a: Klefki|Spikes|p2a: Samurott\n|-sidestart|p2: Malog7|Spikes\n|\n|upkeep\n|turn|6\n|\n|t:|1781463493\n|move|p1a: Klefki|Spikes|p2a: Samurott\n|-sidestart|p2: Malog7|Spikes\n|move|p2a: Samurott|Sacred Sword|p1a: Klefki\n|-damage|p1a: Klefki|116/233\n|\n|upkeep\n|turn|7\n|\n|t:|1781463500\n|move|p1a: Klefki|Spikes|p2a: Samurott\n|-sidestart|p2: Malog7|Spikes\n|move|p2a: Samurott|Hydro Pump|p1a: Klefki\n|-damage|p1a: Klefki|0 fnt\n|faint|p1a: Klefki\n|\n|upkeep\n|\n|t:|1781463512\n|switch|p1a: Comfey|Comfey, L85, F|225/225\n|-damage|p1a: Comfey|197/225|[from] Stealth Rock\n|turn|8\n|\n|t:|1781463516\n|move|p1a: Comfey|Calm Mind|p1a: Comfey\n|-boost|p1a: Comfey|spa|1\n|-boost|p1a: Comfey|spd|1\n|move|p2a: Samurott|Knock Off|p1a: Comfey\n|-resisted|p1a: Comfey\n|-damage|p1a: Comfey|161/225\n|-enditem|p1a: Comfey|Leftovers|[from] move: Knock Off|[of] p2a: Samurott\n|\n|upkeep\n|turn|9\n|\n|t:|1781463521\n|switch|p2a: Hypno|Hypno, L95, M|251/315\n|-damage|p2a: Hypno|173/315|[from] Spikes\n|move|p1a: Comfey|Calm Mind|p1a: Comfey\n|-boost|p1a: Comfey|spa|1\n|-boost|p1a: Comfey|spd|1\n|\n|-heal|p2a: Hypno|192/315|[from] item: Leftovers\n|upkeep\n|turn|10\n|\n|t:|1781463528\n|-terastallize|p1a: Comfey|Steel\n|move|p1a: Comfey|Draining Kiss|p2a: Hypno\n|-crit|p2a: Hypno\n|-damage|p2a: Hypno|83/315\n|-heal|p1a: Comfey|225/225|[from] drain|[of] p2a: Hypno\n|move|p2a: Hypno|Toxic|p1a: Comfey\n|-immune|p1a: Comfey\n|\n|-heal|p2a: Hypno|102/315|[from] item: Leftovers\n|upkeep\n|turn|11\n|\n|t:|1781463542\n|move|p1a: Comfey|Calm Mind|p1a: Comfey\n|-boost|p1a: Comfey|spa|1\n|-boost|p1a: Comfey|spd|1\n|move|p2a: Hypno|Encore|p1a: Comfey\n|-start|p1a: Comfey|Encore\n|\n|-heal|p2a: Hypno|121/315|[from] item: Leftovers\n|upkeep\n|turn|12\n|\n|t:|1781463546\n|switch|p2a: Samurott|Samurott, L88, M|310/310\n|-damage|p2a: Samurott|233/310|[from] Spikes\n|move|p1a: Comfey|Calm Mind|p1a: Comfey\n|-boost|p1a: Comfey|spa|1\n|-boost|p1a: Comfey|spd|1\n|\n|upkeep\n|turn|13\n|\n|t:|1781463566\n|switch|p1a: Mabosstiff|Mabosstiff, L86, M|278/278\n|-damage|p1a: Mabosstiff|244/278|[from] Stealth Rock\n|move|p2a: Samurott|Sacred Sword|p1a: Mabosstiff\n|-supereffective|p1a: Mabosstiff\n|-damage|p1a: Mabosstiff|94/278\n|\n|upkeep\n|turn|14\n|\n|t:|1781463576\n|move|p1a: Mabosstiff|Wild Charge|p2a: Samurott\n|-supereffective|p2a: Samurott\n|-damage|p2a: Samurott|0 fnt\n|faint|p2a: Samurott\n|-damage|p1a: Mabosstiff|36/278|[from] Recoil\n|\n|upkeep\n|\n|t:|1781463593\n|switch|p2a: Flygon|Flygon, L82, M|265/265\n|turn|15\n|\n|t:|1781463603\n|switch|p1a: Staraptor|Staraptor, L79, M|263/263\n|-damage|p1a: Staraptor|198/263|[from] Stealth Rock\n|move|p2a: Flygon|Earthquake|p1a: Staraptor\n|-immune|p1a: Staraptor\n|\n|upkeep\n|turn|16\n|\n|t:|1781463607\n|switch|p2a: Hypno|Hypno, L95, M|121/315\n|-damage|p2a: Hypno|43/315|[from] Spikes\n|move|p1a: Staraptor|Brave Bird|p2a: Hypno\n|-damage|p2a: Hypno|0 fnt\n|faint|p2a: Hypno\n|-damage|p1a: Staraptor|184/263|[from] Recoil\n|\n|upkeep\n|\n|t:|1781463612\n|switch|p2a: Sudowoodo|Sudowoodo, L94, M|174/284\n|-damage|p2a: Sudowoodo|103/284|[from] Spikes\n|turn|17\n|\n|t:|1781463617\n|move|p1a: Staraptor|Brave Bird|p2a: Sudowoodo\n|-resisted|p2a: Sudowoodo\n|-damage|p2a: Sudowoodo|17/284\n|-damage|p1a: Staraptor|156/263|[from] Recoil\n|move|p2a: Sudowoodo|Head Smash|p1a: Staraptor\n|-supereffective|p1a: Staraptor\n|-damage|p1a: Staraptor|0 fnt\n|faint|p1a: Staraptor\n|\n|-heal|p2a: Sudowoodo|34/284|[from] item: Leftovers\n|upkeep\n|\n|t:|1781463625\n|switch|p1a: Comfey|Comfey, L85, F, tera:Steel|225/225\n|-damage|p1a: Comfey|211/225|[from] Stealth Rock\n|turn|18\n|\n|t:|1781463637\n|switch|p2a: Sawsbuck|Sawsbuck, L88, M|284/284\n|-damage|p2a: Sawsbuck|213/284|[from] Spikes\n|move|p1a: Comfey|Calm Mind|p1a: Comfey\n|-boost|p1a: Comfey|spa|1\n|-boost|p1a: Comfey|spd|1\n|\n|upkeep\n|turn|19\n|\n|t:|1781463643\n|-terastallize|p2a: Sawsbuck|Ground\n|move|p1a: Comfey|Calm Mind|p1a: Comfey\n|-boost|p1a: Comfey|spa|1\n|-boost|p1a: Comfey|spd|1\n|move|p2a: Sawsbuck|High Horsepower|p1a: Comfey\n|-supereffective|p1a: Comfey\n|-damage|p1a: Comfey|0 fnt\n|faint|p1a: Comfey\n|-damage|p2a: Sawsbuck|185/284|[from] item: Life Orb\n|\n|upkeep\n|-message|Strokefish forfeited.\n|\n|win|Malog7\n", "inputlog": ">version a8376a258c1d4662feba110a92103f3664a72141\n>start {\"formatid\":\"gen9randombattle\",\"seed\":\"sodium,e6345bd02f7c3a5efe1a93f32287f4a8\",\"rated\":\"Rated battle\"}\n>player p1 {\"name\":\"Strokefish\",\"avatar\":\"102\",\"rating\":2021,\"seed\":\"sodium,09290b53af87f582fd60f4614d9d1bea\"}\n>player p2 {\"name\":\"Malog7\",\"avatar\":\"steven\",\"rating\":1986,\"seed\":\"sodium,c8bb40a646466d93777c0b45025e9d51\"}\n>p1 move liquidation\n>p2 move stealthrock\n>p1 move shellsmash\n>p2 move woodhammer\n>p1 switch 2\n>p1 move steameruption\n>p2 switch 2\n>p1 switch 3\n>p2 move knockoff\n>p1 move spikes\n>p2 switch 5\n>p1 move spikes\n>p2 move sacredsword\n>p1 move spikes\n>p2 move hydropump\n>p1 switch 5\n>p1 move calmmind\n>p2 move knockoff\n>p1 move calmmind\n>p2 switch 5\n>p1 move drainingkiss terastallize\n>p2 move toxic\n>p1 move calmmind\n>p2 move encore\n>p1 move calmmind\n>p2 switch 5\n>p1 switch 4\n>p2 move sacredsword\n>p1 move wildcharge\n>p2 move sacredsword\n>p2 switch 6\n>p1 switch 6\n>p2 move earthquake\n>p1 move bravebird\n>p2 switch 5\n>p2 switch 2\n>p1 move bravebird\n>p2 move headsmash\n>p1 switch 4\n>p1 move calmmind\n>p2 switch 4\n>p1 move calmmind\n>p2 move highhorsepower terastallize\n>forcelose p1", "uploadtime": 1781463430, "views": 5, "formatid": "gen9randombattle", "rating": null, "private": 0, "password": null}