{"id": "gen9randombattle-2631943394", "format": "[Gen 9] Random Battle", "players": ["Onskas", "ElatedElectrode"], "log": "|j|\u2606Onskas\n|j|\u2606ElatedElectrode\n|t:|1781458297\n|gametype|singles\n|player|p1|Onskas|burglar-gen1rb|1541\n|player|p2|ElatedElectrode|266|1534\n|gen|9\n|tier|[Gen 9] Random Battle\n|rated|\n|rule|Species Clause: Limit one of each Pok\u00e9mon\n|rule|HP Percentage Mod: HP is shown in percentages\n|rule|Sleep Clause Mod: Limit one foe put to sleep\n|rule|Illusion Level Mod: Illusion disguises the Pok\u00e9mon's true level\n|\n|t:|1781458297\n|teamsize|p1|6\n|teamsize|p2|6\n|start\n|switch|p1a: Sandy Shocks|Sandy Shocks, L80|267/267\n|switch|p2a: Volcarona|Volcarona, L77, F|257/257\n|turn|1\n|inactive|Battle timer is ON: inactive players will automatically lose when time's up. (requested by ElatedElectrode)\n|\n|t:|1781458306\n|move|p1a: Sandy Shocks|Stealth Rock|p2a: Volcarona\n|-sidestart|p2: ElatedElectrode|move: Stealth Rock\n|move|p2a: Volcarona|Quiver Dance|p2a: Volcarona\n|-boost|p2a: Volcarona|spa|1\n|-boost|p2a: Volcarona|spd|1\n|-boost|p2a: Volcarona|spe|1\n|\n|upkeep\n|turn|2\n|\n|t:|1781458310\n|move|p2a: Volcarona|Bug Buzz|p1a: Sandy Shocks\n|-damage|p1a: Sandy Shocks|111/267\n|move|p1a: Sandy Shocks|Volt Switch|p2a: Volcarona\n|-damage|p2a: Volcarona|206/257\n|\n|t:|1781458314\n|-end|p1a: Sandy Shocks|Protosynthesis|[silent]\n|switch|p1a: Altaria|Altaria, L89, M|278/278|[from] Volt Switch\n|\n|upkeep\n|turn|3\n|\n|t:|1781458330\n|switch|p2a: Diancie|Diancie, L82|216/216\n|-damage|p2a: Diancie|189/216|[from] Stealth Rock\n|move|p1a: Altaria|Brave Bird|p2a: Diancie\n|-resisted|p2a: Diancie\n|-damage|p2a: Diancie|150/216\n|-damage|p1a: Altaria|265/278|[from] Recoil\n|\n|-heal|p2a: Diancie|163/216|[from] item: Leftovers\n|upkeep\n|turn|4\n|\n|t:|1781458341\n|switch|p1a: Sandy Shocks|Sandy Shocks, L80|111/267\n|move|p2a: Diancie|Calm Mind|p2a: Diancie\n|-boost|p2a: Diancie|spa|1\n|-boost|p2a: Diancie|spd|1\n|\n|-heal|p2a: Diancie|176/216|[from] item: Leftovers\n|upkeep\n|turn|5\n|\n|t:|1781458366\n|move|p1a: Sandy Shocks|Earth Power|p2a: Diancie\n|-supereffective|p2a: Diancie\n|-damage|p2a: Diancie|78/216\n|move|p2a: Diancie|Draining Kiss|p1a: Sandy Shocks\n|-damage|p1a: Sandy Shocks|23/267\n|-heal|p2a: Diancie|144/216|[from] drain|[of] p1a: Sandy Shocks\n|\n|-heal|p2a: Diancie|157/216|[from] item: Leftovers\n|upkeep\n|turn|6\n|\n|t:|1781458378\n|move|p1a: Sandy Shocks|Earth Power|p2a: Diancie\n|-supereffective|p2a: Diancie\n|-damage|p2a: Diancie|61/216\n|move|p2a: Diancie|Diamond Storm|p1a: Sandy Shocks\n|-resisted|p1a: Sandy Shocks\n|-damage|p1a: Sandy Shocks|0 fnt\n|-boost|p2a: Diancie|def|2\n|faint|p1a: Sandy Shocks\n|-end|p1a: Sandy Shocks|Protosynthesis|[silent]\n|\n|-heal|p2a: Diancie|74/216|[from] item: Leftovers\n|upkeep\n|\n|t:|1781458388\n|switch|p1a: Lumineon|Lumineon, L93, M|279/279\n|turn|7\n|\n|t:|1781458393\n|-terastallize|p2a: Diancie|Fairy\n|move|p1a: Lumineon|Hydro Pump|p2a: Diancie\n|-damage|p2a: Diancie|14/216\n|-damage|p1a: Lumineon|252/279|[from] item: Life Orb\n|move|p2a: Diancie|Draining Kiss|p1a: Lumineon\n|-damage|p1a: Lumineon|136/279\n|-heal|p2a: Diancie|101/216|[from] drain|[of] p1a: Lumineon\n|\n|-heal|p2a: Diancie|114/216|[from] item: Leftovers\n|upkeep\n|turn|8\n|\n|t:|1781458404\n|move|p1a: Lumineon|Hydro Pump|p2a: Diancie\n|-damage|p2a: Diancie|46/216\n|-damage|p1a: Lumineon|109/279|[from] item: Life Orb\n|move|p2a: Diancie|Draining Kiss|p1a: Lumineon\n|-damage|p1a: Lumineon|0 fnt\n|-heal|p2a: Diancie|128/216|[from] drain|[of] p1a: Lumineon\n|faint|p1a: Lumineon\n|\n|-heal|p2a: Diancie|141/216|[from] item: Leftovers\n|upkeep\n|\n|t:|1781458415\n|switch|p1a: Scovillain|Scovillain, L91, M|266/266\n|turn|9\n|\n|t:|1781458422\n|move|p1a: Scovillain|Overheat|p2a: Diancie\n|-damage|p2a: Diancie|57/216\n|-unboost|p1a: Scovillain|spa|2\n|move|p2a: Diancie|Diamond Storm|p1a: Scovillain\n|-supereffective|p1a: Scovillain\n|-damage|p1a: Scovillain|36/266\n|\n|-heal|p2a: Diancie|70/216|[from] item: Leftovers\n|upkeep\n|turn|10\n|-message|Onskas forfeited.\n|\n|win|ElatedElectrode\n|raw|Onskas's rating: 1541 &rarr; <strong>1521</strong><br />(-20 for losing)\n|raw|ElatedElectrode's rating: 1534 &rarr; <strong>1554</strong><br />(+20 for winning)\n|l|\u2606Onskas\n|player|p1|\n", "inputlog": ">version a8376a258c1d4662feba110a92103f3664a72141\n>start {\"formatid\":\"gen9randombattle\",\"seed\":\"sodium,623ddbc4115b20aeb008ce8de555f727\",\"rated\":\"Rated battle\"}\n>player p1 {\"name\":\"Onskas\",\"avatar\":\"burglar-gen1rb\",\"rating\":1541,\"seed\":\"sodium,3950fb14643570d397b2fad9961ed49a\"}\n>player p2 {\"name\":\"ElatedElectrode\",\"avatar\":\"266\",\"rating\":1534,\"seed\":\"sodium,ff21b8f3b9f0857e7b4cdd70c293a339\"}\n>p1 move stealthrock\n>p2 move quiverdance\n>p1 move voltswitch\n>p2 move bugbuzz\n>p1 switch 2\n>p1 move bravebird\n>p2 switch 2\n>p1 switch 2\n>p2 move calmmind\n>p1 move earthpower\n>p2 move drainingkiss\n>p1 move earthpower\n>p2 move diamondstorm\n>p1 switch 4\n>p1 move hydropump\n>p2 move drainingkiss terastallize\n>p1 move hydropump\n>p2 move drainingkiss\n>p1 switch 6\n>p1 move overheat\n>p2 move diamondstorm\n>forcelose p1", "uploadtime": 1781458431, "views": 3, "formatid": "gen9randombattle", "rating": 1521, "private": 0, "password": null}