{"id": "gen9randombattle-2631760516", "format": "[Gen 9] Random Battle", "players": ["91916767f", "Newbie0721"], "log": "|j|\u260691916767f\n|j|\u2606Newbie0721\n|t:|1781435325\n|gametype|singles\n|player|p1|91916767f|169|1034\n|player|p2|Newbie0721|170|1025\n|gen|9\n|tier|[Gen 9] Random Battle\n|rated|\n|rule|Species Clause: Limit one of each Pok\u00e9mon\n|rule|HP Percentage Mod: HP is shown in percentages\n|rule|Sleep Clause Mod: Limit one foe put to sleep\n|rule|Illusion Level Mod: Illusion disguises the Pok\u00e9mon's true level\n|\n|t:|1781435325\n|teamsize|p1|6\n|teamsize|p2|6\n|start\n|switch|p1a: Polteageist|Polteageist, L78|222/222\n|switch|p2a: Garganacl|Garganacl, L80, F|291/291\n|turn|1\n|\n|t:|1781435340\n|move|p1a: Polteageist|Strength Sap|p2a: Garganacl\n|-unboost|p2a: Garganacl|atk|1\n|move|p2a: Garganacl|Salt Cure|p1a: Polteageist\n|-damage|p1a: Polteageist|186/222\n|-start|p1a: Polteageist|Salt Cure\n|\n|-damage|p1a: Polteageist|159/222|[from] Salt Cure\n|upkeep\n|turn|2\n|\n|t:|1781435352\n|move|p1a: Polteageist|Shell Smash|p1a: Polteageist\n|-unboost|p1a: Polteageist|def|1\n|-unboost|p1a: Polteageist|spd|1\n|-boost|p1a: Polteageist|atk|2\n|-boost|p1a: Polteageist|spa|2\n|-boost|p1a: Polteageist|spe|2\n|-enditem|p1a: Polteageist|White Herb\n|-clearnegativeboost|p1a: Polteageist|[silent]\n|move|p2a: Garganacl|Stealth Rock|p1a: Polteageist\n|-sidestart|p1: 91916767f|move: Stealth Rock\n|\n|-damage|p1a: Polteageist|132/222|[from] Salt Cure\n|upkeep\n|turn|3\n|\n|t:|1781435374\n|-terastallize|p1a: Polteageist|Psychic\n|move|p2a: Garganacl|Protect|p2a: Garganacl\n|-singleturn|p2a: Garganacl|Protect\n|move|p1a: Polteageist|Shadow Ball|p2a: Garganacl\n|-activate|p2a: Garganacl|move: Protect\n|\n|-damage|p1a: Polteageist|105/222|[from] Salt Cure\n|upkeep\n|turn|4\n|\n|t:|1781435394\n|move|p1a: Polteageist|Stored Power|p2a: Garganacl\n|-damage|p2a: Garganacl|0 fnt\n|faint|p2a: Garganacl\n|\n|-damage|p1a: Polteageist|78/222|[from] Salt Cure\n|upkeep\n|\n|t:|1781435412\n|switch|p2a: Lucario|Lucario, L84, M|255/255\n|turn|5\n|\n|t:|1781435419\n|-terastallize|p2a: Lucario|Normal\n|move|p2a: Lucario|Extreme Speed|p1a: Polteageist\n|-damage|p1a: Polteageist|0 fnt\n|-start|p2a: Lucario|Disable|Extreme Speed|[from] ability: Cursed Body|[of] p1a: Polteageist\n|faint|p1a: Polteageist\n|-damage|p2a: Lucario|230/255|[from] item: Life Orb\n|\n|upkeep\n|\n|t:|1781435434\n|switch|p1a: Iron Hands|Iron Hands, L79|373/373\n|-damage|p1a: Iron Hands|350/373|[from] Stealth Rock\n|turn|6\n|\n|t:|1781435451\n|switch|p2a: Deoxys|Deoxys-Defense, L84|221/221\n|-ability|p2a: Deoxys|Pressure\n|move|p1a: Iron Hands|Swords Dance|p1a: Iron Hands\n|-boost|p1a: Iron Hands|atk|2\n|\n|-heal|p1a: Iron Hands|373/373|[from] item: Leftovers\n|upkeep\n|turn|7\n|\n|t:|1781435475\n|move|p2a: Deoxys|Cosmic Power|p2a: Deoxys\n|-boost|p2a: Deoxys|def|1\n|-boost|p2a: Deoxys|spd|1\n|move|p1a: Iron Hands|Wild Charge|p2a: Deoxys\n|-damage|p2a: Deoxys|133/221\n|-damage|p1a: Iron Hands|351/373|[from] Recoil\n|\n|-heal|p2a: Deoxys|146/221|[from] item: Leftovers\n|-heal|p1a: Iron Hands|373/373|[from] item: Leftovers\n|upkeep\n|turn|8\n|\n|t:|1781435493\n|move|p2a: Deoxys|Stored Power|p1a: Iron Hands\n|-supereffective|p1a: Iron Hands\n|-damage|p1a: Iron Hands|241/373\n|move|p1a: Iron Hands|Wild Charge|p2a: Deoxys\n|-damage|p2a: Deoxys|58/221\n|-damage|p1a: Iron Hands|219/373|[from] Recoil\n|\n|-heal|p2a: Deoxys|71/221|[from] item: Leftovers\n|-heal|p1a: Iron Hands|242/373|[from] item: Leftovers\n|upkeep\n|turn|9\n|\n|t:|1781435504\n|move|p2a: Deoxys|Stored Power|p1a: Iron Hands\n|-supereffective|p1a: Iron Hands\n|-damage|p1a: Iron Hands|122/373\n|move|p1a: Iron Hands|Drain Punch|p2a: Deoxys\n|-resisted|p2a: Deoxys\n|-damage|p2a: Deoxys|29/221\n|-heal|p1a: Iron Hands|143/373|[from] drain|[of] p2a: Deoxys\n|\n|-heal|p2a: Deoxys|42/221|[from] item: Leftovers\n|-heal|p1a: Iron Hands|166/373|[from] item: Leftovers\n|upkeep\n|turn|10\n|\n|t:|1781435516\n|move|p2a: Deoxys|Stored Power|p1a: Iron Hands\n|-supereffective|p1a: Iron Hands\n|-damage|p1a: Iron Hands|38/373\n|move|p1a: Iron Hands|Wild Charge|p2a: Deoxys\n|-damage|p2a: Deoxys|0 fnt\n|faint|p2a: Deoxys\n|-damage|p1a: Iron Hands|27/373|[from] Recoil\n|\n|-heal|p1a: Iron Hands|50/373|[from] item: Leftovers\n|upkeep\n|\n|t:|1781435530\n|switch|p2a: Lucario|Lucario, L84, M, tera:Normal|230/255\n|turn|11\n|\n|t:|1781435537\n|move|p2a: Lucario|Extreme Speed|p1a: Iron Hands\n|-damage|p1a: Iron Hands|0 fnt\n|faint|p1a: Iron Hands\n|-end|p1a: Iron Hands|Quark Drive|[silent]\n|-damage|p2a: Lucario|205/255|[from] item: Life Orb\n|\n|upkeep\n|\n|t:|1781435545\n|switch|p1a: Hawlucha|Hawlucha, L80, F|256/256\n|-damage|p1a: Hawlucha|224/256|[from] Stealth Rock\n|turn|12\n|\n|t:|1781435552\n|switch|p2a: Scream Tail|Scream Tail, L84|330/330\n|move|p1a: Hawlucha|Acrobatics|p2a: Scream Tail\n|-damage|p2a: Scream Tail|282/330\n|\n|-heal|p2a: Scream Tail|302/330|[from] item: Leftovers\n|upkeep\n|turn|13\n|\n|t:|1781435562\n|move|p2a: Scream Tail|Thunder Wave|p1a: Hawlucha\n|-status|p1a: Hawlucha|par\n|move|p1a: Hawlucha|Encore|p2a: Scream Tail\n|-start|p2a: Scream Tail|Encore\n|\n|-heal|p2a: Scream Tail|322/330|[from] item: Leftovers\n|upkeep\n|turn|14\n|\n|t:|1781435574\n|move|p2a: Scream Tail|Thunder Wave|p1a: Hawlucha|[miss]\n|-miss|p2a: Scream Tail|p1a: Hawlucha\n|move|p1a: Hawlucha|Swords Dance|p1a: Hawlucha\n|-boost|p1a: Hawlucha|atk|2\n|\n|-heal|p2a: Scream Tail|330/330|[from] item: Leftovers\n|upkeep\n|turn|15\n|\n|t:|1781435596\n|-end|p2a: Scream Tail|Protosynthesis|[silent]\n|switch|p2a: Hawlucha|Hawlucha, L80, F|256/256\n|cant|p1a: Hawlucha|par\n|\n|upkeep\n|turn|16\n|\n|t:|1781435605\n|move|p2a: Hawlucha|Brave Bird|p1a: Hawlucha\n|-supereffective|p1a: Hawlucha\n|-damage|p1a: Hawlucha|0 fnt\n|faint|p1a: Hawlucha\n|-damage|p2a: Hawlucha|182/256|[from] Recoil\n|\n|upkeep\n|\n|t:|1781435613\n|switch|p1a: Noctowl|Noctowl, L95, F|344/344\n|turn|17\n|\n|t:|1781435633\n|move|p2a: Hawlucha|Brave Bird|p1a: Noctowl\n|-damage|p1a: Noctowl|187/344\n|-damage|p2a: Hawlucha|130/256|[from] Recoil\n|move|p1a: Noctowl|Hurricane|p2a: Hawlucha\n|-supereffective|p2a: Hawlucha\n|-damage|p2a: Hawlucha|0 fnt\n|faint|p2a: Hawlucha\n|\n|upkeep\n|\n|t:|1781435648\n|switch|p2a: Lucario|Lucario, L84, M, tera:Normal|205/255\n|turn|18\n|\n|t:|1781435652\n|move|p2a: Lucario|Meteor Mash|p1a: Noctowl\n|-damage|p1a: Noctowl|0 fnt\n|faint|p1a: Noctowl\n|-damage|p2a: Lucario|180/255|[from] item: Life Orb\n|\n|upkeep\n|\n|t:|1781435659\n|switch|p1a: Carbink|Carbink, L90|236/236\n|-damage|p1a: Carbink|207/236|[from] Stealth Rock\n|turn|19\n|\n|t:|1781435670\n|move|p2a: Lucario|Meteor Mash|p1a: Carbink|[miss]\n|-miss|p2a: Lucario|p1a: Carbink\n|move|p1a: Carbink|Body Press|p2a: Lucario\n|-supereffective|p2a: Lucario\n|-damage|p2a: Lucario|0 fnt\n|faint|p2a: Lucario\n|\n|upkeep\n|\n|t:|1781435680\n|switch|p2a: Scream Tail|Scream Tail, L84|330/330\n|turn|20\n|\n|t:|1781435701\n|move|p2a: Scream Tail|Wish|p2a: Scream Tail\n|move|p1a: Carbink|Moonblast|p2a: Scream Tail\n|-damage|p2a: Scream Tail|270/330\n|\n|-heal|p2a: Scream Tail|290/330|[from] item: Leftovers\n|upkeep\n|turn|21\n|\n|t:|1781435712\n|move|p2a: Scream Tail|Dazzling Gleam|p1a: Carbink\n|-damage|p1a: Carbink|168/236\n|move|p1a: Carbink|Iron Defense|p1a: Carbink\n|-boost|p1a: Carbink|def|2\n|\n|-heal|p2a: Scream Tail|330/330|[from] move: Wish|[wisher] Scream Tail\n|upkeep\n|turn|22\n|\n|t:|1781435723\n|move|p2a: Scream Tail|Thunder Wave|p1a: Carbink\n|-status|p1a: Carbink|par\n|move|p1a: Carbink|Iron Defense|p1a: Carbink\n|-boost|p1a: Carbink|def|2\n|\n|upkeep\n|turn|23\n|\n|t:|1781435730\n|move|p2a: Scream Tail|Dazzling Gleam|p1a: Carbink\n|-damage|p1a: Carbink|126/236 par\n|cant|p1a: Carbink|par\n|\n|upkeep\n|turn|24\n|\n|t:|1781435736\n|move|p2a: Scream Tail|Dazzling Gleam|p1a: Carbink\n|-damage|p1a: Carbink|87/236 par\n|cant|p1a: Carbink|par\n|\n|upkeep\n|turn|25\n|\n|t:|1781435742\n|move|p2a: Scream Tail|Dazzling Gleam|p1a: Carbink\n|-damage|p1a: Carbink|50/236 par\n|move|p1a: Carbink|Rest|p1a: Carbink\n|-status|p1a: Carbink|slp|[from] move: Rest\n|-heal|p1a: Carbink|236/236 slp|[silent]\n|-enditem|p1a: Carbink|Chesto Berry|[eat]\n|-curestatus|p1a: Carbink|slp|[msg]\n|\n|upkeep\n|turn|26\n|\n|t:|1781435754\n|move|p2a: Scream Tail|Dazzling Gleam|p1a: Carbink\n|-damage|p1a: Carbink|196/236\n|move|p1a: Carbink|Iron Defense|p1a: Carbink\n|-boost|p1a: Carbink|def|2\n|\n|upkeep\n|turn|27\n|\n|t:|1781435761\n|move|p2a: Scream Tail|Dazzling Gleam|p1a: Carbink\n|-damage|p1a: Carbink|159/236\n|move|p1a: Carbink|Iron Defense|p1a: Carbink\n|-boost|p1a: Carbink|def|0\n|\n|upkeep\n|turn|28\n|\n|t:|1781435770\n|move|p2a: Scream Tail|Dazzling Gleam|p1a: Carbink\n|-damage|p1a: Carbink|122/236\n|move|p1a: Carbink|Moonblast|p2a: Scream Tail\n|-damage|p2a: Scream Tail|275/330\n|\n|-heal|p2a: Scream Tail|295/330|[from] item: Leftovers\n|upkeep\n|turn|29\n|\n|t:|1781435779\n|move|p2a: Scream Tail|Dazzling Gleam|p1a: Carbink\n|-damage|p1a: Carbink|85/236\n|move|p1a: Carbink|Moonblast|p2a: Scream Tail\n|-damage|p2a: Scream Tail|237/330\n|\n|-heal|p2a: Scream Tail|257/330|[from] item: Leftovers\n|upkeep\n|turn|30\n|\n|t:|1781435789\n|move|p2a: Scream Tail|Dazzling Gleam|p1a: Carbink\n|-damage|p1a: Carbink|48/236\n|move|p1a: Carbink|Rest|p1a: Carbink\n|-status|p1a: Carbink|slp|[from] move: Rest\n|-heal|p1a: Carbink|236/236 slp|[silent]\n|\n|-heal|p2a: Scream Tail|277/330|[from] item: Leftovers\n|upkeep\n|turn|31\n|\n|t:|1781435801\n|move|p2a: Scream Tail|Dazzling Gleam|p1a: Carbink\n|-damage|p1a: Carbink|194/236 slp\n|cant|p1a: Carbink|slp\n|\n|-heal|p2a: Scream Tail|297/330|[from] item: Leftovers\n|upkeep\n|turn|32\n|\n|t:|1781435810\n|move|p2a: Scream Tail|Dazzling Gleam|p1a: Carbink\n|-damage|p1a: Carbink|152/236 slp\n|cant|p1a: Carbink|slp\n|\n|-heal|p2a: Scream Tail|317/330|[from] item: Leftovers\n|upkeep\n|turn|33\n|\n|t:|1781435818\n|move|p2a: Scream Tail|Dazzling Gleam|p1a: Carbink\n|-damage|p1a: Carbink|115/236 slp\n|-curestatus|p1a: Carbink|slp|[msg]\n|move|p1a: Carbink|Moonblast|p2a: Scream Tail\n|-damage|p2a: Scream Tail|262/330\n|\n|-heal|p2a: Scream Tail|282/330|[from] item: Leftovers\n|upkeep\n|turn|34\n|\n|t:|1781435829\n|move|p2a: Scream Tail|Dazzling Gleam|p1a: Carbink\n|-damage|p1a: Carbink|73/236\n|move|p1a: Carbink|Rest|p1a: Carbink\n|-status|p1a: Carbink|slp|[from] move: Rest\n|-heal|p1a: Carbink|236/236 slp|[silent]\n|\n|-heal|p2a: Scream Tail|302/330|[from] item: Leftovers\n|upkeep\n|turn|35\n|\n|t:|1781435843\n|move|p2a: Scream Tail|Dazzling Gleam|p1a: Carbink\n|-damage|p1a: Carbink|196/236 slp\n|cant|p1a: Carbink|slp\n|\n|-heal|p2a: Scream Tail|322/330|[from] item: Leftovers\n|upkeep\n|turn|36\n|\n|t:|1781435854\n|move|p2a: Scream Tail|Dazzling Gleam|p1a: Carbink\n|-damage|p1a: Carbink|157/236 slp\n|cant|p1a: Carbink|slp\n|\n|-heal|p2a: Scream Tail|330/330|[from] item: Leftovers\n|upkeep\n|turn|37\n|\n|t:|1781435864\n|move|p2a: Scream Tail|Dazzling Gleam|p1a: Carbink\n|-damage|p1a: Carbink|118/236 slp\n|-curestatus|p1a: Carbink|slp|[msg]\n|move|p1a: Carbink|Moonblast|p2a: Scream Tail\n|-damage|p2a: Scream Tail|272/330\n|\n|-heal|p2a: Scream Tail|292/330|[from] item: Leftovers\n|upkeep\n|turn|38\n|\n|t:|1781435878\n|move|p2a: Scream Tail|Thunder Wave|p1a: Carbink\n|-status|p1a: Carbink|par\n|move|p1a: Carbink|Rest|p1a: Carbink\n|-status|p1a: Carbink|slp|[from] move: Rest\n|-heal|p1a: Carbink|236/236 slp|[silent]\n|\n|-heal|p2a: Scream Tail|312/330|[from] item: Leftovers\n|upkeep\n|turn|39\n|\n|t:|1781435897\n|move|p2a: Scream Tail|Thunder Wave||[still]\n|-fail|p2a: Scream Tail\n|cant|p1a: Carbink|slp\n|\n|-heal|p2a: Scream Tail|330/330|[from] item: Leftovers\n|upkeep\n|turn|40\n|\n|t:|1781435917\n|move|p2a: Scream Tail|Thunder Wave||[still]\n|-fail|p2a: Scream Tail\n|cant|p1a: Carbink|slp\n|\n|upkeep\n|turn|41\n|\n|t:|1781435923\n|move|p2a: Scream Tail|Protect|p2a: Scream Tail\n|-singleturn|p2a: Scream Tail|Protect\n|-curestatus|p1a: Carbink|slp|[msg]\n|move|p1a: Carbink|Body Press|p2a: Scream Tail\n|-activate|p2a: Scream Tail|move: Protect\n|\n|upkeep\n|turn|42\n|\n|t:|1781435931\n|move|p2a: Scream Tail|Thunder Wave|p1a: Carbink\n|-status|p1a: Carbink|par\n|move|p1a: Carbink|Moonblast|p2a: Scream Tail\n|-damage|p2a: Scream Tail|267/330\n|\n|-heal|p2a: Scream Tail|287/330|[from] item: Leftovers\n|upkeep\n|turn|43\n|\n|t:|1781435940\n|move|p2a: Scream Tail|Protect|p2a: Scream Tail\n|-singleturn|p2a: Scream Tail|Protect\n|cant|p1a: Carbink|par\n|\n|-heal|p2a: Scream Tail|307/330|[from] item: Leftovers\n|upkeep\n|turn|44\n|\n|t:|1781435950\n|move|p2a: Scream Tail|Thunder Wave|p1a: Carbink\n|-fail|p1a: Carbink|par\n|move|p1a: Carbink|Moonblast|p2a: Scream Tail\n|-damage|p2a: Scream Tail|243/330\n|\n|-heal|p2a: Scream Tail|263/330|[from] item: Leftovers\n|upkeep\n|turn|45\n|\n|t:|1781435960\n|move|p2a: Scream Tail|Protect|p2a: Scream Tail\n|-singleturn|p2a: Scream Tail|Protect\n|move|p1a: Carbink|Moonblast|p2a: Scream Tail\n|-activate|p2a: Scream Tail|move: Protect\n|\n|-heal|p2a: Scream Tail|283/330|[from] item: Leftovers\n|upkeep\n|turn|46\n|\n|t:|1781435968\n|move|p2a: Scream Tail|Thunder Wave|p1a: Carbink\n|-fail|p1a: Carbink|par\n|cant|p1a: Carbink|par\n|\n|-heal|p2a: Scream Tail|303/330|[from] item: Leftovers\n|upkeep\n|turn|47\n|\n|t:|1781435979\n|move|p2a: Scream Tail|Protect|p2a: Scream Tail\n|-singleturn|p2a: Scream Tail|Protect\n|move|p1a: Carbink|Moonblast|p2a: Scream Tail\n|-activate|p2a: Scream Tail|move: Protect\n|\n|-heal|p2a: Scream Tail|323/330|[from] item: Leftovers\n|upkeep\n|turn|48\n|\n|t:|1781435990\n|move|p2a: Scream Tail|Thunder Wave|p1a: Carbink\n|-fail|p1a: Carbink|par\n|move|p1a: Carbink|Moonblast|p2a: Scream Tail\n|-damage|p2a: Scream Tail|263/330\n|\n|-heal|p2a: Scream Tail|283/330|[from] item: Leftovers\n|upkeep\n|turn|49\n|\n|t:|1781436001\n|move|p2a: Scream Tail|Protect|p2a: Scream Tail\n|-singleturn|p2a: Scream Tail|Protect\n|cant|p1a: Carbink|par\n|\n|-heal|p2a: Scream Tail|303/330|[from] item: Leftovers\n|upkeep\n|turn|50\n|\n|t:|1781436012\n|move|p2a: Scream Tail|Protect||[still]\n|-fail|p2a: Scream Tail\n|move|p1a: Carbink|Moonblast|p2a: Scream Tail\n|-damage|p2a: Scream Tail|242/330\n|\n|-heal|p2a: Scream Tail|262/330|[from] item: Leftovers\n|upkeep\n|turn|51\n|\n|t:|1781436023\n|move|p2a: Scream Tail|Protect|p2a: Scream Tail\n|-singleturn|p2a: Scream Tail|Protect\n|move|p1a: Carbink|Rest|p1a: Carbink\n|-fail|p1a: Carbink|heal\n|\n|-heal|p2a: Scream Tail|282/330|[from] item: Leftovers\n|upkeep\n|turn|52\n|\n|t:|1781436034\n|-end|p2a: Scream Tail|Protosynthesis|[silent]\n|switch|p2a: Pyroar|Pyroar, L88, M|295/295\n|-ability|p2a: Pyroar|Unnerve\n|move|p1a: Carbink|Moonblast|p2a: Pyroar\n|-resisted|p2a: Pyroar\n|-damage|p2a: Pyroar|249/295\n|\n|upkeep\n|turn|53\n|-message|Newbie0721 forfeited.\n|\n|win|91916767f\n|raw|91916767f's rating: 1034 &rarr; <strong>1068</strong><br />(+34 for winning)\n|raw|Newbie0721's rating: 1025 &rarr; <strong>1012</strong><br />(-13 for losing)\n|l|\u2606Newbie0721\n|player|p2|\n", "inputlog": ">version a8376a258c1d4662feba110a92103f3664a72141\n>start {\"formatid\":\"gen9randombattle\",\"seed\":\"sodium,f094e4f950edb8d9542014e1f1cd4f5e\",\"rated\":\"Rated battle\"}\n>player p1 {\"name\":\"91916767f\",\"avatar\":\"169\",\"rating\":1034,\"seed\":\"sodium,691b1607b44835cad7db2e95b407e75c\"}\n>player p2 {\"name\":\"Newbie0721\",\"avatar\":\"170\",\"rating\":1025,\"seed\":\"sodium,0ed1f762a9f7b74a47ca270889d54105\"}\n>p1 move strengthsap\n>p2 move saltcure\n>p1 move shellsmash\n>p2 move stealthrock\n>p1 move shadowball terastallize\n>p2 move protect\n>p1 move storedpower\n>p2 move recover\n>p2 switch 3\n>p1 move storedpower\n>p2 move extremespeed terastallize\n>p1 switch 5\n>p1 move swordsdance\n>p2 switch 6\n>p1 move wildcharge\n>p2 move cosmicpower\n>p1 move wildcharge\n>p2 move storedpower\n>p1 move drainpunch\n>p2 move storedpower\n>p1 move wildcharge\n>p2 move storedpower\n>p2 switch 6\n>p1 move drainpunch\n>p2 move extremespeed\n>p1 switch 3\n>p1 move acrobatics\n>p2 switch 5\n>p1 move encore\n>p2 move thunderwave\n>p1 move swordsdance\n>p2 move thunderwave\n>p1 move swordsdance\n>p2 switch 4\n>p1 move acrobatics\n>p2 move bravebird\n>p1 switch 4\n>p1 move hurricane\n>p2 move bravebird\n>p2 switch 5\n>p1 move roost\n>p2 move meteormash\n>p1 switch 2\n>p1 move bodypress\n>p2 move meteormash\n>p2 switch 4\n>p1 move moonblast\n>p2 move wish\n>p1 move irondefense\n>p2 move dazzlinggleam\n>p1 move irondefense\n>p2 move thunderwave\n>p1 move irondefense\n>p2 move dazzlinggleam\n>p1 move rest\n>p2 move dazzlinggleam\n>p1 move rest\n>p2 move dazzlinggleam\n>p1 move irondefense\n>p2 move dazzlinggleam\n>p1 move irondefense\n>p2 move dazzlinggleam\n>p1 move moonblast\n>p2 move dazzlinggleam\n>p1 move moonblast\n>p2 move dazzlinggleam\n>p1 move rest\n>p2 move dazzlinggleam\n>p1 move moonblast\n>p2 move dazzlinggleam\n>p1 move moonblast\n>p2 move dazzlinggleam\n>p1 move moonblast\n>p2 move dazzlinggleam\n>p1 move rest\n>p2 move dazzlinggleam\n>p1 move bodypress\n>p2 move dazzlinggleam\n>p1 move bodypress\n>p2 move dazzlinggleam\n>p1 move moonblast\n>p2 move dazzlinggleam\n>p1 move rest\n>p2 move thunderwave\n>p1 move bodypress\n>p2 move thunderwave\n>p1 move bodypress\n>p2 move thunderwave\n>p1 move bodypress\n>p2 move protect\n>p1 move moonblast\n>p2 move thunderwave\n>p1 move moonblast\n>p2 move protect\n>p1 move moonblast\n>p2 move thunderwave\n>p1 move moonblast\n>p2 move protect\n>p1 move moonblast\n>p2 move thunderwave\n>p1 move moonblast\n>p2 move protect\n>p1 move moonblast\n>p2 move thunderwave\n>p1 move moonblast\n>p2 move protect\n>p1 move moonblast\n>p2 move protect\n>p1 move rest\n>p2 move protect\n>p1 move moonblast\n>p2 switch 2\n>forcelose p2", "uploadtime": 1781436068, "views": 9, "formatid": "gen9randombattle", "rating": 1012, "private": 0, "password": null}