{"id": "gen9randombattle-2631677422", "format": "[Gen 9] Random Battle", "players": ["TRedden", "Swamkip"], "log": "|j|\u2606TRedden\n|j|\u203dSwamkip\n|t:|1781419919\n|gametype|singles\n|player|p1|TRedden|blue|1699\n|player|p2|Swamkip|169|1659\n|gen|9\n|tier|[Gen 9] Random Battle\n|rated|\n|rule|Species Clause: Limit one of each Pok\u00e9mon\n|rule|HP Percentage Mod: HP is shown in percentages\n|rule|Sleep Clause Mod: Limit one foe put to sleep\n|rule|Illusion Level Mod: Illusion disguises the Pok\u00e9mon's true level\n|\n|t:|1781419919\n|teamsize|p1|6\n|teamsize|p2|6\n|start\n|switch|p1a: Jolteon|Jolteon, L84, F|246/246\n|switch|p2a: Volcarona|Volcarona, L77, M|257/257\n|turn|1\n|inactive|Battle timer is ON: inactive players will automatically lose when time's up. (requested by Swamkip)\n|\n|t:|1781419929\n|switch|p1a: Clodsire|Clodsire, L81, F|343/343\n|move|p2a: Volcarona|Quiver Dance|p2a: Volcarona\n|-boost|p2a: Volcarona|spa|1\n|-boost|p2a: Volcarona|spd|1\n|-boost|p2a: Volcarona|spe|1\n|\n|upkeep\n|turn|2\n|\n|t:|1781419935\n|move|p2a: Volcarona|Fiery Dance|p1a: Clodsire\n|-damage|p1a: Clodsire|255/343\n|move|p1a: Clodsire|Toxic|p2a: Volcarona\n|-status|p2a: Volcarona|tox\n|\n|-heal|p1a: Clodsire|276/343|[from] item: Leftovers\n|-damage|p2a: Volcarona|241/257 tox|[from] psn\n|upkeep\n|turn|3\n|\n|t:|1781419944\n|move|p2a: Volcarona|Fiery Dance|p1a: Clodsire\n|-damage|p1a: Clodsire|192/343\n|move|p1a: Clodsire|Gunk Shot|p2a: Volcarona|[miss]\n|-miss|p1a: Clodsire|p2a: Volcarona\n|\n|-heal|p1a: Clodsire|213/343|[from] item: Leftovers\n|-damage|p2a: Volcarona|209/257 tox|[from] psn\n|upkeep\n|turn|4\n|\n|t:|1781419948\n|move|p2a: Volcarona|Fiery Dance|p1a: Clodsire\n|-damage|p1a: Clodsire|125/343\n|move|p1a: Clodsire|Recover|p1a: Clodsire\n|-heal|p1a: Clodsire|297/343\n|\n|-heal|p1a: Clodsire|318/343|[from] item: Leftovers\n|-damage|p2a: Volcarona|161/257 tox|[from] psn\n|upkeep\n|turn|5\n|\n|t:|1781419963\n|move|p2a: Volcarona|Fiery Dance|p1a: Clodsire\n|-damage|p1a: Clodsire|228/343\n|-boost|p2a: Volcarona|spa|1\n|move|p1a: Clodsire|Gunk Shot|p2a: Volcarona\n|-damage|p2a: Volcarona|40/257 tox\n|\n|-heal|p1a: Clodsire|249/343|[from] item: Leftovers\n|-damage|p2a: Volcarona|0 fnt|[from] psn\n|faint|p2a: Volcarona\n|upkeep\n|\n|t:|1781419970\n|switch|p2a: Smeargle|Smeargle, L95, F|258/258\n|turn|6\n|inactive|TRedden has 120 seconds left.\n|\n|t:|1781420003\n|move|p2a: Smeargle|Spore|p1a: Clodsire\n|-status|p1a: Clodsire|slp|[from] move: Spore\n|cant|p1a: Clodsire|slp\n|\n|-heal|p1a: Clodsire|270/343 slp|[from] item: Leftovers\n|upkeep\n|turn|7\n|\n|t:|1781420012\n|switch|p1a: Jolteon|Jolteon, L84, F|246/246\n|move|p2a: Smeargle|Sticky Web|p1a: Jolteon\n|-sidestart|p1: TRedden|move: Sticky Web\n|\n|upkeep\n|turn|8\n|\n|t:|1781420020\n|move|p1a: Jolteon|Substitute|p1a: Jolteon\n|-start|p1a: Jolteon|Substitute\n|-damage|p1a: Jolteon|185/246\n|move|p2a: Smeargle|Whirlwind|p1a: Jolteon\n|drag|p1a: Clodsire|Clodsire, L81, F|270/343 slp\n|-activate|p1a: Clodsire|move: Sticky Web\n|-unboost|p1a: Clodsire|spe|1\n|\n|-heal|p1a: Clodsire|291/343 slp|[from] item: Leftovers\n|upkeep\n|turn|9\n|\n|t:|1781420023\n|move|p2a: Smeargle|Ceaseless Edge|p1a: Clodsire\n|-damage|p1a: Clodsire|262/343 slp\n|-sidestart|p1: TRedden|Spikes\n|cant|p1a: Clodsire|slp\n|\n|-heal|p1a: Clodsire|283/343 slp|[from] item: Leftovers\n|upkeep\n|turn|10\n|\n|t:|1781420031\n|move|p2a: Smeargle|Ceaseless Edge|p1a: Clodsire\n|-damage|p1a: Clodsire|254/343 slp\n|-sidestart|p1: TRedden|Spikes\n|-curestatus|p1a: Clodsire|slp|[msg]\n|move|p1a: Clodsire|Gunk Shot|p2a: Smeargle\n|-damage|p2a: Smeargle|110/258\n|-status|p2a: Smeargle|psn\n|\n|-heal|p1a: Clodsire|275/343|[from] item: Leftovers\n|-damage|p2a: Smeargle|78/258 psn|[from] psn\n|upkeep\n|turn|11\n|\n|t:|1781420040\n|move|p2a: Smeargle|Spore|p1a: Clodsire\n|-status|p1a: Clodsire|slp|[from] move: Spore\n|cant|p1a: Clodsire|slp\n|\n|-heal|p1a: Clodsire|296/343 slp|[from] item: Leftovers\n|-damage|p2a: Smeargle|46/258 psn|[from] psn\n|upkeep\n|turn|12\n|\n|t:|1781420053\n|move|p2a: Smeargle|Ceaseless Edge|p1a: Clodsire\n|-damage|p1a: Clodsire|262/343 slp\n|-sidestart|p1: TRedden|Spikes\n|-curestatus|p1a: Clodsire|slp|[msg]\n|move|p1a: Clodsire|Recover|p1a: Clodsire\n|-heal|p1a: Clodsire|343/343\n|\n|-damage|p2a: Smeargle|14/258 psn|[from] psn\n|upkeep\n|turn|13\n|\n|t:|1781420060\n|move|p2a: Smeargle|Spore|p1a: Clodsire\n|-status|p1a: Clodsire|slp|[from] move: Spore\n|cant|p1a: Clodsire|slp\n|\n|-damage|p2a: Smeargle|0 fnt|[from] psn\n|faint|p2a: Smeargle\n|upkeep\n|\n|t:|1781420066\n|switch|p2a: Crawdaunt|Crawdaunt, L84, F|243/243\n|turn|14\n|\n|t:|1781420075\n|switch|p1a: Perrserker|Perrserker, L89, M|269/269\n|-activate|p1a: Perrserker|move: Sticky Web\n|-unboost|p1a: Perrserker|spe|1\n|-damage|p1a: Perrserker|202/269|[from] Spikes\n|move|p2a: Crawdaunt|Dragon Dance|p2a: Crawdaunt\n|-boost|p2a: Crawdaunt|atk|1\n|-boost|p2a: Crawdaunt|spe|1\n|\n|upkeep\n|turn|15\n|\n|t:|1781420094\n|move|p2a: Crawdaunt|Dragon Dance|p2a: Crawdaunt\n|-boost|p2a: Crawdaunt|atk|1\n|-boost|p2a: Crawdaunt|spe|1\n|move|p1a: Perrserker|Close Combat|p2a: Crawdaunt\n|-supereffective|p2a: Crawdaunt\n|-damage|p2a: Crawdaunt|0 fnt\n|-unboost|p1a: Perrserker|def|1\n|-unboost|p1a: Perrserker|spd|1\n|faint|p2a: Crawdaunt\n|-damage|p1a: Perrserker|176/269|[from] item: Life Orb\n|\n|upkeep\n|\n|t:|1781420097\n|switch|p2a: Toxicroak|Toxicroak, L84, F|277/277\n|turn|16\n|\n|t:|1781420104\n|switch|p1a: Clodsire|Clodsire, L81, F|343/343 slp\n|-activate|p1a: Clodsire|move: Sticky Web\n|-unboost|p1a: Clodsire|spe|1\n|-damage|p1a: Clodsire|258/343 slp|[from] Spikes\n|move|p2a: Toxicroak|Swords Dance|p2a: Toxicroak\n|-boost|p2a: Toxicroak|atk|2\n|\n|-heal|p1a: Clodsire|279/343 slp|[from] item: Leftovers\n|upkeep\n|turn|17\n|\n|t:|1781420112\n|move|p2a: Toxicroak|Swords Dance|p2a: Toxicroak\n|-boost|p2a: Toxicroak|atk|2\n|-curestatus|p1a: Clodsire|slp|[msg]\n|move|p1a: Clodsire|Earthquake|p2a: Toxicroak\n|-supereffective|p2a: Toxicroak\n|-damage|p2a: Toxicroak|65/277\n|\n|-heal|p1a: Clodsire|300/343|[from] item: Leftovers\n|upkeep\n|turn|18\n|\n|t:|1781420118\n|move|p2a: Toxicroak|Earthquake|p1a: Clodsire\n|-supereffective|p1a: Clodsire\n|-damage|p1a: Clodsire|45/343\n|-damage|p2a: Toxicroak|38/277|[from] item: Life Orb\n|move|p1a: Clodsire|Earthquake|p2a: Toxicroak\n|-supereffective|p2a: Toxicroak\n|-damage|p2a: Toxicroak|0 fnt\n|faint|p2a: Toxicroak\n|\n|-heal|p1a: Clodsire|66/343|[from] item: Leftovers\n|upkeep\n|\n|t:|1781420127\n|switch|p2a: Palafin|Palafin, L77, M|281/281\n|turn|19\n|\n|t:|1781420134\n|move|p2a: Palafin|Ice Punch|p1a: Clodsire\n|-supereffective|p1a: Clodsire\n|-damage|p1a: Clodsire|0 fnt\n|faint|p1a: Clodsire\n|\n|upkeep\n|\n|t:|1781420143\n|switch|p1a: Suicune|Suicune, L82|298/298\n|-activate|p1a: Suicune|move: Sticky Web\n|-unboost|p1a: Suicune|spe|1\n|-damage|p1a: Suicune|224/298|[from] Spikes\n|-ability|p1a: Suicune|Pressure\n|turn|20\n|\n|t:|1781420156\n|detailschange|p2a: Palafin|Palafin-Hero, L77, M\n|switch|p2a: Emboar|Emboar, L84, F|322/322\n|move|p1a: Suicune|Substitute|p1a: Suicune\n|-start|p1a: Suicune|Substitute\n|-damage|p1a: Suicune|150/298\n|\n|-heal|p1a: Suicune|168/298|[from] item: Leftovers\n|upkeep\n|turn|21\n|\n|t:|1781420159\n|move|p2a: Emboar|Knock Off|p1a: Suicune\n|-activate|p1a: Suicune|move: Substitute|[damage]\n|move|p1a: Suicune|Calm Mind|p1a: Suicune\n|-boost|p1a: Suicune|spa|1\n|-boost|p1a: Suicune|spd|1\n|\n|-heal|p1a: Suicune|186/298|[from] item: Leftovers\n|upkeep\n|turn|22\n|\n|t:|1781420162\n|move|p2a: Emboar|Knock Off|p1a: Suicune\n|-end|p1a: Suicune|Substitute\n|move|p1a: Suicune|Scald|p2a: Emboar\n|-supereffective|p2a: Emboar\n|-damage|p2a: Emboar|122/322\n|\n|-heal|p1a: Suicune|204/298|[from] item: Leftovers\n|upkeep\n|turn|23\n|\n|t:|1781420168\n|move|p2a: Emboar|Wild Charge|p1a: Suicune\n|-supereffective|p1a: Suicune\n|-damage|p1a: Suicune|58/298\n|-damage|p2a: Emboar|85/322|[from] Recoil\n|move|p1a: Suicune|Scald|p2a: Emboar\n|-supereffective|p2a: Emboar\n|-damage|p2a: Emboar|0 fnt\n|faint|p2a: Emboar\n|\n|-heal|p1a: Suicune|76/298|[from] item: Leftovers\n|upkeep\n|\n|t:|1781420171\n|switch|p2a: Palafin|Palafin-Hero, L77, M|281/281\n|-activate|p2a: Palafin|ability: Zero to Hero\n|turn|24\n|\n|t:|1781420175\n|move|p2a: Palafin|Drain Punch|p1a: Suicune\n|-damage|p1a: Suicune|25/298\n|move|p1a: Suicune|Scald|p2a: Palafin\n|-resisted|p2a: Palafin\n|-damage|p2a: Palafin|222/281\n|\n|-heal|p2a: Palafin|239/281|[from] item: Leftovers\n|-heal|p1a: Suicune|43/298|[from] item: Leftovers\n|upkeep\n|turn|25\n|\n|t:|1781420182\n|move|p2a: Palafin|Bulk Up|p2a: Palafin\n|-boost|p2a: Palafin|atk|1\n|-boost|p2a: Palafin|def|1\n|move|p1a: Suicune|Scald|p2a: Palafin\n|-resisted|p2a: Palafin\n|-damage|p2a: Palafin|176/281\n|\n|-heal|p2a: Palafin|193/281|[from] item: Leftovers\n|-heal|p1a: Suicune|61/298|[from] item: Leftovers\n|upkeep\n|turn|26\n|\n|t:|1781420185\n|move|p2a: Palafin|Drain Punch|p1a: Suicune\n|-damage|p1a: Suicune|0 fnt\n|-heal|p2a: Palafin|224/281|[from] drain|[of] p1a: Suicune\n|faint|p1a: Suicune\n|\n|-heal|p2a: Palafin|241/281|[from] item: Leftovers\n|upkeep\n|\n|t:|1781420193\n|switch|p1a: Heracross|Heracross, L80, M|259/259\n|-activate|p1a: Heracross|move: Sticky Web\n|-unboost|p1a: Heracross|spe|1\n|-damage|p1a: Heracross|195/259|[from] Spikes\n|turn|27\n|\n|t:|1781420205\n|-terastallize|p1a: Heracross|Bug\n|move|p2a: Palafin|Jet Punch|p1a: Heracross\n|-damage|p1a: Heracross|53/259\n|move|p1a: Heracross|Megahorn|p2a: Palafin\n|-damage|p2a: Palafin|51/281\n|\n|-heal|p2a: Palafin|68/281|[from] item: Leftovers\n|upkeep\n|turn|28\n|\n|t:|1781420216\n|move|p2a: Palafin|Jet Punch|p1a: Heracross\n|-damage|p1a: Heracross|0 fnt\n|faint|p1a: Heracross\n|\n|-heal|p2a: Palafin|85/281|[from] item: Leftovers\n|upkeep\n|\n|t:|1781420220\n|switch|p1a: Deoxys|Deoxys-Speed, L82|216/216\n|-activate|p1a: Deoxys|move: Sticky Web\n|-unboost|p1a: Deoxys|spe|1\n|-damage|p1a: Deoxys|162/216|[from] Spikes\n|-ability|p1a: Deoxys|Pressure\n|turn|29\n|\n|t:|1781420227\n|move|p2a: Palafin|Jet Punch|p1a: Deoxys\n|-damage|p1a: Deoxys|35/216\n|move|p1a: Deoxys|Psycho Boost|p2a: Palafin\n|-damage|p2a: Palafin|0 fnt\n|-unboost|p1a: Deoxys|spa|2\n|faint|p2a: Palafin\n|\n|win|TRedden\n|raw|TRedden's rating: 1699 &rarr; <strong>1717</strong><br />(+18 for winning)\n|raw|Swamkip's rating: 1659 &rarr; <strong>1641</strong><br />(-18 for losing)\n|l|\u203dSwamkip\n|player|p2|\n", "inputlog": ">version a8376a258c1d4662feba110a92103f3664a72141\n>start {\"formatid\":\"gen9randombattle\",\"seed\":\"sodium,9dd03a2110b490974e01fe630c61c71a\",\"rated\":\"Rated battle\"}\n>player p1 {\"name\":\"TRedden\",\"avatar\":\"blue\",\"rating\":1699,\"seed\":\"sodium,4b11212c970f47175388ce6e1adddc88\"}\n>player p2 {\"name\":\"Swamkip\",\"avatar\":\"169\",\"rating\":1659,\"seed\":\"sodium,46e9b8c2f71cf057833ced0efdaad697\"}\n>p1 switch 2\n>p2 move quiverdance\n>p1 move toxic\n>p2 move fierydance\n>p1 move gunkshot\n>p2 move fierydance\n>p1 move recover\n>p2 move fierydance\n>p1 move gunkshot\n>p2 move fierydance\n>p2 switch 2\n>p1 move toxic\n>p2 move spore\n>p1 switch 2\n>p2 move stickyweb\n>p1 move substitute\n>p2 move whirlwind\n>p1 move gunkshot\n>p2 move ceaselessedge\n>p1 move gunkshot\n>p2 move ceaselessedge\n>p1 move earthquake\n>p2 move spore\n>p1 move recover\n>p2 move ceaselessedge\n>p1 move recover\n>p2 move spore\n>p2 switch 4\n>p1 switch 4\n>p2 move dragondance\n>p1 move closecombat\n>p2 move dragondance\n>p2 switch 5\n>p1 switch 4\n>p2 move swordsdance\n>p1 move earthquake\n>p2 move swordsdance\n>p1 move earthquake\n>p2 move earthquake\n>p2 switch 6\n>p1 move toxic\n>p2 move icepunch\n>p1 switch 3\n>p1 move substitute\n>p2 switch 3\n>p1 move calmmind\n>p2 move knockoff\n>p1 move scald\n>p2 move knockoff\n>p1 move scald\n>p2 move wildcharge\n>p2 switch 3\n>p1 move scald\n>p2 move drainpunch\n>p1 move scald\n>p2 move bulkup\n>p1 move scald\n>p2 move drainpunch\n>p1 switch 6\n>p1 move megahorn terastallize\n>p2 move jetpunch\n>p1 move megahorn\n>p2 move jetpunch\n>p1 switch 5\n>p1 move psychoboost\n>p2 move jetpunch", "uploadtime": 1781420232, "views": 6, "formatid": "gen9randombattle", "rating": 1641, "private": 0, "password": null}