{"id": "gen9randombattle-2631639384", "format": "[Gen 9] Random Battle", "players": ["eeveekitsu", "Ikuro_974"], "log": "|j|\u2606eeveekitsu\n|j|\u2606Ikuro_974\n|t:|1781413063\n|gametype|singles\n|player|p1|eeveekitsu|n|1108\n|player|p2|Ikuro_974|101|1144\n|gen|9\n|tier|[Gen 9] Random Battle\n|rated|\n|rule|Species Clause: Limit one of each Pok\u00e9mon\n|rule|HP Percentage Mod: HP is shown in percentages\n|rule|Sleep Clause Mod: Limit one foe put to sleep\n|rule|Illusion Level Mod: Illusion disguises the Pok\u00e9mon's true level\n|\n|t:|1781413063\n|teamsize|p1|6\n|teamsize|p2|6\n|start\n|switch|p1a: Hoopa|Hoopa-Unbound, L80|259/259\n|switch|p2a: Regice|Regice, L88|284/284\n|turn|1\n|inactive|Battle timer is ON: inactive players will automatically lose when time's up. (requested by eeveekitsu)\n|\n|t:|1781413086\n|move|p1a: Hoopa|Focus Blast|p2a: Regice\n|-supereffective|p2a: Regice\n|-damage|p2a: Regice|172/284\n|move|p2a: Regice|Ice Beam|p1a: Hoopa\n|-damage|p1a: Hoopa|201/259\n|\n|upkeep\n|turn|2\n|\n|t:|1781413104\n|move|p1a: Hoopa|Psychic|p2a: Regice\n|-damage|p2a: Regice|105/284\n|move|p2a: Regice|Thunderbolt|p1a: Hoopa\n|-damage|p1a: Hoopa|162/259\n|\n|upkeep\n|turn|3\n|\n|t:|1781413112\n|move|p1a: Hoopa|Hyperspace Fury|p2a: Regice\n|-damage|p2a: Regice|0 fnt\n|-unboost|p1a: Hoopa|def|1\n|faint|p2a: Regice\n|\n|upkeep\n|\n|t:|1781413129\n|switch|p2a: Rotom|Rotom, L88|231/231\n|turn|4\n|\n|t:|1781413140\n|move|p2a: Rotom|Shadow Ball|p1a: Hoopa\n|-damage|p1a: Hoopa|100/259\n|-damage|p2a: Rotom|208/231|[from] item: Life Orb\n|move|p1a: Hoopa|Hyperspace Fury|p2a: Rotom\n|-supereffective|p2a: Rotom\n|-damage|p2a: Rotom|0 fnt\n|-unboost|p1a: Hoopa|def|1\n|faint|p2a: Rotom\n|\n|upkeep\n|\n|t:|1781413152\n|switch|p2a: Toxicroak|Toxicroak, L84, F|277/277\n|turn|5\n|\n|t:|1781413164\n|move|p2a: Toxicroak|Gunk Shot|p1a: Hoopa|[miss]\n|-miss|p2a: Toxicroak|p1a: Hoopa\n|move|p1a: Hoopa|Psychic|p2a: Toxicroak\n|-supereffective|p2a: Toxicroak\n|-damage|p2a: Toxicroak|0 fnt\n|faint|p2a: Toxicroak\n|\n|upkeep\n|\n|t:|1781413168\n|switch|p2a: Oricorio|Oricorio-Pa'u, L87, F|272/272\n|turn|6\n|\n|t:|1781413182\n|move|p2a: Oricorio|Quiver Dance|p2a: Oricorio\n|-boost|p2a: Oricorio|spa|1\n|-boost|p2a: Oricorio|spd|1\n|-boost|p2a: Oricorio|spe|1\n|move|p1a: Hoopa|Hyperspace Fury|p2a: Oricorio\n|-supereffective|p2a: Oricorio\n|-damage|p2a: Oricorio|0 fnt\n|-unboost|p1a: Hoopa|def|1\n|faint|p2a: Oricorio\n|\n|upkeep\n|\n|t:|1781413188\n|switch|p2a: Oinkologne|Oinkologne, L92, M|352/352\n|turn|7\n|\n|t:|1781413198\n|move|p1a: Hoopa|Focus Blast|p2a: Oinkologne\n|-supereffective|p2a: Oinkologne\n|-damage|p2a: Oinkologne|106/352\n|move|p2a: Oinkologne|High Horsepower|p1a: Hoopa\n|-damage|p1a: Hoopa|0 fnt\n|faint|p1a: Hoopa\n|\n|-heal|p2a: Oinkologne|128/352|[from] item: Leftovers\n|upkeep\n|\n|t:|1781413206\n|switch|p1a: Lunala|Lunala, L70|308/308\n|turn|8\n|\n|t:|1781413213\n|-terastallize|p2a: Oinkologne|Ground\n|move|p1a: Lunala|Focus Blast|p2a: Oinkologne\n|-damage|p2a: Oinkologne|45/352\n|move|p2a: Oinkologne|Lash Out|p1a: Lunala\n|-supereffective|p1a: Lunala\n|-damage|p1a: Lunala|152/308\n|\n|-heal|p1a: Lunala|171/308|[from] item: Leftovers\n|-heal|p2a: Oinkologne|67/352|[from] item: Leftovers\n|upkeep\n|turn|9\n|\n|t:|1781413222\n|move|p1a: Lunala|Moongeist Beam|p2a: Oinkologne\n|-crit|p2a: Oinkologne\n|-damage|p2a: Oinkologne|0 fnt\n|faint|p2a: Oinkologne\n|\n|-heal|p1a: Lunala|190/308|[from] item: Leftovers\n|upkeep\n|\n|t:|1781413226\n|switch|p2a: Gyarados|Gyarados, L79, F|280/280\n|-ability|p2a: Gyarados|Intimidate|boost\n|-unboost|p1a: Lunala|atk|1\n|turn|10\n|\n|t:|1781413239\n|move|p1a: Lunala|Calm Mind|p1a: Lunala\n|-boost|p1a: Lunala|spa|1\n|-boost|p1a: Lunala|spd|1\n|move|p2a: Gyarados|Dragon Dance|p2a: Gyarados\n|-boost|p2a: Gyarados|atk|1\n|-boost|p2a: Gyarados|spe|1\n|\n|-heal|p1a: Lunala|209/308|[from] item: Leftovers\n|upkeep\n|turn|11\n|\n|t:|1781413261\n|move|p2a: Gyarados|Dragon Dance|p2a: Gyarados\n|-boost|p2a: Gyarados|atk|1\n|-boost|p2a: Gyarados|spe|1\n|move|p1a: Lunala|Moongeist Beam|p2a: Gyarados\n|-damage|p2a: Gyarados|130/280\n|\n|-heal|p1a: Lunala|228/308|[from] item: Leftovers\n|upkeep\n|turn|12\n|inactive|eeveekitsu has 120 seconds left.\n|\n|t:|1781413292\n|move|p2a: Gyarados|Earthquake|p1a: Lunala\n|-damage|p1a: Lunala|55/308\n|move|p1a: Lunala|Moongeist Beam|p2a: Gyarados\n|-damage|p2a: Gyarados|0 fnt\n|faint|p2a: Gyarados\n|\n|win|eeveekitsu\n|raw|eeveekitsu's rating: 1108 &rarr; <strong>1136</strong><br />(+28 for winning)\n|raw|Ikuro_974's rating: 1144 &rarr; <strong>1116</strong><br />(-28 for losing)\n|l|\u2606Ikuro_974\n|player|p2|\n", "inputlog": ">version a8376a258c1d4662feba110a92103f3664a72141\n>start {\"formatid\":\"gen9randombattle\",\"seed\":\"sodium,8a388e25d5fc4c15b70aa889f16675df\",\"rated\":\"Rated battle\"}\n>player p1 {\"name\":\"eeveekitsu\",\"avatar\":\"n\",\"rating\":1108,\"seed\":\"sodium,7d504501241fd9ec28fcd6aafc48bb06\"}\n>player p2 {\"name\":\"Ikuro_974\",\"avatar\":\"101\",\"rating\":1144,\"seed\":\"sodium,140d75ccefd1a3eb1c718f2c840469ca\"}\n>p1 move focusblast\n>p2 move icebeam\n>p1 move psychic\n>p2 move thunderbolt\n>p1 move hyperspacefury\n>p2 move rest\n>p2 switch 5\n>p1 move hyperspacefury\n>p2 move shadowball\n>p2 switch 6\n>p1 move psychic\n>p2 move gunkshot\n>p2 switch 4\n>p1 move hyperspacefury\n>p2 move quiverdance\n>p2 switch 3\n>p1 move focusblast\n>p2 move highhorsepower\n>p1 switch 6\n>p1 move focusblast\n>p2 move lashout terastallize\n>p1 move moongeistbeam\n>p2 move lashout\n>p2 switch 2\n>p1 move calmmind\n>p2 move dragondance\n>p1 move moongeistbeam\n>p2 move dragondance\n>p1 move moongeistbeam\n>p2 move earthquake", "uploadtime": 1781413302, "views": 5, "formatid": "gen9randombattle", "rating": 1116, "private": 0, "password": null}