{"id": "gen9randombattle-2631962811", "format": "[Gen 9] Random Battle", "players": ["Lyfie", "nobody22"], "log": "|j|\u2606Lyfie\n|j|\u2606nobody22\n|t:|1781460399\n|gametype|singles\n|player|p1|Lyfie|jasmine|1969\n|player|p2|nobody22|170|1968\n|gen|9\n|tier|[Gen 9] Random Battle\n|rated|\n|rule|Species Clause: Limit one of each Pok\u00e9mon\n|rule|HP Percentage Mod: HP is shown in percentages\n|rule|Sleep Clause Mod: Limit one foe put to sleep\n|rule|Illusion Level Mod: Illusion disguises the Pok\u00e9mon's true level\n|\n|t:|1781460399\n|teamsize|p1|6\n|teamsize|p2|6\n|start\n|switch|p1a: Dedenne|Dedenne, L88, M|261/261\n|switch|p2a: Wugtrio|Wugtrio, L91, M|212/212\n|turn|1\n|\n|t:|1781460415\n|move|p2a: Wugtrio|Stomping Tantrum|p1a: Dedenne\n|-supereffective|p1a: Dedenne\n|-damage|p1a: Dedenne|31/261\n|-enditem|p1a: Dedenne|Sitrus Berry|[eat]\n|-heal|p1a: Dedenne|96/261|[from] item: Sitrus Berry\n|-heal|p1a: Dedenne|183/261|[from] ability: Cheek Pouch\n|move|p1a: Dedenne|Nuzzle|p2a: Wugtrio\n|-supereffective|p2a: Wugtrio\n|-crit|p2a: Wugtrio\n|-damage|p2a: Wugtrio|146/212\n|-status|p2a: Wugtrio|par\n|-ability|p2a: Wugtrio|Gooey\n|-unboost|p1a: Dedenne|spe|1\n|\n|upkeep\n|turn|2\n|\n|t:|1781460430\n|move|p1a: Dedenne|Thunderbolt|p2a: Wugtrio\n|-supereffective|p2a: Wugtrio\n|-damage|p2a: Wugtrio|0 fnt\n|faint|p2a: Wugtrio\n|\n|upkeep\n|\n|t:|1781460440\n|switch|p2a: Bellibolt|Bellibolt, L84, F|320/320\n|turn|3\n|\n|t:|1781460449\n|move|p1a: Dedenne|U-turn|p2a: Bellibolt\n|-damage|p2a: Bellibolt|281/320\n|-start|p2a: Bellibolt|Charge|U-turn|[from] ability: Electromorphosis\n|\n|t:|1781460453\n|switch|p1a: Amoonguss|Amoonguss, L82, F|321/321|[from] U-turn\n|move|p2a: Bellibolt|Muddy Water|p1a: Amoonguss|[miss]\n|-miss|p2a: Bellibolt|p1a: Amoonguss\n|\n|-heal|p2a: Bellibolt|301/320|[from] item: Leftovers\n|upkeep\n|turn|4\n|\n|t:|1781460461\n|move|p2a: Bellibolt|Volt Switch|p1a: Amoonguss\n|-resisted|p1a: Amoonguss\n|-damage|p1a: Amoonguss|243/321\n|-end|p2a: Bellibolt|Charge|[silent]\n|\n|t:|1781460463\n|switch|p2a: Goodra|Goodra-Hisui, L82, M|265/265|[from] Volt Switch\n|move|p1a: Amoonguss|Toxic|p2a: Goodra\n|-immune|p2a: Goodra\n|\n|upkeep\n|turn|5\n|\n|t:|1781460479\n|switch|p1a: Dedenne|Dedenne, L88, M|183/261\n|move|p2a: Goodra|Fire Blast|p1a: Dedenne\n|-damage|p1a: Dedenne|87/261\n|\n|upkeep\n|turn|6\n|\n|t:|1781460489\n|switch|p2a: Bellibolt|Bellibolt, L84, F|301/320\n|move|p1a: Dedenne|U-turn|p2a: Bellibolt\n|-damage|p2a: Bellibolt|264/320\n|-start|p2a: Bellibolt|Charge|U-turn|[from] ability: Electromorphosis\n|\n|t:|1781460509\n|switch|p1a: Mesprit|Mesprit, L85|275/275|[from] U-turn\n|\n|-heal|p2a: Bellibolt|284/320|[from] item: Leftovers\n|upkeep\n|turn|7\n|\n|t:|1781460514\n|move|p1a: Mesprit|Nasty Plot|p1a: Mesprit\n|-boost|p1a: Mesprit|spa|2\n|move|p2a: Bellibolt|Volt Switch|p1a: Mesprit\n|-damage|p1a: Mesprit|142/275\n|-end|p2a: Bellibolt|Charge|[silent]\n|\n|t:|1781460528\n|switch|p2a: Goodra|Goodra-Hisui, L82, M|265/265|[from] Volt Switch\n|\n|upkeep\n|turn|8\n|\n|t:|1781460534\n|move|p1a: Mesprit|Ice Beam|p2a: Goodra\n|-damage|p2a: Goodra|188/265\n|-damage|p1a: Mesprit|115/275|[from] item: Life Orb\n|move|p2a: Goodra|Draco Meteor|p1a: Mesprit\n|-damage|p1a: Mesprit|0 fnt\n|-unboost|p2a: Goodra|spa|2\n|faint|p1a: Mesprit\n|\n|upkeep\n|\n|t:|1781460559\n|switch|p1a: Zarude|Zarude, L77|288/288\n|turn|9\n|\n|t:|1781460569\n|switch|p2a: Braviary|Braviary, L85, M|309/309\n|move|p1a: Zarude|Close Combat|p2a: Braviary\n|-damage|p2a: Braviary|214/309\n|-unboost|p1a: Zarude|def|1\n|-unboost|p1a: Zarude|spd|1\n|\n|upkeep\n|turn|10\n|\n|t:|1781460579\n|switch|p1a: Dedenne|Dedenne, L88, M|87/261\n|move|p2a: Braviary|Roost|p2a: Braviary\n|-heal|p2a: Braviary|309/309\n|-singleturn|p2a: Braviary|move: Roost\n|\n|upkeep\n|turn|11\n|\n|t:|1781460589\n|switch|p2a: Bellibolt|Bellibolt, L84, F|284/320\n|move|p1a: Dedenne|Thunderbolt|p2a: Bellibolt\n|-resisted|p2a: Bellibolt\n|-damage|p2a: Bellibolt|239/320\n|-start|p2a: Bellibolt|Charge|Thunderbolt|[from] ability: Electromorphosis\n|\n|-heal|p2a: Bellibolt|259/320|[from] item: Leftovers\n|upkeep\n|turn|12\n|\n|t:|1781460600\n|move|p1a: Dedenne|U-turn|p2a: Bellibolt\n|-damage|p2a: Bellibolt|222/320\n|-start|p2a: Bellibolt|Charge|U-turn|[from] ability: Electromorphosis\n|\n|t:|1781460606\n|switch|p1a: Amoonguss|Amoonguss, L82, F|321/321|[from] U-turn\n|move|p2a: Bellibolt|Volt Switch|p1a: Amoonguss\n|-resisted|p1a: Amoonguss\n|-damage|p1a: Amoonguss|233/321\n|-end|p2a: Bellibolt|Charge|[silent]\n|\n|t:|1781460609\n|switch|p2a: Goodra|Goodra-Hisui, L82, M|188/265|[from] Volt Switch\n|\n|upkeep\n|turn|13\n|\n|t:|1781460624\n|switch|p1a: Dedenne|Dedenne, L88, M|87/261\n|move|p2a: Goodra|Fire Blast|p1a: Dedenne\n|-damage|p1a: Dedenne|0 fnt\n|faint|p1a: Dedenne\n|\n|upkeep\n|\n|t:|1781460637\n|switch|p1a: Frosmoth|Frosmoth, L82, F|249/249\n|turn|14\n|\n|t:|1781460669\n|move|p1a: Frosmoth|Quiver Dance|p1a: Frosmoth\n|-boost|p1a: Frosmoth|spa|1\n|-boost|p1a: Frosmoth|spd|1\n|-boost|p1a: Frosmoth|spe|1\n|move|p2a: Goodra|Heavy Slam|p1a: Frosmoth\n|-supereffective|p1a: Frosmoth\n|-damage|p1a: Frosmoth|0 fnt\n|faint|p1a: Frosmoth\n|\n|upkeep\n|-message|Lyfie forfeited.\n|\n|win|nobody22\n", "inputlog": ">version a8376a258c1d4662feba110a92103f3664a72141\n>start {\"formatid\":\"gen9randombattle\",\"seed\":\"sodium,f4f2c4183e99e64c2689c48ddd751b8d\",\"rated\":\"Rated battle\"}\n>player p1 {\"name\":\"Lyfie\",\"avatar\":\"jasmine\",\"rating\":1969,\"seed\":\"sodium,8b61eab53388c6c4ba3ec557553b5c55\"}\n>player p2 {\"name\":\"nobody22\",\"avatar\":\"170\",\"rating\":1968,\"seed\":\"sodium,f2092e67f3e3fc0ed6250675463ca152\"}\n>p1 move nuzzle\n>p2 move stompingtantrum\n>p1 move thunderbolt\n>p2 move stompingtantrum\n>p2 switch 4\n>p1 move uturn\n>p2 move muddywater\n>p1 switch 6\n>p1 move toxic\n>p2 move voltswitch\n>p2 switch 5\n>p1 switch 6\n>p2 move fireblast\n>p1 move uturn\n>p2 switch 5\n>p1 switch 3\n>p1 move nastyplot\n>p2 move voltswitch\n>p2 switch 5\n>p1 move icebeam\n>p2 move dracometeor\n>p1 switch 2\n>p1 move closecombat\n>p2 switch 2\n>p1 switch 3\n>p2 move roost\n>p1 move thunderbolt\n>p2 switch 5\n>p1 move uturn\n>p2 move voltswitch\n>p1 switch 6\n>p2 switch 2\n>p1 switch 6\n>p2 move fireblast\n>p1 switch 5\n>p1 move quiverdance\n>p2 move heavyslam\n>forcelose p1", "uploadtime": 1781460401, "views": 6, "formatid": "gen9randombattle", "rating": null, "private": 0, "password": null}