{"id": "gen9randombattle-2631839085", "format": "[Gen 9] Random Battle", "players": ["lenee", "dyltrott"], "log": "|j|\u2606lenee\n|j|\u2606dyltrott\n|t:|1781446639\n|gametype|singles\n|player|p1|lenee|266|1992\n|player|p2|dyltrott|170|1932\n|gen|9\n|tier|[Gen 9] Random Battle\n|rated|\n|rule|Species Clause: Limit one of each Pok\u00e9mon\n|rule|HP Percentage Mod: HP is shown in percentages\n|rule|Sleep Clause Mod: Limit one foe put to sleep\n|rule|Illusion Level Mod: Illusion disguises the Pok\u00e9mon's true level\n|\n|t:|1781446639\n|teamsize|p1|6\n|teamsize|p2|6\n|start\n|switch|p1a: Eelektross|Eelektross, L87, F|290/290\n|switch|p2a: Solgaleo|Solgaleo, L74|325/325\n|turn|1\n|inactive|Battle timer is ON: inactive players will automatically lose when time's up. (requested by lenee)\n|inactive|dyltrott has 120 seconds left.\n|\n|t:|1781446690\n|move|p2a: Solgaleo|Knock Off|p1a: Eelektross\n|-damage|p1a: Eelektross|214/290\n|-enditem|p1a: Eelektross|Leftovers|[from] move: Knock Off|[of] p2a: Solgaleo\n|move|p1a: Eelektross|Coil|p1a: Eelektross\n|-boost|p1a: Eelektross|atk|1\n|-boost|p1a: Eelektross|def|1\n|-boost|p1a: Eelektross|accuracy|1\n|\n|upkeep\n|turn|2\n|\n|t:|1781446716\n|switch|p2a: Gurdurr|Gurdurr, L85, M|283/283\n|move|p1a: Eelektross|Coil|p1a: Eelektross\n|-boost|p1a: Eelektross|atk|1\n|-boost|p1a: Eelektross|def|1\n|-boost|p1a: Eelektross|accuracy|1\n|\n|upkeep\n|turn|3\n|\n|t:|1781446725\n|move|p1a: Eelektross|Supercell Slam|p2a: Gurdurr\n|-damage|p2a: Gurdurr|94/283\n|move|p2a: Gurdurr|Bulk Up|p2a: Gurdurr\n|-boost|p2a: Gurdurr|atk|1\n|-boost|p2a: Gurdurr|def|1\n|\n|upkeep\n|turn|4\n|\n|t:|1781446734\n|move|p2a: Gurdurr|Mach Punch|p1a: Eelektross\n|-damage|p1a: Eelektross|180/290\n|move|p1a: Eelektross|Supercell Slam|p2a: Gurdurr\n|-damage|p2a: Gurdurr|0 fnt\n|faint|p2a: Gurdurr\n|\n|upkeep\n|inactive|dyltrott has 120 seconds left.\n|\n|t:|1781446761\n|switch|p2a: Zacian|Zacian, L69|241/241\n|-ability|p2a: Zacian|Intrepid Sword|boost\n|-boost|p2a: Zacian|atk|1\n|turn|5\n|\n|t:|1781446768\n|move|p2a: Zacian|Play Rough|p1a: Eelektross\n|-damage|p1a: Eelektross|86/290\n|move|p1a: Eelektross|Supercell Slam|p2a: Zacian\n|-damage|p2a: Zacian|1/241\n|\n|upkeep\n|turn|6\n|\n|t:|1781446776\n|move|p2a: Zacian|Play Rough|p1a: Eelektross\n|-damage|p1a: Eelektross|0 fnt\n|faint|p1a: Eelektross\n|\n|upkeep\n|\n|t:|1781446779\n|switch|p1a: Banette|Banette, L93, M|270/270\n|turn|7\n|\n|t:|1781446782\n|switch|p2a: Grafaiai|Grafaiai, L86, M|249/249\n|move|p1a: Banette|Shadow Sneak|p2a: Grafaiai\n|-immune|p2a: Grafaiai\n|\n|upkeep\n|turn|8\n|\n|t:|1781446791\n|move|p2a: Grafaiai|Knock Off|p1a: Banette\n|-supereffective|p1a: Banette\n|-damage|p1a: Banette|100/270\n|-enditem|p1a: Banette|Life Orb|[from] move: Knock Off|[of] p2a: Grafaiai\n|move|p1a: Banette|Thunder Wave|p2a: Grafaiai\n|-status|p2a: Grafaiai|par\n|\n|upkeep\n|turn|9\n|inactive|lenee has 120 seconds left.\n|inactive|lenee has 90 seconds left.\n|inactive|lenee has 60 seconds left.\n|inactive|lenee has 30 seconds left.\n|\n|t:|1781446914\n|switch|p1a: Palossand|Palossand, L89, F|296/296\n|move|p2a: Grafaiai|Knock Off|p1a: Palossand\n|-supereffective|p1a: Palossand\n|-damage|p1a: Palossand|172/296\n|-enditem|p1a: Palossand|Leftovers|[from] move: Knock Off|[of] p2a: Grafaiai\n|\n|upkeep\n|turn|10\n|inactive|dyltrott has 120 seconds left.\n|\n|t:|1781446945\n|switch|p2a: Dodrio|Dodrio, L85, F|241/241\n|move|p1a: Palossand|Stealth Rock|p2a: Dodrio\n|-sidestart|p2: dyltrott|move: Stealth Rock\n|\n|upkeep\n|turn|11\n|\n|t:|1781446955\n|move|p2a: Dodrio|Swords Dance|p2a: Dodrio\n|-boost|p2a: Dodrio|atk|2\n|move|p1a: Palossand|Shore Up|p1a: Palossand\n|-heal|p1a: Palossand|296/296\n|\n|upkeep\n|turn|12\n|\n|t:|1781446962\n|switch|p1a: Diancie|Diancie, L82|216/216\n|move|p2a: Dodrio|Swords Dance|p2a: Dodrio\n|-boost|p2a: Dodrio|atk|2\n|\n|upkeep\n|turn|13\n|\n|t:|1781446968\n|-terastallize|p1a: Diancie|Fairy\n|move|p2a: Dodrio|Drill Run|p1a: Diancie\n|-damage|p1a: Diancie|87/216\n|move|p1a: Diancie|Diamond Storm|p2a: Dodrio\n|-supereffective|p2a: Dodrio\n|-crit|p2a: Dodrio\n|-damage|p2a: Dodrio|0 fnt\n|faint|p2a: Dodrio\n|\n|-heal|p1a: Diancie|100/216|[from] item: Leftovers\n|upkeep\n|\n|t:|1781446981\n|switch|p2a: Grafaiai|Grafaiai, L86, M|249/249 par\n|turn|14\n|\n|t:|1781446987\n|move|p1a: Diancie|Diamond Storm|p2a: Grafaiai\n|-damage|p2a: Grafaiai|129/249 par\n|cant|p2a: Grafaiai|par\n|\n|-heal|p1a: Diancie|113/216|[from] item: Leftovers\n|upkeep\n|turn|15\n|\n|t:|1781446993\n|move|p1a: Diancie|Earth Power|p2a: Grafaiai\n|-supereffective|p2a: Grafaiai\n|-damage|p2a: Grafaiai|0 fnt\n|faint|p2a: Grafaiai\n|\n|-heal|p1a: Diancie|126/216|[from] item: Leftovers\n|upkeep\n|\n|t:|1781446999\n|switch|p2a: Solgaleo|Solgaleo, L74|325/325\n|-damage|p2a: Solgaleo|305/325|[from] Stealth Rock\n|turn|16\n|inactive|lenee has 90 seconds left.\n|inactive|lenee has 60 seconds left.\n|inactive|lenee has 30 seconds left.\n|\n|t:|1781447066\n|move|p2a: Solgaleo|Flame Charge|p1a: Diancie\n|-crit|p1a: Diancie\n|-damage|p1a: Diancie|89/216\n|-boost|p2a: Solgaleo|spe|1\n|move|p1a: Diancie|Earth Power|p2a: Solgaleo\n|-supereffective|p2a: Solgaleo\n|-damage|p2a: Solgaleo|171/325\n|-enditem|p2a: Solgaleo|Weakness Policy\n|-boost|p2a: Solgaleo|atk|2|[from] item: Weakness Policy\n|-boost|p2a: Solgaleo|spa|2|[from] item: Weakness Policy\n|\n|-heal|p1a: Diancie|102/216|[from] item: Leftovers\n|upkeep\n|turn|17\n|\n|t:|1781447076\n|move|p2a: Solgaleo|Sunsteel Strike|p1a: Diancie\n|-supereffective|p1a: Diancie\n|-damage|p1a: Diancie|0 fnt\n|faint|p1a: Diancie\n|\n|upkeep\n|\n|t:|1781447085\n|switch|p1a: Palossand|Palossand, L89, F|296/296\n|turn|18\n|\n|t:|1781447091\n|-terastallize|p2a: Solgaleo|Fighting\n|move|p2a: Solgaleo|Sunsteel Strike|p1a: Palossand\n|-damage|p1a: Palossand|130/296\n|move|p1a: Palossand|Earth Power|p2a: Solgaleo\n|-damage|p2a: Solgaleo|47/325\n|\n|upkeep\n|turn|19\n|inactive|lenee has 30 seconds left.\n|inactive|lenee has 20 seconds left.\n|inactive|lenee has 15 seconds left.\n|inactive|lenee has 10 seconds left.\n|\n|t:|1781447137\n|move|p2a: Solgaleo|Sunsteel Strike|p1a: Palossand\n|-damage|p1a: Palossand|0 fnt\n|faint|p1a: Palossand\n|\n|upkeep\n|inactive|lenee has 15 seconds left this turn.\n|\n|t:|1781447139\n|switch|p1a: Banette|Banette, L93, M|100/270\n|turn|20\n|inactive|lenee has 25 seconds left this turn.\n|\n|t:|1781447147\n|switch|p2a: Grimmsnarl|Grimmsnarl, L83, M|293/293\n|-damage|p2a: Grimmsnarl|257/293|[from] Stealth Rock\n|move|p1a: Banette|Shadow Sneak|p2a: Grimmsnarl\n|-resisted|p2a: Grimmsnarl\n|-damage|p2a: Grimmsnarl|220/293\n|\n|-heal|p2a: Grimmsnarl|238/293|[from] item: Leftovers\n|upkeep\n|turn|21\n|inactive|lenee has 30 seconds left.\n|\n|t:|1781447176\n|move|p2a: Grimmsnarl|Sucker Punch||[still]\n|-fail|p2a: Grimmsnarl\n|move|p1a: Banette|Thunder Wave|p2a: Grimmsnarl\n|-status|p2a: Grimmsnarl|par\n|\n|-heal|p2a: Grimmsnarl|256/293 par|[from] item: Leftovers\n|upkeep\n|turn|22\n|inactive|lenee has 30 seconds left.\n|\n|t:|1781447185\n|move|p2a: Grimmsnarl|Sucker Punch|p1a: Banette\n|-supereffective|p1a: Banette\n|-damage|p1a: Banette|0 fnt\n|-start|p2a: Grimmsnarl|Disable|Sucker Punch|[from] ability: Cursed Body|[of] p1a: Banette\n|faint|p1a: Banette\n|\n|-heal|p2a: Grimmsnarl|274/293 par|[from] item: Leftovers\n|upkeep\n|\n|t:|1781447189\n|switch|p1a: Okidogi|Okidogi, L77, M|262/262\n|turn|23\n|\n|t:|1781447203\n|cant|p2a: Grimmsnarl|par\n|move|p1a: Okidogi|Gunk Shot|p2a: Grimmsnarl\n|-supereffective|p2a: Grimmsnarl\n|-damage|p2a: Grimmsnarl|0 fnt\n|faint|p2a: Grimmsnarl\n|\n|upkeep\n|\n|t:|1781447208\n|switch|p2a: Solgaleo|Solgaleo, L74, tera:Fighting|47/325\n|-damage|p2a: Solgaleo|27/325|[from] Stealth Rock\n|turn|24\n|c|\u2606dyltrott|ggwp\n|-message|dyltrott forfeited.\n|\n|win|lenee\n", "inputlog": ">version a8376a258c1d4662feba110a92103f3664a72141\n>start {\"formatid\":\"gen9randombattle\",\"seed\":\"sodium,524f85f1355d9e6fb3647e14709bf2f4\",\"rated\":\"Rated battle\"}\n>player p1 {\"name\":\"lenee\",\"avatar\":\"266\",\"rating\":1992,\"seed\":\"sodium,ac6ad482c6b3f296ae7e0ec8d58aad31\"}\n>player p2 {\"name\":\"dyltrott\",\"avatar\":\"170\",\"rating\":1932,\"seed\":\"sodium,924ccb746abd0f67e72fe0f5b3fbdce9\"}\n>p1 move coil\n>p2 move knockoff\n>p1 move coil\n>p2 switch 4\n>p1 move supercellslam\n>p2 move bulkup\n>p1 move supercellslam\n>p2 move machpunch\n>p2 switch 2\n>p1 move supercellslam\n>p2 move playrough\n>p1 move drainpunch\n>p2 move playrough\n>p1 switch 6\n>p1 move shadowsneak\n>p2 switch 3\n>p1 move thunderwave\n>p2 move knockoff\n>p1 switch 5\n>p2 move knockoff\n>p1 move stealthrock\n>p2 switch 5\n>p1 move shoreup\n>p2 move swordsdance\n>p1 switch 3\n>p2 move swordsdance\n>p1 move diamondstorm terastallize\n>p2 move drillrun\n>p2 switch 5\n>p1 move diamondstorm\n>p2 move gunkshot\n>p1 move earthpower\n>p2 move gunkshot\n>p2 switch 4\n>p1 move earthpower\n>p2 move flamecharge\n>p1 move diamondstorm\n>p2 move sunsteelstrike\n>p1 switch 3\n>p1 move earthpower\n>p2 move sunsteelstrike terastallize\n>p1 move earthpower\n>p2 move sunsteelstrike\n>p1 switch 5\n>p1 move shadowsneak\n>p2 switch 6\n>p1 move thunderwave\n>p2 move suckerpunch\n>p1 move gunkshot\n>p2 move suckerpunch\n>p1 switch 4\n>p1 move gunkshot\n>p2 move partingshot\n>p2 switch 6\n>chat \u2606dyltrott|ggwp\n>forcelose p2", "uploadtime": 1781446642, "views": 7, "formatid": "gen9randombattle", "rating": null, "private": 0, "password": null}