{"id": "gen9randombattle-2631742741", "format": "[Gen 9] Random Battle", "players": ["joebidenfan1245", "Jadasteel"], "log": "|j|\u2606joebidenfan1245\n|j|\u2606Jadasteel\n|t:|1781432285\n|gametype|singles\n|player|p1|joebidenfan1245|265|1949\n|player|p2|Jadasteel|fantina|2025\n|gen|9\n|tier|[Gen 9] Random Battle\n|rated|\n|rule|Species Clause: Limit one of each Pok\u00e9mon\n|rule|HP Percentage Mod: HP is shown in percentages\n|rule|Sleep Clause Mod: Limit one foe put to sleep\n|rule|Illusion Level Mod: Illusion disguises the Pok\u00e9mon's true level\n|\n|t:|1781432285\n|teamsize|p1|6\n|teamsize|p2|6\n|start\n|switch|p1a: Delibird|Delibird, F|252/252\n|switch|p2a: Registeel|Registeel, L81|262/262\n|turn|1\n|inactive|Battle timer is ON: inactive players will automatically lose when time's up. (requested by Jadasteel)\n|\n|t:|1781432316\n|switch|p1a: Hitmontop|Hitmontop, L88, M|231/231\n|-ability|p1a: Hitmontop|Intimidate|boost\n|-fail|p2a: Registeel|unboost|[from] ability: Clear Body|[of] p2a: Registeel\n|move|p2a: Registeel|Thunder Wave|p1a: Hitmontop\n|-status|p1a: Hitmontop|par\n|\n|upkeep\n|turn|2\n|\n|t:|1781432326\n|switch|p2a: Scream Tail|Scream Tail, L84|330/330\n|move|p1a: Hitmontop|Close Combat|p2a: Scream Tail\n|-resisted|p2a: Scream Tail\n|-damage|p2a: Scream Tail|300/330\n|-unboost|p1a: Hitmontop|def|1\n|-unboost|p1a: Hitmontop|spd|1\n|\n|-heal|p2a: Scream Tail|320/330|[from] item: Leftovers\n|upkeep\n|turn|3\n|\n|t:|1781432354\n|switch|p1a: Necrozma|Necrozma, L80|286/286\n|move|p2a: Scream Tail|Wish|p2a: Scream Tail\n|\n|-heal|p2a: Scream Tail|330/330|[from] item: Leftovers\n|upkeep\n|turn|4\n|\n|t:|1781432360\n|move|p2a: Scream Tail|Thunder Wave|p1a: Necrozma\n|-status|p1a: Necrozma|par\n|move|p1a: Necrozma|Swords Dance|p1a: Necrozma\n|-boost|p1a: Necrozma|atk|2\n|\n|upkeep\n|turn|5\n|\n|t:|1781432379\n|-end|p2a: Scream Tail|Protosynthesis|[silent]\n|switch|p2a: Samurott|Samurott-Hisui, L77, F|265/265\n|switch|p1a: Plusle|Plusle, L95, M|268/268\n|\n|upkeep\n|turn|6\n|\n|t:|1781432394\n|-terastallize|p2a: Samurott|Dark\n|move|p1a: Plusle|Thunderbolt|p2a: Samurott\n|-damage|p2a: Samurott|62/265\n|-damage|p1a: Plusle|242/268|[from] item: Life Orb\n|move|p2a: Samurott|Ceaseless Edge|p1a: Plusle|[miss]\n|-miss|p2a: Samurott|p1a: Plusle\n|\n|upkeep\n|turn|7\n|\n|t:|1781432403\n|switch|p2a: Raikou|Raikou, L81|278/278\n|-ability|p2a: Raikou|Pressure\n|move|p1a: Plusle|Alluring Voice|p2a: Raikou\n|-damage|p2a: Raikou|203/278\n|-damage|p1a: Plusle|216/268|[from] item: Life Orb\n|\n|-heal|p2a: Raikou|220/278|[from] item: Leftovers\n|upkeep\n|turn|8\n|\n|t:|1781432414\n|switch|p1a: Appletun|Appletun, L92, M|352/352\n|move|p2a: Raikou|Scald|p1a: Appletun\n|-resisted|p1a: Appletun\n|-damage|p1a: Appletun|338/352\n|\n|-heal|p2a: Raikou|237/278|[from] item: Leftovers\n|-heal|p1a: Appletun|352/352|[from] item: Leftovers\n|upkeep\n|turn|9\n|\n|t:|1781432421\n|switch|p2a: Scream Tail|Scream Tail, L84|330/330\n|move|p1a: Appletun|Leech Seed|p2a: Scream Tail\n|-start|p2a: Scream Tail|move: Leech Seed\n|\n|-damage|p2a: Scream Tail|289/330|[from] Leech Seed|[of] p1a: Appletun\n|upkeep\n|turn|10\n|\n|t:|1781432433\n|move|p2a: Scream Tail|Wish|p2a: Scream Tail\n|move|p1a: Appletun|Apple Acid|p2a: Scream Tail\n|-damage|p2a: Scream Tail|198/330\n|-unboost|p2a: Scream Tail|spd|1\n|\n|-heal|p2a: Scream Tail|218/330|[from] item: Leftovers\n|-damage|p2a: Scream Tail|177/330|[from] Leech Seed|[of] p1a: Appletun\n|upkeep\n|turn|11\n|\n|t:|1781432441\n|-end|p2a: Scream Tail|Protosynthesis|[silent]\n|switch|p2a: Scizor|Scizor, L79, M|240/240\n|switch|p1a: Plusle|Plusle, L95, M|216/268\n|\n|upkeep\n|turn|12\n|\n|t:|1781432460\n|switch|p1a: Hitmontop|Hitmontop, L88, M|231/231 par\n|-ability|p1a: Hitmontop|Intimidate|boost\n|-unboost|p2a: Scizor|atk|1\n|move|p2a: Scizor|Bug Bite|p1a: Hitmontop\n|-resisted|p1a: Hitmontop\n|-damage|p1a: Hitmontop|188/231 par\n|-damage|p2a: Scizor|216/240|[from] item: Life Orb\n|\n|upkeep\n|turn|13\n|\n|t:|1781432471\n|switch|p2a: Scream Tail|Scream Tail, L84|177/330\n|cant|p1a: Hitmontop|par\n|\n|-heal|p2a: Scream Tail|197/330|[from] item: Leftovers\n|upkeep\n|turn|14\n|\n|t:|1781432483\n|switch|p1a: Necrozma|Necrozma, L80|286/286 par\n|move|p2a: Scream Tail|Dazzling Gleam|p1a: Necrozma\n|-crit|p1a: Necrozma\n|-damage|p1a: Necrozma|183/286 par\n|\n|-heal|p2a: Scream Tail|217/330|[from] item: Leftovers\n|upkeep\n|turn|15\n|\n|t:|1781432490\n|move|p2a: Scream Tail|Wish|p2a: Scream Tail\n|cant|p1a: Necrozma|par\n|\n|-heal|p2a: Scream Tail|237/330|[from] item: Leftovers\n|upkeep\n|turn|16\n|\n|t:|1781432503\n|-end|p2a: Scream Tail|Protosynthesis|[silent]\n|switch|p2a: Registeel|Registeel, L81|262/262\n|cant|p1a: Necrozma|par\n|\n|upkeep\n|turn|17\n|\n|t:|1781432512\n|move|p2a: Registeel|Stealth Rock|p1a: Necrozma\n|-sidestart|p1: joebidenfan1245|move: Stealth Rock\n|move|p1a: Necrozma|Knock Off|p2a: Registeel\n|-damage|p2a: Registeel|206/262\n|-enditem|p2a: Registeel|Leftovers|[from] move: Knock Off|[of] p1a: Necrozma\n|-damage|p1a: Necrozma|155/286 par|[from] item: Life Orb\n|\n|upkeep\n|turn|18\n|\n|t:|1781432521\n|move|p2a: Registeel|Iron Head|p1a: Necrozma\n|-damage|p1a: Necrozma|92/286 par\n|cant|p1a: Necrozma|par\n|\n|upkeep\n|turn|19\n|\n|t:|1781432526\n|switch|p1a: Hitmontop|Hitmontop, L88, M|188/231 par\n|-damage|p1a: Hitmontop|174/231 par|[from] Stealth Rock\n|-ability|p1a: Hitmontop|Intimidate|boost\n|-fail|p2a: Registeel|unboost|[from] ability: Clear Body|[of] p2a: Registeel\n|move|p2a: Registeel|Iron Head|p1a: Hitmontop\n|-damage|p1a: Hitmontop|113/231 par\n|\n|upkeep\n|turn|20\n|\n|t:|1781432530\n|move|p2a: Registeel|Body Press|p1a: Hitmontop\n|-damage|p1a: Hitmontop|40/231 par\n|move|p1a: Hitmontop|Rapid Spin|p2a: Registeel\n|-resisted|p2a: Registeel\n|-damage|p2a: Registeel|193/262\n|-boost|p1a: Hitmontop|spe|1\n|-sideend|p1: joebidenfan1245|Stealth Rock|[from] move: Rapid Spin|[of] p1a: Hitmontop\n|\n|upkeep\n|turn|21\n|\n|t:|1781432539\n|switch|p2a: Scream Tail|Scream Tail, L84|237/330\n|cant|p1a: Hitmontop|par\n|\n|-heal|p2a: Scream Tail|257/330|[from] item: Leftovers\n|upkeep\n|turn|22\n|\n|t:|1781432566\n|move|p2a: Scream Tail|Wish|p2a: Scream Tail\n|move|p1a: Hitmontop|Stone Edge|p2a: Scream Tail\n|-damage|p2a: Scream Tail|187/330\n|\n|-heal|p2a: Scream Tail|207/330|[from] item: Leftovers\n|upkeep\n|turn|23\n|\n|t:|1781432578\n|move|p2a: Scream Tail|Dazzling Gleam|p1a: Hitmontop\n|-supereffective|p1a: Hitmontop\n|-damage|p1a: Hitmontop|0 fnt\n|faint|p1a: Hitmontop\n|\n|-heal|p2a: Scream Tail|330/330|[from] move: Wish|[wisher] Scream Tail\n|upkeep\n|\n|t:|1781432587\n|switch|p1a: Delibird|Delibird, F|252/252\n|turn|24\n|\n|t:|1781432596\n|move|p2a: Scream Tail|Thunder Wave|p1a: Delibird\n|-status|p1a: Delibird|par\n|move|p1a: Delibird|Brave Bird|p2a: Scream Tail\n|-damage|p2a: Scream Tail|179/330\n|-damage|p1a: Delibird|202/252 par|[from] Recoil\n|\n|-heal|p2a: Scream Tail|199/330|[from] item: Leftovers\n|upkeep\n|turn|25\n|\n|t:|1781432606\n|move|p2a: Scream Tail|Wish|p2a: Scream Tail\n|move|p1a: Delibird|Spikes|p2a: Scream Tail\n|-sidestart|p2: Jadasteel|Spikes\n|\n|-heal|p2a: Scream Tail|219/330|[from] item: Leftovers\n|upkeep\n|turn|26\n|\n|t:|1781432611\n|-end|p2a: Scream Tail|Protosynthesis|[silent]\n|switch|p2a: Samurott|Samurott-Hisui, L77, F, tera:Dark|62/265\n|-damage|p2a: Samurott|29/265|[from] Spikes\n|move|p1a: Delibird|Spikes|p2a: Samurott\n|-sidestart|p2: Jadasteel|Spikes\n|\n|-heal|p2a: Samurott|194/265|[from] move: Wish|[wisher] Scream Tail\n|upkeep\n|turn|27\n|\n|t:|1781432622\n|move|p2a: Samurott|Ceaseless Edge|p1a: Delibird\n|-damage|p1a: Delibird|0 fnt\n|-sidestart|p1: joebidenfan1245|Spikes\n|faint|p1a: Delibird\n|-damage|p2a: Samurott|168/265|[from] item: Life Orb\n|\n|upkeep\n|\n|t:|1781432638\n|switch|p1a: Appletun|Appletun, L92, M|352/352\n|-damage|p1a: Appletun|308/352|[from] Spikes\n|turn|28\n|\n|t:|1781432643\n|move|p2a: Samurott|Ceaseless Edge|p1a: Appletun\n|-damage|p1a: Appletun|152/352\n|-sidestart|p1: joebidenfan1245|Spikes\n|-damage|p2a: Samurott|142/265|[from] item: Life Orb\n|move|p1a: Appletun|Leech Seed|p2a: Samurott\n|-start|p2a: Samurott|move: Leech Seed\n|\n|-heal|p1a: Appletun|174/352|[from] item: Leftovers\n|-damage|p2a: Samurott|109/265|[from] Leech Seed|[of] p1a: Appletun\n|-heal|p1a: Appletun|207/352|[silent]\n|upkeep\n|turn|29\n|\n|t:|1781432656\n|switch|p2a: Scream Tail|Scream Tail, L84|219/330\n|-damage|p2a: Scream Tail|164/330|[from] Spikes\n|move|p1a: Appletun|Recover|p1a: Appletun\n|-heal|p1a: Appletun|352/352\n|\n|-heal|p2a: Scream Tail|184/330|[from] item: Leftovers\n|upkeep\n|turn|30\n|\n|t:|1781432661\n|switch|p1a: Plusle|Plusle, L95, M|216/268\n|-damage|p1a: Plusle|172/268|[from] Spikes\n|move|p2a: Scream Tail|Dazzling Gleam|p1a: Plusle\n|-damage|p1a: Plusle|106/268\n|\n|-heal|p2a: Scream Tail|204/330|[from] item: Leftovers\n|upkeep\n|turn|31\n|\n|t:|1781432671\n|move|p2a: Scream Tail|Wish|p2a: Scream Tail\n|move|p1a: Plusle|Nasty Plot|p1a: Plusle\n|-boost|p1a: Plusle|spa|2\n|\n|-heal|p2a: Scream Tail|224/330|[from] item: Leftovers\n|upkeep\n|turn|32\n|\n|t:|1781432676\n|move|p2a: Scream Tail|Dazzling Gleam|p1a: Plusle\n|-damage|p1a: Plusle|40/268\n|move|p1a: Plusle|Thunderbolt|p2a: Scream Tail\n|-damage|p2a: Scream Tail|0 fnt\n|faint|p2a: Scream Tail\n|-end|p2a: Scream Tail|Protosynthesis|[silent]\n|-damage|p1a: Plusle|14/268|[from] item: Life Orb\n|\n|upkeep\n|\n|t:|1781432693\n|switch|p2a: Samurott|Samurott-Hisui, L77, F, tera:Dark|109/265\n|-damage|p2a: Samurott|65/265|[from] Spikes\n|turn|33\n|\n|t:|1781432702\n|move|p2a: Samurott|Sucker Punch||[still]\n|-fail|p2a: Samurott\n|move|p1a: Plusle|Nasty Plot|p1a: Plusle\n|-boost|p1a: Plusle|spa|2\n|\n|upkeep\n|turn|34\n|\n|t:|1781432707\n|move|p2a: Samurott|Sucker Punch|p1a: Plusle\n|-damage|p1a: Plusle|0 fnt\n|faint|p1a: Plusle\n|-damage|p2a: Samurott|39/265|[from] item: Life Orb\n|\n|upkeep\n|\n|t:|1781432729\n|switch|p1a: Sawsbuck|Sawsbuck-Winter, L88, F|284/284\n|-damage|p1a: Sawsbuck|237/284|[from] Spikes\n|turn|35\n|\n|t:|1781432734\n|move|p1a: Sawsbuck|Horn Leech|p2a: Samurott\n|-damage|p2a: Samurott|0 fnt\n|-heal|p1a: Sawsbuck|257/284|[from] drain|[of] p2a: Samurott\n|faint|p2a: Samurott\n|-damage|p1a: Sawsbuck|229/284|[from] item: Life Orb\n|\n|upkeep\n|\n|t:|1781432742\n|switch|p2a: Registeel|Registeel, L81|193/262\n|-damage|p2a: Registeel|150/262|[from] Spikes\n|turn|36\n|\n|t:|1781432749\n|switch|p1a: Necrozma|Necrozma, L80|92/286 par\n|-damage|p1a: Necrozma|45/286 par|[from] Spikes\n|move|p2a: Registeel|Thunder Wave|p1a: Necrozma\n|-fail|p1a: Necrozma|par\n|\n|upkeep\n|turn|37\n|\n|t:|1781432756\n|move|p2a: Registeel|Stealth Rock|p1a: Necrozma\n|-sidestart|p1: joebidenfan1245|move: Stealth Rock\n|move|p1a: Necrozma|Earthquake|p2a: Registeel\n|-supereffective|p2a: Registeel\n|-damage|p2a: Registeel|15/262\n|-damage|p1a: Necrozma|17/286 par|[from] item: Life Orb\n|\n|upkeep\n|turn|38\n|\n|t:|1781432762\n|move|p2a: Registeel|Iron Head|p1a: Necrozma\n|-damage|p1a: Necrozma|0 fnt\n|faint|p1a: Necrozma\n|\n|upkeep\n|\n|t:|1781432764\n|switch|p1a: Sawsbuck|Sawsbuck-Winter, L88, F|229/284\n|-damage|p1a: Sawsbuck|182/284|[from] Spikes\n|-damage|p1a: Sawsbuck|147/284|[from] Stealth Rock\n|turn|39\n|\n|t:|1781432767\n|move|p1a: Sawsbuck|Horn Leech|p2a: Registeel\n|-resisted|p2a: Registeel\n|-damage|p2a: Registeel|0 fnt\n|-heal|p1a: Sawsbuck|155/284|[from] drain|[of] p2a: Registeel\n|faint|p2a: Registeel\n|-damage|p1a: Sawsbuck|127/284|[from] item: Life Orb\n|\n|upkeep\n|\n|t:|1781432777\n|switch|p2a: Scizor|Scizor, L79, M|216/240\n|-damage|p2a: Scizor|176/240|[from] Spikes\n|turn|40\n|\n|t:|1781432788\n|switch|p1a: Appletun|Appletun, L92, M|352/352\n|-damage|p1a: Appletun|294/352|[from] Spikes\n|-damage|p1a: Appletun|250/352|[from] Stealth Rock\n|move|p2a: Scizor|Swords Dance|p2a: Scizor\n|-boost|p2a: Scizor|atk|2\n|\n|-heal|p1a: Appletun|272/352|[from] item: Leftovers\n|upkeep\n|turn|41\n|\n|t:|1781432798\n|-terastallize|p1a: Appletun|Steel\n|move|p2a: Scizor|Close Combat|p1a: Appletun\n|-supereffective|p1a: Appletun\n|-damage|p1a: Appletun|0 fnt\n|-unboost|p2a: Scizor|def|1\n|-unboost|p2a: Scizor|spd|1\n|faint|p1a: Appletun\n|-damage|p2a: Scizor|152/240|[from] item: Life Orb\n|\n|upkeep\n|-message|joebidenfan1245 forfeited.\n|\n|win|Jadasteel\n", "inputlog": ">version a8376a258c1d4662feba110a92103f3664a72141\n>start {\"formatid\":\"gen9randombattle\",\"seed\":\"sodium,2430d7795dc6fa978db482f6258dcc62\",\"rated\":\"Rated battle\"}\n>player p1 {\"name\":\"joebidenfan1245\",\"avatar\":\"265\",\"rating\":1949,\"seed\":\"sodium,0bf0cc450d180d9608b233913a094407\"}\n>player p2 {\"name\":\"Jadasteel\",\"avatar\":\"fantina\",\"rating\":2025,\"seed\":\"sodium,170c7b92fb5cc2e22be580d0975eae2a\"}\n>p1 switch 6\n>p2 move thunderwave\n>p1 move closecombat\n>p2 switch 6\n>p1 switch 3\n>p2 move wish\n>p1 move swordsdance\n>p2 move thunderwave\n>p1 switch 4\n>p2 switch 4\n>p1 move thunderbolt\n>p2 move ceaselessedge terastallize\n>p1 move alluringvoice\n>p2 switch 5\n>p1 switch 5\n>p2 move scald\n>p1 move leechseed\n>p2 switch 4\n>p1 move appleacid\n>p2 move wish\n>p1 switch 5\n>p2 switch 2\n>p1 switch 3\n>p2 move bugbite\n>p1 move stoneedge\n>p2 switch 2\n>p1 switch 4\n>p2 move dazzlinggleam\n>p1 move knockoff\n>p2 move wish\n>p1 move knockoff\n>p2 switch 6\n>p1 move knockoff\n>p2 move stealthrock\n>p1 move swordsdance\n>p2 move ironhead\n>p1 switch 4\n>p2 move ironhead\n>p1 move rapidspin\n>p2 move bodypress\n>p1 move closecombat\n>p2 switch 6\n>p1 move stoneedge\n>p2 move wish\n>p1 move closecombat\n>p2 move dazzlinggleam\n>p1 switch 6\n>p1 move bravebird\n>p2 move thunderwave\n>p1 move spikes\n>p2 move wish\n>p1 move spikes\n>p2 switch 5\n>p1 move spikes\n>p2 move ceaselessedge\n>p1 switch 5\n>p1 move leechseed\n>p2 move ceaselessedge\n>p1 move recover\n>p2 switch 5\n>p1 switch 3\n>p2 move dazzlinggleam\n>p1 move nastyplot\n>p2 move wish\n>p1 move thunderbolt\n>p2 move dazzlinggleam\n>p2 switch 5\n>p1 move nastyplot\n>p2 move suckerpunch\n>p1 move thunderbolt\n>p2 move suckerpunch\n>p1 switch 2\n>p1 move hornleech\n>p2 move ceaselessedge\n>p2 switch 6\n>p1 switch 4\n>p2 move thunderwave\n>p1 move earthquake\n>p2 move stealthrock\n>p1 move earthquake\n>p2 move ironhead\n>p1 switch 4\n>p1 move hornleech\n>p2 move bodypress\n>p2 switch 2\n>p1 switch 3\n>p2 move swordsdance\n>p1 move leechseed terastallize\n>p2 move closecombat\n>forcelose p1", "uploadtime": 1781432287, "views": 5, "formatid": "gen9randombattle", "rating": null, "private": 0, "password": null}