{"id": "gen9randombattle-2631399670", "format": "[Gen 9] Random Battle", "players": ["hepooo", "marper8"], "log": "|j|\u2606hepooo\n|j|\u2606marper8\n|t:|1781380052\n|gametype|singles\n|player|p1|hepooo|morty|2244\n|player|p2|marper8|102|2209\n|gen|9\n|tier|[Gen 9] Random Battle\n|rated|\n|rule|Species Clause: Limit one of each Pok\u00e9mon\n|rule|HP Percentage Mod: HP is shown in percentages\n|rule|Sleep Clause Mod: Limit one foe put to sleep\n|rule|Illusion Level Mod: Illusion disguises the Pok\u00e9mon's true level\n|\n|t:|1781380052\n|teamsize|p1|6\n|teamsize|p2|6\n|start\n|switch|p1a: Garganacl|Garganacl, L80, F|291/291\n|switch|p2a: Slowking|Slowking-Galar, L85, F|300/300\n|turn|1\n|inactive|Battle timer is ON: inactive players will automatically lose when time's up. (requested by marper8)\n|\n|t:|1781380080\n|move|p1a: Garganacl|Stealth Rock|p2a: Slowking\n|-sidestart|p2: marper8|move: Stealth Rock\n|move|p2a: Slowking|Future Sight|p1a: Garganacl\n|-start|p2a: Slowking|move: Future Sight\n|\n|upkeep\n|turn|2\n|\n|t:|1781380086\n|move|p1a: Garganacl|Salt Cure|p2a: Slowking\n|-damage|p2a: Slowking|258/300\n|-start|p2a: Slowking|Salt Cure\n|move|p2a: Slowking|Psychic Noise|p1a: Garganacl\n|-damage|p1a: Garganacl|192/291\n|-start|p1a: Garganacl|move: Heal Block\n|\n|-damage|p2a: Slowking|221/300|[from] Salt Cure\n|upkeep\n|turn|3\n|\n|t:|1781380095\n|switch|p1a: Oranguru|Oranguru, L92, F|315/315\n|move|p2a: Slowking|Fire Blast|p1a: Oranguru\n|-damage|p1a: Oranguru|240/315\n|\n|-end|p1a: Oranguru|move: Future Sight\n|-resisted|p1a: Oranguru\n|-damage|p1a: Oranguru|180/315\n|-damage|p2a: Slowking|184/300|[from] Salt Cure\n|upkeep\n|turn|4\n|j| Rabiesdfsdf\n|\n|t:|1781380103\n|switch|p2a: Klefki|Klefki, L84, F|233/233\n|-damage|p2a: Klefki|219/233|[from] Stealth Rock\n|move|p1a: Oranguru|Psyshock|p2a: Klefki\n|-resisted|p2a: Klefki\n|-damage|p2a: Klefki|155/233\n|\n|-heal|p2a: Klefki|169/233|[from] item: Leftovers\n|upkeep\n|turn|5\n|\n|t:|1781380114\n|switch|p1a: Garganacl|Garganacl, L80, F|192/291\n|move|p2a: Klefki|Spikes|p1a: Garganacl\n|-sidestart|p1: hepooo|Spikes\n|\n|-heal|p2a: Klefki|183/233|[from] item: Leftovers\n|-heal|p1a: Garganacl|210/291|[from] item: Leftovers\n|upkeep\n|turn|6\n|\n|t:|1781380119\n|switch|p2a: Altaria|Altaria, L89, F|278/278\n|move|p1a: Garganacl|Salt Cure|p2a: Altaria\n|-supereffective|p2a: Altaria\n|-damage|p2a: Altaria|200/278\n|-start|p2a: Altaria|Salt Cure\n|\n|-heal|p1a: Garganacl|228/291|[from] item: Leftovers\n|-damage|p2a: Altaria|166/278|[from] Salt Cure\n|upkeep\n|turn|7\n|\n|t:|1781380133\n|switch|p1a: Oranguru|Oranguru, L92, F|180/315\n|-damage|p1a: Oranguru|141/315|[from] Spikes\n|move|p2a: Altaria|Roost|p2a: Altaria\n|-heal|p2a: Altaria|278/278\n|-singleturn|p2a: Altaria|move: Roost\n|\n|-damage|p2a: Altaria|244/278|[from] Salt Cure\n|upkeep\n|turn|8\n|\n|t:|1781380141\n|move|p2a: Altaria|Brave Bird|p1a: Oranguru\n|-damage|p1a: Oranguru|24/315\n|-damage|p2a: Altaria|205/278|[from] Recoil\n|move|p1a: Oranguru|Psyshock|p2a: Altaria\n|-damage|p2a: Altaria|63/278\n|\n|-damage|p2a: Altaria|29/278|[from] Salt Cure\n|upkeep\n|turn|9\n|\n|t:|1781380145\n|move|p2a: Altaria|Earthquake|p1a: Oranguru\n|-damage|p1a: Oranguru|0 fnt\n|faint|p1a: Oranguru\n|\n|-damage|p2a: Altaria|0 fnt|[from] Salt Cure\n|faint|p2a: Altaria\n|upkeep\n|\n|t:|1781380152\n|switch|p2a: Slowking|Slowking-Galar, L85, F|284/300\n|switch|p1a: Hippowdon|Hippowdon, L82, F|311/311\n|-damage|p1a: Hippowdon|273/311|[from] Spikes\n|-weather|Sandstorm|[from] ability: Sand Stream|[of] p1a: Hippowdon\n|-damage|p2a: Slowking|247/300|[from] Stealth Rock\n|turn|10\n|\n|t:|1781380155\n|switch|p2a: Grimmsnarl|Grimmsnarl, L83, M|293/293\n|-damage|p2a: Grimmsnarl|257/293|[from] Stealth Rock\n|move|p1a: Hippowdon|Earthquake|p2a: Grimmsnarl\n|-damage|p2a: Grimmsnarl|125/293\n|\n|-weather|Sandstorm|[upkeep]\n|-damage|p2a: Grimmsnarl|107/293|[from] Sandstorm\n|-heal|p1a: Hippowdon|292/311|[from] item: Leftovers\n|upkeep\n|turn|11\n|\n|t:|1781380174\n|move|p2a: Grimmsnarl|Reflect|p2a: Grimmsnarl\n|-sidestart|p2: marper8|Reflect\n|move|p1a: Hippowdon|Earthquake|p2a: Grimmsnarl\n|-damage|p2a: Grimmsnarl|42/293\n|\n|-weather|Sandstorm|[upkeep]\n|-damage|p2a: Grimmsnarl|24/293|[from] Sandstorm\n|-heal|p1a: Hippowdon|311/311|[from] item: Leftovers\n|upkeep\n|turn|12\n|\n|t:|1781380179\n|move|p2a: Grimmsnarl|Light Screen|p2a: Grimmsnarl\n|-sidestart|p2: marper8|move: Light Screen\n|move|p1a: Hippowdon|Curse|p1a: Hippowdon\n|-unboost|p1a: Hippowdon|spe|1\n|-boost|p1a: Hippowdon|atk|1\n|-boost|p1a: Hippowdon|def|1\n|\n|-weather|Sandstorm|[upkeep]\n|-damage|p2a: Grimmsnarl|6/293|[from] Sandstorm\n|upkeep\n|turn|13\n|\n|t:|1781380182\n|move|p2a: Grimmsnarl|Parting Shot|p1a: Hippowdon\n|-unboost|p1a: Hippowdon|atk|1\n|-unboost|p1a: Hippowdon|spa|1\n|\n|t:|1781380184\n|switch|p2a: Klefki|Klefki, L84, F|183/233|[from] Parting Shot\n|-damage|p2a: Klefki|169/233|[from] Stealth Rock\n|move|p1a: Hippowdon|Curse|p1a: Hippowdon\n|-unboost|p1a: Hippowdon|spe|1\n|-boost|p1a: Hippowdon|atk|1\n|-boost|p1a: Hippowdon|def|1\n|\n|-weather|Sandstorm|[upkeep]\n|-heal|p2a: Klefki|183/233|[from] item: Leftovers\n|upkeep\n|turn|14\n|\n|t:|1781380186\n|move|p2a: Klefki|Magnet Rise|p2a: Klefki\n|-start|p2a: Klefki|Magnet Rise\n|move|p1a: Hippowdon|Earthquake|p2a: Klefki\n|-immune|p2a: Klefki\n|\n|-weather|none\n|-heal|p2a: Klefki|197/233|[from] item: Leftovers\n|upkeep\n|turn|15\n|\n|t:|1781380191\n|move|p2a: Klefki|Spikes|p1a: Hippowdon\n|-sidestart|p1: hepooo|Spikes\n|move|p1a: Hippowdon|Curse|p1a: Hippowdon\n|-unboost|p1a: Hippowdon|spe|1\n|-boost|p1a: Hippowdon|atk|1\n|-boost|p1a: Hippowdon|def|1\n|\n|-heal|p2a: Klefki|211/233|[from] item: Leftovers\n|upkeep\n|turn|16\n|\n|t:|1781380194\n|move|p2a: Klefki|Spikes|p1a: Hippowdon\n|-sidestart|p1: hepooo|Spikes\n|move|p1a: Hippowdon|Curse|p1a: Hippowdon\n|-unboost|p1a: Hippowdon|spe|1\n|-boost|p1a: Hippowdon|atk|1\n|-boost|p1a: Hippowdon|def|1\n|\n|-heal|p2a: Klefki|225/233|[from] item: Leftovers\n|upkeep\n|turn|17\n|\n|t:|1781380197\n|switch|p2a: Dondozo|Dondozo, L78, M|362/362\n|-damage|p2a: Dondozo|317/362|[from] Stealth Rock\n|move|p1a: Hippowdon|Curse|p1a: Hippowdon\n|-unboost|p1a: Hippowdon|spe|1\n|-boost|p1a: Hippowdon|atk|1\n|-boost|p1a: Hippowdon|def|1\n|\n|-heal|p2a: Dondozo|339/362|[from] item: Leftovers\n|upkeep\n|turn|18\n|\n|t:|1781380213\n|switch|p1a: Garganacl|Garganacl, L80, F|228/291\n|-damage|p1a: Garganacl|156/291|[from] Spikes\n|move|p2a: Dondozo|Curse|p2a: Dondozo\n|-unboost|p2a: Dondozo|spe|1\n|-boost|p2a: Dondozo|atk|1\n|-boost|p2a: Dondozo|def|1\n|\n|-heal|p1a: Garganacl|174/291|[from] item: Leftovers\n|-heal|p2a: Dondozo|361/362|[from] item: Leftovers\n|-sideend|p2: marper8|Reflect\n|upkeep\n|turn|19\n|\n|t:|1781380215\n|move|p1a: Garganacl|Salt Cure|p2a: Dondozo\n|-damage|p2a: Dondozo|336/362\n|-start|p2a: Dondozo|Salt Cure\n|move|p2a: Dondozo|Wave Crash|p1a: Garganacl\n|-supereffective|p1a: Garganacl\n|-damage|p1a: Garganacl|0 fnt\n|faint|p1a: Garganacl\n|-damage|p2a: Dondozo|279/362|[from] Recoil\n|\n|-heal|p2a: Dondozo|301/362|[from] item: Leftovers\n|-damage|p2a: Dondozo|211/362|[from] Salt Cure\n|-sideend|p2: marper8|move: Light Screen\n|upkeep\n|\n|t:|1781380223\n|switch|p1a: Swanna|Swanna, L89, F|278/278\n|turn|20\n|\n|t:|1781380235\n|move|p1a: Swanna|Brave Bird|p2a: Dondozo\n|-damage|p2a: Dondozo|139/362\n|-damage|p1a: Swanna|254/278|[from] Recoil\n|move|p2a: Dondozo|Rest|p2a: Dondozo\n|-status|p2a: Dondozo|slp|[from] move: Rest\n|-heal|p2a: Dondozo|362/362 slp|[silent]\n|\n|-damage|p2a: Dondozo|272/362 slp|[from] Salt Cure\n|upkeep\n|turn|21\n|\n|t:|1781380245\n|switch|p2a: Klefki|Klefki, L84, F|225/233\n|-damage|p2a: Klefki|211/233|[from] Stealth Rock\n|move|p1a: Swanna|Hydro Pump|p2a: Klefki\n|-damage|p2a: Klefki|87/233\n|\n|-heal|p2a: Klefki|101/233|[from] item: Leftovers\n|upkeep\n|turn|22\n|\n|t:|1781380256\n|move|p2a: Klefki|Thunder Wave|p1a: Swanna\n|-status|p1a: Swanna|par\n|move|p1a: Swanna|Hydro Pump|p2a: Klefki\n|-damage|p2a: Klefki|0 fnt\n|faint|p2a: Klefki\n|\n|upkeep\n|\n|t:|1781380259\n|switch|p2a: Slowking|Slowking-Galar, L85, F|300/300\n|-damage|p2a: Slowking|263/300|[from] Stealth Rock\n|turn|23\n|\n|t:|1781380272\n|switch|p1a: Hippowdon|Hippowdon, L82, F|311/311\n|-damage|p1a: Hippowdon|234/311|[from] Spikes\n|-weather|Sandstorm|[from] ability: Sand Stream|[of] p1a: Hippowdon\n|move|p2a: Slowking|Future Sight|p1a: Hippowdon\n|-start|p2a: Slowking|move: Future Sight\n|\n|-weather|Sandstorm|[upkeep]\n|-damage|p2a: Slowking|245/300|[from] Sandstorm\n|-heal|p1a: Hippowdon|253/311|[from] item: Leftovers\n|upkeep\n|turn|24\n|\n|t:|1781380277\n|switch|p2a: Grimmsnarl|Grimmsnarl, L83, M|6/293\n|-damage|p2a: Grimmsnarl|0 fnt|[from] Stealth Rock\n|faint|p2a: Grimmsnarl\n|move|p1a: Hippowdon|Earthquake|p2: Grimmsnarl|[notarget]\n|-fail|p1a: Hippowdon\n|\n|-weather|Sandstorm|[upkeep]\n|-heal|p1a: Hippowdon|272/311|[from] item: Leftovers\n|upkeep\n|\n|t:|1781380284\n|switch|p2a: Dondozo|Dondozo, L78, M|272/362 slp\n|-damage|p2a: Dondozo|227/362 slp|[from] Stealth Rock\n|turn|25\n|inactive|hepooo has 120 seconds left.\n|\n|t:|1781380324\n|switch|p1a: Weezing|Weezing, L88, M|258/258\n|cant|p2a: Dondozo|slp\n|move|p2a: Dondozo|Sleep Talk|p2a: Dondozo\n|move|p2a: Dondozo|Curse|p2a: Dondozo|[from] move: Sleep Talk\n|-unboost|p2a: Dondozo|spe|1\n|-boost|p2a: Dondozo|atk|1\n|-boost|p2a: Dondozo|def|1\n|\n|-weather|Sandstorm|[upkeep]\n|-damage|p1a: Weezing|242/258|[from] Sandstorm\n|-damage|p2a: Dondozo|205/362 slp|[from] Sandstorm\n|-end|p1a: Weezing|move: Future Sight\n|-supereffective|p1a: Weezing\n|-damage|p1a: Weezing|0 fnt\n|faint|p1a: Weezing\n|-heal|p2a: Dondozo|227/362 slp|[from] item: Leftovers\n|upkeep\n|inactive|hepooo has 90 seconds left.\n|\n|t:|1781380350\n|switch|p1a: Regirock|Regirock, L83|268/268\n|-damage|p1a: Regirock|201/268|[from] Spikes\n|turn|26\n|\n|t:|1781380354\n|move|p1a: Regirock|Iron Defense|p1a: Regirock\n|-boost|p1a: Regirock|def|2\n|cant|p2a: Dondozo|slp\n|move|p2a: Dondozo|Sleep Talk|p2a: Dondozo\n|move|p2a: Dondozo|Rest||[from] move: Sleep Talk|[still]\n|-fail|p2a: Dondozo\n|\n|-weather|Sandstorm|[upkeep]\n|-damage|p2a: Dondozo|205/362 slp|[from] Sandstorm\n|-heal|p2a: Dondozo|227/362 slp|[from] item: Leftovers\n|upkeep\n|turn|27\n|\n|t:|1781380362\n|move|p1a: Regirock|Iron Defense|p1a: Regirock\n|-boost|p1a: Regirock|def|2\n|-curestatus|p2a: Dondozo|slp|[msg]\n|move|p2a: Dondozo|Curse|p2a: Dondozo\n|-unboost|p2a: Dondozo|spe|1\n|-boost|p2a: Dondozo|atk|1\n|-boost|p2a: Dondozo|def|1\n|\n|-weather|none\n|-heal|p2a: Dondozo|249/362|[from] item: Leftovers\n|upkeep\n|turn|28\n|\n|t:|1781380366\n|-terastallize|p1a: Regirock|Fighting\n|move|p1a: Regirock|Body Press|p2a: Dondozo\n|-damage|p2a: Dondozo|179/362\n|move|p2a: Dondozo|Wave Crash|p1a: Regirock\n|-damage|p1a: Regirock|80/268\n|-damage|p2a: Dondozo|139/362|[from] Recoil\n|\n|-heal|p2a: Dondozo|161/362|[from] item: Leftovers\n|upkeep\n|turn|29\n|\n|t:|1781380373\n|move|p1a: Regirock|Rest|p1a: Regirock\n|-status|p1a: Regirock|slp|[from] move: Rest\n|-heal|p1a: Regirock|268/268 slp|[silent]\n|-enditem|p1a: Regirock|Chesto Berry|[eat]\n|-curestatus|p1a: Regirock|slp|[msg]\n|move|p2a: Dondozo|Rest|p2a: Dondozo\n|-status|p2a: Dondozo|slp|[from] move: Rest\n|-heal|p2a: Dondozo|362/362 slp|[silent]\n|\n|upkeep\n|turn|30\n|\n|t:|1781380377\n|move|p1a: Regirock|Body Press|p2a: Dondozo\n|-damage|p2a: Dondozo|290/362 slp\n|cant|p2a: Dondozo|slp\n|move|p2a: Dondozo|Sleep Talk|p2a: Dondozo\n|move|p2a: Dondozo|Curse|p2a: Dondozo|[from] move: Sleep Talk\n|-unboost|p2a: Dondozo|spe|1\n|-boost|p2a: Dondozo|atk|1\n|-boost|p2a: Dondozo|def|1\n|\n|-heal|p2a: Dondozo|312/362 slp|[from] item: Leftovers\n|upkeep\n|turn|31\n|\n|t:|1781380381\n|move|p1a: Regirock|Stone Edge|p2a: Dondozo|[miss]\n|-miss|p1a: Regirock|p2a: Dondozo\n|cant|p2a: Dondozo|slp\n|move|p2a: Dondozo|Sleep Talk|p2a: Dondozo\n|move|p2a: Dondozo|Rest||[from] move: Sleep Talk|[still]\n|-fail|p2a: Dondozo\n|\n|-heal|p2a: Dondozo|334/362 slp|[from] item: Leftovers\n|upkeep\n|turn|32\n|\n|t:|1781380384\n|move|p1a: Regirock|Stone Edge|p2a: Dondozo\n|-crit|p2a: Dondozo\n|-damage|p2a: Dondozo|187/362 slp\n|-curestatus|p2a: Dondozo|slp|[msg]\n|move|p2a: Dondozo|Curse|p2a: Dondozo\n|-unboost|p2a: Dondozo|spe|1\n|-boost|p2a: Dondozo|atk|1\n|-boost|p2a: Dondozo|def|1\n|\n|-heal|p2a: Dondozo|209/362|[from] item: Leftovers\n|upkeep\n|turn|33\n|\n|t:|1781380390\n|move|p1a: Regirock|Iron Defense|p1a: Regirock\n|-boost|p1a: Regirock|def|2\n|move|p2a: Dondozo|Rest|p2a: Dondozo\n|-status|p2a: Dondozo|slp|[from] move: Rest\n|-heal|p2a: Dondozo|362/362 slp|[silent]\n|\n|upkeep\n|turn|34\n|\n|t:|1781380394\n|move|p1a: Regirock|Stone Edge|p2a: Dondozo\n|-damage|p2a: Dondozo|328/362 slp\n|cant|p2a: Dondozo|slp\n|move|p2a: Dondozo|Sleep Talk|p2a: Dondozo\n|move|p2a: Dondozo|Wave Crash|p1a: Regirock|[from] move: Sleep Talk\n|-damage|p1a: Regirock|102/268\n|-damage|p2a: Dondozo|273/362 slp|[from] Recoil\n|\n|-heal|p2a: Dondozo|295/362 slp|[from] item: Leftovers\n|upkeep\n|turn|35\n|-message|hepooo forfeited.\n|\n|win|marper8\n|raw|hepooo's rating: 2244 &rarr; <strong>2222</strong><br />(-22 for losing)\n|raw|marper8's rating: 2209 &rarr; <strong>2231</strong><br />(+22 for winning)\n", "inputlog": ">version a8376a258c1d4662feba110a92103f3664a72141\n>start {\"formatid\":\"gen9randombattle\",\"seed\":\"sodium,fcc492f6815bf3ba9d064c7cc66d87af\",\"rated\":\"Rated battle\"}\n>player p1 {\"name\":\"hepooo\",\"avatar\":\"morty\",\"rating\":2244,\"seed\":\"sodium,4778bebb033c6976ee3faf883b844a94\"}\n>player p2 {\"name\":\"marper8\",\"avatar\":\"102\",\"rating\":2209,\"seed\":\"sodium,d42407b300b9907fdd618923e48bfe19\"}\n>p1 move stealthrock\n>p2 move futuresight\n>p1 move saltcure\n>p2 move psychicnoise\n>p1 switch 3\n>p2 move fireblast\n>p1 move psyshock\n>p2 switch 6\n>p1 switch 3\n>p2 move spikes\n>p1 move saltcure\n>p2 switch 3\n>p1 switch 3\n>p2 move roost\n>p1 move psyshock\n>p2 move bravebird\n>p1 move psyshock\n>p2 move earthquake\n>p1 switch 2\n>p2 switch 6\n>p1 move earthquake\n>p2 switch 4\n>p1 move earthquake\n>p2 move reflect\n>p1 move curse\n>p2 move lightscreen\n>p1 move curse\n>p2 move partingshot\n>p2 switch 3\n>p1 move earthquake\n>p2 move magnetrise\n>p1 move curse\n>p2 move spikes\n>p1 move curse\n>p2 move spikes\n>p1 move curse\n>p2 switch 2\n>p1 switch 3\n>p2 move curse\n>p1 move saltcure\n>p2 move wavecrash\n>p1 switch 6\n>p1 move bravebird\n>p2 move rest\n>p1 move hydropump\n>p2 switch 2\n>p1 move hydropump\n>p2 move thunderwave\n>p2 switch 4\n>p1 switch 3\n>p2 move futuresight\n>p1 move earthquake\n>p2 switch 3\n>p2 switch 2\n>p1 switch 5\n>p2 move sleeptalk\n>p1 switch 4\n>p1 move irondefense\n>p2 move sleeptalk\n>p1 move irondefense\n>p2 move curse\n>p1 move bodypress terastallize\n>p2 move wavecrash\n>p1 move rest\n>p2 move rest\n>p1 move bodypress\n>p2 move sleeptalk\n>p1 move stoneedge\n>p2 move sleeptalk\n>p1 move stoneedge\n>p2 move curse\n>p1 move irondefense\n>p2 move rest\n>p1 move stoneedge\n>p2 move sleeptalk\n>forcelose p1", "uploadtime": 1781380054, "views": 10, "formatid": "gen9randombattle", "rating": 2222, "private": 0, "password": null, "player_dets": [{"name": "hepooo", "avatar": "morty", "rating": 2244, "seed": "sodium,4778bebb033c6976ee3faf883b844a94"}, {"name": "marper8", "avatar": "102", "rating": 2209, "seed": "sodium,d42407b300b9907fdd618923e48bfe19"}], "teams_full": [{"Garganacl": {"name": "Garganacl", "species": "Garganacl", "speciesId": "garganacl", "gender": "F", "shiny": false, "level": 80, "moves": ["stealthrock", "recover", "saltcure", "earthquake"], "ability": "Purifying Salt", "evs": {"hp": 85, "atk": 85, "def": 85, "spa": 85, "spd": 85, "spe": 85}, "ivs": {"hp": 31, "atk": 31, "def": 31, "spa": 31, "spd": 31, "spe": 31}, "item": "Leftovers", "teraType": "Ghost", "role": "Bulky Attacker", "bvs": {"hp": 100, "atk": 100, "def": 130, "spa": 45, "spd": 90, "spe": 35}, "stats": {"hp": 291, "atk": 206, "def": 254, "spa": 118, "spd": 190, "spe": 102}}, "Hippowdon": {"name": "Hippowdon", "species": "Hippowdon", "speciesId": "hippowdon", "gender": "F", "shiny": false, "level": 82, "moves": ["slackoff", "earthquake", "stoneedge", "curse"], "ability": "Sand Stream", "evs": {"hp": 85, "atk": 85, "def": 85, "spa": 85, "spd": 85, "spe": 85}, "ivs": {"hp": 31, "atk": 31, "def": 31, "spa": 31, "spd": 31, "spe": 31}, "item": "Leftovers", "teraType": "Steel", "role": "Bulky Setup", "bvs": {"hp": 108, "atk": 112, "def": 118, "spa": 68, "spd": 72, "spe": 47}, "stats": {"hp": 311, "atk": 231, "def": 241, "spa": 159, "spd": 165, "spe": 124}}, "Oranguru": {"name": "Oranguru", "species": "Oranguru", "speciesId": "oranguru", "gender": "F", "shiny": false, "level": 92, "moves": ["thunderbolt", "hypervoice", "psyshock", "focusblast"], "ability": "Inner Focus", "evs": {"hp": 85, "atk": 0, "def": 85, "spa": 85, "spd": 85, "spe": 85}, "ivs": {"hp": 31, "atk": 0, "def": 31, "spa": 31, "spd": 31, "spe": 31}, "item": "Choice Specs", "teraType": "Fighting", "role": "Wallbreaker", "bvs": {"hp": 90, "atk": 60, "def": 80, "spa": 90, "spd": 110, "spe": 60}, "stats": {"hp": 315, "atk": 115, "def": 200, "spa": 218, "spd": 255, "spe": 163}}, "Regirock": {"name": "Regirock", "species": "Regirock", "speciesId": "regirock", "gender": "N", "shiny": false, "level": 83, "moves": ["rest", "bodypress", "irondefense", "stoneedge"], "ability": "Clear Body", "evs": {"hp": 85, "atk": 85, "def": 85, "spa": 85, "spd": 85, "spe": 85}, "ivs": {"hp": 31, "atk": 31, "def": 31, "spa": 31, "spd": 31, "spe": 31}, "item": "Chesto Berry", "teraType": "Fighting", "role": "Bulky Setup", "bvs": {"hp": 80, "atk": 100, "def": 200, "spa": 50, "spd": 100, "spe": 50}, "stats": {"hp": 268, "atk": 214, "def": 380, "spa": 131, "spd": 214, "spe": 131}}, "Weezing": {"name": "Weezing", "species": "Weezing", "speciesId": "weezing", "gender": "M", "shiny": false, "level": 88, "moves": ["sludgebomb", "toxicspikes", "fireblast", "painsplit"], "ability": "Levitate", "evs": {"hp": 85, "atk": 0, "def": 85, "spa": 85, "spd": 85, "spe": 85}, "ivs": {"hp": 31, "atk": 0, "def": 31, "spa": 31, "spd": 31, "spe": 31}, "item": "Leftovers", "teraType": "Steel", "role": "Bulky Attacker", "bvs": {"hp": 65, "atk": 90, "def": 120, "spa": 85, "spd": 70, "spe": 60}, "stats": {"hp": 258, "atk": 163, "def": 261, "spa": 200, "spd": 173, "spe": 156}}, "Swanna": {"name": "Swanna", "species": "Swanna", "speciesId": "swanna", "gender": "F", "shiny": false, "level": 89, "moves": ["bravebird", "defog", "hydropump", "roost"], "ability": "Hydration", "evs": {"hp": 85, "atk": 85, "def": 85, "spa": 85, "spd": 85, "spe": 85}, "ivs": {"hp": 31, "atk": 31, "def": 31, "spa": 31, "spd": 31, "spe": 31}, "item": "Heavy-Duty Boots", "teraType": "Ground", "role": "Bulky Support", "bvs": {"hp": 75, "atk": 87, "def": 63, "spa": 87, "spd": 63, "spe": 98}, "stats": {"hp": 278, "atk": 206, "def": 163, "spa": 206, "spd": 163, "spe": 225}}}, {"Slowking": {"name": "Slowking", "species": "Slowking-Galar", "speciesId": "slowkinggalar", "gender": "F", "shiny": false, "level": 85, "moves": ["futuresight", "sludgebomb", "psychicnoise", "fireblast"], "ability": "Regenerator", "evs": {"hp": 85, "atk": 0, "def": 85, "spa": 85, "spd": 85, "spe": 85}, "ivs": {"hp": 31, "atk": 0, "def": 31, "spa": 31, "spd": 31, "spe": 31}, "item": "Assault Vest", "teraType": "Fairy", "role": "AV Pivot", "bvs": {"hp": 95, "atk": 65, "def": 80, "spa": 110, "spd": 110, "spe": 30}, "stats": {"hp": 300, "atk": 115, "def": 185, "spa": 236, "spd": 236, "spe": 100}}, "Dondozo": {"name": "Dondozo", "species": "Dondozo", "speciesId": "dondozo", "gender": "M", "shiny": false, "level": 78, "moves": ["wavecrash", "curse", "rest", "sleeptalk"], "ability": "Unaware", "evs": {"hp": 85, "atk": 85, "def": 85, "spa": 85, "spd": 85, "spe": 85}, "ivs": {"hp": 31, "atk": 31, "def": 31, "spa": 31, "spd": 31, "spe": 31}, "item": "Leftovers", "teraType": "Fairy", "role": "Bulky Setup", "bvs": {"hp": 150, "atk": 100, "def": 115, "spa": 65, "spd": 65, "spe": 35}, "stats": {"hp": 362, "atk": 201, "def": 224, "spa": 146, "spd": 146, "spe": 100}}, "Altaria": {"name": "Altaria", "species": "Altaria", "speciesId": "altaria", "gender": "F", "shiny": false, "level": 89, "moves": ["bravebird", "earthquake", "roost", "dragondance"], "ability": "Natural Cure", "evs": {"hp": 85, "atk": 85, "def": 85, "spa": 85, "spd": 85, "spe": 85}, "ivs": {"hp": 31, "atk": 31, "def": 31, "spa": 31, "spd": 31, "spe": 31}, "item": "Heavy-Duty Boots", "teraType": "Ground", "role": "Bulky Setup", "bvs": {"hp": 75, "atk": 70, "def": 90, "spa": 70, "spd": 105, "spe": 80}, "stats": {"hp": 278, "atk": 175, "def": 211, "spa": 175, "spd": 238, "spe": 193}}, "Grimmsnarl": {"name": "Grimmsnarl", "species": "Grimmsnarl", "speciesId": "grimmsnarl", "gender": "M", "shiny": false, "level": 83, "moves": ["partingshot", "lightscreen", "spiritbreak", "reflect"], "ability": "Prankster", "evs": {"hp": 85, "atk": 85, "def": 85, "spa": 85, "spd": 85, "spe": 85}, "ivs": {"hp": 31, "atk": 31, "def": 31, "spa": 31, "spd": 31, "spe": 31}, "item": "Light Clay", "teraType": "Poison", "role": "Bulky Support", "bvs": {"hp": 95, "atk": 120, "def": 65, "spa": 95, "spd": 75, "spe": 60}, "stats": {"hp": 293, "atk": 247, "def": 156, "spa": 205, "spd": 172, "spe": 147}}, "Dragapult": {"name": "Dragapult", "species": "Dragapult", "speciesId": "dragapult", "gender": "F", "shiny": false, "level": 77, "moves": ["terablast", "fireblast", "dragondarts", "dragondance"], "ability": "Clear Body", "evs": {"hp": 85, "atk": 85, "def": 85, "spa": 85, "spd": 85, "spe": 85}, "ivs": {"hp": 31, "atk": 31, "def": 31, "spa": 31, "spd": 31, "spe": 31}, "item": "Life Orb", "teraType": "Ghost", "role": "Tera Blast user", "bvs": {"hp": 88, "atk": 120, "def": 75, "spa": 100, "spd": 75, "spe": 142}, "stats": {"hp": 262, "atk": 229, "def": 160, "spa": 199, "spd": 160, "spe": 263}}, "Klefki": {"name": "Klefki", "species": "Klefki", "speciesId": "klefki", "gender": "F", "shiny": false, "level": 84, "moves": ["magnetrise", "spikes", "thunderwave", "playrough"], "ability": "Prankster", "evs": {"hp": 85, "atk": 85, "def": 85, "spa": 85, "spd": 85, "spe": 85}, "ivs": {"hp": 31, "atk": 31, "def": 31, "spa": 31, "spd": 31, "spe": 31}, "item": "Leftovers", "teraType": "Water", "role": "Bulky Support", "bvs": {"hp": 57, "atk": 80, "def": 91, "spa": 80, "spd": 87, "spe": 75}, "stats": {"hp": 233, "atk": 183, "def": 201, "spa": 183, "spd": 194, "spe": 174}}}]}