{"id": "gen9randombattle-2631893593", "format": "[Gen 9] Random Battle", "players": ["malpicatepica", "blufferfish2009"], "log": "|j|\u2606malpicatepica\n|j|\u2606blufferfish2009\n|t:|1781452859\n|gametype|singles\n|player|p1|malpicatepica|266|1998\n|player|p2|blufferfish2009|iris-gen5bw2|1973\n|gen|9\n|tier|[Gen 9] Random Battle\n|rated|\n|rule|Species Clause: Limit one of each Pok\u00e9mon\n|rule|HP Percentage Mod: HP is shown in percentages\n|rule|Sleep Clause Mod: Limit one foe put to sleep\n|rule|Illusion Level Mod: Illusion disguises the Pok\u00e9mon's true level\n|\n|t:|1781452859\n|teamsize|p1|6\n|teamsize|p2|6\n|start\n|switch|p1a: Chansey|Chansey, L85, F|564/564\n|switch|p2a: Tyranitar|Tyranitar, L78, M|284/284\n|-weather|Sandstorm|[from] ability: Sand Stream|[of] p2a: Tyranitar\n|turn|1\n|inactive|Battle timer is ON: inactive players will automatically lose when time's up. (requested by malpicatepica)\n|\n|t:|1781452865\n|switch|p1a: Breloom|Breloom, L83, M|235/235\n|move|p2a: Tyranitar|Knock Off|p1a: Breloom\n|-resisted|p1a: Breloom\n|-damage|p1a: Breloom|175/235\n|-enditem|p1a: Breloom|Life Orb|[from] move: Knock Off|[of] p2a: Tyranitar\n|\n|-weather|Sandstorm|[upkeep]\n|-damage|p1a: Breloom|161/235|[from] Sandstorm\n|upkeep\n|turn|2\n|\n|t:|1781452872\n|switch|p2a: Arceus|Arceus-Psychic, L69|280/280\n|move|p1a: Breloom|Spore|p2a: Arceus\n|-status|p2a: Arceus|slp|[from] move: Spore\n|\n|-weather|Sandstorm|[upkeep]\n|-damage|p2a: Arceus|263/280 slp|[from] Sandstorm\n|-damage|p1a: Breloom|147/235|[from] Sandstorm\n|upkeep\n|turn|3\n|\n|t:|1781452878\n|switch|p2a: Goodra|Goodra, L85, F|292/292\n|switch|p1a: Chansey|Chansey, L85, F|219/219\n|\n|-weather|Sandstorm|[upkeep]\n|-damage|p1a: Chansey|206/219|[from] Sandstorm\n|-damage|p2a: Goodra|274/292|[from] Sandstorm\n|upkeep\n|turn|4\n|\n|t:|1781452883\n|switch|p1a: Conkeldurr|Conkeldurr, L80, F|299/299\n|switch|p2a: Tyranitar|Tyranitar, L78, M|284/284\n|\n|-weather|Sandstorm|[upkeep]\n|-damage|p1a: Conkeldurr|281/299|[from] Sandstorm\n|-status|p1a: Conkeldurr|brn|[from] item: Flame Orb\n|upkeep\n|turn|5\n|\n|t:|1781452897\n|-terastallize|p2a: Tyranitar|Ghost\n|move|p2a: Tyranitar|Earthquake|p1a: Conkeldurr\n|-damage|p1a: Conkeldurr|203/299 brn\n|move|p1a: Conkeldurr|Close Combat|p2a: Tyranitar\n|-immune|p2a: Tyranitar\n|\n|-weather|none\n|-damage|p1a: Conkeldurr|185/299 brn|[from] brn\n|upkeep\n|turn|6\n|\n|t:|1781452904\n|switch|p2a: Beartic|Beartic, L91, M|321/321\n|move|p1a: Conkeldurr|Knock Off|p2a: Beartic\n|-damage|p2a: Beartic|201/321\n|-enditem|p2a: Beartic|Heavy-Duty Boots|[from] move: Knock Off|[of] p1a: Conkeldurr\n|\n|-damage|p1a: Conkeldurr|167/299 brn|[from] brn\n|upkeep\n|turn|7\n|\n|t:|1781452907\n|move|p1a: Conkeldurr|Mach Punch|p2a: Beartic\n|-supereffective|p2a: Beartic\n|-damage|p2a: Beartic|37/321\n|move|p2a: Beartic|Icicle Crash|p1a: Conkeldurr\n|-damage|p1a: Conkeldurr|38/299 brn\n|\n|-damage|p1a: Conkeldurr|20/299 brn|[from] brn\n|upkeep\n|turn|8\n|\n|t:|1781452913\n|switch|p2a: Tyranitar|Tyranitar, L78, M, tera:Ghost|284/284\n|-weather|Sandstorm|[from] ability: Sand Stream|[of] p2a: Tyranitar\n|move|p1a: Conkeldurr|Knock Off|p2a: Tyranitar\n|-supereffective|p2a: Tyranitar\n|-damage|p2a: Tyranitar|54/284\n|-enditem|p2a: Tyranitar|Leftovers|[from] move: Knock Off|[of] p1a: Conkeldurr\n|\n|-weather|Sandstorm|[upkeep]\n|-damage|p2a: Tyranitar|37/284|[from] Sandstorm\n|-damage|p1a: Conkeldurr|2/299 brn|[from] Sandstorm\n|-damage|p1a: Conkeldurr|0 fnt|[from] brn\n|faint|p1a: Conkeldurr\n|upkeep\n|\n|t:|1781452922\n|switch|p1a: Cinderace|Cinderace, L77, M|249/249\n|turn|9\n|\n|t:|1781452926\n|move|p1a: Cinderace|U-turn|p2a: Tyranitar\n|-start|p1a: Cinderace|typechange|Bug|[from] ability: Libero\n|-resisted|p2a: Tyranitar\n|-damage|p2a: Tyranitar|0 fnt\n|faint|p2a: Tyranitar\n|\n|t:|1781452941\n|switch|p1a: Chansey|Chansey, L85, F|206/219|[from] U-turn\n|\n|-weather|Sandstorm|[upkeep]\n|-damage|p1a: Chansey|193/219|[from] Sandstorm\n|upkeep\n|\n|t:|1781452944\n|switch|p2a: Gumshoos|Gumshoos, L95, F|321/321\n|turn|10\n|\n|t:|1781452947\n|move|p1a: Chansey|Focus Blast|p2a: Gumshoos\n|-supereffective|p2a: Gumshoos\n|-crit|p2a: Gumshoos\n|-damage|p2a: Gumshoos|0 fnt\n|faint|p2a: Gumshoos\n|-damage|p1a: Chansey|172/219|[from] item: Life Orb\n|\n|-weather|Sandstorm|[upkeep]\n|-damage|p1a: Chansey|159/219|[from] Sandstorm\n|upkeep\n|\n|t:|1781452958\n|switch|p2a: Polteageist|Polteageist-Antique, L78|222/222\n|turn|11\n|\n|t:|1781452961\n|move|p1a: Chansey|Bitter Malice|p2a: Polteageist\n|-supereffective|p2a: Polteageist\n|-damage|p2a: Polteageist|1/222\n|-unboost|p2a: Polteageist|atk|1\n|-damage|p1a: Chansey|138/219|[from] item: Life Orb\n|-enditem|p2a: Polteageist|White Herb\n|-clearnegativeboost|p2a: Polteageist|[silent]\n|move|p2a: Polteageist|Shell Smash|p2a: Polteageist\n|-unboost|p2a: Polteageist|def|1\n|-unboost|p2a: Polteageist|spd|1\n|-boost|p2a: Polteageist|atk|2\n|-boost|p2a: Polteageist|spa|2\n|-boost|p2a: Polteageist|spe|2\n|\n|-weather|Sandstorm|[upkeep]\n|-damage|p2a: Polteageist|0 fnt|[from] Sandstorm\n|-damage|p1a: Chansey|125/219|[from] Sandstorm\n|faint|p2a: Polteageist\n|upkeep\n|-message|blufferfish2009 forfeited.\n|\n|win|malpicatepica\n", "inputlog": ">version a8376a258c1d4662feba110a92103f3664a72141\n>start {\"formatid\":\"gen9randombattle\",\"seed\":\"sodium,a2b49381ceeeb4b0ae179005358484ab\",\"rated\":\"Rated battle\"}\n>player p1 {\"name\":\"malpicatepica\",\"avatar\":\"266\",\"rating\":1998,\"seed\":\"sodium,eb2f701b485da218ba26edab001864b3\"}\n>player p2 {\"name\":\"blufferfish2009\",\"avatar\":\"iris-gen5bw2\",\"rating\":1973,\"seed\":\"sodium,bac2ec962c3dcd240802cddf166ba48f\"}\n>p1 switch 6\n>p2 move knockoff\n>p1 move spore\n>p2 switch 3\n>p1 switch 4\n>p2 switch 4\n>p1 switch 2\n>p2 switch 3\n>p1 move closecombat\n>p2 move earthquake terastallize\n>p1 move knockoff\n>p2 switch 2\n>p1 move machpunch\n>p2 move iciclecrash\n>p1 move knockoff\n>p2 switch 2\n>p1 switch 5\n>p1 move uturn\n>p2 move stealthrock\n>p1 switch 2\n>p2 switch 5\n>p1 move focusblast\n>p2 move doubleedge\n>p2 switch 6\n>p1 move bittermalice\n>p2 move shellsmash\n>forcelose p2", "uploadtime": 1781452862, "views": 12, "formatid": "gen9randombattle", "rating": null, "private": 0, "password": null}