{"id": "gen9randombattle-2631642548", "format": "[Gen 9] Random Battle", "players": ["Ze Memerr", "Jadasteel"], "log": "|j|\u2606Ze Memerr\n|j|\u2606Jadasteel\n|t:|1781413591\n|gametype|singles\n|player|p1|Ze Memerr|2|1981\n|player|p2|Jadasteel|fantina|1998\n|gen|9\n|tier|[Gen 9] Random Battle\n|rated|\n|rule|Species Clause: Limit one of each Pok\u00e9mon\n|rule|HP Percentage Mod: HP is shown in percentages\n|rule|Sleep Clause Mod: Limit one foe put to sleep\n|rule|Illusion Level Mod: Illusion disguises the Pok\u00e9mon's true level\n|\n|t:|1781413591\n|teamsize|p1|6\n|teamsize|p2|6\n|start\n|switch|p1a: Sunflora|Sunflora, F|312/312\n|switch|p2a: Cacturne|Cacturne, L92, M|278/278\n|turn|1\n|inactive|Battle timer is ON: inactive players will automatically lose when time's up. (requested by Ze Memerr)\n|\n|t:|1781413618\n|-terastallize|p2a: Cacturne|Poison\n|move|p2a: Cacturne|Swords Dance|p2a: Cacturne\n|-boost|p2a: Cacturne|atk|2\n|move|p1a: Sunflora|Sunny Day|p1a: Sunflora\n|-weather|SunnyDay\n|\n|-weather|SunnyDay|[upkeep]\n|upkeep\n|turn|2\n|\n|t:|1781413632\n|move|p2a: Cacturne|Sucker Punch|p1a: Sunflora\n|-damage|p1a: Sunflora|0 fnt\n|faint|p1a: Sunflora\n|-damage|p2a: Cacturne|251/278|[from] item: Life Orb\n|\n|-weather|SunnyDay|[upkeep]\n|upkeep\n|\n|t:|1781413640\n|switch|p1a: Abomasnow|Abomasnow, L84, F|287/287\n|-weather|Snowscape|[from] ability: Snow Warning|[of] p1a: Abomasnow\n|turn|3\n|\n|t:|1781413663\n|move|p2a: Cacturne|Knock Off|p1a: Abomasnow\n|-damage|p1a: Abomasnow|30/287\n|-enditem|p1a: Abomasnow|Light Clay|[from] move: Knock Off|[of] p2a: Cacturne\n|-damage|p2a: Cacturne|224/278|[from] item: Life Orb\n|move|p1a: Abomasnow|Earthquake|p2a: Cacturne\n|-supereffective|p2a: Cacturne\n|-damage|p2a: Cacturne|70/278\n|\n|-weather|Snowscape|[upkeep]\n|upkeep\n|turn|4\n|\n|t:|1781413674\n|move|p2a: Cacturne|Seed Bomb|p1a: Abomasnow\n|-resisted|p1a: Abomasnow\n|-damage|p1a: Abomasnow|0 fnt\n|faint|p1a: Abomasnow\n|-damage|p2a: Cacturne|43/278|[from] item: Life Orb\n|\n|-weather|Snowscape|[upkeep]\n|upkeep\n|\n|t:|1781413686\n|switch|p1a: Scream Tail|Scream Tail, L84|330/330\n|turn|5\n|\n|t:|1781413700\n|move|p1a: Scream Tail|Wish|p1a: Scream Tail\n|move|p2a: Cacturne|Knock Off|p1a: Scream Tail\n|-damage|p1a: Scream Tail|14/330\n|-enditem|p1a: Scream Tail|Leftovers|[from] move: Knock Off|[of] p2a: Cacturne\n|-damage|p2a: Cacturne|16/278|[from] item: Life Orb\n|\n|-weather|Snowscape|[upkeep]\n|upkeep\n|turn|6\n|\n|t:|1781413716\n|move|p1a: Scream Tail|Protect|p1a: Scream Tail\n|-singleturn|p1a: Scream Tail|Protect\n|move|p2a: Cacturne|Seed Bomb|p1a: Scream Tail\n|-activate|p1a: Scream Tail|move: Protect\n|\n|-weather|Snowscape|[upkeep]\n|-heal|p1a: Scream Tail|179/330|[from] move: Wish|[wisher] Scream Tail\n|upkeep\n|turn|7\n|\n|t:|1781413720\n|move|p2a: Cacturne|Sucker Punch|p1a: Scream Tail\n|-damage|p1a: Scream Tail|0 fnt\n|faint|p1a: Scream Tail\n|-end|p1a: Scream Tail|Protosynthesis|[silent]\n|-damage|p2a: Cacturne|0 fnt|[from] item: Life Orb\n|faint|p2a: Cacturne\n|\n|-weather|none\n|upkeep\n|\n|t:|1781413735\n|switch|p1a: Toxtricity|Toxtricity, L82, F|257/257\n|switch|p2a: Iron Bundle|Iron Bundle, L78|215/215\n|turn|8\n|\n|t:|1781413742\n|move|p2a: Iron Bundle|Flip Turn|p1a: Toxtricity\n|-damage|p1a: Toxtricity|199/257\n|\n|t:|1781413750\n|-end|p2a: Iron Bundle|Quark Drive|[silent]\n|switch|p2a: Haxorus|Haxorus, L77, M|244/244|[from] Flip Turn\n|-ability|p2a: Haxorus|Mold Breaker\n|move|p1a: Toxtricity|Overdrive|p2a: Haxorus\n|-resisted|p2a: Haxorus\n|-damage|p2a: Haxorus|175/244\n|\n|upkeep\n|turn|9\n|\n|t:|1781413760\n|switch|p1a: Pecharunt|Pecharunt, L77|262/262\n|move|p2a: Haxorus|Dragon Dance|p2a: Haxorus\n|-boost|p2a: Haxorus|atk|1\n|-boost|p2a: Haxorus|spe|1\n|\n|upkeep\n|turn|10\n|\n|t:|1781413767\n|move|p2a: Haxorus|Earthquake|p1a: Pecharunt\n|-supereffective|p1a: Pecharunt\n|-damage|p1a: Pecharunt|106/262\n|move|p1a: Pecharunt|Malignant Chain|p2a: Haxorus\n|-damage|p2a: Haxorus|75/244\n|-status|p2a: Haxorus|tox\n|-start|p2a: Haxorus|confusion|[from] ability: Poison Puppeteer|[of] p1a: Pecharunt\n|-enditem|p2a: Haxorus|Lum Berry|[eat]\n|-curestatus|p2a: Haxorus|tox|[msg]\n|-end|p2a: Haxorus|confusion\n|\n|-heal|p1a: Pecharunt|122/262|[from] item: Leftovers\n|upkeep\n|turn|11\n|\n|t:|1781413783\n|move|p2a: Haxorus|Outrage|p1a: Pecharunt\n|-damage|p1a: Pecharunt|0 fnt\n|faint|p1a: Pecharunt\n|\n|upkeep\n|\n|t:|1781413788\n|switch|p1a: Golurk|Golurk, L87|297/297\n|turn|12\n|\n|t:|1781413794\n|move|p2a: Haxorus|Outrage|p1a: Golurk|[from] lockedmove\n|-damage|p1a: Golurk|48/297\n|-start|p2a: Haxorus|confusion|[fatigue]\n|move|p1a: Golurk|Earthquake|p2a: Haxorus\n|-damage|p2a: Haxorus|0 fnt\n|faint|p2a: Haxorus\n|\n|upkeep\n|\n|t:|1781413805\n|switch|p2a: Iron Bundle|Iron Bundle, L78|215/215\n|turn|13\n|\n|t:|1781413811\n|move|p2a: Iron Bundle|Freeze-Dry|p1a: Golurk\n|-supereffective|p1a: Golurk\n|-damage|p1a: Golurk|0 fnt\n|faint|p1a: Golurk\n|\n|upkeep\n|\n|t:|1781413812\n|switch|p1a: Toxtricity|Toxtricity, L82, F|199/257\n|turn|14\n|\n|t:|1781413818\n|move|p2a: Iron Bundle|Freeze-Dry|p1a: Toxtricity\n|-damage|p1a: Toxtricity|97/257\n|move|p1a: Toxtricity|Overdrive|p2a: Iron Bundle\n|-supereffective|p2a: Iron Bundle\n|-damage|p2a: Iron Bundle|0 fnt\n|faint|p2a: Iron Bundle\n|-end|p2a: Iron Bundle|Quark Drive|[silent]\n|\n|upkeep\n|\n|t:|1781413832\n|switch|p2a: Avalugg|Avalugg-Hisui, L90, F|317/317\n|turn|15\n|\n|t:|1781413837\n|move|p1a: Toxtricity|Overdrive|p2a: Avalugg\n|-damage|p2a: Avalugg|124/317\n|move|p2a: Avalugg|Avalanche|p1a: Toxtricity\n|-damage|p1a: Toxtricity|0 fnt\n|faint|p1a: Toxtricity\n|\n|win|Jadasteel\n", "uploadtime": 1781413593, "views": 3, "formatid": "gen9randombattle", "rating": null, "private": 0, "password": null}