{"id": "gen9randombattle-2631935683", "format": "[Gen 9] Random Battle", "players": ["Tutudile", "i'm_new_so_be_cool"], "log": "|badge|p2|bronze|gen9ubers|100-9\n|uhtml|medal-msg|<div class=\"broadcast-blue\">Curious what those medals under the avatar are? PS now has Ladder Seasons! For more information, check out the <a href=\"https://www.smogon.com/forums/threads/3740067/\">thread on Smogon.</a></div>\n|j|\u2606Tutudile\n|j|\u2606i'm_new_so_be_cool\n|t:|1781457441\n|gametype|singles\n|player|p1|Tutudile|red|2122\n|player|p2|i'm_new_so_be_cool|miku-ice|2153\n|gen|9\n|tier|[Gen 9] Random Battle\n|rated|\n|rule|Species Clause: Limit one of each Pok\u00e9mon\n|rule|HP Percentage Mod: HP is shown in percentages\n|rule|Sleep Clause Mod: Limit one foe put to sleep\n|rule|Illusion Level Mod: Illusion disguises the Pok\u00e9mon's true level\n|\n|t:|1781457441\n|teamsize|p1|6\n|teamsize|p2|6\n|start\n|switch|p1a: Galvantula|Galvantula, L82, F|249/249\n|switch|p2a: Veluza|Veluza, L85, F|292/292\n|turn|1\n|inactive|Battle timer is ON: inactive players will automatically lose when time's up. (requested by Tutudile)\n|inactive|i'm_new_so_be_cool has 120 seconds left.\n|\n|t:|1781457483\n|move|p1a: Galvantula|Thunder|p2a: Veluza|[miss]\n|-miss|p1a: Galvantula|p2a: Veluza\n|move|p2a: Veluza|Fillet Away|p2a: Veluza\n|-boost|p2a: Veluza|atk|2\n|-boost|p2a: Veluza|spa|2\n|-boost|p2a: Veluza|spe|2\n|-damage|p2a: Veluza|146/292\n|-enditem|p2a: Veluza|Sitrus Berry|[eat]\n|-heal|p2a: Veluza|219/292|[from] item: Sitrus Berry\n|\n|upkeep\n|turn|2\n|\n|t:|1781457495\n|move|p2a: Veluza|Psycho Cut|p1a: Galvantula\n|-enditem|p1a: Galvantula|Focus Sash\n|-damage|p1a: Galvantula|1/249\n|move|p1a: Galvantula|Thunder|p2a: Veluza\n|-supereffective|p2a: Veluza\n|-damage|p2a: Veluza|0 fnt\n|faint|p2a: Veluza\n|\n|upkeep\n|\n|t:|1781457505\n|switch|p2a: Zamazenta|Zamazenta, L71|248/248\n|-ability|p2a: Zamazenta|Dauntless Shield|boost\n|-boost|p2a: Zamazenta|def|1\n|turn|3\n|inactive|i'm_new_so_be_cool has 120 seconds left.\n|\n|t:|1781457546\n|switch|p1a: Trevenant|Trevenant, L89, M|296/296\n|move|p2a: Zamazenta|Iron Head|p1a: Trevenant\n|-damage|p1a: Trevenant|212/296\n|\n|upkeep\n|turn|4\n|inactive|i'm_new_so_be_cool has 90 seconds left.\n|\n|t:|1781457578\n|move|p2a: Zamazenta|Iron Head|p1a: Trevenant\n|-damage|p1a: Trevenant|134/296\n|move|p1a: Trevenant|Will-O-Wisp|p2a: Zamazenta\n|-status|p2a: Zamazenta|brn\n|\n|-damage|p2a: Zamazenta|233/248 brn|[from] brn\n|upkeep\n|turn|5\n|inactive|i'm_new_so_be_cool has 90 seconds left.\n|\n|t:|1781457590\n|move|p2a: Zamazenta|Iron Head|p1a: Trevenant\n|-damage|p1a: Trevenant|95/296\n|cant|p1a: Trevenant|flinch\n|\n|-damage|p2a: Zamazenta|218/248 brn|[from] brn\n|upkeep\n|turn|6\n|\n|t:|1781457609\n|move|p2a: Zamazenta|Iron Head|p1a: Trevenant\n|-damage|p1a: Trevenant|57/296\n|cant|p1a: Trevenant|flinch\n|\n|-damage|p2a: Zamazenta|203/248 brn|[from] brn\n|upkeep\n|turn|7\n|\n|t:|1781457616\n|switch|p1a: Cramorant|Cramorant, L86, F|261/261\n|move|p2a: Zamazenta|Iron Head|p1a: Cramorant\n|-resisted|p1a: Cramorant\n|-damage|p1a: Cramorant|235/261\n|\n|-damage|p2a: Zamazenta|188/248 brn|[from] brn\n|upkeep\n|turn|8\n|\n|t:|1781457625\n|switch|p2a: Basculegion|Basculegion-F, L83, F|335/335\n|move|p1a: Cramorant|Surf|p2a: Basculegion\n|-formechange|p1a: Cramorant|Cramorant-Gulping|\n|-resisted|p2a: Basculegion\n|-damage|p2a: Basculegion|301/335\n|\n|upkeep\n|turn|9\n|\n|t:|1781457636\n|move|p1a: Cramorant|Brave Bird|p2a: Basculegion\n|-damage|p2a: Basculegion|160/335\n|-damage|p1a: Cramorant|188/261|[from] Recoil\n|move|p2a: Basculegion|Flip Turn|p1a: Cramorant\n|-resisted|p1a: Cramorant\n|-damage|p1a: Cramorant|137/261\n|-damage|p2a: Basculegion|77/335|[from] ability: Gulp Missile|[of] p1a: Cramorant\n|-unboost|p2a: Basculegion|def|1\n|-formechange|p1a: Cramorant|Cramorant|\n|\n|t:|1781457652\n|switch|p2a: Koraidon|Koraidon, L64|235/235|[from] Flip Turn\n|-weather|SunnyDay|[from] ability: Orichalcum Pulse|[of] p2a: Koraidon\n|-activate|p2a: Koraidon|Orichalcum Pulse|[source]\n|\n|-weather|SunnyDay|[upkeep]\n|upkeep\n|turn|10\n|\n|t:|1781457668\n|switch|p1a: Trevenant|Trevenant, L89, M|57/296\n|move|p2a: Koraidon|Scale Shot|p1a: Trevenant\n|-damage|p1a: Trevenant|24/296\n|-damage|p1a: Trevenant|0 fnt\n|faint|p1a: Trevenant\n|-hitcount|p1: Trevenant|2\n|-unboost|p2a: Koraidon|def|1\n|-boost|p2a: Koraidon|spe|1\n|\n|-weather|SunnyDay|[upkeep]\n|upkeep\n|\n|t:|1781457686\n|switch|p1a: Mesprit|Mesprit, L85|275/275\n|turn|11\n|inactive|i'm_new_so_be_cool has 120 seconds left.\n|\n|t:|1781457715\n|switch|p2a: Sableye|Sableye, L88, F|231/231\n|move|p1a: Mesprit|Psychic Noise|p2a: Sableye\n|-immune|p2a: Sableye\n|\n|-weather|SunnyDay|[upkeep]\n|upkeep\n|turn|12\n|\n|t:|1781457729\n|switch|p1a: Minun|Minun, L95, F|268/268\n|move|p2a: Sableye|Knock Off|p1a: Minun\n|-damage|p1a: Minun|147/268\n|-enditem|p1a: Minun|Life Orb|[from] move: Knock Off|[of] p2a: Sableye\n|\n|-weather|SunnyDay|[upkeep]\n|upkeep\n|turn|13\n|inactive|i'm_new_so_be_cool has 90 seconds left.\n|inactive|i'm_new_so_be_cool has 60 seconds left.\n|\n|t:|1781457810\n|-terastallize|p2a: Sableye|Steel\n|move|p1a: Minun|Alluring Voice|p2a: Sableye\n|-resisted|p2a: Sableye\n|-damage|p2a: Sableye|198/231\n|move|p2a: Sableye|Knock Off|p1a: Minun\n|-damage|p1a: Minun|60/268\n|\n|-weather|none\n|-heal|p2a: Sableye|212/231|[from] item: Leftovers\n|upkeep\n|turn|14\n|\n|t:|1781457828\n|move|p2a: Sableye|Encore|p1a: Minun\n|-start|p1a: Minun|Encore\n|move|p1a: Minun|Alluring Voice|p2a: Sableye\n|-resisted|p2a: Sableye\n|-damage|p2a: Sableye|176/231\n|\n|-heal|p2a: Sableye|190/231|[from] item: Leftovers\n|upkeep\n|turn|15\n|\n|t:|1781457839\n|move|p2a: Sableye|Will-O-Wisp|p1a: Minun\n|-status|p1a: Minun|brn\n|move|p1a: Minun|Alluring Voice|p2a: Sableye\n|-resisted|p2a: Sableye\n|-damage|p2a: Sableye|153/231\n|\n|-heal|p2a: Sableye|167/231|[from] item: Leftovers\n|-damage|p1a: Minun|44/268 brn|[from] brn\n|upkeep\n|turn|16\n|\n|t:|1781457848\n|move|p2a: Sableye|Recover|p2a: Sableye\n|-heal|p2a: Sableye|231/231\n|move|p1a: Minun|Alluring Voice|p2a: Sableye\n|-resisted|p2a: Sableye\n|-damage|p2a: Sableye|198/231\n|\n|-heal|p2a: Sableye|212/231|[from] item: Leftovers\n|-damage|p1a: Minun|28/268 brn|[from] brn\n|-end|p1a: Minun|Encore\n|upkeep\n|turn|17\n|\n|t:|1781457859\n|move|p1a: Minun|Thunderbolt|p2a: Sableye\n|-damage|p2a: Sableye|92/231\n|move|p2a: Sableye|Knock Off|p1a: Minun\n|-damage|p1a: Minun|0 fnt\n|faint|p1a: Minun\n|\n|-heal|p2a: Sableye|106/231|[from] item: Leftovers\n|upkeep\n|\n|t:|1781457874\n|switch|p1a: Galvantula|Galvantula, L82, F|1/249\n|turn|18\n|inactive|i'm_new_so_be_cool has 60 seconds left.\n|\n|t:|1781457892\n|switch|p2a: Koraidon|Koraidon, L64|235/235\n|-weather|SunnyDay|[from] ability: Orichalcum Pulse|[of] p2a: Koraidon\n|-activate|p2a: Koraidon|Orichalcum Pulse|[source]\n|move|p1a: Galvantula|Sticky Web|p2a: Koraidon\n|-sidestart|p2: i'm_new_so_be_cool|move: Sticky Web\n|\n|-weather|SunnyDay|[upkeep]\n|upkeep\n|turn|19\n|\n|t:|1781457901\n|move|p1a: Galvantula|Volt Switch|p2a: Koraidon\n|-resisted|p2a: Koraidon\n|-damage|p2a: Koraidon|190/235\n|\n|t:|1781457905\n|switch|p1a: Mesprit|Mesprit, L85|275/275|[from] Volt Switch\n|move|p2a: Koraidon|Scale Shot|p1a: Mesprit\n|-damage|p1a: Mesprit|250/275\n|-damage|p1a: Mesprit|226/275\n|-damage|p1a: Mesprit|201/275\n|-damage|p1a: Mesprit|177/275\n|-crit|p1a: Mesprit\n|-damage|p1a: Mesprit|141/275\n|-hitcount|p1a: Mesprit|5\n|-unboost|p2a: Koraidon|def|1\n|-boost|p2a: Koraidon|spe|1\n|\n|-weather|SunnyDay|[upkeep]\n|upkeep\n|turn|20\n|inactive|i'm_new_so_be_cool has 60 seconds left.\n|\n|t:|1781457932\n|switch|p2a: Sableye|Sableye, L88, F, tera:Steel|106/231\n|-activate|p2a: Sableye|move: Sticky Web\n|-unboost|p2a: Sableye|spe|1\n|move|p1a: Mesprit|Psychic Noise|p2a: Sableye\n|-resisted|p2a: Sableye\n|-damage|p2a: Sableye|51/231\n|-start|p2a: Sableye|move: Heal Block\n|\n|-weather|SunnyDay|[upkeep]\n|upkeep\n|turn|21\n|\n|t:|1781457954\n|move|p1a: Mesprit|Drain Punch|p2a: Sableye\n|-supereffective|p2a: Sableye\n|-damage|p2a: Sableye|0 fnt\n|-heal|p1a: Mesprit|167/275|[from] drain|[of] p2a: Sableye\n|faint|p2a: Sableye\n|\n|-weather|SunnyDay|[upkeep]\n|upkeep\n|\n|t:|1781457965\n|switch|p2a: Moltres|Moltres, L81|278/278\n|turn|22\n|inactive|Tutudile has 120 seconds left.\n|\n|t:|1781458003\n|move|p2a: Moltres|Fire Blast|p1a: Mesprit\n|-damage|p1a: Mesprit|49/275\n|move|p1a: Mesprit|Psychic Noise|p2a: Moltres\n|-damage|p2a: Moltres|188/278\n|-start|p2a: Moltres|move: Heal Block\n|\n|-weather|none\n|upkeep\n|turn|23\n|inactive|i'm_new_so_be_cool has 60 seconds left.\n|inactive|Tutudile has 90 seconds left.\n|inactive|i'm_new_so_be_cool has 30 seconds left.\n|inactive|i'm_new_so_be_cool has 20 seconds left.\n|inactive|i'm_new_so_be_cool has 15 seconds left.\n|inactive|i'm_new_so_be_cool has 10 seconds left.\n|\n|t:|1781458065\n|move|p2a: Moltres|Brave Bird|p1a: Mesprit\n|-damage|p1a: Mesprit|0 fnt\n|faint|p1a: Mesprit\n|-damage|p2a: Moltres|172/278|[from] Recoil\n|\n|-end|p2a: Moltres|move: Heal Block\n|upkeep\n|\n|t:|1781458073\n|switch|p1a: Galvantula|Galvantula, L82, F|1/249\n|turn|24\n|inactive|i'm_new_so_be_cool has 25 seconds left this turn.\n|inactive|i'm_new_so_be_cool has 20 seconds left.\n|inactive|i'm_new_so_be_cool has 15 seconds left.\n|inactive|i'm_new_so_be_cool has 10 seconds left.\n|\n|t:|1781458091\n|switch|p2a: Basculegion|Basculegion-F, L83, F|77/335\n|-activate|p2a: Basculegion|move: Sticky Web\n|-unboost|p2a: Basculegion|spe|1\n|move|p1a: Galvantula|Volt Switch|p2a: Basculegion\n|-supereffective|p2a: Basculegion\n|-damage|p2a: Basculegion|0 fnt\n|faint|p2a: Basculegion\n|\n|t:|1781458102\n|switch|p1a: Cramorant|Cramorant, L86, F|137/261|[from] Volt Switch\n|\n|upkeep\n|inactive|i'm_new_so_be_cool has 20 seconds left this turn.\n|\n|t:|1781458104\n|switch|p2a: Zamazenta|Zamazenta, L71|188/248 brn\n|-activate|p2a: Zamazenta|move: Sticky Web\n|-unboost|p2a: Zamazenta|spe|1\n|turn|25\n|inactive|i'm_new_so_be_cool has 30 seconds left this turn.\n|inactive|Tutudile has 90 seconds left.\n|inactive|i'm_new_so_be_cool has 20 seconds left.\n|inactive|i'm_new_so_be_cool has 15 seconds left.\n|inactive|i'm_new_so_be_cool has 10 seconds left.\n|\n|t:|1781458129\n|move|p1a: Cramorant|Roost|p1a: Cramorant\n|-heal|p1a: Cramorant|261/261\n|-singleturn|p1a: Cramorant|move: Roost\n|move|p2a: Zamazenta|Stone Edge|p1a: Cramorant\n|-damage|p1a: Cramorant|198/261\n|\n|-damage|p2a: Zamazenta|173/248 brn|[from] brn\n|upkeep\n|turn|26\n|inactive|i'm_new_so_be_cool has 20 seconds left this turn.\n|inactive|Tutudile has 90 seconds left.\n|\n|t:|1781458149\n|move|p1a: Cramorant|Roost|p1a: Cramorant\n|-heal|p1a: Cramorant|261/261\n|-singleturn|p1a: Cramorant|move: Roost\n|move|p2a: Zamazenta|Stone Edge|p1a: Cramorant\n|-damage|p1a: Cramorant|200/261\n|\n|-damage|p2a: Zamazenta|158/248 brn|[from] brn\n|upkeep\n|turn|27\n|inactive|i'm_new_so_be_cool has 30 seconds left this turn.\n|inactive|i'm_new_so_be_cool has 20 seconds left.\n|inactive|i'm_new_so_be_cool has 15 seconds left.\n|inactive|i'm_new_so_be_cool has 10 seconds left.\n|inactive|i'm_new_so_be_cool has 5 seconds left.\n|-message|i'm_new_so_be_cool lost due to inactivity.\n|\n|win|Tutudile\n", "inputlog": ">version a8376a258c1d4662feba110a92103f3664a72141\n>start {\"formatid\":\"gen9randombattle\",\"seed\":\"sodium,bdb2cbaf2508d6b4cb5e24e87233b03a\",\"rated\":\"Rated battle\"}\n>player p1 {\"name\":\"Tutudile\",\"avatar\":\"red\",\"rating\":2122,\"seed\":\"sodium,ee683cdca6e8fdb21cf051aa8a8a4297\"}\n>player p2 {\"name\":\"i'm_new_so_be_cool\",\"avatar\":\"miku-ice\",\"rating\":2153,\"seed\":\"sodium,53ce27686171478b06c2e803bf5fb6f1\"}\n>p1 move thunder\n>p2 move filletaway\n>p1 move thunder\n>p2 move psychocut\n>p2 switch 3\n>p1 switch 4\n>p2 move ironhead\n>p1 move willowisp\n>p2 move ironhead\n>p1 move hornleech\n>p2 move ironhead\n>p1 move hornleech\n>p2 move ironhead\n>p1 switch 5\n>p2 move ironhead\n>p1 move surf\n>p2 switch 2\n>p1 move bravebird\n>p2 move flipturn\n>p2 switch 5\n>p1 switch 5\n>p2 move scaleshot\n>p1 switch 3\n>p1 move psychicnoise\n>p2 switch 6\n>p1 switch 6\n>p2 move knockoff\n>p1 move alluringvoice\n>p2 move knockoff terastallize\n>p1 move thunderbolt\n>p2 move encore\n>p1 move alluringvoice\n>p2 move willowisp\n>p1 move alluringvoice\n>p2 move recover\n>p1 move thunderbolt\n>p2 move knockoff\n>p1 switch 4\n>p1 move stickyweb\n>p2 switch 6\n>p1 move voltswitch\n>p2 move scaleshot\n>p1 switch 6\n>p1 move psychicnoise\n>p2 switch 6\n>p1 move drainpunch\n>p2 move knockoff\n>p2 switch 4\n>p1 move psychicnoise\n>p2 move fireblast\n>p1 move thunderbolt\n>p2 move bravebird\n>p1 switch 6\n>p1 move voltswitch\n>p2 switch 5\n>p1 switch 5\n>p2 switch 2\n>p1 move roost\n>p2 move stoneedge\n>p1 move roost\n>p2 move stoneedge\n>forcelose p2", "uploadtime": 1781457442, "views": 5, "formatid": "gen9randombattle", "rating": null, "private": 0, "password": null}