{"id": "gen9randombattle-2631973421", "format": "[Gen 9] Random Battle", "players": ["Ash ketamin", "landespede"], "log": "|j|\u2606Ash ketamin\n|j|\u203dlandespede\n|t:|1781461564\n|gametype|singles\n|player|p1|Ash ketamin|2|1755\n|player|p2|landespede|veteran|1730\n|gen|9\n|tier|[Gen 9] Random Battle\n|rated|\n|rule|Species Clause: Limit one of each Pok\u00e9mon\n|rule|HP Percentage Mod: HP is shown in percentages\n|rule|Sleep Clause Mod: Limit one foe put to sleep\n|rule|Illusion Level Mod: Illusion disguises the Pok\u00e9mon's true level\n|\n|t:|1781461564\n|teamsize|p1|6\n|teamsize|p2|6\n|start\n|switch|p1a: Mewtwo|Mewtwo, L72|272/272\n|switch|p2a: Revavroom|Revavroom, L79, M|256/256\n|-ability|p1a: Mewtwo|Pressure\n|turn|1\n|inactive|Battle timer is ON: inactive players will automatically lose when time's up. (requested by Ash ketamin)\n|inactive|landespede has 120 seconds left.\n|\n|t:|1781461615\n|move|p1a: Mewtwo|Psystrike|p2a: Revavroom\n|-damage|p2a: Revavroom|103/256\n|-damage|p1a: Mewtwo|245/272|[from] item: Life Orb\n|move|p2a: Revavroom|Shift Gear|p2a: Revavroom\n|-boost|p2a: Revavroom|spe|2\n|-boost|p2a: Revavroom|atk|1\n|\n|upkeep\n|turn|2\n|\n|t:|1781461627\n|switch|p1a: Toedscruel|Toedscruel, L87, F|281/281\n|move|p2a: Revavroom|Iron Head|p1a: Toedscruel\n|-damage|p1a: Toedscruel|77/281\n|-damage|p2a: Revavroom|78/256|[from] item: Life Orb\n|\n|-heal|p1a: Toedscruel|94/281|[from] item: Leftovers\n|upkeep\n|turn|3\n|\n|t:|1781461637\n|move|p2a: Revavroom|Iron Head|p1a: Toedscruel\n|-damage|p1a: Toedscruel|0 fnt\n|faint|p1a: Toedscruel\n|-damage|p2a: Revavroom|53/256|[from] item: Life Orb\n|\n|upkeep\n|\n|t:|1781461643\n|switch|p1a: Mienshao|Mienshao, L83, F|244/244\n|turn|4\n|inactive|landespede has 120 seconds left.\n|\n|t:|1781461675\n|move|p1a: Mienshao|Fake Out|p2a: Revavroom\n|-resisted|p2a: Revavroom\n|-damage|p2a: Revavroom|34/256\n|cant|p2a: Revavroom|flinch\n|\n|upkeep\n|turn|5\n|\n|t:|1781461682\n|switch|p1a: Kilowattrel|Kilowattrel, L83, M|252/252\n|move|p2a: Revavroom|Gunk Shot|p1a: Kilowattrel\n|-damage|p1a: Kilowattrel|0 fnt\n|faint|p1a: Kilowattrel\n|-damage|p2a: Revavroom|9/256|[from] item: Life Orb\n|\n|upkeep\n|\n|t:|1781461688\n|switch|p1a: Mienshao|Mienshao, L83, F|244/244\n|turn|6\n|\n|t:|1781461698\n|move|p1a: Mienshao|Fake Out|p2a: Revavroom\n|-resisted|p2a: Revavroom\n|-damage|p2a: Revavroom|0 fnt\n|faint|p2a: Revavroom\n|\n|upkeep\n|inactive|landespede has 120 seconds left.\n|\n|t:|1781461737\n|switch|p2a: Talonflame|Talonflame, L83, F|265/265\n|turn|7\n|\n|t:|1781461746\n|move|p2a: Talonflame|Brave Bird|p1a: Mienshao\n|-supereffective|p1a: Mienshao\n|-damage|p1a: Mienshao|0 fnt\n|faint|p1a: Mienshao\n|-damage|p2a: Talonflame|184/265|[from] Recoil\n|\n|upkeep\n|\n|t:|1781461748\n|switch|p1a: Kyogre|Kyogre, L71|259/259\n|-weather|RainDance|[from] ability: Drizzle|[of] p1a: Kyogre\n|turn|8\n|inactive|landespede has 120 seconds left.\n|\n|t:|1781461779\n|move|p2a: Talonflame|Brave Bird|p1a: Kyogre\n|-damage|p1a: Kyogre|124/259\n|-damage|p2a: Talonflame|139/265|[from] Recoil\n|move|p1a: Kyogre|Origin Pulse|p2a: Talonflame\n|-supereffective|p2a: Talonflame\n|-damage|p2a: Talonflame|0 fnt\n|faint|p2a: Talonflame\n|\n|-weather|RainDance|[upkeep]\n|upkeep\n|inactive|landespede has 90 seconds left.\n|\n|t:|1781461802\n|switch|p2a: Kingdra|Kingdra, L84, M|263/263\n|turn|9\n|\n|t:|1781461810\n|switch|p1a: Mewtwo|Mewtwo, L72|245/272\n|-ability|p1a: Mewtwo|Pressure\n|move|p2a: Kingdra|Dragon Dance|p2a: Kingdra\n|-boost|p2a: Kingdra|atk|1\n|-boost|p2a: Kingdra|spe|1\n|\n|-weather|RainDance|[upkeep]\n|upkeep\n|turn|10\n|\n|t:|1781461820\n|move|p2a: Kingdra|Wave Crash|p1a: Mewtwo\n|-damage|p1a: Mewtwo|0 fnt\n|faint|p1a: Mewtwo\n|-damage|p2a: Kingdra|182/263|[from] Recoil\n|\n|-weather|RainDance|[upkeep]\n|upkeep\n|\n|t:|1781461824\n|switch|p1a: Basculin|Basculin-Blue-Striped, L86, M|261/261\n|turn|11\n|\n|t:|1781461829\n|move|p2a: Kingdra|Outrage|p1a: Basculin\n|-damage|p1a: Basculin|45/261\n|move|p1a: Basculin|Double-Edge|p2a: Kingdra\n|-damage|p2a: Kingdra|64/263\n|-damage|p1a: Basculin|6/261|[from] Recoil\n|\n|-weather|RainDance|[upkeep]\n|upkeep\n|turn|12\n|\n|t:|1781461837\n|move|p2a: Kingdra|Outrage|p1a: Basculin|[from] lockedmove\n|-damage|p1a: Basculin|0 fnt\n|faint|p1a: Basculin\n|-start|p2a: Kingdra|confusion|[fatigue]\n|-enditem|p2a: Kingdra|Lum Berry|[eat]\n|-end|p2a: Kingdra|confusion\n|\n|-weather|none\n|upkeep\n|\n|t:|1781461839\n|switch|p1a: Kyogre|Kyogre, L71|124/259\n|-weather|RainDance|[from] ability: Drizzle|[of] p1a: Kyogre\n|turn|13\n|\n|t:|1781461847\n|move|p2a: Kingdra|Waterfall|p1a: Kyogre\n|-resisted|p1a: Kyogre\n|-damage|p1a: Kyogre|10/259\n|move|p1a: Kyogre|Thunder|p2a: Kingdra\n|-damage|p2a: Kingdra|0 fnt\n|faint|p2a: Kingdra\n|\n|-weather|RainDance|[upkeep]\n|upkeep\n|inactive|landespede has 120 seconds left.\n|\n|t:|1781461858\n|switch|p2a: Hitmontop|Hitmontop, L88, M|231/231\n|-ability|p2a: Hitmontop|Intimidate|boost\n|-unboost|p1a: Kyogre|atk|1\n|turn|14\n|\n|t:|1781461863\n|move|p1a: Kyogre|Thunder|p2a: Hitmontop\n|-damage|p2a: Hitmontop|185/231\n|-status|p2a: Hitmontop|par\n|cant|p2a: Hitmontop|par\n|\n|-weather|RainDance|[upkeep]\n|upkeep\n|turn|15\n|\n|t:|1781461871\n|move|p1a: Kyogre|Thunder|p2a: Hitmontop\n|-damage|p2a: Hitmontop|141/231 par\n|move|p2a: Hitmontop|Rapid Spin|p1a: Kyogre\n|-damage|p1a: Kyogre|0 fnt\n|-boost|p2a: Hitmontop|spe|1\n|faint|p1a: Kyogre\n|\n|win|landespede\n|raw|Ash ketamin's rating: 1755 &rarr; <strong>1734</strong><br />(-21 for losing)\n|raw|landespede's rating: 1730 &rarr; <strong>1751</strong><br />(+21 for winning)\n|c|\u2606Ash ketamin|Damn bulky\n", "inputlog": ">version a8376a258c1d4662feba110a92103f3664a72141\n>start {\"formatid\":\"gen9randombattle\",\"seed\":\"sodium,5ec36d40ec2da6d70f4b2d8cc30324f7\",\"rated\":\"Rated battle\"}\n>player p1 {\"name\":\"Ash ketamin\",\"avatar\":\"2\",\"rating\":1755,\"seed\":\"sodium,7cc461d47be542e01ced03574c76fa16\"}\n>player p2 {\"name\":\"landespede\",\"avatar\":\"veteran\",\"rating\":1730,\"seed\":\"sodium,a012c41a55a33279e90fd67ac4e204a4\"}\n>p1 move psystrike\n>p2 move shiftgear\n>p1 switch 6\n>p2 move ironhead\n>p1 move spore\n>p2 move ironhead\n>p1 switch 3\n>p1 move fakeout\n>p2 move gunkshot\n>p1 switch 2\n>p2 move gunkshot\n>p1 switch 2\n>p1 move fakeout\n>p2 move ironhead\n>p2 switch 4\n>p1 move uturn\n>p2 move bravebird\n>p1 switch 4\n>p1 move originpulse\n>p2 move bravebird\n>p2 switch 6\n>p1 switch 6\n>p2 move dragondance\n>p1 move psystrike\n>p2 move wavecrash\n>p1 switch 5\n>p1 move doubleedge\n>p2 move outrage\n>p1 move doubleedge\n>p2 move outrage\n>p1 switch 6\n>p1 move thunder\n>p2 move waterfall\n>p2 switch 3\n>p1 move thunder\n>p2 move rapidspin\n>p1 move thunder\n>p2 move rapidspin", "uploadtime": 1781461880, "views": 3, "formatid": "gen9randombattle", "rating": 1734, "private": 0, "password": null}