{"id": "gen9randombattle-2631823430", "format": "[Gen 9] Random Battle", "players": ["keeplagging", "Cybercretin"], "log": "|j|\u2606keeplagging\n|j|\u2606Cybercretin\n|t:|1781444706\n|gametype|singles\n|player|p1|keeplagging|dancer|1712\n|player|p2|Cybercretin|marlon|1719\n|gen|9\n|tier|[Gen 9] Random Battle\n|rated|\n|rule|Species Clause: Limit one of each Pok\u00e9mon\n|rule|HP Percentage Mod: HP is shown in percentages\n|rule|Sleep Clause Mod: Limit one foe put to sleep\n|rule|Illusion Level Mod: Illusion disguises the Pok\u00e9mon's true level\n|\n|t:|1781444706\n|teamsize|p1|6\n|teamsize|p2|6\n|start\n|switch|p1a: Dragonite|Dragonite, L74, F|257/257\n|switch|p2a: Hitmonchan|Hitmonchan, L87, M|229/229\n|turn|1\n|inactive|Battle timer is ON: inactive players will automatically lose when time's up. (requested by keeplagging)\n|\n|t:|1781444716\n|switch|p2a: Ninetales|Ninetales-Alola, L78, M|242/242\n|-weather|Snowscape|[from] ability: Snow Warning|[of] p2a: Ninetales\n|move|p1a: Dragonite|Dragon Dance|p1a: Dragonite\n|-boost|p1a: Dragonite|atk|1\n|-boost|p1a: Dragonite|spe|1\n|\n|-weather|Snowscape|[upkeep]\n|upkeep\n|turn|2\n|\n|t:|1781444726\n|move|p1a: Dragonite|Earthquake|p2a: Ninetales\n|-damage|p2a: Ninetales|151/242\n|move|p2a: Ninetales|Aurora Veil|p2a: Ninetales\n|-sidestart|p2: Cybercretin|move: Aurora Veil\n|\n|-weather|Snowscape|[upkeep]\n|upkeep\n|turn|3\n|\n|t:|1781444742\n|switch|p1a: Armarouge|Armarouge, L80, M|267/267\n|move|p2a: Ninetales|Blizzard|p1a: Armarouge\n|-resisted|p1a: Armarouge\n|-damage|p1a: Armarouge|217/267\n|\n|-weather|Snowscape|[upkeep]\n|upkeep\n|turn|4\n|\n|t:|1781444751\n|switch|p2a: Gothitelle|Gothitelle, L90, F|272/272\n|move|p1a: Armarouge|Armor Cannon|p2a: Gothitelle\n|-damage|p2a: Gothitelle|186/272\n|-unboost|p1a: Armarouge|def|1\n|-unboost|p1a: Armarouge|spd|1\n|\n|-weather|Snowscape|[upkeep]\n|-heal|p2a: Gothitelle|203/272|[from] item: Leftovers\n|upkeep\n|turn|5\n|\n|t:|1781444759\n|move|p2a: Gothitelle|Calm Mind|p2a: Gothitelle\n|-boost|p2a: Gothitelle|spa|1\n|-boost|p2a: Gothitelle|spd|1\n|move|p1a: Armarouge|Armor Cannon|p2a: Gothitelle\n|-damage|p2a: Gothitelle|150/272\n|-unboost|p1a: Armarouge|def|1\n|-unboost|p1a: Armarouge|spd|1\n|\n|-weather|none\n|-heal|p2a: Gothitelle|167/272|[from] item: Leftovers\n|upkeep\n|turn|6\n|\n|t:|1781444765\n|move|p2a: Gothitelle|Calm Mind|p2a: Gothitelle\n|-boost|p2a: Gothitelle|spa|1\n|-boost|p2a: Gothitelle|spd|1\n|move|p1a: Armarouge|Armor Cannon|p2a: Gothitelle\n|-damage|p2a: Gothitelle|121/272\n|-unboost|p1a: Armarouge|def|1\n|-unboost|p1a: Armarouge|spd|1\n|\n|-heal|p2a: Gothitelle|138/272|[from] item: Leftovers\n|upkeep\n|turn|7\n|\n|t:|1781444767\n|move|p2a: Gothitelle|Thunderbolt|p1a: Armarouge\n|-damage|p1a: Armarouge|0 fnt\n|faint|p1a: Armarouge\n|\n|-heal|p2a: Gothitelle|155/272|[from] item: Leftovers\n|upkeep\n|\n|t:|1781444783\n|switch|p1a: Brute Bonnet|Brute Bonnet, L80|309/309\n|turn|8\n|\n|t:|1781444793\n|-terastallize|p1a: Brute Bonnet|Poison\n|move|p2a: Gothitelle|Focus Blast|p1a: Brute Bonnet\n|-resisted|p1a: Brute Bonnet\n|-damage|p1a: Brute Bonnet|216/309\n|-unboost|p1a: Brute Bonnet|spd|1\n|move|p1a: Brute Bonnet|Spore|p2a: Gothitelle\n|-status|p2a: Gothitelle|slp|[from] move: Spore\n|\n|-heal|p2a: Gothitelle|172/272 slp|[from] item: Leftovers\n|-heal|p1a: Brute Bonnet|235/309|[from] item: Leftovers\n|upkeep\n|turn|9\n|\n|t:|1781444800\n|cant|p2a: Gothitelle|slp\n|move|p1a: Brute Bonnet|Crunch|p2a: Gothitelle\n|-supereffective|p2a: Gothitelle\n|-damage|p2a: Gothitelle|90/272 slp\n|\n|-heal|p2a: Gothitelle|107/272 slp|[from] item: Leftovers\n|-heal|p1a: Brute Bonnet|254/309|[from] item: Leftovers\n|-sideend|p2: Cybercretin|move: Aurora Veil\n|upkeep\n|turn|10\n|\n|t:|1781444803\n|move|p1a: Brute Bonnet|Sucker Punch|p2a: Gothitelle\n|-supereffective|p2a: Gothitelle\n|-damage|p2a: Gothitelle|0 fnt\n|faint|p2a: Gothitelle\n|\n|-heal|p1a: Brute Bonnet|273/309|[from] item: Leftovers\n|upkeep\n|\n|t:|1781444807\n|switch|p2a: Flygon|Flygon, L82, M|265/265\n|turn|11\n|\n|t:|1781444811\n|move|p2a: Flygon|Earthquake|p1a: Brute Bonnet\n|-supereffective|p1a: Brute Bonnet\n|-damage|p1a: Brute Bonnet|81/309\n|move|p1a: Brute Bonnet|Spore|p2a: Flygon\n|-status|p2a: Flygon|slp|[from] move: Spore\n|-enditem|p2a: Flygon|Lum Berry|[eat]\n|-curestatus|p2a: Flygon|slp|[msg]\n|\n|-heal|p1a: Brute Bonnet|100/309|[from] item: Leftovers\n|upkeep\n|turn|12\n|\n|t:|1781444820\n|-end|p1a: Brute Bonnet|Protosynthesis|[silent]\n|switch|p1a: Wigglytuff|Wigglytuff, L96, M|424/424\n|move|p2a: Flygon|Earthquake|p1a: Wigglytuff\n|-damage|p1a: Wigglytuff|285/424\n|\n|-heal|p1a: Wigglytuff|311/424|[from] item: Leftovers\n|upkeep\n|turn|13\n|\n|t:|1781444826\n|switch|p2a: Ninetales|Ninetales-Alola, L78, M|151/242\n|-weather|Snowscape|[from] ability: Snow Warning|[of] p2a: Ninetales\n|move|p1a: Wigglytuff|Dazzling Gleam|p2a: Ninetales\n|-damage|p2a: Ninetales|45/242\n|\n|-weather|Snowscape|[upkeep]\n|-heal|p1a: Wigglytuff|337/424|[from] item: Leftovers\n|upkeep\n|turn|14\n|\n|t:|1781444831\n|move|p2a: Ninetales|Aurora Veil|p2a: Ninetales\n|-sidestart|p2: Cybercretin|move: Aurora Veil\n|move|p1a: Wigglytuff|Thunder Wave|p2a: Ninetales\n|-status|p2a: Ninetales|par\n|\n|-weather|Snowscape|[upkeep]\n|-heal|p1a: Wigglytuff|363/424|[from] item: Leftovers\n|upkeep\n|turn|15\n|\n|t:|1781444836\n|move|p1a: Wigglytuff|Knock Off|p2a: Ninetales\n|-resisted|p2a: Ninetales\n|-damage|p2a: Ninetales|31/242 par\n|-enditem|p2a: Ninetales|Light Clay|[from] move: Knock Off|[of] p1a: Wigglytuff\n|move|p2a: Ninetales|Blizzard|p1a: Wigglytuff\n|-damage|p1a: Wigglytuff|246/424\n|\n|-weather|Snowscape|[upkeep]\n|-heal|p1a: Wigglytuff|272/424|[from] item: Leftovers\n|upkeep\n|turn|16\n|\n|t:|1781444841\n|move|p1a: Wigglytuff|Knock Off|p2a: Ninetales\n|-resisted|p2a: Ninetales\n|-damage|p2a: Ninetales|22/242 par\n|move|p2a: Ninetales|Blizzard|p1a: Wigglytuff\n|-damage|p1a: Wigglytuff|151/424\n|-status|p1a: Wigglytuff|frz\n|\n|-weather|Snowscape|[upkeep]\n|-heal|p1a: Wigglytuff|177/424 frz|[from] item: Leftovers\n|upkeep\n|turn|17\n|\n|t:|1781444847\n|switch|p2a: Poliwrath|Poliwrath, L88, F|302/302\n|-curestatus|p1a: Wigglytuff|frz|[msg]\n|move|p1a: Wigglytuff|Knock Off|p2a: Poliwrath\n|-resisted|p2a: Poliwrath\n|-damage|p2a: Poliwrath|288/302\n|-enditem|p2a: Poliwrath|Assault Vest|[from] move: Knock Off|[of] p1a: Wigglytuff\n|\n|-weather|none\n|-heal|p1a: Wigglytuff|203/424|[from] item: Leftovers\n|upkeep\n|turn|18\n|\n|t:|1781444852\n|move|p2a: Poliwrath|Liquidation|p1a: Wigglytuff\n|-damage|p1a: Wigglytuff|64/424\n|move|p1a: Wigglytuff|Thunder Wave|p2a: Poliwrath\n|-status|p2a: Poliwrath|par\n|\n|-heal|p1a: Wigglytuff|90/424|[from] item: Leftovers\n|upkeep\n|turn|19\n|\n|t:|1781444856\n|move|p1a: Wigglytuff|Dazzling Gleam|p2a: Poliwrath\n|-supereffective|p2a: Poliwrath\n|-damage|p2a: Poliwrath|188/302 par\n|cant|p2a: Poliwrath|par\n|\n|-heal|p1a: Wigglytuff|116/424|[from] item: Leftovers\n|upkeep\n|turn|20\n|\n|t:|1781444865\n|move|p1a: Wigglytuff|Dazzling Gleam|p2a: Poliwrath\n|-supereffective|p2a: Poliwrath\n|-damage|p2a: Poliwrath|101/302 par\n|move|p2a: Poliwrath|Liquidation|p1a: Wigglytuff\n|-damage|p1a: Wigglytuff|0 fnt\n|faint|p1a: Wigglytuff\n|\n|upkeep\n|\n|t:|1781444880\n|switch|p1a: Honchkrow|Honchkrow, L86, M|312/312\n|turn|21\n|\n|t:|1781444883\n|move|p1a: Honchkrow|Brave Bird|p2a: Poliwrath\n|-supereffective|p2a: Poliwrath\n|-damage|p2a: Poliwrath|0 fnt\n|faint|p2a: Poliwrath\n|-ability|p1a: Honchkrow|Moxie|boost\n|-boost|p1a: Honchkrow|atk|1\n|-damage|p1a: Honchkrow|279/312|[from] Recoil\n|\n|-sideend|p2: Cybercretin|move: Aurora Veil\n|upkeep\n|\n|t:|1781444888\n|switch|p2a: Lapras|Lapras, L87, M|367/367\n|turn|22\n|\n|t:|1781444906\n|switch|p1a: Glimmora|Glimmora, L75, M|248/248\n|move|p2a: Lapras|Ice Beam|p1a: Glimmora\n|-damage|p1a: Glimmora|86/248\n|\n|upkeep\n|turn|23\n|\n|t:|1781444913\n|move|p1a: Glimmora|Meteor Beam||[still]\n|-prepare|p1a: Glimmora|Meteor Beam\n|-boost|p1a: Glimmora|spa|1\n|-enditem|p1a: Glimmora|Power Herb\n|-anim|p1a: Glimmora|Meteor Beam|p2a: Lapras\n|-supereffective|p2a: Lapras\n|-damage|p2a: Lapras|25/367\n|move|p2a: Lapras|Ice Beam|p1a: Glimmora\n|-damage|p1a: Glimmora|0 fnt\n|faint|p1a: Glimmora\n|\n|upkeep\n|\n|t:|1781444929\n|switch|p1a: Honchkrow|Honchkrow, L86, M|279/312\n|turn|24\n|\n|t:|1781444936\n|move|p1a: Honchkrow|Lash Out|p2a: Lapras\n|-damage|p2a: Lapras|0 fnt\n|faint|p2a: Lapras\n|-ability|p1a: Honchkrow|Moxie|boost\n|-boost|p1a: Honchkrow|atk|1\n|\n|upkeep\n|\n|t:|1781444938\n|switch|p2a: Hitmonchan|Hitmonchan, L87, M|229/229\n|turn|25\n|\n|t:|1781444949\n|-terastallize|p2a: Hitmonchan|Dark\n|move|p2a: Hitmonchan|Bulk Up|p2a: Hitmonchan\n|-boost|p2a: Hitmonchan|atk|1\n|-boost|p2a: Hitmonchan|def|1\n|move|p1a: Honchkrow|Thunder Wave|p2a: Hitmonchan\n|-status|p2a: Hitmonchan|par\n|\n|upkeep\n|turn|26\n|\n|t:|1781444953\n|move|p1a: Honchkrow|Brave Bird|p2a: Hitmonchan\n|-damage|p2a: Hitmonchan|70/229 par\n|-damage|p1a: Honchkrow|227/312|[from] Recoil\n|move|p2a: Hitmonchan|Rapid Spin|p1a: Honchkrow\n|-damage|p1a: Honchkrow|141/312\n|-boost|p2a: Hitmonchan|spe|1\n|\n|-heal|p2a: Hitmonchan|84/229 par|[from] item: Leftovers\n|upkeep\n|turn|27\n|\n|t:|1781444960\n|move|p1a: Honchkrow|Brave Bird|p2a: Hitmonchan\n|-damage|p2a: Hitmonchan|0 fnt\n|faint|p2a: Hitmonchan\n|-ability|p1a: Honchkrow|Moxie|boost\n|-boost|p1a: Honchkrow|atk|1\n|-damage|p1a: Honchkrow|113/312|[from] Recoil\n|\n|upkeep\n|\n|t:|1781444962\n|switch|p2a: Flygon|Flygon, L82, M|265/265\n|turn|28\n|\n|t:|1781444967\n|move|p1a: Honchkrow|Sucker Punch|p2a: Flygon\n|-damage|p2a: Flygon|46/265\n|move|p2a: Flygon|Stone Edge|p1a: Honchkrow\n|-supereffective|p1a: Honchkrow\n|-crit|p1a: Honchkrow\n|-damage|p1a: Honchkrow|0 fnt\n|faint|p1a: Honchkrow\n|\n|upkeep\n|\n|t:|1781444976\n|switch|p1a: Brute Bonnet|Brute Bonnet, L80, tera:Poison|100/309\n|turn|29\n|\n|t:|1781444984\n|move|p1a: Brute Bonnet|Sucker Punch||[still]\n|-fail|p1a: Brute Bonnet\n|move|p2a: Flygon|Dragon Dance|p2a: Flygon\n|-boost|p2a: Flygon|atk|1\n|-boost|p2a: Flygon|spe|1\n|\n|-heal|p1a: Brute Bonnet|119/309|[from] item: Leftovers\n|upkeep\n|turn|30\n|\n|t:|1781444988\n|move|p1a: Brute Bonnet|Sucker Punch|p2a: Flygon\n|-damage|p2a: Flygon|0 fnt\n|faint|p2a: Flygon\n|\n|-heal|p1a: Brute Bonnet|138/309|[from] item: Leftovers\n|upkeep\n|\n|t:|1781444990\n|switch|p2a: Ninetales|Ninetales-Alola, L78, M|22/242 par\n|-weather|Snowscape|[from] ability: Snow Warning|[of] p2a: Ninetales\n|turn|31\n|\n|t:|1781444992\n|move|p1a: Brute Bonnet|Crunch|p2a: Ninetales\n|-resisted|p2a: Ninetales\n|-damage|p2a: Ninetales|0 fnt\n|faint|p2a: Ninetales\n|\n|win|keeplagging\n|raw|keeplagging's rating: 1712 &rarr; <strong>1732</strong><br />(+20 for winning)\n|raw|Cybercretin's rating: 1719 &rarr; <strong>1699</strong><br />(-20 for losing)\n|l|\u2606Cybercretin\n|player|p2|\n|c|\u2606keeplagging|gg ez\n|c|\u2606keeplagging|lol\n", "inputlog": ">version a8376a258c1d4662feba110a92103f3664a72141\n>start {\"formatid\":\"gen9randombattle\",\"seed\":\"sodium,332313ab23e40ba19e28c64d9c8ad831\",\"rated\":\"Rated battle\"}\n>player p1 {\"name\":\"keeplagging\",\"avatar\":\"dancer\",\"rating\":1712,\"seed\":\"sodium,0bc7e0f26e7d61c16f124ef18b0d4dee\"}\n>player p2 {\"name\":\"Cybercretin\",\"avatar\":\"marlon\",\"rating\":1719,\"seed\":\"sodium,a09794d006dd6a6ed341c55247882225\"}\n>p1 move dragondance\n>p2 switch 4\n>p1 move earthquake\n>p2 move auroraveil\n>p1 switch 3\n>p2 move blizzard\n>p1 move armorcannon\n>p2 switch 6\n>p1 move armorcannon\n>p2 move calmmind\n>p1 move armorcannon\n>p2 move calmmind\n>p1 move armorcannon\n>p2 move thunderbolt\n>p1 switch 5\n>p1 move spore terastallize\n>p2 move focusblast\n>p1 move crunch\n>p2 move psychicnoise\n>p1 move suckerpunch\n>p2 move psychicnoise\n>p2 switch 3\n>p1 move spore\n>p2 move earthquake\n>p1 switch 4\n>p2 move earthquake\n>p1 move dazzlinggleam\n>p2 switch 6\n>p1 move thunderwave\n>p2 move auroraveil\n>p1 move knockoff\n>p2 move blizzard\n>p1 move knockoff\n>p2 move blizzard\n>p1 move knockoff\n>p2 switch 2\n>p1 move thunderwave\n>p2 move liquidation\n>p1 move dazzlinggleam\n>p2 move liquidation\n>p1 move dazzlinggleam\n>p2 move liquidation\n>p1 switch 2\n>p1 move bravebird\n>p2 move circlethrow\n>p2 switch 5\n>p1 switch 6\n>p2 move icebeam\n>p1 move meteorbeam\n>p2 move icebeam\n>p1 switch 6\n>p1 move lashout\n>p2 move icebeam\n>p2 switch 4\n>p1 move thunderwave\n>p2 move bulkup terastallize\n>p1 move bravebird\n>p2 move rapidspin\n>p1 move bravebird\n>p2 move drainpunch\n>p2 switch 6\n>p1 move suckerpunch\n>p2 move stoneedge\n>p1 switch 4\n>p1 move suckerpunch\n>p2 move dragondance\n>p1 move suckerpunch\n>p2 move earthquake\n>p2 switch 2\n>p1 move crunch\n>p2 move moonblast", "uploadtime": 1781445001, "views": 8, "formatid": "gen9randombattle", "rating": 1699, "private": 0, "password": null}