{"id": "gen9randombattle-2631740693", "format": "[Gen 9] Random Battle", "players": ["vogabal", "givemethepikachuu"], "log": "|j|\u2606vogabal\n|j|\u2606givemethepikachuu\n|t:|1781431922\n|gametype|singles\n|player|p1|vogabal|169|1950\n|player|p2|givemethepikachuu|1|1929\n|gen|9\n|tier|[Gen 9] Random Battle\n|rated|\n|rule|Species Clause: Limit one of each Pok\u00e9mon\n|rule|HP Percentage Mod: HP is shown in percentages\n|rule|Sleep Clause Mod: Limit one foe put to sleep\n|rule|Illusion Level Mod: Illusion disguises the Pok\u00e9mon's true level\n|\n|t:|1781431922\n|teamsize|p1|6\n|teamsize|p2|6\n|start\n|switch|p1a: Eternatus|Eternatus, L69|308/308\n|switch|p2a: Magearna|Magearna-Original, L77|250/250\n|-ability|p1a: Eternatus|Pressure\n|turn|1\n|\n|t:|1781431950\n|switch|p1a: Coalossal|Coalossal, L89, F|341/341\n|switch|p2a: Inteleon|Inteleon, L81, F|246/246\n|\n|upkeep\n|turn|2\n|\n|t:|1781431956\n|switch|p1a: Alomomola|Alomomola, L87, M|429/429\n|move|p2a: Inteleon|Scald|p1a: Alomomola\n|-resisted|p1a: Alomomola\n|-damage|p1a: Alomomola|323/429\n|\n|upkeep\n|turn|3\n|\n|t:|1781431987\n|switch|p2a: Torkoal|Torkoal, L88, F|266/266\n|-weather|SunnyDay|[from] ability: Drought|[of] p2a: Torkoal\n|move|p1a: Alomomola|Flip Turn|p2a: Torkoal\n|-supereffective|p2a: Torkoal\n|-damage|p2a: Torkoal|228/266\n|\n|t:|1781431998\n|switch|p1a: Coalossal|Coalossal, L89, F|341/341|[from] Flip Turn\n|\n|-weather|SunnyDay|[upkeep]\n|upkeep\n|turn|4\n|\n|t:|1781432004\n|move|p1a: Coalossal|Spikes|p2a: Torkoal\n|-sidestart|p2: givemethepikachuu|Spikes\n|move|p2a: Torkoal|Stealth Rock|p1a: Coalossal\n|-sidestart|p1: vogabal|move: Stealth Rock\n|\n|-weather|SunnyDay|[upkeep]\n|upkeep\n|turn|5\n|\n|t:|1781432008\n|move|p1a: Coalossal|Rapid Spin|p2a: Torkoal\n|-damage|p2a: Torkoal|206/266\n|-boost|p1a: Coalossal|spe|1\n|-sideend|p1: vogabal|Stealth Rock|[from] move: Rapid Spin|[of] p1a: Coalossal\n|move|p2a: Torkoal|Yawn|p1a: Coalossal\n|-start|p1a: Coalossal|move: Yawn|[of] p2a: Torkoal\n|\n|-weather|SunnyDay|[upkeep]\n|upkeep\n|turn|6\n|\n|t:|1781432015\n|switch|p1a: Eternatus|Eternatus, L69|308/308\n|-ability|p1a: Eternatus|Pressure\n|move|p2a: Torkoal|Stealth Rock|p1a: Eternatus\n|-sidestart|p1: vogabal|move: Stealth Rock\n|\n|-weather|SunnyDay|[upkeep]\n|upkeep\n|turn|7\n|\n|t:|1781432030\n|move|p1a: Eternatus|Fire Blast|p2a: Torkoal\n|-resisted|p2a: Torkoal\n|-damage|p2a: Torkoal|143/266\n|move|p2a: Torkoal|Yawn|p1a: Eternatus\n|-start|p1a: Eternatus|move: Yawn|[of] p2a: Torkoal\n|\n|-weather|none\n|upkeep\n|turn|8\n|\n|t:|1781432036\n|switch|p1a: Coalossal|Coalossal, L89, F|341/341\n|move|p2a: Torkoal|Rapid Spin|p1a: Coalossal\n|-resisted|p1a: Coalossal\n|-damage|p1a: Coalossal|329/341\n|-boost|p2a: Torkoal|spe|1\n|-sideend|p2: givemethepikachuu|Spikes|[from] move: Rapid Spin|[of] p2a: Torkoal\n|\n|upkeep\n|turn|9\n|\n|t:|1781432049\n|switch|p2a: Inteleon|Inteleon, L81, F|246/246\n|move|p1a: Coalossal|Stone Edge|p2a: Inteleon|[miss]\n|-miss|p1a: Coalossal|p2a: Inteleon\n|\n|upkeep\n|turn|10\n|\n|t:|1781432063\n|switch|p1a: Alomomola|Alomomola, L87, M|429/429\n|move|p2a: Inteleon|U-turn|p1a: Alomomola\n|-damage|p1a: Alomomola|386/429\n|inactive|Battle timer is ON: inactive players will automatically lose when time's up. (requested by vogabal)\n|\n|t:|1781432096\n|switch|p2a: Magearna|Magearna-Original, L77|250/250|[from] U-turn\n|\n|upkeep\n|turn|11\n|\n|t:|1781432105\n|move|p1a: Alomomola|Flip Turn|p2a: Magearna\n|-damage|p2a: Magearna|198/250\n|\n|t:|1781432107\n|switch|p1a: Coalossal|Coalossal, L89, F|329/341|[from] Flip Turn\n|move|p2a: Magearna|Volt Switch|p1a: Coalossal\n|-damage|p1a: Coalossal|276/341\n|\n|t:|1781432112\n|switch|p2a: Inteleon|Inteleon, L81, F|246/246|[from] Volt Switch\n|\n|upkeep\n|turn|12\n|\n|t:|1781432114\n|switch|p1a: Alomomola|Alomomola, L87, M|429/429\n|move|p2a: Inteleon|Scald|p1a: Alomomola\n|-resisted|p1a: Alomomola\n|-damage|p1a: Alomomola|323/429\n|\n|upkeep\n|turn|13\n|\n|t:|1781432122\n|move|p2a: Inteleon|Scald|p1a: Alomomola\n|-resisted|p1a: Alomomola\n|-damage|p1a: Alomomola|209/429\n|-status|p1a: Alomomola|brn\n|move|p1a: Alomomola|Wish|p1a: Alomomola\n|\n|-damage|p1a: Alomomola|183/429 brn|[from] brn\n|upkeep\n|turn|14\n|\n|t:|1781432133\n|switch|p2a: Magearna|Magearna-Original, L77|198/250\n|move|p1a: Alomomola|Scald|p2a: Magearna\n|-damage|p2a: Magearna|158/250\n|\n|-heal|p1a: Alomomola|397/429 brn|[from] move: Wish|[wisher] Alomomola\n|-heal|p2a: Magearna|173/250|[from] item: Leftovers\n|-damage|p1a: Alomomola|371/429 brn|[from] brn\n|upkeep\n|turn|15\n|\n|t:|1781432144\n|move|p1a: Alomomola|Flip Turn|p2a: Magearna\n|-damage|p2a: Magearna|146/250\n|\n|t:|1781432147\n|switch|p1a: Coalossal|Coalossal, L89, F|276/341|[from] Flip Turn\n|move|p2a: Magearna|Thunder Wave|p1a: Coalossal\n|-status|p1a: Coalossal|par\n|\n|-heal|p2a: Magearna|161/250|[from] item: Leftovers\n|upkeep\n|turn|16\n|\n|t:|1781432158\n|move|p2a: Magearna|Volt Switch|p1a: Coalossal\n|-damage|p1a: Coalossal|230/341 par\n|\n|t:|1781432164\n|switch|p2a: Inteleon|Inteleon, L81, F|246/246|[from] Volt Switch\n|move|p1a: Coalossal|Rapid Spin|p2a: Inteleon\n|-damage|p2a: Inteleon|203/246\n|-boost|p1a: Coalossal|spe|1\n|-sideend|p1: vogabal|Stealth Rock|[from] move: Rapid Spin|[of] p1a: Coalossal\n|\n|upkeep\n|turn|17\n|\n|t:|1781432178\n|switch|p1a: Alomomola|Alomomola, L87, M|429/429 brn\n|-terastallize|p2a: Inteleon|Water\n|move|p2a: Inteleon|Hydro Pump|p1a: Alomomola\n|-resisted|p1a: Alomomola\n|-damage|p1a: Alomomola|232/429 brn\n|\n|-damage|p1a: Alomomola|206/429 brn|[from] brn\n|upkeep\n|turn|18\n|\n|t:|1781432195\n|switch|p1a: Eternatus|Eternatus, L69|308/308\n|-ability|p1a: Eternatus|Pressure\n|move|p2a: Inteleon|Hydro Pump|p1a: Eternatus|[miss]\n|-miss|p2a: Inteleon|p1a: Eternatus\n|\n|upkeep\n|turn|19\n|inactive|givemethepikachuu has 120 seconds left.\n|\n|t:|1781432229\n|switch|p2a: Iron Valiant|Iron Valiant, L78|244/244\n|move|p1a: Eternatus|Fire Blast|p2a: Iron Valiant\n|-damage|p2a: Iron Valiant|146/244\n|\n|upkeep\n|turn|20\n|inactive|givemethepikachuu has 120 seconds left.\n|\n|t:|1781432252\n|move|p2a: Iron Valiant|Spirit Break|p1a: Eternatus\n|-damage|p1a: Eternatus|170/308\n|-unboost|p1a: Eternatus|spa|1\n|-damage|p2a: Iron Valiant|106/244|[from] item: Rocky Helmet|[of] p1a: Eternatus\n|-damage|p2a: Iron Valiant|82/244|[from] item: Life Orb\n|move|p1a: Eternatus|Sludge Bomb|p2a: Iron Valiant\n|-supereffective|p2a: Iron Valiant\n|-damage|p2a: Iron Valiant|0 fnt\n|faint|p2a: Iron Valiant\n|-end|p2a: Iron Valiant|Quark Drive|[silent]\n|\n|upkeep\n|\n|t:|1781432262\n|switch|p2a: Inteleon|Inteleon, L81, F, tera:Water|203/246\n|turn|21\n|\n|t:|1781432275\n|switch|p1a: Alomomola|Alomomola, L87, M|349/429 brn\n|move|p2a: Inteleon|Hydro Pump|p1a: Alomomola\n|-resisted|p1a: Alomomola\n|-damage|p1a: Alomomola|148/429 brn\n|\n|-damage|p1a: Alomomola|122/429 brn|[from] brn\n|upkeep\n|turn|22\n|\n|t:|1781432283\n|move|p1a: Alomomola|Protect|p1a: Alomomola\n|-singleturn|p1a: Alomomola|Protect\n|move|p2a: Inteleon|Hydro Pump|p1a: Alomomola\n|-activate|p1a: Alomomola|move: Protect\n|\n|-damage|p1a: Alomomola|96/429 brn|[from] brn\n|upkeep\n|turn|23\n|\n|t:|1781432289\n|switch|p1a: Eternatus|Eternatus, L69|170/308\n|-ability|p1a: Eternatus|Pressure\n|move|p2a: Inteleon|Hydro Pump|p1a: Eternatus\n|-resisted|p1a: Eternatus\n|-damage|p1a: Eternatus|9/308\n|\n|upkeep\n|turn|24\n|\n|t:|1781432292\n|move|p2a: Inteleon|Hydro Pump|p1a: Eternatus|[miss]\n|-miss|p2a: Inteleon|p1a: Eternatus\n|move|p1a: Eternatus|Recover|p1a: Eternatus\n|-heal|p1a: Eternatus|163/308\n|\n|upkeep\n|turn|25\n|\n|t:|1781432307\n|switch|p2a: Mamoswine|Mamoswine, L81, F|311/311\n|move|p1a: Eternatus|Recover|p1a: Eternatus\n|-heal|p1a: Eternatus|308/308\n|\n|upkeep\n|turn|26\n|\n|t:|1781432317\n|switch|p1a: Gyarados|Gyarados, L79, F|280/280\n|-ability|p1a: Gyarados|Intimidate|boost\n|-unboost|p2a: Mamoswine|atk|1\n|move|p2a: Mamoswine|Knock Off|p1a: Gyarados\n|-damage|p1a: Gyarados|195/280\n|-enditem|p1a: Gyarados|Heavy-Duty Boots|[from] move: Knock Off|[of] p2a: Mamoswine\n|\n|upkeep\n|turn|27\n|\n|t:|1781432332\n|switch|p2a: Blastoise|Blastoise, L80, M|258/258\n|move|p1a: Gyarados|Dragon Dance|p1a: Gyarados\n|-boost|p1a: Gyarados|atk|1\n|-boost|p1a: Gyarados|spe|1\n|\n|upkeep\n|turn|28\n|\n|t:|1781432341\n|move|p1a: Gyarados|Earthquake|p2a: Blastoise\n|-crit|p2a: Blastoise\n|-damage|p2a: Blastoise|99/258\n|move|p2a: Blastoise|Shell Smash|p2a: Blastoise\n|-unboost|p2a: Blastoise|def|1\n|-unboost|p2a: Blastoise|spd|1\n|-boost|p2a: Blastoise|atk|2\n|-boost|p2a: Blastoise|spa|2\n|-boost|p2a: Blastoise|spe|2\n|-enditem|p2a: Blastoise|White Herb\n|-clearnegativeboost|p2a: Blastoise|[silent]\n|\n|upkeep\n|turn|29\n|\n|t:|1781432348\n|move|p2a: Blastoise|Ice Beam|p1a: Gyarados\n|-damage|p1a: Gyarados|88/280\n|move|p1a: Gyarados|Dragon Dance|p1a: Gyarados\n|-boost|p1a: Gyarados|atk|1\n|-boost|p1a: Gyarados|spe|1\n|\n|upkeep\n|turn|30\n|\n|t:|1781432360\n|move|p1a: Gyarados|Earthquake|p2a: Blastoise\n|-damage|p2a: Blastoise|0 fnt\n|faint|p2a: Blastoise\n|\n|upkeep\n|\n|t:|1781432368\n|switch|p2a: Magearna|Magearna-Original, L77|161/250\n|turn|31\n|\n|t:|1781432373\n|move|p1a: Gyarados|Earthquake|p2a: Magearna\n|-supereffective|p2a: Magearna\n|-damage|p2a: Magearna|0 fnt\n|faint|p2a: Magearna\n|\n|upkeep\n|\n|t:|1781432377\n|switch|p2a: Mamoswine|Mamoswine, L81, F|311/311\n|turn|32\n|\n|t:|1781432380\n|move|p2a: Mamoswine|Ice Shard|p1a: Gyarados\n|-damage|p1a: Gyarados|3/280\n|move|p1a: Gyarados|Waterfall|p2a: Mamoswine\n|-supereffective|p2a: Mamoswine\n|-damage|p2a: Mamoswine|0 fnt\n|faint|p2a: Mamoswine\n|\n|upkeep\n|-message|givemethepikachuu forfeited.\n|\n|win|vogabal\n", "inputlog": ">version a8376a258c1d4662feba110a92103f3664a72141\n>start {\"formatid\":\"gen9randombattle\",\"seed\":\"sodium,6048f2f626e69d74a013289909e5b3ca\",\"rated\":\"Rated battle\"}\n>player p1 {\"name\":\"vogabal\",\"avatar\":\"169\",\"rating\":1950,\"seed\":\"sodium,2b671f571c09feb6273ea8975921a94c\"}\n>player p2 {\"name\":\"givemethepikachuu\",\"avatar\":\"1\",\"rating\":1929,\"seed\":\"sodium,b054ddf00888d7a8d35cf1fb27fa0362\"}\n>p1 switch 4\n>p2 switch 2\n>p1 switch 5\n>p2 move scald\n>p1 move flipturn\n>p2 switch 6\n>p1 switch 5\n>p1 move spikes\n>p2 move stealthrock\n>p1 move rapidspin\n>p2 move yawn\n>p1 switch 4\n>p2 move stealthrock\n>p1 move fireblast\n>p2 move yawn\n>p1 switch 4\n>p2 move rapidspin\n>p1 move stoneedge\n>p2 switch 6\n>p1 switch 5\n>p2 move uturn\n>p2 switch 2\n>p1 move flipturn\n>p2 move voltswitch\n>p1 switch 5\n>p2 switch 2\n>p1 switch 5\n>p2 move scald\n>p1 move wish\n>p2 move scald\n>p1 move scald\n>p2 switch 2\n>p1 move flipturn\n>p2 move thunderwave\n>p1 switch 5\n>p1 move rapidspin\n>p2 move voltswitch\n>p2 switch 2\n>p1 switch 5\n>p2 move hydropump terastallize\n>p1 switch 4\n>p2 move hydropump\n>p1 move fireblast\n>p2 switch 3\n>p1 move sludgebomb\n>p2 move spiritbreak\n>p2 switch 3\n>p1 switch 4\n>p2 move hydropump\n>p1 move protect\n>p2 move hydropump\n>p1 switch 4\n>p2 move hydropump\n>p1 move recover\n>p2 move hydropump\n>p1 move recover\n>p2 switch 5\n>p1 switch 3\n>p2 move knockoff\n>p1 move dragondance\n>p2 switch 4\n>p1 move earthquake\n>p2 move shellsmash\n>p1 move dragondance\n>p2 move icebeam\n>p1 move earthquake\n>p2 move icebeam\n>p2 switch 2\n>p1 move earthquake\n>p2 move thunderwave\n>p2 switch 4\n>p1 move waterfall\n>p2 move iceshard\n>forcelose p2", "uploadtime": 1781431924, "views": 7, "formatid": "gen9randombattle", "rating": null, "private": 0, "password": null}