{"id": "gen9randombattle-2631582939", "format": "[Gen 9] Random Battle", "players": ["chichbarca", "pkmn sleep pro"], "log": "|j|\u2606chichbarca\n|j|\u2606pkmn sleep pro\n|t:|1781404488\n|gametype|singles\n|player|p1|chichbarca|101|1988\n|player|p2|pkmn sleep pro|266|2107\n|gen|9\n|tier|[Gen 9] Random Battle\n|rated|\n|rule|Species Clause: Limit one of each Pok\u00e9mon\n|rule|HP Percentage Mod: HP is shown in percentages\n|rule|Sleep Clause Mod: Limit one foe put to sleep\n|rule|Illusion Level Mod: Illusion disguises the Pok\u00e9mon's true level\n|\n|t:|1781404488\n|teamsize|p1|6\n|teamsize|p2|6\n|start\n|switch|p1a: Darkrai|Darkrai, L77|234/234\n|switch|p2a: Snorlax|Snorlax, L82, M|397/397\n|turn|1\n|inactive|Battle timer is ON: inactive players will automatically lose when time's up. (requested by chichbarca)\n|\n|t:|1781404513\n|move|p1a: Darkrai|Hypnosis|p2a: Snorlax\n|-status|p2a: Snorlax|slp|[from] move: Hypnosis\n|cant|p2a: Snorlax|slp\n|\n|-damage|p2a: Snorlax|348/397 slp|[from] ability: Bad Dreams|[of] p1a: Darkrai\n|upkeep\n|turn|2\n|\n|t:|1781404531\n|switch|p1a: Flareon|Flareon, L90, F|263/263\n|switch|p2a: Illumise|Illumise, L91, F|266/266\n|\n|-status|p1a: Flareon|tox|[from] item: Toxic Orb\n|upkeep\n|turn|3\n|\n|t:|1781404543\n|move|p2a: Illumise|Bug Buzz|p1a: Flareon\n|-resisted|p1a: Flareon\n|-damage|p1a: Flareon|228/263 tox\n|move|p1a: Flareon|Facade|p2a: Illumise\n|-damage|p2a: Illumise|58/266\n|\n|-damage|p1a: Flareon|212/263 tox|[from] psn\n|upkeep\n|turn|4\n|inactive|pkmn sleep pro has 120 seconds left.\n|\n|t:|1781404569\n|move|p1a: Flareon|Quick Attack|p2a: Illumise\n|-crit|p2a: Illumise\n|-damage|p2a: Illumise|0 fnt\n|faint|p2a: Illumise\n|\n|-damage|p1a: Flareon|180/263 tox|[from] psn\n|upkeep\n|\n|t:|1781404573\n|switch|p2a: Cramorant|Cramorant, L86, F|261/261\n|turn|5\n|\n|t:|1781404589\n|switch|p1a: Zapdos|Zapdos, L78|268/268\n|move|p2a: Cramorant|Surf|p1a: Zapdos\n|-formechange|p2a: Cramorant|Cramorant-Gulping|\n|-damage|p1a: Zapdos|163/268\n|\n|upkeep\n|turn|6\n|\n|t:|1781404600\n|switch|p2a: Ursaluna|Ursaluna-Bloodmoon, L79, M|308/308\n|move|p1a: Zapdos|Roost|p1a: Zapdos\n|-heal|p1a: Zapdos|268/268\n|-singleturn|p1a: Zapdos|move: Roost\n|\n|upkeep\n|turn|7\n|\n|t:|1781404610\n|switch|p1a: Golurk|Golurk, L87|297/297\n|move|p2a: Ursaluna|Blood Moon|p1a: Golurk\n|-damage|p1a: Golurk|117/297\n|\n|upkeep\n|turn|8\n|\n|t:|1781404629\n|switch|p2a: Cramorant|Cramorant, L86, F|261/261\n|move|p1a: Golurk|Dynamic Punch|p2a: Cramorant\n|-resisted|p2a: Cramorant\n|-damage|p2a: Cramorant|178/261\n|-start|p2a: Cramorant|confusion\n|-damage|p1a: Golurk|88/297|[from] item: Life Orb\n|\n|upkeep\n|turn|9\n|\n|t:|1781404639\n|switch|p2a: Ursaluna|Ursaluna-Bloodmoon, L79, M|308/308\n|switch|p1a: Zapdos|Zapdos, L78|268/268\n|\n|upkeep\n|turn|10\n|\n|t:|1781404647\n|move|p1a: Zapdos|Hurricane|p2a: Ursaluna\n|-damage|p2a: Ursaluna|155/308\n|move|p2a: Ursaluna|Blood Moon|p1a: Zapdos\n|-damage|p1a: Zapdos|100/268\n|\n|-heal|p2a: Ursaluna|174/308|[from] item: Leftovers\n|upkeep\n|turn|11\n|\n|t:|1781404655\n|move|p1a: Zapdos|Roost|p1a: Zapdos\n|-heal|p1a: Zapdos|234/268\n|-singleturn|p1a: Zapdos|move: Roost\n|move|p2a: Ursaluna|Moonlight|p2a: Ursaluna\n|-heal|p2a: Ursaluna|308/308\n|\n|upkeep\n|turn|12\n|\n|t:|1781404661\n|move|p1a: Zapdos|Hurricane|p2a: Ursaluna\n|-crit|p2a: Ursaluna\n|-damage|p2a: Ursaluna|64/308\n|move|p2a: Ursaluna|Blood Moon|p1a: Zapdos\n|-damage|p1a: Zapdos|60/268\n|\n|-heal|p2a: Ursaluna|83/308|[from] item: Leftovers\n|upkeep\n|turn|13\n|\n|t:|1781404671\n|move|p1a: Zapdos|Heat Wave|p2a: Ursaluna\n|-damage|p2a: Ursaluna|0 fnt\n|faint|p2a: Ursaluna\n|\n|upkeep\n|\n|t:|1781404681\n|switch|p2a: Snorlax|Snorlax, L82, M|348/397 slp\n|turn|14\n|\n|t:|1781404688\n|switch|p1a: Golurk|Golurk, L87|88/297\n|-curestatus|p2a: Snorlax|slp|[msg]\n|move|p2a: Snorlax|Sleep Talk||[still]\n|-fail|p2a: Snorlax\n|\n|-heal|p2a: Snorlax|372/397|[from] item: Leftovers\n|upkeep\n|turn|15\n|\n|t:|1781404695\n|switch|p2a: Cramorant|Cramorant, L86, F|178/261\n|move|p1a: Golurk|Poltergeist|p2a: Cramorant\n|-activate|p2a: Cramorant|move: Poltergeist|Heavy-Duty Boots\n|-damage|p2a: Cramorant|0 fnt\n|faint|p2a: Cramorant\n|-damage|p1a: Golurk|59/297|[from] item: Life Orb\n|\n|upkeep\n|\n|t:|1781404700\n|switch|p2a: Wo-Chien|Wo-Chien, L83|277/277\n|-ability|p2a: Wo-Chien|Tablets of Ruin\n|turn|16\n|\n|t:|1781404709\n|move|p2a: Wo-Chien|Knock Off|p1a: Golurk\n|-supereffective|p1a: Golurk\n|-damage|p1a: Golurk|0 fnt\n|-enditem|p1a: Golurk|Life Orb|[from] move: Knock Off|[of] p2a: Wo-Chien\n|faint|p1a: Golurk\n|\n|upkeep\n|\n|t:|1781404713\n|switch|p1a: Flareon|Flareon, L90, F|180/263 tox\n|turn|17\n|\n|t:|1781404718\n|move|p2a: Wo-Chien|Protect|p2a: Wo-Chien\n|-singleturn|p2a: Wo-Chien|Protect\n|move|p1a: Flareon|Facade|p2a: Wo-Chien\n|-activate|p2a: Wo-Chien|move: Protect\n|\n|-damage|p1a: Flareon|164/263 tox|[from] psn\n|upkeep\n|turn|18\n|\n|t:|1781404729\n|switch|p2a: Dipplin|Dipplin, L88, M|284/284\n|move|p1a: Flareon|Flare Blitz|p2a: Dipplin\n|-damage|p2a: Dipplin|136/284\n|-status|p2a: Dipplin|brn\n|-damage|p1a: Flareon|115/263 tox|[from] Recoil\n|\n|-damage|p1a: Flareon|83/263 tox|[from] psn\n|-damage|p2a: Dipplin|119/284 brn|[from] brn\n|upkeep\n|turn|19\n|\n|t:|1781404740\n|move|p1a: Flareon|Flare Blitz|p2a: Dipplin\n|-damage|p2a: Dipplin|0 fnt\n|faint|p2a: Dipplin\n|-damage|p1a: Flareon|44/263 tox|[from] Recoil\n|\n|-damage|p1a: Flareon|0 fnt|[from] psn\n|faint|p1a: Flareon\n|upkeep\n|\n|t:|1781404763\n|switch|p1a: Zapdos|Zapdos, L78|60/268\n|switch|p2a: Snorlax|Snorlax, L82, M|372/397\n|turn|20\n|\n|t:|1781404768\n|move|p1a: Zapdos|Roost|p1a: Zapdos\n|-heal|p1a: Zapdos|194/268\n|-singleturn|p1a: Zapdos|move: Roost\n|move|p2a: Snorlax|Curse|p2a: Snorlax\n|-unboost|p2a: Snorlax|spe|1\n|-boost|p2a: Snorlax|atk|1\n|-boost|p2a: Snorlax|def|1\n|\n|-heal|p2a: Snorlax|396/397|[from] item: Leftovers\n|upkeep\n|turn|21\n|\n|t:|1781404772\n|move|p1a: Zapdos|Hurricane|p2a: Snorlax\n|-damage|p2a: Snorlax|288/397\n|-start|p2a: Snorlax|confusion\n|-activate|p2a: Snorlax|confusion\n|move|p2a: Snorlax|Body Slam|p1a: Zapdos\n|-damage|p1a: Zapdos|31/268\n|-status|p2a: Snorlax|par|[from] ability: Static|[of] p1a: Zapdos\n|\n|-heal|p2a: Snorlax|312/397 par|[from] item: Leftovers\n|upkeep\n|turn|22\n|\n|t:|1781404781\n|move|p1a: Zapdos|Hurricane|p2a: Snorlax\n|-damage|p2a: Snorlax|203/397 par\n|-activate|p2a: Snorlax|confusion\n|-damage|p2a: Snorlax|163/397 par|[from] confusion\n|\n|-heal|p2a: Snorlax|187/397 par|[from] item: Leftovers\n|upkeep\n|turn|23\n|\n|t:|1781404786\n|move|p1a: Zapdos|Hurricane|p2a: Snorlax\n|-damage|p2a: Snorlax|82/397 par\n|-end|p2a: Snorlax|confusion\n|move|p2a: Snorlax|Rest|p2a: Snorlax\n|-status|p2a: Snorlax|slp|[from] move: Rest\n|-heal|p2a: Snorlax|397/397 slp|[silent]\n|\n|upkeep\n|turn|24\n|\n|t:|1781404796\n|switch|p1a: Koraidon|Koraidon, L64|235/235\n|-weather|SunnyDay|[from] ability: Orichalcum Pulse|[of] p1a: Koraidon\n|-activate|p1a: Koraidon|Orichalcum Pulse|[source]\n|cant|p2a: Snorlax|slp\n|move|p2a: Snorlax|Sleep Talk|p2a: Snorlax\n|move|p2a: Snorlax|Body Slam|p1a: Koraidon|[from] move: Sleep Talk\n|-damage|p1a: Koraidon|96/235\n|-status|p1a: Koraidon|par\n|\n|-weather|SunnyDay|[upkeep]\n|upkeep\n|turn|25\n|\n|t:|1781404813\n|-terastallize|p2a: Snorlax|Poison\n|move|p1a: Koraidon|Close Combat|p2a: Snorlax\n|-resisted|p2a: Snorlax\n|-damage|p2a: Snorlax|318/397 slp\n|-unboost|p1a: Koraidon|def|1\n|-unboost|p1a: Koraidon|spd|1\n|cant|p2a: Snorlax|slp\n|move|p2a: Snorlax|Sleep Talk|p2a: Snorlax\n|move|p2a: Snorlax|Rest||[from] move: Sleep Talk|[still]\n|-fail|p2a: Snorlax\n|\n|-weather|SunnyDay|[upkeep]\n|-heal|p2a: Snorlax|342/397 slp|[from] item: Leftovers\n|upkeep\n|turn|26\n|\n|t:|1781404820\n|switch|p1a: Zapdos|Zapdos, L78|31/268\n|-curestatus|p2a: Snorlax|slp|[msg]\n|move|p2a: Snorlax|Curse|p2a: Snorlax\n|-unboost|p2a: Snorlax|spe|1\n|-boost|p2a: Snorlax|atk|1\n|-boost|p2a: Snorlax|def|1\n|\n|-weather|SunnyDay|[upkeep]\n|-heal|p2a: Snorlax|366/397|[from] item: Leftovers\n|upkeep\n|turn|27\n|\n|t:|1781404826\n|move|p1a: Zapdos|Thunderbolt|p2a: Snorlax\n|-damage|p2a: Snorlax|270/397\n|move|p2a: Snorlax|Body Slam|p1a: Zapdos\n|-damage|p1a: Zapdos|0 fnt\n|faint|p1a: Zapdos\n|\n|-weather|SunnyDay|[upkeep]\n|-heal|p2a: Snorlax|294/397|[from] item: Leftovers\n|upkeep\n|\n|t:|1781404833\n|switch|p1a: Darkrai|Darkrai, L77|234/234\n|turn|28\n|\n|t:|1781404840\n|move|p1a: Darkrai|Hypnosis|p2a: Snorlax\n|-status|p2a: Snorlax|slp|[from] move: Hypnosis\n|cant|p2a: Snorlax|slp\n|\n|-weather|none\n|-heal|p2a: Snorlax|318/397 slp|[from] item: Leftovers\n|-damage|p2a: Snorlax|269/397 slp|[from] ability: Bad Dreams|[of] p1a: Darkrai\n|upkeep\n|turn|29\n|\n|t:|1781404845\n|switch|p1a: Armarouge|Armarouge, L80, F|267/267\n|cant|p2a: Snorlax|slp\n|move|p2a: Snorlax|Sleep Talk|p2a: Snorlax\n|move|p2a: Snorlax|Curse|p2a: Snorlax|[from] move: Sleep Talk\n|-unboost|p2a: Snorlax|spe|1\n|-boost|p2a: Snorlax|atk|1\n|-boost|p2a: Snorlax|def|1\n|\n|-heal|p2a: Snorlax|293/397 slp|[from] item: Leftovers\n|upkeep\n|turn|30\n|\n|t:|1781404860\n|move|p1a: Armarouge|Psyshock|p2a: Snorlax\n|-supereffective|p2a: Snorlax\n|-damage|p2a: Snorlax|137/397 slp\n|-curestatus|p2a: Snorlax|slp|[msg]\n|move|p2a: Snorlax|Body Slam|p1a: Armarouge\n|-damage|p1a: Armarouge|53/267\n|-ability|p1a: Armarouge|Weak Armor|boost\n|-unboost|p1a: Armarouge|def|1\n|-boost|p1a: Armarouge|spe|2\n|\n|-heal|p2a: Snorlax|161/397|[from] item: Leftovers\n|upkeep\n|turn|31\n|\n|t:|1781404878\n|switch|p1a: Koraidon|Koraidon, L64|96/235 par\n|-weather|SunnyDay|[from] ability: Orichalcum Pulse|[of] p1a: Koraidon\n|-activate|p1a: Koraidon|Orichalcum Pulse|[source]\n|move|p2a: Snorlax|Rest|p2a: Snorlax\n|-status|p2a: Snorlax|slp|[from] move: Rest\n|-heal|p2a: Snorlax|397/397 slp|[silent]\n|\n|-weather|SunnyDay|[upkeep]\n|upkeep\n|turn|32\n|\n|t:|1781404887\n|move|p1a: Koraidon|Outrage|p2a: Snorlax\n|-damage|p2a: Snorlax|292/397 slp\n|cant|p2a: Snorlax|slp\n|\n|-weather|SunnyDay|[upkeep]\n|-heal|p2a: Snorlax|316/397 slp|[from] item: Leftovers\n|upkeep\n|turn|33\n|\n|t:|1781404891\n|cant|p1a: Koraidon|par\n|cant|p2a: Snorlax|slp\n|\n|-weather|SunnyDay|[upkeep]\n|-heal|p2a: Snorlax|340/397 slp|[from] item: Leftovers\n|upkeep\n|turn|34\n|\n|t:|1781404896\n|move|p1a: Koraidon|Outrage|p2a: Snorlax\n|-damage|p2a: Snorlax|241/397 slp\n|-curestatus|p2a: Snorlax|slp|[msg]\n|move|p2a: Snorlax|Curse|p2a: Snorlax\n|-unboost|p2a: Snorlax|spe|1\n|-boost|p2a: Snorlax|atk|1\n|-boost|p2a: Snorlax|def|1\n|\n|-weather|SunnyDay|[upkeep]\n|-heal|p2a: Snorlax|265/397|[from] item: Leftovers\n|upkeep\n|turn|35\n|\n|t:|1781404899\n|move|p1a: Koraidon|Outrage|p2a: Snorlax|[from] lockedmove\n|-damage|p2a: Snorlax|181/397\n|move|p2a: Snorlax|Curse|p2a: Snorlax\n|-unboost|p2a: Snorlax|spe|1\n|-boost|p2a: Snorlax|atk|1\n|-boost|p2a: Snorlax|def|1\n|\n|-weather|none\n|-heal|p2a: Snorlax|205/397|[from] item: Leftovers\n|upkeep\n|turn|36\n|\n|t:|1781404903\n|cant|p1a: Koraidon|par\n|move|p2a: Snorlax|Rest|p2a: Snorlax\n|-status|p2a: Snorlax|slp|[from] move: Rest\n|-heal|p2a: Snorlax|397/397 slp|[silent]\n|\n|-start|p1a: Koraidon|confusion|[fatigue]\n|upkeep\n|turn|37\n|l|\u2606chichbarca\n|inactive|chichbarca disconnected and has a minute to reconnect!\n|player|p1|\n|inactive|chichbarca has 30 seconds to reconnect!\n|inactive|chichbarca has 20 seconds to reconnect!\n|inactive|chichbarca has 15 seconds to reconnect!\n|inactive|chichbarca has 10 seconds to reconnect!\n|inactive|chichbarca has 5 seconds to reconnect!\n|-message|chichbarca lost due to inactivity.\n|\n|win|pkmn sleep pro\n|raw|chichbarca's rating: 1988 &rarr; <strong>1975</strong><br />(-13 for losing)\n|raw|pkmn sleep pro's rating: 2107 &rarr; <strong>2120</strong><br />(+13 for winning)\n", "inputlog": ">version a8376a258c1d4662feba110a92103f3664a72141\n>start {\"formatid\":\"gen9randombattle\",\"seed\":\"sodium,04d904ab9411cdbd68747424570ffe92\",\"rated\":\"Rated battle\"}\n>player p1 {\"name\":\"chichbarca\",\"avatar\":\"101\",\"rating\":1988,\"seed\":\"sodium,dc6b9501f0ce21197d4857b5915d20fa\"}\n>player p2 {\"name\":\"pkmn sleep pro\",\"avatar\":\"266\",\"rating\":2107,\"seed\":\"sodium,ce262110993c37083cc5a213399941c0\"}\n>p1 move hypnosis\n>p2 move bodyslam\n>p1 switch 4\n>p2 switch 5\n>p1 move facade\n>p2 move bugbuzz\n>p1 move quickattack\n>p2 move bugbuzz\n>p2 switch 4\n>p1 switch 5\n>p2 move surf\n>p1 move roost\n>p2 switch 3\n>p1 switch 2\n>p2 move bloodmoon\n>p1 move dynamicpunch\n>p2 switch 3\n>p1 switch 2\n>p2 switch 3\n>p1 move hurricane\n>p2 move bloodmoon\n>p1 move roost\n>p2 move moonlight\n>p1 move hurricane\n>p2 move bloodmoon\n>p1 move heatwave\n>p2 move moonlight\n>p2 switch 5\n>p1 switch 2\n>p2 move sleeptalk\n>p1 move poltergeist\n>p2 switch 3\n>p2 switch 6\n>p1 move dynamicpunch\n>p2 move knockoff\n>p1 switch 5\n>p1 move facade\n>p2 move protect\n>p1 move flareblitz\n>p2 switch 2\n>p1 move flareblitz\n>p2 move recover\n>p1 switch 2\n>p2 switch 3\n>p1 move roost\n>p2 move curse\n>p1 move hurricane\n>p2 move bodyslam\n>p1 move hurricane\n>p2 move rest\n>p1 move hurricane\n>p2 move rest\n>p1 switch 6\n>p2 move sleeptalk\n>p1 move closecombat\n>p2 move sleeptalk terastallize\n>p1 switch 6\n>p2 move curse\n>p1 move thunderbolt\n>p2 move bodyslam\n>p1 switch 4\n>p1 move hypnosis\n>p2 move bodyslam\n>p1 switch 3\n>p2 move sleeptalk\n>p1 move psyshock\n>p2 move bodyslam\n>p1 switch 6\n>p2 move rest\n>p1 move outrage\n>p2 move rest\n>p1 move outrage\n>p2 move rest\n>p1 move outrage\n>p2 move curse\n>p1 move outrage\n>p2 move curse\n>p1 move outrage\n>p2 move rest\n>forcelose p1", "uploadtime": 1781404490, "views": 7, "formatid": "gen9randombattle", "rating": 1975, "private": 0, "password": null}