{"id": "gen9randombattle-2631442819", "format": "[Gen 9] Random Battle", "players": ["trevorstmcgoodbody", "i like serperior"], "log": "|j|\u2606trevorstmcgoodbody\n|j|\u2606i like serperior\n|t:|1781385238\n|gametype|singles\n|player|p1|trevorstmcgoodbody|170|2055\n|player|p2|i like serperior|colress|2080\n|gen|9\n|tier|[Gen 9] Random Battle\n|rated|\n|rule|Species Clause: Limit one of each Pok\u00e9mon\n|rule|HP Percentage Mod: HP is shown in percentages\n|rule|Sleep Clause Mod: Limit one foe put to sleep\n|rule|Illusion Level Mod: Illusion disguises the Pok\u00e9mon's true level\n|\n|t:|1781385238\n|teamsize|p1|6\n|teamsize|p2|6\n|start\n|switch|p1a: Basculin|Basculin-Blue-Striped, L86, M|261/261\n|switch|p2a: Decidueye|Decidueye-Hisui, L87, M|295/295\n|turn|1\n|inactive|Battle timer is ON: inactive players will automatically lose when time's up. (requested by trevorstmcgoodbody)\n|\n|t:|1781385249\n|move|p1a: Basculin|Flip Turn|p2a: Decidueye\n|-resisted|p2a: Decidueye\n|-damage|p2a: Decidueye|233/295\n|\n|t:|1781385261\n|switch|p1a: Fezandipiti|Fezandipiti, L82, M|278/278|[from] Flip Turn\n|move|p2a: Decidueye|Triple Arrows|p1a: Fezandipiti\n|-resisted|p1a: Fezandipiti\n|-damage|p1a: Fezandipiti|248/278\n|-unboost|p1a: Fezandipiti|def|1\n|\n|-heal|p1a: Fezandipiti|265/278|[from] item: Leftovers\n|-heal|p2a: Decidueye|251/295|[from] item: Leftovers\n|upkeep\n|turn|2\n|\n|t:|1781385271\n|switch|p2a: Mewtwo|Mewtwo, L72|272/272\n|-ability|p2a: Mewtwo|Pressure\n|move|p1a: Fezandipiti|Moonblast|p2a: Mewtwo\n|-damage|p2a: Mewtwo|179/272\n|-status|p2a: Mewtwo|tox|[from] ability: Toxic Chain|[of] p1a: Fezandipiti\n|\n|-heal|p1a: Fezandipiti|278/278|[from] item: Leftovers\n|-damage|p2a: Mewtwo|162/272 tox|[from] psn\n|upkeep\n|turn|3\n|\n|t:|1781385285\n|switch|p1a: Basculin|Basculin-Blue-Striped, L86, M|261/261\n|move|p2a: Mewtwo|Psystrike|p1a: Basculin\n|-damage|p1a: Basculin|89/261\n|-damage|p2a: Mewtwo|135/272 tox|[from] item: Life Orb\n|\n|-damage|p2a: Mewtwo|101/272 tox|[from] psn\n|upkeep\n|turn|4\n|\n|t:|1781385293\n|move|p1a: Basculin|Aqua Jet|p2a: Mewtwo\n|-damage|p2a: Mewtwo|3/272 tox\n|move|p2a: Mewtwo|Psystrike|p1a: Basculin\n|-damage|p1a: Basculin|0 fnt\n|faint|p1a: Basculin\n|-damage|p2a: Mewtwo|0 fnt|[from] item: Life Orb\n|faint|p2a: Mewtwo\n|\n|upkeep\n|\n|t:|1781385300\n|switch|p2a: Mew|Mew, L82|298/298\n|switch|p1a: Fezandipiti|Fezandipiti, L82, M|278/278\n|turn|5\n|\n|t:|1781385305\n|move|p2a: Mew|Psychic|p1a: Fezandipiti\n|-supereffective|p1a: Fezandipiti\n|-damage|p1a: Fezandipiti|126/278\n|move|p1a: Fezandipiti|Beat Up|p2a: Mew\n|-supereffective|p2a: Mew\n|-damage|p2a: Mew|282/298\n|-supereffective|p2a: Mew\n|-damage|p2a: Mew|274/298\n|-supereffective|p2a: Mew\n|-damage|p2a: Mew|258/298\n|-supereffective|p2a: Mew\n|-damage|p2a: Mew|236/298\n|-supereffective|p2a: Mew\n|-damage|p2a: Mew|216/298\n|-hitcount|p2a: Mew|5\n|\n|-heal|p2a: Mew|234/298|[from] item: Leftovers\n|-heal|p1a: Fezandipiti|143/278|[from] item: Leftovers\n|upkeep\n|turn|6\n|\n|t:|1781385310\n|switch|p1a: Blissey|Blissey, L85, F|572/572\n|move|p2a: Mew|Psychic|p1a: Blissey\n|-damage|p1a: Blissey|505/572\n|\n|-heal|p2a: Mew|252/298|[from] item: Leftovers\n|-heal|p1a: Blissey|540/572|[from] item: Leftovers\n|upkeep\n|turn|7\n|\n|t:|1781385322\n|switch|p2a: Quagsire|Quagsire, L84, M|297/297\n|move|p1a: Blissey|Thunder Wave|p2a: Quagsire\n|-immune|p2a: Quagsire\n|\n|-heal|p1a: Blissey|572/572|[from] item: Leftovers\n|upkeep\n|turn|8\n|\n|t:|1781385329\n|switch|p1a: Brambleghast|Brambleghast, L88, M|240/240\n|move|p2a: Quagsire|Earthquake|p1a: Brambleghast\n|-resisted|p1a: Brambleghast\n|-damage|p1a: Brambleghast|187/240\n|\n|-heal|p1a: Brambleghast|202/240|[from] item: Leftovers\n|upkeep\n|turn|9\n|\n|t:|1781385339\n|switch|p2a: Hydreigon|Hydreigon, L79, M|275/275\n|move|p1a: Brambleghast|Substitute|p1a: Brambleghast\n|-start|p1a: Brambleghast|Substitute\n|-damage|p1a: Brambleghast|142/240\n|\n|-heal|p1a: Brambleghast|157/240|[from] item: Leftovers\n|upkeep\n|turn|10\n|\n|t:|1781385345\n|move|p1a: Brambleghast|Leech Seed|p2a: Hydreigon|[miss]\n|-miss|p1a: Brambleghast|p2a: Hydreigon\n|move|p2a: Hydreigon|Dark Pulse|p1a: Brambleghast\n|-supereffective|p1a: Brambleghast\n|-end|p1a: Brambleghast|Substitute\n|-damage|p2a: Hydreigon|248/275|[from] item: Life Orb\n|\n|-heal|p1a: Brambleghast|172/240|[from] item: Leftovers\n|upkeep\n|turn|11\n|\n|t:|1781385358\n|move|p1a: Brambleghast|Substitute|p1a: Brambleghast\n|-start|p1a: Brambleghast|Substitute\n|-damage|p1a: Brambleghast|112/240\n|move|p2a: Hydreigon|Flash Cannon|p1a: Brambleghast\n|-end|p1a: Brambleghast|Substitute\n|-damage|p2a: Hydreigon|221/275|[from] item: Life Orb\n|\n|-heal|p1a: Brambleghast|127/240|[from] item: Leftovers\n|upkeep\n|turn|12\n|\n|t:|1781385369\n|switch|p1a: Hariyama|Hariyama, L87, F|392/392\n|move|p2a: Hydreigon|Flash Cannon|p1a: Hariyama\n|-damage|p1a: Hariyama|328/392\n|-damage|p2a: Hydreigon|194/275|[from] item: Life Orb\n|\n|upkeep\n|turn|13\n|\n|t:|1781385374\n|switch|p2a: Mew|Mew, L82|252/298\n|move|p1a: Hariyama|Close Combat|p2a: Mew\n|-resisted|p2a: Mew\n|-damage|p2a: Mew|181/298\n|-unboost|p1a: Hariyama|def|1\n|-unboost|p1a: Hariyama|spd|1\n|\n|-heal|p2a: Mew|199/298|[from] item: Leftovers\n|upkeep\n|turn|14\n|\n|t:|1781385378\n|switch|p1a: Blissey|Blissey, L85, F|572/572\n|move|p2a: Mew|Knock Off|p1a: Blissey\n|-damage|p1a: Blissey|388/572\n|-enditem|p1a: Blissey|Leftovers|[from] move: Knock Off|[of] p2a: Mew\n|\n|-heal|p2a: Mew|217/298|[from] item: Leftovers\n|upkeep\n|turn|15\n|\n|t:|1781385381\n|switch|p2a: Quagsire|Quagsire, L84, M|297/297\n|move|p1a: Blissey|Stealth Rock|p2a: Quagsire\n|-sidestart|p2: i like serperior|move: Stealth Rock\n|\n|upkeep\n|turn|16\n|\n|t:|1781385384\n|switch|p1a: Brambleghast|Brambleghast, L88, M|127/240\n|move|p2a: Quagsire|Ice Beam|p1a: Brambleghast\n|-supereffective|p1a: Brambleghast\n|-damage|p1a: Brambleghast|21/240\n|\n|-heal|p1a: Brambleghast|36/240|[from] item: Leftovers\n|upkeep\n|turn|17\n|\n|t:|1781385393\n|switch|p2a: Decidueye|Decidueye-Hisui, L87, M|251/295\n|-damage|p2a: Decidueye|233/295|[from] Stealth Rock\n|move|p1a: Brambleghast|Power Whip|p2a: Decidueye\n|-resisted|p2a: Decidueye\n|-damage|p2a: Decidueye|151/295\n|\n|-heal|p1a: Brambleghast|51/240|[from] item: Leftovers\n|-heal|p2a: Decidueye|169/295|[from] item: Leftovers\n|upkeep\n|turn|18\n|\n|t:|1781385401\n|move|p1a: Brambleghast|Poltergeist|p2a: Decidueye\n|-activate|p2a: Decidueye|move: Poltergeist|Leftovers\n|-crit|p2a: Decidueye\n|-damage|p2a: Decidueye|0 fnt\n|faint|p2a: Decidueye\n|\n|-heal|p1a: Brambleghast|66/240|[from] item: Leftovers\n|upkeep\n|\n|t:|1781385407\n|switch|p2a: Hydreigon|Hydreigon, L79, M|194/275\n|-damage|p2a: Hydreigon|160/275|[from] Stealth Rock\n|turn|19\n|\n|t:|1781385413\n|switch|p1a: Blissey|Blissey, L85, F|388/572\n|move|p2a: Hydreigon|Flash Cannon|p1a: Blissey\n|-damage|p1a: Blissey|332/572\n|-unboost|p1a: Blissey|spd|1\n|-damage|p2a: Hydreigon|133/275|[from] item: Life Orb\n|\n|upkeep\n|turn|20\n|\n|t:|1781385417\n|switch|p2a: Quagsire|Quagsire, L84, M|297/297\n|-damage|p2a: Quagsire|279/297|[from] Stealth Rock\n|move|p1a: Blissey|Soft-Boiled|p1a: Blissey\n|-heal|p1a: Blissey|572/572\n|\n|-heal|p2a: Quagsire|297/297|[from] item: Leftovers\n|upkeep\n|turn|21\n|\n|t:|1781385426\n|move|p1a: Blissey|Seismic Toss|p2a: Quagsire\n|-damage|p2a: Quagsire|212/297\n|move|p2a: Quagsire|Earthquake|p1a: Blissey\n|-crit|p1a: Blissey\n|-damage|p1a: Blissey|128/572\n|\n|-heal|p2a: Quagsire|230/297|[from] item: Leftovers\n|upkeep\n|turn|22\n|\n|t:|1781385431\n|switch|p1a: Brambleghast|Brambleghast, L88, M|66/240\n|move|p2a: Quagsire|Ice Beam|p1a: Brambleghast\n|-supereffective|p1a: Brambleghast\n|-damage|p1a: Brambleghast|0 fnt\n|faint|p1a: Brambleghast\n|\n|-heal|p2a: Quagsire|248/297|[from] item: Leftovers\n|upkeep\n|\n|t:|1781385437\n|switch|p1a: Hariyama|Hariyama, L87, F|328/392\n|turn|23\n|\n|t:|1781385440\n|switch|p2a: Hydreigon|Hydreigon, L79, M|133/275\n|-damage|p2a: Hydreigon|99/275|[from] Stealth Rock\n|move|p1a: Hariyama|Knock Off|p2a: Hydreigon\n|-resisted|p2a: Hydreigon\n|-damage|p2a: Hydreigon|51/275\n|-enditem|p2a: Hydreigon|Life Orb|[from] move: Knock Off|[of] p1a: Hariyama\n|\n|upkeep\n|turn|24\n|\n|t:|1781385449\n|move|p2a: Hydreigon|Draco Meteor|p1a: Hariyama\n|-damage|p1a: Hariyama|202/392\n|-unboost|p2a: Hydreigon|spa|2\n|move|p1a: Hariyama|Heavy Slam|p2a: Hydreigon\n|-damage|p2a: Hydreigon|14/275\n|\n|upkeep\n|turn|25\n|\n|t:|1781385460\n|switch|p1a: Blissey|Blissey, L85, F|128/572\n|move|p2a: Hydreigon|Dark Pulse|p1a: Blissey\n|-damage|p1a: Blissey|95/572\n|\n|upkeep\n|turn|26\n|\n|t:|1781385467\n|switch|p2a: Quagsire|Quagsire, L84, M|248/297\n|-damage|p2a: Quagsire|230/297|[from] Stealth Rock\n|move|p1a: Blissey|Soft-Boiled|p1a: Blissey\n|-heal|p1a: Blissey|381/572\n|\n|-heal|p2a: Quagsire|248/297|[from] item: Leftovers\n|upkeep\n|turn|27\n|\n|t:|1781385474\n|switch|p1a: Serperior|Serperior, L79, M|248/248\n|move|p2a: Quagsire|Earthquake|p1a: Serperior\n|-resisted|p1a: Serperior\n|-damage|p1a: Serperior|199/248\n|\n|-heal|p1a: Serperior|214/248|[from] item: Leftovers\n|-heal|p2a: Quagsire|266/297|[from] item: Leftovers\n|upkeep\n|turn|28\n|\n|t:|1781385481\n|-terastallize|p2a: Quagsire|Steel\n|move|p1a: Serperior|Substitute|p1a: Serperior\n|-start|p1a: Serperior|Substitute\n|-damage|p1a: Serperior|152/248\n|move|p2a: Quagsire|Toxic||[still]\n|-fail|p2a: Quagsire\n|\n|-heal|p1a: Serperior|167/248|[from] item: Leftovers\n|-heal|p2a: Quagsire|284/297|[from] item: Leftovers\n|upkeep\n|turn|29\n|\n|t:|1781385489\n|move|p1a: Serperior|Leech Seed|p2a: Quagsire|[miss]\n|-miss|p1a: Serperior|p2a: Quagsire\n|move|p2a: Quagsire|Ice Beam|p1a: Serperior\n|-supereffective|p1a: Serperior\n|-end|p1a: Serperior|Substitute\n|\n|-heal|p1a: Serperior|182/248|[from] item: Leftovers\n|-heal|p2a: Quagsire|297/297|[from] item: Leftovers\n|upkeep\n|turn|30\n|\n|t:|1781385493\n|switch|p1a: Blissey|Blissey, L85, F|381/572\n|move|p2a: Quagsire|Ice Beam|p1a: Blissey\n|-damage|p1a: Blissey|344/572\n|-status|p1a: Blissey|frz\n|\n|upkeep\n|turn|31\n|\n|t:|1781385496\n|-curestatus|p1a: Blissey|frz|[from] ability: Natural Cure|[silent]\n|switch|p1a: Hariyama|Hariyama, L87, F|202/392\n|move|p2a: Quagsire|Earthquake|p1a: Hariyama\n|-damage|p1a: Hariyama|72/392\n|\n|upkeep\n|turn|32\n|\n|t:|1781385502\n|switch|p2a: Hydreigon|Hydreigon, L79, M|14/275\n|-damage|p2a: Hydreigon|0 fnt|[from] Stealth Rock\n|faint|p2a: Hydreigon\n|move|p1a: Hariyama|Knock Off|p2: Hydreigon|[notarget]\n|-fail|p1a: Hariyama\n|\n|upkeep\n|\n|t:|1781385504\n|switch|p2a: Mew|Mew, L82|217/298\n|-damage|p2a: Mew|180/298|[from] Stealth Rock\n|turn|33\n|\n|t:|1781385508\n|switch|p1a: Blissey|Blissey, L85, F|344/572\n|move|p2a: Mew|Psychic|p1a: Blissey\n|-damage|p1a: Blissey|272/572\n|\n|-heal|p2a: Mew|198/298|[from] item: Leftovers\n|upkeep\n|turn|34\n|\n|t:|1781385515\n|switch|p2a: Keldeo|Keldeo-Resolute, L79|273/273\n|-damage|p2a: Keldeo|256/273|[from] Stealth Rock\n|move|p1a: Blissey|Thunder Wave|p2a: Keldeo\n|-status|p2a: Keldeo|par\n|\n|-heal|p2a: Keldeo|273/273 par|[from] item: Leftovers\n|upkeep\n|turn|35\n|\n|t:|1781385533\n|switch|p1a: Fezandipiti|Fezandipiti, L82, M|143/278\n|move|p2a: Keldeo|Hydro Pump|p1a: Fezandipiti\n|-damage|p1a: Fezandipiti|47/278\n|\n|-heal|p1a: Fezandipiti|64/278|[from] item: Leftovers\n|upkeep\n|turn|36\n|\n|t:|1781385537\n|switch|p2a: Quagsire|Quagsire, L84, M, tera:Steel|297/297\n|-damage|p2a: Quagsire|279/297|[from] Stealth Rock\n|move|p1a: Fezandipiti|Moonblast|p2a: Quagsire\n|-resisted|p2a: Quagsire\n|-damage|p2a: Quagsire|231/297\n|\n|-heal|p1a: Fezandipiti|81/278|[from] item: Leftovers\n|-heal|p2a: Quagsire|249/297|[from] item: Leftovers\n|upkeep\n|turn|37\n|\n|t:|1781385549\n|move|p1a: Fezandipiti|Roost|p1a: Fezandipiti\n|-heal|p1a: Fezandipiti|220/278\n|-singleturn|p1a: Fezandipiti|move: Roost\n|move|p2a: Quagsire|Earthquake|p1a: Fezandipiti\n|-supereffective|p1a: Fezandipiti\n|-damage|p1a: Fezandipiti|10/278\n|\n|-heal|p1a: Fezandipiti|27/278|[from] item: Leftovers\n|-heal|p2a: Quagsire|267/297|[from] item: Leftovers\n|upkeep\n|turn|38\n|\n|t:|1781385555\n|move|p1a: Fezandipiti|Moonblast|p2a: Quagsire\n|-resisted|p2a: Quagsire\n|-damage|p2a: Quagsire|220/297\n|move|p2a: Quagsire|Earthquake|p1a: Fezandipiti\n|-supereffective|p1a: Fezandipiti\n|-damage|p1a: Fezandipiti|0 fnt\n|faint|p1a: Fezandipiti\n|\n|-heal|p2a: Quagsire|238/297|[from] item: Leftovers\n|upkeep\n|\n|t:|1781385564\n|switch|p1a: Hariyama|Hariyama, L87, F|72/392\n|turn|39\n|\n|t:|1781385567\n|switch|p2a: Mew|Mew, L82|198/298\n|-damage|p2a: Mew|161/298|[from] Stealth Rock\n|move|p1a: Hariyama|Knock Off|p2a: Mew\n|-supereffective|p2a: Mew\n|-damage|p2a: Mew|0 fnt\n|-enditem|p2a: Mew|Leftovers|[from] move: Knock Off|[of] p1a: Hariyama\n|faint|p2a: Mew\n|\n|upkeep\n|\n|t:|1781385569\n|switch|p2a: Keldeo|Keldeo-Resolute, L79|273/273 par\n|-damage|p2a: Keldeo|256/273 par|[from] Stealth Rock\n|turn|40\n|\n|t:|1781385577\n|switch|p1a: Blissey|Blissey, L85, F|272/572\n|move|p2a: Keldeo|Secret Sword|p1a: Blissey\n|-supereffective|p1a: Blissey\n|-damage|p1a: Blissey|0 fnt\n|faint|p1a: Blissey\n|\n|-heal|p2a: Keldeo|273/273 par|[from] item: Leftovers\n|upkeep\n|\n|t:|1781385579\n|switch|p1a: Serperior|Serperior, L79, M|182/248\n|turn|41\n|\n|t:|1781385583\n|switch|p2a: Quagsire|Quagsire, L84, M, tera:Steel|238/297\n|-damage|p2a: Quagsire|220/297|[from] Stealth Rock\n|move|p1a: Serperior|Substitute|p1a: Serperior\n|-start|p1a: Serperior|Substitute\n|-damage|p1a: Serperior|120/248\n|\n|-heal|p1a: Serperior|135/248|[from] item: Leftovers\n|-heal|p2a: Quagsire|238/297|[from] item: Leftovers\n|upkeep\n|turn|42\n|\n|t:|1781385585\n|move|p1a: Serperior|Leech Seed|p2a: Quagsire\n|-start|p2a: Quagsire|move: Leech Seed\n|move|p2a: Quagsire|Ice Beam|p1a: Serperior\n|-supereffective|p1a: Serperior\n|-end|p1a: Serperior|Substitute\n|\n|-heal|p1a: Serperior|150/248|[from] item: Leftovers\n|-heal|p2a: Quagsire|256/297|[from] item: Leftovers\n|-damage|p2a: Quagsire|219/297|[from] Leech Seed|[of] p1a: Serperior\n|-heal|p1a: Serperior|187/248|[silent]\n|upkeep\n|turn|43\n|\n|t:|1781385590\n|move|p1a: Serperior|Substitute|p1a: Serperior\n|-start|p1a: Serperior|Substitute\n|-damage|p1a: Serperior|125/248\n|move|p2a: Quagsire|Ice Beam|p1a: Serperior\n|-supereffective|p1a: Serperior\n|-end|p1a: Serperior|Substitute\n|\n|-heal|p1a: Serperior|140/248|[from] item: Leftovers\n|-heal|p2a: Quagsire|237/297|[from] item: Leftovers\n|-damage|p2a: Quagsire|200/297|[from] Leech Seed|[of] p1a: Serperior\n|-heal|p1a: Serperior|177/248|[silent]\n|upkeep\n|turn|44\n|\n|t:|1781385598\n|switch|p2a: Keldeo|Keldeo-Resolute, L79|273/273 par\n|-damage|p2a: Keldeo|256/273 par|[from] Stealth Rock\n|move|p1a: Serperior|Substitute|p1a: Serperior\n|-start|p1a: Serperior|Substitute\n|-damage|p1a: Serperior|115/248\n|\n|-heal|p1a: Serperior|130/248|[from] item: Leftovers\n|-heal|p2a: Keldeo|273/273 par|[from] item: Leftovers\n|upkeep\n|turn|45\n|\n|t:|1781385602\n|switch|p2a: Quagsire|Quagsire, L84, M, tera:Steel|200/297\n|-damage|p2a: Quagsire|182/297|[from] Stealth Rock\n|move|p1a: Serperior|Leaf Storm|p2a: Quagsire\n|-resisted|p2a: Quagsire\n|-damage|p2a: Quagsire|120/297\n|-boost|p1a: Serperior|spa|2\n|\n|-heal|p1a: Serperior|145/248|[from] item: Leftovers\n|-heal|p2a: Quagsire|138/297|[from] item: Leftovers\n|upkeep\n|turn|46\n|\n|t:|1781385604\n|move|p1a: Serperior|Leech Seed|p2a: Quagsire\n|-start|p2a: Quagsire|move: Leech Seed\n|move|p2a: Quagsire|Recover|p2a: Quagsire\n|-heal|p2a: Quagsire|287/297\n|\n|-heal|p1a: Serperior|160/248|[from] item: Leftovers\n|-heal|p2a: Quagsire|297/297|[from] item: Leftovers\n|-damage|p2a: Quagsire|260/297|[from] Leech Seed|[of] p1a: Serperior\n|-heal|p1a: Serperior|197/248|[silent]\n|upkeep\n|turn|47\n|\n|t:|1781385613\n|move|p1a: Serperior|Leaf Storm|p2a: Quagsire\n|-resisted|p2a: Quagsire\n|-damage|p2a: Quagsire|202/297\n|-boost|p1a: Serperior|spa|2\n|move|p2a: Quagsire|Ice Beam|p1a: Serperior\n|-supereffective|p1a: Serperior\n|-end|p1a: Serperior|Substitute\n|\n|-heal|p1a: Serperior|212/248|[from] item: Leftovers\n|-heal|p2a: Quagsire|220/297|[from] item: Leftovers\n|-damage|p2a: Quagsire|183/297|[from] Leech Seed|[of] p1a: Serperior\n|-heal|p1a: Serperior|248/248|[silent]\n|upkeep\n|turn|48\n|\n|t:|1781385618\n|move|p1a: Serperior|Substitute|p1a: Serperior\n|-start|p1a: Serperior|Substitute\n|-damage|p1a: Serperior|186/248\n|move|p2a: Quagsire|Ice Beam|p1a: Serperior\n|-supereffective|p1a: Serperior\n|-end|p1a: Serperior|Substitute\n|\n|-heal|p1a: Serperior|201/248|[from] item: Leftovers\n|-heal|p2a: Quagsire|201/297|[from] item: Leftovers\n|-damage|p2a: Quagsire|164/297|[from] Leech Seed|[of] p1a: Serperior\n|-heal|p1a: Serperior|238/248|[silent]\n|upkeep\n|turn|49\n|\n|t:|1781385626\n|move|p1a: Serperior|Substitute|p1a: Serperior\n|-start|p1a: Serperior|Substitute\n|-damage|p1a: Serperior|176/248\n|move|p2a: Quagsire|Ice Beam|p1a: Serperior\n|-supereffective|p1a: Serperior\n|-end|p1a: Serperior|Substitute\n|\n|-heal|p1a: Serperior|191/248|[from] item: Leftovers\n|-heal|p2a: Quagsire|182/297|[from] item: Leftovers\n|-damage|p2a: Quagsire|145/297|[from] Leech Seed|[of] p1a: Serperior\n|-heal|p1a: Serperior|228/248|[silent]\n|upkeep\n|turn|50\n|\n|t:|1781385631\n|switch|p2a: Keldeo|Keldeo-Resolute, L79|273/273 par\n|-damage|p2a: Keldeo|256/273 par|[from] Stealth Rock\n|move|p1a: Serperior|Substitute|p1a: Serperior\n|-start|p1a: Serperior|Substitute\n|-damage|p1a: Serperior|166/248\n|\n|-heal|p1a: Serperior|181/248|[from] item: Leftovers\n|-heal|p2a: Keldeo|273/273 par|[from] item: Leftovers\n|upkeep\n|turn|51\n|\n|t:|1781385635\n|move|p1a: Serperior|Leaf Storm|p2a: Keldeo\n|-supereffective|p2a: Keldeo\n|-crit|p2a: Keldeo\n|-damage|p2a: Keldeo|0 fnt\n|-boost|p1a: Serperior|spa|2\n|faint|p2a: Keldeo\n|\n|-heal|p1a: Serperior|196/248|[from] item: Leftovers\n|upkeep\n|\n|t:|1781385637\n|switch|p2a: Quagsire|Quagsire, L84, M, tera:Steel|145/297\n|-damage|p2a: Quagsire|127/297|[from] Stealth Rock\n|turn|52\n|\n|t:|1781385644\n|move|p1a: Serperior|Leech Seed|p2a: Quagsire\n|-start|p2a: Quagsire|move: Leech Seed\n|move|p2a: Quagsire|Recover|p2a: Quagsire\n|-heal|p2a: Quagsire|276/297\n|\n|-heal|p1a: Serperior|211/248|[from] item: Leftovers\n|-heal|p2a: Quagsire|294/297|[from] item: Leftovers\n|-damage|p2a: Quagsire|257/297|[from] Leech Seed|[of] p1a: Serperior\n|-heal|p1a: Serperior|248/248|[silent]\n|upkeep\n|turn|53\n|-message|i like serperior forfeited.\n|\n|win|trevorstmcgoodbody\n", "inputlog": ">version a8376a258c1d4662feba110a92103f3664a72141\n>start {\"formatid\":\"gen9randombattle\",\"seed\":\"sodium,ec203c56991ffd87e0a1a9e8f308fc35\",\"rated\":\"Rated battle\"}\n>player p1 {\"name\":\"trevorstmcgoodbody\",\"avatar\":\"170\",\"rating\":2055,\"seed\":\"sodium,7d08fc6ed42851a4e41c97f64f44785a\"}\n>player p2 {\"name\":\"i like serperior\",\"avatar\":\"colress\",\"rating\":2080,\"seed\":\"sodium,05aac8fc9760cd7277c04345a4c80ffb\"}\n>p1 move flipturn\n>p2 move triplearrows\n>p1 switch 6\n>p1 move moonblast\n>p2 switch 6\n>p1 switch 6\n>p2 move psystrike\n>p1 move aquajet\n>p2 move psystrike\n>p1 switch 6\n>p2 switch 5\n>p1 move beatup\n>p2 move psychic\n>p1 switch 2\n>p2 move psychic\n>p1 move thunderwave\n>p2 switch 4\n>p1 switch 5\n>p2 move earthquake\n>p1 move substitute\n>p2 switch 2\n>p1 move leechseed\n>p2 move darkpulse\n>p1 move substitute\n>p2 move flashcannon\n>p1 switch 4\n>p2 move flashcannon\n>p1 move closecombat\n>p2 switch 4\n>p1 switch 5\n>p2 move knockoff\n>p1 move stealthrock\n>p2 switch 2\n>p1 switch 4\n>p2 move icebeam\n>p1 move powerwhip\n>p2 switch 6\n>p1 move poltergeist\n>p2 move triplearrows\n>p2 switch 4\n>p1 switch 4\n>p2 move flashcannon\n>p1 move softboiled\n>p2 switch 6\n>p1 move seismictoss\n>p2 move earthquake\n>p1 switch 4\n>p2 move icebeam\n>p1 switch 5\n>p1 move knockoff\n>p2 switch 6\n>p1 move heavyslam\n>p2 move dracometeor\n>p1 switch 4\n>p2 move darkpulse\n>p1 move softboiled\n>p2 switch 6\n>p1 switch 3\n>p2 move earthquake\n>p1 move substitute\n>p2 move toxic terastallize\n>p1 move leechseed\n>p2 move icebeam\n>p1 switch 3\n>p2 move icebeam\n>p1 switch 4\n>p2 move earthquake\n>p1 move knockoff\n>p2 switch 6\n>p2 switch 2\n>p1 switch 4\n>p2 move psychic\n>p1 move thunderwave\n>p2 switch 3\n>p1 switch 2\n>p2 move hydropump\n>p1 move moonblast\n>p2 switch 6\n>p1 move roost\n>p2 move earthquake\n>p1 move moonblast\n>p2 move earthquake\n>p1 switch 4\n>p1 move knockoff\n>p2 switch 3\n>p2 switch 6\n>p1 switch 2\n>p2 move secretsword\n>p1 switch 3\n>p1 move substitute\n>p2 switch 3\n>p1 move leechseed\n>p2 move icebeam\n>p1 move substitute\n>p2 move icebeam\n>p1 move substitute\n>p2 switch 3\n>p1 move leafstorm\n>p2 switch 3\n>p1 move leechseed\n>p2 move recover\n>p1 move leafstorm\n>p2 move icebeam\n>p1 move substitute\n>p2 move icebeam\n>p1 move substitute\n>p2 move icebeam\n>p1 move substitute\n>p2 switch 3\n>p1 move leafstorm\n>p2 move secretsword\n>p2 switch 3\n>p1 move leechseed\n>p2 move recover\n>forcelose p2", "uploadtime": 1781385239, "views": 7, "formatid": "gen9randombattle", "rating": null, "private": 0, "password": null}