{"id": "gen9randombattle-2631847867", "format": "[Gen 9] Random Battle", "players": ["Alexander Babits", "as4 on show"], "log": "|j|\u203dAlexander Babits\n|j|\u2606as4 on show\n|t:|1781447708\n|gametype|singles\n|player|p1|Alexander Babits|2|2020\n|player|p2|as4 on show|170|2046\n|gen|9\n|tier|[Gen 9] Random Battle\n|rated|\n|rule|Species Clause: Limit one of each Pok\u00e9mon\n|rule|HP Percentage Mod: HP is shown in percentages\n|rule|Sleep Clause Mod: Limit one foe put to sleep\n|rule|Illusion Level Mod: Illusion disguises the Pok\u00e9mon's true level\n|\n|t:|1781447708\n|teamsize|p1|6\n|teamsize|p2|6\n|start\n|switch|p1a: Crabominable|Crabominable, L90, F|321/321\n|switch|p2a: Exeggutor|Exeggutor-Alola, L89, M|314/314\n|turn|1\n|inactive|Battle timer is ON: inactive players will automatically lose when time's up. (requested by as4 on show)\n|\n|t:|1781447726\n|switch|p2a: Forretress|Forretress, L84, M|263/263\n|move|p1a: Crabominable|Knock Off|p2a: Forretress\n|-damage|p2a: Forretress|197/263\n|-enditem|p2a: Forretress|Leftovers|[from] move: Knock Off|[of] p1a: Crabominable\n|\n|upkeep\n|turn|2\n|\n|t:|1781447742\n|move|p1a: Crabominable|Drain Punch|p2a: Forretress\n|-damage|p2a: Forretress|98/263\n|move|p2a: Forretress|Stealth Rock|p1a: Crabominable\n|-sidestart|p1: Alexander Babits|move: Stealth Rock\n|\n|upkeep\n|turn|3\n|\n|t:|1781447749\n|switch|p2a: Granbull|Granbull, L88, F|302/302\n|-ability|p2a: Granbull|Intimidate|boost\n|-unboost|p1a: Crabominable|atk|1\n|move|p1a: Crabominable|Drain Punch|p2a: Granbull\n|-resisted|p2a: Granbull\n|-damage|p2a: Granbull|251/302\n|\n|-heal|p2a: Granbull|269/302|[from] item: Leftovers\n|upkeep\n|turn|4\n|\n|t:|1781447768\n|switch|p1a: Fezandipiti|Fezandipiti, L82, M|278/278\n|-damage|p1a: Fezandipiti|244/278|[from] Stealth Rock\n|move|p2a: Granbull|Play Rough|p1a: Fezandipiti\n|-resisted|p1a: Fezandipiti\n|-damage|p1a: Fezandipiti|173/278\n|\n|-heal|p1a: Fezandipiti|190/278|[from] item: Leftovers\n|-heal|p2a: Granbull|287/302|[from] item: Leftovers\n|upkeep\n|turn|5\n|\n|t:|1781447784\n|move|p1a: Fezandipiti|Swords Dance|p1a: Fezandipiti\n|-boost|p1a: Fezandipiti|atk|2\n|move|p2a: Granbull|Earthquake|p1a: Fezandipiti\n|-supereffective|p1a: Fezandipiti\n|-damage|p1a: Fezandipiti|0 fnt\n|faint|p1a: Fezandipiti\n|\n|-heal|p2a: Granbull|302/302|[from] item: Leftovers\n|upkeep\n|\n|t:|1781447788\n|switch|p1a: Whiscash|Whiscash, L88, F|337/337\n|-damage|p1a: Whiscash|316/337|[from] Stealth Rock\n|turn|6\n|\n|t:|1781447793\n|move|p1a: Whiscash|Dragon Dance|p1a: Whiscash\n|-boost|p1a: Whiscash|atk|1\n|-boost|p1a: Whiscash|spe|1\n|move|p2a: Granbull|Roar|p1a: Whiscash\n|drag|p1a: Meowscarada|Meowscarada, L78, M|247/247\n|-damage|p1a: Meowscarada|217/247|[from] Stealth Rock\n|\n|upkeep\n|turn|7\n|\n|t:|1781447806\n|move|p1a: Meowscarada|Triple Axel|p2a: Granbull|[miss]\n|-start|p1a: Meowscarada|typechange|Ice|[from] ability: Protean\n|-miss|p1a: Meowscarada|p2a: Granbull\n|move|p2a: Granbull|Play Rough|p1a: Meowscarada\n|-damage|p1a: Meowscarada|46/247\n|\n|upkeep\n|turn|8\n|\n|t:|1781447814\n|move|p1a: Meowscarada|Triple Axel|p2a: Granbull\n|-damage|p2a: Granbull|273/302\n|-damage|p2a: Granbull|215/302\n|-damage|p2a: Granbull|124/302\n|-hitcount|p2a: Granbull|3\n|-damage|p1a: Meowscarada|22/247|[from] item: Life Orb\n|move|p2a: Granbull|Earthquake|p1a: Meowscarada\n|-damage|p1a: Meowscarada|0 fnt\n|faint|p1a: Meowscarada\n|\n|-heal|p2a: Granbull|142/302|[from] item: Leftovers\n|upkeep\n|\n|t:|1781447819\n|switch|p1a: Azelf|Azelf, L82|257/257\n|-damage|p1a: Azelf|225/257|[from] Stealth Rock\n|turn|9\n|\n|t:|1781447825\n|switch|p2a: Mandibuzz|Mandibuzz, L85, F|326/326\n|move|p1a: Azelf|Encore||[still]\n|-fail|p1a: Azelf\n|\n|-heal|p1a: Azelf|241/257|[from] item: Leftovers\n|upkeep\n|turn|10\n|\n|t:|1781447839\n|switch|p1a: Clefable|Clefable, L83, M|293/293\n|move|p2a: Mandibuzz|Foul Play|p1a: Clefable\n|-resisted|p1a: Clefable\n|-damage|p1a: Clefable|257/293\n|\n|upkeep\n|turn|11\n|\n|t:|1781447844\n|switch|p2a: Okidogi|Okidogi, L77, M|262/262\n|move|p1a: Clefable|Thunder Wave|p2a: Okidogi\n|-status|p2a: Okidogi|par\n|\n|upkeep\n|turn|12\n|\n|t:|1781447857\n|switch|p1a: Whiscash|Whiscash, L88, F|316/337\n|-damage|p1a: Whiscash|295/337|[from] Stealth Rock\n|cant|p2a: Okidogi|par\n|\n|upkeep\n|turn|13\n|\n|t:|1781447866\n|switch|p2a: Granbull|Granbull, L88, F|142/302\n|-ability|p2a: Granbull|Intimidate|boost\n|-fail|p1a: Whiscash|unboost|Attack|[from] ability: Oblivious|[of] p1a: Whiscash\n|move|p1a: Whiscash|Dragon Dance|p1a: Whiscash\n|-boost|p1a: Whiscash|atk|1\n|-boost|p1a: Whiscash|spe|1\n|\n|-heal|p2a: Granbull|160/302|[from] item: Leftovers\n|upkeep\n|turn|14\n|\n|t:|1781447877\n|move|p1a: Whiscash|Earthquake|p2a: Granbull\n|-damage|p2a: Granbull|0 fnt\n|faint|p2a: Granbull\n|-damage|p1a: Whiscash|262/337|[from] item: Life Orb\n|\n|upkeep\n|\n|t:|1781447888\n|switch|p2a: Salazzle|Salazzle, L83, F|249/249\n|turn|15\n|\n|t:|1781447901\n|-terastallize|p2a: Salazzle|Grass\n|move|p2a: Salazzle|Nasty Plot|p2a: Salazzle\n|-boost|p2a: Salazzle|spa|2\n|move|p1a: Whiscash|Liquidation|p2a: Salazzle\n|-resisted|p2a: Salazzle\n|-damage|p2a: Salazzle|145/249\n|-damage|p1a: Whiscash|229/337|[from] item: Life Orb\n|\n|upkeep\n|turn|16\n|\n|t:|1781447909\n|-terastallize|p1a: Whiscash|Steel\n|move|p2a: Salazzle|Tera Blast|p1a: Whiscash|[anim] Tera Blast Grass\n|-resisted|p1a: Whiscash\n|-damage|p1a: Whiscash|121/337\n|move|p1a: Whiscash|Stone Edge|p2a: Salazzle\n|-damage|p2a: Salazzle|0 fnt\n|faint|p2a: Salazzle\n|-damage|p1a: Whiscash|88/337|[from] item: Life Orb\n|\n|upkeep\n|\n|t:|1781447924\n|switch|p2a: Mandibuzz|Mandibuzz, L85, F|326/326\n|turn|17\n|\n|t:|1781447929\n|move|p1a: Whiscash|Stone Edge|p2a: Mandibuzz\n|-supereffective|p2a: Mandibuzz\n|-damage|p2a: Mandibuzz|110/326\n|-damage|p1a: Whiscash|55/337|[from] item: Life Orb\n|move|p2a: Mandibuzz|Foul Play|p1a: Whiscash\n|-damage|p1a: Whiscash|0 fnt\n|faint|p1a: Whiscash\n|\n|upkeep\n|\n|t:|1781447936\n|switch|p1a: Clefable|Clefable, L83, M|257/293\n|turn|18\n|\n|t:|1781447945\n|switch|p2a: Okidogi|Okidogi, L77, M|262/262 par\n|move|p1a: Clefable|Moonblast|p2a: Okidogi\n|-damage|p2a: Okidogi|159/262 par\n|-unboost|p2a: Okidogi|spa|1\n|\n|upkeep\n|turn|19\n|\n|t:|1781447953\n|switch|p1a: Crabominable|Crabominable, L90, F|321/321\n|-damage|p1a: Crabominable|281/321|[from] Stealth Rock\n|move|p2a: Okidogi|Gunk Shot|p1a: Crabominable\n|-damage|p1a: Crabominable|152/321\n|-status|p1a: Crabominable|psn\n|\n|-damage|p1a: Crabominable|112/321 psn|[from] psn\n|upkeep\n|turn|20\n|\n|t:|1781447965\n|switch|p2a: Forretress|Forretress, L84, M|98/263\n|move|p1a: Crabominable|Drain Punch|p2a: Forretress\n|-damage|p2a: Forretress|0 fnt\n|-heal|p1a: Crabominable|161/321 psn|[from] drain|[of] p2a: Forretress\n|faint|p2a: Forretress\n|\n|-damage|p1a: Crabominable|121/321 psn|[from] psn\n|upkeep\n|\n|t:|1781447981\n|switch|p2a: Mandibuzz|Mandibuzz, L85, F|110/326\n|turn|21\n|\n|t:|1781447986\n|move|p2a: Mandibuzz|Roost|p2a: Mandibuzz\n|-heal|p2a: Mandibuzz|273/326\n|-singleturn|p2a: Mandibuzz|move: Roost\n|move|p1a: Crabominable|Drain Punch|p2a: Mandibuzz\n|-supereffective|p2a: Mandibuzz\n|-damage|p2a: Mandibuzz|13/326\n|-heal|p1a: Crabominable|251/321 psn|[from] drain|[of] p2a: Mandibuzz\n|\n|-damage|p1a: Crabominable|211/321 psn|[from] psn\n|upkeep\n|turn|22\n|\n|t:|1781447994\n|move|p2a: Mandibuzz|Brave Bird|p1a: Crabominable\n|-supereffective|p1a: Crabominable\n|-damage|p1a: Crabominable|17/321 psn\n|-damage|p2a: Mandibuzz|0 fnt|[from] Recoil\n|faint|p2a: Mandibuzz\n|move|p1a: Crabominable|Drain Punch|p2: Mandibuzz|[notarget]\n|-fail|p1a: Crabominable\n|\n|-damage|p1a: Crabominable|0 fnt|[from] psn\n|faint|p1a: Crabominable\n|upkeep\n|\n|t:|1781448003\n|switch|p2a: Exeggutor|Exeggutor-Alola, L89, M|314/314\n|switch|p1a: Azelf|Azelf, L82|241/257\n|-damage|p1a: Azelf|209/257|[from] Stealth Rock\n|turn|23\n|\n|t:|1781448021\n|switch|p1a: Clefable|Clefable, L83, M|257/293\n|move|p2a: Exeggutor|Giga Drain|p1a: Clefable\n|-damage|p1a: Clefable|157/293\n|\n|upkeep\n|turn|24\n|\n|t:|1781448034\n|move|p1a: Clefable|Moonblast|p2a: Exeggutor\n|-supereffective|p2a: Exeggutor\n|-crit|p2a: Exeggutor\n|-damage|p2a: Exeggutor|0 fnt\n|faint|p2a: Exeggutor\n|\n|upkeep\n|\n|t:|1781448037\n|switch|p2a: Okidogi|Okidogi, L77, M|159/262 par\n|turn|25\n|\n|t:|1781448039\n|move|p1a: Clefable|Moonblast|p2a: Okidogi\n|-damage|p2a: Okidogi|56/262 par\n|move|p2a: Okidogi|Gunk Shot|p1a: Clefable\n|-supereffective|p1a: Clefable\n|-damage|p1a: Clefable|0 fnt\n|faint|p1a: Clefable\n|\n|upkeep\n|-message|as4 on show forfeited.\n|\n|win|Alexander Babits\n", "inputlog": ">version a8376a258c1d4662feba110a92103f3664a72141\n>start {\"formatid\":\"gen9randombattle\",\"seed\":\"sodium,172d4f4fe9965babbcfbadc8c7b66054\",\"rated\":\"Rated battle\"}\n>player p1 {\"name\":\"Alexander Babits\",\"avatar\":\"2\",\"rating\":2020,\"seed\":\"sodium,ab155823f08426d3b94f0cdd250bd471\"}\n>player p2 {\"name\":\"as4 on show\",\"avatar\":\"170\",\"rating\":2046,\"seed\":\"sodium,fe73c4d238240a15d8d0e58ba06753ed\"}\n>p1 move knockoff\n>p2 switch 6\n>p1 move drainpunch\n>p2 move stealthrock\n>p1 move drainpunch\n>p2 switch 3\n>p1 switch 2\n>p2 move playrough\n>p1 move swordsdance\n>p2 move earthquake\n>p1 switch 5\n>p1 move dragondance\n>p2 move roar\n>p1 move tripleaxel\n>p2 move playrough\n>p1 move tripleaxel\n>p2 move earthquake\n>p1 switch 3\n>p1 move encore\n>p2 switch 2\n>p1 switch 6\n>p2 move foulplay\n>p1 move thunderwave\n>p2 switch 5\n>p1 switch 4\n>p2 move gunkshot\n>p1 move dragondance\n>p2 switch 2\n>p1 move earthquake\n>p2 move roar\n>p2 switch 4\n>p1 move liquidation\n>p2 move nastyplot terastallize\n>p1 move stoneedge terastallize\n>p2 move terablast\n>p2 switch 5\n>p1 move stoneedge\n>p2 move foulplay\n>p1 switch 4\n>p1 move moonblast\n>p2 switch 2\n>p1 switch 2\n>p2 move gunkshot\n>p1 move drainpunch\n>p2 switch 3\n>p2 switch 2\n>p1 move drainpunch\n>p2 move roost\n>p1 move drainpunch\n>p2 move bravebird\n>p1 switch 6\n>p2 switch 6\n>p1 switch 2\n>p2 move gigadrain\n>p1 move moonblast\n>p2 move gigadrain\n>p2 switch 3\n>p1 move moonblast\n>p2 move gunkshot\n>forcelose p2", "uploadtime": 1781447711, "views": 7, "formatid": "gen9randombattle", "rating": null, "private": 0, "password": null}