{"id": "gen9randombattle-2631588995", "format": "[Gen 9] Random Battle", "players": ["Budgers", "Jefejenaro"], "log": "|j|\u2606Budgers\n|j|\u2606Jefejenaro\n|t:|1781405321\n|gametype|singles\n|player|p1|Budgers|169|1965\n|player|p2|Jefejenaro|wallace|1979\n|gen|9\n|tier|[Gen 9] Random Battle\n|rated|\n|rule|Species Clause: Limit one of each Pok\u00e9mon\n|rule|HP Percentage Mod: HP is shown in percentages\n|rule|Sleep Clause Mod: Limit one foe put to sleep\n|rule|Illusion Level Mod: Illusion disguises the Pok\u00e9mon's true level\n|\n|t:|1781405321\n|teamsize|p1|6\n|teamsize|p2|6\n|start\n|switch|p1a: Zebstrika|Zebstrika, L87, F|272/272\n|switch|p2a: Azumarill|Azumarill, L82, M|298/298\n|turn|1\n|inactive|Battle timer is ON: inactive players will automatically lose when time's up. (requested by Budgers)\n|\n|t:|1781405331\n|switch|p1a: Appletun|Appletun, L92, F|352/352\n|switch|p2a: Rhydon|Rhydon, L85, F|317/317\n|\n|upkeep\n|turn|2\n|\n|t:|1781405335\n|switch|p2a: Vivillon|Vivillon-Ocean, L83, M|268/268\n|move|p1a: Appletun|Dragon Tail|p2a: Vivillon\n|-damage|p2a: Vivillon|172/268\n|drag|p2a: Florges|Florges-Blue, L85, F|271/271\n|\n|upkeep\n|turn|3\n|\n|t:|1781405344\n|switch|p1a: Ho-Oh|Ho-Oh, L71|268/268\n|move|p2a: Florges|Moonblast|p1a: Ho-Oh\n|-resisted|p1a: Ho-Oh\n|-damage|p1a: Ho-Oh|222/268\n|-unboost|p1a: Ho-Oh|spa|1\n|\n|upkeep\n|turn|4\n|\n|t:|1781405351\n|switch|p2a: Milotic|Milotic, L83, F|293/293\n|move|p1a: Ho-Oh|Sacred Fire|p2a: Milotic\n|-resisted|p2a: Milotic\n|-damage|p2a: Milotic|239/293\n|\n|-heal|p2a: Milotic|257/293|[from] item: Leftovers\n|upkeep\n|turn|5\n|\n|t:|1781405356\n|switch|p1a: Zebstrika|Zebstrika, L87, F|272/272\n|move|p2a: Milotic|Scald|p1a: Zebstrika\n|-damage|p1a: Zebstrika|161/272\n|\n|-heal|p2a: Milotic|275/293|[from] item: Leftovers\n|upkeep\n|turn|6\n|\n|t:|1781405361\n|switch|p2a: Rhydon|Rhydon, L85, F|317/317\n|move|p1a: Zebstrika|Volt Switch|p2a: Rhydon\n|-ability|p2a: Rhydon|Lightning Rod|boost\n|-boost|p2a: Rhydon|spa|1\n|\n|upkeep\n|turn|7\n|\n|t:|1781405365\n|move|p1a: Zebstrika|High Horsepower|p2a: Rhydon\n|-supereffective|p2a: Rhydon\n|-damage|p2a: Rhydon|216/317\n|-damage|p1a: Zebstrika|134/272|[from] item: Life Orb\n|move|p2a: Rhydon|Stealth Rock|p1a: Zebstrika\n|-sidestart|p1: Budgers|move: Stealth Rock\n|\n|upkeep\n|turn|8\n|\n|t:|1781405368\n|move|p1a: Zebstrika|High Horsepower|p2a: Rhydon\n|-supereffective|p2a: Rhydon\n|-damage|p2a: Rhydon|115/317\n|-damage|p1a: Zebstrika|107/272|[from] item: Life Orb\n|move|p2a: Rhydon|Earthquake|p1a: Zebstrika\n|-supereffective|p1a: Zebstrika\n|-damage|p1a: Zebstrika|0 fnt\n|faint|p1a: Zebstrika\n|\n|upkeep\n|\n|t:|1781405374\n|switch|p1a: Appletun|Appletun, L92, F|352/352\n|-damage|p1a: Appletun|308/352|[from] Stealth Rock\n|turn|9\n|\n|t:|1781405382\n|switch|p2a: Florges|Florges-Blue, L85, F|271/271\n|move|p1a: Appletun|Apple Acid|p2a: Florges\n|-damage|p2a: Florges|204/271\n|-unboost|p2a: Florges|spd|1\n|\n|-heal|p2a: Florges|220/271|[from] item: Leftovers\n|-heal|p1a: Appletun|330/352|[from] item: Leftovers\n|upkeep\n|turn|10\n|\n|t:|1781405385\n|switch|p1a: Ho-Oh|Ho-Oh, L71|268/268\n|move|p2a: Florges|Moonblast|p1a: Ho-Oh\n|-resisted|p1a: Ho-Oh\n|-damage|p1a: Ho-Oh|225/268\n|-unboost|p1a: Ho-Oh|spa|1\n|\n|-heal|p2a: Florges|236/271|[from] item: Leftovers\n|upkeep\n|turn|11\n|\n|t:|1781405392\n|switch|p2a: Milotic|Milotic, L83, F|275/293\n|move|p1a: Ho-Oh|Brave Bird|p2a: Milotic\n|-crit|p2a: Milotic\n|-damage|p2a: Milotic|98/293\n|-damage|p1a: Ho-Oh|167/268|[from] Recoil\n|\n|-heal|p2a: Milotic|116/293|[from] item: Leftovers\n|upkeep\n|turn|12\n|\n|t:|1781405399\n|switch|p1a: Lokix|Lokix, L82, M|251/251\n|-damage|p1a: Lokix|189/251|[from] Stealth Rock\n|move|p2a: Milotic|Recover|p2a: Milotic\n|-heal|p2a: Milotic|263/293\n|\n|-heal|p2a: Milotic|281/293|[from] item: Leftovers\n|upkeep\n|turn|13\n|\n|t:|1781405424\n|move|p1a: Lokix|Knock Off|p2a: Milotic\n|-damage|p2a: Milotic|148/293\n|-enditem|p2a: Milotic|Leftovers|[from] move: Knock Off|[of] p1a: Lokix\n|-damage|p1a: Lokix|164/251|[from] item: Life Orb\n|move|p2a: Milotic|Scald|p1a: Lokix\n|-damage|p1a: Lokix|46/251\n|\n|upkeep\n|turn|14\n|\n|t:|1781405433\n|move|p1a: Lokix|Leech Life|p2a: Milotic\n|-damage|p2a: Milotic|23/293\n|-heal|p1a: Lokix|109/251|[from] drain|[of] p2a: Milotic\n|-damage|p1a: Lokix|84/251|[from] item: Life Orb\n|move|p2a: Milotic|Recover|p2a: Milotic\n|-heal|p2a: Milotic|170/293\n|\n|upkeep\n|turn|15\n|\n|t:|1781405443\n|move|p1a: Lokix|Leech Life|p2a: Milotic\n|-damage|p2a: Milotic|60/293\n|-heal|p1a: Lokix|139/251|[from] drain|[of] p2a: Milotic\n|-damage|p1a: Lokix|114/251|[from] item: Life Orb\n|move|p2a: Milotic|Recover|p2a: Milotic\n|-heal|p2a: Milotic|207/293\n|\n|upkeep\n|turn|16\n|\n|t:|1781405446\n|move|p1a: Lokix|Leech Life|p2a: Milotic\n|-damage|p2a: Milotic|82/293\n|-heal|p1a: Lokix|177/251|[from] drain|[of] p2a: Milotic\n|-damage|p1a: Lokix|152/251|[from] item: Life Orb\n|move|p2a: Milotic|Scald|p1a: Lokix\n|-damage|p1a: Lokix|31/251\n|\n|upkeep\n|turn|17\n|\n|t:|1781405458\n|switch|p2a: Azumarill|Azumarill, L82, M|298/298\n|move|p1a: Lokix|Leech Life|p2a: Azumarill\n|-resisted|p2a: Azumarill\n|-damage|p2a: Azumarill|168/298\n|-heal|p1a: Lokix|96/251|[from] drain|[of] p2a: Azumarill\n|-damage|p1a: Lokix|71/251|[from] item: Life Orb\n|\n|upkeep\n|turn|18\n|\n|t:|1781405467\n|-terastallize|p1a: Lokix|Bug\n|move|p2a: Azumarill|Aqua Jet|p1a: Lokix\n|-damage|p1a: Lokix|0 fnt\n|faint|p1a: Lokix\n|\n|upkeep\n|c|\u2606Budgers|shi\n|\n|t:|1781405478\n|switch|p1a: Latias|Latias, L79, F|256/256\n|-damage|p1a: Latias|224/256|[from] Stealth Rock\n|turn|19\n|\n|t:|1781405489\n|switch|p2a: Florges|Florges-Blue, L85, F|236/271\n|move|p1a: Latias|Calm Mind|p1a: Latias\n|-boost|p1a: Latias|spa|1\n|-boost|p1a: Latias|spd|1\n|\n|-heal|p2a: Florges|252/271|[from] item: Leftovers\n|upkeep\n|turn|20\n|\n|t:|1781405508\n|move|p1a: Latias|Psyshock|p2a: Florges\n|-damage|p2a: Florges|60/271\n|move|p2a: Florges|Calm Mind|p2a: Florges\n|-boost|p2a: Florges|spa|1\n|-boost|p2a: Florges|spd|1\n|\n|-heal|p2a: Florges|76/271|[from] item: Leftovers\n|upkeep\n|turn|21\n|\n|t:|1781405513\n|move|p2a: Florges|Protect|p2a: Florges\n|-singleturn|p2a: Florges|Protect\n|move|p1a: Latias|Psyshock|p2a: Florges\n|-activate|p2a: Florges|move: Protect\n|\n|-heal|p2a: Florges|92/271|[from] item: Leftovers\n|upkeep\n|turn|22\n|\n|t:|1781405516\n|-terastallize|p2a: Florges|Steel\n|move|p1a: Latias|Psyshock|p2a: Florges\n|-resisted|p2a: Florges\n|-damage|p2a: Florges|0 fnt\n|faint|p2a: Florges\n|\n|upkeep\n|\n|t:|1781405523\n|switch|p2a: Azumarill|Azumarill, L82, M|168/298\n|turn|23\n|\n|t:|1781405525\n|move|p1a: Latias|Psyshock|p2a: Azumarill\n|-damage|p2a: Azumarill|0 fnt\n|faint|p2a: Azumarill\n|\n|upkeep\n|\n|t:|1781405532\n|switch|p2a: Vivillon|Vivillon-Ocean, L83, M|172/268\n|turn|24\n|\n|t:|1781405534\n|move|p1a: Latias|Draco Meteor|p2a: Vivillon\n|-damage|p2a: Vivillon|0 fnt\n|-unboost|p1a: Latias|spa|2\n|faint|p2a: Vivillon\n|\n|upkeep\n|\n|t:|1781405557\n|switch|p2a: Rhydon|Rhydon, L85, F|115/317\n|turn|25\n|\n|t:|1781405560\n|move|p1a: Latias|Draco Meteor|p2a: Rhydon\n|-damage|p2a: Rhydon|0 fnt\n|-unboost|p1a: Latias|spa|2\n|faint|p2a: Rhydon\n|\n|upkeep\n|\n|t:|1781405573\n|switch|p2a: Mew|Mew, L82|298/298\n|turn|26\n|\n|t:|1781405575\n|switch|p1a: Appletun|Appletun, L92, F|330/352\n|-damage|p1a: Appletun|286/352|[from] Stealth Rock\n|move|p2a: Mew|Nasty Plot|p2a: Mew\n|-boost|p2a: Mew|spa|2\n|\n|-heal|p1a: Appletun|308/352|[from] item: Leftovers\n|upkeep\n|turn|27\n|\n|t:|1781405598\n|move|p2a: Mew|Nasty Plot|p2a: Mew\n|-boost|p2a: Mew|spa|2\n|move|p1a: Appletun|Dragon Tail|p2a: Mew\n|-damage|p2a: Mew|237/298\n|drag|p2a: Milotic|Milotic, L83, F|82/293\n|\n|-heal|p1a: Appletun|330/352|[from] item: Leftovers\n|upkeep\n|turn|28\n|\n|t:|1781405606\n|move|p2a: Milotic|Ice Beam|p1a: Appletun\n|-supereffective|p1a: Appletun\n|-damage|p1a: Appletun|202/352\n|move|p1a: Appletun|Apple Acid|p2a: Milotic\n|-supereffective|p2a: Milotic\n|-damage|p2a: Milotic|0 fnt\n|faint|p2a: Milotic\n|\n|-heal|p1a: Appletun|224/352|[from] item: Leftovers\n|upkeep\n|\n|t:|1781405611\n|switch|p2a: Mew|Mew, L82|237/298\n|turn|29\n|\n|t:|1781405618\n|move|p2a: Mew|Nasty Plot|p2a: Mew\n|-boost|p2a: Mew|spa|2\n|move|p1a: Appletun|Apple Acid|p2a: Mew\n|-damage|p2a: Mew|137/298\n|-unboost|p2a: Mew|spd|1\n|\n|-heal|p1a: Appletun|246/352|[from] item: Leftovers\n|upkeep\n|turn|30\n|\n|t:|1781405624\n|move|p2a: Mew|Bug Buzz|p1a: Appletun\n|-supereffective|p1a: Appletun\n|-damage|p1a: Appletun|0 fnt\n|faint|p1a: Appletun\n|-damage|p2a: Mew|108/298|[from] item: Life Orb\n|\n|upkeep\n|\n|t:|1781405626\n|switch|p1a: Latias|Latias, L79, F|224/256\n|-damage|p1a: Latias|192/256|[from] Stealth Rock\n|turn|31\n|\n|t:|1781405629\n|move|p1a: Latias|Draco Meteor|p2a: Mew\n|-damage|p2a: Mew|0 fnt\n|-unboost|p1a: Latias|spa|2\n|faint|p2a: Mew\n|\n|win|Budgers\n", "inputlog": ">version a8376a258c1d4662feba110a92103f3664a72141\n>start {\"formatid\":\"gen9randombattle\",\"seed\":\"sodium,3fbbdc6eac4022dd05d628405c0a780e\",\"rated\":\"Rated battle\"}\n>player p1 {\"name\":\"Budgers\",\"avatar\":\"169\",\"rating\":1965,\"seed\":\"sodium,21866a1beffe559024cad0546dae45ca\"}\n>player p2 {\"name\":\"Jefejenaro\",\"avatar\":\"wallace\",\"rating\":1979,\"seed\":\"sodium,75edfdfcdfc11719250c368b130c03fe\"}\n>p1 switch 3\n>p2 switch 2\n>p1 move dragontail\n>p2 switch 3\n>p1 switch 5\n>p2 move moonblast\n>p1 move sacredfire\n>p2 switch 6\n>p1 switch 3\n>p2 move scald\n>p1 move voltswitch\n>p2 switch 3\n>p1 move highhorsepower\n>p2 move stealthrock\n>p1 move highhorsepower\n>p2 move earthquake\n>p1 switch 5\n>p1 move appleacid\n>p2 switch 6\n>p1 switch 3\n>p2 move moonblast\n>p1 move bravebird\n>p2 switch 3\n>p1 switch 6\n>p2 move recover\n>p1 move knockoff\n>p2 move scald\n>p1 move leechlife\n>p2 move recover\n>p1 move leechlife\n>p2 move recover\n>p1 move leechlife\n>p2 move scald\n>p1 move leechlife\n>p2 switch 2\n>p1 move leechlife terastallize\n>p2 move aquajet\n>chat \u2606Budgers|shi\n>p1 switch 2\n>p1 move calmmind\n>p2 switch 3\n>p1 move psyshock\n>p2 move calmmind\n>p1 move psyshock\n>p2 move protect\n>p1 move psyshock\n>p2 move moonblast terastallize\n>p2 switch 3\n>p1 move psyshock\n>p2 move playrough\n>p2 switch 4\n>p1 move dracometeor\n>p2 move sleeppowder\n>p2 switch 6\n>p1 move dracometeor\n>p2 move megahorn\n>p2 switch 5\n>p1 switch 3\n>p2 move nastyplot\n>p1 move dragontail\n>p2 move nastyplot\n>p1 move appleacid\n>p2 move icebeam\n>p2 switch 2\n>p1 move appleacid\n>p2 move nastyplot\n>p1 move dragonpulse\n>p2 move bugbuzz\n>p1 switch 3\n>p1 move dracometeor\n>p2 move bugbuzz", "uploadtime": 1781405322, "views": 4, "formatid": "gen9randombattle", "rating": null, "private": 0, "password": null}